  <div class='ocr_page' id='page_1' title='image "/cluster/home/n/w/nwhite01/storage/ocr_20150623/118/mdp.39015078384297/610.png"; bbox 0 0 4072 6266; ppageno 0'>
   <div class='ocr_carea' id='block_1_1' title="bbox 318 303 472 365">
    <p class='ocr_par' dir='ltr' id='par_1_1' title="bbox 318 303 472 365">
     <span class='ocr_line' id='line_1_1' title="bbox 318 303 472 365; baseline -0.013 0"><span class='ocrx_word' id='word_1_1' title='bbox 318 304 346 365; x_wconf 97' lang='grc'><strong>1</strong></span> <span class='ocrx_word' id='word_1_2' title='bbox 357 303 472 363; x_wconf 76' lang='lat'>205</span> 
     </span>
    </p>
   </div>
   <div class='ocr_carea' id='block_1_2' title="bbox 1379 298 2681 368">
    <p class='ocr_par' dir='ltr' id='par_1_2' title="bbox 1379 298 2681 368">
     <span class='ocr_line' id='line_1_2' title="bbox 1379 298 2681 368; baseline 0.006 -9"><span class='ocrx_word' id='word_1_3' title='bbox 1379 298 1782 360; x_wconf 75' lang='lat' dir='ltr'>CO\1MENT.</span> <span class='ocrx_word' id='word_1_4' title='bbox 1830 300 1906 358; x_wconf 80' lang='lat' dir='ltr'>IN</span> <span class='ocrx_word' id='word_1_5' title='bbox 1954 300 2201 362; x_wconf 80' lang='lat' dir='ltr'>EPIST.</span> <span class='ocrx_word' id='word_1_6' title='bbox 2251 308 2355 365; x_wconf 73' lang='lat' dir='ltr'>AD</span> <span class='ocrx_word' id='word_1_7' title='bbox 2403 308 2681 368; x_wconf 76' lang='lat' dir='ltr'>EPHES.</span> 
     </span>
    </p>
   </div>
   <div class='ocr_carea' id='block_1_3' title="bbox 3583 310 3738 371">
    <p class='ocr_par' dir='ltr' id='par_1_3' title="bbox 3583 310 3738 371">
     <span class='ocr_line' id='line_1_3' title="bbox 3583 310 3738 371; baseline 0.006 -1"><span class='ocrx_word' id='word_1_8' title='bbox 3583 312 3608 370; x_wconf 78' lang='grc'><strong>1</strong></span> <span class='ocrx_word' id='word_1_9' title='bbox 3622 310 3738 371; x_wconf 74' lang='grc'>206</span> 
     </span>
    </p>
   </div>
   <div class='ocr_carea' id='block_1_4' title="bbox 316 432 1958 517">
    <p class='ocr_par' dir='ltr' id='par_1_4' title="bbox 316 432 1958 513">
     <span class='ocr_line' id='line_1_4' title="bbox 316 432 1958 513; baseline -0.004 -18"><span class='ocrx_word' id='word_1_10' title='bbox 316 438 727 513; x_wconf 75' lang='grc' dir='ltr'>ἀνεξιχνίαστός</span> <span class='ocrx_word' id='word_1_11' title='bbox 788 436 922 504; x_wconf 79' lang='grc' dir='ltr'>ἐστι,</span> <span class='ocrx_word' id='word_1_12' title='bbox 981 439 1033 492; x_wconf 89' lang='grc' dir='ltr'>τί</span> <span class='ocrx_word' id='word_1_13' title='bbox 1096 435 1176 493; x_wconf 88' lang='grc' dir='ltr'>δεῖ</span> <span class='ocrx_word' id='word_1_14' title='bbox 1234 437 1357 510; x_wconf 77' lang='grc' dir='ltr'>περὶ</span> <span class='ocrx_word' id='word_1_15' title='bbox 1404 442 1506 505; x_wconf 82' lang='grc' dir='ltr'>τῆς</span> <span class='ocrx_word' id='word_1_16' title='bbox 1564 432 1747 496; x_wconf 85' lang='grc' dir='ltr'>οὐσίας</span> <span class='ocrx_word' id='word_1_17' title='bbox 1807 434 1958 491; x_wconf 78' lang='grc' dir='ltr'>αὐτοί</span> 
     </span>
    </p>
   </div>
   <div class='ocr_carea' id='block_1_5' title="bbox 2072 432 3735 517">
    <p class='ocr_par' dir='ltr' id='par_1_5' title="bbox 2081 441 3735 517">
     <span class='ocr_line' id='line_1_5' title="bbox 2081 441 3735 517; baseline 0.005 -21"><span class='ocrx_word' id='word_1_18' title='bbox 2081 441 2373 509; x_wconf 79' lang='lat' dir='ltr'>gentibus.</span> <span class='ocrx_word' id='word_1_19' title='bbox 2410 466 2437 493; x_wconf 87' lang='grc'>‹‹</span> <span class='ocrx_word' id='word_1_20' title='bbox 2470 445 3041 517; x_wconf 80' lang='lat' dir='ltr'>lmpervestigabiles</span> <span class='ocrx_word' id='word_1_21' title='bbox 3072 446 3329 501; x_wconf 79' lang='lat' dir='ltr'>divitias.</span> <span class='ocrx_word' id='word_1_22' title='bbox 3370 469 3395 494; x_wconf 88' lang='grc'>››</span> <span class='ocrx_word' id='word_1_23' title='bbox 3429 445 3485 504; x_wconf 89' lang='lat' dir='ltr'>Si</span> <span class='ocrx_word' id='word_1_24' title='bbox 3519 446 3735 504; x_wconf 69' lang='lat' dir='ltr'>divitias</span> 
     </span>
    </p>
   </div>
   <div class='ocr_carea' id='block_1_6' title="bbox 317 524 1967 608">
    <p class='ocr_par' dir='ltr' id='par_1_6' title="bbox 317 524 1967 608">
     <span class='ocr_line' id='line_1_6' title="bbox 317 524 1967 608; baseline -0.004 -27"><span class='ocrx_word' id='word_1_25' title='bbox 317 528 789 608; x_wconf 75' lang='grc' dir='ltr'>φιλοπραγμονεῖν</span> <span class='ocrx_word' id='word_1_26' title='bbox 819 556 832 595; x_wconf 73' lang='grc' dir='ltr'>ς</span> <span class='ocrx_word' id='word_1_27' title='bbox 866 551 893 577; x_wconf 90' lang='grc'>‹‹</span> <span class='ocrx_word' id='word_1_28' title='bbox 925 527 1019 589; x_wconf 85' lang='grc' dir='ltr'>Τίς</span> <span class='ocrx_word' id='word_1_29' title='bbox 1049 530 1082 595; x_wconf 82' lang='grc' dir='ltr'>ἡ</span> <span class='ocrx_word' id='word_1_30' title='bbox 1117 526 1407 598; x_wconf 81' lang='grc' dir='ltr'>οίκονομία</span> <span class='ocrx_word' id='word_1_31' title='bbox 1436 529 1533 579; x_wconf 87' lang='grc' dir='ltr'>τοῦ</span> <span class='ocrx_word' id='word_1_32' title='bbox 1569 524 1894 598; x_wconf 82' lang='grc' dir='ltr'>μυστηρίου.</span> <span class='ocrx_word' id='word_1_33' title='bbox 1940 548 1967 575; x_wconf 75' lang='lat' dir='ltr'>n</span> 
     </span>
    </p>
   </div>
   <div class='ocr_carea' id='block_1_7' title="bbox 316 609 1971 692">
    <p class='ocr_par' dir='ltr' id='par_1_7' title="bbox 316 609 1971 692">
     <span class='ocr_line' id='line_1_7' title="bbox 316 609 1971 692; baseline -0.004 -20"><span class='ocrx_word' id='word_1_34' title='bbox 316 620 436 672; x_wconf 80' lang='grc' dir='ltr'>Ὀτι</span> <span class='ocrx_word' id='word_1_35' title='bbox 474 619 566 691; x_wconf 69' lang='grc' dir='ltr'>μὲν</span> <span class='ocrx_word' id='word_1_36' title='bbox 595 619 695 692; x_wconf 67' lang='grc' dir='ltr'>γὰρ</span> <span class='ocrx_word' id='word_1_37' title='bbox 728 616 1063 684; x_wconf 61' lang='grc' dir='ltr'>κληθήσεται</span> <span class='ocrx_word' id='word_1_38' title='bbox 1095 616 1162 669; x_wconf 77' lang='grc' dir='ltr'>τα</span> <span class='ocrx_word' id='word_1_39' title='bbox 1195 613 1343 684; x_wconf 71' lang='grc' dir='ltr'>ἔθνη,</span> <span class='ocrx_word' id='word_1_40' title='bbox 1402 609 1621 687; x_wconf 72' lang='grc' dir='ltr'>ᾔδεισαν</span> <span class='ocrx_word' id='word_1_41' title='bbox 1682 632 1824 671; x_wconf 78' lang='grc' dir='ltr'>τινες</span> <span class='ocrx_word' id='word_1_42' title='bbox 1884 610 1971 666; x_wconf 82' lang='grc' dir='ltr'>διὰ</span> 
     </span>
    </p>
   </div>
   <div class='ocr_carea' id='block_1_8' title="bbox 316 702 1970 781">
    <p class='ocr_par' dir='ltr' id='par_1_8' title="bbox 316 702 1970 781">
     <span class='ocr_line' id='line_1_8' title="bbox 316 702 1970 781; baseline -0.005 -17"><span class='ocrx_word' id='word_1_43' title='bbox 316 713 414 764; x_wconf 89' lang='grc' dir='ltr'>τοῦ</span> <span class='ocrx_word' id='word_1_44' title='bbox 440 708 767 781; x_wconf 66' lang='grc' dir='ltr'>πνεὸμστος.</span> <span class='ocrx_word' id='word_1_45' title='bbox 800 709 925 763; x_wconf 78' lang='grc' dir='ltr'>’Ὁτι</span> <span class='ocrx_word' id='word_1_46' title='bbox 954 703 1012 759; x_wconf 70' lang='grc' dir='ltr'>δὲ</span> <span class='ocrx_word' id='word_1_47' title='bbox 1044 705 1130 761; x_wconf 76' lang='grc' dir='ltr'>ἐπὶ</span> <span class='ocrx_word' id='word_1_48' title='bbox 1188 704 1463 767; x_wconf 74' lang='grc' dir='ltr'>τοιούτοις</span> <span class='ocrx_word' id='word_1_49' title='bbox 1518 702 1657 759; x_wconf 79' lang='grc' dir='ltr'>ὥστε</span> <span class='ocrx_word' id='word_1_50' title='bbox 1711 703 1970 778; x_wconf 64' lang='grc' dir='ltr'>ἀναρχήν</span> 
     </span>
    </p>
   </div>
   <div class='ocr_carea' id='block_1_9' title="bbox 318 791 1969 870">
    <p class='ocr_par' dir='ltr' id='par_1_9' title="bbox 318 791 1969 870">
     <span class='ocr_line' id='line_1_9' title="bbox 364 791 1901 815; baseline -0.004 0"><span class='ocrx_word' id='word_1_51' title='bbox 364 798 375 815; x_wconf 72' lang='lat'><strong>9</strong></span> <span class='ocrx_word' id='word_1_52' title='bbox 427 803 454 813; x_wconf 75' lang='grc' dir='ltr'>-ιρ</span> <span class='ocrx_word' id='word_1_53' title='bbox 635 797 643 814; x_wconf 78' lang='grc' dir='ltr'>ι</span> <span class='ocrx_word' id='word_1_54' title='bbox 846 798 856 809; x_wconf 69' lang='grc' dir='ltr'>ι</span> <span class='ocrx_word' id='word_1_55' title='bbox 1006 796 1017 810; x_wconf 67' lang='grc' dir='ltr'>ε</span> <span class='ocrx_word' id='word_1_56' title='bbox 1158 795 1169 811; x_wconf 80' lang='grc' dir='ltr'>ι</span> <span class='ocrx_word' id='word_1_57' title='bbox 1381 793 1393 811; x_wconf 69' lang='grc'><strong>9</strong></span> <span class='ocrx_word' id='word_1_58' title='bbox 1510 791 1557 811; x_wconf 70' lang='lat'><strong><em>\\</em></strong></span> <span class='ocrx_word' id='word_1_59' title='bbox 1821 796 1836 815; x_wconf 62' lang='grc' dir='ltr'><strong>η</strong></span> <span class='ocrx_word' id='word_1_60' title='bbox 1876 796 1901 808; x_wconf 61' lang='grc' dir='ltr'><strong>υ</strong></span> 
     </span>
     <span class='ocr_line' id='line_1_10' title="bbox 318 794 1969 870; baseline -0.005 -17"><span class='ocrx_word' id='word_1_61' title='bbox 318 820 497 853; x_wconf 81' lang='grc' dir='ltr'>αυτων</span> <span class='ocrx_word' id='word_1_62' title='bbox 530 808 776 870; x_wconf 81' lang='grc' dir='ltr'>γενεσθαι</span> <span class='ocrx_word' id='word_1_63' title='bbox 806 817 896 849; x_wconf 89' lang='grc' dir='ltr'>τον</span> <span class='ocrx_word' id='word_1_64' title='bbox 931 802 1061 850; x_wconf 88' lang='grc' dir='ltr'>Θεον</span> <span class='ocrx_word' id='word_1_65' title='bbox 1096 804 1290 867; x_wconf 83' lang='grc' dir='ltr'>Λογον,</span> <span class='ocrx_word' id='word_1_66' title='bbox 1338 815 1437 848; x_wconf 87' lang='grc' dir='ltr'>ουκ</span> <span class='ocrx_word' id='word_1_67' title='bbox 1488 794 1730 867; x_wconf 68' lang='grc' dir='ltr'>ῂοεισαν.</span> <span class='ocrx_word' id='word_1_68' title='bbox 1792 796 1969 849; x_wconf 85' lang='grc' dir='ltr'>Ἰουτο</span> 
     </span>
    </p>
   </div>
   <div class='ocr_carea' id='block_1_10' title="bbox 317 882 1967 967">
    <p class='ocr_par' dir='ltr' id='par_1_10' title="bbox 317 882 1967 967">
     <span class='ocr_line' id='line_1_11' title="bbox 317 882 1967 967; baseline -0.005 -26"><span class='ocrx_word' id='word_1_69' title='bbox 317 888 433 949; x_wconf 81' lang='grc' dir='ltr'>οῦν,</span> <span class='ocrx_word' id='word_1_70' title='bbox 491 886 647 967; x_wconf 67' lang='grc' dir='ltr'>φησὶ,</span> <span class='ocrx_word' id='word_1_71' title='bbox 702 888 999 959; x_wconf 70' lang='grc' dir='ltr'>μυστήριον</span> <span class='ocrx_word' id='word_1_72' title='bbox 1050 882 1558 957; x_wconf 68' lang='grc' dir='ltr'>ἀποκεκρυμμένον.</span> <span class='ocrx_word' id='word_1_73' title='bbox 1614 906 1639 931; x_wconf 74' lang='grc' dir='ltr'>α</span> <span class='ocrx_word' id='word_1_74' title='bbox 1674 882 1813 937; x_wconf 82' lang='grc' dir='ltr'>Ἀπὸ</span> <span class='ocrx_word' id='word_1_75' title='bbox 1860 885 1967 937; x_wconf 82' lang='grc' dir='ltr'>τῶν</span> 
     </span>
    </p>
   </div>
   <div class='ocr_carea' id='block_1_11' title="bbox 316 964 1966 1049">
    <p class='ocr_par' dir='ltr' id='par_1_11' title="bbox 316 964 1966 1049">
     <span class='ocr_line' id='line_1_12' title="bbox 316 964 1966 1049; baseline -0.007 -16"><span class='ocrx_word' id='word_1_76' title='bbox 316 977 550 1033; x_wconf 74' lang='grc' dir='ltr'>αἰώνων.</span> <span class='ocrx_word' id='word_1_77' title='bbox 588 1001 615 1027; x_wconf 84' lang='lat'><strong>»</strong></span> <span class='ocrx_word' id='word_1_78' title='bbox 650 978 810 1029; x_wconf 79' lang='grc' dir='ltr'>Ὥστε</span> <span class='ocrx_word' id='word_1_79' title='bbox 840 975 901 1028; x_wconf 75' lang='grc' dir='ltr'>οὐ</span> <span class='ocrx_word' id='word_1_80' title='bbox 965 976 1151 1049; x_wconf 80' lang='grc' dir='ltr'>νεαρόν</span> <span class='ocrx_word' id='word_1_81' title='bbox 1212 973 1321 1027; x_wconf 73' lang='grc' dir='ltr'>ἐστι</span> <span class='ocrx_word' id='word_1_82' title='bbox 1389 973 1451 1025; x_wconf 86' lang='grc' dir='ltr'>τὸ</span> <span class='ocrx_word' id='word_1_83' title='bbox 1508 972 1645 1027; x_wconf 82' lang='grc' dir='ltr'>κατὰ</span> <span class='ocrx_word' id='word_1_84' title='bbox 1700 971 1763 1025; x_wconf 74' lang='grc' dir='ltr'>τὸ</span> <span class='ocrx_word' id='word_1_85' title='bbox 1816 964 1966 1041; x_wconf 74' lang='grc' dir='ltr'>ἔθνη,</span> 
     </span>
    </p>
   </div>
   <div class='ocr_carea' id='block_1_12' title="bbox 315 1058 1970 1137">
    <p class='ocr_par' dir='ltr' id='par_1_12' title="bbox 315 1058 1970 1137">
     <span class='ocr_line' id='line_1_13' title="bbox 315 1058 1970 1137; baseline -0.005 -15"><span class='ocrx_word' id='word_1_86' title='bbox 315 1064 444 1122; x_wconf 86' lang='grc' dir='ltr'>ἀλλ’</span> <span class='ocrx_word' id='word_1_87' title='bbox 477 1066 673 1119; x_wconf 81' lang='grc' dir='ltr'>ἃνωθεν</span> <span class='ocrx_word' id='word_1_88' title='bbox 717 1062 951 1119; x_wconf 64' lang='grc' dir='ltr'>ἐδέδοτο.</span> <span class='ocrx_word' id='word_1_89' title='bbox 990 1063 1234 1122; x_wconf 78' lang='grc' dir='ltr'>Εἰκότως</span> <span class='ocrx_word' id='word_1_90' title='bbox 1290 1058 1348 1116; x_wconf 76' lang='grc' dir='ltr'>δὶ</span> <span class='ocrx_word' id='word_1_91' title='bbox 1376 1065 1535 1116; x_wconf 83' lang='grc' dir='ltr'>πᾶσιν</span> <span class='ocrx_word' id='word_1_92' title='bbox 1586 1059 1860 1137; x_wconf 74' lang='grc' dir='ltr'>ἄγνωστον</span> <span class='ocrx_word' id='word_1_93' title='bbox 1904 1060 1970 1128; x_wconf 76' lang='grc' dir='ltr'>ἦν</span> 
     </span>
    </p>
   </div>
   <div class='ocr_carea' id='block_1_13' title="bbox 315 1147 1970 1223">
    <p class='ocr_par' dir='ltr' id='par_1_13' title="bbox 315 1147 1970 1223">
     <span class='ocr_line' id='line_1_14' title="bbox 315 1147 1970 1223; baseline -0.007 -10"><span class='ocrx_word' id='word_1_94' title='bbox 315 1157 400 1213; x_wconf 86' lang='grc' dir='ltr'>’ὁτι</span> <span class='ocrx_word' id='word_1_95' title='bbox 436 1157 503 1210; x_wconf 69' lang='grc' dir='ltr'>τα</span> <span class='ocrx_word' id='word_1_96' title='bbox 533 1153 658 1223; x_wconf 76' lang='grc' dir='ltr'>ἔθνη</span> <span class='ocrx_word' id='word_1_97' title='bbox 702 1153 971 1209; x_wconf 70' lang='grc' dir='ltr'>τοιούτων</span> <span class='ocrx_word' id='word_1_98' title='bbox 1031 1153 1444 1222; x_wconf 66' lang='grc' dir='ltr'>ἀξιωθήσονται.</span> <span class='ocrx_word' id='word_1_99' title='bbox 1502 1150 1565 1206; x_wconf 83' lang='grc' dir='ltr'>Εἰ</span> <span class='ocrx_word' id='word_1_100' title='bbox 1619 1150 1724 1223; x_wconf 81' lang='grc' dir='ltr'>γὰρ</span> <span class='ocrx_word' id='word_1_101' title='bbox 1782 1147 1834 1203; x_wconf 82' lang='grc' dir='ltr'>ἐν</span> <span class='ocrx_word' id='word_1_102' title='bbox 1892 1152 1970 1217; x_wconf 80' lang='grc' dir='ltr'>τῷ</span> 
     </span>
    </p>
   </div>
   <div class='ocr_carea' id='block_1_14' title="bbox 315 1237 1968 1318">
    <p class='ocr_par' dir='ltr' id='par_1_14' title="bbox 315 1237 1968 1318">
     <span class='ocr_line' id='line_1_15' title="bbox 315 1237 1968 1318; baseline -0.006 -17"><span class='ocrx_word' id='word_1_103' title='bbox 315 1249 433 1317; x_wconf 87' lang='grc' dir='ltr'>Θεῷ</span> <span class='ocrx_word' id='word_1_104' title='bbox 476 1246 793 1318; x_wconf 72' lang='grc' dir='ltr'>ἐκεκρυπτο,</span> <span class='ocrx_word' id='word_1_105' title='bbox 850 1242 931 1303; x_wconf 88' lang='grc' dir='ltr'>τίς</span> <span class='ocrx_word' id='word_1_106' title='bbox 986 1242 1052 1310; x_wconf 75' lang='grc' dir='ltr'>ἦν</span> <span class='ocrx_word' id='word_1_107' title='bbox 1108 1242 1136 1295; x_wconf 97' lang='lat'>6</span> <span class='ocrx_word' id='word_1_108' title='bbox 1197 1240 1639 1304; x_wconf 75' lang='grc' dir='ltr'>ἀποκαλύπτωνς</span> <span class='ocrx_word' id='word_1_109' title='bbox 1696 1264 1721 1288; x_wconf 87' lang='grc'>‹‹</span> <span class='ocrx_word' id='word_1_110' title='bbox 1757 1239 1844 1309; x_wconf 83' lang='grc' dir='ltr'>Τῷ</span> <span class='ocrx_word' id='word_1_111' title='bbox 1902 1237 1968 1292; x_wconf 81' lang='grc' dir='ltr'>τὰ</span> 
     </span>
    </p>
   </div>
   <div class='ocr_carea' id='block_1_15' title="bbox 316 1326 1966 1407">
    <p class='ocr_par' dir='ltr' id='par_1_15' title="bbox 316 1326 1966 1407">
     <span class='ocr_line' id='line_1_16' title="bbox 316 1326 1966 1407; baseline -0.005 -19"><span class='ocrx_word' id='word_1_112' title='bbox 316 1335 487 1389; x_wconf 77' lang='grc' dir='ltr'>πάντα</span> <span class='ocrx_word' id='word_1_113' title='bbox 517 1334 777 1387; x_wconf 82' lang='grc' dir='ltr'>κτίσαντι.</span> <span class='ocrx_word' id='word_1_114' title='bbox 840 1354 868 1381; x_wconf 84' lang='lat'>»</span> <span class='ocrx_word' id='word_1_115' title='bbox 922 1332 982 1388; x_wconf 78' lang='grc' dir='ltr'><strong>Ὀ</strong></span> <span class='ocrx_word' id='word_1_116' title='bbox 1042 1332 1143 1407; x_wconf 68' lang='grc' dir='ltr'>γὰρ</span> <span class='ocrx_word' id='word_1_117' title='bbox 1204 1333 1377 1384; x_wconf 71' lang='grc' dir='ltr'>πάντα</span> <span class='ocrx_word' id='word_1_118' title='bbox 1433 1327 1502 1383; x_wconf 88' lang='grc' dir='ltr'>δι’</span> <span class='ocrx_word' id='word_1_119' title='bbox 1562 1326 1725 1383; x_wconf 85' lang='grc' dir='ltr'>αὐτοῦ</span> <span class='ocrx_word' id='word_1_120' title='bbox 1782 1327 1966 1386; x_wconf 65' lang='grc' dir='ltr'>κτίςας</span> 
     </span>
    </p>
   </div>
   <div class='ocr_carea' id='block_1_16' title="bbox 317 1417 1544 1497">
    <p class='ocr_par' dir='ltr' id='par_1_16' title="bbox 317 1417 1544 1497">
     <span class='ocr_line' id='line_1_17' title="bbox 317 1417 1544 1497; baseline -0.007 -17"><span class='ocrx_word' id='word_1_121' title='bbox 317 1424 527 1497; x_wconf 73' lang='grc' dir='ltr'>Πατὴρ,</span> <span class='ocrx_word' id='word_1_122' title='bbox 559 1423 648 1477; x_wconf 83' lang='grc' dir='ltr'>καὶ</span> <span class='ocrx_word' id='word_1_123' title='bbox 681 1426 843 1476; x_wconf 81' lang='grc' dir='ltr'>τοῦτο</span> <span class='ocrx_word' id='word_1_124' title='bbox 875 1417 944 1475; x_wconf 85' lang='grc' dir='ltr'>δι’</span> <span class='ocrx_word' id='word_1_125' title='bbox 976 1418 1143 1474; x_wconf 85' lang='grc' dir='ltr'>αὐτοῦ</span> <span class='ocrx_word' id='word_1_126' title='bbox 1184 1417 1544 1491; x_wconf 74' lang='grc' dir='ltr'>ἀπεκάλυψεν.</span> 
     </span>
    </p>
   </div>
   <div class='ocr_carea' id='block_1_17' title="bbox 2081 529 3736 607">
    <p class='ocr_par' dir='ltr' id='par_1_17' title="bbox 2081 529 3736 607">
     <span class='ocr_line' id='line_1_18' title="bbox 2081 529 3736 607; baseline 0.006 -24"><span class='ocrx_word' id='word_1_127' title='bbox 2081 529 2266 600; x_wconf 84' lang='lat' dir='ltr'>ipsius</span> <span class='ocrx_word' id='word_1_128' title='bbox 2300 538 2437 586; x_wconf 89' lang='lat' dir='ltr'>sunt</span> <span class='ocrx_word' id='word_1_129' title='bbox 2468 533 3068 607; x_wconf 68' lang='lat' dir='ltr'>impervestigabiles.</span> <span class='ocrx_word' id='word_1_130' title='bbox 3107 534 3250 605; x_wconf 92' lang='lat' dir='ltr'>quid</span> <span class='ocrx_word' id='word_1_131' title='bbox 3298 542 3528 606; x_wconf 87' lang='lat' dir='ltr'>oportet</span> <span class='ocrx_word' id='word_1_132' title='bbox 3579 537 3736 593; x_wconf 89' lang='lat' dir='ltr'>circa</span> 
     </span>
    </p>
   </div>
   <div class='ocr_carea' id='block_1_18' title="bbox 2083 618 3729 695">
    <p class='ocr_par' dir='ltr' id='par_1_18' title="bbox 2083 618 3729 695">
     <span class='ocr_line' id='line_1_19' title="bbox 2083 618 3729 695; baseline 0.005 -24"><span class='ocrx_word' id='word_1_133' title='bbox 2083 618 2209 688; x_wconf 76' lang='lat' dir='ltr'>ejus</span> <span class='ocrx_word' id='word_1_134' title='bbox 2242 623 2560 677; x_wconf 90' lang='lat' dir='ltr'>essentiam</span> <span class='ocrx_word' id='word_1_135' title='bbox 2594 624 2896 677; x_wconf 86' lang='lat' dir='ltr'>curiosum</span> <span class='ocrx_word' id='word_1_136' title='bbox 2930 623 3102 678; x_wconf 73' lang='lat' dir='ltr'>esse?</span> <span class='ocrx_word' id='word_1_137' title='bbox 3134 646 3162 671; x_wconf 84' lang='lat'><strong><em>«</em></strong></span> <span class='ocrx_word' id='word_1_138' title='bbox 3193 624 3330 688; x_wconf 65' lang='lat' dir='ltr'>Qua:</span> <span class='ocrx_word' id='word_1_139' title='bbox 3365 626 3441 677; x_wconf 94' lang='lat' dir='ltr'>sit</span> <span class='ocrx_word' id='word_1_140' title='bbox 3486 625 3729 695; x_wconf 41' lang='lat' dir='ltr'>dispen‘</span> 
     </span>
    </p>
   </div>
   <div class='ocr_carea' id='block_1_19' title="bbox 2083 708 3733 783">
    <p class='ocr_par' dir='ltr' id='par_1_19' title="bbox 2083 708 3733 783">
     <span class='ocr_line' id='line_1_20' title="bbox 2083 708 3733 783; baseline 0.006 -23"><span class='ocrx_word' id='word_1_141' title='bbox 2083 708 2230 761; x_wconf 86' lang='lat' dir='ltr'>satio</span> <span class='ocrx_word' id='word_1_142' title='bbox 2265 712 2551 780; x_wconf 87' lang='lat' dir='ltr'>mysterii.</span> <span class='ocrx_word' id='word_1_143' title='bbox 2587 731 2611 760; x_wconf 74' lang='grc' dir='ltr'>ι</span> <span class='ocrx_word' id='word_1_144' title='bbox 2653 712 2954 781; x_wconf 82' lang='lat' dir='ltr'>Siquidem</span> <span class='ocrx_word' id='word_1_145' title='bbox 2998 712 3154 783; x_wconf 90' lang='lat' dir='ltr'>quod</span> <span class='ocrx_word' id='word_1_146' title='bbox 3205 714 3478 768; x_wconf 75' lang='lat' dir='ltr'>vocandm</span> <span class='ocrx_word' id='word_1_147' title='bbox 3535 721 3733 771; x_wconf 80' lang='lat' dir='ltr'>essent</span> 
     </span>
    </p>
   </div>
   <div class='ocr_carea' id='block_1_20' title="bbox 2079 800 3729 871">
    <p class='ocr_par' dir='ltr' id='par_1_20' title="bbox 2079 800 3729 871">
     <span class='ocr_line' id='line_1_21' title="bbox 2079 800 3729 871; baseline 0.006 -22"><span class='ocrx_word' id='word_1_148' title='bbox 2079 801 2283 861; x_wconf 79' lang='lat' dir='ltr'>gentes</span> <span class='ocrx_word' id='word_1_149' title='bbox 2316 805 2601 853; x_wconf 88' lang='lat' dir='ltr'>noverant</span> <span class='ocrx_word' id='word_1_150' title='bbox 2625 800 2809 870; x_wconf 80' lang='lat' dir='ltr'>aliqui</span> <span class='ocrx_word' id='word_1_151' title='bbox 2845 817 2947 871; x_wconf 91' lang='lat' dir='ltr'>per</span> <span class='ocrx_word' id='word_1_152' title='bbox 2978 801 3248 871; x_wconf 80' lang='lat' dir='ltr'>spiritum</span> <span class='ocrx_word' id='word_1_153' title='bbox 3278 817 3291 855; x_wconf 90' lang='lat'><strong>:</strong></span> <span class='ocrx_word' id='word_1_154' title='bbox 3326 802 3484 871; x_wconf 82' lang='lat' dir='ltr'>quod</span> <span class='ocrx_word' id='word_1_155' title='bbox 3534 811 3729 859; x_wconf 89' lang='lat' dir='ltr'>autem</span> 
     </span>
    </p>
   </div>
   <div class='ocr_carea' id='block_1_21' title="bbox 2080 884 3731 960">
    <p class='ocr_par' dir='ltr' id='par_1_21' title="bbox 2080 884 3731 960">
     <span class='ocr_line' id='line_1_22' title="bbox 2080 884 3731 960; baseline 0.006 -23"><span class='ocrx_word' id='word_1_156' title='bbox 2080 884 2154 938; x_wconf 89' lang='lat' dir='ltr'>ad</span> <span class='ocrx_word' id='word_1_157' title='bbox 2175 885 2314 941; x_wconf 89' lang='lat' dir='ltr'>talia</span> <span class='ocrx_word' id='word_1_158' title='bbox 2353 894 2417 941; x_wconf 90' lang='lat' dir='ltr'>ut</span> <span class='ocrx_word' id='word_1_159' title='bbox 2447 888 2710 959; x_wconf 87' lang='lat' dir='ltr'>ipsarum</span> <span class='ocrx_word' id='word_1_160' title='bbox 2741 889 3020 960; x_wconf 79' lang='lat' dir='ltr'>primitim</span> <span class='ocrx_word' id='word_1_161' title='bbox 3055 890 3223 943; x_wconf 81' lang='lat' dir='ltr'>ﬁeret</span> <span class='ocrx_word' id='word_1_162' title='bbox 3252 890 3407 945; x_wconf 91' lang='lat' dir='ltr'>Deus</span> <span class='ocrx_word' id='word_1_163' title='bbox 3465 893 3731 957; x_wconf 73' lang='lat' dir='ltr'>verbum.</span> 
     </span>
    </p>
   </div>
   <div class='ocr_carea' id='block_1_22' title="bbox 2082 978 3733 1050">
    <p class='ocr_par' dir='ltr' id='par_1_22' title="bbox 2082 978 3733 1050">
     <span class='ocr_line' id='line_1_23' title="bbox 2082 978 3733 1050; baseline 0.006 -23"><span class='ocrx_word' id='word_1_164' title='bbox 2082 988 2201 1027; x_wconf 89' lang='lat' dir='ltr'>non</span> <span class='ocrx_word' id='word_1_165' title='bbox 2236 982 2539 1030; x_wconf 88' lang='lat' dir='ltr'>noverant.</span> <span class='ocrx_word' id='word_1_166' title='bbox 2576 978 2692 1032; x_wconf 88' lang='lat' dir='ltr'>Hoc</span> <span class='ocrx_word' id='word_1_167' title='bbox 2724 978 2903 1049; x_wconf 84' lang='lat' dir='ltr'>igitur</span> <span class='ocrx_word' id='word_1_168' title='bbox 2933 978 3077 1032; x_wconf 86' lang='lat' dir='ltr'>dicit</span> <span class='ocrx_word' id='word_1_169' title='bbox 3108 980 3455 1050; x_wconf 87' lang='lat' dir='ltr'>mysterium</span> <span class='ocrx_word' id='word_1_170' title='bbox 3502 981 3733 1037; x_wconf 63' lang='grc' dir='ltr'>γενειᾶν</span> 
     </span>
    </p>
   </div>
   <div class='ocr_carea' id='block_1_23' title="bbox 2085 1065 3739 1139">
    <p class='ocr_par' dir='ltr' id='par_1_23' title="bbox 2085 1065 3739 1139">
     <span class='ocr_line' id='line_1_24' title="bbox 2085 1065 3739 1139; baseline 0.005 -23"><span class='ocrx_word' id='word_1_171' title='bbox 2085 1065 2227 1117; x_wconf 87' lang='lat' dir='ltr'>tum.</span> <span class='ocrx_word' id='word_1_172' title='bbox 2263 1084 2291 1111; x_wconf 85' lang='lat'><strong><em>«</em></strong></span> <span class='ocrx_word' id='word_1_173' title='bbox 2326 1066 2370 1118; x_wconf 84' lang='lat' dir='ltr'><strong>A</strong></span> <span class='ocrx_word' id='word_1_174' title='bbox 2398 1065 2647 1119; x_wconf 69' lang='lat' dir='ltr'>saeculis.</span> <span class='ocrx_word' id='word_1_175' title='bbox 2686 1091 2704 1111; x_wconf 86' lang='lat'><strong>-</strong></span> <span class='ocrx_word' id='word_1_176' title='bbox 2738 1068 2940 1138; x_wconf 81' lang='lat' dir='ltr'>itaque</span> <span class='ocrx_word' id='word_1_177' title='bbox 2967 1083 3085 1121; x_wconf 90' lang='lat' dir='ltr'>non</span> <span class='ocrx_word' id='word_1_178' title='bbox 3123 1083 3330 1121; x_wconf 80' lang='lat' dir='ltr'>recens</span> <span class='ocrx_word' id='word_1_179' title='bbox 3354 1075 3443 1122; x_wconf 92' lang='lat' dir='ltr'>est</span> <span class='ocrx_word' id='word_1_180' title='bbox 3464 1068 3739 1139; x_wconf 84' lang='lat' dir='ltr'>quodcir-</span> 
     </span>
    </p>
   </div>
   <div class='ocr_carea' id='block_1_24' title="bbox 2081 1155 3736 1227">
    <p class='ocr_par' dir='ltr' id='par_1_24' title="bbox 2081 1155 3736 1227">
     <span class='ocr_line' id='line_1_25' title="bbox 2081 1155 3736 1227; baseline 0.004 -24"><span class='ocrx_word' id='word_1_181' title='bbox 2081 1166 2149 1204; x_wconf 90' lang='lat' dir='ltr'>ca</span> <span class='ocrx_word' id='word_1_182' title='bbox 2176 1158 2382 1223; x_wconf 80' lang='lat' dir='ltr'>gentes</span> <span class='ocrx_word' id='word_1_183' title='bbox 2415 1160 2611 1209; x_wconf 89' lang='lat' dir='ltr'>actum</span> <span class='ocrx_word' id='word_1_184' title='bbox 2639 1160 2749 1219; x_wconf 82' lang='lat' dir='ltr'>est,</span> <span class='ocrx_word' id='word_1_185' title='bbox 2783 1156 2885 1209; x_wconf 92' lang='lat' dir='ltr'>sed</span> <span class='ocrx_word' id='word_1_186' title='bbox 2920 1155 3327 1225; x_wconf 83' lang='lat' dir='ltr'>superioribus</span> <span class='ocrx_word' id='word_1_187' title='bbox 3370 1156 3736 1227; x_wconf 82' lang='lat' dir='ltr'>temporibus</span> 
     </span>
    </p>
   </div>
   <div class='ocr_carea' id='block_1_25' title="bbox 2078 1238 3733 1317">
    <p class='ocr_par' dir='ltr' id='par_1_25' title="bbox 2078 1238 3733 1317">
     <span class='ocr_line' id='line_1_26' title="bbox 2078 1238 3733 1317; baseline 0.004 -24"><span class='ocrx_word' id='word_1_188' title='bbox 2078 1238 2279 1295; x_wconf 89' lang='lat' dir='ltr'>datum</span> <span class='ocrx_word' id='word_1_189' title='bbox 2312 1242 2522 1298; x_wconf 85' lang='lat' dir='ltr'>fuerat.</span> <span class='ocrx_word' id='word_1_190' title='bbox 2561 1244 2763 1298; x_wconf 87' lang='lat' dir='ltr'>Merito</span> <span class='ocrx_word' id='word_1_191' title='bbox 2785 1251 2983 1299; x_wconf 91' lang='lat' dir='ltr'>autem</span> <span class='ocrx_word' id='word_1_192' title='bbox 3010 1246 3288 1299; x_wconf 91' lang='lat' dir='ltr'>omnibus</span> <span class='ocrx_word' id='word_1_193' title='bbox 3316 1246 3581 1317; x_wconf 86' lang='lat' dir='ltr'>ignotum</span> <span class='ocrx_word' id='word_1_194' title='bbox 3606 1253 3733 1302; x_wconf 87' lang='lat' dir='ltr'>erat</span> 
     </span>
    </p>
   </div>
   <div class='ocr_carea' id='block_1_26' title="bbox 2078 1331 3729 1405">
    <p class='ocr_par' dir='ltr' id='par_1_26' title="bbox 2078 1331 3729 1405">
     <span class='ocr_line' id='line_1_27' title="bbox 2078 1331 3729 1405; baseline 0.005 -22"><span class='ocrx_word' id='word_1_195' title='bbox 2078 1331 2235 1401; x_wconf 87' lang='lat' dir='ltr'>quod</span> <span class='ocrx_word' id='word_1_196' title='bbox 2265 1338 2468 1401; x_wconf 79' lang='lat' dir='ltr'>gentes</span> <span class='ocrx_word' id='word_1_197' title='bbox 2503 1333 2720 1388; x_wconf 88' lang='lat' dir='ltr'>talibus</span> <span class='ocrx_word' id='word_1_198' title='bbox 2752 1333 2943 1405; x_wconf 71' lang='lat' dir='ltr'>dignae</span> <span class='ocrx_word' id='word_1_199' title='bbox 2977 1334 3268 1390; x_wconf 64' lang='lat' dir='ltr'>habenda:</span> <span class='ocrx_word' id='word_1_200' title='bbox 3302 1340 3525 1390; x_wconf 86' lang='lat' dir='ltr'>essent.</span> <span class='ocrx_word' id='word_1_201' title='bbox 3588 1338 3729 1391; x_wconf 80' lang='lat' dir='ltr'>Nam</span> 
     </span>
    </p>
   </div>
   <div class='ocr_carea' id='block_1_27' title="bbox 2079 1418 3729 1495">
    <p class='ocr_par' dir='ltr' id='par_1_27' title="bbox 2079 1418 3729 1495">
     <span class='ocr_line' id='line_1_28' title="bbox 2079 1418 3729 1495; baseline 0.005 -24"><span class='ocrx_word' id='word_1_202' title='bbox 2079 1420 2127 1472; x_wconf 90' lang='lat' dir='ltr'>si</span> <span class='ocrx_word' id='word_1_203' title='bbox 2161 1418 2220 1474; x_wconf 91' lang='lat' dir='ltr'>in</span> <span class='ocrx_word' id='word_1_204' title='bbox 2254 1420 2369 1475; x_wconf 88' lang='lat' dir='ltr'>Deo</span> <span class='ocrx_word' id='word_1_205' title='bbox 2410 1421 2823 1477; x_wconf 88' lang='lat' dir='ltr'>absconditum</span> <span class='ocrx_word' id='word_1_206' title='bbox 2880 1430 3026 1487; x_wconf 89' lang='lat' dir='ltr'>erat,</span> <span class='ocrx_word' id='word_1_207' title='bbox 3087 1424 3365 1494; x_wconf 88' lang='lat' dir='ltr'>quisnam</span> <span class='ocrx_word' id='word_1_208' title='bbox 3421 1430 3576 1479; x_wconf 90' lang='lat' dir='ltr'>esset</span> <span class='ocrx_word' id='word_1_209' title='bbox 3631 1426 3729 1495; x_wconf 90' lang='lat' dir='ltr'>qui</span> 
     </span>
    </p>
   </div>
   <div class='ocr_carea' id='block_1_28' title="bbox 316 1509 3730 1585">
    <p class='ocr_par' dir='ltr' id='par_1_28' title="bbox 316 1509 3730 1585">
     <span class='ocr_line' id='line_1_29' title="bbox 316 1509 3730 1585; baseline -0.001 -14"><span class='ocrx_word' id='word_1_210' title='bbox 316 1514 650 1571; x_wconf 83' lang='lat' dir='ltr'>revelaret‘?</span> <span class='ocrx_word' id='word_1_211' title='bbox 681 1535 707 1562; x_wconf 89' lang='grc'>‹‹</span> <span class='ocrx_word' id='word_1_212' title='bbox 742 1513 848 1578; x_wconf 89' lang='lat' dir='ltr'>Qui</span> <span class='ocrx_word' id='word_1_213' title='bbox 880 1511 1160 1567; x_wconf 88' lang='lat' dir='ltr'>universa</span> <span class='ocrx_word' id='word_1_214' title='bbox 1185 1509 1465 1565; x_wconf 89' lang='lat' dir='ltr'>condidit.</span> <span class='ocrx_word' id='word_1_215' title='bbox 1504 1529 1532 1557; x_wconf 67' lang='grc' dir='ltr'>»ι</span> <span class='ocrx_word' id='word_1_216' title='bbox 1567 1510 1741 1563; x_wconf 89' lang='lat' dir='ltr'>Pater</span> <span class='ocrx_word' id='word_1_217' title='bbox 1770 1523 2027 1577; x_wconf 89' lang='lat' dir='ltr'>namque</span> <span class='ocrx_word' id='word_1_218' title='bbox 2057 1509 2155 1578; x_wconf 91' lang='lat' dir='ltr'>qui</span> <span class='ocrx_word' id='word_1_219' title='bbox 2193 1526 2297 1580; x_wconf 91' lang='lat' dir='ltr'>per</span> <span class='ocrx_word' id='word_1_220' title='bbox 2328 1510 2522 1581; x_wconf 89' lang='lat' dir='ltr'>ipsum</span> <span class='ocrx_word' id='word_1_221' title='bbox 2556 1512 2830 1567; x_wconf 88' lang='lat' dir='ltr'>universa</span> <span class='ocrx_word' id='word_1_222' title='bbox 2888 1513 3174 1579; x_wconf 88' lang='lat' dir='ltr'>condidit,</span> <span class='ocrx_word' id='word_1_223' title='bbox 3226 1514 3338 1569; x_wconf 91' lang='lat' dir='ltr'>hoc</span> <span class='ocrx_word' id='word_1_224' title='bbox 3388 1514 3566 1569; x_wconf 90' lang='lat' dir='ltr'>etiam</span> <span class='ocrx_word' id='word_1_225' title='bbox 3623 1530 3730 1585; x_wconf 89' lang='lat' dir='ltr'>per</span> 
     </span>
    </p>
   </div>
   <div class='ocr_carea' id='block_1_29' title="bbox 331 1601 857 1676">
    <p class='ocr_par' dir='ltr' id='par_1_29' title="bbox 331 1601 857 1676">
     <span class='ocr_line' id='line_1_30' title="bbox 331 1601 857 1676; baseline -0.008 -19"><span class='ocrx_word' id='word_1_226' title='bbox 331 1605 524 1676; x_wconf 90' lang='lat' dir='ltr'>ipsum</span> <span class='ocrx_word' id='word_1_227' title='bbox 560 1601 857 1657; x_wconf 84' lang='lat' dir='ltr'>revelavit.</span> 
     </span>
    </p>
   </div>
   <div class='ocr_carea' id='block_1_30' title="bbox 384 1691 1962 1771">
    <p class='ocr_par' dir='ltr' id='par_1_30' title="bbox 384 1691 1962 1771">
     <span class='ocr_line' id='line_1_31' title="bbox 384 1691 1962 1771; baseline -0.004 -18"><span class='ocrx_word' id='word_1_228' title='bbox 384 1701 495 1753; x_wconf 85' lang='grc' dir='ltr'>Ἵνα</span> <span class='ocrx_word' id='word_1_229' title='bbox 552 1700 830 1771; x_wconf 74' lang='grc' dir='ltr'>γνωρισθῇ</span> <span class='ocrx_word' id='word_1_230' title='bbox 888 1702 979 1749; x_wconf 83' lang='grc' dir='ltr'>νῦν</span> <span class='ocrx_word' id='word_1_231' title='bbox 1041 1700 1159 1755; x_wconf 77' lang='grc' dir='ltr'>ταῖς</span> <span class='ocrx_word' id='word_1_232' title='bbox 1217 1693 1417 1771; x_wconf 79' lang='grc' dir='ltr'>ἀρχαῖς</span> <span class='ocrx_word' id='word_1_233' title='bbox 1471 1693 1560 1745; x_wconf 83' lang='grc' dir='ltr'>καὶ</span> <span class='ocrx_word' id='word_1_234' title='bbox 1634 1696 1753 1753; x_wconf 90' lang='grc' dir='ltr'>ταῖς</span> <span class='ocrx_word' id='word_1_235' title='bbox 1811 1691 1962 1764; x_wconf 78' lang='grc' dir='ltr'>ἐξου-</span> 
     </span>
    </p>
   </div>
   <div class='ocr_carea' id='block_1_31' title="bbox 2146 1695 3729 1770">
    <p class='ocr_par' dir='ltr' id='par_1_31' title="bbox 2146 1695 3729 1770">
     <span class='ocr_line' id='line_1_32' title="bbox 2146 1695 3729 1770; baseline 0.004 -20"><span class='ocrx_word' id='word_1_236' title='bbox 2146 1695 2245 1750; x_wconf 72' lang='grc'><strong>26</strong></span> <span class='ocrx_word' id='word_1_237' title='bbox 2277 1696 2379 1762; x_wconf 86' lang='grc' dir='ltr'>ΙΙΙ,</span> <span class='ocrx_word' id='word_1_238' title='bbox 2413 1700 2597 1752; x_wconf 72' lang='lat'>10-13.</span> <span class='ocrx_word' id='word_1_239' title='bbox 2640 1701 2705 1754; x_wconf 91' lang='lat' dir='ltr'>Ut</span> <span class='ocrx_word' id='word_1_240' title='bbox 2736 1706 2865 1753; x_wconf 90' lang='lat' dir='ltr'>nota</span> <span class='ocrx_word' id='word_1_241' title='bbox 2894 1700 3157 1768; x_wconf 84' lang='lat' dir='ltr'>ﬁatmmc</span> <span class='ocrx_word' id='word_1_242' title='bbox 3199 1700 3617 1770; x_wconf 81' lang='lat' dir='ltr'>principatibus</span> <span class='ocrx_word' id='word_1_243' title='bbox 3667 1718 3729 1756; x_wconf 88' lang='lat' dir='ltr'>ac</span> 
     </span>
    </p>
   </div>
   <div class='ocr_carea' id='block_1_32' title="bbox 317 1778 1958 1868">
    <p class='ocr_par' dir='ltr' id='par_1_32' title="bbox 317 1778 1958 1858">
     <span class='ocr_line' id='line_1_33' title="bbox 317 1778 1958 1858; baseline -0.004 -18"><span class='ocrx_word' id='word_1_244' title='bbox 317 1787 478 1854; x_wconf 80' lang='grc' dir='ltr'>σίαις,</span> <span class='ocrx_word' id='word_1_245' title='bbox 541 1786 590 1840; x_wconf 82' lang='grc' dir='ltr'>ἐν</span> <span class='ocrx_word' id='word_1_246' title='bbox 646 1790 761 1847; x_wconf 89' lang='grc' dir='ltr'>τοῖς</span> <span class='ocrx_word' id='word_1_247' title='bbox 817 1782 1160 1858; x_wconf 81' lang='grc' dir='ltr'>ἐπουρανίοις</span> <span class='ocrx_word' id='word_1_248' title='bbox 1219 1780 1308 1836; x_wconf 74' lang='grc' dir='ltr'>διὰ</span> <span class='ocrx_word' id='word_1_249' title='bbox 1364 1788 1462 1849; x_wconf 77' lang='grc' dir='ltr'>τῆς</span> <span class='ocrx_word' id='word_1_250' title='bbox 1520 1778 1869 1851; x_wconf 86' lang='grc' dir='ltr'>Ἐκκλησίας,</span> <span class='ocrx_word' id='word_1_251' title='bbox 1927 1783 1958 1849; x_wconf 81' lang='grc' dir='ltr'>ἡ</span> 
     </span>
    </p>
   </div>
   <div class='ocr_carea' id='block_1_33' title="bbox 2072 1778 3732 1868">
    <p class='ocr_par' dir='ltr' id='par_1_33' title="bbox 2072 1786 3732 1859">
     <span class='ocr_line' id='line_1_34' title="bbox 2072 1786 3732 1859; baseline 0.004 -22"><span class='ocrx_word' id='word_1_252' title='bbox 2072 1786 2428 1853; x_wconf 80' lang='lat' dir='ltr'>potestatibus</span> <span class='ocrx_word' id='word_1_253' title='bbox 2466 1789 2521 1841; x_wconf 86' lang='lat' dir='ltr'>in</span> <span class='ocrx_word' id='word_1_254' title='bbox 2554 1787 2855 1844; x_wconf 59' lang='lat' dir='ltr'>caelestibus</span> <span class='ocrx_word' id='word_1_255' title='bbox 2900 1806 3002 1859; x_wconf 87' lang='lat' dir='ltr'>per</span> <span class='ocrx_word' id='word_1_256' title='bbox 3040 1790 3335 1843; x_wconf 83' lang='lat' dir='ltr'>Ecclesiam</span> <span class='ocrx_word' id='word_1_257' title='bbox 3385 1790 3732 1844; x_wconf 83' lang='lat' dir='ltr'>vehementer</span> 
     </span>
    </p>
   </div>
   <div class='ocr_carea' id='block_1_34' title="bbox 1480 1870 1965 1943">
    <p class='ocr_par' dir='ltr' id='par_1_34' title="bbox 1480 1870 1965 1943">
     <span class='ocr_line' id='line_1_35' title="bbox 1480 1870 1965 1943; baseline 0 -20"><span class='ocrx_word' id='word_1_258' title='bbox 1480 1872 1620 1925; x_wconf 74' lang='grc' dir='ltr'>κατὰ</span> <span class='ocrx_word' id='word_1_259' title='bbox 1709 1870 1965 1943; x_wconf 78' lang='grc' dir='ltr'>πρόθεσιν</span> 
     </span>
    </p>
   </div>
   <div class='ocr_carea' id='block_1_35' title="bbox 1654 1962 1965 2029">
    <p class='ocr_par' dir='ltr' id='par_1_35' title="bbox 1654 1962 1965 2029">
     <span class='ocr_line' id='line_1_36' title="bbox 1654 1962 1965 2029; baseline -0.006 -16"><span class='ocrx_word' id='word_1_260' title='bbox 1654 1962 1830 2029; x_wconf 83' lang='grc' dir='ltr'>’ίησοῦ</span> <span class='ocrx_word' id='word_1_261' title='bbox 1886 1963 1965 2029; x_wconf 80' lang='grc' dir='ltr'>τῷ</span> 
     </span>
    </p>
   </div>
   <div class='ocr_carea' id='block_1_36' title="bbox 314 1872 1387 1945">
    <p class='ocr_par' dir='ltr' id='par_1_36' title="bbox 314 1872 1387 1945">
     <span class='ocr_line' id='line_1_37' title="bbox 314 1872 1387 1945; baseline -0.006 -15"><span class='ocrx_word' id='word_1_262' title='bbox 314 1872 719 1935; x_wconf 71' lang='grc' dir='ltr'>πολυποίκιλος</span> <span class='ocrx_word' id='word_1_263' title='bbox 786 1874 947 1945; x_wconf 61' lang='grc' dir='ltr'>σοφία</span> <span class='ocrx_word' id='word_1_264' title='bbox 1039 1877 1135 1926; x_wconf 87' lang='grc' dir='ltr'>τοῦ</span> <span class='ocrx_word' id='word_1_265' title='bbox 1229 1875 1387 1939; x_wconf 83' lang='grc' dir='ltr'>Θεοῦ,</span> 
     </span>
    </p>
   </div>
   <div class='ocr_carea' id='block_1_37' title="bbox 313 1960 1566 2033">
    <p class='ocr_par' dir='ltr' id='par_1_37' title="bbox 313 1960 1566 2033">
     <span class='ocr_line' id='line_1_38' title="bbox 313 1960 1566 2033; baseline -0.005 -14"><span class='ocrx_word' id='word_1_266' title='bbox 313 1966 419 2019; x_wconf 77' lang='grc' dir='ltr'>τῶν</span> <span class='ocrx_word' id='word_1_267' title='bbox 477 1964 712 2019; x_wconf 76' lang='grc' dir='ltr'>α’ίιυνων.</span> <span class='ocrx_word' id='word_1_268' title='bbox 773 1966 873 2019; x_wconf 79' lang='grc' dir='ltr'>’Ἦν</span> <span class='ocrx_word' id='word_1_269' title='bbox 930 1960 1181 2029; x_wconf 66' lang='grc' dir='ltr'>ἐποίησεν</span> <span class='ocrx_word' id='word_1_270' title='bbox 1241 1961 1291 2014; x_wconf 83' lang='grc' dir='ltr'>ἐν</span> <span class='ocrx_word' id='word_1_271' title='bbox 1352 1964 1566 2033; x_wconf 73' lang='grc' dir='ltr'>Χριστῷ</span> 
     </span>
    </p>
   </div>
   <div class='ocr_carea' id='block_1_38' title="bbox 842 2046 1965 2123">
    <p class='ocr_par' dir='ltr' id='par_1_38' title="bbox 842 2046 1965 2123">
     <span class='ocr_line' id='line_1_39' title="bbox 842 2046 1965 2123; baseline -0.004 -17"><span class='ocrx_word' id='word_1_272' title='bbox 842 2051 893 2106; x_wconf 80' lang='grc' dir='ltr'>ἐν</span> <span class='ocrx_word' id='word_1_273' title='bbox 946 2052 991 2122; x_wconf 84' lang='grc' dir='ltr'>ᾦ</span> <span class='ocrx_word' id='word_1_274' title='bbox 1050 2049 1250 2123; x_wconf 69' lang='grc' dir='ltr'>ἔχομεν</span> <span class='ocrx_word' id='word_1_275' title='bbox 1312 2052 1412 2117; x_wconf 73' lang='grc' dir='ltr'>τήν</span> <span class='ocrx_word' id='word_1_276' title='bbox 1494 2048 1801 2123; x_wconf 71' lang='grc' dir='ltr'>παῤῥησίαν</span> <span class='ocrx_word' id='word_1_277' title='bbox 1876 2046 1965 2101; x_wconf 82' lang='grc' dir='ltr'>καὶ</span> 
     </span>
    </p>
   </div>
   <div class='ocr_carea' id='block_1_39' title="bbox 1412 2136 1965 2207">
    <p class='ocr_par' dir='ltr' id='par_1_39' title="bbox 1412 2136 1965 2207">
     <span class='ocr_line' id='line_1_40' title="bbox 1412 2136 1965 2207; baseline 0.002 -18"><span class='ocrx_word' id='word_1_278' title='bbox 1412 2136 1501 2192; x_wconf 66' lang='grc' dir='ltr'>διὰ</span> <span class='ocrx_word' id='word_1_279' title='bbox 1557 2145 1621 2207; x_wconf 83' lang='grc' dir='ltr'>τῆ</span> <span class='ocrx_word' id='word_1_280' title='bbox 1636 2160 1656 2197; x_wconf 74' lang='grc' dir='ltr'>ς</span> <span class='ocrx_word' id='word_1_281' title='bbox 1734 2138 1965 2197; x_wconf 86' lang='grc' dir='ltr'>πίστεως</span> 
     </span>
    </p>
   </div>
   <div class='ocr_carea' id='block_1_40' title="bbox 314 2054 753 2127">
    <p class='ocr_par' dir='ltr' id='par_1_40' title="bbox 314 2054 753 2127">
     <span class='ocr_line' id='line_1_41' title="bbox 314 2054 753 2127; baseline -0.009 -2"><span class='ocrx_word' id='word_1_282' title='bbox 314 2055 501 2127; x_wconf 69' lang='grc' dir='ltr'>Κυρίῳ</span> <span class='ocrx_word' id='word_1_283' title='bbox 572 2054 753 2124; x_wconf 70' lang='grc' dir='ltr'>ἡμῶν,</span> 
     </span>
    </p>
   </div>
   <div class='ocr_carea' id='block_1_41' title="bbox 313 2141 1325 2217">
    <p class='ocr_par' dir='ltr' id='par_1_41' title="bbox 313 2141 1325 2217">
     <span class='ocr_line' id='line_1_42' title="bbox 313 2141 1325 2217; baseline -0.007 -18"><span class='ocrx_word' id='word_1_284' title='bbox 313 2146 411 2209; x_wconf 66' lang='grc' dir='ltr'>τήν</span> <span class='ocrx_word' id='word_1_285' title='bbox 469 2146 839 2217; x_wconf 67' lang='grc' dir='ltr'>προσαγωγὴν</span> <span class='ocrx_word' id='word_1_286' title='bbox 892 2141 944 2196; x_wconf 83' lang='grc' dir='ltr'>ἐν</span> <span class='ocrx_word' id='word_1_287' title='bbox 1012 2142 1325 2209; x_wconf 70' lang='grc' dir='ltr'>πεποιθήσει</span> 
     </span>
    </p>
   </div>
   <div class='ocr_carea' id='block_1_42' title="bbox 314 2227 1965 2306">
    <p class='ocr_par' dir='ltr' id='par_1_42' title="bbox 314 2227 1965 2306">
     <span class='ocr_line' id='line_1_43' title="bbox 314 2227 1965 2306; baseline -0.004 -17"><span class='ocrx_word' id='word_1_288' title='bbox 314 2233 503 2289; x_wconf 76' lang='grc' dir='ltr'>αὐτοῦ.</span> <span class='ocrx_word' id='word_1_289' title='bbox 558 2235 650 2290; x_wconf 78' lang='grc' dir='ltr'>Διὸ</span> <span class='ocrx_word' id='word_1_290' title='bbox 704 2234 959 2306; x_wconf 80' lang='grc' dir='ltr'>αἰτοῦμεν</span> <span class='ocrx_word' id='word_1_291' title='bbox 1025 2235 1097 2304; x_wconf 83' lang='grc' dir='ltr'>μή</span> <span class='ocrx_word' id='word_1_292' title='bbox 1161 2233 1402 2285; x_wconf 83' lang='grc' dir='ltr'>ἐκκοκεῖν</span> <span class='ocrx_word' id='word_1_293' title='bbox 1463 2230 1514 2284; x_wconf 83' lang='grc' dir='ltr'>ἐν</span> <span class='ocrx_word' id='word_1_294' title='bbox 1571 2236 1688 2291; x_wconf 89' lang='grc' dir='ltr'>ταῖς</span> <span class='ocrx_word' id='word_1_295' title='bbox 1748 2227 1965 2301; x_wconf 78' lang='grc' dir='ltr'>θλίψεσί</span> 
     </span>
    </p>
   </div>
   <div class='ocr_carea' id='block_1_43' title="bbox 317 2319 1471 2397">
    <p class='ocr_par' dir='ltr' id='par_1_43' title="bbox 317 2319 1471 2397">
     <span class='ocr_line' id='line_1_44' title="bbox 317 2319 1471 2397; baseline -0.003 -19"><span class='ocrx_word' id='word_1_296' title='bbox 317 2345 422 2394; x_wconf 87' lang='grc' dir='ltr'>μου</span> <span class='ocrx_word' id='word_1_297' title='bbox 458 2325 592 2397; x_wconf 69' lang='grc' dir='ltr'>ὑπὲρ</span> <span class='ocrx_word' id='word_1_298' title='bbox 629 2325 803 2397; x_wconf 78' lang='grc' dir='ltr'>ὑμῶν,</span> <span class='ocrx_word' id='word_1_299' title='bbox 840 2322 961 2392; x_wconf 69' lang='grc' dir='ltr'>ἣτις</span> <span class='ocrx_word' id='word_1_300' title='bbox 995 2321 1105 2377; x_wconf 78' lang='grc' dir='ltr'>ἐστῖ</span> <span class='ocrx_word' id='word_1_301' title='bbox 1141 2319 1265 2394; x_wconf 81' lang='grc' dir='ltr'>δοξα</span> <span class='ocrx_word' id='word_1_302' title='bbox 1298 2321 1471 2392; x_wconf 81' lang='grc' dir='ltr'>ὑμῶν.</span> 
     </span>
    </p>
   </div>
   <div class='ocr_carea' id='block_1_44' title="bbox 395 2407 1966 2486">
    <p class='ocr_par' dir='ltr' id='par_1_44' title="bbox 395 2407 1966 2486">
     <span class='ocr_line' id='line_1_45' title="bbox 395 2407 1966 2486; baseline -0.004 -18"><span class='ocrx_word' id='word_1_303' title='bbox 395 2438 420 2468; x_wconf 73' lang='grc' dir='ltr'>ι</span> <span class='ocrx_word' id='word_1_304' title='bbox 448 2416 561 2469; x_wconf 87' lang='grc' dir='ltr'>Ἲνα</span> <span class='ocrx_word' id='word_1_305' title='bbox 594 2417 1010 2486; x_wconf 56' lang='lat' dir='ltr'>-{vw_&gt;zct)1]v5v.</span> <span class='ocrx_word' id='word_1_306' title='bbox 1047 2436 1074 2463; x_wconf 84' lang='grc'><strong>››</strong></span> <span class='ocrx_word' id='word_1_307' title='bbox 1112 2413 1231 2468; x_wconf 82' lang='grc' dir='ltr'>’Ὁτι</span> <span class='ocrx_word' id='word_1_308' title='bbox 1295 2411 1388 2481; x_wconf 76' lang='grc' dir='ltr'>μὶν</span> <span class='ocrx_word' id='word_1_309' title='bbox 1437 2411 1540 2484; x_wconf 76' lang='grc' dir='ltr'>γὰρ</span> <span class='ocrx_word' id='word_1_310' title='bbox 1597 2407 1807 2486; x_wconf 62' lang='grc' dir='ltr'>ἐγένετο</span> <span class='ocrx_word' id='word_1_311' title='bbox 1870 2428 1966 2480; x_wconf 82' lang='grc' dir='ltr'>με·</span> 
     </span>
    </p>
   </div>
   <div class='ocr_carea' id='block_1_45' title="bbox 314 2493 1965 2577">
    <p class='ocr_par' dir='ltr' id='par_1_45' title="bbox 314 2493 1965 2577">
     <span class='ocr_line' id='line_1_46' title="bbox 314 2493 1965 2577; baseline -0.005 -20"><span class='ocrx_word' id='word_1_312' title='bbox 314 2502 396 2577; x_wconf 81' lang='grc' dir='ltr'>ρὶς</span> <span class='ocrx_word' id='word_1_313' title='bbox 430 2503 633 2576; x_wconf 79' lang='grc' dir='ltr'>Κυρίου</span> <span class='ocrx_word' id='word_1_314' title='bbox 666 2501 794 2561; x_wconf 83' lang='grc' dir='ltr'>λαὸς</span> <span class='ocrx_word' id='word_1_315' title='bbox 828 2502 854 2554; x_wconf 88' lang='lat'>6</span> <span class='ocrx_word' id='word_1_316' title='bbox 882 2504 980 2554; x_wconf 87' lang='grc' dir='ltr'>τοῦ</span> <span class='ocrx_word' id='word_1_317' title='bbox 1010 2493 1229 2564; x_wconf 73' lang='grc' dir='ltr'>Ἰακὼϐ,</span> <span class='ocrx_word' id='word_1_318' title='bbox 1279 2495 1521 2571; x_wconf 77' lang='grc' dir='ltr'>ᾔδεισαν,</span> <span class='ocrx_word' id='word_1_319' title='bbox 1569 2497 1663 2552; x_wconf 80' lang='grc' dir='ltr'>καί</span> <span class='ocrx_word' id='word_1_320' title='bbox 1719 2498 1802 2551; x_wconf 84' lang='grc' dir='ltr'>ὅτι</span> <span class='ocrx_word' id='word_1_321' title='bbox 1854 2501 1965 2550; x_wconf 81' lang='grc' dir='ltr'>σώ-</span> 
     </span>
    </p>
   </div>
   <div class='ocr_carea' id='block_1_46' title="bbox 317 2582 1963 2661">
    <p class='ocr_par' dir='ltr' id='par_1_46' title="bbox 317 2582 1963 2661">
     <span class='ocr_line' id='line_1_47' title="bbox 317 2582 1963 2661; baseline -0.004 -13"><span class='ocrx_word' id='word_1_322' title='bbox 317 2613 393 2648; x_wconf 88' lang='grc' dir='ltr'>σει</span> <span class='ocrx_word' id='word_1_323' title='bbox 426 2592 515 2645; x_wconf 69' lang='grc' dir='ltr'>τὸν</span> <span class='ocrx_word' id='word_1_324' title='bbox 549 2589 682 2646; x_wconf 81' lang='grc' dir='ltr'>λαὸν</span> <span class='ocrx_word' id='word_1_325' title='bbox 715 2590 905 2659; x_wconf 63' lang='grc' dir='ltr'>αὐτοῦ,</span> <span class='ocrx_word' id='word_1_326' title='bbox 939 2590 1081 2643; x_wconf 83' lang='grc' dir='ltr'>εἶπεν</span> <span class='ocrx_word' id='word_1_327' title='bbox 1115 2590 1143 2643; x_wconf 90' lang='lat'>6</span> <span class='ocrx_word' id='word_1_328' title='bbox 1172 2582 1417 2658; x_wconf 71' lang='grc' dir='ltr'>Γαϐριὴλ</span> <span class='ocrx_word' id='word_1_329' title='bbox 1445 2587 1567 2661; x_wconf 84' lang='grc' dir='ltr'>περὶ</span> <span class='ocrx_word' id='word_1_330' title='bbox 1598 2590 1695 2641; x_wconf 87' lang='grc' dir='ltr'>τοῦ</span> <span class='ocrx_word' id='word_1_331' title='bbox 1744 2584 1963 2659; x_wconf 77' lang='grc' dir='ltr'>Ἰσραὴλ</span> 
     </span>
    </p>
   </div>
   <div class='ocr_carea' id='block_1_47' title="bbox 317 2674 1966 2757">
    <p class='ocr_par' dir='ltr' id='par_1_47' title="bbox 317 2674 1966 2757">
     <span class='ocr_line' id='line_1_48' title="bbox 317 2674 1966 2757; baseline -0.002 -23"><span class='ocrx_word' id='word_1_332' title='bbox 317 2680 515 2757; x_wconf 67' lang='grc' dir='ltr'>λέγων,</span> <span class='ocrx_word' id='word_1_333' title='bbox 552 2679 635 2736; x_wconf 78' lang='grc' dir='ltr'>ὅτι</span> <span class='ocrx_word' id='word_1_334' title='bbox 668 2678 725 2735; x_wconf 66' lang='grc' dir='ltr'>δὲ</span> <span class='ocrx_word' id='word_1_335' title='bbox 755 2679 842 2733; x_wconf 75' lang='grc' dir='ltr'>ἐπὶ</span> <span class='ocrx_word' id='word_1_336' title='bbox 876 2680 1091 2741; x_wconf 69' lang='grc' dir='ltr'>τούτοις</span> <span class='ocrx_word' id='word_1_337' title='bbox 1149 2681 1217 2733; x_wconf 66' lang='grc' dir='ltr'>τε</span> <span class='ocrx_word' id='word_1_338' title='bbox 1270 2675 1395 2747; x_wconf 81' lang='grc' dir='ltr'>ἔθνη</span> <span class='ocrx_word' id='word_1_339' title='bbox 1454 2675 1811 2745; x_wconf 72' lang='grc' dir='ltr'>κληθήσεται,</span> <span class='ocrx_word' id='word_1_340' title='bbox 1866 2674 1966 2730; x_wconf 84' lang='grc' dir='ltr'>οὐκ</span> 
     </span>
    </p>
   </div>
   <div class='ocr_carea' id='block_1_48' title="bbox 315 2760 1961 2846">
    <p class='ocr_par' dir='ltr' id='par_1_48' title="bbox 315 2760 1961 2846">
     <span class='ocr_line' id='line_1_49' title="bbox 315 2760 1961 2846; baseline -0.004 -23"><span class='ocrx_word' id='word_1_341' title='bbox 315 2764 553 2842; x_wconf 78' lang='grc' dir='ltr'>ᾔδεισαν.</span> <span class='ocrx_word' id='word_1_342' title='bbox 592 2768 650 2823; x_wconf 81' lang='grc' dir='ltr'>Εἰ</span> <span class='ocrx_word' id='word_1_343' title='bbox 684 2765 739 2823; x_wconf 67' lang='grc' dir='ltr'>δὲ</span> <span class='ocrx_word' id='word_1_344' title='bbox 771 2768 938 2846; x_wconf 78' lang='grc' dir='ltr'>ἀρχαὶ</span> <span class='ocrx_word' id='word_1_345' title='bbox 999 2767 1088 2821; x_wconf 89' lang='grc' dir='ltr'>καὶ</span> <span class='ocrx_word' id='word_1_346' title='bbox 1130 2765 1363 2836; x_wconf 80' lang='grc' dir='ltr'>ἐξουσίαι</span> <span class='ocrx_word' id='word_1_347' title='bbox 1416 2765 1516 2820; x_wconf 88' lang='grc' dir='ltr'>οὐκ</span> <span class='ocrx_word' id='word_1_348' title='bbox 1566 2760 1812 2839; x_wconf 77' lang='grc' dir='ltr'>ᾔδεισαν,</span> <span class='ocrx_word' id='word_1_349' title='bbox 1865 2762 1961 2833; x_wconf 70' lang='grc' dir='ltr'>δῆο</span> 
     </span>
    </p>
   </div>
   <div class='ocr_carea' id='block_1_49' title="bbox 316 2853 1963 2932">
    <p class='ocr_par' dir='ltr' id='par_1_49' title="bbox 316 2853 1963 2932">
     <span class='ocr_line' id='line_1_50' title="bbox 316 2853 1963 2932; baseline -0.004 -19"><span class='ocrx_word' id='word_1_350' title='bbox 316 2856 411 2913; x_wconf 91' lang='grc' dir='ltr'>λον</span> <span class='ocrx_word' id='word_1_351' title='bbox 446 2856 520 2921; x_wconf 83' lang='grc' dir='ltr'>ὠς</span> <span class='ocrx_word' id='word_1_352' title='bbox 550 2855 679 2913; x_wconf 74' lang='grc' dir='ltr'>οὐδὲ</span> <span class='ocrx_word' id='word_1_353' title='bbox 728 2854 952 2931; x_wconf 79' lang='grc' dir='ltr'>ἄγγελοι</span> <span class='ocrx_word' id='word_1_354' title='bbox 1106 2853 1476 2932; x_wconf 67' lang='grc' dir='ltr'>ἀρχάγγελοι.</span> <span class='ocrx_word' id='word_1_355' title='bbox 1529 2880 1553 2906; x_wconf 87' lang='grc'><em>‹‹</em></span> <span class='ocrx_word' id='word_1_356' title='bbox 1590 2857 1724 2916; x_wconf 87' lang='grc' dir='ltr'>Ταῖς</span> <span class='ocrx_word' id='word_1_357' title='bbox 1766 2855 1963 2927; x_wconf 79' lang='grc' dir='ltr'>ἀρχαῖς</span> 
     </span>
    </p>
   </div>
   <div class='ocr_carea' id='block_1_50' title="bbox 309 2940 1962 3019">
    <p class='ocr_par' dir='ltr' id='par_1_50' title="bbox 309 2940 1962 3019">
     <span class='ocr_line' id='line_1_51' title="bbox 309 2940 1962 3019; baseline -0.004 -17"><span class='ocrx_word' id='word_1_358' title='bbox 309 2948 399 3002; x_wconf 83' lang='grc' dir='ltr'>καὶ</span> <span class='ocrx_word' id='word_1_359' title='bbox 431 2952 550 3008; x_wconf 79' lang='grc' dir='ltr'>ταῖς</span> <span class='ocrx_word' id='word_1_360' title='bbox 593 2946 877 3019; x_wconf 75' lang='grc' dir='ltr'>ἐξουςίαις,</span> <span class='ocrx_word' id='word_1_361' title='bbox 916 2971 942 2997; x_wconf 84' lang='grc'><strong>››</strong></span> <span class='ocrx_word' id='word_1_362' title='bbox 985 2942 1121 2999; x_wconf 70' lang='grc' dir='ltr'>Οὐδὲ</span> <span class='ocrx_word' id='word_1_363' title='bbox 1162 2946 1265 3019; x_wconf 74' lang='grc' dir='ltr'>γὰρ</span> <span class='ocrx_word' id='word_1_364' title='bbox 1325 2946 1379 2997; x_wconf 78' lang='grc' dir='ltr'>αἱ</span> <span class='ocrx_word' id='word_1_365' title='bbox 1428 2943 1654 3016; x_wconf 84' lang='grc' dir='ltr'>ἀόραται</span> <span class='ocrx_word' id='word_1_366' title='bbox 1710 2940 1962 3015; x_wconf 72' lang='grc' dir='ltr'>δυνάμεις</span> 
     </span>
    </p>
   </div>
   <div class='ocr_carea' id='block_1_51' title="bbox 307 3033 1963 3112">
    <p class='ocr_par' dir='ltr' id='par_1_51' title="bbox 307 3033 1963 3112">
     <span class='ocr_line' id='line_1_52' title="bbox 307 3033 1963 3112; baseline -0.002 -22"><span class='ocrx_word' id='word_1_367' title='bbox 307 3034 533 3112; x_wconf 61' lang='grc' dir='ltr'>ᾔδεισαν</span> <span class='ocrx_word' id='word_1_368' title='bbox 566 3036 630 3090; x_wconf 88' lang='grc' dir='ltr'>τὸ</span> <span class='ocrx_word' id='word_1_369' title='bbox 664 3038 985 3110; x_wconf 66' lang='grc' dir='ltr'>μυστήριον,</span> <span class='ocrx_word' id='word_1_370' title='bbox 1017 3034 1164 3091; x_wconf 70' lang='grc' dir='ltr'>ἀλλὰ</span> <span class='ocrx_word' id='word_1_371' title='bbox 1213 3033 1302 3089; x_wconf 73' lang='grc' dir='ltr'>διὰ</span> <span class='ocrx_word' id='word_1_372' title='bbox 1356 3041 1455 3101; x_wconf 76' lang='grc' dir='ltr'>τῆς</span> <span class='ocrx_word' id='word_1_373' title='bbox 1505 3033 1627 3107; x_wconf 83' lang='grc' dir='ltr'>περὶ</span> <span class='ocrx_word' id='word_1_374' title='bbox 1686 3035 1786 3101; x_wconf 75' lang='grc' dir='ltr'>τὴν</span> <span class='ocrx_word' id='word_1_375' title='bbox 1846 3034 1963 3089; x_wconf 79' lang='grc' dir='ltr'>Ἐκ-</span> 
     </span>
    </p>
   </div>
   <div class='ocr_carea' id='block_1_52' title="bbox 308 3123 2041 3235">
    <p class='ocr_par' dir='ltr' id='par_1_52' title="bbox 308 3123 2041 3235">
     <span class='ocr_line' id='line_1_53' title="bbox 308 3123 2041 3235; baseline -0.005 -51"><span class='ocrx_word' id='word_1_376' title='bbox 308 3126 541 3194; x_wconf 77' lang='grc' dir='ltr'>κλγ,σίαν</span> <span class='ocrx_word' id='word_1_377' title='bbox 594 3125 934 3197; x_wconf 65' lang='grc' dir='ltr'>οῗκονομίας,</span> <span class='ocrx_word' id='word_1_378' title='bbox 984 3127 1081 3191; x_wconf 68' lang='grc' dir='ltr'>την</span> <span class='ocrx_word' id='word_1_379' title='bbox 1140 3124 1372 3200; x_wconf 75' lang='grc' dir='ltr'>ἃρῥητον</span> <span class='ocrx_word' id='word_1_380' title='bbox 1426 3128 1522 3179; x_wconf 87' lang='grc' dir='ltr'>τοῦ</span> <span class='ocrx_word' id='word_1_381' title='bbox 1581 3127 1714 3178; x_wconf 88' lang='grc' dir='ltr'>Θεοῦ</span> <span class='ocrx_word' id='word_1_382' title='bbox 1770 3123 1961 3202; x_wconf 71' lang='grc' dir='ltr'>σοφίαν</span> <span class='ocrx_word' id='word_1_383' title='bbox 1999 3168 2041 3235; x_wconf 75' lang='lat' dir='ltr'>C</span> 
     </span>
     <span class='ocr_line' id='line_1_54' title="bbox 425 3209 1923 3235; baseline 0 0"><span class='ocrx_word' id='word_1_384' title='bbox 425 3217 436 3235; x_wconf 73' lang='grc' dir='ltr'><strong>ρ</strong></span> <span class='ocrx_word' id='word_1_385' title='bbox 528 3228 546 3235; x_wconf 78' lang='lat'>-</span> <span class='ocrx_word' id='word_1_386' title='bbox 740 3222 767 3235; x_wconf 71' lang='grc' dir='ltr'>ιο</span> <span class='ocrx_word' id='word_1_387' title='bbox 853 3216 865 3231; x_wconf 70' lang='grc' dir='ltr'>ε</span> <span class='ocrx_word' id='word_1_388' title='bbox 1019 3214 1063 3235; x_wconf 72' lang='grc' dir='ltr'>ιιι</span> <span class='ocrx_word' id='word_1_389' title='bbox 1238 3210 1281 3235; x_wconf 59' lang='grc' dir='ltr'>Μ</span> <span class='ocrx_word' id='word_1_390' title='bbox 1346 3218 1404 3235; x_wconf 43' lang='lat' dir='ltr'>A-</span> <span class='ocrx_word' id='word_1_391' title='bbox 1508 3211 1595 3235; x_wconf 65' lang='lat' dir='ltr'>-J-J,</span> <span class='ocrx_word' id='word_1_392' title='bbox 1642 3233 1649 3235; x_wconf 28' lang='grc' dir='ltr'>ι</span> <span class='ocrx_word' id='word_1_393' title='bbox 1794 3234 1797 3235; x_wconf 65' lang='lat'>,</span> <span class='ocrx_word' id='word_1_394' title='bbox 1866 3209 1923 3235; x_wconf 55' lang='grc' dir='ltr'>κε</span> 
     </span>
    </p>
   </div>
   <div class='ocr_carea' id='block_1_53' title="bbox 310 3209 1959 3290">
    <p class='ocr_par' dir='ltr' id='par_1_53' title="bbox 310 3209 1959 3290">
     <span class='ocr_line' id='line_1_55' title="bbox 310 3209 1959 3290; baseline -0.008 -17"><span class='ocrx_word' id='word_1_395' title='bbox 310 3217 637 3290; x_wconf 71' lang='grc' dir='ltr'>κατέμαθον.</span> <span class='ocrx_word' id='word_1_396' title='bbox 673 3241 700 3268; x_wconf 91' lang='grc'>‹‹</span> <span class='ocrx_word' id='word_1_397' title='bbox 740 3216 880 3270; x_wconf 72' lang='grc' dir='ltr'>Κατὰ</span> <span class='ocrx_word' id='word_1_398' title='bbox 927 3214 1177 3285; x_wconf 69' lang='grc' dir='ltr'>πρόθεσιν</span> <span class='ocrx_word' id='word_1_399' title='bbox 1234 3210 1291 3268; x_wconf 75' lang='grc' dir='ltr'>δὲ</span> <span class='ocrx_word' id='word_1_400' title='bbox 1340 3218 1446 3266; x_wconf 82' lang='grc' dir='ltr'>τῶν</span> <span class='ocrx_word' id='word_1_401' title='bbox 1500 3211 1732 3268; x_wconf 56' lang='grc' dir='ltr'>αῗώνων.</span> <span class='ocrx_word' id='word_1_402' title='bbox 1777 3234 1805 3262; x_wconf 88' lang='grc'><strong>››</strong></span> <span class='ocrx_word' id='word_1_403' title='bbox 1866 3209 1959 3265; x_wconf 76' lang='grc' dir='ltr'>λέ-</span> 
     </span>
    </p>
   </div>
   <div class='ocr_carea' id='block_1_54' title="bbox 313 3300 1957 3384">
    <p class='ocr_par' dir='ltr' id='par_1_54' title="bbox 313 3300 1957 3384">
     <span class='ocr_line' id='line_1_56' title="bbox 313 3300 1957 3384; baseline -0.004 -23"><span class='ocrx_word' id='word_1_404' title='bbox 313 3328 421 3384; x_wconf 88' lang='grc' dir='ltr'>γει,</span> <span class='ocrx_word' id='word_1_405' title='bbox 480 3305 598 3361; x_wconf 79' lang='grc' dir='ltr'>ἀντῖ</span> <span class='ocrx_word' id='word_1_406' title='bbox 658 3308 776 3370; x_wconf 82' lang='grc' dir='ltr'>τοῦ,</span> <span class='ocrx_word' id='word_1_407' title='bbox 834 3308 1002 3358; x_wconf 83' lang='grc' dir='ltr'>ταῦτα</span> <span class='ocrx_word' id='word_1_408' title='bbox 1060 3303 1164 3376; x_wconf 83' lang='grc' dir='ltr'>πρὸ</span> <span class='ocrx_word' id='word_1_409' title='bbox 1222 3301 1433 3355; x_wconf 82' lang='grc' dir='ltr'>αἰώνων</span> <span class='ocrx_word' id='word_1_410' title='bbox 1497 3301 1590 3371; x_wconf 74' lang='grc' dir='ltr'>μὲν</span> <span class='ocrx_word' id='word_1_411' title='bbox 1677 3300 1957 3373; x_wconf 77' lang='grc' dir='ltr'>προέθετο,</span> 
     </span>
    </p>
   </div>
   <div class='ocr_carea' id='block_1_55' title="bbox 316 3388 1956 3464">
    <p class='ocr_par' dir='ltr' id='par_1_55' title="bbox 316 3388 1956 3464">
     <span class='ocr_line' id='line_1_57' title="bbox 316 3388 1956 3464; baseline -0.004 -14"><span class='ocrx_word' id='word_1_412' title='bbox 316 3394 542 3464; x_wconf 68' lang='grc' dir='ltr'>ἐποίησε</span> <span class='ocrx_word' id='word_1_413' title='bbox 573 3390 648 3449; x_wconf 75' lang='grc' dir='ltr'>δὲ.</span> <span class='ocrx_word' id='word_1_414' title='bbox 684 3391 773 3447; x_wconf 75' lang='grc' dir='ltr'>διὰ</span> <span class='ocrx_word' id='word_1_415' title='bbox 800 3400 899 3460; x_wconf 78' lang='grc' dir='ltr'>τῆς</span> <span class='ocrx_word' id='word_1_416' title='bbox 928 3393 1064 3446; x_wconf 76' lang='grc' dir='ltr'>κατα</span> <span class='ocrx_word' id='word_1_417' title='bbox 1087 3391 1178 3446; x_wconf 74' lang='grc' dir='ltr'>τὸν</span> <span class='ocrx_word' id='word_1_418' title='bbox 1212 3388 1475 3459; x_wconf 77' lang='grc' dir='ltr'>δεσπότην</span> <span class='ocrx_word' id='word_1_419' title='bbox 1528 3389 1758 3461; x_wconf 85' lang='grc' dir='ltr'>Χριστὸν</span> <span class='ocrx_word' id='word_1_420' title='bbox 1808 3388 1956 3443; x_wconf 54' lang='grc' dir='ltr'>οῗκο-</span> 
     </span>
    </p>
   </div>
   <div class='ocr_carea' id='block_1_56' title="bbox 310 3478 1957 3556">
    <p class='ocr_par' dir='ltr' id='par_1_56' title="bbox 310 3478 1957 3556">
     <span class='ocr_line' id='line_1_58' title="bbox 310 3478 1957 3556; baseline -0.004 -17"><span class='ocrx_word' id='word_1_421' title='bbox 310 3484 530 3556; x_wconf 81' lang='grc' dir='ltr'>νομίας.</span> <span class='ocrx_word' id='word_1_422' title='bbox 576 3508 595 3533; x_wconf 72' lang='grc' dir='ltr'><strong><em>α</em></strong></span> <span class='ocrx_word' id='word_1_423' title='bbox 634 3484 721 3538; x_wconf 84' lang='grc' dir='ltr'>Ἐν</span> <span class='ocrx_word' id='word_1_424' title='bbox 775 3486 891 3545; x_wconf 85' lang='grc' dir='ltr'>τοῖς</span> <span class='ocrx_word' id='word_1_425' title='bbox 946 3478 1307 3556; x_wconf 81' lang='grc' dir='ltr'>ἐπουρανίοις,</span> <span class='ocrx_word' id='word_1_426' title='bbox 1338 3503 1367 3530; x_wconf 81' lang='grc'><strong>››</strong></span> <span class='ocrx_word' id='word_1_427' title='bbox 1423 3480 1556 3542; x_wconf 84' lang='grc' dir='ltr'>Ταῖς</span> <span class='ocrx_word' id='word_1_428' title='bbox 1606 3487 1658 3532; x_wconf 81' lang='grc' dir='ltr'>εν</span> <span class='ocrx_word' id='word_1_429' title='bbox 1714 3483 1828 3539; x_wconf 89' lang='grc' dir='ltr'>τοῖς</span> <span class='ocrx_word' id='word_1_430' title='bbox 1862 3478 1957 3532; x_wconf 81' lang='grc' dir='ltr'>ἐπ-</span> 
     </span>
    </p>
   </div>
   <div class='ocr_carea' id='block_1_57' title="bbox 309 3566 1958 3650">
    <p class='ocr_par' dir='ltr' id='par_1_57' title="bbox 309 3566 1958 3650">
     <span class='ocr_line' id='line_1_59' title="bbox 309 3566 1958 3650; baseline -0.003 -22"><span class='ocrx_word' id='word_1_431' title='bbox 309 3573 581 3650; x_wconf 86' lang='grc' dir='ltr'>ουρανίοις</span> <span class='ocrx_word' id='word_1_432' title='bbox 606 3571 805 3645; x_wconf 66' lang='grc' dir='ltr'>ἀρχαῖς</span> <span class='ocrx_word' id='word_1_433' title='bbox 852 3570 939 3624; x_wconf 72' lang='grc' dir='ltr'>καὶ</span> <span class='ocrx_word' id='word_1_434' title='bbox 998 3569 1284 3643; x_wconf 73' lang='grc' dir='ltr'>ἐξουσίαις.</span> <span class='ocrx_word' id='word_1_435' title='bbox 1352 3592 1376 3621; x_wconf 69' lang='grc' dir='ltr'>α</span> <span class='ocrx_word' id='word_1_436' title='bbox 1409 3568 1504 3623; x_wconf 80' lang='grc' dir='ltr'>Διὰ</span> <span class='ocrx_word' id='word_1_437' title='bbox 1560 3574 1660 3636; x_wconf 69' lang='grc' dir='ltr'>τῆς</span> <span class='ocrx_word' id='word_1_438' title='bbox 1720 3566 1958 3638; x_wconf 67' lang='grc' dir='ltr'>Ἰἰκκλη-</span> 
     </span>
    </p>
   </div>
   <div class='ocr_carea' id='block_1_58' title="bbox 310 3654 1958 3735">
    <p class='ocr_par' dir='ltr' id='par_1_58' title="bbox 310 3654 1958 3735">
     <span class='ocr_line' id='line_1_60' title="bbox 310 3654 1958 3735; baseline -0.003 -18"><span class='ocrx_word' id='word_1_439' title='bbox 310 3664 451 3723; x_wconf 71' lang='grc' dir='ltr'>δίας,</span> <span class='ocrx_word' id='word_1_440' title='bbox 489 3687 517 3713; x_wconf 81' lang='grc'><strong>››</strong></span> <span class='ocrx_word' id='word_1_441' title='bbox 546 3663 673 3719; x_wconf 79' lang='grc' dir='ltr'>Ὀτε</span> <span class='ocrx_word' id='word_1_442' title='bbox 702 3661 805 3735; x_wconf 76' lang='grc' dir='ltr'>γαρ</span> <span class='ocrx_word' id='word_1_443' title='bbox 859 3663 1021 3733; x_wconf 70' lang='grc' dir='ltr'>ἡμεῖς</span> <span class='ocrx_word' id='word_1_444' title='bbox 1082 3658 1375 3732; x_wconf 72' lang='grc' dir='ltr'>ἐμάθομεν,</span> <span class='ocrx_word' id='word_1_445' title='bbox 1432 3658 1555 3711; x_wconf 83' lang='grc' dir='ltr'>τότε</span> <span class='ocrx_word' id='word_1_446' title='bbox 1610 3657 1845 3712; x_wconf 74' lang='grc' dir='ltr'>κάκεῖνοι</span> <span class='ocrx_word' id='word_1_447' title='bbox 1887 3654 1958 3712; x_wconf 82' lang='grc' dir='ltr'>δι’</span> 
     </span>
    </p>
   </div>
   <div class='ocr_carea' id='block_1_59' title="bbox 309 3743 1956 3823">
    <p class='ocr_par' dir='ltr' id='par_1_59' title="bbox 309 3743 1956 3823">
     <span class='ocr_line' id='line_1_61' title="bbox 309 3743 1956 3823; baseline -0.005 -16"><span class='ocrx_word' id='word_1_448' title='bbox 309 3756 495 3823; x_wconf 73' lang='grc' dir='ltr'>ἡμῶν,</span> <span class='ocrx_word' id='word_1_449' title='bbox 551 3751 781 3821; x_wconf 61' lang='grc' dir='ltr'>ὁρῶντες</span> <span class='ocrx_word' id='word_1_450' title='bbox 843 3750 942 3818; x_wconf 75' lang='grc' dir='ltr'>τήν</span> <span class='ocrx_word' id='word_1_451' title='bbox 1003 3746 1053 3817; x_wconf 81' lang='grc' dir='ltr'>ἐξ</span> <span class='ocrx_word' id='word_1_452' title='bbox 1110 3746 1277 3810; x_wconf 74' lang='grc' dir='ltr'>ἐθνῶν</span> <span class='ocrx_word' id='word_1_453' title='bbox 1333 3744 1678 3815; x_wconf 77' lang='grc' dir='ltr'>Ἐκκλησίαν,</span> <span class='ocrx_word' id='word_1_454' title='bbox 1739 3744 1828 3799; x_wconf 88' lang='grc' dir='ltr'>καὶ</span> <span class='ocrx_word' id='word_1_455' title='bbox 1887 3743 1956 3800; x_wconf 80' lang='grc' dir='ltr'>δι’</span> 
     </span>
    </p>
   </div>
   <div class='ocr_carea' id='block_1_60' title="bbox 306 3832 1958 3915">
    <p class='ocr_par' dir='ltr' id='par_1_60' title="bbox 306 3832 1958 3915">
     <span class='ocr_line' id='line_1_62' title="bbox 306 3832 1958 3915; baseline -0.006 -18"><span class='ocrx_word' id='word_1_456' title='bbox 306 3841 478 3910; x_wconf 69' lang='grc' dir='ltr'>αὐτῆς</span> <span class='ocrx_word' id='word_1_457' title='bbox 502 3839 576 3900; x_wconf 77' lang='grc' dir='ltr'>εἷς</span> <span class='ocrx_word' id='word_1_458' title='bbox 600 3843 797 3915; x_wconf 82' lang='grc' dir='ltr'>γνῶσιν</span> <span class='ocrx_word' id='word_1_459' title='bbox 821 3835 1277 3911; x_wconf 75' lang='grc' dir='ltr'>ὁδηγούμενοι.-</span> <span class='ocrx_word' id='word_1_460' title='bbox 1304 3836 1632 3909; x_wconf 63' lang='grc' dir='ltr'>[ΟΙΚΟΥΜ]</span> <span class='ocrx_word' id='word_1_461' title='bbox 1655 3860 1681 3885; x_wconf 76' lang='grc' dir='ltr'>ιι</span> <span class='ocrx_word' id='word_1_462' title='bbox 1698 3836 1767 3890; x_wconf 83' lang='grc' dir='ltr'><em>Ἢ</em></span> <span class='ocrx_word' id='word_1_463' title='bbox 1790 3832 1958 3888; x_wconf 89' lang='grc' dir='ltr'>πολυ-</span> 
     </span>
    </p>
   </div>
   <div class='ocr_carea' id='block_1_61' title="bbox 306 3926 1956 4002">
    <p class='ocr_par' dir='ltr' id='par_1_61' title="bbox 306 3926 1956 4002">
     <span class='ocr_line' id='line_1_63' title="bbox 306 3926 1956 4002; baseline -0.007 -14"><span class='ocrx_word' id='word_1_464' title='bbox 306 3932 582 3991; x_wconf 74' lang='grc' dir='ltr'>ποίκιλος.</span> <span class='ocrx_word' id='word_1_465' title='bbox 620 3955 646 3978; x_wconf 72' lang='grc' dir='ltr'>»ι</span> <span class='ocrx_word' id='word_1_466' title='bbox 683 3930 792 4002; x_wconf 86' lang='grc' dir='ltr'>Πρὸ</span> <span class='ocrx_word' id='word_1_467' title='bbox 821 3932 928 3982; x_wconf 80' lang='grc' dir='ltr'>τῶν</span> <span class='ocrx_word' id='word_1_468' title='bbox 963 3934 1062 3993; x_wconf 76' lang='grc' dir='ltr'>τῆς</span> <span class='ocrx_word' id='word_1_469' title='bbox 1096 3926 1555 3999; x_wconf 68' lang='grc' dir='ltr'>ἐνανθρωπῆσεως</span> <span class='ocrx_word' id='word_1_470' title='bbox 1609 3928 1704 3979; x_wconf 87' lang='grc' dir='ltr'>τοῦ</span> <span class='ocrx_word' id='word_1_471' title='bbox 1763 3930 1956 3990; x_wconf 83' lang='grc' dir='ltr'>Σωτῆ-</span> 
     </span>
    </p>
   </div>
   <div class='ocr_carea' id='block_1_62' title="bbox 308 4008 1951 4096">
    <p class='ocr_par' dir='ltr' id='par_1_62' title="bbox 308 4008 1951 4096">
     <span class='ocr_line' id='line_1_64' title="bbox 308 4008 1951 4096; baseline -0.007 -19"><span class='ocrx_word' id='word_1_472' title='bbox 308 4042 401 4096; x_wconf 76' lang='lat' dir='ltr'>po:</span> <span class='ocrx_word' id='word_1_473' title='bbox 434 4022 594 4093; x_wconf 68' lang='grc' dir='ltr'>ἡμῶν</span> <span class='ocrx_word' id='word_1_474' title='bbox 630 4014 1073 4094; x_wconf 69' lang='grc' dir='ltr'>χρόνων,απλῆν</span> <span class='ocrx_word' id='word_1_475' title='bbox 1117 4014 1404 4089; x_wconf 75' lang='grc' dir='ltr'>ἐγίνωσκον</span> <span class='ocrx_word' id='word_1_476' title='bbox 1462 4014 1518 4066; x_wconf 72' lang='grc' dir='ltr'>αἱ</span> <span class='ocrx_word' id='word_1_477' title='bbox 1565 4012 1811 4080; x_wconf 73' lang='grc' dir='ltr'>οὐράνιαι</span> <span class='ocrx_word' id='word_1_478' title='bbox 1862 4008 1951 4065; x_wconf 76' lang='grc' dir='ltr'>δυο</span> 
     </span>
    </p>
   </div>
   <div class='ocr_carea' id='block_1_63' title="bbox 304 4097 1953 4186">
    <p class='ocr_par' dir='ltr' id='par_1_63' title="bbox 304 4097 1953 4186">
     <span class='ocr_line' id='line_1_65' title="bbox 304 4097 1953 4186; baseline -0.006 -22"><span class='ocrx_word' id='word_1_479' title='bbox 304 4110 496 4183; x_wconf 80' lang='grc' dir='ltr'>νάμεις</span> <span class='ocrx_word' id='word_1_480' title='bbox 527 4112 625 4173; x_wconf 63' lang='grc' dir='ltr'>τήν</span> <span class='ocrx_word' id='word_1_481' title='bbox 659 4106 847 4186; x_wconf 56' lang='grc' dir='ltr'>σοφαί</span> <span class='ocrx_word' id='word_1_482' title='bbox 880 4109 974 4159; x_wconf 80' lang='grc' dir='ltr'>τοῦ</span> <span class='ocrx_word' id='word_1_483' title='bbox 1021 4108 1179 4169; x_wconf 68' lang='grc' dir='ltr'>Θεοῦ,</span> <span class='ocrx_word' id='word_1_484' title='bbox 1236 4102 1294 4156; x_wconf 79' lang='grc' dir='ltr'>ἐκ</span> <span class='ocrx_word' id='word_1_485' title='bbox 1358 4101 1526 4173; x_wconf 79' lang='grc' dir='ltr'>μόνου</span> <span class='ocrx_word' id='word_1_486' title='bbox 1579 4104 1676 4155; x_wconf 86' lang='grc' dir='ltr'>τοῦ</span> <span class='ocrx_word' id='word_1_487' title='bbox 1727 4097 1953 4155; x_wconf 79' lang='grc' dir='ltr'>δυνατοῦ</span> 
     </span>
    </p>
   </div>
   <div class='ocr_carea' id='block_1_64' title="bbox 305 4186 1950 4269">
    <p class='ocr_par' dir='ltr' id='par_1_64' title="bbox 305 4186 1950 4269">
     <span class='ocr_line' id='line_1_66' title="bbox 305 4186 1950 4269; baseline -0.009 -14"><span class='ocrx_word' id='word_1_488' title='bbox 305 4198 750 4268; x_wconf 33' lang='grc' dir='ltr'>κατοιεοουμὲνην</span> <span class='ocrx_word' id='word_1_489' title='bbox 803 4196 859 4246; x_wconf 90' lang='grc' dir='ltr'><strong>Ὀ</strong></span> <span class='ocrx_word' id='word_1_490' title='bbox 907 4194 1009 4269; x_wconf 65' lang='grc' dir='ltr'>γὰρ</span> <span class='ocrx_word' id='word_1_491' title='bbox 1066 4196 1133 4265; x_wconf 78' lang='grc' dir='ltr'>τῇ</span> <span class='ocrx_word' id='word_1_492' title='bbox 1186 4193 1332 4265; x_wconf 77' lang='grc' dir='ltr'>ὁρμῇ</span> <span class='ocrx_word' id='word_1_493' title='bbox 1381 4193 1478 4245; x_wconf 80' lang='grc' dir='ltr'>τοῦ</span> <span class='ocrx_word' id='word_1_494' title='bbox 1526 4188 1731 4245; x_wconf 75' lang='grc' dir='ltr'>οἶκείου</span> <span class='ocrx_word' id='word_1_495' title='bbox 1785 4186 1950 4257; x_wconf 80' lang='grc' dir='ltr'>θελή-</span> 
     </span>
    </p>
   </div>
   <div class='ocr_carea' id='block_1_65' title="bbox 310 4275 1954 4361">
    <p class='ocr_par' dir='ltr' id='par_1_65' title="bbox 310 4275 1954 4361">
     <span class='ocr_line' id='line_1_67' title="bbox 310 4275 1954 4361; baseline -0.008 -20"><span class='ocrx_word' id='word_1_496' title='bbox 310 4307 478 4361; x_wconf 80' lang='grc' dir='ltr'>ματος</span> <span class='ocrx_word' id='word_1_497' title='bbox 510 4285 777 4345; x_wconf 72' lang='grc' dir='ltr'>οὐσιώσας</span> <span class='ocrx_word' id='word_1_498' title='bbox 805 4283 869 4337; x_wconf 71' lang='grc' dir='ltr'>τα</span> <span class='ocrx_word' id='word_1_499' title='bbox 897 4283 1066 4337; x_wconf 67' lang='grc' dir='ltr'>πάντα</span> <span class='ocrx_word' id='word_1_500' title='bbox 1107 4280 1259 4347; x_wconf 65' lang='grc' dir='ltr'>Θεὸς,</span> <span class='ocrx_word' id='word_1_501' title='bbox 1309 4275 1533 4349; x_wconf 77' lang='grc' dir='ltr'>δυνάμει</span> <span class='ocrx_word' id='word_1_502' title='bbox 1583 4275 1954 4349; x_wconf 72' lang='grc' dir='ltr'>ἀκαταλήπτῳ</span> 
     </span>
    </p>
   </div>
   <div class='ocr_carea' id='block_1_66' title="bbox 304 4364 1952 4449">
    <p class='ocr_par' dir='ltr' id='par_1_66' title="bbox 304 4364 1952 4449">
     <span class='ocr_line' id='line_1_68' title="bbox 304 4364 1952 4449; baseline -0.008 -17"><span class='ocrx_word' id='word_1_503' title='bbox 304 4374 544 4446; x_wconf 60' lang='grc' dir='ltr'>διετήρει</span> <span class='ocrx_word' id='word_1_504' title='bbox 575 4373 710 4449; x_wconf 77' lang='grc' dir='ltr'>πρὸς</span> <span class='ocrx_word' id='word_1_505' title='bbox 744 4371 1012 4444; x_wconf 63' lang='grc' dir='ltr'>διαμονήν</span> <span class='ocrx_word' id='word_1_506' title='bbox 1047 4369 1115 4424; x_wconf 72' lang='grc' dir='ltr'>τὰ</span> <span class='ocrx_word' id='word_1_507' title='bbox 1172 4364 1671 4441; x_wconf 74' lang='grc' dir='ltr'>δημιουργηθέντα,</span> <span class='ocrx_word' id='word_1_508' title='bbox 1718 4365 1807 4421; x_wconf 80' lang='grc' dir='ltr'>καὶ</span> <span class='ocrx_word' id='word_1_509' title='bbox 1859 4364 1952 4419; x_wconf 82' lang='grc' dir='ltr'>οὐ-</span> 
     </span>
    </p>
   </div>
   <div class='ocr_carea' id='block_1_67' title="bbox 298 4454 1946 4533">
    <p class='ocr_par' dir='ltr' id='par_1_67' title="bbox 298 4454 1946 4533">
     <span class='ocr_line' id='line_1_69' title="bbox 298 4454 1946 4533; baseline -0.007 -14"><span class='ocrx_word' id='word_1_510' title='bbox 298 4466 384 4522; x_wconf 70' lang='grc' dir='ltr'>ὶέν</span> <span class='ocrx_word' id='word_1_511' title='bbox 415 4465 481 4533; x_wconf 76' lang='grc' dir='ltr'>ἦν</span> <span class='ocrx_word' id='word_1_512' title='bbox 511 4460 789 4529; x_wconf 85' lang='grc' dir='ltr'>ποικίλον,</span> <span class='ocrx_word' id='word_1_513' title='bbox 848 4458 975 4514; x_wconf 74' lang='grc' dir='ltr'>ἀλλ’</span> <span class='ocrx_word' id='word_1_514' title='bbox 1032 4458 1151 4513; x_wconf 74' lang='grc' dir='ltr'>οἷον</span> <span class='ocrx_word' id='word_1_515' title='bbox 1190 4456 1497 4530; x_wconf 81' lang='grc' dir='ltr'>ἐοεωρεῖτο,</span> <span class='ocrx_word' id='word_1_516' title='bbox 1554 4459 1800 4509; x_wconf 83' lang='grc' dir='ltr'>τοιοῦτον</span> <span class='ocrx_word' id='word_1_517' title='bbox 1858 4454 1946 4508; x_wconf 79' lang='grc' dir='ltr'>καὶ</span> 
     </span>
    </p>
   </div>
   <div class='ocr_carea' id='block_1_68' title="bbox 303 4516 2027 4627">
    <p class='ocr_par' dir='ltr' id='par_1_68' title="bbox 303 4516 2027 4627">
     <span class='ocr_line' id='line_1_70' title="bbox 303 4516 1495 4533; baseline 0.001 -11"><span class='ocrx_word' id='word_1_518' title='bbox 303 4516 375 4522; x_wconf 78' lang='lat'>--.</span> <span class='ocrx_word' id='word_1_519' title='bbox 424 4516 471 4533; x_wconf 53' lang='grc' dir='ltr'>τ</span> <span class='ocrx_word' id='word_1_520' title='bbox 522 4516 543 4517; x_wconf 53' lang='grc' dir='ltr'>η</span> <span class='ocrx_word' id='word_1_521' title='bbox 778 4516 789 4529; x_wconf 86' lang='lat'>,</span> <span class='ocrx_word' id='word_1_522' title='bbox 1227 4516 1240 4520; x_wconf 82' lang='lat'>-</span> <span class='ocrx_word' id='word_1_523' title='bbox 1329 4516 1338 4530; x_wconf 84' lang='grc'>,</span> <span class='ocrx_word' id='word_1_524' title='bbox 1486 4516 1495 4523; x_wconf 92' lang='grc'>,</span> 
     </span>
     <span class='ocr_line' id='line_1_71' title="bbox 303 4516 2027 4627; baseline -0.008 -18"><span class='ocrx_word' id='word_1_525' title='bbox 303 4554 543 4627; x_wconf 71' lang='grc' dir='ltr'>ὑπῆρχε.</span> <span class='ocrx_word' id='word_1_526' title='bbox 582 4554 686 4606; x_wconf 66' lang='grc' dir='ltr'>Νῦν</span> <span class='ocrx_word' id='word_1_527' title='bbox 721 4546 778 4603; x_wconf 76' lang='grc' dir='ltr'><strong>δέ</strong></span> <span class='ocrx_word' id='word_1_528' title='bbox 808 4569 871 4625; x_wconf 88' lang='grc' dir='ltr'>γε</span> <span class='ocrx_word' id='word_1_529' title='bbox 902 4546 992 4601; x_wconf 81' lang='grc' dir='ltr'>διὰ</span> <span class='ocrx_word' id='word_1_530' title='bbox 1042 4553 1143 4614; x_wconf 71' lang='grc' dir='ltr'>τῆς</span> <span class='ocrx_word' id='word_1_531' title='bbox 1196 4545 1272 4600; x_wconf 77' lang='grc' dir='ltr'>εὶς</span> <span class='ocrx_word' id='word_1_532' title='bbox 1328 4545 1427 4612; x_wconf 74' lang='grc' dir='ltr'>τήν</span> <span class='ocrx_word' id='word_1_533' title='bbox 1486 4542 1809 4610; x_wconf 73' lang='grc' dir='ltr'>Ἐκκλησίαν</span> <span class='ocrx_word' id='word_1_534' title='bbox 1859 4541 1949 4595; x_wconf 87' lang='grc' dir='ltr'>καὶ</span> <span class='ocrx_word' id='word_1_535' title='bbox 1986 4516 2027 4580; x_wconf 81' lang='lat' dir='ltr'>D</span> 
     </span>
    </p>
   </div>
   <div class='ocr_carea' id='block_1_69' title="bbox 302 4628 1950 4712">
    <p class='ocr_par' dir='ltr' id='par_1_69' title="bbox 302 4628 1950 4712">
     <span class='ocr_line' id='line_1_72' title="bbox 302 4628 1950 4712; baseline -0.008 -13"><span class='ocrx_word' id='word_1_536' title='bbox 302 4643 366 4699; x_wconf 80' lang='grc' dir='ltr'>τὸ</span> <span class='ocrx_word' id='word_1_537' title='bbox 423 4640 764 4708; x_wconf 74' lang='grc' dir='ltr'>ἀνθρώπινον</span> <span class='ocrx_word' id='word_1_538' title='bbox 815 4637 964 4712; x_wconf 79' lang='grc' dir='ltr'>γὲνος</span> <span class='ocrx_word' id='word_1_539' title='bbox 1046 4633 1379 4706; x_wconf 47' lang='grc' dir='ltr'>οδκονομίας,</span> <span class='ocrx_word' id='word_1_540' title='bbox 1467 4632 1565 4687; x_wconf 84' lang='grc' dir='ltr'>οὐκ</span> <span class='ocrx_word' id='word_1_541' title='bbox 1643 4628 1719 4686; x_wconf 79' lang='grc' dir='ltr'>ἔτι</span> <span class='ocrx_word' id='word_1_542' title='bbox 1788 4630 1950 4704; x_wconf 80' lang='grc' dir='ltr'>μόνον</span> 
     </span>
    </p>
   </div>
   <div class='ocr_carea' id='block_1_70' title="bbox 302 4721 1950 4799">
    <p class='ocr_par' dir='ltr' id='par_1_70' title="bbox 302 4721 1950 4799">
     <span class='ocr_line' id='line_1_73' title="bbox 302 4721 1950 4799; baseline -0.007 -14"><span class='ocrx_word' id='word_1_543' title='bbox 302 4730 477 4798; x_wconf 80' lang='grc' dir='ltr'>ἁπλῆ,</span> <span class='ocrx_word' id='word_1_544' title='bbox 522 4725 669 4784; x_wconf 82' lang='grc' dir='ltr'>ἀλλὰ</span> <span class='ocrx_word' id='word_1_545' title='bbox 726 4726 816 4781; x_wconf 82' lang='grc' dir='ltr'>καὶ</span> <span class='ocrx_word' id='word_1_546' title='bbox 855 4721 1262 4786; x_wconf 82' lang='grc' dir='ltr'>πολυποίκιλος</span> <span class='ocrx_word' id='word_1_547' title='bbox 1317 4722 1559 4799; x_wconf 76' lang='grc' dir='ltr'>ἐγνώσθη</span> <span class='ocrx_word' id='word_1_548' title='bbox 1592 4722 1625 4791; x_wconf 84' lang='grc' dir='ltr'>ἠ</span> <span class='ocrx_word' id='word_1_549' title='bbox 1656 4721 1817 4798; x_wconf 74' lang='grc' dir='ltr'>σοφία</span> <span class='ocrx_word' id='word_1_550' title='bbox 1855 4724 1950 4774; x_wconf 89' lang='grc' dir='ltr'>τοῦ</span> 
     </span>
    </p>
   </div>
   <div class='ocr_carea' id='block_1_71' title="bbox 304 4805 1951 4884">
    <p class='ocr_par' dir='ltr' id='par_1_71' title="bbox 304 4805 1951 4884">
     <span class='ocr_line' id='line_1_74' title="bbox 304 4805 1951 4884; baseline -0.007 -10"><span class='ocrx_word' id='word_1_551' title='bbox 304 4822 458 4884; x_wconf 88' lang='grc' dir='ltr'>Θεοῦ,</span> <span class='ocrx_word' id='word_1_552' title='bbox 494 4816 582 4870; x_wconf 75' lang='grc' dir='ltr'>διὰ</span> <span class='ocrx_word' id='word_1_553' title='bbox 610 4821 717 4871; x_wconf 80' lang='grc' dir='ltr'>τῶν</span> <span class='ocrx_word' id='word_1_554' title='bbox 768 4813 1017 4869; x_wconf 81' lang='grc' dir='ltr'>ἐναντίων</span> <span class='ocrx_word' id='word_1_555' title='bbox 1072 4812 1138 4867; x_wconf 80' lang='grc' dir='ltr'>τὰ</span> <span class='ocrx_word' id='word_1_556' title='bbox 1186 4810 1393 4865; x_wconf 82' lang='grc' dir='ltr'>ἐναντία</span> <span class='ocrx_word' id='word_1_557' title='bbox 1450 4811 1804 4882; x_wconf 71' lang='grc' dir='ltr'>κατορθοῦσα·</span> <span class='ocrx_word' id='word_1_558' title='bbox 1862 4805 1951 4863; x_wconf 75' lang='grc' dir='ltr'>διὰ</span> 
     </span>
    </p>
   </div>
   <div class='ocr_carea' id='block_1_72' title="bbox 307 4897 1948 4976">
    <p class='ocr_par' dir='ltr' id='par_1_72' title="bbox 307 4897 1948 4976">
     <span class='ocr_line' id='line_1_75' title="bbox 307 4897 1948 4976; baseline -0.008 -13"><span class='ocrx_word' id='word_1_559' title='bbox 307 4908 555 4976; x_wconf 73' lang='grc' dir='ltr'>θανάτου,</span> <span class='ocrx_word' id='word_1_560' title='bbox 614 4908 779 4975; x_wconf 71' lang='grc' dir='ltr'>ζωήψ</span> <span class='ocrx_word' id='word_1_561' title='bbox 868 4901 936 4955; x_wconf 82' lang='grc' dir='ltr'>δι’</span> <span class='ocrx_word' id='word_1_562' title='bbox 1015 4901 1237 4973; x_wconf 80' lang='grc' dir='ltr'>ἀτιμίας</span> <span class='ocrx_word' id='word_1_563' title='bbox 1297 4897 1469 4972; x_wconf 79' lang='grc' dir='ltr'>δόξαν·</span> <span class='ocrx_word' id='word_1_564' title='bbox 1541 4897 1630 4953; x_wconf 73' lang='grc' dir='ltr'>διὰ</span> <span class='ocrx_word' id='word_1_565' title='bbox 1696 4902 1948 4972; x_wconf 84' lang='grc' dir='ltr'>σταυροῦ,</span> 
     </span>
    </p>
   </div>
   <div class='ocr_carea' id='block_1_73' title="bbox 304 4988 1948 5071">
    <p class='ocr_par' dir='ltr' id='par_1_73' title="bbox 304 4988 1948 5071">
     <span class='ocr_line' id='line_1_76' title="bbox 304 4988 1948 5071; baseline -0.007 -18"><span class='ocrx_word' id='word_1_566' title='bbox 304 4999 585 5071; x_wconf 74' lang='grc' dir='ltr'>τρόπαιοψ</span> <span class='ocrx_word' id='word_1_567' title='bbox 646 4990 733 5048; x_wconf 73' lang='grc' dir='ltr'>διὰ</span> <span class='ocrx_word' id='word_1_568' title='bbox 781 4993 995 5047; x_wconf 78' lang='grc' dir='ltr'>πάντων</span> <span class='ocrx_word' id='word_1_569' title='bbox 1058 4995 1163 5044; x_wconf 80' lang='grc' dir='ltr'>τῶν</span> <span class='ocrx_word' id='word_1_570' title='bbox 1220 4988 1477 5054; x_wconf 77' lang='grc' dir='ltr'>εὐτελῶν,</span> <span class='ocrx_word' id='word_1_571' title='bbox 1534 4988 1601 5042; x_wconf 72' lang='grc' dir='ltr'>τὰ</span> <span class='ocrx_word' id='word_1_572' title='bbox 1655 4989 1948 5060; x_wconf 79' lang='grc' dir='ltr'>θεοπρεπῆ.</span> 
     </span>
    </p>
   </div>
   <div class='ocr_carea' id='block_1_74' title="bbox 306 5075 1952 5154">
    <p class='ocr_par' dir='ltr' id='par_1_74' title="bbox 306 5075 1952 5154">
     <span class='ocr_line' id='line_1_77' title="bbox 306 5075 1952 5154; baseline -0.009 -11"><span class='ocrx_word' id='word_1_573' title='bbox 306 5087 403 5143; x_wconf 81' lang='grc' dir='ltr'>Διὰ</span> <span class='ocrx_word' id='word_1_574' title='bbox 437 5086 650 5151; x_wconf 73' lang='grc' dir='ltr'>οῦντῆς</span> <span class='ocrx_word' id='word_1_575' title='bbox 699 5084 858 5154; x_wconf 73' lang='grc' dir='ltr'>ἡμῶν</span> <span class='ocrx_word' id='word_1_576' title='bbox 920 5078 1237 5151; x_wconf 62' lang='grc' dir='ltr'>οἰκονομίας</span> <span class='ocrx_word' id='word_1_577' title='bbox 1299 5085 1398 5146; x_wconf 72' lang='grc' dir='ltr'>τῆς</span> <span class='ocrx_word' id='word_1_578' title='bbox 1454 5076 1504 5133; x_wconf 74' lang='grc' dir='ltr'>ἐν</span> <span class='ocrx_word' id='word_1_579' title='bbox 1564 5080 1631 5149; x_wconf 80' lang='grc' dir='ltr'>τῇ</span> <span class='ocrx_word' id='word_1_580' title='bbox 1694 5075 1952 5148; x_wconf 80' lang='grc' dir='ltr'>ἑνανθρω-</span> 
     </span>
    </p>
   </div>
   <div class='ocr_carea' id='block_1_75' title="bbox 301 5165 1947 5248">
    <p class='ocr_par' dir='ltr' id='par_1_75' title="bbox 301 5165 1947 5248">
     <span class='ocr_line' id='line_1_78' title="bbox 301 5165 1947 5248; baseline -0.008 -17"><span class='ocrx_word' id='word_1_581' title='bbox 301 5178 462 5245; x_wconf 65' lang='grc' dir='ltr'>πῆσει</span> <span class='ocrx_word' id='word_1_582' title='bbox 493 5173 813 5248; x_wconf 76' lang='grc' dir='ltr'>γενομένης,</span> <span class='ocrx_word' id='word_1_583' title='bbox 871 5166 1275 5226; x_wconf 55' lang='grc' dir='ltr'>πολυποίκιλος</span> <span class='ocrx_word' id='word_1_584' title='bbox 1324 5167 1566 5242; x_wconf 78' lang='grc' dir='ltr'>ἐγνώσθη</span> <span class='ocrx_word' id='word_1_585' title='bbox 1598 5168 1633 5235; x_wconf 79' lang='grc' dir='ltr'>ἡ</span> <span class='ocrx_word' id='word_1_586' title='bbox 1668 5166 1829 5243; x_wconf 73' lang='grc' dir='ltr'>σοφία</span> <span class='ocrx_word' id='word_1_587' title='bbox 1860 5165 1947 5219; x_wconf 84' lang='grc' dir='ltr'>καὶ</span> 
     </span>
    </p>
   </div>
   <div class='ocr_carea' id='block_1_76' title="bbox 304 5252 1947 5335">
    <p class='ocr_par' dir='ltr' id='par_1_76' title="bbox 304 5252 1947 5335">
     <span class='ocr_line' id='line_1_79' title="bbox 304 5252 1947 5335; baseline -0.009 -15"><span class='ocrx_word' id='word_1_588' title='bbox 304 5269 338 5335; x_wconf 81' lang='grc' dir='ltr'><strong>ἡ</strong></span> <span class='ocrx_word' id='word_1_589' title='bbox 376 5265 606 5333; x_wconf 70' lang='grc' dir='ltr'>δύναμις</span> <span class='ocrx_word' id='word_1_590' title='bbox 638 5265 734 5316; x_wconf 89' lang='grc' dir='ltr'>τοῦ</span> <span class='ocrx_word' id='word_1_591' title='bbox 765 5263 899 5314; x_wconf 83' lang='grc' dir='ltr'>Θεοῦ</span> <span class='ocrx_word' id='word_1_592' title='bbox 928 5263 1047 5317; x_wconf 85' lang='grc' dir='ltr'>ταῖς</span> <span class='ocrx_word' id='word_1_593' title='bbox 1076 5255 1345 5328; x_wconf 77' lang='grc' dir='ltr'>οὐρανίαις</span> <span class='ocrx_word' id='word_1_594' title='bbox 1399 5253 1712 5326; x_wconf 65' lang='grc' dir='ltr'>δυνάμεσιν.</span> <span class='ocrx_word' id='word_1_595' title='bbox 1766 5252 1947 5315; x_wconf 69' lang='grc' dir='ltr'>Οὕτως</span> 
     </span>
    </p>
   </div>
   <div class='ocr_carea' id='block_1_77' title="bbox 307 5343 1947 5426">
    <p class='ocr_par' dir='ltr' id='par_1_77' title="bbox 307 5343 1947 5426">
     <span class='ocr_line' id='line_1_80' title="bbox 307 5343 1947 5426; baseline -0.002 -21"><span class='ocrx_word' id='word_1_596' title='bbox 307 5355 335 5409; x_wconf 83' lang='grc' dir='ltr'>ὁ</span> <span class='ocrx_word' id='word_1_597' title='bbox 370 5353 420 5407; x_wconf 75' lang='grc' dir='ltr'>ἐν</span> <span class='ocrx_word' id='word_1_598' title='bbox 448 5352 618 5426; x_wconf 76' lang='grc' dir='ltr'>ἁγίοις</span> <span class='ocrx_word' id='word_1_599' title='bbox 653 5348 972 5421; x_wconf 73' lang='grc' dir='ltr'>ι’ρηγόριος,</span> <span class='ocrx_word' id='word_1_600' title='bbox 1005 5345 1055 5399; x_wconf 79' lang='grc' dir='ltr'>ἐν</span> <span class='ocrx_word' id='word_1_601' title='bbox 1082 5349 1149 5418; x_wconf 80' lang='grc' dir='ltr'>τῇ</span> <span class='ocrx_word' id='word_1_602' title='bbox 1184 5344 1355 5419; x_wconf 77' lang='grc' dir='ltr'>ὀγδόῃ</span> <span class='ocrx_word' id='word_1_603' title='bbox 1405 5343 1600 5418; x_wconf 73' lang='grc' dir='ltr'>ὁμιλίᾳ</span> <span class='ocrx_word' id='word_1_604' title='bbox 1640 5352 1738 5412; x_wconf 74' lang='grc' dir='ltr'>τῆς</span> <span class='ocrx_word' id='word_1_605' title='bbox 1777 5348 1947 5418; x_wconf 72' lang='grc' dir='ltr'>ἑρμη-</span> 
     </span>
    </p>
   </div>
   <div class='ocr_carea' id='block_1_78' title="bbox 305 5432 1949 5510">
    <p class='ocr_par' dir='ltr' id='par_1_78' title="bbox 305 5432 1949 5510">
     <span class='ocr_line' id='line_1_81' title="bbox 305 5432 1949 5510; baseline -0.005 -14"><span class='ocrx_word' id='word_1_606' title='bbox 305 5441 446 5500; x_wconf 77' lang='grc' dir='ltr'>νείας</span> <span class='ocrx_word' id='word_1_607' title='bbox 476 5444 582 5494; x_wconf 81' lang='grc' dir='ltr'>τῶν</span> <span class='ocrx_word' id='word_1_608' title='bbox 614 5437 947 5510; x_wconf 70' lang='grc' dir='ltr'>ι’ᾼσματωνο</span> <span class='ocrx_word' id='word_1_609' title='bbox 1009 5434 1070 5489; x_wconf 84' lang='grc' dir='ltr'>οὐ</span> <span class='ocrx_word' id='word_1_610' title='bbox 1131 5434 1294 5506; x_wconf 85' lang='grc' dir='ltr'>μόνον</span> <span class='ocrx_word' id='word_1_611' title='bbox 1350 5432 1602 5503; x_wconf 82' lang='grc' dir='ltr'>ποικίλη,</span> <span class='ocrx_word' id='word_1_612' title='bbox 1660 5433 1805 5490; x_wconf 81' lang='grc' dir='ltr'>ἀλλὰ</span> <span class='ocrx_word' id='word_1_613' title='bbox 1862 5435 1949 5489; x_wconf 83' lang='grc' dir='ltr'>καὶ</span> 
     </span>
    </p>
   </div>
   <div class='ocr_carea' id='block_1_79' title="bbox 380 5597 1467 5669">
    <p class='ocr_par' dir='ltr' id='par_1_79' title="bbox 380 5597 1467 5669">
     <span class='ocr_line' id='line_1_82' title="bbox 380 5597 1467 5669; baseline -0.005 -12"><span class='ocrx_word' id='word_1_614' title='bbox 380 5604 424 5641; x_wconf 73' lang='grc' dir='ltr'>ι’</span> <span class='ocrx_word' id='word_1_615' title='bbox 457 5603 624 5657; x_wconf 81' lang='lat' dir='ltr'>Deut.</span> <span class='ocrx_word' id='word_1_616' title='bbox 657 5615 836 5669; x_wconf 68' lang='grc' dir='ltr'>χχιιι,</span> <span class='ocrx_word' id='word_1_617' title='bbox 865 5598 919 5653; x_wconf 80' lang='lat'>9.</span> <span class='ocrx_word' id='word_1_618' title='bbox 998 5598 1045 5633; x_wconf 75' lang='grc' dir='ltr'><strong><em>ὀ</em></strong></span> <span class='ocrx_word' id='word_1_619' title='bbox 1074 5597 1273 5654; x_wconf 79' lang='lat' dir='ltr'>Matth.</span> <span class='ocrx_word' id='word_1_620' title='bbox 1309 5614 1347 5666; x_wconf 88' lang='grc' dir='ltr'>ι,</span> <span class='ocrx_word' id='word_1_621' title='bbox 1379 5600 1467 5653; x_wconf 79' lang='grc'>21.</span> 
     </span>
    </p>
   </div>
   <div class='ocr_carea' id='block_1_80' title="bbox 2076 1872 3727 1947">
    <p class='ocr_par' dir='ltr' id='par_1_80' title="bbox 2076 1872 3727 1947">
     <span class='ocr_line' id='line_1_83' title="bbox 2076 1872 3727 1947; baseline 0.004 -21"><span class='ocrx_word' id='word_1_622' title='bbox 2076 1872 2233 1927; x_wconf 77' lang='lat' dir='ltr'>varia</span> <span class='ocrx_word' id='word_1_623' title='bbox 2254 1875 2531 1943; x_wconf 79' lang='lat' dir='ltr'>sapientia</span> <span class='ocrx_word' id='word_1_624' title='bbox 2556 1878 2668 1933; x_wconf 84' lang='lat' dir='ltr'>Dei.</span> <span class='ocrx_word' id='word_1_625' title='bbox 2687 1878 2977 1931; x_wconf 83' lang='lat' dir='ltr'>secundum</span> <span class='ocrx_word' id='word_1_626' title='bbox 2997 1880 3355 1947; x_wconf 78' lang='lat' dir='ltr'>praepositum</span> <span class='ocrx_word' id='word_1_627' title='bbox 3384 1878 3727 1945; x_wconf 69' lang='lat' dir='ltr'>saeculorum,</span> 
     </span>
    </p>
   </div>
   <div class='ocr_carea' id='block_1_81' title="bbox 2075 1964 3731 2038">
    <p class='ocr_par' dir='ltr' id='par_1_81' title="bbox 2075 1964 3731 2038">
     <span class='ocr_line' id='line_1_84' title="bbox 2075 1964 3731 2038; baseline 0.005 -25"><span class='ocrx_word' id='word_1_628' title='bbox 2075 1964 2224 2032; x_wconf 81' lang='lat' dir='ltr'>quod</span> <span class='ocrx_word' id='word_1_629' title='bbox 2250 1965 2384 2031; x_wconf 80' lang='lat' dir='ltr'>fecit</span> <span class='ocrx_word' id='word_1_630' title='bbox 2420 1966 2477 2017; x_wconf 87' lang='lat' dir='ltr'>in</span> <span class='ocrx_word' id='word_1_631' title='bbox 2511 1966 2721 2019; x_wconf 78' lang='lat' dir='ltr'>Christo</span> <span class='ocrx_word' id='word_1_632' title='bbox 2746 1969 2871 2020; x_wconf 83' lang='lat' dir='ltr'>Jesu</span> <span class='ocrx_word' id='word_1_633' title='bbox 2908 1968 3129 2020; x_wconf 83' lang='lat' dir='ltr'>Domino</span> <span class='ocrx_word' id='word_1_634' title='bbox 3167 1975 3375 2025; x_wconf 86' lang='lat' dir='ltr'>nostra.</span> <span class='ocrx_word' id='word_1_635' title='bbox 3424 1985 3524 2037; x_wconf 77' lang='lat' dir='ltr'>per</span> <span class='ocrx_word' id='word_1_636' title='bbox 3572 1985 3731 2038; x_wconf 85' lang='lat' dir='ltr'>quem</span> 
     </span>
    </p>
   </div>
   <div class='ocr_carea' id='block_1_82' title="bbox 2078 2050 3732 2125">
    <p class='ocr_par' dir='ltr' id='par_1_82' title="bbox 2078 2050 3732 2125">
     <span class='ocr_line' id='line_1_85' title="bbox 2078 2050 3732 2125; baseline 0.004 -22"><span class='ocrx_word' id='word_1_637' title='bbox 2078 2050 2335 2107; x_wconf 82' lang='lat' dir='ltr'>habemus</span> <span class='ocrx_word' id='word_1_638' title='bbox 2367 2053 2673 2108; x_wconf 81' lang='lat' dir='ltr'>libertatem</span> <span class='ocrx_word' id='word_1_639' title='bbox 2704 2062 2755 2108; x_wconf 89' lang='lat' dir='ltr'>et</span> <span class='ocrx_word' id='word_1_640' title='bbox 2800 2056 3009 2109; x_wconf 81' lang='lat' dir='ltr'>aditum</span> <span class='ocrx_word' id='word_1_641' title='bbox 3061 2072 3181 2109; x_wconf 87' lang='lat' dir='ltr'>cum</span> <span class='ocrx_word' id='word_1_642' title='bbox 3231 2057 3435 2125; x_wconf 79' lang='lat' dir='ltr'>ﬁducia</span> <span class='ocrx_word' id='word_1_643' title='bbox 3483 2072 3604 2125; x_wconf 66' lang='lat' dir='ltr'>quae</span> <span class='ocrx_word' id='word_1_644' title='bbox 3653 2062 3732 2111; x_wconf 83' lang='lat' dir='ltr'>est</span> 
     </span>
    </p>
   </div>
   <div class='ocr_carea' id='block_1_83' title="bbox 2072 2142 3727 2214">
    <p class='ocr_par' dir='ltr' id='par_1_83' title="bbox 2072 2142 3727 2214">
     <span class='ocr_line' id='line_1_86' title="bbox 2072 2142 3727 2214; baseline 0.004 -21"><span class='ocrx_word' id='word_1_645' title='bbox 2072 2158 2179 2211; x_wconf 83' lang='lat' dir='ltr'>per</span> <span class='ocrx_word' id='word_1_646' title='bbox 2205 2143 2366 2209; x_wconf 76' lang='lat' dir='ltr'>ﬁdem</span> <span class='ocrx_word' id='word_1_647' title='bbox 2425 2143 2618 2213; x_wconf 78' lang='lat' dir='ltr'>ipsius.</span> <span class='ocrx_word' id='word_1_648' title='bbox 2682 2146 3030 2214; x_wconf 68' lang='lat' dir='ltr'>Quapropter</span> <span class='ocrx_word' id='word_1_649' title='bbox 3072 2151 3201 2214; x_wconf 72' lang='lat' dir='ltr'>peto</span> <span class='ocrx_word' id='word_1_650' title='bbox 3252 2161 3317 2199; x_wconf 80' lang='lat' dir='ltr'>ne</span> <span class='ocrx_word' id='word_1_651' title='bbox 3347 2145 3612 2213; x_wconf 80' lang='lat' dir='ltr'>deﬁciatis</span> <span class='ocrx_word' id='word_1_652' title='bbox 3664 2142 3727 2199; x_wconf 81' lang='lat' dir='ltr'>ob</span> 
     </span>
    </p>
   </div>
   <div class='ocr_carea' id='block_1_84' title="bbox 2075 2232 3718 2308">
    <p class='ocr_par' dir='ltr' id='par_1_84' title="bbox 2075 2232 3718 2308">
     <span class='ocr_line' id='line_1_87' title="bbox 2075 2232 3718 2308; baseline 0.004 -23"><span class='ocrx_word' id='word_1_653' title='bbox 2075 2232 2408 2301; x_wconf 78' lang='lat' dir='ltr'>afﬂictiones</span> <span class='ocrx_word' id='word_1_654' title='bbox 2439 2251 2581 2289; x_wconf 86' lang='lat' dir='ltr'>meas</span> <span class='ocrx_word' id='word_1_655' title='bbox 2606 2252 2741 2305; x_wconf 87' lang='lat' dir='ltr'>quas</span> <span class='ocrx_word' id='word_1_656' title='bbox 2766 2254 2871 2306; x_wconf 78' lang='lat' dir='ltr'>pro</span> <span class='ocrx_word' id='word_1_657' title='bbox 2900 2236 3050 2291; x_wconf 75' lang='lat' dir='ltr'>vobis</span> <span class='ocrx_word' id='word_1_658' title='bbox 3081 2237 3271 2300; x_wconf 85' lang='lat' dir='ltr'>tolero,</span> <span class='ocrx_word' id='word_1_659' title='bbox 3306 2253 3427 2308; x_wconf 70' lang='lat' dir='ltr'>quae</span> <span class='ocrx_word' id='word_1_660' title='bbox 3466 2243 3541 2292; x_wconf 87' lang='lat' dir='ltr'>est</span> <span class='ocrx_word' id='word_1_661' title='bbox 3595 2238 3718 2308; x_wconf 78' lang='lat' dir='ltr'>glo-</span> 
     </span>
    </p>
   </div>
   <div class='ocr_carea' id='block_1_85' title="bbox 2076 2325 2395 2377">
    <p class='ocr_par' dir='ltr' id='par_1_85' title="bbox 2076 2325 2395 2377">
     <span class='ocr_line' id='line_1_88' title="bbox 2076 2325 2395 2377; baseline 0.006 -3"><span class='ocrx_word' id='word_1_662' title='bbox 2076 2325 2164 2375; x_wconf 86' lang='lat' dir='ltr'>ria</span> <span class='ocrx_word' id='word_1_663' title='bbox 2201 2330 2395 2377; x_wconf 76' lang='lat' dir='ltr'>vestra.</span> 
     </span>
    </p>
   </div>
   <div class='ocr_carea' id='block_1_86' title="bbox 2146 2414 3730 2487">
    <p class='ocr_par' dir='ltr' id='par_1_86' title="bbox 2146 2414 3730 2487">
     <span class='ocr_line' id='line_1_89' title="bbox 2146 2414 3730 2487; baseline 0.003 -18"><span class='ocrx_word' id='word_1_664' title='bbox 2146 2434 2174 2461; x_wconf 84' lang='lat'>«</span> <span class='ocrx_word' id='word_1_665' title='bbox 2207 2414 2277 2469; x_wconf 90' lang='lat' dir='ltr'>Ut</span> <span class='ocrx_word' id='word_1_666' title='bbox 2307 2420 2447 2468; x_wconf 90' lang='lat' dir='ltr'>nota</span> <span class='ocrx_word' id='word_1_667' title='bbox 2478 2414 2579 2469; x_wconf 86' lang='lat' dir='ltr'>fiat</span> <span class='ocrx_word' id='word_1_668' title='bbox 2608 2431 2786 2470; x_wconf 89' lang='lat' dir='ltr'>nunc.</span> <span class='ocrx_word' id='word_1_669' title='bbox 2826 2440 2844 2461; x_wconf 83' lang='lat'><strong>-</strong></span> <span class='ocrx_word' id='word_1_670' title='bbox 2884 2415 3187 2486; x_wconf 88' lang='lat' dir='ltr'>Siquidem</span> <span class='ocrx_word' id='word_1_671' title='bbox 3219 2417 3377 2487; x_wconf 88' lang='lat' dir='ltr'>quod</span> <span class='ocrx_word' id='word_1_672' title='bbox 3400 2418 3550 2472; x_wconf 78' lang='lat' dir='ltr'>facta</span> <span class='ocrx_word' id='word_1_673' title='bbox 3573 2422 3730 2473; x_wconf 78' lang='lat' dir='ltr'>esset</span> 
     </span>
    </p>
   </div>
   <div class='ocr_carea' id='block_1_87' title="bbox 2073 2502 3723 2577">
    <p class='ocr_par' dir='ltr' id='par_1_87' title="bbox 2073 2502 3723 2577">
     <span class='ocr_line' id='line_1_90' title="bbox 2073 2502 3723 2577; baseline 0.005 -23"><span class='ocrx_word' id='word_1_674' title='bbox 2073 2517 2209 2573; x_wconf 90' lang='lat' dir='ltr'>pars</span> <span class='ocrx_word' id='word_1_675' title='bbox 2242 2502 2473 2556; x_wconf 89' lang='lat' dir='ltr'>Domini</span> <span class='ocrx_word' id='word_1_676' title='bbox 2508 2504 2763 2574; x_wconf 89' lang='lat' dir='ltr'>populus</span> <span class='ocrx_word' id='word_1_677' title='bbox 2791 2505 2968 2560; x_wconf 82' lang='lat' dir='ltr'>Jacob</span> <span class='ocrx_word' id='word_1_678' title='bbox 3000 2508 3062 2571; x_wconf 68' lang='grc' dir='ltr'>η,</span> <span class='ocrx_word' id='word_1_679' title='bbox 3097 2513 3421 2560; x_wconf 88' lang='lat' dir='ltr'>noverant:</span> <span class='ocrx_word' id='word_1_680' title='bbox 3464 2508 3533 2560; x_wconf 83' lang='lat' dir='ltr'>Et</span> <span class='ocrx_word' id='word_1_681' title='bbox 3564 2506 3723 2577; x_wconf 88' lang='lat' dir='ltr'>quod</span> 
     </span>
    </p>
   </div>
   <div class='ocr_carea' id='block_1_88' title="bbox 2076 2590 3720 2663">
    <p class='ocr_par' dir='ltr' id='par_1_88' title="bbox 2076 2590 3720 2663">
     <span class='ocr_line' id='line_1_91' title="bbox 2076 2590 3720 2663; baseline 0.003 -19"><span class='ocrx_word' id='word_1_682' title='bbox 2076 2590 2403 2646; x_wconf 85' lang='lat' dir='ltr'>salvaturus</span> <span class='ocrx_word' id='word_1_683' title='bbox 2436 2599 2595 2647; x_wconf 87' lang='lat' dir='ltr'>esset</span> <span class='ocrx_word' id='word_1_684' title='bbox 2623 2594 2907 2663; x_wconf 90' lang='lat' dir='ltr'>populum</span> <span class='ocrx_word' id='word_1_685' title='bbox 2942 2611 3135 2651; x_wconf 89' lang='lat' dir='ltr'>suum.</span> <span class='ocrx_word' id='word_1_686' title='bbox 3169 2594 3317 2649; x_wconf 85' lang='lat' dir='ltr'>dixit</span> <span class='ocrx_word' id='word_1_687' title='bbox 3347 2594 3583 2651; x_wconf 85' lang='lat' dir='ltr'>Gabriel</span> <span class='ocrx_word' id='word_1_688' title='bbox 3632 2596 3720 2649; x_wconf 86' lang='lat' dir='ltr'>lo-</span> 
     </span>
    </p>
   </div>
   <div class='ocr_carea' id='block_1_89' title="bbox 2075 2679 3725 2753">
    <p class='ocr_par' dir='ltr' id='par_1_89' title="bbox 2075 2679 3725 2753">
     <span class='ocr_line' id='line_1_92' title="bbox 2075 2679 3725 2753; baseline 0.002 -19"><span class='ocrx_word' id='word_1_689' title='bbox 2075 2696 2261 2750; x_wconf 89' lang='lat' dir='ltr'>quens</span> <span class='ocrx_word' id='word_1_690' title='bbox 2293 2679 2363 2735; x_wconf 90' lang='lat' dir='ltr'>de</span> <span class='ocrx_word' id='word_1_691' title='bbox 2396 2680 2577 2735; x_wconf 88' lang='lat' dir='ltr'>Israel</span> <span class='ocrx_word' id='word_1_692' title='bbox 2609 2680 2693 2734; x_wconf 65' lang='lat'>2°:</span> <span class='ocrx_word' id='word_1_693' title='bbox 2727 2682 2885 2753; x_wconf 90' lang='lat' dir='ltr'>quod</span> <span class='ocrx_word' id='word_1_694' title='bbox 2916 2688 3113 2737; x_wconf 89' lang='lat' dir='ltr'>autem</span> <span class='ocrx_word' id='word_1_695' title='bbox 3144 2682 3219 2737; x_wconf 88' lang='lat' dir='ltr'>ad</span> <span class='ocrx_word' id='word_1_696' title='bbox 3270 2683 3395 2738; x_wconf 70' lang='lat' dir='ltr'>haec</span> <span class='ocrx_word' id='word_1_697' title='bbox 3447 2683 3725 2738; x_wconf 69' lang='lat' dir='ltr'>vocanda:</span> 
     </span>
    </p>
   </div>
   <div class='ocr_carea' id='block_1_90' title="bbox 2075 2771 3723 2842">
    <p class='ocr_par' dir='ltr' id='par_1_90' title="bbox 2075 2771 3723 2842">
     <span class='ocr_line' id='line_1_93' title="bbox 2075 2771 3723 2842; baseline 0.004 -21"><span class='ocrx_word' id='word_1_698' title='bbox 2075 2774 2273 2823; x_wconf 88' lang='lat' dir='ltr'>essent</span> <span class='ocrx_word' id='word_1_699' title='bbox 2306 2774 2529 2839; x_wconf 57' lang='lat' dir='ltr'>gentes.</span> <span class='ocrx_word' id='word_1_700' title='bbox 2567 2786 2684 2824; x_wconf 93' lang='lat' dir='ltr'>non</span> <span class='ocrx_word' id='word_1_701' title='bbox 2716 2777 3018 2825; x_wconf 85' lang='lat' dir='ltr'>noverant.</span> <span class='ocrx_word' id='word_1_702' title='bbox 3054 2771 3111 2824; x_wconf 90' lang='lat' dir='ltr'>Si</span> <span class='ocrx_word' id='word_1_703' title='bbox 3168 2787 3304 2825; x_wconf 84' lang='lat' dir='ltr'>vero</span> <span class='ocrx_word' id='word_1_704' title='bbox 3355 2771 3723 2842; x_wconf 84' lang='lat' dir='ltr'>principatus</span> 
     </span>
    </p>
   </div>
   <div class='ocr_carea' id='block_1_91' title="bbox 2075 2860 3727 2931">
    <p class='ocr_par' dir='ltr' id='par_1_91' title="bbox 2075 2860 3727 2931">
     <span class='ocr_line' id='line_1_94' title="bbox 2075 2860 3727 2931; baseline 0.004 -21"><span class='ocrx_word' id='word_1_705' title='bbox 2075 2863 2275 2911; x_wconf 88' lang='lat' dir='ltr'>essent</span> <span class='ocrx_word' id='word_1_706' title='bbox 2301 2865 2524 2927; x_wconf 84' lang='lat' dir='ltr'>gentes,</span> <span class='ocrx_word' id='word_1_707' title='bbox 2564 2875 2682 2913; x_wconf 89' lang='lat' dir='ltr'>non</span> <span class='ocrx_word' id='word_1_708' title='bbox 2717 2866 3021 2914; x_wconf 82' lang='lat' dir='ltr'>noverant.</span> <span class='ocrx_word' id='word_1_709' title='bbox 3066 2860 3120 2914; x_wconf 88' lang='lat' dir='ltr'>Si</span> <span class='ocrx_word' id='word_1_710' title='bbox 3171 2877 3305 2914; x_wconf 81' lang='lat' dir='ltr'>vero</span> <span class='ocrx_word' id='word_1_711' title='bbox 3356 2860 3727 2931; x_wconf 82' lang='lat' dir='ltr'>principatus</span> 
     </span>
    </p>
   </div>
   <div class='ocr_carea' id='block_1_92' title="bbox 2075 2949 3723 3019">
    <p class='ocr_par' dir='ltr' id='par_1_92' title="bbox 2075 2949 3723 3019">
     <span class='ocr_line' id='line_1_95' title="bbox 2075 2949 3723 3019; baseline 0.004 -20"><span class='ocrx_word' id='word_1_712' title='bbox 2075 2952 2133 2999; x_wconf 90' lang='lat' dir='ltr'>et</span> <span class='ocrx_word' id='word_1_713' title='bbox 2163 2952 2482 3016; x_wconf 87' lang='lat' dir='ltr'>potestates</span> <span class='ocrx_word' id='word_1_714' title='bbox 2514 2964 2633 3003; x_wconf 91' lang='lat' dir='ltr'>non</span> <span class='ocrx_word' id='word_1_715' title='bbox 2662 2956 2965 3014; x_wconf 86' lang='lat' dir='ltr'>noverant,</span> <span class='ocrx_word' id='word_1_716' title='bbox 3003 2949 3381 3004; x_wconf 87' lang='lat' dir='ltr'>manifestum</span> <span class='ocrx_word' id='word_1_717' title='bbox 3423 2954 3513 3003; x_wconf 90' lang='lat' dir='ltr'>est</span> <span class='ocrx_word' id='word_1_718' title='bbox 3564 2950 3723 3019; x_wconf 89' lang='lat' dir='ltr'>quod</span> 
     </span>
    </p>
   </div>
   <div class='ocr_carea' id='block_1_93' title="bbox 2075 3035 3721 3109">
    <p class='ocr_par' dir='ltr' id='par_1_93' title="bbox 2075 3035 3721 3109">
     <span class='ocr_line' id='line_1_96' title="bbox 2075 3035 3721 3109; baseline 0.002 -21"><span class='ocrx_word' id='word_1_719' title='bbox 2075 3050 2265 3104; x_wconf 89' lang='lat' dir='ltr'>neque</span> <span class='ocrx_word' id='word_1_720' title='bbox 2299 3035 2489 3106; x_wconf 78' lang='lat' dir='ltr'>angeli</span> <span class='ocrx_word' id='word_1_721' title='bbox 2514 3043 2571 3090; x_wconf 90' lang='lat' dir='ltr'>et</span> <span class='ocrx_word' id='word_1_722' title='bbox 2600 3037 2958 3109; x_wconf 77' lang='lat' dir='ltr'>archangeli.</span> <span class='ocrx_word' id='word_1_723' title='bbox 2996 3058 3022 3085; x_wconf 84' lang='lat'><strong>«</strong></span> <span class='ocrx_word' id='word_1_724' title='bbox 3057 3036 3490 3106; x_wconf 89' lang='lat' dir='ltr'>Principatibus</span> <span class='ocrx_word' id='word_1_725' title='bbox 3522 3053 3589 3091; x_wconf 88' lang='lat' dir='ltr'>ac</span> <span class='ocrx_word' id='word_1_726' title='bbox 3616 3052 3721 3107; x_wconf 88' lang='lat' dir='ltr'>po-</span> 
     </span>
    </p>
   </div>
   <div class='ocr_carea' id='block_1_94' title="bbox 2074 3123 3723 3196">
    <p class='ocr_par' dir='ltr' id='par_1_94' title="bbox 2074 3123 3723 3196">
     <span class='ocr_line' id='line_1_97' title="bbox 2074 3123 3723 3196; baseline 0.002 -19"><span class='ocrx_word' id='word_1_727' title='bbox 2074 3123 2406 3178; x_wconf 89' lang='lat' dir='ltr'>testatibus.</span> <span class='ocrx_word' id='word_1_728' title='bbox 2443 3147 2468 3172; x_wconf 84' lang='lat'><strong>»</strong></span> <span class='ocrx_word' id='word_1_729' title='bbox 2525 3127 2723 3195; x_wconf 73' lang='lat' dir='ltr'>Neque</span> <span class='ocrx_word' id='word_1_730' title='bbox 2782 3126 2940 3179; x_wconf 90' lang='lat' dir='ltr'>enim</span> <span class='ocrx_word' id='word_1_731' title='bbox 3000 3124 3327 3180; x_wconf 82' lang='lat' dir='ltr'>invisibiles</span> <span class='ocrx_word' id='word_1_732' title='bbox 3402 3129 3723 3196; x_wconf 85' lang='lat' dir='ltr'>potestates</span> 
     </span>
    </p>
   </div>
   <div class='ocr_carea' id='block_1_95' title="bbox 2075 3212 3723 3285">
    <p class='ocr_par' dir='ltr' id='par_1_95' title="bbox 2075 3212 3723 3285">
     <span class='ocr_line' id='line_1_98' title="bbox 2075 3212 3723 3285; baseline 0.001 -19"><span class='ocrx_word' id='word_1_733' title='bbox 2075 3218 2361 3267; x_wconf 89' lang='lat' dir='ltr'>noverant</span> <span class='ocrx_word' id='word_1_734' title='bbox 2391 3213 2757 3283; x_wconf 76' lang='lat' dir='ltr'>mysterium.</span> <span class='ocrx_word' id='word_1_735' title='bbox 2792 3212 2894 3267; x_wconf 91' lang='lat' dir='ltr'>sed</span> <span class='ocrx_word' id='word_1_736' title='bbox 2928 3230 3031 3283; x_wconf 84' lang='lat' dir='ltr'>per</span> <span class='ocrx_word' id='word_1_737' title='bbox 3079 3213 3582 3285; x_wconf 76' lang='lat' dir='ltr'>dispensationem</span> <span class='ocrx_word' id='word_1_738' title='bbox 3636 3216 3723 3268; x_wconf 80' lang='lat' dir='ltr'>ia-</span> 
     </span>
    </p>
   </div>
   <div class='ocr_carea' id='block_1_96' title="bbox 2067 3301 3719 3369">
    <p class='ocr_par' dir='ltr' id='par_1_96' title="bbox 2067 3301 3719 3369">
     <span class='ocr_line' id='line_1_99' title="bbox 2067 3301 3719 3369; baseline 0.001 -13"><span class='ocrx_word' id='word_1_739' title='bbox 2067 3307 2219 3357; x_wconf 89' lang='lat' dir='ltr'>ctam</span> <span class='ocrx_word' id='word_1_740' title='bbox 2252 3302 2407 3356; x_wconf 90' lang='lat' dir='ltr'>circa</span> <span class='ocrx_word' id='word_1_741' title='bbox 2436 3301 2783 3369; x_wconf 70' lang='lat' dir='ltr'>Ecclesium,</span> <span class='ocrx_word' id='word_1_742' title='bbox 2816 3301 3152 3357; x_wconf 80' lang='lat' dir='ltr'>didicerunt</span> <span class='ocrx_word' id='word_1_743' title='bbox 3199 3301 3561 3357; x_wconf 75' lang='lat' dir='ltr'>ineffabilem</span> <span class='ocrx_word' id='word_1_744' title='bbox 3614 3302 3719 3359; x_wconf 89' lang='lat' dir='ltr'>Dei</span> 
     </span>
    </p>
   </div>
   <div class='ocr_carea' id='block_1_97' title="bbox 2066 3390 3715 3463">
    <p class='ocr_par' dir='ltr' id='par_1_97' title="bbox 2066 3390 3715 3463">
     <span class='ocr_line' id='line_1_100' title="bbox 2066 3390 3715 3463; baseline 0.001 -18"><span class='ocrx_word' id='word_1_745' title='bbox 2066 3390 2439 3463; x_wconf 86' lang='lat' dir='ltr'>sapientiam.</span> <span class='ocrx_word' id='word_1_746' title='bbox 2476 3391 2570 3445; x_wconf 82' lang='lat' dir='ltr'>Ait</span> <span class='ocrx_word' id='word_1_747' title='bbox 2600 3396 2796 3446; x_wconf 89' lang='lat' dir='ltr'>autem</span> <span class='ocrx_word' id='word_1_748' title='bbox 2825 3408 2837 3444; x_wconf 91' lang='lat'><strong>:</strong></span> <span class='ocrx_word' id='word_1_749' title='bbox 2901 3413 2929 3440; x_wconf 88' lang='grc'>‹‹</span> <span class='ocrx_word' id='word_1_750' title='bbox 2959 3391 3293 3447; x_wconf 91' lang='lat' dir='ltr'>Secundum</span> <span class='ocrx_word' id='word_1_751' title='bbox 3343 3391 3715 3462; x_wconf 88' lang='lat' dir='ltr'>propositum</span> 
     </span>
    </p>
   </div>
   <div class='ocr_carea' id='block_1_98' title="bbox 2063 3478 3717 3553">
    <p class='ocr_par' dir='ltr' id='par_1_98' title="bbox 2063 3478 3717 3553">
     <span class='ocr_line' id='line_1_101' title="bbox 2063 3478 3717 3553; baseline 0.001 -17"><span class='ocrx_word' id='word_1_752' title='bbox 2063 3480 2417 3536; x_wconf 64' lang='lat' dir='ltr'>saeculorum</span> <span class='ocrx_word' id='word_1_753' title='bbox 2446 3498 2458 3534; x_wconf 93' lang='lat'><strong>:</strong></span> <span class='ocrx_word' id='word_1_754' title='bbox 2494 3502 2519 3528; x_wconf 83' lang='lat'><strong>»</strong></span> <span class='ocrx_word' id='word_1_755' title='bbox 2558 3482 2674 3535; x_wconf 83' lang='lat' dir='ltr'>Hoc</span> <span class='ocrx_word' id='word_1_756' title='bbox 2705 3486 2832 3535; x_wconf 90' lang='lat' dir='ltr'>est:</span> <span class='ocrx_word' id='word_1_757' title='bbox 2867 3482 2983 3536; x_wconf 90' lang='lat' dir='ltr'>lsta</span> <span class='ocrx_word' id='word_1_758' title='bbox 3014 3482 3255 3553; x_wconf 86' lang='lat' dir='ltr'>quidem</span> <span class='ocrx_word' id='word_1_759' title='bbox 3314 3486 3449 3537; x_wconf 84' lang='lat' dir='ltr'>ante</span> <span class='ocrx_word' id='word_1_760' title='bbox 3498 3478 3717 3537; x_wconf 76' lang='lat' dir='ltr'>saecula</span> 
     </span>
    </p>
   </div>
   <div class='ocr_carea' id='block_1_99' title="bbox 2062 3570 3713 3642">
    <p class='ocr_par' dir='ltr' id='par_1_99' title="bbox 2062 3570 3713 3642">
     <span class='ocr_line' id='line_1_102' title="bbox 2062 3570 3713 3642; baseline -0.001 -18"><span class='ocrx_word' id='word_1_761' title='bbox 2062 3571 2390 3642; x_wconf 86' lang='lat' dir='ltr'>proposuit,</span> <span class='ocrx_word' id='word_1_762' title='bbox 2424 3586 2485 3624; x_wconf 90' lang='lat' dir='ltr'>re</span> <span class='ocrx_word' id='word_1_763' title='bbox 2516 3576 2713 3625; x_wconf 78' lang='lat' dir='ltr'>autem</span> <span class='ocrx_word' id='word_1_764' title='bbox 2745 3572 2874 3641; x_wconf 89' lang='lat' dir='ltr'>ipsa</span> <span class='ocrx_word' id='word_1_765' title='bbox 2904 3570 3175 3625; x_wconf 86' lang='lat' dir='ltr'>exhibuit</span> <span class='ocrx_word' id='word_1_766' title='bbox 3204 3587 3310 3641; x_wconf 89' lang='lat' dir='ltr'>per</span> <span class='ocrx_word' id='word_1_767' title='bbox 3329 3570 3713 3641; x_wconf 84' lang='lat' dir='ltr'>dispensatio-</span> 
     </span>
    </p>
   </div>
   <div class='ocr_carea' id='block_1_100' title="bbox 2063 3658 3711 3730">
    <p class='ocr_par' dir='ltr' id='par_1_100' title="bbox 2063 3658 3711 3730">
     <span class='ocr_line' id='line_1_103' title="bbox 2063 3658 3711 3730; baseline -0.001 -15"><span class='ocrx_word' id='word_1_768' title='bbox 2063 3676 2198 3715; x_wconf 87' lang='lat' dir='ltr'>nem</span> <span class='ocrx_word' id='word_1_769' title='bbox 2232 3675 2363 3730; x_wconf 82' lang='lat' dir='ltr'>quae</span> <span class='ocrx_word' id='word_1_770' title='bbox 2393 3658 2545 3716; x_wconf 83' lang='lat' dir='ltr'>facta</span> <span class='ocrx_word' id='word_1_771' title='bbox 2577 3663 2666 3713; x_wconf 90' lang='lat' dir='ltr'>est</span> <span class='ocrx_word' id='word_1_772' title='bbox 2696 3659 2855 3713; x_wconf 88' lang='lat' dir='ltr'>circa</span> <span class='ocrx_word' id='word_1_773' title='bbox 2886 3658 3198 3713; x_wconf 91' lang='lat' dir='ltr'>Dominum</span> <span class='ocrx_word' id='word_1_774' title='bbox 3230 3659 3544 3713; x_wconf 90' lang='lat' dir='ltr'>Christum.</span> <span class='ocrx_word' id='word_1_775' title='bbox 3584 3681 3609 3705; x_wconf 85' lang='grc'>‹‹</span> <span class='ocrx_word' id='word_1_776' title='bbox 3646 3658 3711 3714; x_wconf 88' lang='lat' dir='ltr'>In</span> 
     </span>
    </p>
   </div>
   <div class='ocr_carea' id='block_1_101' title="bbox 2062 3746 3709 3816">
    <p class='ocr_par' dir='ltr' id='par_1_101' title="bbox 2062 3746 3709 3816">
     <span class='ocr_line' id='line_1_104' title="bbox 2062 3746 3709 3816; baseline -0.003 -13"><span class='ocrx_word' id='word_1_777' title='bbox 2062 3748 2417 3803; x_wconf 69' lang='lat' dir='ltr'>coelestibus.</span> <span class='ocrx_word' id='word_1_778' title='bbox 2454 3768 2481 3795; x_wconf 88' lang='lat'><strong>»</strong></span> <span class='ocrx_word' id='word_1_779' title='bbox 2531 3746 2965 3816; x_wconf 88' lang='lat' dir='ltr'>Principatibus</span> <span class='ocrx_word' id='word_1_780' title='bbox 3014 3763 3080 3800; x_wconf 90' lang='lat' dir='ltr'>ac</span> <span class='ocrx_word' id='word_1_781' title='bbox 3139 3746 3529 3815; x_wconf 80' lang='lat' dir='ltr'>potestatibus</span> <span class='ocrx_word' id='word_1_782' title='bbox 3579 3761 3709 3815; x_wconf 67' lang='lat' dir='ltr'>quas</span> 
     </span>
    </p>
   </div>
   <div class='ocr_carea' id='block_1_102' title="bbox 2062 3832 3707 3899">
    <p class='ocr_par' dir='ltr' id='par_1_102' title="bbox 2062 3832 3707 3899">
     <span class='ocr_line' id='line_1_105' title="bbox 2062 3832 3707 3899; baseline -0.002 -7"><span class='ocrx_word' id='word_1_783' title='bbox 2062 3843 2200 3892; x_wconf 90' lang='lat' dir='ltr'>sunt</span> <span class='ocrx_word' id='word_1_784' title='bbox 2238 3837 2298 3889; x_wconf 93' lang='lat' dir='ltr'>in</span> <span class='ocrx_word' id='word_1_785' title='bbox 2356 3835 2712 3889; x_wconf 79' lang='lat' dir='ltr'>omlestibus.</span> <span class='ocrx_word' id='word_1_786' title='bbox 2775 3856 2801 3883; x_wconf 88' lang='grc'><strong>‹‹</strong></span> <span class='ocrx_word' id='word_1_787' title='bbox 2838 3835 2944 3889; x_wconf 80' lang='lat' dir='ltr'>Per</span> <span class='ocrx_word' id='word_1_788' title='bbox 3002 3834 3345 3889; x_wconf 87' lang='lat' dir='ltr'>Ecclesiam.</span> <span class='ocrx_word' id='word_1_789' title='bbox 3384 3856 3412 3883; x_wconf 83' lang='lat'><strong>»</strong></span> <span class='ocrx_word' id='word_1_790' title='bbox 3462 3832 3707 3899; x_wconf 86' lang='lat' dir='ltr'>Quando</span> 
     </span>
    </p>
   </div>
   <div class='ocr_carea' id='block_1_103' title="bbox 2062 3922 3709 3993">
    <p class='ocr_par' dir='ltr' id='par_1_103' title="bbox 2062 3922 3709 3993">
     <span class='ocr_line' id='line_1_106' title="bbox 2062 3922 3709 3993; baseline 0.001 -16"><span class='ocrx_word' id='word_1_791' title='bbox 2062 3926 2215 3979; x_wconf 88' lang='lat' dir='ltr'>enim</span> <span class='ocrx_word' id='word_1_792' title='bbox 2250 3940 2358 3978; x_wconf 88' lang='lat' dir='ltr'>nos</span> <span class='ocrx_word' id='word_1_793' title='bbox 2388 3923 2724 3983; x_wconf 86' lang='lat' dir='ltr'>didicimus.</span> <span class='ocrx_word' id='word_1_794' title='bbox 2762 3929 2900 3978; x_wconf 89' lang='lat' dir='ltr'>tunc</span> <span class='ocrx_word' id='word_1_795' title='bbox 2928 3929 2988 3979; x_wconf 93' lang='lat' dir='ltr'>et</span> <span class='ocrx_word' id='word_1_796' title='bbox 3017 3923 3099 3976; x_wconf 91' lang='lat' dir='ltr'>illi</span> <span class='ocrx_word' id='word_1_797' title='bbox 3135 3938 3242 3993; x_wconf 91' lang='lat' dir='ltr'>per</span> <span class='ocrx_word' id='word_1_798' title='bbox 3282 3939 3412 3989; x_wconf 89' lang='lat' dir='ltr'>uos,</span> <span class='ocrx_word' id='word_1_799' title='bbox 3446 3922 3709 3978; x_wconf 83' lang='lat' dir='ltr'>videntes</span> 
     </span>
    </p>
   </div>
   <div class='ocr_carea' id='block_1_104' title="bbox 2060 4011 3711 4085">
    <p class='ocr_par' dir='ltr' id='par_1_104' title="bbox 2060 4011 3711 4085">
     <span class='ocr_line' id='line_1_107' title="bbox 2060 4011 3711 4085; baseline -0.004 -17"><span class='ocrx_word' id='word_1_800' title='bbox 2060 4013 2381 4068; x_wconf 87' lang='lat' dir='ltr'>Ecclesiam</span> <span class='ocrx_word' id='word_1_801' title='bbox 2416 4028 2486 4067; x_wconf 81' lang='lat' dir='ltr'>ex</span> <span class='ocrx_word' id='word_1_802' title='bbox 2508 4012 2801 4085; x_wconf 83' lang='lat' dir='ltr'>gentibus,</span> <span class='ocrx_word' id='word_1_803' title='bbox 2836 4018 2892 4066; x_wconf 89' lang='lat' dir='ltr'>et</span> <span class='ocrx_word' id='word_1_804' title='bbox 2937 4029 3043 4083; x_wconf 88' lang='lat' dir='ltr'>per</span> <span class='ocrx_word' id='word_1_805' title='bbox 3090 4012 3254 4067; x_wconf 89' lang='lat' dir='ltr'>illam</span> <span class='ocrx_word' id='word_1_806' title='bbox 3298 4011 3373 4067; x_wconf 90' lang='lat' dir='ltr'>ad</span> <span class='ocrx_word' id='word_1_807' title='bbox 3419 4013 3711 4084; x_wconf 66' lang='lat' dir='ltr'>cognitio.</span> 
     </span>
    </p>
   </div>
   <div class='ocr_carea' id='block_1_105' title="bbox 2059 4100 3709 4172">
    <p class='ocr_par' dir='ltr' id='par_1_105' title="bbox 2059 4100 3709 4172">
     <span class='ocr_line' id='line_1_108' title="bbox 2059 4100 3709 4172; baseline 0.001 -16"><span class='ocrx_word' id='word_1_808' title='bbox 2059 4118 2195 4157; x_wconf 87' lang='lat' dir='ltr'>nem</span> <span class='ocrx_word' id='word_1_809' title='bbox 2226 4100 2409 4156; x_wconf 77' lang='lat' dir='ltr'>ducti.</span> <span class='ocrx_word' id='word_1_810' title='bbox 2439 4125 2463 4147; x_wconf 78' lang='grc' dir='ltr'>«ι</span> <span class='ocrx_word' id='word_1_811' title='bbox 2501 4101 2901 4155; x_wconf 86' lang='lat' dir='ltr'>Vehementer</span> <span class='ocrx_word' id='word_1_812' title='bbox 2950 4102 3127 4155; x_wconf 84' lang='lat' dir='ltr'>varia.</span> <span class='ocrx_word' id='word_1_813' title='bbox 3163 4121 3191 4149; x_wconf 85' lang='lat'><strong>»</strong></span> <span class='ocrx_word' id='word_1_814' title='bbox 3241 4104 3387 4157; x_wconf 84' lang='lat' dir='ltr'>Ante</span> <span class='ocrx_word' id='word_1_815' title='bbox 3443 4109 3709 4172; x_wconf 89' lang='lat' dir='ltr'>tempora</span> 
     </span>
    </p>
   </div>
   <div class='ocr_carea' id='block_1_106' title="bbox 2058 4190 3707 4265">
    <p class='ocr_par' dir='ltr' id='par_1_106' title="bbox 2058 4190 3707 4265">
     <span class='ocr_line' id='line_1_109' title="bbox 2058 4190 3707 4265; baseline 0.001 -20"><span class='ocrx_word' id='word_1_816' title='bbox 2058 4191 2489 4247; x_wconf 90' lang='lat' dir='ltr'>incarnationis</span> <span class='ocrx_word' id='word_1_817' title='bbox 2522 4191 2837 4247; x_wconf 68' lang='lat' dir='ltr'>Salvatoris</span> <span class='ocrx_word' id='word_1_818' title='bbox 2869 4191 3056 4246; x_wconf 90' lang='lat' dir='ltr'>nostri</span> <span class='ocrx_word' id='word_1_819' title='bbox 3109 4190 3441 4261; x_wconf 87' lang='lat' dir='ltr'>simplicem</span> <span class='ocrx_word' id='word_1_820' title='bbox 3492 4208 3707 4265; x_wconf 86' lang='lat' dir='ltr'>cogno-</span> 
     </span>
    </p>
   </div>
   <div class='ocr_carea' id='block_1_107' title="bbox 2060 4280 3708 4353">
    <p class='ocr_par' dir='ltr' id='par_1_107' title="bbox 2060 4280 3708 4353">
     <span class='ocr_line' id='line_1_110' title="bbox 2060 4280 3708 4353; baseline 0 -16"><span class='ocrx_word' id='word_1_821' title='bbox 2060 4280 2306 4337; x_wconf 87' lang='lat' dir='ltr'>scebant</span> <span class='ocrx_word' id='word_1_822' title='bbox 2334 4280 2602 4336; x_wconf 69' lang='lat' dir='ltr'>cmlestes</span> <span class='ocrx_word' id='word_1_823' title='bbox 2632 4286 2954 4353; x_wconf 84' lang='lat' dir='ltr'>potestates</span> <span class='ocrx_word' id='word_1_824' title='bbox 2985 4280 3087 4336; x_wconf 91' lang='lat' dir='ltr'>Dei</span> <span class='ocrx_word' id='word_1_825' title='bbox 3120 4280 3496 4349; x_wconf 88' lang='lat' dir='ltr'>sapientiam.</span> <span class='ocrx_word' id='word_1_826' title='bbox 3530 4296 3708 4351; x_wconf 88' lang='lat' dir='ltr'>quam</span> 
     </span>
    </p>
   </div>
   <div class='ocr_carea' id='block_1_108' title="bbox 2061 4369 3708 4441">
    <p class='ocr_par' dir='ltr' id='par_1_108' title="bbox 2061 4369 3708 4441">
     <span class='ocr_line' id='line_1_111' title="bbox 2061 4369 3708 4441; baseline 0 -16"><span class='ocrx_word' id='word_1_827' title='bbox 2061 4386 2130 4425; x_wconf 82' lang='lat' dir='ltr'>ex</span> <span class='ocrx_word' id='word_1_828' title='bbox 2162 4370 2288 4425; x_wconf 88' lang='lat' dir='ltr'>sola</span> <span class='ocrx_word' id='word_1_829' title='bbox 2314 4370 2576 4440; x_wconf 88' lang='lat' dir='ltr'>potentia</span> <span class='ocrx_word' id='word_1_830' title='bbox 2606 4370 3099 4441; x_wconf 87' lang='lat' dir='ltr'>assequebantur.</span> <span class='ocrx_word' id='word_1_831' title='bbox 3161 4369 3460 4439; x_wconf 86' lang='lat' dir='ltr'>Siquidem</span> <span class='ocrx_word' id='word_1_832' title='bbox 3494 4370 3708 4425; x_wconf 78' lang='lat' dir='ltr'>instin-</span> 
     </span>
    </p>
   </div>
   <div class='ocr_carea' id='block_1_109' title="bbox 2059 4457 3709 4529">
    <p class='ocr_par' dir='ltr' id='par_1_109' title="bbox 2059 4457 3709 4529">
     <span class='ocr_line' id='line_1_112' title="bbox 2059 4457 3709 4529; baseline 0 -14"><span class='ocrx_word' id='word_1_833' title='bbox 2059 4465 2155 4516; x_wconf 87' lang='lat' dir='ltr'>ctu</span> <span class='ocrx_word' id='word_1_834' title='bbox 2189 4458 2442 4529; x_wconf 65' lang='lat' dir='ltr'>proprii!)</span> <span class='ocrx_word' id='word_1_835' title='bbox 2473 4459 2793 4513; x_wconf 86' lang='lat' dir='ltr'>voluntatis</span> <span class='ocrx_word' id='word_1_836' title='bbox 2825 4458 2977 4512; x_wconf 88' lang='lat' dir='ltr'>Deus</span> <span class='ocrx_word' id='word_1_837' title='bbox 3018 4457 3295 4513; x_wconf 85' lang='lat' dir='ltr'>omnibus</span> <span class='ocrx_word' id='word_1_838' title='bbox 3352 4458 3530 4512; x_wconf 85' lang='lat' dir='ltr'>rebus</span> <span class='ocrx_word' id='word_1_839' title='bbox 3579 4473 3709 4515; x_wconf 84' lang='lat' dir='ltr'>esse</span> 
     </span>
    </p>
   </div>
   <div class='ocr_carea' id='block_1_110' title="bbox 2061 4546 3710 4618">
    <p class='ocr_par' dir='ltr' id='par_1_110' title="bbox 2061 4546 3710 4618">
     <span class='ocr_line' id='line_1_113' title="bbox 2061 4546 3710 4618; baseline 0.001 -16"><span class='ocrx_word' id='word_1_840' title='bbox 2061 4546 2324 4609; x_wconf 83' lang='lat' dir='ltr'>dederat.</span> <span class='ocrx_word' id='word_1_841' title='bbox 2356 4553 2416 4602; x_wconf 88' lang='lat' dir='ltr'>et</span> <span class='ocrx_word' id='word_1_842' title='bbox 2444 4564 2575 4617; x_wconf 83' lang='lat' dir='ltr'>quae</span> <span class='ocrx_word' id='word_1_843' title='bbox 2606 4547 2845 4601; x_wconf 86' lang='lat' dir='ltr'>condita</span> <span class='ocrx_word' id='word_1_844' title='bbox 2898 4554 3068 4601; x_wconf 90' lang='lat' dir='ltr'>erant</span> <span class='ocrx_word' id='word_1_845' title='bbox 3117 4546 3710 4618; x_wconf 80' lang='lat' dir='ltr'>incomprehensibili</span> 
     </span>
    </p>
   </div>
   <div class='ocr_carea' id='block_1_111' title="bbox 2060 4636 3709 4709">
    <p class='ocr_par' dir='ltr' id='par_1_111' title="bbox 2060 4636 3709 4709">
     <span class='ocr_line' id='line_1_114' title="bbox 2060 4636 3709 4709; baseline -0.001 -17"><span class='ocrx_word' id='word_1_846' title='bbox 2060 4636 2323 4709; x_wconf 90' lang='lat' dir='ltr'>potentia</span> <span class='ocrx_word' id='word_1_847' title='bbox 2350 4642 2417 4691; x_wconf 92' lang='lat' dir='ltr'>ut</span> <span class='ocrx_word' id='word_1_848' title='bbox 2444 4641 2863 4707; x_wconf 86' lang='lat' dir='ltr'>permanerent</span> <span class='ocrx_word' id='word_1_849' title='bbox 2893 4636 3314 4702; x_wconf 83' lang='lat' dir='ltr'>conservabat;</span> <span class='ocrx_word' id='word_1_850' title='bbox 3367 4651 3477 4690; x_wconf 89' lang='lat' dir='ltr'>nec</span> <span class='ocrx_word' id='word_1_851' title='bbox 3535 4636 3709 4706; x_wconf 85' lang='lat' dir='ltr'>quid-</span> 
     </span>
    </p>
   </div>
   <div class='ocr_carea' id='block_1_112' title="bbox 2061 4724 3707 4797">
    <p class='ocr_par' dir='ltr' id='par_1_112' title="bbox 2061 4724 3707 4797">
     <span class='ocr_line' id='line_1_115' title="bbox 2061 4724 3707 4797; baseline 0.001 -17"><span class='ocrx_word' id='word_1_852' title='bbox 2061 4742 2239 4797; x_wconf 87' lang='lat' dir='ltr'>quam</span> <span class='ocrx_word' id='word_1_853' title='bbox 2262 4726 2487 4781; x_wconf 83' lang='lat' dir='ltr'>varium</span> <span class='ocrx_word' id='word_1_854' title='bbox 2516 4730 2657 4787; x_wconf 87' lang='lat' dir='ltr'>erat,</span> <span class='ocrx_word' id='word_1_855' title='bbox 2683 4724 2785 4779; x_wconf 89' lang='lat' dir='ltr'>sed</span> <span class='ocrx_word' id='word_1_856' title='bbox 2812 4725 2987 4795; x_wconf 90' lang='lat' dir='ltr'>quale</span> <span class='ocrx_word' id='word_1_857' title='bbox 3018 4724 3345 4791; x_wconf 89' lang='lat' dir='ltr'>videbatur,</span> <span class='ocrx_word' id='word_1_858' title='bbox 3378 4724 3494 4779; x_wconf 89' lang='lat' dir='ltr'>tale</span> <span class='ocrx_word' id='word_1_859' title='bbox 3526 4726 3707 4782; x_wconf 89' lang='lat' dir='ltr'>etiam</span> 
     </span>
    </p>
   </div>
   <div class='ocr_carea' id='block_1_113' title="bbox 2060 4813 3705 4887">
    <p class='ocr_par' dir='ltr' id='par_1_113' title="bbox 2060 4813 3705 4887">
     <span class='ocr_line' id='line_1_116' title="bbox 2060 4813 3705 4887; baseline 0.001 -18"><span class='ocrx_word' id='word_1_860' title='bbox 2060 4819 2203 4869; x_wconf 88' lang='lat' dir='ltr'>erat.</span> <span class='ocrx_word' id='word_1_861' title='bbox 2235 4814 2401 4868; x_wconf 91' lang='lat' dir='ltr'>Nunc</span> <span class='ocrx_word' id='word_1_862' title='bbox 2430 4818 2628 4868; x_wconf 90' lang='lat' dir='ltr'>autem</span> <span class='ocrx_word' id='word_1_863' title='bbox 2661 4829 2765 4884; x_wconf 91' lang='lat' dir='ltr'>per</span> <span class='ocrx_word' id='word_1_864' title='bbox 2794 4813 3299 4885; x_wconf 78' lang='lat' dir='ltr'>dispensationem</span> <span class='ocrx_word' id='word_1_865' title='bbox 3333 4830 3469 4887; x_wconf 79' lang='lat' dir='ltr'>erga</span> <span class='ocrx_word' id='word_1_866' title='bbox 3498 4814 3705 4871; x_wconf 85' lang='lat' dir='ltr'>Eccle-</span> 
     </span>
    </p>
   </div>
   <div class='ocr_carea' id='block_1_114' title="bbox 2062 4902 3704 4973">
    <p class='ocr_par' dir='ltr' id='par_1_114' title="bbox 2062 4902 3704 4973">
     <span class='ocr_line' id='line_1_117' title="bbox 2062 4902 3704 4973; baseline 0.001 -16"><span class='ocrx_word' id='word_1_867' title='bbox 2062 4903 2209 4957; x_wconf 89' lang='lat' dir='ltr'>siam</span> <span class='ocrx_word' id='word_1_868' title='bbox 2239 4908 2293 4956; x_wconf 89' lang='lat' dir='ltr'>et</span> <span class='ocrx_word' id='word_1_869' title='bbox 2325 4902 2649 4957; x_wconf 90' lang='lat' dir='ltr'>humanum</span> <span class='ocrx_word' id='word_1_870' title='bbox 2681 4918 2885 4973; x_wconf 89' lang='lat' dir='ltr'>genus,</span> <span class='ocrx_word' id='word_1_871' title='bbox 2915 4903 3041 4972; x_wconf 86' lang='lat' dir='ltr'>jam</span> <span class='ocrx_word' id='word_1_872' title='bbox 3066 4919 3185 4957; x_wconf 93' lang='lat' dir='ltr'>non</span> <span class='ocrx_word' id='word_1_873' title='bbox 3214 4904 3404 4958; x_wconf 89' lang='lat' dir='ltr'>solum</span> <span class='ocrx_word' id='word_1_874' title='bbox 3431 4904 3704 4973; x_wconf 82' lang='lat' dir='ltr'>simplex,</span> 
     </span>
    </p>
   </div>
   <div class='ocr_carea' id='block_1_115' title="bbox 2062 4990 3703 5062">
    <p class='ocr_par' dir='ltr' id='par_1_115' title="bbox 2062 4990 3703 5062">
     <span class='ocr_line' id='line_1_118' title="bbox 2062 4990 3703 5062; baseline 0 -16"><span class='ocrx_word' id='word_1_875' title='bbox 2062 4991 2165 5046; x_wconf 90' lang='lat' dir='ltr'>sed</span> <span class='ocrx_word' id='word_1_876' title='bbox 2195 4996 2253 5045; x_wconf 92' lang='lat' dir='ltr'>et</span> <span class='ocrx_word' id='word_1_877' title='bbox 2283 4990 2663 5045; x_wconf 86' lang='lat' dir='ltr'>vehementer</span> <span class='ocrx_word' id='word_1_878' title='bbox 2693 4991 2851 5045; x_wconf 89' lang='lat' dir='ltr'>varia</span> <span class='ocrx_word' id='word_1_879' title='bbox 2880 4991 3114 5061; x_wconf 87' lang='lat' dir='ltr'>cognita</span> <span class='ocrx_word' id='word_1_880' title='bbox 3144 4997 3235 5045; x_wconf 91' lang='lat' dir='ltr'>est</span> <span class='ocrx_word' id='word_1_881' title='bbox 3263 4992 3363 5046; x_wconf 91' lang='lat' dir='ltr'>Dei</span> <span class='ocrx_word' id='word_1_882' title='bbox 3393 4991 3703 5062; x_wconf 85' lang='lat' dir='ltr'>sapientia,</span> 
     </span>
    </p>
   </div>
   <div class='ocr_carea' id='block_1_116' title="bbox 2061 5079 3705 5151">
    <p class='ocr_par' dir='ltr' id='par_1_116' title="bbox 2061 5079 3705 5151">
     <span class='ocr_line' id='line_1_119' title="bbox 2061 5079 3705 5151; baseline -0.001 -15"><span class='ocrx_word' id='word_1_883' title='bbox 2061 5096 2190 5151; x_wconf 68' lang='lat' dir='ltr'>qua:</span> <span class='ocrx_word' id='word_1_884' title='bbox 2210 5079 2504 5134; x_wconf 83' lang='lat' dir='ltr'>contraria</span> <span class='ocrx_word' id='word_1_885' title='bbox 2523 5095 2628 5151; x_wconf 90' lang='lat' dir='ltr'>per</span> <span class='ocrx_word' id='word_1_886' title='bbox 2658 5080 2955 5134; x_wconf 88' lang='lat' dir='ltr'>contraria</span> <span class='ocrx_word' id='word_1_887' title='bbox 2986 5080 3282 5135; x_wconf 80' lang='lat' dir='ltr'>efﬁceret:</span> <span class='ocrx_word' id='word_1_888' title='bbox 3305 5097 3409 5151; x_wconf 91' lang='lat' dir='ltr'>per</span> <span class='ocrx_word' id='word_1_889' title='bbox 3431 5086 3705 5148; x_wconf 89' lang='lat' dir='ltr'>mortem,</span> 
     </span>
    </p>
   </div>
   <div class='ocr_carea' id='block_1_117' title="bbox 2060 5167 3705 5241">
    <p class='ocr_par' dir='ltr' id='par_1_117' title="bbox 2060 5167 3705 5241">
     <span class='ocr_line' id='line_1_120' title="bbox 2060 5167 3705 5241; baseline 0.001 -20"><span class='ocrx_word' id='word_1_890' title='bbox 2060 5170 2276 5234; x_wconf 87' lang='lat' dir='ltr'>vitam;</span> <span class='ocrx_word' id='word_1_891' title='bbox 2310 5185 2414 5239; x_wconf 88' lang='lat' dir='ltr'>per</span> <span class='ocrx_word' id='word_1_892' title='bbox 2444 5167 2900 5241; x_wconf 87' lang='lat' dir='ltr'>ignobilitatem.</span> <span class='ocrx_word' id='word_1_893' title='bbox 2960 5168 3249 5239; x_wconf 88' lang='lat' dir='ltr'>gloriam;</span> <span class='ocrx_word' id='word_1_894' title='bbox 3296 5184 3401 5239; x_wconf 91' lang='lat' dir='ltr'>per</span> <span class='ocrx_word' id='word_1_895' title='bbox 3448 5184 3705 5237; x_wconf 90' lang='lat' dir='ltr'>crucem,</span> 
     </span>
    </p>
   </div>
   <div class='ocr_carea' id='block_1_118' title="bbox 2060 5256 3709 5329">
    <p class='ocr_par' dir='ltr' id='par_1_118' title="bbox 2060 5256 3709 5329">
     <span class='ocr_line' id='line_1_121' title="bbox 2060 5256 3709 5329; baseline 0 -18"><span class='ocrx_word' id='word_1_896' title='bbox 2060 5259 2390 5329; x_wconf 71' lang='lat' dir='ltr'>trophmum</span> <span class='ocrx_word' id='word_1_897' title='bbox 2419 5275 2431 5323; x_wconf 93' lang='lat'>;</span> <span class='ocrx_word' id='word_1_898' title='bbox 2465 5274 2570 5328; x_wconf 88' lang='lat' dir='ltr'>per</span> <span class='ocrx_word' id='word_1_899' title='bbox 2598 5259 2795 5311; x_wconf 88' lang='lat' dir='ltr'>omnia</span> <span class='ocrx_word' id='word_1_900' title='bbox 2818 5258 3067 5327; x_wconf 84' lang='lat' dir='ltr'>abjecta.</span> <span class='ocrx_word' id='word_1_901' title='bbox 3092 5274 3160 5311; x_wconf 90' lang='lat' dir='ltr'>ea</span> <span class='ocrx_word' id='word_1_902' title='bbox 3183 5274 3312 5328; x_wconf 78' lang='lat' dir='ltr'>quae</span> <span class='ocrx_word' id='word_1_903' title='bbox 3339 5258 3522 5312; x_wconf 90' lang='lat' dir='ltr'>Deum</span> <span class='ocrx_word' id='word_1_904' title='bbox 3542 5256 3709 5314; x_wconf 80' lang='lat' dir='ltr'>dece-</span> 
     </span>
    </p>
   </div>
   <div class='ocr_carea' id='block_1_119' title="bbox 2061 5349 3705 5421">
    <p class='ocr_par' dir='ltr' id='par_1_119' title="bbox 2061 5349 3705 5421">
     <span class='ocr_line' id='line_1_122' title="bbox 2061 5349 3705 5421; baseline 0.003 -18"><span class='ocrx_word' id='word_1_905' title='bbox 2061 5355 2211 5404; x_wconf 88' lang='lat' dir='ltr'>rent.</span> <span class='ocrx_word' id='word_1_906' title='bbox 2251 5351 2360 5403; x_wconf 86' lang='lat' dir='ltr'>Per</span> <span class='ocrx_word' id='word_1_907' title='bbox 2382 5350 2886 5421; x_wconf 80' lang='lat' dir='ltr'>dispensationem</span> <span class='ocrx_word' id='word_1_908' title='bbox 2920 5365 3055 5421; x_wconf 84' lang='lat' dir='ltr'>ergo</span> <span class='ocrx_word' id='word_1_909' title='bbox 3080 5349 3235 5403; x_wconf 89' lang='lat' dir='ltr'>circa</span> <span class='ocrx_word' id='word_1_910' title='bbox 3266 5364 3522 5418; x_wconf 69' lang='lat' dir='ltr'>ucsqum</span> <span class='ocrx_word' id='word_1_911' title='bbox 3555 5349 3705 5407; x_wconf 74' lang='lat' dir='ltr'>facta</span> 
     </span>
    </p>
   </div>
   <div class='ocr_carea' id='block_1_120' title="bbox 2061 5438 3699 5505">
    <p class='ocr_par' dir='ltr' id='par_1_120' title="bbox 2061 5438 3699 5505">
     <span class='ocr_line' id='line_1_123' title="bbox 2061 5438 3699 5505; baseline 0.001 -11"><span class='ocrx_word' id='word_1_912' title='bbox 2061 5446 2150 5494; x_wconf 89' lang='lat' dir='ltr'>est</span> <span class='ocrx_word' id='word_1_913' title='bbox 2180 5440 2239 5492; x_wconf 92' lang='lat' dir='ltr'>in</span> <span class='ocrx_word' id='word_1_914' title='bbox 2274 5439 2701 5496; x_wconf 88' lang='lat' dir='ltr'>incarnatione.</span> <span class='ocrx_word' id='word_1_915' title='bbox 2734 5439 2965 5505; x_wconf 83' lang='lat' dir='ltr'>cognita</span> <span class='ocrx_word' id='word_1_916' title='bbox 2997 5443 3087 5492; x_wconf 90' lang='lat' dir='ltr'>est</span> <span class='ocrx_word' id='word_1_917' title='bbox 3117 5438 3496 5491; x_wconf 85' lang='lat' dir='ltr'>vehementer</span> <span class='ocrx_word' id='word_1_918' title='bbox 3542 5440 3699 5496; x_wconf 87' lang='lat' dir='ltr'>varia</span> 
     </span>
    </p>
   </div>
   <div class='ocr_carea' id='block_1_121' title="bbox 2063 5526 3698 5599">
    <p class='ocr_par' dir='ltr' id='par_1_121' title="bbox 2063 5526 3698 5599">
     <span class='ocr_line' id='line_1_124' title="bbox 2063 5526 3698 5599; baseline 0.001 -17"><span class='ocrx_word' id='word_1_919' title='bbox 2063 5528 2162 5583; x_wconf 89' lang='lat' dir='ltr'>Dei</span> <span class='ocrx_word' id='word_1_920' title='bbox 2193 5528 2485 5598; x_wconf 83' lang='lat' dir='ltr'>sapientia</span> <span class='ocrx_word' id='word_1_921' title='bbox 2513 5534 2572 5583; x_wconf 90' lang='lat' dir='ltr'>et</span> <span class='ocrx_word' id='word_1_922' title='bbox 2603 5527 2859 5599; x_wconf 78' lang='lat' dir='ltr'>potentia</span> <span class='ocrx_word' id='word_1_923' title='bbox 2892 5526 3228 5582; x_wconf 75' lang='lat' dir='ltr'>cmlestibus</span> <span class='ocrx_word' id='word_1_924' title='bbox 3280 5526 3698 5597; x_wconf 84' lang='lat' dir='ltr'>potestatibus.</span> 
     </span>
    </p>
   </div>
  </div>
