4072 6266
302 308 460 368 1225

1358 298 1756 363 COMMENT.
1804 295 1890 357 IN
1937 295 2185 356 EPIST.
2231 293 2344 357 AD
2385 295 2658 356 EPHES.

3545 304 3564 359 i
3584 302 3699 361 '226

366 440 576 517 Ἐχρῆς
605 437 681 510 μὴ
719 435 880 509 μόνον
931 431 1019 489 διὰ
1067 430 1164 489 τοῦ
1221 434 1522 506 παραινεῖν,
1552 427 1708 517 ιίιλλᾶι⁸
1727 427 1817 517 καί
1848 423 1939 480 διὰ
1966 489 1970 496 η

2115 428 2389 498 Oportuit
2415 445 2537 485 non
2569 428 2760 485 solum
2794 430 3182 499 exhortando,
3218 430 3320 487 sed
3340 437 3396 488 et
3425 433 3700 515 terrendo

296 531 395 583 τοῦ
427 514 614 605 φοϐεῖν
667 523 758 579 καὶ
815 522 894 596 τῷ
951 521 1067 595 Θεῷ
1122 517 1503 597 παραδιδόναι,
1549 520 1648 588 τήν
1691 514 1943 572 διδασκα-

303 604 449 670 λίανί
484 612 820 690 ἐργάζεσθαι.
903 611 1287 687 Μαρτόρομαι,
1362 609 1550 687 φησὶν,
1616 605 1667 661 ἐν
1735 604 1944 690 Κυρίῳ,

300 689 565 769 τουτέστι,
601 699 847 776 μάρτυρα
875 700 967 754 τὸν
1001 699 1193 774 Κύριον
1224 695 1397 768 καλῶ,
1431 697 1514 752 ὅτι
1547 696 1703 751 εἶπον
1751 692 1805 748 τί
1867 689 1949 746 δεῖ

301 792 443 866 ὑμᾶς
475 791 749 866 πράττειν.
804 791 939 866 Ὅρα
995 786 1054 844 δὲ
1109 787 1319 866 σοφίαν.
1380 787 1498 844 Οὐκ
1554 785 1690 854 εἷπε,
1736 779 1948 853 Μηκὲτι

306 881 446 954 ὑμᾶς
497 885 836 955 περιπατεῖν,
894 878 1075 943 καθὼς
1133 882 1496 953 περιπατεῖτε.
1552 871 1819 948 (Ἕπληξε
1847 870 1948 947 γὰρ

298 971 410 1043 ἄν.)
478 967 658 1025 Ἀλλά
712 969 877 1024 τοῦτο
937 968 1029 1041 μὲν
1107 964 1402 1037 ἐδήλωσεν,
1459 964 1566 1020 ἀπὸ
1632 960 1689 1018 δὲ
1753 961 1948 1031 ἒτὲρων

298 1058 482 1136 ἤγαγε
534 1058 598 1114 τὸ
655 1055 1021 1132 παράδειγμα.
1083 1080 1112 1108 α
1151 1057 1238 1111 Ἐν
1301 1052 1623 1128 ματαιότητι
1669 1054 1772 1106 τοῦ
1826 1049 1951 1111 νοὸς

299 1147 499 1207 αὐτῶν.
536 1172 564 1200 ››
595 1180 664 1190 -
697 1148 910 1221 [ΦΩΤ.]
943 1145 1039 1208 Et:
1083 1145 1146 1200 τὸ
1181 1145 1258 1218 μὴ
1290 1143 1415 1219 περὶ
1445 1143 1514 1197 τὰ
1546 1142 1746 1215 μάταια
1781 1139 1951 1216 ἀσχο-

302 1236 514 1293 λεῖσθαι
567 1237 658 1291 τὸν
713 1240 841 1291 νοῦν
899 1236 1076 1308 ὑμῶν.
1134 1233 1211 1293 Οὐ
1268 1233 1336 1289 τὰ
1389 1235 1488 1301 τῆς
1529 1228 1789 1301 ἀληθείας
1820 1247 1957 1305 φρο-

302 1330 520 1388 νοῦντες
580 1324 673 1381 καὶ
747 1324 1094 1387 πίστεύοντες
1167 1323 1259 1378 καὶ
1332 1319 1753 1396 ἀποδεχόμενοι,
1829 1314 1955 1372 ἀλλ’

301 1417 439 1491 ἅπερ
494 1416 555 1470 ἅν
616 1416 645 1470 6
701 1417 828 1477 νοῦς
890 1413 1067 1469 αὐτῶν
1131 1413 1307 1486 μάτην
1367 1408 1652 1484 ἀναπλάσῃ
1683 1407 1776 1463 καὶ
1808 1405 1958 1481 λογί-

305 1525 488 1576 σηται.
519 1502 587 1560 Τί
643 1500 694 1558 δ’
747 1502 807 1559 ἃν
867 1502 961 1558 καὶ
1017 1501 1295 1577 λογίσοιτο
1345 1504 1453 1555 τῶν
1505 1496 1713 1565 καλῶν,
1743 1496 1771 1551 6
1803 1494 1955 1550 ἐσκοο

302 1593 564 1665 τισμὲνην
630 1587 776 1667 ἔχων
842 1593 941 1661 τὴν
1007 1587 1281 1659 διάνοιαν;
1349 1613 1378 1642 ‹‹
1438 1585 1847 1659 Ἐσκοτισμὲνοι
1887 1584 1958 1655 τῇ

309 1682 541 1754 διανοίᾳ.
576 1705 606 1734 ››
634 1682 705 1736 Τὸ
734 1684 837 1757 γὰρ
894 1680 1110 1750 πλῆθος
1164 1684 1272 1737 τῶν
1333 1681 1608 1754 βιωτικῶν
1657 1677 1955 1750 ἁμαρτιῶν,

2049 520 2108 570 et
2136 517 2253 572 Deo
2284 517 2594 586 tradendo,
2628 518 2913 575 doctrinm
2972 536 3214 593 operam
3263 520 3424 577 dare.
3475 523 3700 589 Testor,

2051 604 2377 678 inquit,per
2399 608 2858 677 Dominum,hoc
2893 615 2981 664 est
3020 614 3231 665 testem
3272 610 3476 665 invoco
3511 610 3703 666 Domi-

2051 708 2216 762 num,
2250 696 2407 766 quod
2435 695 2690 752 dixerim
2722 697 2864 769 quid
2894 715 2996 753 vos
3054 703 3325 770 oporteat
3382 714 3573 771 agere.
3634 702 3704 755 Et

2052 785 2451 842 animadverte
2467 787 2842 858 sapientiam.
2866 789 2991 844 Non
3005 788 3179 843 dixit:
3196 789 3277 844 Ne
3298 789 3545 861 posthac
3574 805 3704 844 am-

2050 872 2270 929 buletis
2291 875 2445 931 sicut
2464 875 2858 932 ambulabatis
2879 894 2892 932 :
2917 878 3028 933 hoc
3050 878 3210 933 enim
3231 878 3407 934 modo
3446 877 3706 945 feriisset

2054 978 2193 1017 eos:
2229 964 2331 1019 40
2363 964 2477 1020 hoc
2508 969 2708 1020 tamen
2757 965 3063 1035 indicavit,
3093 966 3196 1021 sed
3254 966 3327 1021 ab
3377 964 3508 1022 aliis
3539 966 3705 1022 duxit

2053 1052 2415 1124 exemplum.
2449 1075 2478 1103 «
2510 1054 2577 1108 In
2608 1054 2865 1110 vanitate
2896 1055 3112 1111 mentis
3143 1072 3283 1113 suae.
3321 1077 3350 1106 ››
3383 1087 3448 1097 -
3479 1056 3552 1111 Ut
3582 1071 3702 1110 non

2055 1147 2378 1214 occupetur
2393 1142 2552 1198 circa
2570 1159 2723 1199 vana
2743 1160 2914 1199 mens
2944 1150 3157 1200 vestra.
3211 1145 3616 1217 Intelligentes
3648 1149 3708 1199 et

2055 1230 2366 1286 credentes
2395 1248 2462 1286 ac
2488 1233 2880 1304 suscipientes
2906 1250 3027 1290 non
3058 1250 3190 1305 quas
3219 1235 3482 1289 veritatis
3544 1239 3704 1303 sunt,

2057 1318 2160 1375 sed
2193 1336 2565 1392 quascunque
2595 1339 2766 1379 mens
2796 1323 3061 1395 ipsorum
3112 1340 3258 1379 vane
3308 1328 3709 1379 commentata

2055 1407 2236 1464 fuerit
2255 1426 2323 1465 ac
2345 1411 2777 1484 excogitaverit.
2803 1412 2953 1478 Quid
2975 1412 3137 1469 enim
3160 1430 3363 1469 eorum
3379 1431 3511 1485 quae
3557 1414 3710 1469 fecta

2061 1504 2198 1553 sunt
2219 1499 2474 1572 cogitare
2497 1506 2699 1572 posset
2714 1502 2813 1573 qui
2853 1507 3115 1558 mentem
3147 1502 3326 1559 habet
3355 1502 3709 1558 obtenebra-

2060 1588 2230 1643 tam?
2261 1608 2285 1633 α
2317 1589 2696 1647 Obtenebrati
2724 1598 2945 1648 mente.
3012 1614 3034 1642 ι
3098 1592 3407 1647 Multitudo
3452 1606 3711 1662 namque

2061 1679 2503 1736 mundanorum
2536 1687 2914 1752 peccatorum
2945 1683 3137 1760 aciem
3188 1684 3407 1739 mentis
3467 1683 3714 1739 obtene-

301 1773 365 1827 τὸ
398 1769 706 1845 διορατικὸν
755 1773 853 1836 τῆς
911 1767 1150 1832 διανοίας
1203 1766 1564 1836 ἐπισκοτίζον,
1614 1762 1746 1820 ἰδεῖν
1775 1763 1875 1818 οὐκ
1899 1762 1960 1833 ἐᾷ

2081 1784 2245 1823 )rans
2275 1785 2395 1824 non
2429 1769 2573 1824 sinit
2604 1770 2822 1827 intueri
2856 1771 3046 1827 solem
3081 1772 3333 1844 justitim
3391 1772 3712 1835 Christum,

303 1860 623 1917 τὸνἽξΙλιον
679 1867 780 1929 τῆς
838 1856 1184 1929 δικαιοσύνης
1243 1855 1493 1930 Χριστόν,
1545 1855 1728 1912 Ἔνθεν
1755 1851 1959 1929 γίνεται

307 1953 344 2019 ἡ
402 1949 661 2026 πώρωσις
713 1955 812 2018 τῆς
870 1944 1115 2022 καρδίας,
1176 1945 1311 2021 ὅπερ
1367 1944 1739 2020 παρακατιὼν,
1772 1941 1957 2019 φησὶν,

308 2038 476 2095 οἱονεὶ
528 2037 785 2114 πώρωσίς
837 2058 923 2100 τις
989 2037 1124 2092 οὖσα
1184 2035 1275 2091 καὶ
1333 2032 1670 2103 ἀναισθησία.
1728 2029 1804 2089 Τὰ
1857 2030 1961 2105 γὰρ

312 2128 717 2203 ὲσκοτισμένον,
784 2126 1124 2196 ἀναίσθητον.
1197 2149 1221 2180 ε
1282 2125 1380 2181 Διά
1433 2125 1532 2191 τὴν
1591 2121 1803 2195 ἄγνοιαν
1862 2121 1962 2190 τήν

314 2219 474 2274 οὖσαν
508 2217 558 2273 ἐν
591 2218 799 2280 αὐτοῖς.
833 2240 863 2269 ››
920 2216 987 2274 Εἰ
1033 2214 1123 2271 οὖν
1165 2214 1442 2290 ἀγνοοῦσι,
1473 2213 1690 2287 φήσειεν
1736 2231 1842 2277 τις,
1873 2209 1966 2265 καὶ

317 2307 364 2363 εἰ
438 2307 798 2383 πεπώρωνται
873 2305 971 2361 οὐκ
1044 2303 1183 2378 ὁίξιοι
1256 2302 1622 2379 ἐγκλημάτων
1699 2300 1803 2355 εἶσὶ
1878 2298 1967 2354 καὶ

318 2400 628 2471 τιμωριῶν,
660 2392 809 2449 ἀλλά
858 2392 1073 2468 μᾶλλον
1131 2397 1230 2447 τοῦ
1290 2395 1497 2464 μαθεῖν.
1532 2386 1695 2445 Ἀλλ’
1723 2389 1823 2457 ὅρα
1851 2391 1968 2448 πῶς

318 2485 498 2539 αὐτῶν
557 2482 863 2560 ἀφαιρεῖται
919 2482 1019 2551 τὴν
1084 2481 1436 2556 συγγνώμην.
1495 2478 1727 2544 Οἲτινες,
1782 2474 1968 2555 φησὶν,

320 2569 705 2645 ἀπηλγηκότες
757 2568 979 2631 ἑαυτοὺς
1057 2566 1378 2642 παρέδωκαν
1440 2570 1509 2637 τᾷ
1571 2563 1830 2641 ἀσελγείᾳ
1894 2561 1969 2623 εἷς

316 2659 566 2736 ἐργασίαν
625 2657 949 2734 ἀκαθαρσίας
1002 2658 1204 2728 πάσης.
1264 2654 1504 2711 Δείκνυσι
1559 2653 1660 2729 γὰρ
1729 2651 1813 2707 ὅτι
1869 2659 1970 2721 τῆς

318 2748 538 2827 ἀγνοίας
592 2749 682 2803 καὶ
738 2749 838 2818 τῆς
891 2747 1203 2820 πωρώσεως
1254 2746 1283 2800 6
1348 2743 1468 2820 βίος
1526 2742 1710 2804 αὐτοῖς
1764 2737 1969 2803 α’ίτιος.

316 2839 381 2896 Ὀ
423 2834 481 2893 δὲ
540 2837 682 2913 βίος,
741 2835 790 2907 ἐξ
846 2833 1051 2900 οἲκείας
1103 2833 1284 2911 γίγονε
1340 2831 1606 2907 ῥᾳθυμίας
1661 2830 1751 2887 καὶ
1804 2827 1972 2885 ἀναλ-

322 2925 541 3004 γησίας.
603 2923 867 2988 Ἑαυτοὺς
921 2924 1049 3002 γὰρ,
1110 2924 1267 3001 φησὶ,
1315 2918 1654 2997 παρέδωκαν.
1683 2921 1845 2978 Ὅταν
1876 2919 1969 2974 οὖν

319 3012 396 3077 είς
424 3015 525 3083 τὴν
556 3015 693 3089 πρὸς
738 3012 1047 3087 Ῥωμαίους
1106 3009 1288 3087 εὕρῃς,
1350 3038 1375 3063 ι
1406 3006 1721 3086 Παρὲδωκεν
1778 3006 1971 3069 αὐτοὺς

320 3105 348 3159 6
380 3104 508 3166 Θεὸς
538 3102 614 3165 εἷς
672 3099 939 3175 ἀδόκιμον
990 3103 1138 3170 νοῦν,
1173 3123 1202 3151 ››
1258 3099 1394 3155 κατά
1444 3100 1545 3168 τὴν
1598 3095 1823 3161 ἓνταῦθα
1853 3093 1975 3151 διά-

315 3212 464 3248 νοιαν
499 3191 630 3247 αὐτὸ
663 3191 797 3246 νόει.
830 3190 1199 3268 Συνεχώρησε
1226 3188 1331 3264 γὰρ
1388 3188 1417 3244 6
1476 3188 1604 3249 Θεὸς
1656 3182 1975 3260 παραδοθῆ-

315 3302 404 3336 ναι
436 3280 658 3351 αὗτοὺς,
716 3276 903 3349 ἐπειδὴ
963 3277 1163 3334 τούτου
1212 3278 1395 3351 ἀξίους
1441 3275 1664 3338 ἑαυτοὺς
1693 3274 1972 3346 ἐποίησαν.

321 3395 350 3424 α
386 3371 487 3426 Διά
513 3371 611 3441 τὴν
655 3370 937 3445 πώρωσιν.
992 3391 1020 3420 ››
1061 3369 1173 3422 ’Διά
1217 3368 1317 3437 τήν
1364 3365 1735 3436 ἀναισθησίαν.
1790 3366 1978 3421 Ἀναι-

326 3460 551 3531 σθησίαν
603 3458 708 3536 γὰρ
765 3456 913 3535 ιρὲρει
969 3460 1067 3511 τοῦ
1118 3457 1297 3531 φωτὸς
1348 3457 1383 3525 ἡ
1426 3451 1716 3527 σκότωσις,
1767 3458 1847 3526 τῷ
1897 3454 1974 3526 μὴ

324 3548 471 3626 ἔχειν
529 3547 583 3603 ἐν
638 3548 851 3609 ἑαυτοῖς
908 3540 1076 3623 φόϐον
1132 3548 1287 3600 Θεοῦ.
1350 3568 1378 3596 ‹‹
1409 3544 1633 3606 Οἳτινες.
1672 3567 1694 3594 ι
1753 3541 1853 3605 Εἲς
1883 3542 1973 3597 τὸν

323 3638 641 3715 παράνομον
740 3633 1109 3707 ἐξοκείλαντες
1213 3632 1353 3710 βίον,
1456 3627 1774 3708 καταϐραχὺ
1874 3633 1975 3702 τήν

322 3727 661 3803 ἀναλγησίαν
734 3724 1017 3795 ἐνόσησαν.
1109 3746 1139 3776 ιι
1215 3720 1660 3798 Ἀπηλγηκότες.
1737 3745 1765 3774 ››
1841 3723 1975 3779 Οἶον

324 3816 652 3890 ἀναλγήτως
704 3813 1003 3889 ἐσχηκότες
1052 3811 1145 3867 καὶ
1193 3812 1623 3886 ῥᾳθυμήσαντες,
1654 3810 1743 3865 καὶ
1782 3815 1977 3884 καμεῖν

332 3907 411 3980 μὴ
448 3903 809 3981 βουληθέντες
842 3903 985 3977 πρὸς
1018 3902 1224 3976 εὒρεσιν
1278 3904 1375 3956 τοῦ
1426 3899 1619 3956 καλοῦ.
1675 3924 1696 3952 ι
1725 3899 1980 3961 Ἑαυτοὺς

334 3991 651 4070 παρέδωκαν
705 3990 775 4066 τῇ
831 3988 1110 4065 ἀσελγείᾳ.
1146 4012 1175 4042 »
1233 3994 1356 4051 Πῶς
1414 3989 1518 4066 γὰρ
1567 3990 1595 4045 6
1642 3987 1694 4043 ἐν
1729 3987 1981 4062 ἀσελγείᾳ

334 4086 714 4159 ἐξεταζόμενος
752 4080 1006 4154 δυνηθείη
1057 4085 1259 4157 γνῶναι
1315 4078 1484 4149 Θεόν;
1543 4079 1752 4137 Οὐκοῦν
1806 4082 1842 4149 ἡ
1899 4080 1983 4135 αἱ·

336 4175 428 4230 τία
481 4176 578 4243 τῆς
636 4170 882 4249 ἀγνοίας,
939 4172 974 4241 ἡ
1039 4168 1318 4245 ἀσέλγεια,
1374 4169 1409 4238 ἣ
1462 4189 1545 4230 τις
1593 4169 1729 4223 κατά
1756 4169 1983 4243 γνώμην

339 4261 721 4338 ἁμαρτάνεται.
800 4280 832 4315 ιι
892 4257 987 4320 Εἲς
1070 4257 1321 4335 ἐργασίαν
1403 4255 1751 4332 ἀκαθαρσίας.
1809 4280 1838 4308 ››
1896 4256 1985 4319 Ὠς

338 4346 501 4429 ἔργῳ,
569 4351 727 4430 φησὶ,
790 4353 870 4421 τῷ
937 4344 1273 4423 ἀσελγαίνειν
1329 4345 1637 4423 ἐχρήσαντο
1692 4346 1783 4401 καὶ
1821 4343 1987 4401 πλεοο

336 4446 564 4498 νεκτεῖν.
635 4441 776 4511 Ἀρα
852 4437 952 4493 οὐκ
1016 4436 1138 4507 ἐξῆν
1205 4434 1390 4499 αὐτοῖς
1460 4436 1537 4508 μὴ
1612 4432 1986 4512 ἀσελγαίνεινς

342 4533 420 4605 μὴ
471 4528 863 4596 πλεονεκτεῖν;
911 4526 1072 4582 παντί
1125 4545 1230 4580 που
1279 4521 1471 4586 δῆλον.
1522 4524 1683 4597 Ὁρᾷς
1734 4523 1817 4581 ὅτι
1866 4525 1993 4601 παρ’
2023 4514 2068 4579 D

339 4619 520 4674 αὐτῶν
574 4618 793 4693 γέγονεν
853 4617 889 4685 ἡ
946 4614 1265 4694 τύφλωσιςς
1326 4637 1354 4666 ‹‹
1389 4613 1474 4670 Ἐν
1524 4611 1828 4685 πλεονεξίᾳ.
1863 4637 1891 4664 ››
1921 4615 1990 4670 Ἥ

341 4705 427 4762 ὅτι
496 4703 646 4761 δυσὶν
714 4703 939 4766 ἑαυτοὺς
1026 4699 1345 4776 παρέδωκαν
1433 4700 1679 4771 πάθεσιν,
1745 4700 2001 4779 ἀσελγείᾳ

343 4796 435 4851 καὶ
486 4794 796 4866 πλεονεξίᾳ,
855 4794 888 4848 ’ἀ
942 4791 1083 4848 ἐστιν
1142 4790 1546 4861 ἐπιπολάζοντα
1614 4789 1825 4864 μᾶλλον
1892 4797 2000 4847 τῶν

345 4883 533 4941 ἄλλων
591 4886 892 4960 ἁμαρτιῶν,
924 4883 960 4954 ἢ
994 4883 1077 4937 ὅτι
1135 4881 1234 4951 τὴν
1292 4879 1575 4956 ἀσέλγειαν
1623 4880 1713 4935 καὶ
1765 4880 2002 4958 ἀκαθαρ-

345 4973 462 5028 σίαν
523 4971 715 5036 ἁπλῶς
769 4971 822 5028 ἐν
875 4970 1178 5045 πλεονεξίᾳ,
1233 4970 1499 5039 τουτέστι,
1531 4970 1646 5025 καθ’
1688 4966 2000 5047 ὑπερϐολὴν

345 5063 436 5119 καί
470 5060 773 5124 ἀνενδότως
807 5059 1144 5138 εἰργάσαντο.

2069 1855 2226 1911 unde
2250 1857 2568 1913 obstinatio
2599 1859 2789 1915 oritur
2817 1859 3034 1928 cordis,
3066 1860 3223 1932 quod
3282 1861 3341 1915 in
3400 1875 3717 1933 progressu

2069 1945 2213 2000 dicit
2242 1950 2525 2016 tanquam
2549 1947 2783 2004 caecitas
2836 1948 3107 2019 quaedam
3157 1955 3215 2004 et
3266 1949 3716 2004 insensibilitas.

2072 2033 2491 2090 Obtenebratio
2524 2037 2685 2091 enim
2737 2037 3168 2095 insensibilitas
3229 2043 3337 2093 est.
3397 2062 3416 2085 ι
3474 2039 3722 2109 Propter

2072 2121 2468 2201 ignorantiam
2501 2141 2632 2195 quae
2663 2131 2755 2182 est
2784 2125 2846 2181 in
2872 2126 3013 2182 illis.
3053 2149 3080 2177 »
3112 2127 3168 2182 Si
3200 2126 3379 2199 igitur
3425 2128 3720 2200 ignorant,

2073 2211 2578 2284 dicetquispiam,
2639 2215 2912 2271 excaecati
2971 2221 3132 2285 sunt,
3191 2215 3546 2288 reprehendi
3604 2230 3726 2270 non

2073 2307 2381 2356 merentur
2410 2318 2520 2357 nec
2550 2303 2774 2374 puniri,
2837 2303 2940 2359 sed
2997 2304 3185 2377 magis
3242 2304 3463 2360 doceri.
3512 2304 3727 2359 Verum

2076 2389 2478 2446 animadverte
2505 2392 2803 2462 quomodo
2834 2393 3066 2449 veniam
3098 2393 3170 2448 ab
3202 2394 3286 2449 eis
3332 2393 3543 2450 aufert.
3595 2390 3726 2458 Qui,

2076 2480 2290 2551 inquit,
2312 2479 2624 2536 ubidolere
2636 2480 2961 2549 desierunt,
2978 2483 3330 2555 semetipsos
3358 2482 3729 2537 tradiderunt

2076 2568 2330 2624 lascivias
2388 2569 2463 2624 ad
2519 2570 2876 2641 patrandum
2946 2588 3185 2627 omnem
3265 2569 3727 2626 immunditiam.

2079 2658 2349 2715 Ostendit
2377 2675 2638 2730 namque
2699 2660 2858 2732 quod
2912 2660 3265 2733 ignorantia:
3322 2678 3389 2716 ac
3447 2658 3731 2715 caecitatis

2078 2764 2257 2804 causa
2286 2747 2430 2819 ipsis
2460 2748 2640 2803 fuerit
2666 2749 2802 2815 vita,
2818 2766 2994 2820 porro
3026 2750 3147 2805 vita
3173 2767 3243 2805 ex
3268 2748 3509 2821 propria
3538 2745 3732 2819 segni-

2078 2836 2159 2892 tie
2188 2836 2463 2908 provenit
2491 2842 2549 2891 et
2576 2837 2907 2893 indolentia
2935 2838 3054 2894 sive
3086 2844 3346 2910 stupore.
3377 2839 3523 2893 Nam
3540 2852 3736 2891 seme-

2079 2924 2286 2997 tipsos,
2321 2925 2424 2993 ait,
2458 2925 2849 2982 tradiderunt.
2882 2928 3028 2984 Cum
3079 2927 3261 3000 igitur
3316 2926 3378 2982 in
3412 2943 3547 2983 eum
3594 2925 3734 2997 Epi-

2082 3018 2248 3074 stolaa
2278 3018 2353 3074 ad
2384 3021 2678 3075 Romanos
2708 3019 2907 3075 locum
2938 3020 3241 3085 incideris,
3271 3042 3299 3070 ‹‹
3331 3018 3598 3076 Tradidit
3633 3034 3735 3073 eos

2080 3109 2234 3163 Deus
2265 3107 2328 3162 in
2353 3107 2671 3179 reprobam
2703 3114 2965 3164 mentem
2996 3108 3064 3178 25,
3099 3130 3127 3159 »
3150 3110 3326 3181 juxta
3379 3112 3737 3180 praesentem

2085 3196 2548 3252 declarationem
2577 3195 2726 3251 illud
2757 3196 3022 3269 intellige
3050 3215 3063 3253 :
3092 3196 3365 3269 permisit
3397 3197 3555 3252 enim
3582 3195 3739 3251 Deus

2085 3286 2215 3358 ipos
2246 3285 2421 3351 tradi,
2455 3285 2941 3357 quandoquidem
2999 3303 3130 3343 sese
3187 3286 3397 3360 dignos
3456 3284 3738 3340 reddide-

2085 3379 2240 3430 rant.
2279 3397 2300 3422 ι
2334 3376 2584 3446 Propter
2613 3375 3090 3431 excaecationem.
3127 3396 3149 3425 ι
3186 3377 3436 3447 Propter
3489 3372 3739 3429 insensi-

2085 3464 2399 3519 bilitatem.
2427 3462 2732 3535 Siquidem
2760 3464 2907 3520 lucis
2937 3465 3346 3521 obtenebratio
3398 3464 3570 3519 aﬂ'ert
3600 3478 3739 3517 sen-

2088 3570 2187 3609 sus
2215 3552 2560 3618 carentiam,
2594 3569 2663 3608 eo
2722 3553 2880 3624 quod
2931 3569 3053 3608 non
3110 3553 3367 3609 habeant
3418 3552 3481 3607 in
3529 3550 3741 3623 seipsis

2088 3641 2191 3699 Dei
2222 3642 2516 3698 timorem.
2551 3642 2659 3707 Qui
2692 3642 2793 3697 ubi
2847 3642 3051 3699 dolore
3106 3643 3430 3699 desierunt.
3497 3665 3518 3692 ι
3570 3644 3742 3697 Post-

2089 3748 2268 3801 quam
2300 3731 2361 3785 in
2403 3731 2580 3786 vitam
2610 3730 2874 3802 iniquam
2908 3736 2966 3786 et
2992 3732 3326 3788 divinarum
3360 3730 3555 3804 legum
3605 3747 3740 3785 con-

2089 3819 2462 3890 temptricem
2496 3819 2888 3891 impegerunt,
2916 3819 3201 3890 paulatim
3257 3823 3608 3892 aegrotantes
3664 3817 3736 3872 ad

2090 3907 2481 3963 indolentiam
2502 3924 2571 3962 ac
2592 3912 2892 3978 stuporem
2913 3906 3293 3962 devenerunt.
3319 3928 3347 3957 ‹‹
3396 3906 3502 3963 Ubi
3534 3905 3738 3961 dolore

2092 3995 2419 4051 desierunt.
2434 4017 2464 4045 ››
2479 3995 2597 4050 Hoc
2610 3994 3103 4059 est,insensibiles
3123 3995 3487 4062 sunteﬂ'ecti,
3513 3999 3741 4067 postea-

2095 4100 2273 4155 quam
2300 4100 2421 4155 praa
2479 4083 2725 4156 segnitie
2784 4083 3052 4139 laborare
3105 4083 3428 4139 noluerunt
3483 4084 3557 4140 ad
3595 4083 3741 4139 recti

2096 4173 2523 4228 inventionem.
2556 4194 2585 4223 ‹‹
2620 4172 2976 4244 Semetipsos
3008 4172 3382 4229 tradiderunt
3409 4173 3684 4229 lascivia).
3709 4192 3739 4222 »ι

2097 4260 2402 4327 Quomodo
2416 4261 2575 4315 enim
2593 4260 2641 4315 is
2655 4261 2832 4332 quiin
2868 4261 3109 4317 lascivia
3135 4261 3311 4333 degit,
3332 4268 3533 4333 posset
3559 4262 3744 4317 Deum

2098 4349 2491 4423 cognoscere?
2511 4351 2699 4406 Causa
2729 4351 2930 4423 itaque
2962 4351 3312 4424 ignorantiae
3357 4350 3598 4406 lascivia
3657 4354 3747 4404 est

2101 4456 2218 4512 qua
2243 4438 2572 4495 secundum
2594 4445 2856 4495 mentem
2878 4441 3011 4511 quis
3034 4447 3207 4496 errat.
3238 4464 3259 4489 ι
3285 4438 3371 4495 Ad
3393 4437 3749 4511 patrandum

2100 4528 2563 4584 immunditiam.
2600 4549 2624 4579 1
2660 4529 2752 4585 Sic
2780 4536 2845 4584 ut
2873 4546 3072 4602 opere,
3107 4530 3322 4601 inquit,
3356 4528 3565 4584 lascivi
3622 4542 3750 4582 esse

2101 4617 2468 4675 decreverint
2480 4623 2535 4673 et
2549 4617 2725 4674 avidi.
2758 4620 2971 4675 Annon
2984 4624 3256 4690 poterant
3270 4634 3388 4673 non
3408 4633 3536 4672 esse
3549 4615 3751 4671 lascivi

2109 4713 2167 4763 et
2187 4707 2339 4763 avidi
2352 4706 2590 4777 ?Utique
2610 4707 2990 4763 manifestum
3005 4714 3095 4763 est
3105 4707 3263 4779 quod
3278 4709 3361 4762 sic
3387 4706 3583 4778 EVides
3596 4704 3753 4777 quod

2109 4797 2170 4851 in
2192 4812 2374 4852 manu
2405 4812 2608 4851 eorum
2629 4797 2807 4852 fuerit
2828 4797 3063 4853 caecitas
3086 4797 3114 4851 ‘2
3137 4818 3165 4847 «
3205 4797 3347 4852 Cum
3394 4795 3690 4851 aviditate.
3725 4815 3754 4844 »

2109 4884 2636 4957 Autquodduabus
2655 4886 3154 4943 sesetradiderint
3189 4886 3622 4951 aﬂ‘ectionibus,
3656 4885 3749 4940 41

2111 4992 2323 5048 nempe
2344 4975 2595 5030 lascivias
2610 4982 2668 5030 et
2706 4975 2963 5031 habendi
3005 4975 3292 5039 aviditati,
3318 4993 3448 5046 qua:
3480 4975 3666 5045 magis
3696 4974 3759 5028 in

2111 5070 2393 5136 promptu
2415 5071 2553 5119 sunt
2577 5081 2754 5135 quam
2780 5071 2993 5121 cmtera
3005 5065 3144 5121 vitia
3160 5062 3762 5135 :autquodlasciviam

348 5159 408 5213 et
441 5153 890 5210 immunditiam
924 5151 1280 5225 simpliciter
1311 5166 1447 5206 cum
1477 5149 1775 5222 aviditate,
1807 5152 1919 5212 hoc
1950 5159 2056 5226 est,
2082 5153 2240 5210 ultra
2266 5152 2513 5210 modum
2548 5160 2606 5209 et
2637 5154 2800 5211 omni
2846 5171 2979 5211 cum
3029 5153 3326 5211 desiderio
3379 5159 3438 5208 et
3484 5151 3766 5207 aviditate

352 5248 792 5318 perpetrarunt.

423 5332 611 5403 Ὑμεῖς
687 5326 745 5384 δὲ
816 5328 928 5406 οὐχ
1003 5325 1177 5390 οὕτως
1254 5324 1481 5400 ἐμάθετε
1575 5327 1669 5382 τὸν
1754 5331 2009 5404 Χριστὸν,

354 5417 402 5471 εἲ
464 5436 526 5490 γε
593 5415 753 5471 αὐτὸν
813 5414 1103 5486 ἠκούσατε,
1171 5413 1263 5469 καὶ
1329 5413 1381 5468 ἰν
1449 5412 1598 5486 αὐτῷ
1661 5411 2011 5492 ἐδιδάχθητε,

435 5572 484 5608 π
516 5574 680 5627 Rom.
713 5589 751 5641 ι,
784 5575 872 5628 28.

690 5693 954 5754 Panos.
1004 5693 1115 5754 Gn.
1148 5690 1416 5754 CXVIII.

2191 5332 2283 5400 IY,
2315 5335 2495 5389 20-24.
2531 5354 2556 5380 «
2594 5333 2705 5387 Vos
2729 5338 2926 5389 autem
2959 5350 3078 5389 non
3124 5333 3208 5388 sic
3267 5330 3558 5387 didicistis
3599 5327 3770 5386 Chri-

2121 5442 2149 5473 α
2179 5427 2333 5477 stum
2362 5439 2374 5476 :
2409 5421 2704 5493 siquidem
2734 5421 2905 5477 illum
2936 5420 3203 5487 audistis,
3264 5425 3322 5475 et
3379 5418 3437 5473 in
3490 5434 3558 5474 eo
3612 5415 3769 5472 docti

3419 5693 3494 5754 39
