4072 6266
483 267 638 327 1227

480 511 504 541 σ
538 505 680 544 nere
703 490 875 562 juxta
905 490 1163 562 priorem
1192 493 1704 550 conversationem
1733 500 1990 550 veterem
2021 494 2126 550 ho-

477 600 506 627 ‹‹
538 578 781 644 minem,
813 580 913 651 qui
945 581 1346 652 corrumpitur
1394 582 1573 654 juxta
1615 582 2125 656 concupiscentias

473 689 500 717 ι(
537 666 905 740 deceptionis
931 686 943 725 :
973 670 1243 725 renovari
1274 676 1474 728 autem
1506 673 1718 745 spiritu
1748 673 1965 729 mentis
1996 687 2125 727 ves-

473 777 501 807 ι(
533 760 660 824 trae,
694 762 753 814 et
782 757 1029 813 induere
1060 774 1275 815 novum
1298 760 1921 834 hominem,quijuxta
1938 762 2122 816 Deum

470 866 499 896 «ι
532 845 806 902 conditus
837 852 927 903 est
954 862 1061 920 per
1072 847 1369 920 justitiam
1400 857 1459 904 et
1491 850 1867 906 sanctitatem
1914 850 2123 905 verita-

470 959 498 986 ι(
532 937 629 994 tis.
668 959 696 986 »

539 1048 567 1076 ‹‹
604 1027 719 1082 Vos
748 1032 948 1084 autem
978 1044 1101 1084 non
1133 1029 1217 1084 sic
1249 1028 1561 1085 didicistis.
1594 1050 1621 1082 ι
1659 1031 1783 1087 Non
1815 1030 1876 1084 in
1934 1031 2114 1098 hunc,

465 1114 680 1188 inquit,
713 1116 892 1172 finem
923 1123 990 1172 ut
1023 1117 1143 1173 illis
1173 1117 1393 1175 similia
1449 1118 1891 1192 perpetraretis.
1950 1117 2115 1187 Quod

462 1209 658 1259 autem
690 1203 772 1259 ait
798 1204 1137 1277 :Siquidem
1167 1205 1338 1261 illum
1370 1205 1640 1275 audistis,
1672 1206 1837 1262 divus
1856 1206 2113 1261 Joannes

462 1309 568 1363 pro
600 1292 1050 1349 confirmatione
1080 1295 1308 1366 accepit
1341 1310 1355 1350 :
1387 1293 1898 1361 Quemadmodum
1940 1296 2113 1350 illum

461 1384 733 1453 audistis,
765 1386 980 1459 inquit.
1005 1388 1204 1444 Potest
1235 1393 1435 1443 tamen
1468 1388 1764 1460 quispiam
1795 1393 1854 1443 et
1882 1403 1988 1459 per
2008 1387 2110 1444 du-

457 1474 809 1531 bitationem
841 1475 991 1532 illud
1021 1476 1310 1547 accipere,
1345 1494 1461 1548 quo
1494 1478 1682 1551 magis
1712 1477 1871 1550 ipsos
1896 1476 2105 1532 feriat:

459 1581 528 1619 ac
559 1564 607 1620 si
640 1564 902 1621 diceret:
936 1565 1152 1622 Haasito
1183 1566 1364 1634 enim,
1399 1582 1544 1621 num
1573 1567 1622 1622 is
1655 1566 1756 1639 qui
1808 1566 2107 1622 Christum

457 1652 679 1709 audivit
703 1660 761 1709 et
791 1654 854 1709 in
886 1670 954 1709 eo
986 1654 1193 1709 doctus
1240 1661 1350 1724 est,
1408 1654 1750 1727 hujnsmodi
1803 1660 2101 1727 operetur.

1604 270 2024 335 CECUMENII
2067 263 2377 329 TRIGCE
2420 262 2769 326 EPlSGOPl

480 424 508 451 ‹‹
539 399 755 467 fuistis,
789 402 1289 474 quemadmodum
1321 411 1410 459 est
1438 404 1652 461 veritas
1684 405 1747 461 in
1775 405 1912 461 Jesu
1945 402 2078 477 depr

2188 396 2418 468 ,καθώς
2511 394 2652 451 ὶστιν
2730 394 2961 467 ἀλήθεια
3044 395 3096 451 ἐν
3181 402 3257 471 τῷ

3699 276 3802 337 1918

3348 401 3523 471 Ἰησοῦ
3580 402 3805 471 ἀποθέσθαι

2238 485 2378 556 ὑμᾶς
2436 484 2570 539 κατὰ
2625 486 2725 555 τὴν
2778 483 3044 560 προτέραν
3104 485 3445 565 ἀναστροφὴν
3495 490 3586 545 τὸν
3636 493 3807 550 παλαιὸν

2234 572 2518 649 ἄνθρωπον
2588 574 2681 629 τὸν
2768 574 3121 651 φθειρόμενον
3207 577 3344 631 κατὰ
3417 579 3511 640 τὰς
3580 579 3806 655 ἐπιθυμίας

2233 668 2332 733 τῆς
2409 663 2643 734 ἀπάτης.
2722 664 3099 721 Ἀνανεοῦσθαι
3174 661 3232 721 δὲ
3303 672 3383 740 τῷ
3454 670 3699 744 πνεύματι
3743 679 3811 729 ιιοό

2230 752 2354 813 νοὸς
2429 752 2605 826 ὑμῶν,
2681 750 2772 806 καὶ
2848 749 3158 807 ὶνδόσασθαι
3229 754 3324 809 τὸν
3407 758 3583 812 καινὸν
3647 758 3812 833 ἄνθρω-

2230 860 2331 895 πον
2386 841 2478 896 τὸν
2551 843 2687 896 κατᾶ
2759 841 2888 896 Θεὸν
2963 843 3245 897 κτισθιντα
3303 841 3356 899 ἐν
3410 842 3701 924 δικαιοσύνῃ
3749 852 3815 905 καὶ

2230 922 2477 1000 ὁσιότητι
2507 936 2610 998 τῆς
2640 928 2921 1000 ἀληθείας.

2300 1040 2331 1069 ‹‹
2360 1019 2541 1092 Ὑμεῖς
2573 1016 2632 1074 δε
2660 1019 2769 1095 οὐχ
2795 1017 2969 1082 οὕτως
3023 1019 3268 1095 ἐμάθετε.
3305 1046 3334 1073 ιι
3381 1024 3501 1081 Οὐκ
3546 1023 3627 1080 ἐπὶ
3661 1028 3813 1101 τούτῳ,

2226 1109 2382 1186 φησὶ,
2440 1112 2521 1182 τῷ
2577 1109 2710 1184 ὅρῳ,
2773 1110 2913 1165 ὥστε
2966 1112 3031 1165 τὰ
3092 1110 3261 1184 ὅμοια
3316 1118 3494 1169 ποιεῖν
3520 1112 3815 1179 ἑκείνοις.ΐὸ

2224 1195 2302 1263 δὶ,
2337 1198 2403 1254 Εἲ
2426 1219 2488 1275 γε
2516 1198 2679 1254 αὑτὸν
2709 1199 2999 1269 ἠκούσατε,
3052 1200 3080 1255 ὁ
3128 1200 3282 1276 ἅγιος
3335 1202 3593 1274 Ἰωάννης
3636 1200 3819 1279 βεϐαιω-

2219 1285 2369 1341 τικὸν
2400 1283 2637 1356 ἐδέξατο,
2696 1288 2909 1354 Καθὼς,
2970 1288 3155 1365 φησὶν,
3212 1289 3377 1344 αὐτὸν
3445 1291 3716 1360 ἠκούσατε.
3753 1295 3822 1349 Ai-

2218 1395 2368 1430 ναται
2418 1372 2477 1430 δά
2521 1395 2607 1438 τις
2664 1375 2752 1430 καὶ
2810 1375 2861 1431 ἰν
2921 1372 3235 1454 ἀμφιϐολίᾳ
3293 1377 3426 1435 αὐτὸ
3484 1377 3734 1452 δέξασθαι,
3755 1382 3825 1437 ἵνα

2219 1472 2308 1529 καὶ
2343 1471 2560 1546 μᾶλλον
2601 1472 2801 1536 αὐτοὺς
2852 1472 3056 1548 πλήξῃ,
3116 1475 3249 1531 ὡσεὶ
3291 1477 3468 1532 εἶπεν·
3505 1476 3823 1558 ’Λμφιϐάλλω

2216 1562 2343 1638 γάρ,
2390 1562 2440 1617 εἳ
2493 1582 2578 1625 τις
2617 1562 2708 1618 τὸν
2766 1563 2998 1638 Χριστὸν
3055 1562 3291 1627 ἀκούσας
3350 1565 3443 1620 καθ
3515 1562 3822 1644 διδαχθεὶςέν

2214 1650 2382 1725 αὐτῷ,
2413 1656 2637 1707 τοιαῦτα
2667 1653 2911 1728 πράττει.
2947 1676 2975 1703 ‹‹
3009 1653 3205 1717 Καθώς
3250 1653 3395 1708 ἐστιν
3430 1652 3681 1727 ἀλήθεια.
3711 1684 3730 1712 ι
3755 1660 3822 1727 Τὸ,

459 1764 481 1791 «ι
517 1741 1029 1807 Quemadmodum
1065 1748 1153 1797 est
1183 1741 1415 1799 veritas.
1451 1766 1479 1793 ››
1537 1741 1701 1799 Istud
1735 1761 1748 1798 :
1809 1766 1837 1795 (ι
1887 1746 2072 1810 Quem

2217 1765 2244 1792 «
2278 1741 2472 1826 Καθῴς
2500 1738 2641 1796 ἐστιν
2690 1739 2923 1812 ἀλήθεια
2956 1740 3008 1797 ἐν
3066 1746 3148 1814 τῷ
3203 1743 3410 1814 Ἰησοῦ,
3446 1768 3475 1796 ››
3510 1742 3636 1820 δύνῃ
3666 1746 3821 1820 καὶτῷ

452 1831 773 1888 admodum
833 1838 923 1889 est
1004 1833 1221 1889 veritas
1304 1833 1365 1887 in
1420 1833 1577 1901 Jesu,
1639 1856 1666 1882 »
1726 1837 1891 1905 potes
1971 1849 2106 1889 cum

453 1921 728 1993 superius
757 1920 930 1975 dictis
961 1926 1185 1993 aptare,
1218 1921 1463 1991 scilicet,
1500 1942 1527 1973 ιι
1583 1923 1653 1975 Et
1709 1921 1773 1976 in
1829 1938 1898 1977 eo
1948 1921 2104 1978 docti

451 2008 669 2063 fuistis.
703 2030 729 2058 ››
764 2008 915 2073 Quid
945 2009 1098 2064 docti
1129 2008 1400 2065 fuimus?
1457 2008 1967 2081 quemadmodum
2016 2016 2107 2066 est

448 2097 664 2153 veritas
710 2096 774 2152 in
832 2097 957 2167 illo,
1018 2099 1326 2155 veritatem
1394 2097 1724 2169 appellans,
1778 2097 2099 2170 justitiam.

446 2185 820 2242 Mendacium
852 2188 1011 2242 enim
1061 2193 1147 2242 est
1204 2193 1534 2261 peccatum.
1588 2187 2098 2254 Quemadmodum

446 2275 627 2349 igitur
657 2282 745 2332 est
773 2276 834 2331 in
866 2293 934 2332 eo
966 2276 1201 2345 veritas,
1234 2276 1317 2332 ita
1373 2282 1432 2332 et
1486 2294 1587 2332 vos
1644 2276 1799 2332 docti
1856 2277 2052 2333 fuistis
2081 2295 2095 2346 ;

438 2363 611 2435 juxta
640 2382 770 2422 eam
796 2366 1015 2438 quippe
1065 2365 1321 2421 instituti
1379 2366 1542 2422 estis.
1602 2367 1775 2422 Potes
1834 2373 1892 2422 et
1938 2367 2097 2423 istud

446 2470 580 2510 cum
606 2454 761 2511 infra
779 2454 952 2510 dictis
974 2455 1314 2523 convenire,
1348 2455 1420 2510 Et
1458 2454 1520 2511 in
1569 2455 1699 2527 ipso
1745 2455 1901 2512 docti
1927 2457 2093 2513 estis.

441 2564 469 2595 ‹‹
504 2543 1007 2616 quemadmodum
1039 2549 1130 2600 est
1158 2545 1371 2601 veritas
1402 2544 1463 2599 in
1513 2545 1649 2600 Jesu
1708 2545 2027 2617 deponere.
2063 2568 2090 2597 ››

441 2635 587 2689 Nam
620 2634 730 2691 hoc
761 2634 918 2691 docti
946 2634 1163 2705 fuistis,
1199 2641 1257 2691 et
1287 2635 1413 2690 haec
1443 2639 1531 2690 est
1562 2635 1777 2690 veritas
1836 2635 1897 2689 in
1954 2637 2091 2691 Jesu

441 2722 735 2796 deponere
759 2724 933 2796 juxta
961 2724 1222 2796 priorem
1270 2724 1781 2780 conversationem
1830 2728 2090 2781 veterem

437 2812 742 2869 hominem
774 2814 875 2886 qui
908 2819 998 2869 est
1026 2814 1087 2869 in
1110 2813 1387 2885 peccatis.
1445 2814 1571 2869 Non
1621 2813 1782 2868 enim
1830 2819 2087 2869 veterem

436 2902 743 2957 hominem
774 2901 1093 2976 appellavit
1121 2907 1417 2972 naturam,
1452 2901 1556 2958 sed
1605 2903 1828 2975 peccati
1890 2902 2088 2959 efﬁca-

434 2991 586 3047 ciam
619 2997 677 3047 et
724 2992 1153 3064 operationem.
1213 3014 1240 3042 ‹‹
1299 2992 1407 3057 Qui
1466 2993 1867 3064 corrumpitur
1915 2992 2086 3065 juxta

2215 1827 2327 1885 ἅνω
2385 1830 2645 1906 ἁρμόσαι,
2704 1831 2847 1899 οἷον,
2905 1854 2933 1882 ‹‹
2977 1830 3078 1888 Καὶ
3137 1832 3190 1887 ἐν
3251 1831 3400 1902 αὖτῷ
3460 1831 3821 1914 ἐδιδάχθητε.ν

2211 1920 2278 1976 Τί
2338 1916 2758 1994 ἐδιδάχθημεν;
2833 1920 3022 1983 Καθώς
3095 1918 3236 1975 ἐστιν
3292 1920 3533 1992 ἀλήθεια
3587 1922 3638 1979 ἐν
3690 1925 3820 1995 αὐτῷ,

2212 2004 2473 2078 ἀλήθειαν
2529 2005 2705 2081 λέγων
2763 2008 2863 2076 τῆν
2943 2005 3320 2079 δικαιοσύνην.
3378 2011 3455 2067 Τὸ
3515 2010 3616 2088 γάρ
3667 2009 3822 2086 ψεῦδός

2212 2092 2353 2151 ἔστιν
2384 2097 2644 2172 ἁμαρτία.
2705 2097 2899 2161 Καθὼς
2956 2097 3048 2151 οὖν
3105 2096 3250 2152 ἐστιν
3309 2097 3365 2153 ἐν
3434 2099 3580 2172 αὐτῷ
3618 2099 3821 2170 ἆλήθειο,

2211 2184 2385 2248 οὕτως
2415 2184 2505 2240 καὶ
2538 2184 2695 2259 ὑμεῖς
2750 2182 3102 2260 ἐδιδάχθητε.
3162 2187 3312 2243 Κατὰ
3369 2188 3476 2265 γάρ
3534 2187 3694 2257 αὐτήν
3741 2184 3826 2243 E6:-

2210 2269 2471 2351 δάχθητε.
2543 2274 2680 2349 Δῦνῃ
2742 2271 2801 2329 δὲ
2854 2274 2947 2329 καὶ
3003 2273 3083 2346 τῷ
3142 2274 3394 2349 ἑπομένῳ
3444 2275 3676 2352 ἁρμόσαι
3704 2277 3823 2332 αὐτὸ.

2206 2362 2313 2420 Καὶ
2365 2361 2417 2419 ἐν
2478 2362 2626 2438 αὐτῷ
2686 2359 3033 2440 ἐδιδάχθητε.
3094 2387 3123 2415 ‹‹
3192 2365 3393 2429 Καθώς
3449 2364 3592 2423 ἔστιν
3629 2366 3823 2437 ἀλήθεια

2205 2450 2257 2508 ἐν
2286 2456 2368 2526 τῷ
2413 2454 2597 2523 Ἰησοῦ
2653 2448 2947 2518 ἀποθέσθαι
3011 2452 3172 2526 ὑμᾶς.
3204 2476 3232 2505 n
3294 2456 3477 2511 Τοῦτο
3525 2456 3625 2532 γάρ
3676 2450 3824 2511 ἓδιδά·

2203 2543 2521 2621 χθητε,καῖ
2556 2543 2689 2598 αὐτό
2730 2540 2870 2596 ἐστιν
2927 2543 2961 2611 ἡ
3016 2540 3068 2596 ἐν
3128 2545 3210 2614 τῷ
3268 2545 3464 2613 Ἰησοῦ
3520 2543 3822 2616 άλήθεια,τὸ

2201 2632 2494 2696 ἀποθεσθαι
2530 2630 2669 2705 ὑμᾶς
2714 2630 2809 2686 τὸν
2865 2630 3004 2685 κατὰ
3055 2631 3155 2698 τήν
3213 2631 3491 2706 προτίραν
3520 2633 3818 2710 ἀναστροφήν

2198 2720 2433 2775 παλαιὸν
2491 2717 2768 2794 ἄνθρωπον
2821 2719 2914 2774 τὸν
2970 2717 3022 2772 ἐν
3080 2719 3396 2793 ἁμαρτίαις.
3456 2720 3687 2777 Παλαιὸν
3730 2723 3809 2797 γάρ

2200 2805 2508 2884 ἄνθρωπον,
2568 2806 2629 2862 οὗ
2681 2808 2781 2876 τὴν
2836 2806 2996 2886 φύσιν
3050 2805 3360 2880 ὠνόμασεν,
3423 2807 3575 2864 ἀλλὰ
3621 2810 3709 2877 τὴν
3733 2815 3812 2877 τῆς

2199 2898 2466 2971 ἁμαρτίας
2539 2894 2831 2971 ἐνέργειαν.
2893 2920 2922 2947 ‹‹
2978 2896 3085 2953 Τὸν
3147 2898 3521 2976 φθειρόμενον
3573 2900 3693 2953 κατὰ
3739 2898 3816 2960 τὸς

2197 2985 2513 3060 ἐπιθυμίας.
2546 3010 2573 3037 ››
2615 2986 2685 3042 Ἦ
2738 2984 2823 3055 τὸ,
2882 2985 3029 3042 Κατὰ
3083 2987 3181 3046 τας
3239 2985 3561 3062 ἐπιθυμίας,
3590 2987 3691 3042 ἀντὶ
3714 2990 3814 3052 τοῦ,

434 3079 968 3150 concupiscentias.
1020 3102 1048 3131 »
1112 3083 1262 3135 Aut:
1319 3079 1491 3150 juxta
1548 3079 2078 3153 concupiscentias,

2199 3077 2296 3131 Διὰ
2324 3081 2430 3132 τᾶν
2464 3074 2767 3149 ἐπιθυμιῶν
2815 3080 3011 3131 κεῖται.
3070 3076 3173 3147 (Δι’
3226 3075 3408 3131 αὐτῶν
3442 3078 3551 3153 γὰρ
3588 3075 3813 3152 φθείρετοι

2205 3166 2218 3178 .
2266 3162 2291 3178 ..
2334 3177 2341 3178 ,
2635 3162 2662 3178 η
2899 3163 2914 3178 .
2983 3160 3007 3178 ..
3192 3161 3216 3178 ..
3245 3165 3257 3178 .
3328 3165 3354 3178 -
3491 3167 3503 3178 .
3744 3170 3767 3178 -

428 3169 674 3239 ponitur
698 3186 801 3240 pro
830 3187 898 3224 eo
917 3170 1076 3242 quod
1098 3174 1204 3236 est,
1237 3170 1351 3224 Per
1386 3169 1915 3241 concupiscentias.
1949 3171 2084 3241 (Per

428 3272 528 3312 eas
585 3273 845 3329 namque
904 3258 1304 3330 corrumpitur
1352 3257 1555 3322 homo,
1603 3258 1756 3313 sicut
1811 3257 1947 3314 lana
1978 3273 2084 3328 per

426 3343 586 3416 ipsas
616 3362 763 3416 quas
794 3345 979 3419 gignit
998 3347 1210 3402 tineas.
1239 3345 1651 3418 Corrumpitur
1679 3353 1878 3402 autem
1913 3352 1971 3403 et
2016 3347 2079 3402 in

425 3431 719 3507 gehenna,
753 3440 809 3489 et
840 3434 901 3489 in
932 3434 1210 3507 praesenti
1239 3433 1376 3489 vita.
1405 3435 1883 3505 lntemperantiaa
1916 3437 2075 3491 enim

423 3539 492 3579 ac
519 3523 773 3579 lasciviae
806 3541 925 3580 non
953 3524 1165 3579 animm
1197 3521 1408 3591 solum,
1440 3521 1543 3578 sed
1575 3529 1632 3578 et
1663 3524 1928 3595 corporis
1945 3541 2075 3579 cor-

420 3612 665 3687 ruptivas
698 3612 882 3686 sunt.)
908 3616 1061 3669 Aut:
1094 3611 1626 3681 Quemadmodum,
1674 3612 1888 3687 inquit,
1936 3631 2071 3670 con-

418 3703 801 3776 cupiscentiae
859 3701 1341 3775 corrumpuntur)
1399 3701 1579 3773 idque
1639 3708 1695 3757 et
1745 3702 1953 3758 morbo
2012 3708 2071 3759 et

414 3797 681 3865 tempore
712 3809 780 3849 ac
809 3792 1052 3849 tandem
1084 3790 1319 3864 morte),
1352 3791 1435 3846 ita
1465 3796 1524 3846 et
1552 3792 1678 3864 ipse
1727 3791 1906 3848 homo
1966 3809 2069 3865 qui

413 3882 923 3955 concupiscentias
953 3881 1247 3954 producit.
1274 3881 1373 3937 42
1404 3881 1580 3936 Recte
1611 3887 1809 3936 autem
1853 3898 2064 3953 pecca-

410 3976 536 4027 tum
563 3969 723 4042 quod
744 3987 817 4028 ex
839 3968 1340 4043 concupiscentiis
1384 3969 1710 4041 perficitur,
1769 3969 2064 4043 deceptio-

406 4077 544 4115 nem
574 4060 815 4116 vocavit.
852 4059 1152 4132 Siquidem
1186 4075 1350 4114 error
1392 4063 1481 4113 est
1536 4065 1593 4114 et
1653 4075 1774 4115 non
1821 4061 2058 4133 proprie

402 4148 689 4223 voluptas.
702 4173 727 4199 «
748 4151 1030 4206 Renovari
1046 4155 1247 4206 autem
1262 4149 1489 4220 spiritu.
1507 4170 1535 4199 »
1552 4150 1836 4206 Renovari
1857 4158 2056 4207 autem

401 4256 508 4313 per
538 4240 820 4313 Spiritum
855 4247 1147 4310 sanctum,
1211 4240 1311 4311 qui
1370 4245 1459 4294 est
1506 4240 1567 4294 in
1609 4245 1809 4296 mente
1842 4250 2049 4299 vestra.

400 4329 651 4400 Spiritus
678 4330 837 4386 enim
858 4337 1087 4386 veteres
1105 4346 1225 4385 non
1256 4327 1370 4384 fert
1409 4327 1695 4384 actiones.
1747 4331 1923 4387 Recte
1955 4349 2054 4389 au-

398 4424 518 4474 tem
536 4418 881 4492 hujusmodi
904 4418 1346 4475 renovationem
1368 4416 1513 4473 dicit
1533 4418 1594 4472 in
1638 4418 1849 4490 spiritu
1875 4421 2005 4476 fieri
2034 4438 2047 4475 :

396 4509 782 4582 corporaliter
811 4526 930 4566 non
961 4507 1255 4563 efﬁcimur
1312 4506 1410 4562 alii
1471 4524 1542 4561 ex
1602 4505 1752 4575 aliis,
1814 4508 1917 4566 sed
1945 4527 2052 4584 per

395 4597 674 4668 spiritum
706 4602 794 4655 est
826 4596 1151 4665 renovatio,
1216 4595 1497 4652 ducatum
1528 4596 1829 4667 prmbente
1859 4600 2046 4672 paeni-

394 4686 603 4761 tentia,
637 4694 695 4743 et
719 4693 1100 4761 peccatorum
1131 4689 1483 4742 vetustatem
1514 4684 1857 4742 abradente.
1893 4712 1920 4738 (ι
1976 4689 2046 4745 Et

389 4758 659 4832 induere.
719 4758 749 4828 ξ)
809 4778 972 4834 Docti
1033 4776 1227 4833 fuistis
1287 4774 1606 4846 deponere,
1667 4777 1935 4833 renovari
1986 4785 2044 4834 et

388 4862 654 4921 induere.
723 4867 870 4921 Nam
938 4884 972 4923 a
1047 4864 1348 4921 communi
1418 4879 1597 4919 sensu
1685 4866 2038 4922 sumendum

387 4960 496 5026 est,
525 4955 692 5012 Docti
716 4954 933 5011 fuistis.
969 4986 1035 4997 -
1065 4955 1187 5010 Alio
1244 4953 1423 5009 modo.
1482 4952 1730 5009 Induere
1792 4954 1935 5011 dicit
1974 4957 2035 5012 in

382 5042 1042 5118 baptismate:induere
1075 5050 1133 5100 et
1189 5061 1297 5117 per
1348 5042 1756 5113 paenitentiam
1814 5050 1872 5100 et
1930 5061 2036 5117 per

379 5132 598 5190 bonam
621 5133 1152 5191 conversationem.
1182 5154 1205 5183 ι
1256 5131 1478 5184 Novum
1511 5128 1834 5185 hominem.
1872 5154 1901 5182 ››
1933 5132 2032 5188 Vi-

2198 3162 2565 3239 ὸᾶνθρωπος,
2624 3162 2806 3239 ὥσπερ
2860 3163 2923 3219 τὸ
2981 3160 3127 3239 ἔριον
3188 3161 3257 3218 δι’
3317 3165 3397 3220 ὧν
3446 3167 3618 3221 τίκτει
3647 3170 3815 3244 errant.

2196 3256 2481 3330 Φθείρεται
2522 3251 2580 3308 δὲ
2624 3253 2716 3323 καὶ
2764 3251 2816 3307 ἐν
2874 3256 2941 3326 τῇ
2992 3252 3204 3329 γεέννῃ,
3251 3254 3343 3309 καὶ
3399 3255 3456 3310 ἐν
3486 3260 3566 3329 τῷ
3603 3260 3689 3309 νῦν
3718 3254 3820 3329 βίῳ.

2194 3344 2261 3399 Ai
2289 3344 2393 3419 γὰρ
2425 3339 2734 3411 ἀκολασίαι,
2765 3342 2855 3397 καὶ
2919 3340 3082 3397 αὐτοῦ
3134 3347 3233 3398 τοῦ
3293 3344 3562 3418 σώματος
3589 3345 3647 3400 οὗ
3678 3344 3820 3417 μόνον

2189 3440 2289 3504 τῆς
2340 3437 2528 3509 ψυχῆς
2578 3432 2680 3488 εἶσι
2740 3430 3072 3511 φθαρτικαί.)
3129 3432 3223 3489 Ἥ·
3280 3433 3521 3510 Ὠσπερ,
3579 3433 3816 3511 φησίν,αἱ

2186 3521 2465 3596 ἐπιθυμίαι
2523 3521 2825 3600 φθείρονται
2896 3521 3229 3599 (φθείρονται
3285 3518 3341 3576 δὲ
3408 3522 3505 3577 καὶ
3557 3522 3694 3595 νόσῳ
3742 3522 3812 3578 καί

2185 3613 2397 3689 χρόνῳ,
2455 3612 2542 3666 καὶ
2597 3608 2905 3666 τελευταῖον
2966 3611 3217 3683 θανάτῳ),
3260 3610 3408 3666 οὕτω
3466 3614 3560 3667 καὶ
3614 3611 3806 3674 αὐτὸςό

2180 3704 2277 3766 τάς
2314 3702 2603 3779 ἐπιθυμίας
2661 3704 2858 3758 τίκτων
2918 3701 3230 3778 ἄνθρωπος.
3285 3702 3492 3765 Καλῶς
3540 3700 3600 3759 δὶ
3649 3701 3807 3774 τήνίκ

2177 3810 2285 3861 τῶν
2354 3804 2658 3878 ἐπιθυμιῶν
2738 3801 3183 3878 ἀποτελουμὲνην
3263 3802 3566 3880 ἁμαρτίαν,
3624 3805 3804 3872 ἀπάτην

2177 3892 2451 3951 ἐκάλεσεν.
2525 3893 2738 3964 ’Δπάτη
2814 3893 2939 3970 γάρ,
3033 3891 3122 3947 καὶ
3216 3891 3279 3946 οὐ
3351 3893 3569 3969 κυρίως
3639 3891 3801 3964 ἡδονή.

2177 4007 2205 4036 (ί
2261 3983 2636 4040 ’Δνανεοῢσθαι
2714 3979 2772 4037 δὲ
2842 3984 2923 4053 τῷ
3002 3980 3291 4054 πνεύματι.
3356 4003 3386 4033 n
3446 3983 3800 4045 Ἀνανεοῦσθαι

2175 4069 2231 4128 δὶ
2262 4071 2351 4128 διὰ
2400 4078 2497 4128 τοῦ
2554 4071 2712 4149 ἁγίου
2768 4070 3107 4145 Πνεύματος,
3162 4068 3260 4126 τοῦ
3316 4067 3483 4134 ὄντος
3536 4069 3592 4127 ἐν
3645 4072 3799 4143 τῷνῷ

2173 4160 2348 4237 ὑμῶν.
2381 4162 2455 4219 Τὸ
2507 4161 2611 4237 γὰρ
2669 4164 2881 4233 πνεῦμα
2939 4158 3189 4214 παλαιῶν
3244 4160 3344 4214 οὐκ
3394 4160 3647 4237 ἀνέχεται
3682 4158 3799 4234 πρά·

2169 4252 2321 4324 ξεων.
2373 4248 2573 4312 Καλῶς
2628 4246 2686 4304 δὲ
2730 4250 2828 4319 τὴν
2876 4247 3134 4319 τοιαύτην
3185 4247 3523 4304 ἆνακαίνισιν
3568 4246 3621 4304 ἐν
3662 4243 3798 4304 πνεό-

2169 4360 2297 4414 ματι
2328 4339 2569 4415 γίνεσθαι
2620 4336 2788 4413 λέγει,
2843 4336 2920 4395 Οὐ
2979 4336 3082 4413 γὰρ
3138 4342 3472 4410 σωματικῶς
3522 4336 3795 4394 ἔλλοπᾶντ⁹

2084 4468 2128 4534 D
2164 4425 2350 4482 ἄλλων
2383 4427 2669 4506 γινόμεθα,
2730 4423 2877 4481 ἀλλὰ
2934 4422 3022 4480 διὰ
3081 4424 3393 4498 πνεύματός
3453 4424 3598 4482 ἐστιν
3629 4427 3660 4495 ἡ
3689 4424 3790 4478 dva-

2158 4517 2409 4585 καίνισις,
2471 4516 2758 4590 μετανοίας
2813 4513 3165 4591 ἡγουμένης,
3223 4514 3315 4570 καὶ
3371 4516 3436 4571 τὸ
3493 4522 3661 4593 γῆρας
3696 4517 3785 4568 τῶν

2156 4601 2438 4678 ἁμαρτιῶν
2498 4600 2858 4672 ἀποξυούσης.
2919 4624 2949 4653 ‹‹
3011 4600 3113 4657 Καὶ
3174 4595 3517 4656 ἐνδύσασθαι.
3565 4625 3594 4653 ››
3646 4594 3783 4656 '35:-

2155 4687 2401 4768 δάχθητε
2464 4689 2779 4760 ἀποθέσθαι,
2843 4688 3175 4767 ἐδιδάχθῆτε
3257 4687 3601 4747 ἐνδύσασθαι.
3664 4685 3778 4744 Ἀπὸ

2152 4781 2337 4837 κοινοῦ
2396 4780 2500 4857 γὰρ
2558 4780 2621 4836 τὸ
2695 4777 3083 4858 Ἐδιδάχθητε.
3144 4778 3394 4844 Ἀλλιυς.
3456 4771 3778 4837 Ἐνδύσασθαί

2150 4890 2312 4947 φησιν
2365 4870 2417 4925 ἐν
2474 4875 2555 4944 τῷ
2615 4871 2977 4945 βαπτισματι,
3035 4867 3350 4933 ἐνδύσασθαι
3401 4871 3490 4926 καὶ
3525 4865 3613 4924 διὰ
3642 4884 3776 4940 μετα·

2145 4958 2288 5021 νοίας
2320 4959 2409 5014 καὶ
2462 4957 2741 5022 πολιτείας
2799 4965 3072 5035 χρηστῆς.
3135 4983 3164 5012 ‹‹
3210 4959 3310 5014 Τὸν
3365 4959 3551 5014 καινὸν
3591 4956 3773 5031 ἄνθρω-

2143 5067 2266 5103 πον.
2291 5070 2319 5099 ››
2352 5047 2516 5124 Ὁρᾷς
2556 5046 2639 5104 ὅτι
2689 5046 2934 5103 ἑκούσιόν
2992 5047 3103 5102 ἐστι
3157 5047 3224 5103 τὸ
3276 5053 3506 5124 πρᾶγμα
3535 5045 3622 5102 καὶ
3652 5041 3770 5117 μᾶλα

2142 5135 2241 5191 λον
2272 5133 2492 5212 εὖχερὲς
2520 5155 2534 5205 ;
2568 5137 2759 5191 Καινὸν
2816 5133 2876 5191 δὲ
2924 5135 3203 5211 ἄνθρωπόν
3236 5157 3392 5216 φησι,
3421 5137 3516 5191 τὸν
3548 5133 3596 5190 ἓν
3623 5132 3763 5208 ἀρετῇ

2141 5220 2430 5295 διαζῶντα,
2488 5221 2669 5300 ὥσπερ
2722 5221 2979 5295 παλαιὸν,
3034 5224 3127 5280 τὸν
3185 5222 3237 5280 ἐν
3288 5223 3600 5301 ἁμαρτίαις.
3631 5219 3759 5273 «Τὸν

2135 5313 2271 5368 κατὰ
2301 5312 2431 5369 Θεὸν
2483 5312 2786 5378 κτισθέντα.
2821 5336 2849 5366 ›)
2908 5314 2971 5371 Ὀ
3029 5313 3136 5389 γὰρ
3190 5312 3243 5368 ἐν
3296 5312 3463 5389 ἀρετῇ
3497 5315 3620 5382 ζῶν,
3648 5303 3757 5363 κατᾶ

2137 5401 2266 5457 Θεὸν
2320 5398 2580 5472 ἔκτισται,
2629 5402 2719 5457 καὶ
2774 5401 2911 5457 κατᾶ
2968 5402 3096 5457 Θεὸν
3153 5399 3523 5458 πολιτεύεται.
3572 5407 3755 5454 Δικαιο-

2136 5489 2264 5561 σύνη
2322 5486 2380 5545 δὲ
2432 5492 2467 5560 ἡ
2528 5488 2799 5561 καθολική
2863 5489 3078 5567 λέγεται
3140 5492 3331 5568 ἀρετὴ,
3387 5490 3607 5560 ὁσιότης
3633 5484 3746 5551 dini

2137 5580 2459 5655 καθαρότης,
2524 5605 2545 5632 α
2609 5579 2711 5638 Καὶ
2770 5579 3017 5655 ὁσιότητι
3082 5582 3185 5652 τῆς
3256 5578 3533 5651 ἀληθείας.
3589 5600 3617 5630 κ
3669 5574 3743 5630 Ἦν

378 5221 481 5279 des
504 5224 661 5295 quod
680 5223 1080 5280 voluntarium
1103 5220 1179 5276 sit
1199 5236 1348 5290 opus
1372 5217 1677 5289 magisque
1723 5219 1785 5275 in
1826 5237 2030 5292 prom-

374 5318 480 5386 ptu
500 5314 760 5371 ?Novum
782 5320 981 5370 autem
1004 5312 1146 5368 dicit
1163 5310 1263 5382 qui
1283 5310 1344 5365 in
1366 5308 1577 5363 virtute
1618 5306 1794 5381 degit,
1827 5328 2031 5381 quem-

374 5401 698 5461 admodum
727 5408 893 5460 vetus
924 5402 985 5458 in
1044 5398 1323 5473 peccatis.
1387 5416 1410 5444 ι
1470 5396 1577 5462 Qui
1623 5397 1799 5470 juxta
1842 5399 2027 5459 Deum

373 5491 645 5548 conditus
676 5498 850 5547 est.»
884 5491 993 5557 Qui
1043 5490 1205 5547 enim
1263 5488 1324 5544 in
1380 5487 1594 5543 virtute
1653 5488 1810 5556 vivit,
1854 5490 2028 5564 juxta

374 5578 561 5636 Deum
590 5580 865 5639 conditus
897 5586 1006 5647 est,
1058 5584 1115 5635 et
1159 5579 1334 5651 juxta
1386 5577 1572 5634 Deum
1621 5586 2020 5639 conversatur.
