4072 6266
297 316 455 380 1229

1355 310 1763 376 COMMENT.
1802 315 1875 375 ΙΝ
1924 304 2173 377 EPIST.
2221 314 2327 378 AD
2373 316 2646 379 EPHES.

3548 314 3709 377 1230

293 449 388 506 καὶ
440 447 589 524 παρᾶ
647 443 932 510 Ἰουδαίοις
986 443 1303 516 δικαιοσύνη
1357 443 1450 500 καὶ
1513 445 1756 516 ὁσιότης,
1796 441 1942 499 ἀλλὰ

2073 447 2288 505 Iustitia
2315 462 2453 505 vero
2482 449 2702 505 dicitur
2724 449 2906 505 virtus
2962 446 3322 505 universalis
3346 462 3361 504 :
3422 447 3708 504 sanctitas

292 540 522 610 τυπική.
583 537 714 611 Περί
789 536 894 612 γὰρ
962 534 1216 609 σώματος
1288 533 1549 609 κάθαρσιν
1599 532 1944 608 ἠσχόληντο.

291 626 469 685 Ἀλλᾶ
502 626 578 700 μή
613 625 843 697 ταύτην,
902 623 1048 680 ἀλλὰ
1103 626 1203 693 τὴν
1262 621 1315 678 ἐν
1374 625 1531 702 ψυχῇ
1596 620 1944 693 δικαιοσύνην

292 718 385 774 καὶ
416 718 679 790 ὁσιότηρα
708 714 1016 780 ἐνδύσασθε.
1076 715 1227 785 Αὖτη
1277 716 1382 790 γὰρ
1429 716 1464 783 ἡ
1520 720 1622 783 τῆς
1667 710 1946 783 ἀληθείας.

291 808 365 865 "II
397 803 745 874 δικαιοσύνην
814 802 1075 876 ἀληθείας
1128 802 1304 883 λέγει,
1353 804 1489 879 πρὸς
1536 799 1950 871 ἀντιδιαστολήν

294 901 400 966 τῆς
429 895 480 950 ἒν
514 893 815 970 ὑποκρίσει.

373 1177 469 1233 Διὸ
527 1174 854 1249 ἀποθέμενοι
954 1175 1015 1229 τὸ
1117 1170 1337 1247 ψεῦδος,
1404 1169 1626 1227 λαλεῖτε
1689 1167 1948 1240 ἀληθειαν

298 1265 525 1327 ἕκαστος
630 1263 765 1338 μετὰ
833 1266 931 1318 τοῦ
1005 1261 1241 1334 πλησίον
1316 1260 1503 1331 αὐτοῦ,
1607 1260 1690 1316 ὅτι
1792 1257 1951 1330 ἐσμὲν

300 1354 569 1427 ἀλλήλων
639 1353 804 1428 μέλη.
888 1351 1199 1431 Ὀργίζεσθε
1286 1350 1377 1407 καὶ
1457 1350 1534 1425 μή
1602 1350 1949 1424 ἁμαρτάνετε.

296 1445 359 1503 Ὀ
410 1441 574 1514 ἣλιος
631 1444 706 1516 μή
758 1438 1025 1497 ἐπιδυέτω
1083 1440 1170 1496 ἐπὶ
1226 1446 1306 1513 τῷ
1357 1443 1725 1516 παροργισμῷ
1773 1437 1949 1511 ὑμῶν.

299 1530 459 1604 Μηδε
525 1529 704 1587 δίδοτε
765 1531 931 1586 τόπον
1008 1534 1087 1602 τῷ
1171 1524 1436 1603 διαϐόλῳ.
1536 1528 1598 1586 Ὀ
1699 1526 1949 1583 κλέπτων

306 1622 503 1696 μηκέτι
571 1618 874 1691 κλεπτέτω,
945 1617 1158 1695 μᾶλλον
1262 1616 1319 1675 δὲ
1416 1621 1662 1674 κοπιάτω
1729 1616 1954 1694 ἰργαζό-

308 1733 470 1786 μενος
517 1709 580 1766 τὸ
656 1710 856 1786 ἀγαθὸν
932 1714 1050 1773 ταῖς
1125 1708 1332 1785 χερσὶν,
1402 1707 1496 1764 ’ίνα
1570 1704 1675 1787 ἔχῃ
1730 1704 1952 1782 μεταδι-

304 1801 460 1859 δόναι
524 1806 604 1874 τῷ
669 1801 858 1877 χρείαν
924 1797 1131 1879 ἔχοντι.
1203 1804 1311 1862 Πᾶς
1387 1798 1556 1875 λόγος
1623 1800 1826 1874 σαπρὸς
1894 1797 1953 1854 ἐκ

303 1897 402 1951 τοῦ
470 1892 738 1966 στόματος
799 1891 950 1965 ὑμῶν
1015 1891 1091 1965 μὴ
1149 1889 1544 1965 ἱκπορευὲσθω,
1584 1886 1711 1944 ἀλλ’
1768 1888 1818 1943 εἳ
1870 1908 1952 1951 τις

301 1982 508 2059 ἀγαθὸς
537 1981 670 2057 πρὸς
704 1978 1003 2055 οἰκοδομὴν
1039 1982 1139 2050 τῆς
1185 1976 1377 2055 χρείας
1404 1976 1500 2033 ⁴ίνα
1532 1974 1609 2052 δῷ
1641 1978 1803 2057 χάριν
1834 1982 1951 2039 τοῖς

297 2072 611 2130 ἀκοῦουσιν.

374 2163 508 2220 Elite
571 2163 663 2219 τὸν
725 2158 961 2217 παλαιὸν
1030 2161 1311 2236 ἄνθρωπον
1360 2159 1693 2228 καθολικῶς,
1752 2155 1947 2214 λοιπὸν

296 2254 393 2309 καὶ
459 2250 647 2315 ίδικῶς
712 2249 874 2308 αὐτὸν
958 2247 1263 2328 διαγράφει.
1330 2250 1435 2307 Καὶ
1499 2253 1716 2327 πρῶτον
1785 2249 1951 2304 αὐτοῦ

294 2341 360 2398 τὸ
394 2337 593 2417 ψεῦδος
623 2339 945 2410 ἀποκόπτει,
1004 2338 1080 2401 ὡς
1140 2337 1247 2393 ἀπὸ
1309 2336 1524 2393 οἰκείων
1578 2335 1780 2410 μελῶν,
1822 2334 1951 2390 ὠσεὶ

296 2432 435 2488 εἷπε
480 2430 574 2498 Μὴ
629 2428 914 2509 ὀφθαλμὸς
967 2425 1097 2482 ἰδὼν
1155 2425 1369 2502 θηρίον,
1425 2425 1486 2482 οὐ
1544 2423 1734 2481 δίδωσι
1766 2429 1948 2505 φυγεῖν

295 2526 416 2583 τοῖς
473 2518 672 2588 ποσίν;
726 2519 763 2589 ἢ
824 2519 945 2595 χεὶρ
1002 2515 1376 2595 ψηλαφήσασά
1422 2537 1475 2571 τι
1523 2515 1789 2590 πονηρὸν,
1822 2513 1954 2590 ψεό-

302 2608 454 2666 δεται
483 2609 550 2666 τὰ
580 2605 748 2664 λοιπά
782 2607 926 2682 μὲλη
959 2629 973 2680 ;
1035 2608 1245 2678 Οὕτως,
1307 2607 1463 2690 φησὶ,
1521 2607 1609 2663 καὶ
1665 2604 1803 2679 ὕμᾶς
1834 2608 1948 2686 χρή

307 2696 628 2755 διακεῖσθαι.
687 2721 716 2750 ‹‹
778 2695 1104 2774 Ὀργίζεσθε,
1179 2696 1271 2752 καὶ
1350 2697 1427 2768 μὴ
1503 2696 1856 2771 ἁμαρτάνετε.
1921 2719 1949 2750 n

309 2788 468 2857 Εἶπε,
516 2789 603 2857 Μὴ
649 2782 922 2861 ψεύδεσθε.
971 2784 1124 2843 Ἐπεὶ
1174 2785 1265 2840 οὗν
1310 2782 1586 2849 πολλάκις
1628 2806 1709 2847 τις
1757 2782 1953 2860 ψευδό-

312 2897 493 2951 μενος,
560 2877 734 2951 ὀργῆς
798 2876 1065 2953 πρόφασιν
1132 2878 1387 2950 παρεῖχε,
1451 2873 1604 2956 φησί.
1651 2871 1828 2930 Καλὸν
1861 2874 1954 2949 μὲν

304 2967 369 3022 τὸ
402 2967 477 3039 μή
513 2965 821 3041 ὀργίζεσθαι
850 2962 1116 3027 καθόλου.
1170 2962 1230 3020 Εἰ
1288 2960 1346 3018 δὲ
1394 2964 1517 3035 ἄρα,
1566 2965 1664 3020 κᾶν
1710 2965 1787 3037 μή
1819 2963 1956 3039 πρὸς

303 3054 573 3130 ἁμαρτίαν
606 3053 889 3133 ἐξαχθῆτε,
943 3049 1083 3128 μηδέ
1139 3049 1497 3126 παραμενέτω
1532 3052 1661 3126 ὑμῖν
1693 3050 1780 3108 ἐπὶ
1810 3052 1954 3108 πολὺ

298 3143 363 3201 τὸ
402 3144 597 3214 πάθος,
654 3142 777 3199 "Evr
833 3141 955 3218 γὰρ.
1017 3141 1090 3205 ὡς
1150 3138 1296 3216 λέγει
1346 3161 1450 3213 τις,
1510 3141 1681 3217 ὀργῆς
1741 3139 1953 3204 δικαίας

297 3234 436 3309 πρὸς
485 3231 631 3305 ὥραν
676 3226 1083 3304 ἐμπλησθῆναι.
1137 3232 1310 3285 Λῦσον
1344 3226 1402 3285 δὲ
1431 3229 1600 3300 αὐτὴν
1647 3231 1753 3306 πρὸ
1778 3228 1948 3300 ἡλίου

298 3321 525 3391 δύσεως,
559 3319 650 3377 διά
693 3341 752 3376 τε
796 3320 860 3377 τὸ
913 3323 989 3394 μή
1043 3317 1190 3392 δόξαι
1234 3318 1323 3375 ἐπὶ
1370 3319 1606 3391 ἀναξίοις
1653 3319 1949 3377 ἀνατεταλ·

296 3410 444 3467 κέναι
474 3412 566 3466 τὸν
613 3407 801 3479 ἥλιον,
848 3409 941 3463 καὶ
978 3406 1068 3463 ’ίνα
1119 3408 1195 3481 μή
1253 3410 1288 3478 ἡ
1346 3407 1437 3479 νὺξ
1477 3405 1567 3463 διὰ
1594 3413 1701 3464 τῶν
1732 3408 1947 3465 ἐννοιῶν

302 3498 693 3576 χαλεπωτέραν
724 3495 1017 3574 ἐργάσηται
1046 3497 1145 3567 τήν
1177 3497 1372 3574 πυράν.

382 3762 725 3838 [ΟΙΚΟΥΜ.]
776 3758 1020 3817 Ἤκουσά
1065 3779 1224 3814 τινων
1298 3760 1770 3837 ἑρμηνευσόντων⁸
1821 3760 1952 3833 Μία,

311 3850 501 3933 φησὶν,
567 3849 949 3925 ἀναμάρτητος
1008 3848 1171 3923 όργη,
1230 3849 1266 3918 ἠ
1324 3850 1462 3924 πρὸς
1517 3850 1645 3913 τοὺς
1694 3846 1956 3923 δαίμονας

307 3943 397 3999 καὶ
428 3940 498 3997 τὰ
525 3938 695 4010 πάθη.
763 3962 791 3991 ι(
834 3936 990 4009 Μηδὲ
1054 3934 1235 3993 δίδοτε
1295 3936 1486 3993 τόπονο
1527 3963 1556 3991 ››
1625 3940 1694 3996 ἸΙ
1736 3938 1819 3994 ὅτι
1858 3943 1956 3994 τοῦ

310 4030 426 4086 ἀνω
481 4032 738 4109 ἢρτηται·
798 4029 888 4097 Μὴ
946 4023 1232 4093 ἐπιδυέτω,
1265 4027 1452 4104 φησὶν,
1486 4025 1702 4098 sane;
1762 4027 1849 4083 ἐπὶ
1880 4030 1960 4101 τῷ

310 4121 680 4196 παροργισμῷ
720 4118 896 4193 ὑμῶν,
950 4116 1043 4171 ἳνα
1099 4115 1175 4190 μὴ
1208 4113 1346 4171 δῶτε
1391 4116 1580 4192 χώραν
1607 4120 1685 4188 τῷ
1716 4112 1961 4192 διαϐόλῳ

315 4206 408 4264 διὰ
463 4213 569 4264 τῶν
617 4207 756 4265 κατὰ
809 4208 910 4276 τήν
990 4206 1155 4260 νύκτα
1210 4203 1511 4278 λογισμῶν,
1572 4205 1761 4263 πλεῖον
1821 4206 1960 4280 ὑμᾶς

314 4296 546 4355 ἐκκαίειν
578 4299 718 4353 κατᾶ
744 4300 852 4351 τῶν
882 4291 1155 4370 ἀδελφῶν.
1208 4317 1236 4346 ‹‹
1266 4295 1361 4366 Τῷ
1410 4288 1678 4368 διαϐόλῳ.
1718 4320 1738 4347 ι
1783 4297 1877 4357 Ὣς
1905 4316 1963 4350 τε

310 4391 375 4445 τὸ
404 4385 680 4458 ἀλληλοις
720 4384 1006 4459 πολεμεῖν,
1037 4383 1206 4440 τόπον
1235 4381 1347 4438 ἐστὶ
1379 4380 1587 4439 διδόναι
1608 4388 1688 4456 τῷ
1719 4378 1965 4458 διαϐόλῳ

311 4478 434 4541 καθ’
465 4478 627 4550 ἡμῶν
656 4474 855 4530 αὐτῶν.
907 4497 935 4525 ‹‹
990 4476 1051 4531 Ὀ
1088 4469 1339 4527 κλέπτων
1376 4470 1568 4545 μηκέτι
1600 4470 1897 4529 κλεπτέτω.
1934 4497 1963 4525 δ)

2061 543 2258 595 autem
2289 544 2380 595 est
2406 540 2654 612 puritas.
2717 562 2745 592 «
2807 541 2878 594 Et
2929 540 3303 594 sanctitatem
3362 536 3646 593 veritatis.
3677 558 3706 586 ››

2059 630 2196 684 Erat
2213 634 2269 684 et
2288 629 2444 701 apud
2464 629 2695 686 Judzeos
2710 629 2946 701 justitia
2969 634 3029 684 et
3076 628 3382 693 sanctitas,
3425 626 3530 682 sed
3561 626 3710 698 ligu-

2059 716 2201 773 ralis
2227 735 2239 772 :
2273 735 2412 775 nam
2443 719 2601 775 circa
2630 719 2896 791 corporis
2922 717 3398 790 puriﬁcationem
3448 731 3704 787 occupa-

2060 805 2278 863 bantur
2310 825 2323 862 :
2354 824 2556 864 verum
2586 824 2707 864 non
2740 808 2915 871 hanc.
2950 806 3056 862 sed
3084 823 3216 879 qua)
3248 807 3310 862 in
3362 806 3563 862 anima
3618 810 3711 861 est

2062 897 2434 953 sanctitatem
2469 914 2536 953 ac
2560 897 2858 968 justitiam
2889 896 3139 952 induite.
3164 895 3298 951 Haec
3346 896 3507 951 enim
3562 895 3711 950 veri-

2061 986 2198 1040 tatis
2219 990 2329 1041 est.
2361 987 2477 1043 Aut
2500 985 2794 1057 justitiam
2824 985 3087 1041 veritatis
3117 983 3262 1039 dicit
3280 983 3354 1040 ad
3375 983 3707 1038 distinctio-

2062 1093 2200 1131 nem
2232 1076 2361 1148 ejus
2392 1092 2521 1149 quas
2555 1081 2646 1132 est
2674 1077 2736 1132 in
2768 1075 3153 1132 simulatione
3192 1080 3249 1131 et
3280 1074 3599 1146 hypocrisi.

2132 1173 2226 1240 IV,
2259 1177 2448 1232 25-29.
2484 1197 2511 1225 «
2545 1176 2912 1247 Quapmpter
2941 1172 3212 1246 deposito
3257 1172 3567 1228 mendacio
3617 1171 3707 1227 lo-

2064 1285 2093 1315 ‹‹
2127 1264 2371 1335 quimini
2402 1265 2710 1319 veritatem
2762 1265 3013 1336 quisque
3073 1279 3208 1319 cum
3254 1262 3523 1334 proximo
3578 1276 3706 1329 suo,

2063 1377 2092 1406 «
2125 1355 2407 1427 quoniam
2439 1372 2644 1411 sumus
2676 1354 2928 1411 invicem
2960 1354 3245 1409 membra.
3279 1352 3609 1408 Irascimini
3651 1356 3709 1407 et

2064 1468 2091 1495 «
2124 1462 2243 1501 non
2275 1445 2657 1518 peccetis.Sol
2679 1461 2754 1501 ne
2776 1442 3009 1501 occidat
3038 1460 3216 1514 super
3243 1442 3395 1498 iram
3426 1448 3704 1497 vestram.

2069 1556 2095 1588 α
2127 1536 2207 1590 Ne
2238 1535 2391 1592 detis
2420 1535 2618 1591 locum
2649 1534 2904 1591 diabolo.
2938 1532 3046 1598 Qui
3095 1532 3401 1588 iurabatur
3448 1547 3523 1587 ne
3576 1547 3706 1587 am-

2064 1645 2093 1674 ‹‹
2123 1624 2280 1697 plius
2308 1625 2572 1681 furetur:
2623 1625 2811 1697 magis
2863 1628 3059 1679 autem
3112 1620 3340 1679 laboret
3402 1620 3704 1694 cperando

2067 1736 2089 1764 α
2124 1715 2404 1771 manibus
2433 1714 2592 1787 quod
2621 1714 2845 1770 bonum
2878 1719 2986 1783 est,
3016 1717 3083 1768 ut
3111 1712 3299 1784 possit
3328 1711 3620 1783 impartiri
3653 1710 3706 1765 ei

2065 1824 2089 1856 α
2124 1804 2225 1875 qui
2259 1819 2407 1876 opus
2437 1803 2730 1860 habuerit.
2765 1803 2970 1858 Omnis
3000 1818 3195 1857 sermo
3229 1818 3475 1873 spurcus
3507 1817 3575 1855 ex
3606 1816 3706 1855 ore

2064 1914 2094 1944 ‹‹
2125 1897 2316 1948 vestro
2347 1909 2422 1947 ne
2455 1891 2756 1964 procedat,
2817 1890 2922 1947 sed
2981 1891 3028 1945 si
3088 1890 3220 1961 quis
3270 1895 3358 1944 est
3410 1889 3600 1944 bonus
3632 1888 3707 1944 ad

2064 2003 2093 2033 «
2128 1980 2581 2038 aedificationem
2611 1980 2831 2052 negotii
2865 1982 2931 2034 ut
2959 1979 3059 2035 det
3114 1979 3362 2051 gratiam
3412 1977 3708 2033 audienti-

2067 2088 2095 2123 ι
2124 2070 2254 2125 bus.
2287 2091 2315 2119 »

2134 2167 2551 2226 Universaliter
2568 2165 2801 2222 dixerat
2815 2168 3071 2220 veterem
3084 2162 3389 2220 hominem
3406 2168 3706 2220 :cazterum

2065 2259 2243 2315 etiam
2266 2256 2605 2329 specialiter
2625 2255 2816 2328 ipsum
2840 2252 3141 2309 describit.
3167 2254 3237 2309 Et
3255 2253 3448 2325 primo
3465 2254 3706 2309 menda-

2065 2346 2222 2402 cium
2252 2346 2383 2417 ejus
2413 2344 2700 2418 amputat,
2734 2342 2893 2398 velut
2922 2360 2956 2398 a
2986 2342 3242 2415 propriis
3294 2342 3595 2407 membris,
3637 2359 3706 2398 ac

2066 2435 2115 2492 si
2146 2435 2371 2491 diceret
2399 2451 2412 2491 :
2437 2432 2710 2507 Nunquid
2734 2432 2941 2488 oculus
2961 2430 3060 2486 ubi
3085 2431 3269 2487 feram
3307 2432 3406 2485 43
3452 2432 3705 2487 intuitus

2065 2529 2174 2594 est,
2208 2541 2328 2579 non
2360 2523 2461 2579 dat
2491 2521 2741 2596 pedibus
2773 2537 3014 2593 operam
3044 2525 3108 2575 ut
3133 2520 3404 2593 fugiant?
3451 2526 3554 2575 aut
3585 2538 3706 2577 ma-

2066 2631 2178 2669 nus
2210 2612 2351 2670 mali
2383 2612 2689 2686 quippiam
2721 2615 3119 2676 contrectans,
3179 2609 3448 2664 ludificat
3495 2616 3710 2666 caetera

2065 2701 2499 2767 membra?lta,
2520 2701 2734 2773 inquit,
2760 2706 2817 2755 et
2861 2717 2960 2755 vos
3011 2702 3244 2771 oportet
3286 2699 3525 2754 affectos
3558 2717 3709 2768 esse,

2068 2791 2467 2859 «Irascimini,
2502 2795 2561 2845 et
2607 2807 2727 2846 non
2768 2788 3045 2863 peccetis.
3074 2810 3100 2837 ››
3125 2788 3316 2843 Dixit:
3350 2789 3429 2842 Ne
3458 2789 3709 2844 mentia-

2068 2881 2238 2936 mini.
2263 2880 2552 2946 Quoniam
2576 2895 2710 2953 ergo
2731 2878 3078 2950 frequenter
3101 2876 3397 2948 quispiam
3417 2877 3710 2933 mentien-

2070 2969 2143 3026 do
2167 2968 2268 3025 iraa
2295 2985 2502 3025 ansam
2524 2968 2798 3042 praebuit,
2824 2966 3043 3022 idcirco
3066 2964 3148 3021 ait
3173 2980 3184 3019 :
3233 2964 3552 3020 Pulchrum
3586 2965 3713 3037 qui-

2070 3056 2204 3114 dem
2237 3063 2326 3114 est
2359 3057 2603 3113 omnino
2662 3074 2782 3112 non
2839 3054 3054 3111 irasci:
3116 3069 3318 3110 verum
3377 3055 3426 3108 si
3479 3054 3538 3109 id
3592 3070 3712 3111 non

2069 3149 2392 3222 contingat,
2426 3147 2638 3203 saltem
2688 3164 2762 3203 ne
2822 3145 2895 3202 ad
2955 3150 3263 3218 peccatum
3313 3144 3711 3214 exagitemini,

2067 3254 2261 3310 neque
2292 3238 2492 3294 diutus
2523 3240 2870 3309 permaneat
2925 3234 3082 3308 apud
3129 3252 3229 3291 vos
3289 3235 3390 3289 ira;
3437 3236 3706 3292 affectus.

2059 3328 2359 3400 Contingit
2389 3326 2572 3395 enim,
2604 3332 2671 3381 ut
2702 3325 2845 3382 dicit
2903 3324 3222 3397 quispiam,
3274 3325 3440 3395 justa
3487 3322 3562 3379 ad
3608 3324 3711 3381 ho-

2061 3434 2189 3474 ram
2223 3415 2457 3491 impleri
2493 3433 2506 3471 :
2541 3414 2699 3472 solve
2728 3422 2927 3472 autem
2958 3413 3149 3488 ipsam
3183 3417 3319 3469 ante
3352 3413 3496 3469 solis
3544 3430 3711 3470 occa-

2062 3524 2215 3576 sum,
2241 3511 2299 3562 et
2328 3523 2402 3562 ne
2436 3504 2524 3562 sol
2556 3522 2735 3577 super
2764 3503 3043 3576 indignos
3066 3508 3230 3558 ortus
3250 3502 3432 3558 fuisse
3462 3502 3713 3569 dicatur,

2065 3603 2121 3652 et
2149 3613 2222 3650 ne
2253 3612 2363 3651 nos
2394 3594 2854 3669 cogitationibus
2881 3592 3292 3649 infeliciorum
3316 3591 3536 3648 efﬁciat
3556 3591 3718 3650 llam-

2073 3702 2253 3741 mam.

2139 3773 2438 3840 Quosdam
2453 3772 2535 3827 ita
2549 3771 2748 3828 audivi
2763 3770 3228 3843 interpretantes
3246 3787 3258 3824 :
3276 3771 3401 3825 Una
3415 3768 3718 3832 ait,incul-

2066 3869 2205 3936 pata
2236 3863 2323 3917 ira
2354 3868 2462 3931 est,
2495 3878 2710 3933 nempe
2730 3878 2861 3932 qum
2883 3877 3017 3932 erga
3037 3859 3341 3916 daemones
3365 3865 3424 3914 et
3470 3860 3716 3914 affectus

2067 3951 2420 4007 concitatur.
2447 3971 2475 4000 «
2502 3951 2581 4004 Ne
2605 3948 2757 4005 detis
2783 3947 2998 4002 locum.
3031 3950 3185 4003 nAut
3229 3963 3363 4003 cum
3413 3947 3716 4018 superiore

2068 4036 2790 4111 eonjungitursententia:
2813 4036 2889 4091 Ne
2907 4035 3156 4105 occidat,
3190 4035 3507 4108 inquit,sol
3540 4050 3719 4108 super

2070 4127 2219 4182 iram
2240 4131 2518 4190 vestram,
2540 4130 2607 4180 ut
2625 4142 2745 4179 non
2767 4122 2919 4179 detis
2935 4123 3133 4180 locum
3157 4123 3392 4181 diabolo
3429 4142 3535 4197 per
3556 4126 3717 4197 cogi-

2072 4216 2325 4271 tationes
2347 4220 2670 4270 nocturnas
2693 4213 2953 4285 amplius
2975 4212 3718 4270 vosinﬂammandiadver-

2072 4320 2173 4360 sus
2193 4302 2426 4359 fratres.
2453 4324 2478 4351 ‹‹
2506 4300 2767 4357 Diabolo.
2792 4324 2818 4351 ‹‹
2849 4302 3107 4357 Invicem
3158 4317 3292 4375 ergo
3337 4318 3598 4373 pugnare
3628 4306 3718 4357 est

2074 4393 2214 4448 dare
2236 4391 2435 4447 locum
2457 4389 2693 4446 diabolo
2717 4388 2996 4446 adversus
3026 4407 3133 4446 nos
3165 4391 3345 4464 ipsos.
3379 4414 3406 4440 «
3468 4391 3575 4458 Qui
3628 4391 3717 4445 fu-

2076 4480 2339 4549 rabatur,
2371 4496 2491 4535 non
2540 4480 2796 4551 amplius
2854 4479 3103 4535 furetur.
3162 4502 3189 4529 ››
3247 4482 3392 4535 Ecce
3450 4478 3718 4535 membra

314 4564 458 4625 Ἰδοὺ
489 4565 556 4621 τὰ
591 4563 733 4640 μὲλη
765 4568 862 4619 τοῦ
894 4563 1133 4618 παλαιοῦ
1169 4561 1479 4635 ἀνθρώπου.
1517 4564 1626 4617 Ποῦ
1658 4559 1716 4617 δὲ
1746 4562 1846 4618 εἶσι
1876 4568 1957 4619 νῦν

2075 4570 2288 4626 veteris
2318 4567 2599 4624 hominis.
2634 4567 2738 4623 Ubi
2767 4574 2963 4624 autem
2996 4585 3154 4625 nunc
3185 4573 3324 4624 sunt
3375 4569 3474 4640 qui
3528 4568 3716 4623 sordi-

315 4657 369 4711 οἱ
420 4655 596 4730 ῥύπου
643 4652 918 4729 γέμοντες,
969 4649 1190 4714 ἑαυτοὺς
1244 4648 1300 4706 δὲ
1350 4651 1617 4726 καθαροὺς
1650 4650 1970 4709 ἐπικαλοῦν-

312 4765 422 4813 τες,
476 4744 528 4799 οί
591 4743 669 4816 μή
746 4738 1043 4817 δεχόμενοι
1113 4741 1212 4810 τήν
1289 4741 1610 4813 μετάνοιαν;
1688 4738 1825 4797 Ἰδοὺ
1866 4741 1971 4818 γὰρ

318 4839 562 4909 φανερῶς
612 4830 921 4898 ἀκούουσιν,
979 4830 1041 4887 Ὀ
1100 4825 1348 4885 κλέπτων
1414 4830 1606 4902 μηκέτι
1668 4827 1969 4888 κλεπτέτω.

321 4947 350 4975 ‹‹
386 4920 616 4979 Μᾶλλον
665 4918 723 4976 δὲ
779 4918 1045 4977 κοπιάτω.
1095 4943 1124 4971 υ
1173 4917 1250 4976 0-3
1305 4919 1408 4994 γὰρ
1466 4918 1620 4992 ἀρκεῖ
1670 4917 1970 4975 παύσασθαι

323 5010 591 5085 ἁμαρτίας
637 5010 728 5067 τὸν
794 5012 1181 5083 μετανοοῦντα,
1241 5006 1387 5064 ἀλλὰ
1436 5009 1528 5064 καὶ
1582 5010 1683 5079 τήν
1732 5008 1971 5067 ἓναντίαν

323 5101 462 5177 αὐτῇ
494 5097 740 5157 ὁδευτέον
789 5099 956 5171 αὐτῷ.
1012 5100 1273 5156 Κοπιάτω
1333 5095 1412 5168 δὲ,
1468 5097 1656 5170 εἰπὼν,
1687 5100 1752 5154 τὸ
1782 5097 1972 5154 ἐπίπο-

320 5213 413 5248 νον
472 5194 571 5247 τοῦ
624 5185 786 5266 ἔργου
844 5184 1110 5259 ἐδήλωσε.
1169 5187 1246 5243 Τὸ
1306 5185 1525 5262 ἀγαθὸν,
1557 5185 1710 5266 φησί.
1746 5186 1974 5264 Καὶγᾶρ

320 5280 413 5336 καὶ
441 5279 470 5335 ὃ
502 5278 753 5335 κλέπτων
809 5277 1115 5354 ἒργάζεται,
1175 5273 1320 5332 ἀλλὰ
1374 5276 1555 5332 κακόν.
1592 5299 1621 5327 ‹‹
1670 5279 1776 5337 Πᾶς
1809 5273 1977 5352 λόγος

324 5368 553 5444 σαπρός.
588 5392 618 5421 ››
671 5364 905 5443 Σαπρδν,
966 5366 1002 5436 ἢ
1054 5366 1146 5422 τὸν
1204 5364 1368 5443 ἀργὸν
1422 5365 1510 5420 καὶ
1562 5363 1764 5420 εἰκαῖον
1795 5362 1974 5433 καλεῖ,

324 5458 360 5526 ἢ
390 5458 484 5512 τὸν
515 5456 789 5526 σεσηπότα
844 5454 936 5510 καὶ
995 5451 1235 5525 δυσώδη.
1293 5453 1352 5509 Τί
1413 5453 1517 5529 γὰρ
1550 5449 1849 5527 λοιδορίας,
1879 5461 1979 5507 κά-

324 5544 618 5613 ταλαλιᾶς,
676 5542 1096 5621 αἰσχρολογίας,
1154 5543 1526 5620 εὐτραπελίας,
1585 5539 1980 5616 δυσ-ιυδέστερον

331 5638 368 5707 ἢ
431 5633 600 5692 πλέον
663 5636 934 5707 σεσηπός;
993 5661 1021 5689 ‹‹
1076 5637 1217 5712 Πρὸς
1276 5632 1576 5709 οἰκοδομὴν
1630 5642 1729 5704 τῆς
1789 5635 1977 5710 χρείας

2078 4660 2189 4715 bus
2220 4657 2467 4731 oppleti,
2493 4656 2720 4728 seipsos
2743 4661 2939 4712 tamen
2963 4675 3142 4730 puros
3164 4658 3392 4726 dicnnt,
3431 4673 3550 4713 non
3583 4674 3714 4713 sus.

2080 4748 2368 4820 cipientes
2401 4746 2808 4818 pmnitentiam
2831 4748 2859 4801 εἴ
2884 4749 3029 4802 Ecce
3062 4748 3221 4803 enim
3256 4747 3566 4802 manifeste
3613 4763 3721 4803 au—

2082 4838 2252 4894 diunt
2276 4853 2288 4891 :
2313 4836 2421 4900 Qui
2442 4835 2750 4892 iurabatur
2771 4852 2890 4891 non
2909 4836 3165 4909 amplius
3183 4836 3432 4895 furelur.
3479 4859 3500 4886 ι
3542 4837 3720 4909 Magis

2082 4931 2282 4982 autem
2315 4922 2563 4979 laboret.
2597 4945 2625 4974 »
2659 4924 2858 4995 Neque
2891 4924 3048 4980 enim
3082 4925 3225 4980 satis
3256 4930 3346 4980 est
3383 4941 3418 4981 a
3462 4924 3721 4996 peccatis

2084 5028 2345 5071 cessasse
2379 5027 2511 5067 eum
2546 5010 2645 5083 qui
2677 5011 2992 5083 resipiscit,
3018 5013 3121 5068 sed
3153 5019 3212 5069 et
3262 5014 3444 5085 priori
3495 5017 3723 5068 contra-

2082 5103 2172 5159 ria
2194 5099 2587 5158 incedendum
2612 5106 2700 5156 est
2722 5101 2833 5172 ipsi
2854 5101 2966 5157 via.
3018 5102 3231 5157 Dicens
3278 5108 3475 5158 autem
3503 5118 3516 5155 :
3549 5099 3727 5155 Labo-

2083 5197 2196 5256 ret,
2230 5189 2426 5262 operis
2457 5189 2870 5246 difﬁcultatem
2902 5189 3270 5264 signiﬁcavit.
3306 5189 3471 5256 Quod
3500 5189 3724 5244 bonum

2084 5278 2728 5352 est,inquit.Siquidem
2751 5287 3031 5351 operatur
3053 5281 3229 5335 etiam
3254 5281 3303 5334 is
3326 5280 3424 5351 qui
3474 5279 3724 5345 furatur,

2086 5370 2189 5427 sed
2219 5367 2377 5441 quod
2411 5368 2633 5424 malum
2668 5374 2773 5422 est.
2811 5392 2839 5419 ‹‹
2877 5370 3081 5425 Omnis
3123 5386 3317 5424 sermo
3375 5385 3641 5440 spurcus.
3695 5388 3722 5418 ο

2089 5455 2304 5532 Σαπρόν
2332 5456 2477 5511 dicit
2497 5462 2598 5510 aut
2621 5457 2876 5512 otiosum
2927 5464 2985 5512 et
3033 5475 3268 5527 vanum,
3298 5465 3399 5513 aut
3424 5456 3729 5529 putridum

2086 5554 2144 5602 et
2172 5545 2539 5620 graveolens.
2572 5546 2721 5609 Quid
2749 5547 2905 5601 enim
2940 5547 3125 5620 magis
3156 5548 3461 5619 putridum
3493 5552 3583 5602 est
3628 5549 3732 5602 aut

2087 5636 2319 5711 gravius
2341 5634 2461 5690 olet
2478 5650 2655 5704 quam
2669 5635 3019 5707 convicium,
3042 5626 3350 5706 detractio,
3385 5637 3728 5694 obscmnum
