4072 6266
475 277 628 337 1231

1631 266 2048 328 ωΟυΜΕΝΠ
2092 267 2401 330 TRIOCJZ
2440 267 2796 332 EPISCOPI

3694 274 3807 338 1232

470 408 713 463 verbum
735 409 837 460 aut
855 401 1173 471 dicacitas?
1196 424 1223 449 «
1248 400 1335 455 Ad
1358 399 1812 456 aediﬁcationem
1834 398 2093 472 negotii.)

2229 397 2396 461 Ποίας
2473 400 2702 476 χρείας;
2769 403 2878 468 Τῆς
2942 399 3246 470 παρούσης,
3311 398 3466 478 φησὶ,
3521 401 3639 473 περὶ
3688 401 3743 469 ἧς
3785 406 3809 470 ἡ

467 496 647 566 Cujus
670 492 938 567 negotii?
960 490 1296 554 Praesentis,
1323 489 1536 561 inquit.
1560 488 1633 543 de
1656 505 1773 560 quo
1795 494 1887 544 est
1914 488 2109 543 disce-

463 584 668 657 ptatio.
702 584 945 653 Oportet
974 581 1133 635 enim
1190 578 1381 632 virum
1443 577 1814 649 spiritualem
1871 592 2111 631 omnem

462 673 829 746 propositam
860 669 1355 741 disceptationem
1385 674 1727 724 convertere
1759 668 1833 723 ad
1863 667 2114 723 aediﬁca-

466 763 688 818 tionem
719 777 926 817 eorum
952 759 1053 830 qui
1087 758 1465 814 conveniunt.
1507 779 1533 810 ι
1591 759 1661 813 L't
1718 756 1818 811 det
1861 756 2109 829 gratiam

462 851 862 908 audientibus.
905 870 933 899 ››
961 850 1032 904 Ut
1062 847 1180 910 det,
1211 846 1425 918 inquit,
1461 846 1561 901 Dei
1592 846 1840 919 gratiam
1862 845 2112 901 audien-

463 942 620 997 tibus
655 958 668 995 :
701 947 801 996 aut
830 945 896 994 ut
925 938 1027 993 Dei
1058 936 1306 1008 gratiam
1341 935 1446 990 tibi
1477 935 1741 991 referant
1769 935 1843 990 ob
1879 952 1949 991 ea
1978 952 2109 1005 quas

461 1031 727 1102 loqueris
756 1045 768 1082 :
802 1033 905 1083 aut
932 1032 999 1082 ut
1029 1024 1420 1097 spiritualiter
1444 1029 1645 1096 gratus
1676 1024 1797 1079 illis
1828 1022 1946 1079 ﬁat.
1988 1024 2112 1079 Erit

461 1126 656 1177 autem
689 1118 824 1183 hoc,
855 1116 904 1172 si
938 1117 1009 1171 de
1040 1113 1454 1186 temperantia,
1486 1112 1558 1168 de
1582 1113 1818 1185 justitia
1849 1112 1920 1168 de
1950 1112 2109 1168 elee-

459 1225 711 1280 mosyna
740 1205 1026 1278 loquaris.

531 1297 850 1364 441Χ,3ο,
883 1297 1008 1349 3l.«
1043 1296 1114 1349 Et
1141 1310 1214 1349 ne
1243 1291 1603 1349 contristetis
1634 1290 1915 1363 Spiritum
1936 1306 2107 1345 sanc-

464 1410 485 1437 ιι
523 1393 650 1441 tum
680 1384 804 1450 Dei,
834 1400 941 1455 per
970 1399 1148 1453 quem
1180 1381 1473 1455 obsignati
1507 1380 1649 1436 estis
1681 1381 1743 1434 in
1798 1379 1955 1435 diem
2004 1395 2104 1433 re-

460 1499 489 1525 «
522 1473 901 1546 demptionis.
936 1473 1142 1528 Omnis
1173 1470 1570 1527 amarulentia
1594 1475 1654 1524 et
1684 1474 1897 1538 tumor,
1919 1474 1975 1523 et
1995 1468 2105 1533 ira,

462 1588 490 1615 ‹‹
523 1571 583 1621 et
613 1564 976 1632 vociferatio,
1009 1568 1068 1618 et
1096 1561 1249 1617 male
1277 1560 1533 1618 dicentia
1563 1559 1806 1615 tollatur
1852 1574 1887 1613 a
1943 1557 2106 1613 vobis

462 1676 489 1703 ‹‹
522 1671 658 1710 cum
691 1653 855 1708 omni
888 1651 1136 1707 malitia.
1170 1674 1198 1701 »

2221 483 2483 559 διάλεξις.
2530 494 2621 544 Δεῖ
2674 489 2775 565 γὰρ
2838 488 2930 543 τὸν
2994 488 3360 561 πνευματικὸν
3419 486 3689 559 ἄνθρωπον
3740 495 3815 546 τᾶ-

2219 596 2312 631 σαν
2362 580 2726 652 προκειμένην
2789 573 3024 647 διάλεξιν
3082 578 3424 651 περιτρέπειν
3451 577 3531 639 εἰς
3563 576 3812 651 οἶκοδομήτο

2218 670 2324 721 τῶν
2356 668 2770 741 συμπαρόντων.
2823 690 2849 717 ‹‹
2881 667 2996 722 Ἵνα
3053 663 3132 737 δῷ
3162 667 3326 742 χάριν
3354 672 3467 728 τοῖς
3498 665 3775 723 ἀκούουσιν.
3794 694 3813 720 υ

2217 756 2334 811 Ἵνα
2391 751 2470 827 δῷ
2524 755 2687 831 χάριν
2742 757 2897 823 Θεοῦ,
2958 753 3115 833 φησί,
3171 759 3288 816 τοῖς
3338 753 3644 823 ἀκούουσιν,
3688 754 3817 825 ἤῗνα

2218 842 2382 916 χάριν
2411 863 2496 896 σοι
2527 842 2776 897 εἳσωνται
2808 836 2961 910 Θεοῦ,
3005 841 3084 918 ἐφ’
3134 844 3220 905 οἷς
3268 841 3483 912 λαλεῖς,
3511 845 3547 914 ἢ
3577 841 3664 897 ’ἶνα
3689 842 3820 918 εὐχα-

2216 933 2319 1005 ρής
2346 930 2529 993 αὐτοῖς
2572 932 2703 1007 γένῃ
2749 935 3158 1005 πνευματικῶς.
3214 933 3404 989 Ἔσται
3456 929 3512 987 3‘s
3562 936 3732 999 τοῦτο,
3758 934 3822 987 ἑὰν

2214 1020 2340 1094 περὶ
2398 1019 2773 1098 σωφροσύνης,
2831 1019 2957 1096 περὶ
3017 1018 3390 1091 δικαιοσύνης,
3443 1020 3570 1095 περὶ
3627 1019 3817 1093 ἐλεημο-

2215 1107 2377 1179 σύνης
2412 1107 2610 1184 Λαλῇς.

2288 1297 2389 1354 Καὶ
2566 1296 2778 1353 λυκεῖτε
2832 1298 2894 1354 τὸ
2948 1303 3170 1372 Πνεῦμα
3222 1300 3285 1355 τὸ
3343 1301 3494 1375 ἇίγιον
3561 1304 3655 1356 τοῦ
3697 1304 3817 1363 Θεοῦ,

2213 1385 2265 1443 ἐν
2343 1387 2389 1458 ᾧ
2464 1387 2825 1462 ἐσφαγίσθητε
2925 1387 3001 1451 εἰς
3104 1389 3313 1464 ἡμέραν
3406 1386 3821 1465 ἀπολυτρώσεως.

2214 1479 2365 1530 Πᾶσα
2419 1475 2612 1549 πικρία
2662 1476 2752 1531 καὶ
2810 1476 3008 1548 θυμὸς,
3084 1477 3175 1533 καὶ
3248 1478 3414 1554 ὀργὴ,
3486 1478 3579 1533 καὶ
3630 1481 3823 1553 κραυγὴ,

2215 1563 2311 1617 καὶ
2384 1561 2712 1641 βλασφημία
2775 1563 2996 1639 ἀρθήτω
3063 1563 3151 1639 ἀφ’
3221 1566 3372 1639 ὑμῶν
3444 1567 3538 1621 σῦν
3603 1566 3735 1640 πάσῃ
3760 1585 3827 1619 κα·

2210 1672 2325 1723 xta.

530 1743 869 1798 Pavendum
900 1740 1181 1812 quiddam
1217 1739 1376 1799 dicit.
1413 1738 1685 1794 Ostendit
1735 1737 1891 1792 enim
1946 1735 2093 1808 quod

2270 1734 2533 1837 l¢06e95v
2565 1762 2619 1797 τι
2649 1741 2815 1818 λέγει.
2868 1744 3109 1799 Δείκνυσι
3156 1743 3284 1819 γὰρ,
3332 1743 3414 1799 ὅτι
3465 1751 3571 1807 πᾶς
3599 1746 3627 1800 ὁ
3656 1743 3820 1819 σαπρὸν

460 1833 656 1887 omnis
687 1832 787 1903 qui
810 1847 1091 1902 spurcum
1123 1844 1462 1884 sermonem
1490 1828 1775 1899 loquitur,
1819 1826 2103 1897 Spiritum

462 1927 732 1977 sanctum
764 1919 1095 1975 contristat.
1129 1918 1349 1973 Deinde
1373 1918 1550 1972 etiam
1582 1933 1651 1971 ex
1675 1916 1967 1970 beneﬁcio
1991 1914 2105 1986 spi-

461 2011 611 2065 ritus
673 2025 1011 2064 sermonem
1064 2007 1251 2078 magis
1308 2004 1685 2061 tremendum
1740 2003 1955 2059 reddit.
2006 2003 2104 2058 Ait

463 2099 621 2153 enim
660 2115 672 2151 :
705 2099 817 2151 Per
845 2112 1022 2167 quem
1054 2094 1349 2167 obsignati
1409 2094 1570 2149 estis.
1631 2095 1698 2147 In
1747 2091 2100 2164 baptismate

460 2201 719 2255 namque
743 2200 851 2238 nos
873 2182 1221 2255 obsignavit,
1246 2187 1529 2251 tanquam
1553 2180 1933 2235 manifestum
1969 2179 2099 2233 efﬁ-

458 2274 623 2329 ciens
644 2272 802 2345 quod
824 2272 924 2327 Dei
943 2270 1196 2343 populus
1226 2270 1450 2325 simus:
1501 2267 1795 2340 siquidem
1846 2266 1942 2322 hic
1973 2266 2101 2322 dies

455 2363 884 2437 redemptionis
912 2363 1042 2418 fuit.
1078 2386 1104 2413 «
1138 2362 1344 2417 Omnis
1364 2360 1778 2416 amarulentia.
1806 2382 1833 2408 »
1855 2365 2099 2415 Amaru-

452 2455 700 2511 lentiam
731 2459 897 2510 vocat
927 2453 1360 2509 vehementiam
1390 2452 1452 2506 in
1482 2450 1731 2506 dicendo
1764 2456 1822 2505 et
1867 2464 2099 2521 praepa-

450 2545 742 2602 rationem
774 2543 848 2598 ad
878 2544 1027 2599 iram
1063 2559 1076 2597 :
1107 2549 1303 2597 tumor
1332 2548 1530 2596 autem
1573 2540 1668 2596 itm
1725 2539 2096 2612 generativus

451 2642 560 2699 est,
594 2635 773 2690 exira
827 2650 962 2688 vero
1004 2633 1275 2704 procedit
1338 2631 1702 2694 vociferatio,
1763 2637 1822 2685 et.
1868 2646 1940 2685 ex
1984 2628 2096 2683 hac

448 2724 867 2780 maledicentia
896 2725 1015 2778 sive
1065 2722 1415 2777 convicium.
1468 2722 1599 2777 Haec
1659 2720 1838 2793 igitur
1890 2718 2096 2775 omnia

452 2814 736 2869 tollantur
756 2831 791 2868 a
809 2813 995 2868 vobis.
1021 2813 1138 2868 Non
1162 2811 1324 2877 dicit,
1346 2810 1766 2877 Cobibeantur,
1819 2814 1922 2864 aut
1969 2811 2093 2864 Pu-

448 2902 819 2970 niantur,sed
845 2918 1085 2957 omnem
1112 2918 1317 2956 eorum
1340 2898 1684 2971 signiﬁcans
1705 2898 2089 2968 ablationem,

446 2993 1133 3065 Tollantur,inquit,cum
1150 2990 1311 3046 omni
1334 2988 1581 3045 malitia.
1597 2988 2089 3060 Quandoquidem

448 3085 609 3139 enim
640 3082 914 3139 nonnulli
946 3087 1086 3137 sunt.
1131 3081 1404 3136 homines
1452 3096 1616 3134 more
1673 3095 1888 3134 canum
1936 3078 2089 3134 clam

446 3174 811 3239 mordentes,
843 3172 942 3242 qui
976 3162 1171 3243 neque
1199 3169 1616 3236 vociferantur,
1650 3184 1844 3240 neque
1894 3168 2086 3223 mani—

448 3262 657 3317 festam
686 3261 913 3317 faciunt
942 3261 1115 3327 iram,
1148 3258 1252 3314 sed
1283 3259 1344 3312 in
1376 3258 1575 3313 animo
1605 3273 1736 3312 eam
1768 3263 2091 3325 servantes,

447 3352 584 3406 data
612 3351 922 3406 occasione
949 3349 1342 3410 ulciscuntur,
1376 3346 1480 3402 sed
1510 3347 1581 3402 de
1616 3363 1683 3402 eo
1715 3346 1816 3417 qui
1845 3347 2093 3402 contris-

447 3439 607 3506 tavit,
640 3438 765 3493 vult
791 3438 1076 3493 latentem
1105 3451 1341 3507 quoque
1373 3435 1532 3490 intus
1558 3435 1846 3491 malitiam
1876 3434 2002 3490 tolli
2035 3440 2094 3490 et

447 3526 852 3581 exterminari.

519 3616 613 3683 IV,
644 3615 753 3683 32;
788 3614 850 3682 V,
887 3618 937 3683 1,
970 3617 1023 3667 2.
1052 3614 1188 3669 Sitis
1216 3616 1399 3668 autem
1444 3611 1676 3668 invicem
1724 3628 1897 3667 comes
1948 3613 2091 3667 alius

444 3708 503 3760 in
558 3704 754 3773 alium,
823 3704 1218 3772 misericordes,
1277 3702 1542 3758 donantes
1596 3701 1748 3756 vobis
1829 3700 2088 3772 invicem,

443 3792 903 3865 quemadmodum
934 3798 987 3846 et
1023 3796 1163 3847 Deus
1186 3809 1293 3862 per
1324 3791 1595 3846 Christum
1634 3789 1861 3845 donavit
1916 3792 2087 3848 vobis.

440 3888 624 3942 Estote
652 3886 829 3955 igitur
861 3885 1168 3940 imitatores
1199 3886 1298 3941 Dei
1328 3891 1595 3954 tanquam
1638 3882 1747 3953 filii
1795 3882 2003 3952 dilecti,
2036 3891 2089 3938 et

442 3974 718 4031 ambulate
747 3977 806 4029 in
830 3975 1140 4038 dilectione,
1168 3976 1309 4031 sicut
1338 3980 1389 4030 et
1420 3973 1663 4030 Christus
1718 3973 1917 4029 dilexit
1970 3990 2085 4038 nos,

442 4070 494 4120 et
522 4063 755 4118 tradidit
782 4065 1133 4134 semetipsum
1152 4080 1259 4134 pro
1288 4064 1441 4118 nobis
1470 4063 1805 4119 oblationem
1834 4079 1898 4118 ac
1929 4064 2086 4117 victi-

439 4168 586 4206 mam
620 4152 721 4207 Deo
751 4154 808 4206 in
838 4153 1060 4208 odorem
1092 4153 1242 4207 bonae
1265 4154 1619 4222 fragrantia.

509 4242 710 4313 Neque
743 4241 902 4296 enim
934 4240 1155 4296 sufﬁcit
1182 4240 1309 4295 sola
1339 4257 1373 4296 a
1404 4240 1571 4295 malis
1611 4238 1991 4304 abstinentia,
2025 4245 2089 4295 ut

438 4329 727 4386 liberatur
756 4331 888 4402 quis
912 4348 946 4385 δ.
977 4329 1292 4402 supplicio,
1324 4329 1441 4384 nisi
1467 4329 1648 4385 etiam
1678 4328 1901 4385 bonum
1945 4346 2087 4401 ope-

437 4427 621 4476 retur.
655 4422 725 4475 Et
759 4419 867 4474 hoc
899 4418 1164 4473 indicant
1195 4417 1295 4488 qui
1328 4434 1362 4473 a
1392 4417 1650 4472 sinistris
1682 4422 1822 4473 sunt
1853 4417 1919 4482 εδ,
1981 4418 2082 4489 qui

2218 1828 2379 1904 λόγον
2413 1827 2627 1899 λαλῶν,
2673 1831 2736 1886 τὸ
2785 1835 3004 1904 Πνεῦμα
3059 1829 3225 1887 λυπεῖ
3276 1833 3339 1888 τὸ
3395 1835 3571 1908 ἅγιον.
3605 1836 3733 1892 Εἶτα
3753 1832 3821 1888 καὶ

2214 1916 2275 1973 ἐκ
2302 1925 2403 1988 τῆς
2444 1917 2749 1995 εὐεργεσίας
2803 1924 2901 1975 τοῦ
2956 1919 3286 1993 πνεύματος,
3344 1916 3712 1997 φοϐερώτερον
3751 1920 3821 1975 τὸν

2215 2004 2382 2085 λόγον
2411 2013 2579 2065 ποιεῖ.
2632 2009 2720 2066 Ἐν
2753 2009 2799 2081 ᾧ
2828 2010 2951 2086 γὰρ,
2973 2010 3162 2088 φησὶν,
3210 2009 3628 2091 ἐσφραγίσθητε.
3657 2013 3823 2085 Ὥσπερ

2211 2095 2313 2172 γὰρ
2380 2094 2587 2167 δήλους
2658 2103 2831 2154 ποιῶν
2901 2100 3050 2172 ἡμᾶς
3120 2098 3206 2155 δτι
3281 2098 3441 2174 ἐσμὲν
3506 2104 3636 2155 Θεοῦ
3704 2098 3825 2165 λαὸς,

2213 2183 2535 2262 ἐσφράγισες
2592 2189 2743 2259 ἡμᾶς
2801 2186 2853 2243 ἐν
2911 2192 2991 2260 τῷ
3049 2188 3411 2264 βαπτίσματι.
3469 2191 3619 2260 Αὕτη
3674 2190 3824 2266 ﬁgi,

2214 2273 2394 2350 ἡμέρα
2420 2283 2524 2345 τῆς
2570 2274 3023 2352 ἀπολυτρώσεως.
3086 2303 3113 2330 ι(
3151 2282 3300 2333 Πᾶσα
3331 2280 3546 2354 πικρία.
3579 2301 3604 2331 ι
3640 2277 3823 2352 Πιερίαν

2216 2364 2309 2437 μὲν
2370 2363 2543 2439 λέγει,
2593 2366 2692 2436 τὴν
2751 2363 3035 2437 δεινότητα
3088 2368 3177 2422 καὶ
3233 2369 3333 2438 τήν
3394 2371 3731 2436 κατασκευήν.
3775 2367 3822 2424 Ὀ

2212 2450 2270 2508 δὲ
2333 2455 2503 2527 θυμὸς
2569 2455 2886 2531 γεννητικός
2956 2456 3066 2511 ἐστι
3100 2462 3204 2526 τῆς
3244 2456 3440 2531 ὀργῆς.
3484 2459 3577 2513 Ἐκ
3635 2453 3684 2511 δὲ
3740 2462 3820 2523 τῆς

2211 2541 2379 2616 ὀργῆς
2409 2544 2444 2612 ἡ
2474 2545 2681 2617 κραυγή
2713 2544 2977 2618 πρόεισιν.
3036 2544 3132 2599 Ἐκ
3183 2541 3240 2599 δὲ
3292 2544 3503 2615 ταύτης
3543 2547 3576 2614 ἠ
3608 2544 3820 2619 βλασφη-

2215 2631 2331 2703 μία,
2364 2633 2483 2687 οἷον
2515 2635 2551 2703 ή
2585 2630 2859 2708 λοιδορία.
2920 2636 3103 2691 Ταῦτα
3157 2638 3463 2710 τοιγαροῦν
3524 2629 3709 2689 ἅπαντα
3740 2632 3819 2705 ἀρ-

2208 2720 2358 2791 θήτω
2414 2720 2506 2799 ἀφ’
2564 2721 2741 2793 ὑμῶν.
2790 2720 2869 2779 Οὐ
2924 2720 3095 2798 λέγει,
3155 2722 3503 2797 Κατεχέσθω,
3534 2724 3568 2792 ἢ
3616 2720 3819 2790 Κολαζὲ-

2208 2820 2343 2877 σοω,
2373 2807 2521 2865 ἀλλὰ
2558 2811 2656 2880 τὴν
2706 2809 2916 2866 τελείαν
2966 2811 3143 2866 αὐτῶν
3191 2808 3378 2880 δηλῶν
3409 2812 3693 2888 ἀναίρεσιν,
3717 2813 3817 2884 ’Λρ-

2208 2900 2358 2969 θῆτω
2436 2899 2528 2953 σὺν
2600 2900 2765 2973 πάσῃ,
2823 2900 2982 2977 φησὶ,
3036 2899 3216 2972 κακίᾳ.
3275 2898 3510 2969 Ἐπειδὴ
3565 2901 3659 2977 γὰρ
3710 2898 3814 2954 εἰσὶν

2205 2988 2481 3063 ἄνθρωποι
2510 2986 2691 3062 ὥσπερ
2720 2993 2827 3044 τῶν
2884 2992 3056 3045 κυνῶν
3119 2991 3171 3044 οἱ
3227 2987 3621 3064 λαθροδῆκται,
3651 2990 3696 3044 οἳ
3719 2988 3814 3042 οὔτε

2202 3078 2511 3153 κράξουσιν,
2570 3074 2714 3147 οὔτε,
2774 3075 2951 3150 δήλην
3031 3081 3256 3133 ποιοῦσι
3309 3080 3413 3147 τὴν
3476 3079 3655 3155 ὀργῆν,
3697 3075 3811 3133 ἀλλὰ

2198 3167 2336 3222 κατὰ
2395 3169 2580 3242 ψυχὴν
2635 3164 2854 3243 ἔχοντες
2907 3166 3207 3240 ἀμύνονται
3237 3167 3289 3221 ἐν
3318 3168 3501 3244 καὶρῷ
3545 3171 3633 3224 τὸν
3662 3165 3813 3237 λυπή-

2197 3276 2380 3322 σαντα,
2416 3254 2671 3331 βούλεται
2722 3256 2811 3310 καὶ
2867 3256 2965 3326 τήν
3020 3252 3436 3330 ἐνδομυχοῦσαν
3486 3259 3668 3313 κακίαν
3693 3256 3815 3331 αἳρε-

2195 3343 2313 3397 σθαι
2344 3342 2434 3396 καὶ
2465 3339 2814 3418 ἐξορίζεσοαι.

2266 3608 2478 3673 Γίνεσθε
2570 3609 2646 3673 εἷς
2728 3606 3012 3680 ἀλλήλους
3086 3609 3346 3686 χρηστοὶ,
3444 3608 3805 3685 εὔσπλαγχνοι,

2196 3698 2554 3773 χαριζόμενοι
2587 3698 2820 3766 ἑαυτοῖς,
2878 3700 3056 3762 καθὼς
3113 3701 3203 3755 καὶ
3263 3702 3291 3755 ὁ
3349 3701 3484 3764 Θεὸς
3542 3700 3592 3756 ἒν
3622 3699 3806 3774 Χριστῷ

2192 3786 2489 3862 ἐχαρίσατο
2548 3787 2694 3860 ὑμῖν.
2756 3787 2968 3843 Γίνεσθε
3034 3789 3126 3844 οῦν
3213 3792 3464 3863 μυμηταὶ
3522 3795 3620 3847 τοῦ
3679 3790 3805 3856 Θεοῦ,

2192 3875 2267 3938 ὡς
2331 3876 2491 3932 τέκνα
2574 3877 2845 3953 ἀγαπητὰ,
2931 3878 3022 3933 καὶ
3106 3884 3457 3954 περιπατεῖτε
3521 3879 3572 3934 ἐν
3630 3875 3800 3956 ἀγάπῃ,

2190 3965 2372 4030 καθὼς
2418 3966 2508 4021 καὶ
2575 3966 2603 4020 ὁ
2663 3967 2897 4041 Χριστὸς
2954 3968 3237 4042 ἠγάπησεν
3294 3970 3471 4042 ἡμᾶς,
3540 3968 3628 4024 καὶ
3692 3982 3802 4038 παρ’

2191 4051 2387 4109 ἔδωκεν
2419 4055 2603 4110 ἑαυτὸν
2668 4056 2802 4130 ὑπὲρ
2857 4058 3016 4130 ἡμῶν
3072 4059 3389 4133 προσφορὰν
3418 4059 3511 4114 καὶ
3547 4057 3716 4123 θυσίαν
3740 4056 3802 4123 τῷ

2189 4146 2307 4215 Θεῷ
2335 4143 2413 4206 είς
2445 4144 2622 4217 ὀσμὴν
2653 4143 2902 4206 εὐωδίας.

2259 4228 2400 4289 Οὐδὲ
2422 4231 2525 4306 γὰρ
2553 4231 2710 4307 ἀρκεῖ
2762 4233 2901 4305 μόνη
2962 4238 3071 4289 τῶν
3129 4238 3309 4289 κακῶν
3353 4237 3388 4306 ἡ
3440 4235 3622 4310 ἀποχὴ
3654 4228 3801 4289 ἀπαλ-

2188 4318 2347 4391 λάξαι
2375 4320 2666 4394 τιμωρίας,
2727 4321 2774 4377 εἰ
2827 4323 2902 4395 μὴ
2956 4324 3046 4378 καὶ
3106 4323 3301 4398 ἀγαθόν
3332 4345 3417 4387 τις
3459 4324 3797 4401 προσεργιίση-

2188 4430 2298 4466 ται.
2333 4411 2435 4466 Καὶ
2484 4415 2647 4466 τοῦτο
2696 4408 2959 4481 δηλοῦσιν
3019 4414 3070 4467 οἱ
3128 4409 3177 4482 ἐξ
3238 4413 3557 4489 εὐωνύμων,
3602 4410 3652 4467 οἳ
3678 4407 3798 4465 οὐδὲν

438 4509 510 4565 de
542 4508 706 4563 nullo
731 4524 908 4579 pravo
941 4523 1118 4577 opere
1149 4512 1524 4574 accusantur,
1582 4504 1683 4560 sed
1745 4505 1904 4576 quod
1961 4522 2080 4560 non

2207 4500 2540 4576 ιγκαλοῦνται
2570 4503 2757 4561 κακόν.
2787 4504 2914 4558 ’Ότι
2945 4500 3001 4558 δὲ
3052 4504 3127 4575 μὴ
3161 4499 3411 4579 ἔθρεψαν,
3443 4507 3533 4560 καί
3561 4502 3794 4563 ἐπότισεν,

439 4599 727 4670 paverint,
753 4601 958 4668 potum
998 4612 1119 4650 non
1158 4595 1454 4662 dederint,
1514 4610 1634 4649 non
1688 4594 2030 4665 operuerint
2063 4612 2077 4649 :

439 4704 569 4758 qua:
598 4691 738 4742 sunt
789 4685 1085 4739 bonorum
1144 4683 1542 4755 operationes.
1600 4682 1948 4737 Necessaria
1994 4689 2084 4737 est

436 4776 635 4845 itaque
667 4774 840 4830 nobis
863 4774 1154 4829 bonorum
1174 4789 1411 4845 quoque
1436 4772 1721 4843 operatio.
1746 4771 1882 4826 Ideo
1916 4776 2079 4842 post-

434 4880 612 4935 quam
634 4880 811 4935 prava
832 4862 1077 4919 abstulit
1101 4862 1331 4930 Paulus,
1374 4860 1449 4916 ad
1487 4860 1782 4916 bonorum
1812 4862 1909 4917 45
1946 4877 2080 4931 ope-

431 4954 725 5010 rationem
759 4953 1120 5009 exhortatur.
1155 4975 1181 5001 α
1218 4953 1446 5007 Comes.
1486 4974 1505 4998 -
1533 4953 1837 5020 Tanquam
1881 4950 1954 5005 ad
1980 4968 2081 5021 op-

430 5044 686 5117 positam
719 5042 793 5099 ad
824 5042 925 5096 iraa
959 5040 1424 5096 distinctionem.
1488 5061 1516 5089 ››
1567 5038 1995 5094 Misericordes.
2047 5062 2075 5089 ››

428 5134 621 5190 Veluti
653 5132 727 5189 ad
757 5130 1205 5187 distinctionem
1257 5127 1589 5201 oppositam
1639 5126 2070 5183 amarulentim.

425 5223 634 5279 Posuit
661 5227 898 5278 autem:
933 5243 960 5270 (ι
997 5220 1297 5274 Donantes
1326 5217 1490 5273 vobis
1546 5217 1822 5285 invicem,
1872 5238 1901 5267 »
1962 5216 2075 5272 hoc

427 5318 534 5382 est,
568 5312 901 5368 Clementcs
932 5328 1000 5365 ac
1031 5308 1235 5365 faciles
1266 5313 1473 5375 estote,
1509 5305 1925 5377 adoppositam
1951 5322 2073 5360 cor-

424 5400 905 5473 respondentiam
939 5399 1181 5455 malitiae
1215 5404 1273 5453 et
1304 5396 1753 5453 maledicentiam
1777 5419 1803 5445 ‹‹
1855 5397 2073 5461 Quem-

499 5596 541 5633 ²⁶
574 5598 753 5652 Matth
810 5615 939 5663 xxv,
974 5598 1062 5651 44.

2194 4590 2283 4644 καὶ
2314 4589 2632 4660 ἐσκέπασαν,
2692 4586 2825 4667 ἅπερ
2882 4590 2997 4646 ἐστὶ
3052 4595 3158 4647 τῶν
3214 4593 3401 4649 καλῶν
3452 4592 3680 4669 ἒργασία.
3725 4588 3794 4641 Δεῖ

2194 4679 2286 4732 οὖν
2314 4681 2451 4752 ἡμῖν
2480 4679 2569 4735 καὶ
2601 4678 2783 4735 καλῶν
2816 4680 3084 4757 ἐργασίας.
3120 4682 3213 4737 Διὸ
3262 4684 3329 4736 τὰ
3359 4682 3539 4753 φαῦλα
3568 4677 3743 4736 ἀνελὼν
3768 4674 3788 4725 ὃ

2194 4772 2433 4836 Παῦλος,
2492 4768 2581 4822 ἐπὶ
2638 4770 2737 4838 τήν
2789 4773 2899 4823 τῶν
2960 4770 3173 4844 ἀγαθῶν
3229 4768 3481 4846 ἐργασίαν
3509 4765 3788 4845 παρακαλεῖ.

2191 4881 2218 4909 ‹‹
2257 4856 2528 4931 Χρηστοί.
2590 4880 2615 4906 »
2671 4858 2761 4921 Ὠς
2816 4857 2952 4932 πρὸς
3010 4855 3428 4929 ἀντιδιαστολήν
3484 4866 3580 4929 τῆς
3634 4855 3786 4930 ὀργῆςη

2191 4971 2217 4997 ‹‹
2247 4943 2658 5022 Εῦσπλαγχνοι.
2707 4967 2738 5000 ι)
2791 4947 2881 5011 Ὡς
2936 4949 3072 5022 πρὸς
3126 4945 3544 5018 ἀντιδιαστολὴν
3589 4953 3676 5016 τῆς
3713 4962 3786 4996 πί·

2186 5036 2360 5110 κρίας.
2394 5037 2472 5093 Τὸ
2503 5033 2581 5104 δὲ,
2629 5059 2652 5085 α
2685 5037 3051 5113 Χαριζόμενοι
3078 5039 3333 5110 ἑαυτοῖς,
3366 5062 3393 5090 ››
3444 5040 3473 5094 ’ὁ
3521 5039 3642 5106 ἔστι,
3677 5038 3784 5103 Συγ-

2183 5129 2520 5200 γνωμονικοὶ
2582 5123 2817 5200 γίνεσθε,
2873 5126 3010 5200 πρὸς
3064 5123 3479 5197 ἀντιδιαστολήν
3517 5133 3610 5194 τῆς
3635 5117 3780 5177 κακίας

2183 5214 2274 5270 καὶ
2343 5213 2699 5292 βλασφημίας
2757 5215 2981 5271 τέθεικε.
3050 5240 3079 5267 ‹‹
3150 5217 3337 5281 Καθὼς
3401 5216 3488 5273 καὶ
3540 5216 3567 5270 ὁ
3613 5204 3778 5271 Θεὸςὲν

2182 5305 2422 5379 Χριστῷ.
2458 5327 2486 5355 ››
2538 5302 2778 5379 Μεγίστη
2833 5303 2928 5376 μὲν
2980 5307 3267 5380 προτροπὴ
3321 5305 3457 5380 πρὸς
3500 5304 3558 5360 τὸ
3601 5299 3774 5380 χαρίζεξ

2184 5395 2307 5448 σθαι
2355 5394 2594 5461 ἑαυτοῖς,
2654 5392 2717 5447 τὸ
2778 5391 2949 5448 εἰπεῖν
3006 5394 3098 5449 τὸν
3157 5395 3466 5468 Χριστὸν,α
3498 5378 3770 5470 manu“?
