4072 6266
357 408 512 470 1233

1390 403 1796 466 COMMENT.
1841 399 1914 458 lN
1962 397 2209 459 EPIST.
2256 397 2314 456 II
2359 395 2469 494 AD
2515 395 2796 454 EPHES.

3607 393 3764 452 1234

354 539 682 618 ἀφεθήσεται
715 540 860 613 ὑμῖν.
907 563 935 590 ››
994 537 1153 594 Ἀλλ’
1211 534 1400 604 ἐπειδὴ
1454 532 1659 590 πολλοὶ
1693 531 1754 588 οὐ
1796 525 1996 608 σφόδρα

2116 527 2434 585 admodum
2475 531 2534 582 et
2591 527 2745 581 Deus
2803 541 2910 597 per
2952 525 3270 580 Christum.
3307 546 3334 573 ››
3367 526 3614 580 Maxima
3637 527 3768 598 qui-

354 635 472 692 τοῖς
527 627 795 701 μέλλουσι
853 628 1220 698 πιστεύουσιν,
1281 627 1385 684 άπὸ
1444 632 1550 682 τῶν
1606 621 2010 700 προϋπηργμέ-

353 740 464 773 νων
521 725 744 787 ποιῆται
825 720 925 787 την
1005 717 1372 792 παράκλησιν.
1460 714 1822 790 Χαριζόμενοι
1879 711 2004 786 γὰρ,

355 809 544 881 φησὶν,
577 807 809 874 ἑαυτοῖς,
864 807 1043 870 καθὼς
1067 805 1156 860 καὶ
1213 807 1240 859 6
1300 805 1428 865 Θεὸς
1480 803 1533 858 ἐν
1596 805 1818 876 Χριστῷ
1875 799 2005 873 ἐχα-

355 896 543 972 ρίσατο
578 897 726 970 ὑμῖν.
773 896 831 950 Τί
893 896 1031 950 ἐστιν
1084 897 1175 952 Ἐν
1231 896 1493 970 Χριστῷ,
1554 895 1812 948 Τουτεστι
1876 888 2008 962 μετά

354 985 609 1042 κινδύνου
637 989 734 1040 τοῦ
761 986 890 1040 Υἱοῦ
920 985 1106 1055 αὐτοῦ,
1142 981 1232 1038 διὰ
1266 990 1366 1052 τῆς
1427 988 1639 1061 σφαγῆς
1699 979 1863 1034 αὐτοῦ
1916 977 2007 1032 καὶ

349 1080 450 1132 τοῖ’)
483 1078 735 1150 σταυροῦ.
770 1073 869 1131 Καί
907 1073 968 1128 σὺ
1009 1075 1123 1146 μὲν,
1181 1072 1364 1149 φησὶν,
1426 1067 1724 1131 ἀκινδύνως
1779 1067 2004 1143 χαρίζῃ,

355 1166 383 1219 6
417 1161 475 1219 δὲ
505 1164 635 1225 Θεὸς
671 1163 807 1236 μετά
849 1165 944 1217 τοῦ
1000 1159 1228 1226 θανάτου
1285 1182 1387 1215 του
1444 1160 1786 1232 Μονογενοῦς
1833 1155 2004 1211 αὐτοῦ

353 1253 647 1329 ἐχαρίσατο
708 1252 857 1324 ύμῖν.
921 1252 1077 1326 Ὁρᾷς
1139 1244 1496 1324 ὑπερϐολήν;
1553 1272 1582 1299 ‹‹
1640 1246 1855 1308 Γίνεσθε
1911 1242 2002 1298 οὖν

357 1343 597 1415 μιμηταὶ
626 1344 721 1395 τοῦ
762 1344 912 1396 Θεοῦ.
951 1341 1198 1414 »Ἀρκεῖ
1250 1342 1412 1393 τοῦτο
1467 1337 1602 1411 πρὸς
1667 1335 1856 1408 μισθὸν
1923 1337 2002 1405 τῷ

351 1431 728 1506 χαριζομένῳ,
781 1430 843 1483 τὸ
894 1426 1134 1503 γενέσθαι
1195 1428 1447 1499 μιμητὴν
1513 1429 1609 1481 τοῦ
1666 1428 1819 1480 Θεοῦ.
1859 1423 2004 1486 «Ὧς

353 1526 512 1576 τέκνα
544 1519 818 1595 ἀγαπητά,
855 1541 882 1569 ››
908 1515 1047 1574 Ἰδοὺ
1077 1517 1166 1572 καὶ
1197 1514 1345 1586 ἄλλη
1395 1515 1531 1590 πρὸς
1560 1516 1622 1569 τὸ
1681 1515 1998 1589 χαρίζεσθαι

351 1610 664 1687 προτροπὴ,
705 1603 1011 1682 μᾶλλονδὲ
1051 1605 1278 1682 ἀνάγκη.
1338 1605 1602 1680 Ἀνάγκην
1661 1604 1762 1678 γὰρ
1821 1601 1997 1678 ἔχετε,

352 1699 510 1779 φησί,
556 1699 842 1771 μιμεῖσθαι
880 1695 971 1750 τὸν
1031 1696 1242 1769 Πατέρα
1298 1694 1471 1767 ὑμῶν.
1505 1693 1636 1750 Εἶτα
1666 1690 1852 1762 ἐπειδή
1919 1692 1994 1764 μή

350 1788 522 1842 πάντα
550 1786 616 1840 τὰ
643 1785 801 1840 τέκνα
843 1789 1090 1857 μιμεῖται
1129 1784 1222 1838 τὸν
1280 1782 1500 1854 πατέρα,
1551 1783 1856 1855 προσέθηκε
1910 1782 1994 1851 τὸ,

353 1874 660 1951 Ἀγαπητά.
691 1875 824 1933 Τοῖς
855 1872 960 1948 γὰρ
1011 1871 1284 1930 τοιούτοις
1340 1869 1391 1944 ἐξ
1449 1871 1690 1945 ἀνάγκης
1756 1871 1904 1933 τινὸς
1959 1872 1994 1938 ἡ
2032 1895 2075 1959 Β

356 1965 616 2038 μίμησις.
660 1983 682 2013 ι
737 1963 841 2018 Καὶ
881 1965 1226 2035 περιπατεῖτε
1258 1960 1309 2014 ἐν
1362 1960 1569 2034 ἀγάπῃ.
1605 1983 1633 2010 ››
1694 1956 1834 2014 Ἰδοὺ
1865 1959 2000 2014 πάν-

346 2076 457 2110 των
483 2057 594 2108 τῶν
645 2048 828 2105 καλῶν
883 2051 918 2120 ἡ
979 2049 1120 2124 ῥίζα.
1155 2048 1371 2118 Ταύτης
1425 2049 1528 2124 γὰρ
1563 2045 1752 2118 οὔσης,
1811 2047 1902 2101 καὶ
1962 2049 1997 2116 ἡ

351 2144 498 2223 φυγή
530 2145 638 2196 τῶν
672 2144 878 2210 κακῶν,
912 2138 1000 2193 καὶ
1028 2140 1062 2207 ἡ
1103 2139 1326 2209 ποίησις
1373 2143 1481 2193 τῶν
1538 2137 1775 2212 ἀγαθῶν,
1835 2137 1998 2211 εύχε-

352 2237 464 2304 ρῶς
520 2231 905 2305 κατορθοῦται.
974 2227 1192 2294 Καθὼς,
1250 2227 1434 2306 φησὶν,
1497 2227 1525 2280 6
1583 2226 1816 2300 Χριστὸς
1861 2225 2000 2298 ἠγά-

353 2341 525 2392 πησεν
558 2321 726 2392 ἡμᾶς.
761 2318 951 2374 Καίτοι
1012 2317 1113 2372 οὐκ
1162 2311 1305 2372 ἔστιν
1335 2315 1526 2389 ὅμοιον
1567 2318 1664 2384 τῆς
1717 2320 1816 2370 τοῦ
1856 2316 1998 2389 Χρι-

353 2433 482 2467 στου
513 2409 732 2484 ἀγάπης
777 2409 840 2462 τὸ
886 2405 1177 2481 ἡμέτερον.
1237 2407 1298 2462 Ὀ
1332 2406 1425 2478 μὲν
1478 2405 1581 2482 γὰρ
1613 2405 1847 2483 ἐχθροὺς
1907 2401 1998 2459 ὅν-

349 2521 448 2561 τας
476 2501 626 2571 ἡμᾶς
657 2496 932 2571 ἠγάπησε,
966 2493 1028 2548 σὺ
1083 2492 1161 2563 δὲ,
1193 2494 1351 2573 φησὶ,
1392 2497 1554 2548 τοῦτο
1611 2491 1706 2548 κέίν
1740 2493 1814 2554 εἷς
1872 2492 1999 2556 τοὺς

350 2588 588 2659 πλησίον
623 2581 903 2655 ἐπίδειξον.
937 2585 1001 2641 Ὁ
1059 2584 1154 2657 μὶν
1208 2583 1442 2659 Χριστὸς
1475 2583 1659 2637 ἑαυτὸν
1703 2582 1778 2643 εἰς
1837 2583 1998 2637 θάνα-

351 2698 444 2732 τον
474 2673 776 2751 παρέδωκε,
809 2673 894 2727 σοὶ
927 2670 982 2728 δὲ
1014 2669 1296 2736 ἀκίνδυνος
1323 2672 1412 2727 καὶ
1461 2672 1697 2745 ἀζήμιος
1756 2669 1902 2726 ἔσται
1963 2675 1996 2740 ἡ

353 2767 490 2842 πρὸς
529 2765 622 2820 τὸν
655 2762 893 2834 πλησίον
927 2761 1131 2838 ἀγάπη.
1191 2761 1261 2818 Εἴ
1320 2758 1376 2816 ’δὲ
1439 2760 1668 2836 ἐχθροὺς
1702 2761 1999 2835 ἀγαπήσεις

354 2855 491 2910 κατά
524 2854 755 2927 μίμησιν
782 2857 880 2907 τοῦ
911 2856 1180 2926 Χριστου,
1210 2853 1414 2925 γενήσῃ
1469 2850 1558 2905 καὶ
1613 2851 1674 2904 σὺ
1707 2849 1863 2914 θυσία
1919 2853 1998 2921 τῷ

352 2947 470 3014 Θεῷ
497 2943 588 2997 καὶ
619 2943 926 3018 προσφορά,
979 2940 1053 3002 εἷς
1103 2941 1280 3012 ὀσμὴν
1350 2938 1578 3001 εὐωδίας
1636 2935 1996 3014 λογιζομένη.

348 3031 538 3093 Οὒτως
570 3032 597 3085 6
629 3033 860 3105 Χριστὸς
887 3029 1094 3106 γέγονε,
1132 3026 1274 3084 οὕτω
1303 3028 1391 3083 καὶ
1424 3030 1608 3101 ἡμεῖς,
1641 3026 1728 3082 ἐὰν
1760 3025 2000 3098 θελήσω-

353 3142 471 3195 μεν,
497 3119 750 3194 ἐσόμεθα.

419 3365 650 3441 Ηορνεία
711 3364 766 3421 δὲ
827 3367 916 3420 καὶ
996 3371 1142 3421 πᾶσα
1201 3365 1496 3441 ἀκαθαρσία
1573 3367 1606 3436 ἢ
1688 3364 1989 3437 πλεονεξία,

352 3454 496 3531 μηδὲ
559 3455 910 3530 ὀνομαζέσθω
969 3455 1021 3510 έν
1084 3456 1232 3529 ὑμῖν,
1289 3455 1470 3520 καθὼς
1540 3455 1733 3530 πρέπει
1791 3456 1989 3529 ἁγίοις.

351 3547 451 3602 Καὶ
509 3545 814 3620 αἰσχρότης
895 3544 985 3599 καὶ
1084 3544 1430 3620 μωρολογία,
1496 3546 1532 3615 ἢ
1618 3543 1992 3620 εύτραπέλεια,

344 3638 414 3692 τὰ
489 3634 590 3690 οὐκ
680 3636 983 3704 ἀνήκοντα.
1070 3631 1245 3690 Ἀλλά
1332 3632 1546 3708 μᾶλλον
1651 3635 1987 3709 εὐχαριστία.

347 3729 528 3784 Τοῦτο
584 3725 687 3800 γὰρ
744 3723 862 3780 ἳστε
909 3722 1292 3800 γινώσκοντες,
1349 3723 1434 3778 ὅτι
1489 3729 1595 3786 πᾶς
1673 3726 1872 3800 πόρνος
1952 3721 1989 3794 ἥ

349 3815 672 3888 ἀκάθαρτος,
728 3813 764 3883 ἢ
821 3811 1180 3883 πλεονέκτης,
1244 3812 1304 3875 ὅς
1357 3811 1498 3868 ἐστιν
1556 3809 1992 3887 εἰδωλολάτρης,

353 3904 456 3959 οὐκ
513 3897 630 3977 ἔχει
686 3900 1058 3975 κληρονομίαν
1117 3900 1169 3956 έν
1245 3906 1312 3975 τῇ
1383 3901 1634 3976 βασιλείᾳ
1705 3907 1802 3956 τοῦ
1859 3903 1993 3974 Χρι-

348 4013 476 4047 στου
556 3993 647 4046 καὶ
734 3995 889 4046 Θεοῦ.
970 3987 1174 4060 Μηδεὶς
1279 3991 1419 4063 ὑμᾶς
1501 3990 1757 4046 ἀπατάτω
1817 3996 1992 4053 κενοῖς

349 4081 564 4156 λόγοις.
609 4082 705 4136 Διὰ
761 4084 932 4135 ταῦτα
986 4079 1090 4154 γὰρ
1149 4073 1366 4152 ἔρχεται
1422 4081 1458 4148 ἡ
1519 4078 1653 4154 ὀργὴ
1713 4083 1807 4134 τοῦ
1861 4085 1994 4134 Θεοῦ

350 4169 438 4224 ἐπὶ
495 4171 625 4234 τοὺς
681 4168 831 4230 υἱοὺς
885 4175 988 4238 τῆς
1072 4167 1364 4231 ἀπειθείας.
1453 4169 1546 4238 Μὴ
1618 4170 1706 4222 οὖν
1785 4167 1996 4245 γίνεσθε

348 4260 694 4334 συμμέτοχοι
727 4258 930 4313 αὐτῶν.
960 4258 1090 4312 Ἠτε
1119 4257 1222 4332 γάρ
1254 4277 1384 4312 ποτε
1416 4257 1629 4327 σκότος,
1663 4262 1751 4312 νῦν
1785 4255 1843 4313 δὲ
1881 4262 1996 4335 φῶς

347 4346 398 4402 έν
434 4347 640 4421 Κυρίῳ.

419 4436 558 4493 Εἶπε
589 4435 711 4510 περὶ
756 4455 852 4489 του
885 4445 1119 4506 θυμικου
1150 4434 1374 4504 πάθους,
1405 4440 1503 4490 τοῦ
1536 4440 1712 4509 θυμοῦ
1750 4437 1840 4490 καὶ
1896 4444 1998 4507 τῆς

350 4528 540 4602 ὀργῆς,
576 4525 666 4580 καὶ
696 4531 796 4593 τῆς
826 4523 1071 4599 πικρίας.
1131 4522 1305 4588 Ἦλθε
1365 4524 1557 4580 λοιπὸν
1591 4525 1666 4588 εἰς
1705 4527 1766 4580 τὸ
1811 4525 1995 4591 ἐπιθυ-

2122 618 2255 673 dem
2288 617 2620 672 exhortatio
2661 615 2735 670 ad
2766 613 3110 670 donandum
3144 614 3394 668 invicem
3428 621 3518 668 est
3549 615 3766 669 dixisse

2119 709 2418 764 Christum
2455 726 2468 763 :
2503 731 2529 754 α
2585 708 2884 763 Remittite
2944 711 3003 760 et
3058 706 3394 761 remittetur
3445 706 3607 762 vobis
3639 708 3702 761 2⁷.
3741 731 3768 756 ››

2119 798 2231 853 Sed
2262 799 2544 869 quoniam
2578 796 2882 852 multinon
2915 794 3234 850 admodum
3260 795 3766 866 credunthisquw

2121 892 2316 945 futura
2344 895 2500 956 sunt,
2537 889 2608 944 ab
2640 889 2734 942 his
2765 905 2895 959 quas
2931 894 3366 958 przecesserunt
3397 887 3538 943 facit
3567 890 3768 944 admo-

2119 979 2408 1033 nitionem
2437 994 2449 1032 :
2487 976 3026 1047 Donantes,inquit,
3051 976 3215 1031 vobis
3241 976 3513 1042 invicem,
3549 995 3765 1048 quem-

2117 1068 2435 1123 admodum
2469 1072 2528 1121 et
2575 1068 2727 1121 Deus
2780 1083 2886 1137 per
2941 1065 3230 1120 Christum
3284 1065 3522 1121 donavit
3577 1069 3760 1122 vobis.

2116 1157 2264 1223 Quid
2299 1163 2388 1211 est
2417 1156 2526 1210 Per
2550 1155 2850 1210 Christum
2871 1155 2898 1209 ?
2953 1155 3064 1208 hoc
3093 1159 3183 1209 est
3233 1171 3367 1209 cum
3417 1157 3681 1226 periculo
3714 1166 3768 1212 et

2115 1247 2332 1301 damno
2358 1246 2489 1300 Filii
2519 1246 2632 1307 sui,
2663 1262 2769 1316 per
2790 1245 3010 1300 caedem
3046 1250 3101 1299 et
3155 1247 3492 1317 passionem
3518 1247 3667 1316 ejus.
3698 1251 3767 1303 Et

2114 1342 2173 1390 tu
2189 1335 2429 1406 quidem
2453 1336 2579 1390 sine
2602 1334 3547 1406 periculo,inquit,donabis,Deus
3561 1343 3756 1392 autem

2111 1441 2244 1479 cum
2268 1430 2455 1478 morte
2474 1424 2768 1495 Unigeniti
2810 1423 2898 1476 sui
2923 1423 3363 1477 donavitvobis.
3403 1425 3573 1479 Vides
3605 1443 3756 1496 prce-

2111 1513 2495 1568 eminentiam
2515 1529 2582 1566 ac
2597 1511 3064 1566 excellentiam.«
3079 1513 3274 1567 Estote
3292 1512 3469 1584 igitur
3483 1512 3759 1568 imitatio-

2110 1617 2202 1656 res
2229 1601 2332 1656 Dei
2392 1623 2419 1650 »
2453 1601 2605 1655 Satis
2638 1607 2727 1654 est
2757 1600 2829 1654 ad
2857 1599 3184 1655 mercedem
3219 1601 3270 1654 ei
3317 1601 3416 1671 qui
3467 1601 3647 1655 donat
3694 1608 3762 1656 ut

2109 1692 2185 1746 sit
2212 1691 2310 1745 Dei
2346 1691 2626 1744 imitator.
2661 1711 2689 1738 ‹‹
2718 1691 3018 1758 Tanquam
3061 1690 3166 1743 ﬁlii
3201 1689 3421 1745 dilecti.
3457 1712 3484 1739 ››
3507 1693 3653 1746 Ecce
3704 1698 3760 1746 et

2107 1781 2223 1835 alia
2251 1780 2325 1834 ad
2385 1778 2842 1834 condonaudum
2904 1778 3257 1843 exhortatio,
3316 1780 3504 1850 magis
3558 1786 3756 1834 autem

2107 1872 2451 1926 necessitas.
2478 1873 2726 1925 Necesse
2758 1875 2848 1924 est
2877 1870 3061 1938 vobis,
3087 1871 3300 1941 inquit,
3336 1877 3398 1926 ut
3430 1872 3750 1926 imitemini

2107 1961 2336 2016 Patrem
2369 1966 2649 2016 vestrum.
2683 1959 2904 2014 Deinde
2937 1959 3077 2029 quia
3107 1976 3225 2013 non
3253 1977 3461 2015 omnes
3509 1961 3614 2015 ﬁlii
3649 1978 3752 2032 pa—

2108 2054 2255 2104 trem
2289 2049 2619 2114 imitantur,
2649 2047 2879 2102 addidit
2905 2047 3112 2102 Dilecti
3148 2064 3160 2101 :
3195 2048 3410 2102 talibus
3469 2050 3625 2104 enim
3685 2067 3754 2104 ex

2104 2138 2459 2192 necessitate
2493 2137 2745 2208 quadam
2778 2135 3073 2191 incumbit
3099 2137 3371 2192 imitatio.
3396 2162 3422 2187 ι‹
3447 2140 3517 2191 Et
3546 2139 3753 2193 ambu-

2103 2227 2222 2282 late
2255 2227 2314 2281 in
2347 2226 2725 2281 dilectione.»
2745 2227 2891 2280 Ecce
2923 2225 3195 2280 omnium
3227 2225 3518 2281 bonorum
3565 2227 3754 2282 radix.

2105 2319 2248 2372 Nam
2281 2316 2328 2370 si
2361 2316 2487 2370 haec
2519 2315 2693 2381 adsit,
2750 2321 2809 2369 et
2861 2315 2999 2386 fuga
3054 2315 3367 2385 malorum,
3401 2321 3460 2370 et
3490 2317 3755 2387 operatio

2104 2404 2396 2459 bonorum
2426 2403 2598 2458 facile
2625 2404 3077 2475 attingunturac
3100 2404 3755 2474 subsequuntur.Sicut,

2106 2493 2318 2564 inquit,
2352 2493 2618 2547 Christus
2653 2492 2860 2546 dilexit
2890 2508 3020 2547 nos.
3054 2493 3230 2562 Atqui
3265 2493 3431 2547 nulla
3457 2500 3546 2547 est
3585 2494 3751 2548 simi—

2106 2585 2294 2640 litudo
2325 2586 2482 2640 inter
2511 2585 2726 2640 Christi
2757 2585 3140 2640 dilectionem
3185 2592 3243 2639 et
3300 2591 3588 2641 nostram.
3650 2586 3755 2640 llle

2106 2691 2527 2745 namque,cum
2565 2674 2791 2730 inimici
2823 2691 3111 2739 essemus,
3145 2674 3353 2729 dilexit
3384 2681 3591 2742 nos,tu
3622 2691 3756 2729 vero

2107 2765 2220 2820 hoc
2247 2764 2458 2819 saltem
2491 2778 2629 2834 erga
2673 2764 3013 2835 proximum
3071 2763 3298 2820 exhibe.
3329 2764 3594 2819 Christus
3626 2766 3762 2835 qui-

2107 2852 2243 2908 dem
2273 2854 2534 2924 seipsum
2568 2853 2629 2907 in
2661 2859 2913 2908 mortem
2948 2853 3208 2917 tradidit,
3241 2853 3346 2907 tibi
3377 2870 3512 2908 vero
3535 2853 3758 2924 absque

2103 2942 2370 3013 periculo
2403 2947 2459 2996 et
2484 2941 2701 2996 damno
2752 2942 2864 2996 erit
2917 2958 3053 3014 erga
3103 2942 3438 3014 proximum
3493 2942 3752 2998 dilectio.

2105 3031 2269 3096 Quod
2328 3032 2376 3085 si
2426 3030 2704 3085 inimicos
2735 3030 2810 3084 ad
2841 3031 3055 3085 Christi
3105 3031 3500 3086 imitationem
3527 3032 3753 3087 dilexe-

2102 3121 2206 3186 ris,
2235 3120 2352 3174 eris
2384 3127 2446 3174 tu
2479 3121 2594 3173 Deo
2626 3119 2863 3174 victima
2883 3126 2940 3174 et
2959 3119 3180 3174 oblatio
3211 3120 3273 3174 in
3302 3119 3547 3174 odorem
3576 3119 3747 3175 bona)

2101 3208 2438 3281 fragrantia»
2469 3213 2754 3278 reputata.
2794 3211 2881 3263 Ita
2908 3209 3174 3264 Christus
3207 3208 3394 3264 factus
3425 3215 3532 3280 est,
3585 3209 3666 3264 ita
3691 3215 3749 3264 et

2102 3314 2213 3352 nos
2242 3296 2465 3352 erimus
2494 3296 2544 3351 si
2584 3296 2965 3352 voluerimus.

2167 3387 2232 3452 V,
2266 3386 2377 3439 3-8.
2396 3385 2729 3440 «Caeterum
2757 3387 3034 3440 scortatio
3065 3391 3125 3440 et
3152 3387 3348 3442 omnis
3369 3386 3749 3442 immunditia

2099 3499 2127 3527 ι(
2151 3481 2253 3530 aut
2273 3475 2518 3530 avaritia
2539 3492 2612 3530 ne
2635 3476 2980 3552 nominetur
3000 3476 3240 3547 quidem
3273 3477 3428 3532 inter
3443 3495 3562 3542 vos,
3596 3478 3749 3532 sicut

2101 3586 2130 3615 «
2151 3563 2324 3618 decet
2344 3570 2601 3633 sanctos,
2635 3570 2738 3618 aut
2763 3564 3137 3633 obscmnitas,
3171 3573 3272 3621 aut
3286 3567 3744 3639 stultiloquium,

2101 3676 2128 3704 ‹‹
2161 3659 2262 3708 aut
2292 3653 2626 3708 urbanitas:
2652 3654 2754 3708 46
2775 3671 2906 3723 quas
2919 3671 3038 3708 non
3060 3656 3549 3722 conveniunt,sed
3565 3658 3748 3729 magis

2099 3743 2470 3811 «gratiarum
2516 3743 2688 3796 actio.
2732 3745 2874 3796 Nam
2918 3743 3030 3797 hoc
3071 3745 3278 3798 scitote
3325 3756 3746 3816 cognoscentes

2099 3855 2128 3882 «
2157 3831 2316 3902 quod
2347 3832 2544 3886 omnis
2577 3837 2869 3886 scortator
2901 3838 3002 3886 aut
3032 3833 3374 3888 immundus
3407 3841 3509 3890 aut
3539 3852 3746 3891 avarus

2100 3943 2128 3970 «
2153 3920 2254 3990 qui
2277 3925 2366 3974 est
2404 3919 2701 3974 idolorum
2731 3921 2947 3985 cultor,
2979 3937 3098 3975 non
3129 3921 3308 3977 habet
3338 3923 3745 3980 hmreditatem

2102 4029 2130 4057 ‹‹
2163 4008 2224 4060 in
2256 4024 2436 4078 regno
2467 4006 2892 4062 ChristietDei.
2922 4010 3000 4063 Ne
3024 4010 3339 4080 quisquam
3362 4027 3460 4065 vos
3491 4012 3749 4084 decipiat

2103 4119 2130 4146 ‹ι
2162 4095 2440 4150 inanibus
2467 4097 2862 4153 sermonibus.
2889 4097 3133 4168 Propter
3157 4099 3282 4154 hmc
3311 4101 3470 4155 enim
3487 4103 3748 4159 venitira

2101 4208 2127 4235 ‹‹
2155 4185 2256 4239 Dei
2287 4185 2344 4240 in
2376 4185 2533 4240 ﬁlios
2564 4185 3004 4243 inobedientize.
3039 4189 3117 4241 Ne
3151 4189 3278 4243 sitis
3301 4189 3478 4261 igitur
3507 4208 3747 4248 consor-

2104 4279 2250 4328 «tes
2299 4273 2562 4330 illorum.
2618 4275 2808 4330 Eratis
2865 4276 3026 4331 enim
3091 4277 3388 4347 quondam
3446 4281 3745 4337 tenebrae:

2103 4385 2131 4412 «
2165 4379 2326 4417 nunc
2355 4369 2551 4417 autem
2577 4364 2676 4418 lux
2706 4365 2770 4419 in
2802 4365 3108 4421 Domino.»

2176 4451 2255 4505 De
2286 4451 2610 4506 iracundiae
2639 4452 2789 4507 dixit
2843 4455 3080 4520 affectu,
3143 4456 3634 4512 excandescentia
3692 4465 3750 4512 et

2105 4539 2193 4594 ira
2222 4555 2288 4594 ac
2313 4541 2708 4596 amarulentia
2743 4559 2755 4596 :
2788 4543 2947 4597 venit
2977 4542 3258 4615 deinceps
3313 4545 3386 4599 ad
3435 4548 3748 4619 concupis-

353 4617 610 4690 μητικὸν,
641 4615 702 4668 τὸ
731 4620 831 4683 τῆς
860 4614 1137 4690 πορνείας.
1174 4613 1272 4668 Καὶ
1301 4616 1402 4690 γάρ
1434 4615 1524 4669 καὶ
1565 4617 1592 4670 ὁ
1644 4617 1813 4690 νόμος
1845 4621 1994 4691 πρῶ-

2109 4628 2316 4684 centiae
2342 4629 2717 4684 affectionem
2749 4648 2880 4701 quas
2909 4638 2998 4686 est
3055 4632 3127 4688 ad
3186 4613 3750 4693 scortationem.-Si-

347 4726 437 4759 τον
479 4703 671 4771 εἰπὼν,
732 4727 759 4754 ‹‹
818 4701 896 4759 Οὐ
955 4701 1254 4781 φονεύσεις,
1315 4728 1344 4754 ››
1404 4703 1536 4774 ὅπερ
1594 4709 1690 4758 τοῦ
1757 4707 1990 4778 θυμικοῦ

348 4795 554 4856 πάθους
606 4791 864 4866 ὑπάρχει,
949 4791 1073 4845 τότε
1130 4791 1296 4860 εἶπεν,
1356 4816 1384 4843 ι(
1444 4793 1519 4846 Ού
1595 4793 1932 4868 μοιχεύσεις,
1967 4821 1989 4846 ι

352 4881 483 4951 ὅπερ
560 4885 658 4934 τοῦ
736 4877 1135 4952 ἐπιθυμητικοῦ
1213 4880 1528 4950 καθέστηκε.
1580 4884 1832 4956 Καθάπερ
1890 4886 1992 4961 γὰρ

349 4969 597 5042 ἡπικρία
624 4969 714 5022 καὶ
746 4970 781 5036 ἡ
834 4969 1039 5044 κραυγή
1098 4966 1186 5022 καὶ
1240 4971 1274 5038 ἡ
1339 4969 1501 5024 κακία
1529 4971 1616 5025 καὶ
1643 4974 1677 5041 ἡ
1740 4971 1996 5051 βλασφη-

353 5056 450 5129 μία
480 5061 576 5111 τοῦ
611 5060 844 5129 θυμικοῦ
901 5055 1106 5119 πάθους
1164 5054 1328 5123 ἐστὶν,
1383 5057 1527 5113 οὕτω
1577 5065 1675 5115 τοῦ
1723 5059 1997 5136 ἐπιθυμη-

345 5149 524 5215 τικοῦ,
575 5144 819 5218 πορνεία,
889 5145 1135 5220 μοιχεία,
1197 5144 1508 5220 ἀκαθαρσία,
1567 5148 1872 5221 πλεονεξία.
1932 5153 1992 5209 Εἰ

348 5233 575 5308 γὰρκαὶ
631 5244 706 5306 μη
769 5236 1059 5307 σωμάτων,
1119 5235 1426 5308 χρημάτων
1480 5238 1659 5308 μέντοι
1718 5239 1991 5314 ἐπιθυμεῖ.

351 5346 379 5374 ι(
415 5320 574 5392 Μηδὲ
605 5322 974 5394 ένομαζέσθω.
1011 5347 1038 5375 ››
1073 5321 1206 5380 Οἵδε
1263 5325 1365 5400 γὰρ
1423 5325 1549 5388 τοὺς
1607 5329 1730 5401 περί
1788 5331 1995 5386 τούτων

351 5410 576 5484 λόγους,
639 5411 956 5484 ὑπέκκαυμα
1013 5411 1100 5466 καὶ
1161 5413 1474 5486 προτροπὰς
1530 5420 1638 5469 τῶν
1684 5414 1852 5492 ἔργων
1908 5442 1995 5496 γι-

348 5496 622 5571 νομένους.
694 5525 721 5552 ‹‹
781 5501 978 5564 Καθὼς
1045 5499 1236 5578 πρέπει
1310 5503 1504 5575 ἁγίοις.
1567 5527 1597 5556 ››
1683 5508 1841 5564 Οὕτω
1891 5511 1992 5585 γὰρ

424 5654 468 5689 ³⁸⁸
504 5653 636 5708 Luc.
673 5669 744 5708 VI.
780 5656 864 5709 37.
899 5654 947 5688 ³⁸
975 5653 1154 5708 Exod.
1181 5671 1273 5723 xx,
1314 5657 1392 5709 t3.
1429 5655 1476 5690 ³ο
1506 5657 1650 5724 ibid,
1688 5663 1770 5717 14.

2106 4717 2346 4788 quidem
2407 4719 2500 4774 lex
2561 4737 2795 4792 quoque
2852 4724 3110 4793 primum
3157 4725 3323 4792 dixit,
3359 4748 3386 4775 ‹‹
3417 4727 3544 4783 Non
3593 4729 3750 4784 occi-

2107 4806 2252 4862 dens
2266 4808 2330 4875 ³⁸,
2343 4808 2531 4878 »ψιοά
2548 4809 2623 4864 ad
2636 4811 2913 4865 aﬂ‘ectum
2937 4814 3519 4883 spectatiracundiaa,
3535 4817 3749 4873 deinde

2107 4896 2451 4967 subjunxit:
2481 4920 2508 4946 «
2543 4899 2666 4953 Non
2689 4902 3024 4956 committes
3055 4902 3413 4960 adulterium
3430 4905 3496 4975 3",
3532 4929 3560 4956 »
3593 4909 3749 4978 quod

2105 5001 2139 5038 a
2168 4986 2668 5056 concupiscentiae
2696 4990 2911 5044 alTectu
2942 4991 3211 5060 procedit
3238 4994 3746 5058 Quemadmodum

2106 5073 2264 5128 enim
2298 5076 2696 5132 amarulentia
2723 5083 2780 5132 et
2828 5078 3165 5134 vociferatio
3215 5098 3284 5137 ac
3331 5083 3748 5140 maledicentia

2107 5167 2245 5216 sunt
2268 5180 2335 5218 ex
2369 5165 2682 5221 atTectione
2716 5167 3037 5223 iracundia:
3065 5185 3076 5222 :
3129 5170 3209 5225 ita
3249 5171 3746 5243 concupiscentia:

2106 5257 2247 5305 sunt
2276 5256 2576 5321 scortatio,
2636 5256 3016 5324 adulterium,
3054 5259 3455 5320 immunditia.
3507 5262 3749 5318 avaritia

2106 5357 2237 5411 qua)
2269 5359 2610 5414 quanquam
2642 5361 2762 5400 non
2787 5363 3055 5417 corpora,
3089 5348 3320 5403 divitias
3361 5356 3560 5404 tamen
3615 5368 3750 5406 con-

2106 5431 2420 5502 cupiscit.«
2447 5435 2527 5488 Ne
2559 5434 2898 5489 nominetur
2919 5436 3177 5506 quidem.
3217 5461 3237 5485 ι
3265 5439 3429 5492 Novit
3453 5440 3610 5494 enim
3646 5457 3744 5496 eos

2106 5520 2205 5588 qui
2237 5519 2308 5577 de
2343 5521 2433 5576 his
2465 5521 2640 5577 rebus
2665 5524 2813 5577 fiunt
2843 5527 3441 5593 sermones,fomitem
3465 5535 3524 5583 et
3543 5531 3747 5584 exhor-
