4072 6266
389 367 542 431 1235

1504 372 1916 437 αουιυΕΝιι
1961 371 2274 436 ΤΜΟῧΑΞ
2314 369 2669 433 EPISCOPI

3655 361 3795 424 I238

386 504 675 561 tationem
707 503 835 560 fieri
868 504 943 560 ad
973 520 1174 577 opera.
1208 526 1237 555 «
1271 506 1434 562 Sicut
1484 505 1655 562 decet
1711 510 1968 573 sanctos,
2001 526 2031 556 »

2167 502 2340 577 τρὲπει
2395 505 2511 562 τοῖς
2566 498 2744 578 ἁγίοις
2803 499 2942 557 εἶναι
3004 493 3415 568 σπουδάζουσιν.
3463 519 3496 547 α
3556 494 3670 555 Καὶ
3721 496 3798 549 αἱ·

385 595 475 650 Ita
504 609 763 665 namque
797 593 968 650 decet
993 609 1094 650 eos
1124 595 1226 666 qui
1258 596 1446 651 sancti
1480 612 1609 652 esse
1640 596 1900 653 student.
1921 618 1949 645 ι(
1971 597 2043 651 Ει

389 682 802 739 obscmnitas.»
827 683 1337 748 Quemadmodum
1366 690 1539 741 antea
1559 686 2040 742 vociferationem

391 772 637 828 abstulit
664 778 945 844 tanquam
977 773 1316 830 vehiculum
1347 773 1419 830 ad
1460 776 1632 844 iram,
1666 776 1745 830 ita
1776 780 1836 830 et
1880 789 2040 831 nunc

393 861 586 918 obsona
595 862 839 917 nitatem
854 861 1110 919 eturban
1120 862 1135 916 i
1145 868 1321 920 tatem
1337 880 1403 919 ac
1416 864 1851 935 stultiloquium
1862 862 2040 935 ,quod

390 952 583 1007 fomes
633 951 755 1005 sint
783 950 856 1007 ad
900 952 1343 1009 scortationem.
1382 975 1404 1003 ι
1459 955 1599 1018 Qum
1651 968 1773 1008 non
1831 967 2041 1008 conva-

393 1041 585 1096 niunt.
608 1062 637 1090 ››
656 1042 734 1096 Ne
767 1040 1010 1096 odiosus
1040 1057 1315 1099 sermone
1354 1041 1643 1107 videatur,
1674 1042 1832 1113 quod
1863 1043 2043 1099 etiam

392 1132 790 1187 urbanitatem
819 1133 1530 1203 amputaverint,causan1
1544 1133 1849 1206 subjungit
1871 1150 1884 1188 :
1904 1135 2042 1200 Qum

393 1236 514 1275 non
541 1221 1128 1293 conveniunt,inquit
1162 1222 1312 1287 Quid
1344 1223 1502 1280 enim
1537 1222 1662 1279 haec
1692 1223 1765 1279 ad
1784 1238 1891 1279 nos
1909 1240 2045 1295 per-

395 1309 639 1366 tinent?
659 1309 809 1367 nihil
854 1310 1028 1367 nobis
1050 1326 1185 1367 cum
1232 1312 1324 1369 his
1355 1326 1671 1368 commune
1703 1316 1810 1369 est.
1843 1314 2044 1385 Nequa

396 1399 555 1454 enim
589 1399 747 1455 risus
797 1405 901 1455 aut
930 1399 1285 1456 urbanitatis
1330 1415 1434 1457 seu
1482 1401 1831 1457 facetiarum
1884 1417 2045 1456 nunc

391 1494 629 1559 tempus
661 1494 768 1556 est,
802 1488 906 1544 sed
937 1490 1231 1560 passionis
1274 1505 1342 1546 ac
1372 1490 1735 1547 certaminis.
1769 1492 1851 1546 Ac
1874 1490 1923 1545 si
1955 1489 2042 1544 di-

396 1583 559 1634 ceret
590 1595 604 1634 :
631 1578 807 1650 Urget
834 1578 1101 1651 undique
1151 1579 1424 1637 diabolus
1457 1578 1715 1636 stridens
1764 1579 2044 1635 dentibus

395 1666 708 1723 adversum
742 1682 853 1722 nos
883 1681 950 1724 ac
982 1668 1241 1740 rugiens,
1274 1674 1332 1724 et
1365 1673 1424 1722 tu
1454 1667 1612 1723 ludis
1640 1684 1709 1724 ac
1737 1668 1927 1724 faceta
1956 1667 2043 1723 lo-

396 1754 718 1825 querislet
748 1756 1048 1827 quomodo
1109 1757 1182 1813 ab
1233 1773 1300 1813 eo
1361 1756 1763 1813 liberaberis?
1798 1756 2047 1813 Difficile

394 1858 654 1914 namque
686 1848 777 1898 est
805 1848 1107 1899 certamen
1137 1843 1210 1900 ab
1245 1860 1312 1898 eo
1343 1843 1838 1916 liberari,quanto
1862 1844 2049 1916 magis

398 1930 727 1988 ludentem.
762 1954 790 1982 ‹‹
823 1931 935 1987 Sed
983 1932 1170 2005 magis
1227 1933 1553 2005 gratiarum
1613 1933 1789 1989 actio.
1826 1934 1937 1989 Pro
1979 1949 2050 1989 eo

405 2021 564 2076 enim
595 2021 756 2091 quod
785 2021 983 2077 aliena
1012 2036 1046 2075 a
1075 2026 1133 2076 te
1166 2036 1287 2077 non
1319 2021 1606 2093 loqueris,
1656 2022 1775 2077 Deo
1834 2023 2053 2094 gratias

404 2125 533 2181 age.
568 2112 711 2167 Nam
744 2111 855 2164 hoc
913 2109 1143 2166 scitote.
1203 2112 1384 2167 Erant
1433 2111 1706 2167 fortassis
1746 2111 1903 2167 inter
1953 2127 2055 2167 eos

402 2196 679 2253 nonnulli
699 2199 799 2269 qui
821 2198 1089 2255 dicerent
1108 2200 1293 2255 Deum
1310 2205 1592 2272 tanquam
1610 2206 1829 2258 terrere
1850 2201 2055 2258 volen-

403 2294 525 2344 tem
573 2289 698 2343 haac
746 2289 1023 2355 vetuisse,
1069 2306 1185 2360 quo
1236 2291 1530 2363 perfectos
1578 2292 1904 2350 redderet:
1955 2298 2057 2350 aut

406 2381 584 2437 etiam
616 2382 775 2453 parvi
808 2381 1109 2437 ducebant
1137 2383 1605 2455 hujusmodi.41
1624 2387 1792 2456 quasi
1824 2402 1945 2443 non
1959 2403 2057 2443 sa-

402 2472 479 2527 tis
511 2477 710 2527 essent
739 2478 805 2526 ut
860 2472 922 2527 in
953 2472 1286 2545 gehennam
1318 2474 1727 2545 conjicerent:
1771 2475 2054 2546 quemad-

405 2561 649 2617 modum
680 2566 739 2617 et
775 2577 935 2618 nunc
965 2579 1199 2634 quoque
1251 2564 1483 2620 accidit.
1527 2565 1668 2620 Nam
1720 2582 1899 2637 quam
1952 2566 2054 2622 ab-

408 2651 653 2708 surdum
675 2658 786 2723 est,
820 2652 1221 2723 inquiunt,siu
1255 2655 1305 2710 is
1336 2655 1436 2725 qui
1459 2654 1603 2711 dicit
1631 2673 1644 2710 :
1686 2658 1886 2724 Fatue,
1918 2674 2055 2713 reus

406 2742 521 2797 erit
547 2742 838 2813 gehennm
867 2741 914 2776 ³ο
934 2743 961 2798 ?
986 2765 1013 2792 η
1034 2749 1094 2799 et
1122 2742 1417 2814 quomodo
1439 2744 1684 2802 avaritia
1701 2746 2054 2803 estidolola-

404 2830 519 2885 tria
550 2831 671 2885 sive
702 2830 996 2886 idolorum
1010 2831 1204 2887 cultus
1225 2832 1251 2886 ?
1264 2833 1380 2888 llos
1401 2832 1601 2904 itaque
1620 2833 2056 2906 designatApo-

407 2917 616 2975 stolus.
650 2919 797 2974 Nam
846 2919 956 2974 hoc
979 2920 1317 2976 manifestat
1345 2920 1406 2975 id
1436 2922 1596 2993 quod
1628 2922 2007 2995 subjungitur
2039 2938 2053 2981 :

406 3009 487 3064 Ne
518 3008 833 3078 quisquam
894 3025 991 3064 vos
1022 3008 1280 3081 decipiat
1323 3010 1604 3066 inanibus
1657 3012 2054 3068 sermonibus.

408 3096 691 3153 Inanibus
717 3102 937 3164 autem,
969 3103 1035 3152 ut
1062 3098 1161 3168 qui
1194 3114 1315 3154 non
1346 3099 1570 3156 habent
1600 3102 1923 3157 terminum
1955 3101 2057 3172 qui

409 3184 481 3240 ab
511 3184 655 3255 ipsis
700 3189 1095 3255 exspectatur,
1128 3201 1321 3256 neque
1379 3186 1454 3243 ad
1495 3204 1642 3259 opus
1682 3188 2053 3260 perveniunt.

414 3295 442 3325 ι(
465 3276 546 3328 Ne
576 3275 894 3345 quisquam
942 3290 1041 3328 vos
1073 3273 1348 3346 decipiat.
1383 3298 1410 3326 ι»
1452 3277 1825 3349 Deceptionis
1857 3279 2058 3348 itaque

414 3369 505 3420 est
532 3364 695 3434 loqui
735 3363 1170 3434 hujuscemodi.
1207 3386 1233 3413 ‹‹
1270 3367 1516 3436 Propter
1562 3368 1689 3423 haec
1719 3368 1881 3424 enim
1901 3368 2065 3422 venit

415 3455 505 3509 ira
536 3452 659 3508 Dei.
691 3471 718 3502 ο
755 3453 975 3523 Nempe
1005 3458 1248 3523 prOpter
1298 3456 1744 3524 scortationem,
1804 3458 2067 3515 immun-

416 3542 645 3619 ditiam,
679 3545 737 3596 et
767 3547 981 3599 caetera
1017 3558 1030 3595 :
1061 3545 1182 3606 aut,
1216 3547 1458 3613 propter
1499 3544 1911 3614 hujuscemodi
1940 3561 2067 3602 ser-

2148 587 2412 664 σχρότης.
2448 612 2477 640 ››
2508 590 2711 663 Ὥσπερ
2744 585 2856 643 ἅνω
2880 587 2979 655 τήν
3011 586 3251 661 κραυγὴν
3294 581 3583 657 περιεῖλεν
3614 577 3795 657 ὄχημα

2143 686 2245 748 τῆς
2278 679 2446 753 ὀργῆς
2506 676 2879 751 ὑπάρχουσαν,
2935 675 3076 732 οὕτω
3126 679 3217 730 νῦν
3244 674 3343 744 τήν
3391 669 3793 748 αἰσχρολογίαν

2145 768 2236 823 καὶ
2278 769 2378 837 τὴν
2438 764 2820 844 εὐτραπέλειαν
2884 766 2975 821 καὶ
3033 763 3409 842 μωρολογίαν,
3481 764 3800 836 ὑπεκκαυμα

2144 864 2246 928 τῆς
2277 857 2530 931 πορνείας
2561 856 2966 935 τυγχάνουσαν.
3006 876 3029 906 ι
3065 855 3145 913 Τά
3174 855 3277 912 οὐκ
3305 853 3607 923 ἀνήκοντα.
3642 878 3670 905 ››
3698 856 3802 908 Ἵνα

2152 947 2229 1021 μὴ
2263 944 2391 1021 δόξῃ
2424 945 2681 1025 φορτικὸς
2715 944 2850 1000 εἶναι
2903 943 2993 1000 καὶ
3048 944 3145 1013 τὴν
3198 942 3599 1017 εὖτραπὲλειαν
3659 942 3803 997 ἐκκό-

2147 1057 2320 1104 πτων,
2379 1038 2479 1105 τήν
2523 1031 2699 1090 αἰτίαν
2764 1032 2974 1110 ἐπάγει.
3024 1035 3099 1089 Τὰ
3157 1034 3234 1106 μὴ
3292 1033 3603 1104 ἀνήκοντα,
3662 1029 3801 1110 arisi.

2147 1126 2214 1187 Τί
2252 1125 2355 1202 γάρ
2393 1127 2530 1199 πρὸς
2579 1127 2726 1197 ἡμᾶς
2755 1129 2960 1195 ταῦτας
3017 1121 3171 1179 οὐδὲν
3231 1122 3414 1178 κοινὸν
3475 1124 3624 1196 ἡμῖν
3681 1121 3807 1197 πρὸς

2149 1215 2300 1271 αὐτοὶ.
2337 1215 2414 1273 Ού
2445 1214 2548 1289 γὰρ
2578 1212 2826 1288 γέλωτος
2863 1210 2899 1281 ἤ
2935 1212 3319 1288 εὐτραπελείας
3377 1213 3404 1267 ὁ
3467 1213 3669 1287 παρὼν
3701 1232 3811 1266 και-

2151 1305 2264 1381 ρὸς,
2298 1303 2443 1361 ἀλλὰ
2467 1308 2671 1367 πάθους
2706 1303 2795 1358 καὶ
2827 1303 3058 1378 ἀγῶνος,
3116 1301 3244 1357 ὡσεὶ
3302 1298 3521 1376 ἔλεγεν,
3557 1299 3813 1381 Ἐφὲστητ

2150 1377 2294 1450 κενὸ
2325 1387 2585 1455 διάϐολος
2628 1391 2908 1461 πάντοθεν,
2959 1392 3159 1467 τρίζων
3219 1391 3348 1455 τοὺς
3410 1391 3650 1453 ὀδόντας
3702 1377 3813 1453 καθ’

2150 1486 2334 1558 ἡμῶν,
2381 1482 2473 1538 καὶ
2534 1482 2873 1558 ὠρυόμενος,
2923 1482 3015 1538 καὶ
3082 1482 3144 1539 σὺ
3201 1482 3410 1552 παίζεις
3474 1482 3575 1537 καὶ
3636 1480 3812 1534 ἀστεῖα

2152 1572 2342 1636 λαλεῖς
2395 1593 2411 1643 ;
2472 1574 2581 1630 Καὶ
2634 1578 2754 1639 πῶς
2812 1573 2979 1630 αὐτοῦ
3036 1575 3310 1648 neptim;
3370 1572 3658 1646 Δοσχερὲς
3713 1572 3807 1648 γὰρ

2152 1663 2553 1740 ἀγωνιζόμενον
2636 1662 2804 1719 αὐτοῦ
2885 1663 3275 1739 περιγενίσοαι,
3339 1662 3479 1735 μήτι
3550 1681 3616 1735 γε
3689 1660 3807 1714 παί-

2155 1759 2337 1826 ζοντα.
2372 1776 2401 1804 ‹‹
2433 1751 2606 1809 Ἀλλά
2638 1750 2853 1825 μᾶλλον
2912 1750 3253 1830 εὐχαριστία.
3284 1774 3313 1804 ι)
3381 1750 3542 1808 Ἀνθ’
3603 1749 3680 1805 ὦν
3712 1748 3807 1825 γὰρ

2151 1843 2217 1899 τὰ
2247 1839 2518 1918 ἀλλότριά
2582 1861 2677 1897 σου
2742 1842 2820 1914 μή
2872 1839 3101 1920 φθέγγῃ,
3161 1838 3479 1915 εὐχαρίστει
3539 1842 3625 1910 τῷ
3674 1842 3806 1910 Θεῷ.

2156 1936 2332 1991 Τοῦτο
2362 1933 2471 2009 γὰρ
2512 1930 2642 1988 ἴστε.
2675 1934 2843 1990 Ἦσαν
2871 1930 2999 1992 ἴσως
3028 1930 3169 1992 τινὶς
3200 1931 3327 2004 παρ’
3375 1931 3578 1990 αὐτοῖς
3640 1929 3693 1984 οἱ
3724 1926 3807 1984 λέ-

2155 2040 2365 2101 γοντες,
2397 2023 2484 2078 ὅτι
2514 2017 2755 2101 φοϐῆσαι
2787 2020 2960 2086 οὲλων
2992 2021 3019 2075 ὁ
3051 2020 3181 2083 Θεὸς
3238 2022 3405 2076 ταῦτα
3464 2020 3810 2096 ἀπηγόρευσε

2155 2112 2223 2168 τά
2283 2109 2501 2180 ἐκτελῆ,
2678 2110 2770 2165 καὶ
2849 2107 3193 2180 ἐξεφαύλιζον
3268 2109 3335 2164 τὰ
3390 2113 3655 2176 τοιαῦτα,
3714 2107 3810 2163 οὐκ

2158 2200 2311 2257 ίκανά
2341 2196 2473 2256 ὅντα
2505 2199 2583 2262 εἲς
2616 2200 2830 2276 γέενναν
2883 2194 3169 2272 ἐμϐαλεῖν,
3227 2198 3316 2252 οἷα
3364 2198 3459 2253 καὶ
3523 2201 3623 2252 νῦν
3678 2198 3811 2270 γίνε-

2157 2288 2362 2349 ται.Τὶ
2401 2290 2527 2364 γὰρ,
2588 2287 2739 2366 φασὶ,
2788 2288 2851 2343 τὸ
2909 2287 3135 2355 ἃτοπον,
3194 2286 3241 2342 εἰ
3303 2310 3332 2340 ιι
3371 2287 3574 2359 εἷπὼν,
3636 2285 3812 2359 Μωρὶ,

2157 2374 2349 2453 ἔνοχος
2381 2379 2664 2452 γενήσεται
2690 2377 2906 2449 γεέννης
2942 2394 2955 2443 ;
2993 2399 3020 2427 ››
3069 2375 3173 2432 Καὶ
3230 2380 3351 2438 πῶς
3405 2378 3446 2447 ἡ
3508 2372 3807 2444 πλεονεξία,

2160 2464 2635 2542 εἰδωλολατρεία;
2685 2465 2925 2527 Τούτους
2986 2464 3080 2520 οὖν
3136 2464 3426 2521 αἰνίττεται
3494 2467 3523 2521 ὁ
3554 2464 3809 2522 Ἀπόστο-

2159 2554 2279 2620 λος.
2313 2554 2486 2627 Δηλοῖ
2511 2555 2613 2630 γὰρ
2663 2557 2697 2624 ἡ
2731 2553 3014 2631 ἐπαγωγή·
3049 2551 3260 2625 Μηδεὶς
3302 2555 3445 2629 ὑμᾶς
3478 2552 3801 2628 ἐξαπατάτω,

2158 2646 2313 2725 φησὶ,
2338 2651 2515 2709 κενοῖς
2540 2642 2750 2718 λόγοις.
2802 2649 2994 2707 Κενοῖς
3054 2639 3131 2715 δὲ,
3199 2649 3316 2706 τοῖς
3376 2646 3458 2717 μὴ
3506 2641 3698 2699 ἔχουσι
3748 2641 3802 2696 τὸ

2160 2735 2408 2799 ἐλπισθὲν
2467 2735 2654 2797 αὐτοῖς
2702 2734 2868 2808 πὲρας
2930 2731 3072 2807 μηδέ
3123 2732 3199 2794 εἰς
3258 2727 3415 2809 ἔργον
3479 2728 3797 2789 ἐκϐαίνουσι.

2161 2825 2430 2899 «Μηδεὶς
2498 2828 2638 2900 ὑμᾶς
2697 2825 2972 2885 ἀπατάτω.
3008 2851 3027 2877 ι
3091 2827 3229 2901 Ἀρα
3286 2825 3507 2896 ἀπάτης
3560 2824 3694 2895 ἐστὶ,
3744 2823 3798 2878 τὸ

2158 2921 2227 2977 τὰ
2252 2922 2475 2975 τοιαῦτα
2500 2916 2711 2973 λαλεῖν.
2746 2940 2774 2969 cc
2833 2917 2932 2971 Διὰ
2982 2913 3151 2971 ταῦτα
3187 2914 3289 2989 γάρ
3320 2909 3551 2991 ἔρχεται
3584 2916 3618 2983 ἠ
3675 2912 3794 2987 ὀργή

2158 3009 2257 3063 τοῦ
2306 3011 2459 3064 Θεοῦ.
2496 3033 2517 3062 ι
2583 3006 2679 3062 Διά
2735 3010 2833 3074 τὴν
2885 3005 3139 3078 πορνείαν
3187 3003 3278 3059 καί
3335 3002 3670 3074 ἀκαθαρσίαν
3722 3000 3799 3055 καὶ

2163 3096 2230 3150 τά
2257 3094 2445 3164 λοιπὰ,
2478 3095 2512 3165 ἦ
2565 3092 2653 3149 διά
2698 3095 2825 3156 τοὺς
2880 3094 3164 3155 τοιούτους
3222 3088 3455 3168 λόγους.
3517 3088 3799 3151 Ἀπειθείας

2171 3181 2228 3238 δὲ
2257 3182 2430 3251 υἱοὺς,
2471 3182 2597 3246 τοὺς
2654 3184 3002 3245 ἀπειθοῦντας
3067 3186 3184 3244 τοῖς
3239 3183 3519 3246 τοιούτοις
3587 3178 3803 3255 δόγμασι

2173 3271 2345 3348 λέγει.
2376 3278 2508 3329 Ἤτε
2547 3274 2650 3348 γάρ
2683 3293 2815 3328 ποτε
2858 3272 3070 3335 σκότος.
3132 3272 3575 3344 Ἀναμιμντξσκει
3632 3268 3805 3326 αὖτοὺς

2174 3370 2273 3433 τῆς
2300 3361 2567 3438 προτέρας
2609 3361 2912 3423 πολιτείας.
2975 3359 3178 3423 Σκότος
3223 3361 3337 3430 ἦτε,
3400 3362 3563 3439 φησί.
3624 3358 3804 3414 Σκότος

2176 3451 2235 3508 δὶ
2265 3451 2410 3529 λεγει
2433 3452 2525 3506 τὸν
2546 3451 2597 3506 ἐν
2630 3450 2808 3525 πλάνῃ
2834 3451 2976 3526 βίον.
3009 3451 3102 3519 Μὴ
3129 3450 3312 3506 τοίνυν
3333 3447 3807 3525 παλινδρομήσητε

2174 3543 2310 3620 πρὸς
2339 3545 2402 3599 τὸ
2431 3544 2644 3604 σκότος.

418 3645 650 3687 mones.
677 3628 1101 3686 Inobedientiaa
1133 3636 1334 3686 autem
1368 3632 1526 3692 filios
1556 3631 1822 3689 diciteos
1844 3634 1946 3705 qui
1978 3652 2097 3690 non
2129 3641 2342 3707 parent
2370 3634 2668 3690 similibus
2698 3632 3011 3704 dogmatis.
3044 3653 3075 3683 ‹‹
3106 3633 3301 3688 Eratis
3332 3635 3499 3689 enim
3523 3630 3802 3705 quondam

419 3718 703 3775 tenebrae.
738 3741 767 3770 »
793 3719 882 3775 Ad
913 3720 1265 3776 memoriam
1300 3720 1445 3793 ipsis
1476 3728 1716 3780 revocat
1744 3725 2003 3793 priorem
2034 3724 2564 3790 conversationem,
2613 3720 2913 3788 Tenebraa,
2954 3722 3169 3793 inquit,
3205 3722 3402 3777 eratis.
3441 3723 3596 3779 Dicit
3624 3726 3801 3779 autem

421 3809 695 3865 tenebras
724 3808 903 3864 vitam
931 3825 1062 3879 quas
1083 3809 1147 3864 in
1178 3825 1377 3866 errore
1409 3811 1709 3884 agebatur.
1743 3813 1825 3868 Ne
1856 3813 2034 3885 igitur
2062 3828 2301 3870 rursum
2332 3811 2583 3868 curratis
2613 3811 2687 3867 ad
2719 3812 3014 3870 tenebras.

1038 3925 1265 3980 CAPUT
1299 3925 1441 3981 Vl".

423 4015 579 4079 Quod
605 4016 786 4069 vivere
814 4013 1047 4068 debeant
1080 4013 1299 4068 decenti
1327 4015 1491 4071 modo
1526 4018 1703 4087 juxta
1760 4019 2075 4082 sanctiﬁca-

496 4090 696 4141 tionem
737 4092 1029 4153 arguentes
1058 4087 1198 4140 vitia
1238 4088 1496 4156 operibus
1545 4103 1657 4143 non
1713 4090 2070 4157 samonibus,

495 4157 694 4227 repleti
714 4158 918 4228 spiritu
940 4173 1045 4226 per
1066 4158 1328 4227 psalmos,
1361 4174 1469 4213 non
1499 4161 1644 4215 vino.

500 4266 565 4332 V,
587 4265 741 4319 9-14.
779 4283 803 4317 α
842 4263 914 4319 Ut
941 4264 1050 4319 filii
1108 4264 1260 4320 lucis
1292 4264 1613 4322 ambulate.
1647 4268 1790 4322 Nam
1848 4267 2073 4323 fructus

433 4375 459 4403 ‹‹
491 4353 736 4425 spiritus
757 4353 904 4407 situs
928 4357 1018 4407 est
1047 4352 1108 4407 in
1124 4353 1286 4409 omni
1311 4353 1576 4409 bonitate
1598 4355 1904 4426 etjustitia
1918 4362 2083 4412 etve-

2819 3928 3055 3985 ΚΕΦΑΛ
3103 3927 3184 3988 11⁸.

2183 4021 2258 4073 ΙΙε
2300 4015 2316 4069 ὶ
2347 4016 2442 4070 τοῦ
2473 4016 2568 4089 ζῇν
2602 4011 2832 4084 ἐπαξίως
2855 4020 2952 4070 τοῦ
2981 4009 3321 4090 ἀγιασμοῦ,ἕ
3356 4037 3483 4093 γοις
3512 4018 3610 4084 τῆν
3637 4013 3799 4070 κακίαν

2254 4034 2601 4143 ἕλὲγγοντας.
2637 4087 2699 4141 ού
2727 4084 2940 4143 λόγοις.
2971 4086 3237 4143 πνεύματι
3289 4037 3701 4143 «arcentibus:
3729 4080 3799 4138 διὰ

2284 4084 2614 4163 λξγχοντας,
2637 4084 2940 4163 οὐμλόγοις,
2971 4084 3237 4161 πνεύματι
3260 4084 3265 4087 ⁷
3289 4084 3701 4163 πλὴρουμὲνους

2255 4156 2515 4234 ψαλμῶν,
2551 4160 2628 4231 μὴ
2661 4156 2819 4231 οἴιῳξ

2254 4267 2343 4328 Ὠς
2407 4265 2565 4320 τέκνα
2633 4265 2815 4344 φωτὸς
2889 4268 3253 4340 περιπατεῖτε.

2190 4358 2288 4410 τοῦ
2344 4354 2649 4427 πνεύματος
2707 4352 2759 4408 ἐν
2842 4355 2985 4428 πάσῃ

3331 4266 3395 4323 Ὁ
3468 4267 3568 4343 γάρ
3621 4262 3801 4338 καρπὸς

3073 4353 3394 4429 ἀγαθωσύνῃ
3440 4356 3532 4410 καὶ
3584 4349 3798 4423 ἀληθείᾳ,

432 4466 460 4495 ‹‹
482 4407 678 4511 ritate,
705 4441 1023 4513 probantes
1047 4407 1193 4512 quid
1206 4407 1292 4496 sit
1307 4407 1980 4514 accep—tum—
1999 4407 2062 4500 nc

2193 4407 2580 4517 attigs...
2603 4407 2612 4409 ⁷
2632 4407 2722 4498 ’τι
2795 4407 2936 4497 is...
2960 4407 3284 4517 "caspia-lo;
3331 4407 3410 4516 τὲ»
3443 4407 3798 4519 "antiit

439 4553 460 4582 ι
486 4533 906 4589 commercium
921 4529 1250 4586 habueritis
1272 4547 1405 4585 cum
1424 4532 1705 4603 operibus
1722 4533 2086 4607 infrugiferis

435 4644 462 4673 ιι
489 4620 888 4681 tenebrarum,
915 4619 1060 4689 quin
1118 4635 1188 4674 ea
1218 4619 1415 4690 potius
1448 4620 1625 4676 etiam
1661 4622 1910 4694 arguite.
1944 4626 2087 4678 Nam

439 4733 465 4759 ‹‹
501 4726 631 4780 qua:
661 4712 887 4764 secreto
920 4708 1072 4763 ﬁunt
1088 4707 1708 4781 abististurpeestvel
1731 4711 1929 4767 dicere
1954 4712 2091 4769 :sed

446 4820 467 4851 ι
502 4797 705 4853 omnia
734 4796 873 4851 dum
905 4796 1233 4867 probantur
1279 4815 1314 4854 a
1362 4799 1494 4855 luce
1542 4801 1858 4856 manifesta
1917 4801 2088 4856 ﬂunt.

444 4910 468 4942 α
503 4885 802 4957 Quidquid
820 4886 981 4942 enim
1004 4890 1391 4945 manifestum
1415 4890 1793 4947 redditurlux
1825 4892 2094 4957 est.Qua-

443 5000 473 5029 ι(
504 4981 746 5050 propter
776 4974 921 5031 dicit
948 4993 960 5030 :
994 4978 1414 5049 Expergiscere
1445 4981 1548 5050 qui
1582 4979 1805 5035 dormis
1834 4986 1893 5035 et
1921 4995 2094 5052 surge

445 5089 476 5124 ιι
501 5086 536 5125 a
564 5065 835 5134 mortuis,
868 5081 937 5122 ac
965 5065 1334 5122 illuminabit
1368 5073 1424 5123 te
1457 5069 1747 5125 Christus.
1783 5091 1812 5120 »

517 5156 619 5214 48
651 5178 680 5208 «
715 5157 787 5213 Ut
817 5154 920 5210 ﬁlii
954 5154 1126 5210 lucis.
1157 5176 1186 5205 »
1220 5157 1337 5211 Hoc
1370 5161 1458 5212 est
1504 5160 1776 5214 honeste.
1835 5163 1901 5215 In
1967 5160 2099 5216 luce

450 5248 612 5305 enim
643 5245 896 5317 quisque
928 5242 1297 5300 honestatem
1324 5252 1622 5316 procurat.
1652 5267 1682 5297 «
1704 5249 1847 5303 Nam
1880 5248 2103 5304 fructus

451 5337 715 5409 spiritus.
745 5356 765 5384 ι
807 5332 1157 5402 Hujusmodi
1190 5334 1419 5391 fructus
1473 5336 1700 5407 profert
1747 5339 1991 5409 spiritus
2036 5354 2106 5394 ac

456 5425 837 5499 spirituales:
877 5422 978 5478 alii
1038 5439 1175 5495 ergo
1226 5425 1456 5481 fructus
1511 5434 1652 5482 sunt
1704 5427 2005 5483 Satanas.«
2039 5430 2106 5484 In

456 5515 620 5571 omni
640 5512 925 5571 bonitate.
958 5531 984 5561 η
1017 5511 1136 5568 Hoc
1195 5515 1375 5571 veluti
1425 5515 1499 5570 ad
1556 5516 1876 5572 iracundos
1922 5523 1982 5571 et
2033 5517 2102 5573 ad

532 5638 582 5674 ³ο
611 5639 810 5694 Matth.
842 5657 894 5709 ι’,
917 5640 1004 5693 22.

2196 4534 2271 4606 μὴ
2333 4536 2738 4606 συγκοινωνεῖτε
2819 4535 2941 4595 τοῖς
3007 4530 3184 4607 ἔργοις
3250 4537 3341 4587 τοῖ
3421 4532 3681 4609 ἀκάρποις
3721 4529 3798 4582 τοῦ

2195 4620 2440 4680 σκότους.
2494 4617 2723 4675 Μᾶλλον
2783 4616 2842 4674 δι
2889 4618 2980 4674 καὶ
3040 4619 3319 4694 ἐλέγχετε.
3371 4623 3447 4675 Τά
3503 4620 3598 4698 γάρ
3649 4615 3792 4692 κρυφῇ

2195 4709 2453 4783 γινόμενα
2510 4708 2600 4763 ὑπ’
2642 4707 2840 4779 αὐτῶν,
2900 4708 3128 4785 αἰσχρόν
3187 4707 3300 4765 ἐστι
3356 4710 3448 4764 καὶ
3508 4708 3683 4783 λάγειν.
3730 4700 3791 4757 Τὰ

2201 4795 2257 4852 δὲ
2287 4799 2461 4854 πάντα
2490 4796 2835 4875 ἐλεγχόμενα
2867 4797 2970 4852 ὑπὸ
2996 4801 3093 4851 τοῦ
3124 4798 3303 4874 φωτὸς
3356 4802 3678 4876 φανεροῦται.
3707 4793 3791 4845 Πᾶν

2200 4888 2302 4964 γάρ
2332 4887 2395 4942 τὸ
2426 4885 2821 4964 φανερούμενον
2879 4889 2998 4967 φῶς
3060 4885 3193 4945 ἐστι.
3256 4887 3348 4942 Διὸ
3389 4885 3558 4962 λέγει,
3586 4880 3728 4959 ἔγειρε
3770 4876 3790 4928 δ

2205 4973 2477 5032 καθεύδων
2509 4975 2598 5032 καὶ
2631 4974 2833 5031 ἀνάστα
2863 4974 2923 5031 ἐκ
2950 4980 3061 5031 τῶν
3088 4980 3312 5051 νεκρῶν,
3343 4977 3431 5032 καὶ
3461 4973 3791 5052 ἐπιφαύσεισοε

2212 5067 2240 5120 ὁ
2271 5067 2520 5140 Χριστός.

2285 5186 2313 5214 ‹‹
2371 5163 2459 5224 Ὠς
2501 5158 2662 5217 τέκνα
2720 5161 2925 5240 φωτός·
3003 5186 3031 5214 υ
3114 5165 3412 5233 τουτέστιν,
3471 5156 3791 5239 εὐσχημόνως·

2215 5251 2304 5307 Ἐν
2334 5249 2435 5326 γάρ
2470 5250 2609 5324 φωτὶ
2660 5256 2764 5311 πᾶς
2820 5271 2904 5313 τις
2960 5253 3059 5304 τοῦ
3117 5249 3403 5325 εὐσχήμου
3462 5253 3678 5328 προνοεῖ.
3704 5269 3725 5296 ί(
3749 5240 3790 5295 Ὁ

2216 5338 2318 5417 γάρ
2353 5339 2561 5413 καρπὸς
2618 5340 2716 5393 τοῦ
2767 5336 3093 5411 πνεύματος.
3148 5359 3172 5391 ο
3231 5342 3470 5396 Τοιαῦτα
3523 5330 3791 5413 καρποφορεῖ

2215 5428 2279 5483 τὸ
2329 5429 2561 5500 πνεῦμα,
2618 5425 2710 5481 καὶ
2770 5426 2822 5480 οἳ
2880 5427 3264 5500 πνευματικοὶ,
3312 5427 3386 5491 ὡς
3444 5428 3507 5483 τά
3561 5446 3613 5502 γε
3655 5419 3781 5492 ἕτερα,

2215 5519 2313 5572 τοῦ
2342 5520 2554 5570 Σατανᾶ
2595 5514 2696 5570 εἰσι
2752 5515 2975 5588 καρποί.
3035 5536 3065 5568 ι‹
3122 5516 3212 5571 Ἐν
3261 5516 3405 5592 πάσῃ
3458 5510 3779 5594 apem-im»
