4072 6266
334 347 488 407 123⁸1

1389 338 1799 403 ΟΟΜΜΕΝΤ.
1846 340 1925 401 IN
1974 338 2213 402 EPIST.
2263 337 2316 401 Π
2363 339 2468 400 AD
2508 336 2783 400 EPHES.

3598 339 3755 405 1938

329 480 505 536 Τοῦτο
544 477 620 539 ὡς
678 476 816 553 πρὸς
880 472 1007 537 τοὺς
1060 472 1478 549 ὀργιζομένους,
1534 471 1672 547 πρὸς
1703 469 1894 533 τοὺςπ
1945 490 1960 524 ι

2082 533 2083 537 η
2112 472 2514 530 amarulentos
2542 475 2816 534 refertur.
2848 474 3016 542 Quod
3046 479 3244 532 autem
3262 474 3459 532 addit:
3490 478 3751 541 Justitia.

328 569 520 645 κρούς.
574 565 651 625 Τὸ
708 564 785 634 δὲ,
847 562 1195 643 Δικαιοσύνη,
1253 563 1329 626 ὡς
1382 560 1518 634 πρὸς
1570 560 1697 624 τοὺς
1754 560 1986 616 πλεονέ-

330 676 481 720 κτας.
515 656 593 713 Τὸ
624 652 702 723 ὂὶ,
727 652 1015 726 ³Δληθείᾳ,
1060 652 1134 715 ὡς
1181 651 1317 727 πρὸς
1348 649 1476 712 τοὺς
1531 650 1631 719 τὴν
1664 646 1836 724 ψεῦδῆ
1885 653 1988 718 τῆς

331 741 630 806 ἀκολασίας
680 744 770 797 καὶ
820 739 1086 818 ἁμαρτίας
1146 736 1444 802 διώκοντας
1487 735 1711 810 ἡδονήν,
1746 762 1773 789 ι(
1827 745 1985 793 Δοκι-

336 832 600 905 μάξαντες
628 831 681 888 τί
712 830 853 887 ἐστιν
882 829 1164 906 εὐάρεστον
1192 833 1271 902 τῷ
1319 825 1526 904 Κυρίῳ.
1578 850 1606 880 ››
1665 827 1805 903 Ἀρα
1862 821 1991 880 ἀδο-

327 920 501 996 κίμου
558 920 652 976 καὶ
717 916 977 989 παιδικῆς
1040 915 1277 984 διανοίας
1328 918 1397 973 τὰ
1448 913 1674 973 ὀίλλα.‹‹
1735 915 1838 973 Καὶ
1908 912 1985 989 μὴ

329 1014 748 1085 συγκοινωνεῖτε
776 1014 893 1064 τοῖς
926 1004 1131 1084 ἔργοις.
1164 1031 1194 1059 ››
1215 1039 1284 1050 -
1314 1005 1523 1081 [ΦΩΤ.]
1554 1006 1727 1081 Ἔργα
1756 1003 1986 1063 σκότους

334 1100 456 1155 εἷπε
483 1102 711 1175 γενικῶς
767 1097 1042 1171 ὀνομάσας
1100 1101 1271 1151 πᾶσαν
1322 1094 1605 1169 ἁμαρτίαν.
1665 1094 1764 1149 Διὰ
1794 1091 1847 1148 τί
1906 1088 1983 1159 δὲ,

333 1187 525 1267 φησὶν,
559 1187 659 1243 οὐκ
687 1185 984 1260 ἐπεξῆλθον
1045 1185 1273 1255 ἑκάστην
1330 1182 1505 1239 αὐτῶν
1539 1183 1798 1257 ὀνομαστὶ
1844 1188 1986 1259 πρᾶ-

328 1280 410 1350 ξιν
439 1296 454 1348 ;
487 1277 570 1334 ὅτι
619 1276 711 1333 καὶ
768 1275 823 1335 ἰν
877 1276 1027 1350 αύτῷ
1071 1280 1153 1348 τῷ
1192 1273 1373 1353 λέγειν
1428 1271 1619 1342 αὑτὰς,
1677 1272 1986 1348 αἰσχρότη-

326 1389 427 1430 τος
458 1365 766 1443 πληροῦται
814 1367 905 1422 καὶ
961 1366 989 1420 ὁ
1048 1363 1270 1435 ἐπεξιὼν
1326 1363 1512 1425 αὑτάς.
1563 1363 1730 1420 -Ἦ
1787 1361 1982 1425 οὕτως.

325 1451 645 1532 Ἐλέγχετε,
670 1455 825 1533 φησὶ,
857 1458 927 1529 τῇ
958 1453 1245 1530 παραθέσει
1274 1456 1373 1509 τοῦ
1430 1450 1631 1507 οἰκείου
1681 1450 1826 1527 βίου·
1859 1447 1987 1506 ούδὶ

323 1547 432 1624 γὰρ
466 1543 608 1623 λέγω
643 1544 896 1626 ἐλέγχειν
947 1544 1164 1611 αὐτοὺς,
1220 1545 1315 1605 τὰς
1368 1544 1584 1619 πράξεις
1622 1542 1800 1599 αὐτῶν
1833 1541 1983 1615 ἐπεξ-

328 1636 505 1699 ιόντας
538 1633 733 1699 αὑτοὺς
762 1635 853 1690 καὶ
878 1628 1403 1705 ὀνειδίζοντας.οἶ’δα
1426 1633 1530 1709 γὰρ
1559 1631 1645 1688 ὅτι
1672 1636 1789 1694 τοῖς
1815 1651 1982 1688 σπου-

327 1724 504 1788 δαίοις
531 1724 620 1781 καὶ
656 1725 718 1780 τὸ
744 1721 892 1785 ὅλως
914 1722 1275 1798 μνημονεύειν
1305 1719 1984 1801 αὑτῶν,αἷσχρότηςνομί-

2100 560 2175 618 ad
2205 578 2447 619 avaros:
2485 564 2741 620 Veritate
2764 581 2921 632 vero,
2955 569 3239 637 tanquam
3271 562 3347 620 ad
3376 579 3477 621 eos
3501 566 3601 636 qui
3636 565 3751 623 fal-

2102 666 2228 707 sam
2276 651 2584 709 veritatem
2631 658 3076 726 prosequuntur
3099 670 3229 725 quae
3280 658 3372 710 est
3406 654 3465 710 in
3510 654 3751 713 lascivia

2102 745 2160 795 et
2178 746 2441 813 peccato.
2476 763 2504 792 ‹‹
2527 742 2853 799 Probantes
2883 744 2983 815 qui
3016 743 3415 817 sitacceptum
3440 744 3749 801 Domino.»

2100 830 2325 887 Caetera
2345 830 2545 902 itaque
2574 831 2828 903 reprobo.
2846 836 2987 887 sunt
3011 831 3347 904 mentisque
3370 832 3750 904 puerilis.«Et

2100 934 2176 977 ne
2206 919 2632 975 commercium
2650 920 2977 977 habueritis
3007 937 3141 977 cum
3161 920 3459 994 operibus.
3496 944 3523 971 ››
3556 923 3747 993 Opera

2100 1007 2543 1064 dixittenebras
2572 1009 2835 1081 generali
2875 1009 3157 1066 vocabulo
3206 1011 3520 1067 nominans
3568 1027 3743 1069 omne

2098 1103 2431 1171 peccatum.
2460 1098 2649 1164 Quare
2679 1105 2879 1155 autem
2909 1116 3031 1155 non
3076 1100 3370 1167 recensui,
3395 1101 3609 1173 inquit,
3641 1118 3742 1157 no-

2097 1188 2371 1244 minatim
2401 1187 2667 1260 singulas
2697 1189 2961 1262 ipsorum
2982 1189 3291 1245 actiones?
3312 1190 3452 1260 quia
3480 1191 3657 1246 etiam
3680 1191 3741 1248 in

2097 1277 2226 1349 ipso
2274 1283 2408 1334 actu
2456 1277 2807 1333 recensendi
2847 1277 2983 1333 illas
3034 1277 3402 1350 turpitudine
3442 1280 3738 1351 oppletur,

2097 1366 2276 1423 etiam
2294 1366 2344 1422 is
2370 1366 2470 1438 qui
2493 1371 2765 1422 recenset
2784 1369 3106 1424 eas—Aut
3138 1367 3236 1425 hoc
3263 1369 3442 1424 modo.
3475 1370 3737 1441 Arguite,

2096 1454 2312 1526 inquit,
2357 1456 2797 1527 comparatione
2849 1457 3102 1529 prOprim
3150 1457 3530 1528 vitmmeque
3578 1459 3737 1515 enim

2096 1543 2227 1600 dico
2251 1548 2319 1599 ut
2339 1543 2595 1616 arguatis
2612 1560 2713 1599 eos
2757 1543 3125 1602 recensendo
3158 1545 3304 1617 ipsis
3340 1562 3408 1601 ac
3436 1546 3738 1618 imprope-

2093 1632 2279 1690 rando
2303 1650 2441 1689 suas
2486 1633 2770 1691 actiones.
2805 1631 2936 1690 Scio
2956 1650 3217 1706 namque
3236 1634 3395 1707 quod
3412 1635 3613 1708 probis
3644 1636 3736 1692 vel

2093 1722 2274 1778 etiam
2296 1721 2604 1779 minimam
2621 1721 2817 1778 facere
2831 1722 3069 1780 illarum
3082 1722 3733 1796 mentionem,turpitu-

326 1823 500 1887 ζεται.
533 1813 699 1872 Ούδὶν
717 1815 819 1893 γὰρ
849 1809 1097 1883 ἔλαττον,
1153 1813 1310 1893 φησί,
1337 1816 1447 1868 τῶν
1506 1812 1776 1889 ὑμετέρων
1804 1808 1972 1888 ἔργων

2087 1810 2160 1866 (10
2187 1810 2437 1868 dicatur.
2471 1810 2775 1883 Siquidem
2796 1828 2917 1868 non
2941 1813 3160 1877 minus,
3177 1812 3390 1883 inquit,
3416 1812 3731 1869 virtutibus

325 1910 449 1967 ταῖς
534 1902 749 1978 ἀρεταῖς
828 1900 1243 1980 ἀστραπτόντων
1329 1900 1778 1977 ἐλεγχθήσονται,
1836 1898 1873 1970 ἢ
1932 1897 1979 1955 εί

325 1995 419 2053 διὰ
448 1995 629 2075 λόγων
653 2017 737 2061 τις
768 1993 965 2059 αὐτοὺς
994 1991 1379 2051 ἀνεκάλυπτεν·
1438 1991 1585 2049 ἀλλὰ
1614 1992 1704 2049 καὶ
1767 1990 1979 2067 μᾶλλον

322 2088 534 2143 ἅπαντα
554 2087 624 2142 τὰ
655 2084 786 2163 ἔργα
838 2085 1015 2141 αὐτῶν
1076 2081 1166 2140 διὰ
1217 2089 1315 2141 τοῦ
1357 2084 1538 2162 φωτὸς
1567 2087 1663 2138 τοῦ
1717 2081 1977 2158 ὑμετέρου

328 2175 454 2253 βίου
486 2173 776 2252 ἐλέγχεται
834 2174 927 2230 καὶ
989 2171 1431 2229 ἀποκαλύπτεται
1485 2173 1577 2228 καὶ
1635 2175 1976 2247 φανεροῦται.

326 2263 713 2341 Φονερούμενα
742 2259 798 2319 δέ
828 2260 1118 2343 φωτίζεται
1159 2260 1250 2318 καὶ
1306 2261 1382 2325 εἰς
1437 2261 1501 2317 τὸ
1561 2259 1781 2336 ἄμεινον
1840 2282 1977 2335 μετ-

321 2355 510 2432 άγεται
562 2357 654 2413 καὶ
691 2360 1091 2431 μεταποιεῖται.
1151 2355 1214 2411 Ἠ
1272 2352 1375 2430 γὰρ
1431 2357 1539 2409 τῶν
1589 2350 1831 2433 κρυφίων
1890 2348 1978 2407 διὰ

316 2451 423 2517 τῆς
481 2444 735 2521 ἐναρέτου
794 2442 1081 2506 πολιτείας
1140 2443 1444 2522 φανέρωσις
1502 2440 1577 2505 είς
1636 2439 1973 2518 κατάγνωσιν

316 2532 709 2611 προτρέπεται.
761 2539 824 2591 Ἡ
878 2529 938 2588 δὶ
990 2532 1139 2608 ἆρχή
1171 2533 1380 2609 γίνεται
1430 2531 1783 2612 ἐπιστροφῆς.
1825 2528 1971 2602 Αὕτη

326 2620 386 2679 δὲ
416 2622 492 2686 εἷς
520 2621 778 2699 ἐργασίαν
831 2623 1029 2699 ἀρετῆς
1087 2620 1418 2700 καταλήγει,
1475 2619 1606 2696 ὅπερ
1666 2618 1775 2677 ἐστῖ
1834 2624 1972 2697 φῶς,

325 2713 402 2774 ὡς
436 2712 687 2786 πρόξενον
714 2715 813 2769 τοῦ
852 2709 1054 2767 ἐκεῖθεν
1109 2709 1311 2788 φωτός.
1366 2710 1469 2768 Καὶ
1522 2715 1637 2787 φῶς
1665 2708 1855 2778 πάλιν,
1888 2708 1971 2764 ὅτι

323 2799 644 2879 τυφλῶττον
673 2800 726 2855 ἐν
787 2803 924 2875 ἡμῖν
980 2798 1246 2876 πρότερον
1303 2798 1428 2875 περὶ
1483 2796 1551 2854 τὰ
1606 2800 1772 2869 παθη,
1833 2797 1969 2869 αὕτη

317 2888 726 2964 καταλάμψασα
782 2890 847 2945 τὸ
902 2888 1256 2964 ἡγεμονικὸν,
1324 2894 1476 2943 ποιεῖ
1529 2888 1662 2943 αὐτὸ
1735 2891 1970 2961 καθορᾷν

314 2979 418 3047 τήν
448 2976 500 3032 ἐν
532 2981 601 3053 τῇ
641 2978 883 3054 ἁμαρτίᾳ
912 2977 1310 3052 ἀσχημοσύνην
1362 2976 1454 3032 καὶ
1485 2976 1826 3055 αἰσχρότητα
1879 2978 1967 3032 καὶ

315 3065 615 3144 ἀμορφίαν.
673 3070 744 3123 Τὸ
802 3064 880 3138 δὲ,
940 3072 1051 3122 Πᾶν
1105 3065 1205 3142 γὰρ
1254 3067 1318 3122 τὸ
1377 3065 1792 3146 φανερούμενον,
1856 3071 1970 3143 φῶς

313 3153 481 3225 ἐστιν,
512 3153 572 3225 ἤ,
605 3156 682 3218 ὡς
740 3154 956 3230 εἴρηται
1038 3153 1299 3227 ληπτέον,
1367 3155 1403 3225 ἢ
1456 3153 1961 3224 κατασκευαστικὸν,

310 3248 412 3300 τοῦ
434 3242 690 3300 δύνασθαι
722 3242 969 3320 ἐλέγχειν
995 3244 1125 3307 τοὺς
1185 3240 1535 3314 σπουδαίους,
1595 3240 1682 3298 διὰ
1726 3247 1822 3299 τοῦ
1879 3244 1963 3299 οἱ-

308 3332 461 3391 κείου
495 3333 640 3409 βίου,
673 3335 774 3404 τὴν
836 3338 944 3390 τῶν
1005 3332 1231 3412 φαύλων
1291 3333 1593 3390 πολιτείαν.
1629 3337 1965 3408 Φανεροῦται

311 3422 720 3497 μὲνγὰρδτοῢ
779 3420 1077 3479 σπουδαίου
1136 3422 1280 3499 βίος,
1338 3423 1493 3502 φησί.
1556 3422 1962 3496 Φανερούμενος

309 3509 389 3580 δὲ,
423 3516 539 3590 φῶς
566 3510 698 3567 ἐστι.
742 3512 934 3574 Φωτὸς
984 3508 1042 3567 δὲ
1099 3510 1440 3586 λάμποντος,
1497 3511 1561 3567 τὸ
1589 3512 1780 3577 σκότος
1810 3510 1967 3587 ἐλέγ-

307 3619 492 3675 χεται,
523 3600 656 3676 ὅπερ
688 3600 827 3657 ἐστὶν
859 3602 888 3657 ’ὁ
919 3605 1026 3656 τῶν
1074 3600 1300 3679 φαύλων
1362 3601 1503 3676 βίος.
1538 3624 1567 3654 ‹‹
1621 3605 1746 3664 Τοῖς
1796 3601 1965 3679 ἀκάρ-

313 3709 465 3751 ποις.
498 3712 528 3742 ››
580 3695 749 3753 Ποῖος
805 3689 905 3765 γὰρ
958 3690 1189 3765 καρπὸς,
1248 3694 1404 3744 ποῖον
1462 3686 1659 3768 ὄφελος
1716 3689 1767 3761 ἐξ
1826 3688 1965 3747 ἐκεί-

314 3800 472 3847 vum;
531 3779 757 3842 Θάνατος
816 3779 909 3853 μὶν
970 3776 1085 3836 οὖν.
1144 3777 1386 3842 Σκότους
1443 3775 1500 3835 δέ
1544 3778 1689 3854 λέγει
1747 3783 1855 3834 τῶν
1910 3777 1961 3833 ἐν

315 3866 497 3943 πλάνῃ
528 3867 618 3923 καὶ
650 3867 941 3942 ἁμαρτίαις
990 3866 1315 3943 ἀνθρώπων.
1378 3868 1479 3924 Καὶ
1536 3866 1589 3924 τί
1648 3866 1815 3945 λέγω,
1873 3868 1962 3936 Μὴ

316 3963 776 4035 συγκοινωνεῖτες
827 3955 1079 4029 Μᾶλλον,
1126 3957 1283 4034 φησὶ,
1338 3956 1430 4012 καὶ
1500 3955 1777 4033 ἐλέγχετε,
1836 3977 1964 4012 παι-

315 4042 561 4110 δεύοντες
610 4046 809 4109 αύτοὺς
875 4043 966 4100 διὰ
1023 4050 1130 4101 τῶν
1186 4042 1461 4124 ἐλέγχων.
1515 4048 1692 4103 Τοῦτο
1751 4042 1808 4100 δὲ
1866 4044 1965 4100 ούκ

314 4130 456 4190 ἐστιν
507 4134 747 4191 ἐναντίον
804 4139 905 4207 τῷ,
965 4157 994 4187 (ε
1048 4136 1143 4204 Μὴ
1199 4135 1430 4209 κρίνετε.
1465 4156 1493 4186 ››
1546 4132 1672 4189 Ὧδε
1728 4134 1830 4212 γὰρ
1878 4134 1962 4203 τὸ,

310 4221 591 4299 ἐλέγχετε,
622 4222 738 4279 ἀντὶ
785 4226 906 4295 τοῦ,
960 4218 1262 4292 παιδεύετε,
1310 4227 1503 4280 κεῖται.
1554 4222 1701 4281 Ἐκεῖ
1757 4219 1814 4278 δὲ
1878 4221 1961 4287 τὸ,

308 4332 510 4390 κατακρ
521 4313 564 4368 ίν
573 4332 675 4369 ετε.

380 4569 451 4625 ’Ἠ
514 4566 711 4628 οὓτως.
771 4562 987 4641 [ΦΩΤᾹ
1093 4561 1383 4641 Ἐλὲγχετε

313 4656 580 4730 ὑμετέρου
610 4659 871 4729 Λαμπροῦ
926 4653 1016 4710 καὶ
1076 4650 1374 4709 σπουδαίου
1436 4654 1580 4730 βίου,
1610 4654 1696 4710 καὶ
1731 4656 1808 4730 μή
1839 4656 1963 4710 ἀνα-

315 4744 499 4818 μένετε
528 4742 789 4813 ἐκείνους,
820 4742 1042 4807 ἐαυτοὺς
1100 4740 1562 4820 προσαγγέλλειν,
1623 4744 1712 4799 καὶ
1754 4766 1964 4820 κωμῳ-

316 4830 425 4889 δεῖν
457 4835 525 4889 τᾶ
556 4832 751 4902 οἶκεῖα,
781 4832 871 4890 καὶ
903 4832 979 4896 εἷς
1017 4831 1177 4906 μέσον
1222 4833 1400 4909 ἄγειν,
1458 4832 1549 4888 καὶ
1603 4832 1776 4896 οὕτως
1837 4832 1963 4910 βε).-

316 4925 584 4985 τιοῦσθαι.
617 4921 683 4979 Εἰ
714 4921 815 4999 γὰρ
869 4921 960 4976 καὶ
989 4921 1318 4996 πράττουσιν
1379 4918 1411 4975 ἄ
1470 4922 1547 4995 μή
1604 4920 1780 4995 Οέμις,
1837 4921 1964 4979 ἀλλ’

319 5010 410 5066 οὗν
466 5010 570 5067 ὑπὸ
622 5017 723 5081 τῆς
780 5009 1021 5090 ἐμφύτου
1077 5007 1329 5086 γνώσεως
1388 5006 1589 5074 εἰδότες
1637 5008 1809 5066 αὑτῶν
1861 5014 1961 5083 τὴν

314 5100 682 5178 αἰσχρότητα,
767 5099 1154 5176 αἰσχύνονται,
1250 5099 1427 5154 καίτοι
1505 5097 1622 5155 δέον
1698 5098 1963 5157 ἀνακαλύ-

310 5212 464 5248 πτειν
522 5192 624 5261 τήν
692 5186 1090 5263 ἀσχημοσύνην
1144 5188 1368 5244 ἐαυτῶν.
1429 5212 1456 5240 ιι
1518 5187 1598 5246 Τὰ
1680 5185 1964 5261 δέηπάντα

308 5279 679 5357 ἐλεγχόμενα,
711 5302 737 5331 ι
777 5277 1091 5347 Τουτέστιν,
1153 5275 1212 5332 ἄν
1250 5277 1349 5347 ἦτε
1397 5277 1553 5353 ὑμεῖς
1585 5276 1842 5356 ἐνάρετοι,
1900 5281 1962 5335 ού

308 5365 565 5424 δύνανται
596 5368 874 5423 λανθάνειν
910 5366 961 5422 οἱ
995 5365 1251 5441 πονηροὶ,
1310 5365 1437 5422 ἀλλ’
1500 5367 1664 5430 αὐτὸς
1724 5368 1874 5442 ὑμῶν
1933 5370 1963 5423 ὁ

310 5455 432 5531 βίος
455 5457 547 5512 καὶ
578 5458 714 5531 πρὸς
741 5461 850 5513 τῶν
904 5455 1175 5532 ὑμετέρων
1227 5452 1409 5531 λόγων
1464 5456 1776 5533 κατήγορός
1827 5458 1960 5527 ἐστι,

380 5651 425 5693 ⁸⁸
458 5657 658 5715 Matth.
692 5672 788 5724 vn,
823 5661 873 5714 1.

2090 1907 2418 1956 vestrorum
2459 1917 2704 1973 Operum
2734 1900 3161 1974 refulgentibus
3192 1908 3531 1975 arguentur,
3556 1920 3735 1976 quam

2092 1990 2141 2045 si
2188 1989 2485 2062 quispiam
2540 1990 2703 2062 ipsos
2757 1990 3132 2047 sermonibus
3196 1991 3531 2064 detegeret:
3590 1993 3735 2064 quin

2091 2079 2276 2151 magis
2297 2079 2494 2151 potius
2516 2084 2731 2135 cuncta
2752 2078 2994 2135 illorum
3016 2096 3199 2153 opera
3219 2078 3350 2135 luce
3373 2081 3506 2136 vita:
3528 2087 3734 2137 vestrm

2090 2174 2419 2240 arguuntur
2433 2184 2499 2225 ac
2530 2167 2888 2242 detegantur
2913 2173 2973 2227 et
3027 2169 3523 2237 manifestantur;
3551 2172 3736 2226 mani-

2088 2258 2301 2313 festata
2318 2272 2452 2312 vero
2476 2256 2979 2327 illuminantur,et
3002 2260 3077 2314 ad
3107 2257 3320 2314 melius
3345 2258 3737 2317 traducuntur

2087 2361 2155 2400 ac
2176 2349 2639 2401 commutantur.
2667 2344 3047 2402 Occultorum
3073 2362 3235 2403 enim
3257 2363 3365 2419 per
3386 2347 3563 2405 vitam
3594 2365 3735 2420 pro-

2084 2433 2221 2491 bam
2240 2434 2640 2490 manifestatio
2663 2434 2736 2490 ad
2756 2432 2994 2490 illarum
3023 2434 3585 2492 condemnationem
3606 2454 3737 2509 pro-

2083 2528 2271 2591 vocat,
2301 2523 2481 2594 fitque
2500 2523 2863 2596 principium
2907 2524 3350 2579 conversionis:
3375 2525 3502 2581 haec
3535 2532 3734 2582 autem

2085 2614 2147 2668 in
2180 2612 2415 2668 virtutia
2445 2613 2851 2685 operationem
2874 2612 3111 2679 desinit,
3145 2629 3276 2683 quas
3300 2619 3389 2669 est
3418 2613 3539 2683 lux,
3601 2619 3732 2671 tan-

2085 2719 2263 2775 quam
2285 2701 2824 2759 conciliativalucis
2846 2701 2985 2757 inde
3017 2702 3401 2758 suborientis.
3443 2704 3731 2759 Rursum-

2084 2808 2198 2865 que
2219 2791 2321 2847 lux
2351 2791 2568 2847 dicitur
2608 2792 2748 2864 quia
2782 2790 2925 2847 dum
2968 2790 3133 2865 prius
3182 2792 3341 2847 circa
3388 2792 3733 2849 affectiones

2081 2881 2457 2948 cmcutiretis,
2518 2879 2617 2937 ubi
2662 2880 2788 2935 haec
2845 2886 3108 2936 mentem
3150 2879 3486 2948 illustravit,
3542 2881 3731 2953 ipsam

2082 2971 2424 3042 conspicere
2444 2970 2586 3026 facit
2607 2986 2901 3041 eam,quae
2923 2970 2986 3025 in
3014 2975 3253 3041 peccato
3285 2971 3727 3044 est,turpitudi-

2080 3076 2217 3116 nem
2236 3065 2296 3116 et
2322 3060 2766 3117 obscmnitatem
2790 3076 2857 3116 ac
2899 3058 3361 3117 deformitatem.
3392 3061 3458 3116 Id
3481 3065 3679 3116 autem
3715 3078 3729 3127 ;

2079 3147 2379 3221 Quidquid
2410 3148 2569 3205 enim
2611 3148 2995 3207 manifestum
3035 3147 3325 3215 redditur,
3359 3148 3458 3205 lux
3490 3154 3597 3219 est,
3630 3156 3734 3206 aut

1992 3203 2037 3272 θ
2075 3237 2484 3309 accipiendum
2516 3243 2581 3293 ut
2611 3237 2834 3295 dictum
2866 3240 2976 3307 est,
3010 3243 3112 3295 aut
3145 3243 3210 3293 ut
3239 3238 3717 3295 conﬁrmativum

2074 3327 2150 3381 sit
2171 3327 2329 3398 quod
2360 3326 2590 3398 possint
2617 3327 2790 3399 probi
2834 3344 2942 3384 sua
2969 3327 3086 3383 vita
3107 3343 3354 3400 arguere
3413 3345 3727 3400 pravorum

2073 3416 2600 3472 conversationem.
2641 3416 2949 3489 Siquidem
3017 3416 3460 3485 manifestatur,
3506 3417 3724 3489 inquit,

2071 3504 2242 3578 probi
2264 3505 2528 3562 hominis
2557 3506 2674 3561 vita
2699 3522 2712 3560 :
2743 3505 3132 3563 manifestata
3152 3522 3289 3561 vero
3308 3506 3411 3565 lux
3433 3512 3726 3578 estzporro

2070 3594 2204 3651 luce
2233 3594 2583 3667 splendente
2605 3601 2936 3667 arguuntur
2964 3594 3224 3651 tenebras
3263 3612 3394 3667 qua)
3417 3601 3556 3651 sunt
3585 3596 3729 3651 vitia

2071 3700 2403 3757 pravorum.
2471 3706 2498 3733 «
2550 3683 2938 3754 lnfrugiferis.
3001 3706 3030 3733 »
3090 3684 3230 3750 Quis
3286 3685 3445 3740 enim
3476 3683 3722 3751 fructus,

2071 3779 2323 3844 antqua)
2368 3771 2439 3828 ab
2490 3771 2611 3828 illis
2663 3771 2890 3827 utilitas
2912 3771 2940 3827 ?
2979 3788 3141 3827 mors
3171 3771 3457 3843 profecto.
3482 3772 3581 3827 49
3614 3773 3722 3827 Te-

2072 3861 2287 3917 nebras
2319 3877 2453 3915 vero
2477 3860 2622 3917 dicit
2657 3860 2967 3917 hominum
2992 3860 3172 3916 vitam
3208 3861 3310 3932 qui
3339 3861 3399 3917 in
3423 3875 3622 3915 errore
3656 3877 3724 3916 ac

2071 3948 2329 4020 peccatis
2373 3954 2703 4004 versantur.
2733 3950 2804 4003 Et
2825 3947 2968 4020 quid
2999 3947 3150 4004 dico.
3184 3949 3263 4003 Ne
3299 3948 3721 4003 commercium

2070 4036 2398 4092 habueritis
2419 4037 2447 4091 ?
2467 4036 2668 4108 Magis,
2700 4036 2916 4107 inquit,
2943 4036 3119 4091 etiam
3145 4036 3395 4109 arguite,
3420 4036 3720 4091 instruen-

2073 4132 2160 4182 tes
2193 4142 2292 4182 eos
2322 4143 2428 4198 per
2475 4124 2995 4198 reprehensiones.
3059 4126 3178 4182 Hoc
3234 4131 3432 4181 autem
3468 4141 3589 4185 non
3634 4132 3723 4183 est

2072 4215 2434 4272 contrarium
2469 4215 2520 4270 ei
2572 4214 2731 4285 quod
2783 4214 3046 4271 dicitur:
3096 4235 3125 4265 «
3170 4215 3253 4269 Ne
3284 4215 3569 4289 judicetis
3588 4215 3655 4271 ⁸⁸.
3689 4237 3718 4266 ››

2070 4310 2190 4361 Hoc
2227 4305 2385 4360 enim
2433 4304 2561 4359 loco
2594 4306 2813 4374 arguile
2852 4303 3095 4376 ponitur
3144 4321 3250 4377 pro
3307 4303 3583 4363 inslruite.
3636 4303 3717 4359 lbi

2070 4411 2206 4450 vero
2239 4392 2610 4450 tantumdem
2646 4398 2738 4450 est
2782 4409 2849 4450 ac
2881 4393 2929 4449 si
2979 4391 3245 4449 dicatur:
3306 4393 3386 4447 Ne
3435 4392 3719 4449 condem-

2071 4482 2250 4539 netis.

1484 4563 1637 4620 αὑτοὶ
1707 4561 1795 4620 διὰ
1864 4571 1962 4621 τοῦ

2135 4573 2241 4627 Aut
2267 4570 2368 4625 hoc
2398 4571 2580 4627 modo.
2616 4571 2852 4642 Arguite
2910 4587 3010 4626 vos
3057 4570 3169 4643 ipsi
3216 4587 3321 4643 per
3353 4569 3611 4626 lucidam
3651 4587 3719 4627 ac

2076 4659 2322 4732 probam
2355 4660 2533 4716 vitam
2577 4666 2869 4716 vestram:
2932 4675 3125 4731 neque
3184 4659 3536 4731 exspectetis
3582 4658 3719 4715 illos

2075 4747 2263 4805 donec
2288 4748 2515 4820 scipsos
2537 4748 2913 4818 annuntient,
2945 4764 3009 4803 ac
3044 4765 3150 4803 sua
3190 4747 3634 4821 reprehendant
3662 4754 3720 4803 et

2073 4837 2137 4893 in
2159 4837 2420 4895 medium
2455 4838 2776 4909 proferant,
2813 4838 3015 4909 sicque
3047 4835 3326 4892 meliores
3369 4836 3714 4893 reddantur.

2074 4928 2421 4998 Quanquam
2456 4927 2614 4985 enim
2647 4932 2990 5000 perpetrent
3021 4941 3089 4981 ea
3117 4943 3247 4997 quas
3278 4924 3366 4981 fas
3401 4943 3519 4981 non
3545 4932 3653 4996 est,
3683 4944 3719 4982 a

2073 5016 2331 5073 naturali
2354 5020 2548 5072 tamen
2567 5016 2779 5073 notitia
2791 5032 2953 5073 suam
2972 5021 3393 5088 cognoscentes
3409 5013 3720 5087 turpitudi-

2072 5123 2211 5163 nem
2262 5106 2592 5178 pudeﬁunt.
2652 5105 2830 5177 Atqui
2889 5108 3190 5178 Oporteret
3240 5120 3407 5159 suam
3456 5101 3717 5160 revelare

2072 5194 2681 5266 turpitudinem.«Sed
2702 5194 2905 5250 omnia
2925 5194 3065 5250 dum
3090 5192 3440 5265 produntur.
3457 5192 3609 5248 nHoc
3626 5198 3717 5248 est

2074 5284 2121 5341 si
2153 5301 2252 5339 vos
2278 5284 2446 5356 probi
2471 5284 2621 5350 sitis,
2654 5300 2775 5339 non
2821 5286 3072 5357 possunt
3100 5281 3383 5338 occultari
3418 5280 3582 5350 mali,
3616 5282 3719 5337 sed

2071 5372 2205 5445 ipsu
2232 5373 2348 5428 vita
2377 5377 2570 5428 vestra
2590 5372 2767 5427 etiam
2799 5375 2936 5427 ante
2968 5385 3271 5425 sermones
3294 5372 3516 5422 vestros
3550 5383 3719 5424 accu-

2073 5467 2233 5517 sator
2264 5468 2353 5518 est
2386 5467 2444 5517 et
2475 5464 2887 5531 argumentum
2924 5459 3059 5514 illos
3088 5458 3464 5513 convincens.
3496 5457 3636 5514 Nam
3666 5458 3714 5512 si
