4072 6266
410 330 566 392 1239

1528 331 1711 394 (BOD
1722 334 1784 392 M
1798 332 1887 391 EN
1896 332 1949 392 Il
1993 332 2299 397 'I‘RlCC/E
2342 339 2698 403 EPISCOPI

3668 339 3791 397 1240

408 467 686 523 occultati
715 466 956 532 fuerint,
988 464 1303 522 incorrecti
1347 473 1625 523 manent:
1687 466 2049 523 manifestati

2184 470 2255 524 ιαὶ
2312 468 2549 549 ἔλεγχος
2604 474 2803 530 αὐτῶν.
2867 475 2990 531 Ἐὰν
3015 475 3119 550 γὰρ
3152 470 3526 538 λανθάνωσιν,
3557 468 3793 545 ἀδιόρθω-

407 573 542 611 vero
601 555 992 627 corrigentur.
1037 576 1065 603 ‹‹
1106 555 1402 626 Quidquid
1461 557 1618 611 enim
1675 558 2054 613 manifestum

408 643 678 699 redditur
707 643 808 698 lux
840 650 947 698 est.
982 664 1009 693 ››
1045 647 1161 699 Aut
1190 644 1301 699 hoc
1319 645 1465 699 dicit
1498 645 1653 717 quod
1683 653 1925 718 peccata
1954 646 2054 700 ubi

410 733 793 790 manifestata
820 732 1046 787 fuerint
1074 732 1176 787 lux
1210 734 1362 788 ﬁunt
1388 752 1400 788 :
1437 734 1548 789 hoc
1579 740 1669 790 est
1690 735 2055 806 injustitiam

411 827 836 878 convertuntur
863 838 970 892 per
998 822 1404 891 pcrnitentiam
1440 840 1452 877 :
1498 828 1600 877 aut
1658 822 1817 893 quod
1872 822 2057 895 proba

409 913 528 967 vita
557 927 678 966 non
696 915 888 982 potest
907 909 1213 978 occultari,
1246 910 1377 966 ideo
1409 911 1601 981 arguit
1648 918 1705 965 et
1762 912 2059 966 convincit

414 1000 709 1068 tenebras,
742 999 852 1054 hoc
880 1005 968 1054 est
997 999 1206 1054 malos.
1241 1030 1307 1041 -—
1338 1000 1501 1064 Quod
1520 1002 1638 1056 ait:
1666 999 1725 1055 Id
1758 1001 1915 1072 quod
1939 1018 2058 1055 ma-

410 1090 690 1145 nifestum
723 1088 991 1144 redditur
1009 1105 1077 1143 ac
1098 1088 1391 1160 detegitur
1413 1088 1802 1155 efﬁciturlux,
1829 1096 1888 1145 et
1929 1091 2056 1161 ipso

409 1194 608 1232 rerum
626 1194 738 1231 usu
763 1176 944 1231 sumit
965 1177 1393 1231 testimonium.
1416 1178 1741 1232 Dicitenim
1769 1197 1781 1233 :
1809 1179 2055 1250 Exsper-

410 1268 634 1339 giscere
650 1266 749 1336 qui
781 1265 1038 1321 dormis:
1066 1266 1177 1320 hoc
1201 1272 1308 1333 est,
1334 1267 1592 1334 excitare
1613 1283 1647 1322 a
1667 1267 2057 1322 reclinatione

411 1359 471 1410 et
508 1354 854 1410 assiduitate
886 1355 945 1408 in
1008 1355 1199 1410 solitis
1256 1356 1584 1410 affectibus.
1621 1379 1647 1405 ι‹
1705 1361 1771 1409 Et
1822 1373 1993 1429 surge
2025 1374 2058 1412 a

410 1444 720 1499 mortuis.»
746 1444 880 1498 Sine
904 1444 1034 1515 ipsa
1079 1450 1311 1500 mortua
1331 1461 1399 1500 ac
1442 1445 1715 1501 obscmna
1744 1446 1924 1500 veluti
1960 1463 2055 1500 re.

412 1550 550 1588 vera
580 1540 739 1597 sunt,
773 1533 1090 1588 manifesta
1134 1533 1283 1588 fieri.
1317 1534 1482 1599 Quod
1515 1536 1563 1589 si
1594 1536 1719 1590 haec
1778 1535 1860 1590 ita
1890 1537 2056 1604 flant,

413 1622 742 1677 illustrabit
771 1638 839 1677 ac
879 1622 1244 1678 illumiuabit
1272 1629 1329 1677 te
1360 1624 1646 1689 Christus,
1674 1623 1898 1695 tibique
1922 1624 2060 1679 illu-

419 1717 629 1767 cesset.
663 1713 867 1782 Itaque
899 1712 1059 1782 quod
1089 1728 1210 1766 non
1228 1713 1643 1768 manifestatur
1672 1714 1773 1768 lux
1803 1714 2061 1768 efﬁcitur

2165 580 2250 614 τοι
2281 558 2518 633 μένουσι.
2555 565 2961 639 Φανερούμενοι
2992 561 3053 617 δὲ
3085 559 3584 636 διορθωθῆσονται.
3642 584 3671 611 ‹‹
3711 564 3797 616 Πᾶν

2166 648 2266 723 γὰρ
2324 653 2387 706 td
2446 655 2872 730 ιρανερούμενον,
2935 657 3051 732 φῶς
3108 650 3241 707 ἐστι.
3282 652 3353 707 'll
3408 649 3583 706 τοῦτό
3646 671 3801 726 φησιν,

2168 737 2252 793 ὅτι
2307 741 2373 796 τὰ
2430 744 2799 817 ἁμαρτήματα
2873 742 3005 798 ἐπὰν
3089 743 3395 820 φανερωθῇ,
3486 743 3603 817 φῶς
3682 740 3798 815 γένεο

2165 849 2277 897 ται,
2332 832 2630 902 τουτέστιν,
2687 832 2763 894 είς
2821 828 3169 900 δικαιοσύνην
3226 831 3489 905 τρέπεται
3551 828 3612 882 ἐκ
3668 849 3805 901 μετα-

2166 925 2339 989 νοίας,
2370 920 2405 989 ἢ
2438 921 2521 976 ὅτι
2555 921 2800 995 ἐνάρετος
2834 921 2956 996 βίος
3003 919 3065 975 οὖ
3124 917 3344 974 δύναται
3385 912 3689 992 κρυϐῆναι.
3722 918 3797 973 Διὸ

2168 1004 2384 1083 ἐλέγχει
2414 1009 2477 1064 τὸ
2508 1011 2721 1077 σκότος,
2745 1008 3009 1077 τουτέστι,
3042 1008 3168 1071 τοὺς
3199 1006 3505 1083 πονηρούς.
3528 1040 3597 1049 -
3620 1007 3803 1079 [ΦΩΤ.]

2167 1097 2313 1164 "Ott,
2369 1099 2525 1177 φησὶ,
2580 1101 2642 1153 τὸ
2693 1098 3090 1176 φανερούμενον
3153 1096 3243 1152 καὶ
3307 1094 3805 1168 ἀνακαλυπτόμενον

2169 1189 2285 1262 φῶς
2312 1186 2539 1262 γίνεται,
2596 1193 2858 1263 μαρτυρεῖ
2913 1187 3004 1242 καὶ
3059 1189 3095 1256 ἡ
3146 1187 3368 1260 χρῆσις.
3429 1185 3650 1258 Ἔγειρε
3696 1184 3803 1257 γὶρ,

2169 1274 2357 1347 φησὶν,
2389 1272 2916 1345 ὀκαθεῦδων,οἷον,
2976 1274 3301 1345 Διανάστηθι
3360 1274 3471 1327 ἀπὸ
3535 1275 3635 1341 τῆς
3690 1273 3806 1346 πρὸς

2166 1363 2234 1418 τὰ
2288 1366 2433 1434 παθη
2491 1363 2863 1426 κατακλίσεως
2919 1365 3007 1419 καὶ
3066 1360 3443 1438 προσεδρείας.
3485 1387 3508 1413 c
3544 1361 3651 1417 Kal
3704 1361 3805 1416 ivi-

2171 1482 2267 1516 στα
2316 1462 2375 1517 ἐκ
2427 1467 2534 1517 τῶν
2568 1467 2788 1539 νεκρῶν.
2841 1487 2869 1515 ››
2927 1468 3122 1517 Ἔασον
3185 1462 3318 1517 αὒτὰ
3374 1460 3546 1535 νεκρᾶ
3601 1460 3690 1514 καὶ
3738 1462 3807 1513 ai.-

2171 1554 2315 1629 σχρᾶ
2338 1555 2517 1617 καθώς
2551 1554 2654 1609 εἰσι
2703 1561 3098 1634 φανερωθῆναι.
3160 1554 3267 1609 Καὶ
3327 1550 3392 1607 ἂν
3451 1555 3626 1607 ταῦτα
3673 1550 3811 1627 γένη-

2166 1662 2278 1711 ται,
2310 1642 2590 1721 ἐπιφαύσει
2623 1664 2706 1698 σοι
2761 1644 2883 1697 τότε
2924 1642 3013 1697 καὶ
3065 1641 3291 1721 φωτίσει
3344 1641 3438 1695 καὶ
3504 1639 3811 1713 καταυγάσει

2171 1752 2229 1786 σε
2286 1733 2314 1786 ὁ
2367 1733 2626 1807 Χριστὸς,
2684 1731 2823 1787 ὥστε
2878 1733 2939 1787 τὸ
3001 1730 3402 1808 φανερούμενον
3469 1733 3592 1808 φῶς
3634 1727 3812 1804 γίνεται

418 1808 476 1855 et
506 1801 934 1856 illuminatur.«
961 1802 1407 1873 Exspergiscere
1439 1802 1539 1873 qui
1574 1802 1818 1857 dormis.
1852 1824 1879 1853 ››
1916 1803 2059 1857 Dor-

2184 1819 2259 1876 ιαὶ
2290 1821 2604 1898 φωτίζεται,
2638 1846 2666 1874 ι(
2704 1823 2935 1898 Ἔγειρε,
2964 1822 2992 1875 ὁ
3047 1817 3349 1877 καθεύδων.
3394 1843 3423 1871 ››
3498 1815 3815 1882 Καθεῦδοντα

416 1890 702 1944 mientem
734 1906 801 1945 ac
828 1895 1125 1943 mortuum
1147 1888 1291 1943 dicit
1306 1906 1441 1944 eum
1474 1890 1573 1960 qui
1594 1890 1654 1944 in
1676 1891 1934 1961 peccatis
1951 1896 2062 1961 est,

419 1979 651 2034 Etenim
701 1978 1057 2050 exspergisci
1089 1994 1211 2032 non
1234 1982 1429 2048 potest
1458 1979 1529 2032 ad
1564 1978 1623 2032 id
1655 1978 1813 2048 quod
1843 1979 2064 2033 bonum

423 2073 531 2131 est,
560 2066 741 2120 veluti
773 2072 1043 2120 mortuus
1070 2081 1083 2130 ;
1108 2066 1389 2136 variaque
1420 2066 1981 2138 imaginatur,sicuti
2016 2068 2067 2121 is

424 2156 525 2227 qui
583 2154 804 2211 dormit
852 2170 865 2207 :
910 2169 1267 2224 rursumque
1319 2153 1602 2210 deformis
1651 2161 1742 2210 est
1786 2171 1853 2210 ac
1908 2156 2069 2227 gravi

423 2244 603 2299 odore
634 2242 872 2315 plenus,
903 2242 1082 2297 veluti
1115 2250 1408 2299 mortuus.
1445 2266 1472 2292 ‹‹
1508 2246 1577 2298 Et
1624 2244 1991 2301 illuminabit
2013 2251 2067 2300 te

425 2334 713 2389 Christus.
750 2352 775 2382 ι
808 2331 973 2396 Quod
1002 2328 1203 2387 autem
1235 2332 1285 2387 is
1333 2333 1434 2403 qui
1466 2340 1734 2389 versatur
1777 2334 1837 2389 in
1868 2351 2071 2406 pecca-

429 2425 504 2480 tis
526 2423 602 2477 sit
625 2421 882 2476 tenebrm
898 2420 1031 2476 audi
1050 2437 1164 2492 quo
1201 2422 1379 2477 modo
1419 2422 1615 2494 ipsum
1636 2424 1901 2495 Scriptur
1929 2423 2066 2478 dor-

429 2511 712 2567 mientem
765 2526 833 2565 ac
857 2515 1158 2565 mortuum
1181 2517 1348 2566 vocet
1381 2518 1477 2565 :et
1516 2512 1671 2582 quod
1694 2528 2070 2583 nequaquam

431 2601 548 2656 alio
581 2600 758 2657 modo
780 2599 1504 2671 possitillumilluminare
1528 2600 1936 2669 Christus,nisi
1952 2618 2074 2656 ces-

432 2697 522 2747 set
549 2708 583 2746 a
608 2698 871 2763 peccato.
930 2690 1345 2762 Expergisccre
1372 2690 1554 2758 enim,
1588 2690 1700 2746 hoc
1732 2696 1839 2754 est,
1874 2691 2070 2757 Cessa,

431 2780 830 2851 quiescellaac
851 2784 909 2834 et
929 2777 1002 2833 ad
1032 2777 1307 2833 infideles
1326 2777 1424 2834 ὅθ
1455 2784 1514 2832 et
1533 2778 1607 2833 ad
1638 2778 1948 2833 credentes
1971 2780 2071 2850 qui

429 2871 492 2925 in
522 2870 779 2941 peccatis
801 2874 940 2927 sunt
960 2867 1635 2941 aptantur.llluminabit
1655 2868 1939 2936 autem,id
1962 2875 2070 2938 est,

431 2959 774 3016 illustrabit.

501 3051 568 3117 V,
604 3052 792 3104 15-21.
830 3070 854 3101 α
891 3048 1091 3104 Videte
1116 3049 1296 3121 igitur
1315 3049 1613 3120 quomodo
1647 3049 2074 3121 circumspecte

439 3159 465 3192 ιι
484 3138 802 3194 ambuletis
819 3154 832 3191 :
848 3154 965 3192 non
982 3142 1049 3192 ut
1068 3137 1420 3209 insipientes
1441 3137 1544 3192 sed
1563 3142 1628 3191 ut
1648 3138 1964 3208 sapientes:
1984 3153 2075 3192 re-

434 3251 463 3278 a
488 3197 1211 3298 dimentestempus,quod
1227 3226 1353 3282 dies
1368 3227 1507 3282 mali
1527 3197 2077 3299 sint.Proptereane
2118 3197 2161 3262 θ

433 3340 461 3368 ‹‹
486 3317 613 3372 sitis
638 3316 1178 3387 imprudentes,sed
1198 3315 1602 3386 intelligentes
1626 3333 1756 3387 qum
1779 3317 2048 3371 sitvolun
2065 3346 2080 3357 -

434 3428 461 3456 (ι
484 3410 575 3459 tas
599 3404 928 3458 Domini.Et
958 3420 1032 3457 ne
1058 3403 1437 3457 inebriemini
1462 3405 1597 3458 vino
1622 3404 1682 3457 in
1702 3421 1817 3475 quo
1846 3404 2086 3459 lascivia

443 3515 464 3545 ι
494 3498 620 3547 est:
649 3492 753 3547 sed
772 3492 1140 3563 impleamini
1166 3491 1398 3563 spiritu,
1419 3493 1733 3563 loquentes
1756 3493 1920 3548 vobis
1942 3494 2089 3565 ipsis

448 3604 469 3632 ι
500 3598 606 3653 per
634 3581 896 3653 psalmos
928 3588 987 3636 et
1007 3580 1262 3652 hymnos
1284 3587 1343 3637 et
1372 3581 1682 3637 cautiones
1717 3582 2086 3654 spirituales:

449 3695 472 3723 ι
509 3679 791 3728 canentes
838 3689 906 3727 ac
936 3672 1260 3743 psallentes
1293 3673 1355 3727 in
1389 3672 1565 3729 corde
1591 3679 1782 3728 vestro
1812 3673 2086 3741 Domino,

448 3785 477 3815 ‹‹
500 3763 719 3836 gratias
747 3768 986 3834 agentes
1009 3778 1244 3833 semper
1271 3761 1344 3817 de
1393 3761 1673 3817 omnibus
1729 3763 1791 3817 in
1846 3762 2087 3818 nomine

447 3853 733 3908 «Domini
758 3852 944 3907 nostri
973 3853 1111 3906 Jesu
1132 3851 1349 3907 Christi
1381 3853 1501 3907 Deo
1546 3857 1605 3907 et
1653 3853 1832 3910 Patri.
1859 3851 2085 3907 Subditi

446 3965 473 3991 ‹‹
506 3942 765 3997 vicissim
788 3941 940 3996 alius
972 3939 1072 3995 alii
1105 3957 1240 3996 cum
1275 3942 1484 3997 timore
1507 3942 1632 3996 Dei.
1667 3963 1694 3992 ››

511 4145 539 4172 ι(
575 4123 775 4177 Videte
808 4124 1001 4195 igitur.
1030 4148 1050 4175 ι
1085 4126 1230 4180 Oves
1254 4125 1394 4179 estis
1428 4125 1487 4179 in
1538 4126 1731 4182 medio
1784 4125 2081 4198 luporum,

440 4211 571 4266 ideo
603 4212 791 4267 multa
811 4214 1083 4267 cautione
1099 4230 1248 4284 opus
1274 4218 1449 4268 estne
1473 4215 1809 4287 suscipiatis
1834 4215 2084 4269 inimici-

438 4301 583 4355 tiam
619 4301 730 4355 nisi
763 4307 1003 4372 propter
1061 4301 1567 4373 prazdicationem.
1592 4324 1627 4350 ί·
1665 4305 1788 4357 Νοιι
1820 4308 1884 4357 ut
1937 4304 2080 4358 insi-

438 4390 692 4462 pientes.
728 4411 755 4438 »
789 4389 1097 4460 Sapientes
1127 4390 1286 4444 enim
1338 4396 1558 4445 norunt
1583 4391 1878 4463 quomodo
1909 4409 2084 4463 opor-

443 4485 565 4534 teat
579 4478 1605 4552 ambulare.0mnianamquelargiri
1622 4486 1875 4551 oportet,
1906 4481 2083 4552 idque

2172 1910 2261 1966 καὶ
2293 1912 2500 1985 νεκρὸν,
2558 1912 2649 1966 τὸν
2701 1909 2751 1965 ἐν
2809 1910 3124 1984 ἁμαρτίαις,
3186 1908 3353 1984 λέγει.
3417 1908 3527 1965 Καὶ
3587 1908 3691 1983 γὰρ
3738 1908 3817 1961 ἀν-

2173 1995 2462 2075 ενὲργητός
2512 1998 2623 2055 ἔστι
2680 2001 2818 2074 πρὸς
2873 2000 2937 2055 τὸ
2995 1999 3217 2074 ἀγαθὸν,
3278 1999 3351 2061 ὡς
3410 1999 3441 2053 6
3501 1999 3711 2071 νεκρὸς,
3738 1997 3815 2050 καὶ

2175 2094 2560 2166 φαντασιοῦται
2593 2090 2666 2152 ὡς
2701 2090 2729 2144 ὁ
2760 2086 3056 2157 καθεύδων,
3117 2089 3207 2143 κιιὶ
3253 2084 3521 2162 εἰδεχθτςς
3582 2085 3692 2142 ἔστι
3746 2085 3819 2140 καὶ

2175 2174 2446 2240 δυσωδίας
2486 2179 2665 2255 γέμει,
2697 2178 2772 2242 ὡς
2800 2179 2829 2233 6
2859 2177 3046 2252 νεκρὸς
3077 2174 3267 2234 πάλιν.
3308 2198 3336 2229 ι
3386 2175 3498 2233 Καὶ
3558 2173 3817 2249 ἐπιοαῦσει

2176 2288 2261 2323 σοι
2293 2267 2598 2341 ὁΧριστός.
2655 2290 2683 2319 ››
2727 2269 2851 2324 ’Ὁτι
2913 2264 2970 2321 δὲ
3024 2266 3218 2327 σκότος
3255 2263 3396 2331 ἐστὶ,
3459 2264 3654 2343 φησὶν,
3709 2265 3735 2318 6
3777 2260 3820 2316 ἐν

2175 2356 2489 2432 ἁμαρτίαις,
2522 2353 2750 2411 ἃκουσον
2789 2360 2909 2419 πῶς
2936 2355 3097 2409 αὐτὸν
3129 2351 3469 2418 καθεύδοντα
3500 2354 3595 2407 καὶ
3658 2353 3820 2425 νεκρὸν

2176 2449 2210 2516 ἡ
2243 2448 2429 2523 Γραφή
2462 2443 2641 2513 καλεῖ,
2674 2445 2763 2501 καὶ
2809 2444 2884 2506 ὡς
2944 2443 3043 2499 οὐκ
3098 2442 3159 2498 ἄν
3211 2442 3406 2505 ἄλλως
3480 2440 3822 2514 ἑπιλάμψειεν

2176 2535 2323 2607 αὐτῷ
2355 2536 2383 2590 ὁ
2414 2535 2672 2609 Χριστὸς,
2702 2533 2851 2603 πλήν
2883 2533 2927 2588 εί
2964 2535 3037 2607 μὴ
3071 2532 3348 2601 παύσηται
3400 2538 3508 2601 τῆς
3554 2529 3812 2605 ἁμαρτίας.

2177 2624 2257 2681 Τὸ
2287 2624 2390 2700 γὰρ
2420 2625 2658 2700 Ἔγειρε,
2691 2626 2922 2691 Παῦσον,
2955 2620 3087 2676 ἐστί.
3121 2623 3304 2677 Ταῦτα
3334 2620 3431 2675 καὶ
3486 2620 3627 2693 πρὸς
3670 2618 3812 2673 ἀπίτ-

2175 2732 2327 2781 τους,
2357 2713 2447 2767 καὶ
2494 2713 2631 2786 πρὸς
2666 2710 2893 2772 πιστοὺς
2933 2708 3300 2784 ἁμαρτωλοὺς
3362 2710 3620 2785 ἁρμόζει.
3670 2707 3741 2764 Τὸ
3767 2702 3812 2758 δὲ

2176 2800 2521 2879 Ἐπιιξιαῦσει,
2554 2798 2911 2874 Ἐπιλάμψει,
2944 2798 3107 2855 ἐστίν.

2254 3059 2492 3119 Βλέπετε
2552 3062 2642 3115 οὗν
2694 3064 2810 3122 πῶς
2867 3053 3110 3134 ἀκριϐῶς
3186 3061 3564 3131 περιπατεῖτε,
3625 3057 3696 3127 μὴ
3749 3053 3811 3112 ὡς

2186 3149 2406 3228 ἃσοφοι,
2506 3146 2637 3204 ἀλλ’
2738 3149 2812 3209 ὡς
2940 3147 3119 3224 σοφοὶ,
3225 3144 3682 3219 ἐξαγοραζόμενοι
3742 3141 3816 3194 τὸν

2185 3239 2397 3312 καιρὸν,
2450 3238 2535 3293 ’ὁτι
2603 3239 2657 3292 αἱ
2718 3234 2922 3310 ἡμέραι
2978 3235 3213 3309 πονηραί
3297 3234 3428 3292 εἷ’σι.
3510 3235 3608 3288 Δια
3678 3234 3815 3286 τοῦτο

2188 3329 2262 3401 μή
2302 3325 2511 3400 γίνεσθε
2568 3325 2814 3404 ἄφρονες,
2869 3323 3016 3380 ἁλλᾶ
3066 3323 3328 3384 συνιέντες
3398 3322 3455 3378 τί
3508 3323 3569 3376 τὸ
3625 3319 3813 3388 θέλημα

2178 3422 2277 3472 τοῦ
2336 3417 2561 3492 Κυρίου.
2623 3416 2727 3471 Καὶ
2791 3416 2867 3487 μὴ
2928 3411 3255 3487 μεθύσκεσθε
3310 3409 3451 3484 οἴνῳ
3484 3410 3538 3466 ἐν
3599 3410 3643 3481 ᾧ
3695 3407 3814 3461 ἐστιν

2181 3504 2412 3576 ἀσωτία,
2470 3503 2615 3560 ἀλλὰ
2680 3500 2999 3578 πληροῦσθε
3056 3498 3110 3554 ἐν
3194 3520 3489 3575 πνευματι,
3549 3496 3813 3554 λαλοῦντες

2182 3595 2394 3656 ἑαυτοῖς
2452 3592 2695 3666 ψαλμοῖς
2775 3592 2867 3646 καὶ
2924 3589 3141 3662 ὕμνοις,
3204 3588 3299 3643 καὶ
3374 3586 3554 3661 ᾠδαῖς
3599 3603 3813 3656 πνευμαο

2180 3690 2356 3746 τικαῖς
2414 3680 2656 3754 ᾅδοντες,
2758 3681 2849 3735 καὶ
2926 3677 3236 3754 ψάλλοντες
3336 3677 3389 3732 ἐν
3497 3679 3569 3750 τῇ
3641 3669 3809 3745 καρδίᾳ

2186 3772 2337 3846 ὑμῶν
2414 3775 2492 3842 τῷ
2590 3770 2794 3845 Κυρίῳ,
2872 3769 3324 3848 εὐχαριστοῦντες
3396 3765 3631 3821 πάντοτε
3701 3761 3810 3833 ὑπὲρ

2181 3862 2422 3931 πάντων,
2464 3859 2693 3932 ὀνόματι
2750 3863 2848 3914 τοῦ
2890 3858 3096 3933 Κυρίου
3146 3858 3309 3929 ἡμῶν
3366 3856 3552 3923 Ἰησοῦ
3606 3852 3808 3926 Χριστοῦ

2180 3955 2260 4023 τῷ
2288 3954 2406 4022 Θεῷ
2434 3948 2524 4004 καὶ
2558 3946 2754 4022 Πατρὶ,
2788 3947 3215 4020 ὑποτασσόμενοι
3246 3941 3529 4015 ἀλλήλοις
3584 3940 3635 3997 ἐν
3679 3933 3807 4017 φόϐῳ

2183 4042 2317 4095 Θεοῦ
2332 4082 2344 4096 .

2257 4126 2553 4184 «Βλέπετε
2583 4125 2700 4184 οὖν.
2734 4149 2762 4179 ››
2826 4119 3081 4201 Πρόϐατά
3136 4125 3253 4180 ἐστε
3319 4123 3370 4179 ἐν
3439 4123 3588 4195 μέσῳ
3631 4119 3807 4175 λύκων.

2187 4219 2279 4274 Διὸ
2306 4215 2527 4285 πολλῆς
2558 4214 2961 4295 παραφυλακῆς
2992 4213 3155 4288 χρεία
3212 4215 3289 4287 μὴ
3333 4210 3678 4285 ἀναδέξασθαι
3730 4203 3805 4259 ἔκ·

2187 4320 2341 4383 θρας,
2373 4305 2519 4375 πλὴν
2574 4303 2663 4361 διὰ
2715 4304 2776 4360 τὸ
2829 4307 3111 4378 κήρυγμα.
3158 4328 3179 4353 ι
3241 4302 3337 4370 Μὴ
3397 4301 3475 4363 ὡς
3534 4298 3733 4377 ἄσοφοι.
3783 4316 3805 4342 υ

2187 4382 2255 4455 Οἱ
2291 4397 2395 4473 γὰρ
2425 4395 2587 4473 σοφοὶ
2621 4393 2764 4449 ἴσασι
2796 4397 2915 4452 πῶς
2974 4390 3055 4447 δεῖ
3111 4396 3445 4465 περιπατεῖν.
3504 4390 3669 4444 Πάντα
3718 4382 3801 4459 γὰρ

2191 4472 2480 4562 Sang-qod,
2506 4472 2823 4558 γπροίεσθαι,
2852 4483 2941 4537 καὶ
2975 4480 3260 4554 ἀγοράζειν
3320 4480 3384 4534 τὸ
3446 4480 3522 4551 μή
3552 4476 3666 4549 περὶ
3719 4472 3797 4536 τὴν

443 4567 617 4624 nobis
639 4584 982 4639 comparare
1034 4583 1107 4622 ne
1129 4567 1286 4623 circa
1304 4567 1479 4623 ﬁdem
1504 4569 1873 4642 naufragium
1905 4570 2074 4625 facia-

2192 4557 2370 4630 ﬁtﬁt"!
2399 4557 2725 4646 ναυαγῆσαι.
2759 4604 2825 4612 -
2862 4571 2933 4627 ’Ἡ
2961 4568 3154 4633 οὕτως.
3210 4568 3556 4642 [ΟΙΚΟΥΜ.]
3605 4565 3661 4621 Ὁ
3712 4579 3800 4614 και-

440 4673 593 4711 mus.
629 4658 803 4711 —Aut
831 4656 930 4711 hoc
959 4656 1272 4713 modo.Non
1297 4663 1386 4712 est
1407 4657 1578 4712 nobis
1603 4664 1834 4729 tempus
1849 4657 2079 4714 stabile:

442 4745 680 4801 advenas
712 4745 871 4799 enim
905 4762 1145 4800 sumus:
1183 4761 1311 4801 eme
1353 4762 1489 4819 ergo
1549 4747 1744 4818 ipsum
1802 4753 1861 4802 et
1907 4747 2085 4803 facito

442 4833 769 4907 proprium.
787 4833 1093 4898 Quomodo
1125 4841 1321 4889 autem
1347 4835 1456 4889 hoc
1479 4836 1589 4889 erit
1609 4836 1636 4890 ‘?
1657 4838 1767 4890 Per
1785 4837 1897 4891 hoc
1930 4837 2087 4907 quod

447 4924 510 4978 in
542 4922 668 4993 ipso
704 4922 1042 4993 placeamus
1064 4924 1803 4993 Deo.Tuncnamqueillud
1835 4924 2092 4979 efficitur

450 5011 1021 5084 proprium,quando
1044 5010 1215 5065 bonan
1237 5010 1498 5065 actiones
1530 5011 1591 5065 in
1621 5027 1690 5065 eo
1721 5012 1889 5067 factae
1948 5029 2087 5069 con-

452 5108 941 5174 sequuntur,quas
974 5100 1037 5154 in
1062 5098 1259 5153 futuro
1291 5098 1507 5153 smculo
1551 5099 1905 5171 glorificant,
1939 5102 2092 5158 sicut

451 5191 606 5246 male
664 5188 1086 5245 condemnant.
1125 5210 1144 5236 ι
1182 5187 1344 5251 Quod
1376 5186 1502 5242 dies
1531 5188 1673 5243 mali
1714 5189 1851 5245 sint.
1888 5212 1913 5239 η
1964 5192 2092 5246 Non

452 5281 607 5355 quod
632 5282 793 5336 horas
826 5297 957 5352 quas
984 5280 1044 5334 in
1068 5278 1212 5350 ipsis
1230 5282 1365 5333 sunt
1384 5282 1485 5331 aut
1506 5282 1777 5350 tempora
1799 5281 1916 5336 sint
1940 5282 2096 5337 mala

455 5371 642 5427 absit!
671 5370 775 5427 sed
792 5370 865 5425 ob
896 5369 1056 5426 mala
1086 5385 1216 5439 quas
1249 5366 1310 5421 in
1334 5367 1478 5438 ipsis
1516 5366 1665 5421 ﬁunt
1690 5386 1726 5425 a
1754 5370 1947 5439 nobis,
1971 5371 2096 5426 dies

454 5460 674 5515 vocavit
706 5460 914 5517 malos.
948 5458 1457 5525 Quemadmodum
1503 5475 1612 5516 nos
1661 5457 1935 5525 dicimus,
1986 5459 2098 5515 Bo-

458 5565 602 5603 num
625 5555 726 5605 aut
754 5550 978 5604 malum
1010 5549 1168 5603 diem
1198 5552 1455 5623 transegi
1487 5569 1499 5606 :
1525 5568 1645 5607 non
1666 5551 1777 5605 hoc
1833 5548 2098 5604 dicentes

460 5635 619 5706 quod
649 5636 779 5705 ipsa
813 5636 924 5690 dici
962 5642 1172 5692 natura
1220 5636 1376 5694 bona
1406 5640 1483 5693 sit
1529 5645 1632 5694 aut
1658 5636 1813 5692 mala
1844 5654 1854 5690 :
1892 5635 1995 5691 sed
2027 5654 2097 5690 ex

2196 4664 2286 4736 ρὸς
2329 4663 2431 4718 οὐκ
2486 4656 2628 4718 ἔστιν
2689 4662 2825 4733 ἡμῖν
2890 4654 3129 4734 βέϐαιος.
3198 4658 3455 4733 ΙΙοὶροικοι
3512 4657 3607 4731 γάρ
3650 4652 3795 4736 5695:17-

2197 4750 2499 4828 ’Δγόρασον
2560 4751 2653 4805 οὖν
2711 4748 2871 4803 αὐτὸν
2929 4748 3019 4802 καὶ
3072 4746 3305 4817 ποίησον
3384 4743 3542 4802 ἴδιον.
3604 4745 3712 4801 Πῶς
3755 4731 3798 4788 δὲ

2194 4843 2360 4895 τοῦτο
2391 4835 2541 4893 ἔσται
2577 4859 2592 4907 ς
2634 4837 2734 4892 Διὰ
2762 4839 2860 4891 τοῦ
2891 4830 2943 4889 ἓν
2976 4836 3128 4905 αὐτῷ
3167 4834 3516 4910 εὐαρεστῆσαι
3571 4835 3643 4901 τῷ
3686 4828 3794 4910 Θεῷ,-

2198 4926 2335 4986 Τότε
2363 4926 2466 5001 γὰρ
2500 4925 2657 4987 οὗτος
2690 4922 2834 4986 ἴδιος
2863 4923 3087 4999 γίνεται,
3148 4924 3237 4978 ὅτε
3276 4925 3331 4977 αἱ
3388 4922 3438 4977 ἐν
3489 4921 3629 4989 αὖτῷ
3661 4909 3791 5008 καλῆ

2198 5016 2419 5091 πράξεις
2458 5012 2942 5083 ἐπακολουθοῦσιν,
3002 5011 3112 5067 ἐκεῖ
3169 5008 3504 5082 δοξάζουσαι,
3560 5008 3717 5075 ὥσπερ
3753 5009 3790 5051 αὶ

2199 5105 2366 5161 καλαὶ
2394 5103 2830 5179 κατακρίνουσαι.
2863 5128 2892 5154 (ι
2926 5104 3026 5159 Οτι
3057 5102 3113 5156 αἱ
3143 5100 3347 5176 ἡμέραι
3373 5096 3599 5174 πανηραί
3627 5093 3753 5150 εἰσιν.
3773 5108 3791 5133 ι)

2202 5193 2328 5269 Οὐχ
2357 5194 2412 5248 αἱ
2444 5193 2495 5248 ἐν
2556 5193 2744 5255 αὐταῖς
2797 5192 2933 5267 ὧραι
2991 5191 3027 5261 ἢ
3088 5192 3141 5247 οἱ
3181 5193 3375 5267 χρόνοι
3408 5187 3624 5263 πονηροί
3670 5182 3786 5239 εἶσιν,

2208 5286 2284 5357 μὴ
2318 5282 2526 5359 γένοιτο
2554 5284 2566 5339 ί
2602 5281 2729 5338 ἀλλ’
2760 5280 2821 5337 ἐκ
2846 5286 2953 5336 τῶν
2988 5279 3037 5336 ἐν
3067 5281 3253 5343 αὐταῖς
3309 5282 3433 5355 παρ’
3479 5282 3626 5351 ἡμῶν
3675 5286 3787 5346 γινο-

2210 5372 2387 5445 μένων
2453 5375 2656 5440 κακῶν,
2732 5371 2827 5432 τὰς
2886 5372 3099 5444 ἡμέρας
3157 5372 3401 5445 πονηρὰς
3450 5367 3689 5425 ἐκάλεσεν,

2206 5464 2371 5535 ἡμεῖς
2407 5458 2669 5534 λέγομεν,
2701 5456 2889 5528 Καλὴν
2923 5457 2959 5528 ἤ
3014 5462 3184 5530 καχαὲμ
3240 5459 3445 5535 ἡμέραν
3485 5455 3704 5521 ἐποίησα,
3733 5441 3783 5535 fr?

2208 5531 2375 5606 τοῦτο
2406 5531 2680 5626 λέγοντες,
2713 5548 2795 5603 ὅτι
2830 5546 2963 5618 αὐτὴ
2997 5550 3031 5617 ἡ
3091 5548 3248 5627 φύσις
3288 5531 3407 5617 Ἵτέῇς
3458 5544 3646 5619 ἡμέρας
3675 5531 3780 5627 καλή

2209 5639 2245 5708 ἢ
2276 5639 2439 5709 κακὴ,
2471 5637 2599 5694 ἀλλ’
2628 5639 2686 5694 ἐκ
2723 5643 2831 5694 τῶν
2859 5641 2994 5712 ἡμῖν
3035 5633 3461 5712 συμϐαινόντων,
3515 5634 3669 5690 οὕτως
3710 5622 3779 5678 σθ’
