4072 6266
292 437 445 500 1241

1272 394 1277 403 ’
1364 437 1778 498 COMMENT.
1824 436 1904 496 1N
1949 434 2190 495 EPIST.
2234 436 2346 495 AD
2386 434 2663 497 EPHES.

3547 430 3721 500 1242

289 571 392 637 τὴν
425 570 808 643 ὀνομάζοντες.
882 572 979 626 Διὰ
1033 575 1195 626 τοῦτο
1250 568 1342 626 καὶ
1395 570 1423 624 ὁ
1470 570 1702 645 Χριστός
1758 589 1943 647 φησι),

2060 569 2153 624 his
2184 586 2314 640 qum
2372 570 2543 627 nobis
2592 572 2945 646 contingunt
3000 574 3083 629 ita
3104 572 3263 630 diem
3292 575 3697 633 nominantes.

295 658 560 731 ’Λρκετὸν
616 660 685 731 τῇ
744 657 927 734 ἡμέρᾳ
980 661 1016 728 ἡ
1064 657 1247 726 κακία,
1305 656 1549 713 τουτέστι
1580 656 1647 711 τὰ
1699 654 1750 710 ἐν
1805 654 1944 729 αὐτῇ

290 746 434 802 κακὰ
466 749 594 820 παρ’
645 748 808 818 ἡμῶν
880 748 1165 824 γινόμενα.
1226 747 1324 801 Διὰ
1376 750 1542 801 τοῦτο
1606 746 1682 819 μὴ
1735 744 1948 819 γίνεσθε

290 832 538 913 ἄφρονες.
586 832 812 904 Ἐπειδή
843 838 879 905 ἡ
926 835 1186 910 πονηρία,
1240 833 1426 913 φησὶν,
1484 833 1630 898 ἀνθεῖ
1678 833 1769 888 καὶ
1829 831 1949 887 ἐπι-

289 928 482 997 κρατεῖ
510 927 606 978 τοῦ
636 924 908 990 παρόντος
942 924 1066 999 βίου
1096 924 1186 979 καὶ
1226 927 1334 978 τῶν
1393 924 1638 997 ἡμερῶν,
1675 923 1752 994 μὴ
1807 920 1946 996 γίνε-

292 1024 387 1078 σθε
418 1011 648 1090 ἄφρονες
679 1012 818 1070 ὣστε
847 1014 1160 1079 ἁλίσκεσθαι
1201 1011 1594 1089 αὑτῇ.‹‹Ἀλλᾶ
1621 1012 1945 1073 συνιέντες.»

285 1104 595 1176 -[ΦΩΤ.]
627 1103 901 1165 Συνιέντες
958 1108 1325 1178 περιπατεῖτε,
1368 1101 1497 1175 (ἀπὸ
1552 1105 1740 1157 κοινοῦ
1796 1101 1947 1181 γὰρ,)

288 1191 474 1267 ὥσπερ
526 1191 617 1246 καὶ
676 1193 763 1264 τὸ,
832 1190 1181 1267 Πληροῦσθε,
1233 1191 1400 1248 πάλιν
1432 1189 1571 1246 ἐστίν
1601 1191 1707 1246 ἀπὸ
1735 1193 1944 1245 κοινοῦ.

293 1281 439 1354 ΙΙρὸς
468 1280 554 1349 τὸ,
588 1277 894 1343 Λαλοῢντες
926 1283 1030 1356 γὰρ
1057 1283 1145 1337 καὶ
1180 1279 1439 1353 ’ᾼδοντες
1481 1281 1571 1335 καὶ
1630 1278 1950 1343 Ψάλλοντες

290 1368 386 1424 καὶ
473 1369 946 1445 Εὐχαριστοὺντες
981 1413 996 1440 ,
1084 1367 1457 1438 ἀποδίδοται,
1517 1368 1608 1423 καὶ
1664 1368 1801 1442 πρὸς
1861 1368 1945 1437 τὸ,

289 1451 772 1530 ’Υποτασσόμενομ
810 1482 836 1509 ‹‹
868 1457 933 1513 Τί
960 1458 1023 1512 τὸ
1055 1457 1273 1532 θέλημα
1301 1462 1397 1513 τοῦ
1422 1457 1639 1533 Κυρίου.
1666 1479 1694 1508 ››
1720 1455 1946 1529 Θὲλημα

283 1550 386 1600 τοῦ
420 1545 639 1620 Κυρίου,
700 1545 764 1600 τὸ
820 1547 913 1601 τὸν
973 1547 1228 1620 παρόντα⁴
1272 1547 1462 1622 καιρὸν
1512 1545 1943 1622 ἐξαγορεὶζεσθοιι⁸

285 1658 317 1687 ‹‹
354 1635 455 1691 Καὶ
491 1636 569 1708 μή
629 1634 958 1708 μεθύσκεσθε
1009 1635 1159 1708 οἷ’νῳ.
1218 1657 1246 1688 n
1308 1635 1369 1691 Ὀ
1427 1635 1530 1711 γὰρ
1577 1635 1748 1703 οἶνος,
1807 1634 1945 1708 πρὸς

285 1722 646 1802 εὐφροσύνην,
682 1723 743 1780 οὑ
774 1725 912 1797 πρὸς
950 1725 1145 1798 μέθην,
1206 1721 1439 1780 δέδοται.
1473 1748 1500 1776 ‹‹
1561 1725 1643 1780 Ἐν
1700 1724 1745 1796 ᾦ
1803 1721 1942 1778 ἐστιν

283 1812 516 1870 ἀσωτία.
549 1837 579 1865 ››
609 1812 895 1887 Θυμώδεις
926 1820 1076 1870 ποιεῖ
1103 1815 1192 1870 καὶ
1226 1820 1439 1890 θρασεῖς
1471 1814 1561 1870 καὶ
1583 1812 1945 1891 ἀκροσφαλεῖς

284 1904 379 1957 καὶ
409 1903 549 1979 πρὸς
573 1901 856 1981 ἀσέλγειαν
886 1902 1216 1981 ἐπιρρεπεῖς.
1267 1928 1294 1956 ιι
1339 1902 1515 1961 Ἀλλᾶ
1542 1902 1878 1977 πληροῦσθε.
1914 1926 1942 1953 ››
1975 1942 2023 2006 Β

280 1990 474 2056 Θέλεις
501 1991 872 2065 πληροῦσθαι,
918 1993 1093 2070 Δφησὶ,
1151 1993 1266 2063 καὶ,
1326 1994 1400 2054 ὡς
1441 1993 1630 2061 εἰπεῖν,
1686 1990 1944 2064 μεθύσκε-

281 2081 405 2136 σθαι
438 2100 453 2150 ;
492 2085 667 2137 Τοῦτο
695 2083 845 2138 ποίει
875 2067 1040 2155 ἐντῷ
1093 2083 1240 2160 ἁγίῳ
1292 2081 1582 2155 Πνεὺματι,
1615 2079 1946 2157 πληρούμε-

280 2190 380 2231 νος
410 2167 597 2227 αὑτοῦ.
638 2174 830 2229 Ἔσται
859 2167 916 2226 δὲ
945 2175 1131 2240 τοῦτο,
1159 2167 1281 2225 ’διὰ
1335 2168 1573 2244 ψαλμῶν
1614 2170 1706 2226 καὶ
1763 2167 1965 2252 ᾠδῶν,⁵

285 2258 440 2337 φησί.
474 2284 503 2312 ι(
538 2258 645 2316 Καὶ
692 2256 861 2332 ᾠδαῖς
890 2265 1300 2345 πχευματικαῖς.
1331 2287 1360 2316 ι
1400 2260 1519 2315 Εἰσὶ
1567 2260 1667 2335 γὰρ
1698 2259 1788 2315 καὶ
1822 2256 1941 2314 δια-

286 2342 530 2408 ϐολικαί.
560 2373 589 2401 ‹‹
642 2339 738 2407 Ἐν
759 2353 861 2423 ’τῇ
920 2339 1118 2425 καρδίᾳ
1177 2350 1352 2422 ὑμῶν.
1395 2372 1424 2402 ››
1458 2351 1549 2419 Μή
1583 2354 1700 2410 τοῖς
1728 2348 1940 2424 χείλεσι

285 2436 474 2511 μόνον’,
519 2435 667 2492 ἀλλᾶ
722 2437 814 2492 καὶ
872 2438 1009 2493 κατὰ
1064 2440 1164 2508 τὴν
1223 2436 1447 2513 καρδίαν
1531 2461 1559 2490 ‹‹
1594 2439 1679 2494 Ἐν
1711 2437 1940 2511 ὀνόματι

281 2529 383 2581 τοῦ
416 2526 619 2600 Κυρίου
649 2527 828 2599 ἡμῶν.
865 2550 894 2579 ››
952 2527 1053 2582 Διά
1108 2526 1210 2603 γὰρ
1236 2531 1333 2582 τοῦ
1377 2524 1642 2601 ὀνόματος
1672 2531 1769 2582 τοῦ
1801 2533 1938 2601 Χρι-

289 2619 444 2683 στοῦ,
474 2614 649 2669 πάντα
678 2616 812 2687 ἡμῖν
872 2615 1130 2693 ὑπάργει.
1166 2635 1199 2671 α
1244 2615 1696 2689 Ὑποτασσόμενοι
1758 2614 1940 2688 ἀλλή-

291 2702 442 2766 λοις.
480 2729 501 2755 ι
533 2706 701 2762 ’Όταν
743 2705 846 2781 γὰρ
900 2701 1126 2768 ἕκαστος
1166 2706 1374 2779 ἑκάστῳ
1428 2705 1514 2776 εἴη
1576 2705 1943 2781 ὑποτεταγμέ-

291 2813 403 2863 νος,
433 2793 524 2848 καὶ
553 2794 628 2867 μὴ
662 2790 753 2848 διά
775 2815 829 2849 τι
859 2797 1085 2870 πρᾶγμα
1108 2795 1372 2868 κοσμικὸν
1426 2793 1462 2865 ἤ
1523 2793 1744 2865 ἄτοπον,
1795 2793 1941 2851 ἀλλὰ

293 2877 384 2936 διὰ
413 2877 580 2961 φόϐον
609 2886 873 2957 Χριστοῦ,
900 2883 952 2938 τί
983 2881 1130 2939 ἔσται
1163 2882 1357 2940 λοιπὸν
1393 2884 1445 2939 ἐν
1479 2886 1629 2958 μὲσφ
1658 2892 1821 2940 κακόν
1854 2904 1867 2953 ;

914 2976 1192 3032 ΚΕΦΑΛ.
1227 2975 1298 3029 ϐ’.

399 3061 644 3133 Διάταξις
684 3060 968 3142 οἰκειακῶν
1013 3063 1356 3142 καθηκόντων
1384 3061 1716 3142 ᾄρχομένοις
1744 3064 1835 3118 καὶ

753 3131 1017 3208 ἄρχουσιν
1054 3134 1193 3188 κατὰ
1221 3131 1476 3209 Χριστόνξ

359 3240 427 3297 Αἱ
455 3245 703 3315 γυναῖκες
760 3245 876 3303 τοῖς
936 3238 1095 3302 ἰδίοις
1150 3239 1400 3317 ἀνδράσιν
1461 3241 1823 3297 ὑποτάσσεσθε
1862 3242 1938 3304 ὡς

284 3331 366 3403 τῷ
391 3328 590 3405 κυρίῳ,
620 3330 705 3385 ’ὁτι
733 3330 867 3406 ἀνήρ
898 3329 1011 3386 ἐστι
1040 3329 1254 3410 κεφαλή
1285 3338 1388 3402 τῆς
1418 3333 1695 3409 γυναικὸς,
1737 3332 1812 3394 ὡς
1846 3352 1937 3387 και

285 3419 314 3474 ὑ
371 3420 604 3491 Χριστὸς
660 3417 872 3496 κειραλή
927 3427 1028 3490 τῆς
1088 3418 1445 3492 Ἐκκλησίας,
1498 3420 1589 3475 καὶ
1636 3420 1797 3482 αὑτός
1828 3421 1939 3477 ἐστὶ

285 3509 473 3582 σωτὴρ
501 3510 599 3562 τοῦ
628 3507 903 3580 σώματος.
936 3507 1094 3565 Ἀλλ’
1121 3506 1302 3585 ὥσπερ
1323 3511 1358 3579 ἡ
1383 3506 1682 3580 Ἐκκλησία
1703 3510 1942 3565 ὑποτάσ-

284 3616 432 3652 σεται
462 3600 542 3667 τῷ
572 3597 818 3671 Χριστῷ,
848 3598 993 3652 οὕτω
1051 3599 1142 3652 καὶ
1201 3599 1255 3654 αἱ
1311 3602 1558 3674 γυναῖκες
1618 3603 1735 3660 τοῖς
1782 3596 1943 3660 ἰδίοις

291 3682 516 3759 ἀνδράσι
550 3684 604 3739 ἐν
634 3686 813 3739 παντί.

364 3770 488 3826 Ἐὰν
520 3770 620 3846 γὰρ
652 3768 783 3824 ὦσιν
824 3770 975 3826 οὗτοι
1008 3770 1059 3826 ἐν
1094 3770 1308 3847 εἰρήνῃ,
1339 3779 1484 3828 πᾶσα
1529 3775 1564 3843 ἡ
1607 3772 1755 3829 οἰκία
1794 3773 1946 3849 είρη-

290 3860 492 3927 νεύσει,
521 3859 613 3913 καὶ
668 3858 866 3920 πάντες
901 3858 1276 3915 ἀπολαύσουσι
1313 3868 1413 3932 τῆς
1452 3856 1600 3917 ἔνθεν
1654 3860 1942 3939 ὠφελείας.

292 3969 322 3997 «
346 3945 435 4005 Ὧς
464 3948 545 4016 τῷ
577 3943 775 4019 κυρίῳ.
810 3968 839 3996 ››
885 3940 1051 4002 Βαϐαί
1084 3947 1097 4004 l
1162 3945 1442 4022 ὑποταγῆς
1500 3946 1764 4010 ἐπίτασις.
1823 3953 1946 4010 Πῶς

292 4029 387 4087 οὖν
420 4033 582 4109 ρησῖν
643 4034 670 4088 ὁ
731 4033 998 4108 Χριστὸς,
1033 4035 1158 4091 Ἐὰν
1221 4036 1297 4108 μή
1354 4056 1437 4097 τις
1469 4035 1801 4107 ἁποτάξηται
1856 4035 1945 4091 καὶ

295 4121 508 4195 γυναικί
565 4122 657 4176 καὶ
715 4118 897 4195 ἀνδρὶ,
957 4121 1021 4176 οὑ
1081 4120 1302 4178 δύναται
1359 4122 1730 4191 ἀκολουθῆσαί
1806 4144 1946 4197 μοι;

299 4207 403 4266 Καί
434 4228 628 4287 φαμεν,
661 4210 744 4265 ὅτι
777 4212 839 4266 τὸ
871 4212 945 4274 ὡς
1006 4211 1070 4266 οὐ
1120 4211 1331 4274 πάντως
1392 4211 1620 4282 ἰσότητα
1671 4214 1948 4287 σημαίνει.

295 4300 372 4355 ’Ἡ
416 4298 576 4354 τουτό
633 4319 815 4379 φησιν·
878 4302 968 4365 Ὧς
1024 4298 1218 4357 εἰδυῖαι
1271 4302 1355 4357 ὃτι
1424 4307 1504 4374 τῷ
1552 4304 1770 4378 Χριστῷ
1821 4302 1953 4359 εἰσιν

298 4387 735 4461 ὑποτασσόμεναι
789 4387 850 4444 ἐκ
897 4389 1115 4449 τούτου.
1178 4413 1206 4443 ιι
1265 4391 1366 4447 Καὶ
1438 4390 1599 4453 αὑτός
1670 4390 1783 4447 ἐστι
1842 4413 1950 4447 σω-

295 4478 399 4551 τήρ
456 4498 552 4532 του
612 4476 888 4550 σώματος.
926 4500 952 4531 ι
1009 4479 1103 4533 Καὶ
1162 4477 1323 4542 αὐτὸς
1392 4481 1420 4533 ὁ
1471 4478 1632 4553 ἀνήρζ
1692 4481 1796 4537 Καὶ
1851 4481 1953 4557 γὰρ

296 4570 333 4636 ἡ
365 4564 578 4644 κεφαλή
613 4567 860 4636 σωτηρία
922 4565 1036 4622 ἐστὶ
1085 4589 1182 4622 του
1237 4568 1439 4623 λοιπου
1526 4569 1805 4641 σώματος,
1862 4591 1957 4643 μι-

2056 657 2300 730 Propter
2327 658 2439 713 hoc
2471 665 2529 714 et
2557 661 2823 717 Christus
2844 662 2962 717 ait:
3023 661 3253 717 Sufficit
3304 662 3418 718 diei
3466 663 3695 720 malum

2054 763 2224 801 suum
2269 749 2334 815 ‘b,
2377 746 2438 800 id
2484 754 2593 818 est,
2657 750 2812 805 mala
2857 767 2989 821 qua:
3040 750 3101 804 in
3163 751 3291 823 ipso
3324 752 3694 826 contingunt.

2051 837 2372 906 Propterea
2390 852 2466 891 ne
2488 836 2617 891 sitis
2641 837 3067 909 imprudentes.
3085 839 3253 908 Quia,
3287 839 3502 911 inquit,
3533 842 3706 897 mali-

2054 922 2134 978 tia
2165 923 2338 979 floret
2365 940 2431 979 ac
2457 925 2859 997 principatum
2894 932 3058 981 tenet
3086 927 3149 981 in
3180 929 3462 999 prmsenti
3495 929 3613 985 vita
3643 936 3701 985 et

2052 1011 2281 1079 diebus,
2315 1028 2388 1067 ne
2421 1014 2548 1067 sitis
2570 1014 3074 1086 imprudentes,ut
3094 1015 3166 1071 ab
3199 1017 3327 1088 ipsa
3357 1017 3700 1088 capiamini.

2053 1123 2080 1151 α
2115 1101 2229 1158 Sed
2268 1103 2688 1175 intelligentes.
2726 1126 2753 1153 ››
2777 1104 3188 1177 Intelligentes
3210 1105 3702 1163 ambulatemam

2054 1190 2165 1245 hoc
2196 1207 2231 1246 a
2257 1192 2560 1247 communi
2594 1210 2770 1248 sensu
2791 1193 3149 1249 sumendum
3172 1199 3296 1250 est:
3323 1195 3705 1266 quemadmo-

2055 1279 2196 1335 dum
2229 1281 2624 1352 impleamini,
2659 1298 2898 1337 rursum
2929 1283 3087 1338 idem
3119 1301 3154 1339 a
3184 1286 3483 1339 communi
3518 1302 3699 1341 sensu

2026 1368 2027 1371 “
2056 1371 2362 1440 reponitur
2393 1372 2484 1427 51
2532 1372 2606 1427 ad
2638 1372 2971 1443 Loquentes
3012 1379 3069 1428 et
3116 1373 3407 1429 Canentes
3440 1392 3507 1430 ac
3542 1375 3703 1431 Psal-

2052 1457 2243 1514 lentes
2272 1464 2332 1515 et
2360 1460 2587 1516 Gratias
2607 1462 3223 1534 agentes,itemquead
3243 1463 3532 1519 Subditi.«
3560 1463 3697 1529 Quae

2056 1548 2133 1603 sit
2178 1549 2450 1604 voluntas
2506 1550 2760 1606 Domini.
2821 1572 2849 1600 »
2885 1551 3167 1606 Voluntas
3228 1552 3463 1608 Domini
3496 1559 3585 1609 est
3635 1559 3702 1610 ut

2053 1655 2315 1710 praesens
2340 1644 2577 1711 tempus
2608 1639 2988 1695 redimamus.
3024 1663 3051 1690 «
3082 1643 3153 1696 Et
3181 1658 3256 1697 ne
3314 1640 3699 1698 inebriemini

2052 1728 2187 1783 vino
2222 1750 2249 1778 η
2268 1728 2481 1782 Vinum
2515 1728 2672 1783 enim
2705 1728 2779 1784 ad
2810 1728 3076 1785 laetitiam
3106 1730 3302 1798 datur,
3318 1748 3439 1787 non
3468 1731 3542 1788 ad
3564 1732 3702 1787 ine-

2052 1817 2426 1873 briationem.
2461 1839 2489 1867 α
2524 1818 2589 1872 In
2622 1834 2737 1889 quo
2755 1818 2999 1874 lascivia
3027 1826 3136 1874 est.
3168 1840 3195 1872 υ
3222 1821 3542 1877 Animosos
3564 1822 3705 1878 facit

2054 1922 2121 1961 ac
2154 1906 2499 1961 temerarios
2530 1912 2588 1960 et
2618 1905 2692 1961 ad
2723 1907 2955 1978 lapsum
2985 1908 3189 1964 faciles
3212 1926 3280 1965 ac
3311 1911 3599 1982 proclives
3626 1911 3702 1967 ad

2054 1993 2378 2049 lasciviam.
2402 2015 2430 2044 ι.
2466 1993 2577 2048 Sed
2598 1994 3027 2066 impleamini.»
3051 1998 3170 2063 Vis,
3197 1997 3411 2069 inquit,
3441 1999 3698 2071 impleri,

2055 2088 2114 2136 et
2154 2087 2220 2137 ut
2270 2083 2353 2137 ita
2399 2082 2592 2137 dicam
2641 2082 2977 2138 inebriari?
3017 2085 3135 2139 Hoc
3164 2087 3256 2141 fac
3286 2102 3392 2158 per
3415 2087 3699 2159 Spiritum

2053 2176 2347 2240 sanctum,
2380 2171 2928 2243 illoimpletusHoc
2943 2178 3143 2228 autem
3167 2175 3403 2247 eritper
3432 2176 3694 2247 psalmos

2054 2265 2113 2316 et
2135 2261 2818 2327 cantiones;cantiones
2848 2261 3093 2333 inquam
3141 2263 3497 2334 spirituales.
3549 2266 3701 2321 Sunt

2053 2349 2213 2404 enim
2245 2355 2304 2403 et
2333 2348 2662 2403 diabolicae.
2695 2371 2723 2399 «
2751 2350 2817 2404 In
2849 2350 3026 2406 corde
3050 2357 3259 2407 vestro.
3285 2373 3314 2403 ››
3348 2354 3474 2408 Non
3505 2353 3697 2409 solum

2051 2437 2113 2492 in
2128 2436 2709 2505 labiis,verumetiam
2726 2438 3055 2493 secundum
3077 2456 3198 2494 cor.
3212 2441 3307 2495 nIn
3327 2442 3567 2496 nomine
3587 2442 3699 2497 Do-

2051 2526 2198 2581 mini
2220 2525 2431 2580 nostri.
2461 2547 2489 2574 »
2521 2527 2665 2581 Nam
2691 2542 2794 2596 per
2821 2526 3038 2582 Christi
3063 2544 3284 2583 nomen
3306 2530 3507 2585 omnia
3527 2530 3701 2585 nobis

2050 2613 2418 2685 contingunt.
2441 2634 2469 2663 ‹‹
2502 2613 2731 2669 Subditi
2753 2615 3029 2670 vicissim.
3059 2637 3087 2666 ››
3106 2617 3351 2681 Quando
3369 2618 3528 2672 enim
3545 2619 3703 2689 quis-

2052 2718 2166 2774 que
2186 2702 2398 2773 cuique
2436 2701 2708 2758 subditus
2732 2703 2928 2764 fuerit.
2960 2703 3136 2776 idque
3161 2722 3279 2760 non
3304 2705 3377 2760 ob
3409 2724 3536 2761 rem
3585 2707 3695 2763 ali-

2052 2809 2229 2863 quam
2247 2792 2607 2848 mundanam
2623 2799 2728 2848 aut
2742 2793 3083 2863 absurdam,
3098 2795 3201 2850 sed
3222 2802 3465 2867 propter
3481 2797 3699 2854 Christi

2051 2882 2347 2949 timorem,
2375 2881 2519 2953 quid
2550 2882 2844 2954 reliquum
2867 2884 2980 2938 erit
2999 2884 3062 2939 in
3092 2884 3287 2940 medio
3317 2885 3546 2941 malum
3579 2888 3601 2941 ἒ

2719 2973 2948 3028 CAPUT
2994 2974 3087 3029 IX.

2054 3062 2357 3129 Descriptio
2386 3076 2672 3135 nume-rum
2709 3061 3069 3135 propriorum
3101 3069 3213 3118 tam
3242 3064 3326 3118 his
3357 3066 3457 3135 qui,
3499 3066 3699 3134 guber-

2123 3138 2330 3186 nantur
2350 3147 2516 3201 quam
2537 3131 2638 3201 qui
2656 3133 2967 3201 gubernant
2995 3135 3297 3189 secundum
3328 3131 3626 3192 Christum.

2122 3239 2384 3299 V,22~24.
2419 3258 2447 3285 ‹‹
2482 3238 2700 3292 Uxores
2723 3238 2979 3309 propriis
3008 3239 3149 3295 viris
3178 3239 3426 3296 subditaa
3458 3242 3585 3296 sitis
3606 3259 3700 3299 ve-

2052 3324 2207 3379 «luti
2240 3324 2792 3396 domino,quoniam
2816 3327 2903 3381 vir
2923 3333 3013 3382 est
3031 3333 3208 3399 caput
3224 3329 3695 3400 uxoris,quema-

2049 3436 2077 3463 «
2102 3413 2384 3469 dmodum
2420 3420 2478 3469 et
2508 3414 2770 3470 Christus
2800 3420 2891 3471 est
2916 3422 3093 3488 caput
3112 3417 3422 3474 Ecclesia);
3449 3424 3507 3473 et
3537 3418 3697 3475 idem

2050 3526 2077 3554 «
2112 3508 2202 3557 e‘st
2231 3503 2330 3574 qui
2364 3502 2618 3558 salutem
2647 3503 2747 3559 dat
2766 3504 3019 3577 corpori.
3061 3504 3173 3560 Sed
3233 3506 3386 3561 sicut
3439 3506 3699 3563 Ecclesia

2051 3615 2079 3642 «
2105 3591 2343 3648 subdita
2374 3598 2465 3648 est
2493 3593 2748 3661 Christo,
2771 3593 2855 3649 sic
2885 3600 2945 3648 et
2973 3611 3187 3650 uxores
3211 3595 3333 3650 suis
3383 3595 3524 3651 viris
3558 3595 3702 3651 sub-

2052 3703 2079 3731 «
2114 3680 2250 3735 ditas
2281 3681 2398 3735 sint
2426 3680 2489 3736 in
2521 3682 2827 3737 omnibus.
2858 3703 2886 3731 ››

2124 3771 2266 3826 Nam
2301 3770 2349 3824 si
2382 3770 2441 3824 hi
2468 3786 2673 3841 pacem
2696 3771 2852 3824 inter
2881 3786 2942 3825 se
2982 3771 3324 3840 habuerint,
3345 3777 3467 3828 tota
3490 3773 3701 3828 domus

2052 3875 2263 3929 pacem
2288 3858 2547 3926 habebit,
2583 3865 2640 3913 et
2669 3875 2878 3914 omnes
2936 3860 3189 3914 utilitate
3238 3861 3514 3915 fruentur
3570 3877 3701 3932 qua:

2053 3947 2191 4001 inde
2224 3947 2663 4018 subsequitum:
2686 3948 2876 4003 Veluti
2902 3948 3167 4005 domino.
3203 3949 3451 4021 nPapaal
3479 3956 3703 4020 quanta

2067 4034 2762 4106 subjectionisintensio!
2794 4036 3098 4102 Quomodo
3148 4053 3284 4110 ergo
3343 4036 3487 4093 dicit
3531 4039 3696 4094 Chri-

2056 4130 2182 4179 stus
2207 4141 2220 4180 :
2247 4123 2366 4179 Nisi
2385 4125 2519 4195 quis
2552 4131 2857 4197 separatus
2887 4126 3067 4180 fuerit
3094 4125 3166 4181 ab
3185 4143 3368 4183 uxore
3408 4127 3509 4185 52
3532 4133 3636 4184 aut
3664 4145 3699 4185 a

2054 4211 2178 4266 viro
2218 4228 2339 4266 non
2371 4217 2566 4283 potest
2611 4229 2705 4267 me
2766 4215 2934 4285 sequi
2958 4214 3072 4268 ’3‘?
3119 4216 3188 4268 Et
3242 4215 3494 4271 dicimus
3545 4217 3705 4288 quod

2056 4300 2235 4356 dictio
2267 4298 2341 4360 ὡς
2366 4317 2485 4355 non
2508 4301 2910 4357 omnimodam
2938 4302 3207 4375 designat
3221 4303 3702 4363 similitudinem.

2057 4391 2173 4443 Aut
2197 4389 2308 4443 hoc
2350 4388 2513 4443 ducit
2544 4407 2556 4444 :
2594 4390 2783 4445 Veluti
2836 4391 3091 4446 scientes
3122 4389 3282 4461 quod
3334 4391 3394 4446 in
3447 4392 3555 4446 hoc
3585 4393 3708 4447 sint

2059 4477 2597 4533 subdithhristo.
2632 4501 2660 4528 (ι
2717 4480 2783 4534 Et
2832 4480 2988 4535 idem
3044 4487 3135 4535 est
3180 4480 3280 4552 qui
3308 4479 3561 4535 salutem
3608 4481 3710 4538 dat

2059 4567 2313 4638 corpori.
2343 4588 2371 4617 »
2405 4569 2473 4621 Et
2503 4567 2661 4623 idem
2683 4574 2774 4624 est
2804 4571 2910 4624 vir.
2941 4570 3176 4627 Etenim
3205 4576 3383 4638 caput
3411 4569 3571 4625 salus
3614 4576 3705 4625 est

296 4659 431 4731 κροὺ
467 4654 564 4716 τὰς
596 4654 768 4715 πασας
799 4654 1076 4726 αἰσθήσεις
1134 4649 1344 4732 ἕχοὺσα
1398 4656 1450 4712 ἐν
1507 4658 1717 4731 ἑαυτῇο·
1755 4657 1943 4714 οὐκοῦν

2058 4658 2271 4729 reliqui
2304 4658 2591 4729 corporis,
2625 4676 2836 4715 omnes
2887 4677 3038 4732 pene
3069 4678 3279 4718 sensus
3333 4661 3396 4716 in
3431 4678 3492 4716 se
3521 4662 3707 4716 conti-

296 4743 387 4799 καὶ
418 4745 447 4799 ὁ
477 4742 615 4817 ἀνὴρ
644 4749 743 4812 τῆς
775 4745 1052 4817 γυναικός.
1084 4747 1222 4821 Ὅρα
1278 4744 1368 4800 καὶ
1420 4751 1538 4808 πῶς
1596 4748 1658 4802 τὸ
1714 4747 1941 4822 ἀρχικὸν

301 4833 392 4888 καὶ
420 4832 784 4908 προνοητικὸν
811 4832 1070 4907 ἀπένειμε
1124 4839 1204 4906 τῷ
1242 4832 1418 4912 ἀνδρὶ,
1475 4837 1539 4890 τὸ
1597 4833 1654 4891 δὲ
1711 4837 1945 4893 εἱκτικὸν

299 4927 370 4998 τῇ
400 4924 632 4999 γυναικί.
671 4949 692 4975 ι
729 4922 890 4979 Ἀλλ’
923 4923 1104 4997 ὥσπερ
1136 4926 1170 4993 ἡ
1231 4922 1532 4991 Ἐκκλησία
1592 4925 1943 4982 ὑποτάσσεται

302 5016 381 5085 τῷ
404 5016 637 5087 Χριστῷ.
667 5037 695 5065 ›ι
727 5013 804 5069 Τὸ
865 5013 1002 5067 ἅπαν
1058 5009 1292 5081 πλῆθος.
1352 5013 1440 5068 Ἐν
1499 5013 1601 5089 γὰρ
1655 5019 1771 5077 τοῖς
1828 5017 1946 5079 καθ’

300 5101 522 5159 ’ἑκαστον
555 5099 634 5159 ἔνι
660 5102 751 5158 καὶ
782 5102 1166 5165 ἀνυπότακτος.

371 5285 435 5339 Οἱ
491 5281 704 5357 ἄνδρες,
762 5282 1001 5359 ἀγαπᾶτε
1061 5282 1157 5344 τὰς
1206 5287 1461 5358 γυναῖκας
1536 5283 1763 5355 ἑαυτῶν,
1820 5286 1947 5340 καθ-

293 5376 376 5438 ὼς
429 5373 522 5429 καὶ
581 5373 609 5428 ὁ
666 5372 896 5442 Χριστὸς
952 5372 1209 5443 ἠγάπησε
1265 5374 1365 5441 τὴν
1447 5371 1799 5444 Ἐκκλησίαν,
1857 5374 1948 5429 καὶ

301 5462 490 5518 ἑαυτὸν
547 5457 855 5536 παρέδωκεν
918 5460 1052 5534 ὑπὲρ
1111 5459 1310 5531 αὐτῆς,
1359 5458 1447 5515 ’ίνα
1503 5462 1669 5533 αὐτὴν
1728 5463 1945 5537 ἁγιάσῃ,

302 5550 597 5625 καθαρίσας
673 5554 753 5622 τῷ
831 5547 1051 5625 λουτρῷ
1130 5553 1228 5605 τοῦ
1303 5547 1498 5613 ὕδατος
1575 5549 1627 5607 ἐν
1714 5553 1946 5627 ῥήματι,

377 5710 420 5746 ³¹
454 5712 614 5767 Matt.
647 5728 696 5781 ν,
731 5713 797 5765 34
870 5712 939 5747 ³³*
971 5712 1105 5765 Luc.
1140 5727 1251 5777 xxv,
1283 5713 1370 5765 26.

2054 4764 2243 4802 nens:
2285 4747 2534 4818 proinde
2558 4754 2616 4802 et
2672 4748 2776 4814 vir,
2812 4750 3033 4806 uxoris.
3067 4750 3483 4806 Animadverte
3504 4759 3707 4806 autem

2056 4837 2350 4909 quomodo
2377 4837 2779 4909 principatum
2809 4856 2877 4895 ac
2906 4841 3342 4912 providentiam
3377 4842 3500 4897 viro
3514 4842 3713 4898 distri-

2058 4926 2205 4991 buit,
2237 4925 2673 4997 subjectionem
2702 4945 2837 4983 vero
2898 4931 3089 4985 uxori.
3123 4953 3151 4981 ‹‹
3186 4930 3298 4986 Sed
3328 4930 3711 5002 quemadmo-

2058 5016 2200 5071 dum
2233 5014 2497 5071 Ecclesia
2540 5017 2779 5073 subdita
2827 5025 2917 5074 est
2944 5019 3197 5076 Christo.
3232 5042 3260 5069 »
3294 5021 3413 5075 Hoc
3444 5025 3554 5088 est,
3590 5026 3712 5078 tota

2056 5103 2400 5160 multitudo.
2434 5106 2577 5160 Nam
2609 5106 2764 5161 inter
2794 5108 3060 5179 singulos
3082 5109 3132 5163 is
3155 5108 3335 5164 etiam
3367 5108 3708 5164 continetur

2058 5193 2159 5265 qui
2191 5192 2546 5249 inobedieus
2581 5200 2691 5250 est.
3438 5246 3445 5255 .

2130 5284 2191 5343 V.
2222 5283 2446 5338 25-33.:
2470 5284 2608 5351 Viri,
2643 5284 2866 5359 diligite
2898 5302 3110 5341 uxores
3140 5291 3389 5354 vestras,
3442 5286 3594 5341 sicut
3651 5292 3711 5342 et

2058 5397 2086 5425 α
2102 5371 2586 5429 Christusdilexit
2607 5376 3417 5448 Ecclesiam,etsemetipsum
3437 5377 3711 5448 exposuit

2062 5477 2209 5533 «pro
2232 5479 2321 5529 ea,
2357 5471 2420 5517 ut
2442 5465 2606 5520 illam
2627 5466 3026 5520 sanctiﬁcaret
3046 5471 3106 5521 et
3135 5464 3453 5520 mundaret
3474 5465 3706 5521 lavacro

2062 5578 2089 5605 ‹‹
2107 5572 2275 5626 aquae
2288 5572 2396 5628 per
2416 5554 2747 5610 verbumzut
2761 5553 3068 5611 adhiberet
3088 5570 3219 5610 eam
3238 5553 3348 5609 sibi
3364 5553 3474 5625 ipsi
3493 5554 3709 5627 glorio-
