  <div class='ocr_page' id='page_1' title='image "/cluster/home/n/w/nwhite01/storage/ocr_20150623/118/mdp.39015078384297/629.png"; bbox 0 0 4072 6266; ppageno 0'>
   <div class='ocr_carea' id='block_1_1' title="bbox 461 414 613 475">
    <p class='ocr_par' dir='ltr' id='par_1_1' title="bbox 461 414 613 475">
     <span class='ocr_line' id='line_1_1' title="bbox 461 414 613 475; baseline 0.02 -3"><span class='ocrx_word' id='word_1_1' title='bbox 461 414 613 475; x_wconf 72' lang='grc'><strong>1243</strong></span> 
     </span>
    </p>
   </div>
   <div class='ocr_carea' id='block_1_2' title="bbox 457 632 2099 710">
    <p class='ocr_par' dir='ltr' id='par_1_2' title="bbox 457 632 2099 710">
     <span class='ocr_line' id='line_1_2' title="bbox 457 632 2099 710; baseline -0.004 -15"><span class='ocrx_word' id='word_1_2' title='bbox 457 662 485 691; x_wconf 79' lang='grc' dir='ltr'>ι(</span> <span class='ocrx_word' id='word_1_3' title='bbox 504 644 607 695; x_wconf 88' lang='lat' dir='ltr'><strong>aut</strong></span> <span class='ocrx_word' id='word_1_4' title='bbox 619 638 942 710; x_wconf 78' lang='lat' dir='ltr'><strong>quidquam</strong></span> <span class='ocrx_word' id='word_1_5' title='bbox 958 635 1385 709; x_wconf 67' lang='lat' dir='ltr'><strong>ejusmodised</strong></span> <span class='ocrx_word' id='word_1_6' title='bbox 1402 642 1463 691; x_wconf 87' lang='lat' dir='ltr'><strong>ut</strong></span> <span class='ocrx_word' id='word_1_7' title='bbox 1481 640 1638 691; x_wconf 84' lang='lat' dir='ltr'><strong>esset</strong></span> <span class='ocrx_word' id='word_1_8' title='bbox 1656 639 1858 690; x_wconf 88' lang='lat' dir='ltr'><strong>sancta</strong></span> <span class='ocrx_word' id='word_1_9' title='bbox 1872 639 1929 689; x_wconf 91' lang='lat' dir='ltr'><strong>et</strong></span> <span class='ocrx_word' id='word_1_10' title='bbox 1949 632 2099 689; x_wconf 82' lang='lat' dir='ltr'><strong>irre-</strong></span> 
     </span>
    </p>
   </div>
   <div class='ocr_carea' id='block_1_3' title="bbox 457 724 2104 801">
    <p class='ocr_par' dir='ltr' id='par_1_3' title="bbox 457 724 2104 801">
     <span class='ocr_line' id='line_1_3' title="bbox 457 724 2104 801; baseline -0.002 -22"><span class='ocrx_word' id='word_1_11' title='bbox 457 750 487 779; x_wconf 84' lang='lat'><strong>«</strong></span> <span class='ocrx_word' id='word_1_12' title='bbox 505 725 1047 801; x_wconf 87' lang='lat' dir='ltr'><strong>prehensibilis.Sic</strong></span> <span class='ocrx_word' id='word_1_13' title='bbox 1064 724 1467 781; x_wconf 83' lang='lat' dir='ltr'><strong>debentetviri</strong></span> <span class='ocrx_word' id='word_1_14' title='bbox 1488 725 1731 797; x_wconf 76' lang='lat' dir='ltr'><strong>diligere</strong></span> <span class='ocrx_word' id='word_1_15' title='bbox 1745 739 1879 778; x_wconf 87' lang='lat' dir='ltr'><strong>suas</strong></span> <span class='ocrx_word' id='word_1_16' title='bbox 1890 736 2104 778; x_wconf 84' lang='lat' dir='ltr'><strong>uxores</strong></span> 
     </span>
    </p>
   </div>
   <div class='ocr_carea' id='block_1_4' title="bbox 456 805 2106 888">
    <p class='ocr_par' dir='ltr' id='par_1_4' title="bbox 456 805 2106 888">
     <span class='ocr_line' id='line_1_4' title="bbox 456 805 2106 888; baseline -0.002 -20"><span class='ocrx_word' id='word_1_17' title='bbox 456 823 674 872; x_wconf 79' lang='lat' dir='ltr'><strong>«utsua</strong></span> <span class='ocrx_word' id='word_1_18' title='bbox 689 816 949 888; x_wconf 87' lang='lat' dir='ltr'><strong>ipsorum</strong></span> <span class='ocrx_word' id='word_1_19' title='bbox 964 812 1344 887; x_wconf 89' lang='lat' dir='ltr'><strong>corpora.Qui</strong></span> <span class='ocrx_word' id='word_1_20' title='bbox 1358 805 2106 885; x_wconf 82' lang='lat' dir='ltr'><strong>diligitsuamuxorem,sei-</strong></span> 
     </span>
    </p>
   </div>
   <div class='ocr_carea' id='block_1_5' title="bbox 457 902 2104 978">
    <p class='ocr_par' dir='ltr' id='par_1_5' title="bbox 457 902 2104 978">
     <span class='ocr_line' id='line_1_5' title="bbox 457 902 2104 978; baseline -0.001 -21"><span class='ocrx_word' id='word_1_21' title='bbox 457 928 488 958; x_wconf 85' lang='grc'>‹‹</span> <span class='ocrx_word' id='word_1_22' title='bbox 506 923 678 978; x_wconf 90' lang='lat' dir='ltr'><strong>psum</strong></span> <span class='ocrx_word' id='word_1_23' title='bbox 692 903 903 978; x_wconf 89' lang='lat' dir='ltr'><strong>diligit.</strong></span> <span class='ocrx_word' id='word_1_24' title='bbox 929 902 1135 959; x_wconf 79' lang='lat' dir='ltr'><strong>Nullus</strong></span> <span class='ocrx_word' id='word_1_25' title='bbox 1156 902 1314 959; x_wconf 91' lang='lat' dir='ltr'><strong>enim</strong></span> <span class='ocrx_word' id='word_1_26' title='bbox 1337 918 1504 958; x_wconf 89' lang='lat' dir='ltr'><strong>suam</strong></span> <span class='ocrx_word' id='word_1_27' title='bbox 1524 902 1710 975; x_wconf 84' lang='lat' dir='ltr'><strong>ipsius</strong></span> <span class='ocrx_word' id='word_1_28' title='bbox 1730 916 1967 956; x_wconf 88' lang='lat' dir='ltr'><strong>carnem</strong></span> <span class='ocrx_word' id='word_1_29' title='bbox 1992 916 2104 955; x_wconf 91' lang='lat' dir='ltr'><strong>un-</strong></span> 
     </span>
    </p>
   </div>
   <div class='ocr_carea' id='block_1_6' title="bbox 456 990 2104 1067">
    <p class='ocr_par' dir='ltr' id='par_1_6' title="bbox 456 990 2104 1067">
     <span class='ocr_line' id='line_1_6' title="bbox 456 990 2104 1067; baseline -0.003 -19"><span class='ocrx_word' id='word_1_30' title='bbox 456 1018 484 1048; x_wconf 80' lang='lat'><em>«</em></span> <span class='ocrx_word' id='word_1_31' title='bbox 502 1012 676 1067; x_wconf 86' lang='lat' dir='ltr'><strong>quam</strong></span> <span class='ocrx_word' id='word_1_32' title='bbox 694 993 828 1049; x_wconf 91' lang='lat' dir='ltr'><strong>odio</strong></span> <span class='ocrx_word' id='word_1_33' title='bbox 842 993 1066 1055; x_wconf 83' lang='lat' dir='ltr'><strong>habuit,</strong></span> <span class='ocrx_word' id='word_1_34' title='bbox 1085 992 1205 1047; x_wconf 91' lang='lat' dir='ltr'><strong>imo</strong></span> <span class='ocrx_word' id='word_1_35' title='bbox 1220 991 1521 1047; x_wconf 90' lang='lat' dir='ltr'><strong>enutritac</strong></span> <span class='ocrx_word' id='word_1_36' title='bbox 1545 990 2025 1058; x_wconf 83' lang='lat' dir='ltr'><strong>foveteam,sicut</strong></span> <span class='ocrx_word' id='word_1_37' title='bbox 2045 993 2104 1044; x_wconf 89' lang='lat' dir='ltr'><strong>et</strong></span> 
     </span>
    </p>
   </div>
   <div class='ocr_carea' id='block_1_7' title="bbox 457 1079 2099 1147">
    <p class='ocr_par' dir='ltr' id='par_1_7' title="bbox 457 1079 2099 1147">
     <span class='ocr_line' id='line_1_7' title="bbox 457 1079 2099 1147; baseline -0.002 -10"><span class='ocrx_word' id='word_1_38' title='bbox 457 1108 485 1137; x_wconf 86' lang='lat'>«</span> <span class='ocrx_word' id='word_1_39' title='bbox 502 1083 785 1140; x_wconf 87' lang='lat' dir='ltr'><strong>Dominus</strong></span> <span class='ocrx_word' id='word_1_40' title='bbox 798 1081 1141 1138; x_wconf 86' lang='lat' dir='ltr'><strong>Ecclesiam.</strong></span> <span class='ocrx_word' id='word_1_41' title='bbox 1168 1081 1457 1147; x_wconf 81' lang='lat' dir='ltr'><strong>Quoniam</strong></span> <span class='ocrx_word' id='word_1_42' title='bbox 1475 1079 1741 1135; x_wconf 89' lang='lat' dir='ltr'><strong>membra</strong></span> <span class='ocrx_word' id='word_1_43' title='bbox 1758 1095 1962 1134; x_wconf 88' lang='lat' dir='ltr'><strong>sumus</strong></span> <span class='ocrx_word' id='word_1_44' title='bbox 1974 1095 2099 1133; x_wconf 87' lang='lat' dir='ltr'><strong>cor-</strong></span> 
     </span>
    </p>
   </div>
   <div class='ocr_carea' id='block_1_8' title="bbox 455 1166 2102 1247">
    <p class='ocr_par' dir='ltr' id='par_1_8' title="bbox 455 1166 2102 1247">
     <span class='ocr_line' id='line_1_8' title="bbox 455 1166 2102 1247; baseline -0.002 -22"><span class='ocrx_word' id='word_1_45' title='bbox 455 1197 484 1225; x_wconf 84' lang='lat'><strong>«</strong></span> <span class='ocrx_word' id='word_1_46' title='bbox 505 1173 962 1247; x_wconf 84' lang='lat' dir='ltr'><strong>porisipsius,ex</strong></span> <span class='ocrx_word' id='word_1_47' title='bbox 977 1187 1152 1226; x_wconf 87' lang='lat' dir='ltr'><strong>carne</strong></span> <span class='ocrx_word' id='word_1_48' title='bbox 1168 1169 1295 1241; x_wconf 82' lang='lat' dir='ltr'><strong>ejus</strong></span> <span class='ocrx_word' id='word_1_49' title='bbox 1309 1174 1368 1225; x_wconf 89' lang='lat' dir='ltr'><strong>et</strong></span> <span class='ocrx_word' id='word_1_50' title='bbox 1388 1185 1455 1225; x_wconf 83' lang='lat' dir='ltr'><strong>ex</strong></span> <span class='ocrx_word' id='word_1_51' title='bbox 1487 1168 1718 1224; x_wconf 87' lang='lat' dir='ltr'><strong>ossibus</strong></span> <span class='ocrx_word' id='word_1_52' title='bbox 1742 1168 2010 1241; x_wconf 88' lang='lat' dir='ltr'><strong>ejus.Pro</strong></span> <span class='ocrx_word' id='word_1_53' title='bbox 2029 1166 2102 1221; x_wconf 83' lang='lat' dir='ltr'><strong>il-</strong></span> 
     </span>
    </p>
   </div>
   <div class='ocr_carea' id='block_1_9' title="bbox 456 1255 2100 1333">
    <p class='ocr_par' dir='ltr' id='par_1_9' title="bbox 456 1255 2100 1333">
     <span class='ocr_line' id='line_1_9' title="bbox 456 1255 2100 1333; baseline -0.003 -18"><span class='ocrx_word' id='word_1_54' title='bbox 456 1286 483 1315; x_wconf 72' lang='grc' dir='ltr'>(ι</span> <span class='ocrx_word' id='word_1_55' title='bbox 502 1261 559 1317; x_wconf 92' lang='lat' dir='ltr'><strong>lo</strong></span> <span class='ocrx_word' id='word_1_56' title='bbox 581 1262 926 1333; x_wconf 82' lang='lat' dir='ltr'><strong>:Relinquet</strong></span> <span class='ocrx_word' id='word_1_57' title='bbox 939 1260 1115 1315; x_wconf 85' lang='lat' dir='ltr'><strong>homo</strong></span> <span class='ocrx_word' id='word_1_58' title='bbox 1132 1265 1360 1331; x_wconf 78' lang='lat' dir='ltr'><strong>patrem</strong></span> <span class='ocrx_word' id='word_1_59' title='bbox 1375 1274 1545 1314; x_wconf 90' lang='lat' dir='ltr'><strong>suum</strong></span> <span class='ocrx_word' id='word_1_60' title='bbox 1561 1264 1618 1312; x_wconf 88' lang='lat' dir='ltr'><strong>et</strong></span> <span class='ocrx_word' id='word_1_61' title='bbox 1632 1263 1902 1327; x_wconf 84' lang='lat' dir='ltr'><strong>matrem,</strong></span> <span class='ocrx_word' id='word_1_62' title='bbox 1928 1260 1984 1311; x_wconf 89' lang='lat' dir='ltr'><strong>et</strong></span> <span class='ocrx_word' id='word_1_63' title='bbox 1997 1255 2069 1311; x_wconf 90' lang='lat' dir='ltr'><strong>ad</strong></span> <span class='ocrx_word' id='word_1_64' title='bbox 2082 1286 2100 1299; x_wconf 87' lang='lat'><strong>-</strong></span> 
     </span>
    </p>
   </div>
   <div class='ocr_carea' id='block_1_10' title="bbox 459 1344 2104 1417">
    <p class='ocr_par' dir='ltr' id='par_1_10' title="bbox 459 1344 2104 1417">
     <span class='ocr_line' id='line_1_10' title="bbox 459 1344 2104 1417; baseline -0.002 -14"><span class='ocrx_word' id='word_1_65' title='bbox 459 1373 486 1403; x_wconf 83' lang='lat'>«</span> <span class='ocrx_word' id='word_1_66' title='bbox 506 1348 933 1406; x_wconf 76' lang='lat' dir='ltr'><strong>hmrebituxori</strong></span> <span class='ocrx_word' id='word_1_67' title='bbox 949 1365 1068 1403; x_wconf 67' lang='lat' dir='ltr'><strong>sua)</strong></span> <span class='ocrx_word' id='word_1_68' title='bbox 1080 1354 1156 1413; x_wconf 86' lang='lat' dir='ltr'><strong>,et</strong></span> <span class='ocrx_word' id='word_1_69' title='bbox 1173 1350 1346 1403; x_wconf 89' lang='lat' dir='ltr'><strong>erunt</strong></span> <span class='ocrx_word' id='word_1_70' title='bbox 1358 1345 1474 1402; x_wconf 91' lang='lat' dir='ltr'><strong>duo</strong></span> <span class='ocrx_word' id='word_1_71' title='bbox 1488 1344 1547 1401; x_wconf 90' lang='lat' dir='ltr'><strong>in</strong></span> <span class='ocrx_word' id='word_1_72' title='bbox 1562 1362 1738 1401; x_wconf 90' lang='lat' dir='ltr'><strong>carne</strong></span> <span class='ocrx_word' id='word_1_73' title='bbox 1752 1345 2104 1417; x_wconf 86' lang='lat' dir='ltr'><strong>una.Myste-</strong></span> 
     </span>
    </p>
   </div>
   <div class='ocr_carea' id='block_1_11' title="bbox 455 1434 2100 1512">
    <p class='ocr_par' dir='ltr' id='par_1_11' title="bbox 455 1434 2100 1512">
     <span class='ocr_line' id='line_1_11' title="bbox 455 1434 2100 1512; baseline -0.002 -20"><span class='ocrx_word' id='word_1_74' title='bbox 455 1440 656 1496; x_wconf 80' lang='lat' dir='ltr'><strong>«rium</strong></span> <span class='ocrx_word' id='word_1_75' title='bbox 673 1440 783 1495; x_wconf 91' lang='lat' dir='ltr'><strong>hoc</strong></span> <span class='ocrx_word' id='word_1_76' title='bbox 798 1454 1075 1512; x_wconf 88' lang='lat' dir='ltr'><strong>magnum</strong></span> <span class='ocrx_word' id='word_1_77' title='bbox 1090 1442 1209 1493; x_wconf 90' lang='lat' dir='ltr'><strong>est:</strong></span> <span class='ocrx_word' id='word_1_78' title='bbox 1227 1451 1429 1492; x_wconf 86' lang='lat' dir='ltr'><strong>verum</strong></span> <span class='ocrx_word' id='word_1_79' title='bbox 1446 1452 1549 1509; x_wconf 91' lang='lat' dir='ltr'><strong>ego</strong></span> <span class='ocrx_word' id='word_1_80' title='bbox 1566 1436 1774 1508; x_wconf 88' lang='lat' dir='ltr'><strong>loquor</strong></span> <span class='ocrx_word' id='word_1_81' title='bbox 1787 1435 1859 1491; x_wconf 90' lang='lat' dir='ltr'><strong>de</strong></span> <span class='ocrx_word' id='word_1_82' title='bbox 1872 1434 2100 1490; x_wconf 81' lang='lat' dir='ltr'><strong>Christo</strong></span> 
     </span>
    </p>
   </div>
   <div class='ocr_carea' id='block_1_12' title="bbox 451 1522 2102 1598">
    <p class='ocr_par' dir='ltr' id='par_1_12' title="bbox 451 1522 2102 1598">
     <span class='ocr_line' id='line_1_12' title="bbox 451 1522 2102 1598; baseline -0.002 -16"><span class='ocrx_word' id='word_1_83' title='bbox 451 1549 482 1582; x_wconf 83' lang='lat'>«</span> <span class='ocrx_word' id='word_1_84' title='bbox 503 1534 561 1583; x_wconf 89' lang='lat' dir='ltr'><strong>et</strong></span> <span class='ocrx_word' id='word_1_85' title='bbox 606 1527 679 1584; x_wconf 92' lang='lat' dir='ltr'><strong>de</strong></span> <span class='ocrx_word' id='word_1_86' title='bbox 718 1527 999 1583; x_wconf 80' lang='lat' dir='ltr'><strong>Ecclesia.</strong></span> <span class='ocrx_word' id='word_1_87' title='bbox 1032 1525 1377 1598; x_wconf 86' lang='lat' dir='ltr'><strong>Quanquam</strong></span> <span class='ocrx_word' id='word_1_88' title='bbox 1395 1531 1454 1581; x_wconf 91' lang='lat' dir='ltr'><strong>et</strong></span> <span class='ocrx_word' id='word_1_89' title='bbox 1492 1539 1591 1581; x_wconf 87' lang='lat' dir='ltr'><strong>vos</strong></span> <span class='ocrx_word' id='word_1_90' title='bbox 1615 1522 1956 1597; x_wconf 75' lang='lat' dir='ltr'><strong>singulatim</strong></span> <span class='ocrx_word' id='word_1_91' title='bbox 1990 1523 2102 1579; x_wconf 92' lang='lat' dir='ltr'><strong>hoc</strong></span> 
     </span>
    </p>
   </div>
   <div class='ocr_carea' id='block_1_13' title="bbox 450 1612 2099 1692">
    <p class='ocr_par' dir='ltr' id='par_1_13' title="bbox 450 1612 2099 1692">
     <span class='ocr_line' id='line_1_13' title="bbox 450 1612 2099 1692; baseline -0.001 -24"><span class='ocrx_word' id='word_1_92' title='bbox 450 1640 480 1669; x_wconf 84' lang='lat'>«</span> <span class='ocrx_word' id='word_1_93' title='bbox 494 1624 768 1690; x_wconf 81' lang='lat' dir='ltr'><strong>praestate</strong></span> <span class='ocrx_word' id='word_1_94' title='bbox 784 1622 850 1672; x_wconf 84' lang='lat' dir='ltr'><strong>ut</strong></span> <span class='ocrx_word' id='word_1_95' title='bbox 870 1631 1038 1673; x_wconf 90' lang='lat' dir='ltr'><strong>suam</strong></span> <span class='ocrx_word' id='word_1_96' title='bbox 1056 1618 1569 1692; x_wconf 21' lang='lat' dir='ltr'><strong>quisque&#39;uxoram</strong></span> <span class='ocrx_word' id='word_1_97' title='bbox 1592 1612 1798 1687; x_wconf 84' lang='lat' dir='ltr'><strong>diligat</strong></span> <span class='ocrx_word' id='word_1_98' title='bbox 1817 1620 2099 1685; x_wconf 82' lang='lat' dir='ltr'><strong>tanquam</strong></span> 
     </span>
    </p>
   </div>
   <div class='ocr_carea' id='block_1_14' title="bbox 450 1702 1969 1779">
    <p class='ocr_par' dir='ltr' id='par_1_14' title="bbox 450 1702 1969 1779">
     <span class='ocr_line' id='line_1_14' title="bbox 450 1702 1969 1779; baseline -0.005 -16"><span class='ocrx_word' id='word_1_99' title='bbox 450 1730 479 1758; x_wconf 83' lang='lat'><strong>«</strong></span> <span class='ocrx_word' id='word_1_100' title='bbox 514 1708 800 1779; x_wconf 90' lang='lat' dir='ltr'><strong>seipsum,</strong></span> <span class='ocrx_word' id='word_1_101' title='bbox 832 1721 979 1762; x_wconf 85' lang='lat' dir='ltr'><strong>uxor</strong></span> <span class='ocrx_word' id='word_1_102' title='bbox 1003 1711 1195 1762; x_wconf 88' lang='lat' dir='ltr'><strong>autem</strong></span> <span class='ocrx_word' id='word_1_103' title='bbox 1228 1710 1295 1761; x_wconf 91' lang='lat' dir='ltr'><strong>ut</strong></span> <span class='ocrx_word' id='word_1_104' title='bbox 1333 1709 1675 1761; x_wconf 79' lang='lat' dir='ltr'><strong>revereatur</strong></span> <span class='ocrx_word' id='word_1_105' title='bbox 1702 1702 1913 1759; x_wconf 89' lang='lat' dir='ltr'><strong>virum.</strong></span> <span class='ocrx_word' id='word_1_106' title='bbox 1941 1722 1969 1753; x_wconf 86' lang='grc'><strong>››</strong></span> 
     </span>
    </p>
   </div>
   <div class='ocr_carea' id='block_1_15' title="bbox 1572 404 2743 472">
    <p class='ocr_par' dir='ltr' id='par_1_15' title="bbox 1572 404 2743 472">
     <span class='ocr_line' id='line_1_15' title="bbox 1572 404 2743 472; baseline 0 -1"><span class='ocrx_word' id='word_1_107' title='bbox 1572 405 1992 472; x_wconf 79' lang='lat' dir='ltr'><strong>(ECUMENII</strong></span> <span class='ocrx_word' id='word_1_108' title='bbox 2039 404 2346 468; x_wconf 66' lang='lat' dir='ltr'><strong>TRICCE</strong></span> <span class='ocrx_word' id='word_1_109' title='bbox 2388 404 2743 471; x_wconf 79' lang='lat' dir='ltr'><strong>EPISCOPI</strong></span> 
     </span>
    </p>
   </div>
   <div class='ocr_carea' id='block_1_16' title="bbox 457 536 2094 616">
    <p class='ocr_par' dir='ltr' id='par_1_16' title="bbox 457 543 2094 615">
     <span class='ocr_line' id='line_1_16' title="bbox 457 543 2094 615; baseline -0.004 -12"><span class='ocrx_word' id='word_1_110' title='bbox 457 564 657 607; x_wconf 81' lang='lat' dir='ltr'><strong>«suam</strong></span> <span class='ocrx_word' id='word_1_111' title='bbox 668 547 1141 615; x_wconf 88' lang='lat' dir='ltr'><strong>Ecclesiam,non</strong></span> <span class='ocrx_word' id='word_1_112' title='bbox 1159 544 1477 602; x_wconf 87' lang='lat' dir='ltr'><strong>habentem</strong></span> <span class='ocrx_word' id='word_1_113' title='bbox 1496 543 1784 600; x_wconf 89' lang='lat' dir='ltr'><strong>maculam</strong></span> <span class='ocrx_word' id='word_1_114' title='bbox 1798 546 2094 615; x_wconf 79' lang='lat' dir='ltr'><strong>autrugau</strong></span> 
     </span>
    </p>
   </div>
   <div class='ocr_carea' id='block_1_17' title="bbox 2201 536 2685 616">
    <p class='ocr_par' dir='ltr' id='par_1_17' title="bbox 2216 536 2685 616">
     <span class='ocr_line' id='line_1_17' title="bbox 2216 536 2685 616; baseline 0.013 -24"><span class='ocrx_word' id='word_1_115' title='bbox 2216 536 2308 594; x_wconf 77' lang='grc' dir='ltr'>⁹ίνα</span> <span class='ocrx_word' id='word_1_116' title='bbox 2364 543 2685 616; x_wconf 71' lang='grc' dir='ltr'><strong>παραστήσῃ</strong></span> 
     </span>
    </p>
   </div>
   <div class='ocr_carea' id='block_1_18' title="bbox 3688 407 3799 470">
    <p class='ocr_par' dir='ltr' id='par_1_18' title="bbox 3688 407 3799 470">
     <span class='ocr_line' id='line_1_18' title="bbox 3688 407 3799 470; baseline 0.009 -1"><span class='ocrx_word' id='word_1_117' title='bbox 3688 407 3799 470; x_wconf 75' lang='lat' dir='ltr'><strong>nu</strong></span> 
     </span>
    </p>
   </div>
   <div class='ocr_carea' id='block_1_19' title="bbox 2790 536 3806 614">
    <p class='ocr_par' dir='ltr' id='par_1_19' title="bbox 2790 536 3806 614">
     <span class='ocr_line' id='line_1_19' title="bbox 2790 536 3806 614; baseline 0.003 -18"><span class='ocrx_word' id='word_1_118' title='bbox 2790 542 2961 612; x_wconf 79' lang='grc' dir='ltr'>αὐτὴν</span> <span class='ocrx_word' id='word_1_119' title='bbox 3036 538 3213 614; x_wconf 64' lang='grc' dir='ltr'>ἑαυτῷ</span> <span class='ocrx_word' id='word_1_120' title='bbox 3282 536 3498 612; x_wconf 77' lang='grc' dir='ltr'>ἔνδοξον</span> <span class='ocrx_word' id='word_1_121' title='bbox 3566 542 3659 610; x_wconf 73' lang='grc' dir='ltr'>τήν</span> <span class='ocrx_word' id='word_1_122' title='bbox 3720 543 3806 599; x_wconf 79' lang='grc' dir='ltr'><strong>Ὲι-</strong></span> 
     </span>
    </p>
   </div>
   <div class='ocr_carea' id='block_1_20' title="bbox 2206 630 3803 709">
    <p class='ocr_par' dir='ltr' id='par_1_20' title="bbox 2206 630 3803 709">
     <span class='ocr_line' id='line_1_20' title="bbox 2206 630 3803 709; baseline 0.002 -23"><span class='ocrx_word' id='word_1_123' title='bbox 2206 631 2465 702; x_wconf 80' lang='grc' dir='ltr'>κλησίαν,</span> <span class='ocrx_word' id='word_1_124' title='bbox 2522 635 2597 706; x_wconf 80' lang='grc' dir='ltr'>μὴ</span> <span class='ocrx_word' id='word_1_125' title='bbox 2661 632 2897 708; x_wconf 82' lang='grc' dir='ltr'>ἔχουσαν</span> <span class='ocrx_word' id='word_1_126' title='bbox 2958 633 3155 689; x_wconf 82' lang='grc' dir='ltr'>σπῖλον</span> <span class='ocrx_word' id='word_1_127' title='bbox 3208 631 3245 704; x_wconf 76' lang='grc' dir='ltr'>ἤ</span> <span class='ocrx_word' id='word_1_128' title='bbox 3300 630 3493 709; x_wconf 81' lang='grc' dir='ltr'>ῥυτίδα</span> <span class='ocrx_word' id='word_1_129' title='bbox 3548 631 3584 701; x_wconf 75' lang='grc' dir='ltr'><strong>ἢ</strong></span> <span class='ocrx_word' id='word_1_130' title='bbox 3634 652 3682 688; x_wconf 87' lang='grc' dir='ltr'><strong>τι</strong></span> <span class='ocrx_word' id='word_1_131' title='bbox 3727 638 3803 689; x_wconf 51' lang='grc' dir='ltr'>ὡς</span> 
     </span>
    </p>
   </div>
   <div class='ocr_carea' id='block_1_21' title="bbox 2210 718 3806 797">
    <p class='ocr_par' dir='ltr' id='par_1_21' title="bbox 2210 718 3806 797">
     <span class='ocr_line' id='line_1_21' title="bbox 2210 718 3806 797; baseline 0.001 -22"><span class='ocrx_word' id='word_1_132' title='bbox 2210 718 2499 789; x_wconf 78' lang='grc' dir='ltr'><strong>τοιούτων,</strong></span> <span class='ocrx_word' id='word_1_133' title='bbox 2531 719 2663 777; x_wconf 79' lang='grc' dir='ltr'>ἀλλ’</span> <span class='ocrx_word' id='word_1_134' title='bbox 2714 723 2806 777; x_wconf 81' lang='grc' dir='ltr'>ἳνα</span> <span class='ocrx_word' id='word_1_135' title='bbox 2902 721 2940 797; x_wconf 66' lang='grc' dir='ltr'><strong><em>ᾖ</em></strong></span> <span class='ocrx_word' id='word_1_136' title='bbox 2992 723 3124 796; x_wconf 82' lang='grc' dir='ltr'>ἁγία</span> <span class='ocrx_word' id='word_1_137' title='bbox 3178 720 3269 777; x_wconf 75' lang='grc' dir='ltr'>καὶ</span> <span class='ocrx_word' id='word_1_138' title='bbox 3355 721 3611 795; x_wconf 78' lang='grc' dir='ltr'>ἃμωμος.</span> <span class='ocrx_word' id='word_1_139' title='bbox 3662 722 3806 783; x_wconf 77' lang='grc' dir='ltr'>Οὖτως</span> 
     </span>
    </p>
   </div>
   <div class='ocr_carea' id='block_1_22' title="bbox 2213 808 3809 889">
    <p class='ocr_par' dir='ltr' id='par_1_22' title="bbox 2213 808 3809 889">
     <span class='ocr_line' id='line_1_22' title="bbox 2213 808 3809 889; baseline 0.001 -26"><span class='ocrx_word' id='word_1_140' title='bbox 2213 809 2522 889; x_wconf 74' lang='grc' dir='ltr'><strong>ὀφείλουσιν</strong></span> <span class='ocrx_word' id='word_1_141' title='bbox 2582 812 2634 865; x_wconf 75' lang='lat' dir='ltr'><strong>oi</strong></span> <span class='ocrx_word' id='word_1_142' title='bbox 2699 808 2889 887; x_wconf 78' lang='grc' dir='ltr'>ἄνδρες</span> <span class='ocrx_word' id='word_1_143' title='bbox 2927 813 3138 888; x_wconf 80' lang='grc' dir='ltr'><strong>ἀγαπᾷν</strong></span> <span class='ocrx_word' id='word_1_144' title='bbox 3189 811 3285 872; x_wconf 75' lang='grc' dir='ltr'><strong>τὰς</strong></span> <span class='ocrx_word' id='word_1_145' title='bbox 3345 809 3549 866; x_wconf 74' lang='grc' dir='ltr'>ὶαυτῶν</span> <span class='ocrx_word' id='word_1_146' title='bbox 3582 816 3809 882; x_wconf 75' lang='grc' dir='ltr'>γυναῖκας,</span> 
     </span>
    </p>
   </div>
   <div class='ocr_carea' id='block_1_23' title="bbox 2213 897 3810 975">
    <p class='ocr_par' dir='ltr' id='par_1_23' title="bbox 2213 897 3810 975">
     <span class='ocr_line' id='line_1_23' title="bbox 2213 897 3810 975; baseline 0.001 -22"><span class='ocrx_word' id='word_1_147' title='bbox 2213 897 2286 961; x_wconf 81' lang='grc' dir='ltr'><strong>ὡς</strong></span> <span class='ocrx_word' id='word_1_148' title='bbox 2309 899 2375 954; x_wconf 77' lang='grc' dir='ltr'>τὸ.</span> <span class='ocrx_word' id='word_1_149' title='bbox 2408 900 2613 955; x_wconf 74' lang='grc' dir='ltr'>ἑαυτῶν</span> <span class='ocrx_word' id='word_1_150' title='bbox 2642 901 2888 975; x_wconf 87' lang='grc' dir='ltr'>σώματα.</span> <span class='ocrx_word' id='word_1_151' title='bbox 2918 901 2981 958; x_wconf 77' lang='grc' dir='ltr'>Ὀ</span> <span class='ocrx_word' id='word_1_152' title='bbox 3012 901 3233 974; x_wconf 78' lang='grc' dir='ltr'>ἀγαπῶν</span> <span class='ocrx_word' id='word_1_153' title='bbox 3264 900 3364 968; x_wconf 76' lang='grc' dir='ltr'><strong>τὴν</strong></span> <span class='ocrx_word' id='word_1_154' title='bbox 3393 900 3586 954; x_wconf 66' lang='grc' dir='ltr'>ἑαυτοῦ</span> <span class='ocrx_word' id='word_1_155' title='bbox 3613 905 3810 973; x_wconf 74' lang='grc' dir='ltr'>γυναῖκα,</span> 
     </span>
    </p>
   </div>
   <div class='ocr_carea' id='block_1_24' title="bbox 2211 988 3817 1065">
    <p class='ocr_par' dir='ltr' id='par_1_24' title="bbox 2211 988 3817 1065">
     <span class='ocr_line' id='line_1_24' title="bbox 2211 988 3817 1065; baseline 0 -22"><span class='ocrx_word' id='word_1_156' title='bbox 2211 989 2399 1044; x_wconf 76' lang='grc' dir='ltr'>ἑαυτὸν</span> <span class='ocrx_word' id='word_1_157' title='bbox 2441 989 2644 1065; x_wconf 79' lang='grc' dir='ltr'>ἀγαπᾷ.</span> <span class='ocrx_word' id='word_1_158' title='bbox 2702 988 2895 1053; x_wconf 62' lang='grc' dir='ltr'>Οὐδείς</span> <span class='ocrx_word' id='word_1_159' title='bbox 2945 990 3049 1065; x_wconf 80' lang='grc' dir='ltr'><strong>γάρ</strong></span> <span class='ocrx_word' id='word_1_160' title='bbox 3095 1009 3229 1045; x_wconf 86' lang='grc' dir='ltr'>ποτε</span> <span class='ocrx_word' id='word_1_161' title='bbox 3291 991 3390 1058; x_wconf 78' lang='grc' dir='ltr'><strong>τήν</strong></span> <span class='ocrx_word' id='word_1_162' title='bbox 3452 989 3643 1044; x_wconf 65' lang='grc' dir='ltr'>ἑαυτοῦ</span> <span class='ocrx_word' id='word_1_163' title='bbox 3688 993 3817 1063; x_wconf 73' lang='grc' dir='ltr'>σάρκα</span> 
     </span>
    </p>
   </div>
   <div class='ocr_carea' id='block_1_25' title="bbox 2212 1075 3817 1158">
    <p class='ocr_par' dir='ltr' id='par_1_25' title="bbox 2212 1075 3817 1158">
     <span class='ocr_line' id='line_1_25' title="bbox 2212 1075 3817 1158; baseline 0 -27"><span class='ocrx_word' id='word_1_164' title='bbox 2212 1076 2493 1152; x_wconf 74' lang='grc' dir='ltr'><strong>ἐμίσησεν,</strong></span> <span class='ocrx_word' id='word_1_165' title='bbox 2541 1076 2690 1134; x_wconf 76' lang='grc' dir='ltr'>ἀλλὰ</span> <span class='ocrx_word' id='word_1_166' title='bbox 2733 1077 2975 1158; x_wconf 69' lang='grc' dir='ltr'>ἐκτρέφει</span> <span class='ocrx_word' id='word_1_167' title='bbox 3030 1078 3122 1134; x_wconf 80' lang='grc' dir='ltr'>καὶ</span> <span class='ocrx_word' id='word_1_168' title='bbox 3180 1076 3375 1143; x_wconf 76' lang='grc' dir='ltr'>θάλπει</span> <span class='ocrx_word' id='word_1_169' title='bbox 3436 1075 3628 1148; x_wconf 69' lang='grc' dir='ltr'>αὐτὴν,</span> <span class='ocrx_word' id='word_1_170' title='bbox 3679 1079 3817 1141; x_wconf 76' lang='grc' dir='ltr'>καθὼς</span> 
     </span>
    </p>
   </div>
   <div class='ocr_carea' id='block_1_26' title="bbox 2209 1162 3818 1242">
    <p class='ocr_par' dir='ltr' id='par_1_26' title="bbox 2209 1162 3818 1242">
     <span class='ocr_line' id='line_1_26' title="bbox 2209 1162 3818 1242; baseline -0.001 -22"><span class='ocrx_word' id='word_1_171' title='bbox 2209 1166 2298 1220; x_wconf 78' lang='grc' dir='ltr'><strong>καὶ</strong></span> <span class='ocrx_word' id='word_1_172' title='bbox 2330 1167 2359 1220; x_wconf 84' lang='grc' dir='ltr'>ὁ</span> <span class='ocrx_word' id='word_1_173' title='bbox 2411 1166 2616 1242; x_wconf 77' lang='grc' dir='ltr'>Κύριος</span> <span class='ocrx_word' id='word_1_174' title='bbox 2667 1169 2769 1237; x_wconf 77' lang='grc' dir='ltr'><strong>τήν</strong></span> <span class='ocrx_word' id='word_1_175' title='bbox 2801 1166 3150 1239; x_wconf 71' lang='grc' dir='ltr'><strong>Ἐκκλησίαν,</strong></span> <span class='ocrx_word' id='word_1_176' title='bbox 3209 1169 3294 1223; x_wconf 80' lang='grc' dir='ltr'><strong>ὅτι</strong></span> <span class='ocrx_word' id='word_1_177' title='bbox 3349 1162 3494 1240; x_wconf 62' lang='grc' dir='ltr'>μέλη</span> <span class='ocrx_word' id='word_1_178' title='bbox 3554 1164 3704 1238; x_wconf 69' lang='grc' dir='ltr'>ἐσμὲν</span> <span class='ocrx_word' id='word_1_179' title='bbox 3747 1170 3818 1220; x_wconf 67' lang='grc' dir='ltr'><strong>τοῦ</strong></span> 
     </span>
    </p>
   </div>
   <div class='ocr_carea' id='block_1_27' title="bbox 2210 1254 3818 1331">
    <p class='ocr_par' dir='ltr' id='par_1_27' title="bbox 2210 1254 3818 1331">
     <span class='ocr_line' id='line_1_27' title="bbox 2210 1254 3818 1331; baseline 0 -22"><span class='ocrx_word' id='word_1_180' title='bbox 2210 1256 2466 1327; x_wconf 86' lang='grc' dir='ltr'>σώματος</span> <span class='ocrx_word' id='word_1_181' title='bbox 2490 1255 2676 1324; x_wconf 76' lang='grc' dir='ltr'>αὐτοῦ,</span> <span class='ocrx_word' id='word_1_182' title='bbox 2726 1255 2788 1311; x_wconf 79' lang='grc' dir='ltr'>ἐκ</span> <span class='ocrx_word' id='word_1_183' title='bbox 2843 1263 2943 1326; x_wconf 78' lang='grc' dir='ltr'>τῆς</span> <span class='ocrx_word' id='word_1_184' title='bbox 2997 1258 3194 1331; x_wconf 80' lang='grc' dir='ltr'>σαρκὸς</span> <span class='ocrx_word' id='word_1_185' title='bbox 3250 1255 3435 1323; x_wconf 73' lang='grc' dir='ltr'><strong>αὖτοῦ,</strong></span> <span class='ocrx_word' id='word_1_186' title='bbox 3495 1255 3586 1311; x_wconf 83' lang='grc' dir='ltr'><strong>καὶ</strong></span> <span class='ocrx_word' id='word_1_187' title='bbox 3642 1254 3697 1310; x_wconf 77' lang='grc' dir='ltr'>ὲκ</span> <span class='ocrx_word' id='word_1_188' title='bbox 3740 1258 3818 1309; x_wconf 66' lang='lat' dir='ltr'><strong>tim</strong></span> 
     </span>
    </p>
   </div>
   <div class='ocr_carea' id='block_1_28' title="bbox 2211 1343 3822 1419">
    <p class='ocr_par' dir='ltr' id='par_1_28' title="bbox 2211 1343 3822 1419">
     <span class='ocr_line' id='line_1_28' title="bbox 2211 1343 3822 1419; baseline -0.001 -21"><span class='ocrx_word' id='word_1_189' title='bbox 2211 1343 2409 1399; x_wconf 74' lang='grc' dir='ltr'>ὀστέων</span> <span class='ocrx_word' id='word_1_190' title='bbox 2464 1343 2649 1402; x_wconf 80' lang='grc' dir='ltr'>αὐτοῦ.</span> <span class='ocrx_word' id='word_1_191' title='bbox 2711 1346 2859 1400; x_wconf 80' lang='grc' dir='ltr'>Ἀντὶ</span> <span class='ocrx_word' id='word_1_192' title='bbox 2919 1344 3144 1415; x_wconf 72' lang='grc' dir='ltr'>τούτου,</span> <span class='ocrx_word' id='word_1_193' title='bbox 3204 1344 3525 1419; x_wconf 70' lang='grc' dir='ltr'>καταλείψει</span> <span class='ocrx_word' id='word_1_194' title='bbox 3583 1343 3822 1416; x_wconf 68' lang='grc' dir='ltr'>ἅνθρωπος</span> 
     </span>
    </p>
   </div>
   <div class='ocr_carea' id='block_1_29' title="bbox 2208 1431 3823 1510">
    <p class='ocr_par' dir='ltr' id='par_1_29' title="bbox 2208 1431 3823 1510">
     <span class='ocr_line' id='line_1_29' title="bbox 2208 1431 3823 1510; baseline 0.001 -23"><span class='ocrx_word' id='word_1_195' title='bbox 2208 1432 2302 1487; x_wconf 81' lang='grc' dir='ltr'><strong>τὸν</strong></span> <span class='ocrx_word' id='word_1_196' title='bbox 2331 1434 2535 1509; x_wconf 62' lang='grc' dir='ltr'>πατέρα</span> <span class='ocrx_word' id='word_1_197' title='bbox 2566 1434 2731 1490; x_wconf 77' lang='grc' dir='ltr'>αὐτοῦ</span> <span class='ocrx_word' id='word_1_198' title='bbox 2759 1435 2849 1490; x_wconf 74' lang='grc' dir='ltr'><strong>καὶ</strong></span> <span class='ocrx_word' id='word_1_199' title='bbox 2879 1435 2980 1505; x_wconf 76' lang='grc' dir='ltr'>τὴν</span> <span class='ocrx_word' id='word_1_200' title='bbox 3031 1433 3259 1510; x_wconf 71' lang='grc' dir='ltr'>μητέρα,</span> <span class='ocrx_word' id='word_1_201' title='bbox 3309 1434 3400 1490; x_wconf 76' lang='grc' dir='ltr'><strong>καὶ</strong></span> <span class='ocrx_word' id='word_1_202' title='bbox 3431 1431 3823 1507; x_wconf 72' lang='grc' dir='ltr'>προσκολληθῆ-</span> 
     </span>
    </p>
   </div>
   <div class='ocr_carea' id='block_1_30' title="bbox 2212 1518 3824 1598">
    <p class='ocr_par' dir='ltr' id='par_1_30' title="bbox 2212 1518 3824 1598">
     <span class='ocr_line' id='line_1_30' title="bbox 2212 1518 3824 1598; baseline -0.002 -21"><span class='ocrx_word' id='word_1_203' title='bbox 2212 1541 2356 1577; x_wconf 82' lang='grc' dir='ltr'>σεται</span> <span class='ocrx_word' id='word_1_204' title='bbox 2387 1524 2524 1596; x_wconf 78' lang='grc' dir='ltr'>πρὸς</span> <span class='ocrx_word' id='word_1_205' title='bbox 2559 1524 2662 1592; x_wconf 78' lang='grc' dir='ltr'><strong>τήν</strong></span> <span class='ocrx_word' id='word_1_206' title='bbox 2691 1528 2918 1598; x_wconf 77' lang='grc' dir='ltr'>γυναῖκα</span> <span class='ocrx_word' id='word_1_207' title='bbox 2948 1522 3138 1593; x_wconf 73' lang='grc' dir='ltr'>αὐτοῦ,</span> <span class='ocrx_word' id='word_1_208' title='bbox 3184 1524 3274 1578; x_wconf 76' lang='grc' dir='ltr'><strong>καὶ</strong></span> <span class='ocrx_word' id='word_1_209' title='bbox 3305 1518 3521 1578; x_wconf 78' lang='grc' dir='ltr'>ἔσονται</span> <span class='ocrx_word' id='word_1_210' title='bbox 3581 1524 3629 1577; x_wconf 72' lang='grc' dir='ltr'><strong>οἱ</strong></span> <span class='ocrx_word' id='word_1_211' title='bbox 3660 1519 3743 1577; x_wconf 68' lang='grc' dir='ltr'>διίο</span> <span class='ocrx_word' id='word_1_212' title='bbox 3769 1522 3824 1583; x_wconf 74' lang='grc' dir='ltr'><strong>είς</strong></span> 
     </span>
    </p>
   </div>
   <div class='ocr_carea' id='block_1_31' title="bbox 2211 1605 3822 1689">
    <p class='ocr_par' dir='ltr' id='par_1_31' title="bbox 2211 1605 3822 1689">
     <span class='ocr_line' id='line_1_31' title="bbox 2211 1605 3822 1689; baseline -0.001 -25"><span class='ocrx_word' id='word_1_213' title='bbox 2211 1611 2382 1684; x_wconf 81' lang='grc' dir='ltr'>σάρκα</span> <span class='ocrx_word' id='word_1_214' title='bbox 2412 1610 2558 1685; x_wconf 88' lang='grc' dir='ltr'>μίαν.</span> <span class='ocrx_word' id='word_1_215' title='bbox 2590 1611 2663 1667; x_wconf 86' lang='grc' dir='ltr'>Τὸ</span> <span class='ocrx_word' id='word_1_216' title='bbox 2699 1614 3002 1689; x_wconf 71' lang='grc' dir='ltr'>μυστήριον</span> <span class='ocrx_word' id='word_1_217' title='bbox 3037 1616 3201 1668; x_wconf 77' lang='grc' dir='ltr'>τοῦτο</span> <span class='ocrx_word' id='word_1_218' title='bbox 3234 1613 3378 1689; x_wconf 73' lang='grc' dir='ltr'>μέγα</span> <span class='ocrx_word' id='word_1_219' title='bbox 3407 1610 3578 1667; x_wconf 71' lang='grc' dir='ltr'>ἰστίν.</span> <span class='ocrx_word' id='word_1_220' title='bbox 3628 1610 3757 1685; x_wconf 84' lang='grc' dir='ltr'>Ἐγὼ</span> <span class='ocrx_word' id='word_1_221' title='bbox 3780 1605 3822 1664; x_wconf 65' lang='grc' dir='ltr'><strong>δὲ</strong></span> 
     </span>
    </p>
   </div>
   <div class='ocr_carea' id='block_1_32' title="bbox 2213 1698 3819 1778">
    <p class='ocr_par' dir='ltr' id='par_1_32' title="bbox 2213 1698 3819 1778">
     <span class='ocr_line' id='line_1_32' title="bbox 2213 1698 3819 1778; baseline -0.002 -21"><span class='ocrx_word' id='word_1_222' title='bbox 2213 1698 2385 1778; x_wconf 73' lang='grc' dir='ltr'>λέγω,</span> <span class='ocrx_word' id='word_1_223' title='bbox 2431 1702 2511 1765; x_wconf 73' lang='grc' dir='ltr'>εἷς</span> <span class='ocrx_word' id='word_1_224' title='bbox 2556 1704 2788 1777; x_wconf 85' lang='grc' dir='ltr'>Χριστὸν</span> <span class='ocrx_word' id='word_1_225' title='bbox 2845 1703 2936 1759; x_wconf 79' lang='grc' dir='ltr'><strong>καί</strong></span> <span class='ocrx_word' id='word_1_226' title='bbox 2995 1703 3074 1766; x_wconf 65' lang='grc' dir='ltr'>εἷς</span> <span class='ocrx_word' id='word_1_227' title='bbox 3128 1704 3228 1774; x_wconf 75' lang='grc' dir='ltr'>τὴν</span> <span class='ocrx_word' id='word_1_228' title='bbox 3281 1700 3642 1773; x_wconf 82' lang='grc' dir='ltr'>Ἐκκλησίαν.</span> <span class='ocrx_word' id='word_1_229' title='bbox 3696 1700 3819 1768; x_wconf 63' lang='grc' dir='ltr'>Πλὴν</span> 
     </span>
    </p>
   </div>
   <div class='ocr_carea' id='block_1_33' title="bbox 445 1787 3824 1870">
    <p class='ocr_par' dir='ltr' id='par_1_33' title="bbox 445 1787 3824 1870">
     <span class='ocr_line' id='line_1_33' title="bbox 445 1787 3824 1870; baseline -0.002 -20"><span class='ocrx_word' id='word_1_230' title='bbox 445 1794 538 1851; x_wconf 75' lang='grc' dir='ltr'><strong>καὶ</strong></span> <span class='ocrx_word' id='word_1_231' title='bbox 571 1795 750 1869; x_wconf 80' lang='grc' dir='ltr'>ὑμεῖς,</span> <span class='ocrx_word' id='word_1_232' title='bbox 779 1793 831 1849; x_wconf 73' lang='grc' dir='ltr'><strong>οἱ</strong></span> <span class='ocrx_word' id='word_1_233' title='bbox 860 1795 978 1850; x_wconf 84' lang='grc' dir='ltr'>καθ’</span> <span class='ocrx_word' id='word_1_234' title='bbox 1007 1789 1119 1865; x_wconf 63' lang='grc' dir='ltr'>ἕνα,</span> <span class='ocrx_word' id='word_1_235' title='bbox 1147 1788 1376 1858; x_wconf 73' lang='grc' dir='ltr'>ἕκαστος</span> <span class='ocrx_word' id='word_1_236' title='bbox 1398 1791 1497 1864; x_wconf 77' lang='grc' dir='ltr'>τὴν</span> <span class='ocrx_word' id='word_1_237' title='bbox 1528 1794 1719 1848; x_wconf 73' lang='grc' dir='ltr'>ἑαυτοῦ</span> <span class='ocrx_word' id='word_1_238' title='bbox 1749 1795 1977 1867; x_wconf 90' lang='grc' dir='ltr'>γυναῖκα</span> <span class='ocrx_word' id='word_1_239' title='bbox 2008 1790 2184 1853; x_wconf 66' lang='grc' dir='ltr'>οὕτως</span> <span class='ocrx_word' id='word_1_240' title='bbox 2208 1790 2493 1867; x_wconf 75' lang='grc' dir='ltr'>ἀγαπάτω,</span> <span class='ocrx_word' id='word_1_241' title='bbox 2527 1791 2601 1855; x_wconf 85' lang='grc' dir='ltr'>ὼς</span> <span class='ocrx_word' id='word_1_242' title='bbox 2631 1792 2841 1848; x_wconf 73' lang='grc' dir='ltr'>ἑαυτόν·</span> <span class='ocrx_word' id='word_1_243' title='bbox 2900 1794 2937 1863; x_wconf 73' lang='grc' dir='ltr'><strong>ἡ</strong></span> <span class='ocrx_word' id='word_1_244' title='bbox 2997 1789 3055 1848; x_wconf 76' lang='grc' dir='ltr'><strong>δὲ</strong></span> <span class='ocrx_word' id='word_1_245' title='bbox 3108 1794 3273 1869; x_wconf 82' lang='grc' dir='ltr'>γυνὴ,</span> <span class='ocrx_word' id='word_1_246' title='bbox 3323 1791 3418 1848; x_wconf 76' lang='grc' dir='ltr'>’ἕνα</span> <span class='ocrx_word' id='word_1_247' title='bbox 3477 1787 3711 1870; x_wconf 67' lang='grc' dir='ltr'>φοϐῆται</span> <span class='ocrx_word' id='word_1_248' title='bbox 3754 1790 3824 1845; x_wconf 75' lang='grc' dir='ltr'>τὸν</span> 
     </span>
    </p>
   </div>
   <div class='ocr_carea' id='block_1_34' title="bbox 451 1882 641 1958">
    <p class='ocr_par' dir='ltr' id='par_1_34' title="bbox 451 1882 641 1958">
     <span class='ocr_line' id='line_1_34' title="bbox 451 1882 641 1958; baseline 0.011 -18"><span class='ocrx_word' id='word_1_249' title='bbox 451 1882 641 1958; x_wconf 75' lang='grc' dir='ltr'>ἃνδρα.</span> 
     </span>
    </p>
   </div>
   <div class='ocr_carea' id='block_1_35' title="bbox 521 1966 2094 2047">
    <p class='ocr_par' dir='ltr' id='par_1_35' title="bbox 521 1968 2094 2030">
     <span class='ocr_line' id='line_1_35' title="bbox 521 1968 2094 2030; baseline -0.003 -1"><span class='ocrx_word' id='word_1_250' title='bbox 521 1975 620 2030; x_wconf 85' lang='lat' dir='ltr'><strong>Vis</strong></span> <span class='ocrx_word' id='word_1_251' title='bbox 676 1990 925 2030; x_wconf 79' lang='lat' dir='ltr'><strong>uxorem</strong></span> <span class='ocrx_word' id='word_1_252' title='bbox 958 1973 1063 2029; x_wconf 89' lang='lat' dir='ltr'><strong>tibi</strong></span> <span class='ocrx_word' id='word_1_253' title='bbox 1088 1972 1383 2029; x_wconf 84' lang='lat' dir='ltr'><strong>subditam</strong></span> <span class='ocrx_word' id='word_1_254' title='bbox 1436 1988 1565 2028; x_wconf 86' lang='lat' dir='ltr'><strong>esse</strong></span> <span class='ocrx_word' id='word_1_255' title='bbox 1594 1971 1771 2028; x_wconf 83' lang='lat' dir='ltr'><strong>veluti</strong></span> <span class='ocrx_word' id='word_1_256' title='bbox 1804 1968 2043 2026; x_wconf 93' lang='lat' dir='ltr'><strong>domino</strong></span> <span class='ocrx_word' id='word_1_257' title='bbox 2075 1970 2094 2025; x_wconf 73' lang='lat' dir='ltr'><strong>‘l</strong></span> 
     </span>
    </p>
   </div>
   <div class='ocr_carea' id='block_1_36' title="bbox 2201 1966 3826 2047">
    <p class='ocr_par' dir='ltr' id='par_1_36' title="bbox 2280 1966 3826 2047">
     <span class='ocr_line' id='line_1_36' title="bbox 2280 1966 3826 2047; baseline -0.003 -22"><span class='ocrx_word' id='word_1_258' title='bbox 2280 1968 2470 2032; x_wconf 70' lang='grc' dir='ltr'>Θέλεις</span> <span class='ocrx_word' id='word_1_259' title='bbox 2524 1970 2692 2040; x_wconf 75' lang='grc' dir='ltr'>αὐτὴν</span> <span class='ocrx_word' id='word_1_260' title='bbox 2778 1970 3145 2047; x_wconf 80' lang='grc' dir='ltr'>ὑποτετάχθαι</span> <span class='ocrx_word' id='word_1_261' title='bbox 3200 1992 3286 2026; x_wconf 89' lang='grc' dir='ltr'><strong>σοι</strong></span> <span class='ocrx_word' id='word_1_262' title='bbox 3344 1969 3421 2033; x_wconf 82' lang='grc' dir='ltr'>ὡς</span> <span class='ocrx_word' id='word_1_263' title='bbox 3497 1972 3579 2041; x_wconf 81' lang='grc' dir='ltr'>τῷ</span> <span class='ocrx_word' id='word_1_264' title='bbox 3640 1966 3826 2042; x_wconf 75' lang='grc' dir='ltr'>κυρίῳς</span> 
     </span>
    </p>
   </div>
   <div class='ocr_carea' id='block_1_37' title="bbox 452 2058 2099 2137">
    <p class='ocr_par' dir='ltr' id='par_1_37' title="bbox 452 2058 2099 2137">
     <span class='ocr_line' id='line_1_37' title="bbox 452 2058 2099 2137; baseline -0.002 -17"><span class='ocrx_word' id='word_1_265' title='bbox 452 2064 629 2137; x_wconf 79' lang='lat' dir='ltr'><strong>dilige</strong></span> <span class='ocrx_word' id='word_1_266' title='bbox 655 2080 785 2119; x_wconf 89' lang='lat' dir='ltr'><strong>eam</strong></span> <span class='ocrx_word' id='word_1_267' title='bbox 809 2062 961 2119; x_wconf 88' lang='lat' dir='ltr'><strong>sicut</strong></span> <span class='ocrx_word' id='word_1_268' title='bbox 990 2062 1257 2118; x_wconf 82' lang='lat' dir='ltr'><strong>Christus</strong></span> <span class='ocrx_word' id='word_1_269' title='bbox 1272 2060 1633 2118; x_wconf 76' lang='lat' dir='ltr'><strong>Ecclesium:</strong></span> <span class='ocrx_word' id='word_1_270' title='bbox 1665 2067 1721 2116; x_wconf 92' lang='lat' dir='ltr'><strong>et</strong></span> <span class='ocrx_word' id='word_1_271' title='bbox 1740 2061 1788 2116; x_wconf 87' lang='lat' dir='ltr'><strong>si</strong></span> <span class='ocrx_word' id='word_1_272' title='bbox 1820 2058 1963 2132; x_wconf 92' lang='lat' dir='ltr'><strong>quid</strong></span> <span class='ocrx_word' id='word_1_273' title='bbox 1995 2076 2099 2132; x_wconf 88' lang='lat' dir='ltr'><strong>pro</strong></span> 
     </span>
    </p>
   </div>
   <div class='ocr_carea' id='block_1_38' title="bbox 449 2149 2096 2225">
    <p class='ocr_par' dir='ltr' id='par_1_38' title="bbox 449 2149 2096 2225">
     <span class='ocr_line' id='line_1_38' title="bbox 449 2149 2096 2225; baseline -0.002 -17"><span class='ocrx_word' id='word_1_274' title='bbox 449 2153 578 2225; x_wconf 91' lang='lat' dir='ltr'><strong>ipso</strong></span> <span class='ocrx_word' id='word_1_275' title='bbox 611 2153 732 2224; x_wconf 89' lang='lat' dir='ltr'><strong>pati</strong></span> <span class='ocrx_word' id='word_1_276' title='bbox 763 2157 1051 2224; x_wconf 83' lang='lat' dir='ltr'><strong>oporteat,</strong></span> <span class='ocrx_word' id='word_1_277' title='bbox 1085 2150 1204 2205; x_wconf 83' lang='lat' dir='ltr'><strong>sive</strong></span> <span class='ocrx_word' id='word_1_278' title='bbox 1256 2149 1430 2206; x_wconf 86' lang='lat' dir='ltr'><strong>etiam</strong></span> <span class='ocrx_word' id='word_1_279' title='bbox 1464 2149 1636 2217; x_wconf 91' lang='lat' dir='ltr'><strong>mori,</strong></span> <span class='ocrx_word' id='word_1_280' title='bbox 1659 2165 1734 2205; x_wconf 89' lang='lat' dir='ltr'><strong>ne</strong></span> <span class='ocrx_word' id='word_1_281' title='bbox 1760 2150 2049 2205; x_wconf 90' lang='lat' dir='ltr'><strong>detrectes</strong></span> <span class='ocrx_word' id='word_1_282' title='bbox 2083 2166 2096 2218; x_wconf 94' lang='lat'><strong>;</strong></span> 
     </span>
    </p>
   </div>
   <div class='ocr_carea' id='block_1_39' title="bbox 452 2238 2096 2314">
    <p class='ocr_par' dir='ltr' id='par_1_39' title="bbox 452 2238 2096 2314">
     <span class='ocr_line' id='line_1_39' title="bbox 452 2238 2096 2314; baseline -0.002 -16"><span class='ocrx_word' id='word_1_283' title='bbox 452 2241 749 2313; x_wconf 85' lang='lat' dir='ltr'><strong>siquidem</strong></span> <span class='ocrx_word' id='word_1_284' title='bbox 775 2246 837 2297; x_wconf 91' lang='lat' dir='ltr'><strong>tu</strong></span> <span class='ocrx_word' id='word_1_285' title='bbox 859 2240 1127 2296; x_wconf 84' lang='lat' dir='ltr'><strong>fortassis</strong></span> <span class='ocrx_word' id='word_1_286' title='bbox 1156 2240 1268 2296; x_wconf 91' lang='lat' dir='ltr'><strong>hoc</strong></span> <span class='ocrx_word' id='word_1_287' title='bbox 1295 2256 1432 2314; x_wconf 88' lang='lat' dir='ltr'><strong>erga</strong></span> <span class='ocrx_word' id='word_1_288' title='bbox 1466 2256 1597 2296; x_wconf 89' lang='lat' dir='ltr'><strong>eam</strong></span> <span class='ocrx_word' id='word_1_289' title='bbox 1630 2256 1761 2313; x_wconf 83' lang='lat' dir='ltr'><strong>quae</strong></span> <span class='ocrx_word' id='word_1_290' title='bbox 1797 2238 1903 2295; x_wconf 89' lang='lat' dir='ltr'><strong>tibi</strong></span> <span class='ocrx_word' id='word_1_291' title='bbox 1954 2239 2096 2295; x_wconf 85' lang='lat' dir='ltr'><strong>sub-</strong></span> 
     </span>
    </p>
   </div>
   <div class='ocr_carea' id='block_1_40' title="bbox 452 2327 2097 2402">
    <p class='ocr_par' dir='ltr' id='par_1_40' title="bbox 452 2327 2097 2402">
     <span class='ocr_line' id='line_1_40' title="bbox 452 2327 2097 2402; baseline -0.001 -16"><span class='ocrx_word' id='word_1_292' title='bbox 452 2330 577 2387; x_wconf 89' lang='lat' dir='ltr'><strong>dita</strong></span> <span class='ocrx_word' id='word_1_293' title='bbox 598 2335 684 2385; x_wconf 90' lang='lat' dir='ltr'><strong>est</strong></span> <span class='ocrx_word' id='word_1_294' title='bbox 731 2334 909 2402; x_wconf 90' lang='lat' dir='ltr'><strong>teque</strong></span> <span class='ocrx_word' id='word_1_295' title='bbox 955 2329 1149 2402; x_wconf 84' lang='lat' dir='ltr'><strong>diligit</strong></span> <span class='ocrx_word' id='word_1_296' title='bbox 1187 2329 1248 2385; x_wconf 93' lang='lat' dir='ltr'><strong>id</strong></span> <span class='ocrx_word' id='word_1_297' title='bbox 1277 2327 1621 2385; x_wconf 83' lang='lat' dir='ltr'><strong>exhibebis:</strong></span> <span class='ocrx_word' id='word_1_298' title='bbox 1664 2329 1932 2385; x_wconf 89' lang='lat' dir='ltr'><strong>Christus</strong></span> <span class='ocrx_word' id='word_1_299' title='bbox 1961 2344 2097 2385; x_wconf 87' lang='lat' dir='ltr'><strong>vero</strong></span> 
     </span>
    </p>
   </div>
   <div class='ocr_carea' id='block_1_41' title="bbox 452 2418 2097 2493">
    <p class='ocr_par' dir='ltr' id='par_1_41' title="bbox 452 2418 2097 2493">
     <span class='ocr_line' id='line_1_41' title="bbox 452 2418 2097 2493; baseline 0 -18"><span class='ocrx_word' id='word_1_300' title='bbox 452 2419 511 2475; x_wconf 88' lang='lat' dir='ltr'><strong>id</strong></span> <span class='ocrx_word' id='word_1_301' title='bbox 544 2420 660 2493; x_wconf 82' lang='lat' dir='ltr'><strong>egit</strong></span> <span class='ocrx_word' id='word_1_302' title='bbox 693 2436 829 2493; x_wconf 90' lang='lat' dir='ltr'><strong>erga</strong></span> <span class='ocrx_word' id='word_1_303' title='bbox 876 2436 1006 2475; x_wconf 89' lang='lat' dir='ltr'><strong>eam</strong></span> <span class='ocrx_word' id='word_1_304' title='bbox 1057 2435 1186 2491; x_wconf 71' lang='lat' dir='ltr'><strong>quae</strong></span> <span class='ocrx_word' id='word_1_305' title='bbox 1237 2418 1480 2475; x_wconf 90' lang='lat' dir='ltr'><strong>inimica</strong></span> <span class='ocrx_word' id='word_1_306' title='bbox 1536 2426 1662 2476; x_wconf 90' lang='lat' dir='ltr'><strong>erat</strong></span> <span class='ocrx_word' id='word_1_307' title='bbox 1692 2425 1751 2476; x_wconf 87' lang='lat' dir='ltr'><strong>et</strong></span> <span class='ocrx_word' id='word_1_308' title='bbox 1798 2435 2001 2476; x_wconf 80' lang='lat' dir='ltr'><strong>aversa</strong></span> <span class='ocrx_word' id='word_1_309' title='bbox 2030 2434 2097 2475; x_wconf 89' lang='lat' dir='ltr'><strong>ac</strong></span> 
     </span>
    </p>
   </div>
   <div class='ocr_carea' id='block_1_42' title="bbox 450 2507 2098 2583">
    <p class='ocr_par' dir='ltr' id='par_1_42' title="bbox 450 2507 2098 2583">
     <span class='ocr_line' id='line_1_42' title="bbox 450 2507 2098 2583; baseline 0.001 -20"><span class='ocrx_word' id='word_1_310' title='bbox 450 2508 682 2583; x_wconf 83' lang='lat' dir='ltr'><strong>fugiens</strong></span> <span class='ocrx_word' id='word_1_311' title='bbox 714 2507 786 2565; x_wconf 88' lang='lat' dir='ltr'><strong>ab</strong></span> <span class='ocrx_word' id='word_1_312' title='bbox 844 2510 994 2582; x_wconf 86' lang='lat' dir='ltr'><strong>ipso.</strong></span> <span class='ocrx_word' id='word_1_313' title='bbox 1032 2533 1059 2560; x_wconf 86' lang='lat'>«</span> <span class='ocrx_word' id='word_1_314' title='bbox 1112 2510 1183 2564; x_wconf 88' lang='lat' dir='ltr'><strong>Ut</strong></span> <span class='ocrx_word' id='word_1_315' title='bbox 1211 2508 1377 2565; x_wconf 90' lang='lat' dir='ltr'><strong>illam</strong></span> <span class='ocrx_word' id='word_1_316' title='bbox 1436 2510 1855 2566; x_wconf 82' lang='lat' dir='ltr'><strong>sanctiﬁcaret.</strong></span> <span class='ocrx_word' id='word_1_317' title='bbox 1889 2527 1920 2562; x_wconf 74' lang='grc' dir='ltr'><strong>ιι</strong></span> <span class='ocrx_word' id='word_1_318' title='bbox 1971 2510 2098 2565; x_wconf 86' lang='lat' dir='ltr'><strong>Non</strong></span> 
     </span>
    </p>
   </div>
   <div class='ocr_carea' id='block_1_43' title="bbox 454 2598 2098 2673">
    <p class='ocr_par' dir='ltr' id='par_1_43' title="bbox 454 2598 2098 2673">
     <span class='ocr_line' id='line_1_43' title="bbox 454 2598 2098 2673; baseline 0 -19"><span class='ocrx_word' id='word_1_319' title='bbox 454 2603 581 2654; x_wconf 89' lang='lat' dir='ltr'><strong>erat</strong></span> <span class='ocrx_word' id='word_1_320' title='bbox 631 2599 832 2671; x_wconf 85' lang='lat' dir='ltr'><strong>itaque</strong></span> <span class='ocrx_word' id='word_1_321' title='bbox 889 2604 1114 2662; x_wconf 87' lang='lat' dir='ltr'><strong>sancta,</strong></span> <span class='ocrx_word' id='word_1_322' title='bbox 1147 2598 1250 2655; x_wconf 90' lang='lat' dir='ltr'><strong>sed</strong></span> <span class='ocrx_word' id='word_1_323' title='bbox 1300 2602 1534 2673; x_wconf 89' lang='lat' dir='ltr'><strong>impura</strong></span> <span class='ocrx_word' id='word_1_324' title='bbox 1572 2605 1630 2654; x_wconf 91' lang='lat' dir='ltr'><strong>et</strong></span> <span class='ocrx_word' id='word_1_325' title='bbox 1686 2598 2015 2666; x_wconf 85' lang='lat' dir='ltr'><strong>immunda,</strong></span> <span class='ocrx_word' id='word_1_326' title='bbox 2040 2602 2098 2654; x_wconf 91' lang='lat' dir='ltr'><strong>et</strong></span> 
     </span>
    </p>
   </div>
   <div class='ocr_carea' id='block_1_44' title="bbox 450 2687 2093 2759">
    <p class='ocr_par' dir='ltr' id='par_1_44' title="bbox 450 2687 2093 2759">
     <span class='ocr_line' id='line_1_44' title="bbox 450 2687 2093 2759; baseline -0.001 -16"><span class='ocrx_word' id='word_1_327' title='bbox 450 2688 587 2743; x_wconf 87' lang='lat' dir='ltr'><strong>talis</strong></span> <span class='ocrx_word' id='word_1_328' title='bbox 618 2694 683 2743; x_wconf 88' lang='lat' dir='ltr'><strong>ut</strong></span> <span class='ocrx_word' id='word_1_329' title='bbox 710 2704 1129 2759; x_wconf 85' lang='lat' dir='ltr'><strong>quamcunque</strong></span> <span class='ocrx_word' id='word_1_330' title='bbox 1157 2688 1435 2759; x_wconf 87' lang='lat' dir='ltr'><strong>accipias,</strong></span> <span class='ocrx_word' id='word_1_331' title='bbox 1462 2704 1582 2742; x_wconf 92' lang='lat' dir='ltr'><strong>non</strong></span> <span class='ocrx_word' id='word_1_332' title='bbox 1607 2688 1688 2742; x_wconf 91' lang='lat' dir='ltr'><strong>sis</strong></span> <span class='ocrx_word' id='word_1_333' title='bbox 1707 2687 1853 2744; x_wconf 90' lang='lat' dir='ltr'><strong>adeo</strong></span> <span class='ocrx_word' id='word_1_334' title='bbox 1898 2688 2093 2759; x_wconf 88' lang='lat' dir='ltr'><strong>impu-</strong></span> 
     </span>
    </p>
   </div>
   <div class='ocr_carea' id='block_1_45' title="bbox 448 2776 2097 2850">
    <p class='ocr_par' dir='ltr' id='par_1_45' title="bbox 448 2776 2097 2850">
     <span class='ocr_line' id='line_1_45' title="bbox 448 2776 2097 2850; baseline 0 -18"><span class='ocrx_word' id='word_1_335' title='bbox 448 2793 579 2834; x_wconf 88' lang='lat' dir='ltr'><strong>ram</strong></span> <span class='ocrx_word' id='word_1_336' title='bbox 601 2784 950 2850; x_wconf 86' lang='lat' dir='ltr'><strong>accepturus</strong></span> <span class='ocrx_word' id='word_1_337' title='bbox 991 2776 1053 2832; x_wconf 91' lang='lat' dir='ltr'><strong>in</strong></span> <span class='ocrx_word' id='word_1_338' title='bbox 1099 2777 1492 2834; x_wconf 73' lang='lat' dir='ltr'><strong>uxorem.58</strong></span> <span class='ocrx_word' id='word_1_339' title='bbox 1524 2780 1736 2831; x_wconf 80' lang='lat' dir='ltr'><strong>Atnon</strong></span> <span class='ocrx_word' id='word_1_340' title='bbox 1795 2777 2097 2848; x_wconf 89' lang='lat' dir='ltr'><strong>imprope-</strong></span> 
     </span>
    </p>
   </div>
   <div class='ocr_carea' id='block_1_46' title="bbox 450 2864 2094 2938">
    <p class='ocr_par' dir='ltr' id='par_1_46' title="bbox 450 2864 2094 2938">
     <span class='ocr_line' id='line_1_46' title="bbox 450 2864 2094 2938; baseline -0.001 -15"><span class='ocrx_word' id='word_1_341' title='bbox 450 2867 599 2923; x_wconf 90' lang='lat' dir='ltr'><strong>ravit</strong></span> <span class='ocrx_word' id='word_1_342' title='bbox 628 2866 893 2922; x_wconf 89' lang='lat' dir='ltr'><strong>Christus</strong></span> <span class='ocrx_word' id='word_1_343' title='bbox 945 2867 1218 2922; x_wconf 62' lang='lat' dir='ltr'><strong>Ecclesiae</strong></span> <span class='ocrx_word' id='word_1_344' title='bbox 1258 2864 1416 2938; x_wconf 91' lang='lat' dir='ltr'><strong>quod</strong></span> <span class='ocrx_word' id='word_1_345' title='bbox 1465 2866 1599 2921; x_wconf 87' lang='lat' dir='ltr'><strong>talis</strong></span> <span class='ocrx_word' id='word_1_346' title='bbox 1654 2864 1853 2935; x_wconf 76' lang='lat' dir='ltr'><strong>fuerit,</strong></span> <span class='ocrx_word' id='word_1_347' title='bbox 1898 2882 2094 2938; x_wconf 88' lang='lat' dir='ltr'><strong>neque</strong></span> 
     </span>
    </p>
   </div>
   <div class='ocr_carea' id='block_1_47' title="bbox 448 2955 2092 3030">
    <p class='ocr_par' dir='ltr' id='par_1_47' title="bbox 448 2955 2092 3030">
     <span class='ocr_line' id='line_1_47' title="bbox 448 2955 2092 3030; baseline -0.002 -17"><span class='ocrx_word' id='word_1_348' title='bbox 448 2957 629 3030; x_wconf 83' lang='lat' dir='ltr'><strong>igitur</strong></span> <span class='ocrx_word' id='word_1_349' title='bbox 665 2961 777 3011; x_wconf 75' lang='lat' dir='ltr'><strong>tum</strong></span> <span class='ocrx_word' id='word_1_350' title='bbox 828 2955 1147 3027; x_wconf 83' lang='lat' dir='ltr'><strong>exprobres</strong></span> <span class='ocrx_word' id='word_1_351' title='bbox 1178 2957 1367 3015; x_wconf 81' lang='lat' dir='ltr'><strong>uxori.</strong></span> <span class='ocrx_word' id='word_1_352' title='bbox 1402 2978 1429 3006; x_wconf 87' lang='grc'><strong>‹‹</strong></span> <span class='ocrx_word' id='word_1_353' title='bbox 1462 2958 1527 3009; x_wconf 87' lang='lat' dir='ltr'><strong>Et</strong></span> <span class='ocrx_word' id='word_1_354' title='bbox 1556 2955 1902 3011; x_wconf 79' lang='lat' dir='ltr'><strong>mandatam</strong></span> <span class='ocrx_word' id='word_1_355' title='bbox 1933 2956 2092 3011; x_wconf 79' lang='lat' dir='ltr'><strong>lava-</strong></span> 
     </span>
    </p>
   </div>
   <div class='ocr_carea' id='block_1_48' title="bbox 447 3043 2090 3118">
    <p class='ocr_par' dir='ltr' id='par_1_48' title="bbox 447 3043 2090 3118">
     <span class='ocr_line' id='line_1_48' title="bbox 447 3043 2090 3118; baseline -0.001 -16"><span class='ocrx_word' id='word_1_356' title='bbox 447 3062 566 3103; x_wconf 93' lang='lat' dir='ltr'><strong>cro.</strong></span> <span class='ocrx_word' id='word_1_357' title='bbox 596 3068 623 3095; x_wconf 90' lang='grc'><strong>››</strong></span> <span class='ocrx_word' id='word_1_358' title='bbox 647 3047 767 3101; x_wconf 87' lang='lat' dir='ltr'><strong>Hoc</strong></span> <span class='ocrx_word' id='word_1_359' title='bbox 800 3050 905 3114; x_wconf 88' lang='lat' dir='ltr'><strong>est,</strong></span> <span class='ocrx_word' id='word_1_360' title='bbox 938 3043 1293 3118; x_wconf 86' lang='lat' dir='ltr'><strong>baptismate</strong></span> <span class='ocrx_word' id='word_1_361' title='bbox 1324 3062 1336 3102; x_wconf 92' lang='lat'>:</span> <span class='ocrx_word' id='word_1_362' title='bbox 1371 3043 1561 3101; x_wconf 86' lang='lat' dir='ltr'><strong>abluit</strong></span> <span class='ocrx_word' id='word_1_363' title='bbox 1590 3045 1751 3100; x_wconf 91' lang='lat' dir='ltr'><strong>enim</strong></span> <span class='ocrx_word' id='word_1_364' title='bbox 1792 3045 1921 3116; x_wconf 85' lang='lat' dir='ltr'><strong>ejus</strong></span> <span class='ocrx_word' id='word_1_365' title='bbox 1982 3045 2090 3100; x_wconf 86' lang='lat' dir='ltr'><strong>im-</strong></span> 
     </span>
    </p>
   </div>
   <div class='ocr_carea' id='block_1_49' title="bbox 442 3133 2092 3201">
    <p class='ocr_par' dir='ltr' id='par_1_49' title="bbox 442 3133 2092 3201">
     <span class='ocr_line' id='line_1_49' title="bbox 442 3133 2092 3201; baseline -0.001 -10"><span class='ocrx_word' id='word_1_366' title='bbox 442 3135 821 3191; x_wconf 88' lang='lat' dir='ltr'><strong>munditiam.</strong></span> <span class='ocrx_word' id='word_1_367' title='bbox 882 3157 909 3184; x_wconf 88' lang='lat'><strong>«</strong></span> <span class='ocrx_word' id='word_1_368' title='bbox 940 3136 1050 3189; x_wconf 85' lang='lat' dir='ltr'><strong>Per</strong></span> <span class='ocrx_word' id='word_1_369' title='bbox 1069 3133 1335 3190; x_wconf 85' lang='lat' dir='ltr'><strong>verbum.</strong></span> <span class='ocrx_word' id='word_1_370' title='bbox 1365 3158 1391 3185; x_wconf 82' lang='grc'><strong>››</strong></span> <span class='ocrx_word' id='word_1_371' title='bbox 1417 3133 1581 3199; x_wconf 87' lang='lat' dir='ltr'><strong>Quod</strong></span> <span class='ocrx_word' id='word_1_372' title='bbox 1615 3133 1857 3191; x_wconf 84' lang='lat' dir='ltr'><strong>verbum</strong></span> <span class='ocrx_word' id='word_1_373' title='bbox 1879 3135 1906 3190; x_wconf 64' lang='grc' dir='ltr'>τί</span> <span class='ocrx_word' id='word_1_374' title='bbox 1927 3135 2092 3201; x_wconf 89' lang='lat' dir='ltr'><strong>Quod</strong></span> 
     </span>
    </p>
   </div>
   <div class='ocr_carea' id='block_1_50' title="bbox 443 3221 2090 3298">
    <p class='ocr_par' dir='ltr' id='par_1_50' title="bbox 443 3221 2090 3298">
     <span class='ocr_line' id='line_1_50' title="bbox 443 3221 2090 3298; baseline 0 -18"><span class='ocrx_word' id='word_1_375' title='bbox 443 3225 570 3298; x_wconf 89' lang='lat' dir='ltr'><strong>ipse</strong></span> <span class='ocrx_word' id='word_1_376' title='bbox 602 3223 749 3279; x_wconf 85' lang='lat' dir='ltr'><strong>dixit</strong></span> <span class='ocrx_word' id='word_1_377' title='bbox 778 3221 1482 3296; x_wconf 88' lang='lat' dir='ltr'><strong>apostolis.Baptizantes,</strong></span> <span class='ocrx_word' id='word_1_378' title='bbox 1515 3224 1728 3296; x_wconf 90' lang='lat' dir='ltr'><strong>inquit,</strong></span> <span class='ocrx_word' id='word_1_379' title='bbox 1753 3240 1853 3280; x_wconf 90' lang='lat' dir='ltr'><strong>eos</strong></span> <span class='ocrx_word' id='word_1_380' title='bbox 1885 3224 1943 3285; x_wconf 87' lang='lat' dir='ltr'><strong>in</strong></span> <span class='ocrx_word' id='word_1_381' title='bbox 1984 3241 2090 3280; x_wconf 86' lang='lat' dir='ltr'><strong>no-</strong></span> 
     </span>
    </p>
   </div>
   <div class='ocr_carea' id='block_1_51' title="bbox 2205 2054 3826 2135">
    <p class='ocr_par' dir='ltr' id='par_1_51' title="bbox 2205 2054 3826 2135">
     <span class='ocr_line' id='line_1_51' title="bbox 2205 2054 3826 2135; baseline -0.001 -22"><span class='ocrx_word' id='word_1_382' title='bbox 2205 2058 2383 2135; x_wconf 83' lang='grc' dir='ltr'>ἀγάπα</span> <span class='ocrx_word' id='word_1_383' title='bbox 2422 2059 2588 2129; x_wconf 73' lang='grc' dir='ltr'>αὐτὴν</span> <span class='ocrx_word' id='word_1_384' title='bbox 2618 2061 2696 2124; x_wconf 83' lang='grc' dir='ltr'>ὡς</span> <span class='ocrx_word' id='word_1_385' title='bbox 2726 2061 2754 2116; x_wconf 80' lang='grc' dir='ltr'>ὁ</span> <span class='ocrx_word' id='word_1_386' title='bbox 2786 2060 2981 2135; x_wconf 72' lang='grc' dir='ltr'>Κύριος</span> <span class='ocrx_word' id='word_1_387' title='bbox 3032 2062 3135 2130; x_wconf 73' lang='grc' dir='ltr'>τὴν</span> <span class='ocrx_word' id='word_1_388' title='bbox 3188 2059 3547 2129; x_wconf 79' lang='grc' dir='ltr'>Ἐκκλησίαν.</span> <span class='ocrx_word' id='word_1_389' title='bbox 3609 2055 3712 2116; x_wconf 69' lang='grc' dir='ltr'>Κᾶν</span> <span class='ocrx_word' id='word_1_390' title='bbox 3756 2054 3826 2129; x_wconf 74' lang='grc' dir='ltr'><strong>δὲῃ</strong></span> 
     </span>
    </p>
   </div>
   <div class='ocr_carea' id='block_1_52' title="bbox 2202 2148 3824 2223">
    <p class='ocr_par' dir='ltr' id='par_1_52' title="bbox 2202 2148 3824 2223">
     <span class='ocr_line' id='line_1_52' title="bbox 2202 2148 3824 2223; baseline -0.003 -19"><span class='ocrx_word' id='word_1_391' title='bbox 2202 2170 2254 2204; x_wconf 91' lang='grc' dir='ltr'><strong>τι</strong></span> <span class='ocrx_word' id='word_1_392' title='bbox 2285 2154 2473 2213; x_wconf 77' lang='grc' dir='ltr'>παθεῖν</span> <span class='ocrx_word' id='word_1_393' title='bbox 2504 2150 2634 2223; x_wconf 78' lang='grc' dir='ltr'>ὑπὲρ</span> <span class='ocrx_word' id='word_1_394' title='bbox 2666 2150 2856 2219; x_wconf 78' lang='grc' dir='ltr'>αὐτῆς,</span> <span class='ocrx_word' id='word_1_395' title='bbox 2888 2150 2985 2205; x_wconf 74' lang='grc' dir='ltr'>κᾶν</span> <span class='ocrx_word' id='word_1_396' title='bbox 3046 2150 3353 2220; x_wconf 81' lang='grc' dir='ltr'>ἀποθανεῖν,</span> <span class='ocrx_word' id='word_1_397' title='bbox 3388 2150 3469 2223; x_wconf 72' lang='grc' dir='ltr'>μὴ</span> <span class='ocrx_word' id='word_1_398' title='bbox 3526 2148 3824 2222; x_wconf 65' lang='grc' dir='ltr'>παραιτήσῃ.</span> 
     </span>
    </p>
   </div>
   <div class='ocr_carea' id='block_1_53' title="bbox 2206 2237 3831 2315">
    <p class='ocr_par' dir='ltr' id='par_1_53' title="bbox 2206 2237 3831 2315">
     <span class='ocr_line' id='line_1_53' title="bbox 2206 2237 3831 2315; baseline -0.002 -23"><span class='ocrx_word' id='word_1_399' title='bbox 2206 2238 2281 2293; x_wconf 78' lang='grc' dir='ltr'><strong>Σὺ</strong></span> <span class='ocrx_word' id='word_1_400' title='bbox 2317 2238 2410 2312; x_wconf 74' lang='grc' dir='ltr'>μὲν</span> <span class='ocrx_word' id='word_1_401' title='bbox 2438 2237 2541 2315; x_wconf 75' lang='grc' dir='ltr'><strong>γὰρ</strong></span> <span class='ocrx_word' id='word_1_402' title='bbox 2588 2237 2726 2302; x_wconf 82' lang='grc' dir='ltr'>’ἰσως</span> <span class='ocrx_word' id='word_1_403' title='bbox 2786 2239 2865 2303; x_wconf 82' lang='grc' dir='ltr'><strong>είς</strong></span> <span class='ocrx_word' id='word_1_404' title='bbox 2925 2238 3368 2313; x_wconf 70' lang='grc' dir='ltr'>ὑποτεταγμένην</span> <span class='ocrx_word' id='word_1_405' title='bbox 3425 2239 3522 2293; x_wconf 79' lang='grc' dir='ltr'><strong>καὶ</strong></span> <span class='ocrx_word' id='word_1_406' title='bbox 3579 2237 3831 2313; x_wconf 78' lang='grc' dir='ltr'>ἀγαπῶσαν</span> 
     </span>
    </p>
   </div>
   <div class='ocr_carea' id='block_1_54' title="bbox 2201 2323 3831 2403">
    <p class='ocr_par' dir='ltr' id='par_1_54' title="bbox 2201 2323 3831 2403">
     <span class='ocr_line' id='line_1_54' title="bbox 2201 2323 3831 2403; baseline -0.002 -21"><span class='ocrx_word' id='word_1_407' title='bbox 2201 2331 2372 2384; x_wconf 72' lang='grc' dir='ltr'>ταῦτα</span> <span class='ocrx_word' id='word_1_408' title='bbox 2402 2325 2658 2403; x_wconf 75' lang='grc' dir='ltr'>ἐπιδείξῃο</span> <span class='ocrx_word' id='word_1_409' title='bbox 2719 2330 2746 2384; x_wconf 81' lang='grc' dir='ltr'>ὁ</span> <span class='ocrx_word' id='word_1_410' title='bbox 2807 2325 2865 2383; x_wconf 65' lang='grc' dir='ltr'><strong>δὲ</strong></span> <span class='ocrx_word' id='word_1_411' title='bbox 2919 2328 3166 2403; x_wconf 79' lang='grc' dir='ltr'>Χριστὸς</span> <span class='ocrx_word' id='word_1_412' title='bbox 3211 2327 3290 2390; x_wconf 70' lang='grc' dir='ltr'><strong>είς</strong></span> <span class='ocrx_word' id='word_1_413' title='bbox 3321 2325 3530 2402; x_wconf 69' lang='grc' dir='ltr'>ἐχθρὰν</span> <span class='ocrx_word' id='word_1_414' title='bbox 3585 2326 3671 2381; x_wconf 75' lang='grc' dir='ltr'><strong>καὶ</strong></span> <span class='ocrx_word' id='word_1_415' title='bbox 3722 2323 3831 2379; x_wconf 83' lang='grc' dir='ltr'>ἀπο-</span> 
     </span>
    </p>
   </div>
   <div class='ocr_carea' id='block_1_55' title="bbox 2204 2415 3823 2495">
    <p class='ocr_par' dir='ltr' id='par_1_55' title="bbox 2204 2415 3823 2495">
     <span class='ocr_line' id='line_1_55' title="bbox 2204 2415 3823 2495; baseline -0.003 -23"><span class='ocrx_word' id='word_1_416' title='bbox 2204 2415 2595 2495; x_wconf 68' lang='grc' dir='ltr'>στρεφομένην,</span> <span class='ocrx_word' id='word_1_417' title='bbox 2626 2417 2718 2471; x_wconf 79' lang='grc' dir='ltr'><strong>καὶ</strong></span> <span class='ocrx_word' id='word_1_418' title='bbox 2751 2416 3076 2492; x_wconf 69' lang='grc' dir='ltr'>φεύγουσαν.</span> <span class='ocrx_word' id='word_1_419' title='bbox 3113 2439 3142 2471; x_wconf 80' lang='grc' dir='ltr'><strong>σ</strong></span> <span class='ocrx_word' id='word_1_420' title='bbox 3169 2418 3283 2474; x_wconf 84' lang='grc' dir='ltr'>Ἰνα</span> <span class='ocrx_word' id='word_1_421' title='bbox 3342 2416 3519 2487; x_wconf 74' lang='grc' dir='ltr'>αὐτὴν</span> <span class='ocrx_word' id='word_1_422' title='bbox 3579 2415 3777 2491; x_wconf 81' lang='grc' dir='ltr'>ἀγιάσῃ.</span> <span class='ocrx_word' id='word_1_423' title='bbox 3806 2438 3823 2467; x_wconf 78' lang='grc' dir='ltr'><strong>ι</strong></span> 
     </span>
    </p>
   </div>
   <div class='ocr_carea' id='block_1_56' title="bbox 2202 2501 3827 2581">
    <p class='ocr_par' dir='ltr' id='par_1_56' title="bbox 2202 2501 3827 2581">
     <span class='ocr_line' id='line_1_56' title="bbox 2202 2501 3827 2581; baseline -0.005 -19"><span class='ocrx_word' id='word_1_424' title='bbox 2202 2509 2343 2580; x_wconf 66' lang='lat' dir='ltr'><strong>&quot;Ap:</strong></span> <span class='ocrx_word' id='word_1_425' title='bbox 2402 2504 2494 2560; x_wconf 76' lang='grc' dir='ltr'>οὖν</span> <span class='ocrx_word' id='word_1_426' title='bbox 2555 2504 2782 2581; x_wconf 82' lang='grc' dir='ltr'>ἄναγνος</span> <span class='ocrx_word' id='word_1_427' title='bbox 2861 2506 2928 2576; x_wconf 72' lang='grc' dir='ltr'>ἦν</span> <span class='ocrx_word' id='word_1_428' title='bbox 2983 2505 3074 2561; x_wconf 80' lang='grc' dir='ltr'><strong>καὶ</strong></span> <span class='ocrx_word' id='word_1_429' title='bbox 3136 2504 3465 2580; x_wconf 73' lang='grc' dir='ltr'>ἀκάθαρτοςο</span> <span class='ocrx_word' id='word_1_430' title='bbox 3540 2505 3738 2566; x_wconf 82' lang='grc' dir='ltr'>οίανοῦς</span> <span class='ocrx_word' id='word_1_431' title='bbox 3791 2501 3827 2556; x_wconf 73' lang='grc' dir='ltr'><strong>εἰ</strong></span> 
     </span>
    </p>
   </div>
   <div class='ocr_carea' id='block_1_57' title="bbox 2203 2589 3822 2670">
    <p class='ocr_par' dir='ltr' id='par_1_57' title="bbox 2203 2589 3822 2670">
     <span class='ocr_line' id='line_1_57' title="bbox 2203 2589 3822 2670; baseline -0.002 -20"><span class='ocrx_word' id='word_1_432' title='bbox 2203 2589 2395 2654; x_wconf 78' lang='grc' dir='ltr'>λάϐοις</span> <span class='ocrx_word' id='word_1_433' title='bbox 2472 2600 2719 2670; x_wconf 85' lang='grc' dir='ltr'>γυναῖκα,</span> <span class='ocrx_word' id='word_1_434' title='bbox 2777 2595 2885 2650; x_wconf 79' lang='grc' dir='ltr'><strong>οὐκ</strong></span> <span class='ocrx_word' id='word_1_435' title='bbox 2944 2597 3003 2651; x_wconf 77' lang='grc' dir='ltr'>ἂν</span> <span class='ocrx_word' id='word_1_436' title='bbox 3062 2594 3236 2658; x_wconf 75' lang='grc' dir='ltr'>οὕτως</span> <span class='ocrx_word' id='word_1_437' title='bbox 3294 2595 3605 2668; x_wconf 77' lang='grc' dir='ltr'>ἀκάθαρτον</span> <span class='ocrx_word' id='word_1_438' title='bbox 3676 2591 3822 2665; x_wconf 74' lang='grc' dir='ltr'>λήψῃ.</span> 
     </span>
    </p>
   </div>
   <div class='ocr_carea' id='block_1_58' title="bbox 2200 2678 3827 2757">
    <p class='ocr_par' dir='ltr' id='par_1_58' title="bbox 2200 2678 3827 2757">
     <span class='ocr_line' id='line_1_58' title="bbox 2200 2678 3827 2757; baseline -0.006 -17"><span class='ocrx_word' id='word_1_439' title='bbox 2200 2680 2358 2740; x_wconf 81' lang='grc' dir='ltr'>Ἀλλ’</span> <span class='ocrx_word' id='word_1_440' title='bbox 2391 2682 2489 2738; x_wconf 77' lang='grc' dir='ltr'>οὐκ</span> <span class='ocrx_word' id='word_1_441' title='bbox 2517 2679 2843 2739; x_wconf 82' lang='grc' dir='ltr'>ὠνείδισενὸ</span> <span class='ocrx_word' id='word_1_442' title='bbox 2891 2684 3119 2757; x_wconf 81' lang='grc' dir='ltr'>Χριστὸς</span> <span class='ocrx_word' id='word_1_443' title='bbox 3168 2684 3269 2754; x_wconf 78' lang='grc' dir='ltr'><strong>τήν</strong></span> <span class='ocrx_word' id='word_1_444' title='bbox 3330 2683 3686 2754; x_wconf 74' lang='grc' dir='ltr'>Ἐκκλησίαν,</span> <span class='ocrx_word' id='word_1_445' title='bbox 3734 2678 3827 2733; x_wconf 67' lang='grc' dir='ltr'>οἵαν</span> 
     </span>
    </p>
   </div>
   <div class='ocr_carea' id='block_1_59' title="bbox 2201 2767 3827 2848">
    <p class='ocr_par' dir='ltr' id='par_1_59' title="bbox 2201 2767 3827 2848">
     <span class='ocr_line' id='line_1_59' title="bbox 2201 2767 3827 2848; baseline -0.001 -22"><span class='ocrx_word' id='word_1_446' title='bbox 2201 2771 2370 2842; x_wconf 74' lang='grc' dir='ltr'>αὐτὴν</span> <span class='ocrx_word' id='word_1_447' title='bbox 2405 2772 2589 2828; x_wconf 76' lang='grc' dir='ltr'>οὖσαν·</span> <span class='ocrx_word' id='word_1_448' title='bbox 2612 2773 2810 2828; x_wconf 75' lang='grc' dir='ltr'>οὐκοῦν</span> <span class='ocrx_word' id='word_1_449' title='bbox 2848 2770 2988 2845; x_wconf 73' lang='grc' dir='ltr'>μηδὲ</span> <span class='ocrx_word' id='word_1_450' title='bbox 3018 2772 3080 2827; x_wconf 77' lang='grc' dir='ltr'>σὺ</span> <span class='ocrx_word' id='word_1_451' title='bbox 3095 2773 3199 2842; x_wconf 77' lang='grc' dir='ltr'><strong>τήν</strong></span> <span class='ocrx_word' id='word_1_452' title='bbox 3230 2776 3433 2829; x_wconf 86' lang='grc' dir='ltr'>σαυτοῦ</span> <span class='ocrx_word' id='word_1_453' title='bbox 3466 2767 3827 2848; x_wconf 51' lang='lat' dir='ltr'><strong>Tranium-Kc?</strong></span> 
     </span>
    </p>
   </div>
   <div class='ocr_carea' id='block_1_60' title="bbox 2199 2859 3825 2938">
    <p class='ocr_par' dir='ltr' id='par_1_60' title="bbox 2199 2859 3825 2938">
     <span class='ocr_line' id='line_1_60' title="bbox 2199 2859 3825 2938; baseline -0.009 -11"><span class='ocrx_word' id='word_1_454' title='bbox 2199 2859 2498 2933; x_wconf 78' lang='grc' dir='ltr'>καθαρίσας</span> <span class='ocrx_word' id='word_1_455' title='bbox 2526 2867 2607 2936; x_wconf 82' lang='grc' dir='ltr'>τῷ</span> <span class='ocrx_word' id='word_1_456' title='bbox 2638 2859 2880 2938; x_wconf 78' lang='grc' dir='ltr'>λουτρῷ.</span> <span class='ocrx_word' id='word_1_457' title='bbox 2939 2883 2969 2914; x_wconf 68' lang='grc' dir='ltr'><strong><em>υ</em></strong></span> <span class='ocrx_word' id='word_1_458' title='bbox 3017 2862 3302 2930; x_wconf 81' lang='grc' dir='ltr'>Τουτὲστι,</span> <span class='ocrx_word' id='word_1_459' title='bbox 3359 2865 3444 2934; x_wconf 80' lang='grc' dir='ltr'>τῷ</span> <span class='ocrx_word' id='word_1_460' title='bbox 3507 2859 3825 2937; x_wconf 75' lang='grc' dir='ltr'>βαπτίσματι.</span> 
     </span>
    </p>
   </div>
   <div class='ocr_carea' id='block_1_61' title="bbox 2200 2949 3821 3028">
    <p class='ocr_par' dir='ltr' id='par_1_61' title="bbox 2200 2949 3821 3028">
     <span class='ocr_line' id='line_1_61' title="bbox 2200 2949 3821 3028; baseline -0.001 -21"><span class='ocrx_word' id='word_1_461' title='bbox 2200 2949 2505 3007; x_wconf 79' lang='grc' dir='ltr'>Ἀπὲλουσε</span> <span class='ocrx_word' id='word_1_462' title='bbox 2532 2952 2634 3028; x_wconf 67' lang='grc' dir='ltr'><strong>γὰρ</strong></span> <span class='ocrx_word' id='word_1_463' title='bbox 2666 2951 2838 3020; x_wconf 80' lang='grc' dir='ltr'>αὐτῆς</span> <span class='ocrx_word' id='word_1_464' title='bbox 2868 2953 2968 3022; x_wconf 75' lang='grc' dir='ltr'><strong>τὴν</strong></span> <span class='ocrx_word' id='word_1_465' title='bbox 3010 2950 3360 3025; x_wconf 85' lang='grc' dir='ltr'>ἀκαθαρσίαν.</span> <span class='ocrx_word' id='word_1_466' title='bbox 3386 2974 3416 3002; x_wconf 78' lang='grc' dir='ltr'><strong>α</strong></span> <span class='ocrx_word' id='word_1_467' title='bbox 3453 2953 3540 3008; x_wconf 86' lang='grc' dir='ltr'>Ἐν</span> <span class='ocrx_word' id='word_1_468' title='bbox 3569 2951 3772 3025; x_wconf 69' lang='grc' dir='ltr'>ῥήματι.</span> <span class='ocrx_word' id='word_1_469' title='bbox 3802 2971 3821 2995; x_wconf 75' lang='grc' dir='ltr'>ι»</span> 
     </span>
    </p>
   </div>
   <div class='ocr_carea' id='block_1_62' title="bbox 2197 3036 3817 3115">
    <p class='ocr_par' dir='ltr' id='par_1_62' title="bbox 2197 3036 3817 3115">
     <span class='ocr_line' id='line_1_62' title="bbox 2197 3036 3817 3115; baseline -0.004 -21"><span class='ocrx_word' id='word_1_470' title='bbox 2197 3038 2348 3112; x_wconf 83' lang='grc' dir='ltr'>Ποίῳ</span> <span class='ocrx_word' id='word_1_471' title='bbox 2377 3041 2583 3115; x_wconf 79' lang='grc' dir='ltr'>ῥήματι</span> <span class='ocrx_word' id='word_1_472' title='bbox 2621 3056 2634 3110; x_wconf 86' lang='grc'><strong>;</strong></span> <span class='ocrx_word' id='word_1_473' title='bbox 2665 3041 2733 3098; x_wconf 84' lang='grc' dir='ltr'><strong>’Ὀ</strong></span> <span class='ocrx_word' id='word_1_474' title='bbox 2763 3040 2925 3103; x_wconf 69' lang='grc' dir='ltr'>αὖτὸς</span> <span class='ocrx_word' id='word_1_475' title='bbox 2957 3040 3075 3095; x_wconf 80' lang='grc' dir='ltr'>εἶπε</span> <span class='ocrx_word' id='word_1_476' title='bbox 3103 3044 3223 3102; x_wconf 83' lang='grc' dir='ltr'>τοῖς</span> <span class='ocrx_word' id='word_1_477' title='bbox 3255 3038 3618 3102; x_wconf 74' lang='grc' dir='ltr'>ἀποστόλοις’</span> <span class='ocrx_word' id='word_1_478' title='bbox 3652 3036 3817 3095; x_wconf 55' lang='lat' dir='ltr'><strong>Batti-</strong></span> 
     </span>
    </p>
   </div>
   <div class='ocr_carea' id='block_1_63' title="bbox 2199 3124 3804 3206">
    <p class='ocr_par' dir='ltr' id='par_1_63' title="bbox 2199 3124 3804 3206">
     <span class='ocr_line' id='line_1_63' title="bbox 2199 3124 3804 3206; baseline 0.002 -23"><span class='ocrx_word' id='word_1_479' title='bbox 2199 3136 2379 3200; x_wconf 84' lang='grc' dir='ltr'>ζοντες</span> <span class='ocrx_word' id='word_1_480' title='bbox 2441 3129 2658 3201; x_wconf 80' lang='grc' dir='ltr'>αὐτοὺς,</span> <span class='ocrx_word' id='word_1_481' title='bbox 2718 3129 2905 3206; x_wconf 83' lang='grc' dir='ltr'>φησὶν,</span> <span class='ocrx_word' id='word_1_482' title='bbox 2975 3129 3051 3192; x_wconf 74' lang='grc' dir='ltr'><strong>εἷς</strong></span> <span class='ocrx_word' id='word_1_483' title='bbox 3101 3129 3163 3184; x_wconf 83' lang='grc' dir='ltr'>τὸ</span> <span class='ocrx_word' id='word_1_484' title='bbox 3231 3124 3411 3202; x_wconf 77' lang='grc' dir='ltr'>ὄνομα</span> <span class='ocrx_word' id='word_1_485' title='bbox 3473 3133 3573 3184; x_wconf 74' lang='grc' dir='ltr'>τοῦ</span> <span class='ocrx_word' id='word_1_486' title='bbox 3627 3126 3804 3200; x_wconf 73' lang='grc' dir='ltr'>[ἰατρὸς</span> 
     </span>
    </p>
   </div>
   <div class='ocr_carea' id='block_1_64' title="bbox 2196 3214 3823 3293">
    <p class='ocr_par' dir='ltr' id='par_1_64' title="bbox 2196 3214 3823 3293">
     <span class='ocr_line' id='line_1_64' title="bbox 2196 3214 3823 3293; baseline -0.006 -19"><span class='ocrx_word' id='word_1_487' title='bbox 2196 3219 2287 3274; x_wconf 87' lang='grc' dir='ltr'><strong>καὶ</strong></span> <span class='ocrx_word' id='word_1_488' title='bbox 2319 3222 2415 3274; x_wconf 78' lang='grc' dir='ltr'><strong>τοῦ</strong></span> <span class='ocrx_word' id='word_1_489' title='bbox 2453 3220 2604 3290; x_wconf 78' lang='grc' dir='ltr'><strong>Υίοῦ,</strong></span> <span class='ocrx_word' id='word_1_490' title='bbox 2635 3219 2725 3274; x_wconf 85' lang='grc' dir='ltr'><strong>καὶ</strong></span> <span class='ocrx_word' id='word_1_491' title='bbox 2784 3222 2883 3274; x_wconf 70' lang='grc' dir='ltr'><strong>τοῦ⁹</strong></span> <span class='ocrx_word' id='word_1_492' title='bbox 2943 3218 3095 3293; x_wconf 82' lang='grc' dir='ltr'>ἁγίου</span> <span class='ocrx_word' id='word_1_493' title='bbox 3155 3218 3500 3292; x_wconf 77' lang='grc' dir='ltr'>Πνεΰματος.</span> <span class='ocrx_word' id='word_1_494' title='bbox 3539 3242 3569 3270; x_wconf 86' lang='grc'><em>‹‹</em></span> <span class='ocrx_word' id='word_1_495' title='bbox 3609 3214 3823 3285; x_wconf 73' lang='grc' dir='ltr'>Ἔνδοξον</span> 
     </span>
    </p>
   </div>
   <div class='ocr_carea' id='block_1_65' title="bbox 441 3298 2094 3385">
    <p class='ocr_par' dir='ltr' id='par_1_65' title="bbox 441 3313 2091 3385">
     <span class='ocr_line' id='line_1_65' title="bbox 441 3313 2091 3385; baseline 0.002 -15"><span class='ocrx_word' id='word_1_496' title='bbox 441 3314 809 3371; x_wconf 86' lang='lat' dir='ltr'><strong>minePatris</strong></span> <span class='ocrx_word' id='word_1_497' title='bbox 833 3318 891 3369; x_wconf 91' lang='lat' dir='ltr'><strong>et</strong></span> <span class='ocrx_word' id='word_1_498' title='bbox 930 3313 1059 3368; x_wconf 89' lang='lat' dir='ltr'><strong>Filii</strong></span> <span class='ocrx_word' id='word_1_499' title='bbox 1085 3319 1141 3368; x_wconf 89' lang='lat' dir='ltr'><strong>et</strong></span> <span class='ocrx_word' id='word_1_500' title='bbox 1181 3313 1432 3385; x_wconf 86' lang='lat' dir='ltr'><strong>Spiritus</strong></span> <span class='ocrx_word' id='word_1_501' title='bbox 1457 3316 1665 3371; x_wconf 85' lang='lat' dir='ltr'><strong>sancti.</strong></span> <span class='ocrx_word' id='word_1_502' title='bbox 1701 3340 1728 3366; x_wconf 90' lang='grc'><strong>‹‹</strong></span> <span class='ocrx_word' id='word_1_503' title='bbox 1763 3315 2091 3373; x_wconf 86' lang='lat' dir='ltr'><strong>Gloriosam</strong></span> 
     </span>
    </p>
   </div>
   <div class='ocr_carea' id='block_1_66' title="bbox 2201 3298 3824 3385">
    <p class='ocr_par' dir='ltr' id='par_1_66' title="bbox 2205 3298 3824 3383">
     <span class='ocr_line' id='line_1_66' title="bbox 2205 3298 3824 3383; baseline -0.004 -20"><span class='ocrx_word' id='word_1_504' title='bbox 2205 3311 2304 3378; x_wconf 86' lang='grc' dir='ltr'><strong>τήν</strong></span> <span class='ocrx_word' id='word_1_505' title='bbox 2354 3306 2700 3381; x_wconf 84' lang='grc' dir='ltr'>Ἐκκλησίαν.</span> <span class='ocrx_word' id='word_1_506' title='bbox 2747 3307 2930 3383; x_wconf 77' lang='grc' dir='ltr'>»Οὐχ</span> <span class='ocrx_word' id='word_1_507' title='bbox 2954 3306 3145 3368; x_wconf 74' lang='grc' dir='ltr'>ἁπλῶς</span> <span class='ocrx_word' id='word_1_508' title='bbox 3202 3308 3471 3382; x_wconf 70' lang='grc' dir='ltr'>καθαράν,</span> <span class='ocrx_word' id='word_1_509' title='bbox 3529 3305 3648 3363; x_wconf 84' lang='grc' dir='ltr'>ἀλλ’</span> <span class='ocrx_word' id='word_1_510' title='bbox 3700 3298 3824 3360; x_wconf 74' lang='grc' dir='ltr'>ἔνδο-</span> 
     </span>
    </p>
   </div>
   <div class='ocr_carea' id='block_1_67' title="bbox 440 3401 2085 3477">
    <p class='ocr_par' dir='ltr' id='par_1_67' title="bbox 440 3401 2085 3477">
     <span class='ocr_line' id='line_1_67' title="bbox 440 3401 2085 3477; baseline 0.002 -20"><span class='ocrx_word' id='word_1_511' title='bbox 440 3401 824 3457; x_wconf 81' lang='lat' dir='ltr'><strong>Ecclesiam.»</strong></span> <span class='ocrx_word' id='word_1_512' title='bbox 848 3402 974 3457; x_wconf 82' lang='lat' dir='ltr'><strong>Non</strong></span> <span class='ocrx_word' id='word_1_513' title='bbox 990 3408 1293 3472; x_wconf 89' lang='lat' dir='ltr'><strong>utcunque</strong></span> <span class='ocrx_word' id='word_1_514' title='bbox 1342 3419 1573 3474; x_wconf 83' lang='lat' dir='ltr'><strong>puram,</strong></span> <span class='ocrx_word' id='word_1_515' title='bbox 1609 3403 1711 3459; x_wconf 90' lang='lat' dir='ltr'><strong>sed</strong></span> <span class='ocrx_word' id='word_1_516' title='bbox 1742 3405 2085 3477; x_wconf 82' lang='lat' dir='ltr'><strong>gloriosam.</strong></span> 
     </span>
    </p>
   </div>
   <div class='ocr_carea' id='block_1_68' title="bbox 444 3487 2089 3561">
    <p class='ocr_par' dir='ltr' id='par_1_68' title="bbox 444 3487 2089 3561">
     <span class='ocr_line' id='line_1_68' title="bbox 444 3487 2089 3561; baseline 0.004 -17"><span class='ocrx_word' id='word_1_517' title='bbox 444 3487 954 3555; x_wconf 86' lang='lat' dir='ltr'><strong>Quemadmodum</strong></span> <span class='ocrx_word' id='word_1_518' title='bbox 968 3488 1146 3561; x_wconf 82' lang='lat' dir='ltr'><strong>igitur</strong></span> <span class='ocrx_word' id='word_1_519' title='bbox 1159 3488 1421 3544; x_wconf 87' lang='lat' dir='ltr'><strong>Christus</strong></span> <span class='ocrx_word' id='word_1_520' title='bbox 1435 3496 1783 3547; x_wconf 89' lang='lat' dir='ltr'><strong>cunctorum</strong></span> <span class='ocrx_word' id='word_1_521' title='bbox 1801 3498 1889 3549; x_wconf 91' lang='lat' dir='ltr'><strong>est</strong></span> <span class='ocrx_word' id='word_1_522' title='bbox 1911 3512 2089 3550; x_wconf 87' lang='lat' dir='ltr'><strong>causa</strong></span> 
     </span>
    </p>
   </div>
   <div class='ocr_carea' id='block_1_69' title="bbox 445 3576 2091 3649">
    <p class='ocr_par' dir='ltr' id='par_1_69' title="bbox 445 3576 2091 3649">
     <span class='ocr_line' id='line_1_69' title="bbox 445 3576 2091 3649; baseline 0.003 -15"><span class='ocrx_word' id='word_1_523' title='bbox 445 3578 737 3634; x_wconf 89' lang='lat' dir='ltr'><strong>bonorum</strong></span> <span class='ocrx_word' id='word_1_524' title='bbox 772 3596 787 3644; x_wconf 84' lang='lat'><strong>;</strong></span> <span class='ocrx_word' id='word_1_525' title='bbox 820 3578 902 3632; x_wconf 88' lang='lat' dir='ltr'><strong>ita</strong></span> <span class='ocrx_word' id='word_1_526' title='bbox 931 3582 990 3631; x_wconf 88' lang='lat' dir='ltr'><strong>et</strong></span> <span class='ocrx_word' id='word_1_527' title='bbox 1018 3576 1266 3649; x_wconf 86' lang='lat' dir='ltr'><strong>tujuxta</strong></span> <span class='ocrx_word' id='word_1_528' title='bbox 1287 3576 1437 3633; x_wconf 86' lang='lat' dir='ltr'><strong>vires</strong></span> <span class='ocrx_word' id='word_1_529' title='bbox 1468 3583 1582 3634; x_wconf 82' lang='lat' dir='ltr'><strong>tuae</strong></span> <span class='ocrx_word' id='word_1_530' title='bbox 1616 3586 1739 3634; x_wconf 92' lang='lat' dir='ltr'><strong>esto</strong></span> <span class='ocrx_word' id='word_1_531' title='bbox 1786 3582 1976 3640; x_wconf 82' lang='lat' dir='ltr'><strong>uxori.</strong></span> <span class='ocrx_word' id='word_1_532' title='bbox 2022 3586 2091 3639; x_wconf 89' lang='lat' dir='ltr'><strong>Et</strong></span> 
     </span>
    </p>
   </div>
   <div class='ocr_carea' id='block_1_70' title="bbox 446 3666 2088 3742">
    <p class='ocr_par' dir='ltr' id='par_1_70' title="bbox 446 3666 2088 3742">
     <span class='ocr_line' id='line_1_70' title="bbox 446 3666 2088 3742; baseline 0.003 -19"><span class='ocrx_word' id='word_1_533' title='bbox 446 3666 599 3724; x_wconf 88' lang='lat' dir='ltr'><strong>sicut</strong></span> <span class='ocrx_word' id='word_1_534' title='bbox 626 3667 752 3739; x_wconf 90' lang='lat' dir='ltr'><strong>ipse</strong></span> <span class='ocrx_word' id='word_1_535' title='bbox 784 3667 1050 3737; x_wconf 88' lang='lat' dir='ltr'><strong>corporis</strong></span> <span class='ocrx_word' id='word_1_536' title='bbox 1082 3683 1203 3721; x_wconf 91' lang='lat' dir='ltr'><strong>non</strong></span> <span class='ocrx_word' id='word_1_537' title='bbox 1253 3667 1506 3739; x_wconf 85' lang='lat' dir='ltr'><strong>requirit</strong></span> <span class='ocrx_word' id='word_1_538' title='bbox 1560 3667 2088 3742; x_wconf 86' lang='lat' dir='ltr'><strong>pulchritudinem,</strong></span> 
     </span>
    </p>
   </div>
   <div class='ocr_carea' id='block_1_71' title="bbox 445 3755 2089 3828">
    <p class='ocr_par' dir='ltr' id='par_1_71' title="bbox 445 3755 2089 3828">
     <span class='ocr_line' id='line_1_71' title="bbox 445 3755 2089 3828; baseline 0.002 -15"><span class='ocrx_word' id='word_1_539' title='bbox 445 3756 548 3813; x_wconf 88' lang='lat' dir='ltr'><strong>sed</strong></span> <span class='ocrx_word' id='word_1_540' title='bbox 571 3756 897 3819; x_wconf 60' lang='lat' dir='ltr'><strong>animmjta</strong></span> <span class='ocrx_word' id='word_1_541' title='bbox 917 3762 976 3811; x_wconf 92' lang='lat' dir='ltr'><strong>et</strong></span> <span class='ocrx_word' id='word_1_542' title='bbox 1000 3761 1079 3811; x_wconf 92' lang='lat' dir='ltr'><strong>tu.</strong></span> <span class='ocrx_word' id='word_1_543' title='bbox 1099 3757 1241 3811; x_wconf 87' lang='lat' dir='ltr'><strong>Nam</strong></span> <span class='ocrx_word' id='word_1_544' title='bbox 1264 3755 1311 3811; x_wconf 90' lang='lat' dir='ltr'><strong>si</strong></span> <span class='ocrx_word' id='word_1_545' title='bbox 1340 3756 1844 3828; x_wconf 89' lang='lat' dir='ltr'><strong>pulchritudinem</strong></span> <span class='ocrx_word' id='word_1_546' title='bbox 1876 3761 2089 3817; x_wconf 74' lang='lat' dir='ltr'><strong>animm</strong></span> 
     </span>
    </p>
   </div>
   <div class='ocr_carea' id='block_1_72' title="bbox 443 3844 2088 3920">
    <p class='ocr_par' dir='ltr' id='par_1_72' title="bbox 443 3844 2088 3920">
     <span class='ocr_line' id='line_1_72' title="bbox 443 3844 2088 3920; baseline 0.002 -16"><span class='ocrx_word' id='word_1_547' title='bbox 443 3846 724 3919; x_wconf 86' lang='lat' dir='ltr'><strong>requiris,</strong></span> <span class='ocrx_word' id='word_1_548' title='bbox 755 3852 811 3902; x_wconf 89' lang='lat' dir='ltr'><strong>et</strong></span> <span class='ocrx_word' id='word_1_549' title='bbox 841 3846 1031 3918; x_wconf 88' lang='lat' dir='ltr'><strong>ipsam</strong></span> <span class='ocrx_word' id='word_1_550' title='bbox 1056 3846 1128 3901; x_wconf 88' lang='lat' dir='ltr'><strong>ad</strong></span> <span class='ocrx_word' id='word_1_551' title='bbox 1161 3845 1272 3903; x_wconf 90' lang='lat' dir='ltr'><strong>hoc</strong></span> <span class='ocrx_word' id='word_1_552' title='bbox 1328 3844 1582 3920; x_wconf 88' lang='lat' dir='ltr'><strong>dirigas:</strong></span> <span class='ocrx_word' id='word_1_553' title='bbox 1608 3854 1667 3904; x_wconf 89' lang='lat' dir='ltr'><strong>et</strong></span> <span class='ocrx_word' id='word_1_554' title='bbox 1696 3850 1814 3906; x_wconf 90' lang='lat' dir='ltr'><strong>Deo</strong></span> <span class='ocrx_word' id='word_1_555' title='bbox 1873 3855 1931 3905; x_wconf 91' lang='lat' dir='ltr'><strong>et</strong></span> <span class='ocrx_word' id='word_1_556' title='bbox 1982 3852 2088 3908; x_wconf 89' lang='lat' dir='ltr'><strong>tibi</strong></span> 
     </span>
    </p>
   </div>
   <div class='ocr_carea' id='block_1_73' title="bbox 444 3934 2086 4013">
    <p class='ocr_par' dir='ltr' id='par_1_73' title="bbox 444 3934 2086 4013">
     <span class='ocr_line' id='line_1_73' title="bbox 444 3934 2086 4013; baseline 0.001 -22"><span class='ocrx_word' id='word_1_557' title='bbox 444 3934 559 4009; x_wconf 90' lang='lat' dir='ltr'><strong>ipsi</strong></span> <span class='ocrx_word' id='word_1_558' title='bbox 606 3936 919 4007; x_wconf 86' lang='lat' dir='ltr'><strong>pulchram</strong></span> <span class='ocrx_word' id='word_1_559' title='bbox 974 3934 1204 3991; x_wconf 76' lang='lat' dir='ltr'><strong>reddes.</strong></span> <span class='ocrx_word' id='word_1_560' title='bbox 1261 3958 1288 3985; x_wconf 86' lang='grc'><strong>‹‹</strong></span> <span class='ocrx_word' id='word_1_561' title='bbox 1326 3937 1611 3993; x_wconf 85' lang='lat' dir='ltr'><strong>Maculam</strong></span> <span class='ocrx_word' id='word_1_562' title='bbox 1657 3945 1759 3994; x_wconf 88' lang='lat' dir='ltr'><strong>aut</strong></span> <span class='ocrx_word' id='word_1_563' title='bbox 1798 3957 2086 4013; x_wconf 79' lang='lat' dir='ltr'><strong>rugam.»</strong></span> 
     </span>
    </p>
   </div>
   <div class='ocr_carea' id='block_1_74' title="bbox 444 4020 2088 4099">
    <p class='ocr_par' dir='ltr' id='par_1_74' title="bbox 444 4020 2088 4099">
     <span class='ocr_line' id='line_1_74' title="bbox 444 4020 2088 4099; baseline 0.004 -20"><span class='ocrx_word' id='word_1_564' title='bbox 444 4023 558 4079; x_wconf 93' lang='lat' dir='ltr'><strong>Per</strong></span> <span class='ocrx_word' id='word_1_565' title='bbox 579 4024 688 4079; x_wconf 91' lang='lat' dir='ltr'><strong>hoc</strong></span> <span class='ocrx_word' id='word_1_566' title='bbox 720 4022 1009 4079; x_wconf 87' lang='lat' dir='ltr'><strong>animales</strong></span> <span class='ocrx_word' id='word_1_567' title='bbox 1041 4020 1311 4096; x_wconf 83' lang='lat' dir='ltr'><strong>designat</strong></span> <span class='ocrx_word' id='word_1_568' title='bbox 1347 4024 1592 4080; x_wconf 82' lang='lat' dir='ltr'><strong>affectus</strong></span> <span class='ocrx_word' id='word_1_569' title='bbox 1617 4042 1630 4093; x_wconf 91' lang='lat'>;</span> <span class='ocrx_word' id='word_1_570' title='bbox 1657 4043 1907 4099; x_wconf 70' lang='lat' dir='ltr'><strong>qumque</strong></span> <span class='ocrx_word' id='word_1_571' title='bbox 1937 4029 2088 4085; x_wconf 76' lang='lat' dir='ltr'><strong>inte~</strong></span> 
     </span>
    </p>
   </div>
   <div class='ocr_carea' id='block_1_75' title="bbox 445 4113 2092 4192">
    <p class='ocr_par' dir='ltr' id='par_1_75' title="bbox 445 4113 2092 4192">
     <span class='ocr_line' id='line_1_75' title="bbox 445 4113 2092 4192; baseline 0.004 -23"><span class='ocrx_word' id='word_1_572' title='bbox 445 4115 664 4170; x_wconf 90' lang='lat' dir='ltr'><strong>riorem</strong></span> <span class='ocrx_word' id='word_1_573' title='bbox 694 4114 1001 4169; x_wconf 87' lang='lat' dir='ltr'><strong>hominem</strong></span> <span class='ocrx_word' id='word_1_574' title='bbox 1036 4113 1361 4169; x_wconf 83' lang='lat' dir='ltr'><strong>deformem</strong></span> <span class='ocrx_word' id='word_1_575' title='bbox 1394 4116 1679 4171; x_wconf 79' lang='lat' dir='ltr'><strong>efﬁciunt.</strong></span> <span class='ocrx_word' id='word_1_576' title='bbox 1716 4140 1743 4167; x_wconf 88' lang='grc'><em>‹‹</em></span> <span class='ocrx_word' id='word_1_577' title='bbox 1777 4119 1850 4174; x_wconf 88' lang='lat' dir='ltr'><strong>Ut</strong></span> <span class='ocrx_word' id='word_1_578' title='bbox 1878 4119 2092 4192; x_wconf 89' lang='lat' dir='ltr'><strong>suaip-</strong></span> 
     </span>
    </p>
   </div>
   <div class='ocr_carea' id='block_1_76' title="bbox 448 4206 2089 4282">
    <p class='ocr_par' dir='ltr' id='par_1_76' title="bbox 448 4206 2089 4282">
     <span class='ocr_line' id='line_1_76' title="bbox 448 4206 2089 4282; baseline 0.004 -23"><span class='ocrx_word' id='word_1_579' title='bbox 448 4219 649 4259; x_wconf 88' lang='lat' dir='ltr'><strong>sorum</strong></span> <span class='ocrx_word' id='word_1_580' title='bbox 674 4219 938 4275; x_wconf 86' lang='lat' dir='ltr'><strong>corpora.</strong></span> <span class='ocrx_word' id='word_1_581' title='bbox 974 4226 1001 4251; x_wconf 82' lang='lat'>»</span> <span class='ocrx_word' id='word_1_582' title='bbox 1021 4206 1145 4258; x_wconf 85' lang='lat' dir='ltr'><strong>Non</strong></span> <span class='ocrx_word' id='word_1_583' title='bbox 1189 4209 1471 4276; x_wconf 87' lang='lat' dir='ltr'><strong>tanquam</strong></span> <span class='ocrx_word' id='word_1_584' title='bbox 1495 4206 1568 4259; x_wconf 89' lang='lat' dir='ltr'><strong>ad</strong></span> <span class='ocrx_word' id='word_1_585' title='bbox 1598 4206 1793 4279; x_wconf 88' lang='lat' dir='ltr'><strong>majus</strong></span> <span class='ocrx_word' id='word_1_586' title='bbox 1822 4209 2089 4282; x_wconf 83' lang='lat' dir='ltr'><strong>veniens,</strong></span> 
     </span>
    </p>
   </div>
   <div class='ocr_carea' id='block_1_77' title="bbox 453 4290 2090 4364">
    <p class='ocr_par' dir='ltr' id='par_1_77' title="bbox 453 4290 2090 4364">
     <span class='ocr_line' id='line_1_77' title="bbox 453 4290 2090 4364; baseline 0.004 -16"><span class='ocrx_word' id='word_1_587' title='bbox 453 4290 708 4364; x_wconf 84' lang='lat' dir='ltr'><strong>subjecit</strong></span> <span class='ocrx_word' id='word_1_588' title='bbox 736 4292 960 4364; x_wconf 90' lang='lat' dir='ltr'><strong>proprii</strong></span> <span class='ocrx_word' id='word_1_589' title='bbox 990 4293 1253 4362; x_wconf 85' lang='lat' dir='ltr'><strong>corporis</strong></span> <span class='ocrx_word' id='word_1_590' title='bbox 1281 4294 1638 4364; x_wconf 83' lang='lat' dir='ltr'><strong>exemplum.</strong></span> <span class='ocrx_word' id='word_1_591' title='bbox 1658 4296 1902 4353; x_wconf 85' lang='lat' dir='ltr'><strong>Excedit</strong></span> <span class='ocrx_word' id='word_1_592' title='bbox 1923 4315 2090 4355; x_wconf 87' lang='lat' dir='ltr'><strong>nam-</strong></span> 
     </span>
    </p>
   </div>
   <div class='ocr_carea' id='block_1_78' title="bbox 448 4379 2090 4456">
    <p class='ocr_par' dir='ltr' id='par_1_78' title="bbox 448 4379 2090 4456">
     <span class='ocr_line' id='line_1_78' title="bbox 448 4379 2090 4456; baseline 0.005 -19"><span class='ocrx_word' id='word_1_593' title='bbox 448 4399 563 4454; x_wconf 90' lang='lat' dir='ltr'><strong>que</strong></span> <span class='ocrx_word' id='word_1_594' title='bbox 587 4379 648 4436; x_wconf 89' lang='lat' dir='ltr'><strong>id</strong></span> <span class='ocrx_word' id='word_1_595' title='bbox 696 4382 854 4453; x_wconf 91' lang='lat' dir='ltr'><strong>quod</strong></span> <span class='ocrx_word' id='word_1_596' title='bbox 910 4381 972 4436; x_wconf 92' lang='lat' dir='ltr'><strong>in</strong></span> <span class='ocrx_word' id='word_1_597' title='bbox 1020 4381 1249 4435; x_wconf 89' lang='lat' dir='ltr'><strong>Christo</strong></span> <span class='ocrx_word' id='word_1_598' title='bbox 1295 4386 1385 4437; x_wconf 88' lang='lat' dir='ltr'><strong>est</strong></span> <span class='ocrx_word' id='word_1_599' title='bbox 1415 4399 1551 4455; x_wconf 79' lang='lat' dir='ltr'><strong>erga</strong></span> <span class='ocrx_word' id='word_1_600' title='bbox 1589 4384 1952 4456; x_wconf 88' lang='lat' dir='ltr'><strong>Ecclesiam;</strong></span> <span class='ocrx_word' id='word_1_601' title='bbox 1988 4390 2090 4446; x_wconf 90' lang='lat' dir='ltr'><strong>sed</strong></span> 
     </span>
    </p>
   </div>
   <div class='ocr_carea' id='block_1_79' title="bbox 448 4469 2092 4542">
    <p class='ocr_par' dir='ltr' id='par_1_79' title="bbox 448 4469 2092 4542">
     <span class='ocr_line' id='line_1_79' title="bbox 448 4469 2092 4542; baseline 0.007 -18"><span class='ocrx_word' id='word_1_602' title='bbox 448 4477 733 4542; x_wconf 87' lang='lat' dir='ltr'><strong>tanquam</strong></span> <span class='ocrx_word' id='word_1_603' title='bbox 765 4470 838 4525; x_wconf 89' lang='lat' dir='ltr'><strong>ad</strong></span> <span class='ocrx_word' id='word_1_604' title='bbox 868 4469 1054 4542; x_wconf 88' lang='lat' dir='ltr'><strong>magis</strong></span> <span class='ocrx_word' id='word_1_605' title='bbox 1103 4470 1409 4541; x_wconf 87' lang='lat' dir='ltr'><strong>proprium</strong></span> <span class='ocrx_word' id='word_1_606' title='bbox 1440 4488 1508 4526; x_wconf 91' lang='lat' dir='ltr'><strong>ac</strong></span> <span class='ocrx_word' id='word_1_607' title='bbox 1537 4471 1806 4531; x_wconf 87' lang='lat' dir='ltr'><strong>vicinius.</strong></span> <span class='ocrx_word' id='word_1_608' title='bbox 1850 4477 1992 4532; x_wconf 79' lang='lat' dir='ltr'><strong>Nam</strong></span> <span class='ocrx_word' id='word_1_609' title='bbox 2022 4495 2092 4534; x_wconf 82' lang='lat' dir='ltr'><strong>ex</strong></span> 
     </span>
    </p>
   </div>
   <div class='ocr_carea' id='block_1_80' title="bbox 449 4558 2091 4640">
    <p class='ocr_par' dir='ltr' id='par_1_80' title="bbox 449 4558 2091 4640">
     <span class='ocr_line' id='line_1_80' title="bbox 449 4558 2091 4640; baseline 0.005 -25"><span class='ocrx_word' id='word_1_610' title='bbox 449 4560 561 4615; x_wconf 92' lang='lat' dir='ltr'><strong>hoc</strong></span> <span class='ocrx_word' id='word_1_611' title='bbox 590 4577 715 4615; x_wconf 90' lang='lat' dir='ltr'><strong>rem</strong></span> <span class='ocrx_word' id='word_1_612' title='bbox 749 4559 928 4615; x_wconf 88' lang='lat' dir='ltr'><strong>etiam</strong></span> <span class='ocrx_word' id='word_1_613' title='bbox 964 4558 1221 4613; x_wconf 86' lang='lat' dir='ltr'><strong>debitam</strong></span> <span class='ocrx_word' id='word_1_614' title='bbox 1257 4560 1536 4616; x_wconf 88' lang='lat' dir='ltr'><strong>ostendit.</strong></span> <span class='ocrx_word' id='word_1_615' title='bbox 1571 4561 1625 4616; x_wconf 89' lang='lat' dir='ltr'><strong>Si</strong></span> <span class='ocrx_word' id='word_1_616' title='bbox 1659 4564 1819 4619; x_wconf 87' lang='lat' dir='ltr'><strong>enim</strong></span> <span class='ocrx_word' id='word_1_617' title='bbox 1879 4584 2091 4640; x_wconf 81' lang='lat' dir='ltr'><strong>corpus</strong></span> 
     </span>
    </p>
   </div>
   <div class='ocr_carea' id='block_1_81' title="bbox 2193 3395 3819 3474">
    <p class='ocr_par' dir='ltr' id='par_1_81' title="bbox 2193 3395 3819 3474">
     <span class='ocr_line' id='line_1_81' title="bbox 2193 3395 3819 3474; baseline -0.004 -23"><span class='ocrx_word' id='word_1_618' title='bbox 2193 3398 2304 3467; x_wconf 80' lang='grc' dir='ltr'>εον.</span> <span class='ocrx_word' id='word_1_619' title='bbox 2363 3399 2568 3471; x_wconf 82' lang='grc' dir='ltr'>Ὥσπερ</span> <span class='ocrx_word' id='word_1_620' title='bbox 2622 3396 2804 3452; x_wconf 83' lang='grc' dir='ltr'>τοίνυν</span> <span class='ocrx_word' id='word_1_621' title='bbox 2860 3398 2889 3452; x_wconf 77' lang='grc' dir='ltr'><strong>ὁ</strong></span> <span class='ocrx_word' id='word_1_622' title='bbox 2948 3397 3181 3474; x_wconf 86' lang='grc' dir='ltr'>Χριστὸς</span> <span class='ocrx_word' id='word_1_623' title='bbox 3238 3396 3461 3453; x_wconf 81' lang='grc' dir='ltr'>πάντων</span> <span class='ocrx_word' id='word_1_624' title='bbox 3520 3395 3686 3457; x_wconf 77' lang='grc' dir='ltr'>αἶ’τιος</span> <span class='ocrx_word' id='word_1_625' title='bbox 3734 3396 3819 3447; x_wconf 78' lang='grc' dir='ltr'>τῶν</span> 
     </span>
    </p>
   </div>
   <div class='ocr_carea' id='block_1_82' title="bbox 2191 3482 3811 3563">
    <p class='ocr_par' dir='ltr' id='par_1_82' title="bbox 2191 3482 3811 3563">
     <span class='ocr_line' id='line_1_82' title="bbox 2191 3482 3811 3563; baseline -0.003 -22"><span class='ocrx_word' id='word_1_626' title='bbox 2191 3486 2408 3563; x_wconf 81' lang='grc' dir='ltr'>ἀγαθῶν</span> <span class='ocrx_word' id='word_1_627' title='bbox 2434 3489 2503 3559; x_wconf 77' lang='grc' dir='ltr'>τῇ</span> <span class='ocrx_word' id='word_1_628' title='bbox 2534 3485 2856 3557; x_wconf 77' lang='grc' dir='ltr'>Ἐκκλησία,</span> <span class='ocrx_word' id='word_1_629' title='bbox 2886 3486 2977 3541; x_wconf 78' lang='grc' dir='ltr'>καὶ</span> <span class='ocrx_word' id='word_1_630' title='bbox 3036 3486 3099 3541; x_wconf 68' lang='grc' dir='ltr'>σὺ</span> <span class='ocrx_word' id='word_1_631' title='bbox 3149 3488 3288 3542; x_wconf 67' lang='grc' dir='ltr'>κατὰ</span> <span class='ocrx_word' id='word_1_632' title='bbox 3334 3483 3574 3560; x_wconf 69' lang='grc' dir='ltr'>δύναμιν</span> <span class='ocrx_word' id='word_1_633' title='bbox 3623 3483 3706 3540; x_wconf 81' lang='grc' dir='ltr'>ἔσο</span> <span class='ocrx_word' id='word_1_634' title='bbox 3754 3482 3811 3553; x_wconf 75' lang='grc' dir='ltr'><strong>τῇ</strong></span> 
     </span>
    </p>
   </div>
   <div class='ocr_carea' id='block_1_83' title="bbox 2193 3573 3816 3651">
    <p class='ocr_par' dir='ltr' id='par_1_83' title="bbox 2193 3573 3816 3651">
     <span class='ocr_line' id='line_1_83' title="bbox 2193 3573 3816 3651; baseline -0.004 -20"><span class='ocrx_word' id='word_1_635' title='bbox 2193 3574 2526 3651; x_wconf 74' lang='grc' dir='ltr'>σῇγυναικί.</span> <span class='ocrx_word' id='word_1_636' title='bbox 2582 3578 2680 3630; x_wconf 82' lang='grc' dir='ltr'><strong>Καὶ</strong></span> <span class='ocrx_word' id='word_1_637' title='bbox 2741 3576 2924 3650; x_wconf 84' lang='grc' dir='ltr'>ὥσπερ</span> <span class='ocrx_word' id='word_1_638' title='bbox 2994 3575 3154 3637; x_wconf 81' lang='grc' dir='ltr'>αὐτὸς</span> <span class='ocrx_word' id='word_1_639' title='bbox 3182 3575 3445 3648; x_wconf 83' lang='grc' dir='ltr'>σώματος</span> <span class='ocrx_word' id='word_1_640' title='bbox 3507 3576 3605 3630; x_wconf 73' lang='grc' dir='ltr'><strong>οὒκ</strong></span> <span class='ocrx_word' id='word_1_641' title='bbox 3650 3573 3816 3641; x_wconf 55' lang='lat' dir='ltr'><strong>imm-</strong></span> 
     </span>
    </p>
   </div>
   <div class='ocr_carea' id='block_1_84' title="bbox 2191 3671 3814 3753">
    <p class='ocr_par' dir='ltr' id='par_1_84' title="bbox 2191 3671 3814 3753">
     <span class='ocr_line' id='line_1_84' title="bbox 2191 3671 3814 3753; baseline -0.002 -25"><span class='ocrx_word' id='word_1_642' title='bbox 2191 3679 2275 3729; x_wconf 88' lang='grc' dir='ltr'><strong>τεῖ</strong></span> <span class='ocrx_word' id='word_1_643' title='bbox 2302 3671 2533 3743; x_wconf 79' lang='grc' dir='ltr'>κάλλος,</span> <span class='ocrx_word' id='word_1_644' title='bbox 2568 3672 2715 3728; x_wconf 78' lang='grc' dir='ltr'>ἀλλὰ</span> <span class='ocrx_word' id='word_1_645' title='bbox 2746 3677 2958 3753; x_wconf 75' lang='grc' dir='ltr'>ψυχῆς,</span> <span class='ocrx_word' id='word_1_646' title='bbox 2987 3673 3130 3727; x_wconf 70' lang='grc' dir='ltr'>οὕτω</span> <span class='ocrx_word' id='word_1_647' title='bbox 3160 3673 3250 3727; x_wconf 83' lang='grc' dir='ltr'><strong>καὶ</strong></span> <span class='ocrx_word' id='word_1_648' title='bbox 3282 3673 3367 3728; x_wconf 69' lang='grc' dir='ltr'>σύ.</span> <span class='ocrx_word' id='word_1_649' title='bbox 3430 3674 3536 3729; x_wconf 79' lang='grc' dir='ltr'>Ἀν</span> <span class='ocrx_word' id='word_1_650' title='bbox 3588 3672 3684 3746; x_wconf 75' lang='grc' dir='ltr'><strong>γὰρ</strong></span> <span class='ocrx_word' id='word_1_651' title='bbox 3735 3672 3814 3741; x_wconf 61' lang='grc' dir='ltr'><strong>ᾠν-</strong></span> 
     </span>
    </p>
   </div>
   <div class='ocr_carea' id='block_1_85' title="bbox 2195 3758 3814 3839">
    <p class='ocr_par' dir='ltr' id='par_1_85' title="bbox 2195 3758 3814 3839">
     <span class='ocr_line' id='line_1_85' title="bbox 2195 3758 3814 3839; baseline 0 -23"><span class='ocrx_word' id='word_1_652' title='bbox 2195 3768 2309 3838; x_wconf 82' lang='grc' dir='ltr'><strong>χῆς</strong></span> <span class='ocrx_word' id='word_1_653' title='bbox 2339 3759 2548 3823; x_wconf 78' lang='grc' dir='ltr'>κάλλος</span> <span class='ocrx_word' id='word_1_654' title='bbox 2570 3759 2855 3836; x_wconf 76' lang='grc' dir='ltr'>ἐπιζητῇς,</span> <span class='ocrx_word' id='word_1_655' title='bbox 2880 3760 2970 3817; x_wconf 74' lang='grc' dir='ltr'><strong>καί</strong></span> <span class='ocrx_word' id='word_1_656' title='bbox 3003 3760 3080 3823; x_wconf 81' lang='grc' dir='ltr'><strong>είς</strong></span> <span class='ocrx_word' id='word_1_657' title='bbox 3136 3764 3301 3816; x_wconf 68' lang='grc' dir='ltr'>τοῦτο</span> <span class='ocrx_word' id='word_1_658' title='bbox 3351 3758 3529 3832; x_wconf 69' lang='grc' dir='ltr'>αὐτὴν</span> <span class='ocrx_word' id='word_1_659' title='bbox 3560 3759 3814 3839; x_wconf 64' lang='grc' dir='ltr'>ρυθμίσῃς,</span> 
     </span>
    </p>
   </div>
   <div class='ocr_carea' id='block_1_86' title="bbox 2191 3843 3809 3926">
    <p class='ocr_par' dir='ltr' id='par_1_86' title="bbox 2191 3843 3809 3926">
     <span class='ocr_line' id='line_1_86' title="bbox 2191 3843 3809 3926; baseline 0.003 -20"><span class='ocrx_word' id='word_1_660' title='bbox 2191 3851 2388 3924; x_wconf 79' lang='grc' dir='ltr'><strong>καίτῷ</strong></span> <span class='ocrx_word' id='word_1_661' title='bbox 2411 3855 2527 3923; x_wconf 81' lang='grc' dir='ltr'><strong>Θεῷ</strong></span> <span class='ocrx_word' id='word_1_662' title='bbox 2558 3850 2647 3905; x_wconf 82' lang='grc' dir='ltr'><strong>καὶ</strong></span> <span class='ocrx_word' id='word_1_663' title='bbox 2707 3854 2889 3923; x_wconf 83' lang='grc' dir='ltr'>σαυτῷ</span> <span class='ocrx_word' id='word_1_664' title='bbox 2945 3848 3123 3919; x_wconf 75' lang='grc' dir='ltr'>καλὴν</span> <span class='ocrx_word' id='word_1_665' title='bbox 3179 3847 3407 3926; x_wconf 71' lang='grc' dir='ltr'>ἐργάτῃ.</span> <span class='ocrx_word' id='word_1_666' title='bbox 3467 3872 3491 3900; x_wconf 75' lang='grc' dir='ltr'><strong>ε</strong></span> <span class='ocrx_word' id='word_1_667' title='bbox 3553 3843 3809 3911; x_wconf 70' lang='grc' dir='ltr'>Σπῖλονῆ</span> 
     </span>
    </p>
   </div>
   <div class='ocr_carea' id='block_1_87' title="bbox 2194 3933 3808 4016">
    <p class='ocr_par' dir='ltr' id='par_1_87' title="bbox 2194 3933 3808 4016">
     <span class='ocr_line' id='line_1_87' title="bbox 2194 3933 3808 4016; baseline -0.004 -21"><span class='ocrx_word' id='word_1_668' title='bbox 2194 3938 2400 4016; x_wconf 77' lang='grc' dir='ltr'>ῥυτίδα.</span> <span class='ocrx_word' id='word_1_669' title='bbox 2434 3966 2461 3994; x_wconf 85' lang='grc'><em>‹‹</em></span> <span class='ocrx_word' id='word_1_670' title='bbox 2496 3940 2592 3995; x_wconf 81' lang='grc' dir='ltr'>Διὰ</span> <span class='ocrx_word' id='word_1_671' title='bbox 2622 3939 2831 3996; x_wconf 67' lang='grc' dir='ltr'>τούτων</span> <span class='ocrx_word' id='word_1_672' title='bbox 2864 3940 2929 3994; x_wconf 78' lang='grc' dir='ltr'><strong>τὰ</strong></span> <span class='ocrx_word' id='word_1_673' title='bbox 2988 3939 3201 4014; x_wconf 72' lang='grc' dir='ltr'>ψυχικὶ</span> <span class='ocrx_word' id='word_1_674' title='bbox 3231 3937 3378 4016; x_wconf 72' lang='grc' dir='ltr'>λέγει</span> <span class='ocrx_word' id='word_1_675' title='bbox 3442 3939 3590 4010; x_wconf 85' lang='grc' dir='ltr'>πάθη</span> <span class='ocrx_word' id='word_1_676' title='bbox 3628 3933 3808 3992; x_wconf 65' lang='lat'><strong>1:185:-</strong></span> 
     </span>
    </p>
   </div>
   <div class='ocr_carea' id='block_1_88' title="bbox 2194 4019 3804 4100">
    <p class='ocr_par' dir='ltr' id='par_1_88' title="bbox 2194 4019 3804 4100">
     <span class='ocr_line' id='line_1_88' title="bbox 2194 4019 3804 4100; baseline -0.006 -18"><span class='ocrx_word' id='word_1_677' title='bbox 2194 4026 2310 4097; x_wconf 83' lang='grc' dir='ltr'>ειδῆ</span> <span class='ocrx_word' id='word_1_678' title='bbox 2342 4028 2433 4082; x_wconf 86' lang='grc' dir='ltr'>τὸν</span> <span class='ocrx_word' id='word_1_679' title='bbox 2466 4025 2609 4088; x_wconf 77' lang='grc' dir='ltr'>ἐντὸς</span> <span class='ocrx_word' id='word_1_680' title='bbox 2658 4031 2916 4081; x_wconf 77' lang='grc' dir='ltr'>ποιοῦντα</span> <span class='ocrx_word' id='word_1_681' title='bbox 2982 4024 3291 4100; x_wconf 73' lang='grc' dir='ltr'>ἄνθρωπον.</span> <span class='ocrx_word' id='word_1_682' title='bbox 3328 4047 3357 4077; x_wconf 74' lang='grc' dir='ltr'><strong>α</strong></span> <span class='ocrx_word' id='word_1_683' title='bbox 3388 4026 3485 4088; x_wconf 74' lang='grc' dir='ltr'>Ὠς</span> <span class='ocrx_word' id='word_1_684' title='bbox 3534 4025 3601 4080; x_wconf 78' lang='grc' dir='ltr'><strong>τά</strong></span> <span class='ocrx_word' id='word_1_685' title='bbox 3654 4019 3804 4078; x_wconf 74' lang='grc' dir='ltr'>ἑαυτὸν</span> 
     </span>
    </p>
   </div>
   <div class='ocr_carea' id='block_1_89' title="bbox 2192 4109 3804 4191">
    <p class='ocr_par' dir='ltr' id='par_1_89' title="bbox 2192 4109 3804 4191">
     <span class='ocr_line' id='line_1_89' title="bbox 2192 4109 3804 4191; baseline -0.004 -21"><span class='ocrx_word' id='word_1_686' title='bbox 2192 4115 2437 4190; x_wconf 84' lang='grc' dir='ltr'>σώματα.</span> <span class='ocrx_word' id='word_1_687' title='bbox 2473 4139 2500 4167; x_wconf 88' lang='grc'><strong>››</strong></span> <span class='ocrx_word' id='word_1_688' title='bbox 2531 4113 2651 4173; x_wconf 67' lang='lat'><strong>0&#39;37.</strong></span> <span class='ocrx_word' id='word_1_689' title='bbox 2683 4116 2758 4176; x_wconf 81' lang='grc' dir='ltr'><strong>ὡς</strong></span> <span class='ocrx_word' id='word_1_690' title='bbox 2814 4113 2891 4177; x_wconf 81' lang='grc' dir='ltr'><strong>είς</strong></span> <span class='ocrx_word' id='word_1_691' title='bbox 2952 4119 3136 4185; x_wconf 80' lang='grc' dir='ltr'>μεῖζον</span> <span class='ocrx_word' id='word_1_692' title='bbox 3200 4114 3505 4191; x_wconf 72' lang='grc' dir='ltr'>ἐρχόμενος</span> <span class='ocrx_word' id='word_1_693' title='bbox 3539 4109 3804 4184; x_wconf 70' lang='grc' dir='ltr'>ὑπόδειγμα</span> 
     </span>
    </p>
   </div>
   <div class='ocr_carea' id='block_1_90' title="bbox 2189 4198 3801 4279">
    <p class='ocr_par' dir='ltr' id='par_1_90' title="bbox 2189 4198 3801 4279">
     <span class='ocr_line' id='line_1_90' title="bbox 2189 4198 3801 4279; baseline -0.003 -18"><span class='ocrx_word' id='word_1_694' title='bbox 2189 4206 2253 4261; x_wconf 85' lang='grc' dir='ltr'><strong>τὸ</strong></span> <span class='ocrx_word' id='word_1_695' title='bbox 2280 4208 2377 4260; x_wconf 63' lang='grc' dir='ltr'><strong>τοῦ</strong></span> <span class='ocrx_word' id='word_1_696' title='bbox 2435 4202 2639 4260; x_wconf 74' lang='grc' dir='ltr'>οἰκείου</span> <span class='ocrx_word' id='word_1_697' title='bbox 2694 4205 2949 4278; x_wconf 82' lang='grc' dir='ltr'>σώματος</span> <span class='ocrx_word' id='word_1_698' title='bbox 2998 4201 3235 4278; x_wconf 73' lang='grc' dir='ltr'>εἶ’ρηκεν,</span> <span class='ocrx_word' id='word_1_699' title='bbox 3297 4198 3655 4279; x_wconf 74' lang='grc' dir='ltr'>(ὑπερϐάλλει</span> <span class='ocrx_word' id='word_1_700' title='bbox 3721 4198 3801 4273; x_wconf 67' lang='grc' dir='ltr'><strong>γᾶρ</strong></span> 
     </span>
    </p>
   </div>
   <div class='ocr_carea' id='block_1_91' title="bbox 2188 4284 3803 4367">
    <p class='ocr_par' dir='ltr' id='par_1_91' title="bbox 2188 4284 3803 4367">
     <span class='ocr_line' id='line_1_91' title="bbox 2188 4284 3803 4367; baseline -0.003 -19"><span class='ocrx_word' id='word_1_701' title='bbox 2188 4293 2252 4348; x_wconf 90' lang='grc' dir='ltr'>τὸ</span> <span class='ocrx_word' id='word_1_702' title='bbox 2283 4292 2417 4348; x_wconf 77' lang='grc' dir='ltr'>κατά</span> <span class='ocrx_word' id='word_1_703' title='bbox 2445 4291 2671 4367; x_wconf 83' lang='grc' dir='ltr'>Χριστὸν</span> <span class='ocrx_word' id='word_1_704' title='bbox 2700 4292 2837 4361; x_wconf 70' lang='grc' dir='ltr'>πρὸς</span> <span class='ocrx_word' id='word_1_705' title='bbox 2861 4293 2961 4361; x_wconf 78' lang='grc' dir='ltr'><strong>τήν</strong></span> <span class='ocrx_word' id='word_1_706' title='bbox 3010 4289 3382 4364; x_wconf 78' lang='grc' dir='ltr'>Ἐκκλησίαν,)</span> <span class='ocrx_word' id='word_1_707' title='bbox 3422 4288 3552 4346; x_wconf 83' lang='grc' dir='ltr'>ἀλλ’</span> <span class='ocrx_word' id='word_1_708' title='bbox 3607 4289 3677 4349; x_wconf 82' lang='grc' dir='ltr'>ὡς</span> <span class='ocrx_word' id='word_1_709' title='bbox 3742 4284 3803 4343; x_wconf 76' lang='grc' dir='ltr'>εἷς</span> 
     </span>
    </p>
   </div>
   <div class='ocr_carea' id='block_1_92' title="bbox 2192 4370 3802 4456">
    <p class='ocr_par' dir='ltr' id='par_1_92' title="bbox 2192 4370 3802 4456">
     <span class='ocr_line' id='line_1_92' title="bbox 2192 4370 3802 4456; baseline -0.003 -21"><span class='ocrx_word' id='word_1_710' title='bbox 2192 4379 2515 4455; x_wconf 73' lang='grc' dir='ltr'>οἰκειότερον</span> <span class='ocrx_word' id='word_1_711' title='bbox 2570 4378 2660 4434; x_wconf 81' lang='grc' dir='ltr'><strong>καὶ</strong></span> <span class='ocrx_word' id='word_1_712' title='bbox 2745 4378 3055 4456; x_wconf 67' lang='grc' dir='ltr'>ἐγγῦτερον.</span> <span class='ocrx_word' id='word_1_713' title='bbox 3115 4379 3213 4436; x_wconf 84' lang='grc' dir='ltr'>Ἐκ</span> <span class='ocrx_word' id='word_1_714' title='bbox 3279 4378 3478 4434; x_wconf 69' lang='grc' dir='ltr'>τούτου</span> <span class='ocrx_word' id='word_1_715' title='bbox 3562 4375 3658 4453; x_wconf 69' lang='grc' dir='ltr'><strong>γάρ</strong></span> <span class='ocrx_word' id='word_1_716' title='bbox 3731 4370 3802 4426; x_wconf 69' lang='grc' dir='ltr'><strong>καὶ</strong></span> 
     </span>
    </p>
   </div>
   <div class='ocr_carea' id='block_1_93' title="bbox 2195 4458 3798 4549">
    <p class='ocr_par' dir='ltr' id='par_1_93' title="bbox 2195 4458 3798 4549">
     <span class='ocr_line' id='line_1_93' title="bbox 2195 4458 3798 4549; baseline -0.007 -25"><span class='ocrx_word' id='word_1_717' title='bbox 2195 4468 2422 4549; x_wconf 72' lang='grc' dir='ltr'>ὀφειλήν</span> <span class='ocrx_word' id='word_1_718' title='bbox 2473 4469 2536 4524; x_wconf 79' lang='grc' dir='ltr'>τὸ</span> <span class='ocrx_word' id='word_1_719' title='bbox 2595 4473 2822 4543; x_wconf 76' lang='grc' dir='ltr'>πρᾶγμα</span> <span class='ocrx_word' id='word_1_720' title='bbox 2880 4464 3177 4526; x_wconf 80' lang='grc' dir='ltr'>δείκνυσιν,</span> <span class='ocrx_word' id='word_1_721' title='bbox 3234 4467 3298 4524; x_wconf 80' lang='grc' dir='ltr'><strong>Εἰ</strong></span> <span class='ocrx_word' id='word_1_722' title='bbox 3358 4467 3467 4542; x_wconf 79' lang='grc' dir='ltr'><strong>γὰρ</strong></span> <span class='ocrx_word' id='word_1_723' title='bbox 3518 4462 3665 4540; x_wconf 79' lang='grc' dir='ltr'>σῶμά</span> <span class='ocrx_word' id='word_1_724' title='bbox 3714 4458 3798 4516; x_wconf 75' lang='grc' dir='ltr'>ἐστι</span> 
     </span>
    </p>
   </div>
   <div class='ocr_carea' id='block_1_94' title="bbox 2195 4552 3796 4636">
    <p class='ocr_par' dir='ltr' id='par_1_94' title="bbox 2195 4552 3796 4636">
     <span class='ocr_line' id='line_1_94' title="bbox 2195 4552 3796 4636; baseline -0.019 -5"><span class='ocrx_word' id='word_1_725' title='bbox 2195 4569 2284 4614; x_wconf 68' lang='grc' dir='ltr'><strong>σὸν</strong></span> <span class='ocrx_word' id='word_1_726' title='bbox 2319 4561 2352 4629; x_wconf 69' lang='grc' dir='ltr'><strong>ἦ</strong></span> <span class='ocrx_word' id='word_1_727' title='bbox 2387 4559 2545 4635; x_wconf 70' lang='grc' dir='ltr'>γυνή,</span> <span class='ocrx_word' id='word_1_728' title='bbox 2579 4560 2852 4630; x_wconf 82' lang='grc' dir='ltr'>(“Έσονται</span> <span class='ocrx_word' id='word_1_729' title='bbox 2880 4558 3007 4632; x_wconf 73' lang='grc' dir='ltr'>γὰρ,</span> <span class='ocrx_word' id='word_1_730' title='bbox 3039 4555 3226 4636; x_wconf 72' lang='grc' dir='ltr'>φησὶν,</span> <span class='ocrx_word' id='word_1_731' title='bbox 3274 4556 3326 4611; x_wconf 71' lang='grc' dir='ltr'><strong>οἱ</strong></span> <span class='ocrx_word' id='word_1_732' title='bbox 3381 4552 3479 4612; x_wconf 67' lang='grc' dir='ltr'><strong>δύο</strong></span> <span class='ocrx_word' id='word_1_733' title='bbox 3511 4556 3585 4618; x_wconf 81' lang='grc' dir='ltr'>ε’ς</span> <span class='ocrx_word' id='word_1_734' title='bbox 3637 4552 3796 4625; x_wconf 77' lang='grc' dir='ltr'>σάρκα-</span> 
     </span>
    </p>
   </div>
   <div class='ocr_carea' id='block_1_95' title="bbox 448 4641 2094 4730">
    <p class='ocr_par' dir='ltr' id='par_1_95' title="bbox 448 4646 2091 4723">
     <span class='ocr_line' id='line_1_95' title="bbox 448 4646 2091 4723; baseline 0.005 -20"><span class='ocrx_word' id='word_1_735' title='bbox 448 4653 615 4704; x_wconf 88' lang='lat' dir='ltr'><strong>tuum</strong></span> <span class='ocrx_word' id='word_1_736' title='bbox 641 4655 730 4704; x_wconf 90' lang='lat' dir='ltr'><strong>est</strong></span> <span class='ocrx_word' id='word_1_737' title='bbox 748 4647 945 4703; x_wconf 86' lang='lat' dir='ltr'><strong>&#39;uxor:</strong></span> <span class='ocrx_word' id='word_1_738' title='bbox 995 4662 1131 4701; x_wconf 82' lang='lat' dir='ltr'><strong>nam</strong></span> <span class='ocrx_word' id='word_1_739' title='bbox 1168 4649 1287 4702; x_wconf 83' lang='lat' dir='ltr'><strong>:Ex</strong></span> <span class='ocrx_word' id='word_1_740' title='bbox 1309 4646 1559 4718; x_wconf 85' lang='lat' dir='ltr'><strong>duobus,</strong></span> <span class='ocrx_word' id='word_1_741' title='bbox 1593 4650 1809 4723; x_wconf 88' lang='lat' dir='ltr'><strong>inquit,</strong></span> <span class='ocrx_word' id='word_1_742' title='bbox 1842 4653 1944 4709; x_wconf 84' lang='lat' dir='ltr'><strong>fiet</strong></span> <span class='ocrx_word' id='word_1_743' title='bbox 1973 4674 2091 4712; x_wconf 89' lang='lat' dir='ltr'><strong>una</strong></span> 
     </span>
    </p>
   </div>
   <div class='ocr_carea' id='block_1_96' title="bbox 2201 4641 3790 4730">
    <p class='ocr_par' dir='ltr' id='par_1_96' title="bbox 2203 4641 3790 4726">
     <span class='ocr_line' id='line_1_96' title="bbox 2203 4641 3790 4726; baseline -0.004 -25"><span class='ocrx_word' id='word_1_744' title='bbox 2203 4646 2373 4721; x_wconf 85' lang='grc' dir='ltr'>μίαν,)</span> <span class='ocrx_word' id='word_1_745' title='bbox 2405 4649 2542 4703; x_wconf 83' lang='grc' dir='ltr'><strong>κατά</strong></span> <span class='ocrx_word' id='word_1_746' title='bbox 2570 4645 2797 4726; x_wconf 68' lang='grc' dir='ltr'>ὀφειλὴν</span> <span class='ocrx_word' id='word_1_747' title='bbox 2823 4649 3149 4722; x_wconf 65' lang='grc' dir='ltr'>προνοήσεις</span> <span class='ocrx_word' id='word_1_748' title='bbox 3179 4643 3347 4715; x_wconf 71' lang='grc' dir='ltr'>αὐτῆς</span> <span class='ocrx_word' id='word_1_749' title='bbox 3395 4645 3471 4708; x_wconf 81' lang='grc' dir='ltr'>ὡς</span> <span class='ocrx_word' id='word_1_750' title='bbox 3500 4641 3680 4719; x_wconf 63' lang='grc' dir='ltr'>σαρκός</span> <span class='ocrx_word' id='word_1_751' title='bbox 3706 4658 3790 4693; x_wconf 80' lang='grc' dir='ltr'>σου.</span> 
     </span>
    </p>
   </div>
   <div class='ocr_carea' id='block_1_97' title="bbox 449 4735 2093 4811">
    <p class='ocr_par' dir='ltr' id='par_1_97' title="bbox 449 4735 2093 4811">
     <span class='ocr_line' id='line_1_97' title="bbox 449 4735 2093 4811; baseline 0.005 -18"><span class='ocrx_word' id='word_1_752' title='bbox 449 4754 583 4793; x_wconf 90' lang='lat' dir='ltr'><strong>caro</strong></span> <span class='ocrx_word' id='word_1_753' title='bbox 612 4735 757 4804; x_wconf 71' lang='lat' dir='ltr'><strong>33,ex</strong></span> <span class='ocrx_word' id='word_1_754' title='bbox 788 4735 985 4792; x_wconf 89' lang='lat' dir='ltr'><strong>debito</strong></span> <span class='ocrx_word' id='word_1_755' title='bbox 1009 4735 1344 4808; x_wconf 85' lang='lat' dir='ltr'><strong>providebis</strong></span> <span class='ocrx_word' id='word_1_756' title='bbox 1376 4737 1425 4791; x_wconf 91' lang='lat' dir='ltr'><strong>ei</strong></span> <span class='ocrx_word' id='word_1_757' title='bbox 1460 4743 1525 4792; x_wconf 92' lang='lat' dir='ltr'><strong>ut</strong></span> <span class='ocrx_word' id='word_1_758' title='bbox 1553 4740 1716 4795; x_wconf 88' lang='lat' dir='ltr'><strong>carni</strong></span> <span class='ocrx_word' id='word_1_759' title='bbox 1748 4746 1883 4799; x_wconf 73' lang='lat' dir='ltr'><strong>tum.</strong></span> <span class='ocrx_word' id='word_1_760' title='bbox 1922 4764 1942 4791; x_wconf 74' lang='grc' dir='ltr'><strong>α</strong></span> <span class='ocrx_word' id='word_1_761' title='bbox 1986 4747 2093 4811; x_wconf 90' lang='lat' dir='ltr'><strong>Qui</strong></span> 
     </span>
    </p>
   </div>
   <div class='ocr_carea' id='block_1_98' title="bbox 448 4824 2094 4901">
    <p class='ocr_par' dir='ltr' id='par_1_98' title="bbox 448 4824 2094 4901">
     <span class='ocr_line' id='line_1_98' title="bbox 448 4824 2094 4901; baseline 0.008 -21"><span class='ocrx_word' id='word_1_762' title='bbox 448 4826 641 4898; x_wconf 90' lang='lat' dir='ltr'><strong>diligit</strong></span> <span class='ocrx_word' id='word_1_763' title='bbox 665 4842 831 4881; x_wconf 89' lang='lat' dir='ltr'><strong>suam</strong></span> <span class='ocrx_word' id='word_1_764' title='bbox 861 4842 1107 4881; x_wconf 82' lang='lat' dir='ltr'><strong>uxorem</strong></span> <span class='ocrx_word' id='word_1_765' title='bbox 1138 4824 1399 4897; x_wconf 88' lang='lat' dir='ltr'><strong>seipsum</strong></span> <span class='ocrx_word' id='word_1_766' title='bbox 1431 4826 1642 4901; x_wconf 84' lang='lat' dir='ltr'><strong>diligit.</strong></span> <span class='ocrx_word' id='word_1_767' title='bbox 1680 4853 1708 4880; x_wconf 90' lang='grc'>››</span> <span class='ocrx_word' id='word_1_768' title='bbox 1738 4832 1903 4896; x_wconf 91' lang='lat' dir='ltr'><strong>Quod</strong></span> <span class='ocrx_word' id='word_1_769' title='bbox 1935 4835 2094 4893; x_wconf 89' lang='lat' dir='ltr'><strong>enim</strong></span> 
     </span>
    </p>
   </div>
   <div class='ocr_carea' id='block_1_99' title="bbox 446 4915 2094 4982">
    <p class='ocr_par' dir='ltr' id='par_1_99' title="bbox 446 4915 2094 4982">
     <span class='ocr_line' id='line_1_99' title="bbox 446 4915 2094 4982; baseline 0.007 -11"><span class='ocrx_word' id='word_1_770' title='bbox 446 4931 598 4972; x_wconf 80' lang='lat' dir='ltr'><strong>uxor</strong></span> <span class='ocrx_word' id='word_1_771' title='bbox 620 4916 696 4971; x_wconf 90' lang='lat' dir='ltr'><strong>sit</strong></span> <span class='ocrx_word' id='word_1_772' title='bbox 725 4930 860 4970; x_wconf 89' lang='lat' dir='ltr'><strong>caro</strong></span> <span class='ocrx_word' id='word_1_773' title='bbox 894 4915 1019 4981; x_wconf 86' lang='lat' dir='ltr'><strong>viri,</strong></span> <span class='ocrx_word' id='word_1_774' title='bbox 1046 4915 1181 4971; x_wconf 90' lang='lat' dir='ltr'><strong>audi</strong></span> <span class='ocrx_word' id='word_1_775' title='bbox 1208 4915 1394 4971; x_wconf 79' lang='lat' dir='ltr'><strong>Adam</strong></span> <span class='ocrx_word' id='word_1_776' title='bbox 1425 4917 1722 4975; x_wconf 88' lang='lat' dir='ltr'><strong>dicentem</strong></span> <span class='ocrx_word' id='word_1_777' title='bbox 1748 4938 1760 4977; x_wconf 94' lang='lat'>:</span> <span class='ocrx_word' id='word_1_778' title='bbox 1786 4921 1902 4978; x_wconf 85' lang='lat' dir='ltr'><strong>Hoc</strong></span> <span class='ocrx_word' id='word_1_779' title='bbox 1934 4942 2094 4982; x_wconf 88' lang='lat' dir='ltr'><strong>nunc</strong></span> 
     </span>
    </p>
   </div>
   <div class='ocr_carea' id='block_1_100' title="bbox 446 5003 2090 5070">
    <p class='ocr_par' dir='ltr' id='par_1_100' title="bbox 446 5003 2090 5070">
     <span class='ocr_line' id='line_1_100' title="bbox 446 5003 2090 5070; baseline 0.004 -9"><span class='ocrx_word' id='word_1_780' title='bbox 446 5022 510 5061; x_wconf 93' lang='lat' dir='ltr'><strong>os</strong></span> <span class='ocrx_word' id='word_1_781' title='bbox 545 5021 613 5062; x_wconf 80' lang='lat' dir='ltr'><strong>ex</strong></span> <span class='ocrx_word' id='word_1_782' title='bbox 643 5003 875 5059; x_wconf 88' lang='lat' dir='ltr'><strong>ossibus</strong></span> <span class='ocrx_word' id='word_1_783' title='bbox 918 5003 1088 5070; x_wconf 89' lang='lat' dir='ltr'><strong>meis,</strong></span> <span class='ocrx_word' id='word_1_784' title='bbox 1149 5009 1207 5059; x_wconf 89' lang='lat' dir='ltr'><strong>et</strong></span> <span class='ocrx_word' id='word_1_785' title='bbox 1252 5021 1385 5060; x_wconf 88' lang='lat' dir='ltr'><strong>caro</strong></span> <span class='ocrx_word' id='word_1_786' title='bbox 1418 5021 1489 5060; x_wconf 87' lang='lat' dir='ltr'><strong>ex</strong></span> <span class='ocrx_word' id='word_1_787' title='bbox 1541 5023 1717 5065; x_wconf 87' lang='lat' dir='ltr'><strong>carne</strong></span> <span class='ocrx_word' id='word_1_788' title='bbox 1760 5026 1895 5067; x_wconf 87' lang='lat' dir='ltr'><strong>mea</strong></span> <span class='ocrx_word' id='word_1_789' title='bbox 1922 5010 1990 5068; x_wconf 74' lang='grc'><strong>³⁸.</strong></span> <span class='ocrx_word' id='word_1_790' title='bbox 2025 5046 2090 5056; x_wconf 88' lang='lat'><em>-</em></span> 
     </span>
    </p>
   </div>
   <div class='ocr_carea' id='block_1_101' title="bbox 446 5093 2090 5177">
    <p class='ocr_par' dir='ltr' id='par_1_101' title="bbox 446 5093 2090 5177">
     <span class='ocr_line' id='line_1_101' title="bbox 446 5093 2090 5177; baseline 0.009 -31"><span class='ocrx_word' id='word_1_791' title='bbox 446 5117 474 5146; x_wconf 84' lang='lat'><strong>«</strong></span> <span class='ocrx_word' id='word_1_792' title='bbox 509 5094 669 5150; x_wconf 90' lang='lat' dir='ltr'><strong>Sicut</strong></span> <span class='ocrx_word' id='word_1_793' title='bbox 699 5098 756 5149; x_wconf 87' lang='lat' dir='ltr'><strong>et</strong></span> <span class='ocrx_word' id='word_1_794' title='bbox 782 5094 1069 5149; x_wconf 91' lang='lat' dir='ltr'><strong>Dominus</strong></span> <span class='ocrx_word' id='word_1_795' title='bbox 1100 5093 1444 5150; x_wconf 85' lang='lat' dir='ltr'><strong>Ecclesiam.</strong></span> <span class='ocrx_word' id='word_1_796' title='bbox 1486 5116 1512 5147; x_wconf 78' lang='grc' dir='ltr'><strong>ιι</strong></span> <span class='ocrx_word' id='word_1_797' title='bbox 1548 5096 1763 5154; x_wconf 88' lang='lat' dir='ltr'><strong>Christi</strong></span> <span class='ocrx_word' id='word_1_798' title='bbox 1821 5104 2090 5177; x_wconf 86' lang='lat' dir='ltr'><strong>exemplo</strong></span> 
     </span>
    </p>
   </div>
   <div class='ocr_carea' id='block_1_102' title="bbox 445 5182 2091 5250">
    <p class='ocr_par' dir='ltr' id='par_1_102' title="bbox 445 5182 2091 5250">
     <span class='ocr_line' id='line_1_102' title="bbox 445 5182 2091 5250; baseline 0.006 -11"><span class='ocrx_word' id='word_1_799' title='bbox 445 5185 722 5240; x_wconf 91' lang='lat' dir='ltr'><strong>continue</strong></span> <span class='ocrx_word' id='word_1_800' title='bbox 756 5183 963 5250; x_wconf 88' lang='lat' dir='ltr'><strong>utitur,</strong></span> <span class='ocrx_word' id='word_1_801' title='bbox 997 5199 1067 5237; x_wconf 85' lang='lat' dir='ltr'><strong>ex</strong></span> <span class='ocrx_word' id='word_1_802' title='bbox 1090 5183 1201 5236; x_wconf 91' lang='lat' dir='ltr'><strong>hoc</strong></span> <span class='ocrx_word' id='word_1_803' title='bbox 1230 5183 1383 5238; x_wconf 88' lang='lat' dir='ltr'><strong>viros</strong></span> <span class='ocrx_word' id='word_1_804' title='bbox 1409 5182 1482 5239; x_wconf 90' lang='lat' dir='ltr'><strong>ad</strong></span> <span class='ocrx_word' id='word_1_805' title='bbox 1523 5201 1773 5244; x_wconf 89' lang='lat' dir='ltr'><strong>uxorum</strong></span> <span class='ocrx_word' id='word_1_806' title='bbox 1822 5190 2091 5249; x_wconf 91' lang='lat' dir='ltr'><strong>dilectio-</strong></span> 
     </span>
    </p>
   </div>
   <div class='ocr_carea' id='block_1_103' title="bbox 441 5270 2090 5352">
    <p class='ocr_par' dir='ltr' id='par_1_103' title="bbox 441 5270 2090 5352">
     <span class='ocr_line' id='line_1_103' title="bbox 441 5270 2090 5352; baseline 0.004 -23"><span class='ocrx_word' id='word_1_807' title='bbox 441 5289 578 5329; x_wconf 87' lang='lat' dir='ltr'><strong>nem</strong></span> <span class='ocrx_word' id='word_1_808' title='bbox 594 5270 971 5328; x_wconf 83' lang='lat' dir='ltr'><strong>exhortans.«</strong></span> <span class='ocrx_word' id='word_1_809' title='bbox 999 5271 1288 5336; x_wconf 89' lang='lat' dir='ltr'><strong>Quoniam</strong></span> <span class='ocrx_word' id='word_1_810' title='bbox 1308 5271 1573 5330; x_wconf 88' lang='lat' dir='ltr'><strong>membra</strong></span> <span class='ocrx_word' id='word_1_811' title='bbox 1591 5293 1796 5333; x_wconf 90' lang='lat' dir='ltr'><strong>sumus</strong></span> <span class='ocrx_word' id='word_1_812' title='bbox 1822 5283 2090 5352; x_wconf 86' lang='lat' dir='ltr'><strong>corporis</strong></span> 
     </span>
    </p>
   </div>
   <div class='ocr_carea' id='block_1_104' title="bbox 441 5350 2088 5443">
    <p class='ocr_par' dir='ltr' id='par_1_104' title="bbox 441 5350 2088 5443">
     <span class='ocr_line' id='line_1_104' title="bbox 441 5350 2088 5443; baseline 0.007 -28"><span class='ocrx_word' id='word_1_813' title='bbox 441 5360 647 5434; x_wconf 87' lang='lat' dir='ltr'><strong>ipsius.</strong></span> <span class='ocrx_word' id='word_1_814' title='bbox 666 5383 693 5413; x_wconf 81' lang='lat'><strong>»</strong></span> <span class='ocrx_word' id='word_1_815' title='bbox 747 5363 829 5417; x_wconf 82' lang='lat' dir='ltr'><strong>Ac</strong></span> <span class='ocrx_word' id='word_1_816' title='bbox 852 5360 900 5416; x_wconf 88' lang='lat' dir='ltr'><strong>si</strong></span> <span class='ocrx_word' id='word_1_817' title='bbox 950 5360 1208 5416; x_wconf 87' lang='lat' dir='ltr'><strong>diceret:</strong></span> <span class='ocrx_word' id='word_1_818' title='bbox 1235 5362 1380 5415; x_wconf 84' lang='lat' dir='ltr'><strong>Vere</strong></span> <span class='ocrx_word' id='word_1_819' title='bbox 1404 5377 1471 5441; x_wconf 58' lang='lat' dir='ltr'><strong>es</strong></span> <span class='ocrx_word' id='word_1_820' title='bbox 1496 5363 1622 5436; x_wconf 87' lang='lat' dir='ltr'><strong>ipso</strong></span> <span class='ocrx_word' id='word_1_821' title='bbox 1644 5350 1865 5425; x_wconf 75' lang='lat' dir='ltr'><strong>sumus.</strong></span> <span class='ocrx_word' id='word_1_822' title='bbox 1897 5350 2088 5443; x_wconf 81' lang='lat' dir='ltr'><strong>Siqui-</strong></span> 
     </span>
    </p>
   </div>
   <div class='ocr_carea' id='block_1_105' title="bbox 443 5449 2087 5529">
    <p class='ocr_par' dir='ltr' id='par_1_105' title="bbox 443 5449 2087 5529">
     <span class='ocr_line' id='line_1_105' title="bbox 443 5449 2087 5529; baseline 0.006 -24"><span class='ocrx_word' id='word_1_823' title='bbox 443 5449 577 5506; x_wconf 91' lang='lat' dir='ltr'><strong>dem</strong></span> <span class='ocrx_word' id='word_1_824' title='bbox 639 5451 779 5524; x_wconf 87' lang='lat' dir='ltr'><strong>quia</strong></span> <span class='ocrx_word' id='word_1_825' title='bbox 832 5466 967 5506; x_wconf 87' lang='lat' dir='ltr'><strong>ossa</strong></span> <span class='ocrx_word' id='word_1_826' title='bbox 997 5455 1055 5504; x_wconf 91' lang='lat' dir='ltr'><strong>et</strong></span> <span class='ocrx_word' id='word_1_827' title='bbox 1106 5467 1319 5522; x_wconf 91' lang='lat' dir='ltr'><strong>corpus</strong></span> <span class='ocrx_word' id='word_1_828' title='bbox 1355 5451 1601 5524; x_wconf 81' lang='lat' dir='ltr'><strong>ﬁguram</strong></span> <span class='ocrx_word' id='word_1_829' title='bbox 1661 5456 1807 5512; x_wconf 89' lang='lat' dir='ltr'><strong>dant</strong></span> <span class='ocrx_word' id='word_1_830' title='bbox 1834 5458 2087 5529; x_wconf 88' lang='lat' dir='ltr'><strong>homini,</strong></span> 
     </span>
    </p>
   </div>
   <div class='ocr_carea' id='block_1_106' title="bbox 441 5538 2088 5614">
    <p class='ocr_par' dir='ltr' id='par_1_106' title="bbox 441 5538 2088 5614">
     <span class='ocr_line' id='line_1_106' title="bbox 441 5538 2088 5614; baseline 0.007 -22"><span class='ocrx_word' id='word_1_831' title='bbox 441 5545 684 5610; x_wconf 87' lang='lat' dir='ltr'><strong>propter</strong></span> <span class='ocrx_word' id='word_1_832' title='bbox 713 5538 1038 5606; x_wconf 86' lang='lat' dir='ltr'><strong>veritatem,</strong></span> <span class='ocrx_word' id='word_1_833' title='bbox 1072 5538 1220 5594; x_wconf 83' lang='lat' dir='ltr'><strong>dixit</strong></span> <span class='ocrx_word' id='word_1_834' title='bbox 1248 5555 1358 5593; x_wconf 89' lang='lat' dir='ltr'><strong>nos</strong></span> <span class='ocrx_word' id='word_1_835' title='bbox 1408 5556 1478 5595; x_wconf 84' lang='lat' dir='ltr'><strong>ex</strong></span> <span class='ocrx_word' id='word_1_836' title='bbox 1525 5542 1669 5614; x_wconf 88' lang='lat' dir='ltr'><strong>ipsis</strong></span> <span class='ocrx_word' id='word_1_837' title='bbox 1710 5561 1858 5602; x_wconf 87' lang='lat' dir='ltr'><strong>esse.</strong></span> <span class='ocrx_word' id='word_1_838' title='bbox 1910 5578 1978 5587; x_wconf 85' lang='lat'><strong>——</strong></span> <span class='ocrx_word' id='word_1_839' title='bbox 2008 5549 2088 5603; x_wconf 83' lang='lat' dir='ltr'><strong>Ex</strong></span> 
     </span>
    </p>
   </div>
   <div class='ocr_carea' id='block_1_107' title="bbox 512 5680 1512 5750">
    <p class='ocr_par' dir='ltr' id='par_1_107' title="bbox 512 5680 1512 5750">
     <span class='ocr_line' id='line_1_107' title="bbox 512 5680 1512 5750; baseline 0.002 -15"><span class='ocrx_word' id='word_1_840' title='bbox 512 5681 559 5715; x_wconf 82' lang='grc'>⁸⁸</span> <span class='ocrx_word' id='word_1_841' title='bbox 590 5680 790 5736; x_wconf 82' lang='lat' dir='ltr'><strong>Matth.</strong></span> <span class='ocrx_word' id='word_1_842' title='bbox 819 5699 932 5749; x_wconf 77' lang='lat' dir='ltr'><strong>xiv,</strong></span> <span class='ocrx_word' id='word_1_843' title='bbox 964 5687 1015 5737; x_wconf 70' lang='grc' dir='ltr'>ὕ.</span> <span class='ocrx_word' id='word_1_844' title='bbox 1093 5683 1142 5717; x_wconf 74' lang='grc'><strong>³⁴</strong></span> <span class='ocrx_word' id='word_1_845' title='bbox 1171 5685 1292 5740; x_wconf 80' lang='lat' dir='ltr'><strong>Gen</strong></span> <span class='ocrx_word' id='word_1_846' title='bbox 1339 5701 1400 5750; x_wconf 84' lang='grc' dir='ltr'>ιι,</span> <span class='ocrx_word' id='word_1_847' title='bbox 1423 5684 1512 5738; x_wconf 75' lang='lat'><strong>23.</strong></span> 
     </span>
    </p>
   </div>
   <div class='ocr_carea' id='block_1_108' title="bbox 2204 4731 3787 4811">
    <p class='ocr_par' dir='ltr' id='par_1_108' title="bbox 2204 4731 3787 4811">
     <span class='ocr_line' id='line_1_108' title="bbox 2204 4731 3787 4811; baseline -0.004 -21"><span class='ocrx_word' id='word_1_848' title='bbox 2204 4761 2233 4790; x_wconf 85' lang='lat'><strong>«</strong></span> <span class='ocrx_word' id='word_1_849' title='bbox 2264 4738 2324 4793; x_wconf 87' lang='grc' dir='ltr'>Ὁ</span> <span class='ocrx_word' id='word_1_850' title='bbox 2364 4737 2587 4811; x_wconf 78' lang='grc' dir='ltr'>ἀγαπῶν</span> <span class='ocrx_word' id='word_1_851' title='bbox 2643 4737 2741 4805; x_wconf 78' lang='grc' dir='ltr'>τὴν</span> <span class='ocrx_word' id='word_1_852' title='bbox 2775 4736 2967 4791; x_wconf 70' lang='grc' dir='ltr'>ἑαυτοῦ</span> <span class='ocrx_word' id='word_1_853' title='bbox 3021 4739 3270 4810; x_wconf 80' lang='grc' dir='ltr'>γυναῖκα,</span> <span class='ocrx_word' id='word_1_854' title='bbox 3325 4732 3512 4788; x_wconf 68' lang='grc' dir='ltr'>ἑαυτὸν</span> <span class='ocrx_word' id='word_1_855' title='bbox 3573 4731 3740 4805; x_wconf 76' lang='grc' dir='ltr'>ἀγαπᾷ.</span> <span class='ocrx_word' id='word_1_856' title='bbox 3772 4748 3787 4774; x_wconf 81' lang='grc' dir='ltr'><strong>ι</strong></span> 
     </span>
    </p>
   </div>
   <div class='ocr_carea' id='block_1_109' title="bbox 2201 4814 3794 4902">
    <p class='ocr_par' dir='ltr' id='par_1_109' title="bbox 2201 4814 3794 4902">
     <span class='ocr_line' id='line_1_109' title="bbox 2201 4814 3794 4902; baseline -0.011 -18"><span class='ocrx_word' id='word_1_857' title='bbox 2201 4828 2325 4884; x_wconf 86' lang='grc' dir='ltr'>Ὅτι</span> <span class='ocrx_word' id='word_1_858' title='bbox 2355 4826 2459 4902; x_wconf 84' lang='grc' dir='ltr'><strong>γάρ</strong></span> <span class='ocrx_word' id='word_1_859' title='bbox 2492 4824 2605 4881; x_wconf 78' lang='grc' dir='ltr'>ἐστι</span> <span class='ocrx_word' id='word_1_860' title='bbox 2663 4826 2788 4900; x_wconf 69' lang='grc' dir='ltr'>σάρξ</span> <span class='ocrx_word' id='word_1_861' title='bbox 2844 4828 2942 4880; x_wconf 73' lang='grc' dir='ltr'>τοῦ</span> <span class='ocrx_word' id='word_1_862' title='bbox 3000 4821 3192 4899; x_wconf 73' lang='grc' dir='ltr'>ἀνδρὸς</span> <span class='ocrx_word' id='word_1_863' title='bbox 3240 4824 3274 4893; x_wconf 82' lang='grc' dir='ltr'>ἡ</span> <span class='ocrx_word' id='word_1_864' title='bbox 3316 4824 3477 4897; x_wconf 70' lang='grc' dir='ltr'>γυνὴ,</span> <span class='ocrx_word' id='word_1_865' title='bbox 3536 4818 3679 4875; x_wconf 73' lang='grc' dir='ltr'>ἄκουε</span> <span class='ocrx_word' id='word_1_866' title='bbox 3720 4814 3794 4868; x_wconf 74' lang='grc' dir='ltr'><strong>τοῦ</strong></span> 
     </span>
    </p>
   </div>
   <div class='ocr_carea' id='block_1_110' title="bbox 2203 4906 3790 4992">
    <p class='ocr_par' dir='ltr' id='par_1_110' title="bbox 2203 4906 3790 4992">
     <span class='ocr_line' id='line_1_110' title="bbox 2203 4906 3790 4992; baseline -0.008 -20"><span class='ocrx_word' id='word_1_867' title='bbox 2203 4913 2385 4991; x_wconf 74' lang='grc' dir='ltr'>Ἀδὰμ</span> <span class='ocrx_word' id='word_1_868' title='bbox 2432 4913 2714 4992; x_wconf 51' lang='grc' dir='ltr'>λεγοντος</span> <span class='ocrx_word' id='word_1_869' title='bbox 2770 4918 2940 4970; x_wconf 70' lang='grc' dir='ltr'>Τοῦτο</span> <span class='ocrx_word' id='word_1_870' title='bbox 2996 4918 3086 4968; x_wconf 71' lang='grc' dir='ltr'>νῦν</span> <span class='ocrx_word' id='word_1_871' title='bbox 3142 4913 3331 4969; x_wconf 78' lang='grc' dir='ltr'>ὀστοῦν</span> <span class='ocrx_word' id='word_1_872' title='bbox 3388 4911 3448 4967; x_wconf 81' lang='grc' dir='ltr'>ἐκ</span> <span class='ocrx_word' id='word_1_873' title='bbox 3500 4914 3603 4966; x_wconf 81' lang='grc' dir='ltr'>τῶν</span> <span class='ocrx_word' id='word_1_874' title='bbox 3654 4906 3790 4961; x_wconf 79' lang='grc' dir='ltr'>ὀστων</span> 
     </span>
    </p>
   </div>
   <div class='ocr_carea' id='block_1_111' title="bbox 2206 4991 3793 5083">
    <p class='ocr_par' dir='ltr' id='par_1_111' title="bbox 2206 4991 3793 5083">
     <span class='ocr_line' id='line_1_111' title="bbox 2206 4991 3793 5083; baseline -0.006 -21"><span class='ocrx_word' id='word_1_875' title='bbox 2206 5029 2331 5081; x_wconf 84' lang='grc' dir='ltr'>μου,</span> <span class='ocrx_word' id='word_1_876' title='bbox 2362 5008 2453 5062; x_wconf 85' lang='grc' dir='ltr'><strong>καὶ</strong></span> <span class='ocrx_word' id='word_1_877' title='bbox 2488 5008 2613 5083; x_wconf 77' lang='grc' dir='ltr'>σάρξ</span> <span class='ocrx_word' id='word_1_878' title='bbox 2652 5005 2709 5062; x_wconf 83' lang='grc' dir='ltr'>ἐκ</span> <span class='ocrx_word' id='word_1_879' title='bbox 2758 5013 2858 5075; x_wconf 78' lang='grc' dir='ltr'>τῆς</span> <span class='ocrx_word' id='word_1_880' title='bbox 2921 5005 3119 5079; x_wconf 71' lang='grc' dir='ltr'>σαρκός</span> <span class='ocrx_word' id='word_1_881' title='bbox 3180 5025 3305 5078; x_wconf 81' lang='grc' dir='ltr'>μου.</span> <span class='ocrx_word' id='word_1_882' title='bbox 3346 5037 3415 5047; x_wconf 92' lang='lat'><strong>—-</strong></span> <span class='ocrx_word' id='word_1_883' title='bbox 3445 5029 3473 5056; x_wconf 85' lang='lat'><strong><em>«</em></strong></span> <span class='ocrx_word' id='word_1_884' title='bbox 3507 5000 3679 5060; x_wconf 78' lang='grc' dir='ltr'>Καθὼς</span> <span class='ocrx_word' id='word_1_885' title='bbox 3724 4991 3793 5048; x_wconf 64' lang='grc' dir='ltr'><strong>καὶ</strong></span> 
     </span>
    </p>
   </div>
   <div class='ocr_carea' id='block_1_112' title="bbox 2202 5084 3789 5173">
    <p class='ocr_par' dir='ltr' id='par_1_112' title="bbox 2202 5084 3789 5173">
     <span class='ocr_line' id='line_1_112' title="bbox 2202 5084 3789 5173; baseline -0.009 -19"><span class='ocrx_word' id='word_1_886' title='bbox 2202 5097 2230 5151; x_wconf 85' lang='grc' dir='ltr'>ὁ</span> <span class='ocrx_word' id='word_1_887' title='bbox 2274 5098 2469 5172; x_wconf 77' lang='grc' dir='ltr'>Κύριος</span> <span class='ocrx_word' id='word_1_888' title='bbox 2494 5097 2593 5165; x_wconf 66' lang='grc' dir='ltr'>τὴν</span> <span class='ocrx_word' id='word_1_889' title='bbox 2626 5094 2969 5166; x_wconf 74' lang='grc' dir='ltr'>Ἐκκλησίαν.</span> <span class='ocrx_word' id='word_1_890' title='bbox 3004 5120 3031 5147; x_wconf 70' lang='grc' dir='ltr'>»ι</span> <span class='ocrx_word' id='word_1_891' title='bbox 3068 5098 3321 5173; x_wconf 64' lang='grc' dir='ltr'>Συειεχῶς</span> <span class='ocrx_word' id='word_1_892' title='bbox 3347 5097 3427 5165; x_wconf 79' lang='grc' dir='ltr'>τῷ</span> <span class='ocrx_word' id='word_1_893' title='bbox 3455 5094 3548 5149; x_wconf 80' lang='grc' dir='ltr'>τοῦ</span> <span class='ocrx_word' id='word_1_894' title='bbox 3599 5084 3789 5173; x_wconf 72' lang='grc' dir='ltr'>Χριστοῦ</span> 
     </span>
    </p>
   </div>
   <div class='ocr_carea' id='block_1_113' title="bbox 2200 5169 3787 5265">
    <p class='ocr_par' dir='ltr' id='par_1_113' title="bbox 2200 5169 3787 5265">
     <span class='ocr_line' id='line_1_113' title="bbox 2200 5169 3787 5265; baseline -0.003 -24"><span class='ocrx_word' id='word_1_895' title='bbox 2200 5192 2406 5265; x_wconf 81' lang='grc' dir='ltr'>χρῆται</span> <span class='ocrx_word' id='word_1_896' title='bbox 2435 5182 2857 5260; x_wconf 76' lang='grc' dir='ltr'>παραδείγματι,</span> <span class='ocrx_word' id='word_1_897' title='bbox 2887 5186 3024 5259; x_wconf 83' lang='grc' dir='ltr'>πρὸς</span> <span class='ocrx_word' id='word_1_898' title='bbox 3082 5184 3293 5258; x_wconf 83' lang='grc' dir='ltr'>ἀγάπην</span> <span class='ocrx_word' id='word_1_899' title='bbox 3346 5181 3472 5243; x_wconf 72' lang='grc' dir='ltr'>τοὺς</span> <span class='ocrx_word' id='word_1_900' title='bbox 3528 5176 3702 5251; x_wconf 76' lang='grc' dir='ltr'>ἄνδρας</span> <span class='ocrx_word' id='word_1_901' title='bbox 3746 5169 3787 5225; x_wconf 65' lang='grc' dir='ltr'><strong>ἐκ</strong></span> 
     </span>
    </p>
   </div>
   <div class='ocr_carea' id='block_1_114' title="bbox 2197 5269 3781 5351">
    <p class='ocr_par' dir='ltr' id='par_1_114' title="bbox 2197 5269 3781 5351">
     <span class='ocr_line' id='line_1_114' title="bbox 2197 5269 3781 5351; baseline -0.004 -20"><span class='ocrx_word' id='word_1_902' title='bbox 2197 5274 2393 5331; x_wconf 67' lang='grc' dir='ltr'>τούτου</span> <span class='ocrx_word' id='word_1_903' title='bbox 2424 5279 2775 5351; x_wconf 69' lang='grc' dir='ltr'>παρακαλῶν,</span> <span class='ocrx_word' id='word_1_904' title='bbox 2810 5300 2837 5327; x_wconf 88' lang='grc'><em>‹‹</em></span> <span class='ocrx_word' id='word_1_905' title='bbox 2870 5275 2990 5332; x_wconf 83' lang='grc' dir='ltr'>Ὃτι</span> <span class='ocrx_word' id='word_1_906' title='bbox 3028 5273 3170 5348; x_wconf 76' lang='grc' dir='ltr'>μέλη</span> <span class='ocrx_word' id='word_1_907' title='bbox 3231 5270 3386 5345; x_wconf 68' lang='grc' dir='ltr'>ἐσμὲν</span> <span class='ocrx_word' id='word_1_908' title='bbox 3441 5276 3536 5326; x_wconf 78' lang='grc' dir='ltr'>τοῦ</span> <span class='ocrx_word' id='word_1_909' title='bbox 3581 5269 3781 5351; x_wconf 56' lang='grc' dir='ltr'>σώματρξ</span> 
     </span>
    </p>
   </div>
   <div class='ocr_carea' id='block_1_115' title="bbox 2198 5345 3777 5435">
    <p class='ocr_par' dir='ltr' id='par_1_115' title="bbox 2198 5345 3777 5435">
     <span class='ocr_line' id='line_1_115' title="bbox 2198 5345 3777 5435; baseline -0.023 1"><span class='ocrx_word' id='word_1_910' title='bbox 2198 5364 2383 5423; x_wconf 59' lang='grc' dir='ltr'>αὐτοῦ·</span> <span class='ocrx_word' id='word_1_911' title='bbox 2422 5391 2441 5416; x_wconf 83' lang='grc'><strong><em>³</em></strong></span> <span class='ocrx_word' id='word_1_912' title='bbox 2478 5365 2621 5420; x_wconf 74' lang='grc' dir='ltr'><strong>ὨσΞῖ</strong></span> <span class='ocrx_word' id='word_1_913' title='bbox 2654 5365 2790 5424; x_wconf 69' lang='grc' dir='ltr'>εἶπε.</span> <span class='ocrx_word' id='word_1_914' title='bbox 2823 5361 3068 5434; x_wconf 74' lang='grc' dir='ltr'>Γνησίως</span> <span class='ocrx_word' id='word_1_915' title='bbox 3103 5362 3261 5435; x_wconf 74' lang='grc' dir='ltr'>ἐσμὲν</span> <span class='ocrx_word' id='word_1_916' title='bbox 3319 5358 3371 5431; x_wconf 77' lang='grc' dir='ltr'><strong>ἐξ</strong></span> <span class='ocrx_word' id='word_1_917' title='bbox 3401 5360 3580 5415; x_wconf 74' lang='grc' dir='ltr'>αὐτοῦ.</span> <span class='ocrx_word' id='word_1_918' title='bbox 3611 5345 3777 5411; x_wconf 60' lang='grc' dir='ltr'>Ἐπειδὴ</span> 
     </span>
    </p>
   </div>
   <div class='ocr_carea' id='block_1_116' title="bbox 2198 5441 3776 5533">
    <p class='ocr_par' dir='ltr' id='par_1_116' title="bbox 2198 5441 3776 5533">
     <span class='ocr_line' id='line_1_116' title="bbox 2198 5441 3776 5533; baseline -0.008 -24"><span class='ocrx_word' id='word_1_919' title='bbox 2198 5454 2300 5533; x_wconf 78' lang='grc' dir='ltr'><strong>γὰρ</strong></span> <span class='ocrx_word' id='word_1_920' title='bbox 2330 5454 2397 5509; x_wconf 77' lang='grc' dir='ltr'>τὰ</span> <span class='ocrx_word' id='word_1_921' title='bbox 2427 5454 2558 5509; x_wconf 79' lang='grc' dir='ltr'><strong>ὀστᾶ</strong></span> <span class='ocrx_word' id='word_1_922' title='bbox 2586 5453 2675 5509; x_wconf 88' lang='grc' dir='ltr'>καὶ</span> <span class='ocrx_word' id='word_1_923' title='bbox 2704 5451 2767 5507; x_wconf 83' lang='grc' dir='ltr'>τὸ</span> <span class='ocrx_word' id='word_1_924' title='bbox 2828 5455 2987 5525; x_wconf 79' lang='grc' dir='ltr'>σῶμα</span> <span class='ocrx_word' id='word_1_925' title='bbox 3044 5451 3432 5526; x_wconf 72' lang='grc' dir='ltr'>χαρακτηρίζει</span> <span class='ocrx_word' id='word_1_926' title='bbox 3491 5446 3577 5503; x_wconf 82' lang='grc' dir='ltr'>τὸν</span> <span class='ocrx_word' id='word_1_927' title='bbox 3624 5441 3776 5533; x_wconf 53' lang='grc' dir='ltr'>ἄνθραξ</span> 
     </span>
    </p>
   </div>
   <div class='ocr_carea' id='block_1_117' title="bbox 2196 5523 3775 5619">
    <p class='ocr_par' dir='ltr' id='par_1_117' title="bbox 2196 5523 3775 5619">
     <span class='ocr_line' id='line_1_117' title="bbox 2196 5523 3775 5619; baseline -0.004 -21"><span class='ocrx_word' id='word_1_928' title='bbox 2196 5564 2322 5616; x_wconf 82' lang='grc' dir='ltr'>πον,</span> <span class='ocrx_word' id='word_1_929' title='bbox 2364 5539 2452 5598; x_wconf 76' lang='grc' dir='ltr'><strong>διὰ</strong></span> <span class='ocrx_word' id='word_1_930' title='bbox 2496 5543 2596 5613; x_wconf 70' lang='grc' dir='ltr'>τὴν</span> <span class='ocrx_word' id='word_1_931' title='bbox 2638 5540 2975 5619; x_wconf 78' lang='grc' dir='ltr'>γνησιότητά</span> <span class='ocrx_word' id='word_1_932' title='bbox 3028 5561 3189 5619; x_wconf 70' lang='grc' dir='ltr'>φησιν</span> <span class='ocrx_word' id='word_1_933' title='bbox 3244 5538 3295 5610; x_wconf 73' lang='grc' dir='ltr'><strong>ἐξ</strong></span> <span class='ocrx_word' id='word_1_934' title='bbox 3342 5538 3517 5594; x_wconf 77' lang='grc' dir='ltr'>αὐτῶν</span> <span class='ocrx_word' id='word_1_935' title='bbox 3561 5534 3690 5606; x_wconf 66' lang='grc' dir='ltr'>ἡμᾶς</span> <span class='ocrx_word' id='word_1_936' title='bbox 3730 5523 3775 5577; x_wconf 66' lang='grc' dir='ltr'><strong>εἶ·</strong></span> 
     </span>
    </p>
   </div>
  </div>
