4072 6266
282 385 448 449 1245

1269 338 1672 452 ΟΟΜΜΕΝΤ.
1716 389 1794 451 IN
1839 390 2095 453 EPIST.
2138 389 2193 453 ΙΙ
2238 391 2344 452 AD
2385 390 2665 454 EPHES.

3537 391 3562 447 1
3577 388 3693 449 246

269 539 392 577 ναι.
452 548 524 562 -
580 518 914 593 [OlKOI‘M.]
971 519 1056 593 Ἐξ
1136 518 1303 576 αὑτοῦ
1379 517 1458 592 δὲ,
1512 521 1647 577 καθὸ
1702 521 1910 598 ἀπαρχὶ

2044 525 2172 597 ipso
2202 530 2402 582 autem
2433 530 2732 597 quatenus
2755 525 2943 581 nostri
2976 524 3338 597 principium
3364 526 3453 578 est
3484 538 3554 578 ex
3598 537 3697 578 sev

269 610 447 683 ἡμῶν
512 608 621 664 ἐστι
680 616 784 679 τῆς
842 606 1092 684 δευτέρας
1147 608 1423 681 πλάσεως,
1481 608 1665 686 ὥσπερ
1723 611 1784 667 ἐκ
1837 615 1939 669 τοῦ

274 695 470 768 Ἀδὰμ
498 695 589 753 διὰ
642 699 744 767 τήν
805 698 1056 773 πρώτην.
1118 723 1137 751 ι
1192 701 1285 757 Ἐκ
1322 707 1420 768 τῆς
1452 704 1648 772 σαρκὸς
1680 702 1870 757 αὐτοῦ.
1908 725 1936 754 n

267 788 398 857 Τήν
431 781 820 861 ἠγριϐωμένην
874 783 1068 843 ἕνωσιν
1111 787 1202 844 καὶ
1261 787 1479 864 ἀγάπην
1538 788 1726 860 δηλοῖ.
1766 814 1797 844 (ι
1828 790 1936 847 Καὶ

270 874 859 949 προσιολληθήσεται.
922 899 952 928 »
1007 874 1146 934 Ἰδοὺ
1230 876 1321 933 καὶ
1405 872 1591 952 ἕτερον
1658 876 1937 951 δικαίωμα

271 964 524 1042 ἀγάπης,
584 962 668 1020 ὅτι
727 969 888 1039 σῶμα
942 963 1209 1036 ἀλλήλων
1269 964 1394 1022 εἷ’σί.
1448 968 1585 1024 «Td
1634 969 1932 1042 μυστήριον

268 1059 444 1110 τοῦτο
511 1052 644 1130 μέγα
700 1052 862 1111 ἐστίν.
895 1077 925 1107 »
992 1058 1113 1116 Πῶς
1174 1056 1351 1131 μέγα;
1405 1058 1531 1115 ’Ότι
1583 1060 1663 1128 τῷ
1710 1061 1936 1132 Χριστῷ

266 1141 392 1214 ἐξὸν
453 1144 630 1217 μένειν
690 1143 777 1198 ἐπὶ
816 1150 919 1213 τῆς
974 1142 1114 1205 ἰδίας
1174 1142 1358 1216 δόξης,
1417 1145 1770 1202 ἐταπείνωσεν
1809 1147 1935 1202 idu-

265 1236 369 1290 τὸν
429 1233 874 1310 ἐνανθρωπήσας,
928 1231 1019 1290 ’ίνα
1068 1234 1467 1310 προσκολληθῇ
1506 1240 1576 1311 τῇ
1610 1235 1929 1308 Ἐκκλησίᾳ,

258 1325 363 1380 καὶ
393 1324 642 1401 ἐγένοντο
673 1323 724 1378 οἱ
757 1321 853 1378 δύο
885 1323 963 1386 είς
994 1328 1208 1397 πνεῦμα
1228 1320 1304 1380 ἓν.
1330 1326 1391 1383 Ὁ
1418 1325 1522 1403 γὰρ
1543 1323 1927 1403 κολλώμενος,

265 1413 432 1493 φησὶ,
460 1413 540 1484 τῷ
571 1412 782 1486 Κυρίῳ,
814 1405 867 1466 ἕν
910 1412 1122 1486 πνεῦμά
1175 1412 1308 1471 ἐστι.
1344 1437 1371 1465 (ι
1406 1413 1559 1484 Πλήν
1589 1412 1677 1470 καί
1711 1415 1865 1489 ὑμεῖς
1898 1437 1926 1467 ››

265 1502 418 1558 Ὠσεὶ
480 1495 686 1575 ἔλεγεν,
752 1500 875 1581 Οὐχ
933 1503 969 1571 ἡ
1027 1500 1280 1578 ἀναγωγὴ
1314 1508 1411 1558 τοῦ
1474 1503 1740 1576 ὀνόματος
1769 1505 1923 1574 καὶῆ

266 1593 617 1666 πνευματικὴ
678 1590 936 1667 έξήγησις
982 1591 1267 1667 ἀνατρέπει
1325 1593 1388 1650 τὸ
1440 1591 1636 1651 ίδικόν.
1697 1592 1922 1651 Δύναται

264 1686 379 1760 γὰρ
440 1681 531 1739 καὶ
620 1684 1002 1754 πνευματικῶς
1065 1682 1155 1736 καὶ
1232 1678 1425 1744 ΐδικῶς
1513 1683 1921 1757 ἑρμηνεύεσθαι.

260 1799 295 1828 α
333 1775 397 1829 Oi
427 1774 546 1830 καθ’
573 1771 687 1830 ἕνα.
721 1796 750 1826 ››
780 1773 912 1830 Οἶον
974 1774 1025 1826 oi
1085 1773 1384 1847 ἄνθρωποι.
1415 1775 1496 1830 Τὰ
1524 1773 1627 1847 γὰρ
1657 1777 1753 1829 τοῦ
1782 1775 1921 1831 κατὰ

2050 615 2246 671 cunda
2262 615 2640 683 formatione,
2664 614 3166 687 quemadmodum
3190 630 3261 669 ex
3286 612 3471 669 Adam
3485 624 3691 669 sumus

2048 711 2290 778 propter
2309 705 2583 776 primam.
2610 726 2637 756 (ι
2661 707 2742 761 Ex
2763 720 2939 760 carne
2962 704 3108 774 ejus.
3138 724 3165 753 »
3209 705 3485 758 Exaclam
3515 700 3694 757 unio-

2047 810 2185 850 nem
2212 811 2280 850 ac
2311 794 2694 850 dilectionem
2724 793 3021 866 signiﬁcat
3049 815 3076 845 ‹‹
3136 794 3207 847 Et
3260 790 3606 847 adhmrebit.
3662 809 3691 842 ιι

2046 885 2191 939 Ecce
2211 889 2271 938 et
2289 884 2536 939 alteram
2567 883 2907 939 dilectionis
2937 881 3481 949 conﬁrmationem,
3536 878 3698 951 quod

2045 973 2298 1027 invicem
2322 978 2528 1028 mutua
2550 972 2660 1027 sibi
2686 972 2807 1027 sint
2829 971 3086 1043 corpori.
3124 994 3151 1021 (ι
3198 970 3540 1042 Mysterium
3579 968 3693 1024 hoc

2044 1077 2325 1133 magnum
2348 1066 2494 1116 est.»
2516 1060 2821 1126 Quomodo
2845 1076 3127 1132 magnum
3150 1059 3336 1125 ?Quia
3355 1075 3491 1115 cum
3523 1058 3686 1114 Chri-

2043 1155 2131 1205 sto
2158 1151 2217 1204 in
2242 1151 2480 1222 propria
2500 1150 2683 1223 gloria
2714 1166 2954 1204 manere
3003 1148 3267 1212 licuisse,
3309 1148 3570 1219 seipsum
3600 1163 3691 1203 as-

2042 1246 2281 1311 sumpta
2293 1240 2660 1295 humanitate
2675 1237 3333 1293 demisitutadhmreret
3351 1252 3418 1292 ac
3466 1236 3685 1309 adjun-

2038 1328 2861 1400 gereturEcclesize,factique
2895 1333 3034 1382 sunt
3077 1328 3194 1381 duo
3222 1343 3377 1382 unus
3420 1327 3685 1398 spiritus.

2036 1422 2182 1473 Nam
2202 1418 2302 1489 qui
2324 1416 2729 1490 agglutinetur
2749 1417 2868 1472 sive
2909 1416 3175 1472 adhaeret
3224 1416 3497 1486 Domino,
3528 1431 3687 1473 unus

2038 1508 2258 1579 spirtus
2280 1512 2388 1564 est.
2414 1529 2441 1557 «
2467 1508 2819 1577 Quanquam
2842 1512 2898 1562 et
2915 1520 3035 1561 vos.
3090 1527 3119 1555 »
3170 1507 3250 1561 Ac
3298 1507 3402 1563 54
3460 1506 3509 1561 si
3539 1507 3695 1562 dice-

2036 1602 2165 1652 ret:
2197 1595 2478 1653 Sublimis
2504 1595 2901 1668 intelligentia
2926 1594 3186 1651 nominis
3236 1610 3304 1649 ac
3358 1594 3686 1667 spiritualis

2032 1687 2329 1743 enarratio
2361 1702 2481 1742 non
2511 1691 2782 1742 evertunt
2809 1686 3111 1757 propriam
3143 1702 3157 1740 :
3190 1690 3388 1757 potest
3411 1685 3573 1742 enim
3613 1701 3645 1740 e

2033 1775 2422 1848 spiritualiter
2438 1781 2496 1831 et
2512 1775 2749 1847 proprie
2769 1774 3081 1831 declarari.
3111 1794 3136 1826 ιι
3169 1774 3518 1846 Singulatim
3566 1775 3681 1830 hoc

259 1863 560 1939 ἀναγωγὴν
613 1862 895 1934 νοήματος
982 1859 1060 1922 εἲς
1142 1860 1439 1931 κοινότητα
1497 1862 1619 1935 ὁρᾷ,
1672 1860 1910 1917 τουτέστι

312 1952 328 1966 \
396 1953 453 1966 ιη
529 1948 548 1966 \
646 1949 657 1966 Ι
839 1950 901 1966 οη
931 1946 974 1966 ας
1124 1951 1137 1966 ε
1175 1948 1200 1966 Pl
1367 1945 1435 1966 ρ..
1599 1949 1612 1966 \
1682 1948 1709 1966 ν
1744 1948 1769 1966 ἢ

2028 1871 2296 1937 prastate.
2333 1887 2360 1916 ››
2395 1866 2612 1936 Nempe
2646 1865 2897 1935 quisque
2928 1864 3279 1919 hominum:
3325 1878 3458 1934 quae
3515 1863 3678 1920 enim

192 1981 197 1985 ο
257 1952 367 2020 τήν
394 1948 742 2021 Ἐκκλησίαν.
777 1974 806 2001 ‹‹
839 1950 901 2004 Ἦ
928 1946 984 2004 δὲ
1010 1951 1146 2025 γυνή
1175 1948 1270 2005 ἵνα
1292 1945 1530 2027 φοϐῆται
1552 1949 1646 2006 τὸν
1673 1948 1860 2024 ἄνδρα.
1890 1975 1910 2004 ›]

2025 1952 2199 2025 juxta
2218 1969 2520 2025 anagogen
2542 1953 2957 2024 intelliguntur
2976 1953 3049 2008 ad
3070 1952 3495 2008 communitate
3519 1968 3678 2007 mre-

260 2037 399 2098 Οἶδε
462 2039 566 2115 γὰρ
627 2042 663 2109 ἡ
715 2037 958 2111 ἰσοτιμία
1013 2038 1257 2114 γίνεσθαι
1305 2039 1694 2102 ἀκαταστασίας
1724 2039 1915 2103 ὑπόθε-

258 2148 368 2194 σις’
429 2127 519 2185 διὰ
573 2127 738 2186 τοῦτο
799 2128 924 2202 μίαν
981 2127 1164 2207 ἀρχὴν
1218 2129 1353 2183 εἶναι
1410 2127 1643 2197 κελεύει,
1692 2130 1788 2199 τήν
1821 2134 1918 2186 τοῦ

257 2216 482 2294 ἀνδρός.
516 2218 585 2276 Τί
633 2216 843 2290 δήποτε
897 2215 957 2273 at
1011 2218 1133 2292 περὶ
1189 2220 1290 2283 τῆς
1347 2218 1559 2292 ἀγάπης
1587 2216 1773 2274 πολλὰ
1803 2216 1916 2274 δια-

255 2306 506 2384 λεχθεὶς,
537 2306 663 2383 περὶ
709 2304 808 2363 τοῦ
865 2301 1039 2382 φόϐου
1098 2306 1208 2381 οὐχ
1265 2306 1438 2367 οὕτως
1469 2305 1721 2377 ἐποίησεν
1749 2326 1763 2375 ;
1790 2309 1910 2364 Ὅτι

251 2393 692 2472 προηγουμένως
743 2395 842 2462 τήν
895 2394 1108 2471 ἀγάπην
1167 2395 1305 2451 εἶναι
1363 2391 1462 2451 δεῖ.
1496 2393 1655 2452 Οὕτω
1685 2395 1789 2473 γὰρ
1817 2397 1907 2451 καὶ

250 2487 281 2540 ὁ
315 2480 483 2562 φόϐος
513 2479 725 2559 ἕψεται.
755 2484 830 2541 Τὸ
887 2481 943 2543 δὶ
1002 2478 1286 2559 φοϐεῖσθαι
1318 2483 1454 2553 νόει,
1483 2484 1559 2547 ὡς
1586 2483 1779 2559 πρέπει
1810 2506 1908 2560 γυ-

255 2579 421 2629 ναῖκα
449 2568 756 2650 φοϐεῖσθαι,
792 2572 869 2646 μὴ
902 2569 1316 2648 δουλοπρεπῶς.

2032 2042 2313 2114 spiciunt,
2333 2043 2444 2097 hoc
2462 2047 2551 2096 est
2569 2041 2915 2097 Ecclesium.
2945 2064 2973 2093 ‹‹
3000 2043 3153 2097 Uxor
3175 2047 3375 2096 autem
3413 2046 3481 2097 ut
3508 2057 3672 2097 reve-

2026 2136 2231 2188 reatur
2248 2132 2463 2187 virum.
2483 2152 2510 2182 »
2536 2131 2706 2187 Novit
2728 2131 2889 2187 enim
2911 2130 3314 2201 aequalitatem
3338 2130 3400 2186 in
3448 2131 3676 2187 honore

2027 2222 2153 2277 ﬁeri
2186 2220 2555 2277 confusionis
2584 2237 2654 2277 ac
2684 2220 2995 2276 seditionis
3051 2220 3424 2275 occasionem
3460 2235 3474 2275 :
3534 2236 3673 2290 pro-

2022 2317 2227 2383 pterea
2244 2310 2489 2367 unicum
2501 2309 2673 2381 jubet
2696 2325 2825 2365 esse
2847 2309 3242 2381 principatum
3258 2325 3441 2380 penes
3455 2308 3670 2365 virum.

2021 2399 2415 2466 Quamobrem
2445 2415 2582 2455 vero
2617 2415 2753 2454 cum
2789 2397 2976 2454 multa
3004 2397 3077 2453 de
3108 2398 3427 2454 dilectione
3474 2398 3669 2453 disse-

2018 2488 2257 2557 ruisset,
2289 2504 2411 2545 non
2443 2488 2526 2543 ita
2550 2486 2692 2542 fecit
2721 2486 2792 2540 de
2837 2486 3168 2541 reverentia
3216 2487 3335 2541 sive
3395 2487 3606 2542 timore
3637 2486 3665 2543 ῗ

2018 2577 2309 2642 Quoniam
2339 2575 2720 2633 dilectionem
2748 2574 3127 2647 potissimum
3156 2575 3365 2631 adesse
3410 2578 3663 2647 oportet,

258 2680 400 2721 nam
432 2665 513 2721 ita
540 2670 824 2737 sequetur
852 2669 910 2719 et
936 2666 1268 2721 reverentia
1298 2658 1600 2741 φοϐεῖσθαι,
1634 2682 1769 2739 ergo
1801 2666 2081 2739 intelligit
2110 2683 2231 2723 non
2260 2680 2561 2723 servorum
2593 2680 2756 2722 more
2814 2665 3046 2733 timere,
3107 2664 3212 2721 sed
3270 2670 3337 2720 ut
3388 2679 3664 2734 uxorem,

259 2753 434 2809 decet
461 2754 712 2809 revereri
739 2768 806 2809 ac
838 2753 1154 2810 sollicitam
1185 2771 1315 2811 esse
1346 2770 1423 2811 ne
1453 2756 1734 2812 maritum
1765 2755 2046 2812 oﬂ‘endat.

329 2843 404 2896 Τά
475 2843 654 2911 τέκνα,
733 2841 1035 2899 ὑπακούετε
1099 2846 1217 2904 τοῖς
1282 2846 1530 2917 γονεῦσιν
1605 2842 1758 2915 ὑμῶν
1856 2842 1908 2898 έν

262 2930 469 3006 Κυρίῳ.
511 2935 685 2989 Τοῦτο
733 2930 834 3007 γάρ
890 2929 1004 2987 ἐστι
1070 2928 1302 2988 δίκαιον.
1357 2929 1500 3004 Τίμα
1556 2930 1651 2989 τὸν
1709 2928 1914 3005 πατέρα

266 3040 365 3075 σου
412 3022 502 3076 καὶ
549 3021 648 3090 τὴν
707 3022 935 3096 μητέρα,
976 3019 1011 3090 ἢ
1052 3041 1135 3083 τις
1194 3018 1336 3076 έστῖν
1386 3018 1582 3090 ἰντολὴ
1622 3020 1817 3093 πρώτη
1858 3019 1912 3075 έν

260 3108 578 3184 ἐπαγγελίᾳ,
636 3107 727 3164 ἵνα
784 3108 842 3164 εὖ
896 3129 981 3164 σοι
1039 3109 1278 3184 γίνηται,
1334 3108 1425 3165 καὶ
1467 3107 1564 3181 ἔσῇ
1592 3109 1913 3184 μακροχρό-

2097 2846 2187 2914 VI,
2220 2845 2269 2900 1-
2288 2847 2342 2902 4.
2376 2865 2405 2897 «
2439 2844 2591 2911 Filii,
2619 2843 2853 2899 obedite
2872 2842 3219 2915 parentibus
3241 2843 3530 2898 vestrisin
3553 2844 3666 2899 Do-

2025 2956 2053 2986 ι(
2085 2934 2275 2994 mino.
2317 2935 2460 2990 Nam
2492 2933 2555 2989 id
2581 2933 2810 3004 justum
2842 2937 2949 2989 est.
2984 2933 3219 2988 Honora
3246 2938 3476 3003 patrem
3500 2937 3665 2989 tuum

2026 3045 2053 3073 ‹‹
2086 3028 2145 3078 et
2171 3028 2462 3081 matrem:
2524 3021 2682 3093 quod
2738 3027 2829 3078 est
2866 3027 3226 3093 praeceptum
3283 3022 3544 3093 primum
3601 3022 3662 3077 in

2023 3135 2053 3163 «
2086 3112 2502 3184 promissione,
2533 3117 2600 3169 ut
2624 3110 2777 3167 bene
2807 3110 2913 3166 tibi
2945 3111 3043 3175 sit,
3077 3117 3137 3165 et
3189 3111 3306 3166 eris
3365 3111 3666 3181 longmvus

260 3220 377 3262 νιος
452 3198 540 3256 ἐπὶ
612 3205 715 3270 τῆς
789 3205 918 3273 γῆς.
994 3199 1097 3257 Καὶ
1173 3200 1226 3254 οἱ
1298 3198 1547 3274 πατέρες,
1627 3202 1702 3273 μὴ
1779 3219 1910 3274 παρ-

2025 3222 2054 3252 ‹‹
2093 3201 2155 3256 in
2186 3207 2363 3258 terra.
2395 3203 2598 3257 Patres
2624 3216 2698 3255 ne
2727 3200 2801 3256 ad
2831 3201 2978 3256 iram
3010 3200 3338 3271 provocetis
3368 3206 3427 3254 et
3446 3199 3666 3255 liberos

261 3285 505 3362 οργίζετε
578 3285 646 3342 τὰ
715 3284 871 3342 τέκνα
949 3286 1125 3359 ὑμῶν,
1202 3283 1329 3343 ἀλλ’

255 3373 310 3431 έν
338 3372 560 3447 παιδείᾳ
586 3376 677 3432 καὶ
702 3373 951 3446 νουθεσίᾳ
976 3373 1201 3451 Κυρίου.

330 3464 466 3520 Eine
491 3463 615 3537 περὶ
643 3470 742 3534 τῆς
771 3466 998 3539 πρώτης
1029 3464 1214 3542 ἀρχῆς
1268 3470 1369 3533 τῆς
1426 3463 1564 3521 κατᾶ
1588 3465 1681 3520 τὸν
1718 3462 1906 3537 ἄνδραι

257 3558 349 3609 νῦν
406 3554 529 3630 περὶ
584 3560 685 3623 τῆς
742 3550 990 3626 δευτέρας
1049 3552 1195 3629 λέγει
1244 3560 1345 3623 τῆς
1388 3554 1525 3610 κατᾶ
1551 3553 1679 3618 τοὺς
1710 3559 1906 3630 γονεῖς.

259 3648 324 3704 Ἦ
358 3648 452 3721 μὶν
492 3647 595 3722 γάρ
649 3648 788 3722 γυνὴ
846 3651 926 3719 τῷ
994 3644 1166 3722 ἀνδρὶ,
1231 3649 1301 3703 τά
1365 3645 1424 3705 8t
1485 3649 1645 3707 τέκνα
1692 3650 1782 3704 καί
1811 3671 1910 3726 γυ-

256 3738 398 3793 ναικὶ
447 3736 749 3794 ὑπόκειται.
800 3760 829 3790 ι(
862 3734 949 3793 Ἑν
996 3735 1200 3812 Κυρίῳ.
1233 3760 1261 3791 ιι
1308 3735 1757 3806 Τουτέστι,κατὰ
1805 3739 1907 3796 Κύ-

256 3826 480 3900 ριον,έν
513 3827 596 3890 οἷς
632 3828 708 3900 μὴ
771 3824 1073 3901 βλάπτεται
1131 3828 1166 3895 ἡ
1228 3822 1496 3893 εὐσέϐεια,
1544 3829 1609 3886 Τί
1661 3828 1763 3904 γὰρ
1821 3829 1906 3885 ὅτι

254 3922 560 3992 προστῆσαι
639 3914 896 3991 βούλεται
972 3915 1000 3969 ὁ
1076 3916 1258 3989 πατὴρ
1334 3917 1640 3993 θυγατέρας
1716 3918 1751 3988 ἤ
1819 3918 1907 3973 αἱ·-

257 4005 430 4079 σχρὰν
465 4002 673 4077 διδάξαι
700 4003 904 4083 τέχνην
934 4004 1028 4059 τὸν
1088 4004 1204 4059 υἱόν
1232 4024 1246 4073 ;
1304 4004 1339 4073 ἢ
1397 4006 1534 4079 πρὸς
1566 4004 1903 4078 έλληνισμὸν

255 4094 516 4170 ἆγαγεῖνς
575 4094 656 4153 Τά
711 4092 817 4168 γάρ
863 4096 1090 4148 τοιαῦτα
1129 4091 1228 4148 οὐκ
1256 4091 1310 4148 έν
1341 4093 1520 4168 Κυρίῳ
1553 4093 1712 4150 ἐστίν.
1746 4119 1775 4149 (ι
1802 4096 1906 4152 Ἦ-

253 4202 338 4243 τις
384 4180 529 4238 έστίν
581 4179 778 4251 ἐντολὴ
838 4182 1057 4255 πρώτη.
1090 4205 1119 4233 ››
1170 4179 1363 4239 Καίτοι
1420 4182 1521 4237 οὐκ
1575 4176 1716 4238 ἔστιν
1764 4182 1903 4255 αὕτη

256 4270 472 4346 πρώτη.
503 4271 660 4328 Ἐστι
690 4271 798 4346 γάρ
828 4271 1047 4344 πρώτη,
1096 4270 1173 4328 Οὐ
1227 4270 1527 4345 φονεύσεις,
1559 4273 1640 4330 Οὐ
1675 4274 1905 4347 μοιχεύ-

254 4381 379 4424 σεις.
436 4359 593 4417 Ἀλλ’
651 4358 752 4435 ὅρα
806 4359 860 4415 τί
912 4359 1313 4433 προστέθεικεν,
1381 4382 1403 4410 ι
1437 4361 1525 4419 Ἐν
1554 4360 1839 4437 ὶπγγελίᾳ.
1876 4387 1904 4417 ››

243 4449 491 4507 »Ἐκεῖνα
539 4452 641 4523 γάρ
715 4450 769 4503 αἱ
824 4453 1057 4523 lupina:
1106 4448 1206 4505 οὐκ
1261 4444 1483 4525 ἔχουσιν
1537 4449 1897 4527 ἐπαγγελίας.

251 4540 649 4614 Αναχωρησεις
696 4537 799 4613 γάρ
850 4536 953 4592 εἶσι
1000 4542 1204 4608 κακῶν,
1255 4538 1359 4597 οὐκ
1407 4539 1611 4614 ἀγαθοῦ
1659 4539 1895 4617 ἐργασία.

254 4628 396 4698 Αὕτη
427 4631 704 4702 τοιγαρῦν,
736 4626 873 4681 κατὰ
917 4626 1010 4681 τὸν
1052 4628 1160 4696 ’τῆς
1211 4625 1538 4702 ἐπαγγελίας
1565 4625 1748 4705 λόγον,
1783 4628 1891 4688 ἐστὶ

253 4718 463 4790 πρώτη.
515 4717 751 4793 Ἀγαθοῦ
807 4716 908 4791 γάρ
967 4716 1108 4771 ἐστιν
1160 4714 1401 4794 έργασία.
1466 4738 1489 4769 ι
1535 4719 1634 4774 Καὶ
1665 4715 1758 4793 ἔσῃ
1790 4740 1893 4793 μα-

251 4803 572 4880 κροχρόνιος
631 4802 719 4861 ἐπὶ
776 4805 875 4872 τῆς
931 4809 1053 4878 γῆς.
1107 4827 1135 4856 ››
1201 4807 1341 4880 Ὅρα
1399 4805 1608 4881 σοφίαν.
1670 4805 1893 4878 Ἐπειδὴ

255 4895 383 4969 πρὸς
436 4892 669 4964 νηπίους
727 4893 754 4947 ὁ
814 4892 984 4967 λόγος
1042 4891 1211 4966 αὐτῷ,
1268 4895 1427 4970 (πρὸς
1484 4895 1586 4971 γάρ
1640 4896 1708 4953 τὰ
1736 4896 1896 4953 τέκνα

254 4981 456 5057 λαλεῖ,)
487 4983 655 5054 αὐτὴν
697 4982 797 5051 τήν
852 4978 1108 5055 κιιμένην
1166 4979 1407 5057 ἀμοιϐὴν
1441 4984 1648 5059 ε’ἰρηκε,
1677 4985 1766 5043 καὶ
1801 4985 1896 5042 οὗ·

255 5072 336 5129 δέν
371 5071 603 5147 ὑψηλὸν,
637 5073 701 5128 οὐ
746 5072 872 5146 περὶ
921 5069 1199 5147 βασιλείας
1254 5074 1515 5146 οὐρανῶν,
1549 5077 1613 5132 οὐ
1645 5075 1768 5152 περὶ
1801 5097 1896 5151 μι-

257 5164 469 5236 μήσεως
501 5164 763 5237 Χριστοῦ,
819 5159 951 5234 ὅπερ
1007 5158 1095 5215 ἐπὶ
1153 5164 1249 5216 τοῦ
1305 5160 1499 5238 ἀνδρὸς
1554 5165 1774 5235 καὶτῆς
1798 5187 1893 5239 γυ-

251 5252 427 5315 ναικὸς
460 5249 734 5321 έποίησεν.
782 5250 851 5306 Τί
901 5248 1005 5324 γὰρ
1055 5246 1318 5325 ἡδύτερον
1368 5252 1522 5308 παισὶ
1551 5260 1653 5323 τῆς
1687 5275 1895 5330 μακρο-

251 5340 509 5422 χρονίας;
543 5339 642 5395 Καὶ
671 5338 773 5414 γάρ
804 5338 895 5394 καὶ
941 5344 1060 5402 τοῖς
1108 5337 1418 5407 Ἰουδαίοις,
1448 5342 1523 5406 ὡς
1551 5343 1768 5413 νηπίοις
1802 5347 1892 5408 τὰς

244 5430 431 5509 φρένας
486 5432 656 5484 ταῦτα
711 5427 1105 5500 ἐνομοθετήθη.
1166 5428 1243 5486 Οὐ
1299 5429 1400 5504 γάρ
1448 5429 1645 5510 ’ἰσχυον
1676 5433 1896 5490 τελείων

242 5517 472 5575 ἀκούειν.
515 5540 544 5568 ιι
604 5516 675 5574 Οἱ
746 5515 976 5589 πατέρες
1030 5517 1108 5589 μὴ
1166 5518 1526 5594 παροργίζετε
1597 5519 1665 5576 τὰ
1736 5520 1896 5581 τέκνα

250 5608 415 5680 ὑμῶν.
436 5628 457 5655 ι
485 5605 603 5661 Οὐκ
624 5603 794 5660 εἶπεν.
823 5604 1116 5679 Ἀγαπᾶτε.
1141 5608 1314 5661 Τοῦτο
1334 5608 1436 5683 γάρ
1458 5607 1655 5670 αὐτοὺς
1675 5611 1708 5679 ἡ
1735 5611 1892 5689 φύσις

313 5721 360 5758 ³⁸
390 5720 569 5778 Exod.
602 5736 696 5788 xx,
734 5721 932 5792 13,14.

1423 3284 1705 3364 ἐκτρέφετε
1774 3285 1909 3342 αὐτὰ
1963 3318 1966 3321 ~

2026 3310 2051 3345 ι
2098 3295 2344 3355 vestros,
2376 3289 2481 3345 sed
2512 3290 2759 3347 educato
2789 3306 2891 3346 eos
2924 3290 2986 3346 in
3018 3289 3352 3346 eruditione
3384 3290 3668 3345 etadmo-

2018 3401 2047 3431 «
2086 3381 2312 3439 nitione
2346 3381 2602 3436 Domini.
2638 3402 2666 3431 ››

2090 3471 2168 3526 De
2201 3470 2393 3541 primo
2425 3469 2574 3527 dixit
2602 3470 2940 3542 principatu
2970 3471 3071 3540 qui
3103 3476 3193 3524 est
3223 3486 3407 3542 penes
3452 3469 3662 3540 virum,

2016 3576 2176 3616 nunc
2197 3559 2269 3614 de
2292 3558 2553 3615 secundo
2576 3558 2720 3614 dicit
2741 3559 2842 3630 qui
2896 3564 2986 3615 est
3026 3575 3209 3631 penes
3252 3564 3548 3630 parentes.
3583 3559 3667 3614 Si-

2018 3650 2257 3722 quidem
2276 3667 2426 3707 uxor
2446 3651 2593 3715 viro,
2618 3649 2726 3705 ﬁlii
2752 3664 2887 3705 vero
2911 3651 3088 3705 etiam
3112 3650 3281 3704 uxori
3304 3649 3659 3705 subduntur.

2019 3760 2044 3793 ιι
2079 3743 2146 3797 ln
2179 3740 2450 3796 Domino.
2512 3761 2540 3789 »
2572 3738 2715 3794 Hoc
2772 3743 2863 3793 est
2919 3738 3246 3793 secundum
3294 3738 3611 3793 Dominum
3644 3754 3660 3794 :

2016 3845 2232 3899 nempe
2261 3828 2323 3884 in
2355 3828 2447 3883 his
2478 3828 2538 3882 in
2569 3825 2783 3897 quibus
2814 3826 2966 3881 nihil
3010 3826 3357 3882 nocumenti
3417 3825 3666 3897 suscipit

2016 3923 2225 3993 pietas.
2258 3920 2408 3985 Quid
2436 3920 2598 3975 enim
2631 3919 2679 3974 si
2712 3919 2898 3974 ﬁliam
2928 3920 3285 3990 prostituere
3306 3918 3447 3973 velit
3467 3918 3665 3990 pater?

2016 4015 2118 4067 aut
2139 4010 2326 4065 [ilium
2349 4014 2518 4079 turpe
2541 4007 2752 4063 docere
2781 4007 3140 4064 artificium?
3169 4012 3267 4063 aut
3317 4007 3392 4062 ad
3420 4008 3664 4081 pagani-

2016 4113 2208 4154 smum
2224 4096 2474 4153 ducere?
2488 4096 2836 4168 Hujusmodi
2856 4112 2998 4151 sane
3018 4113 3135 4151 non
3159 4102 3297 4151 sunt
3316 4096 3376 4151 in
3392 4097 3663 4154 Domino.

2017 4209 2045 4239 α
2077 4187 2243 4253 Quod
2270 4192 2361 4241 est
2385 4190 2746 4258 praeceptum
2777 4187 3057 4257 primum.
3093 4206 3121 4236 »
3154 4186 3331 4257 Atqui
3390 4201 3511 4241 non
3570 4192 3665 4244 est

2014 4276 2127 4331 hoc
2150 4276 2594 4347 primum.Nam
2618 4275 2781 4345 prius
2829 4280 3002 4330 sunt:
3042 4276 3168 4330 Non
3213 4275 3447 4330 occides
3481 4292 3495 4330 :
3531 4277 3655 4332 Non

2016 4364 2351 4422 committes
2382 4363 2741 4418 adulterium
2760 4364 2824 4417 ³⁸.
2847 4363 2955 4419 Sed
2975 4363 3108 4419 vide
3152 4364 3294 4435 quid
3337 4361 3653 4434 addiderit,

2016 4477 2046 4506 «
2080 4454 2145 4509 In
2177 4452 2593 4524 promissione.
2629 4473 2657 4503 ››
2686 4452 2890 4508 Priora
2919 4452 3216 4524 siquidem
3246 4452 3352 4508 illa
3379 4468 3499 4507 non
3555 4452 3660 4508 ba-

2015 4543 2159 4598 bent
2180 4541 2608 4614 promissiones
2633 4558 2646 4596 :
2670 4557 2807 4597 nam
2830 4542 3235 4613 separationes
3258 4547 3396 4597 sunt
3426 4557 3461 4597 a
3482 4541 3657 4598 malis

2007 4630 3014 4703 nonoperationesboni.Hocigitur
3036 4632 3294 4702 primum
3334 4637 3423 4685 est
3444 4631 3505 4686 in
3538 4646 3658 4687 ser-

2004 4737 2181 4777 mone
2208 4719 2786 4791 promissionis,nam
2809 4725 2898 4774 est
2920 4720 3184 4791 operatio
3207 4719 3368 4774 boni.
3395 4742 3423 4771 «
3448 4721 3517 4776 Et
3538 4721 3656 4777 eris

2005 4809 2302 4882 longaevus
2326 4809 2386 4863 in
2406 4813 2581 4863 terra.
2617 4830 2646 4858 »
2681 4807 2820 4864 Vide
2854 4809 3225 4880 sapientiam.
3256 4809 3547 4874 Quoniam
3577 4809 3652 4865 ad

2004 4897 2746 4967 infautesloquimur(nam
2763 4896 2837 4951 ad
2850 4897 3006 4952 filios
3018 4898 3072 4953 ei
3086 4914 3279 4952 sermo
3293 4902 3440 4961 erat)
3462 4899 3653 4971 ipsam

2005 4985 2725 5058 positumretributionem
2746 4985 3051 5057 adjunxit:
3077 4992 3137 5042 et
3182 4986 3334 5042 nihil
3374 4988 3653 5059 sublime,

2005 5092 2126 5132 non
2156 5076 2228 5131 de
2254 5092 2432 5148 regno
2456 5074 2764 5141 ccnlorum,
2799 5091 2923 5132 non
2954 5075 3025 5130 de
3057 5076 3394 5132 imitatione
3438 5075 3654 5131 Christi

2005 5166 2163 5237 quod
2182 5166 2243 5220 in
2270 5166 2390 5220 viro
2414 5170 2471 5220 et
2496 5181 2679 5220 uxore
2710 5164 2885 5230 fecit;
2929 5164 3074 5236 quid
3119 5166 3281 5221 enim
3330 5166 3533 5237 pueris
3553 5166 3659 5236 ju-

2005 5254 2257 5311 cundius
2273 5253 2642 5326 longzevitate
2666 5254 2849 5310 ?Nam
2870 5253 3088 5310 Judaais
3112 5271 3351 5325 quoque
3369 5259 3653 5325 tanquam

2006 5345 2333 5405 infantibus
2363 5346 2459 5402 55
2496 5345 2623 5399 hinc
2654 5344 2885 5400 sancita
2931 5349 3070 5399 sunt
3103 5361 3116 5399 :
3178 5345 3442 5415 perfecta
3489 5345 3652 5400 enim

2005 5436 2210 5492 audire
2236 5452 2355 5490 non
2382 5440 2677 5506 poterant.
2713 5453 2734 5482 ι
2762 5436 3065 5501 Patres,ne
3089 5433 3162 5490 ad
3185 5434 3333 5489 iram
3365 5450 3646 5506 provoce-

2004 5525 2081 5581 tis
2112 5524 2316 5578 libros.
2351 5545 2380 5575 »
2410 5524 2538 5581 Non
2565 5523 2707 5579 dicit
2739 5539 2752 5578 :
2786 5524 3056 5595 Diligite:
3092 5540 3231 5581 nam
3263 5524 3322 5579 id
3371 5524 3444 5580 ab
3503 5524 3650 5596 ipsis

2005 5616 2184 5670 etiam
2217 5616 2414 5670 invitis
2439 5621 2652 5671 natura
2683 5617 2950 5687 exposcit
2983 5634 2995 5672 :
3052 5616 3177 5685 sed,
3238 5618 3317 5671 Ne
3376 5615 3449 5673 ad
3498 5618 3647 5675 iram
