4072 6266
441 381 597 440 1247

1553 380 1978 442 (ΕΟΗΜΕΝΞΙ
2020 379 2322 442 ἸἪΙΟΟᾸΞ
2364 382 2719 445 EPISCOPI

3692 382 3814 440 12ίὸ

443 515 802 588 provocetis:
841 515 954 571 hoc
978 522 1087 584 est,
1120 517 1199 571 Ne
1230 516 1590 573 haeredidate
1620 516 1960 588 privetis,ne
1981 514 2083 570 ab-
2115 558 2126 582 λ

2241 515 2286 569 αἱ
2320 513 2548 579 ἄκοντας
2577 517 2816 585 ἀπαιτεῖ,
2874 515 3040 585 ἀλλὰ,
3100 518 3185 585 Μὴ
3249 516 3639 589 παροργίζετε.
3683 520 3816 569 Τουτ-

444 605 677 671 dicetis,
709 620 784 659 ne
813 605 1011 677 gravia
1039 610 1099 659 et
1128 622 1259 676 quas
1292 623 1488 661 servos
1519 605 1733 662 decent
1777 605 2085 677 praecipia-

445 693 545 759 tis,
578 699 680 748 aut
709 710 944 764 semper
974 709 1110 767 erga
1140 695 1302 765 ipsos
1333 694 1743 767 indignemini.
1780 717 1808 743 ››
1840 696 1905 749 In
1955 710 2086 749 eru-

447 781 671 837 ditione
703 782 1174 838 etadmonitione
1196 784 1451 838 Domini.
1476 785 1633 839 ulioc
1659 784 2089 839 exhortationis

451 878 540 927 est
571 878 766 942 caput.
802 871 947 926 Cum
980 872 1136 926 enim
1161 873 1494 943 spiritualia
1524 873 2089 941 adhibentur,etiam

450 961 715 1016 carnalia
745 966 1089 1031 sequentur.
1121 962 1265 1016 Nam
1315 962 1425 1017 hoc
1484 963 1857 1033 potissimum
1910 962 2092 1017 efficit

450 1052 612 1123 ipsos
643 1048 1009 1106 obedientes.

523 1235 607 1300 VI,
644 1234 760 1287 5-8.
797 1231 976 1299 Servi,
1009 1231 1221 1287 obedite
1252 1232 1336 1287 his
1363 1235 1459 1303 qui
1489 1233 1702 1288 domini
1748 1241 1873 1288 sunt
1920 1235 2096 1303 juxta

454 1339 696 1386 carnem,
729 1338 849 1377 cum
881 1324 1074 1376 timore
1103 1339 1166 1376 ac
1197 1322 1511 1389 tremore,in
1539 1322 1895 1393 simplicitate
1915 1322 2096 1378 cordis

456 1410 643 1470 vestri.
676 1419 739 1465 ut
771 1410 1010 1478 Christo,
1040 1426 1149 1465 non
1180 1413 1255 1465 ad
1306 1411 1523 1466 oculum
1580 1415 1895 1480 servientes,
1952 1412 2099 1466 velut

460 1501 770 1555 hominibus
816 1500 1037 1570 placere
1090 1501 1412 1556 studentes:
1470 1503 1565 1557 sed
1622 1510 1882 1574 tanquam
1957 1503 2100 1556 servi

458 1589 686 1654 Christi,
717 1592 981 1659 facientes
1010 1605 1139 1660 qum
1164 1592 1283 1645 vult
1312 1594 1452 1647 Deus
1480 1609 1550 1646 ea:
1577 1595 1763 1647 animo
1787 1608 1908 1648 cum
1931 1592 2099 1645 bene-

457 1678 701 1734 volentia
727 1681 1015 1734 servientes
1044 1681 1277 1734 Domino
1301 1687 1353 1735 et
1378 1697 1487 1735 non
1542 1681 1847 1736 hominibus
1888 1697 1902 1735 :
1960 1680 2103 1735 illud

457 1770 684 1823 scientes
713 1768 860 1838 quod
887 1770 1263 1839 unusquisque
1292 1771 1439 1840 quod
1467 1772 1663 1838 fecerit
1693 1771 1843 1840 boni,
1873 1772 1973 1827 hoc
2015 1786 2101 1825 re-

455 1857 703 1927 portabit
731 1873 765 1911 a
800 1859 1048 1925 Domino,
1079 1860 1189 1913 sive
1216 1876 1400 1915 servus
1426 1863 1621 1929 fuerit,
1650 1864 1762 1917 sive
1793 1862 1945 1916 liber.

539 2037 746 2091 Servos
776 2035 975 2106 posuit
1001 2034 1351 2091 novissimos
1378 2054 1391 2091 :
1425 2038 1905 2110 quandoquidem
1960 2039 2109 2094 tales

469 2129 607 2179 sunt
630 2124 806 2179 etiam
831 2124 891 2177 in
914 2123 1197 2196 dignitate
1219 2125 1310 2179 vel
1334 2126 1576 2182 honore.
1599 2129 1725 2183 Jam
1746 2135 1946 2183 autem
1976 2145 2110 2184 cum

475 2213 561 2268 eis
583 2228 704 2267 non
727 2217 793 2266 ut
815 2228 947 2267 cum
970 2213 1170 2284 pueris
1191 2213 1563 2283 disserit,sed
1584 2217 1841 2289 perfecte
1869 2223 1929 2274 et
1946 2219 2112 2274 abso-

473 2302 912 2359 lute.Dominus
933 2303 1201 2375 aitjuxta
1222 2320 1482 2369 carnem,
1508 2307 1619 2363 hoc
1641 2313 1731 2362 est
1768 2308 2115 2380 temporali-

474 2391 615 2448 bus:
640 2397 698 2447 et
720 2408 788 2446 ex
811 2392 921 2448 hoc
942 2393 1292 2465 etiamipsos
1314 2395 1671 2451 consolatur.
1689 2422 1709 2445 ι
1735 2398 1876 2453 Cum
1901 2399 2116 2453 timore

476 2498 545 2538 ac
562 2487 838 2537 tremore.
871 2504 898 2531 κ
925 2482 981 2536 Si
1001 2483 1159 2537 enim
1181 2483 1670 2541 liberosinvicem
1710 2504 1897 2542 unum
1945 2488 2117 2543 alteri

476 2570 737 2643 subjicit,
772 2575 992 2641 quanto
1023 2572 1209 2643 magis
1239 2573 1346 2628 hos
1367 2574 1396 2629 ?
1428 2575 1777 2647 Hujusmodi
1810 2583 2009 2632 autem
2042 2578 2117 2631 ti-

476 2676 705 2718 morem
728 2677 850 2716 non
871 2661 1092 2732 expetit
1105 2660 1176 2716 ab
1190 2662 1983 2736 uxoribus,quandoquidem
1999 2683 2119 2721 non

483 2755 621 2805 sunt
641 2749 1005 2816 ancillae,sed
1027 2750 1278 2806 subdita:
1300 2758 1357 2806 et
1376 2752 1743 2811 obedientes.
1795 2757 1970 2810 Recte
2026 2773 2123 2811 au-

480 2846 601 2894 tem
623 2838 806 2894 addit:
834 2859 862 2888 ‹‹
884 2839 951 2893 In
972 2838 1351 2910 simplicitate
1370 2843 1621 2898 cordis.»
1641 2844 1939 2917 Contingit
1964 2846 2122 2901 enim

485 2944 619 2983 cum
653 2926 865 2983 timore
896 2929 1134 3000 servire,
1160 2936 1220 2984 et
1246 2947 1366 2986 non
1398 2948 1469 2987 ex
1525 2931 1958 3002 benevolentia,
2019 2935 2123 2990 sed

483 3017 642 3073 malo
669 3034 737 3073 ac
768 3017 1014 3073 subdolo
1045 3019 1266 3075 animo.
1304 3044 1325 3069 ι
1362 3022 1490 3076 Non
1507 3022 1580 3077 ad
1602 3022 1840 3078 oculum
1867 3024 2123 3080 servien-

487 3110 594 3161 tes.
630 3124 664 3157 ι»
694 3106 818 3160 Non
851 3110 937 3174 ut,
964 3122 1100 3162 cum
1129 3106 1350 3163 adsunt
1380 3110 1606 3165 domini
1638 3128 1706 3167 ac
1758 3112 1983 3180 vident,
2022 3113 2125 3168 sed

487 3195 662 3251 etiam
692 3212 827 3250 cum
856 3195 1091 3263 absunt,
1123 3198 1341 3254 faciant
1366 3216 1434 3255 ea
1464 3218 1596 3272 qua;
1652 3201 1882 3258 decent.
1936 3227 1955 3251 ι
2016 3203 2128 3257 Sed

487 3291 775 3355 tanquam
798 3286 947 3340 servi
971 3287 1207 3343 Christi.
1235 3310 1263 3338 »
1292 3290 1494 3361 Itaque
1518 3291 1617 3362 qui
1645 3292 1843 3348 studet
1884 3294 2129 3349 homini-

489 3373 871 3443 busplacere,
895 3391 1014 3429 non
1057 3382 1148 3430 est
1196 3392 1396 3432 servus
1444 3380 1679 3436 Christi.
1727 3404 1755 3431 ‹‹
1817 3384 1900 3437 Ex
1931 3382 2130 3437 animo

492 3477 627 3515 cum
648 3460 1079 3518 benevolentia.
1104 3485 1131 3514 λ)
1160 3465 1457 3537 Contingit
1474 3469 1652 3524 etiam
1675 3470 1735 3524 in
1753 3471 2131 3543 simplicitate

494 3549 697 3604 dolose
715 3550 1095 3621 operari,non
1106 3559 1391 3623 quantum
1412 3560 1733 3627 potest,sed
1749 3566 1963 3618 tantum
1976 3561 2133 3634 quod

497 3638 810 3695 deﬁnitum
833 3641 991 3695 est.'«
1016 3642 1265 3697 Domino
1292 3650 1351 3699 et
1407 3663 1525 3701 non
1557 3647 1913 3705 hominibus.
1951 3675 1972 3703 ι
2008 3653 2134 3706 Non

497 3734 719 3794 coacte,
751 3728 855 3784 sed
889 3746 959 3784 ex
988 3730 1286 3789 voluntate
1318 3734 1525 3792 libera.
1561 3759 1588 3787 «
1645 3739 1763 3793 Hoc
1809 3740 2137 3811 reportabit

496 3835 532 3875 a
561 3819 831 3874 Domino.
864 3839 894 3868 ››
920 3821 1211 3885 Quoniam
1240 3823 1563 3881 verisimile
1585 3832 1675 3882 est
1704 3828 1860 3898 quod
1894 3828 2137 3901 plurimi

501 3908 879 3964 dominorum
913 3910 1095 3965 servis
1125 3927 1245 3967 non
1271 3914 1683 3984 rependebant
1711 3918 1864 3973 vices
1923 3936 1991 3974 ac
2045 3918 2141 3974 be-

501 3998 988 4063 nevolentiam,in
1017 4001 1213 4057 futuro
1243 4006 1536 4074 promittit
1555 4006 1640 4062 eis
1662 4008 2138 4069 retributionem.

576 4088 668 4154 VI,
701 4090 753 4142 9.
785 4090 856 4142 Et
885 4104 995 4153 vos,
1028 4089 1256 4158 domini,
1290 4093 1477 4148 eadem
1505 4096 1674 4161 facite
1698 4114 1830 4167 erga
1867 4099 2012 4164 illos,
2037 4099 2140 4155 58

504 4176 836 4233 remittentes
862 4179 1041 4232 minas
1063 4195 1082 4232 :
1109 4181 1335 4237 scientes
1364 4183 1513 4252 quod
1541 4191 1593 4238 et
1647 4193 1840 4256 vester,
1898 4189 2142 4257 ipsorum

508 4267 776 4321 Dominus
805 4271 881 4320 est
935 4268 993 4320 in
1050 4268 1241 4323 acetis:
1297 4286 1394 4325 nec
1442 4288 1691 4341 persona:
1744 4282 2015 4345 respectus
2069 4282 2145 4331 est

501 4354 654 4425 apud
681 4356 861 4410 illum.

577 4444 1101 4510 Eadem.Qumnam
1115 4448 1296 4503 ‘tCum
1335 4447 1991 4519 benevolentiaservite,
2027 4469 2145 4507 non

511 4533 672 4588 velut
701 4534 1044 4590 hominibus
1075 4535 1303 4606 placere
1335 4538 1661 4595 studentes.
1697 4540 1808 4596 Sed
1848 4542 1974 4597 haec
2026 4559 2146 4596 non

513 4630 714 4694 aperte
738 4623 881 4678 dicit
900 4641 1240 4696 quanquam
1265 4644 1333 4682 ea
1354 4627 1888 4701 intelligit.Etenim
1923 4616 2157 4686 Domini

514 4729 751 4784 quoque
777 4714 1039 4769 serviunt
1068 4717 1267 4771 servis.
1298 4717 1597 4788 Siquidem
1621 4720 1858 4790 quando
1884 4721 1987 4775 illo
2014 4722 2152 4776 dor-

513 4803 736 4857 miente
765 4820 832 4859 ac
861 4810 1169 4874 stertente,
1202 4808 1488 4863 Dominus
1517 4809 1590 4864 de
1622 4810 1921 4866 alimentis
1951 4828 2019 4866 ac
2036 4828 2156 4867 ves-

514 4892 783 4947 timentis
811 4894 974 4949 illius
1005 4912 1207 4951 curam
1235 4897 1461 4954 habens
1492 4915 1613 4954 non
1659 4899 1899 4965 dormit,
1955 4917 2155 4956 annon

516 4983 642 5055 ipse
663 4983 884 5038 servit?
903 4984 1101 5041 Potest
1120 4990 1341 5047 autem,
1365 4988 1508 5043 Cum
1531 4990 1741 5044 timore
1781 4995 1839 5043 et
1879 4996 2154 5056 tremore,

518 5072 699 5127 etiam
718 5071 976 5127 dominis
997 5075 1430 5146 aptari,nempe
1461 5093 1597 5147 erga
1617 5079 1821 5132 Deum.
1852 5100 1880 5128 «
1936 5078 2159 5134 Remit-

519 5167 713 5217 tentes
743 5162 954 5218 minas.
989 5185 1016 5212 »
1045 5164 1172 5218 Non
1201 5181 1426 5236 graves,
1459 5165 1671 5237 inquit,
1706 5173 1763 5221 et
1794 5167 2025 5223 molesti
2075 5168 2159 5222 eis

524 5253 676 5308 sitis.
702 5276 727 5301 «
754 5253 1018 5308 Scientes
1044 5255 1204 5324 quod
1225 5262 1282 5310 et
1316 5260 1527 5323 vester,
1577 5257 1841 5328 ipsorum
1877 5257 2161 5312 Dominus

526 5348 634 5397 est.
662 5365 680 5390 ι
704 5373 771 5382 ——
793 5343 917 5407 Qua
937 5344 1097 5398 enim
1144 5360 1425 5399 mensura
1472 5346 1790 5415 metimini,
1850 5346 2165 5402 remetien-

526 5438 623 5488 tur
652 5432 752 5487 alii
784 5432 949 5487 vobis
978 5432 1044 5500 ³⁸,
1080 5450 1153 5488 ne
1181 5441 1239 5489 et
1271 5440 1331 5488 tu
1361 5435 1607 5491 audias:
1669 5457 1697 5485 «
1751 5436 1921 5491 Serve
1979 5437 2165 5491 scele-

529 5526 638 5592 ste,
669 5528 858 5578 totum
889 5524 1155 5580 debitum
1187 5525 1336 5581 illud
1366 5526 1571 5581 remisi
1602 5526 1708 5581 tibi
1737 5525 1803 5592 3",
1838 5547 1865 5577 »
1924 5532 1981 5581 et
2035 5542 2164 5597 quas

603 5669 648 5704 ³⁸
674 5671 873 5725 Matth.
905 5673 997 5739 vii,
1031 5677 1082 5726 2.
1117 5672 1163 5709 ³⁷
1195 5676 1394 5731 Matth.
1427 5691 1580 5739 xvni,
1605 5677 1691 5729 3'2.

2197 603 2331 674 ἐστι,
2438 606 2531 675 Μὴ
2635 605 3151 682 ἀποκληρονόμους,
3258 606 3336 678 μή
3423 603 3818 677 ἁποκηρίκτους

2197 700 2428 764 ποιεῖτε,
2488 697 2564 769 μὴ
2625 695 2857 772 φορτικά
2909 695 2996 750 καί
3055 692 3277 755 δούλοις
3333 691 3622 769 πρέποντα
3667 691 3822 753 αὐτοῖς

2200 783 2531 851 ἑπιτάσσετε,
2566 785 2657 839 καὶ
2714 785 2852 859 πρὸς
2907 782 3106 846 αὐτοὺς
3145 784 3226 838 ἀεὶ
3258 780 3676 861 δυσχεραίνετε.
3706 804 3731 830 ιι
3757 783 3825 836 Ἐν

2198 870 2417 944 παιδείᾳ
2458 872 2547 928 καὶ
2603 875 2852 944 νουθεσίᾳ
2908 872 3131 949 Κυρίου.
3167 896 3195 924 ››
3252 872 3429 929 Τοῦτο
3459 878 3571 940 τῆς
3603 873 3829 945 παραινέ-

2201 985 2339 1026 σεως
2365 964 2427 1019 τὸ
2455 964 2777 1038 κεφάλαιον.
2819 967 2943 1022 Τῶν
2990 968 3367 1037 πνευματικῶν
3397 963 3509 1037 γάρ
3546 961 3738 1029 ὄντων,
3760 962 3831 1014 καὶ

2200 1052 2268 1108 τὰ
2320 1054 2548 1128 σαρκικᾶ
2600 1051 2982 1123 ἀκολουθήσει.
3037 1055 3216 1109 Τοῦτο
3256 1051 3360 1126 γάρ
3390 1049 3596 1114 αὐτοὺς
3628 1051 3833 1123 μέλις-τι

2204 1143 2515 1212 πειθηνίους
2546 1149 2710 1199 ποιεῖ.

2278 1233 2346 1291 Οἱ
2406 1230 2621 1304 δοῦλαι,
2680 1233 2977 1288 ὑπακούετε
3027 1238 3142 1296 τοῖς
3195 1234 3408 1307 κυρίοις
3467 1232 3620 1289 κατὰ
3674 1232 3836 1305 σάρκα,

2209 1324 2344 1396 μετὰ
2372 1318 2546 1399 φόϐου
2603 1321 2693 1376 καὶ
2752 1322 2984 1396 τρόμου,
3044 1319 3096 1376 ἐν
3155 1319 3429 1390 ἁπλότητι
3486 1321 3597 1389 τῆς
3646 1317 3840 1394 καρδίας

2209 1412 2361 1485 ὑμῶν
2422 1411 2496 1473 ὡς
2550 1414 2630 1482 τῷ
2702 1414 2950 1484 Χριστῷ,
3030 1411 3106 1482 μὴ
3183 1413 3300 1465 κατ’
3375 1405 3843 1483 ὀφθαλμοδουλίαν

2208 1500 2282 1563 ὡς
2382 1499 2846 1574 ἀνθρωπάρεσκοι,
2937 1497 3063 1554 ἀλλ’
3156 1499 3230 1559 ὡς
3324 1495 3527 1552 δοῦλοι
3606 1498 3846 1571 Χριστοῦ,

2208 1593 2495 1652 ποιοῦντες
2547 1589 2611 1643 τὸ
2671 1586 2889 1661 θέλημα
2969 1591 3067 1644 τοῦ
3145 1591 3305 1659 Θεοῦ,
3365 1587 3425 1642 ἐκ
3484 1591 3683 1661 ψυχῆς
3756 1586 3846 1657 μετ’

2211 1679 2417 1741 εύνοίας
2486 1677 2836 1741 δουλεύοντες
2900 1679 2980 1751 τῷ
3070 1679 3253 1753 Κυρίῳ
3315 1679 3407 1733 καὶ
3479 1677 3591 1732 οὐκ
3664 1676 3848 1749 ἀνθρώ-

2219 1793 2358 1841 ποις,
2417 1767 2621 1832 είδότες
2676 1770 2761 1825 ὅτι
2819 1768 2849 1824 ὅ
2897 1766 2984 1823 ἐάν
3038 1789 3124 1832 τις
3191 1764 3415 1829 ἕκαστος
3474 1767 3695 1837 ποιήσᾳ
3740 1765 3851 1841 ἀγα-

2137 1887 2185 1952 B
2217 1863 2326 1932 θὸν,
2357 1863 2520 1915 τοῦτο
2568 1863 2846 1932 κομιεῖται
2892 1856 3038 1932 παρᾶ
3090 1861 3187 1912 τοῦ
3246 1856 3470 1931 Κυρίου,
3508 1854 3622 1910 ε’ἰτε
3654 1851 3851 1919 δοῦλος,

2216 1951 2325 2006 ε’ἰτε
2347 1948 2649 2024 ἐλεύθερος.

2286 2039 2427 2102 Τοὺς
2482 2035 2714 2099 δούλους
2773 2034 3038 2111 ἐσχάτους
3088 2034 3346 2103 τέθεικεν,
3407 2031 3604 2102 ἐπειδὴ
3654 2031 3853 2087 καὶεῖσὶ

2217 2130 2298 2201 τῷ
2331 2128 2620 2200 ἀξιώματι.
2651 2126 2768 2183 Ούκ
2807 2120 2886 2179 ἔτι
2937 2122 2994 2179 δὲ
3039 2124 3257 2186 τούτοις
3305 2124 3383 2185 ὡς
3430 2119 3684 2182 παιδίοις
3709 2119 3859 2175 διαλέ-

2220 2237 2392 2294 γεται,
2425 2215 2570 2271 ἀλλὰ
2624 2212 2876 2285 τελείως,
2935 2214 3071 2268 κατά
3128 2212 3298 2289 σάρκα
3350 2210 3435 2282 δὲ,
3483 2210 3737 2266 τουτέστι
3762 2213 3861 2267 τοῖς

2222 2303 2597 2380 προσκαίροις.
2654 2305 2755 2360 Ἐκ
2802 2302 3000 2358 τούτου
3057 2299 3116 2358 δὲ
3176 2302 3267 2357 καὶ
3323 2302 3732 2377 παραμυθεῖται
3781 2297 3863 2351 αὖ·

2225 2398 2372 2459 τούς.
2435 2422 2463 2449 ‹‹
2524 2395 2671 2451 Μετᾶ
2709 2391 2884 2469 φόϐου
2940 2395 3030 2449 καὶ
3088 2394 3325 2469 τρόμου.
3379 2416 3409 2444 »ι
3473 2393 3542 2450 Εἰ
3601 2393 3701 2467 γάρ
3752 2388 3859 2447 τοῦς

2226 2486 2543 2560 ἐλευθερους
2594 2482 2874 2554 ἀλλήλοις
2931 2483 3242 2552 ὑποτάσσει,
3299 2477 3461 2554 πόσῳ
3516 2479 3726 2554 μᾶλλον
3752 2476 3862 2531 τού-

2224 2595 2356 2637 τους
2385 2594 2398 2643 ;
2426 2576 2533 2632 Τὸν
2591 2570 2648 2628 δὲ
2703 2576 2953 2627 τοιοῦτον
3010 2571 3111 2627 οὐκ
3168 2572 3390 2627 ἀπαιτεῖ
3420 2570 3577 2645 παρὰ
3620 2570 3857 2644 γυναικῶν

2228 2663 2421 2744 φόϐον,
2453 2660 2640 2730 ἒπειδὴ
2678 2663 2817 2735 μήτε
2847 2660 2948 2716 εἶσὶ
2984 2658 3204 2728 δοῦλοι,
3237 2660 3367 2717 ἀλλ’
3403 2661 3668 2730 ὑπήκοοι.
3692 2653 3861 2713 Καλῶς

2230 2751 2289 2809 δὲ
2315 2754 2400 2821 τὸ,
2432 2776 2460 2804 ι(
2490 2753 2576 2808 Ἐν
2633 2747 2909 2817 ἁπλότητι
2967 2745 3209 2822 καρδίας.
3239 2773 3266 2799 ιι
3327 2750 3450 2805 Ἐνι
3488 2750 3595 2823 γάρ
3634 2745 3717 2801 καὶ
3750 2744 3856 2818 μετᾶ

2233 2836 2405 2921 φόϐου
2433 2840 2523 2895 καὶ
2552 2839 2764 2914 τρόμου
2796 2834 3098 2907 δουλεύειν,
3119 2835 3247 2892 ἀλλ’
3275 2836 3374 2893 οὐκ
3397 2837 3449 2907 ἐξ
3483 2834 3712 2902 εὐνοίας,
3742 2830 3857 2887 ἀλλὰ

2231 2930 2572 3006 κακούργως.
2606 2952 2634 2980 ‹‹
2669 2928 2762 2997 Mi}
2821 2928 2939 2982 κατ’
2992 2924 3516 3004 ὀφθαλμοδουλίαν,
3553 2950 3581 2978 ››
3624 2925 3730 2994 Μὴ,
3758 2922 3856 2976 ὅταν

2233 3022 2487 3095 πάραισιν
2517 3017 2568 3073 οἳ
2599 3013 2853 3072 δεσπόται
2910 3014 3001 3071 καὶ
3059 3017 3284 3091 ὁρῶσιν,
3333 3012 3483 3069 ἀλλᾶ
3523 3015 3614 3069 καὶ
3649 3012 3857 3068 ἀπόντων

2235 3112 2433 3179 αὐτῶν,
2486 3108 2574 3163 ἳνα
2631 3108 2698 3162 τά
2755 3104 2945 3161 δέοντα
2997 3111 3250 3162 ποιῶσιν.
3315 3126 3339 3157 ι
3396 3102 3567 3160 Ἀλλ’
3600 3105 3674 3164 ὡς
3702 3100 3857 3157 δοῦλοι

2238 3204 2335 3256 τοῦ
2391 3200 2643 3274 Χριστοῦ.
2677 3219 2705 3249 ››
2766 3198 2905 3270 Ἄρα
2964 3194 3057 3250 οὖν
3116 3194 3576 3269 ἀνθρωπάρεσκος
3634 3190 3729 3247 ούκ
3772 3185 3859 3245 ἔστι

2242 3288 2441 3351 δοῦλος
2468 3290 2731 3364 Χριστοῦ.
2766 3309 2795 3339 ›ι
2828 3286 2923 3342 Ἐκ
2951 3288 3140 3360 ψυχῆς
3174 3285 3288 3357 μετ’
3320 3283 3563 3346 εὐνοίας.
3584 3304 3612 3337 ιι
3648 3284 3757 3338 "Eu
3783 3278 3860 3353 γάρ

2240 3381 2331 3435 καὶ
2397 3378 2451 3433 ὲν
2520 3374 2794 3444 ἁπλότητι
2860 3374 3178 3450 κακούργως
3234 3373 3578 3449 ἐργάζεσθαι,
3653 3371 3723 3443 μή
3778 3366 3860 3440 μήν

2243 3469 2344 3538 ὅση
2407 3463 2638 3538 δύναμις
2695 3463 2974 3539 πάρεστιν,
3032 3461 3181 3519 ἀλλὰ
3234 3464 3298 3517 τὸ
3356 3459 3666 3534 ὡρισμένον
3710 3457 3860 3530 μόνον.

2244 3582 2272 3611 ‹‹
2305 3560 2397 3627 Τῷ
2429 3554 2633 3630 Κυρίῳ,
2664 3552 2755 3608 καὶ
2799 3552 2896 3608 οὐκ
2927 3552 3266 3624 ἀνθρώποις.
3316 3574 3345 3603 »
3407 3551 3507 3618 Μὴ
3567 3548 3699 3604 κατὰ
3748 3544 3859 3620 βίαν,

2245 3645 2372 3703 ἀλλ’
2432 3644 2493 3700 ὲκ
2546 3641 2932 3718 προαιρέσεως.
2996 3666 3023 3694 ‹‹
3070 3645 3241 3697 Τοῦτο
3296 3646 3585 3713 κομιεῖται
3631 3636 3766 3711 παρὰ
3788 3635 3862 3687 τοῦ

2247 3736 2477 3809 Κυρίου,
2504 3758 2533 3786 ››
2567 3729 2791 3801 Ἐπειδὴ
2825 3730 2969 3791 εἰκός
2999 3729 3113 3785 ἐστι
3144 3726 3388 3789 πολλοὺς
3443 3732 3561 3783 τῶν
3602 3724 3858 3787 δεσποτῶν,

2251 3827 2328 3900 μή
2361 3818 2678 3897 ἀμείϐεσθαι
2706 3825 2806 3887 τῆς
2838 3819 3050 3882 εὐνοίας
3098 3818 3225 3882 τοὺς
3272 3816 3529 3888 δούλους,
3581 3818 3689 3871 ἐκεῖ
3716 3812 3861 3869 αὐτοῖς

2252 3915 2595 3987 ὑπισχνεῖται
2626 3910 2724 3979 τήν
2756 3903 3021 3982 ἀμοιϐήν.

2322 4091 2429 4149 Καὶ
2504 4090 2555 4145 oi
2629 4088 2810 4164 κύριοι
2884 4088 2951 4142 τὰ
3017 4086 3151 4142 αὐτὰ
3217 4090 3427 4142 ποιεῖτε
3496 4085 3631 4159 πρὸς
3680 4078 3859 4137 αὐτοὺς⁸

2253 4183 2484 4243 ἀνιέντες
2530 4181 2630 4249 τὴν
2691 4178 2947 4247 ἀπειλὴν,
2999 4175 3203 4238 εἰδότες
3256 4175 3343 4232 ὅτι
3399 4177 3491 4230 καὶ
3549 4175 3692 4246 ὑμῶν
3718 4170 3859 4224 αὐτῶν

2253 4275 2282 4328 δ
2316 4271 2510 4344 Κύριός
2547 4270 2687 4326 ἐστιν
2736 4268 2791 4325 ἐν
2844 4268 3117 4341 οὐρανοῖς.
3176 4266 3282 4324 Καὶ
3338 4260 3761 4341 προσωποληψία
3786 4255 3859 4310 ούκ

2253 4356 2367 4417 ἔστι
2397 4361 2523 4435 παρ’
2554 4357 2721 4428 αὐτῷ.
3814 4432 3825 4448 α

2327 4451 2405 4509 Ti:
2455 4449 2609 4507 αὐτα.
2669 4450 2848 4516 Ποῖα;
2907 4448 3038 4505 Μετ’
3093 4446 3306 4507 εὐνοιας
3368 4442 3668 4511 δουλεύετε,
3712 4443 3774 4504 πή
3802 4442 3856 4493 ὡς

2263 4539 2726 4616 ἀνθρωπάρεσκοι.
2761 4535 2941 4593 Ἀλλὰ
2986 4540 3156 4592 ταῦτα
3198 4533 3264 4589 ού
3297 4533 3448 4608 λέγει
3498 4521 3854 4616 φανερῶςηκσί-

2264 4613 2446 4688 τοι-τὰ
2475 4629 2612 4684 αὐτὰ
2669 4625 2994 4698 διανοηθείς.
3050 4626 3154 4683 Καὶ
3212 4628 3317 4701 γὰρ
3360 4625 3449 4679 καὶ
3480 4625 3533 4679 οἱ
3562 4622 3725 4697 κύριοι
3750 4613 3848 4669 δου-

2263 4721 2484 4777 λεύουσι
2511 4723 2628 4780 τοῖς
2661 4714 2905 4778 δούλοις.
2937 4718 3103 4773 ’Όταν
3159 4714 3264 4789 γὰρ
3323 4712 3528 4768 ἐκείνου
3556 4703 3847 4782 κοιμωμένου

2262 4808 2351 4864 καὶ
2385 4808 2703 4882 ῥέγχοντος,
2763 4806 2791 4860 ὁ
2843 4801 3114 4872 δεσπότης
3162 4803 3287 4876 περὶ
3325 4806 3566 4877 τροφῶν,
3595 4799 3703 4872 περέ
3731 4789 3846 4882 ἐνδύ-

2269 4881 2439 4970 ματος
2462 4881 2750 4967 μεριμνῶν
2790 4890 2852 4947 οὐ
2884 4886 3154 4957 καθεύδει,
3186 4887 3290 4962 ἄρα
3329 4888 3391 4944 οὐ
3442 4885 3673 4943 δουλεύει
3697 4903 3710 4951 ;
3734 4881 3848 4936 Ἔστι

2268 4992 2325 5049 δὲ
2375 4990 2466 5047 καὶ
2521 4990 2610 5046 ἐπὶ
2667 4995 2776 5044 τῶν
2824 4988 3029 5064 κυρίων
3080 4988 3164 5055 τὸ,
3212 4985 3361 5044 Μετὰ
3389 4981 3562 5065 φόϐου
3587 4976 3849 5065 καίτρόμνυ

2268 5079 2529 5154 ἁρμόσαι,
2559 5080 2655 5132 τοῦ
2716 5078 2854 5153 πρὸς
2910 5075 3041 5131 Θεὸν
3104 5072 3386 5144 δηλονότι.
3439 5097 3469 5125 ι(
3512 5069 3743 5130 ’Δνιέντες

2269 5151 2521 5238 ἀπειλὴν.
2558 5193 2579 5220 ι
2619 5167 2714 5234 Μὴ
2762 5151 3040 5243 φορτικοὶ,
3100 5164 3258 5239 φησὶ,
3319 5164 3398 5236 μὴ
3456 5151 3849 5235 ἔπαχθεῖς.‹‹Εἱ-

2273 5256 2422 5319 δότες
2454 5257 2537 5312 ὅτι
2585 5257 2676 5311 καὶ
2739 5256 2892 5328 ὑμῶν
2953 5254 2980 5309 ὁ
3040 5254 3264 5326 Κύριος.
3300 5278 3322 5306 ι
3384 5257 3450 5329 ᾮ
3478 5251 3579 5327 γὰρ
3607 5245 3839 5329 μέτρψῄμε·

2273 5352 2468 5423 τρεῖτε,
2524 5344 3051 5416 ἀντιμετρηθήσεται
3112 5342 3262 5415 ὑμῖν,
3322 5340 3477 5420 φησί.
3539 5338 3620 5404 Μή
3672 5327 3839 5424 ἀκούσμξ

2273 5436 2363 5492 καὶ
2398 5434 2482 5503 σὺ,
2517 5455 2546 5488 α
2595 5431 2768 5488 Δοῦλε
2808 5432 3037 5505 πονηρὲ,
3086 5434 3259 5485 πᾶσαν
3312 5428 3521 5497 εκείνην
3556 5426 3645 5493 τὴν
3672 5411 3829 5495 ὀφειλιν

2276 5525 2460 5602 ἀφῆκά
2490 5544 2596 5593 σοι,
2632 5546 2660 5574 ››
2720 5520 2811 5576 καὶ
2867 5520 2934 5575 τὰ
2988 5519 3195 5575 τούτων
3256 5518 3397 5587 ἑξῆς.
3441 5542 3468 5567 α
3502 5513 3599 5573 Καὶ
3623 5516 3829 5584 πρόσωπ’
