4072 6266
271 319 426 378 1249

1267 319 1680 380 COMMENT.
1726 315 1805 376 ΙΝ
1855 311 2102 374 EPIST.
2137 311 2191 372 Il
2226 313 2328 372 AD
2375 314 2648 374 EPHES.

3516 320 3677 381 1250

273 450 450 523 ληψία
482 452 582 505 οὐκ
611 450 724 506 ἔστι
763 452 890 526 παρ’
948 452 1110 524 αὐτῷ.
1148 475 1176 502 ››
1235 452 1322 521 Μὴ
1381 449 1615 524 νομίσῃς
1673 447 1756 504 ὅτι
1811 449 1917 501 τῶν

2055 445 2310 518 leinceps
2341 453 2690 520 sequuntur.
2725 471 2753 498 «
2785 451 2902 506 Nec
2927 467 3194 523 persona:
3252 461 3554 525 respectus
3585 463 3676 512 est

278 539 356 600 είς
391 541 480 596 τὸν
513 537 710 595 δοῦ).ον
757 541 1061 616 γινομένων
1115 541 1291 596 κακῶν
1341 544 1670 620 καταφρονεῖ
1724 534 1813 591 διὰ
1857 536 1921 590 τὸ

273 633 370 683 τοῦ
402 631 699 703 προσώπου
758 626 990 692 εὐτελές.
1051 630 1159 685 Οὐκ
1216 627 1290 684 ἔνι
1348 630 1492 706 παρὰ
1549 631 1664 700 Θεῷ
1723 623 1921 687 δοῦλος

267 717 360 772 καὶ
390 715 678 788 δεσπότης.

918 829 1181 884 ΚΕΦΑΛ.
1225 829 1282 883 I'.

278 934 369 989 Ἐν
439 935 687 1008 σχήματι
763 932 1072 1008 ὁπλίσεως.
1111 933 1234 1008 περὶ
1309 936 1407 1002 τῆς
1474 930 1608 986 κατὰ
1698 928 1925 1006 Χριστὸν

949 1004 1248 1080 δυνάμεως.

351 1123 428 1178 Τὸ
503 1122 725 1192 λοιπὸν,
839 1119 1063 1201 ἀδελοοί
1179 1142 1305 1195 μου,
1417 1117 1805 1192 ἐνδυναμοῦσθε
1878 1114 1928 1169 ἐν

281 1209 464 1285 Κυρίῳ
521 1210 611 1266 καὶ
664 1211 714 1265 ἐν
768 1215 848 1282 τῷ
897 1213 1082 1286 κράτει
1136 1217 1237 1280 τῆς
1297 1208 1490 1284 ἰσχύος
1552 1205 1737 1262 αὐτοῦ.
1806 1206 1926 1260 Ἐν-

277 1297 502 1353 δόσασθε
586 1300 684 1368 τήν
768 1299 1074 1355 πανοπλίαν
1135 1303 1232 1353 τοῦ
1301 1303 1457 1366 Θεοῦ,
1515 1297 1652 1370 πρὸς
1710 1295 1773 1350 τὸ
1833 1292 1927 1348 δῦ-

279 1390 467 1443 νασθαι
544 1388 684 1462 ὑμᾶς
764 1391 952 1457 στῆναι
1026 1389 1164 1463 πρὸς
1253 1388 1352 1449 τὰς
1457 1383 1737 1459 μεθοδείας
1831 1387 1928 1437 τοῦ

281 1473 569 1534 διαϐόλου.
645 1479 766 1535 Ὅτι
843 1478 943 1533 οὑκ
1015 1473 1157 1533 ἔστιν
1248 1478 1384 1550 ἡμῖν
1456 1477 1490 1544 ἡ
1568 1472 1718 1542 πάλη

284 1569 424 1640 αἷμα
452 1566 541 1622 καὶ
581 1568 774 1642 σάρκα,
832 1566 977 1622 ἀλλὰ
1040 1568 1178 1643 πρὸς
1234 1588 1328 1628 τας
1387 1565 1583 1643 ἀρχὰς,
1641 1563 1778 1637 πρὸς
1832 1562 1927 1622 τὰς

285 1654 555 1725 ἐξουσίας,
614 1657 748 1731 πρὸς
805 1657 936 1718 τοὺς
1019 1656 1466 1730 κοσμοκράτορας
1547 1658 1643 1708 τοῦ
1703 1651 1926 1712 σκότους

282 1749 380 1799 τοῦ
454 1745 652 1808 αἰῶνος
753 1745 971 1808 τούτου,
1047 1746 1182 1808 πρὸς
1256 1745 1322 1798 τὰ
1393 1745 1729 1808 πνευματικᾶ
1829 1746 1929 1808 τῆς

1795 1472 1930 1546 πρὸς

753 1745 971 1812 τούτου,
1047 1746 1182 1820 πρὸς
1256 1745 1322 1798 τὰ
1393 1741 1729 1815 πνευματικᾶ

2031 538 2187 610 apud
2214 538 2401 594 illum.
2429 561 2456 588 »
2487 541 2566 595 Ne
2599 541 2900 597 existimes
2932 545 3088 613 quod
3112 552 3445 616 perpetrata
3466 548 3526 602 in
3550 566 3678 604 ser-

2033 645 2132 683 vos
2159 628 2316 684 mala
2345 633 2584 701 pr0pter
2613 647 2882 701 persona)
2913 632 3306 703 abjectionem
3367 636 3675 709 despiciet.

2032 720 2158 773 Non
2191 724 2280 773 est
2310 719 2467 790 apud
2498 720 2683 775 Deum
2718 737 2917 776 servus
2948 728 3049 777 aut
3089 725 3387 783 dominus.

2681 829 2908 886 CAPUT
2946 833 3019 886 Χ.

2037 935 2108 989 De
2128 934 2388 1005 potentia
2416 951 2537 1005 quae
2565 937 2858 1013 secundum
2892 938 3175 995 Christum
3205 949 3298 1013 est,
3322 960 3426 1013 per
3456 949 3673 1003 modum

2513 1013 2564 1061 et
2593 1008 2838 1063 habitum
2868 1018 3183 1068 armatum.

2107 1117 2198 1182 VI,
2233 1118 2410 1170 10-13.
2445 1138 2472 1164 «
2506 1116 2668 1180 Quod
2703 1125 2990 1189 superest,
3024 1122 3236 1177 fratres
3266 1126 3404 1190 mei,
3457 1129 3676 1183 conﬁr-

2042 1224 2069 1254 «
2100 1205 2345 1259 memini
2379 1206 2438 1258 in
2467 1206 2735 1271 Domino,
2771 1214 2828 1262 et
2857 1208 2916 1263 in
2949 1212 3210 1280 potentia
3240 1213 3470 1270 roboris
3494 1215 3673 1273 illius.

2039 1316 2066 1343 ‹‹
2104 1293 2330 1349 lnduite
2362 1295 2704 1365 panopliam
2760 1296 2843 1367 (id
2892 1305 2998 1366 est,
3054 1305 3235 1357 totam
3297 1306 3680 1378 armaturam)

2037 1405 2065 1432 «
2098 1383 2223 1447 Dei,
2251 1388 2314 1437 ut
2346 1383 2586 1454 possitis
2617 1390 2772 1440 stare
2801 1386 3081 1443 adversus
3110 1390 3369 1447 assultus
3419 1393 3639 1448 diaboli
3666 1411 3679 1450 :

2040 1493 2067 1520 ‹‹
2101 1472 2382 1542 quoniam
2415 1489 2534 1526 non
2568 1478 2656 1527 est
2686 1474 2860 1528 nobis
2881 1475 3038 1532 lucta
3058 1477 3338 1536 adversus
3361 1499 3600 1539 carnem
3625 1488 3683 1539 et

2040 1581 2068 1609 «
2102 1560 2477 1632 sanguinem,
2511 1562 2613 1616 sed
2646 1562 2926 1619 adversus
2956 1567 3343 1639 principatus,
3396 1572 3679 1628 adversus

2041 1671 2067 1698 ‹‹
2097 1655 2438 1720 potestates,
2472 1650 2748 1706 adversus
2772 1654 2975 1708 mundi
3000 1655 3273 1712 dominos
3303 1661 3682 1718 tenebrarum

2041 1761 2068 1788 «
2105 1739 2304 1794 sa2culi
2353 1740 2553 1810 hujus,
2614 1741 2891 1797 adversus
2950 1745 3280 1816 spiritualia
3328 1750 3570 1806 malitiae
3619 1753 3682 1806 in

280 1833 544 1909 πονηρίας
609 1834 660 1888 ἰν
724 1840 841 1897 τοῖς
905 1833 1265 1909 ἐπουρανίοις.
1335 1832 1433 1888 Διά
1495 1834 1655 1886 τοῦτο
1731 1827 1924 1883 ἀναλάα

2055 1849 2066 1876 ι
2098 1827 2454 1882 cmlestibus.
2489 1829 2856 1901 QuaprOpter
2884 1835 3168 1890 assumite
3194 1839 3534 1910 panopliam
3560 1842 3681 1914 Dei,

277 1918 400 1978 ϐετε
499 1925 599 1992 τήν
699 1921 1003 1978 πανοπλίαν
1077 1925 1174 1977 τοῦ
1250 1925 1410 1988 Θεοῦ,
1482 1917 1574 1973 τίνιιι
1659 1914 1930 1987 δυνηθῆτε

279 2011 592 2082 ἀντιστῆναι
650 2009 702 2065 ἐν
762 2015 830 2085 τῇ
889 2009 1071 2085 ἡμέρᾳ
1126 2015 1194 2084 τῇ
1254 2013 1490 2084 πονηρᾷ,
1553 2007 1644 2062 καὶ
1724 2007 1931 2060 ἅπαντα

277 2100 741 2178 κατεργασάμενοι
773 2106 984 2168 στῆναι.

357 2191 511 2248 Μετᾶ
539 2191 601 2246 τὸ
633 2187 900 2260 διατάξαι,
931 2189 1085 2269 φησὶ,
1117 2191 1185 2243 τὰ
1225 2189 1428 2257 εἰκότα,
1476 2191 1637 2242 τοῦτο
1687 2184 1926 2240 ἀκόλου-

279 2282 373 2335 Οον
408 2280 498 2334 καὶ
533 2277 862 2346 ὑπόλοιπον,
918 2280 980 2334 τὸ
1033 2277 1455 2351 ἐνδυναμοῦσθαι
1516 2277 1656 2351 ὑμᾶς
1715 2273 1765 2328 ἐν
1827 2281 1929 2328 Κυ-

285 2370 410 2445 ρίῳ,
452 2369 694 2424 τουτέστι
723 2372 792 2440 τῇ
823 2368 900 2432 εἰς
928 2368 1087 2422 αὐτὸν
1117 2365 1320 2423 ἐλπίδι.
1370 2390 1391 2417 ι
1425 2365 1521 2423 Καὶ
1566 2364 1617 2420 ἐν
1665 2365 1744 2435 τῷ
1797 2363 1933 2438 κρά-

277 2479 361 2513 τει
392 2464 490 2528 τῆς
525 2457 717 2530 ίσχῦος
749 2456 928 2511 αὐτοῦ.
967 2481 994 2508 ››
1028 2457 1124 2512 Διὰ
1154 2456 1260 2532 γόιη
1311 2463 1410 2525 τῆς
1456 2455 1622 2510 αὐτοῦ
1675 2453 1930 2527 βοηθείας

279 2545 425 2602 ἐστὶν
458 2549 594 2619 ἡμῖν
622 2547 684 2601 τὸ
715 2544 954 2616 ἐλπίζειν
984 2546 1059 2608 εἷς
1110 2544 1292 2601 αὐτόν.
1343 2545 1594 2620 ’ἰσχυρὸς
1641 2543 1742 2619 γαν
1798 2542 1931 2608 ἐστι,

280 2635 438 2713 φησὶ,
470 2636 561 2690 καὶ
619 2636 802 2698 ἱκανὸς
867 2634 1039 2690 πάντα
1091 2640 1453 2710 κατορθῶσαι.
1516 2657 1543 2684 ‹‹
1601 2629 1932 2694 Ἐνδύσασθε

283 2728 387 2795 τὴν
419 2725 717 2782 πανοπλίαν
749 2730 846 2781 τοῦ
874 2730 1027 2782 Θεοῦ.
1064 2748 1092 2776 »
1145 2725 1296 2783 Μετά
1351 2726 1414 2779 τὸ
1472 2722 1748 2792 διοικῆσαι
1798 2722 1932 2776 πάν-

288 2835 386 2876 τας
417 2816 552 2868 κατὰ
579 2816 742 2885 τάξιν,
777 2814 970 2869 λοιπὸν
1028 2813 1118 2869 καὶ
1179 2813 1391 2884 ὁπλίζει
1440 2810 1635 2873 αὐτοὺς
1682 2812 1756 2870 ὡς
1799 2810 1934 2885 πρὸς

288 2901 552 2976 πόλεμον.
585 2927 612 2955 ‹‹
650 2905 791 2978 Πρὸς
821 2907 918 2965 τὰς
954 2901 1234 2976 μεθοδείας
1274 2900 1370 2957 τοῦ
1421 2896 1706 2956 διαϐόλου.
1743 2925 1763 2952 ι
1823 2899 1939 2955 Οὐκ

291 2994 430 3063 εἷπε,
461 2993 680 3073 Μάχας,
713 2991 878 3063 ἀλλὰ,
939 2990 1254 3061 Μεθοδείας,
1315 2992 1445 3064 ὅπερ
1503 2990 1613 3046 ἐστὶ
1673 2988 1936 3068 χαλεπώ-

290 3102 472 3154 τερον,
506 3084 623 3137 οἷον
653 3084 787 3157 πρὸς
828 3083 922 3143 τὰς
981 3077 1300 3151 ἐπιϐουλὰς,
1357 3079 1494 3153 πρὸς
1548 3081 1642 3141 τὰς
1700 3076 1938 3152 ἐνέδρας,

2038 1939 2065 1966 ‹‹
2097 1922 2164 1971 ut
2195 1916 2434 1986 possitis
2479 1918 2754 1974 resistere
2806 1920 2868 1974 in
2924 1921 3019 1976 die
3069 1924 3245 1996 malo,
3299 1933 3354 1981 et
3408 1929 3685 1985 omnibus

2037 2029 2064 2058 (ι
2099 2006 2343 2061 devictis
2374 2012 2532 2061 stare
2564 2030 2616 2062 ››.

2110 2189 2454 2257 Postquam,
2488 2187 2704 2258 inquit,
2741 2189 2877 2246 data
2902 2197 3039 2247 sunt
3069 2193 3341 2252 decentia
3371 2205 3684 2270 praecepta,

2039 2277 2150 2330 hoc
2181 2293 2551 2346 consequens
2583 2295 2649 2331 ac
2681 2278 2978 2349 reliquum
3011 2287 3116 2352 est,
3159 2290 3224 2339 ut
3251 2285 3433 2342 fortes
3464 2288 3593 2342 sitis
3624 2289 3686 2343 in

2040 2365 2309 2429 Domino,
2344 2366 2455 2420 hoc
2488 2372 2578 2420 est
2608 2384 2710 2437 spe
2742 2369 2838 2424 57
2877 2386 3006 2439 quae
3035 2370 3095 2426 in
3128 2373 3318 2443 ipsum
3355 2381 3461 2430 est.
3483 2399 3511 2425 ‹‹
3536 2378 3686 2432 Etin

2041 2454 2302 2526 potentia
2324 2454 2554 2510 roboris
2585 2455 2767 2511 illius.
2801 2479 2829 2507 »
2864 2461 3006 2514 Nam
3039 2477 3145 2531 per
3184 2461 3345 2518 illius
3403 2465 3685 2520 auxilium

2041 2544 2330 2614 contingit
2353 2561 2461 2598 nos
2485 2545 2545 2599 in
2570 2561 2638 2600 eo
2663 2562 2920 2616 sperare.
2949 2550 3047 2602 Est
3068 2551 3228 2604 enim
3252 2552 3440 2619 fortis,
3474 2555 3688 2626 inquit,

2042 2639 2099 2688 et
2129 2633 2432 2688 sufﬁciens
2464 2633 2562 2704 qui
2595 2635 2797 2690 omnia
2835 2653 3114 2709 prospere
3147 2647 3522 2712 exsequatur.
3549 2666 3577 2695 ‹‹
3603 2644 3690 2698 ln-

2043 2722 2202 2776 duite
2223 2722 2560 2793 panopliam
2583 2723 2705 2777 Dei.
2731 2745 2758 2773 »
2784 2726 3104 2796 Postquam
3131 2746 3336 2784 omnes
3356 2747 3460 2785 suo
3481 2732 3687 2786 ordine

2043 2812 2356 2882 disposuit,
2397 2811 2679 2884 deinceps
2713 2813 2890 2868 etiam
2922 2817 3291 2888 armatipsos
3316 2825 3596 2890 tanquam
3614 2821 3686 2876 ad

2043 2902 2287 2958 bellum.
2326 2925 2346 2950 ι
2382 2902 2674 2959 Adversus
2705 2905 2964 2961 assultus
2993 2907 3226 2963 diaboli.
3266 2933 3294 2958 ››
3335 2913 3461 2965 Νοη
3493 2911 3641 2967 dixit
3673 2928 3687 2969 :

2044 2993 2295 3063 Pugnas,
2332 2992 2452 3053 sed,
2488 2993 2780 3062 Assultus,
2816 2995 2971 3065 quod
2997 2997 3270 3053 miserius
3293 3005 3382 3054 est
3410 3017 3422 3066 ;
3448 3001 3556 3056 hoc
3579 3007 3691 3069 est,

2045 3080 2322 3134 adversus
2348 3079 2616 3144 insidias,
2637 3081 2916 3138 adversus
2939 3083 3483 3151 fraudes,adversus
3501 3089 3691 3147 dolos.

292 3171 430 3244 πρὸς
459 3169 585 3231 τοὺς
619 3168 838 3233 δόλους.
874 3194 902 3222 (ι
935 3171 1048 3229 Οὐκ
1101 3169 1243 3225 ἔστιν
1300 3172 1434 3242 ἡμῖν
1495 3171 1530 3237 ἡ
1593 3165 1741 3237 πάλη
1802 3168 1938 3242 πρὸς

2055 3191 2073 3218 ιι
2110 3171 2234 3223 Non
2267 3173 2356 3223 est
2386 3168 2557 3224 nobis
2609 3170 2947 3227 colluctatio
3007 3173 3288 3230 adversus
3339 3194 3579 3234 carnem
3635 3185 3693 3234 et

293 3261 431 3334 αἷμα
460 3261 549 3315 καὶ
582 3261 771 3336 σάρκα.
817 3285 844 3312 n
875 3262 1053 3318 Ταῦτα
1118 3281 1250 3339 φησι
1311 3256 1520 3320 δεικνὺς
1586 3256 1668 3312 ὅτι
1725 3259 1937 3330 νήψεως

291 3349 454 3424 χρεία
482 3349 572 3404 καὶ
604 3352 999 3424 γρηγορήσεως
1028 3351 1164 3424 πρὸς
1219 3349 1310 3403 τὸν
1369 3345 1636 3421 πόλεμον,
1696 3345 1756 3401 οὐ
1805 3366 1942 3400 πτο-

291 3445 424 3507 ῆσαι
457 3439 813 3515 βουλόμενος.
849 3441 910 3497 ὐ
947 3441 1049 3515 γὰρ
1109 3436 1374 3494 διδάσκων
1430 3441 1526 3492 τοῦ
1584 3436 1786 3515 ἐχθροῦ
1841 3437 1939 3505 τὴν

294 3524 541 3599 δύναμιν,
572 3525 1010 3602 ἄσφαλεστέρους
1050 3534 1200 3583 ποιεῖ
1253 3526 1383 3588 τοὺς
1434 3525 1686 3586 οἰκείους.
1739 3549 1766 3576 ‹‹
1803 3524 1943 3598 Πρὸς

291 3616 388 3678 τὰς
420 3615 614 3694 ἀρχάς.
648 3641 674 3668 ››
709 3617 841 3690 Περὶ
874 3615 1153 3689 δαιμόνων
1183 3615 1354 3691 λέγει,
1389 3615 1482 3678 οὓς
1529 3617 1692 3687 ἡμεῖς
1741 3614 1944 3668 ὲαοτῶν

289 3707 673 3779 πεποιήκαμεν
758 3703 1051 3783 ἄρχοντας,
1138 3705 1351 3767 ἑκόντες
1411 3703 1594 3766 αὐτοῖς
1654 3701 1946 3758 ὑποκλινό-

297 3817 474 3868 μενοι.
509 3797 586 3854 Οὐ
615 3797 716 3871 γὰρ
749 3792 954 3871 ἔλαχον
985 3800 1080 3851 τοῦ
1107 3796 1296 3871 ἄρχειν
1337 3797 1519 3868 ἡμῶν,
1567 3791 1714 3848 ἀλλᾶ
1759 3797 1946 3848 πατεῖ-

295 3897 420 3949 σθαι
454 3885 541 3963 ὑφ’
597 3887 781 3958 ἡμῶν.
851 3883 993 3942 Ἰδοὺ
1060 3885 1164 3960 γὰρ
1235 3883 1444 3939 δέδωκα
1514 3883 1641 3956 ὑμῖν
1709 3880 1945 3951 ἐξουσίαν

303 3979 492 4030 πατεῖν
548 3972 728 4030 ἐπάνω
783 3969 957 4051 ὄφεων
1015 3974 1105 4029 καὶ
1165 3973 1456 4048 σκορπίων.
1501 3976 1572 4023 ἰ(
1640 3972 1781 4045 Πρὸς
1853 3971 1949 4031 τὰς

301 4063 572 4136 ἐξουσίας,
646 4063 783 4138 πρὸς
849 4063 975 4125 τοὺς
1064 4063 1534 4136 κοσμοκράτορας.
1598 4083 1625 4110 »
1682 4058 1952 4129 Ἐξουσίαι

306 4150 586 4229 λέγονται,
618 4153 692 4214 ὡς
724 4149 812 4206 διὰ
857 4153 1020 4226 μόνον
1067 4157 1175 4206 τῶν
1222 4155 1407 4214 παθῶν
1459 4148 1954 4222 κατεξουσιάζοντες

302 4241 490 4311 ἡμῶν.
549 4236 998 4312 Κοσμοκράτορες
1055 4235 1132 4308 δὲ,
1191 4237 1266 4299 ὡς
1338 4235 1794 4308 κατακρατοῦντες
1849 4237 1953 4288 τῶν

305 4327 376 4383 τὰ
431 4328 670 4401 κοσμικὰ
748 4329 1111 4405 φρονούντων.
1172 4326 1248 4384 Οὐ
1329 4327 1429 4402 γὰρ
1483 4325 1586 4395 ἓξει
1657 4321 1956 4400 περαιτέρω

303 4429 403 4481 τοῦ
433 4426 646 4501 κόσμου
678 4426 888 4501 χώραν,
937 4426 1153 4500 κόσμου
1203 4422 1346 4479 οἶδεν
1379 4426 1414 4494 ἡ
1447 4425 1660 4501 Γραφὴ,
1712 4423 1808 4484 τὰς
1856 4442 1957 4476 πο·-

2051 3261 2420 3332 sanguinem.
2459 3280 2482 3311 ι
2517 3266 2648 3316 [lam
2680 3261 2823 3317 dicit
2846 3266 3165 3321 ostendens
3196 3268 3354 3338 quod
3377 3268 3695 3324 sobrietate

2045 3366 2112 3404 ac
2143 3349 2352 3420 vigiliis
2383 3366 2529 3419 opus
2561 3350 2638 3404 sit
2667 3350 2740 3405 ad
2771 3351 3018 3419 bellum,
3051 3371 3169 3410 non
3200 3361 3423 3412 terrere
3467 3357 3691 3412 volens.

2048 3439 2188 3492 Nam
2213 3438 2310 3508 qui
2335 3436 2560 3492 inimici
2581 3438 2754 3494 docet
2774 3443 3100 3512 potentiam
3133 3461 3271 3500 suos
3302 3445 3497 3501 reddit
3525 3462 3695 3501 secu-

2047 3527 2254 3582 riores.
2289 3549 2316 3575 ‹‹
2351 3527 2642 3583 Adversus
2698 3530 3086 3602 principatus.
3124 3556 3150 3582 υ
3204 3535 3282 3589 De
3326 3535 3696 3591 daemonibus

2050 3616 2194 3671 dicit
2224 3633 2372 3687 quos
2405 3617 2578 3672 nobis
2608 3618 2754 3689 ipsis
2775 3623 3194 3679 constituimus
3219 3626 3697 3697 principes,ultro

2051 3706 2195 3777 ipsis
2223 3706 2474 3777 subjecti
2501 3724 2513 3760 :
2537 3724 2731 3778 neque
2760 3711 2919 3765 enim
2942 3714 3134 3766 sortiti
3159 3720 3326 3768 erant
3347 3721 3414 3769 ut
3435 3715 3701 3770 domina-

2053 3801 2259 3850 rentur
2289 3795 2480 3861 nobis,
2516 3796 2615 3850 sed
2648 3804 2710 3850 ut
2741 3799 3236 3856 conculcarentur
3260 3819 3293 3856 a
3315 3803 3506 3857 nobis.
3531 3805 3699 3868 Ecce,

2054 3884 2269 3954 inquit,
2302 3883 2435 3938 dedi
2467 3884 2626 3939 vobis
2659 3892 3011 3956 potestatem
3044 3889 3311 3946 calcandi
3345 3909 3526 3963 super
3577 3909 3703 3947 ser-

2053 3979 2260 4046 pentes
2319 3978 2376 4027 et
2436 3974 2780 4045 scorpiones
2835 3977 2902 4032 '3.
2982 3979 3274 4036 Adversus
3359 3987 3702 4053 potestates,

2056 4063 2336 4118 adversus
2366 4062 2572 4117 mundi
2601 4063 2892 4121 dominos.
2918 4089 2947 4117 »
2967 4069 3294 4125 Potestates
3317 4070 3617 4136 dicuntur,
3641 4076 3708 4126 ut

2058 4151 2158 4222 qui
2189 4167 2294 4222 per
2324 4151 2481 4205 solos
2510 4153 2756 4208 affectus
2787 4155 3098 4212 adversum
3131 4175 3238 4214 nos
3269 4159 3490 4216 habent
3538 4166 3706 4232 pote-

2061 4248 2308 4296 statem:
2341 4241 2543 4296 mundi
2571 4248 2770 4298 autem
2820 4247 3073 4312 Domini,
3126 4253 3190 4302 ut
3239 4251 3338 4321 qui
3388 4251 3712 4322 praevalent

2061 4329 2339 4384 adversus
2373 4347 2470 4384 eos
2501 4331 2600 4401 qui
2634 4333 2936 4391 mundana
2966 4337 3251 4392 sentiunt.
3303 4341 3501 4410 Neque
3552 4340 3708 4394 enim

2061 4419 2259 4473 locum
2283 4419 2523 4474 habebit
2545 4421 2701 4476 ultra
2721 4424 3318 4481 mundum.Mundum
3343 4428 3490 4484 solet
3509 4428 3710 4500 appel-

304 4516 476 4589 νηρᾶς
536 4515 754 4589 πράξεις
813 4513 1018 4570 καλεῖν.
1079 4515 1239 4571 Οὕτω
1295 4513 1390 4567 καὶ
1447 4514 1475 4567 ὁ
1531 4513 1764 4586 Χριστὸς
1823 4511 1942 4584 πρὸς

2066 4508 2189 4563 lare
2221 4509 2522 4579 Scriptura
2551 4527 2759 4581 pravas
2785 4513 3068 4569 actiones.
3104 4516 3197 4570 Sic
3229 4523 3287 4572 et
3316 4517 3581 4572 Christus
3637 4517 3710 4573 ad

303 4605 435 4666 τοῦς
488 4613 752 4676 μαθητάς·
812 4604 996 4677 Ὑμεῖς
1053 4599 1151 4657 οῦκ
1209 4601 1345 4671 ἐστε,
1399 4601 1554 4680 φησί,
1606 4605 1703 4655 τοῦ
1745 4601 1955 4672 κόσμου

307 4693 528 4763 τούτου,
584 4693 768 4747 καίτοι
823 4693 978 4760 ἦσαν.
1043 4689 1218 4748 Ἀλλὰ
1269 4691 1366 4752 τὰς
1417 4689 1661 4764 πονηρὰς

312 4781 518 4859 λέγων,
551 4783 730 4845 οὕτως
785 4782 917 4836 εἶπε·
981 4782 1428 4855 κοσμκορὰτορας
1486 4778 1578 4833 οῦν
1640 4800 1771 4854 φησι
1835 4777 1962 4839 τοῦς

320 4869 606 4942 δαίμονας,
657 4870 731 4932 ὠς
789 4874 895 4924 τῶν
953 4873 1210 4944 ποοηρῶν
1268 4870 1510 4944 πράξεων
1563 4866 1962 4940 καθηγεμόνας.

1737 4692 1955 4762 πράξεις

329 4985 348 5008 ι
385 4963 492 5012 Τοῦ
523 4961 748 5019 σκότους
779 4963 874 5012 τοῦ
906 4958 1097 5019 αἰῶνος
1126 4957 1338 5012 τούτου.
1376 4980 1403 5009 ››
1433 4958 1547 5013 Ἵνα
1580 4958 1653 5029 μή
1717 4950 1965 5033 φοϐηθῇς

324 5047 535 5102 ἀκούων
613 5049 1078 5122 κοσμοκράτορας,
1161 5044 1395 5121 ἐπήγαγε
1477 5044 1624 5106 τίνος
1712 5043 1964 5118 ἄρχουσι.

319 5141 430 5206 Τῆς
461 5138 721 5210 πονηρίας
753 5136 906 5216 φησί.
942 5136 1145 5198 Σκότος
1205 5136 1308 5210 γὰρ
1358 5138 1454 5189 τοῦ
1505 5134 1702 5194 αἰῶνος
1747 5133 1965 5199 τούτου,

318 5227 386 5281 τὰ
409 5228 653 5301 πονηρὰς
686 5226 834 5305 λέγει
882 5225 1118 5300 πράξεις.
1179 5250 1206 5278 ‹‹
1241 5226 1382 5299 [Ιρὸς
1429 5226 1498 5279 τὰ
1543 5225 1902 5296 πνευματικοὶ.
1939 5247 1967 5274 ››

320 5317 582 5373 Τουτέστι
615 5318 679 5372 τὰ
704 5315 957 5390 δαιμόνια
985 5317 1052 5371 τὰ
1109 5313 1235 5371 ὄντα
1287 5315 1322 5384 ἢ
1371 5319 1468 5380 τῆς
1517 5314 1805 5388 πονηρίας,
1861 5313 1970 5367 οἷον

319 5411 417 5462 τοῦ
451 5403 714 5461 διαϐόλου
745 5407 858 5480 (ὑπ’
898 5405 1055 5460 αὐτὸν
1113 5405 1213 5481 γὰρ
1268 5402 1562 5477 τελοῦσιν,)
1615 5403 1650 5472 ἢ
1709 5407 1818 5458 τῶν
1871 5422 1970 5456 πο-

316 5501 500 5567 νηρῶν
521 5495 762 5568 πράξεων
793 5494 1122 5571 καθηγηταί.
1157 5516 1185 5546 ιι
1218 5495 1303 5550 Ἐν
1345 5499 1460 5555 τοῖς
1505 5491 1898 5568 ἐπουρανοίοιε,
1942 5515 1969 5541 ››

390 5622 435 5655 ³³
474 5623 610 5676 Luc.
647 5640 697 5692 Σ,
738 5626 820 5692 l9,
895 5624 939 5657 3°
970 5624 1136 5678 Joan.
1171 5639 1259 5689 xv,
1290 5625 1372 5675 19.

2067 4597 2411 4668 discipulos.
2451 4600 2559 4653 Vos
2590 4617 2709 4654 non
2744 4602 2904 4669 estis,
2937 4604 3151 4676 inquit,
3187 4607 3388 4661 mundi
3435 4608 3612 4678 hujus
3643 4604 3710 4663 3°.

2072 4687 2245 4756 Atqui
2268 4692 2454 4741 erant.
2479 4688 2590 4743 Sed
2614 4705 2817 4759 pravas
2843 4693 3187 4766 intelligens
3218 4697 3482 4751 actiones
3513 4697 3595 4752 ita
3624 4696 3715 4750 lo-

2074 4781 2243 4830 cutus
2267 4780 2374 4831 est.
2399 4777 2596 4831 Mundi
2619 4794 2754 4849 ergo
2781 4780 3052 4837 dominos
3075 4784 3214 4838 dicit
3237 4785 3558 4849 daemones,
3585 4792 3718 4840 tan-

2076 4882 2252 4936 quam
2283 4882 2594 4936 pravarum
2653 4867 2832 4924 duces
2885 4872 3206 4928 actionum.
3260 4875 3715 4931 «Tenebrarum

2077 4954 2277 5009 saeculi
2308 4953 2506 5025 hujus.
2534 4977 2560 5003 ››
2593 4956 2672 5010 Ne
2704 4958 2985 5014 formides
3006 4962 3254 5017 audiens
3277 4981 3377 5018 eos
3399 4963 3721 5019 mundido-

2078 5043 2270 5098 minos
2303 5042 2610 5114 subjunxit
2641 5047 2732 5099 cui
2767 5049 3166 5116 prmsideant:
3203 5053 3465 5120 malitiie,
3500 5052 3717 5123 inquit.

2078 5130 2372 5185 Tenebras
2394 5131 2552 5185 enim
2576 5134 2775 5187 seaculi
2801 5135 2998 5207 hujus.
3025 5155 3228 5209 pravas
3261 5140 3405 5195 dicit
3434 5141 3718 5197 actiones.

2081 5243 2107 5270 «
2144 5220 2433 5274 Adversus
2466 5222 2798 5291 spiritualia
2829 5225 3088 5284 malitia).
3129 5230 3244 5283 Hoc
3292 5234 3379 5284 est
3427 5230 3726 5284 dmmonia

2082 5327 2212 5380 qum
2241 5314 2378 5364 sunt
2407 5309 2664 5379 malitiae,
2687 5312 2744 5365 id
2769 5319 2878 5378 est,
2916 5314 3170 5371 diaboli:
3205 5335 3341 5373 nam
3367 5319 3494 5390 ejus
3518 5318 3726 5372 instin-

2083 5406 2178 5455 ctu
2202 5399 2595 5470 perﬁciuntur
2619 5417 2630 5454 :
2656 5408 2756 5455 aut
2779 5419 3087 5473 pravarum
3111 5408 3412 5462 actionum
3435 5407 3722 5480 magistri.

2084 5512 2109 5539 (ι
2147 5491 2208 5542 ln
2243 5486 2600 5544 caelestibus.
2639 5512 2664 5537 ι»
2696 5491 2997 5561 Tanquam
3047 5493 3271 5551 diceret
3311 5512 3324 5551 :
3372 5499 3472 5554 Est
3527 5503 3724 5552 autem
