4072 6266
277 297 434 357 1353

1318 290 1732 355 ΟΟΜΜΕΝΤ.
1777 287 1857 351 ΙΝ
1904 286 2156 348 EPIST.
2200 288 2303 348 AD
2347 287 2623 350 EPHES.

3532 289 3683 353 12M

291 424 435 495 λιον,
467 427 689 500 εἰρήνην
722 427 816 499 μὶν
845 426 982 500 πρὸς
1013 425 1104 480 τὸν
1159 425 1292 480 Θεὸν
1356 427 1527 489 ποιεῖ,
1576 418 1825 493 πόλεμον
1877 413 1934 472 δὲ

2050 419 2269 476 audivit
2287 420 2448 478 auris
2479 426 2581 479 tua
2600 421 2668 479 ⁸³.
2691 442 2715 468 ιο
2736 452 2807 467 --
2829 444 2859 473 ‹‹
2877 423 3255 496 Evangelium
3281 423 3465 494 pacis.
3491 443 3520 473 »
3548 424 3695 481 Nam

288 517 426 592 πρὸς
481 514 608 577 τοὺς
666 512 949 588 δαίμονας,
1011 538 1040 568 ι(
1101 514 1225 572 Ἐπὶ
1281 517 1440 569 πᾶσιν
1497 505 1874 570 ἀναλαϐόντες.
1909 529 1938 559 ι»

289 610 382 662 Δεῖ
432 604 535 683 γίιρ
584 603 759 660 ἆκιῖνα
815 605 1205 680 προηγεῖσθαι.
1274 606 1466 659 Πίστιν
1525 598 1581 679 δέ
1632 618 1788 678 φησι.
1842 598 1942 663 τήν

294 694 566 769 εἰλικρινῆ
619 693 710 748 καὶ
768 689 1054 766 διάπυρον,
1112 691 1236 767 περὶ
1293 692 1363 761 ἧς
1414 692 1441 745 ὁ
1501 688 1694 762 Κύριός
1753 707 1939 764 φησιν,

292 807 314 836 ι
376 783 501 840 Ἐὰν
559 776 729 857 ἔχητε
780 782 960 837 πίστιν
1022 780 1099 843 ὠς
1149 781 1347 836 κόκκον
1405 779 1697 844 σινάπεως,
1773 776 1944 849 ἑρεῖτε

282 876 364 943 τῷ
394 867 509 941 ὅροι
535 870 740 943 τούτῳ,
773 865 1081 940 Μετάϐηθι,
1112 870 1204 926 καὶ
1239 864 1622 943 μεταϐήσεται.
1658 889 1686 919 ››
1720 897 1788 907 —
1819 888 1847 917 ‹‹
1869 864 1945 918 Τὰ

294 958 434 1037 βὲλη
510 964 609 1016 τοῦ
646 963 914 1034 πονηροῦ.
978 984 1002 1014 ι
1048 957 1194 1028 Βέλη
1264 957 1419 1037 φησὶ,
1474 957 1570 1019 τὰς
1628 953 1941 1027 ἐπιθυμίας,

292 1048 423 1112 τοὺς
505 1045 832 1123 λογισμοὺς.
887 1049 1017 1109 τοὺς
1072 1044 1432 1120 πιιρασμούς.
1497 1046 1690 1106 Καλῶς
1751 1039 1809 1097 δὲ
1858 1041 1944 1111 τὸ,

288 1134 683 1211 Πεπυρωμένα.
754 1138 1021 1194 Τοιαῦται
1086 1134 1190 1212 γὰρ
1256 1134 1312 1190 αἱ
1378 1129 1574 1190 όίτοποι
1637 1130 1941 1203 ἐπιθυμίαι.

287 1253 318 1281 α
361 1226 466 1285 Καὶ
496 1228 594 1295 τήν
628 1223 1053 1302 περικεφαλαίαν
1108 1220 1206 1279 τοῦ
1256 1222 1612 1298 σωτηρίου.»
1675 1225 1787 1291 Τῆς
1834 1241 1947 1276 σω-

275 1314 477 1389 τηρίας
507 1312 986 1389 ὓμῶν,τουτέστι,
1044 1320 1147 1383 τῆς
1206 1309 1451 1374 ἐλπίδος.
1508 1312 1579 1368 Τὸ
1639 1308 1717 1384 δὲ,
1780 1333 1808 1362 ι(
1842 1307 1941 1365 Δέ-

284 1407 497 1478 ξασθαι,
557 1427 587 1456 »
647 1405 768 1460 οἷον
828 1404 1052 1482 φορέσαι
1109 1402 1201 1458 καὶ
1260 1398 1503 1470 δέξασθαι
1579 1403 1649 1474 τῇ
1705 1397 1937 1477 κεφαλῇ.

280 1518 314 1546 ιι
348 1492 455 1550 Καί
481 1492 582 1561 τὴν
617 1491 892 1567 μάχαιραν
931 1494 1030 1548 τοῦ
1087 1488 1420 1563 πνεύματος.
1456 1510 1484 1540 ››
1541 1488 1609 1545 Ἢ
1667 1486 1730 1542 τὸ
1779 1489 1943 1543 πνεῦ-

290 1603 368 1657 μα
395 1585 831 1661 περιφραστικῶς
883 1577 1092 1656 ε’ίρηκε,
1152 1575 1241 1634 διὰ
1299 1578 1362 1634 τὸ
1418 1576 1583 1650 τεμὸν
1641 1576 1731 1631 καὶ
1781 1596 1941 1652 μερι-

284 1671 474 1728 στικὸν
538 1674 647 1727 τῶν
711 1668 963 1726 ἇναντίων
1030 1667 1214 1737 ίξεων,
1278 1664 1315 1736 ἤ
1389 1667 1487 1734 τὴν
1566 1666 1938 1740 πνευματικὴν

2043 511 2423 584 Evangelium
2445 530 2650 586 pacem
2677 514 2918 586 quidem
2942 531 3079 588 erga
3097 515 3279 571 Deum
3302 514 3695 577 facit,bellum

2042 616 2176 656 vero
2199 602 2511 658 adversum
2533 603 2894 660 daamonesm
2918 604 3318 676 Superomnia
3330 609 3692 675 assumpto.-

2047 689 2289 761 Oportet
2302 693 2461 747 enim
2480 693 2584 748 illa
2595 695 2951 765 praacedere.
2985 693 3186 749 Fidem
3203 700 3400 750 autem
3414 694 3557 750 dicit
3574 695 3697 751 sin-

2044 796 2240 835 ceram
2255 797 2323 838 ac
2334 782 2759 852 ferventem,de
2778 798 2895 856 qua
2906 784 2991 840 ait
3004 784 3318 840 Dominus:
3346 805 3375 835 «ι
3398 784 3455 839 Si
3479 783 3698 840 habea-

2046 868 2121 924 tis
2135 869 2311 926 ﬁdem
2332 872 2489 928 sicut
2512 889 2764 944 granum
2785 874 3033 946 sinapis,
3057 874 3266 929 dicetis
3294 874 3481 928 monti
3512 872 3651 927 huic
3678 888 3692 929 :

2046 959 2694 1027 Transi,ettransibit“.
2717 983 2737 1011 ι
2758 992 2822 1004 -—-
2836 980 2863 1012 «
2879 961 3082 1018 Jacula
3093 961 3232 1018 mali
3247 961 3429 1017 illius.
3450 982 3476 1011 »
3492 960 3696 1017 Jacula

2044 1052 2212 1101 vocat
2268 1048 2798 1120 concupiscentiae,
2845 1050 3254 1123 cogitationes,
3315 1050 3693 1106 tentationes.

2044 1136 2115 1189 Et
2142 1142 2302 1193 recte
2332 1137 2435 1203 ait,
2467 1138 2679 1210 Ignita.
2711 1138 2880 1195 Tales
2909 1139 3069 1195 enim
3101 1144 3242 1195 sunt
3261 1139 3531 1195 absurdae
3554 1155 3697 1194 con-

2043 1224 2480 1296 cupiscentiaa.«
2502 1228 2862 1299 Galeamque
2877 1228 3211 1284 salutaris.»
3228 1229 3444 1284 Salutis
3457 1233 3698 1298 nostras,

2046 1313 2156 1369 hoc
2187 1321 2278 1370 est
2294 1316 2441 1387 spei.
2466 1318 2632 1382 Quod
2664 1322 2862 1373 autem
2882 1318 2985 1384 ait,
3024 1340 3044 1367 ι
3083 1317 3493 1389 Suscipiendo,
3524 1339 3552 1369 ››
3587 1317 3700 1373 hoc

2045 1410 2155 1472 est,
2187 1406 2532 1477 accipiendo
2562 1412 2621 1462 et
2649 1408 2932 1479 gestando
2964 1407 3026 1462 in
3048 1408 3260 1478 capite.
3287 1429 3317 1457 «
3348 1408 3417 1462 Et
3436 1406 3700 1480 gladium

2046 1493 2311 1565 spiritus.
2345 1514 2376 1545 »
2413 1501 2527 1551 Aut
2570 1496 2904 1568 periphrasi
2949 1497 3098 1552 dixit
3156 1497 3431 1568 spiritum
3480 1496 3700 1567 ipsum,

2045 1589 2288 1655 propter
2315 1583 2668 1641 incisionem
2714 1602 2821 1643 seu
2861 1586 3215 1642 divisionem
3265 1586 3701 1643 contrariorum

2048 1671 2357 1727 habitum:
2389 1677 2494 1729 aut
2541 1673 2912 1746 spiritualem
2958 1674 3139 1730 vitam
3191 1690 3259 1730 ac
3313 1675 3709 1732 conversatio-

286 1762 438 1831 ζωὴν
493 1759 584 1816 καὶ
639 1757 940 1828 πολιτείαν,
996 1756 1118 1827 ἣτις
1179 1756 1256 1820 ὡς
1314 1755 1563 1830 μάχαιρα
1638 1753 1937 1829 ἐνεργήσει,

2050 1776 2349 1832 nem,qum
2372 1762 2534 1819 velut
2551 1763 2786 1836 gladius
2805 1763 3131 1820 efficaciam
3156 1763 3401 1820 habebit
3421 1762 3708 1821 adversus

281 1851 446 1929 φησὶ,
474 1849 611 1905 κατὰ
638 1852 745 1904 τῶν
773 1852 983 1919 νοητῶν
1016 1846 1250 1922 ἐχθρῶν.
1300 1850 1371 1900 "II
1425 1845 1509 1900 δτι
1558 1844 1625 1899 τὰ
1692 1863 1935 1917 πνευμα-

278 1942 432 2008 τικὰ,
465 1939 622 2019 φησὶ,
654 1937 993 2017 χαρίσματα,
1033 1937 1167 2011 ἅπερ
1219 1933 1334 1992 icti
1394 1931 1485 1988 διὰ
1542 1934 1786 2008 ῥήματος
1844 1933 1934 1988 καὶ

279 2029 708 2106 προστάγματος
741 2033 897 2085 Θεοῦ.
930 2058 996 2071 -
1054 2026 1388 2101 [ΟΙΚΟΥΜ.]
1420 2029 1493 2080 "ll
1521 2024 1606 2091 τὸ,
1626 2025 1792 2098 Ὃπερ
1820 2021 1935 2079 ἐστὶ

286 2119 444 2196 ῥῆμα
472 2122 629 2187 Θεοῦ,
658 2122 740 2191 τῷ
765 2119 913 2173 κάτω
939 2114 1271 2187 συζιυκτέον,
1296 2113 1390 2168 *ίνα
1516 2109 1710 2182 οὕτως,
1759 2114 1932 2188 Ὅπερ

277 2208 394 2264 ἐστὶ
426 2208 580 2282 ῥῆμα
618 2210 757 2263 Θεοῦ
803 2207 895 2262 καὶ
959 2206 1309 2280 πρόσταγμα,
1365 2206 1550 2271 τοῦτο,
1602 2202 1756 2282 φησὶ,
1810 2222 1934 2257 ποι-

279 2302 416 2354 εῖτε.
476 2298 643 2354 Ποῖον
697 2315 712 2365 ;
784 2296 882 2351 Διὰ
937 2297 1117 2366 πάσης
1172 2299 1491 2369 προσευχῆς
1547 2292 1637 2348 καί
1696 2289 1935 2361 δεήσεως

274 2385 724 2461 προσευχόμενοι
752 2384 845 2440 ἳνα
871 2384 991 2455 ἦτε,
1034 2385 1220 2463 φησὶν.
1272 2385 1343 2441 ’Ἠ
1398 2383 1536 2438 κατὰ
1587 2382 1651 2438 τὸ
1700 2378 1936 2457 ἐνεργεῖν

269 2476 366 2531 καὶ
416 2476 630 2548 τίμνιιν
685 2476 753 2529 τὰ
808 2475 1150 2547 πνευματικᾶ
1206 2473 1544 2551 χαρίσματα,
1613 2471 1766 2546 ῥῆμα
1822 2468 1934 2525 ἐστι

271 2569 432 2622 Θεοῦ.
469 2564 745 2639 Τμητικὸν
775 2564 879 2639 γὰρ
911 2564 979 2620 τὸ
1012 2563 1165 2640 ῥῆμα
1192 2567 1292 2617 τοῦ
1342 2566 1499 2617 Θεοῦ.
1550 2561 1740 2621 Οὕτως
1792 2558 1936 2633 μᾶλ-

278 2652 386 2711 λον
442 2654 535 2709 καὶ
591 2655 620 2710 ὁ
679 2653 943 2729 μακάριος
1027 2652 1306 2722 Ἰωάννης.
1372 2652 1472 2708 Διὰ
1527 2650 1628 2727 γὰρ
1687 2649 1934 2725 ῥήματος

281 2742 421 2800 Θεοῦ
486 2739 792 2801 ἐπετελεῖτο
848 2742 916 2798 τὰ
969 2740 1310 2818 χαρίσματα.
1369 2764 1397 2792 ‹‹
1430 2744 1538 2795 ΙΙᾶν
1599 2739 1705 2815 γὰρ
1765 2733 1794 2792 ὅ
1846 2737 1933 2793 ἐὰν

284 2830 570 2902 αἰτήσητε,
601 2833 786 2910 ερησίν,
819 2831 873 2886 ἐν
899 2835 978 2903 τῷ
1037 2829 1264 2903 ὀνόματι
1326 2850 1455 2902 μου,
1505 2825 1669 2883 δώσει
1726 2827 1871 2902 ὑμῖν,
1905 2849 1931 2881 ι

283 2919 452 2998 φησὶν
483 2919 510 2975 ὁ
543 2919 796 2996 Χριστός.

360 3009 798 3085 Προσευχόμενοι
882 3007 933 3063 ἐν
1026 3007 1186 3065 παντὶ
1279 3012 1454 3083 καιρῷ
1520 3006 1573 3063 ἐν
1650 3007 1934 3089 πνεύματι,

278 3098 376 3153 καὶ
433 3097 513 3161 εἷς
572 3098 701 3153 αὐτὸ
753 3103 915 3154 τοῦτο
974 3099 1374 3175 ἀγρυπνοῦντες
1433 3095 1483 3152 ἐν
1546 3095 1691 3172 πάσῃ
1761 3116 1929 3171 προσ-

278 3189 607 3263 καρτερήσει
680 3189 772 3244 καί
849 3185 1028 3259 δεήσει
1095 3188 1220 3263 περὶ
1292 3186 1507 3242 πάντων
1580 3190 1687 3242 τῶν
1767 3185 1934 3259 ἁγίων

279 3278 377 3333 καὶ
428 3277 561 3353 όπὶρ
614 3276 773 3351 ἐμοῦ,
828 3276 918 3331 ἳνα
979 3297 1072 3349 μοι
1132 3273 1314 3347 δοθείη
1385 3274 1551 3349 λόγος
1615 3273 1667 3329 ἐν
1736 3274 1933 3345 ἀνοίξει

272 3371 380 3423 τοῦ
438 3366 710 3441 στόματός
767 3386 871 3439 μου
929 3364 981 3421 ἰν
1055 3363 1333 3441 παῤῥησίᾳ
1382 3362 1640 3440 γνωρίσαι
1698 3362 1764 3418 τὸ
1833 3383 1936 3437 μυ·

273 3457 505 3531 στήριον
571 3459 668 3510 τοῦ
734 3449 1103 3529 Εὒαγγελίου,
1173 3450 1304 3527 ὑπὲρ
1396 3451 1458 3506 οῦ
1542 3446 1823 3527 πρεσϐεὗω
1886 3448 1936 3506 ἒν

273 3542 497 3617 ἁλύσει,
559 3542 651 3598 ’ἱνα
715 3543 768 3598 ἐν
837 3540 983 3613 αὐτῴ
1055 3540 1521 3618 παρρησιάσωμαι
1577 3540 1652 3602 ὡς
1718 3538 1802 3595 δεῖ
1870 3560 1937 3614 με

279 3632 554 3702 λαλῆσαι.

359 3722 510 3780 Μετὰ
554 3721 618 3777 τὸ
656 3719 984 3778 καθοπλίσαι
1015 3722 1105 3777 τὸν
1144 3719 1370 3794 βασιλέα
1402 3717 1597 3775 λοιπὸν
1644 3717 1802 3776 καλεῖ
1841 3716 1936 3775 ’ίνα

274 3811 364 3885 δῷ
394 3818 574 3889 χεῖρα.
638 3835 667 3863 ι(
701 3812 788 3866 Ἐν
847 3808 1136 3882 πνεύματι.
1186 3832 1206 3860 ι
1270 3810 1361 3878 Μὴ
1417 3806 1469 3863 ἐν
1530 3804 1932 3885 βαττολογίαις.

285 3929 309 3954 ι
353 3901 451 3956 Καὶ
512 3899 591 3962 εἷς
648 3899 783 3955 αὐτὸ
823 3900 1245 3974 ἀγρυπνοῦντες.
1295 3925 1319 3952 υ
1378 3894 1587 3967 Μηδὲν,
1628 3897 1783 3975 φησὶ,
1840 3896 1936 3974 ‘54-

288 3985 937 4063 θυμονῆήμελημὲνον.
995 4010 1023 4039 ‹‹
1056 3987 1153 4040 Καὶ
1211 3982 1345 4060 ὓπερ
1401 3983 1556 4057 ἐμοῦ.
1589 4009 1617 4036 »
1675 3985 1778 4041 Καὶ
1833 3985 1936 4059 γὰρ

285 4078 386 4135 καὶ
417 4078 507 4134 τὸν
541 4080 761 4153 Πέτρον,
803 4077 988 4155 φησὶν,
1021 4077 1056 4144 ἡ
1085 4073 1224 4150 εὒχὴ
1273 4076 1373 4142 τῆς
1403 4073 1732 4144 Ἐκκλησίας
1783 4072 1940 4129 ἔλυσε

290 4171 405 4223 τῶν
463 4164 698 4240 δεσμῶν.
759 4189 788 4219 ι(
846 4166 934 4223 Ἐν
992 4164 1183 4234 ἀνοίξει
1239 4167 1337 4219 τοῦ
1410 4162 1679 4236 στόματός·
1740 4183 1865 4236 μου.
1911 4187 1939 4215 ››

289 4256 489 4321 Καλῶς
544 4257 630 4326 τὸ,
684 4255 930 4325 Ἀνοίξει.
983 4251 1119 4309 Οἱιὸὲ
1170 4252 1274 4327 γὰρ
1330 4249 1672 4327 προεμελὲτα
1733 4251 1784 4307 τί
1841 4251 1938 4308 λα-

286 4347 467 4418 λήσει,
500 4346 717 4421 Χριστῷ
752 4343 1100 4418 πειθόμενος,
1157 4340 1285 4398 ἀλλ’
1332 4340 1384 4413 ἐξ
1432 4341 1699 4417 ὗπογυίου
1745 4341 1836 4397 καὶ
1884 4341 1935 4396 ἐν

285 4435 431 4509 αῦτῷ
458 4438 538 4508 τῷ
576 4434 784 4506 ἀνοῖξαι
814 4433 877 4489 τὸ
910 4428 1109 4505 στόμα,
1141 4431 1169 4486 ὁ
1197 4428 1367 4506 λόγος
1394 4430 1614 4503 προῄει.
1637 4454 1666 4481 ‹‹
1685 4430 1775 4487 Ἐν
1802 4429 1935 4507 παῤ-

284 4524 450 4603 ῥησίᾳ
476 4524 759 4602 γνωρίσαι.
796 4548 817 4575 ι
871 4523 942 4580 ’Ἠ

285 4636 408 4690 μαι,
496 4616 568 4672 ’Ἥ
640 4611 732 4668 ’ίνα
813 4610 1273 4687 εὐαγγελίζωμαι.
1361 4630 1390 4661 ιι
1446 4608 1605 4684 ’Υπὲρ
1688 4608 1751 4664 οὗ
1806 4629 1935 4684 πρε.

276 4699 485 4761 σὸεόω.
521 4727 550 4756 ι»
578 4701 736 4775 Ὑπὲρ
779 4699 844 4757 οῦ
896 4696 1233 4775 Εὐαγγελίου
1282 4691 1566 4771 πρεσϐεύω
1620 4696 1755 4772 πρὸς
1803 4695 1934 4759 τοὺς

279 4793 633 4869 ἀνθρώπους,
702 4786 816 4859 ἵνα,
892 4787 1077 4867 φησὶν,
1154 4784 1302 4859 αἰ)τῷ
1374 4786 1462 4869 καὶ
1538 4791 1658 4848 τοῖς
1697 4783 1750 4841 ἐν
1791 4784 1937 4860 αὐτῷ

282 4876 730 4959 καταλλαγιῖηιν.
784 4900 814 4932 ιι
875 4878 1031 4953 Ὑπὲρ
1090 4878 1329 4950 Χριστοῦ
1386 4877 1514 4951 γὰρ,
1592 4875 1745 4953 φησὶ,
1804 4896 1937 4949 πρε..

284 4964 575 5045 σϐεύομεν.
609 4993 637 5021 ιι
671 5002 738 5011 -
770 4992 800 5021 ‹‹
831 4968 949 5025 Ἰνα
985 4966 1038 5021 ἂν
1071 4964 1221 5037 αῦτῷ
1249 4962 1735 5039 παρρησιάσωμαι,
1774 4988 1794 5015 ι
1846 4965 1935 5022 Ἐν

286 5060 511 5133 δεσμοῖς
539 5058 628 5131 ἦν,
660 5057 749 5114 καὶ
783 5054 1170 5131 ἀπολογεῖσθαι
1199 5047 1432 5128 ἔμελλεν
1477 5050 1566 5107 ’ἱνα
1612 5052 1727 5123 οῦν,
1779 5054 1935 5130 φησὶ,

285 5150 423 5227 μετὰ
454 5147 782 5224 παρῥησίας,
809 5143 898 5201 καὶ
929 5142 1102 5206 οὕτως
1159 5142 1233 5204 ὡς
1282 5141 1396 5217 χρή
1444 5140 1537 5197 τὸν
1581 5140 1714 5217 ὑπὲρ
1769 5140 1934 5213 τηλι-

274 5239 486 5296 κοῦτων
516 5234 993 5311 ἀπολογούμενου,
1034 5229 1505 5308 ἀπολογήσωμαι.

348 5415 462 5469 ‘Iv:
492 5409 549 5467 δὲ
580 5408 761 5480 είδῆτε
788 5408 878 5464 καὶ
911 5407 1069 5480 ὑμεῖς
1125 5404 1193 5459 τὰ
1243 5404 1362 5458 κατ’
1417 5398 1515 5475 ἐμὲ
1567 5400 1623 5455 τί
1678 5404 1923 5479 πράσωσ,

348 5528 395 5564 ⁴³
434 5527 587 5585 Psal.
621 5545 676 5598 ι,
709 5531 761 5583 7.
838 5523 883 5560 ⁴⁴¹
915 5523 1113 5580 Matth.
1144 5536 1275 5591 xvu,
1310 5522 1394 5574 19.
1481 5517 1526 5552 ⁸⁵
1550 5518 1716 5576 Joan.
1752 5539 1867 5593 xvn,
1900 5527 1988 5582 23.

279 5617 333 5667 v,
364 5602 456 5656 20.

2050 1849 2394 1921 spirituales
2424 1852 2741 1908 inimicos:
2775 1858 2878 1909 aut
2907 1853 3243 1925 spiritualia
3284 1854 3479 1925 inquit
3524 1852 3704 1915 dona.

2044 1956 2177 2010 quin
2208 1946 2349 1995 sunt
2377 1958 2483 2013 per
2512 1943 2754 1998 verbum
2786 1959 2854 1998 ac
2875 1943 3113 2014 jussum
3143 1942 3271 1997 Dei.
3294 1972 3360 1985 -
3382 1946 3513 1998 Aut.
3533 1941 3702 2007 Quod

2043 2037 2134 2087 est
2160 2033 2404 2088 verbum
2436 2034 2560 2099 Dei,
2589 2034 2965 2106 jungendum
2991 2043 3084 2090 est
3102 2034 3508 2105 sequentibus.
3528 2039 3593 2090 ut
3615 2034 3694 2089 sit

2042 2137 2254 2177 sensus
2285 2138 2299 2176 :
2331 2122 2497 2187 Quod
2524 2129 2617 2179 est
2645 2124 2889 2180 verbum
2920 2140 2989 2179 ac
3019 2128 3379 2195 praeceptum
3420 2123 3545 2190 Dei,
3576 2123 3690 2179 hoc

2040 2210 2549 2277 facite.Quoduam
2570 2212 2721 2268 illud
2742 2213 2870 2268 est?
2901 2212 2973 2268 Ut
3002 2212 3131 2268 sitis
3162 2218 3400 2268 orantes
3425 2228 3533 2284 per
3562 2228 3694 2268 om-

2040 2316 2180 2355 nem
2221 2301 2697 2371 deprecationem
2732 2307 2791 2356 et
2819 2303 3172 2358 orationem.
3205 2304 3319 2358 Aut
3346 2301 3408 2356 in
3433 2318 3501 2358 eo
3532 2301 3694 2373 quod

2041 2394 2133 2444 est
2160 2389 2486 2445 efficaciam
2523 2391 2740 2446 habere
2770 2407 2838 2447 ac
2883 2406 3083 2447 secare
3132 2391 3468 2462 spiritualia
3511 2390 3691 2458 dona,

2042 2477 2283 2533 verbum
2305 2483 2396 2534 est
2415 2479 2548 2534 Dei:
2572 2484 2662 2535 est
2682 2480 2840 2535 enim
2860 2479 3104 2536 verbum
3125 2479 3228 2535 Dei
3253 2479 3583 2535 divisivum.
3611 2480 3697 2535 Ita

2044 2567 2239 2637 potius
2280 2567 2557 2640 intelligit
2588 2585 2823 2639 quoque
2853 2568 3062 2625 beatus
3092 2569 3371 2624 Joannes.
3412 2569 3559 2624 Nam
3588 2583 3696 2640 per

2042 2656 2285 2712 verbum
2309 2657 2413 2713 Dei
2435 2658 2896 2730 perﬁciebantur
2916 2657 3093 2714 dona.
3118 2680 3148 2708 «
3175 2658 3232 2712 Si
3254 2657 3496 2728 quidem
3518 2657 3694 2729 quid-

2043 2745 2187 2815 quid
2216 2746 2506 2818 petieritis
2534 2764 2642 2820 per
2670 2763 2891 2805 nomen
2921 2764 3123 2805 meum
3153 2747 3318 2804 dabit
3336 2746 3526 2815 vobis,
3561 2769 3583 2798 ι
3610 2747 3698 2802 ait

2044 2835 2311 2891 Christus
2340 2837 2406 2893 ⁴⁸.

2117 2998 2208 3063 VI,
2248 2998 2425 3053 18-20.
2459 3021 2488 3049 ‹‹
2520 3000 2768 3056 Orantes
2799 3000 2962 3055 omni
2995 3004 3259 3072 tempore
3292 2999 3354 3055 in
3381 2999 3615 3071 spiritu,
3639 3004 3698 3056 et

2046 3106 2074 3135 «
2108 3086 2183 3142 ad
2216 3086 2325 3143 hoc
2356 3087 2550 3160 ipsum
2581 3089 2888 3159 vigilantes
2919 3106 3054 3145 cum
3086 3089 3249 3145 omni
3290 3089 3605 3145 sedulitate
3639 3093 3698 3145 et

2048 3195 2078 3227 ι(
2109 3174 2526 3248 deprecatione
2555 3195 2661 3249 pro
2689 3178 2963 3233 omnibus
2995 3177 3216 3234 sanctis
3247 3183 3306 3234 et
3334 3195 3439 3249 pro
3484 3193 3600 3245 me,
3627 3183 3696 3233 ut

2047 3285 2076 3313 «
2104 3262 2249 3319 mihi
2281 3264 2453 3320 detur
2482 3282 2677 3322 sermo
2708 3266 2770 3320 in
2802 3266 3107 3338 apertione
3138 3267 3258 3323 oris
3290 3266 3441 3321 mei:
3473 3272 3692 3322 utcum

2048 3374 2073 3408 α
2105 3353 2378 3410 libertate
2405 3354 2507 3411 00
2527 3360 2736 3411 notum
2758 3355 2973 3412 faciam
2994 3355 3344 3428 mysterium
3371 3355 3693 3426 Evangelii,

2047 3466 2075 3494 ‹‹
2107 3458 2211 3515 pro
2243 3459 2360 3516 quo
2416 3444 2711 3516 legatione
2755 3444 2969 3518 fungor
3010 3445 3073 3500 in
3118 3450 3348 3513 catena,
3399 3450 3464 3499 ut
3512 3445 3574 3500 in
3625 3461 3692 3501 eo

2046 3556 2073 3583 «
2108 3533 2293 3589 libere
2323 3533 2537 3606 loquar
2566 3534 2719 3591 sicut
2749 3539 2981 3607 oportet
3009 3550 3104 3590 me
3135 3535 3296 3607 loqui
3332 3557 3383 3592 ››.

2116 3698 2437 3769 Postquam
2467 3698 2716 3753 armavit
2744 3713 2960 3770 regem,
2987 3701 3425 3767 consequenter
3445 3701 3612 3751 vocat
3634 3701 3702 3753 ut

2045 3782 2144 3840 det
2176 3799 2435 3840 manum.
2473 3808 2502 3835 ‹‹
2534 3786 2601 3840 In
2634 3785 2865 3856 spiritu.
2904 3806 2925 3835 ι
2960 3787 3086 3840 Non
3120 3785 3181 3839 in
3213 3784 3567 3856 battologiis,
3595 3790 3700 3840 aut

2045 3873 2357 3930 verborum
2388 3874 2789 3944 multiloquio.
2814 3896 2842 3926 ι(
2873 3875 2943 3931 Ει
2972 3873 3046 3929 ad
3078 3873 3188 3928 hoc
3219 3872 3413 3942 ipsum
3462 3871 3698 3943 vigilan—

2048 3966 2155 4017 tes.
2196 3981 2221 4013 ιι
2244 3962 2422 4027 Nihil,
2452 3961 2666 4033 inquit,
2694 3978 2870 4035 segne
2901 3969 3003 4019 aut
3034 3963 3389 4035 neglectum.
3425 3984 3453 4011 «
3490 3963 3561 4015 Et
3588 3978 3694 4032 pro

2046 4068 2162 4106 me.
2197 4072 2223 4099 »
2258 4050 2490 4106 Etenim
2519 4052 2760 4106 Petrum
2792 4068 3028 4122 quoque
3058 4049 3333 4105 Ecclesiae
3358 4049 3545 4104 oratio
3577 4049 3697 4104 sol-

2047 4141 2191 4195 vita
2219 4139 2467 4195 vinculis
2496 4139 2561 4195 ‘5.
2598 4163 2625 4190 «
2661 4142 2726 4195 In
2759 4141 3066 4211 apertione
3097 4141 3217 4195 oris
3263 4139 3402 4193 mei.
3439 4162 3466 4190 »
3522 4141 3698 4195 Recte

2049 4230 2162 4285 ait:
2186 4230 2251 4283 In
2274 4228 2802 4299 apertione.Neque
2826 4234 2985 4284 enim
3008 4227 3533 4301 prmmeditabatur
3554 4227 3697 4298 quid

2047 4317 2356 4373 locuturus
2385 4322 2562 4384 esset,
2593 4318 2823 4374 Christo
2880 4317 3300 4389 obtemperans
3329 4316 3375 4353 4⁷
3409 4332 3423 4372 :
3475 4316 3580 4372 sed
3625 4333 3699 4372 ex

2047 4410 2314 4481 proximo
2345 4414 2406 4464 et
2434 4409 2497 4463 in
2528 4425 2596 4464 eo
2629 4409 2756 4479 ipso
2785 4424 2903 4479 quo
2936 4425 3002 4464 os
3031 4406 3309 4478 aperiret,
3336 4421 3533 4462 sermo
3555 4420 3696 4476 pro-

992 4495 1106 4576 ’ἶνα⁷
1137 4518 1188 4575 ἐν
1231 4495 1525 4596 πέιρῥηςὲιςί
1566 4495 1934 4595 ἀπολογήσωο

2050 4497 2311 4554 cedebat.
2351 4517 2377 4550 ι
2404 4498 2477 4555 Ut
2506 4514 2640 4553 cum
2672 4497 2947 4552 libertate
2977 4502 3186 4552 notum
3225 4495 3462 4552 faciam.
3500 4516 3521 4543 ι
3557 4497 3695 4559 Aut,

2049 4588 2121 4643 Ut
2149 4603 2285 4643 cum
2317 4587 2591 4643 libertate
2622 4602 2727 4658 pro
2756 4602 2849 4641 me
2878 4602 3119 4643 causam
3167 4584 3361 4641 dicam
3393 4600 3406 4638 :
3451 4587 3591 4649 aut;
3624 4584 3698 4639 Ut

2045 4676 2364 4749 prtedicem
2394 4676 2797 4748 Evangelium.
2832 4697 2860 4725 ‹‹
2890 4676 3003 4730 Pro
3044 4692 3160 4747 quo
3199 4674 3497 4748 legatione
3549 4672 3696 4729 fun-

2045 4766 2176 4823 hor.
2210 4788 2239 4817 ››
2272 4769 2378 4822 Pro
2406 4783 2524 4837 quo
2556 4764 2868 4839 Evangelia
2902 4764 3194 4838 legatione
3222 4765 3438 4836 iungor
3466 4762 3540 4820 ad
3589 4762 3701 4818 ho-

2045 4856 2238 4912 mines
2268 4859 2332 4911 ut
2358 4855 2471 4926 ipsi
2501 4860 2564 4909 et
2593 4855 2686 4910 his
2716 4870 2848 4925 qua)
2879 4854 2941 4909 in
2972 4871 3041 4910 eo
3074 4853 3389 4920 habentur,
3429 4851 3701 4909 reconci-

2045 4945 2285 5000 lientur.
2344 4966 2373 4994 ιι
2430 4945 2575 4999 Nam
2632 4959 2737 5013 pro
2792 4942 3046 5011 Christo,
3132 4942 3345 5013 inquit,
3404 4940 3698 5014 legatione

2043 5032 2348 5107 fungimur
2376 5034 2440 5091 ".
2475 5054 2504 5084 ››
2536 5063 2603 5077 -
2636 5053 2661 5085 ι
2700 5034 2769 5088 Ut
2798 5033 2861 5087 in
2901 5048 2969 5087 eo
3017 5032 3205 5087 libere
3258 5032 3488 5103 loquar.
3544 5051 3575 5081 ››
3630 5031 3694 5087 ln

2043 5122 2295 5180 vinculis
2324 5128 2452 5180 erat
2480 5127 2536 5178 et
2568 5138 2674 5193 pro
2707 5138 2770 5177 se
2799 5138 3218 5193 responsurus.
3251 5122 3324 5177 Ut
3350 5120 3529 5192 igitur
3557 5135 3693 5176 cum

2043 5212 2338 5281 libertate,
2370 5212 2586 5282 inquit,
2617 5227 2712 5266 me
2744 5227 3011 5283 purgem,
3036 5215 3095 5265 et
3119 5210 3285 5266 itaut
3305 5214 3693 5281 oporteteum

2043 5302 2145 5373 qui
2176 5300 2517 5374 hujusmodi
2551 5299 2625 5355 de
2653 5300 2832 5357 rebus
2861 5315 3102 5356 causam
3128 5299 3394 5355 dicturus
3427 5304 3538 5354 est.

2111 5408 2207 5477 VI,
2239 5409 2429 5462 21-34.
2468 5429 2495 5458 ι(
2530 5406 2603 5462 Ut
2632 5413 2831 5463 autem
2865 5405 3063 5461 sciatis
3095 5411 3153 5460 et
3182 5422 3283 5461 vos
3329 5421 3463 5477 quae
3496 5404 3570 5460 ad
3602 5419 3697 5461 me

2091 5523 2140 5559 ⁴⁰
2167 5525 2292 5581 Act.
2333 5540 2437 5591 xu,
2474 5524 2555 5577 11.
2614 5571 2619 5578 .
2663 5519 2706 5557 47
2740 5521 2877 5578 Luc.
2913 5538 3025 5590 xm,
3063 5522 3128 5576 14
3156 5538 3321 5595 seqq.
3412 5519 3457 5556 ⁸⁸
3485 5519 3534 5575 II
3566 5518 3698 5578 Cor.
