4072 6266
488 265 647 327 1215

1609 258 2025 320 (ΕΟΗΜΕΝΙΙ
2072 258 2378 321 ΤΒΙΟΟᾸΞ
2422 261 2775 325 EPISCOPI

3718 268 3829 327 1258

488 424 516 451 ‹‹
549 400 851 471 pertinent
880 393 1024 467 quid
1053 409 1242 466 agam,
1277 391 1349 447 de
1381 390 1659 448 omnibus
1702 392 1983 447 certiores
2030 408 2129 446 vos

2245 390 2413 447 πάντα
2470 393 2597 467 ύμῖν
2654 394 2908 471 γνωρίσει
2963 395 3201 473 Τυχικὸς
3268 396 3297 450 ὁ
3375 395 3657 470 ἀγαπητὸς
3712 397 3833 454 ἀδελ-

486 511 515 541 ‹‹
548 488 760 544 reddet
787 484 1074 556 Tychicus
1130 482 1381 537 dilectus
1413 481 1593 537 frater
1623 487 1682 537 et
1710 480 1904 536 ﬁdelis
1926 480 2132 535 minis-

491 598 516 631 α
554 584 645 633 ter
673 578 738 633 in
770 575 1019 631 Domino
1048 591 1062 629 :
1098 589 1274 644 quem
1306 571 1440 627 misi
1472 571 1546 627 ad
1572 589 1673 627 vos
1703 572 1765 627 in
1797 572 1909 626 hoc
1939 571 2134 643 ipsum

488 689 517 717 ‹‹
545 672 613 723 ut
643 663 1079 738 cognosceretis
1110 662 1182 717 de
1212 661 1389 717 rebus
1414 662 1654 728 nostris,
1689 667 1747 715 et
1797 661 2136 717 consolare-

498 778 519 806 α
556 761 654 810 tur
685 753 865 810 corda
892 757 1105 807 vestra.
1138 752 1258 806 Pax
1288 750 1569 805 fratribus
1600 755 1659 804 et
1686 750 1942 805 charitas
1998 766 2135 805 cum

486 864 514 893 (ι
551 841 667 897 ﬁde
700 857 736 895 δ,
765 841 882 896 Deo
914 841 1085 893 Patre
1118 842 1176 894 et
1203 837 1455 892 Domino
1485 837 1622 892 Jesu
1651 835 1902 891 Christo.
1940 835 2136 892 Gratia

491 950 513 981 π
550 933 627 987 sit
656 947 791 987 cum
813 929 1093 985 omnibus
1117 927 1503 1000 diligentibus
1525 927 1840 982 Dominum
1863 930 2133 981 nostrum

490 1043 518 1072 ‹‹
545 1023 748 1077 Iesum
780 1019 1080 1076 Christum
1112 1034 1245 1073 cum
1278 1017 1638 1073 sinceritate.
1671 1023 1861 1073 Amen
1893 1038 1945 1071 η.

559 1112 696 1176 Quae
728 1108 1152 1165 exhortationis
1186 1112 1355 1162 erant
1381 1111 1438 1161 et
1468 1106 1828 1179 dogmatum,
1860 1106 2131 1179 scripsit:

490 1216 621 1272 quas
648 1216 783 1254 vero
815 1198 890 1254 ad
923 1214 985 1253 se
1017 1196 1413 1268 pertinebant,
1451 1196 1762 1267 epistolam
1812 1197 2132 1269 perferenti

482 1287 647 1360 loqui
672 1287 961 1359 permisit.
988 1308 1015 1338 «
1041 1287 1110 1339 Et
1131 1284 1324 1339 fidelis
1346 1284 1638 1340 minister.
1667 1307 1695 1335 »
1730 1285 1785 1339 Si
1811 1285 2002 1341 fidelis
2024 1286 2132 1341 ita-

485 1393 604 1449 que
635 1377 815 1433 etiam
843 1376 1151 1432 veritatem
1181 1375 1477 1446 loquetur.
1528 1397 1555 1424 «
1592 1375 1664 1430 Ut
1700 1375 2133 1445 cognosceretis

486 1466 559 1521 de
589 1466 769 1521 rebus
802 1465 1042 1521 nostris.
1070 1488 1091 1516 ι
1132 1464 1250 1519 Hoc
1271 1469 1332 1518 et
1350 1463 1685 1518 dilectionis
1709 1464 1876 1518 Pauli
1896 1464 2131 1535 signum

483 1560 613 1610 erat
644 1560 703 1611 et
731 1554 994 1621 illorum,
1025 1552 1176 1608 velle
1201 1553 1447 1607 omnino
1474 1551 1546 1607 ab
1580 1551 1696 1607 illis
1728 1569 1795 1608 ea
1824 1553 1886 1608 in
1916 1552 2132 1624 quibus

486 1649 611 1700 erat
641 1644 936 1715 cognosci.
992 1666 1013 1690 ι
1049 1645 1119 1697 Et
1166 1643 1575 1698 consolaretur
1633 1642 1813 1698 corda
1857 1648 2064 1698 vestra.
2103 1663 2132 1692 »

2246 484 2346 562 φὸς
2411 484 2499 539 καὶ
2563 487 2751 548 πιστὸς
2817 484 3069 550 διάκονος
3132 486 3185 541 ἐν
3252 487 3452 562 Κυρίῳ,
3531 489 3588 542 ὅν
3667 485 3833 563 ἔπεμψα

2246 576 2381 648 πρὸς
2446 575 2586 647 ὑμᾶς
2671 575 2747 636 είς
2828 574 2959 631 αὖτὸ
3015 579 3201 643 τοῦτο,
3260 573 3355 630 τίνα
3405 580 3577 650 γνῶτε
3635 578 3695 631 τὰ
3746 581 3837 651 περὶ

2247 664 2435 733 ἡμῶν,
2497 664 2587 719 καὶ
2680 663 3029 740 παρακαλέσῃ
3116 667 3215 720 ti:
3278 662 3504 740 καρδίας
3562 666 3724 738 ὒμῶν.
3772 668 3838 723 ΕΞ-

2248 753 2387 826 ρήνη
2420 759 2536 814 τοῖς
2592 750 2850 833 ἀδελφοῖς
2909 754 3001 809 καὶ
3058 754 3243 829 ἀγάπη
3300 754 3437 826 μετά
3493 755 3718 815 πίστεως
3764 757 3839 812 ἀπὸ

2247 845 2381 895 Θεοῦ
2455 843 2664 918 Πατρὸς
2738 844 2829 897 καὶ
2904 842 3108 919 Κυρίου
3199 845 3382 913 Ἰησοῦ
3474 845 3721 917 Χριστοῦ.
3795 847 3841 902 Ἠ

2251 930 2412 1005 χάρις
2462 931 2595 1003 μετά
2642 932 2860 987 πάντων
2933 937 3043 988 τῶν
3115 932 3450 1007 ἀγαπώντων
3529 932 3623 987 τὸν
3693 932 3841 1009 Κύριον

2248 1020 2282 1090 ἠ
2293 1024 2409 1093 μῶν
2436 1021 2644 1091 Ἰησοῦν
2673 1021 2902 1095 Χριστὸν
2933 1022 2984 1077 ἓν
3015 1022 3300 1099 ἀφθαρσίᾳ.
3326 1022 3527 1095 Ἀμήν.

2317 1112 2488 1185 "Amp
2549 1111 2614 1179 ἦν
2696 1110 3063 1186 παραινέσεως
3137 1110 3228 1166 καὶ
3287 1107 3609 1186 δογμάτων,
3670 1106 3844 1185 ἔγραψε,

2246 1198 2313 1252 τὰ
2344 1195 2403 1252 δὶ
2429 1199 2547 1253 κατ’
2579 1198 2762 1268 αὐτὸν,
2793 1204 2873 1271 τῷ
2913 1201 3128 1276 φέροντι
3157 1200 3256 1269 τήν
3303 1197 3605 1267 ἐπιστολὴν
3652 1197 3844 1269 λαλῆσαι

2248 1286 2522 1362 ἐπέτρεψε.
2602 1313 2630 1340 ‹‹
2665 1287 2763 1343 Κιὶ
2836 1289 3029 1351 πιστὸς
3105 1285 3373 1351 διάκονος.
3434 1312 3465 1342 υ
3546 1289 3613 1346 Εἴ
3682 1291 3846 1351 πιστὸς.

2250 1375 2444 1433 οὒκοῦν
2474 1378 2563 1433 καὶ
2590 1378 2901 1450 ἀληθεύσει.
2940 1402 2967 1433 α
2991 1382 3110 1436 Ἰνα
3137 1384 3310 1456 γνῶτε
3360 1380 3426 1435 τά
3474 1378 3609 1454 περὶ
3653 1382 3806 1452 ἡμῶν.
3830 1406 3846 1433 ι

2250 1470 2425 1523 Τοῦτο
2483 1468 2575 1522 καὶ
2631 1474 2735 1538 τῆς
2789 1467 3011 1524 Παύλου
3068 1468 3307 1545 ἀγάπης,
3379 1468 3474 1523 καὶ
3533 1476 3632 1538 τῆς
3686 1468 3853 1523 ἐκείνων

2253 1560 2481 1629 σημεῖον
2537 1556 2627 1625 ἧν,
2685 1558 2768 1626 τὸ,
2830 1554 3035 1612 ἐθέλειν
3089 1557 3248 1613 παντὶ
3313 1557 3509 1631 ἀρὸπῳ
3595 1561 3852 1631 γνωσθῆναι

2250 1644 2458 1713 αὐτοῖς,
2490 1643 2542 1698 ἐν
2603 1645 2681 1707 οἷς
2740 1645 2829 1714 ἦν.
2892 1669 2919 1697 ‹‹
2954 1646 3061 1701 Καὶ
3118 1643 3473 1721 παρακαλέσῃ
3533 1645 3629 1708 τάς
3678 1643 3853 1721 καρδίας
3958 1700 3959 1703 η

486 1732 790 1803 Siquidem
824 1732 966 1803 quia
986 1732 1047 1786 in
1067 1730 1320 1786 vinculis
1341 1736 1465 1787 erat
1475 1731 2131 1803 praeceptor,discipulis

2259 1733 2436 1805 ὑμῶν.
2474 1757 2502 1784 ››
2531 1730 2756 1803 Ἐπαιδή
2788 1733 2890 1808 γὰρ
2922 1733 2974 1788 ἰν
3032 1731 3281 1789 ἀλύσεσιν
3330 1734 3397 1803 ἦν
3460 1735 3491 1789 ὁ
3551 1732 3852 1803 διδάσκαλος,

484 1839 632 1894 opus
664 1828 793 1877 erat
821 1820 1253 1887 consolatione,
1288 1836 1362 1876 ne
1394 1820 1752 1876 exciderent.
1804 1821 1897 1875 BI
1959 1843 1986 1871 ‹‹
2021 1822 2140 1875 Pax

479 1910 784 1966 fratribus.
819 1931 847 1960 »
880 1911 1162 1965 Precatur
1191 1908 1276 1965 eis
1306 1925 1512 1981 pacem
1547 1916 1604 1963 et
1624 1910 1971 1965 charitatem
2001 1926 2137 1964 cum

486 1999 642 2055 fide:
681 2016 758 2055 ne
789 2015 925 2069 erga
964 2016 1064 2053 eos
1095 2015 1298 2069 pacem
1334 1998 1591 2053 habeant
1618 1999 1719 2069 qui
1750 1999 1885 2053 aliis
1940 1999 2137 2054 adlue-

486 2096 624 2145 rent
653 2089 1057 2163 opinionibus,
1093 2088 1194 2144 sed
1251 2105 1389 2161 erga
1436 2089 1594 2144 solos
1640 2088 1989 2145 credentes:
2038 2094 2139 2144 aut

486 2178 645 2250 quod
677 2178 910 2233 nullum
952 2178 1161 2233 aﬂ'erat
1214 2178 1471 2233 charitas
1518 2178 1774 2248 lucrum,
1823 2179 1939 2234 nisi
1989 2178 2136 2234 fides

487 2284 722 2339 quoque
755 2267 928 2323 adsit.
988 2288 1011 2318 ιι
1047 2268 1155 2333 Qui
1205 2267 1460 2339 diligunt
1501 2268 1817 2322 Dominum
1864 2273 2135 2323 nostrum

484 2357 685 2412 Iesum
716 2356 1014 2411 Christum
1051 2373 1187 2413 cum
1214 2356 1554 2413 sinceritate
1608 2376 1634 2409 ι
1668 2359 1850 2412 Amor
1877 2357 2036 2413 enim
2072 2357 2135 2413 in

488 2445 786 2501 Christum
817 2445 1199 2518 incorruptus
1225 2451 1286 2500 et
1307 2445 1550 2519 integer,
1575 2447 1693 2501 imo
1712 2448 1908 2518 potius
1935 2464 2135 2504 cumu-

483 2534 662 2591 latior
690 2534 752 2589 in
784 2535 909 2591 dies
942 2551 1074 2591 esse
1101 2534 1364 2591 deberet.

2253 1819 2487 1898 ἔχρῃξον
2517 1823 2568 1877 οἱ
2611 1821 2848 1895 μαθηταὶ
2903 1821 3325 1896 παρακλήσεως,
3375 1827 3476 1877 τοῦ
3540 1824 3619 1897 μή
3669 1844 3853 1878 καταπε·

2250 1916 2381 1966 σεῖν.
2421 1935 2442 1962 ι
2486 1909 2698 1984 Εἲρήνη
2757 1914 2881 1975 τοῖς
2930 1908 3211 1988 ἀδελφοῖς.
3246 1934 3275 1963 ››
3327 1912 3661 1991 Ἐπεύχεται
3710 1913 3855 1972 αὐτοῖς

2248 1999 2465 2073 εἰρήνην
2493 2000 2580 2054 καὶ
2611 2002 2711 2069 τήν
2743 1999 2876 2072 μετὰ
2907 1999 3141 2061 πίστεως
3188 2000 3426 2074 ἀγάπην,
3488 1998 3588 2054 ἵνα
3635 2000 3705 2073 μὴ
3751 2000 3854 2073 πρὸς

2246 2088 2591 2165 ὲτεροδόξους
2634 2091 2693 2162 ᾗ,
2748 2089 2893 2146 ἀλλὰ
2955 2091 3156 2164 μόνους
3210 2088 3339 2153 τοὺς
3389 2090 3643 2152 πιστούς.
3690 2092 3748 2146 Ἥ
3796 2089 3855 2143 ὅτι

2246 2176 2398 2235 οὐδέν
2456 2177 2568 2235 ἐστι
2613 2186 2714 2249 τῆς
2772 2179 2990 2255 ἀγάπης
3048 2177 3260 2254 κέρδος,
3330 2182 3409 2253 μή
3465 2180 3562 2235 καὶ
3621 2180 3742 2253 μετά
3788 2178 3854 2234 πί-

2245 2289 2411 2329 στεως
2442 2265 2631 2339 οὔσης.
2692 2292 2720 2320 ‹‹
2754 2271 2878 2326 Τῶν
2936 2269 3272 2345 ἀγαπώντων
3328 2270 3423 2324 τὸν
3485 2269 3681 2344 Κύριον
3729 2270 3853 2340 ἡμῶν

2246 2359 2455 2428 Ἰησοῦν
2514 2358 2743 2432 Χριστὸν
2821 2356 2874 2412 ἐν
2948 2356 3233 2434 ἀφθαρσίᾳ.
3293 2378 3322 2411 ι
3383 2359 3450 2415 Ἦ
3510 2359 3616 2435 γὰρ
3671 2357 3738 2418 είς
3782 2354 3851 2410 τὸν

2244 2448 2474 2523 Χριστὸν
2507 2446 2718 2522 ἀγάπη,
2757 2445 3030 2525 ἄφθαρτος
3076 2447 3167 2503 καὶ
3222 2447 3522 2521 ἀμείωτος,
3583 2446 3771 2522 μᾶλλον
3810 2443 3852 2498 δί
3958 2454 3959 2457 “

484 2627 663 2691 Finis,
690 2624 880 2681 divino
909 2627 1132 2693 favente
1157 2626 1393 2690 auxilio,
1422 2627 1688 2697 Epistolas
1733 2628 1808 2682 ad
1851 2628 2129 2699 Ephesios.

2314 2623 2509 2696 Τέλος,
2543 2623 2636 2680 σὺν
2664 2629 2800 2698 Θεῷ,
2832 2631 2933 2694 τῆς
2962 2626 3100 2700 πρὸς
3127 2625 3412 2700 Ἐφεσίους
3441 2623 3773 2694 Ἐπιστολῆς.

2241 2538 2359 2600 καθ’
2390 2535 2618 2607 ἑκάστην
2673 2533 2990 2592 ἐπιδιδοῦσα
3041 2539 3142 2607 τήν
3196 2536 3407 2611 ἡμέραν
3455 2534 3684 2614 ὤφειλεν
3728 2536 3850 2590 εἶναι.
3958 2598 3959 2605 γ

593 2729 821 2803 Scripta
855 2735 945 2786 est
972 2730 1045 2786 ab
1076 2730 1220 2786 urbe
1251 2733 1436 2788 Roma
1464 2748 1570 2803 per
1597 2733 1934 2803 Tychicum.

482 2881 1547 2921 ω

2534 2734 2780 2812 Ἐγράφη
2814 2733 2920 2788 ἀπὸ
2948 2733 3171 2806 Ῥώμης
3202 2729 3291 2788 διὰ
3328 2737 3604 2808 Τυχικοῦ.

1550 2879 3843 2925 π

1760 3108 2645 3239 ΥΠΟΘΕΣΙΣ

946 3343 1187 3438 ΤΗΣ
1270 3341 1596 3437 ΠΡΟΣ
1680 3338 2599 3435 ΦΙΛΙΠΠΗΣΙΟΥΣ
2683 3336 3444 3436 ΕΙΙΙΣΤΟΛΗΣ.

1565 3671 2763 3797 ARGUMENTUM

1243 3866 1881 3965 EPISTOLZE
1951 3868 2114 3963 AD
2183 3867 3111 3964 PHILIPPENSES.

2144 4126 2217 4136 .—

545 4297 646 4353 82
698 4297 859 4352 Hanc
891 4295 1099 4351 scribit
1125 4294 1198 4350 ab
1230 4293 1376 4349 urbe
1407 4294 1614 4361 Roma,
1649 4309 1783 4348 cum
1806 4293 1934 4365 jam
1965 4293 2127 4364 ipsos

2298 4289 2510 4360 Ταύτην
2562 4286 2873 4346 ἐπιστέλλει
2919 4289 3027 4344 ἀπὸ
3071 4289 3321 4364 Ῥώμης,
3380 4291 3631 4366 ἑωρακὼς
3678 4281 3830 4339 autaut

473 4386 716 4442 vidisset
738 4384 915 4440 simul
943 4391 1003 4439 et
1022 4382 1340 4439 docuisset.
1370 4381 1611 4438 Occasio
1630 4387 1827 4436 autem
1860 4379 2127 4452 epistolas

472 4476 588 4531 fuit
606 4475 767 4530 haec:
797 4474 943 4528 Cum
964 4473 1269 4527 misissent
1302 4469 1710 4541 Pbilippenses
1743 4468 1924 4523 Paulo
1956 4467 2129 4523 mini-

476 4564 746 4629 sterium,
782 4568 841 4617 et
868 4561 1110 4632 quidam
1141 4560 1464 4615 circuirent
1492 4575 1561 4614 ac
1590 4558 1905 4613 intlcerent
1952 4573 2126 4612 aures

475 4651 840 4723 simplicium
872 4654 1159 4723 praetextu
1189 4647 1417 4703 umbra)
1449 4646 1596 4715 legis
1626 4663 1693 4701 ac
1722 4645 2126 4701 circumcisio-

476 4741 592 4805 nis,
627 4740 729 4811 qui
762 4739 889 4794 sine
922 4739 1031 4793 hac
1053 4737 1321 4793 dicerent
1343 4735 1575 4791 nullum
1599 4735 2127 4807 possejustiﬁcari.

479 4831 625 4887 Cum
655 4829 782 4883 haec
813 4827 1079 4883 audisset
1106 4826 1444 4898 Apostolus,
1477 4825 1684 4881 scribit
1726 4824 2129 4896 Philippensi-

477 4918 609 4975 bus.
643 4920 710 4973 Et
742 4918 1002 4990 primum
1034 4917 1274 4990 quidem
1304 4933 1509 4972 eorum
1537 4916 1834 4971 collaudat
1854 4914 2130 4980 ﬁdem,ac

479 5008 775 5081 signiticat
806 5024 866 5063 se
915 5007 1182 5077 ipsorum
1232 5006 1426 5061 facere
1480 5004 1849 5059 memoriam.
1908 5003 2128 5059 Deinde

475 5102 680 5153 narrat
709 5093 1007 5167 quomodo
1040 5096 1237 5149 Romaa
1267 5109 1373 5164 pro
1402 5108 1463 5147 se
1492 5091 1869 5163 responderit
1893 5108 1906 5145 :
1940 5092 2125 5162 quod-

477 5201 592 5257 que
623 5183 923 5248 nonnulli,
956 5198 1160 5256 graves
1190 5181 1304 5253 ipsi
1334 5180 1558 5237 fuerint
1585 5179 1647 5234 in
1678 5180 1952 5245 vinculis,
1986 5180 2130 5236 invi-

478 5273 638 5330 diam
670 5273 724 5328 ei
754 5278 1078 5328 moventes.
1110 5272 1251 5325 Post
1282 5270 1409 5325 haec
1439 5269 1574 5325 illos
1605 5268 1952 5324 exhortatur
1980 5274 2046 5324 ut
2065 5285 2127 5325 se

476 5369 682 5419 mutuo
724 5362 996 5435 diligant,
1028 5359 1294 5415 referens
1325 5358 1641 5415 Salvatoris
1674 5357 2125 5430 benignitatem,

478 5453 601 5525 qui,
625 5467 761 5508 cum
812 5452 968 5507 Deus
993 5454 1168 5515 esset,
1191 5452 1434 5519 propter
1456 5463 1566 5501 nos
1588 5446 1766 5502 homo
1796 5446 1987 5501 factus
2017 5451 2126 5502 est.

474 5539 700 5597 Deinde
723 5540 795 5595 de
826 5537 1281 5595 circumcisione
1320 5552 1388 5590 ac
1417 5535 1543 5607 lege
1575 5535 1893 5604 disserens,
1928 5542 2123 5592 osten-

2240 4376 2356 4452 ἅμα
2409 4378 2499 4433 καὶ
2560 4375 2800 4448 διδάξας.
2856 4379 2918 4436 'Il
2979 4375 3037 4433 δὲ
3100 4379 3370 4455 πρόφασις
3419 4385 3525 4449 τῆς
3587 4368 3830 4433 ἐπιστολῆς

2239 4463 2399 4537 αὕτη.
2436 4469 2770 4542 ΙΙεμψάντων
2801 4464 3194 4538 Φιλιππησίων
3227 4463 3507 4523 διακονίαν
3535 4470 3611 4538 τῷ
3654 4457 3829 4527 Παύλῳ,

2232 4555 2323 4610 καί
2378 4575 2567 4610 τινων’
2599 4551 3044 4630 περιερχομένων
3112 4556 3205 4610 καὶ
3292 4551 3695 4632 διαφθειρόντων
3759 4543 3828 4601 τὶς

2235 4643 2397 4705 ἀκοὰς
2426 4649 2535 4699 τῶν
2590 4643 2853 4718 ἀκεραίων
2912 4643 3179 4720 προφάσει
3224 4649 3324 4713 τῆς
3375 4648 3530 4706 σκιᾶς
3570 4644 3659 4697 τοῦ
3698 4634 3825 4720 vdua?

2234 4733 2325 4789 καὶ
2353 4740 2454 4803 τῆς
2485 4717 2815 4808 περιτομῆς,
2848 4717 2963 4788 καὶν
2999 4717 3271 4809 λεγόντων
3326 4732 3507 4812 χωρίς
3556 4729 3730 4796 ταύτης
3765 4717 3819 4793 μὴ

2237 4820 2488 4878 δύνασθαι
2548 4821 2925 4894 δικαιωσῆναι,
2979 4821 3164 4894 μαθὼν
3217 4822 3244 4876 ὁ
3287 4821 3639 4887 Ἀπόστολος,
3674 4812 3821 4889 γράφει

2237 4910 2654 4982 Φιλιππησίοις·
2717 4910 2816 4966 Καὶ
2866 4916 3083 4983 πρῶτον
3154 4911 3248 4984 μὲν
3328 4906 3644 4985 ἀποδέχεται
3692 4900 3819 4958 αὐτῶν

2233 5002 2331 5069 τὴν
2361 5000 2539 5057 πίστιν
2595 4999 2685 5055 καὶ
2738 5000 2993 5074 σημαίνει
3054 4999 3424 5072 μνημονεὺειν
3487 4999 3674 5053 αὐτῶν.
3722 4990 3819 5044 Ἐπ’

2236 5111 2351 5145 ειτα
2390 5086 2660 5164 διηγεῖται
2701 5087 2775 5151 ὠς
2834 5087 3223 5165 ἀπελογήσατο
3280 5086 3332 5143 εν
3384 5089 3593 5161 Ῥώμῃ,
3644 5080 3720 5137 καὶ
3748 5075 3819 5165 ,ὅτι

2236 5179 2375 5241 τινὲς
2406 5179 2556 5249 αὑτῷ
2587 5179 2770 5253 βαρεῖς
2799 5164 3082 5253 γεγόνασιν
3115 5176 3166 5232 ἐν
3226 5182 3345 5239 τοῖς
3398 5173 3630 5248 δεσμοῖς,
3676 5164 3815 5253 εθὸνον

2236 5270 2387 5339 αὐτῷ
2432 5272 2722 5329 κινοῦντες,
2768 5270 2998 5325 Ἔπειτα
3050 5264 3247 5328 αὖτοὺς
3295 5265 3637 5342 προτρέπεται
3682 5251 3809 5317 ἁλὶ-’β

2240 5355 2373 5419 λους
2402 5356 2632 5431 ἀγαπᾷν,
2673 5356 3036 5434 ἐξηγούμενος
3084 5357 3185 5425 τὴν
3232 5359 3333 5411 τοῦ
3388 5361 3629 5427 Σωτῆρος
3669 5344 3810 5434 φίλων

2240 5444 2509 5522 θίῖωπίαν,
2542 5446 2627 5500 ’ὁτι
2656 5433 2790 5507 Θεὸς
2849 5441 2946 5513 ὥν,
3006 5443 3290 5520 ἄνθρωπος
3348 5443 3527 5520 γέγονε
3578 5439 3641 5495 δι’
3684 5433 3803 5522 ἡμᾶς.

2240 5534 2377 5592 Εἶτα
2424 5535 2549 5611 περὶ
2606 5542 2706 5604 τῆς
2757 5540 3064 5608 περιτομῆς
3128 5533 3219 5588 καὶ
3276 5536 3372 5588 τοῦ
3425 5530 3638 5587 παλοιοῦ
3684 5520 3805 5588 νόμον
