4072 6266
317 349 478 408 1257
1326 355 1736 417 ΟΟΜΜΕΝΤ.
1785 355 1863 414 ΙΝ
1910 355 1956 414 E

2071 354 2156 414 ΞΤ.
2201 355 2304 414 ΑΙ)
2351 356 2642 417 PHILIP.
3578 363 3733 424 1258

315 477 616 553 διαλαϐὼν,
651 483 991 542 ἀποδεικνύει
1028 488 1200 561 ἀργὴν
1233 490 1550 563 γεγενῆσθαι
1609 485 1810 544 λοιπὸν
1861 488 1956 556 τῆν

2079 488 2166 543 dit
2195 489 2439 560 posthac
2470 491 2719 546 otiosam
2749 490 2966 548 factam
3002 509 3130 549 esse
3188 495 3731 565 circumcisionem,

313 575 642 648 περιτομὴν,
676 571 971 646 λαμϐάνων
1001 577 1090 655 ἀφ’
1119 577 1312 632 ἑαυτοῦ
1349 579 1411 632 τὸ
1479 574 1826 650 παράδειγμα
1873 574 1964 631 καὶ

314 661 516 736 λέγων,
549 662 654 727 ὅτι,
685 665 863 720 Ταῦτα
918 666 1092 719 πάντα
1149 663 1366 739 ἥγημαι
1429 664 1516 720 διὰ
1572 667 1665 721 τὸν
1729 666 1962 740 Χριστὸν

318 753 541 821 ζημίαν.
577 751 670 806 Διὸ
698 753 787 806 καὶ
819 752 945 813 τοῦς
979 755 1070 825 μὲν
1131 751 1480 808 διδάσκοντας
1529 752 1607 808 ἔτι
1659 754 1962 828 περιτομὴν

309 841 402 894 καὶ
436 837 688 904 θέλοντας
746 840 940 904 αύτοῦς
991 841 1260 911 ἀπατῆσαι
1327 843 1682 916 μεμψάμενος
1737 843 1828 896 καὶ
1887 841 1966 896 εί-

311 928 432 982 πὼν
459 927 693 1007 ἐχθροὺς
737 929 931 991 αὐτοὺς
984 933 1124 985 εἶναι
1179 929 1277 985 τοῦ
1319 933 1576 1007 Χριστοῦ,
1635 928 1962 1005 ἀποδέχεται

311 1016 729 1087 Φιλιππησίους
762 1015 849 1072 διὰ
877 1021 977 1088 τήν
1011 1019 1145 1094 πρὸς
1177 1020 1336 1074 αὐτὸν
1393 1027 1494 1089 τῆς
1543 1019 1828 1081 κοινωνίας
1878 1016 1965 1075 δό-

307 1129 416 1162 σιν.
450 1107 552 1164 Καὶ
610 1108 1053 1182 ’προτρεψάμενος
1101 1111 1267 1164 πάλιν
1327 1110 1404 1173 είς
1454 1109 1524 1164 τὰ
1579 1109 1684 1179 ἤθη
1745 1109 1960 1176 αὐτοὺς,

309 1194 523 1251 τελειοῖ
548 1196 650 1265 τὴν
682 1196 1038 1268 Ἐπιστολήν.

897 1316 1370 1374 ΘΕΟΔΩΡΗΤΟΥ.

384 1435 453 1493 Οἱ
483 1433 853 1504 Φιλιππήσιοι
884 1441 982 1502 τῆς
1012 1431 1352 1498 Μακεδονίας
1381 1435 1541 1504 ἦσαν,
1594 1434 1697 1488 ὑπὸ
1751 1434 1959 1508 μητρό-

305 1524 476 1580 πολιν
530 1521 955 1594 Θεσσαλοτίκην.
1044 1523 1236 1580 Πολλὰ
1294 1522 1352 1579 δὲ
1410 1523 1595 1584 αὐτοῖς
1659 1524 1687 1576 ὁ
1741 1524 1958 1585 Παῦλος

309 1613 528 1689 χρηστα
589 1617 867 1687 μαρτυρεῖ.
928 1616 1014 1670 Ἐν
1073 1609 1295 1684 δεσμοῖς
1351 1610 1407 1667 δὲ
1463 1609 1560 1678 ὢν,
1620 1605 1822 1688 ἔγραψε
1859 1611 1958 1678 τὴν

303 1698 669 1770 Ἐπιστολήν.
701 1701 843 1755 Μετὰ
903 1702 1008 1774 γὰρ
1093 1703 1192 1770 τὴν
1247 1703 1470 1775 πρώτην
1552 1697 1848 1774 ἀπολογίαν
1892 1699 1958 1766 ἧς

303 1788 553 1862 ἐμνήσθη
586 1788 638 1844 ἐν
670 1795 740 1864 τῇ
799 1790 935 1864 πρὸς
991 1791 1282 1862 Τιμόθεον,
1344 1788 1494 1850 αὖθις
1555 1786 1730 1860 ἐδέθη.
1790 1789 1958 1843 Ἦσαν

303 1877 366 1934 δὲ
415 1881 466 1932 οἱ
528 1877 903 1948 Φιλιππήσιοι
963 1877 1032 1932 δι’
1089 1875 1486 1956 Ἐπαφροδίτου
1545 1879 1614 1932 τὰ
1669 1877 1803 1952 πρὸς
1859 1878 1956 1946 τήν

301 1969 500 2044 χρείαν
544 1970 853 2043 πέμψαντες
905 1969 1075 2040 αὐτῷ,
1131 1967 1181 2024 ἐν
1231 1974 1411 2040 ταυτῷ
1467 1967 1554 2022 καί
1620 1969 1955 2042 γνωσόμενοι

302 2059 374 2113 τὰ
404 2060 520 2113 κατ’
550 2057 729 2116 αὐτόν.
765 2055 982 2127 Ἐπειδὴ
1039 2055 1096 2113 δὲ
1151 2053 1510 2132 ἐθορυϐοῦντο
1562 2056 1849 2118 ἀκούοντες
1907 2053 1958 2110 ἐν

306 2146 532 2220 δεσμοῖς
561 2149 701 2202 εἶναι
733 2147 825 2203 τὸν
860 2144 1208 2217 διδάσκαλον,
1240 2145 1371 2201 αῦτὸ
1402 2150 1564 2201 τοῦτο
1623 2145 1815 2224 γράφει
1864 2143 1957 2199 αὖ·

297 2241 439 2302 τοῖς,
473 2235 546 2294 ὡς
599 2233 667 2288 τὰ
725 2231 901 2306 δεσμὰ
959 2233 1021 2288 οὐ
1071 2229 1306 2308 θορύϐου
1366 2233 1616 2308 πρόξενα,
1674 2238 1848 2306 χαρᾶς
1903 2227 1960 2289 δὲ

308 2321 525 2396 μᾶλλον
557 2317 785 2400 ὤφειλεν
847 2325 1004 2394 εἴναι,
1065 2320 1151 2376 διὰ
1199 2324 1260 2377 τὸ
1317 2322 1450 2397 ὑπὲρ
1510 2325 1748 2395 Χριστσῦ
1802 2321 1957 2377 εἶναι.

303 2414 647 2469 Καθάπτεται
689 2410 870 2467 δὲκαὶ
930 2418 1036 2466 τῶν
1099 2409 1401 2480 Ἰουδαίων,
1452 2409 1646 2472 οἵτινες
1706 2409 1757 2464 ἐν
1815 2413 1958 2486 σχή-

305 2523 438 2574 ματι
486 2505 933 2576 Χριστιανισμοῦ,
996 2499 1301 2578 διέφθειρον
1357 2501 1421 2556 τὸ
1476 2502 1754 2576 κήρυγμα.
1812 2501 1961 2555 Μετὰ

294 2600 470 2665 τιμῆς
517 2590 573 2647 δὲ
631 2593 868 2672 φαίνεται
929 2593 1152 2669 γράφων
1212 2597 1327 2656 τοῖς
1389 2589 1815 2661 Φιλιππησίοις,
1869 2589 1960 2644 ἐν-

304 2681 490 2758 ἀρετοι
548 2685 651 2760 γὰρ
708 2685 866 2754 ἦσαν.
945 2686 1204 2747 Ἐνταῦθα
1281 2684 1347 2751 ἦν
1405 2683 1441 2751 ἡ
1502 2678 1956 2755 πορφυροπῶλις.

305 2773 570 2828 Ἐνταῦθα
655 2775 681 2827 6
758 2773 1213 2848 ἀρχισυνάγωγος
1290 2770 1621 2826 ἐπίστευσεν.
1701 2772 1962 2833 Ἐνταῦθα

304 2859 580 2932 ἐτυπττςθη
617 2861 752 2934 μετᾶ
776 2867 874 2917 τοῦ
935 2862 1076 2916 Σίλα
1107 2862 1135 2916 6
1170 2859 1387 2922 Παῦλος
1453 2859 1556 2914 ὑπὸ
1605 2863 1712 2913 τῶν
1763 2877 1960 2933 στρατ-

306 2954 478 3024 ηγῶν,
511 2949 563 3004 οἳ
619 2950 678 3006 ἐκ
734 2957 1083 3027 συναρπαγῆς
1136 2949 1296 3004 αὐτὸν
1355 2949 1741 3018 τυπτήσαντες,
1799 2945 1958 3010 τέλος

299 3038 742 3115 ἀπελογήσαντο.
821 3039 1082 3103 Ἐνταῦθα
1157 3040 1184 3094 6
1260 3035 1604 3116 δεσμοφύλαξ
1667 3035 1954 3098 πιστεύσας

298 3127 392 3182 σῦν
450 3134 531 3201 τῷ
590 3127 725 3203 ο’ίκῳ
783 3130 950 3185 αὐτοῦ
1015 3124 1336 3198 ἐϐαπτίσθη.
1425 3129 1608 3183 Ταῦτα
1665 3126 1839 3179 πάντα
1896 3124 1951 3177 αἱ

297 3217 522 3292 Πραξεις
555 3219 702 3298 φασί.
754 3223 1030 3294 Μαρτυρεῖ
1087 3215 1144 3271 δὲ
1196 3217 1380 3277 αὐτοῖς
1437 3215 1641 3284 πίστιν,
1695 3213 1784 3268 καὶ
1844 3233 1953 3266 κιν-

294 3303 486 3368 δύνους
550 3308 682 3382 ὑπὲρ
743 3307 933 3377 αὐτῆς,
991 3309 1080 3362 καὶ
1139 3307 1274 3382 πρὸς
1336 3304 1582 3361 εὐποιίαν
1644 3302 1952 3376 ἐπιρῥεπῶς

293 3394 468 3474 ἔχειν.
521 3396 865 3451 Δι’ἆπαντα
922 3394 1128 3474 σφόδρα
1186 3396 1362 3474 φιλῶν
1418 3393 1614 3454 αύτοῦς
1683 3392 1946 3470 φαίνεται.

2081 578 2420 649 exemplum
2447 595 2480 633 a
2520 580 2714 650 seipso
2747 597 2988 635 sumens
3019 598 3087 636 ac
3110 581 3347 638 dicens:
3381 585 3511 638 Ηιυο
3529 586 3731 640 omnia

2081 673 2321 737 propter
2368 669 2663 723 Christum
2709 668 2848 724 duxi
2899 687 3026 724 esse
3085 670 3528 729 detrimentum.
3591 674 3726 729 Ideo

2079 755 2258 810 etiam
2290 756 2386 810 ubi
2423 758 2765 828 perstrinxit
2804 775 2904 813 eos
2936 760 3032 830 qui
3069 759 3259 815 adhuc
3321 761 3724 817 circumcisio-

2079 859 2216 896 nem
2247 843 2556 911 docebant,
2590 852 2648 899 et
2674 845 2944 900 volebant
2977 847 3136 916 ipsos
3187 848 3491 915 seducere,
3548 849 3728 904 dixit-

2078 948 2192 1002 que
2223 932 2356 986 illos
2381 949 2509 987 esse
2560 933 2776 989 Christi
2827 935 3047 999 hostes,
3098 936 3510 1007 Philippenses
3562 955 3725 994 com-

2078 1021 2317 1076 mendat
2344 1027 2586 1092 propter
2615 1022 2837 1078 donum
2869 1024 3426 1081 communicationis
3467 1043 3602 1098 erga
3632 1028 3723 1098 ip-

2077 1125 2246 1164 sum:
2279 1127 2635 1182 rursumque
2666 1127 2766 1166 eos
2796 1111 2870 1166 ad
2917 1129 3111 1168 mores
3163 1114 3528 1181 exhortatus,
3579 1133 3723 1170 con-

2075 1197 2263 1252 cludit
2291 1198 2632 1270 Epistolam.

2657 1317 2744 1372 ΤΗ
2753 1319 3122 1374 EODOBETI.

2145 1432 2244 1486 68
2261 1431 2672 1504 Philippenses
2690 1435 2873 1505 partis
2892 1440 3061 1490 erant
3076 1435 3428 1491 Macedonia?
3444 1439 3721 1509 Metropo-

2073 1519 2175 1574 lim
2195 1521 2482 1576 habentes
2499 1523 3182 1579 Thessalonicam.Multa
3193 1531 3388 1580 autem
3409 1525 3563 1580 bona
3577 1529 3720 1582 Pau-

2073 1611 2164 1664 lus
2179 1609 2249 1664 de
2265 1611 2408 1681 ipsis
2423 1613 2840 1667 testatur.Cum
2856 1629 2992 1682 ergo
3009 1612 3068 1667 in
3087 1613 3337 1669 vinculis
3353 1623 3528 1681 esset,
3563 1617 3716 1671 scri-

2072 1699 2548 1770 psitEpistolam.
2579 1702 2718 1755 Nam
2744 1702 3134 1773 postprimam
3169 1703 3257 1756 sui
3284 1702 3715 1769 defensionem,

2073 1787 2242 1857 cujus
2273 1788 2545 1843 meminit
2575 1789 2634 1842 in
2667 1790 2928 1859 Epistola
2958 1790 3031 1845 ad
3060 1792 3454 1847 Timotheum.
3481 1809 3716 1848 rursum

2066 1875 2279 1947 ligatus
2311 1882 2415 1930 est.
2447 1877 2724 1932 Miserant
2752 1884 2950 1934 autem
2996 1881 3104 1952 ipsi
3141 1881 3552 1952 Philippenses
3584 1899 3715 1954 qum

2066 1965 2178 2036 ipsi
2210 1968 2546 2022 necessaria
2603 1974 2774 2023 erant
2832 1986 2937 2040 per
2992 1971 3476 2041 Epaphroditum,
3539 1973 3716 2027 simul

2067 2055 2244 2109 etiam
2277 2060 2340 2109 ut
2383 2063 2808 2127 cognoscerent
2866 2075 2997 2128 quae
3055 2059 3212 2114 circa
3269 2059 3461 2130 ipsum
3523 2065 3710 2114 erant.

2066 2145 2355 2210 Quoniam
2387 2163 2519 2200 vero
2544 2146 2932 2202 turbabantur
2950 2149 3258 2204 audientes
3291 2155 3714 2221 praeceptorem

2067 2250 2238 2287 suum
2272 2251 2400 2288 esse
2429 2233 2487 2288 in
2520 2235 2792 2304 vinculis,
2827 2237 2936 2291 hoc
2968 2238 3162 2308 ipsum
3190 2237 3396 2292 scribit
3426 2238 3530 2303 eis,
3556 2237 3714 2309 quod

2066 2321 2296 2377 vincula
2327 2339 2445 2378 non
2480 2323 2878 2379 turbationem
2910 2326 3318 2393 conciliarent,
3377 2327 3479 2382 sed
3517 2329 3712 2399 potius

2066 2411 2342 2482 gaudium
2375 2413 2585 2466 all'erre
2617 2412 2921 2478 deberent,
2957 2431 3024 2469 eo
3057 2415 3214 2486 quod
3253 2421 3494 2487 prOpter
3544 2416 3715 2473 Chri-

2068 2505 2222 2554 stum
2258 2501 2672 2556 tolerarentur.
2703 2502 2986 2576 Objurgat
3011 2510 3208 2559 autem
3241 2509 3300 2558 et
3325 2505 3577 2570 Iudaeos,
3611 2505 3710 2575 qui

2069 2588 2176 2644 sub
2207 2589 2640 2644 Christianismi
2673 2591 2806 2646 fuco
2832 2592 3318 2662 praedicationem
3369 2609 3716 2663 corrumpe-

2067 2678 2228 2733 bant.
2264 2681 2514 2750 Apparet
2541 2686 2739 2735 autem
2772 2697 2904 2735 cum
2938 2681 3162 2736 honore
3187 2682 3447 2737 scribere
3490 2681 3715 2752 Philip-

2067 2767 2350 2838 pensibus
2375 2784 2387 2832 ;
2422 2785 2559 2823 nam
2593 2769 2760 2840 probi
2795 2775 2963 2824 erant
2993 2787 3059 2825 ac
3080 2769 3278 2825 virtuti
3306 2770 3583 2824 dediti.ln
3605 2771 3714 2826 hac

2068 2858 2302 2912 civitate
2344 2865 2470 2914 erat
2526 2876 2923 2930 purpurarum
2981 2861 3295 2915 venditrix.
3357 2862 3476 2916 Hoc
3534 2861 3712 2916 etiam

2066 2945 2196 3000 loco
2227 2947 2724 3020 archisynagogus
2757 2949 3028 3004 credidit.
3082 2950 3183 3004 llic
3233 2949 3572 3005 verberatus
3626 2953 3715 3004 est

2067 3051 2200 3088 cum
2234 3035 2352 3090 Sila
2384 3036 2598 3090 Paulus
2631 3054 2664 3091 a
2697 3038 3159 3109 magistratibus,
3193 3039 3293 3109 qui
3327 3038 3425 3092 ubi
3476 3043 3711 3109 raptum

2066 3123 2258 3193 ipf—xum
2287 3125 2717 3190 verberassent,
2745 3127 2983 3182 tandem
3003 3145 3136 3182 cum
3162 3127 3712 3197 excusationeipsos

2063 3213 2458 3268 absolverunt.
2513 3216 2615 3268 llic
2649 3221 2844 3270 custos
2877 3217 3130 3270 carceris
3175 3223 3486 3288 postquam
3522 3215 3710 3269 credi-

2060 3302 2245 3356 disset
2275 3319 2406 3357 cum
2436 3303 2662 3358 familia
2692 3322 2794 3358 sua
2829 3305 3154 3375 baptizatus
3186 3311 3292 3358 est.
3330 3307 3463 3359 Hmc
3513 3305 3715 3358 omnia

2059 3390 2241 3445 refert
2271 3394 2550 3446 Actorum
2585 3393 2752 3447 liber.
2786 3395 3056 3449 Testatur
3085 3400 3280 3448 autem
3335 3394 3406 3447 de
3459 3393 3572 3448 fide
3625 3394 3711 3464 ip-

300 3505 526 3554 sorum,
561 3494 617 3543 et
649 3488 928 3559 periculis
960 3505 1064 3558 pro
1097 3488 1226 3558 ipsa
1257 3486 1546 3558 susceptis
1591 3491 1649 3541 et
1681 3482 1838 3554 quod
1882 3479 1956 3535 ad
2004 3479 2454 3536 beneﬁcentiam
2509 3484 2782 3554 propensi
2839 3484 2992 3537 sint:
3041 3491 3282 3555 propter
3333 3501 3463 3554 qum
3513 3483 3714 3537 omnia

301 3577 536 3632 videtur
565 3578 724 3648 ipsos
757 3578 1139 3633 vehementer
1167 3591 1388 3632 amare.

486 3693 804 3748 ΚΕΦΛΛΙΑ
845 3694 988 3748 ΤΗΣ
1033 3693 1210 3749 ΙΙΡΟΣ
1249 3690 1758 3748 ΦΙΛΙΠΠΗΣΙΟΥΣ

912 3765 1334 3820 ΕΠΙΣΤΟΛΙΙΣ.

298 3880 367 3935 α’.
430 3878 766 3953 Εὐχαριστία
847 3877 978 3952 ὑπὲρ
1065 3884 1166 3946 τῆς
1254 3875 1646 3946 Φιλιππησιων
1731 3874 1949 3948 ἀρετῆς,

373 3967 462 4022 καὶ
498 3969 634 4043 εὐχὴ
670 3967 1026 4029 τελειώσεως.

307 4060 375 4132 β’.
438 4061 701 4135 Διήγησις
754 4061 852 4128 τῆς
937 4060 1129 4113 ἑαυτοῦ
1197 4055 1475 4134 διαγωγῆς
1565 4055 1948 4128 ἀγωνιστικῆς,

377 4147 464 4202 καί
496 4152 592 4213 τῆς
623 4149 950 4223 προθυμίας.

299 4241 366 4311 γ’.
438 4236 756 4310 Ηαραίνεσις
808 4244 908 4307 τῆς
966 4239 1102 4294 κατᾶ
1158 4239 1286 4294 Θεὸν
1343 4234 1648 4306 πολιτείας,
1702 4233 1790 4288 καὶ
1846 4239 1948 4301 τῆς

373 4324 556 4380 ἐνθέου
588 4331 760 4395 ζωῆς.

298 4413 341 4470 δ’
422 4416 553 4487 Περὶ
655 4416 933 4488 Τιμοθέου
1007 4417 1097 4471 καὶ
1171 4413 1592 4494 Ἐπαφροδίτου,
1680 4409 1772 4474 οῦς
1846 4412 1948 4466 ἀπ-

368 4505 573 4560 έστειλε
605 4508 746 4578 πρὸς
777 4504 997 4569 αὐτοὺς.

298 4597 356 4652 ε’.
419 4595 548 4670 Περὶ
617 4600 986 4668 πνευματικοῦ
1043 4595 1168 4670 βίου
1223 4601 1319 4652 τοῦ
1381 4598 1455 4670 μή
1516 4597 1588 4658 ὡς
1645 4594 1698 4650 ἓν
1767 4593 1946 4668 σαρκὶ,

370 4682 430 4748 ὅς
454 4682 564 4740 ἐστι
601 4683 836 4757 μίμησις
874 4684 1106 4749 θανάτου
1132 4689 1390 4760 Χριστοῦ.

302 4780 364 4837 ς’.
399 4774 742 4847 Παραινὲσεις
771 4769 900 4828 ἴδιαι
932 4778 1094 4829 τινῶν
1122 4773 1211 4828 καὶ
1240 4775 1416 4829 κοιναὶ
1447 4775 1686 4829 πάντων.

631 5749 858 5804 PATr-Ul
882 5788 895 5802 .
941 5744 1050 5803 GR.
1099 5741 1352 5801 LXVIII.

2357 3689 2718 3744 EPISTOL/E
2750 3687 3071 3814 gAnggIL
3081 3690 3417 3744 IPPENSES

2066 3876 2166 3929 84
2201 3876 2223 3928 1
2283 3874 2601 3931 Gratiarum
2635 3876 2781 3928 actio
2805 3890 2912 3943 pro
2940 3875 3376 3943 Philippensium
3407 3875 3628 3941 virtute,
3661 3880 3711 3928 et

2137 3966 2314 4017 oratio
2341 3980 2443 4033 pro
2467 3964 2826 4032 perfectione.

2065 4058 2116 4109 2.
2154 4055 2410 4109 Narratio
2439 4067 2556 4108 sua:
2613 4052 2672 4106 in
2729 4051 3025 4106 certamine
3073 4054 3492 4107 conversationis
3525 4069 3712 4122 prom-

2129 4145 2326 4212 ptique
2354 4144 2547 4196 animi.

2064 4235 2115 4286 3.
2149 4231 2484 4287 Exhortatio
2540 4231 2613 4286 ad
2665 4232 3125 4285 conversationem
3180 4231 3472 4284 secundum
3539 4231 3710 4285 Deum

2133 4321 2413 4390 vitamque
2443 4319 2710 4374 divinam.

2063 4413 2115 4464 4.
2150 4412 2224 4464 De
2283 4409 2556 4463 Timotheo
2613 4415 2664 4464 et
2731 4407 3130 4477 Epaphrodito,
3217 4422 3352 4476 quos
3431 4405 3581 4460 misit
3637 4407 3710 4460 ad

2134 4501 2278 4555 illos.

2062 4593 2115 4644 5.
2150 4593 2224 4646 De
2251 4588 2536 4660 spirituali
2591 4591 2707 4642 vita
2739 4602 2867 4657 qua?
2905 4603 3015 4640 non
3063 4587 3281 4655 degitur
3336 4593 3602 4655 tanquam
3649 4587 3708 4639 in

2135 4697 2322 4747 carne,
2357 4693 2486 4750 quae
2513 4685 2588 4733 est
2621 4679 2862 4732 imitatio
2893 4675 3084 4731 mortis
3124 4674 3351 4732 Christi.

1972 4747 2018 4811 D
2053 4776 2104 4826 6.
2139 4747 2388 4840 Proprié
2420 4768 2492 4824 ad
2539 4767 2806 4837 quosdam
2857 4765 3263 4820 exhortationes
3313 4771 3361 4820 et
3406 4780 3710 4820 communes

2124 4860 2197 4913 ad
2236 4873 2418 4913 omnes
2431 4898 2442 4913 .

3403 5727 3482 5786 40
