4072 6266
456 334 613 397 1289

1535 328 1949 391 CECUMENH
1992 330 2300 392 TBICGAI
2343 333 2697 396 EPISCOPI

3695 335 3813 399 1260

457 471 3808 501 “mw

1218 622 3112 759 ΠΑΥΛΟΥᾈΑΠΟΣΤΟΛΟΥ

995 856 1075 952 Η
1218 852 1540 954 ΠΡΟΣ
1657 853 2572 956 ΦΙΛῙΙΙΠΗΣΙΟΥΣ
2658 858 3339 957 ΕΠΙΣΤΟΛΗ.

1571 1196 1979 1324 PAULI
2097 1200 2748 1326 APOSTOLI

1231 1404 1392 1497 AD
1474 1403 2370 1501 PHILIPPENSES
2437 1406 3067 1504 EPISTOLA.

522 1755 617 1813 σε
653 1756 698 1821 Ι,
733 1758 783 1820 l,
815 1757 868 1808 2.
917 1772 947 1803 η
989 1751 1207 1808 Paulus
1251 1767 1318 1808 ac
1366 1752 1707 1809 Timotheus
1763 1752 1915 1809 servi
1956 1752 2094 1808 Jesu

2278 1750 2498 1817 Παῦλος
2559 1754 2647 1809 καὶ
2716 1752 3006 1828 Τιμόθεος,
3078 1752 3270 1812 δοῦλοι

456 1863 483 1896 ε
515 1843 730 1900 Christi
760 1840 1037 1897 omnibus
1062 1840 1283 1896 sanctis
1308 1840 1376 1896 in
1407 1836 1638 1896 Christo
1667 1841 1805 1896 Jesu
1836 1839 1936 1912 qui
1961 1844 2101 1897 sunt

457 1947 481 1985 α
515 1931 805 2003 Philippis
835 1946 956 1986 una
984 1945 1120 1986 cum
1150 1929 1445 2001 episcopis
1475 1946 1543 1984 ac
1574 1929 1862 1998 diaconis,
1912 1927 2103 2001 gratia

453 2043 482 2073 «
504 2020 669 2076 vobis
685 2026 742 2074 et
762 2036 875 2091 pax
896 2036 931 2075 a
952 2019 1068 2073 Deo
1094 2018 1260 2073 Patre
1288 2022 1345 2071 et
1366 2017 1614 2072 Domino
1638 2018 1665 2072 J
1673 2033 1775 2072 esu
1798 2016 2053 2072 Christo.
2068 2038 2098 2068 ››

527 2198 643 2253 Hac
673 2192 926 2269 epistola
958 2202 1239 2267 tanquam
1271 2195 1346 2251 ad
1376 2212 1476 2251 eos
1509 2196 1798 2262 scribens.
1832 2196 1932 2267 qui
1973 2189 2101 2267 pari

453 2291 623 2343 erant
678 2286 739 2342 in
789 2286 1037 2350 honore,
1096 2302 1265 2341 suam
1324 2302 1445 2341 non
1503 2286 1674 2358 ponit
1730 2286 2102 2359 dignitatem,

450 2390 664 2447 nempe
696 2374 1117 2447 apostolatum,
1153 2375 1257 2431 sed
1315 2375 1620 2431 communi
1669 2375 1940 2431 omnium
1987 2391 2099 2430 no-

450 2465 610 2520 mine
640 2479 784 2520 usus
814 2469 925 2520 est.
959 2465 1196 2531 Servus,
1222 2464 1439 2536 inquit.
1467 2466 1606 2521 Jesu
1626 2464 1865 2520 Christi.
1893 2485 1922 2515 α
1949 2464 2101 2518 San-

449 2555 561 2611 ctis
578 2555 640 2610 in
662 2555 896 2611 Christo
917 2556 1075 2611 Jesu.
1097 2580 1124 2606 η
1150 2556 1332 2610 Erant
1353 2555 1513 2611 enim
1537 2560 1597 2611 et
1622 2555 1806 2611 Judaei
1838 2555 2103 2610 dicentes

452 2661 516 2700 se
545 2657 677 2701 esse
709 2650 947 2701 sanctos
975 2661 989 2710 ;
1021 2645 1127 2701 sed
1156 2645 1278 2700 illis
1308 2645 1392 2700 ait
1422 2644 1524 2716 qui
1581 2651 1722 2701 sunt
1760 2645 1821 2700 in
1872 2645 2103 2699 Christo

452 2735 607 2792 Jesu.
651 2757 679 2784 ‹‹
713 2736 859 2790 Cum
916 2735 1208 2806 episcopis
1262 2741 1321 2790 et
1377 2734 1662 2790 diaconis.
1700 2755 1728 2783 υ
1786 2736 1971 2798 Quam
2029 2733 2104 2788 ob

456 2838 697 2881 causam
730 2823 827 2879 hic
853 2823 1012 2878 clero
1062 2823 1288 2891 scribit,
1338 2839 1474 2878 cum
1509 2822 1569 2877 id
1616 2839 1722 2896 pro
1770 2839 1936 2878 more
1982 2838 2104 2878 non

454 2911 715 2970 habent?
743 2913 891 2977 Quia
914 2918 975 2968 et
1004 2912 1090 2968 illi
1124 2928 1195 2967 ex
1236 2912 1395 2967 clero
1445 2917 1614 2968 erant
1661 2911 1761 2982 qui
1810 2904 2105 2983 Epaphro-

457 3001 648 3058 ditum
680 3017 816 3057 cum
846 3002 1024 3057 rebus
1079 3001 1153 3058 ad
1203 3006 1474 3072 sumptus
1516 3001 1873 3057 necessariis
1920 3001 2103 3056 mise-

453 3096 607 3148 rant.
639 3112 670 3141 ‹‹
702 3094 849 3148 Cum
879 3091 1192 3163 episcopis.
1230 3112 1253 3140 ρ
1291 3092 1417 3146 Non
1448 3089 1605 3161 quod
1636 3090 1698 3145 in
1732 3105 1851 3145 una
1872 3089 2105 3144 civitate

453 3179 622 3236 multi
654 3185 853 3236 essent
875 3178 1159 3251 episcopi.
1193 3179 1298 3235 sed
1328 3179 1642 3250 episcopos
1671 3182 1840 3235 vocat
1856 3177 2100 3249 presby-

453 3274 610 3326 teros
638 3286 651 3324 :
685 3275 827 3324 tunc
857 3269 1016 3324 enim
1047 3268 1396 3324 nominibus
1442 3267 1637 3324 adhuc
1686 3267 2101 3323 communica-

447 3357 632 3414 bent:
668 3362 727 3413 et
754 3357 1015 3428 episcopi
1045 3356 1406 3413 vocabantur
1458 3357 1692 3412 diaconi
1743 3373 1813 3413 ac
1861 3356 2103 3429 presby-

448 3447 584 3514 teri.
617 3461 974 3516 rursumque
999 3446 1329 3517 presbyteri
1362 3445 1713 3501 dicebantur
1743 3445 2025 3518 episcopi.

1118 3551 1350 3606 CAPUT
1388 3552 1429 3606 l.

449 3640 552 3696 60
585 3640 906 3697 Gratiarum
945 3642 1093 3724 actio
1142 3656 1247 3713 pro
1294 3638 1741 3724 Philippensium
1788 3642 2011 3706 virtute,
2053 3645 2104 3694 et

930 3712 1109 3766 oratio
1128 3712 1236 3782 pro
1260 3712 1619 3783 perfectione.

523 3823 568 3889 Ι,
600 3824 716 3877 3-5.
751 3845 777 3870 ‹‹
815 3819 1040 3876 Gratias
1071 3836 1176 3892 ago
1214 3820 1328 3874 Deo
1360 3834 1493 3873 meo
1520 3818 1579 3872 in
1612 3819 1773 3873 omni
1814 3819 2104 3877 memoria

462 3930 488 3965 ι
523 3910 698 3966 vestri
731 3926 966 3980 semper
996 3909 1055 3963 in
1088 3907 1251 3962 omni
1282 3906 1622 3977 precatione
1653 3924 1785 3963 mea
1824 3925 1929 3978 pro
1975 3925 2104 3963 om-

460 4021 489 4050 ‹‹
523 3999 699 4055 nibus
728 3998 913 4065 vobis,
941 4013 1073 4053 cum
1107 3995 1320 4068 gaudio
1353 3990 1756 4068 precationem
1787 3994 2007 4052 iaciens
2029 3997 2103 4053 ob

456 4086 774 4143 «vestram
831 4080 1429 4142 communicationem
1486 4080 1559 4140 ad
1621 4079 2022 4157 Evangelium,
2072 4103 2107 4142 a

458 4200 486 4228 α
518 4177 712 4248 primo
745 4176 839 4232 die
868 4192 1055 4247 usque
1088 4175 1160 4230 ad
1190 4175 1303 4230 hoc
1332 4179 1567 4247 tempus
1599 4196 1649 4228 ››.

526 4266 813 4332 Quoniam
831 4266 905 4321 ad
927 4265 1203 4319 virtutem
1230 4258 1749 4335 profecerantcum
1781 4258 2103 4335 gratiarum

449 4359 681 4415 actione
712 4357 786 4412 ad
820 4358 1001 4411 Deum
1024 4354 1280 4410 faciebat
1300 4354 1566 4425 ipsorum
1590 4348 1956 4408 memoriam.
1985 4378 2013 4405 ‹‹
2040 4357 2103 4410 In

450 4449 613 4504 omni
654 4447 942 4504 memoria
998 4444 1198 4501 vestri.
1234 4468 1261 4495 ››
1321 4440 1824 4514 Quandocumque,
1887 4446 2100 4516 inquit,

449 4537 718 4605 memini,
742 4537 960 4610 gratias
982 4552 1109 4608 ago,
1132 4551 1368 4605 semper
1392 4538 1589 4589 autem
1612 4534 1879 4591 memini.
1904 4556 1932 4583 «
1957 4534 2101 4589 Cum

449 4627 684 4700 gaudio.
714 4647 734 4673 ι
771 4622 1071 4697 Contingit
1100 4622 1258 4679 enim
1289 4637 1422 4678 cum
1453 4638 1701 4677 mmrore
1732 4620 2097 4688 meminisse,

449 4721 517 4771 ut
547 4721 636 4772 est
665 4716 727 4771 in
759 4715 851 4769 his
882 4714 985 4784 qui
1016 4705 1183 4786 probi
1210 4729 1334 4768 non
1365 4717 1522 4768 sunt.
1555 4707 1649 4765 Ait
1706 4709 1865 4765 enim
1917 4709 2057 4766 alibi
2084 4727 2096 4764 :

451 4808 573 4860 «Ex
591 4805 780 4860 multa
802 4803 1127 4859 afﬂictione
1152 4807 1210 4857 et
1230 4796 1526 4857 anxietate
1550 4794 1747 4856 cerdis
1766 4796 1972 4872 scripsi
1994 4816 2099 4854 vo-

448 4894 541 4949 bis
564 4892 604 4948 ί.
641 4914 669 4942 ››
701 4893 902 4963 Itaque
936 4908 1072 4947 cum
1102 4892 1316 4963 gaudio
1362 4890 1710 4945 memoriam
1758 4882 1977 4944 habere
2022 4888 2095 4942 si-

445 4999 627 5056 gnum
651 4984 779 5036 erat
796 4981 1029 5036 virtutis
1052 4980 1312 5035 illorum.
1329 5002 1355 5029 ιι
1374 4978 1781 5034 Precationem
1800 4978 2042 5032 faciens.
2068 4998 2095 5027 »

444 5074 515 5129 Et
536 5070 940 5145 precationem
969 5070 1193 5125 faciens
1225 5069 1297 5124 ob
1328 5075 1579 5124 vestram
1613 5066 2098 5122 communicatio-

444 5177 584 5216 nem
615 5161 732 5215 sive
766 5159 1231 5231 eleemosynam.
1264 5159 1474 5223 Quare,
1510 5155 1723 5226 inquit,
1756 5154 1973 5228 gratias
1990 5170 2097 5226 ago

442 5249 582 5305 Deo.
639 5249 722 5304 Ob
776 5247 1380 5304 communicationem
1468 5251 1743 5301 vestram.
1823 5245 2096 5316 Magnum

443 5337 731 5407 quiddam
762 5342 821 5393 et
851 5336 1243 5409 apostolicum
1275 5352 1423 5407 opus
1455 5335 1527 5389 de
1561 5335 1646 5389 eis
1678 5338 1948 5389 testatur.
2003 5332 2099 5387 Ait

442 5427 645 5482 enim:
677 5429 722 5480 A
765 5431 1034 5498 tempore
1065 5442 1181 5496 quo
1214 5424 1549 5480 credidistis
1575 5438 1764 5493 usque
1812 5420 1887 5476 ad
1934 5420 2096 5476 hunc

442 5513 602 5569 diem
634 5515 838 5570 omnia
865 5515 1059 5571 facitis
1088 5519 1153 5570 ut
1182 5514 1244 5568 in
1275 5512 1590 5587 Evangelio
1621 5509 2095 5574 communicetis,

499 5627 531 5708 _‘
565 5629 589 5682 Ι
618 5629 751 5683 Cor.
785 5646 845 5695 ιι,
879 5630 929 5683 4.

3364 1748 3551 1826 Ἰησοῦ
3611 1760 3836 1836 Χριστοῦ,

2208 1844 2338 1895 πᾶσι
2414 1841 2530 1903 τοῖς
2606 1842 2781 1917 ἁγίοις
2859 1843 2914 1901 ἐν
2991 1840 3213 1920 Χριστῷ
3287 1842 3475 1917 Ἰησοῦ
3550 1853 3666 1912 τοῖς
3716 1846 3834 1903 οὖσιν

2211 1926 2264 1983 ἰν
2342 1925 2647 1993 Φιλίπποις
2750 1931 2844 1986 σὺν
2948 1932 3267 1997 ἐπισκόποις
3369 1936 3465 1991 καὶ
3576 1930 3835 2005 διακόνοις,

2212 2019 2373 2094 χάρις
2408 2018 2535 2092 ὑμῖν
2569 2021 2655 2075 καὶ
2688 2020 2874 2098 εἰρήνη
2930 2018 3037 2078 ὰπὸ
3094 2026 3228 2079 Θεοῦ
3290 2026 3508 2100 [ἰατρὸς
3564 2025 3717 2099 ἡμῶν
3764 2022 3836 2079 καὶ

2212 2104 2410 2184 Κυρίου
2442 2109 2619 2179 Ἰησοῦ
2649 2111 2905 2185 Χριστοῦ.

2282 2199 2539 2263 Ἐνταῦθα
2591 2198 2668 2264 ὠς
2709 2200 2845 2275 πρὸς
2897 2201 3206 2275 ὁμοτίμους
3263 2196 3634 2276 ἓπιστὲλλων,
3692 2202 3750 2260 οὗ
3776 2201 3837 2258 τί·

2211 2289 2366 2355 θησιν
2424 2287 2592 2343 αὐτοῦ
2647 2284 2709 2342 τὸ
2757 2284 2971 2363 ἀξίωμα
3023 2291 3294 2359 τουτέστι,
3349 2292 3459 2362 τήν
3538 2288 3837 2361 ἀποστολὴν,

2209 2372 2358 2432 ἀλλὰ
2383 2381 2465 2449 τῷ
2502 2381 2672 2450 κοινῷ
2730 2376 2946 2434 πάντων
3007 2378 3232 2452 ὀνόματι
3289 2382 3587 2458 κέχρηται.
3646 2378 3837 2452 Δοῦλος,

2210 2465 2402 2544 φησὶν,
2460 2466 2641 2536 Ἰησοῦ
2696 2470 2961 2543 Χριστοῦ.
3025 2491 3055 2523 α
3111 2472 3247 2531 Τοῖς
3302 2470 3483 2544 ἁγίοις
3542 2465 3593 2527 ὲν
3655 2470 3836 2546 Χριστῷ

2209 2557 2412 2627 Ἰησοῦ.
2447 2579 2475 2605 ι)
2504 2551 2675 2613 Ἦσαν
2724 2557 2830 2634 γὰρ
2885 2557 2974 2613 καὶ
3033 2554 3288 2615 Ἰουδαῖοι
3341 2554 3600 2635 λέγοντες
3647 2553 3832 2622 tanaim

2212 2644 2419 2720 ἁγίους,
2451 2640 2597 2700 ἀλλὰ
2636 2648 2765 2710 Τοῖς
2831 2645 2884 2701 ἐν
2939 2649 3163 2722 Χριστῷ
3216 2648 3428 2718 Ἰησοῦ,
3490 2646 3642 2728 φησί.
3696 2646 3832 2702 «Σὺν

2212 2731 2527 2796 ἐπισκόποις
2605 2734 2696 2790 καὶ
2785 2732 3077 2798 διακόνοις.
3136 2759 3166 2787 ››
3241 2737 3307 2794 Τί
3362 2730 3579 2809 δήποτε
3631 2734 3726 2793 ὦδε
3771 2740 3831 2809 τῷ

2211 2814 2407 2895 κλήρῳ
2438 2820 2655 2901 γράφει,
2684 2818 2782 2876 οὐκ
2813 2816 2955 2899 ἔχων
2987 2817 3106 2884 ἔθος
3134 2844 3149 2893 ς
3184 2822 3306 2881 Ὀτι
3337 2816 3498 2880 uinci
3562 2827 3611 2879 οἱ
3658 2819 3831 2897 κλῃρι-

2210 2910 2295 2964 κοὶ
2328 2908 2462 2978 ἦσαν
2492 2908 2585 2965 τὸν
2637 2906 2992 2987 Ἐαφρὸδιτον
3049 2910 3359 2987 πέμψαντες
3422 2910 3519 2967 σὺν
3568 2914 3683 2973 τοῖς
3730 2908 3829 2965 ἀνα-

2213 2992 2485 3071 λώμασιν.
2521 3022 2549 3049 ‹‹
2598 2996 2701 3052 Σὺν
2760 2993 3099 3062 ἐπισκόποις.
3134 3025 3162 3053 ››
3221 2995 3338 3058 Οὔκ
3389 2994 3585 3072 ἐπειδὴ
3643 2996 3690 3056 ἔν
3750 3001 3829 3073 μιᾷ

2138 3122 2184 3187 Β
2212 3083 2387 3187 πόλει,
2402 3083 2607 3187 πολλοὶ
2639 3082 2773 3187 ἦσαν
2810 3080 3123 3161 ἐπίσκοποι,
3179 3085 3310 3143 ἀλλ’
3353 3087 3689 3150 ἐπισκόπους
3731 3084 3833 3145 τοὺς

2215 3163 2613 3249 πρεσϐυτέρους
2654 3167 2834 3231 καλεῖ.
2884 3173 3022 3232 Τότε
3072 3174 3171 3253 γὰρ
3226 3172 3306 3231 ἔτι
3365 3172 3687 3233 ἰκοινώνουν
3743 3175 3834 3236 τοῖς

2215 3261 2465 3333 ὀνόμασι,
2497 3262 2585 3317 καὶ
2620 3258 2672 3317 oi
2712 3256 3000 3319 ἐπίσκοποι
3060 3260 3298 3320 διάκονοι
3352 3265 3445 3321 καὶ
3506 3261 3836 3343 πρισόὖτεροι

2209 3343 2506 3407 ἐκαλοῦντο
2558 3346 2649 3406 καὶ
2678 3346 2797 3407 τὸέ
2919 3349 2954 3409 λ
3071 3353 3091 3407 ἱ
3226 3346 3322 3408 σ6·’
3519 3349 3545 3411 ἔ
3595 3349 3612 3409 ί

2515 3394 2529 3420 ,
2800 3375 2916 3427 μπα
2963 3371 3007 3407 ιν
3041 3375 3069 3408 ο
3120 3373 3220 3429 πρε
3301 3373 3482 3430 δτεροι
3551 3374 3804 3412 πσκοποι.

2842 3540 3099 3599 ΚΕΦΑΛ.
3142 3538 3214 3599 Δ³⁵

2211 3627 2547 3707 Εὒχαριστία
2630 3630 2762 3705 ὑπὲρ
2804 3633 2943 3710 .τῇς
2999 3623 3421 3710 ,Φιλιππησίων
3497 3631 3709 3710 ἀρετῆς,
3754 3628 3826 3685 καὶ

2768 3699 2905 3777 εὐχὴ
2936 3699 3292 3775 τελειώσεως,

2287 3811 2613 3885 Εὐχαριστῶ
2684 3807 2764 3881 τῷ
2847 3809 2963 3881 Θεῷ
3051 3830 3154 3883 μου
3217 3809 3306 3865 ἐπὶ
3376 3811 3525 3887 πάσῃ
3580 3817 3646 3886 τῇ
3702 3808 3827 3884 μνείᾳ

2213 3898 2368 3973 ὑμῶν
2428 3898 2655 3954 πάντοτε
2734 3896 2787 3953 ἐν
2841 3894 2986 3975 πάσῃ
3047 3896 3225 3970 δεήσει
3283 3923 3393 3975 μου
3452 3902 3589 3975 ὑπὲρ
3643 3900 3828 3957 «ivssu

2215 3989 2392 4061 ὑμῶν,
2437 3988 2570 4061 μετὰ
2631 3992 2804 4062 χαρᾶς
2857 3989 2958 4056 τὴν
3018 3986 3199 4058 δέησιν
3254 3990 3592 4065 ποιούμενος
3640 3988 3723 4046 ἐπὶ
3770 3992 3826 4059 τῇ

2210 4072 2458 4149 κοινονίᾳ
2512 4075 2665 4149 ὑμῶν
2723 4075 2802 4137 εἷς
2854 4077 2920 4132 τὸ
3002 4074 3359 4154 Εὗαγγὲλιον,
3452 4080 3561 4136 ἀπὸ
3632 4078 3827 4155 πρώτης

2212 4166 2425 4241 ἡμέρας
2454 4165 2586 4240 ἄχρι
2610 4169 2708 4220 τοῦ
2738 4170 2851 4223 νῦν.

2285 4248 2509 4322 Ἐπειδή
2536 4252 2674 4321 ἦσαν
2707 4253 2783 4315 εἰς
2835 4252 3030 4329 ἀρετὴν
3076 4256 3472 4330 προκόψαντος,
3521 4257 3653 4331 μετὰ
3694 4253 3827 4333 εὐχα-

2215 4342 2422 4417 ριστίας
2455 4347 2553 4410 τῆς
2586 4341 2661 4404 εἷς
2702 4342 2831 4397 Θεὸι
2889 4340 3167 4417 ἐμέμνητο
3225 4345 3425 4403 αὐτῶν.
3486 4368 3518 4400 ιι
3549 4344 3664 4403 Ἐπὶ
3708 4343 3826 4415 πάσῃ

2212 4428 2281 4505 τῇ
2319 4429 2474 4504 μνείᾳ
2508 4430 2680 4502 ὑμῶν.
2718 4451 2745 4482 »
2773 4431 2966 4494 Καθὼς
3028 4431 3091 4487 ἄν
3151 4433 3396 4507 μνησθῷ,
3453 4436 3639 4513 φησῖν,
3686 4428 3823 4507 αὖχα-

2214 4523 2402 4595 ριστῶ.
2438 4518 2671 4574 Πάντοτε
2701 4516 2778 4588 δὲ,
2814 4519 3123 4593 μέμνημαι.
3152 4547 3179 4575 ιι
3213 4525 3363 4579 Μιτὰ
3420 4529 3616 4601 χαρᾶς.
3656 4544 3683 4575 ιι
3727 4522 3819 4575 "Eu

2208 4607 2433 4686 γὰρκαὶ
2466 4608 2604 4681 μετᾶ
2633 4606 2813 4679 λύπης
2867 4607 3169 4682 μεμνῆσθαι
3224 4612 3315 4668 ἐπὶ
3368 4618 3478 4669 τῶν
3541 4614 3615 4687 μή
3669 4605 3819 4682 εναρέ-

2208 4718 2338 4755 των.
2378 4723 2397 4749 ι
2434 4699 2529 4754 Ἐκ
2558 4697 2662 4773 γὰρ
2724 4692 2982 4772 θλίψεως,
3043 4698 3205 4778 φησιν
3255 4700 3533 4778 ἀλλαχοῦ,
3588 4699 3675 4757 καί
3720 4717 3818 4752 σον·

2210 4795 2352 4866 οχῆς
2383 4785 2629 4861 καρδίας,
2660 4781 2874 4865 ἔγραψα
2905 4790 3055 4861 ὑμῖν.
3090 4808 3116 4843 ν
3146 4792 3228 4848 Τὸ
3260 4792 3447 4864 μὲότοι
3498 4790 3631 4865 μιτὰ
3674 4786 3817 4863 χιρἇζ

2214 4878 2541 4949 μεμνῆσθαι,
2573 4881 2800 4950 σημεῖον
2850 4877 2917 4948 ἦν
2971 4882 3071 4949 τῆς
3131 4879 3349 4936 ἐκείνων
3400 4881 3611 4957 ἀρενῆς.
3668 4900 3694 4932 ι
3725 4877 3817 4941 Τὴν

2209 4962 2390 5035 δέησιν
2421 4963 2770 5038 ποοιύμενος.
2805 4989 2834 5017 »
2866 4967 2964 5021 Καὶ
3001 4969 3100 5037 τήν
3162 4967 3344 5041 δέησιν
3385 4970 3704 5042 ποιούμενος
3745 4959 3814 5017 ἐπὶ

2205 5057 2275 5129 τῇ
2306 5053 2557 5125 κοινωνίᾳ
2582 5054 2758 5127 ὒμῶν,
2788 5052 2957 5129 ἤγουν
2989 5060 3058 5131 τῇ
3098 5055 3465 5134 ὲλεημοσῦνῃ.
3510 5059 3578 5115 Τί
3631 5054 3816 5129 εὔχαρι·

2209 5148 2341 5211 στῶ,
2365 5143 2521 5220 φησὶ,
2552 5147 2630 5213 τῷ
2659 5146 2809 5216 Gali»;
2845 5144 2971 5202 Ἐπὶ
3001 5143 3073 5220 τῇ
3102 5149 3362 5219 κοινωνίᾳ
3390 5149 3555 5220 ὑμῶν.
3606 5142 3748 5217 Μέγα
3771 5159 3811 5193 τι

2206 5232 2297 5287 καὶ
2354 5229 2718 5287 ἀποστολικὸν
2780 5235 2966 5296 αὐτοῖς
3025 5241 3308 5312 μαρτυρεῖ.
3357 5237 3499 5304 “Ou,
3551 5230 3723 5308 φησὶν,
3770 5225 3810 5295 ἕξ

2208 5322 2270 5377 οὗ
2329 5318 2674 5376 ἐπιστεύσατε
2743 5321 2907 5397 μέχρι
2983 5325 3074 5378 καὶ
3157 5328 3272 5395 νῦν,
3341 5324 3507 5381 πάντα
3585 5320 3809 5396 πράττετε

2206 5411 2341 5485 πρὸς
2393 5410 2456 5464 τὸ
2510 5409 2766 5465 κοινωνοὶ
2824 5411 3071 5485 γενέσθαι
3128 5416 3223 5469 τοῦ
3277 5411 3623 5488 Εὖαγγελίου.
3681 5413 3809 5477 Συμ-

2205 5498 2468 5574 παρόντες
2520 5496 2605 5553 ἀεί
2666 5519 2785 5572 μοι,
2835 5500 2991 5577 φησὶ,
3049 5507 3130 5576 τῷ
3184 5499 3532 5559 ἀποστέλλειν
3584 5498 3644 5554 τὰ
3692 5494 3803 5569 πρὸς
