4072 6266
204 362 359 425 1261

1258 356 1679 419 COMMENT.
1725 354 1801 416 IN
1845 353 2092 416 EPIS’I‘.
2126 355 2228 417 AD
2261 356 2547 418 PHlLlP.

3469 353 3623 415 1262

199 493 304 562 τήν
336 487 546 571 χρείαν.
584 513 613 544 ι(
645 487 938 560 Κοινωνίᾳ.
977 511 997 539 ι
1023 484 1162 560 Ποίᾳ
1188 503 1204 556 ;
1237 488 1321 561 Τῇ
1353 485 1460 542 ἀπὸ
1488 481 1861 561 πρώτηςήμέ-

1990 486 2122 543 mihi
2156 504 2392 560 semper
2422 488 2768 561 praesentes,
2791 483 3003 555 inquit,
3039 484 3349 540 mittentes
3366 501 3496 559 quae
3529 503 3628 543 ne-

201 602 299 658 ρας
374 580 423 650 ἐξ
474 581 543 649 ἧς
598 578 964 649 ἐπιστεύσατε,
1065 576 1256 657 φησὶν,
1360 572 1494 652 ἄχρι
1588 578 1687 630 τοῦ
1744 578 1860 631 νῦν.

203 696 231 724 ιι
298 670 425 728 Ἐπὶ
483 675 553 746 τῇ
612 672 709 734 εἲς·
764 669 828 724 τὸ
889 665 1229 742 Εὐαγγέλιον
1283 665 1540 736 κοινωνίᾳ
1599 666 1773 738 ὑμῶν.
1839 688 1859 714 ι

204 792 275 803 —-
308 762 522 837 [ΦΩΤ.]
564 762 642 819 Τὸ
676 757 755 831 δὲ,
785 755 927 814 Ἀπὸ
965 757 1190 832 πρώτης
1244 753 1477 829 ἡμέρας,
1509 755 1569 825 ἢ,
1601 756 1727 812 ’Ότι
1759 752 1865 808 ἀπὸ

211 849 442 926 πρώτης
472 847 687 923 ἡμέρας
729 847 817 926 ἀφ’
868 844 930 900 οὗ
979 843 1325 900 ἐπιστεύσατε
1383 841 1548 917 μέχρι
1601 846 1698 897 τοῦ
1751 845 1864 910 νῦν,

209 938 525 1014 εὐχαριστῶ
579 942 659 1011 τῷ
718 939 834 1008 Θεῷ
871 954 997 1008 μου,
1058 933 1189 1005 ὑπὲρ
1244 932 1459 988 πάντων
1513 929 1689 1003 ὑμῶν,
1732 929 1868 1002 μετὰ

212 1032 392 1104 χαρᾶς
419 1029 520 1097 τὴν
550 1022 730 1097 δέησιν
763 1022 1123 1097 ποιούμενος·
1155 1019 1216 1093 ἤ,
1249 1022 1371 1079 Ἐπὶ
1393 1024 1462 1094 τῇ
1491 1019 1567 1082 εἷς
1595 1020 1658 1075 τὸ
1689 1019 1866 1096 Εὐαγ-

205 1116 398 1192 γέλιον
427 1114 686 1187 κοινωνίᾳ
726 1115 901 1189 ὑμῶν,
950 1116 1019 1187 τῇ
1079 1110 1184 1168 ἀπὸ
1240 1111 1465 1186 πρώτης
1504 1109 1710 1183 ἡμέρας
1771 1111 1870 1183 μὲ-

208 1224 307 1282 χρι
339 1209 437 1260 τοῦ
465 1209 557 1259 νῦν
590 1196 998 1275 διακονουμένῃ.
1031 1205 1223 1259 ’Ἐοικε
1253 1196 1311 1254 δὲ
1349 1199 1411 1254 τὸ
1469 1197 1659 1278 ἐφεξῆς
1721 1196 1867 1271 μᾶλε

207 1292 307 1350 λον
328 1297 398 1368 τῇ
430 1289 667 1369 προτέρᾳ
700 1288 911 1365 ἐκδοχῇ
941 1294 1275 1366 συμφωνεῖν.
1310 1292 1433 1351 Ιιῶς
1464 1287 1567 1365 γάρ
1625 1286 1719 1342 ἀπ’
1768 1286 1866 1361 ἀρ·-

205 1390 320 1460 χῆς
353 1381 732 1461 ηὐχαρίστεις,
769 1382 938 1453 μήπω
973 1374 1367 1456 βεϐαιωθέντας
1417 1375 1507 1433 ἐπὶ
1563 1380 1633 1450 τῇ
1668 1396 1865 1432 κοινω-

201 1472 296 1544 νίᾳ
324 1469 456 1527 ΐδών
493 1490 508 1541 ;
544 1469 851 1540 Πεποιθὼς,
883 1468 1068 1545 φησὶν,
1130 1466 1214 1523 ὅτι
1274 1466 1303 1521 ὁ
1355 1464 1612 1536 τοιαύτην
1663 1465 1867 1537 πρόουο

209 1584 317 1637 μον
347 1563 438 1618 καὶ
470 1561 677 1637 Θέρμης
708 1561 985 1638 γέμουσαν
1029 1556 1209 1634 ἀρχὴν
1242 1555 1432 1624 ἐνθεὶς,
1477 1554 1635 1615 αὐτὸς
1665 1553 1756 1610 καὶ
1789 1553 1865 1618 εἰς

200 1650 530 1721 τελειότητα
560 1644 721 1724 ἔργου
751 1643 952 1718 ταύτην
984 1644 1317 1723 προαγάγοι.

1973 575 2233 631 cessaris.
2264 580 2452 631 erant.
2484 600 2504 623 ι
2531 572 3163 631 Communicationem.
3189 593 3217 621 ››
3240 573 3419 639 Quam
3441 573 3468 627 ‘2
3489 574 3627 639 Quas

1976 664 2105 730 fuit,
2139 663 2352 737 inquit,
2384 681 2419 720 a
2455 663 2648 738 primo
2680 662 2774 719 die
2803 680 2919 736 quo
2950 662 3288 719 credidistis
3320 678 3508 734 usque
3552 662 3626 718 ad

1977 754 2088 809 hoc
2118 758 2371 827 tempus.
2405 774 2433 802 ‹‹
2476 753 2559 809 Ob
2615 758 2870 808 vestram
2920 751 3520 808 communicationem
3551 752 3625 808 ad

1977 844 2378 917 Evangelium.
2430 868 2453 896 ι
2503 843 2668 909 Quod
2698 848 2895 899 autem
2937 842 3020 898 ait
3066 858 3101 898 a
3136 842 3328 914 primo
3377 842 3494 910 die,
3526 847 3630 898 aut

1979 949 2190 989 sensus
2222 940 2311 989 est
2342 930 2500 1005 quod
2521 950 2556 988 a
2587 934 2777 1005 primo
2800 933 2895 987 die
2927 949 3042 1003 quo
3069 931 3406 987 credidistis
3434 948 3622 1005 usque

1978 1022 2051 1078 ad
2081 1022 2193 1077 hoc
2248 1028 2480 1094 tempus
2537 1023 2756 1096 gratias
2812 1038 2940 1095 ago,
2992 1036 3096 1094 pro
3129 1020 3405 1077 omnibus
3460 1021 3624 1078 vobis

1978 1129 2112 1167 cum
2141 1113 2353 1186 gaudio
2387 1114 2793 1186 procationem
2824 1112 3087 1169 faciens:
3120 1117 3240 1179 aut,
3265 1112 3339 1168 ob
3369 1117 3627 1169 vestram
3666 1144 3672 1150 -

1977 1192 2579 1259 communicationem
2621 1202 2693 1257 ad
2725 1201 3105 1275 Evangelium
3136 1218 3268 1272 qum
3301 1201 3627 1257 subminis-

1977 1294 2168 1347 tratur
2197 1308 2230 1347 a
2260 1292 2450 1364 primo
2492 1291 2587 1347 die
2618 1307 2805 1362 usque
2836 1290 2909 1346 ad
2939 1290 3051 1346 hoc
3100 1295 3353 1361 tempus.
3388 1290 3631 1347 Videtur

1975 1383 2175 1434 autem
2223 1379 2283 1435 id
2340 1380 2499 1450 quod
2546 1380 2817 1451 sequitur
2872 1379 3058 1451 magis
3114 1396 3440 1435 consonum
3500 1396 3630 1436 esse

1975 1467 2159 1539 priori
2194 1468 2572 1541 expositioni.
2605 1470 2751 1524 Nam
2784 1468 3082 1540 quomodo
3115 1485 3150 1524 a
3176 1468 3467 1540 principio
3498 1485 3630 1542 gra-

1977 1557 2088 1613 tias
2119 1557 2354 1631 agebas,
2386 1558 2653 1615 nondum
2686 1558 3067 1614 conﬁrmatos
3119 1557 3193 1614 ob
3227 1559 3630 1616 communica-

1979 1646 2202 1703 tionem
2236 1648 2535 1705 intuitus?
2589 1648 2927 1716 Conﬁdens,
2978 1648 3193 1719 inquit,
3236 1649 3397 1720 quod
3444 1649 3494 1704 is
3524 1649 3626 1720 qui

206 1738 395 1796 talem
426 1737 610 1795 animi
640 1734 1175 1810 promptitudinem
1204 1733 1300 1789 61
1332 1748 1402 1789 ac
1432 1730 1672 1788 initium
1701 1729 1928 1787 fervore
1955 1732 2202 1803 plenum
2236 1735 2554 1806 indiderat,
2587 1733 2715 1808 ipse
2745 1751 2982 1807 quoque
3012 1735 3124 1790 hoc
3154 1733 3229 1790 ad
3258 1736 3454 1808 cperis
3490 1753 3623 1808 per—

205 1828 534 1884 fectionem
564 1825 960 1898 perducturus
987 1828 1163 1879 esset.

287 1916 573 1978 Ηεποιθὼς
606 1910 664 1968 δὲ
690 1911 823 1968 αὐτὸ
847 1915 1036 1982 τοῦτο,
1067 1909 1151 1965 ὅτι
1181 1911 1208 1965 6
1234 1907 1592 1983 ἐναρξάμενος
1648 1906 1701 1963 ἐν
1736 1908 1861 1981 ὑμῖν
1893 1911 1941 1976 Β

209 2002 372 2081 ἔργον
402 2001 605 2078 ἀγαθὸν
636 1999 932 2056 ἐπιτελέσει
963 1996 1127 2074 ἄχρις
1158 1998 1367 2071 ἡμέρας
1394 1998 1574 2068 Ἰησοῦ
1607 1999 1868 2071 Χριστοῦ,

210 2093 394 2155 καθώς
431 2090 544 2146 ἐστι
579 2087 785 2146 δίκαιον
817 2088 944 2163 ἐμοὶ
974 2092 1135 2144 τοῦτο
1177 2092 1391 2161 φρονεῖν
1462 2085 1595 2159 ὑπερ
1654 2085 1870 2139 πάντων

215 2183 373 2256 ὑμῶν
405 2178 495 2237 διὰ
523 2183 587 2235 10‘
614 2177 765 2259 ἔχειν
800 2199 869 2251 με
899 2176 952 2233 ἐν
978 2180 1047 2251 τῇ
1072 2171 1269 2249 καρδίᾳ
1326 2175 1490 2249 ὑμᾶς,
1547 2168 1601 2229 ἔν
1641 2194 1699 2229 τε
1754 2178 1871 2236 τοῖς

217 2271 443 2346 δεσμοῖς
477 2291 605 2345 μου,
636 2270 726 2325 καὶ
757 2267 809 2325 ἐν
836 2271 906 2343 τῇ
936 2266 1217 2342 ἀπολογίᾳ
1271 2264 1363 2322 καὶ
1433 2259 1721 2341 βεϐαιώσει
1773 2266 1872 2318 τοῦ

214 2357 1012 2438 Εὗαγγελίου,συγκοινωνούς
1061 2376 1167 2430 μου
1221 2361 1323 2423 τῆς
1383 2352 1611 2429 χάριτος
1668 2351 1871 2413 πάντας

214 2450 359 2526 ὑμᾶς
393 2443 568 2512 ὄντας.

295 2537 624 2613 Εὐχαριστῶ
657 2532 715 2591 δὲ
741 2536 820 2608 τῷ
851 2538 968 2607 Θεῷ
1002 2532 1090 2588 ἐπὶ
1144 2535 1214 2607 τῇ
1273 2532 1537 2604 κοινωνίᾳ
1567 2530 1743 2605 ὑμῶν,
1774 2549 1871 2585 πε-

225 2627 436 2688 ποιθὼς
499 2627 684 2694 τοῦτο,
746 2625 829 2680 δτι
889 2624 917 2679 ὁ
974 2622 1332 2696 ἐναρξάμενος
1390 2619 1441 2675 ἐν
1513 2620 1642 2695 ὑμῖν
1723 2615 1875 2694 ἔργον

220 2714 427 2789 ἀγαθὸν
472 2718 666 2782 ποιεῖν,
721 2716 884 2767 τοῦτο
943 2710 1033 2766 καὶ
1092 2700 1391 2765 ἐπιτελέσει
1445 2706 1537 2763 καὶ
1590 2704 1874 2781 πληρώσει

225 2803 360 2879 ἄχρι
402 2809 503 2872 τῆς
558 2798 887 2862 συντελείας.
941 2801 1080 2874 Ὃρα
1137 2795 1195 2853 δὲ
1243 2801 1360 2858 πῶς
1410 2796 1587 2852 πάντα
1643 2794 1731 2850 ἐπὶ
1780 2793 1873 2849 τὸν

220 2893 355 2948 Θεὸν
410 2892 696 2962 ἀνέθηκεν,
751 2887 844 2944 ’ίνα
904 2889 980 2962 μὴ
1039 2890 1277 2965 φρονῶσι
1340 2885 1475 2962 μέγα
1507 2928 1521 2953 ,
1582 2886 1734 2958 ὅμως
1786 2885 1877 2939 καὶ

225 2980 403 3045 οὕτως
435 2980 713 3059 ἐγκώμιον
748 2978 890 3055 μέγα
920 2980 982 3033 τὸ
1012 2974 1161 3040 ὅλως
1210 2977 1432 3055 ἰσχῦσαι
1489 2974 1876 3032 ἐπισπάσασθαι

216 3073 311 3127 τὸν
362 3069 494 3127 Θεὸν
559 3067 639 3134 εἷς
693 3068 757 3123 τὸ
816 3066 1051 3142 ἐνεργεῖν
1108 3064 1187 3127 εἷς
1269 3064 1489 3127 αὐτούς.
1543 3066 1717 3119 Τοῦτο
1773 3062 1877 3138 γὰρ

221 3159 348 3216 ἄνευ
410 3158 671 3234 μεγίστης
729 3155 926 3232 ἀρετῆς
986 3154 1087 3211 οὐκ
1138 3151 1200 3209 ἂν
1277 3151 1512 3231 ἐγένετο.
1575 3176 1597 3205 ι
1675 3152 1879 3227 Ἀχρις

216 3249 431 3326 ἡμέρας
473 3250 654 3320 Ἰησοῦ
679 3249 933 3323 Χριστοῦ.
979 3269 1006 3297 ››
1039 3244 1116 3305 Οὐ
1172 3245 1297 3321 περὶ
1355 3245 1509 3318 ὑμῶν
1559 3245 1688 3320 γὰρ,
1718 3242 1873 3323 φησὶ,

226 3338 394 3415 μόνον
433 3337 641 3415 θαρῥῶ,
665 3335 814 3393 ἀλλᾶ
841 3336 933 3391 καὶ
963 3335 1087 3409 περὶ
1118 3338 1226 3389 τῶν
1268 3332 1319 3407 ἐξ
1384 3335 1557 3407 ὑμῶν.
1593 3356 1622 3386 ‹‹
1678 3332 1871 3396 Καθώς

217 3427 336 3483 ἐστι
369 3423 600 3481 δίκαιον.
637 3448 665 3475 ››
717 3422 1008 3483 ΙΙεποιθὼς
1065 3421 1195 3476 αὐτὸ
1224 3424 1410 3488 τοῦτο,
1439 3420 1616 3481 καθώς
1650 3417 1765 3474 ἐστι
1795 3415 1873 3473 δί-

220 3537 401 3584 καιον,
476 3515 772 3583 τουτέστιν,
834 3509 1021 3581 ἐπειδὴ
1081 3509 1285 3566 δίκαιόν
1371 3509 1511 3565 ἐστιν
1597 3508 1721 3582 ἐμοὶ
1798 3512 1878 3580 τῷ

218 3600 470 3682 ἀκριϐῶς
526 3601 693 3660 εἰδότι
745 3602 813 3657 τὰ
867 3601 984 3665 καθ’
1043 3603 1212 3675 ἡμᾶς,
1264 3603 1428 3655 τοῦτο
1470 3604 1685 3678 φρονεῖν
1745 3597 1879 3670 ὑπὲρ

224 3698 447 3754 πάντων
480 3697 655 3771 ὑμῶν.
700 3698 916 3763 Ποῖον;
974 3695 1097 3750 Ὅτι
1151 3692 1179 3746 ὁ
1237 3689 1592 3766 ἐναρξάμενος
1648 3686 1698 3744 ἐν
1752 3688 1881 3761 ὑμῖν

231 3784 394 3863 ἔργον
423 3784 645 3862 ἀγαθὸν,
687 3782 989 3839 ἐπιτελέσει
1048 3780 1179 3837 αὐτὸ
1238 3777 1400 3857 ἄχρις
1457 3780 1668 3855 ἡμέρας
1699 3779 1882 3847 Ἰησοῦ

228 3878 508 3953 Χριστοῦ.
571 3898 597 3925 ι(
656 3876 830 3930 Τοῦτο
893 3875 1108 3949 φρονεῖν
1178 3868 1310 3942 ὑπὲρ
1373 3866 1587 3924 πάντων
1644 3868 1818 3941 ὑμῶν.
1853 3889 1882 3919 ››

227 3950 435 4041 Φρονεῖ
491 3963 594 4040 γΞιρ
651 3962 743 4018 καὶ
810 3959 1087 4037 λογίζεται
1144 3957 1316 4035 ἀγαθᾶ
1363 3957 1453 4012 καὶ
1515 3954 1731 4034 μεγάλα
1797 3950 1881 4009 δι-

230 4052 406 4109 ανῦειν
434 4050 561 4114 τοὺς
594 4049 864 4125 μαθητὰς,
897 4050 924 4104 6
969 4046 1218 4125 μεγάλην
1281 4042 1520 4115 σπουδὴν
1551 4046 1637 4099 καὶ
1696 4042 1882 4115 ἐπιμέο

234 4142 390 4199 λειαν
446 4139 521 4204 εἷς
581 4140 780 4201 αὐτοὺς
833 4131 1282 4207 καταϐεϐληκώς.
1342 4136 1414 4189 ’Ή
1498 4133 1703 4189 δίκαιον
1761 4130 1886 4205 ἐμοὶ

235 4233 403 4293 τοῦτο
434 4226 777 4306 λογίψεσοαι,
829 4230 910 4301 τῷ
963 4223 1221 4295 τοιαύτην
1290 4217 1474 4299 ἔχοντι
1506 4219 1741 4286 διάθεσιν
1769 4220 1888 4295 περὶ

243 4320 407 4393 ὑμᾶς,
441 4316 577 4373 ὥστε
612 4313 753 4390 μηΤέ
785 4315 834 4370 ἐν
863 4319 979 4374 τοῖς
1011 4310 1234 4386 δεσμοῖς
1279 4332 1384 4385 μου
1441 4306 1890 4375 ἐπιλανθάνεσθαι

241 4408 424 4481 ὑμῶν,
477 4405 605 4462 ἀλΛ⁹
665 4401 986 4479 ἐγκαρδίους
1042 4402 1125 4458 ἀεὶ
1201 4399 1527 4479 περιφέρειν.
1589 4399 1657 4456 Τί
1711 4397 1772 4454 δὲ
1827 4400 1889 4454 τὸ

242 4496 418 4553 α’ίτιον
446 4496 509 4552 τὸ
532 4490 845 4572 ἐγκαρδίους
889 4489 1086 4555 αὐτοὺς
1142 4490 1233 4546 καὶ
1262 4487 1661 4560 ἆνεπιλήστους
1692 4485 1839 4544 ἔχειν
1875 4507 1890 4558 ς

239 4589 363 4642 Ὅτι
415 4581 777 4662 συγκοινιυνοί
840 4602 967 4655 μου,
1026 4578 1182 4659 φησὶ,
1239 4585 1339 4648 τῆς
1381 4576 1607 4657 χάριτός
1640 4577 1793 4631 εἰσιν-

239 4682 345 4746 τῆς
405 4672 494 4730 διὰ
550 4672 781 4735 πίστεως
838 4667 1351 4745 ἐπιχορηγουμένης
1418 4666 1602 4729 αὐτοῖς
1650 4687 1890 4739 πνευμα-

238 4770 404 4834 τικῆς
469 4759 694 4838 δωρεᾶς,
778 4758 1025 4823 ποκίλως
1080 4756 1266 4820 αὐτοῖς
1323 4751 1709 4832 ἐνεργουμένης
1745 4755 1885 4813 τότε.

237 4854 313 4906 ’Ἢ
346 4849 536 4915 ἁπλῶς
563 4849 817 4927 χάριτος,
844 4855 944 4917 τῆς
988 4843 1077 4903 διὰ
1130 4849 1227 4901 τοῦ
1286 4842 1659 4920 βαπτίσματος
1692 4843 1891 4920 παλιγο

239 4937 481 5015 γενεσίας
512 4926 602 4994 καὶ
634 4935 924 4999 υἱοθεσίας.
951 4935 1023 4992 ’Ἠ
1078 4933 1130 4990 ἐν
1185 4935 1254 5007 τῇ
1293 4930 1491 5006 καρδίᾳ
1518 4933 1671 4988 εἶπον
1724 4926 1890 5009 ἔχειν,
1935 4966 1944 4973 -

244 5025 646 5102 συγκοινωνούς
680 5046 785 5100 μου
819 5021 976 5087 ὄντας
1007 5024 1146 5095 ὑμᾶς
1178 5018 1230 5075 ἐν
1269 5042 1327 5076 τε
1357 5026 1471 5083 τοῖς
1504 5018 1726 5093 δεσμοῖς
1785 5042 1892 5094 μου

238 5116 332 5173 καὶ
362 5114 417 5172 ἐν
448 5119 518 5190 τῇ
548 5113 826 5189 ἀπολογίᾳ
854 5110 945 5167 καὶ
984 5106 1293 5186 βεϐαιώσει.
1353 5110 1426 5165 Τὸ
1484 5105 1541 5164 δὲ
1594 5116 1694 5176 τῆς
1730 5110 1893 5185 χάριη

239 5226 359 5275 τος,
390 5205 509 5262 ἀντὶ
550 5209 670 5272 τοῦ,
710 5199 800 5258 διὰ
844 5208 943 5271 τῆς
998 5200 1253 5275 χάριτος,
1287 5199 1451 5254 Ἀνευ
1488 5197 1589 5274 γὰρ
1624 5198 1764 5263 θείας
1796 5198 1892 5277 χά,

247 5314 424 5371 ριτος,
455 5288 633 5355 οὐδεὶς
663 5291 902 5365 ἀξιοῦται
932 5295 1033 5358 τῆς
1063 5286 1322 5358 τοιαύτης
1351 5285 1653 5348 κοινωνίας.

325 5382 475 5438 «Διά
502 5380 566 5435 τὸ
587 5374 734 5457 ἔχειν
766 5399 832 5454 με
864 5378 1025 5451 ὑμᾶς.
1086 5400 1115 5429 ››
1176 5374 1313 5433 Εἴπε
1365 5375 1466 5444 τὴν
1520 5373 1716 5447 αἰτίαν,
1775 5383 1895 5443 καθ’

243 5472 312 5541 ἢν
343 5467 553 5526 δίκαιον
582 5468 649 5537 ἦν
681 5467 828 5540 αὐτῷ
856 5469 1019 5523 τοῦτο
1048 5469 1287 5547 φρονεῖν,
1322 5461 1405 5517 ὅτι
1455 5462 1483 5517 ὁ
1542 5463 1893 5539 ἐναρξάμενος

243 5552 377 5622 Θεὸς
410 5557 502 5613 καὶ
529 5553 837 5632 πληρώσει,
871 5551 959 5610 διὰ
988 5553 1048 5609 τὸ
1079 5548 1225 5629 ἔχειν
1251 5573 1340 5625 με,
1374 5552 1556 5629 φησὶν,
1588 5552 1636 5606 ἐν
1665 5558 1732 5628 τῇ
1764 5577 1894 5630 καρ-

242 5650 336 5723 δίᾳ
367 5650 529 5724 ὑμᾶς.
566 5670 593 5699 ‹‹
643 5648 731 5704 Ἐν
779 5650 860 5719 τῷ
917 5642 1115 5722 καρδίᾳ
1175 5644 1336 5716 ὑμᾶς.
1380 5666 1407 5695 ››
1468 5648 1535 5697 ’Ὠ
1596 5643 1893 5722 ἐγκύμων,

2040 1912 2085 1979 Ι,
2125 1913 2180 1977 6,
2214 1915 2265 1967 7.
2302 1904 2584 1982 Conﬁdens
2613 1914 2712 1970 hoc
2742 1916 2921 1985 ipsum
2963 1914 3113 1984 quod
3158 1913 3204 1970 is
3243 1915 3342 1985 qui
3369 1913 3532 1984 coepit
3561 1916 3622 1969 in

1976 2000 2131 2055 vobis
2171 2017 2306 2072 opus
2365 2003 2587 2070 bonum,
2638 2004 2891 2073 perﬁciet
2946 2017 3116 2072 usque
3170 2003 3243 2057 ad
3298 2004 3441 2058 diem
3496 2006 3626 2058 Jesu

1979 2090 2225 2146 Christi:
2254 2092 2395 2146 sicut
2448 2106 2671 2163 aequum
2727 2099 2805 2148 est
2835 2093 2973 2147 mihi
3026 2097 3088 2147 ut
3142 2092 3244 2147 hoc
3288 2094 3522 2148 sentiam
3560 2095 3627 2149 de

1978 2178 2228 2235 omnibus
2256 2181 2441 2237 vobis:
2479 2187 2778 2252 propterea
2810 2181 2959 2251 quod
3009 2181 3239 2236 habeam
3266 2197 3356 2237 vos
3387 2182 3444 2236 in
3472 2182 3631 2236 corde

1978 2274 2028 2322 et
2057 2270 2117 2323 in
2148 2270 2381 2326 vinculis
2410 2272 2561 2340 meis,
2606 2276 2656 2326 et
2686 2269 2746 2327 in
2771 2271 3086 2339 defensione
3134 2275 3182 2325 et
3213 2272 3634 2340 conﬁrmatione

1979 2357 2309 2429 Evangelii:
2339 2376 2461 2415 cum
2487 2361 2608 2414 sitis
2638 2375 2818 2415 omnes
2848 2359 2983 2413 mihi
3012 2365 3282 2415 consortes
3309 2358 3527 2428 gratias.

2052 2537 2281 2594 Gratias
2313 2541 2511 2592 autem
2542 2553 2648 2609 ago
2679 2538 2797 2593 Deo
2831 2535 2903 2592 ob
2944 2541 3197 2592 vestram
3230 2537 3636 2593 communica-

1983 2626 2228 2691 tionem,
2249 2626 2363 2681 hoc
2394 2625 2703 2682 conﬁdens
2732 2625 2891 2697 quod
2922 2625 2974 2681 is
3005 2626 3104 2696 qui
3135 2625 3311 2696 caepit
3346 2626 3541 2681 facere
3573 2625 3635 2678 in

1984 2714 2147 2770 vobis
2175 2715 2399 2772 bonum
2430 2731 2600 2787 opus,
2634 2715 2812 2771 etiam
2843 2715 2954 2770 hoc
2984 2714 3255 2786 perﬁciet
3284 2719 3340 2768 et
3381 2713 3637 2786 compte.

1982 2803 2072 2858 bit
2092 2820 2280 2876 usque
2299 2803 2372 2860 ad
2395 2802 3422 2861 consummationem.Animadverte
3435 2808 3634 2860 autem

1986 2894 2284 2963 quomodo
2316 2894 2516 2950 omnia
2545 2893 2619 2949 ad
2650 2894 2836 2949 Deum
2875 2892 3225 2948 retuleritne
3270 2891 3479 2947 cristas
3511 2893 3633 2947 eri-

1984 2988 2145 3056 gant.
2178 2984 2523 3055 Quanquam
2558 2984 2734 3041 etiam
2777 2984 2889 3040 hoc
2934 2982 3107 3039 modo
3151 3000 3361 3055 magna
3389 2983 3516 3038 laus
3548 2988 3637 3039 est

1987 3071 2148 3141 quod
2176 3072 2419 3128 omnino
2450 3074 2630 3128 Deum
2663 3072 3305 3144 potuerintattrahere,
3338 3076 3403 3126 ut
3432 3071 3517 3126 eis
3549 3088 3636 3127 es-

1987 3166 2078 3216 set
2107 3161 2347 3217 auxilio.
2381 3162 2525 3218 Nam
2575 3162 2688 3217 hoc
2734 3162 2862 3218 sine
2908 3177 3121 3234 magna
3166 3161 3378 3216 virtute
3409 3178 3632 3232 nequa-

1914 3271 1957 3338 C
1987 3267 2167 3321 quam
2191 3255 2365 3306 esset.
2404 3272 2432 3302 α
2466 3252 2659 3323 Usque
2702 3251 2775 3307 ad
2804 3251 2965 3307 diem
3004 3253 3141 3308 Jesu
3170 3251 3407 3317 Christi,
3442 3273 3470 3301 »
3511 3253 3639 3307 Non

1988 3338 2147 3396 enim
2170 3340 2240 3395 de
2272 3340 2455 3409 vobis,
2483 3341 2698 3411 inquit,
2721 3340 2861 3396 solis
2881 3340 3140 3410 conﬁdo,
3158 3340 3543 3397 verumetiam
3568 3339 3640 3395 de

1983 3427 2057 3483 iis
2071 3428 2169 3499 qui
2193 3427 2401 3484 avobis
2419 3428 2802 3484 descendent.
2837 3450 2859 3481 ι
2882 3429 3045 3484 Sicut
3061 3445 3297 3500 aequum
3317 3433 3427 3484 est.
3454 3451 3481 3477 »
3500 3430 3645 3484 Con-

1986 3517 2179 3573 ﬁdens
2204 3519 2314 3575 hoc
2337 3518 2554 3590 ipsum.
2577 3519 2732 3575 sicut
2752 3536 2987 3590 aequum
3011 3524 3132 3576 est:
3160 3519 3271 3575 hoc
3292 3524 3412 3575 est:
3442 3521 3640 3585 Quan-

1987 3606 2307 3678 doquidem
2351 3625 2586 3679 mquum
2635 3614 2744 3673 est,
2794 3614 2859 3664 ut
2889 3626 2992 3681 ego
3042 3609 3141 3679 qui
3192 3613 3396 3665 exacte
3438 3609 3641 3666 omnia

1986 3697 2121 3751 novi
2161 3713 2292 3768 queo
2324 3697 2479 3769 apud
2510 3714 2610 3753 vos
2637 3702 2796 3765 sunt,
2827 3698 2939 3753 hoc
2966 3697 3216 3753 sentiam
3246 3697 3319 3753 de
3360 3697 3636 3753 omnibus

1986 3785 2173 3842 vobis.
2205 3785 2497 3851 Quidnam
2519 3786 2547 3840 ‘1’
2575 3785 2741 3851 Quod
2771 3785 2822 3841 is
2854 3786 2955 3856 qui
2986 3785 3161 3856 ccepit
3189 3786 3253 3841 in
3284 3785 3448 3841 vobis
3487 3802 3634 3857 opus

1988 3873 2232 3939 bonum,
2260 3874 2527 3946 perﬁciet
2542 3875 2738 3946 ipsum
2756 3890 2946 3945 usque
2963 3874 3038 3930 ad
3060 3874 3216 3929 diem
3235 3875 3375 3928 Jesu
3395 3873 3633 3931 Christi.

1995 3983 2018 4014 α
2046 3963 2119 4018 Ut
2140 3962 2251 4017 hoc
2279 3963 2533 4019 sentiam
2564 3962 2635 4018 de
2660 3962 2938 4018 omnibus
2969 3962 3150 4018 vobis.
3184 3983 3211 4011 ››
3245 3962 3434 4017 Sentit
3475 3962 3637 4018 enim

1992 4067 2059 4108 ac
2086 4050 2410 4106 arbitratur
2433 4049 2589 4107 bona
2617 4056 2674 4106 et
2714 4067 2927 4124 magna
2970 4051 3253 4122 perﬁcere
3293 4049 3639 4122 discipulos,

1994 4139 2096 4210 qui
2128 4155 2407 4212 magnum
2439 4139 2701 4197 studium
2747 4146 2804 4194 et
2848 4156 3051 4197 curam
3084 4156 3221 4212 erga
3266 4156 3368 4195 eos
3393 4139 3642 4197 remisit.

1995 4231 2112 4283 Aut
2140 4244 2378 4299 aequum
2409 4234 2500 4284 est
2528 4229 2675 4285 mihi
2726 4229 2837 4286 hoc
2875 4228 3150 4286 arbitrari
3181 4228 3283 4299 qui
3333 4228 3514 4284 talem
3540 4228 3652 4284 ha-

1996 4317 2168 4373 beam
2201 4333 2339 4388 erga
2368 4334 2468 4373 vos
2490 4319 2790 4387 affectum,
2823 4323 2890 4372 ut
2919 4334 3111 4388 neque
3144 4317 3207 4372 in
3231 4317 3481 4371 vinculis
3503 4316 3652 4370 meis

1996 4406 2171 4462 vestri
2202 4406 2534 4475 obliviscar,
2568 4406 2671 4464 sed
2721 4408 2920 4464 animo
2970 4405 3214 4463 intimos
3262 4422 3499 4478 semper
3525 4405 3650 4461 cir-

1998 4496 2345 4553 cumferam.
2380 4498 2518 4563 Qua)
2551 4503 2639 4551 est
2669 4503 2866 4552 autem
2892 4513 3072 4553 causa
3098 4497 3254 4568 quod
3280 4496 3479 4551 animo
3512 4494 3649 4550 inti-

1997 4601 2127 4641 mos
2158 4590 2610 4657 etnequaquam
2641 4585 2922 4640 oblivioni
2952 4586 3197 4643 traditos
3222 4584 3482 4641 habeat?
3502 4583 3643 4649 Quia

2003 4678 2160 4739 sunt,
2190 4673 2359 4742 mihi,
2392 4674 2608 4745 inquit,
2642 4691 2763 4730 una
2792 4680 3098 4730 consortes
3114 4674 3316 4747 gratia:
3343 4690 3356 4728 :
3383 4678 3484 4729 aut
3503 4688 3645 4744 sup-

1998 4762 2260 4834 peditato
2290 4763 2435 4834 ipsis
2465 4780 2572 4835 per
2600 4763 2775 4818 ﬁdem
2801 4763 3095 4835 spirituali
3118 4762 3295 4830 dono,
3318 4760 3478 4836 quod
3500 4767 3641 4817 tunc

1997 4851 2158 4907 vario
2190 4851 2366 4907 modo
2393 4852 2509 4906 vim
2542 4852 2601 4906 in
2633 4852 2776 4923 ipsis
2802 4852 3130 4908 exercebat.
3159 4857 3270 4908 Aut
3291 4851 3644 4923 simpliciter

1999 4940 2186 5013 gratia
2229 4957 2337 5011 per
2361 4939 2639 5012 baptismi
2691 4941 3203 5013 regenerationem
3256 4947 3314 4995 et
3364 4940 3643 5013 adoptio-

2003 5046 2138 5084 nem
2170 5029 2627 5085 communicata.
2678 5033 2795 5084 Aut
2844 5029 2984 5095 dixi,
3028 5029 3241 5101 inquit,
3291 5046 3386 5085 me
3435 5045 3534 5083 vos
3586 5027 3649 5082 in

2003 5116 2177 5173 corde
2205 5118 2445 5187 habere,
2476 5118 2634 5189 quod
2675 5136 2774 5175 vos
2821 5135 2941 5174 una
2969 5118 3116 5173 mihi
3169 5123 3474 5174 consortes
3521 5116 3653 5170 sitis

2005 5207 2066 5261 in
2091 5205 2344 5263 vinculis
2366 5207 2515 5262 meis
2544 5212 2604 5261 et
2623 5206 2681 5262 in
2714 5206 3059 5262 defensione
3080 5224 3145 5262 ac
3178 5206 3653 5262 conﬁrmatione.

2005 5295 2215 5351 Gratias
2247 5312 2404 5363 vero,
2427 5294 2486 5350 id
2513 5300 2621 5363 est,
2655 5313 2761 5369 per
2805 5296 3052 5368 gratiam
3104 5298 3247 5351 Nam
3303 5295 3428 5351 sine
3461 5294 3658 5349 divina

2004 5383 2192 5456 gratia
2221 5384 2419 5439 nullus
2450 5383 2661 5457 dignus
2694 5384 2944 5439 habetur
2974 5383 3314 5456 hujusmodi
3335 5382 3655 5439 consortio.

2007 5473 2107 5528 68
2140 5495 2165 5519 ‹‹
2203 5475 2515 5544 Propterea
2547 5472 2703 5543 quod
2736 5471 2985 5527 habeam
3020 5489 3140 5526 vos.
3178 5497 3199 5524 ι
3228 5472 3477 5528 Causam
3511 5469 3664 5539 dixit

2007 5563 2080 5617 ob
2113 5578 2289 5632 quam
2324 5567 2478 5616 esset
2511 5562 2622 5632 ipsi
2674 5578 2910 5631 rrquum
2960 5567 3023 5615 ut
3066 5562 3177 5616 hoc
3226 5561 3473 5617 sentiret
3503 5559 3663 5630 quod

2008 5651 2161 5707 Deus
2181 5650 2278 5721 qui
2307 5650 2582 5721 cmpisset
2603 5650 2780 5705 etiam
2796 5650 3143 5725 perﬁceret:
3167 5652 3551 5723 «Propterea,
3575 5649 3666 5705 in-
