4072 6266
426 350 449 406 1
468 348 579 406 Ξϐτ

1543 337 1961 402 (ΕΟΗΜΕΝΙῙ
2004 336 2311 399 ’ῙἮΙΟΟΕ
2359 336 2714 399 EPISCOPI

3703 334 3847 393 i268

425 485 570 547 erat,
598 478 930 552 signiﬁcare
964 492 1095 548 qum
1125 474 1237 533 sibi
1272 476 1667 547 contigerant.
1702 474 1840 533 «Ita
1869 476 1935 530 ut
1959 472 2080 530 viu-

2200 490 2320 544 μου.
2354 493 2381 522 ››
2415 468 2551 528 Οὔτε
2579 470 2682 549 γάρ
2739 473 2792 528 οἱ
2824 469 3017 544 δεσμοί
3069 492 3197 547 μου,
3228 471 3419 551 φησὶν,
3455 473 3509 528 οἱ
3540 475 3687 527 κατὰ
3720 476 3851 547 Χρι-

422 569 557 625 cula
585 583 738 624 mea.
790 590 818 618 »
851 570 1048 640 Neque
1099 568 1257 623 enim
1316 566 1549 624 vincula
1592 583 1747 636 mea,
1795 582 1925 639 quas
1957 582 2062 640 pro

420 661 650 716 Christo
671 661 933 714 sustineo
956 659 1245 714 occultata
1274 664 1432 723 sunt,
1474 658 1690 729 inquit,
1732 656 1835 712 sed
1869 658 2061 712 mani-

415 750 629 806 festata
659 753 798 805 sunt
827 753 885 804 et
932 750 993 803 in
1043 748 1341 820 praetorio,
1369 746 1425 803 id
1479 753 1585 814 est,
1642 746 1882 819 palatio,
1915 751 1973 801 et
2004 746 2067 800 in

418 839 647 895 caeteris
694 838 855 893 locis.
884 838 954 893 Et
992 837 1134 909 quid
1157 838 1295 893 inde
1337 836 1723 907 consequitur
1743 835 1771 890 ?
1800 835 1965 900 Quod
1996 850 2066 889 ex

420 929 531 984 hoc
552 926 805 982 accrevit
828 925 1077 982 audacia
1107 925 1405 990 ﬁdelibus,
1429 932 1484 980 et
1515 926 1605 980 via
1637 923 1709 980 ad
1732 925 2067 980 conversio-

420 1034 559 1073 nem
590 1016 794 1072 multis
822 1014 1177 1071 infidelibus.
1211 1037 1240 1067 ‹‹
1288 1014 1462 1071 Facta
1492 1015 1613 1069 sint
1642 1013 1704 1069 in
1753 1010 2005 1070 Christo.
2039 1033 2067 1062 »

421 1110 537 1162 Aut
566 1103 724 1177 quod
746 1105 978 1161 vincula
998 1103 1222 1159 fuerint
1245 1104 1305 1159 in
1324 1104 1577 1171 Christo,
1609 1103 1669 1158 id
1688 1107 1796 1170 est,
1830 1106 2075 1175 propter

423 1194 742 1257 Christum,
776 1199 843 1250 ut
871 1210 978 1267 per
1005 1192 1374 1267 hyperbaton
1422 1194 1498 1249 sit
1537 1190 1925 1264 compositio:
1973 1194 2074 1247 aut

424 1284 658 1340 vincula
687 1284 829 1340 dicit
877 1284 1033 1339 facta
1070 1283 1130 1338 in
1174 1283 1404 1339 Christo
1437 1280 1772 1351 manifesta,
1823 1281 1933 1337 hoc
1963 1283 2072 1348 est,

423 1390 530 1446 per
558 1372 774 1429 Christi
806 1371 1245 1446 beneplacitum
1268 1378 1327 1427 et
1347 1371 1857 1444 dispensationem
1888 1368 2077 1425 mani-

424 1465 660 1521 festata.
703 1463 933 1519 Etenim
983 1461 1133 1518 nihil
1180 1463 1391 1518 fuisset
1437 1461 1595 1533 quod
1654 1461 1991 1534 patiebatur
2020 1464 2079 1514 et

425 1562 587 1610 recte
616 1550 976 1627 operabatur
996 1552 1235 1617 Paulus,
1270 1553 1386 1607 nisi
1418 1551 1492 1607 ad
1513 1549 1810 1607 Christum
1839 1549 2078 1605 retulis-

428 1649 536 1698 set.
564 1648 697 1711 Aut,
720 1641 958 1698 illorum
982 1641 1043 1697 in
1075 1641 1307 1697 Christo
1336 1638 1570 1696 vincula
1599 1639 2076 1707 manifestantur,

432 1732 531 1805 qui
564 1730 717 1787 nihil
749 1728 823 1787 ad
849 1731 1310 1787 ostentationem
1342 1734 1542 1802 agunt,
1564 1726 1668 1785 sed
1690 1730 1772 1785 ita
1801 1734 1987 1801 agunt
2014 1732 2082 1783 ut

2172 560 2296 614 στὸν
2335 553 2661 636 ἐκρύϐησαν,
2720 559 2869 617 ἀλλά
2923 558 3086 632 δῆλοι
3146 563 3435 641 γεγόνασιν
3491 558 3550 616 ἔν
3605 581 3669 616 τε
3700 581 3855 638 πραι-

2169 650 2381 725 τωρίῳ,
2414 645 2686 721 τουτέστι,
2717 655 2796 725 τῷ
2828 647 3099 727 παλατίῳ,
3155 651 3248 707 καὶ
3308 652 3362 709 έν
3430 657 3556 714 τοῖς
3610 649 3854 712 λοιποῖς.

2177 738 2280 797 Καὶ
2313 737 2362 792 τί
2397 738 2534 813 πρὸς
2566 742 2730 795 τοῦτο
2767 759 2782 812 ;
2843 741 2990 809 Ὀτι,
3045 740 3235 821 φησὶν,
3294 741 3355 797 ἐκ
3392 741 3599 796 τούτου
3663 741 3857 813 θάρσος

2166 825 2355 902 γέγονε
2404 832 2521 891 τοῖς
2576 834 2815 898 πιστοῖς,
2873 828 2961 885 καὶ
3016 827 3142 894 ὁδὸς
3192 828 3535 906 ἐπιστροφῆς
3596 827 3861 885 πολλοῖς

2171 921 2278 973 τῶν
2341 916 2603 975 ἀπίστων.
2667 942 2692 968 ‹‹
2759 918 2844 975 ’Ev
2904 918 3127 993 Χριστῷ
3186 921 3457 995 γενέσθαι*
3521 945 3552 972 ιι
3620 920 3659 989 ἦ
3738 920 3861 981 τώς

2173 1003 2226 1061 ἐν
2260 1008 2480 1079 Χριστῷ
2514 1003 2775 1081 δεσμοὺς,
2806 1007 3078 1076 τουτέστι,
3128 1006 3257 1069 τοὺς
3309 1004 3400 1062 διὰ
3429 1012 3711 1083 Χριστὸν,
3771 1008 3859 1062 ’ἱνα

2174 1095 2361 1167 ᾕκαθ⁹
2391 1088 2755 1171 ὑπερϐατὸνή
2810 1095 3076 1167 σύνταξις·
3131 1095 3168 1166 ἢ
3223 1096 3351 1157 τοὺς
3409 1093 3653 1171 δεσμούς
3703 1117 3860 1174 φησι,

2180 1181 2307 1246 τοὺς
2363 1182 2414 1238 ἐν
2472 1185 2690 1259 Χριστῷ
2740 1184 3000 1266 φανεροὺς
3059 1186 3477 1262 γεγενημένους.
3534 1185 3861 1252 Tomiano,

2179 1268 2407 1345 εὐδοκία
2462 1274 2553 1329 καὶ
2614 1273 2905 1350 οἰκονομίᾳ
2956 1272 3195 1351 Χριστοῦ
3255 1273 3695 1352 σανερωθέντσς.
3765 1275 3861 1331 Καὶ

2178 1361 2281 1439 γὰρ
2314 1358 2469 1417 οὐδὲν
2497 1365 2562 1432 ἦν
2597 1360 2630 1418 ὅ
2661 1364 2885 1443 πάσχων
2920 1364 3012 1420 καὶ
3042 1365 3319 1441 κατορθῶν
3375 1363 3626 1433 Παῦλος,
3680 1364 3731 1418 εἰ
3765 1363 3864 1418 οῦκ

2181 1450 2428 1528 ἀνέφερεν
2460 1450 2536 1515 εἰς
2569 1452 2822 1529 Χριστόν.
2859 1455 2949 1524 Ἥ,
2984 1453 3203 1509 ἐκείνων
3268 1454 3319 1509 ἐν
3353 1458 3588 1527 Χριστῷ
3650 1455 3703 1508 ο¹ι
3772 1450 3863 1509 δε-

2187 1541 2726 1620 σμοῖφανεροῦνται,
2777 1545 2883 1597 τῶν
2946 1543 3024 1619 μὴ
3082 1544 3199 1598 κατ’
3257 1538 3511 1612 ἐπίδειξίν
3569 1563 3629 1597 τι
3681 1562 3864 1615 πρατ-

2181 1629 2406 1696 τόντων,
2439 1626 2570 1685 αλλ’
2605 1631 2780 1693 οὓτως
2821 1631 3191 1708 πραττόντων,
3251 1630 3387 1687 ὥστε
3415 1632 3545 1693 τοὺς
3610 1633 3863 1706 ὁρῶντας

2186 1715 2532 1796 ὡφελεῖσθαι,
2564 1719 2652 1775 καὶ
2684 1721 2775 1775 τὸν
2810 1720 2861 1777 ἔν
2896 1720 3149 1797 οὐρανοῖς
3199 1719 3435 1791 δοξάζειν
3491 1722 3654 1778 Θεόν.
3686 1746 3714 1772 κ
3765 1721 3861 1776 Καὶ

431 1823 666 1894 prosint
695 1818 1147 1893 aspicientibus,
1180 1824 1240 1875 et
1268 1817 1607 1891 gloriﬁcent
1652 1818 1838 1873 Deum
1888 1816 1987 1887 qui
2018 1817 2080 1871 in

2200 1805 2317 1871 τοὺς
2346 1806 2608 1872 πλείονας
2632 1814 2742 1866 τῶν
2770 1807 3019 1889 ἀδελφῶν
3054 1810 3105 1865 ἐν
3137 1811 3340 1886 Κυρίῳ.
3375 1833 3403 1861 ››
3444 1807 3681 1881 Ἐπειδὴ
3717 1812 3859 1878 εἶπε,

2200 1903 2226 1915 Α
2251 1896 2261 1915 Ι
2461 1899 2474 1915 ο
2526 1894 2551 1915 δ
2697 1899 2713 1915 1
2875 1896 2887 1915 Ι
3159 1898 3170 1915 1
3275 1897 3319 1915 λι
3398 1899 3411 1915 I
3464 1899 3477 1915 ο
3493 1907 3519 1915 α...
3659 1896 3713 1915 ’.
3734 1898 3749 1915 1

429 1911 587 1967 caelis
614 1916 720 1965 est.
757 1933 783 1960 ‹‹
811 1911 996 1981 thue
1031 1905 1230 1980 plures
1263 1924 1335 1964 ex
1362 1907 1644 1963 fratribus
1668 1906 1729 1961 in
1753 1906 2020 1962 Domino.
2049 1928 2076 1955 »

426 2001 714 2067 Quoniam
746 1998 896 2053 dixit
945 1996 1179 2053 vincula
1221 1996 1527 2052 audaciam
1576 1994 1920 2067 praebuisse,
1955 2010 2078 2051 ma-

424 2106 605 2162 gnum
636 2094 835 2144 autem
867 2086 926 2142 id
957 2086 1282 2153 videbatur,
1336 2085 1676 2159 subjungit:
1708 2086 1774 2140 In
1806 2084 2078 2152 Domino,

428 2177 487 2233 id
518 2180 628 2245 est,
660 2180 903 2248 propter
932 2176 1270 2231 Dominum.
1307 2198 1334 2226 ι
1380 2174 1535 2230 Freti
1567 2171 1814 2229 vinculis
1847 2174 2015 2229 meis.
2052 2194 2080 2222 »

432 2267 821 2337 Sumpserunt
872 2265 1031 2320 enim
1079 2262 1389 2320 audaciam
1422 2263 1755 2319 confirmati
1798 2262 1870 2319 ad
1904 2261 2081 2317 fidem

429 2371 536 2428 per
565 2354 729 2412 Pauli
762 2355 1012 2411 vincula.
1049 2354 1191 2410 Nam
1224 2352 1499 2410 aiebant:
1542 2353 1658 2408 Nisi
1693 2352 1897 2408 divina
1928 2354 2085 2407 esset

427 2444 791 2518 prazdicatio,
826 2461 1019 2516 neque
1050 2444 1270 2499 Paulus
1304 2443 1626 2499 sustineret
1657 2458 1762 2515 pro
1795 2443 1922 2514 ipsa
1962 2440 2085 2496 vin-

427 2534 556 2591 ciri.
591 2535 709 2590 Hoc
743 2533 921 2590 etiam
972 2532 1245 2604 superius
1294 2530 1475 2588 dixit:
1527 2530 1589 2587 In
1631 2529 2083 2587 confirmatione

428 2623 747 2696 Evangelii.
825 2621 1130 2695 Siquidem
1191 2619 1632 2693 praedicationis
1705 2618 2082 2676 confirmatio

433 2718 600 2769 erant
628 2710 881 2768 vincula.
915 2735 943 2763 ‹‹
979 2710 1228 2767 Uberius
1246 2711 1554 2766 auderent.
1591 2732 1618 2760 »
1650 2708 1882 2765 Etenim
1907 2708 2083 2763 etiam

434 2809 612 2859 antea
651 2800 1071 2874 loquebantur,
1123 2816 1281 2856 nunc
1330 2806 1527 2855 autem
1555 2798 1827 2870 amplius.
1868 2820 1894 2847 ‹‹
1925 2798 2084 2852 Non-

434 2891 584 2947 nulli
618 2891 859 2963 quidem
889 2908 997 2965 per
1027 2888 1378 2945 invidiam.»
1411 2888 1699 2953 Quoniam
1722 2891 1929 2958 captus
1962 2891 2086 2941 erat

430 2980 668 3045 Paulus,
696 2980 865 3036 multi
899 2979 1188 3035 increduli
1213 2979 1475 3034 volentes
1498 2978 1569 3034 ad
1595 2978 1744 3034 iram
1769 2993 2085 3050 provocare

433 3072 747 3139 Neronem,
780 3075 845 3125 ut
874 3070 1117 3125 omnino
1150 3069 1398 3124 Paulum
1432 3068 1746 3132 occideret,
1799 3066 2086 3140 praedica-

436 3161 582 3217 bant
611 3158 930 3227 Christum,
976 3163 1041 3214 ut
1087 3158 1225 3214 dum
1275 3157 1505 3213 audiret
1555 3159 1705 3212 Nero
1757 3155 2082 3229 dispersam

2191 1896 2398 1973 Θάρσος
2430 1899 2479 1953 οἱ
2522 1894 2714 1972 δεσμοὶ
2746 1896 3048 1975 παρέσχον,
3106 1898 3241 1976 μέγα
3272 1897 3330 1955 δὲ
3358 1899 3420 1955 τὸ
3454 1899 3613 1978 ῥῆμα
3656 1896 3863 1969 ἐδόκει,

2189 1979 2398 2061 ἔπάγει,
2433 2010 2461 2039 ‹‹
2503 1987 2590 2045 Ἐν
2623 1986 2861 2064 Κυρίῳ,››
2892 1988 3162 2062 τουτέστι,
3192 1988 3287 2043 Διά
3312 1989 3405 2043 τὸν
3439 1988 3670 2063 Κύριον.
3706 2012 3738 2039 ι(
3767 1989 3867 2046 Πε-

2193 2073 2455 2129 ποιθὸταε
2513 2080 2628 2137 τοῖς
2688 2073 2911 2149 δεσμοῖς
2973 2097 3099 2150 μου.
3164 2100 3190 2128 ››
3251 2076 3455 2150 Θάρσος
3495 2075 3605 2151 γὰρ
3665 2073 3869 2135 trito-3;

2192 2155 2376 2233 ἔλαϐε,
2415 2156 2808 2236 βεϐαιωθέντας
2859 2161 2947 2219 διὰ
3005 2169 3113 2220 τῶν
3175 2163 3396 2223 Παύλου
3455 2162 3679 2239 δεσμῶν
3720 2165 3862 2239 πρὸς

2190 2251 2291 2319 τήν
2320 2252 2533 2309 πίστιν.
2575 2252 2635 2308 Εἰ
2668 2252 2771 2331 γάρ
2806 2254 2883 2327 μή
2917 2254 3063 2308 θεῖον
3117 2252 3208 2325 ἦν,
3268 2254 3423 2330 φησὶ,
3477 2253 3544 2308 τὸ
3600 2255 3878 2329 κήρυγμα

2199 2338 2304 2394 οὐκ
2332 2340 2393 2394 ἄν
2419 2340 2446 2396 ὁ
2479 2340 2697 2404 Παῦλος
2726 2340 2978 2421 ἠνείχετο
3012 2342 3147 2416 ὑπὲρ
3178 2341 3343 2397 αὐτοῦ
3384 2339 3655 2407 δεδέσθαι.
3692 2343 3873 2399 Τοῦτο

2193 2425 2284 2481 καὶ
2317 2423 2425 2481 ἂνω
2458 2427 2593 2483 εἶπε.
2621 2420 2941 2497 Βεϐαιὼσει,
2974 2427 3132 2505 φησί,
3171 2431 3268 2483 τοῦ
3320 2426 3693 2504 Εὖαγγελίου.
3760 2430 3879 2483 Βε-

2196 2519 2426 2586 ϐαίωσις
2455 2526 2558 2599 γάρ
2610 2528 2707 2582 τοῦ
2758 2526 3135 2601 κηρύγματος,
3194 2527 3263 2581 τα
3318 2523 3489 2600 δεσμά
3552 2529 3656 2582 τοῦ
3716 2525 3872 2602 ἁγίου

2198 2612 2439 2670 Παύλου.
2480 2636 2501 2664 ι
2536 2615 2960 2691 Περισσοτέρως,
2990 2613 3223 2688 τολμᾷν.
3258 2640 3286 2667 ››
3315 2614 3415 2670 Καὶ
3447 2614 3555 2692 γάρ
3590 2614 3871 2691 πρότερον

2196 2702 2454 2768 ἐλάλουν,
2485 2709 2577 2757 νῦν
2611 2700 2668 2759 δὲ
2698 2702 2910 2762 πλεῖον.
2943 2726 2973 2759 (ι
3006 2704 3163 2767 Τινὲς
3195 2704 3291 2777 μὶν
3333 2703 3421 2759 καὶ
3454 2700 3547 2760 διὰ
3575 2706 3807 2783 φθόνον.
3836 2726 3860 2756 ο

2198 2791 2421 2861 Ἐπειδή
2464 2789 2768 2868 κατεσχέθη
2824 2793 2852 2847 ὁ
2912 2789 3151 2863 Παῦλος,
3208 2790 3415 2848 πολλοὶ
3463 2797 3575 2847 τῶν
3616 2792 3866 2849 ἀπίστων

2202 2878 2530 2956 βουλόμενοι
2586 2882 2661 2944 εἷς
2710 2882 2881 2958 ὀργὴν
2938 2882 3159 2958 ἀγαγεῖν
3213 2882 3308 2937 τὸν
3368 2883 3593 2958 Νέρωνα
3663 2882 3743 2944 εἷς
3795 2882 3857 2937 τὸ

2196 2967 2409 3031 πάντως
2469 2968 2626 3025 αύτὸν
2685 2969 2963 3050 φονεῦσαι,
3049 2968 3348 3047 ἐκήρυσσον
3422 2972 3514 3026 τὸν
3596 2973 3854 3046 Χριστὸν,

2193 3058 2286 3115 ἳνα
2342 3058 2576 3121 ἀκούσας
2643 3061 2670 3114 ὁ
2745 3059 2935 3136 Νέρων
3009 3061 3071 3117 τὸ
3145 3063 3402 3138 κήρυγμα
3455 3062 3859 3135 κατασπαρθὲν,

2195 3147 2288 3201 τὸν
2320 3148 2518 3203 τούτου
2552 3148 2739 3204 αἳτιον
2776 3149 2994 3206 Παῦλον
3023 3148 3337 3225 ἀποκτείνῃ.
3360 3152 3451 3221 Ἦ,
3486 3149 3571 3205 ὅτι
3612 3150 3778 3207 αὐτοὶ
3798 3165 3873 3205 τι’

446 3248 957 3322 praedicationem,
986 3249 1163 3319 hujus
1200 3253 1503 3303 auctorem
1531 3246 1776 3301 Paulum
1800 3243 2090 3300 interime'

2221 3241 2423 3309 μᾶσθαι
2498 3235 2828 3312 βουλόμενοι
2889 3236 3129 3314 (μεγάλη
3195 3215 3311 3313 γάέή
3572 3240 3719 3311 τιμὴ
3775 3243 3872 3295 τοῦ

447 3342 709 3410 ret.Aut,
731 3337 889 3410 quod
917 3336 1025 3408 ipsi
1052 3336 1110 3391 in
1136 3337 1322 3408 pretio
1348 3335 1553 3391 haberi
1576 3334 1811 3404 vellent,
1836 3335 2111 3408 (magnus

454 3427 751 3500 siquidem
783 3432 909 3482 erat
934 3424 1102 3479 Pauli
1133 3424 1367 3496 honor,)
1408 3424 1586 3479 etiam
1631 3441 1765 3480 cum
1816 3422 2109 3480 increduli

454 3520 674 3579 essent,
708 3511 1116 3586 praedicabant
1140 3508 1460 3565 Christum.
1495 3534 1523 3562 ι(
1558 3508 1841 3566 Nonnulli
1886 3527 2020 3566 vero
2053 3516 2110 3566 et

459 3608 702 3679 propter
727 3603 944 3658 bonam
979 3600 1363 3655 voluntatem.
1392 3618 1419 3650 ι
1457 3602 1706 3670 Propter
1736 3599 1935 3663 fidem,
1968 3616 2104 3671 pro-

445 3701 577 3768 pter
597 3693 965 3759 charitatem,
989 3695 1232 3763 propter
1261 3689 1476 3744 bonam
1510 3693 1772 3743 mentem
1803 3704 1871 3743 ac
1899 3704 2104 3743 sanam

445 3785 868 3840 intentionem.
902 3803 930 3832 ι(
961 3780 1077 3835 Alii
1110 3776 1348 3850 quidem
1377 3796 1446 3832 ex
1480 3778 1880 3833 contentione.
1919 3800 1946 3827 »
1977 3780 2109 3833 Per-

446 3870 960 3943 tinacia,-invidia,
994 3871 1143 3926 rixa.
1195 3892 1221 3920 ‹‹
1255 3870 1379 3924 Non
1412 3882 1580 3940 pure.
1613 3886 1642 3918 ι)
1677 3867 1795 3924 Hoc
1844 3871 1954 3936 est,
1984 3883 2107 3924 non

451 3981 519 4020 ex
550 3980 698 4035 puro
726 3961 923 4029 corde,
971 3960 1382 4015 existimantes
1427 3972 1556 4013 sese
1587 3956 1661 4013 ad
1715 3957 1909 4029 majus
1955 3956 2107 4028 peri-

450 4051 648 4109 culum
683 4057 742 4107 et
787 4049 1173 4106 afﬂictionem
1226 4064 1293 4102 ex
1322 4048 1431 4101 hoc
1482 4047 1678 4118 ipsum
1723 4045 2102 4113 deducturos,

439 4142 613 4213 juxta
644 4155 713 4195 ea
744 4155 874 4211 quae
898 4136 1171 4209 superius
1199 4136 1418 4207 scripta
1441 4141 1597 4190 sunt.
1631 4153 1652 4183 ι
1687 4133 2104 4189 Existimantes

446 4228 853 4285 afflictionem.
876 4247 904 4275 ››
926 4228 1049 4281 Non
1083 4224 1343 4281 enimita
1374 4220 1703 4295 contigitut
1725 4222 2099 4277 arbitraban-

447 4325 564 4386 tur,
591 4317 687 4374 72
717 4328 855 4372 nam
888 4315 1107 4391 ohhmc
1131 4331 1235 4386 ego
1269 4312 1522 4384 amplius
1552 4310 1901 4385 gaudebam.
1938 4336 1956 4359 ι
1986 4309 2104 4365 Alii

449 4422 686 4465 rursum
711 4422 780 4461 ex
805 4405 1113 4461 charitate.
1141 4426 1164 4451 υ
1190 4402 1327 4470 Alii,
1356 4400 1572 4472 inquit,
1609 4417 1678 4455 ex
1700 4414 1902 4456 amore
1925 4414 2101 4470 quem

454 4514 591 4571 erga
619 4496 935 4552 Dominum
997 4499 1054 4547 et
1082 4507 1221 4565 erga
1272 4506 1367 4545 me
1413 4489 1714 4562 gerebant.
1755 4512 1781 4540 «
1841 4490 2100 4544 Scientes

2216 3323 2479 3398 Παύλου),
2534 3327 2625 3405 καὶ
2684 3348 2848 3383 ταυτα
2907 3328 3128 3383 ἃπιστοι
3182 3323 3358 3398 ὄντες,
3416 3326 3725 3402 ἐκήρυσσον
3782 3329 3873 3385 τὸν

2215 3413 2470 3489 Χριστόν.
2505 3441 2533 3467 ι(
2567 3416 2723 3477 Τινὲς
2756 3412 2813 3471 δὲ
2842 3416 2931 3470 καὶ
2974 3412 3064 3470 διὰ
3119 3412 3389 3471 εὐδοκίαν.
3425 3440 3453 3466 ››
3517 3416 3617 3470 Διά
3670 3416 3872 3484 πίστιν,

2215 3500 2286 3557 δι’
2316 3503 2554 3577 ἀγάπην,
2590 3501 2681 3558 διὰ
2709 3504 2943 3579 γνώμην
2983 3503 3075 3559 καὶ
3110 3503 3316 3580 βουλὴν
3359 3504 3587 3580 ἀγαθήν.
3618 3528 3645 3555 ‹‹
3681 3505 3755 3562 Οἱ
3780 3505 3872 3578 μὲν

2213 3590 2263 3665 ἐξ
2296 3590 2553 3664 ἐριθείας,
2593 3591 2652 3647 ἐκ
2711 3591 3050 3670 φιλονεικίας
3105 3591 3195 3647 καὶ
3257 3592 3458 3672 φθόνου
3517 3593 3612 3647 καὶ
3671 3591 3870 3670 ἔριδος.

2217 3702 2245 3734 α
2285 3681 2413 3760 Ούχ
2458 3683 2662 3756 ἁγνῶς.
2728 3704 2756 3733 ››
2792 3681 3108 3753 Τουτέστιν,
3162 3682 3264 3738 οὐκ
3319 3682 3421 3736 ἀπὸ
3470 3687 3716 3758 καθαρᾶς
3746 3703 3873 3756 καρ-

2213 3767 2348 3841 δίας,
2431 3770 2742 3845 νομίζοντες
2807 3771 2866 3827 ἐκ
2913 3770 3107 3826 τούτου
3168 3770 3246 3834 εἷς
3330 3769 3549 3845 μείζονα
3623 3770 3868 3828 κίνδυνον

2210 3859 2301 3914 καὶ
2361 3858 2547 3936 θλίψιν
2606 3864 2886 3931 καθιστᾷν,
2967 3859 3108 3915 κατά
3160 3859 3228 3915 τά
3306 3858 3417 3915 ἄνω
3473 3880 3867 3938 παραγεγραμ-

2214 3947 2411 4022 μὲνα.‹‹
2435 3948 2698 4021 Οὶόμενοι
2726 3948 2931 4023 Θλῖψιν.
2967 3972 2994 3999 ››
3027 3948 3104 4005 Ού
3134 3947 3233 4025 γάρ
3267 3947 3437 4011 οὕτως
3470 3945 3766 4006 ἀπέϐαινεν
3798 3952 3867 4011 ὡς

2210 4036 2480 4111 ἐνόμιζον.
2511 4037 2652 4112 Ἐγὼ
2683 4038 2787 4113 γὰρ
2824 4036 2994 4092 πλέον
3055 4037 3142 4092 ἐπὶ
3202 4037 3421 4099 τούτοις
3462 4035 3711 4114 ἔχαιρον.
3748 4064 3777 4090 α
3803 4040 3868 4097 Οἱ

2209 4122 2266 4181 δὲ
2299 4126 2350 4197 ἐξ
2389 4124 2626 4200 ἀγάπης.
2660 4149 2687 4177 ι)
2721 4127 2790 4183 Οἱ
2857 4123 2937 4197 δὲ,
2993 4126 3180 4201 φησὶν,
3217 4123 3324 4181 ἀπὸ
3381 4125 3599 4202 ἀγάπης
3626 4133 3732 4197 τῆς
3791 4129 3870 4191 εἰς

2207 4216 2301 4271 τὸν
2335 4215 2529 4291 Κύριον
2559 4216 2648 4272 καὶ
2684 4216 2759 4278 εἷς
2790 4213 2907 4289 ἐμέ.
2941 4241 2968 4268 α
3013 4212 3256 4284 Εὶδότες,
3291 4216 3479 4297 φησὶν,
3514 4216 3597 4271 ὅτι
3630 4218 3708 4280 εἷς
3737 4218 3866 4273 ἀπο-

2211 4303 2418 4381 λογίαν
2466 4307 2565 4357 τοῦ
2615 4300 2954 4380 Εὖαγγελίου
3035 4306 3244 4377 κεῖμαι.
3289 4327 3318 4355 ››
3406 4307 3602 4373 Ἵσασι,
3685 4308 3866 4380 φησὶν,

2208 4394 2290 4447 δτι
2346 4391 2602 4464 ἐνετάλθη
2661 4393 2808 4470 παρὰ
2865 4395 3020 4460 Θεοῦ,
3078 4391 3308 4465 κηρῦξαι
3374 4392 3438 4447 τὸ
3506 4392 3865 4471 Εὔαγγέλιον,

2204 4481 2294 4536 καὶ
2360 4481 2444 4536 ὅτι
2510 4480 2729 4545 εὐθύνας
2787 4481 2917 4554 ὑπὲρ
2981 4479 3193 4536 τούτου
3278 4477 3464 4536 δώσω·
3534 4480 3863 4559 ἐπικουφίζει

453 4564 580 4663 (ait)
609 4585 766 4658 quod
814 4585 875 4640 in
934 4564 1345 4639 defensionem
1399 4579 1697 4652 Evangelii
1749 4581 2090 4635 constitutus

2218 4566 2275 4624 δέ
2307 4590 2423 4643 μοι,
2455 4572 2611 4647 φησὶ,
2644 4570 2741 4632 τὰς
2783 4569 2908 4644 περὶ
2944 4568 3146 4624 τούτου
3207 4568 3452 4639 εὐθύνας,
3501 4572 3566 4625 τὸ
3627 4569 3863 4632 πολλοὶς

452 4678 584 4733 sim.
620 4700 647 4727 ››
680 4676 887 4732 Sciunt
908 4671 1064 4744 quod
1088 4677 1448 4744 przeceptum
1472 4688 1508 4726 a
1534 4671 1652 4724 Deo
1677 4669 2006 4742 acceperim
2042 4675 2104 4723 ut

448 4761 831 4834 Evangelium
856 4759 1261 4832 praedicarem,
1282 4756 1558 4827 quodque
1580 4756 1871 4810 rationem
1894 4755 1976 4810 illi
2002 4755 2103 4810 da-

452 4860 622 4908 turus
655 4852 805 4907 sim:
841 4850 1025 4905 levior
1053 4854 1249 4904 autem
1284 4846 1549 4903 redditur
1580 4846 1722 4901 mihi
1768 4847 1892 4901 haec
1932 4846 2102 4916 ratio,

456 4942 505 4998 si
538 4938 709 4997 multi
740 4939 1111 4994 instruantur
1155 4943 1210 4991 ct
1251 4935 1542 4990 discurrat
1588 4935 1952 5006 praediéatio.
1986 4936 2105 4991 Hoc

455 5031 635 5105 igitur
663 5028 752 5084 illi
801 5027 1074 5093 scientes,
1105 5033 1172 5081 ut
1219 5026 1507 5079 rationem
1560 5022 1705 5078 mihi
1739 5023 2105 5079 reddendam

456 5120 616 5194 apud
645 5120 828 5174 Deum
869 5117 1149 5171 leviorem
1182 5114 1506 5179 efﬁcerent,
1543 5112 1757 5168 multos
1788 5113 2108 5168 instituunt

453 5210 845 5284 praedicantes
879 5219 1234 5262 sermonem.
1287 5224 1315 5251 ‹‹
1347 5200 1492 5267 Quid
1525 5202 1688 5257 enim
1723 5226 1743 5251 ι
1789 5204 1925 5270 Aut,
1956 5202 2106 5268 Quid

458 5301 615 5357 enim
646 5299 811 5355 aliun
843 5312 1019 5369 quam
1051 5293 1209 5348 hoc?
1240 5293 1351 5347 hoc
1383 5296 1494 5360 est,
1528 5289 1671 5363 quid
1712 5288 1872 5347 aliud
1900 5291 2012 5346 nisi
2043 5293 2105 5347 in

460 5389 867 5447 defensionem
887 5384 1179 5459 Evangelii
1205 5381 1559 5437 constitutus
1583 5398 1712 5436 sum
1735 5382 1763 5435 εἴ
1783 5381 1931 5447 Quid
1944 5382 2102 5436 enim

461 5478 653 5536 multa
681 5475 936 5549 loquor?
974 5474 1124 5541 Quid
1148 5472 1290 5529 mihi
1312 5487 1467 5526 curas
1499 5476 1588 5526 est
1618 5487 1733 5542 quo
1765 5471 1896 5541 quis
1927 5487 2102 5542 scopo

462 5564 761 5639 praedicet,
788 5566 888 5636 (ιιιί
911 5563 1147 5619 interim
1168 5566 1327 5616 recte
1345 5559 1628 5632 prmdicat
1643 5559 1671 5613 ‘2
1691 5583 1717 5610 ‹‹
1741 5557 1866 5614 Sive
1888 5574 1994 5631 per
2015 5575 2106 5614 oc-

462 5654 782 5711 casionem.
810 5675 837 5702 »
863 5648 1412 5723 Propterinvidiam
1437 5648 1747 5704 adversum
1778 5664 1892 5703 me.
1924 5648 2101 5703 «Sive

2211 4666 2561 4735 κατηχῆσθαι
2621 4659 2711 4714 καὶ
2774 4655 3167 4732 δεδραμηκέναι
3234 4658 3297 4713 τὸ
3353 4659 3637 4735 κήρυγμα.
3704 4664 3859 4716 Τοῦτο

2216 4748 2309 4803 οὗν
2354 4745 2577 4818 εἰδότες,
2613 4747 2794 4828 φησὶν,
2844 4745 3063 4815 ἐκεῖνοι,
3118 4744 3213 4801 ’ἱνα
3271 4767 3364 4819 μοι
3422 4747 3518 4809 τὰς
3579 4749 3718 4824 πρὸς
3779 4751 3860 4804 τὸν

2217 4837 2350 4893 Θεὸν
2385 4836 2608 4899 εὐθύνας
2662 4833 3077 4910 ἐπικουφίσωσι,
3107 4837 3413 4912 κατηχοῦσι
3446 4832 3721 4911 πολλοὺς,
3782 4838 3863 4893 τὸν

2227 4925 2394 5001 λόγον
2424 4924 2811 4997 κηρύσσοντες.
2845 4922 2907 4979 Τί
2936 4923 3040 5001 γάρ
3074 4941 3088 4992 ;
3120 4924 3213 4992 Ἥ,
3243 4922 3307 4979 Τί
3340 4924 3444 4997 γὰρ
3474 4921 3641 4993 ἄλλο,
3690 4926 3861 5007 grais,

2217 5016 2262 5070 εἰ
2302 5016 2379 5088 μὴ
2412 5018 2584 5068 τοῦτο
2617 5031 2631 5081 ;
2664 5014 2809 5079 οἷον,
2840 5012 2910 5069 Τί
2948 5009 3092 5067 ano
3119 5011 3243 5086 γὰρ,
3276 5010 3320 5065 εἶ
3356 5012 3433 5085 μή
3464 5010 3544 5073 εἷς
3576 5013 3865 5093 ἀπολογῖαν

2215 5104 2318 5161 τοῦ
2359 5102 2700 5179 Εὐαγγελίου
2738 5107 2929 5176 κεῖμαι
2965 5120 2978 5170 ;
3008 5099 3072 5155 Τί
3115 5101 3242 5177 γὰρ,
3302 5100 3456 5176 φησί,
3496 5101 3706 5179 μακροὶ
3723 5111 3864 5179 syri);

2214 5195 2249 5264 ἢ
2310 5194 2361 5249 τί
2426 5214 2541 5266 μοι,
2600 5191 2755 5270 φησι,
2819 5191 2975 5264 μέλει
3036 5190 3182 5263 ποίῳ
3241 5193 3430 5261 σκοπῷ
3479 5211 3565 5251 τις
3593 5195 3864 5268 κηρῦσπει,

2229 5282 2391 5339 ὁπότε
2421 5284 2600 5356 ὀρθῶς
2629 5280 2931 5357 κηρύσσει;
2992 5304 3020 5331 ‹‹
3068 5278 3196 5334 Εἴτε
3250 5280 3540 5356 προφάσει,
3578 5304 3607 5331 ››
3640 5278 3732 5336 διὰ
3789 5285 3864 5339 τὶν

2218 5374 2356 5447 πρὸς
2389 5372 2486 5444 ἐμὲ
2518 5370 2738 5449 φθόνον,
2796 5392 2825 5422 u
2888 5366 2994 5424 εἷ’τε
3050 5364 3282 5438 ἀληθείᾳ
3310 5367 3541 5442 Χριστὸς
3572 5372 3861 5446 nata-{7g}-

2215 5461 2389 5519 λεται.
2452 5483 2480 5511 ››
2533 5460 2627 5516 Ἐκ
2682 5457 2890 5513 τούτων
2947 5456 3088 5519 τινὲς
3165 5454 3399 5535 ἄφρονες
3485 5456 3858 5537 ὑπειλήφασιν,

2214 5551 2303 5607 ὅτι
2324 5549 2522 5611 πάσαις
2552 5552 2668 5611 ταῖς
2715 5546 2948 5623 αἱρέσεσι
3006 5542 3245 5622 πάροδον
3297 5541 3498 5600 ἔδωκεν
3527 5546 3555 5600 ὁ
3605 5549 3855 5606 Ἀπόσιτοι

2212 5643 2335 5709 λος,
2367 5643 2445 5712 τῷ
2474 5637 2666 5693 εἰπεῖν’
2700 5661 2729 5691 ‹‹
2762 5634 2891 5693 Εἴτε
2937 5634 3231 5713 προφάσει,
3289 5630 3396 5688 εἷ’τε
3452 5632 3687 5708 ἀληθείᾳ
3737 5639 3850 5707 xm.
