4072 6266
314 360 339 419 1
361 361 469 421 169

310 493 436 555 στὸς
466 490 918 569 καταγγὲλλεται.
948 515 977 547 ν
1013 490 1190 550 Ἀλλὰ
1229 490 1290 546 ab
1322 489 1583 566 πρόσχες.
1622 492 1845 560 Πρῶτον
1874 486 1970 560 μὶν

314 578 413 637 οῦκ
441 580 582 650 εἷπε,
616 578 1105 657 Καταγγελλὲσθω,
1135 576 1232 635 ἵνα
1271 584 1435 635 τοῦτο
1482 577 1798 652 νομοθετεῖν
1831 596 1981 652 γνω-

312 670 487 740 σθείη,
546 670 694 726 ἀλλὰ
769 668 1237 749 Καταγγὲλλεται,
1293 670 1358 726 τὸ
1414 667 1699 745 γινόμενον
1757 666 1981 742 ἐξηγού-

320 779 498 834 μενος.
555 765 786 816 Ἔπειτα
842 760 889 816 si
946 761 1039 816 καὶ
1097 760 1175 823 ὡς
1232 760 1547 833 νομοθετῶν
1602 756 1834 832 εἰρήκει,
1867 758 1977 829 (καὶ

315 850 419 927 γὰρ
451 846 657 904 πολλοὶ
686 850 796 905 τὼν
851 849 1136 923 αἶρε-,πικῶν
1183 846 1560 926 παρεποίησαν
1608 846 1707 913 τὴν
1740 844 1977 920 Γραφήνν

315 939 390 999 ὡς
452 935 706 1014 ἔχουσαν,
770 939 1005 1014 Χριστὸς
1064 934 1573 1015 καταγγελλὴθω.)
1621 931 1745 990 οὐδὲ
1801 932 1978 993 οὕτως

308 1024 550 1102 πάροδον
581 1031 699 1089 ταῖς
727 1026 961 1102 αἱρέσεσι
1011 1023 1241 1087 δὲδωκε.
1304 1029 1432 1088 Πῶς
1463 1043 1477 1093 ;
1511 1026 1635 1082 ’Ὁτι
1666 1022 1820 1078 οὗτοι
1853 1028 1977 1096 περὶ

307 1118 383 1172 ὧν
415 1139 598 1197 φησιν,
648 1115 711 1172 ob
766 1117 899 1182 νόθα
957 1114 1210 1193 δόγματα
1271 1115 1604 1191 ἰκήρυσσον,
1635 1111 1766 1169 ἀλλ’
1799 1112 1975 1186 ὀρθῶς

312 1208 409 1281 μὶν
465 1207 531 1263 τὸ
578 1203 761 1283 δόγμα
820 1205 1143 1281 ικήρυσσον,
1210 1203 1421 1276 διανοίᾳ
1479 1202 1540 1259 δὲ
1595 1206 1831 1277 πονηρᾷ,
1899 1200 1974 1262 ὡς

311 1296 718 1377 βουλόμενοιῆ
749 1302 1033 1372 τιμᾶσθαι,
1092 1299 1129 1368 ἢ
1189 1298 1267 1361 είς
1328 1295 1548 1371 μείζονα
1600 1291 1849 1350 κίνδυνον
1880 1291 1972 1377 τὸν

307 1367 644 1445 ςΑττόστολον
696 1367 971 1462 έγϐαλεῖν.
1022 1385 1089 1445 Ol
1120 1367 1196 1441 δὲ
1243 1367 1528 1461 αἱρετικοὶ,
1580 1381 1714 1457 μὶτὰ
1753 1385 1851 1436 τοῦ
1881 1367 1973 1436 κειὶ

305 1477 552 1535 διάνοιαν
610 1472 759 1557 ἔχειν
812 1480 1057 1554 πονηρὰν
1112 1478 1186 1551 (οἱ
1241 1479 1346 1554 γὰρ
1405 1473 1632 1536 πλείους
1679 1474 1971 1531 καὶτοῦτο

304 1564 546 1645 ἔχουσι),
592 1567 681 1624 καὶ
737 1566 989 1644 δόγματα
1048 1571 1405 1641 εἷσημοῦνται
1449 1566 1600 1633 νόθα,
1641 1565 1693 1619 οἱ
1739 1563 1834 1638 μὶν
1863 1561 1973 1639 οὺχ

307 1657 721 1734 ὁμολογοῦντες
774 1657 865 1714 τὸν
926 1656 1302 1732 σταυρωθέντα
1354 1653 1509 1721 Θεὸν,
1550 1654 1603 1708 οἱ
1653 1649 1711 1707 δὶ
1742 1648 1839 1707 δύο
1871 1649 1970 1707 λι-

302 1766 494 1821 γοντις
554 1745 877 1807 ὑποστάσεις
937 1746 1075 1823 μετά
1127 1745 1228 1814 τήν
1284 1740 1502 1811 ἕνωσιν,
1561 1742 1613 1797 ot
1672 1738 1730 1799 δὶ
1760 1741 1835 1801 ὡς
1868 1739 1969 1796 οὒκ

297 1831 472 1893 ἔλαϐε
502 1836 673 1910 σάρκα
703 1834 997 1908 ὀμοούσιον
1054 1837 1215 1908 ἡμῖν,
1273 1832 1325 1887 oi
1382 1828 1439 1886 δὲ
1486 1830 1686 1901 ἥττονα
1715 1833 1814 1885 τοῦ
1845 1833 1959 1885 Πα-

1354 357 1768 422 OOMMENT.
1816 357 1898 418 IN
1945 355 2194 418 EPIST.
2241 358 2345 417 AD
2389 357 2670 422 PHILIP.

3578 372 3739 434 1270

2089 504 2192 561 per
2222 491 2526 547 veritatem
2559 493 2825 551 Christus
2847 499 3292 556 annuntiatur.»
3324 502 3406 560 Ex
3439 502 3552 567 his.
3578 519 3733 562 non-

2092 579 2241 635 nulli
2273 579 2621 652 insipientes
2653 585 2935 656 suspicati
2963 590 3288 660 sunt,quod
3305 593 3580 650 omnibus
3610 594 3731 650 has-

2089 668 2291 724 reticis
2343 685 2646 731 accessum
2706 672 2938 730 dederit
2982 677 3321 747 Apostolus,
3362 682 3502 751 quia
3531 681 3725 740 dixit:

2089 778 2119 807 «
2152 758 2276 813 Sive
2308 774 2414 829 per
2430 759 2825 827 occasionem,
2859 763 2976 819 sive
3000 781 3105 835 per
3124 767 3430 825 veritatem
3458 770 3724 826 Christus

2085 847 2495 904 annuntiatur.
2507 870 2534 898 ››
2552 850 2762 905 Verum
2776 851 3470 914 animadverte.Primum
3482 859 3726 930 quidem

2086 952 2206 991 non
2239 936 2390 992 dixit
2419 939 2841 1006 Annuntietur,
2872 946 2939 995 ut
2965 943 3075 998 hoc
3105 949 3362 1002 statuere
3394 952 3724 1019 putaretur,

2086 1025 2190 1080 sed
2239 1026 2661 1095 Annuntiatur,
2695 1044 2948 1086 narrans
3007 1032 3151 1103 quid
3201 1035 3449 1091 accidat.
3500 1036 3723 1093 Deinde

2085 1130 2427 1186 quanquam
2461 1117 2639 1173 etiam
2666 1124 2730 1172 ut
2760 1124 3029 1176 statuens
3058 1121 3305 1180 dixisset
3332 1126 3495 1196 (nam
3550 1126 3724 1183 multi

2083 1220 2164 1275 qu
2191 1220 2321 1274 .que
2350 1204 2766 1264 hmreticorum
2788 1209 3142 1281 scripturam
3168 1212 3717 1284 depraverunt,tan-

2082 1308 2259 1362 quam
2289 1293 2904 1362 habentem,Christus
2933 1302 3346 1374 annuntietur)
3377 1320 3450 1359 ne
3478 1305 3559 1361 ita
3590 1305 3722 1377 qui-

2078 1381 2217 1436 dem
2243 1397 2548 1438 accessum
2580 1384 2843 1442 dedisset
2870 1380 3497 1455 hmreticis.Quomodo
3517 1394 3546 1449 Ἰ
3574 1395 3723 1460 Quia

2078 1470 2139 1525 hi
2157 1469 2229 1525 de
2252 1471 2467 1541 quibus
2490 1471 2634 1528 dicit
2656 1490 2776 1529 non
2792 1474 3131 1534 adulterina
3147 1478 3418 1551 dogmata
3441 1482 3719 1552 praedica-

2076 1559 2240 1625 bant,
2272 1559 2376 1615 sed
2406 1561 2582 1617 iidem
2641 1563 2879 1634 quidem
2912 1572 3071 1621 recte
3130 1568 3462 1638 tradebant,
3516 1577 3716 1627 mente

2076 1653 2276 1704 tamen
2305 1666 2519 1720 prava:
2546 1655 2826 1723 tanquam
2848 1655 3154 1727 cupientes
3184 1664 3286 1713 aut
3306 1658 3716 1727 honorari,aut

2073 1737 2423 1809 Apostolum
2454 1739 2515 1793 in
2541 1740 2737 1811 majus
2756 1742 3089 1813 periculum
3116 1747 3714 1817 conjicere.Hmretici

2071 1843 2209 1882 vero
2238 1832 2454 1899 praeter
2480 1829 2593 1883 hoc
2623 1830 2782 1900 quod
2813 1839 3076 1888 mentem
3116 1834 3293 1890 habet
3328 1853 3664 1908 perversam
3697 1853 3712 1893 :

291 1925 432 2001 τρὸς
459 1926 553 1981 τὸν
572 1897 896 1994 ’Υίδνίκαθό
946 1922 1058 1979 im
1079 1897 1210 1977 ’καί
1245 1926 1445 1977 νοεῖται
1478 1897 1626 1989 Osric,
1658 1918 1711 1974 οἱ
1741 1915 1799 1973 δὶ
1829 1917 1954 1992 σύγ-

2068 1897 2393 1987 (Siquidem
2426 1916 2627 1987 plures
2641 1897 2887 1990 quoque
2913 1921 2972 1975 id
2994 1922 3235 1994 habent)
3267 1897 3543 1996 ddgmata
3565 1942 3713 1998 quo-

296 2032 465 2090 χυσιν
524 2012 611 2069 ἐπὶ
670 2013 773 2082 τὴς
830 2011 987 2088 ἁγίας
1048 2008 1286 2087 Τριάδος
1341 2010 1738 2085 τερατεύονται.
1796 2027 1818 2057 ι
1853 2005 1954 2062 Καὶ

2068 2020 2182 2075 que
2206 2004 2592 2061 introducunt
2617 2006 2987 2064 adulterina:
3011 2010 3111 2066 alii
3137 2011 3377 2082 quidem
3394 2015 3580 2069 Deum
3595 2030 3715 2069 non

292 2101 354 2158 ἐν
384 2101 566 2175 τούτῳ
595 2100 800 2177 χαίρω.
844 2121 872 2155 ››
932 2101 1165 2156 Ἐκεῖνοι
1222 2099 1340 2171 μὶν,
1401 2096 1557 2177 φησὶ,
1598 2096 1735 2172 πρὸς
1766 2095 1827 2150 τὸ
1858 2091 1954 2149 λυ-

2067 2094 2332 2149 fatentur
2359 2093 2542 2150 fuisse
2573 2095 2943 2166 crucifixum,
2975 2099 3073 2154 alii
3106 2104 3304 2155 autem
3334 2100 3483 2157 duas
3530 2103 3714 2158 fuisse

291 2190 472 2261 πῆσαί
534 2211 622 2263 με,
672 2192 843 2245 ταῦτα
892 2192 1164 2258 ποιοῦσιν,
1225 2187 1331 2262 ἐγὼ
1376 2183 1435 2240 δὶ
1477 2185 1683 2261 χαίρω.
1714 2184 1781 2241 Τί
1814 2182 1954 2257 λέγω

2069 2188 2346 2239 asserunt
2364 2200 2647 2255 personas
2669 2191 2804 2257 post
2821 2187 3107 2243 unionem
3125 2205 3138 2242 :
3158 2204 3395 2245 rursum
3422 2190 3523 2249 alii
3545 2190 3715 2261 quasi

292 2277 523 2355 χαίρως
557 2279 917 2352 Χαρήσομαι,
949 2276 1105 2354 φησὶ,
1134 2277 1236 2345 τὴν
1270 2275 1493 2329 αἰώνιον
1527 2274 1724 2351 χαράν.

2069 2288 2308 2329 carnem
2339 2288 2462 2328 non
2493 2275 2820 2346 accepisset
2852 2275 3121 2347 ejusdem
3172 2278 3519 2335 substantias
3577 2295 3713 2336 cum

294 2376 528 2440 nostra,
559 2371 623 2426 hi
655 2385 792 2424 vero
851 2369 1147 2424 minorem
1178 2370 1349 2423 Patre
1398 2366 1637 2435 Filium,
1696 2365 1873 2420 etiam
1931 2369 2224 2434 quatenus
2277 2368 2366 2418 est
2397 2367 2455 2419 et
2511 2363 2866 2436 intelligitur
2892 2368 3050 2422 Deus
3086 2384 3100 2421 :
3133 2368 3413 2424 nonnulli
3471 2386 3707 2441 quoque

299 2461 717 2517 confusionem
748 2459 812 2513 in
831 2462 1038 2514 sancta
1064 2456 1274 2513 Triade
1305 2461 1645 2529 portentosa
1702 2453 2092 2509 mentiuntur.
2126 2475 2154 2503 ‹‹
2188 2455 2259 2507 Et
2285 2452 2348 2507 in
2414 2453 2525 2508 hoc
2555 2452 2803 2526 gaudeo.
2838 2477 2867 2506 ››
2927 2455 3018 2513 llli
3050 2457 3291 2527 quidem
3345 2464 3409 2513 ut
3439 2475 3534 2515 me
3566 2476 3713 2514 con-

295 2550 541 2605 tristent
573 2549 701 2604 haec
731 2552 934 2621 agunt,
967 2562 1073 2620 ego
1100 2551 1299 2602 autem
1330 2544 1578 2618 gaudeo.
1611 2546 1681 2598 Et
1709 2541 1852 2613 quid
1873 2540 2028 2611 dico,
2058 2540 2285 2613 gaudeo
2306 2541 2334 2596 ?
2364 2540 2663 2612 Gaudebo,
2697 2543 2909 2614 inquit,
2946 2552 3231 2616 perpetuo
3262 2547 3495 2617 gaudio.

374 2633 508 2694 Οἶδα
562 2637 663 2712 γὰρ
725 2635 810 2691 ὅτι
867 2633 1029 2690 τοῦτό
1094 2654 1188 2706 μοι
1244 2627 1581 2702 ἀποϐήσεται
1647 2630 1724 2693 εἷς
1773 2649 1956 2699 σωτη-

291 2726 418 2802 ρίαν
464 2722 555 2781 Bai
612 2730 713 2794 τῆς
773 2724 926 2797 ὑμῶν
999 2719 1257 2793 δεήσεως,
1317 2721 1408 2776 καὶ
1463 2718 1831 2797 ἐπιχορηγίας
1858 2723 1956 2775 τοῦ

292 2815 616 2890 Πνενὸματος
690 2816 876 2883 Ἰησοῦ
950 2814 1195 2884 Χριστοῦ
1281 2811 1418 2867 κατὰ
1504 2812 1604 2880 τὴν
1678 2809 1954 2885 ἀποκαρα-

289 2904 480 2961 δοκίαν
535 2903 626 2959 καὶ
681 2899 882 2961 ἐλπίδα
971 2921 1101 2975 μου,
1161 2901 1245 2955 ὅτι
1304 2899 1356 2955 ἰν
1416 2897 1594 2954 οὒδενὶ
1648 2898 1951 2974 αἰσχυνθή-

293 3014 488 3062 σομαι,
545 2990 674 3050 ἀλλ’
730 2990 785 3047 ἂν
870 2989 1017 3064 πάσῃ
1101 2987 1382 3065 παρρησίᾳ
1439 2986 1516 3049 ὡς
1577 2986 1804 3042 πάντοτε
1860 2987 1950 3041 καὶ

287 3087 386 3138 νῦν
422 3080 892 3159 μεγαλυνθήσεται
922 3079 1164 3153 Χριστὸς
1221 3076 1275 3133 ἐν
1330 3080 1413 3150 τῷ
1445 3077 1675 3149 στόματί
1710 3096 1814 3149 μου
1844 3075 1952 3131 εἴτε

296 3170 390 3227 διὰ
426 3177 594 3242 ζωῆς,
626 3167 730 3225 ε’ίτε
763 3165 852 3224 διὰ
881 3165 1126 3224 θανάτου.

375 3284 402 3312 ‹‹
435 3263 636 3317 Τοῦτο.
668 3282 696 3310 ››
754 3261 825 3313 ’Ἠ
875 3256 940 3313 τὸ
994 3252 1257 3322 δεδέσθαι,
1288 3252 1325 3323 ἢ
1356 3254 1419 3309 τὸ
1469 3253 1831 3328 κηρύσσεσθαι
1859 3253 1949 3307 τὸν

295 3349 532 3422 Χριστὸν
561 3348 689 3423 παρ’
718 3345 919 3413 αὐτῶν,
941 3345 978 3415 ἢ
1011 3344 1101 3399 καὶ
1131 3343 1194 3400 τὸ
1223 3336 1671 3398 ἐπιϐουλεύεσθαι
1702 3341 1827 3414 παρ’
1860 3339 1951 3396 αἰ)-

296 3442 433 3496 τῶο.
497 3461 523 3489 ‹‹
562 3435 654 3498 Εἷς
713 3433 1010 3509 σωτηρίαν.
1047 3457 1075 3485 ››
1129 3431 1409 3504 Σωτηρίαν
1443 3428 1501 3485 δὲ
1543 3451 1697 3505 φησι,
1729 3431 1792 3486 τὸ
1822 3431 1948 3485 ’ὀσον

297 3525 519 3583 οὖδίπω
577 3524 896 3601 μαρτυρίαν.
983 3546 1012 3576 ‹‹
1070 3522 1169 3577 Διὰ
1217 3528 1319 3592 τῆς
1389 3521 1544 3595 ὑμῶν
1602 3518 1858 3591 δεήσεως.
1920 3544 1949 3573 ››

285 3619 430 3691 Ὀρα
458 3613 806 3670 ταπείνωσιν·
867 3610 1008 3667 Ἀπὸ
1063 3610 1274 3683 μυρίων
1331 3609 1773 3683 κατορθωμάτων
1801 3602 1948 3685 ἔχων

292 3703 663 3784 ὀφειλομένην
695 3703 795 3776 τὴν
829 3699 1128 3775 σωτηρίαν,
1156 3699 1311 3776 φησὶ,
1347 3696 1437 3754 διὰ
1489 3705 1590 3767 τῆς
1640 3698 1796 3772 ὑμῶν
1829 3694 1952 3769 δεή-

290 3814 452 3857 σεως.
514 3793 576 3848 El
632 3792 735 3868 γὰρ
819 3790 953 3868 φησὶ
1009 3792 1116 3845 τῶν
1173 3786 1352 3863 εὐχῶν
1411 3787 1562 3859 ὑμῶν
1631 3787 1946 3862 εὖπορήσω,

288 3883 441 3940 ἔσται
476 3902 571 3956 μοι
629 3877 888 3955 δαψίλεια
944 3875 1037 3933 καὶ
1095 3877 1220 3932 οῖον
1273 3876 1563 3951 προσθήκη
1614 3876 1943 3948 πνεύματος.

287 3999 319 4027 ι(
354 3974 505 4029 Κατὰ
547 3972 647 4042 τὴν
693 3966 1040 4045 καραδοκίαν.
1076 3989 1105 4019 »
1165 3961 1635 4039 ’Λποκαραδοκίαν
1679 3965 1810 4037 φησὶ
1844 3966 1944 4034 τήν

293 4057 530 4140 σφοδρὰν
561 4057 652 4114 καὶ
681 4053 1068 4131 ἱπιτεταμὲνην
1123 4051 1343 4140 ὶλπίδα,
1400 4054 1462 4121 ἢν
1521 4073 1628 4122 τις,
1657 4053 1747 4106 καὶ
1780 4051 1947 4122 αὐτὴν

291 4138 552 4203 ἐπικινῶν
618 4146 718 4212 τὴν
787 4145 1054 4221 κεφαλὴν,
1143 4138 1353 4197 δοκεύει
1428 4141 1519 4196 καὶ
1605 4146 1942 4217 περισκοπεῖ.

292 4262 321 4289 ‹‹
359 4235 462 4293 Καὶ
494 4230 694 4289 ἐλπίδα
752 4252 878 4305 μου.
914 4254 941 4283 ››
999 4232 1095 4289 Ἐκ
1150 4230 1358 4286 τοῦτων
1423 4226 1662 4284 διδάσκει
1724 4232 1799 4305 μή
1835 4226 1944 4284 δεῖν

289 4323 381 4382 ἐπὶ
418 4323 609 4398 μόναις
662 4325 783 4383 ταῖς
836 4313 1031 4396 ἑτέρων
1093 4317 1285 4398 εὒχαῖς
1344 4317 1586 4395 θαρρεῖν,
1644 4318 1691 4374 εί
1752 4319 1828 4391 μή
1855 4318 1946 4373 καὶ

289 4414 503 4471 οἳκοθεν
561 4410 934 4486 συνεισενέγιῃ
987 4431 1094 4473 τις.
1147 4412 1478 4486 Τοιγαροῦν,
1533 4408 1689 4485 φησὶ,
1720 4408 1809 4462 καὶ
1841 4407 1947 4485 ἐγὼ

284 4499 630 4602 συνεισφὲριο
795 4496 1047 4602 βλπίδα,
1101 4498 1174 4602 ᾖς
1234 4501 1435 4602 μεῖζον,
1478 4493 1814 4602 οὗδέν;,κ.Ἥ
1840 4496 1945 4602 γέρ
1982 4538 2022 4602 D

283 4592 467 4661 ἐλπὶς,
501 4590 685 4664 φησὶν,
720 4586 1001 4663 ἂλλαχαῦ,
1059 4586 1121 4642 οὐ
1168 4583 1543 4659 καταισχύνει.
1580 4609 1607 4635 υ
1641 4583 1759 4647 Καὶ,
1794 4609 1820 4634 ‹‹
1853 4585 1944 4639 Γὲ-

281 4701 458 4746 νοιτο,
495 4679 680 4754 Κύριε,
710 4678 773 4733 τὸ
806 4673 963 4737 ἔλεός
993 4690 1094 4730 σου
1152 4674 1231 4751 ἐφ’
1284 4676 1457 4746 ἡμᾶς,
1497 4673 1739 4746 καθάπερ
1770 4671 1942 4743 ἠλπῖ-

286 4789 455 4843 σαμεν
488 4766 575 4823 ἐπὶ
607 4766 712 4822 σοί.
747 4788 769 4819 ι
804 4798 872 4808 —-
906 4789 934 4817 ‹‹
964 4764 1088 4821 ’Ότι
1123 4761 1175 4817 ἰν
1209 4759 1386 4817 οὓδειὶ
1417 4761 1875 4836 αἰσχυνθήσομαι.
1912 4786 1941 4814 υ

282 4861 431 4927 Ὀτι,
464 4858 651 4936 φησὶν,
704 4854 766 4912 ob
823 4849 1176 4930 περίϐουλοι.
1237 4852 1291 4908 οἰ
1350 4847 1657 4907 ἐπίϐουλοι.
1710 4852 1803 4908 Ἀν
1835 4852 1940 4927 γὰρ

285 4944 669 5014 ἀποκτείνωσι,
725 4943 849 4999 τότε
911 4939 1149 5017 μάλιστα
1199 4940 1537 5017 περιγέγονα.
1597 4964 1624 4991 ‹‹
1686 4938 1841 4995 Ἀλλ’
1886 4940 1939 4995 ἐν

285 5033 431 5105 πάσῃ
486 5033 784 5108 παρῥησίᾳ.
819 5053 848 5083 »
909 5032 1057 5099 Οἷον,
1120 5033 1328 5105 σαφῶς,
1385 5032 1652 5109 φανερῶς,
1711 5027 1778 5083 οὐ
1819 5050 1941 5083 συν-

283 5124 674 5196 ισκιασμὲνως.
731 5153 802 5165 --
870 5143 896 5174 ι
952 5120 1050 5175 Καὶ
1125 5122 1218 5173 νῦν
1279 5116 1739 5192 μεγαλυνθήσεται
1805 5119 1936 5189 Χρι-

281 5212 427 5275 στός.
454 5235 483 5263 ››
517 5244 582 5255 -
615 5211 824 5285 [ΦΩΤ.]
851 5210 1086 5264 Πάντοτε
1116 5204 1481 5283 ἐμεγαλύνετο
1510 5206 1743 5276 Χριστὸς
1774 5204 1826 5260 ἐν
1858 5211 1937 5279 τῷ

276 5301 507 5373 ΙΙαυΑῳ,
566 5299 657 5354 καὶ
716 5295 807 5353 ὅτε
857 5296 1174 5371 παρεχώρει
1232 5294 1393 5349 αὐτὸν
1445 5299 1561 5356 τοῖς
1595 5291 1817 5365 δεσμοῖς
1846 5296 1934 5351 καὶ

274 5395 395 5451 τοῖς
457 5387 702 5461 μάστιξιν
770 5383 1216 5457 ὶνταλαιπωρεῖν,
1284 5384 1376 5438 καὶ
1436 5383 1526 5437 ὅτε
1584 5380 1788 5453 ἐξεῖλκε
1844 5384 1935 5439 καὶ

279 5477 578 5552 ἱλυτροῦτο
634 5473 819 5532 αὺτόν.
882 5474 978 5529 Διὰ
1050 5473 1144 5547 μὲν
1195 5473 1298 5547 γὰρ
1356 5470 1563 5527 ἐκείνου
1620 5467 1935 5528 ἐϐεϐαιοῦτο

277 5566 369 5622 ναὶ
397 5564 716 5640 ἐκρατύνετο
736 5564 797 5620 τὸ
825 5565 1109 5642 κήρυγμα,
1141 5559 1518 5636 λογιζομένων
1539 5566 1648 5616 τῶν
1677 5562 1932 5635 ὁρώντων

350 5683 372 5718 ³
406 5685 571 5738 Rom.
608 5700 658 5750 v,
821 5682 843 5715 ‘
874 5679 1027 5735 Psal.
1062 5695 1228 5747 xxx",
1257 5680 1346 5734 2'2.

2136 2630 2367 2685 1.19-20.
2401 2652 2429 2680 «
2463 2632 2601 2688 Novi
2638 2633 2797 2687 enim
2830 2633 2987 2704 quod
3010 2634 3120 2689 hoc
3152 2635 3299 2690 mihi
3332 2636 3583 2692 cedetin
3609 2638 3707 2695 18

2071 2740 2093 2769 c
2126 2720 2377 2775 salutem
2400 2736 2507 2792 per
2527 2727 2781 2777 vestram
2812 2721 3294 2795 deprecationem
3316 2729 3374 2780 et
3389 2725 3708 2780 subminis-

2066 2830 2094 2858 ‹‹
2128 2809 2446 2867 trationem
2477 2809 2727 2880 Spiritus
2756 2810 2893 2866 Jesu
2924 2812 3139 2867 Christi
3199 2814 3527 2870 secundum
3567 2830 3710 2869 exs-

2064 2923 2092 2949 ‹‹
2129 2900 2523 2971 pectationem
2557 2905 2614 2955 et
2644 2916 2811 2971 spem
2842 2902 3228 2974 meam,quod
3250 2904 3420 2959 nulla
3440 2904 3500 2958 in
3525 2920 3589 2959 re
3611 2920 3715 2976 pu-

2063 3012 2090 3039 «
2125 2988 2363 3056 deﬁam,
2399 2989 2501 3043 sed
2553 3005 2688 3047 cum
2741 2992 2904 3045 omni
2936 2991 3211 3048 libertate
3241 2997 3307 3048 ut
3338 3009 3596 3066 semper,
3629 2994 3714 3049 ita

2061 3099 2089 3127 «
2120 3094 2277 3134 nunc
2309 3092 2546 3149 quoque
2580 3078 3061 3148 magnificabitur
3081 3080 3351 3136 Christus
3382 3082 3441 3137 in
3465 3098 3710 3154 corpore

1994 3167 2036 3233 ρ
2069 3188 2096 3215 ‹‹
2132 3182 2282 3233 meo,
2317 3167 2435 3221 sive
2466 3182 2574 3238 per
2602 3168 2800 3233 vitam,
2833 3168 2954 3223 sive
2986 3184 3091 3241 per
3122 3175 3373 3225 mortem
3405 3190 3457 3225 ».

2135 3278 2161 3304 ι(
2197 3256 2330 3309 Hoc.
2366 3275 2389 3304 ι
2426 3257 2540 3309 Aut
2568 3254 2854 3328 illigatum
2888 3272 3039 3323 esse,
3074 3264 3177 3313 aut
3207 3258 3280 3314 ab
3311 3259 3455 3331 ipsis
3485 3258 3705 3331 praedi-

2060 3345 2179 3399 cari
2213 3344 2535 3410 Christum,
2569 3352 2670 3400 aut
2700 3346 2879 3402 etiam
2910 3346 3144 3403 insidiis
3202 3349 3400 3420 appeti
3433 3349 3505 3404 ab
3559 3348 3702 3417 illis,

2066 3455 2085 3480 ι
2120 3436 2182 3489 in
2215 3434 2521 3490 salutem.»
2562 3435 2821 3491 Salutem
2855 3441 3052 3492 autem
3083 3437 3226 3494 dicit
3255 3438 3414 3509 quod
3435 3439 3701 3494 nondum

2059 3529 2362 3594 pateretur
2389 3524 2760 3596 martyrium.
2820 3548 2847 3575 ‹‹
2876 3527 2988 3581 Per
3014 3531 3269 3584 vestram
3330 3526 3699 3600 clepreeatio-

2061 3629 2217 3667 nem.
2264 3637 2285 3666 ι
2326 3613 2468 3668 Vide
2499 3619 2697 3668 autem
2728 3619 3015 3686 quantum
3048 3632 3177 3671 sese
3209 3615 3500 3673 demittat.
3553 3618 3698 3672 Cum

2058 3701 2133 3757 ob
2190 3703 2504 3757 innumera
2560 3703 2847 3774 praeclara
2901 3703 3165 3759 facinora
3220 3704 3540 3761 deberetur
3588 3705 3700 3759 sibi

2056 3791 2327 3857 salus,ait
2360 3808 2373 3844 :
2406 3793 2518 3847 Per
2548 3796 2796 3847 vestram
2828 3792 3331 3863 deprecationem.
3368 3794 3423 3847 Si
3477 3799 3700 3848 vestras

2056 3879 2268 3949 inquit,
2329 3879 2781 3949 deprecationes
2832 3878 3083 3951 adeptus
3139 3880 3327 3947 fuero,
3385 3880 3497 3935 erit
3552 3881 3698 3936 mihi

2055 3967 2420 4025 abundantia
2451 3973 2509 4022 et
2540 3968 2715 4023 veluti
2750 3974 3191 4024 accrementum
3223 3968 3488 4039 spiritus.
3532 3991 3561 4019 «
3595 3969 3699 4023 Se-

2055 4056 2314 4115 cundum
2346 4057 2871 4126 exspectationem.
2906 4079 2935 4108 ››
2985 4057 3496 4129 Exspectationem
3555 4057 3700 4113 dicit

2054 4145 2463 4199 vehementem
2499 4151 2555 4198 et
2586 4145 2886 4201 intensam
2920 4160 3109 4215 spem,
3142 4160 3320 4215 quam
3351 4145 3486 4216 quis
3515 4145 3697 4200 etiam

2055 4234 2245 4304 capite
2271 4234 2398 4304 ipso
2421 4239 2579 4287 moto
2603 4232 2870 4288 observat
2889 4250 2957 4289 ac
2980 4233 3362 4304 concupiscit.
3394 4257 3414 4282 ι
3440 4236 3509 4289 Et
3528 4250 3695 4305 spem

2057 4337 2308 4377 meam.»
2331 4324 2409 4376 Ex
2427 4322 2519 4376 his
2546 4321 2715 4376 docet
2738 4339 2857 4377 non
2891 4329 3165 4393 oportere
3193 4322 3256 4380 in
3281 4321 3425 4376 solis
3441 4321 3694 4377 aliorum

2054 4409 2330 4482 precibus
2376 4410 2696 4477 conlidere,
2747 4410 2863 4466 nisi
2915 4411 3095 4465 etiam
3144 4426 3180 4467 a
3224 4410 3419 4482 seipso
3466 4410 3694 4481 aliquid

2054 4500 2339 4558 conferat.
2373 4500 2577 4570 Itaque
2609 4504 2668 4554 et
2697 4501 3046 4572 ego,inquit,
3078 4515 3245 4571 spem
3279 4499 3457 4555 simul
3488 4500 3691 4566 affero,

2054 4604 2172 4658 qua
2201 4587 2350 4641 nihil
2384 4589 2575 4660 majus
2606 4594 2714 4643 est.
2749 4610 2776 4637 «
2812 4591 2957 4660 Spes
2987 4588 3169 4654 enim,
3202 4588 3348 4643 dicit
3374 4588 3538 4657 alibi,
3573 4604 3694 4644 non

2047 4676 2442 4747 pudefacith
2478 4677 2546 4730 Et
2578 4693 2591 4730 :
2627 4698 2655 4725 «
2690 4678 2818 4730 Fiat
2850 4676 3261 4731 misericordia
3291 4677 3690 4741 tua,Domine,

2054 4780 2232 4834 super
2279 4780 2409 4827 nos,
2468 4765 2968 4834 quemadmodum
3021 4766 3385 4836 speravimus
3434 4766 3494 4819 in
3546 4771 3600 4820 te
3648 4766 3690 4821 ‘.

2054 4875 2081 4901 ‹‹
2113 4852 2278 4917 Quod
2310 4852 2475 4907 nulla
2532 4854 2591 4907 iu
2627 4870 2686 4908 re
2742 4854 3061 4925 pudeliam.
3099 4876 3127 4904 »
3154 4855 3301 4919 Quia
3358 4856 3693 4925 superiores

2051 4957 2171 4996 non
2203 4948 2380 4997 eiuut
2408 4942 2788 4997 insidiatores
2816 4960 2829 4997 :
2863 4960 2999 4997 nam
3032 4942 3080 4997 si
3112 4942 3459 5011 occiderint,
3486 4943 3549 4997 in
3582 4944 3691 4997 hoc

2050 5030 2307 5085 maxime
2337 5031 2550 5085 vicero.
2589 5053 2616 5081 ιι
2651 5031 2763 5085 Sed
2820 5048 2955 5086 cum
2987 5032 3147 5086 omni
3180 5031 3475 5086 libertate.
3508 5053 3536 5079 »ι
3570 5031 3689 5087 Hoc

2050 5124 2158 5185 est,
2190 5118 2876 5189 perspicue.aperte,non
2904 5120 3137 5173 obtecto
3170 5118 3440 5177 modo.—
3462 5141 3491 5169 «ι
3526 5120 3690 5174 Nunc

2048 5224 2284 5278 quoque
2312 5208 2787 5280 magniﬁcabi‘tur
2807 5210 3131 5263 Christus.»
3159 5211 3405 5280 Semper
3424 5209 3484 5263 in
3505 5209 3688 5263 Paulo

2047 5295 2539 5367 magniﬁcabatur
2568 5298 2855 5363 Christus,
2888 5303 2948 5353 et
2978 5297 3214 5368 quando
3245 5298 3439 5367 ipsum
3492 5297 3690 5352 trade-

2048 5386 2165 5453 bat,
2198 5391 2263 5439 ut
2292 5386 2544 5440 vinculis
2574 5402 2642 5441 ac
2673 5386 2923 5458 ﬂagellis
2958 5402 3174 5441 misere
3214 5385 3597 5459 afﬂigeretur,
3630 5392 3688 5442 et

2047 5474 2283 5546 quando
2308 5474 2595 5530 educebat
2617 5492 2752 5530 eum
2775 5491 2843 5530 ac
2862 5474 3168 5531 liberabat.
3192 5477 3306 5530 Per
3323 5474 3472 5530 illud
3516 5491 3683 5531 nam-

2046 5580 2159 5636 que
2191 5564 2676 5633 confirmabatur,
2704 5565 2975 5637 viresque
2999 5565 3271 5620 sumebat
3301 5565 3641 5637 praedicatio
3668 5582 3682 5621 :
