4072 6266
498 345 650 405 1271

1581 339 2007 401 OECUMENII
2055 337 2360 400 TRICCE
2402 340 2677 404 EPISCO
2688 343 2781 403 PI.

3708 342 3815 403 12Ἱὲ

496 478 638 533 dum
672 477 731 531 hi
765 475 865 546 qui
900 473 1064 530 Pauli
1097 472 1331 529 vincula
1362 479 1421 527 et
1450 472 1804 529 afﬂictiones
1835 472 2143 528 intueban-

2258 472 2320 526 τά
2350 471 2568 528 Παύλου
2617 472 2790 548 δεσμὰ
2835 474 2927 531 καὶ
2974 474 3071 538 τὰς
3118 472 3353 548 θλίψεις,
3386 474 3458 534 ὡς
3485 473 3529 528 εἷ
3559 476 3626 546 μή
3652 474 3766 530 θεῖόν
3784 498 3818 531 τι

497 574 613 632 tur,
646 567 707 620 id
737 563 894 636 apud
926 579 989 618 se
1019 562 1374 635 cogitabant,
1421 563 1579 633 quod
1610 563 1726 618 nisi
1758 562 1957 618 divina
1987 568 2144 618 esset

466 672 565 718 ,ac
594 654 905 709 verissima
938 652 1068 723 ejus
1097 650 1847 722 prmdicatiomequaquam
1879 652 2142 724 gaudens

498 745 829 800 innumeris
861 743 1123 813 seipsum
1156 747 1479 814 exponeret
1508 742 1703 813 malis,
1747 760 1881 797 cum
1937 743 2143 797 liceret

503 832 800 891 cessando
858 830 1122 886 lirebari.
1184 830 1322 886 ldeo
1384 832 1596 886 merito
1656 831 2147 904 magnificabatur

498 926 767 980 Christus
797 921 1145 978 conﬁrmato
1168 921 1761 994 Evangelio.Rursum
1780 928 1979 977 autem
2004 922 2144 978 dum

499 1012 848 1069 extrahebat
876 1028 946 1066 ac
979 1009 1270 1081 eripiebat
1327 1011 1519 1081 ipsum
1555 1027 1584 1065 e
1618 1012 1918 1083 periculis,
1965 1012 2144 1066 etiam

498 1104 637 1159 inde
668 1101 1176 1174 magnificabatur.
1212 1101 1332 1155 Nisi
1365 1100 1522 1155 enim
1557 1101 1755 1156 divina
1784 1100 2055 1172 quaedam
2088 1106 2147 1155 et

502 1209 680 1263 super
704 1190 1009 1245 hominem
1035 1195 1190 1245 esset
1208 1190 1396 1261 gratia
1414 1207 1543 1259 quas
1566 1191 1815 1245 Paulum
1841 1191 2144 1259 liberaret,

498 1274 602 1337 ‘74
633 1278 929 1351 quomodo
964 1278 1157 1333 soluta
1202 1278 1454 1333 fuissent
1506 1278 1739 1334 vincula
1768 1279 1796 1332 ‘2
1842 1280 2145 1343 Quomodo

499 1374 703 1441 aperta
733 1368 885 1423 ostia
912 1366 983 1422 s‘I
1015 1366 1312 1438 quomodo
1344 1369 1659 1423 innumera
1689 1368 1793 1423 illa
1819 1367 1975 1423 facta
2001 1367 2146 1423 fuis-

501 1464 633 1514 sent
662 1455 951 1512 miracula
974 1456 1001 1510 εἶ
1029 1455 1456 1511 Testimonium
1488 1456 1685 1527 itaque
1727 1456 1948 1511 ferebat
1980 1457 2150 1512 Chri-

502 1553 629 1602 stus
659 1546 841 1602 Paulo
872 1562 941 1599 ex
976 1561 1043 1600 eo
1075 1544 1233 1616 quod
1265 1561 1295 1598 e
1327 1545 1609 1616 periculis
1642 1545 1970 1600 liberabat:
2024 1562 2150 1600 rur-

502 1653 753 1708 sumque
812 1634 1031 1690 Paulus
1091 1650 1161 1688 ex
1219 1650 1288 1689 eo
1345 1633 1504 1705 quod
1558 1639 1837 1691 constans
1903 1638 2029 1689 erat
2084 1633 2147 1688 in

501 1723 1365 1791 afﬂictionibus,testimonium
1380 1722 1606 1779 ferebat
1626 1724 2062 1795 prmdicationi:
2088 1730 2149 1779 et

2248 560 2339 615 καὶ
2396 561 2708 635 πανάληθες
2767 564 2935 620 αὐτοῦ
2991 564 3055 619 τὸ
3112 565 3389 637 κήρυγμα,
3441 563 3540 618 οὐκ
3590 562 3641 616 ἂν
3685 565 3822 619 ἑαυτὸν

2252 649 2469 720 μυρίοις
2528 653 2737 727 χαίρων
2795 650 3035 723 ἐξεδίδου
3090 656 3301 718 κακοῖς,
3361 650 3473 706 ἐνὸν
3542 654 3819 726 παυσάμενον

2250 738 2713 797 ἀπαλλάττεσθαι.
2749 744 2842 798 Διὸ
2901 742 3129 804 εἰκότως
3187 742 3545 816 ἐμεγαλύνετο
3573 744 3599 796 6
3628 743 3821 816 Χριστὸς,

2249 833 2346 883 τοῦ
2376 831 2725 905 κηρύγματος
2787 826 3199 906 βεϐαιουμένου.
3260 829 3429 885 Πάλιν
3462 826 3518 884 δὲ
3554 830 3635 885 ὅτε
3670 829 3826 902 ἐξεῖλγι

2251 917 2341 973 καὶ
2399 918 2691 995 ἐξήρπαξεν
2781 920 2943 976 αὐτὸν
3026 919 3086 976 ἒκ
3163 924 3271 975 τῶν
3330 917 3607 988 κινδύνων,
3659 919 3828 983 αὐτόθεν

2254 1006 2633 1081 ἐμεγαλύνετο.
2670 1008 2734 1066 Εἴ
2801 1010 2879 1082 μὴ
2934 1011 3036 1085 γὰρ
3077 1008 3195 1064 θεία
3222 1030 3307 1071 τις
3333 1008 3423 1064 καὶ
3455 1009 3581 1083 ὑπὲρ
3608 1007 3830 1082 ἄνθρωπον

2251 1097 2655 1171 ἦνὴρυομένη
2718 1099 2811 1153 τὸν
2885 1099 3097 1155 Παῦλον
3169 1098 3358 1172 χάρις,
3423 1102 3538 1160 πῶς
3592 1097 3753 1152 ἐλύετο
3786 1102 3830 1153 τᾶ

2254 1184 2465 1258 ὃεσμά;
2523 1193 2645 1249 [Ιῶς
2703 1189 3040 1264 ἀνεῴγνυντο
3096 1189 3151 1243 αἱ
3207 1188 3404 1262 θύραι;
3466 1192 3582 1248 Πῶς
3630 1188 3689 1241 τά
3714 1188 3835 1262 μυρία

2253 1275 2501 1348 θαύματα
2547 1274 2723 1331 ἐκεῖνα
2781 1275 3071 1354 ἐγεγόνεις
3153 1276 3479 1352 Ἐμαρτύρει
3550 1277 3634 1331 οὗν
3676 1278 3701 1331 6
3742 1279 3837 1350 Χρι-

2254 1364 2381 1426 στὸς
2431 1361 2500 1418 δι’
2556 1367 2633 1419 ὧν
2687 1364 2907 1441 ἐρρύετο
2947 1370 3053 1421 τῶν
3099 1364 3357 1421 κινδύνων
3386 1364 3606 1438 Παύλῳ,
3631 1365 3708 1419 καὶ
3735 1369 3838 1419 Παῦ-

2259 1452 2354 1516 λος
2414 1454 2602 1526 πάλιν,
2668 1453 2738 1510 δι’
2812 1456 2886 1510 ὧν
2964 1455 3292 1531 ἐνεκαρτέρει
3366 1460 3484 1517 τοῖς
3558 1461 3840 1530 πειρασμοῖς,

2258 1542 2547 1618 ἐμαρτύρει
2586 1548 2665 1616 τῷ
2715 1552 3052 1619 κηρύγματι,
3109 1546 3200 1600 καὶ
3259 1542 3330 1599 δι’
3384 1547 3583 1623 ἀμφοῖν
3616 1545 3841 1618 ὀΧριστὸς

2257 1630 2645 1708 ἐμεγαλύνετο·
2704 1632 2892 1696 Οὕτως
2947 1634 3039 1689 οὖν
3099 1634 3189 1689 καὶ
3244 1638 3336 1687 νῦν
3377 1639 3563 1712 φησιν·
3595 1632 3707 1690 Εἳτε
3731 1632 3840 1702 ἐξαι-

2258 1722 2430 1795 ρεῖται
2464 1744 2532 1794 με
2559 1727 2657 1778 τοῦ
2715 1723 2967 1794 θανάτου,
3022 1724 3129 1779 εἲτε
3183 1726 3259 1799 μή
3320 1725 3347 1779 6
3407 1723 3729 1799 Χριστὸς,ἐν
3750 1724 3839 1795 ἐμοὶ

500 1826 757 1887 utroque
783 1812 955 1868 modo
971 1812 1240 1867 Christus
1260 1812 1981 1883 mrgniﬁcabaturJtaque
2009 1828 2145 1885 ergo

2258 1809 2745 1885 μεγαλυνθήσεται.
2808 1813 2953 1887 Ἐγὼ
3006 1815 3112 1891 φάρ
3168 1814 3259 1869 καὶ
3318 1819 3445 1884 ζῶν,
3498 1820 3595 1883 τῆς
3643 1814 3756 1888 ὑπὲρ
3776 1815 3844 1868 τοῦ

503 1914 560 1963 et
586 1921 743 1962 nunc
773 1904 855 1958 ait
888 1919 901 1956 :
964 1902 1091 1957 Sive
1123 1900 1350 1956 leberet
1406 1918 1501 1956 me
1532 1902 1801 1957 Christus
1856 1920 1890 1957 a
1938 1907 2149 1967 morte,

502 1997 621 2051 sive
652 2010 794 2059 non,
815 1992 875 2045 in
908 2007 1002 2046 me
1033 1989 1533 2062 magniﬁcabitur.
1561 1991 1674 2062 Ego
1693 1991 1929 2045 enimet
1954 1990 2151 2045 vivens

504 2102 537 2141 a
566 2080 929 2155 praedicandi
962 2079 1237 2134 libertate
1263 2094 1386 2133 non
1415 2078 1716 2134 discedam
1752 2095 1765 2133 :
1805 2085 1862 2134 et
1918 2079 1967 2134 si
2000 2079 2151 2133 mori

505 2189 601 2228 me
631 2175 1062 2243 oporteat,cum
1092 2167 1202 2222 hac
1225 2167 1462 2223 moriar.
1493 2187 1520 2219 ι
1552 2168 1618 2222 In
1649 2184 1895 2239 corpore
1928 2184 2080 2223 meo.
2129 2191 2150 2216 ι

511 2261 603 2316 Illi
634 2276 741 2331 per
778 2259 891 2313 hoc
924 2256 1079 2327 quod
1102 2256 1400 2311 Christum
1434 2272 1501 2311 ex
1533 2257 1914 2312 contentione
1946 2258 2155 2329 praedi-

510 2344 1195 2419 cabant.arbitrabantur
1224 2345 1419 2415 ipsum
1452 2345 1661 2401 tollere
1686 2363 1699 2400 :
1734 2345 1791 2400 id
1813 2351 2013 2400 autem
2032 2362 2151 2401 non

508 2439 591 2493 ita
621 2433 1089 2505 erit,inquit,sed
1120 2431 1599 2504 magniﬁcabitur
1628 2433 1895 2488 Christus
1929 2433 1989 2487 in
2024 2450 2156 2488 cor-

505 2543 648 2598 pore
678 2532 906 2590 meo,ut
938 2523 1036 2594 qui
1070 2538 1306 2594 semper
1336 2538 1429 2576 me
1454 2522 1669 2593 eripiat
1698 2528 1873 2593 atque
1902 2522 2157 2578 redimat

504 2622 682 2687 prout
711 2614 824 2686 ipsi
850 2612 1034 2669 moris
1066 2618 1173 2667 est.
1194 2611 1416 2666 Deinde
1449 2611 1546 2665 ubi
1581 2611 1774 2682 prima
1804 2611 2153 2666 defensione

505 2703 836 2769 absolutus,
888 2717 1125 2756 rursum
1182 2700 1416 2755 ablatus
1466 2705 1643 2765 esset,
1704 2700 1882 2755 etiam
1932 2701 1993 2755 in
2044 2701 2155 2755 hoc

506 2791 933 2865 magniﬁcavit,
979 2789 1081 2856 ait,
1141 2789 1424 2845 Christus.
1463 2810 1490 2836 ‹‹
1543 2789 1669 2843 Sive
1731 2807 1836 2860 per
1893 2789 2094 2846 vitam.
2128 2812 2155 2838 ››

507 2880 796 2945 Quoniam
830 2877 1047 2949 eripuit
1106 2892 1198 2931 me
1230 2876 1301 2931 de
1335 2893 1437 2931 ore
1493 2876 1764 2932 Neronis.
1799 2900 1826 2926 ‹‹
1888 2878 2011 2931 Sive
2054 2895 2159 2949 per

508 2974 785 3024 mortem.
823 2990 849 3016 »
881 2966 1170 3032 Quoniam
1204 2966 1359 3021 vires
1413 2964 1558 3021 mihi
1612 2967 1912 3037 praastitit,
1960 2972 2026 3022 ut
2055 2967 2154 3021 de-

512 3058 804 3130 spicerem
838 3061 1110 3112 mortem.
1148 3056 1264 3110 Hoc
1296 3061 1495 3111 autem
1528 3054 1690 3118 dicit,
1720 3072 1841 3111 non
1876 3061 2157 3128 tanquam

510 3148 826 3204 confestim
858 3146 1219 3201 moriturus:
1256 3144 1359 3199 sed
1391 3144 1553 3215 ipsos
1585 3144 2029 3213 confortans,ne
2056 3145 2156 3200 ubi

510 3237 622 3291 hoc
653 3234 950 3291 accideret
977 3233 1379 3288 turbarentur.

579 3326 622 3378 Ι.
642 3326 826 3378 21-26.
852 3346 878 3373 (ί
906 3324 1049 3377 Nam
1070 3322 1217 3376 mihi
1241 3322 1357 3377 vita
1373 3322 1642 3377 Christus
1661 3326 1770 3389 est,
1795 3326 1854 3376 et
1872 3338 2031 3377 mors
2062 3322 2151 3376 lu-

508 3435 536 3462 ‹‹
569 3409 926 3475 crum.Quod
945 3410 991 3463 si
1008 3409 1309 3481 contingat
1325 3410 1513 3464 vivere
1531 3409 1878 3477 incarne,ea
1891 3428 1986 3465 res
2008 3412 2153 3467 mihi

516 3519 538 3546 ε
571 3499 799 3555 fructus
822 3504 911 3554 est
932 3499 1218 3570 operis,et
1234 3498 1379 3567 quid
1396 3498 1607 3570 eligam
1633 3501 1857 3569 ignoro.
1877 3502 2155 3557 Coarctor

511 3612 538 3638 ι(
572 3589 734 3643 enim
750 3604 818 3642 ex
831 3587 925 3642 his
938 3586 1545 3653 duobus,desiderans
1559 3586 1799 3642 dissolvi
1814 3593 2011 3643 etesse
2026 3607 2152 3646 cum

511 3701 537 3727 ‹‹
574 3676 992 3748 Christo,quod
1017 3676 1203 3731 multo
1216 3676 1507 3748 longeque
1520 3676 1735 3731 melius
1749 3679 2152 3735 est.Caeterum

511 3791 539 3818 ‹‹
570 3783 812 3823 manere
826 3767 885 3821 in
900 3782 1076 3821 carne
1092 3766 1276 3837 magis
1290 3766 1691 3821 necessarium
1708 3772 1948 3838 propter
1960 3783 2060 3822 vos
2087 3769 2157 3822 Et

512 3880 540 3909 ‹‹
571 3858 682 3912 hoc
696 3874 1014 3929 persuasus
1028 3856 1148 3912 scio
1165 3856 1321 3927 quod
1336 3856 1654 3911 mansu‘rus
1667 3857 1868 3923 sim,et
1884 3874 2016 3913 cum
2035 3875 2156 3913 om-

512 3969 543 3999 ι(
573 3947 749 4003 nibus
767 3947 929 4003 vobis
951 3962 1372 4018 permansurus
1393 3946 1468 4001 ad
1483 3953 1738 4001 vestrum
1758 3947 2082 4018 profectum
2099 3955 2157 4004 et

511 4061 537 4089 ‹‹
570 4038 848 4109 gaudium
866 4037 1026 4103 ﬁdei,
1052 4043 1115 4091 ut
1136 4037 1322 4107 gloria
1347 4042 1534 4092 vestra
1564 4037 1845 4093 exuberet
1865 4056 1971 4110 per
1989 4040 2154 4094 Chri-

510 4149 538 4177 «
574 4133 729 4181 stum
754 4129 952 4182 Jesum
978 4128 1039 4181 in
1064 4144 1290 4199 me,per
1309 4144 1507 4182 meum
1536 4127 1813 4183 iteratum
1837 4128 1909 4183 ad
1932 4146 2033 4183 vos
2058 4128 2155 4184 ad-

509 4238 536 4265 ‹‹
571 4221 829 4272 ventum.
864 4238 892 4265 υ

579 4303 737 4360 Alibi
761 4306 844 4360 ait
869 4323 880 4359 :
911 4305 1075 4370 Quod
1097 4310 1293 4360 autem
1319 4320 1477 4359 nunc
1501 4305 1624 4360 vivo
1651 4304 1711 4359 in
1734 4322 1931 4373 carne,
1958 4306 2015 4360 in
2040 4306 2154 4361 ﬁde

504 4393 631 4448 vivo
661 4393 794 4448 Filii
825 4393 950 4460 Dei,
973 4392 1072 4464 qui
1106 4392 1312 4448 dilexit
1336 4408 1426 4446 me
1445 4391 1487 4459 ⁸,
1515 4399 1572 4448 et
1596 4394 1707 4448 hoc
1730 4410 1888 4449 nunc
1919 4412 2153 4466 quoque

506 4482 670 4551 dicit,
705 4482 903 4554 Ipsum
936 4482 1126 4537 habeo
1158 4481 1336 4535 vitam
1374 4497 1385 4534 :
1419 4497 1611 4552 neque
1644 4483 1803 4537 enim
1836 4484 1937 4552 qui
1979 4500 2152 4539 mun-

2255 1900 2607 1974 κηρύγματος
2662 1901 2972 1977 παρῥησὶας
3033 1903 3131 1958 οὐκ
3182 1905 3591 1976 ἀποστήσομαι,
3644 1903 3726 1958 κᾶν
3775 1899 3845 1974 δότ,

2260 2009 2327 2062 με
2385 1991 2653 2060 τεθνάναι,
2715 1994 2850 2064 μετά
2904 1993 3108 2063 ταύτης
3183 1996 3540 2067 τεθνήξομαι.
3594 2017 3621 2063 ς(
3677 1994 3750 2049 Ἐν
3794 1996 3849 2063 τῷ

2259 2078 2473 2151 σώματί
2505 2100 2629 2151 μου.
2663 2105 2686 2135 ι
2718 2081 2945 2136 Ἐκεῖνοι
2988 2079 3077 2137 διὰ
3127 2086 3225 2137 τοῦ
3282 2081 3332 2155 ἐξ
3394 2081 3622 2157 ἐριθείας
3650 2082 3730 2136 τὸν
3755 2082 3852 2153 Χρι-

2259 2168 2382 2222 στὸν
2412 2166 2829 2245 καταγγέλλειν,
2881 2166 3056 2242 ᾤοντο
3113 2171 3278 2226 αὐτὸν
3318 2172 3576 2244 ἀναιρεῖν.
3607 2171 3679 2228 Τὸ
3705 2167 3754 2224 δὲ
3776 2168 3855 2242 οὐχ

2259 2255 2433 2318 οὕτως
2485 2253 2657 2326 ἔσται,
2713 2255 2860 2313 ἀλλά
2929 2258 3394 2334 μεγαλυνθήσεται
3427 2261 3457 2315 ὁ
3496 2259 3708 2335 Χριστὸς
3732 2258 3774 2313 ἐν
3796 2262 3852 2327 τῷ

2259 2344 2475 2417 σώματί
2535 2368 2661 2418 μου,
2720 2347 2796 2411 ὡς
2850 2349 3081 2403 πάντοτε
3137 2347 3523 2422 ἐξαιρούμενός
3567 2369 3650 2421 με,
3678 2348 3742 2411 ὡς
3766 2346 3852 2410 ἔθος

2259 2436 2428 2508 αὐτῷ,
2459 2437 2549 2492 καὶ
2583 2435 2978 2512 λυτρούμετος.
3011 2440 3140 2496 Εἶτα
3189 2437 3377 2508 ἐπειδὴ
3424 2442 3530 2509 τήν
3564 2442 3650 2513 μὶν
3678 2440 3853 2512 πρώτην

2257 2524 2562 2599 ἀπολογίαν
2600 2522 2878 2603 διαφυγὼν
2932 2526 3088 2592 αὖθις
3144 2528 3397 2602 impiam
3455 2531 3609 2603 φησι,
3665 2524 3851 2603 μεγαλύ-

2258 2635 2402 2669 νεται
2433 2615 2690 2689 Χριστός.
2726 2639 2756 2669 (ι
2791 2615 2918 2672 Εἲτε
2972 2614 3061 2672 διὰ
3123 2622 3288 2687 ζωῆς,
3324 2642 3353 2670 ››
3386 2615 3611 2686 Ἐπειδῆ
3641 2616 3850 2690 ἑξήρπισέ

2264 2725 2331 2775 με
2368 2704 2427 2759 ἐκ
2478 2708 2576 2759 τοῦ
2636 2705 2908 2778 στόματος
2962 2710 3061 2762 τοῦ
3108 2712 3374 2779 Νέρωνος.
3414 2731 3444 2759 ‹‹
3477 2708 3599 2764 Εἲτε
3626 2705 3707 2762 διὰ
3730 2705 3852 2760 θανά-

2258 2813 2377 2848 του*
2414 2818 2436 2847 ι
2475 2791 2695 2863 Ἐπειδή
2742 2794 3004 2870 ἐνεύρωσὲ
3058 2816 3125 2868 με
3154 2796 3291 2851 ὥστε
3334 2794 3408 2851 δι’
3454 2797 3613 2851 αὐτὸν
3639 2813 3853 2867 καταφρο-

2259 2889 2418 2952 νῆσαι
2446 2882 2695 2946 θανάτοῦ.
2729 2885 2908 2940 Τοῦτο
2940 2882 2998 2940 δέ
3055 2906 3239 2961 φησιν,
3299 2885 3411 2964 οὐχ
3450 2886 3527 2941 ὡς
3554 2884 3733 2949 εὐθέως
3755 2882 3853 2938 ἀπο-

2263 2970 2611 3044 θανούμενος,
2670 2970 2798 3028 ἀλλ’
2856 2972 3288 3051 ἀσφαλιζόμενος
3345 2973 3574 3044 αὐτοὺς,
3631 2975 3700 3049 μή
3735 2985 3853 3047 θορυ-

2263 3055 2476 3115 ϐεῖσθαι
2505 3060 2701 3117 τούτου
2733 3060 3046 3139 γινομένου.

2330 3316 2494 3387 Ἐμοὶ
2550 3316 2653 3391 γὰρ
2719 3316 2782 3372 τὸ
2822 3320 2917 3390 ζῇν
2991 3318 3240 3392 Χριστὸς,
3316 3320 3409 3374 καὶ
3486 3320 3550 3375 τὸ
3621 3318 3855 3375 ἀποθανεῖν

2256 3399 2469 3478 κέρδος.
2530 3403 2596 3460 Εἴ
2654 3400 2712 3458 δὲ
2765 3406 2826 3459 τὸ
2890 3403 2981 3479 ζῇν
3037 3403 3089 3460 ἐν
3149 3406 3327 3482 σαρκὶ,
3356 3409 3521 3462 τεῦτό
3564 3429 3654 3481 μοι
3698 3403 3854 3480 καρπὸς

2258 3486 2436 3567 ἔργου,
2492 3492 2582 3547 καὶ
2648 3491 2698 3548 τί
2765 3492 3070 3569 αῗργςσομαι
3134 3493 3197 3549 οὗ
3263 3495 3540 3571 γνωρίζω.
3602 3503 3854 3569 Συνὲχομιι

2260 3578 2317 3636 δὲ
2375 3582 2434 3636 ἐκ
2485 3585 2594 3637 τῶν
2655 3579 2775 3655 δύο,
2823 3583 2921 3651 τήν
2981 3582 3269 3656 ἐπιθυμίαν
3316 3582 3466 3660 ἔχων
3526 3585 3600 3647 εἷς
3658 3585 3716 3640 τὸ
3762 3583 3853 3637 ἁνι-

2260 3668 2417 3726 λῦσαι
2491 3670 2581 3725 καὶ
2658 3669 2750 3724 σὺν
2826 3673 3051 3744 Χριστῷ
3133 3673 3284 3742 εἶναι,
3384 3673 3592 3745 πολλῷ
3688 3669 3851 3747 μᾶλλον

2258 3766 2529 3832 κρεῖσσον.
2616 3761 2687 3813 Τὸ
2779 3756 2837 3814 δὲ
2903 3760 3174 3833 ἐπιμένειν
3246 3761 3299 3816 ὲν
3361 3766 3432 3836 τῇ
3505 3765 3678 3837 σαρκὶ,
3735 3762 3853 3833 ἀνιτ-

2259 3848 2537 3924 καιότερον
2600 3845 2669 3903 δι’
2730 3849 2889 3921 ὑμᾶς.
2952 3851 3057 3905 Καὶ
3112 3854 3275 3907 τοῦτο
3328 3854 3612 3917 πεποιθὼς
3667 3848 3772 3906 οἶδα
3796 3851 3853 3903 ὅτι

2263 3937 2408 4011 μένω
2464 3938 2553 3992 καὶ
2614 3943 3023 4015 συμπαραμενῶ
3077 3943 3237 3995 πᾶσιν
3296 3940 3450 4015 ὑμῖν,
3493 3941 3573 4004 εἷς
3625 3942 3714 4011 τήν
3744 3940 3852 4011 ὑμῶν

2257 4028 2542 4102 προκοπὴν
2575 4026 2665 4082 καὶ
2721 4028 2897 4103 χαρὰν
2943 4035 3044 4098 τῆς
3101 4029 3359 4101 πίστεως,
3410 4030 3505 4085 ἳνα
3533 4032 3594 4086 τὸ
3642 4029 3854 4103 καύχημα

2261 4115 2415 4186 ὑμῶν
2479 4115 2769 4190 περισσεύῃ
2839 4116 2891 4170 ὲν
2964 4117 3176 4190 Χριστῷ
3247 4120 3438 4189 Ἰησοῦ
3498 4120 3551 4174 ἒν
3609 4117 3740 4191 ἒμοὶ,
3791 4112 3853 4168 διὰ

2257 4210 2358 4272 τῆς
2390 4204 2528 4276 ἕμῆς
2558 4204 2854 4280 παρουσίας
2885 4205 3048 4261 πάλιν
3077 4206 3212 4280 πρὸς
3249 4207 3408 4280 ὑμᾶς.

2332 4292 2619 4368 ’Δλλαχοῦ
2647 4314 2833 4372 φησιν,
2868 4295 2935 4351 *Ο
2984 4292 3040 4349 δὲ
3092 4299 3186 4349 νῦν
3237 4300 3315 4366 ζῶ
3346 4295 3400 4351 ἐν
3434 4298 3615 4371 σαρκὶ,
3646 4298 3692 4352 ὲν
3720 4292 3853 4348 aiens:

2260 4385 2338 4451 ζῶ
2388 4384 2456 4455 τῇ
2512 4385 2608 4437 τοῦ
2665 4380 2792 4437 Υἱοῦ
2859 4387 2959 4437 τοῦ
3037 4387 3169 4439 Θεοῦ
3222 4388 3321 4439 τοῦ
3380 4384 3739 4461 ἀγαπήσαντός
3787 4400 3850 4453 με.

2260 4472 2437 4527 Τοὖτο
2467 4471 2558 4525 καὶ
2588 4475 2679 4524 νῦν
2715 4471 2881 4547 λέγει’
2916 4473 3092 4528 Αὐτὸν
3143 4470 3259 4547 ἔχω
3302 4477 3403 4542 τήν
3444 4477 3610 4546 ζωήν.
3641 4471 3760 4532 Οὐδὲ

506 4571 647 4627 dum
679 4569 1061 4641 despiciebat,
1096 4569 1455 4624 mundanam
1502 4569 1729 4624 vivebat
1785 4571 1986 4640 vitam,
2047 4571 2148 4627 sed

2263 4559 2290 4613 6
2321 4563 2418 4613 τοῦ
2447 4559 2657 4633 κόσμου
2715 4566 3084 4635 καταφρονῶν,
3136 4563 3239 4630 τὴν
3297 4565 3571 4636 κοσμικὴν
3611 4559 3695 4632 ἔζη
3728 4567 3847 4628 (uri.

506 4659 742 4724 Christi,
776 4658 835 4713 id
887 4664 996 4724 est,
1050 4674 1231 4728 quam
1279 4657 1546 4712 Christus
1590 4657 1841 4713 volebat.
1899 4659 2149 4715 Lucrum

504 4754 640 4793 vero
666 4738 811 4794 dicit
840 4737 1084 4806 mori,ut
1107 4738 1184 4792 sit
1213 4753 1347 4793 cum
1369 4737 1601 4792 Christo
1630 4743 1686 4792 et
1717 4754 1967 4795 coronas
1989 4756 2149 4794 asse-

508 4832 738 4897 quatur.
787 4827 882 4883 75
915 4850 941 4876 ‹‹
975 4826 1140 4892 Quod
1173 4826 1218 4880 si
1253 4827 1558 4898 contingat
1587 4828 1778 4882 vivere
1811 4828 1870 4882 in
1905 4844 2101 4883 carne.
2124 4853 2151 4879 »

507 4915 667 4970 Dixit
700 4915 846 4969 mori
880 4932 1007 4970 esse
1041 4914 1295 4968 lucrum.
1341 4916 1420 4967 Ne
1448 4914 1581 4984 quis
1621 4921 1819 4968 autem
1854 4915 2154 4970 existimet

505 5003 665 5078 quod
696 5003 870 5058 vitam
906 5019 1073 5059 suam
1106 5007 1366 5067 accuset,
1393 5002 1522 5055 vide
1555 5002 1696 5073 quid
1729 5003 1887 5057 dicat
1915 5021 1926 5058 :
1988 5004 2155 5069 Quod

505 5092 553 5148 si
586 5092 889 5164 contingat
920 5091 1129 5147 vivere.
1163 5090 1680 5161 Quandoquidem,
1714 5091 1927 5162 inquit,
1962 5094 2153 5150 vivere

506 5182 568 5238 in
597 5198 773 5237 carne
806 5181 1031 5236 fructus
1063 5180 1257 5251 operis
1289 5187 1394 5233 est.
1432 5179 1760 5251 (Siquidem
1801 5186 1994 5252 potest
2019 5184 2152 5253 quis

504 5272 616 5327 hac
634 5272 751 5326 vita
774 5270 857 5325 uti
883 5269 954 5324 ad
984 5269 1242 5324 fructum
1267 5268 1560 5324 bonorum
1581 5286 1824 5339 operum
1840 5271 1950 5325 .Ait
1968 5272 2147 5325 enim:

501 5361 950 5416 Fructificantes
983 5364 1039 5413 et
1069 5364 1403 5414 crescentes
1430 5356 2149 5431 7.)Quoniamergoipsum

508 5466 745 5519 quoque
767 5449 957 5503 vivere
985 5446 1059 5502 ad
1082 5445 1558 5501 fructiﬁcandum
1584 5446 2152 5513 conducit,nondum

503 5537 649 5590 mihi
676 5538 979 5592 decretum
1015 5541 1125 5604 est,
1158 5551 1351 5606 neque
1385 5535 1526 5590 satis
1580 5535 1713 5590 novi
1747 5535 1890 5606 quid
1949 5537 2149 5592 malim

574 5648 599 5681 ⁵
628 5652 751 5703 Act.
788 5667 898 5718 XVI,
932 5653 954 5704 Ι
986 5667 1150 5720 seqq.
1228 5652 1249 5685 ⁸
1281 5651 1466 5706 Galat.
1501 5666 1561 5715 ιι,
1594 5653 1682 5706 20.

1761 5650 1780 5683 τ
1812 5651 2037 5709 Coloss.
2073 5670 2130 5722 ιι,
2163 5658 2248 5709 10.

2260 4645 2408 4702 ἀλλά
2437 4650 2535 4717 τὴν
2569 4647 2825 4722 Χριστοῦ,
2883 4646 2951 4718 ἤν
3012 4651 3041 4705 6
3097 4652 3325 4724 Χριστὸς
3378 4645 3849 4722 ἠϐο·3λετο.Κέρδιις

2264 4733 2322 4790 δὲ
2344 4736 2406 4790 τὸ
2438 4737 2727 4792 ἀποθανεῖν
2760 4757 2914 4814 φησι,
2977 4735 3067 4793 διὰ
3120 4738 3182 4794 τὸ
3236 4739 3327 4794 σὺν
3386 4740 3606 4816 Χριστῷ
3650 4732 3848 4794 εἶναικαῖ

2261 4830 2368 4879 τῶν
2399 4824 2672 4904 στεφάνων
2731 4826 3034 4905 ὲπιτυχείν.
3091 4851 3118 4879 (ι
3156 4828 3215 4883 Εἰ
3262 4825 3319 4882 δὲ
3368 4830 3430 4884 τὸ
3465 4834 3560 4901 ζῇν
3588 4828 3637 4883 ἐν
3664 4822 3807 4900 σαρκί.
3831 4846 3848 4869 ι

2264 4916 2397 4970 Eine
2452 4918 2515 4970 τὸ
2573 4916 2862 4979 ἀποθανεῖν
2922 4913 3136 4991 κὲρόος.
3194 4921 3304 4975 Ἵνα
3361 4915 3417 4973 δὲ
3477 4922 3554 4991 μή
3604 4940 3683 4981 τις
3704 4914 3849 4986 νομίσῃ

2260 5005 2359 5072 τὴν
2396 5007 2540 5073 ζωὴν
2572 5004 2732 5059 αὐτὸν
2777 5000 3120 5076 διαϐάλλειν,
3170 5008 3269 5080 δρα
3316 5008 3368 5062 τί
3416 5029 3572 5081 φησι·
3608 5031 3634 5063 ι
3662 5006 3716 5063 Εἰ
3744 5003 3787 5058 ὁὶ
3806 4999 3847 5055 τὸ

2304 5097 2327 5107 ,ρ
2481 5093 2493 5114 ι
2641 5090 2695 5110 κς
2744 5090 2767 5110 -\
2968 5094 2983 5114 κ
3100 5095 3114 5113 \
3197 5099 3221 5109 -
3500 5097 3551 5127 ,ι
3721 5095 3732 5108 ε
3788 5088 3847 5127 ’,η

2267 5098 2381 5164 ζῃν.
2420 5117 2446 5143 ››
2498 5095 2703 5160 Επειοη
2740 5093 2818 5162 οὶ,
2852 5115 3006 5173 φησι,
3060 5116 3123 5149 το
3157 5100 3255 5168 ζῃν
3286 5094 3337 5151 ἑν
3395 5116 3553 5170 cap/.2
3584 5112 3764 5171 καρπος
3787 5112 3826 5162 εει

2260 5202 2360 5256 γου
2417 5181 2550 5236 ἐστί.
2612 5178 2855 5253 (δύναται
2908 5183 3008 5257 γάρ
3067 5204 3151 5245 τις
3201 5188 3271 5258 τῇ
3331 5189 3443 5257 ζωῇ
3494 5189 3773 5260 χρήσασθαι
3796 5179 3845 5235 εἰς

2262 5270 2469 5345 καρπὸν
2528 5268 2701 5344 ἔργων
2762 5270 3003 5346 ἀγαθῶν.
3066 5274 3546 5350 Καρποφοροῦντες
3596 5267 3842 5348 γᾶρ,ᾳησῖ.

2261 5359 2352 5414 καὶ
2410 5357 2806 5433 αὐξανόμενοι).
2867 5360 2982 5415 ἐπεὶ
3059 5358 3150 5415 οὖν
3226 5362 3316 5416 καὶ
3370 5363 3431 5417 τὸ
3486 5367 3581 5436 ζῇν
3643 5360 3758 5435 πρὸς
3802 5355 3840 5406 τὸ

2261 5454 2676 5527 καρποφορῆσαι
2735 5449 3001 5516 συντελεῖ,
3059 5450 3159 5504 οὐκ
3217 5448 3355 5515 οἶδα,
3414 5449 3539 5506 οὐδὲ
3573 5449 3787 5527 γνωρίζω
3807 5440 3839 5497 τέ

2263 5537 2563 5611 αἱρήσομαι
2593 5538 2684 5592 καὶ
2717 5535 3058 5611 ἒπιλέξομαι,
3102 5538 3164 5594 τὸ
3219 5543 3339 5613 ζῇν,
3388 5541 3540 5618 φησί,
3577 5540 3657 5594 καὶ
3685 5552 3836 5611 καρπθ·

3959 4872 3961 4919 Ὗ
