4072 6266
369 300 526 362 1273

1454 302 1864 366 COMMENT.
1913 305 1990 364 1N
2036 304 2282 366 EPIST.
2321 307 2424 366 AD
2467 306 2750 366 PHlLlP.

3619 304 3790 364 i274

356 438 541 510 φορεῖν
572 437 652 503 τῷ
681 435 820 506 Θεῷ,
850 433 884 503 ἢ
915 435 976 489 τὸ
1011 435 1316 506 ἀποθανεῖν,
1349 437 1439 490 καὶ
1472 437 1562 490 σῦν
1600 437 1825 508 Χριστῷ
1856 436 2013 492 εἶναι.

2134 445 2235 494 aut
2266 439 2405 510 quid
2442 438 2760 510 eligam,an
2793 438 2983 492 vivere
3043 455 3110 494 ac
3142 437 3506 493 fructiﬁcare
3541 439 3676 507 Deo,
3718 455 3793 494 an

361 525 502 597 ’Ὸρα
535 521 613 590 δὲ,
645 524 732 578 ὃτι
762 521 954 596 ἔδειξεν
984 524 1169 579 ἑαυτὸν
1212 525 1410 599 Κύριον
1468 531 1566 581 τοῦ
1622 531 1719 600 ζῇν
1775 528 1867 581 καὶ
1921 529 2019 600 μή.

371 635 396 663 ‹‹
431 612 742 688 Συνὲχομαι
777 611 832 668 δὲ
863 613 921 668 ἐκ
946 620 1050 668 τῶν
1083 612 1195 669 δύο.
1239 639 1265 666 ››
1317 617 1464 671 Ἑπεὶ
1516 618 1610 671 οῦν
1639 619 1693 672 τί
1725 618 2024 692 οιῖριιςσομαι

373 701 435 756 οὗ
465 702 740 775 γνωρίζω,
802 702 1026 763 εἰκότως
1081 703 1379 779 συνέχομαι
1441 704 1499 760 ἐκ
1548 710 1655 760 τῶν
1691 704 1806 773 δύο,
1837 712 1939 761 τοῦ
1967 729 2025 762 τε

368 790 654 861 ἀναλῦσαι,
713 791 802 846 καὶ
860 790 957 847 τοῦ
1012 799 1339 867 προσμεῖναι
1414 799 1482 868 τῇ
1541 800 1679 870 ζωῇ.
1751 796 1906 864 Εἶτα,
1979 798 2022 850 ὦ

369 878 573 948 Παῦλε,
609 881 636 934 ὁ
667 885 923 936 τοσοῦτον
984 882 1214 956 Χριστὸν
1271 885 1519 959 ἀγαπῶν,
1554 882 1700 946 ὅλως
1755 882 2021 955 διατάξεις

361 970 453 1025 καὶ
487 966 859 1050 ἀμφιϐάλλεις
904 972 954 1027 τί
1008 993 1065 1027 σε
1120 970 1202 1027 δεῖ
1256 973 1562 1048 αἷρεῖσραι;
1623 974 1816 1030 Καίτοι
1846 976 2022 1048 ἀναμ-

363 1055 593 1135 φίϐολὸν
657 1082 742 1115 σοι
800 1061 1031 1139 ὤφειλεν
1093 1062 1225 1116 εἶναι
1285 1063 1476 1133 καλὸν,
1524 1065 1588 1119 τὸ
1639 1064 1897 1119 ἀναλῦσαι
1929 1067 2019 1121 καὶ

362 1149 454 1202 σὺν
485 1153 709 1223 Χριστῷ
764 1150 918 1205 εἶναι.
982 1149 1140 1220 Οἶδα,
1202 1153 1358 1229 φησὶ,
1415 1157 1577 1207 τοῦτο
1621 1154 1794 1228 κάγὼ,
1826 1153 2020 1226 ἀμὲλει

361 1239 462 1306 τήν
495 1237 782 1310 ἐπιθυμίαν
837 1236 980 1313 ἔχων
1023 1240 1098 1302 εἷς
1144 1242 1205 1294 τὸ
1256 1241 1522 1295 ἀναλῦσαι
1559 1243 1649 1296 καὶ
1684 1243 1776 1296 σῦν
1811 1244 2022 1317 Χριστῷ

365 1326 525 1396 εἶναι,
559 1327 648 1381 καὶ
680 1327 879 1398 ταύτην
911 1326 1111 1400 πολλῷ
1148 1328 1360 1400 μᾶλλον
1409 1330 1693 1403 κρείσσονά
1728 1352 1822 1404 μοι
1855 1330 2018 1386 οὖσαν

366 1413 548 1483 εἰδὼς,
611 1417 760 1470 εἶπον
817 1417 901 1470 ὅτι
955 1417 1257 1492 συνέχομαι
1315 1417 1375 1472 ἐκ
1429 1424 1536 1474 τῶν
1601 1417 1716 1474 δύο.
1769 1420 1921 1474 Διατί
1965 1419 2021 1475 δὲ

356 1510 560 1574 τοῦτο;
621 1504 709 1560 διὰ
765 1510 864 1574 τήν
926 1507 1186 1582 ὑμετέραν
1249 1510 1542 1583 σωτηρίαν,
1603 1509 1757 1586 φησὶ,
1802 1512 1890 1564 καὶ
1951 1507 2020 1564 δι’

353 1594 518 1666 ὑμᾶς,
573 1595 707 1668 ὅπερ
765 1595 1186 1672 ἀναγκαιότερον
1245 1600 1506 1670 ἡγοῦμαι,
1571 1595 1759 1666 ἐπειδὴ
1821 1600 1882 1654 οὐ
1957 1601 2018 1654 τὸ

349 1683 483 1756 ἐμὸν
519 1688 728 1750 σκοπῶ,
775 1681 920 1738 ἀλλά
978 1685 1041 1739 τὸ
1101 1685 1253 1758 ὑμῶν
1313 1685 1606 1764 συμφέρον.
1642 1690 1802 1762 Ὁρᾷς
1829 1689 2017 1766 ψυχὴν

354 1777 714 1845 προτιμῶσαν
774 1777 872 1827 τοῦ
931 1773 1134 1828 οἰκείου
1194 1775 1561 1849 συμφέροντος
1617 1777 1716 1844 τὴν
1766 1782 1875 1830 τῶν
1909 1798 2014 1849 μα-

360 1867 541 1932 θητῶν
600 1861 907 1930 ὦφέλειαν;
971 1862 1273 1935 Ἐπιμένων
1331 1866 1456 1940 γάρ,
1517 1866 1645 1927 τοῦς
1685 1887 1743 1920 τε
1771 1886 2012 1936 προκατ-

354 1959 669 2026 ηχηθεντας
691 1947 939 2007 ἐϐεϐαίου
957 1953 1046 2007 καὶ
1072 1951 1274 2015 ἄλλους
1299 1949 1735 2026 προσελάμϐανε.
1757 1978 1782 2006 ››
1810 1954 2014 2028 Πολλῷ

357 2041 572 2113 μᾶλλον
603 2047 873 2114 κρεῖσσον.
911 2066 937 2093 ››
969 2043 1068 2109 Τὸ,
1122 2041 1290 2116 ἔχων,
1352 2043 1457 2096 ἀπὸ
1510 2048 1720 2113 κοινοῦ,
1754 2045 1872 2098 οῖον
1901 2045 2014 2112 Τὴν

348 2129 642 2202 ἐπιθυμίαν
698 2125 842 2208 ἔχων
899 2130 980 2192 εἷς
1039 2133 1102 2186 τὸ
1163 2129 1447 2199 ἀναλῦσαι,
1509 2133 1597 2186 καὶ
1642 2127 1787 2207 ἔχων
1817 2132 2016 2204 πολλῷ

351 2217 569 2292 μᾶΛλον
594 2225 869 2293 κρεῖσσον,
901 2220 966 2274 τὸ
1010 2219 1101 2273 σῦν
1136 2221 1353 2292 Χτιστῴ
1382 2220 1534 2275 εἶναι.
1570 2245 1598 2272 ‹‹
1635 2220 2014 2297 Ἀναγκαιότε-

352 2329 444 2383 ρον
476 2307 544 2363 δι’
577 2309 737 2382 ὑμὶς.
775 2333 799 2358 η
835 2309 938 2365 Καὶ
991 2311 1108 2363 κατ’
1162 2307 1304 2365 ἄλλο
1364 2309 1807 2385 ἀναγκαιότερον,
1837 2312 1920 2364 ὅτι
1951 2311 2012 2364 τὸ

353 2398 646 2472 προσάγειν
675 2403 790 2468 Θεῷ
845 2395 934 2452 διά
989 2399 1223 2460 πίστεως
1280 2398 1559 2464 πλείονας,
1619 2399 1810 2454 πλεῖον
1852 2399 2011 2454 αὐτὸν

353 2486 556 2542 οἷκειοῖ
605 2491 686 2558 τῷ
744 2491 981 2561 Χριστῷ.
1022 2509 1046 2540 α
1081 2487 1184 2543 Καὶ
1243 2491 1406 2542 τοῦτο
1441 2485 1654 2562 Θαρῥῶν
1689 2485 1833 2557 οἶδα,
1872 2512 1898 2539 ››
1929 2489 2014 2558 τὸ,

349 2576 486 2630 εἶναι
551 2571 969 2651 ἀναγκαιοτέραν
1037 2577 1137 2641 τὴν
1207 2576 1260 2630 ἐν
1327 2577 1482 2650 σαρκὶ
1533 2578 1876 2650 προσμονήν.
1945 2610 2012 2620 -—-

356 2687 379 2717 σ
406 2664 507 2720 Καὶ
531 2669 693 2719 τοῦτο
716 2664 995 2728 πεποιθὼς
1019 2662 1164 2723 οῖδα,
1196 2689 1222 2715 ι»
1243 2699 1314 2706 —
1335 2667 1549 2738 [ΦΩΤ.]
1580 2666 1725 2722 Ἀντὶ
1757 2669 1874 2732 τοῦ,
1913 2667 2015 2721 Καὶ

420 2757 445 2767 η
682 2751 695 2769 9
719 2753 731 2764 ο
831 2753 844 2771 \
1018 2751 1032 2770 \
1135 2752 1149 2772 ν
1216 2749 1239 2769 '\
1349 2754 1358 2768 Ι
1545 2750 1600 2771 7‘
1746 2753 1756 2773 Ι
1830 2752 1841 2773 1
1877 2752 1889 2770 9

349 2773 513 2808 τοῦτο
543 2754 894 2828 τεθαρρηκως
944 2772 1034 2806 και
1095 2773 1155 2806 ου
1212 2758 1474 2822 οισταζων
1511 2773 1656 2810 οιοα.
1691 2756 1756 2810 Τι
1789 2751 1847 2808 δε
1873 2773 2013 2808 εστιν

353 2841 384 2896 ὅ
418 2840 630 2915 θαῤῥῶν
663 2841 753 2895 καὶ
786 2841 849 2895 οὐ
885 2837 1152 2910 διστάζων
1211 2838 1395 2909 οἶδενς
1445 2843 1569 2897 "Ott
1602 2842 2016 2917 ἀναγκαιότερον

350 2930 417 2984 τὸ
448 2927 517 2985 δι’
548 2928 743 2990 αὐτοῦς
774 2928 1042 3000 ἐπιμένειν
1073 2933 1142 3002 τῇ
1197 2930 1371 3004 σαρκί.
1419 2933 1551 2985 Εἶτα
1581 2927 1722 2987 Οἶδα
1752 2930 1836 2986 ὅτι
1871 2937 2016 3004 μενῶ

346 3019 437 3074 καί
493 3021 922 3091 σδμπαραμενῶ.
990 3019 1127 3074 Ἀπὸ
1183 3022 1371 3072 κοινοῦ
1430 3017 1532 3093 γάρ
1593 3020 1682 3088 τὸ,
1742 3015 1886 3077 οἶδα.
1944 3022 2015 3076 ’Ἠ

346 3107 439 3162 καὶ
471 3107 556 3176 τὸ,
589 3105 721 3161 ὅλον
753 3105 858 3160 ἀπὸ
917 3110 1121 3160 κοινοῦ·
1183 3109 1298 3160 οἷον
1359 3107 1440 3160 ὃτι
1514 3106 1725 3182 θαρῥῶν
1770 3105 1916 3177 οἶδα,
1949 3107 2010 3161 οὐ

351 3197 514 3270 μόνον
555 3197 640 3251 ’ὁτι
689 3195 1109 3272 ἀναγκαιότερον
1159 3197 1221 3250 τὸ
1270 3193 1541 3268 ἐπιμένειν
1596 3217 1661 3268 με
1707 3199 1777 3269 τῇ
1829 3197 2006 3268 σαρκὶ,

349 3285 480 3340 ἀλλ’
510 3287 593 3340 ’ὁτι
625 3285 715 3339 καὶ
775 3283 1014 3357 ἐπιμενῶ
1062 3286 1154 3338 καὶ
1212 3288 1645 3359 συμπαραμενῶ.
1675 3285 1738 3341 Ὀ
1769 3285 1873 3361 γὰρ
1901 3290 2009 3340 τῶν

349 3375 681 3448 ἀποῤῥήτων
748 3374 839 3428 καὶ
911 3372 1315 3446 ὑπερθυρανίων
1415 3373 1644 3446 μύστης,
1723 3372 1847 3428 οὐδὲ
1913 3375 2009 3440 τήν

349 3467 542 3520 ἑαυτοῦ
611 3465 759 3532 ζωὴν
832 3460 883 3516 ἐν
952 3459 1240 3536 ὃισταγμῷ
1307 3459 1451 3532 ¹ἤδει,
1521 3466 1612 3516 καὶ
1678 3463 1761 3517 ’ὁτι
1812 3457 1888 3517 ἔτι
1918 3467 2008 3517 νῦν

349 3547 721 3607 ἐπιϐιώσεται.
777 3551 1010 3605 Δ·5ναται
1075 3548 1131 3604 δέ
1188 3572 1270 3612 τις
1329 3552 1420 3606 καὶ
1481 3549 1674 3624 ἑτέρως
1727 3553 1789 3606 τὸ
1845 3551 2006 3626 ῥῂτὸν

349 3641 628 3710 συντάξας,
690 3638 864 3695 οὕτως
923 3635 1172 3694 ἐκλαϐεῖν
1245 3639 1616 3714 ἑτοιμότερονο
1679 3641 1757 3697 Τὸ
1819 3639 2008 3713 ἐπιμέ·

353 3751 487 3798 νειν,
546 3730 731 3806 φησὶν,
779 3727 1197 3803 ἀναγκαιότερον
1259 3726 1328 3782 δι’
1383 3729 1542 3801 ὑμᾶς.
1596 3731 1748 3799 Εἶτα,
1786 3730 1886 3786 Καὶ
1933 3730 2011 3792 εἷς

357 3824 522 3874 τοῦτο
580 3818 791 3893 θαῤῥῶν
852 3818 934 3873 ’ὁτι
993 3817 1408 3892 ἀναγκαιότερόν
1468 3817 1602 3886 ἐστι,
1643 3819 1828 3889 φησὶν,
1890 3816 2010 3873 οἶδα

357 3907 441 3962 ὅτι
505 3912 649 3979 μενῶ
706 3907 796 3962 καὶ
860 3912 1288 3980 συμπαραμενῶ,
1351 3907 1440 3961 καὶ
1499 3908 1634 3979 ἑξῆς.
1675 3933 1700 3958 ‹‹
1736 3907 1837 3963 Καὶ
1871 3929 2009 3979 συμ-

354 4001 652 4069 παραμενῶ
696 4002 857 4051 πῖσιν
915 3997 1062 4068 ὑμῖν,
1103 4019 1129 4047 ››
1183 3994 1348 4065 Οἶδα,
1405 3997 1592 4070 φησὶν,
1626 3997 1708 4050 ὅτι
1743 3995 1888 4068 μένω
1921 3998 2010 4050 καὶ

355 4091 760 4159 συμπαραμενῶ
818 4091 974 4140 πᾶσιν
1028 4086 1176 4158 ὑμῖν.
1244 4083 1466 4155 Ἐπειδὴ
1499 4087 1603 4161 γάρ
1637 4086 1820 4162 θαῤῥῶ
1851 4087 2008 4159 ἀναγο

349 4175 630 4244 καιότερον
664 4175 802 4228 εἶναι
853 4175 912 4228 τὸ
973 4176 1177 4246 μἐνειν,
1235 4173 1356 4229 οἶδα
1417 4175 1502 4230 ὅτι
1538 4180 1706 4246 μενῶ,
1739 4175 1801 4230 οὐ
1839 4176 2008 4248 μόνον

351 4261 405 4318 ἐν
447 4260 692 4333 δεσμοῖς,
745 4260 890 4317 ἀλλά
939 4267 1029 4317 καὶ
1091 4265 1183 4317 σῦν
1247 4265 1398 4335 ὑμῖν,
1453 4264 1544 4318 καὶ
1605 4261 1812 4338 ὄψομαι
1849 4265 2007 4337 ὑμᾶς.

351 4356 514 4406 Μενῶ
546 4348 623 4417 δὲ,
658 4351 845 4426 φησῖν,
898 4351 974 4414 εἷς
1032 4354 1128 4419 τήν
1190 4352 1340 4423 ὑμῶν
1397 4354 1685 4426 προκοπήν
1716 4353 1805 4406 καὶ
1837 4353 2009 4427 χαράν

348 4448 450 4508 τῆς
485 4441 738 4501 πίστεως.
790 4442 907 4496 "Evt
959 4442 1060 4514 γὰρ
1113 4440 1164 4495 ἐν
1219 4441 1396 4495 πίστει
1447 4441 1748 4514 προκόψαι,
1781 4442 1840 4496 τὸ
1875 4440 2010 4514 μᾶλ-

2133 529 2283 583 mori
2308 534 2366 582 et
2389 544 2517 583 esse
2536 544 2669 582 cum
2702 527 3381 582 Christo.Animadverte
3411 531 3607 582 autem
3632 528 3790 598 quod

2133 617 2194 671 in
2227 633 2407 672 manu
2439 633 2544 671 sua
2575 633 2704 671 esse
2736 616 3066 671 ostenderit
3096 619 3200 670 aut
3229 617 3417 670 vivere
3451 622 3553 670 aut
3609 618 3783 673 mori.

2134 729 2159 754 ‹‹
2190 709 2467 761 Coarctor
2497 706 2655 761 enim
2692 723 2758 760 ex
2788 706 2880 760 his
2913 705 3163 760 duobus.
3201 727 3227 754 »
3259 706 3548 769 Quoniam
3606 705 3786 777 igitur

2132 795 2273 865 quid
2303 794 2993 866 eligam,ignoro,merito
3020 799 3289 849 coarctor
3311 810 3380 848 ex
3405 795 3498 848 his
3529 794 3785 860 duobus,

2133 899 2350 954 nempe
2382 890 2483 938 aut
2515 883 2756 938 dissolvi
2790 889 2892 938 aut
2923 899 3166 937 manere
3199 884 3256 936 in
3285 884 3498 937 vita.At
3520 883 3784 951 interim,

2133 989 2164 1025 ο
2200 973 2400 1038 Paule,
2436 989 2568 1026 cum
2601 972 2748 1026 adeo
2804 971 3102 1025 Christum
3137 969 3372 1043 diligas,
3432 988 3508 1025 an
3542 973 3786 1026 omnino

2131 1062 2368 1117 dubitas
2399 1081 2466 1117 ac
2497 1063 2734 1117 lunsitas
2760 1062 2901 1131 quid
2931 1067 2986 1115 te
3020 1062 3238 1133 eligere
3265 1063 3586 1132 oporteat?
3612 1063 3791 1133 Atqui

2132 1149 2533 1203 indubitatum
2591 1149 2692 1202 tibi
2731 1166 2858 1203 esse
2919 1148 3161 1202 deberet
3193 1147 3351 1218 quod
3409 1148 3628 1203 melius
3677 1153 3789 1216 est,

2132 1255 2348 1309 nempe
2382 1238 2618 1292 dissolvi
2653 1244 2712 1291 et
2742 1255 2871 1292 esse
2901 1253 3037 1292 cum
3077 1237 3332 1293 Christo.
3367 1238 3528 1304 Novi,
3564 1238 3793 1307 inquit,

2131 1329 2241 1382 hoc
2276 1333 2334 1381 et
2391 1344 2518 1394 ego.
2555 1326 2918 1380 desiderium
2977 1331 3136 1380 certe
3172 1325 3398 1380 habens
3454 1325 3701 1380 dissolvi
3738 1334 3797 1383 et

2131 1432 2263 1470 esse
2296 1432 2428 1469 cum
2462 1415 2694 1470 Christo
2731 1431 2744 1469 :
2776 1429 3030 1484 cumque
3080 1414 3231 1468 hanc
3279 1420 3508 1485 partem
3564 1415 3778 1469 scirem

2132 1505 2320 1559 multo
2352 1505 2644 1576 longeque
2675 1520 2803 1559 esse
2835 1504 3276 1574 potiorem.dixi
3305 1503 3460 1574 quod
3494 1520 3523 1558 e
3548 1504 3781 1559 duobus

2129 1596 2610 1659 coarcter.Quare
2632 1601 2830 1648 autem
2853 1595 2960 1648 hoc
2980 1594 3007 1648 ?
3021 1600 3261 1665 propter
3278 1595 3780 1666 vestram,inquit,

2129 1685 2408 1751 salutem,
2439 1691 2499 1738 et
2528 1690 2770 1755 propter
2799 1701 2921 1749 vos,
2955 1688 3338 1754 vestrumque
3369 1685 3774 1749 commodum,

2129 1789 2304 1844 quam
2337 1789 2462 1827 rem
2497 1772 2682 1844 magis
2712 1772 3108 1826 necessariam
3145 1771 3335 1825 duco:
3389 1771 3768 1842 quandoqui—

2119 1862 2256 1916 dem
2286 1877 2405 1915 non
2445 1859 2603 1930 quod
2630 1876 2828 1915 meum
2860 1865 2950 1914 est
2991 1861 3245 1927 intueor,
3279 1860 3380 1914 sed
3414 1860 3570 1930 quod
3601 1860 3765 1914 vobis

2121 1949 2564 2020 expedit.Vides
2585 1949 2849 2003 animum
2869 1955 3313 2020 praeponentem
3335 1949 3764 2020 discipulorum

2120 2038 2436 2092 utilitatem
2461 2054 2566 2092 suo
2587 2038 2823 2108 preprio
2841 2037 3148 2091 commodo
3170 2037 3196 2092 ‘2
3219 2039 3580 2093 Permanens
3605 2039 3764 2092 enim

2122 2143 2224 2182 eos
2261 2127 2359 2197 qui
2395 2127 2650 2198 primum
2685 2126 2955 2181 instructi
2987 2126 3222 2180 fuerant
3270 2127 3679 2192 confirmabat,
3715 2131 3772 2179 et

2121 2216 2269 2270 alios
2300 2215 2658 2270 assumebat.
2717 2215 2894 2268 Multo
2927 2215 3207 2286 longique
3236 2216 3453 2270 melius
3515 2222 3604 2269 est
3658 2217 3769 2272 hoc

2123 2304 2348 2359 habens
2376 2321 2412 2358 a
2441 2320 2761 2358 communa
2794 2321 2994 2367 sensu,
3030 2303 3088 2356 id
3120 2311 3228 2367 est,
3263 2303 3630 2359 desiderium
3661 2305 3771 2359 ha«

2124 2395 2274 2450 bens
2307 2395 2568 2458 dissolvi,
2595 2395 2822 2449 habens
2851 2395 3038 2449 multo
3071 2394 3362 2466 longeque
3393 2396 3608 2451 melius
3641 2413 3769 2452 esse

2123 2501 2258 2540 cum
2290 2485 2544 2540 Christo.
2581 2507 2607 2532 ι(
2650 2483 2825 2555 Magis
2858 2483 3260 2538 necessarium
3295 2490 3538 2555 propter
3581 2501 3702 2539 vos.
3737 2507 3764 2538 ι

2123 2574 2313 2628 Etiam
2346 2589 2415 2626 ex
2445 2573 2561 2628 alio
2589 2573 2774 2644 magis
2807 2572 3210 2627 necessarium
3242 2579 3367 2626 est:
3405 2575 3543 2643 quia
3575 2574 3771 2644 plures

2122 2678 2229 2733 per
2259 2662 2436 2716 fidem
2468 2663 2586 2717 Deo
2618 2661 2933 2728 adducere,
2966 2662 3154 2732 magis
3185 2661 3575 2716 domesticum
3633 2662 3774 2718 facit

2125 2751 2320 2822 ipsum
2353 2751 2604 2805 Christo.
2639 2773 2664 2800 ι(
2701 2753 2768 2805 Et
2799 2751 2908 2804 hoc
2941 2766 3280 2821 persuasus.
3319 2772 3345 2799 ››
3377 2754 3522 2806 Cum
3557 2751 3773 2807 ﬁducia

2124 2841 2279 2902 novi,
2313 2841 2530 2910 inquit,
2565 2841 2722 2911 quod
2754 2842 2939 2912 magis
2971 2841 3306 2896 necessaria
3339 2848 3428 2895 est
3481 2842 3542 2896 in
3594 2859 3770 2898 carne

2124 2931 2557 3002 permanentia.
2595 2953 2621 2979 «
2656 2933 2723 2984 Et
2748 2931 2860 2985 hoc
2890 2946 3210 3001 persuasus
3261 2931 3403 2984 scio.
3440 2953 3466 2980 »
3521 2932 3638 2986 Hoc
3682 2937 3769 2986 est

2125 3027 2182 3074 et
2215 3020 2322 3074 hoc
2354 3026 2514 3074 certo
2569 3037 2636 3074 ac
2667 3019 3075 3074 indubitanter
3124 3019 3305 3073 novit.
3339 3020 3486 3084 Quid
3517 3027 3607 3075 est
3663 3037 3770 3075 au-

2128 3115 2246 3162 tem
2280 3107 2435 3177 quod
2468 3114 2626 3162 certo
2688 3107 3095 3162 indubitanter
3125 3108 3333 3162 novit?
3363 3109 3519 3178 quod
3581 3110 3767 3182 magis

2129 3196 2531 3251 necessarium
2585 3203 2674 3250 est
2731 3202 2973 3268 pr0pter
3003 3214 3104 3251 vos
3162 3213 3404 3252 manere
3454 3198 3516 3252 in
3569 3215 3766 3254 carne.

2121 3283 2347 3340 Deinde
2375 3284 2495 3338 scio
2530 3283 2687 3354 quod
2723 3301 3038 3339 mansurus
3073 3286 3183 3339 sim
3215 3291 3272 3339 et
3304 3302 3438 3340 cum
3493 3287 3771 3342 omnibus

2119 3373 2286 3430 vobis
2313 3389 2760 3444 permansurus.
2796 3374 2940 3428 Nam
2973 3391 3007 3428 a
3037 3375 3339 3428 communi
3371 3391 3548 3429 sensu
3599 3392 3773 3447 repe-

2121 3462 2364 3518 tendum
2398 3468 2511 3527 est,
2543 3464 2686 3517 scio.
2724 3466 2838 3516 Aut
2870 3464 3048 3517 etiam
3080 3463 3142 3518 in
3173 3469 3361 3518 totum
3394 3481 3428 3518 a
3467 3466 3767 3520 communi

2120 3568 2298 3606 sensu
2335 3557 2623 3618 sumatur,
2660 3569 2875 3622 nempe
2907 3569 3227 3623 persuasus
3261 3553 3378 3607 SClO
3409 3570 3530 3608 non
3577 3554 3770 3609 solum

2121 3639 2280 3711 quod
2315 3641 2499 3712 magis
2532 3641 2936 3695 necessarium
2967 3642 3044 3694 sit
3072 3657 3165 3695 me
3197 3642 3257 3695 in
3319 3658 3493 3697 carne
3544 3660 3770 3712 perma-

2119 3745 2280 3792 nere,
2312 3729 2413 3784 sed
2443 3729 2602 3799 quod
2632 3730 2809 3783 etiam
2836 3745 3153 3783 mansurus
3188 3729 3298 3783 sim
3333 3737 3389 3783 et.
3419 3747 3552 3784 cum
3584 3732 3773 3786 omni-

2119 3818 2229 3872 bus
2285 3818 2451 3872 vobis
2499 3833 2942 3888 permansurus.
3008 3818 3150 3871 Cum
3209 3819 3370 3872 enim
3422 3821 3654 3874 arcanis
3704 3837 3771 3875 ac

2120 3907 2464 3962 caelestibus
2496 3907 2800 3978 mysteriis
2833 3907 3104 3960 initiatus
3162 3913 3338 3973 esset,
3376 3909 3473 3963 76
3532 3916 3776 3965 noverat

2119 3996 2300 4050 vitam
2333 4011 2500 4049 suam
2533 4011 2653 4049 non
2687 3995 2745 4048 in
2781 3995 3055 4062 ambiguo
3089 4011 3217 4049 esse
3251 3995 3446 4062 sitam,
3482 3997 3583 4052 sed
3614 3999 3771 4068 quod

2119 4101 2275 4138 nanc
2300 4083 2495 4138 adhuc
2529 4090 2833 4154 superstes
2865 4100 3290 4153 permansurus
3339 4092 3513 4140 esset.
3574 4088 3774 4142 Potest

2119 4179 2321 4228 antem
2356 4172 2489 4242 quis
2522 4172 2638 4226 alio
2673 4173 2847 4226 modo
2881 4173 2990 4226 hac
3022 4174 3316 4228 sententia
3349 4173 3640 4240 ordinata,
3688 4177 3770 4232 ita

2119 4262 2452 4333 promptius
2488 4261 3640 4336 intelligere.Permanere,inquit,magis
3670 4282 3769 4319 ne-

2120 4351 2447 4405 cessarium
2489 4358 2578 4404 est
2611 4357 2853 4421 propter
2883 4368 2981 4404 vos
3007 4368 3019 4404 :
3054 4351 3364 4411 deinde.Et
3395 4353 3467 4406 ad
3494 4354 3618 4406 haec
3643 4371 3771 4425 per-

2122 4456 2333 4494 suasus
2346 4489 2350 4498 .
2363 4439 2743 4510 inquit,quod
2761 4441 2947 4512 magis
2967 4442 3367 4496 necessarium
3384 4442 3460 4494 sit
3477 4443 3596 4496 scio
3611 4443 3769 4512 quod

358 4529 456 4585 λον
488 4527 562 4591 εἷς
594 4528 763 4596 αὐτὴν
823 4523 1188 4604 βεϐαιωθῆναι
1246 4530 1337 4583 καὶ
1391 4530 1605 4604 χαίρειν
1643 4531 1741 4597 τὴν
1769 4551 2013 4603 πνευμα-

2124 4546 2440 4584 mansurus
2465 4529 2594 4583 sim.
2631 4529 2928 4599 simulque
2963 4547 3097 4584 cum
3131 4531 3411 4585 omnibus
3447 4531 3610 4586 vobis
3643 4549 3769 4603 per-

354 4620 514 4687 τικήν
546 4618 744 4692 χαράν.
793 4622 963 4672 Τοῦτο
1017 4615 1074 4672 δὲ
1125 4617 1307 4692 ἠρέμα
1361 4619 1452 4672 καὶ
1505 4613 1802 4695 φοϐοῦντός
1845 4619 2010 4676 ἐστιν.

356 4706 420 4762 Εἰ
451 4706 556 4781 γὰρ
587 4702 661 4759 δι’
695 4705 833 4776 ὑμᾶς
893 4709 1062 4776 μενῶ,
1123 4706 1282 4780 ὁρᾶτε
1345 4707 1422 4778 μή
1481 4705 1876 4780 καταισχύνητὲ
1909 4728 2013 4777 μου

355 4795 454 4861 τὴν
489 4793 778 4866 ἐπιμονήν.
811 4818 836 4844 α
874 4795 984 4848 Ἵνα
1012 4793 1074 4847 τὸ
1119 4793 1386 4867 καύχημα
1445 4795 1620 4864 ὑμῶν.
1657 4819 1682 4844 υ
1719 4799 1841 4856 Πῶς
1874 4791 1920 4848 δ’
1952 4794 2012 4849 ἂν

354 4885 528 4939 αὐτῶν
584 4884 925 4958 περισσεῦσοι
974 4885 1035 4938 τὸ
1102 4885 1405 4958 καῦχημας
1474 4885 1570 4939 Διά
1634 4889 1730 4939 τοῦ
1797 4885 2010 4958 ἐστηρίο

356 4984 488 5046 χθαι
527 4971 578 5026 ἐν
609 4975 677 5044 τῇ
709 4972 910 5036 πίστει,
971 4971 1058 5025 καὶ
1118 4970 1292 5046 ὀρθῶς
1353 4973 1507 5047 βιοῦν
1549 4969 1830 5043 δηλονότι.
1867 4997 1895 5025 ι(
1923 4975 2008 5031 Ἐν

354 5062 574 5136 Χριστῷ
605 5061 788 5131 Ἰησοῦ
835 5057 890 5113 ἐν
937 5059 1082 5132 ἐμοί.
1119 5083 1145 5110 ›)
1198 5059 1421 5129 Ἐπειδή
1460 5063 1578 5115 εἷπε
1616 5063 1714 5130 τήν
1748 5061 2012 5133 ἐπιμονήν

352 5150 518 5204 αὐτοῦ
558 5148 634 5210 εἷς
683 5148 781 5214 τὴν
833 5145 1048 5201 ἐκείνων
1103 5149 1343 5223 γενέσθαι
1402 5151 1712 5220 προκοπήν,
1745 5155 1831 5204 νῦν
1866 5149 2010 5205 θέλει

349 5237 515 5308 δεῖξαι
565 5237 648 5292 δτι
701 5238 736 5304 ἡ
792 5238 1045 5308 προκοπὴ
1117 5236 1314 5307 αὐτῶν,
1383 5239 1470 5293 καὶ
1543 5238 1616 5300 εἷς
1680 5241 1778 5307 τήν
1848 5238 2010 5293 αὐτοῦ

355 5325 620 5405 ὠφέλειαν
655 5326 934 5392 συντείνει,
987 5326 1072 5379 ἳνα
1129 5328 1203 5398 μὴ
1266 5324 1393 5401 δόξῃ
1453 5329 1634 5401 βαρεῖν
1684 5328 1902 5394 αὐτοὺς,
1937 5329 2012 5392 ὡς

355 5414 426 5470 δι’
476 5415 674 5474 αὐτοῦς
722 5419 821 5468 τοῦ
871 5414 1078 5468 οἰκείου
1126 5420 1397 5490 περιορῶν
1452 5419 1843 5493 συμφέροντος,
1901 5418 2006 5488 ὅτι,

355 5505 510 5578 φησὶ.
571 5505 646 5561 Τὸ
710 5505 862 5574 ὑμῶν
923 5503 1211 5581 καύχημα,
1265 5504 1353 5559 καὶ
1413 5503 1464 5559 ἐν
1524 5505 1646 5578 ἐμοὶ
1680 5507 2006 5581 περισσεύει.

349 5597 453 5651 "Av
485 5595 585 5668 γὰρ
617 5593 772 5665 ὑμεῖς
825 5591 921 5659 ἤτε
974 5589 1218 5665 δόκιμοι,
1278 5596 1312 5662 ἡ
1369 5595 1642 5668 καῦχησις
1682 5597 1772 5651 καὶ
1807 5596 1884 5661 εἷς
1915 5595 2008 5668 ἐμὲ

2124 4635 2440 4672 mansurus
2473 4639 2497 4664 ‹‹
2529 4621 2596 4672 Et
2624 4635 2757 4672 cum
2789 4618 3066 4673 omnibus
3099 4619 3258 4673 vobis
3281 4636 3762 4690 permansurus.»

2124 4708 2274 4772 Scio,
2309 4706 2691 4777 inquit,quod
2726 4723 3042 4761 mansurus
3075 4708 3206 4773 sim,
3233 4714 3289 4762 et
3319 4724 3451 4762 cum
3485 4709 3762 4765 omnibus

2121 4797 2285 4851 vobis
2301 4798 3239 4868 permansurus.Quandoquidem
3262 4801 3420 4853 enim
3444 4817 3761 4870 persuasus

2123 4904 2251 4941 sum
2294 4885 2476 4957 magis
2509 4887 2911 4940 necessarium
2974 4904 3102 4942 esse
3136 4904 3396 4956 manere,
3433 4891 3552 4945 scio
3607 4892 3764 4961 quod

2120 4991 2438 5028 mansurus
2469 4975 2580 5029 sim
2615 4991 2732 5028 non
2765 4975 2955 5030 solum
2993 4976 3052 5031 in
3087 4977 3352 5043 vinculis,
3383 4981 3766 5034 verumetiam

2120 5080 2241 5118 una
2270 5063 2571 5118 vobiscum
2607 5070 2664 5118 et
2687 5081 2789 5119 vos
2821 5065 3052 5120 visurus
3084 5067 3218 5122 sim.
3252 5067 3494 5121 Manebo
3544 5074 3763 5134 autem,

2121 5153 2222 5219 ait,
2251 5153 2320 5206 ad
2360 5159 2610 5206 vestrum
2644 5154 2972 5224 profectum
3008 5160 3067 5208 et
3095 5155 3375 5226 gaudium
3425 5155 3582 5210 fidei.
3617 5159 3765 5211 Con-

2120 5242 2293 5313 tingit
2325 5242 2484 5296 enim
2518 5242 2576 5294 in
2611 5242 2725 5297 fide
2760 5243 3158 5312 procedendo,
3203 5244 3388 5315 magis
3422 5245 3480 5298 in
3513 5261 3580 5299 ea
3619 5263 3763 5299 con-

2123 5330 2365 5397 ﬁrmari,
2401 5336 2459 5384 et
2489 5329 2744 5400 gaudere
2777 5331 3069 5400 spirituali
3101 5332 3334 5403 gaudio.
3390 5334 3507 5387 Hoc
3565 5340 3762 5388 autem

2120 5420 2298 5473 etiam
2359 5425 2449 5472 est
2491 5419 2681 5473 obiter
2727 5421 3024 5474 terrentis.
3074 5422 3218 5475 Nam
3271 5422 3318 5474 si
3368 5429 3610 5493 propter
3660 5440 3763 5478 vos

2123 5524 2440 5563 mansurus
2474 5525 2626 5573 sum,
2659 5508 2872 5574 videte,
2907 5509 3120 5579 inquit.
3153 5527 3226 5564 ne
3254 5527 3351 5564 vos
3384 5527 3578 5566 meam
3629 5529 3761 5583 per-

2123 5598 2508 5651 severantiam
2545 5597 2985 5666 piulefaciatis.u
3026 5600 3092 5651 Ut
3121 5599 3306 5670 gloria
3335 5605 3581 5654 vestra.»
3615 5601 3762 5666 Quo-
