4072 6266
379 309 535 366 12⁵17

1425 305 1836 369 OOMMENT.
1882 303 1959 364 IN
2009 300 2254 362 EPIST.
2301 303 2404 362 AD
2450 305 2733 365 PHlLlP.

3629 317 3782 376 1278

371 438 462 494 καὶ
493 437 771 501 ἀπωλείας
802 439 968 495 αἳτια.
1019 439 1179 515 Λέγει
1238 437 1296 494 δὶ
1352 437 1475 509 περί
1533 458 1695 494 τινων
1754 435 2009 492 ἀπίστων

2139 439 2194 490 et
2217 452 2395 493 causa
2425 438 3086 512 perditionis.Loquitur
3106 449 3303 500 autem
3332 444 3403 500 de
3427 447 3786 517 quibusdam

373 526 754 602 ἀντικειμένων
785 535 864 601 τῷ
896 530 1232 604 κηρύγματι.
1271 552 1297 579 ‹‹
1325 531 1448 588 ’Ότι
1492 529 1620 600 ὑμῖν
1678 525 1962 601 ἰχαρῐσθη·
1997 545 2027 575 ››

372 622 514 691 ’Ὀρα
543 624 660 681 πῶς
688 619 788 674 οὔκ
818 617 933 674 οἵδε
963 617 1224 697 διαφορὰν
1283 621 1385 681 τῆς
1439 621 1537 672 τοῦ
1588 616 1796 690 ΙΙατρὸς
1845 611 1881 682 ἤ
1930 621 2031 682 τῆς

373 713 472 762 τοῦ
503 709 630 762 Υἱοῦ
664 707 894 782 βουλῆς.
931 707 1108 762 Εἰπὼν
1141 707 1247 783 γάρ
1277 706 1360 761 ὅτι
1395 706 1484 760 καὶ
1516 709 1676 760 τοῦτο
1713 703 1820 759 ἀπὸ
1869 705 2026 767 Θεοῦ,

379 797 588 870 ἐπὶγει.
647 799 768 853 Ὅτι
827 797 955 870 ὑμῖν
1027 796 1290 872 ἐχαρίσθη
1354 795 1456 849 ὑπὸ
1513 795 1767 866 Χριστοῦ,
1835 791 2022 858 κοινὴν

371 883 578 960 δωρεὰν
616 887 823 961 Πατρὸς
853 887 938 939 καὶ
976 886 1102 939 Υἳοῦ
1143 884 1420 956 τιθέμενος
1475 883 1536 938 τὸ
1585 888 1827 958 πρᾶγμα·
1863 903 1890 932 »
1947 880 2023 937 Τὸ

373 975 508 1049 ὑπὲρ
539 977 804 1049 Χριστοῦ.
839 997 866 1025 η
900 979 1105 1044 Μεῖζον
1135 973 1223 1028 καὶ
1255 972 1681 1048 ἀξιολογώτερον
1736 975 1910 1026 ποιῶν
1960 969 2022 1023 τὸ

369 1064 476 1118 ὑπὸ
505 1067 614 1118 τῶν
656 1063 1036 1137 ἀντικειμένων
1096 1066 1174 1136 τῷ
1233 1061 1549 1136 κηρύγματι
1597 1057 2020 1134 διενοχλεῖσθαι,

369 1152 476 1206 ὑπὸ
508 1157 642 1206 Θεοῦ
705 1151 852 1228 λέγει
917 1151 1103 1213 αὐτοῖς
1161 1154 1322 1206 τοῦτο
1382 1147 1743 1224 δεδωρῆσθαι,
1799 1148 1862 1204 16
1917 1168 2018 1204 πι-

365 1244 582 1296 στεῦσαι
615 1243 860 1315 Χριστῷ,
897 1239 984 1295 καὶ
1027 1240 1101 1295 16'
1150 1237 1389 1294 ἐναθλεῖν
1440 1235 1691 1302 δύνασθαι
1735 1242 1851 1299 τοῖς
1895 1257 2017 1292 πει-

367 1340 620 1403 ρασμοξς.

433 1512 538 1568 Τὸν
597 1509 758 1566 αὐτὸν
818 1511 1004 1587 ἀγῶνα
1070 1504 1312 1584 ἔχοντες,
1377 1509 1494 1564 οἷον
1557 1505 1699 1563 ἴδετε
1755 1506 1806 1562 ἐν
1865 1506 2013 1580 limi,

360 1600 451 1655 καὶ
505 1603 597 1654 νῦν
654 1600 875 1654 ἀκούετε
925 1597 976 1654 ἐν
1039 1597 1184 1672 ἐμοί.
1248 1596 1313 1654 Ε’ί
1373 1619 1456 1660 τις
1513 1596 1606 1651 οὖν
1665 1594 2012 1670 παράκλησις

367 1687 421 1743 ἐν
452 1691 693 1763 Χριστῷ,
752 1685 805 1742 εἶ’
849 1709 902 1742 τι
959 1685 1304 1762 παραμύθιον
1361 1684 1596 1762 ἀγάπης,
1651 1685 1698 1740 εἳ
1751 1705 1835 1746 τις
1894 1705 2014 1740 κοι-

355 1777 524 1874 νωνία
566 1776 905 1849 Ηνεΰματος,
963 1776 1011 1831 εἳ
1067 1797 1177 1874 τις.
1210 1775 1505 1874 σπλάγχνα
1558 1775 1648 1874 καὶ
1679 1774 2008 1874 “οἰκτιρμοὶ,
2045 1809 2091 1874 Β

357 1864 693 1939 πληρώσατέ
726 1887 830 1939 μου
885 1867 985 1934 τήν
1045 1865 1244 1939 χαρὰν,
1301 1865 1394 1918 ’ἱνα
1452 1864 1516 1919 16
1571 1863 1702 1918 αὐτὸ
1759 1869 2014 1941 φρονῆτε,

1122 1950 1368 2036 ἔχοντες,
1465 1952 1776 2028 σῦμψυχοι,
1835 1953 1897 2007 τὸ
1962 1949 2014 2008 ἵν

1037 2045 1171 2099 κατά
1239 2043 1490 2117 ἐρίθειαν,
1559 2042 1594 2111 ἤ
1662 2042 1801 2098 κατὰ
1866 2062 2014 2096 κενο-

1727 2131 2018 2202 ἀλλήλους

1670 2222 1737 2276 τά
1813 2224 2016 2278 ἑαυτῶν

352 1958 456 2026 τήν
547 1956 716 2024 αὐτὴν

353 2050 706 2128 φρονοῦντες,
774 2041 943 2118 μηδὲν

363 2135 569 2210 δοξίαν,
681 2133 823 2190 ἆλλά
931 2137 1000 2206 τῇ

359 2226 666 2302 ἡγούμενοι
777 2223 1140 2298 ὑπερέχοντας
1215 2225 1414 2278 ἑαυτῶν
1493 2224 1569 2297 μὴ

357 2316 585 2378 ἕκαστος
652 2320 922 2384 σκοπεῖτε,
993 2313 1136 2370 ἀλλὰ
1201 2314 1292 2369 καὶ
1357 2315 1420 2368 τὸ
1489 2313 1702 2388 ,ἑτέρων
1767 2310 2012 2375 ἕκαστος·

429 2401 626 2474 Βαϐαῖ,
656 2406 769 2460 οἷόν
801 2404 914 2460 ἐστι
937 2406 1000 2461 16
1029 2406 1122 2460 τὸν
1154 2405 1339 2481 ἀγῶνα
1398 2401 1598 2475 Παύλῳ
1657 2401 1807 2482 ἔχειν
1839 2407 1850 2461 l
1903 2404 2015 2462 T6-

359 2519 463 2559 πος
498 2497 601 2574 γάρ
635 2497 823 2558 αὐτοῖς
867 2497 893 2550 ό
926 2495 1140 2558 Παῦλος
1173 2493 1377 2568 ἐγὲνετο
1408 2493 1652 2565 ἀθλήσας
1692 2495 1747 2549 ὲν
1806 2495 2017 2574 Φιλίπτ

357 2608 509 2654 ποις,
541 2590 657 2648 πῶς
691 2583 773 2640 δεῖ
813 2585 943 2658 ὑπὲρ
1000 2592 1098 2658 τῆς
1156 2584 1390 2644 πίστεως
1449 2583 1829 2659 ἀγωνίζεσθαι.
1885 2609 1911 2636 ‹‹
1946 2569 2020 2641 Er

358 2698 442 2738 τις
473 2677 562 2730 οῦν
592 2673 1021 2750 παράκλησις.»
1060 2671 1132 2731 Ei’
1176 2693 1280 2736 τις,
1327 2673 1512 2751 φησιν,
1565 2675 1690 2744 ὑμῖν
1742 2672 1878 2746 ἐμοῦ
1925 2676 2010 2749 γί-

353 2787 504 2821 νεται
536 2765 722 2841 λόγος,
755 2764 847 2819 καὶ
878 2761 932 2819 εἷ’
955 2764 1072 2819 τινά
1101 2783 1191 2836 μοι
1240 2761 1507 2838 βούλεσθε
1563 2761 1908 2838 παράκλησιν
1957 2762 2008 2820 ἐν

352 2861 468 2916 τοῖς
502 2857 830 2930 πειρασμοῖς
887 2850 1094 2923 δοῦναι,
1144 2851 1233 2907 καὶ
1285 2849 1338 2906 εἶ’
1373 2872 1494 2906 τινα
1551 2852 1896 2926 παραμυθίαν
1959 2853 2009 2924 ἐξ

356 2944 575 3021 ἀγάπης
609 2941 948 3014 κινούμενοι,
975 2938 1306 3016 πληρώσατέ
1341 2962 1446 3012 μου
1477 2942 1576 3010 την
1629 2941 1826 3019 χαράν.
1879 2967 1906 2994 ‹‹
1946 2941 2014 2998 Εἴ

352 3055 434 3095 τις
466 3031 723 3088 κοινωνία
757 3030 1092 3106 Πνεῦματος.
1128 3054 1154 3081 ››
1191 3028 1254 3085 Εἴ
1283 3026 1458 3104 ἔχετε,
1492 3030 1648 3109 φησὶ,
1701 3031 1816 3102 μετ’
1870 3029 2004 3104 ἐμοῦ

351 3122 634 3178 κοινωνῖαν
669 3123 720 3176 ἐν
752 3125 830 3194 τῷ
863 3119 1004 3197 ἁγίῳ
1036 3118 1331 3192 Ηνευᾶματι,
1363 3117 1450 3172 καὶ
1484 3116 1529 3171 εἰ
1589 3115 1730 3172 ἔστιν
1776 3117 1828 3172 ἐν
1874 3119 2002 3192 ὑμῖν

809 1955 1032 2032 ἀγάπην

1148 2131 1611 2212 ταπεινοφροσύνῃ

2139 525 2592 598 incredulis,qui
2626 529 3032 599 prmdicationi
3057 532 3542 601 adversabantur,
3570 559 3596 586 «
3640 540 3787 602 Quia

2137 615 2299 669 vobis
2329 615 2613 672 donatum
2646 623 2752 674 est.
2778 639 2806 668 »
2838 619 2981 674 Vide
3012 622 3168 691 quod
3208 639 3328 678 non
3362 626 3589 680 noverit
3615 627 3782 682 ditl'e-

2137 703 2389 758 rentiam
2445 705 2766 762 voluntatis
2806 708 3002 762 Patris
3060 726 3093 764 a
3125 711 3420 766 volontate
3454 713 3605 770 Filii.
3641 719 3783 771 Cum

2136 791 2292 845 enim
2326 791 2574 848 dixisset
2603 794 2758 864 quod
2793 795 2901 850 hoc
2933 813 3169 868 quoque
3205 815 3238 852 a
3268 800 3384 854 Deo
3419 801 3514 868 sit,
3539 802 3784 874 subjun-

2133 881 2216 950 git
2246 897 2258 934 :
2295 881 2442 945 Quia
2468 882 2632 937 vobis
2657 883 2939 939 donatum
2973 892 3064 940 est
3107 903 3140 941 a
3170 887 3419 943 Christo.
3453 892 3616 959 (Nam
3650 890 3780 966 ὑπὲρ

2133 970 2364 1039 capitur
2395 988 2499 1042 pro
2522 971 2648 1040 ὑπὸ,
2684 971 2741 1026 id
2776 980 2862 1027 est
2893 973 2948 1044 a)
2982 991 3106 1029 rem
3155 993 3382 1046 ponens
3435 995 3567 1048 qua;
3617 997 3780 1036 com-

2133 1072 2312 1112 mune
2345 1058 2422 1111 sit
2451 1057 2674 1114 donum
2703 1061 2896 1115 Patris
2917 1077 2984 1116 ac
2999 1061 3150 1118 Filii.
3189 1086 3215 1112 ‹‹
3251 1065 3368 1118 Hoc
3400 1082 3433 1119 a
3464 1066 3712 1123 Christo.
3748 1091 3777 1119 »

2131 1147 2316 1217 Majus
2365 1164 2432 1202 ac
2466 1147 2698 1219 dignius
2730 1149 2984 1205 reddens
3038 1152 3343 1208 molestias
3372 1155 3526 1210 ferre
3579 1155 3651 1211 ab
3683 1157 3778 1212 his

2130 1236 2229 1306 qui
2263 1236 2671 1306 prmdicationi
2697 1237 3102 1308 adversantur,
3126 1241 3320 1296 dicita
3355 1244 3468 1297 Deo
3495 1244 3605 1299 hoc
3625 1245 3773 1316 ipsis

2129 1321 2332 1378 datum
2372 1340 2525 1390 esse,
2557 1330 2681 1380 tum
2713 1331 2778 1380 ut
2808 1326 2868 1381 in
2900 1327 3196 1384 Christum
3229 1328 3690 1397 crederent,tum
3710 1338 3775 1386 ut

2127 1429 2262 1468 cum
2295 1414 2440 1484 ipsis
2477 1413 2900 1472 afﬂictionibus
2931 1415 3231 1474 decertare
3264 1425 3532 1490 possent.

2199 1511 2240 1576 1,
2275 1513 2377 1577 30;
2404 1512 2508 1577 Il,l
2527 1514 2634 1566 -4.‹ι
2646 1513 2806 1568 Idem
2831 1521 3133 1571 certamen
3151 1516 3438 1573 habentes
3461 1519 3669 1589 quales
3690 1520 3773 1573 vi-

2125 1599 2422 1655 «distisin
2449 1617 2562 1666 me,
2587 1609 2643 1657 et
2666 1619 2824 1657 nunc
2846 1603 3064 1659 auditis
3087 1606 3145 1659 in
3195 1623 3309 1661 me.
3347 1607 3400 1661 Si
3451 1624 3568 1678 qua
3596 1608 3777 1681 igitur

2126 1711 2152 1737 α
2175 1690 2504 1745 consolatio
2522 1692 2580 1746 in
2597 1692 2902 1756 Christo,si
2920 1694 3076 1764 quod
3097 1695 3452 1758 solatium.si
3473 1714 3589 1767 qua
3610 1715 3774 1754 com-

2126 1801 2152 1829 ιι
2170 1780 2374 1834 munio
2389 1780 2539 1851 Spiri
2550 1781 2715 1845 tus,si
2731 1799 2847 1852 qua
2859 1784 3084 1838 viscera
3096 1800 3163 1838 ac
3178 1785 3774 1853 miserationes,com-

2133 1890 2154 1917 ι
2174 1868 2329 1938 plete
2349 1885 2546 1923 meum
2562 1871 2861 1941 gaudium,
2879 1877 2942 1925 ut
2957 1872 3230 1927 similiter
3243 1875 3432 1929 effecti
3451 1875 3771 1943 sitis,eam-

2128 1980 2155 2008 ‹‹
2177 1957 2308 2012 dem
2323 1957 2483 2012 chari
2496 1964 2670 2014 tatem
2685 1958 3332 2029 habentes,unanimes,
3348 1965 3506 2020 idem
3521 1967 3777 2024 sentien-

2129 2051 2362 2113 «tes,ne
2395 2047 2538 2116 quid
2555 2047 3228 2118 ﬂatpercontentionem
3261 2057 3363 2106 aut
3395 2069 3501 2124 per
3529 2054 3772 2113 inanem

2128 2135 2440 2208 «gloriam,
2461 2135 2560 2191 sed
2578 2137 3089 2208 perhumilitatem
3107 2141 3288 2195 animi
3312 2142 3495 2196 alium
3523 2144 3775 2214 quisque

2127 2242 2234 2280 «se
2257 2226 2729 2296 praestantiorem
2757 2227 3157 2292 existimet,ne
3190 2246 3296 2284 sua
3326 2231 3580 2302 quisque
3605 2249 3771 2304 spec-

2127 2335 2152 2363 α
2188 2314 2344 2379 tetis,
2377 2314 2480 2369 sed
2519 2316 2929 2386 unusquisque
2962 2333 3092 2385 qua)
3124 2324 3260 2372 sunt
3290 2319 3563 2378 aliorum.
3599 2343 3628 2372 ››

2195 2404 2368 2474 Papia
2400 2410 2687 2473 quantum
2711 2409 2799 2458 est
2825 2405 3040 2459 habere
3081 2406 3239 2464 idem
3275 2424 3408 2462 cum
3433 2410 3616 2464 Paulo
3643 2427 3770 2466 cer-

2125 2501 2344 2548 tamen.
2387 2495 2595 2548 Factus
2653 2501 2744 2548 est
2782 2496 2940 2549 enim
2985 2496 3202 2551 Paulus
3266 2498 3412 2569 ipsis
3472 2502 3776 2572 exemplar

2123 2599 2258 2638 cum
2301 2582 2611 2654 Philippus
2667 2589 2940 2650 certaret,
3004 2586 3302 2656 quomodo
3361 2594 3635 2659 oporteat
3663 2607 3769 2660 pro

2123 2673 2238 2727 fide
2269 2679 2515 2728 certare.
2542 2696 2569 2722 «
2598 2673 2652 2727 Si
2685 2689 2803 2744 qua
2832 2673 3010 2745 igitur
3041 2676 3390 2730 consolatio.
3427 2699 3454 2725 ››
3512 2677 3568 2732 Si
3629 2694 3766 2748 qua,

2121 2760 2332 2830 inquit,
2396 2759 2562 2815 vobis
2613 2761 2726 2816 mei
2784 2762 2935 2817 ratio
2993 2761 3265 2829 habetur,
3329 2764 3436 2818 etsi
3495 2781 3672 2834 quam
3705 2765 3765 2819 in

2119 2849 2546 2904 afﬂictionibus
2569 2850 2714 2904 mihi
2739 2849 2878 2905 dare
2903 2850 3078 2905 vultis
3129 2852 3621 2920 consolationem,
3654 2854 3764 2908 etsi

2118 2935 2275 3007 quod
2309 2937 2585 2993 solatium
2617 2937 2760 2991 moti
2793 2955 2864 2992 ex
2904 2938 3210 3005 charitate,
3239 2941 3530 3011 complete
3563 2957 3759 2997 meum

2115 3026 2416 3097 gaudium.
2443 3049 2469 3077 ‹‹
2502 3027 3039 3097 Siquacommunio
3074 3028 3379 3099 Spiritus.»
3417 3030 3471 3084 Si
3506 3030 3759 3097 habetis,

2118 3116 2573 3185 inquit,mecum
2604 3117 3205 3172 communicationem
3224 3119 3280 3171 in
3295 3119 3514 3190 Spiritu
3531 3125 3757 3176 sancto:

803 3178 813 3194 .
913 3178 924 3197 .
977 3178 987 3192 .
1181 3178 1191 3192 .
1321 3178 1328 3184 -
1911 3178 1920 3192 .

349 3211 686 3286 σπλάγχνων
717 3209 806 3265 καὶ
841 3209 1138 3282 οἰκτιρμῶν
1171 3228 1245 3276 τι,
1272 3206 1605 3280 πληρώσατέ.
1665 3228 1792 3279 μου,
1843 3207 1998 3286 φησὶ,

2122 3204 2228 3258 etsi
2263 3204 2486 3274 quidin
2511 3204 2670 3259 vobis
2695 3211 2783 3259 est
2831 3206 3117 3260 viscerum
3170 3223 3236 3260 ac
3282 3207 3758 3278 miserationum,

337 3305 439 3373 τὴν
479 3301 682 3382 χαράνὲ
712 3300 764 3356 ἒν
823 3300 902 3371 τῷ
964 3297 1251 3368 ἀλλήλους
1309 3296 1546 3371 ἀγαπᾷν,
1607 3296 1739 3352 ὡσεὶ
1797 3293 2002 3374 ἔλεγεν·

338 3389 414 3448 Ei'
436 3411 558 3445 τινα
589 3383 834 3462 ἀμοιϐήν
871 3408 964 3460 μοι
998 3383 1181 3440 δοῦναι
1224 3382 1537 3462 ἑποφείλετε
1597 3386 1726 3460 ὕπὶρ
1769 3390 1878 3441 τῶν
1928 3387 2006 3449 εἰς

345 3481 492 3548 ὑμᾶς
527 3477 709 3532 πόνων
743 3497 870 3549 μου,
898 3473 948 3529 ἐν
979 3473 1158 3546 τούτῳ
1202 3495 1294 3545 μοι
1354 3471 1608 3542 ἀπόδοτε,
1669 3472 1722 3528 ἐν
1769 3479 1849 3547 τῷ
1897 3475 2004 3530 ἀλ-

361 3567 575 3637 λήλους
607 3566 838 3645 ἀγαπᾷν.
893 3587 914 3616 ε
948 3567 1060 3618 Ἵνα
1115 3561 1176 3618 τι)
1236 3563 1370 3618 αὐτὸ
1429 3569 1684 3642 φρονῆτε.
1722 3588 1748 3614 ››
1800 3565 1896 3618 Καέ
1953 3565 2006 3619 τί

360 3654 564 3710 ἐστινὸ
599 3652 790 3729 βούλει
821 3651 938 3708 ἀντὶ
998 3651 1212 3706 πάντων
1271 3650 1681 3730 παρασχεθῆναί
1739 3673 1822 3707 σοι
1880 3655 2007 3728 παρ’

359 3747 558 3816 ﬂium;
589 3745 720 3810 Ἵνα,
750 3743 906 3820 φησῖ,
939 3740 1001 3796 τὸ
1033 3740 1161 3794 αὐτὸ
1194 3747 1452 3818 φρονῆτε,
1484 3741 1572 3795 καὶ
1626 3737 1817 3814 μηδεὶς
1869 3743 2004 3816 πρὸς

355 3836 450 3890 τὸν
480 3833 662 3908 ἓτερον
721 3833 1003 3906 στασιάζῃ·
1037 3830 1072 3899 ἢ
1103 3829 1192 3884 καὶ
1241 3831 1364 3904 περὶ
1423 3834 1520 3884 τοῦ
1581 3827 1854 3907 δόγματος
1906 3830 2006 3886 λέ-

358 3945 464 4002 γει,
497 3923 613 3976 ἀντὶ
645 3923 860 3976 πάντων
894 3924 1072 3989 ζητῶν
1133 3919 1194 3973 τὸ
1244 3919 1577 3992 ὁμόγνωμον
1637 3919 1712 3980 εἷς
1768 3921 1866 3987 τήν
1915 3919 2008 3976 πί-

359 4035 493 4070 στιν,
531 4036 557 4063 ‹‹
588 4013 702 4081 Τὴν
735 4009 899 4076 αὐτην
945 4009 1161 4084 ἀγάπην
1195 4002 1434 4081 ἔχοντες.
1473 4030 1500 4056 ››
1534 4009 1622 4076 Μὴ
1666 4007 1741 4066 εἷς
1788 4007 2008 4076 πολλὴν

355 4101 444 4156 καὶ
474 4100 548 4164 εἷς
578 4099 797 4176 ὀλίγην,
831 4097 976 4153 ἀλλά
1005 4099 1106 4166 την
1160 4093 1281 4166 ἴσην
1335 4096 1423 4150 καὶ
1474 4098 1574 4165 τήν
1623 4096 1790 4165 αὐτὴν
1836 4118 2010 4152 απαν-

355 4211 460 4252 τες,
497 4215 523 4240 ‹‹
556 4188 871 4262 Ὀμόψυχοι
901 4186 1204 4260 γινόμενοι.
1241 4209 1268 4236 »
1299 4186 1475 4240 Τοῦτο
1531 4185 1632 4260 γάρ
1683 4185 1747 4239 τὸ
1793 4184 2010 4260 σῦμψυ-

357 4299 473 4354 χοι.
511 4277 684 4333 Πάλιν
711 4275 1054 4343 διπλασιάζει
1084 4274 1147 4328 τὸ
1180 4273 1532 4351 ὀμοφρονεῖν.
1578 4298 1604 4324 ‹‹
1640 4270 1825 4343 Μηδὲν
1872 4276 2008 4330 κατά

354 4369 607 4443 ἐρίθειαν.
643 4391 670 4418 ››
708 4365 908 4419 λοιπὸν
943 4364 1023 4417 mi
1058 4359 1320 4430 διδασκει,
1381 4366 1498 4424 πῶς
1551 4360 1625 4416 ἔνι
1682 4362 2011 4438 ὁμοψύχους

355 4461 511 4516 εἶναι.
546 4456 745 4531 Μηδὲν,
805 4457 960 4536 φησί,
1021 4455 1138 4509 κατ’
1193 4453 1444 4527 ἐρίθειαν,
1508 4453 1776 4523 τουτέστι,
1842 4453 2012 4525 ζῆλον

2113 3292 2406 3362 complete
2429 3309 2624 3347 meum
2645 3292 2949 3364 gaudium,
2970 3293 3220 3348 invicem
3254 3294 3581 3367 diligendo,
3612 3312 3679 3350 ac
3712 3297 3760 3352 si

2111 3381 2335 3436 diceret
2368 3399 2380 3436 :
2419 3382 2464 3436 si
2493 3398 2668 3452 quam
2704 3383 2848 3437 mihi
2885 3384 3426 3440 remunerationem
3461 3385 3599 3439 dare
3656 3385 3760 3439 de—

2112 3471 2264 3525 betis
2299 3471 2372 3525 ob
2407 3487 2565 3525 meos
2589 3487 2725 3542 erga
2766 3489 2864 3526 vos
2887 3471 3138 3539 labores,
3197 3473 3257 3527 in
3309 3473 3417 3527 hoc
3459 3474 3603 3528 mihi
3660 3491 3762 3528 ex-

2113 3561 2317 3615 solvite
2348 3566 2405 3615 ul
2445 3561 2693 3616 invicem
2726 3560 3004 3632 diligatis.
3042 3585 3068 3612 «
3107 3564 3171 3616 th
3231 3562 3506 3616 similiter
3566 3562 3760 3617 affecti

2113 3651 2296 3706 sitis»
2333 3653 2400 3704 Et
2423 3651 2563 3721 quid
2594 3656 2682 3704 est
2713 3649 2870 3720 quod
2893 3668 2998 3720 pro
3027 3651 3118 3705 his
3163 3653 3440 3705 omnibus
3493 3653 3759 3706 exhiberi

2112 3741 2217 3794 tibi
2252 3741 2419 3810 cupis
2450 3757 2482 3794 a
2516 3738 2733 3793 nobis?
2757 3741 2824 3792 Ut
2855 3740 3571 3810 similiter,inquit,alfecti
3605 3741 3756 3804 sitis,

2114 3835 2170 3882 et
2201 3829 2401 3883 nullus
2424 3828 2702 3882 adversus
2726 3827 2908 3882 alium
2943 3828 3292 3882 seditionem
3326 3835 3478 3900 agat,
3506 3835 3609 3884 aut
3634 3829 3760 3884 dis-

2113 3917 2456 3971 sentiat.Vel
2491 3916 2664 3970 etiam
2691 3915 2761 3973 de
2794 3915 3082 3984 dogmatis
3107 3916 3384 3986 loquitur,
3421 3923 3626 3988 petens
3650 3935 3754 3990 pro

2113 4003 2390 4058 omnibus
2419 4010 2485 4057 ut
2515 4003 2827 4057 unanimes
2860 4003 2979 4057 sint
3011 4003 3067 4056 in
3101 4004 3235 4058 fide.
3274 4005 3369 4058 79
3402 4028 3425 4056 σι
3474 4005 3754 4060 Eamdem

2113 4093 2459 4147 charitatem
2531 4091 2834 4146 habentes.
2876 4115 2896 4142 ι
2930 4094 3055 4146 Non
3088 4094 3183 4147 hic
3236 4093 3481 4149 multam
3540 4100 3599 4149 et
3654 4093 3756 4149 ille

2113 4199 2374 4254 parvam,
2407 4182 2507 4235 sed
2531 4181 2820 4251 aequalem
2844 4189 2901 4235 et
2933 4183 3203 4238 eamdem
3225 4200 3452 4239 omnes.
3478 4208 3503 4234 ιι
3539 4185 3757 4239 Unani-

2115 4288 2260 4326 mes.
2299 4293 2323 4317 »ι
2355 4271 2555 4324 Eﬂ'ecti
2586 4269 2954 4326 videlicet.Et
2985 4287 3218 4324 rursum
3252 4273 3514 4343 geminat
3543 4289 3610 4326 ac
3641 4273 3754 4326 ile-

2115 4361 2383 4432 ratquod
2441 4361 2610 4428 dixit,
2672 4361 2948 4415 similiter
2999 4362 3190 4416 aﬂ‘ecti
3254 4363 3400 4416 sitis.
3445 4386 3463 4410 ι
3500 4364 3577 4416 Ne
3610 4363 3754 4432 quid

2115 4452 2216 4506 ﬂat
2244 4467 2348 4522 per
2366 4450 3176 4522 contentionem.»-l)einceips
3204 4451 3381 4505 etiam
3413 4451 3584 4506 docet
3609 4468 3756 4522 quo-

421 4547 778 4622 φιλονεικίαν,
810 4548 843 4616 ἢ
873 4545 1006 4600 κατά
1046 4541 1350 4616 κενοδοξίαν
1409 4548 1711 4605 ποιοῦντες.
1771 4565 1791 4592 α
1828 4542 2006 4600 Ἀλλὰ

2122 4540 2290 4594 modo
2323 4539 2774 4610 eontingatesse
2831 4540 3166 4593 unanimes.
3199 4540 3372 4602 Nihil,
3417 4541 3629 4610 inquit,
3665 4539 3750 4593 fa-

351 4643 419 4712 τῇ
453 4636 937 4714 ταπεινοφροσύνῃ.
975 4660 1000 4684 ››
1037 4628 1225 4700 Βαϐαὶ,
1253 4634 1370 4688 οἷον
1407 4631 1592 4708 λέγειῐ
1651 4633 1748 4687 Διά
1778 4641 1878 4702 τῆς
1917 4655 2006 4688 τα-

353 4726 809 4804 πεινοφροσύνης,
862 4721 1048 4801 φησὶν,
1103 4718 1325 4783 ἕκαστος
1381 4720 1620 4797 ἡγείσθω
1675 4720 1768 4775 τὸν
1824 4717 2005 4796 ἕτερον

353 4814 660 4894 ὓπερὲχειν,
722 4814 810 4867 καὶ
875 4810 1096 4884 μείζονα
1153 4811 1289 4865 εἶναι
1345 4810 1480 4865 κατά
1562 4812 1738 4864 πάντα
1811 4810 1999 4866 αὐτοῦ.

351 4908 505 4979 Μέγα
541 4905 633 4978 μὲν
669 4902 792 4976 γὰρ,
823 4907 886 4956 16
915 4898 1012 4955 κέν
1071 4901 1133 4954 16
1189 4896 1244 4954 ἓν
1303 4899 1468 4973 μέρος
1525 4900 1799 4975 ἡγεῖσθαι,
1858 4899 1942 4953 ὃτι
1975 4901 2003 4954 6

354 4991 504 5047 δεῖνά
537 5012 640 5064 μου
672 4990 918 5064 προάγει.
952 4988 1015 5044 Εἰ
1065 4989 1169 5062 γὰρ
1227 4991 1388 5042 τοῦτο
1445 4989 1729 5064 ἡγήσεται,
1779 4987 1867 5041 ναὶ
1919 5009 2000 5042 1'.-

357 5080 664 5156 μήσει,καὶ
723 5079 1164 5157 αἰσχυνθήσεται,
1227 5077 1317 5130 καὶ
1376 5075 1668 5150 ἀγαπήσει,
1727 5076 1814 5130 καὶ
1873 5074 2001 5131 οὐδὲ

352 5173 633 5251 ιρθονήσειθ
696 5173 939 5240 κρεῖττον
991 5167 1091 5243 γὰρ
1145 5166 1345 5242 φθόνου
1402 5166 1464 5219 16
1533 5165 1824 5239 ὑπερέχον,
1885 5165 1999 5219 ἐπεὶ

348 5260 486 5334 πρὸς
519 5259 611 5313 τὸν
670 5254 991 5324 ἀντίπαλον,
1027 5257 1054 5309 6
1086 5256 1280 5332 φθόνος
1331 5255 1567 5327 γίνεσθαι
1617 5253 1786 5331 φιλεῖ.
1831 5253 1892 5307 Εἰ
1943 5252 2000 5308 δὲ

348 5349 437 5402 καὶ
471 5349 662 5402 ἐκτῶν
694 5343 788 5401 δύο
835 5350 1012 5418 μερῶν
1060 5341 1208 5398 ἔσται
1263 5343 1400 5412 αῦτη
1433 5345 1468 5411 ἡ
1503 5340 1704 5412 οῗήσις,
1751 5342 1850 5416 δρα
1899 5345 1999 5412 τὴν

350 5437 572 5512 εἶρήνην
606 5435 726 5505 ὅση.
762 5437 898 5508 Ὅρα
950 5431 1023 5486 δέ.
1081 5431 1194 5489 Οὐκ
1252 5433 1365 5487 εἶπε
1427 5431 1700 5502 μείζονας,
1759 5428 1908 5496 ἀλλ’,
1969 5432 1998 5485 ὅ

350 5523 516 5581 πλέον
591 5525 680 5593 ἦν,
735 5523 1102 5596 ὕπερὲχοντας
1159 5520 1346 5596 φησὶν,
1405 5521 1630 5575 hut-0‘“
1691 5543 1719 5572 (ί
1932 5522 1998 5575 τὰ

347 5618 554 5671 ἑαυτῶν
610 5614 854 5675 ἕκαστος.
930 5635 955 5661 ››
1010 5612 1175 5668 Ὅταν
1236 5611 1338 5686 γὰρ
1390 5609 1454 5664 τὸ
1509 5607 1651 5664 ’ἰδιον
1721 5608 1992 5687 συμφέρον

2115 4629 2323 4684 ciendo
2355 4645 2459 4700 per
2489 4628 2952 4693 contentionem,
3003 4629 3106 4682 hoc
3149 4635 3258 4695 est,
3309 4628 3752 4684 mmulationem

2115 4721 2232 4775 sive
2265 4720 2474 4786 rixam,
2508 4735 2699 4788 neque
2734 4735 2838 4788 per
2867 4718 3102 4772 inanem
3136 4719 3401 4789 gloriam.
3443 4744 3461 4767 α
3502 4720 3610 4774 Sed
3649 4736 3756 4790 per

2114 4810 2510 4865 humilitatem
2543 4809 2746 4862 animi.
2782 4831 2809 4858 ››
2844 4810 3182 4879 Ρορω,(μιὶό
3223 4809 3352 4864 ait?
3382 4812 3492 4864 Per
3513 4810 3753 4865 humili-

2111 4896 2745 4969 tatem,inquit.animi
2778 4897 2960 4951 alium
2993 4899 3244 4968 quisque
3277 4917 3338 4953 se
3371 4900 3752 4970 praestantio-

2113 5004 2237 5040 rem
2253 4986 2636 5052 existimet,et
2650 4984 2830 5038 alium
2847 5001 2953 5055 per
2969 4987 3169 5040 omnia
3182 5003 3310 5041 esse
3335 5005 3394 5041 se
3425 4988 3712 5058 majorem
3729 5029 3740 5044 .

2113 5077 2381 5146 Magnum
2413 5074 2705 5144 siquidem
2732 5081 2819 5128 est
2849 5080 2913 5128 ut
2942 5075 3026 5128 vel
3061 5075 3246 5128 altera
3283 5093 3413 5147 pars
3444 5077 3554 5130 hoc
3577 5076 3754 5131 ducat

2111 5171 2252 5235 puto
2279 5165 2378 5218 ille
2408 5181 2499 5217 me
2523 5163 2830 5233 praicellit.
2875 5165 3017 5217 Nam
3051 5165 3097 5218 si
3143 5165 3252 5220 hoc
3303 5165 3748 5231 existimaverit,

2111 5255 2287 5307 etiam
2316 5253 2627 5307 honorabit
2655 5269 2720 5305 ac
2751 5253 3113 5307 reverebitur
3139 5261 3194 5307 et
3215 5255 3454 5318 amabit,
3475 5272 3581 5309 nec
3612 5256 3753 5309 invi-

2109 5342 2272 5395 debit
2298 5359 2308 5397 :
2337 5341 2491 5412 quod
2511 5341 2668 5394 enim
2700 5340 2998 5395 excellens
3023 5349 3131 5407 est,
3154 5349 3395 5413 superat
3426 5343 3745 5401 invidiam:

2108 5431 2326 5485 invidia
2357 5446 2612 5500 namque
2671 5431 2931 5484 exerceri
2980 5433 3140 5501 cupit
3179 5448 3314 5503 erga
3346 5432 3542 5487 ualem
3573 5449 3751 5488 remu-

2107 5521 2422 5586 luni.Quod
2457 5521 2502 5574 si
2536 5521 2710 5574 fuerit
2744 5520 2867 5574 lure
2900 5521 3102 5591 opinio
3156 5539 3225 5576 ex
3275 5530 3524 5594 utraque
3556 5531 3744 5596 parte,

2104 5611 2236 5666 vide
2269 5617 2490 5681 quanta
2519 5627 2654 5680 pars
2713 5616 3012 5680 sequetur.
3064 5611 3516 5668 Anidmadverte
3545 5620 3744 5670 autem
