  <div class='ocr_page' id='page_1' title='image "/cluster/home/n/w/nwhite01/storage/ocr_20150623/118/mdp.39015078384297/647.png"; bbox 0 0 4072 6266; ppageno 0'>
   <div class='ocr_carea' id='block_1_1' title="bbox 434 328 588 386">
    <p class='ocr_par' dir='ltr' id='par_1_1' title="bbox 434 328 588 386">
     <span class='ocr_line' id='line_1_1' title="bbox 434 328 588 386; baseline 0 0"><span class='ocrx_word' id='word_1_1' title='bbox 434 328 588 386; x_wconf 75' lang='grc'>1279</span> 
     </span>
    </p>
   </div>
   <div class='ocr_carea' id='block_1_2' title="bbox 1563 327 2720 392">
    <p class='ocr_par' dir='ltr' id='par_1_2' title="bbox 1563 327 2720 392">
     <span class='ocr_line' id='line_1_2' title="bbox 1563 327 2720 392; baseline 0.003 -4"><span class='ocrx_word' id='word_1_2' title='bbox 1563 327 1973 390; x_wconf 79' lang='lat' dir='ltr'>CEGUMENII</span> <span class='ocrx_word' id='word_1_3' title='bbox 2019 327 2325 388; x_wconf 75' lang='lat' dir='ltr'>&#39;l‘RICC/E</span> <span class='ocrx_word' id='word_1_4' title='bbox 2370 330 2720 392; x_wconf 85' lang='lat' dir='ltr'>EPISCOPI</span> 
     </span>
    </p>
   </div>
   <div class='ocr_carea' id='block_1_3' title="bbox 3672 332 3804 392">
    <p class='ocr_par' dir='ltr' id='par_1_3' title="bbox 3672 332 3804 392">
     <span class='ocr_line' id='line_1_3' title="bbox 3672 332 3804 392; baseline 0.015 -2"><span class='ocrx_word' id='word_1_5' title='bbox 3672 332 3804 392; x_wconf 76' lang='grc'>1280</span> 
     </span>
    </p>
   </div>
   <div class='ocr_carea' id='block_1_4' title="bbox 435 460 2078 542">
    <p class='ocr_par' dir='ltr' id='par_1_4' title="bbox 435 461 2078 535">
     <span class='ocr_line' id='line_1_4' title="bbox 435 461 2078 535; baseline 0 -18"><span class='ocrx_word' id='word_1_6' title='bbox 435 461 595 534; x_wconf 90' lang='lat' dir='ltr'>quod</span> <span class='ocrx_word' id='word_1_7' title='bbox 624 478 743 517; x_wconf 92' lang='lat' dir='ltr'>non</span> <span class='ocrx_word' id='word_1_8' title='bbox 772 461 990 516; x_wconf 80' lang='lat' dir='ltr'>dixerit</span> <span class='ocrx_word' id='word_1_9' title='bbox 1014 477 1028 516; x_wconf 87' lang='lat'><strong><em>:</em></strong></span> <span class='ocrx_word' id='word_1_10' title='bbox 1054 461 1313 533; x_wconf 87' lang='lat' dir='ltr'>Quisque</span> <span class='ocrx_word' id='word_1_11' title='bbox 1346 479 1407 518; x_wconf 92' lang='lat' dir='ltr'>se</span> <span class='ocrx_word' id='word_1_12' title='bbox 1439 463 1728 535; x_wconf 80' lang='lat' dir='ltr'>majorem</span> <span class='ocrx_word' id='word_1_13' title='bbox 1754 479 1767 517; x_wconf 88' lang='lat'><strong>:</strong></span> <span class='ocrx_word' id='word_1_14' title='bbox 1796 462 1900 518; x_wconf 91' lang='lat' dir='ltr'>sed</span> <span class='ocrx_word' id='word_1_15' title='bbox 1923 462 2078 534; x_wconf 91' lang='lat' dir='ltr'>quod</span> 
     </span>
    </p>
   </div>
   <div class='ocr_carea' id='block_1_5' title="bbox 2189 460 3807 542">
    <p class='ocr_par' dir='ltr' id='par_1_5' title="bbox 2191 460 3807 542">
     <span class='ocr_line' id='line_1_5' title="bbox 2191 460 3807 542; baseline 0.002 -27"><span class='ocrx_word' id='word_1_16' title='bbox 2191 460 2417 525; x_wconf 74' lang='grc' dir='ltr'>ἕκαστος</span> <span class='ocrx_word' id='word_1_17' title='bbox 2447 461 2624 542; x_wconf 77' lang='grc' dir='ltr'>ἀφεὶς,</span> <span class='ocrx_word' id='word_1_18' title='bbox 2680 468 2780 519; x_wconf 85' lang='grc' dir='ltr'>τοῦ</span> <span class='ocrx_word' id='word_1_19' title='bbox 2838 464 3205 542; x_wconf 72' lang='grc' dir='ltr'>συμφέροντος</span> <span class='ocrx_word' id='word_1_20' title='bbox 3260 461 3473 536; x_wconf 80' lang='grc' dir='ltr'>γίνηται</span> <span class='ocrx_word' id='word_1_21' title='bbox 3530 467 3622 518; x_wconf 87' lang='grc' dir='ltr'>τοῦ</span> <span class='ocrx_word' id='word_1_22' title='bbox 3671 460 3807 519; x_wconf 74' lang='grc' dir='ltr'>ἀδελ-</span> 
     </span>
    </p>
   </div>
   <div class='ocr_carea' id='block_1_6' title="bbox 431 550 2077 622">
    <p class='ocr_par' dir='ltr' id='par_1_6' title="bbox 431 550 2077 622">
     <span class='ocr_line' id='line_1_6' title="bbox 431 550 2077 622; baseline 0.001 -18"><span class='ocrx_word' id='word_1_23' title='bbox 431 550 565 622; x_wconf 86' lang='lat' dir='ltr'>plus</span> <span class='ocrx_word' id='word_1_24' title='bbox 600 555 711 614; x_wconf 89' lang='lat' dir='ltr'>est,</span> <span class='ocrx_word' id='word_1_25' title='bbox 734 551 1240 606; x_wconf 70' lang='lat' dir='ltr'>Praestantiorem.</span> <span class='ocrx_word' id='word_1_26' title='bbox 1265 572 1293 600; x_wconf 87' lang='lat'><strong>«</strong></span> <span class='ocrx_word' id='word_1_27' title='bbox 1326 552 1405 606; x_wconf 85' lang='lat' dir='ltr'>Ne</span> <span class='ocrx_word' id='word_1_28' title='bbox 1430 567 1537 606; x_wconf 90' lang='lat' dir='ltr'>sua</span> <span class='ocrx_word' id='word_1_29' title='bbox 1566 551 1839 622; x_wconf 89' lang='lat' dir='ltr'>quisque.</span> <span class='ocrx_word' id='word_1_30' title='bbox 1874 574 1902 600; x_wconf 82' lang='lat'>»</span> <span class='ocrx_word' id='word_1_31' title='bbox 1934 552 2077 607; x_wconf 90' lang='lat' dir='ltr'>Cum</span> 
     </span>
    </p>
   </div>
   <div class='ocr_carea' id='block_1_7' title="bbox 434 638 2078 710">
    <p class='ocr_par' dir='ltr' id='par_1_7' title="bbox 434 638 2078 710">
     <span class='ocr_line' id='line_1_7' title="bbox 434 638 2078 710; baseline 0.001 -16"><span class='ocrx_word' id='word_1_32' title='bbox 434 640 595 694; x_wconf 87' lang='lat' dir='ltr'>enim</span> <span class='ocrx_word' id='word_1_33' title='bbox 624 638 898 710; x_wconf 88' lang='lat' dir='ltr'>quisque,</span> <span class='ocrx_word' id='word_1_34' title='bbox 932 639 1175 710; x_wconf 88' lang='lat' dir='ltr'>propria</span> <span class='ocrx_word' id='word_1_35' title='bbox 1202 639 1459 695; x_wconf 81' lang='lat' dir='ltr'>utilitate</span> <span class='ocrx_word' id='word_1_36' title='bbox 1500 640 1726 707; x_wconf 87' lang='lat' dir='ltr'>relicta,</span> <span class='ocrx_word' id='word_1_37' title='bbox 1758 639 1832 696; x_wconf 91' lang='lat' dir='ltr'>ad</span> <span class='ocrx_word' id='word_1_38' title='bbox 1879 640 2078 695; x_wconf 80' lang='lat' dir='ltr'>fratris</span> 
     </span>
    </p>
   </div>
   <div class='ocr_carea' id='block_1_8' title="bbox 432 728 2077 800">
    <p class='ocr_par' dir='ltr' id='par_1_8' title="bbox 432 728 2077 800">
     <span class='ocr_line' id='line_1_8' title="bbox 432 728 2077 800; baseline 0.001 -17"><span class='ocrx_word' id='word_1_39' title='bbox 432 728 561 783; x_wconf 92' lang='lat' dir='ltr'>utili</span> <span class='ocrx_word' id='word_1_40' title='bbox 573 734 748 784; x_wconf 81' lang='lat' dir='ltr'>tatem</span> <span class='ocrx_word' id='word_1_41' title='bbox 767 745 896 784; x_wconf 90' lang='lat' dir='ltr'>sese</span> <span class='ocrx_word' id='word_1_42' title='bbox 910 729 1532 798; x_wconf 88' lang='lat' dir='ltr'>accommodaverit,ut</span> <span class='ocrx_word' id='word_1_43' title='bbox 1554 736 1615 785; x_wconf 92' lang='lat' dir='ltr'>tu</span> <span class='ocrx_word' id='word_1_44' title='bbox 1629 730 1868 800; x_wconf 89' lang='lat' dir='ltr'>quidem</span> <span class='ocrx_word' id='word_1_45' title='bbox 1883 746 2077 785; x_wconf 90' lang='lat' dir='ltr'>meam</span> 
     </span>
    </p>
   </div>
   <div class='ocr_carea' id='block_1_9' title="bbox 430 817 2075 890">
    <p class='ocr_par' dir='ltr' id='par_1_9' title="bbox 430 817 2075 890">
     <span class='ocr_line' id='line_1_9' title="bbox 430 817 2075 890; baseline 0.001 -20"><span class='ocrx_word' id='word_1_46' title='bbox 430 817 751 872; x_wconf 85' lang='lat' dir='ltr'>utilitatem</span> <span class='ocrx_word' id='word_1_47' title='bbox 775 823 1026 888; x_wconf 87' lang='lat' dir='ltr'>spectes,</span> <span class='ocrx_word' id='word_1_48' title='bbox 1062 834 1167 889; x_wconf 78' lang='lat' dir='ltr'>ego</span> <span class='ocrx_word' id='word_1_49' title='bbox 1199 834 1335 873; x_wconf 87' lang='lat' dir='ltr'>vero</span> <span class='ocrx_word' id='word_1_50' title='bbox 1364 823 1548 883; x_wconf 89' lang='lat' dir='ltr'>tuam,</span> <span class='ocrx_word' id='word_1_51' title='bbox 1580 818 1921 890; x_wconf 85' lang='lat' dir='ltr'>hujusmodi</span> <span class='ocrx_word' id='word_1_52' title='bbox 1949 819 2075 890; x_wconf 82' lang='lat' dir='ltr'>jam</span> 
     </span>
    </p>
   </div>
   <div class='ocr_carea' id='block_1_10' title="bbox 432 905 1580 979">
    <p class='ocr_par' dir='ltr' id='par_1_10' title="bbox 432 905 1580 979">
     <span class='ocr_line' id='line_1_10' title="bbox 432 905 1580 979; baseline 0.002 -19"><span class='ocrx_word' id='word_1_53' title='bbox 432 921 555 961; x_wconf 90' lang='lat' dir='ltr'>non</span> <span class='ocrx_word' id='word_1_54' title='bbox 588 905 869 971; x_wconf 85' lang='lat' dir='ltr'>humana,</span> <span class='ocrx_word' id='word_1_55' title='bbox 894 907 999 961; x_wconf 89' lang='lat' dir='ltr'>sed</span> <span class='ocrx_word' id='word_1_56' title='bbox 1029 906 1295 979; x_wconf 80' lang='lat' dir='ltr'>angelica</span> <span class='ocrx_word' id='word_1_57' title='bbox 1325 908 1442 962; x_wconf 87' lang='lat' dir='ltr'>vita</span> <span class='ocrx_word' id='word_1_58' title='bbox 1472 912 1580 962; x_wconf 85' lang='lat' dir='ltr'>est.</span> 
     </span>
    </p>
   </div>
   <div class='ocr_carea' id='block_1_11' title="bbox 500 996 2078 1068">
    <p class='ocr_par' dir='ltr' id='par_1_11' title="bbox 500 996 2078 1068">
     <span class='ocr_line' id='line_1_11' title="bbox 500 996 2078 1068; baseline 0.001 -20"><span class='ocrx_word' id='word_1_59' title='bbox 500 996 573 1061; x_wconf 90' lang='grc' dir='ltr'>ΙΙ,</span> <span class='ocrx_word' id='word_1_60' title='bbox 604 996 719 1049; x_wconf 84' lang='lat'>5-8.</span> <span class='ocrx_word' id='word_1_61' title='bbox 753 1018 773 1043; x_wconf 78' lang='grc' dir='ltr'>ι</span> <span class='ocrx_word' id='word_1_62' title='bbox 813 996 865 1050; x_wconf 81' lang='lat' dir='ltr'>is</span> <span class='ocrx_word' id='word_1_63' title='bbox 886 996 1045 1050; x_wconf 91' lang='lat' dir='ltr'>enim</span> <span class='ocrx_word' id='word_1_64' title='bbox 1070 998 1315 1052; x_wconf 76' lang='lat' dir='ltr'>affectus</span> <span class='ocrx_word' id='word_1_65' title='bbox 1354 997 1431 1051; x_wconf 89' lang='lat' dir='ltr'>sit</span> <span class='ocrx_word' id='word_1_66' title='bbox 1467 997 1526 1051; x_wconf 92' lang='lat' dir='ltr'>in</span> <span class='ocrx_word' id='word_1_67' title='bbox 1556 996 1849 1068; x_wconf 85' lang='lat' dir='ltr'>vobis,qui</span> <span class='ocrx_word' id='word_1_68' title='bbox 1880 997 1991 1052; x_wconf 89' lang='lat' dir='ltr'>fuit</span> <span class='ocrx_word' id='word_1_69' title='bbox 2021 1002 2078 1051; x_wconf 91' lang='lat' dir='ltr'>et</span> 
     </span>
    </p>
   </div>
   <div class='ocr_carea' id='block_1_12' title="bbox 429 1083 2073 1155">
    <p class='ocr_par' dir='ltr' id='par_1_12' title="bbox 429 1083 2073 1155">
     <span class='ocr_line' id='line_1_12' title="bbox 429 1083 2073 1155; baseline 0.004 -21"><span class='ocrx_word' id='word_1_70' title='bbox 429 1105 459 1134; x_wconf 84' lang='lat'>«</span> <span class='ocrx_word' id='word_1_71' title='bbox 493 1083 553 1137; x_wconf 92' lang='lat' dir='ltr'>iu</span> <span class='ocrx_word' id='word_1_72' title='bbox 586 1083 815 1137; x_wconf 84' lang='lat' dir='ltr'>Christo</span> <span class='ocrx_word' id='word_1_73' title='bbox 841 1085 977 1139; x_wconf 85' lang='lat' dir='ltr'>Jesu</span> <span class='ocrx_word' id='word_1_74' title='bbox 1001 1101 1014 1139; x_wconf 92' lang='lat'><strong>:</strong></span> <span class='ocrx_word' id='word_1_75' title='bbox 1039 1085 1141 1155; x_wconf 88' lang='lat' dir='ltr'>qui</span> <span class='ocrx_word' id='word_1_76' title='bbox 1165 1101 1302 1140; x_wconf 88' lang='lat' dir='ltr'>cum</span> <span class='ocrx_word' id='word_1_77' title='bbox 1326 1085 1387 1139; x_wconf 91' lang='lat' dir='ltr'>in</span> <span class='ocrx_word' id='word_1_78' title='bbox 1409 1084 1599 1140; x_wconf 82' lang='lat' dir='ltr'>forma</span> <span class='ocrx_word' id='word_1_79' title='bbox 1619 1086 1720 1140; x_wconf 90' lang='lat' dir='ltr'>Dei</span> <span class='ocrx_word' id='word_1_80' title='bbox 1744 1090 1922 1152; x_wconf 82' lang='lat' dir='ltr'>esset,</span> <span class='ocrx_word' id='word_1_81' title='bbox 1954 1102 2073 1141; x_wconf 92' lang='lat' dir='ltr'>non</span> 
     </span>
    </p>
   </div>
   <div class='ocr_carea' id='block_1_13' title="bbox 430 1173 2075 1245">
    <p class='ocr_par' dir='ltr' id='par_1_13' title="bbox 430 1173 2075 1245">
     <span class='ocr_line' id='line_1_13' title="bbox 430 1173 2075 1245; baseline 0.002 -18"><span class='ocrx_word' id='word_1_82' title='bbox 430 1194 459 1221; x_wconf 84' lang='grc'>‹‹</span> <span class='ocrx_word' id='word_1_83' title='bbox 491 1173 762 1244; x_wconf 84' lang='lat' dir='ltr'>rapinam</span> <span class='ocrx_word' id='word_1_84' title='bbox 792 1173 1113 1229; x_wconf 79' lang='lat' dir='ltr'>arbitratus</span> <span class='ocrx_word' id='word_1_85' title='bbox 1143 1180 1234 1229; x_wconf 89' lang='lat' dir='ltr'>est</span> <span class='ocrx_word' id='word_1_86' title='bbox 1256 1180 1323 1229; x_wconf 90' lang='lat' dir='ltr'>ut</span> <span class='ocrx_word' id='word_1_87' title='bbox 1350 1175 1596 1245; x_wconf 83' lang='lat' dir='ltr'>aequalis</span> <span class='ocrx_word' id='word_1_88' title='bbox 1610 1181 1765 1229; x_wconf 91' lang='lat' dir='ltr'>esset</span> <span class='ocrx_word' id='word_1_89' title='bbox 1787 1176 1901 1229; x_wconf 91' lang='lat' dir='ltr'>Deo</span> <span class='ocrx_word' id='word_1_90' title='bbox 1935 1175 2075 1231; x_wconf 88' lang='lat' dir='ltr'>:sed</span> 
     </span>
    </p>
   </div>
   <div class='ocr_carea' id='block_1_14' title="bbox 430 1261 2073 1335">
    <p class='ocr_par' dir='ltr' id='par_1_14' title="bbox 430 1261 2073 1335">
     <span class='ocr_line' id='line_1_14' title="bbox 430 1261 2073 1335; baseline 0.002 -22"><span class='ocrx_word' id='word_1_91' title='bbox 430 1283 458 1311; x_wconf 74' lang='grc' dir='ltr'><strong>α</strong></span> <span class='ocrx_word' id='word_1_92' title='bbox 485 1262 750 1332; x_wconf 89' lang='lat' dir='ltr'>seipsum</span> <span class='ocrx_word' id='word_1_93' title='bbox 775 1261 1142 1328; x_wconf 78' lang='lat' dir='ltr'>eximanivit,</span> <span class='ocrx_word' id='word_1_94' title='bbox 1158 1262 1348 1319; x_wconf 84' lang='lat' dir='ltr'>forma</span> <span class='ocrx_word' id='word_1_95' title='bbox 1371 1265 1518 1319; x_wconf 84' lang='lat' dir='ltr'>servi</span> <span class='ocrx_word' id='word_1_96' title='bbox 1540 1271 1775 1335; x_wconf 86' lang='lat' dir='ltr'>sumpta</span> <span class='ocrx_word' id='word_1_97' title='bbox 1793 1264 1855 1318; x_wconf 93' lang='lat' dir='ltr'>in</span> <span class='ocrx_word' id='word_1_98' title='bbox 1871 1263 2073 1319; x_wconf 85' lang='lat' dir='ltr'>simili-</span> 
     </span>
    </p>
   </div>
   <div class='ocr_carea' id='block_1_15' title="bbox 430 1349 2077 1424">
    <p class='ocr_par' dir='ltr' id='par_1_15' title="bbox 430 1349 2077 1424">
     <span class='ocr_line' id='line_1_15' title="bbox 430 1349 2077 1424; baseline 0.004 -23"><span class='ocrx_word' id='word_1_99' title='bbox 430 1373 458 1400; x_wconf 87' lang='grc'>‹‹</span> <span class='ocrx_word' id='word_1_100' title='bbox 496 1349 702 1404; x_wconf 86' lang='lat' dir='ltr'>tudine</span> <span class='ocrx_word' id='word_1_101' title='bbox 725 1350 1036 1407; x_wconf 86' lang='lat' dir='ltr'>hominum</span> <span class='ocrx_word' id='word_1_102' title='bbox 1051 1353 1493 1421; x_wconf 85' lang='lat' dir='ltr'>constitutus,et</span> <span class='ocrx_word' id='word_1_103' title='bbox 1518 1353 1710 1408; x_wconf 85' lang='lat' dir='ltr'>forma</span> <span class='ocrx_word' id='word_1_104' title='bbox 1725 1359 1995 1424; x_wconf 86' lang='lat' dir='ltr'>repertus</span> <span class='ocrx_word' id='word_1_105' title='bbox 2011 1358 2077 1407; x_wconf 91' lang='lat' dir='ltr'>ut</span> 
     </span>
    </p>
   </div>
   <div class='ocr_carea' id='block_1_16' title="bbox 430 1438 2076 1512">
    <p class='ocr_par' dir='ltr' id='par_1_16' title="bbox 430 1438 2076 1512">
     <span class='ocr_line' id='line_1_16' title="bbox 430 1438 2076 1512; baseline 0.005 -25"><span class='ocrx_word' id='word_1_106' title='bbox 430 1459 459 1488; x_wconf 81' lang='lat'><strong>«</strong></span> <span class='ocrx_word' id='word_1_107' title='bbox 495 1438 1034 1508; x_wconf 81' lang='lat' dir='ltr'>homo,humiliavit</span> <span class='ocrx_word' id='word_1_108' title='bbox 1062 1440 1448 1512; x_wconf 86' lang='lat' dir='ltr'>semetipsum</span> <span class='ocrx_word' id='word_1_109' title='bbox 1469 1441 1656 1497; x_wconf 84' lang='lat' dir='ltr'>factus</span> <span class='ocrx_word' id='word_1_110' title='bbox 1686 1440 2076 1496; x_wconf 90' lang='lat' dir='ltr'>obediensus—</span> 
     </span>
    </p>
   </div>
   <div class='ocr_carea' id='block_1_17' title="bbox 434 1527 1823 1599">
    <p class='ocr_par' dir='ltr' id='par_1_17' title="bbox 434 1527 1823 1599">
     <span class='ocr_line' id='line_1_17' title="bbox 434 1527 1823 1599; baseline -0.001 -17"><span class='ocrx_word' id='word_1_111' title='bbox 434 1549 456 1575; x_wconf 74' lang='grc' dir='ltr'>ι</span> <span class='ocrx_word' id='word_1_112' title='bbox 494 1544 607 1599; x_wconf 92' lang='lat' dir='ltr'>que</span> <span class='ocrx_word' id='word_1_113' title='bbox 638 1527 715 1582; x_wconf 86' lang='lat' dir='ltr'>ad</span> <span class='ocrx_word' id='word_1_114' title='bbox 746 1534 1020 1597; x_wconf 87' lang='lat' dir='ltr'>mortem,</span> <span class='ocrx_word' id='word_1_115' title='bbox 1056 1535 1309 1586; x_wconf 89' lang='lat' dir='ltr'>mortem</span> <span class='ocrx_word' id='word_1_116' title='bbox 1341 1537 1539 1585; x_wconf 88' lang='lat' dir='ltr'>autem</span> <span class='ocrx_word' id='word_1_117' title='bbox 1575 1531 1756 1585; x_wconf 83' lang='lat' dir='ltr'>cruci.</span> <span class='ocrx_word' id='word_1_118' title='bbox 1796 1552 1823 1580; x_wconf 83' lang='lat'>»</span> 
     </span>
    </p>
   </div>
   <div class='ocr_carea' id='block_1_18' title="bbox 502 1617 2074 1685">
    <p class='ocr_par' dir='ltr' id='par_1_18' title="bbox 502 1617 2074 1685">
     <span class='ocr_line' id='line_1_18' title="bbox 502 1617 2074 1685; baseline 0.003 -14"><span class='ocrx_word' id='word_1_119' title='bbox 502 1617 581 1672; x_wconf 92' lang='lat' dir='ltr'>De</span> <span class='ocrx_word' id='word_1_120' title='bbox 613 1617 796 1672; x_wconf 87' lang='lat' dir='ltr'>animi</span> <span class='ocrx_word' id='word_1_121' title='bbox 828 1618 1118 1674; x_wconf 86' lang='lat' dir='ltr'>modestia</span> <span class='ocrx_word' id='word_1_122' title='bbox 1146 1635 1485 1675; x_wconf 82' lang='lat' dir='ltr'>sermonem</span> <span class='ocrx_word' id='word_1_123' title='bbox 1506 1621 1769 1675; x_wconf 81' lang='lat' dir='ltr'>facturus</span> <span class='ocrx_word' id='word_1_124' title='bbox 1796 1625 1902 1675; x_wconf 91' lang='lat' dir='ltr'>est.</span> <span class='ocrx_word' id='word_1_125' title='bbox 1924 1620 2074 1685; x_wconf 88' lang='lat' dir='ltr'>Quid</span> 
     </span>
    </p>
   </div>
   <div class='ocr_carea' id='block_1_19' title="bbox 430 1705 2071 1780">
    <p class='ocr_par' dir='ltr' id='par_1_19' title="bbox 430 1705 2071 1780">
     <span class='ocr_line' id='line_1_19' title="bbox 430 1705 2071 1780; baseline 0.004 -21"><span class='ocrx_word' id='word_1_126' title='bbox 430 1706 589 1760; x_wconf 90' lang='lat' dir='ltr'>enim</span> <span class='ocrx_word' id='word_1_127' title='bbox 614 1705 673 1759; x_wconf 91' lang='lat' dir='ltr'>in</span> <span class='ocrx_word' id='word_1_128' title='bbox 694 1706 927 1763; x_wconf 87' lang='lat' dir='ltr'>Christo</span> <span class='ocrx_word' id='word_1_129' title='bbox 970 1713 1029 1762; x_wconf 87' lang='lat' dir='ltr'>et</span> <span class='ocrx_word' id='word_1_130' title='bbox 1059 1725 1165 1779; x_wconf 88' lang='lat' dir='ltr'>per</span> <span class='ocrx_word' id='word_1_131' title='bbox 1207 1708 1506 1764; x_wconf 85' lang='lat' dir='ltr'>Christum</span> <span class='ocrx_word' id='word_1_132' title='bbox 1529 1711 1776 1766; x_wconf 64' lang='lat' dir='ltr'>allectus</span> <span class='ocrx_word' id='word_1_133' title='bbox 1798 1711 2071 1780; x_wconf 89' lang='lat' dir='ltr'>sumitur,</span> 
     </span>
    </p>
   </div>
   <div class='ocr_carea' id='block_1_20' title="bbox 2189 552 3804 633">
    <p class='ocr_par' dir='ltr' id='par_1_20' title="bbox 2189 552 3804 633">
     <span class='ocr_line' id='line_1_20' title="bbox 2189 552 3804 633; baseline 0.001 -28"><span class='ocrx_word' id='word_1_134' title='bbox 2189 556 2314 625; x_wconf 72' lang='grc' dir='ltr'>φοῦ,</span> <span class='ocrx_word' id='word_1_135' title='bbox 2349 552 2424 616; x_wconf 85' lang='grc' dir='ltr'>ὡς</span> <span class='ocrx_word' id='word_1_136' title='bbox 2453 556 2511 608; x_wconf 78' lang='grc' dir='ltr'>σὲ</span> <span class='ocrx_word' id='word_1_137' title='bbox 2543 553 2641 627; x_wconf 77' lang='grc' dir='ltr'>μὶν</span> <span class='ocrx_word' id='word_1_138' title='bbox 2668 554 2731 609; x_wconf 88' lang='grc' dir='ltr'>τὸ</span> <span class='ocrx_word' id='word_1_139' title='bbox 2788 553 2918 628; x_wconf 72' lang='grc' dir='ltr'>ἐμὸν</span> <span class='ocrx_word' id='word_1_140' title='bbox 2982 554 3256 633; x_wconf 60' lang='grc' dir='ltr'>ωμρὲρον</span> <span class='ocrx_word' id='word_1_141' title='bbox 3315 558 3559 621; x_wconf 76' lang='grc' dir='ltr'>σκοπεῖν,</span> <span class='ocrx_word' id='word_1_142' title='bbox 3615 552 3704 623; x_wconf 76' lang='grc' dir='ltr'>ἐμὲ</span> <span class='ocrx_word' id='word_1_143' title='bbox 3760 553 3804 607; x_wconf 72' lang='grc' dir='ltr'>δὲ</span> 
     </span>
    </p>
   </div>
   <div class='ocr_carea' id='block_1_21' title="bbox 2185 637 3807 715">
    <p class='ocr_par' dir='ltr' id='par_1_21' title="bbox 2185 637 3807 715">
     <span class='ocr_line' id='line_1_21' title="bbox 2185 637 3807 715; baseline 0.001 -22"><span class='ocrx_word' id='word_1_144' title='bbox 2185 639 2249 693; x_wconf 80' lang='grc' dir='ltr'>τὸ</span> <span class='ocrx_word' id='word_1_145' title='bbox 2279 638 2394 713; x_wconf 79' lang='grc' dir='ltr'>σὺν,</span> <span class='ocrx_word' id='word_1_146' title='bbox 2426 641 2455 695; x_wconf 86' lang='grc' dir='ltr'>ό</span> <span class='ocrx_word' id='word_1_147' title='bbox 2485 645 2737 703; x_wconf 75' lang='grc' dir='ltr'>τοιοῦτος</span> <span class='ocrx_word' id='word_1_148' title='bbox 2770 640 2871 696; x_wconf 80' lang='grc' dir='ltr'>οὐκ</span> <span class='ocrx_word' id='word_1_149' title='bbox 2901 639 2981 696; x_wconf 81' lang='grc' dir='ltr'>ἔτι</span> <span class='ocrx_word' id='word_1_150' title='bbox 3011 639 3364 715; x_wconf 71' lang='grc' dir='ltr'>ἀνθρώπινος,</span> <span class='ocrx_word' id='word_1_151' title='bbox 3391 637 3523 694; x_wconf 79' lang='grc' dir='ltr'>ἀλλ’</span> <span class='ocrx_word' id='word_1_152' title='bbox 3546 637 3807 713; x_wconf 76' lang='grc' dir='ltr'>ἀγγελικὸς</span> 
     </span>
    </p>
   </div>
   <div class='ocr_carea' id='block_1_22' title="bbox 2190 730 2331 804">
    <p class='ocr_par' dir='ltr' id='par_1_22' title="bbox 2190 730 2331 804">
     <span class='ocr_line' id='line_1_22' title="bbox 2190 730 2331 804; baseline 0 -19"><span class='ocrx_word' id='word_1_153' title='bbox 2190 730 2331 804; x_wconf 87' lang='grc' dir='ltr'>βίος.</span> 
     </span>
    </p>
   </div>
   <div class='ocr_carea' id='block_1_23' title="bbox 2258 991 3808 1072">
    <p class='ocr_par' dir='ltr' id='par_1_23' title="bbox 2258 991 3808 1072">
     <span class='ocr_line' id='line_1_23' title="bbox 2258 991 3808 1072; baseline -0.005 -21"><span class='ocrx_word' id='word_1_154' title='bbox 2258 998 2434 1051; x_wconf 85' lang='grc' dir='ltr'>Τοῦτο</span> <span class='ocrx_word' id='word_1_155' title='bbox 2472 995 2576 1070; x_wconf 74' lang='grc' dir='ltr'>γὰρ</span> <span class='ocrx_word' id='word_1_156' title='bbox 2605 994 2905 1072; x_wconf 77' lang='grc' dir='ltr'>φρονείσθω</span> <span class='ocrx_word' id='word_1_157' title='bbox 2955 993 3007 1050; x_wconf 77' lang='grc' dir='ltr'>ἐν</span> <span class='ocrx_word' id='word_1_158' title='bbox 3071 996 3220 1067; x_wconf 78' lang='grc' dir='ltr'>ὑμῖν,</span> <span class='ocrx_word' id='word_1_159' title='bbox 3279 992 3309 1048; x_wconf 81' lang='grc' dir='ltr'>ὅ</span> <span class='ocrx_word' id='word_1_160' title='bbox 3362 992 3455 1048; x_wconf 82' lang='grc' dir='ltr'>καὶ</span> <span class='ocrx_word' id='word_1_161' title='bbox 3511 991 3563 1047; x_wconf 80' lang='grc' dir='ltr'>ὲν</span> <span class='ocrx_word' id='word_1_162' title='bbox 3620 994 3808 1062; x_wconf 68' lang='grc' dir='ltr'>Χριστῷ</span> 
     </span>
    </p>
   </div>
   <div class='ocr_carea' id='block_1_24' title="bbox 2186 1080 3806 1161">
    <p class='ocr_par' dir='ltr' id='par_1_24' title="bbox 2186 1080 3806 1161">
     <span class='ocr_line' id='line_1_24' title="bbox 2186 1080 3806 1161; baseline -0.004 -22"><span class='ocrx_word' id='word_1_163' title='bbox 2186 1086 2387 1156; x_wconf 83' lang='grc' dir='ltr'>Ἰησοῦ,</span> <span class='ocrx_word' id='word_1_164' title='bbox 2420 1085 2479 1147; x_wconf 83' lang='grc' dir='ltr'>ὃς</span> <span class='ocrx_word' id='word_1_165' title='bbox 2511 1084 2561 1139; x_wconf 80' lang='grc' dir='ltr'>ἐν</span> <span class='ocrx_word' id='word_1_166' title='bbox 2604 1091 2787 1161; x_wconf 79' lang='grc' dir='ltr'>μορφῆ</span> <span class='ocrx_word' id='word_1_167' title='bbox 2843 1088 2976 1139; x_wconf 89' lang='grc' dir='ltr'>Θεοῦ</span> <span class='ocrx_word' id='word_1_168' title='bbox 3037 1083 3329 1161; x_wconf 76' lang='grc' dir='ltr'>ὓπάρχων,</span> <span class='ocrx_word' id='word_1_169' title='bbox 3383 1081 3498 1157; x_wconf 79' lang='grc' dir='ltr'>οὐχ</span> <span class='ocrx_word' id='word_1_170' title='bbox 3553 1080 3806 1155; x_wconf 69' lang='grc' dir='ltr'>ἆρπαγμέν</span> 
     </span>
    </p>
   </div>
   <div class='ocr_carea' id='block_1_25' title="bbox 2185 1168 3807 1248">
    <p class='ocr_par' dir='ltr' id='par_1_25' title="bbox 2185 1168 3807 1248">
     <span class='ocr_line' id='line_1_25' title="bbox 2185 1168 3807 1248; baseline -0.004 -21"><span class='ocrx_word' id='word_1_171' title='bbox 2185 1175 2433 1248; x_wconf 74' lang='grc' dir='ltr'>ἡγήσατο</span> <span class='ocrx_word' id='word_1_172' title='bbox 2467 1175 2600 1228; x_wconf 85' lang='grc' dir='ltr'>εἶναι</span> <span class='ocrx_word' id='word_1_173' title='bbox 2643 1171 2738 1226; x_wconf 68' lang='grc' dir='ltr'>’ίσα</span> <span class='ocrx_word' id='word_1_174' title='bbox 2789 1175 2927 1244; x_wconf 80' lang='grc' dir='ltr'>Θεῷ,</span> <span class='ocrx_word' id='word_1_175' title='bbox 2982 1169 3113 1226; x_wconf 80' lang='grc' dir='ltr'>ἀλλ’</span> <span class='ocrx_word' id='word_1_176' title='bbox 3166 1171 3351 1226; x_wconf 69' lang='grc' dir='ltr'>ἑαυτὸν</span> <span class='ocrx_word' id='word_1_177' title='bbox 3410 1168 3637 1225; x_wconf 81' lang='grc' dir='ltr'>έκένωσε</span> <span class='ocrx_word' id='word_1_178' title='bbox 3688 1188 3807 1240; x_wconf 78' lang='grc' dir='ltr'>μορ-</span> 
     </span>
    </p>
   </div>
   <div class='ocr_carea' id='block_1_26' title="bbox 2185 1255 3809 1340">
    <p class='ocr_par' dir='ltr' id='par_1_26' title="bbox 2185 1255 3809 1340">
     <span class='ocr_line' id='line_1_26' title="bbox 2185 1255 3809 1340; baseline -0.004 -23"><span class='ocrx_word' id='word_1_179' title='bbox 2185 1262 2290 1340; x_wconf 75' lang='grc' dir='ltr'>φὴν</span> <span class='ocrx_word' id='word_1_180' title='bbox 2345 1258 2550 1316; x_wconf 59' lang='grc' dir='ltr'>δοῦλου</span> <span class='ocrx_word' id='word_1_181' title='bbox 2599 1255 2808 1327; x_wconf 75' lang='grc' dir='ltr'>λαϐὼν,</span> <span class='ocrx_word' id='word_1_182' title='bbox 2866 1260 2919 1314; x_wconf 77' lang='grc' dir='ltr'>ἐν</span> <span class='ocrx_word' id='word_1_183' title='bbox 2997 1259 3314 1333; x_wconf 80' lang='grc' dir='ltr'><strong>ὁμοιώματι</strong></span> <span class='ocrx_word' id='word_1_184' title='bbox 3387 1258 3685 1333; x_wconf 84' lang='grc' dir='ltr'>ἀνθρώπων</span> <span class='ocrx_word' id='word_1_185' title='bbox 3736 1277 3809 1330; x_wconf 80' lang='grc' dir='ltr'>γε·</span> 
     </span>
    </p>
   </div>
   <div class='ocr_carea' id='block_1_27' title="bbox 2182 1344 3810 1424">
    <p class='ocr_par' dir='ltr' id='par_1_27' title="bbox 2182 1344 3810 1424">
     <span class='ocr_line' id='line_1_27' title="bbox 2182 1344 3810 1424; baseline -0.001 -18"><span class='ocrx_word' id='word_1_186' title='bbox 2182 1352 2434 1424; x_wconf 86' lang='grc' dir='ltr'>νόμενος,</span> <span class='ocrx_word' id='word_1_187' title='bbox 2509 1349 2599 1404; x_wconf 81' lang='grc' dir='ltr'>καὶ</span> <span class='ocrx_word' id='word_1_188' title='bbox 2677 1351 2925 1424; x_wconf 73' lang='grc' dir='ltr'>σχήματι</span> <span class='ocrx_word' id='word_1_189' title='bbox 3013 1348 3248 1424; x_wconf 74' lang='grc' dir='ltr'>εὖρεθεὲς</span> <span class='ocrx_word' id='word_1_190' title='bbox 3349 1347 3425 1410; x_wconf 88' lang='grc' dir='ltr'>ὠς</span> <span class='ocrx_word' id='word_1_191' title='bbox 3536 1344 3810 1421; x_wconf 65' lang='grc' dir='ltr'>ἅνθρωπος,</span> 
     </span>
    </p>
   </div>
   <div class='ocr_carea' id='block_1_28' title="bbox 2184 1432 3811 1514">
    <p class='ocr_par' dir='ltr' id='par_1_28' title="bbox 2184 1432 3811 1514">
     <span class='ocr_line' id='line_1_28' title="bbox 2184 1432 3811 1514; baseline -0.006 -18"><span class='ocrx_word' id='word_1_192' title='bbox 2184 1439 2532 1496; x_wconf 68' lang='grc' dir='ltr'>ἐταπείνωσεν</span> <span class='ocrx_word' id='word_1_193' title='bbox 2618 1440 2830 1509; x_wconf 71' lang='grc' dir='ltr'>ἑαυτὸν,</span> <span class='ocrx_word' id='word_1_194' title='bbox 2924 1432 3219 1514; x_wconf 78' lang='grc' dir='ltr'>γενόμενος</span> <span class='ocrx_word' id='word_1_195' title='bbox 3320 1438 3570 1507; x_wconf 71' lang='grc' dir='ltr'>ῦπήκοος</span> <span class='ocrx_word' id='word_1_196' title='bbox 3671 1433 3811 1509; x_wconf 72' lang='grc' dir='ltr'>μέχρι</span> 
     </span>
    </p>
   </div>
   <div class='ocr_carea' id='block_1_29' title="bbox 2185 1524 3062 1601">
    <p class='ocr_par' dir='ltr' id='par_1_29' title="bbox 2185 1524 3062 1601">
     <span class='ocr_line' id='line_1_29' title="bbox 2185 1524 3062 1601; baseline -0.002 -18"><span class='ocrx_word' id='word_1_197' title='bbox 2185 1528 2436 1598; x_wconf 70' lang='grc' dir='ltr'>θανάτου,</span> <span class='ocrx_word' id='word_1_198' title='bbox 2467 1527 2693 1583; x_wconf 74' lang='grc' dir='ltr'>θανάτου</span> <span class='ocrx_word' id='word_1_199' title='bbox 2721 1524 2779 1582; x_wconf 76' lang='grc' dir='ltr'>δὶ</span> <span class='ocrx_word' id='word_1_200' title='bbox 2809 1530 3062 1601; x_wconf 87' lang='grc' dir='ltr'>σταυροῦ.</span> 
     </span>
    </p>
   </div>
   <div class='ocr_carea' id='block_1_30' title="bbox 2257 1611 3813 1694">
    <p class='ocr_par' dir='ltr' id='par_1_30' title="bbox 2257 1611 3813 1694">
     <span class='ocr_line' id='line_1_30' title="bbox 2257 1611 3813 1694; baseline -0.005 -20"><span class='ocrx_word' id='word_1_201' title='bbox 2257 1620 2385 1694; x_wconf 78' lang='grc' dir='ltr'>Περὶ</span> <span class='ocrx_word' id='word_1_202' title='bbox 2446 1618 2949 1693; x_wconf 71' lang='grc' dir='ltr'>ταπεινοφροσόνης</span> <span class='ocrx_word' id='word_1_203' title='bbox 3022 1611 3417 1688; x_wconf 76' lang='grc' dir='ltr'>διαλαμϐάνειν</span> <span class='ocrx_word' id='word_1_204' title='bbox 3507 1612 3711 1688; x_wconf 69' lang='grc' dir='ltr'>μέλλει.</span> <span class='ocrx_word' id='word_1_205' title='bbox 3759 1612 3813 1670; x_wconf 79' lang='grc' dir='ltr'>Τί</span> 
     </span>
    </p>
   </div>
   <div class='ocr_carea' id='block_1_31' title="bbox 2184 1699 3813 1786">
    <p class='ocr_par' dir='ltr' id='par_1_31' title="bbox 2184 1699 3813 1786">
     <span class='ocr_line' id='line_1_31' title="bbox 2184 1699 3813 1786; baseline -0.005 -23"><span class='ocrx_word' id='word_1_206' title='bbox 2184 1709 2289 1786; x_wconf 69' lang='grc' dir='ltr'>γὰρ</span> <span class='ocrx_word' id='word_1_207' title='bbox 2321 1708 2371 1763; x_wconf 82' lang='grc' dir='ltr'>ἐν</span> <span class='ocrx_word' id='word_1_208' title='bbox 2403 1712 2627 1783; x_wconf 83' lang='grc' dir='ltr'>Χριστῷ</span> <span class='ocrx_word' id='word_1_209' title='bbox 2655 1706 2746 1761; x_wconf 86' lang='grc' dir='ltr'>καὶ</span> <span class='ocrx_word' id='word_1_210' title='bbox 2778 1702 2869 1761; x_wconf 73' lang='grc' dir='ltr'>διὰ</span> <span class='ocrx_word' id='word_1_211' title='bbox 2910 1709 3153 1781; x_wconf 80' lang='grc' dir='ltr'>Χριστοῦ</span> <span class='ocrx_word' id='word_1_212' title='bbox 3211 1703 3492 1784; x_wconf 70' lang='grc' dir='ltr'>ἐφρονήθη</span> <span class='ocrx_word' id='word_1_213' title='bbox 3520 1723 3536 1771; x_wconf 86' lang='lat'><strong>;</strong></span> <span class='ocrx_word' id='word_1_214' title='bbox 3592 1704 3653 1758; x_wconf 84' lang='grc' dir='ltr'><strong><em>Ἣ</em></strong></span> <span class='ocrx_word' id='word_1_215' title='bbox 3698 1699 3813 1775; x_wconf 77' lang='grc' dir='ltr'>ἄκρα</span> 
     </span>
    </p>
   </div>
   <div class='ocr_carea' id='block_1_32' title="bbox 428 1789 2078 1896">
    <p class='ocr_par' dir='ltr' id='par_1_32' title="bbox 428 1795 2075 1855">
     <span class='ocr_line' id='line_1_32' title="bbox 428 1795 2075 1855; baseline 0.003 -5"><span class='ocrx_word' id='word_1_216' title='bbox 428 1795 544 1850; x_wconf 88' lang='lat' dir='ltr'>nisi</span> <span class='ocrx_word' id='word_1_217' title='bbox 577 1800 842 1851; x_wconf 82' lang='lat' dir='ltr'>extrema</span> <span class='ocrx_word' id='word_1_218' title='bbox 890 1795 1181 1853; x_wconf 81' lang='lat' dir='ltr'>modestia</span> <span class='ocrx_word' id='word_1_219' title='bbox 1204 1798 1466 1854; x_wconf 88' lang='lat' dir='ltr'>etanimi</span> <span class='ocrx_word' id='word_1_220' title='bbox 1498 1800 1803 1855; x_wconf 85' lang='lat' dir='ltr'>humilitas</span> <span class='ocrx_word' id='word_1_221' title='bbox 1824 1800 1852 1855; x_wconf 88' lang='lat'><strong>?</strong></span> <span class='ocrx_word' id='word_1_222' title='bbox 1883 1800 2075 1855; x_wconf 88' lang='lat' dir='ltr'>Vultis</span> 
     </span>
    </p>
   </div>
   <div class='ocr_carea' id='block_1_33' title="bbox 2189 1789 3810 1896">
    <p class='ocr_par' dir='ltr' id='par_1_33' title="bbox 2189 1789 3810 1896">
     <span class='ocr_line' id='line_1_33' title="bbox 2189 1789 3810 1896; baseline -0.006 -42"><span class='ocrx_word' id='word_1_223' title='bbox 2189 1796 2690 1877; x_wconf 67' lang='grc' dir='ltr'>ταπεινοφροσύνη;</span> <span class='ocrx_word' id='word_1_224' title='bbox 2736 1828 2805 1838; x_wconf 92' lang='grc'><strong><em>-</em></strong></span> <span class='ocrx_word' id='word_1_225' title='bbox 2869 1796 3077 1868; x_wconf 81' lang='grc' dir='ltr'>[ΦΩΤ.]</span> <span class='ocrx_word' id='word_1_226' title='bbox 3125 1794 3395 1896; x_wconf 50' lang='grc' dir='ltr'>ἰξοῦλεσθε</span> <span class='ocrx_word' id='word_1_227' title='bbox 3445 1789 3650 1896; x_wconf 46' lang='lat' dir='ltr'>etiis”:</span> <span class='ocrx_word' id='word_1_228' title='bbox 3685 1790 3810 1894; x_wconf 65' lang='grc' dir='ltr'>ὅτιῇ</span> 
     </span>
    </p>
   </div>
   <div class='ocr_carea' id='block_1_34' title="bbox 429 1884 2077 1956">
    <p class='ocr_par' dir='ltr' id='par_1_34' title="bbox 429 1884 2077 1956">
     <span class='ocr_line' id='line_1_34' title="bbox 429 1884 2077 1956; baseline 0.004 -18"><span class='ocrx_word' id='word_1_229' title='bbox 429 1900 604 1939; x_wconf 89' lang='lat' dir='ltr'>nosse</span> <span class='ocrx_word' id='word_1_230' title='bbox 637 1884 796 1956; x_wconf 86' lang='lat' dir='ltr'>quod</span> <span class='ocrx_word' id='word_1_231' title='bbox 825 1885 1013 1940; x_wconf 90' lang='lat' dir='ltr'>animi</span> <span class='ocrx_word' id='word_1_232' title='bbox 1051 1886 1343 1943; x_wconf 81' lang='lat' dir='ltr'>modestia</span> <span class='ocrx_word' id='word_1_233' title='bbox 1377 1888 1528 1943; x_wconf 89' lang='lat' dir='ltr'>nihil</span> <span class='ocrx_word' id='word_1_234' title='bbox 1548 1889 1713 1945; x_wconf 88' lang='lat' dir='ltr'>vobis</span> <span class='ocrx_word' id='word_1_235' title='bbox 1743 1895 1939 1956; x_wconf 89' lang='lat' dir='ltr'>nocet,</span> <span class='ocrx_word' id='word_1_236' title='bbox 1969 1907 2077 1945; x_wconf 90' lang='lat' dir='ltr'>ne-</span> 
     </span>
    </p>
   </div>
   <div class='ocr_carea' id='block_1_35' title="bbox 429 1972 2084 2048">
    <p class='ocr_par' dir='ltr' id='par_1_35' title="bbox 429 1972 2084 2048">
     <span class='ocr_line' id='line_1_35' title="bbox 429 1972 2084 2048; baseline 0.005 -22"><span class='ocrx_word' id='word_1_237' title='bbox 429 1988 545 2043; x_wconf 89' lang='lat' dir='ltr'>que</span> <span class='ocrx_word' id='word_1_238' title='bbox 574 1972 792 2029; x_wconf 91' lang='lat' dir='ltr'>damno</span> <span class='ocrx_word' id='word_1_239' title='bbox 815 1973 1220 2045; x_wconf 81' lang='lat' dir='ltr'>afﬁcit.neque</span> <span class='ocrx_word' id='word_1_240' title='bbox 1250 1976 1533 2048; x_wconf 88' lang='lat' dir='ltr'>deprimit</span> <span class='ocrx_word' id='word_1_241' title='bbox 1561 1978 1925 2034; x_wconf 86' lang='lat' dir='ltr'>accidentem</span> <span class='ocrx_word' id='word_1_242' title='bbox 1953 1979 2084 2034; x_wconf 88' lang='lat' dir='ltr'>sub-</span> 
     </span>
    </p>
   </div>
   <div class='ocr_carea' id='block_1_36' title="bbox 427 2061 2081 2135">
    <p class='ocr_par' dir='ltr' id='par_1_36' title="bbox 427 2061 2081 2135">
     <span class='ocr_line' id='line_1_36' title="bbox 427 2061 2081 2135; baseline 0.003 -18"><span class='ocrx_word' id='word_1_243' title='bbox 427 2061 768 2127; x_wconf 84' lang='lat' dir='ltr'>limitatem,</span> <span class='ocrx_word' id='word_1_244' title='bbox 820 2063 940 2117; x_wconf 88' lang='lat' dir='ltr'>imo</span> <span class='ocrx_word' id='word_1_245' title='bbox 990 2064 1188 2134; x_wconf 91' lang='lat' dir='ltr'>potius</span> <span class='ocrx_word' id='word_1_246' title='bbox 1230 2065 1359 2135; x_wconf 87' lang='lat' dir='ltr'>ejus</span> <span class='ocrx_word' id='word_1_247' title='bbox 1408 2065 1665 2121; x_wconf 82' lang='lat' dir='ltr'>efficitur</span> <span class='ocrx_word' id='word_1_248' title='bbox 1711 2068 1974 2122; x_wconf 90' lang='lat' dir='ltr'>ostensio</span> <span class='ocrx_word' id='word_1_249' title='bbox 2014 2084 2081 2122; x_wconf 85' lang='lat' dir='ltr'>ac</span> 
     </span>
    </p>
   </div>
   <div class='ocr_carea' id='block_1_37' title="bbox 430 2149 2081 2225">
    <p class='ocr_par' dir='ltr' id='par_1_37' title="bbox 430 2149 2081 2225">
     <span class='ocr_line' id='line_1_37' title="bbox 430 2149 2081 2225; baseline 0.007 -21"><span class='ocrx_word' id='word_1_250' title='bbox 430 2149 2081 2225; x_wconf 78' lang='lat' dir='ltr'>demonstratio?Christum,inquit,considerate.Maxime</span> 
     </span>
    </p>
   </div>
   <div class='ocr_carea' id='block_1_38' title="bbox 434 2238 2081 2314">
    <p class='ocr_par' dir='ltr' id='par_1_38' title="bbox 434 2238 2081 2314">
     <span class='ocr_line' id='line_1_38' title="bbox 434 2238 2081 2314; baseline 0.006 -21"><span class='ocrx_word' id='word_1_251' title='bbox 434 2238 596 2293; x_wconf 88' lang='lat' dir='ltr'>enim</span> <span class='ocrx_word' id='word_1_252' title='bbox 624 2238 684 2293; x_wconf 89' lang='lat' dir='ltr'>in</span> <span class='ocrx_word' id='word_1_253' title='bbox 716 2238 828 2294; x_wconf 90' lang='lat' dir='ltr'>hoc</span> <span class='ocrx_word' id='word_1_254' title='bbox 881 2240 1217 2296; x_wconf 88' lang='lat' dir='ltr'>ostenditur</span> <span class='ocrx_word' id='word_1_255' title='bbox 1257 2243 1413 2314; x_wconf 91' lang='lat' dir='ltr'>quod</span> <span class='ocrx_word' id='word_1_256' title='bbox 1473 2251 1687 2301; x_wconf 87' lang='lat' dir='ltr'>natura</span> <span class='ocrx_word' id='word_1_257' title='bbox 1733 2247 1886 2303; x_wconf 87' lang='lat' dir='ltr'>Deus</span> <span class='ocrx_word' id='word_1_258' title='bbox 1916 2248 1993 2302; x_wconf 89' lang='lat' dir='ltr'>sit</span> <span class='ocrx_word' id='word_1_259' title='bbox 2013 2265 2081 2303; x_wconf 84' lang='lat' dir='ltr'>ex</span> 
     </span>
    </p>
   </div>
   <div class='ocr_carea' id='block_1_39' title="bbox 431 2326 2079 2407">
    <p class='ocr_par' dir='ltr' id='par_1_39' title="bbox 431 2326 2079 2407">
     <span class='ocr_line' id='line_1_39' title="bbox 431 2326 2079 2407; baseline 0.007 -27"><span class='ocrx_word' id='word_1_260' title='bbox 431 2326 545 2381; x_wconf 91' lang='lat' dir='ltr'>hoc</span> <span class='ocrx_word' id='word_1_261' title='bbox 571 2328 729 2397; x_wconf 92' lang='lat' dir='ltr'>quod</span> <span class='ocrx_word' id='word_1_262' title='bbox 760 2343 891 2383; x_wconf 74' lang='lat' dir='ltr'>sese</span> <span class='ocrx_word' id='word_1_263' title='bbox 920 2328 1230 2385; x_wconf 86' lang='lat' dir='ltr'>demiserit</span> <span class='ocrx_word' id='word_1_264' title='bbox 1255 2347 1323 2386; x_wconf 92' lang='lat' dir='ltr'>ac</span> <span class='ocrx_word' id='word_1_265' title='bbox 1355 2332 1784 2390; x_wconf 82' lang='lat' dir='ltr'>humanitatem</span> <span class='ocrx_word' id='word_1_266' title='bbox 1816 2342 2079 2407; x_wconf 83' lang='lat' dir='ltr'>gestave-</span> 
     </span>
    </p>
   </div>
   <div class='ocr_carea' id='block_1_40' title="bbox 433 2415 2080 2490">
    <p class='ocr_par' dir='ltr' id='par_1_40' title="bbox 433 2415 2080 2490">
     <span class='ocr_line' id='line_1_40' title="bbox 433 2415 2080 2490; baseline 0.008 -21"><span class='ocrx_word' id='word_1_267' title='bbox 433 2415 661 2470; x_wconf 85' lang='lat' dir='ltr'>rit.Non</span> <span class='ocrx_word' id='word_1_268' title='bbox 695 2421 823 2472; x_wconf 88' lang='lat' dir='ltr'>erat</span> <span class='ocrx_word' id='word_1_269' title='bbox 852 2418 1012 2473; x_wconf 89' lang='lat' dir='ltr'>enim</span> <span class='ocrx_word' id='word_1_270' title='bbox 1036 2419 1193 2490; x_wconf 92' lang='lat' dir='ltr'>quod</span> <span class='ocrx_word' id='word_1_271' title='bbox 1227 2438 1297 2475; x_wconf 83' lang='lat' dir='ltr'>ex</span> <span class='ocrx_word' id='word_1_272' title='bbox 1322 2422 1429 2477; x_wconf 85' lang='lat' dir='ltr'>hac</span> <span class='ocrx_word' id='word_1_273' title='bbox 1466 2423 1885 2481; x_wconf 90' lang='lat' dir='ltr'>humiliatione</span> <span class='ocrx_word' id='word_1_274' title='bbox 1929 2427 2080 2482; x_wconf 92' lang='lat' dir='ltr'>nihil</span> 
     </span>
    </p>
   </div>
   <div class='ocr_carea' id='block_1_41' title="bbox 434 2503 2080 2578">
    <p class='ocr_par' dir='ltr' id='par_1_41' title="bbox 434 2503 2080 2578">
     <span class='ocr_line' id='line_1_41' title="bbox 434 2503 2080 2578; baseline 0.007 -19"><span class='ocrx_word' id='word_1_275' title='bbox 434 2503 776 2561; x_wconf 86' lang='lat' dir='ltr'>detrimenti</span> <span class='ocrx_word' id='word_1_276' title='bbox 802 2507 1133 2578; x_wconf 88' lang='lat' dir='ltr'>susciperet</span> <span class='ocrx_word' id='word_1_277' title='bbox 1147 2509 1249 2564; x_wconf 84' lang='lat'><strong>80</strong></span> <span class='ocrx_word' id='word_1_278' title='bbox 1263 2527 1333 2565; x_wconf 81' lang='lat' dir='ltr'>ex</span> <span class='ocrx_word' id='word_1_279' title='bbox 1362 2516 1574 2567; x_wconf 85' lang='lat' dir='ltr'>natura</span> <span class='ocrx_word' id='word_1_280' title='bbox 1595 2512 1706 2567; x_wconf 87' lang='lat' dir='ltr'>sibi</span> <span class='ocrx_word' id='word_1_281' title='bbox 1722 2516 2080 2571; x_wconf 83' lang='lat' dir='ltr'>conveniens</span> 
     </span>
    </p>
   </div>
   <div class='ocr_carea' id='block_1_42' title="bbox 432 2593 2081 2661">
    <p class='ocr_par' dir='ltr' id='par_1_42' title="bbox 432 2593 2081 2661">
     <span class='ocr_line' id='line_1_42' title="bbox 432 2593 2081 2661; baseline 0.008 -13"><span class='ocrx_word' id='word_1_282' title='bbox 432 2593 759 2651; x_wconf 85' lang='lat' dir='ltr'>divinitatis</span> <span class='ocrx_word' id='word_1_283' title='bbox 790 2596 1147 2655; x_wconf 81' lang='lat' dir='ltr'>sublimitas.</span> <span class='ocrx_word' id='word_1_284' title='bbox 1182 2599 1238 2653; x_wconf 93' lang='lat' dir='ltr'>Si</span> <span class='ocrx_word' id='word_1_285' title='bbox 1269 2616 1407 2655; x_wconf 90' lang='lat' dir='ltr'>vero</span> <span class='ocrx_word' id='word_1_286' title='bbox 1450 2602 1603 2657; x_wconf 90' lang='lat' dir='ltr'>hanc</span> <span class='ocrx_word' id='word_1_287' title='bbox 1633 2603 1917 2660; x_wconf 71' lang='lat' dir='ltr'>laetitiam</span> <span class='ocrx_word' id='word_1_288' title='bbox 1974 2605 2081 2661; x_wconf 89' lang='lat' dir='ltr'>ha-</span> 
     </span>
    </p>
   </div>
   <div class='ocr_carea' id='block_1_43' title="bbox 429 2682 2082 2761">
    <p class='ocr_par' dir='ltr' id='par_1_43' title="bbox 429 2682 2082 2761">
     <span class='ocr_line' id='line_1_43' title="bbox 429 2682 2082 2761; baseline 0.009 -24"><span class='ocrx_word' id='word_1_289' title='bbox 429 2682 678 2752; x_wconf 84' lang='lat' dir='ltr'>buisset,</span> <span class='ocrx_word' id='word_1_290' title='bbox 714 2686 1013 2741; x_wconf 89' lang='lat' dir='ltr'>timuisset</span> <span class='ocrx_word' id='word_1_291' title='bbox 1040 2688 1245 2758; x_wconf 90' lang='lat' dir='ltr'>utique</span> <span class='ocrx_word' id='word_1_292' title='bbox 1278 2690 1539 2761; x_wconf 89' lang='lat' dir='ltr'>seipsum</span> <span class='ocrx_word' id='word_1_293' title='bbox 1571 2692 1908 2761; x_wconf 89' lang='lat' dir='ltr'>humiliare,</span> <span class='ocrx_word' id='word_1_294' title='bbox 1940 2712 2014 2751; x_wconf 87' lang='lat' dir='ltr'>ne</span> <span class='ocrx_word' id='word_1_295' title='bbox 2047 2713 2082 2751; x_wconf 90' lang='lat' dir='ltr'>a</span> 
     </span>
    </p>
   </div>
   <div class='ocr_carea' id='block_1_44' title="bbox 435 2772 2081 2849">
    <p class='ocr_par' dir='ltr' id='par_1_44' title="bbox 435 2772 2081 2849">
     <span class='ocr_line' id='line_1_44' title="bbox 435 2772 2081 2849; baseline 0.009 -23"><span class='ocrx_word' id='word_1_296' title='bbox 435 2772 721 2843; x_wconf 75' lang='lat' dir='ltr'>dignitate</span> <span class='ocrx_word' id='word_1_297' title='bbox 752 2774 846 2830; x_wconf 85' lang='lat' dir='ltr'>vix</span> <span class='ocrx_word' id='word_1_298' title='bbox 868 2775 1011 2831; x_wconf 90' lang='lat' dir='ltr'>dum</span> <span class='ocrx_word' id='word_1_299' title='bbox 1043 2776 1154 2831; x_wconf 89' lang='lat' dir='ltr'>sibi</span> <span class='ocrx_word' id='word_1_300' title='bbox 1187 2780 1804 2849; x_wconf 86' lang='lat' dir='ltr'>acquisitaexcideret.</span> <span class='ocrx_word' id='word_1_301' title='bbox 1838 2784 2081 2840; x_wconf 84' lang='lat' dir='ltr'>Humili-</span> 
     </span>
    </p>
   </div>
   <div class='ocr_carea' id='block_1_45' title="bbox 438 2863 2079 2934">
    <p class='ocr_par' dir='ltr' id='par_1_45' title="bbox 438 2863 2079 2934">
     <span class='ocr_line' id='line_1_45' title="bbox 438 2863 2079 2934; baseline 0.008 -18"><span class='ocrx_word' id='word_1_302' title='bbox 438 2868 527 2917; x_wconf 89' lang='lat' dir='ltr'>tas</span> <span class='ocrx_word' id='word_1_303' title='bbox 554 2878 690 2934; x_wconf 81' lang='lat' dir='ltr'>ergo</span> <span class='ocrx_word' id='word_1_304' title='bbox 721 2863 1149 2920; x_wconf 88' lang='lat' dir='ltr'>demonstratio</span> <span class='ocrx_word' id='word_1_305' title='bbox 1194 2866 1306 2921; x_wconf 81' lang='lat' dir='ltr'>fuit</span> <span class='ocrx_word' id='word_1_306' title='bbox 1339 2868 1721 2925; x_wconf 85' lang='lat' dir='ltr'>sublimitatis</span> <span class='ocrx_word' id='word_1_307' title='bbox 1756 2871 2079 2929; x_wconf 87' lang='lat' dir='ltr'>divinitatis</span> 
     </span>
    </p>
   </div>
   <div class='ocr_carea' id='block_1_46' title="bbox 437 2951 2082 3034">
    <p class='ocr_par' dir='ltr' id='par_1_46' title="bbox 437 2951 2082 3034">
     <span class='ocr_line' id='line_1_46' title="bbox 437 2951 2082 3034; baseline 0.007 -29"><span class='ocrx_word' id='word_1_308' title='bbox 437 2951 725 3022; x_wconf 71' lang='lat' dir='ltr'>ejus,qum</span> <span class='ocrx_word' id='word_1_309' title='bbox 757 2968 827 3007; x_wconf 84' lang='lat' dir='ltr'>ex</span> <span class='ocrx_word' id='word_1_310' title='bbox 853 2959 1066 3009; x_wconf 90' lang='lat' dir='ltr'>natura</span> <span class='ocrx_word' id='word_1_311' title='bbox 1095 2955 1207 3026; x_wconf 85' lang='lat' dir='ltr'>ipsi</span> <span class='ocrx_word' id='word_1_312' title='bbox 1239 2957 1705 3014; x_wconf 90' lang='lat' dir='ltr'>conveniebat.Si</span> <span class='ocrx_word' id='word_1_313' title='bbox 1740 2961 1871 3031; x_wconf 86' lang='lat' dir='ltr'>quis</span> <span class='ocrx_word' id='word_1_314' title='bbox 1904 2961 2082 3034; x_wconf 82' lang='lat' dir='ltr'>igitur</span> 
     </span>
    </p>
   </div>
   <div class='ocr_carea' id='block_1_47' title="bbox 433 3039 2082 3119">
    <p class='ocr_par' dir='ltr' id='par_1_47' title="bbox 433 3039 2082 3119">
     <span class='ocr_line' id='line_1_47' title="bbox 433 3039 2082 3119; baseline 0.008 -26"><span class='ocrx_word' id='word_1_315' title='bbox 433 3039 647 3095; x_wconf 89' lang='lat' dir='ltr'>virtute</span> <span class='ocrx_word' id='word_1_316' title='bbox 697 3041 968 3097; x_wconf 84' lang='lat' dir='ltr'>excelsus</span> <span class='ocrx_word' id='word_1_317' title='bbox 1025 3060 1091 3099; x_wconf 88' lang='lat' dir='ltr'>ac</span> <span class='ocrx_word' id='word_1_318' title='bbox 1136 3061 1383 3118; x_wconf 83' lang='lat' dir='ltr'>magnus</span> <span class='ocrx_word' id='word_1_319' title='bbox 1428 3048 1592 3119; x_wconf 90' lang='lat' dir='ltr'>cupit</span> <span class='ocrx_word' id='word_1_320' title='bbox 1620 3065 1769 3117; x_wconf 89' lang='lat' dir='ltr'>esse,</span> <span class='ocrx_word' id='word_1_321' title='bbox 1805 3050 2082 3107; x_wconf 88' lang='lat' dir='ltr'>humiliet</span> 
     </span>
    </p>
   </div>
   <div class='ocr_carea' id='block_1_48' title="bbox 430 3129 2077 3205">
    <p class='ocr_par' dir='ltr' id='par_1_48' title="bbox 430 3129 2077 3205">
     <span class='ocr_line' id='line_1_48' title="bbox 430 3129 2077 3205; baseline 0.008 -23"><span class='ocrx_word' id='word_1_322' title='bbox 430 3145 561 3183; x_wconf 92' lang='lat' dir='ltr'>sese</span> <span class='ocrx_word' id='word_1_323' title='bbox 588 3146 600 3183; x_wconf 91' lang='lat'><strong>:</strong></span> <span class='ocrx_word' id='word_1_324' title='bbox 629 3129 933 3186; x_wconf 87' lang='lat' dir='ltr'>humilitas</span> <span class='ocrx_word' id='word_1_325' title='bbox 966 3132 1124 3187; x_wconf 87' lang='lat' dir='ltr'>enim</span> <span class='ocrx_word' id='word_1_326' title='bbox 1159 3140 1248 3188; x_wconf 90' lang='lat' dir='ltr'>est</span> <span class='ocrx_word' id='word_1_327' title='bbox 1277 3151 1407 3205; x_wconf 65' lang='lat' dir='ltr'>quae</span> <span class='ocrx_word' id='word_1_328' title='bbox 1439 3136 1700 3192; x_wconf 88' lang='lat' dir='ltr'>ostendit</span> <span class='ocrx_word' id='word_1_329' title='bbox 1729 3155 1796 3193; x_wconf 91' lang='lat' dir='ltr'>ac</span> <span class='ocrx_word' id='word_1_330' title='bbox 1827 3144 2077 3196; x_wconf 89' lang='lat' dir='ltr'>testatur</span> 
     </span>
    </p>
   </div>
   <div class='ocr_carea' id='block_1_49' title="bbox 426 3217 2074 3294">
    <p class='ocr_par' dir='ltr' id='par_1_49' title="bbox 426 3217 2074 3294">
     <span class='ocr_line' id='line_1_49' title="bbox 426 3217 2074 3294; baseline 0.008 -22"><span class='ocrx_word' id='word_1_331' title='bbox 426 3217 657 3273; x_wconf 88' lang='lat' dir='ltr'>virtutis</span> <span class='ocrx_word' id='word_1_332' title='bbox 696 3219 1171 3277; x_wconf 87' lang='lat' dir='ltr'>sublimitatem:</span> <span class='ocrx_word' id='word_1_333' title='bbox 1233 3223 1501 3280; x_wconf 88' lang='lat' dir='ltr'>imitetur</span> <span class='ocrx_word' id='word_1_334' title='bbox 1555 3226 1875 3294; x_wconf 81' lang='lat' dir='ltr'>Christum,</span> <span class='ocrx_word' id='word_1_335' title='bbox 1928 3231 2074 3285; x_wconf 86' lang='lat' dir='ltr'>nihil</span> 
     </span>
    </p>
   </div>
   <div class='ocr_carea' id='block_1_50' title="bbox 426 3307 2081 3390">
    <p class='ocr_par' dir='ltr' id='par_1_50' title="bbox 426 3307 2081 3390">
     <span class='ocr_line' id='line_1_50' title="bbox 426 3307 2081 3390; baseline 0.008 -30"><span class='ocrx_word' id='word_1_336' title='bbox 426 3307 633 3377; x_wconf 81' lang='lat' dir='ltr'>perdet</span> <span class='ocrx_word' id='word_1_337' title='bbox 665 3309 767 3377; x_wconf 90' lang='lat' dir='ltr'>qui</span> <span class='ocrx_word' id='word_1_338' title='bbox 802 3324 864 3363; x_wconf 91' lang='lat' dir='ltr'>se</span> <span class='ocrx_word' id='word_1_339' title='bbox 898 3309 1398 3384; x_wconf 82' lang='lat' dir='ltr'>humiliat,majus</span> <span class='ocrx_word' id='word_1_340' title='bbox 1429 3320 1627 3370; x_wconf 89' lang='lat' dir='ltr'>autem</span> <span class='ocrx_word' id='word_1_341' title='bbox 1660 3332 1874 3390; x_wconf 81' lang='lat' dir='ltr'>magna</span> <span class='ocrx_word' id='word_1_342' title='bbox 1901 3319 2081 3375; x_wconf 89' lang='lat' dir='ltr'>lucri-</span> 
     </span>
    </p>
   </div>
   <div class='ocr_carea' id='block_1_51' title="bbox 425 3392 2075 3476">
    <p class='ocr_par' dir='ltr' id='par_1_51' title="bbox 425 3392 2075 3476">
     <span class='ocr_line' id='line_1_51' title="bbox 425 3392 2075 3476; baseline 0.008 -26"><span class='ocrx_word' id='word_1_343' title='bbox 425 3395 739 3460; x_wconf 86' lang='lat' dir='ltr'>faciet.Qui</span> <span class='ocrx_word' id='word_1_344' title='bbox 766 3397 982 3453; x_wconf 89' lang='lat' dir='ltr'>virtute</span> <span class='ocrx_word' id='word_1_345' title='bbox 1013 3415 1237 3470; x_wconf 89' lang='lat' dir='ltr'>pauper</span> <span class='ocrx_word' id='word_1_346' title='bbox 1263 3408 1494 3469; x_wconf 88' lang='lat' dir='ltr'>est,non</span> <span class='ocrx_word' id='word_1_347' title='bbox 1517 3412 1711 3476; x_wconf 85' lang='lat' dir='ltr'>potest</span> <span class='ocrx_word' id='word_1_348' title='bbox 1738 3392 2075 3463; x_wconf 82' lang='lat' dir='ltr'>humiliari:</span> 
     </span>
    </p>
   </div>
   <div class='ocr_carea' id='block_1_52' title="bbox 428 3485 2081 3553">
    <p class='ocr_par' dir='ltr' id='par_1_52' title="bbox 428 3485 2081 3553">
     <span class='ocr_line' id='line_1_52' title="bbox 428 3485 2081 3553; baseline 0.009 -15"><span class='ocrx_word' id='word_1_349' title='bbox 428 3488 665 3538; x_wconf 86' lang='lat' dir='ltr'>veretur</span> <span class='ocrx_word' id='word_1_350' title='bbox 694 3485 854 3539; x_wconf 90' lang='lat' dir='ltr'>enim</span> <span class='ocrx_word' id='word_1_351' title='bbox 877 3501 953 3540; x_wconf 90' lang='lat' dir='ltr'>ne</span> <span class='ocrx_word' id='word_1_352' title='bbox 978 3487 1212 3542; x_wconf 84' lang='lat' dir='ltr'>excidat</span> <span class='ocrx_word' id='word_1_353' title='bbox 1231 3505 1265 3543; x_wconf 90' lang='lat' dir='ltr'>a</span> <span class='ocrx_word' id='word_1_354' title='bbox 1305 3489 1513 3547; x_wconf 82' lang='lat' dir='ltr'>ﬁctilia</span> <span class='ocrx_word' id='word_1_355' title='bbox 1542 3499 1600 3549; x_wconf 91' lang='lat' dir='ltr'>et</span> <span class='ocrx_word' id='word_1_356' title='bbox 1630 3494 1910 3553; x_wconf 87' lang='lat' dir='ltr'>simulata</span> <span class='ocrx_word' id='word_1_357' title='bbox 1939 3497 2081 3553; x_wconf 88' lang='lat' dir='ltr'>sub-</span> 
     </span>
    </p>
   </div>
   <div class='ocr_carea' id='block_1_53' title="bbox 428 3572 2080 3653">
    <p class='ocr_par' dir='ltr' id='par_1_53' title="bbox 428 3572 2080 3653">
     <span class='ocr_line' id='line_1_53' title="bbox 428 3572 2080 3653; baseline 0.009 -26"><span class='ocrx_word' id='word_1_358' title='bbox 428 3572 702 3627; x_wconf 90' lang='lat' dir='ltr'>limitate.</span> <span class='ocrx_word' id='word_1_359' title='bbox 732 3572 839 3636; x_wconf 90' lang='lat' dir='ltr'>Qui</span> <span class='ocrx_word' id='word_1_360' title='bbox 870 3572 1031 3628; x_wconf 86' lang='lat' dir='ltr'>dives</span> <span class='ocrx_word' id='word_1_361' title='bbox 1062 3581 1122 3630; x_wconf 90' lang='lat' dir='ltr'>et</span> <span class='ocrx_word' id='word_1_362' title='bbox 1153 3577 1422 3633; x_wconf 81' lang='lat' dir='ltr'>excelsus</span> <span class='ocrx_word' id='word_1_363' title='bbox 1473 3587 1563 3636; x_wconf 90' lang='lat' dir='ltr'>est</span> <span class='ocrx_word' id='word_1_364' title='bbox 1624 3583 1861 3653; x_wconf 89' lang='lat' dir='ltr'>virtute,</span> <span class='ocrx_word' id='word_1_365' title='bbox 1890 3586 2080 3641; x_wconf 89' lang='lat' dir='ltr'>humi—</span> 
     </span>
    </p>
   </div>
   <div class='ocr_carea' id='block_1_54' title="bbox 428 3659 2079 3743">
    <p class='ocr_par' dir='ltr' id='par_1_54' title="bbox 428 3659 2079 3743">
     <span class='ocr_line' id='line_1_54' title="bbox 428 3659 2079 3743; baseline 0.009 -29"><span class='ocrx_word' id='word_1_366' title='bbox 428 3659 539 3715; x_wconf 90' lang='lat' dir='ltr'>liet</span> <span class='ocrx_word' id='word_1_367' title='bbox 566 3676 660 3715; x_wconf 88' lang='lat' dir='ltr'>se:</span> <span class='ocrx_word' id='word_1_368' title='bbox 696 3661 919 3717; x_wconf 88' lang='lat' dir='ltr'>namin</span> <span class='ocrx_word' id='word_1_369' title='bbox 952 3662 1063 3719; x_wconf 91' lang='lat' dir='ltr'>hoc</span> <span class='ocrx_word' id='word_1_370' title='bbox 1112 3665 1299 3737; x_wconf 80' lang='lat' dir='ltr'>magis</span> <span class='ocrx_word' id='word_1_371' title='bbox 1350 3667 1612 3738; x_wconf 90' lang='lat' dir='ltr'>seipsum</span> <span class='ocrx_word' id='word_1_372' title='bbox 1671 3672 1930 3727; x_wconf 88' lang='lat' dir='ltr'>ostendit</span> <span class='ocrx_word' id='word_1_373' title='bbox 1962 3690 2079 3743; x_wconf 89' lang='lat' dir='ltr'>quo</span> 
     </span>
    </p>
   </div>
   <div class='ocr_carea' id='block_1_55' title="bbox 426 3750 2080 3824">
    <p class='ocr_par' dir='ltr' id='par_1_55' title="bbox 426 3750 2080 3824">
     <span class='ocr_line' id='line_1_55' title="bbox 426 3750 2080 3824; baseline 0.009 -20"><span class='ocrx_word' id='word_1_374' title='bbox 426 3766 563 3805; x_wconf 83' lang='lat' dir='ltr'>vere</span> <span class='ocrx_word' id='word_1_375' title='bbox 585 3750 661 3805; x_wconf 91' lang='lat' dir='ltr'>sit</span> <span class='ocrx_word' id='word_1_376' title='bbox 690 3751 983 3820; x_wconf 85' lang='lat' dir='ltr'>excelsus,</span> <span class='ocrx_word' id='word_1_377' title='bbox 1016 3754 1157 3824; x_wconf 91' lang='lat' dir='ltr'>quia</span> <span class='ocrx_word' id='word_1_378' title='bbox 1189 3772 1311 3811; x_wconf 91' lang='lat' dir='ltr'>non</span> <span class='ocrx_word' id='word_1_379' title='bbox 1336 3757 1535 3813; x_wconf 89' lang='lat' dir='ltr'>timuit</span> <span class='ocrx_word' id='word_1_380' title='bbox 1559 3759 1862 3817; x_wconf 88' lang='lat' dir='ltr'>humiliari</span> <span class='ocrx_word' id='word_1_381' title='bbox 1895 3769 1952 3818; x_wconf 90' lang='lat' dir='ltr'>et</span> <span class='ocrx_word' id='word_1_382' title='bbox 1972 3780 2080 3818; x_wconf 92' lang='lat' dir='ltr'>no-</span> 
     </span>
    </p>
   </div>
   <div class='ocr_carea' id='block_1_56' title="bbox 424 3839 2074 3911">
    <p class='ocr_par' dir='ltr' id='par_1_56' title="bbox 424 3839 2074 3911">
     <span class='ocr_line' id='line_1_56' title="bbox 424 3839 2074 3911; baseline 0.009 -18"><span class='ocrx_word' id='word_1_383' title='bbox 424 3840 507 3894; x_wconf 89' lang='lat' dir='ltr'>vit</span> <span class='ocrx_word' id='word_1_384' title='bbox 530 3839 689 3911; x_wconf 92' lang='lat' dir='ltr'>quod</span> <span class='ocrx_word' id='word_1_385' title='bbox 727 3841 935 3897; x_wconf 83' lang='lat' dir='ltr'>firmus</span> <span class='ocrx_word' id='word_1_386' title='bbox 958 3843 1213 3908; x_wconf 66' lang='grc' dir='ltr'>ειη-ιριιὶ</span> <span class='ocrx_word' id='word_1_387' title='bbox 1234 3862 1370 3901; x_wconf 89' lang='lat' dir='ltr'>cum</span> <span class='ocrx_word' id='word_1_388' title='bbox 1404 3847 1464 3901; x_wconf 88' lang='lat' dir='ltr'>in</span> <span class='ocrx_word' id='word_1_389' title='bbox 1496 3848 1683 3904; x_wconf 85' lang='lat' dir='ltr'>forma</span> <span class='ocrx_word' id='word_1_390' title='bbox 1706 3850 1808 3904; x_wconf 90' lang='lat' dir='ltr'>Dei</span> <span class='ocrx_word' id='word_1_391' title='bbox 1841 3858 2015 3908; x_wconf 87' lang='lat' dir='ltr'>esset.</span> <span class='ocrx_word' id='word_1_392' title='bbox 2054 3879 2074 3901; x_wconf 82' lang='lat'><strong>-</strong></span> 
     </span>
    </p>
   </div>
   <div class='ocr_carea' id='block_1_57' title="bbox 427 3929 2076 4012">
    <p class='ocr_par' dir='ltr' id='par_1_57' title="bbox 427 3929 2076 4012">
     <span class='ocr_line' id='line_1_57' title="bbox 427 3929 2076 4012; baseline 0.008 -29"><span class='ocrx_word' id='word_1_393' title='bbox 427 3929 846 3985; x_wconf 80' lang='lat' dir='ltr'>Animadverte</span> <span class='ocrx_word' id='word_1_394' title='bbox 868 3933 1168 4002; x_wconf 89' lang='lat' dir='ltr'>quomodo</span> <span class='ocrx_word' id='word_1_395' title='bbox 1201 3951 1272 3989; x_wconf 81' lang='lat' dir='ltr'>ex</span> <span class='ocrx_word' id='word_1_396' title='bbox 1331 3936 1423 3991; x_wconf 89' lang='lat' dir='ltr'>his</span> <span class='ocrx_word' id='word_1_397' title='bbox 1455 3938 1657 4009; x_wconf 90' lang='lat' dir='ltr'>paucis</span> <span class='ocrx_word' id='word_1_398' title='bbox 1681 3940 1869 3995; x_wconf 87' lang='lat' dir='ltr'>verbis</span> <span class='ocrx_word' id='word_1_399' title='bbox 1900 3942 2076 4012; x_wconf 87' lang='lat' dir='ltr'>Spiri-</span> 
     </span>
    </p>
   </div>
   <div class='ocr_carea' id='block_1_58' title="bbox 429 4020 2079 4098">
    <p class='ocr_par' dir='ltr' id='par_1_58' title="bbox 429 4020 2079 4098">
     <span class='ocr_line' id='line_1_58' title="bbox 429 4020 2079 4098; baseline 0.01 -29"><span class='ocrx_word' id='word_1_400' title='bbox 429 4020 523 4070; x_wconf 90' lang='lat' dir='ltr'>tus</span> <span class='ocrx_word' id='word_1_401' title='bbox 555 4032 761 4072; x_wconf 89' lang='lat' dir='ltr'>omnes</span> <span class='ocrx_word' id='word_1_402' title='bbox 793 4025 1138 4075; x_wconf 87' lang='lat' dir='ltr'>evertantur</span> <span class='ocrx_word' id='word_1_403' title='bbox 1179 4021 1454 4079; x_wconf 75' lang='lat' dir='ltr'>haereses.</span> <span class='ocrx_word' id='word_1_404' title='bbox 1491 4026 1756 4081; x_wconf 86' lang='lat' dir='ltr'>Primum</span> <span class='ocrx_word' id='word_1_405' title='bbox 1783 4028 2079 4098; x_wconf 91' lang='lat' dir='ltr'>siquidem</span> 
     </span>
    </p>
   </div>
   <div class='ocr_carea' id='block_1_59' title="bbox 433 4103 2082 4187">
    <p class='ocr_par' dir='ltr' id='par_1_59' title="bbox 433 4103 2082 4187">
     <span class='ocr_line' id='line_1_59' title="bbox 433 4103 2082 4187; baseline 0.008 -29"><span class='ocrx_word' id='word_1_406' title='bbox 433 4103 638 4160; x_wconf 88' lang='lat' dir='ltr'>dicens</span> <span class='ocrx_word' id='word_1_407' title='bbox 662 4123 674 4161; x_wconf 91' lang='lat'>:</span> <span class='ocrx_word' id='word_1_408' title='bbox 696 4106 841 4161; x_wconf 90' lang='lat' dir='ltr'>Cum</span> <span class='ocrx_word' id='word_1_409' title='bbox 867 4113 1411 4174; x_wconf 76' lang='lat' dir='ltr'>esset,coa3ternum</span> <span class='ocrx_word' id='word_1_410' title='bbox 1433 4114 1591 4169; x_wconf 89' lang='lat' dir='ltr'>Patri</span> <span class='ocrx_word' id='word_1_411' title='bbox 1616 4115 1988 4187; x_wconf 84' lang='lat' dir='ltr'>signiﬁcavit,</span> <span class='ocrx_word' id='word_1_412' title='bbox 2024 4124 2082 4172; x_wconf 89' lang='lat' dir='ltr'>et</span> 
     </span>
    </p>
   </div>
   <div class='ocr_carea' id='block_1_60' title="bbox 433 4194 2078 4266">
    <p class='ocr_par' dir='ltr' id='par_1_60' title="bbox 433 4194 2078 4266">
     <span class='ocr_line' id='line_1_60' title="bbox 433 4194 2078 4266; baseline 0.01 -19"><span class='ocrx_word' id='word_1_413' title='bbox 433 4194 639 4248; x_wconf 88' lang='lat' dir='ltr'>Arium</span> <span class='ocrx_word' id='word_1_414' title='bbox 663 4195 906 4266; x_wconf 88' lang='lat' dir='ltr'>dejecit:</span> <span class='ocrx_word' id='word_1_415' title='bbox 932 4196 1146 4255; x_wconf 91' lang='lat' dir='ltr'>deinde</span> <span class='ocrx_word' id='word_1_416' title='bbox 1170 4202 1349 4257; x_wconf 89' lang='lat' dir='ltr'>etiam</span> <span class='ocrx_word' id='word_1_417' title='bbox 1372 4204 1727 4260; x_wconf 86' lang='lat' dir='ltr'>Marcionem</span> <span class='ocrx_word' id='word_1_418' title='bbox 1744 4207 2078 4264; x_wconf 90' lang='lat' dir='ltr'>Ponticum.</span> 
     </span>
    </p>
   </div>
   <div class='ocr_carea' id='block_1_61' title="bbox 435 4282 2079 4365">
    <p class='ocr_par' dir='ltr' id='par_1_61' title="bbox 435 4282 2079 4365">
     <span class='ocr_line' id='line_1_61' title="bbox 435 4282 2079 4365; baseline 0.01 -31"><span class='ocrx_word' id='word_1_419' title='bbox 435 4282 491 4336; x_wconf 93' lang='lat' dir='ltr'>Si</span> <span class='ocrx_word' id='word_1_420' title='bbox 515 4283 673 4337; x_wconf 85' lang='lat' dir='ltr'>enim</span> <span class='ocrx_word' id='word_1_421' title='bbox 716 4285 983 4342; x_wconf 86' lang='lat' dir='ltr'>informa</span> <span class='ocrx_word' id='word_1_422' title='bbox 1013 4289 1116 4343; x_wconf 88' lang='lat' dir='ltr'>Dei</span> <span class='ocrx_word' id='word_1_423' title='bbox 1139 4296 1286 4357; x_wconf 84' lang='lat' dir='ltr'>erat,</span> <span class='ocrx_word' id='word_1_424' title='bbox 1321 4294 1618 4361; x_wconf 88' lang='lat' dir='ltr'>quomodo</span> <span class='ocrx_word' id='word_1_425' title='bbox 1662 4299 1721 4349; x_wconf 89' lang='lat' dir='ltr'>tu</span> <span class='ocrx_word' id='word_1_426' title='bbox 1743 4294 1891 4350; x_wconf 89' lang='lat' dir='ltr'>dicis</span> <span class='ocrx_word' id='word_1_427' title='bbox 1922 4296 2079 4365; x_wconf 91' lang='lat' dir='ltr'>quod</span> 
     </span>
    </p>
   </div>
   <div class='ocr_carea' id='block_1_62' title="bbox 433 4372 2078 4446">
    <p class='ocr_par' dir='ltr' id='par_1_62' title="bbox 433 4372 2078 4446">
     <span class='ocr_line' id='line_1_62' title="bbox 433 4372 2078 4446; baseline 0.01 -22"><span class='ocrx_word' id='word_1_428' title='bbox 433 4386 466 4425; x_wconf 90' lang='lat' dir='ltr'>a</span> <span class='ocrx_word' id='word_1_429' title='bbox 499 4372 675 4427; x_wconf 84' lang='lat' dir='ltr'>Maria</span> <span class='ocrx_word' id='word_1_430' title='bbox 705 4389 832 4428; x_wconf 85' lang='lat' dir='ltr'>esse</span> <span class='ocrx_word' id='word_1_431' title='bbox 856 4377 1100 4446; x_wconf 65' lang='lat' dir='ltr'>coeperit</span> <span class='ocrx_word' id='word_1_432' title='bbox 1123 4377 1151 4432; x_wconf 87' lang='lat'><strong><em>?</em></strong></span> <span class='ocrx_word' id='word_1_433' title='bbox 1171 4379 1313 4433; x_wconf 91' lang='lat' dir='ltr'>Cum</span> <span class='ocrx_word' id='word_1_434' title='bbox 1347 4379 1459 4435; x_wconf 91' lang='lat' dir='ltr'>hoc</span> <span class='ocrx_word' id='word_1_435' title='bbox 1480 4387 1537 4435; x_wconf 87' lang='lat' dir='ltr'>et</span> <span class='ocrx_word' id='word_1_436' title='bbox 1556 4382 1773 4437; x_wconf 86' lang='lat' dir='ltr'>Paulus</span> <span class='ocrx_word' id='word_1_437' title='bbox 1799 4384 2078 4440; x_wconf 88' lang='lat' dir='ltr'>Samosa-</span> 
     </span>
    </p>
   </div>
   <div class='ocr_carea' id='block_1_63' title="bbox 432 4460 2077 4535">
    <p class='ocr_par' dir='ltr' id='par_1_63' title="bbox 432 4460 2077 4535">
     <span class='ocr_line' id='line_1_63' title="bbox 432 4460 2077 4535; baseline 0.009 -21"><span class='ocrx_word' id='word_1_438' title='bbox 432 4460 616 4515; x_wconf 89' lang='lat' dir='ltr'>tensis</span> <span class='ocrx_word' id='word_1_439' title='bbox 650 4463 931 4519; x_wconf 88' lang='lat' dir='ltr'>evertitur</span> <span class='ocrx_word' id='word_1_440' title='bbox 961 4466 1060 4535; x_wconf 89' lang='lat' dir='ltr'>qui</span> <span class='ocrx_word' id='word_1_441' title='bbox 1104 4468 1420 4523; x_wconf 91' lang='lat' dir='ltr'>Dominum</span> <span class='ocrx_word' id='word_1_442' title='bbox 1466 4471 1766 4526; x_wconf 88' lang='lat' dir='ltr'>asserebat</span> <span class='ocrx_word' id='word_1_443' title='bbox 1817 4489 1944 4528; x_wconf 91' lang='lat' dir='ltr'>esse</span> <span class='ocrx_word' id='word_1_444' title='bbox 1968 4490 2077 4529; x_wconf 92' lang='lat' dir='ltr'>nu-</span> 
     </span>
    </p>
   </div>
   <div class='ocr_carea' id='block_1_64' title="bbox 431 4541 2156 4632">
    <p class='ocr_par' dir='ltr' id='par_1_64' title="bbox 431 4541 2156 4632">
     <span class='ocr_line' id='line_1_64' title="bbox 431 4541 2156 4632; baseline 0.009 -29"><span class='ocrx_word' id='word_1_445' title='bbox 431 4549 572 4604; x_wconf 89' lang='lat' dir='ltr'>dum</span> <span class='ocrx_word' id='word_1_446' title='bbox 597 4550 898 4607; x_wconf 86' lang='lat' dir='ltr'>hominem</span> <span class='ocrx_word' id='word_1_447' title='bbox 923 4555 1239 4611; x_wconf 76' lang='lat' dir='ltr'>formatum</span> <span class='ocrx_word' id='word_1_448' title='bbox 1273 4574 1308 4612; x_wconf 66' lang='grc' dir='ltr'>ει</span> <span class='ocrx_word' id='word_1_449' title='bbox 1338 4559 1472 4613; x_wconf 90' lang='lat' dir='ltr'>Deo.</span> <span class='ocrx_word' id='word_1_450' title='bbox 1497 4561 1725 4615; x_wconf 87' lang='lat' dir='ltr'>Etenim</span> <span class='ocrx_word' id='word_1_451' title='bbox 1755 4563 2080 4632; x_wconf 88' lang='lat' dir='ltr'>poterimus</span> <span class='ocrx_word' id='word_1_452' title='bbox 2116 4541 2156 4600; x_wconf 66' lang='grc'>1⁵</span> 
     </span>
    </p>
   </div>
   <div class='ocr_carea' id='block_1_65' title="bbox 434 4637 2082 4718">
    <p class='ocr_par' dir='ltr' id='par_1_65' title="bbox 434 4637 2082 4718">
     <span class='ocr_line' id='line_1_65' title="bbox 434 4637 2082 4718; baseline 0.01 -27"><span class='ocrx_word' id='word_1_453' title='bbox 434 4637 544 4709; x_wconf 90' lang='lat' dir='ltr'>ipsi</span> <span class='ocrx_word' id='word_1_454' title='bbox 577 4639 773 4696; x_wconf 90' lang='lat' dir='ltr'>dicere</span> <span class='ocrx_word' id='word_1_455' title='bbox 797 4660 809 4697; x_wconf 88' lang='lat'><strong>:</strong></span> <span class='ocrx_word' id='word_1_456' title='bbox 837 4642 1346 4707; x_wconf 89' lang='lat' dir='ltr'>Quemadmodum</span> <span class='ocrx_word' id='word_1_457' title='bbox 1370 4648 1559 4703; x_wconf 81' lang='lat' dir='ltr'>forma</span> <span class='ocrx_word' id='word_1_458' title='bbox 1579 4650 1969 4718; x_wconf 86' lang='lat' dir='ltr'>servi,natura</span> <span class='ocrx_word' id='word_1_459' title='bbox 1990 4661 2082 4706; x_wconf 71' lang='lat' dir='ltr'>est</span> 
     </span>
    </p>
   </div>
   <div class='ocr_carea' id='block_1_66' title="bbox 437 4727 2078 4806">
    <p class='ocr_par' dir='ltr' id='par_1_66' title="bbox 437 4727 2078 4806">
     <span class='ocr_line' id='line_1_66' title="bbox 437 4727 2078 4806; baseline 0.011 -27"><span class='ocrx_word' id='word_1_460' title='bbox 437 4727 585 4781; x_wconf 88' lang='lat' dir='ltr'>servi</span> <span class='ocrx_word' id='word_1_461' title='bbox 614 4735 671 4782; x_wconf 87' lang='lat' dir='ltr'>et</span> <span class='ocrx_word' id='word_1_462' title='bbox 701 4746 820 4785; x_wconf 92' lang='lat' dir='ltr'>non</span> <span class='ocrx_word' id='word_1_463' title='bbox 845 4731 1073 4788; x_wconf 84' lang='lat' dir='ltr'>factura</span> <span class='ocrx_word' id='word_1_464' title='bbox 1106 4734 1195 4788; x_wconf 88' lang='lat' dir='ltr'>vel</span> <span class='ocrx_word' id='word_1_465' title='bbox 1229 4752 1394 4806; x_wconf 89' lang='lat' dir='ltr'>opus,</span> <span class='ocrx_word' id='word_1_466' title='bbox 1431 4736 1513 4791; x_wconf 87' lang='lat' dir='ltr'>ita</span> <span class='ocrx_word' id='word_1_467' title='bbox 1536 4744 1594 4792; x_wconf 92' lang='lat' dir='ltr'>et</span> <span class='ocrx_word' id='word_1_468' title='bbox 1623 4739 1810 4795; x_wconf 85' lang='lat' dir='ltr'>forma</span> <span class='ocrx_word' id='word_1_469' title='bbox 1841 4742 1941 4795; x_wconf 90' lang='lat' dir='ltr'>Dei</span> <span class='ocrx_word' id='word_1_470' title='bbox 1973 4758 2078 4797; x_wconf 88' lang='lat' dir='ltr'>na-</span> 
     </span>
    </p>
   </div>
   <div class='ocr_carea' id='block_1_67' title="bbox 435 4818 2078 4902">
    <p class='ocr_par' dir='ltr' id='par_1_67' title="bbox 435 4818 2078 4902">
     <span class='ocr_line' id='line_1_67' title="bbox 435 4818 2078 4902; baseline 0.011 -34"><span class='ocrx_word' id='word_1_471' title='bbox 435 4820 568 4871; x_wconf 86' lang='lat' dir='ltr'>tura</span> <span class='ocrx_word' id='word_1_472' title='bbox 596 4818 696 4871; x_wconf 90' lang='lat' dir='ltr'>Dei</span> <span class='ocrx_word' id='word_1_473' title='bbox 730 4826 819 4873; x_wconf 90' lang='lat' dir='ltr'>est</span> <span class='ocrx_word' id='word_1_474' title='bbox 850 4825 909 4874; x_wconf 89' lang='lat' dir='ltr'>et</span> <span class='ocrx_word' id='word_1_475' title='bbox 948 4838 1067 4876; x_wconf 90' lang='lat' dir='ltr'>non</span> <span class='ocrx_word' id='word_1_476' title='bbox 1118 4824 1383 4880; x_wconf 76' lang='lat' dir='ltr'>effectus.</span> <span class='ocrx_word' id='word_1_477' title='bbox 1416 4826 1681 4883; x_wconf 87' lang='lat' dir='ltr'>Nestoris</span> <span class='ocrx_word' id='word_1_478' title='bbox 1713 4846 1947 4900; x_wconf 89' lang='lat' dir='ltr'>quoque</span> <span class='ocrx_word' id='word_1_479' title='bbox 1980 4833 2078 4902; x_wconf 89' lang='lat' dir='ltr'>qui</span> 
     </span>
    </p>
   </div>
   <div class='ocr_carea' id='block_1_68' title="bbox 437 4903 2081 4976">
    <p class='ocr_par' dir='ltr' id='par_1_68' title="bbox 437 4903 2081 4976">
     <span class='ocr_line' id='line_1_68' title="bbox 437 4903 2081 4976; baseline 0.012 -19"><span class='ocrx_word' id='word_1_480' title='bbox 437 4903 643 4959; x_wconf 87' lang='lat' dir='ltr'>eadem</span> <span class='ocrx_word' id='word_1_481' title='bbox 677 4908 858 4962; x_wconf 88' lang='lat' dir='ltr'>sentit</span> <span class='ocrx_word' id='word_1_482' title='bbox 886 4909 1063 4964; x_wconf 88' lang='lat' dir='ltr'>simul</span> <span class='ocrx_word' id='word_1_483' title='bbox 1093 4914 1391 4969; x_wconf 87' lang='lat' dir='ltr'>evertitur.</span> <span class='ocrx_word' id='word_1_484' title='bbox 1413 4916 1555 4970; x_wconf 88' lang='lat' dir='ltr'>Cum</span> <span class='ocrx_word' id='word_1_485' title='bbox 1572 4917 1662 4972; x_wconf 90' lang='lat' dir='ltr'>his</span> <span class='ocrx_word' id='word_1_486' title='bbox 1695 4925 1752 4973; x_wconf 90' lang='lat' dir='ltr'>et</span> <span class='ocrx_word' id='word_1_487' title='bbox 1772 4919 2081 4976; x_wconf 84' lang='lat' dir='ltr'>Marcellus</span> 
     </span>
    </p>
   </div>
   <div class='ocr_carea' id='block_1_69' title="bbox 432 4992 2076 5068">
    <p class='ocr_par' dir='ltr' id='par_1_69' title="bbox 432 4992 2076 5068">
     <span class='ocr_line' id='line_1_69' title="bbox 432 4992 2076 5068; baseline 0.009 -19"><span class='ocrx_word' id='word_1_488' title='bbox 432 4992 664 5049; x_wconf 88' lang='lat' dir='ltr'>Galates</span> <span class='ocrx_word' id='word_1_489' title='bbox 704 5000 764 5050; x_wconf 92' lang='lat' dir='ltr'>et</span> <span class='ocrx_word' id='word_1_490' title='bbox 824 4997 1190 5068; x_wconf 89' lang='lat' dir='ltr'>Sophronius</span> <span class='ocrx_word' id='word_1_491' title='bbox 1237 5019 1304 5057; x_wconf 85' lang='lat' dir='ltr'>ac</span> <span class='ocrx_word' id='word_1_492' title='bbox 1338 5003 1627 5060; x_wconf 90' lang='lat' dir='ltr'>Photinus</span> <span class='ocrx_word' id='word_1_493' title='bbox 1677 5008 1863 5062; x_wconf 85' lang='lat' dir='ltr'>eversi</span> <span class='ocrx_word' id='word_1_494' title='bbox 1920 5016 2076 5063; x_wconf 87' lang='lat' dir='ltr'>sunt.</span> 
     </span>
    </p>
   </div>
   <div class='ocr_carea' id='block_1_70' title="bbox 430 5083 2079 5170">
    <p class='ocr_par' dir='ltr' id='par_1_70' title="bbox 430 5083 2079 5170">
     <span class='ocr_line' id='line_1_70' title="bbox 430 5083 2079 5170; baseline 0.01 -34"><span class='ocrx_word' id='word_1_495' title='bbox 430 5083 571 5139; x_wconf 86' lang='lat' dir='ltr'>Vide</span> <span class='ocrx_word' id='word_1_496' title='bbox 603 5090 799 5139; x_wconf 85' lang='lat' dir='ltr'>autem</span> <span class='ocrx_word' id='word_1_497' title='bbox 835 5092 894 5141; x_wconf 91' lang='lat' dir='ltr'>et</span> <span class='ocrx_word' id='word_1_498' title='bbox 922 5090 1334 5146; x_wconf 88' lang='lat' dir='ltr'>concidentem</span> <span class='ocrx_word' id='word_1_499' title='bbox 1358 5093 1698 5150; x_wconf 86' lang='lat' dir='ltr'>Sabellium.</span> <span class='ocrx_word' id='word_1_500' title='bbox 1723 5120 1748 5145; x_wconf 70' lang='grc' dir='ltr'>«ι</span> <span class='ocrx_word' id='word_1_501' title='bbox 1774 5098 1901 5152; x_wconf 84' lang='lat' dir='ltr'>Non</span> <span class='ocrx_word' id='word_1_502' title='bbox 1929 5100 2079 5170; x_wconf 87' lang='lat' dir='ltr'>rapi-</span> 
     </span>
    </p>
   </div>
   <div class='ocr_carea' id='block_1_71' title="bbox 429 5173 2077 5253">
    <p class='ocr_par' dir='ltr' id='par_1_71' title="bbox 429 5173 2077 5253">
     <span class='ocr_line' id='line_1_71' title="bbox 429 5173 2077 5253; baseline 0.011 -28"><span class='ocrx_word' id='word_1_503' title='bbox 429 5173 827 5244; x_wconf 89' lang='lat' dir='ltr'>nam,inquit,</span> <span class='ocrx_word' id='word_1_504' title='bbox 853 5176 1174 5233; x_wconf 85' lang='lat' dir='ltr'>arbitratus</span> <span class='ocrx_word' id='word_1_505' title='bbox 1206 5185 1295 5235; x_wconf 88' lang='lat' dir='ltr'>est</span> <span class='ocrx_word' id='word_1_506' title='bbox 1326 5186 1391 5235; x_wconf 87' lang='lat' dir='ltr'>ut</span> <span class='ocrx_word' id='word_1_507' title='bbox 1411 5183 1658 5253; x_wconf 67' lang='lat' dir='ltr'>aequalis</span> <span class='ocrx_word' id='word_1_508' title='bbox 1680 5192 1835 5240; x_wconf 89' lang='lat' dir='ltr'>esset</span> <span class='ocrx_word' id='word_1_509' title='bbox 1866 5185 2005 5243; x_wconf 91' lang='lat' dir='ltr'>Deo.</span> <span class='ocrx_word' id='word_1_510' title='bbox 2050 5210 2077 5237; x_wconf 84' lang='grc'><strong>››</strong></span> 
     </span>
    </p>
   </div>
   <div class='ocr_carea' id='block_1_72' title="bbox 428 5262 2079 5340">
    <p class='ocr_par' dir='ltr' id='par_1_72' title="bbox 428 5262 2079 5340">
     <span class='ocr_line' id='line_1_72' title="bbox 428 5262 2079 5340; baseline 0.01 -25"><span class='ocrx_word' id='word_1_511' title='bbox 428 5262 755 5331; x_wconf 70' lang='grc' dir='ltr'>ιΕιῙιιειΙὶιειε</span> <span class='ocrx_word' id='word_1_512' title='bbox 788 5265 948 5321; x_wconf 83' lang='lat' dir='ltr'>enim</span> <span class='ocrx_word' id='word_1_513' title='bbox 982 5267 1053 5322; x_wconf 88' lang='lat' dir='ltr'>de</span> <span class='ocrx_word' id='word_1_514' title='bbox 1087 5284 1208 5323; x_wconf 89' lang='lat' dir='ltr'>una</span> <span class='ocrx_word' id='word_1_515' title='bbox 1230 5285 1484 5340; x_wconf 90' lang='lat' dir='ltr'>persona</span> <span class='ocrx_word' id='word_1_516' title='bbox 1518 5288 1636 5327; x_wconf 90' lang='lat' dir='ltr'>non</span> <span class='ocrx_word' id='word_1_517' title='bbox 1687 5273 1922 5337; x_wconf 86' lang='lat' dir='ltr'>dicitur.</span> <span class='ocrx_word' id='word_1_518' title='bbox 1975 5277 2079 5331; x_wconf 87' lang='lat' dir='ltr'>sed</span> 
     </span>
    </p>
   </div>
   <div class='ocr_carea' id='block_1_73' title="bbox 433 5349 2079 5435">
    <p class='ocr_par' dir='ltr' id='par_1_73' title="bbox 433 5349 2079 5435">
     <span class='ocr_line' id='line_1_73' title="bbox 433 5349 2079 5435; baseline 0.01 -31"><span class='ocrx_word' id='word_1_519' title='bbox 433 5349 506 5405; x_wconf 91' lang='lat' dir='ltr'>de</span> <span class='ocrx_word' id='word_1_520' title='bbox 539 5350 771 5407; x_wconf 87' lang='lat' dir='ltr'>duabus</span> <span class='ocrx_word' id='word_1_521' title='bbox 800 5361 901 5408; x_wconf 85' lang='lat' dir='ltr'>aut</span> <span class='ocrx_word' id='word_1_522' title='bbox 926 5355 1215 5425; x_wconf 90' lang='lat' dir='ltr'>pluribus.</span> <span class='ocrx_word' id='word_1_523' title='bbox 1279 5359 1583 5423; x_wconf 90' lang='lat' dir='ltr'>Quomodo</span> <span class='ocrx_word' id='word_1_524' title='bbox 1615 5378 1751 5435; x_wconf 71' lang='lat' dir='ltr'>ergo</span> <span class='ocrx_word' id='word_1_525' title='bbox 1805 5370 1866 5419; x_wconf 89' lang='lat' dir='ltr'>tu</span> <span class='ocrx_word' id='word_1_526' title='bbox 1920 5366 2079 5421; x_wconf 84' lang='lat' dir='ltr'>nuda</span> 
     </span>
    </p>
   </div>
   <div class='ocr_carea' id='block_1_74' title="bbox 433 5437 2075 5522">
    <p class='ocr_par' dir='ltr' id='par_1_74' title="bbox 433 5437 2075 5522">
     <span class='ocr_line' id='line_1_74' title="bbox 433 5437 2075 5522; baseline 0.01 -30"><span class='ocrx_word' id='word_1_527' title='bbox 433 5437 585 5493; x_wconf 89' lang='lat' dir='ltr'>dicis</span> <span class='ocrx_word' id='word_1_528' title='bbox 616 5456 744 5494; x_wconf 88' lang='lat' dir='ltr'>esse</span> <span class='ocrx_word' id='word_1_529' title='bbox 776 5444 1020 5498; x_wconf 88' lang='lat' dir='ltr'>nomina</span> <span class='ocrx_word' id='word_1_530' title='bbox 1052 5445 1242 5501; x_wconf 89' lang='lat' dir='ltr'>Patris</span> <span class='ocrx_word' id='word_1_531' title='bbox 1264 5447 1473 5502; x_wconf 91' lang='lat' dir='ltr'>etFilii</span> <span class='ocrx_word' id='word_1_532' title='bbox 1515 5466 1581 5504; x_wconf 86' lang='lat' dir='ltr'>ac</span> <span class='ocrx_word' id='word_1_533' title='bbox 1604 5450 1857 5522; x_wconf 86' lang='lat' dir='ltr'>Spiritus</span> <span class='ocrx_word' id='word_1_534' title='bbox 1889 5455 2075 5509; x_wconf 86' lang='lat' dir='ltr'>sancti</span> 
     </span>
    </p>
   </div>
   <div class='ocr_carea' id='block_1_75' title="bbox 434 5529 2076 5606">
    <p class='ocr_par' dir='ltr' id='par_1_75' title="bbox 434 5529 2076 5606">
     <span class='ocr_line' id='line_1_75' title="bbox 434 5529 2076 5606; baseline 0.012 -26"><span class='ocrx_word' id='word_1_535' title='bbox 434 5543 566 5597; x_wconf 62' lang='lat' dir='ltr'>quae</span> <span class='ocrx_word' id='word_1_536' title='bbox 598 5529 672 5584; x_wconf 90' lang='lat' dir='ltr'>de</span> <span class='ocrx_word' id='word_1_537' title='bbox 701 5546 820 5585; x_wconf 89' lang='lat' dir='ltr'>una</span> <span class='ocrx_word' id='word_1_538' title='bbox 846 5531 1128 5589; x_wconf 89' lang='lat' dir='ltr'>dicuntur</span> <span class='ocrx_word' id='word_1_539' title='bbox 1157 5552 1411 5606; x_wconf 89' lang='lat' dir='ltr'>persona</span> <span class='ocrx_word' id='word_1_540' title='bbox 1431 5538 1458 5592; x_wconf 75' lang='lat'>‘?</span> <span class='ocrx_word' id='word_1_541' title='bbox 1478 5538 1621 5595; x_wconf 90' lang='lat' dir='ltr'>Vide</span> <span class='ocrx_word' id='word_1_542' title='bbox 1652 5558 1887 5597; x_wconf 88' lang='lat' dir='ltr'>rursum</span> <span class='ocrx_word' id='word_1_543' title='bbox 1915 5543 2076 5598; x_wconf 90' lang='lat' dir='ltr'>feriri</span> 
     </span>
    </p>
   </div>
   <div class='ocr_carea' id='block_1_76' title="bbox 431 5614 2079 5694">
    <p class='ocr_par' dir='ltr' id='par_1_76' title="bbox 431 5614 2079 5694">
     <span class='ocr_line' id='line_1_76' title="bbox 431 5614 2079 5694; baseline 0.012 -25"><span class='ocrx_word' id='word_1_544' title='bbox 431 5614 661 5670; x_wconf 81' lang='lat' dir='ltr'>Arium.</span> <span class='ocrx_word' id='word_1_545' title='bbox 685 5621 828 5676; x_wconf 73' lang='lat' dir='ltr'>Nam</span> <span class='ocrx_word' id='word_1_546' title='bbox 852 5626 1177 5694; x_wconf 79' lang='lat' dir='ltr'>poterimus</span> <span class='ocrx_word' id='word_1_547' title='bbox 1209 5625 1318 5694; x_wconf 87' lang='lat' dir='ltr'>ipsi</span> <span class='ocrx_word' id='word_1_548' title='bbox 1343 5626 1539 5682; x_wconf 81' lang='lat' dir='ltr'>dicere</span> <span class='ocrx_word' id='word_1_549' title='bbox 1567 5645 1578 5682; x_wconf 90' lang='lat'><strong>:</strong></span> <span class='ocrx_word' id='word_1_550' title='bbox 1608 5629 1756 5693; x_wconf 87' lang='lat' dir='ltr'>Quid</span> <span class='ocrx_word' id='word_1_551' title='bbox 1783 5631 1893 5685; x_wconf 89' lang='lat' dir='ltr'>sibi</span> <span class='ocrx_word' id='word_1_552' title='bbox 1954 5633 2079 5687; x_wconf 84' lang='lat' dir='ltr'>vult</span> 
     </span>
    </p>
   </div>
   <div class='ocr_carea' id='block_1_77' title="bbox 2185 1879 3811 1961">
    <p class='ocr_par' dir='ltr' id='par_1_77' title="bbox 2185 1879 3811 1961">
     <span class='ocr_line' id='line_1_77' title="bbox 2185 1879 3811 1961; baseline -0.006 -19"><span class='ocrx_word' id='word_1_553' title='bbox 2185 1883 2653 1961; x_wconf 73' lang='grc' dir='ltr'>ταπεινοφροσύνῃ</span> <span class='ocrx_word' id='word_1_554' title='bbox 2708 1881 2863 1939; x_wconf 79' lang='grc' dir='ltr'>οὐδὲν</span> <span class='ocrx_word' id='word_1_555' title='bbox 2922 1885 3061 1957; x_wconf 74' lang='grc' dir='ltr'>ὒμᾶς</span> <span class='ocrx_word' id='word_1_556' title='bbox 3121 1880 3375 1959; x_wconf 78' lang='grc' dir='ltr'>βλάπτει,</span> <span class='ocrx_word' id='word_1_557' title='bbox 3433 1879 3567 1936; x_wconf 74' lang='grc' dir='ltr'>οὐδὲ</span> <span class='ocrx_word' id='word_1_558' title='bbox 3624 1884 3811 1951; x_wconf 81' lang='grc' dir='ltr'>ζημιοῖ,</span> 
     </span>
    </p>
   </div>
   <div class='ocr_carea' id='block_1_78' title="bbox 2186 1967 3811 2050">
    <p class='ocr_par' dir='ltr' id='par_1_78' title="bbox 2186 1967 3811 2050">
     <span class='ocr_line' id='line_1_78' title="bbox 2186 1967 3811 2050; baseline -0.008 -16"><span class='ocrx_word' id='word_1_559' title='bbox 2186 1975 2314 2034; x_wconf 76' lang='grc' dir='ltr'>οὐδὲ</span> <span class='ocrx_word' id='word_1_560' title='bbox 2349 1971 2700 2046; x_wconf 78' lang='grc' dir='ltr'>καταϐιϐάζει</span> <span class='ocrx_word' id='word_1_561' title='bbox 2731 1979 2830 2029; x_wconf 87' lang='grc' dir='ltr'>τοῦ</span> <span class='ocrx_word' id='word_1_562' title='bbox 2859 1975 3155 2050; x_wconf 85' lang='grc' dir='ltr'>προσόντος</span> <span class='ocrx_word' id='word_1_563' title='bbox 3185 1971 3379 2046; x_wconf 76' lang='grc' dir='ltr'>ὕψους,</span> <span class='ocrx_word' id='word_1_564' title='bbox 3412 1968 3568 2027; x_wconf 83' lang='grc' dir='ltr'>ἀλλὰ</span> <span class='ocrx_word' id='word_1_565' title='bbox 3625 1967 3811 2043; x_wconf 73' lang='grc' dir='ltr'>μᾶλλον</span> 
     </span>
    </p>
   </div>
   <div class='ocr_carea' id='block_1_79' title="bbox 2185 2056 3813 2140">
    <p class='ocr_par' dir='ltr' id='par_1_79' title="bbox 2185 2056 3813 2140">
     <span class='ocr_line' id='line_1_79' title="bbox 2185 2056 3813 2140; baseline -0.006 -19"><span class='ocrx_word' id='word_1_566' title='bbox 2185 2064 2459 2136; x_wconf 77' lang='grc' dir='ltr'>ἀπόδειξις</span> <span class='ocrx_word' id='word_1_567' title='bbox 2485 2065 2620 2135; x_wconf 81' lang='grc' dir='ltr'>αὐτή</span> <span class='ocrx_word' id='word_1_568' title='bbox 2647 2065 2890 2140; x_wconf 73' lang='grc' dir='ltr'>γίνεται;</span> <span class='ocrx_word' id='word_1_569' title='bbox 2940 2063 3044 2120; x_wconf 89' lang='grc' dir='ltr'>Τὸν</span> <span class='ocrx_word' id='word_1_570' title='bbox 3110 2062 3363 2137; x_wconf 85' lang='grc' dir='ltr'>Χριστὸν,</span> <span class='ocrx_word' id='word_1_571' title='bbox 3415 2059 3609 2140; x_wconf 72' lang='grc' dir='ltr'>φησὶν,</span> <span class='ocrx_word' id='word_1_572' title='bbox 3653 2056 3813 2126; x_wconf 66' lang='grc' dir='ltr'>ἐννοή-</span> 
     </span>
    </p>
   </div>
   <div class='ocr_carea' id='block_1_80' title="bbox 2186 2145 3816 2231">
    <p class='ocr_par' dir='ltr' id='par_1_80' title="bbox 2186 2145 3816 2231">
     <span class='ocr_line' id='line_1_80' title="bbox 2186 2145 3816 2231; baseline -0.007 -19"><span class='ocrx_word' id='word_1_573' title='bbox 2186 2171 2333 2213; x_wconf 83' lang='grc' dir='ltr'>σατε.</span> <span class='ocrx_word' id='word_1_574' title='bbox 2364 2155 2622 2214; x_wconf 77' lang='grc' dir='ltr'>Μάλιστα</span> <span class='ocrx_word' id='word_1_575' title='bbox 2650 2154 2753 2231; x_wconf 78' lang='grc' dir='ltr'>γὰρ</span> <span class='ocrx_word' id='word_1_576' title='bbox 2811 2152 2865 2209; x_wconf 76' lang='grc' dir='ltr'>ἐν</span> <span class='ocrx_word' id='word_1_577' title='bbox 2924 2153 3103 2225; x_wconf 78' lang='grc' dir='ltr'>τούτῳ</span> <span class='ocrx_word' id='word_1_578' title='bbox 3163 2149 3441 2207; x_wconf 72' lang='grc' dir='ltr'>δείκνυται</span> <span class='ocrx_word' id='word_1_579' title='bbox 3499 2148 3649 2229; x_wconf 67' lang='grc' dir='ltr'>φύσει</span> <span class='ocrx_word' id='word_1_580' title='bbox 3707 2145 3816 2206; x_wconf 79' lang='grc' dir='ltr'>Θεὸς</span> 
     </span>
    </p>
   </div>
   <div class='ocr_carea' id='block_1_81' title="bbox 2186 2236 3818 2319">
    <p class='ocr_par' dir='ltr' id='par_1_81' title="bbox 2186 2236 3818 2319">
     <span class='ocr_line' id='line_1_81' title="bbox 2186 2236 3818 2319; baseline -0.007 -17"><span class='ocrx_word' id='word_1_581' title='bbox 2186 2248 2349 2313; x_wconf 80' lang='grc' dir='ltr'>εἶναι,</span> <span class='ocrx_word' id='word_1_582' title='bbox 2382 2243 2434 2300; x_wconf 81' lang='grc' dir='ltr'>ἐν</span> <span class='ocrx_word' id='word_1_583' title='bbox 2464 2245 2547 2317; x_wconf 79' lang='grc' dir='ltr'>τῷ</span> <span class='ocrx_word' id='word_1_584' title='bbox 2576 2244 2976 2312; x_wconf 80' lang='grc' dir='ltr'>ταπεινωθῆναι</span> <span class='ocrx_word' id='word_1_585' title='bbox 3005 2240 3094 2296; x_wconf 79' lang='grc' dir='ltr'>καὶ</span> <span class='ocrx_word' id='word_1_586' title='bbox 3128 2239 3352 2319; x_wconf 73' lang='grc' dir='ltr'>φορέσαι</span> <span class='ocrx_word' id='word_1_587' title='bbox 3391 2239 3490 2294; x_wconf 85' lang='grc' dir='ltr'>τὸν</span> <span class='ocrx_word' id='word_1_588' title='bbox 3543 2236 3818 2312; x_wconf 72' lang='grc' dir='ltr'>ἄνθρωπον.</span> 
     </span>
    </p>
   </div>
   <div class='ocr_carea' id='block_1_82' title="bbox 2186 2323 3819 2409">
    <p class='ocr_par' dir='ltr' id='par_1_82' title="bbox 2186 2323 3819 2409">
     <span class='ocr_line' id='line_1_82' title="bbox 2186 2323 3819 2409; baseline -0.008 -18"><span class='ocrx_word' id='word_1_589' title='bbox 2186 2332 2338 2404; x_wconf 84' lang='grc' dir='ltr'>ᾝδει</span> <span class='ocrx_word' id='word_1_590' title='bbox 2394 2335 2497 2409; x_wconf 82' lang='grc' dir='ltr'>γὰρ</span> <span class='ocrx_word' id='word_1_591' title='bbox 2556 2334 2632 2396; x_wconf 83' lang='grc' dir='ltr'>ὡς</span> <span class='ocrx_word' id='word_1_592' title='bbox 2692 2331 2752 2388; x_wconf 81' lang='grc' dir='ltr'>ἐκ</span> <span class='ocrx_word' id='word_1_593' title='bbox 2800 2332 3004 2402; x_wconf 80' lang='grc' dir='ltr'>ταύτης</span> <span class='ocrx_word' id='word_1_594' title='bbox 3060 2337 3161 2399; x_wconf 78' lang='grc' dir='ltr'>τῆς</span> <span class='ocrx_word' id='word_1_595' title='bbox 3230 2329 3634 2396; x_wconf 84' lang='grc' dir='ltr'>ταπεινώσεως,</span> <span class='ocrx_word' id='word_1_596' title='bbox 3689 2323 3819 2381; x_wconf 73' lang='grc' dir='ltr'>οὐδὲν</span> 
     </span>
    </p>
   </div>
   <div class='ocr_carea' id='block_1_83' title="bbox 2188 2416 3821 2498">
    <p class='ocr_par' dir='ltr' id='par_1_83' title="bbox 2188 2416 3821 2498">
     <span class='ocr_line' id='line_1_83' title="bbox 2188 2416 3821 2498; baseline -0.007 -18"><span class='ocrx_word' id='word_1_597' title='bbox 2188 2426 2606 2498; x_wconf 70' lang='grc' dir='ltr'>ζημιωθήσεται</span> <span class='ocrx_word' id='word_1_598' title='bbox 2642 2426 2742 2478; x_wconf 88' lang='grc' dir='ltr'>τοῦ</span> <span class='ocrx_word' id='word_1_599' title='bbox 2770 2421 3074 2491; x_wconf 77' lang='grc' dir='ltr'>προσόντος</span> <span class='ocrx_word' id='word_1_600' title='bbox 3135 2418 3281 2492; x_wconf 82' lang='grc' dir='ltr'>αὖτῷ</span> <span class='ocrx_word' id='word_1_601' title='bbox 3339 2418 3483 2474; x_wconf 78' lang='grc' dir='ltr'>κατὰ</span> <span class='ocrx_word' id='word_1_602' title='bbox 3543 2416 3691 2494; x_wconf 70' lang='grc' dir='ltr'>φύσιν</span> <span class='ocrx_word' id='word_1_603' title='bbox 3739 2421 3821 2481; x_wconf 74' lang='grc' dir='ltr'>τῆς</span> 
     </span>
    </p>
   </div>
   <div class='ocr_carea' id='block_1_84' title="bbox 2185 2500 3817 2587">
    <p class='ocr_par' dir='ltr' id='par_1_84' title="bbox 2185 2500 3817 2587">
     <span class='ocr_line' id='line_1_84' title="bbox 2185 2500 3817 2587; baseline -0.007 -18"><span class='ocrx_word' id='word_1_604' title='bbox 2185 2515 2442 2585; x_wconf 85' lang='grc' dir='ltr'>θεότητος</span> <span class='ocrx_word' id='word_1_605' title='bbox 2467 2514 2658 2587; x_wconf 81' lang='grc' dir='ltr'>ὕψους.</span> <span class='ocrx_word' id='word_1_606' title='bbox 2693 2510 2760 2567; x_wconf 70' lang='grc' dir='ltr'>Εἴ</span> <span class='ocrx_word' id='word_1_607' title='bbox 2790 2507 2850 2565; x_wconf 68' lang='grc' dir='ltr'>δὲ</span> <span class='ocrx_word' id='word_1_608' title='bbox 2914 2511 3117 2581; x_wconf 82' lang='grc' dir='ltr'>ταύτην</span> <span class='ocrx_word' id='word_1_609' title='bbox 3159 2508 3455 2578; x_wconf 77' lang='grc' dir='ltr'>ἐπίκτητον</span> <span class='ocrx_word' id='word_1_610' title='bbox 3509 2509 3675 2581; x_wconf 75' lang='grc' dir='ltr'>εἶχεν,</span> <span class='ocrx_word' id='word_1_611' title='bbox 3715 2500 3817 2558; x_wconf 77' lang='grc' dir='ltr'>ἔδε-</span> 
     </span>
    </p>
   </div>
   <div class='ocr_carea' id='block_1_85' title="bbox 2185 2595 3814 2671">
    <p class='ocr_par' dir='ltr' id='par_1_85' title="bbox 2185 2595 3814 2671">
     <span class='ocr_line' id='line_1_85' title="bbox 2185 2595 3814 2671; baseline -0.008 -13"><span class='ocrx_word' id='word_1_612' title='bbox 2185 2601 2357 2659; x_wconf 80' lang='grc' dir='ltr'>δοίκει</span> <span class='ocrx_word' id='word_1_613' title='bbox 2407 2602 2467 2659; x_wconf 75' lang='grc' dir='ltr'>ἂν</span> <span class='ocrx_word' id='word_1_614' title='bbox 2532 2600 2720 2657; x_wconf 75' lang='grc' dir='ltr'>ἑαυτὸν</span> <span class='ocrx_word' id='word_1_615' title='bbox 2776 2603 3130 2667; x_wconf 76' lang='grc' dir='ltr'>ταπεινῶσαι,</span> <span class='ocrx_word' id='word_1_616' title='bbox 3192 2597 3280 2652; x_wconf 83' lang='grc' dir='ltr'>’ἱνα</span> <span class='ocrx_word' id='word_1_617' title='bbox 3341 2599 3417 2671; x_wconf 79' lang='grc' dir='ltr'>μὴ</span> <span class='ocrx_word' id='word_1_618' title='bbox 3487 2596 3676 2668; x_wconf 75' lang='grc' dir='ltr'>ἐκπέσῃ</span> <span class='ocrx_word' id='word_1_619' title='bbox 3737 2595 3814 2647; x_wconf 76' lang='grc' dir='ltr'>τοῦ</span> 
     </span>
    </p>
   </div>
   <div class='ocr_carea' id='block_1_86' title="bbox 2189 2681 3812 2766">
    <p class='ocr_par' dir='ltr' id='par_1_86' title="bbox 2189 2681 3812 2766">
     <span class='ocr_line' id='line_1_86' title="bbox 2189 2681 3812 2766; baseline -0.008 -19"><span class='ocrx_word' id='word_1_620' title='bbox 2189 2691 2353 2766; x_wconf 82' lang='grc' dir='ltr'>μόλις</span> <span class='ocrx_word' id='word_1_621' title='bbox 2382 2691 2529 2763; x_wconf 77' lang='grc' dir='ltr'>αὐτῷ</span> <span class='ocrx_word' id='word_1_622' title='bbox 2561 2691 2943 2759; x_wconf 77' lang='grc' dir='ltr'>ἐπικτηθὲντος</span> <span class='ocrx_word' id='word_1_623' title='bbox 3000 2687 3329 2762; x_wconf 73' lang='grc' dir='ltr'>ἀξιώματος.</span> <span class='ocrx_word' id='word_1_624' title='bbox 3389 2682 3695 2754; x_wconf 78' lang='grc' dir='ltr'>Ἀπόδειξις</span> <span class='ocrx_word' id='word_1_625' title='bbox 3737 2681 3812 2736; x_wconf 73' lang='grc' dir='ltr'>οὖν</span> 
     </span>
    </p>
   </div>
   <div class='ocr_carea' id='block_1_87' title="bbox 2186 2771 3813 2856">
    <p class='ocr_par' dir='ltr' id='par_1_87' title="bbox 2186 2771 3813 2856">
     <span class='ocr_line' id='line_1_87' title="bbox 2186 2771 3813 2856; baseline -0.008 -18"><span class='ocrx_word' id='word_1_626' title='bbox 2186 2785 2219 2851; x_wconf 74' lang='grc' dir='ltr'>ἡ</span> <span class='ocrx_word' id='word_1_627' title='bbox 2253 2780 2605 2851; x_wconf 85' lang='grc' dir='ltr'>ταπείνωσις,</span> <span class='ocrx_word' id='word_1_628' title='bbox 2644 2783 2742 2835; x_wconf 88' lang='grc' dir='ltr'>τοῦ</span> <span class='ocrx_word' id='word_1_629' title='bbox 2770 2779 2906 2834; x_wconf 83' lang='grc' dir='ltr'>κατὰ</span> <span class='ocrx_word' id='word_1_630' title='bbox 2936 2778 3092 2856; x_wconf 76' lang='grc' dir='ltr'>φύσιν</span> <span class='ocrx_word' id='word_1_631' title='bbox 3127 2776 3294 2851; x_wconf 80' lang='grc' dir='ltr'>ὕψους</span> <span class='ocrx_word' id='word_1_632' title='bbox 3346 2774 3529 2831; x_wconf 82' lang='grc' dir='ltr'>αὐτοῦ</span> <span class='ocrx_word' id='word_1_633' title='bbox 3576 2780 3671 2843; x_wconf 76' lang='grc' dir='ltr'>τῆς</span> <span class='ocrx_word' id='word_1_634' title='bbox 3715 2771 3813 2826; x_wconf 77' lang='grc' dir='ltr'>θεό-</span> 
     </span>
    </p>
   </div>
   <div class='ocr_carea' id='block_1_88' title="bbox 2183 2863 3813 2942">
    <p class='ocr_par' dir='ltr' id='par_1_88' title="bbox 2183 2863 3813 2942">
     <span class='ocr_line' id='line_1_88' title="bbox 2183 2863 3813 2942; baseline -0.009 -15"><span class='ocrx_word' id='word_1_635' title='bbox 2183 2892 2371 2941; x_wconf 81' lang='grc' dir='ltr'>τητος.</span> <span class='ocrx_word' id='word_1_636' title='bbox 2406 2869 2471 2927; x_wconf 73' lang='grc' dir='ltr'>Εἴ</span> <span class='ocrx_word' id='word_1_637' title='bbox 2520 2890 2604 2930; x_wconf 87' lang='grc' dir='ltr'>τις</span> <span class='ocrx_word' id='word_1_638' title='bbox 2668 2870 2763 2924; x_wconf 83' lang='grc' dir='ltr'>οὗν</span> <span class='ocrx_word' id='word_1_639' title='bbox 2823 2865 3035 2942; x_wconf 78' lang='grc' dir='ltr'>ὑψηλὸς</span> <span class='ocrx_word' id='word_1_640' title='bbox 3092 2868 3211 2923; x_wconf 80' lang='grc' dir='ltr'>κατ’</span> <span class='ocrx_word' id='word_1_641' title='bbox 3262 2866 3466 2939; x_wconf 68' lang='grc' dir='ltr'>ἀρετὴν</span> <span class='ocrx_word' id='word_1_642' title='bbox 3529 2863 3618 2919; x_wconf 81' lang='grc' dir='ltr'>καὶ</span> <span class='ocrx_word' id='word_1_643' title='bbox 3674 2863 3813 2934; x_wconf 70' lang='grc' dir='ltr'>μέγας</span> 
     </span>
    </p>
   </div>
   <div class='ocr_carea' id='block_1_89' title="bbox 2184 2948 3809 3040">
    <p class='ocr_par' dir='ltr' id='par_1_89' title="bbox 2184 2948 3809 3040">
     <span class='ocr_line' id='line_1_89' title="bbox 2184 2948 3809 3040; baseline -0.005 -24"><span class='ocrx_word' id='word_1_644' title='bbox 2184 2961 2388 3040; x_wconf 75' lang='grc' dir='ltr'>ἒφίεται</span> <span class='ocrx_word' id='word_1_645' title='bbox 2452 2960 2610 3027; x_wconf 83' lang='grc' dir='ltr'>εἶναι,</span> <span class='ocrx_word' id='word_1_646' title='bbox 2701 2961 3221 3033; x_wconf 75' lang='grc' dir='ltr'>ταπεινοφρονεῖτω,</span> <span class='ocrx_word' id='word_1_647' title='bbox 3271 2957 3306 3024; x_wconf 80' lang='grc' dir='ltr'>ἡ</span> <span class='ocrx_word' id='word_1_648' title='bbox 3366 2955 3480 3029; x_wconf 68' lang='grc' dir='ltr'>γὰρ</span> <span class='ocrx_word' id='word_1_649' title='bbox 3528 2948 3809 3009; x_wconf 74' lang='grc' dir='ltr'>ταπείνωσίς</span> 
     </span>
    </p>
   </div>
   <div class='ocr_carea' id='block_1_90' title="bbox 2184 3043 3810 3120">
    <p class='ocr_par' dir='ltr' id='par_1_90' title="bbox 2184 3043 3810 3120">
     <span class='ocr_line' id='line_1_90' title="bbox 2184 3043 3810 3120; baseline -0.004 -15"><span class='ocrx_word' id='word_1_650' title='bbox 2184 3048 2323 3105; x_wconf 76' lang='grc' dir='ltr'>ἐστιν</span> <span class='ocrx_word' id='word_1_651' title='bbox 2387 3051 2423 3119; x_wconf 78' lang='grc' dir='ltr'>ἡ</span> <span class='ocrx_word' id='word_1_652' title='bbox 2481 3046 2798 3103; x_wconf 66' lang='grc' dir='ltr'>δεικνύουσα</span> <span class='ocrx_word' id='word_1_653' title='bbox 2852 3046 2943 3100; x_wconf 78' lang='grc' dir='ltr'>καὶ</span> <span class='ocrx_word' id='word_1_654' title='bbox 3006 3048 3354 3120; x_wconf 84' lang='grc' dir='ltr'>μαρτυροῦσα</span> <span class='ocrx_word' id='word_1_655' title='bbox 3422 3044 3491 3099; x_wconf 82' lang='grc' dir='ltr'>τὸ</span> <span class='ocrx_word' id='word_1_656' title='bbox 3551 3043 3679 3115; x_wconf 76' lang='grc' dir='ltr'>ὕψος</span> <span class='ocrx_word' id='word_1_657' title='bbox 3729 3045 3810 3107; x_wconf 76' lang='grc' dir='ltr'>τῆς</span> 
     </span>
    </p>
   </div>
   <div class='ocr_carea' id='block_1_91' title="bbox 2186 3129 3812 3214">
    <p class='ocr_par' dir='ltr' id='par_1_91' title="bbox 2186 3129 3812 3214">
     <span class='ocr_line' id='line_1_91' title="bbox 2186 3129 3812 3214; baseline -0.006 -20"><span class='ocrx_word' id='word_1_658' title='bbox 2186 3140 2399 3214; x_wconf 76' lang='grc' dir='ltr'>ἀριτῆς.</span> <span class='ocrx_word' id='word_1_659' title='bbox 2433 3137 2724 3210; x_wconf 82' lang='grc' dir='ltr'>Μιμείσθω</span> <span class='ocrx_word' id='word_1_660' title='bbox 2764 3133 2855 3190; x_wconf 75' lang='grc' dir='ltr'>τόν</span> <span class='ocrx_word' id='word_1_661' title='bbox 2913 3134 3167 3209; x_wconf 78' lang='grc' dir='ltr'>Χριστὸν,</span> <span class='ocrx_word' id='word_1_662' title='bbox 3222 3131 3377 3188; x_wconf 71' lang='grc' dir='ltr'>σῦδέν</span> <span class='ocrx_word' id='word_1_663' title='bbox 3438 3129 3689 3188; x_wconf 79' lang='grc' dir='ltr'>ἀπολέσει</span> <span class='ocrx_word' id='word_1_664' title='bbox 3733 3148 3812 3183; x_wconf 81' lang='grc' dir='ltr'>τα-</span> 
     </span>
    </p>
   </div>
   <div class='ocr_carea' id='block_1_92' title="bbox 2185 3218 3815 3301">
    <p class='ocr_par' dir='ltr' id='par_1_92' title="bbox 2185 3218 3815 3301">
     <span class='ocr_line' id='line_1_92' title="bbox 2185 3218 3815 3301; baseline -0.009 -18"><span class='ocrx_word' id='word_1_665' title='bbox 2185 3227 2561 3301; x_wconf 78' lang='grc' dir='ltr'>πεινούμενος,</span> <span class='ocrx_word' id='word_1_666' title='bbox 2595 3223 2810 3299; x_wconf 83' lang='grc' dir='ltr'>μᾶλλον</span> <span class='ocrx_word' id='word_1_667' title='bbox 2844 3221 2903 3278; x_wconf 70' lang='grc' dir='ltr'>δὲ</span> <span class='ocrx_word' id='word_1_668' title='bbox 2963 3221 3178 3300; x_wconf 79' lang='grc' dir='ltr'>μεγάλα</span> <span class='ocrx_word' id='word_1_669' title='bbox 3235 3219 3508 3297; x_wconf 77' lang='grc' dir='ltr'>κερδανεῖ.</span> <span class='ocrx_word' id='word_1_670' title='bbox 3567 3223 3626 3279; x_wconf 85' lang='grc' dir='ltr'><strong>Ὀ</strong></span> <span class='ocrx_word' id='word_1_671' title='bbox 3679 3218 3815 3285; x_wconf 72' lang='grc' dir='ltr'>πένης</span> 
     </span>
    </p>
   </div>
   <div class='ocr_carea' id='block_1_93' title="bbox 2184 3305 3812 3390">
    <p class='ocr_par' dir='ltr' id='par_1_93' title="bbox 2184 3305 3812 3390">
     <span class='ocr_line' id='line_1_93' title="bbox 2184 3305 3812 3390; baseline -0.007 -19"><span class='ocrx_word' id='word_1_672' title='bbox 2184 3319 2284 3387; x_wconf 80' lang='grc' dir='ltr'>τήν</span> <span class='ocrx_word' id='word_1_673' title='bbox 2307 3316 2525 3390; x_wconf 74' lang='grc' dir='ltr'>ἀρετήν,</span> <span class='ocrx_word' id='word_1_674' title='bbox 2557 3313 2619 3368; x_wconf 80' lang='grc' dir='ltr'>οὐ</span> <span class='ocrx_word' id='word_1_675' title='bbox 2666 3310 2886 3368; x_wconf 75' lang='grc' dir='ltr'>δύναται</span> <span class='ocrx_word' id='word_1_676' title='bbox 2954 3317 3377 3380; x_wconf 78' lang='grc' dir='ltr'>ταπεινωθῆναι·</span> <span class='ocrx_word' id='word_1_677' title='bbox 3445 3305 3685 3388; x_wconf 72' lang='grc' dir='ltr'>φοϐεῖται</span> <span class='ocrx_word' id='word_1_678' title='bbox 3730 3305 3812 3382; x_wconf 69' lang='grc' dir='ltr'>γὰρ</span> 
     </span>
    </p>
   </div>
   <div class='ocr_carea' id='block_1_94' title="bbox 2189 3395 3813 3478">
    <p class='ocr_par' dir='ltr' id='par_1_94' title="bbox 2189 3395 3813 3478">
     <span class='ocr_line' id='line_1_94' title="bbox 2189 3395 3813 3478; baseline -0.009 -18"><span class='ocrx_word' id='word_1_679' title='bbox 2189 3407 2268 3478; x_wconf 80' lang='grc' dir='ltr'>μή</span> <span class='ocrx_word' id='word_1_680' title='bbox 2302 3402 2502 3477; x_wconf 79' lang='grc' dir='ltr'>ἐκπέσῃ</span> <span class='ocrx_word' id='word_1_681' title='bbox 2559 3405 2655 3457; x_wconf 88' lang='grc' dir='ltr'>τοῦ</span> <span class='ocrx_word' id='word_1_682' title='bbox 2713 3400 3052 3456; x_wconf 72' lang='grc' dir='ltr'>ἐπιπλάστου</span> <span class='ocrx_word' id='word_1_683' title='bbox 3109 3399 3199 3455; x_wconf 80' lang='grc' dir='ltr'>καὶ</span> <span class='ocrx_word' id='word_1_684' title='bbox 3255 3395 3813 3474; x_wconf 72' lang='grc' dir='ltr'>κατεσχηματισμένου</span> 
     </span>
    </p>
   </div>
   <div class='ocr_carea' id='block_1_95' title="bbox 2188 3485 3813 3566">
    <p class='ocr_par' dir='ltr' id='par_1_95' title="bbox 2188 3485 3813 3566">
     <span class='ocr_line' id='line_1_95' title="bbox 2188 3485 3813 3566; baseline -0.009 -18"><span class='ocrx_word' id='word_1_685' title='bbox 2188 3493 2381 3566; x_wconf 79' lang='grc' dir='ltr'>ὕψους.</span> <span class='ocrx_word' id='word_1_686' title='bbox 2412 3492 2475 3549; x_wconf 86' lang='grc' dir='ltr'><strong>Ὀ</strong></span> <span class='ocrx_word' id='word_1_687' title='bbox 2516 3488 2780 3553; x_wconf 76' lang='grc' dir='ltr'>πλούσιος</span> <span class='ocrx_word' id='word_1_688' title='bbox 2809 3487 2900 3544; x_wconf 87' lang='grc' dir='ltr'>καὶ</span> <span class='ocrx_word' id='word_1_689' title='bbox 2960 3485 3174 3561; x_wconf 72' lang='grc' dir='ltr'>ὑψηλὸς</span> <span class='ocrx_word' id='word_1_690' title='bbox 3224 3489 3323 3557; x_wconf 78' lang='grc' dir='ltr'>τήν</span> <span class='ocrx_word' id='word_1_691' title='bbox 3385 3486 3609 3560; x_wconf 73' lang='grc' dir='ltr'>ἀρετήν,</span> <span class='ocrx_word' id='word_1_692' title='bbox 3662 3501 3813 3537; x_wconf 63' lang='lat'>111:5:-</span> 
     </span>
    </p>
   </div>
   <div class='ocr_carea' id='block_1_96' title="bbox 2186 3570 3809 3652">
    <p class='ocr_par' dir='ltr' id='par_1_96' title="bbox 2186 3570 3809 3652">
     <span class='ocr_line' id='line_1_96' title="bbox 2186 3570 3809 3652; baseline -0.007 -15"><span class='ocrx_word' id='word_1_693' title='bbox 2186 3581 2416 3639; x_wconf 69' lang='grc' dir='ltr'>νοῦσθω.</span> <span class='ocrx_word' id='word_1_694' title='bbox 2451 3582 2540 3638; x_wconf 81' lang='grc' dir='ltr'>Ἐν</span> <span class='ocrx_word' id='word_1_695' title='bbox 2570 3578 2750 3652; x_wconf 81' lang='grc' dir='ltr'>τούτῳ</span> <span class='ocrx_word' id='word_1_696' title='bbox 2797 3576 2903 3652; x_wconf 82' lang='grc' dir='ltr'>γὰρ</span> <span class='ocrx_word' id='word_1_697' title='bbox 2963 3574 3181 3650; x_wconf 83' lang='grc' dir='ltr'>μᾶλλον</span> <span class='ocrx_word' id='word_1_698' title='bbox 3240 3575 3427 3631; x_wconf 72' lang='grc' dir='ltr'>ἑαυτὸν</span> <span class='ocrx_word' id='word_1_699' title='bbox 3492 3572 3712 3629; x_wconf 76' lang='grc' dir='ltr'>δείκνυσι</span> <span class='ocrx_word' id='word_1_700' title='bbox 3751 3570 3809 3630; x_wconf 83' lang='grc' dir='ltr'>ὡς</span> 
     </span>
    </p>
   </div>
   <div class='ocr_carea' id='block_1_97' title="bbox 2185 3658 3808 3744">
    <p class='ocr_par' dir='ltr' id='par_1_97' title="bbox 2185 3658 3808 3744">
     <span class='ocr_line' id='line_1_97' title="bbox 2185 3658 3808 3744; baseline -0.01 -18"><span class='ocrx_word' id='word_1_701' title='bbox 2185 3670 2409 3741; x_wconf 80' lang='grc' dir='ltr'>ἀληθῶς</span> <span class='ocrx_word' id='word_1_702' title='bbox 2442 3666 2679 3744; x_wconf 79' lang='grc' dir='ltr'>ὑψηλὸν,</span> <span class='ocrx_word' id='word_1_703' title='bbox 2735 3666 2819 3723; x_wconf 78' lang='grc' dir='ltr'>ὅτι</span> <span class='ocrx_word' id='word_1_704' title='bbox 2880 3667 2943 3722; x_wconf 84' lang='grc' dir='ltr'>οὐ</span> <span class='ocrx_word' id='word_1_705' title='bbox 3006 3662 3216 3721; x_wconf 84' lang='grc' dir='ltr'>δέδοικε</span> <span class='ocrx_word' id='word_1_706' title='bbox 3266 3670 3687 3731; x_wconf 75' lang='grc' dir='ltr'>ταπεινωθῆναι,</span> <span class='ocrx_word' id='word_1_707' title='bbox 3736 3658 3808 3712; x_wconf 78' lang='grc' dir='ltr'>καὶ</span> 
     </span>
    </p>
   </div>
   <div class='ocr_carea' id='block_1_98' title="bbox 2187 3753 3806 3833">
    <p class='ocr_par' dir='ltr' id='par_1_98' title="bbox 2187 3753 3806 3833">
     <span class='ocr_line' id='line_1_98' title="bbox 2187 3753 3806 3833; baseline -0.007 -20"><span class='ocrx_word' id='word_1_708' title='bbox 2187 3757 2331 3814; x_wconf 69' lang='grc' dir='ltr'>οἶδεν</span> <span class='ocrx_word' id='word_1_709' title='bbox 2364 3758 2446 3813; x_wconf 80' lang='grc' dir='ltr'>ὅτι</span> <span class='ocrx_word' id='word_1_710' title='bbox 2479 3756 2767 3831; x_wconf 78' lang='grc' dir='ltr'>ἤόρασται.</span> <span class='ocrx_word' id='word_1_711' title='bbox 2799 3777 2830 3810; x_wconf 83' lang='grc' dir='ltr'>ιι</span> <span class='ocrx_word' id='word_1_712' title='bbox 2860 3756 2948 3816; x_wconf 74' lang='grc' dir='ltr'>Ὠς</span> <span class='ocrx_word' id='word_1_713' title='bbox 2974 3753 3027 3810; x_wconf 82' lang='grc' dir='ltr'>ἐν</span> <span class='ocrx_word' id='word_1_714' title='bbox 3061 3758 3246 3833; x_wconf 72' lang='grc' dir='ltr'>μορφῇ</span> <span class='ocrx_word' id='word_1_715' title='bbox 3304 3756 3437 3809; x_wconf 85' lang='grc' dir='ltr'>Θεοῦ</span> <span class='ocrx_word' id='word_1_716' title='bbox 3492 3753 3759 3826; x_wconf 73' lang='grc' dir='ltr'>ὑπάρχων.</span> <span class='ocrx_word' id='word_1_717' title='bbox 3785 3771 3806 3795; x_wconf 72' lang='grc' dir='ltr'>υ</span> 
     </span>
    </p>
   </div>
   <div class='ocr_carea' id='block_1_99' title="bbox 2184 3835 3805 3926">
    <p class='ocr_par' dir='ltr' id='par_1_99' title="bbox 2184 3835 3805 3926">
     <span class='ocr_line' id='line_1_99' title="bbox 2184 3835 3805 3926; baseline -0.008 -21"><span class='ocrx_word' id='word_1_718' title='bbox 2184 3850 2325 3926; x_wconf 76' lang='grc' dir='ltr'>’Ὀρα</span> <span class='ocrx_word' id='word_1_719' title='bbox 2364 3853 2482 3913; x_wconf 80' lang='grc' dir='ltr'>πῶς</span> <span class='ocrx_word' id='word_1_720' title='bbox 2512 3846 2572 3903; x_wconf 74' lang='grc' dir='ltr'>ἐκ</span> <span class='ocrx_word' id='word_1_721' title='bbox 2598 3850 2706 3902; x_wconf 82' lang='grc' dir='ltr'>τῶν</span> <span class='ocrx_word' id='word_1_722' title='bbox 2740 3843 2944 3922; x_wconf 81' lang='grc' dir='ltr'>ὀλίγων</span> <span class='ocrx_word' id='word_1_723' title='bbox 2974 3844 3181 3900; x_wconf 70' lang='grc' dir='ltr'>τούτων</span> <span class='ocrx_word' id='word_1_724' title='bbox 3216 3844 3481 3919; x_wconf 76' lang='grc' dir='ltr'>ῥημάτων</span> <span class='ocrx_word' id='word_1_725' title='bbox 3510 3846 3607 3897; x_wconf 84' lang='grc' dir='ltr'>τοῦ</span> <span class='ocrx_word' id='word_1_726' title='bbox 3660 3835 3805 3896; x_wconf 77' lang='grc' dir='ltr'>Ι]νεῦ-</span> 
     </span>
    </p>
   </div>
   <div class='ocr_carea' id='block_1_100' title="bbox 2190 3929 3808 4014">
    <p class='ocr_par' dir='ltr' id='par_1_100' title="bbox 2190 3929 3808 4014">
     <span class='ocr_line' id='line_1_100' title="bbox 2190 3929 3808 4014; baseline -0.008 -20"><span class='ocrx_word' id='word_1_727' title='bbox 2190 3960 2380 4014; x_wconf 82' lang='grc' dir='ltr'>ματος,</span> <span class='ocrx_word' id='word_1_728' title='bbox 2413 3943 2580 3993; x_wconf 85' lang='grc' dir='ltr'>πᾶσαι</span> <span class='ocrx_word' id='word_1_729' title='bbox 2627 3934 2987 3992; x_wconf 79' lang='grc' dir='ltr'>καταλύονται</span> <span class='ocrx_word' id='word_1_730' title='bbox 3043 3938 3097 3990; x_wconf 74' lang='grc' dir='ltr'>αἱ</span> <span class='ocrx_word' id='word_1_731' title='bbox 3153 3932 3407 4007; x_wconf 73' lang='grc' dir='ltr'>αἱρέσεις.</span> <span class='ocrx_word' id='word_1_732' title='bbox 3470 3937 3686 4006; x_wconf 80' lang='grc' dir='ltr'>Πρῶτον</span> <span class='ocrx_word' id='word_1_733' title='bbox 3734 3929 3808 4001; x_wconf 81' lang='grc' dir='ltr'>μὶν</span> 
     </span>
    </p>
   </div>
   <div class='ocr_carea' id='block_1_101' title="bbox 2189 4015 3810 4105">
    <p class='ocr_par' dir='ltr' id='par_1_101' title="bbox 2189 4015 3810 4105">
     <span class='ocr_line' id='line_1_101' title="bbox 2189 4015 3810 4105; baseline -0.008 -22"><span class='ocrx_word' id='word_1_734' title='bbox 2189 4030 2315 4105; x_wconf 74' lang='grc' dir='ltr'>γὰρ,</span> <span class='ocrx_word' id='word_1_735' title='bbox 2345 4026 2632 4103; x_wconf 71' lang='grc' dir='ltr'>Ὑπᾶρχων</span> <span class='ocrx_word' id='word_1_736' title='bbox 2666 4025 2856 4095; x_wconf 74' lang='grc' dir='ltr'>εἰπὼν,</span> <span class='ocrx_word' id='word_1_737' title='bbox 2903 4025 2966 4081; x_wconf 82' lang='grc' dir='ltr'>τὸ</span> <span class='ocrx_word' id='word_1_738' title='bbox 3025 4019 3290 4078; x_wconf 77' lang='grc' dir='ltr'>συναΐδιον</span> <span class='ocrx_word' id='word_1_739' title='bbox 3338 4026 3421 4094; x_wconf 76' lang='grc' dir='ltr'>τῷ</span> <span class='ocrx_word' id='word_1_740' title='bbox 3470 4019 3633 4095; x_wconf 78' lang='grc' dir='ltr'>Πατρὶ</span> <span class='ocrx_word' id='word_1_741' title='bbox 3675 4015 3810 4084; x_wconf 66' lang='grc' dir='ltr'>δεδή-</span> 
     </span>
    </p>
   </div>
   <div class='ocr_carea' id='block_1_102' title="bbox 2188 4106 3809 4204">
    <p class='ocr_par' dir='ltr' id='par_1_102' title="bbox 2188 4106 3809 4204">
     <span class='ocr_line' id='line_1_102' title="bbox 2188 4106 3809 4204; baseline -0.007 -34"><span class='ocrx_word' id='word_1_742' title='bbox 2188 4114 2354 4182; x_wconf 81' lang='grc' dir='ltr'>λωκε,</span> <span class='ocrx_word' id='word_1_743' title='bbox 2387 4115 2476 4169; x_wconf 86' lang='grc' dir='ltr'>καὶ</span> <span class='ocrx_word' id='word_1_744' title='bbox 2507 4110 2919 4184; x_wconf 72' lang='grc' dir='ltr'>καταϐέϐληκεν</span> <span class='ocrx_word' id='word_1_745' title='bbox 2947 4115 3186 4186; x_wconf 67' lang='grc' dir='ltr'>Ἱρειον,</span> <span class='ocrx_word' id='word_1_746' title='bbox 3240 4112 3355 4167; x_wconf 71' lang='grc' dir='ltr'>εἶτα</span> <span class='ocrx_word' id='word_1_747' title='bbox 3412 4111 3504 4164; x_wconf 81' lang='grc' dir='ltr'>καὶ</span> <span class='ocrx_word' id='word_1_748' title='bbox 3548 4106 3809 4204; x_wconf 62' lang='grc' dir='ltr'>Μαρκίωνα</span> 
     </span>
    </p>
   </div>
   <div class='ocr_carea' id='block_1_103' title="bbox 2185 4200 3807 4277">
    <p class='ocr_par' dir='ltr' id='par_1_103' title="bbox 2185 4200 3807 4277">
     <span class='ocr_line' id='line_1_103' title="bbox 2185 4200 3807 4277; baseline -0.006 -18"><span class='ocrx_word' id='word_1_749' title='bbox 2185 4206 2275 4259; x_wconf 77' lang='grc' dir='ltr'>τὸν</span> <span class='ocrx_word' id='word_1_750' title='bbox 2313 4204 2594 4260; x_wconf 81' lang='grc' dir='ltr'>Ποντικόν.</span> <span class='ocrx_word' id='word_1_751' title='bbox 2627 4202 2691 4259; x_wconf 73' lang='lat' dir='ltr'>Et</span> <span class='ocrx_word' id='word_1_752' title='bbox 2719 4202 2824 4277; x_wconf 80' lang='grc' dir='ltr'>γὰρ</span> <span class='ocrx_word' id='word_1_753' title='bbox 2883 4203 2950 4272; x_wconf 77' lang='grc' dir='ltr'>ἦν</span> <span class='ocrx_word' id='word_1_754' title='bbox 3010 4200 3062 4255; x_wconf 82' lang='grc' dir='ltr'>ἐν</span> <span class='ocrx_word' id='word_1_755' title='bbox 3126 4203 3312 4276; x_wconf 74' lang='grc' dir='ltr'>μορφῇ</span> <span class='ocrx_word' id='word_1_756' title='bbox 3379 4203 3537 4266; x_wconf 81' lang='grc' dir='ltr'>Θεοῦ,</span> <span class='ocrx_word' id='word_1_757' title='bbox 3595 4201 3702 4257; x_wconf 77' lang='grc' dir='ltr'>πῶς</span> <span class='ocrx_word' id='word_1_758' title='bbox 3759 4200 3807 4245; x_wconf 72' lang='grc' dir='ltr'>σὺ</span> 
     </span>
    </p>
   </div>
   <div class='ocr_carea' id='block_1_104' title="bbox 2188 4286 3807 4368">
    <p class='ocr_par' dir='ltr' id='par_1_104' title="bbox 2188 4286 3807 4368">
     <span class='ocr_line' id='line_1_104' title="bbox 2188 4286 3807 4368; baseline -0.009 -18"><span class='ocrx_word' id='word_1_759' title='bbox 2188 4293 2363 4368; x_wconf 75' lang='grc' dir='ltr'>λέγεις</span> <span class='ocrx_word' id='word_1_760' title='bbox 2396 4295 2480 4349; x_wconf 79' lang='grc' dir='ltr'>ὅτι</span> <span class='ocrx_word' id='word_1_761' title='bbox 2511 4293 2620 4349; x_wconf 81' lang='grc' dir='ltr'>ἀπὸ</span> <span class='ocrx_word' id='word_1_762' title='bbox 2651 4294 2869 4368; x_wconf 82' lang='grc' dir='ltr'>Μαρίας</span> <span class='ocrx_word' id='word_1_763' title='bbox 2892 4290 3094 4367; x_wconf 77' lang='grc' dir='ltr'>ἤρξατο</span> <span class='ocrx_word' id='word_1_764' title='bbox 3123 4310 3138 4359; x_wconf 86' lang='lat'><strong>;</strong></span> <span class='ocrx_word' id='word_1_765' title='bbox 3166 4290 3274 4346; x_wconf 80' lang='grc' dir='ltr'>Σὺν</span> <span class='ocrx_word' id='word_1_766' title='bbox 3328 4289 3513 4362; x_wconf 84' lang='grc' dir='ltr'>τούτῳ</span> <span class='ocrx_word' id='word_1_767' title='bbox 3561 4286 3647 4344; x_wconf 83' lang='grc' dir='ltr'>καὶ</span> <span class='ocrx_word' id='word_1_768' title='bbox 3689 4286 3807 4340; x_wconf 78' lang='grc' dir='ltr'>Παῦ-</span> 
     </span>
    </p>
   </div>
   <div class='ocr_carea' id='block_1_105' title="bbox 2187 4374 3804 4473">
    <p class='ocr_par' dir='ltr' id='par_1_105' title="bbox 2187 4374 3804 4473">
     <span class='ocr_line' id='line_1_105' title="bbox 2187 4374 3804 4473; baseline -0.006 -32"><span class='ocrx_word' id='word_1_769' title='bbox 2187 4384 2284 4447; x_wconf 82' lang='grc' dir='ltr'>λος</span> <span class='ocrx_word' id='word_1_770' title='bbox 2317 4387 2344 4438; x_wconf 85' lang='grc' dir='ltr'>ὁ</span> <span class='ocrx_word' id='word_1_771' title='bbox 2389 4383 2736 4458; x_wconf 79' lang='grc' dir='ltr'>Σαμοςατεὺς</span> <span class='ocrx_word' id='word_1_772' title='bbox 2790 4383 3141 4448; x_wconf 80' lang='grc' dir='ltr'>καταλύεται,</span> <span class='ocrx_word' id='word_1_773' title='bbox 3200 4380 3258 4444; x_wconf 80' lang='grc' dir='ltr'>ὅς</span> <span class='ocrx_word' id='word_1_774' title='bbox 3324 4375 3427 4459; x_wconf 78' lang='grc' dir='ltr'>ἔφη</span> <span class='ocrx_word' id='word_1_775' title='bbox 3490 4379 3647 4456; x_wconf 76' lang='grc' dir='ltr'>ψιλὸν</span> 
     </span>
    </p>
   </div>
   <div class='ocr_carea' id='block_1_106' title="bbox 2187 4463 3800 4550">
    <p class='ocr_par' dir='ltr' id='par_1_106' title="bbox 2187 4463 3800 4550">
     <span class='ocr_line' id='line_1_106' title="bbox 2187 4463 3800 4550; baseline -0.002 -21"><span class='ocrx_word' id='word_1_776' title='bbox 2187 4475 2277 4533; x_wconf 80' lang='grc' dir='ltr'>τὸν</span> <span class='ocrx_word' id='word_1_777' title='bbox 2308 4474 2509 4550; x_wconf 66' lang='grc' dir='ltr'>Κύριον</span> <span class='ocrx_word' id='word_1_778' title='bbox 2560 4473 2870 4550; x_wconf 76' lang='grc' dir='ltr'>ἄνθρωπον,</span> <span class='ocrx_word' id='word_1_779' title='bbox 2922 4472 3307 4547; x_wconf 75' lang='grc' dir='ltr'>ἑνεργούμενον</span> <span class='ocrx_word' id='word_1_780' title='bbox 3367 4472 3475 4526; x_wconf 82' lang='grc' dir='ltr'>ὑπὸ</span> <span class='ocrx_word' id='word_1_781' title='bbox 3529 4471 3674 4525; x_wconf 81' lang='grc' dir='ltr'>Θεοῦ.</span> <span class='ocrx_word' id='word_1_782' title='bbox 3724 4463 3800 4519; x_wconf 72' lang='grc' dir='ltr'>Κα*</span> 
     </span>
    </p>
   </div>
   <div class='ocr_carea' id='block_1_107' title="bbox 2190 4552 3802 4656">
    <p class='ocr_par' dir='ltr' id='par_1_107' title="bbox 2190 4552 3802 4656">
     <span class='ocr_line' id='line_1_107' title="bbox 2190 4552 3802 4656; baseline -0.009 -38"><span class='ocrx_word' id='word_1_783' title='bbox 2190 4565 2293 4639; x_wconf 71' lang='grc' dir='ltr'>γὰρ</span> <span class='ocrx_word' id='word_1_784' title='bbox 2342 4563 2591 4636; x_wconf 71' lang='grc' dir='ltr'>εἴποιμεν</span> <span class='ocrx_word' id='word_1_785' title='bbox 2652 4562 2787 4635; x_wconf 83' lang='grc' dir='ltr'>πρὸς</span> <span class='ocrx_word' id='word_1_786' title='bbox 2849 4560 3027 4616; x_wconf 78' lang='grc' dir='ltr'>αὐτόν.</span> <span class='ocrx_word' id='word_1_787' title='bbox 3067 4562 3270 4635; x_wconf 71' lang='grc' dir='ltr'>’Ὠσπερ</span> <span class='ocrx_word' id='word_1_788' title='bbox 3372 4560 3556 4634; x_wconf 69' lang='grc' dir='ltr'>μορφή</span> <span class='ocrx_word' id='word_1_789' title='bbox 3614 4552 3802 4656; x_wconf 63' lang='grc' dir='ltr'>δούλουΣ</span> 
     </span>
    </p>
   </div>
   <div class='ocr_carea' id='block_1_108' title="bbox 2193 4645 3800 4728">
    <p class='ocr_par' dir='ltr' id='par_1_108' title="bbox 2193 4645 3800 4728">
     <span class='ocr_line' id='line_1_108' title="bbox 2193 4645 3800 4728; baseline -0.009 -21"><span class='ocrx_word' id='word_1_790' title='bbox 2193 4654 2350 4728; x_wconf 66' lang='grc' dir='ltr'>φύσις</span> <span class='ocrx_word' id='word_1_791' title='bbox 2406 4650 2631 4721; x_wconf 70' lang='grc' dir='ltr'>δούλου,</span> <span class='ocrx_word' id='word_1_792' title='bbox 2694 4650 2820 4707; x_wconf 87' lang='grc' dir='ltr'>ἀλλ’</span> <span class='ocrx_word' id='word_1_793' title='bbox 2878 4649 2978 4706; x_wconf 80' lang='grc' dir='ltr'>οὐκ</span> <span class='ocrx_word' id='word_1_794' title='bbox 3070 4648 3307 4723; x_wconf 60' lang='grc' dir='ltr'>ἐνέργειά</span> <span class='ocrx_word' id='word_1_795' title='bbox 3362 4651 3499 4717; x_wconf 59' lang='grc' dir='ltr'>ἔστι,</span> <span class='ocrx_word' id='word_1_796' title='bbox 3556 4645 3685 4700; x_wconf 83' lang='grc' dir='ltr'>οὕτω</span> <span class='ocrx_word' id='word_1_797' title='bbox 3733 4645 3800 4693; x_wconf 73' lang='grc' dir='ltr'><strong>καί</strong></span> 
     </span>
    </p>
   </div>
   <div class='ocr_carea' id='block_1_109' title="bbox 2195 4729 3797 4831">
    <p class='ocr_par' dir='ltr' id='par_1_109' title="bbox 2195 4729 3797 4831">
     <span class='ocr_line' id='line_1_109' title="bbox 2195 4729 3797 4831; baseline -0.02 -18"><span class='ocrx_word' id='word_1_798' title='bbox 2195 4742 2378 4818; x_wconf 74' lang='grc' dir='ltr'>μορφή</span> <span class='ocrx_word' id='word_1_799' title='bbox 2438 4745 2571 4796; x_wconf 70' lang='grc' dir='ltr'>Θεοῦ</span> <span class='ocrx_word' id='word_1_800' title='bbox 2629 4742 2785 4817; x_wconf 67' lang='grc' dir='ltr'>φύσις</span> <span class='ocrx_word' id='word_1_801' title='bbox 2848 4743 3004 4811; x_wconf 78' lang='grc' dir='ltr'>Θεοῦ,</span> <span class='ocrx_word' id='word_1_802' title='bbox 3046 4736 3173 4793; x_wconf 82' lang='grc' dir='ltr'>ἀλλ’</span> <span class='ocrx_word' id='word_1_803' title='bbox 3255 4735 3354 4791; x_wconf 67' lang='grc' dir='ltr'>οὒκ</span> <span class='ocrx_word' id='word_1_804' title='bbox 3404 4734 3633 4811; x_wconf 73' lang='grc' dir='ltr'>ἐνέργειᾶ</span> <span class='ocrx_word' id='word_1_805' title='bbox 3692 4729 3797 4831; x_wconf 61' lang='grc' dir='ltr'>ἐσσι.</span> 
     </span>
    </p>
   </div>
   <div class='ocr_carea' id='block_1_110' title="bbox 2191 4824 3798 4907">
    <p class='ocr_par' dir='ltr' id='par_1_110' title="bbox 2191 4824 3798 4907">
     <span class='ocr_line' id='line_1_110' title="bbox 2191 4824 3798 4907; baseline -0.021 -4"><span class='ocrx_word' id='word_1_806' title='bbox 2191 4831 2292 4888; x_wconf 59' lang='grc' dir='ltr'>Καὶ</span> <span class='ocrx_word' id='word_1_807' title='bbox 2325 4832 2615 4905; x_wconf 79' lang='grc' dir='ltr'>Νεστόριος</span> <span class='ocrx_word' id='word_1_808' title='bbox 2656 4831 2724 4885; x_wconf 71' lang='grc' dir='ltr'>τὰ</span> <span class='ocrx_word' id='word_1_809' title='bbox 2754 4829 2889 4886; x_wconf 82' lang='grc' dir='ltr'>αὖτὰ</span> <span class='ocrx_word' id='word_1_810' title='bbox 2942 4833 3177 4907; x_wconf 77' lang='grc' dir='ltr'>φρονῶν,</span> <span class='ocrx_word' id='word_1_811' title='bbox 3234 4825 3667 4900; x_wconf 73' lang='grc' dir='ltr'>συγκαταλύεται.</span> <span class='ocrx_word' id='word_1_812' title='bbox 3717 4824 3798 4872; x_wconf 62' lang='lat' dir='ltr'>Eur</span> 
     </span>
    </p>
   </div>
   <div class='ocr_carea' id='block_1_111' title="bbox 2188 4912 3801 4993">
    <p class='ocr_par' dir='ltr' id='par_1_111' title="bbox 2188 4912 3801 4993">
     <span class='ocr_line' id='line_1_111' title="bbox 2188 4912 3801 4993; baseline -0.003 -19"><span class='ocrx_word' id='word_1_813' title='bbox 2188 4921 2405 4983; x_wconf 74' lang='grc' dir='ltr'>τούτοις</span> <span class='ocrx_word' id='word_1_814' title='bbox 2436 4921 2525 4975; x_wconf 79' lang='grc' dir='ltr'>καὶ</span> <span class='ocrx_word' id='word_1_815' title='bbox 2560 4917 2890 4993; x_wconf 70' lang='grc' dir='ltr'>Μάρκελλος</span> <span class='ocrx_word' id='word_1_816' title='bbox 2919 4920 2947 4973; x_wconf 88' lang='grc' dir='ltr'>ὁ</span> <span class='ocrx_word' id='word_1_817' title='bbox 2979 4917 3252 4988; x_wconf 82' lang='grc' dir='ltr'>Γαλάτης,</span> <span class='ocrx_word' id='word_1_818' title='bbox 3283 4915 3371 4971; x_wconf 83' lang='grc' dir='ltr'>καὶ</span> <span class='ocrx_word' id='word_1_819' title='bbox 3414 4912 3708 4993; x_wconf 68' lang='grc' dir='ltr'>Σωφρόνιος</span> <span class='ocrx_word' id='word_1_820' title='bbox 3732 4926 3801 4960; x_wconf 64' lang='grc' dir='ltr'>καί</span> 
     </span>
    </p>
   </div>
   <div class='ocr_carea' id='block_1_112' title="bbox 2190 4994 3802 5081">
    <p class='ocr_par' dir='ltr' id='par_1_112' title="bbox 2190 4994 3802 5081">
     <span class='ocr_line' id='line_1_112' title="bbox 2190 4994 3802 5081; baseline -0.009 -17"><span class='ocrx_word' id='word_1_821' title='bbox 2190 5010 2468 5071; x_wconf 77' lang='grc' dir='ltr'>Φιυτεινὸς</span> <span class='ocrx_word' id='word_1_822' title='bbox 2527 5009 2929 5078; x_wconf 70' lang='grc' dir='ltr'>ἆνεοράπησαν.</span> <span class='ocrx_word' id='word_1_823' title='bbox 2979 5010 3118 5081; x_wconf 60' lang='grc' dir='ltr'>*Ορα</span> <span class='ocrx_word' id='word_1_824' title='bbox 3163 5004 3219 5061; x_wconf 60' lang='grc' dir='ltr'>δὲ</span> <span class='ocrx_word' id='word_1_825' title='bbox 3263 5006 3354 5060; x_wconf 79' lang='grc' dir='ltr'>καὶ</span> <span class='ocrx_word' id='word_1_826' title='bbox 3411 4999 3698 5059; x_wconf 73' lang='grc' dir='ltr'>Σαὸἐλλιον</span> <span class='ocrx_word' id='word_1_827' title='bbox 3732 4994 3802 5049; x_wconf 75' lang='grc' dir='ltr'>πί·</span> 
     </span>
    </p>
   </div>
   <div class='ocr_carea' id='block_1_113' title="bbox 2187 5082 3803 5173">
    <p class='ocr_par' dir='ltr' id='par_1_113' title="bbox 2187 5082 3803 5173">
     <span class='ocr_line' id='line_1_113' title="bbox 2187 5082 3803 5173; baseline -0.008 -21"><span class='ocrx_word' id='word_1_828' title='bbox 2187 5119 2409 5153; x_wconf 83' lang='grc' dir='ltr'>πτοντα.</span> <span class='ocrx_word' id='word_1_829' title='bbox 2431 5122 2459 5147; x_wconf 73' lang='grc' dir='ltr'>ιι</span> <span class='ocrx_word' id='word_1_830' title='bbox 2496 5097 2622 5172; x_wconf 82' lang='grc' dir='ltr'>Οὐχ</span> <span class='ocrx_word' id='word_1_831' title='bbox 2642 5098 2956 5171; x_wconf 79' lang='grc' dir='ltr'>ἁρπαγμὸν,</span> <span class='ocrx_word' id='word_1_832' title='bbox 2989 5095 3178 5173; x_wconf 70' lang='grc' dir='ltr'>ιρησὶν,</span> <span class='ocrx_word' id='word_1_833' title='bbox 3209 5096 3452 5170; x_wconf 69' lang='grc' dir='ltr'>ἡγήσατο</span> <span class='ocrx_word' id='word_1_834' title='bbox 3483 5092 3544 5148; x_wconf 89' lang='grc' dir='ltr'>τὸ</span> <span class='ocrx_word' id='word_1_835' title='bbox 3572 5091 3697 5145; x_wconf 76' lang='grc' dir='ltr'>εἶναι</span> 
     </span>
    </p>
   </div>
   <div class='ocr_carea' id='block_1_114' title="bbox 2188 5169 3789 5261">
    <p class='ocr_par' dir='ltr' id='par_1_114' title="bbox 2188 5169 3789 5261">
     <span class='ocr_line' id='line_1_114' title="bbox 2188 5169 3789 5261; baseline -0.005 -21"><span class='ocrx_word' id='word_1_836' title='bbox 2188 5191 2326 5257; x_wconf 78' lang='grc' dir='ltr'>Θεῷ.</span> <span class='ocrx_word' id='word_1_837' title='bbox 2355 5209 2382 5237; x_wconf 85' lang='grc'><strong>››</strong></span> <span class='ocrx_word' id='word_1_838' title='bbox 2415 5187 2557 5241; x_wconf 81' lang='grc' dir='ltr'>Ἴσον</span> <span class='ocrx_word' id='word_1_839' title='bbox 2584 5169 2717 5261; x_wconf 14' lang='grc' dir='ltr'>ήνᾶρ,</span> <span class='ocrx_word' id='word_1_840' title='bbox 2752 5169 2839 5240; x_wconf 77' lang='grc' dir='ltr'>ἐπὶ</span> <span class='ocrx_word' id='word_1_841' title='bbox 2881 5169 3011 5245; x_wconf 26' lang='grc' dir='ltr'>ἑνὸς-</span> <span class='ocrx_word' id='word_1_842' title='bbox 3041 5183 3102 5237; x_wconf 83' lang='grc' dir='ltr'>οὐ</span> <span class='ocrx_word' id='word_1_843' title='bbox 3132 5169 3354 5259; x_wconf 79' lang='grc' dir='ltr'>λέγεται</span> <span class='ocrx_word' id='word_1_844' title='bbox 3381 5180 3681 5256; x_wconf 80' lang='grc' dir='ltr'>προσώπου,</span> <span class='ocrx_word' id='word_1_845' title='bbox 3702 5169 3789 5227; x_wconf 75' lang='grc' dir='ltr'>ἀλλ</span> 
     </span>
    </p>
   </div>
   <div class='ocr_carea' id='block_1_115' title="bbox 2191 5266 3799 5365">
    <p class='ocr_par' dir='ltr' id='par_1_115' title="bbox 2191 5266 3799 5365">
     <span class='ocr_line' id='line_1_115' title="bbox 2191 5266 3799 5365; baseline -0.009 -33"><span class='ocrx_word' id='word_1_846' title='bbox 2191 5277 2277 5332; x_wconf 76' lang='grc' dir='ltr'>ἰπὶ</span> <span class='ocrx_word' id='word_1_847' title='bbox 2311 5273 2407 5331; x_wconf 64' lang='grc' dir='ltr'>δύο</span> <span class='ocrx_word' id='word_1_848' title='bbox 2438 5276 2529 5330; x_wconf 89' lang='grc' dir='ltr'>καὶ</span> <span class='ocrx_word' id='word_1_849' title='bbox 2560 5273 2854 5330; x_wconf 82' lang='grc' dir='ltr'>πλειόνων.</span> <span class='ocrx_word' id='word_1_850' title='bbox 2887 5278 3009 5335; x_wconf 78' lang='grc' dir='ltr'>Πῶς</span> <span class='ocrx_word' id='word_1_851' title='bbox 3044 5273 3137 5327; x_wconf 87' lang='grc' dir='ltr'>οῦν</span> <span class='ocrx_word' id='word_1_852' title='bbox 3173 5274 3235 5327; x_wconf 78' lang='grc' dir='ltr'>σὺ</span> <span class='ocrx_word' id='word_1_853' title='bbox 3267 5270 3407 5346; x_wconf 76' lang='grc' dir='ltr'>ψιλὰ</span> <span class='ocrx_word' id='word_1_854' title='bbox 3454 5269 3557 5346; x_wconf 54' lang='lat' dir='ltr'>qi]:</span> <span class='ocrx_word' id='word_1_855' title='bbox 3601 5266 3799 5365; x_wconf 46' lang='grc' dir='ltr'>ὀνοματῖῐ</span> 
     </span>
    </p>
   </div>
   <div class='ocr_carea' id='block_1_116' title="bbox 2185 5356 3795 5453">
    <p class='ocr_par' dir='ltr' id='par_1_116' title="bbox 2185 5356 3795 5453">
     <span class='ocr_line' id='line_1_116' title="bbox 2185 5356 3795 5453; baseline -0.003 -33"><span class='ocrx_word' id='word_1_856' title='bbox 2185 5364 2274 5420; x_wconf 73' lang='grc' dir='ltr'>ἐπὶ</span> <span class='ocrx_word' id='word_1_857' title='bbox 2337 5370 2469 5437; x_wconf 87' lang='grc' dir='ltr'>μιᾶς</span> <span class='ocrx_word' id='word_1_858' title='bbox 2546 5363 2890 5426; x_wconf 78' lang='grc' dir='ltr'>ὑποστάσεως</span> <span class='ocrx_word' id='word_1_859' title='bbox 2971 5360 3249 5437; x_wconf 81' lang='grc' dir='ltr'>λεγόμενα</span> <span class='ocrx_word' id='word_1_860' title='bbox 3329 5361 3412 5427; x_wconf 88' lang='grc' dir='ltr'>τὸ,</span> <span class='ocrx_word' id='word_1_861' title='bbox 3466 5356 3679 5431; x_wconf 74' lang='grc' dir='ltr'>Ματρὸς,</span> <span class='ocrx_word' id='word_1_862' title='bbox 3729 5368 3795 5453; x_wconf 53' lang='grc' dir='ltr'>κίκι</span> 
     </span>
    </p>
   </div>
   <div class='ocr_carea' id='block_1_117' title="bbox 2186 5446 3792 5528">
    <p class='ocr_par' dir='ltr' id='par_1_117' title="bbox 2186 5446 3792 5528">
     <span class='ocr_line' id='line_1_117' title="bbox 2186 5446 3792 5528; baseline -0.007 -20"><span class='ocrx_word' id='word_1_863' title='bbox 2186 5456 2340 5526; x_wconf 73' lang='grc' dir='ltr'>Υἶοῦ,</span> <span class='ocrx_word' id='word_1_864' title='bbox 2367 5454 2459 5508; x_wconf 76' lang='grc' dir='ltr'>καὶ</span> <span class='ocrx_word' id='word_1_865' title='bbox 2491 5453 2653 5528; x_wconf 80' lang='grc' dir='ltr'>ἁγίου</span> <span class='ocrx_word' id='word_1_866' title='bbox 2712 5452 3071 5527; x_wconf 78' lang='grc' dir='ltr'>Πνεύματος;</span> <span class='ocrx_word' id='word_1_867' title='bbox 3130 5453 3272 5526; x_wconf 74' lang='grc' dir='ltr'>’Όρα</span> <span class='ocrx_word' id='word_1_868' title='bbox 3328 5448 3388 5505; x_wconf 82' lang='grc' dir='ltr'>ἐκ</span> <span class='ocrx_word' id='word_1_869' title='bbox 3445 5446 3792 5528; x_wconf 37' lang='grc' dir='ltr'>δευτέρου-τον</span> 
     </span>
    </p>
   </div>
   <div class='ocr_carea' id='block_1_118' title="bbox 2186 5523 3788 5625">
    <p class='ocr_par' dir='ltr' id='par_1_118' title="bbox 2186 5523 3788 5625">
     <span class='ocr_line' id='line_1_118' title="bbox 2186 5523 3788 5625; baseline -0.012 -28"><span class='ocrx_word' id='word_1_870' title='bbox 2186 5523 2406 5614; x_wconf 79' lang='grc' dir='ltr'>Ἀρειον</span> <span class='ocrx_word' id='word_1_871' title='bbox 2435 5523 2870 5612; x_wconf 27' lang='grc' dir='ltr'>πληττόμενον..</span> <span class='ocrx_word' id='word_1_872' title='bbox 2904 5538 3174 5625; x_wconf 37' lang='grc' dir='ltr'>Εἳπο-ιμεν</span> <span class='ocrx_word' id='word_1_873' title='bbox 3210 5523 3323 5613; x_wconf 40' lang='grc' dir='ltr'>’γὰρ</span> <span class='ocrx_word' id='word_1_874' title='bbox 3370 5533 3532 5625; x_wconf 67' lang='grc' dir='ltr'>αῦτῷ·</span> <span class='ocrx_word' id='word_1_875' title='bbox 3580 5529 3640 5587; x_wconf 86' lang='grc' dir='ltr'>Τί</span> <span class='ocrx_word' id='word_1_876' title='bbox 3684 5523 3788 5625; x_wconf 40' lang='lat' dir='ltr'>ista</span> 
     </span>
    </p>
   </div>
   <div class='ocr_carea' id='block_1_119' title="bbox 2192 5621 3786 5707">
    <p class='ocr_par' dir='ltr' id='par_1_119' title="bbox 2192 5621 3786 5707">
     <span class='ocr_line' id='line_1_119' title="bbox 2192 5621 3786 5707; baseline -0.002 -24"><span class='ocrx_word' id='word_1_877' title='bbox 2192 5629 2411 5707; x_wconf 68' lang='grc' dir='ltr'>μορφὴν</span> <span class='ocrx_word' id='word_1_878' title='bbox 2442 5625 2643 5685; x_wconf 81' lang='grc' dir='ltr'>δούλου</span> <span class='ocrx_word' id='word_1_879' title='bbox 2671 5624 2902 5697; x_wconf 52' lang='lat' dir='ltr'>glaream;</span> <span class='ocrx_word' id='word_1_880' title='bbox 2952 5622 3205 5697; x_wconf 64' lang='grc' dir='ltr'>Εὔδηλον</span> <span class='ocrx_word' id='word_1_881' title='bbox 3264 5624 3346 5679; x_wconf 81' lang='grc' dir='ltr'>ὅτι</span> <span class='ocrx_word' id='word_1_882' title='bbox 3394 5621 3654 5697; x_wconf 72' lang='grc' dir='ltr'>ἅνθρωπος</span> <span class='ocrx_word' id='word_1_883' title='bbox 3695 5621 3786 5684; x_wconf 58' lang='grc' dir='ltr'>έγέ⁴</span> 
     </span>
    </p>
   </div>
  </div>
