4072 6266
309 383 459 445 1281

1330 371 1747 437 COMMENT.
1795 367 1872 428 IN
1916 366 2170 428 EPIST.
2214 368 2321 429 AD
2367 368 2652 430 PHILIP.

3563 372 3719 431 1282

305 538 447 572 νετο.
482 514 693 573 Οὐκοῦν
723 513 813 569 καὶ
848 512 1066 591 μορφὴν
1098 513 1230 566 Θεοῦ
1255 507 1557 583 λεγόμενος
1600 497 1794 591 ἔχειν(
1821 501 1987 591 Θεὸς⁴

2094 519 2321 560 ormam
2360 505 2510 560 servi
2557 505 2787 576 accepit
2822 507 2851 560 ?
2876 505 3258 562 manifestum
3290 510 3380 560 est
3400 505 3553 562 idem
3586 524 3716 564 esse

307 607 404 675 ἦν.
469 604 594 662 Ἐπῖ
652 604 758 680 γὰρ
802 605 910 656 τῶν
970 588 1088 666 δύο,
1153 599 1336 675 μορφή
1400 601 1597 651 κεῖται.
1681 588 1962 680 Ἀλλᾶγτί

310 697 579 771 ’Ἃρειοςς
643 679 824 757 Οῦτω,
882 688 1069 769 φησὶν,
1130 683 1513 760 ὑποδεέστερός
1573 681 1776 738 ἐστινὸ
1818 679 1965 771 Ῑξίὸς,

315 766 401 840 δτὲ
433 783 540 860 οὐχ
569 782 781 858 ἥρπασε
799 781 861 834 τὸ
892 766 1028 834 εἶναι
1056 776 1167 842 ἴσα,
1224 776 1404 860 φησὶἰ
1431 776 1549 845 Θεῷ
1593 775 1674 842 τῷ
1699 766 1964 860 -μεγάλιρι

316 854 656 948 Ἐκεῖνο-γαρ
703 869 928 944 ἁρπάζει
980 887 1085 933 τις,
1142 865 1173 920 6'
1226 863 1324 920 οὐκ
1378 856 1520 948 ἔχει,
1578 858 1729 932 φησί.
1790 854 1971 941 Ἀλλᾷ

314 962 369 1017 τί
397 946 730 1035 ἡμεῖςήπρὸς
764 957 959 1024 αὖτόν;
1003 958 1224 1031 Πρῶτον
1284 952 1377 1027 μὶν
1437 947 1681 1023 οὐδαμοῦ
1729 948 1785 1001 αἱ
1832 946 1972 1020 Γραει

316 1052 408 1128 φαῖ
447 1053 613 1125 μεγαν
645 1050 781 1123 ἡμῖν
808 1043 846 1116 ἤ
880 1045 1076 1121 μικρὸν
1132 1043 1476 1119 εἰσηγοῦνται
1528 1040 1683 1128 Θεόν,
1741 1038 1972 1128 ’Έπειτα

316 1125 346 1196 ὸ
399 1139 591 1214 μικρὸς
648 1137 786 1193 κατὰ
838 1136 930 1191 τὸν
993 1135 1147 1208 ὑμῶν
1207 1130 1403 1208 λόγον,
1462 1132 1579 1191 πῶς
1635 1126 1723 1214 ἄν-
1756 1125 1972 1214 ἢρπασδ

315 1230 380 1286 τὸ
400 1211 649 1305 ⁷γενέσθαι
680 1226 881 1300 μέγας;
915 1224 993 1282 Οὐ
1038 1224 1155 1299 γὰρ
1212 1219 1450 1291 ἠδύνατο
1500 1220 1596 1274 κᾶν
1651 1211 1967 1305 ἠϐουλήθη.

313 1303 544 1375 ’Ἐπήειτα
588 1316 616 1371 6
668 1312 884 1375 Παῦλος
948 1311 1438 1387 ταπεινοφροσύνης
1494 1308 1751 1381 εἰσήγαγε
1797 1303 1974 1378 παρά-

317 1404 532 1482 δειγμα.
567 1405 681 1462 Οὐκ
712 1404 771 1459 ἅν
805 1401 900 1458 οῦν
930 1403 1104 1472 εἶπεν,
1136 1395 1360 1467 Ἐπειδὴ
1411 1399 1440 1452 6
1492 1396 1688 1471 μικρὸς
1735 1399 1815 1482 τῷ
1872 1412 2005 1466 με.οῆ

319 1478 479 1572 γαλεν
536 1493 637 1549 οὐκ
686 1491 948 1559 ἐπανέστη
1009 1493 1148 1561 Θεῷ,
1198 1487 1449 1566 ἀφείλενε
1532 1478 1975 1572 ὑποκαταϐαίνειν

319 1567 626 1650 ἀλλήλους.
668 1575 851 1633 Ἀλλὰ
894 1573 1069 1646 δείξας
1111 1576 1173 1629 τὸ
1234 1572 1349 1628 ἴσον
1409 1571 1621 1647 Πατρὸς
1677 1569 1766 1624 καί
1822 1567 1972 1635 Υἰοῦ,

323 1669 471 1725 εἶπεν
502 1669 589 1723 ὃτι
643 1666 752 1722 ἀπὸ
804 1661 1305 1741 ταπεινοφροσύνης
1363 1662 1538 1737 σάρκα
1595 1658 1836 1736 ἑφόρεσε.
1897 1657 1976 1713 Τὸ

323 1759 428 1833 γὰρ
464 1758 541 1830 μὴ
590 1753 946 1824 ἐπαναστῆναι
1002 1756 1081 1824 τῷ
1141 1750 1372 1824 μείζονι,
1429 1748 1563 1804 ποία
1615 1765 1977 1823 ταπεινοφροο

323 1845 492 1916 σῦνης
523 1843 830 1905 Ἀσθενείας
881 1839 1095 1916 μᾶλλον
1152 1844 1316 1929 τοῦτο
1373 1837 1589 1929 ἧνῄκαὶ
1650 1833 1971 1909 ἀδυναμίας.
2005 1866 2052 1929 Β

322 1933 506 1992 Ἀλλᾶ
531 1934 595 1988 τὸ
624 1932 716 1987 τὸν
746 1930 863 1987 ἴσον
912 1930 1005 1986 καὶ
1054 1925 1402 2001 ὁμοδύναμον
1460 1921 1658 2001 ἔχοντα
1706 1944 1977 1980 ταπεινω-

323 2025 482 2092 θῆναι
510 2022 601 2078 καὶ
650 2023 931 2096 ἄνθρωπον
990 2020 1253 2096 γενέσθαι.
1313 2019 1491 2074 Τοῦτο
1547 2010 1979 2090 ταπεινοφροσύ-

322 2133 446 2182 νης.
476 2114 615 2186 "Op:
639 2107 697 2164 δὲ
726 2109 894 2179 αὐτὴν
924 2111 1026 2179 τὴν
1061 2102 1283 2181 βίϐλον.
1311 2103 1439 2160 Ὧδε
1467 2104 1572 2180 γὰρ
1602 2104 1678 2166 ὡς
1732 2101 1788 2157 ἐν
1839 2099 1980 2156 αἰνί-

325 2221 495 2278 γματι
534 2201 854 2276 γέγραπται·
915 2222 942 2248 ιι
974 2197 1099 2273 Οὐχ
1152 2195 1438 2272 ἁρπαγμὸν
1489 2195 1757 2270 ἡγήσατο.
1811 2194 1977 2245 Τοῦτ-

329 2292 469 2361 ἇστι,
500 2292 636 2346 κατὰ
666 2289 933 2365 ἁρπαγήν.
970 2311 998 2339 ‹‹
1030 2287 1108 2345 Τὸ
1139 2288 1279 2342 εἶναι
1314 2285 1402 2340 ἴσα
1435 2289 1572 2357 Θεῷ.
1611 2307 1639 2335 ››
1686 2285 1852 2340 Ὅταν
1897 2300 1982 2343 τις

329 2380 544 2455 ἁρπάσῃ
574 2400 650 2447 τι,
685 2374 810 2433 οὐδὲ
841 2375 1132 2432 ἀποθέσθαι
1198 2375 1333 2430 αὐτὸ
1376 2372 1654 2450 βούλεται,
1703 2365 1978 2447 φοϐούμε-

328 2492 422 2535 νος
447 2474 548 2542 τὴν
579 2470 855 2527 ἀπώλειαν
889 2470 1076 2525 αὑτοῦ.
1108 2469 1278 2525 Ὅταν
1338 2465 1392 2523 δέ
1449 2486 1532 2527 τις
1588 2458 1694 2539 ἔχῃ
1754 2460 1979 2540 φυσικὸν

333 2563 425 2619 καὶ
452 2561 620 2632 ἲδιον,
678 2563 921 2638 εὐχερῶς
977 2561 1112 2616 αὐτὸ
1165 2558 1494 2615 ἀποτίθεται.
1554 2552 1685 2613 Οἵδε
1736 2554 1842 2628 γὰρ
1897 2550 1981 2605 ὅτι

336 2652 462 2707 ὅταν
515 2650 671 2726 θέλῃ,
729 2649 896 2706 πάλιν
956 2643 1225 2722 λαμϐάνει
1281 2645 1436 2702 αὐτό.
1495 2643 1559 2701 Τί
1622 2643 1712 2698 οὖν
1771 2657 1979 2719 φησιν;

342 2746 384 2795 Ο
412 2741 539 2802 Υἱὸς
569 2744 668 2795 τοῦ
700 2743 835 2794 Θεοῦ
868 2737 966 2793 οὐκ
1017 2732 1260 2816 ἐφοϐήθη
1315 2729 1620 2803 καταϐῆναι
1674 2735 1771 2786 τοῦ
1819 2728 1983 2799 ἀξιώ-

338 2848 528 2901 ματος.
564 2826 642 2885 Οὐ
671 2828 773 2903 γὰρ
815 2826 1101 2902 ἁρπαγμὸν
1154 2826 1397 2899 ἡγήσατο
1449 2824 1549 2893 τήν
1598 2821 1830 2890 θεότητα
1874 2818 1982 2872 αὐ-

334 2922 457 2987 τοῦ,
488 2915 788 2987 τουτέστιν,
820 2916 883 2971 οὐ
913 2915 1016 2991 γὰρ
1062 2910 1181 2989 ᾔδει
1240 2912 1377 2969 κατᾶ
1418 2912 1670 2986 ἁρπαγήν
1724 2905 1870 2983 ἔχων
1919 2906 1982 2961 τὸ

336 3006 470 3061 εἶναι
520 3004 633 3067 1ί¹σος
685 3009 763 3076 τῷ
822 3005 1015 3080 Ιῐατρὶ,
1077 2999 1224 3058 ἀλλᾶ
1269 3002 1406 3056 κατὰ
1462 2999 1687 3074 φυσικὸν
1747 2995 1980 3067 ἀξίωμά,

284 3128 297 3137 ο
335 3115 491 3173 φησι.
528 3094 627 3149 Διὰ
671 3098 832 3149 τοῦτο
879 3093 1069 3148 ἑαυτὸν
1129 3090 1382 3146 ἐκένωσεν
1441 3087 1575 3163 ἂχρι
1624 3089 1722 3156 τῆς
1780 3082 1984 3173 δούλου

337 3169 560 3261 μορφῆς
616 3183 669 3238 ἐν
715 3181 1030 3255 ὁμοιώματι
1088 3180 1388 3254 ἀνθρώπων
1443 3178 1752 3254 γενόμενος.
1811 3173 1872 3230 Τί
1928 3169 1985 3227 δὲ

331 3271 476 3327 ἐστιν
507 3271 772 3346 ὁμοίωμα
827 3271 1155 3345 ἀνθρώπους
1216 3266 1481 3339 Δηλονότι
1544 3264 1715 3327 ἄλλος
1772 3262 1987 3338 ἅνθρω-

331 3381 456 3423 πος.
493 3362 642 3417 Διατί
675 3358 733 3416 δὲ
771 3362 920 3416 εἶπεν
981 3358 1243 3432 ὁμοίωμα
1301 3356 1628 3431 ἀνθρώπους
1685 3354 1810 3411 ’Ὁτι
1869 3348 1989 3426 εἶχε

335 3470 462 3505 τινα
518 3450 651 3525 ὑπὶρ
707 3448 1015 3524 ἄνθρωπον,
1075 3447 1139 3503 τὸ
1198 3446 1337 3500 εἶναι
1394 3444 1486 3499 καὶ
1545 3442 1696 3509 Θεὸς,
1751 3442 1813 3495 τὸ
1866 3439 1991 3495 ἄνευ

336 3539 620 3601 συνουσίας
647 3544 929 3614 τεχθῆναι.
967 3537 1061 3608 Τὸ,
1096 3537 1357 3610 Σχήματι
1398 3530 1634 3607 εὑρεθεὶς
1665 3530 1740 3591 ὡς
1781 3527 1992 3603 ἄνθρω-

337 3648 466 3699 πος,
497 3628 663 3705 φησὶν
694 3627 747 3682 οἱ
778 3624 1221 3702 Εὖτυχιανισταὶ,
1275 3619 1415 3679 Ἰδοὺ
1466 3621 1566 3676 οὐκ
1606 3623 1672 3689 ἦν
1713 3618 1868 3698 φύσει
1913 3615 1997 3677 ἄν,

342 3729 586 3791 θρωπος.
619 3715 794 3773 Ἀλλὰ
821 3735 995 3793 φαμεν
1026 3718 1186 3769 τοῦτο
1244 3712 1517 3788 εἷρῆσθαι,
1555 3708 1649 3764 ’ίνα
1705 3712 1781 3783 μὴ
1836 3729 1995 3781 νομι-

341 3809 444 3879 σθῇ
498 3805 574 3868 εἷς
628 3804 1023 3880 ἀνθρωπότητα
1078 3802 1434 3879 τετράφθαιὴ
1468 3801 1682 3871 θεότης.
1737 3800 1997 3873 Σχήματι

344 3893 423 3969 δὲ,
456 3894 644 3973 φησὶν,
679 3895 798 3949 οἷον
831 3892 884 3948 ἰν
914 3892 1095 3966 σαρκί.
1131 3890 1338 3965 Σαρκὸς
1359 3890 1460 3965 γὰρ
1494 3887 1656 3958 ἴδιον,
1713 3888 1777 3942 τὸ
1824 3888 1996 3961 ἐσχη-

345 3984 602 4057 ματίσθαι
627 3983 701 4047 ὡς
734 3981 1043 4057 ἄνθρωπος.
1074 3982 1150 4035 Οὐ
1191 3981 1296 4055 γὰρ
1353 3980 1420 4048 ἦν
1464 3980 1545 4039 εἷς
1584 3981 1693 4034 τῶν
1745 3975 1998 4043 πολλῶν,

341 4072 488 4130 ἀλλὰ
516 4073 606 4128 καὶ
632 4068 1077 4147 παρηλλαγμένα
1110 4070 1281 4145 εἶχεν.
1316 4069 1382 4124 Ἥ
1430 4067 1515 4136 τὸ,
1571 4068 1646 4129 ὡς
1695 4063 1999 4141 ἄνθρωπος,

341 4163 430 4216 οἷα
489 4159 775 4233 ἄνθρωπός
836 4178 991 4232 φησι.
1057 4157 1160 4215 Καὶ
1218 4158 1321 4233 γὰρ
1377 4155 1467 4210 καὶ
1538 4154 1665 4228 περὶ
1725 4149 1999 4228 βασιλέως

346 4250 482 4324 μετὰ
511 4246 675 4319 δόξης
702 4246 1066 4322 προελθόντος
1094 4246 1297 4321 φαμὲν,
1319 4242 1578 4315 Ἐξῆλθεν
1604 4243 1679 4305 ὡς
1715 4240 2000 4318 βασιλεῦς.

344 4341 503 4414 Λὲγει
534 4334 591 4392 δὲ
619 4336 709 4391 καὶ
741 4336 770 4391 6
801 4334 1234 4412 Εὐαγγε).ιστής’
1261 4359 1288 4385 ‹‹
1326 4335 1423 4391 Καὶ
1446 4330 1643 4405 ἳδομεν
1689 4333 1792 4402 τήν
1843 4328 2003 4401 δόξαν

346 4429 512 4483 αὑτοῦ
542 4426 616 4489 ὡς
654 4427 993 4501 Μονογενοῦς
1022 4425 1168 4499 παρᾶ
1225 4423 1472 4496 Πατρόςς
1507 4445 1535 4473 ››
1572 4420 1868 4494 τουτέστιν,
1913 4420 2005 4475 οἶα

347 4517 676 4591 Μονογενοῦ.
736 4546 805 4557 —-
858 4514 1066 4588 [ΦΩΤ.]
1140 4513 1198 4569 ⁸0
1251 4512 1357 4588 γὰρ
1412 4511 1648 4586 Χριστὸς
1706 4509 1794 4565 καὶ
1872 4508 2004 4570 Θεὸς

2074 592 2233 662 quod
2262 593 2440 648 homo
2462 594 2650 649 factus
2674 598 2783 647 est.
2804 593 2984 665 Igitur
3004 594 3103 665 qui
3128 599 3186 649 et
3203 594 3583 650 formamDei
3607 596 3714 650 ha-

2074 679 2213 736 bere
2242 681 2568 747 dicebatur,
2604 684 2757 738 Deus
2789 688 2947 738 erat:
2968 699 3106 738 nam
3137 684 3197 738 in
3218 688 3469 754 utroque
3501 683 3718 738 dicitur

2074 768 2287 825 forma.
2334 770 2446 826 Sed
2476 770 2620 842 quid
2663 773 2836 827 Arius
2858 773 3001 839 ?Ita,
3036 772 3249 843 inquit,
3284 772 3481 827 minus
3539 772 3718 828 habet

2076 858 2425 930 Filius,quia
2444 876 2565 915 non
2583 861 2778 933 rapuit
2802 865 2864 915 ut
2885 861 3132 932 aequalis
3154 866 3309 916 esset
3333 861 3450 917 Deo
3471 877 3682 934 magno
3704 876 3719 917 :

2077 946 2227 1002 illud
2259 948 2418 1003 enim
2452 949 2609 1020 rapit
2659 949 2954 1020 quispiam
2988 948 3146 1021 quod
3195 966 3316 1005 non
3376 948 3573 1004 habet.
3610 949 3723 1004 Sed

2077 1035 2220 1106 quid
2241 1053 2353 1092 nos
2373 1037 2463 1092 illi
2482 1038 2604 1093 781
2618 1038 2884 1093 Primum
2905 1039 3149 1109 quidem
3168 1039 3483 1112 Scriptura)
3508 1056 3729 1111 nequa-

2078 1140 2257 1197 quam
2278 1142 2523 1197 parvum
2553 1132 2656 1183 aut
2682 1144 2962 1199 magnum
2996 1129 3289 1185 inducunt
3313 1129 3487 1185 nobis
3512 1131 3718 1187 Deum.

2078 1216 2300 1272 Deinde
2331 1216 2430 1288 qui
2454 1216 2627 1289 juxta
2667 1224 2925 1273 vestrum
2975 1235 3313 1275 sermonem
3366 1237 3580 1292 parvus
3610 1225 3721 1286 est,

2080 1306 2378 1375 quomodo
2401 1307 2700 1378 rapuisset
2727 1312 2791 1361 ut
2823 1324 3071 1380 magnus
3101 1308 3271 1364 ﬁeret
3291 1309 3319 1364 εἰ
3344 1326 3536 1380 neque
3561 1309 3721 1364 enim

2079 1394 2370 1464 potuisset
2397 1396 2575 1450 etiam
2606 1396 2655 1450 si
2687 1395 2988 1452 voluisset.
3020 1397 3109 1451 Ad
3130 1398 3255 1453 hmo
3276 1398 3495 1453 Paulus
3525 1396 3727 1470 dejec-

2083 1483 2265 1538 tionis
2296 1484 2479 1538 animi
2512 1485 2849 1557 exemplum
2879 1486 3131 1541 induxit.
3165 1486 3369 1558 Itaque
3428 1504 3548 1542 non
3582 1487 3733 1542 dixit

2083 1574 2372 1638 Quoniam
2404 1590 2617 1645 parvus
2636 1592 2755 1631 non
2778 1576 3103 1631 insurrexit
3128 1577 3186 1631 in
3218 1594 3497 1650 magnum
3519 1579 3730 1645 Deum,

2085 1661 2312 1718 debetis
2344 1664 2599 1720 invicem
2629 1681 2735 1720 vos
2768 1665 3119 1721 submittere
3152 1684 3165 1722 :
3215 1667 3318 1722 sed
3348 1684 3483 1723 cum
3540 1666 3734 1722 Patris

2084 1757 2141 1807 et
2162 1751 2292 1806 Filii
2318 1752 2675 1808 ostendisset
2692 1754 3271 1824 aqualitatemﬁixit
3291 1756 3448 1827 quod
3471 1755 3733 1811 exanimi

2083 1840 2422 1896 humilitato
2454 1858 2691 1897 carnem
2742 1844 3008 1915 gestavit.
3041 1846 3183 1899 Nam
3207 1843 3268 1899 in
3288 1843 3576 1915 majorem
3608 1860 3730 1899 non

2082 1931 2688 2003 insurgere,quaeuam
2704 1938 2794 1987 est
2814 1932 2993 1988 animi
3017 1933 3733 2006 humilitas‘ﬁmpotentiaa

2083 2019 2279 2090 potius
2294 2018 2587 2074 fuissetac
2624 2019 3055 2076 imbecillitatis
3089 2037 3103 2075 ε
3137 2021 3240 2076 sed
3263 2037 3400 2077 eum
3425 2022 3737 2093 quiaaqua-

2085 2104 2158 2159 lis
2189 2109 2315 2160 erat
2336 2111 2392 2159 et
2412 2122 2579 2177 asque
2603 2106 2997 2177 potens,ultro
3015 2107 3320 2162 humiliari
3343 2114 3402 2162 et
3431 2108 3734 2163 hominem

2086 2195 2235 2262 fieri,
2272 2196 2382 2251 hoc
2412 2196 2667 2252 modesti
2726 2205 2816 2253 est
2846 2198 3053 2253 animi.
3088 2197 3505 2254 Animadverte
3537 2205 3738 2254 autem

2085 2284 2277 2355 ipsam
2308 2284 2443 2339 libri
2479 2286 3007 2357 scripturam.Nam
3040 2287 3136 2342 hic
3157 2286 3392 2342 velutin
3425 2287 3738 2361 aenigmate

2088 2373 2373 2444 scriptum
2393 2378 2483 2428 est
2508 2374 2687 2429 :«Non
2702 2374 2972 2446 rapinam
2992 2375 3313 2431 arbitratus
3330 2381 3439 2443 est,
3464 2376 3606 2431 nhoc
3626 2382 3732 2442 est,

2088 2477 2216 2516 esse
2240 2461 2567 2517 secundum
2592 2462 2880 2534 rapinam.
2918 2486 2946 2511 ‹‹
2980 2465 3050 2518 Ut
3076 2464 3325 2534 aequalis
3345 2470 3501 2520 esset
3530 2465 3669 2520 Deo.
3708 2488 3736 2514 ιι

2088 2551 2191 2607 Ubi
2225 2551 2357 2622 quis
2378 2551 2605 2623 aliquid
2635 2553 3046 2625 rapuerit,non
3078 2554 3203 2608 vult
3231 2554 3379 2609 illud
3412 2554 3734 2626 deponere,

2086 2641 2308 2696 veritus
2333 2658 2407 2697 ne
2442 2642 2553 2698 sibi
2580 2646 2803 2714 pereat.
2838 2645 2913 2698 At
2941 2643 3041 2697 ubi
3074 2645 3206 2714 quis
3227 2643 3496 2699 naturale
3520 2644 3739 2700 habue-

2087 2730 2165 2785 rit
2197 2735 2255 2785 et
2283 2731 2613 2803 pr0prium,
2644 2730 2841 2787 libens
2871 2730 3017 2787 illud
3068 2731 3349 2804 deponit:
3391 2733 3525 2788 novi
3576 2734 3738 2788 enim

2089 2818 2245 2891 quod
2276 2819 2377 2874 ubi
2402 2819 2874 2888 libuerit,rursus
2898 2821 3094 2893 ipsum
3116 2822 3383 2893 accipiet.
3419 2822 3570 2888 Quid
3602 2839 3739 2895 ergo

2089 2908 2219 2963 ait?
2245 2908 2427 2964 Filius
2460 2909 2559 2964 Dei
2593 2926 2714 2964 non
2744 2909 2947 2965 timuit
2979 2926 3014 2966 a
3043 2910 3327 2983 dignitate
3385 2910 3689 2967 discedere
3717 2928 3731 2966 :

2090 3014 2210 3053 non
2261 2998 2419 3053 enim
2474 2999 2745 3071 rapinam
2805 2999 3159 3054 existimavit
3189 3016 3320 3055 esse
3369 3000 3736 3056 divinitatem

2091 3102 2257 3141 suam
2286 3103 2297 3141 :
2332 3088 2443 3142 hoc
2462 3087 2743 3151 est,novit
2765 3087 3058 3159 siquidem
3092 3088 3249 3159 quod
3284 3105 3353 3143 ex
3385 3090 3592 3161 rapina
3613 3105 3736 3144 non

2094 3175 2340 3231 haberet
2379 3182 2445 3231 ut
2474 3182 2630 3231 esset
2657 3176 2905 3247 aequalis
2928 3176 3217 3244 Patri,sed
3241 3177 3498 3232 naturali
3532 3177 3741 3232 divini-

2102 3264 2236 3319 taie.
2276 3264 2637 3335 Propterhoc
2651 3264 2911 3336 seipsum
2927 3266 3271 3321 eximanivit
3290 3283 3479 3337 usque
3497 3267 3571 3322 ad
3587 3267 3739 3322 servi

2096 3350 2351 3407 formam
2383 3353 2443 3409 in
2476 3353 2867 3409 similitudine
2900 3354 3207 3410 hominum
3230 3354 3439 3410 factus.
3474 3355 3624 3420 Quid
3650 3359 3744 3410 est

2102 3445 2300 3496 autem
2333 3442 2662 3497 similitudo
2684 3443 3134 3498 hominis?saue
3160 3443 3313 3499 alius
3344 3444 3747 3510 homo.Quaré

2104 3537 2303 3588 autem
2316 3533 2463 3588 dixit
2483 3533 2937 3589 similitudinem
2959 3534 3218 3590 hominis
3235 3535 3262 3589 ‘I
3275 3535 3421 3600 Quia
3438 3536 3636 3609 aliqua
3648 3537 3752 3593 ha-

2104 3622 2234 3676 buit
2262 3638 2441 3694 super
2460 3622 2787 3687 hominem,
2819 3638 3035 3696 nempe
3076 3623 3234 3695 quod
3258 3626 3409 3681 Deus
3444 3626 3623 3681 etiam
3656 3643 3750 3682 es-

2107 3714 2507 3786 set,quodque
2522 3716 2698 3771 etiam
2725 3715 2851 3771 sine
2874 3716 3287 3771 commistione
3312 3718 3546 3789 genitus
3572 3724 3747 3773 esset.

2109 3804 2186 3858 Ex
2218 3820 2285 3858 eo
2324 3811 2521 3860 autem
2578 3803 2736 3874 quod
2793 3805 3079 3874 sequitur,
3128 3804 3341 3860 Habitu
3377 3806 3654 3862 inventus
3683 3811 3753 3862 ut

2108 3892 2308 3959 homo,
2341 3892 2549 3947 dicunt
2574 3891 3033 3963 Eutychianistm
3060 3909 3073 3946 :
3105 3894 3251 3948 Ecce
3283 3909 3401 3948 non
3456 3900 3584 3949 erat
3641 3912 3753 3951 na-

2110 3987 2242 4037 tura
2272 3982 2471 4036 homo.
2505 3980 2617 4036 Sed
2647 3981 2903 4037 dicimus
2932 3981 3044 4037 hoc
3065 3981 3290 4037 dictum
3322 4000 3451 4039 esse
3484 4001 3561 4040 ne
3608 3985 3754 4039 divi-

2110 4071 2265 4126 nitas
2297 4070 2738 4127 existimaretur
2759 4076 3122 4127 commutata
3152 4088 3284 4128 esse
3315 4072 3376 4128 in
3418 4074 3759 4130 humanita-

2111 4166 2250 4216 tem.
2286 4159 2497 4215 Habitu
2528 4165 2724 4216 autem
2758 4159 2877 4216 sive
2920 4161 3129 4233 ﬁgura,
3162 4161 3273 4217 hoc
3306 4169 3414 4232 est,
3447 4164 3509 4220 in
3557 4182 3758 4221 carne.

2112 4250 2416 4322 Siquidem
2447 4251 2644 4306 carnis
2674 4252 2980 4324 proprium
3030 4258 3121 4309 est
3166 4254 3483 4326 figuratum
3516 4273 3645 4313 esse
3693 4262 3766 4313 ut

2111 4340 2516 4411 homo.Neque
2536 4339 2695 4395 enim
2718 4357 2873 4396 unus
2889 4358 2921 4397 e
2940 4341 3109 4412 vulgo
3124 4348 3269 4409 erat,
3303 4361 3501 4400 verum
3526 4344 3763 4403 diversa

2114 4429 2292 4484 etiam
2323 4428 2557 4485 habeat.
2604 4432 2722 4485 Aut
2748 4435 2814 4485 ut
2842 4430 3040 4499 homo,
3070 4432 3130 4487 id
3162 4438 3270 4501 est,
3302 4439 3505 4506 utpote
3559 4435 3759 4491 homo.

2113 4518 2346 4573 Etenim
2376 4517 2447 4573 de
2478 4534 2612 4590 rege
2644 4535 2879 4589 quoque
2910 4537 3045 4576 cum
3068 4521 3256 4594 gloria
3278 4523 3637 4594 procedente
3670 4523 3759 4579 di-

350 4606 536 4677 ἡμῶν,
569 4603 634 4658 οὐ
661 4603 725 4658 τὸ
753 4602 943 4656 ἑαυτοῦ
975 4600 1296 4672 ἐσκόπησεν,
1329 4597 1472 4655 ἀλκᾶ
1498 4599 1561 4653 τὸ
1597 4594 1808 4653 πάντων
1855 4618 1987 4669 συμ-

2112 4607 2304 4662 cimus
2333 4625 2346 4661 :
2371 4585 3102 4679 Egressusveshtanquanvi
3162 4585 3296 4665 rex:
3322 4611 3418 4665 Ait
3472 4616 3672 4667 autem
3705 4616 3766 4668 et

350 4694 512 4772 φιρον
543 4691 632 4747 καὶ
664 4692 959 4765 σωτήριον.
1005 4689 1106 4745 Διά
1153 4693 1315 4744 τοῦτο
1369 4692 1620 4744 ταπεινοῖ
1674 4687 1861 4742 ἑαυτὸν
1915 4684 2003 4742 διὰ

349 4782 694 4857 σαρκώσεως,
724 4779 814 4835 καὶ
845 4779 975 4853 bibo}.
1022 4780 1224 4841 πάντας
1291 4778 1439 4850 ἡμᾶς
1501 4773 1591 4831 διὰ
1642 4782 1741 4845 τῆς
1799 4775 2004 4838 οἰκείας

348 4872 748 4930 ταπεινώσεως.
780 4870 843 4927 Ὀ
892 4869 985 4923 οὗν
1046 4868 1239 4923 ἑαυτὸν
1294 4870 1582 4935 ταπεινῶν,
1635 4868 1876 4940 Χριστοῦ
1918 4864 2001 4940 γί-

346 4983 493 5018 νεται
554 4961 827 5035 μιμητής.
895 4958 1077 5015 Καίτοι
1134 4957 1293 5019 αὐτὸς
1349 4956 1480 5021 Θεὸς
1546 4953 1619 5010 ὢν
1702 4954 1854 5035 φύσει
1911 4954 2001 5009 καὶ

352 5050 565 5125 ὑψηλύς
593 5050 711 5105 κατ’
740 5048 952 5106 οὐσίαν.
1008 5048 1071 5102 Οἱ
1118 5044 1176 5103 Si
1221 5047 1368 5121 παρὰ
1409 5045 1716 5122 ἀνθρώποις
1772 5042 2001 5117 ὑψηλοὶ,

348 5140 401 5214 ἑξ
434 5142 712 5216 ἁρμαγῆς,
745 5136 806 5193 ἐκ
832 5135 1170 5208 πλεονεξίας,
1193 5136 1633 5210 προσεκτήσαντο
1686 5134 1750 5189 τὸ
1799 5133 1853 5189 ἐν
1904 5132 2003 5187 αὗ-

344 5234 462 5292 τοῖς
520 5227 759 5302 ὑψηλόν.
820 5225 970 5284 Ἐπεὶ
1022 5225 1122 5301 ἥγε
1179 5224 1338 5303 φύσις
1395 5223 1556 5292 κοίνή
1604 5225 1695 5279 καὶ
1761 5221 1852 5294 ἴση
1909 5222 2001 5278 καὶ

348 5317 620 5391 ὁμότιμος
675 5316 976 5390 ἀνθρώπων
1025 5314 1303 5373 ἁπάντων.
1354 5312 1417 5371 Εἰ
1477 5311 1568 5368 οὖν
1597 5314 1624 5368 6
1666 5313 1819 5391 φύσει
1872 5314 2000 5375 Θεὸς

344 5405 435 5460 καὶ
467 5404 619 5480 φύσει
666 5400 881 5476 ὑψηλὸς
936 5400 1287 5457 ἐταπείνωσεν
1345 5400 1531 5456 ἑαυτὸν
1591 5396 1660 5454 δι’
1716 5402 1889 5473 ἡμᾶς,
1947 5401 2000 5455 οἱ

346 5496 503 5550 φύσει
533 5495 802 5567 ὁμότιμοι
831 5491 924 5548 καὶ
975 5490 1184 5566 ὁμοίως
1240 5489 1490 5546 ταπεινοὶ
1548 5490 1650 5545 οὐκ
1704 5488 1999 5568 ἀφείλομεν

420 5650 441 5685 ⁸
470 5651 635 5705 Joan.
674 5666 708 5716 1,
748 5650 835 5704 14.

2115 4695 2487 4768 Evangelista
2509 4711 2558 4750 :«
2584 4695 2849 4751 Vidimus
2869 4696 3116 4768 gloriam
3149 4700 3299 4770 ejus,
3324 4700 3572 4772 gloriam
3594 4700 3768 4772 quasi

2116 4807 2143 4835 α
2180 4784 2474 4857 Unigeniti
2524 4800 2559 4838 a
2587 4786 2759 4839 Patre
2790 4783 2833 4851 ⁸,
2880 4786 2991 4840 hoc
3039 4793 3147 4854 est,
3182 4793 3383 4859 utpote
3445 4790 3763 4862 Unigeniti.

2114 4874 2258 4927 Nam
2278 4873 2432 4927 Deus
2454 4876 2514 4926 et
2542 4872 2809 4928 Christus
2830 4881 3035 4930 noster
3058 4893 3177 4931 non
3200 4877 3272 4933 ad
3304 4877 3363 4932 id
3395 4878 3553 4950 quod
3586 4896 3761 4935 suum

2113 4966 2203 5016 est
2232 4961 2511 5033 respexit,
2536 4961 2637 5018 82
2669 4962 2773 5017 sed
2803 4963 2877 5018 ad
2909 4963 2968 5019 id
2999 4964 3158 5036 quod
3188 4967 3465 5023 omnibus
3494 4969 3639 5024 utile
3672 4974 3763 5024 est

2114 5053 2172 5102 et
2200 5048 2477 5114 salutare,
2538 5056 2851 5121 propterea
2907 5053 3169 5125 seipsum
3222 5054 3498 5111 humiliat
3529 5072 3635 5127 per
3665 5056 3765 5111 iu-

2110 5139 2539 5204 carnationem,
2572 5143 2631 5194 et
2675 5155 2783 5195 nos
2818 5157 3028 5197 omnes
3061 5142 3281 5198 exaltat
3310 5161 3415 5215 per
3446 5160 3614 5200 suam
3646 5145 3756 5200 hu-

2109 5226 2525 5283 miliationem.
2560 5228 2668 5292 Qui
2702 5245 2837 5301 ergo
2874 5231 3139 5301 seipsum
3182 5233 3479 5301 humiliat,
3541 5233 3761 5289 Christi

2109 5318 2177 5371 {lt
2207 5316 2486 5372 imitator.
2530 5318 2705 5388 Atqui
2747 5319 2893 5389 ipse,
2928 5337 3062 5375 cum
3096 5327 3309 5377 natura
3338 5324 3493 5377 Deus
3515 5329 3671 5378 esset
3700 5329 3763 5379 et

2106 5405 2377 5461 excelsus
2417 5421 2523 5477 per
2553 5407 2906 5464 essentiam.
2948 5409 3054 5473 Qui
3088 5416 3285 5465 autem
3337 5411 3493 5466 inter
3549 5428 3765 5467 omnes

2108 5492 2323 5549 excelsi
2359 5498 2516 5564 sunt,
2543 5511 2611 5549 ex
2642 5494 2850 5566 rapina
2882 5503 2939 5551 et
2986 5514 3057 5551 ex
3114 5498 3361 5555 avaritia
3406 5499 3563 5555 nacti
3622 5505 3772 5556 sunt
