4072 6266
409 301 567 363 1283

1532 294 1940 362 (ΕΟΟΜΕΝΙΙ
1982 292 2297 355 ΤΒΙΟΟιΕ
2336 293 2686 357 EPISCOPI

3672 297 3801 355 ιρει

410 436 566 492 inter
597 450 698 490 eos
728 430 1165 489 celsitudinem.
1199 429 1691 502 Quandoquidem
1722 426 2057 486 communis

2169 422 2446 497 ἀλλήλοις
2476 429 2884 496 ταπεινοῦσθαι,
2924 424 3014 480 καὶ
3061 426 3130 480 τὰ
3176 423 3349 481 οἰκεῖα
3405 427 3800 482 συνεπξςταςθαι

408 529 622 579 natura
644 526 734 578 est
761 520 1009 594 aequalis
1038 526 1098 577 et
1159 519 1425 592 ejusdem
1486 517 1729 575 honoris
1786 517 2058 574 omnium

408 612 739 668 hominum.
773 610 831 666 Si
863 626 998 682 ergo
1033 610 1082 664 is
1112 609 1212 680 qui
1235 613 1449 665 natura
1466 609 1619 665 Deus
1650 613 1740 663 est
1768 612 1827 661 et
1847 611 2059 662 natura

408 701 701 771 excelsus,
729 700 993 772 seipsum
1025 704 1268 770 propter
1297 714 1406 752 nos
1433 696 1787 760 liumiliavit,
1814 711 1923 751 nos
1954 692 2057 765 qui

408 797 621 848 natura
643 790 903 862 aequales
935 805 1141 845 sumus
1173 793 1232 844 et
1259 788 1570 859 mqualiter
1587 786 1843 844 humiles
1867 790 1926 840 et
1952 784 2058 840 ab-

400 881 569 953 jecti,
603 897 804 936 annon
836 879 1122 935 debemus
1153 878 1403 933 invicem
1434 877 1761 942 humiliari,
1812 880 1871 931 et
1917 891 2054 946 pro-

406 970 552 1041 pria:
586 985 881 1025 mensura:
912 967 1280 1023 consciiesse
1302 966 1328 1021 ?
1353 966 1517 1031 Quod
1548 966 1595 1021 si
1629 982 1738 1022 nos
1769 965 1930 1036 ipsos
1955 964 2057 1018 hu-

407 1058 855 1125 miliaverimus,
893 1055 1292 1129 superexaltat
1312 1072 1421 1110 nos
1454 1056 1628 1121 Deus,
1661 1054 1915 1126 gratiose
1946 1052 2058 1106 lar-

410 1148 576 1221 giens
599 1164 729 1219 qum
761 1146 971 1202 oculus
1001 1162 1122 1201 non
1152 1144 1316 1212 vidit,
1351 1161 1459 1199 nec
1490 1143 1649 1199 auris
1669 1142 1909 1210 audivit,
1943 1158 2055 1197 nec

407 1236 471 1293 in
530 1253 632 1293 cor
690 1236 949 1292 hominis
999 1233 1398 1291 ascenderunt
1434 1235 1475 1289 ⁸.
1538 1232 1781 1302 «Beati,
1839 1231 2055 1302 inquit,

408 1342 702 1399 pauperes
732 1324 968 1397 spiritu,
1029 1323 1311 1396 quoniam
1346 1324 1611 1395 ipsorum
1660 1326 1753 1377 est
1806 1337 2055 1394 regnum

411 1414 695 1471 calorum
727 1412 793 1468 ίο.
832 1436 852 1462 ι
888 1412 1067 1485 Atqui
1100 1412 1277 1468 etiam
1311 1412 1358 1468 si
1391 1411 1502 1466 hoc
1523 1427 1646 1467 non
1678 1415 1855 1475 esset,
1915 1409 2054 1465 inde

408 1503 701 1560 celsitudo
732 1507 821 1558 est
851 1508 909 1558 et
940 1500 1286 1575 magnitudo
1320 1497 1477 1573 quod
1511 1499 1677 1572 digni
1731 1499 2058 1555 habeamur

405 1598 472 1649 ut
502 1592 717 1649 Christi
768 1592 955 1648 simus
986 1591 1338 1649 imitatores.
1377 1611 1404 1640 «ι
1439 1589 1549 1645 Sed
1580 1590 1863 1662 seipsum.
1898 1612 1925 1637 ››
1952 1587 2058 1643 Ubi

406 1686 547 1737 sunt
577 1680 678 1753 qui
709 1680 917 1736 dicunt
936 1678 1095 1753 quod
1125 1696 1194 1736 ex
1224 1679 1577 1735 necessitate
1610 1684 1670 1734 et
1704 1678 1894 1733 Patris
1918 1677 2058 1732 sub-

2168 515 2376 589 μέτρα;
2410 511 2534 573 Ἐὰν
2574 512 2632 571 δί
2687 518 3127 588 ταπεινωθῶμεν,
3192 514 3473 589 ὑπεροψοῖ
3527 515 3621 569 καὶ
3676 518 3801 587 ἡμὴ

2164 603 2193 656 ὁ
2224 603 2375 671 Θεὸς,
2410 604 2777 679 χαριζόμενος
2838 605 2973 677 ἡμῖν
3002 603 3034 658 ἃ
3060 601 3341 682 ὀφθαλμὸς
3395 602 3504 659 οὐκ
3556 600 3686 673 εἶδε,
3727 606 3800 660 καὶ

2165 688 2257 754 οῦς
2315 691 2415 747 οὐκ
2470 693 2691 766 ἤκουσε,
2750 693 2842 748 καὶ
2926 691 3013 747 ἐπὶ
3066 690 3288 768 καρδίαν
3371 692 3663 770 ἀνθρώπον
3722 698 3804 748 οὐκ

2162 776 2352 851 ἀνέϐη.
2389 804 2417 833 ‹‹
2452 781 2750 855 Μακάριοι,
2781 782 2967 858 φησὶν,
3010 783 3062 836 οἱ
3110 782 3329 858 πτωχοὶ
3396 787 3484 853 τῷ
3536 781 3801 856 πνεύματι,

2163 868 2248 923 ’ὁτι
2279 870 2461 925 αὐτῶν
2493 869 2634 926 ἐστιν
2665 873 2701 940 ἡ
2738 869 2986 946 βασιλεία
3014 872 3125 925 τῶν
3159 870 3424 946 οὐρανῶν.
3489 870 3680 927 Καίτοι
3726 871 3803 925 καὶ

2165 957 2210 1011 εί
2246 960 2321 1030 μή
2353 963 2517 1014 τοῦτο
2544 962 2633 1030 ἦν,
2667 958 2887 1025 αὐτόθεν
2943 958 3085 1015 ἐστὶν
3143 959 3353 1034 ὑψηλὸν
3411 960 3513 1014 καὶ
3584 961 3715 1036 μέγα
3755 961 3807 1015 τὸ

2161 1047 2460 1117 ἀξιωθῆναι
2512 1048 2759 1122 μιμητὰς
2810 1049 3056 1125 γενέσθαι
3108 1054 3372 1124 Χριστοῦ,
3427 1075 3456 1101 ι(
3499 1048 3661 1107 Ἀλλ’
3704 1049 3807 1104 ἑαυ-

2162 1135 2273 1190 τόν.
2308 1160 2337 1188 ››
2374 1140 2484 1194 Ποῦ
2516 1138 2648 1193 εἰσιν
2694 1138 2745 1193 οἱ
2803 1136 3057 1213 λέγοντες
3106 1139 3191 1193 ὅτι
3248 1139 3385 1195 κατᾶ
3447 1139 3690 1214 ἀνάγκην
3732 1139 3807 1193 καὶ

2163 1224 2428 1301 ἐπιταγὴν
2479 1232 2579 1281 τοῦ
2635 1228 2847 1303 Πατρὸς
2899 1226 3035 1284 ἑκὼν
3080 1224 3558 1303 ἓνηνθρώπησενς
3625 1252 3652 1282 ι
3682 1226 3807 1284 Ἐλιέα

2162 1336 2346 1370 νωσεν.
2381 1313 2669 1385 »Ἐπειδὴ
2702 1316 2804 1391 γὰρ
2853 1318 2929 1389 μή
2989 1318 3126 1372 κατὰ
3183 1316 3445 1391 ἁρπαγὴν
3505 1312 3631 1389 is“
3682 1309 3806 1394 ἔχων

2160 1404 2223 1459 τὸ
2253 1402 2383 1460 εἶναι
2446 1403 2535 1459 ἴσα
2595 1408 2734 1476 Θεῷ,
2792 1402 2919 1461 ἀλλ’
2959 1405 3066 1460 ἀπὸ
3123 1405 3335 1482 φύσεως
3389 1404 3489 1460 καὶ
3552 1401 3806 1459 συναϊδίοο

2164 1491 2497 1567 ἀξιώματος,
2531 1491 2622 1549 διὰ
2651 1498 2810 1549 τοῦτο
2844 1492 3059 1570 οαῤῥων
3088 1493 3342 1550 ἐκένωσεν
3394 1494 3623 1560 δαυτὸν,
3671 1514 3808 1549 τουτ-

2164 1582 2326 1652 έστιν,
2385 1580 2710 1638 ἐταπείνωσε
2766 1582 2857 1638 καὶ
2918 1582 3135 1660 γέγονεν
3192 1583 3510 1657 ἅνθρωπος,
3566 1582 3631 1639 τὸ
3693 1583 3806 1638 εἶναι

2164 1670 2293 1734 Θεὸς
2329 1672 2407 1745 μὴ
2446 1666 2769 1728 ἀποϐαλὼν.
2829 1672 2922 1737 Ὠς
2979 1669 3033 1725 εἷ’
3080 1692 3145 1747 γε
3199 1666 3320 1746 ᾔδει
3373 1670 3520 1728 χατᾶ
3578 1671 3805 1746 ἁρπαγήν

395 1768 663 1842 jectione
712 1769 929 1824 invitus
990 1775 1078 1826 est
1136 1768 1477 1824 incarnatus
1519 1767 1547 1823 ?
1580 1786 1604 1812 ιι
1635 1766 1988 1823 Exinanivit.
2020 1784 2052 1819 κ

2169 1757 2309 1835 ἔχων
2332 1760 2396 1816 τὸ
2427 1762 2561 1816 εἶναι
2601 1758 2689 1816 ἴσα
2745 1764 2887 1833 Θεῷ,
2943 1759 3047 1816 οὐκ
3107 1759 3167 1817 ἂν
3221 1781 3357 1817 ποτε
3409 1760 3803 1836 ἐνηνθρώπησε,

406 1859 698 1925 Quoniam
731 1859 891 1915 enim
920 1875 1040 1913 non
1080 1874 1150 1912 ex
1181 1858 1389 1931 rapina
1417 1874 1479 1912 se
1533 1855 1751 1912 habere
1801 1856 1964 1911 novit
1992 1861 2059 1911 ut

406 1946 655 2019 aequalis
684 1952 840 2003 esset
866 1948 1006 2014 Deo,
1040 1946 1142 2001 sed
1174 1962 1209 2002 a
1268 1952 1483 2002 natura
1539 1950 1597 1998 et
1654 1945 2057 2000 coaeternitate

404 2035 1058 2111 dignitatis,propterea
1090 2034 1461 2090 confidenter
1491 2032 1818 2089 exinanivit
1837 2037 2054 2088 semet-

406 2121 625 2195 ipsum,
657 2122 769 2177 hoc
795 2120 1247 2187 est,humiliavit
1277 2127 1335 2177 et
1356 2120 1547 2177 factus
1573 2124 1658 2176 est
1707 2119 1908 2187 homo,
1939 2134 2059 2174 non

401 2210 737 2283 abjiciendo
770 2211 928 2283 quod
959 2211 1111 2267 Deus
1144 2216 1300 2267 esset
1345 2211 1523 2277 Quasi
1568 2210 1761 2267 dicat:
1788 2211 1848 2266 Si
1870 2210 2061 2267 novis-

402 2306 494 2358 set
523 2317 583 2357 se
616 2317 687 2356 ex
716 2300 928 2372 rapina
948 2299 1167 2356 habere
1210 2300 1369 2373 quod
1401 2302 1518 2356 Deo
1574 2299 1820 2372 aqualis
1881 2305 2059 2367 esset,

400 2406 708 2462 nunquam
747 2389 1089 2445 incarnatus
1112 2390 1347 2457 fuisset,
1380 2390 1603 2446 veritus
1633 2406 1708 2445 ne
1760 2389 2062 2461 deprime-

408 2484 595 2536 retur.
630 2501 657 2528 «
690 2480 903 2535 Forma
934 2478 1083 2533 servi
1134 2484 1391 2553 sumpta.
1426 2500 1454 2528 υ
1505 2478 1834 2535 Considera
1889 2477 2059 2534 Pauli

404 2566 688 2641 loquendi
720 2567 986 2624 modum.
1024 2567 1327 2638 Siquidem
1354 2567 1427 2623 de
1454 2567 1764 2624 divinitate
1786 2568 2060 2639 loquens,

406 2658 489 2715 ait
519 2675 533 2713 :
566 2658 710 2715 Cum
731 2663 908 2729 esset,
934 2644 1402 2713 comternitatem
1447 2656 1818 2730 signiﬁcans:
1854 2656 1928 2712 de
1952 2657 2062 2712 hu-

406 2746 694 2803 manitate
753 2762 911 2813 vero,
959 2746 1251 2820 Sumpta:
1317 2751 1375 2802 et
1428 2747 1662 2814 Factus,
1743 2746 2062 2802 ostendens

406 2837 567 2908 quod
596 2836 918 2893 adventitia
946 2842 1103 2891 esset
1149 2858 1176 2886 «
1205 2837 1486 2892 Inventus
1516 2841 1581 2892 ut
1638 2836 1838 2892 homo.
1878 2857 1906 2885 ››
1965 2837 2066 2889 [It-

406 2931 544 2997 pote
566 2926 765 2982 homo.
801 2923 943 2981 Vide
989 2931 1187 2980 autem
1220 2925 1563 2980 inferiorem
1592 2926 2063 2981 annotationem.

407 3035 435 3063 «
471 3012 811 3069 Humiliavit
869 3013 1274 3084 semetipsum.
1313 3035 1340 3063 »ι
1372 3013 1539 3077 Quod
1580 3011 1626 3068 si
1663 3012 1857 3068 nudus
1888 3013 2065 3067 homo

413 3108 631 3168 erat,ut
660 3101 891 3158 videtur
921 3102 1239 3169 haereticis,
1292 3102 1590 3174 quomodo
1640 3102 2068 3159 humiliabatur

411 3192 602 3248 factus
634 3191 792 3263 quod
822 3192 990 3247 erat?
1015 3208 1250 3248 rursum
1274 3198 1471 3248 autem
1501 3192 1656 3264 quod
1681 3193 1765 3247 ait
1797 3208 1810 3246 :
1840 3194 2067 3248 Semet-

412 3282 631 3354 ipsum,
663 3281 1058 3337 voluntariam
1109 3281 1506 3353 dejectionem
1538 3281 1712 3338 nobis
1744 3280 2058 3355 signiﬁcat.

2160 1849 2519 1921 πτοούμενος,
2598 1850 2675 1921 μὴ
2754 1843 3146 1923 ωταειϐασθῇ.
3234 1874 3256 1900 ι
3332 1851 3579 1926 Μορφὴν
3626 1845 3804 1903 δούλου

2162 1933 2367 1994 λαϐών.
2400 1961 2429 1990 ››
2459 1939 2600 2012 Ὅρα
2629 1936 2921 2017 ἆσφίλειαν
2949 1942 3048 1994 τοῦ
3095 1938 3337 1997 Παύλου.
3391 1940 3521 1996 Ἐπὶ
3578 1939 3673 2011 μὶν
3716 1936 3801 2013 γεὶρ

2161 2034 2259 2096 τῆς
2289 2024 2569 2096 θεότητος,
2599 2028 2663 2082 τὸ
2695 2028 2959 2103 ὑπάρχων
3002 2028 3229 2099 τέθεικε,
3273 2031 3338 2085 τὸ
3387 2026 3669 2085 συναίδιον
3715 2025 3802 2096 δη-

2162 2114 2295 2174 λῶν.
2321 2117 2441 2173 Ἐπὶ
2476 2113 2535 2172 δὲ
2562 2124 2662 2186 τῆς
2702 2117 3147 2192 ἀνθρωπάτητος,
3202 2119 3285 2188 τὸ,
3339 2113 3567 2187 Λαϐὼν,
3617 2118 3699 2172 καὶ
3727 2116 3800 2185 τὸ,

2162 2202 2475 2279 Γενόμενος,
2533 2202 2744 2270 δεικνὺς
2798 2206 3000 2278 ταύτης
3083 2206 3396 2278 ἐπίκτητον.
3462 2230 3496 2262 α
3558 2207 3800 2283 Εὖρηθεὶς

2164 2293 2239 2356 ὠς
2270 2295 2575 2369 ἅνθρωπος,
2606 2317 2631 2348 ι
2674 2294 2780 2355 Οἷα
2835 2294 3145 2370 ἅνθρωπος.
3198 2298 3340 2372 ’Ὀρα
3396 2294 3458 2352 δὲ
3514 2299 3616 2366 τήν
3673 2296 3803 2351 κάτω

2164 2386 2549 2463 παραγραφήν.
2613 2410 2641 2436 ‹‹
2682 2384 3068 2442 Ἐταπείνωσεν
3119 2385 3328 2442 ἑαυτόν.
3363 2410 3394 2440 ››
3456 2387 3529 2444 Εἰ
3586 2386 3678 2441 οὗν
3728 2384 3804 2438 ἃν·

2166 2484 2385 2548 θρωπος
2416 2474 2480 2541 ἦν
2531 2473 2694 2547 ψιλὸς
2724 2473 2754 2529 ὅ
2786 2472 2937 2530 δοκεῖ
2990 2480 3106 2538 τοῖς
3157 2476 3485 2550 αἱρετικοῖς,
3527 2479 3646 2537 πῶς
3695 2472 3800 2528 hs-

2164 2566 2417 2617 πεινοῦτο
2450 2562 2745 2639 γενόμενος
2775 2564 2804 2618 ’ὀ
2833 2564 2939 2634 ἦνς
3002 2562 3175 2619 Πάλιν
3232 2561 3291 2619 δὶ
3320 2565 3409 2636 τὸ,
3467 2565 3707 2630 Ἑαυτὸν,
3752 2562 3804 2615 τὸ

2166 2652 2411 2707 ἑκούσιον
2445 2654 2581 2725 ἡμῖν
2615 2650 2903 2709 δείκνυσιν.
2968 2677 2999 2705 ι(
3026 2653 3322 2727 Γενόμενος
3373 2654 3646 2725 ὑπήκοος.
3675 2677 3701 2706 ι
3730 2653 3803 2713 Ὦς

2169 2745 2314 2813 Υἱὸς,
2348 2746 2457 2823 οὐχ
2488 2745 2565 2808 ὡς
2593 2742 2818 2809 δοῦλος.
2851 2747 2950 2802 Διὰ
2978 2747 3178 2804 τούτου
3205 2748 3309 2823 γὰρ
3344 2746 3592 2821 μάλιστα
3639 2743 3803 2814 ἔδειξεν

2170 2835 2255 2890 ὅτι
2285 2830 2400 2889 ἔστι
2427 2836 2651 2910 γνήσιος
2689 2836 2838 2903 Υἱὸς,
2897 2836 2942 2907 ᾦ
3002 2836 3294 2907 ὑπήκουσε.
3348 2838 3451 2893 Διὰ
3506 2840 3667 2892 τοῦτο
3715 2833 3801 2907 γὰρ

2172 2924 2342 2993 εἶπεν,
2372 2922 2766 2981 Ἐταπείνωο-εν
2798 2925 3008 2994 ἑαυτὸν,
3058 2925 3145 2981 ⁸ινα
3203 2928 3282 3000 μὴ
3341 2924 3707 3002 δουλοπρεπές
3750 2942 3791 2976 τι

2170 3011 2504 3086 ἐνθυμηθῇς.
2539 3012 2634 3067 Διά
2663 3016 2824 3069 τοῦτο
2857 3010 2915 3071 δί
2945 3013 3188 3085 ὑπήκοος
3218 3015 3389 3082 εἶπεν,
3417 3014 3515 3071 ἵνα
3544 3017 3640 3083 τήν
3681 3011 3792 3085 πρὸς

2174 3103 2265 3160 τὸν
2296 3103 2505 3178 Πατέρα
2553 3102 2628 3168 ὠς
2678 3102 2855 3159 αἶ’τιον
2909 3100 3053 3179 δείξῃ
3107 3107 3300 3179 τιμήν.
3360 3130 3391 3159 ι(
3423 3110 3604 3182 Μέχρι
3653 3100 3789 3167 θανά·

2174 3214 2291 3249 του.
2330 3217 2351 3243 ι
2384 3191 2598 3249 Πολλαῖ
2631 3189 2931 3267 ὑπερϐολαὶ
2968 3196 3368 3266 ταπεινώσεως,
3424 3198 3490 3252 τὸ
3544 3195 3792 3269 Βνθρωπον

2173 3278 2439 3358 γενέσθαι,
2470 3283 2533 3337 τὸ
2564 3282 2870 3353 ἀποθανεῖν,
2902 3283 2962 3340 τὸ
2987 3280 3079 3338 διὰ
3103 3289 3356 3357 σταυροῦ.

412 3389 440 3422 ι
472 3371 682 3426 Factus
741 3369 1044 3424 obediens.
1106 3392 1134 3419 ››
1184 3370 1491 3442 Tanquam
1546 3371 1748 3437 Filius,
1791 3388 1910 3427 non
1971 3378 2254 3444 tinquam
2315 3389 2537 3430 servus.
2590 3374 2701 3427 Per
2758 3372 2868 3429 hoc
2914 3374 3071 3431 enim
3133 3374 3513 3446 potissimum
3560 3370 3791 3431 ostendit

412 3458 571 3531 quod
603 3458 891 3514 naturalis
936 3464 1093 3514 esset
1139 3458 1344 3528 Filius,
1383 3461 1523 3531 quia
1558 3460 1832 3516 obedivit.
1892 3464 2036 3518 Nam
2086 3470 2399 3536 propterea
2453 3463 2635 3520 dixit:
2695 3464 3034 3521 Humiliavit
3090 3467 3502 3538 semetipsum,
3550 3482 3619 3521 ne
3671 3458 3789 3533 quid

414 3546 625 3603 servile
656 3546 912 3617 cogites:
943 3546 1016 3602 ob
1070 3547 1129 3601 id
1188 3548 1356 3603 audit
1410 3548 1527 3603 ait:
1587 3548 1897 3617 Obediens,
1930 3558 1997 3606 ut
2043 3552 2318 3608 ostendat
2354 3554 2644 3609 honorem
2677 3569 2854 3624 quem
2885 3555 3042 3609 Patri
3079 3558 3359 3626 tanquam
3389 3571 3500 3611 suo
3530 3549 3787 3627 principio

406 3634 730 3693 deferebat.
765 3636 865 3692 83
898 3658 925 3685 «
952 3638 1144 3709 Usque
1176 3636 1252 3692 ad
1286 3643 1557 3694 mortem.
1595 3659 1615 3687 ι
1645 3638 1836 3694 Multa:
1859 3646 1997 3694 sunt
2028 3641 2463 3699 humiliationis
2484 3642 2847 3698 excellentiae
2883 3658 2897 3700 :
2932 3643 3234 3699 hominem
3271 3645 3422 3713 fieri,
3452 3643 3783 3711 mori,idque

412 3742 518 3798 per
547 3741 802 3783 crucem.

484 3825 615 3889 Il,9-
636 3824 1136 3895 ll.«Quapropter
1158 3829 1215 3879 et
1239 3825 1389 3880 Deus
1410 3825 1869 3897 superexaltavit
1890 3825 2059 3882 illum

413 3935 438 3962 ‹‹
461 3928 529 3967 ac
543 3911 782 3967 donavit
800 3912 887 3966 illi
916 3928 1133 3967 nomen
1149 3912 1307 3984 quod
1322 3919 1412 3969 est
1432 3930 1796 3985 superomne
1816 3932 2055 3971 nomen:

412 4024 442 4052 «
458 4006 523 4057 ut
546 3999 605 4056 in
618 4001 859 4056 nomine
880 4002 1019 4055 Jesu
1040 4017 1216 4057 omne
1230 4018 1384 4075 genu
1397 4020 1457 4058 se
1478 4002 1695 4067 ﬂectat,
1730 4004 2059 4060 omlestium

414 4113 443 4140 ‹‹
470 4093 528 4145 et
552 4088 923 4144 terrestrium
956 4106 1024 4144 ac
1056 4090 1460 4147 infernarum:
1496 4092 1807 4162 omnisque
1858 4098 2060 4164 lingua

414 4199 443 4227 «
472 4176 826 4232 confiteatur
854 4177 1012 4250 quod
1048 4178 1330 4235 Dominus
1357 4179 1431 4235 sit
1487 4180 1655 4235 Jesus
1684 4180 1949 4236 Christus
1987 4181 2061 4236 ad

418 4289 439 4316 α
475 4264 726 4338 gloriam
757 4267 854 4322 Dei
889 4267 1099 4323 Patris.
1133 4289 1158 4317 ι

487 4354 591 4411 Ubi
652 4355 1126 4413 incarnationem
1180 4357 1524 4430 complexus
1582 4364 1667 4413 est
1727 4361 2061 4430 Apostolus,

2241 3827 2334 3883 Διὸ
2392 3828 2481 3883 καὶ
2531 3829 2560 3883 ὁ
2612 3827 2740 3891 Θεός
2817 3827 2977 3883 αὐτὸν
3065 3829 3404 3905 ὑπερύψωσε,
3466 3831 3555 3886 καὶ
3624 3823 3779 3906 ipp?-

2172 3937 2300 3973 σατο
2330 3918 2470 3991 αὐτῇ
2517 3913 2714 3991 ὄνομα,
2772 3917 2834 3974 τὸ
2892 3917 3024 3991 ὖπὶρ
3078 3924 3181 3973 πᾶν
3230 3917 3426 3993 ὄνομα,
3483 3919 3570 3973 ’ἱνα
3620 3917 3666 3972 ἐν
3715 3916 3778 3982 τῷ

2171 4005 2399 4079 ὀνόματι
2502 4006 2707 4076 Ἰησοῦ,
2804 4010 2907 4062 πᾶν
2979 4005 3106 4082 γόνυ
3178 4007 3374 4081 κάμψῃ
3480 4002 3776 4079 ἐπουρανίων

2169 4096 2259 4150 καὶ
2318 4093 2567 4171 ἰπιγείων
2624 4095 2716 4150 καὶ
2774 4095 3167 4171 καταχθονίων,
3235 4095 3327 4151 καὶ
3395 4099 3540 4151 πᾶσα
3588 4093 3774 4169 γλῶσσα

2171 4182 2650 4259 ἐξομολογήσηται
2753 4183 2838 4240 ὅτι
2941 4183 3142 4258 Κύριος
3242 4183 3458 4255 Ἰησοῦς
3580 4182 3776 4258 Χριστὸς

2171 4273 2248 4335 εἷς
2280 4270 2434 4342 δόξαν
2463 4276 2598 4328 Θεοῦ
2626 4272 2860 4345 Πατρός.

2240 4363 2402 4417 Ὃταν
2450 4368 2552 4430 τῆς
2635 4359 3086 4435 ὲνανθρωπήσεως
3160 4357 3494 4433 ἐπιλάϐηται
3547 4365 3576 4418 ὁ
3638 4356 3775 4418 Ἀπό-

414 4445 614 4501 omnia
636 4444 917 4519 deinceps
949 4447 1240 4520 impavide
1283 4447 1672 4519 proloquitur,
1732 4466 1865 4504 cum
1924 4466 2058 4506 caro

2169 4450 2386 4519 στολος,
2418 4451 2595 4506 πάντα
2625 4449 2820 4506 λοιπὸν
2878 4452 2946 4506 τὰ
3000 4451 3228 4508 ταπεινὰ
3282 4450 3456 4519 ἀδεῶς
3513 4452 3769 4531 φθέγγεται,

414 4532 690 4591 admittat
722 4535 990 4605 humilia,
1031 4557 1052 4585 α
1087 4540 1166 4592 Ac
1197 4535 1436 4593 donavit
1464 4535 1550 4592 illi
1611 4553 1851 4593 nomen.
1890 4562 1917 4589 ››
1978 4541 2058 4595 De

414 4640 588 4683 carne
613 4624 738 4680 haec
761 4626 1417 4699 accipito,nequuquam
1432 4642 1745 4697 personam
1768 4626 2056 4684 dividens.

414 4711 724 4778 Quodnam
749 4720 839 4770 est
869 4721 1069 4770 autem
1100 4730 1319 4769 nomen
1375 4714 1534 4785 quod
1591 4715 1871 4772 donatum
1915 4722 2004 4773 est
2031 4717 2059 4772 ‘l

412 4799 702 4870 Christus,
736 4803 939 4868 Filius,
973 4804 1145 4858 Deus.
1180 4803 1279 4858 llis
1313 4803 1473 4859 enim
1509 4804 1850 4860 nominibus
1881 4806 2057 4863 etiam

412 4906 549 4949 cum
602 4907 780 4947 carne
834 4891 1185 4963 appellatur.
1246 4892 1301 4947 Si
1371 4899 1505 4964 post
1586 4894 2057 4951 incarnationem

411 4986 655 5053 propter
685 4978 1333 5043 obedientiam,nomen
1368 4982 1525 5052 quod
1546 4989 1671 5039 erat
1691 5000 2057 5055 superomne

410 5085 631 5125 nomen
664 5070 837 5125 Pater
857 5069 1003 5125 Filio
1033 5070 1132 5141 qui
1156 5072 1451 5127 Deuserat
1492 5070 1750 5137 donavit,
1782 5077 1842 5127 et
1862 5074 2058 5129 omnis

411 5157 613 5232 lingua
628 5157 945 5214 Dominum
974 5159 1244 5216 confessa
1267 5166 1385 5216 est:
1412 5166 1547 5216 ante
1581 5161 2057 5219 incarnationem

411 5264 547 5305 vero
579 5264 771 5321 neque
831 5267 1050 5306 nomen
1105 5252 1264 5324 quod
1298 5260 1387 5310 est
1415 5270 1595 5326 super
1632 5273 1808 5313 omne
1836 5273 2058 5313 nomen

410 5336 889 5412 habebat,neque.
914 5340 1349 5399 confessionem
1380 5344 1452 5399 ab
1471 5345 1746 5402 omnibus
1763 5346 1919 5418 quod
1941 5348 2023 5402 Do
2042 5378 2055 5388 -

413 5427 609 5484 minus
640 5435 815 5500 esset,
852 5432 1043 5505 major
1073 5431 1184 5486 fuit
1216 5433 1392 5506 igitur
1410 5441 1545 5507 post
1588 5436 2056 5493 incarnationem

482 5605 503 5640 ⁸
532 5607 557 5660 Ι
587 5605 716 5661 Cor.
742 5624 801 5675 ιι,
833 5612 884 5664 9.
984 5611 1030 5648 ¹⁰
1060 5612 1258 5667 Matth.
1295 5630 1340 5679 ν,
1363 5616 1413 5667 3.

2166 4548 2266 4610 τῆς
2301 4540 2498 4613 σαρκὸς
2527 4540 2595 4596 τὰ
2641 4540 2866 4596 ταπεινὰ
2923 4538 3255 4617 δεχομινης.
3310 4567 3338 4594 «ι
3372 4544 3476 4599 Καὶ
3522 4540 3769 4617 ἐχαρίσατο

2169 4631 2316 4703 αὖτῳ
2348 4625 2538 4703 ὄνομα.
2563 4651 2589 4682 ε
2623 4632 2747 4705 Περὶ
2782 4633 2885 4695 τῆς
2932 4632 3131 4705 σαρκὸς
3185 4634 3351 4686 ταῦτα
3409 4628 3569 4702 δέεαι,
3622 4622 3764 4701 μηδι-

2172 4721 2277 4792 μοῦ
2308 4715 2552 4792 διαιρῶν.
2588 4720 2756 4773 Ποῖον
2788 4714 2847 4771 δὲ
2873 4717 2935 4772 τὸ
2975 4717 3235 4791 χαρισθὲν
3294 4715 3466 4791 ὒνομα
3496 4739 3508 4788 ;
3561 4717 3617 4771 τὸ
3655 4716 3759 4785 Χρε-

2169 4807 2314 4874 στὸς,
2346 4808 2408 4862 τὸ
2432 4806 2579 4874 Υἱὸς,
2609 4806 2674 4861 τὸ
2718 4801 2868 4869 Θεός.
2915 4807 3096 4862 Ταῦτα
3142 4806 3242 4882 γὰρ
3300 4806 3390 4861 καὶ
3443 4808 3569 4879 μετᾶ
3604 4801 3758 4873 σαρκὸς

2166 4896 2434 4952 καλεῖται.
2484 4927 2550 4937 -
2605 4895 2886 4968 [ΒΑΣΙΛῙΙ
2938 4894 3004 4952 Εἰ
3065 4896 3199 4968 μετὰ
3254 4897 3352 4965 τὴν
3411 4895 3757 4971 ὶνανθρώπτβιν

2169 4984 2258 5041 διὰ
2285 4987 2387 5054 τὴν
2420 4985 2663 5052 ὑπακοὴν
2703 4984 2765 5038 τὸ
2822 4982 2955 5058 ὗπὶρ
3008 4990 3109 5041 πᾶν
3167 4983 3342 5063 ὄνομα
3396 4996 3475 5063 τῷ
3531 4990 3625 5058 Υίῷ
3669 4982 3758 5049 Θεῷ

2168 5072 2281 5130 ὄντι
2311 5075 2341 5129 ὁ
2379 5074 2567 5147 Πατὴρ
2604 5070 2921 5147 ἐχαρίσατο,
2981 5075 3072 5129 καὶ
3129 5079 3273 5131 πᾶσα
3322 5077 3542 5154 γλῶσσα
3590 5074 3758 5144 ἐξωμο-

2167 5161 2448 5238 λογήσιτο
2545 5160 2764 5235 Κύριον,
2852 5162 2959 5234 πρὸ
3062 5170 3162 5233 τῆς
3221 5153 3647 5243 ἰνανθρωπήσεως
3694 5153 3753 5243 δί,

2168 5249 2290 5307 οὔτε
2318 5252 2382 5306 τὸ
2411 5246 2584 5323 ὄνομα
2622 5250 2685 5304 τὸ
2735 5248 2867 5322 ὗπὶρ
2926 5254 3030 5304 πᾶν
3086 5246 3263 5327 ὄνομα
3318 5240 3492 5335 εἶχεν,
3546 5250 3646 5309 οὔτε
3689 5240 3756 5298 διὰ

2166 5342 2382 5396 πάντων
2439 5340 2541 5408 τήν
2599 5336 2904 5413 ὁμολογίαν
2964 5342 3062 5394 τοῦ
3118 5342 3256 5396 εἶναι
3312 5345 3531 5419 Κύριος,
3598 5335 3754 5411 μείζων

2168 5430 2261 5485 οὗν
2292 5428 2499 5505 εγενετο
2560 5427 2696 5501 μετᾶ
2755 5426 2859 5495 τὴν
2922 5424 3327 5504 ἰνανθρὼπησιν
3385 5438 3481 5489 τοῦ
3541 5429 3628 5505 πρὸ
3676 5426 3751 5489 τῆς
