4072 6266
235 384 268 442 1
279 383 399 444 285

1285 371 1698 436 COMMENT.
1742 369 1817 429 ΙΝ
1866 366 2116 429 EPIST.
2165 367 2267 426 AD
2314 368 2592 428 GALA'l‘.

3496 377 3657 436 19.86

233 512 725 586 ἐνανθρωπήσεως.
758 510 927 582 Ὂπερ
961 506 1183 562 ἄτοπον.
1219 507 1485 563 Τοιοῦτον
1543 500 1600 558 δέ
1659 501 1772 556 ἐστι
1802 501 1894 554 καὶ

2035 515 2188 571 [uam
2212 505 2387 556 antea
2409 506 2585 572 esset,
2610 501 2766 573 quod
2791 502 3114 560 absurdum
3140 509 3247 560 est.
3301 507 3655 579 Hujusmodi

237 604 329 672 τὸ,
362 597 618 668 «Ἐδόθη
678 616 770 671 μοι
827 601 973 652 πᾶσα
1029 595 1242 668 ἐξουσία
1302 612 1353 649 εν
1410 593 1629 667 οὐρανῷ
1684 591 1775 645 καὶ
1807 588 1898 643 ἐπὶ

241 699 372 770 γῆς.
410 715 438 742 »
471 689 566 752 Ei:
593 692 695 760 τὴν
725 688 1136 761 έναλθρώπησιν
1197 686 1314 757 οὖν,
1372 686 1462 740 καὶ
1515 683 1615 739 οὐκ
1666 681 1744 744 εἲς
1799 681 1900 750 τήν

237 785 474 854 θεότητα
504 786 668 838 ταῦτα
703 779 787 836 δεῖ
815 779 1034 835 ἐννοεῖν.
1083 804 1108 832 ιι
1146 781 1259 834 Πᾶν
1303 778 1435 852 γόνυ
1477 776 1689 849 κάμψῃ.
1726 797 1755 826 »
1810 771 1901 832 Εἰς

239 873 612 947 προσιών-ηοω
647 868 931 941 δηλονότι.
967 895 994 920 ‹‹
1029 866 1401 942 Ἐπουρανῐων
1435 866 1525 920 καὶ
1569 861 1844 939 ἐπιγείων.
1875 886 1902 913 ››

244 960 556 1038 Ἀγγέλων,
611 959 701 1014 καὶ
759 957 1080 1033 ἀνθρώπων,
1139 956 1231 1011 καὶ
1287 953 1584 1028 δαιμόνων.
1643 951 1740 1038 Καὶ
1799 951 1901 1028 γὰρ

245 1051 338 1104 καὶ
390 1048 642 1123 δαίμονες
709 1043 1029 1121 ἐπέγνωσαν.
1096 1045 1212 1119 (Διό
1266 1061 1444 1123 φασιν·
1511 1066 1531 1094 ι
1577 1037 1814 1113 Οἶ’δαμέν
1848 1057 1906 1093 σε

242 1139 328 1201 τίς
362 1139 434 1207 εἴ,
467 1161 496 1190 »
548 1138 631 1192 ὅτι
687 1137 715 1191 ὁ
747 1138 901 1213 ἅγιος
931 1136 1029 1191 τοῦ
1087 1136 1268 1208 Θεοῦ.)
1327 1135 1430 1190 Καὶ
1488 1128 1904 1207 ἐπιγνώσονται,

252 1227 380 1283 ὅταν
411 1228 487 1290 ὡς
522 1231 716 1301 κριτὴς
775 1225 996 1299 καθίσῃ.
1052 1226 1117 1280 Ἣ
1174 1223 1257 1292 δτι
1315 1221 1405 1277 καὶ
1463 1219 1513 1274 οἱ
1582 1217 1784 1274 δίκαιοι
1816 1217 1906 1272 καὶ

250 1318 309 1372 οἱ
336 1315 682 1392 ἁμαρτωλοί.
717 1336 746 1366 (ε
779 1314 881 1372 Καὶ
916 1317 1057 1368 πᾶσα
1083 1311 1310 1389 γλῶσσα
1340 1307 1847 1384 ἐξομολογήσηται.
1869 1330 1900 1392 Α»)

253 1407 324 1465 Τί
382 1390 884 1479 ἐξομολογήσεται;
950 1403 1073 1459 Ὃτι
1143 1397 1343 1476 Κύριος
1402 1398 1613 1468 Ἰησοῦς
1673 1390 1908 1472 Χριστὸς

256 1494 333 1558 εἷς
365 1492 521 1567 δόξαν
565 1497 699 1550 Θεοῦ
759 1491 993 1569 Πατρός.
1056 1490 1192 1563 Δόξα
1245 1488 1346 1565 γὰρ
1406 1487 1635 1562 ηατρὸς,
1668 1485 1730 1541 τὸ
1761 1480 1907 1560 ἔχειν

260 1589 510 1640 τοιοῦτον
535 1582 686 1652 nov,
744 1581 955 1636 πάντων
1018 1580 1318 1649 Δεσπότην,
1374 1577 1464 1632 καὶ
1516 1577 1758 1646 Ποιητῆν
1819 1573 1907 1628 καὶ

260 1676 421 1744 Θεὸν,
479 1674 567 1731 καὶ
625 1676 671 1747 ᾧ
737 1672 907 1730 κλίνει
965 1677 1070 1726 πᾶν
1126 1669 1296 1747 γόνυ,
1348 1669 1439 1724 καὶ
1495 1672 1639 1723 πᾶσα
1689 1665 1912 1743 γλῶσσα

257 1763 748 1841 ἐξομολογήσεται.

282 1957 284 1959 ’
330 1945 492 1998 Ὥστε
527 1987 540 2012 ,
598 1939 868 2018 ἀγαπητοί
927 1959 1077 2013 μου,
1138 1933 1316 1999 καθὼς
1382 1935 1608 1991 πάντοτε
1663 1931 1900 2003 ὑπηκοιε.

257 2051 386 2089 σατε
421 2077 435 2103 ,
503 2032 576 2106 μὴ
636 2031 710 2092 ὡς
773 2030 822 2084 έν
874 2031 945 2100 τῇ
993 2027 1259 2102 παρουσίᾳ
1347 2047 1452 2100 μου
1522 2020 1710 2098 μόνον,
1765 2021 1910 2078 ἀλλὰ

261 2126 358 2178 νῦν
406 2122 604 2194 πολλῷ
693 2119 904 2194 μᾶλλον
989 2117 1043 2174 ἐν
1139 2119 1209 2192 τῇ
1297 2116 1534 2186 ἀπουσίᾳ
1597 2135 1723 2189 μου,
1779 2113 1910 2187 μετὰ

268 2209 443 2291 φόϐου
502 2209 588 2267 καὶ
647 2211 856 2285 τρόμου
923 2209 1021 2279 τὴν
1105 2208 1307 2263 ἑαυτῶν
1395 2205 1665 2280 σωτηρίαν
1722 2222 1914 2279 κατερ-

265 2301 518 2378 γᾶζησθε·
604 2297 631 2354 ὅ
711 2299 839 2360 Θεὸς
905 2297 1007 2375 γὰρ
1067 2296 1207 2352 ἐστιν
1267 2297 1294 2350 ὁ
1353 2293 1584 2371 ἐνεργῶν
1647 2292 1697 2348 ἐν
1761 2293 1914 2366 ὑμῖν,

260 2389 456 2447 καὶτὸ
531 2388 706 2445 Θέλειν
777 2386 868 2443 καὶ
940 2388 1004 2442 τὸ
1079 2385 1306 2462 ἐνεργεῖν
1381 2383 1513 2460 ὑπὲρ
1585 2384 1683 2453 τῆς
1760 2379 1916 2436 εὐδο-

265 2479 407 2542 πίας.

342 2573 452 2633 Τὰς
511 2571 614 2646 γὰρ
696 2567 812 2642 μετ’
893 2563 1184 2642 ἐγκωμίων
1251 2561 1616 2640 παραινέσεις,
1677 2559 1918 2639 εὐχερῶς

274 2657 492 2723 ἕκαστος
564 2656 802 2734 δὲχεται.
867 2681 894 2709 ‹‹
929 2658 1119 2720 Καθὼς
1177 2655 1405 2710 πάντοτε
1466 2654 1806 2724 ὑπηκούσατε
1841 2697 1854 2721 ,
1889 2675 1917 2703 ››

277 2748 406 2804 ὡσεί
463 2745 669 2824 ἔλεγεν·
729 2745 985 2806 Ἑαυτοὺς
1040 2746 1131 2800 καὶ
1187 2746 1276 2799 νῦν
1341 2741 1672 2817 μιμήσασθε,
1740 2740 1830 2796 καὶ
1888 2741 1920 2796 ἃ

275 2837 532 2910 ἐποιεῖτε,
569 2834 733 2890 ’πάλιν
793 2833 1080 2904 ποιήσατε.
1143 2857 1169 2885 ‹‹
1213 2833 1298 2902 Μὴ
1334 2832 1408 2894 ὡς
1443 2830 1492 2885 έν
1525 2835 1592 2905 τῇ
1651 2830 1922 2904 παρουσίᾳ

280 2947 384 3001 μου
419 2925 605 2998 μόνον.
642 2948 670 2975 )ι
697 2925 830 2981 Τότε
873 2923 967 2997 μὲν
1019 2923 1122 2998 γὰρ
1181 2919 1312 2984 ἴσως
1369 2917 1625 2991 ἐδοκεῖτε,
1687 2916 1776 2974 δια
1824 2918 1922 2988 τήν

282 3014 416 3090 πρὸς
457 3013 551 3087 ἐμὲ
609 3010 744 3068 αἰδῶ
803 3011 977 3068 πάντα
1031 3012 1308 3086 πράττειν,
1341 3013 1431 3065 νῦν
1489 3007 1545 3064 δὲ
1599 3007 1686 3064 ἐὰν
1721 3006 1922 3063 ἐπιτεί-

277 3124 406 3177 νητε
459 3104 557 3174 τὴν
615 3102 808 3177 ἀρετ-ἠν
869 3099 956 3156 διὰ
1033 3099 1124 3155 τὸν
1186 3101 1312 3154 Θεὸν
1371 3096 1548 3168 δόξετε
1610 3097 1678 3154 τὰ
1735 3096 1924 3154 δέοντα

280 3199 478 3251 ποιεῖν.
529 3215 554 3246 ιι
585 3189 731 3248 Μετὰ
759 3186 935 3269 φόϐου
961 3189 1051 3245 καὶ
1093 3189 1325 3265 τρόμου.
1362 3212 1389 3240 ››
1433 3187 1510 3246 0'5
1558 3188 1660 3263 γὰρ
1694 3182 1768 3242 ἔνι
1800 3186 1922 3243 ἄνευ

287 3247 425 3251 "7'"
468 3247 477 3250 ⁷
595 3247 653 3248 ’7'
1129 3247 1138 3265 |
1201 3247 1211 3262 |
1570 3247 1583 3263 Ι
1633 3247 1642 3262 ι

279 3278 565 3346 εὐλαϐείας
618 3282 706 3335 καὶ
771 3247 872 3335 ἶτοῖ’)
929 3275 1227 3332 δεδοικέναι
1282 3274 1373 3332 καὶ
1428 3277 1671 3350 τρέμειν,
1725 3274 1923 3351 ἀγαθόν
1955 3247 1996 3313 C

279 3395 332 3428 τι
386 3370 602 3448 πρᾶξαι.
655 3370 776 3432 Πῶς
820 3365 877 3423 δὲ
926 3367 1038 3422 ἐστι
1082 3366 1145 3420 τὸ
1197 3363 1462 3440 τρέμειν;
1509 3363 1634 3420 Ἐὰν
1683 3360 1924 3437 ένθυμώ⁴

283 3471 420 3536 μεθα
461 3461 545 3516 δτι
600 3462 881 3533 πανταχοῦ
920 3473 1169 3531 πτρεστιν
1200 3453 1228 3509 ὁ
1261 3453 1414 3522 Θεὸς,
1446 3454 1536 3508 καὶ
1593 3454 1768 3509 πάντα
1828 3453 1929 3528 ὁρᾷ

290 3548 380 3607 καὶ
415 3549 617 3616 ἀκούει,
657 3550 748 3603 καὶ
780 3547 865 3602 ὅτι
891 3541 1138 3622 χαλεπαὶ
1169 3542 1223 3599 αἱ
1257 3541 1491 3600 εὐθύναι.
1517 3568 1544 3594 α
1577 3539 1928 3615 Δουλεῦσατε,

286 3640 555 3718 φησὶ,τῷ
602 3636 792 3710 Κυρίῳ
843 3635 896 3690 έν
956 3629 1111 3712 φόϐῳ
1166 3629 1255 3688 καὶ
1315 3629 1647 3710 ἀγαλλιᾶσθε
1705 3633 1848 3704 αὐτῷ
1876 3627 1928 3686 ἐν

281 3729 497 3803 τρόμῳ.
535 3750 561 3778 ››
595 3725 743 3784 Μετὰ
776 3719 951 3802 φόϐου
981 3723 1071 3777 καὶ
1096 3723 1330 3798 τρόμου.
1363 3756 1432 3764 -—
1463 3723 1670 3794 [ΦΩΤ,]
1710 3719 1929 3785 Καλῶς.

289 3823 381 3875 Δεῖ
438 3817 538 3891 γὰρ
597 3810 879 3894 οοϐεῖσοαι
936 3811 1026 3867 καὶ
1103 3810 1319 3886 τρέμειν
1379 3807 1430 3866 έν
1485 3813 1565 3884 τῷ
1615 3809 1932 3888 ἐργάζεσθαι

281 3917 384 3978 τήν
419 3905 558 3964 ἰδίαν
584 3905 856 3982 σωτηρίαν
891 3903 1136 3975 ἕκαστον,
1181 3904 1257 3976 μή
1317 3921 1448 3959 ποτε
1505 3899 1932 3973 ὑποσκελισοεῖς,

288 3995 487 4073 ἐκπέσῃ
547 3995 768 4066 ταῦτης.
825 3991 1040 4050 Πολλοὶ
1078 3991 1178 4068 γάρ
1232 3993 1363 4048 εἰσιν
1395 3993 1446 4047 οἱ
1477 3990 1790 4066 πειρασμοὶ,
1839 3992 1933 4047 καὶ

289 4084 500 4143 πολλοὶ
535 4085 585 4140 οἳ
618 4078 1084 4150 έπιϐουλεῦοντες,
1137 4079 1334 4156 δπουγε
1389 4079 1479 4136 καὶ
1527 4077 1656 4137 αὐτὸ
1683 4082 1782 4150 τήν
1813 4083 1938 4156 ἀρε-ο

289 4175 390 4246 τήν
421 4176 656 4244 ἀσκῆσαι
699 4170 858 4236 ἐνίοις
922 4172 999 4235 εἰς
1053 4169 1362 4226 τοῦναντῖον
1427 4165 1740 4241 ἐκϐέϐηκεν,
1801 4167 1939 4225 ἆπο-

285 4265 440 4327 νοὶας
469 4263 559 4318 καὶ
599 4257 968 4339 ὑπερηφανίας
1024 4261 1278 4325 ὑπόθεσις
1335 4262 1639 4337 γενόμενοι.
1706 4263 1794 4314 Δεῖ
1847 4260 1937 4314 οὗν

291 4350 383 4411 ’διᾶ
435 4355 604 4408 ταῦτα
660 4347 971 4413 δεδοικότας
1053 4348 1140 4405 καὶ
1201 4348 1523 4424 τρέμοντας,
1582 4348 1680 4418 τήν
1735 4348 1939 4404 ἑαυτῶν

291 4440 569 4517 σωτηρίαν
630 4438 1098 4515 κατεργάζεσθαι,
1157 4438 1219 4492 Et
1283 4439 1358 4510 μὴ
1409 4437 1515 4513 γὰρ
1574 4437 1601 4492 δ
1661 4434 1792 4499 Θεὸς
1845 4437 1938 4492 τὸν

293 4530 474 4606 ἀγῶνα
503 4528 592 4584 καὶ
622 4529 722 4596 τὴν
758 4529 892 4602 μετά
923 4523 1096 4601 φόϐου
1157 4525 1397 4594 σπουδὴν
1459 4523 1681 4600 βλέπων
1747 4543 1835 4579 συν
1849 4548 1935 4580 αν-

2006 595 2094 644 est
2116 596 2311 646 autem
2332 596 2390 646 et
2416 591 2563 646 illud
2586 611 2643 646 εκ
2673 594 2816 648 Data
2839 599 2929 649 est
2968 595 3113 650 mihi
3166 596 3360 651 omnis
3391 603 3652 669 potestas

2007 679 2066 733 in
2088 680 2235 734 ccelo
2267 686 2326 736 et
2355 681 2416 736 in
2447 686 2604 736 terra
2637 682 2701 737 εί.
2739 702 2766 731 ι»
2803 684 2889 738 Ad
2927 683 3402 741 incarnationem
3453 687 3654 759 igitur,

2009 774 2068 823 et
2088 784 2206 824 non
2231 769 2305 825 ad
2326 771 2698 826 divinitatem
2720 773 2845 828 haec
2868 773 3088 829 referre
3111 779 3360 846 oportet.
3389 799 3416 826 ‹‹
3469 779 3654 833 Omne

2006 875 2160 930 genu
2192 874 2254 914 se
2281 860 2498 915 flectat.
2526 884 2545 910 ι
2575 860 2652 915 Ad
2682 862 3090 918 adorationem
3115 864 3405 921 videlicet.
3436 889 3463 914 ‹‹
3527 867 3656 921 Coe-

2010 947 2248 1002 lestium
2286 953 2344 1003 et
2373 949 2760 1004 terrestrium.
2800 972 2827 998 »
2854 951 3213 1023 Angelorum
3246 960 3303 1008 et
3343 954 3654 1010 hominum

2011 1051 2078 1090 ac
2098 1036 2457 1092 dmmonum.
2486 1038 2793 1093 Daemones
2815 1038 3111 1110 siquidem
3135 1047 3192 1096 et
3231 1049 3652 1116 cognoverunt,

2012 1124 2232 1180 idcirco
2266 1125 2589 1182 dicebant:
2669 1148 2684 1176 ‹
2743 1129 3018 1184 Novimus
3077 1135 3132 1185 te
3193 1131 3325 1202 quis
3386 1132 3467 1188 sis
3529 1133 3593 1200 ",
3631 1155 3658 1182 ››

2013 1229 2227 1286 nempe
2255 1219 2496 1270 sanctus
2525 1215 2626 1271 ille
2657 1217 2781 1282 Dei,
2816 1223 2875 1272 et
2902 1225 3265 1289 cognoscent
3295 1221 3534 1292 quando
3594 1227 3661 1276 ut

2007 1304 2190 1376 judex
2219 1302 2612 1360 descenderit.
2648 1308 2721 1360 At
2749 1306 2889 1376 quia
2920 1313 2978 1362 et
3000 1306 3148 1379 justi
3181 1315 3239 1363 et
3296 1315 3655 1382 peccatores.

2018 1415 2046 1443 ‹‹
2079 1393 2402 1465 Omnisque
2451 1394 2613 1466 linga
2660 1397 3032 1451 confiteatur.
3097 1418 3124 1446 »
3178 1397 3328 1463 Quid
3353 1399 3662 1454 confitebi-

2016 1483 2156 1538 tur?
2184 1483 2350 1548 Quod
2381 1484 2664 1538 Dominus
2696 1484 2772 1539 sit
2808 1486 2975 1541 Jesus
3007 1485 3275 1542 Christus
3304 1488 3376 1542 ad
3407 1487 3658 1562 gloriam

2016 1572 2119 1627 Dei
2151 1570 2360 1630 Patris.
2394 1573 2496 1628 Est
2525 1574 2685 1628 enim
2714 1575 2906 1630 Patris
2962 1575 3147 1648 gloria
3203 1576 3384 1632 talem
3440 1578 3658 1634 habere

2016 1661 2185 1728 lium,
2217 1661 2486 1717 omnium
2516 1663 2834 1718 Dominum
2865 1660 2923 1718 et
2951 1664 3330 1722 Conditorem
3363 1683 3431 1722 ac
3453 1668 3660 1740 Deum,

2019 1764 2076 1814 et
2107 1759 2200 1814 cui
2235 1774 2297 1815 se
2329 1759 2527 1815 ﬂectat
2557 1774 2732 1815 omne
2761 1777 2940 1833 genu,
2975 1766 3031 1817 et
3061 1764 3254 1819 omnis
3285 1764 3488 1838 lingua
3521 1781 3660 1821 con-

1940 1877 1987 1942 B
2021 1852 2239 1942 telluri

2093 1937 2161 2006 ll,
2196 1939 2282 2004 12,
2319 1938 2401 1995 l3.
2443 1959 2461 1986 ι
2500 1936 2983 2004 Proinde,dilecti
3014 1939 3662 2014 mei,quemadmodum

2021 2049 2048 2076 «
2083 2042 2319 2098 semper
2349 2025 2652 2095 obedistis,
2711 2044 2831 2082 non
2890 2034 3171 2100 tanquam
3229 2031 3292 2086 in
3349 2031 3667 2104 prmsentia

2023 2140 2050 2167 «
2085 2135 2218 2173 mea
2247 2116 2462 2186 solum,
2497 2117 2598 2173 sed
2632 2121 2772 2174 tunc
2801 2120 2985 2175 multo
3042 2121 3228 2194 magis
3285 2121 3346 2177 in
3401 2121 3670 2178 absentia

2027 2225 2053 2257 «ι
2085 2222 2218 2261 mea
2250 2223 2383 2261 cum
2414 2205 2629 2262 timore
2658 2223 2724 2262 ac
2780 2213 3035 2264 tremore
3091 2216 3347 2266 vestram
3400 2211 3666 2283 ipsorum

2025 2319 2050 2344 ‹.
2087 2293 2340 2351 salutem
2372 2297 2722 2367 operemini.
2755 2296 2857 2352 84
2889 2300 3031 2353 Nam
3063 2299 3216 2354 Deus
3241 2305 3330 2355 est
3351 2299 3400 2354 is
3426 2300 3525 2372 qui
3553 2301 3669 2374 agit

2026 2406 2052 2434 ‹‹
2089 2381 2150 2438 in
2176 2381 2342 2438 vobis
2375 2389 2433 2438 et
2460 2389 2526 2439 ut
2553 2384 2767 2455 velitis,
2802 2390 2859 2439 et
2889 2391 2953 2441 ut
3003 2387 3274 2443 efﬁciatis
3334 2405 3438 2460 pro
3483 2389 3669 2445 bene-

2032 2495 2052 2522 ι
2087 2472 2328 2544 placito.
2366 2490 2391 2523 ε

2097 2564 2384 2630 Quoniam
2420 2563 2863 2622 exhortationes
2908 2583 3041 2623 cum
3097 2567 3382 2624 encomiis
3437 2567 3668 2625 facilius

2027 2654 2280 2725 quisque
2305 2654 2582 2721 admittit,
2618 2656 2748 2711 ideo
2771 2657 2886 2712 ait:
2913 2680 2940 2706 «
2965 2657 3474 2724 Quemadmodum
3515 2676 3670 2715 sem-

2029 2759 2136 2815 per
2153 2741 2453 2802 rbedistis.
2483 2769 2509 2795 »
2533 2749 2613 2802 Ac
2636 2744 2683 2800 si
2708 2743 2965 2802 diceret:
2990 2746 3098 2802 Vos
3123 2746 3284 2819 ipsos
3322 2765 3479 2804 nunc
3530 2767 3671 2821 quo-

2031 2846 2144 2903 que
2168 2833 2506 2903 imitemini,
2534 2839 2591 2890 et
2607 2852 2738 2906 qum
2754 2833 3060 2892 faciebatis
3083 2837 3276 2895 facite.
3305 2860 3332 2888 ‹‹
3371 2839 3497 2895 Non
3529 2844 3669 2894 tan-

2033 2936 2210 2992 quam
2242 2923 2303 2978 in
2334 2924 2650 2996 praesentia
2707 2941 2840 2981 mea
2897 2926 3110 2982 solum.
3174 2949 3200 2977 »
3258 2927 3489 2982 Etenim
3530 2933 3668 2984 tunc

2030 3011 2299 3067 fortassis
2327 3011 2684 3069 videbamini
2713 3015 2784 3070 ob
2817 3016 2932 3070 mei
2964 3013 3250 3088 pudorem
3282 3017 3485 3075 omnia
3515 3016 3674 3074 face-

2032 3117 2125 3157 re:
2168 3118 2326 3158 nunc
2354 3119 2489 3159 vero
2548 3104 2595 3159 si
2645 3101 2925 3160 auxeritis
2983 3105 3279 3174 virtutem,
3327 3104 3668 3161 videbimiui

2036 3193 2277 3263 propter
2306 3191 2492 3247 Deum
2529 3193 2741 3249 fecisse
2771 3210 2901 3265 quae
2934 3199 3186 3266 Oportet.
3221 3218 3247 3245 «
3280 3198 3422 3251 Cum
3466 3195 3675 3251 timore

2036 3286 2094 3334 et
2124 3285 2399 3336 tremore.
2435 3303 2462 3331 υ
2494 3284 2616 3336 Non
2647 3279 2807 3337 enim
2836 3282 3266 3356 contingitsine
3282 3285 3681 3340 reverentiaet

2037 3369 2251 3424 timore
2283 3383 2350 3425 ac
2381 3374 2638 3426 tremore
2672 3371 2913 3444 aliquod
2938 3372 3160 3428 bonum
3219 3372 3472 3445 operari.
3526 3376 3679 3440 Quo-

2038 3455 2213 3510 modo
2237 3456 2399 3512 enim
2421 3456 2714 3530 contingit
2737 3463 2991 3515 tremere
3013 3457 3041 3515 ?
3071 3459 3129 3514 Si
3173 3459 3680 3518 consideravimus

2039 3543 2198 3614 quod
2220 3545 2439 3616 ubique
2463 3544 2632 3602 adest
2658 3545 2833 3613 Deus,
2861 3546 3181 3619 omniaque
3203 3548 3368 3605 audit
3389 3555 3448 3605 et
3495 3549 3685 3606 intue-

2039 3638 2136 3688 tur
2163 3648 2175 3687 :
2200 3633 2480 3705 quodque
2503 3649 2705 3707 graves
2729 3634 3043 3708 exiguntur
3065 3638 3328 3693 rationes
3351 3653 3418 3693 ac
3468 3656 3678 3710 poenae.

2042 3745 2068 3773 «
2095 3723 2566 3795 Servite,inquit,
2600 3725 3168 3796 Dominointimore,
3201 3733 3256 3782 et
3281 3728 3536 3784 exultate
3569 3729 3682 3802 ipsi

2041 3814 2102 3867 in
2125 3819 2381 3868 tremore
2404 3813 2470 3868 υ.
2495 3834 2523 3863 ››
2545 3815 2691 3869 Cum
2707 3816 2917 3870 timore
2944 3831 3012 3871 ac
3041 3823 3318 3871 tremore.
3355 3818 3529 3872 Recte
3555 3834 3567 3871 :
3601 3817 3686 3872 Si-

2041 3901 2283 3971 quidem
2296 3908 2529 3973 oportet
2545 3902 2754 3958 timere
2772 3917 2838 3959 ac
2851 3911 3106 3960 tremere
3121 3905 3259 3960 dum
3277 3906 3529 3977 quisque
3548 3923 3651 3978 pro
3670 3937 3686 3946 -

2041 3991 2232 4061 prium
2265 3998 2545 4062 operatur
2574 3992 3174 4066 salutem,nequando
3205 3995 3410 4050 fraude
3438 3997 3691 4051 circum-

2043 4086 2251 4136 ventus
2282 4080 2353 4136 ab
2385 4081 2492 4137 hac
2525 4081 2772 4138 excidat.
2812 4081 2998 4140 Variae
3032 4090 3170 4139 sunt
3219 4087 3580 4142 tentationes
3632 4092 3692 4142 et

2044 4168 2715 4242 at‘llictiones,multique
2739 4171 3151 4229 insidiatores:
3178 4174 3277 4229 ubi
3300 4190 3438 4229 sane
3471 4175 3530 4229 in
3556 4173 3691 4246 qui-

2045 4257 2293 4314 busdam
2307 4259 2494 4330 ipsam
2511 4276 2745 4331 quoque
2759 4277 3030 4317 exercere
3043 4250 3690 4329 virtutemcontrarium

2047 4348 2271 4419 accepit
2289 4355 2563 4404 eventum
2587 4368 2599 4403 :
2625 4350 2765 4405 dum
2787 4351 3005 4406 factum
3033 4359 3121 4407 est
3151 4361 3564 4426 argumentum
3596 4372 3692 4408 ar-

2047 4437 2329 4509 rogantia:
2361 4456 2427 4493 ac
2449 4437 2760 4510 superbiae.
2787 4439 2870 4496 0b
2895 4441 3022 4496 hinc
3057 4448 3290 4514 oportet
3319 4460 3586 4515 quosque
3619 4442 3695 4497 ti-

2049 4529 2278 4580 mentes
2297 4543 2363 4582 ac
2379 4533 2877 4584 trementessuam
2893 4533 3124 4602 operari
3139 4531 3522 4588 salutem.i\"isi
3538 4531 3693 4587 enim

295 4612 615 4688 τιλάϐηται,
645 4611 824 4670 καὶτὸ
856 4614 1030 4669 θέλειν
1078 4613 1208 4668 αὐτὸ
1266 4613 1366 4667 οὐκ
1417 4611 1498 4675 εἷς
1555 4610 1753 4685 ἀγαθὸν
1807 4613 1923 4667 ἀπο

2053 4616 2204 4670 Deus
2235 4617 2439 4671 videns
2471 4623 2772 4674 certamen
2828 4618 3207 4692 studiumque
3263 4639 3401 4676 cum
3461 4621 3694 4690 timore,

295 4703 523 4779 ϐήσεται
575 4705 735 4767 τέλος
772 4749 787 4775 ,
874 4703 964 4758 καὶ
1045 4703 1108 4757 τὸ
1173 4701 1403 4778 ένεργεῖν
1460 4699 1560 4756 οὐκ
1615 4699 1675 4755 ἂν
1727 4700 1939 4776 κριθείη

296 4799 490 4873 πρὶξις
545 4795 768 4870 ἀγαθή.
833 4791 1098 4862 Tibi-17,0:
1150 4789 1254 4867 γὰρ
1307 4791 1335 4845 ὁ
1389 4792 1522 4847 Κᾶϊν
1583 4789 1766 4854 θυσίαν
1827 4793 1943 4863 Θεῷ

298 4886 683 4962 προσαγαγεῖν,
733 4885 962 4960 πρὶγμα
1025 4881 1261 4952 θελήσας
1317 4881 1442 4936 τότε
1496 4877 1735 4952 μάλιστα
1790 4878 1944 4934 ἐπαι-

296 4975 466 5041 νετὸν,
514 4973 605 5029 καὶ
658 4970 983 5047 ἐνήργησεν.
1045 4971 1246 5034 “Ecurria
1297 4968 1419 5042 γάρ’
1481 4966 1608 5022 ἀλλ’
1663 4963 1942 5041 οὐδέτερον

301 5060 578 5138 ἀπεδέχθη
638 5063 787 5136 παρὰ
840 5065 996 5118 θεοῦ.
1035 5058 1117 5116 Οὖ
1164 5059 1267 5134 γὰρ
1324 5059 1392 5127 ἦν
1437 5057 1570 5130 μετὰ
1624 5053 1800 5138 φόϐου
1857 5058 1944 5113 καὶ

299 5154 530 5229 τρόμου,
595 5153 687 5208 Διὸ
752 5147 881 5206 οὐδὲ
939 5143 1358 5204 mammam
1381 5147 1449 5204 τὸ
1482 5151 1647 5216 θεῖον,
1695 5145 1812 5201 οὐδ’
1869 5147 1945 5208 εἰς

296 5241 458 5304 τέλος
488 5242 637 5313 αὖ·τῷ
667 5245 834 5296 ταῦτα
872 5235 1029 5314 ἐξέϐη
1082 5237 1349 5318 χρηστὸν.
1411 5235 1578 5298 Αὐτὸς
1618 5233 1676 5291 δὲ
1713 5235 1950 5314 ἐνεργεῖν

296 5351 434 5412 φησι
485 5333 578 5387 τὸν
623 5331 753 5386 θεὸν
805 5331 1051 5390 εἰκότως.
1110 5329 1209 5383 Καὶ
1283 5329 1388 5403 γαρ
1450 5320 1948 5398 συναντιλαμϐανό-

304 5441 461 5495 μενος
493 5425 674 5493 ἡμῶν,
715 5416 880 5481 αὑτός
938 5418 1080 5473 ἐστιν
1115 5416 1145 5472 ὁ
1174 5415 1398 5472 τελειῶν
1455 5415 1547 5470 καὶ
1603 5415 1772 5470 οἱονεῖ
1809 5431 1947 5489 μορ.

297 5516 550 5590 uoto-.6»:
606 5511 704 5579 τῆν
748 5507 1018 5583 ἡμετέραν
1080 5507 1169 5561 καὶ
1225 5505 1449 5578 θέλησιν
1502 5503 1594 5559 καὶ
1656 5503 1946 5579 ἐνέργειαν.

2053 4702 2318 4776 adjuvet:
2345 4722 2453 4761 nec
2476 4707 2668 4778 ipsum
2700 4707 2870 4776 velle,
2907 4709 3084 4764 tinem
3117 4709 3341 4764 bonum
3393 4709 3692 4776 sortietur,

2053 4809 2164 4848 nec
2186 4794 2382 4865 ipsum
2403 4796 2804 4866 Operaribona
2821 4797 2972 4852 actio
3017 4798 3274 4870 judicari
3325 4797 3560 4870 poterit.
3593 4798 3700 4852 Vo-

2055 4880 2164 4936 luit
2177 4883 2589 4953 namqueCain
2608 4884 2967 4941 sacriﬁcium
2985 4887 3100 4942 Deo
3116 4888 3326 4943 offerre
3350 4887 3417 4957 H,
3450 4904 3575 4942 rem
3598 4904 3700 4942 vo-

2055 4969 2184 5025 lens
2207 4985 2338 5042 quue
2360 4977 2502 5027 tunc
2520 4971 2774 5028 maxime
2797 4974 3113 5030 laudabilis
3129 4981 3251 5030 erat
3270 4992 3282 5041 ;
3301 4981 3352 5030 et
3389 4982 3700 5031 exsecutus

2057 5059 2745 5126 est;sacriticavitenim:
2779 5061 2888 5117 sed
2929 5069 3207 5119 neutrum
3249 5065 3367 5120 Deo
3392 5069 3700 5136 acceptum

2055 5147 2187 5215 fuit,
2222 5149 2517 5221 siquidem
2548 5167 2669 5206 non
2701 5157 2826 5207 erat
2854 5167 2988 5207 cum
3042 5155 3253 5210 timore
3305 5170 3374 5209 ac
3420 5160 3698 5228 tremore.

2057 5237 2193 5293 Ideo
2226 5255 2418 5310 neque
2439 5240 2705 5295 divinum
2736 5243 2965 5312 accepit
2993 5241 3304 5310 auxilium,
3351 5259 3547 5313 neque
3577 5243 3702 5297 haec

2059 5327 2120 5381 in
2151 5330 2577 5386 commundum
2609 5333 2791 5386 tinem
2826 5333 2910 5386 illi
2933 5338 3369 5404 processerunt.
3390 5334 3591 5387 Merito
3605 5349 3706 5388 au-

2060 5421 2176 5472 tem
2209 5418 2392 5474 Deum
2427 5420 2507 5474 ait
2539 5422 2769 5492 operari
2797 5437 2810 5475 :
2850 5421 3147 5492 siquidem
3181 5423 3306 5493 ipse
3341 5428 3427 5477 est
3461 5421 3707 5478 auxilia.

2059 5512 2151 5561 tor
2179 5513 2402 5577 noster,
2427 5510 2553 5582 ipse
2575 5509 2675 5580 qui
2700 5511 2930 5583 perlicit
2951 5518 3007 5566 et
3049 5512 3226 5567 veluti
3267 5509 3519 5568 formam
3545 5511 3710 5568 addit

373 5674 416 5711 υ
443 5673 647 5731 Matth.
679 5686 870 5742 xxvxu,
907 5674 992 5731 18.
1023 5671 1066 5708 ¹³
1097 5670 1300 5728 Matth.
1334 5685 1448 5741 vui,
1473 5668 1568 5725 29.
1603 5669 1648 5705 ¹³
1673 5667 1832 5726 Psal.
1864 5681 1923 5739 υ,

2035 5710 2046 5723 .
2077 5667 2125 5705 ιδ
2151 5669 2297 5728 Gen.
2329 5685 2407 5738 ιν,
2444 5675 2466 5726 1
2507 5689 2672 5744 seqq.
