4072 6266
488 341 642 403 1287

1604 336 2029 398 CECUMENII
2076 335 2381 397 TRICCE
2423 337 2775 399 EPISCOPI

3707 342 3820 400 1398

486 485 706 535 nostra;
728 483 786 533 et
807 477 1088 533 voluntati
1105 481 1165 531 et
1185 474 1533 548 Operationi.
1556 476 1757 529 Potest
1780 488 2014 544 quoque
2048 470 2118 525 il-

2245 467 2556 527 Δ·5ναταιδέ
2595 473 2677 528 τό.
2738 472 2795 525 Ὀ
2848 469 2978 533 Θεός
3040 473 3142 546 γάρ
3210 470 3348 526 ἐστιν
3405 470 3432 525 6
3486 470 3710 544 ἐνεργῶν,
3756 473 3821 526 καὶ

483 567 810 622 ludzDeus
842 567 1011 622 estis
1043 566 1143 636 qui
1203 565 1341 637 agit,
1402 570 1537 631 etc.,
1591 564 1815 618 dictum
1872 578 2003 617 esse
2060 565 2129 616 ut

481 660 729 727 agantur
751 656 878 710 sine
905 653 1474 709 murmurationibus
1492 669 1559 707 ac
1572 649 2122 723 disceptationibus.

479 744 628 809 Quid
661 746 821 801 enim
852 760 1212 813 murmuras,
1242 743 1455 814 inquit,
1489 742 1659 814 quasi
1698 742 1903 798 labore
1960 758 2127 813 pres-

475 849 576 888 sus
597 832 624 886 ‘2
649 833 800 886 Deus
822 832 983 887 estis
1004 833 1103 904 qui
1154 837 1370 889 cuncta
1421 837 1717 902 operatur,
1752 835 1812 885 et
1861 829 2003 899 quid
2035 829 2125 884 id-

479 926 710 993 sceptas
742 921 815 976 de
847 920 1082 976 virtutis
1107 920 1503 977 difﬁcultate?
1534 921 1718 976 Deum
1751 919 1929 974 habet
1958 918 2127 972 auxi-

478 1011 774 1066 liatorem.
803 1032 831 1063 ί(
867 1013 1011 1066 Nam
1039 1011 1194 1065 Deus
1225 1016 1314 1066 est
1343 1011 1391 1065 is
1423 1009 1523 1080 qui
1582 1009 1702 1081 agit
1754 1008 1815 1063 in
1874 1007 2057 1062 vobis.
2097 1030 2118 1057 ι

478 1101 769 1165 Quoniam
794 1099 1020 1154 dixerat
1042 1115 1178 1155 cum
1196 1099 1408 1154 timore
1446 1115 1513 1153 ac
1550 1103 1829 1164 tremore,
1866 1096 1965 1152 εδ
1998 1096 2120 1151 ait:

471 1192 545 1244 At
575 1205 650 1243 ne
683 1189 756 1243 ob
788 1189 899 1243 hoc
927 1188 1256 1244 terramini.
1312 1189 1467 1242 Deus
1526 1187 1687 1241 enim
1735 1191 1825 1241 est
1879 1185 1979 1256 qui
2006 1185 2126 1258 agit

471 1279 535 1334 in
559 1277 728 1333 vobis
758 1283 817 1332 et
843 1282 911 1332 ut
940 1276 1128 1332 velitis
1159 1282 1218 1331 et
1272 1282 1340 1331 ut
1393 1275 1688 1339 efﬁciatis,
1745 1275 1857 1329 hoc
1897 1278 2007 1341 est,
2061 1279 2125 1329 ut

477 1367 808 1439 operemini
830 1366 1306 1436 bonumzitaque
1328 1382 1428 1420 vos
1448 1370 1647 1420 tamen
1688 1369 1921 1435 oportet
1964 1364 2123 1435 piam

480 1457 690 1511 afferre
722 1462 1005 1522 mentem,
1038 1460 1098 1510 et
1124 1455 1280 1511 bona
1308 1454 1457 1510 velle
1488 1471 1623 1510 cum
1657 1454 1865 1509 timore
1897 1469 1963 1508 ac
2012 1460 2128 1508 tre—

481 1561 666 1600 more.
700 1547 843 1601 Nam
874 1545 974 1600 ubi
1007 1543 1067 1598 id
1095 1544 1296 1610 fuerit,
1329 1548 1767 1615 consequenter
1815 1548 1873 1598 et
1928 1543 2124 1614 ipsum

477 1633 626 1689 velle
654 1635 802 1688 Deus
824 1632 1154 1705 angebit,ac
1181 1633 1396 1688 efﬁciet
1442 1639 1509 1687 ut
1551 1632 1708 1688 bona
1750 1633 1812 1687 in
1852 1649 2001 1704 opus
2031 1632 2127 1687 de-

474 1720 786 1777 ducantur.
814 1724 926 1776 Aut
953 1722 1111 1793 quod
1126 1722 1343 1777 Paulus
1366 1721 1438 1775 ob
1473 1721 1724 1777 multam
1773 1722 1956 1777 animi
1988 1738 2123 1794 gra-

2232 559 2375 630 ὲξῆς,
2433 560 2524 614 καὶ
2577 562 2652 622 ὡς
2702 559 2849 615 αἶ’τια
2881 560 3128 635 εἰρῆσθαι
3182 566 3279 616 τοῦ
3340 561 3512 635 χωρὶς
3570 567 3813 634 γογγυσμὼ

2228 647 2319 702 καὶ
2350 644 2751 727 διαλογισμῶν.
2806 649 2865 704 Τί
2899 650 3005 726 γὰρ
3034 654 3342 726 γογγοζεις,
3400 648 3581 728 φησὶν,
3636 648 3700 709 ὡς
3746 668 3821 702 γο-

2231 743 2372 793 πιῶν
2404 758 2418 807 ;
2451 740 2513 797 Ὁ
2543 741 2675 802 Θεός
2697 738 2840 795 ἐστιν
2869 740 2896 794 ὁ
2930 739 3103 794 πάντα
3147 739 3394 815 ἐνεργῶν,
3424 738 3516 793 καὶ
3577 739 3626 793 τί
3679 736 3823 792 Bulo-

2229 825 2353 899 γίζῃ
2376 828 2438 881 τὸ
2469 826 2723 883 ἐπίπονον
2754 834 2857 898 τῆς
2912 829 3131 903 ἀρετῆς,
3195 829 3323 883 Θεὸν
3377 822 3519 904 ἔχων
3579 827 3822 901 συνεργὸνς

2236 937 2261 968 σι
2293 917 2354 974 Ὀ
2386 919 2515 982 Θεὸς
2559 919 2660 996 γάρ
2709 917 2851 974 ἑστιν
2903 921 2931 974 6
2991 920 3247 995 ἐνεργῶν.
3282 943 3311 972 π
3370 916 3591 985 Ἐπειδή
3638 920 3759 972 εἶπεν
3784 917 3822 971 ἐν

2232 1000 2387 1082 φόϐῳ
2446 1008 2533 1061 καὶ
2587 1009 2803 1083 τρόμῳ,
2860 1008 3045 1085 φησὶν,
3097 1005 3247 1063 ἀλλὰ
3306 1009 3380 1081 μή
3440 1012 3705 1077 πτοηθῆτε
3757 1004 3823 1060 Bri

2231 1098 2413 1150 τοῦτο.
2454 1097 2516 1153 Ὀ
2546 1096 2674 1159 Θεὸς
2725 1096 2827 1172 γάρ
2886 1096 3025 1151 ἐστιν
3080 1096 3108 1151 6
3164 1094 3390 1173 ἱνεργῶν
3441 1095 3495 1150 ἐν
3528 1096 3648 1167 ὑμῖν
3681 1095 3823 1150 καὶτὸ

2232 1180 2405 1247 θὲλειν
2461 1185 2552 1239 καὶ
2602 1186 2666 1240 τὸ
2723 1184 2984 1263 ἐνεργεῖν,
3043 1187 3311 1256 τουτέστι,
3374 1186 3439 1240 τὸ
3506 1184 3736 1260 πράττειν
3780 1183 3825 1237 τὸ

2229 1272 2448 1347 ἀγαθόν.
2526 1280 2685 1329 “Oct:
2764 1275 2904 1348 ὑμᾶς
2960 1276 3074 1349 ’χρῆ
3137 1274 3297 1348 μόνον
3367 1275 3592 1351 γνώμην
3658 1270 3825 1339 εὐλαθῆ

2229 1370 2627 1440 προσενεγκεῖν,
2659 1366 2750 1420 καὶ
2803 1365 2865 1421 τὸ
2921 1365 3096 1420 θέλειν
3159 1366 3226 1421 τὰ
3278 1364 3454 1441 ἀγαθᾶ
3513 1364 3643 1436 μετᾶ
3694 1357 3829 1438 φόϐου

2227 1453 2316 1506 καὶ
2344 1453 2575 1525 τρόμου.
2606 1454 2772 1511 ’Ὁταν
2814 1454 2917 1528 γὰρ
2976 1459 3012 1528 ᾗ
3068 1458 3252 1523 τοῦτο,
3313 1452 3513 1509 λοιπὸν
3548 1454 3575 1507 6
3604 1452 3721 1513 Θεὸς
3761 1450 3830 1505 καὶ

2227 1542 2291 1597 τὸ
2345 1540 2518 1605 θέλειν
2604 1540 2735 1597 αὐτὸ
2822 1540 2988 1613 αὔξει,
3077 1543 3167 1598 καὶ
3226 1543 3288 1598 τὸ
3340 1541 3742 1617 κατεργάζεσθαι
3784 1541 3832 1595 τὶ

2230 1629 2402 1703 ἀγαθᾶ
2431 1629 2727 1705 ἐνεργήσει.
2779 1632 2855 1688 "l1
2885 1632 2976 1687 ’ὀτε
3031 1628 3121 1686 διὰ
3174 1629 3397 1699 πολλὴν
3458 1630 3830 1705 εὖγνωμοσῦνην

2231 1718 2260 1772 6
2312 1716 2526 1782 Παῦλος
2585 1719 2676 1774 καὶ
2734 1718 2865 1774 αὐτὸ
2914 1720 2977 1774 τὸ
3034 1718 3210 1775 θέλειν
3268 1718 3413 1795 λέγει
3490 1726 3551 1774 ἐκ
3602 1723 3691 1774 τοῦ
3733 1716 3835 1773 Θεοῦ

469 1811 787 1866 titudinem
820 1811 1016 1882 ipsum
1051 1828 1290 1883 quoque
1319 1811 1468 1866 velle
1501 1811 1645 1866 dicit
1700 1828 1734 1866 a
1786 1813 1903 1867 Deo
1945 1813 2118 1879 effici,

2230 1805 2583 1883 ἐνεργεῖσθαι,
2641 1809 2717 1871 ὡς
2770 1809 2896 1863 ἄταν
2951 1810 3018 1863 τὰ
3056 1810 3458 1883 κατορθώματα
3514 1808 3693 1877 αὐτοῦ,
3724 1804 3833 1861 πολ-

478 1902 628 1956 sicut
650 1900 887 1972 quando
909 1919 1017 1956 sua
1039 1901 1547 1975 egregiafacinora
1594 1901 1940 1972 frequenter
1967 1902 2118 1957 dona

2232 1893 2391 1957 λάκις
2444 1896 2762 1971 χαρίσματα
2817 1895 3014 1968 καλεῖ,
3067 1897 3167 1953 οὐκ
3217 1897 3456 1972 ἀναιρῶν
3519 1897 3580 1953 τὸ
3626 1894 3837 1965 αὖτεξοῦ-

475 1990 737 2061 appellat
768 2007 781 2044 :
820 2006 941 2045 non
964 1989 1220 2045 liberum
1252 1991 1469 2045 tollens
1523 1990 1855 2045 arbitrium.
1907 1989 2077 2045 Absit
2107 1990 2119 2043 ι

474 2078 588 2133 Sed
620 2079 1002 2134 vehementer
1030 2084 1252 2151 gratus,
1288 2080 1607 2150 omniaque
1639 2079 1701 2132 in
1734 2079 1916 2133 Deum
1970 2078 2123 2133 refe—

472 2183 613 2222 rens
646 2184 659 2220 :
692 2172 758 2221 ut
785 2184 895 2222 nos
926 2168 1105 2223 etiam
1132 2184 1236 2239 pro
1269 2168 1361 2223 his
1423 2184 1554 2238 quas
1612 2184 1951 2239 operamur,
2005 2172 2121 2223 Deo

474 2256 693 2326 gratias
724 2273 985 2329 agamus.
1022 2279 1050 2307 «
1077 2258 1141 2312 In
1171 2257 1355 2313 vobis.
1389 2278 1418 2307 »
1450 2261 1510 2312 In
1541 2257 1704 2312 vobis
1737 2257 1837 2328 qui
1868 2263 2120 2313 vestram

474 2343 726 2401 salutem
758 2362 895 2401 cum
926 2347 1135 2401 timore
1168 2351 1227 2401 et
1270 2352 1529 2403 tremore
1591 2347 1921 2420 operamini
1954 2362 1968 2402 ε
2021 2363 2122 2402 eos

475 2452 733 2507 namque
760 2437 861 2507 qui
893 2437 1041 2492 tales
1072 2444 1210 2492 sunt
1240 2437 1495 2509 adjuvat.
1536 2461 1556 2487 ι
1606 2440 1719 2494 Pro
1777 2437 2121 2509 beneplaci-

477 2530 555 2580 to.
581 2547 608 2576 ι)
644 2527 717 2581 Ut
746 2527 1116 2598 compleatur
1148 2527 1210 2582 in
1240 2527 1404 2583 vobis
1432 2527 1871 2600 beneplacitum
1918 2544 1987 2584 ac
2030 2545 2124 2583 vo—

477 2614 679 2670 luntas
709 2614 917 2687 ipsius.

544 2705 614 2771 II,
653 2706 831 2759 14-16.
867 2706 1063 2760 Omnia
1090 2708 1262 2774 facite
1308 2705 1429 2762 sine
1483 2706 2014 2764 murmurationibus
2060 2724 2123 2763 ac

474 2792 1055 2863 disceptationibus,ut
1074 2796 1309 2849 nemode
1334 2795 1486 2850 vobis
1503 2798 1676 2866 quaeri
1715 2797 1911 2868 possit,
1944 2799 2125 2853 since-

474 2881 635 2952 rique
662 2882 798 2938 Filii
826 2885 946 2951 Dei,
979 2886 1477 2955 irreprehensibiles
1534 2888 1593 2941 in
1652 2887 1833 2942 medio
1882 2890 2123 2943 nationis

466 2987 658 3042 prava
687 2988 753 3027 ac
782 2978 1057 3040 tortuosae,
1091 2973 1236 3029 inter
1266 2991 1397 3045 quos
1430 2977 1616 3031 lucetis
1647 2983 1911 3047 tanquam
1959 2978 2122 3032 lumi-

475 3062 641 3115 naria
668 3063 728 3116 in
755 3064 960 3118 mundo
987 3079 1287 3119 sermonem
1318 3067 1441 3120 vita:
1472 3065 1814 3121 continentes
1839 3083 1851 3119 :
1885 3073 1946 3120 ul
2003 3067 2121 3136 glo-

469 3154 613 3207 riari
631 3153 842 3224 possim
871 3156 930 3209 in
958 3155 1104 3210 diem
1134 3155 1357 3222 Christi,
1388 3158 1537 3226 quod
1564 3174 1673 3212 non
1704 3161 1762 3212 in
1792 3176 1995 3214 vanum
2023 3177 2122 3215 cu-

471 3243 760 3311 currerim,
794 3260 893 3299 nec
920 3246 981 3299 in
1012 3261 1217 3301 vanum
1247 3247 1632 3303 laboraverim.

541 3354 569 3382 «
596 3332 734 3388 Sine
766 3335 1360 3391 murmurationibus.
1396 3359 1425 3386 »
1455 3338 1600 3392 Nam
1633 3338 1733 3409 qui
1765 3345 2116 3407 murmurat,

466 3421 586 3476 Deo
616 3421 881 3492 ingratus
912 3428 1003 3477 est
1028 3439 1041 3476 :
1075 3424 1177 3493 qui
1207 3440 1343 3479 vero
1374 3425 1639 3497 ingratus
1661 3433 1770 3495 est,
1796 3428 2116 3486 maledicit.

465 3508 936 3579 Disceptationes
966 3525 1102 3564 vero
1135 3510 1279 3566 dicit
1334 3512 1755 3570 haesitationes.
1812 3518 2117 3587 Proposito

466 3596 630 3652 enim
659 3597 766 3652 Dei
798 3604 1116 3671 praecepto,
1147 3616 1269 3655 non
1299 3606 1533 3672 oportet
1560 3603 1884 3676 ambigere,
1918 3612 2116 3662 utrum

465 3685 661 3743 facere
691 3692 961 3759 oporteat
990 3705 1191 3746 annon
1219 3690 1438 3759 facere,
1480 3692 1585 3747 sed
1638 3694 1841 3750 omnia
1896 3694 2113 3750 facere.

467 3796 497 3825 «
532 3776 603 3831 Ut
632 3792 810 3832 nemo
842 3777 913 3832 de
943 3777 1107 3834 vobis
1139 3779 1326 3850 quaeri
1355 3780 1562 3852 possit.
1598 3803 1626 3831 »
1652 3782 1722 3837 Ut
1739 3781 2112 3855 sitis,inquit,

464 3863 689 3936 absque
714 3865 847 3921 fuco
881 3871 941 3922 et
970 3867 1330 3925 oli‘endiculo
1361 3886 1431 3925 ac
1462 3870 1950 3941 reprehensione.
1989 3893 2014 3925 α
2045 3874 2112 3929 In

465 3953 663 4009 medio
707 3955 966 4012 nationis
996 3973 1208 4027 pravas.
1243 3958 1512 4014 Ostendit
1540 3959 1699 4031 quod
1733 3961 1905 4016 multi
1946 3966 2115 4018 erant

463 4041 902 4114 impugnantes.
935 4044 1088 4099 etad
1140 4047 1679 4102 murmurationem
1736 4048 2112 4107 inducentes.

465 4129 577 4185 Sed
598 4130 1316 4205 hoc,inquit,praaclarum
1339 4141 1429 4191 est
1467 4142 1532 4191 ut
1580 4136 1631 4192 is
1675 4138 1776 4208 qui
1807 4139 2117 4195 vellicatur

467 4234 588 4273 non
613 4228 1164 4294 murmuret,neque
1182 4224 1244 4279 in
1262 4223 1511 4280 dubium
1536 4231 1639 4281 aut
1676 4226 2113 4284 haesitationem

467 4308 656 4364 cadat.
685 4310 895 4367 «Inter
911 4329 1060 4383 quos
1082 4313 1314 4370 lucetis.
1345 4336 1374 4364 »
1409 4316 1570 4370 Inter
1611 4333 1758 4387 quos
1806 4334 2017 4389 pravos
2046 4336 2114 4374 ac

466 4401 783 4468 tortuosos,
819 4406 1103 4471 tanquam
1134 4403 1456 4459 luminaria
1510 4404 1744 4461 lucetis.
1806 4407 2112 4479 Siquidem

466 4488 971 4557 quemadmodum
1003 4490 1324 4549 luminaria
1354 4493 1414 4548 in
1446 4494 1708 4550 tenebris
1732 4495 1912 4561 lucet,
1943 4497 2026 4553 ita
2056 4502 2115 4552 et
2147 4511 2189 4576 ο

464 4592 564 4631 vos
582 4577 643 4631 iu
667 4576 880 4634 mediis
898 4585 1277 4650 peccatorum
1298 4581 1538 4636 illorum
1570 4581 1833 4637 tenebris
1879 4583 2111 4641 lucetis.

467 4686 494 4714 «
526 4665 873 4723 Sermonem
897 4668 1029 4724 vitae
1053 4670 1449 4727 continentes.
1478 4693 1506 4720 »
1533 4672 1649 4726 Hoc
1690 4677 1799 4736 est,
1849 4673 1951 4728 86
1982 4674 2116 4730 sub-

467 4752 619 4807 sidia
648 4770 715 4809 ac
748 4756 979 4811 semina
1036 4758 1166 4813 vitae
1226 4758 1532 4815 habentes.
1593 4766 1675 4815 Ac
1734 4761 1782 4815 si
1841 4761 2111 4818 diceret:

467 4841 904 4914 Scientesquod
925 4863 1024 4902 vos
1047 4864 1117 4902 ex
1139 4848 1259 4903 illis
1310 4849 1451 4904 estis
1479 4849 1580 4920 qui
1623 4850 1742 4905 vita
1790 4849 2114 4908 immortali

463 4929 698 4986 vivent:
731 4948 870 4989 nam
902 4934 989 4989 illi
1024 4952 1094 4991 ex
1125 4936 1245 4991 illis
1272 4943 1414 4993 sunt
1443 4939 1545 5009 qui
1577 4945 1767 4993 morte
1792 4939 2113 4997 immortali

466 5021 820 5077 morientur.
852 5023 1028 5081 Vides
1059 5027 1238 5081 etiam
1270 5027 1409 5081 hinc
1431 5028 1630 5083 statim
1686 5028 2114 5086 retributiones

466 5121 717 5177 virtutis.
754 5144 781 5171 »
816 5124 885 5179 Ut
913 5123 1152 5196 gloriari
1185 5127 1429 5197 possim.
1460 5147 1487 5177 ο
1521 5127 1583 5182 Id
1614 5127 1775 5183 enim
1804 5144 1926 5184 non
1949 5129 2113 5185 vobis

466 5213 835 5281 tantum,sed
858 5215 1080 5271 etmihi
1113 5216 1528 5287 gloriationem
1577 5219 1934 5290 ali’ert,quod
1964 5219 2113 5277 tales

466 5300 795 5358 docuerim.
831 5326 859 5354 «
893 5305 1058 5370 Quod
1091 5322 1212 5360 non
1252 5306 1314 5362 in
1362 5323 1579 5362 vanum
1624 5309 2046 5364 conrurrerim.
2082 5332 2110 5361 ››

466 5389 654 5454 Quam
683 5391 866 5449 habes
895 5392 1335 5466 gloriationem,
1367 5412 1400 5450 ο
1429 5395 1604 5452 beata
1650 5396 1890 5452 anima?
1945 5397 2111 5463 Quod

466 5496 588 5535 non
619 5481 681 5536 in
711 5499 947 5553 vanum,
981 5485 1196 5556 inquit,
1229 5486 1636 5559 cencurrerim
1654 5503 1849 5558 neque
1874 5486 2109 5544 labora.

465 5567 671 5624 verim.
705 5570 826 5627 Hoc
858 5577 966 5642 est,
998 5573 1156 5645 quod
1182 5591 1303 5631 non
1334 5591 1549 5632 vanum
1581 5581 1639 5630 et
1690 5574 1901 5631 inutile
1960 5577 2107 5633 mihi

466 5653 646 5711 fuerit
677 5658 836 5727 quod
865 5676 965 5716 vos
997 5662 1319 5719 docuerim.
1382 5662 1495 5720 Sed
1552 5664 1599 5718 si
1649 5663 1946 5731 immolor,
1996 5666 2108 5723 hoc

2231 2005 2381 2040 σιον.
2442 1985 2694 2062 ’Δπαγει
2754 1984 2932 2040 Ἀλλὰ
2994 1983 3199 2065 σφόδρα
3254 1984 3328 2041 ὢν
3401 1986 3717 2064 εὐχάριστός
3762 1983 3831 2038 καὶ

2229 2074 2400 2130 πάντα
2445 2075 2711 2138 ἀνατιθεὶς
2757 2080 2839 2148 τῷ
2895 2081 3033 2149 Θεῷ,
3090 2076 3178 2131 ἳνα
3232 2077 3320 2132 καὶ
3386 2078 3524 2148 ὑπὲρ
3582 2077 3652 2131 ὧν
3706 2078 3835 2147 ἡμεῖς

2227 2163 2618 2239 κατορθοῦμεν,
2654 2164 2817 2239 χάριν
2858 2159 3075 2239 ἔχωμεν
3136 2169 3215 2237 τῷ
3269 2169 3409 2237 Θεῷ.
3472 2187 3503 2216 ι(
3534 2166 3618 2221 Ἐν
3666 2164 3839 2235 Enim»

2231 2254 2318 2309 Ἐν
2361 2254 2487 2326 ὑμῖν
2535 2257 2653 2315 τοῖς
2702 2254 2838 2327 μετὰ
2893 2253 3071 2333 φόλου
3120 2253 3210 2309 καί
3261 2255 3476 2329 τρόμου
3530 2257 3627 2325 τὴν
3675 2255 3839 2308 ἑαυτῶν

2230 2342 2504 2414 σωτηρίαν
2534 2343 3046 2417 κατεργαζομὲνοις.
3095 2344 3227 2404 Τοῖς
3285 2342 3390 2418 γὰρ
3449 2342 3713 2401 τοιούτοις
3746 2361 3842 2394 συν-

2232 2434 2399 2505 εργεῖ.
2471 2430 2687 2504 «Ὑπὲρ
2756 2438 2855 2499 σῆς
2911 2427 3184 2499 εὐδοκίας,
3236 2434 3334 2485 τοῦ
3384 2429 3737 2505 πληρωθῆναι
3784 2428 3841 2489 εἷς

2233 2518 2375 2591 ὑμᾶς
2395 2519 2493 2587 τὴν
2531 2514 2778 2574 εὐδοκίαν
2806 2518 2896 2574 καὶ
2927 2522 3027 2590 τήν
3061 2519 3272 2591 βοολήν
3313 2517 3507 2576 αὐτοῦ.

2303 2700 2486 2754 Πάντα
2539 2703 2747 2753 ποιεῖτε
2839 2698 3016 2774 χωρὶς
3100 2704 3439 2776 γογγυσμῶν
3528 2701 3616 2755 καὶ
3689 2695 3841 2753 διαλο-

2229 2793 2461 2863 γισμῶν,
2540 2786 2633 2843 ’ἶνα
2715 2788 2943 2864 γὲνησθι
3026 2788 3306 2862 ἄμεμπτοι
3381 2790 3478 2844 καὶ
3582 2789 3837 2862 ἀκαέραιοι,

2229 2877 2388 2932 τέκνα
2440 2880 2573 2931 Θεοῦ
2650 2876 2952 2949 ἀμώμητα,
3038 2876 3089 2930 ὲν
3181 2875 3331 2951 μέσῳ
3415 2884 3602 2953 γενεᾶς
3658 2874 3839 2931 σκολιᾶς

2230 2966 2321 3021 καὶ
2378 2962 2808 3041 διεστραμμένης
2845 3010 2859 3036 ,
2918 2966 2972 3020 ἒν
3059 2967 3138 3028 οἷς
3197 2965 3447 3044 φαίνεσθε
3532 2968 3607 3028 ὡς
3660 2969 3839 3044 φωστῆ-

2234 3075 2320 3128 ρες
2352 3052 2403 3109 ἐν
2433 3055 2649 3126 κόσμῳ,
2714 3051 2881 3130 λόγον
2941 3060 3085 3125 ζωῆς
3146 3054 3462 3131 ἐπέχοντες,
3504 3055 3580 3117 εἷς
3624 3053 3839 3128 καύχημα

2233 3142 2409 3215 ἐμοὶ,
2458 3143 2534 3206 εἷς
2589 3141 2800 3218 ἠμέράν
2884 3145 3114 3219 Χριστοῦ
3152 3186 3167 3213 ,
3215 3143 3300 3199 ὅτι
3386 3145 3494 3201 οὐκ
3575 3143 3650 3205 εἴς
3721 3147 3839 3196 κενὸν

2232 3228 2488 3308 ἔδραμον,
2520 3229 2646 3287 οὐδὲ
2676 3231 2753 3295 εἷς
2785 3233 2932 3288 κενὸν
2966 3232 3250 3289 ἐκοπίασα.

2304 3344 2329 3376 ι
2365 3320 2549 3394 Χωρῖς
2581 3326 2935 3396 γογγυσμῶν.
2972 3348 2995 3377 ι
3049 3323 3112 3380 Ὁ
3169 3323 3271 3398 γὰρ
3335 3324 3624 3399 γογγύζων
3680 3323 3841 3396 ἀχαρι-

2228 3414 2460 3483 στεῖτῷ
2516 3414 2651 3482 Θεῷ.
2711 3410 2773 3467 Ὁ
2830 3407 2889 3465 δὲ
2952 3411 3267 3486 ἀχαριστῶν
3325 3409 3625 3491 δυσφημεῖ.
3684 3406 3841 3465 Διαλα-

2225 3499 2453 3575 γισμοὺς
2508 3495 2586 3568 δὲ,
2677 3500 2834 3577 φησὶ,
2892 3500 2987 3563 τὰς
3034 3496 3392 3580 ἀμφιϐολίας.
3453 3499 3713 3569 Ἐντολῆς
3752 3497 3833 3571 γὰρ

2227 3592 2362 3644 Θεοῦ
2436 3588 2823 3660 προκειμένης,
2909 3586 2971 3643 οὐ
3052 3586 3135 3643 δεῖ
3191 3585 3593 3669 ἀμφισϐητεῖν,
3651 3588 3744 3662 ἆρα
3784 3582 3843 3640 δεῖ

2226 3678 2449 3746 ποιῆσαι
2482 3674 2517 3746 ἢ
2563 3678 2640 3750 μὴ
2698 3682 2952 3749 ποιῆσαι,
3011 3675 3158 3735 ἀλλᾶ
3214 3680 3386 3735 πάντα
3447 3684 3650 3736 ποιεῖν.
3702 3677 3839 3732 ιιἽνι

2223 3767 2449 3841 γένησθε
2505 3765 2807 3839 ἄμεμπτοι.
2841 3789 2869 3817 ››
2918 3768 3036 3823 Ἵνα
3089 3767 3341 3841 γένησθε,
3393 3770 3586 3843 φησὶν,
3644 3766 3835 3838 εἱλικρι-

2223 3860 2330 3918 νεῖς
2374 3855 2465 3910 καὶ
2508 3853 2847 3929 ἀπρόσκοποι
2905 3855 2996 3910 καὶ
3056 3855 3301 3929 ἅψεκτοι.
3359 3881 3389 3909 α
3447 3858 3538 3914 Ἐν
3594 3855 3731 3930 μέσῳ
3770 3870 3836 3927 γε·

2222 3948 2362 4006 νεᾶς.
2395 3967 2422 3994 ››
2462 3942 2736 3998 Δείκνυσιν
2779 3944 2861 3998 ὅτι
2912 3940 3119 3999 πολλοὶ
3180 3943 3314 4014 ἦσαν
3367 3945 3419 4001 οἳ
3481 3943 3837 4017 πολεμοῦντες,

2223 4036 2317 4087 καῖ
2371 4030 2510 4106 πρὸς
2568 4032 2886 4108 γογγυσμὸν
2946 4030 3253 4108 ἐπάγοντες.
3324 4031 3508 4089 ’Δλλὰ
3546 4036 3701 4087 τοῦτο
3744 4025 3837 4081 ivd-

2226 4141 2397 4195 ρετον,
2427 4119 2583 4194 φησὶ,
2612 4121 2675 4176 τὸ
2704 4123 3170 4200 παρακνιζόμενον
3223 4124 3364 4196 μήτε
3418 4124 3699 4199 γογγόσαι,
3731 4118 3838 4191 μήτε

2225 4210 2303 4273 εἷς
2365 4204 2702 4289 ἀμφιϐολίαν
2758 4213 2941 4266 πεσεῖν
2998 4212 3033 4282 ἢ
3089 4208 3411 4287 δισταγμόν.
3469 4213 3612 4268 «Ἐν
3641 4210 3716 4269 οἷς
3741 4202 3837 4281 φαίη

2222 4300 2391 4355 νεσθε.
2429 4321 2456 4349 »
2512 4300 2603 4355 ’Ev
2662 4299 2749 4361 οἷς
2807 4297 3054 4361 σκολιοῖς
3105 4299 3195 4355 καὶ
3263 4297 3725 4374 διεστραμμένοις,
3776 4294 3834 4353 ὡς

2222 4402 2506 4477 φωστῆρες
2563 4395 2836 4473 φαίνεσθε.
2911 4397 3014 4454 Καὶ
3075 4397 3177 4472 γὰρ
3231 4394 3414 4475 ὥσπερ
3475 4399 3533 4453 οἱ
3591 4398 3833 4474 φωστῆρες

2220 4483 2272 4541 ἐν
2322 4485 2501 4541 σκότει
2561 4482 2868 4557 λάμπουσι,
2924 4485 3016 4540 καὶ
3075 4486 3229 4559 ὑμεῖς
3268 4485 3321 4542 ἐν
3382 4488 3533 4560 μέσῳ
3586 4489 3662 4557 τῷ
3688 4479 3831 4537 σκότει

2222 4579 2331 4629 τῶν
2366 4574 2647 4649 ἁμαρτιῶν
2697 4572 2873 4629 αὐτῶν
2932 4572 3199 4648 λάμπετε.
3260 4598 3289 4627 ‹‹
3350 4574 3527 4649 Λόγον
3587 4578 3720 4642 ζωῆς
3764 4564 3829 4621 δεῖ

2224 4662 2467 4741 ἔχοντες.
2503 4686 2532 4715 ››
2613 4660 2894 4730 Τουτὲστι,
2985 4663 3268 4736 σπέρματα
3342 4666 3489 4733 ζωῆς
3541 4661 3627 4717 καὶ
3678 4651 3827 4737 ἐφόδια

2224 4748 2465 4826 ἔχοντες,
2515 4750 2643 4805 ὡσεὶ
2719 4745 2892 4825 ἔλεγε,
2956 4752 3359 4826 Γινωσκόμενοι
3416 4752 3502 4806 ὃτι
3552 4751 3699 4824 ὑμεῖς
3743 4747 3826 4797 τῶν

2227 4840 2536 4914 ζησομὲνων
2597 4838 2717 4895 ἐστὶ
2763 4840 2861 4908 τήν
2915 4839 3178 4896 ἀθάνατον
3242 4841 3407 4910 ζωὴν.
3460 4841 3676 4897 Ἐκεῖνοι
3727 4831 3824 4908 γὰρ,

2220 4933 2329 4985 τῶν
2361 4927 2769 5001 τεθνηξομένων
2803 4927 2910 4983 εἶσὶ
2939 4929 3034 4985 τὸν
3085 4928 3349 4994 ἀθάνατον
3408 4928 3647 4994 θάνατον.
3697 4922 3827 4993 Ὁρᾷς

2222 5028 2311 5082 καί
2344 5025 2583 5092 ἰντεῦθεν
2617 5026 2769 5088 εὐθὺς
2825 5026 2919 5090 τὰς
2976 5022 3212 5101 ἀμοιϐὰς
3259 5034 3361 5099 τῆς
3416 5027 3648 5102 ἀρετῆς;
3710 5016 3823 5076 «Εἷς

2219 5120 2489 5194 καύχημα
2518 5116 2661 5191 ἐμοί.
2701 5141 2730 5170 ››
2771 5121 2943 5174 Τοῦτο
3001 5119 3104 5195 γὰρ
3159 5119 3221 5174 οὗ
3292 5119 3457 5192 μόνον
3517 5119 3657 5192 ὑμῖν,
3711 5106 3825 5167 ἀλλά

2219 5209 2310 5263 καὶ
2344 5206 2468 5282 ἐμοὶ
2527 5208 2677 5281 φέρει
2732 5208 3024 5283 καύχημα,
3078 5207 3163 5263 ὅτι
3218 5209 3501 5271 τοιούτους
3564 5199 3822 5262 ἐπαίδευσα.

2229 5317 2251 5347 ι
2286 5297 2410 5353 Ὅτι
2461 5295 2566 5351 οὐκ
2621 5293 2699 5357 εἰς
2777 5295 2929 5350 κενὸν
3010 5293 3270 5371 ἔδραμον.
3305 5320 3334 5348 ››
3391 5297 3551 5353 Ποῖον
3602 5288 3823 5363 καύχημα

2220 5380 2389 5461 ἔχεις,
2423 5382 2468 5438 ὦ
2501 5381 2741 5459 μακαρία
2782 5386 2935 5460 ψυχή
2972 5403 2987 5453 ς
3019 5385 3138 5439 “On
3170 5385 3273 5440 οὐκ
3320 5385 3395 5447 εἰς
3443 5384 3615 5451 κενὸν,
3671 5373 3818 5461 φησὶν.

2219 5460 2453 5551 ἔδραμον
2490 5516 2504 5541 ,
2566 5469 2690 5528 οὐδὲ
2750 5471 3031 5532 ἐκοπίασα.
3093 5472 3411 5544 Ἰόυτέστιν,
3455 5473 3535 5528 ὅτι
3565 5470 3624 5526 οὐ
3660 5460 3818 5541 ματαία

2218 5573 2309 5630 καὶ
2369 5568 2658 5648 ἀνωφελὴς
2712 5569 2905 5647 γέγονέ
2964 5593 3062 5646 μοι
3101 5575 3136 5642 ἡ
3193 5572 3271 5636 εἰς
3327 5572 3464 5646 ὑμᾶς
3516 5560 3808 5626 διδασκαλία.

2220 5659 2420 5730 Ἀλλὰ,
2478 5659 2524 5714 tl
2583 5657 2915 5734 σπένδομαι,
2971 5658 3268 5734 τουτέστιν,
3318 5661 3369 5716 εἴ
3403 5660 3491 5716 καὶ
3527 5653 3811 5721 ἂποθνήσκων
