4072 6266
301 283 481 359 1289

1360 277 1778 341 (ΪΟΜΜΕΝΤ.
1827 280 1904 340 ιΝ
1948 278 2197 343 EPIST.
2244 284 2349 345 AD
2395 285 2684 349 PHILlP.

3572 296 3730 357 1290

300 414 474 493 (ρησὶ,
503 413 595 470 καὶ
627 415 745 469 οἷον
777 411 964 477 θυσίαν
1017 410 1218 486 gmw
1258 412 1371 466 xui
1429 407 1668 479 σπονδήν
1728 409 1959 483 ἐμαυτὸν

2077 420 2535 490 est.quanquam
2566 423 2876 480 moriar.et
2911 425 3090 480 veluti
3112 426 3414 484 victimam
3434 429 3730 501 meipsum

302 504 641 584 προσφέρειν
676 504 894 577 Χριστῷ
924 502 1006 573 (τὸ
1036 501 1141 576 γὰρ
1175 500 1309 575 ὑπὲρ
1370 501 1607 575 Χριστοῦ
1656 500 1972 584 ἀποθανεῖν,

304 592 507 657 θυσίαν
570 592 711 648 ἐστὶν
791 591 976 647 ἑαυτὸν
1038 588 1396 665 προσενέγκαι
1455 590 1528 664 Χρ
1557 590 1709 660 στῷ),
1769 590 1973 663 χαίρω,

305 682 501 759 φησίν.
538 680 616 737 0'3
638 684 800 736 τοῦτο
831 677 888 733 δὲ
922 680 1089 750 εἶπεν,
1139 679 1215 741 ὡς
1269 683 1361 731 νῦν
1422 678 1780 748 ἀποθνήσκειν
1839 676 1976 750 μὲλ-

307 783 455 835 Λων,
514 768 661 825 ἀλλὰ
720 769 783 824 τὸ
838 769 1060 843 ὕστερον
1118 765 1370 839 ἐσόμενον
1428 768 1834 843 προεξηγεῖται,
1882 765 1973 821 καὶ

307 864 828 934 προπαραμυθεῖται
854 858 984 919 τοὺς
1017 857 1289 929 μαθητὰς,
1349 854 1557 917 δεικνὺς
1614 856 1691 917 ὡς
1738 855 1800 911 οὐ
1860 857 1971 932 χρή

310 946 610 1004 λυπεῖσθαι
639 946 727 1003 ἐπὶ
752 951 821 1020 τῇ
851 945 1079 1021 τελευτῇ
1115 943 1304 1013 αὐτοῦ,
1334 946 1457 1015 ἣτις
1513 944 1589 1007 ὡς
1645 942 1849 1013 σπονδή
1883 944 1973 1000 καὶ

309 1038 476 1093 θυσία
505 1037 834 1113 προσάγεται
865 1039 1103 1111 Χριστῷ,
1151 1033 1300 1091 ἀλλὰ
1328 1034 1418 1089 καὶ
1451 1035 1685 1110 χαίρειν.

387 1324 549 1384 Ἀλλ’
608 1326 656 1381 εί
712 1325 801 1381 καὶ
867 1321 1169 1396 σπένδομαι
1216 1321 1304 1378 ἐπὶ
1362 1325 1431 1395 τῇ
1491 1321 1646 1394 θυσίᾳ
1701 1323 1793 1379 καὶ
1862 1322 1974 1379 λει-

308 1415 545 1491 τουργίᾳ
599 1421 702 1484 τῆς
757 1414 989 1476 πίστεως
1049 1414 1228 1487 ὑμῶν,
1287 1412 1466 1487 χαίρω
1523 1412 1614 1468 καὶ
1686 1414 1970 1492 συγχαίρω

306 1509 474 1559 πᾶσιν
510 1504 660 1576 ὑμῖν.
691 1501 763 1558 Τὸ
795 1501 843 1557 δ’
876 1502 1009 1558 αὐτὸ
1037 1501 1129 1558 καὶ
1167 1502 1322 1574 ὑμεῖς
1352 1500 1576 1577 χαίρετε
1619 1500 1709 1556 καὶ
1740 1501 1971 1577 συγκαί-

314 1591 438 1669 ρετέ
471 1614 586 1667 μοι.

390 1682 607 1755 [ΦΩΤ.]
636 1680 713 1738 Τὸ
743 1679 952 1755 χωρίον
1010 1683 1199 1747 τοῦτο,
1255 1676 1292 1749 ἤ
1325 1680 1402 1741 ὡς
1452 1679 1504 1734 οἱ
1535 1679 1642 1755 πρὸ
1672 1683 1834 1754 ἡμῶν
1885 1680 1971 1752 ἰξ-

2087 503 2198 559 sim
2230 505 2538 563 oblaturus
2568 509 2798 565 Christo
2828 513 2989 581 (nam
3018 530 3123 585 pro
3154 516 3386 572 Christo
3420 518 3591 579 mori.
3645 525 3733 574 est

2084 610 2348 666 seipsum
2371 596 2664 652 victimam
2698 602 2910 655 ofi‘erre
2941 603 3216 665 Christo).
3243 607 3731 677 gaudeo,ait.N0n

2086 681 2459 738 dixitautem
2492 687 2603 741 hoc
2659 689 2817 757 quod
2877 706 3037 744 nunc
3096 692 3172 745 sit
3229 695 3573 754 moriturus.
3627 702 3731 756 sed

2085 772 2241 841 quod
2274 776 2649 843 postmodum
2684 778 2944 834 futurum
2977 785 3531 855 estpraanuntiat,et
3555 796 3732 846 antea

2085 860 2409 933 discipulos
2441 866 2783 921 consolatur
2815 870 3174 926 :ostendens
3204 874 3363 943 quod
3395 892 3513 931 non
3544 895 3729 950 opor-

2083 955 2206 1005 teat
2234 952 2571 1009 contristari
2604 955 2677 1010 ob
2708 962 2960 1012 mortem
3019 959 3227 1031 ipsius,
3284 963 3382 1034 qui
3445 971 3727 1037 tanquam

2084 1040 2442 1096 sacrificium
2474 1048 2533 1096 et
2561 1042 2779 1100 oblatio
2810 1046 3057 1103 offertur
3082 1050 3335 1121 Christo,
3370 1054 3474 1109 sed
3531 1057 3728 1127 potius

2083 1129 2362 1199 gaudere.

2154 1280 2224 1347 II,
2263 1285 2348 1344 17,
2386 1283 2471 1336 18.
2505 1305 2533 1333 α
2558 1284 2895 1348 Quinetiam
2925 1289 2974 1342 si
3006 1289 3285 1347 immolor
3316 1310 3494 1366 super
3553 1299 3727 1354 sacri-

2085 1392 2113 1419 «
2145 1370 2276 1426 ficio
2304 1377 2361 1426 et
2390 1373 2693 1429 oblatione
2720 1375 2855 1431 fidei
2885 1384 3112 1441 vestrm.
3139 1382 3366 1452 gaudeo
3388 1390 3447 1439 et
3475 1402 3730 1459 congau-

2092 1480 2117 1511 α
2148 1459 2258 1516 deo
2288 1462 2566 1517 omnibus
2596 1464 2778 1520 vobis.
2812 1465 2894 1521 Ob
2952 1467 3214 1540 idipsum
3267 1477 3466 1529 autem
3518 1480 3577 1529 et
3623 1494 3724 1530 vos

2085 1572 2113 1599 «
2146 1550 2395 1622 gaudete
2426 1568 2494 1607 ac
2524 1554 2891 1626 congaudete
2912 1558 3082 1613 mihi.

2154 1703 2452 1759 Particula
2476 1704 2603 1760 haec
2633 1711 2735 1762 aut
2764 1707 3152 1783 intelligenda
3176 1718 3264 1768 est
3289 1715 3440 1772 sicut
3470 1717 3727 1788 majores

311 1773 592 1847 ηγτςσαντο
623 1768 996 1841 ἐκληπτέον,ἢ
1024 1769 1112 1824 καὶ
1143 1769 1339 1830 οὕτως·
1368 1768 1527 1826 Ἀλλ’
1555 1769 1603 1825 εἰ
1643 1769 1733 1824 καὶ
1766 1769 1963 1864 θυομαι

2083 1793 2271 1846 nostri
2301 1792 2673 1864 interpretati
2732 1802 2889 1864 sunt,
2944 1768 3046 1854 aut
3100 1802 3212 1857 hoc
3271 1768 3449 1860 etiam
3498 1768 3720 1861 modo:

311 1855 408 1914 διὰ
434 1860 535 1926 τήν
562 1860 749 1913 θυσίαν
789 1857 879 1914 καί
937 1855 1279 1934 λειτουργίαν
1337 1864 1439 1927 τῆς
1496 1859 1731 1921 πίστεως
1791 1859 1968 1933 ὑμῶν,

322 1949 393 2019 ἣν
449 1949 781 2026 ἱερούργῃσα
838 1953 918 2019 τῷ
974 1953 1114 2021 Θεῷ,
1174 1948 1355 2024 χαίρω
1433 1950 1528 2022 μὶν
1584 1948 1659 2011 ὡς
1713 1947 1960 2021 ἀληθῶς.

311 2039 471 2114 Χαρὰ
500 2040 604 2114 γὰρ
639 2035 994 2107 διδασκάλου,
1036 2041 1069 2107 ἡ
1121 2042 1228 2095 τῶν
1290 2039 1734 2111 μαθητευθὲντων
1762 2040 1970 2095 τελειό-

314 2150 440 2198 της.
473 2127 778 2207 Συγχαίρω
801 2125 880 2194 δὲ,
922 2126 1006 2183 ὅτι
1037 2130 1124 2183 καὶ
1185 2128 1338 2183 αὐτοῖ
1391 2126 1763 2203 τελειούμενοι
1795 2135 1968 2205 χαρᾶς

314 2217 624 2275 ἀπολαύετε
657 2218 937 2295 μεγίστης.
972 2221 1132 2274 Ὥστε
1161 2216 1268 2295 ἐγὼ
1297 2219 1394 2291 μὶν
1452 2215 1543 2273 διὸ.
1596 2222 1756 2274 τοῦτο
1786 2221 1968 2295 χαίρω

303 2306 405 2362 καὶ
441 2306 727 2382 συγχαίρω
760 2307 911 2380 ὑμῖν,
944 2307 1034 2362 καὶ
1094 2308 1253 2380 ὑμεῖς
1310 2304 1369 2362 δὲ
1425 2305 1675 2385 ὀιρείλετε
1730 2307 1967 2382 χαίρειν,

311 2398 400 2454 ὅτι
432 2400 642 2474 γίνεσθε
674 2398 724 2452 ἐν
765 2397 1096 2469 τελειότητι,
1155 2397 1243 2453 καὶ
1304 2400 1621 2474 συγχαίρειν
1682 2399 1829 2472 ἐμοὶ,
1883 2400 1967 2455 ὅτι

310 2487 628 2566 ηὐφράνατε
653 2486 745 2542 τὸν
776 2483 1121 2541 διδάσκαλον.
1145 2494 1300 2542 Δοκεῖ
1331 2484 1388 2542 δὲ
1418 2483 1550 2549 ἴσως
1577 2488 1706 2542 τό⁶‹‹
1739 2486 1900 2543 Ἀλλ’
1921 2488 1970 2543 εἴ

305 2577 395 2633 καὶ
430 2574 756 2650 σπένδομαι,
794 2601 815 2628 ι
852 2570 1059 2630 ἔννοιαν
1110 2576 1477 2654 παρεισάγειν,
1538 2576 1627 2632 δτι
1688 2577 1734 2632 εἰ
1768 2578 1845 2650 μή
1877 2576 1967 2633 ἐπὶ

305 2666 378 2735 τῇ
411 2663 569 2734 θυσίᾳ
628 2662 802 2717 αὐτῶν
877 2658 1183 2731 ἐσπένδετο,
1215 2662 1468 2718 ἐλυπεῖτο
1507 2662 1590 2718 ἄν.
1632 2664 1805 2720 Τοῦτο
1862 2665 1966 2740 γὰρ

324 2750 612 2826 ὑποφαίνει
645 2751 673 2806 ὁ
703 2754 800 2806 τοῦ
830 2748 1003 2827 λόγου
1034 2751 1447 2830 σχηματισμός.
1509 2751 1608 2808 Καί
1655 2773 1849 2830 φαμεν,
1881 2752 1965 2808 ὅτι

316 2837 638 2897 οὐδὲτοῦτο
668 2839 892 2896 ἄτοπον.
935 2839 998 2895 Ei
1029 2840 1130 2915 γὰρ
1187 2840 1349 2902 αὐτὸς
1405 2841 1614 2921 προέφη
1675 2841 1966 2917 ἀναγκαιό-

307 2948 465 3003 τερον
496 2930 750 3004 ἡγεῖσθαι
779 2929 841 2983 τὸ
873 2927 1146 3001 ἐπιμένειν
1177 2927 1337 2983 αὐτὸν
1386 2934 1455 3003 τῇ
1504 2929 1661 3004 σαρκὶ
1720 2927 1809 2985 διὰ
1860 2931 1963 2998 τήν

310 3019 600 3093 προκοπὴν
630 3017 721 3073 καὶ
758 3020 858 3087 τὴν
898 3016 1178 3072 τελείωσιν
1238 3021 1347 3072 τῶν
1406 3021 1687 3091 μαθητῶν,
1744 3018 1961 3083 πάντως

306 3106 366 3162 ἂν
429 3105 681 3178 ἐλυπήθη
745 3106 1029 3181 θυόμενος,
1087 3106 1325 3170 ἐκείνους
1389 3109 1560 3179 μήπω
1636 3107 1954 3178 τελειώσας,

312 3193 455 3271 μηδὲ
481 3198 581 3266 τὴν
609 3196 793 3251 πίστιν
814 3196 996 3251 αὐτῶν
1028 3196 1101 3258 ὡς
1132 3195 1315 3260 θυσίαν
1374 3190 1520 3272 ἔχων
1577 3199 1667 3253 καὶ
1700 3196 1957 3273 λειτουρ-

307 3285 428 3363 γίαν
460 3292 823 3362 προσαγαγεῖν
854 3292 934 3360 τῷ
964 3291 1199 3362 Χριστῷ.
1230 3318 1299 3330 -
1355 3287 1459 3343 Καὶ
1490 3286 1680 3350 ἄλλως
1722 3286 1796 3344 δέ..
1831 3288 1956 3368 Οὐχ

311 3374 502 3437 ἁπλῶς
534 3374 596 3431 ἄν
628 3375 919 3452 ᾑρετίσατο
979 3376 1217 3448 θύεσθαι,
1249 3376 1293 3431 εἰ
1352 3377 1428 3449 μή
1470 3375 1553 3455 ἐφ’
1581 3378 1627 3450 ᾧ
1659 3376 1954 3442 σπουδαῖος

313 3465 399 3520 καὶ
432 3467 630 3541 θερμὸς
686 3468 852 3541 κήρυξ
910 3473 1013 3536 τῆς
1068 3465 1301 3528 πίστεως
1357 3466 1564 3543 γέγονε,
1624 3468 1713 3524 καὶ
1772 3468 1855 3545 ἐφ’
1912 3471 1958 3545 ᾧ

307 3556 435 3617 τοὺς
492 3555 736 3627 μαθητὰς
797 3555 976 3616 οὓτως
1052 3557 1394 3631 κατήρτισεν,
1479 3554 1618 3611 ὥστε
1703 3554 1961 3618 δύνασθαι

307 3649 480 3706 αὐτῶν
515 3648 589 3710 ὡς
620 3647 808 3711 θυσίαν
866 3647 956 3703 καὶ
1003 3645 1351 3725 λειτουργίαν
1400 3649 1500 3717 τήν
1557 3648 1738 3705 πίστιν
1786 3671 1965 3727 προσ-

313 3740 460 3815 ἀγειν
511 3741 590 3807 τῷ
622 3741 757 3808 Θεῷ.
817 3737 879 3794 Ὀ
926 3737 1031 3810 γὰρ
1091 3734 1181 3792 διὰ
1234 3741 1404 3793 ταῦτα
1456 3738 1740 3813 θυόμενος,
1799 3742 1960 3806 οὗτος

311 3828 382 3889 ὡς
413 3825 636 3897 ἀληθῶς
694 3825 878 3905 χαίρει
934 3825 1025 3880 καὶ
1077 3823 1383 3900 ἀγάλλεται
1441 3826 1726 3901 θυόμενος.
1760 3828 1959 3894 Οὐδεὶς

304 3917 410 3992 γὰρ
460 3921 635 3986 μάτην
688 3916 919 3990 αἱρεῖται
971 3915 1313 3994 σφάττεσθαι.
1372 3947 1437 3956 -
1494 3919 1724 3973 Δυνατὸν
1756 3915 1813 3973 δὲ
1867 3940 1935 3975 κα

296 4004 501 4091 οίίτωςο
603 4001 915 4077 Σπὲνδομαι
954 4007 1044 4056 vis
1127 4008 1245 4065 τοῖς
1319 4010 1645 4078 πειρασμοῖς
1702 4007 1788 4061 καὶ
1848 4012 1968 4071 ταῖς

331 4092 565 4166 θλίψεσι.
598 4093 698 4148 Καὶ
723 4093 827 4168 γὰρ
857 4091 1113 4171 ἀλλαχοῦ
1142 4112 1298 4170 φησι,
1331 4115 1359 4144 ι(
1392 4094 1520 4157 Καθ’
1571 4094 1781 4169 ἡμέραν
1829 4095 1967 4153 ἄπο-

317 4186 561 4253 θνῄσκω.
598 4204 624 4235 ι
660 4180 824 4238 Ἀλλ’
881 4181 927 4237 εἶ
983 4182 1074 4237 καὶ
1105 4183 1329 4255 θύομαι,
1393 4185 1548 4260 φησί,
1605 4190 1722 4249 τοῖς
1775 4207 1966 4262 πειρα-

316 4277 483 4343 σμοῖς
548 4271 638 4326 καὶ
702 4275 841 4333 ,ταῖς
934 4268 1151 4345 θλίψεσι
1213 4268 1413 4345 (δεσμά
1490 4273 1597 4349 γὰρ
1668 4274 1970 4350 περιέκειτο

326 4360 525 4431 αὐτῷ),
566 4358 694 4415 ἀλλ’
725 4360 816 4414 οὖν
878 4357 966 4415 ἐπὶ
1020 4364 1088 4434 τῇ
1147 4360 1303 4432 θυσίᾳ
1356 4361 1443 4416 καὶ
1506 4360 1820 4440 λειτουργίᾳ
1872 4373 1971 4435 τῆς

306 4448 539 4509 πίστεως
568 4447 721 4519 ὑμῶν
755 4447 955 4523 χαίρω,
979 4447 1070 4503 καὶ
1102 4448 1222 4519 ἑξῆς
1253 4451 1410 4506 -Ἥ
1441 4448 1529 4505 καὶ
1565 4451 1761 4513 οὕτως’
1799 4452 1961 4511 Ἀλλ’

308 4534 394 4590 οὖν
454 4534 540 4590 ὅτι
590 4534 673 4591 ἒ.πί
731 4538 800 4610 τῇ
858 4535 1033 4610 θυσίᾳ,
1088 4535 1387 4603 τουτέστιν,
1428 4533 1607 4594 ἕνεκεν
1673 4541 1826 4612 ὑμῶν
1866 4541 1957 4597 καὶ

306 4629 396 4681 τοῦ
429 4625 508 4687 εἲς
541 4625 684 4697 ὒμᾶς
712 4624 1091 4699 κηρύγματος,
1124 4625 1326 4701 χαίρω,
1380 4628 1470 4682 καὶ
1529 4628 1669 4698 ἑξῆς.
1704 4630 1825 4685 ’ίοῖπὶ
1882 4635 1951 4705 τῇ

306 4713 478 4786 θυσίᾳ.
514 4738 543 4767 ››
576 4713 643 4771 Εἴ
669 4714 759 4769 καὶ
793 4712 1054 4781 τελευτὰ
1089 4713 1245 4790 φησὶ,
1275 4715 1367 4770 καὶ
1419 4715 1740 4792 σπένδομαι,
1771 4719 1953 4795 χαίρω

305 4804 390 4858 καὶ
444 4802 732 4879 συγχαίρω
791 4801 878 4857 ἐπὶ
955 4805 1024 4875 τῇ
1109 4802 1266 4873 θυσίᾳ
1345 4803 1435 4859 καὶ
1494 4803 1813 4882 λειτουργίᾳ
1856 4816 1955 4876 τῆς

306 4891 534 4951 πίστεως
591 4892 769 4964 ὓμῶν,
826 4890 1095 4960 τουτέστι,
1147 4891 1327 4968 χαίρω
1384 4895 1466 4949 ὅτι
1527 4894 1617 4951 καὶ
1689 4896 1830 4971 ὑμᾶς
1883 4899 1958 4963 ὡς

310 4980 491 5044 θυσίαν
542 4980 632 5035 καὶ
692 4978 1035 5053 λειτουργίαν
1093 4982 1385 5061 προσφέρω
1442 4985 1677 5058 Χριστῷ·
1741 4985 1956 5060 μᾶλλον

311 5068 366 5124 δὲ
396 5069 530 5144 οὐχ,
560 5070 724 5142 ὑμᾶς,
757 5067 1026 5139 ἀλλᾶτὴν
1058 5067 1237 5124 πίστιν
1294 5070 1470 5145 ὑμῶν,
1505 5072 1578 5135 ὡς
1636 5073 1821 5130 θυσίαν
1866 5076 1956 5132 καὶ

311 5157 655 5233 λειτουργίαν
686 5159 996 5235 προσφέρω.
1059 5157 1247 5233 Χαίρω
1303 5160 1417 5227 οὖν,
1477 5159 1561 5215 ὅτι
1594 5161 1704 5235 ἐγὼ
1733 5162 1961 5220 σπένδο-

312 5266 428 5321 μαι·
494 5247 781 5323 συγχαίρω
821 5243 879 5302 δὲ
924 5245 1015 5304 καὶ
1081 5247 1233 5320 ὑμῖν,
1290 5246 1375 5303 ὅτι
1418 5249 1519 5318 τήν
1570 5250 1752 5308 πίστιν
1808 5255 1961 5327 ὑμῶν

313 5338 382 5399 ὡς
417 5337 603 5393 θυσίαν
646 5336 738 5392 καὶ
795 5334 1138 5412 λειτουργίαν
1188 5340 1510 5415 προσᾳὲρειν
1567 5339 1760 5411 μέλλω
1816 5348 1958 5421 Χρι-

310 5431 442 5501 στῷ,
476 5451 504 5480 ε.
537 5426 765 5505 Χαίρετε
795 5427 883 5484 καὶ
920 5423 1244 5504 συγχαίρετέ
1301 5449 1417 5503 μοι.
1454 5452 1482 5481 ››
1548 5429 1668 5487 Ἐπὶ
1731 5433 1827 5506 μὲν
1890 5440 1960 5512 τῇ

379 5572 425 5609 ⁸⁵
458 5572 481 5630 Ῑ
511 5576 644 5629 Cor.
681 5589 769 5639 xv,
803 5575 889 5626 31.

596 5683 841 5739 Pauor.
886 5681 989 5735 (in.
1033 5681 1285 5738 exuit.

2080 1884 2415 1949 Quinetiam
2446 1886 2494 1940 si
2524 1887 2803 1943 immolor
2834 1907 3013 1962 super
3061 1894 3254 1951 hostia
3312 1898 3723 1971 sacriﬁcioque

2080 1972 2217 2028 ﬁdei
2245 1980 2449 2028 vestrm
2467 1992 2645 2045 quam
2665 1976 2723 2030 in
2749 1980 3106 2037 sacrificium
3131 1984 3317 2040 obtuli
3346 1988 3725 2060 Deo,gaudeo

2078 2080 2142 2118 re
2168 2080 2305 2120 vera
2337 2082 2350 2119 :
2380 2082 2517 2120 nam
2548 2071 2931 2140 prmceptoris
2960 2074 3239 2144 gaudium
3298 2084 3388 2132 est
3443 2079 3725 2150 perfectio

2078 2151 2509 2224 discipulorum
2545 2158 2925 2229 :congaudeo
2958 2177 3092 2216 vero
3126 2164 3283 2234 quod
3343 2170 3403 2221 et
3457 2184 3555 2222 vos
3600 2185 3727 2238 per-

2076 2239 2212 2295 fecti
2247 2242 2506 2297 maximo
2537 2242 2818 2300 fruamini
2849 2248 3084 2315 gaudio.
3110 2252 3313 2323 Itaque
3344 2270 3446 2327 ego
3483 2242 3726 2326 quidem

2076 2335 2321 2400 propter
2346 2331 2457 2385 hoc
2487 2332 2714 2402 gaudeo
2772 2340 2832 2389 et
2890 2340 3194 2409 congaudo
3251 2342 3438 2399 vobis.
3496 2346 3567 2399 Et
3623 2363 3724 2401 vos

2077 2424 2275 2473 autem
2304 2418 2559 2483 gaudere
2591 2421 2840 2487 debetis,
2870 2425 3028 2495 qaud
3059 2428 3120 2481 in
3147 2429 3510 2498 perfectione
3544 2435 3673 2489 sitis
3708 2453 3721 2489 :

2078 2510 2136 2559 et
2160 2506 2531 2577 congaudere
2576 2508 2742 2573 mihi,
2800 2512 2956 2581 quod
3023 2524 3451 2587 prmceptorem
3506 2522 3726 2577 exhila-

2077 2597 2362 2652 raveritis.
2395 2598 2686 2653 Fortassis
2717 2606 2913 2656 autem
2948 2602 3170 2659 dictum
3206 2607 3392 2662 illud:
3454 2632 3482 2659 «
3530 2612 3722 2678 Quin-

2075 2685 2256 2740 etiam
2279 2686 2326 2739 si
2344 2684 2679 2755 immolor,»
2694 2688 3168 2748 benevolentiam
3188 2713 3305 2766 pra:
3323 2714 3383 2752 se
3397 2698 3551 2753 ferre
3566 2700 3724 2756 vide-

2076 2779 2208 2839 tur;
2242 2775 2401 2846 quod
2432 2776 2480 2829 si
2513 2793 2633 2831 non
2666 2777 2738 2832 ob
2771 2780 3130 2838 sacrificium
3184 2785 3449 2854 ipsorum
3510 2789 3722 2845 immo-

2072 2863 2228 2920 latus
2258 2865 2487 2933 fuisset,
2515 2872 2674 2923 certe
2705 2870 3089 2926 contristatus
3122 2874 3348 2930 luisset.
3407 2878 3552 2933 Nam
3610 2880 3722 2934 hoc

2074 2952 2410 3010 subindicat
2441 2956 2625 3010 series
2656 2959 2970 3013 sermonis.
3006 2963 3075 3015 Et
3105 2961 3358 3019 dicimus
3405 2967 3562 3037 quod
3604 2968 3716 3023 hoc

2072 3041 2393 3098 absurdum
2426 3060 2546 3099 non
2578 3051 2684 3100 est.
2720 3046 2778 3100 Si
2811 3050 2968 3103 enim
3002 3050 3128 3121 ipse
3159 3053 3507 3123 prmdixitse
3531 3058 3719 3129 magis

1996 3144 2039 3210 ρ
2068 3134 2469 3190 necessarium
2493 3135 2729 3201 ducere,
2755 3142 2821 3193 ut
2845 3138 2904 3192 in
2938 3156 3116 3196 carne
3168 3152 3550 3214 permaneret
3580 3164 3713 3218 pro-

2070 3228 2201 3293 pter
2228 3223 2557 3294 profectum
2585 3229 2644 3278 et
2667 3226 3095 3295 perfectionem
3125 3230 3714 3303 discipulorum,om-

2067 3311 2211 3367 nino
2236 3328 2377 3367 sane
2405 3311 2788 3368 contristatus
2808 3314 3036 3375 fuisset.
3056 3319 3102 3371 si
3129 3319 3469 3376 immolatus
3508 3323 3721 3379 fuisset

2066 3400 2231 3472 prius
2249 3416 2425 3470 quam
2452 3400 2739 3470 perfectos
2780 3418 2882 3458 eos
2930 3405 3261 3463 reddisset:
3308 3427 3503 3482 neque
3537 3412 3717 3468 fidem

2067 3490 2334 3562 ipsorum
2394 3488 2488 3543 87
2557 3495 2836 3561 tanquam
2895 3492 3192 3551 victimam
3247 3502 3306 3552 et
3353 3499 3713 3556 oblationem

2069 3579 2525 3634 Christoof'ferre
2548 3579 2857 3649 potuisset.
2894 3585 3251 3640 —Prwterea
3301 3594 3351 3642 et
3379 3590 3490 3644 alio
3508 3593 3666 3646 modo
3700 3608 3719 3645 .'

2068 3671 2195 3725 Non
2229 3669 2578 3741 simpliciter
2608 3669 2902 3726 immolari
2934 3673 3131 3746 elegit,
3166 3677 3279 3729 nisi
3308 3679 3449 3747 quia
3498 3682 3719 3751 probus

2070 3766 2130 3815 et
2150 3760 2382 3815 fervens
2400 3757 2533 3813 tidei
2557 3758 2910 3828 prmdicator
2931 3767 3056 3816 erat
3081 3781 3091 3815 :
3114 3770 3173 3817 et
3194 3765 3334 3835 quia
3382 3766 3707 3839 discipulos

2071 3848 2217 3902 adeo
2236 3846 2877 3918 perfecerat,utposset
2900 3848 3165 3919 ipsorum
3198 3853 3376 3909 tidem
3427 3863 3711 3928 tanquam

2072 3936 2431 3991 sacrificium
2461 3951 2529 3990 ac
2558 3934 2920 3992 oblationem
2954 3939 3069 3993 Deo
3111 3940 3343 3997 offerre.
3404 3944 3551 4000 Nam
3614 3947 3716 4018 qui

2073 4031 2315 4097 propter
2334 4025 2460 4080 hanc
2480 4024 2841 4088 immolatur,
2876 4027 2971 4082 hic
2996 4045 3126 4083 vere
3143 4030 3359 4100 gaudet
3381 4038 3439 4087 et
3465 4036 3719 4091 exsultat

2074 4113 2651 4170 immolatus.Nullus
2665 4115 2823 4170 enim
2838 4116 3055 4173 frustra
3069 4119 3719 4195 elegitjugulari.—-Po-

2075 4209 2177 4258 test
2204 4210 2387 4257 autem
2419 4202 2600 4257 ethoc
2627 4203 2783 4258 modo
2842 4204 2994 4261 dici:
3040 4209 3323 4265 Immolor
3379 4230 3539 4270 nunc
3592 4220 3717 4270 ten.

2074 4293 2401 4349 tationibus
2432 4297 2487 4347 et
2518 4292 2964 4351 afflictionibus.
3027 4297 3332 4368 Siquidem
3388 4303 3532 4357 alibi
3586 4304 3719 4359 ait:

2075 4407 2101 4433 ‹‹
2119 4381 2388 4448 Quotidie
2403 4382 2624 4439 morior
2639 4383 2735 4435 η.»
2751 4382 2862 4437 Sed
2876 4402 3210 4458 quanquam
3226 4391 3652 4448 tentationibus
3665 4400 3724 4449 et

1996 4504 2041 4566 υ
2077 4468 2520 4533 afflictionibus,
2556 4469 2770 4541 inquit,
2803 4471 3082 4529 immolor
3112 4475 3274 4544 (nam
3305 4477 3555 4533 vinculis
3586 4496 3724 4535 con-

2075 4558 2874 4631 stringebatur).attamenob
2897 4563 3255 4620 sacrificium
3281 4570 3339 4619 et
3358 4566 3721 4625 oblationem

2071 4647 2206 4702 fidei
2224 4646 2890 4717 vestraegaudeo,etc.—
2914 4650 3132 4706 Authoc
3167 4670 3379 4725 quoque
3421 4657 3619 4712 modo:
3656 4660 3725 4713 At

2062 4742 2221 4794 certe
2252 4735 2324 4790 ob
2358 4735 2740 4795 sacrificium.
2766 4737 2824 4793 id
2847 4744 2957 4808 est,
2978 4748 3217 4814 propter
3263 4760 3363 4798 vos
3412 4750 3471 4798 et
3500 4746 3719 4817 prmdi~

2065 4825 2359 4881 cationem
2386 4841 2526 4897 erga
2546 4842 2647 4881 vos
2691 4827 2940 4899 gaudeo,
2966 4836 3075 4885 etc.
3102 4852 3131 4880 «
3160 4832 3346 4903 Super
3367 4834 3722 4892 sacrificio.»

2063 4916 2413 4985 Quanquam
2445 4913 2687 4979 moriar,
2720 4916 2935 4987 inquit,
2971 4924 3031 4973 et
3061 4919 3357 4988 immoler,
3385 4924 3611 4995 gaudeo
3661 4930 3723 4980 et

2066 5003 2408 5076 congaudeo
2441 5019 2622 5074 super
2652 5005 2947 5062 sacriﬁcio
2980 5013 3038 5063 et
3069 5009 3366 5066 oblatione
3426 5012 3563 5067 fidei
3623 5029 3718 5069 ve-

2067 5097 2203 5148 strm
2229 5108 2241 5145 :
2264 5092 2375 5146 hoc
2390 5097 2498 5155 est,
2524 5092 2752 5164 gaudeo
2773 5094 2931 5165 quod
2960 5096 3137 5152 etiam
3175 5116 3273 5154 vos
3316 5105 3597 5171 tanquam
3629 5118 3718 5157 sa-

2068 5180 2362 5236 crificium
2394 5185 2453 5235 et
2476 5180 2843 5238 oblationem
2880 5184 3126 5241 offeram
3159 5187 3431 5243 Christo:
3464 5188 3585 5244 imo
3625 5208 3725 5263 po-

2069 5269 2188 5325 tius
2210 5285 2329 5326 non
2348 5269 2580 5335 vns,sed
2602 5270 2779 5327 fidem
2800 5279 3048 5330 vestram
3069 5282 3351 5348 tanquam
3364 5277 3720 5337 sacrificium

2071 5362 2131 5415 et
2161 5357 2526 5415 oblationem
2557 5360 2823 5417 offeram.
2857 5361 3094 5420 Gaudeo
3127 5381 3264 5436 ergo
3294 5366 3450 5437 quod
3478 5383 3583 5433 ego
3607 5368 3720 5424 im-

2072 5447 2265 5504 moler
2299 5464 2312 5503 :
2346 5449 2687 5523 congaudeo
2715 5457 2914 5509 autem
2946 5459 3007 5508 et
3031 5454 3195 5511 vobis
3224 5455 3384 5527 quod
3415 5456 3596 5516 fidem
3627 5474 3721 5513 ve-

3366 5710 3431 5764 41
