4072 6266
493 312 648 373 1291
1614 301 2026 368 (ECUMENII
2067 297 2377 361 TRICCxE
2423 299 2766 364 EPISCOPI
3696 315 3808 377 1292

494 450 675 501 stram
705 450 988 516 tanquam
1019 444 1377 500 sacriﬁcium
1409 449 1469 499 et
1498 442 1859 497 oblationem
1900 437 2112 494 Christ<

2245 431 2422 489 πίστει
2457 433 2609 507 ὑμῶν
2644 435 2886 512 χαίρετε,
2943 436 3024 517 ἔφ’
3073 439 3159 503 οἷς
3216 437 3274 495 δὲ
3323 440 3621 507 σπένδεσθαι
3651 444 3813 520 μέλλω,

492 537 605 590 sim
636 533 963 590 oblaturus.
1003 554 1023 582 ι
1058 534 1316 589 Gaudete
1349 540 1406 588 et
1436 531 1797 604 congaudete
1830 528 1978 584 mihi
2002 548 2027 576 »
2051 525 2112 582 Ol

2245 523 2568 598 συγχαίρετέ
2598 544 2716 598 μοι.

491 623 666 679 fidem
697 630 952 679 vestram
983 624 1231 696 gaudete
1269 640 1281 677 :
1317 623 1457 694 quia
1485 638 1620 677 vero
1639 618 1979 676 otl'erendus
2002 631 2133 672 sum

488 712 855 784 congaudete
885 713 1054 768 mihi.

1128 802 1358 857 CAPUT
1398 802 1488 855 IV.

558 896 634 950 De
666 893 939 950 Timotheo
969 900 1022 948 et
1050 894 1452 965 Epaphrodito,
1483 907 1617 962 quos
1644 892 1793 946 misit
1821 889 1894 945 ad
1916 888 2059 943 illos.

2880 792 3137 847 ΚΕΦΑΛ.
3172 791 3245 849 Δ’.

2239 874 2369 948 Περὶ
2395 876 2669 949 Τιμοθέου
2699 878 2789 934 καὶ
2830 878 3253 971 Ἐπαιεροδίτου,
3286 881 3377 945 οὕς
3434 882 3698 941 ἀπέστειλε
3719 889 3817 960 πρὸς

2950 972 3170 1016 αυτους.

2306 1050 2557 1124 Ἐλπίζω
2614 1053 2671 1111 δὶ
2723 1055 2776 1112 ἐν
2824 1060 3012 1135 Κυρίῳ
3078 1062 3285 1131 Ἰησοῦ,
3345 1064 3609 1136 Τιμόθεον
3659 1065 3825 1140 ταχέως

2236 1139 2451 1214 πέμψαι
2518 1144 2671 1217 ὑμῖν,
2735 1148 2828 1202 ἳνα
2882 1148 3034 1225 κάγὼ
3091 1150 3322 1231 εὐψυχῶ
3383 1151 3544 1230 γνοὺς
3620 1153 3679 1208 τὰ
3735 1139 3824 1228 περὶ

2238 1228 2413 1301 ὑμῶν.
2474 1230 2676 1289 Οὒδὲνα
2731 1236 2838 1312 γὰρ
2892 1235 3009 1311 ἔγω
3071 1228 3364 1315 ἰσόψυχον,
3398 1228 3405 1230 ἡ
3445 1241 3594 1303 ὅστις
3643 1242 3824 1316 γνησίως

2233 1318 2300 1372 τὰ
2330 1321 2450 1394 περί
2489 1322 2643 1395 ὑμῶν
2667 1328 3017 1399 μεριμνήσει.
3064 1328 3132 1384 Οἱ
3190 1331 3385 1391 πάντες
3422 1329 3525 1405 γὰρ
3561 1330 3625 1385 τὰ
3674 1332 3826 1385 ἑαυτῶν

2239 1411 2514 1482 ζητοῦσιν,
2570 1412 2633 1466 οὐ
2716 1415 2783 1469 τὰ
2874 1417 3110 1490 Χριστοῦ
3168 1418 3371 1486 Ἰησοῦ.
3457 1420 3570 1489 Τήν
3641 1417 3826 1493 δοκιμὴν

2236 1498 2401 1555 αὐτοῦ
2457 1501 2772 1575 γινώσκετε,
2841 1506 2924 1560 ὅτι
2982 1506 3059 1567 ὡς
3119 1507 3281 1581 πατρὶ
3340 1509 3528 1563 τέκνον
3600 1511 3685 1563 σὺν
3738 1508 3829 1582 ἐμοὶ

556 1076 625 1145 II,
662 1079 727 1130 l2
762 1079 850 1131 24.
885 1076 1055 1147 Spero
1085 1081 1269 1130 autem
1300 1077 1355 1129 in
1390 1074 1623 1129 Domino
1653 1073 1779 1126 Iesu
1808 1086 1890 1125 me
1950 1072 2130 1124 Timo-

487 1165 672 1221 theum
693 1167 843 1222 brevi
863 1168 1154 1222 missurum
1174 1166 1344 1232 vobis,
1390 1171 1451 1218 ut
1493 1170 1545 1218 et
1589 1178 1684 1231 ego
1733 1161 1855 1216 laeto
1873 1162 1976 1215 sim
2006 1160 2129 1213 ani-

483 1273 589 1323 mo,
624 1259 844 1327 cognito
864 1264 1013 1312 statu
1040 1264 1235 1312 vestro.
1270 1255 1370 1311 88
1424 1256 1699 1311 Neminem
1755 1253 1900 1306 enim
1957 1250 2129 1304 habeo

477 1348 623 1415 pari
638 1361 847 1400 mecum
870 1349 1053 1401 animo
1071 1346 1393 1416 praeditum,
1423 1346 1521 1414 qui
1574 1357 1831 1413 germane
1878 1354 1963 1394 res
2009 1354 2126 1393 ves-

487 1437 601 1486 tras
649 1439 942 1489 curaturus
981 1432 1076 1488 sit.
1136 1434 1274 1488 Nam
1329 1447 1511 1487 omnes
1563 1446 1684 1500 qua
1732 1445 1834 1484 sua
1888 1429 2130 1497 ipsorum

483 1526 610 1593 sunt
632 1530 915 1593 quwrunt,
934 1539 1045 1577 non
1062 1539 1183 1593 quae
1212 1521 1416 1576 Christi
1434 1522 1576 1576 Jesu.
1630 1521 1805 1573 Porro
1840 1517 2127 1588 probatio-

483 1627 607 1665 nem
640 1614 757 1682 ejus
785 1614 972 1675 nostis,
1007 1612 1156 1682 quod
1183 1628 1390 1666 mecum
1418 1610 1590 1665 veluti
1619 1625 1743 1663 cum
1765 1614 1931 1677 patre
1981 1606 2112 1674 ﬁlim

2236 1586 2550 1644 ἐδούλευσεν
2606 1591 2682 1654 εἰς
2764 1593 2827 1647 τὸ
2911 1593 3265 1669 Εὐαγγέλιον.
3348 1600 3557 1654 Τοῦτον
3764 1596 3807 1653 οὗ

481 1702 731 1755 servierit
754 1703 811 1754 in
841 1704 1223 1770 Evangetium.
1255 1702 1414 1755 Hunc
1442 1702 1619 1768 igitur
1644 1713 1802 1768 spero
1857 1712 1941 1750 me
1995 1696 2112 1749 mis«

2235 1676 2442 1770 ἐλπίζω
2517 1681 2758 1770 ’πέμψαι
2828 1684 2903 1745 ὡς
2963 1684 3023 1738 ἄν
3081 1682 3263 1740 ἀπίδω
3317 1687 3385 1741 τὰ
3458 1687 3581 1761 περί
3643 1686 3726 1760 ἐμὲ

481 1809 671 1849 surum
701 1808 832 1846 mox
860 1792 955 1845 ubi
988 1792 1323 1863 videromea
1365 1791 1606 1859 negotia.
1668 1786 1892 1855 Conﬁdo
1943 1790 2112 1839 autem

2235 1766 2425 1836 αὐτῆς.
2463 1767 2700 1825 Πὲποιθα
2742 1767 2799 1826 δὶ
2830 1770 2882 1826 ἐν
2944 1772 3130 1846 Κυρίῳ
3180 1773 3263 1828 ὅτι
3331 1775 3424 1830 καὶ
3475 1776 3635 1839 αὐτὸς
3667 1776 3833 1854 ταχέως

483 1885 541 1937 in
575 1884 804 1937 Domino
826 1881 975 1952 quod
996 1888 1047 1935 et
1075 1882 1187 1950 ipse
1219 1881 1367 1934 brevi
1395 1885 1654 1934 venturus
1681 1879 1803 1931 sim.

2237 1854 2424 1911 ἑλεύσο
2433 1878 2551 1930 μαι.

554 1972 747 2043 Ipsam
800 1986 1035 2041 quoque
1093 1969 1382 2023 Timothei
1440 1967 1790 2023 missionem
1838 1964 2126 2019 voluntati

483 2063 618 2117 Iesu
641 2061 856 2115 Christi
879 2060 1167 2114 attribuit.
1194 2061 1263 2115 Ut
1285 2065 1468 2130 etego
1508 2059 1638 2113 [arto
1688 2058 1800 2111 sim
1842 2056 2060 2110 animo.
2097 2076 2125 2103 ››

487 2148 1240 2217 ριιοιτιοόῐιιοιίιιω,ἰιιῳιὶι,
1273 2163 1377 2201 vos
1406 2146 1540 2200 laeto
1590 2145 1731 2200 estis
1787 2144 1986 2199 animo
2035 2160 2129 2198 co-

486 2238 664 2311 gnitis
688 2254 818 2308 quae
842 2238 999 2291 circa
1017 2252 1109 2290 me
1139 2242 1414 2307 aguntur,
1456 2234 1613 2306 quod
1666 2234 1741 2289 ad
1797 2234 2125 2305 profectum

486 2325 715 2381 venerit
738 2325 1140 2397 Evangelium,
1161 2331 1219 2378 et
1240 2324 1396 2395 quod
1414 2324 1641 2378 inimici
1660 2323 1886 2395 pudore
1930 2322 2125 2377 allecti

486 2414 625 2482 sint,
656 2414 922 2470 subdolis
949 2430 1153 2469 eorum
1181 2414 1537 2468 commentis
1568 2413 1642 2467 ad
1700 2412 1921 2466 bonum
1978 2412 2125 2466 mihi

483 2505 899 2560 commutatis:
933 2510 997 2557 ut
1018 2509 1077 2558 et
1100 2520 1205 2575 ego
1237 2502 1370 2557 lmto
1402 2519 1470 2558 ac
1499 2502 1680 2557 alacri
1739 2502 1851 2556 sim
1900 2501 2122 2566 animo,

482 2594 729 2666 cognitis
768 2610 899 2664 quae
930 2593 1088 2647 circa
1116 2609 1214 2646 vos
1246 2599 1518 2664 aguntur.
1562 2615 1588 2639 α
1626 2592 1931 2647 Neminem
1964 2591 2124 2645 enim

480 2682 668 2738 habeo
698 2682 823 2753 pari
854 2697 1087 2736 mecum
1117 2680 1315 2735 animo
1348 2678 1682 2751 praeditum.
1742 2702 1769 2729 ››
1828 2681 2121 2742 Poteram,

477 2772 691 2844 inquit,
726 2778 783 2826 et
808 2771 991 2827 alium
1023 2771 1280 2837 mittere,
1303 2774 1565 2823 attamen
1591 2768 1692 2838 qui
1719 2770 1801 2823 ita
1829 2785 1929 2822 vos
1950 2768 2125 2834 adju-

475 2868 570 2916 vet
596 2869 657 2915 et
684 2867 847 2916 curet
879 2877 1009 2932 quas
1042 2865 1236 2913 vestra
1266 2864 1424 2919 sunt,
1453 2857 1687 2912 nullum
1734 2857 1922 2912 habeo
1979 2858 2112 2912 alte-

2233 2848 2552 2925 ’ίσοψυχίας
2582 2852 2687 2925 γὰρ
2743 2853 2806 2907 τὸ
2859 2853 3070 2925 ὁμοίως
3114 2853 3333 2909 Παύλου
3391 2854 3651 2927 κήδεσθαι
3700 2859 3833 2912 αὐτῶν

473 2967 629 3006 rum.
663 2950 794 3004 Pari
827 2949 987 3003 enim
1018 2949 1217 3003 animo
1251 2953 1377 3002 erat
1400 2952 1465 3000 ut
1490 2946 1730 3014 Paulus,
1754 2952 1814 2999 et
1845 2945 2112 3000 similiter

2228 2939 2439 2993 καὶτὸν
2471 2941 2753 3012 Τιμόθεον,
2785 2966 2812 2993 ‹‹
2866 2943 2928 2996 Oi
2986 2943 3178 3006 πάντες
3236 2945 3341 3019 γαρ
3369 2946 3440 3000 τὰ
3498 2949 3693 3002 ἑαυτῶν
3764 2953 3831 3014 ζη-

474 3039 739 3111 ipsorum
770 3054 971 3094 curam
1003 3037 1261 3092 habebat
1289 3036 1468 3091 etiam
1498 3035 1862 3090 Timotheus.
1898 3057 1924 3079 σε
1973 3036 2112 3089 Nam

2226 3033 2398 3083 τοῦαι,
2438 3053 2466 3079 ››
2499 3028 2781 3099 Τουτὲστι,
2810 3033 2909 3101 τήν
2968 3029 3104 3086 ἰδίαν
3149 3032 3472 3093 ἀνάπαυσιν.
3508 3034 3693 3097 Οὖέεἶς
3736 3036 3830 3109 γὰρ,

473 3145 680 3183 omnes
711 3142 841 3200 quas
872 3144 979 3183 sua
1009 3128 1271 3198 ipsorum
1304 3131 1440 3180 sunt
1469 3131 1747 3196 quaerunt
1801 3147 1828 3173 ν
1856 3125 1972 3179 Hoc
2004 3130 2109 3191 est,

657 3218 666 3228 .
915 3217 983 3232 .,
1171 3215 1301 3232 υ..
1518 3215 1528 3225 .
1681 3214 1864 3232 .
1960 3213 2108 3232 _,.,

2228 3117 2416 3196 φησὶν,
2448 3118 2692 3194 εὐχερῶς
2723 3121 2860 3195 πρός
2889 3139 2947 3175 τε
2976 3122 3039 3176 τὸ
3097 3127 3175 3194 τῷ
3203 3123 3425 3196 Χριστῷ
3474 3122 3663 3181 δοκοῦν
3687 3125 3762 3179 καὶ
3786 3123 3831 3178 τὸ

2230 3208 2383 3232 .',,_,~_.
2422 3229 2471 3232 ,η
2511 3208 2667 3232 ,,-1__,
2734 3204 2816 3232 2H,
2863 3230 2909 3232 οη
3124 3211 3137 3230 ι
3309 3213 3325 3232 9
3418 3211 3445 3232 δ
3544 3216 3556 3232 ο
3746 3212 3774 3232 σπι

471 3218 768 3289 propriam
830 3217 1109 3288 quietem.
1171 3215 1378 3271 Nullus
1435 3215 1618 3281 enim,
1676 3214 1890 3284 inquit,
1953 3213 2112 3267 adid

2229 3208 2384 3279 ὑμῶν
2415 3208 2709 3285 συμφέρον,
2733 3204 2918 3265 ἕλοιτο
2974 3211 3243 3280 τοσαύτην
3298 3211 3615 3288 ἀποδημίαν
3657 3212 3834 3270 στείλα-

471 3305 629 3376 quod
660 3306 891 3360 Christo
922 3310 1153 3377 gratum
1187 3309 1276 3359 est
1304 3303 1588 3374 vobisque
1633 3302 1890 3374 expedit,
1939 3302 2113 3357 facile

469 3394 611 3447 velit
641 3400 759 3448 tam
791 3394 966 3465 longa
998 3393 1151 3446 mitti
1184 3392 1606 3462 praedicatione
1637 3408 1828 3462 usque
1866 3391 1942 3446 ad
1989 3409 2108 3447 vos.

473 3483 592 3537 Hoc
617 3488 814 3537 autem
833 3481 975 3535 dicit
995 3497 1115 3534 non
1138 3487 1203 3534 ut
1223 3480 1371 3534 alios
1392 3482 1703 3550 vituperet,
1767 3481 1872 3535 sed
1916 3487 1981 3535 ut
2016 3481 2111 3535 Ti-

470 3571 778 3626 motheum
809 3568 1129 3633 collaudet,
1161 3584 1389 3639 nosque
1409 3567 1616 3623 doceat
1637 3584 1710 3622 ne
1732 3569 1792 3622 in
1825 3569 1992 3640 paria
2022 3570 2106 3624 in-

469 3660 757 3716 cidamus.
782 3657 1198 3714 Animadverte
1224 3662 1440 3723 tamen,
1466 3655 1623 3727 quod
1646 3658 1695 3710 is
1718 3657 1818 3726 qui
1842 3657 2106 3727 requiem

467 3753 682 3825 quaerit
710 3758 813 3807 aut
842 3750 1140 3824 propriam
1200 3757 1428 3806 tantum
1484 3751 1824 3819 utilitatem,
1882 3752 1931 3806 is
1961 3767 2107 3818 ,non

466 3842 680 3915 quaerit
708 3859 839 3914 quae
864 3841 1079 3897 Christi
1113 3847 1269 3897 sunt.
1325 3862 1353 3890 «
1413 3841 1578 3906 Quod
1637 3858 1868 3896 merum
1927 3842 2105 3897 veluti

463 3931 622 3986 ﬁlius
650 3947 785 3986 cum
812 3937 999 4002 patre.
1026 3952 1054 3979 »
1078 3932 1204 3985 Non
1226 3934 1335 3993 est.
1387 3930 1601 4002 inquit,
1652 3930 1815 3986 vobis
1864 3947 2011 4002 opus
2042 3937 2108 3988 ut

461 4036 496 4077 a
515 4037 609 4076 me
624 4018 867 4076 discatis
894 4037 906 4074 :
930 4025 1149 4092 praeter
1169 4020 1282 4075 hoc
1303 4021 1464 4075 enim
1502 4020 1661 4091 quod
1710 4020 1857 4075 mihi
1905 4021 2106 4092 subje-

459 4115 589 4165 ctus
618 4109 749 4174 fuit,
781 4110 959 4164 etiam
991 4109 1065 4164 ad
1093 4108 1579 4181 praedicationem
1612 4111 1866 4164 servivit.
1900 4111 2103 4166 Merito

460 4205 655 4256 autem
691 4198 882 4271 ipsum
910 4199 1291 4255 commendat
1323 4217 1335 4254 :
1369 4200 1548 4271 idque
1604 4200 1737 4257 ideo
1795 4206 1860 4254 ut
1906 4201 2103 4272 ipsum

458 4287 520 4344 in
578 4288 804 4344 honore
863 4289 1173 4351 habentes,
1236 4289 1421 4362 magis
1479 4288 1727 4344 audiant
1795 4290 2100 4361 magisque

2227 4289 2486 4358 EEaUt'Fc.
2522 4287 2753 4351 Εὐθέως.
2810 4312 2839 4340 ‹‹
2900 4291 3143 4345 ΙΙέποιθα
3201 4287 3260 4346 δὲ
3324 4290 3376 4346 ἐν
3411 4292 3616 4368 Κυρίῳ.
3650 4315 3677 4342 ι)
3727 4287 3823 4361 Οὐχ

457 4378 578 4434 illis
608 4379 816 4451 prosit.
851 4402 876 4429 ‹‹
913 4381 1041 4434 Mox
1069 4385 1135 4435 ut
1164 4379 1361 4434 videro
1392 4395 1523 4434 mea
1550 4381 1802 4452 negotia.
1852 4402 1880 4430 »
1938 4382 2099 4435 Con-

2225 4379 2284 4438 ὃς
2319 4378 2394 4451 μή
2423 4375 2741 4451 ἐρχόμενος,
2799 4377 2956 4452 φησὶ,
3013 4378 3106 4432 τὸν
3148 4379 3418 4452 Τιμόθεον
3452 4381 3673 4454 πέμπω,
3723 4374 3819 4433 ἀλλ’

455 4467 679 4530 festim.
710 4468 927 4539 inquit,
958 4475 1024 4522 ut
1052 4468 1250 4523 videro
1281 4485 1457 4539 quem
1489 4470 1814 4524 sortientur
1834 4487 1929 4525 res
1953 4488 2099 4527 mem

2225 4464 2293 4521 ἶνα
2322 4465 2373 4520 ἐν
2398 4470 2480 4538 τῷ
2513 4468 2662 4538 μέσῳ
2694 4466 2884 4544 χρόνῳ
2914 4465 3165 4541 εὐψυχῶ,
3194 4469 3359 4542 γνοὺς
3385 4470 3454 4524 τὰ
3507 4474 3632 4543 περὶ
3682 4469 3818 4541 ὑμῶν.

459 4557 807 4612 terminum.
841 4578 868 4606 ‹‹
902 4557 1150 4613 Conﬁdo
1184 4562 1381 4613 autem
1414 4557 1474 4611 in
1508 4557 1777 4613 Domino.
1815 4580 1841 4606 ››
1871 4561 1993 4615 Non
2016 4561 2097 4615 id-

2225 4559 2343 4630 Ὀρα
2374 4553 2431 4611 δὲ
2460 4559 2577 4615 πῶς
2610 4556 2784 4609 πάντα
2811 4558 2890 4627 τῷ
2922 4557 3039 4628 Θεῷ
3079 4554 3383 4631 ἀνατίθησι,
3415 4559 3511 4613 καὶ
3568 4555 3712 4614 οὐδὲν
3754 4554 3818 4628 ἀφ’

451 4643 607 4700 circo
630 4645 1005 4702 Timotheum
1024 4645 1194 4699 mitto
1217 4645 1384 4716 quasi
1405 4661 1525 4699 non
1550 4645 1663 4699 sim
1703 4645 1829 4717 ipse
1886 4654 2092 4702 ventu-

2225 4645 2395 4701 αυτοῦ
2426 4642 2609 4700 λαλεῖ.

450 4749 551 4787 rus
583 4733 686 4788 sed
718 4738 783 4788 ut
813 4733 1055 4789 interim
1087 4732 1222 4789 laato
1255 4733 1367 4788 sim
1390 4733 1615 4803 animo,
1648 4735 1882 4806 cognito
1916 4742 2073 4793 statu
2101 4744 2319 4794 vestro.
2350 4734 2673 4790 Considera
2700 4750 2837 4789 vero
2868 4733 3165 4806 quomodo
3196 4737 3401 4793 omnia
3425 4737 3500 4793 ad
3534 4742 3703 4793 Deum
3743 4749 3813 4789 re-

447 4818 619 4883 ferat,
651 4825 711 4874 et
738 4821 886 4877 nihil
917 4838 951 4877 a
980 4823 1175 4894 seipso
1209 4821 1505 4893 loquatur.

519 4908 618 4963 89
650 4908 719 4977 ΙΙ,
753 4912 819 4963 25
858 4913 945 4966 27.
972 4912 1080 4966 Sed
1108 4928 1287 4981 opera:
1337 4914 1586 4981 pretium
1634 4913 1939 4969 arbitratus
1973 4932 2090 4971 sum

447 4998 889 5069 Epaphroditum
911 5002 1147 5069 fratrem
1193 5008 1245 5054 et
1302 5001 1610 5072 adjutorem
1664 5019 1727 5057 ac
1776 5003 2095 5059 commilito-

444 5104 567 5143 nem
598 5105 793 5155 meum,
826 5094 1066 5144 vestrum
1095 5095 1276 5143 autem
1304 5090 1609 5160 apostolum
1659 5107 1723 5146 ac
1780 5091 2092 5149 ministrum

446 5178 504 5232 in
532 5180 851 5234 necessitate
878 5195 999 5233 mea
1020 5180 1238 5233 mittere
1267 5180 1340 5233 ad
1370 5195 1483 5236 vos.
1515 5180 1968 5252 Quandoquidem
1998 5183 2091 5238 de-

440 5269 719 5324 siderabat
749 5285 929 5325 omnes
958 5285 1071 5335 vos,
1112 5271 1313 5325 anxius
1370 5272 1544 5325 animi
1596 5278 1889 5341 propterea
1945 5275 2094 5346 quod

441 5361 730 5415 audissetis
748 5363 925 5429 ipsum
954 5360 1294 5429 inﬁrmatam
1321 5361 1509 5427 fuisse.
1543 5360 1828 5432 Siquidem
1866 5362 1946 5417 ita
1994 5366 2090 5418 in-

438 5450 624 5514 ﬁrmas
673 5450 803 5517 fuit,
827 5456 889 5505 ut
914 5448 1128 5505 vicinus
1157 5454 1289 5505 esset
1318 5452 1485 5505 morti
1515 5467 1532 5505 :
1563 5451 1657 5507 sed
1712 5454 1852 5507 Deus
1910 5455 2091 5509 miser-

436 5538 522 5589 tus
551 5542 629 5589 est
661 5537 816 5593 illius
846 5554 859 5592 :
888 5544 940 5591 et
972 5554 1081 5592 non
1107 5536 1259 5592 illius
1289 5543 1523 5601 tantum,
1583 5540 1677 5593 sed
1734 5546 1784 5594 et
1842 5544 1948 5595 mei
1976 5559 1995 5596 :
2025 5560 2092 5597 ne

439 5639 721 5677 mmrorrem
783 5642 944 5693 super
992 5642 1276 5681 maerorem
1309 5627 1579 5684 haberem.

2307 1956 2408 2010 Καὶ
2437 1958 2498 2012 τὸ
2556 1957 2766 2033 πέμψαι
2824 1961 3120 2032 Τιμόθεον,
3178 1966 3248 2036 τῇ
3307 1964 3504 2039 γνώμῃ
3553 1969 3646 2019 τοῦ
3698 1966 3835 2034 Ἰησοῦ

2235 2044 2479 2119 Χριστοῦ
2511 2046 2846 2119 ἀνατίθησιν,
2881 2074 2909 2101 ιι
2969 2052 3085 2105 Ἵνα
3123 2050 3275 2125 κάγὼ
3306 2053 3561 2128 εὐψυχῶ.
3604 2078 3630 2104 io
3661 2054 3834 2119 Καθὼς,

2236 2134 2421 2207 φησὶν,
2455 2136 2613 2208 ὒμεῖς
2671 2137 2963 2217 εὐψυχε“’τε
3022 2140 3279 2213 μαθόντες
3331 2142 3402 2197 τὰ
3456 2145 3574 2199 κατ’
3623 2144 3727 2216 ἐμὲ,
3775 2144 3835 2196 ὅτι

2234 2243 2293 2277 τε
2333 2223 2413 2287 εἲς
2466 2228 2755 2299 προγοπήν
2811 2225 2950 2297 ἦλθε
2999 2230 3061 2284 τὸ
3121 2229 3484 2307 Εὖαγγέλιον,
3543 2234 3625 2287 καὶ
3680 2232 3751 2287 ὅτι
3797 2233 3835 2285 οἱ

2234 2310 2426 2386 ἐχθροὶ
2494 2314 2969 2390 κατῃσχύνθησαν,
3036 2323 3144 2372 τῶν
3198 2339 3713 2393 κατασκευασματων
3762 2320 3839 2373 αὒ-

2231 2405 2340 2455 τῶν
2400 2401 2476 2462 εδς
2533 2402 2734 2479 ἀγαθὸν
2789 2404 2914 2478 ἐμοὶ
2999 2408 3460 2482 περιτραπέντων·
3543 2412 3647 2465 Ἵνα
3717 2410 3837 2481 κάγὼ

2233 2489 2484 2565 εὐψυχῶ,
2511 2492 2600 2547 καὶ
2634 2492 2875 2567 εὐθυμῶ,
2928 2495 3088 2569 γνοὺς
3146 2498 3213 2552 τὰ
3271 2500 3391 2562 καθ’
3425 2499 3588 2572 ὑμᾶς.
3622 2496 3839 2556 «Οὐδὲ-ια

2230 2579 2331 2652 γὰρ
2389 2576 2506 2654 ἔχω
2558 2580 2848 2657 ἰσόψυχον.
2910 2607 2939 2635 ››
2995 2581 3310 2659 Ἦδυνᾶμην
3368 2587 3493 2659 μὲν,
3575 2590 3717 2660 φησὶ,
3770 2587 3838 2641 καὶ

2234 2670 2405 2725 ἄλλον
2435 2671 2671 2746 πέμψαι,
2710 2673 2859 2745 πλὴν
2915 2672 3094 2738 οὕτως
3151 2677 3304 2750 ὑμῶν
3336 2675 3835 2751 ἀντιλαμϐανόμενον

2230 2759 2267 2828 ἤ
2305 2766 2649 2835 μεριμνῶντα
2700 2764 2769 2818 τὰ
2816 2766 2936 2828 καθ’
2993 2767 3162 2836 ἡμᾶς,
3221 2764 3337 2821 οὐδ’
3367 2765 3458 2823 ἕνα
3516 2763 3630 2848 ἔχω
3676 2768 3834 2843 ἕτερον.

2222 3317 2343 3368 σθαι
2374 3306 2475 3373 τήν
2506 3304 2669 3382 ἃχρις
2703 3307 2876 3381 ὑμῶν.
2910 3311 3089 3365 Τοῦτο
3122 3306 3180 3364 δὲ
3208 3332 3392 3389 φησιν,
3413 3312 3480 3367 οὐ
3509 3312 3635 3376 τοὺς
3666 3310 3833 3370 ἄλλους

2222 3394 2515 3473 λοιδορῶν,
2544 3397 2690 3454 ἀλλᾶ
2718 3401 2811 3455 τὸν
2844 3400 3117 3474 Τιμόθεον
3165 3401 3553 3477 ἐγκωμιάζων,
3608 3405 3691 3461 καὶ
3717 3407 3834 3475 ἡμᾶς

2219 3483 2486 3541 διδάσκων
2521 3488 2597 3560 μὴ
2630 3492 2746 3549 τοῖς
2784 3486 2927 3548 ἴσοις
2957 3496 3289 3563 περιπεσεῖν.
3334 3491 3490 3561 [Ιλήν
3555 3494 3670 3569 ὅρα,
3722 3490 3832 3546 ὅτιό

2217 3571 2395 3630 ἄνεσιν
2427 3581 2629 3645 ζητῶν,
2677 3576 2711 3645 ἥ
2760 3578 2823 3633 τὸ
2879 3579 3080 3632 οἰκεῖον
3144 3579 3307 3652 μόνον
3338 3582 3636 3660 συμφέρον,
3680 3580 3735 3635 οὖ
3782 3579 3830 3634 τὶ

2216 3668 2461 3738 Χριστοῦ
2502 3671 2671 3736 ζητεῖ.
2706 3691 2733 3719 ‹‹
2760 3666 2882 3724 Ὃτι
2915 3666 2990 3729 ὡς
3020 3668 3187 3743 πατρὶ
3229 3670 3439 3725 τέκνον.
3470 3695 3500 3722 ››
3536 3673 3613 3730 Οὐ
3673 3668 3831 3733 δεῖσθε,

2216 3753 2370 3829 φησὶ,
2404 3756 2529 3828 παρ’
2560 3754 2694 3827 ἐμοῦ
2764 3755 2972 3826 μαθεῖν,
3032 3757 3118 3811 ὅτι
3181 3758 3316 3830 μετὰ
3370 3763 3472 3814 τοῦ
3501 3758 3627 3833 ἐμοὶ
3673 3761 3829 3813 {itote-

2212 3843 2435 3918 τάχθαι,
2469 3841 2784 3900 ἓδοῦλευσεν
2832 3844 2907 3907 εἷς
2939 3846 3001 3900 τὸ
3046 3849 3326 3922 κήρυγμα.
3396 3850 3739 3924 Παρατίθεται
3788 3844 3829 3900 δὲ

2213 3932 2378 3987 αὐτὸν
2437 3932 2665 4001 είκότες,
2749 3932 2839 3988 καὶ
2890 3938 3053 3989 τοῦτο
3136 3932 3227 3990 διὰ
3280 3935 3502 3992 ἐκείνων
3574 3938 3826 4015 συμφέρον,

2210 4020 2300 4075 ’ἱνα
2355 4014 2570 4093 ἔντιμον
2620 4018 2847 4096 ἔχοντες
2906 4022 3089 4089 αὐτὸν,
3169 4021 3338 4080 πλέον
3423 4025 3688 4081 ἀκούσωσι
3759 4018 3827 4076 καί

2211 4110 2379 4165 πλέον
2411 4107 2790 4184 ὠφεληθῶσιν.
2824 4134 2853 4161 ‹‹
2910 4116 3000 4172 Ὠς
3051 4109 3115 4165 ἃν
3172 4111 3353 4167 ἀπίδω
3409 4115 3481 4170 τὰ
3525 4115 3646 4188 περὶ
3673 4114 3777 4185 ἒμέ.
3803 4135 3823 4159 υ

2209 4200 2369 4254 Ὅταν
2392 4196 2523 4267 ἳδω,
2555 4197 2743 4275 φησὶν,
2804 4198 2882 4260 εἷς
2939 4205 3099 4254 ποῖον
3125 4200 3243 4270 ἥξει
3301 4203 3370 4257 τὰ
3397 4205 3519 4259 κατ’
3550 4205 3643 4277 ἐμὲ
3668 4202 3821 4274 πέρας.

2276 4914 2596 4988 Ἀναγκαῖον
2628 4907 2683 4965 δὲ
2713 4908 3015 4984 ἡγησᾶμην
3049 4908 3445 4990 Ἐπαφρόδιτον
3500 4914 3591 4969 τὸν
3620 4910 3811 4986 ἀδελρόν

2198 5002 2290 5058 καὶ
2370 5000 2625 5075 συνεργὸν
2698 5002 2789 5054 καὶ
2882 5005 3288 5074 συστρατιώτην
3376 5024 3506 5076 μου,
3578 5005 3718 5076 ὑμῶν
3768 4994 3811 5050 δί

2201 5087 2532 5158 ἀπόστολον,
2591 5086 2681 5142 καὶ
2758 5085 3074 5163 λειτουργὸν
3149 5092 3247 5158 τῆς
3307 5092 3497 5168 χρείας
3572 5112 3670 5164 μου
3732 5086 3808 5142 πὲ-

2204 5181 2342 5252 μψαι
2416 5177 2552 5252 πρὸς
2629 5176 2789 5248 ὑμᾶς’
2866 5174 3052 5248 ἐπειδὴ
3132 5176 3411 5244 ἐπιποθῶν
3485 5181 3551 5251 ἧν
3636 5179 3807 5234 παντες

2203 5268 2344 5342 ὑμᾶς
2374 5267 2463 5322 καὶ
2496 5262 2789 5338 ἀδημονῶν
2824 5263 2962 5322 διότι
2995 5268 3263 5338 ἠκούσατε
3317 5270 3400 5325 ὅτι
3446 5270 3693 5341 ἠσθένησε
3725 5284 3806 5319 πα·

2203 5358 2508 5431 ραπΛήσιον
2536 5356 2773 5429 θανάτῳ,
2806 5355 2935 5411 ἀλλ’
2992 5358 3020 5411 ὁ
3060 5356 3190 5419 Θεὸς
3251 5358 3411 5414 αὐτὸν
3466 5357 3704 5430 ἠλέησεν,
3731 5352 3807 5407 οὐκ

2200 5446 2359 5502 αὐτὸν
2391 5443 2448 5501 δὶ
2482 5444 2669 5517 μόνον,
2691 5444 2839 5502 ἀλλᾶ
2865 5446 2956 5501 καὶ
2981 5445 3099 5519 ἐμὲ,
3129 5446 3218 5503 ἳνα
3243 5450 3317 5521 μή
3347 5447 3525 5516 λύπην
3552 5448 3635 5505 ἰπὶ
3658 5445 3800 5509 λύπην

2202 5540 2345 5611 σχῶ.
