4072 6266
266 393 295 452 Ι
310 390 434 453 293

1313 388 1719 451 (ΖΟἋΜΕΝΤ.
1767 387 1849 449 ΙΝ
1892 385 2142 449 EPIST.
2209 388 2306 449 AD
2352 390 2636 453 PHlLlP.

3517 393 3671 458 4291.

343 525 492 581 Μετὰ
522 524 754 580 ἐπαίνων
781 525 868 580 καὶ
906 528 1096 580 τοῦτον
1158 522 1483 579 ἀποστέλλει
1517 523 1593 599 ᾡς
1622 521 1715 576 τὸν
1743 521 1917 592 Τιμό-

2103 522 2268 578 Hunc
2299 523 2477 579 etiam
2509 541 2643 579 cum
2670 523 2943 582 laudibus
2966 527 3149 582 mittit
3169 520 3697 598 quemadmodum!

268 626 419 683 θεον,
461 612 553 669 διὰ
601 614 699 681 τήν
753 614 865 669 ἐκεῖ
918 615 1305 689 γεγραμμένην
1361 611 1561 668 αἰτίαν,
1621 636 1650 662 (ι
1690 608 1791 666 Καὶ
1823 630 1920 664 συ-

272 704 619 777 στρατιώτην
653 724 780 776 μου.
809 727 837 754 ι)
870 707 1044 759 Τοῦτο
1093 708 1275 776 μεῖζον
1334 705 1432 756 τοῦ
1481 703 1763 774 συνεργοῦ.
1804 699 1922 755 Ἐνι

270 792 377 867 γὰρ
430 792 523 846 καὶ
573 790 626 846 ἐν
672 790 860 865 ψιλοῖς
935 796 1227 866 συνεργεῖν
1293 791 1323 844 6
1382 787 1438 843 δὲ
1497 787 1920 863 συστρατιώτης,

274 881 332 936 ἐν
386 877 650 944 κινδύνοις
704 879 793 935 καὶ
850 884 1179 954 πειρασμοῖς
1238 882 1499 954 συνεργεῖ.
1557 898 1581 922 α
1629 879 1807 948 Ὑμῶν
1867 872 1923 929 δὲ

272 968 588 1033 ἀπόστολος
644 969 734 1024 καὶ
821 967 1134 1043 λειτουργὸς
1191 975 1292 1037 τῆς
1349 966 1538 1042 χρείας
1600 986 1725 1038 μου.
1764 989 1790 1014 ι)
1846 965 1922 1018 Δι’

275 1058 445 1115 αὐτοῦ
483 1058 584 1134 γάρ
642 1059 779 1127 ἦσαν
834 1056 984 1129 αύτῷ
1035 1057 1102 1113 τὰ
1153 1057 1290 1131 πρὸς
1345 1056 1530 1131 χρείαν
1590 1052 1922 1127 πέμψαντες.

271 1149 371 1204 Διὸ
412 1147 746 1205 Ἀπόστολον
788 1147 1026 1213 ἐκείνων,
1058 1147 1148 1201 καὶ
1201 1153 1301 1216 τῆς
1333 1146 1536 1206 οἰκείας
1566 1144 1754 1219 γρείας
1783 1141 1926 1198 λειτ-

273 1242 475 1317 ουργὸν
513 1240 681 1297 αὐτὸν
713 1239 894 1298 καλεῖ.
949 1262 978 1293 (ι
1008 1237 1232 1309 Ἐπειδή
1293 1227 1569 1303 ἐπιποθῶν
1604 1239 1693 1305 ἧν.
1728 1260 1756 1288 ››
1813 1237 1926 1304 Τήν

271 1329 492 1407 ἀγάπην
520 1330 706 1398 αὐτοῦ,
767 1328 845 1393 εἰς
897 1329 1148 1384 σύστασιν
1194 1329 1540 1403 προὶσχεται.
1575 1349 1604 1378 ‹‹
1638 1326 1740 1382 Καὶ
1786 1321 1926 1395 ἀδη-

279 1424 482 1494 μονῶν.
519 1441 545 1473 ι
599 1416 897 1492 Ἥδημόνει
955 1415 1114 1479 εἰδὼς
1169 1417 1255 1472 ὅτι
1296 1415 1535 1494 φιλεῖται
1565 1416 1690 1491 παρ’
1746 1415 1922 1483 ὑμῶν,

272 1510 368 1564 καὶ
428 1506 517 1565 διὰ
577 1512 741 1564 τοῦτο
787 1509 1071 1583 γινώσκων
1131 1506 1214 1562 ὅτι
1266 1505 1645 1577 λυπηθήσεσθε
1708 1503 1794 1559 ἐπὶ
1854 1506 1923 1576 τῇ

279 1597 555 1674 ἀρρωστίᾳ
612 1599 797 1655 αὐτοῦ.
850 1622 878 1650 ‹‹
912 1598 1017 1654 Καὶ
1072 1598 1174 1674 γὰρ
1229 1597 1514 1667 ἠσθένησε.
1549 1619 1579 1649 »
1655 1594 1925 1650 Δείκνυσιν

277 1688 365 1745 ὅτι
395 1688 493 1744 οὐκ
522 1686 807 1762 ἀμελήσας
838 1685 1052 1762 ἤργησε
1089 1688 1300 1760 πέμψαι
1338 1685 1459 1741 τινὰ
1516 1685 1649 1760 πρὸς
1704 1682 1925 1753 αὐτοὺς,

274 1777 406 1834 ἀλλ’
461 1778 792 1851 ἠναγκάσθη.
878 1777 940 1834 Ὀ
1020 1776 1123 1851 γὰρ
1191 1771 1584 1850 Ἐπαφρόδιτος
1633 1771 1923 1848 ήρῥώστει.

2029 614 2083 665 et
2116 611 2510 676 Timotheum,
2544 620 2786 684 propter
2816 615 3094 686 scriptam
3134 616 3209 671 ibi
3246 634 3486 673 causam
3537 641 3566 669 «
3592 623 3674 675 Ac

2029 700 2492 756 commilitonem
2529 718 2746 758 meum.
2774 726 2800 750 »ι
2836 704 2952 757 Hoc
2982 705 3166 777 magis
3198 712 3306 772 est,
3332 724 3510 777 quam
3544 726 3673 764 esse

2029 788 2384 858 adjutorem.
2418 791 2715 863 Contingit
2740 793 2899 847 enim
2928 800 2995 847 ut
3019 794 3195 849 etiam
3220 796 3282 850 in
3303 796 3569 853 minimis
3599 799 3676 853 sit

2031 877 2285 948 adjutor.
2318 880 2644 935 commilito
2676 897 2810 935 vero
2839 882 2901 936 in
2934 883 3214 953 periculis
3246 891 3303 939 et
3343 886 3677 942 afﬂictioni-

2032 968 2141 1023 bus
2171 969 2409 1038 adjutor
2430 974 2535 1024 est.
2558 992 2586 1019 »
2615 972 2879 1025 Vestrum
2904 979 3101 1026 autem
3123 975 3459 1043 apostolum
3483 992 3549 1031 ac
3571 978 3677 1031 mi-

2032 1058 2284 1112 nistrum
2320 1058 2379 1111 in
2411 1059 2763 1114 necessitate
2792 1076 2921 1114 mea
2962 1082 2990 1109 ››
3032 1063 3174 1116 Nam
3214 1080 3319 1132 per
3347 1064 3542 1134 ipsum
3574 1082 3679 1121 ne-

2031 1147 2286 1201 ressaria
2346 1147 2684 1201 miserant:
2744 1147 2880 1202 ideo
2937 1150 3272 1221 apostolum
3316 1152 3577 1217 illorum,
3611 1171 3678 1211 ac

2035 1235 2371 1290 ministrum
2401 1252 2523 1291 sum
2554 1238 2927 1292 necessitatis
2965 1239 3245 1310 appellat.
3297 1242 3681 1314 Quandoqui-

1998 1322 2491 1379 desiderabat.»
2541 1326 2898 1382 Charitatem
2955 1327 3116 1384 illius
3176 1330 3239 1384 in
3299 1333 3678 1389 commenda—

2032 1414 2255 1468 tionem
2281 1415 2579 1485 proponit.
2606 1437 2633 1463 ‹‹
2667 1416 2891 1471 Anxius
2912 1417 3117 1472 animi.
3144 1441 3172 1467 »
3198 1419 3440 1488 Anxius,
3465 1421 3678 1493 inquit,

2033 1504 2235 1560 animo
2261 1511 2387 1560 erat
2417 1505 2611 1561 sciens
2633 1505 2789 1577 quod
2821 1523 2857 1562 a
2878 1507 3044 1562 vobis
3087 1515 3410 1578 amaretur,
3463 1516 3524 1566 et
3541 1529 3681 1584 pro-

2034 1599 2238 1665 pterea
2257 1610 2622 1666 cognoscens
2644 1595 2804 1666 quod
2827 1612 3074 1651 mmrore
3098 1596 3487 1654 afﬁceremini
3519 1601 3593 1656 ob
3615 1600 3682 1656 il-

2033 1683 2152 1738 lius
2181 1682 2610 1755 aagriiudinem.
2648 1705 2675 1731 α
2711 1684 3012 1755 Siquidem
3053 1686 3134 1742 ita
3182 1687 3454 1744 inﬁrmus
3484 1688 3614 1745 fuit.
3651 1710 3678 1739 »

2034 1771 2491 1842 Ostendit'quod
2521 1789 2640 1828 non
2669 1773 3026 1845 negligentia
3050 1777 3354 1847 torpuerit,
3388 1777 3526 1833 dum
3552 1778 3681 1834 nul-

271 1868 545 1939 Τιμόθεον
572 1862 628 1921 δὲ
666 1866 758 1920 τὸν
790 1865 883 1920 καὶ
943 1863 1119 1921 ὶλθεῖν
1182 1860 1499 1937 δυνάμενον,
1560 1861 1727 1936 μόνον
1785 1861 1924 1936 εἶχε,

2049 1864 2160 1917 tum
2188 1861 2261 1917 ad
2294 1863 2454 1933 ipsos
2487 1863 2764 1920 mitteret.
2790 1864 2893 1919 sed
2918 1867 3270 1921 necessitate
3286 1867 3561 1923 detentus
3583 1870 3679 1926 sit.

273 1960 396 2019 πῶς
423 1956 516 2010 οῦν
564 1954 878 2011 ἀπέστειλεν
929 1953 991 2009 ἃν
1022 1953 1219 2022 αύτόν;
1282 1979 1306 2005 α
1337 1951 1497 2011 Ἀλλ’
1525 1954 1555 2007 6
1585 1950 1716 2014 Θεὸς
1773 1949 1930 2005 αὐτὸν

274 2043 504 2115 ἠλέησε.
541 2067 570 2096 ιδ
623 2045 685 2099 Τί
716 2042 929 2115 ἐροῦσιν
990 2045 1042 2098 οἱ
1096 2042 1384 2115 αἱρετικοὶ,
1445 2042 1497 2097 οἱ
1554 2041 1802 2116 λέγοντες
1832 2060 1928 2095 κα-

276 2134 374 2189 κὸν
405 2132 499 2188 τὸν
525 2132 733 2205 κόσμον
766 2153 781 2203 ;
817 2128 954 2187 Ἰδοὺ
996 2132 1098 2206 γὰρ
1129 2131 1158 2185 6
1194 2130 1531 2191 Ἀπόστολος
1589 2124 1739 2185 ἔλεον
1799 2131 1932 2183 Θεοῦ

275 2219 460 2288 καλεῖ,
492 2218 555 2275 τὸ
588 2219 806 2290 ἰαθῆναι
845 2219 939 2274 τὸν
992 2214 1392 2295 Ἐπαφρόδιτον
1452 2215 1504 2272 ἂν
1557 2219 1625 2289 τῇ
1659 2214 1794 2290 ζωῇ.
1837 2214 1935 2270 Διά

281 2330 314 2364 τ
369 2307 427 2364 δὲ
458 2307 606 2371 ὅλως
647 2312 832 2378 (τοῦτο
860 2308 962 2384 γὰρ
1012 2309 1088 2370 ὡς
1144 2308 1281 2383 πρὸς
1338 2304 1701 2381 Χριστιανοὺς
1762 2311 1931 2375 ζητη-

284 2397 431 2464 τέον,
464 2396 509 2451 εἷ
558 2397 622 2452 τὸ
677 2395 938 2452 ἀναλῦσαι
980 2396 1069 2451 καὶ
1137 2397 1231 2450 σὺν
1269 2396 1489 2467 Χριστῷ
1542 2394 1680 2448 εἶναι
1716 2389 1932 2463 καλόν),

287 2482 443 2541 ἔλεον
475 2483 628 2560 λέγει
658 2485 756 2553 την
785 2483 1003 2540 ἐνταῦθα
1062 2486 1206 2553 ζωήν
1241 2503 1256 2553 ;
1292 2485 1386 2538 Καὶ
1412 2502 1608 2560 φαμεν,
1641 2479 1723 2536 ὅτι
1755 2477 1823 2535 δι’
1868 2481 1934 2551 ἢν

288 2573 466 2630 αἰτίαν
500 2574 610 2629 ἄνω
639 2573 807 2643 εἶπεν,
839 2574 1285 2648 Ἀναγκαιότερον
1341 2568 1399 2626 6‘s
1445 2571 1507 2626 τὸ
1555 2569 1827 2642 ἐπιμεῖναι
1862 2572 1932 2643 τῇ

285 2662 445 2736 σαρκὶ
477 2660 548 2718 δι’
606 2664 769 2735 ὑμᾶς,
828 2661 917 2718 διὰ
974 2662 1175 2733 ταύτην
1230 2662 1317 2717 καὶ
1378 2665 1470 2715 νῦν
1524 2661 1689 2715 τοῦτό
1747 2679 1936 2737 φησιν.

282 2777 313 2805 ι(
348 2750 505 2809 Αλλά
527 2753 617 2808 καὶ
651 2751 767 2825 ἰμέ.
804 2776 832 2805 »
862 2755 1003 2826 ’Ὀρα
1048 2754 1166 2811 πῶς
1213 2746 1492 2821 αἲδὲσιμον
1546 2747 1706 2803 αὐτὸν
1766 2751 1933 2809 ποιεῖ,

286 2840 369 2903 ὡς’
392 2844 462 2913 τῇ
494 2840 700 2895 ἐκείνου
727 2839 901 2916 ὑγιείᾳ
928 2839 1116 2895 ἑαυτὸν
1174 2837 1445 2907 ἡλεῆσθαι
1500 2833 1703 2910 λέγειν.
1763 2858 1791 2885 ‹‹
1823 2836 1937 2890 ’Ἰνα

295 2932 370 3003 μὴ
405 2928 585 3000 λυπην
616 2929 704 2986 ἰπὶ
736 2930 919 3000 λύπην
950 2934 1093 3005 σχῶ.
1128 2952 1157 2979 ι»
1191 2928 1330 3001 Πρὸς
1359 2930 1429 3001 τῇ
1458 2925 1567 2981 ἀπὸ
1594 2927 1693 2993 τῆς
1723 2924 1934 2999 ἀρρωσ·

282 3018 404 3080 τίας
437 3018 625 3086 αὐτοῦ,
655 3019 747 3074 καὶ
769 3020 868 3088 τὴν
900 3019 1007 3073 ἀπὸ
1064 3021 1160 3073 τοῦ
1190 3017 1438 3088 θανάτου,
1493 3014 1795 3081 τουτέστιν,
1848 3014 1938 3069 ἳνα

288 3108 364 3179 μὴ
396 3104 577 3176 λύπην
607 3109 708 3177 τήν
740 3115 840 3177 τῆς
880 3106 1180 3181 ἀρρωστίας
1237 3105 1429 3175 αὐτοῦ,
1468 3101 1555 3159 ἐπὶ
1605 3102 1785 3173 λύπηθ
1837 3104 1937 3171 τήν

282 3201 382 3252 τοῦ
414 3198 640 3253 θανάτου
667 3200 946 3271 κρατήσω.

2040 1952 2186 2006 Nam
2210 1950 2643 2022 Epaphroditus
2663 1952 2985 2019 aegrotabat
3007 1971 3020 2019 ;
3045 1955 3437 2021 Timotheum,
3462 1964 3521 2012 et
3541 1957 3589 2012 si
3608 1958 3684 2014 ad

2041 2055 2144 2093 eos
2174 2038 2467 2109 proﬁcisci
2499 2039 2809 2109 potuisset,
2841 2040 3029 2096 solum
3060 2042 3337 2108 habebat,
3387 2046 3683 2115 quomodo

2041 2140 2178 2198 ergo
2221 2125 2416 2196 ipsum
2449 2125 2682 2179 mittere
2713 2126 3043 2196 potuisset?
3065 2149 3092 2177 »
3134 2128 3191 2182 Si
3225 2128 3377 2185 Deus
3408 2132 3686 2190 misertus

2043 2215 2127 2269 esi
2158 2214 2341 2269 illius.
2365 2235 2396 2263 ››
2412 2213 2562 2279 Quid
2595 2215 2797 2270 dicent
2815 2215 3103 2278 haeretici,
3122 2217 3222 2287 qui
3254 2225 3532 2275 asserunt
3558 2237 3687 2277 ma-

2041 2304 2167 2359 lum
2184 2319 2313 2358 esse
2336 2302 2625 2359 mundum
2641 2303 2668 2358 ‘?
2683 2305 2829 2359 Ecce
2845 2305 3003 2360 enim
3022 2308 3337 2376 Apostolus
3354 2309 3690 2368 misericor-

2041 2393 2154 2449 ἀίω
2183 2393 2285 2449 Dei
2326 2393 2509 2448 fuisse
2561 2394 2707 2448 dicit
2746 2394 2907 2465 quod
2961 2396 3396 2468 Epaphroditus
3453 2401 3515 2454 in
3573 2402 3692 2457 vita

2043 2482 2357 2539 sineretur.
2382 2482 2779 2548 Quamobrem
2809 2490 3005 2539 autem
3031 2492 3383 2556 praesentem
3399 2490 3574 2545 vitam
3609 2492 3691 2546 ait

2043 2572 2287 2628 omnino
2305 2588 2436 2627 esse
2460 2572 2881 2627 misericordiae
2902 2580 3059 2643 (nam
3085 2574 3197 2630 hoc
3219 2581 3501 2647 tanquam
3531 2579 3689 2649 apud

2041 2661 2406 2716 Christianos
2464 2661 2853 2732 quaerendum
2912 2663 3021 2729 est)
3057 2706 3069 2721 .
3114 2663 3162 2718 si
3198 2664 3439 2720 dissolvi
3471 2671 3531 2721 et
3560 2683 3689 2724 esse

2043 2767 2177 2807 cum
2224 2751 2455 2805 Christo
2512 2750 2728 2806 melius
2783 2757 2909 2807 erat
2928 2752 2956 2807 δῖ
3000 2754 3071 2807 Et
3099 2752 3373 2819 dicimus,
3407 2757 3565 2827 quod
3614 2758 3688 2816 ob

2045 2857 2285 2896 causam
2307 2857 2425 2913 qua
2446 2842 2720 2912 superius
2747 2841 2931 2897 dixit:
2962 2847 3198 2899 Manere
3217 2844 3276 2899 in
3308 2862 3484 2903 carne
3502 2851 3689 2922 magis

2044 2930 2448 2986 necessarium
2470 2935 2562 2985 est
2585 2936 2826 3001 propter
2842 2947 2962 2995 vos,
2986 2932 3060 2987 ob
3083 2932 3352 2989 eamdem
3374 2951 3535 2991 nunc
3549 2954 3692 3007 quo-

2046 3034 2161 3089 que
2192 3017 2348 3073 istud
2380 3016 2543 3073 dicit.
2607 3040 2633 3069 ι
2665 3018 2775 3073 Sed
2805 3024 2864 3073 et
2890 3020 3029 3075 mei.
3066 3042 3094 3069 ››
3124 3020 3268 3076 Vide
3299 3038 3477 3093 quam
3528 3041 3690 3079 reve-

2044 3107 2291 3162 reddum
2335 3106 2503 3161 illum
2533 3106 2760 3175 reddat,
2789 3123 2924 3162 cum
2956 3108 3145 3179 ipsius
3201 3111 3451 3167 sanitate
3484 3113 3691 3167 Domi-

2049 3212 2191 3251 num
2223 3195 2313 3250 sui
2338 3194 2648 3249 misertum
2674 3194 2856 3250 fuisse
2887 3196 3049 3252 dicit.
3089 3220 3117 3247 «
3145 3200 3224 3253 Ne
3252 3216 3562 3257 mcerorem
3593 3220 3690 3258 su-

280 3304 391 3361 per
428 3305 743 3345 mmrorem
777 3289 1078 3345 haberem.
1114 3290 1332 3359 Nempe
1363 3287 1466 3343 οο
1494 3292 1710 3358 printer
1739 3302 1875 3341 cum
1902 3287 2003 3358 qui
2034 3291 2200 3341 ontus
2230 3284 2428 3339 fuerat
2464 3283 2537 3339 ab
2569 3283 2732 3340 illius
2761 3286 3133 3354 aegritudine,
3188 3288 3367 3344 etiam
3424 3306 3555 3346 eum
3590 3298 3696 3362 qui

282 3393 320 3433 a
343 3383 531 3433 morte
564 3379 873 3450 processit.
902 3379 1020 3433 Hoc
1042 3382 1150 3443 est,
1185 3393 1261 3432 ne
1289 3376 1558 3432 dolorem
1589 3376 1692 3447 qui
1721 3375 1913 3431 fuerat
1953 3391 2025 3432 ex
2058 3376 2189 3447 ejus
2248 3372 2621 3446 aegritudine,
2672 3374 2957 3430 haberem
2986 3392 3110 3431 una
3160 3393 3297 3433 cum
3353 3378 3562 3435 dolore
3593 3374 3696 3452 qui

288 3473 639 3539 sequeretur
668 3484 738 3523 ex
768 3468 899 3540 ejus
920 3473 1131 3522 morte.

364 3553 817 3630 Σπουδαιοτὲρως
902 3554 996 3609 οῦν
1080 3553 1299 3628 ἔπεμψα
1384 3551 1547 3609 αὐτὸν
1624 3550 1715 3607 ’ίνα
1796 3550 1940 3608 ίδόν-
1969 3554 2014 3622 C

1878 3641 1905 3662 γ

286 3664 379 3708 τες
461 3644 622 3700 αὐτὸν
710 3641 877 3700 πάλιν
961 3649 1192 3719 χαρῆτε,
1273 3642 1424 3718 κάγὼ
1480 3639 1817 3716 ἀλυπότερος
1870 3641 1937 3698 ὦ.

294 3729 672 3808 Προσδέχεσθε
730 3732 824 3788 οὗν
902 3731 1058 3787 αὐτὸν
1137 3728 1188 3787 ἐν
1282 3731 1479 3805 Κυρίῳ.
1545 3730 1679 3804 μετά
1761 3730 1938 3798 πάσης

294 3828 492 3897 χαρᾶς,
575 3823 668 3878 καὶ
753 3820 879 3885 τοὺς
935 3822 1223 3885 τοιούτους
1304 3820 1552 3893 ἐντίμους
1621 3815 1797 3893 ἔχετε,
1856 3817 1939 3873 δτι

295 3908 386 3966 διὰ
434 3910 498 3967 τὸ
562 3905 718 3987 ἔργον
775 3915 871 3965 τοῦ
930 3911 1167 3984 Χριστοῦ
1224 3907 1391 3981 μέχρι
1448 3906 1674 3960 θανάτου
1730 3902 1943 3978 ἤγγισε,

300 3994 888 4074 παραϐουλευσάμενος
994 4000 1065 4071 τῇ
1151 3996 1330 4069 ψυχῇ,
1409 3992 1495 4046 ἴνα
1560 3989 1835 4065 πληρώσῃ
1881 3992 1945 4046 τὸ

304 4090 460 4163 ὑμῶν
494 4087 792 4164 ὑστέρημα,
822 4089 921 4155 τῆς
953 4087 1091 4161 πρὸς
1120 4085 1186 4157 μὲ
1217 4080 1575 4156 λειτουργίας.

378 4202 406 4230 (ι
440 4177 611 4239 Πάλιν
662 4182 892 4251 χαρῆτε.
926 4199 957 4227 ››
1015 4177 1108 4242 Μὴ
1169 4173 1335 4246 μόνον
1389 4170 1450 4226 ἐκ
1501 4177 1601 4239 τῆς
1661 4169 1833 4240 ἀκοῆς
1862 4169 1945 4225 ὅτι

305 4265 544 4341 ὑγίανεν,
578 4263 724 4320 ἀλλά
751 4263 843 4318 καὶ
866 4263 926 4318 ἐκ
969 4269 1070 4331 τῆς
1124 4261 1270 4325 θέας.
1333 4284 1362 4314 ι(
1394 4257 1555 4335 Κάγὼ
1613 4256 1950 4333 ἀλυπότερος

302 4357 367 4411 ὦ.
401 4378 428 4405 ››
464 4354 587 4410 Ἐὰν
620 4355 725 4430 γὰρ
760 4353 916 4425 ὑμεῖς
974 4358 1206 4427 χαρῆτε,
1258 4349 1348 4405 καὶ
1400 4348 1507 4426 ἐγὼ
1566 4349 1773 4425 χαίρω,
1825 4347 1951 4405 ἀλλ’

305 4442 405 4499 οὐκ
480 4444 617 4509 εἷπε,
673 4441 880 4516 Χαίρω,
937 4438 1063 4497 ἀλλ’
1103 4436 1229 4496 οῦδὲ
1276 4436 1485 4501 ἀλυπος
1530 4435 1747 4510 ἔσομαι,
1807 4437 1953 4494 ἀλλά

304 4530 662 4605 ἀλυπότερος,
692 4528 901 4592 δεικνὺς
927 4528 1011 4584 ὅτι
1042 4526 1319 4585 οὐδέποτε
1345 4527 1613 4602 ἦνξχωρὶς
1641 4526 1822 4597 λύπης
1850 4533 1950 4595 τῆς

312 4620 440 4693 ὑπὲρ
470 4624 578 4674 τῶν
611 4621 889 4693 μαθητῶν,
946 4618 1035 4674 καὶ
1085 4623 1186 4686 τῆς
1243 4616 1375 4691 ὑπὲρ
1403 4620 1499 4671 τοῦ
1554 4613 1803 4689 πολέμου
1852 4621 1955 4684 τῆς

311 4708 564 4770 πίστεως.
593 4708 751 4783 ’Υπὲρ
780 4709 883 4783 γὰρ
914 4714 1015 4778 τῆς
1046 4703 1270 4768 ἔλπίδος
1326 4704 1407 4761 ἀεὶ
1465 4698 1673 4779 ἔχαιρε.
1730 4725 1751 4754 ι
1789 4709 1955 4779 Προσ-

308 4796 534 4874 δέχεσοε
593 4796 684 4852 οῦν
739 4797 903 4852 αὐτόν
941 4840 954 4853 .
994 4822 1023 4849 ››
1079 4797 1306 4866 Δέξασθε
1361 4794 1453 4849 οῦν
1514 4793 1699 4860 αὑτὸν,
1765 4792 1801 4862 ἢ
1867 4790 1957 4848 διὰ

304 4888 398 4944 τὸν
461 4888 658 4962 Κύριον
690 4933 707 4956 ,
764 4887 798 4957 ἢ
860 4890 999 4942 Θεοῦ
1075 4884 1347 4949 θέλοντος.
1384 4913 1409 4943 α
1462 4882 1557 4937 Καὶ
1603 4880 1734 4944 τοὺς
1782 4880 1958 4936 τοιού-

304 4998 432 5039 τους
470 4976 720 5051 ἐντίμους
746 4973 923 5051 ἔχετε,
958 5000 986 5027 ››
1027 4974 1089 5031 οὐ
1143 4973 1213 5030 δι’
1262 4972 1458 5033 αὐτοὺς
1523 4970 1783 5037 ἐκείνους,
1809 4967 1956 5025 ἀλλὰ

308 5064 379 5121 δι’
441 5067 585 5139 ὑμᾶς
641 5067 771 5128 τοὺς
832 5062 1187 5139 δεχομένους,
1240 5064 1335 5117 ἳνα
1386 5059 1656 5135 πλεονάσῃ
1717 5061 1869 5131 ὑμῶν
1927 5060 1955 5114 6

321 5154 532 5229 μισθός.
575 5180 603 5207 ιι
637 5156 761 5211 ’Ότι
803 5150 892 5208 διά
937 5153 1000 5208 τὸ
1048 5148 1206 5228 ἔργον
1262 5154 1360 5205 τοῦ
1415 5150 1669 5224 Χριστοῦ.
1705 5171 1734 5199 υ
1788 5147 1962 5210 Οὗτος

313 5243 568 5299 ἀπελθὼν
602 5243 654 5299 ἰν
704 5242 994 5317 τῇῬώμῃ
1054 5240 1106 5296 ἐν
1156 5244 1235 5311 τῷ
1290 5236 1644 5311 ἀποκομίζειν
1702 5236 1771 5291 τὰ
1826 5235 1959 5310 πρὸς

314 5334 417 5401 τήν
463 5333 655 5406 χρείαν
737 5336 817 5404 τῷ
879 5328 1100 5403 Παύλῳ,
1144 5328 1286 5390 εἰκὸς
1340 5326 1423 5382 ὅτι
1481 5323 1630 5400 εὗρεν
1690 5323 1854 5379 αύτὸν
1911 5322 1963 5378 ἐν

316 5421 517 5492 πολλῴ
546 5419 799 5494 κινδύνῳ,
832 5421 905 5481 ὡς
938 5417 1081 5492 μηόὶ
1116 5420 1179 5474 τὸ
1226 5417 1454 5492 ἱγγίζςιν
1500 5414 1666 5484 αὐτῷ,
1724 5411 1961 5492 ἕτίεσθαί

315 5532 446 5581 τινι,
477 5509 626 5565 ἀλλά
664 5510 754 5565 καὶ
801 5507 1043 5565 κίνδυνον
1099 5510 1377 5568 εἶναιτοῖς
1433 5498 1873 5578 ἔντυγχάνουσιν.
1906 5503 1964 5571 ὀ

320 5599 414 5656 οῦν
462 5597 862 5675 Ἐπαφρόδιτος
911 5599 1163 5655 τοιούτου
1222 5594 1480 5653 κινδύνου
1535 5595 1966 5671 καταφρονήσας,

321 5688 414 5744 καὶ
466 5689 742 5763 cavi-.915,
802 5690 887 5743 καὶ
946 5689 1010 5741 τά
1066 5688 1201 5761 πρὸς
1248 5687 1346 5756 τὴν
1402 5681 1589 5759 χρείαν
1651 5677 1838 5754 ἔδωκε,
1878 5684 1967 5738 καὶ

2123 3553 2195 3620 Il,
2226 3553 2412 3608 28-30.
2472 3552 2783 3610 Studiosius
2843 3556 3030 3625 itaque
3068 3554 3195 3611 misi
3247 3555 3428 3626 illum,
3486 3564 3698 3613 etcum

2043 3642 2303 3699 videretis
2337 3643 2496 3697 illum
2526 3643 2706 3698 denuo
2752 3644 3061 3712 gaudeatis,
3096 3652 3150 3698 et
3177 3661 3278 3714 ego
3308 3648 3484 3715 magis
3512 3663 3698 3702 vacem

2044 3748 2293 3788 maerore.
2333 3734 2583 3800 Excipite
2612 3732 2786 3801 igitur
2830 3731 2989 3785 illum
3020 3734 3077 3786 in
3119 3733 3342 3787 Domino
3395 3750 3516 3788 cum
3546 3735 3698 3790 omni

2047 3822 2250 3890 gaudio
2270 3837 2289 3873 :
2320 3826 2372 3873 et
2402 3821 2498 3889 qui
2528 3818 2798 3888 ejusmodi
2824 3826 2972 3886 sunt,
3000 3836 3088 3875 eos
3118 3821 3176 3873 in
3200 3823 3386 3890 pretio
3403 3821 3654 3878 habetote
3675 3838 3695 3877 :

2047 3909 2309 3978 quoniam
2330 3911 2560 3976 propter
2602 3922 2735 3977 opus
2794 3906 2998 3961 Christi
3025 3924 3087 3962 eo
3115 3912 3357 3978 accessit,
3418 3917 3479 3965 ut
3531 3914 3697 3966 morti

2041 3996 2333 4064 proximus
2359 3995 2532 4060 fuerit
2558 4010 2571 4048 :
2603 4010 2715 4048 non
2745 3994 2936 4049 habita
2963 3997 3181 4052 ratione
3238 3999 3387 4055 vitae.
3445 4005 3508 4054 ut
3560 4016 3696 4071 sup-

2042 4083 2220 4153 pleret
2250 4081 2309 4135 id
2326 4080 2476 4151 quod
2492 4083 2549 4135 in
2564 4088 2742 4136 vestro
2771 4100 2905 4152 erga
2921 4100 3005 4139 me
3017 4087 3198 4154 ofﬁcio
3207 4088 3320 4155 fuit
3335 4087 3694 4144 diminutum.

2125 4192 2153 4221 «
2181 4171 2383 4226 Denuo
2405 4170 2729 4244 gaudeatis.
2756 4194 2785 4221 »
2804 4174 2931 4228 Non
2954 4190 3024 4229 ex
3049 4174 3257 4232 auditu
3280 4181 3509 4233 tantum
3538 4178 3701 4249 quod

2054 4266 2297 4317 sanatus
2329 4260 2426 4326 sit,
2456 4260 2844 4317 verumetiam
2875 4279 2948 4317 ex
2977 4269 3240 4334 aspectu.
3275 4287 3303 4315 «
3341 4267 3407 4320 Et
3437 4283 3541 4340 ego
3572 4284 3700 4324 ma-

2054 4352 2143 4425 gis
2172 4368 2369 4407 vacem
2404 4367 2672 4407 mcerore.
2711 4375 2730 4399 ι
2769 4353 2912 4408 Nam
2944 4353 2993 4408 si
3022 4370 3123 4408 vos
3151 4355 3445 4426 gaudetis,
3490 4362 3549 4411 et
3597 4373 3702 4429 ego

2055 4440 2281 4514 gaudeo
2313 4458 2326 4494 :
2359 4439 2459 4496 sed
2485 4456 2604 4496 non
2627 4440 2777 4496 dixit
2805 4441 3062 4508 Gaudeo,
3096 4443 3216 4499 imo
3246 4460 3440 4516 neque
3471 4445 3707 4517 simpli-

2058 4530 2206 4586 citer
2234 4529 2399 4597 dixit,
2451 4528 2588 4584 Sine
2640 4545 2889 4586 mmrore
2940 4547 3059 4598 ero,
3112 4532 3216 4587 sed
3266 4534 3451 4605 magis
3508 4550 3709 4591 vacem

2061 4638 2351 4686 maerore,
2375 4619 2698 4676 ostendens
2725 4622 2884 4692 quod
2915 4628 3157 4695 propter
3206 4623 3529 4695 discipulos
3555 4641 3713 4681 nunc

2061 4728 2239 4783 quam
2272 4711 2498 4766 doloris
2526 4726 2740 4782 expers
2769 4716 2918 4770 orat.
2942 4712 3044 4782 qui
3076 4713 3256 4769 etiam
3306 4713 3609 4771 oriebatur
3637 4713 3711 4770 ob

2060 4799 2285 4857 bellum
2316 4800 2596 4855 adversus
2620 4799 2818 4854 fidem.
2850 4800 2997 4856 Nam
3031 4806 3270 4873 propter
3292 4818 3456 4873 spem
3479 4818 3715 4876 semper

2062 4887 2374 4961 gaudebat.
2408 4910 2435 4937 ‹‹
2470 4888 2735 4959 Excipite
2764 4888 2942 4961 igitur
2973 4889 3144 4944 illum
3176 4890 3237 4944 in
3266 4892 3541 4947 Domino.
3575 4914 3605 4943 »
3633 4892 3712 4948 II-

2065 4978 2190 5034 lum
2220 4977 2422 5048 itaque
2463 4977 2744 5048 suscipite
2795 4982 2897 5032 aut
2951 4983 3193 5050 propter
3222 4980 3564 5047 Dominum,
3612 4985 3718 5036 aut

2068 5068 2208 5138 quia
2237 5066 2341 5121 Dei
2370 5066 2642 5122 voluntas
2673 5070 2780 5121 est.
2818 5088 2845 5118 ‹‹
2874 5067 2940 5122 Et
2968 5067 3067 5137 qui
3095 5067 3389 5139 ejusmodi
3422 5073 3584 5138 sunt,
3614 5085 3718 5124 eos

2068 5155 2131 5209 in
2161 5154 2367 5227 praetio
2399 5153 2696 5211 habetote.
2731 5174 2759 5203 »
2792 5156 2918 5210 Non
2949 5161 3192 5226 pr0pter
3219 5154 3356 5211 illos
3399 5155 3582 5226 ipsos,
3615 5155 3718 5211 sed

2070 5250 2313 5316 propter
2332 5259 2431 5298 vos
2461 5244 2561 5314 qui
2589 5242 2887 5314 suscipitis
2913 5248 2981 5299 ut
3000 5243 3282 5299 exuberet
3330 5250 3526 5300 vestra
3549 5261 3723 5301 men-

2070 5350 2238 5389 ces.«
2275 5332 2565 5398 Quoniam
2612 5338 2855 5405 propter
2898 5349 3047 5404 opus
3097 5332 3315 5388 Christi
3372 5355 3402 5384 ››
3433 5333 3579 5389 Cum
3628 5333 3723 5390 hic

2072 5422 2318 5479 abiisset
2336 5421 2407 5477 ad
2434 5422 2645 5479 urbem
2667 5424 2936 5485 Romam,
2960 5428 3024 5476 ut
3043 5439 3173 5493 qua:
3197 5422 3533 5479 necessaria
3554 5428 3727 5479 erant

2073 5511 2256 5567 Paulo
2288 5510 2566 5573 deferret.
2591 5511 2907 5567 verisimile
2922 5516 3013 5565 est
3029 5511 3395 5583 quodipsum
3412 5512 3474 5568 in
3514 5528 3724 5585 magno

2078 5602 2344 5673 periculo
2366 5602 2692 5669 invenerit,
2725 5619 2860 5660 cum
2891 5606 3091 5657 autem
3119 5617 3194 5656 ne
3220 5601 3293 5657 ad
3316 5617 3452 5657 eum
3483 5602 3725 5673 quidem

2079 5691 2361 5748 accedere
2421 5692 2699 5763 cuiquam
2750 5691 2979 5750 licitum
3009 5697 3111 5748 aut
3160 5692 3515 5763 permissum
3549 5696 3724 5750 esset.
