4072 6266
324 328 481 388 1297

1393 334 1809 397 CUMMENT.
1855 335 1939 394 IN
1988 329 2241 391 EPIST.
2288 331 2389 391 AD
2433 329 2727 391 PHILIP.

3576 325 3734 386 1298

317 460 409 513 τὸν
465 461 589 516 Υιὸν
675 462 1018 538 ἀρνούμενοι,
1079 463 1205 521 οὐδὶ
1250 464 1345 522 τὸν
1399 466 1614 542 ΙΙατέρα
1683 466 1953 541 ἴσασιν),·ἴ

2085 468 2246 519 trant
2275 464 2378 535 qui
2399 462 2627 535 aliquid
2658 462 2881 518 tribuit.
2914 463 3078 517 Nunc
3103 466 3303 516 autem
3334 461 3394 516 hi
3427 476 3606 517 canes
3638 460 3734 516 di-

324 545 507 604 διὰτὸ
548 550 910 631 ἀναίσχυντον
988 555 1024 625 ἢ
1083 554 1265 629 ὥσπερ
1324 552 1739 633 ἐπιστρέφοντες
1796 556 1873 619 εἷς
1911 557 1973 610 τὸ

320 633 460 693 ἴδιον
486 636 770 714 ἐξὲρασμα,
800 643 834 712 ἢ
880 638 972 697 διά
1024 644 1088 699 τὸ
1137 642 1589 720 λαθραιὸδηκτον.
1652 674 1678 698 α
1713 645 1849 708 Τοὺς
1875 666 1970 699 κη’

318 727 448 788 κους
491 725 741 803 ἒργέτας.
778 754 805 782 »ι
865 732 1214 807 Ἐργπὶζονται
1277 734 1372 807 μὶν
1429 735 1560 809 γαρ,
1591 732 1717 789 ἀλλ’
1750 734 1837 789 ἐπὶ
1892 737 1972 806 τῷ

315 819 491 887 κακῷ.
548 817 628 874 Τὰ
683 818 789 894 γὰρ
845 819 1027 881 καλῶς
1084 821 1412 900 φυτευθέντα
1459 822 1761 879 ἀνασπῶσι.
1796 824 1970 890 «Τήν

314 908 713 978 κατατομήν.»
773 908 915 971 Τοὺς
1000 913 1500 986 περιτεμνομένους
1564 913 1749 991 φησίν.
1810 896 1972 967 Ἀλλ’

315 991 503 1064 ἐπειδὴ
549 996 649 1051 οὐκ
704 990 784 1053 ἔτι
841 999 1099 1072 νομίμως
1155 999 1363 1073 ἐγίνετο
1418 1003 1565 1075 παρά
1621 999 1907 1063 Ἰουδαίοις
1939 1002 1967 1055 ὁ

316 1087 675 1160 περιτομή
710 1087 809 1163 γὰρ
830 1089 1040 1162 νομίμη
1073 1094 1164 1145 νῦν
1201 1089 1311 1147 ἐστι
1368 1097 1447 1164 τῷ
1503 1092 1774 1165 πνεύματι
1812 1112 1969 1167 περι-

314 1179 603 1248 τεμνεσθαι
655 1178 756 1246 τὴν
838 1179 1048 1254 ψυχὴν)
1132 1182 1447 1255 κατατομήν
1509 1181 1677 1250 αὐτὴν
1723 1179 1962 1250 ἐκάλεσε,

318 1261 506 1334 δηλῶν
534 1265 616 1321 ὅτι
649 1264 805 1322 ούδὶν
862 1267 1046 1345 ἱεερόν
1105 1269 1246 1325 ἐστιν
1297 1271 1331 1340 ἠ
1375 1272 1672 1344 περιτομὴ,
1704 1273 1740 1342 ἢ
1774 1272 1963 1344 σώμα-

310 1374 406 1417 τος
444 1358 751 1430 κατατομή.
810 1360 919 1426 Τῆς
973 1359 1078 1433 γὰρ
1126 1357 1389 1432 ἀληθείας
1446 1358 1714 1431 ἰλθούσης
1753 1360 1960 1437 ἀνάγκη

313 1444 445 1506 τοὺς
466 1444 671 1509 τύπους
704 1446 912 1521 ἀργεῖν.
961 1450 1033 1506 ’Ἠ
1091 1448 1174 1504 ὅτι
1233 1450 1332 1519 τήν
1392 1452 1698 1525 περιτομήν
1756 1450 1961 1526 κηρύτ-

310 1556 519 1600 τοντες.
574 1537 927 1610 κατατέμνειν
981 1544 1279 1615 πειρῶνται
1347 1542 1411 1597 τὸ
1468 1547 1628 1616 σῶμα
1678 1546 1778 1608 τῆς
1836 1543 1961 1599 Έκ-

311 1625 562 1696 κλησίας.
624 1651 653 1679 α
740 1628 809 1684 Οἳ
888 1649 1166 1702 πνεμματι
1217 1635 1334 1704 Θεῷ
1395 1628 1770 1707 λατρεύοντες.
1804 1656 1833 1685 ››
1891 1632 1957 1690 Οἱ

313 1719 690 1787 πνευματικῶς
738 1721 819 1790 τῷ
858 1723 974 1792 Θεῷ
1033 1717 1404 1794 λατρεύοντες,
1435 1722 1524 1776 καὶ
1580 1724 1960 1794 πνευματικῶς

2085 560 2304 608 cuntur
2329 554 2451 623 (qui
2503 554 2661 609 enim
2709 552 2920 608 Filium
2982 556 3201 623 negant
3256 567 3453 623 neque
3493 553 3731 606 Patrem

2084 649 2376 697 noverunt
2408 641 2473 712 '7)
2505 648 2607 697 aut
2632 648 2870 714 propter
2900 640 3350 713 impudentiam.
3393 647 3497 696 aut
3529 657 3732 711 quem-

2083 732 2399 787 admodum
2436 732 2493 786 hi
2527 734 2625 803 qui
2660 732 2733 787 ad
2773 732 3076 803 proprium
3134 736 3510 785 revertuntur
3551 731 3733 785 vomi-

2082 826 2228 887 tum,
2268 827 2369 876 aut
2399 837 2467 876 eo
2491 821 2652 892 quod
2684 821 2913 876 occulte
2944 820 3277 877 mordeant.
3309 843 3335 869 ιι
3373 820 3553 875 Malos
3593 836 3733 891 ope-

2081 909 2290 964 rarios.
2325 931 2355 960 ››
2390 911 2620 966 Etenim
2648 918 2978 982 operantur
2999 909 3262 981 quidem,
3282 908 3385 964 sed
3410 909 3483 964 ad
3509 909 3734 963 malum

2080 999 2222 1053 Nam
2255 1015 2386 1069 quas
2419 1005 2575 1055 recte
2605 999 2874 1071 plantam
2898 1005 3040 1055 sunt
3069 999 3343 1054 evellunt.
3382 1020 3411 1048 «
3433 998 3732 1053 Concisio-

2079 1102 2237 1141 nem.
2268 1110 2296 1134 υ
2328 1089 2720 1144 Circumcisos
2751 1088 2895 1144 dicit
2949 1088 3061 1143 Sed
3121 1088 3403 1158 quoniam
3464 1087 3730 1142 nondum

2076 1175 2235 1231 facta
2267 1183 2395 1232 erat
2415 1178 2573 1249 apud
2593 1178 2826 1233 Judmos
2843 1194 2978 1233 vera
3008 1184 3066 1232 et
3088 1177 3353 1249 legitima
3382 1176 3733 1232 circuncisio

2073 1263 2395 1335 (siquidem
2442 1282 2513 1321 ea
2544 1273 2629 1322 est
2661 1284 2819 1323 nunc
2868 1267 3133 1339 legitima
3169 1273 3235 1322 ut
3289 1281 3396 1338 per
3446 1266 3730 1336 Spiritum

2074 1357 2272 1411 anima
2289 1356 2793 1428 circumcidatur),
2818 1357 3221 1412 concisionem
3245 1357 3434 1427 ipsam
3465 1355 3730 1427 appella-

2071 1444 2151 1499 vit
2170 1446 2472 1503 :indicaus
2486 1448 2635 1503 nihil
2650 1448 2812 1504 aliud
2833 1464 2964 1504 esse
2980 1446 3519 1507 circumcisionem,
3545 1462 3726 1517 quam

2071 1536 2336 1605 corporis
2366 1538 2790 1593 concisionem.
2839 1537 3206 1593 Adveniente
3264 1535 3425 1591 enim
3456 1537 3723 1603 veritate,

2069 1631 2433 1680 necesse-est
2462 1626 2678 1699 ﬁguras
2721 1642 2953 1682 cessare
3012 1643 3081 1682 ac
3129 1626 3348 1682 otiosas
3407 1641 3558 1680 esse.
3608 1628 3723 1680 Aut

2067 1721 2207 1792 quia
2234 1722 2295 1777 hi
2343 1724 2443 1795 qui
2476 1725 2995 1781 circumcisioncm
3046 1725 3392 1797 praedicant.
3426 1729 3722 1780 conantur

312 1806 781 1881 περιτεμνόμενοι.
815 1806 1043 1869 Ἀλλως
1071 1809 1172 1884 γὰρ
1233 1809 1355 1865 οὕτε
1415 1809 1694 1886 λατρεύειν
1735 1808 1953 1866 δύναταί

2074 1815 2348 1871 Ecclesiaa
2376 1832 2588 1888 corpus
2621 1816 2954 1873 concidere.
2981 1840 3007 1866 ‹‹
3042 1816 3150 1881 Qui
3172 1815 3384 1887 spiritu
3409 1816 3593 1870 Deum
3627 1831 3723 1869 co-

310 1917 418 1959 τις.
470 1897 572 1954 Καὶ
650 1899 1004 1974 καυχώμενοι
1089 1898 1140 1955 ἐν
1224 1905 1441 1975 Χριστῷ
1496 1902 1754 1973 Ἰησοῦ.»
1819 1904 1955 1978 Ὅρα

308 1990 429 2049 πῶς
476 1988 575 2056 τήν
630 1984 891 2063 διαυοραν
949 1986 1131 2058 ἔδειξε.
1193 1995 1356 2045 Ποῖον
1387 1992 1486 2064 γὰρ
1518 1989 1761 2063 ἄμεινον,
1819 1993 1955 2068 Χρι-

309 2080 421 2149 στῷ
469 2074 807 2145 πεποιθέναι,
866 2078 902 2149 ἢ
961 2079 1168 2153 σαρκί;
1266 2077 1523 2149 δηλονότι
1574 2084 1655 2152 τῷ
1711 2081 1949 2155 Χριστῷ,

309 2164 521 2222 Οὐκοῦν
548 2164 765 2237 ἀληθής
797 2164 937 2222 ἔστιν
976 2169 1137 2240 ἡμῶν
1170 2169 1203 2237 ἡ
1234 2169 1531 2242 περιτομὴ.
1590 2174 1697 2224 τῶν
1729 2168 1779 2223 ἒν
1812 2173 1950 2244 Χρι-

304 2258 417 2325 στῷ
447 2257 850 2333 καυχωμένων,
904 2256 996 2310 καὶ
1050 2255 1113 2311 ού
1159 2260 1268 2311 τῶν
1327 2256 1395 2311 ἑπ
1454 2258 1628 2332 σαρκί.
1688 2282 1716 2310 ‹‹
1750 2258 1952 2333 Καίπερ

299 2340 429 2418 ἐγώ.
465 2366 493 2395 ››
553 2344 618 2401 Εἰ
673 2340 987 2419 ἐϐουλόμην
1025 2388 1039 2411 ,
1093 2345 1265 2424 φησὶ,
1337 2348 1713 2422 καυχήσασθαι
1772 2348 1954 2421 ὥσπερ

301 2429 525 2504 ἐκεῖνοι,
557 2427 672 2509 ἔχω
706 2431 923 2503 μᾶλλον
961 2434 1287 2503 πεποίθησιν
1312 2436 1467 2511 κάγὼ
1522 2435 1575 2491 ἐν
1604 2436 1783 2510 σαρκί.
1826 2437 1955 2494 Οἷον

312 2517 599 2594 ἠδυνάμην
630 2523 782 2597 κάγὼ
812 2523 888 2587 ὡς
932 2524 1129 2579 ἐκεῖνοι
1170 2525 1258 2579 ἐπὶ
1313 2528 1381 2590 τῆ
1439 2532 1540 2594 τῆς
1591 2525 1789 2601 σαρκός
1848 2547 1953 2600 μου

303 2614 591 2684 περετομῇ
618 2614 999 2690 καυχήσασθαι
1040 2613 1129 2667 καὶ
1185 2612 1354 2669 πλέον
1414 2614 1653 2671 ἐκείνων.
1717 2641 1737 2665 ι
1773 2616 1955 2691 Ἐχων

302 2698 651 2769 πεποίθησιν.
697 2723 725 2750 ››
770 2699 843 2758 Ei
869 2700 936 2769 ἦν
970 2700 1018 2771 ἐξ
1054 2701 1220 2756 ἐθνῶν
1254 2703 1282 2757 ὁ
1310 2701 1677 2769 Ἀπόστολος,
1709 2706 1858 2780 εἶχεν
1894 2705 1952 2759 ἃν

299 2808 385 2849 τις
411 2788 577 2843 εἰπεῖν
625 2793 810 2854 τοῦτο,
872 2788 1224 2861 ἐζευτελίζειν
1282 2790 1441 2847 αὐτὸν
1505 2793 1605 2860 τήν
1651 2795 1958 2867 περιτομὴν

307 2878 410 2946 τὴν
461 2881 571 2932 τῶν
631 2875 950 2950 Ἰουδαίων,
1010 2879 1087 2943 ὡς
1131 2879 1570 2954 ἀπεστερημένον
1623 2889 1723 2952 τῆς
1781 2882 1954 2938 αὐτῶν

306 2967 598 3042 εὐγενείας,
656 2969 765 3025 Νὖν
825 2966 886 3023 δέ
938 2989 1095 3044 φησι·
1159 2969 1368 3045 Καίπερ
1426 2965 1571 3047 ἔχων
1631 2972 1958 3043 πεποίθησιν

300 3058 392 3113 καί
423 3057 476 3113 ἒν
505 3059 685 3131 σαρκὶ,
732 3062 901 3114 ταῦτα
958 3059 1124 3135 λέγω,
1187 3059 1286 3115 οὐκ
1340 3058 1527 3131 ἐπειδὴ
1587 3061 1859 3137 καύχησις
1889 3063 1959 3132 ἦν

299 3151 449 3221 αύτῷ
497 3148 655 3218 αὕτη·
741 3153 932 3222 (Τοῦτο
996 3150 1097 3227 γὰρ
1154 3152 1189 3220 ἡ
1248 3150 1617 3226 πεποίθησις),
1674 3150 1820 3207 ἀλλά
1869 3147 1961 3208 δι’

2072 1902 2271 1959 limus.
2306 1926 2335 1953 ››
2367 1905 2764 1975 Spiritualiter
2794 1907 2909 1961 Deo
2940 1905 3229 1961 servimus
3250 1910 3309 1959 et
3338 1902 3726 1975 spiritualiter

2063 1992 2561 2048 circumcidimur,
2580 1994 2724 2048 Nam
2752 1994 2868 2048 alio
2885 1994 3059 2049 modo
3073 2010 3193 2049 non
3207 1999 3403 2065 potest
3420 1992 3722 2064 quispiam

2065 2098 2198 2137 eum
2212 2082 2427 2137 colere.
2452 2106 2478 2131 ‹‹
2494 2082 2562 2136 Ει
2582 2082 2910 2154 gloriamur
2932 2083 2991 2138 in
3006 2083 3237 2137 Christo
3269 2083 3425 2137 Jesu.
3455 2104 3482 2131 ››
3515 2083 3722 2136 Anim-

2062 2171 2295 2226 adverte
2328 2172 2620 2242 qurmodo
2666 2172 3083 2228 excellentiam
3126 2170 3478 2227 ostenderit.
3514 2171 3720 2225 Utrum

2062 2259 2222 2313 enim
2256 2259 2467 2314 melius
2500 2266 2587 2314 est
2615 2260 2675 2313 in
2702 2261 2932 2314 Christo
2958 2259 3258 2314 conﬁdere
3287 2276 3363 2314 an
3394 2260 3455 2314 in
3488 2273 3666 2313 carne
3693 2258 3721 2312 ?

2064 2348 2448 2403 manifestum
2481 2354 2572 2403 est
2611 2349 2767 2420 quod
2818 2349 2881 2404 in
2910 2350 3182 2405 Christo:
3237 2364 3374 2403 vera
3420 2348 3599 2419 igitur
3629 2351 3719 2402 est

2064 2446 2659 2502 nostracircumcisio
2693 2446 2793 2517 qui
2851 2447 2914 2501 in
2974 2446 3206 2501 Christo
3265 2445 3626 2501 conﬁdimus
3653 2448 3711 2499 et

2064 2535 2405 2607 gloriamur.
2439 2541 2497 2590 et
2519 2552 2639 2590 non
2654 2552 2860 2591 eorum
2891 2535 3070 2607 quiin
3090 2550 3287 2590 carne.
3310 2557 3335 2582 ‹‹
3361 2535 3711 2603 Quanquam

2066 2629 2124 2679 et
2155 2639 2281 2696 ego.
2303 2646 2329 2670 ι»
2361 2623 2418 2678 Si
2455 2624 2649 2691 velim,
2684 2624 2900 2694 inquit,
2934 2613 3439 2695 quemadmodum
3469 2623 3554 2676 illi
3587 2622 3714 2694 glo-

2065 2712 2228 2777 riari,
2257 2712 2444 2784 magis
2466 2713 2653 2768 habeo
2676 2719 2734 2768 et
2754 2729 2859 2785 ego
2881 2729 2992 2784 quo
3020 2712 3079 2766 in
3107 2728 3283 2767 carne
3308 2710 3672 2766 conﬁderem
3697 2728 3711 2766 :

2066 2801 2179 2859 hoc
2210 2805 2319 2860 est.
2352 2818 2585 2872 possem
2619 2805 2677 2857 et
2708 2818 2813 2875 ego
2846 2802 2999 2857 sicut
3027 2801 3116 2855 illi
3148 2800 3209 2856 in
3262 2799 3715 2855 circumcisione

2069 2891 2265 2946 carnis
2295 2907 2444 2946 mete
2468 2891 2729 2963 gloriari,
2764 2896 2822 2946 et
2851 2890 3298 2962 ampliusquam
3330 2889 3441 2944 illi.
3469 2911 3496 2939 α
3522 2889 3718 2943 Habeo

2071 2995 2186 3051 quo
2218 2980 2535 3035 conﬁdam.
2566 3002 2591 3029 n
2612 2981 2667 3035 Si
2703 2980 3020 3051 Apostolus
3042 2996 3112 3034 ex
3137 2979 3410 3051 gentibus
3432 2978 3722 3033 oriundus

2070 3069 2302 3133 fuisset,
2321 3076 2523 3142 posset
2541 3071 2835 3142 quispiam
2859 3071 2970 3127 hoc
2990 3070 3184 3126 dicere
3200 3069 3356 3141 quod
3376 3069 3714 3125 Iudaeorum

2074 3159 2591 3216 circumcisionem
2623 3161 2878 3217 elevaret
2908 3177 3011 3216 seu
3064 3165 3400 3216 attenuaret
3428 3164 3715 3229 tanquam

421 3207 431 3221 .
619 3207 629 3218 .
744 3207 757 3222 .
1009 3207 1021 3227 ,
1070 3207 1078 3224 ,
1178 3207 1189 3220 ,
1559 3207 1617 3226 ,μ
1880 3207 1917 3208 _

296 3239 533 3301 ἐκείνους
582 3238 755 3300 οὕτως
787 3239 926 3295 εἶπε.
988 3264 1016 3293 ‹‹
1054 3240 1148 3295 Καὶ
1206 3239 1257 3295 ἐν
1308 3241 1485 3315 σαρκί.
1522 3264 1549 3291 ››
1612 3242 1771 3321 Ἥχω
1831 3244 1947 3315 μὲν’

2078 3207 2371 3215 ----._...--.
2395 3207 2591 3216 ψη.--
2627 3207 2877 3217 μνη.--
2908 3207 3011 3216 ην..
3064 3207 3399 3216 ---πη-,π
3433 3207 3710 3229 ,πη-π.-

2068 3263 2273 3302 carens
2326 3250 2722 3321 generositate
2781 3250 3067 3321 ipsorum.
3123 3251 3288 3304 Nunc
3336 3253 3532 3304 autem
3580 3246 3710 3302 ait:

297 3328 487 3408 ερησὶν,
517 3327 569 3382 ἐν
624 3328 861 3402 Χριστῷ,
910 3327 1055 3383 ἀλλᾶ
1092 3327 1180 3383 καὶ
1211 3329 1310 3397 τήν
1370 3325 1634 3384 δοκοῦσαν
1691 3328 1742 3385 ἐν
1790 3330 1946 3403 σαρκὶ

300 3412 439 3493 ἔχω.
495 3418 589 3473 Διὸ
649 3419 710 3472 οὑ
768 3419 921 3494 ψέγω
973 3417 1169 3481 αὐτοὺς
1228 3417 1304 3480 ὠς
1360 3417 1793 3494 ἀπεπερημέιος
1843 3428 1943 3492 τῆς

298 3506 436 3562 κατά
466 3526 635 3580 σαρκα
665 3506 949 3582 εὐγενείας.

2057 3337 2404 3408 Quanquam
2446 3338 2695 3394 habeam
2728 3356 2843 3411 quo
2870 3340 3048 3395 etiam
3081 3338 3140 3394 in
3173 3354 3350 3393 carne
3383 3336 3707 3404 conﬁdam,

2053 3426 2178 3481 haec
2209 3426 2360 3493 dico;
2388 3444 2505 3483 non
2528 3428 2685 3500 quod
2729 3428 2855 3484 haec
2879 3429 3055 3483 fuerit
3082 3428 3191 3500 ipsi
3216 3426 3487 3499 gloriatio
3537 3426 3702 3496 (nam

2053 3513 2165 3570 hoc
2196 3516 2420 3572 indicat
2467 3516 2810 3587 πεποίθησις,
2844 3519 2955 3573 hoc
2985 3524 3096 3584 est,
3131 3516 3395 3587 ﬁducia),
3427 3516 3529 3571 sed
3562 3531 3697 3586 pro-

296 3614 430 3681 pter
453 3609 588 3664 illos
619 3609 702 3664 ita
732 3608 961 3664 locutus
1002 3615 1110 3667 est.
1142 3611 1244 3666 93
1277 3635 1303 3660 «ε
1336 3612 1525 3667 Etiam
1560 3612 1622 3667 in
1680 3628 1880 3668 carne.
1919 3635 1948 3663 ››
1982 3614 2178 3669 Habeo
2212 3616 2273 3671 in
2304 3617 2561 3676 Christo.
2596 3618 2812 3687 inquit.
2847 3617 2951 3673 sed
2981 3623 3040 3672 et
3098 3633 3229 3671 eam
3290 3634 3421 3686 qua:
3478 3615 3710 3671 videtur

302 3716 433 3754 esse
464 3699 526 3753 in
556 3714 733 3754 carne
763 3697 975 3755 habeo.
1009 3701 1134 3754 Non
1166 3715 1302 3774 ergo
1334 3702 1494 3773 ipsos
1525 3701 1789 3773 vitupero
1822 3702 1982 3773 quod
2012 3719 2246 3759 caream
2276 3707 2673 3775 generositate
2700 3723 2832 3775 qum
2864 3705 3190 3759 secundum
3219 3720 3457 3759 carnem
3491 3708 3599 3757 est.

378 3783 440 3843 E'i
491 3807 574 3849 τις
656 3784 806 3841 δοκεῖ
873 3784 1048 3848 ἄλλος
1128 3788 1438 3843 πεποιθέναι
1498 3788 1551 3843 ἑν
1604 3789 1782 3863 σαρκὶ,
1840 3787 1950 3863 ἐγὼ

308 3876 541 3951 μᾶλλον,
604 3880 880 3953 περιτομῇ
938 3875 1286 3950 ἀκταήμερος
1344 3876 1403 3933 ἑκ
1454 3878 1644 3952 γένους
1703 3874 1949 3947 Ἰσραὴλ,

304 3974 481 4055 φυλῆς
538 3977 839 4049 Βενιαμὶν,
905 3971 1160 4051 Ἐϐραῖος
1217 3974 1269 4046 ἐξ
1324 3970 1617 4049 Ἑϐραίων,
1676 3974 1810 4029 κατά
1860 3973 1949 4027 νό-

305 4088 405 4140 μον
471 4070 813 4140 Φαρισαῖος,
869 4065 1007 4121 κατᾶ
1054 4064 1223 4135 ζῆλον
1284 4061 1498 4119 διώκων
1554 4065 1652 4134 τήν
1713 4062 1952 4132 Ἐκκλη-

297 4157 415 4211 σίαν
460 4200 475 4226 ,
532 4155 668 4210 κατά
749 4152 1097 4226 δικαιοσύνην
1167 4155 1267 4224 τήν
1321 4153 1372 4210 ἦν
1426 4153 1604 4228 νόμῳ,
1662 4154 1949 4228 γενόμενος

304 4245 615 4320 ἄμεμπτος.

373 4338 566 4399 Καλῶς
630 4337 715 4405 τὸ,
771 4345 945 4395 Δοκεῖ’
1019 4342 1055 4410 ἢ
1114 4340 1188 4403 ὡς
1246 4339 1344 4396 ούκ
1391 4339 1626 4414 ἐχόντων
1681 4340 1949 4410 τοσαύτην

2131 3793 2227 3851 Ill.
2264 3795 2379 3846 4-6.
2413 3794 2473 3848 Si
2502 3796 2794 3863 quisquam
2847 3794 2991 3847 alius
3046 3794 3263 3846 videtur
3312 3792 3573 3862 ﬁduciam
3607 3791 3710 3846 ha-

2063 3881 2183 3933 bere
2210 3881 2266 3932 in
2297 3896 2482 3946 carne,
2543 3897 2638 3950 ego
2695 3882 2912 3950 magis:
2969 3879 3321 3935 circumcisus
3378 3886 3567 3934 octavo
3598 3879 3709 3949 die,

2060 3986 2129 4023 ea:
2156 3984 2352 4037 genere
2382 3970 2572 4036 Israel,
2631 3971 2697 4024 de
2754 3971 2903 4025 tribu
2962 3971 3296 4041 Benjamin:
3352 3968 3610 4024 Hebrzus
3639 3985 3710 4025 ex

2060 4057 2318 4121 Hebreis,
2344 4059 2516 4128 jiwta
2544 4058 2712 4127 legem
2760 4058 3071 4114 Pharisqu
3096 4076 3108 4113 :
3132 4061 3306 4130 juxta
3360 4056 3535 4112 zelum
3578 4075 3706 4128 per-

2060 4162 2285 4216 sequens
2314 4147 2632 4213 Ecclesiam,
2654 4148 2828 4216 juxta
2874 4147 3164 4217 justitiam
3213 4164 3334 4219 quae
3372 4149 3431 4201 in
3463 4147 3579 4217 lege
3608 4153 3705 4219 est,

2059 4239 2244 4306 factus
2262 4237 2689 4307 irreprehensibi
2694 4237 2781 4292 lis.

2133 4337 2289 4391 Bene
2321 4335 2483 4402 dicit,
2520 4334 2780 4399 Videtur,
2814 4340 2916 4392 aut
2945 4335 3103 4407 quod
3148 4353 3269 4392 non
3317 4336 3565 4392 haberet
3619 4336 3707 4391 illi

300 4426 619 4493 πεποίθησιν
674 4424 907 4498 ἐκείνων,
969 4428 1100 4498 ὅσην
1158 4424 1321 4490 αὐτὸς
1368 4421 1508 4502 ἔχει,
1552 4425 1587 4496 ἢ
1646 4426 1721 4489 ὡς
1755 4432 1857 4495 τῆς
1888 4426 1939 4481 ἐν

2068 4431 2286 4482 tantam
2336 4424 2559 4481 ﬁdendi
2611 4442 2846 4481 causam
2899 4430 3181 4496 quantam
3213 4426 3358 4497 ipse,
3393 4431 3495 4481 aut
3550 4424 3709 4497 quod

301 4515 459 4591 σαρκὶ
508 4517 885 4587 πεποιθήσεως
921 4560 935 4586 ,
981 4514 1124 4590 μηδὲ
1183 4514 1348 4587 οὔσης
1404 4517 1609 4591 κυρίως
1667 4518 1945 4587 πεποιθή-

299 4626 455 4669 σεως.
486 4606 621 4662 Εἶπε
644 4603 719 4661 δὲ’
754 4603 989 4675 νΑλλος,
1024 4602 1233 4668 δεικνὺς
1285 4605 1360 4668 ὡς
1411 4604 1510 4660 οὐκ
1565 4603 1626 4659 ἂν
1684 4625 1817 4661 ποτε
1871 4605 1949 4669 εἰς

297 4696 430 4758 τοὺς
463 4694 661 4771 λόγους
691 4695 919 4757 τούτους
949 4693 1242 4765 ἐλήλυθεν,
1283 4692 1329 4749 εί
1364 4695 1439 4768 μή
1484 4691 1651 4749 ἄλλοι
1710 4695 1784 4757 εἰς
1843 4696 1941 4764 τήν

300 4785 471 4858 σάρκα
510 4783 849 4853 πεποιθότες,
882 4781 957 4845 εἷς
1004 4787 1166 4839 τοῦτο
1219 4781 1377 4837 αὐτὸν
1437 4778 1668 4857 ἤγαγον.
1719 4784 1855 4858 Ὅρα
1888 4780 1945 4837 δὲ

300 4889 417 4948 πῶς
473 4883 770 4956 ἀνωνύμως
829 4883 1007 4939 αὐτῶν
1065 4884 1412 4946 καθάπτεται,
1473 4874 1814 4960 φοϐούμενος
1868 4884 1940 4954 μή

299 4972 827 5046 ἀναισχυντοτέρὸυς
858 4975 1088 5046 ποιήσῃ.
1132 4998 1158 5023 ι(
1194 4973 1477 5046 ΙΙεριτομῇ
1518 4970 1878 5047 ὀκταήμερος.
1918 4996 1945 5021 η

298 5064 376 5118 Τὸ
405 5063 590 5134 τίμιον
658 5063 785 5135 παρ’
846 5060 1031 5121 αὐτοῖς
1077 5062 1284 5123 τέθεικε
1339 5064 1579 5133 πρῶτον,
1639 5061 1736 5129 τήν
1791 5081 1947 5135 περι-

296 5152 491 5221 τομήν.
524 5152 665 5224 "Op:
721 5147 778 5205 δὲ
834 5150 1008 5221 πόσην
1071 5151 1388 5222 σωματκῆν
1445 5147 1711 5223 εὐγένειαν
1770 5147 1941 5223 λέγει,

292 5239 379 5294 ’ἱνα
416 5261 492 5310 μ’,
546 5239 842 5310 νομίσωσιν
896 5238 948 5293 οἱ
980 5236 1255 5301 Ἰουδαῖοι,
1291 5237 1365 5296 ὡς
1400 5237 1609 5292 τούτων
1648 5237 1811 5292 αὐτὸν
1843 5239 1941 5294 ἁπ-

297 5331 677 5404 ιστερημένυν,
709 5326 884 5402 λέγειν
944 5326 1078 5401 ἅπερ
1137 5325 1367 5402 ε’ίρῃκεν.
1426 5325 1649 5391 Ἄλλως
1680 5329 1780 5399 vi;
1814 5348 1941 5383 κατ-

301 5418 609 5499 ῃσχύνοντο
638 5461 653 5489 ,
710 5417 917 5472 ἐκείνου
972 5420 1230 5492 ψέγοντος
1287 5416 1355 5472 τά
1391 5418 1518 5493 παρ’
1591 5416 1800 5489 αὐτοῖς,
1846 5424 1945 5491 τοῦ

307 5510 543 5584 μάλιστα
571 5508 744 5563 πάντα
773 5501 1022 5583 ἔχοντος,
1080 5505 1170 5561 καί
1200 5527 1355 5586 φησι,
1415 5509 1688 5582 περιτομῇ
1745 5506 1941 5579 ὀκτοή-

377 5638 421 5676 ⁸⁷
453 5642 476 5696 ι
503 5640 668 5695 Joan.
705 5653 768 5704 ιι,
798 5637 888 5693 23.

2060 4515 2278 4571 ﬁducia
2307 4533 2437 4587 qua)
2470 4515 2529 4569 in
2561 4532 2736 4571 carne
2794 4519 2883 4569 est
2932 4531 3052 4570 non
3103 4515 3180 4570 sit
3201 4515 3438 4587 proprie
3470 4515 3706 4571 ﬁducia.

2058 4605 2214 4661 Dixit
2244 4611 2480 4661 autem:
2510 4604 2694 4667 Alius,
2729 4604 3050 4659 ostendens
3081 4603 3240 4675 quod
3268 4620 3576 4676 nunquam
3632 4605 3707 4661 ad

2057 4706 2164 4759 hos
2196 4720 2500 4759 sermones
2524 4701 2877 4763 devenisset.
2911 4701 3025 4757 nisi
3058 4702 3160 4757 alii
3194 4702 3293 4774 qui
3327 4702 3389 4758 in
3422 4719 3598 4759 carne
3633 4704 3703 4759 ﬁ-

2056 4794 2290 4849 duciam
2314 4792 2629 4855 habebant,
2655 4791 2849 4863 ipsum
2880 4791 2955 4846 ad
2988 4792 3097 4846 hoc
3130 4792 3529 4863 impulissent.
3555 4793 3668 4848 Ani
3688 4824 3704 4835 -

2058 4884 2355 4939 madverte
2388 4898 2520 4937 vero
2552 4880 2850 4953 quomodo
2886 4876 3077 4935 tacitis
3109 4898 3312 4936 eorum
3354 4882 3702 4938 nominibus

2054 4972 2572 5044 objurget.ver.tus
2596 4987 2667 5025 ne
2693 4969 2954 5025 nemium
2980 4968 3201 5041 pudore
3227 4970 3386 5041 ipsos
3413 4972 3699 5026 afﬁceret.

2057 5084 2085 5113 «
2109 5060 2504 5115 Circumcisus
2538 5067 2738 5114 octavo
2799 5058 2913 5113 die.
2951 5081 2977 5105 »ι
3036 5058 3200 5123 Quod
3240 5059 3395 5130 apud
3454 5060 3614 5131 ipsos
3646 5060 3706 5115 in

2056 5151 2243 5223 pretio
2265 5150 2681 5222 erat,primum
2703 5148 2915 5221 posuit.
2938 5148 3703 5219 nempecircumcisionem.

2055 5240 2377 5295 Considera
2406 5247 2601 5295 autem
2627 5246 2909 5309 quantum
2944 5245 3126 5308 ponat
3149 5237 3510 5307 corporalem
3547 5240 3710 5293 nobi-

2057 5331 2306 5393 litamin,
2340 5346 2413 5384 ne
2433 5325 2975 5383 existimentludwi
3005 5326 3199 5397 ipsum
3231 5327 3413 5381 dixiss
3440 5354 3446 5363 ι
3476 5344 3544 5383 ρει
3575 5346 3705 5399 quin

2057 5419 2231 5487 dixit,
2263 5434 2329 5472 eo
2362 5417 2521 5489 quod
2553 5416 2646 5471 his
2675 5420 2922 5471 careret.
2982 5414 3230 5470 Maxime
3261 5415 3419 5470 enim
3478 5417 3705 5488 pudore

2055 5506 2553 5565 suﬁ'undebantur
2572 5505 2713 5563 dum
2738 5521 2805 5560 ea
2828 5521 2958 5576 quae
2975 5502 3132 5573 apud
3163 5504 3325 5574 ipsos
3354 5511 3524 5562 erant
3552 5509 3705 5567 vitu-
