4072 6266
445 323 601 384 1299

1521 321 1951 385 (ECUMENH
1996 325 2306 387 ΤΒΙῦοΕ
2353 327 2705 392 EPISCUPI

3681 333 3813 394 i300

444 456 689 530 perabat
716 455 818 510 ille
852 456 953 526 qui
984 460 1199 511 cuncta
1220 455 1581 512 excellenter
1600 456 1856 513 habebat
1881 460 2090 527 :etait,

2229 478 2396 533 ιερος.
2431 462 2577 523 Τέως
2609 459 2872 518 δείκνυσιν
2900 464 2984 519 δτι
3014 463 3115 519 oin:
3142 466 3208 533 ἦν
3263 462 3631 538 προσήλυτος.
3688 486 3715 517 ι
3738 469 3815 520 Ἐκ

446 545 842 601 Circumcisus
901 550 1102 599 octavo
1158 544 1274 605 die.
1310 545 1631 601 ostendens
1660 547 1899 601 interim
1929 547 2088 619 quod

443 651 563 692 non
597 634 673 688 sit
702 634 1035 705 proselytus
1059 634 1180 688 sive
1199 632 1441 689 advena.
1469 636 1549 689 Ex
1582 651 1797 707 genere
1834 636 2030 692 Israel.
2058 657 2086 685 »

446 722 716 779 Ostendit
735 721 893 793 quod
918 738 1111 794 neque
1133 740 1200 778 ex
1230 723 1543 795 proselytis
1567 724 1930 795 parentibus.
1955 747 1983 774 ι(
2013 730 2088 779 Ue

447 812 606 868 tribu
632 812 961 881 Benjamin.
992 836 1021 861 n
1052 814 1191 877 Qum
1229 812 1389 868 clara
1418 812 1748 869 habebatur
1803 814 1960 885 apud
1990 815 2091 868 Ju-

448 901 628 958 dmos.
654 925 681 951 ‹‹
708 901 988 955 Hebraeus
1009 917 1079 955 ex
1102 901 1383 956 Hebraeis.
1408 923 1437 951 ››
1455 904 1499 956 Α
1523 900 1872 972 majoribus,
1899 901 2094 972 inquit

449 1006 520 1045 ex
551 989 815 1061 probatis
838 1006 969 1045 sum
988 988 1206 1045 Iudaeis
1236 990 1558 1062 (Contingit
1588 991 1748 1045 enim
1779 1007 1846 1045 ex
1875 1007 2091 1061 genere

444 1079 628 1135 Israel
657 1095 785 1134 esse
810 1084 865 1133 et
888 1095 1008 1133 non
1023 1095 1152 1134 esse
1182 1079 1492 1151 Judaeum).
1518 1078 1896 1136 «Hebraeus.»
1916 1080 2092 1145 Quasi

445 1169 603 1225 dicat
619 1177 774 1240 quod
800 1166 875 1222 ad
904 1168 1301 1239 cognitionem
1337 1168 1634 1225 Hebraicee
1666 1169 1879 1241 linguae
1911 1169 2095 1240 perti-

444 1257 613 1331 gerit.
650 1259 790 1312 Nam
824 1264 1136 1328 postquam
1162 1258 1317 1312 inter
1336 1265 1540 1330 gentes
1559 1258 1809 1329 dispersi
1834 1259 2092 1323 fuerunt,

447 1346 522 1402 ob
542 1346 786 1401 multam
805 1352 1064 1417 paternae
1082 1346 1296 1417 linguai
1316 1347 1731 1418 ignorantiam.
1750 1364 1869 1401 non
1896 1352 2096 1401 exacte

448 1444 736 1493 noverant
765 1438 1091 1508 scripturas
1116 1454 1246 1507 qua:
1273 1438 1428 1508 apud
1447 1438 1680 1493 Iudaeos
1711 1445 1881 1492 erant
1904 1454 2096 1507 neque

455 1527 642 1598 legem
674 1525 883 1596 ipsam.
903 1548 928 1574 α
954 1526 1328 1598 Juxtalrgem
1346 1526 1701 1581 Pharismns.
1722 1550 1749 1575 υ
1782 1527 1914 1581 Haec
1938 1532 2100 1581 secta

454 1616 608 1687 apud
640 1617 871 1673 Judmos
893 1618 1053 1674 clara
1078 1625 1221 1674 erat.
1254 1620 1702 1691 Consequenter
1724 1620 1901 1675 etiam
1925 1619 2098 1673 virtu-

456 1711 575 1761 tem
605 1706 788 1760 refert
817 1724 947 1777 quae
979 1724 1049 1762 ex
1080 1707 1383 1763 voluntate
1415 1714 1537 1763 est:
1572 1708 1772 1779 priora
1804 1706 2098 1779 siquidem

2205 548 2397 622 γένους
2438 548 2681 625 Ἰσραήλ.
2713 573 2740 602 ι
2806 552 3074 607 Δείκνυσιν
3127 552 3213 607 ὅτι
3270 550 3397 608 ούδὶ
3448 550 3513 607 ἐκ
3566 550 3817 625 προσηλύ-

2199 656 2307 691 των
2342 638 2567 712 γονέων.
2602 664 2627 691 (ι
2665 638 2854 710 Φυλῆς
2899 642 3167 716 Βενιαμίν,
3205 666 3231 693 ι)
3264 644 3377 711 Τῆς
3418 638 3818 715 εὖδοκιμούσης,

2200 725 2356 802 φησὶ,
2414 727 2561 802 παρᾶ
2614 727 2921 792 Ἰουδαίοις.
2984 755 3011 782 ιι
3068 725 3318 805 Ἐϐραῖος
3375 730 3430 801 ἐξ
3491 724 3819 803 Ἰεὶϐραῗων.»

2200 818 2459 887 ’¹Ανωθεν,
2517 817 2672 890 φησί,
2721 823 2829 873 τῶν
2866 816 3170 891 εὐδοκίμων
3219 816 3501 878 Ἰουδαίων
3554 818 3686 892 εἰμὶ,
3738 814 3819 892 (ἔνι

2199 903 2302 977 γὰρ
2342 902 2471 959 εἶναι
2529 905 2589 961 ἐκ
2626 903 2811 982 γένους
2859 906 3102 985 Ἰσραὴλ,
3153 908 3244 964 καὶ
3295 911 3369 981 μή
3434 903 3826 983 Ἐδραῖον)ντὸι

2204 1017 2231 1044 ‹‹
2265 988 2538 1068 Ἰσζϐραῖον,
2575 1019 2603 1048 ››
2679 998 2754 1059 ὡς
2785 999 2921 1073 πρὸς
2980 1001 3084 1069 τὴν
3145 996 3347 1069 ε’ίδησιν
3403 1004 3514 1067 τῆς
3575 991 3828 1072 Ἕϐραίόος

2200 1080 2455 1157 γλώσσης
2514 1082 2818 1159 δεξάμενος.
2872 1087 3025 1145 Μετᾶ
3078 1088 3182 1162 γαρ
3238 1089 3298 1143 τὸ
3352 1086 3826 1158 κατασπαρῆναιίν

2203 1175 2320 1232 τοῖς
2367 1168 2561 1245 ἔθνεσι,
2601 1172 2789 1249 πολλῇ
2922 1176 3112 1250 ἀγνοίᾳ
3139 1182 3238 1245 τῆς
3288 1175 3532 1250 πατρίου
3580 1172 3828 1250 γλώσσης,

2203 1260 2303 1316 οὐκ
2331 1258 2645 1336 ἠκριϐῶντο
2672 1265 2768 1327 τὰς
2808 1267 2954 1339 παρὰ
3013 1264 3300 1328 Ἰουδαίοις
3327 1266 3547 1345 γραφὶς
3611 1264 3728 1320 οὐδὲ
3753 1268 3827 1319 τὸν

2203 1351 2368 1423 νόμον
2425 1352 2611 1409 αὐτόν.
2667 1377 2693 1408 ι
2739 1354 2880 1411 Κατὰ
2941 1356 3109 1429 νόμον
3168 1362 3498 1432 Φαρισαῖος.
3535 1380 3564 1406 ››
3614 1356 3675 1410 Ἦ
3706 1353 3835 1409 εὐδό-

2205 1458 2368 1510 κιμος
2400 1440 2545 1515 παρὰ
2603 1438 2884 1504 Ἰουδαίοις
2911 1439 3119 1517 α’ίρεσις
3148 1441 3309 1514 αὕτη.
3362 1443 3583 1498 Λοιπὸν
3625 1444 3721 1516 γὰρ
3763 1442 3836 1496 καὶ

2205 1529 2304 1594 τὴν
2335 1527 2396 1582 ἐκ
2450 1529 2817 1604 προαιρέσεως
2875 1530 3072 1606 ἀρετὴν
3132 1531 3302 1607 λέγει·
3364 1534 3435 1588 τὶ
3498 1533 3606 1609 γὰρ
3654 1535 3834 1602 πρῶτα,

2207 1616 2537 1692 ἆπροαίρετα
2567 1620 2654 1688 ἦν.
2692 1621 2788 1677 Ἐκ
2816 1623 3188 1694 προαιρέσεως
3229 1622 3257 1675 ὁ
3289 1621 3491 1691 ζῆλος,
3535 1620 3835 1696 ἀπροαίρεῖα

2210 1705 2266 1762 δὲ
2296 1710 2330 1776 ἡ
2363 1710 2658 1785 περιτομή,
2699 1708 2759 1764 ἐκ
2796 1709 2985 1785 γένους
3038 1710 3288 1783 Ἰσραὴλ,
3347 1710 3539 1783 φυλῆς
3590 1709 3836 1780 Βενιαμὶν,

456 1812 575 1851 non
603 1802 772 1852 erant
800 1797 1151 1854 voluntaria.
1196 1798 1364 1853 Zelus
1396 1799 1515 1853 sive
1572 1799 1870 1854 aemulatio
1900 1816 1970 1853 ex
2000 1814 2099 1852 vo-

2229 1796 2301 1850 ιαὶ
2337 1796 2406 1851 τὰ
2433 1795 2577 1867 ἑξῆς.
2637 1821 2666 1849 ι(
2699 1800 2843 1854 Κατὰ
2897 1798 3085 1870 ζῆλον.
3121 1825 3149 1852 ››
3180 1802 3334 1856 Ἔστι
3396 1802 3510 1874 γὰρ
3572 1801 3710 1855 εἶναι
3761 1819 3835 1870 μεν

454 1884 682 1942 luntate
703 1893 814 1954 est,
843 1904 1017 1959 porro
1039 1888 1375 1943 voluntaria
1395 1905 1515 1944 non
1537 1898 1677 1943 sunt
1704 1888 2099 1953 circumcisio,

462 1989 588 2030 esse
619 1992 689 2030 ex
744 1992 959 2047 genere
1016 1977 1216 2041 Israel,
1278 1976 1350 2032 de
1410 1977 1567 2032 tribu
1604 1976 1934 2047 Benjamin,
1991 1982 2104 2030 etc.

463 2085 491 2114 <<
521 2066 691 2120 Juxta
717 2066 925 2119 zelum.
957 2086 985 2113 »
1018 2066 1161 2120 Nam
1192 2066 1482 2137 contingit
1511 2082 1637 2120 esse
1661 2066 2022 2120 Pharismum
2051 2070 2109 2119 et

461 2170 585 2208 non
616 2153 1045 2208 mmulatorem.
1077 2154 1177 2208 94
1208 2154 1379 2208 Juxta
1403 2154 1698 2225 justitiam
1726 2170 1855 2225 qua:
1888 2154 1949 2209 in
1980 2154 2108 2224 lege

460 2248 570 2297 est.
603 2242 892 2307 Quoniam
926 2259 1068 2297 sane
1098 2241 1283 2297 Judzei
1316 2259 1552 2314 quoque
1598 2242 2112 2313 persequebantur

458 2331 803 2398 Ecclesiam,
838 2348 957 2387 non
982 2339 1224 2404 prOpter
1241 2333 1429 2387 zelum
1460 2333 1581 2399 Dei,
1602 2332 1706 2387 sed
1730 2338 1970 2403 propter
1992 2348 2114 2387 am-

2213 1889 2535 1957 Φαρισαῖον,
2566 1887 2629 1942 οὐ
2675 1888 2783 1959 μὴν
2834 1885 3111 1959 ζηλωτήν.
3165 1890 3311 1945 Κατᾶ
3366 1886 3719 1957 δικαιοσύνην
3760 1888 3837 1952 τήν

2214 1970 2266 2024 ἐν
2304 1971 2482 2043 νόμῳ.
2518 1970 2736 2042 Ἐπειδὴ
2770 1974 2861 2029 καὶ
2898 1973 3152 2031 Ἰουδαῖοι
3185 1974 3412 2032 ἐδίωκον
3474 1979 3580 2046 τήν
3639 1974 3844 2045 Ἐκκλη-

2216 2059 2356 2128 σίαν,
2391 2058 2579 2116 οὐδιᾶ
2625 2063 2792 2131 ζῆλον
2858 2068 3014 2132 Θεοῦ,
3073 2064 3219 2141 ἀλλᾶ
3270 2064 3361 2121 διὰ
3417 2065 3750 2142 φιλαρχίαν,
3775 2065 3848 2118 καὶ

2216 2154 2375 2206 τοῦτο
2411 2150 2783 2227 ἀσραλίζεται.
2816 2154 2873 2208 '0
2903 2155 3009 2229 γὰρ
3034 2158 3171 2211 κατᾶ
3197 2157 3296 2225 τὴν
3359 2155 3413 2212 ὲν
3444 2156 3612 2229 νόμῳ
3669 2153 3849 2211 δικαιο-

2219 2239 2383 2308 σύνην
2417 2237 2703 2314 ἄμεμπτος
2733 2238 2831 2311 ὢν,
2872 2247 2989 2304 πῶς
3047 2242 3108 2298 ἂν
3170 2241 3259 2299 διὰ
3308 2242 3625 2323 φιλαρχίαν
3679 2239 3853 2317 ἔμελλε

2221 2325 2457 2396 διώκειν,
2490 2330 2578 2385 καὶ
2617 2329 2679 2384 ού
2708 2331 2844 2387 κατᾶ
2869 2330 3039 2401 ζῆλον
3071 2337 3205 2388 Θεοῦ
3238 2352 3252 2401 ;

455 2429 732 2486 bitiosam
764 2430 1131 2502 principatus
1160 2430 1801 2498 all‘eclationem,etiam
1834 2430 1942 2485 hac
1973 2436 2137 2501 parte
2159 2444 2221 2483 se
2253 2428 2464 2484 munit.
2488 2430 2595 2495 Qui
2629 2430 2790 2485 enim
2812 2432 2985 2503 juxta
3011 2432 3307 2503 justitiam
3339 2450 3480 2504 quas
3513 2434 3580 2488 in
3630 2433 3750 2504 lege
3776 2439 3850 2486 est

457 2518 1001 2592 irreprehensibilis
1055 2526 1199 2587 erat,
1232 2519 1532 2591 quomodo
1591 2520 1719 2575 ﬁeri
1777 2519 2086 2591 potuisset,
2116 2522 2183 2573 ut
2238 2518 2605 2590 principatus
2664 2536 2865 2575 amore
2907 2528 3366 2592 persequeretur
3421 2528 3485 2578 et
3519 2539 3644 2579 non
3673 2536 3739 2577 ex
3767 2518 3851 2575 Dei

461 2609 581 2665 zelo
610 2609 638 2664 ?

531 2699 628 2763 ΙΙΙ,
662 2701 780 2753 7-9.
815 2698 923 2753 Sed
950 2714 1071 2768 qua
1099 2698 1241 2753 mihi
1263 2704 1421 2753 erant
1451 2697 1628 2763 lucra,
1661 2698 1966 2753 arbitratus
1989 2713 2107 2753 sum

451 2796 687 2859 propter
717 2789 991 2845 Christum
1026 2789 1291 2844 damnum
1322 2805 1450 2844 esse.
1503 2790 1822 2859 Quinetiam
1869 2788 2111 2842 arbitror

460 2880 648 2933 omnia
675 2877 939 2933 damnum
968 2894 1099 2945 esse,
1134 2885 1371 2949 prapter
1425 2878 1805 2933 excellentiam
1834 2879 2107 2947 cognitio-

458 2970 545 3023 nis
575 2967 777 3024 Christi
803 2969 932 3023 Iesu
981 2969 1201 3022 Domini
1242 2969 1369 3037 mei,
1412 2974 1646 3038 propter
1675 2982 1835 3037 quem
1863 2968 2112 3020 omnium

460 3059 575 3125 feci
612 3058 899 3128 jacturam
946 3057 1225 3128 habeoque
1247 3074 1352 3128 pro
1382 3059 1811 3128 rejectamentis,
1857 3062 1919 3110 ut
1950 3054 2110 3110 Chri—

462 3154 608 3202 stum
635 3148 1002 3216 lucrifaciam,
1034 3155 1202 3217 utque
1250 3150 1498 3217 reperiar
1530 3150 1587 3201 in
1635 3146 1734 3201 illo
1762 3161 1872 3200 non
1909 3144 2112 3200 habens

464 3253 641 3291 meam
675 3237 1009 3305 justititiam
1055 3250 1185 3305 qua:
1212 3252 1281 3292 ea:
1313 3237 1427 3306 lege
1456 3243 1554 3305 est,
1586 3236 1678 3292 sed
1714 3252 1831 3290 eam
1890 3250 2011 3304 quae
2038 3238 2115 3288 est

457 3343 564 3396 per
595 3326 755 3395 ﬁdem
786 3324 1010 3381 Christi.

541 3415 792 3469 Lucrum
816 3413 960 3468 dicit
991 3430 1122 3483 quae
1155 3414 1263 3467 sibi
1296 3430 1332 3467 a
1363 3413 1486 3484 lege
1517 3413 1768 3468 collecta
1798 3418 1985 3468 erant.
2008 3413 2117 3466 Ita-

472 3519 588 3574 que
618 3519 738 3557 non
768 3502 1029 3557 detrahit
1076 3501 1215 3571 legi,
1266 3501 1437 3556 veluti
1487 3501 1743 3556 delirant
1791 3509 1850 3555 et
1881 3501 2117 3556 Marcio-

474 3593 666 3649 nistze.
700 3593 881 3646 Porro
904 3606 1243 3661 quanquam
1270 3590 1396 3661 ipsa
1425 3595 1667 3661 propter
1694 3590 1991 3644 Christum
2012 3589 2121 3643 du-

475 3689 689 3739 cantur
720 3699 847 3737 esse
880 3680 1185 3743 damnum,
1236 3696 1355 3735 non
1412 3680 1762 3752 Simpliciter
1817 3681 1927 3735 hoc
1957 3678 2120 3746 dicit,

479 3772 638 3844 quod
670 3788 797 3828 esse
826 3778 1029 3843 ppsset
1050 3771 1126 3825 im
1135 3770 1439 3841 probantis
1466 3769 1655 3841 legem
1678 3786 1693 3826 :
1718 3768 1821 3824 sed
1836 3768 2122 3825 damnum

478 3861 609 3931 ipsa
640 3866 805 3914 vocat
828 3858 1147 3914 collatione
1191 3874 1294 3912 seu
1353 3858 1797 3929 comparatione
1850 3856 1924 3911 ad
1956 3855 2121 3911 Chri-

480 3955 658 4015 stum,
692 3946 850 4018 quod
878 3946 1068 4017 magis
1098 3945 1172 4000 ad
1200 3944 1436 3999 laudem
1470 3945 1615 4017 legis
1668 3945 1879 4009 tendit,
1910 3960 2125 4015 nempe

477 4037 635 4109 quod
665 4037 781 4092 alio
807 4034 983 4091 modo
1035 4051 1155 4089 non
1194 4033 1409 4089 audeat
1439 4050 1569 4088 eam
1603 4050 1809 4089 vocare
1839 4032 2124 4088 damnum

474 4127 592 4183 nisi
630 4126 947 4181 collatione
1023 4141 1128 4179 seu
1185 4123 1629 4195 comparatione
1685 4123 1759 4179 ad
1804 4124 2123 4179 Christum.

477 4238 505 4266 ιι
528 4217 662 4271 Haec
699 4216 1016 4270 arbitratus
1049 4230 1201 4269 sum.
1238 4237 1265 4262 »
1311 4214 1372 4267 Si
1411 4214 1611 4270 omnia
1660 4214 1944 4270 damnum
1997 4230 2125 4270 esse

481 4306 669 4373 ducis,
692 4324 725 4362 ο
757 4306 960 4371 Paule,
982 4305 1161 4361 etiam
1181 4305 1309 4377 ipsa
1330 4322 1461 4376 quas
1492 4305 1879 4377 corporaliter
1911 4305 1969 4359 in
2001 4304 2128 4377 lege

483 4403 791 4455 servantur
812 4402 1053 4467 propter
1074 4394 1483 4449 excellentiam
1506 4395 1859 4466 cognitionis
1879 4394 2124 4449 Christi:

483 4486 782 4559 quomodo
797 4484 996 4539 statim
1017 4483 1186 4548 dicis,
1205 4485 1453 4554 Propter
1472 4500 1649 4554 quem
1672 4484 2133 4555 omniumjactu-

481 4593 609 4632 ram
626 4575 759 4631 feci.
775 4576 919 4630 Nam
937 4573 1135 4629 dicere
1150 4573 1444 4628 Jacturam
1462 4573 1719 4641 feci,non
1742 4579 1833 4627 est
1846 4573 2131 4628 damnum

2292 2691 2447 2751 Ἀλλ’
2488 2697 2520 2750 ἄ
2573 2693 2698 2751 τινᾶ
2757 2717 2851 2770 μοι
2903 2698 2969 2767 ἦν
3028 2694 3217 2773 κέρδη,
3273 2703 3445 2755 ταῦτα
3507 2699 3729 2777 ἥγημαι
3779 2696 3849 2754 διὰ

2218 2782 2309 2837 τὸν
2371 2784 2602 2858 Χριστὸν
2662 2784 2882 2857 ζημίαν.
2948 2784 3119 2843 Ἀλλᾶ
3179 2787 3273 2859 μὶν
3330 2785 3426 2843 οὖν
3487 2789 3586 2844 καὶ
3639 2792 3847 2863 ἠγοῦμαι

2219 2874 2391 2926 πάντα
2423 2872 2622 2945 ζημίαν
2657 2875 2821 2941 εἶναι,
2876 2871 2967 2931 διὰ
3023 2876 3087 2930 τὸ
3145 2876 3416 2952 ὑπερέχον
3478 2885 3586 2947 τῆς
3630 2877 3844 2953 γνώσεως

2221 2964 2459 3035 Χριστοῦ
2491 2965 2670 3029 Ἰησοῦ
2717 2967 2815 3018 τοῦ
2871 2965 3069 3037 Κυρίου
3130 2985 3258 3037 μου,
3318 2963 3393 3020 δι’
3462 2967 3529 3021 ὃν
3588 2968 3657 3022 τα
3704 2966 3847 3020 πάντα

2220 3049 2581 3124 ἐζημιώθην,
2629 3051 2720 3107 καὶ
2781 3055 3026 3128 ἡγοῦμαι
3110 3049 3357 3110 σκύϐαλα
3410 3056 3558 3110 εἶναι
3614 3057 3705 3110 ’ἱνα
3745 3054 3850 3127 Χρι-

2223 3140 2344 3194 στὸν
2405 3138 2655 3212 κερδήσω
2692 3184 2707 3211 ,
2762 3141 2852 3196 καὶ
2936 3143 3139 3219 εὐρεθῶ
3221 3141 3271 3198 ἐν
3359 3142 3517 3217 αύτῷ
3601 3147 3678 3219 μή
3728 3139 3849 3221 ἔχων

2223 3228 2360 3303 ἐμὴν
2423 3226 2769 3301 δικαιοσύνην
2852 3233 2953 3301 τήν
3033 3231 3094 3287 ἐκ
3162 3234 3356 3306 νόμου,
3430 3233 3585 3290 ἀλλὰ
3640 3235 3735 3303 τήν
3784 3229 3853 3285 διᾶ

2223 3319 2456 3382 πίστεως
2479 3320 2743 3394 Χριστοῦ.

2303 3411 2517 3481 [ΦΘΤ.]
2546 3405 2750 3484 Κὲρόος
2784 3412 2955 3484 λέγει,
2987 3411 3053 3465 τὰ
3079 3410 3185 3466 ἀπὸ
3203 3416 3302 3467 τοῦ
3331 3412 3515 3485 νόμου
3544 3411 3849 3487 συλλεγέντα

2231 3497 2396 3570 αύτῷ.
2426 3505 2582 3552 Ὥστε
2612 3497 2677 3552 οὐ
2708 3497 2916 3568 κακίζει
2970 3499 3064 3554 τὸν
3116 3501 3311 3573 νόμον,
3345 3501 3421 3564 ὡς
3481 3504 3537 3558 οἱ
3596 3502 3700 3558 ἀπὸ
3725 3507 3849 3573 Μαί.-

2230 3585 2428 3648 κίωνος
2460 3585 2745 3660 ληροῦσιν.
2781 3586 2842 3643 Et
2884 3584 2941 3643 δὲ
2978 3587 3314 3662 καὶ-ἡγεῖται
3344 3591 3489 3645 αὐτὰ
3519 3591 3740 3663 ζημίαν,
3767 3587 3850 3663 οὐχ

2233 3674 2423 3736 ἁπλῶς
2464 3672 2611 3750 λέγει
2653 3680 2840 3745 νοῦτο,
2871 3675 3004 3750 ὅπερ
3037 3675 3096 3732 ἂν
3125 3677 3191 3746 ἦν
3224 3679 3551 3749 κακίζοντος
3575 3682 3666 3736 τὸν
3695 3679 3851 3750 νόμον,

2234 3762 2379 3821 ἀλλὰ
2415 3765 2617 3839 ζημίαν
2666 3764 2803 3819 αὐτὰ
2857 3764 3039 3834 καλεῖ,
3079 3770 3148 3840 τῇ
3179 3768 3315 3843 πρὸς
3344 3770 3581 3843 Χριστὸν
3613 3767 3850 3843 συγκρίσει

2232 3855 2323 3909 καὶ
2354 3856 2663 3929 παραθέσει,
2696 3853 2827 3927 ὅπερ
2874 3854 3089 3928 μᾶλλον
3123 3856 3195 3919 είς
3227 3857 3505 3933 ἐγκώμιον
3554 3863 3657 3915 τοῦ
3709 3858 3850 3928 νόμον

2232 3942 2401 4010 τελεῖ,
2449 3944 2511 3997 τὸ
2573 3944 2650 4016 μή
2683 3942 2871 4008 ἄλλως
2905 3942 3116 4018 τολμᾷν
3153 3947 3356 4018 ζημίαν
3395 3947 3565 4003 αὐτὸν
3594 3947 3786 4013 καλεῖν,
3815 3943 3849 3997 εἰ

2239 4045 2315 4106 μὴ
2373 4034 2441 4104 τῇ
2499 4033 2633 4106 πρὸς
2738 4034 2975 4107 Χριστὸν
3060 4035 3352 4110 παραθέσει
3409 4037 3502 4091 καί
3589 4035 3844 4111 συγκρίσει.

2234 4155 2306 4164 —-
2340 4144 2366 4175 α
2394 4124 2574 4175 Ταῦτα
2604 4116 2847 4195 ἥγημαι.
2882 4145 2911 4174 υ
2969 4124 3125 4196 [ΤΟΥ
3178 4125 3454 4200 ΔΥΤΟΥ.]
3488 4124 3552 4183 Εἷ
3610 4128 3713 4201 ἡγῇ
3738 4121 3848 4178 πάθ’

2234 4231 2300 4265 τα
2344 4208 2563 4282 ζημίαν,
2593 4209 2638 4263 ὧ
2663 4207 2864 4279 Παῦλε,
2895 4209 2987 4265 καὶ
3019 4210 3153 4266 αὐτὰ
3198 4211 3267 4266 τὰ
3320 4218 3638 4285 σοματικῶς
3676 4209 3847 4289 gula:-

2235 4300 2439 4373 τὸμενα
2476 4302 2573 4353 τοῦ
2625 4298 2822 4372 νόμου,
2881 4296 2969 4354 διὰ
3024 4300 3086 4354 τὸ
3120 4296 3468 4377 ὑπερϐάλλον
3497 4306 3601 4369 τῆς
3629 4303 3841 4379 γνώσεως

2238 4391 2502 4462 Χριστοῦ,
2544 4391 2660 4449 πῶς
2719 4386 2896 4465 λὲγεις
2948 4388 3128 4459 εὐθὺς,
3184 4386 3256 4445 δι’
3306 4391 3366 4446 ὃν
3416 4393 3591 4447 πάντα
3644 4388 3848 4462 ἐζημιώ·

2240 4482 2339 4549 θην
2370 4498 2384 4537 :
2418 4478 2480 4533 τὸ
2518 4478 2619 4553 γὰρ
2679 4476 2878 4555 λεγειν,
2940 4480 3312 4552 Ἐζημιώθην,
3379 4482 3482 4538 ούιι
3518 4480 3629 4539 ἔστι
3683 4478 3844 4553 ζημίαν

2242 4562 2585 4640 ἀποϐαλεῖν,
2640 4570 2822 4641 (τοῦτο
2888 4569 2992 4644 γὰρ
3052 4569 3265 4642 μᾶλλον
3319 4569 3584 4647 κερδῆσαί
3635 4570 3755 4639 ἔστι,
3798 4564 3844 4619 τὸ

480 4666 739 4738 abjicere
762 4664 896 4735 (hoc
921 4662 1082 4719 enim
1112 4661 1311 4733 potius
1337 4667 1426 4716 est
1443 4660 1671 4717 lucrum
1695 4662 2116 4732 facere,nemp£

2241 4656 2668 4733 ἐλευθερωθῆναι
2750 4657 2999 4733 ζημίας,)
3083 4658 3229 4715 ἀλλὰ
3287 4659 3504 4735 μᾶλλον
3560 4657 3840 4738 πραγμίτων

484 4754 745 4811 adamno
762 4752 1046 4822 liberari);
1066 4750 1169 4805 sed
1184 4751 1379 4822 potius
1396 4750 1787 4822 quarumdam
1819 4751 2024 4806 vilium
2047 4767 2135 4806 re-

487 4860 622 4902 rum
655 4842 1053 4914 abjectionem
1072 4840 1385 4912 signiﬁcat.
1408 4840 1712 4905 Quomodo
1736 4858 1873 4914 ergo
1902 4857 2039 4896 cum
2068 4857 2139 4897 ea

493 4933 705 5007 abjicis
738 4948 870 5002 qua:
898 4930 1066 4986 ducis
1124 4946 1253 4984 esse
1313 4928 1617 4996 damnum,
1667 4931 1793 4986 ais:
1843 4931 2139 4986 Jacturam

494 5022 653 5081 feci?
669 5024 734 5077 Et
752 5020 1004 5076 dicimus
1020 5018 1176 5091 quod
1198 5034 1319 5073 non
1343 5018 1696 5090 simpliciter
1718 5019 1842 5074 limo
1856 5018 2142 5074 damnum

498 5129 628 5169 esse
660 5110 933 5173 dicebat,
966 5109 1068 5165 sed
1100 5108 1173 5163 ad
1212 5107 1717 5180 comparationem
1776 5107 2145 5179 perfectioris

497 5203 825 5261 secundum
849 5201 1035 5255 Deum
1060 5197 1414 5271 cognitionis
1442 5213 1455 5252 :
1479 5198 1960 5269 quandoquidem
1995 5199 2057 5251 in
2085 5212 2146 5251 se

496 5296 730 5350 lucrum
761 5308 830 5348 ea
851 5307 979 5345 esse
1011 5287 1403 5343 existimabat.
1428 5287 1564 5342 ldeo
1595 5287 1878 5343 damnum
1908 5287 2151 5359 quidem

503 5402 631 5441 esse
663 5381 921 5439 arbitror
948 5378 1390 5449 comparatione
1423 5377 1777 5432 meliorum:
1812 5378 1922 5433 feci
1953 5384 2152 5433 autem

495 5475 795 5546 jacturam
820 5472 880 5525 in
912 5481 974 5526 s‘e
1014 5474 1073 5523 et
1102 5466 1297 5539 quoad
1325 5464 1470 5538 legis
1502 5472 1796 5521 naturam.
1832 5471 1944 5521 Aut
1976 5466 2152 5521 etiam

507 5562 621 5619 hoc
650 5561 847 5617 dicere
870 5564 1095 5631 oportet
1122 5557 1278 5629 quod
1310 5556 1438 5611 divo
1470 5557 1651 5611 Paulo
1691 5574 1830 5612 cura
1879 5573 1997 5612 non
2030 5561 2159 5611 erat

511 5652 582 5708 de
616 5649 908 5722 elegantia
939 5654 997 5702 et
1039 5646 1398 5718 proprietate
1432 5647 1763 5701 Graecorum
1822 5647 2156 5716 nominum,

2244 4745 2545 4803 λυσιτελῶν
2603 4768 2763 4802 τινων
2832 4747 3084 4822 σημαίνει
3136 4744 3422 4821 ἀποϐολήν
3457 4794 3472 4808 .
3523 4755 3642 4811 Πῶς
3688 4744 3767 4802 οῦν
3810 4740 3834 4794 ἃ

2246 4837 2454 4912 ἥγησαι
2496 4836 2718 4912 ζημίαν,
2746 4841 2913 4894 ταῦτα
2944 4839 3333 4913 ἁποτιθὲμενος
3375 4839 3573 4917 λέγεις,
3599 4843 3708 4894 Ὀτι
3741 4835 3838 4902 ἐζη-

2254 4927 2449 5001 μιόθην
2486 4946 2500 4998 ;
2534 4927 2637 4984 Καὶ
2679 4948 2873 5005 φαμεν,
2935 4928 3018 4983 δτι
3071 4928 3181 5004 οὐχ
3235 4928 3425 4991 ἁπλῶς
3480 4933 3643 4985 ταῦτα
3693 4928 3840 5001 ἠγεῖτο

2255 5016 2478 5090 ζημίαν,
2510 5013 2815 5088 ἀλλὰπρὸς
2873 5017 3155 5092 σύγκρισιν
3213 5016 3552 5093 τελειοτέρας
3603 5023 3696 5085 τῆς
3743 5006 3840 5065 κιτί

2254 5104 2494 5179 Χριστδν
2550 5105 2800 5179 γνώσεως
2836 5149 2851 5174 ,
2911 5103 3026 5160 ἐπεὶ
3118 5106 3234 5160 καθ’
3300 5107 3454 5173 αὐτὸ,
3513 5104 3691 5182 κέρδος
3745 5094 3840 5154 αύτᾶ

2256 5195 2523 5268 ενόμιζεν.
2580 5194 2674 5249 Διὸ
2732 5197 2796 5251 τὸ
2852 5195 2967 5268 μὲν,
3021 5197 3262 5271 ἡγοῦμαι
3314 5196 3516 5269 ζημίαν
3572 5194 3696 5270 πρὸς
3744 5187 3838 5257 751‘

2258 5307 2432 5362 κρισιν
2463 5290 2569 5341 τῶν
2641 5284 2956 5362 βελτιόνων,
3003 5288 3065 5341 τὸ
3097 5284 3175 5356 δὲ,
3208 5280 3547 5360 ἔζημιώοην,
3587 5285 3697 5345 καθ’
3744 5274 3836 5333 αὐτὸ

2259 5376 2398 5451 πρὸς
2427 5375 2525 5445 τὴν
2579 5375 2735 5454 φύσιν
2766 5381 2862 5431 τοῦ
2892 5375 3086 5449 νόμου.
3146 5378 3217 5432 Ἦ
3261 5378 3351 5431 καὶ
3387 5382 3546 5433 τοῦτο
3588 5374 3662 5431 δεῖ
3695 5369 3835 5431 εἷπεῐνν

2240 5466 2338 5527 ιὼς
2370 5464 2431 5520 οὖ
2467 5451 2621 5537 μέλε-ι
2646 5470 2725 5537 τῷ
2767 5466 3032 5538 θεσπεσίῳ
3084 5464 3286 5538 Παύλῳ
3335 5467 3459 5542 περὶ
3514 5464 3721 5537 ἕκλογῆς
3747 5451 3836 5512 Ἦ·

2266 5555 2507 5625 ληνικῶν
2546 5557 2847 5631 ὀνομάτων.
2909 5557 3089 5613 Μόνον
3147 5562 3209 5611 τὸ
3266 5556 3612 5629 ὑποκείμενον
3647 5549 3830 5620 δηλῶπι

2268 5649 2481 5704 σκοπεῖ.
2522 5653 2721 5716 ’Ὠσπερ
2752 5642 2853 5720 γὰρ
2911 5639 3171 5716 ἀλλαχοῦ
3224 5643 3322 5711 τήν
3370 5640 3602 5717 ἓξουσίαν
3650 5638 3726 5691 τοῦ
3763 5631 3825 5679 θα·
