4072 6266
280 376 425 437 1801

1230 417 1233 420 -
1311 374 1725 436 GOMMENT.
1776 373 1864 433 IN
1916 371 2156 433 EPIST.
2203 374 2306 432 AD
2365 372 2648 434 PHILIP.

3530 367 3686 425 £302

274 510 430 563 νάτου
479 507 579 576 τὴν
634 507 796 578 ἡμῶν
854 503 1104 576 δηλῶσαι
1172 506 1367 577 θὲλων,
1427 505 1584 563 οὐδὲν
1642 505 1766 581 περὶ
1822 508 1918 576 τὴν

2041 507 2143 563 sed
2169 508 2360 564 solum
2391 507 2649 563 intendit
2679 505 3010 577 signiﬁcare
3033 503 3191 574 quod
3230 499 3584 573 proponitur
3614 498 3683 555 ¹⁶.

274 597 416 667 λέξιν
447 590 826 668 ἠκριϐώσατο,
859 593 986 651 ἀλλ’
1017 596 1132 652 ἀντὶ
1191 601 1288 652 τοῦ
1341 598 1535 667 εἷπεῖν,
1587 598 1937 672 ἐτυράννησεν

273 685 306 756 ἥ
361 683 640 751 ἐϐιάσατο,
700 685 870 753 εἶπεν,
934 680 1276 742 ἐϐασίλευσεν
1315 731 1329 756 ,
1390 687 1616 759 ὀνόματι
1692 685 1926 764 εὐφήμῳ

268 777 367 844 τὴν
393 772 685 854 δύσφημον
715 774 886 844 αὐτῆς
916 772 1197 850 τυραννίδα
1267 779 1582 848 σημαίνων,
1643 775 1786 831 οὕτω
1843 759 1933 829 ιιιαἱ

267 888 384 924 νυν.
417 865 517 935 τὴν
569 859 858 934 ἀποϐολήν
917 869 1025 919 τῶν
1075 864 1382 938 ἐπιζημίων
1446 866 1692 945 εὔφημον
1747 863 1937 934 οὖσαν,

274 953 414 1024 λέξει
447 950 842 1029 παρεδήλωσεν
897 954 997 1009 οὐκ
1055 954 1309 1033 εὐφήμῳ,
1371 954 1534 1010 εἳπὼν
1594 954 1932 1027 ἐζημιώθην,

266 1069 294 1095 κ
329 1043 562 1115 Ζημίαν.
593 1065 619 1095 ι
678 1042 821 1097 Φασί
841 1064 983 1105 τινες
1013 1049 1119 1099 τῶν
1169 1045 1478 1119 αἱρετικῶν,
1533 1041 1676 1100 Ἰδοὺ
1708 1045 1735 1098 ὁ
1764 1045 1932 1116 νόμος

270 1132 441 1205 ζημία
473 1131 586 1186 ἐστὶ
625 1130 720 1187 καί
772 1127 1052 1190 σκύϐαλα.
1114 1135 1236 1194 Πῶς
1304 1132 1398 1188 οῦν
1455 1155 1586 1211 φατε
1641 1133 1744 1188 ὑπὸ
1799 1137 1932 1188 Θεοῦ

271 1221 433 1276 αὐτὸν
470 1217 720 1276 δεδόσθαι
752 1243 767 1292 ς
805 1220 965 1278 Ἀλλ’
997 1221 1118 1297 ὅρα,
1175 1220 1273 1277 οῦκ
1330 1222 1468 1291 εἶπε,
1527 1221 1708 1295 Ζημία
1764 1221 1930 1296 ἐστιν,

267 1310 415 1381 ἀλλ’,
448 1314 705 1385 *Ηγημαι
735 1311 896 1367 αὐτὸν
930 1311 1150 1385 ζημίαν.
1205 1311 1302 1366 Καὶ
1348 1312 1449 1389 γὰρ
1482 1316 1597 1375 τοῖς
1653 1316 1732 1384 τῷ
1760 1311 1933 1387 γράμ-

269 1423 398 1474 ματι
473 1399 954 1476 παρακαθημένοις
1013 1402 1103 1456 καὶ
1185 1401 1569 1481 ἀφισταμένοις
1659 1406 1928 1475 Χριστοῦ,

267 1491 472 1563 ζημίας
503 1492 716 1564 γίνεται
746 1490 1025 1562 πρόξενος,
1063 1489 1122 1545 οὐ
1155 1493 1300 1564 παρᾶ
1350 1492 1447 1560 τὴν
1493 1489 1693 1546 οἰκείαν
1741 1490 1925 1569 φύσιν,

263 1579 412 1636 ἀλλὰ
445 1582 592 1655 παρὰ
623 1582 722 1650 τήν
753 1580 1000 1653 ἀπειρίαν
1030 1585 1138 1636 τῶν
1185 1585 1365 1643 κακῶς
1418 1580 1562 1650 αὐτῷ
1593 1581 1923 1658 χοωμὲνων.

263 1669 365 1725 Καὶ
394 1670 500 1745 γάρ
529 1668 618 1724 καὶ
652 1673 868 1744 χρυσοῦ
927 1671 1014 1725 καὶ
1080 1665 1352 1742 μολίϐδου
1401 1667 1798 1744 προκειμένων,
1832 1669 1924 1723 καὶ

271 1757 285 1775 9
342 1757 352 1775 Ι
564 1757 590 1777 θ’
732 1752 755 1778 9(
859 1763 884 1774 ο
1007 1758 1019 1777 Ι
1253 1763 1275 1775 θ
1417 1757 1432 1778 τ
1490 1757 1503 1776 Ἰ
1777 1756 1788 1778 Ι

261 1778 502 1833 αναγκης
530 1780 696 1828 ουσης
730 1780 781 1813 εν
817 1756 1056 1814 τωνδυο
1115 1753 1325 1827 λαϐειν,
1389 1779 1434 1813 ει
1485 1756 1788 1828 επιλέξεται
1841 1779 1924 1820 τις

2043 599 2549 664 Quemadmodum
2586 597 2744 653 enim
2775 595 2911 650 alibi
2945 597 3295 666 potestatem
3336 591 3547 646 mortis
3577 607 3686 646 no-

2044 694 2179 743 stra:
2229 689 2563 760 signiﬁcare
2615 687 2816 742 volens
2872 683 3024 738 nihil
3098 686 3369 737 accurate
3452 679 3684 735 locutus

2042 777 2140 831 95
2175 783 2262 832 est
2297 796 2310 833 :
2346 777 2451 832 sed
2482 793 2613 831 cum
2667 773 2982 829 dicendum
3033 771 3259 826 fuisset.
3295 768 3689 840 Tyrannidem

2043 869 2328 926 exercuit.
2360 872 2462 922 aut
2494 868 2610 922 vim
2652 865 2865 920 intulit
2911 864 3030 918 ait:
3067 861 3438 933 Regnavit",
3470 858 3695 930 plausi-

2042 956 2142 1010 bili
2178 958 2420 1012 nomine
2452 957 2770 1012 infaustam
2816 954 2974 1009 illius
3023 951 3366 1024 signiﬁcans
3427 947 3690 1019 tyranni-

2041 1046 2289 1102 dem.lta
2311 1053 2370 1102 et
2398 1063 2558 1102 nunc
2576 1045 2972 1116 abjectionem
3002 1041 3344 1096 nocivorum
3376 1055 3507 1110 quas
3529 1038 3686 1092 favo-

2040 1136 2245 1190 rabilis
2259 1136 2636 1197 est,dictione
2653 1152 2770 1189 non
2785 1131 3091 1188 favorabili
3107 1127 3684 1202 designavit,dicens:

2038 1225 2508 1295 Fecijacturam.
2551 1249 2570 1274 ς
2616 1226 2978 1280 Damnum.»
2998 1222 3211 1277 Dicunt
3241 1218 3481 1291 quidam
3500 1219 3688 1272 hrere-

2037 1314 2137 1369 tici
2173 1332 2183 1368 :
2213 1317 2357 1370 Ecce
2383 1315 2477 1369 lex
2496 1314 2781 1369 damnum
2807 1318 2896 1367 est
2917 1317 2974 1367 et
3024 1312 3453 1384 rejectamenta
3486 1323 3498 1361 :
3534 1321 3683 1378 quo-

2038 1403 2212 1459 modo
2243 1421 2379 1476 ergo
2411 1404 2608 1460 dicitis
2656 1405 2845 1475 ipsam
2877 1418 2911 1457 a
2958 1402 3074 1456 Dco
3129 1400 3325 1456 datam
3359 1413 3484 1452 esse
3514 1396 3542 1450 ‘?
3572 1395 3686 1451 Sed

2036 1495 2436 1550 animadverte
2498 1495 2654 1566 quod
2714 1511 2834 1549 non
2893 1491 3129 1558 dixerit,
3205 1492 3495 1546 Damnum
3573 1492 3682 1552 est,

2035 1585 2157 1652 sed,
2191 1585 2526 1640 Arbitratus
2587 1601 2716 1639 sum
2751 1583 3036 1638 damnum
3098 1597 3247 1635 esse.
3307 1581 3539 1633 Etenim
3590 1576 3682 1631 his

2034 1675 2133 1744 qui
2188 1674 2400 1730 litterae
2461 1675 2769 1730 adhmrent
2825 1677 2883 1728 et
2946 1687 2980 1726 a
3056 1670 3286 1725 Christo
3346 1666 3680 1730 discedunt,

2033 1763 2306 1818 damnum
2339 1764 2800 1819 ronciliat:non
2860 1779 2931 1817 ex
2984 1759 3225 1832 propria
3282 1763 3496 1813 natura
3577 1754 3682 1810 sed

257 1849 353 1903 τὸν
403 1845 706 1923 μόλιϐδον,
771 1851 970 1923 ζημίαν
1031 1848 1318 1919 πέπονθεν,
1378 1850 1442 1904 οὐ
1495 1853 1593 1904 τοῦ
1656 1845 1918 1921 μολίϐδου

2032 1859 2272 1924 prOpter
2306 1854 2544 1908 illorum
2604 1851 2901 1907 inscitiam
2961 1851 3059 1922 qui
3120 1850 3247 1920 ipsa
3295 1846 3443 1902 male
3502 1851 3682 1901 utun-

259 1937 418 2014 φύσει
453 1939 664 2010 ζημίας
696 1935 886 2008 οὔσης,
917 1936 1063 1994 ἀλλά
1092 1942 1160 2012 τῇ
1192 1943 1288 1994 τοῦ
1350 1938 1632 2014 βελτίονος
1681 1938 1919 1994 ἀποστε-

263 2031 442 2104 ρήσει.

2032 1948 2126 1997 tur
2178 1943 2480 2012 Siquidem
2512 1943 2686 1997 etiam
2721 1958 2864 1996 auro
2897 1947 2953 1995 et
2986 1938 3227 2011 plumbo
3269 1942 3404 2008 post
3447 1935 3677 2006 positis,

2029 2029 2128 2084 ubi
2161 2047 2403 2085 neceSse
2434 2032 2511 2085 sit
2535 2029 2732 2102 lunum
2773 2048 2802 2084 e
2851 2028 3081 2084 duobus
3139 2027 3372 2098 eligere,
3435 2025 3483 2080 si
3543 2024 3676 2094 quis

263 2117 582 2189 plumbum
615 2118 881 2190 elegerit,
915 2118 1199 2174 damnum
1229 2135 1437 2190 passus
1470 2125 1557 2174 est
1589 2135 1746 2174 :non
1779 2119 1938 2191 quod
1969 2118 2252 2174 damnum
2287 2120 2362 2174 sit
2383 2136 2452 2174 ex
2482 2125 2693 2174 natura
2722 2117 2996 2190 plumbit,
3030 2114 3132 2171 sed
3164 2115 3236 2169 ob
3289 2113 3675 2184 privationem

263 2206 393 2278 ejus
425 2207 591 2278 quod
625 2209 838 2262 melius
870 2214 978 2263 est.

327 2297 532 2354 Τοίνυν
556 2297 643 2351 καὶ
676 2297 703 2350 6
733 2295 930 2370 νόμος,
961 2296 1007 2351 el
1043 2299 1136 2371 μὲν
1166 2317 1248 2359 τις
1301 2294 1448 2369 αὒτῷ
1503 2299 1782 2372 χρήσαιτο
1840 2297 1917 2358 ὡς

257 2382 360 2454 δεῖ,
392 2382 596 2460 κέρδος
649 2383 779 2440 ἐστί.
839 2387 1056 2459 Χριστῷ
1110 2384 1210 2461 γάρ
1269 2383 1644 2460 παραπέμπει.
1703 2386 1764 2443 Ὀ
1815 2384 1918 2460 γάρ

255 2474 575 2544 νομοθέτης
609 2476 818 2542 Μωσῆς
848 2473 970 2547 περὶ
1002 2477 1103 2529 τοῦ
1159 2477 1404 2547 Χριστοῦ
1462 2473 1626 2529 εἰπὼν
1659 2474 1742 2528 ’ὀτι
1772 2495 1917 2544 προ-

256 2567 437 2641 φῆτην
473 2564 611 2636 ὑμῖν
643 2563 927 2633 ἀναστήσει
986 2563 1060 2626 ὡς
1115 2562 1232 2636 ἐμὲ,
1292 2563 1366 2624 ὡς
1424 2563 1522 2636 ἐμὲ
1575 2561 1653 2630 δὲ,
1719 2559 1809 2617 διά
1862 2583 1920 2616 τε

254 2654 355 2721 τήν
419 2653 598 2727 σάρκα
654 2653 745 2706 καὶ
795 2654 895 2721 τήν
971 2650 1259 2724 μεσιτείαν,
1318 2653 1462 2706 εἶπεν
1551 2651 1715 2706 αὐτοῦ
1808 2648 1916 2704 δεῖν

255 2742 499 2800 ἀκοῦειν.
565 2741 629 2798 Εἰ
683 2739 740 2795 δὲ
797 2746 875 2814 τῷ
932 2741 1216 2816 γράμματι
1274 2739 1653 2817 παρακαθίσει,
1714 2740 1917 2813 ζημίας

250 2829 364 2886 ἐστὶ
394 2832 692 2909 πρόφασις.
726 2834 907 2885 Ταῦτα
962 2829 1052 2884 καὶ
1111 2828 1235 2903 περὶ
1290 2834 1408 2901 τοῦ,
1462 2830 1732 2906 Ἡγοῦμαι
1789 2829 1916 2883 σκύ-

253 2915 402 2975 ϐαλα
432 2923 601 2988 εἶναι,
633 2924 775 2974 νοεῖν
799 2916 967 2994 ἔχεις.
1021 2920 1124 2975 Καὶ
1178 2924 1395 2989 πρῶτον
1459 2919 1554 2991 μὲν
1615 2919 1780 2973 εἰπεῖν
1815 2915 1915 2986 ἔνι,

1551 2651 1715 2706 αὐτοῦ

2098 2300 2302 2368 Itaque
2335 2303 2393 2351 et
2435 2298 2552 2359 lex.
2597 2297 2646 2351 si
2678 2298 2812 2367 quis
2858 2313 2926 2352 ea
2957 2301 3161 2350 utatur
3199 2300 3265 2350 ut
3289 2297 3543 2364 oportet,
3588 2290 3677 2346 lu-

2032 2403 2196 2441 crum
2224 2392 2314 2440 est
2347 2403 2359 2440 :
2395 2403 2533 2441 nam
2565 2385 2639 2440 ad
2669 2385 2967 2440 Christum
3018 2383 3388 2438 transmittit.
3425 2381 3681 2454 Legisla-

2030 2483 2122 2530 tor
2147 2476 2305 2531 enim
2339 2477 2530 2530 Moses
2561 2475 2630 2528 de
2689 2475 2920 2528 Christo
2962 2474 3200 2528 dicens:
3228 2475 3270 2544 ζα
3325 2472 3680 2542 Prophetam

2031 2566 2342 2620 suscitabit
2371 2565 2532 2619 vobis
2566 2565 2718 2618 Deus
2748 2569 3031 2633 tanquam
3063 2579 3157 2616 me
3191 2561 3238 2596 ²⁰
3288 2583 3316 2610 ››
3374 2564 3680 2631 (tanquam

2028 2671 2122 2708 me
2154 2660 2396 2726 pr0pter
2450 2669 2688 2708 carnem
2746 2658 2804 2707 et
2858 2651 3204 2706 mediatoris
3261 2650 3566 2718 officium),
3595 2650 3677 2703 ait

2029 2749 2300 2814 Oportere
2328 2744 2524 2814 ipsum
2556 2742 2792 2796 audire:
2816 2742 2874 2796 Si
2905 2757 3040 2794 vero
3095 2739 3306 2795 litteras
3363 2740 3674 2804 inhaereat,

2029 2833 2227 2887 damni
2262 2832 2491 2887 occasio
2506 2831 2755 2886 est.Hazc
2779 2847 3015 2901 quoque
3039 2828 3111 2882 de
3125 2846 3194 2884 eo
3208 2828 3365 2900 quod
3389 2828 3678 2899 sequitur,

2030 2922 2225 2976 Habeo
2285 2937 2389 2992 pro
2440 2920 2906 2990 rejectamentis,
2964 2918 3292 2990 intelligere
3333 2917 3572 2989 poteris.
3607 2919 3678 2971 Et

249 3007 332 3064 ὅτι
367 3010 434 3065 οὐ
467 3009 717 3084 περὶτοῦ
763 3009 934 3083 νόμου
963 3009 1047 3076 τὸ,
1082 3002 1361 3078 Σκύϐαλα,
1396 3010 1566 3076 εἶπεν,
1625 3007 1770 3063 ἀλλά
1826 3006 1915 3061 καὶ

359 3099 374 3112 .
438 3103 466 3112 ..
760 3101 784 3112 ..
1072 3097 1081 3112 ι
1279 3098 1342 3112 τ..
1407 3094 1449 3112 μ.
1590 3097 1603 3112 .
1769 3096 1781 3112 ι
1884 3100 1910 3110 ..

2032 3011 2289 3080 primum
2315 3009 2555 3080 quidem
2579 3009 2693 3064 dici
2714 3014 2908 3080 potest
2935 3007 3092 3077 quod
3115 3024 3232 3062 non
3266 3007 3336 3061 de
3355 3007 3480 3077 lege
3523 3007 3680 3060 dixe-

251 3099 514 3172 περὶτῶν
549 3101 827 3170 κοσμικῶν
861 3097 1217 3172 πραγμάτων.
1279 3098 1346 3153 Εἴ
1403 3094 1461 3152 δὲ
1516 3097 1604 3151 καὶ
1659 3096 1913 3170 περὶτοῦ

251 3190 448 3263 νόμου,
515 3189 652 3244 κατᾶ
702 3190 800 3256 τήν
845 3195 944 3258 τῆς
1001 3188 1199 3260 ζημίας
1254 3187 1493 3243 διάνοιαν
1554 3190 1767 3258 νοήσεις
1823 3172 1914 3242 καἱ

248 3284 414 3334 τοῦτο
463 3276 658 3334 καλόν.
710 3272 973 3333 Σκῦϐαλα
1025 3277 1126 3353 γὰρ
1185 3277 1397 3349 ε’ἰρηται
1445 3280 1480 3346 ἡ
1537 3277 1762 3349 καλάμη
1817 3281 1914 3332 τοῦ

251 3369 426 3424 σίτου.
461 3364 628 3424 Ἀλλ’
660 3365 790 3441 ἃχρι
827 3366 920 3438 μὲν
950 3369 1024 3438 μή
1058 3387 1146 3420 πω
1195 3367 1335 3444 φανῇ
1367 3367 1394 3419 ὁ
1455 3371 1625 3435 σῖτος,
1657 3367 1914 3440 ἀναγκαῖα

247 3459 282 3526 ἡ
314 3457 550 3531 καλάμη
588 3457 662 3517 ὡς
698 3457 1070 3529 συντηρητική
1106 3456 1258 3524 οὖσα,
1289 3459 1389 3509 τοῦ
1437 3453 1698 3527 ἐσομένου
1731 3456 1909 3526 σίτου,

244 3548 516 3625 φανέντος
550 3542 627 3614 δὲ,
658 3545 934 3619 ἄχρηστος
993 3545 1296 3616 ἀνθρώποις
1335 3546 1371 3614 ἡ
1437 3542 1690 3616 καλάμη.
1749 3543 1912 3601 Οὕτω

241 3634 334 3690 ναὶ
363 3636 392 3689 ὁ
426 3634 628 3704 νόμος.
661 3638 831 3707 ’Ἄχρι
869 3633 963 3706 μὲν
1015 3633 1090 3706 μή
1120 3633 1535 3706 ἐνηνθρωπήκει
1575 3632 1603 3686 ὁ
1660 3633 1911 3706 Χριστὸς,

241 3721 541 3803 χρειώδης
573 3723 660 3791 ἦν·
717 3721 866 3793 αὐτῷ
933 3721 1036 3798 γὰρ
1095 3722 1440 3795 παρέπεμπε.
1501 3723 1771 3784 Φανὲντος
1832 3719 1913 3793 δὲ,

247 3812 516 3885 περιττὸς
549 3813 673 3866 ὅσον
731 3811 868 3885 πρὸς
923 3811 986 3865 τὸ
1044 3817 1372 3884 σωματικῶς
1435 3809 1792 3890 φυλάττεσθαι
1848 3811 1916 3866 τα

255 3901 307 3956 ἰν
348 3900 520 3972 αὐτῷ.
555 3903 654 3957 Ἠν
685 3897 857 3954 δὲκαὶ
892 3897 1050 3972 ἃλλῳ
1104 3899 1294 3974 τρόπῳ
1350 3899 1628 3979 χρειώδης
1661 3901 1688 3954 6
1746 3898 1912 3972 νόμος

255 3992 365 4065 πρὸ
407 3993 668 4064 Χριστοῦ.
705 3988 1164 4066 Φιλοσοφὼτερος
1226 3989 1319 4062 μὲν
1356 3989 1456 4063 γὰρ
1511 3992 1576 4058 ἦν
1630 3994 1739 4044 τῶν
1787 3987 1910 4044 Ἐλ-

255 4077 503 4150 ληνικῶν
588 4077 903 4153 δογμάτων,
962 4077 1273 4153 παχύτερος
1325 4074 1381 4132 δὲ
1440 4081 1540 4143 τῆς
1596 4077 1646 4132 ἐν
1698 4079 1914 4153 Χριστῷ

252 4167 605 4246 φιλοσοφίας.
643 4167 822 4228 Μέσος
883 4165 976 4221 οὗν
1035 4174 1134 4236 τῆς
1173 4165 1606 4241 εἰδωλολατρεία
1659 4167 1748 4222 καὶ
1813 4170 1912 4232 τῆς

254 4259 503 4330 Χριστοῦ
540 4256 773 4316 πίστεως
814 4256 1157 4326 παρεντεθεὶς
1209 4257 1484 4332 ὠφέλησε,
1545 4257 1682 4311 κατᾶ
1717 4255 1910 4330 μικρὸν

258 4345 620 4421 ὑπεξαγαγὼν
688 4353 790 4414 τῆς
845 4343 1342 4422 εἷδωλολατρείας,
1402 4347 1490 4401 καὶ
1549 4351 1645 4404 τοῦ
1711 4347 1910 4410 ἐκεῖθεν

2029 3101 2105 3154 rit
2138 3101 2639 3171 :Rejectamenta,
2674 3099 2776 3153 sed
2800 3099 2869 3152 de
2893 3099 3068 3152 rebus
3088 3097 3406 3152 mundanis
3441 3114 3454 3151 :
3513 3096 3675 3167 quod

2023 3189 2070 3243 si
2103 3189 2278 3244 etiam
2313 3190 2383 3243 de
2413 3189 2730 3260 lege,juxta
2750 3204 2989 3243 sensum
3014 3187 3113 3257 qui
3136 3187 3207 3241 de
3255 3187 3472 3241 damno
3493 3186 3666 3241 datus

2024 3283 2131 3338 est.
2164 3277 2495 3350 intelliges:
2532 3284 2589 3332 et
2620 3278 2728 3331 hoc
2761 3276 3074 3347 pulchrum
3107 3281 3215 3332 est.
3248 3277 3392 3330 Nam
3425 3278 3666 3344 rejecta-

2023 3375 2224 3422 menta
2255 3367 2411 3422 dicta
2442 3373 2578 3421 sunt
2603 3367 2777 3421 tritici
2794 3367 3026 3421 culmus
3051 3365 3184 3420 :sed
3225 3365 3364 3421 dum
3397 3366 3664 3420 nondum

2023 3463 2267 3528 apparet
2301 3457 2583 3515 triticum.
2615 3455 2988 3510 necessarius
3011 3455 3665 3525 estculmus.tanquam

2020 3549 2201 3604 futuri
2232 3549 2408 3602 tritici
2456 3549 2895 3603 conservativus
2929 3564 2942 3602 :
2975 3547 3075 3602 ubi
3132 3564 3265 3602 vero
3305 3549 3663 3619 apparuerit,

2024 3639 2251 3693 inutilis
2275 3646 2364 3694 est
2401 3639 2633 3693 culmus
2664 3638 3027 3694 hominibus.
3061 3639 3147 3692 Ita
3176 3639 3228 3692 ei
3288 3638 3421 3692 lex:
3480 3639 3666 3694 donec

2024 3731 2434 3786 incarnaretur
2475 3729 2740 3783 Christus
2800 3734 2924 3782 erat
2955 3728 3138 3794 utilis,
3174 3745 3312 3782 nam
3344 3728 3417 3782 ad
3467 3729 3664 3800 ipsum

2021 3817 2460 3873 transmittebat
2507 3835 2519 3872 :
2574 3834 2706 3872 cum
2770 3823 2968 3871 autem
3029 3815 3153 3886 jam
3212 3818 3505 3888 apparuit,
3557 3835 3662 3873 su-

2022 3908 2251 3978 perﬂua
2283 3913 2370 3960 est
2399 3913 2688 3977 quantum
2717 3906 2790 3960 ad
2820 3907 2932 3961 hoc
2963 3907 3120 3976 quod
3152 3912 3241 3961 est
3279 3908 3666 3978 corporaliter

2022 3995 2318 4050 observari
2343 4012 2474 4065 quin
2506 3996 2568 4050 in
2591 4011 2659 4049 ea
2685 4000 2842 4050 sunt.
2869 3999 3001 4049 Erat
3029 4001 3226 4050 autem
3258 4001 3316 4050 et
3345 3995 3458 4051 alio
3489 3997 3663 4053 modo

2021 4082 2182 4137 utilis
2206 4083 2299 4137 lex
2330 4089 2464 4136 ante
2504 4082 2822 4137 Christum.
2856 4082 3086 4136 Etenim
3113 4083 3246 4154 plus
3277 4083 3519 4154 quidem
3571 4100 3664 4140 sa-

2022 4173 2259 4242 pientiai
2292 4171 2547 4226 habebat
2589 4188 2765 4242 quam
2811 4173 3146 4226 Grzncorum
3179 4172 3472 4245 dogmata.
3506 4191 3664 4229 cras-

2023 4261 2143 4315 sior
2172 4266 2369 4315 autem
2403 4265 2528 4314 erat
2558 4277 2732 4332 quam
2767 4259 3164 4330 philosophia.
3189 4278 3319 4332 qua;
3353 4263 3414 4316 in
3433 4263 3664 4318 Christo

2023 4356 2128 4402 est.
2163 4349 2352 4403 Media
2402 4349 2600 4419 itaque
2653 4349 2806 4402 inter
2851 4348 3248 4404 idololatriam
3279 4356 3338 4405 et
3376 4351 3550 4406 ﬁdem
3602 4353 3665 4407 in

257 4434 504 4508 πάχους,
537 4436 624 4489 καὶ
667 4433 1133 4512 ἐπιτηδειοτὲρους
1167 4441 1360 4504 ποιῶν,
1417 4440 1635 4511 Χριστῷ
1695 4437 1911 4513 φανέντι

2030 4437 2318 4492 Christum
2339 4437 2683 4508 interposita
2698 4437 3191 4506 juvabat,sensim
3233 4439 3304 4493 ab
3328 4439 3667 4495 idololatria

256 4527 569 4581 πιστεῦσαι.
659 4526 802 4581 Ἑπεῖ
866 4525 958 4579 οῦν
1022 4525 1083 4580 τὸ
1144 4526 1340 4579 οἰκεῖον
1427 4526 1759 4599 πεπλήρωκε
1823 4526 1914 4580 καὶ

258 4617 490 4686 Χριστῷ
519 4615 860 4688 παρέπεμψε,
911 4614 1161 4689 περιττὸς
1213 4615 1406 4670 Λοιπὸν
1463 4615 1569 4677 εἷς,
1605 4616 1666 4670 τὸ
1725 4635 1915 4686 σωμα-

249 4706 426 4764 τικῶς
496 4701 884 4779 φυλάττεσθαι,
955 4704 1135 4776 ὥσπερ
1202 4705 1289 4757 καὶ
1377 4700 1527 4758 παιδῖ
1589 4704 1665 4766 εἷς
1720 4701 1914 4777 ἄνδρας

249 4789 537 4847 τελὲσαντι
567 4794 602 4862 ἡ
646 4789 872 4862 παιδική
929 4790 1092 4862 ἐσθὴς
1150 4792 1237 4846 καὶ
1306 4791 1520 4866 ἀγωγή.
1553 4826 1621 4833 —
1650 4793 1911 4865 [ΟῙΚΟΥ-

253 4881 576 4952 ΜΕΝΙΟΥ,]
611 4880 748 4955 Δῦνῃ
815 4877 872 4936 δὲ
929 4881 1019 4935 καὶ
1079 4883 1196 4936 κατ’
1228 4879 1373 4937 ἄλλο
1417 4875 1665 4936 σκύϐαλα
1720 4884 1914 4946 νοῆσαι

251 4969 350 5024 τὸν
384 4970 572 5043 νόμον.
627 4970 706 5027 Τὸ
764 4970 868 5047 γὰρ
927 4964 1224 5037 σκύϐαλον,
1281 4967 1566 5040 κτηνώδης
1621 4968 1729 5025 ἐστὶ
1786 4990 1915 5044 τρο-

254 5060 357 5134 φή.
395 5058 496 5114 Καὶ
529 5059 557 5113 ὁ
613 5056 785 5132 νόμος
840 5059 1018 5113 τοίνυν
1083 5059 1216 5131 μετᾶ
1273 5060 1372 5128 τήν
1429 5059 1633 5130 πίστιν,
1693 5057 1913 5136 ἀλογω-

252 5147 442 5222 τέροις
524 5146 837 5222 ἀνθρώποις
893 5146 1034 5203 ἐστὶν
1090 5147 1141 5202 ἐν
1202 5145 1593 5224 παραφυλακῇ.
1649 5149 1801 5203 Διατί
1859 5147 1916 5204 δὲ

275 5237 282 5251 .
447 5236 472 5256 ρ,
719 5235 731 5254 ,
781 5238 794 5252 ι
1029 5237 1040 5256 ,
1233 5238 1245 5254 .
1375 5238 1386 5254 .
1606 5238 1631 5254 ν
1771 5242 1793 5252 ..

250 5237 411 5298 ὅλως
441 5258 644 5310 ηγησαι
675 5257 836 5291 αυτον
903 5242 1102 5310 ζημιαν
1157 5258 1248 5292 και
1294 5232 1561 5303 σκυϐαλα,
1595 5259 1639 5291 ω
1686 5238 1864 5292 Παῦλε
1899 5257 1911 5306 ;

252 5329 340 5381 ὅτι
376 5325 465 5380 ἐπὶ
497 5325 672 5380 πολὺν
706 5326 908 5405 χρόνον
939 5325 1030 5394 ἐζη
1044 5326 1216 5398 μιωσέ
1240 5347 1306 5398 με
1335 5330 1597 5397 Χιτιστοῦ,
1629 5330 1709 5397 τῷ
1736 5326 1915 5400 γράμ-

255 5416 901 5489 ματιπαιακαθτξμενον,
955 5413 1061 5493 οὐχ
1117 5415 1200 5470 ’ὁτι
1257 5419 1348 5469 νῦν
1410 5414 1704 5488 ἐζημιοῦτο
1737 5414 1784 5484 ἐξ
1817 5414 1915 5469 αῦ-

248 5508 378 5560 τοῦ.
413 5501 562 5574 ᾜδει
614 5504 716 5582 γὰρ
774 5503 922 5577 αὐτῷ
973 5509 1354 5578 πνευματικῶς
1405 5504 1737 5583 χρήσασθαι,
1768 5500 1916 5558 ἀλλὰ

328 5714 380 5750 ⁸⁸
413 5717 428 5769 l
456 5716 586 5770 Cor.
612 5715 656 5782 ι,
687 5715 897 5783 22,23.
1010 5712 1054 5750 ι⁹
1085 5716 1250 5779 Rom,
1283 5729 1336 5780 v,
1372 5715 1456 5768 14.

2023 4527 2383 4589 subducens.
2436 4533 2494 4581 et
2539 4544 2573 4582 a
2630 4528 2898 4582 crassitie
2965 4545 3095 4598 qum
3155 4528 3292 4583 inde
3361 4537 3539 4584 erat:
3609 4537 3667 4584 et

2021 4616 2278 4687 aptiores
2311 4617 2562 4671 reddens
2593 4623 2656 4671 ut
2699 4617 3008 4688 apparenti
3061 4617 3291 4673 Christo
3331 4619 3661 4676 crederent.

2023 4705 2124 4759 96
2155 4705 2444 4769 Quoniam
2477 4721 2613 4776 ergo
2647 4704 2805 4775 quod
2839 4722 3012 4759 suum
3071 4712 3199 4761 erat
3236 4707 3571 4778 complevit,
3606 4715 3666 4763 et

2024 4793 2097 4847 ad
2127 4794 2422 4847 Christum
2455 4793 3094 4866 transmisit,deinceps
3118 4795 3346 4851 inutilis
3369 4804 3426 4852 et
3455 4815 3663 4870 super-

2023 4882 2144 4938 ﬂua
2174 4888 2264 4938 est
2284 4883 2356 4938 ad
2379 4883 2491 4938 hoc
2513 4890 2577 4938 ut
2593 4884 2980 4954 corporaliter
3001 4885 3372 4942 observetur:
3390 4889 3668 4959 quemad-

2024 4971 2266 5026 modum
2294 4977 2353 5026 et
2382 4989 2586 5042 puero,
2617 4973 2718 5028 ubi
2751 4973 2824 5027 ad
2855 4973 3086 5029 virilem
3138 4978 3469 5046 pervenerit
3525 4983 3665 5032 zela-

2025 5065 2165 5127 tem,
2198 5061 2424 5131 puerile
2469 5061 2889 5117 vestimentum
2921 5069 3022 5118 aut
3078 5063 3367 5120 educatio.
3400 5096 3468 5105 —
3491 5067 3666 5122 Potes

2024 5155 2222 5204 autem
2255 5155 2312 5204 et
2334 5149 2506 5216 juxta
2535 5149 2698 5204 aliud
2728 5150 3078 5223 intelligere,
3110 5151 3300 5224 legem
3343 5170 3473 5208 esse
3512 5155 3666 5226 reje-

2025 5243 2340 5292 ctamenta.
2373 5239 2516 5292 Nam
2544 5237 3033 5309 rejectamentum
3065 5247 3165 5296 aut
3191 5242 3359 5312 palea
3381 5242 3546 5296 cibus
3577 5249 3668 5298 est

2016 5329 2424 5400 jumentorum
2482 5329 2548 5383 Et.
2572 5328 2660 5383 lex
2696 5329 2895 5399 itaque
2929 5336 3062 5400 post
3093 5331 3268 5386 ﬁdem
3300 5333 3671 5388 irrationabi-

2024 5416 2182 5470 libus
2214 5415 2555 5470 hominibus
2587 5417 2647 5471 in
2678 5417 3048 5474 observantia
3079 5425 3186 5474 est.
3223 5422 3432 5477 Verum
3483 5440 3667 5494 quare

2023 5507 2268 5561 omnino
2295 5505 2511 5560 duxisti
2536 5522 2666 5561 eam
2680 5522 2808 5562 esse
2827 5506 3110 5562 damnum
3131 5511 3671 5583 autrejectamenta

1560 5712 1606 5745 2°
1636 5713 1784 5770 Deut
1827 5729 1978 5782 xvm,
2017 5715 2099 5767 15.
