4072 6266
445 382 610 442 I303

1539 379 1965 448 CECUMENII
2015 379 2327 443 TRICCE
2370 379 2722 442 EPISCOPI

3661 383 3778 445 13οί

449 531 482 568 ο
515 512 698 568 Paule
728 511 928 578 ?Quia
987 511 1062 568 ad
1115 513 1370 570 multum
1415 520 1649 588 tempus
1695 533 1830 573 cum
1891 516 2111 572 damno

2221 512 2342 583 περὶ
2371 517 2471 580 τῆς
2506 511 2707 585 ζημίας
2736 507 2945 580 ἐκείνης
3005 505 3160 586 φησὶ,
3216 516 3318 580 τῆς
3361 509 3463 586 πρὸ
3487 518 3577 582 τῆς
3597 512 3778 578 πίστεως

447 601 696 674 privavit
715 617 808 656 me
833 601 910 656 Ch
923 601 1308 658 ristoJitterm
1331 605 1735 662 adhaerentem
1761 622 1774 662 :
1807 622 1928 661 non
1951 603 2109 676 quod

454 707 614 746 nunc
632 690 851 746 damno
876 706 944 745 ex
993 691 1120 762 ipsa
1142 692 1514 750 afficeretur:
1545 701 1790 750 noverat
1821 694 1981 749 enim
2041 708 2110 746 ea

449 779 844 852 spiritualiter
873 779 955 834 uti
979 797 993 836 :
1029 780 1133 835 sed
1155 780 1228 836 de
1262 781 1480 838 damno
1521 784 1624 839 illo
1652 785 1918 855 loquitur
1947 780 2108 854 quod

447 870 791 924 fueratante
815 869 993 924 ﬁdem
1013 873 1438 928 suamEleuim
1463 881 1777 946 postquam
1800 879 2106 946 pertrans-

453 957 522 1013 iit
545 957 828 1013 damnum
855 958 1014 1029 quod
1036 960 1399 1032 accepimus.
1441 963 1898 1019 reminiscentes
1921 961 2109 1033 ipsius

455 1063 735 1102 vocamus
801 1046 951 1101 illud
1012 1048 1205 1104 adhuc
1237 1049 1545 1106 damnum.
1595 1050 1917 1106 Considera
1949 1050 2105 1103 enim

455 1135 751 1208 quomodo
784 1153 990 1192 secure
1015 1137 1265 1192 dixerit:
1299 1139 1570 1196 Arbitror
1601 1141 1788 1212 ipsam
1822 1139 2106 1194 damnum

459 1241 587 1281 esse
607 1232 850 1297 propter
876 1225 1288 1282 excellentiam
1323 1229 1679 1302 cognitionis
1710 1228 1950 1296 Christi,
1977 1233 2107 1282 tan-

455 1331 636 1387 quam
667 1314 929 1370 diceret:
958 1321 1174 1372 Natura
1205 1317 1448 1390 quidem
1479 1319 1766 1375 damnum
1813 1335 1934 1373 non
1995 1321 2104 1385 est,

452 1405 556 1462 sed
590 1422 658 1461 eo
691 1411 850 1462 certe
883 1408 1040 1478 quod
1063 1408 1254 1479 ipsam
1279 1426 1650 1466 servansnon
1678 1407 2104 1483 cognoscebam

453 1499 840 1564 Christum,in
872 1499 1158 1554 damnum
1191 1501 1334 1556 mihi
1370 1502 1522 1558 facta
1544 1509 1652 1560 est.
1684 1527 1704 1550 -
1741 1502 1893 1567 Quin
1927 1499 2103 1554 etiam

454 1588 728 1644 arbitror.
766 1610 793 1638 ››
827 1589 1116 1653 Quoniam
1151 1591 1756 1648 verbumArbilratus
1784 1606 2104 1662 sum,pra3-

457 1677 614 1733 teriti
675 1677 960 1748 temporis
1018 1679 1134 1734 vim
1196 1679 1472 1748 habebat,
1504 1682 1630 1736 ait:
1676 1683 1838 1736 Nunc
1871 1693 2106 1750 quoque

454 1767 983 1822 arbitror.Etenim
1009 1768 1716 1842 multo,inquit.tempore
1749 1786 1843 1824 me
1874 1768 2106 1822 Christo

453 1855 852 1928 privavit,non
885 1857 1123 1927 pr0pria
1165 1857 1520 1926 intentione,
1553 1867 1619 1914 ut
1649 1859 1782 1930 quis
1815 1857 2101 1929 suspicari
2138 1881 2182 1947 Β

453 1944 785 2016 posset.sed
813 1945 886 1998 ob
911 1961 1106 2000 meum
1129 1947 1203 2001 ad
1243 1947 1407 2002 illam
1439 1950 1716 2003 affectum
1743 1965 1862 2002 non
1889 1963 2100 2001 secun-

455 2036 597 2090 dum
630 2034 965 2090 scientiam.
1000 2058 1026 2082 «
1074 2037 1286 2090 Omnia
1316 2036 1601 2091 damnum
1635 2053 1783 2092 esse.
1819 2058 1847 2086 ››
1881 2037 2023 2090 Nam
2053 2035 2100 2088 si

455 2125 611 2195 quis,
647 2122 1129 2193 inquit,opponat
1157 2127 1524 2196 corporalem
1559 2127 1704 2199 legis
1742 2125 2102 2182 observatio-

456 2229 595 2266 nem
627 2211 699 2266 ad
733 2211 949 2266 Christi
1009 2213 1429 2284 cognitionem.
1463 2215 1652 2281 legem
1686 2215 1949 2269 inveniet
1977 2228 2106 2266 esse

459 2301 746 2356 damnum
773 2317 786 2353 :
816 2304 982 2355 tanta
1006 2307 1094 2356 cst
1115 2303 1471 2373 cognitionis
1491 2304 1706 2358 Christi
1732 2301 2104 2358 excellentia.

459 2413 486 2440 ‹‹
519 2390 770 2460 Propter
799 2405 980 2460 quem
1011 2391 1284 2446 omnium
1313 2391 1758 2464 fecijacturam.
1797 2417 1824 2440 »ι
1857 2393 1982 2446 Non
2011 2407 2104 2445 so-

455 2478 575 2534 lum
607 2477 815 2532 relicta
845 2477 972 2550 lege
997 2485 1054 2533 et
1087 2481 1362 2536 omnibus
1395 2499 1524 2552 qum
1556 2482 1617 2536 in
1649 2500 1719 2538 ea
1751 2487 1890 2536 sunt
1918 2497 2103 2552 quan-

454 2581 579 2630 tum
613 2574 686 2630 ad
713 2576 824 2631 hoc
847 2577 1005 2648 quod
1037 2585 1128 2632 est
1158 2579 1348 2650 ipsam
1381 2587 1439 2634 et
1469 2597 1600 2651 quin
1633 2581 1693 2635 in
1725 2597 1794 2635 ea
1815 2584 2100 2634 sunt-corn

453 2665 738 2736 poraliter
769 2665 1090 2732 observari,
1125 2685 1326 2722 verum
1361 2670 1540 2724 etiam
1571 2669 1847 2724 omnibus
1879 2683 2010 2739 qua:
2040 2666 2104 2721 in

454 2754 676 2808 mundo
723 2761 882 2820 sunt,
918 2757 1060 2810 Nam
1115 2756 1311 2811 dicere
1357 2758 1651 2812 Jacturam
1685 2758 1818 2818 feci.
1853 2758 1963 2811 hoc
1993 2761 2102 2822 est,

456 2842 662 2896 Dimisi
695 2848 751 2896 et
782 2843 928 2914 ipsis
959 2843 1221 2914 privatus
1267 2861 1418 2900 sum.
1441 2867 1469 2895 «
1507 2848 1632 2900 Non
1659 2846 1880 2900 habens
1914 2859 2105 2898 meam

446 2931 764 3002 justitiam.
803 2955 829 2980 ››
858 2933 1156 2999 Meam,ait
1183 2933 1242 2987 id
1275 2941 1522 3006 est,quaa
1548 2940 1638 2990 est
1686 2952 1754 2991 ex
1787 2934 1936 2990 meis
1965 2948 2108 3004 ope-

2211 598 2397 658 αῦτοῦ.
2433 600 2529 656 Καὶ
2561 600 2664 674 γὰρ
2715 600 2849 674 μετᾶ
2900 601 2963 655 τὸ
3017 597 3307 674 παρελθεῖν
3361 601 3458 670 τήν
3489 601 3660 675 ζημίαν
3708 610 3780 674 ζη.

2215 689 2492 762 μιώσασαν
2524 685 2693 762 ἡμᾶς’.
2726 684 2802 744 ἔτι
2837 689 3004 758 αὐτῆς
3067 689 3428 762 μεμνημένοι,
3483 693 3660 763 ζημίαν
3707 696 3782 748 αὖ·

2208 780 2307 848 τήν
2345 777 2643 852 καλοῦμεν.
2675 779 2818 854 ’Όρα
2843 777 2943 853 γὰρ
3001 783 3120 841 πῶς
3163 777 3420 856 ἀσφαλῶς
3449 779 3600 847 εἶπεν,
3624 782 3783 856 Ἡγοῦ-

2213 889 2310 942 μαι
2342 867 2501 923 αὐτὸν
2529 866 2750 940 ζημίαν,
2787 864 2875 922 διὰ
2919 867 2984 922 τὸ
3041 863 3385 942 ὑπερϐάλλον
3438 875 3534 940 τῆς
3583 869 3784 947 γνώσεως

2208 961 2306 1012 τοῦ
2338 958 2594 1034 Χριστοῦ,
2637 957 2764 1012 ὡσεὶ
2797 957 2936 1025 εἶπε,
2971 956 3135 1012 Φύσει
3197 957 3294 1029 μὶν
3351 957 3448 1013 οὐκ
3501 953 3603 1014 ἔστι
3637 959 3784 1032 ζημία,

2212 1043 2340 1102 ἀλλ’
2369 1043 2558 1114 ἐπειδὴ
2593 1043 2752 1114 δῆθεν
2783 1044 3070 1124 φυλάττων
3127 1045 3286 1101 αὐτὸν
3340 1045 3437 1102 οὐκ
3489 1045 3788 1122 ἰπεγίνωσκον

2207 1135 2300 1190 τὸν
2331 1135 2584 1210 Χριστὸν,
2625 1135 2701 1197 εἰς
2743 1135 2944 1208 ζημίαν
3003 1156 3096 1208 μοι
3150 1133 3381 1210 ἐγένετο,
3440 1158 3469 1188 (ι
3523 1134 3679 1193 Ἀλλά
3724 1139 3793 1208 μὲν

2210 1223 2303 1279 οῦν
2337 1223 2428 1278 καὶ
2484 1226 2752 1300 ἡγοῦμαι.
2809 1247 2838 1276 »
2893 1221 3115 1294 Ἐπειδὴ
3163 1226 3248 1294 τὸ,
3300 1227 3562 1300 Ἥγημαι,
3601 1223 3792 1299 παρελη,

2211 1313 2444 1375 λυθὸτος
2501 1311 2708 1392 χρόνου
2765 1309 2999 1390 ἔμφασιν
3051 1311 3188 1388 εἶχε,
3243 1314 3377 1392 φησὶ
3433 1315 3552 1371 Ὅτι
3600 1314 3676 1369 καὶ
3728 1319 3796 1368 νῦν

2211 1403 2475 1475 ἡγοῦμαι.
2512 1401 2608 1456 Καὶ
2637 1401 2939 1480 γὰρ,ιρησῖ,
2999 1399 3174 1456 πολύν
3233 1423 3301 1474 με
3353 1403 3550 1478 χρόνον
3579 1401 3799 1476 ἐζημίωσε

2209 1495 2306 1546 τοῦ
2336 1493 2592 1566 Χριστοῦ,
2625 1491 2686 1547 οὐ
2717 1490 2862 1565 παρᾶ
2904 1493 3002 1560 τῆν
3039 1489 3262 1562 οἶκείαν,
3321 1493 3396 1554 ὡς
3453 1489 3514 1546 ἄν
3574 1512 3648 1554 τις
3672 1491 3798 1550 εἴποι,

2212 1581 2457 1652 θέλησιν,
2481 1578 2627 1637 ἀλλὰ
2676 1579 2823 1655 παρὰ
2867 1581 2966 1649 τὴν
3024 1579 3162 1652 ἐμὴν
3213 1581 3350 1654 πρὸς
3405 1581 3564 1636 αὐτὸν
3615 1579 3668 1636 οῦ
3713 1569 3801 1634 κατ’

2211 1668 2501 1746 ἐπίγνωσιν
2534 1671 2739 1744 σχέσιν.
2779 1691 2801 1719 c
2864 1670 3042 1725 Πάντα
3099 1671 3302 1743 ζημίαν
3357 1672 3517 1726 εἶναι.
3551 1695 3578 1721 n
3627 1668 3800 1744 Είγᾶρ,

2212 1759 2396 1832 φησὶν,
2439 1759 2826 1832 ἁντιπαραθείη
2885 1779 2969 1821 τις
3009 1761 3110 1829 τὴν
3156 1763 3254 1814 τοῦ
3311 1759 3488 1832 νόμου
3543 1759 3804 1831 σωματικὴν

2211 1847 2610 1928 παραφυλακὴν
2643 1849 2776 1922 πρὸς
2813 1849 2914 1918 τήν
2952 1853 3050 1904 τοῦ
3103 1850 3338 1923 Χριστοῦ
3403 1854 3618 1925 γνῶσιν,
3649 1847 3804 1920 ζημίαν

2214 1939 2431 2013 εὑρήσει
2463 1939 2554 1994 τὸν
2601 1938 2793 2010 νόμον.
2853 1937 3096 2008 Τοσαύτη
3157 1935 3393 2015 διαιρορᾶ
3445 1945 3546 2006 τῆς
3595 1939 3806 2012 Χριστοῦ,

2214 2026 2368 2105 φησὶ,
2395 2029 2666 2102 γνώσεως,
2702 2051 2730 2079 «
2756 2027 2836 2082 Δι’
2866 2025 2924 2080 ὅν
2981 2027 3049 2079 τὰ
3103 2027 3272 2080 πάντα
3319 2026 3651 2101 ἐζημιώθην.
3681 2049 3705 2077 ιο
3753 2023 3808 2082 Οὐ

2219 2116 2384 2189 μόνον
2417 2118 2585 2189 νόμον
2619 2116 2790 2179 ἒακὼς
2822 2115 2898 2178 εἷς
2926 2118 2988 2170 τὸ
3025 2117 3099 2188 μὴ
3133 2121 3467 2190 σωματικῶς
3490 2115 3642 2170 αὐτὸν
3669 2114 3742 2168 καὶ
3763 2113 3812 2166 τὰ

2217 2205 2269 2262 ἐν
2304 2206 2452 2278 αὐτῷ
2483 2213 2692 2278 τηρεῖν,
2731 2204 2878 2261 ἀλλὰ
2909 2205 3000 2259 καὶ
3021 2205 3196 2260 πάντα
3227 2205 3294 2260 τὰ
3324 2203 3378 2259 ἓν
3409 2209 3490 2278 τῷ
3519 2204 3712 2276 κόσμῳ.
3755 2201 3814 2259 Τὸ

2214 2296 2314 2373 γὰρ
2348 2295 2720 2368 Ἢζημιὼθην,
2753 2297 2866 2350 οἷον
2901 2291 3050 2350 εἶάσα
3095 2295 3216 2348 καῖ’
3246 2294 3620 2369 ἀπεστερήθην
3652 2291 3816 2358 αὐτῶν,

2219 2412 2244 2438 ‹‹
2281 2387 2372 2454 Μὴ
2408 2385 2550 2460 ἔχων
2583 2383 2720 2457 ἐμὴν
2782 2381 3154 2453 δικαιοσῦνην,
3213 2406 3240 2434 ››
3298 2383 3498 2456 Ἐμὴν,
3557 2381 3696 2460 φησί,
3741 2381 3818 2448 τῆν

2219 2479 2334 2531 οἷον
2365 2473 2414 2546 ἐξ
2447 2469 2622 2550 ἔργων
2655 2472 2802 2547 ἒμῶν
2835 2475 2924 2528 καὶ
2956 2474 3136 2528 πόνων
3162 2477 3272 2528 τῶν
3301 2470 3637 2546 meum.
3667 2471 3720 2524 Ἦ
3739 2471 3816 2544 γᾶρ

2214 2565 2463 2634 τοιαῦτη,
2497 2564 2682 2642 φησῖν.
2719 2560 2842 2620 οὐδέ
2882 2559 2994 2618 ἔστι
3024 2562 3229 2637 κυρίως
3277 2559 3616 2632 δικαιοσύνη.
3647 2559 3722 2633 (Τί
3742 2559 3819 2632 γὰρ

2216 2655 2306 2710 καὶ
2339 2657 2555 2725 ποιησει
2587 2655 2869 2728 ἅνθρωπος
2893 2656 2932 2724 ;)
2980 2649 3108 2706 ἁλλ’
3139 2653 3172 2720 ἡ
3232 2649 3324 2706 διὰ
3387 2651 3610 2726 χάριτος
3647 2649 3724 2703 καὶ
3748 2647 3818 2701 πί-

2218 2766 2382 2807 στεως
2416 2747 2671 2818 Χριστοῦ,
2703 2739 2814 2798 ἔστι
2839 2741 3042 2816 κυρίως
3074 2738 3412 2810 δικαιοσύνη.
3447 2739 3512 2796 Εἰ
3543 2739 3629 2794 οῦν
3656 2739 3680 2792 ὁ
3705 2731 3816 2814 ἔχων

2216 2833 2267 2905 ἐξ
2307 2829 2480 2910 ἔργων
2515 2830 2884 2901 δικαιοσύνην,
2916 2826 3261 2904 προσέδραμε
3290 2833 3359 2902 τῇ
3413 2827 3476 2884 ἐκ
3518 2829 3727 2886 πίστεως
3745 2822 3814 2876 ἵνα

2217 2929 2388 2996 σωθῇ,
2423 2924 2450 2979 ὁ
2485 2920 2625 2996 μηδὲ
2653 2915 2797 2996 ἔχων
2829 2921 2916 2976 καὶ
2954 2920 3030 2992 μή
3066 2915 3450 2992 προστρέχων,
3494 2917 3548 2973 τί
3577 2915 3812 2978 πείσετειες

453 3020 618 3074 ribus
648 3026 705 3075 et
735 3021 1370 3093 laboribus.Siquidem
1396 3003 1533 3080 talis
1551 3040 1746 3096 neque
1777 3003 2264 3096 propriejustitia
2295 3020 2402 3072 est.
2434 3012 2630 3084 inquit
2685 3013 2846 3081 (nam
2907 3009 3048 3082 quid
3081 3014 3272 3080 potest
3303 3009 3491 3064 homo
3537 3007 3742 3096 efficere
3759 3003 3816 3069 Τ).

454 3109 558 3164 sed
583 3126 686 3180 per
730 3109 977 3181 gratiam
1037 3118 1094 3165 et
1153 3111 1330 3167 fidem
1390 3113 1605 3168 Christi
1647 3093 1737 3168 est
1777 3093 2304 3185 Vproprierjustitia
2385 3102 2439 3156 Si
2501 3117 2637 3171 ergo
2688 3099 2787 3170 qui
2845 3099 3024 3154 habet
3079 3114 3148 3152 ex
3202 3097 3490 3169 operibus
3538 3093 3812 3169 justitiam:

455 3199 528 3254 ad
561 3215 629 3253 ea
653 3215 784 3269 quas
816 3217 884 3254 ex
910 3200 1022 3254 ﬁde
1045 3206 1135 3254 est
1159 3202 1507 3257 accurrebat
1538 3208 1602 3258 ut
1641 3205 1838 3258 salvus
1867 3201 2054 3267 fieret,
2089 3196 2188 3269 qui
2221 3209 2414 3264 neque
2445 3189 2702 3246 accurrit
2730 3188 3013 3260 quidnam
3041 3187 3298 3258 patietur
3323 3186 3352 3240 ‘2

528 3289 622 3344 91
684 3289 778 3351 ΙΙΙ,
817 3291 962 3343 9-14.
997 3292 1124 3356 Quae
1147 3297 1223 3344 est
1266 3308 1336 3345 ea:
1362 3293 1711 3361 Deojustitia
1731 3294 1797 3347 ob
1825 3291 1988 3360 fidem
2019 3305 2111 3344 co-
2146 3289 2188 3352 C

458 3380 738 3448 gnoscenti
768 3379 1037 3446 ipsum,ct
1058 3380 1370 3447 potentiam
1402 3384 1820 3436 resurrectionis
1850 3381 2022 3448 illius,
2062 3386 2114 3433 ct

463 3469 899 3524 communionem
957 3471 1330 3537 afﬂictionum
1383 3474 1602 3541 ipsius:
1633 3473 1764 3526 dum
1812 3474 2114 3539 conformis

459 3560 529 3626 ﬁo
559 3557 725 3610 morti
772 3557 890 3626 ejus
945 3559 993 3610 si
1022 3571 1130 3626 quo
1175 3559 1336 3612 modo
1375 3561 1689 3629 pertingam
1737 3560 1812 3614 ad
1837 3576 2114 3614 resurrec-

466 3648 700 3702 ctionem
726 3650 1086 3700 mortuorum.
1115 3646 1230 3701 Non
1249 3647 1398 3716 quod
1431 3648 1553 3718 jam
1567 3649 1692 3719 jam
1737 3648 2114 3719 apprehende-

465 3739 576 3790 rim
609 3741 706 3789 aut
747 3734 871 3804 jam
915 3741 1163 3790 mortuus
1193 3736 1296 3791 sim
1329 3754 1340 3791 :
1403 3738 1498 3793 sed
1524 3743 1716 3804 sector,
1739 3739 1786 3793 si
1815 3737 1987 3792 etiam
2012 3754 2116 3808 ap-

458 3825 801 3898 prehendam
861 3829 920 3880 in
981 3825 1064 3880 his
1117 3827 1182 3882 ob
1230 3843 1352 3897 qua:
1399 3834 1450 3884 et
1505 3829 1873 3900 apprehensus
1927 3845 2046 3884 sum
2083 3845 2118 3883 a

471 3915 686 3969 Christo
715 3916 860 3970 Jesu.
894 3917 1139 3981 Fratres,
1173 3933 1272 3985 ego
1302 3920 1566 3987 meipsum
1605 3919 1848 3974 nondum
1877 3919 2118 3974 arbitror

469 4011 774 4059 assecutum
831 4020 958 4058 esse.
1017 4006 1192 4060 Unum
1247 4013 1448 4076 autem,
1511 4025 1576 4062 ea
1624 4010 1845 4078 quidem
1913 4024 2034 4079 qua:
2085 4024 2120 4063 a

471 4101 622 4160 tergo
679 4098 803 4146 sunt
836 4093 1178 4162 Oblivisceris,
1228 4095 1302 4148 ad
1357 4111 1419 4150 ea
1445 4111 1574 4166 quae
1603 4113 1634 4150 a
1663 4100 1847 4164 fronte
1875 4103 2000 4150 sunt
2029 4113 2120 4150 c.23-

474 4184 689 4247 temtor,
733 4184 906 4254 juxta
960 4189 1256 4254 praefixum
1307 4185 1528 4254 signum
1592 4189 1868 4258 insequor,
1900 4188 1973 4241 ad
1992 4187 2116 4257 pal-

473 4289 620 4327 mam
649 4289 898 4344 supemze
928 4277 1231 4330 vocationis
1260 4277 1362 4330 Dei
1394 4294 1500 4346 per
1537 4277 1814 4334 Christum
1842 4279 2045 4334 Iesum.

545 4363 720 4427 «Quae
741 4369 832 4417 est
847 4379 912 4417 ex
930 4364 1046 4418 Deo
1065 4364 1320 4434 justitia.
1335 4367 1505 4420 nNam
1523 4383 1654 4436 qum
1671 4373 1838 4422 estex
1857 4367 1971 4422 fide
1985 4367 2120 4421 Chri

474 4450 644 4511 sti.ex
665 4453 778 4506 Deo
793 4457 901 4507 est.
931 4468 1051 4506 non
1085 4469 1152 4507 ex
1174 4452 1356 4524 lege.«
1385 4453 1467 4508 Οἱ)
1489 4454 1665 4509 [idem
1697 4457 2001 4521 »Justitia,
2028 4457 2122 4510 in-

473 4539 571 4610 qui
585 4547 759 4611 t,qua3
773 4545 860 4594 est
873 4541 1163 4607 exDeo,oh
1180 4541 1352 4596 [idem
1367 4549 1534 4598 estex
1550 4544 1905 4615 praecedenti
1925 4544 2125 4600 volun-

2298 3282 2413 3348 Τἡν
2448 3277 2507 3333 ἐκ
2537 3279 2672 3331 Θεοῦ
2701 3273 3053 3344 δικαιοσ·3νην
3109 3271 3197 3328 ἐπὶ
3249 3275 3317 3346 τῇ
3373 3275 3554 3328 πίστει
3604 3273 3692 3325 τοῦ
3712 3269 3822 3342 γνῶ-

2224 3391 2310 3424 ναι
2412 3366 2608 3434 αὐτὸν,
2685 3363 2778 3419 καὶ
2851 3365 2950 3433 τήν
3047 3359 3272 3436 δύναμιν
3360 3368 3472 3430 τῆς
3541 3357 3828 3415 ἀναστάσεως

2223 3459 2412 3526 αὐτοῦ,
2473 3455 2565 3512 καὶ
2620 3457 2720 3526 τὴν
2775 3453 3061 3509 κοινωνίαν
3122 3457 3230 3507 τῶν
3287 3451 3628 3525 παθημάτων
3678 3446 3825 3512 αὐτοῦ,

2223 3546 2722 3625 συμμορφοῦμενος
2788 3549 2869 3616 τῷ
2943 3543 3156 3615 θανάτῳ
3213 3541 3404 3611 αὐτοῦ,
3465 3539 3520 3596 εἷ’
3566 3559 3676 3601 πως
3730 3553 3824 3591 κατ-

2222 3623 2576 3708 αντήσω-είς
2655 3636 2754 3702 τὴν
2843 3632 3178 3703 ἐξανάστασιν
3234 3635 3346 3686 τῶν
3421 3633 3624 3704 νεκρῶν
3657 3649 3669 3663 ·
3733 3623 3828 3694 Οὐχ

2224 3727 2306 3782 ὅτι
2333 3723 2436 3796 ἤδη
2486 3717 2682 3780 ἔλαϐον
2712 3723 2746 3791 ἢ
2801 3717 2910 3792 ἤδη
2949 3719 3268 3792 τελείωμαι.
3325 3719 3525 3773 Διώκω
3583 3713 3640 3773 δὲ
3685 3712 3724 3769 εί
3761 3709 3825 3765 καῖ

2224 3808 2544 3883 καταλάϐω,
2584 3811 2738 3890 ἐφἰἷ)
2793 3810 2884 3865 καὶ
2943 3807 3294 3885 κατελήφθην
3348 3807 3452 3862 ὑπὸ
3484 3811 3583 3862 τοῦ
3638 3801 3824 3878 Χριστῡῦ

2225 3905 2428 3976 Ἰησοῦ.
2466 3899 2751 3974 Ἀδελιοοέ,
2782 3899 2886 3976 ἐγὼ
2917 3898 3150 3972 ἐμαυτὸν
3172 3895 3325 3952 οὔπω
3360 3894 3660 3971 λογίζομαι
3683 3908 3824 3946 κατει-

2227 3995 2481 4073 ληφέναι.
2511 3995 2608 4048 Ἓν
2644 3988 2724 4058 δὲ,
2755 3990 2822 4045 τὰ
2855 3991 2948 4063 μὲν
2992 3987 3169 4044 ὀπίσω
3197 3984 3704 4078 ἐπιλανθανόμενος,
3737 3979 3827 4078 epis

2228 4065 2297 4142 δὲ
2317 4065 2618 4156 ἔμπροσθεν
2649 4079 3113 4151 ἐπεκτεινόμενος,
3145 4075 3280 4132 κατὰ
3311 4077 3518 4131 σκοπὸν
3548 4071 3717 4130 διώκω
3762 4065 3828 4121 EE:-

2226 4175 2288 4229 τὸ
2325 4166 2576 4250 βραϐεῖον
2604 4176 2703 4240 τῆς
2736 4167 2846 4224 ἂνω
2893 4167 3145 4239 κλήσεως
3204 4170 3302 4222 τοῦ
3361 4167 3500 4220 Θεοῦ
3561 4161 3610 4218 ἐν
3655 4157 3828 4232 Χριστῷ

2230 4265 2430 4334 Ἰησοῦ.

2305 4396 2331 4422 ε(
2365 4372 2482 4439 Τὴν
2513 4368 2572 4424 ἐκ
2627 4371 2763 4425 Θεοῦ
2795 4364 3168 4435 δικαιοσύνην,
3209 4389 3228 4414 ιι
3263 4365 3324 4421 Ἡ
3367 4363 3472 4439 γὰρ
3513 4359 3601 4416 διὰ
3640 4358 3828 4412 πίστεως

2231 4463 2490 4534 Χριστοῦ,
2525 4457 2586 4512 ἐκ
2629 4459 2764 4512 Θεοῦ
2823 4455 2983 4522 ἐστιν,
3035 4452 3134 4508 οὐκ
3191 4450 3252 4508 ἐκ
3307 4451 3506 4524 νόμου.
3558 4473 3586 4501 ‹‹
3633 4445 3826 4540 Ἐπὶιτξ

2233 4527 2485 4604 πίστει.»
2543 4548 2702 4608 ’ἸΙτις
2761 4543 2820 4600 ἐκ
2878 4547 3032 4610 Θεοῦ,
3065 4541 3220 4612 ιοησὶ,
3269 4537 3612 4606 δικαιοσύνη,
3765 4527 3824 4582 33:-

477 4634 593 4684 tate
608 4629 1004 4702 cognoscendi
1018 4630 1209 4702 ipsum
1225 4675 1236 4696 ,
1255 4654 1281 4681 «
1304 4634 1443 4687 Nam
1460 4634 1560 4704 qui
1574 4633 1785 4689 Filium
1800 4635 2113 4708 cognoscit,

2227 4640 2403 4696 πίστει
2463 4635 2572 4692 ἐστὶ
2627 4634 2717 4690 καὶ
2775 4633 3084 4708 ἐρηρεισται
3143 4633 3242 4687 τοῦ
3295 4632 3496 4704 γνῶναι
3544 4615 3824 4714 mittiva

478 4717 654 4772 etiam
674 4719 910 4773 Patrem
932 4720 1314 4792 cognoscit,ei
1341 4738 1371 4777 e
1389 4721 1738 4778 ὠνεῖ-εον.»
1761 4755 1829 4763 -
1853 4745 1880 4774 ‹‹
1908 4727 1988 4778 Ac
2018 4740 2121 4794 po-

478 4807 724 4861 tentiam
739 4808 1192 4864 resurrectionis
1213 4809 1433 4865 illius.»
1457 4811 1575 4866 Nisi
1591 4815 1746 4866 enim
1773 4811 1920 4867 ﬁdes
1941 4811 2125 4868 mani~

476 4895 781 4950 festaverit
811 4897 1138 4967 potentiam
1169 4900 1644 4966 resurrectionis,
1675 4901 1806 4972 quis
1838 4917 2032 4956 sermo
2064 4899 2126 4955 id

477 4985 830 5056 prazstabit?
855 5008 882 5035 «
909 4987 978 5040 Et
1007 4987 1491 5044 communionem
1521 4989 1858 5045 afﬂictionis
1881 4990 2126 5061 ipsius.»

479 5075 783 5146 Siquidem
802 5075 960 5146 quod
992 5083 1261 5147 oporteat
1292 5079 1469 5134 etiam
1502 5081 1942 5136 communicare
1972 5081 2128 5136 affli-

476 5164 774 5220 ctionihUS
807 5165 1019 5219 Christi
1053 5185 1156 5237 per
1191 5167 1362 5223 fidem
1389 5174 1446 5224 et
1477 5169 1859 5242 cognovimus
1891 5177 1950 5226 et
1981 5188 2128 5242 pra:-

476 5260 724 5310 stamus.
750 5255 854 5320 Qui
883 5255 1040 5310 enim
1065 5273 1180 5310 non
1207 5258 1394 5312 credit
1429 5259 1587 5329 quud
1621 5260 1666 5313 is
1698 5261 1798 5331 qui
1845 5260 2128 5331 compati-

474 5348 572 5397 tur
605 5345 784 5400 eliam
805 5361 924 5400 una
957 5347 1227 5418 regnabit
1281 5365 1586 5419 nunquam
1607 5351 1862 5421 compali
1895 5351 2128 5422 poterit.

475 5453 501 5480 ι(
535 5433 687 5487 Dum
721 5435 1048 5490 conformis
1082 5437 1175 5495 tio.
1199 5459 1224 5485 ι»
1260 5437 1372 5492 hoc
1404 5444 1493 5492 est
1522 5439 2135 5504 assimilor.Queuiad-

475 5521 719 5578 modum
752 5527 916 5582 enim
946 5528 1071 5598 ipse
1121 5545 1226 5600 pro
1258 5529 1519 5602 peccatis
1550 5530 1881 5602 hominum,
1915 5531 2132 5604 inquit,

548 5692 590 5730 ³⁸
618 5697 782 5754 Joan.
817 5717 931 5768 xw,
964 5702 1016 5758 9.

2233 4730 2337 4806 γὰρ
2368 4727 2459 4783 τὸν
2491 4726 2613 4780 Υῖὸν
2661 4723 2968 4799 γινώσκων,
3026 4721 3282 4797 γινώσκει
3338 4719 3430 4774 τὸν
3491 4714 3708 4788 Πατέρα,
3757 4723 3822 4760 και

2233 4799 2492 4891 ἔμπαλιν.
2531 4841 2551 4869 ι
2597 4846 2666 4858 —-
2701 4835 2727 4865 ιι
2786 4812 2886 4869 Καὶ
2945 4812 3046 4880 τήν
3104 4806 3329 4882 δεναμιν
3383 4813 3484 4876 τῆς
3537 4799 3822 4858 ἀναστάσεως

2235 4889 2418 4965 αὖτοδ·
2450 4929 2477 4958 ”
2509 4903 2571 4962 Εἴ
2603 4904 2708 4981 γὰρ
2741 4903 2817 4974 μή
2850 4901 3031 4962 πίστις
3057 4901 3192 4972 ἡμῖν
3258 4894 3500 4984 δηλώσει
3528 4895 3626 4964 τήν
3647 4889 3820 4984 δύνει-μετ

2233 5003 2332 5066 τῆς
2388 4994 2749 5063 ἀναστάσεως,
2807 4996 2966 5054 ποῖος
3016 4990 3350 5061 παραστήσει
3407 4983 3623 5062 λόγος;
3675 5003 3702 5072 ι(
3751 4975 3822 5072 Kc:-

2233 5087 2335 5152 τήν
2357 5081 2639 5138 κοινωνίαν
2665 5085 2774 5136 τῶν
2815 5078 3152 5150 παθημάτων
3181 5075 3368 5132 αὐτοῦ.
3408 5101 3434 5124 ιι
3487 5071 3582 5127 Καῖ
3635 5068 3722 5142 γὲρ

2235 5171 2298 5226 τὸ
2339 5167 2446 5226 δεῖν
2477 5173 2756 5224 κοινωνεῖν
2789 5171 2896 5222 τῶν
2925 5166 3265 5238 παθημάτων
3314 5165 3412 5218 τοῦ
3469 5157 3715 5234 Χριστοῦ,
3763 5157 3824 5247 σιξ

2237 5263 2470 5322 πίστεως
2523 5257 2764 5332 ἔγνωμεν
2825 5277 2883 5312 τε
2937 5253 3029 5311 καὶ
3087 5251 3466 5324 ἐπιτελοῦμεν.
3523 5249 3584 5304 Ὁ
3634 5244 3721 5318 γάρ

2240 5351 2506 5406 πιστεῦων
2547 5349 2632 5405 ὅτι
2693 5348 3040 5420 συμπασχων
3095 5344 3182 5398 καὶ
3255 5335 3682 5415 συμϐασιλεῦσει,
3731 5340 3821 5438 οἷξε

2241 5461 2372 5496 ποτε
2391 5439 2689 5512 συμπείθοι.
2725 5463 2753 5490 ‹‹
2785 5434 3314 5514 Συμμοριροῦμενος.
3370 5456 3397 5482 »ι
3453 5428 3720 5514 Τουτὲστιν
3762 5413 3820 5514 ᾖξ’

2243 5503 2627 5607 ομοιούμενος.
2657 5551 2686 5580 »ι
2716 5503 2924 5602 ’Ὠσπερ
3126 5503 3306 5595 αὐτὸς,
3367 5519 3552 5597 φησὶν,
3599 5513 3714 5586 ὑπὲρ
3755 5503 3818 5557 ἀν’
