4072 6266
330 347 490 409 i305

1390 338 1800 402 CUMMENT.
1847 337 1926 397 IN
1973 335 2225 395 EPIST.
2271 334 2376 392 AD
2421 333 2712 394 PHlLlP.

3576 322 3732 382 1306

332 481 568 553 θρώπων
601 481 878 545 ἀπέθανεν,
939 477 1109 539 οὕτως
1167 475 1321 553 κάγὼ
1379 477 1511 548 ὑπὲρ
1570 470 1835 550 ὠφελείας
1891 468 1976 523 ἀν·

2092 475 2361 524 mortuus
2420 472 2545 522 est:
2606 466 2688 520 ita
2719 470 2776 519 et
2823 479 2927 535 ego
2967 478 3072 532 pro
3120 459 3432 513 hominum
3482 454 3740 509 utilitate

333 571 565 645 θρώπων
599 560 946 638 άποθντςσκω.
980 565 1150 624 Τοῦτο
1210 564 1267 621 δέ
1323 566 1454 632 ἐστι,
1509 565 1599 619 καὶ
1660 561 1790 636 ὑπὲρ
1849 563 1980 634 Χρι-

337 663 464 713 στοῦ
524 660 832 715 ἀποθανεῖν.
899 683 918 707 σ
955 657 1021 712 Εἳ
1083 678 1200 717 πως
1258 657 1596 725 καταντήσω.
1634 677 1660 704 ››
1727 651 1789 708 Εἳ
1845 669 1982 713 πως,

335 747 521 825 φησίν.
553 748 712 822 Ὁρᾷς
745 746 902 801 αὐτὸν
939 747 1072 818 μετὰ
1097 765 1333 800 τοσαυτα
1385 743 1462 798 ἔτι
1518 737 1984 819 ἀμφιϐάλλονταῖ

340 861 369 890 ιι
408 837 498 899 Εἷς
527 839 624 903 τὴν
658 836 998 909 ἐξανάστασιν
1057 840 1163 890 τῶν
1209 838 1425 907 νεκρῶν.
1465 856 1492 883 »
1539 834 1652 899 Τὴν
1694 830 1981 885 ἀνάστασιν

339 927 546 995 ἐκείνην
585 928 685 994 τὴν
717 923 953 995 ἔνδοξον,
985 926 1084 994 τὴν
1139 925 1272 998 πρὸς
1330 923 1487 978 αὐτὸν
1543 919 1801 995 ἄγουσαν,
1859 918 1980 992 περὶ

335 1015 404 1084 ἧς
433 1014 689 1090 ἀλλαχοῦ
720 1035 875 1092 φησι,
904 1037 930 1064 ι(
954 1013 1048 1069 Καὶ
1071 1013 1298 1066 πάντοτε
1324 1011 1415 1065 σὺν
1451 1009 1636 1083 Κυρίῳ
1667 1009 1917 1080 ὲσόμεθα.
1955 1027 1982 1055 »

336 1128 363 1154 «
392 1103 515 1178 Οὐχ
545 1103 625 1157 ὅτι
657 1100 766 1172 ἤδη
809 1097 1027 1159 ἔλαϐον.
1063 1125 1090 1153 ››
1153 1097 1371 1168 Ἐπειδὴ
1433 1101 1570 1166 εἷπε,
1621 1095 1986 1170 Συμμορφού-

341 1213 497 1264 μενος
523 1197 603 1264 τῷ
636 1191 847 1263 θανάτῳ
875 1194 974 1246 τοῦ
1005 1192 1262 1264 Χριστοῦ,
1303 1189 1438 1264 μέγα
1488 1185 1545 1242 δὲ
1589 1189 1656 1255 ἦν
1704 1187 1765 1239 τὸ
1811 1185 1982 1260 ῥῆμα,

334 1284 401 1337 οῦ
431 1282 592 1354 μόνον
627 1280 866 1353 ἠρκέσθη
898 1284 975 1350 τῷ
1007 1279 1199 1345 εἰπεῖν,
1266 1277 1330 1334 Ei.
1377 1299 1492 1340 πως
1543 1277 1860 1344 καταντήσω
1908 1274 1983 1334 εἰς

334 1373 436 1449 τήν
493 1370 861 1440 ἐξανάστασιν,
914 1368 1060 1423 ἀλλὰ
1118 1366 1206 1422 καὶ
1258 1367 1580 1443 σαφέστερον
1631 1365 1765 1436 ἡμῖν
1824 1359 1984 1417 ἐνδει-

336 1459 623 1532 κνύμενος,
656 1460 738 1514 ὃτι
784 1459 870 1513 καὶ
934 1456 1429 1532 συμμορφοῦμενος
1483 1458 1561 1525 τῷ
1619 1453 1831 1524 Θατάτῳ
1885 1455 1984 1506 τοῦ

333 1550 594 1622 Χριστοῦ,
628 1544 781 1602 οὔπω
813 1569 864 1602 τι
898 1543 1046 1615 ἅζιον
1075 1549 1223 1598 ποιεῖ
1268 1547 1364 1596 τοῦ
1431 1545 1661 1616 σταυροῦ
1705 1544 1801 1595 τοῦ
1851 1547 1980 1615 Χρι-

334 1641 485 1708 στοῦ,
517 1635 725 1710 ἐπάγει·
763 1635 884 1709 Οὐχ
911 1636 992 1690 ὅτι
1022 1631 1129 1702 ἤδη
1167 1628 1387 1699 ἔλαϐον,
1420 1630 1574 1709 φησὶ,
1607 1630 1667 1684 τὸ
1731 1624 1985 1703 βραϐεῖον

337 1725 426 1781 διά
479 1731 576 1780 τοῦ
631 1731 1106 1802 συμμοριξωθῆναι
1160 1727 1238 1794 τῷ
1296 1721 1508 1791 θανάτῳ
1573 1717 1669 1774 τοῦ
1727 1721 1982 1793 Χριστοῦ,

2093 561 2346 616 morior:
2378 560 2489 613 hoc
2521 563 2717 612 autem
2751 560 2840 608 est
2871 569 2975 624 pro
3008 551 3237 605 Christo
3272 547 3440 602 mori.
3475 567 3501 593 ‹‹
3533 544 3588 598 Si
3625 560 3741 613 quo

2095 655 2268 708 modo
2301 653 2652 724 pertingant.
2691 671 2716 697 ››
2749 647 2804 701 Si
2856 663 2970 716 quo
3003 643 3198 703 modo.
3248 641 3349 695 ait.
3387 637 3559 690 Vides
3599 653 3735 689 eum

2094 745 2226 811 post
2257 745 2418 792 tanta
2463 737 2656 791 adhuc
2695 729 3038 800 ambigere?
3073 753 3092 775 ι
3134 727 3210 780 Ad
3242 722 3738 779 resurrectionem

2095 836 2482 884 mortuorum.
2515 850 2533 873 ιι
2561 822 2886 880 Cloriosam
2910 820 3071 872 illam
3099 813 3593 870 resurrectionem
3612 826 3744 879 qua:

2094 919 2167 973 ad
2201 919 2395 988 ipsum
2426 915 2606 975 ducit,
2641 912 2712 966 de
2739 927 2855 980 qua
2885 907 3025 963 alibi
3051 905 3166 959 ait:
3199 930 3215 949 «
3257 905 3321 955 lit
3351 917 3586 970 semper
3608 914 3741 952 cum

2093 1007 2342 1062 Domino
2375 1004 2596 1058 erimus
2617 1003 2680 1054 ²².
2714 1022 2739 1050 ιι
2776 1031 2835 1040 --
2869 1021 2894 1046 ιι
2927 998 3051 1051 Non
3084 992 3241 1064 quod
3267 993 3390 1062 jam
3415 988 3744 1059 apprehen-

2094 1096 2300 1150 derim.
2336 1116 2362 1144 ››
2389 1093 2678 1158 Quoniam
2709 1088 2877 1153 dixit,
2911 1087 3060 1140 Dum
3092 1079 3417 1138 conformis
3461 1079 3536 1132 fio
3572 1076 3747 1130 morti

2097 1186 2225 1256 ejus
2255 1202 2267 1238 :
2303 1189 2429 1238 erat
2460 1188 2659 1236 autem
2701 1193 2980 1250 magnum
3011 1173 3290 1227 verbum:
3327 1185 3447 1223 non
3502 1170 3750 1222 conten-

2097 1253 2190 1330 tus
2222 1281 2311 1329 est
2341 1273 2533 1328 solum
2565 1270 2804 1325 dixisse.
2853 1266 2907 1320 Si
2941 1281 3056 1335 quo
3106 1261 3281 1316 modo
3311 1258 3643 1330 pertingam
3676 1253 3750 1308 ad

2095 1364 2632 1420 resurrectionem:
2683 1359 2786 1414 sed
2818 1357 2996 1412 etiam
3046 1351 3367 1408 ostendens
3414 1347 3587 1402 nobis
3627 1361 3747 1399 ma-

2095 1453 2368 1508 nifestius
2407 1451 2564 1522 quod
2607 1449 2656 1503 is
2687 1447 2786 1517 qui
2839 1445 3014 1499 etiam
3058 1439 3380 1495 conformis
3431 1441 3520 1490 est
3567 1432 3747 1487 morti

2095 1541 2307 1596 Christi
2354 1539 2619 1594 nondum
2642 1534 2865 1606 aliquid
2889 1533 3130 1598 dignum
3152 1528 3290 1582 facit
3309 1541 3480 1580 cruce
3505 1522 3744 1589 Christi,

2097 1629 2437 1701 subjungit:
2473 1629 2596 1681 Non
2629 1624 2785 1695 quod
2808 1624 2933 1693 jam
2969 1614 3466 1690 apprehenderim
3503 1627 3608 1667 seu
3649 1627 3750 1666 ac-

2096 1720 2380 1791 ceperim.
2408 1718 2622 1787 inquit,
2656 1714 2920 1769 bravium
2955 1727 3059 1781 per
3089 1709 3200 1762 hoc
3234 1704 3390 1775 quod
3429 1700 3752 1757 conformis

335 1813 373 1884 ἤ
406 1813 515 1885 ἤδη
550 1813 608 1868 ἐκ
638 1813 834 1869 τούτου
893 1811 1099 1873 τέλειὸς
1164 1810 1298 1882 ε”μι.
1356 1834 1383 1860 ‹‹
1447 1810 1638 1864 Διώκω
1679 1805 1737 1861 δέ
1790 1807 1839 1861 εἷ’
1893 1809 1979 1861 καὶ

2096 1810 2282 1864 factus
2307 1809 2414 1863 sim
2440 1808 2613 1862 morti
2633 1803 2870 1862 Christi,
2893 1801 2994 1855 98
3019 1799 3258 1868 autjam
3286 1811 3355 1848 ex
3378 1795 3490 1847 hoc
3512 1791 3751 1862 perfec-

332 1898 649 1958 καταλάϐω.
685 1926 716 1954 n
748 1903 941 1958 Διώκω
985 1900 1061 1969 δὲ,
1112 1900 1268 1978 φησὶ,
1327 1900 1389 1953 τὸ
1450 1893 1728 1972 βραϐεῖον,
1780 1896 1825 1951 εί
1885 1895 1986 1970 ἄρα

334 1987 630 2048 καταλάϐω
663 1991 816 2046 αὐτό.
852 1993 989 2066 Ὀρα
1021 1988 1076 2044 δὲ
1105 1990 1279 2058 πόσην
1310 1987 1538 2064 ἔμφασιν
1574 1985 1688 2061 ἔχει
1741 1987 1768 2040 ὁ
1817 1983 1984 2059 λόγος

331 2086 430 2136 τοῦ
472 2079 677 2146 διώκω,
711 2082 824 2148 καὶ,
860 2080 904 2134 εί
964 2073 1279 2134 καταλάϐω.
1341 2078 1396 2130 Ὀ
1452 2077 1554 2153 γάρ
1620 2073 1833 2130 διώκων
1896 2074 1985 2128 καὶ

333 2165 664 2242 ἀμφιϐόλως
697 2165 842 2244 ἔχων
874 2169 917 2224 εί
951 2168 1052 2242 ἆρὰ
1084 2162 1392 2240 καταλάϐῃ,
1445 2163 1621 2233 οὐδὲν,
1673 2163 1815 2219 ἄλλο
1863 2163 1984 2237 ὁρᾷ,

333 2257 494 2313 οὐδὲν
527 2256 667 2312 ἄλλο
728 2256 1024 2333 λογίζεται,
1135 2255 1411 2329 ἐπιτυχεῖν
1467 2258 1564 2309 τοῦ
1622 2249 1983 2324 διωκομένου.

334 2373 360 2401 ιι
399 2349 514 2424 Ἐφ’
544 2349 589 2419 ᾧ
619 2349 707 2402 καὶ
737 2346 1085 2424 κατεληφοην
1121 2346 1223 2399 ὑπὸ
1254 2347 1499 2418 Χριστοῦ
1531 2344 1734 2412 Ἰησοῦ,
1770 2366 1798 2391 υ
1819 2346 1987 2394 Τουτ-

331 2439 498 2499 έστιν,
531 2436 581 2490 ἐν
617 2439 663 2508 ᾦ
716 2437 997 2513 πράγματι
1061 2433 1514 2503 ὑποκατεληιεθην
1572 2433 1670 2487 ὑπὸ
1723 2435 1984 2504 Χριστοῦ,

335 2525 480 2594 ’Ἤδη
513 2525 618 2602 γάρ
652 2548 738 2601 με,
773 2527 927 2604 φησῖ,
959 2525 1227 2605 φεύγοντα
1273 2519 1558 2590 κατέλαϐε,
1615 2523 1705 2576 καὶ
1767 2524 1989 2576 πιστεῦ-

339 2617 776 2686 σαιπεποίηκεν.
830 2618 948 2690 Ἐφ’
1007 2615 1086 2675 οἷς
1145 2615 1235 2668 οὗν
1295 2611 1662 2688 κατελήφθην,
1722 2611 1833 2664 οἷον
1897 2609 1983 2664 ἐπὶ

336 2709 419 2776 τῷ
449 2706 698 2777 κηρῦξαι,
733 2704 821 2758 ἐπὶ
850 2726 930 2776 τῳ
1001 2705 1260 2778 βαστάσαι
1314 2703 1376 2756 τὸ
1436 2699 1612 2772 ὄνομα
1670 2699 1830 2754 αὐτοῦ
1887 2696 1982 2770 ἔμ-

338 2798 568 2869 προσθεν
605 2797 770 2850 ἐθνῶν
803 2794 890 2848 καὶ
948 2793 1234 2867 βασιλέων,
1289 2792 1332 2846 εἰ
1389 2786 1684 2846 καταλάϐω
1735 2794 1982 2851 τοιοῦτος

334 2886 577 2958 γενέσθαι
611 2886 728 2946 οἶος
761 2882 1084 2957 ἐπελέχθην.
1119 2883 1188 2938 ἸΙ
1237 2881 1317 2949 τὸ,
1379 2879 1459 2957 ἐφ’
1503 2879 1570 2950 ᾧ,
1618 2876 1802 2947 ἐπειδὴ
1849 2878 1980 2943 νόει,

339 2969 436 3026 ’ἶνα
467 2973 639 3034 οὕτως
772 2974 964 3027 Διώκω
1015 2969 1070 3026 δὲ
1127 2974 1172 3025 εί
1228 2963 1543 3037 καταλάϐω,
1601 2965 1788 3035 ἐπειδή
1837 2965 1985 3042 κάγὼ

340 3061 679 3138 κατελτίαθη,
715 3060 944 3138 ἀφειλήν
975 3060 1038 3115 τὸ
1064 3065 1290 3133 πρᾶγμα
1320 3058 1520 3132 λέγων.
1563 3081 1591 3109 ‹‹
1625 3057 1764 3132 Ἐγὼ
1818 3055 1984 3128 ἐμαυ-

337 3150 453 3206 τόν.
489 3174 515 3201 ι)
550 3151 696 3221 ’Λμα
728 3146 818 3203 διὰ
864 3153 960 3204 τοῦ
1016 3151 1134 3211 καθ’
1192 3149 1375 3203 ἑαυτὸν
1439 3143 1841 3222 ὑποδείγματος
1893 3142 1986 3198 κά-

332 3239 541 3300 κείνους
572 3235 837 3293 διδάσκων
901 3243 1326 3314 μετριοφρονεῖν,
1386 3237 1475 3290 καὶ
1537 3238 1610 3309 μὴ
1663 3236 1976 3312 φυσιοῦσθαι

332 3329 406 3390 ὡς
436 3325 857 3403 κατειληφότας.
892 3352 917 3378 ι(
955 3324 1116 3381 Οὔπω
1157 3324 1475 3403 λογίζομαι.
1507 3349 1534 3376 ››
1579 3325 1666 3388 Ὡς
1714 3324 1800 3379 ἐπὶ
1851 3320 1980 3398 δρο-

332 3418 476 3490 μέως
504 3417 570 3472 τά
603 3417 773 3472 πάντα
805 3413 976 3490 λέγει.
1010 3416 1077 3473 Τί
1109 3413 1166 3470 δέ
1206 3415 1268 3469 οὐ
1319 3414 1511 3490 λογίζῃ
1551 3412 1976 3483 κατειληφέναη

330 3508 423 3562 τὸν
468 3509 690 3577 σκοπὸν,
753 3508 940 3584 φησὶν,
994 3506 1074 3584 ἐφ’
1105 3505 1150 3579 ᾧ
1183 3504 1546 3578 ἀπέσταλμαι,
1585 3508 1648 3562 τὸ
1698 3505 1975 3583 βραϐεῖον,

325 3597 392 3651 τὸ
425 3597 552 3651 ετναι
585 3595 730 3666 ἃξιος
755 3603 856 3664 τῆς
888 3594 1218 3664 ἀποστολῆς.
1262 3596 1325 3653 Εἰ
1376 3593 1432 3650 δὲ
1487 3595 1699 3658 Παῦλος
1731 3600 1758 3652 ὁ
1788 3603 1975 3654 τοσοῦ-

328 3707 423 3746 τος
457 3688 530 3757 μὴ
562 3685 880 3763 κατείληφε,
914 3687 965 3738 τί
997 3687 1160 3757 ἡμεῖς
1193 3685 1418 3759 ἐροῦμεν
1449 3706 1462 3754 ;
1500 3689 1624 3747 HG);
1657 3687 1745 3741 οῦν
1804 3686 1976 3742 ἀλλα-

335 3780 440 3850 χοῦ
469 3796 623 3852 φηςι,
660 3798 687 3826 ι(
719 3776 820 3832 Τὸν
852 3775 1037 3846 ἀγῶνα
1095 3775 1429 3848 ἠγώνισμαι,
1485 3776 1576 3829 καὶ
1619 3776 1710 3830 τὸν
1771 3773 1978 3850 δρόμον

327 3866 582 3920 τετέλεκα
610 3884 623 3932 ;
655 3888 681 3917 η
717 3861 938 3932 Ἐπειδὴ
973 3865 1108 3937 πρὸς
1130 3869 1197 3936 τῇ
1229 3863 1479 3919 ἀναλύσει
1509 3865 1576 3930 ἧν
1622 3865 1764 3920 τότε.
1821 3889 1850 3916 ‹‹
1882 3866 1974 3919 Ἒν

329 3950 407 4008 δὲ,
447 3978 473 4003 ››
507 3956 602 4008 ’Ἐν
637 3950 693 4007 δὲ
751 3957 915 4020 ποιῶ,
975 3953 1130 4026 φησί,
1184 3951 1272 4006 καὶ
1325 3951 1439 4014 ένὸς
1496 3950 1721 4027 γίνομαι
1785 3953 1971 4023 μόνου.

330 4043 426 4110 Τὸ,
454 4044 550 4097 Ἓν
584 4039 658 4106 δὲ,
693 4042 728 4110 ἢ
760 4043 875 4095 κατ’
931 4036 1184 4114 ἔλλειψιν
1242 4039 1486 4114 εἰρῆσθαι
1543 4039 1849 4113 νομιστέον,
1902 4040 1976 4102 ὠς

333 4133 384 4186 0".
415 4131 522 4204 πρὸ
553 4133 714 4200 ἡμῶν
747 4129 1080 4209 ἐξειλῆφασι.
1107 4130 1208 4186 Καὶ
1237 4130 1337 4205 γάρ
1368 4130 1457 4185 καὶ
1509 4129 1558 4184 έν
1609 4151 1786 4203 τουτῳ
1835 4134 1976 4206 σχή-

337 4240 465 4292 ματι
498 4218 802 4287 πλεονάζει,
833 4218 922 4273 ’ἕνα
961 4217 1142 4291 λείπῃ,
1202 4217 1256 4273 ἓν
1309 4215 1367 4272 δὲ
1418 4219 1708 4298 φροντίζω,
1759 4195 1817 4274 ἓν

335 4310 476 4361 λετῶ
533 4306 625 4360 καὶ
687 4304 1050 4379 ὃιαμεριμνῶ.
1112 4309 1178 4362 Τί
1236 4312 1446 4377 τοῦτος
1505 4309 1571 4364 τά
1626 4310 1720 4378 μὲν
1777 4310 1974 4380 ὀπίσω,

330 4395 488 4469 φησέ,
528 4395 618 4449 καὶ
678 4395 821 4465 ἑξῆς.
883 4396 949 4450 Ἥ
1016 4396 1108 4450 οῦν
1163 4395 1334 4458 οὕτως
1390 4395 1976 4473 ἐκληπτέον,ἢὲτέρῳ

335 4482 549 4556 μᾶλλον
584 4485 906 4539 ὑποπίπτειν
941 4486 1190 4558 σχήματι
1229 4490 1309 4558 τῷ
1369 4486 1474 4540 ἀπὸ
1531 4491 1740 4542 κοινοῦ.
1799 4453 1978 4550 Πολὺς

2095 1905 2187 1952 tus
2215 1899 2345 1952 sim.
2382 1897 2547 1952 «Sed
2569 1900 2762 1949 sector
2784 1893 2832 1947 si
2857 1891 3034 1946 etiam
3066 1884 3532 1958 apprehendam.
3560 1902 3587 1930 »
3612 1883 3752 1934 Pro-

2092 2005 2309 2059 sequor
2339 1993 2558 2052 autem,
2587 1984 2800 2054 inquit,
2836 1981 3102 2035 bravium
3138 1977 3184 2030 si
3219 1977 3367 2029 forte
3414 1973 3610 2042 ipsum
3641 1986 3744 2039 ap-

2089 2077 2476 2151 prehendam.
2497 2074 2636 2128 Vide
2659 2079 2856 2128 autem
2881 2074 3163 2140 quantam
3187 2059 3745 2130 habeatemphasim

2088 2167 2247 2237 quod
2283 2167 2366 2220 ait
2394 2161 2598 2228 διώκω,
2623 2163 2684 2216 id
2709 2166 2817 2220 est,
2855 2167 3047 2213 sector
3077 2155 3197 2209 sive
3221 2166 3569 2223 prosequor,
3601 2155 3660 2201 et
3690 2146 3746 2202 Si

2088 2253 2553 2326 apprehendam.
2587 2251 2694 2315 Qui
2730 2249 2888 2303 enim
2933 2250 3213 2307 sectatur,
3253 2257 3388 2295 cum
3431 2246 3626 2292 tamen
3660 2236 3750 2290 in-

2085 2351 2280 2400 certus
2322 2344 2401 2398 sit
2452 2348 2795 2396 utrumnam
2854 2334 3395 2405 comprehensurus
3447 2329 3540 2391 sit,
3594 2325 3747 2379 nihil

2085 2434 2245 2489 aliud
2278 2434 2566 2494 intuetur,
2595 2427 2746 2483 nihil
2774 2425 2936 2480 aliud
2982 2422 3215 2491 cogitat,
3258 2418 3372 2472 nisi
3404 2415 3641 2484 assequi
3677 2413 3732 2466 id

2088 2524 2243 2594 quod
2280 2526 2556 2576 sectatur.
2609 2541 2635 2570 α
2684 2519 2746 2570 In
2795 2515 2887 2569 his
2918 2512 2991 2567 ob
3042 2527 3172 2581 qua)
3223 2515 3280 2562 et
3324 2505 3734 2576 apprehensus

2089 2629 2218 2667 sum
2249 2629 2284 2666 a
2313 2611 2542 2665 Christo
2574 2609 2730 2671 Jesu,
2767 2628 2794 2665 η
2823 2605 2941 2658 Hoc
2973 2607 3061 2654 est
3093 2599 3151 2652 in
3181 2614 3251 2652 ea
3280 2613 3342 2650 re
3374 2611 3491 2664 qua
3524 2607 3738 2663 appre-

2090 2702 2311 2757 hensus
2356 2716 2485 2754 sum
2527 2715 2561 2753 a
2604 2695 2873 2750 Christo:
2919 2692 3044 2761 jam
3077 2688 3238 2743 enim
3286 2685 3606 2756 fugientem
3640 2695 3734 2734 me

2089 2789 2558 2863 comprehendit,
2608 2793 2667 2841 et
2711 2785 2851 2839 fecit
2875 2787 2939 2836 ut
2983 2779 3307 2835 crederem.
3349 2777 3406 2828 In
3449 2775 3541 2827 his
3600 2787 3734 2842 ergo

2089 2883 2162 2938 ob
2191 2899 2320 2953 qum
2344 2879 2751 2951 apprehensus
2773 2891 2926 2939 sum,
2955 2887 3170 2940 nempe
3193 2867 3265 2922 ad
3288 2862 3736 2937 praedicandum

2090 2979 2147 3027 et
2175 2970 2522 3044 gestandum
2552 2982 2771 3020 nomen
2795 2963 2926 3034 ejus
2956 2975 3150 3015 coram
3190 2954 3462 3027 gentibus
3493 2957 3552 3005 et
3583 2950 3732 3021 regi-

2089 3062 2219 3126 bus,
2255 3077 2358 3132 ego
2392 3075 2564 3114 curro
2597 3055 2643 3109 si
2677 3071 2792 3125 quo
2826 3050 2999 3106 modo
3023 3043 3463 3118 apprehendam
3509 3046 3570 3094 ut
3601 3038 3735 3092 talis

2091 3152 2314 3206 efficiar
2343 3147 2556 3220 qualis,
2609 3151 2672 3199 ut
2720 3143 2922 3197 fierem
2971 3138 3194 3193 electus
3235 3150 3386 3189 sum.
3437 3134 3552 3184 Aut
3583 3126 3659 3203 ἐφ’
3691 3125 3736 3196 ᾧ

2089 3219 2487 3310 ἰηιθιιίςθίριό
2545 3227 3056 3299 Quandoquidem,
3118 3229 3183 3278 ut
3229 3221 3324 3275 hic
3377 3219 3454 3272 sit
3492 3229 3735 3271 sensus:

2086 3329 2197 3383 Sed
2229 3307 2421 3382 sector
2449 3325 2498 3379 si
2530 3319 2994 3393 apprehendam,
3021 3307 3504 3385 quandoquidem
3530 3319 3738 3374 appre-

2087 3420 2309 3474 hensus
2341 3432 2493 3481 sum,
2549 3413 2754 3468 dicens
2808 3425 2933 3463 rem
2986 3422 3118 3476 qua}
3168 3403 3229 3456 in
3279 3398 3500 3455 debito.
3558 3397 3736 3464 «Ego

2085 3509 2400 3579 meipsum.
2434 3526 2461 3554 ›ι
2491 3501 2676 3557 Simul
2718 3516 2821 3570 per
2853 3494 3192 3565 exemplum
3244 3488 3400 3560 quod
3433 3488 3589 3541 circa
3619 3483 3735 3536 sei-

2085 3573 2256 3669 psum
2292 3600 2437 3663 erat,
2464 3594 2636 3648 docet
2688 3590 2864 3644 etiam
2917 3587 3053 3638 illos
3096 3581 3364 3636 modeste
3415 3577 3486 3629 de.
3523 3573 3735 3643 seipsis

2087 3686 2326 3740 sentire.
2364 3689 2421 3735 et
2443 3697 2562 3734 non
2589 3681 2983 3732 intumescere
3033 3668 3201 3739 quasi
3244 3669 3369 3737 jam
3402 3663 3735 3733 apprehen-

2087 3773 2333 3826 dissent.
2361 3793 2386 3818 α
2424 3767 2692 3821 Nondum
2717 3763 2990 3818 arbitror.
3027 3779 3054 3807 »
3077 3759 3380 3824 Tanquam
3403 3751 3474 3804 de
3497 3763 3737 3804 cursore

2088 3859 2290 3913 omnia
2320 3856 2602 3926 loquitur.
2631 3852 2780 3916 Quid
2811 3855 2900 3904 est
2928 3853 3128 3903 autem
3161 3843 3317 3914 quod
3341 3857 3460 3895 non
3484 3837 3742 3893 arbitra-

2087 3948 2170 4001 ris
2199 3954 2256 4000 te
2287 3951 2622 4000 assecutum
2673 3956 2801 3996 esse
2825 3940 2852 3993 ?
2881 3939 3154 4007 Scopum,
3206 3931 3418 4001 inquit,
3469 3927 3735 3982 braviuni

2087 4053 2302 4108 proper
2332 4033 2490 4104 quod
2520 4032 2737 4087 missus
2769 4045 2898 4083 sum
2931 4032 2995 4080 ut
3025 4024 3237 4096 dignus
3279 4035 3470 4074 essem
3502 4021 3738 4087 aposto-

2087 4128 2230 4182 latu.
2257 4127 2436 4178 Porro
2463 4122 2508 4175 si
2528 4120 2766 4176 Paulus.
2793 4134 2924 4172 cum
2952 4121 3148 4170 tantus
3171 4116 3347 4176 esset,
3380 4125 3499 4162 non
3531 4120 3738 4175 appre-

2086 4214 2314 4281 hendit,
2340 4211 2482 4282 quid
2505 4227 2612 4264 nos
2632 4204 2943 4262 dicemus?
2968 4199 3270 4267 Quomodo
3294 4215 3426 4269 ergo
3449 4194 3590 4250 alibi
3617 4193 3701 4247 ait
3729 4209 3741 4248 :

2089 4331 2115 4357 ‹‹
2159 4307 2467 4358 Certamen
2510 4297 2824 4355 decertavi.
2859 4309 3098 4350 cursum
3149 4285 3552 4346 consummavi
3587 4282 3676 4336 23?
3706 4304 3733 4331 ››

2085 4395 2376 4462 Quoniam
2408 4399 2548 4446 tunc
2581 4385 2931 4444 resolutioni
2967 4382 3268 4454 proximus
3299 4383 3443 4432 erat.
3480 4396 3507 4424 ‹‹
3547 4375 3739 4428 Unum

2090 4491 2307 4542 autem.
2345 4506 2372 4532 ιι
2406 4483 2598 4538 Unum
2630 4483 2827 4533 autem
2860 4491 2990 4547 ago,
3021 4470 3237 4540 inquit,
3273 4473 3332 4521 et
3359 4466 3417 4520 in
3449 4479 3566 4518 uno
3597 4461 3743 4514 dun-

332 4575 437 4650 γάρ
470 4572 698 4629 ἐστικαὶ
731 4573 784 4627 ἐν
821 4573 998 4646 τοῦτῳ
1057 4575 1084 4628 ὁ
1142 4576 1284 4637 Θεῖος
1347 4574 1581 4646 Παῦλος,
1645 4579 1756 4632 Ἵνα
1813 4577 1849 4645 ἥ
1894 4582 1977 4650 τὸ,

2093 4581 2252 4632 taxat
2285 4580 2438 4629 totus
2471 4589 2621 4626 sum.
2656 4568 2820 4634 Quod
2871 4567 2982 4622 ait:
3017 4565 3210 4619 Unum
3251 4562 3470 4623 autem,
3505 4559 3606 4608 aut
3637 4567 3742 4621 per

335 4661 629 4737 λογίζομαι
662 4662 1040 4739 κατειληφίναι
1070 4662 1178 4717 ἀπὸ
1229 4668 1437 4718 κοινοῦ.
1490 4664 1617 4722 Οἶον
1650 4663 1801 4721 οὐδὲν
1831 4667 1989 4744 λογί-

333 4756 496 4824 ζομαι
556 4749 964 4828 κατειληφέναι,
1025 4751 1152 4806 ἀλλ’
1299 4750 1375 4807 ἓν.
1442 4760 1604 4808 Ποῖον
1659 4753 1714 4808 δέ
1763 4755 1906 4812 ἐστιν
1958 4761 1985 4814 ὃ

333 4839 626 4914 λογίζομαι
664 4838 1051 4919 κατειληφέναι
1081 4858 1095 4910 ;
1130 4839 1211 4894 ὅτι
1243 4842 1308 4896 τὰ
1345 4842 1438 4915 μὲν
1476 4841 1651 4898 ὀπίσω
1691 4842 1981 4902 ἐπιλανθα-

329 4930 583 5000 νόμενος,
651 4935 768 4990 τοῖς
827 4926 884 4984 δὲ
937 4924 1238 5003 ἔμπροσθεν
1326 4930 1790 5005 ἐπεκτεινόμενος,
1847 4938 1986 4992 κατά

335 5019 534 5072 σκοπὸν
569 5015 774 5086 διώκω,
808 5020 892 5073 καὶ
946 5019 1086 5088 ἑξῆς.
1155 5017 1302 5076 Ἔδει
1360 5021 1463 5096 γὰρ
1516 5022 1674 5076 αὐτὸν
1730 5023 1983 5096 κατειληα

332 5107 507 5186 φέναι,
541 5108 624 5164 δτι
655 5110 789 5162 κατὰ
821 5109 1023 5163 σκοπὸν
1065 5108 1272 5173 διώκει,
1331 5111 1418 5164 καθ
1479 5110 1577 5166 οἰκ
1633 5107 1772 5167 ἔστιν
1833 5115 1980 5169 αὐτῶ

340 5199 566 5268 μάταιος
601 5198 626 5251 ὁ
659 5195 880 5272 δρόμος.
929 5199 1021 5252 Διὸ
1053 5199 1139 5254 καί
1187 5197 1441 5275 ἀλλαχοῦ
1490 5221 1674 5280 φησιν·
1726 5228 1751 5252 ‹ι
1791 5203 1978 5265 Οὕτως

323 5289 529 5361 τρέχω,
583 5287 655 5348 ὡς
711 5286 810 5341 οὐκ
869 5285 1114 5358 ἀδήλως,
1177 5287 1352 5350 οὕτως
1412 5291 1680 5352 πυκτεύω,
1744 5293 1817 5352 ὡς
1875 5293 1977 5347 οὐκ

322 5377 454 5449 ἀέρα
511 5373 698 5448 δέρων.
764 5401 791 5425 ιι
851 5377 945 5430 Καὶ
1002 5376 1186 5432 πάλιν
1249 5402 1277 5432 σι
1334 5379 1518 5440 Οὕτως
1583 5381 1826 5454 τρέγετε,
1884 5382 1974 5436 ἳνα

321 5447 689 5535 καταλάϐητε.
727 5491 754 5518 η
814 5501 881 5509 -
941 5494 963 5516 ‹-
997 5463 1076 5524 Τά
1134 5469 1227 5542 μὲν
1297 5468 1494 5537 ὀπίσω,
1555 5447 1975 5545 ἐπιλανθανόμε-

397 5649 445 5682 ³⁸
475 5649 494 5706 ι
529 5648 728 5703 Thess.
766 5665 835 5714 ιν,
867 5652 950 5704 16.
1031 5649 1076 5684 ⁸³
1099 5651 1144 5703 ll
1179 5650 1324 5705 Tim.
1359 5668 1431 5719 ιν,
1467 5655 1517 5709 7.

2099 4666 2395 4722 defectum
2425 4658 2836 4732 accipiendum
2869 4660 2977 4720 est,
3035 4649 3213 4706 veluti
3263 4647 3520 4716 majores
3550 4641 3739 4696 nostri

2099 4757 2472 4826 acceperunt.
2510 4752 2650 4806 Nam
2685 4754 2743 4801 et
2772 4747 2830 4800 in
2865 4746 2975 4799 hoc
3007 4743 3306 4797 schemate
3328 4737 3608 4804 frequens
3631 4735 3740 4796 est,

2097 4851 2163 4899 ut
2188 4818 2342 4899 desit
2370 4844 2542 4906 Curo,
2594 4837 2885 4893 sollicitus
2915 4850 3067 4898 sum,
3118 4829 3290 4884 anxie
3318 4824 3528 4897 cogito.
3561 4818 3741 4886 Quid-

2096 4949 2232 4988 nam
2267 4931 2414 4986 illud
2445 4929 2580 4983 est?
2611 4929 2688 4980 Ea
2719 4925 2959 4997 quidem
2993 4938 3124 4992 quae
3158 4935 3192 4973 a
3225 4925 3383 4987 tergo
3434 4917 3595 4968 sunt.
3627 4915 3737 4963 etc.

2094 5026 2208 5077 Aut
2237 5022 2347 5075 hoc
2373 5035 2509 5090 ergo
2543 5016 2716 5071 modo
2767 5010 3178 5083 accipiendum
3220 5012 3344 5060 est:
3395 5008 3495 5058 aut
3545 4998 3740 5069 potius

2090 5113 2282 5176 aliter,
2311 5116 2377 5164 ut
2405 5109 2604 5180 figurm
2631 5103 2981 5172 subjiciatur
3002 5116 3132 5170 quae
3160 5093 3492 5167 appellatur
3514 5093 3557 5143 A
3585 5102 3742 5142 com-

2091 5201 2254 5256 muni
2288 5215 2465 5255 sensu
2497 5196 2781 5266 acceptio.
2829 5195 2969 5247 Nam
3008 5196 3064 5243 rt
3094 5189 3153 5241 in
3190 5187 3298 5239 hac
3345 5183 3624 5250 frequens
3656 5173 3746 5228 est

2087 5291 2252 5345 divus
2283 5288 2536 5343 Paulus:
2593 5291 2720 5338 uta
2750 5279 3044 5336 ccmmuni
3098 5291 3274 5330 sensu
3318 5276 3585 5325 sumatur
3623 5265 3739 5318 hic:

2087 5379 2358 5435 Arbitror
2404 5393 2496 5431 me
2547 5379 2882 5429 assecutum
2934 5385 3082 5424 esse.
3135 5363 3286 5419 Nihil
3339 5376 3432 5416 me
3489 5355 3744 5412 arbitror

2091 5476 2429 5528 assecutum
2463 5483 2593 5523 esse
2619 5469 2834 5537 printer
2864 5477 3041 5532 quam
3073 5472 3280 5513 unum.
3314 5450 3622 5517 Quodnam
3653 5447 3743 5501 est
