4072 6266
396 335 423 393 1
434 335 548 395 3οἹ

1509 326 1760 388 (ΕΟΟΜ
1774 325 1928 387 ΕΝιι
1972 326 2277 389 TRlGGIE
2317 327 2678 390 EPlSCOPI

3624 330 3759 390 1308

395 473 591 523 autem
623 465 781 537 quod
829 478 924 519 me
953 468 1289 518 assecutum
1321 478 1450 517 esse
1500 462 1773 518 existimo
1796 462 1824 516 ?
1880 461 2038 533 quod

2168 481 2265 524 ρος.
2301 465 2539 520 »Τοῦτο
2569 463 2672 540 γὰρ
2731 462 2891 517 αὐτὸν
2947 462 3116 518 ἐποίει
3172 467 3288 523 τοῖς
3343 460 3632 537 ἔμπροσθεν
3684 463 3761 519 ἐπ-

396 572 464 612 ea
494 572 625 627 quas
669 572 703 609 a
761 560 920 626 tergo
978 557 1115 608 sunt
1160 551 1539 615 obliviscens,
1601 551 1675 607 ad
1734 567 1804 607 ea
1849 568 1981 622 qua-
2010 569 2047 608 ο.

393 646 589 701 fronte
648 649 786 699 sunt
842 641 1147 706 exlendor,
1217 640 1387 712 juxta
1441 641 1748 712 prmﬁxum
1810 642 2044 707 signum

2155 552 2504 623 εκτείνεσθαι,
2556 553 2613 608 τὸ
2669 556 2780 608 τῶν
2840 549 3059 608 ὄπισθεν
3116 551 3547 616 ἐπιλανθάνεσθαι
3594 572 3766 628 κατορο

2158 644 2429 716 θωμείτων

394 734 699 804 insequor,
733 737 844 786 etc.
904 729 1225 801 Oportebat
1280 730 1439 783 enim
1492 729 1685 799 ipsum
1741 731 2268 801 comprehendisse
2307 734 2467 806 quod
2515 736 2691 808 juxta
2748 735 3060 808 praeﬁxum
3090 736 3323 808 signum
3355 736 3757 805 insequeretur.

396 839 469 878 ne
502 837 686 877 vanus
712 825 869 875 esset
899 820 950 874 ei
982 836 1209 875 cursus.
1243 819 1378 874 ldeo
1405 835 1641 889 quoque
1672 819 1815 874 alibi
1845 820 1964 876 ait:
1994 822 2097 876 θ,
2124 845 2151 873 ‹‹
2182 824 2276 880 Sic
2315 842 2511 893 curro,
2562 831 2629 881 ut
2655 842 2777 881 non
2810 826 2871 880 in
2901 825 3232 881 incertum:
3266 824 3350 881 sic
3377 825 3631 896 pugilem
3658 841 3769 897 ego,

399 929 518 968 non
550 911 707 966 velut
736 925 932 965 aerem
964 909 1186 963 feriens
1215 909 1279 962 ²⁴.
1314 930 1342 957 ››
1370 910 1744 979 Rursumque
1771 925 1786 963 :
1826 929 1848 957 ι
1883 910 1976 966 Sic
2003 913 2246 980 currite,
2296 919 2363 969 ut
2414 914 2935 986 comprehendatts
2974 914 3042 970 ³⁵.
3077 937 3105 963 ιο
3135 945 3204 954 -
3230 936 3258 961 ‹‹
3290 915 3369 969 Ea
3397 913 3633 984 quidem
3660 930 3770 983 qua

399 1018 433 1056 a
462 1007 623 1061 tergo
653 1004 795 1054 sunt
817 997 1192 1053 obliviscens.
1228 1019 1256 1048 ››
1291 999 1435 1052 Nam
1467 997 1527 1051 id
1558 1014 1695 1052 eum
1725 997 1980 1054 faciebat
2007 999 2081 1055 ad
2112 1017 2182 1057 ea
2210 1019 2341 1073 qua:
2371 1020 2408 1059 a
2435 1004 2629 1061 fronte
2660 1010 2832 1061 erant
2860 1004 3030 1073 eniti,
3063 1004 3111 1059 si
3144 1003 3608 1059 obliviscebatur
3636 1018 3775 1076 egre-

399 1091 628 1163 giorum
660 1088 988 1143 facinorum
1021 1103 1153 1157 quas
1184 1104 1218 1142 a
1248 1093 1409 1159 tergo
1440 1092 1628 1143 erant.

471 1179 568 1234 Ait
613 1183 847 1235 autem:
898 1177 985 1232 Ad
1015 1194 1085 1232 ea
1123 1193 1255 1247 qum
1285 1194 1320 1232 a
1361 1177 1555 1232 fronte
1596 1182 1737 1231 sunt
1764 1176 1939 1232 veluti
1972 1178 2048 1233 ad

396 1269 721 1340 repositum
751 1266 1043 1323 brevium.
1071 1266 1315 1337 Semper
1335 1267 1495 1321 enim
1525 1272 1662 1321 ante
1689 1282 1806 1335 me,
1829 1266 2044 1338 inquit,

396 1358 545 1414 illud
578 1358 929 1413 existimans
988 1363 1047 1411 et
1075 1356 1249 1427 longe
1277 1373 1312 1412 a
1362 1374 1457 1412 me
1488 1357 1715 1423 abesse,
1767 1373 1942 1413 curro
1971 1357 2048 1413 ad

397 1447 614 1518 ipsum.
649 1470 677 1497 ‹‹
711 1447 797 1501 Ad
829 1463 898 1502 ea
929 1463 1060 1517 qum
1090 1462 1125 1500 a
1147 1448 1337 1501 fronte
1358 1453 1496 1501 sunt
1516 1446 1819 1502 extendor.
1846 1469 1875 1497 »
1897 1447 2044 1502 Con-

397 1537 631 1591 tinuum
663 1552 901 1592 cursum
953 1535 1249 1608 significat
1294 1536 1473 1591 dictio
1523 1536 1838 1604 Extendor,
1888 1553 1955 1591 ac
1995 1536 2045 1591 si

397 1626 674 1682 dixisset:
710 1626 916 1681 Adhuc
948 1627 1007 1681 in
1043 1643 1218 1681 cursu
1269 1644 1425 1694 sum,
1460 1633 1743 1697 tanquam
1788 1627 2046 1683 distante

396 1716 570 1788 longe
592 1716 812 1771 bravio.
836 1716 943 1771 llle
964 1716 1260 1786 siquidem
1284 1717 1642 1782 extenditur,
1666 1717 1767 1788 qui
1790 1717 2043 1789 pedibus

2168 1710 2436 1792 βραϐείου.
2516 1718 2748 1780 Ἐκεῖνος
2817 1717 2920 1794 γὰρ
2994 1715 3372 1782 ἐπεκτείνεται,

398 1806 725 1861 etiamnum
774 1805 1171 1873 currentibus,
1196 1806 1320 1877 jam
1371 1821 1618 1877 corpore
1651 1806 1949 1876 prominet
1976 1805 2050 1861 ad

399 1912 665 1967 scopum,
697 1900 757 1948 et
785 1911 968 1966 penes
999 1894 1184 1950 ferme
1216 1896 1533 1950 antevertit
1553 1895 1941 1950 inclinatione
1964 1911 2053 1949 re-

404 1984 554 2056 liqui
580 1985 878 2056 corporis.‘
901 1986 1019 2039 Hoc
1049 1991 1248 2040 autem
1289 2002 1358 2039 ex
1385 2001 1599 2056 magna
1628 1985 1815 2039 animi
1846 2000 2050 2055 prom—

402 2074 700 2146 ptitudine
750 2079 809 2129 et
862 2072 1088 2127 fervore
1120 2073 1409 2145 provenit.
1458 2096 1485 2123 «
1522 2075 1694 2128 Juxta
1741 2072 2051 2143 praefixum

404 2164 638 2236 signum
663 2163 964 2233 insequor.
996 2185 1024 2213 ››
1050 2163 1212 2228 Quod
1258 2169 1347 2218 est
1376 2169 1572 2219 autem
1606 2163 1794 2235 ipsius
1842 2180 2052 2219 cursus

402 2251 711 2323 prmﬂxum
736 2249 970 2323 signum
994 2250 1022 2304 ‘i
1053 2252 1315 2323 Regnum
1347 2251 1653 2320 caelorum,
1687 2251 1846 2323 quod
1874 2253 2052 2307 etiam

402 2339 669 2395 bravium
701 2356 805 2394 seu
838 2339 1098 2411 palmam
1131 2345 1315 2395 vocat.
1349 2340 1624 2411 Seipsum
1678 2340 1833 2396 enim
1867 2342 2052 2396 inter-

403 2432 664 2498 pretans,
698 2424 861 2490 Quod
893 2432 1001 2493 est,
1035 2426 1137 2491 ait,
1162 2426 1469 2497 praefixum
1506 2427 1739 2499 signum
1764 2427 1888 2483 sive
1919 2443 2053 2482 sco-

404 2515 563 2587 pus?
610 2515 761 2586 Ipsa,
823 2516 1038 2587 inquit,
1102 2517 1302 2588 palma
1371 2534 1643 2589 superna)
1706 2518 2052 2574 vocationis.

409 2628 436 2656 «
470 2607 580 2660 Per
608 2605 904 2660 Christum
935 2607 1157 2661 Iesum.
1192 2628 1220 2656 »
1244 2608 1455 2663 Omnia
1484 2607 1716 2662 Christo
1763 2607 2052 2663 attribuit.

409 2693 711 2766 Siquidem
768 2712 873 2766 per
926 2695 1242 2759 Christum,
1301 2697 1404 2764 ait,
1461 2713 1656 2752 curro.
1723 2700 1869 2753 Nam
1926 2698 2055 2754 sine

409 2784 638 2838 Christo
671 2784 974 2855 ipsiusque
1006 2785 1226 2840 auxilio
1252 2802 1372 2840 non
1405 2785 1648 2841 daretur
1670 2787 1829 2843 hunc
1868 2785 2052 2859 perfi-

405 2889 539 2928 cere
580 2889 842 2943 cursum,
876 2874 1054 2930 etiam
1088 2874 1135 2928 si
1164 2874 1473 2930 vellemus.

478 2963 575 3029 Ill,
612 2965 813 3031 15,16.
866 2965 1142 3034 Quotquot
1185 2967 1374 3036 itaque
1419 2967 1652 3037 perfecti
1690 2981 1893 3035 sumus,
1953 2966 2054 3022 hoc

404 3052 737 3108 sentiamus:
771 3060 823 3107 et
852 3055 899 3107 si
927 3054 1066 3124 quid
1093 3054 1258 3109 aliter
1294 3057 1530 3123 sensitis,
1564 3056 1665 3110 hoc
1710 3072 1927 3126 quoque
1954 3073 2051 3111 vo-
2088 3085 2132 3151 Ο

406 3141 486 3196 bis
515 3142 652 3197 Deus
682 3142 960 3197 reuelabit.
1008 3144 1271 3198 Attamen
1308 3143 1382 3198 ad
1411 3144 1471 3197 id
1514 3143 1664 3214 quod
1691 3146 1924 3200 assecuti
1947 3159 2048 3199 su-

406 3247 524 3286 mus
552 3232 741 3286 eadem
760 3232 1123 3301 persistamus
1145 3233 1361 3301 regula,
1388 3233 1532 3287 idem
1560 3235 1875 3289 sentiamus.

482 3343 508 3369 ‹‹
545 3321 661 3375 Hoc
686 3320 1032 3375 sentiamus.
1069 3342 1096 3370 ››
1120 3321 1415 3386 Quidnam
1436 3321 1465 3375 ‘I
1493 3321 1657 3387 Quod
1686 3327 1959 3393 oporteat
1989 3337 2059 3377 ea

411 3408 651 3479 quidem
684 3426 815 3479 quas
847 3425 879 3463 a
911 3415 1071 3477 tergo
1095 3415 1230 3463 sunt
1253 3409 1542 3476 oblivisci,
1577 3410 1652 3465 ad
1678 3427 1748 3466 ea
1765 3428 1901 3466 vero
1924 3428 2056 3481 quea

409 3513 443 3553 a
473 3496 666 3551 fronte
698 3502 838 3551 sunt
873 3496 1128 3551 extendi.
1179 3496 1326 3551 Nam
1360 3498 1471 3552 hoc
1517 3498 1809 3569 perfectos
1841 3499 2055 3562 reddit,

407 3586 665 3658 cogitare
697 3586 851 3656 quod
884 3584 1133 3640 absinta
1162 3585 1380 3656 palma.
1420 3608 1441 3637 ι
1476 3588 1546 3641 Et
1574 3586 1623 3641 si
1647 3586 1789 3658 quid
1812 3587 2003 3642 aliter.
2026 3608 2055 3638 »

407 3675 463 3731 Si
497 3674 638 3745 quid
672 3674 787 3729 alio
838 3674 1013 3730 modo
1061 3675 1318 3730 assecuti
1371 3676 1537 3743 estis,
1588 3680 1867 3747 putantes
1897 3674 2058 3746 quod

405 3780 524 3820 non
557 3763 764 3819 absitis
793 3780 829 3819 a
864 3763 1082 3835 palma,
1119 3764 1222 3819 sed
1246 3764 1411 3820 illam
1435 3766 1691 3820 assecuti
1723 3765 1874 3834 sitis,
1905 3766 2058 3821 Deus

406 3853 571 3909 vobis
602 3852 888 3908 revelabit
916 3852 1072 3924 quod
1106 3869 1227 3908 non
1259 3861 1416 3910 recte
1467 3855 1577 3910 hoc
1626 3854 1917 3911 sentiatis.
1949 3855 2058 3920 Qui

411 3943 567 3998 enim
619 3942 701 3996 ita
732 3942 932 4008 sentit,
983 3941 1241 3996 efficitur
1278 3943 1531 4016 segnior.
1565 3944 1661 3997 Ait
1689 3950 1908 4008 autem,
1943 3944 2061 3999 Hoc

412 4048 668 4105 quoque,
702 4031 1203 4102 quemadmodum
1252 4038 1310 4087 et
1334 4034 1452 4088 alia
1493 4033 1713 4090 omnia.
1756 4033 2060 4106 Siquidem

410 4120 712 4193 propriam
745 4119 1075 4175 doctrinam
1096 4121 1213 4175 Deo
1240 4120 1527 4175 attribuit.
1550 4143 1578 4172 «ι
1601 4124 1877 4176 Attamen
1900 4120 1969 4176 ad
2002 4121 2063 4176 id

415 4209 572 4281 quod
604 4209 857 4264 assecuti
888 4225 1112 4264 sumus.
1149 4230 1177 4259 »
1209 4210 1453 4265 Interim
1484 4216 1683 4265 autem
1715 4210 1858 4265 dum
1890 4208 2060 4277 illud,

416 4298 632 4369 inquit,
664 4299 818 4354 Deus
848 4298 1087 4365 revelat,
1113 4298 1172 4352 in
1203 4314 1486 4354 mensura
1507 4304 1732 4355 stemus
1763 4315 1830 4354 ac
1862 4298 2066 4371 regula

2227 1181 2569 1257 Ἐμπροσθεν
2614 1179 2694 1251 δέ,
2753 1202 2943 1259 φησιν,
3003 1182 3078 1243 ὡς
3136 1180 3271 1255 πρὸς
3327 1181 3389 1235 τὸ
3448 1179 3778 1252 ἀποκείμενον

2159 1263 2412 1344 βραϐεῖον
2506 1270 2616 1328 Ἀεὶ
2672 1272 2772 1343 γὰρ
2833 1264 3136 1340 ἕμπνοσθὲν
3197 1290 3302 1341 μου
3374 1269 3619 1342 νομίζων
3670 1268 3780 1323 αὐτὸ

2153 1358 2241 1412 καὶ
2276 1356 2420 1413 πολὺ
2455 1379 2562 1432 μου
2620 1357 2852 1438 ἀπέχον,
2913 1363 3101 1437 τρέχω
3156 1356 3241 1413 ἐπ’
3290 1353 3447 1412 «616‘
3507 1381 3536 1409 α
3566 1358 3688 1418 Τοῖς
3736 1354 3782 1411 ὸὶ

2154 1445 2457 1521 ἔμπροσθεν
2517 1447 2979 1521 ἐπεκτεινόμενος.
3046 1472 3069 1499 ι
3140 1448 3252 1505 Τὸν
3308 1447 3583 1520 σύντομον
3641 1444 3784 1516 δηλοῖ

2155 1533 2358 1610 δρόμον
2380 1539 2463 1604 τὸ,
2495 1535 2961 1610 ἐπεκτεινόμενος,
3012 1535 3140 1591 ῶσεῖ
3203 1536 3374 1591 εἶπεν·
3424 1537 3549 1592 Ἔτι
3603 1529 3781 1609 ἔχομαι

2153 1632 2250 1682 τοῦ
2280 1625 2511 1701 δρόμου,
2540 1628 2616 1690 ὡς
2645 1621 2946 1703 ἔμπροσθεν
2995 1627 3088 1682 καὶ
3143 1623 3289 1682 πολὺ
3347 1626 3650 1701 ἀπέχοντος
3700 1628 3780 1679 τοῦ

3472 1715 3642 1785 ὅστις,
3709 1715 3781 1769 καὶ

2156 1811 2263 1862 τῶν
2291 1805 2474 1863 ποδῶν
2522 1809 2862 1884 τρεχόκτων,
2913 1808 2977 1863 τὸ
3036 1805 3232 1862 λοιπὸν
3288 1804 3594 1862 ἐπινένευκε
3650 1810 3788 1877 σῶμα

2156 1897 2294 1970 πρὸς
2323 1899 2414 1953 τὸν
2458 1899 2681 1961 σκοπὸν,
2740 1898 2831 1952 καὶ
2892 1900 3090 1970 μικροῦ
3147 1894 3277 1958 τοὺς
3333 1893 3509 1958 πόδας
3558 1892 3793 1970 προλαμ-

2157 1981 2334 2040 ϐάνων
2368 1986 2420 2041 ἐν
2442 1991 2512 2059 τῇ
2552 1984 2824 2043 ἐπικλίσει
2874 1990 2973 2042 τοῦ
3031 1984 3234 2042 λοιποῦ
3290 1985 3575 2058 σώματος.
3632 1986 3791 2041 Τοῦτο

2157 2073 2215 2130 δέ
2252 2074 2359 2130 ἀπὸ
2390 2075 2610 2145 πολλῆς
2666 2077 2864 2152 γίνεται
2922 2074 3232 2150 προθυμίας
3288 2074 3379 2130 καὶ
3440 2073 3790 2150 θερμότητος.

2159 2190 2186 2218 ‹‹
2222 2167 2371 2223 Κατᾶ
2402 2168 2603 2222 σκοπὸν
2662 2164 2869 2223 διώκω.
2905 2190 2934 2219 ››
2973 2164 3068 2227 ’Τίς
3121 2163 3181 2221 δὶ
3232 2168 3331 2220 106
3379 2161 3596 2239 δρόμου
3648 2162 3793 2218 αὐτοῦ

2159 2256 2361 2317 σκόπός
2391 2274 2405 2324 ;
2435 2256 2500 2312 Ἣ
2535 2253 2790 2331 βασιλεία
2832 2259 2941 2310 τῶν
2988 2254 3252 2330 οὐρανῶν,
3301 2253 3365 2324 ἢν
3416 2254 3513 2309 καὶ
3567 2247 3797 2328 βραϐεῖον

2156 2342 2334 2401 καλεῖ.
2394 2343 2811 2420 Ἐφιρμηνεύων
2872 2343 2975 2420 γὰρ
3033 2342 3220 2399 ἑαυτὸν
3286 2363 3449 2421 φησι.
3511 2342 3610 2404 Τίς
3668 2338 3720 2397 δὶ
3767 2340 3792 2395 δ

2159 2433 2360 2495 σκοπός
2386 2452 2402 2502 ;
2434 2432 2507 2489 Τὸ
2550 2427 2827 2507 βραϐεῖον,
2862 2432 3019 2510 φησὶ,
3049 2438 3150 2500 τῆς
3181 2429 3295 2486 ἄνω
3341 2429 3622 2501 κλήσεως.
3662 2454 3690 2481 α
3717 2430 3797 2484 Ἓν

2159 2524 2379 2598 Χριστῷ
2434 2523 2703 2591 Ἰησοῦ.»
2761 2520 2905 2578 ’Ὀλα
2954 2525 3036 2593 τῷ
3091 2525 3319 2594 Χριστῷ
3375 2519 3704 2590 ἀνατίθησιν·
3749 2517 3795 2572 ἐν

2160 2615 2381 2683 Χριστῷ
2407 2611 2533 2685 γὰρ,
2580 2610 2735 2689 φησὶ,
2792 2611 2999 2686 τρέχω.
3064 2613 3226 2667 ’Ἄνευ
3285 2610 3391 2684 γὰρ
3452 2611 3685 2683 Χριστοῦ
3719 2606 3797 2662 καὶ

2157 2706 2256 2767 τῆς
2287 2698 2494 2754 ἐκείνου
2524 2699 2700 2773 ῥοπῆς
2745 2699 2849 2754 οὐκ
2901 2691 2979 2753 ἔνι
3032 2701 3223 2754 τοῦτον
3280 2697 3477 2753 ἁνύσαι
3533 2698 3625 2753 τὸν
3688 2692 3797 2769 δρό-
3870 2758 3875 2767 ,

2164 2789 2288 2862 μόν,
2317 2785 2415 2844 κᾶν
2451 2788 2623 2864 βουκη
2631 2792 2709 2853 θῶ
2717 2808 2834 2861 μεν.

2229 2969 2388 3024 Ὂσοι
2447 2966 2539 3021 οὗν
2594 2964 2803 3022 τέλειον
2878 2968 3040 3021 τοῦτο
3126 2967 3462 3042 φρονοῦμεν,
3523 2965 3611 3021 καὶ
3661 2962 3703 3019 εἲ
3747 2983 3793 3018 τι

2161 3052 2358 3131 ἑτέρως
2421 3059 2687 3132 φρονεῖτε,
2746 3052 2837 3109 καὶ
2890 3051 3052 3108 10610
3118 3055 3147 3107 ὁ
3212 3052 3344 3116 Θεὸς
3420 3054 3554 3127 ὑμῖν
3619 3053 3797 3107 ἀποκα.

2162 3147 2345 3219 λῦψει.
2406 3142 2558 3212 Πλήν
2617 3141 2696 3207 εἷς
2751 3140 2782 3197 δ
2832 3140 3158 3220 ἐφθάσαμεν,
3214 3145 3296 3214 τῷ
3353 3141 3509 3215 αὐτῷ
3573 3144 3792 3215 στοιχεῖν

2161 3233 2366 3303 κανόνι,
2396 3233 2458 3289 τὸ
2489 3230 2620 3288 αὐτὸ
2651 3236 2891 3309 φρονεῖν.

2235 3348 2263 3375 ‹‹
2287 3326 2460 3377 Τοῦτο
2491 3323 2812 3398 φρονοῦμεν.
2846 3319 2978 3376 »Τὸ
3008 3324 3205 3388 ποῖονς
3245 3322 3370 3377 ”Οτι
3428 3316 3517 3374 δεῖ
3561 3323 3667 3374 τῶν
3718 3317 3798 3389 μὶν

2164 3413 2343 3468 ὀπίσω
2401 3407 2874 3476 ἐπιλανθάνεσθαι,
2921 3413 3038 3470 τοῖς
3097 3405 3154 3463 δέ
3209 3405 3517 3483 ἔμπροσθεν
3580 3405 3801 3463 ἐπεκτεί-

2162 3503 2362 3557 νεσθαι.
2392 3502 2566 3557 Τοῦτο
2596 3498 2703 3575 γὰρ
2731 3502 2880 3553 ποιεῖ
2936 3495 3204 3563 τελείους,
3260 3499 3323 3553 τὸ
3375 3496 3623 3571 νομίζειν
3679 3495 3803 3550 ἀπο·

2163 3588 2441 3645 λείπεσθαι
2472 3592 2570 3644 106
2604 3582 2880 3661 βραϐείου.
2912 3611 2943 3639 κ
2975 3587 3080 3642 Καὶ
3135 3584 3182 3641 ε¹ί
3226 3606 3281 3641 τι
3337 3587 3563 3659 ἐτέρως,
3598 3610 3626 3638 υ
3678 3581 3735 3641 L'i
3757 3604 3802 3637 τι

2164 3675 2380 3751 ἑτέρως,
2454 3674 2610 3747 φησὶ,
2666 3674 3085 3744 κατωρθώσατε,
3141 3674 3229 3729 ὃτι
3306 3671 3404 3728 οὐκ
3460 3671 3803 3734 ἀπολείπεσθι

2162 3769 2259 3821 106
2292 3758 2571 3840 βραϐείου,
2604 3758 2733 3816 ἀλλ’
2788 3757 2897 3832 ἢδη
2957 3760 3220 3839 ἐφθάσατε
3270 3760 3422 3829 αὐτὸ,
3459 3762 3487 3816 ὁ
3534 3762 3662 3823 Θεὸς
3689 3761 3798 3831 ὑμῖν

2166 3851 2530 3926 ἀποκαλύψει,
2577 3849 2685 3920 ὅτι,
2746 3849 2930 3927 φησὶν,
2990 3849 3053 3905 οὐ
3109 3849 3297 3914 καλῶς
3349 3849 3494 3905 οὕτω
3556 3853 3799 3927 φρονεῖτε.

2165 3947 2226 4003 Ὀ
2254 3943 2355 4021 γὰρ
2414 3940 2586 4003 οὕτως
2626 3944 2863 4017 φρονῶν,
2920 3940 3290 4014 ῥᾳθυμότερος
3343 3938 3574 4016 γίνεται.
3628 3940 3702 3996 Τὸ
3752 3934 3799 3991 δὶ

2164 4028 2571 4093 καὶτοῦτο,ὼς
2599 4029 2690 4083 ναὶ
2740 4028 2808 4082 τὰ
2862 4026 3008 4083 ἂλλα
3064 4028 3257 4095 πάντα,
3315 4028 3474 4105 φησί.
3544 4029 3661 4096 Τὴν
3713 4025 3798 4101 γὰρ

2166 4120 2368 4177 οῗκείαν
2399 4115 2749 4174 διδασκαλίαν
2779 4121 2859 4190 τῷ
2898 4121 3017 4189 Θεῷ
3065 4115 3371 4184 ἀνατίθησι.
3422 4141 3452 4169 (ι
3487 4116 3641 4186 Πλὴν
3684 4113 3798 4175 είςό

2166 4209 2485 4289 ἐφθάσαμεν,
2519 4230 2549 4259 ››
2590 4205 2733 4269 Τέως
2791 4202 2871 4273 δὲ,
2930 4205 3114 4281 φησὶν,
3169 4204 3221 4260 ἐν
3274 4206 3389 4278 ὅσῳ
3459 4204 3633 4262 ἐκεῖνο
3680 4205 3800 4259 ἀπο-

2165 4297 2430 4354 καλύπτει
2463 4298 2491 4352 ὁ
2522 4296 2671 4365 Θεὸς,
2698 4295 2774 4357 εἶς
2803 4293 2834 4349 ὅ
2864 4292 3167 4372 ἐφθάσαμεν
3206 4294 3401 4367 μέτρον
3463 4296 3552 4350 καὶ
3602 4292 3798 4356 κανόνα,

419 4388 491 4444 ad
525 4406 701 4460 quam
748 4388 1136 4460 pertigimus:
1188 4389 1342 4443 100
1391 4390 1502 4444 hoc
1549 4394 1659 4458 est,
1700 4406 1774 4444 ne
1819 4392 2056 4461 pereant

2168 4387 2244 4450 εἷς
2320 4386 2510 4443 τοῦτον
2585 4388 2819 4457 στῶμεν,
2894 4382 3155 4451 τουνέστι,
3194 4383 3259 4438 τὸ
3337 4385 3415 4457 μή
3456 4382 3711 4441 ἀπολέσαι
3744 4379 3800 4433 τὰ

420 4451 559 4546 qua;
601 4451 766 4547 prius
824 4451 1061 4546 peracta
1113 4483 1268 4531 sunt.
1316 4480 1571 4552 Στοιχεῖν
1621 4451 1839 4532 ειιιὶεῐιί
1875 4475 2056 4546 (quod

2168 4473 2566 4550 προηνυσμένα.
2645 4474 2724 4531 Τὸ
2800 4470 2878 4541 δέ,
2956 4476 3222 4546 ποιγεῖν,
3297 4473 3422 4528 οἷον
3518 4473 3794 4547 ἀρκεῖσθαι,

416 4565 739 4621 Persistere
770 4565 1072 4636 vertimus)
1105 4571 1195 4620 est
1214 4572 1557 4621 contentum
1579 4582 1729 4633 esse,
1754 4565 2060 4635 obtempe-

415 4670 571 4722 rare,
602 4661 778 4710 stare.
812 4655 928 4710 Aut
951 4671 1244 4709 canonem
1268 4671 1372 4710 seu
1404 4654 1669 4727 regulam
1696 4654 1840 4710 dicit
1864 4654 2063 4709 fidem.

417 4743 927 4808 Quemadmodum
947 4744 1105 4798 enim
1123 4744 1182 4799 in
1206 4744 1540 4816 regulasive
1554 4744 1871 4800 abstuleris
1890 4743 2063 4815 quid-

416 4833 576 4906 piam
604 4832 725 4888 sive
745 4832 1065 4899 addideris,
1090 4838 1278 4889 totum
1305 4834 1637 4906 perdidisti,
1661 4834 1744 4890 ita
1763 4834 1901 4889 etin
1924 4833 2063 4889 fide.

419 4953 487 4963 -
518 4923 784 4987 Interim,
816 4923 1032 4993 inquit,
1074 4923 1262 4979 donec
1287 4923 1450 4980 vobis
1498 4923 1803 4980 veritatem
1832 4921 2065 4978 revela-

418 5014 586 5081 verit,
610 5012 768 5084 quod
798 5013 1051 5068 assecuti
1080 5029 1285 5067 sumus
1307 5030 1379 5067 ne
1402 5011 1738 5084 perdamus.
1763 5009 2066 5077 Quomodo

419 5110 615 5157 autem
644 5101 955 5174 perditur?
977 5102 1032 5157 Si
1053 5100 1419 5174 negligentes
1450 5101 1664 5163 eﬁecti.
1689 5117 1722 5155 a
1743 5098 1924 5172 priori
1943 5105 2069 5155 stu-

422 5191 518 5245 dio
542 5198 599 5246 et
616 5207 797 5246 cursu
827 5189 1222 5259 discedamus,
1246 5191 1350 5246 sed
1372 5196 1602 5262 oportet
1633 5189 1839 5245 eadem
1867 5189 2071 5259 regula

421 5282 719 5343 incedere.
752 5281 862 5336 hoc
894 5286 1002 5345 est,
1026 5279 1182 5334 idem
1215 5286 1516 5335 certamen
1545 5294 1915 5345 conservare,
1937 5294 2068 5335 eos-

422 5371 557 5427 dem
589 5370 871 5426 exhibere
904 5386 1126 5434 moees,
1149 5368 1307 5424 idem
1339 5385 1546 5440 sapere
1569 5376 1628 5425 et
1656 5368 1814 5425 circa
1833 5384 2073 5423 conver-

423 5462 715 5517 sationem
745 5466 803 5516 et
832 5461 991 5517 circa
1021 5458 1313 5532 dogmata.
1360 5458 1872 5525 Quemadmodum
1910 5457 2070 5513 enim

494 5639 542 5675 ³⁴
572 5641 596 5691 Ι
626 5643 753 5693 Cor.
790 5656 864 5705 IX,
891 5644 978 5693 26.
1059 5642 1103 5676 ³⁵
1132 5641 1274 5696 ibid.

2168 4566 2465 4637 πείθεσθαι,
2541 4560 2772 4619 ἐστᾶναι.
2848 4564 2925 4620 ’Ἠ
2997 4561 3193 4616 κανόνα
3264 4562 3363 4630 τὴν
3449 4560 3630 4617 πίστιν
3707 4579 3793 4636 φη·

2173 4656 2277 4716 σίν,
2351 4658 2557 4728 ’Ὠσπερ
2628 4652 2732 4728 γὰρ
2808 4650 2898 4706 ἐπὶ
2968 4655 3069 4706 106
3142 4651 3365 4711 κανόνος
3439 4648 3536 4706 κᾶν
3611 4646 3791 4723 ἀφέλῃς

2172 4744 2268 4802 κᾶν
2345 4744 2610 4820 προσθῇς,
2686 4739 2944 4813 ἐλυμήνω
3016 4738 3080 4795 τὸ
3146 4743 3273 4810 πᾶν,
3349 4739 3493 4796 οὕτω
3565 4739 3649 4795 καὶ
3720 4731 3793 4789 ἐπὶ

2172 4840 2272 4904 τῆς
2347 4819 2704 4900 πίστεως,--
2753 4829 2967 4903 [ΦΩΤ.]
3041 4828 3223 4896 Τέως,
3300 4828 3489 4904 φησὶν,
3560 4822 3660 4887 ἓως
3740 4819 3791 4877 ἄν

2178 4924 2302 4997 ὑμῖν
2371 4918 2698 4993 ἀποκαλύψῃ
2756 4917 2819 4972 τὸ
2875 4915 3097 4987 ἀληθὲς,
3170 4914 3201 4970 ὅ
3264 4911 3655 4989 κατελάϐομεν,
3725 4909 3788 4983 μή

2176 5009 2556 5082 ἀπολέσωμεν.
2635 5003 2971 5064 Ἀπόλλυται
3002 5002 3058 5060 δὲ
3129 5009 3283 5073 πῶς;
3324 5006 3425 5060 ’Λν
3453 5001 3791 5076 ἀμελήσωμεν

2174 5106 2275 5168 τῆς
2303 5096 2568 5174 προτίρας
2602 5092 2844 5163 σπουδῆς
2880 5093 2972 5149 καὶ
3027 5096 3124 5148 106
3183 5089 3393 5164 δρόμου
3449 5084 3790 5161 παρατραπῶ-

2180 5210 2294 5262 μεν.
2328 5185 2505 5243 Ἀλλᾶ
2535 5183 2617 5241 δεῖ
2663 5188 2742 5257 τῷ
2797 5182 2944 5253 αὖτῷ
2996 5180 3180 5239 κανόνι
3241 5186 3502 5257 στοιχεῖν,
3550 5176 3787 5240 τουτέστι,

2175 5276 2270 5332 τὸν
2297 5273 2458 5329 αὐτὸν
2488 5272 2670 5346 ἀγῶνα
2698 5273 3003 5339 συντηρεῖν,
3059 5267 3151 5323 τὸν
3206 5265 3364 5322 αὐτὸν
3425 5262 3786 5323 ἐπιδείκνυσθαι

2177 5364 2398 5439 τρόπον,
2459 5361 2521 5417 τὸ
2570 5360 2703 5416 αὐτὸ
2759 5362 2997 5436 φρονεῖν,
3062 5356 3187 5431 περί
3234 5375 3293 5411 τε
3346 5358 3445 5419 τῆς
3514 5348 3784 5439 πολιτείας,

2180 5433 2303 5529 περί
2330 5472 2388 5508 τε
2443 5455 2552 5506 τῶν
2601 5433 2906 5525 δογμάτων.
2965 5447 3166 5522 Ὥσπερ
3216 5445 3318 5521 γὰρ
3376 5443 3407 5500 8
3458 5464 3510 5499 τι
3562 5446 3663 5499 τῶν
3712 5433 3787 5491 δο·
