4072 6266
328 338 484 400 1309

1360 337 1760 401 COMMENT.
1811 333 1886 392 IN
1932 333 2178 393 EPIST.
2247 334 2355 394 ΑΙ)
2397 335 2681 396 PHILIP.

3576 339 3733 398 1310

323 471 551 546 γμάτων
585 469 924 537 ἀλλοιώσας,
957 468 1159 525 ἃπαντα
1198 469 1459 525 κατέλυσε
1513 468 1604 524 καὶ
1656 467 1722 522 τὰ
1767 465 1976 541 ἔμπρο-

2093 465 2139 521 is
2162 469 2261 538 qui
2283 468 2509 540 aliquid
2531 470 2870 542 dogmatum
2886 469 3236 536 immutavit,
3262 471 3438 525 etiam
3459 471 3736 528 universa

327 563 466 624 σθεν,
499 561 649 616 οὓτω
679 561 901 629 καὶτῆς
948 558 1228 615 πολιτείας
1271 559 1300 614 ὅ
1354 581 1406 614 τι
1470 557 1829 630 μεταθέμενος
1887 555 1977 610 καὶ

325 650 586 727 καθυφεὶς
648 649 739 704 καὶ
802 649 877 720 μὴ
933 671 1032 719 την
1102 649 1268 718 αὐτὴν
1331 648 1619 725 φυλάττων
1681 640 1978 721 ἀκρίϐειαν,

326 739 520 794 καὶτά
573 734 927 814 προλαϐόντα
984 737 1314 810 ἐλυμήνατο.
1380 737 1505 794 Εἶτα
1558 736 1649 790 ἳνα
1712 735 1786 808 μή
1848 731 1975 807 δόξῃ

332 825 777 902 δυσκατέρθιυτον
808 828 897 883 καὶ
929 826 1194 882 δύσκολον
1235 826 1556 893 ἐπιτάττειν,
1616 826 1678 878 τὸ
1725 821 1795 878 δι’
1843 820 1979 876 ὅλου

327 923 425 972 τοῦ
463 916 585 991 βίου
619 919 831 992 ἀρεταῖς
881 917 969 972 καὶ
1029 912 1269 987 εὐσεϐείᾳ
1328 915 1716 982 συνασκεῖσθαι,
1769 911 1975 986 ἐπάγει.

331 1007 584 1078 Μιμηταί
621 1027 726 1079 μου
749 1007 980 1082 γίνεσθε.
1042 1008 1290 1076 Ῥᾷστον,
1331 1003 1517 1082 φησὶν,
1573 999 1728 1057 οῦδὲν
1786 999 1980 1055 ἀδύνα-

325 1112 420 1146 τον
455 1091 690 1159 ἀπαιτῶ,
739 1091 1026 1167 ἄνθρωπος
1077 1092 1231 1169 κάγὼ
1281 1090 1649 1165 ὁμοιοπαθὴς,
1691 1087 1763 1148 ὡς
1823 1087 1980 1159 ὁρᾶτέ

330 1202 419 1254 με,
453 1180 596 1236 οὕτω
628 1181 715 1236 καί
773 1182 928 1237 αὐτοὶ
987 1182 1328 1254 ἀγωνίζεσθε.
1401 1185 1487 1252 Τῷ
1538 1179 1685 1249 αὐτῷ
1742 1181 1981 1253 στοιχεῖν

323 1267 532 1328 κανόνι.
595 1271 674 1327 Τὸ
736 1271 945 1345 χωρίον
1005 1275 1189 1338 τοῦτο,
1244 1272 1278 1338 ἢ
1340 1274 1654 1344 προτροπῆς
1719 1265 1884 1334 ἐστιν,
1942 1262 1979 1333 ἤ

325 1359 523 1434 εὐχῆς,
557 1357 716 1414 Ἀλλ’
772 1358 816 1412 εἰ
867 1360 962 1431 μὶν
1012 1365 1358 1436 προτροπῆς,
1408 1355 1583 1411 λείπει
1629 1355 1691 1409 τὸ
1741 1351 1841 1411 δεῖ.
1892 1363 1982 1416 Δεῖ

325 1447 467 1519 ὑμᾶς
529 1452 772 1522 στοιχεῖν
825 1452 904 1519 τῷ
959 1449 1110 1520 αὐτῴ
1166 1449 1375 1517 κανόνι,
1427 1446 1490 1500 τὸ
1549 1444 1682 1499 αὐτὸ
1740 1448 1978 1520 φρονεῖν,

321 1535 666 1614 Εἰόφείλετε
699 1543 942 1613 στοιχεῖν
1002 1543 1082 1608 τῷ
1139 1539 1288 1606 αὑτῷ
1345 1537 1550 1607 κανόνι,
1609 1533 1853 1612 ὀφείλετε
1918 1534 1980 1588 τὸ

326 1626 458 1681 αὐτὸ
487 1631 725 1706 φρονεῖν.
786 1627 849 1681 Εἰ
910 1625 966 1682 δὲ
1022 1628 1185 1702 εὐχὴ,
1239 1627 1349 1683 ἀπὸ
1395 1629 1583 1681 κοινοῦ
1641 1621 1980 1702 ληφθήσεται

324 1715 413 1783 τὸ,
481 1713 850 1788 ἀποκαλύψει,
909 1717 1041 1773 Οῖον
1100 1715 1444 1788 ἀποκαλύψει
1505 1713 1632 1785 ὑμῖν
1682 1717 1760 1782 τῷ
1835 1711 1983 1782 αύτῷ

2086 558 2485 627 praecedentia
2531 559 2830 614 dissolvit:
2865 561 2946 614 ita
2977 565 3035 613 et
3065 560 3124 614 in
3153 559 3602 615 conversatione
3632 561 3735 630 qui

2086 648 2313 718 aliquid
2343 655 2746 721 transgressus
2769 659 2827 704 et
2857 651 3270 720 pra-varicatus
3294 657 3402 714 est,
3431 667 3546 704 non
3575 667 3734 704 eam-

2085 736 2220 791 dem
2253 738 2620 794 observando
2665 740 3054 812 diligentiam.
3109 741 3285 794 etiam
3338 739 3736 810 praecedentia

2085 827 2367 897 corrupit.
2422 829 2640 883 Deinde
2672 846 2745 882 ne
2794 847 2917 884 rem
2971 829 3272 884 difﬁcilem
3317 835 3373 882 et
3417 846 3546 898 quie-
3580 845 3732 900 a‘gre

2085 917 2289 986 perlici
2323 918 2512 988 possit
2556 917 2824 972 videatur
2871 917 3212 990 praecipere,
3255 935 3468 988 nempe
3517 923 3582 972 ut
3615 923 3734 972 tota

2085 1006 2202 1060 vita
2223 1014 2609 1062 exerceantur
2631 1007 2690 1061 in
2713 1008 3025 1062 virtut:bus
3048 1014 3104 1062 et
3129 1007 3368 1078 pietate,
3390 1007 3696 1078 subjungit
3721 1014 3735 1051 ι

2086 1082 2419 1149 Imitatores
2450 1095 2565 1150 mei
2593 1101 2798 1150 estote.
2825 1097 2989 1162 Quod
3013 1096 3362 1151 facillimum
3389 1102 3494 1162 est,
3518 1095 3732 1165 inquit,

2087 1183 2274 1255 exigo,
2309 1184 2578 1255 nihilque
2601 1185 2988 1257 impossibile,
3023 1203 3154 1240 cum
3191 1193 3248 1240 et
3278 1202 3382 1258 ego
3413 1185 3589 1239 homo
3623 1183 3734 1237 sim

2087 1272 2363 1327 similiter
2391 1274 2698 1329 affectibus
2729 1275 3040 1330 obnoxius.
3075 1276 3581 1340 Quemadmodum
3615 1290 3738 1328 cer-

2087 1367 2309 1416 tantem
2345 1379 2438 1416 me
2460 1363 2688 1432 videtis,
2720 1366 2800 1419 ita
2823 1373 2879 1419 et
2901 1366 3009 1436 ipsi
3035 1372 3276 1420 certate.
3309 1365 3404 1433 Τῷ
3435 1361 3579 1432 αὐτῷ
3611 1381 3732 1414 στο-

2086 1454 2204 1523 χεῖν
2237 1450 2439 1520 κανύνι,
2471 1452 2532 1505 τὸ
2572 1453 2704 1506 αὐτὸ
2735 1459 2968 1528 φρονεῖν.
3025 1455 3242 1510 Eadem
3295 1454 3610 1525 persistere
3639 1469 3733 1506 re-

2085 1539 2242 1612 gula,
2295 1540 2450 1596 idem
2511 1544 2752 1598 sentire.
2815 1546 2946 1606 (Pro
3001 1560 3117 1614 quo
3177 1543 3481 1608 vertimus,
3514 1541 3733 1595 Eadem

2088 1630 2478 1700 persistamus
2501 1633 2722 1704 regula,
2740 1633 2895 1688 idem
2910 1632 3282 1703 sentiamus.)
3302 1633 3433 1686 Hmc
3447 1630 3737 1702 particula

2087 1725 2190 1773 aut
2235 1719 2662 1776 exhortationis
2708 1730 2797 1777 est
2847 1730 2950 1778 aut
3005 1722 3398 1794 precationis:
3451 1737 3653 1774 verum
3685 1719 3735 1773 si

321 1804 513 1859 κανόνι
546 1811 812 1880 στοιχεῖν,
839 1807 929 1860 καὶ
967 1805 1106 1876 ἑξῆς.
1169 1803 1301 1863 Οἵδε
1347 1804 1448 1880 γὰρ
1503 1803 1621 1856 ἀνευ
1672 1807 1772 1869 τῆς
1833 1801 1975 1864 θείας

2093 1807 2517 1864 exhortationis
2549 1811 2644 1879 sit,
2676 1811 2880 1866 deﬁcit
2917 1813 3176 1882 Oportet.
3227 1813 3486 1881 Oportet,
3520 1808 3738 1878 inquit,

328 1892 530 1968 ῥοπῆς,
610 1893 780 1966 μηδὲν
854 1895 1305 1969 κατορθούμενον·
1373 1893 1452 1949 T6
1535 1889 1664 1944 αὐτὸ
1729 1893 1971 1966 φρονεῖν,

321 1983 517 2059 φησὶν,
555 1983 629 2044 εἰς
662 1985 690 2038 ὅ
719 1982 1020 2062 ἐφθάσαμεν
1053 1984 1105 2038 ἐν
1153 1988 1222 2057 τῇ
1271 1984 1470 2052 πίστει,
1525 1981 1600 2052 μὴ
1651 1981 1842 2049 πλέον,
1894 1979 1971 2052 μή

319 2067 548 2127 ἔλαττον
559 2117 572 2130 .

2085 1913 2184 1951 vos
2213 1897 2423 1953 eadem
2454 1900 2771 1969 persistere
2802 1901 3025 1973 regula,
3057 1901 3216 1954 idem
3257 1900 3480 1954 sentire
3507 1914 3519 1950 :
3554 1899 3600 1951 si
3635 1913 3735 1951 ea-

2085 1985 2217 2039 dem
2237 1987 2466 2041 debetis
2485 1989 2801 2058 persistere
2825 1989 3284 2059 regula,debetis
3317 1988 3472 2043 idem
3490 1987 3734 2041 sentire.

2084 2075 2140 2128 Si
2164 2091 2297 2129 vero
2329 2077 2587 2146 precatio
2645 2084 2754 2145 est,
2810 2086 3140 2132 sumetura
3195 2076 3496 2132 communi
3557 2090 3736 2128 sensu

324 2164 646 2228 Revelabit,
679 2169 744 2219 ut
773 2165 850 2220 sit
876 2181 1084 2220 sensus
1111 2183 1122 2220 :
1176 2168 1474 2224 Revelabit
1505 2170 1666 2224 vobis
1723 2173 1789 2222 ut
1820 2163 2028 2220 eadem
2086 2165 2289 2233 regula
2342 2166 2696 2236 persistatis,
2725 2173 2788 2221 ut
2845 2166 3003 2222 idem
3035 2167 3324 2222 sentiatis.
3379 2165 3546 2220 Novit
3574 2164 3737 2216 enim

322 2252 473 2307 nihil
505 2254 728 2325 absque
760 2255 957 2310 divino
990 2256 1191 2326 perfici
1237 2258 1476 2313 auxilio.
1529 2259 1712 2324 Idem,
1738 2253 1954 2325 inquit,
1988 2252 2209 2307 sentire
2241 2253 2304 2306 in
2337 2269 2406 2309 eo
2437 2255 2597 2324 quod
2629 2255 2686 2309 in
2722 2256 2834 2310 lide
2866 2257 3122 2311 assecuti
3170 2271 3399 2319 sumus,
3431 2269 3549 2308 non
3580 2251 3736 2323 plus,

319 2358 442 2396 non
469 2343 690 2398 minus.

393 2431 756 2502 Συμμιμηταί
836 2452 940 2503 μου
1014 2431 1244 2507 γίνεσθε,
1324 2431 1576 2512 ἀδελφοὶ,
1651 2433 1741 2488 καὶ
1846 2451 1976 2486 σκο-

327 2524 481 2573 πεῖτε
552 2519 679 2579 τοὺς
756 2517 928 2583 οὕτως
1014 2527 1462 2597 περιπατοῦντας,
1554 2523 1729 2584 καθὼς
1823 2515 1978 2595 ἔχετε

325 2609 498 2665 τύπον
575 2612 745 2682 ἡμᾶς.
852 2609 1063 2666 Πολλοὶ
1165 2613 1270 2688 γὰρ
1369 2617 1781 2689 περιπατοῦσιν,
1882 2611 1976 2673 οῦς

1288 2698 1328 2718 ἢκ

330 2696 604 2759 πολλάκις
663 2691 849 2773 ἔλεγον
907 2698 1054 2771 ὑμῖν,
1115 2702 1222 2756 Νῦν
1285 2698 1340 2755 δὲ
1395 2703 1484 2756 καὶ
1542 2702 1750 2757 κλαίων
1812 2700 1975 2776 λέγω,

325 2784 455 2844 τοὺς
509 2783 740 2858 ἐχθροὺς
797 2787 896 2838 τοῦ
954 2791 1187 2858 σταυροῦ
1271 2792 1368 2841 τοῦ
1450 2789 1707 2862 Χριστοῦ,
1779 2789 1852 2842 ὧν
1914 2789 1976 2843 τὸ

323 2871 486 2933 τέλος
517 2871 788 2941 ἀπώλεια,
848 2873 922 2926 ὧν
983 2875 1011 2927 ὁ
1068 2875 1200 2937 Θεὸς
1256 2879 1290 2945 ἡ
1347 2878 1556 2943 κοιλία.
1614 2880 1702 2934 καὶ
1761 2881 1797 2948 ἡ
1853 2877 1978 2948 δόξα

325 2960 380 3015 ἐν
457 2965 524 3035 τῇ
602 2961 834 3038 αἰσχύνῃ
915 2963 1116 3034 αὐτῶν,
1180 2965 1230 3019 οἱ
1295 2966 1362 3021 τὰ

326 3071 440 3113 τες.

403 3164 430 3192 ‹‹
468 3139 832 3213 Συμμιμηταί
870 3161 974 3214 μου
1006 3141 1235 3216 γίνεσθε.
1271 3167 1298 3195 ››
1331 3143 1404 3200 Οὐ
1433 3147 1534 3222 γὰρ
1559 3143 1647 3202 διὰ
1673 3147 1858 3224 λόγων
1884 3149 1981 3223 μό-

329 3250 421 3284 νον
454 3225 730 3284 ἐδίδασκεν
762 3229 790 3283 ὁ
823 3231 1092 3306 μακάριος
1133 3231 1316 3301 οὗτος,
1350 3233 1496 3290 ἀλλά
1545 3237 1634 3291 καὶ
1685 3236 1738 3291 ἐν
1783 3236 1975 3315 ἔργοις,

328 3319 500 3379 τύπος
563 3319 742 3373 αὐτῶν
803 3319 1030 3394 ἐγίνετο.
1103 3343 1131 3372 ‹‹
1181 3323 1276 3376 Καὶ
1320 3329 1588 3380 σκοπεῖτε.
1635 3350 1662 3377 ››
1702 3330 1846 3385 Ἅνω
1889 3309 1984 3405 pi;

1451 2966 1658 3044 ἐπίγεια
1725 2971 1981 3046 φρονοῦν-

336 3408 510 3486 ἒλεγε,
545 3409 782 3466 Βλέπετε
809 3411 936 3475 τοὺς
963 3411 1124 3475 κύνας
1179 3415 1270 3467 καὶ
1317 3415 1444 3477 τοὺς
1493 3417 1689 3481 κακοὺς
1740 3421 1985 3496 ἐργάτας,

331 3499 462 3561 τοὺς
493 3493 572 3553 ἔτι
603 3500 692 3553 καὶ
729 3500 863 3572 μετὰ
887 3503 986 3569 τήν
1041 3502 1222 3556 πίστιν
1284 3501 1691 3574 Ἰουδαίζοντας.
1744 3517 1856 3567 Νῦν
1907 3513 1985 3584 δὲ,

330 3592 523 3658 κοινὴν
557 3588 744 3650 αὐτοῖς
775 3587 964 3643 δίδωσι
998 3593 1399 3664 παρατήρησιν,
1430 3593 1519 3649 ἳνα
1539 3597 1775 3668 τοότοις,
1799 3603 1986 3672 φησὶν,

325 3677 711 3752 ἀναμίγνυσοε,
777 3679 896 3731 οἷον
975 3679 1144 3732 τύπον
1216 3682 1438 3759 φέρουσι
1496 3691 1596 3754 τῆς
1653 3684 1791 3758 ἐμῆς
1849 3691 1986 3766 πρὸς

333 3769 474 3840 ὑμᾶς
504 3765 866 3845 ἀναστροφῆς.
897 3799 961 3808 -
995 3791 1023 3819 ‹‹
1058 3768 1201 3833 Τοὺς
1256 3770 1430 3834 οὕτως
1474 3781 1926 3848 περιπατοῦντας.
1959 3804 1986 3832 ››

325 3857 538 3930 [φΩΤο]
572 3860 890 3928 Περιπατεῖν
923 3855 1174 3925 ἐνταῦθα,
1205 3859 1268 3913 τὸ
1303 3861 1457 3935 βιοῦν
1489 3865 1578 3917 καὶ
1608 3863 1988 3926 πολιτεύεσθαι

320 3941 591 4017 λαμϐάνει
659 3943 882 4006 ἀπλῶς.
943 3942 1197 4013 Ἐπειδὴ,
1267 3950 1425 4022 φησὶ,
1486 3949 1699 4008 πολλοὶ
1755 3976 1985 4030 περιπα-

325 4039 534 4104 τοῦσιν,
612 4034 688 4095 εἷς
765 4031 1035 4108 διάκρισιν
1111 4040 1220 4090 τῶν
1297 4037 1472 4112 ὀρθῶς
1522 4045 1986 4116 περιπατούντων,

327 4125 532 4198 καὶμὴ
566 4128 814 4178 σκοπεῖτε
859 4124 997 4186 τίνες
1055 4131 1412 4200 περιπατοῦσι
1467 4133 1603 4185 κατά
1651 4134 1742 4188 τὸν
1795 4135 1985 4206 τύπον,

335 4215 394 4268 ὅν
498 4214 982 4286 περιεπατήσαμον
1059 4217 1245 4288 ἡμεῖς,
1322 4219 1410 4272 καὶ
1487 4221 1703 4285 τούτοις
1779 4219 1990 4296 ἕπεσθε,

339 4326 367 4354 ‹‹
404 4299 618 4357 Πολλοὶ
694 4301 796 4376 γὰρ
854 4309 1231 4378 περιπατοῦσι.
1287 4331 1314 4358 ››
1360 4309 1546 4370 Κακῶς
1605 4313 1791 4388 φησὶν,
1849 4317 1988 4386 ἤπερ

335 4391 461 4466 έγώ.
503 4414 527 4444 ι
564 4396 666 4445 Νῦν
701 4389 760 4446 δὲ
791 4392 876 4447 καὶ
909 4391 1119 4448 κλαίων
1154 4394 1318 4469 λέγω.
1351 4421 1377 4448 »
1409 4400 1548 4474 ’Ὀρα
1577 4401 1644 4455 τά
1700 4405 1990 4479 σπλάγχνα

335 4479 580 4544 Ιιαύλου,
625 4480 711 4534 ἐπὶ
769 4486 886 4542 τοῖς
943 4481 1141 4556 ἑτέρων
1180 4483 1440 4541 κλαίοντα
1494 4495 1704 4550 κακοῖς.
1764 4490 1986 4560 Ἐπειδή

333 4569 438 4644 γὰρ
514 4569 700 4633 αὐτοῖς
772 4568 1004 4625 ἐπέτεινε
1076 4573 1138 4626 τὸ
1213 4573 1449 4647 νόσημα,
1526 4584 1711 4642 πενθεῖ
1767 4580 1984 4643 αύτούς.

331 4685 359 4711 ‹‹
389 4660 526 4721 Τοὺς
566 4659 796 4734 ἐχθροὺς
837 4663 932 4714 τοῦ
975 4666 1208 4735 σταυροῦ
1246 4667 1343 4717 τοῦ
1394 4668 1650 4739 Χριστοῦ·
1697 4692 1723 4719 ››
1788 4670 1984 4732 ῐΙοίόυς

332 4748 562 4810 τούτους
629 4747 870 4810 κελεύεις
943 4751 1090 4821 ἡμᾶς
1189 4753 1761 4830 παραφυλάττεσθαι;
1846 4758 1983 4822 Τοὺς

327 4837 584 4917 ἐχθροὺς,
653 4843 812 4916 φησί,
869 4841 966 4892 τοῦ
1034 4844 1267 4914 σταυροῦ
1331 4847 1427 4897 τοῦ
1490 4845 1746 4920 Χριστοῦ.
1816 4849 1981 4903 Ἦσαν

327 4929 432 5003 γάρ
461 4946 598 4988 τινες
637 4927 948 5001 Χριστιανοὶ
993 4927 1088 5000 μὶν
1157 4926 1335 4999 δῆθεν,
1406 4931 1459 4986 ἐν
1526 4939 1704 5011 τρυφῇ
1773 4933 1830 4991 δὶ
1891 4938 1979 4992 καὶ

331 5019 504 5071 ἀνέσει
583 5020 802 5085 ζῶντες,
881 5016 972 5078 οὕς
1049 5016 1280 5092 ἐχθροὺς
1355 5025 1452 5075 τοῦ
1505 5029 1736 5096 σταυροῦ
1793 5048 1980 5104 φησιν,

333 5104 575 5161 Ἐναντία
613 5106 714 5180 γὰρ
781 5104 930 5177 αῦτῷ
984 5106 1330 5180 πράττουσινο
1395 5111 1423 5164 ὁ
1485 5112 1579 5184 μὲν
1634 5113 1738 5188 γᾶρ
1795 5120 1980 5190 ψυχῆς

333 5193 507 5250 δεῖται
608 5194 869 5269 γενναίας,
965 5198 1443 5270 παρατεταγμένης
1519 5201 1595 5263 εἰς
1673 5201 1978 5273 κινδύνους,

330 5285 420 5339 καὶ
465 5284 812 5356 μιμουμένης
851 5284 944 5338 τὸν
1015 5280 1152 5339 ἴδιον
1210 5288 1508 5359 Δεσπότην,
1570 5291 1620 5344 οἱ
1682 5289 1737 5346 δὲ
1789 5293 1978 5366 γαστρὶ

325 5370 699 5428 δουλεύουσιν.
734 5395 761 5422 ‹‹
814 5377 905 5426 Ὧν
967 5372 1030 5425 τὸ
1068 5371 1228 5435 τέλος
1292 5377 1558 5433 ἀπώλεια.
1594 5405 1620 5430 ››
1675 5379 1870 5442 Καλῶς
1917 5384 1979 5438 τὸ

324 5460 482 5523 τέλος
552 5461 703 5514 εἶπεν
769 5458 1071 5528 ἀπώλειαν,
1142 5461 1230 5516 ἐὰν
1299 5462 1433 5539 ἄχρι
1491 5465 1684 5530 τέλους
1755 5469 1979 5541 μείνωσι

326 5556 594 5606 τοιοῦτοι.
655 5549 816 5610 Εἰκὸς
881 5549 983 5624 γάρ
1047 5551 1114 5618 ἦν
1179 5553 1269 5606 καὶ
1339 5551 1770 5627 μεταϐληθῆναι.
1828 5564 1980 5614 «Ὧν

331 5643 358 5696 ὁ
391 5642 507 5702 θεὸς
550 5643 582 5708 ἡ
624 5637 830 5693 κοιλία.
867 5665 889 5693 ιι
932 5644 1018 5700 Ὦς
1061 5636 1316 5716 δεσποίνῃ
1361 5646 1483 5720 γὰρ,
1536 5645 1752 5720 μᾶλλον
1810 5646 1867 5704 δὲ
1907 5650 1981 5712 ὡς

2156 2431 2250 2495 III,
2288 2433 2464 2487 17-19.
2489 2431 2794 2487 Imitatores
2823 2435 2929 2487 mei
2958 2440 3141 2502 estote,
3171 2434 3389 2502 fratris,
3412 2438 3462 2485 et
3493 2432 3736 2485 conside-

2084 2526 2203 2573 rate
2231 2536 2318 2574 eos
2346 2520 2446 2590 qui
2473 2525 2550 2576 sic
2578 2523 2884 2587 ambulant,
2918 2523 3371 2592 quemadmodum
3402 2519 3608 2574 habetis
3638 2535 3737 2573 nos

2079 2624 2187 2676 pro
2215 2614 2368 2678 typo.
2401 2612 2538 2666 Nam
2585 2610 2884 2682 complures
2925 2612 3211 2666 ambulant
3240 2611 3307 2665 de
3352 2611 3549 2682 quibus
3595 2625 3736 2678 sazpe

2087 2699 2209 2754 dimi
2241 2701 2414 2756 vobis:
2448 2719 2594 2758 nunc
2623 2711 2808 2758 autem
2837 2710 2889 2758 et
2919 2707 3051 2774 ﬂens
3080 2703 3241 2758 dico:
3272 2703 3525 2757 inimscos
3557 2699 3736 2755 crucis

2089 2789 2317 2858 Christi,
2377 2808 2607 2861 quorum
2662 2795 2788 2860 finis
2847 2793 3094 2862 perditio
3146 2799 3244 2856 est,
3312 2807 3544 2861 quorum
3598 2791 3737 2842 Deus

2088 2885 2276 2934 vmter
2303 2887 2400 2948 est,
2433 2888 2486 2936 et
2509 2883 2693 2951 gloria
2740 2885 2799 2936 in
2829 2883 3088 2937 dedecore
3135 2881 3380 2952 ipsorum
3411 2882 3509 2950 qui
3540 2886 3738 2934 terres~

2092 2967 2203 3022 tria
2226 2976 2443 3025 curant.

2162 3149 2200 3202 1
2215 3149 2263 3202 0
2279 3152 2313 3203 1
2331 3172 2357 3198 «
2375 3148 2710 3204 Imitatores
2723 3150 2838 3204 mei
2854 3155 3060 3206 estote.
3078 3170 3106 3199 »
3121 3151 3320 3220 Neque
3334 3147 3490 3203 enim
3507 3144 3741 3202 divinus

2095 3235 2191 3290 hic
2221 3238 2308 3290 vir
2331 3237 2474 3292 solis
2503 3237 2752 3293 docebat
2785 3239 3181 3306 sermonibus,
3207 3237 3309 3292 sed
3340 3244 3398 3291 et
3420 3253 3524 3308 pro
3549 3251 3741 3290 exem-

2095 3326 2241 3397 plari
2275 3327 2418 3398 ipsis
2466 3329 2906 3399 proponebatur
2946 3330 3006 3383 in
3041 3327 3339 3399 operibus.
3380 3350 3398 3373 -
3438 3328 3504 3380 Et
3545 3324 3738 3379 consi-

2095 3415 2316 3472 derate.
2350 3438 2378 3467 »
2440 3418 2503 3472 In
2562 3418 2967 3489 superioribus
3017 3417 3259 3488 quidem
3313 3416 3478 3483 dixit,
3541 3414 3742 3468 Videte

2095 3522 2293 3574 canes,
2355 3507 2544 3562 videte
2604 3508 2792 3563 malos
2847 3509 3186 3579 operarios:
3235 3523 3448 3578 nempe
3498 3521 3597 3559 eos
3641 3504 3742 3574 qui

2096 3601 2228 3666 post
2251 3604 2585 3667 susceptam
2614 3597 2790 3653 fidem
2815 3599 3004 3653 adhuc
3034 3597 3400 3652 Judaismum
3435 3594 3744 3650 sectaban-

2096 3691 2210 3740 tur.
2244 3685 2409 3740 Nunc
2448 3692 2643 3740 autem
2690 3703 3066 3742 communem
3115 3685 3216 3739 dat
3245 3685 3330 3739 eis
3378 3683 3742 3737 observatio-

2096 3790 2266 3829 nem:
2301 3782 2364 3829 ut
2394 3776 2535 3840 illis,
2587 3777 2801 3847 inquit,
2849 3775 3354 3831 commisceamini
3407 3773 3507 3844 qui
3538 3779 3741 3842 typum

2095 3869 2306 3933 gerunt
2333 3880 2481 3918 mea:
2512 3865 2677 3934 apud
2699 3882 2797 3919 vos
2827 3863 3311 3920 conversationis.
3337 3886 3362 3911 υ
3395 3863 3506 3916 Eos
3535 3861 3632 3931 qui
3659 3862 3743 3916 sic

2095 3952 2424 4007 ambulant.
2458 3975 2485 4003 »
2522 3954 2844 4009 Ambulare
2893 3954 3076 4010 sumit
3107 3954 3200 4007 hic
3254 3952 3607 4023 simpliciter
3635 3968 3740 4022 pro

2094 4041 2286 4096 vivere
2313 4049 2371 4096 et
2398 4044 2754 4100 conversari.
2786 4043 3296 4114 Quandoquidem,
3323 4043 3539 4114 inquit,
3571 4041 3740 4096 multi

2095 4131 2405 4187 ambulant
2433 4149 2446 4186 :
2479 4133 2552 4187 ad
2579 4133 3101 4188 internoscendum
3127 4133 3367 4204 quinam
3408 4137 3565 4186 recte
3616 4146 3740 4184 am-

2098 4219 2328 4286 bulant,
2363 4227 2420 4276 et
2441 4222 2539 4292 qui
2571 4238 2712 4289 non,
2735 4222 3106 4277 considerate
3128 4223 3227 4292 qui
3251 4220 3745 4290 ambulentjnxta

2098 4311 2339 4381 vestigia
2370 4317 2427 4365 et
2459 4318 2662 4382 typum
2695 4329 2811 4382 quo
2837 4329 2944 4366 nos
2976 4310 3409 4366 ambulavimus
3441 4316 3497 4362 et
3523 4326 3624 4363 eos
3657 4323 3744 4362 se-

2097 4399 2371 4470 quimini.
2408 4423 2435 4449 «
2470 4402 2612 4454 Nam
2643 4400 2982 4470 complures
3012 4399 3340 4455 ambulant.
3376 4420 3402 4446 n
3437 4397 3604 4460 Male,
3657 4396 3746 4449 in-

2096 4489 2245 4557 quit,
2278 4493 2337 4543 et
2382 4489 2556 4543 aliter
2585 4505 2764 4558 quam
2813 4505 2938 4560 ego.
2977 4514 2997 4538 ι
3031 4491 3197 4544 Nunc
3244 4494 3441 4543 autem
3490 4492 3547 4540 et
3592 4486 3742 4540 (lens

2097 4577 2251 4635 dico.
2283 4598 2309 4630 ι
2339 4578 2750 4633 Animadverte
2787 4579 2952 4633 Pauli
2987 4579 3212 4633 viscera
3248 4577 3347 4648 qui
3383 4576 3455 4631 ob
3488 4576 3741 4630 aliorum

2097 4667 2290 4738 plorat
2319 4674 2530 4722 errata.
2565 4666 2868 4738 Siquidem
2900 4667 3039 4738 quia
3067 4667 3310 4723 morbus
3340 4666 3485 4738 ipsis
3507 4672 3742 4737 proten-

2095 4755 2363 4821 debatur,
2397 4756 2557 4830 luget
2604 4757 2785 4828 ipsos.
2821 4780 2848 4808 «ι
2881 4757 3160 4812 Inimicos
3204 4757 3395 4811 crucis
3439 4755 3674 4810 Christi.
3711 4777 3738 4804 ››

2092 4847 2346 4913 Quinam
2373 4847 2581 4904 sunthi
2601 4865 2750 4918 quos
2765 4848 3066 4919 jubesnos
3080 4848 3419 4904 observare?
3443 4848 3738 4915 Inimicos,

2093 4939 2194 5006 ait,
2229 4939 2420 4994 crucis
2469 4939 2705 4994 Christi.
2739 4941 2918 4994 Erant
2965 4941 3125 4994 enim
3167 4941 3410 5011 quidam
3459 4948 3740 5010 tanquam

2093 5044 2234 5083 sane
2265 5028 2605 5094 Christiani,
2640 5029 2740 5098 qui
2766 5035 2964 5084 tamen
2996 5029 3055 5084 in
3077 5029 3308 5085 deliciis
3341 5036 3397 5084 et
3415 5030 3612 5100 quiete
3639 5028 3744 5083 de-

2090 5115 2344 5187 gebant:
2380 5133 2526 5187 quos
2549 5117 2692 5171 dicit
2721 5117 2912 5171 crucis
2935 5117 3209 5172 inimicos
3239 5134 3252 5182 ;
3278 5135 3414 5172 nam
3443 5117 3740 5172 contrario

2092 5206 2267 5260 modo
2298 5206 2372 5261 ad
2403 5207 2588 5271 illam,
2623 5207 2836 5276 inquit,
2871 5216 3212 5278 operantur,
3268 5209 3395 5278 ipsa
3443 5209 3740 5278 siquidem

2090 5310 2442 5364 generosum
2478 5295 2729 5365 requirit
2759 5295 3046 5360 animum,
3082 5297 3180 5366 qui
3224 5313 3284 5350 se
3320 5297 3599 5368 periculis
3631 5312 3739 5349 ex-

2091 5389 2291 5453 ponat,
2325 5390 2383 5438 et
2413 5384 2713 5455 proprium
2751 5384 3016 5439 imitetur
3045 5386 3398 5440 Dominum:
3434 5386 3491 5439 hi
3541 5394 3740 5441 autem

2090 5473 2274 5527 ventri
2337 5476 2618 5529 serviunt.
2661 5495 2687 5521 «
2746 5474 3006 5536 Quorum
3066 5475 3201 5529 linis
3261 5476 3511 5546 perditio
3551 5482 3661 5530 est.
3713 5498 3734 5526 ι

2094 5564 2266 5616 Recte
2298 5562 2478 5616 finem
2511 5561 2657 5616 dixit
2684 5561 3100 5632 perditionem,
3134 5564 3180 5617 si
3213 5565 3284 5619 ad
3320 5566 3498 5621 finem
3549 5583 3738 5637 usque

2091 5652 2238 5707 tales
2268 5653 2743 5723 permanserint:
2777 5661 2901 5709 erat
2928 5670 3086 5710 θωιιι
3117 5657 3436 5714 verisimile
3468 5675 3569 5715 eos
3599 5674 3740 5729 qua-
