4072 6266
447 342 599 402 1311

1566 338 1973 400 (ECUMENII
2019 338 2324 398 TllICC/E
2371 338 2713 401 EPISCOPI

3671 339 3800 399 1312

439 489 556 543 que
607 469 1029 526 immutan‘dos.
1059 492 1084 517 «ι
1147 470 1407 533 Quorum
1466 468 1611 524 deus
1662 474 1867 525 venter
1915 475 2021 525 est.
2058 490 2085 517 ιι

2219 470 2305 539 lsi}:
2380 465 2728 523 δουλεύουσιν
2793 469 2955 542 αὐτῇ.
3032 470 3157 544 Περὶ
3230 468 3304 521 ὧν
3371 466 3612 541 ἑλλαχοῦ
3673 467 3798 543 φησί·

436 560 734 631 Siquidem
770 559 964 631 ipsum
999 563 1279 629 tanquam
1316 574 1534 630 regem.
1566 560 1685 613 imo
1718 559 1916 630 potius
1959 565 2094 613 tan—

441 666 618 721 quam
653 650 827 704 deum
860 649 1082 703 colunt.
1119 649 1196 703 De
1229 649 1444 719 quibus
1475 648 1613 703 alibi
1668 648 1849 713 dicit;
1883 674 1909 698 α(
1945 647 2091 703 Eda-

442 758 575 796 mus
608 747 666 795 et
697 739 991 805 bibamus,
1024 757 1154 794 eras
1178 741 1334 794 enim
1364 740 1686 794 moriemur
1706 740 1771 792 9°.
1809 762 1835 787 »ι
1861 740 2095 793 Etenim

444 830 522 885 ibi
554 845 788 900 quoque
821 829 892 883 de
926 828 1177 883 addictis
1205 829 1396 883 ventri
1434 847 1500 884 ac
1526 830 1676 900 gula:
1719 828 2093 899 loquebatur.

439 941 467 969 ‹‹
492 920 561 973 Et
588 919 775 991 gloria
806 919 866 973 in
897 918 1187 973 dedecore
1219 919 1504 989 ipsorum.
1543 942 1566 967 η
1604 918 1765 973 Multi
1807 919 1975 974 aiunt
2006 918 2096 988 ip-

440 1024 573 1063 sum
608 1024 714 1079 per
742 1008 867 1063 haec
898 1007 1414 1062 circumcisionem
1448 1007 1733 1070 innuisse.
1766 1013 1827 1061 at
1858 1024 1979 1061 non
2014 1007 2095 1061 ita

439 1103 565 1153 est:
602 1098 706 1153 sed
733 1096 806 1152 ob
833 1113 921 1162 ea,
957 1097 1172 1167 inquit,
1204 1097 1539 1169 gloriantur
1567 1102 1811 1168 propter
1841 1112 1972 1167 quas
2003 1112 2098 1150 oc-

434 1187 648 1255 cultari
680 1192 739 1241 et
768 1187 993 1258 pudore
1023 1186 1180 1242 aftlci
1212 1187 1494 1258 oportuit.
1528 1209 1554 1235 ‹‹
1586 1186 1734 1251 Quia
1788 1184 2097 1241 terrestria

441 1280 669 1331 curant.
702 1296 730 1325 »
765 1276 909 1329 Nam
940 1275 1041 1345 qui
1071 1275 1339 1345 requiem
1371 1292 1437 1331 ac
1469 1274 1716 1330 delicias
1756 1274 2097 1344 requirunt,

446 1365 502 1420 hi
540 1365 844 1421 terrestria
872 1370 1102 1420 curant.

518 1522 615 1589 III,
647 1522 738 1587 20,
769 1522 857 1574 2i.
909 1520 1110 1574 Nostra
1134 1521 1280 1574 enim
1320 1520 1660 1574 conversatio
1704 1519 1761 1573 in
1811 1517 1958 1573 catis
1997 1524 2098 1582 est,

448 1627 513 1664 ex
545 1626 653 1680 quo
679 1612 845 1664 etiam
887 1609 1227 1665 Sulvatorem
1274 1615 1648 1679 exspectamus
1695 1609 1980 1663 Dominum
2008 1610 2097 1661 Je-

448 1716 568 1755 sum
626 1699 922 1761 Christum,
981 1701 1079 1769 qui
1136 1699 1553 1767 transﬁgurabzt
1610 1714 1806 1767 corpus
1852 1704 2100 1752 nostrum

445 1789 742 1859 abjectum,
770 1796 830 1843 ut
864 1792 1044 1857 ipsum
1075 1791 1354 1856 conforme
1381 1788 1480 1857 ﬁat
1510 1790 1729 1857 corpori
1762 1788 1913 1843 102
1946 1786 2101 1841 illius

447 1879 707 1948 glorioso,
739 1879 1036 1933 secundum
1063 1879 1383 1946 efﬁcaciam,
1425 1894 1539 1947 qua
1578 1883 1759 1948 potest
1788 1879 1954 1933 etiam
1981 1878 2102 1931 sub-

439 1969 617 2039 jicere
643 1970 753 2025 sibi
781 1970 985 2023 omnia.

523 2230 765 2301 Oportet
793 2230 992 2301 itaque
1024 2246 1154 2301 quas
1187 2231 1248 2285 in
1288 2229 1450 2285 caelis
1496 2237 1633 2285 sunt
1680 2245 1967 2301 quaerere,
2001 2228 2101 2283 ubi

446 2324 649 2373 nostra
682 2324 771 2372 est
815 2319 1183 2373 conversatio
1223 2324 1326 2374 aut
1357 2325 1573 2373 nostrm
1625 2318 1968 2389 reipublicae
1995 2318 2100 2373 ad—

444 2406 828 2462 ministratio.
862 2407 946 2461 Ibi
979 2424 1237 2478 namque
1287 2408 1637 2476 militamus,
1685 2407 1763 2462 ibi
1814 2407 2102 2480 guberna-

448 2512 603 2559 mur,
644 2519 663 2544 α
703 2497 785 2549 Ex
815 2512 931 2565 quo
963 2495 1141 2550 etiam
1168 2496 1549 2552 Salvatorem.
1586 2518 1612 2544 »
1636 2498 1679 2550 E
1728 2496 1873 2551 coelo
1905 2496 2099 2551 domi-

450 2600 593 2639 num
628 2591 895 2639 nostrum
928 2601 996 2640 ac
1039 2584 1398 2639 Salvatorem
1431 2591 1865 2656 exspectamus,
1899 2585 1998 2655 qui
2041 2584 2101 2638 in

453 2679 703 2744 paterna
733 2674 1039 2745 apparebit
1062 2674 1249 2745 gloria
1279 2676 1340 2729 in
1372 2673 1633 2729 secundo
1664 2675 1914 2729 adventu
1965 2690 2101 2729 cum

456 2763 679 2817 sanctis
709 2762 933 2834 angelis
964 2763 1106 2817 suis.
1141 2764 1476 2828 Quinetiam
1511 2762 1976 2833 transligurabit,
2011 2762 2101 2817 in-

456 2851 605 2921 quit,
640 2867 708 2906 ac
729 2851 1119 2906 commutabit
1148 2868 1412 2923 praesens
1452 2868 1685 2923 corpus.
1719 2851 1956 2906 Vocavit
1996 2867 2103 2905 au-

459 2944 577 2992 tem
609 2939 803 3009 ipsum
834 2939 1153 3010 abjectum,
1206 2956 1274 2994 eo
1306 2940 1464 3010 quod
1509 2940 1843 3011 subjectum
1867 2940 1945 2994 sit
1973 2955 2103 2995 cor-

459 3027 718 3099 ruptioni
769 3034 828 3083 et
877 3028 1257 3100 passionibus
1313 3046 1380 3085 ac
1411 3029 1734 3085 doloribus.
1786 3031 1856 3083 Et
1906 3030 2101 3099 faciet,

457 3117 671 3188 inquit,
702 3118 895 3172 simile
926 3118 1015 3172 illi
1048 3136 1153 3174 suo
1176 3120 1407 3189 corpori
1441 3119 1600 3190 quod
1630 3136 1664 3175 a
1693 3119 1915 3175 dextris
1940 3119 2108 3173 sedet

2198 580 2229 609 ‹‹
2260 558 2532 633 Φαγωμεν
2564 557 2654 613 καὶ
2685 556 2922 632 πίωμεν,
2956 553 3144 632 αὔριον
3195 558 3296 630 γὰρ
3336 557 3742 626 ἀποθνῄσκοιμεν.
3779 580 3801 605 ιν

2200 648 2301 704 Καὶ
2333 648 2437 723 γὰρ
2482 647 2635 701 κάκεῖ
2700 648 2823 723 περὶ
2880 650 3300 724 γαστριμάργὼν
3365 641 3533 718 ἕλε-[ε’
3592 669 3618 696 ιι
3652 644 3802 714 Καὶή

2200 732 2326 806 δόξα
2356 734 2407 791 ἐν
2432 739 2501 809 τῇ
2533 736 2762 815 αἰσχύνῃ
2797 736 2993 791 αὐτῶν.
3028 762 3054 787 ››
3335 735 3485 811 φασὶ,
3539 733 3633 801 τήν
3681 751 3807 807 περι.

2200 827 2377 898 τιμήν
2406 826 2565 880 αὐτὸν
2595 824 2683 880 διὰ
2731 825 2938 882 τούτων
2999 826 3294 899 εἴρηκὲναι,
3352 822 3480 878 ἀλλ’
3522 822 3619 877 ούκ
3670 818 3806 879 ἔστιν.

2202 912 2366 970 Ἀλλ’
2397 915 2503 983 ὃτι,
2532 916 2717 995 φησὶν,
2748 912 2831 992 ἐφ’
2888 914 2972 975 οἶς
3030 912 3459 988 ἕγκαλύπτεσθαι
3514 911 3604 965 καὶ
3647 911 3813 984 αἰσχύ-

2200 1006 2383 1059 νεσθαι
2416 1000 2546 1075 ἔδει,
2612 1004 2699 1061 ἐπὶ
2765 1005 2981 1067 τούτοις
3045 1008 3379 1082 καυχῶνται.
3420 1027 3451 1055 ι(
3492 1002 3562 1059 Οἱ
3599 1001 3660 1055 τὰ
3715 1000 3811 1055 ἐπί-

2200 1116 2319 1170 γεια
2358 1100 2764 1175 φρονοῦντες.»
2823 1096 2891 1154 Οἱ
2948 1096 3048 1171 γὰρ
3106 1093 3283 1149 ἄνεσιν
3337 1093 3426 1148 καὶ
3489 1093 3689 1167 τρυφήν
3721 1090 3816 1147 ἑπι-

2206 1187 2522 1257 ζητοῦντες,
2552 1186 2618 1240 τὰ
2650 1184 2863 1262 ὶπὶγεια
2893 1187 3202 1260 φρονοῦσιν.

2276 1511 2466 1581 Ἦμῶν
2522 1510 2625 1585 γὰρ
2699 1507 2761 1562 τὸ
2835 1506 3143 1580 πολίτευμα
3218 1504 3269 1560 ἰν
3347 1505 3613 1576 οὐρανοῖς
3680 1503 3824 1575 ὓπαρ-

2206 1617 2318 1672 χει,
2391 1596 2445 1668 ἐξ
2518 1598 2583 1653 οὗ
2657 1596 2748 1653 καὶ
2824 1603 3058 1670 Σωτῆρα
3132 1591 3559 1669 ἀπελδεχὸμεθα
3657 1592 3823 1666 Κύριον

2205 1688 2415 1757 Ἰησοῦν
2491 1687 2751 1761 Χρίστὸν,
2828 1687 2887 1747 ὃς
2966 1684 3438 1760 μετασχηματίσει
3544 1682 3607 1737 τὸ
3695 1685 3825 1752 σῶμα

2202 1783 2302 1845 τῆς
2378 1778 2753 1838 ταπεινώσεως
2827 1778 2986 1846 ἡμῶν
3061 1773 3137 1836 εἷς
3229 1774 3292 1828 τὸ
3381 1773 3635 1847 γενέσθαι
3720 1768 3829 1825 αὐτὸ

2208 1868 2533 1945 σύμμορφον
2568 1871 2648 1939 τῷ
2686 1866 2901 1940 σώματι
2955 1872 3055 1934 τῆς
3118 1862 3279 1934 δόξης
3335 1863 3509 1918 αὐτοῦ
3567 1861 3701 1916 κατᾶ
3754 1861 3832 1926 τὴν

2209 1955 2478 2030 ἐνέργειαν
2579 1959 2675 2011 τοῦ
2778 1952 3027 2020 δύνασθαι
3148 1953 3308 2009 αὐτὸν
3408 1954 3501 2008 καὶ
3608 1950 3834 2023 ὑποτάξαι

2209 2045 2384 2118 ἑαυτῷ
2412 2046 2478 2099 τὰ
2506 2046 2696 2101 πάντα.

2282 2227 2372 2277 Δεῖ
2403 2224 2494 2277 οὗν
2524 2222 2591 2277 τὰ
2622 2221 2673 2277 iv
2706 2223 2924 2297 οὐρανῷ
2957 2226 3158 2292 ζητεῖν,
3209 2215 3332 2285 ἔνθα
3383 2224 3551 2292 ἡμῶν
3599 2221 3660 2274 τὸ
3705 2217 3841 2274 πολι-

2208 2312 2382 2385 τευμά
2431 2311 2589 2367 ἔστιν.
2659 2313 2807 2369 Ἐκεῖ
2870 2311 2974 2385 γὰρ
3042 2311 3465 2383 στρατευόμεθα,
3529 2308 3642 2364 ἐκεῖ
3698 2307 3840 2364 πολι-

2208 2401 2494 2473 τευόμεθα.
2529 2425 2557 2452 ‹‹
2591 2402 2673 2470 Ἐξ
2712 2401 2769 2455 οὗ
2797 2402 2889 2455 καὶ
2949 2402 3202 2473 Σωτῆρα.
3237 2422 3265 2452 ››
3478 2398 3714 2475 ούρανοῦ
3762 2399 3835 2452 τὸν

2212 2491 2410 2565 Κύριον
2443 2490 2602 2562 ἡμῶν
2633 2490 2723 2545 καὶ
2757 2496 2990 2557 Σωτῆρα
3036 2485 3476 2563 ἀπεκδεγόμεθα,
3541 2486 3593 2543 ἐν
3651 2490 3717 2560 τῇ
3759 2507 3839 2540 πα·

2211 2580 2355 2654 ερῴᾳ
2412 2578 2788 2656 φανησόμενον
2846 2575 2993 2652 δόξῃ,
3050 2576 3102 2633 ἐν
3160 2582 3230 2652 τῇ
3289 2576 3519 2651 δευτέρᾳ
3602 2576 3840 2650 παρουσίᾳ

2213 2669 2350 2741 μετὰ
2378 2673 2486 2723 τῶν
2519 2668 2689 2741 ἁγίων
2717 2667 2885 2723 αὐτοῦ
2915 2665 3178 2743 ἀγγέλων,
3229 2666 3309 2735 ὅς,
3360 2667 3524 2744 φησὶ,
3557 2666 3644 2721 καὶ
3708 2685 3838 2738 μετα-

2212 2761 2548 2838 σχηματίσει
2579 2760 2669 2814 καὶ
2712 2755 3012 2832 μεταϐαλεῖ
3064 2761 3128 2814 τὸ
3192 2764 3283 2814 νῦν
3343 2764 3531 2833 σῶμα.
3592 2758 3836 2816 Ταπεινώ-

2212 2869 2347 2911 σεως
2415 2845 2474 2903 δὲ
2519 2848 2651 2904 αὐτὸ
2735 2844 2977 2913 ἐκάλεσε,
3037 2845 3130 2902 διὰ
3182 2850 3245 2902 τὸ
3305 2849 3633 2911 ὑποκεῖσθαι
3695 2847 3839 2921 φθορᾷ

2210 2939 2301 2993 καὶ
2332 2940 2522 3002 πάθεσι
2550 2938 2641 2992 καὶ
2672 2932 2911 2998 ὀδύναις.
2969 2936 3067 2991 Καὶ
3124 2938 3366 3006 ποιήσει,
3430 2938 3621 3012 φησὶν,
3672 2931 3836 3004 ὅμοιον

2212 3028 2404 3099 ἐκείνῳ
2432 3030 2510 3098 τῷ
2539 3027 2754 3099 σώματι
2792 3024 2978 3095 αὐτοῦ,
3029 3030 3109 3097 τῷ
3160 3025 3221 3080 ὲκ
3262 3022 3454 3095 δεξιῶν
3506 3029 3607 3081 τοῦ
3656 3021 3836 3095 Πατρὸς

2214 3120 2537 3192 καθημὲνῳ,
2566 3122 2647 3191 τῷ
2683 3119 3143 3194 προσκυνουμένῳ
3197 3118 3343 3191 παρᾶ
3399 3123 3513 3173 τῶν
3561 3115 3838 3190 ἀσωμάτων

459 3204 671 3269 Patris,
706 3211 766 3258 et
812 3204 884 3259 ab
943 3205 1309 3277 incorporeis
1364 3207 1645 3262 adoratur
1696 3206 2107 3279 potestatibus.

2223 3205 2523 3280 δυνάμεων.
2561 3208 2664 3263 Καὶ
2693 3192 2795 3282 γαρ
2827 3207 2903 3269 εἰς
2932 3205 3198 3285 ἃφθαρτον
3238 3207 3329 3262 καὶ
3380 3208 3447 3262 τὸ
3496 3210 3660 3279 ἡμῶν
3710 3224 3844 3278 μετα-

461 3291 763 3362 Siquidem
798 3299 1067 3348 nostrum
1101 3311 1338 3365 quoque
1371 3312 1583 3367 corpus
1610 3296 1669 3350 in
1713 3296 2118 3351 immortalita-

464 3386 581 3435 tem
616 3383 1113 3437 transmutabitur
1162 3402 1267 3453 per
1295 3385 1543 3455 gratiam
1596 3385 1699 3439 Dei
1749 3386 1936 3440 nostri
1979 3387 2116 3440 Jesu

460 3469 696 3523 Christi.
729 3471 821 3521 νω
857 3470 929 3523 iis
959 3471 1059 3539 qui
1094 3471 1165 3524 ab
1192 3472 1303 3527 hac
1327 3473 1610 3527 excidunt
1638 3473 1845 3542 gloria,
1877 3481 1933 3528 et
1980 3490 2116 3529 cum

463 3557 834 3615 dazmonibus
881 3566 1292 3615 numerantur.
1344 3582 1373 3610 «
1428 3561 1534 3625 Qui
1588 3560 2051 3633 transﬁgurabit.
2088 3584 2116 3611 ››

463 3646 627 3701 Multi
660 3646 1004 3702 existimant
1032 3647 1193 3703 aliud
1236 3648 1646 3705 suscitandum
1695 3666 1908 3720 corpus
1940 3649 2001 3703 in
2031 3666 2121 3704 re-

468 3736 858 3800 surrectione,
893 3742 953 3791 et
982 3752 1104 3791 non
1136 3737 1247 3792 hoc
1277 3747 1393 3792 bno
1442 3755 1605 3793 nunc
1655 3737 2116 3803 circumdamur,

466 3831 779 3896 propterea
810 3826 969 3895 quod
1002 3826 1227 3883 dictum
1260 3828 1355 3894 sit,
1398 3829 1865 3901 Transfigurabit
1904 3846 2120 3900 corpus

467 3921 736 3970 nostrum
770 3913 1067 3986 abjectum
1098 3916 1161 3969 in
1195 3933 1411 3988 corpus
1442 3918 1643 3990 gloria;
1676 3935 1818 3973 suae.
1852 3917 1963 3973 Sed
1993 3918 2121 3973 vide

468 4003 613 4073 quid
645 4002 801 4059 dicat
828 4004 1157 4060 Methodius
1180 4005 1331 4061 libro
1356 4008 1426 4062 de
1440 4009 1910 4065 Resurrectione.
1941 4009 2125 4064 Etiam

470 4092 583 4147 hoc
614 4092 853 4147 interim
908 4111 1125 4165 corpus
1168 4102 1438 4151 nostrrm
1490 4114 1702 4168 corpus
1749 4098 1951 4169 gloriae
1997 4103 2125 4154 erat

472 4187 609 4235 ante
642 4182 1190 4253 transgressionem.
1228 4191 1286 4240 et
1336 4185 1482 4241 adeo
1531 4186 1853 4257 gloriosum
1904 4195 2030 4243 erat
2058 4193 2125 4241 ut

467 4285 627 4324 nunc
658 4278 790 4341 post
815 4273 1349 4339 transgressionem
1380 4291 1595 4346 corpus
1628 4276 1927 4347 abjectum
1959 4277 2121 4331 dica-

466 4364 583 4414 tur.
612 4359 919 4429 Siquidem
950 4361 1064 4415 nisi
1098 4361 1422 4433 gloriosum
1457 4380 1526 4419 ac
1557 4364 1841 4435 inclytum
1890 4366 2119 4433 fuisset,

469 4464 846 4518 nequaquam
880 4466 1039 4504 nunc
1058 4450 1355 4521 abjectum
1374 4453 1796 4523 appellaretur.
1832 4453 2124 4523 Abjicitur

2220 3294 2560 3368 ϐληθήσεύαι
2638 3301 2822 3369 σῶμα,
2899 3297 3087 3372 χάριτι
3160 3316 3255 3351 τοι»
3299 3300 3438 3351 Θεοῦ
3488 3298 3655 3368 ἡμῶν
3696 3294 3845 3363 Ἰησοῦ

2220 3387 2473 3460 Χρισνοῦ.
2517 3384 2654 3443 Ούαὶ
2719 3390 2835 3446 τοῖς
2889 3383 3214 3440 ἐκπίπτουσι
3267 3384 3473 3453 ταύτης
3531 3391 3634 3452 τῆς
3687 3379 3840 3451 δόξης.

2218 3477 2308 3530 καὶ
2353 3476 2487 3548 μετὰ
2517 3472 2791 3548 δαιμόνων
2846 3473 3227 3546 τασσομένοις.
3291 3499 3320 3525 κ
3352 3475 3449 3536 "Oc
3504 3490 3842 3547 μετασχημα-

2217 3563 2376 3622 τίσει.
2415 3588 2441 3615 n
2474 3562 2686 3620 Πολλοὶ
2716 3562 3033 3636 νομίζουσιν
3065 3558 3249 3639 ἕτερον
3286 3566 3449 3635 σῶμα
3507 3560 3843 3636 πνευματικὸν

2222 3651 2523 3730 ἐγείρεσθαι
2581 3650 2633 3707 ἐν
2699 3656 2768 3724 τῇ
2826 3652 3129 3720 ἀναστάσει,
3219 3651 3309 3706 καὶ
3361 3651 3424 3705 οὐ
3480 3654 3650 3707 τοῦτο
3703 3650 3730 3704 δ
3774 3651 3841 3700 νῦν

2220 3743 2597 3815 περικείμεθα,
2665 3737 2754 3795 δια
2809 3741 2870 3795 τὸ
2925 3742 3198 3815 εἰρῆσθαι,
3287 3740 3750 3815 μετασχηματίσει
3796 3735 3843 3790 τὸ

2223 3837 2382 3904 σῶμα
2462 3833 2554 3898 τῆς
2630 3830 3004 3892 ταπεινώσεως
3080 3832 3263 3903 ἡμῶν,
3342 3829 3417 3891 εἷς
3478 3830 3544 3885 τὸ
3585 3833 3738 3900 σῶμα
3769 3831 3845 3892 τῆς

2222 3918 2382 3990 δόξης
2456 3920 2645 3975 αὐτοῦ.
2723 3916 2881 3976 Ἀλλ’
2957 3917 3056 3994 ὅρα
3092 3917 3145 3973 τί
3187 3939 3320 3995 φησι
3372 3915 3668 3978 Μεθόδειος
3705 3917 3751 3970 ἓν
3780 3916 3841 3983 τῷ

2221 4009 2346 4084 περὶ
2386 4008 2722 4069 ἀναστάσεως
2764 4005 2937 4084 λόγῳ.
2999 4007 3095 4062 Καὶ
3162 4008 3322 4061 τοῦτό
3390 4028 3528 4062 ποτε
3592 4009 3741 4077 ἡμῶν
3793 4000 3840 4056 τὸ

2224 4103 2403 4171 σῶμα,
2480 4101 2640 4169 σῶμα
2716 4094 2876 4167 δόξης
2951 4095 3018 4164 ἦν
3093 4095 3202 4166 πρὸ
3284 4102 3388 4164 τῆς
3489 4089 3836 4162 παραϐάσεως,

2221 4187 2319 4243 καὶ
2345 4186 2518 4248 οὕτως
2550 4182 2766 4255 ἔνδοξον
2796 4184 2887 4254 ἦν,
2947 4185 3030 4239 ’ὁτι
3072 4188 3161 4238 νῦν
3210 4187 3348 4257 μετᾶ
3398 4186 3501 4255 τήν
3552 4179 3838 4258 παράϐασιν,

2225 4282 2383 4349 σῶμα
2414 4275 2791 4335 ταπεινώσεως
2824 4273 3058 4347 λέγεται.
3107 4272 3185 4331 Ού
3242 4274 3350 4348 γὰρ
3397 4273 3460 4329 ἄν
3502 4274 3548 4330 εἰ
3600 4274 3673 4347 μή
3716 4266 3836 4326 ἔνδο-

2223 4367 2310 4435 ξον
2342 4365 2430 4433 ἧν,
2488 4362 2867 4425 ταπεινώσεως
2921 4366 3012 4416 νῦν
3073 4360 3306 4433 ἐκλήθη.
3366 4364 3714 4418 Ταπεινοῦται
3759 4357 3835 4434 γὰρ

2224 4452 2330 4508 ἀπὸ
2362 4451 2681 4529 σφάλματος
2738 4452 2801 4507 τὸ
2858 4449 3098 4522 ἔνδοξον.
3170 4451 3249 4508 Τὸ
3314 4454 3418 4526 γὰρ
3485 4451 3567 4507 ἀεὶ
3629 4446 3836 4505 ταπεινὸν

467 4537 627 4590 enim
660 4542 719 4590 et.
741 4536 1093 4607 deprimitur
1116 4554 1224 4608 per
1271 4538 1501 4610 lapsum
1534 4539 1594 4594 id
1639 4539 1799 4611 quod
1828 4540 2110 4613 inclytum

2228 4542 2327 4597 οὐκ
2358 4541 2415 4596 αν
2448 4563 2532 4603 τις
2562 4541 2707 4596 εἳποι
2734 4540 2817 4595 ὅτι
2850 4537 2942 4595 διὰ
2989 4541 3090 4609 τὴν
3148 4534 3453 4614 παράϐασιν
3515 4538 3831 4602 ἐταπεινώθη.

464 4627 597 4683 fuit.
629 4631 773 4684 Nam
810 4628 965 4699 quod
1018 4647 1254 4702 semper
1292 4631 1518 4688 humile
1561 4631 1692 4700 fuit,
1744 4650 1863 4688 non
1914 4640 2117 4705 posset

469 4716 585 4771 dici
618 4734 722 4788 per
740 4719 1240 4791 trangressionem
1263 4720 1661 4777 bumiliatum.
1687 4723 1916 4778 Etenim
1936 4724 2115 4778 etiam

470 4806 542 4862 de
577 4823 644 4862 eo
675 4808 775 4877 qui
821 4808 1032 4873 stabat,
1064 4808 1112 4863 si
1157 4809 1328 4865 cadat
1373 4810 1627 4867 dicimus
1676 4814 1833 4884 quod
1864 4812 2116 4869 cecidit:

472 4894 544 4951 de
576 4911 646 4951 eo
678 4913 812 4951 vero
845 4897 945 4967 qui
970 4913 1208 4969 semper
1230 4899 1437 4969 jacuit.
1467 4900 1668 4956 nullus
1690 4902 1904 4972 poterit
1924 4901 2121 4957 dicere

476 4985 634 5055 quod
666 5002 874 5041 errans
906 4986 1205 5043 ceciderit.
1242 4988 1361 5043 Hoc
1408 4989 1607 5060 itaque
1639 5007 1852 5062 corpus
1900 4992 2122 5046 factum

474 5073 701 5129 humile
734 5080 791 5128 et
836 5076 1160 5147 gloriosum
1210 5084 1477 5149 resurget
1515 5084 1575 5133 et
1621 5096 1736 5133 non
1779 5079 1960 5135 aliud.
1992 5102 2021 5129 ‹‹
2054 5081 2125 5135 Ut

475 5164 669 5235 ipsum
698 5168 1003 5221 con"orme
1030 5166 1149 5223 fiat.
1177 5190 1203 5216 ››
1228 5168 1461 5224 Fortem
1483 5183 1551 5223 ac
1570 5168 1962 5224 indubitatam
1989 5168 2129 5225 facit

475 5254 651 5309 ﬁdem
694 5255 853 5325 quod
897 5256 1140 5310 omnino
1194 5259 1737 5330 transfigurandum
1787 5259 1864 5314 sit
1914 5276 2127 5330 corpus

478 5352 748 5400 nostrum
773 5345 1069 5416 abjectum
1094 5346 1167 5418 (si
1199 5348 1376 5402 modo
1406 5349 1812 5416 voluerimus),
1846 5355 1913 5403 ut
1935 5350 2128 5420 ipsum

478 5436 785 5490 conformo
819 5435 921 5490 fiat
948 5435 1150 5508 gloria:
1181 5435 1386 5507 ipsius.
1421 5437 1477 5491 Si
1511 5437 1672 5493 enim
1703 5437 1777 5493 ad
1810 5438 1921 5494 hoc
1950 5439 2133 5505 venit,

480 5520 700 5595 inquit,
731 5524 1018 5580 Dominus
1058 5530 1263 5580 noster
1286 5526 1456 5582 Iesus
1476 5526 1765 5594 Christus,
1787 5528 1923 5599 quis
1944 5527 2132 5585 ambi-

548 5638 594 5671 “
625 5639 648 5692 Ι
675 5639 807 5692 Cor.
841 5656 927 5693 xv.
957 5643 1044 5693 32.

2224 4630 2327 4689 Καὶ
2355 4632 2457 4705 γὰρ
2489 4629 2577 4685 καὶ
2621 4630 2745 4704 περὶ
2797 4633 2895 4684 τοῦ
2953 4629 3241 4701 ἱσταμένου
3298 4628 3342 4683 εὶ
3402 4627 3576 4697 πέσοι,
3636 4625 3826 4700 λέγομεν

2227 4723 2311 4776 ὅτι
2340 4714 2516 4788 ἔπεσε,
2549 4718 2672 4794 περὶ
2708 4715 2766 4774 δὶ
2811 4722 2908 4774 τοῦ
2956 4717 3038 4773 ἀεὶ
3087 4716 3362 4790 κειμένου,
3416 4718 3516 4774 οὐκ
3554 4716 3612 4773 ἄν
3657 4738 3730 4776 τις
3768 4709 3826 4767 εἳ·

2228 4831 2322 4865 ποι
2362 4809 2446 4865 ὅτι
2485 4810 2804 4883 ἁμαρτήσας
2870 4802 3075 4867 ἔπεσεν.
3145 4809 3303 4864 ΙὨστε
3365 4812 3529 4864 τοῦτο
3590 4808 3649 4862 τὸ
3705 4808 3829 4873 σῶμα

2230 4899 2500 4978 ἄφθαρτον
2530 4900 2618 4955 καὶ
2648 4893 2864 4969 ἔνδοξον
2920 4898 3228 4973 γινόμενον,
3286 4898 3587 4968 ἀνίσταται,
3629 4895 3708 4952 καὶ
3744 4893 3829 4963 οὐχ

2229 4987 2432 5064 ἕτερον.
2468 5017 2494 5043 (ι
2532 4989 2620 5051 Εἲς
2658 4990 2720 5044 τὸ
2775 4984 3015 5064 γενέσθαι
3056 4988 3189 5043 αὐτὸ
3238 4988 3585 5067 σύμμορφον.
3621 5012 3645 5037 ιι
3687 4987 3829 5055 Ἰσχυ·

2237 5081 2328 5155 ραν
2383 5077 2473 5134 καὶ
2534 5077 2933 5153 ἀναμφίλεκτον
3000 5077 3180 5131 πίστιν
3268 5077 3449 5147 τίθησι
3513 5081 3606 5131 τοῦ
3660 5077 3825 5128 παντως

2241 5167 2823 5243 μετασχηματισθῆναι
2852 5166 2915 5221 τὸ
2955 5168 3114 5239 σῶμα
3142 5172 3243 5235 τῆς
3298 5166 3664 5225 ταπεινώσεως
3702 5161 3822 5231 ἡμῶν

2238 5254 2297 5312 ἄν
2329 5258 2493 5329 μόνον
2529 5253 2883 5331 βουλώμεθα,
2924 5253 3000 5317 εἰς
3046 5254 3107 5310 τὸ
3152 5253 3395 5331 γενέσθαι
3447 5253 3573 5309 αὐτὸ
3617 5251 3822 5322 σύμμορ-

2239 5368 2338 5403 ωον
2415 5355 2515 5417 τῆς
2592 5344 2753 5417 δόξης
2831 5346 3016 5404 αὐτοῦ.
3094 5345 3161 5405 Εἰ
3208 5346 3338 5421 γαρ,
3385 5347 3568 5423 φησὶν,
3612 5346 3638 5399 ὁ
3673 5341 3822 5413 Κύριος

2239 5438 2402 5510 ἡμῶν
2444 5437 2657 5507 Ἰησοῦς
2723 5436 2751 5490 ὁ
2818 5435 3049 5510 Χριστὸς
3121 5433 3207 5490 ἰπὶ
3272 5434 3451 5507 τούτῳ
3513 5430 3819 5508 παραγίνεται,

2241 5524 2324 5589 τίς
2402 5519 2809 5603 ἀμφισϐητήσει
2884 5525 2967 5580 ὃτι
3043 5523 3106 5579 ού
3182 5525 3393 5587 πάντως
3463 5519 3602 5581 ἔσται
3664 5521 3815 5575 τοῦτοὲ
