4072 6266
298 361 456 422 4313

1333 366 1740 430 ΟΘΜΜΕΝΤ.
1788 370 1865 428 ΙΝ
1913 367 2156 430 EPIST.
2216 369 2327 431 AD
2383 371 2672 433 PHlLlP.

3550 373 3706 435 13M

294 496 434 555 Εἶτα
487 497 663 563 θέλεις
718 501 807 556 καὶ
868 501 1015 558 ἱτὲαν
1074 499 1391 574 indas-iw;
1426 586 1427 589 η
1457 503 1713 578 ὑποτάξαι
1772 504 1945 576 ἑαυτῷ

2063 510 2154 577 get
2183 506 2326 578 quin
2358 506 2603 563 omnino
2635 507 2695 562 id
2726 508 2890 563 erit?
2920 508 3143 564 Deinde
3175 509 3257 564 vis
3284 514 3345 563 et
3373 509 3554 564 aliam
3602 509 3708 564 de-

304 586 561 662 βοόλεται
592 590 781 647 πάντα.

375 794 405 824 α
435 778 526 828 Δεῖ
553 773 656 847 γάρ
687 772 874 841 αὐτὸν,
931 774 1086 854 φησὶ,
1143 774 1451 850 βασιλεύειν
1510 774 1672 851 ἄχρις
1716 775 1776 831 ἂν
1812 775 1948 831 ὑπο-

297 867 437 937 ταγῇ
468 862 618 935 αὖτῷ
673 864 741 919 τὰ
798 864 990 922 πάντα.
1022 890 1049 915 ››
1108 866 1231 922 Καί.
1292 890 1320 919 (ι
1358 869 1525 922 ’Ὁταν
1585 866 1643 920 δὲ
1696 867 1944 941 ὑποταγῇ

301 950 449 1021 αότῴ
478 952 544 1006 τά
574 953 767 1007 πάντα.
804 976 832 1004 ››
868 952 926 1007 Εἰ
959 953 1053 1007 οὖν
1096 952 1255 1015 αὐτὸς
1287 954 1314 1009 6
1354 954 1478 1016 Υἱὸς
1532 954 1827 1030 βασιλεύει,
1856 955 1949 1009 ἳνα

303 1039 542 1114 ὑποτάξῃ
595 1039 741 1112 αὑτῷ
806 1041 873 1096 τὰ
939 1042 1133 1109 πάντα,
1185 1043 1272 1096 καὶ
1323 1044 1496 1097 πάντα
1546 1043 1947 1119 ὑποταγήσεται

303 1128 451 1199 αὑτῷ
488 1133 731 1195 πάντως,
763 1126 1018 1199 δηλονότι
1074 1129 1163 1184 καὶ
1220 1130 1284 1186 16
1340 1136 1500 1205 σῶμα
1549 1139 1648 1201 τῆς
1678 1132 1948 1188 ταπεινώ-

301 1238 436 1279 σεως
464 1220 625 1289 ἡμῶν
656 1217 831 1293 ἄνπερ
874 1219 1038 1292 μόνον
1084 1223 1247 1295 ἡμεῖς
1294 1220 1637 1293 θελήσωμεν,
1667 1223 1951 1297 ὑποταγή-

303 1326 454 1361 σεται
485 1305 649 1378 αὐτῷ.
709 1308 1091 1364 Ύποτάσσεται
1144 1306 1222 1379 δὲ,
1279 1310 1369 1365 ὃτε
1430 1307 1598 1382 μηδὶν
1653 1309 1948 1373 στασιῶδες

299 1395 392 1450 καὶ
448 1394 720 1468 πολέμιον
779 1398 915 1471 πρὸς
971 1397 1062 1453 τὸν
1124 1397 1461 1468 ὑποτάξαντα
1491 1398 1541 1454 ἐν
1575 1400 1747 1470 ἑαυτῷ
1778 1401 1949 1477 φέρει,

299 1483 449 1540 ἀλλά
478 1484 651 1541 πάντα
695 1485 957 1567 σύμφωνα
1002 1488 1088 1542 καὶ
1143 1485 1455 1561 συνᾴδοντα,
1487 1488 1539 1544 ἔν
1567 1510 1626 1545 τε
1655 1484 1830 1544 πίστει
1862 1489 1951 1543 καὶ

303 1573 357 1629 ὲν
389 1571 660 1646 πολιτείᾳ.
689 1577 856 1634 ’Ὁταν
891 1572 948 1631 δὲ
977 1576 1148 1639 οὕτως
1213 1578 1457 1653 ὑποταγῇ
1511 1576 1661 1650 αὑτῷ
1700 1578 1763 1632 τὸ
1793 1581 1954 1650 σῶμα

302 1669 403 1732 τῆς
449 1665 824 1726 ταπεινώσεως
877 1666 1061 1737 ἡμῶν,
1114 1665 1650 1740 μετασχηματίζεται
1690 1663 1951 1737 δηλονότι

300 1753 410 1809 ἀπὸ
458 1761 559 1824 τῆς
616 1755 995 1817 ταπεινώσεως
1051 1762 1150 1826 τῆς
1208 1756 1344 1811 κατὰ
1396 1758 1497 1826 τήν
1554 1756 1821 1832 ἁμαρτίαν
1861 1756 1952 1811 καὶ

2060 596 2555 652 monstrationem
2614 598 2642 652 ?
2697 599 2849 654 103
2908 598 3210 671 Subjicere
3265 599 3391 654 vult
3473 600 3702 672 sibiipsi

2060 688 2281 742 omnia.

2133 798 2160 825 (ι
2195 777 2337 832 Nam
2367 781 2623 847 oportet,
2652 776 2754 837 ait.
2791 777 2960 831 illum
2992 794 3237 849 regnare
3270 777 3457 833 donec
3519 779 3702 849 subji-

2060 864 2295 919 ciuntur
2320 865 2429 935 ipsi
2459 866 2661 921 omnia
2687 865 2751 900 ’7'
2786 888 2814 916 «
2843 869 2913 921 Et
2944 884 2956 920 :
2994 889 3018 913 ιι
3051 867 3193 921 Cum
3219 874 3417 922 autem
3440 867 3708 935 subjecta

2058 953 2283 1007 fuerint
2312 954 2423 1024 ipsi
2456 955 2655 1009 omnia
2682 954 2746 1008 2⁸.
2787 980 2807 1005 ι
2847 955 2903 1009 Si
2934 955 3113 1026 igitur
3146 962 3352 1028 regnat
3382 957 3504 1026 ipse
3525 958 3710 1013 Filius

2061 1043 2253 1099 donec
2283 1045 2676 1114 subjiciantur
2699 1045 2809 1116 ipsi
2841 1046 3061 1111 omnia,
3123 1054 3183 1101 et
3239 1048 3484 1102 omnino
3529 1047 3713 1118 subji-

2062 1133 2295 1188 cientur
2324 1133 2438 1205 ipsi
2470 1135 2690 1193 omnia.
2742 1136 3123 1191 manifestum
3184 1143 3277 1191 est
3326 1137 3487 1206 quod
3528 1137 3709 1193 etiam

2064 1237 2277 1292 corpus
2309 1229 2577 1277 nostrum
2611 1224 2907 1293 abjectum
2967 1226 3037 1293 (si
3094 1225 3269 1280 modo
3322 1225 3706 1298 voluerimus)

2064 1310 2351 1365 subde-tur
2381 1311 2514 1381 ipsi.
2549 1312 2831 1367 Subditur
2860 1320 3057 1369 autem
3084 1331 3219 1369 cum
3278 1315 3429 1369 nihil
3473 1315 3710 1370 seditio-

2064 1416 2194 1455 sum
2227 1406 2286 1455 et
2314 1400 2527 1455 hostile
2557 1401 2616 1455 in
2640 1402 2834 1473 seips‘o
2876 1409 3065 1473 gestat
3123 1410 3182 1457 et
3234 1403 3514 1458 adversus
3570 1421 3707 1460 eum

2065 1489 2164 1558 qui
2199 1488 2452 1559 subjecit
2481 1489 2700 1560 ipsum,
2735 1491 2838 1546 sed
2869 1508 3130 1547 consona
3159 1493 3360 1547 omnia
3390 1500 3449 1547 et
3476 1493 3709 1548 confor-

2066 1578 2185 1632 mia
2217 1583 2334 1633 tam
2366 1578 2427 1632 in
2459 1580 2574 1634 ﬁde
2606 1596 2783 1650 quam
2815 1580 2877 1634 in
2939 1581 3406 1637 conversatione.
3467 1582 3710 1647 Quando

2065 1673 2264 1723 autem
2288 1667 2371 1723 ita
2386 1668 2687 1723 subditum
2709 1669 2890 1724 fuerit
2911 1670 2963 1724 ei
2983 1687 3199 1742 corpus
3247 1676 3519 1726 nostrum
3549 1671 3718 1747 abjee.

2066 1760 2246 1823 ctum,
2282 1756 2804 1829 transﬁgurabitur
2834 1774 2973 1813 sane
3005 1775 3041 1814 a
3069 1758 3402 1830 dejectione
3448 1759 3567 1814 sive
3615 1758 3713 1815 de-

299 1843 401 1912 τήν
435 1845 657 1920 φθοράν,
709 1844 799 1899 καὶ
858 1844 1061 1918 γίνεται
1120 1844 1546 1918 σύμμουονιτῷ
1602 1846 1814 1917 σώματι
1856 1853 1949 1915 τῆς

2063 1846 2370 1918 pressione
2403 1861 2534 1916 qum
2566 1851 2656 1903 est
2686 1864 2756 1902 ex
2786 1852 3027 1918 peccato
3081 1853 3140 1903 et
3197 1849 3598 1920 corruptione,
3652 1855 3711 1904 et

300 1930 465 2005 δόξης
495 1932 681 1991 αὐτοῦ.
715 1935 957 1998 Μάταιος
1017 1936 1046 1990 6
1099 1931 1287 2010 φόϐος.
1324 1936 1401 1994 Οὑ
1454 1934 1537 1991 δεῖ
1568 1934 1625 1992 δί
1656 1935 1838 2013 λέγειν
1866 1937 1953 1993 ὅτι

296 2026 381 2094 τῷ
411 2022 628 2094 σώματι
682 2028 780 2079 τοῦ
833 2024 958 2078 Υἱοῦ
986 2025 1016 2079 6
1047 2025 1171 2086 Υἱὸς
1229 2025 1447 2098 ὑπτάξει
1475 2025 1545 2082 τά
1573 2026 1767 2095 πάντα,
1801 2024 1948 2085 ἀλλ’.

298 2110 385 2167 ὅτι
416 2111 579 2173 αὐτὸς
612 2112 807 2185 ἐαυτῷ,
843 2112 870 2167 6
904 2111 1088 2168 εἰπών’
1143 2136 1169 2166 α
1196 2110 1395 2183 Ἐδόθη
1442 2135 1538 2189 μοι
1567 2118 1709 2169 πᾶσα
1739 2113 1952 2185 ἐξουσία

297 2198 352 2255 ἐν
383 2199 597 2276 οὐρανῷ
622 2200 713 2257 καὶ
757 2201 844 2257 ἐπὶ
873 2209 994 2276 γῆς.
1031 2227 1061 2256 ››
1100 2203 1190 2265 Ὡς
1222 2204 1309 2257 καὶ
1359 2205 1387 2260 6
1432 2203 1647 2268 Παῦλος
1693 2204 1950 2283 ἀλλαχοῦ

301 2310 457 2368 φησι.
493 2313 522 2344 ι(
552 2296 644 2346 Δεῖ
670 2292 772 2366 γὰρ
801 2290 962 2347 αὐτὸν
1018 2291 1323 2367 βασιλεύειν
1368 2289 1531 2368 ἄχρις
1559 2294 1621 2349 οὗ
1650 2295 1716 2367 θῇ
1749 2292 1950 2355 πάντας

290 2379 420 2442 τοὺς
452 2379 685 2456 ἐχθροὺς
737 2381 903 2437 αὑτοῦ
967 2383 1071 2437 ὑπὸ
1127 2384 1255 2445 τοὺς
1314 2381 1485 2444 πόδας
1540 2385 1729 2441 αὐτοῦ.
1765 2408 1792 2435 ››
1819 2381 1945 2440 Καί·

298 2491 328 2522 «
358 2474 521 2526 Ὅταν
552 2468 611 2524 δὲ
642 2469 884 2545 ὑποταγῇ
928 2469 1076 2543 αὑτῷ
1121 2470 1187 2525 τά
1239 2472 1429 2527 πάντα.
1466 2494 1494 2521 ››
1524 2475 1640 2526 Τῶν
1671 2471 1763 2526 οὖν
1792 2470 1950 2534 θείων

300 2555 509 2635 λογίων
562 2563 775 2631 τρανῶς
830 2563 999 2615 ταῦτα
1060 2557 1348 2636 λεγόντων,
1381 2565 1499 2621 πῶς
1545 2559 1608 2616 οὑ
1657 2557 1741 2614 δεῖ
1767 2559 1945 2634 λέγειν

296 2647 382 2704 ὅτι
416 2649 444 2703 6
478 2647 681 2724 Κύριος
713 2651 873 2722 ἡμῶν
919 2649 1010 2704 καὶ
1063 2652 1257 2724 Σωτὴρ
1290 2652 1501 2720 Ἰησοῦς
1533 2652 1560 2704 6
1590 2650 1818 2724 Χριστὸς
1851 2650 1943 2704 αὐ-

294 2738 391 2802 τός
419 2737 562 2793 ἐστιν
595 2739 622 2792 ὁ
654 2737 742 2792 καὶ
773 2738 835 2794 τὸ
864 2743 1025 2812 σῶμα
1053 2743 1154 2806 τῆς
1185 2741 1562 2804 ταπεινώσεως
1590 2742 1625 2804 ἢ
1636 2743 1752 2813 μῶν
1792 2760 1949 2812 μετα-

303 2828 690 2902 σχηματίζων,
720 2830 809 2883 καὶ
842 2829 869 2883 6
901 2826 1133 2905 ἐνεργῶν
1188 2830 1288 2898 τήν
1341 2830 1417 2893 εἰς
1475 2830 1635 2885 αὐτὸν
1663 2834 1770 2885 τῶν
1802 2830 1946 2884 πάν-

305 2938 414 2971 των
472 2917 784 2993 ὑποταγήν;
841 2921 939 2973 τοῦ
984 2915 1043 2973 δὲ
1098 2918 1227 2973 ι’ἱοῦ
1294 2918 1713 2986 ὑποτάσσοντος,
1772 2918 1862 2972 καὶ
1919 2919 1946 2973 6

306 3005 492 3078 Πατὴρ
529 3005 843 3062 ὑποτάσστι.
872 3005 1047 3063 Κοινὰ
1073 3007 1174 3081 γὰρ
1202 3007 1270 3062 τά
1306 3011 1404 3062 τοῦ
1437 3007 1644 3081 [ἰατρὸς
1675 3005 1764 3061 καὶ
1794 3008 1945 3062 ὶἸοῦ.

301 3117 329 3146 α
364 3094 519 3150 Κατὰ
540 3095 640 3161 τήν
664 3093 946 3171 ἐνέργειαν.
974 3118 1001 3147 ››
1033 3096 1169 3152 Εἶτα
1198 3095 1416 3167 λοιπὸν,
1446 3096 1535 3150 καὶ
1569 3093 1832 3169 λογισμὸν
1865 3091 1945 3149 δίο

2060 1934 2353 1991 efﬁcietur
2381 1937 2682 1991 conforme
2713 1937 2948 2007 corpori
2980 1936 3239 2009 glorioso
3271 1938 3477 2009 ipsius.
3514 1940 3708 1995 Vanus

2061 2024 2261 2095 itaque
2293 2031 2383 2079 est
2410 2025 2606 2080 timor.
2640 2027 2765 2080 Non
2796 2031 3032 2097 oportet
3059 2032 3257 2082 autem
3297 2027 3493 2082 dicere
3551 2027 3709 2097 quod

2060 2113 2295 2184 corpori
2326 2112 2458 2168 Filii
2486 2114 2669 2168 Filius
2702 2114 2980 2184 subjiciet
3010 2116 3234 2181 omnia,
3267 2116 3368 2171 sed
3401 2116 3562 2186 quod
3586 2116 3713 2187 ipse

2061 2201 2313 2272 sibiipsi,
2338 2202 2440 2256 hui
2463 2202 2648 2257 dixit:
2677 2225 2703 2251 «
2731 2203 2873 2258 Data
2896 2209 2987 2258 est
3014 2204 3158 2257 mihi
3216 2205 3411 2259 omnis
3453 2211 3716 2276 potestas

2057 2290 2117 2344 in
2142 2290 2291 2345 coelo
2318 2296 2376 2344 et
2394 2291 2456 2345 in
2481 2296 2636 2345 terra
2660 2291 2743 2356 1°;
2771 2312 2798 2340 ››
2827 2292 3338 2356 Quemadmodum
3379 2299 3438 2349 et
3495 2293 3712 2349 Paulus

2056 2379 2199 2434 alibi
2231 2379 2352 2433 ait:
2389 2400 2413 2428 α
2448 2378 2596 2434 Nam
2628 2386 2861 2448 oportet
2891 2380 3061 2435 illum
3091 2397 3338 2452 regnare
3381 2382 3571 2437 donec
3602 2400 3707 2453 p0-

2059 2468 2248 2523 suerit
2275 2484 2485 2522 omnes
2514 2467 2793 2522 inimicos
2827 2485 2966 2523 suos
2990 2469 3100 2523 sub
3146 2470 3328 2541 pedes
3388 2487 3527 2525 suos
3576 2473 3642 2525 *0.
3676 2493 3704 2519 ››

2058 2557 2128 2612 Ει
2159 2574 2173 2611 :
2207 2579 2235 2607 ‹‹
2264 2558 2408 2612 Cum
2431 2562 2630 2612 autem
2651 2557 2919 2627 subjecta
2942 2558 3294 2629 fuerintipsi
3318 2559 3521 2614 omnia
3567 2557 3637 2614 δι.
3676 2581 3697 2607 ι

2055 2652 2199 2702 Cum
2230 2662 2368 2717 ergo
2399 2645 2598 2702 divina
2626 2646 2870 2702 oracula
2898 2652 3100 2718 aperte
3159 2647 3274 2704 ista
3330 2647 3550 2716 dicant,
3601 2664 3703 2703 an-

2057 2755 2178 2793 non
2211 2742 2446 2809 oportet
2474 2738 2673 2793 dicere
2705 2738 2865 2808 quod
2898 2739 3185 2794 Dominus
3212 2756 3284 2795 ac
3316 2740 3576 2796 Salvator
3605 2756 3706 2795 n0-

2059 2829 2365 2883 sterJesus
2386 2828 2797 2900 Christusipse
2817 2834 2907 2884 est
2931 2831 3030 2901 qui
3071 2836 3129 2884 et
3171 2847 3388 2902 corpus
3433 2838 3706 2887 nostrum

2055 2916 2834 2987 abjectumtransﬁgurat,et
2854 2918 3038 2973 efficit
3057 2920 3325 2974 omnium
3349 2920 3423 2975 ad
3469 2937 3531 2975 se
3563 2922 3674 2976 sub
3692 2947 3705 2952 -

2048 3006 2375 3077 jectionem
2396 3006 2425 3061 ?
2453 3007 2603 3061 Dum
2632 3013 2831 3065 autem
2864 3007 3044 3062 Filius
3077 3008 3338 3077 subjicit,
3371 3011 3546 3064 Pater
3561 3026 3706 3081 quo-

2055 3110 2170 3164 que
2201 3094 2444 3165 subjicit
2475 3110 2488 3150 :
2521 3096 2861 3150 communia
2919 3096 3081 3150 enim
3136 3101 3274 3152 sunt
3330 3114 3461 3168 quas
3509 3098 3702 3153 Patris

302 3180 440 3238 δωσι
466 3188 569 3238 τοῦ
600 3182 744 3238 οὕτω
784 3180 1091 3258 παραδόξου
1138 3183 1478 3260 πράγματος.
1527 3188 1681 3242 Ἔστι
1708 3184 1810 3258 γὰρ
1840 3204 1944 3240 παι

2063 3189 2199 3239 sunt
2220 3190 2279 3238 et
2301 3184 2447 3240 Filii.
2470 3206 2494 3235 α
2521 3184 2856 3240 Secundum
2882 3185 3228 3241 efficaciam.
3256 3209 3285 3237 ››
3308 3187 3532 3242 Deinde
3556 3204 3696 3243 con-

301 3273 554 3348 ράδοξον,
585 3272 649 3326 τὸ
676 3271 908 3346 γίνεσθαι
946 3273 1272 3351 σύμμορφον
1330 3274 1395 3328 τὸ
1450 3276 1610 3347 ἡμῶν
1646 3278 1825 3348 σῶμα,
1851 3277 1947 3327 τοῦ

301 3361 448 3425 θείου
479 3359 686 3416 ἐκείνου
716 3361 994 3435 σώματος.
1036 3364 1212 3419 Τοῦτο
1261 3364 1383 3437 γάρ,
1417 3364 1602 3442 φησὶν,
1635 3363 1665 3416 6
1696 3363 1826 3425 Θεὸς
1855 3360 1945 3417 καὶ

299 3452 487 3524 Πατὴρ
545 3452 786 3520 ποιήσει,
846 3451 952 3505 απὸ
1008 3458 1109 3522 τῆς
1167 3450 1459 3527 ἐνεργείας,
1514 3452 1783 3517 τουτέστι,
1813 3453 1948 3506 κατά

298 3542 399 3610 τήν
460 3539 731 3614 ἐνέργειαν
782 3537 1019 3608 ἐκείνην,
1079 3538 1132 3610 ἐξ
1184 3543 1251 3609 ἧς
1311 3537 1531 3595 δύναται
1582 3541 1671 3596 καὶ
1714 3537 1944 3611 ἐδυνήθη

305 3628 567 3701 ὑποτάξαι
598 3632 677 3699 τῷ
707 3627 818 3700 Υἱῷ
873 3627 1037 3684 αὑτοῦ
1084 3628 1151 3683 τά
1206 3630 1398 3687 πάντα.
1430 3631 1758 3704 Τοιγαροῦν,
1790 3631 1945 3710 φησὶ,

304 3717 640 3774 δουλώσεται
674 3719 866 3789 αὐτὴν,
897 3719 974 3783 εἰς
1022 3720 1084 3775 16
1133 3718 1210 3782 εἷς
1254 3720 1552 3799 ἀφθαρσίαν
1599 3716 1947 3794 μεταϐαλεῖν.

298 3811 440 3882 *Ορα
470 3804 528 3862 δὲ
555 3806 729 3878 πόσην
777 3805 920 3862 οἶδεν
974 3809 1442 3882 ὁμογνωειοσύνην
1470 3816 1569 3878 τῆς
1600 3810 1760 3888 ἁγίας
1789 3809 1952 3885 Τριά-

302 3894 421 3968 δος,
453 3897 538 3952 ὅτι
573 3897 683 3951 ἄνω
737 3898 829 3952 τὸν
884 3897 1009 3951 Υἱὸν
1069 3897 1399 3970 ὑποθέμενος
1449 3900 1547 3968 τὴν
1579 3898 1826 3973 ἀλλαγὴν
1854 3903 1950 3954 τοῦ

306 3989 563 4060 σώματος
631 3989 792 4060 ἡμῶν
869 3992 1165 4058 ποιεῖσθαι,
1224 3992 1315 4042 νῦν
1372 3988 1466 4042 τὸν
1528 3988 1736 4063 Πατέρα
1790 3993 1951 4043 τοῦτο

304 4081 481 4131 ποιεῖν
511 4074 677 4149 λέγει·
711 4076 853 4150 Ἀρα
901 4073 968 4144 δὴ
1027 4075 1114 4131 ἐὰν
1171 4078 1317 4132 οὕτω
1372 4078 1674 4150 νοήσωμεν,
1712 4078 1788 4151 μή
1818 4076 1954 4132 τολ-

311 4165 488 4238 μηρόν
549 4164 690 4219 ἐστιν
751 4167 780 4219 6
831 4166 955 4226 Υἱὸς
1004 4168 1165 4221 τοῦτο
1220 4168 1439 4237 ποιήσει
1486 4168 1622 4223 κατὰ
1665 4169 1765 4236 τὴν
1796 4164 1952 4222 δύνα-

309 4275 402 4326 μιν
457 4253 623 4307 αὑτοῦ
673 4250 906 4324 ἐκείνην,
941 4253 994 4309 ὲν
1025 4253 1063 4329 ᾖ
1096 4255 1316 4324 ὑπέταξε
1363 4260 1442 4328 τῷ
1492 4253 1614 4329 ἰδίῳ
1643 4256 1859 4330 σώματι
1886 4258 1953 4312 τὰ

304 4340 518 4409 πάντα;
554 4339 710 4398 Ἀλλ’
741 4341 788 4397 εἰ
819 4341 960 4398 οὕτω
1011 4345 1305 4418 νιιήσομεν,
1332 4341 1451 4408 δέος
1502 4343 1614 4401 ἐστὶ
1674 4346 1751 4417 μὴ
1784 4343 1954 4416 δόξω-

309 4450 404 4503 μεν
439 4426 667 4504 διαιρεῖν
704 4434 836 4503 μετὰ
867 4433 966 4500 τὴν
1013 4431 1230 4503 ἕνωσιν,
1280 4434 1380 4503 τὴν
1429 4434 1557 4508 μίαν
1606 4435 1955 4511 σεσαρκωμέ-

302 4539 401 4589 νην
435 4523 531 4574 τοῦ
560 4522 694 4576 Θεοῦ
720 4520 898 4597 Λόγου
918 4519 1098 4600 960w.

940 4750 1311 4818 ΚΕΦΑΛ.ξ.

480 4860 828 4938 Παραινέσεις
852 4858 994 4917 ’ίδιαί
1016 4882 1176 4918 τινων
1209 4862 1299 4919 καὶ
1332 4862 1507 4919 κοιναὶ
1540 4866 1774 4924 πάντων.

375 5061 535 5119 Ὥστε
597 5062 827 5138 ἀδελφοὶ
911 5085 1017 5137 μου
1100 5065 1374 5142 ἀγαπητοί
1429 5067 1521 5123 καὶ
1606 5067 1952 5141 ἐπιπόθητοι,

308 5151 457 5231 χαρὰ
500 5152 592 5206 καὶ
649 5152 910 5230 στέφανός
965 5173 1092 5225 μου,
1152 5152 1325 5217 οὕτως
1381 5156 1604 5225 στήκετε
1660 5154 1713 5212 ἐν
1770 5158 1954 5233 Κυρίῳ

300 5240 595 5316 ἀγαπητοί.
701 5239 933 5298 Εὐοδίαν
1036 5242 1362 5317 παρακαλῶ,
1472 5245 1561 5300 καὶ
1668 5248 1952 5323 Συντύχην

294 5328 601 5405 παρακαλῶ
631 5331 695 5387 16
724 5332 858 5386 αὐτὸ
889 5337 1104 5411 φρονεῖν
1155 5331 1207 5387 ἐν
1259 5333 1457 5408 Κυρίῳ.
1493 5336 1599 5391 Ναὶ
1644 5334 1834 5411 ἐρωτῶ
1863 5337 1953 5392 καὶ

301 5439 381 5489 σε,
437 5420 633 5494 σύζυγε
710 5423 921 5495 γνήσιε,
982 5416 1377 5494 συλλαμϐάνου
1464 5424 1675 5495 αὑταῖς,
1757 5424 1954 5490 αἳτινες

298 5506 353 5564 ἰν
413 5513 490 5581 τῷ
550 5508 872 5586 Εὑαγγελίῳ
939 5509 1285 5582 συνήθλησάν
1347 5533 1440 5586 μοι
1514 5514 1648 5586 μετὰ
1703 5514 1956 5590 Κλήμενο

1983 4577 2030 4642 D

2060 3275 2380 3341 sequenter
2409 3269 2509 3326 dat
2538 3271 2717 3326 etiam
2748 3271 3286 3329 considerationem
3321 3274 3403 3328 rei
3435 3273 3582 3329 adeo
3595 3274 3701 3329 ad-

2054 3359 2361 3415 mirandas.
2398 3361 2499 3415 Est
2528 3361 2685 3415 enim
2716 3361 3133 3418 admirandum
3166 3363 3322 3434 quod
3354 3380 3569 3434 corpus
3593 3380 3702 3419 n0-

2056 3456 2246 3506 strum
2278 3451 2578 3506 conforme
2610 3451 2713 3507 ﬁat
2743 3452 2940 3508 divino
2974 3452 3060 3506 illi
3090 3455 3345 3525 corpori.
3382 3455 3525 3509 Nam
3564 3454 3701 3519 hoc,

2056 3539 2271 3609 inquit,
2305 3541 2458 3595 Deus
2491 3546 2549 3594 et
2576 3542 2751 3596 Pater
2780 3541 2958 3596 faciet
2986 3557 3058 3597 ex
3091 3542 3377 3610 efﬁcacia,
3428 3543 3540 3598 hoc
3593 3548 3704 3608 est,

2058 3629 2385 3685 secundum
2409 3630 2574 3685 illam
2595 3631 2920 3686 elficaciam
2945 3648 3062 3701 qua
3083 3637 3279 3702 potest
3294 3638 3353 3686 et
3375 3632 3711 3703 potensfuit

2059 3719 2353 3788 subjicere
2381 3719 2527 3773 Filio
2573 3735 2678 3774 suo
2728 3720 2951 3774 omnia.
2987 3721 3191 3790 Itaque
3223 3719 3453 3781 subdet,
3488 3721 3705 3790 inquit.

2060 3809 2248 3878 ipsam
2273 3813 2489 3861 nostrae
2510 3806 2907 3877 abjeclionem
2947 3813 3011 3861 ut
3056 3808 3117 3861 in
3163 3809 3703 3880 incorruptibilita-

2061 3900 2180 3951 tem
2214 3899 2659 3950 transmutetur.
2699 3894 3113 3951 Animadverte
3172 3901 3370 3952 autem
3416 3903 3703 3966 quantam

2061 3985 2224 4040 novit
2252 4001 2385 4039 esse
2420 3989 2637 4039 sanctas
2668 3985 2970 4040 Trinitatis
3011 3986 3526 4042 conformitatem:
3567 4003 3705 4041 cum

2060 4073 2448 4145 prmmisisset
2471 4073 2683 4128 Filium
2712 4074 2946 4129 efﬁcere
2979 4076 3244 4145 corporis
3295 4076 3482 4130 nostri
3520 4082 3709 4132 muta-

2062 4165 2475 4229 tionem,nunc
2497 4165 2728 4219 Patrem
2751 4164 2861 4217 hoc
2882 4164 3074 4219 facere
3092 4164 3253 4220 dicit.
3281 4166 3487 4221 Utrum
3510 4171 3707 4221 autem

2062 4258 2601 4326 praesumptuosum
2630 4255 2745 4308 erit
2775 4252 2823 4308 si
2855 4253 2937 4308 ita
2964 4253 3406 4327 intelligamus:
3441 4255 3601 4326 quod
3620 4256 3711 4310 Fi-

2063 4343 2179 4398 lius
2210 4344 2319 4398 hoc
2346 4342 2610 4398 facturus
2641 4347 2730 4397 est
2761 4342 3087 4399 secundum
3119 4343 3281 4399 illam
3315 4360 3483 4401 suam
3507 4352 3709 4415 poten-

2064 4433 2228 4497 tiam,
2255 4448 2372 4503 qua
2403 4432 2657 4502 subjecit
2688 4432 2926 4504 pr0prio
2958 4434 3192 4504 corpori
3222 4434 3517 4489 universa.
3552 4436 3706 4490 104

2062 4524 2298 4587 Verum,
2334 4521 2382 4575 si
2416 4521 2499 4577 ita
2528 4521 3275 4594 intelligamus,verendum
3307 4530 3398 4579 est
3427 4540 3501 4579 ne
3518 4525 3709 4580 videa-

2065 4629 2200 4668 mur
2253 4617 2389 4684 post
2442 4613 2727 4668 unionem
2785 4613 3047 4668 dividere
3105 4630 3284 4670 unam
3331 4616 3704 4675 incarnatam

2065 4702 2237 4759 Verbi
2268 4702 2369 4757 Dei
2402 4708 2697 4759 naturam.

2700 4792 2927 4849 CAPUT
2966 4794 3036 4848 Vl
3048 4832 3060 4845 .

2062 4882 2307 4952 Propria
2339 4881 2412 4935 ad
2439 4881 2701 4952 quosdam
2731 4882 3139 4939 exhortationes
3167 4891 3221 4940 et
3274 4900 3580 4943 communes
3634 4888 3709 4942 ad

2768 4969 2966 5009 omnes.

2133 5070 2223 5138 IV,
2256 5070 2369 5122 1-3.
2406 5090 2432 5118 ‹‹
2467 5067 2960 5135 Proinde,fratres
2991 5069 3108 5124 mei
3140 5070 3338 5126 dilecti
3372 5089 3439 5126 ac
3469 5072 3699 5128 deside-

2062 5178 2093 5207 κ
2117 5157 2252 5225 rati,
2283 5155 2561 5229 gaudium
2593 5162 2652 5211 et
2681 5173 2900 5213 corona
2930 5159 3174 5225 mea,sic
3200 5165 3348 5215 state
3371 5160 3433 5216 in
3452 5162 3699 5217 Domino

2063 5270 2088 5299 ιι
2119 5247 2340 5303 dilecti.
2368 5246 2644 5301 Evodiam
2679 5248 2924 5304 obsecro
2955 5254 3013 5303 et
3058 5250 3396 5321 Syntyclir-n
3455 5252 3700 5306 obsecro

2062 5360 2090 5387 ‹‹
2123 5343 2190 5393 ut
2218 5336 2423 5391 eodem
2461 5336 2635 5392 modo
2663 5337 2887 5393 affecta:
2920 5338 3040 5393 sint
3096 5339 3159 5393 in
3218 5339 3486 5394 Domino.
3550 5339 3701 5395 Sane

2063 5451 2091 5479 «
2122 5446 2263 5501 rogo
2298 5434 2356 5483 et
2383 5434 2461 5495 te,
2496 5444 2737 5500 compar
2765 5446 3067 5500 germane,
3099 5437 3159 5486 et
3187 5431 3399 5499 adjuva
3421 5431 3551 5488 illas
3571 5448 3704 5502 quas

2060 5543 2087 5571 ‹‹
2124 5521 2186 5577 in
2216 5519 2530 5592 Evangelia
2561 5519 2939 5576 decertarunt
2969 5538 3223 5590 mecum,
3253 5538 3374 5578 una
3401 5538 3536 5578 cum
3584 5522 3708 5578 Cle-

370 5679 411 5717 ²⁷
447 5681 467 5737 Ι
499 5681 624 5736 Cor.
662 5699 755 5749 xv,
786 5687 874 5740 27.
908 5686 952 5722 ³⁸
984 5687 1106 5743 ibid
1138 5688 1225 5743 28.
1260 5688 1306 5725 ²⁹
1333 5691 1533 5748 Matth.
1569 5709 1762 5761 xxvni,
1792 5694 1877 5749 18.
1911 5693 1949 5729 ³(

2063 5696 2170 5749 lor.
2202 5709 2297 5757 xv,
2332 5693 2423 5746 25.
2456 5689 2501 5727 ³¹
2533 5689 2680 5746 Ibid.
2714 5695 2801 5748 28.
