4072 6266
474 361 631 425 1315

1587 356 2017 418 (ΕειτλιΕΝη
2059 354 2371 418 ΤΗῙΟΟΛΞ
2413 359 2762 422 EPlSCOPl

3683 364 3807 424 1316

478 526 507 553 ‹‹
539 506 736 557 mente
767 516 835 554 ac
865 498 1095 554 caeteris
1127 495 1612 569 c00peratoribus
1637 494 1811 559 meis,
1856 507 2109 564 quorum

2221 510 2313 552 τος
2336 495 2425 546 καὶ
2456 495 2564 549 τῶν
2602 495 2810 552 λοιπῶν
2839 501 3111 573 συνεργῶν
3164 517 3290 569 μου,
3322 495 3397 551 ὦν
3444 496 3512 550 τὰ
3541 494 3747 568 ὀνόματα
3772 496 3809 551 ἓν

473 612 503 641 ‹‹
535 589 782 646 nomina
811 592 950 642 sunt
980 587 1040 641 in
1074 586 1224 640 libro
1255 586 1401 639 vitae.
1442 606 1469 633 ››

540 682 743 751 Magna
774 682 911 733 sunt
944 674 1212 730 encomia
1243 674 1399 746 quod
1430 674 1595 728 Pauli
1641 673 1853 728 fratres
1905 671 2109 726 dican-

465 777 563 825 tur
594 786 606 823 :
646 785 753 823 nec
778 767 837 821 id
859 766 1073 826 solum,
1098 782 1298 820 verum
1322 764 1501 819 etiam
1535 763 1736 817 dilecti
1764 778 1831 816 ac
1878 761 2113 816 deside-

468 861 581 915 rati
615 876 628 912 :
665 859 782 912 imo
805 873 878 911 ne
902 856 1013 910 hoc
1033 855 1273 925 quidem
1300 859 1550 919 tantum,
1600 852 1703 907 sed
1743 857 1801 906 et
1830 851 2109 921 gaudium

473 949 601 1020 ejus
632 964 699 1002 ac
730 962 967 1001 corona.
1004 966 1028 994 α
1064 945 1157 999 διο
1187 948 1357 997 state.
1390 964 1417 991 ››
1446 941 1557 1005 Sic,
1591 938 1929 1012 quomodo?
1958 940 2109 1004 Que-

474 1035 859 1092 madmodum
917 1049 1096 1099 nunc,
1157 1032 1369 1101 inquit.
1430 1030 1662 1085 immoti
1719 1046 1786 1083 ac
1846 1028 2000 1083 firmi
2048 1029 2109 1082 in

468 1126 585 1181 fide
616 1125 854 1181 Christi.
888 1146 915 1173 «
951 1121 1226 1177 Evodiam
1258 1120 1504 1175 obsecro
1555 1124 1613 1173 et
1660 1118 2017 1189 Syntychen.
2082 1139 2109 1165 ››

468 1217 565 1270 Ha:
596 1229 811 1270 uxores
863 1217 1031 1267 erant
1087 1211 1346 1264 virorum
1394 1208 1715 1263 admodum
1764 1206 2105 1277 proborum.

464 1328 492 1356 «
528 1304 599 1360 Ut
647 1302 857 1357 eodem
917 1299 1092 1355 modo
1150 1299 1374 1354 affecta)
1433 1298 1552 1353 sint
1610 1297 1668 1351 in
1728 1295 2025 1351 Domino:
2081 1316 2108 1342 »

466 1390 973 1459 Quemadmodum
1005 1405 1165 1443 nunc
1190 1388 1417 1442 affectas
1448 1392 1606 1441 sunt.
1641 1408 1669 1435 «
1703 1387 1858 1454 Rogo
1891 1388 1950 1438 et
1980 1389 2056 1438 te.
2081 1404 2107 1433 ››

467 1478 978 1547 Quemadmodum
1036 1477 1192 1543 illas,
1250 1475 1463 1545 inquit,
1536 1474 1616 1529 ita
1663 1478 1721 1526 et
1750 1478 1808 1527 te
1839 1471 2104 1526 obsecro.

465 1592 493 1621 «
522 1571 777 1640 Compar
801 1582 1100 1639 germane.
1138 1587 1166 1614 »
1198 1566 1274 1619 Ex
1310 1564 1421 1618 hoc
1471 1562 1601 1618 loco
1649 1560 1930 1633 suspicati
1971 1563 2111 1614 sunt

465 1656 742 1714 nonnulli
770 1654 929 1727 quod
949 1654 1165 1709 Paulus
1182 1668 1425 1707 uxorem
1476 1647 1727 1706 haberet
1770 1655 1829 1704 et
1871 1648 1943 1703 ad
1978 1664 2109 1702 eam

466 1746 753 1802 scriberet
818 1744 981 1816 (quia
1045 1741 1315 1797 videlicet
1385 1742 1473 1795 ha:
1532 1740 1822 1795 dictiones
1916 1735 2106 1807 σύζυγε

2228 575 2412 654 βίϐλῳ
2446 588 2611 653 ζωῆς.

2292 672 2516 747 Μεγάλαι
2572 676 2638 731 τὰ
2696 673 2966 749 ἐγκώμια,
3026 676 3090 732 τὸ
3121 676 3256 730 εἶναι
3315 675 3532 730 Παῦλον)
3573 673 3816 752 ἆδελγοῦς.

2225 759 2321 815 Καὶ
2355 762 2417 815 οὑ
2446 766 2608 818 τοῦτο
2674 763 2857 835 μόνον,
2919 761 3065 819 ἀλλᾶ
3120 764 3209 818 καὶ
3267 763 3600 839 ἀγαπητοῦς,
3626 762 3818 817 auiis:-

2220 852 2514 920 ποθήτους,
2564 853 2655 907 καὶ
2685 853 2749 908 οῦ
2784 855 2970 925 μόνον,
3024 851 3171 909 ἀλλὰ
3226 853 3315 908 καὶ
3374 853 3546 927 χαρὰν
3584 851 3729 907 αὑτοῦ
3751 854 3821 907 καὶ

2221 936 2503 1015 στέφανον.
2543 963 2563 990 ε
2597 942 2787 1005 Οῦτως
2839 945 3083 1012 στήκετε.
3122 967 3142 994 ε
3205 942 3416 1007 Οὕτως,
3450 946 3604 1007 πῶς;
3631 941 3709 1000 ἐὶς
3734 946 3821 1009 νῦν,

2219 1028 2406 1105 φησὶν,
2460 1028 2701 1089 ἀκλινεῖς
2749 1030 2838 1085 καί
2896 1029 3103 1105 ἑδραῖοι
3135 1030 3187 1085 ἐν
3233 1034 3302 1104 τῇ
3360 1031 3538 1085 πίστει
3596 1033 3816 1104 Χριποῦ.

2220 1140 2245 1167 ‹‹
2287 1113 2513 1172 Εὐοδίαν
2546 1117 2849 1191 παρακαλῶ
2910 1119 3000 1173 καί
3064 1118 3364 1194 Συντύχην.
3402 1144 3429 1169 ››
3463 1120 3633 1174 Axi-:19.
3678 1119 3725 1171 al
3749 1140 3827 1193 γυ-

2216 1211 2417 1275 ναῖκες,
2448 1212 2557 1262 τῶν
2591 1205 2899 1279 εὐδοκίμων
2954 1209 3087 1278 ἦσαν
3144 1206 3371 1285 σφόδρα.
3407 1232 3433 1262 α
3464 1211 3546 1265 Τὸ
3576 1207 3697 1261 αὐτὸ
3722 1228 3829 1285 e90—

2217 1301 2328 1348 νεῖν
2360 1295 2413 1350 ὲν
2448 1297 2649 1372 Κυρίῳ.
2686 1320 2713 1347 ιι
2763 1299 2933 1371 Ὃπερ
2981 1301 3070 1351 νῦν
3122 1301 3433 1377 σρονοῦσιν.
3467 1322 3497 1349 (ι
3533 1298 3740 1371 Ἐρωτῶ
3764 1297 3831 1350 καί

2219 1403 2294 1439 σε.
2331 1408 2357 1435 ››
2391 1382 2697 1460 Παρακαλῶ
2740 1387 2830 1439 καί
2882 1405 2959 1453 σε,
3015 1384 3198 1460 ὥσπερ
3232 1386 3461 1456 ὲκείνας,
3495 1385 3672 1462 φησίν.
3706 1409 3725 1435 ι
3756 1383 3834 1438 £5-

2220 1478 2348 1549 ζυγε
2378 1475 2589 1549 γνήσιε.
2622 1497 2652 1525 »
2682 1477 2781 1529 Ἐκ
2835 1475 3033 1529 τούτου
3087 1475 3231 1536 τινες
3283 1475 3616 1544 ὑπενόησαν,
3650 1480 3837 1550 γυναῖκα

2215 1559 2365 1637 ἔχειν
2396 1564 2485 1617 τὸν
2518 1561 2756 1630 Παῦλον,
2787 1564 2877 1617 καὶ
2909 1564 3051 1637 αὐτῇ
3096 1565 3341 1641 γράφειν.
3388 1562 3575 1621 Ἀλλᾶ
3603 1562 3769 1637 μωρὸν
3790 1563 3837 1617 τὸ

2216 1655 2484 1708 τοιοῦτον.
2514 1654 2647 1708 Οἴον
2680 1653 2784 1725 γὰρ
2814 1655 2907 1721 ἦν,
2953 1652 2998 1706 εἰ
3048 1651 3099 1707 ἐν
3156 1651 3462 1714 Φιλίπποις
3494 1652 3579 1713 εἷς
3611 1651 3749 1722 ξένην
3769 1651 3840 1706 καὶ

2218 1738 2515 1812 ἀλλοτρίαν
2573 1739 2962 1796 καταλελοίπει
3021 1740 3212 1810 αὐτὴν,
3266 1742 3355 1796 καὶ
3414 1739 3550 1796 οὔτε
3592 1739 3647 1796 ἓν
3670 1744 3841 1815 Ταρσῷ,

462 1837 652 1910 γνήσιε
683 1840 931 1907 possunt
961 1834 1137 1887 etiam
1195 1847 1324 1887 esse
1378 1830 1636 1892 feminas)
1692 1844 1896 1883 verum
1946 1827 2107 1882 fatua

2221 1824 2335 1884 ἔνθα
2394 1828 2703 1907 ἐγεγένητο,
2764 1827 2890 1885 οὕτε
2946 1831 2998 1886 ἐν
3058 1830 3444 1902 Ἰερουσαλὴμ.
3482 1825 3617 1887 ἔνθα
3667 1830 3847 1904 ἐτέθρα-

464 1933 555 1982 est
576 1924 917 1997 hujusmodi
940 1922 1236 1994 cogitatio.
1261 1920 1369 1986 Qui
1412 1920 1570 1973 enim
1616 1918 1741 1972 ﬁeri
1790 1922 2022 1987 poterat
2046 1921 2113 1970 ut

466 2016 658 2086 ipsam
684 2011 1128 2083 etperegrinam
1150 2015 1210 2064 et
1229 2009 1626 2078 alienigenam
1645 2004 1932 2075 Philippis
1977 2004 2112 2058 reli-

472 2101 718 2173 quisset,
744 2105 802 2153 et
832 2115 951 2153 non
1004 2098 1066 2151 in
1109 2102 1287 2150 Tarso
1340 2094 1440 2149 ubi
1498 2099 1673 2147 natus
1721 2097 1865 2150 erat.
1918 2105 2111 2161 neque

470 2187 850 2259 Jerosolymis
877 2187 978 2241 ubi
1033 2185 1225 2240 fuerat
1275 2181 1619 2238 enutritus?
1674 2181 1785 2236 Sed
1846 2179 2112 2235 dicemus

471 2277 629 2349 quod
651 2277 749 2331 hic
770 2280 871 2330 aut
889 2275 1134 2330 maritus
1157 2280 1283 2328 erat
1303 2272 1479 2327 unius
1501 2287 1572 2325 ex
1593 2270 1821 2326 duabus
1860 2285 2111 2340 quarum

470 2365 647 2424 modo
669 2366 809 2421 fecit
834 2363 1225 2419 mentionem:
1249 2368 1351 2416 aut
1370 2359 1528 2431 quod
1552 2359 1852 2431 proprium
1898 2358 1975 2413 sit
2005 2375 2113 2412 no-

468 2472 607 2512 men
631 2453 939 2524 cujusdam
972 2451 1311 2524 approbrati
1330 2449 1457 2511 viri,
1481 2449 1574 2503 cui
1599 2448 1776 2503 etiam
1797 2446 2110 2519 praedictas

470 2543 843 2601 commendat
879 2542 1182 2597 mulieres.
1219 2564 1245 2587 ιι
1275 2538 1501 2610 Adjuva
1535 2537 1686 2593 illas.
1724 2559 1751 2585 »
1782 2538 2111 2608 Cooperare

469 2636 544 2692 ad
573 2652 641 2691 ea
673 2651 802 2706 quae
833 2632 1160 2689 secundum
1193 2632 1377 2687 Deum
1426 2634 1583 2686 sunt.
1640 2648 1667 2680 α
1725 2629 2111 2682 Decertarunt

469 2740 725 2779 mecum.
747 2745 773 2774 ι
802 2722 1072 2777 Pericula
1091 2720 1380 2790 designat,
1413 2734 1542 2788 qua:
1574 2717 1717 2787 ipsm
1735 2732 1971 2787 quoque
1992 2731 2112 2770 una

468 2814 818 2868 tolerarunt.
852 2833 879 2860 ‹‹
913 2812 982 2865 Et
1027 2808 1256 2864 caeteris
1311 2805 1792 2878 cooperatoribus
1849 2805 2019 2859 meis.
2080 2826 2108 2853 »

465 2904 649 2957 Erant
668 2901 906 2972 quidem
932 2905 989 2954 et
1008 2898 1133 2965 alii,
1156 2896 1369 2968 inquit,
1393 2901 1808 2966 cooperatores
1839 2893 1912 2948 ad
1957 2910 2108 2964 prm-

465 2991 823 3047 dicationem
850 3007 862 3044 :
890 2995 1151 3045 attamen
1172 2988 1260 3041 baa
1283 3000 1518 3057 quoque
1542 2983 1824 3039 mulieres
1856 2998 1977 3037 una
2005 2982 2109 3038 de-

2220 1940 2325 1974 πτο
2353 1938 2367 1988 ;
2400 1918 2558 1977 Ἀλλ’
2590 1921 2840 1993 ἐροῦμεν,
2872 1921 2906 1990 ἢ
2940 1922 3023 1975 ὅτι
3053 1920 3188 1994 ἀνὴρ
3242 1926 3373 1993 μιᾶς
3414 1921 3488 1990 ἦν
3535 1925 3645 1975 τῶν
3678 1918 3764 1975 δύο
3789 1921 3847 1974 ὧν

2219 2006 2488 2078 ἐμνήσθη,
2548 2007 2583 2077 ἢ
2641 2003 2816 2079 ὄνομα
2874 2011 3096 2083 Κυριον,
3156 2007 3453 2082 εὐδόκιμος
3487 2006 3547 2065 δέ
3575 2008 3848 2080 τις,ᾤκαὶ

2220 2095 2570 2170 παρατίθεται
2609 2097 2704 2158 τὰς
2734 2096 3026 2169 εἰρημένας
3075 2103 3354 2175 γυναῖκας.
3412 2124 3441 2150 ‹‹
3469 2094 3850 2171 Συλλαμϐιὶνου

2221 2184 2425 2245 αὑταῖς.
2466 2206 2490 2239 ε
2545 2185 2874 2261 Σύμπραττε
2930 2187 3007 2248 είς
3061 2187 3128 2241 τὰ
3182 2189 3322 2260 πρὸς
3360 2188 3455 2243 τὸν
3485 2187 3644 2246 Θεόν.
3677 2212 3705 2241 ι(
3736 2194 3851 2242 Συν-

2219 2270 2466 2343 ήθλησάν
2527 2294 2643 2346 μοι.
2682 2298 2704 2327 ι
2765 2273 3047 2337 Κινδύνοις
3106 2275 3421 2347 αίνίττεται,
3472 2277 3570 2340 οῦς
3600 2277 3688 2333 καὶ
3719 2275 3854 2331 αὑταὶ

2220 2362 2626 2435 συνυπὲμειναν.
2680 2387 2710 2415 »
2766 2365 2865 2419 Καὶ
2921 2369 3031 2420 τῶν
3090 2363 3302 2420 λοιπῶν
3342 2373 3621 2443 ωνεργῶν
3684 2388 3850 2441 μου.»

2222 2452 2388 2505 Ἦσαν
2423 2452 2515 2524 μὲν
2549 2450 2703 2528 φησὶ,
2734 2452 2825 2506 καὶ
2854 2450 3030 2528 ἕτεροι
3079 2455 3216 2529 πρὸς
3273 2457 3336 2510 τὸ
3391 2458 3661 2532 κήρυγμα
3689 2475 3849 2529 συνερ-

2216 2540 2326 2617 γοὶ,
2358 2540 2506 2609 πλὴν
2536 2543 2625 2596 καὶ
2656 2542 2711 2596 αἱ
2739 2548 2987 2617 γυναῖκες
3019 2543 3179 2598 αὗται
3210 2544 3580 2614 συντίθλησαν·
3624 2570 3651 2595 «ι
3683 2547 3770 2600 Ὧν
3796 2545 3849 2599 τὰ

2220 2629 2464 2701 ὀνόματα
2493 2629 2546 2684 ἐν
2580 2625 2763 2704 βίϐλῳ
2822 2636 2990 2702 ζωῆς.
3027 2655 3054 2681 ιι
3113 2633 3279 2706 ὀπερ
3341 2633 3599 2707 μέγιστον
3637 2634 3707 2688 ὧν
3734 2634 3852 2688 εἶπεν

2221 2719 2248 2771 6
2281 2717 2411 2780 Θεὸς
2468 2723 2589 2780 τοῖς
2645 2719 2837 2774 ἑαυτοῦ
2897 2726 3191 2791 μαθηταῖς,
3250 2725 3415 2776 τοῦτο
3473 2723 3570 2777 καὶ
3604 2723 3633 2776 6
3666 2721 3850 2784 Παῦλος

2218 2807 2343 2878 περὶ
2375 2805 2591 2862 ἐκείνων
2619 2805 2788 2885 λέγει.
2821 2808 2883 2863 Τί
2911 2810 3013 2884 γαρ
3046 2810 3073 2863 6
3103 2815 3339 2884 Χριστος
3371 2829 3385 2877 ;
3439 2835 3468 2863 «
3509 2814 3602 2881 Μή
3636 2811 3848 2886 χαίρετε,

2219 2896 2407 2968 φησὶν,
2439 2897 2523 2951 ὅτι
2551 2898 2618 2951 τα
2650 2893 2907 2969 δαιμόνια
2938 2898 3066 2970 ὑμῖν
3102 2899 3486 2969 ὑποτάσσεται,
3520 2898 3657 2956 ἀλλ’
3697 2900 3769 2955 δτι
3796 2900 3847 2953 τὰ

2221 2982 2464 3057 ὀνόματα
2499 2987 2652 3058 ὑμῶν
2683 2986 2982 3063 γέγραπται
3023 2986 3077 3043 ἐν
3107 2983 3286 3063 βίϐλῳ
3313 2993 3482 3057 ζωῆς·
3525 3013 3558 3040 ι)

465 3085 788 3137 certarunt.
824 3102 849 3129 ιι
879 3079 1141 3145 Quorum
1172 3076 1417 3131 nomina
1447 3079 1590 3129 sunt
1620 3074 1681 3128 in
1712 3072 1864 3127 libro
1896 3073 2045 3127 vita}.
2087 3095 2107 3123 ιο
2143 3075 2293 3133 105
2329 3077 2496 3141 Quod
2528 3077 2855 3133 maximum
2882 3085 3012 3134 erat
3041 3079 3196 3134 inter
3225 3095 3293 3134 ea
3323 3096 3457 3151 quas
3492 3081 3650 3136 dixit
3691 3080 3855 3135 Domi-

467 3187 581 3226 nus
613 3169 736 3224 suis
767 3167 1097 3239 discipulis,
1132 3166 1243 3220 hoc
1273 3164 1447 3218 etiam
1483 3162 1701 3218 Paulus
1731 3162 1803 3217 de
1835 3161 1956 3216 illis
1983 3161 2147 3218 dicit.
2178 3164 2328 3229 Quid
2360 3166 2522 3221 enim
2556 3166 2640 3220 ait
2669 3166 2938 3222 Christus
2963 3168 2992 3223 ?
3021 3191 3047 3217 α
3082 3169 3162 3223 Ne
3191 3168 3503 3239 gaudeatis
3557 3171 3718 3241 quod
3759 3169 3859 3224 dt!!-

465 3259 666 3315 monio
698 3257 860 3312 vobis
891 3255 1304 3327 subjiciuntur,
1338 3252 1439 3308 sed
1470 3251 1630 3322 quod
1661 3251 1908 3306 nomina
1938 3251 2160 3322 scripta
2190 3261 2331 3309 sunt
2360 3254 2423 3309 in
2460 3253 2610 3309 libro
2642 3255 2771 3310 vitaa
2800 3256 2864 3308 ⁸³.
2902 3277 2931 3304 η

535 3350 628 3414 IV,
650 3348 769 3402 4-8.
804 3369 830 3396 ‹‹
865 3345 1121 3400 Gaudete
1156 3344 1213 3397 in
1248 3343 1497 3398 Domino
1519 3357 1782 3412 semper:
1815 3346 1875 3395 et
1894 3340 2109 3395 iterum

2294 3341 2524 3416 Χαίρετε
2573 3341 2628 3397 ἐν
2680 3343 2868 3418 Κυρίῳ
2927 3340 3181 3413 πάντοτε,
3224 3342 3393 3398 πάλιν
3453 3342 3590 3418 ξρῶ,
3640 3346 3859 3420 χαίρετε.

474 3460 504 3489 ιε
537 3437 691 3503 dico,
714 3435 985 3506 gaudete.
1014 3432 1299 3487 Modestia
1335 3437 1529 3484 vestra
1556 3436 1699 3485 nota
1728 3430 1803 3484 sit
1842 3430 2118 3485 omnibus

464 3548 495 3577 ‹‹
528 3524 901 3580 hominibus:
927 3521 1211 3576 Dominus
1244 3535 1423 3590 prope
1454 3519 1643 3579 est,de
1664 3519 1832 3573 nulla
1861 3536 1924 3572 re
1952 3518 2115 3573 solli-

467 3639 488 3666 ε
528 3615 628 3670 citi
661 3613 790 3668 sitis
818 3628 830 3665 :
866 3609 969 3665 sed
1003 3610 1064 3664 in
1092 3609 1253 3665 omni
1279 3607 2116 3679 precationeetobsecratione

461 3727 491 3756 ‹‹
522 3720 657 3761 cum
688 3701 1011 3774 gratiarum
1044 3698 1277 3753 actione
1312 3696 1633 3768 petitiones
1683 3701 1895 3750 vestrm
1947 3696 2117 3751 inno-

460 3816 491 3846 ι(
526 3797 756 3847 tescant
782 3789 936 3860 apud
969 3790 1174 3843 Deum.
1209 3788 1278 3841 Et
1309 3803 1420 3857 pax
1451 3786 1551 3839 Dei
1584 3800 1715 3855 quin
1747 3784 2113 3840 exceditom-

467 3905 490 3933 ι
529 3897 665 3937 nem
696 3878 1063 3935 intellectum
1093 3876 1387 3931 custodiet
1419 3874 1599 3929 corda
1620 3879 1813 3929 vestra
1828 3879 1884 3928 et
1905 3890 2115 3930 sensus

464 3993 492 4022 ι(
529 3975 754 4026 vestros
781 3968 843 4022 in
873 3965 1104 4021 Christo
1134 3965 1292 4019 Jesu.
1332 3986 1360 4013 ››

535 4059 800 4114 Christus
822 4055 1002 4110 dicit:
1032 4076 1058 4102 α
1084 4053 1244 4109 Beati
1267 4053 1367 4124 qui
1403 4052 1609 4124 lugent
1654 4051 1742 4118 34;
1795 4074 1823 4101 »
1870 4058 1926 4107 et
1955 4074 1983 4103 «
2020 4054 2114 4108 γω

467 4150 562 4204 his
586 4147 687 4218 qui
713 4145 908 4200 rident
926 4142 1007 4197 3":
1033 4164 1061 4192 »
1085 4141 1385 4213 quomodo
1408 4158 1544 4214 ergo
1566 4142 1651 4196 ait
1699 4141 1916 4196 Paulus
1970 4141 2113 4196 Gau-

469 4237 602 4292 dete
618 4234 646 4289 ‘I
662 4236 863 4305 Neque
885 4232 1152 4286 Christus
1175 4231 1399 4285 luctum
1426 4230 1790 4285 mundanum
1811 4229 2113 4300 prmcepit,

464 4326 578 4381 hoc
602 4329 711 4390 est,
741 4323 941 4393 lugere
975 4320 1034 4374 in
1067 4318 1391 4374 amissione
1421 4324 1802 4389 cognatorum
1835 4318 1923 4372 vel
1978 4318 2110 4372 afﬁ-

462 4415 661 4469 nium:
695 4411 800 4467 sed
852 4408 1180 4480 spiritalem
1244 4406 1407 4477 quod
1463 4413 1552 4460 est
1599 4406 1799 4475 lugere
1844 4411 2107 4477 peccata.

463 4504 661 4572 Neque
692 4498 908 4555 Paulus
962 4496 1333 4552 mundanum
1389 4494 1529 4548 dicit
1585 4494 1914 4566 gaudium:
1975 4494 2111 4549 Ideo

464 4606 701 4661 quoque
735 4586 1058 4658 subjungit,
1103 4587 1169 4639 In
1218 4583 1483 4640 Domino.
1544 4583 1755 4637 Luctus
1800 4582 1981 4654 igitur
2010 4583 2111 4638 ille

2220 3430 2292 3484 Τὸ
2351 3428 2583 3493 ἐπιεικὲς
2643 3432 2797 3504 ὑμῶν
2853 3432 3157 3506 γνωσθήτω
3212 3435 3373 3486 πᾶσιν
3429 3432 3764 3508 ἀνθρώποις.
3806 3434 3854 3489 Ὀ

2224 3518 2425 3593 Κύριος
2481 3519 2659 3596 ἐγγὺς,
2717 3516 2886 3592 μηδὲν
2949 3524 3270 3593 μεριμνᾶτε,
3327 3518 3458 3576 ἀλλ’
3519 3521 3575 3577 ἐν
3629 3523 3859 3593 παντὶτῇ

2222 3613 2505 3683 προσευχῇ
2591 3607 2680 3662 καί
2767 3609 2839 3679 τῇ
2923 3605 3104 3677 δεήσει
3190 3610 3326 3679 μετᾶ
3385 3608 3760 3685 εὐχαριστίας,
3810 3610 3860 3664 τὶ

2220 3696 2498 3769 αἰτήματα
2566 3697 2719 3769 ὑμῶν
2778 3696 3122 3771 γνωριζέσθω
3188 3699 3325 3771 πρὸς
3388 3699 3485 3753 τὸν
3560 3700 3713 3756 Θεόν.
3779 3698 3857 3754 Καὶ

2222 3788 2256 3854 ἠ
2333 3785 2518 3858 εἰρήνη
2595 3787 2696 3839 τοῦ
2768 3788 2906 3840 Θεοῦ
2981 3788 3016 3855 ἡ
3088 3784 3430 3861 ὑπερέχουσα
3480 3788 3667 3843 πάντα
3728 3793 3856 3854 νοῦν,

2221 3874 2517 3947 φρουρήσει
2589 3874 2686 3934 τας
2758 3869 2984 3945 καρδίας
3078 3875 3232 3946 ὑμῶν
3318 3873 3409 3929 καὶ
3485 3876 3556 3931 τὰ
3630 3878 3855 3948 νοήματα

2222 3963 2374 4035 ὑμῶν
2406 3960 2462 4016 ἐν
2493 3965 2723 4036 Χριστῷ
2751 3963 2954 4032 Ἰησοῦ.

2286 4064 2346 4114 ὐ
2375 4057 2607 4133 Χριστός
2637 4079 2792 4136 φησι*
2825 4083 2853 4110 ι(
2901 4060 3173 4133 Μακάριοι
3216 4060 3269 4114 οἷ
3322 4063 3670 4129 πενθοῦντες,
3705 4085 3733 4115 ››
3762 4059 3854 4117 καίο

2182 4162 2248 4197 ‘u
2282 4144 2417 4200 Οὐαὶ
2466 4148 2583 4208 τοῖς
2635 4151 2863 4223 γελῶσι.
2916 4170 2944 4198 ››
2996 4152 3120 4211 Πῶς
3174 4170 3339 4224 φησιν
3386 4151 3416 4205 6
3472 4151 3710 4220 Παῦλος,
3738 4149 3856 4209 Xal-

2220 4253 2374 4308 ρετε;
2403 4232 2542 4291 Οὐδὲ
2573 4234 2602 4288 6
2632 4236 2861 4308 Χριστὸς
2912 4236 2973 4290 τὸ
3023 4236 3216 4299 πένθος
3271 4239 3335 4294 τὸ
3390 4243 3665 4313 κοσμικόν
3692 4240 3853 4296 ἐπέτα-

2219 4324 2317 4393 ξεν,
2355 4323 2469 4378 οἷον
2496 4324 2559 4378 τὸ
2588 4325 2800 4379 πενθεῖν
2830 4323 2918 4380 ἐπὶ
2968 4321 3227 4400 ἀποϐολῇ
3276 4331 3695 4402 προσηκόντων,
3724 4327 3849 4385 ἀλλᾶ

2214 4413 2276 4467 τὸ
2334 4414 2719 4485 πνευματικὸν,
2774 4412 2839 4467 τὸ
2895 4415 3108 4469 πενθεῖν
3168 4415 3264 4478 τὶς
3314 4418 3605 4492 ἁμαρτίας.
3656 4415 3848 4476 Οὐδὶὸ

2216 4499 2431 4562 Παῦλος
2483 4503 2583 4570 τήν
2628 4502 2902 4573 κοσμικὴν
2961 4500 3107 4578 λέγει
3165 4506 3364 4580 χαράν.
3417 4509 3514 4562 Διὸ
3544 4508 3845 4579 καίἑπάγει,

2214 4592 2302 4647 ’Ev
2335 4589 2531 4664 Κυρίῳ.
2568 4592 2729 4645 Ὥστε
2774 4591 2836 4645 τὸ
2885 4595 3075 4655 πέντος
3125 4591 3318 4665 ἐκεῖνο,
3367 4615 3573 4665 ταυτης
3625 4604 3722 4666 τῆς
3763 4615 3849 4669 χα-

467 4683 646 4751 hujus
678 4680 876 4753 gaudii
910 4678 1143 4733 occasio
1175 4683 1282 4732 est.
1315 4678 1457 4730 Nam
1516 4675 1615 4745 qui
1674 4674 1912 4745 propria
1953 4674 2112 4747 luget

2224 4680 2552 4773 pis‘ﬂvi‘?!
2594 4678 2886 4756 πρόφασις.
2945 4681 3007 4737 Ὀ
3065 4681 3169 4758 γὰρ
3227 4682 3320 4746 τὰς
3376 4683 3584 4747 οἰκείας
3616 4684 3845 4758 ἁμαρτίας

467 4777 728 4842 peccata,
765 4765 1372 4837 habebitgaudiumin
1391 4763 1660 4827 Domino,
1682 4763 1783 4817 ubi
1808 4764 1916 4818 hoc
1941 4764 2114 4819 modo

468 4878 581 4932 por
603 4860 828 4914 luctum
846 4859 1088 4929 propria
1116 4855 1402 4911 deleverit
1422 4860 1681 4925 peccata,
1707 4858 1764 4908 et
1798 4871 1932 4908 cum
1956 4854 2119 4910 Chri-

470 4956 559 5005 sto
585 4950 683 5020 qui
707 4965 830 5003 una
850 4947 1125 5002 conscius
1158 4951 1247 5001 est
1275 4942 1601 4999 secundum
1660 4944 1844 4999 Deum
1897 4943 2119 5015 gaude-

473 5041 576 5097 bit.
613 5040 762 5106 Quid
794 5044 989 5095 autem
1048 5038 1157 5093 sibi
1216 5036 1341 5091 vult
1389 5034 1547 5106 quod
1596 5035 1679 5089 ita
1745 5034 2116 5106 reduplicat:

472 5153 499 5181 ‹‹
526 5133 748 5186 Iterum
773 5125 1230 5195 dico,gaudete?
1254 5125 1431 5179 Erant
1479 5123 1541 5178 in
1592 5139 1842 5179 mmrore
1889 5123 1962 5178 ob
1996 5129 2120 5179 ten-

479 5221 738 5275 tationes
769 5224 826 5272 et
856 5215 1208 5271 afﬂictiones
1239 5230 1386 5284 quas
1430 5211 1822 5267 sustinebant.
1854 5214 2125 5269 Ostendit

475 5325 614 5382 ergo
638 5306 797 5377 quod
822 5306 937 5377 pati
959 5321 1026 5359 ac
1074 5303 1271 5375 lugere
1319 5319 1425 5373 pro
1473 5301 1726 5367 Christo,
1760 5302 1881 5355 veri
1921 5303 2119 5374 gaudii

477 5397 923 5454 conciliativum
954 5394 1052 5449 sit.
1089 5398 1202 5449 Aut
1246 5392 1404 5463 quod
1463 5390 1634 5446 dolor
1687 5396 1961 5462 sumptus
2016 5409 2120 5463 pro

476 5487 708 5542 Christo
739 5482 1276 5558 apersecutoribus
1306 5480 1679 5552 proveniens,
1734 5479 1928 5551 ipsum
1979 5497 2119 5554 gau.

552 5661 602 5697 ⁸³
632 5662 770 5720 Luc.
802 5679 859 5730 Χ,
890 5665 980 5716 20.
1013 5659 1061 5695 ⁸³
1093 5660 1292 5730 Matth.
1320 5676 1372 5725 ν,
1405 5663 1456 5714 5.
1490 5657 1537 5694 ³⁵
1568 5660 1701 5715 Luc.
1736 5675 1811 5727 τι,
1841 5660 1929 5713 25.

2225 4768 2451 4832 πενθῶν,
2483 4761 2584 4838 ἕξει
2636 4769 2736 4837 τήν
2794 4767 2845 4823 ἐν
2902 4768 3086 4845 Κυρίῳ
3137 4772 3336 4847 χαρὰν,
3366 4773 3537 4848 ταῦτῃ
3571 4773 3844 4846 ἀπαλείψας

2223 4858 2319 4917 τὰς
2351 4855 2615 4931 ἁμαρτίας
2645 4853 2734 4911 διὰ
2788 4861 2885 4911 σοῦ
2934 4856 3192 4929 πένθους,
3224 4861 3314 4915 καὶ
3343 4864 3422 4931 τῷ
3454 4863 3675 4937 Χριστῷ
3702 4880 3842 4915 συνει-

2227 4943 2345 4999 δότι
2385 4945 2518 4999 κατὰ
2550 4945 2680 5000 Θεὸν
2714 4947 2942 5022 χαίρων.
2977 4948 3043 5003 Τί
3094 4944 3150 5002 δὶ
3205 4946 3463 5023 βούλεται
3492 4951 3555 5006 τὸ
3587 4947 3843 5005 ἐπιδιπλα-

2228 5032 2430 5102 σιάζειν
2456 5033 2636 5106 αὐτὸν,
2672 5056 2701 5084 ‹‹
2732 5033 2906 5089 Πάλιν
2936 5034 3064 5108 ἐρῶ,
3090 5036 3311 5112 χαίρετε
3335 5058 3350 5105 ;
3378 5062 3405 5090 ››
3436 5040 3608 5094 ἿΙσαν
3639 5038 3689 5094 ἐν
3720 5035 3838 5107 λύπῃ

2230 5120 2318 5178 διὰ
2363 5121 2491 5185 τοὺς
2538 5124 2875 5198 πειρασμοὺς
2923 5125 3015 5179 καὶ
3058 5125 3156 5188 τὰς
3214 5125 3428 5199 θλίψεις
3476 5125 3539 5190 ἃς
3589 5128 3841 5199 ὑπέμενον.

2229 5212 2505 5267 Δείκνυσιν
2557 5213 2650 5267 οὗν
2698 5214 2761 5268 τὸ
2814 5213 2946 5290 ὑπὲρ
2996 5214 3230 5290 Χριστοῦ
3278 5216 3509 5292 πάσχειν
3559 5217 3647 5272 καὶ
3691 5217 3842 5270 Λυπεῖ-

2230 5306 2370 5373 σθαι,
2402 5305 2578 5380 χαρᾶς
2616 5303 2675 5359 ὃν
2718 5312 2821 5374 τῆς
2876 5306 3121 5376 ἀληθοῦς
3173 5308 3444 5384 πρόξενον.
3475 5310 3544 5366 Ἤ
3572 5310 3653 5364 ὅτι
3677 5310 3708 5376 ἡ
3733 5304 3838 5374 ὑπὲρ

2231 5394 2469 5463 Χριστοῦ
2500 5392 2650 5466 λύπη
2682 5394 2790 5451 ἀπὸ
2838 5400 2947 5451 τῶν
2999 5394 3308 5453 διωκόντων
3351 5394 3730 5473 συμϐαίνουσα,
3758 5392 3836 5450 αὖα

2230 5483 2443 5558 τοχάρα
2494 5483 2636 5540 ἐστὶν
2684 5483 3136 5557 ἑπισκοτιζοὺσης
3187 5486 3393 5557 cf,ch
3445 5485 3731 5563 προσδοκίᾳ
3753 5502 3834 5558 χι·
