4072 6266
245 359 395 420 13η

1296 355 1698 418 somnum.
1741 353 1820 413 IN
1865 319 2107 412 EPlS'l‘.
2156 353 2258 411 AD
2301 351 2595 413 PHILIP.

3489 355 3642 418 1318

243 496 340 567 ρᾶς
368 493 470 561 τὴν
499 489 648 568 παρᾶ
674 488 815 546 πόδα
846 489 1043 561 λύπην.
1081 514 1106 540 «
1135 491 1208 546 Τὸ
1249 488 1476 547 ἐπιεικὲς
1536 486 1687 557 ὑμῶν
1739 505 1884 560 γνωο

2027 484 2164 538 lium
2188 483 2263 537 sit
2285 498 2499 554 nempe
2523 483 2872 539 obscurante
2899 489 3202 557 expectato
3224 486 3437 558 gaudio
3488 507 3640 561 prm-

246 584 433 652 σθῆτω
462 587 623 636 πᾶσιν
665 581 990 656 ἀνθρώποις.
1025 603 1052 632 ››
1100 576 1318 648 Ἐπειδή
1370 577 1624 650 ἀνωτέρω
1673 568 1892 629 διέϐαλέ

245 693 418 740 τινας,
451 673 524 726 ὧν
556 672 584 726 ὁ
615 672 743 732 Θεὸς
775 673 810 740 ἡ
839 668 1044 738 κοιλία,
1078 668 1280 746 λέγων,
1310 669 1400 722 καὶ
1452 670 1488 736 ἡ
1545 661 1670 736 δόξα
1721 665 1770 718 ἐν
1821 664 1890 734 τῇ

246 759 477 836 αἰσχύνῃ
515 759 713 827 αὐτῶν,
771 760 914 821 εἰκὸς
963 762 1029 828 ῆν
1091 756 1180 814 δια
1232 762 1400 812 ταῦτα
1459 753 1892 828 ἰκπαλεμοῦσθαι

245 852 380 926 πρὸς
410 851 647 912 ἐκείνους
677 850 805 915 τοὺς
832 855 1076 912 πιστοῦς.
1110 851 1284 920 Φησίν
1315 849 1423 904 οὖν·
1455 849 1542 915 Μὴ
1601 847 1674 908 ὡς
1725 847 1893 899 πολε-

251 941 398 1014 μίοις
432 948 662 1015 χρῆσθε,
709 939 836 996 αλλ’
893 941 1166 1009 ἐπιεικῶς,
1220 941 1306 994 καὶ
1369 939 1430 994 οὐ
1488 937 1649 1011 μόνον
1683 937 1892 1002 αὐτοῖς,

247 1029 391 1086 νλλά
417 1032 507 1085 καὶ
539 1037 698 1086 πᾶσιν
760 1033 1088 1106 ἀνθρώποις.
1147 1055 1176 1083 ιι
1208 1031 1265 1083 '0
1297 1029 1494 1103 Κύριος
1543 1025 1723 1102 ἐγγὺς,
1787 1046 1894 1099 μη·

248 1117 333 1175 δέν
375 1124 688 1195 μεριμνᾶτε.
725 1143 754 1172 ››
784 1121 848 1175 Τί
885 1121 988 1195 γὰρ
1021 1117 1233 1188 ἀλύετε,
1285 1118 1439 1198 φησί,
1493 1114 1581 1172 διὰ
1625 1117 1719 1171 τὰς
1767 1111 1898 1169 ὲκεί-

247 1225 354 1264 νων
384 1205 704 1280 ἐπιϐουλάς,
734 1209 768 1279 ἢ
799 1210 926 1271 τοὺς
960 1207 1164 1269 ἄλλους
1195 1205 1530 1282 πειρασμούς
1556 1225 1571 1274 ;
1601 1207 1663 1262 Ὁ
1698 1204 1896 1275 Κύριος

249 1298 431 1374 ἐγγὺς,
492 1299 674 1374 φησίν,
705 1301 740 1367 ἡ
773 1299 950 1371 κρίσις
1001 1296 1280 1375 ἐφέστηκε,
1321 1297 1409 1351 καί
1462 1297 1617 1367 ὑμεῖς
1657 1294 1897 1348 κάκεῖνοι

244 1380 341 1442 τὰς
372 1377 758 1434 άνταποδασεις
787 1378 949 1449 ἓξετε.
987 1375 1164 1448 Μηδὲν
1215 1378 1325 1445 οὖν,
1375 1377 1531 1454 φησὶ,
1582 1380 1896 1450 μεριμνᾶτε·

249 1492 277 1520 ιι
312 1467 467 1524 Ἀλλ’
501 1467 552 1522 ἐν
583 1468 759 1535 παντὶ,
796 1490 821 1520 α
853 1465 1118 1536 τουτέστι,
1150 1465 1451 1542 πράγματι,
1491 1468 1560 1538 τῇ
1609 1465 1896 1537 προσευχῇ

248 1555 340 1612 καὶ
370 1560 438 1630 τῇ
471 1554 674 1626 δεήσει,
705 1554 1001 1630 κέχοησοε.
1043 1557 1194 1611 Ἐστι
1229 1555 1324 1628 μὲν
1370 1554 1459 1609 οὖν
1511 1558 1650 1624 τοῖς,
1706 1547 1898 1615 θλιϐο-

255 1645 438 1718 μένοις
468 1646 696 1722 μεγίστη
739 1644 1066 1718 παραψυχὴ,
1122 1644 1186 1698 τὸ
1242 1643 1404 1720 ἐγγὺς
1462 1644 1603 1697 εἶκαι
1652 1643 1741 1696 τὸν
1799 1641 1900 1698 Κύ-

254 1754 392 1810 ριον.
423 1733 561 1789 Ἰδοὺ
593 1731 650 1789 δὲ
713 1735 803 1788 καὶ
855 1732 999 1789 ἄλλο
1057 1733 1379 1806 προστίθησι
1438 1733 1741 1812 φάρμακον,
1799 1735 1897 1800 τὴν

2003 578 2230 628 sentem
2262 587 2572 626 mmrorem
2607 579 2707 627 aut
2739 573 3022 628 dolorem.
3059 596 3086 624 ‹‹
3119 575 3400 632 Modestia
3453 584 3645 635 vestra

2002 671 2141 720 nota
2166 666 2239 719 sit
2271 665 2545 719 omnibus
2576 665 2937 720 hominibus.
2975 688 3003 714 n
3035 668 3323 730 Quoniam
3357 669 3415 723 in
3476 688 3647 741 supe-

2004 755 2260 809 rioribus
2291 753 2580 825 quosdam
2637 755 3005 825 vituperavit,
3064 756 3316 812 dicens:
3385 760 3644 822 Quorum

2009 846 2158 899 Deus
2190 850 2395 899 venter
2425 850 2511 898 est
2543 851 2600 898 et
2629 845 2816 916 gloria
2875 847 2935 900 in
2989 845 3277 901 dedecore
3332 849 3596 918 ipsorum
3633 867 3646 905 :

2006 933 2328 988 verisimile
2359 941 2484 988 erat
2514 933 2672 1004 quod
2707 953 2845 1005 erga
2873 935 3008 990 illos
3066 937 3328 992 futurum
3390 947 3545 994 esset
3585 947 3648 994 ut

2009 1022 2303 1078 hostiliter
2333 1039 2395 1076 se
2425 1030 2696 1094 gererent
2729 1025 2956 1079 ﬁdeles.
2989 1026 3084 1080 Ait
3115 1043 3250 1098 ergo
3279 1045 3292 1082 :
3329 1030 3452 1083 Non
3513 1035 3647 1084 tan-

2009 1128 2184 1182 quam
2220 1128 2354 1166 cum
2387 1112 2656 1166 hostibus
2709 1129 2844 1168 cum
2902 1114 2986 1168 eis
3043 1117 3496 1180 conversemini,
3547 1119 3650 1173 sed

2008 1207 2355 1256 mansuete:
2390 1216 2501 1255 nec
2533 1201 2592 1254 id
2624 1202 2814 1256 solum
2837 1220 2972 1257 cum
2998 1203 3165 1274 ipsis,
3191 1205 3294 1259 sed
3343 1223 3476 1260 cum
3523 1223 3653 1262 om-

2011 1291 2188 1345 nibus
2217 1290 2392 1345 etiam
2417 1290 2778 1345 hominibus.
2808 1314 2836 1339 «ι
2869 1292 3152 1348 Dominus
3189 1311 3370 1366 prope
3393 1301 3481 1349 est
3515 1313 3528 1349 :
3582 1297 3653 1351 de

2011 1379 2176 1434 nulla
2202 1396 2261 1434 re
2286 1379 2524 1434 solliciti
2550 1380 2698 1434 sitis.
2722 1403 2746 1428 υ
2767 1381 2882 1434 Cur
2921 1382 3102 1447 enim,
3135 1383 3238 1448 ait,
3279 1383 3480 1438 animo
3513 1402 3656 1440 con-

2012 1467 2208 1523 ciditis
2239 1473 2482 1538 propter
2511 1467 2750 1522 illorum
2785 1468 3030 1524 insidias
3060 1476 3160 1524 aut
3208 1470 3355 1526 alias
3401 1472 3656 1527 aﬂictio-

2012 1560 2702 1630 nes?Dominus,inquit.
2736 1578 2917 1632 prope
2939 1568 3048 1629 est,
3089 1562 3388 1634 judicium
3432 1566 3650 1620 instat:

2013 1655 2069 1704 et
2101 1667 2200 1703 vos
2247 1656 2306 1704 et
2362 1650 2447 1703 illi
2508 1649 2928 1704 retributiones
2986 1651 3300 1707 habebitis.
3361 1655 3513 1708 106
3574 1656 3653 1709 De

2013 1737 2179 1792 nulla
2206 1739 2402 1808 itaque
2435 1754 2493 1791 re
2526 1738 2656 1792 sitis
2680 1737 2959 1792 solliciti:
3017 1761 3039 1790 α
3095 1741 3205 1794 Sed
3265 1741 3326 1795 in
3379 1743 3539 1796 omni
3577 1759 3589 1797 :
3627 1767 3654 1792 ››

260 1825 398 1896 μετὰ
425 1825 772 1900 εὐχαριστίας
805 1825 997 1904 εὐχήν.
1025 1822 1172 1894 Αὕτη
1215 1825 1319 1900 γὰρ
1350 1823 1438 1878 καὶ
1486 1823 1688 1912 κυρίως
1734 1819 1896 1900 εὐχή.

2027 1832 2158 1897 puta
2189 1827 2422 1898 negotio
2456 1826 2779 1898 (Siquidem
2836 1825 3011 1892 παντί,
3073 1845 3206 1883 cum
3258 1847 3378 1884 non
3439 1832 3514 1884 sit
3574 1831 3659 1886 fe-

255 1914 354 1970 Διᾶ
385 1915 474 1968 οῦν
503 1921 603 1983 τῆς
663 1915 796 1986 μετὰ
859 1912 1205 1988 εὐχαριστίας
1262 1911 1434 1990 εὐχῆς
1491 1913 1577 1966 καὶ
1638 1909 1900 1980 δεήσεως,

254 2004 324 2056 τὰ
350 2002 628 2075 αἰτήματα
663 2005 816 2074 ὑμῶν
869 2002 1210 2076 γνωριζέσθω
1267 2002 1400 2077 πρὸς
1453 2003 1543 2055 τὸν
1605 2000 1753 2055 Θεόν.
1813 2001 1900 2060 Ὡς

259 2092 381 2169 α’ίγε
416 2093 490 2162 μή
523 2086 749 2166 ἔχουσαι
793 2092 1140 2167 εὐχαριστίαν
1191 2090 1371 2166 εὐχαὶ,
1431 2088 1554 2145 οὕτε
1607 2090 1900 2164 γνωρίζον-

253 2203 346 2236 ται
376 2182 510 2256 πρὸς
539 2182 631 2236 τὸν
665 2182 813 2237 Θεόν.
846 2182 908 2238 Ὁ
959 2181 1064 2254 γὰρ
1121 2182 1195 2253 μῆ
1257 2179 1594 2258 εὐχαριστῶν
1644 2177 1730 2233 ἐπὶ
1781 2178 1902 2238 τοῖς

253 2270 690 2344 παρεληλυθόσι,
723 2275 840 2331 πῶς
871 2271 905 2339 ἥ
941 2269 1149 2339 αἰτήσει
1183 2271 1217 2339 ἢ
1253 2267 1484 2341 λήψεται
1506 2269 1572 2323 τά
1595 2267 1902 2340 μέλλοντα;

261 2358 417 2416 Ἀλλ’
456 2359 508 2414 έν
540 2359 697 2413 παντὶ
730 2359 1008 2434 πράγματι
1037 2361 1106 2431 τῇ
1138 2361 1421 2433 προσευχῇ
1459 2357 1551 2411 καὶ
1605 2360 1674 2430 τῇ
1725 2354 1905 2425 δεήσει

263 2449 556 2524 κέχρησθε,
591 2447 660 2503 δι’
703 2450 774 2503 ὧν
807 2449 872 2502 τὰ
928 2449 1205 2520 αἰτήματα
1259 2449 1431 2521 ὑμῶν,
1496 2447 1630 2521 μετά
1685 2445 1902 2521 εὔχαρι·

259 2539 411 2603 στίας
447 2539 814 2614 γνωριζέσθω.
875 2562 902 2590 ι(
933 2539 1044 2594 ,Καὶ
1079 2540 1114 2606 ἡ
1146 2536 1336 2612 εἰρήνη
1393 2541 1491 2592 τοῦ
1547 2536 1702 2592 Θεοῦ.
1738 2559 1765 2586 ιι
1816 2535 1907 2592 Εἰ·-

260 2630 431 2702 ρήνης
465 2628 634 2702 λέγει,
701 2629 802 2696 τὴν
861 2626 1215 2701 καταλλαγὴν
1274 2631 1370 2680 τοῦ
1426 2629 1560 2680 Θεοῦ
1614 2626 1712 2693 τῆν
1770 2624 1906 2697 πρὸς

260 2719 430 2792 ἡμᾶς.
467 2716 662 2777 Καλῶς
694 2713 751 2770 δὲ
782 2717 926 2770 εἶπεν
957 2715 1199 2790 εἰρήνην.
1241 2717 1414 2786 Ἦμεν
1472 2715 1573 2790 γάρ
1631 2713 1779 2784 αὐτῷ
1823 2711 1909 2767 έκ-

258 2808 744 2882 πεπολεμωμένοι,
780 2804 869 2861 διὰ
900 2803 957 2862 δὲ
987 2811 1084 2862 τοῦ
1122 2807 1351 2880 αἳματος
1408 2811 1505 2861 τοῦ
1564 2809 1909 2880 Μονογενοῦς

264 2897 603 2967 κατήλλαξεν
635 2900 782 2970 ἡμᾶς
813 2897 1007 2967 έαυτῷ.
1057 2897 1254 2969 Ἢγουν
1305 2897 1426 2970 περὶ
1483 2895 1693 2965 ἐκείνης
1743 2895 1908 2970 λέγει,

262 2986 388 3062 περί
415 2987 482 3054 ἧς
513 3006 672 3061 φησιν
707 2986 734 3038 ὁ
768 2985 1021 3058 Χριστός”
1060 3007 1086 3034 ιι
1121 2984 1362 3058 Εἰρήνην
1393 2985 1493 3051 τὴν
1520 2983 1656 3055 έμήν
1709 2979 1909 3054 δίδωμι

266 3075 425 3145 ὑμῖν,
458 3073 680 3147 εἰρήνην
713 3073 811 3139 τήν
857 3072 994 3144 ἐμὴν
1053 3071 1253 3147 ἀφίημι
1317 3074 1466 3143 ὑμῖν.
1500 3095 1528 3122 η
1588 3073 1753 3127 Ὀταν
1810 3070 1910 3146 γὰρ

264 3161 404 3236 λέγῃ
438 3162 692 3236 καὶπρὸς
741 3161 870 3220 τοὺς
928 3159 1160 3235 ἐχθροὺς
1215 3160 1531 3234 εἰρηνεύειν,
1594 3158 1691 3214 οὐκ
1750 3160 1911 3234 ὑπερ-

263 3247 436 3306 ϐαίνει
469 3250 642 3304 πάντα
669 3253 792 3302 νοῦν
823 3268 836 3318 ;
897 3274 924 3300 ‹‹
957 3251 1017 3303 Ἠ
1074 3249 1420 3323 ὓπερὲχουσα
1473 3247 1646 3304 πάντα
1703 3252 1847 3303 νοῦν.
1883 3271 1909 3299 ι»

271 3339 336 3396 Εἰ
369 3337 426 3393 δὲ
457 3341 492 3406 ἡ
524 3337 712 3412 εἰργίνη
743 3341 841 3392 τοῦ
888 3342 1023 3392 Θεοῦ
1079 3333 1384 3412 ὑπερϐαίνει
1439 3337 1610 3392 πάντα
1665 3341 1810 3403 νοῦν,
1864 3335 1914 3391 τί

272 3427 417 3484 εἷ’ποι
447 3449 532 3490 τις
561 3426 696 3501 πρὸς
726 3427 852 3488 τους
879 3427 978 3495 τήν
1036 3425 1216 3481 οὐσίαν
1276 3426 1440 3480 αὐτοῦ
1492 3423 1917 3502 περιεργαζομέ-

264 3537 430 3586 vove;
465 3541 492 3568 ‹‹
526 3517 834 3591 Φρουρήσει
883 3515 977 3574 τάς
1033 3513 1258 3588 καρδίας
1317 3516 1490 3587 ὑμῶν.
1535 3545 1558 3569 κ
1619 3517 1780 3570 Ὥστε
1841 3513 1917 3586 μή

265 3606 372 3661 ὑπό
432 3609 748 3679 πειρασμῶν
805 3600 1314 3673 καταϐαπτίζεσθαι,
1367 3607 1508 3676 μήτε
1557 3603 1660 3658 ὑπὸ
1708 3603 1917 3672 ἀπάτης

269 3695 674 3772 περιφέρεσθαι.
711 3718 738 3744 ‹‹
775 3694 862 3749 Ἐν
889 3695 1107 3767 Χριστῴ
1139 3695 1338 3762 Ἰησοῦ.
1375 3717 1403 3743 ››
1434 3694 1501 3749 Ἦ
1533 3691 1584 3747 έν
1614 3691 1761 3763 αὐτῷ
1819 3714 1921 3769 φυ-

271 3783 444 3854 λάξει,
477 3781 616 3838 ὥστε
649 3781 823 3855 μένειν
852 3783 941 3837 καὶ
979 3784 1054 3854 μή
1114 3781 1354 3837 ἐκπεσεῖν
1411 3781 1599 3853 αὐτοῦ,
1630 3782 1664 3849 ἢ
1701 3778 1770 3835 δι’
1819 3782 1915 3835 αὖ·

266 3877 366 3929 τοῦ
399 3873 644 3948 φυλάξει.

2018 1915 2548 1987 minimum,jungi
2587 1933 2706 1970 non
2765 1921 2960 1986 potest
3015 1919 3082 1988 τῇ
3138 1922 3422 1991 προσευχῇ
3471 1919 3560 1973 καὶ
3589 1923 3656 1992 τῇ

2018 2000 2585 2075 δεήσειι,ρῐ-εοιιιίοιιθ
2609 2011 2665 2058 et
2686 2005 3094 2061 obsecratione
3116 2009 3389 2062 utamini.
3415 2010 3662 2065 Maxima

2019 2110 2154 2166 ergo
2177 2093 2503 2147 consolatio
2523 2099 2611 2146 est
2636 2094 2728 2146 his
2750 2094 2848 2164 qui
2902 2094 3222 2166 aﬂiguntur
3253 2097 3411 2164 quod
3464 2099 3658 2152 Domi-

2018 2200 2131 2236 nus
2152 2199 2336 2254 prope
2355 2182 2448 2236 sit.
2474 2185 2618 2236 Ecce
2641 2189 2840 2237 autem
2882 2189 2940 2237 et
2987 2183 3146 2238 aliud
3190 2185 3353 2240 addit
3385 2188 3662 2256 pharma-

2018 2287 2175 2337 cum,
2209 2271 2610 2341 precationem
2644 2288 2775 2325 cum
2808 2273 3131 2343 gratiarum
3175 2275 3406 2330 actione
3441 2293 3453 2330 :
3518 2279 3661 2332 Nam

2019 2359 2140 2412 haec
2168 2359 2404 2429 proprie
2432 2360 2690 2429 precatio
2717 2365 2824 2413 est.
2864 2362 3061 2430 Itaque
3095 2379 3198 2432 per
3258 2367 3662 2433 precationem

2019 2465 2153 2503 cum
2185 2449 2506 2520 gratiarum
2529 2448 2760 2503 actione
2792 2450 3110 2519 petitiones
3177 2457 3384 2506 vestrm
3426 2453 3662 2509 innote-

2021 2543 2186 2592 scant
2205 2537 2361 2608 apud
2385 2538 2565 2591 Deum
2593 2554 2604 2590 :
2634 2542 2914 2607 tanquam
2940 2539 3149 2593 innuat
3171 2540 3328 2610 quod
3375 2543 3662 2612 precatio-

2019 2643 2125 2681 nes
2157 2643 2288 2696 quae
2319 2626 2641 2698 gratiarum
2698 2628 2994 2681 actionem
3054 2645 3172 2682 non
3230 2629 3467 2694 habent,
3511 2631 3661 2685 bene

2021 2717 2396 2770 innotescant
2417 2715 2677 2785 quidem.
2703 2717 2809 2780 Qui
2836 2717 2992 2770 enim
3013 2719 3231 2788 gratias
3270 2735 3391 2773 non
3442 2721 3559 2791 agit
3588 2721 3660 2778 de

2022 2806 2115 2859 his
2136 2821 2267 2875 quas
2289 2806 2535 2874 accepit,
2566 2805 2862 2875 quomodo
2894 2811 3052 2876 petet
3083 2812 3184 2862 aut
3231 2809 3479 2879 accipiet
3529 2827 3660 2880 quae

2022 2895 2219 2950 futura
2267 2895 2454 2948 sunt?
2487 2895 2598 2949 Sed
2648 2895 2708 2948 in
2750 2896 2911 2949 omni
2971 2912 3033 2950 re
3094 2898 3432 2966 precatione
3489 2899 3664 2954 obse-

2022 2985 2284 3038 cratione
2315 2983 2590 3045 utamini.
2622 3001 2728 3054 per
2757 3001 2904 3054 quas
2934 2985 3251 3054 petitiones
3291 2992 3499 3041 vestrm
3532 3005 3667 3043 cum

2023 3072 2370 3144 gratiarium
2403 3073 2634 3126 actione
2668 3073 3060 3127 innotescant.
3108 3095 3135 3122 ‹‹
3197 3075 3264 3128 Et
3321 3092 3433 3146 pax
3483 3077 3604 3130 Dei.
3643 3101 3664 3129 ι

2025 3163 2233 3215 Pacem
2258 3160 2403 3214 dicit
2441 3161 2537 3214 Dei
2580 3176 2718 3232 erga
2761 3177 2867 3215 nos
2915 3162 3482 3218 reconciliationem.
3517 3165 3672 3219 Bene

2025 3256 2220 3304 autem
2245 3249 2392 3303 dixit
2415 3266 2641 3319 pacem.
2666 3251 2811 3304 Nam
2833 3267 3070 3305 eramus
3092 3251 3227 3306 facti
3253 3252 3365 3323 ipsi
3419 3252 3667 3320 inimici,

2029 3339 2131 3393 sed
2155 3355 2262 3409 per
2278 3338 2623 3409 sanguinem
2650 3339 2943 3410 Unigeniti
2970 3341 3372 3395 reconciliavit
3413 3359 3524 3397 nos
3556 3342 3668 3396 sibi

2031 3427 2164 3498 ipsi.
2199 3428 2278 3481 De
2310 3426 2414 3481 illa
2444 3427 2622 3498 igitur
2653 3427 2917 3497 loquitur
2945 3428 3018 3482 de
3051 3445 3167 3499 qua
3225 3431 3307 3484 ait
3353 3431 3619 3486 Christus
3653 3448 3666 3484 :

2030 3521 2305 3574 «Pacem
2356 3535 2551 3574 meam
2605 3519 2679 3573 do
2737 3520 2922 3586 vobis,
2981 3538 3188 3592 pacem
3246 3522 3519 3594 relinquo
3576 3540 3673 3578 vo-

2033 3608 2123 3663 bis
2151 3607 2219 3664 35.
2256 3630 2282 3657 ››
2315 3614 2456 3662 Cum
2489 3609 2646 3662 enim
2665 3608 2880 3664 dixerit
2911 3616 2974 3664 ut
3007 3610 3184 3664 etiam
3217 3628 3353 3684 erga
3401 3613 3678 3668 inimicos

2031 3713 2234 3768 pacem
2267 3697 2750 3764 habeant,annon
2773 3697 3001 3751 excedit
3021 3715 3258 3752 omnem
3279 3700 3678 3755 intellectum?

2029 3809 2055 3834 ‹‹
2090 3787 2228 3850 Quae
2247 3785 3147 3840 exceditomnemintellectum.
3201 3808 3228 3834 υ
3270 3787 3434 3851 Quod
3484 3789 3530 3841 si
3566 3804 3676 3858 pax

2029 3875 2130 3928 Dei
2164 3873 2395 3928 excedit
2425 3889 2660 3926 omnem
2695 3873 3086 3931 intellectum.
3121 3874 3263 3944 quid
3306 3875 3463 3930 dicet
3519 3877 3677 3946 quis-

267 3964 430 4035 piam
463 3961 535 4016 de
568 3962 658 4017 his
689 3961 790 4033 qui
823 3962 1011 4032 ipsius
1039 3962 1400 4017 subtantiam
1431 3962 1662 4017 curiose
1694 3965 2035 4016 scrutantur
2055 3961 2082 4015 '?
2110 3983 2137 4010 ‹‹
2171 3961 2472 4015 Custodiet
2501 3960 2679 4014 corda
2705 3967 2934 4015 vestra:
2969 3983 2996 4010 ››
3025 3963 3106 4016 Ne
3138 3963 3245 4017 sub
3262 3963 3676 4018 afﬂictiocibus

271 4051 696 4122 demergarnini
727 4056 829 4106 aut
859 4051 966 4104 sub
1000 4050 1204 4105 fraude
1229 4050 1732 4105 circumferamini
1765 4055 1823 4103 et
1853 4049 2082 4103 erretis.
2121 4071 2147 4098 α
2183 4051 2247 4104 ln
2278 4049 2508 4104 Christo
2537 4051 2694 4104 Jesu.
2730 4071 2756 4098 ››
2803 4052 2918 4104 Aut
2973 4051 3269 4106 custodiet
3319 4058 3385 4107 ut
3436 4053 3499 4106 in
3547 4053 3674 4122 ipso

269 4140 585 4203 maneatis,
615 4146 672 4194 et
703 4157 821 4194 non
855 4139 1140 4194 excidatis
1171 4139 1243 4194 ab
1275 4139 1400 4210 ipso
1427 4156 1440 4193 :
1469 4145 1570 4195 aut
1602 4157 1709 4211 per
1739 4139 1934 4210 ipsum
1969 4138 2282 4194 custodiet.

341 4227 415 4283 Τὸ
526 4225 739 4294 λοιπὸν,
818 4224 1069 4300 ἀδελφοὶ,
1144 4228 1245 4281 ’ὸσα
1317 4225 1458 4280 ἐστὶν
1532 4225 1740 4296 ἀληθῆ,
1818 4227 1917 4279 ὅσα

271 4314 463 4386 σεμνὲ,
541 4313 641 4369 ὅσα
715 4311 918 4384 δίκαια,
997 4316 1094 4370 ὅσα
1167 4315 1321 4389 ἁγνὰ,
1426 4313 1524 4369 ὅσα
1609 4313 1914 4389 προσφιλῆ,

271 4404 374 4460 ὅσα
448 4400 688 4481 εὕρημα.
767 4402 837 4461 Εἴ
903 4425 985 4466 τις
1060 4404 1249 4479 ἀρετὴ,
1323 4406 1414 4460 καὶ
1454 4404 1502 4460 εἳ
1550 4426 1634 4466 τις
1675 4403 1915 4473 ἔπαινος,

271 4499 443 4551 ταῦτα
482 4493 779 4569 λογίζεσθε.
841 4495 911 4551 Ἀ
966 4495 1054 4548 καὶ
1114 4493 1358 4567 ἐμάθετε,
1417 4495 1508 4548 καὶ
1567 4487 1922 4568 παρελάϐετε,

271 4582 367 4639 καὶ
445 4581 734 4652 ἠκούσατε,
810 4583 900 4636 καὶ
973 4579 1118 4638 ’ίόετε
1191 4581 1243 4638 έν
1319 4582 1466 4655 ἐμοὶ,
1541 4586 1708 4638 ταῦτα
1755 4581 1927 4654 πράσ-

277 4692 420 4740 σετε,
453 4671 542 4725 καὶ
574 4672 602 4725 ὁ
633 4670 762 4731 Θεὸς
794 4677 894 4739 τῆς
927 4671 1146 4744 εἰρήνης
1180 4667 1325 4726 ἔσται
1361 4671 1478 4743 μεθ’
1505 4671 1680 4743 ὑμῶν.

997 4316 1094 4370 ὅσα
1167 4315 1321 4390 ἁγνὰ,

356 4851 537 4906 Πάντα
576 4851 702 4923 ὑμῖν
737 4850 971 4926 ενρηται,
1001 4854 1164 4906 τοῦτο
1217 4849 1460 4906 λείπεται
1513 4855 1626 4905 νῦν.
1684 4852 1932 4923 Ἐπειγο-

291 4939 451 5011 μένου
482 4937 538 4995 δὲ
585 4941 654 4995 τὰ
710 4939 950 5015 ῥήματα.
1009 4939 1222 5009 Ἀληθῆ
1286 4937 1344 4994 δέ
1387 4959 1520 5017 erat
1575 4940 1644 4995 τα
1699 4937 1934 5012 ἰνάρετα.

289 5024 505 5089 Ψεῦδος
532 5029 632 5102 γὰρ
663 5032 700 5097 ἡ
727 5030 906 5086 κακία.
944 5029 1124 5102 Σεμνᾶ
1169 5026 1248 5098 δὲ,
1298 5029 1363 5084 τά
1405 5027 1504 5083 ὅσα
1551 5028 1602 5082 έν
1666 5030 1937 5102 σχήμασι,

288 5117 379 5172 καί
409 5114 620 5191 λόγοις,
661 5118 751 5171 καὶ
804 5114 1124 5192 βαδίσμασι,
1184 5118 1274 5173 καί
1333 5119 1605 5191 πράξεσιν.
1657 5118 1821 5191 Ἀγνα
1860 5114 1938 5182 δὲ,

291 5208 368 5268 ὡς
405 5207 542 5280 πρὸς
596 5203 1012 5276 ἀντιδιαστολῆν
1073 5212 1167 5262 τοῦ
1221 5209 1287 5262 τά
1342 5210 1503 5282 γήϊνα
1578 5205 1939 5283 φρονούντων.

294 5301 578 5372 προσριλῆ
613 5292 692 5360 δέ,
726 5293 762 5362 ἤ
793 5300 872 5367 τῷ
919 5300 1056 5367 Θεῷ,
1114 5297 1149 5366 ἢ
1210 5302 1329 5358 τοῖς
1389 5301 1620 5359 πιστοῖς.
1681 5320 1707 5344 ‹‹
1745 5294 1807 5352 Ei
1861 5315 1943 5356 τις

293 5386 484 5458 ἀρετ-ἠ,
513 5383 604 5438 καὶ
633 5382 783 5445 εἴτις
803 5380 1042 5446 ἔπαινος.
1077 5409 1104 5437 »
1162 5384 1426 5441 Βοῦλεται
1487 5385 1659 5446 οὕτως
1703 5388 1798 5456 ζῇν
1847 5382 1945 5438 αὐ-

291 5473 441 5544 τοὺς,
519 5473 595 5535 ὡς
667 5473 760 5527 καὶ
833 5473 1143 5548 ἀνθρώποις
1220 5473 1486 5548 ἀρέσκειν.
1552 5473 1944 5547 (Ἀπρὸσκοποι

368 5669 414 5704 ³⁸
442 5670 609 5726 Joan.
648 5687 758 5735 xw,
792 5673 878 5723 27.

2097 4228 2187 4289 ιν,
2217 4229 2270 4293 8,
2301 4230 2353 4281 9.
2393 4249 2413 4276 α
2450 4226 2613 4292 Quod
2646 4227 2945 4298 reliquum
2979 4233 3087 4290 est,
3115 4229 3351 4293 fratres,
3394 4247 3676 4301 quascun-

2030 4338 2058 4366 ι(
2090 4331 2204 4386 que
2235 4321 2373 4370 sunt
2398 4332 2556 4382 vera,
2588 4333 2960 4388 quascunque
2994 4317 3264 4384 honesta,
3309 4335 3680 4389 qumcunque

2030 4429 2056 4454 «
2085 4406 2268 4476 justa,
2303 4422 2672 4476 quascunque
2713 4423 2883 4476 pura,
2945 4424 3316 4478 quwcunque
3376 4408 3681 4475 amabilia,

2036 4520 2063 4544 ιι
2100 4511 2468 4565 quascunque
2502 4494 2642 4548 boni
2676 4496 2871 4549 omnis
2901 4513 2914 4550 :
2951 4496 2998 4550 si
3030 4513 3148 4566 qua
3178 4498 3363 4551 virtus
3395 4503 3452 4551 et
3483 4498 3530 4552 si
3563 4514 3682 4568 qua

2039 4606 2065 4631 ι(
2101 4581 2250 4650 laus,
2285 4582 2411 4636 haec
2443 4582 2692 4651 cogitate
2719 4599 2732 4636 :
2766 4599 2896 4652 qua)
2931 4590 2987 4637 et
3017 4584 3308 4639 didicistis
3339 4591 3396 4639 et
3427 4586 3684 4656 accepis-

2041 4693 2068 4718 ‹‹
2098 4670 2172 4724 tis
2205 4675 2262 4724 et
2287 4670 2537 4725 audistis
2570 4676 2626 4723 et
2656 4671 2884 4725 vidistis
2934 4672 2993 4727 in
3048 4689 3162 4742 me,
3223 4674 3349 4729 haec
3398 4675 3594 4743 facite,
3629 4681 3687 4729 et

2041 4781 2070 4809 ‹‹
2105 4760 2258 4813 Deus
2289 4758 2447 4828 pacis
2483 4764 2594 4812 erit
2620 4759 2943 4815 vobiscum.
2976 4783 3003 4810 ››

2115 4847 2323 4902 Omnia
2353 4847 2514 4902 vobis
2545 4847 2702 4903 dicta
2730 4856 2905 4905 sunt:
2943 4851 3001 4906 id
3033 4867 3190 4907 nunc
3247 4857 3432 4908 restat
3487 4857 3554 4908 ut
3615 4853 3692 4907 sit

2047 4936 2147 5007 qui
2179 4935 2355 4990 verba
2367 4936 2884 4992 sollicitet.Veram
2909 4947 3109 4995 autem
3131 4941 3277 4996 dicit
3303 4942 3568 4998 studiosa
3587 4959 3690 4996 seu

2047 5042 2178 5095 qum
2208 5025 2440 5078 virtutis
2474 5030 2647 5079 sunt:
2684 5026 3057 5083 mendacium
3109 5030 3266 5084 enim
3327 5031 3530 5086 vitium
3580 5038 3690 5086 est.

2050 5115 2308 5168 Honesta
2337 5130 2493 5177 vero,
2523 5114 2642 5168 sive
2666 5114 2725 5169 in
2750 5115 2974 5181 habitu,
3026 5119 3144 5174 sive
3194 5121 3254 5174 in
3295 5121 3691 5187 sermonibus,

2051 5203 2169 5257 sive
2195 5202 2669 5270 inincessu,sive
2693 5206 3042 5262 actionibus.
3092 5211 3244 5264 Pura
3291 5215 3510 5277 autem,
3562 5216 3690 5264 tau-

2052 5311 2231 5364 quam
2264 5293 2336 5348 ad
2367 5293 2765 5349 dill'erentiam
2799 5313 3000 5353 eorum
3032 5299 3130 5370 qui
3185 5305 3416 5354 terrena
3465 5305 3695 5354 curant.

2053 5384 2198 5438 101
2239 5381 2534 5438 Amabilia
2559 5400 2717 5450 vero,
2751 5391 2850 5440 aut
2887 5386 3000 5440 Deo
3059 5393 3161 5442 aut
3218 5388 3513 5444 ﬁdelibus.
3559 5412 3587 5438 ››
3642 5389 3696 5442 Si

2055 5489 2172 5543 qua
2203 5471 2387 5527 virtus
2421 5477 2480 5525 et
2512 5488 2630 5542 qua
2657 5473 2806 5529 laus.
2859 5497 2886 5523 ››
2946 5476 3078 5530 Vult
3133 5477 3296 5548 ipsos
3348 5478 3432 5532 ita
3487 5478 3697 5548 vivere,
