4072 6266
270 406 423 465 1321

1333 406 1742 473 COMMENT.
1791 406 1866 466 IN
1916 402 2180 501 EPIST.
2215 405 2315 464 AD
2365 402 2645 464 PHILII’.

3534 408 3688 467 1322

265 533 798 612 γματισχολάζωνε
836 563 856 589 ι
889 537 1015 612 Οὐχ
1043 537 1126 592 δτι
1174 538 1288 592 καθ’
1347 537 1628 613 ὑστέρησιν
1685 531 1850 611 λέγω.
1893 559 1912 586 ι

2034 551 2149 607 quo
2181 535 2528 608 gloriantur,
2563 536 2778 607 inquit,
2809 536 3192 606 inveniantur
3244 537 3394 592 sicut
3427 543 3484 592 et
3528 553 3636 611 ego
3668 557 3679 593 :

259 622 485 694 Ἐπειδὴ
575 627 756 700 ἠρέμα
835 625 1159 701 ἐπετίμησεν
1239 626 1425 689 αὐτοῖς
1509 627 1740 702 γράψας,
1809 620 1919 696 ἢδη

262 713 398 769 ποτε
431 756 446 781 ,
481 715 669 793 φησίν.
700 717 872 790 "Amp
917 715 1092 785 εἶπον,
1128 715 1188 770 οὗ
1225 712 1312 771 ’διὰ
1341 719 1504 771 τοῦτο
1562 717 1713 770 εἷπον
1768 714 1842 776 ὡς
1873 711 1926 767 ἐν

260 799 434 876 ἐνδείᾳ
478 801 580 872 ὢν,
651 801 799 859 ἀλλὰ
853 805 990 880 πρὸς
1041 804 1105 859 τὸ
1169 803 1322 878 ὑμῶν
1375 805 1673 883 συμφέρον,
1733 801 1922 879 φησὶν,

256 883 435 960 εἶπον,
490 890 581 946 ἳνα
645 893 720 966 μὴ
776 889 1011 968 ἄκαρποι
1069 893 1190 964 ἤτε,
1248 892 1383 968 ἅπερ
1439 893 1586 946 κάτω
1647 889 1818 967 λέγει.
1851 921 1922 932 -·

263 981 484 1054 [ΦΩΤ.]
511 981 680 1036 Εἶπον
741 982 824 1036 ὅτι
882 981 1089 1058 ἐχάρην
1145 980 1198 1035 έν
1260 980 1798 1058 Κυρίῳ,,μεγάλως,
1835 978 1919 1034 ὅτι

262 1067 556 1134 ἀνεθάλετε
586 1071 648 1125 τὸ
708 1070 838 1146 ὑπὲρ
893 1068 1032 1143 ἐμοῦ
1090 1074 1323 1147 φρονεῖν.
1380 1067 1562 1126 Ἀλλά
1623 1070 1700 1141 μὴ
1757 1069 1918 1141 νομί-

263 1178 417 1229 σητε,
451 1159 644 1237 φησὶν,
675 1157 843 1214 εἷ’πεῖν
900 1179 964 1232 με
1015 1163 1202 1228 τοῦτο,
1239 1155 1324 1214 διὰ
1373 1161 1472 1229 τὴν
1533 1159 1812 1234 ὑστέρησιν
1856 1157 1920 1226 ἣν

261 1248 448 1323 εἶχον.
484 1249 632 1324 Ἐγὼ
663 1249 791 1324 γὰρ,
823 1250 1012 1328 φησὶν,
1064 1243 1288 1322 ἔμαθον,
1347 1249 1435 1304 καὶ
1469 1249 1612 1319 ἑξῆς.
1649 1253 1919 1324 Γεγυμνα-

264 1337 488 1408 σμένος,
514 1337 698 1414 φησὶν,
749 1339 863 1413 εἰμὶ
898 1337 947 1393 έν
1003 1341 1155 1408 πᾶσι,
1212 1338 1300 1392 καὶ
1348 1335 1473 1412 οὐδὲ
1533 1337 1918 1411 ὑστερούμενος

265 1424 638 1505 δυσχεραίνω.
674 1427 916 1503 Ἐχάρην
969 1425 1025 1482 δὲ
1051 1426 1204 1500 ὅμως
1263 1428 1347 1506 ἐφ’
1407 1427 1559 1500 ὑμῖν,
1601 1428 1684 1480 ὅτι
1736 1425 1918 1488 καλῶς

261 1511 587 1584 ἐποιήσατε.
647 1520 947 1577 Κοινωνους
1004 1514 1107 1591 γὰρ
1170 1513 1392 1577 ἑαυτοὺς
1446 1520 1548 1584 τῆς
1598 1513 1734 1586 ἐμῆς
1796 1511 1918 1577 ολί-

263 1605 414 1675 ψεως
471 1623 793 1672 ποιησαντες
829 1645 844 1670 ,
901 1604 988 1657 καὶ
1047 1608 1154 1658 τῶν
1209 1599 1477 1680 βραϐείων
1536 1603 1917 1673 κοινωνήσετε.

264 1693 365 1746 Διά
422 1696 590 1746 τοῦτο
670 1691 877 1771 ἐχάρην
965 1690 1236 1766 μεγάλως.
1326 1688 1557 1759 Ἐπειδὴ,
1608 1691 1774 1759 εἶπεν,
1835 1690 1917 1745 ὅτι

262 1778 509 1854 Ἑχάρην
603 1779 910 1856 μεγάλωςη
968 1777 1109 1835 διότι
1177 1780 1334 1855 ὑμεῖς
1379 1777 1563 1842 καλῶς
1628 1780 1918 1851 ἐποιήσατε

261 1869 624 1942 συγκοινωνοὶ
666 1869 945 1944 γεγονότες
1007 1891 1109 1942 μου
1173 1872 1272 1939 τῆς
1327 1869 1590 1944 θλίψεως,
1651 1869 1913 1939 ἐπαναμιο
1952 1906 1996 1969 Β

272 1960 505 2029 μνῄσκει
559 1956 778 2027 αὐτοὺς,
833 1956 915 2012 ὅτι
968 1959 1060 2013 ἀπ’
1096 1958 1279 2036 ἀρχῆς
1335 1958 1535 2030 ταύτην
1589 1957 1775 2020 αὐτοῖς
1822 1959 1920 2025 τὴν

266 2044 434 2122 χάριν
466 2045 554 2099 καὶ
590 2047 691 2116 τὴν
750 2045 1049 2119 εὐεργεσίαν
1119 2046 1455 2113 κατετίθετο,
1512 2045 1574 2100 τὸ
1636 2043 1688 2114 ἐξ
1742 2043 1915 2099 αὐτῶν

267 2126 575 2205 λαμϐάνειν
603 2133 668 2187 τά
723 2133 859 2208 πρὸς
919 2135 1017 2203 raw
1067 2131 1277 2207 χρείαν,
1338 2137 1424 2188 καὶ
1495 2132 1791 2196 κοινωνοὺς
1824 2133 1922 2187 αὖ·

266 2221 397 2282 τοὺς
431 2216 521 2276 διὰ
542 2220 739 2276 τοῦτον
771 2223 1192 2296 παρασκευάζειν
1245 2222 1333 2276 καὶ
1382 2227 1490 2276 τῶν
1537 2217 1625 2276 διά
1683 2222 1916 2296 Χριστὸν

264 2309 535 2384 θλίψεων,
576 2312 665 2366 καὶ
716 2316 822 2367 τῶν
887 2311 972 2366 ἐπὶ
1033 2313 1245 2374 τούτοις
1303 2312 1564 2384 κειμένων
1628 2306 1918 2386 βραϐείων.

263 2402 359 2465 Μὴ
391 2402 495 2477 γὰρ
540 2402 824 2474 νομίσητε,
885 2402 1072 2476 φησὶν,
1105 2401 1188 2456 ὅτι
1217 2406 1305 2456 νῦν
1349 2397 1438 2456 διά
1493 2402 1584 2476 ea;
1611 2400 1818 2477 μακράν
1853 2422 1920 2474 με

257 2491 652 2564 γενέσθαι,κ;ιῖ
687 2490 738 2544 ἐν
770 2491 927 2563 τόπῳ
984 2489 1036 2544 ἐν
1103 2490 1148 2562 ᾧ
1205 2491 1267 2546 τὸ
1316 2492 1571 2567 κήρυγμα
1627 2486 1806 2563 ὥσπερ
1866 2491 1916 2544 ἐν

261 2579 390 2652 ὑμῖν
427 2579 527 2634 οὐκ
562 2578 870 2651 ἐπλατύνθη
932 2575 1057 2634 οὐδὲ
1114 2579 1245 2634 εἶ’σιν
1311 2580 1362 2634 οἱ
1422 2579 1718 2654 προθύμως
1778 2577 1920 2634 οῧτω

263 2668 334 2722 τά
364 2669 504 2743 πρὸς
541 2669 733 2743 χρείαν
770 2666 1258 2744 ἐπιχορηγοῦντες,
1287 2665 1376 2723 διά
1405 2672 1570 2723 τοῦτο
1614 2670 1712 2737 τὴν
1769 2669 1916 2742 ὑμῶν

263 2759 548 2832 χορηγίαν
606 2753 949 2829 ἀπεδεξάμην
1018 2757 1107 2811 καὶ
1165 2758 1373 2828 ἠξίωσα
1429 2757 1567 2829 ὑμᾶς
1624 2757 1918 2820 κοινωνοὺς

233 2846 490 2915 ’καὶτῆς
520 2845 759 2919 θλίψεώς
821 2865 923 2917 μου
980 2847 1073 2900 καὶ
1120 2853 1222 2916 τῆς
1291 2841 1718 2919 μισθαποδοσίας
1774 2848 1918 2921 γενέ-

266 2945 414 2998 σθαι.

2034 625 2319 696 quoniam
2372 623 2702 696 accipiebat
2756 640 2876 681 non
2937 631 3171 681 tantum
3232 632 3473 697 propter
3517 642 3685 682 suam

2032 715 2456 770 necessitatem
2481 720 2770 786 quantum
2799 720 3040 787 propter
3100 731 3306 770 eorum
3366 715 3685 771 utilitatem

2036 802 2134 874 qui
2193 802 2556 874 praebebant.
2592 802 2754 858 Unde
2787 804 2944 858 enim
2976 804 3036 858 in
3078 802 3390 876 peregrina
3420 809 3576 859 terra
3605 803 3683 859 ali

2033 890 2346 969 potuisset,
2378 907 2512 946 cum
2543 907 2738 963 neque
2789 890 3013 963 aliquid
3061 891 3457 963 importasset,
3491 906 3684 963 neque

2035 977 2300 1034 manuali
2328 979 2519 1051 operi,
2559 979 2663 1034 sed
2719 978 3131 1051 prmdicationi
3180 978 3469 1036 vacaret?
3502 1002 3522 1029 ι
3556 981 3686 1035 Non

2035 1069 2193 1139 quod
2217 1070 2390 1141 juxta
2420 1069 2973 1142 penuriamloquar.
3002 1092 3028 1118 »
3048 1069 3337 1135 Quoniam
3369 1067 3682 1125 scribendo

2034 1155 2188 1212 clam
2220 1173 2321 1212 eos
2352 1157 2697 1230 objurgavit,
2732 1173 2851 1214 non
2913 1157 3150 1214 tandem
3201 1159 3323 1214 ait:
3360 1157 3498 1224 Quaa
3531 1157 3682 1226 diti,

2036 1263 2154 1302 non
2182 1253 2424 1318 propter
2445 1263 2513 1303 ea
2543 1247 2663 1303 dixi
2697 1247 2851 1320 quod
2902 1250 2961 1303 in
2997 1249 3248 1318 penuria
3281 1247 3414 1315 sim,
3444 1246 3548 1302 sed
3606 1247 3680 1302 ad

2034 1343 2310 1406 vestram,
2339 1337 2554 1407 inquit,
2589 1337 2905 1392 utilitatem
2955 1337 3186 1393 locutus
3242 1353 3394 1402 sum,
3427 1352 3501 1393 ne
3551 1336 3680 1392 sine

2031 1423 2228 1481 fructu
2260 1427 2412 1493 sitis,
2443 1425 2624 1482 veluti
2655 1423 2904 1482 inferius
2948 1425 3114 1482 dixit.
3160 1426 3287 1481 Dixi
3342 1425 3500 1497 quod
3531 1427 3682 1497 gavi-

2036 1531 2137 1571 sus
2170 1514 2656 1588 sin1[in_Domino
2684 1532 3039 1588 magnopere
3089 1514 3247 1586 quod
3294 1514 3683 1570 reﬂorueritis

2033 1610 2099 1659 ut
2127 1621 2232 1676 pro
2265 1621 2359 1660 me
2386 1603 2622 1659 solliciti
2654 1605 2900 1660 essetis:
2937 1605 3039 1660 sed
3071 1621 3144 1661 ne
3172 1620 3287 1674 me,
3311 1604 3527 1676 inquit,
3555 1603 3683 1659 hazc

2040 1693 2237 1749 dicere
2266 1693 2616 1750 existimetis
2648 1693 2804 1766 quod
2835 1695 2897 1749 in
2928 1693 3180 1766 penuria
3230 1692 3445 1749 fuerim
3469 1706 3490 1748 .‘
3536 1694 3682 1748 Nam

2035 1797 2158 1854 ego,
2190 1782 2293 1849 ait,
2327 1781 2528 1851 didici,
2564 1788 2673 1838 etc.
2706 1783 3074 1838 Exercitatus
3106 1799 3235 1838 sum
3268 1783 3332 1838 in
3361 1780 3636 1837 omnibus
3665 1801 3678 1837 :

2033 1877 2090 1925 et
2120 1887 2193 1925 ne
2226 1877 2482 1943 egestate
2496 1871 2736 1942 quidem
2759 1888 2998 1943 pressus
3021 1871 3260 1945 indigne
3288 1871 3414 1927 fero
3441 1883 3682 1928 :verum

2031 1960 2211 2015 etiam
2244 1960 2420 2016 vestri
2449 1976 2630 2015 causa
2661 1960 2894 2032 gavisus
2927 1977 3056 2015 sum
3091 1959 3248 2032 quod
3303 1965 3461 2015 recte
3517 1959 3676 2014 fece-

2030 2048 2158 2104 ritis
2192 2061 2205 2104 τ
2239 2066 2375 2104 cum
2399 2049 2557 2104 enim
2587 2049 2906 2120 participes
2938 2065 3082 2104 meae
3110 2049 3454 2104 aftiictionis
3482 2050 3677 2121 vosip-

2030 2155 2126 2194 sos
2157 2137 2439 2204 feceritis,
2483 2139 2660 2193 etiam
2691 2137 3072 2209 praemiorum
3121 2137 3437 2210 participes
3467 2137 3634 2193 eritis
3661 2153 3676 2191 :

2029 2234 2088 2282 et
2117 2233 2431 2298 propterea
2476 2242 2836 2299 magnopere
2884 2228 3115 2300 gavisus
3148 2243 3298 2284 sum.
3359 2227 3679 2298 Postquam

2029 2315 2212 2372 dixit:
2271 2316 2514 2370 Gavisus
2565 2332 2693 2369 sum
2746 2330 3104 2386 magnopere
3154 2315 3313 2386 quod
3361 2333 3462 2370 vos
3520 2322 3680 2370 recte

2028 2403 2453 2473 feceritis,facti
2487 2403 2807 2475 participes
2838 2420 2985 2459 meae
3035 2405 3398 2473 afflictionis,
3425 2405 3684 2477 suggerit

2031 2492 2188 2564 quod
2220 2492 2292 2547 ab
2327 2492 2566 2547 exordio
2600 2492 2756 2548 hanc
2787 2492 3036 2565 gratiam
3070 2499 3126 2547 et
3157 2493 3267 2548 hoc
3297 2493 3680 2562 beneficium

2029 2581 2102 2636 ad
2134 2581 2296 2652 ipsos
2327 2581 2618 2649 retulerit,
2653 2587 2719 2636 ut
2747 2581 2819 2636 ab
2852 2581 2939 2636 eis
2973 2582 3313 2637 necessaria
3363 2581 3676 2654 acciperet,

2031 2675 2087 2726 et
2118 2687 2223 2742 per
2242 2671 2352 2725 hoc
2379 2687 2479 2726 eos
2503 2687 2741 2742 quoque
2771 2669 3046 2727 redderet
3065 2671 3383 2743 participes
3406 2670 3681 2727 afflictio—

2029 2775 2173 2814 num
2203 2766 2448 2831 propter
2475 2761 2774 2816 Christum
2800 2758 3182 2825 inflictarum,
3211 2765 3271 2815 et
3301 2761 3678 2831 praemiorum

2029 2864 2158 2920 qum
2189 2848 2283 2903 his
2313 2854 2705 2920 reponuntur.
2747 2848 2828 2903 Ne
2861 2848 3236 2918 existimetis,
3267 2849 3481 2920 inquit,
3517 2849 3678 2921 quod

2029 2954 2148 2992 non
2181 2954 2247 2992 eo
2280 2937 2440 3009 quod
2471 2938 2644 3010 longe
2669 2937 2858 2993 absim
2891 2943 2947 2993 et
2976 2939 3038 2993 in
3059 2937 3186 2993 loco
3205 2936 3304 2992 ubi
3330 2937 3673 3009 praedicatio

264 3043 391 3081 non
421 3025 575 3083 adeo
607 3025 789 3081 dilata
822 3033 910 3081 est
959 3027 1111 3081 sicut
1158 3026 1312 3082 inter
1365 3043 1483 3095 vos,
1533 3043 1641 3082 nec
1693 3032 1825 3080 sunt
1869 3028 1971 3096 qui
2022 3033 2292 3098 prompto
2347 3027 2545 3082 animo
2580 3028 2916 3083 necessaria
2945 3027 3305 3096 ministrent,
3341 3027 3490 3083 109
3540 3043 3680 3099 pro-

259 3121 466 3187 pterea
501 3120 801 3186 sumptum
831 3113 1044 3169 avobis
1065 3115 1417 3185 acceperim,
1450 3121 1506 3169 et
1538 3113 1825 3168 voluerim
1852 3130 1950 3169 vos
1979 3115 2172 3170 facere
2209 3117 2526 3187 participes
2559 3132 2704 3170 meaa
2754 3115 3094 3172 afﬂictionis
3144 3131 3213 3175 aa
3247 3116 3680 3173 remuneratio-

259 3205 378 3260 nis.

336 3293 443 3348 Καὶ
502 3291 600 3365 γὰρ
661 3289 750 3344 καὶ
809 3290 968 3366 ἐγγυς
1024 3286 1101 3346 ἔτι
1151 3288 1249 3360 ὥν,
1319 3292 1408 3344 καὶ
1465 3288 1710 3352 πολλοὺς
1776 3285 1920 3365 ἔχων

2034 3293 2264 3348 Etenim
2288 3311 2427 3353 cum
2443 3295 2634 3350 adhuc
2651 3309 2831 3366 prope
2845 3309 3062 3363 essem,
3087 3294 3427 3365 multosque
3442 3293 3685 3350 habuisv

262 3378 421 3452 εἷ’περ
483 3377 686 3448 ἤθελον
747 3378 873 3440 τοὺς
933 3383 1332 3455 χορηγοῦντας,
1413 3381 1552 3453 ὑμᾶς
1607 3381 1923 3455 προέκρινα.

266 3471 362 3523 Καὶ
401 3468 765 3542 ἐξερχόμενος
818 3469 919 3543 γάρ
979 3468 1082 3524 ὰπὸ
1143 3467 1508 3540 Μακεδονίας,
1567 3469 1656 3522 καὶ
1714 3467 1764 3522 έν
1796 3475 1923 3522 Θεσ-

261 3555 558 3630 σαλονίκῃ,
615 3557 756 3630 ὑμᾶς
808 3557 996 3626 ἠξίουν
1047 3557 1331 3635 χορηγοὺς
1389 3559 1521 3612 εἶναι
1554 3565 1679 3628 ,τῆς
1740 3556 1926 3632 χρείας

269 3666 398 3718 μου.
436 3646 533 3714 Μή
565 3646 831 3716 νομίσητε
877 3642 934 3700 δὲ
967 3650 1130 3700 ταῦτα
1187 3643 1364 3720 λέγειν
1429 3667 1495 3718 με
1549 3646 1636 3699 κκὶ
1693 3645 1929 3720 ἒπαίρειν

266 3736 371 3804 τὴν
405 3736 598 3810 πρᾶξιν
637 3735 788 3805 ὑμῶν
821 3734 1044 3803 ταύτην,
1096 3733 1181 3788 ’ἱνα
1239 3732 1316 3788 ἔτι
1361 3735 1449 3788 καὶ
1509 3732 1585 3790 ἴτι
1621 3735 1924 3812 χορηγῆτε,

266 3823 359 3878 καὶ
392 3829 517 3885 ταῖς
578 3823 792 3898 χρείαις
851 3844 956 3896 μου
1010 3822 1300 3898 έπαργῆτε.
1369 3827 1634 3878 Τοσοῦτον
1685 3825 1785 3899 γάρ
1822 3821 1927 3878 δέω

270 3906 359 3966 διὰ
391 3915 556 3966 τοῦτο
587 3911 755 3966 εἰπεῖν
788 3910 944 3978 αὐτὰ,
977 3909 1060 3965 ὅτι
1095 3909 1211 3966 ἰδοὺ
1255 3912 1421 3987 λέγω.
1453 3915 1680 3988 ’Λπέχω
1729 3911 1925 3983 πάντκ,

273 4001 393 4055 ἀντὶ
450 4003 548 4054 τοῦ
607 3997 1004 4077 Ἀπήλλαγμάι
1073 4003 1209 4077 πρὸς
1291 4001 1465 4056 πάντα
1519 4000 1586 4054 τά
1641 4000 1777 4074 πρὸς
1828 4001 1928 4069 τήν

277 4090 470 4162 χρείαν
531 4086 893 4162 ἀπήλλαγμαι
953 4087 1009 4145 δέ
1042 4133 1055 4159 ,
1117 4089 1230 4144 οἷον
1281 4089 1380 4144 οὐκ
1431 4086 1508 4144 ἔτι
1565 4089 1752 4164 χρείαν
1810 4086 1926 4166 ἔχω

277 4175 504 4233 τούτων.
552 4178 686 4233 Εἶτα
731 4175 820 4231 *ἱνα
881 4180 956 4252 μή
1019 4177 1240 4254 λυπήσῃ
1301 4179 1376 4240 ὡς
1435 4177 1697 4249 ἀπαξιῶν,
1757 4177 1925 4254 Οὒχί,

273 4268 462 4346 φησὶν,
519 4267 648 4325 ἀλλ’
701 4268 784 4325 ὅτι
841 4271 1161 4345 περισσεῦω,
1214 4272 1302 4326 καὶ
1361 4269 1500 4340 ἑξῆς.
1564 4294 1591 4321 (ι
1626 4269 1768 4346 Ἐγὼ
1823 4271 1925 4343 γὰρ

271 4354 474 4430 ἔμαθον
520 4355 573 4412 ἐν
623 4359 704 4421 οἷς
743 4358 877 4432 εἰμι.
913 4383 942 4410 ››
997 4357 1242 4433 Διόαχῆς
1309 4356 1409 4432 ἄρα
1460 4359 1522 4413 τὸ
1578 4364 1806 4431 πρᾶγμα
1837 4357 1926 4410 καὶ

269 4445 594 4517 ἀσκήσεως.
652 4449 717 4505 Τί
780 4446 836 4502 δὲ
895 4445 1112 4521 ἔμαθες,
1169 4450 1214 4502 ὧ
1271 4448 1384 4502 Οεία
1441 4449 1643 4524 ψυχῆς
1694 4447 1781 4504 Ἐν
1846 4446 1924 4508 οἷς

271 4533 413 4607 εἶμι.
467 4537 754 4606 Τουτέστι,
787 4540 908 4599 τοῖς
960 4540 1220 4612 παροῦσιν
1265 4536 1575 4612 ἀρχεῖσοαι,
1637 4534 1792 4614 φησὶ,
1834 4537 1922 4589 καί

273 4622 548 4701 αὐτάρκης
609 4626 760 4684 εἶναι.
821 4652 849 4679 ‹‹
897 4617 1037 4683 Οἶδα
1094 4625 1183 4680 καὶ
1240 4627 1645 4681 ταπεινοῦσθαι.
1681 4650 1702 4680 ι
1768 4627 1924 4686 Ἴσως

271 4702 384 4784 έρεῖ
410 4733 512 4782 τις,
543 4714 606 4769 τὸ
639 4715 733 4786 μέν
763 4711 957 4769 εἶδέναι
1004 4714 1169 4788 λιμὸν
1225 4716 1422 4794 φέρειν,
1480 4713 1698 4788 ἀρετῆς»
1760 4714 1821 4768 τὸ
1871 4712 1928 4770 δὲ

277 4801 688 4876 χορτάζεσθαι,
747 4803 908 4864 ποίας
966 4801 1206 4878 ἀρετῇς;
1290 4803 1387 4858 Καὶ
1446 4798 1651 4879 σφόδρα
1707 4801 1921 4878 ἀρετῆς,

271 4890 476 4957 ’Ὠσπερ
510 4891 612 4964 γάρ
646 4892 680 4960 ἡ
715 4893 1078 4968 στενοχωρία,
1137 4891 1308 4952 οὕτως
1365 4891 1454 4945 καὶ
1509 4892 1543 4960 ἡ
1606 4887 1756 4944 ἄδεια
1811 4888 1927 4946 οἶδε

272 4976 472 5033 τίκτειν
505 4979 691 5035 πολλὰ
744 4984 902 5038 κακά.
965 4979 1175 5063 Πολλοὶ
1217 4982 1323 5059 γὰρ
1384 4979 1436 5036 ἐν
1493 4979 1726 5057 ἀφθονίᾳ
1773 4979 1922 5055 γενό-

277 5077 452 5136 μενοι,
540 5068 907 5144 ῥᾳθυμότεροι
988 5066 1292 5144 γεγένηται,
1377 5069 1466 5124 καὶ
1537 5068 1636 5124 οὐκ
1691 5069 1921 5145 ἴσχυσαν

273 5152 726 5234 ἰνὲγκαικοιλίαν
774 5160 1214 5236 κεχορτασμένη.
1276 5160 1379 5217 Καὶ
1422 5159 1524 5234 γάρ
1589 5161 1616 5214 ὁ
1672 5158 1922 5234 Ἰσραῆλ,

274 5244 374 5300 οὐκ
419 5244 618 5324 ἤνεγκε
668 5249 759 5303 τὸν
816 5250 1002 5324 κόρον,
1041 5247 1168 5305 ἀλλ’
1199 5248 1578 5306 ἆπελάκτισεν.
1624 5247 1783 5304 Ἀλλ’
1814 5248 1923 5328 οὐχ

272 5333 300 5387 δ
337 5334 572 5398 Ηάῧλος.
609 5361 637 5388 (ι
668 5340 1079 5396 Ταπεινοῦσθαι.
1115 5363 1144 5391 ››
1196 5338 1319 5394 Οἶον
1382 5337 1698 5413 λιμώττειν.
1759 5363 1787 5389 ι(
1819 5342 1920 5393 Πε-

275 5423 557 5498 ρισσεύειν.
612 5449 640 5478 ››
708 5426 863 5493 Οἶον,
926 5428 1298 5502 κορέννυσθαι.
1348 5432 1436 5484 Ἐν
1502 5425 1661 5481 παντὶ
1722 5425 1811 5480 καὶ
1869 5424 1920 5479 ἐν

274 5518 402 5569 πᾶσι
459 5515 772 5592 μεμύημαι.
820 5517 909 5575 Ἔν
963 5516 1133 5574 παντὶ·
1181 5516 1483 5595 πράγματι,
1541 5516 1696 5592 φησὶ,
1747 5517 1833 5571 κάὶ
1869 5513 1921 5570 ἔν

337 5689 390 5729 ⁸⁸
417 5690 590 5754 Deut.
623 5707 801 5767 nm,
836 5697 861 5750 1
896 5707 1067 5769 seqq.

553 5810 820 5874 ΡΛτῐιοι.
865 5812 979 5875 Gn.
1025 5809 1290 5874 CXVIII.

2041 3398 2165 3437 sem
2199 3383 2245 3436 si
2283 3380 2556 3437 libuisset
2587 3383 2686 3453 qui
2720 3387 3021 3454 sumptum
3054 3381 3549 3455 suppeditassent,
3583 3393 3692 3436 vos

2041 3463 2338 3544 prinelegi.
2374 3473 2518 3526 Nam
2550 3477 2609 3526 et
2638 3487 2672 3527 a
2701 3471 3042 3527 Macedonia
3072 3487 3344 3544 egressus
3374 3477 3433 3526 et
3461 3487 3496 3527 a
3520 3471 3692 3527 Thes-

2041 3560 2323 3629 salonica,
2349 3576 2448 3615 vos
2479 3559 2688 3632 dignos
2715 3558 2853 3614 duxi
2885 3560 2986 3631 qui
3019 3560 3354 3616 necessaria
3386 3559 3531 3616 mihi
3558 3567 3690 3632 Sup-

2038 3648 2490 3720 peditaretis.Ne
2522 3649 2874 3703 existimetis
2903 3653 3103 3703 autem
3133 3665 3228 3702 me
3260 3649 3386 3704 haec
3409 3648 3694 3717 dicere,et

2038 3738 2192 3792 hanc
2223 3743 2475 3793 vestram
2499 3739 2794 3792 actionem
2811 3737 3189 3804 extollere,ut
3205 3738 3389 3809 magis
3413 3751 3480 3792 ac
3502 3737 3690 3808 magis

2039 3826 2450 3896 suppeditetis,
2472 3825 2741 3896 meisque
2768 3824 3224 3881 necessitatibus
3253 3824 3488 3880 faciatis
3518 3824 3684 3882 satis.

2036 3915 2288 3970 Tantum
2319 3913 2503 3980 abest,
2528 3919 2593 3969 ut
2623 3919 2937 3985 propterea
2967 3913 3094 3970 haec
3122 3912 3334 3980 dicam,
3359 3913 3517 3985 quod
3550 3929 3687 3970 ecce

2037 4000 2534 4074 recepiomnia,id
2553 4007 2979 4074 est,exemptus
3002 4017 3133 4057 sum
3159 4002 3314 4057 circa
3337 4002 3687 4074 omniaquae

2037 4090 2451 4144 necessitatem
2476 4095 2881 4145 concernunt:
2911 4097 3223 4161 eXemptus
3255 4089 3682 4160 sum,inquam,

2036 4179 2122 4235 sic
2138 4185 2201 4234 ut
2217 4180 2344 4252 jam
2373 4179 2466 4233 liis
2488 4195 2608 4233 non
2631 4179 2952 4251 indigeam.
2969 4179 3188 4234 Deinde
3216 4195 3290 4233 ne
3311 4194 3564 4235 maerore
3586 4195 3690 4234 eos

2037 4267 2256 4323 afﬁciat
2285 4274 2568 4338 tanquam
2593 4267 2916 4340 repudians
2950 4268 3359 4338 :Non,inquit,
3394 4267 3497 4324 sed
3528 4268 3687 4338 quod

2036 4355 2270 4412 abunde
2321 4356 2464 4411 mihi
2499 4357 2596 4422 sit,
2631 4363 2740 4412 etc.
2781 4380 2804 4406 ‹‹
2826 4356 2970 4410 Nam
3007 4372 3110 4428 ego
3144 4355 3321 4412 didici
3349 4356 3412 4410 in
3471 4355 3689 4426 quibus

2038 4460 2187 4502 sum.
2219 4468 2247 4495 »
2281 4444 2572 4500 Doctrinae
2626 4451 2784 4500 certe
2815 4444 2926 4500 hoc
2980 4451 3069 4500 est
3100 4449 3158 4500 et
3216 4444 3500 4501 exercitii.
3534 4442 3685 4508 Quid

2035 4541 2232 4591 autem
2265 4534 2724 4600 didicisti,beata
2745 4534 2947 4590 anima
2966 4534 2994 4590 ?
3014 4535 3114 4589 His
3135 4536 3197 4589 in
3227 4533 3443 4606 quibus
3465 4532 3688 4600 sum,id

2036 4630 2149 4692 est,
2200 4623 2616 4698 prmsentibus,
2666 4639 2795 4679 esse
2826 4630 3140 4680 contentus
3173 4629 3231 4679 et
3260 4623 3681 4679 sufﬁcientiam

2038 4713 2279 4769 habere.
2314 4736 2340 4763 υ
2371 4712 2507 4768 Novi
2540 4718 2598 4767 et
2663 4711 2904 4769 humilis
2954 4729 3083 4769 esse
3136 4736 3165 4764 »
3217 4712 3382 4768 Dicet
3437 4712 3686 4768 fortasse

2041 4802 2476 4874 aliquis:Scire
2510 4799 2750 4876 quidem
2772 4800 2927 4858 ferre
2968 4802 3210 4867 famem,
3270 4801 3503 4857 virtutis
3555 4807 3682 4858 est:

2040 4907 2214 4947 nosse
2245 4897 2445 4946 autem
2469 4891 2745 4957 saturari,
2779 4890 2951 4962 cujus
2982 4891 3343 4947 eritvirlutis
3373 4890 3400 4946 ?
3425 4890 3674 4946 Maxime

2039 4982 2216 5037 etiam
2245 4978 2479 5035 virtutis
2511 4985 2618 5035 est.
2653 4979 3164 5044 Quemadmodum
3189 4980 3350 5035 enim
3383 4979 3676 5053 angustia,

2036 5071 2118 5126 ita
2148 5076 2206 5126 et
2228 5069 2514 5125 securitas
2537 5067 2724 5124 multa
2745 5068 2905 5124 novit
2926 5084 3134 5140 parare
3159 5067 3685 5140 mala.Complures

2037 5175 2296 5230 namque
2311 5158 2410 5230 qui
2431 5155 2505 5212 ad
2519 5155 2943 5213 abundantiam
2959 5156 3686 5229 pervenerunt,segniores

2033 5248 2170 5304 facti
2194 5253 2350 5315 sunt,
2378 5251 2836 5316 necsaturatum
2855 5252 3118 5302 ventrem
3149 5246 3304 5302 ferre
3334 5251 3676 5318 potuerunt.

2034 5330 2265 5393 Etenim
2298 5334 2484 5390 Israel
2515 5335 2847 5391 satietatem
2874 5351 2995 5390 non
3025 5333 3294 5403 tulit,sed
3335 5335 3675 5391 recalcitra-

2032 5427 2113 5482 v‘it
2132 5423 2181 5463 ³⁸
2212 5442 2225 5481 :
2260 5430 2320 5481 at
2347 5439 2468 5482 non
2502 5425 2584 5481 ita
2612 5423 2851 5481 Paulus.
2881 5446 2909 5476 α
2934 5423 3184 5482 Humilis
3215 5437 3406 5492 esse,»
3435 5423 3550 5481 hoc
3571 5426 3686 5492 est,

2031 5517 2186 5572 fame
2239 5514 2451 5591 premi.
2488 5536 2514 5563 «
2550 5513 2904 5584 Exuberare,
2941 5536 2969 5563 ››
2997 5513 3058 5570 id
3092 5519 3200 5585 est,
3235 5513 3510 5584 saturari,
3545 5504 3686 5572 Ubi-

3326 5809 3405 5868 42
