4072 6266
383 350 533 410 1323

1443 351 1846 414 COMMENT.
1893 349 1972 408 IN
2015 345 2266 408 EPIST.
2317 351 2421 409 AD
2465 348 2741 412 PHlLlP.

3629 353 3783 415 1326

380 481 546 558 λὸγον
581 483 758 556 ὑμῶν,
801 484 902 540 οὐκ
932 481 1093 558 ἐμοῦ,
1125 481 1513 554 πλεονάζοντα.
1545 485 1705 558 Ὁρᾷς
1736 479 1818 538 ὅτι
1871 479 2004 536 αὐτο

2143 498 2360 538 munus
2393 488 2649 538 vestrum
2682 492 2996 556 propterea
3025 485 3135 542 hoc
3193 485 3345 551 dico,
3397 485 3498 541 sed
3545 487 3779 558 requiro

384 570 690 650 (ἶιςιελοῦντο
749 573 808 628 ἐκ
868 579 964 628 τοῦ
1019 574 1335 649 παρέχειν;
1395 574 1523 630 ὡσεὶ
1578 572 1754 648 ἔλεγε·
1800 570 1897 627 Διὰ
1969 569 2032 624 τὸ

389 661 538 732 ὑμῶν
600 661 896 742 συμφέρον,
955 667 1122 718 ταῦτα
1181 667 1354 734 ζητῶ,
1413 665 1505 718 ἳνα
1593 664 1750 737 ὑμεῖς
1826 661 2031 734 καρπὸν

385 749 660 828 ἐνέγκητε.
698 776 722 806 ιι
758 750 983 828 Ἀπέχει)
1030 751 1088 809 δὲ
1143 753 1406 810 πάντα.»
1460 755 1555 812 Ἐκ
1611 753 1810 810 τούτου
1868 749 2034 810 πάλιν

389 840 834 916 πρῡουμοτὲρους
876 840 1072 904 αύτοὺς
1130 847 1297 898 ποιεῖ.
1363 841 1608 917 Ἀπέχω,
1657 839 1812 912 οησὶ,
1861 841 2033 896 πάντα

382 930 467 984 καὶ
502 931 822 1002 περισσεύω,
853 931 1238 1001 τουτέστι,καὶ
1295 933 1360 986 τὰ
1423 933 1553 1000 ὑπὲρ
1609 936 1706 987 τοῦ
1762 929 2029 1007 προτέρου

385 1019 611 1097 χρόνου,
644 1022 760 1075 καθ’
791 1019 849 1076 ὅν
898 1021 997 1076 οὐκ
1063 1020 1356 1094 ἐπέμψατε.
1394 1045 1420 1072 ‹‹
1483 1020 1585 1078 Καὶ
1642 1019 1961 1094 περισσεύω.
1996 1043 2024 1071 ›ι

384 1108 663 1175 Τουτέστι,
695 1107 872 1166 πλείω
900 1114 1007 1164 τῶν
1059 1109 1526 1189 παραλειφθέντουν
1585 1107 1836 1184 δεδέχθαι
1895 1107 2030 1183 ἥγη-

387 1219 505 1268 μαι.
541 1224 567 1250 α
604 1197 1010 1274 Πεπλήρωμαι,
1056 1224 1083 1250 ››
1126 1199 1322 1268 Πάντα,
1382 1200 1538 1277 φησὶ,
1594 1199 1660 1253 τὰ
1718 1216 2028 1273 χρειωστη-

380 1287 532 1341 Οέντα
568 1308 682 1359 μοι.
736 1286 912 1362 Χρέος
969 1289 1069 1363 γὰρ
1134 1285 1248 1343 οἶδε
1303 1288 1364 1342 τὸ
1425 1287 1666 1363 πρσὶγμα,
1725 1285 2023 1358 πεπλήρω-

383 1397 499 1446 μαι,
537 1377 692 1449 φησὶ,
728 1375 1012 1449 δεξάμενος
1071 1377 1218 1447 παρὰ
1269 1373 1691 1454 Ἐπαφροδίτου.
1752 1375 1848 1431 Διὰ
1901 1374 2025 1430 τού·

377 1485 472 1518 του
506 1466 638 1531 ἦσαν
674 1462 1110 1528 ἀποστείλαντες.
1150 1490 1169 1514 ει
1227 1466 1437 1536 Ὀσμὴν
1469 1462 1716 1525 εὐωδίας.
1753 1489 1781 1514 )›
1815 1465 2023 1536 Ὀσμὴν

380 1549 609 1615 εὒωδῖας
641 1555 723 1607 καῖ
755 1553 936 1617 ουσίαν
967 1551 1158 1623 δεκτήν
1203 1559 1282 1625 τῷ
1331 1558 1448 1624 Θεῷ
1507 1553 1820 1628 ὑπάρχοντά
1867 1574 2020 1630 φησι.

382 1637 550 1699 Βαεαῖ
581 1647 687 1696 πού
719 1642 783 1697 τὰ
828 1640 1052 1706 δοθέντα
1108 1642 1380 1716 ἀνήγαγεν
1416 1643 1428 1696 ί
1490 1641 1604 1699 Οὐκ
1657 1641 1804 1714 έμοῖ,
1837 1643 2021 1720 φησὶν,

380 1728 526 1784 ἀλλὰ
581 1735 659 1803 τῷ
714 1735 830 1803 Θεῷ
891 1727 1182 1788 δεδώκατε.
1243 1727 1552 1805 Ἐδεχόμην
1612 1731 1716 1805 γὰρ
1771 1730 1839 1784 τὰ
1895 1735 2022 1806 παρ’

2141 570 2399 626 fructum
2421 577 2676 628 vestrum
2692 573 2792 644 qui
2806 574 2866 628 in
2886 574 3176 630 rationem
3191 579 3441 632 vestram
3456 591 3571 632 non
3588 593 3780 633 meam

2142 659 2440 717 exuberat.
2475 663 2622 718 111
2664 663 2834 719 Vides
2864 663 3022 736 quod
3053 664 3166 736 ipsi
3186 663 3548 736 juvabantur
3569 682 3636 720 ex
3668 667 3780 720 hoc

2141 750 2298 822 quod
2323 751 2663 807 necessaria
2681 752 3056 824 praeberent?
3078 757 3158 809 Ac
3181 754 3228 809 si
3251 754 3473 810 diceret
3498 772 3508 808 :
3537 756 3783 828 Propter

2138 839 2456 895 utilitatem
2489 846 2741 896 vestram
2773 842 2899 897 haec
2929 859 3154 914 quaaro,
3186 849 3251 898 ut
3282 861 3383 898 vos
3413 845 3670 900 fructum
3695 862 3781 900 re-

2085 999 2087 1002 ι
2135 927 2360 985 feratis.
2396 951 2423 978 «
2455 930 2669 1002 Recepi
2705 936 2903 985 tamen
2935 932 3156 989 omnia.
3196 953 3221 979 »
3254 934 3334 987 Ex
3382 933 3494 988 hoc
3543 951 3777 988 rursum

2135 1017 2526 1090 promptiores
2558 1035 2659 1074 eos
2689 1019 2922 1074 reddit:
2958 1021 3194 1092 Recepi,
3231 1022 3444 1092 inquit.
3495 1023 3694 1078 omnia
3724 1029 3781 1076 et.

2134 1106 2372 1162 abundo
2401 1123 2414 1160 :
2445 1107 2558 1162 hoc
2590 1112 2697 1168 est.
2731 1108 2910 1164 etiam
2944 1125 3014 1164 ea
3044 1126 3178 1180 quas
3231 1111 3445 1182 prioris
3498 1113 3781 1182 temporis

2136 1201 2596 1252 erantcum-non
2619 1196 2887 1252 misistis.
2917 1220 2942 1246 «ι
2968 1199 3035 1253 Et
3062 1197 3319 1254 abundo.
3346 1221 3374 1247 »
3395 1198 3458 1256 Id
3473 1205 3581 1267 est,
3611 1200 3783 1271 plura

2132 1301 2309 1356 quam
2342 1291 2616 1356 suscepta
2647 1291 2784 1342 sunt
2810 1301 2905 1341 me
2929 1288 3224 1358 recepisse
3246 1288 3417 1343 duco.
3451 1311 3477 1337 ‹‹
3500 1289 3780 1360 Explelus

2133 1389 2285 1430 sum.
2318 1390 2344 1415 π
2387 1374 2618 1438 Omnia,
2662 1373 2765 1439 ait,
2828 1392 2958 1446 qum
3017 1376 3161 1431 mihi
3219 1376 3620 1433 debebantur:
3672 1378 3782 1440 scit

2129 1462 2287 1516 enim
2313 1462 2438 1516 hmo
2460 1461 2572 1517 sibi
2597 1462 2821 1518 deberi.
2850 1464 3130 1534 Expletus
3153 1467 3523 1536 sum,inquit.
3544 1472 3777 1537 postea-

2129 1567 2308 1622 quam
2331 1551 2530 1623 accepi
2550 1551 2621 1606 ab
2642 1553 3180 1624 Epaphroditomer
3201 1554 3775 1611 huncillimiserant.

2131 1661 2153 1691 α
2189 1640 2444 1696 Odorem
2475 1640 2645 1695 bonae
2676 1642 3032 1712 fragrantim.
3077 1667 3095 1690 ι»
3135 1643 3384 1699 Odorem
3436 1643 3606 1699 boum
3655 1644 3775 1698 fra-

2124 1728 2372 1802 grantia:
2405 1734 2462 1783 et
2491 1729 2746 1784 hostiam
2783 1731 2898 1784 Deo
2942 1738 3245 1802 acceptam
3279 1732 3420 1787 dicit
3473 1733 3575 1787 illa
3623 1749 3773 1788 esse.

377 1821 550 1892 ὑμῶν,
583 1818 766 1898 φησῖν,
807 1819 980 1891 ὀσμὴν
1015 1818 1242 1880 εὐωδίας
1295 1819 1385 1874 καὶ
1443 1820 1630 1875 θυσίαν
1670 1823 1785 1890 Θεῷ
1843 1819 2010 1894 ὑπάρ·

2125 1820 2295 1890 ΡᾶρὶΒ
2328 1819 2340 1872 ι
2375 1819 2658 1889 quanium
2693 1820 2902 1874 extulit
2925 1837 3055 1891 qua:
3082 1821 3218 1876 data
3243 1822 3440 1876 erant!
3467 1824 3772 1886 Nonmilii,

375 1929 564 1988 χοντα.
597 1909 700 1964 Καὶ
736 1908 840 1985 γὰρ
866 1908 1111 1982 Θυμίαμά
1165 1929 1223 1963 τε
1277 1909 1367 1964 καὶ
1427 1907 1582 1972 θυσία
1636 1907 1839 1982 λογική
1901 1909 2016 1981 Θεῷ

375 2000 526 2070 μόνῳ
559 1998 905 2073 προσάγεται.
960 1997 1063 2054 Καὶ
1095 1998 1160 2052 τὰ
1212 1999 1340 2067 παρ’
1398 1998 1572 2071 ὑμῶν,
1631 1997 1786 2075 φησὶ,
1844 1993 2014 2073 δῶρα,

371 2094 486 2160 Θεῲ
526 2086 902 2163 προσαχθέντα
931 2087 1211 2165 τυγχάνει.
1253 2109 1280 2139 ‹‹
1329 2087 1390 2144 Ὀ
1459 2084 1517 2142 δὲ
1575 2086 1702 2148 Θεός
1735 2107 1840 2160 μου
1877 2086 2018 2157 πλη-

370 2177 530 2251 ρώσει
586 2180 758 2229 πᾶσαν
819 2175 1009 2248 χρείαν
1064 2174 1235 2246 ὑμῶν.
1297 2197 1325 2224 ››
1384 2170 1608 2243 Ἐπειδή
1671 2175 1814 2229 εἶπεν
1881 2173 2013 2240 ἂνω,

367 2289 390 2314 ο
426 2265 763 2336 Ὴκαιρεῖσοε
794 2261 850 2317 δὲ
885 2288 912 2314 ››
941 2261 1235 2332 τουτέστιν,
1269 2263 1356 2319 Ἐν
1392 2258 1563 2332 ἐνδείᾳ
1591 2261 1708 2330 ἦτε,
1738 2259 1827 2316 νῦν
1857 2260 2012 2316 ἐπεύ-

367 2373 525 2429 χεται
580 2352 762 2414 αὐτοῖς
822 2353 920 2420 τήν
1000 2351 1339 2426 αὐτάρκειαν,
1398 2350 1475 2412 εἷς
1538 2351 1601 2405 τὸ
1656 2350 1745 2404 καὶ
1814 2350 2015 2425 ἑτέροις

345 2440 628 2506 ,δύνασθαι
667 2445 952 2517 χορηγεῖν.
1014 2465 1040 2492 ‹‹
1102 2439 1244 2495 Κατὰ
1303 2440 1393 2496 τὸν
1451 2438 1692 2495 πλοῦτον
1748 2438 1911 2496 αὐτοῦ
1963 2438 2015 2494 ἐν

371 2528 514 2606 δόξῃ.
551 2554 578 2581 υ
609 2535 778 2586 Τοῦτο
820 2530 959 2597 εἶπε,
1027 2527 1238 2593 δεικνὺς
1291 2526 1374 2583 ὅτι
1431 2528 1520 2582 καὶ
1580 2525 1804 2583 εὔκολον
1867 2526 2013 2599 αὐτῷ

368 2617 574 2678 δοῦναι,
609 2618 884 2680 Πλούσιος
916 2619 1018 2695 γάρ
1052 2615 1184 2674 ἐστι.
1220 2617 1390 2672 Δώσει
1449 2612 1507 2671 δὲ
1565 2616 1692 2688 ὑμῖν
1752 2615 1802 2670 έν
1858 2612 2010 2690 δόξῃ.

362 2712 642 2767 Τουτέστιν
685 2711 822 2766 ὥστε
856 2709 930 2770 εἷς
965 2706 1121 2778 δόξαν
1157 2708 1324 2764 αὐτοῦ
1351 2709 1449 2776 τὴν
1501 2707 1647 2762 δόσιν
1705 2713 2010 2782 προχωρῆ-

363 2822 472 2858 σαι.
498 2823 524 2852 ‹‹
564 2798 670 2854 Σὺν
703 2801 925 2874 Χριστῷ
988 2799 1194 2867 Ἰησοῦ.
1222 2820 1249 2846 »
1280 2797 1349 2853 "II
1405 2792 1494 2850 διὰ
1551 2796 1728 2864 Ἰησοῦ
1780 2797 2012 2871 Χριστοῦ

363 2886 548 2945 δώσει.
583 2890 644 2947 Ὀ
669 2889 771 2962 γὰρ
804 2885 1247 2962 πεπληρωμένος
1302 2889 1418 2946 τοῖς
1475 2881 1819 2959 χρειώδεσιν,
1853 2885 2015 2962 εὐχα-

361 2981 535 3049 ριστεῖ
563 2979 643 3048 τῷ
674 2969 962 3030 δεδωκότι.

2127 1907 2228 1974 ait,
2263 1907 2366 1963 sed
2395 1908 2513 1962 Deo
2541 1908 2808 1965 dedistis.
2841 1909 3055 1981 Accepi
3089 1911 3271 1975 enim,
3303 1910 3514 1982 inquit,
3549 1928 3584 1968 a
3613 1911 3776 1968 vobis

2127 2011 2258 2067 qum
2292 2001 2461 2051 erant
2491 1995 2638 2052 odor
2665 1995 2836 2052 bona:
2869 1996 3208 2071 fragrantim
3243 2004 3299 2054 et
3319 1998 3514 2054 hostia
3541 1999 3777 2055 Deo.Et+

2128 2082 2288 2139 enim
2323 2083 2649 2155 thymiama
2676 2085 2726 2139 ei
2759 2085 2952 2140 hostia
2983 2087 3290 2144 rationalis
3323 2087 3433 2144 soli
3466 2089 3582 2144 Deo
3607 2091 3775 2145 ollero

2129 2178 2224 2226 tur
2251 2187 2264 2226 :
2287 2179 2358 2228 et
2387 2189 2516 2244 qua)
2547 2189 2581 2226 a
2608 2173 2772 2229 vobis
2802 2175 2982 2229 missa
3013 2180 3152 2230 sunt
3195 2175 3370 2243 dona,
3429 2177 3528 2231 Dei
3577 2178 3774 2233 oblata

2127 2266 2285 2314 sunt.
2319 2288 2344 2309 ςι
2383 2262 2536 2316 Deus
2565 2267 2762 2316 autem
2793 2279 2960 2318 meus
2993 2263 3287 2334 supplevit
3315 2265 3606 2337 quidquid
3628 2283 3774 2338 opus

2124 2349 2302 2403 fuerit
2332 2349 2513 2403 vobis.
2550 2371 2577 2398 ››
2609 2347 2898 2414 Quoniam
2949 2352 3224 2420 superius
3283 2352 3470 2408 dixit:
3517 2353 3628 2408 Sed
3674 2356 3775 2410 de-

2126 2447 2252 2497 erat
2281 2440 2446 2496 vobis
2478 2441 2910 2513 opportunitas,
2938 2443 3046 2498 hoc
3069 2448 3177 2510 est,
3204 2444 3264 2498 in
3286 2444 3611 2517 indigentia
3639 2464 3772 2502 con~

2126 2529 2314 2585 stituti
2339 2529 2544 2585 eratis:
2571 2547 2730 2587 nunc
2751 2535 3043 2602 prmcatur
3065 2531 3184 2588 illis
3209 2533 3772 2605 sulﬂcientiam,quo

2123 2626 2182 2676 et
2207 2619 2341 2675 aliis
2369 2619 2601 2691 possint
2631 2620 2970 2675 necessaria
2995 2620 3356 2676 ministrare.
3383 2646 3408 2671 ‹‹
3436 2623 3770 2679 Secundum

2126 2707 2358 2764 divitias
2389 2724 2526 2763 suas
2559 2708 2619 2763 in
2650 2707 2857 2779 gloria.
2897 2731 2916 2757 ι
2955 2709 3072 2764 Hoc
3103 2709 3252 2764 dixit
3282 2711 3437 2780 quod
3479 2713 3656 2766 etiam
3687 2713 3770 2768 fa-

2125 2795 2234 2852 cile
2271 2797 2345 2852 sit
2375 2796 2487 2868 ipsi
2510 2795 2672 2863 dare,
2699 2803 2787 2851 est
2808 2794 2965 2853 enim
2991 2797 3170 2853 dives.
3198 2799 3368 2853 Dabit
3393 2805 3589 2856 autem
3609 2801 3770 2856 vobis

2133 2886 2191 2941 in
2225 2885 2445 2958 gloria:
2480 2886 2592 2942 hoc
2621 2892 2730 2951 est,
2763 2891 2827 2940 ut
2851 2886 3075 2943 donum
3105 2887 3386 2958 producat
3417 2889 3489 2942 ad
3521 2889 3768 2960 gloriam

2128 2991 2314 3032 suam.
2352 2997 2381 3023 «
2415 2977 2527 3031 Per
2550 2975 2847 3030 Christum
2865 2975 3084 3030 Jesum.
3108 2997 3136 3024 ››
3169 2978 3310 3031 Nam
3336 2973 3385 3028 ἐν
3408 2978 3638 3049 capitur
3664 2997 3767 3050 pro

357 3063 464 3134 διά,
499 3065 561 3122 id
592 3070 682 3122 est
709 3065 774 3120 In
805 3081 909 3137 pro
945 3064 1071 3120 Per.
1110 3062 1281 3119 Dabit
1312 3079 1448 3136 ergo
1494 3079 1600 3134 per
1658 3062 1955 3118 Christum
1999 3065 2220 3121 Jesum.
2282 3065 2387 3130 Qui
2437 3064 2597 3120 enim
2653 3064 2922 3136 expletus
2971 3069 3060 3120 est
3108 3065 3200 3121 his
3246 3082 3375 3136 qua)
3435 3071 3771 3126 necessaria

345 3162 544 3235 erant,
573 3155 760 3228 gratia
788 3154 908 3227 agit
937 3151 990 3209 ei
1023 3153 1123 3224 qui
1155 3151 1339 3209 dedit.

423 3247 516 3316 Τῷ
567 3241 621 3298 δὶ
680 3245 797 3314 Θεῷ
851 3241 938 3295 καὶ
1003 3239 1172 3314 Πατρὶ
1231 3242 1389 3311 ἡμῶν
1466 3242 1500 3309 ἡ
1560 3237 1686 3310 δόξα
1746 3239 1822 3301 εἷς
1880 3239 2006 3303 τοὺς
2048 3244 2090 3310 C

357 3336 557 3397 αἰῶνας
637 3335 744 3386 τῶν
822 3328 1059 3387 αῗώνων.
1146 3327 1349 3402 Ἀμήν.
1407 3327 1744 3391 Ἀσπάσασθε
1826 3329 1995 3385 πάντα

357 3425 507 3498 ἅγιον
565 3422 616 3477 ἐν
697 3423 924 3493 Χριστῷ
1006 3418 1207 3487 Ἰησοῦ.
1278 3417 1641 3487 Ἀσπάζονται
1720 3419 1859 3490 ὑμᾶς
1945 3420 1996 3474 οἱ

357 3513 448 3569 σὺν
507 3511 634 3586 ἐμοὶ
708 3507 958 3588 ἀδελφοὶ,
1040 3507 1370 3578 ἀσπάζονται
1455 3505 1592 3580 ὑμᾶς
1668 3508 1860 3569 πάντες
1945 3508 1996 3562 οἳ

351 3605 523 3678 ἅγιοι,
570 3598 808 3674 μάλιστα
838 3595 916 3667 δὲ,
949 3597 1000 3652 οἱ
1044 3593 1104 3652 ἐκ
1157 3601 1256 3664 τῆς
1316 3593 1584 3668 Καίσαρος
1641 3595 1863 3658 οἰκείας.
1933 3598 1994 3652 Ἡ

357 3693 518 3768 χάρις
549 3694 644 3746 1:05
677 3689 880 3763 Κυρίου
907 3689 1065 3759 ἡμῶν
1101 3689 1282 3757 Ἰησοῦ
1313 3685 1570 3759 Χριστοῦ,
1618 3688 1752 3758 μετᾶ
1782 3685 1993 3743 πάντων

354 3784 524 3854 ὑμῶν.
555 3782 608 3838 Ἀ
621 3781 751 3852 μήν.

421 3866 643 3939 Ἐπειδὴ
687 3869 826 3934 εἶπε,
860 3865 956 3920 Διά
984 3866 1168 3934 Ἰησοῦ
1197 3865 1432 3940 Χριστοῦ
1485 3864 1770 3938 πληρώσει
1823 3873 1994 3922 πᾶσαν

354 3958 542 4035 χρείαν
578 3959 751 4031 ὑμῶν,
786 3952 1073 4030 δοξολογεῖ
1103 3954 1193 4008 καὶ
1222 3956 1311 4009 τὸν
1346 3953 1580 4029 Πατέρα,
1637 3955 1726 4009 τὸν
1789 3952 1876 4009 διὰ
1902 3959 1998 4010 1:05

363 4050 486 4103 T105
519 4044 737 4102 διδόντα
791 4047 891 4114 τήν
952 4043 1288 4119 αύτάριιειαν.
1349 4067 1378 4093 ‹‹
1445 4044 1800 4115 Ἀσπάζονται
1860 4044 1996 4116 ὑμᾶς

356 4138 406 4193 οἱ
437 4137 527 4192 σὺν
563 4134 709 4210 ἐμοί.
746 4159 772 4184 ››
805 4137 972 4193 Ἠταν
1001 4132 1101 4210 γὰρ
1159 4131 1386 4194 πλείους
1447 4134 1563 4206 μετ’
1615 4133 1801 4201 αὐτοῦ,
1851 4132 1997 4201 πλήν

353 4227 435 4284 ὅτι
493 4228 663 4301 μόνος
742 4223 1008 4298 ἴσὸψυχος
1067 4224 1094 4278 ὁ
1149 4222 1436 4294 Τιμόθεος,
1517 4223 1590 4284 ὡς
1646 4221 1757 4278 ἄνω
1815 4223 1997 4299 φησίν.

347 4319 542 4389 ’Όμως
576 4313 676 4390 δρα
706 4313 771 4370 τὰ
827 4310 1054 4370 Παύλου
1120 4309 1429 4386 σπλάγχνα,
1487 4311 1570 4366 ὅτι
1629 4310 1719 4366 καὶ
1776 4313 2002 4376 τούτους

352 4404 622 4484 ἀδελφοὺς
699 4401 878 4460 καλεῖ.
945 4428 964 4451 α
1055 4400 1415 4469 Ἀσπάζονται
1481 4401 1621 4471 ὑμᾶς
1681 4401 1875 4463 πάντες
1951 4404 2001 4457 οἱ

353 4499 520 4570 ἅγιοι.
553 4520 576 4549 ι
611 4496 852 4566 Σημεῖον
883 4491 952 4560 ἦν
980 4490 1066 4545 ὃτι
1102 4490 1130 4544 ὁ
1165 4487 1381 4552 Παῦλος
1421 4490 1551 4564 παρ’
1604 4489 1787 4551 αὐτοῖς
1815 4488 2003 4565 ἐπῄνει

2195 3243 2284 3308 lV,
2328 3244 2517 3298 20-23.
2565 3265 2585 3294 ι
2623 3246 2739 3299 Deo
2767 3249 2964 3300 autem
2997 3250 3056 3300 et
3086 3244 3240 3299 Patri
3273 3251 3475 3300 nostro
3500 3246 3686 3319 gloria
3709 3250 3765 3303 in

2115 3355 2140 3381 «
2173 3332 2392 3390 saecula
2413 3333 2792 3390 saaculorum.
2821 3336 3032 3390 Amen.
3069 3333 3324 3389 Salutate
3348 3351 3584 3392 omnem
3609 3353 3771 3393 sanc-

2114 3445 2140 3470 α
2168 3425 2292 3478 tum
2316 3423 2378 3479 in
2396 3421 2626 3478 Christo
2657 3423 2812 3478 Jesu.
2839 3422 3112 3479 Salutant
3134 3439 3236 3478 vos
3262 3425 3362 3495 qui
3386 3440 3616 3480 mecum
3632 3433 3770 3482 sunt

2115 3534 2140 3560 ‹ι
2175 3511 2408 3568 fratres.
2433 3511 2703 3568 Salutant
2731 3528 2832 3568 vos
2859 3527 3068 3567 omnes
3101 3514 3309 3579 sancti,
3342 3514 3600 3572 maxime
3631 3533 3765 3573 vero

2115 3623 2141 3650 ‹‹
2178 3601 2280 3672 qui
2307 3605 2449 3656 sunt
2478 3616 2547 3658 ex
2570 3601 2820 3656 Caesaris
2841 3601 3090 3657 familia.
3113 3603 3307 3657 Gratia
3326 3603 3556 3660 Domini
3577 3597 3762 3664 nostri

2117 3712 2143 3733 σι
2176 3691 2312 3745 .lesu
2344 3689 2557 3745 Christi
2591 3706 2724 3744 cum
2756 3689 3032 3760 omnibps
3057 3690 3239 3744 vobis.
3273 3694 3477 3746 Amen.
3510 3719 3531 3741 »

2186 3778 2473 3843 Quoniam
2508 3778 2758 3840 dixerat.
2793 3795 2897 3848 per
2924 3779 3121 3834 Jesum
3144 3779 3439 3835 Christum
3464 3783 3764 3853 supplebit

2114 3866 2402 3938 quidquid
2421 3884 2567 3938 opus
2588 3867 2763 3922 fuerit
2784 3867 2970 3928 vobis,
2994 3867 3285 3940 gloriﬁcat
3311 3870 3487 3924 etiam
3505 3872 3758 3940 Patrem,

2115 3956 2212 4026 qui
2246 3972 2352 4026 per
2381 3955 2593 4011 Filium
2625 3955 2790 4011 dedit
2818 3953 3252 4013 sufﬁcientiam.
3286 3982 3310 4005 ‹‹
3350 3958 3617 4015 Salutant
3662 3977 3760 4017 vos

2115 4047 2215 4118 qui
2249 4063 2480 4116 mecum
2512 4052 2668 4103 sunt.
2706 4069 2732 4094 ›ι
2767 4047 2974 4104 Plures
2999 4048 3156 4103 enim
3191 4065 3325 4103 cum
3385 4050 3512 4120 ipso
3567 4059 3757 4118 erant,

2114 4135 2228 4192 nisi
2257 4135 2415 4208 quod
2445 4135 2691 4206 aequalis
2733 4151 2868 4208 erga
2900 4136 3058 4208 ipsos
3085 4137 3270 4192 animi
3302 4137 3464 4193 solus
3508 4146 3633 4194 erat
3662 4142 3754 4195 Ti-

2116 4225 2408 4291 motheus,
2444 4224 2921 4296 sicuti_‘superius
2953 4224 3121 4282 dixit.
3152 4228 3427 4283 Attamen
3451 4227 3761 4287 considera

2115 4311 2281 4368 Pauli
2312 4313 2560 4374 viscera,
2592 4311 2750 4383 quod
2782 4311 2958 4367 etiam
2991 4313 3100 4368 hos
3131 4312 3343 4369 fratres
3375 4320 3557 4370 vocet.
3597 4338 3623 4366 «
3655 4318 3759 4371 Sa-

2113 4403 2309 4458 lutant
2335 4418 2436 4457 vos
2462 4417 2668 4457 omnes
2700 4402 2909 4456 sancti.
2943 4423 2969 4449 ››
3010 4403 3039 4456 1
3057 4402 3155 4457 12
3187 4402 3429 4475 Signum
3457 4410 3582 4460 erat
3603 4406 3757 4477 quod

2115 4491 2334 4548 Paulus
2366 4491 2520 4564 apud
2551 4490 2684 4547 illos
2715 4489 3092 4546 collaudabat
3139 4491 3570 4563 Philippenses,
3625 4495 3756 4550 ideo

352 4585 480 4648 τοὺς
571 4579 1003 4653 Φιλιππησίους,
1064 4576 1150 4634 διὸ
1229 4578 1318 4632 καὶ
1402 4577 1729 4648 ἀσπάζονται
1786 4577 2000 4642 αὐτούς.

2125 4580 2294 4636 etiam
2327 4581 2488 4652 ipsos
2517 4579 2796 4635 salutant.
2831 4599 2860 4628 ‹‹
2893 4579 3137 4635 Maxime
3169 4594 3305 4634 vero
3338 4580 3438 4650 qui
3506 4588 3645 4636 sunt
3689 4599 3759 4638 ex

349 4701 378 4729 ‹‹
404 4673 656 4732 Μάλιστα
686 4668 764 4736 δέ,
824 4671 876 4724 οἱ
936 4669 994 4723 ἐκ
1052 4675 1150 4738 τῆς
1207 4667 1478 4742 Καίσαρος
1519 4667 1712 4730 οἰκίας.
1750 4693 1775 4719 η
1806 4668 1998 4744 Ἀνέῥ-

349 4765 516 4840 ρωσεν
551 4760 745 4822 αὐτοὺς
776 4757 858 4814 ὅτι
917 4758 1007 4812 καὶ
1069 4758 1168 4824 τὴν
1229 4754 1522 4832 βασιλικὴν
1579 4755 1750 4812 οἰκίαν
1809 4751 2004 4831 ἔφθασε

359 4855 421 4908 τὸ
467 4856 746 4928 κήρυγμα.
803 4847 880 4905 Ού
939 4847 1043 4922 γὰρ
1101 4843 1162 4900 ἂν
1226 4846 1300 4913 μὴ
1360 4844 1760 4907 πιστεύσαντες.
1817 4848 1998 4915 ἠσπά-

355 4962 517 4998 σαντο
541 4941 667 5001 τους
727 4936 1161 5005 Φιλιππησίους.
1216 4933 1359 5010 Πρὸς
1415 4935 1632 4995 τούτοις
1689 4935 1777 4990 καὶ
1842 4939 1998 4991 τοῦτο

355 5030 616 5090 διδάσκει.
651 5029 713 5086 Εἰ
747 5029 799 5083 οἱ
828 5027 882 5081 έν
939 5031 1056 5088 τοῖς
1118 5023 1416 5100 βασιλείοις
1475 5025 1686 5081 πάντων
1744 5028 2000 5102 κατειρρὸ-

355 5145 522 5195 νησαν
580 5121 668 5176 καὶ
725 5123 804 5191 τῷ
861 5120 1089 5194 Χριστῷ
1148 5115 1484 5184 ἐπίστευσαν,
1554 5117 1709 5189 πόσῳ
1781 5115 1996 5190 μᾶλλον

352 5214 492 5287 ὑμᾶς
524 5208 649 5272 τους
681 5208 913 5278 πένητας
941 5211 1104 5261 τοῦτο
1135 5203 1216 5260 δεῖ
1247 5210 1427 5260 ποιεῖν
1461 5225 1476 5273 ;
1512 5230 1540 5257 ‹‹
1589 5207 1651 5262 Ἡ
1683 5205 1846 5282 χάρις
1904 5211 1999 5260 τοῦ

352 5301 555 5375 Κυρίου
614 5299 794 5368 Ἰησοῦ
842 5298 1076 5370 Χριστοῦ
1137 5295 1272 5367 μετᾶ
1326 5295 1542 5349 πάντων
1604 5296 1776 5368 ὑμῶν.
1839 5319 1866 5345 ai
1923 5296 1998 5353 Τὸ

350 5391 570 5463 σῦνηθες
604 5387 771 5457 αὐτῷ,
804 5384 944 5462 εὐχῇ
977 5383 1134 5439 παύει
1165 5385 1265 5452 τὴν
1307 5380 1636 5452 Ἐπιστολὴν
1690 5385 1780 5440 καὶ
1813 5388 1926 5444 v5v.

563 5485 738 5548 Τέλος
770 5484 861 5539 σὺν
896 5488 1012 5551 Θεῷ
1039 5490 1140 5551 τῆς
1185 5483 1318 5554 πρὸς
1373 5479 1784 5552 Φιλιππησίους

993 5555 1342 5624 Ἐπιστολῆς.

564 5647 802 5723 Ἐγρσὶφη
849 5644 957 5699 ἀπὸ
984 5644 1208 5718 Ῥώμης
1242 5641 1310 5698 δι’
1358 5639 1780 5722 Ἐπαφροδίτου.

2107 4668 2353 4725 Caesaris
2411 4667 2716 4725 familia.»
2767 4669 3014 4724 Recreat
3063 4667 3224 4738 ipsos
3279 4666 3549 4726 indicans
3601 4671 3758 4740 quod

2113 4757 2334 4829 regiam
2373 4756 2661 4812 familiam
2719 4756 3072 4828 prmvenerit
3121 4757 3504 4828 praedicatio:
3564 4773 3757 4830 neque

2111 4843 2270 4900 enim
2290 4845 2701 4917 Pliilippenses
2725 4844 3083 4900 salutassent
3111 4844 3222 4902 nisi
3243 4845 3653 4902 credidissent.
3671 4849 3758 4904 Ad

2110 4935 2236 4990 hac
2267 4933 2326 4988 id
2359 4934 2536 4990 etiam
2569 4935 2758 4990 docet.
2794 4932 2853 4990 Si
2878 4933 2935 4989 hi
2961 4935 3060 5006 qui
3096 4935 3154 4989 in
3184 4936 3361 5005 regiis
3389 4941 3528 4992 sunt
3557 4940 3758 4994 omnia

2111 5027 2596 5095 contempserunt
2617 5033 2676 5078 et
2696 5023 2758 5079 in
2791 5023 3087 5082 Christum
3110 5023 3508 5090 crediderunt,
3535 5033 3753 5096 quanto

2110 5114 2296 5189 magis
2331 5131 2430 5170 vos
2463 5114 2564 5186 qui
2599 5130 2890 5186 pauperes
2921 5112 3064 5168 estis
3097 5114 3208 5169 hoc
3264 5114 3458 5170 facere
3500 5123 3749 5187 oportet.

2111 5228 2140 5256 «
2171 5206 2368 5261 Gratia
2399 5205 2633 5260 Domini
2665 5203 2853 5258 nostri
2883 5203 3019 5259 Iesu
3065 5203 3280 5260 Christi
3311 5219 3445 5260 cum
3477 5204 3752 5262 omnibus

2107 5295 2288 5350 vobis.
2333 5317 2360 5344 »
2392 5293 2557 5359 Quod
2588 5292 2699 5365 ipsi
2733 5292 2915 5348 moris
2947 5298 3054 5352 est.
3107 5293 3285 5348 etiam
3341 5309 3496 5349 nunc
3542 5310 3749 5365 preca-

2109 5384 2267 5440 tione
2300 5383 2602 5440 concludit
2628 5381 2974 5455 Epistolam.

2107 5485 2278 5552 Finis,
2335 5485 2522 5541 divino
2572 5487 2791 5553 favente
2836 5480 3071 5546 auxilio,
3123 5483 3381 5553 Epistolas
3421 5483 3494 5538 ad
3535 5484 3749 5557 Philip-

2822 5569 3034 5625 penses.

2179 5647 2406 5719 Scripta
2434 5653 2523 5704 est
2552 5647 2624 5702 ab
2655 5645 2799 5702 urbe
2831 5647 3014 5701 Roma
3030 5660 3134 5717 per
3165 5644 3646 5720 Epaphroditum.
