4058 6566
858 511 1032 523 m
1759 507 1789 515 ιι,
2022 504 2045 513 -ο
2732 501 2802 511 σο-
3338 494 3364 505 αι
3381 497 3407 505 -ι

1560 650 2213 766 ΝΟΤΙΤΙΑ.

1340 877 1535 938 (Ouum,
1557 874 1622 923 De
1644 870 1829 935 Script.
1860 870 2015 922 eccles
2040 905 2054 933 ,
2097 874 2130 918 t.
2157 867 2219 932 ll,
2243 881 2290 931 p.
2315 866 2448 928 5l8.)

336 1187 736 1252 (Ecumenius,
768 1186 951 1243 aetatis
977 1184 1467 1242 etiam’admodum
1507 1185 1731 1240 incertae
1758 1184 2003 1254 scriptor
2023 1182 2250 1239 Graecus
2282 1181 2382 1255 (a),
2408 1182 2478 1238 de
2507 1196 2619 1253 quo
2636 1180 2810 1236 altum
2846 1178 3126 1237 silentium
3155 1181 3299 1252 apud
3317 1190 3529 1238 veteres

263 1269 378 1337 non
430 1280 740 1348 incongrue
785 1275 855 1331 ad
886 1289 1094 1329 annum
1129 1271 1236 1330 990
1266 1273 1522 1344 ponitur,
1571 1272 1747 1329 donec
1802 1280 2012 1329 certam
2054 1272 2205 1327 illius
2235 1279 2452 1327 aetatem
2491 1270 2715 1341 assequi
2754 1270 2940 1325 liceat.
2980 1269 3149 1325 Porro
3188 1279 3248 1326 ut
3276 1271 3531 1327 inb‘oule

268 1367 807 1426 Commentariorum
846 1363 1220 1434 praemittitur,
1277 1363 1507 1418 nomina
1548 1372 1845 1417 auctorum
1881 1378 1948 1418 ex
1985 1361 2188 1432 quibus
2239 1360 2526 1417 contexuit
2551 1359 3003 1428 Explanationem
3045 1378 3201 1417 suam
3232 1362 3287 1417 in
3319 1359 3534 1418 Novum

266 1457 685 1523 Testamentum,
720 1453 836 1508 hac
857 1460 988 1507 sunt
1021 1470 1036 1506 :
1065 1449 1292 1522 Papias,
1324 1449 1584 1517 Clemens,
1616 1449 1938 1518 Methodius,
1965 1450 2277 1520 Dionysius,
2315 1446 2578 1512 Irenceus.
2610 1449 2880 1522 Origenes,
2913 1449 3260 1521 Hippolytus,
3290 1451 3537 1506 Athana-

264 1548 401 1611 sius,
450 1543 738 1607 Eusebius,
782 1540 1047 1607 Basilius,
1105 1538 1393 1610 Gregorius
1437 1538 1738 1610 Ngssenus,
1788 1540 2039 1604 Aeacius.
2101 1537 2369 1607 Isidorus,
2438 1538 2682 1604 Photius,
2743 1536 3179 1610 Chrysostomus,
3249 1536 3535 1611 Gregorius

266 1632 675 1696 Nazianzenus,
708 1628 1042 1695 Severianus,
1095 1626 1422 1693 Gennadius,
1457 1628 1673 1692 Arelas,
1703 1627 1946 1685 Andreas
1991 1627 2364 1694 thsariensis,
2387 1626 2649 1700 Cyrillus,
2683 1626 3060 1685 Theodoretus.
3096 1628 3232 1685 Cum
3266 1628 3435 1701 igitur
3468 1647 3535 1685 ex

263 1722 447 1779 citatis
511 1719 835 1776 auctoribus
871 1718 1125 1773 Andreas
1152 1714 1536 1782 Caesariensis,
1565 1715 1661 1787 qui
1696 1717 1751 1772 in
1791 1733 1927 1774 mss.
1961 1717 2121 1773 codd.
2175 1717 2522 1782 inscribitur,
2558 1732 2705 1772 anno
2744 1718 2967 1773 circiter
2999 1718 3103 1775 842
3133 1718 3444 1790 scripserit,
3480 1731 3535 1774 cs

262 1812 499 1868 Photius
544 1825 691 1865 anno
725 1809 950 1866 circiter
998 1806 1127 1874 880,
1174 1815 1238 1862 ut
1266 1796 1510 1871 consGat,
1549 1804 1822 1870 ﬂoruerit,
1865 1820 1993 1861 cum
2027 1807 2224 1862 Arelas
2265 1820 2412 1861 anno
2444 1805 2667 1861 circiter
2715 1806 2822 1863 920
2871 1807 3175 1873 exstiterit,
3209 1817 3381 1874 recte,
3415 1822 3538 1871 meo

267 1902 483 1974 quidem
508 1899 745 1964 calculo,
771 1897 1102 1968 scriptorem
1129 1897 1278 1953 hunc
1305 1896 1486 1952 Cavus
1509 1910 1673 1966 quem
1706 1895 2021 1966 sequimur,
2049 1895 2119 1951 ad
2155 1909 2359 1949 annum
2382 1893 2489 1950 990
2513 1894 2819 1951 collocasse
2841 1895 3081 1951 videtur.
3112 1896 3344 1951 Exstant
3364 1895 3540 1966 ipsius

272 1986 653 2042 Enarrationes
682 1986 738 2039 in
778 1984 919 2039 Acta
957 1982 1346 2049 apostolorum,
1380 1983 1435 2037 in
1464 1981 1741 2050 Epistolas
1785 1983 1958 2037 sancti
1988 1983 2150 2038 Pauli
2181 1999 2384 2047 omnes,
2411 1991 2461 2038 et
2483 1982 2536 2037 in
2573 1999 2752 2038 omnes
2776 1981 3099 2049 Canonicas,
3124 1998 3265 2054 quas
3291 1985 3543 2055 sequitur

269 2075 691 2133 Commentarius
708 2074 918 2129 Aretlue
942 2073 996 2127 in
1018 2070 1578 2143 Apocalypsim.Edita
1604 2071 2004 2129 Commentaria
2028 2068 2340 2125 (Ecumenii
2358 2076 2407 2125 et
2437 2070 2651 2126 Aretho,
2669 2070 2905 2141 primum
2929 2069 3120 2127 Grmce
3150 2080 3279 2144 typo
3310 2087 3545 2143 prorsus

270 2165 470 2235 insigni
503 2162 737 2219 Veronae
784 2162 842 2217 in
884 2159 1021 2216 folio
1053 2176 1201 2216 anno
1231 2159 1394 2226 i552,
1426 2174 1457 2214 a
1516 2158 1726 2216 Donato
1762 2157 2094 2223 Veronensi,
2126 2158 2311 2215 dicata
2334 2158 2603 2215 Clementi
2636 2174 2791 2230 papae
2815 2159 2926 2226 Vll,
2957 2174 3078 2230 quae
3104 2159 3305 2215 ibidem
3343 2176 3540 2216 recusa

272 2267 428 2307 anno
452 2250 614 2306 1562.
651 2249 861 2305 Horum
892 2247 1202 2306 versionem
1242 2248 1299 2303 in
1335 2247 1580 2318 linguam
1610 2248 2183 2320 Latinam'aggressus
2207 2253 2293 2303 est
2327 2245 2558 2305 Loranii
2594 2261 2740 2303 anno
2776 2247 2913 2302 1545
2946 2246 3189 2305 Joannes
3214 2245 3538 2310 llentcnius.

272 2339 683 2398 Ilecbliniensis
710 2339 896 2410 Belga,
932 2337 1238 2394 monachus
1268 2336 1761 2408 Hieronymianus,
1790 2350 1912 2408 quas
1937 2336 2165 2392 Parisiis
2192 2350 2340 2391 anno
2365 2335 2502 2391 1547
2528 2335 2585 2391 in
2609 2334 2705 2391 fol.
2732 2336 2960 2405 prodiit.
2996 2334 3240 2407 Denique
3268 2336 3457 2394 Graece
3488 2349 3543 2394 et

272 2430 464 2486 Latine
495 2428 722 2486 Parisiis
748 2427 963 2494 1651.2
983 2426 1147 2483 tomis
1170 2425 1227 2481 in
1264 2423 1416 2481 folio.

1100 2683 1574 2737 SANCTISSIMO
1602 2685 1686 2737 AC
1709 2685 2134 2737 BEATISSIMO
2177 2686 2383 2738 PATRI
2408 2685 2677 2738 NOSTRO

990 2817 1540 2883 CLEMENTI
1613 2819 1759 2881 VII
1813 2820 2355 2886 PONTIFICI
2425 2810 2592 2887 ΜΆΣ

1226 2817 1540 2883 MENTI
1613 2819 1759 2881 VII
1813 2820 2355 2886 PONTIFICI
2425 2810 2828 2888 ΜΆΧΙΜΟ

1446 2987 1799 3047 DONATUS
1870 2990 2367 3049 VERONENSIS.

1640 3149 1755 3212 (Ed.
1789 3148 1975 3202 Veron.
2006 3153 2167 3213 1552.)

347 3331 501 3406 Quod
534 3333 594 3388 in
653 3329 1029 3402 Chrysostomo
1057 3328 1226 3384 animi
1260 3331 1491 3400 primum
1514 3330 1700 3386 habuit
1735 3341 1857 3387 tuus
1904 3332 1989 3387 hic
2028 3334 2207 3404 tuique
2236 3335 2642 3391 amantissimus
2686 3345 2842 3409 atque
2867 3337 3360 3396 observantissimus
3400 3341 3547 3413 ﬁlius

277 3426 542 3491 Gibe‘tus,
586 3420 885 3476 beatissime
908 3419 1089 3485 Pater,
1120 3419 1362 3492 quodque
1399 3420 1586 3476 deinde
1634 3421 1693 3475 in
1741 3420 2047 3493 Euthymio,
2094 3438 2159 3477 ac
2190 3433 2478 3494 postremo,
2514 3425 2569 3479 in
2612 3424 2939 3483 Damasceno
2972 3445 3124 3501 quem
3154 3431 3392 3500 proxime
3441 3432 3546 3486 im-

279 3530 512 3582 pressum
578 3511 709 3566 Tute
743 3508 1035 3566 Sanctitati
1054 3510 1340 3564 dicandum
1374 3510 1581 3564 curauit
1610 3526 1627 3564 :
1663 3509 1802 3564 idem
1826 3510 1880 3565 in
1905 3512 2045 3567 hisce
2078 3515 2472 3570 commentariis
2505 3531 2642 3569 nunc
2672 3516 2862 3572 habet:
2888 3526 2948 3572 ut
2975 3535 3061 3573 eos
3091 3520 3191 3574 alii
3222 3519 3358 3575 nulli
3399 3536 3547 3575 mors

280 3592 609 3669 talium,sed
660 3601 750 3654 uni
785 3601 884 3654 tibi
923 3608 1179 3671 tanquam
1230 3599 1500 3671 singulari
1536 3600 1752 3654 cuidam
1777 3616 1875 3654 suo
1915 3603 2119 3656 numini
2141 3603 2303 3659 dicet.
2343 3601 2515 3658 Hasce
2545 3605 2707 3675 igitur
2737 3606 2802 3659 ab
2822 3608 3003 3661 eodem
3051 3609 3230 3663 animo
3279 3611 3543 3681 profectos

278 3705 338 3750 tu
367 3694 599 3749 uicissim
644 3689 826 3746 eadem
871 3691 1047 3745 uultus
1082 3690 1387 3756 serenitate,
1413 3706 1518 3761 qua
1560 3691 1855 3760 superiores
1883 3688 2030 3757 illos,
2060 3691 2287 3762 accipies
2319 3707 2338 3746 :
2374 3701 2424 3746 et
2447 3693 2608 3764 juxta
2637 3693 2762 3748 illos
2789 3696 2841 3749 in
2876 3695 3211 3764 amplissima
3262 3698 3370 3751 ista
3426 3714 3546 3752 om-

276 3786 527 3853 niumque
560 3789 671 3836 toto
705 3780 829 3836 orbe
857 3780 1197 3836 celeberrima
1223 3780 1460 3834 Romana
1494 3779 1811 3835 bibliotheca
1852 3779 2140 3835 collocabis
2173 3796 2192 3835 :
2220 3788 2278 3834 ut
2310 3781 2413 3850 ipsi
2443 3797 2647 3852 quoque
2665 3798 2785 3836 cum
2814 3799 2933 3837 eam
2950 3783 3054 3838 sibi
3085 3785 3261 3840 sedem
3287 3784 3547 3841 delectam

280 3871 784 3934 animadverterint,
816 3887 938 3924 cum
972 3870 1193 3924 illorum
1218 3870 1375 3939 quasi
1405 3870 1895 3923 amantissimorum
1921 3868 2155 3937 fratrum
2203 3871 2584 3925 consuetudine
2638 3880 2690 3925 et
2740 3883 2976 3941 aspectu,
3009 3885 3122 3928 tum
3182 3874 3263 3929 tui
3315 3877 3546 3931 numinis

282 3963 591 4031 praesentia,
643 3961 874 4016 (tutiores
908 3961 965 4014 in
1016 3968 1332 4031 perpetuum
1381 3959 1617 4029 degant:
1650 3967 1700 4012 et
1730 3959 2025 4030 quicunque
2056 3958 2125 4011 ad
2156 3974 2209 4012 se
2231 3958 2573 4025 accesserint,
2619 3959 2735 4028 ejus
2786 3959 3046 4016 doctrina:
3076 3961 3258 4031 cupidi
3283 3979 3390 4033 qua
3445 3964 3548 4033 ipsi

282 4050 494 4104 abunde
524 4050 708 4119 referti
737 4062 885 4114 sunt,
910 4065 1171 4120 quamque
1197 4064 1252 4102 se
1291 4048 1590 4103 tradituros
1619 4048 1959 4118 proﬁtentur,
1992 4063 2080 4101 eos
2116 4062 2149 4100 a
2171 4063 2226 4101 se
2282 4046 2479 4100 talibus
2545 4049 2821 4117 prteceptis
2871 4046 3127 4112 imbutos,
3181 4051 3339 4121 quasi
3375 4053 3547 4121 epulis

280 4139 602 4209 quibusdam
630 4154 732 4191 non
763 4137 919 4192 modo
952 4137 1336 4201 saluberrimis,
1374 4135 1465 4190 sed
1525 4136 1685 4190 etiam
1743 4136 2075 4190 suavissimis
2117 4138 2367 4200 satiatos,
2428 4149 2493 4189 ex
2536 4136 2641 4190 isto
2681 4145 2792 4202 tam
2841 4136 3018 4206 amplo
3078 4149 3289 4210 tamque
3342 4138 3548 4194 illustri

279 4230 400 4281 loco
453 4227 756 4282 dimittant.
817 4224 1033 4280 Etenim
1090 4241 1210 4280 cum
1252 4226 1424 4280 omnis
1455 4225 1754 4279 divinorum
1806 4224 2064 4278 librorum
2109 4225 2272 4279 series
2304 4241 2434 4295 quos
2459 4225 2741 4278 canonicos
2792 4234 2999 4292 uocant,
3058 4225 3351 4298 quibusque
3376 4232 3546 4283 omnis

283 4330 449 4369 sacra
471 4313 719 4369 doctrina
753 4315 1077 4381 continetur,
1111 4315 1166 4368 in
1196 4313 1335 4387 duas
1365 4314 1620 4369 dirisasit
1645 4323 1823 4380 partes
1873 4327 1892 4366 :
1946 4329 2174 4385 quarum
2227 4319 2357 4380 u'na,
2445 4313 2606 4368 Vetus
2658 4313 2798 4385 quod
2856 4324 3049 4369 vocant
3128 4314 3547 4378 Testamentum.

275 4404 454 4458 altera
480 4419 672 4457 novum
720 4403 971 4472 amplexa
1010 4412 1084 4457 est
1119 4417 1138 4454 :
1171 4404 1237 4457 ab
1296 4402 1449 4456 initio
1491 4401 1702 4472 quidem
1725 4399 1995 4472 religionis
2044 4411 2241 4457 nostra:
2264 4403 2319 4456 in
2371 4411 2597 4468 utraque
2632 4403 2814 4473 lingua
2840 4419 2945 4458 non
2977 4402 3260 4473 defuerunt
3287 4414 3338 4459 et
3355 4406 3547 4460 celebri

274 4494 566 4547 sanctitate
596 4501 644 4546 et
673 4491 954 4567 prwstanti
980 4491 1229 4547 doctrina
1256 4492 1489 4561 prtediti,
1536 4492 1629 4562 qui
1660 4498 1832 4544 totum
1855 4489 1991 4547 illud
2013 4490 2167 4560 quasi
2196 4488 2417 4545 ctelestis
2446 4491 2720 4552 sapientia:
2757 4506 2971 4562 corpus,
3005 4492 3165 4547 editis
3199 4495 3546 4564 amplissimis

275 4582 762 4653 eruditissimisque
789 4582 1212 4647 commentariis,
1270 4583 1422 4638 nobis
1462 4591 1805 4652 exponerent.
1838 4578 2102 4636 Gazterum
2132 4594 2252 4632 cum
2295 4578 2507 4633 illorum
2534 4579 2750 4649 quidem
2817 4580 3177 4652 unusquisque
3232 4581 3358 4636 bene
3422 4599 3550 4637 sane

276 4673 486 4736 omnia,
518 4680 576 4726 ut
607 4672 764 4727 homo
804 4680 1008 4738 tamen,
1067 4687 1172 4725 non
1218 4675 1415 4741 optime
1457 4672 1639 4726 omnia
1697 4670 2069 4739 exposuisset:
2100 4667 2555 4736 studiosiquetam
2612 4681 2679 4720 ex
2701 4666 2964 4734 omnibus,
3009 4685 3169 4736 quam
3212 4683 3279 4724 ea:
3321 4670 3548 4742 singulis

276 4775 344 4815 ne
388 4761 551 4829 facile
599 4760 800 4831 Optima
827 4758 962 4830 elegi
982 4769 1218 4827 possent,
1252 4761 1370 4830 ipsa
1409 4769 1459 4814 et
1495 4760 1815 4828 scriptorum
1861 4766 1909 4812 et
1983 4756 2255 4831 librorum
2305 4754 2644 4810 multitudine
2690 4757 3096 4826 impedirentur,
3148 4774 3240 4813 nec
3282 4760 3549 4816 immerito

278 4850 437 4920 quasi
463 4849 624 4903 dubia
649 4849 880 4919 quadam
931 4864 1078 4903 cana
1132 4849 1408 4917 apposita.
1453 4848 1577 4918 quid
1665 4846 2006 4917 potissimum
2076 4853 2362 4908 sumerent,
2411 4843 2717 4899 dubitarent
2763 4861 2782 4899 :
2837 4847 3159 4902 exstiterunt
3213 4847 3312 4902 alii
3375 4855 3550 4904 sancti

279 4937 527 5009 doctique
586 4940 685 4993 viri
719 4978 735 5005 ,
794 4939 884 5009 qui
930 4940 1091 4994 etiam
1166 4940 1300 4994 hanc
1376 4938 1738 5010 difﬁcultatem
1813 4935 2067 4992 studiosis
2129 4934 2468 4998 adimerent;
2547 4936 2637 5006 qui
2689 4933 2925 4989 videlicet
3005 4952 3111 4991 non
3166 4953 3325 4993 novas
3385 4954 3551 5009 quas.

284 5025 412 5080 dam
480 5042 590 5082 ase
618 5028 862 5082 inventas
912 5028 1373 5096 interpretationes
1410 5029 1733 5099 proferrent,
1755 5026 1844 5082 sed
1874 5025 1938 5078 ab
1966 5024 2182 5078 illorum
2248 5039 2582 5095 unoquoque,
2634 5040 2765 5093 quos
2807 5025 3066 5093 diximus,
3136 5025 3205 5081 ad
3274 5042 3553 5081 sacrorum

286 5115 544 5173 librorum
586 5114 1026 5180 illustrationem,
1061 5117 1262 5185 optima
1293 5132 1513 5187 quaque
1532 5116 1781 5185 eligentes
1808 5105 2180 5182 excerperent;
2221 5120 2272 5167 et
2300 5113 2542 5167 omnibus
2584 5129 2703 5184 qua:
2736 5117 2813 5168 ita
2851 5114 2974 5170 hinc
3003 5124 3159 5185 atque
3187 5115 3339 5170 illinc
3365 5131 3553 5171 excer-

283 5204 533 5269 psissent,
583 5213 860 5258 auctorum
887 5221 1110 5259 suorum
1144 5205 1362 5259 nomina
1380 5214 1722 5274 opponerent.
1782 5202 1885 5259 Cui
1915 5203 1992 5257 rei
2050 5202 2224 5258 simile
2270 5201 2530 5275 quiddam
2592 5205 2635 5258 ii
2681 5205 2771 5274 qui
2841 5204 3083 5275 dialogos
3144 5205 3405 5272 scribunt,
3461 5206 3553 5274 fa-

285 5306 399 5345 cere
454 5290 695 5346 uidentur
720 5307 739 5346 :
776 5307 869 5361 per
918 5292 1018 5347 hoc
1046 5292 1255 5365 quidem
1306 5293 1390 5347 illi
1414 5293 1800 5365 signiﬁcantes,
1843 5292 1975 5347 nihil
2009 5309 2064 5347 se
2098 5294 2151 5346 in
2207 5293 2305 5348 hoc
2357 5291 2635 5348 verborum
2687 5293 2894 5349 dedisse
2928 5293 3238 5365 legentibus,
3272 5296 3362 5350 sed
3388 5312 3551 5350 unum

285 5379 551 5434 duntaxat
586 5380 814 5450 eligendi
841 5383 1208 5453 scribendique
1231 5382 1333 5438 sibi
1374 5383 1607 5438 laborem
1640 5398 1925 5453 curamque
1947 5382 2237 5451 sumpsisse
2261 5398 2280 5436 :
2312 5392 2370 5436 ut
2401 5383 2498 5438 hoc
2530 5392 2688 5454 pacto
2716 5396 2767 5438 et
2802 5384 3031 5439 studiosi
3073 5385 3368 5456 quicunque
3392 5385 3552 5455 hujus

288 5467 485 5524 laboris
535 5468 709 5539 futuri
745 5481 937 5538 essent,
992 5473 1149 5541 quasi
1186 5474 1343 5527 vades
1366 5473 1624 5543 quosdam
1656 5483 1707 5527 et
1751 5473 2099 5544 ﬁdejussores
2158 5473 2484 5528 certissimos
2519 5472 2852 5543 singularum
2883 5475 3295 5541 expositionum,
3333 5476 3554 5562 propria

288 5557 385 5611 illa
408 5558 622 5613 nomina
655 5557 949 5617 haberent:
980 5570 1029 5615 et
1063 5560 1109 5615 is
1142 5562 1232 5631 qui
1270 5562 1367 5616 illa
1396 5561 1466 5616 ad
1510 5561 1798 5616 utilitatem
1852 5561 2090 5617 omnium
2127 5561 2446 5632 collegisset,
2481 5565 2625 5616 omni
2674 5561 2834 5635 culpa
2866 5578 2968 5615 non
3002 5564 3175 5618 solum
3220 5557 3550 5628 ambitionis,

382 5761 455 5825 (α)
482 5762 780 5877 Εῗξεοριιηι
808 5761 960 5813 fuisse
985 5762 1346 5833 OEcumeuium
1368 5771 1426 5835 .et
1450 5765 1625 5816 sedem
1647 5766 1836 5834 Tricca
1866 5767 1918 5816 in
1953 5764 2208 5816 Thessalia
2242 5768 2467 5816 tenuisse
2492 5762 2710 5831 prodidit
2740 5769 3002 5828 excerptor
3041 5765 3239 5828 quidam
3278 5776 3558 5828 anonymns
3590 5750 3594 5754 ’

385 5825 416 5876 d
437 5827 495 5877 D.
588 5839 676 5875 .rn.
705 5826 768 5874 de
792 5825 1163 5875 Montelalconis
1185 5828 1234 5875 in
1264 5825 1557 5877 Bibliotheca
1583 5826 1899 5877 Corstiniana.
1933 5844 2046 5877 nas.
2071 5830 2179 5877 277.
2205 5830 2335 5877 quod
2360 5832 2505 5877 antea
2525 5840 2698 5877 omnes
2726 5828 2937 5877 funerat.
2965 5828 3101 5877 Enrr.
3127 5828 3274 5877 Pun.

287 5825 416 5887 apud
437 5827 495 5878 Ι).
529 5825 676 5877 Bern.
705 5826 768 5874 de
792 5825 1163 5875 Montelalconis
1185 5828 1234 5875 in
1264 5825 1557 5879 Bibliotheca
1583 5826 1899 5892 Coisliniana,
1933 5844 2046 5893 pag.
2071 5830 2179 5891 277,
2205 5830 2335 5891 quod
2360 5825 2505 5878 antea
2525 5825 2698 5878 omnes
2726 5825 2937 5889 fugerat.
2965 5825 3101 5879 Enni.
3127 5828 3274 5877 Pun.

610 5914 884 5974 PsrnoL.
929 5912 1045 5971 Gn.
1103 5908 1384 5973 cxvm.
1870 5985 1878 5993 .
1910 5986 1944 5993 ί.
3060 5915 3090 5975 ι
