4058 6604
472 470 532 538 il
1478 475 1946 538 (ΕΠΙΜΕΝΙυὸ
1984 477 2074 537 ΤΗ

2132 479 2271 540 ΞΩΛΞ
2303 480 2733 544 EPISCOPUS.
2974 478 2979 481 ’
3673 488 3734 552 12

474 591 565 643 sed
609 591 769 644 etiam
793 588 1001 659 fraudis
1038 588 1349 661 invidia‘que
1410 592 1744 647 voearet.“
1795 602 2000 647 tantum
2027 596 2235 664 quidem
2271 598 2415 651 abest
2470 608 2525 651 ut
2580 599 2746 653 ullam
2776 599 2879 653 sibi
2938 600 3147 655 laudem
3202 618 3265 656 ex
3325 604 3422 657 hoc
3482 620 3732 674 quastsse

471 680 755 734 uideantur
804 680 1097 750 quicunque
1134 677 1439 748 hujusmodi
1472 681 1650 734 studio
1680 681 1929 737 delectati
1960 692 2102 748 sunt,
2156 695 2209 738 ut
2249 689 2334 742 vix
2362 703 2543 742 eorum
2573 704 2736 742 unum
2770 700 2859 744 aut
2886 689 3110 745 alterum
3146 693 3403 759 invenias,
3435 672 3751 763 prtesertinr

467 768 609 839 apud
668 766 900 831 Gra'cos,
928 769 1017 838 qui
1054 767 1396 836 inscriptione
1430 766 1614 837 aliqua
1637 786 1792 823 suum
1821 788 2007 824 nomen
2039 771 2450 840 signiﬁcandum
2477 776 2761 842 putaverit.
2820 775 3011 847 Itaque
3065 779 3120 833 in
3172 779 3267 835 hoc
3319 796 3505 851 genere
3555 798 3731 835 omnes

464 858 839 931 propemodum
895 874 1075 912 sacros
1113 858 1276 912 libros
1313 859 1503 928 quique
1536 857 1604 913 ad
1647 858 1877 927 Notum,
1907 862 2097 932 quique
2125 860 2194 914 ad
2242 860 2396 917 Vetus
2428 862 2849 919 Instrumentum
2901 867 3182 935 pertinent,
3239 865 3418 922 Graece
3466 868 3718 923 habemus

463 946 919 1019 expositos,nullo
966 946 1079 1015 ejus
1104 945 1390 1014 praeposito
1441 946 1650 1000 nomine
1707 950 1799 1016 qui
1874 948 1969 1000 tali
2014 948 2195 1005 labore
2230 951 2296 1003 sit
2337 950 2572 1019 functus,
2606 954 2819 1007 tametsi
2849 957 2902 1008 in
2931 954 3013 1008 his
3054 954 3184 1024 ipsis
3226 957 3317 1026 qui
3348 974 3487 1012 nunc
3505 958 3563 1011 in
3605 974 3722 1012 ma-

464 1040 615 1094 nibus
648 1045 792 1103 sunt,
830 1045 880 1090 et
912 1051 1044 1105 quos
1075 1050 1214 1088 nunc
1240 1034 1525 1105 impressas
1579 1034 1709 1088 Tua:
1736 1035 2033 1090 Sanctitati
2062 1037 2321 1102 dicamus,
2351 1035 2666 1093 Beatissime
2685 1039 2869 1107 Pater,
2894 1051 3163 1098 auctorem
3220 1059 3407 1109 unum,
3473 1043 3727 1099 (Ecume—

462 1128 611 1181 nium
646 1124 1103 1196 deprehendimus,
1145 1132 1194 1178 et
1230 1124 1357 1178 item
1397 1123 1647 1189 alterum,
1678 1123 1951 1179 Aret/iam.
2012 1122 2167 1190 Quod
2218 1125 2390 1193 ipsum
2430 1142 2537 1195 qua
2569 1127 2872 1196 conjectura
2908 1126 3056 1182 ducti
3082 1130 3347 1199 aﬂirmare
3364 1131 3485 1185 ausi
3506 1132 3674 1186 simus
3699 1172 3714 1194 ,

460 1216 651 1271 melius
670 1212 1099 1284 commodiusque
1136 1212 1309 1267 altera
1352 1211 1532 1267 Grazce
1549 1213 1841 1283 praposita
1871 1212 2286 1283 prwfatiuncula
2339 1213 2683 1268 indicandum
2715 1216 3011 1270 duximus:
3065 1224 3125 1270 ut
3174 1218 3224 1272 si
3270 1220 3361 1288 qui
3413 1218 3723 1273 litterarum

460 1313 767 1359 nostrarum
816 1301 991 1371 ignari
1015 1299 1202 1354 adhoc
1230 1317 1360 1366 opus
1399 1300 1672 1373 legendum
1718 1303 2057 1366 accesserint,
2089 1300 2315 1355 habeant
2352 1302 2456 1372 ipsi
2483 1318 2687 1374 quoque
2718 1304 2772 1357 in
2804 1306 2975 1374 primo
3017 1306 3255 1376 ingressu
3298 1308 3471 1376 operis
3519 1307 3723 1379 aliquid

461 1391 697 1456 luminis,
730 1390 1091 1461 qualecunque
1126 1390 1179 1443 id
1212 1389 1302 1456 sit,
1336 1392 1477 1462 quod
1513 1399 1822 1460 sequantur.
1872 1389 1938 1444 Ut
1971 1406 2088 1445 vero
2105 1390 2239 1444 hanc
2269 1401 2474 1459 partem
2528 1392 2860 1460 potissimum
2907 1392 3177 1458 Gibertus,
3229 1410 3295 1448 ex
3349 1406 3501 1449 tanta
3567 1398 3723 1465 copia

457 1480 866 1551 imprimendam
898 1479 1184 1545 curaverit,
1210 1494 1273 1533 ea
1300 1481 1507 1533 ratione
1544 1480 1598 1533 in
1626 1481 1812 1549 primis
1848 1478 2035 1533 ductus
2061 1485 2140 1534 est
2169 1495 2186 1531 :
2227 1478 2366 1548 quod
2430 1477 2525 1532 hoc
2551 1494 2715 1533 unum
2746 1479 2896 1533 nobis
2927 1480 2996 1533 ad
3039 1480 3155 1553 ejus
3219 1482 3389 1550 partis
3419 1482 3721 1536 divinorum

457 1569 715 1624 librorum
756 1568 965 1636 plenam
1012 1569 1503 1638 interpretationem
1532 1567 2048 1638 habendam,quam
2076 1565 2288 1621 Novum
2329 1565 2723 1621 Testamentum
2756 1578 2966 1632 vocant,
3018 1569 3195 1624 deesse
3244 1570 3510 1625 cernebat.
3578 1570 3719 1624 Nam

454 1657 607 1713 divus
642 1656 894 1720 Thomas,
935 1671 1072 1711 unus
1120 1671 1186 1710 ex
1220 1656 1363 1710 hisce
1384 1656 1695 1725 junioribus
1718 1656 1978 1728 theologis
2028 1656 2259 1711 maxime
2310 1654 2527 1709 celebris
2560 1665 2714 1725 atque
2742 1655 2991 1719 illustris,
3028 1657 3133 1711 sive
3173 1654 3386 1713 Graecos
3412 1659 3714 1723 aemulatus,

453 1762 581 1817 quos
616 1746 821 1800 videbat
850 1746 905 1799 in
925 1745 1020 1799 hoc
1045 1754 1254 1799 tantum
1297 1745 1463 1799 studii
1495 1747 1756 1815 posuisse,
1792 1747 1899 1801 sive
1923 1762 2019 1801 suo
2051 1745 2279 1815 quodam
2350 1747 2541 1814 spiritu
2589 1744 2798 1808 ductus,
2844 1748 3020 1800 nehoc
3070 1747 3280 1817 quidem
3336 1748 3532 1803 laboris
3556 1765 3718 1819 genus

451 1836 783 1904 inexpertum
812 1835 1132 1888 intactumve
1185 1834 1401 1904 reliquit
1432 1850 1449 1888 :
1483 1838 1577 1889 sed
1623 1836 1678 1889 in
1738 1852 1901 1889 unum
1932 1833 2145 1890 collatis
2174 1835 2423 1904 plurimis
2446 1850 2510 1887 ex
2538 1834 2647 1889 illis
2681 1836 2879 1890 sanctis
2929 1836 3054 1889 viris
3088 1837 3177 1904 qui
3234 1836 3382 1891 nobis
3434 1837 3497 1891 ab
3562 1838 3717 1891 initio

452 1927 661 1981 divinas
700 1926 909 1980 litteras
952 1937 1331 1995 exposuerunt,
1369 1943 1461 1980 nec
1484 1925 1642 1980 modo
1674 1928 1899 1991 nostris,
1950 1941 2127 1980 verum
2168 1925 2329 1978 etiam
2364 1920 2586 1988 Gra'cis,
2621 1939 2750 1993 quos
2774 1924 2829 1977 in
2881 1922 3136 1977 Latinum
3162 1940 3435 1979 conversos
3467 1924 3715 1986 habebnt,

452 2017 509 2069 in
563 2024 793 2082 quatuor
820 2012 1109 2084 Evangelia
1143 2030 1273 2083 opus
1305 2013 1601 2067 elaboravit
1638 2030 1657 2079 ;
1685 2015 1823 2084 quod
1860 2014 2019 2067 etiam
2049 2021 2243 2082 printer
2287 2027 2483 2065 morem
2522 2010 2827 2066 (ira'corum
2854 2028 2948 2065 suo
2975 2013 3186 2066 nomine
3202 2014 3484 2081 praposito
3508 2011 3576 2064 ad
3602 2011 3717 2081 ejus

453 2104 597 2158 modi
648 2103 881 2157 laborem
921 2102 1330 2168 illustrandum,
1367 2102 1627 2158 Catenam
1675 2103 1912 2158 Auream
1948 2101 2232 2171 appellavit
2251 2118 2270 2165 ;
2295 2100 2451 2169 hujus
2488 2114 2606 2153 vero
2628 2101 2819 2169 partis,
2864 2117 2981 2170 qua:
3005 2109 3297 2170 supererat,
3351 2101 3592 2154 membra
3625 2109 3716 2152 aut

451 2208 556 2245 non
579 2192 783 2262 attigit,
817 2200 910 2244 aut
969 2192 1081 2244 suis
1129 2190 1360 2260 propriis
1397 2191 1937 2244 commentationibus
1972 2190 2233 2260 exposuit.
2267 2188 2459 2259 Itaque
2490 2187 2761 2254 Gibertus,
2814 2205 2877 2242 ne
2913 2190 3114 2243 diutius
3160 2188 3389 2244 studiosi
3436 2206 3716 2243 sacrarum

451 2283 754 2336 litterarum
788 2280 982 2335 similis
1026 2278 1232 2334 laboris
1284 2279 1533 2333 etiamin
1591 2279 1727 2334 hanc
1781 2287 1983 2347 partem
2041 2277 2301 2333 desiderio
2356 2286 2676 2340 tenerentur,
2730 2276 2866 2331 hanc
2921 2277 3150 2345 primam
3219 2264 3452 2331 omnium
3504 2276 3718 2347 aggredi

448 2371 637 2424 statuit
671 2386 687 2424 :
718 2386 776 2423 so
822 2368 993 2439 magis
1023 2367 1160 2437 quod
1218 2377 1412 2434 prteter
1456 2366 1565 2421 divi
1598 2367 1763 2421 Pauli
1829 2365 2097 2437 Epistolas
2133 2407 2147 2432 ,
2202 2366 2407 2435 reliqua
2461 2381 2577 2435 qua:
2640 2365 2723 2419 hic
2773 2366 3030 2420 habentur
3080 2367 3339 2436 exposita,
3384 2381 3489 2420 non
3541 2365 3715 2419 solum

443 2458 703 2527 ejusmodi
731 2456 987 2511 Catenam
1039 2455 1242 2509 nullam
1281 2454 1700 2525 habebantapud
1751 2471 1869 2518 nos,
1904 2472 2008 2525 qua
2042 2455 2235 2524 percipi
2273 2443 2471 2508 eoruni
2507 2471 2663 2508 sensa
2692 2454 2957 2524 tenerique
3024 2463 3257 2524 possent,
3308 2455 3397 2508 sed
3450 2471 3514 2508 ne
3544 2469 3711 2521 expo-

444 2548 663 2600 sitiones
714 2544 924 2615 quidem
953 2544 1168 2598 omnino
1204 2542 1435 2613 alicujus
1468 2543 1672 2613 generis
1725 2543 1885 2597 ullas.
1923 2542 2157 2597 Multum
2188 2543 2351 2597 etiam
2398 2544 2454 2598 in
2483 2543 2579 2597 hoc
2612 2545 2780 2598 valuit
2811 2542 3039 2600 Joannis
3092 2542 3341 2598 Lascaris
3379 2543 3714 2596 commenda-

446 2637 519 2689 tio
568 2651 584 2689 :
626 2634 717 2703 qui
745 2634 825 2686 vir
860 2648 923 2687 ea
946 2632 1190 2686 doctrina
1221 2640 1269 2685 et
1304 2632 1550 2688 claritate
1579 2631 1659 2687 his
1690 2632 2013 2703 temporibus
2060 2642 2347 2703 pra’stans,
2384 2648 2543 2702 quam
2602 2648 2778 2687 omnes
2814 2641 3028 2695 norunt,
3088 2631 3300 2687 Giberto
3369 2641 3555 2684 auctor
3597 2640 3712 2684 erat

442 2733 499 2777 ut
539 2723 649 2778 ha'c
682 2721 1023 2793 potissimum
1050 2734 1175 2788 pars
1214 2720 1478 2775 ederetur.
1511 2719 1658 2773 Nam
1692 2720 1788 2776 hoc
1809 2737 2013 2792 quoque
2044 2723 2310 2792 inprimis
2345 2722 2483 2778 scire
2512 2731 2736 2792 oportet,
2773 2737 2890 2775 cum
2925 2719 3287 2789 hujuscemodi
3317 2721 3703 2787 expositionum

442 2812 648 2867 Catena
698 2825 762 2865 ex
798 2811 896 2863 hac
928 2818 1079 2876 parte
1113 2824 1273 2878 quant
1306 2824 1445 2863 nunc
1474 2809 1687 2878 damus,
1724 2825 1785 2865 ea
1811 2812 2021 2865 ratione
2044 2810 2372 2881 interpositis
2401 2807 2702 2863 nominibus
2775 2823 2933 2879 quam
2976 2805 3162 2860 Latine
3221 2816 3460 2861 secutum
3529 2805 3710 2859 divum

446 2900 705 2955 Thomam
733 2897 994 2962 uidemus,
1028 2898 1081 2951 in
1106 2896 1251 2950 solas
1280 2896 1387 2951 divi
1413 2896 1575 2952 Pauli
1606 2898 1883 2967 Epistolas
1926 2898 2066 2967 apud
2125 2899 2334 2956 Gracos
2386 2898 2861 2967 circumferretur:
2894 2895 3167 2952 Gibertum
3207 2904 3384 2948 tamen
3420 2895 3568 2947 illius
3604 2894 3707 2947 viri

441 2990 692 3060 beneﬁcio
745 2999 793 3042 et
851 3002 1064 3041 munere
1123 2986 1394 3055 exemplar
1443 2995 1658 3041 nactum
1683 2987 1819 3042 miro
1852 2987 2065 3042 librarii
2091 2988 2321 3057 arti/icio
2343 2996 2656 3056 sumptuque
2682 2984 3005 3053 descriptum
3047 2984 3386 3054 apprimeque
3408 2992 3699 3037 vetustum:

437 3081 494 3136 in
545 3095 645 3148 quo
702 3075 865 3131 Pauli
923 3076 1134 3147 quidem
1166 3074 1422 3157 Epistolas
1470 3075 1732 3145 ejusmodi
1763 3078 1977 3131 nomina
2008 3093 2111 3131 non
2155 3078 2486 3144 interposita,
2516 3083 2571 3127 ut
2604 3075 2659 3127 in
2722 3072 2865 3134 aliis,
2907 3072 3000 3126 sed
3059 3072 3112 3125 in
3165 3073 3401 3142 margine
3464 3075 3703 3137 ascripta

440 3169 675 3222 habent:
716 3167 827 3236 ipse
874 3180 991 3220 vero
1027 3165 1411 3233 expositionum
1459 3173 1733 3219 contextus
1786 3181 1890 3219 non
1934 3181 2081 3220 secus
2152 3166 2499 3219 continuatur
2562 3178 2623 3215 ac
2671 3162 2715 3215 si
2744 3162 2933 3214 unicus
2964 3168 3099 3215 esset
3152 3163 3379 3228 scriptor
3416 3161 3506 3230 qui
3552 3177 3701 3213 suum

434 3256 720 3327 quamdam
780 3271 969 3309 novam
1021 3255 1515 3309 commentationem
1569 3253 1624 3306 in
1650 3252 1790 3307 illud
1839 3268 1968 3323 opus
2018 3254 2252 3322 afferret.
2311 3252 2540 3322 Denique
2605 3250 2741 3302 Acta
2792 3249 3085 3316 apostolica
3137 3259 3188 3302 et
3237 3247 3532 3303 Catholica:
3583 3264 3702 3319 qua:

434 3348 684 3399 dicuntur
746 3340 1017 3413 Epistolis,
1082 3351 1239 3413 atque
1295 3342 1422 3397 item
1475 3341 1817 3412 Apocalypsis
1864 3343 1999 3396 nihil
2024 3344 2213 3397 talium
2262 3343 2531 3395 nominum
2564 3355 2728 3409 neque
2786 3335 3103 3406 ascriptum
3146 3352 3365 3405 prorsus
3413 3352 3575 3405 neque
3622 3339 3704 3389 iu-

434 3435 746 3502 ret-positum
776 3432 987 3486 habent.
1032 3429 1113 3484 Ex
1143 3431 1239 3484 hoc
1271 3440 1446 3485 autem
1470 3430 1784 3499 exemplari,
1818 3431 2032 3486 collatis
2054 3440 2229 3485 tamen
2262 3432 2387 3484 aliis
2407 3445 2609 3500 quoque
2658 3428 2932 3482 nonnullis
2990 3426 3215 3481 alterius
3257 3426 3405 3479 illius
3468 3426 3706 3496 generis,

434 3523 572 3593 quod
610 3523 869 3585 diximus,
897 3522 1005 3575 haec
1031 3530 1138 3573 tant
1166 3518 1337 3572 multa
1362 3534 1481 3588 qua:
1513 3535 1653 3572 nunc
1685 3528 1880 3572 exeunt
1912 3520 1965 3571 in
1992 3519 2180 3583 lucem,
2235 3533 2486 3587 expressa
2514 3528 2660 3570 sunt.

748 3726 773 3740 Δ
784 3735 813 3741 ν
828 3723 1225 3739 "Mm

448 3725 745 3742 ΜΝ

1260 3913 1631 3958 ILLUSTRISS.
1676 3912 1949 3958 PRINCIPI
2006 3910 2083 3953 AC
2124 3869 2580 3952 RECERENDISS.
2620 3908 2866 3951 DOMINO

949 4075 1009 4114 D.
1055 4071 1328 4117 GEORGIO
1366 4072 1443 4114 ΑΒ
1475 4069 1767 4124 AUSTRIA,
1811 4068 2111 4114 EPISCOPO
2143 4069 2501 4126 LEODIENSI,
2546 4072 2692 4114 DUCI
2758 4072 3175 4130 BULLONENSI,

1309 4215 1491 4255 εοὶιιτι
1519 4213 1765 4255 ιιοεδεμδι
1789 4214 1849 4254 AC
1871 4214 2161 4255 MARCIHONI
2194 4215 2644 4269 ΡΒΔΝΟΙΜΟΝΤΑΝΟ,
2676 4218 2801 4258 ETC.

802 4355 1082 4399 JOANNES
1163 4352 1526 4398 IIENTENIUS
1587 4353 2073 4398 MECIILINIENSIS
2128 4356 2471 4401 MONACHUS
2521 4356 3068 4417 HIERONYMIANUS,
3137 4359 3189 4403 S.
3244 4361 3303 4403 D.

1722 4624 2404 4775 PREF’ATIO.
2486 4612 2523 4723 ί
2592 4710 2597 4717 ·

493 4879 647 4934 [laud
711 4875 911 4949 injuria
941 4876 1096 4931 Plato
1128 4875 1269 4932 libro
1295 4874 1373 4931 De
1409 4875 1590 4947 repub.
1633 4891 1663 4931 a
1696 4881 2065 4933 sacrosanctae
2087 4878 2446 4951 philosophia:
2472 4880 2665 4938 limine
2712 4882 2930 4952 ablegat
2961 4894 3063 4937 ceu
3099 4879 3363 4951 profanos
3388 4882 3685 4952 quosdam,

422 4979 585 5041 atque
618 4967 683 5023 ad
704 4983 824 5023 eam
855 4968 1248 5038 capessendam
1275 4965 1772 5030 minimeidoncos,
1796 4967 2039 5036 princeps
2096 4965 2484 5032 illustrissime,
2541 4968 2635 5039 qui
2663 4980 2896 5041 angusto
2929 4976 3058 5025 sunt
3091 4969 3281 5025 animo
3314 4985 3379 5026 ac
3434 4971 3679 5039 sordido,

420 5072 718 5127 rerumque
742 5056 1034 5111 humilium
1084 5046 1485 5125 cupiditatibus
1516 5056 1853 5124 mancipata.
1896 5053 2051 5109 Haud
2104 5054 2249 5108 enim
2282 5068 2563 5125 quaquam
2593 5055 2901 5127 ﬁeriposse
2936 5053 3240 5112 arbitratus
3268 5064 3372 5122 est,
3400 5066 3460 5112 ut
3508 5073 3673 5128 quem

421 5149 667 5203 animum
704 5143 925 5202 sordida
960 5144 1051 5197 illa
1091 5158 1226 5199 cura
1252 5158 1439 5199 rerum
1472 5144 1758 5198 humilium
1790 5143 2096 5213 occuparit,
2120 5160 2186 5200 eo
2215 5145 2337 5216 ipso
2369 5144 2686 5201 divinarum
2711 5136 3192 5216 humanarumque
3238 5161 3421 5203 rerum
3449 5148 3681 5204 scientia

419 5234 1004 5305 comprehenderetur.
1028 5228 1142 5285 Nec
1168 5231 1223 5285 id
1275 5230 1570 5287 immerito.
1647 5234 1895 5299 Quonam
1928 5233 2075 5288 enim
2105 5233 2266 5288 modo
2306 5235 2526 5291 animus
2585 5234 2868 5303 humanis,
2918 5234 3119 5289 imo‘et
3180 5235 3507 5291 hrutalibus‘
3546 5238 3682 5291 am:-

419 5323 700 5381 ctionibus
726 5320 964 5385 deditus,
993 5319 1226 5390 poterit,
1260 5329 1488 5389 repente
1527 5319 1654 5374 hinc
1690 5320 1935 5386 avulsus,
1959 5319 2141 5377 subito
2168 5322 2232 5376 ad
2271 5338 2328 5378 3a
2360 5339 2480 5395 quae
2499 5324 2625 5395 plus
2652 5338 2815 5395 quam
2865 5323 2947 5387 δὶς
2977 5322 3065 5377 διὰ
3092 5323 3282 5378 πασῶν
3312 5325 3509 5381 dissita
3527 5334 3678 5391 sunt,

419 5420 594 5466 totum
629 5425 688 5467 se
711 5406 1419 5478 transferre?Quapropter
1447 5415 1599 5462 recte
1629 5423 1852 5479 quoque
1878 5408 1954 5461 ait
1986 5408 2130 5465 idem
2171 5411 2225 5463 in
2261 5409 2551 5477 Phcedone,
2617 5427 2716 5484 par
2746 5413 2975 5469 omnino
3024 5428 3168 5479 esse,
3204 5422 3262 5468 ut
3312 5414 3405 5484 qui
3455 5412 3523 5468 ad
3590 5428 3683 5467 sa~

420 5498 637 5571 pientis:
663 5495 906 5552 studium
943 5510 1003 5552 se
1035 5495 1544 5574 confcrunthprius
1586 5495 1803 5565 quidem
1835 5498 2197 5562 emoriantur,
2232 5500 2604 5581 animumque.
2634 5500 2815 5570 ipsum
2852 5501 2923 5557 ab
2992 5502 3141 5557 omni
3202 5501 3453 5572 corporis
3508 5517 3677 5557 sensu

419 5584 869 5657 cogitationeque
914 5592 1187 5649 avertant,
1258 5593 1311 5638 et
1336 5584 1496 5654 quasi
1520 5585 1574 5637 in
1616 5599 1778 5639 suum
1835 5585 1925 5653 jus
1959 5599 2227 5657 suamque
2259 5588 2565 5643 libertatem
2600 5590 2904 5646 vindicent.
2937 5587 3154 5661 Alioqui
3204 5591 3350 5645 enim
3407 5589 3678 5660 quemad-

417 5676 639 5731 modum
670 5672 835 5728 habet
862 5672 1054 5744 Lysias
1086 5671 1482 5745 Pythagoricus
1514 5674 1567 5728 in
1594 5674 1825 5743 epistola
1854 5675 1919 5730 ad
1951 5674 2409 5747 Hipparchunyis
2425 5677 2515 5747 qui
2548 5681 2825 5751 corruptis
2861 5678 3250 5749 obscaenisque
3283 5679 3529 5734 litoribus
3552 5694 3677 5746 spe-

420 5764 730 5819 culationics
771 5759 840 5816 ad
864 5760 1081 5816 divinos
1104 5776 1393 5817 sermones
1424 5762 1719 5825 immiscet,
1751 5778 1857 5818 nou
1888 5779 2051 5821 secus
2082 5766 2197 5837 agit
2225 5780 2386 5837 quam
2425 5766 2470 5823 si
2540 5781 2768 5824 cmnoso
2801 5776 2970 5839 puteo
3009 5767 3439 5838 liquidissimam
3478 5768 3673 5820 infun-

414 5850 509 5906 dat
534 5866 755 5922 aquam,
790 5865 912 5921 qua:
949 5858 1003 5905 et
1031 5863 1251 5904 caenum
1276 5850 1591 5923 conturbet,
1645 5860 1701 5904 et
1736 5865 1892 5905 suam
1930 5852 2102 5921 ipsius
2135 5856 2473 5910 contaminet
2501 5856 2820 5924 puritatem.
2858 5846 3014 5922 Quod
3037 5857 3082 5911 si
3111 5863 3319 5910 tantam
3347 5856 3671 5910 munditiem

416 5942 574 6001 abeo
605 5941 897 6015 exigebant
945 5940 1039 6011 qui
1070 5939 1138 5995 ad
1194 5940 1494 5995 humanam
1555 5939 1824 5995 duntaxat
1858 5956 1920 5996 ac
1965 5945 2268 5999 naturalem
2330 5943 2544 5999 accedit
2611 5944 3059 6016 philosophiam,
3121 5953 3350 6017 quanta,
3412 5943 3674 6010 obsecro,
