  <div class='ocr_page' id='page_1' title='image "/cluster/home/n/w/nwhite01/storage/ocr_20150623/118/hvd.32044019208149/014.png"; bbox 0 0 4058 6580; ppageno 0'>
   <div class='ocr_carea' id='block_1_1' title="bbox 378 512 1980 591">
    <p class='ocr_par' dir='ltr' id='par_1_1' title="bbox 378 521 1980 591">
     <span class='ocr_line' id='line_1_1' title="bbox 378 521 1980 591; baseline -0.007 0"><span class='ocrx_word' id='word_1_1' title='bbox 378 524 446 591; x_wconf 78' lang='grc'><strong>13</strong></span> <span class='ocrx_word' id='word_1_2' title='bbox 1716 521 1980 582; x_wconf 79' lang='lat' dir='ltr'><strong>PBOLEf</strong></span> 
     </span>
    </p>
   </div>
   <div class='ocr_carea' id='block_1_2' title="bbox 2028 512 3630 591">
    <p class='ocr_par' dir='ltr' id='par_1_2' title="bbox 2028 512 3630 582">
     <span class='ocr_line' id='line_1_2' title="bbox 2028 512 3630 582; baseline 0 -3"><span class='ocrx_word' id='word_1_3' title='bbox 2028 520 2300 582; x_wconf 74' lang='lat' dir='ltr'><strong>DMENA.</strong></span> <span class='ocrx_word' id='word_1_4' title='bbox 3565 512 3630 579; x_wconf 65' lang='grc'><strong>14</strong></span> 
     </span>
    </p>
   </div>
   <div class='ocr_carea' id='block_1_3' title="bbox 376 630 3636 712">
    <p class='ocr_par' dir='ltr' id='par_1_3' title="bbox 376 630 3636 712">
     <span class='ocr_line' id='line_1_3' title="bbox 376 630 3636 712; baseline -0.004 -14"><span class='ocrx_word' id='word_1_5' title='bbox 376 641 695 712; x_wconf 75' lang='lat' dir='ltr'><strong>requiratur</strong></span> <span class='ocrx_word' id='word_1_6' title='bbox 723 640 792 695; x_wconf 89' lang='lat' dir='ltr'><strong>ab</strong></span> <span class='ocrx_word' id='word_1_7' title='bbox 812 653 877 694; x_wconf 89' lang='lat' dir='ltr'><strong>eo</strong></span> <span class='ocrx_word' id='word_1_8' title='bbox 905 637 996 710; x_wconf 99' lang='lat' dir='ltr'><strong>qui</strong></span> <span class='ocrx_word' id='word_1_9' title='bbox 1060 637 1507 708; x_wconf 86' lang='lat' dir='ltr'><strong>supramundana</strong></span> <span class='ocrx_word' id='word_1_10' title='bbox 1544 650 1606 691; x_wconf 87' lang='lat' dir='ltr'><strong>ac</strong></span> <span class='ocrx_word' id='word_1_11' title='bbox 1636 635 1817 691; x_wconf 79' lang='lat' dir='ltr'><strong>divina</strong></span> <span class='ocrx_word' id='word_1_12' title='bbox 1868 634 2099 691; x_wconf 83' lang='lat' dir='ltr'><strong>scrutari</strong></span> <span class='ocrx_word' id='word_1_13' title='bbox 2158 634 2474 689; x_wconf 72' lang='lat' dir='ltr'><strong>desiderat?</strong></span> <span class='ocrx_word' id='word_1_14' title='bbox 2527 630 2807 702; x_wconf 80' lang='lat' dir='ltr'><strong>Siquidem</strong></span> <span class='ocrx_word' id='word_1_15' title='bbox 2854 631 3131 686; x_wconf 85' lang='lat' dir='ltr'><strong>mundana</strong></span> <span class='ocrx_word' id='word_1_16' title='bbox 3163 638 3471 701; x_wconf 68' lang='lat' dir='ltr'><strong>qua‘rentes</strong></span> <span class='ocrx_word' id='word_1_17' title='bbox 3538 636 3636 686; x_wconf 84' lang='lat' dir='ltr'><strong>toti</strong></span> 
     </span>
    </p>
   </div>
   <div class='ocr_carea' id='block_1_4' title="bbox 375 719 3638 794">
    <p class='ocr_par' dir='ltr' id='par_1_4' title="bbox 375 719 3638 794">
     <span class='ocr_line' id='line_1_4' title="bbox 375 719 3638 794; baseline -0.003 -9"><span class='ocrx_word' id='word_1_18' title='bbox 375 731 465 787; x_wconf 88' lang='lat' dir='ltr'><strong>his</strong></span> <span class='ocrx_word' id='word_1_19' title='bbox 499 729 858 793; x_wconf 85' lang='lat' dir='ltr'><strong>involvimur,</strong></span> <span class='ocrx_word' id='word_1_20' title='bbox 897 741 998 783; x_wconf 88' lang='lat' dir='ltr'><strong>nec</strong></span> <span class='ocrx_word' id='word_1_21' title='bbox 1027 729 1085 785; x_wconf 87' lang='lat' dir='ltr'><strong>in</strong></span> <span class='ocrx_word' id='word_1_22' title='bbox 1118 726 1440 782; x_wconf 86' lang='lat' dir='ltr'><strong>malevolam</strong></span> <span class='ocrx_word' id='word_1_23' title='bbox 1472 725 1710 780; x_wconf 87' lang='lat' dir='ltr'><strong>animam</strong></span> <span class='ocrx_word' id='word_1_24' title='bbox 1745 725 2048 794; x_wconf 67' lang='lat' dir='ltr'><strong>ingreditur</strong></span> <span class='ocrx_word' id='word_1_25' title='bbox 2078 739 2317 794; x_wconf 83' lang='lat' dir='ltr'><strong>unquam</strong></span> <span class='ocrx_word' id='word_1_26' title='bbox 2360 722 2771 793; x_wconf 87' lang='lat' dir='ltr'><strong>sapientia,nec</strong></span> <span class='ocrx_word' id='word_1_27' title='bbox 2813 720 3023 777; x_wconf 87' lang='lat' dir='ltr'><strong>habitat</strong></span> <span class='ocrx_word' id='word_1_28' title='bbox 3066 719 3119 773; x_wconf 91' lang='lat' dir='ltr'><strong>in</strong></span> <span class='ocrx_word' id='word_1_29' title='bbox 3153 734 3384 789; x_wconf 86' lang='lat' dir='ltr'><strong>corpore</strong></span> <span class='ocrx_word' id='word_1_30' title='bbox 3414 721 3638 778; x_wconf 87' lang='lat' dir='ltr'><strong>subdito</strong></span> 
     </span>
    </p>
   </div>
   <div class='ocr_carea' id='block_1_5' title="bbox 378 802 3641 887">
    <p class='ocr_par' dir='ltr' id='par_1_5' title="bbox 378 802 3641 887">
     <span class='ocr_line' id='line_1_5' title="bbox 378 802 3641 887; baseline -0.002 -16"><span class='ocrx_word' id='word_1_31' title='bbox 378 802 690 887; x_wconf 35' lang='lat' dir='ltr'><strong>pecc‘atis&#39;.</strong></span> <span class='ocrx_word' id='word_1_32' title='bbox 739 812 984 883; x_wconf 89' lang='lat' dir='ltr'><strong>Spiritus</strong></span> <span class='ocrx_word' id='word_1_33' title='bbox 1014 810 1162 868; x_wconf 88' lang='lat' dir='ltr'><strong>enim</strong></span> <span class='ocrx_word' id='word_1_34' title='bbox 1201 820 1433 869; x_wconf 86' lang='lat' dir='ltr'><strong>sanctus</strong></span> <span class='ocrx_word' id='word_1_35' title='bbox 1462 809 1769 877; x_wconf 79' lang='lat' dir='ltr'><strong>disciplina:</strong></span> <span class='ocrx_word' id='word_1_36' title='bbox 1790 808 1978 875; x_wconf 68' lang='lat' dir='ltr'><strong>effugit</strong></span> <span class='ocrx_word' id='word_1_37' title='bbox 2018 810 2229 876; x_wconf 88' lang='lat' dir='ltr'><strong>fictum,</strong></span> <span class='ocrx_word' id='word_1_38' title='bbox 2260 818 2315 865; x_wconf 91' lang='lat' dir='ltr'><strong>et</strong></span> <span class='ocrx_word' id='word_1_39' title='bbox 2366 809 2551 864; x_wconf 90' lang='lat' dir='ltr'><strong>aufert</strong></span> <span class='ocrx_word' id='word_1_40' title='bbox 2575 824 2635 865; x_wconf 89' lang='lat' dir='ltr'><strong>se</strong></span> <span class='ocrx_word' id='word_1_41' title='bbox 2663 823 2692 862; x_wconf 83' lang='lat' dir='ltr'><strong>a</strong></span> <span class='ocrx_word' id='word_1_42' title='bbox 2722 808 3148 878; x_wconf 75' lang='lat' dir='ltr'><strong>cogitationibus</strong></span> <span class='ocrx_word' id='word_1_43' title='bbox 3182 823 3304 877; x_wconf 72' lang='lat' dir='ltr'><strong>qua:</strong></span> <span class='ocrx_word' id='word_1_44' title='bbox 3359 816 3489 864; x_wconf 88' lang='lat' dir='ltr'><strong>sunt</strong></span> <span class='ocrx_word' id='word_1_45' title='bbox 3519 809 3641 865; x_wconf 70' lang='lat' dir='ltr'><strong>sine</strong></span> 
     </span>
    </p>
   </div>
   <div class='ocr_carea' id='block_1_6' title="bbox 376 895 3643 970">
    <p class='ocr_par' dir='ltr' id='par_1_6' title="bbox 376 895 3643 970">
     <span class='ocr_line' id='line_1_6' title="bbox 376 895 3643 970; baseline -0.002 -13"><span class='ocrx_word' id='word_1_46' title='bbox 376 901 678 966; x_wconf 88' lang='lat' dir='ltr'><strong>intellectu,</strong></span> <span class='ocrx_word' id='word_1_47' title='bbox 712 908 819 954; x_wconf 89' lang='lat' dir='ltr'><strong>eta</strong></span> <span class='ocrx_word' id='word_1_48' title='bbox 853 897 1273 970; x_wconf 87' lang='lat' dir='ltr'><strong>superveniente</strong></span> <span class='ocrx_word' id='word_1_49' title='bbox 1334 897 1633 968; x_wconf 88' lang='lat' dir='ltr'><strong>iniquitate</strong></span> <span class='ocrx_word' id='word_1_50' title='bbox 1689 897 2008 968; x_wconf 89' lang='lat' dir='ltr'><strong>corripitur,</strong></span> <span class='ocrx_word' id='word_1_51' title='bbox 2045 898 2191 967; x_wconf 89' lang='lat' dir='ltr'><strong>quod</strong></span> <span class='ocrx_word' id='word_1_52' title='bbox 2235 912 2494 969; x_wconf 79' lang='lat' dir='ltr'><strong>expresse</strong></span> <span class='ocrx_word' id='word_1_53' title='bbox 2545 897 2681 952; x_wconf 85' lang='lat' dir='ltr'><strong>satis</strong></span> <span class='ocrx_word' id='word_1_54' title='bbox 2739 895 3146 968; x_wconf 83' lang='lat' dir='ltr'><strong>intelligendum</strong></span> <span class='ocrx_word' id='word_1_55' title='bbox 3191 895 3338 952; x_wconf 88' lang='lat' dir='ltr'><strong>dedit</strong></span> <span class='ocrx_word' id='word_1_56' title='bbox 3384 896 3643 952; x_wconf 80' lang='lat' dir='ltr'><strong>Christus</strong></span> 
     </span>
    </p>
   </div>
   <div class='ocr_carea' id='block_1_7' title="bbox 380 982 3643 1059">
    <p class='ocr_par' dir='ltr' id='par_1_7' title="bbox 380 982 3643 1059">
     <span class='ocr_line' id='line_1_7' title="bbox 380 982 3643 1059; baseline -0.002 -13"><span class='ocrx_word' id='word_1_57' title='bbox 380 989 611 1053; x_wconf 65' lang='lat' dir='ltr'><strong>Iudaeis,</strong></span> <span class='ocrx_word' id='word_1_58' title='bbox 644 1002 771 1043; x_wconf 89' lang='lat' dir='ltr'><strong>cum</strong></span> <span class='ocrx_word' id='word_1_59' title='bbox 803 988 880 1042; x_wconf 85' lang='lat' dir='ltr'><strong>ait</strong></span> <span class='ocrx_word' id='word_1_60' title='bbox 912 1006 927 1042; x_wconf 90' lang='lat'><strong>:</strong></span> <span class='ocrx_word' id='word_1_61' title='bbox 954 987 1233 1054; x_wconf 77' lang='lat' dir='ltr'><strong>Quomodo</strong></span> <span class='ocrx_word' id='word_1_62' title='bbox 1261 1002 1353 1042; x_wconf 78' lang='lat' dir='ltr'><strong>vos</strong></span> <span class='ocrx_word' id='word_1_63' title='bbox 1400 988 1622 1055; x_wconf 76' lang='lat' dir='ltr'><strong>potestis</strong></span> <span class='ocrx_word' id='word_1_64' title='bbox 1664 985 1897 1049; x_wconf 76' lang='lat' dir='ltr'><strong>credere,</strong></span> <span class='ocrx_word' id='word_1_65' title='bbox 1928 987 2020 1055; x_wconf 82' lang='lat' dir='ltr'><strong>qui</strong></span> <span class='ocrx_word' id='word_1_66' title='bbox 2050 987 2279 1059; x_wconf 76' lang='lat' dir='ltr'><strong>gloriam</strong></span> <span class='ocrx_word' id='word_1_67' title='bbox 2330 1003 2367 1039; x_wconf 81' lang='grc' dir='ltr'><em>α</em></span> <span class='ocrx_word' id='word_1_68' title='bbox 2428 985 2571 1039; x_wconf 80' lang='lat' dir='ltr'><strong>uobis</strong></span> <span class='ocrx_word' id='word_1_69' title='bbox 2629 995 2813 1038; x_wconf 78' lang='lat' dir='ltr'><strong>nrutuo</strong></span> <span class='ocrx_word' id='word_1_70' title='bbox 2867 984 3109 1053; x_wconf 72' lang='lat' dir='ltr'><strong>accipitis</strong></span> <span class='ocrx_word' id='word_1_71' title='bbox 3138 986 3187 1035; x_wconf 73' lang='grc'><strong>⁸.</strong></span> <span class='ocrx_word' id='word_1_72' title='bbox 3253 982 3429 1041; x_wconf 86' lang='lat' dir='ltr'><strong>Porro</strong></span> <span class='ocrx_word' id='word_1_73' title='bbox 3487 993 3643 1041; x_wconf 89' lang='lat' dir='ltr'><strong>tanto</strong></span> 
     </span>
    </p>
   </div>
   <div class='ocr_carea' id='block_1_8' title="bbox 384 1071 3645 1147">
    <p class='ocr_par' dir='ltr' id='par_1_8' title="bbox 384 1071 3645 1147">
     <span class='ocr_line' id='line_1_8' title="bbox 384 1071 3645 1147; baseline -0.002 -14"><span class='ocrx_word' id='word_1_74' title='bbox 384 1079 562 1147; x_wconf 81' lang='lat' dir='ltr'><strong>major</strong></span> <span class='ocrx_word' id='word_1_75' title='bbox 589 1078 643 1131; x_wconf 91' lang='lat' dir='ltr'><strong>in</strong></span> <span class='ocrx_word' id='word_1_76' title='bbox 679 1075 839 1131; x_wconf 86' lang='lat' dir='ltr'><strong>vobis</strong></span> <span class='ocrx_word' id='word_1_77' title='bbox 870 1075 1121 1130; x_wconf 80' lang='lat' dir='ltr'><strong>doctrina</strong></span> <span class='ocrx_word' id='word_1_78' title='bbox 1159 1076 1397 1130; x_wconf 85' lang='lat' dir='ltr'><strong>humana</strong></span> <span class='ocrx_word' id='word_1_79' title='bbox 1457 1074 1781 1143; x_wconf 85' lang='lat' dir='ltr'><strong>requiritur,</strong></span> <span class='ocrx_word' id='word_1_80' title='bbox 1813 1082 2025 1144; x_wconf 86' lang='lat' dir='ltr'><strong>quanto</strong></span> <span class='ocrx_word' id='word_1_81' title='bbox 2064 1075 2285 1144; x_wconf 80' lang='lat' dir='ltr'><strong>longius</strong></span> <span class='ocrx_word' id='word_1_82' title='bbox 2340 1074 2408 1129; x_wconf 85' lang='lat' dir='ltr'><strong>ab</strong></span> <span class='ocrx_word' id='word_1_83' title='bbox 2470 1072 2574 1127; x_wconf 89' lang='lat' dir='ltr'><strong>hac</strong></span> <span class='ocrx_word' id='word_1_84' title='bbox 2636 1071 2907 1129; x_wconf 84' lang='lat' dir='ltr'><strong>munditie</strong></span> <span class='ocrx_word' id='word_1_85' title='bbox 2955 1087 3294 1144; x_wconf 80' lang='lat' dir='ltr'><strong>separamur,</strong></span> <span class='ocrx_word' id='word_1_86' title='bbox 3355 1074 3645 1144; x_wconf 87' lang='lat' dir='ltr'><strong>sanctique</strong></span> 
     </span>
    </p>
   </div>
   <div class='ocr_carea' id='block_1_9' title="bbox 378 1161 3643 1236">
    <p class='ocr_par' dir='ltr' id='par_1_9' title="bbox 378 1161 3643 1236">
     <span class='ocr_line' id='line_1_9' title="bbox 378 1161 3643 1236; baseline 0 -18"><span class='ocrx_word' id='word_1_87' title='bbox 378 1164 532 1220; x_wconf 82' lang='lat' dir='ltr'><strong>illius</strong></span> <span class='ocrx_word' id='word_1_88' title='bbox 590 1163 829 1236; x_wconf 81' lang='lat' dir='ltr'><strong>Spiritus</strong></span> <span class='ocrx_word' id='word_1_89' title='bbox 858 1162 1064 1219; x_wconf 81' lang='lat' dir='ltr'><strong>auxilio</strong></span> <span class='ocrx_word' id='word_1_90' title='bbox 1115 1161 1500 1229; x_wconf 81' lang='lat' dir='ltr'><strong>destituimur,</strong></span> <span class='ocrx_word' id='word_1_91' title='bbox 1533 1162 1627 1233; x_wconf 90' lang='lat' dir='ltr'><strong>qui</strong></span> <span class='ocrx_word' id='word_1_92' title='bbox 1659 1162 1834 1218; x_wconf 85' lang='lat' dir='ltr'><strong>sacris</strong></span> <span class='ocrx_word' id='word_1_93' title='bbox 1862 1161 1991 1216; x_wconf 89' lang='lat' dir='ltr'><strong>olim</strong></span> <span class='ocrx_word' id='word_1_94' title='bbox 2040 1162 2308 1234; x_wconf 85' lang='lat' dir='ltr'><strong>apostolis</strong></span> <span class='ocrx_word' id='word_1_95' title='bbox 2347 1175 2411 1217; x_wconf 87' lang='lat' dir='ltr'><strong>ac</strong></span> <span class='ocrx_word' id='word_1_96' title='bbox 2471 1161 2760 1231; x_wconf 76' lang='lat' dir='ltr'><strong>prophetis</strong></span> <span class='ocrx_word' id='word_1_97' title='bbox 2828 1168 3093 1230; x_wconf 86' lang='lat' dir='ltr'><strong>tanquam</strong></span> <span class='ocrx_word' id='word_1_98' title='bbox 3148 1162 3343 1218; x_wconf 86' lang='lat' dir='ltr'><strong>electis</strong></span> <span class='ocrx_word' id='word_1_99' title='bbox 3399 1162 3518 1219; x_wconf 83' lang='lat' dir='ltr'><strong>suis</strong></span> <span class='ocrx_word' id='word_1_100' title='bbox 3552 1176 3643 1218; x_wconf 86' lang='lat' dir='ltr'><strong>or-</strong></span> 
     </span>
    </p>
   </div>
   <div class='ocr_carea' id='block_1_10' title="bbox 376 1246 3644 1322">
    <p class='ocr_par' dir='ltr' id='par_1_10' title="bbox 376 1246 3644 1322">
     <span class='ocr_line' id='line_1_10' title="bbox 376 1246 3644 1322; baseline -0.001 -16"><span class='ocrx_word' id='word_1_101' title='bbox 376 1253 534 1322; x_wconf 87' lang='lat' dir='ltr'><strong>ganis</strong></span> <span class='ocrx_word' id='word_1_102' title='bbox 598 1251 873 1307; x_wconf 86' lang='lat' dir='ltr'><strong>indivulse</strong></span> <span class='ocrx_word' id='word_1_103' title='bbox 926 1264 1146 1321; x_wconf 79' lang='lat' dir='ltr'><strong>semper</strong></span> <span class='ocrx_word' id='word_1_104' title='bbox 1178 1249 1390 1317; x_wconf 86' lang='lat' dir='ltr'><strong>aderat,</strong></span> <span class='ocrx_word' id='word_1_105' title='bbox 1414 1264 1718 1319; x_wconf 85' lang='lat' dir='ltr'><strong>eorumque</strong></span> <span class='ocrx_word' id='word_1_106' title='bbox 1762 1250 2003 1320; x_wconf 77' lang='lat' dir='ltr'><strong>linguam</strong></span> <span class='ocrx_word' id='word_1_107' title='bbox 2031 1261 2096 1302; x_wconf 85' lang='lat' dir='ltr'><strong>ac</strong></span> <span class='ocrx_word' id='word_1_108' title='bbox 2120 1248 2391 1303; x_wconf 84' lang='lat' dir='ltr'><strong>calamum</strong></span> <span class='ocrx_word' id='word_1_109' title='bbox 2417 1248 2485 1302; x_wconf 84' lang='lat' dir='ltr'><strong>ad</strong></span> <span class='ocrx_word' id='word_1_110' title='bbox 2508 1247 2690 1302; x_wconf 82' lang='lat' dir='ltr'><strong>omnia</strong></span> <span class='ocrx_word' id='word_1_111' title='bbox 2718 1246 3011 1318; x_wconf 84' lang='lat' dir='ltr'><strong>dirigebat,</strong></span> <span class='ocrx_word' id='word_1_112' title='bbox 3056 1246 3214 1318; x_wconf 72' lang='lat' dir='ltr'><strong>juxta</strong></span> <span class='ocrx_word' id='word_1_113' title='bbox 3267 1246 3400 1303; x_wconf 78' lang='lat' dir='ltr'><strong>illud</strong></span> <span class='ocrx_word' id='word_1_114' title='bbox 3438 1247 3644 1304; x_wconf 84' lang='lat' dir='ltr'><strong>Christi</strong></span> 
     </span>
    </p>
   </div>
   <div class='ocr_carea' id='block_1_11' title="bbox 380 1338 2242 1411">
    <p class='ocr_par' dir='ltr' id='par_1_11' title="bbox 380 1338 2242 1411">
     <span class='ocr_line' id='line_1_11' title="bbox 380 1338 2242 1411; baseline -0.003 -15"><span class='ocrx_word' id='word_1_115' title='bbox 380 1341 711 1411; x_wconf 84' lang='lat' dir='ltr'><strong>promissum</strong></span> <span class='ocrx_word' id='word_1_116' title='bbox 751 1359 767 1395; x_wconf 90' lang='lat'><strong>:</strong></span> <span class='ocrx_word' id='word_1_117' title='bbox 806 1339 1044 1404; x_wconf 75' lang='lat' dir='ltr'><strong>Spiritus</strong></span> <span class='ocrx_word' id='word_1_118' title='bbox 1069 1338 1308 1394; x_wconf 80' lang='lat' dir='ltr'><strong>veritatis</strong></span> <span class='ocrx_word' id='word_1_119' title='bbox 1338 1340 1488 1393; x_wconf 80' lang='lat' dir='ltr'><strong>ducet</strong></span> <span class='ocrx_word' id='word_1_120' title='bbox 1512 1354 1600 1394; x_wconf 79' lang='lat' dir='ltr'><strong>vos</strong></span> <span class='ocrx_word' id='word_1_121' title='bbox 1624 1338 1686 1391; x_wconf 74' lang='lat' dir='ltr'><strong>in</strong></span> <span class='ocrx_word' id='word_1_122' title='bbox 1716 1353 1920 1392; x_wconf 80' lang='lat' dir='ltr'><strong>onmem</strong></span> <span class='ocrx_word' id='word_1_123' title='bbox 1948 1338 2242 1392; x_wconf 78' lang='lat' dir='ltr'><strong>veritatem.</strong></span> 
     </span>
    </p>
   </div>
   <div class='ocr_carea' id='block_1_12' title="bbox 455 1421 3648 1499">
    <p class='ocr_par' dir='ltr' id='par_1_12' title="bbox 455 1421 3648 1499">
     <span class='ocr_line' id='line_1_12' title="bbox 455 1421 3648 1499; baseline -0.001 -16"><span class='ocrx_word' id='word_1_124' title='bbox 455 1428 585 1484; x_wconf 79' lang='lat' dir='ltr'><strong>llaec</strong></span> <span class='ocrx_word' id='word_1_125' title='bbox 614 1428 823 1484; x_wconf 90' lang='lat' dir='ltr'><strong>idcirco</strong></span> <span class='ocrx_word' id='word_1_126' title='bbox 855 1428 1114 1493; x_wconf 75' lang='lat' dir='ltr'><strong>dixerim,</strong></span> <span class='ocrx_word' id='word_1_127' title='bbox 1161 1427 1309 1499; x_wconf 87' lang='lat' dir='ltr'><strong>quod</strong></span> <span class='ocrx_word' id='word_1_128' title='bbox 1359 1436 1487 1483; x_wconf 88' lang='lat' dir='ltr'><strong>ante</strong></span> <span class='ocrx_word' id='word_1_129' title='bbox 1516 1426 1727 1498; x_wconf 84' lang='lat' dir='ltr'><strong>aliquot</strong></span> <span class='ocrx_word' id='word_1_130' title='bbox 1761 1441 1936 1483; x_wconf 89' lang='lat' dir='ltr'><strong>annos</strong></span> <span class='ocrx_word' id='word_1_131' title='bbox 1971 1425 2165 1479; x_wconf 84' lang='lat' dir='ltr'><strong>videns</strong></span> <span class='ocrx_word' id='word_1_132' title='bbox 2182 1424 2626 1482; x_wconf 76' lang='lat' dir='ltr'><strong>communicatos</strong></span> <span class='ocrx_word' id='word_1_133' title='bbox 2660 1437 2785 1481; x_wconf 82' lang='lat' dir='ltr'><strong>esse</strong></span> <span class='ocrx_word' id='word_1_134' title='bbox 2801 1423 3020 1480; x_wconf 79' lang='lat' dir='ltr'><strong>nobisa</strong></span> <span class='ocrx_word' id='word_1_135' title='bbox 3068 1421 3281 1481; x_wconf 79' lang='lat' dir='ltr'><strong>Graecis</strong></span> <span class='ocrx_word' id='word_1_136' title='bbox 3303 1437 3495 1481; x_wconf 75' lang='lat' dir='ltr'><strong>sacros</strong></span> <span class='ocrx_word' id='word_1_137' title='bbox 3546 1424 3648 1479; x_wconf 89' lang='lat' dir='ltr'><strong>bos</strong></span> 
     </span>
    </p>
   </div>
   <div class='ocr_carea' id='block_1_13' title="bbox 379 1512 3648 1589">
    <p class='ocr_par' dir='ltr' id='par_1_13' title="bbox 379 1512 3648 1589">
     <span class='ocr_line' id='line_1_13' title="bbox 379 1512 3648 1589; baseline -0.001 -17"><span class='ocrx_word' id='word_1_138' title='bbox 379 1533 445 1573; x_wconf 87' lang='lat' dir='ltr'><strong>ac</strong></span> <span class='ocrx_word' id='word_1_139' title='bbox 469 1516 806 1574; x_wconf 89' lang='lat' dir='ltr'><strong>utilissimos</strong></span> <span class='ocrx_word' id='word_1_140' title='bbox 837 1516 1306 1580; x_wconf 88' lang='lat' dir='ltr'><strong>commentarios,</strong></span> <span class='ocrx_word' id='word_1_141' title='bbox 1354 1515 1653 1589; x_wconf 70' lang='lat' dir='ltr'><strong>plurumum</strong></span> <span class='ocrx_word' id='word_1_142' title='bbox 1691 1513 2005 1570; x_wconf 86' lang='lat' dir='ltr'><strong>demirabar</strong></span> <span class='ocrx_word' id='word_1_143' title='bbox 2038 1514 2315 1570; x_wconf 86' lang='lat' dir='ltr'><strong>neminem</strong></span> <span class='ocrx_word' id='word_1_144' title='bbox 2342 1513 2487 1570; x_wconf 86' lang='lat' dir='ltr'><strong>inter</strong></span> <span class='ocrx_word' id='word_1_145' title='bbox 2518 1521 2604 1569; x_wconf 89' lang='lat' dir='ltr'><strong>tot</strong></span> <span class='ocrx_word' id='word_1_146' title='bbox 2647 1512 2895 1569; x_wconf 75' lang='lat' dir='ltr'><strong>virorum</strong></span> <span class='ocrx_word' id='word_1_147' title='bbox 2948 1513 3399 1575; x_wconf 84' lang='lat' dir='ltr'><strong>doctissimorum</strong></span> <span class='ocrx_word' id='word_1_148' title='bbox 3428 1515 3648 1585; x_wconf 75' lang='lat' dir='ltr'><strong>agmina</strong></span> 
     </span>
    </p>
   </div>
   <div class='ocr_carea' id='block_1_14' title="bbox 387 1586 3648 1676">
    <p class='ocr_par' dir='ltr' id='par_1_14' title="bbox 387 1586 3648 1676">
     <span class='ocr_line' id='line_1_14' title="bbox 387 1586 3648 1676; baseline -0.002 -15"><span class='ocrx_word' id='word_1_149' title='bbox 387 1606 538 1662; x_wconf 88' lang='lat' dir='ltr'><strong>hanc</strong></span> <span class='ocrx_word' id='word_1_150' title='bbox 576 1606 684 1662; x_wconf 85' lang='lat' dir='ltr'><strong>sibi</strong></span> <span class='ocrx_word' id='word_1_151' title='bbox 722 1603 1063 1676; x_wconf 81' lang='lat' dir='ltr'><strong>provinciam</strong></span> <span class='ocrx_word' id='word_1_152' title='bbox 1112 1586 1420 1674; x_wconf 81' lang='lat' dir='ltr'><strong>suscipere,</strong></span> <span class='ocrx_word' id='word_1_153' title='bbox 1452 1586 1520 1659; x_wconf 37' lang='lat' dir='ltr'><strong>ut.</strong></span> <span class='ocrx_word' id='word_1_154' title='bbox 1536 1602 1621 1658; x_wconf 89' lang='lat' dir='ltr'><strong>vel</strong></span> <span class='ocrx_word' id='word_1_155' title='bbox 1652 1602 1966 1659; x_wconf 86' lang='lat' dir='ltr'><strong>communis</strong></span> <span class='ocrx_word' id='word_1_156' title='bbox 2000 1599 2351 1671; x_wconf 80' lang='lat' dir='ltr'><strong>potissimum</strong></span> <span class='ocrx_word' id='word_1_157' title='bbox 2380 1594 2635 1659; x_wconf 79' lang='lat' dir='ltr'><strong>utilitatis</strong></span> <span class='ocrx_word' id='word_1_158' title='bbox 2666 1599 2894 1667; x_wconf 71' lang='lat' dir='ltr'><strong>intuitu,</strong></span> <span class='ocrx_word' id='word_1_159' title='bbox 2919 1601 3008 1656; x_wconf 83' lang='lat' dir='ltr'><strong>vel</strong></span> <span class='ocrx_word' id='word_1_160' title='bbox 3034 1600 3312 1658; x_wconf 76' lang='lat' dir='ltr'><strong>mercedis</strong></span> <span class='ocrx_word' id='word_1_161' title='bbox 3342 1616 3373 1655; x_wconf 89' lang='lat' dir='ltr'><strong>a</strong></span> <span class='ocrx_word' id='word_1_162' title='bbox 3414 1601 3648 1658; x_wconf 85' lang='lat' dir='ltr'><strong>Domino</strong></span> 
     </span>
    </p>
   </div>
   <div class='ocr_carea' id='block_1_15' title="bbox 378 1687 3649 1765">
    <p class='ocr_par' dir='ltr' id='par_1_15' title="bbox 378 1687 3649 1765">
     <span class='ocr_line' id='line_1_15' title="bbox 378 1687 3649 1765; baseline -0.001 -17"><span class='ocrx_word' id='word_1_163' title='bbox 378 1692 764 1765; x_wconf 77' lang='lat' dir='ltr'><strong>exspectandae</strong></span> <span class='ocrx_word' id='word_1_164' title='bbox 796 1692 994 1763; x_wconf 85' lang='lat' dir='ltr'><strong>gratia,</strong></span> <span class='ocrx_word' id='word_1_165' title='bbox 1044 1699 1140 1748; x_wconf 90' lang='lat' dir='ltr'><strong>aut</strong></span> <span class='ocrx_word' id='word_1_166' title='bbox 1169 1691 1217 1746; x_wconf 89' lang='lat' dir='ltr'><strong>si</strong></span> <span class='ocrx_word' id='word_1_167' title='bbox 1246 1704 1358 1747; x_wconf 91' lang='lat' dir='ltr'><strong>non</strong></span> <span class='ocrx_word' id='word_1_168' title='bbox 1388 1690 1462 1747; x_wconf 92' lang='lat' dir='ltr'><strong>ob</strong></span> <span class='ocrx_word' id='word_1_169' title='bbox 1494 1688 1668 1753; x_wconf 88' lang='lat' dir='ltr'><strong>aliud,</strong></span> <span class='ocrx_word' id='word_1_170' title='bbox 1709 1696 1860 1746; x_wconf 87' lang='lat' dir='ltr'><strong>certe</strong></span> <span class='ocrx_word' id='word_1_171' title='bbox 1895 1700 1981 1754; x_wconf 70' lang='lat' dir='ltr'><strong>vel</strong></span> <span class='ocrx_word' id='word_1_172' title='bbox 2038 1689 2124 1744; x_wconf 90' lang='lat' dir='ltr'><strong>sui</strong></span> <span class='ocrx_word' id='word_1_173' title='bbox 2155 1687 2397 1747; x_wconf 90' lang='lat' dir='ltr'><strong>nominis</strong></span> <span class='ocrx_word' id='word_1_174' title='bbox 2430 1687 2575 1761; x_wconf 82' lang='lat' dir='ltr'><strong>apud</strong></span> <span class='ocrx_word' id='word_1_175' title='bbox 2606 1688 2869 1748; x_wconf 80' lang='lat' dir='ltr'><strong>mortales</strong></span> <span class='ocrx_word' id='word_1_176' title='bbox 2922 1689 3304 1751; x_wconf 84' lang='lat' dir='ltr'><strong>celebritatem</strong></span> <span class='ocrx_word' id='word_1_177' title='bbox 3371 1704 3649 1761; x_wconf 65' lang='lat' dir='ltr'><strong>quarens,</strong></span> 
     </span>
    </p>
   </div>
   <div class='ocr_carea' id='block_1_16' title="bbox 379 1773 3646 1851">
    <p class='ocr_par' dir='ltr' id='par_1_16' title="bbox 379 1773 3646 1851">
     <span class='ocr_line' id='line_1_16' title="bbox 379 1773 3646 1851; baseline -0.001 -14"><span class='ocrx_word' id='word_1_178' title='bbox 379 1796 501 1851; x_wconf 80' lang='lat' dir='ltr'><strong>quae</strong></span> <span class='ocrx_word' id='word_1_179' title='bbox 548 1784 605 1836; x_wconf 90' lang='lat' dir='ltr'><strong>in</strong></span> <span class='ocrx_word' id='word_1_180' title='bbox 641 1781 747 1835; x_wconf 90' lang='lat' dir='ltr'><strong>hoc</strong></span> <span class='ocrx_word' id='word_1_181' title='bbox 778 1778 1060 1836; x_wconf 87' lang='lat' dir='ltr'><strong>videbatur</strong></span> <span class='ocrx_word' id='word_1_182' title='bbox 1090 1794 1215 1836; x_wconf 89' lang='lat' dir='ltr'><strong>esse</strong></span> <span class='ocrx_word' id='word_1_183' title='bbox 1243 1778 1503 1844; x_wconf 80' lang='lat' dir='ltr'><strong>maxima,</strong></span> <span class='ocrx_word' id='word_1_184' title='bbox 1530 1777 1757 1835; x_wconf 85' lang='lat' dir='ltr'><strong>Latinos</strong></span> <span class='ocrx_word' id='word_1_185' title='bbox 1791 1774 1955 1832; x_wconf 84' lang='lat' dir='ltr'><strong>nobis</strong></span> <span class='ocrx_word' id='word_1_186' title='bbox 1981 1776 2132 1847; x_wconf 86' lang='lat' dir='ltr'><strong>ipsos</strong></span> <span class='ocrx_word' id='word_1_187' title='bbox 2159 1775 2430 1833; x_wconf 83' lang='lat' dir='ltr'><strong>redderet.</strong></span> <span class='ocrx_word' id='word_1_188' title='bbox 2456 1773 2657 1837; x_wconf 78' lang='lat' dir='ltr'><strong>Verum</strong></span> <span class='ocrx_word' id='word_1_189' title='bbox 2683 1775 2903 1835; x_wconf 80' lang='lat' dir='ltr'><strong>tandem</strong></span> <span class='ocrx_word' id='word_1_190' title='bbox 2934 1775 3004 1834; x_wconf 82' lang='lat' dir='ltr'><strong>ad</strong></span> <span class='ocrx_word' id='word_1_191' title='bbox 3032 1791 3119 1833; x_wconf 90' lang='lat' dir='ltr'><strong>me</strong></span> <span class='ocrx_word' id='word_1_192' title='bbox 3143 1776 3389 1841; x_wconf 75' lang='lat' dir='ltr'><strong>rediens,</strong></span> <span class='ocrx_word' id='word_1_193' title='bbox 3427 1778 3508 1834; x_wconf 72' lang='lat' dir='ltr'><strong>rei</strong></span> <span class='ocrx_word' id='word_1_194' title='bbox 3543 1778 3646 1833; x_wconf 84' lang='lat' dir='ltr'><strong>dif-</strong></span> 
     </span>
    </p>
   </div>
   <div class='ocr_carea' id='block_1_17' title="bbox 384 1853 3651 1937">
    <p class='ocr_par' dir='ltr' id='par_1_17' title="bbox 384 1853 3651 1937">
     <span class='ocr_line' id='line_1_17' title="bbox 384 1853 3651 1937; baseline -0 -15"><span class='ocrx_word' id='word_1_195' title='bbox 384 1869 678 1922; x_wconf 84' lang='lat' dir='ltr'><strong>ficultatem</strong></span> <span class='ocrx_word' id='word_1_196' title='bbox 712 1866 767 1923; x_wconf 89' lang='lat' dir='ltr'><strong>in</strong></span> <span class='ocrx_word' id='word_1_197' title='bbox 799 1880 969 1922; x_wconf 89' lang='lat' dir='ltr'><strong>causa</strong></span> <span class='ocrx_word' id='word_1_198' title='bbox 993 1880 1117 1923; x_wconf 86' lang='lat' dir='ltr'><strong>esse</strong></span> <span class='ocrx_word' id='word_1_199' title='bbox 1148 1865 1410 1937; x_wconf 76' lang='lat' dir='ltr'><strong>cognovi,</strong></span> <span class='ocrx_word' id='word_1_200' title='bbox 1445 1879 1570 1937; x_wconf 71' lang='lat' dir='ltr'><strong>qua:</strong></span> <span class='ocrx_word' id='word_1_201' title='bbox 1618 1864 1865 1932; x_wconf 87' lang='lat' dir='ltr'><strong>singulos</strong></span> <span class='ocrx_word' id='word_1_202' title='bbox 1886 1864 1924 1916; x_wconf 89' lang='lat' dir='ltr'><strong>&#39;a</strong></span> <span class='ocrx_word' id='word_1_203' title='bbox 1960 1862 2342 1919; x_wconf 84' lang='lat' dir='ltr'><strong>laudatissimo</strong></span> <span class='ocrx_word' id='word_1_204' title='bbox 2364 1876 2531 1933; x_wconf 86' lang='lat' dir='ltr'><strong>opere</strong></span> <span class='ocrx_word' id='word_1_205' title='bbox 2558 1863 2865 1923; x_wconf 78' lang='lat' dir='ltr'><strong>retraheret</strong></span> <span class='ocrx_word' id='word_1_206' title='bbox 2896 1882 2911 1920; x_wconf 88' lang='lat'><strong>:</strong></span> <span class='ocrx_word' id='word_1_207' title='bbox 2948 1853 3037 1923; x_wconf 73' lang='lat' dir='ltr'><strong>cui</strong></span> <span class='ocrx_word' id='word_1_208' title='bbox 3083 1872 3180 1923; x_wconf 75' lang='lat' dir='ltr'><strong>aut</strong></span> <span class='ocrx_word' id='word_1_209' title='bbox 3234 1880 3296 1923; x_wconf 86' lang='lat' dir='ltr'><strong>se</strong></span> <span class='ocrx_word' id='word_1_210' title='bbox 3342 1880 3505 1937; x_wconf 89' lang='lat' dir='ltr'><strong>pares</strong></span> <span class='ocrx_word' id='word_1_211' title='bbox 3526 1881 3651 1922; x_wconf 77' lang='lat' dir='ltr'><strong>esse</strong></span> 
     </span>
    </p>
   </div>
   <div class='ocr_carea' id='block_1_18' title="bbox 382 1953 3652 2031">
    <p class='ocr_par' dir='ltr' id='par_1_18' title="bbox 382 1953 3652 2031">
     <span class='ocr_line' id='line_1_18' title="bbox 382 1953 3652 2031; baseline 0 -17"><span class='ocrx_word' id='word_1_212' title='bbox 382 1959 711 2026; x_wconf 71' lang='lat' dir='ltr'><strong>diuiderent,</strong></span> <span class='ocrx_word' id='word_1_213' title='bbox 771 1968 866 2019; x_wconf 87' lang='lat' dir='ltr'><strong>aut</strong></span> <span class='ocrx_word' id='word_1_214' title='bbox 918 1959 1138 2014; x_wconf 90' lang='lat' dir='ltr'><strong>labores</strong></span> <span class='ocrx_word' id='word_1_215' title='bbox 1188 1957 1311 2030; x_wconf 87' lang='lat' dir='ltr'><strong>plus</strong></span> <span class='ocrx_word' id='word_1_216' title='bbox 1357 1972 1522 2030; x_wconf 87' lang='lat' dir='ltr'><strong>quam</strong></span> <span class='ocrx_word' id='word_1_217' title='bbox 1558 1956 1860 2013; x_wconf 83' lang='lat' dir='ltr'><strong>Herculeos</strong></span> <span class='ocrx_word' id='word_1_218' title='bbox 1920 1953 2234 2026; x_wconf 78' lang='lat' dir='ltr'><strong>fugitantes,</strong></span> <span class='ocrx_word' id='word_1_219' title='bbox 2296 1970 2428 2013; x_wconf 88' lang='lat' dir='ltr'><strong>suos</strong></span> <span class='ocrx_word' id='word_1_220' title='bbox 2470 1970 2781 2027; x_wconf 84' lang='lat' dir='ltr'><strong>supponere</strong></span> <span class='ocrx_word' id='word_1_221' title='bbox 2830 1958 3093 2014; x_wconf 84' lang='lat' dir='ltr'><strong>humeros</strong></span> <span class='ocrx_word' id='word_1_222' title='bbox 3141 1968 3489 2027; x_wconf 80' lang='lat' dir='ltr'><strong>recusarent,</strong></span> <span class='ocrx_word' id='word_1_223' title='bbox 3534 1960 3652 2031; x_wconf 82' lang='lat' dir='ltr'><strong>pla-</strong></span> 
     </span>
    </p>
   </div>
   <div class='ocr_carea' id='block_1_19' title="bbox 379 2042 3652 2119">
    <p class='ocr_par' dir='ltr' id='par_1_19' title="bbox 379 2042 3652 2119">
     <span class='ocr_line' id='line_1_19' title="bbox 379 2042 3652 2119; baseline 0 -16"><span class='ocrx_word' id='word_1_224' title='bbox 379 2050 558 2104; x_wconf 78' lang='lat' dir='ltr'><strong>cidam</strong></span> <span class='ocrx_word' id='word_1_225' title='bbox 595 2049 837 2119; x_wconf 86' lang='lat' dir='ltr'><strong>quietem</strong></span> <span class='ocrx_word' id='word_1_226' title='bbox 895 2061 960 2103; x_wconf 89' lang='lat' dir='ltr'><strong>ac</strong></span> <span class='ocrx_word' id='word_1_227' title='bbox 1008 2048 1184 2101; x_wconf 89' lang='lat' dir='ltr'><strong>otium</strong></span> <span class='ocrx_word' id='word_1_228' title='bbox 1212 2045 1434 2116; x_wconf 85' lang='lat' dir='ltr'><strong>negotio</strong></span> <span class='ocrx_word' id='word_1_229' title='bbox 1486 2045 1633 2101; x_wconf 87' lang='lat' dir='ltr'><strong>ultro</strong></span> <span class='ocrx_word' id='word_1_230' title='bbox 1664 2052 1921 2116; x_wconf 87' lang='lat' dir='ltr'><strong>suscepto</strong></span> <span class='ocrx_word' id='word_1_231' title='bbox 1950 2051 2353 2115; x_wconf 64' lang='lat' dir='ltr'><strong>praeponentes.</strong></span> <span class='ocrx_word' id='word_1_232' title='bbox 2420 2042 2535 2115; x_wconf 80' lang='lat' dir='ltr'><strong>Ego</strong></span> <span class='ocrx_word' id='word_1_233' title='bbox 2566 2058 3057 2116; x_wconf 82' lang='lat' dir='ltr'><strong>vero,qua.nquam</strong></span> <span class='ocrx_word' id='word_1_234' title='bbox 3106 2061 3192 2101; x_wconf 90' lang='lat' dir='ltr'><strong>me</strong></span> <span class='ocrx_word' id='word_1_235' title='bbox 3241 2045 3327 2101; x_wconf 80' lang='lat' dir='ltr'><strong>his</strong></span> <span class='ocrx_word' id='word_1_236' title='bbox 3377 2047 3539 2119; x_wconf 79' lang='lat' dir='ltr'><strong>longe</strong></span> <span class='ocrx_word' id='word_1_237' title='bbox 3567 2050 3652 2104; x_wconf 86' lang='lat' dir='ltr'><strong>in-</strong></span> 
     </span>
    </p>
   </div>
   <div class='ocr_carea' id='block_1_20' title="bbox 382 2132 3643 2208">
    <p class='ocr_par' dir='ltr' id='par_1_20' title="bbox 382 2132 3643 2208">
     <span class='ocr_line' id='line_1_20' title="bbox 382 2132 3643 2208; baseline 0.001 -18"><span class='ocrx_word' id='word_1_238' title='bbox 382 2137 638 2193; x_wconf 86' lang='lat' dir='ltr'><strong>feriorem</strong></span> <span class='ocrx_word' id='word_1_239' title='bbox 675 2152 797 2193; x_wconf 85' lang='lat' dir='ltr'><strong>esse</strong></span> <span class='ocrx_word' id='word_1_240' title='bbox 844 2136 1251 2207; x_wconf 87' lang='lat' dir='ltr'><strong>perspicerem,</strong></span> <span class='ocrx_word' id='word_1_241' title='bbox 1285 2135 1628 2208; x_wconf 78' lang='lat' dir='ltr'><strong>ingenioque</strong></span> <span class='ocrx_word' id='word_1_242' title='bbox 1653 2149 1717 2189; x_wconf 91' lang='lat' dir='ltr'><strong>ac</strong></span> <span class='ocrx_word' id='word_1_243' title='bbox 1759 2132 2074 2189; x_wconf 89' lang='lat' dir='ltr'><strong>eruditione</strong></span> <span class='ocrx_word' id='word_1_244' title='bbox 2130 2147 2325 2203; x_wconf 86' lang='lat' dir='ltr'><strong>parum</strong></span> <span class='ocrx_word' id='word_1_245' title='bbox 2380 2132 2675 2193; x_wconf 84' lang='lat' dir='ltr'><strong>admodum</strong></span> <span class='ocrx_word' id='word_1_246' title='bbox 2725 2149 2890 2205; x_wconf 89' lang='lat' dir='ltr'><strong>posse</strong></span> <span class='ocrx_word' id='word_1_247' title='bbox 2942 2142 3203 2204; x_wconf 66' lang='lat' dir='ltr'><strong>praestare</strong></span> <span class='ocrx_word' id='word_1_248' title='bbox 3259 2136 3592 2197; x_wconf 83' lang='lat' dir='ltr'><strong>conﬁderem</strong></span> <span class='ocrx_word' id='word_1_249' title='bbox 3630 2157 3643 2192; x_wconf 90' lang='lat'><strong>:</strong></span> 
     </span>
    </p>
   </div>
   <div class='ocr_carea' id='block_1_21' title="bbox 377 2221 3647 2298">
    <p class='ocr_par' dir='ltr' id='par_1_21' title="bbox 377 2221 3647 2298">
     <span class='ocr_line' id='line_1_21' title="bbox 377 2221 3647 2298; baseline -0 -15"><span class='ocrx_word' id='word_1_250' title='bbox 377 2226 572 2283; x_wconf 86' lang='lat' dir='ltr'><strong>dolens</strong></span> <span class='ocrx_word' id='word_1_251' title='bbox 602 2236 781 2282; x_wconf 88' lang='lat' dir='ltr'><strong>tamen</strong></span> <span class='ocrx_word' id='word_1_252' title='bbox 831 2226 1074 2281; x_wconf 87' lang='lat' dir='ltr'><strong>maximo</strong></span> <span class='ocrx_word' id='word_1_253' title='bbox 1100 2225 1206 2280; x_wconf 88' lang='lat' dir='ltr'><strong>hoc</strong></span> <span class='ocrx_word' id='word_1_254' title='bbox 1244 2224 1426 2281; x_wconf 88' lang='lat' dir='ltr'><strong>fructu</strong></span> <span class='ocrx_word' id='word_1_255' title='bbox 1458 2231 1538 2289; x_wconf 87' lang='lat' dir='ltr'><strong>tot</strong></span> <span class='ocrx_word' id='word_1_256' title='bbox 1585 2224 1748 2280; x_wconf 87' lang='lat' dir='ltr'><strong>annis</strong></span> <span class='ocrx_word' id='word_1_257' title='bbox 1772 2222 1999 2279; x_wconf 84' lang='lat' dir='ltr'><strong>Latinos</strong></span> <span class='ocrx_word' id='word_1_258' title='bbox 2029 2221 2306 2279; x_wconf 86' lang='lat' dir='ltr'><strong>immerito</strong></span> <span class='ocrx_word' id='word_1_259' title='bbox 2339 2221 2581 2277; x_wconf 86' lang='lat' dir='ltr'><strong>fraudari</strong></span> <span class='ocrx_word' id='word_1_260' title='bbox 2615 2239 2629 2276; x_wconf 88' lang='lat'><strong>:</strong></span> <span class='ocrx_word' id='word_1_261' title='bbox 2661 2222 2957 2281; x_wconf 85' lang='lat' dir='ltr'><strong>multorum</strong></span> <span class='ocrx_word' id='word_1_262' title='bbox 2984 2239 3206 2294; x_wconf 83' lang='lat' dir='ltr'><strong>quoque</strong></span> <span class='ocrx_word' id='word_1_263' title='bbox 3251 2225 3498 2294; x_wconf 79' lang='lat' dir='ltr'><strong>pulsatus</strong></span> <span class='ocrx_word' id='word_1_264' title='bbox 3518 2242 3647 2298; x_wconf 76' lang='lat' dir='ltr'><strong>pre-</strong></span> 
     </span>
    </p>
   </div>
   <div class='ocr_carea' id='block_1_22' title="bbox 381 2309 3647 2385">
    <p class='ocr_par' dir='ltr' id='par_1_22' title="bbox 381 2309 3647 2385">
     <span class='ocr_line' id='line_1_22' title="bbox 381 2309 3647 2385; baseline 0.002 -16"><span class='ocrx_word' id='word_1_265' title='bbox 381 2315 567 2380; x_wconf 86' lang='lat' dir='ltr'><strong>cibus,</strong></span> <span class='ocrx_word' id='word_1_266' title='bbox 623 2314 831 2385; x_wconf 89' lang='lat' dir='ltr'><strong>quibus</strong></span> <span class='ocrx_word' id='word_1_267' title='bbox 887 2314 1165 2368; x_wconf 88' lang='lat' dir='ltr'><strong>obsistere</strong></span> <span class='ocrx_word' id='word_1_268' title='bbox 1181 2313 1520 2385; x_wconf 82' lang='lat' dir='ltr'><strong>impudentis</strong></span> <span class='ocrx_word' id='word_1_269' title='bbox 1553 2311 1739 2384; x_wconf 85' lang='lat' dir='ltr'><strong>potius</strong></span> <span class='ocrx_word' id='word_1_270' title='bbox 1768 2309 1966 2365; x_wconf 83' lang='lat' dir='ltr'><strong>fuisset</strong></span> <span class='ocrx_word' id='word_1_271' title='bbox 1993 2324 2156 2381; x_wconf 87' lang='lat' dir='ltr'><strong>quam</strong></span> <span class='ocrx_word' id='word_1_272' title='bbox 2182 2310 2505 2374; x_wconf 84' lang='lat' dir='ltr'><strong>verecundi,</strong></span> <span class='ocrx_word' id='word_1_273' title='bbox 2534 2311 2836 2370; x_wconf 86' lang='lat' dir='ltr'><strong>immensos</strong></span> <span class='ocrx_word' id='word_1_274' title='bbox 2896 2328 3031 2369; x_wconf 82' lang='lat' dir='ltr'><strong>sane</strong></span> <span class='ocrx_word' id='word_1_275' title='bbox 3063 2314 3118 2370; x_wconf 91' lang='lat' dir='ltr'><strong>in</strong></span> <span class='ocrx_word' id='word_1_276' title='bbox 3151 2316 3256 2371; x_wconf 90' lang='lat' dir='ltr'><strong>hoc</strong></span> <span class='ocrx_word' id='word_1_277' title='bbox 3288 2317 3430 2372; x_wconf 86' lang='lat' dir='ltr'><strong>subii</strong></span> <span class='ocrx_word' id='word_1_278' title='bbox 3494 2318 3647 2375; x_wconf 78' lang='lat' dir='ltr'><strong>labo-</strong></span> 
     </span>
    </p>
   </div>
   <div class='ocr_carea' id='block_1_23' title="bbox 380 2397 3699 2474">
    <p class='ocr_par' dir='ltr' id='par_1_23' title="bbox 380 2397 3699 2474">
     <span class='ocr_line' id='line_1_23' title="bbox 380 2397 3699 2474; baseline 0.001 -14"><span class='ocrx_word' id='word_1_279' title='bbox 380 2418 469 2460; x_wconf 88' lang='lat' dir='ltr'><strong>res</strong></span> <span class='ocrx_word' id='word_1_280' title='bbox 508 2420 524 2458; x_wconf 92' lang='lat'><strong>:</strong></span> <span class='ocrx_word' id='word_1_281' title='bbox 560 2418 670 2474; x_wconf 90' lang='lat' dir='ltr'><strong>quo</strong></span> <span class='ocrx_word' id='word_1_282' title='bbox 698 2402 781 2457; x_wconf 86' lang='lat' dir='ltr'><strong>vel</strong></span> <span class='ocrx_word' id='word_1_283' title='bbox 815 2402 1179 2458; x_wconf 89' lang='lat' dir='ltr'><strong>eruditiorum</strong></span> <span class='ocrx_word' id='word_1_284' title='bbox 1207 2403 1423 2457; x_wconf 88' lang='lat' dir='ltr'><strong>animos</strong></span> <span class='ocrx_word' id='word_1_285' title='bbox 1449 2414 1808 2471; x_wconf 77' lang='lat' dir='ltr'><strong>provocarent</strong></span> <span class='ocrx_word' id='word_1_286' title='bbox 1842 2415 1906 2453; x_wconf 81' lang='lat' dir='ltr'><strong>ac</strong></span> <span class='ocrx_word' id='word_1_287' title='bbox 1940 2397 2241 2464; x_wconf 84' lang='lat' dir='ltr'><strong>irritarem,</strong></span> <span class='ocrx_word' id='word_1_288' title='bbox 2307 2407 2369 2454; x_wconf 88' lang='lat' dir='ltr'><strong>ut</strong></span> <span class='ocrx_word' id='word_1_289' title='bbox 2417 2397 2502 2455; x_wconf 85' lang='lat' dir='ltr'><strong>vel</strong></span> <span class='ocrx_word' id='word_1_290' title='bbox 2555 2400 2636 2456; x_wconf 89' lang='lat' dir='ltr'><strong>sic</strong></span> <span class='ocrx_word' id='word_1_291' title='bbox 2668 2400 3029 2465; x_wconf 80' lang='lat' dir='ltr'><strong>exstimulali,</strong></span> <span class='ocrx_word' id='word_1_292' title='bbox 3080 2403 3231 2473; x_wconf 78' lang='lat' dir='ltr'><strong>omni</strong></span> <span class='ocrx_word' id='word_1_293' title='bbox 3289 2405 3479 2474; x_wconf 85' lang='lat' dir='ltr'><strong>procul</strong></span> <span class='ocrx_word' id='word_1_294' title='bbox 3533 2408 3647 2462; x_wconf 86' lang='lat' dir='ltr'><strong>otio</strong></span> <span class='ocrx_word' id='word_1_295' title='bbox 3694 2454 3699 2461; x_wconf 93' lang='lat'><strong>.</strong></span> 
     </span>
    </p>
   </div>
   <div class='ocr_carea' id='block_1_24' title="bbox 378 2487 3643 2562">
    <p class='ocr_par' dir='ltr' id='par_1_24' title="bbox 378 2487 3643 2562">
     <span class='ocr_line' id='line_1_24' title="bbox 378 2487 3643 2562; baseline -0 -16"><span class='ocrx_word' id='word_1_296' title='bbox 378 2492 611 2562; x_wconf 71' lang='lat' dir='ltr'><strong>reiecto,</strong></span> <span class='ocrx_word' id='word_1_297' title='bbox 664 2500 758 2545; x_wconf 88' lang='lat' dir='ltr'><strong>aut</strong></span> <span class='ocrx_word' id='word_1_298' title='bbox 796 2492 959 2547; x_wconf 91' lang='lat' dir='ltr'><strong>etiam</strong></span> <span class='ocrx_word' id='word_1_299' title='bbox 1011 2490 1232 2562; x_wconf 88' lang='lat' dir='ltr'><strong>privato</strong></span> <span class='ocrx_word' id='word_1_300' title='bbox 1271 2491 1492 2562; x_wconf 87' lang='lat' dir='ltr'><strong>negotio</strong></span> <span class='ocrx_word' id='word_1_301' title='bbox 1522 2504 1633 2562; x_wconf 88' lang='lat' dir='ltr'><strong>quo</strong></span> <span class='ocrx_word' id='word_1_302' title='bbox 1661 2504 1761 2545; x_wconf 82' lang='lat' dir='ltr'><strong>sua</strong></span> <span class='ocrx_word' id='word_1_303' title='bbox 1793 2488 2032 2559; x_wconf 87' lang='lat' dir='ltr'><strong>quisque</strong></span> <span class='ocrx_word' id='word_1_304' title='bbox 2065 2487 2283 2558; x_wconf 70' lang='lat' dir='ltr'><strong>quaerit,</strong></span> <span class='ocrx_word' id='word_1_305' title='bbox 2314 2502 2377 2545; x_wconf 88' lang='lat' dir='ltr'><strong>ea</strong></span> <span class='ocrx_word' id='word_1_306' title='bbox 2402 2494 2618 2547; x_wconf 87' lang='lat' dir='ltr'><strong>tantum</strong></span> <span class='ocrx_word' id='word_1_307' title='bbox 2646 2499 2905 2559; x_wconf 65' lang='lat' dir='ltr'><strong>quaram</strong></span> <span class='ocrx_word' id='word_1_308' title='bbox 2924 2505 3048 2561; x_wconf 82' lang='lat' dir='ltr'><strong>quae</strong></span> <span class='ocrx_word' id='word_1_309' title='bbox 3071 2499 3205 2548; x_wconf 86' lang='lat' dir='ltr'><strong>sunt</strong></span> <span class='ocrx_word' id='word_1_310' title='bbox 3228 2490 3360 2550; x_wconf 80' lang='lat' dir='ltr'><strong>Iesu</strong></span> <span class='ocrx_word' id='word_1_311' title='bbox 3414 2494 3643 2551; x_wconf 80' lang='lat' dir='ltr'><strong>Christi.</strong></span> 
     </span>
    </p>
   </div>
   <div class='ocr_carea' id='block_1_25' title="bbox 378 2565 3642 2652">
    <p class='ocr_par' dir='ltr' id='par_1_25' title="bbox 378 2565 3642 2652">
     <span class='ocr_line' id='line_1_25' title="bbox 378 2565 3642 2652; baseline -0 -13"><span class='ocrx_word' id='word_1_312' title='bbox 378 2579 444 2639; x_wconf 79' lang='lat' dir='ltr'><strong>Et</strong></span> <span class='ocrx_word' id='word_1_313' title='bbox 476 2582 582 2652; x_wconf 88' lang='lat' dir='ltr'><strong>piis</strong></span> <span class='ocrx_word' id='word_1_314' title='bbox 629 2581 826 2650; x_wconf 76' lang='lat' dir='ltr'><strong>ereptis</strong></span> <span class='ocrx_word' id='word_1_315' title='bbox 860 2580 997 2638; x_wconf 88' lang='lat' dir='ltr'><strong>satis</strong></span> <span class='ocrx_word' id='word_1_316' title='bbox 1028 2580 1161 2635; x_wconf 88' lang='lat' dir='ltr'><strong>favit</strong></span> <span class='ocrx_word' id='word_1_317' title='bbox 1214 2580 1533 2636; x_wconf 84' lang='lat' dir='ltr'><strong>Altissimus</strong></span> <span class='ocrx_word' id='word_1_318' title='bbox 1566 2597 1580 2634; x_wconf 89' lang='lat'><strong>:</strong></span> <span class='ocrx_word' id='word_1_319' title='bbox 1615 2585 1694 2647; x_wconf 89' lang='lat' dir='ltr'><strong>ut,</strong></span> <span class='ocrx_word' id='word_1_320' title='bbox 1745 2577 1789 2633; x_wconf 89' lang='lat' dir='ltr'><strong>si</strong></span> <span class='ocrx_word' id='word_1_321' title='bbox 1821 2593 1930 2633; x_wconf 89' lang='lat' dir='ltr'><strong>non</strong></span> <span class='ocrx_word' id='word_1_322' title='bbox 1959 2565 2295 2640; x_wconf 77' lang='lat' dir='ltr'><strong>omnibusin</strong></span> <span class='ocrx_word' id='word_1_323' title='bbox 2326 2575 2463 2631; x_wconf 88' lang='lat' dir='ltr'><strong>locis</strong></span> <span class='ocrx_word' id='word_1_324' title='bbox 2497 2575 2744 2633; x_wconf 87' lang='lat' dir='ltr'><strong>omnium</strong></span> <span class='ocrx_word' id='word_1_325' title='bbox 2788 2578 3014 2642; x_wconf 78' lang='lat' dir='ltr'><strong>animis,</strong></span> <span class='ocrx_word' id='word_1_326' title='bbox 3062 2579 3174 2634; x_wconf 90' lang='lat' dir='ltr'><strong>imo</strong></span> <span class='ocrx_word' id='word_1_327' title='bbox 3206 2595 3306 2636; x_wconf 89' lang='lat' dir='ltr'><strong>nec</strong></span> <span class='ocrx_word' id='word_1_328' title='bbox 3366 2597 3490 2639; x_wconf 87' lang='lat' dir='ltr'><strong>meo</strong></span> <span class='ocrx_word' id='word_1_329' title='bbox 3542 2599 3642 2639; x_wconf 63' lang='lat' dir='ltr'><strong>sn.</strong></span> 
     </span>
    </p>
   </div>
   <div class='ocr_carea' id='block_1_26' title="bbox 383 2663 3644 2739">
    <p class='ocr_par' dir='ltr' id='par_1_26' title="bbox 383 2663 3644 2739">
     <span class='ocr_line' id='line_1_26' title="bbox 383 2663 3644 2739; baseline 0.001 -15"><span class='ocrx_word' id='word_1_330' title='bbox 383 2668 548 2725; x_wconf 91' lang='lat' dir='ltr'><strong>binde</strong></span> <span class='ocrx_word' id='word_1_331' title='bbox 577 2668 944 2726; x_wconf 86' lang='lat' dir='ltr'><strong>satisfecerim</strong></span> <span class='ocrx_word' id='word_1_332' title='bbox 976 2709 995 2737; x_wconf 89' lang='lat'><strong>,</strong></span> <span class='ocrx_word' id='word_1_333' title='bbox 1023 2668 1203 2723; x_wconf 90' lang='lat' dir='ltr'><strong>rarius</strong></span> <span class='ocrx_word' id='word_1_334' title='bbox 1258 2677 1441 2723; x_wconf 89' lang='lat' dir='ltr'><strong>tamen</strong></span> <span class='ocrx_word' id='word_1_335' title='bbox 1474 2667 1668 2738; x_wconf 84' lang='lat' dir='ltr'><strong>procul</strong></span> <span class='ocrx_word' id='word_1_336' title='bbox 1700 2681 1730 2721; x_wconf 88' lang='lat' dir='ltr'><strong>a</strong></span> <span class='ocrx_word' id='word_1_337' title='bbox 1760 2680 1927 2739; x_wconf 86' lang='lat' dir='ltr'><strong>scopo</strong></span> <span class='ocrx_word' id='word_1_338' title='bbox 1957 2679 2044 2725; x_wconf 89' lang='lat' dir='ltr'><strong>me</strong></span> <span class='ocrx_word' id='word_1_339' title='bbox 2075 2664 2473 2720; x_wconf 85' lang='lat' dir='ltr'><strong>hallucinatum</strong></span> <span class='ocrx_word' id='word_1_340' title='bbox 2505 2663 2833 2722; x_wconf 81' lang='lat' dir='ltr'><strong>crediderim</strong></span> <span class='ocrx_word' id='word_1_341' title='bbox 2871 2681 2888 2721; x_wconf 87' lang='lat'><strong>:</strong></span> <span class='ocrx_word' id='word_1_342' title='bbox 2939 2675 3103 2737; x_wconf 83' lang='lat' dir='ltr'><strong>atque</strong></span> <span class='ocrx_word' id='word_1_343' title='bbox 3135 2667 3316 2725; x_wconf 84' lang='lat' dir='ltr'><strong>danda</strong></span> <span class='ocrx_word' id='word_1_344' title='bbox 3347 2679 3434 2725; x_wconf 86' lang='lat' dir='ltr'><strong>est</strong></span> <span class='ocrx_word' id='word_1_345' title='bbox 3486 2674 3644 2729; x_wconf 84' lang='lat' dir='ltr'><strong>venia</strong></span> 
     </span>
    </p>
   </div>
   <div class='ocr_carea' id='block_1_27' title="bbox 387 2751 3644 2828">
    <p class='ocr_par' dir='ltr' id='par_1_27' title="bbox 387 2751 3644 2828">
     <span class='ocr_line' id='line_1_27' title="bbox 387 2751 3644 2828; baseline 0 -15"><span class='ocrx_word' id='word_1_346' title='bbox 387 2758 434 2814; x_wconf 91' lang='lat' dir='ltr'><strong>si</strong></span> <span class='ocrx_word' id='word_1_347' title='bbox 470 2757 604 2828; x_wconf 89' lang='lat' dir='ltr'><strong>quid</strong></span> <span class='ocrx_word' id='word_1_348' title='bbox 666 2758 721 2813; x_wconf 90' lang='lat' dir='ltr'><strong>in</strong></span> <span class='ocrx_word' id='word_1_349' title='bbox 779 2757 976 2813; x_wconf 89' lang='lat' dir='ltr'><strong>horum</strong></span> <span class='ocrx_word' id='word_1_350' title='bbox 1019 2757 1275 2813; x_wconf 84' lang='lat' dir='ltr'><strong>versione</strong></span> <span class='ocrx_word' id='word_1_351' title='bbox 1296 2772 1384 2812; x_wconf 90' lang='lat' dir='ltr'><strong>me</strong></span> <span class='ocrx_word' id='word_1_352' title='bbox 1412 2755 1632 2827; x_wconf 84' lang='lat' dir='ltr'><strong>fugerit,</strong></span> <span class='ocrx_word' id='word_1_353' title='bbox 1668 2765 1727 2810; x_wconf 90' lang='lat' dir='ltr'><strong>ut</strong></span> <span class='ocrx_word' id='word_1_354' title='bbox 1756 2754 1961 2825; x_wconf 79' lang='lat' dir='ltr'><strong>fugisse</strong></span> <span class='ocrx_word' id='word_1_355' title='bbox 1987 2752 2160 2808; x_wconf 89' lang='lat' dir='ltr'><strong>multo</strong></span> <span class='ocrx_word' id='word_1_356' title='bbox 2200 2768 2310 2809; x_wconf 89' lang='lat' dir='ltr'><strong>non</strong></span> <span class='ocrx_word' id='word_1_357' title='bbox 2352 2751 2573 2813; x_wconf 83' lang='lat' dir='ltr'><strong>dubito.</strong></span> <span class='ocrx_word' id='word_1_358' title='bbox 2637 2767 2764 2813; x_wconf 86' lang='lat' dir='ltr'><strong>cum</strong></span> <span class='ocrx_word' id='word_1_359' title='bbox 2802 2754 2973 2812; x_wconf 83' lang='lat' dir='ltr'><strong>variis</strong></span> <span class='ocrx_word' id='word_1_360' title='bbox 3010 2755 3259 2827; x_wconf 85' lang='lat' dir='ltr'><strong>undique</strong></span> <span class='ocrx_word' id='word_1_361' title='bbox 3311 2760 3644 2818; x_wconf 85' lang='lat' dir='ltr'><strong>constrictus</strong></span> 
     </span>
    </p>
   </div>
   <div class='ocr_carea' id='block_1_28' title="bbox 380 2840 3644 2917">
    <p class='ocr_par' dir='ltr' id='par_1_28' title="bbox 380 2840 3644 2917">
     <span class='ocr_line' id='line_1_28' title="bbox 380 2840 3644 2917; baseline 0.001 -18"><span class='ocrx_word' id='word_1_362' title='bbox 380 2845 575 2900; x_wconf 89' lang='lat' dir='ltr'><strong>fuerim</strong></span> <span class='ocrx_word' id='word_1_363' title='bbox 608 2845 895 2917; x_wconf 87' lang='lat' dir='ltr'><strong>angustiis.</strong></span> <span class='ocrx_word' id='word_1_364' title='bbox 928 2843 1026 2899; x_wconf 85' lang='lat' dir='ltr'><strong>Vix</strong></span> <span class='ocrx_word' id='word_1_365' title='bbox 1084 2843 1233 2899; x_wconf 90' lang='lat' dir='ltr'><strong>enim</strong></span> <span class='ocrx_word' id='word_1_366' title='bbox 1273 2843 1424 2900; x_wconf 87' lang='lat' dir='ltr'><strong>credi</strong></span> <span class='ocrx_word' id='word_1_367' title='bbox 1465 2851 1637 2914; x_wconf 87' lang='lat' dir='ltr'><strong>queat</strong></span> <span class='ocrx_word' id='word_1_368' title='bbox 1673 2851 1938 2911; x_wconf 89' lang='lat' dir='ltr'><strong>quantum</strong></span> <span class='ocrx_word' id='word_1_369' title='bbox 1974 2841 2180 2897; x_wconf 85' lang='lat' dir='ltr'><strong>laboris</strong></span> <span class='ocrx_word' id='word_1_370' title='bbox 2232 2841 2315 2897; x_wconf 89' lang='lat' dir='ltr'><strong>vel</strong></span> <span class='ocrx_word' id='word_1_371' title='bbox 2365 2841 2422 2897; x_wconf 89' lang='lat' dir='ltr'><strong>id</strong></span> <span class='ocrx_word' id='word_1_372' title='bbox 2453 2840 2588 2899; x_wconf 86' lang='lat' dir='ltr'><strong>mihi</strong></span> <span class='ocrx_word' id='word_1_373' title='bbox 2644 2841 2936 2908; x_wconf 84' lang='lat' dir='ltr'><strong>addiderit,</strong></span> <span class='ocrx_word' id='word_1_374' title='bbox 3006 2852 3064 2899; x_wconf 84' lang='lat' dir='ltr'><strong>ut</strong></span> <span class='ocrx_word' id='word_1_375' title='bbox 3107 2853 3311 2901; x_wconf 71' lang='lat' dir='ltr'><strong>caetera</strong></span> <span class='ocrx_word' id='word_1_376' title='bbox 3364 2848 3644 2914; x_wconf 79' lang='lat' dir='ltr'><strong>orttittam,</strong></span> 
     </span>
    </p>
   </div>
   <div class='ocr_carea' id='block_1_29' title="bbox 382 2928 3648 3004">
    <p class='ocr_par' dir='ltr' id='par_1_29' title="bbox 382 2928 3648 3004">
     <span class='ocr_line' id='line_1_29' title="bbox 382 2928 3648 3004; baseline 0 -15"><span class='ocrx_word' id='word_1_377' title='bbox 382 2935 529 3004; x_wconf 88' lang='lat' dir='ltr'><strong>quod</strong></span> <span class='ocrx_word' id='word_1_378' title='bbox 602 2933 856 2997; x_wconf 88' lang='lat' dir='ltr'><strong>Photius,</strong></span> <span class='ocrx_word' id='word_1_379' title='bbox 889 2933 977 2988; x_wconf 89' lang='lat' dir='ltr'><strong>vir</strong></span> <span class='ocrx_word' id='word_1_380' title='bbox 1008 2946 1143 2989; x_wconf 87' lang='lat' dir='ltr'><strong>sane</strong></span> <span class='ocrx_word' id='word_1_381' title='bbox 1164 2938 1221 2987; x_wconf 87' lang='lat' dir='ltr'><strong>et</strong></span> <span class='ocrx_word' id='word_1_382' title='bbox 1277 2946 1541 2987; x_wconf 88' lang='lat' dir='ltr'><strong>sensuum</strong></span> <span class='ocrx_word' id='word_1_383' title='bbox 1603 2930 1893 2999; x_wconf 77' lang='lat' dir='ltr'><strong>indagator</strong></span> <span class='ocrx_word' id='word_1_384' title='bbox 1944 2928 2357 3000; x_wconf 82' lang='lat' dir='ltr'><strong>sagacissimus,</strong></span> <span class='ocrx_word' id='word_1_385' title='bbox 2414 2937 2469 2985; x_wconf 91' lang='lat' dir='ltr'><strong>et</strong></span> <span class='ocrx_word' id='word_1_386' title='bbox 2525 2928 2881 2987; x_wconf 68' lang='lat' dir='ltr'><strong>flosculorum</strong></span> <span class='ocrx_word' id='word_1_387' title='bbox 2970 2931 3274 2989; x_wconf 80' lang='lat' dir='ltr'><strong>rhetorices</strong></span> <span class='ocrx_word' id='word_1_388' title='bbox 3325 2934 3648 2991; x_wconf 87' lang='lat' dir='ltr'><strong>observator</strong></span> 
     </span>
    </p>
   </div>
   <div class='ocr_carea' id='block_1_30' title="bbox 384 3015 3648 3096">
    <p class='ocr_par' dir='ltr' id='par_1_30' title="bbox 384 3015 3648 3096">
     <span class='ocr_line' id='line_1_30' title="bbox 384 3015 3648 3096; baseline -0 -19"><span class='ocrx_word' id='word_1_389' title='bbox 384 3023 871 3093; x_wconf 84' lang='lat' dir='ltr'><strong>diligentissimus,</strong></span> <span class='ocrx_word' id='word_1_390' title='bbox 905 3021 1156 3093; x_wconf 88' lang='lat' dir='ltr'><strong>plurim.s</strong></span> <span class='ocrx_word' id='word_1_391' title='bbox 1188 3038 1240 3077; x_wconf 82' lang='lat' dir='ltr'><strong>tn</strong></span> <span class='ocrx_word' id='word_1_392' title='bbox 1278 3019 1418 3075; x_wconf 87' lang='lat' dir='ltr'><strong>locis</strong></span> <span class='ocrx_word' id='word_1_393' title='bbox 1454 3018 1669 3089; x_wconf 81' lang='lat' dir='ltr'><strong>singula</strong></span> <span class='ocrx_word' id='word_1_394' title='bbox 1705 3016 1854 3073; x_wconf 73' lang='lat' dir='ltr'><strong>l’auli</strong></span> <span class='ocrx_word' id='word_1_395' title='bbox 1890 3016 2057 3073; x_wconf 85' lang='lat' dir='ltr'><strong>verba</strong></span> <span class='ocrx_word' id='word_1_396' title='bbox 2080 3015 2270 3096; x_wconf 58' lang='lat' dir='ltr'><strong>Graeca</strong></span> <span class='ocrx_word' id='word_1_397' title='bbox 2298 3032 2600 3088; x_wconf 78' lang='lat' dir='ltr'><strong>eorumque</strong></span> <span class='ocrx_word' id='word_1_398' title='bbox 2638 3026 3021 3079; x_wconf 77' lang='lat' dir='ltr'><strong>contextorum</strong></span> <span class='ocrx_word' id='word_1_399' title='bbox 3065 3021 3230 3075; x_wconf 84' lang='lat' dir='ltr'><strong>veluti</strong></span> <span class='ocrx_word' id='word_1_400' title='bbox 3258 3022 3467 3076; x_wconf 84' lang='lat' dir='ltr'><strong>trutina</strong></span> <span class='ocrx_word' id='word_1_401' title='bbox 3509 3039 3648 3093; x_wconf 65' lang='lat' dir='ltr'><strong>pom</strong></span> 
     </span>
    </p>
   </div>
   <div class='ocr_carea' id='block_1_31' title="bbox 385 3104 3641 3176">
    <p class='ocr_par' dir='ltr' id='par_1_31' title="bbox 385 3104 3641 3176">
     <span class='ocr_line' id='line_1_31' title="bbox 385 3104 3641 3176; baseline 0.001 -14"><span class='ocrx_word' id='word_1_402' title='bbox 385 3108 629 3173; x_wconf 86' lang='lat' dir='ltr'><strong>deraret,</strong></span> <span class='ocrx_word' id='word_1_403' title='bbox 675 3124 802 3164; x_wconf 90' lang='lat' dir='ltr'><strong>cum</strong></span> <span class='ocrx_word' id='word_1_404' title='bbox 832 3115 1015 3164; x_wconf 89' lang='lat' dir='ltr'><strong>tamen</strong></span> <span class='ocrx_word' id='word_1_405' title='bbox 1055 3106 1289 3162; x_wconf 90' lang='lat' dir='ltr'><strong>Paulum</strong></span> <span class='ocrx_word' id='word_1_406' title='bbox 1339 3106 1533 3161; x_wconf 86' lang='lat' dir='ltr'><strong>Latine</strong></span> <span class='ocrx_word' id='word_1_407' title='bbox 1565 3105 1879 3170; x_wconf 88' lang='lat' dir='ltr'><strong>reddentcs,</strong></span> <span class='ocrx_word' id='word_1_408' title='bbox 1912 3104 2232 3174; x_wconf 70' lang='lat' dir='ltr'><strong>huiusmodi</strong></span> <span class='ocrx_word' id='word_1_409' title='bbox 2265 3104 2559 3161; x_wconf 76' lang='lat' dir='ltr'><strong>verborum</strong></span> <span class='ocrx_word' id='word_1_410' title='bbox 2593 3106 2847 3161; x_wconf 85' lang='lat' dir='ltr'><strong>ordinem</strong></span> <span class='ocrx_word' id='word_1_411' title='bbox 2876 3105 3155 3176; x_wconf 72' lang='lat' dir='ltr'><strong>simulque</strong></span> <span class='ocrx_word' id='word_1_412' title='bbox 3184 3107 3429 3165; x_wconf 65' lang='lat' dir='ltr'><strong>Graecam</strong></span> <span class='ocrx_word' id='word_1_413' title='bbox 3461 3109 3641 3165; x_wconf 81' lang='lat' dir='ltr'><strong>Phra—</strong></span> 
     </span>
    </p>
   </div>
   <div class='ocr_carea' id='block_1_32' title="bbox 382 3192 3646 3265">
    <p class='ocr_par' dir='ltr' id='par_1_32' title="bbox 382 3192 3646 3265">
     <span class='ocr_line' id='line_1_32' title="bbox 382 3192 3646 3265; baseline 0 -14"><span class='ocrx_word' id='word_1_414' title='bbox 382 3196 487 3251; x_wconf 88' lang='lat' dir='ltr'><strong>sim</strong></span> <span class='ocrx_word' id='word_1_415' title='bbox 548 3195 845 3251; x_wconf 89' lang='lat' dir='ltr'><strong>immutare</strong></span> <span class='ocrx_word' id='word_1_416' title='bbox 895 3204 1121 3252; x_wconf 88' lang='lat' dir='ltr'><strong>coactus</strong></span> <span class='ocrx_word' id='word_1_417' title='bbox 1158 3196 1413 3259; x_wconf 88' lang='lat' dir='ltr'><strong>fuissem,</strong></span> <span class='ocrx_word' id='word_1_418' title='bbox 1470 3195 1551 3250; x_wconf 89' lang='lat' dir='ltr'><strong>sic</strong></span> <span class='ocrx_word' id='word_1_419' title='bbox 1586 3204 1645 3249; x_wconf 92' lang='lat' dir='ltr'><strong>ut</strong></span> <span class='ocrx_word' id='word_1_420' title='bbox 1692 3193 1806 3264; x_wconf 86' lang='lat' dir='ltr'><strong>jam</strong></span> <span class='ocrx_word' id='word_1_421' title='bbox 1836 3192 2017 3248; x_wconf 85' lang='lat' dir='ltr'><strong>Photii</strong></span> <span class='ocrx_word' id='word_1_422' title='bbox 2042 3193 2249 3249; x_wconf 90' lang='lat' dir='ltr'><strong>scholia</strong></span> <span class='ocrx_word' id='word_1_423' title='bbox 2307 3192 2489 3248; x_wconf 89' lang='lat' dir='ltr'><strong>locum</strong></span> <span class='ocrx_word' id='word_1_424' title='bbox 2541 3207 2650 3249; x_wconf 86' lang='lat' dir='ltr'><strong>non</strong></span> <span class='ocrx_word' id='word_1_425' title='bbox 2680 3192 2966 3259; x_wconf 83' lang='lat' dir='ltr'><strong>haberent,</strong></span> <span class='ocrx_word' id='word_1_426' title='bbox 3020 3196 3253 3264; x_wconf 84' lang='lat' dir='ltr'><strong>proinde</strong></span> <span class='ocrx_word' id='word_1_427' title='bbox 3312 3196 3646 3265; x_wconf 74' lang='lat' dir='ltr'><strong>ambigerem</strong></span> 
     </span>
    </p>
   </div>
   <div class='ocr_carea' id='block_1_33' title="bbox 382 3280 3645 3355">
    <p class='ocr_par' dir='ltr' id='par_1_33' title="bbox 382 3280 3645 3355">
     <span class='ocr_line' id='line_1_33' title="bbox 382 3280 3645 3355; baseline 0 -16"><span class='ocrx_word' id='word_1_428' title='bbox 382 3284 719 3355; x_wconf 87' lang='lat' dir='ltr'><strong>frequenter,</strong></span> <span class='ocrx_word' id='word_1_429' title='bbox 753 3298 883 3338; x_wconf 89' lang='lat' dir='ltr'><strong>num</strong></span> <span class='ocrx_word' id='word_1_430' title='bbox 930 3293 1218 3354; x_wconf 63' lang='lat' dir='ltr'><strong>praestaret</strong></span> <span class='ocrx_word' id='word_1_431' title='bbox 1245 3298 1364 3339; x_wconf 91' lang='lat' dir='ltr'><strong>eam</strong></span> <span class='ocrx_word' id='word_1_432' title='bbox 1403 3282 1925 3337; x_wconf 86' lang='lat' dir='ltr'><strong>commentariorum</strong></span> <span class='ocrx_word' id='word_1_433' title='bbox 1955 3287 2167 3350; x_wconf 87' lang='lat' dir='ltr'><strong>partem</strong></span> <span class='ocrx_word' id='word_1_434' title='bbox 2197 3280 2254 3334; x_wconf 88' lang='lat' dir='ltr'><strong>in</strong></span> <span class='ocrx_word' id='word_1_435' title='bbox 2293 3285 2468 3335; x_wconf 90' lang='lat' dir='ltr'><strong>totum</strong></span> <span class='ocrx_word' id='word_1_436' title='bbox 2529 3280 2869 3350; x_wconf 86' lang='lat' dir='ltr'><strong>relinquere,</strong></span> <span class='ocrx_word' id='word_1_437' title='bbox 2896 3296 3062 3350; x_wconf 86' lang='lat' dir='ltr'><strong>quam</strong></span> <span class='ocrx_word' id='word_1_438' title='bbox 3110 3281 3322 3340; x_wconf 81' lang='lat' dir='ltr'><strong>Latinis</strong></span> <span class='ocrx_word' id='word_1_439' title='bbox 3364 3284 3645 3347; x_wconf 71' lang='lat' dir='ltr'><strong>scabrosa.</strong></span> 
     </span>
    </p>
   </div>
   <div class='ocr_carea' id='block_1_34' title="bbox 386 3365 3646 3442">
    <p class='ocr_par' dir='ltr' id='par_1_34' title="bbox 386 3365 3646 3442">
     <span class='ocr_line' id='line_1_34' title="bbox 386 3365 3646 3442; baseline 0.001 -19"><span class='ocrx_word' id='word_1_440' title='bbox 386 3370 649 3440; x_wconf 88' lang='lat' dir='ltr'><strong>nulloque</strong></span> <span class='ocrx_word' id='word_1_441' title='bbox 687 3369 871 3425; x_wconf 89' lang='lat' dir='ltr'><strong>fructu</strong></span> <span class='ocrx_word' id='word_1_442' title='bbox 914 3371 1154 3435; x_wconf 87' lang='lat' dir='ltr'><strong>tradere,</strong></span> <span class='ocrx_word' id='word_1_443' title='bbox 1191 3378 1253 3426; x_wconf 90' lang='lat' dir='ltr'><strong>ut</strong></span> <span class='ocrx_word' id='word_1_444' title='bbox 1275 3385 1400 3442; x_wconf 72' lang='lat' dir='ltr'><strong>qua:</strong></span> <span class='ocrx_word' id='word_1_445' title='bbox 1428 3369 1566 3426; x_wconf 89' lang='lat' dir='ltr'><strong>solis</strong></span> <span class='ocrx_word' id='word_1_446' title='bbox 1608 3368 1843 3425; x_wconf 86' lang='lat' dir='ltr'><strong>serviret</strong></span> <span class='ocrx_word' id='word_1_447' title='bbox 1872 3365 2104 3432; x_wconf 59' lang='lat' dir='ltr'><strong>Graecis,</strong></span> <span class='ocrx_word' id='word_1_448' title='bbox 2153 3381 2352 3437; x_wconf 86' lang='lat' dir='ltr'><strong>nempe</strong></span> <span class='ocrx_word' id='word_1_449' title='bbox 2388 3367 2455 3427; x_wconf 82' lang='lat' dir='ltr'><strong>de</strong></span> <span class='ocrx_word' id='word_1_450' title='bbox 2486 3369 2652 3423; x_wconf 80' lang='lat' dir='ltr'><strong>anxia</strong></span> <span class='ocrx_word' id='word_1_451' title='bbox 2696 3365 3017 3427; x_wconf 68' lang='lat' dir='ltr'><strong>Grmcarum</strong></span> <span class='ocrx_word' id='word_1_452' title='bbox 3071 3383 3265 3426; x_wconf 88' lang='lat' dir='ltr'><strong>vocum</strong></span> <span class='ocrx_word' id='word_1_453' title='bbox 3320 3381 3646 3428; x_wconf 78' lang='lat' dir='ltr'><strong>contextum</strong></span> 
     </span>
    </p>
   </div>
   <div class='ocr_carea' id='block_1_35' title="bbox 384 3455 3650 3532">
    <p class='ocr_par' dir='ltr' id='par_1_35' title="bbox 384 3455 3650 3532">
     <span class='ocr_line' id='line_1_35' title="bbox 384 3455 3650 3532; baseline 0.002 -20"><span class='ocrx_word' id='word_1_454' title='bbox 384 3472 447 3513; x_wconf 84' lang='lat' dir='ltr'><strong>ac</strong></span> <span class='ocrx_word' id='word_1_455' title='bbox 477 3458 809 3529; x_wconf 86' lang='lat' dir='ltr'><strong>significato.</strong></span> <span class='ocrx_word' id='word_1_456' title='bbox 842 3457 1085 3515; x_wconf 88' lang='lat' dir='ltr'><strong>Tandem</strong></span> <span class='ocrx_word' id='word_1_457' title='bbox 1110 3468 1291 3514; x_wconf 90' lang='lat' dir='ltr'><strong>tamen</strong></span> <span class='ocrx_word' id='word_1_458' title='bbox 1328 3457 1516 3513; x_wconf 89' lang='lat' dir='ltr'><strong>omnia</strong></span> <span class='ocrx_word' id='word_1_459' title='bbox 1547 3456 1777 3513; x_wconf 88' lang='lat' dir='ltr'><strong>fideliter</strong></span> <span class='ocrx_word' id='word_1_460' title='bbox 1804 3455 2036 3513; x_wconf 83' lang='lat' dir='ltr'><strong>reddere</strong></span> <span class='ocrx_word' id='word_1_461' title='bbox 2068 3457 2285 3514; x_wconf 87' lang='lat' dir='ltr'><strong>decrevi</strong></span> <span class='ocrx_word' id='word_1_462' title='bbox 2316 3475 2331 3512; x_wconf 90' lang='lat'><strong>:</strong></span> <span class='ocrx_word' id='word_1_463' title='bbox 2378 3472 2696 3530; x_wconf 84' lang='lat' dir='ltr'><strong>quanquam</strong></span> <span class='ocrx_word' id='word_1_464' title='bbox 2749 3472 2834 3514; x_wconf 86' lang='lat' dir='ltr'><strong>me</strong></span> <span class='ocrx_word' id='word_1_465' title='bbox 2885 3473 2997 3515; x_wconf 90' lang='lat' dir='ltr'><strong>non</strong></span> <span class='ocrx_word' id='word_1_466' title='bbox 3038 3473 3232 3530; x_wconf 84' lang='lat' dir='ltr'><strong>parum</strong></span> <span class='ocrx_word' id='word_1_467' title='bbox 3299 3474 3518 3532; x_wconf 78' lang='lat' dir='ltr'><strong>quoque</strong></span> <span class='ocrx_word' id='word_1_468' title='bbox 3556 3477 3650 3518; x_wconf 67' lang='lat' dir='ltr'><strong>reo</strong></span> 
     </span>
    </p>
   </div>
   <div class='ocr_carea' id='block_1_36' title="bbox 386 3544 3642 3621">
    <p class='ocr_par' dir='ltr' id='par_1_36' title="bbox 386 3544 3642 3621">
     <span class='ocr_line' id='line_1_36' title="bbox 386 3544 3642 3621; baseline 0.001 -22"><span class='ocrx_word' id='word_1_469' title='bbox 386 3555 739 3602; x_wconf 87' lang='lat' dir='ltr'><strong>morarentur</strong></span> <span class='ocrx_word' id='word_1_470' title='bbox 789 3546 936 3603; x_wconf 90' lang='lat' dir='ltr'><strong>unici</strong></span> <span class='ocrx_word' id='word_1_471' title='bbox 996 3547 1171 3603; x_wconf 64' lang='lat' dir='ltr'><strong>Graeci</strong></span> <span class='ocrx_word' id='word_1_472' title='bbox 1225 3546 1555 3619; x_wconf 71' lang='lat' dir='ltr'><strong>exemplaris</strong></span> <span class='ocrx_word' id='word_1_473' title='bbox 1582 3561 1692 3602; x_wconf 90' lang='lat' dir='ltr'><strong>non</strong></span> <span class='ocrx_word' id='word_1_474' title='bbox 1740 3560 1880 3601; x_wconf 69' lang='lat' dir='ltr'><strong>rarae</strong></span> <span class='ocrx_word' id='word_1_475' title='bbox 1909 3544 2141 3612; x_wconf 78' lang='lat' dir='ltr'><strong>mendae,</strong></span> <span class='ocrx_word' id='word_1_476' title='bbox 2194 3546 2312 3601; x_wconf 84' lang='lat' dir='ltr'><strong>sive</strong></span> <span class='ocrx_word' id='word_1_477' title='bbox 2340 3544 2606 3603; x_wconf 87' lang='lat' dir='ltr'><strong>librarius</strong></span> <span class='ocrx_word' id='word_1_478' title='bbox 2636 3544 2728 3610; x_wconf 78' lang='lat' dir='ltr'><strong>hic</strong></span> <span class='ocrx_word' id='word_1_479' title='bbox 2776 3546 2832 3601; x_wconf 92' lang='lat' dir='ltr'><strong>in</strong></span> <span class='ocrx_word' id='word_1_480' title='bbox 2865 3545 3031 3617; x_wconf 89' lang='lat' dir='ltr'><strong>culpa</strong></span> <span class='ocrx_word' id='word_1_481' title='bbox 3085 3545 3278 3613; x_wconf 82' lang='lat' dir='ltr'><strong>fuerit,</strong></span> <span class='ocrx_word' id='word_1_482' title='bbox 3330 3547 3451 3604; x_wconf 85' lang='lat' dir='ltr'><strong>sive</strong></span> <span class='ocrx_word' id='word_1_483' title='bbox 3480 3557 3642 3621; x_wconf 82' lang='lat' dir='ltr'><strong>typo-</strong></span> 
     </span>
    </p>
   </div>
   <div class='ocr_carea' id='block_1_37' title="bbox 386 3633 3647 3707">
    <p class='ocr_par' dir='ltr' id='par_1_37' title="bbox 386 3633 3647 3707">
     <span class='ocr_line' id='line_1_37' title="bbox 386 3633 3647 3707; baseline 0.002 -21"><span class='ocrx_word' id='word_1_484' title='bbox 386 3634 630 3705; x_wconf 84' lang='lat' dir='ltr'><strong>graphus</strong></span> <span class='ocrx_word' id='word_1_485' title='bbox 671 3649 843 3706; x_wconf 84' lang='lat' dir='ltr'><strong>:quae</strong></span> <span class='ocrx_word' id='word_1_486' title='bbox 874 3649 961 3690; x_wconf 91' lang='lat' dir='ltr'><strong>me</strong></span> <span class='ocrx_word' id='word_1_487' title='bbox 1004 3635 1327 3706; x_wconf 89' lang='lat' dir='ltr'><strong>plerumque</strong></span> <span class='ocrx_word' id='word_1_488' title='bbox 1349 3634 1602 3691; x_wconf 85' lang='lat' dir='ltr'><strong>divinare</strong></span> <span class='ocrx_word' id='word_1_489' title='bbox 1640 3643 1899 3707; x_wconf 76' lang='lat' dir='ltr'><strong>cogerent</strong></span> <span class='ocrx_word' id='word_1_490' title='bbox 1937 3633 2290 3689; x_wconf 87' lang='lat' dir='ltr'><strong>:feliciterne</strong></span> <span class='ocrx_word' id='word_1_491' title='bbox 2340 3647 2411 3688; x_wconf 89' lang='lat' dir='ltr'><strong>an</strong></span> <span class='ocrx_word' id='word_1_492' title='bbox 2467 3647 2652 3698; x_wconf 89' lang='lat' dir='ltr'><strong>secus,</strong></span> <span class='ocrx_word' id='word_1_493' title='bbox 2702 3633 2778 3702; x_wconf 88' lang='lat' dir='ltr'><strong>id,</strong></span> <span class='ocrx_word' id='word_1_494' title='bbox 2821 3634 3295 3706; x_wconf 83' lang='lat' dir='ltr'><strong>quemadmodum</strong></span> <span class='ocrx_word' id='word_1_495' title='bbox 3348 3642 3404 3693; x_wconf 82' lang='lat' dir='ltr'><strong>et</strong></span> <span class='ocrx_word' id='word_1_496' title='bbox 3448 3646 3647 3697; x_wconf 71' lang='lat' dir='ltr'><strong>caetera</strong></span> 
     </span>
    </p>
   </div>
   <div class='ocr_carea' id='block_1_38' title="bbox 391 3720 3652 3797">
    <p class='ocr_par' dir='ltr' id='par_1_38' title="bbox 391 3720 3652 3797">
     <span class='ocr_line' id='line_1_38' title="bbox 391 3720 3652 3797; baseline 0.002 -22"><span class='ocrx_word' id='word_1_497' title='bbox 391 3723 599 3788; x_wconf 88' lang='lat' dir='ltr'><strong>omnia,</strong></span> <span class='ocrx_word' id='word_1_498' title='bbox 650 3722 876 3779; x_wconf 88' lang='lat' dir='ltr'><strong>lectoris</strong></span> <span class='ocrx_word' id='word_1_499' title='bbox 905 3723 1120 3793; x_wconf 88' lang='lat' dir='ltr'><strong>judicio</strong></span> <span class='ocrx_word' id='word_1_500' title='bbox 1153 3724 1425 3797; x_wconf 88' lang='lat' dir='ltr'><strong>relinquo.</strong></span> <span class='ocrx_word' id='word_1_501' title='bbox 1466 3722 1534 3778; x_wconf 87' lang='lat' dir='ltr'><strong>Et</strong></span> <span class='ocrx_word' id='word_1_502' title='bbox 1559 3736 1876 3795; x_wconf 88' lang='lat' dir='ltr'><strong>quanquam</strong></span> <span class='ocrx_word' id='word_1_503' title='bbox 1932 3720 2004 3779; x_wconf 91' lang='lat' dir='ltr'><strong>ob</strong></span> <span class='ocrx_word' id='word_1_504' title='bbox 2038 3720 2156 3777; x_wconf 86' lang='lat' dir='ltr'><strong>haec</strong></span> <span class='ocrx_word' id='word_1_505' title='bbox 2186 3736 2273 3779; x_wconf 88' lang='lat' dir='ltr'><strong>me</strong></span> <span class='ocrx_word' id='word_1_506' title='bbox 2297 3735 2407 3777; x_wconf 86' lang='lat' dir='ltr'><strong>non</strong></span> <span class='ocrx_word' id='word_1_507' title='bbox 2438 3720 2605 3779; x_wconf 77' lang='lat' dir='ltr'><strong>lateat</strong></span> <span class='ocrx_word' id='word_1_508' title='bbox 2634 3721 2883 3793; x_wconf 87' lang='lat' dir='ltr'><strong>phrasim</strong></span> <span class='ocrx_word' id='word_1_509' title='bbox 2928 3723 3217 3795; x_wconf 85' lang='lat' dir='ltr'><strong>aliquanto</strong></span> <span class='ocrx_word' id='word_1_510' title='bbox 3239 3738 3363 3783; x_wconf 81' lang='lat' dir='ltr'><strong>esse</strong></span> <span class='ocrx_word' id='word_1_511' title='bbox 3423 3724 3483 3783; x_wconf 88' lang='lat' dir='ltr'><strong>in</strong></span> <span class='ocrx_word' id='word_1_512' title='bbox 3508 3740 3652 3783; x_wconf 87' lang='lat' dir='ltr'><strong>non-</strong></span> 
     </span>
    </p>
   </div>
   <div class='ocr_carea' id='block_1_39' title="bbox 386 3806 3649 3882">
    <p class='ocr_par' dir='ltr' id='par_1_39' title="bbox 386 3806 3649 3882">
     <span class='ocr_line' id='line_1_39' title="bbox 386 3806 3649 3882; baseline 0.002 -18"><span class='ocrx_word' id='word_1_513' title='bbox 386 3810 553 3866; x_wconf 88' lang='lat' dir='ltr'><strong>nullis</strong></span> <span class='ocrx_word' id='word_1_514' title='bbox 587 3810 865 3866; x_wconf 82' lang='lat' dir='ltr'><strong>dnriorem</strong></span> <span class='ocrx_word' id='word_1_515' title='bbox 902 3828 917 3865; x_wconf 89' lang='lat'><strong>:</strong></span> <span class='ocrx_word' id='word_1_516' title='bbox 972 3812 1136 3866; x_wconf 88' lang='lat' dir='ltr'><strong>malui</strong></span> <span class='ocrx_word' id='word_1_517' title='bbox 1166 3819 1349 3867; x_wconf 87' lang='lat' dir='ltr'><strong>tamen</strong></span> <span class='ocrx_word' id='word_1_518' title='bbox 1404 3810 1496 3866; x_wconf 85' lang='lat' dir='ltr'><strong>fidi</strong></span> <span class='ocrx_word' id='word_1_519' title='bbox 1545 3811 1861 3881; x_wconf 89' lang='lat' dir='ltr'><strong>interpretis</strong></span> <span class='ocrx_word' id='word_1_520' title='bbox 1924 3823 2091 3881; x_wconf 90' lang='lat' dir='ltr'><strong>quam</strong></span> <span class='ocrx_word' id='word_1_521' title='bbox 2121 3806 2387 3878; x_wconf 77' lang='lat' dir='ltr'><strong>elegantis</strong></span> <span class='ocrx_word' id='word_1_522' title='bbox 2428 3808 2804 3880; x_wconf 67' lang='lat' dir='ltr'><strong>paraphrastze</strong></span> <span class='ocrx_word' id='word_1_523' title='bbox 2835 3808 2985 3882; x_wconf 85' lang='lat' dir='ltr'><strong>fungi</strong></span> <span class='ocrx_word' id='word_1_524' title='bbox 3013 3811 3218 3879; x_wconf 81' lang='lat' dir='ltr'><strong>oflicio,</strong></span> <span class='ocrx_word' id='word_1_525' title='bbox 3280 3811 3503 3871; x_wconf 74' lang='lat' dir='ltr'><strong>etiamsi</strong></span> <span class='ocrx_word' id='word_1_526' title='bbox 3541 3813 3649 3871; x_wconf 80' lang='lat' dir='ltr'><strong>hoc</strong></span> 
     </span>
    </p>
   </div>
   <div class='ocr_carea' id='block_1_40' title="bbox 387 3897 3649 3971">
    <p class='ocr_par' dir='ltr' id='par_1_40' title="bbox 387 3897 3649 3971">
     <span class='ocr_line' id='line_1_40' title="bbox 387 3897 3649 3971; baseline 0.001 -17"><span class='ocrx_word' id='word_1_527' title='bbox 387 3899 652 3971; x_wconf 88' lang='lat' dir='ltr'><strong>consequi</strong></span> <span class='ocrx_word' id='word_1_528' title='bbox 722 3898 1069 3971; x_wconf 87' lang='lat' dir='ltr'><strong>potuissem:</strong></span> <span class='ocrx_word' id='word_1_529' title='bbox 1102 3914 1229 3956; x_wconf 89' lang='lat' dir='ltr'><strong>cum</strong></span> <span class='ocrx_word' id='word_1_530' title='bbox 1249 3900 1468 3956; x_wconf 87' lang='lat' dir='ltr'><strong>videam</strong></span> <span class='ocrx_word' id='word_1_531' title='bbox 1504 3899 1970 3968; x_wconf 89' lang='lat' dir='ltr'><strong>nonnullos,dum</strong></span> <span class='ocrx_word' id='word_1_532' title='bbox 2007 3897 2176 3954; x_wconf 86' lang='lat' dir='ltr'><strong>nimis</strong></span> <span class='ocrx_word' id='word_1_533' title='bbox 2198 3897 2352 3966; x_wconf 90' lang='lat' dir='ltr'><strong>politi</strong></span> <span class='ocrx_word' id='word_1_534' title='bbox 2384 3898 2440 3952; x_wconf 90' lang='lat' dir='ltr'><strong>in</strong></span> <span class='ocrx_word' id='word_1_535' title='bbox 2485 3897 2745 3954; x_wconf 88' lang='lat' dir='ltr'><strong>vertendo</strong></span> <span class='ocrx_word' id='word_1_536' title='bbox 2779 3898 2954 3955; x_wconf 87' lang='lat' dir='ltr'><strong>videri</strong></span> <span class='ocrx_word' id='word_1_537' title='bbox 3012 3899 3202 3956; x_wconf 88' lang='lat' dir='ltr'><strong>volunt</strong></span> <span class='ocrx_word' id='word_1_538' title='bbox 3235 3900 3307 3958; x_wconf 87' lang='lat' dir='ltr'><strong>ab</strong></span> <span class='ocrx_word' id='word_1_539' title='bbox 3355 3914 3649 3963; x_wconf 79' lang='lat' dir='ltr'><strong>auctorum</strong></span> 
     </span>
    </p>
   </div>
   <div class='ocr_carea' id='block_1_41' title="bbox 387 3985 3644 4060">
    <p class='ocr_par' dir='ltr' id='par_1_41' title="bbox 387 3985 3644 4060">
     <span class='ocr_line' id='line_1_41' title="bbox 387 3985 3644 4060; baseline 0.002 -19"><span class='ocrx_word' id='word_1_540' title='bbox 387 3986 558 4042; x_wconf 88' lang='lat' dir='ltr'><strong>etiam</strong></span> <span class='ocrx_word' id='word_1_541' title='bbox 579 3988 751 4042; x_wconf 90' lang='lat' dir='ltr'><strong>animi</strong></span> <span class='ocrx_word' id='word_1_542' title='bbox 807 3995 1078 4058; x_wconf 90' lang='lat' dir='ltr'><strong>conceptu</strong></span> <span class='ocrx_word' id='word_1_543' title='bbox 1112 4002 1512 4059; x_wconf 89' lang='lat' dir='ltr'><strong>nonnunquam</strong></span> <span class='ocrx_word' id='word_1_544' title='bbox 1565 3987 1860 4045; x_wconf 77' lang='lat' dir='ltr'><strong>excidisse.</strong></span> <span class='ocrx_word' id='word_1_545' title='bbox 1890 3986 2009 4059; x_wconf 87' lang='lat' dir='ltr'><strong>Ego</strong></span> <span class='ocrx_word' id='word_1_546' title='bbox 2050 4000 2181 4040; x_wconf 89' lang='lat' dir='ltr'><strong>vero</strong></span> <span class='ocrx_word' id='word_1_547' title='bbox 2201 3985 2346 4039; x_wconf 89' lang='lat' dir='ltr'><strong>intra</strong></span> <span class='ocrx_word' id='word_1_548' title='bbox 2398 3987 2521 4055; x_wconf 86' lang='lat' dir='ltr'><strong>ipsa</strong></span> <span class='ocrx_word' id='word_1_549' title='bbox 2570 3985 2887 4057; x_wconf 89' lang='lat' dir='ltr'><strong>interpretis</strong></span> <span class='ocrx_word' id='word_1_550' title='bbox 2912 3999 3065 4060; x_wconf 86' lang='lat' dir='ltr'><strong>septa</strong></span> <span class='ocrx_word' id='word_1_551' title='bbox 3098 4004 3183 4045; x_wconf 88' lang='lat' dir='ltr'><strong>me</strong></span> <span class='ocrx_word' id='word_1_552' title='bbox 3229 3989 3373 4053; x_wconf 82' lang='lat' dir='ltr'><strong>satis</strong></span> <span class='ocrx_word' id='word_1_553' title='bbox 3405 3989 3644 4047; x_wconf 85' lang='lat' dir='ltr'><strong>inclusi:</strong></span> 
     </span>
    </p>
   </div>
   <div class='ocr_carea' id='block_1_42' title="bbox 389 4070 3715 4149">
    <p class='ocr_par' dir='ltr' id='par_1_42' title="bbox 389 4070 3715 4149">
     <span class='ocr_line' id='line_1_42' title="bbox 389 4070 3715 4149; baseline 0.002 -20"><span class='ocrx_word' id='word_1_554' title='bbox 389 4075 537 4146; x_wconf 88' lang='lat' dir='ltr'><strong>quod</strong></span> <span class='ocrx_word' id='word_1_555' title='bbox 571 4085 632 4129; x_wconf 92' lang='lat' dir='ltr'><strong>ut</strong></span> <span class='ocrx_word' id='word_1_556' title='bbox 657 4074 921 4142; x_wconf 88' lang='lat' dir='ltr'><strong>facerem,</strong></span> <span class='ocrx_word' id='word_1_557' title='bbox 954 4075 1119 4131; x_wconf 86' lang='lat' dir='ltr'><strong>etiam</strong></span> <span class='ocrx_word' id='word_1_558' title='bbox 1151 4076 1355 4147; x_wconf 79' lang='lat' dir='ltr'><strong>ingenii</strong></span> <span class='ocrx_word' id='word_1_559' title='bbox 1381 4075 1625 4132; x_wconf 90' lang='lat' dir='ltr'><strong>tenuitas</strong></span> <span class='ocrx_word' id='word_1_560' title='bbox 1645 4092 1729 4130; x_wconf 89' lang='lat' dir='ltr'><strong>me</strong></span> <span class='ocrx_word' id='word_1_561' title='bbox 1786 4075 1985 4145; x_wconf 78' lang='lat' dir='ltr'><strong>coegit.</strong></span> <span class='ocrx_word' id='word_1_562' title='bbox 2024 4070 2213 4143; x_wconf 81' lang='lat' dir='ltr'><strong>Neque</strong></span> <span class='ocrx_word' id='word_1_563' title='bbox 2238 4072 2385 4127; x_wconf 91' lang='lat' dir='ltr'><strong>enim</strong></span> <span class='ocrx_word' id='word_1_564' title='bbox 2413 4072 2553 4129; x_wconf 87' lang='lat' dir='ltr'><strong>adeo</strong></span> <span class='ocrx_word' id='word_1_565' title='bbox 2588 4073 2879 4130; x_wconf 76' lang='lat' dir='ltr'><strong>excellenti</strong></span> <span class='ocrx_word' id='word_1_566' title='bbox 2909 4075 3179 4146; x_wconf 68' lang='lat' dir='ltr'><strong>praeditus</strong></span> <span class='ocrx_word' id='word_1_567' title='bbox 3220 4091 3345 4133; x_wconf 82' lang='lat' dir='ltr'><strong>sum</strong></span> <span class='ocrx_word' id='word_1_568' title='bbox 3401 4077 3647 4149; x_wconf 86' lang='lat' dir='ltr'><strong>ingenio,</strong></span> <span class='ocrx_word' id='word_1_569' title='bbox 3712 4070 3715 4073; x_wconf 69' lang='grc'><em>’</em></span> 
     </span>
    </p>
   </div>
   <div class='ocr_carea' id='block_1_43' title="bbox 391 4159 3649 4236">
    <p class='ocr_par' dir='ltr' id='par_1_43' title="bbox 391 4159 3649 4236">
     <span class='ocr_line' id='line_1_43' title="bbox 391 4159 3649 4236; baseline 0.001 -17"><span class='ocrx_word' id='word_1_570' title='bbox 391 4176 471 4227; x_wconf 82' lang='grc' dir='ltr'><strong>ιιι,</strong></span> <span class='ocrx_word' id='word_1_571' title='bbox 504 4165 653 4219; x_wconf 88' lang='lat' dir='ltr'><strong>velut</strong></span> <span class='ocrx_word' id='word_1_572' title='bbox 680 4163 901 4219; x_wconf 86' lang='lat' dir='ltr'><strong>Phidias</strong></span> <span class='ocrx_word' id='word_1_573' title='bbox 942 4164 1142 4220; x_wconf 89' lang='lat' dir='ltr'><strong>statuis</strong></span> <span class='ocrx_word' id='word_1_574' title='bbox 1176 4178 1284 4220; x_wconf 90' lang='lat' dir='ltr'><strong>non</strong></span> <span class='ocrx_word' id='word_1_575' title='bbox 1338 4163 1517 4220; x_wconf 89' lang='lat' dir='ltr'><strong>solum</strong></span> <span class='ocrx_word' id='word_1_576' title='bbox 1566 4175 1745 4234; x_wconf 83' lang='lat' dir='ltr'><strong>aptam</strong></span> <span class='ocrx_word' id='word_1_577' title='bbox 1780 4162 2151 4219; x_wconf 90' lang='lat' dir='ltr'><strong>membrorum</strong></span> <span class='ocrx_word' id='word_1_578' title='bbox 2172 4159 2446 4216; x_wconf 90' lang='lat' dir='ltr'><strong>tribuebat</strong></span> <span class='ocrx_word' id='word_1_579' title='bbox 2470 4159 2842 4227; x_wconf 83' lang='lat' dir='ltr'><strong>harmoniam,</strong></span> <span class='ocrx_word' id='word_1_580' title='bbox 2885 4165 2981 4219; x_wconf 85' lang='lat' dir='ltr'><strong>sed</strong></span> <span class='ocrx_word' id='word_1_581' title='bbox 3012 4163 3176 4218; x_wconf 85' lang='lat' dir='ltr'><strong>etiam</strong></span> <span class='ocrx_word' id='word_1_582' title='bbox 3202 4163 3527 4236; x_wconf 84' lang='lat' dir='ltr'><strong>dignitatem</strong></span> <span class='ocrx_word' id='word_1_583' title='bbox 3592 4178 3649 4221; x_wconf 91' lang='lat' dir='ltr'><strong>et</strong></span> 
     </span>
    </p>
   </div>
   <div class='ocr_carea' id='block_1_44' title="bbox 392 4248 3650 4325">
    <p class='ocr_par' dir='ltr' id='par_1_44' title="bbox 392 4248 3650 4325">
     <span class='ocr_line' id='line_1_44' title="bbox 392 4248 3650 4325; baseline 0.002 -20"><span class='ocrx_word' id='word_1_584' title='bbox 392 4252 836 4324; x_wconf 85' lang='lat' dir='ltr'><strong>amplitudinem,</strong></span> <span class='ocrx_word' id='word_1_585' title='bbox 869 4252 944 4305; x_wconf 91' lang='lat' dir='ltr'><strong>ita</strong></span> <span class='ocrx_word' id='word_1_586' title='bbox 962 4260 1017 4307; x_wconf 90' lang='lat' dir='ltr'><strong>et</strong></span> <span class='ocrx_word' id='word_1_587' title='bbox 1041 4267 1141 4322; x_wconf 86' lang='lat' dir='ltr'><strong>ego</strong></span> <span class='ocrx_word' id='word_1_588' title='bbox 1162 4252 1403 4307; x_wconf 85' lang='lat' dir='ltr'><strong>versioni</strong></span> <span class='ocrx_word' id='word_1_589' title='bbox 1437 4250 1787 4322; x_wconf 85' lang='lat' dir='ltr'><strong>splendorem</strong></span> <span class='ocrx_word' id='word_1_590' title='bbox 1827 4248 2123 4321; x_wconf 74' lang='lat' dir='ltr'><strong>adiungere</strong></span> <span class='ocrx_word' id='word_1_591' title='bbox 2171 4249 2380 4320; x_wconf 89' lang='lat' dir='ltr'><strong>possim</strong></span> <span class='ocrx_word' id='word_1_592' title='bbox 2438 4248 2736 4320; x_wconf 87' lang='lat' dir='ltr'><strong>lumenque</strong></span> <span class='ocrx_word' id='word_1_593' title='bbox 2780 4250 3078 4307; x_wconf 85' lang='lat' dir='ltr'><strong>orationis.</strong></span> <span class='ocrx_word' id='word_1_594' title='bbox 3128 4250 3247 4322; x_wconf 82' lang='lat' dir='ltr'><strong>Ego</strong></span> <span class='ocrx_word' id='word_1_595' title='bbox 3299 4253 3485 4325; x_wconf 78' lang='lat' dir='ltr'><strong>itaque</strong></span> <span class='ocrx_word' id='word_1_596' title='bbox 3523 4269 3650 4311; x_wconf 82' lang='lat' dir='ltr'><strong>meo</strong></span> 
     </span>
    </p>
   </div>
   <div class='ocr_carea' id='block_1_45' title="bbox 392 4339 3651 4411">
    <p class='ocr_par' dir='ltr' id='par_1_45' title="bbox 392 4339 3651 4411">
     <span class='ocr_line' id='line_1_45' title="bbox 392 4339 3651 4411; baseline 0.001 -16"><span class='ocrx_word' id='word_1_597' title='bbox 392 4355 479 4395; x_wconf 80' lang='lat' dir='ltr'><strong>me</strong></span> <span class='ocrx_word' id='word_1_598' title='bbox 514 4340 649 4410; x_wconf 85' lang='lat' dir='ltr'><strong>pede</strong></span> <span class='ocrx_word' id='word_1_599' title='bbox 680 4340 877 4395; x_wconf 90' lang='lat' dir='ltr'><strong>metior</strong></span> <span class='ocrx_word' id='word_1_600' title='bbox 908 4357 922 4394; x_wconf 88' lang='lat'><strong>:</strong></span> <span class='ocrx_word' id='word_1_601' title='bbox 959 4355 1061 4396; x_wconf 89' lang='lat' dir='ltr'><strong>nec</strong></span> <span class='ocrx_word' id='word_1_602' title='bbox 1078 4355 1321 4411; x_wconf 87' lang='lat' dir='ltr'><strong>unquam</strong></span> <span class='ocrx_word' id='word_1_603' title='bbox 1361 4340 1509 4394; x_wconf 86' lang='lat' dir='ltr'><strong>aliud</strong></span> <span class='ocrx_word' id='word_1_604' title='bbox 1545 4355 1667 4410; x_wconf 77' lang='lat' dir='ltr'><strong>ago,</strong></span> <span class='ocrx_word' id='word_1_605' title='bbox 1708 4354 1896 4410; x_wconf 87' lang='lat' dir='ltr'><strong>quam,</strong></span> <span class='ocrx_word' id='word_1_606' title='bbox 1931 4339 2036 4395; x_wconf 87' lang='lat' dir='ltr'><strong>etsi</strong></span> <span class='ocrx_word' id='word_1_607' title='bbox 2070 4354 2180 4394; x_wconf 89' lang='lat' dir='ltr'><strong>non</strong></span> <span class='ocrx_word' id='word_1_608' title='bbox 2209 4339 2503 4395; x_wconf 87' lang='lat' dir='ltr'><strong>verborum</strong></span> <span class='ocrx_word' id='word_1_609' title='bbox 2535 4354 2851 4396; x_wconf 89' lang='lat' dir='ltr'><strong>mensuram</strong></span> <span class='ocrx_word' id='word_1_610' title='bbox 2911 4353 3311 4409; x_wconf 68' lang='lat' dir='ltr'><strong>annumerem,‘</strong></span> <span class='ocrx_word' id='word_1_611' title='bbox 3352 4350 3411 4399; x_wconf 81' lang='lat' dir='ltr'><strong>at</strong></span> <span class='ocrx_word' id='word_1_612' title='bbox 3454 4342 3651 4398; x_wconf 81' lang='lat' dir='ltr'><strong>saltent</strong></span> 
     </span>
    </p>
   </div>
   <div class='ocr_carea' id='block_1_46' title="bbox 395 4427 3641 4499">
    <p class='ocr_par' dir='ltr' id='par_1_46' title="bbox 395 4427 3641 4499">
     <span class='ocr_line' id='line_1_46' title="bbox 395 4427 3641 4499; baseline 0.001 -16"><span class='ocrx_word' id='word_1_613' title='bbox 395 4428 709 4484; x_wconf 64' lang='lat' dir='ltr'><strong>Graecarum</strong></span> <span class='ocrx_word' id='word_1_614' title='bbox 744 4428 1143 4484; x_wconf 89' lang='lat' dir='ltr'><strong>sententiarum</strong></span> <span class='ocrx_word' id='word_1_615' title='bbox 1173 4428 1391 4498; x_wconf 85' lang='lat' dir='ltr'><strong>pondus</strong></span> <span class='ocrx_word' id='word_1_616' title='bbox 1424 4427 1638 4483; x_wconf 88' lang='lat' dir='ltr'><strong>Latinis</strong></span> <span class='ocrx_word' id='word_1_617' title='bbox 1676 4428 2013 4499; x_wconf 85' lang='lat' dir='ltr'><strong>rependam:</strong></span> <span class='ocrx_word' id='word_1_618' title='bbox 2066 4428 2313 4498; x_wconf 82' lang='lat' dir='ltr'><strong>adeoque</strong></span> <span class='ocrx_word' id='word_1_619' title='bbox 2366 4429 2454 4485; x_wconf 84' lang='lat' dir='ltr'><strong>his</strong></span> <span class='ocrx_word' id='word_1_620' title='bbox 2516 4428 2611 4499; x_wconf 87' lang='lat' dir='ltr'><strong>qui</strong></span> <span class='ocrx_word' id='word_1_621' title='bbox 2667 4435 2885 4485; x_wconf 89' lang='lat' dir='ltr'><strong>tantum</strong></span> <span class='ocrx_word' id='word_1_622' title='bbox 2953 4427 3137 4485; x_wconf 89' lang='lat' dir='ltr'><strong>Latini</strong></span> <span class='ocrx_word' id='word_1_623' title='bbox 3168 4439 3301 4487; x_wconf 89' lang='lat' dir='ltr'><strong>sunt</strong></span> <span class='ocrx_word' id='word_1_624' title='bbox 3362 4430 3641 4495; x_wconf 86' lang='lat' dir='ltr'><strong>consului,</strong></span> 
     </span>
    </p>
   </div>
   <div class='ocr_carea' id='block_1_47' title="bbox 391 4515 3648 4590">
    <p class='ocr_par' dir='ltr' id='par_1_47' title="bbox 391 4515 3648 4590">
     <span class='ocr_line' id='line_1_47' title="bbox 391 4515 3648 4590; baseline 0.001 -20"><span class='ocrx_word' id='word_1_625' title='bbox 391 4525 451 4570; x_wconf 90' lang='lat' dir='ltr'><strong>ut</strong></span> <span class='ocrx_word' id='word_1_626' title='bbox 474 4531 544 4571; x_wconf 89' lang='lat' dir='ltr'><strong>ne</strong></span> <span class='ocrx_word' id='word_1_627' title='bbox 570 4516 795 4571; x_wconf 82' lang='lat' dir='ltr'><strong>verbum</strong></span> <span class='ocrx_word' id='word_1_628' title='bbox 826 4517 1045 4587; x_wconf 86' lang='lat' dir='ltr'><strong>quidem</strong></span> <span class='ocrx_word' id='word_1_629' title='bbox 1078 4515 1347 4582; x_wconf 85' lang='lat' dir='ltr'><strong>Graecum,</strong></span> <span class='ocrx_word' id='word_1_630' title='bbox 1388 4518 1567 4588; x_wconf 88' lang='lat' dir='ltr'><strong>quoad</strong></span> <span class='ocrx_word' id='word_1_631' title='bbox 1600 4515 1716 4571; x_wconf 86' lang='lat' dir='ltr'><strong>fieri</strong></span> <span class='ocrx_word' id='word_1_632' title='bbox 1779 4516 1956 4581; x_wconf 89' lang='lat' dir='ltr'><strong>licuit,</strong></span> <span class='ocrx_word' id='word_1_633' title='bbox 1988 4515 2357 4587; x_wconf 84' lang='lat' dir='ltr'><strong>relinquerem</strong></span> <span class='ocrx_word' id='word_1_634' title='bbox 2381 4531 2400 4572; x_wconf 85' lang='lat'><strong>:</strong></span> <span class='ocrx_word' id='word_1_635' title='bbox 2423 4515 2570 4588; x_wconf 90' lang='lat' dir='ltr'><strong>quod</strong></span> <span class='ocrx_word' id='word_1_636' title='bbox 2601 4516 2695 4571; x_wconf 90' lang='lat' dir='ltr'><strong>ubi</strong></span> <span class='ocrx_word' id='word_1_637' title='bbox 2727 4517 2938 4573; x_wconf 86' lang='lat' dir='ltr'><strong>servari</strong></span> <span class='ocrx_word' id='word_1_638' title='bbox 2988 4518 3261 4590; x_wconf 85' lang='lat' dir='ltr'><strong>nequivit,</strong></span> <span class='ocrx_word' id='word_1_639' title='bbox 3288 4517 3475 4575; x_wconf 87' lang='lat' dir='ltr'><strong>addidi</strong></span> <span class='ocrx_word' id='word_1_640' title='bbox 3509 4535 3648 4574; x_wconf 85' lang='lat' dir='ltr'><strong>con-</strong></span> 
     </span>
    </p>
   </div>
   <div class='ocr_carea' id='block_1_48' title="bbox 398 4603 3653 4676">
    <p class='ocr_par' dir='ltr' id='par_1_48' title="bbox 398 4603 3653 4676">
     <span class='ocr_line' id='line_1_48' title="bbox 398 4603 3653 4676; baseline 0.002 -20"><span class='ocrx_word' id='word_1_641' title='bbox 398 4604 577 4669; x_wconf 89' lang='lat' dir='ltr'><strong>tinuo,</strong></span> <span class='ocrx_word' id='word_1_642' title='bbox 611 4605 740 4674; x_wconf 90' lang='lat' dir='ltr'><strong>quid</strong></span> <span class='ocrx_word' id='word_1_643' title='bbox 782 4603 858 4658; x_wconf 92' lang='lat' dir='ltr'><strong>illi</strong></span> <span class='ocrx_word' id='word_1_644' title='bbox 913 4603 1109 4658; x_wconf 88' lang='lat' dir='ltr'><strong>Latine</strong></span> <span class='ocrx_word' id='word_1_645' title='bbox 1140 4603 1496 4674; x_wconf 89' lang='lat' dir='ltr'><strong>respondeat.</strong></span> <span class='ocrx_word' id='word_1_646' title='bbox 1528 4604 1852 4674; x_wconf 83' lang='lat' dir='ltr'><strong>Quanquam</strong></span> <span class='ocrx_word' id='word_1_647' title='bbox 1890 4616 2070 4667; x_wconf 83' lang='lat' dir='ltr'><strong>tamen</strong></span> <span class='ocrx_word' id='word_1_648' title='bbox 2101 4605 2155 4660; x_wconf 90' lang='lat' dir='ltr'><strong>id</strong></span> <span class='ocrx_word' id='word_1_649' title='bbox 2188 4606 2327 4663; x_wconf 89' lang='lat' dir='ltr'><strong>satis</strong></span> <span class='ocrx_word' id='word_1_650' title='bbox 2380 4606 2520 4670; x_wconf 87' lang='lat' dir='ltr'><strong>scio,</strong></span> <span class='ocrx_word' id='word_1_651' title='bbox 2580 4604 2719 4661; x_wconf 86' lang='lat' dir='ltr'><strong>nihil</strong></span> <span class='ocrx_word' id='word_1_652' title='bbox 2782 4605 2919 4665; x_wconf 87' lang='lat' dir='ltr'><strong>adeo</strong></span> <span class='ocrx_word' id='word_1_653' title='bbox 2998 4605 3119 4664; x_wconf 89' lang='lat' dir='ltr'><strong>fore</strong></span> <span class='ocrx_word' id='word_1_654' title='bbox 3170 4623 3239 4663; x_wconf 82' lang='lat' dir='ltr'><strong>ex</strong></span> <span class='ocrx_word' id='word_1_655' title='bbox 3294 4608 3444 4664; x_wconf 88' lang='lat' dir='ltr'><strong>omni</strong></span> <span class='ocrx_word' id='word_1_656' title='bbox 3496 4618 3653 4676; x_wconf 88' lang='lat' dir='ltr'><strong>parte</strong></span> 
     </span>
    </p>
   </div>
   <div class='ocr_carea' id='block_1_49' title="bbox 394 4691 3654 4767">
    <p class='ocr_par' dir='ltr' id='par_1_49' title="bbox 394 4691 3654 4767">
     <span class='ocr_line' id='line_1_49' title="bbox 394 4691 3654 4767; baseline 0.001 -21"><span class='ocrx_word' id='word_1_657' title='bbox 394 4693 639 4757; x_wconf 86' lang='lat' dir='ltr'><strong>beatum,</strong></span> <span class='ocrx_word' id='word_1_658' title='bbox 676 4700 736 4746; x_wconf 92' lang='lat' dir='ltr'><strong>ut</strong></span> <span class='ocrx_word' id='word_1_659' title='bbox 767 4700 1043 4748; x_wconf 87' lang='lat' dir='ltr'><strong>mereatur</strong></span> <span class='ocrx_word' id='word_1_660' title='bbox 1085 4693 1331 4747; x_wconf 86' lang='lat' dir='ltr'><strong>omnium</strong></span> <span class='ocrx_word' id='word_1_661' title='bbox 1379 4691 1574 4762; x_wconf 83' lang='lat' dir='ltr'><strong>plausu</strong></span> <span class='ocrx_word' id='word_1_662' title='bbox 1606 4692 1788 4764; x_wconf 79' lang='lat' dir='ltr'><strong>excipi</strong></span> <span class='ocrx_word' id='word_1_663' title='bbox 1824 4710 1840 4761; x_wconf 88' lang='lat'><strong>;</strong></span> <span class='ocrx_word' id='word_1_664' title='bbox 1868 4693 2029 4764; x_wconf 91' lang='lat' dir='ltr'><strong>idque</strong></span> <span class='ocrx_word' id='word_1_665' title='bbox 2069 4695 2201 4750; x_wconf 89' lang='lat' dir='ltr'><strong>adeo</strong></span> <span class='ocrx_word' id='word_1_666' title='bbox 2225 4708 2339 4749; x_wconf 87' lang='lat' dir='ltr'><strong>non</strong></span> <span class='ocrx_word' id='word_1_667' title='bbox 2370 4701 2520 4765; x_wconf 88' lang='lat' dir='ltr'><strong>peto,</strong></span> <span class='ocrx_word' id='word_1_668' title='bbox 2547 4701 2608 4750; x_wconf 92' lang='lat' dir='ltr'><strong>ut</strong></span> <span class='ocrx_word' id='word_1_669' title='bbox 2638 4694 2805 4751; x_wconf 88' lang='lat' dir='ltr'><strong>etiam</strong></span> <span class='ocrx_word' id='word_1_670' title='bbox 2838 4695 3017 4766; x_wconf 87' lang='lat' dir='ltr'><strong>magis</strong></span> <span class='ocrx_word' id='word_1_671' title='bbox 3049 4696 3153 4751; x_wconf 91' lang='lat' dir='ltr'><strong>hoc</strong></span> <span class='ocrx_word' id='word_1_672' title='bbox 3207 4704 3526 4767; x_wconf 89' lang='lat' dir='ltr'><strong>suspectum</strong></span> <span class='ocrx_word' id='word_1_673' title='bbox 3555 4695 3654 4750; x_wconf 90' lang='lat' dir='ltr'><strong>ba-</strong></span> 
     </span>
    </p>
   </div>
   <div class='ocr_carea' id='block_1_50' title="bbox 392 4780 3652 4854">
    <p class='ocr_par' dir='ltr' id='par_1_50' title="bbox 392 4780 3652 4854">
     <span class='ocr_line' id='line_1_50' title="bbox 392 4780 3652 4854; baseline 0.002 -20"><span class='ocrx_word' id='word_1_674' title='bbox 392 4782 598 4845; x_wconf 88' lang='lat' dir='ltr'><strong>berem,</strong></span> <span class='ocrx_word' id='word_1_675' title='bbox 654 4782 701 4837; x_wconf 91' lang='lat' dir='ltr'><strong>si</strong></span> <span class='ocrx_word' id='word_1_676' title='bbox 732 4795 888 4836; x_wconf 89' lang='lat' dir='ltr'><strong>meus</strong></span> <span class='ocrx_word' id='word_1_677' title='bbox 911 4781 1064 4836; x_wconf 90' lang='lat' dir='ltr'><strong>labor</strong></span> <span class='ocrx_word' id='word_1_678' title='bbox 1090 4781 1366 4835; x_wconf 77' lang='lat' dir='ltr'><strong>universis</strong></span> <span class='ocrx_word' id='word_1_679' title='bbox 1420 4780 1752 4852; x_wconf 84' lang='lat' dir='ltr'><strong>probaretur</strong></span> <span class='ocrx_word' id='word_1_680' title='bbox 1788 4798 1803 4834; x_wconf 91' lang='lat'><strong>:</strong></span> <span class='ocrx_word' id='word_1_681' title='bbox 1839 4797 1963 4836; x_wconf 90' lang='lat' dir='ltr'><strong>cum</strong></span> <span class='ocrx_word' id='word_1_682' title='bbox 2016 4782 2190 4837; x_wconf 87' lang='lat' dir='ltr'><strong>sciam</strong></span> <span class='ocrx_word' id='word_1_683' title='bbox 2223 4782 2505 4839; x_wconf 66' lang='lat' dir='ltr'><strong>inter&#39;tam</strong></span> <span class='ocrx_word' id='word_1_684' title='bbox 2557 4783 2709 4838; x_wconf 85' lang='lat' dir='ltr'><strong>varia</strong></span> <span class='ocrx_word' id='word_1_685' title='bbox 2753 4784 3041 4840; x_wconf 85' lang='lat' dir='ltr'><strong>hominum</strong></span> <span class='ocrx_word' id='word_1_686' title='bbox 3079 4784 3317 4854; x_wconf 85' lang='lat' dir='ltr'><strong>ingenia,</strong></span> <span class='ocrx_word' id='word_1_687' title='bbox 3358 4797 3481 4841; x_wconf 88' lang='lat' dir='ltr'><strong>esse</strong></span> <span class='ocrx_word' id='word_1_688' title='bbox 3540 4798 3652 4840; x_wconf 91' lang='lat' dir='ltr'><strong>non</strong></span> 
     </span>
    </p>
   </div>
   <div class='ocr_carea' id='block_1_51' title="bbox 395 4868 3654 4945">
    <p class='ocr_par' dir='ltr' id='par_1_51' title="bbox 395 4868 3654 4945">
     <span class='ocr_line' id='line_1_51' title="bbox 395 4868 3654 4945; baseline 0.002 -25"><span class='ocrx_word' id='word_1_689' title='bbox 395 4883 595 4938; x_wconf 84' lang='lat' dir='ltr'><strong>pauca,</strong></span> <span class='ocrx_word' id='word_1_690' title='bbox 623 4870 826 4939; x_wconf 88' lang='lat' dir='ltr'><strong>quibus</strong></span> <span class='ocrx_word' id='word_1_691' title='bbox 868 4884 986 4924; x_wconf 90' lang='lat' dir='ltr'><strong>mea</strong></span> <span class='ocrx_word' id='word_1_692' title='bbox 1017 4884 1124 4923; x_wconf 90' lang='lat' dir='ltr'><strong>non</strong></span> <span class='ocrx_word' id='word_1_693' title='bbox 1155 4868 1375 4940; x_wconf 83' lang='lat' dir='ltr'><strong>probari</strong></span> <span class='ocrx_word' id='word_1_694' title='bbox 1409 4868 1593 4923; x_wconf 77' lang='lat' dir='ltr'><strong>malim</strong></span> <span class='ocrx_word' id='word_1_695' title='bbox 1627 4884 1791 4940; x_wconf 85' lang='lat' dir='ltr'><strong>quam</strong></span> <span class='ocrx_word' id='word_1_696' title='bbox 1822 4870 2064 4939; x_wconf 87' lang='lat' dir='ltr'><strong>probari.</strong></span> <span class='ocrx_word' id='word_1_697' title='bbox 2100 4870 2385 4945; x_wconf 84' lang='lat' dir='ltr'><strong>Siquidem</strong></span> <span class='ocrx_word' id='word_1_698' title='bbox 2431 4886 2544 4929; x_wconf 89' lang='lat' dir='ltr'><strong>non</strong></span> <span class='ocrx_word' id='word_1_699' title='bbox 2586 4871 2863 4927; x_wconf 90' lang='lat' dir='ltr'><strong>immerito</strong></span> <span class='ocrx_word' id='word_1_700' title='bbox 2930 4871 3200 4937; x_wconf 86' lang='lat' dir='ltr'><strong>Phocion,</strong></span> <span class='ocrx_word' id='word_1_701' title='bbox 3249 4886 3411 4945; x_wconf 88' lang='lat' dir='ltr'><strong>quem</strong></span> <span class='ocrx_word' id='word_1_702' title='bbox 3462 4869 3654 4927; x_wconf 83' lang='lat' dir='ltr'><strong>Demo-</strong></span> 
     </span>
    </p>
   </div>
   <div class='ocr_carea' id='block_1_52' title="bbox 395 4955 3651 5030">
    <p class='ocr_par' dir='ltr' id='par_1_52' title="bbox 395 4955 3651 5030">
     <span class='ocr_line' id='line_1_52' title="bbox 395 4955 3651 5030; baseline 0.002 -23"><span class='ocrx_word' id='word_1_703' title='bbox 395 4955 623 5012; x_wconf 89' lang='lat' dir='ltr'><strong>sthenes</strong></span> <span class='ocrx_word' id='word_1_704' title='bbox 657 4970 884 5011; x_wconf 87' lang='lat' dir='ltr'><strong>suarum</strong></span> <span class='ocrx_word' id='word_1_705' title='bbox 921 4958 1233 5012; x_wconf 87' lang='lat' dir='ltr'><strong>orationum</strong></span> <span class='ocrx_word' id='word_1_706' title='bbox 1267 4955 1506 5012; x_wconf 91' lang='lat' dir='ltr'><strong>securim</strong></span> <span class='ocrx_word' id='word_1_707' title='bbox 1533 4971 1658 5012; x_wconf 88' lang='lat' dir='ltr'><strong>esse</strong></span> <span class='ocrx_word' id='word_1_708' title='bbox 1707 4957 1946 5022; x_wconf 83' lang='lat' dir='ltr'><strong>dicebat,</strong></span> <span class='ocrx_word' id='word_1_709' title='bbox 1980 4958 2072 5027; x_wconf 90' lang='lat' dir='ltr'><strong>qui</strong></span> <span class='ocrx_word' id='word_1_710' title='bbox 2098 4965 2152 5013; x_wconf 88' lang='lat' dir='ltr'><strong>et</strong></span> <span class='ocrx_word' id='word_1_711' title='bbox 2182 4967 2390 5014; x_wconf 89' lang='lat' dir='ltr'><strong>tantam</strong></span> <span class='ocrx_word' id='word_1_712' title='bbox 2419 4959 2589 5014; x_wconf 89' lang='lat' dir='ltr'><strong>animi</strong></span> <span class='ocrx_word' id='word_1_713' title='bbox 2645 4959 3014 5014; x_wconf 83' lang='lat' dir='ltr'><strong>constantiam</strong></span> <span class='ocrx_word' id='word_1_714' title='bbox 3078 4973 3297 5030; x_wconf 88' lang='lat' dir='ltr'><strong>semper</strong></span> <span class='ocrx_word' id='word_1_715' title='bbox 3335 4956 3610 5015; x_wconf 81' lang='lat' dir='ltr'><strong>referebat</strong></span> <span class='ocrx_word' id='word_1_716' title='bbox 3633 4999 3651 5023; x_wconf 92' lang='lat'><strong>,</strong></span> 
     </span>
    </p>
   </div>
   <div class='ocr_carea' id='block_1_53' title="bbox 392 5042 3655 5119">
    <p class='ocr_par' dir='ltr' id='par_1_53' title="bbox 392 5042 3655 5119">
     <span class='ocr_line' id='line_1_53' title="bbox 392 5042 3655 5119; baseline 0.002 -22"><span class='ocrx_word' id='word_1_717' title='bbox 392 5052 455 5097; x_wconf 93' lang='lat' dir='ltr'><strong>ut</strong></span> <span class='ocrx_word' id='word_1_718' title='bbox 509 5044 638 5097; x_wconf 86' lang='lat' dir='ltr'><strong>nulli</strong></span> <span class='ocrx_word' id='word_1_719' title='bbox 669 5058 908 5115; x_wconf 88' lang='lat' dir='ltr'><strong>unquam</strong></span> <span class='ocrx_word' id='word_1_720' title='bbox 940 5044 1093 5100; x_wconf 85' lang='lat' dir='ltr'><strong>visus</strong></span> <span class='ocrx_word' id='word_1_721' title='bbox 1121 5043 1195 5100; x_wconf 90' lang='lat' dir='ltr'><strong>sit</strong></span> <span class='ocrx_word' id='word_1_722' title='bbox 1252 5060 1354 5101; x_wconf 88' lang='lat' dir='ltr'><strong>nec</strong></span> <span class='ocrx_word' id='word_1_723' title='bbox 1384 5044 1567 5100; x_wconf 82' lang='lat' dir='ltr'><strong>ridere</strong></span> <span class='ocrx_word' id='word_1_724' title='bbox 1615 5058 1717 5099; x_wconf 89' lang='lat' dir='ltr'><strong>nec</strong></span> <span class='ocrx_word' id='word_1_725' title='bbox 1766 5042 1917 5110; x_wconf 88' lang='lat' dir='ltr'><strong>flere,</strong></span> <span class='ocrx_word' id='word_1_726' title='bbox 1946 5059 2070 5099; x_wconf 91' lang='lat' dir='ltr'><strong>cum</strong></span> <span class='ocrx_word' id='word_1_727' title='bbox 2101 5045 2190 5102; x_wconf 91' lang='lat' dir='ltr'><strong>die</strong></span> <span class='ocrx_word' id='word_1_728' title='bbox 2223 5046 2461 5118; x_wconf 85' lang='lat' dir='ltr'><strong>quadarn</strong></span> <span class='ocrx_word' id='word_1_729' title='bbox 2505 5046 2721 5112; x_wconf 87' lang='lat' dir='ltr'><strong>dicens,</strong></span> <span class='ocrx_word' id='word_1_730' title='bbox 2771 5045 2977 5102; x_wconf 86' lang='lat' dir='ltr'><strong>videret</strong></span> <span class='ocrx_word' id='word_1_731' title='bbox 3020 5046 3229 5119; x_wconf 89' lang='lat' dir='ltr'><strong>pariter</strong></span> <span class='ocrx_word' id='word_1_732' title='bbox 3278 5046 3349 5102; x_wconf 87' lang='lat' dir='ltr'><strong>ab</strong></span> <span class='ocrx_word' id='word_1_733' title='bbox 3398 5046 3655 5103; x_wconf 85' lang='lat' dir='ltr'><strong>omnibus</strong></span> 
     </span>
    </p>
   </div>
   <div class='ocr_carea' id='block_1_54' title="bbox 404 5131 3658 5205">
    <p class='ocr_par' dir='ltr' id='par_1_54' title="bbox 404 5131 3658 5205">
     <span class='ocr_line' id='line_1_54' title="bbox 404 5131 3658 5205; baseline 0.002 -23"><span class='ocrx_word' id='word_1_734' title='bbox 404 5132 697 5200; x_wconf 80' lang='lat' dir='ltr'><strong>approbari</strong></span> <span class='ocrx_word' id='word_1_735' title='bbox 730 5147 1065 5195; x_wconf 88' lang='lat' dir='ltr'><strong>sermonem,</strong></span> <span class='ocrx_word' id='word_1_736' title='bbox 1144 5146 1443 5187; x_wconf 88' lang='lat' dir='ltr'><strong>conversus</strong></span> <span class='ocrx_word' id='word_1_737' title='bbox 1492 5131 1559 5186; x_wconf 89' lang='lat' dir='ltr'><strong>ad</strong></span> <span class='ocrx_word' id='word_1_738' title='bbox 1593 5131 1801 5187; x_wconf 80' lang='lat' dir='ltr'><strong>amicos</strong></span> <span class='ocrx_word' id='word_1_739' title='bbox 1830 5149 1843 5185; x_wconf 85' lang='lat'><strong>:</strong></span> <span class='ocrx_word' id='word_1_740' title='bbox 1873 5131 2038 5203; x_wconf 86' lang='lat' dir='ltr'><strong>Quid,</strong></span> <span class='ocrx_word' id='word_1_741' title='bbox 2071 5132 2270 5205; x_wconf 88' lang='lat' dir='ltr'><strong>inquit,</strong></span> <span class='ocrx_word' id='word_1_742' title='bbox 2307 5149 2438 5190; x_wconf 89' lang='lat' dir='ltr'><strong>num</strong></span> <span class='ocrx_word' id='word_1_743' title='bbox 2484 5132 2612 5189; x_wconf 85' lang='lat' dir='ltr'><strong>mali</strong></span> <span class='ocrx_word' id='word_1_744' title='bbox 2666 5133 2947 5205; x_wconf 87' lang='lat' dir='ltr'><strong>quidpiam</strong></span> <span class='ocrx_word' id='word_1_745' title='bbox 2972 5134 3086 5190; x_wconf 77' lang='lat' dir='ltr'><strong>dixi</strong></span> <span class='ocrx_word' id='word_1_746' title='bbox 3123 5132 3479 5205; x_wconf 85' lang='lat' dir='ltr'><strong>imprudens?</strong></span> <span class='ocrx_word' id='word_1_747' title='bbox 3500 5132 3658 5200; x_wconf 85' lang='lat' dir='ltr'><strong>Quod</strong></span> 
     </span>
    </p>
   </div>
   <div class='ocr_carea' id='block_1_55' title="bbox 396 5219 3657 5294">
    <p class='ocr_par' dir='ltr' id='par_1_55' title="bbox 396 5219 3657 5294">
     <span class='ocr_line' id='line_1_55' title="bbox 396 5219 3657 5294; baseline 0.002 -24"><span class='ocrx_word' id='word_1_748' title='bbox 396 5221 442 5272; x_wconf 81' lang='lat' dir='ltr'><strong>si</strong></span> <span class='ocrx_word' id='word_1_749' title='bbox 467 5220 629 5273; x_wconf 86' lang='lat' dir='ltr'><strong>etiam</strong></span> <span class='ocrx_word' id='word_1_750' title='bbox 678 5220 884 5290; x_wconf 87' lang='lat' dir='ltr'><strong>aliquid</strong></span> <span class='ocrx_word' id='word_1_751' title='bbox 914 5219 1233 5290; x_wconf 88' lang='lat' dir='ltr'><strong>portulerim</strong></span> <span class='ocrx_word' id='word_1_752' title='bbox 1262 5219 1422 5276; x_wconf 89' lang='lat' dir='ltr'><strong>laude</strong></span> <span class='ocrx_word' id='word_1_753' title='bbox 1452 5219 1702 5293; x_wconf 81' lang='lat' dir='ltr'><strong>dignum,</strong></span> <span class='ocrx_word' id='word_1_754' title='bbox 1732 5222 1783 5275; x_wconf 91' lang='lat' dir='ltr'><strong>id</strong></span> <span class='ocrx_word' id='word_1_755' title='bbox 1817 5230 1996 5276; x_wconf 87' lang='lat' dir='ltr'><strong>tamen</strong></span> <span class='ocrx_word' id='word_1_756' title='bbox 2045 5222 2180 5279; x_wconf 89' lang='lat' dir='ltr'><strong>mihi</strong></span> <span class='ocrx_word' id='word_1_757' title='bbox 2207 5238 2313 5277; x_wconf 89' lang='lat' dir='ltr'><strong>non</strong></span> <span class='ocrx_word' id='word_1_758' title='bbox 2346 5222 2733 5278; x_wconf 89' lang='lat' dir='ltr'><strong>ascribendum</strong></span> <span class='ocrx_word' id='word_1_759' title='bbox 2767 5230 2874 5290; x_wconf 90' lang='lat' dir='ltr'><strong>cst,</strong></span> <span class='ocrx_word' id='word_1_760' title='bbox 2904 5222 3000 5279; x_wconf 84' lang='lat' dir='ltr'><strong>sed</strong></span> <span class='ocrx_word' id='word_1_761' title='bbox 3047 5221 3304 5291; x_wconf 87' lang='lat' dir='ltr'><strong>Domino,</strong></span> <span class='ocrx_word' id='word_1_762' title='bbox 3349 5239 3380 5278; x_wconf 87' lang='lat' dir='ltr'><strong>a</strong></span> <span class='ocrx_word' id='word_1_763' title='bbox 3428 5237 3540 5294; x_wconf 91' lang='lat' dir='ltr'><strong>quo</strong></span> <span class='ocrx_word' id='word_1_764' title='bbox 3571 5231 3657 5277; x_wconf 87' lang='lat' dir='ltr'><strong>est</strong></span> 
     </span>
    </p>
   </div>
   <div class='ocr_carea' id='block_1_56' title="bbox 399 5309 3659 5383">
    <p class='ocr_par' dir='ltr' id='par_1_56' title="bbox 399 5309 3659 5383">
     <span class='ocr_line' id='line_1_56' title="bbox 399 5309 3659 5383; baseline 0.001 -19"><span class='ocrx_word' id='word_1_765' title='bbox 399 5312 584 5365; x_wconf 79' lang='lat' dir='ltr'><strong>orunis</strong></span> <span class='ocrx_word' id='word_1_766' title='bbox 615 5310 843 5369; x_wconf 87' lang='lat' dir='ltr'><strong>donatio</strong></span> <span class='ocrx_word' id='word_1_767' title='bbox 896 5312 1064 5378; x_wconf 86' lang='lat' dir='ltr'><strong>bona,</strong></span> <span class='ocrx_word' id='word_1_768' title='bbox 1097 5327 1367 5383; x_wconf 88' lang='lat' dir='ltr'><strong>omneque</strong></span> <span class='ocrx_word' id='word_1_769' title='bbox 1428 5311 1632 5366; x_wconf 89' lang='lat' dir='ltr'><strong>donum</strong></span> <span class='ocrx_word' id='word_1_770' title='bbox 1674 5311 1978 5383; x_wconf 88' lang='lat' dir='ltr'><strong>perfectum</strong></span> <span class='ocrx_word' id='word_1_771' title='bbox 2013 5310 2052 5365; x_wconf 73' lang='grc'><strong>⁸.</strong></span> <span class='ocrx_word' id='word_1_772' title='bbox 2097 5309 2254 5377; x_wconf 82' lang='lat' dir='ltr'><strong>Quod</strong></span> <span class='ocrx_word' id='word_1_773' title='bbox 2314 5325 2424 5369; x_wconf 89' lang='lat' dir='ltr'><strong>non</strong></span> <span class='ocrx_word' id='word_1_774' title='bbox 2460 5309 2757 5367; x_wconf 86' lang='lat' dir='ltr'><strong>Christiani</strong></span> <span class='ocrx_word' id='word_1_775' title='bbox 2811 5318 3022 5367; x_wconf 87' lang='lat' dir='ltr'><strong>tantum</strong></span> <span class='ocrx_word' id='word_1_776' title='bbox 3093 5320 3389 5377; x_wconf 86' lang='lat' dir='ltr'><strong>noverunt,</strong></span> <span class='ocrx_word' id='word_1_777' title='bbox 3436 5325 3659 5366; x_wconf 86' lang='lat' dir='ltr'><strong>verum-</strong></span> 
     </span>
    </p>
   </div>
   <div class='ocr_carea' id='block_1_57' title="bbox 393 5398 3660 5474">
    <p class='ocr_par' dir='ltr' id='par_1_57' title="bbox 393 5398 3660 5474">
     <span class='ocr_line' id='line_1_57' title="bbox 393 5398 3660 5474; baseline 0.001 -22"><span class='ocrx_word' id='word_1_778' title='bbox 393 5402 558 5452; x_wconf 84' lang='lat' dir='ltr'><strong>etiam</strong></span> <span class='ocrx_word' id='word_1_779' title='bbox 608 5400 834 5463; x_wconf 89' lang='lat' dir='ltr'><strong>ethnici,</strong></span> <span class='ocrx_word' id='word_1_780' title='bbox 880 5400 974 5474; x_wconf 89' lang='lat' dir='ltr'><strong>qui</strong></span> <span class='ocrx_word' id='word_1_781' title='bbox 1020 5401 1207 5455; x_wconf 88' lang='lat' dir='ltr'><strong>nescio</strong></span> <span class='ocrx_word' id='word_1_782' title='bbox 1228 5400 1428 5470; x_wconf 89' lang='lat' dir='ltr'><strong>quibus</strong></span> <span class='ocrx_word' id='word_1_783' title='bbox 1452 5400 1593 5457; x_wconf 89' lang='lat' dir='ltr'><strong>fictis</strong></span> <span class='ocrx_word' id='word_1_784' title='bbox 1619 5416 1649 5454; x_wconf 89' lang='lat' dir='ltr'><strong>a</strong></span> <span class='ocrx_word' id='word_1_785' title='bbox 1680 5416 1739 5455; x_wconf 91' lang='lat' dir='ltr'><strong>se</strong></span> <span class='ocrx_word' id='word_1_786' title='bbox 1768 5399 1874 5455; x_wconf 90' lang='lat' dir='ltr'><strong>diis</strong></span> <span class='ocrx_word' id='word_1_787' title='bbox 1905 5398 2214 5455; x_wconf 84' lang='lat' dir='ltr'><strong>referebant</strong></span> <span class='ocrx_word' id='word_1_788' title='bbox 2245 5407 2552 5468; x_wconf 90' lang='lat' dir='ltr'><strong>acceptum,</strong></span> <span class='ocrx_word' id='word_1_789' title='bbox 2577 5400 2840 5470; x_wconf 80' lang='lat' dir='ltr'><strong>quidquid</strong></span> <span class='ocrx_word' id='word_1_790' title='bbox 2862 5415 2891 5455; x_wconf 89' lang='lat' dir='ltr'><strong>a</strong></span> <span class='ocrx_word' id='word_1_791' title='bbox 2928 5415 2987 5456; x_wconf 89' lang='lat' dir='ltr'><strong>se</strong></span> <span class='ocrx_word' id='word_1_792' title='bbox 3008 5407 3360 5472; x_wconf 86' lang='lat' dir='ltr'><strong>perageretur</strong></span> <span class='ocrx_word' id='word_1_793' title='bbox 3392 5400 3542 5456; x_wconf 88' lang='lat' dir='ltr'><strong>boni.</strong></span> <span class='ocrx_word' id='word_1_794' title='bbox 3592 5399 3660 5453; x_wconf 83' lang='lat' dir='ltr'><strong>Et</strong></span> 
     </span>
    </p>
   </div>
   <div class='ocr_carea' id='block_1_58' title="bbox 398 5484 3659 5562">
    <p class='ocr_par' dir='ltr' id='par_1_58' title="bbox 398 5484 3659 5562">
     <span class='ocr_line' id='line_1_58' title="bbox 398 5484 3659 5562; baseline 0.001 -23"><span class='ocrx_word' id='word_1_795' title='bbox 398 5484 527 5541; x_wconf 85' lang='lat' dir='ltr'><strong>hinc</strong></span> <span class='ocrx_word' id='word_1_796' title='bbox 582 5497 667 5543; x_wconf 90' lang='lat' dir='ltr'><strong>est</strong></span> <span class='ocrx_word' id='word_1_797' title='bbox 688 5490 832 5559; x_wconf 91' lang='lat' dir='ltr'><strong>quod</strong></span> <span class='ocrx_word' id='word_1_798' title='bbox 885 5489 1180 5560; x_wconf 72' lang='lat' dir='ltr'><strong>praeclarus</strong></span> <span class='ocrx_word' id='word_1_799' title='bbox 1209 5489 1299 5543; x_wconf 90' lang='lat' dir='ltr'><strong>ille</strong></span> <span class='ocrx_word' id='word_1_800' title='bbox 1330 5490 1439 5544; x_wconf 76' lang='lat' dir='ltr'><strong>dux</strong></span> <span class='ocrx_word' id='word_1_801' title='bbox 1473 5488 1667 5562; x_wconf 82' lang='lat' dir='ltr'><strong>Pytho,</strong></span> <span class='ocrx_word' id='word_1_802' title='bbox 1691 5488 2119 5544; x_wconf 83' lang='lat' dir='ltr'><strong>Atheniensibus</strong></span> <span class='ocrx_word' id='word_1_803' title='bbox 2149 5487 2219 5543; x_wconf 90' lang='lat' dir='ltr'><strong>ob</strong></span> <span class='ocrx_word' id='word_1_804' title='bbox 2250 5491 2339 5544; x_wconf 77' lang='lat' dir='ltr'><strong>res</strong></span> <span class='ocrx_word' id='word_1_805' title='bbox 2387 5486 2618 5543; x_wconf 91' lang='lat' dir='ltr'><strong>feliciter</strong></span> <span class='ocrx_word' id='word_1_806' title='bbox 2662 5495 2850 5559; x_wconf 88' lang='lat' dir='ltr'><strong>gestas</strong></span> <span class='ocrx_word' id='word_1_807' title='bbox 2880 5489 3060 5558; x_wconf 87' lang='lat' dir='ltr'><strong>ipsum</strong></span> <span class='ocrx_word' id='word_1_808' title='bbox 3115 5488 3539 5553; x_wconf 88' lang='lat' dir='ltr'><strong>admirantibus,</strong></span> <span class='ocrx_word' id='word_1_809' title='bbox 3593 5500 3659 5540; x_wconf 83' lang='lat' dir='ltr'><strong>ac</strong></span> 
     </span>
    </p>
   </div>
   <div class='ocr_carea' id='block_1_59' title="bbox 397 5574 3658 5649">
    <p class='ocr_par' dir='ltr' id='par_1_59' title="bbox 397 5574 3658 5649">
     <span class='ocr_line' id='line_1_59' title="bbox 397 5574 3658 5649; baseline -0 -20"><span class='ocrx_word' id='word_1_810' title='bbox 397 5575 842 5642; x_wconf 80' lang='lat' dir='ltr'><strong>praedicantibus,</strong></span> <span class='ocrx_word' id='word_1_811' title='bbox 902 5577 1047 5648; x_wconf 90' lang='lat' dir='ltr'><strong>quod</strong></span> <span class='ocrx_word' id='word_1_812' title='bbox 1071 5577 1248 5649; x_wconf 79' lang='lat' dir='ltr'><strong>Cotyn</strong></span> <span class='ocrx_word' id='word_1_813' title='bbox 1311 5592 1492 5649; x_wconf 88' lang='lat' dir='ltr'><strong>regem</strong></span> <span class='ocrx_word' id='word_1_814' title='bbox 1514 5578 1907 5640; x_wconf 89' lang='lat' dir='ltr'><strong>interemisset,</strong></span> <span class='ocrx_word' id='word_1_815' title='bbox 1936 5576 2096 5645; x_wconf 80' lang='lat' dir='ltr'><strong>Diis,</strong></span> <span class='ocrx_word' id='word_1_816' title='bbox 2128 5576 2330 5647; x_wconf 85' lang='lat' dir='ltr'><strong>inquit,</strong></span> <span class='ocrx_word' id='word_1_817' title='bbox 2362 5575 2617 5633; x_wconf 88' lang='lat' dir='ltr'><strong>habenda</strong></span> <span class='ocrx_word' id='word_1_818' title='bbox 2647 5585 2732 5632; x_wconf 90' lang='lat' dir='ltr'><strong>est</strong></span> <span class='ocrx_word' id='word_1_819' title='bbox 2756 5577 3175 5648; x_wconf 84' lang='lat' dir='ltr'><strong>gratia,quibus</strong></span> <span class='ocrx_word' id='word_1_820' title='bbox 3208 5575 3526 5633; x_wconf 87' lang='lat' dir='ltr'><strong>auctoribus</strong></span> <span class='ocrx_word' id='word_1_821' title='bbox 3552 5574 3658 5629; x_wconf 89' lang='lat' dir='ltr'><strong>hoc</strong></span> 
     </span>
    </p>
   </div>
   <div class='ocr_carea' id='block_1_60' title="bbox 396 5659 3009 5736">
    <p class='ocr_par' dir='ltr' id='par_1_60' title="bbox 396 5659 3009 5736">
     <span class='ocr_line' id='line_1_60' title="bbox 396 5659 3009 5736; baseline 0.002 -21"><span class='ocrx_word' id='word_1_822' title='bbox 396 5659 612 5718; x_wconf 83' lang='lat' dir='ltr'><strong>facinus</strong></span> <span class='ocrx_word' id='word_1_823' title='bbox 646 5674 859 5736; x_wconf 88' lang='lat' dir='ltr'><strong>gestum</strong></span> <span class='ocrx_word' id='word_1_824' title='bbox 889 5674 1009 5734; x_wconf 88' lang='lat' dir='ltr'><strong>est;</strong></span> <span class='ocrx_word' id='word_1_825' title='bbox 1046 5679 1172 5720; x_wconf 88' lang='lat' dir='ltr'><strong>nam</strong></span> <span class='ocrx_word' id='word_1_826' title='bbox 1208 5665 1324 5736; x_wconf 90' lang='lat' dir='ltr'><strong>ipse</strong></span> <span class='ocrx_word' id='word_1_827' title='bbox 1364 5666 1440 5718; x_wconf 91' lang='lat' dir='ltr'><strong>nil</strong></span> <span class='ocrx_word' id='word_1_828' title='bbox 1470 5665 1615 5719; x_wconf 88' lang='lat' dir='ltr'><strong>aliud</strong></span> <span class='ocrx_word' id='word_1_829' title='bbox 1638 5679 1801 5735; x_wconf 90' lang='lat' dir='ltr'><strong>quam</strong></span> <span class='ocrx_word' id='word_1_830' title='bbox 1822 5680 2046 5719; x_wconf 88' lang='lat' dir='ltr'><strong>manum</strong></span> <span class='ocrx_word' id='word_1_831' title='bbox 2074 5675 2130 5720; x_wconf 90' lang='lat' dir='ltr'><strong>et</strong></span> <span class='ocrx_word' id='word_1_832' title='bbox 2159 5679 2384 5736; x_wconf 87' lang='lat' dir='ltr'><strong>operam</strong></span> <span class='ocrx_word' id='word_1_833' title='bbox 2434 5678 2614 5721; x_wconf 83' lang='lat' dir='ltr'><strong>meam</strong></span> <span class='ocrx_word' id='word_1_834' title='bbox 2638 5663 3009 5720; x_wconf 80' lang='lat' dir='ltr'><strong>commodavi.</strong></span> 
     </span>
    </p>
   </div>
   <div class='ocr_carea' id='block_1_61' title="bbox 470 5771 3658 5846">
    <p class='ocr_par' dir='ltr' id='par_1_61' title="bbox 470 5771 3658 5846">
     <span class='ocr_line' id='line_1_61' title="bbox 470 5771 3658 5846; baseline -0 -18"><span class='ocrx_word' id='word_1_835' title='bbox 470 5771 682 5838; x_wconf 86' lang='lat' dir='ltr'><strong>Quanta</strong></span> <span class='ocrx_word' id='word_1_836' title='bbox 726 5785 909 5830; x_wconf 90' lang='lat' dir='ltr'><strong>autem</strong></span> <span class='ocrx_word' id='word_1_837' title='bbox 943 5776 1015 5830; x_wconf 91' lang='lat' dir='ltr'><strong>sit</strong></span> <span class='ocrx_word' id='word_1_838' title='bbox 1037 5776 1232 5832; x_wconf 90' lang='lat' dir='ltr'><strong>horum</strong></span> <span class='ocrx_word' id='word_1_839' title='bbox 1270 5776 1793 5832; x_wconf 88' lang='lat' dir='ltr'><strong>commentariorum</strong></span> <span class='ocrx_word' id='word_1_840' title='bbox 1819 5776 2047 5843; x_wconf 87' lang='lat' dir='ltr'><strong>utilitas,</strong></span> <span class='ocrx_word' id='word_1_841' title='bbox 2092 5793 2161 5832; x_wconf 88' lang='lat' dir='ltr'><strong>ne</strong></span> <span class='ocrx_word' id='word_1_842' title='bbox 2197 5776 2378 5831; x_wconf 79' lang='lat' dir='ltr'><strong>dicam</strong></span> <span class='ocrx_word' id='word_1_843' title='bbox 2438 5776 2764 5840; x_wconf 87' lang='lat' dir='ltr'><strong>necessitas,</strong></span> <span class='ocrx_word' id='word_1_844' title='bbox 2809 5775 2969 5832; x_wconf 88' lang='lat' dir='ltr'><strong>facile</strong></span> <span class='ocrx_word' id='word_1_845' title='bbox 2999 5775 3180 5846; x_wconf 87' lang='lat' dir='ltr'><strong>quivis</strong></span> <span class='ocrx_word' id='word_1_846' title='bbox 3213 5774 3527 5846; x_wconf 86' lang='lat' dir='ltr'><strong>perspicere</strong></span> <span class='ocrx_word' id='word_1_847' title='bbox 3557 5786 3658 5843; x_wconf 81' lang='lat' dir='ltr'><strong>po-</strong></span> 
     </span>
    </p>
   </div>
   <div class='ocr_carea' id='block_1_62' title="bbox 400 5860 3659 5932">
    <p class='ocr_par' dir='ltr' id='par_1_62' title="bbox 400 5860 3659 5932">
     <span class='ocr_line' id='line_1_62' title="bbox 400 5860 3659 5932; baseline 0.001 -21"><span class='ocrx_word' id='word_1_848' title='bbox 400 5862 548 5925; x_wconf 78' lang='lat' dir='ltr'><strong>terit,</strong></span> <span class='ocrx_word' id='word_1_849' title='bbox 576 5863 669 5931; x_wconf 91' lang='lat' dir='ltr'><strong>qui</strong></span> <span class='ocrx_word' id='word_1_850' title='bbox 710 5866 807 5919; x_wconf 84' lang='lat' dir='ltr'><strong>vel&#39;</strong></span> <span class='ocrx_word' id='word_1_851' title='bbox 830 5864 934 5919; x_wconf 92' lang='lat' dir='ltr'><strong>hoc</strong></span> <span class='ocrx_word' id='word_1_852' title='bbox 986 5880 1157 5919; x_wconf 91' lang='lat' dir='ltr'><strong>unum</strong></span> <span class='ocrx_word' id='word_1_853' title='bbox 1189 5863 1646 5929; x_wconf 83' lang='lat' dir='ltr'><strong>consideravcrit,</strong></span> <span class='ocrx_word' id='word_1_854' title='bbox 1675 5863 1820 5932; x_wconf 82' lang='lat' dir='ltr'><strong>quod</strong></span> <span class='ocrx_word' id='word_1_855' title='bbox 1865 5865 1918 5917; x_wconf 88' lang='lat' dir='ltr'><strong>in</strong></span> <span class='ocrx_word' id='word_1_856' title='bbox 1952 5865 2054 5919; x_wconf 91' lang='lat' dir='ltr'><strong>hos</strong></span> <span class='ocrx_word' id='word_1_857' title='bbox 2094 5863 2267 5919; x_wconf 86' lang='lat' dir='ltr'><strong>divini</strong></span> <span class='ocrx_word' id='word_1_858' title='bbox 2314 5863 2671 5920; x_wconf 89' lang='lat' dir='ltr'><strong>lnstrumenti</strong></span> <span class='ocrx_word' id='word_1_859' title='bbox 2722 5864 2917 5932; x_wconf 90' lang='lat' dir='ltr'><strong>libros,</strong></span> <span class='ocrx_word' id='word_1_860' title='bbox 2957 5864 3095 5919; x_wconf 88' lang='lat' dir='ltr'><strong>nihil</strong></span> <span class='ocrx_word' id='word_1_861' title='bbox 3136 5866 3402 5921; x_wconf 84' lang='lat' dir='ltr'><strong>hactenus</strong></span> <span class='ocrx_word' id='word_1_862' title='bbox 3431 5860 3659 5932; x_wconf 81' lang='lat' dir='ltr'><strong>prodiit,</strong></span> 
     </span>
    </p>
   </div>
   <div class='ocr_carea' id='block_1_63' title="bbox 483 5995 2085 6076">
    <p class='ocr_par' dir='ltr' id='par_1_63' title="bbox 483 5995 2085 6071">
     <span class='ocr_line' id='line_1_63' title="bbox 483 5995 2085 6071; baseline 0.003 -19"><span class='ocrx_word' id='word_1_863' title='bbox 483 5995 691 6069; x_wconf 69' lang='lat' dir='ltr'><strong>‘Sap.r</strong></span> <span class='ocrx_word' id='word_1_864' title='bbox 731 6015 849 6071; x_wconf 86' lang='lat' dir='ltr'><strong>seq.</strong></span> <span class='ocrx_word' id='word_1_865' title='bbox 925 6000 1127 6059; x_wconf 76' lang='lat' dir='ltr'><strong>&#39;Joau.</strong></span> <span class='ocrx_word' id='word_1_866' title='bbox 1176 6002 1343 6071; x_wconf 71' lang='lat' dir='ltr'><strong>v,t5.</strong></span> <span class='ocrx_word' id='word_1_867' title='bbox 1418 6003 1439 6036; x_wconf 89' lang='grc'>³</span> <span class='ocrx_word' id='word_1_868' title='bbox 1467 5999 1624 6058; x_wconf 83' lang='lat' dir='ltr'><strong>Joan.</strong></span> <span class='ocrx_word' id='word_1_869' title='bbox 1655 6018 1763 6070; x_wconf 79' lang='lat' dir='ltr'><strong>xvr,</strong></span> <span class='ocrx_word' id='word_1_870' title='bbox 1802 6002 1889 6059; x_wconf 76' lang='grc'><strong>15.</strong></span> <span class='ocrx_word' id='word_1_871' title='bbox 1965 6002 2085 6058; x_wconf 69' lang='grc' dir='ltr'><strong>ιιω</strong></span> 
     </span>
    </p>
   </div>
   <div class='ocr_carea' id='block_1_64' title="bbox 820 5995 2422 6076">
    <p class='ocr_par' dir='ltr' id='par_1_64' title="bbox 820 5999 2422 6076">
     <span class='ocr_line' id='line_1_64' title="bbox 820 5999 2422 6076; baseline 0 -20"><span class='ocrx_word' id='word_1_872' title='bbox 820 6017 849 6071; x_wconf 85' lang='grc'><strong>[.</strong></span> <span class='ocrx_word' id='word_1_873' title='bbox 925 6000 1127 6059; x_wconf 76' lang='lat' dir='ltr'><strong>&#39;Joan.</strong></span> <span class='ocrx_word' id='word_1_874' title='bbox 1176 6002 1343 6071; x_wconf 71' lang='lat' dir='ltr'><strong>v,t5.</strong></span> <span class='ocrx_word' id='word_1_875' title='bbox 1418 6003 1439 6036; x_wconf 89' lang='grc'>³</span> <span class='ocrx_word' id='word_1_876' title='bbox 1467 5999 1624 6058; x_wconf 83' lang='lat' dir='ltr'><strong>Joan.</strong></span> <span class='ocrx_word' id='word_1_877' title='bbox 1655 6018 1763 6070; x_wconf 79' lang='lat' dir='ltr'><strong>xvr,</strong></span> <span class='ocrx_word' id='word_1_878' title='bbox 1802 6002 1889 6059; x_wconf 76' lang='grc'><strong>15.</strong></span> <span class='ocrx_word' id='word_1_879' title='bbox 1965 6002 2197 6060; x_wconf 67' lang='lat' dir='ltr'><strong>‘Iacob.</strong></span> <span class='ocrx_word' id='word_1_880' title='bbox 2228 6014 2422 6076; x_wconf 58' lang='lat' dir='ltr'><strong>{seqq</strong></span> 
     </span>
    </p>
   </div>
  </div>
