4058 6552
408 501 472 565 15
574 490 584 502 â€™
1430 489 1893 551 (ECUMENIUS
1929 490 2218 549 TRICCJi
2248 489 2672 553 EPISCOPUS.
3605 489 3669 556 16

402 614 546 685 quod
571 611 704 669 satis
734 610 917 666 animo
942 607 1120 664 facere
1151 613 1354 676 posset.
1387 602 1666 675 Siquidem
1699 604 1752 658 in
1785 605 1918 659 Acta
1948 585 2125 659 solum
2164 604 2429 660 habemus
2462 605 2942 677 Chrysoslomum.
2987 604 3030 661 si
3057 613 3235 660 tamen
3265 605 3309 659 is
3342 602 3668 677 Cluysoslo-

407 717 529 757 mus
550 708 654 764 est,
685 699 776 770 qui
808 698 968 753 etiam
995 695 1197 765 ubique
1224 693 1275 748 id
1308 691 1487 763 potius
1511 706 1670 758 agere
1694 691 1852 758 solet,
1887 699 1946 745 ut
1978 693 2227 747 homines
2253 707 2280 745 a
2306 693 2453 749 vitiis
2489 701 2768 748 revocaret
2790 693 2855 748 ad
2881 693 3132 759 virtutes,
3156 710 3317 764 quam
3346 710 3402 749 ut
3425 698 3668 750 auctoris

406 800 646 845 mentem
678 786 937 859 aperiret.
983 783 1154 840 Porro
1178 783 1230 836 in
1264 796 1357 836 eas
1410 795 1531 850 qum
1582 779 1879 836 Catholica:
1929 780 2211 843 dicuntur,
2254 779 2547 849 Epistolas,
2583 788 2677 835 aut
2708 780 2763 834 in
2796 780 3185 853 Apocalypsim
3225 781 3405 837 nullos
3441 785 3669 838 omnino

410 881 680 933 habemus
729 872 1155 930 commentarios
1212 870 1352 925 lectu
1410 869 1627 938 dignos.
1670 868 1774 923 nisi
1817 869 1961 940 quod
1989 886 2056 925 ex
2094 869 2181 924 his
2204 884 2325 938 quae
2356 885 2503 925 nunc
2553 869 2610 925 in
2636 870 2811 925 lucem
2839 871 3057 937 damus,
3107 886 3283 941 nuper
3346 871 3667 941 decerptum

406 981 471 1019 ac
507 964 961 1020 consarcinatum
1019 969 1124 1015 est.
1160 958 1311 1014 Pauli
1368 970 1498 1011 vero
1542 954 1818 1026 Epistolas
1860 958 1965 1013 etsi
2023 958 2211 1027 plures
2235 958 2586 1028 interpretari
2622 957 2803 1013 conati
2830 957 2961 1024 sint,
3015 958 3154 1013 adeo
3213 968 3395 1013 tamen
3449 958 3667 1012 illarum

406 1054 569 1109 lectio
596 1051 871 1108 salebrosa
897 1057 1067 1103 estae
1090 1046 1249 1118 pleua
1295 1043 1660 1108 anfractibus,
1704 1045 1965 1100 lectorem
2001 1045 2203 1116 stepius
2256 1047 2373 1102 suis
2422 1046 2758 1118 longissimis
2795 1046 3036 1117 periodis
3071 1061 3134 1102 ac
3188 1046 3502 1119 hyperbatis
3551 1063 3673 1103 sus-

408 1156 638 1211 pensum
672 1138 935 1202 retinens,
955 1151 1186 1206 seseque
1216 1134 1555 1189 inacceSsam
1598 1143 1651 1187 et
1680 1133 1880 1187 inviam
1916 1148 2180 1190 sensuum
2241 1135 2617 1204 profunditate
2664 1134 2921 1204 reddens,
2964 1142 3025 1189 ut
3055 1133 3158 1190 nisi
3211 1137 3334 1206 quis
3368 1151 3512 1201 eum,
3563 1151 3673 1206 quo

407 1230 499 1284 ille
514 1228 759 1298 scripsit,
780 1226 1032 1296 spiritum
1060 1223 1253 1278 ducem
1280 1221 1496 1287 habeat,
1522 1235 1798 1289 nunquam
1821 1220 1926 1275 illa:
1951 1223 2086 1278 satis
2112 1239 2140 1277 a
2165 1238 2439 1293 quoquam
2470 1231 2820 1279 enarrentur.

481 1321 652 1377 Porro
686 1320 974 1377 Paulinum
1000 1318 1175 1373 cuivis
1202 1317 1399 1372 adesse
1427 1316 1681 1388 spiritum
1728 1331 1837 1370 non
1882 1315 2040 1373 facile
2082 1319 2389 1386 credidero,
2426 1322 2665 1375 maxime
2696 1336 2819 1376 cum
2867 1320 2990 1377 illos
3031 1320 3338 1378 miserrime
3369 1336 3431 1376 ac
3464 1322 3671 1391 turpis-

409 1411 549 1466 sime
587 1409 799 1463 videant
834 1408 888 1461 in
935 1407 1024 1462 his
1071 1404 1422 1470 hallucinari,
1455 1403 1549 1473 qui
1580 1418 1703 1459 sese
1734 1419 1874 1460 unos
1904 1403 2059 1460 Pauli
2105 1417 2293 1464 tenere
2341 1417 2579 1464 mentem
2616 1408 2963 1478 impudenter
3004 1420 3282 1476 asserunt,
3321 1414 3502 1468 nullos
3538 1412 3674 1467 alios

409 1506 607 1569 praeter
637 1511 798 1552 suum
833 1496 1080 1565 ipsorum
1113 1492 1360 1547 animum
1392 1494 1681 1548 consulere
1726 1494 1972 1548 volentes
1994 1498 2445 1566 commentarios,
2490 1499 2601 1555 imo
2629 1501 3035 1556 calumniantes
3070 1502 3253 1571 potius
3293 1501 3418 1558 illos
3454 1517 3517 1557 ac
3546 1506 3677 1557 sub-

409 1595 735 1643 sannantes.
768 1584 961 1657 Itaque
1000 1591 1201 1655 praeter
1226 1583 1373 1637 hunc
1404 1598 1566 1638 suum
1613 1582 1821 1638 erroris
1860 1583 2117 1654 spiritum
2151 1587 2358 1641 nullam
2393 1587 2625 1642 aliorum
2659 1572 2937 1657 recipiunt
2966 1588 3393 1654 enarrationem,
3425 1590 3519 1645 sed
3556 1607 3677 1643 om-

411 1679 505 1734 nia
548 1693 651 1733 suo
684 1677 965 1748 explicant
1013 1675 1313 1739 arbitratu,
1346 1682 1441 1728 aut
1467 1674 1769 1744 depravant
1812 1675 1995 1745 potius
2026 1692 2039 1728 :
2067 1689 2206 1745 quos
2237 1675 2355 1730 suis
2386 1674 2582 1731 Petrus
2627 1674 2875 1747 depinxit
2905 1676 3207 1743 coloribus,
3249 1679 3379 1733 dum
3420 1679 3674 1733 Paulinus

412 1765 686 1837 Epistolas
709 1765 753 1832 ',
784 1780 893 1820 non
942 1771 1094 1820 certe
1131 1773 1193 1819 ut
1241 1763 1355 1827 isti,
1391 1762 1730 1819 clarissimas
1774 1761 1910 1818 dicit
1956 1776 2021 1817 ac
2074 1763 2386 1831 facillimas,
2436 1765 2694 1835 nullaque
2739 1781 2879 1837 opus
2913 1766 3117 1822 habere
3159 1769 3531 1833 enarratione,
3577 1769 3674 1823 sed

410 1855 679 1911 nonnulla
704 1855 992 1911 continere
1023 1853 1300 1909 intellectu
1333 1852 1596 1919 diflicilia,
1623 1868 1746 1924 quat
1780 1852 2013 1920 indocti,
2048 1852 2251 1924 inquit,
2280 1869 2584 1927 parumque
2621 1854 2765 1910 firmi
2801 1854 3155 1926 detorquent,
3186 1858 3328 1911 sicut
3357 1866 3412 1911 et
3446 1864 3677 1914 caatcras

410 1944 729 2017 Scripturas
774 1946 841 2000 ad
886 1960 1043 1999 suam
1076 1944 1318 2014 ipsorum
1370 1943 1693 2013 perniciem.
1733 1941 2015 2014 Siquidem
2055 1941 2275 1998 divinas
2304 1958 2494 1998 omnes
2535 1942 2852 2014 Scriptores
2895 1944 3039 2001 Deus
3068 1959 3275 2000 arcano
3310 1960 3410 2000 suo
3442 1948 3678 2001 consilio

411 2035 590 2089 noluit
614 2048 1016 2104 usquequaque
1047 2031 1266 2103 pervias
1299 2045 1424 2085 esse
1449 2030 1766 2086 hominibus
1799 2071 1814 2090 .
1850 2046 1920 2087 ne
1957 2030 2119 2087 facile
2146 2040 2585 2101 contemnerent,
2610 2034 2755 2105 quod
2796 2033 2958 2091 facile
2988 2036 3169 2106 adepti
3202 2048 3389 2094 essent
3434 2056 3448 2092 :
3492 2038 3586 2093 sed
3616 2048 3676 2092 ut

411 2124 588 2180 multo
620 2122 809 2178 labore
839 2122 1068 2177 subacta
1096 2121 1377 2176 hominum
1412 2120 1649 2192 ingenia,
1680 2122 2030 2191 primumque
2060 2122 2238 2193 ipsius
2270 2124 2561 2194 implorato
2596 2127 2825 2192 auxilio,
2861 2128 3083 2183 tandem
3122 2136 3409 2198 acceptum
3452 2129 3679 2184 thesau.

411 2228 534 2268 rum
566 2220 718 2267 tanto
749 2209 1379 2273 haberentchariorem,
1417 2216 1682 2279 tantoque
1714 2217 2001 2265 servarent
2040 2212 2277 2279 cautius,
2310 2222 2520 2283 quanto
2564 2213 2761 2285 majori
2794 2214 2982 2271 studio
3015 2230 3081 2269 ac
3114 2215 3394 2287 diligentia
3427 2219 3678 2279 accerie-

411 2312 554 2358 sent.
584 2300 877 2365 Caeterum,
911 2299 1036 2370 quis
1080 2297 1275 2353 horum
1311 2296 1386 2354 sit
1424 2305 1620 2353 auctor
1655 2298 2199 2365 commentariorum,
2242 2302 2596 2357 manifestum
2633 2309 2717 2358 est
2764 2318 2871 2357 non
2904 2302 3159 2359 eumdem
3199 2319 3321 2359 esse
3354 2306 3579 2377 primari
3597 2322 3677 2362 nu

411 2391 657 2444 omnium
694 2400 998 2454 auctorem,
1034 2402 1158 2442 cum
1193 2388 1245 2442 in
1270 2385 1419 2442 Actis
1445 2387 1764 2456 apostolicis
1792 2387 1955 2442 simul
1985 2396 2037 2442 et
2068 2387 2123 2441 in
2147 2388 2393 2443 Paulinis
2414 2389 2672 2460 Epistolis
2690 2390 2936 2463 plurima
2973 2391 3061 2446 hic
3093 2391 3147 2445 in
3176 2393 3556 2461 compendium
3590 2409 3680 2447 re-

412 2482 572 2535 dacta
606 2481 738 2544 sint,
767 2494 890 2549 qua:
922 2476 1102 2533 fusius
1139 2482 1471 2530 tractaverat
1493 2474 1941 2546 Chrysostomus.
1974 2476 2327 2548 Rursumque
2356 2479 2722 2549 plurimorum
2755 2480 2985 2535 aliorum
3022 2480 3311 2534 sententia:
3343 2479 3680 2548 referuntur,

414 2583 561 2622 uuuc
591 2567 807 2638 quidem
832 2564 1026 2637 positis
1055 2564 1109 2619 in
1136 2563 1254 2620 solo
1282 2562 1479 2618 litterae
1507 2570 1767 2619 contextu
1800 2564 2138 2632 nominibus,
2172 2582 2321 2622 nunc
2354 2583 2480 2624 vero
2512 2567 2716 2623 additis
2751 2568 2919 2624 etiam
2952 2568 3004 2622 in
3029 2569 3276 2639 margine
3302 2588 3315 2624 :
3354 2584 3475 2637 qua:
3504 2577 3558 2623 et
3579 2586 3680 2625 nos

413 2657 605 2712 eodem
637 2656 797 2711 modo
834 2663 892 2709 ut
931 2655 988 2709 in
1020 2652 1325 2723 exemplari
1353 2661 1570 2723 reperta
1601 2662 1731 2709 sunt
1763 2656 1989 2711 omnino
2020 2656 2363 2729 reliquimus.
2396 2658 2478 2713 Ad
2508 2658 2895 2729 Apocalypsim
2942 2669 3125 2713 autem
3170 2667 3356 2713 certus
3386 2646 3681 2730 praetigiiur

413 2754 611 2801 auctor
642 2744 744 2817 (a),
776 2744 980 2800 additis
999 2744 1165 2798 etiam
1194 2742 1250 2797 in
1284 2742 1443 2797 initio
1470 2743 1789 2799 nominibus
1818 2760 2008 2800 eorum
2038 2759 2068 2799 a
2104 2746 2305 2817 quibus
2342 2746 2433 2801 ille
2470 2746 2733 2801 nonnulla
2763 2753 3135 2815 excerpserat.
3167 2746 3438 2801 Prazterea
3473 2747 3527 2800 in
3564 2761 3682 2802 om-

416 2835 581 2890 nibus
631 2834 716 2889 his
748 2832 1161 2899 commentariis
1199 2831 1515 2902 frequenter
1551 2846 1769 2903 quoque
1812 2842 2093 2903 ponuntur
2131 2835 2411 2890 variorum
2447 2845 2738 2889 auctorum
2765 2836 3073 2899 sententiae,
3111 2849 3412 2905 suppresso
3456 2836 3677 2890 illorum

415 2923 662 2988 nomine,
701 2921 890 2976 nescio
925 2935 993 2976 an
1026 2920 1378 2976 librariorum
1411 2920 1723 2977 oscitantia.
1758 2919 1955 2977 Varios
1992 2929 2173 2978 tamen
2214 2938 2337 2979 esse
2363 2923 2446 2977 vel
2483 2939 2549 2979 ex
2593 2938 2659 2978 eo
2691 2922 2882 2991 liquet,
2912 2921 3059 2993 quod
3106 2924 3306 2993 sazpius
3340 2924 3680 2977 contrarium

414 3012 668 3068 invenias
694 3009 817 3077 ejus
860 3009 1007 3080 quod
1054 3014 1439 3080 praecesserat.
1474 3007 1661 3078 thue
1700 3023 1869 3064 unum
1911 3010 2062 3065 verbi
2108 3026 2277 3066 causa
2319 3011 2667 3082 proferamus
2708 3011 3015 3081 exemplum
3058 3028 3072 3065 :
3105 3026 3227 3067 cum
3264 3011 3416 3081 prius
3448 3013 3499 3066 in
3527 3011 3678 3082 Apo-

416 3101 625 3173 calypsi
655 3101 859 3155 dixerit
889 3098 1221 3171 Babylonem
1264 3113 1388 3154 esse
1425 3098 1985 3170 Constantinopolim,
2021 3115 2129 3155 non
2167 3102 2429 3156 mundum
2467 3116 2567 3157 nec
2617 3100 2779 3155 aliam
2813 3100 3064 3171 quamvis
3103 3102 3400 3168 civitatem,
3438 3112 3685 3172 postmo-

414 3192 547 3246 dum
578 3191 767 3245 multis
797 3190 850 3243 in
880 3188 1014 3244 locis
1042 3187 1178 3243 dicit
1208 3203 1271 3243 ac
1313 3187 1510 3259 probat
1552 3200 1675 3243 esse
1714 3186 2000 3254 mundum,
2051 3195 2106 3243 et
2147 3190 2351 3243 nullam
2386 3188 2775 3259 particularem
2817 3189 3117 3245 civitatem.
3153 3188 3447 3254 Cmterum,
3494 3204 3677 3260 quau-

416 3295 582 3351 quam
618 3279 673 3334 in
725 3277 1003 3351 prioribus
1048 3275 1202 3331 libris
1236 3290 1398 3331 nemo
1434 3289 1593 3330 suum
1629 3274 1924 3346 prmiixerit
1962 3291 2160 3332 nomen
2188 3277 2231 3343 â·,
2273 3286 2331 3331 Î¹Î¹Î¹
2368 3289 2451 3333 est
2485 3276 2690 3333 Graecis
2723 3279 3084 3345 consuetudo,
3128 3294 3410 3352 nunquam
3446 3293 3549 3334 suo
3583 3294 3685 3332 no-

418 3367 565 3420 mine
587 3366 845 3436 evulgare
875 3379 996 3435 quae
1030 3364 1134 3433 ipsi
1167 3378 1270 3418 suo
1302 3370 1479 3417 marte
1512 3375 1620 3418 non
1648 3362 2029 3428 elaborarunt,
2064 3365 2161 3419 sed
2196 3366 2365 3421 veluti
2400 3373 2666 3423 centones
2698 3365 2965 3437 quosdam
3000 3383 3067 3422 ex
3100 3368 3268 3423 variis
3298 3368 3681 3437 collegerunt:

417 3457 767 3513 evidentibus
794 3465 976 3512 tamen
1012 3452 1410 3525 propemodum
1442 3451 1785 3521 conjecturis
1815 3452 2129 3522 colligimus
2159 3453 2558 3510 (Ecumeuium
2591 3471 2715 3512 esse
2749 3456 2949 3526 partim
2991 3463 3266 3515 auctorem
3301 3454 3520 3520 horum,
3554 3472 3684 3527 par-

420 3546 516 3600 tim
542 3544 893 3599 collectoretn
928 3559 941 3597 :
976 3542 1067 3612 qui
1100 3551 1282 3596 tamen
1320 3540 1620 3607 interdum,
1651 3540 1742 3594 ubi
1766 3555 1920 3595 suam
1946 3550 2072 3611 post
2100 3543 2237 3598 alios
2261 3542 2471 3614 profert
2500 3545 2855 3609 sententiam,
2891 3558 3049 3600 suum
3087 3558 3308 3613 quoque
3343 3542 3555 3598 addidit
3586 3560 3688 3597 uno

416 3651 565 3702 men,
588 3649 657 3689 ne
685 3633 812 3705 quis
847 3633 993 3687 illam
1023 3631 1150 3687 aliis
1182 3630 1476 3695 tribueret,
1507 3644 1672 3700 quam
1714 3630 1831 3700 ipse
1860 3630 2081 3701 dignam
2122 3646 2233 3687 non
2261 3633 2520 3689 censebat
2559 3647 2682 3703 quae
2713 3647 2836 3687 cum
2869 3647 3058 3688 eorum
3086 3630 3374 3687 sententiis
3406 3631 3687 3686 conferre-

418 3734 528 3779 tur.
567 3722 809 3778 Plurima
842 3728 1024 3775 autem
1052 3720 1331 3787 excerpsit
1373 3733 1441 3773 ex
1482 3719 1898 3791 Chrysostomo,
1934 3718 2093 3789 cujus
2125 3729 2306 3777 tamen
2337 3735 2536 3776 nomen
2569 3731 2700 3776 tunc
2744 3721 2923 3776 solum
2956 3719 3079 3774 addi
3115 3718 3351 3784 curavit,
3393 3733 3519 3773 cum
3564 3719 3686 3790 ejus

415 3814 583 3868 verba
622 3818 953 3876 recenseret,
1006 3825 1113 3864 non
1155 3817 1338 3862 autem
1384 3824 1507 3865 cum
1553 3809 1727 3880 ipsius
1760 3808 2091 3864 sententiam
2144 3808 2609 3864 contractioribus
2667 3808 2853 3864 verbis
2893 3807 3147 3863 referret.
3196 3805 3353 3874 Quod
3400 3817 3580 3862 autem
3615 3809 3687 3863 sit

415 3906 793 3961 (Eeumenius
826 3904 921 3976 qui
954 3904 1070 3959 hate
1109 3903 1293 3958 omnia
1322 3909 1521 3973 pratter
1554 3902 1940 3973 Apocalypsim
1983 3899 2168 3962 nobis,
2206 3905 2267 3952 ut
2292 3912 2442 3952 nunc
2472 3898 2527 3951 in
2565 3897 2742 3952 lucem
2779 3895 3042 3959 eduntur,
3080 3895 3391 3964 tradiderit,
3416 3894 3499 3950 his
3533 3896 3691 3950 colli-

418 3995 601 4066 gimus
638 3995 1002 4063 argumentis.
1035 3990 1280 4047 Primum
1319 3991 1614 4061 postremis
1654 3988 2180 4061 commentariorum
2219 3986 2401 4042 verbis
2436 3984 2695 4057 Epistolas
2725 3984 2792 4040 ad
2835 3984 3219 4047 Colosseuses,
3251 3983 3474 4055 proprio
3519 3983 3686 4037 etiam

418 4083 642 4138 nomine
687 4081 922 4154 margini
968 4083 1211 4152 praefixo,
1263 4080 1459 4136 scribit
1504 4079 1558 4134 in
1610 4079 1759 4134 hunc
1794 4078 2017 4134 modum
2047 4096 2060 4131 :
2090 4076 2227 4131 Cum
2276 4075 2345 4130 ab
2385 4073 2683 4143 exemplari
2740 4088 2850 4128 non
2890 4074 3098 4143 integre
3158 4071 3490 4126 invenissem
3539 4070 3686 4124 beati

418 4170 647 4227 Joannis
680 4172 893 4228 scholia
944 4172 997 4226 in
1034 4170 1333 4241 Epistolam
1382 4169 1451 4224 ad
1502 4169 1885 4234 Colossenses,
1917 4165 2225 4236 conscripsi
2259 4163 2353 4219 illa
2383 4176 2441 4219 ut
2473 4163 2652 4234 petui.
2689 4160 2743 4217 Si
2772 4161 2905 4232 quid
2954 4162 3120 4231 igitur
3158 4160 3212 4214 in
3264 4160 3403 4230 ipsis
3434 4160 3548 4215 leve
3590 4171 3685 4214 aut

418 4250 848 4332 reprehensione
891 4259 1119 4331 dignum
1156 4260 1435 4315 inventum
1473 4256 1657 4321 fuerit,
1689 4258 1902 4312 noverit
1932 4256 1979 4312 is
2018 4257 2111 4326 qui
2157 4254 2310 4327 legit,
2357 4268 2540 4309 meum
2574 4268 2698 4309 esse
2748 4251 3066 4322 hujusmodi
3108 4252 3344 4322 lapsum.
3387 4269 3406 4303 â€º
3442 4248 3685 4305 Rursum

420 4359 617 4421 quarto
646 4350 713 4405 ad
736 4348 1005 4420 Ephesios
1038 4347 1400 4418 capitehabet
1428 4347 1543 4401 haec
1574 4346 1760 4409 verba,
1789 4345 1973 4400 addito
1995 4344 2022 4399 it

2083 4344 2318 4416 margine
2338 4341 2661 4399 (Ecumenii
2692 4341 2914 4396 nomine
2944 4359 2958 4395 :
2993 4342 3133 4411 á½ÏÎ±
3156 4356 3207 4392 Ï„Î¹
3240 4338 3393 4409 Îºá½±Î³á½¼
3425 4339 3650 4408 á¼Î½á½¹Î¼Î¹ÏƒÎ±
3672 4355 3685 4369 Î‡

419 4437 544 4493 Î¿á½”Ï„Îµ
586 4439 695 4509 Î³á½°Ï
717 4437 959 4510 á½²Ï‡á½½ÏÎ¹ÏƒÎ±
988 4436 1057 4490 Ï„á½°
1078 4434 1173 4489 Ï„Î¿á¿¦
1212 4435 1483 4506 Î¼Î±ÎºÎ±Ïá½·Î¿Ï…
1515 4437 1726 4505 Î½Î¿á¿†ÏƒÎ±Î¹.
1760 4433 1875 4489 Hoc
1902 4441 1984 4489 est
2020 4450 2021 4481 1

2128 4430 2520 4486 Animadverte
2555 4428 2686 4500 quid
2716 4437 2768 4483 et
2798 4429 2930 4483 mihi
2960 4430 3135 4484 visum
3166 4427 3238 4482 sit
3266 4444 3279 4481 :
3312 4441 3489 4497 neque
3541 4428 3688 4482 enim

420 4528 608 4583 datum
654 4528 757 4582 fuit
793 4542 916 4598 quae
956 4526 1134 4597 ipsius
1183 4526 1361 4580 sancti
1405 4530 1538 4579 sunt
1564 4524 1941 4586 considerare,
1979 4540 1998 4573 Î¹
2032 4519 2490 4592 Chrysostomum
2532 4517 2867 4589 intelligens,
2907 4526 3133 4588 propter
3180 4516 3326 4586 quod
3361 4526 3417 4570 et
3457 4514 3690 4571 Joannis

420 4630 623 4671 nomen
655 4616 710 4670 in
739 4616 991 4685 margine
1024 4613 1349 4683 adjunctum
1373 4621 1513 4667 erat.
1550 4609 1696 4667 Satis
1725 4611 1911 4681 itaque
1950 4610 2194 4667 ostendit
2220 4605 2591 4665 (Ecumenius
2624 4622 2683 4662 se
2721 4607 3069 4662 collectorem
3112 4620 3234 4661 esse
3267 4606 3693 4663 commentario-

420 4721 544 4760 rum
578 4705 632 4760 in
668 4720 861 4761 omnes
888 4702 1186 4777 Epistolas,
1221 4717 1328 4757 non
1355 4710 1535 4757 tamen
1564 4701 1731 4755 ullam
1759 4700 1887 4755 alibi
1921 4700 2114 4756 fecisse
2146 4698 2391 4769 suipsius
2422 4696 2775 4760 mentionem,
2805 4710 2870 4748 eo
2916 4694 3059 4764 quod
3092 4695 3145 4748 in
3180 4693 3289 4748 illis
3317 4700 3513 4747 nactus
3546 4701 3693 4747 esset

424 4794 697 4863 integrum
714 4791 1101 4864 Chrysostomi
1131 4791 1431 4862 exemplar.
1465 4787 1705 4844 Rursum
1738 4788 1904 4858 hujus
1928 4788 2207 4844 enarratio
2234 4786 2460 4858 ponitur
2491 4782 2833 4856 frequentius
2859 4791 2984 4855 post
3014 4782 3246 4838 aliorum
3273 4781 3688 4852 explicationes,

422 4884 702 4939 reddendo
735 4881 1012 4937 interdum
1047 4895 1272 4935 causam
1312 4894 1501 4934 eorum
1530 4893 1652 4947 qua:
1682 4878 1964 4947 praemissa
1994 4885 2175 4942 erant,
2201 4874 2453 4932 addendo
2485 4872 2647 4930 etiam
2690 4888 2801 4928 non
2839 4886 2985 4938 raro,
3030 4889 3050 4923 Î¹
3096 4870 3224 4924 Mihi
3253 4885 3473 4941 quoque
3501 4870 3574 4924 ita
3609 4870 3693 4924 vi-

420 4971 582 5025 detur
610 4986 771 5041 posse
795 4969 926 5025 diei.
960 4987 978 5021 Î¹
1015 4968 1156 5036 Quid
1196 4968 1244 5023 si
1282 4975 1335 5022 et
1368 4967 1471 5021 hoc
1497 4965 1659 5019 modo
1687 4965 1923 5032 dicatur,
1952 4966 2107 5035 juxta
2142 4966 2287 5020 hunc
2318 4964 2657 5020 intellectum
2693 4976 2856 5033 quem
2883 4968 2937 5016 et
2961 4960 3119 5015 divus
3142 4957 3383 5013 Joannes
3420 4958 3644 5029 suscipit
3673 4975 3689 5025 ;

420 5066 517 5112 aut
554 5061 718 5112 etiam
745 5056 934 5128 Cyrilli
970 5072 1067 5112 seu
1119 5055 1307 5109 Basilii
1350 5062 1444 5109 aut
1474 5052 1721 5124 cujusvis
1768 5055 1998 5108 aliorum
2049 5055 2271 5109 nomina
2321 5054 2476 5109 citat.
2527 5053 2700 5108 Porro
2731 5049 2840 5104 haec
2885 5046 3142 5119 plurimis
3187 5047 3323 5102 locis
3363 5046 3549 5102 videre
3583 5056 3690 5112 cst,

421 5162 657 5217 quorum
691 5147 957 5202 nonnulla
994 5146 1083 5200 hic
1120 5144 1550 5200 recensebimus.
1579 5144 1658 5199 Ad
1688 5142 1969 5200 Romanos
2002 5146 2199 5213 quinto
2241 5141 2308 5195 ad
2350 5157 2412 5196 ea
2455 5141 2644 5206 verba,
2688 5137 2974 5193 Peccatum
3005 5152 3108 5191 non
3140 5138 3436 5206 imputatur
3470 5135 3559 5188 abi
3590 5151 3692 5189 non

418 5245 498 5291 est
530 5236 659 5300 lex;
687 5235 866 5305 capite
892 5247 1038 5289 nouo
1059 5232 1125 5287 ad
1156 5248 1219 5288 ea
1250 5232 1442 5297 verba,
1478 5230 1604 5286 Nisi
1638 5231 1893 5287 Dominus
1922 5231 2158 5287 Sabaoth
2187 5231 2484 5302 reliquisset
2524 5230 2670 5283 nobis
2701 5242 2915 5291 semen;
2947 5226 3137 5296 prima:
3168 5224 3235 5279 ad
3264 5224 3584 5279 Corinthios
3615 5239 3694 5305 vr,

422 5338 548 5378 cum
582 5323 808 5390 dicitur,
838 5322 942 5388 Qui
973 5330 1266 5384 scortator,
1295 5323 1350 5374 in
1376 5336 1570 5390 corpus
1596 5337 1751 5374 suum
1782 5329 1998 5389 peccat;
2026 5322 2204 5391 capite
2231 5335 2327 5384 vn,
2359 5318 2432 5373 De
2449 5315 2735 5388 virginibus
2766 5323 3081 5384 prazceptum
3117 5311 3327 5366 Domini
3360 5329 3462 5364 non
3487 5311 3692 5377 Î™Î¹Î·Î™Î¹Î¹Î½Î¿Í¾

422 5414 600 5484 capite
643 5430 734 5479 xv,
770 5412 902 5467 Cum
948 5412 1228 5466 tradiderit
1267 5429 1485 5483 regnum
1510 5410 1619 5465 Deo
1645 5423 1693 5464 et
1726 5410 1901 5476 Patri,
1936 5420 1989 5465 cl
2019 5411 2234 5474 eodem,
2266 5407 2334 5461 Ut
2367 5409 2434 5461 sit
2469 5405 2609 5459 Deus
2637 5405 2816 5458 omnia
2846 5404 2899 5459 in
2926 5401 3194 5465 omnibus;
3240 5402 3306 5455 ad
3342 5399 3605 5470 Ephesios
3631 5414 3692 5463 Î¹Î¹,

420 5501 590 5557 Juxta
631 5505 921 5573 principem
952 5505 1229 5572 potestatis
1288 5505 1465 5568 aeris;
1496 5504 1675 5574 capite
1710 5518 1783 5563 Î¹Î½,
1819 5503 1860 5553 Î‘
1883 5518 1982 5569 quo
2017 5509 2184 5553 totum
2224 5513 2411 5563 corpus
2448 5494 2585 5564 quod
2616 5502 2896 5560 coaptatur
2925 5502 2973 5549 et
3006 5491 3394 5562 compingitur;
3423 5496 3477 5545 et
3500 5488 3692 5543 eodem

527 5722 549 5753 â¸
579 5720 620 5775 ll
646 5719 794 5775 Petr.
828 5736 910 5784 Î¹Î¹Î¹,
939 5720 1022 5774 l5.

483 5920 557 6035 Si!)
593 5921 807 5971 Arethas
837 5922 1027 5971 scilicet
1063 5915 1391 5975 Cmsariensis,
1440 5917 1583 5975 cujus
1630 5913 2010 5983 commentarius
2064 5912 2114 5959 in
2157 5910 2482 5979 Apocalypsin
2552 5917 2717 5960 exstat
2752 5914 2879 5973 apud
2924 5925 3015 5961 nos
3052 5913 3110 5962 ad
3163 5921 3344 5961 annum
3394 5908 3505 5969 910,
3562 5912 3697 5957 temo

483 6023 485 6035 Î½
564 5992 676 6035 post
699 5995 813 6033 eum
831 5996 976 6035 ouem
999 5986 1195 6035 scripsit
1218 5982 1440 6032 Andreas
1464 5979 1584 6028 item
1611 5977 1941 6035 Ctesarteusis,
1977 5974 2179 6026 Arethze
2208 5982 2460 6035 magister.
2482 5973 2614 6024 lion.
2644 5975 2854 6025 eraos.

422 5973 676 6047 Clâ€™X'post
699 5995 813 6033 eum
831 5996 976 6046 quem
999 5986 1195 6045 scripsit
1218 5973 1440 6032 Andreas
1464 5973 1584 6028 item
1611 5977 1941 6035 Ctesarieusis,
1977 5974 2179 6026 Arethze
2208 5974 2460 6035 magister.
2482 5973 2614 6024 lion.
2644 5975 2854 6025 eraos.
