4058 6568
382 391 445 453 1'1
1712 390 2293 450 PROLEGOMENA.
3570 385 3641 452 18

374 501 474 557 Sel
503 519 604 557 non
642 503 848 558 occidat
882 519 1039 573 super
1079 504 1218 557 iram
1248 500 1496 567 vestram,
1521 502 1611 558 ubi
1643 502 1718 557 ait
1755 520 1769 558 :
1808 524 1826 555 ε
1864 503 2147 571 Quosdam
2171 503 2353 558 audivi
2399 504 2472 558 ita
2502 505 2925 573 interpretantes
2955 518 2968 568 ;
3011 521 3030 554 ι
3065 499 3320 558 secunda:
3351 498 3418 553 ad
3459 497 3637 556 Thes-
3726 516 3733 523 '

374 589 750 647 salonicenses
777 607 862 657 ιιι,
892 592 1063 647 Porro
1096 591 1354 646 Dominus
1379 582 1575 661 dirigat
1603 591 1767 645 corda
1802 601 1973 647 vestra
2003 592 2113 657 ;ad
2142 591 2399 648 Hebraeos
2429 610 2481 657 ι,
2518 591 2768 647 Umbram
2795 592 2991 646 habens
3031 591 3113 646 (ea:
3145 590 3446 660 futurorum
3477 588 3651 651 bona-I

376 693 488 730 rum
510 691 530 741 ;
553 678 733 748 capite
766 677 867 741 ni,
901 678 1005 746 Qui
1035 696 1133 748 pro
1163 678 1363 750 gaudio
1408 678 1509 732 sibi
1544 680 1858 748 proposito;
1892 679 2016 737 aliis
2054 694 2273 751 quoque
2304 680 2441 735 locis
2483 681 2813 736 innmneris.
2844 680 2981 736 Cum
3015 677 3181 750 igitur
3214 676 3342 732 hinc
3373 676 3493 731 luce
3527 690 3641 729 ma-

381 762 637 820 nifestius
679 765 751 821 sit
793 765 1191 822 (Ecumenium
1231 765 1588 823 Paulinarum
1635 766 2008 838 Epistolarum
2057 769 2348 839 collegisse
2394 769 2850 837 commentarios,
2894 768 3229 824 arbitramur
3276 765 3419 821 idem
3459 764 3640 833 ipsum

328 874 337 887 ι
382 850 580 908 fecisse
628 853 683 907 in
722 854 860 909 Acta
915 855 1293 925 apostolorum
1329 855 1462 911 etin
1496 855 1817 912 Catholicas
1862 856 2164 926 Epistolas,
2199 872 2515 929 quanquam
2570 873 2671 913 nec
2715 858 2790 912 ibi
2853 873 3013 914 suum
3068 870 3267 911 nomen
3313 852 3586 909 addiderit
3624 869 3638 905 :

380 956 503 994 cum
554 942 801 1011 ejusdem
837 945 1062 999 omnino
1110 945 1240 1016 sint]
1263 944 1501 1015 phrasis,
1534 946 1642 1000 nisi
1669 945 1813 1015 quod
1844 945 1918 1000 ibi
1957 947 2247 1015 pauciores
2276 946 2530 1002 habuerit
2553 961 2695 1015 quos
2721 947 3050 1011 imitaretur,
3078 957 3312 1016 quorum
3339 942 3505 997 etiam
3538 955 3640 996 no-

382 1030 527 1083 mina
553 1030 643 1085 vix
674 1046 916 1103 unquam
949 1033 1002 1087 in
1044 1032 1234 1089 Gmco
1272 1033 1573 1105 exemplari
1604 1033 1789 1089 addita
1838 1034 2168 1099 invenimus,
2204 1050 2309 1091 nec
2355 1035 2408 1089 in
2451 1034 2647 1090 litterae
2685 1041 2942 1090 contextu
2990 1048 3092 1089 nec
3125 1031 3181 1087 in
3216 1029 3483 1099 margine.
3529 1027 3643 1083 ﬂos

380 1127 560 1172 autem
591 1126 814 1177 nostros
844 1121 1061 1178 labores
1098 1121 1224 1190 jure
1250 1123 1461 1194 optimo
1505 1122 1784 1179 vindicare
1816 1122 1922 1178 sibi
1957 1132 2192 1193 poterat,
2226 1131 2394 1195 utque
2423 1138 2524 1179 suo
2551 1123 2772 1179 nomine
2807 1125 2860 1178 in
2895 1123 3071 1178 lucem
3106 1121 3403 1179 ederentur
3447 1127 3645 1189 posto.

378 1206 510 1272 lare,
549 1206 957 1265 illustrissimus
998 1209 1255 1281 princeps
1289 1226 1354 1266 ac
1392 1210 1889 1268 reverendissimus
1927 1210 2189 1267 dominus
2224 1211 2288 1266 Ι).
2333 1210 2577 1267 Joannes
2620 1226 2649 1265 a
2682 1210 3059 1281 Lotharingia,
3104 1209 3162 1265 S.
3195 1209 3263 1264 Β.
3307 1208 3369 1262 Ε.
3409 1205 3551 1262 tituli
3581 1203 3641 1261 S.

379 1293 592 1349 Onufrii
627 1296 951 1365 cardinalis,
986 1299 1279 1354 doctorum
1319 1300 1564 1356 virorum
1603 1300 1876 1356 Mecmnas
1921 1302 2202 1372 egregius,
2246 1303 2333 1356 cui
2387 1301 2688 1372 plurimum
2735 1299 2937 1356 debent
2988 1298 3309 1370 quicunque
3351 1309 3639 1352 sacrarum

380 1381 712 1440 Litterarum
767 1386 966 1442 studiis
1009 1386 1365 1444 addictisunt
1400 1406 1416 1444 :
1452 1396 1512 1443 ut
1561 1389 1679 1460 qui,
1712 1389 1896 1446 statim
1949 1389 2040 1447 ubi
2073 1391 2425 1463 cognovisset
2456 1406 2543 1446 me
2588 1387 2900 1460 bujusmodi
2947 1389 3002 1443 in
3055 1400 3349 1443 commune
3384 1382 3646 1439 Ecclesiae

379 1472 580 1526 bonum
615 1474 854 1530 subiisse
904 1474 1143 1540 labores,
1173 1491 1298 1533 cum
1332 1476 1411 1531 illi
1448 1492 1516 1531 ne
1544 1476 1613 1533 de
1643 1476 1868 1533 nomine
1901 1478 2123 1548 quidem
2171 1488 2338 1536 notus
2377 1493 2624 1550 unquam
2663 1477 2915 1542 fuissem,
2953 1475 3168 1532 liberali
3195 1483 3376 1529 tamen
3414 1486 3645 1527 munere

378 1575 464 1615 nte
512 1561 707 1617 donari
755 1562 943 1632 jussit,
977 1564 1247 1636 ampliora
1277 1566 1440 1621 etiam
1481 1564 1750 1635 pollicens
1785 1566 1874 1621 ubi
1916 1566 2056 1624 liber
2108 1567 2254 1639 typis
2280 1581 2520 1623 excusas
2549 1565 2714 1622 foret.
2740 1565 2841 1620 Cui
2871 1567 3036 1621 etiam
3065 1561 3431 1618 libentissime
3459 1560 3646 1616 animo

380 1662 517 1718 opus
556 1648 662 1705 hoc
695 1650 1062 1718 dedicassem,
1098 1653 1204 1708 nisi
1234 1653 1346 1723 jam
1377 1654 1696 1725 priusquam
1736 1655 1803 1710 ad
1833 1656 2015 1726 ipsum
2053 1655 2319 1711 accedere
2360 1654 2608 1721 daretur,
2640 1670 2751 1709 non
2800 1651 2987 1707 animo
3020 1651 3199 1707 solum
3232 1648 3642 1719 concepissem,

381 1738 737 1793 verumetiam
770 1740 952 1796 verbis
984 1738 1047 1796 T.
1087 1742 1154 1795 Β.
1190 1741 1251 1795 ι).
1298 1742 1742 1799 manifestassem
1772 1744 1844 1798 ob
1899 1758 2018 1799 eam
2050 1759 2214 1813 quam
2253 1744 2405 1800 novit
2434 1758 2684 1807 causam,
2718 1742 2894 1812 ipsius
2949 1738 3212 1810 auspiciis
3243 1753 3384 1809 opus
3427 1737 3532 1791 hoc
3561 1751 3649 1790 me

381 1825 437 1879 in
486 1824 664 1881 lucem
718 1826 994 1883 editurum
1040 1848 1053 1884 :
1102 1829 1241 1887 adeo
1290 1840 1349 1885 ut
1389 1845 1733 1902 nequaquam
1779 1832 1913 1887 mihi
1966 1832 2134 1889 fuerit
2170 1834 2465 1905 integrum,
2502 1834 2654 1889 aliud
2690 1847 2852 1903 agere
2907 1837 3002 1884 aut
3036 1829 3194 1885 iidem
3245 1843 3355 1882 non
3400 1841 3645 1883 servare.

382 1912 538 1978 Quod
577 1914 624 1969 si
656 1914 822 1970 etiam
850 1917 1088 1974 maxime
1130 1917 1311 1974 facere
1348 1921 1669 1986 voluissem,
1692 1935 1760 1976 ne
1788 1920 1906 1991 ipse
1936 1922 2156 1992 quidem
2180 1923 2597 1981 illustrissimus
2641 1924 2922 1994 princeps,
2969 1935 3028 1976 re
3068 1918 3310 2007 cognita,
3345 1917 3456 1971 ullo
3487 1915 3649 1971 modo

380 2000 599 2056 tulisset
634 2019 648 2055 :
689 2010 750 2057 ut
772 2003 866 2074 qui
903 2004 1039 2060 nihil
1070 2005 1389 2077 bujusmodi
1429 2009 1673 2064 nominis
1699 2010 2104 2067 celebrationes
2144 2018 2411 2076 moretur,
2444 2025 2567 2067 cum
2589 2011 2703 2080 jam
2739 2010 2807 2064 ad
2839 2017 3047 2065 tantum
3073 2000 3420 2078 splendorem
3462 2018 3650 2058 acces-

381 2088 534 2152 serit,
567 2098 627 2144 ut
654 2090 784 2147 hinc
812 2092 950 2147 nihil
977 2095 1204 2150 omnino
1223 2110 1325 2151 suo
1355 2098 1563 2151 nomini
1599 2098 1778 2167 possit
1800 2109 2138 2156 accrescere.
2179 2100 2348 2170 Cujus
2375 2114 2501 2155 cum
2521 2098 2964 2155 afﬂuentissimas
2995 2111 3149 2166 opes,
3174 2110 3298 2151 cum
3341 2092 3648 2165 ingenium,

380 2178 628 2247 corporis
671 2187 724 2234 et
768 2181 938 2235 animi
983 2182 1175 2250 decus,
1221 2186 1750 2261 cumsuavissimos
1796 2202 1977 2243 mores
2009 2188 2128 2259 ipse
2173 2203 2390 2244 mecum
2444 2188 2688 2253 revolvo,
2732 2186 2976 2257 profecto
3010 2187 3056 2240 is
3091 2200 3215 2240 esse
3256 2184 3389 2238 mihi
3434 2181 3651 2237 videtur

380 2264 437 2320 in
470 2281 582 2337 quo
603 2267 881 2325 fortunam
921 2286 1045 2326 cum
1075 2284 1293 2337 natura,
1322 2289 1563 2345 cumque
1593 2275 1862 2331 ambabus
1882 2276 2163 2342 virtutem,
2190 2285 2303 2333 tres
2329 2275 2744 2347 potentissimas
2775 2290 2960 2329 rerum
2992 2274 3270 2339 dominas,
3296 2269 3653 2337 contendisse

378 2356 623 2427 credam,
664 2360 827 2431 cujus
858 2362 1126 2432 (ipsarum
1180 2363 1533 2433 potissimum
1584 2364 1832 2420 beneﬁcii
1881 2366 2058 2435 gratia
2101 2372 2401 2430 teneretur,
2454 2372 2549 2418 aut
2570 2379 2691 2434 quae
2735 2363 3075 2433 plenioribus
3103 2362 3305 2432 ipsum
3333 2359 3651 2415 muneribus

380 2459 659 2518 manuque
700 2449 935 2521 largiore
978 2453 1308 2508 cumularet.
1345 2452 1710 2509 Cumularunt
1743 2462 1891 2509 certe
1929 2462 1983 2510 et
2014 2468 2243 2524 quaeque
2284 2461 2370 2508 est
2409 2451 2590 2507 ofﬁcio
2646 2465 2748 2507 suo
2785 2450 2990 2518 functa,
3030 2464 3130 2506 nec
3162 2450 3251 2504 cui
3286 2448 3410 2518 plus
3455 2447 3654 2503 debeat

378 2534 543 2592 facile
573 2536 926 2596 discreveris.
968 2539 1087 2595 Non
1126 2542 1312 2611 itaque
1343 2543 1620 2612 praeterita
1654 2557 1786 2598 usus
1823 2558 1945 2597 sum
1978 2542 2359 2607 excuSatione,
2395 2541 2542 2610 quod
2584 2541 2764 2609 ipsum
2793 2554 2914 2596 eam
2949 2539 3192 2595 nominis
3222 2538 3647 2593 celebrationem

376 2633 644 2694 excptare
676 2635 926 2697 putarem
962 2649 976 2684 :
1009 2630 1105 2687 sed
1141 2638 1202 2685 ut
1229 2645 1350 2685 meo
1382 2631 1604 2685 interim
1652 2632 1862 2686 nomini
1914 2630 2233 2697 εοηευιυιιε,
2263 2629 2612 2685 ostenderem
2657 2644 2744 2683 me
2786 2643 2895 2683 non
2929 2635 3135 2683 temere
3168 2627 3283 2681 lucc
3327 2625 3529 2695 egisse,
3558 2632 3655 2678 aut

380 2713 794 2784 ingratitudinis
826 2726 1010 2774 notam
1052 2719 1162 2775 ullo
1195 2727 1355 2787 pacto
1384 2719 1584 2776 debere
1619 2735 1940 2793 agnoscere.
1981 2721 2210 2778 Dabitur
2235 2731 2417 2776 tamen
2454 2717 2587 2775 alibi
2623 2719 2800 2783 locus,
2856 2724 2914 2774 ut
2951 2733 3139 2789 spero,
3170 2731 3281 2789 quo
3306 2724 3522 2789 gratum
3563 2729 3653 2770 me

377 2817 509 2873 erga
549 2818 674 2861 eum
713 2807 1016 2879 principem
1044 2808 1358 2866 ostendam.
1916 2862 1921 2869 .
2932 2836 2933 2839 ‘

448 2937 607 2996 Nunc
659 2957 789 2999 vero
824 2944 893 3000 ad
934 2952 988 3002 te
1038 2945 1219 3012 venio,
1264 2948 1577 3005 clarissime
1624 2964 1686 3006 ac
1726 2949 2185 3006 reverendissime
2220 2948 2447 3021 Georgi,
2484 2962 2787 3005 oosecrans
2828 2954 2887 3002 ιιι
2934 2960 3103 3003 nosce
3138 2952 3362 3000 nostros
3409 2939 3652 3009 labores,

382 3029 476 3098 qui
512 3031 623 3086 tuis
653 3033 921 3104 auspiciis
948 3035 1003 3090 in
1036 3035 1213 3092 lucem
1238 3038 1465 3108 prodire
1491 3049 1789 3108 conantur,
1816 3040 1937 3096 laeta
1960 3047 2124 3111 atque
2150 3046 2478 3111 exporrecta
2508 3040 2690 3096 fronte
2732 3039 3033 3109 suscipias.
3072 3034 3130 3091 ld
3167 3045 3350 3091 autem
3387 3042 3446 3089 ut
3473 3033 3655 3088 facere

384 3117 667 3186 auderem,
702 3122 902 3191 partim
947 3124 1078 3178 mihi
1111 3128 1389 3196 persuasit
1429 3135 1648 3183 tuorum
1693 3144 1903 3183 morum
1942 3144 2051 3184 uno
2085 3131 2331 3187 omnium
2364 3147 2460 3188 ore
2486 3132 2781 3202 praedicata
2828 3129 3138 3200 integritas,
3171 3141 3294 3183 cum
3345 3123 3656 3180 admirabili

384 3206 678 3274 prudentia
714 3210 941 3279 parique
972 3211 1314 3272 humanitate
1356 3216 1671 3287 conjuncta,
1722 3218 1920 3287 partim
1968 3234 2097 3275 vero
2142 3222 2481 3278 incredibilis
2526 3221 2767 3292 quidam,
2808 3236 2969 3290 quem
3006 3234 3116 3273 non
3160 3217 3397 3273 obscure
3440 3228 3551 3285 pra:
3595 3228 3657 3269 se

384 3294 529 3352 ferre
553 3296 667 3353 visa
691 3307 778 3355 est
814 3308 901 3354 tua
932 3302 1257 3373 amplitudo,
1291 3320 1420 3376 erga
1452 3306 1769 3376 bujusmodi
1814 3314 2067 3364 auctores
2094 3325 2248 3364 amor
2274 3329 2287 3365 :
2311 3311 2513 3379 partim
2544 3324 2762 3378 quoque
2797 3308 2923 3363 talis
2958 3315 3077 3361 erat
3107 3304 3404 3376 singularis
3434 3318 3498 3357 ac
3528 3315 3657 3372 gra—

386 3385 558 3441 tuitus
580 3388 657 3443 tui
690 3390 747 3444 in
769 3406 855 3446 me
877 3390 1052 3455 favor,
1095 3393 1425 3465 cognitaque
1456 3403 1562 3451 tua:
1589 3411 1717 3468 erga
1750 3412 1836 3451 me
1866 3397 2163 3452 voluntatis
2190 3398 2513 3468 prepensio,
2548 3405 2606 3451 ut
2644 3395 2782 3451 nihil
2809 3411 2895 3450 me
2929 3395 3027 3449 tibi
3054 3409 3161 3448 non
3195 3393 3391 3447 debere
3421 3390 3659 3460 ingenue

386 3474 605 3532 faterer.
638 3475 752 3534 Hoc
782 3480 945 3535 etiam
973 3481 1319 3551 potissimum
1353 3484 1599 3549 nomine,
1629 3485 1775 3555 quod
1804 3501 1930 3540 cum
1961 3500 1991 3540 e
2018 3486 2127 3541 tuis
2158 3493 2313 3541 ortus
2334 3486 2436 3541 sim
2463 3484 2787 3549 ditionibus,
2822 3482 3131 3553 singulique
3161 3496 3322 3536 suum
3350 3478 3656 3550 principem

382 3582 577 3623 recens
605 3570 834 3639 patriam
865 3570 1256 3643 ingredientem
1286 3576 1614 3630 munusculo
1649 3576 1927 3646 qu0piam,
1968 3574 2113 3645 quod
2147 3575 2537 3645 obsequiosum
2584 3579 2813 3628 testetur
2838 3573 3105 3636 animum,
3129 3569 3383 3639 excipere
3420 3568 3658 3622 soleant:

382 3668 483 3723 ego
525 3671 873 3727 nequaquam
906 3660 1095 3715 vacuis
1125 3661 1380 3718 manibus
1413 3662 1673 3720 accedere
1696 3663 1878 3718 debui.
1911 3662 2066 3730 Quod
2107 3664 2152 3718 si
2189 3678 2311 3718 sera
2351 3662 2606 3717 videatur
2648 3660 2962 3730 gratulatio,
2995 3675 3101 3714 non
3134 3659 3204 3713 ob
3237 3657 3291 3712 id
3331 3652 3660 3727 reprehendi

382 3742 568 3810 debet,
594 3761 721 3800 cum
746 3747 911 3802 dilata
946 3748 1021 3804 sit
1051 3751 1266 3821 urgenti
1299 3766 1363 3806 ac
1388 3752 1615 3823 probata
1656 3753 1918 3809 omnibus
1945 3767 2136 3809 causa.
2162 3752 2333 3808 Nemo
2358 3752 2502 3807 enim
2532 3750 2845 3822 probasset,
2878 3746 3095 3820 Opinor,
3138 3749 3184 3803 si
3227 3745 3655 3818 praecipitanter,

387 3840 448 3885 ut
474 3829 605 3887 Tute
630 3834 990 3905 Amplitudini
1015 3839 1325 3908 gratularer
1356 3839 1411 3894 in
1431 3847 1698 3911 tempore,
1725 3838 1895 3896 fetum
1927 3842 2073 3896 hunc
2104 3855 2198 3896 seu
2245 3839 2507 3894 aborsum
2549 3839 2756 3909 potius,
2796 3838 3150 3891 immaturum
3176 3833 3530 3906 abjecissem,
3562 3840 3661 3887 aut

386 3934 416 3972 a
446 3935 531 3975 me
554 3920 706 3977 abire
723 3924 1121 3993 permisissem.
1147 3925 1321 3984 Porro
1347 3944 1457 4000 quo
1484 3944 1632 3984 nunc
1663 3944 1891 3985 munere
1914 3930 2057 4000 apud
2082 3925 2257 3981 Tuam
2288 3926 2681 3982 Celsitudinem
2712 3926 2977 3995 majorem
3010 3939 3096 3983 mc
3128 3924 3359 3995 gratiam
3392 3921 3659 4000 initurum

385 4008 747 4079 eonﬁhrem,
773 4028 881 4068 non
911 4023 1050 4081 erat,
1093 4030 1257 4085 quam
1291 4016 1335 4073 si
1377 4016 1726 4074 utillissimos
1758 4018 1878 4085 hos,
1921 4019 2034 4075 imo
2074 4014 2467 4086 propemodum
2514 4017 2861 4070 necessarios
2895 4011 3320 4068 commentarios
3354 4010 3402 4063 ei
3433 4007 3661 4079 putissi-

386 4112 537 4150 nium
573 4113 981 4169 consecrarem,
1012 4103 1106 4173 qui
1126 4121 1233 4159 non
1272 4106 1434 4161 modo
1465 4106 1728 4178 singulari
1765 4107 2029 4177 praeditus
2057 4112 2142 4164 est
2179 4106 2400 4175 pietate,
2432 4105 2527 4159 sed
2558 4112 2756 4174 praeter
2788 4118 2951 4157 omne
2977 4117 3154 4173 genus
3201 4099 3469 4156 doctrinae
3508 4106 3660 4153 tanta

384 4201 607 4256 quoque
627 4188 844 4245 dicendi
868 4190 1122 4248 facundia
1154 4209 1217 4250 ac
1241 4195 1574 4265 eloquentia,
1605 4206 1811 4265 quanta
1841 4195 1923 4251 vel
1962 4196 2031 4252 ab
2061 4195 2181 4266 ejus
2217 4195 2434 4265 generis
2475 4192 2792 4247 hominibus
2818 4191 3023 4261 requiri
3068 4197 3249 4262 potest
3276 4186 3537 4252 maxima,
3567 4187 3663 4255 qui

388 4290 605 4333 onmem
637 4290 850 4338 mtatem
881 4283 934 4338 in
966 4284 1168 4341 litteris
1207 4299 1693 4357 consumpserunt.
1724 4287 2010 4342 Accedunt
2045 4284 2114 4339 ad
2149 4293 2357 4337 tantam
2395 4281 2981 4351 praestantissimarum
3019 4279 3221 4334 artium
3267 4275 3574 4331 doctrinam
3606 4280 3663 4328 et

387 4374 603 4423 caetera:
628 4370 857 4427 virtutes
891 4372 1069 4444 dignae
1100 4390 1297 4445 magno
1326 4374 1572 4445 principe
1602 4375 1857 4445 :justitia
1889 4376 1943 4429 in
1974 4373 2228 4444 imperio,
2256 4372 2405 4443 pacis
2432 4370 2648 4425 tuenda:
2686 4383 2842 4434 cura,
2876 4367 3197 4439 magnitudo
3244 4364 3433 4429 animi,
3462 4364 3660 4434 pietas,

387 4454 630 4510 studium
661 4456 917 4526 juvandm
938 4476 1001 4515 ac
1034 4462 1301 4518 ornandae
1323 4463 1605 4535 religionis
1629 4462 1979 4528 Cbristianm,
2006 4462 2297 4517 clementia
2328 4476 2391 4515 ac
2421 4460 2640 4515 bonitas
2674 4457 2896 4513 eximia.
2930 4457 3046 4511 Hoc
3082 4454 3329 4527 principe
3362 4456 3499 4507 duce
3528 4449 3663 4521 quid

389 4544 590 4612 poterit
612 4561 734 4602 esse
757 4548 993 4616 adversi,
1022 4552 1068 4606 si
1091 4567 1214 4607 cum
1244 4552 1443 4609 virtute
1475 4554 1660 4609 omnia
1687 4553 1929 4610 secunda
1955 4549 2305 4607 sunt?Nemo
2336 4550 2389 4604 in
2419 4549 2509 4604 illo
2529 4547 2829 4618 quidquam
2861 4544 3235 4602 inconsultum
3268 4548 3505 4606 metuat,
3532 4554 3664 4611 pru-

389 4629 750 4691 dentissimus
770 4645 853 4692 est
878 4655 893 4705 ;
927 4653 1087 4695 nemo
1114 4639 1466 4697 insolentiam
1495 4642 1662 4696 animi
1692 4642 1913 4712 cogitet,
1944 4638 2386 4696 modesrissimus
2415 4646 2533 4702 est;
2578 4649 2740 4717 nemo
2768 4633 3027 4703 injuriam
3067 4633 3277 4698 timeat,
3309 4628 3662 4699 aequissimus

390 4729 496 4778 est.
521 4722 669 4779 Bene
704 4736 976 4783 merentes
1007 4742 1109 4783 sua
1135 4728 1482 4784 confirmabit
1511 4730 1878 4797 humanitate,
1915 4727 2205 4799 languidos
2245 4724 2508 4781 excitabit
2538 4722 2837 4788 industria,
2868 4721 3151 4791 improbos
3181 4718 3476 4775 severitate
3508 4730 3661 4770 com-

390 4820 597 4879 pescet.
631 4811 796 4870 Certe
834 4814 1154 4886 bujusmodi
1194 4819 1422 4873 omnino
1459 4796 1971 4890 requirebaturqui
2012 4796 2416 4871 infelicissimis
2459 4812 2610 4867 hisce
2642 4811 2981 4882 temporibus
3006 4808 3377 4864 celeberrima:
3406 4796 3699 4859 Ecclesia!

393 4900 783 4971 praeﬁceretur,
817 4906 1278 4978 amplissimmquc
1322 4906 1548 4963 ditionis
1591 4908 1833 4965 habenas
1866 4923 1929 4961 ea
1957 4904 2245 4978 prudentia
2277 4918 2449 4972 eaque
2473 4901 2725 4957 doctrina
2770 4900 3170 4965 moderaretur,
3201 4909 3440 4966 ovesque
3481 4910 3510 4947 a
3543 4900 3662 4947 trti-

394 4987 628 5043 culentis
649 5004 788 5059 pene
820 4991 1073 5062 luporum
1108 4994 1361 5052 faucibus
1385 4996 1639 5066 eriperet,
1672 5012 1866 5066 nempe
1896 4996 1988 5066 qui
2019 4994 2072 5048 in
2113 4993 2389 5057 variarum
2425 4990 2794 5047 Ecelesiarum
2832 4989 3223 5044 moderatione
3256 4987 3368 5056 jam
3401 4985 3663 5055 probatus

395 5084 559 5133 esset.
591 5075 873 5148 Siquidem
915 5084 1217 5152 tranquillo
1248 5086 1387 5139 mari
1423 5085 1651 5155 quilibet
1696 5092 1986 5139 nautarum
2029 5092 2427 5151 vectorumque
2460 5081 2769 5151 gubernare
2824 5086 3003 5149 potest
3033 5097 3047 5132 :
3093 5088 3149 5131 at
3185 5076 3277 5131 ubi
3318 5089 3460 5131 saeva
3495 5072 3666 5128 fuerit

397 5171 512 5219 orta
542 5173 860 5237 tempestas,
888 5184 953 5224 ac
991 5172 1213 5228 turbato
1242 5174 1380 5227 mari
1411 5174 1625 5243 rapitur
1654 5182 1819 5228 vento
1865 5174 2042 5237 navis,
2072 5183 2186 5227 tum
2223 5172 2343 5227 viro
2375 5186 2439 5225 ac
2466 5173 2834 5241 gubernatore
2860 5185 3001 5240 opus
3028 5179 3113 5224 est
3146 5186 3160 5223 :
3187 5175 3240 5223 et
3268 5166 3362 5238 qui
3388 5172 3515 5219 ante
3548 5176 3667 5217 om-

402 5253 489 5308 nia
519 5255 629 5310 duo
671 5257 787 5313 hac
826 5260 1073 5317 Platonis
1096 5274 1365 5334 praecepta
1389 5271 1593 5329 teneat,
1625 5279 1746 5333 qum
1770 5262 1962 5318 Cicero
2001 5262 2135 5317 dicit
2164 5260 2478 5316 necessario
2515 5259 2708 5314 adesse
2744 5259 2830 5314 his
2855 5265 3129 5328 oportere,
3164 5255 3258 5327 qui
3298 5253 3525 5310 omnino
3559 5250 3667 5305 rei-

400 5342 544 5409 publ.
576 5345 849 5414 profuturi
892 5335 1023 5404 sunt
1070 5367 1084 5403 :
1121 5350 1356 5420 primum
1408 5361 1466 5406 ut
1506 5353 1706 5407 civium
1746 5352 2037 5406 utilitatem
2085 5350 2165 5406 sic
2205 5356 2466 5403 tueantur
2511 5357 2568 5401 ut
2598 5347 2862 5417 quidquid
2910 5356 3079 5418 agunt
3118 5345 3185 5400 ad
3225 5359 3347 5398 eam
3399 5340 3667 5409 referant,

402 5430 549 5485 obliti
585 5434 995 5491 commodorum
1046 5453 1295 5493 suorum.
1344 5439 1531 5511 Neque
1570 5441 1714 5495 enim
1762 5440 1902 5494 idem
1938 5439 2241 5509 principem
2290 5438 2447 5493 decet
2477 5435 2625 5506 quod
2668 5438 2965 5506 privatum.
3012 5435 3187 5503 Atque
3226 5433 3353 5486 hinc
3389 5438 3474 5485 est
3517 5428 3665 5499 quod

407 5518 688 5593 Pelopidas
729 5526 888 5580 uxori
932 5518 1054 5599 qua:
1091 5527 1160 5582 ad
1198 5529 1400 5584 bellum
1449 5530 1886 5601 proficiscentem
1938 5528 2276 5583 muliebriter
2320 5526 2543 5598 rogabat
2584 5532 2830 5580 servaret
2878 5526 3142 5589 scipsnm,
3190 5522 3323 5586 Alii,
3369 5518 3570 5588 inquit,
3607 5524 3667 5570 ut

404 5608 579 5665 isthuc
623 5609 828 5668 faciant
865 5616 1121 5672 monendi
1152 5625 1281 5672 sunt
1320 5634 1334 5669 :
1370 5632 1493 5671 nam
1529 5619 1781 5687 princeps
1816 5631 1880 5670 ac
1909 5614 2019 5673 dux
2062 5617 2363 5672 hortandus
2418 5626 2501 5672 est
2562 5614 2742 5687 pOtins
2776 5621 2833 5667 ut
2872 5619 3051 5669 servet
3098 5611 3266 5666 cives.
3305 5610 3550 5663 Alterum
3580 5613 3667 5661 est

407 5709 460 5749 ut
495 5705 666 5754 totum
707 5716 908 5773 corpus
942 5705 1255 5776 reipublicae
1290 5713 1482 5760 curent
1513 5724 1525 5759 :
1555 5722 1621 5760 ne
1664 5707 1791 5759 dum
1831 5715 2038 5774 partem
2073 5707 2308 5775 aliquam
2343 5713 2588 5770 tuentur,
2632 5704 2873 5772 reliquas
2921 5702 3174 5755 deserant
3203 5716 3216 5752 :
3257 5713 3380 5751 nam
3428 5696 3481 5750 id
3513 5694 3662 5749 sedi-

405 5788 569 5845 tionis
594 5791 927 5863 maximique
967 5794 1179 5849 dissidii
1214 5810 1276 5848 ac
1319 5795 1630 5847 invidenti-.e
1675 5810 1837 5849 causa
1892 5804 2057 5850 esset.
2099 5793 2300 5846 Verum
2343 5808 2519 5861 nequc
2562 5807 2662 5862 ego
2700 5792 2745 5845 is
2782 5806 2902 5845 sum
2939 5789 3055 5860 qui,
3102 5804 3169 5840 ne
3209 5784 3385 5840 dicam
3420 5782 3540 5846 tibi,
3569 5780 3666 5836 sed

405 5888 504 5932 uec
529 5878 618 5933 alii
647 5879 823 5936 cuivis
846 5882 1138 5938 consilium
1172 5883 1301 5939 dare
1333 5883 1560 5953 possim,
1606 5898 1777 5954 neque
1812 5893 1866 5937 tu
1906 5884 1949 5942 is
1989 5900 2047 5941 cs
2093 5882 2176 5939 cui
2210 5898 2345 5951 opus
2379 5882 2447 5935 sit
2479 5880 2612 5935 illud
2648 5895 2676 5934 a
2714 5892 2992 5949 quoquam
3032 5881 3306 5945 expetere.
3346 5872 3428 5927 Tu
3463 5868 3556 5926 tibi
3609 5867 3697 5928 in.
