4058 6582
416 384 487 449 19
1439 387 1907 471 (ΕΠΙΜΕΝΙυὸ
1938 385 2233 448 ΤΙΠΕΟΕ
2272 384 2699 448 EPISCOPUS.
3627 376 3697 440 ΞΘ

413 497 676 552 omnibus
704 496 946 552 monitor
982 496 1200 553 dandus
1224 510 1284 552 es
1326 515 1338 550 :
1366 496 1474 550 tuis
1502 494 1774 558 consiliis,
1807 493 2108 565 diligentia:
2134 508 2198 548 ac
2232 492 2518 548 industri-ae
2553 491 2959 561 relinquen-lus.
2993 489 3074 546 An
3110 505 3212 546 nos
3245 489 3540 544 timeamus
3580 488 3695 540 ulla

415 599 466 640 ia
493 595 649 656 parte
683 586 1053 643 arctissimam
1083 584 1360 655 aequitatis
1416 584 1658 656 regulam
1704 582 2115 641 transiturum?
2155 582 2427 637 facturum
2463 580 2672 650 aliquid
2702 590 2756 636 te
2797 581 3017 651 tuisque
3056 580 3369 650 majoribus
3411 593 3476 633 ac
3519 576 3690 646 reguli

414 682 507 727 tua
556 674 811 745 prosapia
845 672 1153 745 indignum,
1194 681 1291 726 aut
1327 686 1357 725 a
1397 671 1510 726 tuis
1553 670 1803 727 moribus
1845 669 2134 725 alienum?
2166 684 2306 726 neve
2350 669 2421 725 ab
2464 669 2870 726 honestissimis
2912 670 3035 723 vita:
3069 669 3378 725 rationibus
3416 663 3685 724 oberres?

414 760 574 818 Unde
633 761 725 819 hic
760 762 922 819 nobis
961 770 1164 828 metus,
1204 770 1300 815 aut
1341 759 1477 831 quid
1515 758 1584 816 de
1629 766 1683 816 te
1721 773 1833 813 non
1878 756 2140 814 debemus
2179 757 2340 814 nobis
2377 757 2664 828 polliceri?
2704 758 2798 828 qui
2850 772 2957 812 non
3002 757 3167 813 modo
3207 767 3474 813 vetemur
3500 754 3693 809 laudes

411 849 868 922 splendoremque
908 851 1107 923 prioris
1141 849 1340 912 tetatis,
1375 848 1468 904 sed
1515 855 1569 902 et
1608 846 1828 919 ingenia
1876 845 2215 901 laudantium
2270 845 2527 916 viresque
2593 848 2890 917 superasti.
2949 844 3293 917 Quspmpter
3329 845 3416 901 his
3460 844 3690 906 relictis.

411 953 534 1010 quia
563 946 618 995 et
640 952 745 1011 ego
767 938 974 995 frustra
999 939 1184 1010 eloqui
1220 944 1518 1004 tentarem,
1548 947 1605 990 et
1648 947 1704 991 tu
1745 936 1935 992 invitis
1967 945 2062 991 aut
2094 936 2366 992 obturatis
2388 935 2576 1006 potius
2610 936 2840 993 auribus
2871 937 3179 1006 exciperes,
3209 935 3380 991 Deum
3423 934 3692 1005 optimum

413 1028 824 1098 maximumque
842 1038 1059 1098 precor,
1090 1036 1143 1084 te
1172 1027 1355 1093 nobis,
1380 1026 1492 1081 imo
1523 1025 1713 1097 patrias
1734 1040 1798 1079 ac
1834 1024 2218 1081 communibus
2249 1024 2449 1080 studiis
2478 1022 2793 1079 diutissime
2815 1034 2994 1079 servet
3022 1024 3373 1079 incolumem.

487 1114 685 1173 Datum
719 1114 972 1184 Loranii,
998 1118 1062 1173 in
1086 1114 1320 1188 collegio
1344 1112 1679 1183 tlieologico,
1720 1127 1865 1168 auito
1899 1125 1930 1166 τι
1956 1121 2114 1182 partu
2143 1112 2393 1182 virgineo
2420 1110 2580 1178 15t5,
2609 1110 2790 1182 pridie
2817 1111 3090 1169 Kalendas
3121 1111 3362 1184 Apriles.

1651 1428 1913 1492 CANDI
1922 1427 2034 1490 ΒΟ
2074 1424 2471 1491 LECTORI.

481 1743 713 1801 Rursum
739 1747 792 1800 in
824 1745 981 1816 hujus
1014 1746 1185 1815 operis
1220 1746 1440 1802 exordio
1474 1746 1887 1809 prmonendus
1913 1748 2046 1802 mihi
2069 1763 2145 1812 es,
2177 1745 2404 1801 candide
2439 1745 2643 1809 Lector,
2674 1747 2913 1801 eumdem
2949 1761 3101 1817 quem
3143 1746 3196 1800 in
3231 1745 3402 1815 priori
3437 1750 3578 1799 tonio
3610 1759 3700 1797 or-

385 1831 587 1911 ‘dinem
620 1846 714 1888 nos
739 1848 977 1888 servasse
999 1833 1428 1888 adnotandorum
1452 1847 1794 1889 numerorum
1819 1836 2074 1903 capitum,
2110 1844 2220 1888 tam
2242 1835 2403 1905 juxta
2433 1832 2647 1890 Grtecos
2676 1849 2827 1905 quem
2857 1832 2940 1888 hic
2969 1841 3158 1888 auctor
3190 1832 3511 1896 observavit,
3533 1848 3695 1901 quam

411 1920 567 1983 iuxta
604 1917 825 1975 Latinos
853 1932 1006 1990 quem
1036 1934 1130 1976 nos
1148 1919 1427 1992 quidpiam
1461 1921 1691 1977 citantes
1728 1932 1822 1976 aut
1856 1918 2008 1977 aliud
2037 1932 2279 1977 notantes
2312 1936 2518 1993 semper
2568 1924 2855 1994 sequimur,
2890 1936 3010 1976 cum
3051 1922 3255 1976 nullam
3286 1921 3513 1990 facimus
3548 1917 3695 1974 (ἲν-ω’

408 2020 591 2063 eorum
621 2007 856 2078 capitum
886 2009 1223 2064 mentionem.
1258 2006 1449 2080 Itaque
1488 2010 1646 2064 initio
1679 2011 1865 2065 statim
1912 2010 2173 2081 cujusque
2195 2010 2355 2081 faciei
2388 2013 2595 2081 positus
2622 2025 2892 2076 numerus,
2928 2009 3242 2064 Latinorum
3289 2019 3414 2064 est:
3445 2010 3539 2081 qui
3579 2023 3703 2061 rem

409 2097 726 2179 maiusculis
765 2095 959 2152 litteris
998 2111 1162 2162 supra
1185 2097 1332 2167 ipsos
1364 2098 1576 2169 pagina:
1598 2114 1780 2154 versus
1819 2099 2127 2165 ascribitur,
2168 2098 2502 2157 Cra-corum.
2536 2099 2762 2156 Rursum
2792 2100 2881 2154 ubi
2909 2100 3205 2155 Bibliorum
3240 2100 3389 2154 locus
3432 2098 3696 2168 quispiam

409 2184 569 2256 fuerit
601 2185 657 2240 in
686 2193 936 2239 contextu
975 2186 1175 2239 citatus
1212 2194 1311 2240 aut
1347 2187 1417 2240 ad
1460 2187 1637 2257 ipsum
1665 2203 1873 2258 quoquo
1914 2186 2073 2242 modo
2105 2186 2361 2251 allusum,
2395 2204 2488 2243 nec
2526 2199 2703 2243 tamen
2742 2189 2799 2243 in
2832 2190 3074 2259 opposito
3106 2189 3341 2259 margine
3372 2185 3588 2240 additus
3620 2196 3696 2238 est

408 2275 634 2331 Latinus
659 2274 847 2344 capitis
880 2290 1151 2339 numerus,
1188 2275 1258 2328 ad
1289 2274 1530 2330 eumdem
1553 2278 1645 2347 qui
1674 2277 1836 2345 paulo
1869 2285 1992 2331 ante
2013 2275 2213 2330 citatus
2240 2284 2320 2330 est
2346 2276 2519 2331 locum
2542 2278 2805 2332 recurrite
2825 2292 2844 2343 ;
2866 2277 3113 2331 nolumus
3143 2278 3280 2330 enim
3323 2275 3528 2343 frustra
3558 2272 3696 2327 idem

407 2362 644 2433 ejusdem
677 2364 961 2419 voluminis
989 2371 1149 2432 caput
1193 2363 1391 2418 iterato
1425 2379 1634 2434 ponere.
1674 2364 1981 2432 Quinetiam
2020 2383 2140 2422 cum
2174 2370 2443 2424 variorum
2491 2371 2726 2440 ejusdem
2766 2370 3047 2425 voluminis
3089 2371 3324 2440 capitum
3368 2368 3697 2422 eousecutire

407 2454 552 2508 dicta
581 2454 840 2519 citantur,
862 2452 1034 2521 posito
1071 2450 1234 2506 semel
1271 2451 1542 2505 duntaxat
1573 2451 1859 2507 voluminis
1888 2455 2123 2523 nomine,
2153 2472 2398 2512 numeros
2442 2460 2675 2528 capitum
2706 2459 2867 2513 simul
2899 2458 3249 2529 adjunximus
3283 2472 3342 2511 eo
3365 2470 3467 2526 quo
3492 2455 3590 2509 illa
3620 2457 3698 2508 c‘i-

406 2548 594 2597 tantur
636 2537 842 2627 ordine.
896 2536 1167 2593 Pratterea
1213 2538 1456 2627 eamdem
1505 2538 1590 2593 hic
1641 2539 1773 2593 mihi
1811 2538 1936 2595 dari
1961 2546 2167 2599 veniam
2209 2561 2394 2616 precor
2415 2562 2575 2617 quam
2616 2549 2671 2600 in
2707 2546 2999 2617 Euthyinio
3035 2544 3322 2615 postulavi,
3371 2546 3509 2614 quod
3548 2557 3699 2596 uoces

404 2629 666 2695 quasdam
702 2643 808 2683 non
845 2627 1119 2682 vitaverim
1160 2644 1193 2682 α
1217 2626 1406 2699 quibus
1447 2627 1732 2682 abhorrent
1771 2630 2016 2685 nonnulli
2047 2642 2230 2688 nostra
2262 2633 2358 2689 hoc
2385 2634 2623 2703 politiori
2659 2635 2900 2690 swculo:
2934 2650 3137 2702 nempe,
3170 2632 3443 2697 Salvator,
3477 2631 3693 2686 sulvure

406 2717 749 2789 compassio:
778 2715 1119 2787 dispensatio
1150 2732 1214 2769 ac
1241 2715 1465 2781 similes,
1497 2731 1561 2770 ne
1602 2716 1651 2771 si
1702 2717 1996 2773 exactiores
2039 2720 2500 2784 substitueremus,
2534 2738 2652 2784 ante
2687 2738 2965 2777 sacrarum
3008 2721 3409 2791 Scripturarum
3439 2718 3696 2773 studiosis

405 2822 509 2861 non
551 2805 681 2861 adeo
722 2805 861 2860 trita:
890 2817 1081 2870 essent,
1114 2804 1361 2860 lectorem
1397 2820 1604 2875 quoquo
1635 2806 1789 2860 modo
1821 2810 2077 2863 remorari
2129 2808 2447 2865 videremur.
2477 2810 2561 2863 Ad
2585 2809 2695 2865 haec
2728 2826 2847 2864 cum
2877 2808 3120 2866 Grtvcum
3145 2808 3418 2876 exemplar
3452 2805 3692 2875 singulo-

406 2912 528 2949 rum
564 2904 881 2966 argumenta
922 2895 1158 2964 capitum
1188 2894 1341 2948 initio
1387 2894 1646 2966 cujusque
1680 2895 1807 2949 libri
1844 2905 1937 2949 aut
1971 2896 2210 2966 epistolas
2247 2908 2556 2964 recenseret,
2596 2898 2885 2952 maluimus
2923 2897 3134 2967 singula
3174 2897 3397 2966 singulis
3429 2895 3693 2960 capitibus

403 2983 698 3055 prta/igere,
731 2999 793 3037 ne
833 2981 902 3036 ad
932 2981 1349 3055 dignoscendum
1382 2982 1577 3053 capitis
1620 2994 2015 3055 argumentum.
2049 3000 2258 3039 necesse
2291 2985 2388 3039 tibi
2431 2986 2567 3054 foret
2606 2984 2831 3040 subinde
2874 2986 2946 3039 ad
2988 2983 3111 3039 libri
3146 2984 3359 3038 initium
3400 2997 3691 3037 recurrere.

406 3071 745 3143 Quapropter
774 3072 934 3126 etiam
963 3053 1341 3142 nonnunquam
1366 3072 1539 3126 coacti
1559 3053 1743 3127 sumus
1762 3081 1939 3142 partes
1973 3081 2147 3126 textus
2180 3072 2336 3128 aliter
2360 3053 2520 3144 quam
2577 3073 2630 3129 in
2656 3071 2839 3129 Gra'co
2871 3082 3043 3129 essent
3083 3072 3375 3139 exemplari
3406 3070 3647 3125 dividere
3670 3087 3693 3127 :

402 3176 524 3215 cum
578 3157 655 3214 ibi
693 3158 1000 3215 continuato
1053 3168 1219 3224 textu,
1262 3161 1320 3214 in
1362 3160 1602 3231 margine
1640 3159 1905 3215 duntaxat
1953 3160 2074 3217 novi
2126 3162 2320 3232 capitis
2370 3178 2621 3218 numerus
2666 3171 3037 3217 annotaretur.
3081 3159 3490 3229 Nonnunquam
3531 3159 3695 3212 etiam

401 3263 468 3303 ne
501 3255 672 3302 textus
701 3246 833 3302 adeo
860 3247 1081 3302 mutilus
1117 3256 1210 3300 aut
1255 3246 1565 3302 minutatim
1589 3250 1832 3303 concisus
1862 3249 2148 3316 viseretur,
2178 3249 2354 3319 plures
2395 3250 2772 3321 conjunximus
2801 3250 3046 3319 periodos
3069 3265 3186 3322 qua:
3214 3248 3269 3302 in
3297 3245 3482 3303 Gra’co
3513 3262 3694 3301 exem-

400 3334 545 3404 plari
568 3334 755 3390 divisa:
789 3344 968 3404 erant,
1000 3337 1345 3405 potissimum
1383 3336 1438 3391 in
1464 3334 1713 3406 Epistola
1748 3338 1817 3391 ad
1843 3335 2111 3392 Romanos
2137 3345 2188 3392 et
2217 3336 2270 3392 in
2301 3337 2643 3410 Apocalypsi,
2681 3339 2772 3409 qui
2806 3338 2932 3392 libri
2960 3338 3015 3392 in
3048 3337 3144 3392 hoc
3167 3354 3199 3391 a
3226 3336 3429 3391 cwteris
3459 3335 3694 3388 maxime

402 3423 735 3479 dissidebant
774 3439 793 3477 :
824 3422 915 3477 ubi
954 3433 1127 3478 tamen
1162 3423 1365 3478 divisas
1407 3423 1779 3494 hujuscemodi
1806 3427 2095 3480 sententias
2123 3425 2528 3495 conjunxiruus,
2558 3428 2628 3480 ad
2677 3428 3015 3498 singularum
3043 3425 3437 3481 enarrationem
3475 3439 3691 3476 rursum

400 3530 492 3570 eas
543 3522 637 3567 aut
677 3528 744 3569 ex
783 3510 987 3597 integrg
1016 3521 1111 3565 aut
1153 3512 1210 3565 in
1238 3521 1388 3579 parte
1439 3513 1764 3580 repetiimus.
1814 3512 2208 3585 Nonnunquam
2245 3532 2363 3570 vero
2396 3516 2531 3570 hanc
2566 3514 2785 3585 fecimus
2830 3516 3076 3571 unionem
3127 3531 3187 3570 eo
3222 3514 3360 3586 quod
3396 3512 3692 3584 permistim

400 3613 579 3672 partes
611 3601 916 3673 Itujusmodi
953 3601 1227 3655 variarum
1268 3600 1608 3672 periodorum
1654 3619 1759 3657 non
1804 3618 1901 3656 suo
1936 3599 2123 3657 ordine
2161 3603 2566 3672 explicabuntur
2592 3619 2611 3659 :
2642 3606 2782 3675 quod
2822 3605 2952 3659 adeo
2995 3604 3241 3675 frequens
3290 3610 3430 3662 erat,
3466 3608 3524 3653 ut
3573 3599 3697 3673 huic

401 3691 547 3749 malo
570 3677 676 3747 non
713 3690 905 3760 ubique
933 3689 1222 3744 remedium
1247 3690 1656 3760 prcestiterimus
1688 3711 1706 3745 :
1739 3689 1957 3760 ideoque
1986 3690 2071 3745 hic
2113 3700 2161 3746 te
2189 3694 2553 3769 admonemus,
2594 3705 2653 3748 ut
2697 3695 2744 3750 si
2773 3695 2987 3766 quando
3020 3693 3297 3750 sententia:
3331 3691 3570 3760 alicujus
3603 3705 3695 3743 ex-

399 3781 740 3851 plicationem
770 3777 1031 3850 requiras,
1064 3777 1227 3832 etiam
1257 3777 1602 3847 prwcedentis
1629 3776 1889 3834 clausqu
1921 3780 2315 3834 enarrationem
2365 3781 2625 3853 perlegas.
2649 3780 2860 3852 Sa’pius
2880 3782 3019 3837 enim
3058 3784 3148 3836 ubi
3180 3782 3446 3850 quispiam
3491 3778 3699 3832 citatur

401 3880 591 3925 auctor
627 3877 679 3925 et
722 3869 1022 3938 prxsertim
1069 3866 1321 3932 Photius,
1360 3884 1465 3922 non
1504 3883 1622 3921 eam
1660 3866 1924 3922 duntaxat
1955 3868 2149 3923 littera:
2183 3877 2389 3938 partem
2422 3886 2541 3940 qua:
2586 3870 2862 3939 proposita
2905 3878 2983 3925 est
3018 3869 3281 3932 declarat,
3312 3865 3403 3921 sed
3430 3882 3492 3920 ea
3531 3866 3695 3919 etiam

402 3974 520 4029 qua:
564 3957 977 4029 subsequuntur.
1024 3954 1107 4010 Ne
1148 3956 1204 4009 id
1250 3971 1455 4027 quoque
1501 3963 1692 4010 temere
1734 3972 1767 4009 a
1804 3957 1955 4011 nobis
1988 3956 2192 4026 factum
2233 3958 2530 4025 existimes,
2565 3958 2708 4029 quod
2760 3974 3137 4029 nonnunquam
3179 3956 3363 4020 Pauli,
3406 3953 3562 4008 Lucis
3599 3963 3695 4007 aut

401 4044 633 4101 Joannis
662 4046 896 4100 litteram
938 4060 1070 4099 novo
1115 4044 1252 4099 satis
1284 4041 1440 4098 modo
1472 4044 1784 4099 verterimus
1812 4056 1830 4097 :
1857 4044 1912 4098 id
1952 4044 2091 4099 enim
2118 4044 2293 4115 facere
2338 4047 2509 4100 coacti
2542 4063 2748 4111 sumus,
2789 4055 2847 4100 ut
2871 4047 3193 4101 scholiorum
3215 4051 3506 4113 respectum
3531 4039 3697 4095 habe-

398 4149 579 4189 remus
606 4133 857 4205 :Ialioqui
885 4134 932 4188 si
961 4131 1190 4203 reliquos
1210 4132 1379 4187 secuti
1409 4132 1695 4201 fuissemus
1724 4131 2054 4201 interpretes,
2086 4134 2291 4189 scholia
2327 4135 2382 4187 in
2408 4134 2715 4205 hujusmodi
2753 4133 2882 4189 locis
2918 4134 3056 4189 nulli
3085 4133 3366 4187 servissent
3402 4130 3693 4199 proposito.

400 4222 584 4295 Hujus
608 4240 811 4295 quoque
843 4232 894 4279 te
922 4223 1259 4278 admonitum
1286 4222 1463 4287 velim,
1492 4222 1694 4293 quoties
1722 4222 1868 4277 locus
1894 4223 2162 4292 quispiam
2195 4222 2247 4276 in
2276 4224 2358 4278 his
2390 4239 2457 4278 ex
2503 4221 2675 4278 Veteri
2709 4223 2908 4278 citatur
2954 4222 3339 4285 Instrumenta,
3373 4220 3510 4274 hunc
3528 4218 3696 4288 juxta

399 4314 691 4369 versionem
721 4313 1072 4383 Septuaginta
1105 4311 1317 4382 referri,
1347 4319 1526 4380 utpote
1552 4312 1643 4381 qui
1673 4309 1853 4365 Grtrce
1877 4312 2224 4373 scripserunt,
2251 4310 2305 4365 hi
2333 4321 2507 4366 autem
2552 4311 2859 4367 collectores
2910 4310 3082 4366 (irasci
3138 4319 3342 4364 tantum
3380 4317 3531 4363 erant
3564 4326 3577 4362 :
3603 4308 3696 4375 qui

400 4401 564 4456 etiam
600 4418 703 4456 non
733 4417 860 4455 raro
895 4416 1108 4455 sensum
1141 4399 1312 4471 magis
1371 4400 1540 4455 citant
1569 4416 1726 4471 quam
1754 4400 1949 4455 verba:
1976 4408 2091 4463 aut,
2123 4399 2261 4471 quod
2301 4399 2430 4454 mihi
2464 4402 2636 4471 magis
2680 4400 2906 4464 videtur,
2940 4414 3006 4455 ex
3040 4399 3294 4454 memoria
3328 4399 3515 4465 citant,
3550 4411 3690 4466 quis,

399 4498 579 4558 utpote
607 4488 804 4555 labilis,
835 4484 996 4543 etiam
1022 4487 1357 4543 doctissimos
1392 4505 1767 4560 nonnunquam
1800 4489 1987 4560 fallere
2038 4489 2194 4544 solet.
2221 4485 2478 4559 Denique,
2507 4488 2563 4542 id
2592 4489 2757 4542 etiam
2795 4489 3179 4553 animadverte,
3211 4495 3470 4559 quantum
3495 4482 3693 4540 nostris

401 4578 727 4649 temporibus
760 4578 816 4632 hi
849 4576 1081 4633 serviant
1115 4578 1508 4641 commentarii,
1552 4578 1912 4649 qui,plurimis
1957 4580 2013 4632 in
2044 4576 2173 4632 locis
2208 4574 2446 4631 indicant
2479 4576 2717 4632 brevibus
2759 4594 2877 4649 quia
2921 4575 3079 4633 Pauli
3118 4577 3275 4632 verba
3312 4576 3478 4631 variis
3554 4572 3696 4628 obsi-

397 4676 548 4725 stant
592 4662 883 4722 hxresibus
913 4663 1145 4737 illasque
1178 4664 1511 4735 confodiant.
1539 4666 1730 4735 Accipe
1761 4666 1960 4735 itaque,
1995 4665 2160 4720 lector
2188 4666 2432 4732 candide,
2481 4682 2544 4721 ac
2570 4666 2745 4737 fruere
2774 4666 3016 4737 felicibus
3052 4666 3303 4735 auspiciis
3320 4661 3501 4735 prwda
3532 4676 3693 4733 quam

398 4773 464 4813 ex
492 4755 802 4812 Grmcorum
833 4752 1160 4808 bibliothecis
1201 4753 1306 4808 tuis
1350 4752 1535 4808 usibus
1571 4753 1730 4823 primi
1764 4753 2072 4808 adveximus
2110 4768 2129 4807 :
2179 4769 2483 4825 quanquam
2516 4753 2674 4824 hujus
2701 4771 2848 4826 pars,
2894 4763 2951 4809 ut
2987 4768 3162 4810 rerum
3200 4752 3397 4824 fatear,
3437 4764 3617 4817 nempe
3638 4748 3694 4803 in

399 4842 702 4912 Epistolam
734 4841 803 4895 ad
833 4839 1125 4907 Romanos,
1162 4850 1288 4896 ante
1311 4839 1514 4909 aliquot
1554 4858 1721 4897 annos
1756 4850 1933 4911 erepta
1965 4841 2166 4911 fuerat,
2199 4843 2405 4900 Joanne
2438 4842 2698 4900 Lom‘cero
2722 4846 3031 4914 interprete,
3058 4858 3238 4897 verum
3270 4840 3460 4896 mutila
3498 4838 3692 4893 admo-

399 4931 548 4993 dum,
582 4941 640 4982 ut
670 4945 788 5000 qua:
815 4945 880 4983 ne
911 4929 1123 4983 tertiam
1150 4927 1363 4999 quidem
1392 4939 1595 4996 partem
1626 4929 1837 4985 haberet
1903 4946 2086 4985 eorum
2112 4948 2229 5001 qua:
2263 4948 2401 4986 nunc
2430 4933 2482 4986 in
2517 4949 2632 4987 eam
2659 4931 2960 5003 Epistolam
2986 4931 3081 4985 tibi
3106 4932 3301 4985 damus
3330 4943 3349 4983 :
3379 4942 3564 5000 eaque,
3598 4940 3693 4980 ne-

396 5021 509 5075 scio
539 5018 693 5089 cujus
737 5017 885 5080 vitio,
921 5017 1053 5071 satis
1087 5015 1370 5086 infeliciter
1399 5015 1692 5072 Latinitate
1728 5018 1974 5073 donata:
2006 5034 2168 5089 neque
2208 5022 2346 5074 enim
2378 5022 2714 5092 interpretem
2750 5032 2941 5076 temere
2982 5034 3238 5074 accusare
3274 5017 3427 5073 velim
3473 5030 3491 5069 :
3522 5031 3694 5087 quan-

398 5124 563 5179 quam
602 5108 648 5161 is
678 5107 841 5161 etiam
877 5106 931 5160 in
973 5106 1369 5175 nuncupatoria
1419 5104 1665 5175 Epistola
1699 5107 1835 5160 satis
1878 5106 2083 5161 indicat
2121 5125 2279 5179 quam
2325 5127 2426 5164 non
2477 5110 2823 5180 magnifaciat
2861 5127 2923 5165 ea
2954 5124 3070 5180 qua!
3097 5116 3288 5175 vertat,
3326 5120 3537 5176 seseque
3576 5120 3693 5157 ma—

402 5197 567 5251 luisse
594 5195 649 5249 in
676 5193 784 5248 alio
811 5193 1014 5249 versari
1048 5202 1377 5262 argumento.
1411 5210 1430 5245 ι
1460 5192 1683 5263 Majori,
1716 5195 1907 5266 inquit,
1936 5197 2287 5252 delectatione
2338 5200 2390 5253 in
2423 5216 2482 5254 eo
2524 5210 2759 5254 versatus
2787 5215 2974 5264 essem,
3007 5198 3055 5253 si
3085 5198 3139 5251 in
3177 5195 3472 5265 Scriptura:
3508 5208 3690 5261 scopo,

400 5287 455 5339 in
493 5284 618 5353 ﬁde,
644 5286 697 5337 in
720 5281 924 5338 Christi
954 5283 1183 5349 meritis,
1208 5283 1465 5354 sanguine
1493 5293 1544 5336 et
1574 5296 1759 5347 morte,
1786 5292 1945 5355 atque
1973 5285 2105 5341 adeo
2128 5286 2179 5341 in
2194 5287 2586 5357 justiﬁcatione
2612 5288 2893 5342 mansisset
2925 5289 3153 5358 firmiter
3192 5302 3258 5341 ac
3290 5293 3633 5349 constanter;
3665 5303 3683 5334 ι

400 5382 452 5430 et
488 5384 608 5442 post
648 5387 818 5442 pauca
851 5387 869 5427 :
899 5391 917 5424 ι
958 5368 1356 5443 Nonnunquam
1390 5387 1516 5426 sane
1553 5372 1720 5426 bonus
1763 5374 1846 5426 hic
1880 5374 1960 5427 vir
1994 5371 2123 5426 dum
2162 5372 2328 5428 Pauli
2368 5384 2591 5430 mentem
2630 5391 2732 5430 non
2766 5376 3090 5447 assequitur,
3132 5390 3224 5429 nec
3280 5371 3560 5443 respondet
3594 5386 3688 5440 per

404 5464 586 5542 omnia
620 5460 805 5516 saeculi
837 5458 1122 5531 analogiae,
1148 5461 1392 5529 operibus
1426 5460 1548 5528 plus
1578 5476 1729 5529 a‘quo
1766 5461 1972 5523 tribuit,
2008 5470 2067 5515 ut
2093 5473 2345 5531 appareat
2374 5463 2670 5534 theologum
2700 5481 2811 5519 esse
2839 5461 3114 5519 Gra'cum:
3140 5478 3362 5533 quorum
3387 5477 3515 5516 sane
3541 5476 3693 5513 com-

403 5542 689 5614 mentaria,
717 5567 835 5604 cum
863 5550 1140 5605 Christum
1171 5550 1393 5605 doceant
1422 5561 1471 5604 et
1503 5551 1557 5604 in
1586 5548 1790 5606 Christi
1815 5552 2049 5622 gloriam
2076 5552 2376 5621 conscripta
2406 5552 2534 5617 sint,
2570 5552 2719 5606 nobis
2750 5552 2892 5605 haud
2915 5552 3097 5605 statim
3128 5562 3250 5605 sunt
3278 5546 3679 5604 contemnenda.

403 5641 689 5703 Craterum,
725 5637 1035 5693 Christiano
1078 5639 1257 5707 potius
1289 5638 1475 5708 volupe
1503 5656 1618 5694 esse
1652 5639 1822 5703 debet,
1858 5639 2033 5693 videre
2071 5650 2119 5694 et
2154 5655 2434 5709 agnoscere
2462 5655 2563 5708 quo
2591 5638 2729 5694 dono
2771 5650 2964 5695 veteres
2995 5638 3269 5695 Christum
3306 5637 3683 5707 prardicarint-

404 5731 722 5801 Quanquam
753 5737 930 5787 autem
960 5743 1064 5782 non
1092 5743 1281 5797 parum
1328 5726 1482 5780 multi
1508 5730 1863 5797 reperiantur,
1895 5730 1984 5798 qui
2020 5728 2180 5782 citius
2231 5729 2365 5781 hunc
2393 5730 2726 5797 interpretem
2761 5730 2867 5783 divi
2899 5729 3061 5784 Pauli
3087 5730 3191 5783 sint
3228 5728 3477 5798 rejecturi
3520 5742 3682 5796 quam

405 5816 595 5875 lecturi
634 5833 654 5873 :
679 5834 864 5873 eorum
898 5826 1075 5870 tamen
1105 5816 1382 5871 calumnia
1429 5818 1646 5872 minime
1680 5817 1810 5871 mihi
1855 5817 2074 5886 probari
2098 5826 2287 5884 potest.
2329 5816 2437 5873 Cur
2476 5818 2612 5873 enim
2661 5834 2761 5873 non
2799 5819 2975 5888 potius
3016 5818 3121 5873 diri
3153 5815 3393 5888 Apostoll
3422 5823 3685 5885 pra'cepto

408 5905 759 5978 ebscquimur,
792 5901 986 5962 Omnia
1013 5904 1239 5976 probato
1267 5921 1285 5969 ;
1317 5904 1462 5977 quod
1493 5906 1697 5963 bonum
1729 5915 1841 5973 est,
1866 5914 2064 5963 tenete.
2102 5924 2119 5956 ι
