4058 6564
286 385 354 456 21
1580 393 2166 460 PROLEGOMENA.
2465 387 2472 396 ’
3469 387 3542 454 22

360 500 638 559 Hactenus
666 501 951 560 Louicerus
973 502 1040 561 de
1065 521 1126 560 eo
1155 521 1305 576 quem
1327 506 1630 563 vertendum
1661 517 1983 578 susceperat.
2023 506 2218 561 Verum
2256 503 2516 560 nonnulla
2537 503 2593 558 in
2623 502 2810 574 primis
2857 504 3122 574 capitibus
3155 505 3272 560 loca
3304 504 3540 574 confere-

289 607 428 656 mus,
452 607 570 662 qua:
605 591 707 660 ipsi
731 592 1003 648 nobiscum
1034 593 1184 664 fuere
1208 596 1264 650 in
1295 595 1481 652 Greeco
1512 597 1805 667 exemplari
1833 599 2156 662 communia,
2189 595 2350 650 veluti
2381 612 2444 652 ea:
2474 596 2641 666 ipsius
2669 595 2904 651 versione
2941 594 3128 668 liquet,
3157 611 3261 668 quo
3286 605 3335 650 et
3364 595 3430 650 de
3463 589 3544 652 Itis

288 679 430 736 etde
451 681 575 736 aliis
610 680 742 736 locis
766 682 1078 752 innumeris,
1113 683 1304 755 quibus
1335 702 1438 742 non
1463 687 1599 741 satis
1629 687 1768 741 inter
1789 701 1878 741 vos
1905 687 2169 751 convenit,
2197 685 2361 740 lector
2403 683 2650 756 judicare
2689 683 2863 740 valeat
2911 700 2931 740 :
2969 694 3022 740 et
3064 686 3296 755 primum
3353 685 3542 742 Graeca

292 783 580 838 ponemus,
603 769 796 826 deinde
829 781 1068 828 nostram
1095 775 1408 840 versionem,
1431 791 1493 828 ac
1533 774 1685 830 tertio
1711 773 1955 831 Loniceri
1985 775 2158 831 verba.
2191 773 2257 829 In
2286 775 2476 844 primis
2503 790 2660 845 super
2684 773 2784 828 illa
2807 773 2972 845 primi
3002 775 3197 845 capitis
3230 775 3413 840 verba,
3470 775 3553 830 Ad

183 935 192 946 _
292 855 653 946 obedientium
694 856 840 926 ﬁdei,
867 860 956 914 ubi
989 861 1068 915 ait
1099 861 1394 932 interpres:
1422 863 1533 918 Καὶ
1562 862 1671 934 γὰρ
1694 861 1754 917 οὓ

1954 865 2368 937 ιλυπραγμονεῖν
2397 862 2650 935 γέννησιν
2688 863 2783 920 καὶ
2807 863 2994 920 οὐσίαν
3023 863 3184 930 Θεοῦ,
3210 863 3347 919 ἀλλὰ
3395 863 3556 936 μόνον

295 945 612 1015 ὑπακούειν,
639 947 779 1018 quod
810 965 903 1005 nos
944 954 1022 1004 ita
1057 951 1386 1008 reddidimus
1414 967 1433 1006 :
1461 971 1480 1004 ι
1515 949 1696 1024 Neque
1719 953 1858 1007 enim
1887 962 2088 1020 oportet
2127 951 2224 1007 Dei
2253 951 2646 1024 generationem
2672 951 2750 1006 vel
2789 951 3148 1008 substantiam
3173 953 3382 1008 curiose
3408 967 3559 1006 scru-

293 1035 420 1103 tari,
445 1035 541 1090 sed
568 1043 774 1092 tantum
801 1037 1028 1106 obedire,
1065 1059 1085 1094 s
1119 1040 1230 1111 ipse
1251 1057 1366 1096 vero
1389 1042 1467 1096 sic
1492 1041 1646 1096 habet
1679 1057 1699 1096 :
1731 1059 1751 1094 ι
1787 1039 1999 1094 Etenim
2052 1057 2157 1096 non
2207 1049 2410 1110 oportet
2441 1039 2604 1095 variis
2640 1043 2891 1111 occupari
2948 1039 3101 1096 rebus
3133 1057 3251 1096 eum
3299 1042 3390 1111 qui
3426 1038 3557 1093 Filii

293 1121 392 1177 Dei
425 1125 818 1194 generationem
841 1135 894 1180 et
913 1128 1197 1183 essentiam
1231 1130 1436 1185 novisse
1467 1131 1610 1196 velit,
1655 1127 1745 1184 sed
1786 1127 2119 1186 solummodo
2165 1128 2317 1184 verbo
2365 1127 2593 1184 obedire.
2637 1147 2656 1180 ι
2695 1127 2891 1184 Eodem
2938 1131 3330 1200 capite,‘supcr
3380 1128 3540 1193 illud,

293 1211 596 1268 Invisibilis
626 1215 775 1271 enim
825 1215 1003 1288 ipsius
1027 1231 1094 1273 ex
1121 1217 1396 1276 creatione
1439 1219 1630 1276 mundi
1660 1218 1918 1290 operibus
1960 1217 2236 1274 intellecta
2293 1217 2713 1290 conspiciuntur
2744 1235 2757 1272 :
2796 1217 2981 1275 Graeca
3021 1235 3039 1274 :
3074 1219 3144 1274 τὰ
3167 1217 3380 1290 ἀόρατα
3420 1217 3552 1286 γὰρ,

295 1301 482 1372 φησὶν,
517 1296 628 1358 οἷον
658 1301 880 1376 ἄγγελοι
905 1307 1002 1361 καὶ
1029 1309 1084 1362 αἱ
1115 1307 1272 1364 ἄλλαι
1305 1308 1589 1381 ἀσώματοι
1615 1309 1817 1364 οὐσίαι.
1853 1309 1988 1362 Ποῖα
2024 1307 2240 1374 caiisa;
2293 1307 2374 1362 Τὰ
2406 1307 2514 1360 ἀπὸ
2546 1307 2780 1374 κτίσεως
2829 1309 3036 1380 κόσμου
3081 1309 3158 1372 εἰς
3201 1307 3416 1376 γένεσιν
3443 1323 3550 1359 πα-

295 1389 582 1461 ραχθέντα,
608 1402 793 1449 nostra
821 1395 992 1450 versio
1039 1412 1059 1448 :
1095 1415 1114 1449 ι
1148 1397 1422 1468 Siquidem
1451 1398 1759 1464 invisibilia,
1790 1398 1890 1462 ait,
1930 1406 2059 1464 puta
2087 1397 2261 1469 angeli
2317 1407 2622 1466 crateresque
2651 1396 2966 1452 substantia:
3013 1397 3353 1464 incorporeas.
3388 1395 3548 1462 Qucu-

293 1493 413 1530 nam
439 1492 564 1534 sunt
592 1481 703 1539 haec
729 1481 1038 1552 incorporea
1057 1486 1084 1540 .9
1114 1485 1246 1554 Quae
1268 1501 1334 1542 ex
1363 1487 1626 1541 creatione
1652 1487 1835 1540 mundi
1869 1485 1936 1539 ad
1957 1502 2069 1542 esse
2091 1486 2344 1556 perducta
2383 1493 2528 1540 sunt.
2561 1503 2580 1537 ι
2616 1482 2904 1540 Lonicerus
2929 1499 2959 1552 ,ε
2998 1503 3017 1537 ι
3062 1482 3370 1538 Invisibilia
3387 1483 3547 1548 enim,

294 1568 484 1638 inquit.
513 1570 838 1636 Qualianam
864 1573 975 1628 htec
999 1575 1025 1628 .9
1053 1574 1185 1640 Quae
1211 1593 1242 1630 a
1267 1575 1482 1630 condito
1531 1575 1726 1630 mundo
1762 1574 1830 1628 ad
1859 1576 2251 1645 generationem
2278 1591 2457 1630 rerum
2486 1586 2702 1644 peracta
2737 1583 2882 1628 sunt.
2921 1592 2940 1626 ι
2982 1573 3280 1644 Statimque
3321 1581 3554 1642 postmo-

292 1654 418 1710 dum
452 1659 541 1713 ubi
572 1659 758 1716 Greca
781 1661 989 1730 habent,
1014 1663 1124 1718 τῶν
1162 1665 1536 1736 παρηγμένων
1574 1666 1653 1728 εἰς
1687 1665 1894 1732 γένεσιν

1957 1673 2139 1720 nostra
2184 1664 2351 1719 versio
2383 1680 2400 1718 :
2433 1681 2452 1714 ι
2487 1663 2569 1718 Ea
2599 1679 2716 1734 quae
2749 1663 2956 1717 adesse
2994 1661 3254 1730 producta
3305 1671 3428 1716 sunt
3455 1677 3474 1724 ;
3533 1679 3551 1712 ι

292 1743 580 1804 Lonicerus
603 1765 625 1804 ς
666 1767 685 1802 ι
723 1749 856 1818 Quae
887 1754 1243 1824 generationis
1266 1757 1352 1809 via
1375 1754 1639 1824 producta
1663 1765 1810 1808 sunt.
1854 1772 1871 1806 ι
1910 1752 1978 1806 In
2005 1753 2108 1822 ﬁne
2129 1753 2318 1822 capitis
2345 1767 2500 1820 super
2519 1767 2584 1806 ea
2611 1751 2790 1814 verba,
2825 1747 2944 1804 Non
2971 1750 3150 1804 solum
3205 1747 3434 1812 faciunt,
3465 1764 3558 1802 vc-

295 1847 415 1888 rutn
445 1836 611 1890 etiam
643 1839 1024 1895 assentiuntur
1079 1843 1524 1912 perpetrantibus
1549 1859 1564 1900 :
1593 1830 1682 1895 ubi
1713 1841 1926 1898 Graecus
1967 1841 2209 1896 Isidorus
2238 1840 2420 1896 retulit
2451 1841 2710 1910 quosdam
2743 1839 2900 1894 aliter
2926 1839 3113 1909 legere,
3159 1853 3223 1891 ac
3249 1837 3562 1892 contendere
3589 1902 3601 1916 ι

292 1921 609 1991 depravatos
637 1941 750 1982 esse
777 1926 986 1984 Graecos
1015 1931 1239 1996 codices,
1277 1930 1591 2002 tandemque
1626 1931 1894 2002 subjungit

1982 1929 2121 2000 Ἐγὼ
2160 1931 2217 1985 δὲ
2275 1929 2398 1984 οὔτε
2427 1929 2779 2002 ἡμαρτῆσθαι
2812 1931 2870 1982 ἐν
2896 1928 3074 2000 τούτῳ
3122 1929 3302 1998 φήσας
3328 1927 3396 1981 τὰ
3422 1927 3560 1981 ἀπο-

293 2011 518 2066 στολικὰ
546 2013 750 2084 βιϐλία,
781 2015 914 2071 οὔτε
949 2019 1322 2092 καταδραμεῖν
1370 2019 1478 2074 τῶν
1529 2021 1603 2092 μὴ
1639 2020 1974 2092 νενοηκότων
2023 2019 2276 2091 φράσας,
2327 2021 2439 2083 τοῖς
2473 2018 2884 2090 ἐντευξομένοις
2918 2015 3197 2089 ἐπιτρέψω
3224 2015 3323 2088 τὴν
3353 2015 3558 2085 ψῆφον.

291 2099 442 2170 Φημὶ
461 2101 659 2170 τοίνυν,
689 2105 771 2158 ὅτι
805 2105 992 2176 ἐπειδὴ
1034 2107 1130 2162 τοῦ
1170 2108 1518 2180 πλημμελεῖν
1561 2109 1624 2164 τὸ
1651 2109 1897 2164 ἐπαινεῖν
1935 2109 2063 2174 τοὺς
2098 2107 2560 2180 πλημμελοῦντας
2614 2107 2794 2178 πολλῷ
2828 2105 3236 2178 ἐργαλεώτερόν
3293 2107 3410 2158 ἐστι
3465 2105 3562 2158 καὶ

297 2189 484 2258 μεῖζον
541 2191 621 2254 εἰς
659 2193 932 2258 κολάσεως
972 2195 1152 2264 λόγον,
1193 2197 1418 2261 εἰκότως
1449 2196 1689 2268 εἴρηται,
1741 2199 1816 2252 Οὐ
1844 2197 2004 2268 μόνον
2035 2197 2176 2250 αὐτὰ
2211 2196 2478 2264 ποιοῦσιν,
2509 2195 2648 2249 ἀλλὰ
2679 2195 2775 2248 καὶ
2796 2191 3174 2248 συνευδοκοῦσι
3207 2193 3320 2255 τοῖς
3379 2191 3560 2261 πράσ-

294 2293 498 2341 σουσιν,
531 2289 715 2335 nostra
758 2284 925 2337 versio
956 2298 977 2338 :
1011 2302 1030 2336 ι
1068 2283 1181 2356 Ego
1215 2293 1391 2340 autem
1423 2302 1585 2357 neque
1630 2287 1687 2340 in
1730 2285 1826 2340 ltoc
1855 2286 2169 2356 depravatos
2197 2301 2311 2341 esse
2347 2285 2551 2340 codices
2581 2283 2899 2353 apostolicos
2951 2298 3212 2348 asserens,
3245 2297 3410 2352 neque
3441 2296 3562 2334 cum

293 2364 376 2420 his
413 2367 506 2436 qui
529 2385 631 2424 non
660 2369 1028 2427 intellexerunt
1076 2375 1388 2430 contendere
1438 2373 1636 2438 volens,
1687 2374 1971 2430 lectoribus
2009 2373 2182 2430 isthuc
2215 2372 2575 2443 judicandum
2601 2373 2928 2444 permittam.
2967 2370 3095 2426 Dico
3123 2383 3248 2440 ergo
3271 2369 3414 2440 quod
3441 2384 3562 2424 cum

295 2470 382 2508 eos
417 2455 510 2525 qui
549 2467 766 2525 peccant
791 2458 1102 2516 collaudare
1131 2459 1280 2533 longe
1305 2463 1576 2529 operosius
1606 2463 1676 2518 sit
1699 2479 1764 2518 ac
1799 2463 1968 2533 magis
1992 2461 2062 2517 ad
2093 2461 2340 2529 supplicii
2371 2462 2636 2516 rationem
2659 2469 2986 2516 momentum
3015 2459 3209 2514 habeat
3237 2471 3401 2529 quam
3439 2473 3560 2524 pec-

297 2559 440 2607 care,
477 2547 664 2619 merito
687 2547 890 2603 dictum
905 2558 1008 2615 est,
1038 2548 1160 2606 Non
1193 2551 1372 2608 solum
1413 2567 1478 2609 ea
1509 2551 1738 2616 faciunt,
1763 2567 1954 2608 verum
1983 2551 2148 2608 etiam
2187 2549 2572 2607 assentiuntur
2629 2548 3096 2620 perpetrantibus.
3147 2567 3167 2600 ι
3223 2545 3512 2604 Lonicerus
3545 2568 3558 2603 :

304 2651 322 2681 ι
364 2631 472 2702 Ego
500 2650 619 2689 vero
649 2641 811 2707 neque
833 2653 1044 2695 errasse
1074 2640 1392 2696 existimans
1422 2639 1739 2710 apostolicos
1773 2639 1958 2705 libros,
1990 2656 2152 2711 neque
2199 2643 2492 2695 assentiens
2519 2638 2628 2694 illis
2649 2639 2740 2710 qui
2777 2655 2881 2692 non
2907 2639 3144 2694 assecuti
3171 2646 3297 2694 sunt
3333 2650 3558 2692 utentem

300 2719 484 2788 I’auli,
519 2723 798 2782 lectoribus
823 2728 992 2784 isthuc
1023 2729 1382 2800 judicandum
1413 2731 1741 2802 permittam.
1791 2727 1986 2787 Censeo
2033 2728 2199 2800 igitur
2225 2727 2366 2800 quod
2397 2726 2558 2781 simul
2593 2734 2748 2796 atque
2775 2725 3134 2798 delinquentes
3189 2729 3562 2780 commendare

299 2809 424 2864 dunt
445 2810 760 2884 delinquunt
779 2816 847 2869 sit
880 2817 1044 2872 ntulto
1076 2817 1348 2872 molestius
1375 2835 1436 2873 ac
1468 2818 1642 2888 majus
1671 2835 1828 2891 quam
1844 2817 2168 2888 delinquere.
2197 2818 2387 2872 merito
2435 2817 2533 2870 hac
2565 2815 2941 2884 castigationis
2974 2815 3182 2869 ratione
3224 2813 3426 2869 dictum
3457 2825 3559 2876 est,

305 2895 422 2951 Nam
465 2901 638 2954 solum
669 2917 732 2957 ea
765 2902 994 2972 faciunt,
1033 2921 1223 2962 verum
1257 2907 1421 2962 etiam
1448 2908 1733 2980 agentibus
1765 2909 2162 2966 assentiuntur.
2201 2925 2218 2958 ι
2253 2905 2323 2962 Et
2357 2921 2657 2976 quanquam
2689 2905 2744 2958 in
2796 2905 3030 2980 margine
3063 2903 3210 2958 dicat
3239 2921 3294 2958 se
3331 2902 3564 2973 ﬁdeliter

301 2988 596 3045 reddidisse
623 2993 764 3061 quod
790 2993 1032 3050 Grtrcum
1053 2996 1326 3066 exemplar
1353 2996 1602 3063 habebat,
1633 3014 1699 3053 ea:
1753 2998 1922 3066 ipsius
1981 3003 2155 3049 tamen
2222 2996 2456 3048 versione
2522 2993 2654 3048 satis
2709 2993 2869 3063 liquet
2919 2991 3097 3047 eodem
3152 2991 3307 3046 modo
3357 3007 3460 3063 quo
3514 2999 3564 3048 et

303 3089 402 3127 nos
439 3073 627 3129 Grceca
665 3075 891 3146 legisse;
937 3095 1135 3147 rerum,
1184 3097 1302 3135 cum
1331 3098 1395 3138 ea
1453 3082 1610 3137 aliter
1629 3081 1995 3148 intellexisset,
2041 3080 2288 3154 quaedam
2339 3082 2674 3146 immutasse,
2731 3079 2840 3134 alia
2903 3095 3022 3133 vero
3073 3077 3366 3132 addidisse.
3425 3075 3563 3131 Item

303 3178 463 3230 super
499 3165 634 3220 illud
672 3167 880 3237 septimi
917 3171 1125 3239 capitis,
1165 3169 1296 3226 Novi
1353 3173 1498 3243 quod
1546 3187 1653 3228 non
1711 3172 1920 3232 habitet
1958 3169 2014 3225 in
2066 3187 2152 3228 me
2180 3213 2194 3239 ,
2229 3172 2337 3226 hoc
2391 3178 2514 3237 est,
2573 3169 2626 3223 in
2685 3183 2850 3224 carne
2881 3183 3024 3233 mea,
3059 3168 3284 3233 bonum,
3323 3164 3508 3221 Graeca
3544 3183 3560 3220 .-

301 3250 376 3303 Τὸ
405 3252 750 3318 αὐτεξούσιον
801 3255 946 3310 θέλει
977 3257 1166 3328 δεῖξαι,
1222 3259 1319 3314 uoti.
1366 3263 1448 3314 ὅτι
1507 3264 1534 3316 ὁ
1568 3261 1853 3336 ἅνθρωπος
1893 3259 2098 3331 Κύριος
2128 3260 2227 3330 τῆς
2264 3257 2352 3312 ἐπ’
2376 3257 2542 3329 ἄμφω
2572 3254 2665 3310 τοῦ
2696 3274 2756 3310 τε
2783 3254 2989 3325 ἀγαθοῦ
3026 3257 3124 3310 καὶ
3170 3253 3340 3308 κακοῦ
3367 3255 3558 3324 ῥοπῆς.

301 3339 471 3407 Φησὶν
497 3335 622 3394 οὖν·
656 3343 778 3398 Οὐκ
813 3343 968 3399 οἰκεῖ
1005 3347 1074 3399 ἐν
1122 3346 1250 3416 ἐμοὶ
1285 3347 1348 3400 τὸ
1377 3348 1605 3417 ἀγαθόν
1635 3361 1648 3376 ⁸
1674 3335 1797 3403 οὐκ
1836 3349 2366 3421 ἀποκεκληρωμένον
2422 3349 2513 3401 καὶ
2561 3347 2775 3418 ἀνάγκῃ
2801 3347 2912 3399 τινὶ
2952 3345 3271 3416 παραμένον
3324 3361 3413 3413 μοι
3456 3342 3562 3412 ἔχω

305 3425 367 3478 τι
395 3427 655 3498 πράττειν
681 3431 750 3484 τὰ
778 3432 979 3500 ἀγαθὰ,
1003 3433 1143 3487 ὥστε
1167 3435 1263 3488 καὶ
1293 3434 1428 3507 πρὸς
1461 3436 1581 3506 βίαν
1612 3437 1871 3506 ἀφέλκειν
1919 3456 1986 3508 με
2017 3438 2125 3492 τῶν
2153 3435 2338 3491 κακῶν
2365 3453 2377 3466 ·
2409 3434 2567 3489 τοῦτο
2593 3435 2702 3504 γὰρ
2733 3431 2969 3502 οἴκησις,
2999 3433 3032 3502 ή
3063 3432 3144 3494 εἰς
3174 3431 3263 3483 ἀεὶ
3310 3429 3561 3501 διαμονὴ,

305 3516 402 3569 καὶ
422 3510 537 3570 οἷον
567 3519 868 3585 ἑγκάθισις.
905 3520 1110 3577 Nostra
1141 3525 1352 3577 versio:
1391 3543 1409 3576 ι
1458 3525 1687 3580 Arbitrii
1725 3527 1907 3581 liberto

1964 3545 2022 3581 rm
2056 3529 2164 3582 vult
2202 3525 2502 3592 ostendere,
2537 3525 2782 3596 quodque
2811 3523 2964 3576 homo
3004 3519 3253 3575 dominus
3287 3519 3357 3574 sit
3382 3526 3566 3587 poten-

303 3604 397 3658 tia:
419 3605 490 3658 ad
517 3615 798 3679 utrumque
821 3619 929 3664 tam
951 3613 1142 3666 bonum
1167 3628 1329 3683 quam
1357 3614 1577 3669 malum.
1611 3615 1700 3668 Ait
1724 3631 1848 3687 ergo
1893 3631 1911 3670 :
1946 3616 2061 3671 Non
2087 3616 2302 3670 habitat
2327 3615 2385 3670 in
2424 3630 2512 3669 me
2566 3615 2818 3688 bonum;
2853 3625 2958 3664 non
2999 3607 3132 3662 mihi
3187 3617 3332 3662 sorte
3377 3607 3562 3661 datum

301 3700 400 3745 aut
425 3695 742 3750 necessitate
763 3697 997 3767 quadam
1029 3701 1202 3768 apud’
1203 3717 1280 3755 me
1306 3717 1616 3770 permanens
1642 3703 1804 3760 habeo
1843 3713 1900 3758 ut
1931 3705 2069 3760 bona
2108 3720 2310 3773 operor,
2337 3705 2414 3757 ita
2447 3711 2507 3756 ut
2545 3705 2594 3756 vi
2623 3699 2858 3770 quadam
2881 3697 3212 3752 abstraheret
3262 3712 3344 3751 me
3372 3713 3404 3750 a
3447 3713 3564 3750 ma-

301 3780 398 3835 lis.
435 3780 582 3836 Nam
611 3801 674 3838 ea
704 3785 903 3840 dicitur
931 3787 1217 3855 habitatio,
1247 3799 1502 3860 perpetua
1533 3791 1772 3846 videlicet
1819 3796 2190 3862 permanentia
2221 3811 2284 3848 ac
2316 3795 2475 3848 veluti
2531 3790 2842 3845 residentia.
2885 3808 2904 3841 s
2941 3786 3278 3842 Lonicerus:
3319 3804 3338 3838 ι
3381 3785 3566 3840 Liber-

304 3877 470 3923 tatem
500 3872 612 3926 vult
638 3875 929 3942 ostendere,
957 3893 1138 3948 nempe
1161 3877 1300 3948 quod
1329 3879 1486 3934 homo
1517 3896 1618 3933 non
1668 3881 1737 3934 sit
1775 3881 2021 3939 dominus
2053 3883 2122 3936 ad
2164 3883 2284 3936 boni
2343 3881 2578 3950 malique
2619 3887 2970 3932 momentum.
3023 3876 3168 3930 Dicit
3219 3877 3416 3943 itaque,
3445 3873 3564 3930 Non

301 3959 521 4012 habitat
554 3962 610 4016 in
641 3978 728 4018 me
754 3964 956 4020 bonum
983 3985 998 4021 :
1027 3983 1128 4021 non
1157 3973 1237 4022 est
1271 3980 1494 4036 certum,
1530 3986 1694 4040 neque
1724 3973 2018 4026 necessario
2053 3970 2194 4040 apud
2232 3986 2312 4024 me
2339 3978 2610 4038 permanet
2653 3977 2708 4019 ut
2742 3967 2938 4034 possim
2975 3963 3112 4018 bona
3145 3965 3390 4034 persequi
3417 3979 3436 4016 :
3462 3966 3566 4017 imo

304 4056 505 4102 natura
565 4066 681 4105 mea
705 4051 840 4108 adeo
865 4065 1118 4124 corrupta
1151 4064 1250 4124 est,
1289 4066 1347 4110 ut
1379 4057 1426 4112 vi
1457 4057 1690 4127 quadam
1721 4059 1790 4111 ad
1818 4059 1963 4113 mala
1991 4074 2071 4112 me
2112 4058 2404 4124 pertrahat.
2441 4054 2506 4108 Id
2547 4055 2688 4108 enim
2731 4063 2808 4106 est
2857 4053 3021 4107 veluti
3045 4052 3318 4106 habitatio
3342 4053 3568 4104 assidua

303 4137 643 4206 perduratio,
669 4148 720 4194 et
750 4141 1195 4200 veluticonsessio
1215 4155 1293 4200 est
1338 4163 1402 4200 ac
1437 4146 1747 4200 residentia.
1786 4166 1805 4198 ι
1841 4146 1924 4200 Eo:
1951 4146 2138 4200 horum
2161 4144 2474 4200 deductione
2519 4145 2652 4197 satis
2694 4149 2913 4210 apparet
2954 4158 3055 4194 non
3090 4135 3212 4195 esse
3255 4141 3567 4212 typograplti

304 4226 437 4278 uitio
465 4227 711 4282 additum
747 4229 1050 4285 adverbium
1077 4219 1460 4304 uegondionoﬁ,
1491 4237 1648 4289 initio
1674 4235 1831 4304 hujus
1878 4234 2156 4306 particulae
2193 4249 2212 4288 :
2234 4243 2282 4287 et
2311 4234 2475 4287 etiam
2518 4247 2582 4286 es:
2615 4247 2675 4286 eo
2705 4231 2846 4302 quod
2903 4231 2957 4283 in
2998 4229 3238 4299 margine
3277 4237 3566 4281 annotave-

307 4311 434 4364 rit:
477 4331 496 4362 ι
533 4311 801 4369 Adversus
833 4315 1053 4371 liberum
1085 4319 1392 4374 arbitrium.
1429 4339 1448 4372 ι
1481 4319 1611 4376 Cum
1645 4332 1824 4375 autem
1871 4321 2135 4376 nonsatis
2172 4331 2380 4386 caperet
2415 4318 2620 4382 Grreca,
2664 4318 2896 4381 addidit,
2931 4334 3038 4372 non
3069 4335 3083 4371 :
3109 4327 3160 4370 et
3189 4316 3356 4382 infra,
3390 4336 3408 4367 ι
3447 4315 3566 4370 Imo

306 4407 511 4454 natura
538 4417 654 4456 mea
683 4403 816 4458 adeo
847 4415 1102 4476 corrupta
1124 4418 1225 4471 est,
1259 4425 1276 4451 ι
1308 4407 1452 4478 quod
1471 4419 1679 4475 putaret
1709 4409 1762 4462 id
1787 4410 1904 4480 exig

1957 4421 2170 4483 propter
2200 4409 2356 4464 verba
2387 4410 2661 4480 sequentia
2689 4407 2829 4460 ὥστε
2854 4407 2946 4461 καὶ
2976 4405 3114 4477 πρὸς
3148 4405 3268 4475 βίαν
3299 4405 3557 4475 ἀφέλκειν

307 4505 384 4556 με
404 4488 515 4542 τῶν
535 4490 747 4555 κακῶν,
776 4507 892 4562 (μω
910 4509 1190 4562 perperam
1210 4495 1488 4550 intellecta
1515 4497 1694 4563 vertit,
1727 4508 1814 4552 tut
1841 4499 1888 4552 vi
1919 4498 2152 4568 quadam
2175 4499 2244 4551 ad
2269 4497 2412 4551 mala
2436 4513 2516 4550 me
2543 4497 2832 4565 pertrahat.
2853 4515 2871 4548 ›
2905 4498 3034 4550 Haec
3061 4494 3156 4549 alii
3173 4510 3352 4564 prata:
3376 4497 3566 4548 mentis

305 4577 492 4644 potius
522 4593 637 4633 esse
660 4577 894 4635 dicerent
929 4597 1092 4652 quam
1138 4582 1458 4652 ignorantia:
1491 4600 1510 4638 :
1555 4593 1662 4638 tum
1710 4595 1924 4654 propter
1943 4604 2006 4642 ea
2047 4605 2163 4658 quia
2209 4603 2371 4658 supra
2426 4588 2652 4644 recitata
2704 4595 2826 4641 sunt
2853 4602 2918 4640 ea:
2963 4585 3350 4654 nuncupatoria
3403 4585 3568 4653 ipsius

311 4664 589 4732 I-Ipistola,
616 4680 726 4722 tum
745 4677 958 4739 propter
991 4670 1104 4724 alia
1141 4673 1385 4740 quadam
1413 4673 1677 4742 ejusmodi
1704 4691 1722 4728 :
1749 4683 1805 4726 ut
1833 4675 1972 4746 quod
2000 4678 2258 4732 nonnulla
2290 4677 2564 4746 reliquerit
2595 4675 2664 4730 ad
2687 4675 2788 4730 illa
2817 4675 2978 4730 Pauli
3013 4675 3172 4729 verba
3226 4675 3454 4729 secundo
3479 4689 3570 4727 ca-

308 4755 423 4823 pite
455 4771 475 4810 :
505 4753 604 4812 llis
633 4757 854 4827 quidem
891 4759 985 4828 qui
1021 4759 1321 4814 secundum
1349 4757 1696 4816 tolerantiam
1741 4765 1866 4818 boni
1898 4767 2100 4836 operis,
2128 4773 2266 4830 ctc.,
2317 4765 2406 4818 ubi
2449 4764 2636 4820 Graeca
2659 4763 2850 4819 habent
2887 4783 2899 4819 :
2941 4764 3014 4816 Οὐ
3050 4762 3158 4833 γὰρ
3191 4761 3352 4832 μόνον
3399 4762 3433 4831 ἡ
3476 4761 3570 4814 πί-

310 4861 432 4906 στις
465 4844 646 4916 ἀρκεῖ,
720 4845 856 4901 ἀλλὰ
897 4848 993 4900 κιιῖ⁹
1051 4847 1229 4919 ἔργων
1279 4849 1478 4920 χρεία·
1523 4853 1802 4922 ὑπομονὴν
1845 4853 1902 4907 δὲ
1939 4853 2131 4920 εἰπὼν,
2165 4855 2427 4923 γενναίως
2495 4852 2641 4924 ἔχειν
2695 4853 2936 4907 διδάσκει
2995 4853 3131 4922 πρὸς
3199 4851 3323 4914 τοὺς
3379 4867 3573 4920 πειρα-

313 4931 512 5002 σμοῦς.
545 4930 664 4987 Hoc
690 4944 767 4988 est
804 4949 824 4988 :
853 4932 1039 5004 Neque
1063 4940 1202 4991 enim
1227 4937 1342 4992 sola
1372 4939 1503 5008 ﬁdes
1535 4941 1745 5008 stt/ﬁcit,
1784 4939 1874 4995 sed
1925 4949 1975 4996 et
2011 4958 2172 5011 opera
2229 4951 2355 4995 sunt
2414 4941 2746 4995 necessaria.
2785 4938 2920 4994 Cum
2954 4950 3130 4994 autent
3156 4938 3292 4992 dixit
3333 4937 3570 4992 toleran-

315 5020 478 5086 tiam,
528 5021 677 5077 docet
741 5031 800 5076 ut
857 5023 1112 5079 adversus
1162 5027 1480 5082 tentationes
1529 5037 1574 5081 et
1633 5029 1936 5100 aﬂiictiones
1991 5042 2201 5086 strenue
2249 5049 2302 5086 se
2329 5032 2580 5086 habeant.
2661 5028 2781 5098 Ipse
2851 5045 2991 5095 vero,
3039 5029 3240 5084 relictis
3304 5025 3571 5099 prioribus

315 5111 492 5167 rerbis
563 5109 628 5167 de
700 5113 806 5181 ﬁde
855 5123 907 5168 et
959 5115 1227 5184 operibus,
1303 5133 1460 5170 suam
1525 5119 1812 5172 versionem
1872 5135 1906 5172 a
1969 5121 2307 5187 sequentibus
2397 5119 2607 5187 incipit,
2670 5117 2766 5172 hoc
2848 5119 3004 5172 modo
3057 5132 3074 5171 :
3125 5135 3144 5168 ι
3211 5113 3572 5171 Tolerantiam

316 5200 523 5266 dicens,
553 5199 702 5254 docet
727 5212 786 5255 ut
815 5219 928 5257 sese
956 5212 1169 5258 strenue
1191 5205 1470 5260 adversum
1503 5207 1818 5261 tentationes
1843 5217 2051 5278 gerant.
2095 5228 2113 5260 ι
2153 5209 2221 5262 Et
2249 5209 2376 5262 mihi
2400 5207 2610 5279 quidem
2647 5207 2806 5277 facile
2835 5205 3177 5277 persuadebit
3235 5205 3419 5276 priora
3473 5203 3571 5258 illa

317 5290 478 5344 verba
496 5290 798 5345 desiderata
824 5292 992 5360 fuisse
1017 5293 1072 5346 in
1102 5310 1198 5348 suo
1222 5294 1531 5362 exemplari,
1556 5305 1612 5348 ut
1641 5297 1778 5365 quod
1801 5297 2014 5351 tertiam
2051 5298 2263 5350 vixdum
2293 5305 2506 5366 partem
2527 5296 2770 5350 habuerit
2791 5312 2974 5350 eorum
2997 5312 3116 5366 qum
3134 5309 3199 5349 ex
3235 5301 3416 5348 nostro
3437 5310 3552 5346 vcr-

320 5379 483 5432 timus
511 5395 530 5432 :
567 5390 623 5432 at
652 5396 832 5434 vereor
861 5396 924 5434 ne
941 5379 997 5434 id
1026 5380 1148 5434 aliis
1169 5380 1485 5448 persuadere
1515 5398 1614 5434 non
1647 5383 1835 5450 possit,
1875 5399 1934 5437 eo
1969 5388 2109 5452 quot
2139 5385 2194 5438 in
2246 5385 2502 5454 prooemio
2557 5383 2778 5446 dixerit,
2828 5383 3018 5438 bonum
3067 5384 3204 5436 hunc
3227 5381 3394 5436 virum
3443 5383 3569 5436 dum

328 5465 486 5520 I’auli
521 5475 746 5520 mentem
773 5484 876 5522 non
906 5469 1231 5539 assequitur,
1264 5485 1356 5522 nec
1381 5469 1655 5537 respondet
1685 5485 1772 5534 per
1799 5470 1976 5524 omnia
2007 5469 2132 5537 [idei
2156 5468 2444 5536 analogiae,
2498 5467 2742 5536 operibus
2791 5468 2910 5536 plus
2964 5483 3112 5537 ecquo
3167 5466 3414 5520 tribuere.
3463 5463 3574 5536 Ego

326 5561 498 5606 tamen
515 5569 577 5607 eo
602 5568 720 5608 sum
757 5555 1066 5624 propensior
1091 5551 1292 5620 animo,
1320 5565 1378 5610 ut
1421 5557 1530 5611 lucc
1554 5557 1634 5610 illi
1681 5559 1959 5628 contigisse
1997 5559 2232 5622 credam,
2275 5557 2414 5628 quod
2465 5558 2586 5612 aliis
2631 5558 2785 5614 rebus
2829 5567 3103 5626 occupato,
3165 5573 3267 5610 non
3321 5555 3579 5610 vacorerit

323 5642 561 5696 exactius
591 5644 701 5696 haec
724 5645 1015 5711 ponderare
1045 5659 1063 5698 :
1089 5659 1181 5699 nec
1212 5646 1598 5698 tantumstudii
1633 5647 1800 5700 sacris
1835 5645 2045 5702 Litteris
2069 5663 2132 5700 ac
2160 5647 2311 5700 rebus
2343 5645 2647 5717 theologicis
2673 5645 2970 5714 impendere
3005 5645 3257 5714 potuerit,
3304 5657 3463 5712 quam
3497 5641 3576 5694 illi

327 5731 418 5800 qui
446 5731 612 5786 nullis
633 5729 756 5806 aliis
789 5733 1034 5787 distracti
1072 5733 1288 5799 studiis,
1327 5736 1422 5786 toti
1455 5731 1535 5786 his
1567 5733 1893 5790 incumbunt.
1929 5734 2190 5792 Caeterum
2219 5737 2536 5806 priusquam
2559 5735 2628 5788 ad
2654 5735 2824 5803 ipsam
2870 5734 3118 5788 accedam
3161 5731 3574 5794 enarrationem,

327 5819 554 5884 priurum
580 5819 700 5874 loca
722 5803 968 5890 quaedam
1001 5823 1285 5892 subjiciam
1318 5823 1370 5875 in
1400 5823 1586 5892 quibus
1613 5823 1902 5878 dissidebat
1955 5835 2196 5880 nostrum
2245 5803 2515 5892 exemplar
2568 5823 2630 5876 ab
2659 5823 2740 5876 his
2771 5837 2886 5891 qum
2919 5821 3070 5890 vulgo
3131 5817 3578 5885 circumferuntur

331 5905 528 5962 Grecis
567 5907 954 5979 exemplaribus
988 5911 1170 5981 :quod
1198 5922 1371 5967 tamen
1404 5927 1504 5965 non
1542 5913 1886 5980 rarefactum
1932 5914 2117 5982 opinor
2145 5913 2487 5967 librariorum
2536 5920 2628 5964 aut
2663 5909 3105 5980 typographum»:
3153 5907 3390 5965 incuria,
3438 5908 3576 5974 quod
