4058 6580
492 406 568 473 23
1445 410 1930 501 ,(ECUMENIUS
1968 411 2258 474 TRICCE
2298 411 2730 475 EPISCOPUS.
3668 407 3738 474 24

492 537 585 575 nec
613 520 834 575 editioni
863 521 1150 592 conformis
1177 530 1312 578 esset
1335 524 1595 593 ejusmodi
1626 524 1802 589 lectio,
1838 542 1931 580 nec
1958 524 2132 580 bibliis
2155 514 2643 594 Complutensibus,
2666 524 2730 579 de
2757 523 2944 596 quibus
2977 525 3028 578 in
3061 522 3347 595 Euthymio
3382 525 3483 596 feci
3515 525 3751 581 mentio-

492 626 609 663 nem
640 609 693 663 in
720 610 943 679 epistola
972 611 1042 664 ad
1073 610 1340 666 lectorem.
1378 611 1778 683 Nonnunquam
1810 630 1934 685 ergo
1966 630 2084 667 cum
2110 622 2353 682 apertum
2392 614 2622 669 viderem
2650 614 2706 691 in
2736 612 3037 680 exemplari
3085 614 3353 677 mendum,
3410 613 3563 669 nulla
3593 614 3742 683 facta

491 706 586 750 aut
616 697 701 751 hic
724 709 814 752 aut
846 700 989 754 circa
1021 715 1139 754 eum
1169 700 1341 754 locum
1370 701 1444 755 rei
1472 702 1756 767 mentione,
1787 702 1999 757 restitui
2027 711 2086 755 ut
2137 701 2372 771 opo'rtuit
2400 717 2421 766 ;
2476 709 2571 756 aut
2619 701 2709 756 ubi
2759 717 2933 771 operte
2989 703 3219 771 pretium
3273 700 3569 767 videbatur,
3601 700 3658 755 id
3686 700 3743 756 in

491 787 732 857 margine
754 789 1005 843 annotari
1039 788 1241 851 curavi,
1261 798 1312 842 et
1333 789 1537 844 idcirco
1558 806 1622 845 ea
1648 788 1768 844 loca
1795 790 1882 843 hic
1921 807 2025 844 non
2055 788 2362 858 subjiciam.
2396 786 2568 843 Porro
2596 805 2700 844 non
2723 790 3046 844 decrevimus
3082 797 3343 843 annotare
3390 788 3507 842 loca
3537 788 3743 859 (quem-

491 874 778 954 admodum
819 891 913 931 nec
944 876 998 928 in
1022 873 1311 946 Evangelia
1341 876 1583 947 fecimus)
1613 879 1799 947 quibus
1827 887 1876 932 et
1899 877 1996 931 hoc
2026 887 2268 931 nostrum
2294 890 2344 932 et
2380 879 2495 933 alia
2526 877 2713 934 Graeca
2754 878 3086 948 exemplaria
3111 876 3408 933 dissideant
3436 894 3470 932 a
3524 877 3743 948 vulgata

489 963 725 1018 editione
754 961 977 1028 Latina,
1020 966 1159 1034 quod
1190 962 1245 1018 id
1280 980 1347 1020 ex
1374 966 1537 1020 variis
1569 965 1693 1020 aliis
1729 965 2102 1034 interpretibus
2125 966 2349 1037 quisque
2373 977 2547 1035 petere
2570 968 2759 1037 possit.
2790 965 3088 1023 Subdemus
3113 982 3317 1039 quoque
3355 965 3587 1021 indicem
3619 983 3740 1020 sen-

493 1052 779 1105 tentiarum
819 1067 938 1122 qua:
965 1053 1020 1107 in
1047 1052 1129 1108 his
1168 1054 1565 1110 commentariis
1599 1055 1856 1109 memoria
1880 1052 2053 1125 dignm
2079 1052 2210 1107 visa:
2239 1062 2388 1119 sunt,
2420 1055 2675 1125 quoniam
2705 1054 2965 1125 plurimos
2983 1055 3037 1108 id
3061 1062 3301 1123 expetere
3331 1054 3565 1108 videmus
3601 1072 3617 1108 :
3649 1069 3743 1107 nu-

490 1156 633 1194 mero
661 1140 973 1212 designante
1004 1128 1216 1211 folium,
1247 1142 1428 1197 littera
1464 1151 1641 1198 autem
1657 1161 1712 1207 a,
1736 1144 1968 1211 priorem
1985 1140 2246 1197 columnis
2271 1152 2499 1211 partem,
2524 1142 2554 1196 b
2588 1158 2727 1208 vero,
2760 1144 3121 1214 posteriorem.
3152 1140 3437 1208 Cteterum,
3458 1149 3743 1212 antequam

490 1223 561 1277 nd
601 1223 725 1278 libri
747 1223 1023 1279 lectionem
1053 1226 1298 1292 accedas,
1326 1241 1503 1296 quaeso
1544 1235 1723 1281 errata
1757 1225 2003 1298 quaedam
2040 1244 2159 1300 qua:
2178 1239 2270 1284 aut
2290 1231 2739 1302 typographorum
2777 1240 2872 1285 aut
2904 1241 3115 1286 nostros
3145 1229 3585 1300 praeterfugerunt
3615 1244 3746 1284 ocu-

491 1313 570 1369 los
600 1313 670 1368 ad
699 1323 900 1368 rectam
929 1313 1204 1370 lectionem
1234 1324 1483 1370 revocato
1512 1329 1530 1368 :
1557 1315 1612 1369 in
1641 1330 1870 1386 quorum
1893 1318 2243 1374 annotatione
2272 1319 2478 1390 primus
2505 1334 2757 1374 numerus
2786 1317 2974 1381 [alium
3013 1318 3282 1389 designat,
3335 1315 3598 1372 secundus
3648 1332 3743 1371 co-

490 1401 752 1470 lumnam,
804 1402 996 1458 tertius
1030 1413 1207 1459 autem
1233 1420 1442 1460 versum
1470 1418 1490 1458 :
1524 1403 1615 1457 ubi
1632 1419 1750 1459 vero
1781 1403 1888 1459 duo
1917 1405 2090 1461 solum
2113 1409 2321 1463 numeri
2369 1408 2673 1479 signantur,
2709 1408 2858 1478 prior
2904 1407 3064 1479 positi
3091 1406 3211 1476 jam
3273 1403 3394 1475 folii
3438 1402 3743 1459 columnam

488 1489 739 1554 ostendit,
780 1491 1044 1561 posterior
1092 1500 1268 1548 autem
1297 1508 1521 1547 versum.
1556 1492 1710 1560 Quod
1741 1495 1787 1549 si
1820 1495 2009 1550 unicus
2045 1496 2360 1567 assignetur
2382 1512 2655 1562 numerus,
2685 1497 2729 1549 is
2761 1494 2923 1549 dicte
2956 1491 3221 1550 columnte
3253 1508 3462 1549 versum
3491 1491 3746 1563 designa-

492 1580 590 1635 bit.
631 1578 781 1636 Vale.

2580 1835 2982 1848 Ἡ

1608 2010 1862 2098 ΤΟΙΣ
1935 2008 2569 2099 ΦΙΛΕΛΛΗΣΙ.

554 2363 621 2420 Δί
648 2364 775 2436 τῇδε
808 2365 876 2437 τῇ
912 2362 1081 2437 βίϐλῳ
1107 2365 1498 2437 περιεχόμεναι
1560 2366 1883 2439 ἐξηγήσεις,
1914 2367 2061 2422 οὕτω
2092 2373 2139 2431 Α
2166 2368 2224 2422 δέ
2277 2368 2371 2445 καὶ.
2427 2368 2522 2424 τοῦ
2580 2368 2976 2441 Χρυσοστόμου
3031 2366 3218 2433 αὐτοῦ,
3253 2369 3391 2439 ὅπερ
3452 2366 3748 2431 σπανιάκις

485 2458 809 2530 θαυμαστήν
837 2474 959 2512 τινα
1017 2458 1379 2531 βραχυλογίαν
1428 2460 1525 2513 καὶ
1578 2461 1904 2532 σαφήνειαν,
1965 2461 2065 2516 καὶ

473 2550 716 2622 ,δήλωσιν
749 2549 1108 2621 ἀναφαίνουσι
1136 2550 1245 2606 τῶν
1277 2552 1365 2607 ἀεὶ
1388 2554 1446 2606 ἐν
1478 2555 1546 2626 τῇ
1595 2554 1717 2626 θείᾳ
1739 2555 1931 2627 Γραφῇ
1966 2553 2066 2625 ζη-

481 2643 786 2714 τουμένων,
840 2640 992 2697 ὥστε
1016 2642 1305 2698 πείθεσθαί
1363 2661 1430 2715 με
1464 2644 1688 2716 ῥαδίως,
1719 2644 1925 2711 ταύτας
1953 2645 2064 2702 τῶν

485 2736 863 2809 παλαιοτέρων
882 2736 1129 2804 ἐκείνων,
1161 2737 1256 2807 ἀφ’
1284 2731 1361 2794 ὧν
1388 2738 1475 2803 είς
1518 2738 1578 2793 ἐν
1607 2739 1849 2813 ὡσπερεὶ
1907 2740 2067 2811 σῶμα

485 2829 981 2902 συνηθροίσθησαν,
1007 2832 1246 2903 τοσούτῳ
1297 2831 1600 2905 διαφέρειν,
1659 2834 1767 2906 ὅσῳ
1795 2832 1858 2888 sb
1937 2833 2065 2905 μέλι

483 2923 596 2977 τῶν
629 2922 840 2978 ἀνθέων
870 2922 1215 2997 τιμιώτερον.
1256 2926 1370 2981 Καὶ
1393 2926 1503 2998 γὰρ
1536 2927 1633 2981 καὶ
1659 2928 1688 2982 6
1717 2927 1786 2983 τὰ
1839 2920 2066 2982 τοιαῦτα

488 3014 779 3085 συλλέξας,
806 3015 906 3089 τὴν
936 3018 1203 3090 μέλιτταν
1252 3018 1655 3092 μιμησάμενος,
1690 3020 1796 3090 ἀφ*
1829 3020 2064 3076 ἑκάστου

483 3106 595 3161 τῶν
623 3107 731 3179 πρὸ
759 3106 927 3163 αὑτοῦ
966 3107 1366 3181 γραψαμένων,
1401 3109 1591 3182 ὥσπερ
1624 3109 1808 3183 ἐκείνη
1835 3110 1943 3164 ἀπὸ
1957 3112 2068 3165 τῶν

488 3199 767 3272 πανταχοῦ
797 3199 1224 3273 βλαπησάντων
1267 3201 1505 3270 ἀνθέων,
1539 3200 1609 3257 τά
1637 3201 1904 3257 κάλλιστα
1928 3202 2066 3258 ἀπο-

484 3292 847 3365 δρεψάμενος,
908 3296 974 3349 ἐκ
1029 3294 1243 3350 πολλῶν
1264 3296 1474 3351 τούτων
1525 3296 1658 3350 ὡσεὶ
1680 3295 1918 3370 ᾀδόντων
1969 3296 2066 3351 καὶ

487 3386 805 3459 ὑμνούντων
837 3390 895 3444 ἐν
922 3388 1003 3461 τῷ
1032 3389 1161 3461 ἱερῷ
1190 3389 1283 3443 τὸν
1326 3389 1480 3453 Θεὸν,
1537 3389 1635 3443 ἕνα
1682 3388 1843 3461 χορὸν
1875 3386 2065 3442 τοῦτον

487 3476 578 3529 τὸν
608 3475 922 3549 θαυμαστὴν
952 3478 1340 3548 συνεστήσατο.
1368 3477 1565 3533 Ὀτιδέ
1598 3477 1952 3549 Οἱκουμένιός
1980 3494 2066 3542 τις

484 3571 715 3643 ὀνόματι
745 3574 775 3627 6
800 3574 1064 3640 τοιοῦτος,
1098 3573 1351 3629 ἐντεῦθεν
1371 3574 1474 3645 ἤδη
1494 3573 1711 3629 δύναιτο
1761 3572 1828 3629 ἄν
1842 3591 1926 3637 τις
1962 3591 2065 3644 μα-

2170 2458 2319 2514 ἔστιν
2352 2459 2503 2525 ίδεῖν,
2535 2459 2597 2514 sb
2645 2458 2819 2531 ὄνομα
2872 2459 3057 2531 εὕροις
3116 2460 3532 2541 προτιθέμενον,
3576 2459 3749 2532 μηδὲν

2168 2553 2286 2607 ἐκεῖ
2313 2553 2406 2608 sbv
2427 2552 2598 2626 ἀνδρα
2630 2553 3015 2609 συστείλασθαι
3051 2553 3084 2625 ἢ
3121 2554 3526 2626 μεταϐαλέσθαι
3558 2555 3623 2608 ἐκ
3644 2554 3744 2623 τῆς

2168 2645 2501 2719 ἐξηγήσεως.
2534 2646 2652 2701 ἀλλ’
2687 2647 2723 2718 ἦ
2771 2647 2911 2702 αὐτὰ
2946 2649 3015 2702 τά
3070 2648 3163 2702 τοῦ
3212 2649 3601 2720 Χρυσοστόμου
3644 2649 3747 2720 ῥή-

2171 2756 2318 2810 ματα
2350 2740 2495 2793 κατὰ
2529 2739 2674 2807 λέξιν
2710 2740 2873 2811 μόνον
2905 2739 3278 2814 μεταγράψαι.
3310 2741 3375 2795 Et
3404 2739 3461 2795 δέ
3492 2757 3595 2793 που
3650 2739 3748 2794 καὶ

2168 2829 2334 2884 αὐτοῦ
2364 2830 2460 2885 τοῦ
2509 2830 2869 2902 Οίκουμενίου
2903 2831 2965 2885 sb
3015 2831 3185 2902 δνομα
3236 2831 3368 2894 ἴδοις
3417 2828 3513 2884 τοῦ
3568 2829 3742 2883 «iam.

2169 2920 2268 2992 τὴν
2299 2920 2568 2992 συλλογήν
2594 2920 2799 2994 ταύτην
2835 2923 3264 2994 ἐκπονήσαντος,
3328 2921 3403 2994 μὴ
3434 2920 3745 2993 θαυμάσῃς.

2176 3014 2244 3067 Ἀ
2262 3012 2373 3084 γὰρ
2395 3012 2557 3077 αὐτὸς
2588 3014 2886 3084 ἐπινοήσας
2914 3015 3011 3069 καὶ
3035 3013 3283 3087 ἐφευρὼν
3330 3013 3618 3084 ἐτύγχανε,
3654 3011 3751 3067 καὶ

2172 3103 2250 3175 μὴ
2302 3105 2397 3173 ἀφ’
2445 3104 2653 3175 ἐτέρων
2675 3104 2785 3159 τῶν
2811 3104 2918 3176 πρὸ
2947 3105 3114 3160 αὑτοῦ
3177 3104 3387 3177 μαθὼν,
3421 3104 3633 3167 τούτοις
3688 3103 3752 3157 sb

2171 3194 2301 3249 ῐδιον
2320 3196 2492 3267 δνομα
2520 3195 2839 3268 προτιθέναι
2886 3197 3192 3268 προσήκειν
3236 3196 3618 3269 ήγήσατο,ἴνα
3672 3195 3749 3266 μὴ

2128 3266 2149 3295 ί
2172 3288 2433 3361 σύγχυσίς
2466 3306 2550 3354 τις
2578 3289 2658 3360 τῷ
2686 3290 3120 3360 ἀναγινώσκοντι
3159 3290 3408 3362 γένηται,
3440 3289 3618 3343 πάντα
3646 3289 3749 3343 ὅσα

2169 3382 2522 3453 ἀνεπίγραφα
2551 3382 2688 3451 ἐνὸς,
2713 3377 2825 3438 οἷον
2847 3383 3240 3454 Χρυσοπὸμου
3298 3377 3439 3436 εἶναι
3466 3381 3749 3453 νομίσαν-τι

2171 3475 2259 3540 ἂν,
2294 3476 2497 3548 καίπερ
2525 3475 2695 3530 ὄντων
2724 3475 2889 3569 τινῶν
2914 3477 3008 3531 καὶ
3040 3478 3251 3549 ἐτέρου,
3292 3470 3405 3532 οἷον
3455 3475 3643 3542 αὐτοῦ,
3698 3474 3750 3526 εί

2173 3571 2247 3639 μή
2274 3586 2339 3637 γε
2365 3568 2529 3634 αὐτὸς
2558 3568 2619 3622 τὸ
2660 3566 2799 3623 ἴδιον
2815 3569 2989 3640 ὄνομα
3026 3568 3352 3642 προγράψας
3375 3568 3638 3640 ἐσήμανε.
3670 3566 3752 3619 Τὰ
3781 3581 3801 3593 ε

486 3663 617 3717 θεῖν.
640 3659 938 3736 Εὖρονγάρ
974 3667 1033 3720 ἐν
1058 3668 1124 3738 τῇ
1146 3667 1226 3730 είς
1248 3666 1350 3735 τὴν
1373 3665 1508 3739 πρὸς
1532 3666 1872 3729 Κολασσαεῖς
1913 3666 2065 3720 Ἑπι-
2102 3736 2123 3739 _
2174 3659 2273 3732 μέν
2297 3677 2379 3714 τοι
2409 3660 2489 3724 εἷς
2518 3678 2577 3714 τε
2606 3661 2706 3725 τὰς
2728 3661 2977 3734 πράξεις.
3003 3662 3083 3726 εἵς
3116 3679 3176 3715 τε
3205 3661 3301 3726 τὰς
3334 3659 3646 3723 Καθολικὰς
3661 3659 3751 3739 λε-

488 3753 682 3826 ιςτολὴν
710 3753 975 3827 ἐξηγήσει
1005 3736 1150 3812 κατά
1173 3756 1275 3827 τήν
1316 3736 1553 3827 ἐσχάτην
1582 3755 1765 3811 σελίδα
1809 3755 2066 3825 τοιαύτην
2101 3736 2144 3793 Β
2172 3751 2410 3822 γομένας
2443 3752 2765 3818 Ἐπιστολὰς
2807 3753 3199 3825 συγγραφέντα
3254 3754 3370 3826 ἔχει
3403 3736 3753 3824 ἀμφισϐήτη-

490 3848 820 3920 μαρτυρίαν.
860 3849 958 3903 Ἐκ
1010 3848 1105 3903 τοῦ
1161 3849 1520 3921 ἀντιγράφω,
1570 3849 1728 3921 φησὶ,
1766 3848 1842 3919 μὴ
1890 3848 2068 3921 εὑρὼν

486 3943 669 4006 καλῶς
687 3941 788 4008 τάς
818 3941 1191 4014 παραγραφάς
1218 3940 1312 3997 τοῦ
1347 3942 1618 4014 μακαρίου
1682 3943 1934 3998 Ἰωάννου
1966 3943 2069 4013 τῆς

485 4034 625 4107 πρὸς
653 4033 986 4098 Κολοσσαεῖς
1018 4033 1361 4105 Ἐπιστολῆς,
1393 4034 1710 4107 συνέγραψα
1727 4035 1895 4100 αὐτὰς
1918 4036 2068 4099 ὅπως

484 4125 788 4198 ἠδυνάμην.
820 4126 884 4181 Ei
912 4122 1008 4180 οῦν
1037 4125 1238 4198 εὑρεθῇ
1274 4142 1328 4180 τι
1390 4127 1450 4180 ἐν
1488 4126 1675 4190 αὐτοῖς
1709 4126 1743 4197 ἢ
1800 4126 2002 4197 κοῦφον
2030 4127 2065 4198 ἢ

484 4218 846 4292 ἐπιλήψιμον,
902 4218 1036 4273 ῐστω
1081 4218 1111 4272 6
1171 4217 1589 4287 ἀναγινώσκων,
1635 4218 1769 4289 ἐμδν
1816 4214 1959 4274 εἶναι
2005 4220 2070 4272 sb

483 4312 728 4367 τοιοῦτον
761 4314 1037 4383 πταῖσμα.
1066 4309 1254 4384 Ταύτῃ
1279 4310 1338 4365 δὲ
1369 4313 1437 4382 τῇ
1472 4311 1749 4383 μαρτυρίᾳ
1789 4313 1881 4365 καὶ
1917 4314 2070 4367 πᾶσα

483 4407 564 4469 είς
579 4405 679 4477 τὴν
695 4404 832 4476 πρὸς
848 4404 1180 4477 Κολοσσαεζς
1194 4401 1514 4473 Ἐπιστολὴν
1534 4401 1799 4474 ἑρμηνεία
1825 4403 1945 4456 τελε
1955 4403 2066 4456 ιοῦ-

481 4514 595 4554 ται.
628 4498 792 4568 Ἔχει·
809 4496 867 4550 δέ
889 4514 959 4566 γε
984 4494 1125 4565 αῦτη
1155 4493 1328 4566 ὄνομα
1361 4494 1838 4566 προτιθέμενον-τὺ
1871 4498 2068 4550 Οίκου·

484 4590 695 4664 μενίου.
725 4591 891 4644 Ὥστε
937 4592 1003 4643 ἐκ
1033 4587 1227 4643 τούτου
1287 4588 1705 4661 τεκμαίρεσθαι,
1754 4588 1957 4660 μᾶλλον
2012 4588 2078 4642 δέ-

482 4678 853 4750 άναμφίὸολον
873 4677 974 4751 ἤδη
998 4679 1169 4749 ἐχειν,
1203 4677 1299 4732 τοῦ
1336 4678 1692 4750 Οἰκουμενίου
1719 4678 1930 4746 τούτου,
1962 4680 2067 4734 κᾶν

481 4768 614 4837 γοῦν
656 4770 737 4834 είς
793 4769 890 4835 τὰς
942 4769 1157 4824 Παύλου
1203 4770 1551 4837 Ἐπιστολάς,
1598 4770 1691 4826 sbv
1711 4773 1874 4828 πόνον
1899 4769 2064 4832 εἶναι.

482 4857 653 4927 Οὗτος
672 4862 781 4935 γάρ
815 4863 954 4936 ἀνὴρ
976 4866 1160 4919 πᾶσαν
1208 4865 1308 4937 τήν
1362 4866 1752 4938 Χρυσοστόμου
1802 4884 2067 4939 πραγμα-

477 4954 650 5022 τείαν,
678 4954 755 5019 ώς
780 4955 874 5009 καὶ
903 4957 1069 5011 παντϊ
1089 4957 1166 5028 τῷ
1197 4957 1624 5029 ἀναγινώσκοντι
1680 4959 1861 5031 ῥᾴδιον
1924 4960 2064 5013 καθ-

476 5049 636 5120 ορᾷν,
664 5050 744 5114 εἰς
778 5048 952 5122 βραχὺ
985 5051 1425 5123 συστειλάμενος,
1446 5052 1613 5125 ταύτῃ
1637 5056 1731 5107 καὶ
1763 5054 1869 5107 τῶν
1890 5054 2065 5109 ἄλλων

2173 3844 2258 3898 σίν
2287 3861 2432 3909 τινα,
2469 3844 2700 3917 πότερον
2726 3844 2819 3900 τοῦ
2857 3845 3025 3900 αὐτοῦ
3082 3845 3440 3916 Οἰκουμενίου
3507 3844 3752 3912 συγγρά-

2168 3937 2369 4008 ψαντος
2401 3937 2496 3991 καὶ
2527 3936 2880 4003 συλλέξαντός
2922 3939 3094 4002 ἐστιν,
3144 3938 3177 4008 ἥ
3216 3936 3301 3992 οῦ.
3339 3937 3477 3991 Ἀλλ’
3508 3934 3618 4005 ἐγὼ
3653 3936 3750 3988 τοῦ

2170 4031 2336 4085 αὑτοῦ
2393 4031 2490 4103 οὐχ
2536 4026 2701 4104 ἧττον
2732 4028 2875 4086 εἶναι
2914 4032 3009 4086 καὶ
3061 4031 3234 4085 ταῦτα
3281 4029 3506 4101 νομίζω,
3537 4028 3751 4089 πολλοῖς

2170 4125 2493 4194 τεκμηρίοις
2554 4123 2848 4193 ἑπόμενος,
2893 4125 3054 4179 ἆτινα
3083 4128 3141 4180 ἐν
3177 4124 3254 4196 τῷ
3282 4123 3510 4193 παρόντι
3537 4122 3641 4175 οὐκ
3685 4121 3753 4174 ἂν

2171 4217 2408 4287 εἴποιμι,
2470 4217 2559 4271 ἵνα
2613 4217 2689 4289 μὴ
2741 4218 2800 4270 ἐν
2825 4217 3069 4288 σχήματι
3098 4214 3395 4285 ἐπιστολῆς
3429 4215 3603 4283 πέραν
3653 4212 3751 4265 τοῦ

2168 4309 2380 4374 δέοντος
2434 4309 2850 4381 μακρολογήσω.
2897 4309 2977 4363 Τά
3020 4308 3078 4361 δέ
3115 4310 3196 4371 εἰς
3235 4306 3334 4378 τὴν
3374 4303 3745 4374 Ἀποκάλυψιν

2169 4403 2264 4457 τοῦ
2305 4403 2580 4474 μακαρίου
2624 4403 2896 4469 Ἰωάννου,
2927 4401 3184 4473 συνετέθη
3225 4398 3326 4470 μὲν
3355 4399 3461 4453 ὑπὸ
3498 4396 3751 4468 Ἀνδρέου

2168 4493 2271 4547 τοῦ
2298 4496 2396 4563 τῆς
2439 4494 2783 4567 Καισαρείας
2826 4492 3227 4555 Καππαδοκίας
3265 4490 3592 4553 ἐπισκόπου,
3635 4487 3752 4541 ἀλλ’

2171 4589 2251 4650 είς
2291 4585 2513 4656 σύνοψιν
2540 4586 2632 4640 καὶ
2655 4584 2974 4657 βραχύτητα
3010 4582 3356 4655 συνεπτύχθη
3406 4582 3467 4635 sb
3524 4579 3754 4648 ὕστερον

2172 4676 2277 4729 ὑπὸ
2306 4674 2502 4750 Ἀρέθα
2528 4678 2675 4740 τινὸς
2700 4676 2801 4746 τῆς
2828 4675 3001 4746 αὐτῆς
3060 4674 3267 4737 πόλεως
3309 4672 3632 4734 ἐπισκόπου,
3672 4669 3751 4732 ώς

2170 4771 2266 4825 καὶ
2298 4772 2330 4840 ἡ
2364 4769 2645 4841 ἐπιγραφὴ
2679 4769 2876 4841 μηνύει
2934 4767 3135 4840 ῥητῶς.
3216 4766 3578 4837 Ἀντίγραφον
3647 4763 3750 4832 μὲν

2171 4863 2276 4917 οῦν.
2295 4880 2346 4915 τι
2378 4864 2559 4917 πᾶσαν
2614 4862 2714 4935 τὴν
2750 4861 3011 4931 τοιαύτην
3057 4859 3444 4933 πραγματείαν
3497 4857 3751 4929 περιέχον

2170 4956 2513 5026 κτησάμενος
2555 4954 2810 5024 Ἰωάννης
2855 4951 3132 5016 Ματθαϊος
3193 4953 3221 5003 6
3278 4949 3536 5019 Γίόερτος
3573 4950 3600 5001 6
3648 4947 3750 5017 τῆς

2172 5048 2472 5120 Οὐηρώνης
2506 5047 2827 5113 ἐπίσκοπος,
2846 5045 3003 5099 τοῦτό
3030 5062 3122 5115 μοι
3150 5045 3454 5114 παρέδωκε,
3484 5042 3750 5102 κελεύσας

482 5140 659 5208 ἀγίων
676 5140 778 5205 τὰς
804 5140 1094 5212 ἐξηγήσεις
1141 5143 1475 5214 προσέθηκε,
1508 5146 1567 5199 τὸ
1609 5145 1783 5217 ὄνομα
1826 5147 2058 5201 ἑκάστου
2091 5127 2146 5186 θ
2167 5141 2525 5213 ἐπανορθοῦν,
2558 5142 2652 5195 καὶ
2686 5140 2794 5193 τῶν
2830 5142 2886 5192 ἐν
2948 5138 3100 5209 αὐτῷ
3149 5136 3527 5207 πταισμάτων,
3552 5135 3609 5188 sl.’
3629 5152 3751 5187 τινα

476 5236 546 5307 τῇ
579 5236 859 5310 ἐπιγραφῇ
889 5235 1269 5307 προμηνύσας,
1289 5230 1402 5291 οἷον
1433 5236 1727 5309 Κυρίλλου,
1747 5238 2059 5302 Γενναδίου,

477 5325 853 5396 Θεοδωρήτου,
884 5326 1217 5399 Γρηγορίου,
1249 5325 1552 5391 Βασιλείου,
1579 5328 1933 5399 Σευηριανοῦ,
1966 5330 2062 5382 καὶ

477 5418 589 5473 τῶν
643 5418 927 5483 τοιούτων,
988 5421 1282 5493 ἐξαιρέτως
1310 5420 1599 5477 δέΦωτίου
1655 5421 1818 5486 τινὸς,
1852 5422 1946 5492 ἀφ’
2000 5415 2062 5477 οῦ

478 5513 602 5566 ὅσαι
631 5513 1105 5585 μετεκομίσθησαν
1141 5512 1456 5585 ἐξηγήσεις,
1490 5513 1586 5569 τοῦ
1634 5513 1864 5578 σκοποῦ,
1919 5515 2063 5570 κατά

478 5622 544 5675 γε
579 5604 703 5675 ἐμὲ,
734 5606 975 5676 μάλιστα
1031 5605 1251 5661 πάντων
1298 5607 1682 5676 τυγχάνουσιν.
1758 5592 1896 5662 Ἰσθι
1962 5609 2062 5679 μὲν

479 5692 574 5753 οὖν
596 5696 727 5752 ἔνθα
757 5698 823 5752 ἂν
857 5697 935 5770 μὴ
961 5696 1146 5771 εῦροις
1171 5699 1342 5770 ὄνομα
1364 5698 1850 5772 ἐπιγεγραμμένον
1872 5701 2060 5772 μηδὲν,

470 5776 580 5862 ’τὴν
608 5790 866 5863 τοιαύτην
897 5792 1196 5864 ἑρμηνείαν
1253 5788 1393 5846 εἶναι
1423 5792 1518 5846 τοῦ
1551 5793 1945 5865 Χρυσοστόμου
1981 5794 2062 5856 εἰς

478 5882 637 5955 ἀλίγα
663 5883 1098 5956 συνεσταλμένην
1142 5884 1244 5938 ὑπὸ
1275 5885 1487 5950 τούτου,
1516 5885 1590 5950 ώς
1617 5884 1851 5956 εἴρηται.
1892 5884 2059 5939 Ἔνθα

2167 5233 2385 5306 εῦροιμι
2413 5232 2501 5298 ἂν,
2530 5231 2888 5302 ἐκκαθαίρειν
2917 5230 3184 5300 ἀκριϐῶς.
3218 5229 3397 5300 Ὅπερ
3422 5227 3597 5296 ἔγωγε
3629 5223 3749 5278 λίαν

2166 5327 2423 5399 ἀσμένως
2462 5324 2906 5397 παραδεξάμενος
2939 5367 2961 5392 ,
3015 5323 3108 5377 καὶ
3177 5320 3499 5375 κελεύσαντι
3552 5320 3749 5387 ἐκείνῳ

2169 5418 2509 5482 ὑπακούσας,
2542 5417 2618 5479 ὡς
2648 5417 2814 5480 εἰκὸς,
2841 5415 2903 5469 τὸ
2934 5412 3280 5486 προσταχθὲν
3338 5411 3575 5482 ἐξήνυσα
3608 5409 3750 5463 κατὰ
3824 5468 3825 5471 η

2168 5514 2230 5567 sb
2264 5514 2388 5583 ἐμοὶ
2418 5511 2669 5566 δυνατόν.⁴
2704 5510 2936 5564 Ἔπειτα
2961 5510 3073 5570 τοῖς
3114 5504 3543 5578 βιϐλιογράφοις,
3571 5500 3666 5565 οὓς
3719 5501 3748 5553 6

2169 5606 2330 5671 αὐτὸς
2363 5606 2621 5679 Γίὸερτος
2653 5604 2790 5658 οἴκοι
2819 5602 2932 5674 ἔχει
2988 5599 3266 5670 μεγίστοις
3297 5598 3387 5668 ὑφ’
3426 5593 3621 5650 ἐαυτοῦ
3653 5594 3748 5648 δα-

2173 5702 2461 5772 πανήμασι
2517 5697 2911 5771 τρεφομένους,
2954 5693 3219 5761 ἐξέδωκα,
3275 5690 3363 5744 ἴνα
3415 5691 3483 5760 τῇ
3534 5686 3747 5742 ἑαυτῶν

2170 5791 2335 5862 τέχνῃ
2374 5790 2916 5847 πολλαπλασιάσωσι.
2951 5788 3043 5840 Δεῖ
3073 5785 3139 5857 δὴ
3186 5783 3294 5839 τῶν
3341 5780 3746 5851 ἀναγινωσκόν-

2172 5900 2279 5936 τιιιν
2333 5882 2563 5937 ἕκαστον
2633 5883 2891 5953 πλείστην
2936 5871 3023 5951 ’τῷ
3080 5873 3576 5951 φιλανθρωποτάτη)
3629 5870 3749 5943 Θεῷ
