4058 6542
342 398 415 464 25
1682 396 2273 462 PROLEGOMENA.
3538 388 3613 453 26

340 511 506 583 χάριν
553 507 723 580 ἔχειν.
775 507 874 572 ’ος
933 507 1043 561 τῶν
1101 505 1501 578 συνταγμάτων
1549 503 1758 559 τούτων
1817 505 1927 558 τῶν
1958 513 2000 570 Α
2032 506 2229 560 ἄλλους
2290 504 2568 567 τοιούτους
2626 501 2887 575 παρέξειν
2945 501 3023 575 τῷ
3049 503 3257 573 κόσμῳ,
3293 501 3381 564 Ὧς
3419 501 3611 555 τούτου

342 600 486 654 οὕτω
509 600 692 654 καλῶν
721 600 821 654 καὶ
846 600 1047 670 τιμίων
1068 597 1146 670 τῷ
1178 597 1354 669 χρόνῳ
1376 597 1477 668 ἥδη
1512 596 1607 650 καὶ
1651 598 1719 667 τῇ
1780 597 1923 667 ἀμε-
2029 597 2325 666 γενομένου
2377 597 2556 648 πᾶσαν
2616 593 2714 665 τὴν
2778 592 3102 663 Ἑλληνικὴν
3133 592 3228 645 καὶ
3298 589 3612 663 Ῥωμαϊκὴν

342 691 465 761 λεία
494 691 773 756 παντελῶς
804 690 1161 760 ἀφανίζεσθαι
1204 688 1642 755 κινδυνευόντων,
1690 687 1924 759 Σωτῆρα
2031 685 2281 740 παιδείαν
2315 685 2375 737 τὸ
2400 683 2629 737 παλαιὸν
2654 682 2871 747 κάλλος,
2907 681 3107 754 μᾶλλον
3137 681 3194 736 δὲ
3224 681 3325 752 τὴν
3353 680 3501 753 ζωὴν
3548 681 3607 735 ἐν

345 784 477 853 ἡμῖν
498 780 691 836 τοῦτον
715 781 808 836 τὸν
852 780 1442 853 μεγαλοπρεπέστατον
1502 778 1674 849 ἄνδρα
1734 778 1925 852 ἐχαρί-
2029 778 2227 851 βραχεῖ
2253 776 2667 849 ἀναληψομένην
2703 775 2988 841 ἐλπιζέτω.
3019 773 3328 846 Ἔρρωσθε.

346 891 498 928 σατο.
534 875 625 946 Τῷ
648 874 798 946 αὐτῷ
822 875 879 930 δὲ
902 875 1065 930 πάλιν
1085 873 1333 945 εὐχέσθω
1358 870 1646 943 διηνεκῶς,
1683 871 1921 937 πολλοὺς

1697 1245 2268 1338 ΥΠΟΘΕΣΙΣ

913 1449 1216 1562 ΤΗΣ
1287 1439 1848 1563 ΒΙΒΛΟΥ
1902 1445 2205 1560 ΤΩΝ
2267 1426 3021 1558 ΠΡΑΞΕΩΝ.

1032 1835 1877 1928 ABGUMENTUM
1924 1836 2249 1926 LIBRI
2305 1828 2913 1923 ACTOBUM.

426 2108 616 2161 Ἔστιν
640 2103 669 2158 6
685 2103 1046 2177 διηγούμενος
1070 2104 1170 2168 τάς
1198 2104 1435 2177 Πράξεις
1465 2106 1575 2160 τῶν
1604 2107 1938 2176 ἀποστόλων,

2114 2112 2293 2170 Lucas
2341 2112 2675 2185 evangelista
2708 2118 2997 2168 enarrator
3043 2115 3129 2165 est
3179 2107 3441 2165 Actorum
3485 2124 3617 2180 apo-

350 2200 569 2264 Δουκᾶς
600 2199 629 2253 6
654 2197 1070 2270 εύαγγελιστής.
1102 2197 1408 2269 ’Δντιοχεὺς
1426 2199 1537 2270 γάρ
1566 2194 1722 2264 οὗτος
1754 2200 1933 2273 ὑπάρ-

2050 2206 2339 2264 stolorum.
2359 2204 2458 2260 Hic
2486 2204 2633 2261 enim
2665 2217 2789 2259 cum
2806 2200 3184 2257 Antiochenus
3216 2210 3363 2261 esset
3389 2218 3615 2275 genere,

351 2310 466 2363 χων
499 2292 561 2345 τὸ
587 2291 762 2361 γένος,
792 2290 978 2363 ἱατρδς
1020 2290 1076 2344 δὲ
1106 2289 1206 2359 τὴν
1249 2291 1587 2362 ἐπιστήμην,
1621 2293 1938 2365 συναπεδή-

2050 2309 2156 2356 arte
2187 2314 2318 2356 vero
2349 2292 2621 2364 medicus,
2651 2295 2819 2352 simul
2878 2308 3005 2349 cum
3052 2295 3320 2365 apostolis
3372 2296 3620 2367 peregri-

355 2402 445 2455 μει
494 2386 610 2448 τοῖς
648 2383 990 2450 ἀποστόλοις,
1032 2384 1127 2438 καὶ
1162 2383 1403 2453 μάλιστα
1461 2384 1540 2451 τῷ
1586 2384 1806 2457 Παύλῳ,
1841 2388 1937 2442 καὶ

2050 2392 2276 2448 nabatur
2301 2399 2357 2448 et
2380 2390 2726 2461 potissimum
2756 2402 2884 2443 cum
2907 2387 3101 2455 Paulo,
3128 2387 3432 2459 scribitque
3463 2390 3612 2459 quod

351 2475 507 2542 εἰδὼς
555 2475 803 2547 ἀκριϐῶς
833 2474 1060 2547 γράφει.
1124 2475 1406 2549 Διηγεῖται
1461 2475 1520 2530 δὲ
1572 2475 1648 2540 ὡς
1683 2477 1937 2547 ἀγγέλων

2050 2492 2235 2542 exacte
2308 2481 2583 2555 cognovit.
2637 2480 2835 2535 Narrat
2884 2488 3067 2536 autem
3118 2493 3357 2550 quonam
3410 2480 3620 2551 angelis

351 2567 735 2622 ὑπολαϐόντων
770 2565 1056 2638 ἀνελήφθη
1080 2567 1108 2620 6
1138 2565 1368 2635 Κύριος.
1388 2566 1500 2620 Καὶ
1521 2565 1622 2637 τὴν
1651 2565 1747 2623 τοῦ
1777 2567 1935 2638 ἁγίου

2050 2575 2476 2647 suscipientibus
2550 2580 2871 2644 assumptus
2968 2571 3043 2628 sit
3128 2570 3394 2628 Dominus
3460 2590 3474 2626 :
3554 2586 3620 2626 ac

351 2659 491 2713 Πνεύ
499 2676 667 2730 ματος
678 2656 900 2729 ἔκχυσιν
920 2656 1221 2729 γενομένην
1239 2658 1297 2710 ἐν
1312 2658 1380 2728 τῇ
1407 2654 1748 2732 πεντηκοστῇ
1766 2658 1859 2712 ἐπί
1876 2675 1938 2714 τε

2050 2670 2284 2743 Spiritus
2310 2667 2489 2725 sancti
2530 2665 2728 2722 laetam
2775 2679 2943 2736 super
2980 2664 3284 2736 apostolos,
3316 2678 3620 2733 omnesque

350 2754 481 2817 τοὺς
536 2752 892 2819 ἀποστόλους,
926 2751 1023 2806 καὶ
1074 2751 1283 2816 πάντας
1311 2752 1437 2815 τοὺς
1470 2751 1593 2804 τότε
1638 2751 1935 2824 παρόντας.

2050 2764 2136 2835 qui
2204 2772 2337 2818 tunc
2406 2767 2705 2832 praesentes
2748 2764 2928 2824 erant,
2994 2756 3451 2828 quinquagesimo
3507 2754 3622 2822 die,

351 2845 465 2915 Τήν
488 2861 548 2899 τε
584 2844 926 2899 κατάστασιν
955 2843 1052 2898 τοῦ
1083 2844 1325 2910 Ματθία,
1349 2845 1471 2898 ἀντὶ
1507 2842 1675 2899 Ἰούδα
1689 2845 1783 2899 τοῦ
1810 2862 1938 2917 προ-

2050 2854 2407 2913 diﬂ‘usionem.
2484 2853 2754 2908 Praeterea
2846 2849 3065 2907 Mathiaa
3168 2848 3619 2905 constitutionem

348 2935 527 3000 δότου,
561 2937 655 2991 καὶ
671 2936 769 3009 τὴν
799 2936 1137 2991 κατάστασιν
1170 2936 1281 2993 τῶν
1323 2935 1467 2990 ἐπτά
1498 2936 1785 2991 διακόνων.
1827 2938 1938 2992 Καὶ

2050 2948 2162 3005 loco
2193 2945 2349 3004 Juda’.
2401 2944 2719 3017 proditoris,
2766 2958 2832 2999 ac
2875 2950 3084 3014 septem
3127 2941 3417 2998 diaconum
3459 2955 3619 2996 crea-

348 3028 451 3095 τὴν
510 3028 746 3097 ἐκλογὴν
772 3027 867 3082 τοῦ
899 3026 1136 3094 Παύλου,
1163 3027 1257 3082 καὶ
1284 3028 1383 3081 ὅσα
1405 3026 1628 3095 ἔπαθεν,
1653 3027 1749 3081 καὶ
1774 3028 1873 3081 ὅσα
1888 3026 1940 3081 οἱ

348 3118 641 3174 ἀπόστολοι
665 3119 754 3175 διὰ
782 3120 1090 3192 προσευχῆς
1124 3120 1218 3175 καὶ
1246 3119 1348 3191 τῆς
1380 3122 1460 3186 εἰς
1503 3120 1667 3176 αὐτὸν
1692 3119 1783 3175 τὸν
1803 3118 1941 3191 Χρι-

354 3214 480 3268 στὸν
511 3213 747 3279 πίστεως
776 3213 1329 3288 ἑθαυματούργησαν.

2041 3149 2140 3192 sus
2189 3140 2293 3197 est,
2359 3144 2593 3203 quaeque
2651 3128 2904 3198 apostoli,
2975 3141 3072 3196 per
3111 3126 3416 3181 orationem
3462 3132 3516 3178 et
3559 3122 3623 3177 ti-

2044 3228 2169 3284 dem
2194 3240 2359 3297 quam
2410 3225 2471 3280 in
2495 3221 2777 3279 Christum
2809 3220 3105 3284 habebant,
3143 3216 3408 3273 miracula
3435 3214 3622 3273 edide-

1936 3334 1941 3337 ’
2044 3327 2196 3376 runt.

343 3446 352 3455 -
421 3420 545 3474 Τῶν
575 3420 631 3474 δὲ
652 3420 965 3476 ἀποστόλων
992 3420 1058 3475 τά
1090 3420 1336 3492 ὀνόματά
1371 3421 1488 3476 ἐστι
1508 3420 1685 3475 ταῦτα
1704 3436 1717 3451 °
1755 3420 1938 3493 Σίμων

2117 3434 2416 3493 Duodecim
2454 3443 2635 3489 autem
2669 3430 3043 3502 apostolorum
3073 3427 3298 3484 nomina
3321 3434 3453 3481 sunt
3485 3426 3619 3482 haec.

349 3516 378 3568 6
408 3514 708 3583 λεγόμενος
742 3514 972 3586 Πέτρος,
1003 3513 1101 3569 καὶ
1139 3513 1395 3587 Ἀνδρέας
1422 3515 1450 3568 6
1478 3512 1708 3583 ἀδελφὸς
1743 3513 1934 3579 αὐτοῦ,

2050 3531 2255 3594 Simon,
2291 3528 2383 3600 qui
2415 3528 2619 3584 dicitur
2644 3525 2873 3592 Petrus,
2898 3532 2954 3579 et
2993 3521 3241 3576 Andreas
3278 3519 3445 3574 frater
3479 3519 3622 3589 ejus,

365 3604 623 3670 Ἰάκωϐος
655 3607 752 3661 καὶ
786 3607 1065 3679 Ἰωάννης,
1097 3607 1363 3671 Φίλιππος
1393 3606 1490 3661 καὶ
1509 3605 1938 3678 Βαρθολομαῖος,

2050 3623 2283 3681 Iacobus
2334 3629 2391 3678 et
2437 3618 2701 3684 Joannes,
2732 3613 3021 3685 Philippus
3059 3622 3115 3668 et
3163 3610 3624 3672 Bartholommus.

352 3698 559 3769 Θωμᾶς
598 3699 696 3753 καὶ
746 3700 1031 3765 Ματθαῖος
1060 3701 1089 3753 6
1145 3697 1408 3770 τελώνης,
1455 3698 1715 3762 Ἰάκωϐος
1760 3699 1790 3752 6
1843 3697 1938 3752 τοῦ

2050 3717 2284 3772 Thomas
2316 3721 2370 3771 et
2421 3713 2712 3769 Matthaaus
2743 3709 3099 3781 publicanus,
3127 3704 3368 3761 Iacobus
3416 3701 3624 3772 Alphaei

368 3789 632 3858 Ἀλφαίου
657 3791 754 3845 καὶ
785 3791 967 3861 Σίμων
998 3794 1026 3846 ό
1079 3792 1411 3858 Καναναῖος,
1451 3792 1550 3845 καὶ
1585 3791 1790 3856 Ἰούδας
1833 3793 1937 3847 Ἰα-

2050 3804 2190 3861 [ilius
2219 3815 2272 3860 et
2298 3803 2489 3859 Simon
2515 3800 2885 3866 Chananaaus,
2903 3795 3074 3853 ludas
3094 3795 3284 3851 Jacobi
3306 3801 3359 3849 et
3387 3792 3626 3848 Mathias

351 3881 558 3946 κὼϐου,
594 3884 687 3937 καὶ
708 3882 960 3947 Ματθίας
995 3885 1021 3938 6
1047 3882 1596 3955 συγκαταψηφισθεὶς
1645 3885 1786 3955 μετὰ
1830 3887 1938 3942 τῶν

2050 3896 2140 3969 qui
2170 3910 2293 3950 cum
2330 3894 2587 3951 undecim
2627 3894 2749 3950 loco
2781 3890 3079 3963 proditoris
3100 3893 3500 3944 annumeratus
3519 3893 3624 3941 est.

350 3974 548 4030 ἕνδεκα
569 3976 690 4030 ἀντὶ
722 3974 815 4030 τοῦ
856 3976 1139 4049 προδότου.
1175 3978 1296 4032 Τῶν
1336 3977 1393 4032 δὲ
1420 3979 1938 4047 ἐγκατασταθέντων

2050 3990 2482 4048 Constitutorum
2530 4002 2663 4044 vero
2707 3986 3000 4041 diaconum
3038 3984 3260 4038 nomina
3301 3986 3433 4036 sunt
3463 3977 3623 4033 haec:

352 4065 619 4122 διακόνων
663 4067 735 4122 τά
762 4067 1008 4139 ὀνόματά
1039 4072 1155 4123 ἐστι
1194 4070 1369 4124 ταῦτα
1391 4090 1404 4103 ο
1437 4073 1731 4141 Στέφανος,
1748 4072 1938 4126 Φίλιπ-

2050 4084 2384 4156 Stephanus,
2416 4081 2725 4151 Philippus,
2764 4078 3098 4142 Prochorus,
3124 4073 3382 4135 Nicanor,
3404 4071 3623 4134 Timon,

357 4176 484 4223 πος,
518 4159 833 4231 Πρόχωρος,
889 4161 1178 4233 Νικάνωρ,
1221 4163 1432 4234 Τίμων,
1474 4165 1793 4236 Παρμενᾶς,
1846 4167 1938 4219 καὶ

2050 4176 2341 4234 Parmenas
2373 4182 2429 4232 et
2456 4171 2737 4228 Nicolaus.
2776 4171 2909 4226 Post
2948 4170 3064 4225 haec
3086 4174 3270 4222 autem
3301 4165 3512 4221 electus
3540 4169 3628 4218 est

2041 3041 2270 3106 tionem,
2324 3035 2588 3108 Paulique
2626 3034 2950 3092 electionem
3003 3041 3060 3089 et
3104 3046 3445 3104 quaecunque
3489 3044 3621 3101 pas-
3722 3048 3725 3051 ·

354 4252 646 4333 Νικόλαος..
696 4252 852 4306 Μετά
900 4252 1078 4308 ταῦτα
1101 4254 1310 4326 ἐκλήθη
1365 4257 1462 4310 καὶ
1494 4256 1708 4320 Παῦλος
1745 4256 1940 4323 σκεῦος

353 4340 611 4413 ἐκλογῆς.

428 4456 650 4513 Τούτων
680 4457 739 4512 δὲ
761 4457 872 4513 τῶν
899 4457 1218 4514 ἀποστόλων
1247 4461 1453 4532 σημεῖα
1473 4460 1509 4516 ἀ
1535 4460 1802 4535 ἐποίησαν
1825 4462 1943 4518 ἐστὶ⁴

357 4569 535 4607 ταυτα
574 4567 593 4585 ⁸

429 4642 499 4700 α’.
523 4646 734 4717 Πέτρος
757 4644 1118 4717 καὶἸωάννης
1142 4645 1517 4717 ἐθεράπευσαν
1537 4647 1594 4699 ἐν
1614 4645 1692 4717 τῷ
1718 4646 1944 4719 όνόματι

2044 4281 2099 4329 et
2132 4268 2336 4326 Paulus
2368 4282 2467 4324 vas
2497 4264 2810 4323 electionis.

2115 4475 2323 4531 Horum
2357 4481 2542 4528 autem
2583 4468 2960 4542 apostolorum
2988 4464 3145 4533 signa
3177 4476 3300 4534 quae
3338 4457 3629 4516 ediderunt

2048 4569 2164 4624 haec
2204 4574 2332 4621 sunt
2361 4584 2377 4623 :
2674 4608 2679 4614 .

2118 4660 2165 4728 Ι,
2201 4659 2397 4715 Petrus
2422 4664 2477 4713 et
2497 4653 2738 4711 Joannes
2763 4667 2861 4724 per
2886 4663 3090 4706 nomen
3122 4644 3334 4701 Domini
3365 4647 3631 4697 curarunt

354 4736 455 4791 τοῦ
493 4738 704 4809 Κυρίου
752 4738 845 4792 τὸν
872 4739 938 4793 ἐκ
958 4737 1187 4809 γενετῆς
1214 4737 1407 4810 χωλὸν,
1436 4738 1527 4793 τὸν
1556 4741 1614 4794 ἐν
1640 4741 1707 4812 τῇ
1752 4740 1938 4813 Ὡραίᾳ

2050 4768 2171 4809 eum
2215 4749 2309 4821 qui
2356 4748 2424 4803 ab
2463 4756 2620 4803 utero
2653 4744 2845 4799 matris
2886 4740 3118 4796 claudus
3148 4743 3288 4799 erat,
3322 4742 3375 4788 et
3408 4732 3630 4789 sedebat

360 4829 507 4903 πύλῃ
531 4830 882 4901 καθήμενον.ι

433 4921 498 4994 β’.
538 4924 777 4995 Πέτρος
832 4924 1087 4979 ’Δνανίαν
1155 4925 1251 4980 καὶ
1307 4925 1626 4996 Σάπφειραν
1681 4926 1781 4997 τὴν
1826 4942 1931 4995 γυ.

357 5017 523 5069 ναῖκα
551 5015 718 5069 αὐτοῦ
748 5014 947 5087 ήλεγξε
1000 5016 1438 5087 νοσφισαμένους
1466 5017 1576 5071 ἀπὸ
1628 5017 1731 5089 τῆς
1761 5018 1939 5088 ἐπαγ-

361 5110 549 5181 γελίας
598 5110 700 5183 τῆς
732 5112 813 5176 είς
838 5110 929 5165 τὸν
963 5109 1115 5175 Θεὸν,
1149 5111 1241 5163 καὶ
1273 5110 1531 5180 γεγόνασι
1598 5114 1942 5184 παραχρῆμα

359 5203 566 5275 νεκροί.

435 5293 504 5364 γ’.
537 5293 750 5366 Πέτρου
779 5294 813 5362 ἡ
839 5292 968 5346 σκιὰ
998 5289 1267 5363 ἐρχομένη
1290 5290 1384 5343 ἐπὶ
1412 5288 1539 5355 τοὺς
1577 5287 1940 5355 ἀσθενοῦντας

364 5386 730 5458 ἐθεράπευσεν
757 5383 977 5449 αὐτούς.

433 5478 495 5534 δ’.
531 5478 807 5549 Στέφανος
843 5478 1023 5532 ἐποίει
1051 5478 1259 5549 τέρατα
1278 5476 1375 5531 καὶ
1398 5480 1623 5550 σημεῖα.

432 5574 497 5623 ε’.
529 5569 797 5633 Φίλιππος
845 5568 937 5622 τδν
990 5566 1247 5639 εὐνοῦχον
1307 5567 1614 5639 ἐπέστησεν
1666 5565 1940 5635 ἀναγινώ-

368 5678 567 5716 σκοντα
612 5660 707 5716 τὸν
744 5662 1033 5733 προφήτην
1086 5660 1314 5715 Ἡσαΐαν
1354 5661 1449 5716 καὶ
1490 5660 1788 5715 ἐϐάπτισεν
1845 5658 1943 5714 αὺ-

366 5753 478 5809 τόν.

438 5846 517 5915 ς’.
561 5848 618 5903 Ὀ
671 5849 831 5913 αὐτὸς
864 5849 1127 5913 Φίλιππος
1158 5850 1212 5903 ἐν
1245 5845 1527 5921 Σαμαρείᾳ
1564 5844 1733 5901 πολλὰ
1774 5844 1940 5902 πνεύ-

1970 4862 2023 4922 ι)
2050 4842 2116 4897 ad
2148 4851 2357 4911 portam
2383 4852 2505 4910 qua:
2528 4835 2787 4905 Speciosa
2818 4832 3123 4922 dicebatur.
3157 4826 3301 4898 (Act.
3333 4824 3441 4895 Ill.)

2120 4933 2176 4987 2.
2208 4931 2408 4987 Petrus
2434 4928 2704 4984 Ananiam
2746 4940 2809 4980 ac
2841 4921 3166 4991 Sapphiram
3199 4931 3425 4972 uxorem
3460 4911 3632 4985 ipsius

2052 5024 2326 5083 mendacii
2359 5012 2620 5084 convicit,
2657 5018 2804 5090 quod
2843 5015 3253 5072 suifurarentur
3291 5026 3357 5064 ex
3388 5024 3452 5062 eo
3482 5003 3628 5075 quod

2051 5119 2192 5189 apud
2230 5116 2399 5172 Deum
2445 5113 2854 5186 promiserant:
2884 5126 2948 5167 ac
2975 5117 3200 5182 repente
3223 5104 3425 5162 mortui
3477 5110 3627 5157 sunt.

2053 5211 2284 5287 (sum

2121 5305 2174 5359 5.
2227 5302 2373 5358 Petri
2418 5301 2617 5357 umbra
2658 5298 2724 5354 ad
2754 5304 2992 5370 aegrotos
3029 5294 3352 5366 pertingens
3399 5287 3634 5345 curabat

2049 5405 2164 5447 eos.
2192 5390 2387 5463 (Ibid.)

2117 5482 2172 5537 4.
2205 5483 2517 5552 Stephanus
2542 5477 2773 5533 faciebat
2804 5473 3049 5545 prodigia
3069 5482 3125 5528 et
3146 5473 3321 5543 signa.
3354 5472 3497 5541 (Act.
3524 5467 3635 5537 vr.)

2062 5578 2065 5579 ⁷
2120 5574 2174 5629 5.
2212 5571 2501 5642 Philippus
2550 5567 2864 5625 eunuchum
2917 5564 3306 5621 animadvertit
3361 5563 3635 5631 legentem

2047 5664 2244 5721 lsaiam
2271 5663 2591 5736 pr0phetam
2621 5672 2676 5716 et
2707 5655 3005 5731 baptizavit
3033 5672 3180 5713 eum.
3204 5656 3324 5726 (Act
3373 5653 3520 5718 Vill.)

2124 5839 2176 5897 6.
2225 5838 2368 5897 Idem
2414 5836 2698 5909 Philippus
2752 5835 2806 5891 in
2850 5831 3096 5889 Samaria
3159 5828 3355 5888 inultos
3403 5825 3638 5899 spiritus
