4058 6548
474 305 549 371 27
1491 330 1602 390 (EC
1612 332 1855 394 UMENI
1864 335 1960 397 US
1991 338 2284 402 TRICCZE
2322 345 2761 415 EPISCOPUS.

3673 367 3746 431 28

485 417 668 486 σείθοίῑ,
703 418 1000 495 pluresque
1026 428 1206 485 claudi
1234 445 1298 487 ac
1334 437 1573 509 paralysi
1604 439 1862 499 dissoluti
1893 447 1961 501 ab
1993 462 2042 503 ct

485 512 654 549 βίη·εηί
683 522 811 549 una"
871 515 992 549 [ΛΑ-ο
1040 536 1135 549 ιη..
1169 524 1185 549 \

2163 469 2310 521 ματα
2341 454 2583 525 ἐξέβαλε,
2632 462 2725 515 καὶ
2760 462 2926 534 χωλοὶ
2954 466 3046 519 καὶ
3079 468 3519 541 παραλελυμένοι
3549 473 3737 549 ἐθερα-

478 512 654 564 rurnli
683 522 836 569 sunt.
870 515 1011 587 (Act.
1040 524 1185 591 vm.)

549 598 602 655 7.
636 600 843 661 Paulus
880 622 1006 661 cum
1036 612 1325 669 accederet
1368 614 1695 677 Damascum
1729 625 1864 681 vidit
1890 628 2058 685 visio-

476 691 622 758 n‘ein,
653 696 951 769 statimque
976 704 1307 774 evangelista
1334 706 1513 766 lactus
1540 720 1645 770 est.
1684 712 1939 788 (Λαίδι.)

545 784 600 838 8.
638 784 830 843 Petrus
879 789 1075 862 Lydda:
1126 792 1355 854 Eneam
1404 784 1769 876 paralytieum
1803 812 1873 868 ab
1899 784 2058 871 annis

474 872 542 927 36
566 875 620 930 in
647 880 912 947 grabbato
930 883 1346 945 decumbentem
1368 872 1603 952 curavit.
1638 898 1831 970 (Ιίιὶά.)

543 966 598 1022 9.
650 970 846 1028 Petrus
894 974 1080 1047 lappa:
1142 992 1415 1039 mortuam
1480 966 1962 1066 Dorcadequute
2002 1007 2056 1055 ct

478 1056 710 1113 Tabitha
735 1063 1047 1137 dicebatur,
1083 1067 1207 1128 fusa
1239 1076 1489 1134 oratione
1542 1056 1804 1139 excitavit
1909 1104 2056 1145 mor-

474 1151 604 1206 tuis.
636 1152 831 1228 una.)

545 1244 633 1303 10.
669 1245 862 1305 Petrus
890 1267 985 1309 vas
1025 1268 1058 1310 e
1084 1256 1226 1313 etelo
1266 1258 1609 1322 descendens
1650 1268 1870 1339 plenum
1903 1276 2049 1331 omni

472 1353 669 1407 genere
704 1341 1020 1400 animalium
1056 1348 1216 1403 vidit.
1242 1350 1382 1422 (Act.
1412 1356 1526 1428 10.)

543 1428 630 1484 11.
686 1428 882 1490 Petrus
926 1446 1183 1497 servatus
1243 1456 1307 1498 ac
1357 1444 1572 1504 vinctus
1606 1449 1662 1506 in
1693 1462 1940 1521 carcere,
1984 1456 2052 1513 ab

470 1524 667 1592 angelo
700 1526 915 1582 solutus
940 1540 1047 1595 est,
1071 1532 1454 1603 ignorantibus
1508 1541 1559 1597 id
1593 1546 1861 1605 militibus
1894 1567 1909 1604 :
1944 1549 2052 1607 lle-

473 1614 741 1686 rodesque
767 1632 797 1673 a
824 1623 1101 1680 vermibus
1126 1641 1324 1683 exesus
1349 1633 1671 1703 exspiravit.
1702 1641 1843 1710 (Ασι.
1870 1642 1984 1714 15.)

544 1706 632 1761 12.
660 1708 859 1767 Paulus
884 1712 938 1767 in
969 1714 1149 1786 Cypro
1173 1717 1421 1790 Elymum
1460 1742 1676 1796 magum
1710 1706 2047 1805 increpavit,

469 1806 521 1851 et
553 1814 730 1857 caecus
766 1802 944 1862 factus
975 1817 1060 1863 est
1089 1810 1207 1880 ipse
1236 1828 1448 1886 magus.
1474 1817 1616 1885 (Act.
1652 1821 1766 1896 l5.)
1864 1835 1873 1842 '

548 1891 635 1947 15.
665 1893 870 1953 Paulus
902 1896 1113 1971 Lystris
1138 1919 1261 1959 eum
1317 1908 1411 1977 qui
1445 1925 1473 1963 a
1506 1891 1793 1973 nativitate
1819 1918 2051 1980 claudus

468 1995 586 2039 erat
616 2001 713 2056 per
745 2004 945 2047 nomen
970 1993 1188 2050 Domini
1213 2002 1428 2054 sanavit
1466 2003 1606 2072 (Act.
1641 2007 1755 2072 H.)

546 2078 631 2133 tt.
665 2078 867 2138 Paulus
890 2099 920 2139 a
946 2085 1164 2143 visione
1192 2090 1245 2145 in
1265 2091 1640 2154 Macedoniam
1677 2110 2045 2163 vocatus~est.

468 2170 609 2241 (.tct.
638 2172 752 2244 16.)

536 2266 624 2321 i5.
657 2266 861 2326 Paulus
902 2272 1189 2331 mulierem
1239 2294 1362 2350 quae
1393 2284 1647 2354 spiritum
1681 2287 1917 2346 habebat
1964 2292 2048 2349 di-

462 2357 761 2415 vinatorem
793 2360 1058 2435 Philippis
1083 2371 1421 2428 emundavit.
1446 2375 1639 2449 (Ibid.)

538 2451 629 2508 16.
658 2451 863 2511 Paulus
897 2468 951 2512 et
983 2456 1143 2530 Sylas
1193 2462 1248 2517 in
1297 2480 1574 2526 carcerem
1620 2475 1857 2544 conjeeti
1898 2486 2046 2547 sunt,

464 2540 740 2613 pedesque
774 2545 923 2617 ligno
954 2553 1284 2611 constrictos
1312 2556 1588 2616 habebant
1618 2540 1831 2621 :media
1863 2540 2045 2625 autem

466 2643 633 2691 nocte
680 2645 1024 2698 terminatus
1068 2644 1248 2703 factus
1272 2656 1409 2715 Wst,
1460 2668 1767 2727 eorumque
1826 2661 2045 2721 vincula

461 2727 731 2785 dissoluta
758 2742 906 2791 sunt.
939 2732 1127 2808 (Ibid.)

539 2821 630 2877 17.
676 2822 723 2876 Α
762 2840 996 2898 corpore
1023 2830 1180 2888 Pauli
1232 2835 1555 2893 deferebant
1610 2842 1830 2899 sudaria
1879 2863 2046 2919 super

464 2913 712 2973 inﬁrmos
785 2933 849 2974 ac
936 2922 1210 2983 daemonio
1269 2937 1515 3001 vexatos,
1582 2943 1636 2990 ct
1682 2938 2042 2996 curabantur.

460 3005 604 3075 (Act,
636 3007 751 3080 19.)

534 3101 629 3156 18.
687 3102 893 3163 Paulus
932 3107 1145 3167 Troade
1191 3110 1524 3187 Eutychum,
1575 3121 1670 3192 qui
1720 3136 1750 3177 a
1801 3122 2038 3182 fenestra

446 3190 740 3249 ceciderat
763 3205 819 3251 et
860 3207 1112 3258 mortuus
1144 3214 1284 3266 erat.
1306 3190 1605 3279 excitavit,
1626 3212 1819 3271 dicens
1851 3234 1864 3270 :
1902 3216 2039 3273 Ani-

459 3297 547 3336 ma
570 3284 690 3354 ejus
723 3287 779 3369 in
803 3287 923 3360 ipso
950 3302 1054 3349 est.
1090 3294 1231 3368 (Act.
1255 3298 1375 3387 20;)

534 3377 622 3432 19.
655 3379 791 3436 Cum
839 3384 1071 3441 Romam
1106 3405 1300 3448 versus
1329 3377 1610 3467 navigaret
1638 3401 1866 3469 Paulus,
1892 3412 2037 3462 tem-

461 3480 729 3540 pestatem
773 3480 922 3546 passi
971 3490 1102 3535 sunt
1148 3483 1265 3554 ipse
1302 3501 1605 3561 omnesque
1627 3495 1879 3563 quicum
1914 3499 2039 3571 ipso

460 3564 515 3619 in
536 3566 661 3620 navi
693 3578 870 3633 erant,
899 3575 1314 3640 quatuordeeim
1338 3580 1459 3638 dies
1489 3600 1596 3640 una
1614 3590 2000 3650 cumnoctibus
2024 3610 2040 3649 :

460 3663 719 3721 omnibus
801 3677 983 3723 autem
1053 3686 1176 3729 sese
1240 3676 1516 3744 perituros
1619 3683 2039 3757 arbitrantibus,

461 3760 651 3810 astans
702 3754 967 3816 Dominus
1024 3759 1216 3831 Paulo,
1264 3765 1403 3822 dixit
1448 3771 1497 3826 ei
1539 3772 1809 3846 :Propter
1849 3785 1902 3835 te
1953 3754 2041 3837 his

457 3845 622 3901 vitam
657 3852 921 3918 concedo,
944 3861 999 3908 et
1027 3858 1230 3912 servati
1268 3868 1423 3917 sunt.
1466 3862 1610 3936 (Act.
1637 3845 1755 3940 2³1.)

531 3939 624 3995 20.
673 3940 944 4014 Egressus
976 3961 1010 4003 e
1042 3950 1165 4004 navi
1204 3950 1435 4009 Paulum
1482 3958 1668 4028 vipera
1720 3966 2038 4035 momordit,

459 4038 516 4087 et
569 4046 764 4091 omnes
804 4037 1026 4107 quidem
1059 4042 1478 4102 arbitrabantur
1498 4049 1649 4107 illum
1679 4055 2039 4125 moriturum,

458 4134 652 4178 verum
703 4138 829 4180 cum
886 4126 1093 4186 illmsus
1152 4136 1571 4206 permansisset,
1644 4142 2040 4204 existimarunt

454 4213 637 4285 ipsum
663 4233 786 4275 esse
803 4218 991 4277 Deum.
1017 4223 1155 4292 (Act.
1178 4228 1298 4299 28.)

529 4309 622 4366 21.
652 4312 873 4370 Patrem
918 4314 1096 4372 Publii
1137 4318 1398 4378 ininsula
1433 4324 1745 4397 dysenteria
1788 4331 2039 4390 laboranc

458 4406 570 4456 tem
600 4400 809 4462 Paulus
859 4409 1117 4466 manibus
1146 4412 1419 4483 impositis
1449 4421 1689 4492 sanavit,
1720 4426 2037 4501 multosque

457 4504 788 4565 tegrotantes
812 4504 1046 4561 curavit.
1070 4501 1265 4578 (lbid.)

2169 545 2449 617 πεύθησαν
2476 550 2567 606 ὑπ’
2585 552 2774 611 αὑτοῦ.

2237 636 2302 703 ζ’.
2329 641 2543 707 Παῦλος
2573 645 2810 714 ὲγγίζων
2836 651 2900 721 τῇ
2958 653 3237 727 Δαμασκῷ
3278 654 3417 713 εἶδεν
3450 660 3737 735 ὀπτασίαν,

2166 732 2265 784 καὶ
2296 732 2460 797 εὐθὺς
2492 737 2717 804 γέγονεν
2747 740 3166 818 εὐαγγελιστής.

2235 822 2306 893 η’.
2333 825 2539 897 Πέτρος
2565 830 2623 884 ὲν
2658 829 2836 907 Λύδδῃ
2860 837 3079 893 Αίνείαν
3112 843 3203 897 τὸν
3235 847 3606 916 παραλυτικὸν
3641 851 3738 908 ἀπ’

2165 917 2304 971 ἐτῶν
2331 917 2421 984 λς’
2442 922 2501 974 ὲν
2530 925 2828 999 κραϐδάτῳ
2854 930 3212 1003 ἀνακείμενον
3243 938 3629 1013 ἐθεράπευσεν.

2235 1009 2302 1067 θ’.
2361 1014 2566 1087 Πέτρος
2629 1018 2688 1071 ἐν
2744 1018 2953 1095 Ἰώππῃ
3014 1026 3115 1096 τὴν
3165 1009 3544 1088 ἀποθανοῦσαν
3602 1038 3735 1107 Δορο

2162 1101 2302 1156 κάδα
2330 1105 2429 1177 τὴν
2475 1108 2569 1162 καὶ
2601 1109 2883 1184 Ταϐηθάν,
2932 1116 3233 1188 εὐξάμενος
3278 1123 3502 1197 ἤγειρεν
3553 1129 3618 1182 ἐκ
3654 1101 3737 1182 νέ-

2162 1192 2334 1262 κρῶν.
3652 1242 3655 1243 ν

2234 1291 2285 1341 ι’.
2321 1286 2527 1361 Πέτρος
2579 1292 2642 1346 τὸ
2668 1294 2727 1362 ἐξ
2762 1297 2997 1369 οὐρανοῦ
3030 1302 3223 1369 σκεῦος
3252 1307 3578 1381 καθιέμενον
3603 1312 3739 1383 πλῆ-

2160 1392 2255 1445 ρες
2290 1380 2491 1445 παντὸς
2514 1381 2651 1444 ζώου
2682 1385 2950 1457 ἑώρακεν.

2232 1469 2322 1526 ια’.
2358 1473 2568 1545 Πέτρος
2615 1479 2955 1551 τηρούμενος
2989 1486 3084 1540 καὶ
3115 1488 3402 1559 δεδεμένος
3454 1493 3513 1546 ὲν
3536 1498 3601 1565 τῇ
3631 1514 3738 1565 φυ-

2158 1561 2320 1635 λακῇ,
2354 1565 2457 1619 ὑπὸ
2487 1567 2719 1636 ἀγγέλου
2777 1573 3045 1645 ἀπελύθη,
3073 1580 3147 1649 μὴ
3179 1581 3400 1636 εἰδότων
3430 1584 3538 1638 τῶν
3567 1561 3739 1658 στρα-

2157 1655 2402 1709 τιωτῶν’
2445 1659 2540 1711 καὶ
2569 1660 2597 1713 6
2662 1661 2911 1735 Ἡρώδης
2965 1672 3431 1743 σκωληκόϐρωτος
3487 1655 3734 1749 ἐξέψυξε.

2230 1746 2315 1817 ιβ’.
2352 1748 2440 1802 Ἐν
2485 1750 2699 1825 Κύπρῳ
2744 1757 3077 1828 ἐπετίμησεν
3108 1764 3136 1815 6
3191 1764 3405 1830 Παῦλος
3444 1767 3522 1839 τῷ
3576 1746 3736 1842 μάγῳ

2082 1825 2128 1879 Β
2170 1838 2396 1913 Ἐλύμᾳ,
2423 1843 2517 1897 καὶ
2546 1846 2764 1915 ἐγένετο
2793 1825 2992 1920 τυφλὸς
3021 1855 3187 1919 αὐτὸς
3222 1859 3251 1911 ό
3287 1825 3481 1929 μάγος.

2230 1939 2319 2001 ιγ’.
2362 1935 2572 2001 Παῦλος
2635 1940 2694 1992 ὲν
2722 1942 2991 2015 Λύστροις
3019 1947 3193 2017 χωλὸν
3241 1952 3306 2004 ὲκ
3333 1955 3560 2024 γενετῆς
3605 1956 3737 2010 ὄντα

2158 2025 2530 2097 ἐθεράπευσεν
2559 2032 2617 2083 ἐν
2641 2032 2719 2105 τῷ
2746 2034 2972 2106 ὀνόματι
3007 2040 3099 2093 τοῦ
3132 2042 3362 2113 Κυρίου.

2235 2117 2315 2173 ιδ’.
2350 2120 2558 2186 Παῦλος
2587 2124 2695 2179 ἀπὸ
2719 2128 2983 2194 ὀπτασίας
3019 2134 3099 2196 εἰς
3126 2134 3467 2192 Μακεδονίαν
3505 2139 3731 2211 ἐκλήθη.

2230 2309 2311 2360 ιε’.
2354 2305 2564 2372 Παῦλος
2579 2312 2811 2379 γυναῖκα
2828 2312 3054 2383 ἔχουσαν
3078 2315 3296 2390 πνεῦμα
3330 2318 3584 2387 Πύθωνος
3601 2322 3735 2377 ἐκα-

2166 2394 2388 2466 θάρισεν
2421 2400 2478 2452 ἐν
2506 2401 2817 2469 Φιλίπποις.

2228 2486 2326 2552 ις’.
2363 2490 2576 2556 Παῦλος
2627 2495 2722 2548 κα).
2749 2497 2925 2566 Σύλας
2981 2504 3059 2567 εἰς
3092 2502 3342 2574 φυλακὴν
3397 2503 3731 2579 ἐκλήθησαν,

2155 2577 2248 2630 καὶ
2271 2579 2714 2654 ὴσφαλισμένους
2743 2582 2890 2659 εἶχον
2924 2594 3048 2656 τοὺς
3075 2594 3236 2658 πόδας
3262 2596 3319 2647 ὲν
3354 2594 3430 2664 τῷ
3460 2577 3623 2667 ξύλῳ.
3643 2597 3733 2652 Ἐν

2153 2667 2211 2722 δὲ
2243 2670 2321 2742 τῷ
2375 2678 2715 2750 μεσονυκτίῳ
2744 2685 2966 2755 σεισμὸς
3002 2686 3194 2756 γέγονε
3222 2689 3318 2742 καὶ
3359 2688 3525 2760 ἐλύθη
3548 2689 3731 2746 αὐτῶν

2153 2762 2221 2814 τὰ
2244 2760 2440 2835 δεσμά.

2226 2855 2311 2920 ιζ’.
2361 2857 2497 2913 Ἀπο
2540 2862 2636 2916 τοῦ
2666 2867 2876 2937 χρωτὸς
2928 2870 3141 2925 Παύλου
3179 2874 3444 2946 ἀνέφερον
3472 2876 3731 2946 σουδάρια

2153 2941 2249 2997 ἐπὶ
2279 2946 2406 3011 τοὺς
2433 2949 2794 3019 ἀσθενοῦντας
2824 2958 2919 3011 καὶ
2947 2941 3366 3031 δαιμονιῶντας,
3416 2961 3511 3017 κα).
3539 2941 3733 3033 ἐθερα-

2152 3035 2384 3092 πεύοντο

2225 3128 2316 3203 ιη’.
2352 3133 2566 3200 Παῦλος
2596 3139 2653 3193 ὲν
2701 3139 2915 3212 Τρῳάδι
2947 3143 3182 3198 πεσόντα
3225 3144 3464 3217 Εὔτυχον
3490 3145 3598 3200 ἀπὸ
3628 3145 3728 3217 τῆς

2146 3223 2382 3295 θυρίδος,
2443 3229 2539 3283 καὶ
2572 3232 2913 3288 ἀποθανόντα
2967 3236 3157 3309 ἤγειρε
3225 3237 3433 3307 λέγων’
3477 3239 3543 3292 Ἠ
3574 3237 3723 3310 ψυχὴ

2144 3317 2310 3371 αὐτοῦ
2341 3320 2402 3371 ὲν
2429 3320 2578 3393 αὐτῷ
2604 3325 2756 3378 ἐστιν

2215 3408 2301 3464 ιϐ’.
2340 3412 2429 3477 Ὠς
2446 3413 2708 3471 ἔπλευσεν
2730 3419 2823 3473 ἐπὶ
2849 3419 3069 3491 Ῥώμην
3091 3422 3119 3475 6
3140 3420 3375 3490 Παῦλος,
3404 3425 3731 3495 ἐχειμάσθη·-

2145 3518 2245 3556 σαν
2273 3504 2438 3569 αὐτὸς
2461 3508 2559 3560 καὶ
2578 3510 2627 3562 οἱ
2667 3511 2785 3581 μετ’
2834 3513 3001 3567 αὑτοῦ
3027 3516 3229 3579 πάντες
3265 3518 3313 3570 οἱ
3340 3519 3398 3570 ὲν
3420 3516 3499 3587 τῷ
3535 3518 3727 3590 πλοίῳ,

2142 3592 2460 3665 νυχθήμερα
2514 3597 2890 3674 δεκατέσσαρα
2911 3620 2927 3635 ·
2959 3604 3177 3658 πάντων
3208 3605 3265 3659 δὲ
3306 3607 3728 3678 προσδοκώντων

2144 3684 2461 3751 ἀποθανεῖν,
2486 3690 2717 3757 ἐπιστὰς
2746 3696 2773 3747 6
2798 3694 3004 3766 Κύριος
3034 3694 3187 3751 εἶπεν
3210 3699 3359 3771 αύτῷ
3386 3699 3466 3770 τῷ
3500 3700 3725 3772 Παύλῳ,

2142 3777 2247 3845 δτι,
2280 3777 2381 3832 Διά
2411 3781 2470 3834 σὲ
2502 3784 2837 3859 κεχάρισμαι
2864 3788 3073 3853 τούτοις
3107 3788 3170 3844 τδ
3200 3790 3322 3862 ζῇν,
3359 3792 3455 3847 καὶ
3516 3790 3728 3863 ἐσώθη-

2145 3886 2264 3925 σαν.

2214 3969 2284 4018 κ’.
2337 3965 2656 4033 Ἐξελθόντα
2701 3970 2795 4025 τὸν
2849 3971 3062 4029 Παῦλον
3102 3974 3212 4029 ἀπὸ
3249 3974 3344 4030 τοῦ
3388 3976 3577 4031 πλοίου
3608 3975 3726 4046 ἔχις

2142 4053 2355 4113 ἔδακεν.
2394 4060 2509 4114 Καὶ
2537 4063 2586 4115 οἱ
2613 4062 2712 4133 μὲν
2738 4064 2945 4130 πάντες
2992 4067 3244 4138 ἐνόμιζον
3274 4068 3439 4123 αὑτὸν
3473 4069 3725 4139 γίνεσθαι

2140 4147 2356 4221 νεκρόν·
2391 4150 2468 4215 ὡς
2497 4151 2554 4206 δὲ
2581 4155 2799 4221 ἀπαθὴς
2829 4156 3064 4229 ἔμεινεν,
3089 4160 3349 4231 ἐνόμισαν
3385 4162 3545 4215 αὐτὸν
3582 4155 3725 4217 εἶναι

2141 4239 2295 4301 Θεόν.

2216 4345 2323 4394 καθ.
2360 4341 2467 4394 Τδν
2493 4340 2706 4412 πατέρα
2735 4341 2829 4395 τοῦ
2862 4342 3100 4397 Ποπλίου
3126 4345 3185 4399 ἐν
3213 4346 3281 4416 τῇ
3308 4346 3478 4417 νήσῳ,
3529 4346 3723 4400 δυσεν-

2141 4430 2302 4504 τερίᾳ
2330 4435 2714 4504 συνεχόμενον,
2765 4434 3152 4507 χειροθετήσας
3187 4438 3378 4494 ἰάσατο
3425 4439 3454 4489 6
3484 4438 3721 4509 Παῦλος,

2067 4552 2114 4609 ι)
2143 4523 2235 4579 καὶ
2264 4525 2456 4591 ἄλλους
2492 4526 2724 4592 πολλοὺς
2750 4527 3112 4596 ἀσθενοῦντας
3144 4532 3538 4603 ἐθεράπευσεν.
3620 4534 3625 4540 ’
