4058 6538
1628 367 2221 432 PROLEGOMENA.
3464 366 3535 434 30

1510 660 1628 718 ΚΑΙ
1680 661 1924 731 ΑΛΛΩΣ,
1957 662 2301 720 γηοθνΕΣιε

954 836 1182 924 ΤΩΝ
1255 825 1782 925 ΠΡΑΞΕΩΝ
1847 834 2076 922 ΤΩΝ
2149 830 2836 922 ΑΠΟΣΤΟΛΩΝ

1432 1171 1653 1233 ΙΤΕΜ
1713 1170 1818 1233 ΕΤ
1873 1170 2083 1234 ALIO
2146 1167 2422 1233 MODO.

704 1339 1544 1433 ABGUMENTUM
1596 1339 1722 1428 IN
1797 1338 2088 1430 ACTA
2178 1332 3118 1431 APOSTOLORUM.

351 1690 417 1743 Εί
440 1688 536 1743 καὶ
566 1687 803 1759 Πράξεις
834 1688 896 1742 τδ
920 1686 1124 1757 βιϐλίον
1150 1687 1562 1760 ἐπιγέγραπται
1594 1688 1705 1742 τῶν
1726 1689 1859 1743 ἀποο

2035 1690 2358 1761 Quanquam
2384 1688 2525 1745 liber
2552 1687 2853 1760 inscriptus
2878 1688 2951 1744 sit
2977 1688 3113 1743 Acta
3132 1689 3539 1760 apostolorum,

282 1782 512 1843 στόλων.
553 1782 672 1836 ἀλλ’
696 1782 772 1845 ὡς
809 1782 901 1835 ἐπὶ
931 1784 994 1836 τδ
1047 1780 1181 1836 πολὺ
1213 1780 1313 1846 τὰς
1343 1780 1437 1836 τοῦ
1473 1780 1688 1836 Παύλου
1711 1800 1868 1855 περι·

278 1878 417 1944 ἐχει,
448 1874 516 1939 ἃς
549 1874 644 1928 καὶ
672 1876 700 1928 6
758 1875 969 1939 Λουκᾶς
1004 1874 1248 1946 ἀκριϐῶς
1300 1875 1602 1943 ἐγίνωσκε,
1643 1874 1741 1929 ἀτε
1773 1875 1868 1930 καὶ

286 1968 632 2038 συνέκδημος
658 1967 805 2037 αὖτῷ
836 1965 1077 2036 γεγονὼς
1115 1969 1210 2021 καὶ
1232 1967 1562 2038 ὁμοδίαιτος,
1596 1967 1691 2022 καὶ
1738 1966 1869 2021 πολ-

280 2062 399 2124 λοῖς
423 2060 577 2131 αὺτῷ
601 2063 714 2125 τοῖς
749 2059 1070 2129 ἀναγκαίοις
1121 2061 1638 2132 ύπηρετησάμενος.
1676 2060 1868 2130 Ἀναγ-

283 2153 459 2218 καίως
490 2154 549 2207 δὲ
604 2154 712 2207 ἀπὸ
742 2154 852 2209 τῶν
885 2154 1062 2210 ἄλλων
1092 2155 1411 2209 ἀποστόλων
1464 2154 1672 2227 ἦρξατο
1722 2155 1865 2226 πρά-

285 2249 445 2315 ξεων.
472 2248 606 2301 Οὐδὲ
632 2246 741 2317 γὰρ
763 2242 831 2318 ἦν
861 2246 1040 2310 ἄλλως
1062 2246 1160 2318 τὴν
1187 2248 1328 2301 κατά
1350 2247 1440 2300 τὸν
1473 2247 1687 2302 Παῦλον
1702 2247 1868 2303 Ἰστο-

288 2339 408 2410 ρίαν
436 2337 768 2408 ἀκριϐῶσαι,
823 2338 897 2410 μὴ
943 2339 1041 2410 τῆς
1074 2339 1183 2393 τῶν
1237 2338 1553 2392 ἀποστόλων
1586 2338 1870 2410 προτεθει-

289 2429 484 2499 μένης.
506 2427 618 2480 Ποῦ
638 2428 748 2499 γὰρ
767 2430 828 2482 τὸ
851 2429 959 2501 πρὸ
988 2429 1085 2483 τοῦ
1112 2428 1434 2501 προσελθεῖν
1450 2426 1527 2500 τῷ
1549 2430 1867 2501 κηρύγματι

287 2520 501 2575 Παῦλον
528 2521 682 2589 ὠμὸν
715 2521 879 2575 αὑτοῦ
914 2523 1007 2576 καὶ
1058 2521 1324 2593 θηριῶδες
1364 2518 1501 2593 πρὸς
1531 2522 1655 2585 τοὺς
1690 2520 1868 2595 μαθη-

287 2615 389 2678 τὰς
432 2613 697 2684 διεφάνη;
735 2615 896 2686 καὶή
938 2614 1076 2685 πρὸς
1132 2614 1224 2668 τὸν
1256 2614 1476 2685 ἀνεψιὸν
1519 2614 1686 2670 αὐτοῦ
1736 2615 1868 2670 Στέ-

288 2723 460 2771 φανον
490 2705 585 2758 ἐπὶ
637 2707 704 2776 τῇ
738 2704 1019 2777 ἀναιρέσει
1055 2703 1246 2761 τούτου
1307 2702 1666 2778 συνευδοκίςμ
1703 2708 1801 2761 καὶ
1830 2708 1864 2778 ή

288 2796 697 2868 ἀπροσδόκητος
755 2796 920 2851 αὐτοῦ
973 2796 1167 2869 κλῆσις
1233 2798 1327 2851 καὶ
1376 2796 1683 2871 ἐπιστροφὴ
1729 2798 1867 2870 πρὸς

288 2892 414 2955 τοὺς
439 2889 804 2961 διωκομένους
826 2891 999 2957 τέως;
1043 2891 1137 2944 καὶ
1166 2892 1194 2944 6
1224 2891 1366 2964 ὑπὲρ
1385 2891 1496 2946 τῶν
1524 2891 1869 2962 διωκομένων

290 2980 565 3047 κίνδυνο;;
614 2980 651 3035 ἂ
696 2980 791 3034 καὶ
821 2979 1079 3046 ὕπέκνιζε
1115 2980 1202 3036 διὰ
1234 2980 1351 3052 βίου
1398 2983 1528 3046 τοὺς
1554 2981 1866 3047 Ἰουδαίους,

289 3072 385 3126 καὶ
410 3072 692 3143 μανιωδῶς
723 3068 921 3145 λυττᾷν
948 3071 1096 3144 αύτῴ
1128 3074 1564 3145 κατηνάγκαζεν.
1593 3072 1705 3128 Οὐκ
1725 3070 1791 3129 ἄν
1814 3091 1866 3128 τι

289 3164 498 3217 τούτων
538 3165 668 3235 ἡμῖν
695 3163 954 3233 ἔγνωστο,
998 3165 1074 3237 μὴ
1104 3165 1202 3236 τῆς
1245 3164 1355 3219 τῶν
1386 3164 1699 3220 ἀποστόλων
1738 3184 1871 3236 προ-

288 3253 566 3327 λαϐούσης
613 3253 897 3328 Ἱστορίας.
943 3255 1154 3319 Ἀλλως
1217 3272 1277 3309 τε
1329 3254 1422 3310 καὶ
1470 3258 1519 3309 εί
1572 3255 1669 3311 ἀπ’
1700 3255 1867 3311 αὐτοῦ

292 3348 497 3418 ἤρξατο
530 3346 768 3413 Παύλου,
825 3348 1044 3413 πάντως
1103 3351 1316 3420 ἀνάγκη
1352 3349 1660 3419 χρήσασθαι
1723 3367 1870 3419 παρ-

297 3438 551 3504 εκϐάσει,
572 3439 707 3510 πρὸς
732 3439 794 3493 τδ
810 3438 1017 3505 διδάξαι
1034 3438 1102 3493 τὰ
1138 3437 1225 3492 ἐπ’
1246 3441 1395 3511 αὐτῷ
1426 3441 1727 3511 συμϐάντα.
1760 3442 1870 3496 Καὶ

290 3530 469 3595 οὕτως
500 3532 531 3584 6
568 3534 670 3600 τῆς
727 3532 1031 3604 διηγήσεως
1066 3531 1397 3587 ἀνεκόπτετο
1426 3533 1605 3603 λόγος,
1656 3534 1869 3598 πολλοῖς

292 3619 803 3692 ἑπιφορτιζόμενος.
835 3614 935 3681 Ὧν
989 3623 1168 3689 ὲκτδς,
1217 3623 1370 3677 οὐδὲν
1414 3619 1482 3696 ἦν
1543 3625 1710 3694 σαφὲς
1741 3626 1870 3696 περὶ

291 3709 510 3764 Παύλου
540 3710 852 3782 λεγόμενον.
875 3711 973 3766 Ἵν⁹
996 3708 1089 3767 οὖν
1115 3714 1447 3767 εὐσύνοπτον
1478 3714 1573 3767 καὶ
1589 3715 1680 3768 ἀνε
1691 3715 1869 3787 παχϐῆ

289 3804 387 3856 τὸν
418 3804 550 3873 περὶ
576 3804 742 3858 αὑτοῦ
763 3806 1057 3878 ποιήσηται
1086 3805 1266 3874 λόγον,
1293 3806 1497 3878 ἤρξατο
1526 3808 1624 3876 μὲν
1652 3806 1759 3861 ἀπὸ
1777 3808 1869 3862 τοῦ

294 3895 479 3949 κοινοῦ
499 3894 595 3949 τοῦ
623 3912 690 3949 πε
699 3896 755 3967 ρὶ
792 3895 901 3951 τῶν
939 3898 1255 3952 ἀποστόλων
1278 3898 1460 3968 λόγου.
1486 3898 1641 3951 Ἐπεὶ
1660 3898 1714 3952 δὲ
1737 3915 1873 3967 προ-

296 3988 441 4059 ήχθη
468 3991 549 4051 είς
577 3988 672 4044 τδν
706 3990 837 4062 περ)⁸
864 3990 959 4045 τοῦ
988 3990 1228 4058 Παύλου,
1257 3993 1449 4062 γέγονε
1496 3992 1557 4046 τὸ
1587 3994 1694 4047 ἀπὸ
1718 3993 1872 4048 τοῦδε

294 4083 491 4138 ἑαυτοῦ
522 4086 551 4137 6
574 4084 791 4149 Λουκᾶς
825 4084 1053 4151 σκοποῦ,
1106 4084 1201 4138 καὶ
1242 4085 1333 4139 τὸν
1370 4086 1498 4158 περὶ
1556 4090 1664 4138 τῶν
1697 4084 1873 4139 ἄλλων

293 4177 457 4246 (ipsi;
482 4177 665 4246 λόγον,
687 4177 869 4249 ἔχεται
891 4177 1053 4248 μόνου
1088 4178 1184 4232 τοῦ
1208 4178 1266 4246 ἐξ
1299 4179 1495 4252 ἀρχῆς.
1522 4179 1635 4232 Ούκ
1667 4178 1872 4251 ἔγραψε

295 4268 353 4322 δὲ
383 4270 480 4322 καὶ
508 4269 568 4323 τδ
598 4270 750 4335 τέλος
775 4270 1012 4339 Παύλου,
1067 4273 1161 4326 καὶ
1192 4273 1291 4343 τὴν
1317 4273 1381 4326 ἐκ
1408 4274 1664 4345 δευτέρου
1702 4276 1872 4330 αὑτοῦ

1897 3039 1946 3100 Β

1968 1778 2317 1853 potissimum
2365 1789 2547 1836 tamen
2582 1774 2741 1834 Pauli
2801 1779 3050 1836 actiones
3112 1781 3543 1852 complectitur:

1969 1876 2288 1946 quasetiam
2323 1872 2504 1930 Lucas
2536 1879 2727 1929 exacte
2750 1881 2998 1937 noverat,
3034 1880 3226 1944 utpote
3257 1875 3352 1944 qui
3382 1875 3547 1930 simul

1974 1982 2100 2022 cum
2127 1981 2194 2021 eo
2220 1965 2603 2037 peregrinatus
2632 1964 2832 2031 fuerat,
2858 1980 3075 2035 unaque
3106 1965 3452 2032 convixerat,
3491 1979 3548 2023 et

1969 2060 2025 2115 in
2051 2058 2242 2116 multis
2260 2058 2688 2115 necessitatibus
2710 2058 2761 2114 ei
2787 2058 3327 2115 subministraverat.
3343 2058 3546 2116 Neces-

1975 2152 2185 2207 sarium
2222 2160 2404 2206 autem
2438 2148 2542 2203 fuit
2568 2157 2629 2203 ut
2665 2149 2733 2205 ab
2758 2150 2995 2205 aliorum
3028 2150 3407 2220 apostolorum
3436 2151 3547 2207 Ac-

1972 2242 2219 2299 tionibus
2264 2241 2552 2312 inciperet.
2592 2238 2780 2313 Neque
2811 2241 2956 2296 enim
3003 2241 3162 2298 aliter
3190 2253 3378 2313 posset
3417 2245 3545 2300 dili-

1970 2343 2168 2407 genter
2213 2332 2369 2389 Pauli
2427 2333 2728 2389 Historiam
2777 2335 3061 2405 prosequi,
3105 2335 3211 2391 nisi
3262 2338 3546 2408 praemissa

1970 2426 2347 2496 apostolorum
2399 2424 2663 2482 Historia.
2720 2425 3007 2492 Quomodo
3059 2428 3204 2483 enim
3256 2428 3545 2486 manifesta

1970 2520 2124 2575 fieret
2149 2517 2301 2574 Pauli
2325 2517 2626 2574 crudelitas
2656 2524 2711 2574 et
2741 2517 2933 2575 feritas
2962 2519 3281 2592 priusquam
3307 2521 3375 2578 ad
3406 2536 3547 2593 prte-

1970 2612 2307 2667 dicationcm
2364 2610 2693 2668 accederet?
2737 2621 2833 2667 aut
2870 2627 3180 2670 consensus
3232 2614 3287 2669 in
3341 2615 3546 2670 caedem

1969 2700 2189 2769 cognati
2219 2699 2325 2755 sibi
2358 2698 2668 2771 Stephani?
2703 2706 2757 2755 et
2787 2700 3072 2772 inopinata
3128 2704 3277 2759 illius
3307 2705 3546 2771 vocatio,

1972 2805 2036 2845 ac
2066 2790 2358 2848 conversio
2395 2790 2464 2847 ad
2493 2792 2640 2857 illos,
2670 2807 2811 2863 quos
2844 2791 2915 2848 ad
2961 2792 3017 2850 id
3072 2810 3250 2864 usque
3284 2796 3547 2866 temporis

1971 2881 2145 2936 fuerat
2173 2879 2541 2952 persecutus?
2591 2889 2646 2938 et
2687 2894 2945 2953 perpessa
2978 2894 3079 2953 pro
3110 2883 3180 2938 iis
3204 2883 3365 2939 rebus
3412 2886 3551 2955 peri-

1972 2973 2096 3028 cula
2125 2988 2266 3044 quas
2297 2974 2455 3045 prius
2505 2974 2970 3048 persequebatur,
2994 2983 3049 3031 et
3077 2975 3284 3048 quibus
3316 2991 3552 3048 sequen-

1974 3065 2045 3123 tis
2077 3066 2201 3121 vitae
2229 3074 2478 3137 tempore
2494 3065 2714 3123 Iudaeos
2769 3068 3124 3138 provocabat,
3154 3078 3208 3125 et
3242 3071 3307 3123 ad
3340 3071 3549 3124 rabiem

1973 3173 2148 3226 usque
2172 3157 2417 3214 insanire
2440 3158 2708 3229 cogebat?
2732 3156 3085 3229 Nequaquam
3109 3175 3172 3215 ex
3195 3160 3280 3215 bis
3302 3161 3554 3231 cognitus

1972 3252 2131 3307 nobis
2180 3260 2327 3308 esset
2376 3251 2604 3314 Paulus,
2636 3251 2748 3309 nisi
2802 3254 3138 3323 praecederet
3170 3256 3549 3324 apostolorum

1972 3342 2236 3399 Historia.
2258 3345 2531 3399 Praeterea
2548 3354 2767 3413 quoque
2788 3342 2837 3399 si
2854 3341 2923 3398 ab
2940 3343 3058 3414 ipso
3083 3344 3341 3413 coepisset
3360 3341 3554 3408 Paulo,

1972 3437 2198 3493 omnino
2221 3435 2566 3508 digressione
2595 3432 2672 3490 uti
2692 3448 2918 3491 necesse
2935 3442 3102 3500 esset,
3135 3435 3201 3490 ad
3249 3436 3553 3490 docendum

1972 3546 2033 3585 ea
2056 3545 2178 3602 quae
2203 3528 2351 3585 circa
2376 3528 2557 3599 ipsum
2589 3528 2936 3600 contigerant
2965 3543 2977 3578 :
3010 3535 3064 3584 et
3095 3529 3170 3583 ita
3204 3529 3556 3583 narrationis

1972 3619 2520 3692 tenorimpediretur,
2540 3634 2734 3691 nempe
2753 3619 2918 3675 multa
2945 3618 3277 3676 iucludendo
3295 3618 3416 3676 siue
3431 3621 3560 3690 qui-

1973 3715 2078 3771 lius
2111 3714 2245 3769 nihil
2266 3713 2411 3784 quod
2442 3713 2510 3769 de
2531 3711 2704 3768 Paulo
2731 3713 3029 3774 diceretur.
3056 3722 3242 3785 posset
3279 3728 3403 3770 esse
3443 3726 3558 3767 ma-

1972 3807 2258 3863 nifestum.
2292 3802 2365 3862 Ut
2393 3806 2563 3876 igitur
2587 3802 2750 3862 facile
2783 3805 3188 3877 iutelligibilem
3215 3821 3281 3861 ac
3300 3805 3554 3863 molestia

1975 3911 2256 3957 carentem
2286 3896 2456 3955 faciat
2481 3897 2562 3954 “de
2590 3894 2765 3953 Paulo
2793 3899 3325 3970 sermonem,cmpit
3348 3914 3375 3952 a
3407 3910 3571 3954 οοιιι-⁷

1974 3992 2126 4050 muni
2176 3991 2244 4046 de
2282 3989 2548 4061 apostolis
2586 4004 2866 4046 sermone.
2905 3984 3204 4060 Postquam
3250 3996 3433 4045 autem
3487 3989 3553 4045 ad

1972 4102 2095 4144 cum
2121 4086 2213 4158 qui
2251 4085 2321 4141 de
2368 4082 2542 4140 Paulo
2569 4092 2690 4139 erat
2728 4082 3032 4153 perductus
3075 4089 3180 4148 est,
3205 4082 3314 4152 iam
3351 4098 3415 4138 ex
3438 4083 3558 4137 ‘hoc

1974 4182 2040 4237 ad
2067 4181 2340 4236 intentum
2380 4177 2487 4235 sibi
2516 4190 2745 4247 scopum
2772 4173 2953 4230 Lucas
2977 4174 3227 4245 pervenit
3251 4182 3326 4240 et,
3362 4174 3556 4228 relicto

1966 4275 2043 4330 de
2079 4271 2294 4328 caneris
2333 4283 2608 4335 sermone,
2639 4268 2741 4324 soli
2771 4267 2849 4322 illi
2884 4268 3051 4322 lueret
3081 4279 3242 4336 quem
3285 4261 3354 4317 ab
3397 4263 3557 4320 initio

296 4362 434 4430 πρὸς
462 4362 689 4432 Νέρωνα
709 4365 1040 4436 ἀπαγωγὴν,
1071 4363 1248 4418 καίτοι
1273 4365 1440 4436 συνῆν
1469 4369 1563 4420 καὶ
1587 4368 1705 4421 τότε
1726 4369 1871 4424 Παύ-

1981 4368 2313 4426 intenderat.
2353 4364 2476 4422 Non
2522 4372 2704 4421 autem
2738 4362 2965 4433 scripsit
3014 4361 3099 4416 vel
3135 4358 3288 4415 Pauli
3321 4369 3553 4414 mortem

296 4453 395 4524 λῳ,
446 4454 612 4509 αὑτοῦ
645 4457 951 4527 γράφοντος
1006 4457 1245 4523 Παύλου,
1276 4459 1379 4525 ὅτι,
1427 4477 1446 4512 ι
1481 4461 1696 4524 Λουκᾶς
1752 4462 1871 4517 ἐστι

1983 4462 2068 4519 vel
2101 4459 2399 4518 secundam
2426 4457 2601 4529 ipsius
2622 4455 2767 4527 apud
2794 4453 3066 4510 Neronem
3100 4452 3510 4509 accusationem
3535 4467 3552 4507 :

302 4548 464 4615 μόνος
495 4547 614 4618 μετ’
642 4547 828 4613 αὐτοῦ,
851 4569 870 4601 ι
904 4546 937 4621 ἢ
964 4549 1120 4604 ὅτιού
1134 4549 1423 4622 προῦκειτο
1437 4552 1584 4623 αύτῷ
1608 4552 1874 4625 Ἱστορίαν

298 4636 366 4688 δι’
401 4635 526 4690 ὅλου
553 4638 756 4705 πονεῖν,
789 4638 906 4693 ἀλλ’
927 4640 1051 4695 ὅσον
1075 4641 1237 4710 μόνον
1253 4641 1588 4707 ἐνδείξασθαι
1613 4643 1712 4716 τὴν
1740 4645 1877 4716 πρὸς

299 4726 391 4780 τὸν
420 4728 658 4799 Χριστὸν
677 4729 845 4784 αὐτοῦ
870 4733 1261 4806 προσαγωγὴν,
1281 4735 1375 4789 καλ⁵
1399 4737 1496 4790 ὅσα
1520 4739 1874 4810 κατήπειγεν.

301 4819 372 4872 Ἦ
410 4821 514 4873 ούκ
538 4819 665 4892 ἔσχε
710 4822 905 4895 καιρὸν
935 4823 1072 4893 πρὸς
1102 4825 1164 4880 τὸ
1198 4828 1372 4901 πέρας
1403 4829 1669 4885 ἐπιθεῖναι
1714 4833 1781 4904 τῇ
1816 4832 1877 4898 ἐξ

299 4912 479 4985 ἀρχῆς
529 4913 816 4984 προθέσει.
864 4915 1041 4981 Πολὺς
1065 4917 1175 4990 γὰρ
1211 4920 1240 4973 6
1284 4921 1435 4991 παρὰ
1489 4921 1595 4974 τῶν
1621 4923 1869 4980 διωκτῶν

300 5006 652 5076 ἐπικείμενος
700 5009 813 5072 τοῖς
867 5008 963 5063 τοῦ
992 5011 1200 5083 Κυρίου
1235 5013 1355 5066 κατ’
1388 5014 1563 5085 ἀρχὰς
1615 5017 1875 5089 τάραχος.

300 5099 364 5153 Εί
399 5101 494 5153 καὶ
520 5100 630 5155 τῶν
662 5100 978 5157 ἀποστόλων
1024 5101 1080 5157 δὲ
1109 5100 1229 5158 κατ’
1272 5106 1448 5176 ἀρχὰς
1479 5108 1878 5178 ἐπαγγέλλεται

297 5193 359 5246 τὸ
377 5192 553 5265 παρὸν
576 5192 782 5263 βιϐλίον
800 5194 1085 5267 ἱστορῆσαι
1102 5196 1200 5261 τὰς
1221 5194 1475 5269 Πράξεις,
1490 5200 1564 5264 ὡς
1585 5200 1696 5254 ἀνω
1714 5202 1882 5272 ἐμνή-

303 5286 542 5357 σθημεν,
592 5286 731 5343 ἀλλά
798 5287 893 5343 τοῦ
962 5289 1119 5359 ἁγίου
1162 5291 1503 5365 Πνεύματος,
1544 5295 1880 5367 σαφέστερον

302 5378 469 5448 ἐρεῖν,
495 5381 553 5433 ὲν
580 5379 757 5451 τούτῳ
777 5382 1147 5454 περιέχονται.
1174 5383 1325 5456 Ἀμα
1348 5384 1456 5458 γὰρ
1478 5385 1556 5458 τῷ
1578 5387 1881 5457 ἐνδημῆσαι

300 5472 413 5533 τοῖς
434 5470 780 5537 ἀποστόλοις,
804 5477 905 5530 ὅσα
930 5475 997 5530 δι’
1019 5476 1199 5530 αὐτῶν
1222 5477 1500 5548 παράδοξα
1530 5478 1881 5550 ἐπετελέσθη,

301 5560 388 5615 διὰ
418 5560 516 5615 τοῦ
547 5561 755 5633 βιϐλίου
810 5566 1001 5621 τούτου
1027 5566 1392 5636 γινώσκομεν,
1431 5569 1524 5622 τοῦ
1565 5570 1882 5639 Πνεύματος

301 5651 505 5724 δηλαδὴ
526 5654 596 5708 δι’
648 5656 830 5710 αὐτῶν
880 5658 1053 5714 ταῦτα
1083 5659 1384 5725 ποιοῦντος.
1431 5661 1591 5716 Ἀλλὰ
1646 5662 1740 5717 καλ.
1770 5662 1881 5717 τῶν

375 5810 398 5844 ⁸
429 5810 472 5867 Π
491 5812 638 5872 Tim.
662 5831 739 5884 tv,
764 5814 850 5872 Η.

1987 4555 2143 4627 atqui
2177 4554 2341 4611 etiam
2371 4559 2504 4607 tunc
2533 4564 2659 4615 cum
2683 4547 2852 4603 Paulo
2875 4553 3014 4611 erat,
3045 4558 3168 4600 cum
3208 4538 3411 4599 Paulus
3438 4542 3559 4611 ipse

1985 4646 2249 4704 scriberet
2289 4660 2309 4695 ι
2345 4642 2524 4699 solum
2555 4639 2763 4695 Lucam
2794 4652 2919 4693 cum
2949 4650 3015 4692 eo
3036 4650 3159 4692 esse
3186 4634 3243 4701 ⁶;
3278 4653 3295 4685 ι
3321 4634 3402 4688 vel
3430 4633 3558 4704 quia

1988 4740 2270 4796 decretum
2314 4735 2417 4807 ipsi
2454 4748 2563 4789 non
2587 4740 2707 4789 erat
2751 4729 3052 4787 Historiam
3098 4726 3167 4781 ad
3197 4725 3359 4780 ﬁnem
3389 4723 3561 4778 dedu-

1985 4847 2131 4899 cere,
2162 4829 2257 4888 scd
2286 4829 2463 4885 solum
2523 4823 2816 4883 ostendere
2849 4834 3134 4877 accessum
3160 4819 3281 4890 ejus
3304 4818 3369 4872 ad
3401 4816 3561 4873 Chri-

1980 4934 2149 4987 stum,
2199 4930 2255 4978 et
2278 4928 2543 4991 quantum
2573 4919 2817 4973 laborum
2851 4914 3188 4985 susceperit,
3217 4910 3301 4966 vel
3340 4919 3575 4979 tempus:

1986 5032 2098 5072 non
2123 5024 2208 5071 est
2242 5013 2428 5068 datum
2454 5020 2512 5065 ut
2534 5010 2694 5065 finem
2728 5009 3033 5078 imponeret
3059 5010 3385 5077 argumento
3408 5001 3567 5070 quod.

1987 5110 2056 5163 ab
2111 5107 2269 5161 initio
2326 5108 2680 5173 conceperat.
2734 5099 2902 5157 Multa
2938 5112 3175 5171 namque
3226 5097 3468 5152 turbatio
3501 5105 3577 5159 et.

1980 5200 2208 5258 afﬂictio
2232 5206 2350 5253 erat
2377 5208 2497 5265 quae
2524 5196 2665 5250 inter
2706 5194 2979 5266 principia
3013 5189 3299 5262 discipulis
3344 5188 3569 5244 Domini:

1985 5310 2013 5348 a
2045 5287 2492 5362 persecuturibus
2514 5285 2854 5339 imminebat.
2884 5283 3210 5352 Quanquam
3242 5288 3424 5334 autem
3448 5277 3558 5331 cir-

1985 5401 2046 5440 ca
2083 5379 2381 5454 primordia
2405 5377 2678 5449 prmuittit
2712 5390 2953 5447 prazscus
3018 5376 3156 5429 liber
3184 5371 3573 5427 narrationem.

1980 5477 2274 5531 Actiouum
2304 5469 2757 5544 apostolicarum.
2788 5466 2957 5523 veluti
2982 5482 3147 5539 supra
3178 5464 3565 5524 meminimus;

1983 5577 2041 5623 ut
2092 5577 2276 5622 tamen
2350 5560 2704 5619 manifestius
2767 5561 3002 5625 dicatur,
3055 5555 3234 5613 sancti
3304 5552 3564 5624 Spiritus;

1980 5663 2115 5717 Acta
2147 5659 2201 5714 iu
2241 5666 2345 5713 uoe
2387 5652 2760 5711 continentur.
2807 5649 2945 5707 Nam
2989 5648 3152 5704 simul
3190 5652 3250 5700 ut
3283 5636 3568 5714 apostolis
