4058 6558
563 328 631 396 31
1565 329 2035 391 (ECUMENIUS
2079 327 2373 388 TRICC/E
2409 329 2844 395 EPISCOPUS.
3082 330 3091 337 ’
3765 335 3831 398 39

565 437 767 502 adfuit,
802 454 1150 511 quacunque
1200 438 1523 494 admiranda
1552 455 1650 511 per
1692 456 1789 497 eos
1834 451 1951 497 acta
1990 447 2143 505 sunt,

2225 439 2494 510 ,Χριστοῦ
2533 444 2915 516 προρρήσεων,
2946 442 3034 497 διὰ
3057 441 3149 496 τοῦ
3186 442 3394 514 βιϐλίου
3435 442 3624 499 τούτου
3665 462 3827 515 φανε-

564 548 665 605 per
715 532 865 588 hunc
925 531 1126 587 librum
1179 532 1589 603 cognoscimus,
1643 532 1850 603 Spiritu
1890 534 2143 592 videlicet

2260 531 2449 605 Ρθδται
2467 535 2502 606 ἦ
2520 535 2773 601 διέξοδος·
2801 536 2875 590 Τὸ
2900 536 3028 606 γὰρ,
3061 555 3078 588 t
3111 537 3349 601 Μείζονα
3375 536 3580 590 τούτων
3610 550 3827 608 ποιησε-

564 626 681 681 ltaac
711 641 809 697 per
835 640 933 681 eos
962 634 1249 697 cperantc.
1280 623 1388 680 Sed
1430 631 1484 679 et
1512 625 1898 682 vaticiniorum
1937 628 2143 685 Christi

2250 644 2333 692 τε,
2361 645 2379 680 ι
2405 628 2495 682 διά
2511 630 2610 700 τῆς
2635 631 2792 693 σκιάς
2813 630 2922 681 τῶν
2945 629 3257 683 ἀποστόλων
3284 629 3827 700 θαυματουργούσης,

563 721 834 775 decursus
859 734 956 789 per
986 719 1132 772 hunc
1173 717 1371 773 librum
1414 716 1822 774 manifestatur.
1859 721 2141 789 Siquidem

2269 722 2350 777 ιαὶ
2381 722 2492 777 τῶν
2520 721 2868 792 σιμικινθὶων
2901 722 2997 776 καὶ
3041 721 3135 775 τοῦ
3189 722 3420 794 χρωτὸς,
3451 724 3519 775 τὰ
3549 723 3826 791 παράδοξα
3868 781 3871 784 ς

563 813 771 868 dictutn
819 812 953 867 illud
999 827 1014 865 :
1053 830 1072 863 ι
1123 809 1218 866 His
1246 811 1453 882 majora
1506 811 1723 870 facietis
1749 815 1769 847 "
1807 833 1824 865 ι
1889 831 1981 887 ρει
2018 834 2142 872 um-

2250 819 2639 890 ἐνεργούντων,
2689 817 2960 886 ἀπείληφε
3022 817 3218 885 “"594;-
3275 816 3437 868 Ὥττε
3487 817 3667 879 καλῶς
3693 816 3825 885 ἔχετ’

564 904 719 959 bram
782 903 1158 974 apostolorum
1207 918 1329 975 qum
1355 904 1619 961 miracnla
1659 906 1853 963 edebat
1879 920 1933 966 et
1970 911 2142 966 semi-

2272 911 2310 963 πὸ
2346 910 2448 981 μὲν
2482 908 2837 977 Εὐαγγέλιον,
2872 907 3108 979 Χριστοῦ
3163 906 3391 978 πράξεις
3430 908 3635 976 λέγειν,
3681 910 3741 961 τὸ
3771 910 3826 961 δὲ

562 998 765 1053 cinctia
795 998 959 1054 etiam
985 1012 1015 1052 a
1048 1012 1284 1067 corpore
1310 997 1354 1063 ',
1379 1012 1503 1069 qua:
1537 1000 1785 1056 inaudita
1825 1004 2141 1073 operaban-

2270 970 2459 1059 Ξιϐλίον
2488 1000 2598 1055 τῶν
2612 970 2889 1073 ’Πράξεων
2918 970 3017 1063 τὰς
3044 998 3135 1051 τοῦ
3175 970 3330 1068 ἁγίου
3362 970 3697 1071 Πνεύματος.
3854 970 3872 1023 ί

561 1107 670 1161 tur,
701 1096 1033 1165 completum
1062 1101 1166 1150 est.
1197 1094 1389 1166 Itaque
1414 1110 1631 1167 aequum
1690 1106 1776 1157 est
1824 1108 1884 1156 ut
1933 1101 2296 1177 Evangelium
2344 1100 2567 1175 quidem
2620 1099 2867 1154 actiones
2922 1094 3128 1151 Christi
3192 1096 3497 1163 contineat,
3532 1096 3668 1151 liber
3698 1111 3826 1151 vero

564 1190 825 1241 Actorum
862 1188 1040 1243 sancti
1074 1187 1335 1259 Spiritus.

627 1302 646 1332 ⁷
668 1301 828 1358 Joan.
856 1319 965 1371 xw,
994 1304 1082 1359 ιε.
1158 1304 1180 1337 ⁸
1204 1305 1329 1360 Act.
1354 1319 1409 1371 ν,
1448 1303 1534 1361 l9.

1296 1689 1375 1773 H
1455 1687 1684 1775 ΤΩΝ
1759 1686 2404 1776 ΕΠΙΣΤΟΛΩΝ
2478 1686 3054 1778 ΥΠΟΘΕΣΙΣ

1967 1872 2078 1926 AIA
2124 1869 2409 1926 ῙΑΜΒΩΝ.

636 2186 696 2237 '0
732 2182 941 2248 Παῦλος
966 2183 994 2238 ό
1024 2181 1185 2246 amo;
1211 2183 1276 2237 ἐκ
1303 2182 1411 2238 τῶν
1441 2184 1808 2255 πραγμάτων,
2145 2162 2212 2244 ’Β
2240 2181 2448 2252 Λόγους
2481 2179 2722 2252 ἔγραψεν
2751 2181 2827 2248 ὥς
2852 2200 2905 2237 τι
2939 2182 3035 2237 καὶ
3065 2181 3404 2245 πεπονθότας

555 2273 627 2332 Ἦ
659 2277 1006 2349 γραμμάτων
1036 2276 1245 2347 πέφηνε
1273 2279 1339 2348 τῇ
1370 2276 1670 2332 διαστάσει.

552 2368 627 2422 Τὸ
659 2383 703 2421 π
740 2368 849 2440 γὰρ
875 2366 1068 2439 αίρων,
1094 2367 1255 2421 τοῦτο
1284 2368 1470 2441 γνώσῃ
1507 2367 1729 2440 ῥαδίως,

553 2458 807 2513 Μάλιστα
843 2457 1100 2531 προσχὼν
1138 2454 1220 2523 οἷς
1258 2458 1408 2529 βιοὺς
1434 2454 1503 2530 ἦν
1540 2459 1637 2514 καὶ
1674 2461 1923 2533 γράφων.

554 2552 624 2604 Ἢ
659 2550 871 2606 Παῦλον
894 2549 1057 2606 αὐλὸν
1083 2548 1179 2604 τοῦ
1207 2551 1569 2622 Παρακλήτου
1597 2550 1746 2622 λέγε.

549 2637 725 2713 ’Δρον
753 2642 815 2696 τὸ
841 2641 1067 2714 πρῶτον·
1084 2643 1342 2715 γράμμα,
1379 2642 1476 2697 καὶ
1500 2643 1652 2698 τόνον
1686 2644 1832 2699 τέλει

568 2733 797 2800 Ἐνθεὶς,
829 2733 1066 2807 διαγνῷς
1100 2727 1422 2806 Πνεύματος
1451 2735 1639 2792 τοῦτον
1669 2737 1860 2811 λύραν,

561 2828 651 2893 Ὠς
681 2828 915 2900 ὄργανόν
944 2846 1005 2882 τε
1035 2829 1135 2896 τῆς
1167 2828 1304 2884 Θεοῦ
1338 2831 1727 2902 μουσουργίας.

562 2921 649 2984 '0;
678 2920 939 2986 δάκτυλος
976 2920 1086 2994 γὰρ
1118 2922 1306 2976 τοῦτον
1335 2923 1369 2995 ή
1400 2922 1521 2977 θεία
1547 2924 1708 2996 χάρις

547 3012 964 3085 Περικροτοῦσα
992 3014 1085 3067 καὶ
1116 3012 1343 3069 δονοῦσα
1370 3013 1468 3086 τὴν
1506 3015 1707 3084 κτίσιν,

551 3102 839 3171 Εἴλκυσεν,
868 3103 1121 3177 ἐξήγειρε
1155 3103 1293 3175 πρὸς
1318 3105 1634 3173 εὐπιστίαν,

545 3197 624 3250 Δι’
657 3192 727 3270 ἦς
750 3196 812 3251 τὸ
844 3198 1188 3269 σωσίκοσμον
1220 3198 1398 3271 ήχησε
1433 3198 1616 3271 μέλος.

625 3291 889 3345 ’Ἄπολλον
919 3291 1070 3366 ἔρρε,
1100 3293 1193 3347 καὶ
1219 3294 1530 3367 συνερρέτω
1553 3294 1803 3366 τρίπους.

547 3386 706 3456 Ζήτω
730 3386 787 3440 δέ
822 3386 1033 3453 Παῦλος
1062 3389 1127 3442 ἐκ
1160 3388 1324 3443 πόλου
1355 3389 1535 3444 λαλῶν
1562 3389 1770 3461 τρίτου,

544 3477 787 3546 Θέλγων,
819 3480 1093 3535 συνέλκων
1122 3482 1334 3547 πάντας
1356 3484 1437 3547 εἰς
1463 3484 1681 3554 τριττὸν
1709 3483 1897 3549 σέϐας.

631 3570 964 3627 Ἐπιστολῶν
992 3573 1185 3628 τούτου
1214 3574 1324 3647 γὰρ
1348 3576 1414 3630 ἀν
1440 3576 1521 3640 δὶς
1543 3576 1756 3632 ἐπτάδα

548 3662 763 3727 Πιστῶς
796 3664 1048 3732 διέλθοις,
1082 3665 1262 3732 ζῶντα
1286 3668 1514 3740 καρδίας
1546 3669 1718 3740 μέσον

548 3754 753 3810 Τούτου
777 3757 1013 3831 διαγνῷς
1047 3759 1140 3814 καὶ
1167 3759 1435 3815 λαλοῦντα
1463 3760 1555 3816 τὸν
1595 3761 1774 3832 λόγον,

553 3846 652 3912 ’ος
681 3849 918 3922 Χριστὸς
946 3854 972 3905 ὀ
1001 3850 1111 3917 ζῶ)
1140 3854 1255 3907 ἐστι
1280 3852 1374 3907 τοῦ
1415 3854 1627 3925 Πατρὸς
1645 3854 1840 3925 Λόγος.

635 3942 838 3995 Ἄκουε
870 3945 1049 3998 τοίνυν
1074 3943 1182 3998 τῶν
1208 3944 1506 3999 ἐπιστολῶν
1530 3944 1671 4017 βάθη

548 4033 701 4106 ’Υψη
741 4034 799 4088 δὲ
835 4034 1037 4107 μᾶλλον
1068 4038 1469 4111 συντομωτάτῳ
1500 4038 1665 4112 λόγῳ.

646 4124 954 4199 Επιστολὴν
985 4126 1209 4199 πρώτην
1237 4128 1293 4182 δὲ
1319 4127 1458 4199 πρὸς
1495 4126 1717 4201 Ῥώμην
1753 4130 1981 4201 γράφει,

555 4215 645 4280 Ὠς
665 4208 755 4271 οἷα
786 4215 1014 4290 πρώτην
1038 4218 1278 4289 Χριστὸν
1308 4219 1748 4291 είσδεδεγμένην.

626 4309 695 4379 Γῇ
734 4310 964 4382 δευτέρᾳ
1001 4310 1227 4381 πλήττει
1259 4311 1317 4366 δέ
1343 4312 1467 4375 τοὺς
1503 4312 1842 4384 Κορινθίους,

557 4397 648 4466 Ὦς
674 4402 858 4456 πίστιν
883 4402 945 4457 οὐ
972 4403 1275 4476 τηροῦντας
1303 4405 1724 4477 ήκριϐωμένως.

543 4496 713 4550 Πάλιν
752 4495 809 4550 δὲ
843 4496 1053 4561 τούτοις
1082 4499 1207 4562 τοὺς
1239 4498 1581 4569 ὀνειδισμοὺς
1610 4501 1839 4571 γράφει,

543 4588 653 4643 Καὶ
681 4588 782 4661 τὴν
817 4588 1015 4644 ἑαυτοῦ
1051 4590 1368 4661 προστιθεὶς
1403 4593 1731 4663 παρουσίαν.

612 4682 723 4754 Τὴν
744 4682 789 4736 δ’
822 4681 891 4736 αὖ
916 4683 1186 4755 τετάρτην
1212 4683 1348 4756 πρὸς
1377 4684 1623 4748 Γαλάτας
1650 4685 1728 4757 μὴ
1756 4686 1961 4750 κόπους

541 4775 700 4844 Λύτῷ
725 4778 1026 4848 παρασχεῖν
1056 4777 1407 4848 ἐγχαράττει,
1455 4777 1594 4849 πρὸς
1630 4778 1840 4850 πλάνην

553 4868 914 4937 Ίουδαῖστῶν,
956 4869 1379 4935 ἐκκυλισθέντας
1418 4871 1604 4925 πάλιν.

613 4961 756 5030 Πρὸς
781 4960 911 5026 τοὺς
949 4961 1234 5031 Ἐφεσίους
1270 4963 1327 5017 δὲ
1359 4964 1454 5017 καὶ
1491 4963 1731 5035 Ῥώμης,
1760 4966 1856 5019 ἐνα

542 5051 752 5107 Σκοπὸν
786 5052 1032 5107 τέθεικεν
1059 5048 1147 5110 οἷα
1174 5057 1386 5117 πιστοῖς
1409 5056 1473 5108 ἐκ
1503 5054 1700 5124 λόγων.

543 5145 747 5199 Τοῦτον
779 5145 890 5218 γάρ
915 5141 1058 5216 ἦσαν
1090 5147 1343 5218 οὐδαμῶς
1372 5148 1709 5219 δεδορκότες.

616 5240 822 5310 Ἕκτην
848 5238 1133 5294 Φιλίππων
1164 5243 1278 5305 τοῖς
1307 5242 1585 5306 κατοίκοις
1626 5246 1918 5316 ἐγγράφει,

542 5332 772 5396 Πλείους
811 5330 1065 5395 ἐπαίνους
1097 5331 1206 5385 τῶν
1235 5333 1541 5403 Κορινθίων
1570 5334 1805 5406 πλέκων,

542 5424 823 5499 Καύχημα
850 5425 1041 5479 τούτου
1070 5426 1163 5479 καὶ
1195 5425 1459 5496 στέφανον
1491 5428 1773 5485 δεικνύων.

616 5519 712 5583 Et;
737 5518 973 5589 ἑϐδόμην
1005 5519 1063 5573 δὲ
1088 5522 1199 5584 τοῖς
1239 5521 1542 5586 Κολοσσαῖς
1585 5522 1804 5594 μηνύει,

559 5610 649 5673 Ὠς
680 5608 967 5662 εὐσεϐοῦσι
991 5610 1174 5663 πᾶσαν
1200 5610 1490 5680 ἐκφεύγειν
1519 5609 1752 5683 πλάνην.

547 5701 657 5755 Καὶ
691 5699 960 5755 νουθετεῖν
996 5699 1237 5771 ἔγραψεν
1284 5702 1573 5774 ’Δρχίππῳ
1608 5703 1791 5758 πλέον.

620 5795 763 5864 Ιιρὸς
791 5793 1099 5859 Θετταλοὺς
1130 5794 1186 5849 δὲ
1217 5795 1294 5859 δὶς
1332 5796 1580 5869 γράφων,
1616 5796 1892 5869 εὐφημίας

2251 2274 2349 2329 Ἐκ
2373 2273 2678 2344 συγγενῶν,
2715 2272 2899 2339 καθώς
2929 2291 3035 2345 περ
3090 2274 3148 2327 ἐν
3188 2274 3330 2327 Σιών
3366 2290 3533 2335 τινες.

2237 2366 2410 2421 Πάλιν
2433 2366 2492 2420 δὲ
2520 2366 2732 2430 τούτοις
2760 2363 2829 2439 ἧν
2858 2367 3087 2440 γράφων
3127 2366 3415 2437 εὐθυμίας,

2237 2460 2348 2516 Καὶ
2388 2462 2677 2532 καρτερεῖν
2700 2478 2760 2515 τε
2788 2463 3085 2535 συμφορῶν
3117 2462 3400 2533 ἀθυμίαις.

2239 2551 2335 2623 Οἷς
2358 2559 2453 2612 καὶ
2485 2557 2666 2627 σοφῶς
2692 2557 2873 2625 ἔλεξεν
2894 2558 3090 2624 αίῶνος
3115 2558 3289 2622 τέλος.

2321 2651 2483 2725 Ἑξῆς
2525 2650 2732 2724 ἔγραψε
2762 2651 2863 2721 τὴν
2906 2652 3043 2724 πρὸς
3083 2652 3370 2722 Ἐϐραίους
3395 2651 3542 2723 μίαν,

2235 2743 2449 2799 Φαίνων
2484 2743 2712 2816 ἄμειψιν
2740 2744 2979 2809 πίστεως
3006 2745 3071 2800 ἐκ
3100 2743 3209 2799 τῶν
3232 2743 3427 2813 λόγων,

2236 2835 2428 2901 Φωνάς
2458 2834 2757 2908 προφητῶν
2793 2835 3089 2908 πρόσθεσίν
3116 2852 3175 2889 τε
3204 2835 3312 2889 τῶν
3338 2835 3530 2907 δχλων.

2322 2928 2388 2982 Ἦ
2433 2928 2572 3001 πρὸς
2602 2927 2868 2999 Τιμόθεον
2885 2928 2957 2982 ’δέ
2983 2926 3198 3000 πρώτη,
3228 2928 3321 2982 τὸν
3352 2927 3552 2998 τρόπον

2249 3022 2450 3095 Ἀρχῆς
2480 3021 2720 3076 διδάσκει
2760 3021 2854 3076 καὶ
2886 3021 3093 3085 τύπους
3131 3019 3476 3091 Ἐκκλησὶας,

2237 3114 2351 3186 Τὴν
2379 3114 2532 3181 ταξιν
2562 3113 2734 3186 αὐτὴν
2757 3114 2851 3169 καὶ
2878 3113 3226 3168 διδάσκεσθαι
3256 3111 3429 3184 πόθῳ.

2235 3208 2390 3261 Αίνεϊ
2411 3205 2468 3261 δέ
2495 3205 2741 3280 τοῦτονή
2771 3206 2851 3271 δὶς
2882 3204 2962 3273 ἓξ,
2995 3206 3089 3260 καὶ
3128 3204 3365 3259 δεικνύει

2154 3341 2159 3347 .
2238 3298 2350 3370 Τὴν
2376 3298 2562 3353 πίστιν
2592 3299 2657 3353 ἐκ
2698 3298 2934 3371 μάμμης
2959 3315 3021 3353 τε
3053 3297 3147 3351 καὶ
3185 3297 3390 3369 μητρὸς
3429 3294 3637 3366 φέρειν,

2237 3394 2412 3461 Ψέγει
2438 3393 2494 3447 δέ
2525 3393 2770 3460 λοιποὺς,
2804 3393 2865 3446 οὐ
2889 3391 2982 3445 τὸν
3024 3390 3400 3462 Ὀνησιφόρον.

2237 3484 2491 3557 Τιμοθέῳ
2521 3484 2754 3555 δηλοῖδέ
2781 3484 3007 3555 φεύγειν
3043 3484 3153 3537 πᾶν
3189 3482 3331 3556 ῥέον,

2238 3578 2351 3633 Καὶ
2378 3577 2477 3648 τὴν
2507 3576 2704 3631 ἑαυτοῦ
2729 3575 2825 3631 νῦν
2852 3575 3110 3647 τελευτὴν
3139 3573 3354 3645 μηνύει.

2239 3669 2352 3733 Τάς
2383 3666 2626 3740 αἱρέσεις
2656 3667 2825 3738 φῆναι
2849 3667 2908 3721 δὲ
2933 3666 3027 3721 καὶ
3059 3666 3136 3737 μὴ
3162 3665 3466 3736 θαυμάσειν

2236 3760 2459 3831 Γράψας
2491 3760 2627 3833 πρὸς
2658 3760 2821 3817 αὐτὸν
2847 3759 2941 3814 τοῦ
2975 3757 3310 3831 πορευθῆναι
3345 3757 3530 3828 τάχος.

2237 3851 2313 3908 Τὸ
2352 3852 2650 3923 σπένδομαι
2672 3852 2782 3923 γὰρ
2806 3851 3008 3922 δεῖγμα
3038 3849 3235 3920 τρανὸν
3265 3848 3360 3902 τοῦ
3389 3846 3601 3911 τέλους.

2319 3945 2481 4014 Ἑξῆς
2511 3945 2567 4000 δὲ
2602 3943 2748 4015 Τίτῳ
2779 3943 3058 4017 κληρικῶν
3086 3942 3470 4008 καταστάσεις,

2235 4040 2347 4095 Καὶ
2371 4038 2570 4109 θεσμδν
2599 4038 2849 4109 ἐκτίθησι
2877 4037 2976 4107 τῆς
3005 4036 3315 4107 ἐκκλησίας.

2307 4128 2536 4182 Δέδεκτο
2563 4128 2659 4182 καὶ
2687 4126 2947 4198 Φιλήμων
2976 4126 3077 4199 τὴν
3102 4126 3183 4191 δὶς
3214 4127 3444 4192 ἐπτάδα,

2236 4222 2341 4275 Τὸν
2369 4221 2553 4276 δοῦλον
2592 4221 2887 4291 Ὀνήσιμον
2917 4221 2998 4287 εἰς
3027 4220 3332 4291 ἐλευθέρων

2246 4310 2505 4367 Ἑλθόντα
2535 4309 2692 4376 τάξιν
2720 4311 2817 4366 καὶ
2849 4309 3342 4382 μεμαρτυρηκότα,

2236 4403 2456 4458 Σκελῶν
2482 4421 2541 4457 τε
2567 4402 2758 4457 θλάσιν
2785 4402 2861 4467 ώς
2893 4402 3344 4474 κεκαρτερηκότα

2242 4496 2464 4570 Ῥώμης
2489 4496 2577 4552 ἐπ’
2602 4497 2772 4569 αὐτῆς
2803 4498 2861 4551 ἐν
2895 4496 3112 4568 χρόνοις
3135 4495 3228 4549 τοῦ
3256 4494 3553 4567 Τερτύλου.

2319 4595 2408 4649 Ἐν
2443 4595 2555 4659 τοῖς
2584 4593 2796 4665 χρόνοις
2822 4593 2879 4648 δὲ
2914 4594 3192 4674 Καίσαρος
3220 4592 3496 4663 Τιϐερίου,

2232 4681 2333 4741 Ὧν
2360 4682 2428 4760 ἦν
2458 4686 2692 4759 ἀριθμὸς
2713 4686 2854 4742 ἐπτά
2883 4688 2980 4741 σὺν
3003 4688 3084 4751 δὶς
3117 4685 3267 4753 ἐξάδι

2233 4777 2447 4842 Παῦλος
2468 4778 2745 4833 διδάσκειν
2768 4772 2941 4849 ἦρκτο
2966 4777 3056 4830 τοῦ
3081 4776 3460 4847 κηρύγματος,

2151 4898 2206 4960 D
2234 4871 2385 4933 Ἕως
2412 4869 2685 4923 Κλαυδίου
2716 4868 2825 4923 τῶν
2853 4870 3063 4941 χρόνων
3088 4870 3238 4938 τρεῖς
3264 4867 3358 4920 καὶ
3392 4866 3545 4930 δέκα,

2231 4962 2350 5017 '00'
2376 4961 2602 5034 ήγεμὼν
2630 4957 2697 5033 ἦν
2728 4961 2827 5032 τῆς
2862 4961 3123 5025 Ἰουδαίας
3161 4958 3349 5031 Φήλιξ.

2241 5056 2363 5126 Ὑφ’
2407 5050 2469 5110 οὗ
2503 5054 2805 5126 καθείρχθη
2837 5052 3050 5117 Παῦλος
3086 5054 3143 5105 ὲν
3167 5051 3291 5105 δυσὶ
3317 5051 3529 5120 χρόνοις

2240 5149 2328 5203 Ἐν
2354 5146 2686 5219 Καισαρείᾳ.
2716 5145 2825 5199 Καὶ
2856 5145 3025 5199 πάλιν
3062 5142 3138 5215 τῷ
3170 5143 3389 5216 Πορκίῳ

2224 5241 2420 5312 Φήστῳ
2450 5237 2737 5313 παραστάς
2766 5237 2894 5300 τοὺς
2925 5235 3201 5306 ἐτασμοῦς
3229 5230 3298 5307 ἦν
3333 5234 3538 5306 φέρων.

2227 5334 2336 5387 Καὶ
2370 5334 2679 5404 μηχανᾶται
2722 5328 2913 5385 τοῦτον
2944 5329 3369 5397 ἐκπεφευγέναι,

2214 5424 2422 5493 ,Ζητῶν
2448 5422 2702 5477 ἀπελθεῖν
2742 5421 2869 5475 ἔνθα
2902 5423 3122 5491 Καῖσαρ
3152 5419 3432 5489 τυγχάνει.

2232 5518 2345 5570 Καὶ
2376 5515 2657 5570 στέλλεται
2686 5515 2919 5586 τάχιστα
2950 5514 3084 5585 πρὸς
3125 5512 3345 5582 Ῥώμην
3372 5509 3545 5572 πόλιν,

2239 5610 2341 5663 Ἦν
2365 5611 2393 5663 ὁ
2429 5608 2717 5680 βδελυκτὸς
2751 5609 2969 5677 Καῖσαρ
3002 5604 3253 5675 ἐστρόϐει
3287 5603 3516 5674 Νέρων..

2234 5701 2408 5771 Συνῆν
2449 5701 2505 5755 δὲ
2535 5699 2732 5771 Παύλῳ
2763 5697 3114 5770 συγγραφεὺς
3140 5696 3247 5750 τῶν
3278 5692 3539 5768 Πράξιων

2235 5797 2470 5864 Λουκᾶς,
2512 5792 2866 5868 ’Δρίσταρχός
2892 5809 2951 5847 τε
2982 5793 3079 5847 σὺν
3122 5789 3419 5863 προθυμία.
