4058 6544
251 512 320 576 33
1604 512 2192 574 PROLEGOMENA.
3464 514 3532 577 34

254 627 460 682 Τούτου
486 624 650 697 μέχρι
686 627 884 697 γράφει
906 626 983 679 δέ.
1016 624 1226 688 Παῦλος
1253 626 1359 695 γὰρ
1386 624 1479 678 δύο
1864 632 1909 688 Α
1950 625 2090 677 Ἀλλ’
2124 620 2216 678 οῦν
2248 623 2440 695 μανεὶς
2476 624 2689 679 ἀνεῖλεν
2731 625 3055 679 Ὀκταουίαν

252 718 492 789 Χρόνους
525 718 823 789 καθεῖρκτο
856 721 948 772 καὶ
985 719 1231 772 πέπαυτο
1266 718 1359 771 τοῦ
1398 717 1652 788 γράφειν.
1944 715 2149 769 Τούτου
2169 715 2384 787 βοηθὸν,
2420 718 2702 784 συγγενεῖς
2733 734 2791 769 τε
2824 717 3072 786 μυρίους,

189 851 207 864 .
253 813 363 866 Καὶ
382 813 603 874 Λουκᾶς
633 812 801 864 αὐτὸν
833 811 1146 865 ἐκλέλοιπεν
1175 811 1378 865 αὐτίκα
1951 808 2189 861 Ἔπειτα
2219 808 2269 861 κ’
2304 809 2503 871 αὐτοὺς
2538 810 2664 872 τοὺς
2699 810 2946 880 μαθητὰς
2970 808 3176 878 Κυρίου

255 904 359 957 Σὺν
404 904 771 975 Ἀριστάρχῳ,
801 908 894 957 καὶ
920 903 1130 974 διῆγεν,
1160 904 1285 973 φεῦ,
1317 904 1497 974 μόνος.
1960 900 2142 965 Ὠμῶς
2173 900 2419 969 ἀναιρεῖν
2446 896 2620 972 ἦρκτο
2646 900 2931 970 θηριωδίᾳ.

264 995 421 1064 Ἑξῆς
451 995 657 1065 γράφει
703 995 918 1048 Παύλου
949 995 1008 1047 δὲ
1047 996 1156 1048 πᾶν
1186 994 1520 1065 ἀθλημάτων
1952 976 1994 1066 ᾗ
2020 995 2115 1047 καὶ
2143 994 2426 1065 προσήχθη
2460 994 2691 1060 Παῦλος,
2728 991 2795 1066 ἦν
2818 995 2863 1048 δ’
2886 994 3025 1065 ἔχων
3057 994 3216 1049 πάλιν

253 1087 517 1149 Εὐσέϐιος
545 1087 810 1141 κάλλιστα
853 1087 948 1140 καὶ
978 1086 1185 1157 δρόμου
1216 1087 1434 1158 χρόνου.
1949 1088 2166 1140 Λουκᾶν
2198 1086 2369 1158 αὐτῷ,
2394 1088 2489 1140 καὶ
2513 1088 2845 1159 νενέκρωται
2870 1088 3036 1156 ξίφεϊ,

325 1179 439 1233 Καὶ
478 1178 595 1242 πῶς
620 1180 805 1235 άδειαν
831 1180 896 1233 ὲκ
924 1180 1177 1249 Νέρωνος
1202 1176 1270 1252 ἦν
1308 1180 1467 1252 ἔχων.
1904 1230 1913 1233 -
1964 1179 2021 1234 ’0
2044 1179 2153 1243 ζῶν
2181 1180 2267 1234 ἀεί
2292 1182 2355 1233 ’τε
2380 1181 2476 1234 καὶ
2491 1180 2671 1234 λαλῶν
2694 1181 3038 1251 καθημέραν.

254 1272 370 1327 Καὶ
404 1273 523 1336 πῶς
552 1274 822 1328 διδάσκων
853 1269 921 1345 ἦν
951 1277 1166 1346 χρόνοις
1196 1275 1383 1346 μέτρῳ
1413 1275 1567 1328 δέκα.
1948 1273 2201 1343 Νέρωνος
2228 1268 2296 1344 ἦν
2332 1273 2389 1327 δὲ
2415 1276 2561 1345 τρεῖς
2587 1291 2647 1327 τε
2680 1274 2776 1327 καὶ
2812 1274 2945 1327 δέκα
2977 1273 3188 1344 χρόνος.

260 1363 530 1433 Ἔκστηθι
562 1363 661 1435 τὴν
683 1363 933 1435 Νέρωνος
963 1366 1124 1436 ὠμὴν
1153 1365 1402 1437 καρδίαν.
1954 1365 2053 1418 Ἐκ
2077 1364 2170 1418 τοῦ
2203 1366 2406 1430 πάθους
2426 1367 2501 1435 δὲ
2534 1366 2744 1437 Κυρίου
2778 1366 2986 1436 χρόνων
3009 1365 3142 1418 δέκα

261 1457 361 1518 Ὃς
390 1457 451 1508 ού
479 1455 640 1525 μόνον
672 1456 935 1524 δέδεικτο,
975 1456 1101 1527 φεῦ,
1138 1457 1530 1529 μητροκτόνος,
1951 1458 2373 1530 Τρισσουμένων
2395 1454 2465 1531 ἦν
2493 1462 2521 1513 ὁ
2544 1459 2748 1531 δρόμος
2783 1460 2881 1513 σὺν
2917 1458 3089 1523 agas...

1286 1593 1357 1647 Ἦ
1370 1593 1589 1659 βίϐλος
1621 1590 1776 1660 αὑτὴ
1814 1592 1997 1649 ταῦτα
2026 1594 2522 1669 συμπεριγράερει.

331 1712 446 1783 Τὴν
484 1711 817 1782 Ἐκκάλυψιν
847 1712 947 1784 τὴν
990 1713 1241 1768 Ἰωάννου
1277 1713 1456 1784 δέχου,
1957 1715 2196 1780 Κτείνας
2224 1715 2487 1783 σύνεινον,
2526 1711 2644 1770 εἶτα
2677 1714 2916 1787 Χριστοῦ
2949 1713 3206 1784 ποιμένος

258 1803 365 1855 Τοῦ
397 1803 517 1873 φῶς
547 1805 1005 1876 ἀπαστράψαντος
1033 1805 1109 1870 ὡς
1144 1805 1375 1877 βροντῆς
1406 1806 1591 1875 γόνου.
1958 1804 2063 1861 Τὸν
2101 1808 2241 1880 άρνα
2273 1808 2486 1862 Παῦλον
2510 1808 2613 1878 γῆς
2631 1810 2758 1880 ὅλης
2782 1808 2874 1861 τὸν
2895 1808 3148 1876 ποιμένα,

341 1896 402 1948 Ὅ
434 1897 842 1969 μητροραίστης
873 1898 968 1952 καὶ
985 1899 1178 1966 γένους
1213 1898 1528 1970 ἀναιρέτης,
1958 1899 2071 1954 Νῦν
2096 1902 2213 1953 ἐστὶ
2238 1900 2436 1971 βρῶμα
2467 1901 2561 1954 τοῦ
2597 1902 2757 1963 κυνὸς
2790 1899 2884 1953 τοῦ
2907 1897 3216 1969 Κερϐέρου.

271 1987 333 2040 ’0
354 1987 453 2040 τοῦ
481 1990 625 2055 Διὸς,
654 1988 780 2057 φεῦ,
810 1992 904 2044 τὸν
932 1991 1136 2059 τρόπον
1167 1991 1477 2063 ὑπηρέτης,
1889 2048 1930 2063 _
2032 1990 2244 2054 Παῦλος
2271 1992 2474 2063 τρυφᾷ,
2514 1994 2694 2061 τρυφῇ
2735 1991 2791 2044 δὲ
2819 1989 2918 2060 τῆς
2945 1987 3255 2057 ξωηφόρευ,

259 2078 457 2148 Νέρων
487 2079 518 2132 ι
540 2048 710 2145 δείνδς
740 2048 835 2134 ian
867 2048 1477 2155 κατὲδδελυγμέᾃος,”’
1889 2048 1931 2102 Β
1954 2080 2076 2143 Φῶς
2102 2048 2323 2150 τριττὸν
2353 2048 2562 2133 ab};an
2586 2048 2834 2149 ὡςηόρῶν
2867 2048 3149 2148 ὀὲοξρχὲἑιςξ

275 2169 450 2241 Ὠμῆς
485 2168 703 2242 λεαίνης
726 2170 968 2242 σκύμνος
1020 2172 1369 2244 ἠγριωμένος
1960 2170 2238 2226 Ἐπαθλον
2266 2170 2443 2243 εὑρὼν
2466 2171 2565 2243 τὴν
2589 2170 2701 2225 ἀνω
2733 2170 3123 2241 σκτοπτουχίαν.

1536 2315 1640 2381 El;
1660 2311 1767 2367 τὸν
1808 2309 1981 2381 ἅγιον
2013 2309 2281 2365 Παῦλον.

335 2430 497 2502 Ψυχὴ
530 2430 782 2502 Νέρωνος
810 2432 844 2503 ἡ
872 2434 1346 2503 τυραννικωτάτῃ,
1955 2431 2165 2501 Αίωνίᾳ
2196 2431 2423 2500 μάστιγι
2457 2433 2890 2504 συντηρουμένη.

264 2524 460 2577 Κεῖται
490 2524 664 2595 νεκρά
691 2522 973 2596 δύσφημος
1003 2525 1333 2596 ἡτιμωμένη
1959 2522 2171 2587 Παῦλος
2202 2524 2259 2578 δὲ
2286 2524 2381 2579 καὶ
2420 2524 2487 2592 ζῇ
2507 2527 2600 2577 καὶ
2627 2524 2782 2578 λαλεῖ
2810 2523 3160 2597 καθημέραν,

266 2615 502 2683 Δεσμοῖς
534 2613 799 2683 ἀφύκτοις
828 2614 908 2677 είς
939 2613 1029 2667 ἀεὶ
1064 2614 1395 2685 πεδουμένη.
1960 2616 2033 2669 Τὸ
2058 2613 2155 2671 τοῦ
2183 2616 2320 2671 Θεοῦ
2348 2617 2645 2691 πρόσωπον
2675 2618 2935 2688 ἐμφανῶς
2959 2618 3193 2688 βλέπων.

340 2811 638 2880 Ἐσφυζον,
665 2806 811 2883 εῐχον
837 2812 1068 2883 ἄσχετον
1097 2813 1264 2868 πάλαι
1288 2813 1476 2881 πόθον,
1972 2820 2091 2890 Ἐφ’
2116 2819 2211 2884 οὓς
2239 2820 2516 2891 μετελθεῖν
2540 2819 2789 2892 βούλεται
2816 2820 2981 2874 πόνου
3015 2819 3160 2891 δίχα,

265 2903 375 2967 Οὓς
399 2904 616 2958 πλάστα
643 2905 858 2959 πάντων
880 2906 979 2976 οὐχ
1007 2905 1104 2976 ὅλη
1136 2909 1304 2977 χωρεῖ
1328 2907 1528 2973 κτίσις,
1972 2914 2060 2978 Ὠς
2088 2914 2275 2985 εὐθείᾳ
2300 2915 2429 2985 πρὶν
2455 2914 2671 2989 στάθμῃ
2702 2913 2957 2985 προσχὼν
2980 2912 3261 2984 ἐμπείρως

262 2994 475 3063 Λόγους
509 2992 745 3064 χαράξαι
785 2995 894 3048 σῶν
924 2994 1183 3067 μαθητῶν
1208 2997 1300 3050 καί
1326 2997 1497 3066 φίλων
1962 3007 2088 3069 Τοῖς
2122 3008 2178 3060 ἐν
2210 3006 2400 3061 πίνακι
2430 3006 2729 3079 προσφυῶς
2758 3005 3192 3077 γεγραμμένοις.

279 3087 370 3140 Ἐν
403 3087 669 3158 παγκάλῳ
701 3087 767 3158 δὴ
788 3088 883 3142 καὶ
900 3088 1114 3156 διαυγεῖ
1140 3089 1409 3160 πτυκτίῳ,
1974 3099 2135 3163 um;
2168 3092 2214 3153 ὧ
2240 3099 2442 3171 βλύσας
2468 3100 2705 3155 ἄϐυσσον
2727 3099 2926 3154 ἐνθέων
2957 3098 3154 3167 λόγων,

271 3178 461 3247 Ἔχειν
490 3192 551 3230 τε
582 3178 802 3241 τούτους
825 3176 1170 3248 φῶςιπνοὴνν
1203 3177 1317 3248 βίου
1346 3178 1529 3242 κλέος.
1978 3190 2069 3254 Ὠς
2094 3190 2159 3245 ὲκ
2182 3192 2389 3263 κρήνης
2419 3190 2692 3263 ρεύσασαν
2718 3190 2826 3244 σῶν
2863 3191 3083 3261 μυστῶν
3113 3190 3362 3262 γλώττης

271 3270 484 3341 Ἐληξα
518 3268 612 3323 τοῦ
638 3269 802 3324 πόθου
834 3271 891 3324 δὲ
916 3271 1013 3327 νῦν
1040 3272 1160 3324 κατ’
1190 3271 1370 3338 ἀξίαν,
1964 3281 2160 3352 Ψυχὴν
2190 3281 2330 3353 ἐμὴν
2360 3282 2590 3352 ἄνικμον
2615 3282 2672 3334 ἐν
2694 3281 2872 3353 καιρῷ
2898 3282 3055 3350 δίκης

272 3361 592 3431 Ἐκτοσθεν,
631 3362 804 3428 ἐντὸς,
832 3361 1107 3433 πανταχοῦ
1133 3362 1504 3427 καλλωπίσας.
1965 3371 2099 3443 Εῖης
2128 3372 2365 3437 ποτίζων
2391 3372 2581 3426 καινὸν
2606 3370 2880 3444 ἄμϐροτον
2913 3372 3085 3441 πόμα,

269 3454 383 3509 Καὶ
397 3453 558 3508 τοῦτο
582 3454 947 3527 προστέθεικα
983 3458 1049 3527 τῇ
1085 3456 1436 3528 τεχνουργίᾳ.
1978 3461 2038 3517 Ὀ
2065 3464 2194 3528 τοὺς
2222 3463 2471 3535 μαθητάς
2498 3458 2658 3527 εἴπας
2696 3463 2940 3519 ἐκπίνειν
2966 3465 3111 3518 τότε.

280 3546 367 3608 '0;
405 3547 582 3616 ῥᾷστα
614 3546 724 3617 γάρ
751 3563 840 3611 τις
881 3545 1089 3610 πάντας
1123 3545 1273 3618 εὖροι
1301 3546 1426 3611 τοὺς
1446 3546 1665 3617 τόπους,

553 3684 899 3755 Μονόστιχα
934 3686 1023 3752 είς
1059 3683 1325 3741 ἕκαστον
1348 3682 1464 3738 τῶν
1497 3685 1979 3757 συγγραμμάτων
1998 3686 2120 3744 τῶν
2144 3688 2216 3743 ἐν
2246 3690 2434 3761 ταύτῃ
2462 3690 2540 3761 τῇ
2571 3690 2770 3759 ,ϐίϐλῳ
2807 3688 3264 3761 περιεχομένων.

340 3800 465 3855 Τῶν
486 3801 747 3871 Πράξεων
770 3802 804 3872 ή
840 3801 1023 3873 βίϐλος
1056 3803 1123 3867 ἃς
1153 3804 1374 3864 Λουκᾶς
1401 3804 1604 3874 γράφει
1883 3807 1931 3871 C
1976 3806 2266 3881 Ἐπιστολὴ
2295 3809 2571 3879 γραφεῖσα
2601 3811 2716 3874 τοῖς
2759 3808 3055 3878 Ἐφεσίοις.

268 3897 498 3958 Πιστοῖς
530 3892 800 3964 Ἑϐραίων
823 3895 885 3962 ἐξ
928 3894 1194 3950 Ἰακώϐου
1221 3895 1394 3965 λόγοι.
1987 3898 2281 3971 Ἐπιστολὴ
2310 3902 2589 3972 γραφεῖσα
2613 3900 3024 3972 Φιλιππησίοις.

269 3990 490 4051 Πιστοίς
507 3990 539 4043 ό
557 3988 763 4061 Πέτρος
778 3988 975 4061 πρῶτα
996 3991 1310 4045 συντάττειν
1329 3990 1479 4048 τάδε.
1972 3993 2378 4048 Κολοσσαεῦσιν
2405 3992 2585 4059 ἔνθεος
2612 3994 2800 4065 γραφὴ
2831 3992 3067 4047 Παύλου.

269 4084 727 4155 Χριστωνυμοῦσι
752 4083 996 4156 δεύτεροι
1032 4083 1243 4157 Πέτρου
1280 4084 1450 4153 λόγοι.
1970 4089 2050 4142 Τὰ
2071 4086 2364 4151 Θετταλοῖς
2392 4087 2679 4158 γραφέντα
2706 4087 2766 4140 τὸ
2800 4086 3024 4157 πρῶτον
3072 4082 3309 4149 Παύλου.

274 4175 507 4246 Ἦχημα
528 4175 751 4246 πρῶτον
784 4174 973 4229 ἐνθέου
1008 4177 1238 4249 βροντῆς
1273 4177 1457 4246 γόνου.
1967 4179 2048 4233 Τὰ
2072 4178 2321 4250 δεύτερον
2350 4178 2634 4249 γραφέντα
2656 4178 2942 4241 Θετταλοῖς
2961 4175 3197 4231 Παύλου.

272 4263 572 4337 Σύνταγμα
591 4267 753 4321 τοῦτο
769 4267 1024 4340 δεύτερον
1062 4268 1159 4323 τοῦ
1192 4269 1485 4341 παρθένου.
1966 4273 2057 4345 Τῷ
2090 4272 2339 4344 Τιμοθέῳ
2371 4272 2584 4336 Παῦλος
2617 4272 2655 4326 ἃ.
2688 4270 2906 4346 πρῶτον
2934 4269 3159 4340 γράφει.

286 4359 610 4433 Ἐπιστολῆς
633 4361 750 4431 φῶς
774 4362 873 4433 τῆς
894 4362 1085 4434 τρίτης
1119 4362 1387 4418 Ἰωάννου.
1966 4366 2114 4439 Πρδς
2131 4366 2397 4438 Τιμόθεον
2420 4365 2652 4436 δευτέρα
2675 4364 2863 4436 γραφὴ
2897 4362 3138 4419 Παύλου.

276 4453 516 4524 Κλητοῖς
540 4456 713 4510 ἅπασι
737 4454 914 4510 ταῦτα·
947 4455 1158 4527 μύστης
1190 4454 1411 4519 Ἰούδας·
1976 4460 2270 4533 Ἐπιστολὴ
2308 4461 2584 4533 γραφεῖσα
2611 4458 2690 4530 τῷ
2705 4458 2853 4529 Τίτῳ
2884 4454 3127 4510 Παύλου.

276 4543 490 4615 Ὄνπερ
510 4545 769 4616 πέπομφε
802 4545 1013 4611 Παῦλος
1046 4548 1105 4602 έν
1139 4546 1333 4621 Ῥώμῃ
1358 4548 1538 4618 λόγον.
1963 4554 2228 4626 Φιλήμονι
2262 4553 2538 4624 γραφεῖσα
2565 4551 2723 4623 ῥῆσις
2748 4552 2812 4603 ὲκ
2840 4546 3076 4603 Παύλου.

276 4637 501 4708 Πρῶτον
523 4638 809 4704 σταλέντες
841 4642 901 4693 ὲν
928 4640 1239 4712 Κορινθίοις
1268 4641 1440 4711 λόγοι.
1967 4645 2094 4710 Τοῖς
2119 4644 2404 4699 εὐσεϐοῦσι
2434 4642 2647 4707 Παῦλος
2682 4641 2955 4713 Ἐϐραίοις
2981 4638 3128 4695 τάδε.

275 4730 402 4793 Τοῖς
423 4732 482 4785 έν
503 4732 755 4803 Κορίνθῳ
780 4733 1009 4805 δευτέρα
1036 4735 1224 4806 γραφὴ
1252 4734 1489 4803 Παύλου,
1982 4738 2232 4792 Ἰωάννου
2268 4736 2525 4808 μύησιςὴ
2557 4735 2944 4809 κεκρυμμένη.

290 4822 349 4877 '0
375 4824 512 4894 πρὸς
550 4824 796 4891 Γαλάτας
824 4826 1055 4897 εὐσεϐὴς
1088 4827 1305 4883 Παύλου
1336 4828 1512 4896 λόγος.

899 4965 942 5016 ο
976 4964 1117 5017 ΤΗΝ
1153 4964 1440 5018 ΒΙΒΛΟΝ
1486 4961 2033 5018 ΕΠΑΝΟΡΘΩΣΑΣ
2077 4962 2233 5017 ΤΟΙΣ
2297 4954 2926 5015 ΑΝΑΓῙΝΩΣΚΟΥΣΙ.

347 5075 565 5143 Ἰστέον,
602 5070 647 5130 ῶ
676 5078 1265 5146 ἁναγινώσκοντες,ὄτι
1296 5080 1355 5133 έν
1377 5078 1550 5150 ταύτῃ
1579 5081 1645 5149 τῇ
1697 5077 1866 5149 βίϐλῳ
1893 5078 1947 5137 D
1976 5076 2081 5146 μοῦ
2107 5076 2236 5138 τοὺς
2285 5073 2591 5145 Ῥωμαίους
2626 5074 2826 5138 ἰδόντες
2855 5074 2952 5146 τὴν
2985 5072 3156 5146 αὐτὴν
3184 5076 3248 5144 τῇ
3289 5092 3548 5149 προειρη-

277 5168 402 5240 ούχὶ
420 5169 518 5240 τὴν
536 5169 708 5241 αὐτὴν
743 5170 897 5235 τάξιν
927 5171 1190 5243 εὑρήσετε
1227 5170 1337 5225 τῶν
1386 5170 1483 5225 τοῦ
1526 5172 1681 5240 ἁγίου
1712 5170 1863 5225 Παύ-
1976 5171 2115 5241 μένῃ
2146 5169 2498 5240 τηρήσαντας
2534 5166 2812 5235 σύνταξιν,
2842 5167 3047 5237 ταύτην
3074 5167 3310 5239 μάλιστα
3356 5185 3547 5240 προει-

277 5259 372 5312 λου
405 5261 756 5328 Ἐπιστολῶν,
813 5265 878 5332 ἢν
922 5264 1017 5316 καὶ⁴
1058 5264 1107 5316 οἱ
1170 5264 1657 5336 προγεγραμμένοι
1693 5264 1865 5335 στίχοι
1970 5259 2200 5327 λόμεθα,
2232 5256 2444 5326 καὶτῆς
2465 5255 2560 5310 νῦν
2590 5256 2857 5321 ἐκδόσεως
2876 5256 3210 5327 ἠξιώσαμεν.
3252 5257 3401 5310 Ἐκεῖ
3447 5259 3549 5327 μὲν

282 5351 634 5422 σημαίνουσι,
678 5354 771 5406 καὶ
829 5354 891 5407 τὸ
942 5342 1277 5424 ἀντίγραφον
1328 5358 1625 5425 περιεῖχεν,
1686 5353 1744 5420 ἐξ
1802 5347 1865 5409 οῦ
1972 5352 2081 5422 γὰρ
2110 5350 2211 5421 τὴν
2236 5350 2373 5418 πρὸς
2399 5348 2687 5421 Ἐϐραίους
2707 5350 2999 5424 ἐπιστολὴν
3032 5350 3140 5418 πρὸ
3159 5348 3270 5404 τῶν
3321 5349 3416 5403 δύο
3438 5350 3548 5403 τῶν

280 5446 458 5500 πάντα
518 5448 678 5500 ταυτὶ
737 5449 806 5502 τά
873 5448 1256 5503 ὲντυπωθέντα
1320 5449 1652 5523 ἐλήφθησαν.
1724 5448 1868 5502 Ἀλλ’
1972 5442 2109 5512 πρὸς
2137 5439 2518 5509 Τιμόθεονκαὶ
2544 5440 2655 5494 τῶν
2674 5439 2871 5510 ἑφεξῆς
2900 5438 3240 5510 τεταγμένην
3263 5438 3548 5510 ἑωρῶμεν.

280 5539 447 5609 ἡμεῖς
502 5538 615 5611 γὰρ
680 5540 889 5613 ἑτέροις
942 5541 1098 5595 δυσὶν
1145 5542 1504 5612 ἀντιγράφοις
1558 5541 1656 5612 οὐχ
1699 5537 1863 5612 ἧττον
1970 5534 2113 5589 ῶστε
2140 5534 2243 5605 τὴν
2284 5533 2421 5603 πρὸς
2462 5533 2739 5604 Φιλήμονα
2784 5532 3105 5587 τελευταίαν
3158 5531 3545 5586 καθίστασθαι.

280 5631 576 5704 ἑκείνουτῇ
595 5649 656 5686 τε
690 5633 1128 5705 παλαιότητικαὶ
1156 5636 1223 5708 τῇ
1270 5633 1616 5707 ὀρθογραφίᾳ.
1686 5630 1862 5704 προῦ-
1978 5625 2246 5681 Ἐνταῦθα
2305 5626 2363 5680 δὲ
2433 5625 2530 5697 τὴν
2583 5627 2753 5698 αὐτὴν
2828 5626 2965 5699 πρὸς
3034 5624 3319 5696 Ἐϐραίους
3378 5623 3546 5693 ἐσχά-

283 5738 437 5793 xum
464 5724 561 5778 καὶ
589 5723 792 5796 τιμίοις
817 5725 1308 5799 ἀκολουθήσαντες,
1361 5725 1441 5780 ἔτι
1494 5724 1549 5778 δὲ
1575 5724 1667 5778 καὶ
1691 5722 1863 5794 μηδα-
1966 5735 2065 5791 την
2091 5718 2307 5774 πάντων
2336 5719 2731 5793 γεγραμμένην
2762 5718 3127 5791 ἔφυλάξαμεν.
3166 5713 3475 5790 Ἔρρωσθε.
