4058 6544
538 447 612 530 35'
1652 448 2049 510 (ECUMENII
2090 445 2382 507 TRICC/E
2435 443 2778 503 EPISCOPI
3738 440 3809 504 36

563 625 902 637 ——-‘—It-—-

1896 754 2467 845 ΚΕΦΑΛΑΙΑ

930 964 1232 1081 ΤΩΝ
1296 946 2000 1076 ΠΡΑΞΕΩΝ
2070 954 2373 1069 ΤΩΝ
2413 937 3412 1066 ΑΠΟΣΤΟΛΩΝ.

1428 1337 1995 1433 ACTORUM
2072 1329 2960 1428 APOSTOLORUM

2037 1533 2324 1595 CAPITA.

2154 1666 2197 1681 d

584 1772 635 1825 i.
680 1768 755 1824 De
787 1767 1038 1824 doctrina
1066 1764 1291 1825 Christi.
1330 1779 1448 1834 qua:
1478 1762 1581 1833 fuit
1608 1778 1642 1817 a
1672 1761 2054 1817 resurrectione
2080 1769 2132 1812 et

2274 1759 2343 1808 α’.
2384 1751 2520 1821 Περὶ
2584 1750 2695 1819 τῆς
2733 1747 3197 1814 ἐξαναστάσεως
3246 1746 3645 1814 διδασκαλίας
3677 1748 3811 1817 Χρι-

690 1861 1026 1932 apparitione
1077 1859 1147 1912 ad
1206 1856 1499 1930 discipulos
1554 1864 1605 1909 et
1664 1854 1728 1909 de
1780 1853 2129 1922 promissione

2376 1843 2551 1909 στοῦ,
2587 1843 2686 1898 καὶ
2714 1843 3009 1909 ὀπτασίας
3038 1842 3189 1911 πρὸς
3219 1840 3361 1906 τοὺς
3383 1840 3679 1911 μαθητὰς,
3714 1841 3813 1895 και

687 1954 861 2009 sancti
892 1950 1154 2020 Spiritus,
1188 1947 1252 2002 de
1278 1949 1392 2003 visa
1430 1945 1634 2001 Cltristi
1670 1945 2050 2014 assumptione,
2080 1951 2127 1995 et

2374 1937 2509 2006 περὶ
2544 1937 2907 2007 ἐπαγγελίας
2954 1933 3066 2002 τῆς
3096 1933 3202 1988 τοῦ
3241 1933 3413 2003 άγίου
3468 1933 3815 2002 Πιθεύματος

690 2045 758 2099 de
786 2043 1019 2113 glorioso
1052 2040 1168 2112 ejus
1195 2036 1421 2095 secundo
1456 2034 1705 2092 adventu.

2371 2028 2616 2098 δωρεᾶς,
2649 2028 2789 2094 θέας
2819 2044 2883 2082 τε
2930 2026 3029 2081 καὶ
3058 2025 3281 2095 τρόπου
3313 2023 3423 2093 τῆς
3450 2024 3812 2095 ἀναλήψεως

2371 2122 2478 2176 τοῦ
2503 2120 2788 2189 Χριστοῦ,
2821 2119 2923 2176 καὶ
2956 2119 3090 2186 περὶ
3122 2118 3233 2188 τῆς
3261 2118 3517 2181 ἐνδόξου
3554 2117 3654 2173 καὶ
3680 2117 3814 2173 δευο

2373 2216 2549 2285 τέρας
2572 2215 2759 2270 αὐτοῦ
2788 2213 3150 2284 παρουσίας.

584 2307 634 2362 2.
679 2304 831 2360 Petri
858 2305 1041 2359 concio
1068 2302 1137 2358 ad
1166 2319 1253 2358 eos
1279 2302 1467 2374 quibus
1498 2312 1680 2355 notum
1717 2310 1833 2356 erat
1863 2301 1926 2355 de
1964 2309 2130 2353 morte

2272 2309 2338 2381 β’.
2376 2308 2604 2377 Πέτρου
2666 2306 2948 2377 διάλογος
2977 2305 3131 2375 πρὸς
3165 2304 3308 2372 τοὺς
3331 2303 3815 2375 μαθητευθέντας

688 2409 739 2454 et
765 2398 1070 2468 apostolatu
1102 2394 1262 2449 Juda:
1292 2393 1626 2464 proditoris;
1652 2394 1705 2447 in
1739 2409 1843 2463 quo
1876 2400 2131 2446 narratur

2374 2402 2506 2471 περὶ
2530 2398 2791 2455 θανάτου
2807 2398 2905 2454 καὶ
2932 2394 3287 2465 ἀποστολῆς
3321 2395 3520 2452 Ἰούδα
3538 2396 3645 2452 τοῦ
3675 2412 3816 2465 προ-

686 2492 849 2545 etiam
888 2488 952 2543 de
988 2486 1211 2542 Hathice
1240 2485 1637 2548 substitutione,
1674 2485 1764 2553 qui
1805 2498 1894 2551 per
1927 2482 2130 2536 oratio-

2374 2495 2586 2550 δότου·
2620 2494 2693 2549 ἐν
2747 2486 2797 2560 ᾦ
2848 2491 2983 2560 περὶ
3041 2488 3492 2561 ἀντεισαγωγῆς
3549 2490 3813 2545 Ματθίου

695 2599 809 2637 nem
841 2584 1061 2635 sortitus
1095 2591 1174 2636 est
1205 2578 1565 2649 apostolatum
1595 2578 1775 2647 gratia
1803 2575 1921 2634 Dei.

2376 2584 2793 2655 πληρωθέντος
2818 2582 3011 2653 χάριτι
3061 2580 3209 2636 Θεοῦ
3231 2580 3331 2635 διὰ
3354 2580 3727 2650 προσευχῆς.

585 2676 642 2730 3.
685 2675 757 2729 De
786 2673 951 2727 divini
985 2670 1218 2740 Spiritus
1257 2671 1431 2724 sancti
1471 2668 1868 2737 superuentione
1889 2666 1973 2721 die
1998 2666 2135 2721 Pen-

2270 2684 2338 2747 γ’.
2376 2678 2518 2745 Περὶ
2565 2675 2733 2741 θείας
2766 2673 2874 2728 τοῦ
2902 2673 3077 2743 ἁγίου
3112 2674 3464 2741 Πνεύματος
3514 2671 3819 2742 ἐπιφοιτή-

693 2774 917 2821 tecostes
950 2764 1101 2835 {acta
1135 2777 1294 2831 super
1327 2778 1416 2816 eos
1446 2762 1535 2832 qui
1566 2759 1925 2821 crediderant,
1952 2759 2007 2812 in
2033 2775 2133 2829 quo

2374 2786 2530 2835 σεως
2555 2768 2625 2822 ἐν
2669 2765 2859 2836 ἡμέρᾳ
2907 2763 3335 2834 Πεντηκοστῆς
3360 2764 3686 2835 γενομένης
3734 2766 3820 2831 εις

693 2859 855 2913 etiam
921 2855 1069 2912 Petri
1137 2855 1379 2908 doctrina
1422 2869 1449 2908 e
1496 2853 1763 2923 prophetis
1816 2854 2131 2914 continetur,

2378 2862 2520 2928 τοὺς
2549 2859 3022 2925 πιστεύσαντας.
3042 2857 3113 2911 ἐν
3139 2849 3187 2924 ᾧ
3208 2857 3436 2926 Πέτρου
3482 2856 3820 2925 κατήχησις

697 2967 882 3020 nempe
905 2949 970 3004 de
997 2948 1271 3018 passione,
1295 2947 1676 3002 resurrectione
1699 2956 1745 3001 et
1777 2946 2137 3014 assumptione

2379 2953 2511 3022 περὶ
2548 2953 2767 3007 τούτου
2791 2950 2861 3005 ἐκ
2894 2948 3013 3004 τῶν
3034 2948 3379 3019 προφητῶν,
3424 2948 3558 3017 περὶ
3588 2947 3822 3013 πάθους

694 3042 918 3107 Christi,
940 3040 1179 3109 donoque
1213 3038 1444 3108 Spiritus
1469 3039 1646 3093 sancti
1676 3054 1695 3093 :
1727 3038 1792 3092 de
1820 3037 1925 3107 ﬁde
1952 3053 2135 3091 eorum

2383 3044 2483 3097 καὶ
2544 3041 2933 3104 ἀναστάσεως
2986 3040 3087 3095 καὶ
3137 3038 3503 3108 ἀναλήψεως
3537 3039 3821 3109 Χριστοῦ.

692 3137 785 3207 qui
816 3144 1101 3207 pra’sentes
1139 3141 1293 3188 erant
1329 3147 1421 3202 per
1460 3130 1745 3200 baptisma,
1786 3130 1850 3186 de
1884 3146 2139 3186 consensu

2384 3133 2608 3203 δωρεᾶς
2636 3149 2700 3188 τε
2745 3132 2853 3186 τοῦ
2881 3132 3055 3201 ἁγίου
3111 3133 3495 3203 Πνεύματος·
3547 3133 3680 3203 περὶ
3718 3135 3821 3187 πί-

693 3229 751 3283 in
785 3242 1121 3284 communem
1148 3226 1458 3292 utilitatem,
1491 3233 1543 3280 et
1574 3224 1898 3295 oppositione
1924 3221 2139 3278 creden-

2383 3241 2572 3292 στεως
2624 3222 2748 3279 τῶν
2766 3290 2780 3306 ,
2799 3222 3135 3292 παρόντων,
3171 3221 3272 3277 καὶ
3305 3220 3414 3291 τῆς
3444 3221 3543 3277 διὰ
3573 3220 3678 3276 τοῦ
3704 3222 3822 3287 βα-

698 3321 855 3378 tium.
2106 3355 2115 3365 .
2385 3315 2719 3386 πτίσματος
2760 3314 2962 3371 αὐτῶν
3006 3313 3328 3381 σωτηρίας,
3365 3313 3498 3381 περὶ
3539 3314 3824 3383 ὁμονοίας

2383 3408 2816 3479 κοινωφελοῦς,
2846 3407 2946 3462 καὶ
2975 3404 3330 3477 προσθήκης
3353 3404 3473 3461 τῶν
3502 3407 3824 3462 πιστευόν-

2383 3517 2525 3556 των.

588 3588 649 3645 4.
691 3587 767 3644 De
796 3588 978 3643 claudi
1001 3605 1032 3642 a
1062 3588 1340 3642 nativitate
1365 3602 1495 3640 cura
1519 3585 1723 3642 Christi
1751 3586 1941 3640 virtute
1969 3586 2137 3657 facta,

2279 3595 2343 3650 δ’.
2381 3595 2523 3664 Περὶ
2567 3594 2767 3663 τῆςέν
2801 3592 3035 3663 Χριστῷ
3059 3594 3375 3663 θεραπείας
3408 3593 3517 3649 τοῦ
3565 3593 3633 3646 ἐκ
3659 3608 3824 3658 γενε-

702 3682 970 3753 electaque
990 3681 1139 3737 Petri
1163 3681 1509 3736 instructione
1536 3680 1590 3734 in
1617 3696 1722 3751 qua
1749 3694 1863 3735 sese
1884 3679 2139 3743 demittit,

2383 3687 2496 3758 τῆς
2527 3687 2749 3758 χωλοῦ,
2768 3688 2995 3757 Πέτρου
3013 3703 3077 3741 τε
3095 3684 3484 3757 κατηχήσεως
3508 3684 3823 3753 ἐκλεκτῆς,

699 3784 750 3831 et
788 3774 1071 3833 consilium
1111 3773 1181 3829 ad
1229 3773 1447 3829 illorum
1490 3773 1717 3831 salutem
1761 3772 1978 3829 adducit
2021 3790 2040 3827 :
2087 3775 2141 3827 in

2384 3780 2876 3851 συμπαθητικῆς,
2906 3778 3431 3851 συμϐουλευτικῆς
3464 3778 3615 3848 πρὸς
3635 3793 3826 3844 σωτη-

698 3884 803 3939 quo
826 3867 990 3922 etiam
1010 3867 1258 3923 subditur
1282 3867 1593 3937 pontiﬁcum
1615 3866 2004 3923 animadversio
2028 3866 2141 3920 zelo

2382 3873 2527 3942 ρίαν
2552 3872 2771 3929 αὐτῶν.
2815 3874 2920 3928 Ἐν
2939 3867 2989 3941 ᾧ
3013 3873 3342 3939 ἐπιστασίᾳ
3368 3871 3486 3925 τῶν
3505 3869 3828 3940 ἀρχιερέων

701 3962 819 4033 ejus
857 3961 997 4033 quod
1031 3960 1234 4032 factum
1269 3969 1408 4028 erat,
1434 3971 1485 4016 et
1519 3958 1584 4014 de
1617 3960 1876 4017 miraculo
1905 3957 2142 4015 decerta-

2384 3964 2541 4034 ζήλῳ
2564 3964 2670 4021 τοῦ
2716 3968 3053 4037 γεγονότος,
3090 3964 3192 4021 καὶ
3239 3966 3440 4034 κρίσις
3466 3964 3573 4019 τοῦ
3601 3964 3827 4034 θαύμα-

704 4056 799 4110 tio.
2382 4075 2508 4126 τος.

592 4144 653 4203 5.
697 4144 773 4201 De
802 4144 1093 4202 incredulis
1115 4144 1453 4217 pontiﬁcibus
1480 4145 1572 4215 qui
1594 4144 1849 4213 jubebaut
1877 4160 1942 4201 ne
1967 4143 2022 4198 in
2048 4161 2141 4200 no-

2279 4157 2339 4208 ε⁹.
2381 4153 2520 4221 Περὶ
2571 4153 2846 4209 ἀπίστων
2912 4152 3235 4223 ἀρχιερέων
3292 4152 3787 4223 προσταττόντων
3809 4190 3824 4213 .

698 4237 838 4291 mine
873 4235 1077 4292 Christi
1116 4236 1301 4308 palam
1339 4238 1697 4307 loquerentur,
1727 4245 1777 4290 et
1810 4234 2140 4307 redintegra-

2384 4246 2465 4312 ὡς
2500 4246 2571 4300 οὐ
2590 4245 2687 4300 δεῖ
2708 4245 3217 4315 παρρησιάζεσθαι
3243 4246 3342 4301 ἐπὶ
3360 4245 3439 4312 τῷ
3462 4245 3705 4314 ὀνόματι
3720 4242 3828 4297 τοῦ

703 4328 846 4381 tione
903 4326 1266 4395 apostolorum
1322 4340 1343 4385 :
1405 4326 1469 4380 de
1527 4324 1780 4379 Ecclesia:
1841 4324 2140 4394 gratiarum

2383 4336 2665 4403 Χριστοῦ,
2712 4338 2811 4391 καὶ
2841 4336 3232 4404 ἀνανεώσεως
3270 4334 3392 4390 τῶν
3427 4335 3793 4393 ἀποστόλων
3812 4349 3824 4362 ·

702 4421 911 4474 actione
944 4419 1007 4479 ob
1049 4419 1177 4489 ﬁdei
1224 4418 1588 4488 apostolorum
1626 4418 1985 4473 constantiam
2017 4432 2039 4472 :
2079 4418 2144 4470 de

2385 4429 2739 4497 εὐχαριστία
2782 4429 2901 4483 ἀπὸ
2932 4427 3042 4498 τῆς
3102 4430 3465 4498 Ἐκκλησίος
3519 4426 3673 4498 ὑπὲρ
3720 4425 3829 4494 τῆς

702 4513 1060 4567 unanimitate
1105 4520 1156 4571 et
1196 4510 1485 4566 universali
1528 4510 1892 4565 communione
1930 4508 2145 4563 creden-

2386 4520 2507 4574 τῶν
2522 4520 2882 4577 ἀποστόλων
2908 4521 3137 4591 πιστῆς
3158 4523 3471 4591 καρτερίας
3490 4538 3505 4557 ο
3531 4519 3666 4588 περὶ
3692 4523 3829 4588 ὁμο-

707 4605 863 4660 tium.
890 4604 956 4660 In
983 4620 1086 4676 quo
1114 4605 1277 4661 etiam
1302 4604 1367 4660 de
1387 4604 1599 4667 Anania
1618 4614 1669 4660 et
1688 4604 1973 4674 Sapphira,
1998 4619 2147 4658 acer-

2389 4614 2593 4683 ψύχου
2625 4613 2723 4668 καὶ
2752 4612 3411 4683 καθολικῆς⁹κοινωνίας
3442 4612 3561 4668 τῶν
3581 4627 3827 4667 πιστευ-

705 4697 873 4770 baque
903 4714 1086 4753 eorum
1114 4709 1299 4766 morte,
1334 4697 1653 4779 continetur.
2391 4705 2652 4762 σάντων,
2701 4697 2875 4772 Ἑνῷ
2916 4706 3052 4776 περὶ
3100 4706 3382 4761 Ἀνανίου
3416 4705 3516 4765 και
3568 4705 3832 4774 Σαπφεί-

2384 4820 2519 4874 ρας,
2545 4802 2643 4858 καὶ
2678 4802 2897 4872 πικρᾶς
2924 4800 3124 4859 αὐτῶν
3149 4801 3461 4871 τελευτῆς.

600 4874 655 4930 6.
698 4874 980 4945 Apostolus
1038 4874 1240 4929 carceri
1293 4873 1514 4944 injectos
1574 4872 1790 4946 angelus
1845 4870 1943 4927 Dei
1998 4880 2149 4927 nocte

2290 4902 2365 4962 ς’.
2385 4870 2531 4950 ’Ἔτι
2562 4893 2705 4962 τοὺς
2755 4870 3143 4962 ἀποστόλους
3165 4870 3569 4965 ἐμϐληθέντας
3611 4891 3692 4959 τῷ
3733 4892 3832 4946 δε-

707 4967 914 5033 eduxit,
943 4982 1130 5021 curam
1162 4965 1379 5021 tradens
1415 4974 1473 5020 ut
1516 4967 1580 5021 ob
1619 4967 1820 5021 nullam
1856 4964 2148 5020 obstantem

2392 4990 2724 5060 σμωτηρίῳ,
2788 4989 3044 5060 ἄγγελος
3083 4964 3232 5043 Θεοῦ
3278 4988 3511 5056 νύκτωρ
3546 4985 3826 5052 ἐξέωσεν,

708 5064 1109 5131 prohibitionem
1144 5074 1410 5119 cessarent
1446 5082 1478 5119 a
1509 5064 1887 5134 prcdicatione
1909 5061 2061 5128 Iesu,
2094 5063 2148 5117 in

2388 5080 2715 5149 ἐπιτρέψας
2734 5080 3055 5145 ἀκωλύτως
3080 5080 3416 5148 κηρύσσειν
3442 5079 3548 5133 τὸν
3575 5077 3826 5146 Ἰησοῦν,

708 5172 812 5221 quo
834 5158 997 5210 etiam
1019 5155 1241 5210 habetur
1260 5161 1399 5228 quod
1421 5166 1603 5227 postea
1632 5156 1904 5228 pontiﬁces
1934 5172 2148 5211 rursum

2330 5196 2339 5204 ο
2392 5166 2528 5241 ἐνῷ
2562 5173 2651 5227 ὅτι
2679 5173 2756 5242 τῇ
2791 5171 2937 5241 ἑξῆς
2967 5174 3190 5239 αὐτοὺς
3220 5177 3275 5227 οἱ
3308 5171 3603 5242 ἀρχιερεῖς
3645 5171 3831 5225 πάλιν

711 5249 854 5317 ipsos
901 5249 1410 5318 comprehendentes,
1441 5261 1718 5321 postquam
1760 5250 2039 5319 jusserunt
2088 5267 2150 5304 ne

2393 5265 2861 5334 συλλαϐόμενοι,
2915 5265 3009 5335 ἐφ’
3034 5260 3084 5333 ᾧ
3100 5264 3311 5335 μηκέτι
3357 5263 3689 5329 διδάσκειν,
3715 5281 3832 5332 μα-

710 5341 936 5411 amplius
959 5341 1222 5410 docerent,
1239 5360 1402 5399 ca-sos
1419 5345 1748 5399 dimiserunt.
1762 5343 2071 5398 Gamalielis
2084 5345 2151 5396 de

2392 5354 2711 5421 στίξαντες
2726 5354 3064 5411 ἀπέλυσαν.
3088 5356 3405 5427 Γαμαλιὴλ
3422 5355 3619 5426 γνώμη
3642 5356 3827 5421 πιστὴ

704 5435 969 5505 apostolis
994 5436 1257 5490 sententia
1278 5437 1649 5505 persuasibilis
1680 5452 1787 5491 una
1819 5451 1937 5491 cum
1971 5453 2147 5491 exem—

2396 5446 2525 5514 περὶ
2576 5444 2696 5498 τῶν
2740 5446 3103 5502 ἀποστόλων
3144 5447 3295 5517 μετὰ
3340 5446 3829 5517 παραδειγμάτων

713 5528 815 5596 ptis
850 5527 1124 5581 nonnullis
1158 5544 1221 5580 ac
1250 5529 1573 5583 evidentibus
1606 5529 2027 5599 probationibus.

1521 5545 1573 5583 us
1606 5529 2027 5599 probationibus.
2396 5537 2578 5592 τινῶν
2609 5538 2707 5591 καὶ
2738 5539 3123 5604 ἀποδείξεων.

600 5617 665 5674 7.
711 5618 783 5672 De
819 5618 1069 5673 electione
1106 5627 1302 5691 septem
1336 5620 1706 5677 diaconorum.

2291 5630 2355 5697 ζ’.
2394 5629 2532 5699 Περὶ
2565 5632 2934 5699 χειροτονίας
2968 5632 3087 5685 τῶν
3110 5632 3260 5686 ἑπτὰ
3289 5632 3604 5686 διακόνων.

600 5712 664 5769 ε.
700 5711 1011 5768 Iudaeorum
1041 5715 1356 5769 insurrectio
1386 5729 1435 5771 et
1462 5716 1731 5770 calumnia
1753 5717 2004 5772 adversus
2035 5716 2153 5773 Ste-

2291 5731 2358 5795 η¹.
2409 5721 2702 5776 Ἰουδαίων
2723 5723 3136 5789 ἐπανάστασις
3161 5722 3257 5777 καὶ
3289 5722 3671 5791 συκοφαντία
3698 5721 3829 5787 περὶ

707 5807 969 5877 phanum,
1008 5809 1223 5880 ejusque
1264 5813 1446 5865 concio
1480 5811 1543 5866 de
1590 5812 1683 5866 Dei
1722 5828 1849 5882 erga
1885 5810 2157 5868 Abraham

2406 5810 2737 5881 Στεφάνου,
2799 5812 2987 5868 αὐτοῦ
3051 5830 3117 5867 τε
3153 5812 3485 5884 δημηγορία
3535 5812 3669 5881 περὶ
3722 5811 3832 5878 τῆς

709 5908 1050 5969 «testamento,
1079 5911 1128 5958 et
1157 5905 1221 5957 de
1248 5904 1522 5959 duodecim
1564 5906 1884 5961 vatriarchis
1913 5923 1931 5961 :
1962 5908 2015 5960 in
2046 5924 2146 5985 quo

2399 5905 2549 5974 πρὸς
2586 5906 2832 5978 Ἀϐραὰμ
2877 5908 3167 5979 διαθήκης
3197 5909 3300 5965 τοῦ
3354 5908 3524 5974 Θεοῦ,
3562 5907 3656 5961 καί
3699 5905 3832 5974 περὶ
