4058 6540
339 478 408 542 37
1301 489 1691 554 COMMENT‘.
1725 495 1806 555 ΙΝ
1838 495 2030 556 ACTA
2072 492 2653 556 APOSTOLORUM.
3543 492 3617 561 98

488 588 607 642 τῶν
639 588 866 645 δώδεκα
897 595 1307 666 πατριαρχών·
1335 599 1403 652 ἐν
1444 593 1493 668 ᾧ
1539 600 1670 669 περὶ
1702 599 1810 668 τῆς
1840 605 1929 655 λι-

486 678 601 743 ιιοῦ
631 681 725 733 καὶ
752 684 1056 751 πυρωνίας
1103 686 1561 757 ἀναγνωρισμοῦ
1608 689 1727 741 τῶν
1783 689 1929 744 υἱῶν

498 763 714 831 Ἰακὼϐ.
743 769 843 821 καὶ
873 772 1005 840 περὶ
1041 771 1145 840 τῆς
1165 774 1459 842 γενέσεως
1485 776 1803 845 Μωϋσέως,
1831 778 1931 833 καὶ

488 856 597 925 τῆς
648 860 798 929 πρὸς
853 864 1041 918 αὐτὸν
1095 866 1422 936 γενομένης
1470 872 1823 940 θεοφανείας
1860 873 1931 927 ἐν

487 945 607 1013 ὄρει
637 947 807 1018 Σινᾷ,
840 952 973 1021 περὶ
1005 952 1116 1024 τῆς
1147 956 1363 1021 ἐξόδου
1390 960 1487 1013 καὶ
1529 963 1930 1030 μοσχοποιΐας

487 1038 592 1093 τοῦ
644 1041 892 1112 Ἰσραὴλ
930 1044 1066 1114 ἄχρι
1120 1052 1360 1117 χρόνων
1391 1051 1780 1121 Σολομῶντος
1829 1054 1926 1110 καὶ

484 1129 596 1198 τῆς
644 1133 750 1187 τοῦ
783 1135 935 1190 ναοῦ
989 1139 1395 1210 κατασκευῆς.
1455 1142 1772 1214 Ὀμολογία
1816 1145 1929 1213 τῆς

483 1225 923 1295 ὑπερουρᾱνίου
954 1229 1142 1301 δόξης
1183 1234 1382 1301 Ἰησοῦ
1419 1237 1679 1305 Χριστοῦ
1703 1239 1930 1292 ἀποκα-

482 1318 819 1387 λυρθείσης
861 1322 1167 1391 Στεφάνῳ,
1218 1325 1312 1394 ἐφ’
1341 1320 1381 1398 ᾖ
1408 1328 1807 1397 λιθόλευστος
1836 1349 1931 1401 γε-

481 1406 709 1475 γονὼς,
760 1413 793 1465 ό
825 1412 1011 1479 αὐτὸς
1065 1414 1410 1485 Στέφανος,
1464 1419 1728 1488 εὐσεϐῶς
1770 1423 1927 1478 ἐκοι-

479 1500 665 1569 ,ιι-ἤθη.

380 1589 442 1645 0'.
487 1595 621 1661 Περὶ
646 1593 904 1665 διωηιοῦ
926 1596 1033 1666 τῆς
1070 1598 1430 1671 Ἐκκλησίας
1454 1605 1553 1658 καὶ
1578 1607 1771 1679 ταφῆς
1794 1612 1927 1665 Στε-

479 1683 696 1753 φάνου,
733 1688 804 1740 ἐν
844 1682 893 1756 ᾧ
924 1690 1056 1758 περὶ
1087 1694 1389 1749 Φιλίππου
1432 1696 1540 1752 τοῦ
1572 1700 1925 1758 ἀποστόλου

484 1778 753 1845 πολλοὺς
775 1781 1103 1851 ιασαμένου
1132 1784 1229 1839 ἐπὶ
1260 1786 1370 1855 τῆς
1391 1791 1745 1859 Σαμαρείας.

337 1864 343 1873 “
396 1875 449 1924 ι’.
487 1872 622 1939 Περὶ
647 1873 914 1941 Σίμωνος
949 1875 1058 1930 τοῦ
1091 1876 1299 1948 Μάγου
1342 1884 1790 1953 πιστεύσαντος
1826 1888 1925 1942 καὶ

476 1961 924 2033 βαπτισθέντος
964 1966 1087 2022 σὺν
1125 1969 1354 2038 ἑτέροις
1406 1976 1720 2029 πλείοσιν
1768 1978 1839 2031 ἐν
1875 1972 1924 2046 ᾦ

481 2053 611 2119 περὶ
645 2052 754 2122 τῆς
783 2054 1010 2125 Πέτρου
1040 2058 1141 2115 καὶ
1184 2060 1466 2116 Ἰωάννου
1506 2063 1657 2132 πρὸς
1701 2067 1923 2133 αὐτοὺς

480 2144 855 2216 ἀποστολῆς,
879 2149 979 2202 καὶ
1019 2150 1344 2220 ἐπίκλησις
1381 2154 1488 2209 τοῦ
1528 2156 1702 2226 ἀγίου
1731 2161 1924 2213 Πνεύ-

476 2252 664 2305 ματος
685 2238 783 2292 ἐπὶ
803 2240 947 2308 τοὺς
962 2242 1431 2312 βαπτισθέντας.

353 2334 442 2385 ια’.
484 2328 613 2383 Ὅτι
658 2332 771 2386 οὑκ
823 2332 1112 2402 ἀργυρίου
1163 2337 1306 2390 οὐδὲ
1337 2339 1706 2408 ὑποκριταῖς,
1762 2342 1924 2399 ἀλλὰ

472 2425 666 2493 ἁγίοις
690 2425 788 2479 διὰ
808 2428 1067 2496 πίστεως
1096 2429 1134 2497 ἠ
1152 2431 1381 2500 μετοχὴ
1415 2432 1522 2486 τοῦ
1552 2434 1726 2503 ἁγίου
1741 2438 1923 2492 Πνεύ-

472 2534 662 2587 ματος
698 2516 952 2574 δίδοται·
990 2521 1062 2575 ἐν
1085 2515 1220 2588 ᾦτὰ
1239 2524 1370 2593 περὶ
1405 2527 1782 2598 ὑποκρίσεως
1824 2529 1923 2584 καὶ

477 2606 857 2679 ὲπιπλήξεως
892 2617 1178 2683 Σίμωνος.

358 2698 449 2771 ιβ’.
485 2703 615 2757 Ὀτι
646 2704 771 2771 τοῖς
794 2706 1035 2776 ἀγαθοῖς
1060 2709 1157 2763 καὶ
1187 2712 1426 2778 πιστοῖς
1455 2712 1658 2768 εὐοδοῖ
1681 2712 1795 2784 τὴν
1814 2732 1919 2769 σωσ

476 2796 691 2862 τηρίαν
723 2799 757 2850 ό
809 2797 974 2865 Θεὸς,
1008 2798 1204 2871 δῆμον
1239 2802 1308 2857 ἐκ
1355 2802 1465 2873 τῆς
1494 2807 1645 2861 κατὰ
1684 2809 1791 2860 τὸν
1822 2810 1921 2863 εὑ-

475 2888 587 2943 νοῦ
589 2906 703 2957 χον
739 2891 1081 2961 ὑποθέσεως
1092 2933 1108 2949 .

355 3069 445 3133 ιγ’.
477 3066 615 3130 Περὶ
636 3066 746 3134 τῆς
782 3068 1114 3135 οὐρανόθεν
1157 3071 1324 3137 θείας
1365 3072 1643 3140 κλήσεως
1672 3075 1917 3129 Παυλου

474 3159 562 3222 είς
590 3158 945 3228 ἀποστολὴν
998 3162 1277 3229 Χριστοῦ.
1315 3164 1418 3217 Ἐν
1447 3158 1495 3231 ᾧ
1524 3165 1660 3234 περὶ
1694 3167 1914 3235 ίάσεως

477 3249 578 3303 καὶ
600 3250 1020 3322 βαπτίσματος
1052 3256 1297 3310 Παύλου
1330 3256 1428 3312 διὰ
1468 3258 1735 3313 Ἀνανίου
1764 3261 1914 3315 κατὰ

474 3342 870 3414 ἀποκάλυψιν
893 3346 1063 3413 Θεοῦ,
1096 3350 1436 3418 παρρησίας
1465 3366 1528 3403 τε
1550 3349 1739 3405 αὐτοῦ
1767 3366 1920 3407 συνκ-

475 3421 687 3504 τῦχίας
717 3436 830 3506 τῆς
860 3438 959 3493 διὰ
997 3441 1273 3509 Βαρνάϐα
1296 3440 1448 3510 πρὸς
1481 3441 1625 3509 τοὺς
1653 3442 1919 3498 ἀποστό-

478 3530 649 3595 λους.

358 3618 421 3673 ιδ’
428 3662 442 3675 .
481 3621 622 3690 Περὶ
658 3621 839 3678 Αἰνέα
872 3625 1283 3693 παραλυτικοῦ
1321 3625 1593 3694 ίαθέντος
1619 3626 1690 3681 ἐν
1713 3626 1915 3698 Λύδδῃ

476 3714 575 3770 διὰ
596 3714 821 3785 Πέτρου
843 3734 858 3748 °
910 3718 982 3771 ἐν
1007 3712 1055 3786 ᾧ
1074 3718 1146 3772 τὰ
1178 3720 1311 3788 περὶ
1357 3720 1588 3790 Ταϐηθὰ
1611 3719 1724 3788 τῆς
1748 3723 1918 3790 φιλο-

474 3805 687 3874 χήρου,
740 3806 822 3876 ἣν
845 3807 1082 3879 ἤγειρεν
1113 3810 1182 3865 ἐκ
1229 3809 1460 3881 νεκρῶν
1487 3814 1521 3866 ό
1563 3809 1786 3880 Πέτρος
1820 3809 1918 3864 διὰ

476 3901 826 3971 προσευχῆς
853 3903 926 3958 ἐν
961 3902 1207 3975 Ἰόππη.

354 3988 439 4045 ιε’.
471 3991 611 4060 Περὶ
636 3994 995 4064 Κορνηλίου,
1027 3995 1144 4049 ὅσα
1169 4012 1233 4050 τε
1269 3996 1419 4066 πρὸς
1448 3996 1636 4051 αὑτὸν
1662 3999 1695 4050 ό
1740 3994 1915 4066 ἄγγε-

474 4086 587 4150 λος
615 4080 764 4151 εἷπε,
792 4086 892 4140 καὶ
939 4086 1057 4141 ὅσα
1099 4087 1289 4143 πάλιν
1338 4089 1538 4159 Πέτρῳ
1584 4092 1915 4158 οὐρανόθεν

474 4173 611 4240 περὶ
639 4176 916 4242 κλήσεως
958 4177 1152 4233 ἐθνῶν
1176 4180 1406 4248 ἐρῤέθη.
1446 4174 1606 4249 Ὲνῷ
1624 4180 1713 4234 ὅτι
1735 4196 1913 4250 μετα-

476 4268 722 4337 σταλεις
748 4270 1013 4339 όΠέτρος
1030 4267 1181 4343 ἦλθε
1209 4273 1358 4342 πρὸς
1371 4273 1722 4343 Κορνήλιον.
1748 4275 1915 4327 Ἐπιι-

477 4361 748 4431 νάληψις
786 4363 945 4434 παρὰ
969 4364 1079 4419 τοῦ
1102 4366 1461 4434 Κορνηλίου,
1488 4359 1577 4419 ὧν
1598 4367 1632 4419 ό
1660 4364 1911 4435 ἄγγελος

479 4458 933 4527 ἐπεμαρτύρησε
963 4457 1060 4512 καὶ
1094 4458 1455 4528 ὑφηγήσατο
1491 4456 1652 4524 αὐτῷ
1689 4462 1915 4528 Κορνη-

479 4550 609 4618 λίῳ.
648 4551 876 4620 Πέτρου
914 4550 1253 4621 κατήχησις
1271 4552 1361 4617 είς
1397 4551 1656 4620 Χριστὸν
1692 4551 1797 4604 τοῦ
1850 4567 1916 4604 τε

481 4643 652 4712 ἁγίου
711 4645 1059 4713 Πνεύματος
1086 4642 1186 4697 ἐπὶ
1240 4642 1382 4709 τοὺς
1423 4643 1763 4710 ἀκούοντας
1808 4642 1918 4696 δω-

470 4734 614 4803 ρεὰ”
656 4734 758 4790 καὶ
804 4736 964 4801 ὅπως
1009 4736 1463 4804 ἐϐαπτίσθησαν
1519 4737 1575 4789 oi
1616 4734 1687 4801 ἐξ
1724 4734 1915 4789 ἐθνῶν

479 4829 942 4895 πιστεύσαντες.

339 4918 435 4989 ις’.
480 4922 572 4984 Ὠς
604 4918 826 4989 Πέτρος
868 4920 940 4974 τὰ
977 4919 1231 4989 καθεξῆς
1286 4920 1385 4975 καὶ
1424 4918 1496 4974 τὰ
1531 4920 1761 4975 ἕκαστα
1797 4920 1915 4975 τῶν

481 5016 809 5085 γεγονότων
835 5012 1120 5082 διηγεῖται
1147 5012 1271 5079 τοῖς
1298 5012 1666 5079 ἀποστόλοις
1687 5012 1913 5083 διακρι-

478 5108 633 5161 θεῑσι
670 5108 820 5175 πρὸς
847 5105 1038 5161 αὐτὸν
1079 5104 1147 5158 τὸ
1204 5104 1492 5172 τηνίκαδε
1539 5106 1648 5159 τὸν
1682 5106 1916 5174 Βαρνά-

479 5203 592 5253 ϐαν
610 5198 956 5270 ἑκπέμψασι
982 5198 1131 5268 πρὸς
1152 5197 1293 5263 τοὺς
1317 5197 1388 5252 ἐν
1403 5198 1729 5267 Ἀντιοχείᾳ
1749 5197 1919 5252 ἀδελ·

476 5311 653 5364 ρους.

364 5383 447 5449 ιζ’.
479 5385 815 5454 Προφητεία
848 5382 1092 5456 Ἀγάϐου
1112 5381 1246 5451 περὶ
1265 5381 1444 5452 λιμοῦ
1478 5381 1915 5452 οίκουμενικοῦ,

480 5485 577 5534 καὶ
597 5478 968 5548 καρποφορία
986 5476 1137 5547 πρὸς
1150 5476 1293 5543 τοὺς
1307 5476 1377 5531 ἐν
1404 5477 1725 5547 Ἀντιοχείᾳ
1742 5476 1918 5533 ἀδελ-

479 5575 653 5644 φούς.

365 5675 459 5744 ιη’.
490 5667 760 5722 Ἰακώϐου
800 5667 906 5723 τοῦ
942 5668 1294 5724 ἀποστόλου
1336 5662 1720 5737 κατασφαγὴ,
1756 5666 1827 5720 ἐν
1866 5657 1916 5733 ᾧ

478 5763 706 5833 Πέτρου
757 5764 1074 5833 σύλληψις
1125 5764 1275 5833 πρὸς
1317 5759 1607 5831 Ἡρώδου·
1643 5760 1804 5826 ὅπως
1851 5776 1916 5814 τε

410 5886 419 5893 -
481 5858 668 5914 αὑτὸν
696 5859 730 5912 ό
786 5856 1041 5927 ἅγγελος
1074 5859 1209 5923 θείῳ
1256 5856 1619 5925 κελεύσματι
1646 5854 1913 5919 ἐξείλετο

481 5950 599 6006 τῶν
622 5948 880 6020 δεσμῶν.
908 5951 1018 6005 Καὶ
1045 5953 1077 6006 ό
1102 5948 1324 6019 Πέτρος
1353 5950 1627 6019 ἐμφανὴς
1672 5950 1913 6019 γενόμε-

2170 603 2329 656 etiam
2361 601 2425 656 de
2456 601 2616 671 fame,
2637 599 3153 669 frumentiemptione
3171 616 3233 653 ac
3264 604 3617 673 recognitione

2175 694 2408 763 ﬁliorum
2437 693 2605 749 Iacob
2647 695 2964 759 continetur,
2984 704 3030 747 et
3052 696 3114 747 de
3132 696 3411 749 natiuitate
3441 695 3610 759 Mosi.

2171 785 2451 855 divinaque
2494 785 2563 837 ad
2609 800 2727 838 cum
2778 785 3113 853 apparitione
3150 785 3297 855 facta
3340 787 3394 839 in
3436 799 3615 840 monze

2171 871 2322 939 Sina,
2350 879 2413 929 de
2440 890 2650 945 egressu
2677 874 2912 944 ﬁliorum
2939 873 3132 942 Israel,
3156 887 3203 929 ct
3232 878 3383 931 uituli
3409 878 3616 947 forma-

2175 968 2316 1022 tione
2349 983 2508 1038 usque
2541 966 2610 1020 ad
2655 975 2891 1036 tempora
2923 965 3227 1023 Salomonis
3272 986 3290 1023 :
3334 971 3399 1024 de
3436 973 3614 1041 templi

2175 1060 2545 1128 wdiﬂcatione.
2567 1059 2841 1128 Confessio
2867 1063 3245 1127 supercaslestis
3268 1064 3451 1133 gloria’
3482 1062 3612 1119 .lesu

2177 1148 2379 1203 Christi
2404 1150 2672 1217 Stephano
2701 1150 2964 1214 reveletur,
2988 1151 3045 1204 in
3072 1168 3175 1222 qua
3202 1152 3273 1220 la,
3295 1154 3473 1208 idatus
3500 1155 3613 1223 ipse

2173 1239 2475 1312 Stephanus
2510 1241 2753 1312 religiose
2784 1242 3101 1298 obdormiuit

2069 1606 2124 1663 9.
2168 1605 2243 1660 De
2266 1607 2627 1675 persecutione
2655 1606 2906 1663 Ecclesia:
2936 1618 2984 1663 et
3012 1609 3284 1678 sepultura
3311 1610 3566 1679 Stephani
3590 1630 3613 1669 :

2171 1698 2225 1751 in
2253 1714 2354 1768 quo
2397 1700 2577 1752 etiantx
2605 1700 2784 1769 agitur
2822 1699 2888 1753 de
2934 1700 3179 1770 Philippo
3223 1704 3489 1771 apostolo,
3522 1706 3614 1775 qui

2174 1789 2370 1844 multos
2406 1791 2461 1844 in
2494 1790 2745 1845 Samaria
2781 1792 3025 1846 curabat.

2034 1878 2119 1934 10.
2169 1878 2244 1933 De
2278 1877 2493 1934 Simone
2522 1878 2680 1950 Mago
2711 1883 2800 1953 qui
2827 1898 2943 1935 cum
2974 1882 3216 1951 pluribus
3239 1886 3362 1941 aliis
3391 1887 3617 1942 credidit

2166 1982 2216 2026 et
2249 1973 2555 2043 baptizatus
2581 1983 2657 2027 est
2698 1989 2716 2027 :
2751 1975 2806 2029 in
2836 1992 2939 2045 quo
2975 1978 3136 2030 etiam
3169 1979 3347 2047 agitur
3374 1978 3438 2032 de
3466 1978 3615 2032 Petri

2165 2074 2215 2119 et
2244 2063 2471 2119 Joannis
2503 2065 2571 2119 ad
2599 2083 2685 2120 eos
2715 2068 2994 2137 legatione,
3018 2081 3063 2123 et
3090 2071 3418 2125 invocatione
3439 2073 3612 2126 sancti

2170 2150 2404 2220 Spiritus
2438 2169 2595 2223 super
2621 2170 2709 2209 eos
2737 2156 2827 2224 qui
2864 2154 3122 2225 baptizati
3155 2167 3329 2212 erant.

2027 2327 2113 2381 1!.
2158 2327 2315 2395 Quod
2375 2345 2480 2383 non
2534 2338 2777 2401 argento,
2832 2346 2995 2401 neque
3042 2331 3468 2399 simulatoribus,
3519 2334 3611 2387 scd

2154 2420 2366 2499 {sanctis
2399 2435 2491 2489 per
2520 2421 2677 2489 [idem
2720 2419 2956 2489 Spiritus
2990 2421 3165 2475 sancti
3197 2424 3609 2478 communicatio

2163 2510 2326 2565 datur
2352 2528 2371 2566 :
2404 2515 2458 2566 in
2490 2529 2592 2583 quo
2627 2514 2789 2567 etiam
2827 2524 3097 2582 ponuntur
3129 2530 3248 2584 quia
3280 2526 3404 2570 sunt
3442 2517 3507 2571 de
3536 2517 3611 2572 si-

2166 2604 2455 2658 mulatione
2483 2621 2547 2657 ac
2576 2605 2946 2675 objurgatione
2977 2605 3233 2660 Simonis.

2026 2694 2111 2748 η.
2155 2695 2308 2761 Quod
2365 2705 2668 2749 sanctorum
2720 2710 2784 2749 ac
2836 2696 3076 2764 ﬁdelium
3131 2699 3397 2752 communi
3444 2699 3613 2753 saluti

2166 2784 2307 2839 Deus
2339 2800 2650 2855 prosperum
2680 2787 2880 2839 tribuat
2921 2802 3245 2853 successum,
3278 2799 3487 2858 sumpto
3519 2808 3610 2844 ar-

2161 2892 2413 2952 gumento
2453 2899 2523 2937 ex
2564 2883 2649 2937 his
2694 2899 2813 2955 qua!
2852 2886 2996 2937 circa
3041 2885 3338 2939 eunuchum
3379 2890 3611 2961 contige«

2164 2986 2310 3031 runt.

2025 3067 2111 3121 15.
2155 3066 2228 3121 οε
2275 3068 2453 3122 divina
2496 3067 2656 3123 Pauli
2690 3071 2762 3124 ad
2806 3072 3007 3131 Christi
3051 3076 3409 3146 apostolatum
3449 3091 3607 3129 voca-

2164 3161 2305 3215 tione
2330 3161 2538 3215 ewlitus
2576 3161 2754 3231 facta,
2798 3167 2857 3219 in
2895 3184 2997 3238 quo
3029 3170 3189 3222 etiam
3220 3169 3399 3238 agitur
3429 3166 3494 3220 de
3521 3182 3612 3220 sa-

2165 3253 2272 3306 lute
2300 3260 2351 3305 et
2385 3251 2704 3321 baptismate
2727 3253 2905 3309 Pauli.
2922 3272 3016 3325 per
3034 3259 3305 3312 Arsaniam
3333 3257 3495 3326 juxta
3515 3255 3612 3309 Dei

2167 3342 2629 3411 revelationem,et
2664 3344 2908 3415 loquendi
2940 3347 3206 3413 libertate,
3236 3364 3299 3401 ac
3328 3360 3609 3400 conversa-

2166 3439 2305 3492 tione
2341 3453 2465 3508 erga
2501 3437 2770 3508 apostolos
2802 3453 2895 3508 per
2924 3439 3235 3494 Barnabam
3266 3447 3566 3495 contracta.

2021 3641 2106 3697 li.
2154 3639 2230 3696 De
2260 3639 2438 3695 Enen
2462 3641 2762 3712 paralytico
2784 3639 2984 3713 Lycida:
3006 3656 3100 3711 per
3125 3640 3344 3697 Petrum
3369 3653 3557 3699 curato
3586 3659 3607 3698 :

2161 3737 2214 3790 in
2253 3751 2355 3806 quo
2401 3736 2580 3807 agitur
2615 3737 2776 3790 etiam
2816 3737 2881 3790 de
2924 3736 3149 3791 Tabitha
3187 3736 3384 3792 dilecta
3415 3739 3607 3803 vidua,

2157 3841 2319 3894 quam
2365 3824 2559 3881 Petrus
2598 3825 2782 3896 Joppte
2821 3841 2912 3894 per
2959 3827 3254 3882 orationem
3304 3842 3338 3880 a
3380 3829 3606 3882 mortuis

2158 3918 2427 3973 excitavit.

2021 4010 2106 4065 15.
2147 4009 2224 4064 De
2256 4009 2527 4074 Cornelio,
2572 4024 2790 4080 quisque
2828 4010 3048 4081 angelus
3091 4008 3160 4065 ad
3193 4025 3313 4066 eum
3353 4011 3513 4078 dixit,
3552 4022 3604 4066 et

2155 4119 2273 4174 qua:
2304 4118 2519 4156 rursum
2542 4101 2704 4157 Petro
2735 4103 2942 4157 caelitus
2970 4103 3036 4159 de
3068 4105 3304 4176 gentium
3333 4107 3604 4161 vocatione

2159 4195 2306 4251 dicta
2333 4205 2457 4251 sunt
2489 4211 2509 4250 :
2538 4195 2592 4250 in
2623 4211 2725 4266 quo
2764 4205 3042 4262 narratur,
3079 4196 3220 4267 quod
3254 4202 3603 4256 transmissus

2158 4288 2351 4345 Petrus
2381 4290 2577 4343 venerit
2609 4288 2679 4342 ad
2708 4288 3034 4345 Cornelium.
3057 4287 3381 4358 Repetuntur
3407 4308 3441 4347 a
3469 4291 3605 4349 Cor-

2157 4381 2295 4436 nelio
2322 4395 2440 4452 qua:
2463 4379 2681 4450 angelus
2707 4378 2883 4449 fuerat
2907 4388 3157 4446 testatus,
3179 4380 3384 4452 ipsique
3403 4380 3603 4436 Corne-

2157 4473 2229 4527 lio
2274 4479 2612 4526 narraverat.
2655 4468 2808 4525 Petri
2846 4473 3134 4527 instructio
3174 4472 3239 4528 de
3273 4471 3510 4540 Christo,
3540 4491 3604 4528 ac

2155 4564 2387 4635 Spiritus
2409 4564 2606 4628 sancti,
2630 4579 2787 4633 super
2809 4580 2895 4619 eos
2919 4566 3010 4634 qui
3035 4564 3344 4629 audiebant,
3368 4564 3601 4619 donum:

2158 4670 2208 4715 et
2248 4656 2509 4732 quomodo
2558 4659 2817 4729 baptizati
2862 4658 3084 4728 fuerint,
3126 4659 3218 4729 qui
3259 4673 3327 4712 ex
3363 4659 3603 4729 gentibus

2160 4750 2516 4806 crediderant.

2025 4940 2111 4993 16.
2148 4937 2426 5006 Quomodo
2468 4936 2662 4993 Petrus
2695 4938 2939 5008 deinceps
2981 4939 3143 4992 etiam
3182 4936 3396 5008 singula
3422 4953 3604 4992 eorum

2160 5045 2276 5098 qua!
2309 5038 2431 5082 acta
2463 5036 2587 5082 sunt
2620 5036 2813 5082 narrat
2847 5027 3104 5097 apostolis
3143 5026 3392 5080 adversus
3428 5026 3603 5093 ipsum

2156 5119 2600 5189 disceptantibus.
2658 5118 2807 5174 Tunc
2865 5118 3043 5173 autem
3087 5116 3399 5171 Barnabam
3444 5116 3603 5168 misc-

2161 5222 2283 5267 runt
2319 5212 2387 5267 ad
2421 5213 2619 5283 fratres
2647 5215 2739 5285 qui
2763 5222 2916 5268 erant
2946 5211 3257 5267 Antiochiae.

2019 5399 2107 5454 1⁸7.
2151 5395 2439 5467 Prophetia
2462 5395 2635 5467 Agabi
2662 5393 2726 5448 de
2754 5392 2991 5466 generali
3028 5406 3119 5460 per
3144 5390 3322 5447 orbem
3355 5388 3516 5457 fame,
3549 5396 3599 5440 et

2157 5488 2487 5558 eleemosyna
2516 5487 2741 5541 collecta
2773 5484 2912 5554 apud
2936 5483 3134 5553 fratres
3165 5482 3257 5553 qui
3315 5486 3468 5533 erant
3489 5477 3603 5529 An-

2159 5581 2387 5637 tiochite.

2017 5677 2104 5734 i8.
2144 5673 2339 5730 Jacobi
2372 5673 2600 5745 apostoli
2627 5673 2983 5742 interemptio,
3008 5672 3065 5726 in
3084 5685 3188 5738 quo
3217 5682 3472 5724 narratur
3498 5667 3604 5722 Pe-

2160 5770 2227 5822 tri
2262 5765 2327 5822 ab
2358 5765 2568 5821 Herode
2597 5766 2987 5834 comprehensio
3010 5780 3031 5819 :
3056 5773 3105 5818 et
3137 5763 3397 5832 quomodo
3428 5763 3639 5830 ipsum-

2157 5861 2372 5931 angelus
2430 5860 2606 5914 divino
2655 5859 2819 5929 jussu
2851 5874 2883 5912 a
2916 5856 3140 5911 uinculis
3188 5853 3429 5908 liberauit
3480 5868 3499 5906 :
3545 5860 3603 5906 et

2158 5949 2351 6006 Petrus
2395 5949 2487 6006 ubi
2534 5949 2796 6021 fratribus
2846 5958 3005 6004 noctu
3048 5947 3404 6015 apparuisset,
3456 5944 3599 5998 clam
