  <div class='ocr_page' id='page_1' title='image "/cluster/home/n/w/nwhite01/storage/ocr_20150623/118/hvd.32044019208149/027.png"; bbox 0 0 4058 6560; ppageno 0'>
   <div class='ocr_carea' id='block_1_1' title="bbox 482 432 2073 532">
    <p class='ocr_par' dir='ltr' id='par_1_1' title="bbox 482 440 2073 532">
     <span class='ocr_line' id='line_1_1' title="bbox 482 440 2073 532; baseline -0.019 -2"><span class='ocrx_word' id='word_1_1' title='bbox 482 462 553 532; x_wconf 84' lang='lat'><strong>39</strong></span> <span class='ocrx_word' id='word_1_2' title='bbox 1590 440 1994 508; x_wconf 81' lang='lat' dir='ltr'><strong><em>(ECUMENII</em></strong></span> <span class='ocrx_word' id='word_1_3' title='bbox 2016 441 2073 500; x_wconf 56' lang='lat' dir='ltr'><strong><em>T‘</em></strong></span> 
     </span>
    </p>
   </div>
   <div class='ocr_carea' id='block_1_2' title="bbox 2186 432 3754 532">
    <p class='ocr_par' dir='ltr' id='par_1_2' title="bbox 2186 432 3754 507">
     <span class='ocr_line' id='line_1_2' title="bbox 2186 432 3754 507; baseline -0.01 -8"><span class='ocrx_word' id='word_1_4' title='bbox 2186 436 2323 499; x_wconf 66' lang='lat' dir='ltr'><strong><em>30A:</em></strong></span> <span class='ocrx_word' id='word_1_5' title='bbox 2359 432 2699 497; x_wconf 77' lang='lat' dir='ltr'><strong><em>EPISCOI&#39;I</em></strong></span> <span class='ocrx_word' id='word_1_6' title='bbox 3683 443 3754 507; x_wconf 70' lang='grc' dir='ltr'><strong><em>ιο</em></strong></span> 
     </span>
    </p>
   </div>
   <div class='ocr_carea' id='block_1_3' title="bbox 625 558 2060 634">
    <p class='ocr_par' dir='ltr' id='par_1_3' title="bbox 625 558 2060 634">
     <span class='ocr_line' id='line_1_3' title="bbox 625 558 2060 634; baseline -0.013 -10"><span class='ocrx_word' id='word_1_7' title='bbox 625 568 868 624; x_wconf 86' lang='lat' dir='ltr'><strong><em>discessit</em></strong></span> <span class='ocrx_word' id='word_1_8' title='bbox 896 583 912 621; x_wconf 91' lang='lat'><strong><em>:</em></strong></span> <span class='ocrx_word' id='word_1_9' title='bbox 947 567 1000 619; x_wconf 91' lang='lat' dir='ltr'><strong><em>in</em></strong></span> <span class='ocrx_word' id='word_1_10' title='bbox 1031 581 1133 634; x_wconf 83' lang='lat' dir='ltr'><strong><em>quo</em></strong></span> <span class='ocrx_word' id='word_1_11' title='bbox 1170 569 1447 624; x_wconf 76' lang='lat' dir='ltr'><strong><em>narratur,</em></strong></span> <span class='ocrx_word' id='word_1_12' title='bbox 1472 570 1522 614; x_wconf 90' lang='lat' dir='ltr'><strong><em>et</em></strong></span> <span class='ocrx_word' id='word_1_13' title='bbox 1556 559 1620 614; x_wconf 86' lang='lat' dir='ltr'><strong><em>de</em></strong></span> <span class='ocrx_word' id='word_1_14' title='bbox 1648 558 1849 613; x_wconf 91' lang='lat' dir='ltr'><strong><em>ultione</em></strong></span> <span class='ocrx_word' id='word_1_15' title='bbox 1883 562 2060 608; x_wconf 81' lang='lat' dir='ltr'><strong><em>custo-</em></strong></span> 
     </span>
    </p>
   </div>
   <div class='ocr_carea' id='block_1_4' title="bbox 625 649 2063 727">
    <p class='ocr_par' dir='ltr' id='par_1_4' title="bbox 625 649 2063 727">
     <span class='ocr_line' id='line_1_4' title="bbox 625 649 2063 727; baseline -0.011 -12"><span class='ocrx_word' id='word_1_16' title='bbox 625 663 772 725; x_wconf 85' lang='lat' dir='ltr'><strong><em>dum,</em></strong></span> <span class='ocrx_word' id='word_1_17' title='bbox 809 670 859 715; x_wconf 89' lang='lat' dir='ltr'><strong><em>et</em></strong></span> <span class='ocrx_word' id='word_1_18' title='bbox 900 665 1272 727; x_wconf 72' lang='lat' dir='ltr'><strong><em>consequenter</em></strong></span> <span class='ocrx_word' id='word_1_19' title='bbox 1324 654 1388 709; x_wconf 91' lang='lat' dir='ltr'><strong><em>de</em></strong></span> <span class='ocrx_word' id='word_1_20' title='bbox 1424 653 1575 723; x_wconf 89' lang='lat' dir='ltr'><strong><em>impii</em></strong></span> <span class='ocrx_word' id='word_1_21' title='bbox 1603 650 1833 710; x_wconf 78' lang='lat' dir='ltr'><strong><em>Herodis</em></strong></span> <span class='ocrx_word' id='word_1_22' title='bbox 1870 649 2063 702; x_wconf 88' lang='lat' dir='ltr'><strong><em>misera</em></strong></span> 
     </span>
    </p>
   </div>
   <div class='ocr_carea' id='block_1_5' title="bbox 621 747 1266 821">
    <p class='ocr_par' dir='ltr' id='par_1_5' title="bbox 621 747 1266 821">
     <span class='ocr_line' id='line_1_5' title="bbox 621 747 1266 821; baseline -0.006 -18"><span class='ocrx_word' id='word_1_23' title='bbox 621 751 913 821; x_wconf 75' lang='lat' dir='ltr'><strong><em>ttceibaque</em></strong></span> <span class='ocrx_word' id='word_1_24' title='bbox 952 747 1266 817; x_wconf 73' lang='lat' dir='ltr'><strong><em>perditione.</em></strong></span> 
     </span>
    </p>
   </div>
   <div class='ocr_carea' id='block_1_6' title="bbox 487 914 2063 997">
    <p class='ocr_par' dir='ltr' id='par_1_6' title="bbox 487 914 2063 997">
     <span class='ocr_line' id='line_1_6' title="bbox 487 914 2063 997; baseline -0.008 -17"><span class='ocrx_word' id='word_1_25' title='bbox 487 928 568 983; x_wconf 71' lang='lat' dir='ltr'><strong><em>i9.</em></strong></span> <span class='ocrx_word' id='word_1_26' title='bbox 615 925 832 997; x_wconf 84' lang='lat' dir='ltr'><strong><em>Legatio</em></strong></span> <span class='ocrx_word' id='word_1_27' title='bbox 881 922 1148 979; x_wconf 76' lang='lat' dir='ltr'><strong><em>Barnabaz</em></strong></span> <span class='ocrx_word' id='word_1_28' title='bbox 1184 930 1233 976; x_wconf 89' lang='lat' dir='ltr'><strong><em>et</em></strong></span> <span class='ocrx_word' id='word_1_29' title='bbox 1285 918 1446 974; x_wconf 88' lang='lat' dir='ltr'><strong><em>Pauli</em></strong></span> <span class='ocrx_word' id='word_1_30' title='bbox 1484 935 1516 972; x_wconf 91' lang='lat' dir='ltr'><strong><em>a</em></strong></span> <span class='ocrx_word' id='word_1_31' title='bbox 1549 916 1726 971; x_wconf 84' lang='lat' dir='ltr'><strong><em>divino</em></strong></span> <span class='ocrx_word' id='word_1_32' title='bbox 1764 914 1971 982; x_wconf 88' lang='lat' dir='ltr'><strong><em>Spiritu</em></strong></span> <span class='ocrx_word' id='word_1_33' title='bbox 2012 914 2063 967; x_wconf 93' lang='lat' dir='ltr'><strong><em>in</em></strong></span> 
     </span>
    </p>
   </div>
   <div class='ocr_carea' id='block_1_7' title="bbox 626 1005 2067 1088">
    <p class='ocr_par' dir='ltr' id='par_1_7' title="bbox 626 1005 2067 1088">
     <span class='ocr_line' id='line_1_7' title="bbox 626 1005 2067 1088; baseline -0.01 -15"><span class='ocrx_word' id='word_1_34' title='bbox 626 1017 883 1088; x_wconf 83' lang='lat' dir='ltr'><strong><em>Cyprum,</em></strong></span> <span class='ocrx_word' id='word_1_35' title='bbox 917 1031 1134 1086; x_wconf 73' lang='lat' dir='ltr'><strong><em>qumque</em></strong></span> <span class='ocrx_word' id='word_1_36' title='bbox 1160 1015 1216 1068; x_wconf 89' lang='lat' dir='ltr'><strong><em>in</em></strong></span> <span class='ocrx_word' id='word_1_37' title='bbox 1245 1010 1478 1083; x_wconf 82' lang='lat' dir='ltr'><strong><em>Elyman</em></strong></span> <span class='ocrx_word' id='word_1_38' title='bbox 1507 1024 1716 1079; x_wconf 87' lang='lat' dir='ltr'><strong><em>magum</em></strong></span> <span class='ocrx_word' id='word_1_39' title='bbox 1746 1022 1836 1076; x_wconf 88' lang='lat' dir='ltr'><strong><em>per</em></strong></span> <span class='ocrx_word' id='word_1_40' title='bbox 1868 1005 2067 1063; x_wconf 90' lang='lat' dir='ltr'><strong><em>Christi</em></strong></span> 
     </span>
    </p>
   </div>
   <div class='ocr_carea' id='block_1_8' title="bbox 625 1109 1226 1178">
    <p class='ocr_par' dir='ltr' id='par_1_8' title="bbox 625 1109 1226 1178">
     <span class='ocr_line' id='line_1_8' title="bbox 625 1109 1226 1178; baseline -0.007 -15"><span class='ocrx_word' id='word_1_41' title='bbox 625 1126 814 1163; x_wconf 86' lang='lat' dir='ltr'><strong><em>nomen</em></strong></span> <span class='ocrx_word' id='word_1_42' title='bbox 846 1109 1051 1178; x_wconf 82' lang='lat' dir='ltr'><strong><em>operati</em></strong></span> <span class='ocrx_word' id='word_1_43' title='bbox 1082 1115 1226 1161; x_wconf 85' lang='lat' dir='ltr'><strong><em>sunt.</em></strong></span> 
     </span>
    </p>
   </div>
   <div class='ocr_carea' id='block_1_9' title="bbox 483 1280 2062 1343">
    <p class='ocr_par' dir='ltr' id='par_1_9' title="bbox 483 1280 2062 1343">
     <span class='ocr_line' id='line_1_9' title="bbox 483 1280 2062 1343; baseline -0.007 -1"><span class='ocrx_word' id='word_1_44' title='bbox 483 1289 571 1343; x_wconf 75' lang='lat'><strong><em>20.</em></strong></span> <span class='ocrx_word' id='word_1_45' title='bbox 620 1287 664 1341; x_wconf 83' lang='lat' dir='ltr'><em>F</em></span> <span class='ocrx_word' id='word_1_46' title='bbox 670 1289 843 1342; x_wconf 77' lang='lat' dir='ltr'><strong><em>larens</em></strong></span> <span class='ocrx_word' id='word_1_47' title='bbox 898 1286 1061 1341; x_wconf 82' lang='lat' dir='ltr'><strong><em>Pauli</em></strong></span> <span class='ocrx_word' id='word_1_48' title='bbox 1109 1286 1358 1341; x_wconf 73' lang='lat' dir='ltr'><strong><em>doctrina</em></strong></span> <span class='ocrx_word' id='word_1_49' title='bbox 1401 1284 1599 1339; x_wconf 89' lang='lat' dir='ltr'><strong><em>ducens</em></strong></span> <span class='ocrx_word' id='word_1_50' title='bbox 1647 1282 1716 1337; x_wconf 90' lang='lat' dir='ltr'><strong><em>ad</em></strong></span> <span class='ocrx_word' id='word_1_51' title='bbox 1768 1280 2062 1342; x_wconf 90' lang='lat' dir='ltr'><strong><em>Christum,</em></strong></span> 
     </span>
    </p>
   </div>
   <div class='ocr_carea' id='block_1_10' title="bbox 624 1373 2064 1448">
    <p class='ocr_par' dir='ltr' id='par_1_10' title="bbox 624 1373 2064 1448">
     <span class='ocr_line' id='line_1_10' title="bbox 624 1373 2064 1448; baseline -0.006 -16"><span class='ocrx_word' id='word_1_52' title='bbox 624 1390 737 1432; x_wconf 91' lang='lat' dir='ltr'><strong><em>tum</em></strong></span> <span class='ocrx_word' id='word_1_53' title='bbox 771 1394 837 1432; x_wconf 78' lang='lat' dir='ltr'><strong><em>ea:</em></strong></span> <span class='ocrx_word' id='word_1_54' title='bbox 875 1377 1006 1448; x_wconf 91' lang='lat' dir='ltr'><strong><em>lege,</em></strong></span> <span class='ocrx_word' id='word_1_55' title='bbox 1033 1385 1144 1430; x_wconf 91' lang='lat' dir='ltr'><strong><em>tum</em></strong></span> <span class='ocrx_word' id='word_1_56' title='bbox 1172 1386 1356 1446; x_wconf 85' lang='lat' dir='ltr'><strong><em>postea</em></strong></span> <span class='ocrx_word' id='word_1_57' title='bbox 1385 1391 1451 1430; x_wconf 74' lang='lat' dir='ltr'><strong><em>ex</em></strong></span> <span class='ocrx_word' id='word_1_58' title='bbox 1484 1374 1775 1444; x_wconf 72' lang='lat' dir='ltr'><strong><em>prophetis,</em></strong></span> <span class='ocrx_word' id='word_1_59' title='bbox 1811 1373 2064 1426; x_wconf 58' lang='lat' dir='ltr'><strong><em>historica</em></strong></span> 
     </span>
    </p>
   </div>
   <div class='ocr_carea' id='block_1_11' title="bbox 623 1462 2068 1542">
    <p class='ocr_par' dir='ltr' id='par_1_11' title="bbox 623 1462 2068 1542">
     <span class='ocr_line' id='line_1_11' title="bbox 623 1462 2068 1542; baseline -0.008 -17"><span class='ocrx_word' id='word_1_60' title='bbox 623 1482 672 1525; x_wconf 88' lang='lat' dir='ltr'><strong><em>et</em></strong></span> <span class='ocrx_word' id='word_1_61' title='bbox 701 1470 1027 1542; x_wconf 84' lang='lat' dir='ltr'><strong><em>evangelica,</em></strong></span> <span class='ocrx_word' id='word_1_62' title='bbox 1063 1485 1181 1539; x_wconf 73' lang='lat' dir='ltr'><strong><em>qua:</em></strong></span> <span class='ocrx_word' id='word_1_63' title='bbox 1210 1478 1260 1523; x_wconf 87' lang='lat' dir='ltr'><strong><em>et</em></strong></span> <span class='ocrx_word' id='word_1_64' title='bbox 1292 1467 1566 1522; x_wconf 74' lang='lat' dir='ltr'><strong><em>collectiva</em></strong></span> <span class='ocrx_word' id='word_1_65' title='bbox 1592 1475 1669 1519; x_wconf 83' lang='lat' dir='ltr'><strong><em>est</em></strong></span> <span class='ocrx_word' id='word_1_66' title='bbox 1697 1474 1746 1518; x_wconf 93' lang='lat' dir='ltr'><strong><em>et</em></strong></span> <span class='ocrx_word' id='word_1_67' title='bbox 1778 1462 2068 1516; x_wconf 90' lang='lat' dir='ltr'><strong><em>ratiocina-</em></strong></span> 
     </span>
    </p>
   </div>
   <div class='ocr_carea' id='block_1_12' title="bbox 626 1555 2063 1628">
    <p class='ocr_par' dir='ltr' id='par_1_12' title="bbox 626 1555 2063 1628">
     <span class='ocr_line' id='line_1_12' title="bbox 626 1555 2063 1628; baseline -0.006 -11"><span class='ocrx_word' id='word_1_68' title='bbox 626 1566 754 1617; x_wconf 82' lang='lat' dir='ltr'><strong><em>tiva.</em></strong></span> <span class='ocrx_word' id='word_1_69' title='bbox 800 1562 879 1617; x_wconf 89' lang='lat' dir='ltr'><strong><em>De</em></strong></span> <span class='ocrx_word' id='word_1_70' title='bbox 921 1562 1277 1616; x_wconf 70' lang='lat' dir='ltr'><strong><em>translatione</em></strong></span> <span class='ocrx_word' id='word_1_71' title='bbox 1320 1558 1715 1628; x_wconf 66' lang='lat' dir='ltr'><strong><em>praedicationis</em></strong></span> <span class='ocrx_word' id='word_1_72' title='bbox 1757 1555 1825 1610; x_wconf 89' lang='lat' dir='ltr'><strong><em>ad</em></strong></span> <span class='ocrx_word' id='word_1_73' title='bbox 1868 1566 2063 1626; x_wconf 87' lang='lat' dir='ltr'><strong><em>gentes,</em></strong></span> 
     </span>
    </p>
   </div>
   <div class='ocr_carea' id='block_1_13' title="bbox 622 1650 2065 1724">
    <p class='ocr_par' dir='ltr' id='par_1_13' title="bbox 622 1650 2065 1724">
     <span class='ocr_line' id='line_1_13' title="bbox 622 1650 2065 1724; baseline -0.006 -15"><span class='ocrx_word' id='word_1_74' title='bbox 622 1670 903 1724; x_wconf 89' lang='lat' dir='ltr'><strong><em>eorumque</em></strong></span> <span class='ocrx_word' id='word_1_75' title='bbox 951 1655 1145 1710; x_wconf 80' lang='lat' dir='ltr'><strong><em>ibidem</em></strong></span> <span class='ocrx_word' id='word_1_76' title='bbox 1191 1654 1555 1722; x_wconf 76' lang='lat' dir='ltr'><strong><em>persecutione</em></strong></span> <span class='ocrx_word' id='word_1_77' title='bbox 1606 1668 1668 1706; x_wconf 90' lang='lat' dir='ltr'><strong><em>ac</em></strong></span> <span class='ocrx_word' id='word_1_78' title='bbox 1714 1650 1971 1704; x_wconf 81' lang='lat' dir='ltr'><strong><em>divisione</em></strong></span> <span class='ocrx_word' id='word_1_79' title='bbox 2012 1650 2065 1701; x_wconf 91' lang='lat' dir='ltr'><strong><em>in</em></strong></span> 
     </span>
    </p>
   </div>
   <div class='ocr_carea' id='block_1_14' title="bbox 626 1747 891 1802">
    <p class='ocr_par' dir='ltr' id='par_1_14' title="bbox 626 1747 891 1802">
     <span class='ocr_line' id='line_1_14' title="bbox 626 1747 891 1802; baseline 0.004 -1"><span class='ocrx_word' id='word_1_80' title='bbox 626 1747 891 1802; x_wconf 86' lang='lat' dir='ltr'><strong><em>Iconium.</em></strong></span> 
     </span>
    </p>
   </div>
   <div class='ocr_carea' id='block_1_15' title="bbox 482 1836 2066 1909">
    <p class='ocr_par' dir='ltr' id='par_1_15' title="bbox 482 1836 2066 1909">
     <span class='ocr_line' id='line_1_15' title="bbox 482 1836 2066 1909; baseline -0.006 -13"><span class='ocrx_word' id='word_1_81' title='bbox 482 1841 573 1896; x_wconf 71' lang='lat'><strong><em>9.1.</em></strong></span> <span class='ocrx_word' id='word_1_82' title='bbox 618 1840 896 1909; x_wconf 83' lang='lat' dir='ltr'><strong><em>Quomodo</em></strong></span> <span class='ocrx_word' id='word_1_83' title='bbox 929 1839 1102 1895; x_wconf 82' lang='lat' dir='ltr'><strong><em>Iconii</em></strong></span> <span class='ocrx_word' id='word_1_84' title='bbox 1132 1839 1404 1895; x_wconf 73' lang='lat' dir='ltr'><strong><em>Christum</em></strong></span> <span class='ocrx_word' id='word_1_85' title='bbox 1436 1836 1838 1909; x_wconf 62' lang='lat' dir='ltr'><strong><em>praedicaverint</em></strong></span> <span class='ocrx_word' id='word_1_86' title='bbox 1867 1850 1886 1889; x_wconf 92' lang='lat'><strong><em>:</em></strong></span> <span class='ocrx_word' id='word_1_87' title='bbox 1916 1850 2066 1888; x_wconf 80' lang='lat' dir='ltr'><strong><em>cum-</em></strong></span> 
     </span>
    </p>
   </div>
   <div class='ocr_carea' id='block_1_16' title="bbox 621 1928 2066 2003">
    <p class='ocr_par' dir='ltr' id='par_1_16' title="bbox 621 1928 2066 2003">
     <span class='ocr_line' id='line_1_16' title="bbox 621 1928 2066 2003; baseline -0.006 -15"><span class='ocrx_word' id='word_1_88' title='bbox 621 1951 720 2003; x_wconf 89' lang='lat' dir='ltr'><strong><em>que</em></strong></span> <span class='ocrx_word' id='word_1_89' title='bbox 747 1934 905 1988; x_wconf 89' lang='lat' dir='ltr'><strong><em>multi</em></strong></span> <span class='ocrx_word' id='word_1_90' title='bbox 930 1933 1297 1999; x_wconf 85' lang='lat' dir='ltr'><strong><em>credidissent,</em></strong></span> <span class='ocrx_word' id='word_1_91' title='bbox 1329 1931 1745 2002; x_wconf 83' lang='lat' dir='ltr'><strong><em>persecutionem</em></strong></span> <span class='ocrx_word' id='word_1_92' title='bbox 1774 1928 1921 1999; x_wconf 86' lang='lat' dir='ltr'><strong><em>passi</em></strong></span> <span class='ocrx_word' id='word_1_93' title='bbox 1944 1935 2066 1981; x_wconf 86' lang='lat' dir='ltr'><strong><em>sunt</em></strong></span> 
     </span>
    </p>
   </div>
   <div class='ocr_carea' id='block_1_17' title="bbox 625 2027 877 2095">
    <p class='ocr_par' dir='ltr' id='par_1_17' title="bbox 625 2027 877 2095">
     <span class='ocr_line' id='line_1_17' title="bbox 625 2027 877 2095; baseline 0.008 -16"><span class='ocrx_word' id='word_1_94' title='bbox 625 2027 877 2095; x_wconf 86' lang='lat' dir='ltr'><strong><em>apostoli.</em></strong></span> 
     </span>
    </p>
   </div>
   <div class='ocr_carea' id='block_1_18' title="bbox 481 2113 2067 2187">
    <p class='ocr_par' dir='ltr' id='par_1_18' title="bbox 481 2113 2067 2187">
     <span class='ocr_line' id='line_1_18' title="bbox 481 2113 2067 2187; baseline -0.003 -16"><span class='ocrx_word' id='word_1_95' title='bbox 481 2118 570 2174; x_wconf 76' lang='lat'><strong><em>22.</em></strong></span> <span class='ocrx_word' id='word_1_96' title='bbox 619 2118 691 2173; x_wconf 86' lang='lat' dir='ltr'><strong><em>De</em></strong></span> <span class='ocrx_word' id='word_1_97' title='bbox 720 2118 915 2172; x_wconf 88' lang='lat' dir='ltr'><strong><em>claudo</em></strong></span> <span class='ocrx_word' id='word_1_98' title='bbox 946 2135 979 2172; x_wconf 92' lang='lat' dir='ltr'><strong><em>a</em></strong></span> <span class='ocrx_word' id='word_1_99' title='bbox 1008 2118 1289 2173; x_wconf 86' lang='lat' dir='ltr'><strong><em>nativitate</em></strong></span> <span class='ocrx_word' id='word_1_100' title='bbox 1317 2116 1407 2187; x_wconf 86' lang='lat' dir='ltr'><strong><em>qui</em></strong></span> <span class='ocrx_word' id='word_1_101' title='bbox 1435 2114 1645 2184; x_wconf 79' lang='lat' dir='ltr'><strong><em>Lystris</em></strong></span> <span class='ocrx_word' id='word_1_102' title='bbox 1674 2129 1766 2183; x_wconf 78' lang='lat' dir='ltr'><strong><em>per</em></strong></span> <span class='ocrx_word' id='word_1_103' title='bbox 1797 2113 2067 2183; x_wconf 80' lang='lat' dir='ltr'><strong><em>apostolos</em></strong></span> 
     </span>
    </p>
   </div>
   <div class='ocr_carea' id='block_1_19' title="bbox 622 2206 2068 2277">
    <p class='ocr_par' dir='ltr' id='par_1_19' title="bbox 622 2206 2068 2277">
     <span class='ocr_line' id='line_1_19' title="bbox 622 2206 2068 2277; baseline -0.004 -15"><span class='ocrx_word' id='word_1_104' title='bbox 622 2218 847 2264; x_wconf 88' lang='lat' dir='ltr'><strong><em>curatus</em></strong></span> <span class='ocrx_word' id='word_1_105' title='bbox 876 2218 954 2263; x_wconf 90' lang='lat' dir='ltr'><strong><em>est</em></strong></span> <span class='ocrx_word' id='word_1_106' title='bbox 985 2226 1004 2267; x_wconf 90' lang='lat'><strong><em>:</em></strong></span> <span class='ocrx_word' id='word_1_107' title='bbox 1031 2220 1243 2277; x_wconf 83' lang='lat' dir='ltr'><strong><em>propter</em></strong></span> <span class='ocrx_word' id='word_1_108' title='bbox 1270 2207 1409 2277; x_wconf 89' lang='lat' dir='ltr'><strong><em>quod</em></strong></span> <span class='ocrx_word' id='word_1_109' title='bbox 1436 2206 1514 2261; x_wconf 88' lang='lat' dir='ltr'><strong><em>dii</em></strong></span> <span class='ocrx_word' id='word_1_110' title='bbox 1542 2222 1676 2273; x_wconf 87' lang='lat' dir='ltr'><strong><em>esse,</em></strong></span> <span class='ocrx_word' id='word_1_111' title='bbox 1700 2215 1749 2261; x_wconf 90' lang='lat' dir='ltr'><strong><em>et</em></strong></span> <span class='ocrx_word' id='word_1_112' title='bbox 1780 2206 1960 2275; x_wconf 72' lang='lat' dir='ltr'><strong><em>furore</em></strong></span> <span class='ocrx_word' id='word_1_113' title='bbox 1982 2206 2068 2257; x_wconf 87' lang='lat' dir='ltr'><strong><em>di-</em></strong></span> 
     </span>
    </p>
   </div>
   <div class='ocr_carea' id='block_1_20' title="bbox 623 2295 2070 2370">
    <p class='ocr_par' dir='ltr' id='par_1_20' title="bbox 623 2295 2070 2370">
     <span class='ocr_line' id='line_1_20' title="bbox 623 2295 2070 2370; baseline -0.003 -15"><span class='ocrx_word' id='word_1_114' title='bbox 623 2301 742 2355; x_wconf 78' lang='lat' dir='ltr'><strong><em>uino</em></strong></span> <span class='ocrx_word' id='word_1_115' title='bbox 765 2300 965 2370; x_wconf 89' lang='lat' dir='ltr'><strong><em>agitari</em></strong></span> <span class='ocrx_word' id='word_1_116' title='bbox 991 2301 1088 2355; x_wconf 80' lang='lat' dir='ltr'><strong><em>visi</em></strong></span> <span class='ocrx_word' id='word_1_117' title='bbox 1117 2309 1240 2354; x_wconf 85' lang='lat' dir='ltr'><strong><em>sunt</em></strong></span> <span class='ocrx_word' id='word_1_118' title='bbox 1271 2299 1485 2353; x_wconf 88' lang='lat' dir='ltr'><strong><em>incolis.</em></strong></span> <span class='ocrx_word' id='word_1_119' title='bbox 1521 2295 1621 2351; x_wconf 86' lang='lat' dir='ltr'><strong><em>Ubi</em></strong></span> <span class='ocrx_word' id='word_1_120' title='bbox 1648 2307 1830 2367; x_wconf 87' lang='lat' dir='ltr'><strong><em>postea</em></strong></span> <span class='ocrx_word' id='word_1_121' title='bbox 1862 2295 2070 2365; x_wconf 85' lang='lat' dir='ltr'><strong><em>lapida-</em></strong></span> 
     </span>
    </p>
   </div>
   <div class='ocr_carea' id='block_1_21' title="bbox 626 2389 1665 2446">
    <p class='ocr_par' dir='ltr' id='par_1_21' title="bbox 626 2389 1665 2446">
     <span class='ocr_line' id='line_1_21' title="bbox 626 2389 1665 2446; baseline -0.004 -1"><span class='ocrx_word' id='word_1_122' title='bbox 626 2404 718 2446; x_wconf 91' lang='lat' dir='ltr'><strong><em>tur</em></strong></span> <span class='ocrx_word' id='word_1_123' title='bbox 757 2390 965 2446; x_wconf 87' lang='lat' dir='ltr'><strong><em>Paulus</em></strong></span> <span class='ocrx_word' id='word_1_124' title='bbox 1001 2408 1034 2446; x_wconf 91' lang='lat' dir='ltr'><strong><em>a</em></strong></span> <span class='ocrx_word' id='word_1_125' title='bbox 1061 2389 1268 2446; x_wconf 83' lang='lat' dir='ltr'><strong><em>Judceis</em></strong></span> <span class='ocrx_word' id='word_1_126' title='bbox 1306 2390 1425 2443; x_wconf 86' lang='lat' dir='ltr'><strong><em>urbi</em></strong></span> <span class='ocrx_word' id='word_1_127' title='bbox 1462 2390 1665 2446; x_wconf 82' lang='lat' dir='ltr'><strong><em>vicinis.</em></strong></span> 
     </span>
    </p>
   </div>
   <div class='ocr_carea' id='block_1_22' title="bbox 484 2578 2070 2652">
    <p class='ocr_par' dir='ltr' id='par_1_22' title="bbox 484 2578 2070 2652">
     <span class='ocr_line' id='line_1_22' title="bbox 484 2578 2070 2652; baseline -0.003 -17"><span class='ocrx_word' id='word_1_128' title='bbox 484 2581 569 2636; x_wconf 71' lang='lat'><strong><em>23.</em></strong></span> <span class='ocrx_word' id='word_1_129' title='bbox 621 2581 776 2650; x_wconf 83' lang='lat' dir='ltr'><strong><em>Quod</em></strong></span> <span class='ocrx_word' id='word_1_130' title='bbox 822 2598 926 2637; x_wconf 87' lang='lat' dir='ltr'><strong><em>non</em></strong></span> <span class='ocrx_word' id='word_1_131' title='bbox 964 2590 1210 2652; x_wconf 87' lang='lat' dir='ltr'><strong><em>oporteat</em></strong></span> <span class='ocrx_word' id='word_1_132' title='bbox 1257 2595 1324 2634; x_wconf 76' lang='lat' dir='ltr'><strong><em>ea;</em></strong></span> <span class='ocrx_word' id='word_1_133' title='bbox 1372 2578 1611 2651; x_wconf 88' lang='lat' dir='ltr'><strong><em>gentibus</em></strong></span> <span class='ocrx_word' id='word_1_134' title='bbox 1647 2578 1916 2634; x_wconf 88' lang='lat' dir='ltr'><strong><em>credentes</em></strong></span> <span class='ocrx_word' id='word_1_135' title='bbox 1961 2579 2070 2632; x_wconf 84' lang='lat' dir='ltr'><strong><em>cir-</em></strong></span> 
     </span>
    </p>
   </div>
   <div class='ocr_carea' id='block_1_23' title="bbox 625 2669 2071 2741">
    <p class='ocr_par' dir='ltr' id='par_1_23' title="bbox 625 2669 2071 2741">
     <span class='ocr_line' id='line_1_23' title="bbox 625 2669 2071 2741; baseline -0.003 -15"><span class='ocrx_word' id='word_1_136' title='bbox 625 2671 877 2739; x_wconf 86' lang='lat' dir='ltr'><strong><em>cumcidi,</em></strong></span> <span class='ocrx_word' id='word_1_137' title='bbox 906 2672 1069 2741; x_wconf 73' lang='lat' dir='ltr'><strong><em>juxta</em></strong></span> <span class='ocrx_word' id='word_1_138' title='bbox 1108 2670 1376 2724; x_wconf 86' lang='lat' dir='ltr'><strong><em>decretum</em></strong></span> <span class='ocrx_word' id='word_1_139' title='bbox 1412 2685 1473 2722; x_wconf 88' lang='lat' dir='ltr'><strong><em>ac</em></strong></span> <span class='ocrx_word' id='word_1_140' title='bbox 1512 2669 1824 2723; x_wconf 87' lang='lat' dir='ltr'><strong><em>sententiam</em></strong></span> <span class='ocrx_word' id='word_1_141' title='bbox 1854 2678 2071 2738; x_wconf 90' lang='lat' dir='ltr'><strong><em>aposto-</em></strong></span> 
     </span>
    </p>
   </div>
   <div class='ocr_carea' id='block_1_24' title="bbox 618 2758 2071 2832">
    <p class='ocr_par' dir='ltr' id='par_1_24' title="bbox 618 2758 2071 2832">
     <span class='ocr_line' id='line_1_24' title="bbox 618 2758 2071 2832; baseline -0.004 -15"><span class='ocrx_word' id='word_1_142' title='bbox 618 2763 825 2827; x_wconf 79' lang='lat' dir='ltr'><strong><em>lorum,</em></strong></span> <span class='ocrx_word' id='word_1_143' title='bbox 861 2763 918 2816; x_wconf 80' lang='lat' dir='ltr'><strong><em>in</em></strong></span> <span class='ocrx_word' id='word_1_144' title='bbox 962 2778 1067 2832; x_wconf 91' lang='lat' dir='ltr'><strong><em>quo</em></strong></span> <span class='ocrx_word' id='word_1_145' title='bbox 1107 2763 1321 2831; x_wconf 87' lang='lat' dir='ltr'><strong><em>ponitur</em></strong></span> <span class='ocrx_word' id='word_1_146' title='bbox 1354 2761 1545 2831; x_wconf 74' lang='lat' dir='ltr'><strong><em>legatio</em></strong></span> <span class='ocrx_word' id='word_1_147' title='bbox 1587 2759 1970 2827; x_wconf 85' lang='lat' dir='ltr'><strong><em>apostolorum,</em></strong></span> <span class='ocrx_word' id='word_1_148' title='bbox 2002 2758 2071 2812; x_wconf 87' lang='lat' dir='ltr'><strong><em>ad</em></strong></span> 
     </span>
    </p>
   </div>
   <div class='ocr_carea' id='block_1_25' title="bbox 634 2853 2074 2928">
    <p class='ocr_par' dir='ltr' id='par_1_25' title="bbox 634 2853 2074 2928">
     <span class='ocr_line' id='line_1_25' title="bbox 634 2853 2074 2928; baseline -0.005 -17"><span class='ocrx_word' id='word_1_149' title='bbox 634 2874 725 2912; x_wconf 91' lang='lat' dir='ltr'><strong><em>eos</em></strong></span> <span class='ocrx_word' id='word_1_150' title='bbox 762 2858 853 2928; x_wconf 89' lang='lat' dir='ltr'><strong><em>qui</em></strong></span> <span class='ocrx_word' id='word_1_151' title='bbox 885 2872 913 2911; x_wconf 89' lang='lat' dir='ltr'><strong><em>e</em></strong></span> <span class='ocrx_word' id='word_1_152' title='bbox 950 2856 1191 2926; x_wconf 86' lang='lat' dir='ltr'><strong><em>gentibus</em></strong></span> <span class='ocrx_word' id='word_1_153' title='bbox 1234 2856 1591 2919; x_wconf 82' lang='lat' dir='ltr'><strong><em>crediderunt,</em></strong></span> <span class='ocrx_word' id='word_1_154' title='bbox 1619 2854 1685 2909; x_wconf 83' lang='lat' dir='ltr'><strong><em>de</em></strong></span> <span class='ocrx_word' id='word_1_155' title='bbox 1725 2853 1807 2908; x_wconf 86' lang='lat' dir='ltr'><strong><em>his</em></strong></span> <span class='ocrx_word' id='word_1_156' title='bbox 1836 2868 1952 2923; x_wconf 80' lang='lat' dir='ltr'><strong><em>qua:</em></strong></span> <span class='ocrx_word' id='word_1_157' title='bbox 1981 2853 2074 2905; x_wconf 55' lang='lat' dir='ltr'><strong><em>ob.</em></strong></span> 
     </span>
    </p>
   </div>
   <div class='ocr_carea' id='block_1_26' title="bbox 630 2943 2074 3005">
    <p class='ocr_par' dir='ltr' id='par_1_26' title="bbox 630 2943 2074 3005">
     <span class='ocr_line' id='line_1_26' title="bbox 630 2943 2074 3005; baseline -0.006 -1"><span class='ocrx_word' id='word_1_158' title='bbox 630 2949 894 3005; x_wconf 83' lang='lat' dir='ltr'><strong><em>servanda</em></strong></span> <span class='ocrx_word' id='word_1_159' title='bbox 926 2956 1101 3003; x_wconf 89' lang='lat' dir='ltr'><strong><em>erant.</em></strong></span> <span class='ocrx_word' id='word_1_160' title='bbox 1136 2947 1428 3002; x_wconf 82' lang='lat' dir='ltr'><strong><em>Altcrcatio</em></strong></span> <span class='ocrx_word' id='word_1_161' title='bbox 1459 2946 1621 3002; x_wconf 88' lang='lat' dir='ltr'><strong><em>Pauli</em></strong></span> <span class='ocrx_word' id='word_1_162' title='bbox 1654 2945 1908 3000; x_wconf 74' lang='lat' dir='ltr'><strong><em>adiersus</em></strong></span> <span class='ocrx_word' id='word_1_163' title='bbox 1937 2943 2074 2998; x_wconf 86' lang='lat' dir='ltr'><strong><em>Bar-</em></strong></span> 
     </span>
    </p>
   </div>
   <div class='ocr_carea' id='block_1_27' title="bbox 626 3037 1365 3109">
    <p class='ocr_par' dir='ltr' id='par_1_27' title="bbox 626 3037 1365 3109">
     <span class='ocr_line' id='line_1_27' title="bbox 626 3037 1365 3109; baseline -0.001 -16"><span class='ocrx_word' id='word_1_164' title='bbox 626 3040 820 3094; x_wconf 77' lang='lat' dir='ltr'><strong><em>nabam</em></strong></span> <span class='ocrx_word' id='word_1_165' title='bbox 856 3049 1071 3109; x_wconf 90' lang='lat' dir='ltr'><strong><em>propter</em></strong></span> <span class='ocrx_word' id='word_1_166' title='bbox 1099 3037 1365 3093; x_wconf 79' lang='lat' dir='ltr'><strong><em>Marcum.</em></strong></span> 
     </span>
    </p>
   </div>
   <div class='ocr_carea' id='block_1_28' title="bbox 488 3125 2077 3197">
    <p class='ocr_par' dir='ltr' id='par_1_28' title="bbox 488 3125 2077 3197">
     <span class='ocr_line' id='line_1_28' title="bbox 488 3125 2077 3197; baseline -0.004 -11"><span class='ocrx_word' id='word_1_167' title='bbox 488 3129 576 3189; x_wconf 72' lang='grc'><strong><em>24.</em></strong></span> <span class='ocrx_word' id='word_1_168' title='bbox 624 3130 697 3186; x_wconf 89' lang='lat' dir='ltr'><strong><em>De</em></strong></span> <span class='ocrx_word' id='word_1_169' title='bbox 725 3131 1073 3185; x_wconf 87' lang='lat' dir='ltr'><strong><em>instructione</em></strong></span> <span class='ocrx_word' id='word_1_170' title='bbox 1118 3128 1399 3197; x_wconf 84' lang='lat' dir='ltr'><strong><em>Timothei,</em></strong></span> <span class='ocrx_word' id='word_1_171' title='bbox 1432 3137 1483 3183; x_wconf 91' lang='lat' dir='ltr'><strong><em>et</em></strong></span> <span class='ocrx_word' id='word_1_172' title='bbox 1525 3127 1687 3183; x_wconf 90' lang='lat' dir='ltr'><strong><em>Pauli</em></strong></span> <span class='ocrx_word' id='word_1_173' title='bbox 1727 3128 1780 3183; x_wconf 90' lang='lat' dir='ltr'><strong><em>in</em></strong></span> <span class='ocrx_word' id='word_1_174' title='bbox 1825 3125 2077 3183; x_wconf 76' lang='lat' dir='ltr'><strong><em>Macedo-</em></strong></span> 
     </span>
    </p>
   </div>
   <div class='ocr_carea' id='block_1_29' title="bbox 630 3220 2073 3293">
    <p class='ocr_par' dir='ltr' id='par_1_29' title="bbox 630 3220 2073 3293">
     <span class='ocr_line' id='line_1_29' title="bbox 630 3220 2073 3293; baseline -0.004 -14"><span class='ocrx_word' id='word_1_175' title='bbox 630 3224 777 3279; x_wconf 83' lang='lat' dir='ltr'><strong><em>niam</em></strong></span> <span class='ocrx_word' id='word_1_176' title='bbox 802 3224 964 3293; x_wconf 72' lang='lat' dir='ltr'><strong><em>juwta</em></strong></span> <span class='ocrx_word' id='word_1_177' title='bbox 999 3222 1372 3277; x_wconf 75' lang='lat' dir='ltr'><strong><em>reuelationem</em></strong></span> <span class='ocrx_word' id='word_1_178' title='bbox 1408 3222 1709 3288; x_wconf 84' lang='lat' dir='ltr'><strong><em>emissione,</em></strong></span> <span class='ocrx_word' id='word_1_179' title='bbox 1733 3220 1788 3275; x_wconf 90' lang='lat' dir='ltr'><strong><em>in</em></strong></span> <span class='ocrx_word' id='word_1_180' title='bbox 1813 3237 1914 3291; x_wconf 90' lang='lat' dir='ltr'><strong><em>quo</em></strong></span> <span class='ocrx_word' id='word_1_181' title='bbox 1946 3236 2073 3275; x_wconf 87' lang='lat' dir='ltr'><strong><em>nar-</em></strong></span> 
     </span>
    </p>
   </div>
   <div class='ocr_carea' id='block_1_30' title="bbox 631 3311 2072 3384">
    <p class='ocr_par' dir='ltr' id='par_1_30' title="bbox 631 3311 2072 3384">
     <span class='ocr_line' id='line_1_30' title="bbox 631 3311 2072 3384; baseline -0.003 -13"><span class='ocrx_word' id='word_1_182' title='bbox 631 3330 789 3371; x_wconf 88' lang='lat' dir='ltr'><strong><em>ratur</em></strong></span> <span class='ocrx_word' id='word_1_183' title='bbox 806 3316 870 3370; x_wconf 90' lang='lat' dir='ltr'><strong><em>de</em></strong></span> <span class='ocrx_word' id='word_1_184' title='bbox 892 3314 997 3383; x_wconf 72' lang='lat' dir='ltr'><strong><em>ﬁde</em></strong></span> <span class='ocrx_word' id='word_1_185' title='bbox 1020 3331 1083 3370; x_wconf 91' lang='lat' dir='ltr'><strong><em>ac</em></strong></span> <span class='ocrx_word' id='word_1_186' title='bbox 1103 3313 1277 3371; x_wconf 83' lang='lat' dir='ltr'><strong><em>salute</em></strong></span> <span class='ocrx_word' id='word_1_187' title='bbox 1298 3314 1577 3384; x_wconf 86' lang='lat' dir='ltr'><strong><em>cujusdam</em></strong></span> <span class='ocrx_word' id='word_1_188' title='bbox 1602 3313 1838 3368; x_wconf 88' lang='lat' dir='ltr'><strong><em>mulieris</em></strong></span> <span class='ocrx_word' id='word_1_189' title='bbox 1856 3311 2037 3384; x_wconf 64' lang='lat' dir='ltr'><strong><em>Lydia-</em></strong></span> <span class='ocrx_word' id='word_1_190' title='bbox 2054 3329 2072 3366; x_wconf 93' lang='lat'><strong><em>:</em></strong></span> 
     </span>
    </p>
   </div>
   <div class='ocr_carea' id='block_1_31' title="bbox 629 3402 2072 3475">
    <p class='ocr_par' dir='ltr' id='par_1_31' title="bbox 629 3402 2072 3475">
     <span class='ocr_line' id='line_1_31' title="bbox 629 3402 2072 3475; baseline -0.005 -14"><span class='ocrx_word' id='word_1_191' title='bbox 629 3407 695 3462; x_wconf 91' lang='lat' dir='ltr'><strong><em>de</em></strong></span> <span class='ocrx_word' id='word_1_192' title='bbox 724 3408 898 3463; x_wconf 88' lang='lat' dir='ltr'><strong><em>salute</em></strong></span> <span class='ocrx_word' id='word_1_193' title='bbox 923 3406 1114 3475; x_wconf 74' lang='lat' dir='ltr'><strong><em>puella:</em></strong></span> <span class='ocrx_word' id='word_1_194' title='bbox 1146 3404 1389 3460; x_wconf 84' lang='lat' dir='ltr'><strong><em>habentis</em></strong></span> <span class='ocrx_word' id='word_1_195' title='bbox 1419 3404 1666 3474; x_wconf 87' lang='lat' dir='ltr'><strong><em>spiritum</em></strong></span> <span class='ocrx_word' id='word_1_196' title='bbox 1700 3402 2072 3465; x_wconf 81' lang='lat' dir='ltr'><strong><em>divinatorem,</em></strong></span> 
     </span>
    </p>
   </div>
   <div class='ocr_carea' id='block_1_32' title="bbox 629 3492 2075 3569">
    <p class='ocr_par' dir='ltr' id='par_1_32' title="bbox 629 3492 2075 3569">
     <span class='ocr_line' id='line_1_32' title="bbox 629 3492 2075 3569; baseline -0.003 -20"><span class='ocrx_word' id='word_1_197' title='bbox 629 3509 847 3568; x_wconf 84' lang='lat' dir='ltr'><strong><em>propter</em></strong></span> <span class='ocrx_word' id='word_1_198' title='bbox 884 3513 1045 3569; x_wconf 85' lang='lat' dir='ltr'><strong><em>quant</em></strong></span> <span class='ocrx_word' id='word_1_199' title='bbox 1094 3497 1298 3550; x_wconf 89' lang='lat' dir='ltr'><strong><em>domini</em></strong></span> <span class='ocrx_word' id='word_1_200' title='bbox 1354 3496 1685 3549; x_wconf 88' lang='lat' dir='ltr'><strong><em>incluserunt</em></strong></span> <span class='ocrx_word' id='word_1_201' title='bbox 1741 3492 1977 3548; x_wconf 89' lang='lat' dir='ltr'><strong><em>Paulum</em></strong></span> <span class='ocrx_word' id='word_1_202' title='bbox 2020 3495 2075 3546; x_wconf 91' lang='lat' dir='ltr'><strong><em>in</em></strong></span> 
     </span>
    </p>
   </div>
   <div class='ocr_carea' id='block_1_33' title="bbox 632 3585 2076 3659">
    <p class='ocr_par' dir='ltr' id='par_1_33' title="bbox 632 3585 2076 3659">
     <span class='ocr_line' id='line_1_33' title="bbox 632 3585 2076 3659; baseline -0.004 -14"><span class='ocrx_word' id='word_1_203' title='bbox 632 3606 918 3646; x_wconf 80' lang='lat' dir='ltr'><strong><em>carcerem.</em></strong></span> <span class='ocrx_word' id='word_1_204' title='bbox 960 3588 1037 3645; x_wconf 89' lang='lat' dir='ltr'><strong><em>De</em></strong></span> <span class='ocrx_word' id='word_1_205' title='bbox 1068 3597 1375 3644; x_wconf 78' lang='lat' dir='ltr'><strong><em>terrwmotu</em></strong></span> <span class='ocrx_word' id='word_1_206' title='bbox 1431 3603 1494 3644; x_wconf 86' lang='lat' dir='ltr'><strong><em>ac</em></strong></span> <span class='ocrx_word' id='word_1_207' title='bbox 1529 3585 1789 3643; x_wconf 87' lang='lat' dir='ltr'><strong><em>miraculo</em></strong></span> <span class='ocrx_word' id='word_1_208' title='bbox 1827 3586 1966 3659; x_wconf 90' lang='lat' dir='ltr'><strong><em>quod</em></strong></span> <span class='ocrx_word' id='word_1_209' title='bbox 2003 3586 2076 3639; x_wconf 85' lang='lat' dir='ltr'><strong><em>ibi</em></strong></span> 
     </span>
    </p>
   </div>
   <div class='ocr_carea' id='block_1_34' title="bbox 630 3678 2074 3751">
    <p class='ocr_par' dir='ltr' id='par_1_34' title="bbox 630 3678 2074 3751">
     <span class='ocr_line' id='line_1_34' title="bbox 630 3678 2074 3751; baseline -0.006 -15"><span class='ocrx_word' id='word_1_210' title='bbox 630 3682 870 3751; x_wconf 82' lang='lat' dir='ltr'><strong><em>contigit,</em></strong></span> <span class='ocrx_word' id='word_1_211' title='bbox 897 3690 947 3735; x_wconf 90' lang='lat' dir='ltr'><strong><em>et</em></strong></span> <span class='ocrx_word' id='word_1_212' title='bbox 971 3678 1233 3751; x_wconf 89' lang='lat' dir='ltr'><strong><em>quomodo</em></strong></span> <span class='ocrx_word' id='word_1_213' title='bbox 1269 3686 1444 3732; x_wconf 86' lang='lat' dir='ltr'><strong><em>custos</em></strong></span> <span class='ocrx_word' id='word_1_214' title='bbox 1485 3693 1715 3732; x_wconf 81' lang='lat' dir='ltr'><strong><em>carceris</em></strong></span> <span class='ocrx_word' id='word_1_215' title='bbox 1751 3693 1869 3731; x_wconf 90' lang='lat' dir='ltr'><strong><em>cum</em></strong></span> <span class='ocrx_word' id='word_1_216' title='bbox 1903 3679 2074 3732; x_wconf 84' lang='lat' dir='ltr'><strong><em>credi-</em></strong></span> 
     </span>
    </p>
   </div>
   <div class='ocr_carea' id='block_1_35' title="bbox 633 3770 2078 3840">
    <p class='ocr_par' dir='ltr' id='par_1_35' title="bbox 633 3770 2078 3840">
     <span class='ocr_line' id='line_1_35' title="bbox 633 3770 2078 3840; baseline -0.003 -13"><span class='ocrx_word' id='word_1_217' title='bbox 633 3775 800 3829; x_wconf 86' lang='lat' dir='ltr'><strong><em>disset</em></strong></span> <span class='ocrx_word' id='word_1_218' title='bbox 831 3774 883 3826; x_wconf 91' lang='lat' dir='ltr'><strong><em>in</em></strong></span> <span class='ocrx_word' id='word_1_219' title='bbox 916 3773 1031 3840; x_wconf 90' lang='lat' dir='ltr'><strong><em>ipsa</em></strong></span> <span class='ocrx_word' id='word_1_220' title='bbox 1065 3781 1235 3840; x_wconf 91' lang='lat' dir='ltr'><strong><em>nocte,</em></strong></span> <span class='ocrx_word' id='word_1_221' title='bbox 1267 3779 1471 3838; x_wconf 88' lang='lat' dir='ltr'><strong><em>repente</em></strong></span> <span class='ocrx_word' id='word_1_222' title='bbox 1502 3786 1618 3824; x_wconf 85' lang='lat' dir='ltr'><strong><em>cum</em></strong></span> <span class='ocrx_word' id='word_1_223' title='bbox 1651 3770 1893 3823; x_wconf 75' lang='lat' dir='ltr'><strong><em>universa</em></strong></span> <span class='ocrx_word' id='word_1_224' title='bbox 1919 3770 2078 3840; x_wconf 77' lang='lat' dir='ltr'><strong><em>fami-</em></strong></span> 
     </span>
    </p>
   </div>
   <div class='ocr_carea' id='block_1_36' title="bbox 640 3861 2076 3934">
    <p class='ocr_par' dir='ltr' id='par_1_36' title="bbox 640 3861 2076 3934">
     <span class='ocr_line' id='line_1_36' title="bbox 640 3861 2076 3934; baseline -0.003 -15"><span class='ocrx_word' id='word_1_225' title='bbox 640 3866 715 3920; x_wconf 88' lang='lat' dir='ltr'><strong><em>lia</em></strong></span> <span class='ocrx_word' id='word_1_226' title='bbox 744 3865 1047 3933; x_wconf 78' lang='lat' dir='ltr'><strong><em>baptizatus</em></strong></span> <span class='ocrx_word' id='word_1_227' title='bbox 1078 3873 1177 3920; x_wconf 88' lang='lat' dir='ltr'><strong><em>est.</em></strong></span> <span class='ocrx_word' id='word_1_228' title='bbox 1216 3861 1371 3930; x_wconf 84' lang='lat' dir='ltr'><strong><em>Quod</em></strong></span> <span class='ocrx_word' id='word_1_229' title='bbox 1407 3862 1579 3934; x_wconf 87' lang='lat' dir='ltr'><strong><em>rogati</em></strong></span> <span class='ocrx_word' id='word_1_230' title='bbox 1609 3862 1833 3917; x_wconf 75' lang='lat' dir='ltr'><strong><em>exierint</em></strong></span> <span class='ocrx_word' id='word_1_231' title='bbox 1862 3863 2076 3933; x_wconf 42' lang='lat' dir='ltr'><strong><em>tunc-de</em></strong></span> 
     </span>
    </p>
   </div>
   <div class='ocr_carea' id='block_1_37' title="bbox 636 3956 1131 4029">
    <p class='ocr_par' dir='ltr' id='par_1_37' title="bbox 636 3956 1131 4029">
     <span class='ocr_line' id='line_1_37' title="bbox 636 3956 1131 4029; baseline -0.004 -18"><span class='ocrx_word' id='word_1_232' title='bbox 636 3973 848 4014; x_wconf 83' lang='lat' dir='ltr'><strong><em>carcere</em></strong></span> <span class='ocrx_word' id='word_1_233' title='bbox 882 3956 1131 4029; x_wconf 88' lang='lat' dir='ltr'><strong><em>apostoli.</em></strong></span> 
     </span>
    </p>
   </div>
   <div class='ocr_carea' id='block_1_38' title="bbox 495 4146 2077 4223">
    <p class='ocr_par' dir='ltr' id='par_1_38' title="bbox 495 4146 2077 4223">
     <span class='ocr_line' id='line_1_38' title="bbox 495 4146 2077 4223; baseline -0.009 -9"><span class='ocrx_word' id='word_1_234' title='bbox 495 4156 588 4214; x_wconf 70' lang='lat'><strong><em>25.</em></strong></span> <span class='ocrx_word' id='word_1_235' title='bbox 634 4154 709 4210; x_wconf 86' lang='lat' dir='ltr'><strong><em>De</em></strong></span> <span class='ocrx_word' id='word_1_236' title='bbox 744 4152 1007 4211; x_wconf 89' lang='lat' dir='ltr'><strong><em>seditione</em></strong></span> <span class='ocrx_word' id='word_1_237' title='bbox 1034 4153 1187 4223; x_wconf 82' lang='lat' dir='ltr'><strong><em>facta</em></strong></span> <span class='ocrx_word' id='word_1_238' title='bbox 1223 4150 1613 4207; x_wconf 66' lang='lat' dir='ltr'><strong><em>Thessalonica</em></strong></span> <span class='ocrx_word' id='word_1_239' title='bbox 1644 4148 1705 4205; x_wconf 87' lang='lat' dir='ltr'><strong><em>ob</em></strong></span> <span class='ocrx_word' id='word_1_240' title='bbox 1739 4146 2077 4218; x_wconf 77' lang='lat' dir='ltr'><strong><em>prwdicatio-</em></strong></span> 
     </span>
    </p>
   </div>
   <div class='ocr_carea' id='block_1_39' title="bbox 639 4240 2077 4319">
    <p class='ocr_par' dir='ltr' id='par_1_39' title="bbox 639 4240 2077 4319">
     <span class='ocr_line' id='line_1_39' title="bbox 639 4240 2077 4319; baseline -0.008 -14"><span class='ocrx_word' id='word_1_241' title='bbox 639 4265 779 4315; x_wconf 89' lang='lat' dir='ltr'><strong><em>nem,</em></strong></span> <span class='ocrx_word' id='word_1_242' title='bbox 801 4247 1028 4319; x_wconf 76' lang='lat' dir='ltr'><strong><em>fugaque</em></strong></span> <span class='ocrx_word' id='word_1_243' title='bbox 1049 4245 1210 4301; x_wconf 89' lang='lat' dir='ltr'><strong><em>Pauli</em></strong></span> <span class='ocrx_word' id='word_1_244' title='bbox 1239 4245 1296 4300; x_wconf 90' lang='lat' dir='ltr'><strong><em>in</em></strong></span> <span class='ocrx_word' id='word_1_245' title='bbox 1329 4244 1588 4309; x_wconf 73' lang='lat' dir='ltr'><strong><em>Berwam,</em></strong></span> <span class='ocrx_word' id='word_1_246' title='bbox 1610 4250 1659 4298; x_wconf 92' lang='lat' dir='ltr'><strong><em>et</em></strong></span> <span class='ocrx_word' id='word_1_247' title='bbox 1690 4240 1811 4297; x_wconf 90' lang='lat' dir='ltr'><strong><em>inde</em></strong></span> <span class='ocrx_word' id='word_1_248' title='bbox 1835 4242 1889 4295; x_wconf 91' lang='lat' dir='ltr'><strong><em>in</em></strong></span> <span class='ocrx_word' id='word_1_249' title='bbox 1914 4240 2077 4296; x_wconf 82' lang='lat' dir='ltr'><strong><em>Athe-</em></strong></span> 
     </span>
    </p>
   </div>
   <div class='ocr_carea' id='block_1_40' title="bbox 640 4360 761 4399">
    <p class='ocr_par' dir='ltr' id='par_1_40' title="bbox 640 4360 761 4399">
     <span class='ocr_line' id='line_1_40' title="bbox 640 4360 761 4399; baseline 0.008 -1"><span class='ocrx_word' id='word_1_250' title='bbox 640 4360 761 4399; x_wconf 90' lang='lat' dir='ltr'><strong><em>nas.</em></strong></span> 
     </span>
    </p>
   </div>
   <div class='ocr_carea' id='block_1_41' title="bbox 497 4430 2078 4505">
    <p class='ocr_par' dir='ltr' id='par_1_41' title="bbox 497 4430 2078 4505">
     <span class='ocr_line' id='line_1_41' title="bbox 497 4430 2078 4505; baseline -0.006 -13"><span class='ocrx_word' id='word_1_251' title='bbox 497 4437 588 4492; x_wconf 67' lang='lat'><strong><em>26.</em></strong></span> <span class='ocrx_word' id='word_1_252' title='bbox 632 4436 707 4491; x_wconf 87' lang='lat' dir='ltr'><strong><em>De</em></strong></span> <span class='ocrx_word' id='word_1_253' title='bbox 740 4436 1009 4505; x_wconf 88' lang='lat' dir='ltr'><strong><em>scriptura</em></strong></span> <span class='ocrx_word' id='word_1_254' title='bbox 1048 4448 1166 4503; x_wconf 70' lang='lat' dir='ltr'><strong><em>qua:</em></strong></span> <span class='ocrx_word' id='word_1_255' title='bbox 1200 4445 1356 4501; x_wconf 89' lang='lat' dir='ltr'><strong><em>super</em></strong></span> <span class='ocrx_word' id='word_1_256' title='bbox 1384 4447 1537 4486; x_wconf 90' lang='lat' dir='ltr'><strong><em>aram</em></strong></span> <span class='ocrx_word' id='word_1_257' title='bbox 1571 4440 1686 4485; x_wconf 88' lang='lat' dir='ltr'><strong><em>erat</em></strong></span> <span class='ocrx_word' id='word_1_258' title='bbox 1724 4430 1940 4487; x_wconf 81' lang='lat' dir='ltr'><strong><em>Athenis</em></strong></span> <span class='ocrx_word' id='word_1_259' title='bbox 1976 4446 1994 4485; x_wconf 92' lang='lat'><strong><em>:</em></strong></span> <span class='ocrx_word' id='word_1_260' title='bbox 2028 4440 2078 4483; x_wconf 88' lang='lat' dir='ltr'><strong><em>et</em></strong></span> 
     </span>
    </p>
   </div>
   <div class='ocr_carea' id='block_1_42' title="bbox 640 4523 2030 4593">
    <p class='ocr_par' dir='ltr' id='par_1_42' title="bbox 640 4523 2030 4593">
     <span class='ocr_line' id='line_1_42' title="bbox 640 4523 2030 4593; baseline -0.002 -14"><span class='ocrx_word' id='word_1_261' title='bbox 640 4527 706 4581; x_wconf 88' lang='lat' dir='ltr'><strong><em>de</em></strong></span> <span class='ocrx_word' id='word_1_262' title='bbox 735 4526 893 4581; x_wconf 88' lang='lat' dir='ltr'><strong><em>docta</em></strong></span> <span class='ocrx_word' id='word_1_263' title='bbox 923 4523 1089 4579; x_wconf 88' lang='lat' dir='ltr'><strong><em>Pauli</em></strong></span> <span class='ocrx_word' id='word_1_264' title='bbox 1118 4523 1499 4592; x_wconf 73' lang='lat' dir='ltr'><strong><em>prwdicatiene</em></strong></span> <span class='ocrx_word' id='word_1_265' title='bbox 1528 4539 1589 4579; x_wconf 88' lang='lat' dir='ltr'><strong><em>ac</em></strong></span> <span class='ocrx_word' id='word_1_266' title='bbox 1623 4524 1790 4593; x_wconf 91' lang='lat' dir='ltr'><strong><em>ipsius</em></strong></span> <span class='ocrx_word' id='word_1_267' title='bbox 1822 4526 2030 4593; x_wconf 87' lang='lat' dir='ltr'><strong><em>pietate.</em></strong></span> 
     </span>
    </p>
   </div>
   <div class='ocr_carea' id='block_1_43' title="bbox 498 4706 2083 4783">
    <p class='ocr_par' dir='ltr' id='par_1_43' title="bbox 498 4706 2083 4783">
     <span class='ocr_line' id='line_1_43' title="bbox 498 4706 2083 4783; baseline -0.007 -12"><span class='ocrx_word' id='word_1_268' title='bbox 498 4716 590 4771; x_wconf 70' lang='lat'><strong><em>27.</em></strong></span> <span class='ocrx_word' id='word_1_269' title='bbox 638 4713 713 4768; x_wconf 86' lang='lat' dir='ltr'><strong><em>De</em></strong></span> <span class='ocrx_word' id='word_1_270' title='bbox 742 4712 940 4783; x_wconf 86' lang='lat' dir='ltr'><strong><em>Aquila</em></strong></span> <span class='ocrx_word' id='word_1_271' title='bbox 968 4717 1018 4764; x_wconf 91' lang='lat' dir='ltr'><strong><em>et</em></strong></span> <span class='ocrx_word' id='word_1_272' title='bbox 1043 4708 1300 4764; x_wconf 86' lang='lat' dir='ltr'><strong><em>Priscilla</em></strong></span> <span class='ocrx_word' id='word_1_273' title='bbox 1326 4724 1389 4762; x_wconf 92' lang='lat' dir='ltr'><strong><em>ac</em></strong></span> <span class='ocrx_word' id='word_1_274' title='bbox 1411 4706 1810 4763; x_wconf 85' lang='lat' dir='ltr'><strong><em>Corinthiorum</em></strong></span> <span class='ocrx_word' id='word_1_275' title='bbox 1835 4707 2083 4763; x_wconf 87' lang='lat' dir='ltr'><strong><em>incredu-</em></strong></span> 
     </span>
    </p>
   </div>
   <div class='ocr_carea' id='block_1_44' title="bbox 641 4800 2083 4875">
    <p class='ocr_par' dir='ltr' id='par_1_44' title="bbox 641 4800 2083 4875">
     <span class='ocr_line' id='line_1_44' title="bbox 641 4800 2083 4875; baseline -0.005 -14"><span class='ocrx_word' id='word_1_276' title='bbox 641 4808 812 4871; x_wconf 89' lang='lat' dir='ltr'><strong><em>litate,</em></strong></span> <span class='ocrx_word' id='word_1_277' title='bbox 858 4803 1057 4875; x_wconf 86' lang='lat' dir='ltr'><strong><em>Deiqne</em></strong></span> <span class='ocrx_word' id='word_1_278' title='bbox 1102 4803 1459 4872; x_wconf 89' lang='lat' dir='ltr'><strong><em>beneplacito,</em></strong></span> <span class='ocrx_word' id='word_1_279' title='bbox 1491 4803 1629 4872; x_wconf 85' lang='lat' dir='ltr'><strong><em>quod</em></strong></span> <span class='ocrx_word' id='word_1_280' title='bbox 1671 4800 1849 4855; x_wconf 89' lang='lat' dir='ltr'><strong><em>Paulo</em></strong></span> <span class='ocrx_word' id='word_1_281' title='bbox 1884 4802 2083 4855; x_wconf 85' lang='lat' dir='ltr'><strong><em>revela-</em></strong></span> 
     </span>
    </p>
   </div>
   <div class='ocr_carea' id='block_1_45' title="bbox 645 4891 2083 4963">
    <p class='ocr_par' dir='ltr' id='par_1_45' title="bbox 645 4891 2083 4963">
     <span class='ocr_line' id='line_1_45' title="bbox 645 4891 2083 4963; baseline -0.004 -13"><span class='ocrx_word' id='word_1_282' title='bbox 645 4908 757 4950; x_wconf 89' lang='lat' dir='ltr'><strong><em>tum</em></strong></span> <span class='ocrx_word' id='word_1_283' title='bbox 785 4903 864 4949; x_wconf 89' lang='lat' dir='ltr'><strong><em>est</em></strong></span> <span class='ocrx_word' id='word_1_284' title='bbox 902 4892 1187 4948; x_wconf 88' lang='lat' dir='ltr'><strong><em>secundum</em></strong></span> <span class='ocrx_word' id='word_1_285' title='bbox 1220 4893 1601 4959; x_wconf 80' lang='lat' dir='ltr'><strong><em>providentiam</em></strong></span> <span class='ocrx_word' id='word_1_286' title='bbox 1640 4907 1758 4963; x_wconf 80' lang='lat' dir='ltr'><strong><em>qua:</em></strong></span> <span class='ocrx_word' id='word_1_287' title='bbox 1794 4908 1919 4962; x_wconf 89' lang='lat' dir='ltr'><strong><em>erga</em></strong></span> <span class='ocrx_word' id='word_1_288' title='bbox 1964 4891 2083 4944; x_wconf 84' lang='lat' dir='ltr'><strong><em>illos</em></strong></span> 
     </span>
    </p>
   </div>
   <div class='ocr_carea' id='block_1_46' title="bbox 644 4981 2083 5054">
    <p class='ocr_par' dir='ltr' id='par_1_46' title="bbox 644 4981 2083 5054">
     <span class='ocr_line' id='line_1_46' title="bbox 644 4981 2083 5054; baseline -0.003 -14"><span class='ocrx_word' id='word_1_289' title='bbox 644 4995 759 5041; x_wconf 90' lang='lat' dir='ltr'><strong><em>erat</em></strong></span> <span class='ocrx_word' id='word_1_290' title='bbox 788 5001 805 5039; x_wconf 91' lang='lat'><strong><em>:</em></strong></span> <span class='ocrx_word' id='word_1_291' title='bbox 838 4986 891 5038; x_wconf 90' lang='lat' dir='ltr'><strong><em>in</em></strong></span> <span class='ocrx_word' id='word_1_292' title='bbox 919 5000 1021 5054; x_wconf 89' lang='lat' dir='ltr'><strong><em>quo</em></strong></span> <span class='ocrx_word' id='word_1_293' title='bbox 1051 4984 1211 5037; x_wconf 87' lang='lat' dir='ltr'><strong><em>etiam</em></strong></span> <span class='ocrx_word' id='word_1_294' title='bbox 1246 4986 1424 5053; x_wconf 84' lang='lat' dir='ltr'><strong><em>agitur</em></strong></span> <span class='ocrx_word' id='word_1_295' title='bbox 1452 4981 1515 5036; x_wconf 88' lang='lat' dir='ltr'><strong><em>de</em></strong></span> <span class='ocrx_word' id='word_1_296' title='bbox 1549 4982 1735 5049; x_wconf 86' lang='lat' dir='ltr'><strong><em>Crispo</em></strong></span> <span class='ocrx_word' id='word_1_297' title='bbox 1769 4982 2083 5052; x_wconf 79' lang='lat' dir='ltr'><strong><em>archisyna-</em></strong></span> 
     </span>
    </p>
   </div>
   <div class='ocr_carea' id='block_1_47' title="bbox 644 5075 2084 5151">
    <p class='ocr_par' dir='ltr' id='par_1_47' title="bbox 644 5075 2084 5151">
     <span class='ocr_line' id='line_1_47' title="bbox 644 5075 2084 5151; baseline -0.003 -17"><span class='ocrx_word' id='word_1_298' title='bbox 644 5092 800 5151; x_wconf 85' lang='lat' dir='ltr'><strong><em>gogo,</em></strong></span> <span class='ocrx_word' id='word_1_299' title='bbox 824 5079 916 5148; x_wconf 86' lang='lat' dir='ltr'><strong><em>qui</em></strong></span> <span class='ocrx_word' id='word_1_300' title='bbox 942 5092 1061 5130; x_wconf 90' lang='lat' dir='ltr'><strong><em>cum</em></strong></span> <span class='ocrx_word' id='word_1_301' title='bbox 1085 5076 1207 5130; x_wconf 85' lang='lat' dir='ltr'><strong><em>aliis</em></strong></span> <span class='ocrx_word' id='word_1_302' title='bbox 1241 5076 1557 5147; x_wconf 88' lang='lat' dir='ltr'><strong><em>quibusdam</em></strong></span> <span class='ocrx_word' id='word_1_303' title='bbox 1587 5076 1811 5130; x_wconf 84' lang='lat' dir='ltr'><strong><em>credidit</em></strong></span> <span class='ocrx_word' id='word_1_304' title='bbox 1835 5084 1883 5130; x_wconf 87' lang='lat' dir='ltr'><strong><em>et</em></strong></span> <span class='ocrx_word' id='word_1_305' title='bbox 1907 5075 2084 5145; x_wconf 86' lang='lat' dir='ltr'><strong><em>bapti-</em></strong></span> 
     </span>
    </p>
   </div>
   <div class='ocr_carea' id='block_1_48' title="bbox 647 5167 2083 5240">
    <p class='ocr_par' dir='ltr' id='par_1_48' title="bbox 647 5167 2083 5240">
     <span class='ocr_line' id='line_1_48' title="bbox 647 5167 2083 5240; baseline -0.003 -13"><span class='ocrx_word' id='word_1_306' title='bbox 647 5181 799 5227; x_wconf 68' lang='lat' dir='ltr'><strong><em>zatus</em></strong></span> <span class='ocrx_word' id='word_1_307' title='bbox 825 5181 900 5226; x_wconf 87' lang='lat' dir='ltr'><strong><em>est</em></strong></span> <span class='ocrx_word' id='word_1_308' title='bbox 927 5185 947 5224; x_wconf 90' lang='lat'><strong><em>:</em></strong></span> <span class='ocrx_word' id='word_1_309' title='bbox 977 5168 1117 5240; x_wconf 90' lang='lat' dir='ltr'><strong><em>quod</em></strong></span> <span class='ocrx_word' id='word_1_310' title='bbox 1154 5168 1414 5224; x_wconf 84' lang='lat' dir='ltr'><strong><em>seditione</em></strong></span> <span class='ocrx_word' id='word_1_311' title='bbox 1442 5167 1685 5225; x_wconf 86' lang='lat' dir='ltr'><strong><em>Corinthi</em></strong></span> <span class='ocrx_word' id='word_1_312' title='bbox 1711 5178 1854 5224; x_wconf 86' lang='lat' dir='ltr'><strong><em>mota</em></strong></span> <span class='ocrx_word' id='word_1_313' title='bbox 1878 5167 2083 5223; x_wconf 89' lang='lat' dir='ltr'><strong><em>Paulus</em></strong></span> 
     </span>
    </p>
   </div>
   <div class='ocr_carea' id='block_1_49' title="bbox 643 5261 2086 5330">
    <p class='ocr_par' dir='ltr' id='par_1_49' title="bbox 643 5261 2086 5330">
     <span class='ocr_line' id='line_1_49' title="bbox 643 5261 2086 5330; baseline -0.004 -11"><span class='ocrx_word' id='word_1_314' title='bbox 643 5269 777 5320; x_wconf 88' lang='lat' dir='ltr'><strong><em>clam</em></strong></span> <span class='ocrx_word' id='word_1_315' title='bbox 796 5262 1055 5327; x_wconf 86' lang='lat' dir='ltr'><strong><em>discessit,</em></strong></span> <span class='ocrx_word' id='word_1_316' title='bbox 1076 5276 1294 5330; x_wconf 89' lang='lat' dir='ltr'><strong><em>cumque</em></strong></span> <span class='ocrx_word' id='word_1_317' title='bbox 1312 5263 1531 5316; x_wconf 81' lang='lat' dir='ltr'><strong><em>venisset</em></strong></span> <span class='ocrx_word' id='word_1_318' title='bbox 1548 5261 1808 5328; x_wconf 85' lang='lat' dir='ltr'><strong><em>Ephesum</em></strong></span> <span class='ocrx_word' id='word_1_319' title='bbox 1826 5277 1886 5315; x_wconf 91' lang='lat' dir='ltr'><strong><em>ac</em></strong></span> <span class='ocrx_word' id='word_1_320' title='bbox 1903 5261 2086 5329; x_wconf 87' lang='lat' dir='ltr'><strong><em>dispu-</em></strong></span> 
     </span>
    </p>
   </div>
   <div class='ocr_carea' id='block_1_50' title="bbox 645 5340 2084 5424">
    <p class='ocr_par' dir='ltr' id='par_1_50' title="bbox 645 5340 2084 5424">
     <span class='ocr_line' id='line_1_50' title="bbox 645 5340 2084 5424; baseline -0.005 -13"><span class='ocrx_word' id='word_1_321' title='bbox 645 5362 835 5419; x_wconf 87' lang='lat' dir='ltr'><strong><em>tasset,</em></strong></span> <span class='ocrx_word' id='word_1_322' title='bbox 858 5340 1103 5424; x_wconf 84' lang='lat' dir='ltr'><strong><em>egressus</em></strong></span> <span class='ocrx_word' id='word_1_323' title='bbox 1128 5362 1207 5408; x_wconf 83' lang='lat' dir='ltr'><strong><em>est</em></strong></span> <span class='ocrx_word' id='word_1_324' title='bbox 1230 5368 1249 5407; x_wconf 92' lang='lat'><strong><em>:</em></strong></span> <span class='ocrx_word' id='word_1_325' title='bbox 1274 5351 1338 5407; x_wconf 86' lang='lat' dir='ltr'><strong><em>de</em></strong></span> <span class='ocrx_word' id='word_1_326' title='bbox 1369 5352 1556 5422; x_wconf 84' lang='lat' dir='ltr'><strong><em>Apollo</em></strong></span> <span class='ocrx_word' id='word_1_327' title='bbox 1591 5354 1703 5407; x_wconf 88' lang='lat' dir='ltr'><strong><em>viro</em></strong></span> <span class='ocrx_word' id='word_1_328' title='bbox 1732 5353 2002 5422; x_wconf 88' lang='lat' dir='ltr'><strong><em>eloquente</em></strong></span> <span class='ocrx_word' id='word_1_329' title='bbox 2022 5367 2084 5405; x_wconf 89' lang='lat' dir='ltr'><strong><em>ac</em></strong></span> 
     </span>
    </p>
   </div>
   <div class='ocr_carea' id='block_1_51' title="bbox 646 5446 815 5520">
    <p class='ocr_par' dir='ltr' id='par_1_51' title="bbox 646 5446 815 5520">
     <span class='ocr_line' id='line_1_51' title="bbox 646 5446 815 5520; baseline -0.012 -20"><span class='ocrx_word' id='word_1_330' title='bbox 646 5446 815 5520; x_wconf 76' lang='lat' dir='ltr'><strong><em>ﬁdeli.</em></strong></span> 
     </span>
    </p>
   </div>
   <div class='ocr_carea' id='block_1_52' title="bbox 505 5537 2087 5611">
    <p class='ocr_par' dir='ltr' id='par_1_52' title="bbox 505 5537 2087 5611">
     <span class='ocr_line' id='line_1_52' title="bbox 505 5537 2087 5611; baseline -0.008 -10"><span class='ocrx_word' id='word_1_331' title='bbox 505 5545 597 5602; x_wconf 73' lang='lat'><strong><em>28.</em></strong></span> <span class='ocrx_word' id='word_1_332' title='bbox 640 5543 717 5599; x_wconf 88' lang='lat' dir='ltr'><strong><em>De</em></strong></span> <span class='ocrx_word' id='word_1_333' title='bbox 745 5537 1065 5611; x_wconf 86' lang='lat' dir='ltr'><strong><em>baptismate</em></strong></span> <span class='ocrx_word' id='word_1_334' title='bbox 1093 5548 1142 5595; x_wconf 88' lang='lat' dir='ltr'><strong><em>et</em></strong></span> <span class='ocrx_word' id='word_1_335' title='bbox 1168 5539 1401 5609; x_wconf 84' lang='lat' dir='ltr'><strong><em>Spiritus</em></strong></span> <span class='ocrx_word' id='word_1_336' title='bbox 1434 5539 1608 5593; x_wconf 87' lang='lat' dir='ltr'><strong><em>sancti</em></strong></span> <span class='ocrx_word' id='word_1_337' title='bbox 1636 5537 1775 5593; x_wconf 88' lang='lat' dir='ltr'><strong><em>dono</em></strong></span> <span class='ocrx_word' id='word_1_338' title='bbox 1804 5553 1896 5608; x_wconf 85' lang='lat' dir='ltr'><strong><em>per</em></strong></span> <span class='ocrx_word' id='word_1_339' title='bbox 1926 5537 2087 5591; x_wconf 89' lang='lat' dir='ltr'><strong><em>Pauli</em></strong></span> 
     </span>
    </p>
   </div>
   <div class='ocr_carea' id='block_1_53' title="bbox 647 5632 2086 5707">
    <p class='ocr_par' dir='ltr' id='par_1_53' title="bbox 647 5632 2086 5707">
     <span class='ocr_line' id='line_1_53' title="bbox 647 5632 2086 5707; baseline -0.01 -10"><span class='ocrx_word' id='word_1_340' title='bbox 647 5643 943 5697; x_wconf 89' lang='lat' dir='ltr'><strong><em>orationem</em></strong></span> <span class='ocrx_word' id='word_1_341' title='bbox 970 5643 1096 5695; x_wconf 91' lang='lat' dir='ltr'><strong><em>dato</em></strong></span> <span class='ocrx_word' id='word_1_342' title='bbox 1120 5638 1200 5691; x_wconf 90' lang='lat' dir='ltr'><strong><em>his</em></strong></span> <span class='ocrx_word' id='word_1_343' title='bbox 1227 5636 1317 5707; x_wconf 89' lang='lat' dir='ltr'><strong><em>qui</em></strong></span> <span class='ocrx_word' id='word_1_344' title='bbox 1345 5633 1536 5703; x_wconf 84' lang='lat' dir='ltr'><strong><em>Ephesi</em></strong></span> <span class='ocrx_word' id='word_1_345' title='bbox 1564 5632 1918 5694; x_wconf 86' lang='lat' dir='ltr'><strong><em>crediderant,</em></strong></span> <span class='ocrx_word' id='word_1_346' title='bbox 1942 5641 1989 5684; x_wconf 90' lang='lat' dir='ltr'><strong><em>et</em></strong></span> <span class='ocrx_word' id='word_1_347' title='bbox 2023 5633 2086 5683; x_wconf 84' lang='lat' dir='ltr'><strong><em>de</em></strong></span> 
     </span>
    </p>
   </div>
   <div class='ocr_carea' id='block_1_54' title="bbox 648 5720 2085 5802">
    <p class='ocr_par' dir='ltr' id='par_1_54' title="bbox 648 5720 2085 5802">
     <span class='ocr_line' id='line_1_54' title="bbox 648 5720 2085 5802; baseline -0.01 -15"><span class='ocrx_word' id='word_1_348' title='bbox 648 5733 821 5787; x_wconf 91' lang='lat' dir='ltr'><strong><em>salute</em></strong></span> <span class='ocrx_word' id='word_1_349' title='bbox 861 5731 1043 5802; x_wconf 75' lang='lat' dir='ltr'><strong><em>populi</em></strong></span> <span class='ocrx_word' id='word_1_350' title='bbox 1075 5746 1095 5787; x_wconf 90' lang='lat'><strong><em>:</em></strong></span> <span class='ocrx_word' id='word_1_351' title='bbox 1134 5729 1191 5781; x_wconf 92' lang='lat' dir='ltr'><strong><em>in</em></strong></span> <span class='ocrx_word' id='word_1_352' title='bbox 1225 5742 1326 5798; x_wconf 90' lang='lat' dir='ltr'><strong><em>qua</em></strong></span> <span class='ocrx_word' id='word_1_353' title='bbox 1368 5732 1625 5779; x_wconf 87' lang='lat' dir='ltr'><strong><em>narratur</em></strong></span> <span class='ocrx_word' id='word_1_354' title='bbox 1656 5722 1820 5775; x_wconf 89' lang='lat' dir='ltr'><strong><em>etiam</em></strong></span> <span class='ocrx_word' id='word_1_355' title='bbox 1859 5720 1923 5773; x_wconf 92' lang='lat' dir='ltr'><strong><em>de</em></strong></span> <span class='ocrx_word' id='word_1_356' title='bbox 1955 5720 2085 5788; x_wconf 84' lang='lat' dir='ltr'><strong><em>ﬁliis</em></strong></span> 
     </span>
    </p>
   </div>
   <div class='ocr_carea' id='block_1_55' title="bbox 653 5813 2088 5896">
    <p class='ocr_par' dir='ltr' id='par_1_55' title="bbox 653 5813 2088 5896">
     <span class='ocr_line' id='line_1_55' title="bbox 653 5813 2088 5896; baseline -0.011 -16"><span class='ocrx_word' id='word_1_357' title='bbox 653 5825 852 5890; x_wconf 79' lang='lat' dir='ltr'><strong><em>Scevte,</em></strong></span> <span class='ocrx_word' id='word_1_358' title='bbox 873 5834 920 5879; x_wconf 89' lang='lat' dir='ltr'><strong><em>et</em></strong></span> <span class='ocrx_word' id='word_1_359' title='bbox 944 5823 1084 5896; x_wconf 85' lang='lat' dir='ltr'><strong><em>quod</em></strong></span> <span class='ocrx_word' id='word_1_360' title='bbox 1115 5838 1217 5876; x_wconf 90' lang='lat' dir='ltr'><strong><em>non</em></strong></span> <span class='ocrx_word' id='word_1_361' title='bbox 1245 5827 1480 5889; x_wconf 88' lang='lat' dir='ltr'><strong><em>oporteat</em></strong></span> <span class='ocrx_word' id='word_1_362' title='bbox 1512 5817 1581 5870; x_wconf 88' lang='lat' dir='ltr'><strong><em>ad</em></strong></span> <span class='ocrx_word' id='word_1_363' title='bbox 1612 5813 1910 5869; x_wconf 86' lang='lat' dir='ltr'><strong><em>incredulos</em></strong></span> <span class='ocrx_word' id='word_1_364' title='bbox 1938 5829 2088 5866; x_wconf 81' lang='lat' dir='ltr'><strong><em>acce-</em></strong></span> 
     </span>
    </p>
   </div>
   <div class='ocr_carea' id='block_1_56' title="bbox 647 5905 2084 5987">
    <p class='ocr_par' dir='ltr' id='par_1_56' title="bbox 647 5905 2084 5987">
     <span class='ocr_line' id='line_1_56' title="bbox 647 5905 2084 5987; baseline -0.007 -16"><span class='ocrx_word' id='word_1_365' title='bbox 647 5915 790 5986; x_wconf 83' lang='lat' dir='ltr'><strong><em>dere,</em></strong></span> <span class='ocrx_word' id='word_1_366' title='bbox 819 5930 1007 5987; x_wconf 86' lang='lat' dir='ltr'><strong><em>eosque</em></strong></span> <span class='ocrx_word' id='word_1_367' title='bbox 1040 5915 1128 5987; x_wconf 90' lang='lat' dir='ltr'><strong><em>qui</em></strong></span> <span class='ocrx_word' id='word_1_368' title='bbox 1165 5931 1219 5971; x_wconf 91' lang='lat' dir='ltr'><strong><em>se</em></strong></span> <span class='ocrx_word' id='word_1_369' title='bbox 1259 5912 1609 5967; x_wconf 86' lang='lat' dir='ltr'><strong><em>reddiderunt</em></strong></span> <span class='ocrx_word' id='word_1_370' title='bbox 1643 5910 1748 5981; x_wconf 77' lang='lat' dir='ltr'><strong><em>ﬁde</em></strong></span> <span class='ocrx_word' id='word_1_371' title='bbox 1793 5905 2033 5977; x_wconf 83' lang='lat' dir='ltr'><strong><em>indignos</em></strong></span> <span class='ocrx_word' id='word_1_372' title='bbox 2066 5921 2084 5960; x_wconf 92' lang='lat'><strong><em>:</em></strong></span> 
     </span>
    </p>
   </div>
   <div class='ocr_carea' id='block_1_57' title="bbox 2314 544 3753 615">
    <p class='ocr_par' dir='ltr' id='par_1_57' title="bbox 2314 544 3753 615">
     <span class='ocr_line' id='line_1_57' title="bbox 2314 544 3753 615; baseline -0.002 -13"><span class='ocrx_word' id='word_1_373' title='bbox 2314 568 2412 614; x_wconf 78' lang='grc' dir='ltr'><strong><em>νος</em></strong></span> <span class='ocrx_word' id='word_1_374' title='bbox 2457 549 2687 615; x_wconf 77' lang='grc' dir='ltr'><em>νύκτωρ</em></span> <span class='ocrx_word' id='word_1_375' title='bbox 2743 546 2864 612; x_wconf 82' lang='grc' dir='ltr'><em>τοῖς</em></span> <span class='ocrx_word' id='word_1_376' title='bbox 2908 544 3194 614; x_wconf 55' lang='grc' dir='ltr'><em>ἀδελφοῖς</em></span> <span class='ocrx_word' id='word_1_377' title='bbox 3244 544 3753 615; x_wconf 73' lang='grc' dir='ltr'><em>ὑπανεχώρησενο</em></span> 
     </span>
    </p>
   </div>
   <div class='ocr_carea' id='block_1_58' title="bbox 2315 634 3755 708">
    <p class='ocr_par' dir='ltr' id='par_1_58' title="bbox 2315 634 3755 708">
     <span class='ocr_line' id='line_1_58' title="bbox 2315 634 3755 708; baseline -0.001 -15"><span class='ocrx_word' id='word_1_378' title='bbox 2315 642 2383 693; x_wconf 82' lang='grc' dir='ltr'><em>ἐν</em></span> <span class='ocrx_word' id='word_1_379' title='bbox 2408 634 2457 707; x_wconf 82' lang='grc' dir='ltr'><strong>ᾧ</strong></span> <span class='ocrx_word' id='word_1_380' title='bbox 2480 640 2610 708; x_wconf 76' lang='grc' dir='ltr'><em>περὶ</em></span> <span class='ocrx_word' id='word_1_381' title='bbox 2662 637 2771 706; x_wconf 83' lang='grc' dir='ltr'><strong><em>τῆς</em></strong></span> <span class='ocrx_word' id='word_1_382' title='bbox 2805 635 2924 691; x_wconf 87' lang='grc' dir='ltr'><strong><em>τῶν</em></strong></span> <span class='ocrx_word' id='word_1_383' title='bbox 2955 636 3249 705; x_wconf 66' lang='grc' dir='ltr'><em>φυλάκων</em></span> <span class='ocrx_word' id='word_1_384' title='bbox 3282 636 3609 702; x_wconf 77' lang='grc' dir='ltr'><em>κολάσεως.</em></span> <span class='ocrx_word' id='word_1_385' title='bbox 3644 638 3755 692; x_wconf 79' lang='grc' dir='ltr'><strong><em>Καὶ</em></strong></span> 
     </span>
    </p>
   </div>
   <div class='ocr_carea' id='block_1_59' title="bbox 2308 725 3755 799">
    <p class='ocr_par' dir='ltr' id='par_1_59' title="bbox 2308 725 3755 799">
     <span class='ocr_line' id='line_1_59' title="bbox 2308 725 3755 799; baseline -0.001 -16"><span class='ocrx_word' id='word_1_386' title='bbox 2308 729 2622 799; x_wconf 82' lang='grc' dir='ltr'><em>μετέπειτα</em></span> <span class='ocrx_word' id='word_1_387' title='bbox 2672 728 2804 795; x_wconf 78' lang='grc' dir='ltr'><em>περὶ</em></span> <span class='ocrx_word' id='word_1_388' title='bbox 2845 725 2955 793; x_wconf 87' lang='grc' dir='ltr'><strong><em>τῆς</em></strong></span> <span class='ocrx_word' id='word_1_389' title='bbox 3007 726 3115 780; x_wconf 89' lang='grc' dir='ltr'><strong><em>τοῦ</em></strong></span> <span class='ocrx_word' id='word_1_390' title='bbox 3170 725 3430 793; x_wconf 78' lang='grc' dir='ltr'><em>ἀσεϐοῦς</em></span> <span class='ocrx_word' id='word_1_391' title='bbox 3495 726 3755 795; x_wconf 79' lang='grc' dir='ltr'><em>Ἡρώδου</em></span> 
     </span>
    </p>
   </div>
   <div class='ocr_carea' id='block_1_60' title="bbox 2316 818 3527 890">
    <p class='ocr_par' dir='ltr' id='par_1_60' title="bbox 2316 818 3527 890">
     <span class='ocr_line' id='line_1_60' title="bbox 2316 818 3527 890; baseline -0.001 -15"><span class='ocrx_word' id='word_1_392' title='bbox 2316 820 2534 890; x_wconf 73' lang='grc' dir='ltr'><em>πικρᾶς</em></span> <span class='ocrx_word' id='word_1_393' title='bbox 2558 838 2623 875; x_wconf 89' lang='grc' dir='ltr'><strong><em>τε</em></strong></span> <span class='ocrx_word' id='word_1_394' title='bbox 2651 819 2750 874; x_wconf 76' lang='grc' dir='ltr'><em>καὶ</em></span> <span class='ocrx_word' id='word_1_395' title='bbox 2774 820 3051 887; x_wconf 75' lang='grc' dir='ltr'><strong><em>ὀλεθρίου</em></strong></span> <span class='ocrx_word' id='word_1_396' title='bbox 3081 818 3527 888; x_wconf 65' lang='grc' dir='ltr'><strong><em>καταστροφῆς.</em></strong></span> 
     </span>
    </p>
   </div>
   <div class='ocr_carea' id='block_1_61' title="bbox 2197 913 3756 984">
    <p class='ocr_par' dir='ltr' id='par_1_61' title="bbox 2197 913 3756 984">
     <span class='ocr_line' id='line_1_61' title="bbox 2197 913 3756 984; baseline -0.002 -13"><span class='ocrx_word' id='word_1_397' title='bbox 2197 917 2283 973; x_wconf 82' lang='grc' dir='ltr'><em>ιθ’.</em></span> <span class='ocrx_word' id='word_1_398' title='bbox 2310 915 2649 984; x_wconf 76' lang='grc' dir='ltr'><em>Ἀποστολὴ</em></span> <span class='ocrx_word' id='word_1_399' title='bbox 2692 913 2972 984; x_wconf 78' lang='grc' dir='ltr'><em>Βαρνάϐα</em></span> <span class='ocrx_word' id='word_1_400' title='bbox 3004 913 3100 968; x_wconf 79' lang='grc' dir='ltr'><strong><em>καί</em></strong></span> <span class='ocrx_word' id='word_1_401' title='bbox 3156 914 3402 968; x_wconf 78' lang='grc' dir='ltr'><strong><em>Παύλου</em></strong></span> <span class='ocrx_word' id='word_1_402' title='bbox 3450 913 3600 983; x_wconf 81' lang='grc' dir='ltr'><em>πρὸς</em></span> <span class='ocrx_word' id='word_1_403' title='bbox 3650 915 3756 970; x_wconf 88' lang='grc' dir='ltr'><strong><em>τοῦ</em></strong></span> 
     </span>
    </p>
   </div>
   <div class='ocr_carea' id='block_1_62' title="bbox 2315 1005 3756 1076">
    <p class='ocr_par' dir='ltr' id='par_1_62' title="bbox 2315 1005 3756 1076">
     <span class='ocr_line' id='line_1_62' title="bbox 2315 1005 3756 1076; baseline -0.003 -13"><span class='ocrx_word' id='word_1_404' title='bbox 2315 1010 2477 1064; x_wconf 82' lang='grc' dir='ltr'><strong><em>θείου</em></strong></span> <span class='ocrx_word' id='word_1_405' title='bbox 2509 1008 2855 1076; x_wconf 87' lang='grc' dir='ltr'><em>Πνεύματος</em></span> <span class='ocrx_word' id='word_1_406' title='bbox 2898 1006 2983 1071; x_wconf 81' lang='grc' dir='ltr'><strong><em>είς</em></strong></span> <span class='ocrx_word' id='word_1_407' title='bbox 3027 1005 3293 1072; x_wconf 79' lang='grc' dir='ltr'><em>Κύπρον,</em></span> <span class='ocrx_word' id='word_1_408' title='bbox 3329 1005 3447 1059; x_wconf 79' lang='grc' dir='ltr'><em>ὅσα</em></span> <span class='ocrx_word' id='word_1_409' title='bbox 3472 1022 3533 1060; x_wconf 90' lang='grc' dir='ltr'><strong><em>τε</em></strong></span> <span class='ocrx_word' id='word_1_410' title='bbox 3562 1006 3756 1075; x_wconf 83' lang='grc' dir='ltr'><em>είργά-</em></span> 
     </span>
    </p>
   </div>
   <div class='ocr_carea' id='block_1_63' title="bbox 2313 1097 3759 1170">
    <p class='ocr_par' dir='ltr' id='par_1_63' title="bbox 2313 1097 3759 1170">
     <span class='ocr_line' id='line_1_63' title="bbox 2313 1097 3759 1170; baseline -0.001 -16"><span class='ocrx_word' id='word_1_411' title='bbox 2313 1115 2503 1155; x_wconf 89' lang='grc' dir='ltr'><em>σαντο</em></span> <span class='ocrx_word' id='word_1_412' title='bbox 2545 1100 2615 1155; x_wconf 78' lang='grc' dir='ltr'><em>ἐν</em></span> <span class='ocrx_word' id='word_1_413' title='bbox 2658 1100 2905 1170; x_wconf 75' lang='grc' dir='ltr'><em>ὀνόματι</em></span> <span class='ocrx_word' id='word_1_414' title='bbox 2941 1097 3201 1166; x_wconf 87' lang='grc' dir='ltr'><em>Χριστοῦ</em></span> <span class='ocrx_word' id='word_1_415' title='bbox 3233 1100 3321 1165; x_wconf 87' lang='grc' dir='ltr'><em>εἱς</em></span> <span class='ocrx_word' id='word_1_416' title='bbox 3354 1098 3621 1168; x_wconf 82' lang='grc' dir='ltr'><em>Ἐλύμαν</em></span> <span class='ocrx_word' id='word_1_417' title='bbox 3650 1098 3759 1152; x_wconf 70' lang='grc' dir='ltr'><strong><em>τεν</em></strong></span> 
     </span>
    </p>
   </div>
   <div class='ocr_carea' id='block_1_64' title="bbox 2309 1191 2526 1262">
    <p class='ocr_par' dir='ltr' id='par_1_64' title="bbox 2309 1191 2526 1262">
     <span class='ocr_line' id='line_1_64' title="bbox 2309 1191 2526 1262; baseline 0.009 -17"><span class='ocrx_word' id='word_1_418' title='bbox 2309 1191 2526 1262; x_wconf 80' lang='grc' dir='ltr'><em>μάγον.</em></span> 
     </span>
    </p>
   </div>
   <div class='ocr_carea' id='block_1_65' title="bbox 2209 1281 3755 1353">
    <p class='ocr_par' dir='ltr' id='par_1_65' title="bbox 2209 1281 3755 1353">
     <span class='ocr_line' id='line_1_65' title="bbox 2209 1281 3755 1353; baseline -0.003 -14"><span class='ocrx_word' id='word_1_419' title='bbox 2209 1292 2278 1339; x_wconf 86' lang='grc' dir='ltr'><em>κ’.</em></span> <span class='ocrx_word' id='word_1_420' title='bbox 2307 1286 2551 1341; x_wconf 77' lang='grc' dir='ltr'><em>Παύλου</em></span> <span class='ocrx_word' id='word_1_421' title='bbox 2575 1284 2841 1353; x_wconf 75' lang='grc' dir='ltr'><strong><em>εὐθαλὴς</em></strong></span> <span class='ocrx_word' id='word_1_422' title='bbox 2866 1282 3234 1338; x_wconf 89' lang='grc' dir='ltr'><em>διδασκαλιά</em></span> <span class='ocrx_word' id='word_1_423' title='bbox 3277 1282 3364 1348; x_wconf 82' lang='grc' dir='ltr'><strong><em>είς</em></strong></span> <span class='ocrx_word' id='word_1_424' title='bbox 3398 1281 3657 1352; x_wconf 87' lang='grc' dir='ltr'><em>Χριστὸν</em></span> <span class='ocrx_word' id='word_1_425' title='bbox 3684 1282 3755 1336; x_wconf 76' lang='grc' dir='ltr'><em>ἐκ</em></span> 
     </span>
    </p>
   </div>
   <div class='ocr_carea' id='block_1_66' title="bbox 2311 1375 3755 1448">
    <p class='ocr_par' dir='ltr' id='par_1_66' title="bbox 2311 1375 3755 1448">
     <span class='ocr_line' id='line_1_66' title="bbox 2311 1375 3755 1448; baseline -0.003 -15"><span class='ocrx_word' id='word_1_426' title='bbox 2311 1395 2377 1433; x_wconf 88' lang='grc' dir='ltr'><strong><em>τε</em></strong></span> <span class='ocrx_word' id='word_1_427' title='bbox 2412 1378 2521 1433; x_wconf 90' lang='grc' dir='ltr'><strong><em>τοῦ</em></strong></span> <span class='ocrx_word' id='word_1_428' title='bbox 2560 1380 2752 1448; x_wconf 87' lang='grc' dir='ltr'><em>νόμου</em></span> <span class='ocrx_word' id='word_1_429' title='bbox 2782 1376 2883 1431; x_wconf 80' lang='grc' dir='ltr'><em>καὶ</em></span> <span class='ocrx_word' id='word_1_430' title='bbox 2920 1375 3183 1444; x_wconf 78' lang='grc' dir='ltr'><strong><em>καθεξῆς</em></strong></span> <span class='ocrx_word' id='word_1_431' title='bbox 3238 1375 3357 1429; x_wconf 86' lang='grc' dir='ltr'><strong><em>τῶν</em></strong></span> <span class='ocrx_word' id='word_1_432' title='bbox 3408 1375 3755 1444; x_wconf 70' lang='grc' dir='ltr'><em>προφητῶν,</em></span> 
     </span>
    </p>
   </div>
   <div class='ocr_carea' id='block_1_67' title="bbox 2202 1461 3756 1541">
    <p class='ocr_par' dir='ltr' id='par_1_67' title="bbox 2202 1461 3756 1541">
     <span class='ocr_line' id='line_1_67' title="bbox 2202 1461 3756 1541; baseline -0.002 -15"><span class='ocrx_word' id='word_1_433' title='bbox 2202 1504 2213 1515; x_wconf 75' lang='grc' dir='ltr'><strong><em>σ</em></strong></span> <span class='ocrx_word' id='word_1_434' title='bbox 2318 1470 2590 1541; x_wconf 80' lang='grc' dir='ltr'><em>ἱστορικὴ</em></span> <span class='ocrx_word' id='word_1_435' title='bbox 2622 1469 2721 1524; x_wconf 70' lang='grc' dir='ltr'><em>καὶ</em></span> <span class='ocrx_word' id='word_1_436' title='bbox 2747 1469 3129 1540; x_wconf 80' lang='grc' dir='ltr'><em>εὐαγγελικὴ,</em></span> <span class='ocrx_word' id='word_1_437' title='bbox 3160 1469 3229 1521; x_wconf 78' lang='grc' dir='ltr'><em>ἐν</em></span> <span class='ocrx_word' id='word_1_438' title='bbox 3250 1461 3298 1536; x_wconf 83' lang='grc' dir='ltr'><strong><em>ᾧ</em></strong></span> <span class='ocrx_word' id='word_1_439' title='bbox 3323 1468 3756 1538; x_wconf 55' lang='lat' dir='ltr'><strong><em>existimabitis!</em></strong></span> 
     </span>
    </p>
   </div>
   <div class='ocr_carea' id='block_1_68' title="bbox 2312 1560 3761 1633">
    <p class='ocr_par' dir='ltr' id='par_1_68' title="bbox 2312 1560 3761 1633">
     <span class='ocr_line' id='line_1_68' title="bbox 2312 1560 3761 1633; baseline -0.002 -16"><span class='ocrx_word' id='word_1_440' title='bbox 2312 1561 2786 1633; x_wconf 86' lang='grc' dir='ltr'><em>συλλογιστική.</em></span> <span class='ocrx_word' id='word_1_441' title='bbox 2839 1561 2979 1629; x_wconf 73' lang='grc' dir='ltr'><em>Περὶ</em></span> <span class='ocrx_word' id='word_1_442' title='bbox 3002 1560 3377 1630; x_wconf 83' lang='grc' dir='ltr'><em>μεταθέσεως</em></span> <span class='ocrx_word' id='word_1_443' title='bbox 3417 1560 3525 1616; x_wconf 89' lang='grc' dir='ltr'><strong><em>τοῦ</em></strong></span> <span class='ocrx_word' id='word_1_444' title='bbox 3575 1561 3761 1628; x_wconf 83' lang='grc' dir='ltr'><em>κηρύ-</em></span> 
     </span>
    </p>
   </div>
   <div class='ocr_carea' id='block_1_69' title="bbox 2313 1651 3754 1726">
    <p class='ocr_par' dir='ltr' id='par_1_69' title="bbox 2313 1651 3754 1726">
     <span class='ocr_line' id='line_1_69' title="bbox 2313 1651 3754 1726; baseline -0.01 -13"><span class='ocrx_word' id='word_1_445' title='bbox 2313 1674 2536 1726; x_wconf 82' lang='grc' dir='ltr'><em>γματος</em></span> <span class='ocrx_word' id='word_1_446' title='bbox 2570 1657 2659 1723; x_wconf 84' lang='grc' dir='ltr'><strong><em>είς</em></strong></span> <span class='ocrx_word' id='word_1_447' title='bbox 2688 1656 2760 1710; x_wconf 84' lang='grc' dir='ltr'><em>τὰ</em></span> <span class='ocrx_word' id='word_1_448' title='bbox 2789 1655 2959 1722; x_wconf 84' lang='grc' dir='ltr'><em>ἔθνη,</em></span> <span class='ocrx_word' id='word_1_449' title='bbox 2992 1652 3249 1725; x_wconf 80' lang='grc' dir='ltr'><strong><em>διωγμοῦ</em></strong></span> <span class='ocrx_word' id='word_1_450' title='bbox 3282 1670 3347 1707; x_wconf 90' lang='grc' dir='ltr'><strong><em>τε</em></strong></span> <span class='ocrx_word' id='word_1_451' title='bbox 3383 1651 3582 1708; x_wconf 84' lang='grc' dir='ltr'><em>αὐτῶν</em></span> <span class='ocrx_word' id='word_1_452' title='bbox 3609 1651 3754 1715; x_wconf 80' lang='grc' dir='ltr'><em>ἐκεῖ,</em></span> 
     </span>
    </p>
   </div>
   <div class='ocr_carea' id='block_1_70' title="bbox 2317 1747 3148 1818">
    <p class='ocr_par' dir='ltr' id='par_1_70' title="bbox 2317 1747 3148 1818">
     <span class='ocr_line' id='line_1_70' title="bbox 2317 1747 3148 1818; baseline -0.002 -16"><span class='ocrx_word' id='word_1_453' title='bbox 2317 1749 2414 1803; x_wconf 74' lang='grc' dir='ltr'><em>καὶ</em></span> <span class='ocrx_word' id='word_1_454' title='bbox 2444 1748 2705 1818; x_wconf 68' lang='grc' dir='ltr'><em>ἀφίξεως</em></span> <span class='ocrx_word' id='word_1_455' title='bbox 2736 1750 2826 1813; x_wconf 83' lang='grc' dir='ltr'><em>εἰς</em></span> <span class='ocrx_word' id='word_1_456' title='bbox 2872 1747 3148 1801; x_wconf 83' lang='grc' dir='ltr'><em>Ἰκόνιον.</em></span> 
     </span>
    </p>
   </div>
   <div class='ocr_carea' id='block_1_71' title="bbox 2175 1835 3757 1908">
    <p class='ocr_par' dir='ltr' id='par_1_71' title="bbox 2175 1835 3757 1908">
     <span class='ocr_line' id='line_1_71' title="bbox 2175 1835 3757 1908; baseline -0.002 -11"><span class='ocrx_word' id='word_1_457' title='bbox 2175 1850 2281 1897; x_wconf 81' lang='grc' dir='ltr'><em>κα”.</em></span> <span class='ocrx_word' id='word_1_458' title='bbox 2318 1842 2517 1908; x_wconf 84' lang='grc' dir='ltr'><em>Ὅπως</em></span> <span class='ocrx_word' id='word_1_459' title='bbox 2555 1841 2627 1895; x_wconf 78' lang='grc' dir='ltr'><em>ἐν</em></span> <span class='ocrx_word' id='word_1_460' title='bbox 2667 1838 2886 1906; x_wconf 84' lang='grc' dir='ltr'><em>Ἰκονίῳ</em></span> <span class='ocrx_word' id='word_1_461' title='bbox 2916 1837 3290 1906; x_wconf 81' lang='grc' dir='ltr'><em>κηρύξαντες</em></span> <span class='ocrx_word' id='word_1_462' title='bbox 3343 1836 3451 1891; x_wconf 73' lang='grc' dir='ltr'><strong><em>τίν</em></strong></span> <span class='ocrx_word' id='word_1_463' title='bbox 3478 1835 3757 1904; x_wconf 72' lang='grc' dir='ltr'><em>Χριστὸν.</em></span> 
     </span>
    </p>
   </div>
   <div class='ocr_carea' id='block_1_72' title="bbox 2312 1929 3761 2000">
    <p class='ocr_par' dir='ltr' id='par_1_72' title="bbox 2312 1929 3761 2000">
     <span class='ocr_line' id='line_1_72' title="bbox 2312 1929 3761 2000; baseline -0.005 -9"><span class='ocrx_word' id='word_1_464' title='bbox 2312 1938 2562 1992; x_wconf 85' lang='grc' dir='ltr'><em>πολλῶν</em></span> <span class='ocrx_word' id='word_1_465' title='bbox 2627 1951 2693 1990; x_wconf 90' lang='grc' dir='ltr'><strong><em>τε</em></strong></span> <span class='ocrx_word' id='word_1_466' title='bbox 2749 1931 3213 1989; x_wconf 81' lang='grc' dir='ltr'><em>πιστευσάντων</em></span> <span class='ocrx_word' id='word_1_467' title='bbox 3269 1929 3648 2000; x_wconf 78' lang='grc' dir='ltr'><strong><em>ἐδιώχθησαν</em></strong></span> <span class='ocrx_word' id='word_1_468' title='bbox 3703 1930 3761 1985; x_wconf 80' lang='lat' dir='ltr'><strong><em>ol</em></strong></span> 
     </span>
    </p>
   </div>
   <div class='ocr_carea' id='block_1_73' title="bbox 2313 2027 2671 2083">
    <p class='ocr_par' dir='ltr' id='par_1_73' title="bbox 2313 2027 2671 2083">
     <span class='ocr_line' id='line_1_73' title="bbox 2313 2027 2671 2083; baseline 0.003 -1"><span class='ocrx_word' id='word_1_469' title='bbox 2313 2027 2671 2083; x_wconf 82' lang='grc' dir='ltr'><em>ἀπόστολοι.</em></span> 
     </span>
    </p>
   </div>
   <div class='ocr_carea' id='block_1_74' title="bbox 2170 2111 3756 2194">
    <p class='ocr_par' dir='ltr' id='par_1_74' title="bbox 2170 2111 3756 2194">
     <span class='ocr_line' id='line_1_74' title="bbox 2170 2111 3756 2194; baseline -0.008 -17"><span class='ocrx_word' id='word_1_470' title='bbox 2170 2120 2275 2194; x_wconf 82' lang='grc' dir='ltr'><em>κβ’.</em></span> <span class='ocrx_word' id='word_1_471' title='bbox 2304 2121 2443 2189; x_wconf 73' lang='grc' dir='ltr'><em>Περὶ</em></span> <span class='ocrx_word' id='word_1_472' title='bbox 2492 2120 2599 2175; x_wconf 90' lang='grc' dir='ltr'><strong><em>τοῦ</em></strong></span> <span class='ocrx_word' id='word_1_473' title='bbox 2652 2119 2723 2173; x_wconf 82' lang='grc' dir='ltr'><em>ἐν</em></span> <span class='ocrx_word' id='word_1_474' title='bbox 2767 2116 3069 2185; x_wconf 85' lang='grc' dir='ltr'><em>Λύστροις</em></span> <span class='ocrx_word' id='word_1_475' title='bbox 3116 2113 3187 2169; x_wconf 82' lang='grc' dir='ltr'><em>ὲκ</em></span> <span class='ocrx_word' id='word_1_476' title='bbox 3245 2111 3495 2185; x_wconf 75' lang='grc' dir='ltr'><em>γενετῆς</em></span> <span class='ocrx_word' id='word_1_477' title='bbox 3553 2112 3756 2182; x_wconf 85' lang='grc' dir='ltr'><em>χωλοῦ</em></span> 
     </span>
    </p>
   </div>
   <div class='ocr_carea' id='block_1_75' title="bbox 2313 2204 3760 2279">
    <p class='ocr_par' dir='ltr' id='par_1_75' title="bbox 2313 2204 3760 2279">
     <span class='ocr_line' id='line_1_75' title="bbox 2313 2204 3760 2279; baseline -0.005 -12"><span class='ocrx_word' id='word_1_478' title='bbox 2313 2213 2582 2279; x_wconf 77' lang='grc' dir='ltr'><em>ιαθέντος</em></span> <span class='ocrx_word' id='word_1_479' title='bbox 2608 2210 2706 2267; x_wconf 85' lang='grc' dir='ltr'><strong><em>διὰ</em></strong></span> <span class='ocrx_word' id='word_1_480' title='bbox 2744 2210 2864 2264; x_wconf 86' lang='grc' dir='ltr'><strong><em>τῶν</em></strong></span> <span class='ocrx_word' id='word_1_481' title='bbox 2884 2209 3283 2264; x_wconf 82' lang='grc' dir='ltr'><em>ἀποστόλων·</em></span> <span class='ocrx_word' id='word_1_482' title='bbox 3318 2205 3395 2260; x_wconf 77' lang='grc' dir='ltr'><em>δι’</em></span> <span class='ocrx_word' id='word_1_483' title='bbox 3429 2205 3576 2276; x_wconf 85' lang='grc' dir='ltr'><em>ὅπερ</em></span> <span class='ocrx_word' id='word_1_484' title='bbox 3604 2204 3760 2260; x_wconf 79' lang='grc' dir='ltr'><em>εἶναι</em></span> 
     </span>
    </p>
   </div>
   <div class='ocr_carea' id='block_1_76' title="bbox 2313 2296 3756 2372">
    <p class='ocr_par' dir='ltr' id='par_1_76' title="bbox 2313 2296 3756 2372">
     <span class='ocr_line' id='line_1_76' title="bbox 2313 2296 3756 2372; baseline -0.006 -13"><span class='ocrx_word' id='word_1_485' title='bbox 2313 2322 2377 2359; x_wconf 90' lang='grc' dir='ltr'><strong><em>τε</em></strong></span> <span class='ocrx_word' id='word_1_486' title='bbox 2410 2303 2552 2369; x_wconf 76' lang='grc' dir='ltr'><em>θεοὶ,</em></span> <span class='ocrx_word' id='word_1_487' title='bbox 2587 2302 2684 2358; x_wconf 74' lang='grc' dir='ltr'><em>καὶ</em></span> <span class='ocrx_word' id='word_1_488' title='bbox 2714 2301 2982 2372; x_wconf 88' lang='grc' dir='ltr'><em>μανῆναι</em></span> <span class='ocrx_word' id='word_1_489' title='bbox 3011 2301 3135 2367; x_wconf 88' lang='grc' dir='ltr'><em>τοῖς</em></span> <span class='ocrx_word' id='word_1_490' title='bbox 3177 2298 3485 2369; x_wconf 76' lang='grc' dir='ltr'><em>ἐγχωρίοις</em></span> <span class='ocrx_word' id='word_1_491' title='bbox 3515 2296 3756 2362; x_wconf 78' lang='grc' dir='ltr'><em>ἔδοξαν.</em></span> 
     </span>
    </p>
   </div>
   <div class='ocr_carea' id='block_1_77' title="bbox 2317 2389 3762 2465">
    <p class='ocr_par' dir='ltr' id='par_1_77' title="bbox 2317 2389 3762 2465">
     <span class='ocr_line' id='line_1_77' title="bbox 2317 2389 3762 2465; baseline -0.007 -13"><span class='ocrx_word' id='word_1_492' title='bbox 2317 2399 2505 2452; x_wconf 80' lang='grc' dir='ltr'><em>Ἔνθα</em></span> <span class='ocrx_word' id='word_1_493' title='bbox 2536 2395 2612 2464; x_wconf 80' lang='grc' dir='ltr'><em>δὴ</em></span> <span class='ocrx_word' id='word_1_494' title='bbox 2652 2393 2754 2450; x_wconf 78' lang='grc' dir='ltr'><em>καὶ</em></span> <span class='ocrx_word' id='word_1_495' title='bbox 2780 2394 3099 2465; x_wconf 80' lang='grc' dir='ltr'><em>μετέπειτα</em></span> <span class='ocrx_word' id='word_1_496' title='bbox 3133 2390 3432 2452; x_wconf 80' lang='grc' dir='ltr'><em>λιθάζεται</em></span> <span class='ocrx_word' id='word_1_497' title='bbox 3460 2393 3493 2446; x_wconf 89' lang='grc' dir='ltr'><strong><em>ό</em></strong></span> <span class='ocrx_word' id='word_1_498' title='bbox 3517 2389 3762 2455; x_wconf 85' lang='grc' dir='ltr'><em>Παῦλος</em></span> 
     </span>
    </p>
   </div>
   <div class='ocr_carea' id='block_1_78' title="bbox 2310 2483 3435 2556">
    <p class='ocr_par' dir='ltr' id='par_1_78' title="bbox 2310 2483 3435 2556">
     <span class='ocr_line' id='line_1_78' title="bbox 2310 2483 3435 2556; baseline -0.004 -15"><span class='ocrx_word' id='word_1_499' title='bbox 2310 2488 2471 2556; x_wconf 87' lang='grc' dir='ltr'><em>παρὰ</em></span> <span class='ocrx_word' id='word_1_500' title='bbox 2492 2486 2612 2542; x_wconf 83' lang='grc' dir='ltr'><strong><em>τῶν</em></strong></span> <span class='ocrx_word' id='word_1_501' title='bbox 2632 2486 3080 2556; x_wconf 79' lang='grc' dir='ltr'><em>ἀστυγειτόνων</em></span> <span class='ocrx_word' id='word_1_502' title='bbox 3119 2483 3435 2539; x_wconf 82' lang='grc' dir='ltr'><em>Ἰουδαίων.</em></span> 
     </span>
    </p>
   </div>
   <div class='ocr_carea' id='block_1_79' title="bbox 2174 2576 3759 2653">
    <p class='ocr_par' dir='ltr' id='par_1_79' title="bbox 2174 2576 3759 2653">
     <span class='ocr_line' id='line_1_79' title="bbox 2174 2576 3759 2653; baseline -0.006 -16"><span class='ocrx_word' id='word_1_503' title='bbox 2174 2582 2282 2653; x_wconf 84' lang='grc' dir='ltr'><em>κγ’.</em></span> <span class='ocrx_word' id='word_1_504' title='bbox 2318 2584 2448 2636; x_wconf 85' lang='grc' dir='ltr'><em>Ὅτι</em></span> <span class='ocrx_word' id='word_1_505' title='bbox 2476 2583 2550 2636; x_wconf 85' lang='grc' dir='ltr'><em>οὐ</em></span> <span class='ocrx_word' id='word_1_506' title='bbox 2587 2581 2684 2635; x_wconf 85' lang='grc' dir='ltr'><em>δεῖ</em></span> <span class='ocrx_word' id='word_1_507' title='bbox 2708 2581 3165 2652; x_wconf 81' lang='grc' dir='ltr'><em>περιτέμνεσθαι</em></span> <span class='ocrx_word' id='word_1_508' title='bbox 3182 2578 3325 2646; x_wconf 88' lang='grc' dir='ltr'><em>τοὺς</em></span> <span class='ocrx_word' id='word_1_509' title='bbox 3348 2578 3417 2643; x_wconf 80' lang='grc' dir='ltr'><strong><em>ἐξ</em></strong></span> <span class='ocrx_word' id='word_1_510' title='bbox 3442 2576 3636 2632; x_wconf 83' lang='grc' dir='ltr'><em>ἐθνῶν</em></span> <span class='ocrx_word' id='word_1_511' title='bbox 3665 2593 3759 2629; x_wconf 84' lang='grc' dir='ltr'><em>πι-</em></span> 
     </span>
    </p>
   </div>
   <div class='ocr_carea' id='block_1_80' title="bbox 2315 2671 3761 2746">
    <p class='ocr_par' dir='ltr' id='par_1_80' title="bbox 2315 2671 3761 2746">
     <span class='ocr_line' id='line_1_80' title="bbox 2315 2671 3761 2746; baseline -0.006 -16"><span class='ocrx_word' id='word_1_512' title='bbox 2315 2678 2717 2743; x_wconf 90' lang='grc' dir='ltr'><em>στεύσαντας,</em></span> <span class='ocrx_word' id='word_1_513' title='bbox 2764 2675 3014 2746; x_wconf 60' lang='grc' dir='ltr'><em>δόγματι</em></span> <span class='ocrx_word' id='word_1_514' title='bbox 3073 2674 3174 2730; x_wconf 74' lang='grc' dir='ltr'><em>καὶ</em></span> <span class='ocrx_word' id='word_1_515' title='bbox 3230 2674 3426 2743; x_wconf 83' lang='grc' dir='ltr'><em>κρίσει</em></span> <span class='ocrx_word' id='word_1_516' title='bbox 3462 2671 3581 2726; x_wconf 91' lang='grc' dir='ltr'><strong><em>τῶν</em></strong></span> <span class='ocrx_word' id='word_1_517' title='bbox 3611 2672 3761 2725; x_wconf 83' lang='grc' dir='ltr'><em>ἀπο-</em></span> 
     </span>
    </p>
   </div>
   <div class='ocr_carea' id='block_1_81' title="bbox 2316 2759 3763 2835">
    <p class='ocr_par' dir='ltr' id='par_1_81' title="bbox 2316 2759 3763 2835">
     <span class='ocr_line' id='line_1_81' title="bbox 2316 2759 3763 2835; baseline -0.006 -13"><span class='ocrx_word' id='word_1_518' title='bbox 2316 2768 2590 2823; x_wconf 89' lang='grc' dir='ltr'><em>στόλων·</em></span> <span class='ocrx_word' id='word_1_519' title='bbox 2639 2768 2709 2822; x_wconf 86' lang='grc' dir='ltr'><em>ἐν</em></span> <span class='ocrx_word' id='word_1_520' title='bbox 2760 2759 2810 2835; x_wconf 83' lang='grc' dir='ltr'>ᾧ</span> <span class='ocrx_word' id='word_1_521' title='bbox 2858 2764 3181 2832; x_wconf 77' lang='grc' dir='ltr'><em>Ἐπιστολὴ</em></span> <span class='ocrx_word' id='word_1_522' title='bbox 3230 2763 3350 2818; x_wconf 84' lang='grc' dir='ltr'><strong><em>τῶν</em></strong></span> <span class='ocrx_word' id='word_1_523' title='bbox 3397 2765 3763 2818; x_wconf 70' lang='grc' dir='ltr'><em>ἀποστόλων</em></span> 
     </span>
    </p>
   </div>
   <div class='ocr_carea' id='block_1_82' title="bbox 2317 2849 3759 2930">
    <p class='ocr_par' dir='ltr' id='par_1_82' title="bbox 2317 2849 3759 2930">
     <span class='ocr_line' id='line_1_82' title="bbox 2317 2849 3759 2930; baseline -0.003 -17"><span class='ocrx_word' id='word_1_524' title='bbox 2317 2860 2469 2930; x_wconf 83' lang='grc' dir='ltr'><em>πρὸς</em></span> <span class='ocrx_word' id='word_1_525' title='bbox 2509 2859 2650 2927; x_wconf 86' lang='grc' dir='ltr'><em>τοὺς</em></span> <span class='ocrx_word' id='word_1_526' title='bbox 2687 2858 2756 2923; x_wconf 78' lang='grc' dir='ltr'><strong><em>ἐξ</em></strong></span> <span class='ocrx_word' id='word_1_527' title='bbox 2808 2855 3000 2912; x_wconf 82' lang='grc' dir='ltr'><em>ἐθνῶν</em></span> <span class='ocrx_word' id='word_1_528' title='bbox 3061 2855 3196 2925; x_wconf 72' lang='grc' dir='ltr'><em>περὶ</em></span> <span class='ocrx_word' id='word_1_529' title='bbox 3252 2849 3342 2910; x_wconf 86' lang='grc' dir='ltr'><em>ὧν</em></span> <span class='ocrx_word' id='word_1_530' title='bbox 3389 2853 3759 2924; x_wconf 68' lang='grc' dir='ltr'><em>φυλακτέον.</em></span> 
     </span>
    </p>
   </div>
   <div class='ocr_carea' id='block_1_83' title="bbox 2330 2943 3763 3022">
    <p class='ocr_par' dir='ltr' id='par_1_83' title="bbox 2330 2943 3763 3022">
     <span class='ocr_line' id='line_1_83' title="bbox 2330 2943 3763 3022; baseline -0.006 -15"><span class='ocrx_word' id='word_1_531' title='bbox 2330 2953 2708 3022; x_wconf 64' lang='grc' dir='ltr'><em>Ἀντᾲόρησις</em></span> <span class='ocrx_word' id='word_1_532' title='bbox 2766 2950 3014 3005; x_wconf 84' lang='grc' dir='ltr'><em>Παύλου</em></span> <span class='ocrx_word' id='word_1_533' title='bbox 3072 2947 3224 3019; x_wconf 86' lang='grc' dir='ltr'><em>πρὸς</em></span> <span class='ocrx_word' id='word_1_534' title='bbox 3292 2946 3609 3016; x_wconf 76' lang='grc' dir='ltr'><em>Βαρνάϐαν</em></span> <span class='ocrx_word' id='word_1_535' title='bbox 3662 2943 3763 2999; x_wconf 68' lang='grc' dir='ltr'><em>δίὰ</em></span> 
     </span>
    </p>
   </div>
   <div class='ocr_carea' id='block_1_84' title="bbox 2319 3046 2586 3115">
    <p class='ocr_par' dir='ltr' id='par_1_84' title="bbox 2319 3046 2586 3115">
     <span class='ocr_line' id='line_1_84' title="bbox 2319 3046 2586 3115; baseline -0.007 -12"><span class='ocrx_word' id='word_1_536' title='bbox 2319 3046 2586 3115; x_wconf 74' lang='grc' dir='ltr'><em>Μάρκον.</em></span> 
     </span>
    </p>
   </div>
   <div class='ocr_carea' id='block_1_85' title="bbox 2175 3132 3762 3208">
    <p class='ocr_par' dir='ltr' id='par_1_85' title="bbox 2175 3132 3762 3208">
     <span class='ocr_line' id='line_1_85' title="bbox 2175 3132 3762 3208; baseline -0.005 -13"><span class='ocrx_word' id='word_1_537' title='bbox 2175 3137 2280 3195; x_wconf 84' lang='grc' dir='ltr'><em>κδ’.</em></span> <span class='ocrx_word' id='word_1_538' title='bbox 2320 3136 2464 3207; x_wconf 76' lang='grc' dir='ltr'><em>Περὶ</em></span> <span class='ocrx_word' id='word_1_539' title='bbox 2513 3136 2906 3208; x_wconf 80' lang='grc' dir='ltr'><em>κατηχήσεως</em></span> <span class='ocrx_word' id='word_1_540' title='bbox 2954 3133 3259 3206; x_wconf 80' lang='grc' dir='ltr'><em>Τιμοθέου,</em></span> <span class='ocrx_word' id='word_1_541' title='bbox 3316 3132 3417 3188; x_wconf 75' lang='grc' dir='ltr'><em>καὶ</em></span> <span class='ocrx_word' id='word_1_542' title='bbox 3460 3132 3573 3201; x_wconf 87' lang='grc' dir='ltr'><strong><em>τῆς</em></strong></span> <span class='ocrx_word' id='word_1_543' title='bbox 3609 3134 3762 3187; x_wconf 85' lang='grc' dir='ltr'><em>κατὰ</em></span> 
     </span>
    </p>
   </div>
   <div class='ocr_carea' id='block_1_86' title="bbox 2319 3224 3761 3300">
    <p class='ocr_par' dir='ltr' id='par_1_86' title="bbox 2319 3224 3761 3300">
     <span class='ocr_line' id='line_1_86' title="bbox 2319 3224 3761 3300; baseline -0.006 -13"><span class='ocrx_word' id='word_1_544' title='bbox 2319 3230 2714 3300; x_wconf 70' lang='grc' dir='ltr'><em>ἀποκάλυψιν</em></span> <span class='ocrx_word' id='word_1_545' title='bbox 2763 3228 3025 3299; x_wconf 71' lang='grc' dir='ltr'><em>ἀφίξεως</em></span> <span class='ocrx_word' id='word_1_546' title='bbox 3080 3228 3327 3284; x_wconf 88' lang='grc' dir='ltr'><em>Παύλου</em></span> <span class='ocrx_word' id='word_1_547' title='bbox 3367 3228 3455 3292; x_wconf 83' lang='grc' dir='ltr'><strong><em>είς</em></strong></span> <span class='ocrx_word' id='word_1_548' title='bbox 3495 3224 3761 3281; x_wconf 79' lang='grc' dir='ltr'><em>Μακεδο-</em></span> 
     </span>
    </p>
   </div>
   <div class='ocr_carea' id='block_1_87' title="bbox 2322 3317 3763 3396">
    <p class='ocr_par' dir='ltr' id='par_1_87' title="bbox 2322 3317 3763 3396">
     <span class='ocr_line' id='line_1_87' title="bbox 2322 3317 3763 3396; baseline -0.012 -12"><span class='ocrx_word' id='word_1_549' title='bbox 2322 3330 2482 3393; x_wconf 86' lang='grc' dir='ltr'><em>νίαν,</em></span> <span class='ocrx_word' id='word_1_550' title='bbox 2505 3328 2577 3383; x_wconf 77' lang='grc' dir='ltr'><em>ἐν</em></span> <span class='ocrx_word' id='word_1_551' title='bbox 2607 3321 2657 3396; x_wconf 82' lang='grc' dir='ltr'>ᾧ</span> <span class='ocrx_word' id='word_1_552' title='bbox 2675 3326 2807 3395; x_wconf 71' lang='grc' dir='ltr'><em>περὶ</em></span> <span class='ocrx_word' id='word_1_553' title='bbox 2833 3325 3093 3389; x_wconf 87' lang='grc' dir='ltr'><em>πίστεως</em></span> <span class='ocrx_word' id='word_1_554' title='bbox 3130 3320 3230 3376; x_wconf 76' lang='grc' dir='ltr'><em>καὶ</em></span> <span class='ocrx_word' id='word_1_555' title='bbox 3268 3318 3568 3386; x_wconf 84' lang='grc' dir='ltr'><em>σωτηρίας</em></span> <span class='ocrx_word' id='word_1_556' title='bbox 3596 3317 3763 3380; x_wconf 72' lang='grc' dir='ltr'><em>τινές</em></span> 
     </span>
    </p>
   </div>
   <div class='ocr_carea' id='block_1_88' title="bbox 2320 3401 3764 3488">
    <p class='ocr_par' dir='ltr' id='par_1_88' title="bbox 2320 3401 3764 3488">
     <span class='ocr_line' id='line_1_88' title="bbox 2320 3401 3764 3488; baseline -0.011 -13"><span class='ocrx_word' id='word_1_557' title='bbox 2320 3401 2893 3488; x_wconf 66' lang='grc' dir='ltr'><em>γυναικὸςᾌυδίαςθ</em></span> <span class='ocrx_word' id='word_1_558' title='bbox 2944 3411 3079 3481; x_wconf 74' lang='grc' dir='ltr'><em>περὶ</em></span> <span class='ocrx_word' id='word_1_559' title='bbox 3127 3409 3344 3475; x_wconf 81' lang='grc' dir='ltr'><em>ιάσεως</em></span> <span class='ocrx_word' id='word_1_560' title='bbox 3372 3407 3483 3477; x_wconf 89' lang='grc' dir='ltr'><strong><em>τῆς</em></strong></span> <span class='ocrx_word' id='word_1_561' title='bbox 3528 3406 3764 3475; x_wconf 83' lang='grc' dir='ltr'><em>πνεῦμα</em></span> 
     </span>
    </p>
   </div>
   <div class='ocr_carea' id='block_1_89' title="bbox 2321 3500 3765 3578">
    <p class='ocr_par' dir='ltr' id='par_1_89' title="bbox 2321 3500 3765 3578">
     <span class='ocr_line' id='line_1_89' title="bbox 2321 3500 3765 3578; baseline -0.008 -14"><span class='ocrx_word' id='word_1_562' title='bbox 2321 3513 2596 3577; x_wconf 89' lang='grc' dir='ltr'><em>πύθωνος</em></span> <span class='ocrx_word' id='word_1_563' title='bbox 2620 3509 2885 3578; x_wconf 84' lang='grc' dir='ltr'><em>ἐχούσης</em></span> <span class='ocrx_word' id='word_1_564' title='bbox 2901 3505 3251 3574; x_wconf 87' lang='grc' dir='ltr'><em>παιδίσκης,</em></span> <span class='ocrx_word' id='word_1_565' title='bbox 3282 3503 3356 3557; x_wconf 80' lang='grc' dir='ltr'><em>δι’</em></span> <span class='ocrx_word' id='word_1_566' title='bbox 3382 3500 3462 3570; x_wconf 79' lang='grc' dir='ltr'><em>ἣν</em></span> <span class='ocrx_word' id='word_1_567' title='bbox 3487 3502 3594 3555; x_wconf 84' lang='grc' dir='ltr'><em>τὸν</em></span> <span class='ocrx_word' id='word_1_568' title='bbox 3613 3500 3765 3555; x_wconf 89' lang='grc' dir='ltr'><em>Παῦ-</em></span> 
     </span>
    </p>
   </div>
   <div class='ocr_carea' id='block_1_90' title="bbox 2321 3594 3764 3673">
    <p class='ocr_par' dir='ltr' id='par_1_90' title="bbox 2321 3594 3764 3673">
     <span class='ocr_line' id='line_1_90' title="bbox 2321 3594 3764 3673; baseline -0.009 -13"><span class='ocrx_word' id='word_1_569' title='bbox 2321 3608 2437 3660; x_wconf 88' lang='grc' dir='ltr'><strong><em>λον</em></strong></span> <span class='ocrx_word' id='word_1_570' title='bbox 2461 3602 2779 3673; x_wconf 82' lang='grc' dir='ltr'><em>καθεῖρξαν</em></span> <span class='ocrx_word' id='word_1_571' title='bbox 2799 3603 2852 3656; x_wconf 88' lang='grc' dir='ltr'><strong><em>οί</em></strong></span> <span class='ocrx_word' id='word_1_572' title='bbox 2874 3599 3187 3654; x_wconf 84' lang='grc' dir='ltr'><em>δεσπόται.</em></span> <span class='ocrx_word' id='word_1_573' title='bbox 3220 3596 3476 3667; x_wconf 74' lang='grc' dir='ltr'><em>Περιτοῦ</em></span> <span class='ocrx_word' id='word_1_574' title='bbox 3499 3594 3764 3665; x_wconf 75' lang='grc' dir='ltr'><em>συμϐάν-</em></span> 
     </span>
    </p>
   </div>
   <div class='ocr_carea' id='block_1_91' title="bbox 2320 3687 3765 3766">
    <p class='ocr_par' dir='ltr' id='par_1_91' title="bbox 2320 3687 3765 3766">
     <span class='ocr_line' id='line_1_91' title="bbox 2320 3687 3765 3766; baseline -0.009 -14"><span class='ocrx_word' id='word_1_575' title='bbox 2320 3715 2426 3766; x_wconf 88' lang='grc' dir='ltr'><strong><em>τος</em></strong></span> <span class='ocrx_word' id='word_1_576' title='bbox 2453 3696 2584 3751; x_wconf 81' lang='grc' dir='ltr'><em>ὲκεῖ</em></span> <span class='ocrx_word' id='word_1_577' title='bbox 2605 3692 2865 3765; x_wconf 83' lang='grc' dir='ltr'><em>σεισμοῦ</em></span> <span class='ocrx_word' id='word_1_578' title='bbox 2895 3692 2996 3746; x_wconf 73' lang='grc' dir='ltr'><em>καὶ</em></span> <span class='ocrx_word' id='word_1_579' title='bbox 3020 3691 3339 3760; x_wconf 82' lang='grc' dir='ltr'><em>θαύματος,</em></span> <span class='ocrx_word' id='word_1_580' title='bbox 3362 3689 3458 3743; x_wconf 76' lang='grc' dir='ltr'><em>καὶ</em></span> <span class='ocrx_word' id='word_1_581' title='bbox 3487 3687 3647 3755; x_wconf 88' lang='grc' dir='ltr'><em>ὅπως</em></span> <span class='ocrx_word' id='word_1_582' title='bbox 3668 3702 3765 3739; x_wconf 88' lang='grc' dir='ltr'><em>πι-</em></span> 
     </span>
    </p>
   </div>
   <div class='ocr_carea' id='block_1_92' title="bbox 2320 3779 3765 3856">
    <p class='ocr_par' dir='ltr' id='par_1_92' title="bbox 2320 3779 3765 3856">
     <span class='ocr_line' id='line_1_92' title="bbox 2320 3779 3765 3856; baseline -0.01 -9"><span class='ocrx_word' id='word_1_583' title='bbox 2320 3791 2587 3856; x_wconf 88' lang='grc' dir='ltr'><em>στεύσας</em></span> <span class='ocrx_word' id='word_1_584' title='bbox 2629 3790 2663 3843; x_wconf 84' lang='grc' dir='ltr'><strong><em>ό</em></strong></span> <span class='ocrx_word' id='word_1_585' title='bbox 2711 3786 3115 3856; x_wconf 70' lang='grc' dir='ltr'><em>είρκτοφύλαξ</em></span> <span class='ocrx_word' id='word_1_586' title='bbox 3145 3784 3216 3838; x_wconf 79' lang='grc' dir='ltr'><em>ἐν</em></span> <span class='ocrx_word' id='word_1_587' title='bbox 3250 3781 3407 3852; x_wconf 77' lang='grc' dir='ltr'><em>αὐτῇ</em></span> <span class='ocrx_word' id='word_1_588' title='bbox 3464 3779 3537 3849; x_wconf 84' lang='grc' dir='ltr'><strong><em>τῆ</em></strong></span> <span class='ocrx_word' id='word_1_589' title='bbox 3590 3779 3765 3835; x_wconf 74' lang='grc' dir='ltr'><em>νυκτὶ</em></span> 
     </span>
    </p>
   </div>
   <div class='ocr_carea' id='block_1_93' title="bbox 2320 3872 3765 3947">
    <p class='ocr_par' dir='ltr' id='par_1_93' title="bbox 2320 3872 3765 3947">
     <span class='ocr_line' id='line_1_93' title="bbox 2320 3872 3765 3947; baseline -0.009 -11"><span class='ocrx_word' id='word_1_590' title='bbox 2320 3881 2651 3947; x_wconf 78' lang='grc' dir='ltr'><em>ἐϐαπτίσθη</em></span> <span class='ocrx_word' id='word_1_591' title='bbox 2681 3877 3048 3947; x_wconf 84' lang='grc' dir='ltr'><em>παραχρῆμα</em></span> <span class='ocrx_word' id='word_1_592' title='bbox 3076 3877 3444 3941; x_wconf 78' lang='grc' dir='ltr'><em>Πανέστιος,</em></span> <span class='ocrx_word' id='word_1_593' title='bbox 3490 3872 3600 3938; x_wconf 87' lang='grc' dir='ltr'><em>ὅτι,</em></span> <span class='ocrx_word' id='word_1_594' title='bbox 3651 3888 3765 3924; x_wconf 77' lang='grc' dir='ltr'><em>πα·</em></span> 
     </span>
    </p>
   </div>
   <div class='ocr_carea' id='block_1_94' title="bbox 2320 3964 3764 4046">
    <p class='ocr_par' dir='ltr' id='par_1_94' title="bbox 2320 3964 3764 4046">
     <span class='ocr_line' id='line_1_94' title="bbox 2320 3964 3764 4046; baseline -0.008 -17"><span class='ocrx_word' id='word_1_595' title='bbox 2320 3970 2734 4046; x_wconf 79' lang='grc' dir='ltr'><em>ρακληθέντες</em></span> <span class='ocrx_word' id='word_1_596' title='bbox 2783 3969 3052 4037; x_wconf 76' lang='grc' dir='ltr'><em>ἐξῆλθον</em></span> <span class='ocrx_word' id='word_1_597' title='bbox 3087 3969 3159 4024; x_wconf 80' lang='grc' dir='ltr'><em>ἐκ</em></span> <span class='ocrx_word' id='word_1_598' title='bbox 3205 3967 3313 4022; x_wconf 89' lang='grc' dir='ltr'><strong><em>τοῦ</em></strong></span> <span class='ocrx_word' id='word_1_599' title='bbox 3354 3964 3764 4035; x_wconf 84' lang='grc' dir='ltr'><em>δεσμωτηρίου</em></span> 
     </span>
    </p>
   </div>
   <div class='ocr_carea' id='block_1_95' title="bbox 2321 4064 2940 4121">
    <p class='ocr_par' dir='ltr' id='par_1_95' title="bbox 2321 4064 2940 4121">
     <span class='ocr_line' id='line_1_95' title="bbox 2321 4064 2940 4121; baseline -0.005 -1"><span class='ocrx_word' id='word_1_600' title='bbox 2321 4066 2455 4121; x_wconf 85' lang='grc' dir='ltr'><em>τότε</em></span> <span class='ocrx_word' id='word_1_601' title='bbox 2497 4068 2550 4119; x_wconf 83' lang='grc' dir='ltr'><strong><em>οί</em></strong></span> <span class='ocrx_word' id='word_1_602' title='bbox 2583 4064 2940 4120; x_wconf 82' lang='grc' dir='ltr'><em>ἀπόστολοι.</em></span> 
     </span>
    </p>
   </div>
   <div class='ocr_carea' id='block_1_96' title="bbox 2183 4148 3764 4231">
    <p class='ocr_par' dir='ltr' id='par_1_96' title="bbox 2183 4148 3764 4231">
     <span class='ocr_line' id='line_1_96' title="bbox 2183 4148 3764 4231; baseline -0.008 -17"><span class='ocrx_word' id='word_1_603' title='bbox 2183 4158 2279 4214; x_wconf 84' lang='grc' dir='ltr'><em>κε’.</em></span> <span class='ocrx_word' id='word_1_604' title='bbox 2322 4157 2461 4227; x_wconf 78' lang='grc' dir='ltr'><em>Περὶ</em></span> <span class='ocrx_word' id='word_1_605' title='bbox 2515 4155 2790 4223; x_wconf 79' lang='grc' dir='ltr'><em>στάσεως</em></span> <span class='ocrx_word' id='word_1_606' title='bbox 2843 4152 3171 4231; x_wconf 77' lang='grc' dir='ltr'><em>γενομένης</em></span> <span class='ocrx_word' id='word_1_607' title='bbox 3212 4151 3282 4207; x_wconf 82' lang='grc' dir='ltr'><em>ἐν</em></span> <span class='ocrx_word' id='word_1_608' title='bbox 3341 4148 3764 4214; x_wconf 71' lang='grc' dir='ltr'><em>Θεσσαλονίιή</em></span> 
     </span>
    </p>
   </div>
   <div class='ocr_carea' id='block_1_97' title="bbox 2324 4241 3767 4320">
    <p class='ocr_par' dir='ltr' id='par_1_97' title="bbox 2324 4241 3767 4320">
     <span class='ocr_line' id='line_1_97' title="bbox 2324 4241 3767 4320; baseline -0.009 -14"><span class='ocrx_word' id='word_1_609' title='bbox 2324 4250 2699 4320; x_wconf 60' lang='grc' dir='ltr'><em>κηρύγματος</em></span> <span class='ocrx_word' id='word_1_610' title='bbox 2750 4247 2982 4310; x_wconf 73' lang='grc' dir='ltr'><em>ἕνεκεν,</em></span> <span class='ocrx_word' id='word_1_611' title='bbox 3040 4241 3241 4313; x_wconf 73' lang='grc' dir='ltr'><em>φυγῆς</em></span> <span class='ocrx_word' id='word_1_612' title='bbox 3294 4260 3358 4297; x_wconf 89' lang='grc' dir='ltr'><strong><em>τε</em></strong></span> <span class='ocrx_word' id='word_1_613' title='bbox 3387 4242 3635 4298; x_wconf 85' lang='grc' dir='ltr'><em>Παύλου</em></span> <span class='ocrx_word' id='word_1_614' title='bbox 3679 4244 3767 4305; x_wconf 82' lang='grc' dir='ltr'><strong><em>είς</em></strong></span> 
     </span>
    </p>
   </div>
   <div class='ocr_carea' id='block_1_98' title="bbox 2324 4336 3341 4412">
    <p class='ocr_par' dir='ltr' id='par_1_98' title="bbox 2324 4336 3341 4412">
     <span class='ocr_line' id='line_1_98' title="bbox 2324 4336 3341 4412; baseline -0.008 -13"><span class='ocrx_word' id='word_1_615' title='bbox 2324 4342 2575 4412; x_wconf 79' lang='grc' dir='ltr'><em>Βέροιαν</em></span> <span class='ocrx_word' id='word_1_616' title='bbox 2596 4381 2611 4408; x_wconf 93' lang='grc'><strong><em>,</em></strong></span> <span class='ocrx_word' id='word_1_617' title='bbox 2648 4339 2922 4396; x_wconf 88' lang='grc' dir='ltr'><em>κάκεῖθεν</em></span> <span class='ocrx_word' id='word_1_618' title='bbox 2946 4339 3035 4403; x_wconf 81' lang='grc' dir='ltr'><em>εις</em></span> <span class='ocrx_word' id='word_1_619' title='bbox 3072 4336 3341 4402; x_wconf 74' lang='grc' dir='ltr'><em>Ἀθήνας.</em></span> 
     </span>
    </p>
   </div>
   <div class='ocr_carea' id='block_1_99' title="bbox 2184 4424 3769 4506">
    <p class='ocr_par' dir='ltr' id='par_1_99' title="bbox 2184 4424 3769 4506">
     <span class='ocr_line' id='line_1_99' title="bbox 2184 4424 3769 4506; baseline -0.013 -11"><span class='ocrx_word' id='word_1_620' title='bbox 2184 4446 2297 4505; x_wconf 69' lang='grc' dir='ltr'><em>κςν.</em></span> <span class='ocrx_word' id='word_1_621' title='bbox 2323 4437 2458 4506; x_wconf 80' lang='grc' dir='ltr'><em>Περὶ</em></span> <span class='ocrx_word' id='word_1_622' title='bbox 2478 4433 2590 4503; x_wconf 86' lang='grc' dir='ltr'><strong><em>τῆς</em></strong></span> <span class='ocrx_word' id='word_1_623' title='bbox 2617 4434 2687 4488; x_wconf 80' lang='grc' dir='ltr'><em>ἐν</em></span> <span class='ocrx_word' id='word_1_624' title='bbox 2714 4431 2993 4501; x_wconf 75' lang='grc' dir='ltr'><em>Ἀθήναις</em></span> <span class='ocrx_word' id='word_1_625' title='bbox 3017 4429 3340 4497; x_wconf 82' lang='grc' dir='ltr'><em>ἐπιϐωμίου</em></span> <span class='ocrx_word' id='word_1_626' title='bbox 3391 4424 3646 4496; x_wconf 71' lang='grc' dir='ltr'><em>γραφῆς,</em></span> <span class='ocrx_word' id='word_1_627' title='bbox 3672 4442 3769 4491; x_wconf 68' lang='grc' dir='ltr'><em>φι-</em></span> 
     </span>
    </p>
   </div>
   <div class='ocr_carea' id='block_1_100' title="bbox 2321 4516 3768 4597">
    <p class='ocr_par' dir='ltr' id='par_1_100' title="bbox 2321 4516 3768 4597">
     <span class='ocr_line' id='line_1_100' title="bbox 2321 4516 3768 4597; baseline -0.012 -13"><span class='ocrx_word' id='word_1_628' title='bbox 2321 4527 2596 4597; x_wconf 74' lang='grc' dir='ltr'><em>λοσόφου</em></span> <span class='ocrx_word' id='word_1_629' title='bbox 2639 4541 2703 4579; x_wconf 91' lang='grc' dir='ltr'><strong><em>τε</em></strong></span> <span class='ocrx_word' id='word_1_630' title='bbox 2733 4523 3111 4593; x_wconf 76' lang='grc' dir='ltr'><em>κηρύγματος</em></span> <span class='ocrx_word' id='word_1_631' title='bbox 3150 4519 3247 4574; x_wconf 74' lang='grc' dir='ltr'><strong><em>καί</em></strong></span> <span class='ocrx_word' id='word_1_632' title='bbox 3283 4516 3768 4583; x_wconf 78' lang='grc' dir='ltr'><em>εὐσεϐείαςηαύ-</em></span> 
     </span>
    </p>
   </div>
   <div class='ocr_carea' id='block_1_101' title="bbox 2326 4624 2462 4674">
    <p class='ocr_par' dir='ltr' id='par_1_101' title="bbox 2326 4624 2462 4674">
     <span class='ocr_line' id='line_1_101' title="bbox 2326 4624 2462 4674; baseline -0.007 0"><span class='ocrx_word' id='word_1_633' title='bbox 2326 4624 2462 4674; x_wconf 89' lang='grc' dir='ltr'><em>λου.</em></span> 
     </span>
    </p>
   </div>
   <div class='ocr_carea' id='block_1_102' title="bbox 2189 4697 3764 4780">
    <p class='ocr_par' dir='ltr' id='par_1_102' title="bbox 2189 4697 3764 4780">
     <span class='ocr_line' id='line_1_102' title="bbox 2189 4697 3764 4780; baseline -0.013 -11"><span class='ocrx_word' id='word_1_634' title='bbox 2189 4714 2289 4778; x_wconf 79' lang='grc' dir='ltr'><em>κζ’.</em></span> <span class='ocrx_word' id='word_1_635' title='bbox 2320 4712 2460 4780; x_wconf 70' lang='grc' dir='ltr'><em>Περὶ</em></span> <span class='ocrx_word' id='word_1_636' title='bbox 2505 4710 2720 4766; x_wconf 82' lang='grc' dir='ltr'><em>Ἀκύλα</em></span> <span class='ocrx_word' id='word_1_637' title='bbox 2743 4706 2841 4763; x_wconf 73' lang='grc' dir='ltr'><em>καὶ</em></span> <span class='ocrx_word' id='word_1_638' title='bbox 2874 4703 3263 4774; x_wconf 83' lang='grc' dir='ltr'><em>Πρισκίλλης,</em></span> <span class='ocrx_word' id='word_1_639' title='bbox 3293 4701 3391 4756; x_wconf 83' lang='grc' dir='ltr'><em>καὶ</em></span> <span class='ocrx_word' id='word_1_640' title='bbox 3425 4697 3536 4768; x_wconf 84' lang='grc' dir='ltr'><strong><em>τῆς</em></strong></span> <span class='ocrx_word' id='word_1_641' title='bbox 3557 4701 3764 4765; x_wconf 83' lang='grc' dir='ltr'><em>Κοριν-</em></span> 
     </span>
    </p>
   </div>
   <div class='ocr_carea' id='block_1_103' title="bbox 2328 4789 3767 4867">
    <p class='ocr_par' dir='ltr' id='par_1_103' title="bbox 2328 4789 3767 4867">
     <span class='ocr_line' id='line_1_103' title="bbox 2328 4789 3767 4867; baseline -0.013 -8"><span class='ocrx_word' id='word_1_642' title='bbox 2328 4804 2469 4859; x_wconf 88' lang='grc' dir='ltr'><em>θίων</em></span> <span class='ocrx_word' id='word_1_643' title='bbox 2498 4800 2823 4866; x_wconf 83' lang='grc' dir='ltr'><em>ἀπειθείας,</em></span> <span class='ocrx_word' id='word_1_644' title='bbox 2855 4797 2967 4867; x_wconf 87' lang='grc' dir='ltr'><strong><em>τῆς</em></strong></span> <span class='ocrx_word' id='word_1_645' title='bbox 3017 4813 3082 4850; x_wconf 85' lang='grc' dir='ltr'><strong><em>τε</em></strong></span> <span class='ocrx_word' id='word_1_646' title='bbox 3111 4795 3259 4848; x_wconf 81' lang='grc' dir='ltr'><em>κατὰ</em></span> <span class='ocrx_word' id='word_1_647' title='bbox 3293 4792 3635 4861; x_wconf 85' lang='grc' dir='ltr'><em>πρόγνωσιν</em></span> <span class='ocrx_word' id='word_1_648' title='bbox 3673 4789 3767 4842; x_wconf 77' lang='grc' dir='ltr'><strong><em>ἐπ’</em></strong></span> 
     </span>
    </p>
   </div>
   <div class='ocr_carea' id='block_1_104' title="bbox 2325 4884 3768 4963">
    <p class='ocr_par' dir='ltr' id='par_1_104' title="bbox 2325 4884 3768 4963">
     <span class='ocr_line' id='line_1_104' title="bbox 2325 4884 3768 4963; baseline -0.012 -10"><span class='ocrx_word' id='word_1_649' title='bbox 2325 4896 2549 4963; x_wconf 84' lang='grc' dir='ltr'><em>αὐτοὺς</em></span> <span class='ocrx_word' id='word_1_650' title='bbox 2575 4893 2857 4957; x_wconf 85' lang='grc' dir='ltr'><em>εὐδοκίας</em></span> <span class='ocrx_word' id='word_1_651' title='bbox 2906 4889 3015 4945; x_wconf 89' lang='grc' dir='ltr'><strong><em>τοῦ</em></strong></span> <span class='ocrx_word' id='word_1_652' title='bbox 3046 4887 3195 4942; x_wconf 85' lang='grc' dir='ltr'><em>Θεοῦ</em></span> <span class='ocrx_word' id='word_1_653' title='bbox 3226 4884 3768 4953; x_wconf 73' lang='grc' dir='ltr'><em>ἀποκαλυφθείσης</em></span> 
     </span>
    </p>
   </div>
   <div class='ocr_carea' id='block_1_105' title="bbox 2328 4975 3766 5057">
    <p class='ocr_par' dir='ltr' id='par_1_105' title="bbox 2328 4975 3766 5057">
     <span class='ocr_line' id='line_1_105' title="bbox 2328 4975 3766 5057; baseline -0.016 -10"><span class='ocrx_word' id='word_1_654' title='bbox 2328 4991 2577 5057; x_wconf 79' lang='grc' dir='ltr'><em>Παύλῳο</em></span> <span class='ocrx_word' id='word_1_655' title='bbox 2616 4980 2754 5054; x_wconf 80' lang='grc' dir='ltr'><strong><em>ἐνῷ</em></strong></span> <span class='ocrx_word' id='word_1_656' title='bbox 2781 4983 2915 5052; x_wconf 77' lang='grc' dir='ltr'><em>περὶ</em></span> <span class='ocrx_word' id='word_1_657' title='bbox 2955 4983 3229 5052; x_wconf 85' lang='grc' dir='ltr'><em>Κρίσπου</em></span> <span class='ocrx_word' id='word_1_658' title='bbox 3270 4975 3766 5049; x_wconf 72' lang='grc' dir='ltr'><em>ἀρχισυναγώγου</em></span> 
     </span>
    </p>
   </div>
   <div class='ocr_carea' id='block_1_106' title="bbox 2328 5068 3769 5145">
    <p class='ocr_par' dir='ltr' id='par_1_106' title="bbox 2328 5068 3769 5145">
     <span class='ocr_line' id='line_1_106' title="bbox 2328 5068 3769 5145; baseline -0.013 -8"><span class='ocrx_word' id='word_1_659' title='bbox 2328 5082 2771 5145; x_wconf 88' lang='grc' dir='ltr'><em>πιστεύσαντος</em></span> <span class='ocrx_word' id='word_1_660' title='bbox 2815 5074 2939 5131; x_wconf 79' lang='grc' dir='ltr'><em>σὺν</em></span> <span class='ocrx_word' id='word_1_661' title='bbox 2969 5072 3193 5142; x_wconf 78' lang='grc' dir='ltr'><em>ἑτέροις</em></span> <span class='ocrx_word' id='word_1_662' title='bbox 3230 5071 3354 5126; x_wconf 77' lang='grc' dir='ltr'><em>τισὶ</em></span> <span class='ocrx_word' id='word_1_663' title='bbox 3398 5069 3498 5124; x_wconf 76' lang='grc' dir='ltr'><em>καὶ</em></span> <span class='ocrx_word' id='word_1_664' title='bbox 3548 5068 3769 5133; x_wconf 77' lang='grc' dir='ltr'><em>βαπτι-</em></span> 
     </span>
    </p>
   </div>
   <div class='ocr_carea' id='block_1_107' title="bbox 2328 5161 3771 5239">
    <p class='ocr_par' dir='ltr' id='par_1_107' title="bbox 2328 5161 3771 5239">
     <span class='ocr_line' id='line_1_107' title="bbox 2328 5161 3771 5239; baseline -0.014 -8"><span class='ocrx_word' id='word_1_665' title='bbox 2328 5176 2608 5239; x_wconf 75' lang='grc' dir='ltr'><em>σθέντος,</em></span> <span class='ocrx_word' id='word_1_666' title='bbox 2640 5171 2728 5225; x_wconf 84' lang='grc' dir='ltr'><em>ὅτι</em></span> <span class='ocrx_word' id='word_1_667' title='bbox 2755 5169 3029 5234; x_wconf 82' lang='grc' dir='ltr'><em>στάσεως</em></span> <span class='ocrx_word' id='word_1_668' title='bbox 3058 5164 3408 5234; x_wconf 86' lang='grc' dir='ltr'><em>κινηθείσης</em></span> <span class='ocrx_word' id='word_1_669' title='bbox 3456 5162 3526 5215; x_wconf 80' lang='grc' dir='ltr'><em>ἐν</em></span> <span class='ocrx_word' id='word_1_670' title='bbox 3563 5161 3771 5227; x_wconf 83' lang='grc' dir='ltr'><em>Κορίν-</em></span> 
     </span>
    </p>
   </div>
   <div class='ocr_carea' id='block_1_108' title="bbox 2328 5252 3770 5336">
    <p class='ocr_par' dir='ltr' id='par_1_108' title="bbox 2328 5252 3770 5336">
     <span class='ocr_line' id='line_1_108' title="bbox 2328 5252 3770 5336; baseline -0.014 -14"><span class='ocrx_word' id='word_1_671' title='bbox 2328 5272 2431 5336; x_wconf 85' lang='grc' dir='ltr'><em>θφ,</em></span> <span class='ocrx_word' id='word_1_672' title='bbox 2452 5271 2485 5321; x_wconf 81' lang='grc' dir='ltr'><strong><em>ό</em></strong></span> <span class='ocrx_word' id='word_1_673' title='bbox 2513 5264 2755 5331; x_wconf 84' lang='grc' dir='ltr'><em>Παῦλος</em></span> <span class='ocrx_word' id='word_1_674' title='bbox 2780 5261 3270 5329; x_wconf 70' lang='grc' dir='ltr'><em>ὐπανεχόφησεν,</em></span> <span class='ocrx_word' id='word_1_675' title='bbox 3329 5254 3523 5310; x_wconf 79' lang='grc' dir='ltr'><em>ἐλθών</em></span> <span class='ocrx_word' id='word_1_676' title='bbox 3572 5269 3636 5306; x_wconf 89' lang='grc' dir='ltr'><strong><em>τε</em></strong></span> <span class='ocrx_word' id='word_1_677' title='bbox 3683 5252 3770 5315; x_wconf 85' lang='grc' dir='ltr'><em>εἰς</em></span> 
     </span>
    </p>
   </div>
   <div class='ocr_carea' id='block_1_109' title="bbox 2334 5345 3773 5429">
    <p class='ocr_par' dir='ltr' id='par_1_109' title="bbox 2334 5345 3773 5429">
     <span class='ocr_line' id='line_1_109' title="bbox 2334 5345 3773 5429; baseline -0.012 -15"><span class='ocrx_word' id='word_1_678' title='bbox 2334 5361 2601 5429; x_wconf 74' lang='grc' dir='ltr'><em>Ἔφεσον</em></span> <span class='ocrx_word' id='word_1_679' title='bbox 2629 5356 2724 5411; x_wconf 80' lang='grc' dir='ltr'><strong><em>καί</em></strong></span> <span class='ocrx_word' id='word_1_680' title='bbox 2756 5354 3093 5424; x_wconf 75' lang='grc' dir='ltr'><em>διαλεχθεὶς</em></span> <span class='ocrx_word' id='word_1_681' title='bbox 3119 5350 3341 5420; x_wconf 80' lang='grc' dir='ltr'><em>ἐξῆλθε</em></span> <span class='ocrx_word' id='word_1_682' title='bbox 3360 5364 3374 5378; x_wconf 91' lang='grc'><strong>·</strong></span> <span class='ocrx_word' id='word_1_683' title='bbox 3402 5345 3536 5415; x_wconf 74' lang='grc' dir='ltr'><em>περὶ</em></span> <span class='ocrx_word' id='word_1_684' title='bbox 3565 5345 3773 5400; x_wconf 76' lang='grc' dir='ltr'><em>Ἄπολ-</em></span> 
     </span>
    </p>
   </div>
   <div class='ocr_carea' id='block_1_110' title="bbox 2330 5441 3395 5519">
    <p class='ocr_par' dir='ltr' id='par_1_110' title="bbox 2330 5441 3395 5519">
     <span class='ocr_line' id='line_1_110' title="bbox 2330 5441 3395 5519; baseline -0.011 -12"><span class='ocrx_word' id='word_1_685' title='bbox 2330 5453 2416 5507; x_wconf 87' lang='grc' dir='ltr'><em>λὼ</em></span> <span class='ocrx_word' id='word_1_686' title='bbox 2443 5450 2666 5519; x_wconf 82' lang='grc' dir='ltr'><em>ἀνδρὸς</em></span> <span class='ocrx_word' id='word_1_687' title='bbox 2699 5447 2910 5518; x_wconf 84' lang='grc' dir='ltr'><em>λογίου</em></span> <span class='ocrx_word' id='word_1_688' title='bbox 2939 5462 3004 5500; x_wconf 91' lang='grc' dir='ltr'><strong><em>τε</em></strong></span> <span class='ocrx_word' id='word_1_689' title='bbox 3023 5445 3121 5499; x_wconf 77' lang='grc' dir='ltr'><em>καὶ</em></span> <span class='ocrx_word' id='word_1_690' title='bbox 3152 5441 3395 5497; x_wconf 85' lang='grc' dir='ltr'><em>πιστοῦ.</em></span> 
     </span>
    </p>
   </div>
   <div class='ocr_carea' id='block_1_111' title="bbox 2190 5532 3773 5615">
    <p class='ocr_par' dir='ltr' id='par_1_111' title="bbox 2190 5532 3773 5615">
     <span class='ocr_line' id='line_1_111' title="bbox 2190 5532 3773 5615; baseline -0.009 -16"><span class='ocrx_word' id='word_1_691' title='bbox 2190 5543 2294 5615; x_wconf 83' lang='grc' dir='ltr'><em>κη’.</em></span> <span class='ocrx_word' id='word_1_692' title='bbox 2328 5542 2467 5607; x_wconf 80' lang='grc' dir='ltr'><em>Περὶ</em></span> <span class='ocrx_word' id='word_1_693' title='bbox 2496 5540 2918 5609; x_wconf 85' lang='grc' dir='ltr'><em>,βαπτίσματος</em></span> <span class='ocrx_word' id='word_1_694' title='bbox 2952 5535 3052 5589; x_wconf 76' lang='grc' dir='ltr'><em>καὶ</em></span> <span class='ocrx_word' id='word_1_695' title='bbox 3088 5535 3199 5603; x_wconf 88' lang='grc' dir='ltr'><strong><em>τῆς</em></strong></span> <span class='ocrx_word' id='word_1_696' title='bbox 3247 5533 3552 5604; x_wconf 77' lang='grc' dir='ltr'><em>τοῦάγίου</em></span> <span class='ocrx_word' id='word_1_697' title='bbox 3581 5532 3773 5587; x_wconf 59' lang='lat' dir='ltr'><strong><em>Uret?-</em></strong></span> 
     </span>
    </p>
   </div>
   <div class='ocr_carea' id='block_1_112' title="bbox 2324 5626 3775 5704">
    <p class='ocr_par' dir='ltr' id='par_1_112' title="bbox 2324 5626 3775 5704">
     <span class='ocr_line' id='line_1_112' title="bbox 2324 5626 3775 5704; baseline -0.007 -17"><span class='ocrx_word' id='word_1_698' title='bbox 2324 5640 2513 5704; x_wconf 83' lang='grc' dir='ltr'><em>ματος</em></span> <span class='ocrx_word' id='word_1_699' title='bbox 2540 5629 2758 5701; x_wconf 81' lang='grc' dir='ltr'><em>δωρεᾶς</em></span> <span class='ocrx_word' id='word_1_700' title='bbox 2796 5630 3076 5697; x_wconf 81' lang='grc' dir='ltr'><em>δοθείσης</em></span> <span class='ocrx_word' id='word_1_701' title='bbox 3112 5627 3208 5681; x_wconf 85' lang='grc' dir='ltr'><strong><em>διὰ</em></strong></span> <span class='ocrx_word' id='word_1_702' title='bbox 3227 5626 3580 5698; x_wconf 80' lang='grc' dir='ltr'><em>προσευχῆς</em></span> <span class='ocrx_word' id='word_1_703' title='bbox 3610 5626 3775 5679; x_wconf 81' lang='grc' dir='ltr'><em>Παύ-</em></span> 
     </span>
    </p>
   </div>
   <div class='ocr_carea' id='block_1_113' title="bbox 2327 5717 3773 5792">
    <p class='ocr_par' dir='ltr' id='par_1_113' title="bbox 2327 5717 3773 5792">
     <span class='ocr_line' id='line_1_113' title="bbox 2327 5717 3773 5792; baseline -0.006 -11"><span class='ocrx_word' id='word_1_704' title='bbox 2327 5732 2443 5781; x_wconf 89' lang='grc' dir='ltr'><strong><em>λου</em></strong></span> <span class='ocrx_word' id='word_1_705' title='bbox 2492 5724 2617 5791; x_wconf 85' lang='grc' dir='ltr'><em>τοῐς</em></span> <span class='ocrx_word' id='word_1_706' title='bbox 2644 5725 2714 5777; x_wconf 84' lang='grc' dir='ltr'><em>ἐν</em></span> <span class='ocrx_word' id='word_1_707' title='bbox 2758 5722 2989 5792; x_wconf 68' lang='grc' dir='ltr'><em>Ἐφέσῳ</em></span> <span class='ocrx_word' id='word_1_708' title='bbox 3041 5721 3434 5783; x_wconf 81' lang='grc' dir='ltr'><em>πιστεύσασι,</em></span> <span class='ocrx_word' id='word_1_709' title='bbox 3488 5721 3584 5774; x_wconf 78' lang='grc' dir='ltr'><strong><em>καί</em></strong></span> <span class='ocrx_word' id='word_1_710' title='bbox 3638 5717 3773 5784; x_wconf 47' lang='lat' dir='ltr'><strong><em>nell</em></strong></span> 
     </span>
    </p>
   </div>
   <div class='ocr_carea' id='block_1_114' title="bbox 2333 5806 3772 5883">
    <p class='ocr_par' dir='ltr' id='par_1_114' title="bbox 2333 5806 3772 5883">
     <span class='ocr_line' id='line_1_114' title="bbox 2333 5806 3772 5883; baseline -0.005 -13"><span class='ocrx_word' id='word_1_711' title='bbox 2333 5818 2547 5883; x_wconf 70' lang='grc' dir='ltr'><em>ἰάσεως</em></span> <span class='ocrx_word' id='word_1_712' title='bbox 2566 5814 2673 5869; x_wconf 88' lang='grc' dir='ltr'><strong><em>τοῦ</em></strong></span> <span class='ocrx_word' id='word_1_713' title='bbox 2695 5814 2850 5869; x_wconf 89' lang='grc' dir='ltr'><em>λαοῦ</em></span> <span class='ocrx_word' id='word_1_714' title='bbox 2866 5830 2881 5845; x_wconf 77' lang='grc' dir='ltr'><strong><em>ο</em></strong></span> <span class='ocrx_word' id='word_1_715' title='bbox 2913 5815 2984 5868; x_wconf 79' lang='grc' dir='ltr'><em>ἐν</em></span> <span class='ocrx_word' id='word_1_716' title='bbox 3005 5806 3052 5880; x_wconf 82' lang='grc' dir='ltr'><strong>ᾧ</strong></span> <span class='ocrx_word' id='word_1_717' title='bbox 3077 5809 3345 5881; x_wconf 76' lang='grc' dir='ltr'><em>περὶτῶν</em></span> <span class='ocrx_word' id='word_1_718' title='bbox 3396 5808 3541 5864; x_wconf 84' lang='grc' dir='ltr'><em>υἱῶν</em></span> <span class='ocrx_word' id='word_1_719' title='bbox 3552 5807 3772 5873; x_wconf 85' lang='grc' dir='ltr'><em>Σκευᾶ,</em></span> 
     </span>
    </p>
   </div>
   <div class='ocr_carea' id='block_1_115' title="bbox 2334 5902 3777 5977">
    <p class='ocr_par' dir='ltr' id='par_1_115' title="bbox 2334 5902 3777 5977">
     <span class='ocr_line' id='line_1_115' title="bbox 2334 5902 3777 5977; baseline -0.008 -12"><span class='ocrx_word' id='word_1_720' title='bbox 2334 5910 2430 5965; x_wconf 75' lang='grc' dir='ltr'><em>καὶ</em></span> <span class='ocrx_word' id='word_1_721' title='bbox 2484 5910 2515 5963; x_wconf 76' lang='grc' dir='ltr'><em>ὅ</em></span> <span class='ocrx_word' id='word_1_722' title='bbox 2522 5927 2569 5963; x_wconf 93' lang='grc' dir='ltr'><strong><em>τι</em></strong></span> <span class='ocrx_word' id='word_1_723' title='bbox 2605 5910 2677 5965; x_wconf 83' lang='grc' dir='ltr'><em>οὺ</em></span> <span class='ocrx_word' id='word_1_724' title='bbox 2706 5907 2801 5962; x_wconf 83' lang='grc' dir='ltr'><em>δεῖ</em></span> <span class='ocrx_word' id='word_1_725' title='bbox 2818 5906 3193 5977; x_wconf 77' lang='grc' dir='ltr'><em>προσχωρεῖν</em></span> <span class='ocrx_word' id='word_1_726' title='bbox 3223 5906 3502 5971; x_wconf 62' lang='grc' dir='ltr'><em>ἀπίστοις</em></span> <span class='ocrx_word' id='word_1_727' title='bbox 3530 5902 3627 5958; x_wconf 76' lang='grc' dir='ltr'><em>καὶ</em></span> <span class='ocrx_word' id='word_1_728' title='bbox 3674 5903 3777 5956; x_wconf 86' lang='grc' dir='ltr'><em>ἀν-</em></span> 
     </span>
    </p>
   </div>
  </div>
