4058 6542
302 425 372 491 53
1220 412 1610 480 COMMENT.
1642 415 1722 476 ΙΝ
1762 413 1950 472 ACTA
1993 402 2570 489 APOSTOLORUM.
3495 393 3564 457 54

301 538 582 607 δεόμενος,
620 536 715 591 καὶ
750 530 942 588 ’ἵππων
986 532 1047 586 τὸ
1091 532 1254 603 τάχος
1306 530 1456 602 αὑτῷ
1507 526 1887 584 καταγνόντων

2026 536 2120 574 ero
2149 536 2339 576 servus
2368 527 2508 587 erat,
2545 515 2775 586 ideoque,
2812 525 3038 570 sursum
3085 511 3294 569 ferente
3320 507 3571 564 vellicqu

300 631 401 697 τῆς
432 627 547 682 ἄνω
588 626 834 699 πορείας.
871 627 964 680 Διὸ
1007 628 1102 680 καὶ
1146 626 1234 678 ἐπ’
1266 626 1477 679 ἐκείνου
1512 624 1610 693 μὲν
1637 620 1881 693 εἷρηται’

318 722 507 792 Ἀνέϐη
549 723 739 785 Ἠλίας
790 723 847 774 ἐν
890 719 1205 790 συσσεισμῷ
1250 718 1326 783 ὡς
1377 720 1457 780 εἰς
1505 716 1597 769 τδν
1637 713 1883 786 οὐρανόν.

318 816 438 870 Ἐπὶ
468 816 524 871 δὲ
558 816 653 869 τοῦ
701 815 929 887 Κυρίου,
957 814 1040 868 τό⁶
1081 812 1458 885 Πορευομένου
1492 808 1658 865 αὑτοῦ
1688 808 1767 872 είς
1797 806 1888 859 τὸν

305 909 553 981 οὐρανόν.
589 909 696 962 Δύο
724 907 782 962 δὲ
831 908 1020 979 ἄνδρες
1049 906 1402 978 λευχειμονες
1436 901 1757 958 πιστοῦνται
1791 888 1889 971 τὴν

306 1004 387 1064 εἰς
438 1002 702 1071 οὐραποὺς
746 1000 1192 1055 ἀποκατάστασιν
1239 997 1332 1052 τοῦ
1385 996 1614 1067 Κυρίου,
1662 992 1749 1048 διὰ
1799 994 1885 1054 τὺ,

315 1114 333 1143 ι
366 1093 488 1145 Ἐπὶ
516 1093 611 1147 δύο
643 1093 677 1165 ἢ
707 1093 874 1163 τριῶν
902 1092 1197 1164 μαρτύρων
1219 1091 1310 1144 τὸν
1342 1089 1499 1159 λόγον
1530 1086 1889 1142 καθίστασθαι

310 1185 543 1254 βέϐαιον.
576 1204 593 1235 ι

381 1298 402 1328 ι
436 1279 541 1329 Καὶ
582 1277 657 1341 ὡς
709 1277 1043 1342 ἀτενίζοντες
1093 1271 1257 1346 ἦσαν,
1282 1277 1360 1337 εἰς
1391 1273 1481 1326 τὸν
1520 1270 1746 1342 οὐρανὸν
1782 1285 1887 1321 πο·

312 1390 333 1419 ς
376 1369 673 1440 ρειομένου
721 1368 910 1431 αὑτοῦ,
946 1369 1041 1421 καὶ
1088 1366 1196 1420 ἰδοὺ
1225 1364 1416 1436 ἄνδρες
1466 1362 1560 1415 δύο
1589 1360 1892 1432 παρειστή-

312 1480 331 1510 ι
374 1478 563 1513 κεισαν
587 1461 770 1521 αὐτοῖς
798 1464 855 1514 ἐν
892 1460 1080 1528 ἐσθῆτι
1115 1459 1309 1528 λευκῇ.
1336 1476 1354 1507 ι

386 1551 611 1623 ’Ἄνδρες
641 1553 729 1605 διὰ
780 1554 879 1620 τὴν
935 1551 1216 1620 ἐνέργειαν
1242 1551 1291 1602 οἱ
1323 1545 1548 1615 ἄγγελοι
1576 1544 1894 1615 φαινόμενοι

1988 629 2174 683 egens,
2204 623 2259 668 et
2280 613 2435 682 equis
2460 609 2553 681 qui
2577 608 2914 664 velocitatem
2940 604 3156 662 itineris
3180 602 3258 657 illi
3286 610 3567 672 pararent.

1991 707 2205 763 ldcirco
2234 706 2397 762 etiam
2431 707 2498 761 de
2552 704 2657 760 hoc
2713 702 2923 759 dictum
2948 708 3070 755 cst:
3122 696 3385 754 Ascendit
3426 695 3574 751 Elias

1993 802 2046 855 iu
2086 799 2303 856 turbine
2349 808 2608 868 tanquam
2653 799 2706 850 in
2753 794 2994 858 coelum;
3025 791 3095 847 de
3125 789 3355 846 Domino
3404 800 3573 842 vero:

1993 893 2168 948 Eunte
2198 892 2291 947 illo
2320 893 2372 945 in
2425 891 2649 946 caelum.
2688 887 2806 943 Duo
2842 893 3026 941 autem
3064 883 3165 938 viri
3202 882 3344 938 albis
3399 880 3575 935 induti

1993 983 2323 1038 conﬁrmant
2354 979 2572 1038 Domini
2609 979 2663 1033 in
2697 978 2869 1033 coclos
2900 974 3327 1039 restitutionem,
3355 983 3579 1043 propter

1996 1077 2048 1131 id
2100 1078 2243 1147 quod
2280 1077 2508 1131 dicitur:
2549 1072 2683 1129 «Per
2706 1071 2848 1127 duos
2889 1078 2983 1124 aut
3015 1078 3126 1124 tres
3194 1075 3361 1123 testes
3397 1081 3579 1122 sermo

1997 1171 2188 1229 [iruuts
2219 1168 2577 1225 constituitur
2605 1166 2704 1220 ν’.»

2070 1261 2110 1328 l,
2148 1262 2233 1316 10.
2273 1278 2290 1310 ι
2329 1260 2582 1330 (Suntque
2607 1257 2833 1313 intentis
2856 1262 3037 1313 t-sseut
3055 1253 3249 1319 oculis,
3281 1259 3446 1307 eunte
3470 1250 3565 1305 illo

2001 1372 2018 1406 ι
2052 1354 2104 1409 iu
2161 1354 2393 1410 oteluzu:
2450 1361 2506 1407 et
2558 1364 2686 1409 ecce
2736 1348 2847 1405 duo
2912 1345 3013 1400 viri
3098 1346 3392 1400 astiterunt
3442 1343 3578 1414 ipsis

2004 1467 2022 1499 ι
2066 1447 2118 1502 in
2156 1457 2304 1503 veste
2349 1446 2475 1511 alba
2513 1464 2533 1497 ι

2001 1594 2005 1599 .
2066 1540 2258 1612 Angeli
2340 1552 2665 1611 apparentes
2734 1544 2956 1608 propter
3032 1533 3410 1605 operationem
3483 1532 3582 1587 viri

310 1644 738 1713 χρηματίζουσι,
772 1645 911 1697 κατὰ
951 1643 1013 1712 to
1067 1626 1328 1710 συγγενὲς
1355 1637 1450 1691 τοῦ
1470 1638 1773 1708 ὁράματος,
1808 1636 1894 1688 ἵνα

2021 1633 2366 1702 ippellautur,
2393 1632 2547 1700 juxta
2580 1630 2807 1686 visionis
2840 1628 3238 1699 cognationem
3266 1640 3280 1679 :
3312 1638 3381 1679 ne
3407 1627 3585 1678 omni-

316 1737 388 1807 μὴ
423 1737 603 1789 τέλεον
639 1734 955 1806 ἐκπλήξωσι
999 1734 1124 1797 τοὺς
1154 1732 1257 1804 ἤδη
1292 1730 1372 1801 τῷ
1401 1729 1534 1801 ξένῳ
1560 1729 1661 1798 τῆς
1689 1727 1897 1799 άναλή·

312 1829 457 1897 duo;
489 1829 999 1901 ἐκπεπληγμένους.

387 1940 408 1972 ι
445 1920 507 1973 Ci
559 1922 652 1974 καὶ
705 1918 893 1975 εἷπον·
960 1918 1185 1992 Ἄνδρες
1219 1916 1519 1982 Γαλιλαῖοι,
1546 1915 1600 1968 τί
1630 1915 1893 1986 ἑστήκατε

315 2031 338 2063 ι
376 2013 744 2084 ἐμϐλέποντες
774 2015 854 2078 είς
882 2013 972 2067 τὸν
997 2011 1257 2083 οὐρανὸνς
1292 2031 1311 2062 ο
1384 2064 1387 2065 ,

388 2108 617 2178 Ἀνδρες
672 2107 933 2177 ἀνδράσιν
990 2105 1242 2170 ἐλάλουν,
1301 2104 1393 2156 καὶ
1437 2102 1585 2171 ὅμως
1638 2100 1737 2153 οὐκ
1760 2095 1899 2171 ἦσαν

315 2198 591 2269 ξμοούσιοι
620 2199 891 2269 ἀλλήλοις.

399 2314 418 2346 ι
445 2291 612 2358 Οὗτος
636 2297 663 2348 ὁ
701 2294 906 2365 ’,Ιησοῦς
953 2292 983 2346 ὁ
1030 2290 1364 2363 ἀναληφθεὶς
1386 2288 1478 2358 ἀφ’
1505 2286 1660 2359 ὑμῶν
1697 2289 1776 2350 εἰς
1812 2285 1903 2339 τὸν

322 2409 339 2437 ι
370 2386 797 2459 οὐρανὸν,οὖτως
829 2386 1131 2451 ἐλεύσεται,
1159 2385 1218 2439 ὃν
1244 2384 1446 2457 τρόπον
1474 2380 1771 2437 ἐθεάσασθε
1799 2380 1899 2432 αὺ-

320 2499 345 2533 4
386 2481 479 2533 τὸν
520 2480 886 2552 πορευόμενον
914 2479 993 2542 είς
1031 2477 1122 2533 τὸν
1146 2476 1393 2548 οὐρανόν.
1425 2493 1444 2526 ι

395 2575 511 2626 Ἵνα
548 2572 623 2641 μὴ
653 2570 991 2645 θορυϐὦνται
1021 2570 1071 2624 οἱ
1111 2568 1376 2641 μαθηταὶ,
1414 2566 1510 2622 καὶ
1555 2567 1632 2631 ὡς
1684 2563 1902 2635 οἰχομέ-

323 2683 414 2719 νου
447 2664 544 2718 τοῦ
573 2663 922 2729 διδασκάλου,
957 2662 1053 2715 καὶ
1113 2659 1209 2713 τοῦ
1251 2658 1504 2731 σώματος
1555 2656 1701 2727 αὐτῷ
1754 2654 1908 2725 διαρο

326 2759 565 2831 ῥυέντος,
597 2757 914 2810 ἀνέλπιστοι
965 2754 1152 2809 λοιπὸν
1190 2748 1295 2808 ὦσι
1324 2754 1424 2823 τῆς
1446 2751 1531 2806 ἐπ’
1558 2749 1708 2820 αὑτῷ
1739 2764 1908 2821 προσ-

319 2851 528 2919 δοκίας,
562 2856 660 2905 καὶ⁵
697 2851 784 2905 διὰ
823 2849 983 2904 τοῦτο
1007 2850 1165 2913 ἄλλος
1197 2846 1431 2920 ἀλλαχοῦ
1465 2841 1906 2900 διασκεδασθῶσι

326 2945 493 3015 δειλίᾳ
522 2946 615 2998 καὶ
649 2944 836 3014 φόϐῳ·
876 2943 1070 2996 τούτου
1127 2940 1288 3012 χάριν
1333 2938 1658 3009 ἐφίστανται
1719 2934 1769 2988 οἱ
1817 2933 1911 2989 ἄν·

331 3037 475 3108 δρες,
508 3037 601 3091 καὶ
628 3036 726 3107 τὴν
766 3038 846 3100 εἰς
875 3034 1109 3107 οὐρανὸν
1161 3033 1347 3088 ἄνοδον
1390 3031 1572 3093 αὐτοῖς
1605 3026 1910 3100 δηλοῦντες,

334 3129 425 3182 καὶ
451 3130 551 3199 τὴν
584 3129 680 3183 τοῦ
730 3125 1210 3199 προσειλημμένον
1267 3124 1520 3195 σώματος
1568 3121 1828 3193 διαμονήν
1850 3137 1914 3174 τε

1999 1740 2072 1780 ιιο
2094 1733 2516 1779 consternarcnt
2533 1738 2630 1777 eos
2657 1722 2750 1791 qui
2770 1719 2882 1790 jam
2916 1718 3158 1773 novitate
3183 1717 3584 1787 assumptionis

2000 1820 2235 1889 perculsi
2263 1829 2416 1874 erant
2430 1858 2443 1872 .

2076 1932 2095 1965 ι
2140 1913 2179 1976 l,
2214 1913 2295 1969 ll.
2332 1911 2432 1978 Qui
2463 1921 2515 1966 et
2542 1912 2832 1966 dixerunt:
2865 1910 2978 1965 Viri
3007 1906 3237 1973 Galtltei,
3268 1906 3399 1978 quid
3426 1904 3587 1962 statis

2007 2025 2024 2059 ι
2073 2008 2345 2062 intuentes
2377 2005 2429 2060 in
2457 2005 2658 2065 cmlum
2686 2005 2709 2057 ’ί
2752 2022 2771 2055 ι

2074 2097 2189 2153 Viri
2226 2097 2359 2153 viris
2390 2096 2778 2167 loquebantur,
2813 2109 2914 2149 nec
2940 2102 3122 2148 tamen
3173 2090 3374 2147 similis
3429 2098 3589 2146 erant

2005 2193 2353 2251 substantiae.

2081 2307 2113 2354 ι⁸
2148 2284 2441 2340 Ιιὶρςινειιε
2465 2284 2555 2354 qui
2583 2293 2901 2353 assumptus
2932 2290 3018 2337 est
3039 2296 3070 2336 a
3095 2281 3255 2336 vobis
3285 2280 3340 2334 in
3364 2279 3589 2342 caelum,

2016 2401 2033 2433 ι
2077 2382 2150 2435 ita
2186 2378 2360 2452 veniet
2389 2375 2852 2447 quemadmodum
2893 2372 3108 2429 vidistis
3144 2387 3267 2427 eum
3291 2377 3510 2427 euntem
3535 2370 3590 2425 in

2014 2495 2031 2528 t
2074 2477 2294 2539 «mium.
2335 2490 2355 2523 ι

2080 2566 2155 2621 Ne
2182 2564 2472 2620 turbentur
2495 2560 2772 2631 discipuli,
2791 2567 2847 2616 et
2866 2558 3032 2616 veluti
3064 2544 3326 2628 pereunte
3362 2555 3421 2626 8
3448 2570 3591 2626 prae--

2009 2667 2234 2729 ceptore
2258 2670 2322 2710 ac
2351 2653 2636 2711 diﬂluente
2662 2653 2740 2706 illi
2778 2664 3032 2719 corpore,
3091 2661 3187 2717 spe
3224 2645 3597 2701 destituantur

2010 2750 2065 2805 in
2101 2754 2383 2818 posterum
2415 2759 2523 2814 qua
2560 2739 2968 2812 exspectandus
3022 2746 3166 2803 erat,
3225 2745 3278 2792 et
3311 2746 3596 2807 propterea

2011 2842 2155 2898 alius
2185 2840 2292 2896 alio
2330 2838 2680 2907 dispergatur
2736 2840 2883 2888 metu
2915 2845 2981 2886 ac
3032 2828 3267 2885 timore:
3330 2826 3402 2882 ob
3453 2825 3597 2880 bane

2012 2949 2236 2992 causam
2272 2932 2571 2987 adveniunt
2628 2926 2768 2991 viri,
2827 2932 2882 2981 et
2933 2935 3222 2980 ascensum
3289 2920 3344 2975 iu
3397 2918 3598 2974 caelum

2014 3027 2155 3099 ipsis
2187 3022 2609 3080 manifestautes
2646 3029 2702 3074 et
2749 3014 2996 3086 corporis
3048 3009 3478 3085 permanentiam
3535 3022 3599 3062 at:
3652 3056 3667 3065 .

2016 3121 2249 3177 salutem
2304 3117 2391 3171 bis
2423 3114 2610 3170 verbis
2639 3110 2842 3183 quibus
2898 3102 3257 3162 dicunt:llic
3308 3100 3472 3158 Iesus
3527 3100 3601 3154 ita

336 3223 428 3275 καὶ
466 3222 764 3293 σωτηρίαν,
809 3221 880 3274 δι’
913 3214 988 3274 ὧν
1022 3237 1188 3289 φασιν
1208 3235 1223 3250 ·
1258 3213 1425 3280 Οὗτος
1451 3220 1480 3271 ὁ
1513 3214 1718 3287 Ἰησοῦς
1744 3213 1913 3278 οὕτως

2023 3228 2244 3269 rursum
2286 3208 2486 3264 veniet.
2536 3205 2644 3260 Per
2698 3204 2801 3257 hoc
2838 3207 3018 3256 autem
3048 3196 3200 3270 quod
3237 3195 3425 3251 aiunt:
3461 3192 3602 3259 Quid

335 3314 614 3367 ἐλεύσεται
657 3314 838 3368 πάλιν.
881 3313 982 3369 Διὰ
1029 3313 1084 3366 δὲ
1133 3310 1227 3365 τοῦ
1256 3312 1466 3364 εἰπεῖν’
1495 3307 1559 3361 Τί
1619 3308 1910 3377 ἐστήκατε;

335 3406 767 3477 ὑπαγορεύουσιν
805 3407 1008 3471 αὐτοῖς,
1058 3405 1157 3474 τῆς
1212 3404 1338 3474 περὶ
1399 3400 1554 3457 τοῦτο
1603 3399 1915 3470 ἀφεμένους

335 3499 612 3569 ἀσχολίας,
642 3499 775 3569 πρδς
807 3496 905 3570 τὴν
934 3494 1295 3566 Ἰερουσαλὴμ
1326 3491 1754 3565 παραγενέσθαι,
1773 3488 1918 3544 κατὰ

336 3592 396 3646 τὸ
423 3591 517 3644 τοῦ
555 3593 761 3663 Κυρίου
791 3589 1182 3662 παράγγελμα,
1208 3588 1290 3652 τὸ,
1341 3587 1476 3641 Ἀπὸ
1520 3582 1916 3656 Ἱεροσολύμων

340 3684 416 3753 μὴ
435 3683 788 3755 χωρίζεσθαι.
824 3683 914 3736 Διὸ
946 3681 1041 3735 καὶ
1075 3680 1530 3749 παραγενόμενοι,
1565 3677 1646 3731 ἔτι
1687 3677 1920 3748 ὑπότροο

337 3791 435 3845 μοι
460 3775 613 3839 ϐντες
641 3776 729 3828 διὰ
759 3775 858 3844 τὴν
883 3773 978 3829 τοῦ
1008 3771 1337 3827 διδασκάλου
1373 3768 1667 3833 ἀπουσίαν,
1697 3769 1799 3822 οὐκ
1837 3767 1920 3831 είς

341 3868 440 3934 τὴν
470 3866 627 3920 πόλιν
670 3864 1088 3937 ἀνεστρέφοντο,
1126 3863 1242 3918 ἀλλ’
1277 3864 1357 3927 είς
1401 3862 1463 3916 τὸ
1507 3861 1758 3935 ὑπερῷον
1794 3861 1919 3917 ἀνέ-

337 3960 537 4030 ϐησαν,
579 3960 653 4024 ὡς
709 3960 790 4022 είς
833 3956 1244 4029 ἀσφαλέστερον
1303 3958 1399 4010 καὶ
1448 3955 1682 4028 κρύφιον
1729 3954 1918 4012 τόπον.

342 4049 507 4119 Λέγει
554 4049 613 4102 δὲ
657 4050 685 4100 ὁ
715 4049 1123 4121 Χρυσὸστομος,
1168 4047 1244 4112 ὠς
1301 4047 1361 4102 ἐν
1401 4046 1584 4119 ἡμέρᾳ
1640 4045 1920 4102 Σαϐϐάτου

345 4143 568 4211 γέγονεν
593 4144 629 4214 ἡ
659 4142 946 4213 ἀνάληψις.
976 4141 1068 4195 Διὸ
1090 4141 1184 4195 καὶ
1213 4140 1637 4212 ἐπισημαίνεται
1666 4139 1748 4206 τὸ,
1782 4137 1920 4193 Σαϐ-

347 4237 511 4291 ϐάτου
566 4236 688 4308 ἔχον
741 4236 890 4290 ὁδόν·
945 4234 1036 4290 ἵνα
1085 4233 1161 4306 μὴ
1205 4233 1432 4301 δόξωσιν
1454 4232 1530 4297 ὡς
1558 4235 1616 4286 ἐν
1658 4230 1924 4300 Σαϐϐάτῳ

349 4328 554 4382 πλείονι
582 4329 681 4399 τῆς
725 4327 1027 4395 διατάξεως
1053 4328 1154 4400 τῆς
1180 4327 1290 4382 ἀπὸ
1317 4326 1412 4381 τεῦ
1440 4326 1608 4396 νόμου
1637 4325 1924 4397 χρησάμε-

322 4423 429 4472 ’τοι
460 4418 781 4491 πεζοπορίᾳ.

428 4531 446 4564 ι
472 4513 605 4567 Τότε
631 4513 985 4587 ὑπέστρεψαν
1017 4514 1096 4575 είς
1137 4512 1493 4583 Ἰερουσαλὴμ
1519 4511 1627 4566 ἀπο
1652 4510 1811 4582 ὅρους
1831 4510 1927 4564 τοῦ

2020 3303 2222 3362 statis?
2269 3302 2566 3357 admonent
2616 3296 2741 3352 illos
2791 3302 2877 3358 ut,
2908 3292 3097 3349 relicta
3135 3304 3270 3346 cura
3308 3289 3376 3344 de
3401 3303 3466 3343 ea
3519 3302 3601 3351 re,

2018 3396 2367 3467 Jerosolyma
2400 3392 2644 3448 redirent
2668 3389 2827 3459 juxta
2869 3384 3082 3440 Domini
3114 3387 3467 3454 praeceptum,
3493 3392 3605 3449 quo

2024 3492 2277 3548 dixerat:
2331 3486 2417 3543 Ab
2463 3482 2825 3553 Jerosolymis
2872 3495 2941 3534 ne
2981 3475 3357 3533 discederent.
3393 3471 3607 3526 Idcirco

2026 3586 2194 3641 etiam
2222 3595 2350 3638 cum
2385 3593 2451 3634 eo
2475 3576 2865 3639 accessissent,
2903 3572 3083 3626 adhuc
3127 3565 3407 3625 sublimidi
3441 3579 3609 3637 prop-

2029 3691 2109 3734 ter
2142 3672 2497 3748 pmceptoris
2528 3666 2860 3731 absentiam,
2895 3665 2951 3719 in
3009 3662 3233 3740 cit-‘itate
3265 3675 3374 3714 non
3421 3672 3611 3713 versa-

2027 3769 2250 3829 bantur,
2280 3763 2377 3820 sed
2412 3762 2467 3818 in
2503 3757 2851 3816 cmoaculum
2912 3753 3297 3817 ascenderunt,
3351 3760 3609 3820 tanquam

2030 3864 2086 3919 in
2121 3860 2377 3916 tutiorem
2404 3864 2458 3912 et
2485 3854 2767 3909 occultum
2799 3850 3002 3904 locum.
3036 3845 3183 3902 Dicit
3218 3853 3400 3900 autem
3429 3841 3611 3912 Chry-

2029 3964 2309 4014 sostomus
2332 3950 2480 4023 quod
2508 3948 2600 4004 die
2624 3945 2846 4003 Sabbati
2871 3943 3015 3998 facta
3033 3948 3118 3996 est
3143 3935 3470 4007 assumptio.
3494 3933 3615 3987 Ideo

2031 4051 2194 4105 etiam
2230 4054 2563 4101 annotatur:
2596 4039 2676 4096 Ad
2739 4036 2965 4093 Sabbati
3000 4036 3140 4090 iter:
3194 4046 3261 4086 ne
3293 4030 3604 4090 videantur,

2034 4142 2294 4205 Sabbato,
2330 4135 2527 4207 majori
2573 4133 2659 4189 usi
2694 4128 2936 4201 pedestri
2964 4127 3160 4182 itinere
3212 4137 3375 4194 quam
3413 4137 3441 4173 ιι
3498 4118 3617 4190 lege

2033 4235 2394 4292 constitutum
2419 4236 2589 4284 esset.

2105 4509 2148 4574 1,
2196 4506 2281 4562 ιε.
2316 4525 2334 4557 ι
2374 4502 2530 4558 Tunc
2584 4497 2789 4554 reversi
2857 4502 2986 4550 sunt
3047 4490 3350 4547 Jerusalem
3379 4502 3410 4543 a
3443 4495 3624 4541 monte

358 4626 376 4657 ι
414 4605 748 4676 καλουμένου
795 4579 1105 4672 Ἐλαιῶνος,
1131 4605 1159 4660 ὂ
1180 4579 1329 4660 ἐστιν
1361 4579 1528 4675 ἐγγὺς
1568 4579 1913 4677 Ἰερουσαλὴμ

2039 4622 2057 4655 ι
2093 4601 2184 4672 qui
2249 4606 2478 4653 vocatur
2536 4590 2759 4654 Oliveti,
2821 4588 2913 4659 qui
2976 4594 3061 4641 est
3111 4584 3265 4655 juxta
3315 4579 3622 4635 Jerusalem

358 4716 376 4747 ι
415 4696 694 4752 Σαϐϐάτου
726 4696 846 4768 ἕχον
870 4698 1008 4752 ὁδόν.
1031 4716 1049 4749 ι

424 4789 615 4844 Μίλων
639 4789 721 4854 ἐν,
757 4791 791 4860 ἡ
817 4790 913 4844 τοῦ
946 4790 1230 4846 Σαϐϐάτου
1253 4790 1393 4855 ὁδὸς,
1420 4790 1495 4854 ὥς
1526 4806 1690 4861 φησιν
1724 4789 1936 4860 Ὠριγέ-

356 4898 451 4951 νης
497 4883 556 4934 ἐν
609 4881 688 4952 τῷ
735 4882 973 4954 πέμπτῳ
1017 4883 1372 4954 Στρωματεῖ,
1431 4883 1704 4954 δισχιλίων
1742 4882 1935 4954 πηχῶν

357 4971 586 5044 ὑπῆρχε.
620 4975 730 5027 Καὶ
762 4974 965 5046 μᾶλλον
997 4976 1030 5046 ή
1070 4975 1204 5045 ἁγία
1241 4976 1414 5048 σκηνὴ
1447 4976 1543 5029 καὶ
1573 4975 1806 5037 κιϐωτὸς
1844 4991 1934 5028 τοο

359 5063 551 5121 coit-nov
574 5067 855 5139 διάστημα
877 5067 1261 5140 προελάμϐανε
1284 5070 1385 5139 τὴν
1431 5068 1806 5140 παρεμϐολὴν,
1836 5070 1932 5123 καὶ

361 5159 467 5213 άπὸ
497 5159 758 5215 τοσούτου
819 5160 1192 5233 διαστήματος
1245 5162 1530 5235 ἐσκήνουν.
1576 5163 1642 5216 Ὃ
1663 5162 1938 5234 διάστημα

360 5250 488 5321 ἐξῆν
513 5255 627 5317 τοῖς
657 5252 1027 5323 προσκυνοῦσι
1066 5253 1165 5324 τὴν
1195 5254 1360 5323 ἁγίαν
1386 5255 1592 5326 σκηνὴν
1618 5253 1854 5325 βαδίζειν
1880 5255 1939 5308 ἐν

364 5342 643 5402 Σαϐϐάτῳ.

419 5534 458 5578 ἰ
480 5527 592 5583 Καὶ
626 5528 715 5582 ὅτε
760 5529 1033 5601 εἰσῆλθον,
1065 5530 1339 5602 ἀνέϐησαν
1360 5534 1438 5596 εἰς
1473 5532 1534 5586 τὸ
1581 5531 1851 5603 ὑπερῷον,
1876 5510 1943 5584 οὗ

375 5638 390 5667 ι
424 5613 559 5688 ἦσαν
588 5620 1012 5691 καταμένοντες,
1030 5621 1058 5675 ὃ
1075 5638 1136 5675 τε
1163 5622 1390 5692 Πέτρος,
1419 5624 1514 5677 καὶ
1542 5624 1821 5688 Ἰάκωϐος,
1846 5627 1941 5678 καὶ

375 5730 392 5759 ι
418 5711 686 5782 Ἰωάννης,
717 5712 811 5767 καὶ
838 5713 1118 5786 Ἀνδρέας,
1138 5714 1402 5781 ⁴Ιιίλιππος
1425 5716 1520 5770 καὶ
1536 5717 1757 5787 Θωμᾶς,
1795 5716 1940 5789 Βαρ-

448 5892 490 5924 ³⁷
517 5891 678 5947 Deut.
714 5907 823 5958 xu,
861 5891 946 5948 l5.

2042 4714 2060 4747 ι
2103 4691 2341 4764 (nempe)
2372 4687 2438 4743 ad
2476 4683 2700 4742 Sabbati
2738 4682 2896 4737 iter.»

2106 4763 2286 4841 Unum
2337 4779 2594 4843 milliare,
2627 4773 2772 4846 quod
2801 4774 2905 4828 iter
2955 4775 3077 4825 erat
3132 4766 3385 4831 Sabbati,
3426 4772 3488 4819 ut
3541 4763 3622 4819 ait

2035 4878 2300 4948 Origenes
2330 4873 2524 4945 quinto
2553 4863 2915 4939 Στρωματῶν
2974 4863 3090 4918 sive
3138 4857 3624 4922 Misceuaneorum,

2037 4973 2269 5026 duorum
2301 4967 2533 5023 millium
2558 4963 2872 5018 cubitorum
2894 4964 3035 5023 erat.
3060 4954 3233 5026 quue
3258 4952 3627 5024 potissimum,

2039 5063 2185 5135 quod
2231 5067 2485 5117 sanctum
2519 5052 2935 5112 tabernaculum
2973 5056 3030 5105 et
3082 5062 3214 5102 arca
3248 5054 3404 5101 tanto
3458 5043 3633 5098 inter-

2041 5156 2195 5212 stitio
2236 5161 2546 5209 castrorum
2592 5145 2842 5203 ordinem
2894 5140 3263 5216 praecedebat,
3295 5145 3350 5191 et
3403 5151 3433 5191 a
3480 5141 3634 5189 tanto

2044 5246 2332 5305 intervallo
2359 5245 2597 5301 tentoria
2629 5239 2887 5312 figebant,
2923 5250 3029 5308 qur
3066 5234 3250 5306 spatio
3288 5230 3492 5284 licebat
3548 5226 3634 5281 bis

2048 5343 2141 5415 qui
2208 5335 2590 5397 castrametati
2650 5338 2834 5396 erant,
2901 5336 3156 5387 saute‘ann
3217 5319 3631 5379 tabernaculum

2050 5436 2298 5494 Sabbato
2348 5430 2637 5486 accedere.

2118 5528 2157 5594 Ι,
2180 5526 2267 5591 15,
2287 5525 2311 5578 l
2330 5523 2484 5579 LtEt
2504 5535 2628 5575 cum
2649 5515 3023 5578 introissent,:
3053 5509 3376 5565 ‘cenderuut
3392 5505 3445 5559 in
3460 5513 3644 5561 caena-

2054 5640 2073 5673 ι
2111 5593 2315 5682 culum,
2340 5615 2432 5670 ubi
2449 5610 2746 5669 manebant
2764 5604 3022 5673 etPetru‘
3054 5612 3098 5663 rt
3118 5599 3378 5660 Jacobns,
3400 5593 3639 5649 etJoan—

2055 5734 2075 5767 ι
2100 5730 2193 5769 nes
2211 5703 2848 5773 ctAudrcas,Pbilippus
2865 5696 2995 5754 et'l‘l
3054 5690 3640 5758 mas,llartbalont:eus
3736 5696 3747 5717 ³
