4058 6608
440 403 539 485 ‘62
1530 422 1930 484 (ECUMENll
1966 420 2259 483 nuce-ia
2298 418 2637 487 EI'ISCOPI
3637 418 3709 483 σι

463 529 902 588 concurrendum
927 530 1267 601 impelleret:
1296 527 1622 584 seusibiliter
1640 546 1767 585 vero
1790 539 1850 584 ut
1879 531 2045 584 mira-

2168 532 2358 596 τάντας
2380 534 2703 603 συνδραμεῖν
2726 534 3146 605 παρασκευάσῃ.
3176 532 3267 604 Τῷ
3293 532 3349 586 δὲ
3381 532 3502 602 μετ’
3520 532 3713 605 αἰσθή-

466 626 644 679 eulum
669 622 1017 679 conﬁrmaret
1033 622 1174 692 quod
1194 621 1339 678 omni
1357 628 1571 677 careret
1596 622 1889 677 calumnia.
1907 623 2042 675 Nam

466 715 511 770 si
531 719 633 770 hoc
655 714 976 770 ctiaml'acto
1008 713 1191 769 sonitu
1226 727 1324 782 per
1343 712 1670 768 calumniam
1706 714 1771 767 ad
1813 713 2048 768 ebrieta-

466 815 574 860 tem
610 805 939 871 referebant,
971 805 1101 875 qttid
1129 818 1236 858 non
1257 801 1585 858 dixissentsi
1606 804 1677 858 ita
1707 805 1910 859 factum
1938 820 2045 859 non

467 897 659 953 esset?
704 897 778 953 De
796 898 935 952 caelo
955 905 1135 952 autem
1168 909 1291 949 cum
1324 895 1494 949 multo
1529 895 1754 966 impetu,
1778 896 2047 967 siquidem

471 991 573 1044 hoc
593 988 903 1060 signiﬁcare
930 989 1044 1042 vult
1065 1003 1162 1058 per
1177 976 1548 1042 vehementem
1568 986 1755 1042 ﬂatum
1781 996 1838 1042 ut
1867 996 2051 1043 osten-

470 1081 557 1132 dat
582 1093 720 1145 onus
751 1078 925 1133 fuisse
952 1076 1072 1148 ejus
1123 1076 1216 1147 qui
1252 1077 1304 1130 in
1330 1076 1529 1131 cmlunt
1566 1088 1883 1146 assumptus
1911 1088 2051 1141 erat,

471 1182 525 1223 rt
581 1171 779 1225 divina:
830 1170 1135 1240 patestatis.
1170 1168 1641 1235 Quemadmodum
1676 1169 1843 1223 etiam
1887 1184 2052 1238 super

474 1277 621 1317 mare
642 1261 886 1316 Rubrum
911 1260 1075 1316 ﬂabat
1093 1262 1382 1316 vehemens
1404 1267 1598 1315 ventus
1622 1260 1881 1315 auster".
1910 1260 2052 1316 Bene

472 1362 655 1407 autem
678 1354 731 1406 in
750 1353 833 1407 his
862 1353 1118 1407 omnibus
1146 1366 1243 1421 per
1260 1350 1671 1405 similitudinem
1703 1351 1920 1405 locutus
1945 1359 2052 1425 est,

475 1458 666 1511 nempe
688 1443 895 1511 ὥσπερ,
916 1441 951 1494 i.
979 1448 1317 1511 tanquam,et
1331 1440 1462 1493 ὡσεὶ
1484 1441 1675 1512 πυρός,
1706 1440 1741 1496 i.
1766 1440 1820 1494 in
1837 1439 2055 1494 modum

476 1536 640 1605 ignis,
704 1550 769 1589 ne
800 1532 1057 1587 sensibile
1086 1533 1366 1602 quidpiam
1431 1533 1497 1587 de
1522 1532 1727 1602 Spiritu
1779 1531 2056 1586 existime-

479 1639 586 1683 tur.
622 1625 866 1697 Replevit
886 1626 1047 1681 etiam
1079 1624 1238 1679 ﬂatus
1270 1634 1437 1678 totam
1469 1624 1717 1686 domum,
1751 1623 1804 1677 in
1832 1624 2058 1693 piscinae

481 1735 684 1773 morem
745 1721 974 1787 impii-ns
1010 1735 1023 1771 :
1070 1717 1510 1787 quandoquidem
1530 1716 1860 1786 promissum
1892 1716 2056 1769 etiam

481 1811 589 1865 illis
616 1818 732 1865 erat
769 1809 1245 1880 :thtptizabitnini
1271 1809 1477 1879 Spiritu
1502 1818 1694 1863 sancto
1727 1819 1781 1862 et
1800 1807 1909 1877 igni
1934 1808 1979 1838 “
2004 1824 2054 1861 ει

481 1903 640 1955 etiam
682 1901 783 1954 hoc
814 1900 1160 1959 abundantiae
1192 1899 1408 1968 signum
1439 1908 1555 1952 erat
1585 1912 1650 1953 ac
1680 1899 2053 1953 vehementia).

484 1990 627 2061 Ignis
679 2006 803 2045 vero
836 2006 940 2049 non
979 1990 1203 2060 replevit
1250 1990 1470 2043 domum
1520 2004 1588 2043 ne
1631 1990 1854 2044 omnino
1888 1998 2060 2045 terre-

484 2091 588 2143 ret.
614 2097 677 2137 ac
704 2080 949 2135 videntes
971 2080 1154 2150 fugere
1185 2081 1556 2150 compelleret,
1583 2088 1638 2133 et
1668 2083 1742 2133 ita
1780 2080 1913 2133 nihil
1977 2090 2059 2134 tc-

485 2173 617 2227 stari
659 2180 879 2243 possent
908 2188 1094 2226 eorum
1127 2184 1246 2239 quae
1276 2170 1615 2240 postmodum
1640 2180 1757 2223 acta
1783 2179 1931 2233 sunt,
1960 2169 2057 2224 sed

487 2265 749 2319 dividitur
776 2263 1018 2333 Spiritus
1038 2264 1090 2316 in
1129 2264 1343 2333 linguas
1390 2263 1598 2331 igneas,
1627 2264 1937 2332 residctque
1964 2277 2061 2316 su-

490 2372 586 2426 per
614 2357 859 2426 singulos
899 2369 1112 2419 eorum,
1154 2369 1348 2423 nempe
1377 2363 1594 2408 centqu
1640 2365 1693 2409 et
1730 2354 1920 2424 viginti
1966 2354 2061 2425 qtti

490 2446 543 2500 in
576 2446 738 2500 domu
783 2443 1114 2498 residebant.
1146 2442 1425 2512 Siquidem
1476 2459 1539 2496 ex
1579 2459 1682 2495 uua
1718 2443 1903 2497 radice
1945 2453 2064 2497 erat

490 2540 662 2610 gratia
716 2536 980 2591 Paracleti
1022 2535 1076 2589 in
1133 2537 1280 2589 varia
1326 2535 1469 2590 dona
1517 2534 1716 2598 divisa,
1774 2536 2065 2606 linguaque

491 2652 630 2707 opus
682 2643 799 2690 erat
855 2648 974 2703 quae
1026 2631 1122 2687 Dei
1184 2631 1451 2701 magnalia
1500 2630 1826 2696 declararet,
1857 2648 1978 2702 qua:
2011 2633 2063 2687 in
2132 2636 2136 2647 '

495 2726 715 2782 modum
785 2725 931 2796 ignis
988 2723 1245 2779 universa
1321 2723 1683 2793 repugnantia
1742 2725 2061 2794 corriperet.

494 2819 667 2873 Pnrr'o
706 2817 761 2870 in
811 2816 993 2887 specie
1028 2813 1195 2885 ignis,
1235 2829 1360 2868 nam
1403 2814 1638 2884 Spiritus
1667 2829 1883 2883 quoque
1925 2815 2067 2870 Deus

493 2922 577 2968 est
612 2908 776 2981 (Deus
812 2915 992 2962 autem
1034 2913 1221 2962 noster
1259 2905 1404 2975 ignis
1426 2921 1755 2961 consumens
1781 2907 1975 2974 est"),
2009 2912 2067 2961 et

496 3013 556 3058 ut
590 3001 1005 3059 similitudinem
1038 3005 1250 3063 natura;
1280 2997 1684 3053 demonstraret
1717 3013 1840 3052 cum
1882 2996 2065 3064 Patre,

495 3094 588 3164 qtti
617 3094 689 3147 ita
726 3090 868 3146 Mosi
910 3090 964 3144 in
994 3089 1130 3144 rubo
1171 3096 1417 3160 apparet.
1447 3088 1711 3144 Pratterea
1755 3104 1923 3159 super
1948 3089 2067 3145 sino

496 3186 652 3257 gulos
686 3184 857 3247 sedet,
904 3181 1259 3238 stabilitatem
1292 3196 1356 3237 ac
1388 3181 1820 3251 permanentiam
1856 3180 2064 3252 signifi-

496 3293 651 3333 cans.
690 3275 870 3330 Dietio
908 3275 1054 3329 enim
1086 3290 1105 3327 ι
1148 3272 1320 3338 Sedit,
1362 3292 1381 3325 ι
1423 3273 1565 3329 idem
1608 3274 1879 3341 signiﬁcat
1925 3273 2069 3344 quod

498 3369 804 3442 permansit
845 3376 900 3423 et
934 3366 1230 3438 requievit.
1260 3366 1563 3422 Considera
1600 3381 1733 3422 vero
1764 3382 1885 3437 quat
1926 3367 2070 3438 apud

495 3463 790 3525 Joannem,
823 3468 882 3514 ut
908 3460 976 3514 ab
1006 3474 1117 3515 uno
1142 3457 1372 3514 homine
1403 3453 1505 3528 15
1541 3468 1990 3529 cognosceretur,
2014 3460 2070 3515 in

499 3555 720 3607 modum
762 3551 1028 3607 columbae
1064 3550 1308 3616 videtur,
1339 3549 1683 3606 descendens
1717 3565 1882 3620 super
1910 3561 2072 3621 caput

499 3644 722 3700 Christi.
745 3641 973 3708 Quando
992 3649 1174 3697 autem
1195 3641 1602 3696 multitudinem
1632 3650 1801 3697 totam
1823 3643 2071 3698 converti

497 3735 802 3806 oportebat,
846 3739 1106 3801 tauquam
1156 3731 1322 3801 ignis.
1365 3729 1530 3801 quue
1577 3739 1827 3801 poterant
1862 3730 2073 3787 liebrmi

496 3842 560 3882 ex
605 3825 787 3882 Veteri
834 3839 1053 3896 quoque
1081 3822 1438 3880 Testamento
1477 3823 1545 3878 de
1592 3824 1706 3879 Deo
1750 3823 2070 3894 intelligere,

498 3919 644 3984 quod
676 3918 819 3987 ignis
849 3931 1185 3974 consumens
1229 3925 1397 3971 esset.
1428 3914 1696 3970 Praeterea
1738 3916 1903 3971 etiam
1944 3916 2071 3970 dum

497 4012 752 4082 discipuli
776 4011 1011 4067 orationi
1029 4019 1083 4065 et
1108 4010 1475 4066 obsecrationi
1503 4020 1808 4073 mutuasque
1826 4008 2070 4064 dilectio-

500 4106 559 4161 ni
591 4107 991 4170 incumberent,
1016 4114 1146 4159 tunc
1172 4102 1321 4158 venit
1343 4102 1409 4157 ad
1436 4117 1532 4157 eos
1566 4101 1804 4172 Spiritus
1827 4109 2073 4156 sanctus.

568 4196 635 4265 li,
660 4199 712 4254 4.
753 4215 770 4248 ι
804 4197 973 4251 Prout
1001 4196 1117 4266 ipse
1145 4192 1390 4277 Spiritus
1413 4193 1576 4248 dabat
1600 4192 1785 4264 eloqui
1817 4192 1949 4247 illis.
1982 4210 2001 4243 ι

570 4290 735 4344 Erant
762 4290 906 4343 enim
940 4288 1092 4343 scita:
1122 4287 1426 4355 brevesque
1457 4285 1762 4350 sententia},
1795 4298 1933 4355 quas
1966 4283 2074 4336 lin-

501 4384 626 4454 guis
654 4381 822 4436 variis
847 4379 1221 4451 proferebant.

572 4476 635 4537 Il,
667 4476 720 4530 5.
757 4492 775 4524 ι
815 4473 980 4527 Erant
1024 4481 1203 4527 autem
1246 4470 1600 4542 Jerosnlyuris
1645 4467 1956 4523 habitantes
1978 4464 2074 4521 Ju-

2152 640 2307 687 σεως,
2354 624 2427 687 ὡς
2460 624 2525 677 ἂν
2569 625 2885 695 ἁδιάδλητον
2936 628 2995 678 τδ
3048 623 3230 696 θαῦμα
3283 624 3615 695 καταστήσῃ.
3648 625 3711 678 El

2150 715 2257 785 γὰρ
2293 719 2384 771 καὶ
2408 718 2595 770 τούτου
2625 719 2916 789 γενομένου
2951 721 3029 781 εἰς
3074 718 3246 790 μέθην
3299 717 3713 788 τὸ.παράδοξον

2152 806 2508 872 eversam-ﬁ,
2553 810 2602 861 τί
2640 810 2741 864 οὐκ
2770 810 2837 864 ἂν
2866 805 3017 864 εἷπον
3051 805 3126 881 μὴ
3164 809 3333 874 οὕτως
3378 811 3712 885 γενομένους

2166 898 2258 950 Ἐκ
2286 899 2377 952 τοῦ
2410 900 2639 971 ούρανοῦ
2671 901 2727 955 δὲ
2764 902 2899 972 μετὰ
2942 902 3143 972 πολλῆς
3183 898 3282 972 τῆς
3317 903 3516 973 ῥύμης.
3547 904 3716 957 Τοῦτο

2155 989 2262 1059 γὰρ
2289 989 2378 1042 διὰ
2405 992 2502 1060 τῆς
2528 991 2706 1061 βιαίας
2728 994 2894 1062 πνοῆς
2918 992 3163 1064 βούλεται
3188 994 3402 1063 δηλοῦν,
3440 996 3525 1049 ἵνα
3546 995 3716 1067 δείξῃ,

2154 1077 2236 1129 ὅτι
2294 1078 2387 1130 τοῦ
2435 1081 2514 1142 είς
2564 1082 2826 1151 οὐρανοὺς
2861 1082 3256 1154 ἀναληφθέντος
3294 1084 3354 1137 τὸ
3401 1084 3582 1155 ἔργον,
3624 1089 3720 1138 καὶ

2156 1168 2252 1237 τῆς
2310 1170 2493 1239 θεῖκῆς
2541 1170 2859 1236 δυνάμεωςο
2890 1174 2964 1236 ὡς
3011 1175 3103 1227 καὶ
3153 1175 3246 1227 ἐπὶ
3292 1174 3392 1244 τῆς
3455 1175 3721 1243 Ἐρυθρᾶς

2158 1258 2433 1330 Θαλάσσης
2480 1263 2551 1333 τὸ.
2599 1262 2768 1333 βίαιον
2820 1264 3036 1335 πνεῦμα
3076 1266 3167 1318 τοῦ
3221 1268 3397 1321 νότου.
3438 1267 3631 1329 Καλῶς
3667 1267 3721 1320 δὲ

2158 1351 2250 1405 ἐπὶ
2278 1353 2494 1406 πάντων
2525 1352 2750 1419 τούτοιν,
2785 1356 2850 1409 τὰ
2881 1356 3021 1410 κατὰ
3054 1356 3367 1429 παραϐολὴν
3398 1358 3478 1425 τὸ,
3499 1357 3720 1427 ὥσπερ,

2160 1442 2321 1513 φημὶ,
2358 1445 2451 1496 καὶ
2476 1443 2556 1508 τὸ,
2588 1444 2729 1497 ὡσεὶ
2760 1446 2969 1514 πυρὸς,
2999 1447 3086 1500 ἵνα
3131 1448 3205 1520 μὴ
3234 1448 3488 1517 αἰσθητόν
3515 1467 3566 1501 τι
3597 1450 3724 1519 περὶ

2158 1531 2251 1584 τοῦ
2298 1530 2615 1599 Πνεύματος
2661 1534 2911 1605 νομισθῇ.
2977 1536 3287 1606 Ἐπλήρωσε
3337 1535 3392 1590 δὲ
3439 1538 3530 1590 τὸν
3576 1531 3725 1589 οἷκον

2158 1624 2277 1678 δλον
2312 1625 2344 1694 ἠ
2381 1624 2538 1696 πνοή,
2572 1623 2957 1697 κολυμϐήθρας
2978 1627 3133 1696 δίκην
3159 1628 3565 1697 ἀναπληροῦσα,
3600 1629 3724 1681 ἐπεὶ

2161 1714 2255 1765 καὶ
2274 1713 2579 1782 ἐπήγγελτο
2595 1714 2774 1773 αὐτοῖς
2798 1731 2812 1745 ο
2843 1734 2861 1767 ι
2884 1716 2971 1768 Ἐν
2989 1716 3264 1785 Πνεύματι
3294 1717 3725 1789 βαπτισθήσεσθε

2163 1807 2253 1858 καὶ
2287 1805 2437 1877 πυρί.
2476 1824 2493 1857 ι
2533 1807 2639 1859 Καὶ
2674 1808 2772 1877 τῆς
2808 1807 3083 1877 δαψιλείας
3115 1807 3171 1861 δὲ
3220 1807 3378 1862 τοῦτο
3404 1811 3724 1882 τεκμήριον,

2160 1900 2255 1951 καὶ
2295 1900 2393 1966 τῆς
2444 1899 2822 1971 σφοδρότητος.
2862 1899 2983 1972 Πῦρ
3035 1898 3091 1954 δὲ
3144 1901 3245 1954 οὐκ
3293 1900 3580 1974 ἐπλήρωσε
3635 1901 3728 1956 τὸν

2162 1986 2327 2052 οἷκον,
2397 1991 2487 2044 ἵνα
2539 1992 2613 2063 μὴ
2671 1992 2848 2062 πάντη
2899 1993 3160 2065 ἐκστήσῃ,
3212 1995 3304 2047 καὶ
3357 1995 3547 2063 φυγεῖν
3602 1993 3728 2057 τοὺς

2152 2081 2404 2153 ἐρῶντας
2459 2085 2876 2157 παρασκευάσῃ,
2941 2085 3108 2156 μηδὲν
3151 2085 3373 2156 ἔχοντας
3432 2088 3730 2160 μαρτυρεῖν

2162 2173 2270 2228 τῶν
2298 2176 2439 2242 μετὰ
2468 2176 2641 2230 ταῦτα
2666 2178 2993 2249 γενομένων.
3030 2178 3328 2249 Μερίζεται
3363 2178 3421 2233 δὲ
3450 2179 3528 2244 είς
3551 2177 3731 2248 γλώσ·-

2166 2279 2264 2333 σας
2313 2265 2484 2339 πυρὸς
2537 2269 2598 2323 τδ
2659 2270 2901 2342 Πνεῦμα,
2952 2272 3048 2325 καὶ
3117 2271 3444 2344 ἐπικάθηται
3496 2272 3580 2343 ἐφ’
3634 2271 3733 2325 ἕνα

2164 2357 2412 2423 ἕκαστον,
2457 2362 2564 2416 τῶν
2608 2362 2801 2416 ἑκατὸν
2848 2363 3027 2417 εἴκοσι
3099 2363 3362 2435 δηλονότι,
3415 2363 3466 2418 οἶ
3521 2365 3615 2417 καὶ
3654 2362 3734 2436 τῷ

2164 2452 2297 2522 οἴκῳ
2326 2453 2712 2525 προσήδρευον.
2764 2454 2858 2507 Ἐκ
2903 2455 3032 2523 μιᾶς
3062 2454 3172 2525 γὰρ
3209 2449 3276 2526 ἦν
3320 2454 3475 2527 ῥίζης
3506 2458 3540 2525 ή
3574 2456 3733 2528 χάρις

2163 2542 2257 2597 τοῦ
2294 2543 2648 2614 Παρακλήτου
2677 2545 2755 2608 είς
2781 2544 3012 2617 διάφορα
3041 2546 3356 2618 χαρίσματα
3386 2547 3732 2620 μεριζομένη.

2165 2635 2279 2688 Καὶ
2312 2634 2563 2705 γλώσσης
2587 2636 2693 2689 ἔδει
2722 2636 3025 2707 τρανούσης
3055 2637 3119 2691 τὰ
3160 2637 3424 2708 μεγαλεῖα
3454 2639 3547 2693 τοῦ
3575 2638 3734 2710 Θεοῦ,

2169 2725 2337 2794 πυρὸς
2365 2725 2520 2794 δίκην
2547 2725 2943 2797 ἀναλισκούσης
2992 2727 3099 2780 πᾶν
3133 2726 3196 2780 τὸ
3235 2727 3529 2783 ἀντίθετον.
3559 2730 3737 2802 Πυρδς

2166 2812 2222 2867 δὲ
2248 2816 2306 2866 ὲν
2337 2814 2488 2874 εῖδει,
2526 2814 2607 2867 ὅτι
2664 2816 2761 2868 καὶ
2807 2814 2868 2868 τὸ
2908 2814 3152 2887 Πνεῦμα,
3203 2816 3361 2884 Θεὸς,
3392 2819 3485 2871 καὶ
3513 2819 3599 2872 ἵνα
3644 2820 3739 2875 καὶ

2167 2905 2257 2960 διὰ
2282 2906 2495 2967 τούτου,
2525 2906 2584 2960 τὸ
2612 2907 2847 2978 όμοφυὲς
2874 2909 3008 2977 πρὸς
3035 2908 3122 2962 τὸν
3145 2909 3364 2982 Πατέρα
3387 2912 3737 2985 παραστήσῃ,

2168 2997 2226 3063 ὃς
2259 2997 2400 3053 οὕτω
2430 2998 2507 3069 τῷ
2536 3000 2747 3071 Μωῦσῇ
2775 3001 2868 3054 ἐπὶ
2907 2999 2999 3053 τοῦ
3049 2999 3209 3071 βάτου
3249 3001 3561 3058 όπτάνεται.
3624 3004 3738 3074 Ἐφ’

2168 3088 2269 3144 ἕνα
2317 3089 2372 3143 δὲ
2420 3090 2649 3145 ἕκαστον
2696 3090 2953 3161 κάθηται,
3006 3091 3069 3145 τὸ
3111 3092 3322 3163 ἑδραῖον
3366 3094 3462 3147 καὶ
3514 3093 3742 3166 μόνιμον

2169 3179 2383 3251 δηλοῦν.
2433 3182 2506 3235 Τὸ
2555 3183 2686 3253 γὰρ,
2730 3201 2749 3233 ο
2797 3182 3068 3245 Ἐκάθισε,
3107 3205 3129 3236 ι
3171 3183 3255 3251 τὸ,
3280 3183 3597 3256 παρέμεινε
3647 3186 3744 3240 καὶ

2170 3273 2659 3337 ἐπανεπαύσατο,
2692 3273 2964 3344 σημαίνει.
3002 3274 3201 3328 Σκόπει
3238 3274 3294 3329 δὲ
3347 3275 3430 3330 ὅτι
3484 3277 3576 3332 ἐπὶ
3643 3276 3744 3347 μὲν

2180 3364 2431 3421 Ἰωάννου
2486 3368 2566 3421 ἑνὶ
2634 3366 2825 3437 μέλλον
2881 3366 3154 3439 ἀνθρώπῳ
3207 3368 3547 3439 γνωσθῆναι,
3609 3368 3745 3425 ὡσεὶ

2177 3460 2475 3530 περιστερὰ
2506 3458 2784 3528 βλέπεται,
2812 3460 2877 3529 τῇ
2925 3456 3134 3529 κεφαλῇ
3169 3456 3262 3512 τοῦ
3294 3459 3532 3530 Χριστοῦ
3566 3462 3741 3515 ἐπιόν.

2175 3547 2306 3603 Ὅτε
2352 3550 2406 3602 δὲ
2459 3548 2663 3618 πλῆθος
2716 3549 2837 3602 ὅλον
2891 3548 3294 3619 ἂπιστραφῆναι
3328 3549 3457 3613 ἔδει,
3491 3551 3567 3614 ὡς
3608 3551 3742 3622 πῦρ.

2176 3642 2285 3695 Καὶ
2311 3643 2339 3696 ὃ
2368 3637 2512 3711 εἶχον
2547 3643 2609 3694 ὲκ
2636 3641 2867 3696 παλαιοῦ
2910 3641 3155 3713 Ἑϐραῖοι
3191 3642 3320 3713 περὶ
3355 3642 3489 3697 Θεοῦ
3518 3643 3746 3697 διανοεῖ-

2179 3737 2323 3795 σθαι,
2361 3735 2442 3786 ὅτι
2473 3731 2588 3803 πῦρ
2621 3733 2737 3785 ἐστι
2768 3732 3186 3786 καταναλίσκον.
3234 3733 3393 3787 Ἀλλὰ
3427 3735 3521 3786 καὶ
3549 3735 3637 3787 ὅτε
3679 3738 3745 3805 τῇ

2178 3828 2452 3897 προσευχῇ
2480 3825 2950 3896 προσεκαρτέρουν
2981 3827 3031 3878 oi
3070 3825 3309 3897 μαθηταὶ
3333 3827 3424 3879 καὶ
3448 3829 3513 3897 τῇ
3542 3827 3744 3897 δεήσει,

2176 3920 2269 3971 καὶ
2295 3920 2357 3989 τῇ
2384 3918 2519 3989 πρὸς
2548 3917 2811 3989 ἀλλήλους
2833 3919 3044 3993 ἀγάπῃ,
3072 3919 3193 3973 τότε
3228 3920 3409 3984 αὐτοῖς
3442 3920 3501 3972 τδ
3524 3919 3749 3991 Πνεῦμα

2174 4009 2235 4062 τὸ
2266 4011 2418 4079 ἅγιον
2453 4010 2833 4080 παραγίνεται.

2251 4211 2269 4241 ι
2306 4189 2501 4253 Καθὼς
2520 4189 2581 4242 τὸ
2602 4189 2821 4260 Πνεῦμα
2846 4189 3018 4243 ἐδίδου
3042 4189 3224 4253 αὐτοῖς
3245 4189 3709 4259 ἀποφθέγγεσθαι.
3726 4210 3744 4241 ι

2258 4282 2684 4353 ’Δποφθέγματα
2731 4281 2840 4354 γὰρ
2890 4277 3053 4354 ἦσαν,
3088 4281 3124 4337 ἃ
3153 4284 3272 4345 ταῖς
3310 4281 3583 4352 γλώσσαις
3629 4284 3752 4346 ταῖς

2174 4375 2452 4445 διαφόροις
2480 4374 2684 4445 προέφε
2692 4391 2805 4443 ρον.

2253 4485 2270 4518 ι
2297 4462 2476 4519 Ἦσαν
2500 4466 2555 4519 δὲ
2589 4467 2645 4517 ἐν
2683 4464 3040 4535 Ἰερουσαλὴμ
3067 4462 3449 4527 κατοικοῦντες
3485 4463 3751 4526 Ἰουδαῖοι,

506 4587 521 4618 ι
564 4567 687 4623 dari.
728 4567 830 4620 viri
874 4564 1113 4636 religiosi
1164 4578 1227 4620 ex
1267 4563 1416 4618 omni
1458 4561 1679 4617 natione
1724 4574 1913 4615 eorum
1954 4576 2065 4630 qum

2187 4575 2204 4607 ι
2240 4556 2432 4626 ἄνδρες
2482 4554 2731 4619 εύλαδεῖς
2781 4554 2888 4608 ἀπδ
2931 4555 3129 4618 παντὸς
3170 4554 3491 4619 ἔθνους-τῶν
3531 4553 3634 4607 ὑπὸ
3662 4553 3753 4605 τὸν

508 4681 524 4710 ι
564 4667 693 4712 sunt
727 4658 828 4713 sub
854 4659 1019 4714 caalo.
1056 4676 1074 4708 ι

576 4751 730 4815 Quod
766 4750 1006 4820 religiosi
1052 4754 1237 4803 essent
1287 4760 1353 4800 ex
1384 4761 1450 4799 en
1498 4742 1762 4807 ostendit,
1806 4741 1950 4812 quod
1984 4755 2078 4795 τοι»

506 4844 647 4896 lictis
675 4844 885 4913 patriis.
925 4839 1387 4912 possessionibus,
1408 4836 1770 4906 domibusque
1810 4835 2074 4898 dimissis,

503 4934 837 5006 Jcrosolyma
894 4935 1157 5006 eligerent
1203 4932 1472 4993 habitare,
1533 4937 1591 4983 ut
1636 4928 1793 4996 juxta
1842 4928 2072 4997 patriam

509 5026 681 5095 legem
712 5035 796 5079 ter
827 5025 882 5079 in
907 5014 1571 5095 anno‘possentapparere
1613 5034 1799 5075 coram
1824 5019 2074 5074 Domino.

574 5117 637 5178 Il.
667 5117 818 5173 6-12.
859 5137 877 5169 ι
914 5115 1077 5171 Facta
1110 5130 1238 5170 vero
1280 5115 1380 5169 hac
1415 5128 1552 5167 voce
1598 5111 1859 5168 convenit
1891 5110 2075 5164 multi-

510 5231 527 5262 ι
570 5212 722 5273 tudo,
754 5223 805 5264 et
848 5208 1077 5264 confusa
1113 5217 1215 5273 est,
1252 5205 1396 5277 quod
1430 5206 1683 5260 audirent
1707 5204 2079 5273 unusquisque

512 5324 530 5356 ι
575 5306 756 5373 lingua
815 5318 914 5359 sua
975 5302 1099 5356 illos
1165 5302 1473 5369 loquentes.
1526 5298 1830 5369 Stupebant
1896 5307 2075 5350 autem

512 5417 528 5448 ι
567 5412 759 5450 omnes
788 5405 841 5449 et
873 5394 1232 5454 mirabantur,
1266 5391 1510 5447 dicentes
1542 5392 1682 5445 inter
1713 5406 1832 5444 sese
1857 5389 2083 5443 :Nonue

515 5505 532 5536 ι
568 5501 695 5541 ecce
728 5500 918 5539 omnes
965 5485 1056 5539 isti
1097 5486 1189 5553 qui
1222 5483 1531 5553 loquuntur
1558 5476 1762 5535 Galila‘i
1805 5477 1984 5533 sunt?
2020 5475 2084 5529 lit

514 5600 530 5628 ι
576 5581 846 5647 quomodo
870 5592 969 5630 nos
995 5574 1249 5629 audimus
1279 5590 1373 5629 eos
1399 5574 1614 5643 propria
1635 5574 1866 5643 quisque
1896 5570 2076 5638 lingua

510 5691 530 5723 ι
571 5681 754 5726 nostra
804 5672 856 5724 in
890 5684 997 5741 qua
1050 5670 1161 5723 nati
1211 5667 1438 5723 sumus?
1475 5665 1684 5729 Parthi,
1721 5676 1772 5719 et
1817 5661 1971 5726 Medi,
2019 5670 2072 5714 e't

2186 4669 2202 4699 ι
2239 4649 2298 4701 οὗ
2309 4646 2488 4720 ρανόν.
2522 4665 2540 4697 ι

2252 4740 2373 4793 Ὅτι
2403 4732 2652 4803 εὐλαϐεῖς
2685 4737 2923 4790 δείκνυσι
2957 4737 3038 4803 τὸ,
3079 4738 3178 4799 τὰς
3219 4735 3491 4806 πατρίδας
3527 4734 3753 4788 καταλι-

2180 4831 2401 4893 πόντας,
2438 4831 2530 4883 καὶ
2568 4832 2789 4898 κτήσεις
2852 4829 3087 4898 ἀφέντας
3138 4828 3230 4881 καὶ
3260 4829 3459 4892 οἰκίας,
3496 4829 3595 4898 τήν
3653 4827 3754 4881 Ἰε-

2184 4920 2463 4991 ρουσαλὴμ
2517 4920 2734 4973 ἑλέσθαι
2789 4922 3085 4981 κατοικεῖν,
3128 4919 3214 4971 ἵνα
3262 4917 3425 4990 ἔχωσι
3473 4918 3613 4973 κατὰ
3662 4919 3754 4971 τὸν

2184 5014 2414 5083 πάτριον
2438 5010 2598 5080 νόμον
2628 5012 2745 5079 τρὶς
2773 5008 2867 5062 τοῦ
2903 5007 3146 5062 ἐνιαυτοῦ
3178 5007 3504 5061 όπτάνεσθαι
3543 5007 3682 5078 Θεῷ.

2260 5124 2278 5154 ι
2308 5103 2604 5172 Γενομένης
2661 5101 2717 5154 δὲ
2773 5099 2875 5169 τῆς
2929 5098 3112 5167 φωνῆς
3167 5090 3388 5167 ταύτης,
3440 5096 3665 5167 συνῆλθε
3697 5096 3757 5150 τὸ

2193 5215 2211 5246 ι
2250 5193 2470 5264 πλῆθος,
2507 5190 2600 5245 καὶ
2635 5188 2925 5258 συνεχύθη,
2952 5189 3033 5241 ὅτι
3070 5190 3265 5259 ἢκουον
3305 5182 3385 5249 εἷς
3425 5187 3656 5248 ἕκαστος
3688 5190 3755 5256 τῇ

2191 5304 2213 5339 ι
2249 5286 2355 5358 ἰδίᾳ
2409 5284 2674 5352 διαλέκτῳ
2722 5279 3028 5340 λαλούντων
3074 5279 3272 5334 αὐτῶν.
3336 5277 3646 5343 Ἑξίσταντο
3699 5277 3756 5330 δι

2192 5396 2213 5429 ‹
2248 5377 2446 5437 πάντες
2480 5373 2573 5426 καὶ
2613 5372 2940 5442 ἐθαύμαζον,
2990 5371 3236 5439 λέγοντες
3283 5370 3416 5442 πρξς
3470 5367 3755 5439 ἀλλήλους.

2198 5489 2215 5521 ι
2253 5469 2365 5523 Οὐκ
2413 5467 2519 5520 ἰδοὺ
2576 5468 2775 5527 πάντες
2805 5459 2951 5517 οὗτοί
2996 5462 3134 5515 εἰσιν
3165 5463 3214 5514 οί
3261 5448 3550 5522 λαλοῦντες
3593 5458 3757 5511 Γαλι-

2198 5580 2216 5613 ι
2257 5561 2398 5614 λαῖοι
2430 5578 2443 5626 ;
2490 5558 2600 5612 Kal
2631 5556 2747 5633 πᾷις
2774 5558 2934 5627 ήμεΐς
2967 5553 3260 5625 ἀκούομεν,
3301 5551 3530 5614 ἕκαστος
3555 5552 3620 5621 τῇ
3648 5549 3761 5619 ἰδία

2186 5653 2501 5721 «διαλέκτῳ
2549 5649 2703 5720 ἡμῶν
2738 5650 2794 5701 ὲν
2936 5644 3304 5717 ἐγεννήθημεν
3332 5659 3349 5711 ;
3378 5640 3604 5713 Πάρθοι,
3664 5640 3761 5692 καὶ

568 5849 623 5879 ⁴³
652 5845 823 5902 Emi.
859 5864 965 5913 xw,
992 5848 1079 5901 2|.
1156 5848 1198 5877 "
1238 5847 1400 5900 Matth
1460 5861 1536 5908 ut,
1571 5843 1650 5897 ll.
1727 5846 1769 5873 "
1803 5844 1953 5895 Deut.
1993 5856 2062 5903 tv,
2096 5838 2202 5905 ‘23-;
2238 5835 2405 5889 llcbr.
2434 5849 2527 5898 xu,
2557 5831 2646 5885 20.
