4058 6548
509 374 592 438 '67
1564 370 1893 434 (ECUMEN
1904 372 1958 430 ΙΙ
1995 371 2096 430 TR

2210 368 2285 429 LE
2311 368 2644 431 EPISCOPI
3709 376 3778 441 68

526 487 781 543 omnibus
822 485 873 540 id
925 485 1365 554 prmdicanti‘hns,
1422 498 1614 551 nempe
1653 481 1796 552 quod
1847 482 2090 551 ipsorum

2210 499 2354 551 εητος
2397 480 2796 535 διαϐαλλόντων
2857 478 2994 532 ἐστί.
3049 478 3283 543 Ι“λεῦκος
3330 480 3438 552 γὰρ
3475 482 3503 535 ό
3566 482 3771 549 γλυκύς

528 582 886 647 loquerentur
936 578 1163 648 linguis,
1204 576 1406 631 inventi
1462 585 1640 629 tamen
1689 574 1799 627 sint
1851 572 2098 627 nonnulli

526 674 618 741 qui
677 669 987 724 irriderent.
1030 667 1150 722 Alio
1185 666 1358 721 modo.
1400 664 1587 718 Dicere
1632 668 1814 717 musto
1849 662 2101 731 impletos

524 778 647 817 esse
691 762 990 831 apostolos,
1043 775 1233 814 eorum
1283 766 1365 813 est
1401 757 1491 821 qni
1528 772 1558 810 a
1595 756 1857 826 qualitate
1894 755 2097 809 calum-

530 856 673 908 niam
710 863 949 908 struunt.
993 833 1228 905 Mustuni
1260 851 1402 906 enim
1442 850 1599 903 dulce
1633 847 1817 901 vinum
1844 855 1926 900 est
1956 844 2099 915 quod

527 949 690 1001 etiam
725 948 789 1000 ad
826 946 1206 1007 inebriandnm
1249 945 1430 1013 aptius
1459 953 1561 1001 est,
1606 941 1829 995 lenitate
1865 954 1960 993 seu
1988 938 2102 991 avi-

528 1039 695 1092 ditate
723 1037 789 1091 ad
827 1036 1187 1098 dulcedinem,
1232 1034 1542 1088 densiurem
1577 1030 1981 1101 evaporatinnis
2014 1043 2099 1081 re-

530 1131 823 1198 pletionem
878 1127 945 1181 ad
985 1143 1224 1189 coneava
1268 1125 1477 1180 cerebri
1532 1125 1863 1194 produecns.
1907 1118 2098 1175 Utrum

528 1230 712 1274 autent
748 1220 798 1273 hi
834 1219 926 1289 qui
955 1219 1275 1280 irridebant,
1317 1232 1378 1269 ea
1404 1231 1528 1284 qna:
1554 1213 1878 1269 dicebantur
1903 1211 2101 1265 intelli-

527 1312 728 1380 gebant
765 1324 832 1363 an
864 1310 997 1362 nm?
1028 1307 1240 1361 Etenim
1274 1306 1317 1359 si
1354 1320 1460 1358 non
1495 1302 1891 1372 intelligebant,
1925 1316 2100 1369 neque

527 1418 719 1455 eorum
768 1401 953 1454 irrisio
1020 1397 1219 1451 rationi
1293 1396 1648 1449 innitebatur.
1703 1393 1804 1465 1'7
1865 1390 1929 1446 Ut
1969 1390 2099 1461 quid

530 1501 709 1544 autem
760 1491 910 1559 angit
951 1490 1188 1559 aliquem
1224 1489 1348 1541 vilis
1404 1486 1669 1556 quaepiam
1711 1485 1996 1554 nugacitas
2022 1493 2101 1536 te-

534 1601 681 1639 mere
711 1583 961 1654 prolata?
997 1582 1099 1635 Sed
1138 1582 1486 1635 manifestum
1518 1585 1600 1632 est
1630 1576 1772 1646 quod
1803 1578 1963 1629 etiam
1995 1573 2096 1644 ipsi

534 1678 931 1748 inlelligebant,
978 1685 1030 1729 et
1079 1675 1313 1729 maxime
1343 1688 1531 1727 coram
1580 1670 1842 1727 habentes
1871 1684 1967 1724 eos
2006 1667 2096 1738 qui

528 1790 641 1828 rem
674 1772 938 1826 miraculo
966 1768 1311 1824 ascribebanl
1338 1785 1351 1831 ;
1379 1776 1430 1821 et
1460 1774 1638 1819 tamen
1673 1764 1775 1834 ipsi
1805 1763 1948 1816 illam
1983 1776 2097 1814 ma-

2207 575 2354 625 ἐστιν
2382 568 2543 637 οἶνος,
2577 572 2635 636 ὃς
2681 572 2773 625 καὶ
2826 570 3025 641 μᾶλλον
3074 571 3153 633 είς
3185 572 3356 643 μέθην
3390 574 3673 643 ἐπίφορος,
3707 578 3773 647 τῇ

2206 662 2555 733 γλισχρότητι
2599 663 2699 732 τῆς
2727 661 3087 732 γλυκύτητος,
3122 662 3490 734 ἀθρουστέραν
3514 667 3613 733 τὴν
3642 668 3776 737 πρὸς

2202 757 2272 807 τὰ
2316 754 2472 807 κοῖλα
2518 752 2615 807 τοὺ
2675 753 2980 823 ἐγκεφάλου
3027 754 3306 823 πλήρωσιν
3330 754 3428 820 τῆς
3467 756 3773 826 ἀναθυμιά-

2204 865 2342 910 σεως
2369 846 2638 918 ἐμποιῶν.
2686 847 2921 919 Πότερον
2959 847 3014 899 δέ
3060 847 3311 902 συνίεσαν
3342 847 3389 901 oi
3420 847 3776 917 χλευάζοντες

2201 940 2309 995 τῶν
2338 939 2668 1010 λεγομένων,
2722 940 2755 1011 ἢ
2807 937 2909 1003 οὑ;
2966 939 3025 991 Ei
3066 939 3165 1008 μὲν
3221 938 3329 1008 γὰρ
3384 939 3446 991 οὑ
3497 940 3772 1003 συνίεσαν,

2200 1030 2321 1083 οὐδὲ
2359 1032 2392 1100 ἡ
2420 1030 2588 1103 χλεύη
2613 1031 2791 1084 αὑτῶν
2825 1027 2936 1100 εἶχε
2968 1031 3142 1098 λόγον.
3180 1031 3244 1083 Τί
3266 1032 3373 1101 γάρ
3402 1049 3524 1084 τινα
3547 1033 3773 1102 πἐριλυ-

2203 1128 2295 1178 πεί
2324 1123 2558 1193 φλυαρία
2595 1141 2678 1187 τις
2709 1124 2919 1195 ἄσημος
2953 1125 3077 1194 είκῆ
3127 1126 3575 1195 προφερόμενοςς
3612 1125 3776 1178 Ἀλλά

2201 1209 2358 1279 δῆλον
2381 1210 2462 1262 ὅτι
2491 1212 2742 1265 συνίεσαν
2775 1211 2870 1281 μὲν
2905 1212 3003 1264 καὶ
3036 1213 3209 1277 αὐτοὶ,
3234 1212 3327 1266 καὶ
3349 1212 3519 1266 ταῦτα
3544 1214 3597 1266 δὲ
3623 1218 3773 1285 παρὰ

2203 1301 2370 1362 πόδας
2409 1300 2622 1371 ἔχοντες
2649 1303 2774 1366 τοὺς
2804 1305 2882 1367 είς
2912 1304 3097 1374 θαῦμα
3137 1305 3665 1375 καταλογιζομένους
3712 1309 3775 1361 τὺ

2200 1393 2455 1461 πρᾶγμα.
2485 1393 2645 1448 Αὐτοὶ
2670 1392 2725 1445 δὲ
2755 1393 3075 1463 κακούργως
3094 1395 3223 1447 αὑτὸ
3247 1396 3599 1461 ἐνδιέϐαλλον,
3628 1401 3776 1462 ὅπως

2201 1484 2320 1547 ἔθος
2355 1487 2465 1547 τοῖς
2517 1485 3193 1556 κακούργοις.-“Α.ιλως.
3225 1489 3483 1543 Συνίεσαν
3523 1491 3645 1560 μὲν,
3675 1493 3776 1544 οὑκ

2200 1576 2499 1644 ἠρέσκοντο
2554 1576 2611 1629 δὲ
2669 1579 2777 1640 τοῖς
2836 1577 3168 1646 λεγομένοις.
3224 1581 3303 1633 Τά
3363 1583 3470 1652 γάρ
3512 1584 3775 1651 μεγαλεῖα

2201 1667 2386 1735 ελεγον
2416 1667 2509 1721 τοῦ
2541 1668 2697 1720 Θεοῦ.
2719 1668 2879 1730 Ἔθος
2908 1669 3016 1739 γὰρ
3049 1662 3159 1732 τοῖς
3190 1671 3401 1735 πολλοῖς
3438 1672 3503 1726 ἂν
3540 1675 3613 1743 μὴ
3642 1673 3775 1743 ἀρέο

2202 1778 2438 1815 σκωνται
2490 1763 2601 1825 τοῖς
2661 1762 2992 1832 λεγομένοις,
3031 1764 3294 1835 δαιμονᾷν
3355 1763 3388 1833 ἢ
3440 1765 3775 1835 παραπαίειν

530 1862 709 1916 litiose
738 1859 1239 1921 calumniabantur,
1268 1866 1325 1911 ut
1363 1856 1531 1911 moris
1557 1865 1638 1911 est
1658 1854 1953 1926 perversis.
1980 1852 2101 1907 Alio

2210 1849 2455 1920 ἡγεῖσθαι
2502 1850 2593 1903 τὸν
2641 1850 2888 1921 λέγοντα.
2933 1853 3022 1916 Ὠς
3066 1856 3158 1908 καί
3198 1853 3289 1906 ἐπὶ
3339 1852 3433 1907 τοῦ
3509 1852 3775 1926 Χριστοῦ,

532 1952 710 2007 modo.
738 1951 1113 2022 lntelligebant
1147 1949 1391 2020 quidem,
1424 1963 1611 2003 verum
1666 1964 1773 2001 non
1813 1945 2099 2016 placebant

528 2044 611 2099 eis
644 2058 765 2113 qua:
805 2042 1149 2098 dicebantur.
1196 2040 1301 2096 Alii
1351 2041 1497 2097 enim
1540 2040 1794 2095 dicebant
1837 2053 1959 2094 esse
2006 2035 2100 2092 Dei

2198 1943 2449 1995 συνίεσαν
2493 1942 2595 2012 μὲν
2647 1944 2756 1997 τιῖν
2807 1944 3120 2015 θαυμάτων,
3162 1946 3279 2000 δέον
3327 1946 3382 2000 δέ
3436 1947 3649 2018 ὑμνεῖν,
3699 1946 3777 2011 ὡς

2184 2038 2255 2087 ἐν
2294 2034 2618 2099 Βεελζεϐοὑλ
2657 2036 2977 2107 γινομένων,
3013 2038 3276 2110 διέσυρον.

549 2134 860 2204 magniﬁca.
903 2133 1090 2198 Multis
1140 2131 1407 2203 siquidem
1442 2131 1614 2187 moris
1665 2140 1747 2186 est
1775 2129 1975 2200 quibus
2017 2145 2125 2181 non
2168 2128 2411 2181 artidcnl
2463 2142 2582 2194 qua:
2615 2126 2897 2192 dicuntur,
2939 2138 2997 2182 ut
3034 2129 3308 2187 dicentem
3358 2133 3605 2191 insanire
3679 2136 3775 2187 aut

533 2226 779 2295 desipere
806 2225 1173 2291 arbitrentur;
1204 2221 1657 2294 quemadmodum
1681 2223 1842 2277 etiam
1865 2219 2170 2276 deChristo
2219 2218 2594 2288 intelligebant
2637 2218 2855 2285 quidem
2911 2221 3195 2287 miracula,
3263 2224 3355 2279 sed
3437 2239 3561 2279 cum
3657 2224 3777 2281 lau-

532 2320 665 2373 dare
692 2318 782 2372 illa
805 2326 1101 2387 oporteret,
1136 2318 1234 2382 illi,
1260 2327 1516 2387 tanquam
1548 2316 1603 2371 in
1635 2315 1916 2371 Beelzebui
1948 2314 2092 2367 facta
2134 2322 2339 2375 essent,
2365 2312 2836 2367 conviciabanlur.

603 2412 670 2473 ll,
702 2412 787 2465 M.
833 2429 852 2462 ι
890 2410 1055 2464 Stans
1087 2421 1266 2463 autem
1313 2408 1508 2464 Petrus
1552 2424 1676 2462 cum
1710 2407 1983 2472 undecim,
2011 2422 2104 2460 ex-

551 2523 569 2555 ι
608 2504 733 2557 tulit
798 2518 984 2558 vocem
1056 2518 1234 2566 suam,
1278 2510 1332 2557 et
1383 2502 1599 2555 locutus
1642 2509 1728 2555 est
1783 2501 1891 2554 illis
1935 2515 1950 2552 :
2000 2499 2106 2552 \‘iii

543 2612 561 2644 ι
595 2591 784 2653 Judaei,
817 2600 870 2645 et
924 2592 1014 2661 qui
1054 2590 1320 2645 habitatis
1365 2588 1664 2644 Jerusalem
1713 2589 1975 2650 universi,
2007 2587 2110 2639 hoc

538 2702 565 2735 ιι
605 2684 758 2738 vobis
781 2691 968 2737 notum
1000 2684 1165 2747 sit,ct
1195 2681 1421 2735 auribus
1441 2682 1699 2750 percipile
1723 2680 1884 2733 verba
1914 2694 2054 2732 mea.
2085 2697 2103 2729 ι

596 2775 666 2830 ιιι
705 2774 1078 2844 superioribus
1110 2772 1331 2842 quidem
1370 2772 1794 2828 sollicitudinem
1829 2770 2093 2834 ostendit,

530 2880 662 2919 cum
710 2864 1043 2919 multitudini
1065 2863 1330 2933 permittit
1353 2863 1674 2918 electionem
1703 2862 1824 2931 ejus
1855 2864 1945 2933 qui
1980 2878 2103 2916 cum

542 2955 794 3010 undecim
849 2954 1267 3010 constituendus
1313 2964 1479 3009 erat:
1517 2954 1604 3009 hic
1656 2962 1836 3007 attlent
1890 2953 2104 3009 dicendi

542 3046 877 3101 libertatem.
902 3048 1077 3121 Atque
1128 3047 1178 3099 id
1206 3045 1329 3100 facit
1363 3061 1538 3115 neque
1569 3046 1858 3099 benevolos
1899 3046 2104 3101 habens

2282 2423 2299 2453 ι
2334 2404 2561 2467 Σταθεὶς
2607 2404 2665 2456 δὲ
2714 2406 2918 2477 Πέτρος
2949 2407 3044 2459 σὺν
3083 2409 3190 2470 τοῖς
3223 2407 3436 2475 ἕνδεκα,
3473 2409 3645 2480 ἐπῆρε
3673 2410 3774 2479 τὴν

2212 2513 2229 2543 ι
2268 2494 2454 2564 φωνὴν
2486 2494 2674 2558 αὑτοῦ,
2741 2497 2834 2551 καὶ
2867 2498 3245 2567 ἀπεφθέγξατο
3297 2500 3506 2564 αὐτοῖς’
3544 2501 3775 2572 Ἀνδρες

2212 2604 2229 2633 ι
2275 2586 2538 2651 Ἰουδαῖοι,
2572 2588 2663 2640 καὶ
2692 2590 2739 2640 οἱ
2788 2590 3169 2655 κατοικοῦντες
3215 2591 3569 2664 Ἰερουσαλὴμ
3601 2591 3778 2669 ἃπαν-

2213 2695 2231 2727 ι
2267 2694 2377 2741 τες.
2403 2677 2559 2730 τοῦτο
2595 2681 2723 2749 ὑμῖν
2754 2682 2993 2749 γνωστὸν
3036 2683 3196 2748 ἐστω,
3229 2685 3320 2738 καὶ
3346 2687 3673 2740 ἐνωτίσασθε
3706 2684 3779 2740 τά

2214 2789 2232 2821 ι
2273 2771 2493 2842 ῥήματά
2522 2790 2643 2841 μου.
2680 2790 2698 2822 ι

2281 2864 2426 2916 ’Λνω
2465 2864 2562 2934 μὲν
2586 2863 2683 2933 τὴν
2719 2865 3042 2935 κηδεμονίαν
3070 2864 3439 2932 ἐνδείκνυται,
3466 2869 3525 2924 ἐν
3576 2862 3660 2932 οἷς
3697 2867 3778 2939 τῷ

2211 2954 2408 3025 πλήθει
2459 2954 2745 3024 ἐπιτρέπει
2790 2956 2886 3025 τὴν
2930 2956 3158 3028 ἐκλογὴν
3188 2958 3279 3012 τοὺ
3331 2959 3617 3030 μέλλοντος
3660 2961 3778 3024 τοῖς

2196 3040 2400 3101 ’ἕνδεκα
2446 3047 2859 3109 συντάττεσθαι,
2905 3047 3140 3104 ἐνταῦθα
3197 3049 3253 3102 δέ
3296 3054 3393 3119 τὴν
3436 3051 3776 3124 παρρησίαν.

544 3138 848 3217 auditores,
902 3138 995 3192 sed
1031 3138 1322 3192 irridentes
1358 3152 1423 3191 ac
1454 3138 1862 3193 subsannantcs
1906 3147 1960 3192 et
1991 3137 2102 3191 cla-

2210 3138 2316 3192 Καί
2352 3156 2433 3193 τοι
2465 3140 2598 3210 μηδὲ
2632 3139 2979 3211 εὐγνώμονας
3009 3140 3146 3211 ἔχων
3171 3141 3295 3205 τοὺς
3319 3144 3614 3215 ἀκροατάς,
3638 3142 3780 3198 ἀλλὰ

541 3239 754 3286 mantes
787 3244 799 3279 :
834 3233 898 3283 ad
920 3230 1030 3283 haec
1049 3244 1171 3281 cum
1195 3228 1308 3299 ipse
1326 3227 1495 3281 idiota
1510 3239 1655 3283 esset
1676 3245 1739 3281 ac
1770 3229 2104 3283 illitteratus.

536 3319 736 3379 Annon
795 3336 924 3392 ergo
954 3320 1154 3375 iactum
1189 3320 1308 3389 ejus
1340 3334 1502 3388 supra
1528 3319 1798 3372 hominem
1831 3332 1935 3377 est.
1962 3316 2106 3388 quod

548 3412 805 3466 videlicet
862 3414 1135 3467 silentium
1191 3412 1399 3482 ruperit
1448 3426 1541 3466 seu
1579 3411 1727 3480 loqui
1779 3411 2109 3465 tenta-verit?

541 3504 632 3557 Ait
662 3513 867 3567 autem,
912 3522 929 3554 ι
962 3505 1096 3556 (lum
1130 3503 1403 3568 undecim,
1444 3521 1462 3553 ι
1498 3502 1751 3557 indicans
1775 3504 1919 3571 quod
1966 3516 2111 3557 com-

532 3592 697 3648 muni
762 3594 1041 3648 voluntate
1088 3608 1151 3649 ac
1196 3607 1329 3649 voce
1396 3595 1513 3665 ipse
1557 3609 1619 3649 os
1668 3594 1909 3649 omnium
1941 3605 2055 3647 erat
2091 3611 2104 3649 :

525 3684 799 3738 .astabant
823 3686 965 3738 enim
1004 3686 1256 3739 undecim
1285 3694 1544 3755 tanquam
1572 3696 1735 3741 testes
1760 3702 1951 3739 eurum
1988 3702 2109 3752 qua:

544 3774 881 3829 dicerentur.
932 3771 1125 3828 Vocem
1182 3783 1361 3829 autem
1407 3776 1647 3830 extulit;
1690 3776 1789 3828 hoc
1837 3783 1942 3836 est,
1983 3790 2106 3827 cum

521 3868 715 3923 dnulta
759 3869 974 3924 dicendi
1027 3869 1279 3924 libertate
1337 3870 1549 3925 locutus
1585 3880 1686 3933 est,
1741 3879 1797 3923 ut
1823 3870 2006 3923 statim
2042 3872 2108 3922 ab

524 3965 703 4019 initio
741 3975 1078 4034 cognoscant
1109 3966 1339 4035 gratiam
1373 3965 1631 4036 Spiritus.
1677 3963 1808 4019 Nam
1843 3964 1933 4034 qui
1984 3972 2110 4019 ante

540 4053 646 4109 hoc
681 4065 898 4126 tempus
925 4072 1031 4110 non
1072 4058 1196 4109 tulit
1221 4057 1346 4111 vilis
1381 4057 1572 4125 puellm
1599 4057 2105 4125 interrogationem,

527 4144 631 4199 Jiic
663 4147 714 4200 in
750 4149 928 4204 medio
951 4149 1135 4218 pepuli
1162 4149 1524 4203 clamantibus
1558 4148 1813 4203 omnibus
1838 4148 1974 4202 adeo
2010 4147 2108 4200 im-

528 4238 839 4304 perterrite
916 4239 1307 4301 concinnatur,
1353 4248 1412 4293 ut
1455 4239 1824 4294 indubitatum
1876 4239 1946 4294 sit
2005 4238 2107 4293 hoc

534 4330 964 4385 resurrectionis
996 4331 1279 4384 indicium.

606 4420 685 4481 Jl,
717 4419 803 4473 15.
845 4437 862 4468 ι
892 4418 1006 4471 Non
1028 4421 1195 4481 rnitn,
1223 4418 1369 4472 sicut
1394 4434 1489 4472 vos
1516 4418 1865 4477 existimatis,
1889 4418 1939 4471 lii
1971 4420 2104 4473 ebrii

534 4516 698 4569 sttui.
744 4525 763 4556 ι

612 4597 729 4650 Non
754 4596 889 4650 dixit
922 4612 934 4648 :
976 4593 1126 4647 Sicut
1163 4611 1256 4649 vos
1285 4595 1579 4649 irridentes
1606 4595 1809 4660 dicitis,
1843 4596 1959 4656 sed.
1991 4596 2107 4652 Sic-

521 4696 601 4745 rut
659 4704 753 4741 vos
802 4686 1149 4748 existimatis,
1184 4687 1728 4755 benigniustrartans
1756 4704 2103 4751 sermonem,

522 4794 642 4838 inec
692 4788 877 4845 aperte
920 4776 1108 4830 volens
1138 4778 1427 4829 ostendere
1476 4777 1623 4845 ipsus
1679 4777 1779 4830 hoc
1830 4794 1860 4831 ιι
1902 4778 2104 4830 malitia

535 4872 768 4935 dixisse,
818 4871 959 4922 viam
991 4870 1097 4921 illis
1135 4877 1468 4937 pra'sUncns
1503 4868 1567 4920 ad
1597 4869 2006 4921 conversionem
2041 4885 2102 4923 ac

533 4961 995 5029 resipisceutiam.
1043 4956 1176 5010 Nam
1215 4964 1325 5027 est,
1379 4956 1574 5024 inquit,
1617 4956 1747 5009 hora
1794 4955 1899 5011 dici
1926 4958 2101 5011 tertia.

532 5051 605 5103 Et
638 5051 766 5119 quid
794 5050 895 5102 hoc
919 5048 1250 5101 est?Annon
1286 5047 1510 5114 contigit
1540 5046 1672 5099 liora
1702 5046 1861 5098 tertia
1894 5047 2101 5099 ebrium

522 5141 698 5205 .esse?
733 5141 951 5207 Utique,
987 5154 1172 5193 verum
1207 5139 1256 5189 id
1308 5153 1413 5189 nun
1446 5138 1615 5189 servit
1640 5137 1919 5206 proposito
1949 5155 1964 5191 :
2012 5154 2104 5190 ne-

530 5250 648 5302 .quc
679 5233 822 5287 enim
853 5231 927 5283 illi
956 5229 1023 5283 de
1048 5230 1183 5298 ipsis
1221 5230 1293 5281 ita
1325 5227 1739 5294 existimabant,
1789 5230 1883 5283 sed
1914 5230 2104 5283 convi-

525 5329 749 5380 xiantes
784 5333 948 5391 atque
973 5321 1264 5374 irridentes
1296 5321 1396 5374 hoc
1419 5320 1691 5374 dicebant.

564 5467 569 5470 _
609 5412 798 5487 18H,
835 5410 1017 5464 lii-2|.
1043 5428 1059 5459 ι
1086 5408 1216 5462 Nam
1236 5419 1324 5462 est
1361 5410 1493 5462 hora
1523 5410 1627 5463 dici
1660 5411 1819 5463 tertia
1845 5429 1858 5465 :
1885 5411 1979 5464 sed
2006 5412 2108 5463 hoc

541 5522 561 5552 ι
607 5503 858 5569 estquod
898 5502 1102 5555 dictum
1134 5500 1236 5551 luit
1268 5516 1360 5568 per
1385 5501 1702 5570 prophetam
1724 5498 1867 5554 Joel:
1906 5499 1970 5552 Et
2002 5501 2107 5551 erit

538 5614 557 5643 ε
610 5593 662 5646 in
705 5590 1020 5646 novissimis
1053 5589 1271 5654 diebus,
1298 5591 1430 5645 dicit
1481 5592 1647 5655 Deus,
1718 5589 1992 5644 elTundam
2044 5589 2111 5643 de

540 5704 559 5735 ι
610 5683 814 5754 Spiritu
849 5699 968 5738 meo
995 5698 1162 5754 super
1206 5698 1421 5736 onmem
1455 5699 1697 5745 carnem,
1731 5694 1781 5735 et
1816 5681 2110 5753 propheta-

537 5798 556 5830 ι
608 5778 741 5831 bunt
767 5776 863 5830 tilii
897 5775 1068 5837 vestri
1093 5787 1148 5835 et
1171 5774 1290 5833 illia:
1319 5785 1534 5831 vestrae.
1561 5773 1799 5833 Juvenes
1828 5775 1992 5829 vestri
2026 5775 2109 5828 vi-

2211 3232 2307 3285 καὶ
2333 3232 2604 3299 γελῶντας
2636 3235 2726 3286 καὶ
2761 3235 3193 3305 μυκτηρίζοντας
3219 3236 3309 3289 καὶ
3336 3236 3652 3305 φωνῶντας,
3681 3237 3779 3291 καὶ

2213 3323 2427 3395 ἰδιώτης
2453 3323 2525 3378 ὢν
2553 3327 2647 3381 καὶ
2678 3327 3056 3397 ἀγράμματος.
3091 3328 3215 3391 Πῶς
3243 3325 3335 3382 οὖν
3363 3331 3482 3400 οὐχὶ
3506 3331 3646 3401 ὑπὲρ
3681 3330 3780 3387 ἄνευ

2209 3414 2427 3486 θρωπον
2457 3414 2516 3467 τὸ
2561 3415 2965 3487 πραττόμενον;
3013 3416 3075 3469 τὸ
3124 3417 3282 3501 ῥῆξαι
3324 3421 3508 3490 φωνὴν
3549 3419 3775 3493 δηλαδή.

2212 3528 2231 3559 ι
2280 3509 2382 3560 Σὺν
2424 3510 2537 3570 τοῖς
2594 3507 2786 3561 ἕνδεκα
2822 3528 2842 3560 ι
2894 3509 2948 3561 δὲ
3008 3509 3176 3578 λέγει.
3231 3512 3407 3582 δηλῶν
3476 3513 3559 3565 ὅτι
3621 3514 3777 3586 κοινῇ

2209 3598 2400 3669 γνώμῃ
2429 3600 2520 3651 καὶ
2550 3602 2699 3670 φωνῇ
2730 3600 2945 3655 πάντων
2974 3601 3135 3667 αὑτὸς
3164 3598 3231 3676 ἦν
3260 3604 3454 3676 στόμα,
3493 3604 3777 3676 μάρτυρες

2209 3690 2263 3742 δὲ
2298 3693 2758 3761 παρειστήκεισαν
2784 3696 2828 3747 οἱ
2859 3694 3046 3748 ἕνδεκα
3072 3699 3181 3760 τοῖς
3214 3698 3551 3768 λεγομένοις.
3572 3700 3779 3768 Ἐπῆρε

2211 3779 2266 3831 δὲ
2320 3780 2417 3847 τὴν
2465 3781 2665 3850 φωνὴν,
2701 3782 2966 3847 τουτέστι,
3018 3785 3153 3854 μετά
3189 3784 3389 3854 πολλῆς
3441 3787 3780 3857 παρρησίας.

2213 3871 2524 3934 ἵνα.ε·)οἐ‹·›ς
2556 3875 2857 3944 ἀρχομένου
2894 3876 3105 3943 μάθωσι
3147 3876 3243 3947 τὴν
3282 3878 3441 3947 χάριν
3482 3879 3576 3937 τοῦ
3605 3879 3781 3933 Πνεύο

2214 3978 2400 4027 ματος.
2442 3959 2501 4013 ’0
2532 3964 2637 4028 γὰρ
2686 3965 2788 4031 ττρδ
2839 3965 3029 4018 τούτου
3084 3965 3157 4037 μὴ
3214 3967 3451 4035 ἐνεγκὼν
3509 3968 3782 4039 ἐρώτησιν

2212 4052 2465 4118 κορασίου
2491 4054 2759 4118 εὐτελοῦς,
2800 4049 2951 4117 οὗτος
2983 4058 3039 4108 ἐν
3073 4060 3222 4126 μέσῳ
3251 4058 3442 4126 δήμου,
3472 4059 3783 4128 φωνώντων

2212 4142 2487 4205 ἁπάντων,
2517 4137 2671 4207 οὗτος
2716 4146 3093 4209 ἀνυποστόλως
3142 4147 3465 4218 δημηγορεῖ,
3497 4149 3573 4212 ώς
3604 4150 3781 4218 ἀμφι·

2214 4232 2481 4305 σϐῆτητον
2510 4235 2605 4303 τῆς
2631 4232 2977 4299 ἀναστάσεως
2999 4236 3252 4305 γενέσθαι
3272 4237 3432 4293 τοῦτο
3453 4240 3781 4310 τεκμήριον.

2291 4430 2308 4461 ι
2346 4412 2420 4463 Οὑ
2453 4410 2579 4481 γάρ,
2610 4411 2685 4473 ὡς
2716 4411 2873 4482 ὑμεῖς
2907 4413 3337 4486 ὑπολαμϐάνετε,
3371 4411 3515 4472 οὗτοι
3547 4419 3784 4489 μεθύου-

2144 4480 2186 4536 D
2223 4520 2241 4552 ι
2278 4519 2434 4554 σιν.»

2286 4594 2399 4646 Οὑκ
2427 4591 2599 4656 εἶπεν,
2647 4593 2737 4657 Ὣς
2787 4595 2943 4662 ὑμεῖς
2972 4596 3282 4667 χλευάζετε,
3333 4600 3483 4666 ἀλλ’,
3524 4602 3611 4664 Ὠς
3647 4602 3782 4655 ὑπο·
3840 4660 3851 4666 ,

2213 4685 2536 4755 λαμϐάνετε,
2568 4687 2969 4755 ἐπιεικέστερον
3013 4690 3522 4760 μεταχειριζόμενος
3558 4693 3654 4743 τὸν
3692 4693 3775 4745 λό-

2212 4792 2327 4842 γον·
2365 4776 2459 4828 καὶ
2516 4777 2617 4829 οὐκ
2663 4778 2920 4849 ἄντικρυς
2956 4778 3063 4830 ἀπὸ
3093 4780 3425 4849 κακουργίας
3456 4781 3782 4851 βουλόμενοι

2210 4866 2407 4928 αὑτοὺς
2464 4866 2630 4931 δεῖξαι.
2663 4866 2821 4921 τοῦτο
2876 4868 3133 4936 λέγοντας
3154 4908 3169 4933 ,
3202 4872 3566 4940 προοδοποιῶν
3597 4875 3782 4939 αὐτοῖς

2214 4959 2314 5027 τὴν
2345 4960 2683 5030 ἐπιστροφὴν
2713 4961 2808 5011 καὶ
2840 4960 3226 5030 μεταμέλειαν.
3260 4963 3411 5015 Ἐστι
3437 4965 3565 5035 γὰρ,
3592 4972 3785 5036 φησὶν,

2212 5049 2335 5119 ὥρα
2360 5050 2517 5121 τρίτη
2546 5053 2644 5119 τῆς
2678 5052 2908 5122 ἡμέρας.
2940 5051 3051 5107 Καὶ
3083 5052 3135 5104 τί
3160 5052 3351 5117 τοῦτος
3393 5057 3506 5108 Οὐκ
3536 5058 3689 5111 ἐστιν
3730 5062 3785 5112 ὲν

2211 5141 2331 5212 ὥρα
2360 5142 2518 5215 τρίτῃ
2542 5141 2795 5210 μεθύειν;
2837 5141 2974 5194 Ἀλλ’
2997 5143 3096 5199 οὑκ
3120 5142 3247 5212 ἔστη
3280 5146 3413 5211 πρὸς
3436 5145 3615 5201 τοῦτο.
3649 5152 3783 5203 Οὐδὲ

2214 5233 2323 5302 γὰρ
2350 5234 2547 5288 ἐκείνοι
2574 5231 2746 5293 οὕτως
2776 5228 2921 5302 εἶχον
2950 5235 3074 5302 περὶ
3102 5234 3301 5297 αὐτῶν,
3329 5235 3464 5289 ἀλλά
3489 5239 3779 5308 χλευάζοψ

2210 5341 2299 5384 τες
2327 5326 2419 5374 καὶ
2443 5321 2790 5394 διασύροντες
2824 5323 3027 5390 ἔλεγον.

2290 5433 2305 5462 ι
2345 5414 2497 5466 Ἔστι
2520 5414 2628 5481 γὰρ
2660 5410 2777 5481 ὥρα
2810 5412 2965 5483 τρίτη
3014 5415 3111 5484 τῆς
3166 5417 3377 5487 ἡμέρας
3399 5435 3411 5449 ’
3452 5420 3594 5472 ἀλλά
3623 5420 3783 5474 τοῢτό

2218 5523 2235 5554 ι
2272 5505 2386 5554 ἐστι
2415 5502 2476 5555 τὸ
2511 5503 2799 5572 εἰρημένον
2852 5504 2939 5556 διὰ
2991 5504 3086 5559 τοῦ
3134 5512 3413 5577 προφήτου
3453 5511 3642 5580 Ἰωήλ·
3672 5516 3783 5568 Καὶ

2222 5612 2240 5643 ι
2276 5592 2431 5644 ἔσται
2476 5593 2533 5643 ἐν
2562 5596 2679 5655 ταῖς
2714 5594 2971 5664 ἐσχάταις
2999 5596 3253 5667 ἡμέραις,
3284 5598 3431 5667 λέγει
3455 5601 3484 5653 6
3507 5601 3664 5669 Θεὸς,
3699 5605 3769 5660 ἐκ

2218 5701 2242 5733 ι
2281 5680 2390 5750 χεῶ
2423 5681 2531 5733 ἀπὸ
2587 5682 2681 5737 τοὺ
2725 5682 3038 5754 Πνεύματός
3084 5703 3185 5756 μου
3238 5689 3331 5741 ἐπὶ
3364 5692 3545 5745 πᾶσαν
3576 5694 3783 5764 σάρκα.

2223 5789 2241 5822 ι
2278 5772 2368 5824 καὶ
2394 5772 2868 5844 προφητεύσουσιν
2887 5775 2937 5828 oi
2961 5775 3066 5829 uio'i
3097 5776 3250 5851 ὑμῶν
3274 5781 3367 5838 καί
3385 5782 3441 5840 αἱ
3473 5783 3777 5857 θυγατέρδς
