4058 6558
283 396 360 459 ’13

1245 383 1637 449 COMMENT.
1668 381 1751 441 IN
1782 377 1968 439 ACTA
2006 370 2587 437 APOSTOLORU'M.
3475 360 3547 424 74

363 527 382 561 ι
424 506 655 579 Ἄνδρες
710 504 953 575 ἀδελφοὶ,
987 503 1107 572 ἐξὸν
1140 505 1344 558 εἰπεῖν·
1377 500 1516 572 μετά
1551 492 1864 568 παρρησίας

2045 486 2110 551 ll,
2139 487 2331 542 29-52.
2371 505 2389 537 ‹
2439 482 2557 538 Viri
2587 481 2809 541 fratres.
2851 480 2978 537 licet
3037 478 3181 551 apud
3225 492 3323 535 vos
3378 476 3548 533 libere

291 621 312 654 ⁸
355 602 491 673 πρὸς
540 600 685 672 ὑμᾶς
734 598 865 670 περὶ
914 595 1009 652 τοῦ
1059 598 1404 667 πατριάρχου
1438 591 1636 655 Δαυῒδ,
1668 590 1749 642 ὅτι
1778 587 1872 639 καὶ

291 715 311 748 ι
356 694 703 763 ἐτελεύτησε,
743 692 838 745 καὶ
870 691 1069 762 ἐτάφη,
1098 691 1192 745 καὶ
1223 689 1286 742 τὸ
1322 688 1512 760 μνῆμα
1536 681 1701 737 αὐτοῦ
1724 682 1872 734 ἐστιν

292 808 313 841 ι
354 790 412 840 ἐν
443 789 577 857 ἡμῖν
618 787 746 857 ἄχρι
792 785 891 855 τῆς
934 785 1146 855 ἡμέρας
1187 780 1414 849 ταύτης.
1453 769 1873 849 Προφήτηςόῦν

293 899 314 931 ι
358 879 644 952 ὑπάρχων,
676 880 773 932 καὶ
798 876 976 942 εἰδὼς,
1001 878 1084 929 ὃτι
1111 876 1257 948 ὅρκῳ
1277 871 1493 944 ὤμοσεν
1520 866 1670 938 αὐτῷ
1694 867 1722 919 6
1741 863 1873 926 Θεὸς

295 991 315 1023 ι
358 974 422 1025 ἐκ
474 971 693 1042 καρποῦ
752 971 854 1040 τῆς
906 969 1107 1040 ὀσφύος
1153 966 1319 1022 αὑτοῦ
1372 964 1596 1019 καθίσαι
1643 960 1737 1015 ἐπὶ
1779 956 1873 1012 τοῦ

296 1086 316 1118 ι
361 1065 555 1135 θρόνου
584 1062 774 1126 αὑτοῦ,
800 1064 862 1117 τὸ
892 1062 1035 1117 κατὰ
1071 1062 1251 1134 σάρκα
1284 1058 1591 1128 ἀναστῆσαι
1623 1055 1714 1109 τὸν
1737 1054 1845 1122 Χρι
1864 1079 1876 1090 -

296 1174 315 1207 ι
361 1157 484 1209 στὸν
545 1155 781 1227 προϊδὼν
829 1155 1064 1226 ἐλόλησε
1114 1155 1242 1227 περὶ
1270 1152 1367 1225 μὲν
1397 1149 1744 1209 ἀναστάσεως
1779 1144 1874 1198 τοῦ

296 1267 317 1300 ι
356 1246 619 1319 Χριστοῦ,
655 1250 738 1302 ὅτι
767 1248 867 1301 οὐκ
901 1247 1299 1316 ἐγκατελείφθη
1346 1248 1380 1317 ή
1411 1242 1559 1315 ψυχὴ
1591 1239 1759 1297 αὐτοῦ
1794 1241 1876 1303 εἰς

296 1360 316 1393 ι
357 1340 508 1414 ᾅδου,
562 1342 682 1395 οὐδὲ
713 1344 746 1412 ή
794 1340 933 1409 σάρξ
982 1340 1145 1394 αὐτοῦ
1177 1336 1287 1393 εἶδε
1317 1336 1640 1408 διαφθοράν.
1673 1332 1876 1388 Τοῦτον

296 1454 315 1485 ι
356 1434 449 1487 τὸν
483 1432 693 1505 Ἰησοῦν
735 1433 1034 1504 ἀνέστησεν
1084 1434 1112 1487 6
1154 1431 1322 1497 Θεὸς,
1369 1423 1431 1484 οὗ
1462 1430 1662 1493 πάντες
1712 1429 1876 1499 ἡμεῖς

295 1548 315 1579 ‹
358 1530 528 1597 ἐσμεν
562 1526 863 1598 μάρτυρες.
914 1544 933 1578 ι

364 1618 476 1687 Τὴν
507 1616 852 1690 προφητείαν
883 1614 1184 1687 πληρώσας
1230 1613 1405 1669 ἄλλων
1433 1612 1598 1667 πάλιν
1628 1611 1873 1681 ἀπάρχε-

287 1726 380 1763 ται
418 1711 742 1781 προοιμίων.
781 1728 800 1762 t
839 1709 1089 1780 ΙἌνδρες,
1152 1709 1339 1778 φησὶν,
1388 1705 1630 1774 ἀδελφοί.
1660 1725 1678 1757 ι
1708 1704 1874 1757 Ὅταν

286 1804 399 1873 γάρ
426 1805 571 1873 μέγα
595 1822 649 1857 τι
685 1802 853 1875 μέλλῃ
886 1804 1054 1873 ἐρεῖν,
1081 1801 1409 1872 οἱκειωτικῷ
1439 1799 1707 1872 κέχρηται
1743 1816 1876 1870 προ-

286 1896 479 1967 οιμίῳ,
518 1896 785 1966 ἀδελφοὺς
814 1896 1016 1950 καλῶν.
1060 1896 1149 1958 Ὠς
1169 1896 1262 1949 καὶ
1297 1896 1326 1950 6
1357 1893 1654 1964 Στέφανος,
1692 1892 1876 1946 Ἀδελ-

288 1990 384 2060 (poi
418 1991 515 2044 καὶ
545 1990 813 2060 Πατέρες,
831 1990 1125 2045 ἀκούσατε.
1155 1985 1292 2043 Εἶτά
1317 2005 1505 2060 φησιν,
1542 2006 1560 2039 ι
1616 1986 1765 2051 Ἐξὸν
1804 1987 1880 2039 εί-

289 2082 414 2132 πείν
442 2081 581 2150 μετά
602 2081 916 2152 παρρησίας
961 2081 1092 2151 περὶ
1120 2079 1215 2135 τοῦ
1248 2079 1591 2151 πατριάρχου
1623 2077 1808 2132 Δαυῖδ.
1854 2096 1873 2129 ι

292 2173 469 2226 Ἔνθα
518 2174 673 2227 οὐδὲν
716 2173 969 2244 βλάπτει,
1030 2174 1198 2244 πολλῇ
1247 2174 1511 2244 κέχρηται
1550 2189 1879 2246 μετριοφρο-

291 2264 454 2336 σύνῃ.
486 2265 551 2318 Ei
582 2266 691 2335 γάρ
716 2261 870 2320 εἶπεν
894 2263 1067 2328 οῦτως
1097 2263 1304 2330 ἁπλῶς,
1343 2266 1425 2318 ὅτι
1451 2264 1627 2318 ταῦτα
1664 2264 1765 2318 οὐκ
1809 2264 1884 2319 εἴ.

292 2375 458 2427 ρηται
502 2360 634 2429 περὶ
662 2357 757 2412 τοῦ
789 2357 974 2421 Δαυῖδ,
1012 2357 1151 2411 ἀλλὰ
1177 2358 1307 2429 περ)⁵
1330 2355 1426 2410 τοῦ
1458 2356 1720 2427 Χριστοῦ,
1748 2375 1881 2429 τρα-

290 2448 391 2518 χὺς
428 2448 495 2501 ἂν
527 2447 701 2515 εδοξε,
755 2448 849 2502 καὶ
877 2448 1047 2520 ὀργὴν
1100 2435 1286 2511 αὐτοῖς
1316 2447 1553 2502 ἐνεποίει
1586 2447 1809 2518 μᾶλλον,
1843 2450 1878 2520 ἢ

291 2522 619 2610 πειθηνίους
642 2540 957 2611 παρείχετο.
1002 2540 1165 2593 Ἀλλὰ
1191 2538 1358 2611 πολλῇ
1408 2540 1539 2612 περὶ⁵
1577 2539 1669 2594 τὸν
1701 2538 1880 2610 μακά-

293 2650 411 2704 ριον
442 2632 608 2686 Δαυῖδ
635 2636 770 2705 τιμῇ
806 2632 1159 2704 χρησάμενος
1185 2673 1200 2695 ,
1248 2632 1654 2704 εύπαράδεκτον
1706 2650 1878 2687 κατα-

294 2727 579 2791 σκευάζει,
640 2726 723 2781 ὅτι
758 2727 887 2797 περὶ
939 2723 1036 2779 τοῦ
1078 2725 1316 2799 Χριστοῦ
1372 2728 1405 2796 ή
1457 2726 1756 2798 μαρτυρία,
1785 2726 1882 2779 καὶ

294 2821 406 2884 πᾶς
430 2816 590 2884 οὗτος
620 2823 647 2874 6
676 2821 834 2889 λόγος
887 2818 1061 2883 οὕτως
1118 2820 1510 2889 οἰκονομεῖται.
1546 2821 1623 2891 Τῇ
1652 2819 1759 2892 γὰρ
1782 2820 1879 2873 τοῦ

295 2910 463 2964 Δαυῒδ
488 2911 716 2983 τελευτῇ
742 2911 837 2964 καὶ
863 2914 1008 2983 ταφῇ
1057 2912 1118 2965 ού
1165 2910 1529 2983 προσέθηκεν,
1556 2912 1639 2965 ὅτι
1667 2912 1767 2965 οὐκ
1789 2912 1885 2966 ἀν·

242 3019 258 3031 ⁸
295 3003 454 3074 ἐστη,
482 3003 601 3056 ἀλλ’
620 3005 715 3065 ὃτι,
736 3023 755 3055 ι
797 3003 906 3057 Καὶ
938 3003 997 3056 τὸ
1022 3002 1212 3075 μνῆμα
1235 3002 1398 3057 αὐτοῦ
1428 3004 1578 3055 ἐστιν
1604 3005 1662 3055 ἐν
1690 3005 1876 3074 fumi,»

296 3097 438 3167 ὅπερ
468 3098 582 3150 ἴσον
606 3097 707 3170 τῷ,
739 3097 853 3151 Οὐκ
875 3096 1104 3168 ἀνέστη.
1130 3080 1388 3151 Καὶόὑδὲ
1419 3095 1595 3161 οὕτως
1619 3092 1786 3168 ἦλθεν
1803 3100 1884 3161 εἰς

296 3189 391 3242 τὸν
407 3157 853 3259 ’Χριστὸνζ-άλλά
880 3190 1044 3244 πάλιν
1069 3157 1495 3261 ’ἐγκωμιάζεται
1526 3193 1554 3243 6
1575 3157 1885 3277 deiui6,-61dt

1989 3164 2295 3225 Christum,
2316 3164 2409 3219 sed
2433 3177 2656 3217 rursum
2684 3159 2869 3214 laudat
2895 3158 3084 3223 David,
3114 3157 3343 3214 dicens:
3380 3176 3400 3210 ι
3432 3157 3569 3213 Pro-
3666 3198 3673 3203 -

1992 3256 2150 3277 ..1--.-
2211 3256 2377 3277 τμη-.-
2429 3268 2548 3277 ιη-..-
2587 3261 2727 3277 lu.---
2788 3270 2803 3277 -
2850 3258 2908 3277 ns
2956 3265 3056 3277 nn-
3108 3249 3371 3277 Ιτηιιη-Αιη.
3406 3265 3565 3277 "Iun-‘1

296 3282 417 3344 τοῦ,
452 3302 473 3334 ι
506 3283 802 3353 Προφήτης
830 3282 923 3337 οῦν
966 3283 1228 3355 ὑπάρχων
1261 3324 1275 3349 ,
1309 3302 1328 3335 ι
1376 3284 1462 3339 ἵνα
1491 3283 1579 3337 διά
1609 3282 1707 3355 τὴν
1750 3286 1887 3355 πρὸς

300 3376 514 3429 ἐκεῖνον
539 3376 706 3445 τιμὴν
735 3375 832 3429 καὶ
861 3376 923 3429 τὸ
955 3378 1113 3446 γένος
1138 3377 1200 3431 τὸ
1223 3378 1321 3432 ἀπ’
1367 3376 1601 3442 ἐκείνου,
1629 3376 1724 3432 τοῦ
1751 3378 1890 3449 Χρι-

302 3467 432 3522 στοῦ
466 3468 730 3536 δέξωνται
760 3468 852 3524 τὸν
888 3471 1022 3542 περὶ
1060 3474 1161 3541 τῆς
1186 3471 1539 3534 ἀναστάσεως
1566 3471 1745 3541 λόγον.
1778 3471 1888 3525 Καὶ

302 3562 406 3615 οὐκ
452 3557 631 3624 εἶπεν,
656 3564 737 3618 ὅτι
775 3564 1174 3635 Ἐπηγγείλατο
1205 3564 1355 3635 αὐτῷ
1420 3568 1449 3619 6
1496 3564 1651 3632 Θεὸς,
1689 3566 1804 3621 ἀλλ’
1860 3566 1889 3621 ὃ

310 3653 500 3725 μεῖζον
562 3657 661 3709 καὶ⁵
715 3656 1073 3727 ἀπαράϐατον
1122 3651 1214 3728 ἦν,
1259 3655 1359 3722 τὸ,
1409 3657 1636 3727 Ὤμοσε.
1685 3659 1759 3712 Τὸ
1802 3658 1882 3724 δὲ,

318 3767 337 3799 ι
382 3748 545 3801 Κατ-ά
606 3748 786 3817 σάρκα
818 3768 837 3800 ›
872 3748 1240 3821 κηρύττοντος
1264 3750 1435 3817 ἐστιν,
1493 3750 1569 3814 ὡς
1613 3752 1708 3804 καὶ
1754 3752 1889 3816 Θεὸς

303 3837 567 3908 Χριστὸς,
605 3839 700 3892 καὶ
746 3839 997 3892 σύνεστιν
1028 3841 1118 3894 ἀεὶ
1164 3839 1240 3911 τῷ
1274 3839 1473 3910 Πατρί.
1503 3840 1697 3895 Πάντα
1723 3841 1779 3895 δὲ
1812 3840 1891 3911 τῷ

305 3929 491 4002 Πατρὶ
521 3930 864 4002 ἀνατίθησιν,
915 3931 1001 3984 ἵνα
1027 3931 1167 3996 τέως
1198 3930 1612 4002 παραδέξωνται
1641 3930 1712 3985 τὰ
1737 3931 1893 3999 λεγό-

309 4040 469 4093 μενα.
519 4025 683 4079 Ἀλλά
723 4025 843 4089 πῶς
893 4024 1150 4080 ἐκάθισεν
1177 4026 1271 4079 ἐπὶ
1305 4024 1496 4096 θρόνου
1529 4024 1727 4091 Δαυῒδ;
1766 4025 1891 4078 Ὅτι

308 4115 590 4186 βασιλεύει
621 4118 841 4170 πάντων
885 4117 1156 4171 Ἰουδαίων
1194 4134 1254 4172 τε
1291 4117 1388 4171 καὶ
1424 4115 1594 4170 ἐθνῶν
1625 4134 1892 4189 σαγηνευ-

308 4207 516 4259 θέντων
547 4210 627 4270 εἰς
653 4208 750 4277 τὴν
784 4210 994 4263 ἐκείνου
1047 4211 1232 4263 πίστιν
1277 4227 1336 4262 τε
1385 4212 1480 4263 καὶ
1505 4208 1787 4280 λατρείαν.
1820 4211 1893 4263 Τὸ

307 4296 391 4360 δὲ,
429 4315 447 4347 ι
473 4297 611 4351 Οὐδὲ
646 4299 680 4369 ή
716 4298 853 4368 σὰρξ
877 4297 1045 4353 αὑτοῦ
1075 4295 1182 4353 εἶδε
1210 4298 1529 4371 διαφθορὰν,
1564 4317 1582 4352 ι
1612 4299 1711 4369 οὐχ
1729 4294 1893 4371 ἦττον

310 4389 374 4442 τὸ
400 4389 503 4459 τῆς
527 4390 883 4455 ἀναστάσεως
914 4390 1174 4462 ἐμφαίνει
1205 4389 1388 4462 ἔργον.

389 4594 411 4628 ‹
448 4577 528 4649 Τῇ
559 4572 823 4650 δεξιᾷξοῦν
851 4577 945 4630 τοῦ
978 4575 1113 4630 Θεοῦ
1145 4574 1406 4646 ὑψωθεὶς,
1432 4578 1531 4647 τήν
1560 4592 1619 4629 τε
1648 4577 1888 4646 ἐπαγγε-
1919 4558 1967 4615 Ῐ)
2071 4559 2145 4623 ut
2193 4558 2284 4625 53:
2312 4556 2401 4650 54-
2460 4574 2494 4650 ξ
2525 4555 2757 4650 Ῑξέκιθτδ
2806 4556 2970 4650 ἱείιιιι·

316 4686 337 4721 t
377 4667 499 4721 λίαν
521 4667 614 4722 τοῦ
650 4669 808 4736 ἁγίου
830 4666 969 4721 Πνεύ
977 4684 1146 4738 ματος
1162 4665 1343 4719 λαϐὼν
1362 4666 1515 4738 παρὰ
1541 4664 1635 4719 τοῦ
1656 4667 1770 4718 Πατ
1780 4667 1889 4737 ρὸς,

320 4782 340 4815 ι
382 4761 568 4833 ἐξέχεε
601 4761 762 4816 τοῦτο
811 4762 838 4815 ὂ
872 4761 967 4816 νῦν
1002 4761 1163 4831 ὑμεῖς
1214 4759 1443 4831 βλέπετε
1496 4760 1593 4814 καὶ
1643 4759 1891 4814 ἀκούετε.

316 4874 339 4908 ι
378 4856 453 4909 0'1
490 4856 601 4923 γὰρ
628 4854 793 4908 Δαυῖδ
824 4854 991 4925 ἀνέϐη
1025 4855 1104 4918 είς
1135 4854 1263 4917 τοὺς
1293 4851 1578 4927 οὐρανούς.
1608 4870 1628 4905 ι

388 4947 499 4999 Καὶ
530 4944 692 4998 πάλιν
723 4943 798 5014 τῷ
848 4944 1026 5014 Πατρὶ
1069 4943 1355 5016 ἀνατίθησι
1384 4944 1446 4997 τὸ
1491 4943 1736 5013 γεγονός.
1777 4940 1897 4996 Οἷδε

312 5037 427 5108 γὰρ
458 5037 602 5090 οὓτω
631 5037 757 5099 τοὺς
789 5036 1066 5105 ἀκροατὰς
1095 5035 1499 5106 ἐπισπώμενος.
1531 5034 1714 5089 Εἰπὼν
1736 5035 1791 5088 δὲ
1815 5036 1898 5101 τὸ,

326 5128 621 5197 ’1³ψωθεὶς,
676 5126 772 5181 καὶ
823 5128 952 5198 περὶ
998 5126 1097 5196 τῆς
1153 5125 1475 5196 ἀναλήψεως
1527 5124 1771 5197 ᾐνίξατο,
1808 5124 1903 5176 καὶ

314 5221 403 5273 ὅτι
446 5222 504 5272 ἐν
555 5222 669 5282 τοῖς
702 5220 952 5288 οὐρανοῖς
987 5219 1125 5272 ἐστι.
1170 5216 1262 5271 Διὸ
1286 5216 1406 5270 οὐδὲ
1437 5215 1685 5287 φανερῶς
1723 5210 1901 5282 εἶπεν,

315 5313 403 5366 ὅτι
464 5313 553 5365 Ἐν
613 5314 727 5375 τοῖς
774 5313 1025 5383 οὐρανοῖς
1084 5312 1254 5367 ἐστιν.
1299 5310 1455 5365 Ἐπεὶ
1509 5309 1602 5365 οὖν
1669 5310 1905 5364 ἐνταῦθα

319 5406 555 5477 προέϐη,
593 5406 689 5461 καὶ
722 5405 831 5459 τῶν
877 5404 1123 5475 σημείων
1167 5404 1336 5458 αὐτοῦ
1379 5403 1627 5474 ἐμνήσθη
1682 5403 1907 5473 καὶτῆς

319 5500 694 5564 ἀναστάσεως,
735 5496 923 5552 λοιπὸν
973 5497 1171 5565 ἐπάγει
1212 5496 1292 5561 τὸ,
1337 5516 1355 5548 ι
1401 5496 1670 5568 Ἐξέχεεν.
1711 5515 1731 5548 ι
1768 5498 1905 5550 Κατ’

321 5590 497 5661 ἀρχὰς
549 5591 650 5660 μὲν
682 5590 793 5661 γὰρ
838 5590 907 5644 τά
954 5589 1147 5660 πρῶτα
1194 5588 1380 5657 ἔλεγεν
1420 5589 1482 5642 οὐ
1514 5589 1606 5641 τὸν
1653 5586 1891 5656 Χριστὸν

322 5679 752 5750 ἐπαγγείλασθαι
781 5680 937 5735 τοῦτο
962 5678 1048 5735 διὰ
1080 5678 1246 5751 Ιίωὴλ
1278 5678 1371 5732 τοῦ
1403 5679 1709 5751 προφήτου.
1752 5678 1907 5731 Ἐπεὶ

322 5775 386 5829 δὲ
424 5774 531 5831 τῶν
562 5773 706 5831 κατὰ
742 5775 982 5847 Χριστὸν
1028 5772 1277 5845 ἐμνήσθη
1318 5763 1657 5843 παραδόξων,
1690 5770 1908 5843 θαρῤῶν

395 5890 439 5923 ³³
469 5889 617 5945 Infra
656 5906 755 5944 vn.

606 5989 877 6048 ΡΑτιιοι.
914 5983 1030 6045 Gtt.
1078 5984 1363 6047 CXVIII.

1982 594 2000 629 ι
2041 579 2227 632 dicere
2257 577 2323 631 de
2350 573 2661 648 patriarcha
2703 572 2869 629 David
2895 570 3041 644 quod
3068 580 3123 628 et
3149 569 3444 627 defunctus
3464 579 3551 625 est

1985 690 2001 722 ι
2042 678 2096 722 α
2143 670 2392 737 sepultus
2438 675 2545 732 est,
2616 675 2671 720 et
2724 665 3038 736 sepulcrum
3101 663 3220 735 ejus
3260 664 3402 733 apud
3449 676 3552 718 nos

1981 782 2000 816 ι
2047 771 2132 817 est
2192 776 2369 832 usque
2419 761 2472 816 in
2513 761 2843 816 hodiernum
2895 759 3063 816 diem.
3114 757 3387 830 Propheta
3449 756 3553 827 igi-

1980 873 2000 910 ι
2044 862 2135 907 tur
2178 868 2303 907 cum
2359 863 2529 917 esset,
2591 860 2646 906 et
2695 851 2864 906 sciret
2904 849 3050 921 quod
3111 849 3428 921 juramento
3469 848 3553 918 ju-

1982 964 2002 998 ι
2045 955 2224 1002 rasset
2252 946 2356 1001 sibi
2386 944 2531 1000 Deus
2591 952 2652 999 ut
2679 944 2746 1000 de
2781 944 2964 999 fructtt
2996 944 3169 1000 lumbi
3199 943 3372 1015 ipsius
3401 942 3555 998 sedc-

1985 1057 2003 1090 ‹
2044 1045 2132 1094 ret
2180 1053 2346 1108 super
2381 1038 2642 1091 thronum
2685 1052 2846 1092 suum
2881 1053 2896 1091 :
2928 1036 3194 1107 praescius
3220 1036 3367 1107 quod
3396 1032 3558 1089 Chri-

1985 1150 2003 1183 ‹
2044 1139 2163 1188 stus
2190 1130 2492 1187 secundum
2517 1143 2739 1184 carnem
2768 1135 3099 1199 resurgeret,
3132 1128 3350 1181 locutus
3378 1135 3462 1180 est
3488 1125 3558 1179 de

1983 1241 2002 1275 ι
2047 1224 2456 1279 resurrectione
2485 1221 2716 1287 Christi,
2741 1219 2888 1291 qttod
2912 1235 3020 1274 non
3060 1218 3324 1274 derelicta
3348 1217 3420 1272 sit
3436 1215 3558 1270 ani—

1986 1334 2003 1368 ι
2051 1332 2137 1370 tua
2158 1314 2281 1386 ejus
2306 1314 2362 1370 in
2390 1313 2628 1379 inferno,
2664 1328 2845 1383 neque
2873 1326 3005 1367 caro
3031 1312 3153 1381 ejus
3181 1311 3385 1367 viderit
3431 1323 3555 1364 cor-

1984 1425 2002 1458 ε
2060 1407 2395 1477 ruptionem.
2436 1404 2593 1461 Hunc
2643 1405 2831 1461 Iesum
2872 1404 3165 1461 suscitavit
3220 1402 3367 1459 Deus
3397 1398 3558 1472 cujus

1984 1517 2004 1550 ι
2052 1513 2153 1553 llOS
2183 1513 2376 1554 omnes
2402 1506 2572 1554 testes
2605 1513 2819 1554 sumus.
2862 1516 2882 1550 ι

2048 1590 2279 1660 Expleta
2311 1590 2596 1660 prophetia
2634 1588 2756 1643 aliis
2786 1603 3006 1644 rursum
3037 1588 3354 1659 aggreditur
3378 1603 3560 1660 prom-

1981 1680 2159 1734 miism
2189 1679 2302 1735 Viri
2337 1680 2564 1746 fratres,
2582 1700 2598 1732 ι
2624 1682 2823 1752 inquit.
2848 1679 3131 1751 Siquidem
3149 1695 3275 1736 cum
3299 1694 3557 1751 magnum

1980 1769 2189 1840 aliquid
2229 1771 2482 1826 dicturus
2512 1771 2605 1837 sit,
2654 1769 2864 1825 mitiori
2899 1784 3036 1825 usus
3075 1777 3159 1826 est
3213 1768 3558 1840 praefatione,

1901 1837 1950 1898 Β
1982 1837 2181 1946 fratres
2235 1880 2464 1919 vocans.
2511 1863 2985 1931 Quemadmodum
3033 1871 3090 1919 et
3133 1837 3449 1932 Stephanus
3492 1863 3559 1925 ³².

1981 1951 2204 2010 Fratres
2220 1963 2272 2010 et
2302 1953 2519 2020 Patres,
2551 1954 2758 2010 audite.
2781 1952 2989 2009 Deinde
3018 1957 3095 2008 ait
3125 1972 3138 2008 :
3173 1971 3191 2005 ι
3224 1951 3564 2009 Licetlihere

1982 2046 2267 2103 dicere‘de
2293 2047 2608 2118 patriarcha
2664 2045 2855 2103 David.
2902 2065 2920 2098 ι
2958 2045 3095 2101 Cum
3125 2045 3327 2100 nullam
3362 2044 3565 2101 inferat

1983 2139 2268 2211 injuriam,
2306 2139 2478 2193 multa
2508 2148 2689 2193 tamen
2744 2152 2881 2192 usus
2902 2149 2988 2192 est
3014 2138 3302 2194 modestia.
3333 2137 3467 2192 Nam
3516 2138 3562 2193 si

1984 2230 2062 2285 ita
2111 2230 2442 2300 simpliciter
2481 2229 2715 2285 dixisset
2759 2245 2774 2282 :
2809 2227 2934 2283 Haec
2963 2229 3031 2283 de
3081 2227 3252 2283 David
3292 2245 3402 2284 non
3436 2239 3566 2285 ειιιιι

1984 2320 2155 2386 dicta,
2210 2321 2434 2377 odiosus
2468 2320 2658 2391 utique
2706 2335 2891 2376 sermo
2935 2321 3299 2390 apparuisset,
3325 2329 3382 2377 et
3424 2322 3565 2376 iram

1983 2420 2168 2489 potius
2210 2418 2519 2481 incitasset,
2577 2431 2741 2487 quam
2791 2416 3162 2486 obsequentes
3212 2415 3559 2472 reddidisset.

1985 2511 2091 2565 Sed
2129 2511 2302 2565 multo
2335 2511 2545 2565 honore
2570 2524 2707 2564 usus
2738 2506 2870 2577 eiga
2900 2508 3124 2563 beatum
3157 2506 3351 2574 David,
3380 2509 3484 2579 21
3510 2509 3567 2564 id

1984 2600 2153 2655 efficit
2180 2608 2240 2655 ut
2263 2599 2423 2656 facile
2448 2599 2785 2670 suscipiatur
2805 2598 2953 2669 quod
2978 2597 3048 2652 de
3066 2598 3292 2653 Christo
3318 2602 3389 2653 sit
3412 2600 3566 2654 testi-

1985 2702 2280 2756 monium:
2333 2707 2388 2755 et
2436 2700 2510 2754 ita
2564 2698 2747 2754 omnis
2790 2697 2881 2751 hic
2937 2710 3124 2751 sermo
3162 2695 3569 2767 dispensatorie

1985 2794 2294 2850 ordinatur.
2324 2792 2485 2847 Morti
2531 2791 2802 2862 siquidem
2856 2804 2918 2844 ac
2956 2790 3216 2860 sepulcro
3256 2788 3429 2845 David
3457 2805 3568 2846 non

1987 2887 2198 2943 addidit
2235 2888 2381 2958 quod
2413 2902 2520 2941 non
2550 2883 3000 2944 resurrexit.sed
3032 2881 3180 2953 quod
3211 2880 3568 2953 (Sepulcrum

1985 2979 2150 3034 etiam
2177 2976 2298 3048 ejus
2329 2975 2473 3047 apud
2494 2990 2595 3030 nos
2621 2982 2730 3039 est,
2753 2991 2772 3025 ι
2801 2971 2950 3043 quod
2974 2970 3308 3027 tantumdem
3329 2980 3413 3027 est
3439 2986 3501 3027 ac
3521 2972 3569 3028 si

1987 3072 2218 3146 dixisset
2249 3086 2262 3123 :
2297 3068 2419 3125 Non
2473 3068 2801 3124 resurrexit.
2851 3065 2919 3119 Et
2963 3080 3142 3135 neque
3198 3065 3275 3120 ita
3304 3066 3453 3121 venit
3498 3065 3570 3121 ad

1992 3256 2157 3328 pheta
2211 3256 2377 3325 igitur
2424 3268 2550 3308 cum
2585 3261 2754 3316 esset,
2788 3270 2805 3303 ι
2850 3258 2911 3305 ιιι
2956 3265 3056 3320 per
3108 3249 3372 3305 honorem
3405 3265 3569 3321 quem

1992 3353 2097 3424 ipsi
2128 3353 2361 3423 ejusque
2390 3350 2576 3422 generi
2617 3349 2860 3411 exhibet,
2901 3345 3214 3416 suscipiant
3269 3347 3336 3403 de
3362 3346 3571 3403 Christi

1992 3444 2400 3499 resurrectione
2453 3452 2788 3495 sermonem.
2826 3437 3016 3509 Neque
3058 3436 3198 3492 dixit
3253 3452 3269 3490 :
3306 3436 3573 3495 Promisit

1992 3535 2096 3605 ipsi
2160 3532 2326 3599 Deus,
2383 3531 2477 3588 sed
2513 3529 2663 3603 quod
2723 3530 2902 3600 majus
2946 3536 3064 3585 erat
3141 3536 3196 3584 et
3259 3529 3570 3607 incommu-

1993 3628 2181 3691 tabile,
2204 3625 2441 3682 Iuravit.
2469 3625 2692 3680 Additio
2718 3639 2849 3679 vero
2880 3622 2997 3688 illa,
3050 3640 3069 3674 ς
3107 3621 3421 3679 Secundum
3447 3639 3575 3678 car-

1994 3732 2142 3785 nem,
2178 3737 2196 3771 ι
2254 3717 2607 3789 przedicantis
2652 3726 2738 3772 est
2796 3714 2944 3786 quod
2997 3713 3249 3769 Christus
3295 3716 3458 3771 etiam
3502 3716 3576 3771 sit

1994 3815 2159 3881 Dens,
2217 3831 2546 3886 semperque
2600 3830 2724 3871 cum
2776 3815 2961 3869 Patro.
3018 3811 3218 3868 Omnia
3265 3824 3447 3870 autem
3504 3813 3603 3868 adv

1995 3907 2213 3963 Patrem
2251 3908 2441 3970 refert,
2479 3915 2536 3961 ut
2572 3906 2794 3961 interim
2823 3905 3173 3976 excipiantur
3217 3921 3339 3976 quae
3369 3906 3570 3961 dicun-

1993 4005 2104 4052 tur.
2154 3997 2262 4052 Sed
2319 3996 2600 4067 quomodo
2655 3996 2798 4051 sedit
2838 4011 3006 4065 super
3053 3995 3316 4052 thronum
3371 3996 3575 4052 David?

1995 4090 2133 4159 Quia
2163 4097 2354 4161 regnat
2376 4090 2657 4152 nantibus,
2681 4089 2998 4160 Iuda-isque
3038 4105 3102 4145 ac
3146 4084 3405 4163 gentibus
3433 4091 3575 4147 irre-

1996 4184 2137 4247 titis,
2164 4183 2282 4238 sive
2303 4182 2717 4252 praedicationis
2742 4183 2933 4253 sagina
2963 4184 3029 4237 ad
3051 4182 3171 4251 ejus
3199 4183 3357 4237 tidem
3382 4193 3435 4238 et
3458 4184 3576 4239 cul~

1994 4286 2113 4332 tum
2142 4276 2415 4331 attractis.
2446 4275 2504 4330 Id
2535 4275 2699 4330 etiam
2732 4275 2877 4344 quod
2911 4277 3008 4341 ait,
3041 4294 3059 4325 ε
3091 4274 3275 4345 Neque
3300 4290 3429 4329 caro
3455 4276 3577 4345 ejus

1996 4372 2136 4426 vidit
2174 4371 2616 4441 corruptionem,
2684 4388 2703 4421 ι
2762 4383 2872 4424 non
2928 4367 3111 4423 minus
3154 4369 3577 4425 resurrectionis

1997 4482 2137 4538 opus
2165 4465 2502 4520 manifestat.
3016 4497 3022 4504 -

3025 4553 3118 4611 Dei
3162 4555 3470 4622 exaltatus,
3525 4565 3581 4609 et

2004 4672 2022 4704 ι
2062 4649 2432 4722 promissione
2463 4646 2707 4718 Spiritus
2749 4648 2932 4703 sancti
2965 4655 3189 4717 accepta
3220 4661 3251 4700 a
3283 4644 3468 4711 Patre,
3498 4645 3582 4702 ef-

2006 4763 2024 4795 ι
2067 4743 2208 4796 fudit
2238 4740 2342 4795 hoc
2369 4741 2517 4811 quod
2551 4756 2695 4793 nunc
2731 4754 2833 4794 vos
2867 4737 3064 4793 videtis
3094 4748 3150 4793 et
3195 4737 3422 4793 auditis.
3461 4737 3576 4793 Nan

2006 4854 2025 4887 ι
2063 4835 2209 4889 enim
2242 4831 2414 4887 David
2444 4829 2695 4886 ascendit
2723 4829 2791 4885 ad
2823 4831 3015 4884 cauos.
3053 4850 3072 4882 ι

2072 4928 2316 4983 Rursum
2358 4926 2427 4982 ad
2468 4925 2684 4979 Patrem
2718 4922 2886 4977 refert
2912 4921 3061 4991 quod
3098 4920 3305 4976 factum
3336 4929 3421 4977 est
3457 4941 3471 4977 :
3505 4921 3581 4977 ita

2002 5022 2147 5080 enim
2203 5019 2355 5074 novit
2415 5015 2697 5070 auditores
2750 5013 3044 5066 attrahere.
3109 5012 3304 5067 Dicens
3357 5024 3579 5076 autem,

2005 5116 2308 5177 Exaltatus,
2339 5111 2506 5167 etiam
2535 5109 2602 5164 de
2631 5106 3010 5176 assumptione
3039 5105 3241 5169 innuit,
3267 5114 3321 5160 et
3349 5104 3495 5173 quod
3528 5104 3581 5158 in

2007 5207 2164 5264 cmlis
2191 5207 2285 5261 sit.
2316 5202 2426 5259 Nec
2462 5210 2644 5256 tamen
2682 5199 2973 5254 manifeste
2998 5190 3174 5253 dixit:
3212 5197 3268 5252 In
3296 5198 3453 5255 caelis
3477 5207 3581 5255 est.

2007 5301 2281 5370 Quoniam
2315 5312 2445 5368 ergo
2480 5310 2627 5350 nunc
2664 5290 2884 5364 paulum
2917 5292 3247 5362 progressus
3279 5297 3382 5357 est,
3414 5299 3468 5345 et
3506 5293 3585 5347 si-

2009 5409 2243 5466 gnorum
2267 5391 2387 5461 ejus
2412 5388 2663 5443 meminit
2686 5400 2750 5439 ac
2778 5372 3221 5447 resurrectionis,
3243 5397 3587 5451 consequen-

2010 5496 2093 5541 ter
2121 5484 2283 5541 etiatn
2313 5480 2484 5544 addit,
2512 5497 2532 5531 ι
2559 5473 2784 5531 Effudit.
2815 5498 2833 5528 ι
2870 5473 3154 5543 Siquidem
3183 5473 3332 5528 circa
3365 5474 3583 5528 initium

2009 5579 2228 5635 Patrem
2246 5573 2484 5638 dicebat,
2528 5586 2636 5625 non
2677 5567 2955 5624 Christum
2994 5566 3096 5622 hoc
3128 5566 3450 5637 promisisse
3490 5580 3588 5635 per

2011 5670 2130 5728 Joel
2181 5667 2525 5740 pr0phctam.
2568 5661 2865 5731 Postquam
2909 5667 3092 5713 autem
3138 5656 3586 5712 admirandorum

2012 5753 2262 5822 meminit
2294 5774 2416 5831 qua:
2454 5752 2603 5814 circa
2641 5753 2924 5810 Christum
2963 5750 3109 5806 facta
3141 5756 3291 5817 sunt,
3322 5748 3588 5806 audenter

3109 5962 3148 6022 3
