4058 6572
1806 16 1922 97 ,Ἰ

1911 92 1915 113 l

1903 126 1911 189 ί
2016 120 2119 191 /

1896 208 2111 253 μιν..

516 332 587 393 τι
1567 294 1631 392 ἐζ
1656 330 1962 395 .duENu
2001 332 2091 390 Tn

2197 332 2291 391 πίε
2318 332 2659 391 ΕΡΙΞΟιῙιΡί
3690 334 3762 397 ’16

510 436 624 513 jam
663 439 794 498 dicit
839 441 1012 512 ipsum
1048 438 1322 497 effudisse.
1360 440 1542 512 Itaque
1574 456 1682 497 non
1712 442 1780 497 de
1811 441 1968 497 Patre
1995 440 2077 496 di-

2197 442 2291 512 ήδη
2325 443 2486 495 αὐτόν
2516 460 2680 514 φησιν
2720 444 2930 513 ἐκχέαι.
2960 444 3118 497 ’Ὥστε
3152 443 3211 496 ού
3248 443 3375 513 περὶ
3407 443 3498 498 τοῦ
3524 444 3758 518 Πατρδς.

515 536 672 592 cebat
698 532 848 589 Joel:
873 550 892 585 ι
918 531 1225 599 Elfundam,
1254 552 1273 585 ι
1304 531 1396 588 sed
1425 533 1494 587 de
1522 533 1760 589 Christo.
1792 549 1813 584 ι
1843 531 2087 589 Promis.

514 627 693 693 sione,
718 626 912 697 inquit,
939 634 1156 696 accepta
1187 643 1204 677 ι
1237 641 1266 679 a
1295 624 1452 680 Patre
1489 641 1502 678 :
1533 626 1613 681 vel
1645 640 1752 696 qua
1786 626 1902 696 ipse
1928 625 2089 681 nobis

515 717 800 787 discipulis
827 715 1100 787 promisit,
1133 716 1326 772 dicens
1356 733 1370 770 :
1400 735 1418 769 ι
1444 716 1512 771 Et
1540 716 1708 771 alium
1743 716 2088 772 Paracletum

517 808 728 862 mittam
768 808 1027 874 vobis”;
1065 826 1085 860 ι
1129 808 1213 863 vel
1259 824 1366 878 qua
1410 808 1573 865 Pater
1608 819 1736 883 ante
1777 810 2089 879 passionem

518 902 620 971 ipsi
657 884 908 972 promi/sit
939 917 1063 956 cum
1105 902 1180 957 ait
1214 918 1229 957 :
1265 921 1283 954 ι
1318 900 1384 956 Et
1427 901 1725 971 gloriﬁcavi
1772 913 1827 957 et
1868 917 2090 957 rursum

512 993 919 1063 gloriﬁcabo".
952 1014 972 1047 ι
1002 994 1430 1050 Promissionem
1463 1010 1593 1050 vero
1635 995 1779 1048 Patri
1818 994 2090 1055 attribuit,

516 1099 823 1141 sermonem
859 1094 1253 1155 attemperaus,
1293 1096 1354 1141 ut
1386 1086 1602 1142 facilius
1636 1086 1705 1142 ab
1744 1086 2090 1141 auditoribus

519 1176 873 1246 suscipiatur.
901 1176 1254 1248 Quaecunque
1277 1180 1423 1232 enim
1445 1178 1641 1233 dixerit
1665 1166 1958 1249 quispiam,
1985 1178 2091 1233 nisi

519 1270 587 1323 ad
617 1270 668 1325 id
696 1271 839 1343 quod
872 1272 1006 1325 utile
1028 1280 1111 1327 est
1138 1273 1418 1339 direxerit,
1442 1270 1649 1329 frustra
1675 1282 1727 1328 et
1749 1287 1888 1327 vane
1932 1272 2089 1328 dicit.

519 1362 770 1418 Ostendit
799 1378 929 1436 ergo
953 1362 1099 1433 quod
1130 1364 1311 1436 ipsum
1341 1380 1477 1419 crux
1518 1380 1625 1419 non
1669 1364 1832 1419 modo
1864 1379 1972 1418 non
2005 1363 2092 1418 di-

519 1454 741 1518 minuit.
768 1471 957 1511 verum
994 1458 1159 1511 etiam
1183 1456 1470 1513 clariorem
1509 1458 1767 1513 reddidit.
1810 1457 1917 1527 22
1957 1455 2090 1510 Nam

519 1548 666 1619 quod
711 1563 808 1618 per
849 1547 1115 1604 Joannem
1154 1547 1458 1619 Baptistam
1503 1550 1665 1604 etiam
1707 1560 1829 1605 ante
1871 1564 2091 1603 crucem

522 1642 772 1710 promisit
823 1641 1006 1709 Pater,
1073 1656 1269 1712 nempe
1315 1661 1330 1697 :

521 1733 729 1804 Spiritu
763 1743 953 1792 sar-to
979 1745 1033 1792 et
1061 1735 1253 1806 igni",
1288 1752 1305 1786 ι
1338 1734 1440 1790 hoc
1470 1743 1594 1806 post
1623 1749 1843 1791 crucem
1870 1734 2038 1790 dedit.

2194 533 2380 601 ἔλεγεν
2415 533 2568 606 Ίωὴλ
2596 536 2676 600 τὸ,
2709 555 2726 587 ι
2767 535 2992 605 Ἑκχεῶ,
3028 556 3045 587 ι
3087 534 3221 589 ἀλλὰ
3239 535 3364 607 περὶ
3383 534 3475 588 τοῦ
3499 536 3758 609 Χριστοῦ.

2198 643 2216 677 ι
2249 626 2358 697 Τὴν
2390 627 2722 696 ἐπαγγελίαν
2749 626 2804 679 δέ
2833 626 3035 688 λαϐὼν,
3074 645 3092 679 ι
3128 627 3280 697 φησὶ,
3323 628 3475 697 παρὰ
3516 627 3609 682 τοῦ
3645 630 3762 683 Πα-

2192 720 2340 789 τρὸς,
2380 721 2412 790 ἦ
2446 720 2515 792 ἢν
2550 719 2710 782 αὐτὸς
2745 721 2876 789 ἡμῖν
2918 721 3031 782 τοῖς
3079 718 3349 791 μαθηταῖς
3380 720 3761 790 ἐπηγγείλατο,

2190 813 2274 875 τὸ,
2306 832 2323 863 ι
2361 814 2470 867 Καὶ
2502 811 2661 867 ἄλλον
2713 810 3073 882 Παράκλητον
3122 811 3323 882 πέμψω
3375 812 3525 880 ὑμῖν,
3575 832 3593 864 ι
3630 812 3663 885 ἢ
3694 811 3764 885 ἢν

2194 902 2381 974 Πατὴρ
2414 903 2518 974 πρὸ
2541 901 2634 956 τοῦ
2665 904 2870 966 πάθους
2911 902 3057 972 αύτῷ
3089 903 3478 973 ἐπηγγείλατο,
3529 902 3614 956 διὰ
3647 902 3762 966 τοῦ,

2199 1012 2217 1045 ι
2259 995 2367 1048 Καὶ
2406 994 2632 1059 eaeam
2678 996 2773 1048 καὶ
2817 995 2980 1049 πάλιν
3004 994 3234 1060 δοξάσω.
3295 1012 3313 1046 ι
3373 994 3465 1066 Τῷ
3488 996 3665 1065 Πατρὶ
3705 994 3766 1050 ὁὶ

2194 1085 2481 1156 ἀνατίθησι
2520 1085 2617 1158 τὴν
2675 1085 3036 1154 ἐπαγγελίαν,
3092 1085 3403 1149 συσκιάζων
3457 1085 3547 1138 τὸν
3607 1086 3767 1155 λόγον

2195 1178 2330 1248 πρὸς
2363 1179 2423 1231 τὸ
2453 1178 2858 1250 εύπαρὰδεκτον
2899 1178 3006 1232 τῶν
3033 1177 3340 1249 ἀκροατῶν.
3375 1178 3516 1232 Ὅσα
3550 1180 3657 1249 γὰρ
3699 1179 3769 1233 ἂν

2195 1272 2324 1342 εἴπῃ
2355 1287 2457 1335 τις,
2490 1272 2540 1323 εἰ
2568 1271 2643 1343 μὴ
2678 1273 2817 1343 πρὸς
2863 1272 2922 1324 τὸ
2963 1274 3242 1342 συμφέρον
3268 1272 3604 1342 τελευτήσει,
3641 1272 3767 1341 είκῆ

2194 1366 2287 1418 καὶ
2317 1363 2495 1434 μάτην
2545 1363 2712 1431 λέγει.
2764 1365 3048 1418 Δείκνυσιν
3101 1364 3194 1418 οὖν
3239 1365 3321 1419 ὅτι
3355 1365 3383 1417 ὁ
3436 1364 3666 1435 σταυρὸς
3704 1366 3769 1419 ού

2197 1455 2356 1527 μόνον
2386 1456 2547 1510 αὑτὸν
2583 1457 2683 1510 οὐκ
2713 1455 3046 1527 ἠλάττωσεν,
3077 1455 3213 1511 ἀλλὰ
3254 1456 3349 1510 καὶ
3385 1456 3770 1527 λαμπρότερον

2194 1549 2510 1620 εἰργάσατο.
2548 1550 2613 1603 Ὃ
2646 1549 2754 1619 γὰρ
2785 1551 2881 1603 καὶ
2910 1549 2998 1604 διὰ
3030 1548 3124 1603 τοῦ
3167 1548 3418 1605 Ἰωάννου
3444 1548 3537 1601 τοῦ
3562 1549 3770 1602 Barm-

1386 1661 1406 1695 ι
1463 1641 1582 1713 Ipse
1644 1658 1741 1698 vos
1801 1640 2091 1712 baptizabit

2197 1638 2323 1692 σ’τοῦ
2365 1641 2471 1710 πρὸ
2515 1638 2609 1693 τοῦ
2651 1641 2884 1713 σταυροῦ
2937 1641 3303 1711 ἐπηγγείλατο
3355 1640 3384 1692 ὁ
3432 1642 3642 1711 Πατὴρ,
3685 1640 3770 1707 τὸ,

2202 1748 2222 1782 ι
2255 1731 2424 1795 Δύτδς
2444 1732 2588 1801 ὑμᾶς
2617 1731 2871 1803 βαπτίσει
2895 1735 2951 1786 ἐν
2970 1733 3246 1803 Πνεύματι
3265 1733 3404 1802 ἁγίῳ
3439 1733 3532 1787 καὶΙ
3558 1735 3712 1805 πυρὶ,
3744 1753 3764 1786 ι

2195 1820 2356 1875 τοῦτο
2390 1821 2529 1892 μετὰ
2552 1822 2643 1875 τὸν
2674 1824 2906 1892 σταυρὸν
2938 1822 3157 1877 ἔδωκεν.

591 1915 655 1982 Il,
687 1914 876 1972 34-36.
922 1935 941 1969 ι
974 1873 1078 1973 έοιι
1111 1916 1245 1973 dicit
1277 1917 1394 1989 ipse
1436 1932 1452 1972 :
1496 1915 1644 1972 Dixit
1688 1916 1950 1972 Dominus
1989 1914 2091 1971 Do-

2321 1873 2483 1983 dé‘yst
2509 1873 3278 1986 ὀξύ-Κύριος
3308 1915 3385 1987 τῷ
3418 1917 3607 1988 Κυρίῳ
3637 1933 3767 1988 μου,

526 2027 544 2061 ι
584 2014 734 2067 mino
783 2025 925 2076 meo,
973 2010 1103 2066 sede
1134 2025 1164 2065 a
1195 2011 1407 2066 dextris
1444 2010 1602 2077 meis,
1638 2010 1814 2064 donec
1849 2022 2092 2080 posuero

525 2118 543 2152 ι
584 2100 835 2157 inimicos
888 2111 1013 2155 tuos
1055 2099 1357 2156 scabellum
1401 2100 1600 2171 pedum
1644 2107 1885 2155 tuorum.
1929 2096 2093 2154 Certo

524 2213 543 2245 ι
585 2194 725 2250 sciat
749 2208 882 2264 ergo
910 2195 1171 2250 universa
1197 2193 1396 2249 domus
1429 2193 1594 2249 Israel
1623 2193 1768 2264 quod
1802 2191 2090 2249 Dominum

522 2306 542 2339 ι
584 2301 649 2341 ac
671 2285 951 2342 Christum
974 2285 1107 2342 fecit
1132 2283 1275 2342 Deus
1297 2284 1441 2340 hunc
1464 2282 1650 2342 .Icsum
1675 2298 1838 2356 quem
1858 2296 1953 2338 vos
1974 2296 2093 2337 cru-

523 2394 542 2427 ι
586 2376 859 2431 cinxistis.
892 2394 914 2428 ι

590 2465 709 2521 Jam
739 2481 844 2523 non
874 2482 999 2523 cum
1033 2465 1407 2523 sulimissione
1441 2466 1708 2537 loquitur.
1744 2465 1877 2521 Nam
1907 2481 1971 2522 ex
2005 2466 2092 2522 his

517 2574 638 2627 qua:
677 2559 824 2615 dicta
863 2568 995 2615 sunt
1028 2560 1269 2631 sumpsit
1309 2560 1623 2616 audaciam.
1670 2558 1777 2615 Sed
1811 2559 1941 2631 quid
1976 2558 2092 2614 ait?

519 2650 676 2719 Quod
700 2651 865 2708 David
885 2652 1052 2709 dicit:
1084 2671 1104 2706 ι
1139 2652 1573 2709 DixitDominus
1607 2651 1838 2709 Domino
1870 2667 2031 2708 meo:
2068 2671 2086 2703 ι

517 2753 574 2800 et
603 2744 724 2813 ipso
753 2743 922 2799 David
950 2746 1396 2802 excellentiorem
1430 2745 1611 2816 ipsum
1641 2745 1901 2803 ostendit.
1933 2743 2092 2811 Quod

519 2837 566 2890 si
602 2826 769 2892 David
804 2844 962 2892 vocat
995 2838 1176 2906 ipsum
1216 2836 1532 2904 Dominum,
1576 2837 1750 2893 multo
1780 2837 1954 2906 magis
1985 2836 2089 2908 ipsi

520 2943 632 2985 non
664 2936 949 3000 respuant.
1001 2928 1278 2986 Timorem
1306 2945 1529 3001 quoque
1569 2929 1678 2985 illis
1715 2927 1964 2985 immittit
1994 2928 2094 2985 ad-

519 3020 686 3076 dens:
717 3039 735 3074 ι
764 3020 948 3077 Donec
985 3035 1222 3092 posuero
1257 3021 1515 3077 inimicos
1554 3032 1700 3077 tuos.
1733 3039 1752 3073 ι
1790 3020 1855 3076 Ει
1885 3035 1953 3076 ne
1985 3020 2091 3076 sibi

520 3110 655 3165 fides
699 3126 809 3166 non
853 3111 1143 3178 habeatur,
1192 3110 1591 3181 subjectionem
1630 3109 1781 3166 Patri
1817 3110 2088 3165 attribuit.

507 3198 627 3255 Sed
657 3194 944 3270 magniﬁca
977 3200 1092 3256 haec
1130 3215 1322 3257 rursus
1349 3201 1416 3256 ad
1449 3201 1502 3257 id
1536 3201 1683 3274 quod
1716 3201 1978 3293 humilius
2006 3211 2089 3293 est
2116 3232 2160 3293 α

520 3292 755 3359 reducit,
780 3292 971 3348 dicens
996 3308 1012 3346 :
1044 3311 1063 3346 ι
1090 3293 1253 3349 Certo
1279 3307 1409 3362 ergo
1438 3296 1579 3348 sciat
1606 3294 1895 3349 universus
1922 3291 2089 3348 Israel

437 3449 441 3452 _
517 3381 665 3451 quod
696 3391 750 3437 et
797 3381 1084 3439 Dominum
1113 3392 1167 3439 et
1199 3382 1478 3441 Christum
1519 3384 1648 3439 fecit
1686 3382 1831 3438 Deus
1869 3382 2034 3438 hunc.
2063 3402 2082 3434 ι

519 3473 693 3540 Fecit,
716 3475 820 3530 hoc
846 3484 930 3531 est
955 3475 1229 3531 ordinavit
1255 3490 1318 3531 ac
1341 3475 1648 3541 constituit,
1679 3477 1773 3530 sed
1805 3490 1914 3530 non
1944 3476 2089 3546 quod

520 3568 695 3636 ipsam
732 3566 922 3623 fecerit
965 3568 1357 3625 substantiam.
1402 3567 1702 3624 Sublimius
1736 3577 1917 3623 autem
1951 3583 2091 3639 quo-

520 3660 812 3715 dummodo
839 3660 1068 3717 dixisset
1098 3661 1167 3716 de
1197 3660 1417 3716 Christo
1447 3668 1503 3715 et
1537 3659 1710 3732 magis
1744 3674 2092 3730 consequens

521 3748 586 3803 ad
615 3764 678 3804 ea
708 3764 829 3820 qua:
856 3759 1253 3820 praecesserant
1286 3769 1300 3805 :
1336 3749 1501 3806 Certo
1529 3766 1661 3822 ergo
1687 3750 1828 3806 sciat
1865 3753 2090 3807 univer-

520 3856 618 3895 sus
642 3838 814 3895 Israel
839 3840 985 3911 quod
1020 3856 1050 3895 a
1079 3842 1289 3897 dextris
1318 3840 1500 3897 Patris
1530 3842 1707 3898 sedet.

590 3930 654 3999 II,
683 3933 773 4000 37,
810 3932 899 3989 38.
945 3951 965 3989 ι
1000 3932 1099 3992 His
1141 3944 1322 3990 autem
1364 3933 1586 4000 auditis,
1619 3933 1935 4004 compuncti
1962 3940 2092 3988 sunt

523 4041 541 4075 ι
575 4023 765 4089 corde,
789 4023 1154 4095 dixeruntque
1179 4023 1246 4078 ad
1272 4022 1489 4080 Petrum
1511 4038 1580 4079 ac
1602 4024 1847 4095 reliquos
1870 4033 2092 4095 aposto-

523 4132 542 4165 ι
576 4114 656 4169 los
699 4128 716 4167 :
761 4112 900 4180 Quid
939 4113 1225 4181 faciemus,
1248 4113 1351 4169 viri
1396 4112 1641 4170 fratres?
1680 4113 1872 4171 Petrus
1907 4126 2088 4170 autem

523 4224 542 4258 ι
575 4205 713 4261 dixit
740 4207 806 4262 ad
837 4221 949 4263 eos.
980 4226 1000 4259 ι

588 4298 666 4354 Ex
690 4315 755 4355 eo
778 4299 925 4370 quod
948 4314 1072 4355 cum
1096 4297 1434 4369 benignitate
1461 4297 1786 4354 concionem
1816 4303 2090 4351 tractave-

516 4392 610 4456 rit,
652 4390 720 4445 ad
751 4391 1230 4461 compunctionem
1262 4402 1360 4444 eos
1395 4387 1645 4445 deduxit.
1693 4386 2087 4457 Κατενύγησαν

518 4500 671 4549 vero,
705 4484 808 4538 hoc
838 4492 942 4549 est,
975 4482 1223 4554 percussi
1254 4490 1383 4539 sunt
1415 4497 1431 4536 :
1462 4488 1758 4537 senserunt
1788 4480 1934 4535 enim
1966 4479 2088 4532 ani-

2199 2024 2220 2059 ι
2254 2006 2436 2061 Κάθου
2475 2006 2538 2060 ὲκ
2566 2005 2753 2071 δεξιῶν
2782 2005 3030 2082 μου,ἓως
3056 2005 3121 2061 ἂν
3155 2006 3231 2060 θῶ
3266 2006 3389 2071 τοὺς
3415 2007 3643 2079 ἐχθρούς
3672 2025 3768 2061 σου

2199 2116 2217 2150 ι
2252 2098 2542 2152 ὑποπόδιον
2590 2097 2700 2151 τῶν
2747 2097 2924 2151 ποδῶν
2970 2114 3087 2151 σου.
3133 2098 3419 2168 ’Δσφαλῶς
3468 2095 3560 2153 οὖν
3606 2118 3770 2171 γινω-

2199 2208 2219 2243 t
2253 2191 2430 2244 σκέτω
2461 2190 2567 2251 πᾶς
2590 2184 2738 2254 οἶκος
2786 2188 3027 2261 Ἰσραὴλ,
3059 2189 3141 2243 ὅτι
3170 2189 3375 2261 Κύριον
3406 2191 3500 2244 καὶ
3532 2191 3766 2261 Χριστὸν

2199 2303 2218 2337 ι
2251 2284 2415 2338 αὐτὸν
2439 2286 2466 2338 ὁ
2505 2283 2636 2347 Θεὸς
2662 2282 2887 2354 ἐποίησε
2915 2282 3105 2337 τοῦτον
3137 2284 3229 2338 τὸν
3276 2284 3484 2355 Ἰησοῦν
3521 2283 3577 2337 ὃν
3608 2283 3771 2353 ὑμεῖς

2198 2392 2217 2427 ι
2250 2373 2656 2445 ἐσταυρώσατε.
2696 2393 2715 2426 ι

2264 2467 2377 2521 Οὐκ
2401 2466 2479 2519 ἔτι
2507 2465 2629 2537 μεθ’
2657 2466 2959 2537 ὑποστολῆς
2986 2466 3156 2536 λέγει.
3190 2467 3345 2539 Ἔχει
3372 2467 3480 2538 γὰρ
3515 2467 3623 2521 ἀπὸ
3652 2467 3767 2522 τῶν

2194 2558 2499 2629 εἰρημένων
2527 2558 2747 2628 θάρσος.
2795 2558 2955 2613 Ἀ).λὰ
2984 2561 3036 2612 τί
3067 2576 3261 2630 φησιν;
3289 2560 3371 2613 ὅτι
3404 2558 3566 2614 Δαυῖδ
3592 2560 3767 2630 λέγει·

2199 2668 2218 2701 ι
2260 2645 2428 2703 Εἶπεν
2484 2651 2512 2705 ὀ
2563 2650 2769 2721 Κύριος
2795 2650 2873 2722 τῷ
2920 2650 3111 2723 Κυρίῳ
3141 2669 3263 2721 μου,
3300 2670 3318 2703 ι
3349 2653 3442 2705 καὶ
3478 2651 3572 2706 τοῦ
3603 2651 3772 2706 Δαυτδ

2193 2742 2526 2814 ὑψηλότερον
2569 2744 2729 2798 αὑτὸν
2779 2745 3092 2813 ἀποφαίνει.
3142 2744 3204 2798 Ei
3253 2744 3309 2798 δὲ
3347 2742 3515 2800 Δαυϊδ
3562 2745 3772 2818 Κύριον

2194 2835 2357 2890 αὑτὸν
2396 2835 2570 2899 καλεῖ,
2614 2837 2794 2906 πολλῷ
2827 2837 3027 2907 μᾶλλον
3062 2836 3216 2890 αὐτοί¹
3247 2838 3347 2890 ούκ
3373 2836 3769 2902 ἀπαξιώσουσι.

2195 2926 2305 2981 Καὶ
2342 2926 2507 2996 φόϐον
2537 2925 2595 2979 δὲ
2631 2927 2921 2998 ἐφίστησιν
2963 2927 3146 2989 αὐτοῖς
3192 2926 3280 2980 διὰ
3314 2926 3407 2980 τοῦ
3435 2971 3448 2993 ,
3480 2946 3499 2979 ι
3538 2927 3680 2991 Ἕως
3700 2926 3793 2998 ἂν,

2194 3016 2273 3070 θῶ
2297 3019 2423 3082 τοὺς
2458 3017 2685 3088 ἐχθρούς
2717 3035 2830 3072 σου.
2870 3008 3034 3071 ιδΚαὶ
3064 3019 3151 3072 ἵνα
3199 3019 3274 3089 μὴ
3325 3018 3641 3089 ἅπιστῆται,
3690 3019 3772 3088 τῷ

2194 3108 2371 3180 Πατρὶ
2405 3107 2502 3179 τὴν
2543 3109 2802 3174 ὑπόταξιν
2848 3110 3185 3182 ἀνατίθησιν.
3237 3111 3396 3165 Ἀλλὰ
3439 3112 3505 3164 τὰ
3555 3092 3772 3181 μεγάλα.

2193 3201 2365 3254 ταῦτα
2396 3201 2554 3255 πάλιν
2572 3203 2665 3254 ἐπὶ
2684 3204 2745 3254 τὸ
2766 3203 3145 3272 ταπεινότερον
3174 3203 3423 3270 κατάγει,
3460 3223 3478 3255 ι
3501 3203 3773 3273 Ἀκριὸῶς

2196 3290 2310 3357 οὖν,
2350 3292 2539 3360 εἰπὼν,
2581 3297 2893 3362 γινωσκέτω
2948 3296 3059 3358 πᾶς
3116 3296 3350 3365 Ἰσραὴλ,
3382 3296 3462 3350 ὃτι
3518 3295 3610 3349 καὶ
3642 3295 3768 3350 Κύ-

2197 3401 2311 3457 ριον
2336 3385 2425 3437 καὶ
2442 3383 2677 3454 Χριστὸν
2695 3385 2722 3436 ὁ
2744 3384 2875 3445 Θεὸς
2902 3384 3065 3437 αὑτὸν
3084 3385 3331 3454 ἐποίησε.
3369 3402 3390 3438 ι
3421 3385 3515 3451 Τὸ,
3551 3384 3773 3454 Ἐποίηο

2196 3492 2308 3540 σεν,
2341 3476 2462 3530 ἀντὶ
2506 3475 2597 3529 τοῦ
2633 3475 2894 3540 κατέταξε
2939 3476 3034 3529 καὶ
3058 3477 3382 3547 κατέστησε,
3415 3478 3613 3547 φήσας,
3644 3476 3766 3530 ἀλλ’

2193 3566 2314 3637 οὐχὶ
2334 3564 2451 3631 τοῦ,
2478 3566 2760 3620 ούσίωσεν.
2806 3564 3166 3639 Ὑψηλότερον
3185 3566 3239 3619 δέ
3264 3584 3381 3629 πως
3406 3566 3471 3620 ἂν
3495 3563 3614 3620 εἷπε
3636 3567 3773 3637 περὶ

2194 3659 2453 3730 Χριστοῦ,
2486 3659 2709 3723 καὶτοῖς
2736 3660 3118 3731 προκειμένοις
3149 3659 3441 3714 ἀκόλουθον
3462 3675 3475 3691 °
3495 3659 3771 3731 Ἀκριϐῶς

2192 3747 2285 3807 οὖν
2310 3751 2626 3820 γινωσκέτω
2672 3753 2780 3816 πᾶς
2820 3752 3060 3824 Ἰσραὴλ,
3101 3753 3183 3806 ὅτι
3227 3753 3290 3807 ἐκ
3315 3751 3504 3818 δεξιῶν
3531 3753 3626 3806 τοῦ
3657 3752 3775 3806 [Ια-

2192 3844 2321 3915 τρδς
2358 3843 2613 3913 κάθηται.

2268 3955 2287 3990 ι
2342 3936 2697 3999 Ἀκούσαντες
2728 3937 2805 4003 δὲ,
2837 3936 3219 4009 κατενύγησαν
3258 3939 3323 4011 τῇ
3367 3937 3582 4011 καρδίᾳ,
3614 3933 3772 3992 εἶπόν

2199 4047 2216 4080 ι
2252 4046 2311 4082 τε
2339 4028 2474 4099 πρὸς
2494 4028 2585 4082 τὸν
2619 4029 2826 4100 Πέτρον
2868 4029 2963 4081 καὶ⁵
2992 4030 3116 4092 τοὺς
3145 4031 3368 4094 λοιποὺς
3394 4030 3728 4095 ἀποστόλους
3748 4047 3767 4063 ο

2200 4141 2217 4174 ι
2255 4122 2320 4175 Τί
2346 4122 2870 4194 ποιήσομεν,ἄνδρες
2893 4120 3109 4192 ἀδελφοί
3132 4140 3145 4187 ;
3176 4122 3378 4194 Πέτρος
3404 4123 3460 4177 δέ
3486 4122 3589 4195 ἔφη
3629 4108 3770 4193 προς

2197 4232 2216 4267 ι
2254 4213 2470 4277 αύτούς.
2500 4232 2521 4265 ι

2263 4307 2337 4359 Τὸ
2369 4308 2485 4377 μετ’
2516 4304 2817 4370 ἐπιεικείας
2847 4307 3334 4377 μεταχειρίσασθαι
3380 4306 3478 4378 τὴν
3521 4304 3769 4377 δημηγο-

2198 4400 2339 4472 ρίαν,
2365 4403 2443 4465 είς
2466 4400 2759 4466 κατὰνυξιν
2787 4402 2983 4466 αὐτοὺς
3009 4402 3205 4473 ἤγαγε.
3233 4402 3306 4454 Τὸ
3329 4400 3407 4465 δέ,
3441 4402 3764 4469 κατενύγη·

2193 4509 2335 4556 σαν,
2358 4491 2476 4545 ἀντὶ
2499 4491 2616 4558 τοῦ,
2640 4492 2976 4563 ἐπλήγησαν,
2998 4491 3199 4546 ἔπαθον
3222 4490 3318 4561 τὴν
3338 4490 3534 4561 ψυχὴν,
3556 4488 3766 4543 ἑαυτῶν

517 4589 659 4628 mam
700 4588 821 4645 quae
863 4575 1013 4645 Ipsos
1057 4573 1458 4630 condemnabat
1493 4589 1507 4626 :
1546 4570 1668 4627 ideo
1706 4570 2087 4625 remissionem

2197 4582 2565 4652 κατέγνωσαν.
2615 4584 2706 4635 Διδ
2737 4582 2831 4636 καὶ
2873 4579 3095 4653 ζητοῦσι
3116 4581 3208 4635 τοῦ
3249 4581 3419 4635 κακοῦ
3466 4581 3640 4648 λύσιν,
3668 4580 3766 4635 καὶ

519 4677 817 4738 quaerunt:
866 4678 921 4722 et
973 4676 1251 4722 mansuete
1301 4681 1400 4722 eos
1449 4665 1650 4720 fratres
1702 4675 1901 4719 vocant
1950 4677 2089 4734 quos

522 4760 675 4830 prius
707 4759 1027 4815 irridebant.
1052 4757 1169 4814 Non
1195 4758 1453 4814 dixerunt
1481 4768 1662 4814 autem
1687 4759 1905 4828 fratres,
1930 4755 2089 4827 quasi

521 4867 618 4922 per
661 4850 972 4922 hujusmodi
1018 4852 1437 4921 appellationem
1474 4851 1896 4920 adaequarentur
1928 4848 2087 4918 ipsis,

521 4942 613 4998 sed
646 4953 902 5012 quantam
926 4958 1054 5015 erga
1084 4944 1206 4999 illus
1232 4943 1654 4997 familiaritatem
1681 4940 2089 4997 contraxissent

519 5037 875 5089 ostendentes
924 5054 937 5088 :
976 5043 1031 5089 et
1062 5036 1318 5105 quoniam
1363 5034 1558 5090 Petrus
1587 5048 1807 5105 quoque
1835 5035 1904 5089 ab
1932 5032 2089 5088 initio

519 5127 789 5183 sermonis
828 5128 902 5181 ita
938 5144 1031 5183 eos
1062 5136 1369 5194 vocaverat,
1415 5127 1540 5182 inde
1586 5127 1856 5182 habebant
1892 5133 1948 5180 et
1984 5123 2089 5196 ipsi

521 5236 711 5277 ansam
744 5222 815 5276 ita
850 5234 945 5276 eos
976 5220 1307 5291 appellandi.

594 5314 659 5379 II,
695 5313 874 5370 38-42.
914 5331 932 5365 ι
960 5313 1286 5385 Resipiscite
1306 5324 1359 5370 et
1383 5313 1688 5382 baptizetur
1710 5314 2088 5385 unusquisque

527 5425 544 5456 ι
584 5414 824 5460 vestrum
858 5406 910 5459 in
939 5406 1163 5462 nomine
1191 5404 1318 5462 Jesn
1360 5403 1566 5463 Christi
1596 5406 1662 5460 ad
1705 5406 2084 5460 remissionem

525 5515 542 5543 ι
584 5502 933 5563 peccatorum
960 5514 973 5549 :
1003 5504 1056 5550 et
1084 5488 1365 5567 accipietis
1392 5495 1594 5550 donum
1625 5493 1864 5565 Spiritus
1889 5494 2088 5549 sam-ti.

526 5605 543 5636 ι
580 5583 743 5640 Vobis
765 5586 909 5641 cnim
936 5584 1075 5642 facta
1099 5596 1181 5643 est
1206 5588 1498 5659 promissio
1517 5586 1623 5658 23
1649 5596 1701 5643 et
1724 5585 1848 5642 [iiiis
1872 5585 2088 5649 vestris.

527 5700 542 5729 ι
582 5679 946 5751 omnibusque
971 5680 1064 5750 qui
1095 5682 1253 5752 longe
1282 5682 1501 5747 absunt,
1539 5692 1893 5752 quotcunque
1926 5682 2090 5735 advo-

587 5778 631 5813 ”
655 5777 812 5833 Joan.
852 5794 962 5845 xw,
1001 5778 1085 5834 I6.

2191 4672 2544 4735 οἰκειωτικῶς
2582 4671 2776 4734 αὐτοὺς
2821 4672 3081 4742 ἀδελφοὺς
3126 4670 3398 4736 καλοῦσιν,
3440 4670 3534 4735 οὓς
3564 4671 3758 4742 πρώην

2192 4764 2502 4837 ἐχλεύαζον.
2527 4765 2640 4818 Ούκ
2670 4764 2726 4830 ἐξ
2758 4766 3000 4835 ίσότητος
3028 4765 3084 4818 δὲ
3112 4764 3190 4830 τὸ,
3215 4764 3454 4832 ἀδελφοὶ,
3483 4759 3657 4829 εἶπον,
3683 4763 3763 4826 ὡς

2194 4857 2623 4930 παρισαζόμενοι
2671 4857 2853 4920 αὐτοῖς
2902 4856 2989 4909 διὰ
3040 4857 3139 4927 τῆς
3185 4859 3442 4926 τοιαύτης
3495 4855 3762 4925 κλήσεως,

2194 4948 2309 5002 ἀλλ’
2351 4949 2472 5002 ὅσον
2511 4948 2648 5019 πρὸς
2693 4948 2889 5011 αὐτοὺς
2934 4946 3291 5019 ᾠκειώοησαν
3339 4943 3759 5012 ἐνδεικνύμενοι.

2194 5041 2304 5094 Καὶ
2342 5039 2528 5111 ἐπειδὴ
2569 5040 2662 5093 καὶ
2690 5039 2893 5110 Πέτρος
2921 5039 3220 5110 ἀρχόμενος
3248 5036 3340 5091 τοῦ
3382 5038 3541 5107 λόγου
3574 5037 3764 5091 ἐκάλε-

2196 5148 2309 5196 σεν,
2344 5132 2554 5185 ἐκεῖθεν
2582 5127 2727 5202 εἶχον
2759 5131 2849 5184 καὶ
2881 5131 3034 5184 αὐτοὶ
3063 5129 3156 5183 τοῦ
3179 5128 3320 5184 οὕτω
3351 5129 3533 5182 καλεῖν
3563 5129 3763 5191 αὐτοὺς

2193 5222 2468 5291 ἀφορμήν·
3795 5242 3804 5293 ξ

2269 5328 2287 5362 ι
2326 5310 2710 5381 Μετανοήσατε
2742 5311 2832 5364 καί
2869 5307 3220 5382 βαπτισθήτω
3239 5309 3466 5364 ἕκαστος
3493 5309 3647 5380 ὑμῶν
3668 5310 3763 5364 ἐπὶ
3822 5358 3830 5378 ι

2198 5422 2216 5457 ι
2255 5404 2331 5475 τῷ
2358 5404 2581 5474 ὀνόματι
2632 5403 2804 5475 Ἰησοῦ
2843 5402 3080 5475 Χριστοῦ
3111 5405 3188 5465 είς
3214 5401 3406 5470 ἄφεσιν
3451 5401 3758 5475 ἁμαρτιῶν,

2199 5512 2220 5546 ι
2255 5493 2348 5548 καὶ
2384 5492 2632 5565 λήψεσθε
2673 5497 2770 5564 τὴν
2815 5495 3022 5565 δωρεὰν
3068 5494 3162 5547 τοῦ
3206 5492 3362 5562 ἁγίου
3420 5493 3761 5566 Πνεύματος.

2198 5607 2217 5640 ι
2269 5587 2425 5658 Ὑμῖν
2468 5587 2580 5660 γάρ
2626 5588 2772 5641 ἐστιν
2814 5588 2848 5657 ἡ
2904 5583 3207 5655 ἐπαγγελία
3253 5585 3350 5639 καὶ
3391 5585 3503 5648 τοῖς
3549 5584 3762 5650 τέκνοις

2198 5699 2217 5733 ι
2257 5681 2430 5753 ὑμῶν,
2455 5680 2546 5736 καὶ
2573 5681 2704 5734 πᾶσι
2732 5682 2842 5745 τοῖς
2862 5682 2939 5745 εἰς
2973 5679 3210 5752 μικρὰν,
3239 5679 3397 5744 ὅσους
3422 5676 3488 5732 ἂν
3513 5690 3760 5748 προσκα-

1163 5778 1208 5811 ³⁸
1231 5779 1385 5837 Joan.
1413 5796 1512 5846 ιιι,
1548 5779 1638 5835 98.
1717 5780 1760 5812 ³⁸
1790 5777 1981 5834 Matth.
2021 5793 2103 5846 ιιι,
2138 5776 2221 5837 II.
