4058 6578
181 429 250 494 ’Π
1150 421 1539 485 COMMENT.
1578 417 1660 479 IN
1697 417 1786 479 AC

1917 414 2493 487 ΑξοετοιοιιυΜ.
3397 411 3471 476 78

185 560 205 592 ε
243 539 473 610 λέσηται
503 537 710 610 Κύριος
751 538 781 593 ό
819 536 954 603 Θεδς
982 536 1166 610 ἡμῶν.
1210 536 1455 608 Ἐτέροις
1499 551 1560 589 τε
1590 532 1774 601 λόγοις

1890 544 1902 579 ι
1941 528 2157 583 caverit
2210 526 2476 583 Dominus
2520 523 2678 581 .Deus
2728 531 2943 581 noster.
2994 520 3244 595 Alilsque
3289 523 3474 582 verbis

185 651 205 683 ε
245 631 461 686 πλείοσι
486 630 887 705 διεμαρτύρετο
918 631 1013 686 καὶ
1063 630 1385 703 παρεκάλει,
1413 628 1588 698 λέγων
1617 643 1631 658 ο
1666 624 1780 680 Σώ-
1826 671 1835 677 .

194 743 214 776 ι
250 723 383 795 θητε
426 725 536 778 ἀπὸ
565 725 664 795 τῆς
697 725 896 792 γενεᾶς
927 724 1027 794 τῆς
1056 722 1279 787 σκολιᾶς
1305 721 1535 791 ταύτης.
1567 720 1633 773 οι
1675 718 1778 791 μὲν

189 837 207 868 ε
247 813 346 871 οὖν
374 816 631 887 ἀσμένως
657 817 1052 887 ἀποδεξάμενοι
1093 815 1186 869 τὸν
1223 814 1383 884 λόγον
1428 811 1616 879 αὑτοῦ,
1645 812 1777 866 ἔσα-

189 931 207 962 ε
244 910 575 979 πτίσθησαν.
629 910 741 963 Καὶ
788 908 1198 982 προσετέθησαν
1242 910 1309 980 τῇ
1355 906 1543 979 ἡμέρᾳ
1592 905 1778 977 ἐκείνῃ

191 1023 211 1055 ε
243 1002 416 1073 ψυχαὶ
438 1002 594 1055 -ὡσεὶ
619 1003 942 1073 τρισχίλιαι.
978 998 1161 1057 τΗσαν
1203 1002 1260 1055 δὲ
1294 997 1778 1072 προσκαρτεροῦν-
1831 1056 1837 1067 _

189 1116 210 1147 s
249 1112 339 1158 τες
367 1097 435 1165 τῇ
466 1094 655 1166 διδαχῇ
679 1094 790 1148 τῶν
815 1094 1149 1160 ἀποστόλων,
1177 1094 1271 1148 καὶ
1297 1096 1364 1164 τῇ
1386 1091 1663 1177 κοινωνία,
1683 1089 1779 1145 καὶ
1832 1128 1843 1149 ‹

186 1207 206 1240 ε
242 1191 309 1259 τῇ
339 1187 532 1241 κλάσει
553 1187 650 1241 τοῦ
680 1189 872 1258 ἄρτου,
912 1187 1011 1242 καί⁵
1036 1188 1156 1253 ταῖς
1182 1188 1534 1259 προσευχαῖς.
1571 1204 1592 1239 ι

270 1372 359 1437 ‘0;
390 1372 611 1426 πάντων
631 1371 805 1442 στόμα
825 1371 934 1425 τῶν
960 1368 1275 1424 ἀποστόλων
1302 1366 1582 1439 προϐεὸλη
1592 1367 1772 1436 μένος,

186 1468 341 1537 φησὶ,
373 1466 770 1535 Μετανοήσατε
796 1465 890 1518 καί⁹
915 1462 1289 1534 βαπτισθήτω,
1311 1461 1395 1526 οὐ,
1419 1459 1773 1525 Πιστεύσατε,

184 1558 344 1624 ἀλλὰ,
377 1577 397 1609 ε
429 1556 815 1626 Βαπτισθήτω.
847 1575 865 1608 ι
893 1550 1065 1608 Τοῦτο
1101 1554 1212 1624 γὰρ
1240 1556 1269 1607 ὁ
1289 1551 1536 1622 θεμέλιος
1566 1551 1674 1605 τῶν
1695 1551 1777 1615 είς

185 1650 426 1722 Χριστὸν
458 1650 843 1704 πιστευόντων.
897 1647 1070 1700 Τοῦτο
1112 1642 1205 1700 οὖν
1236 1645 1452 1716 πρῶτον
1487 1645 1648 1710 ἀξιοῖ,
1679 1644 1775 1698 καὶ

187 1746 327 1817 μετὰ
352 1744 514 1800 τοῦτο
545 1745 743 1814 ἐπάγει
772 1745 834 1797 τὸ
870 1744 1006 1815 πρὸς
1030 1742 1108 1814 τῷ
1140 1742 1381 1813 θεμελίῳ
1419 1741 1593 1806 τέλος,
1628 1759 1647 1793 ε
1675 1740 1773 1811 τὴν

183 1837 396 1909 δωρεὰν
428 1838 605 1907 λέγων
630 1837 726 1891 τοῦ
758 1837 916 1906 ἁγίου
951 1837 1291 1908 Πνεύματος,
1334 1855 1353 1887 ι
1390 1835 1464 1898 ὡς
1493 1834 1580 1887 διὰ
1605 1833 1769 1905 μέσου

1886 635 1906 668 ε
1946 617 2202 689 plurimis
2272 616 2679 685 testiﬁcabatur
2743 624 2806 685 et
2870 615 3272 672 exhortabatur
3338 630 3471 682 eos.

1885 727 1904 761 ε
1941 709 2138 766 dicens
2207 725 2224 763 :
2289 709 2596 783 Servemini
2678 707 2749 763 ab
2821 707 2922 764 hac
2989 723 3157 781 prava
3241 722 3476 777 genera-

1885 819 1906 854 (
1943 801 2115 859 tione.
2186 800 2416 873 ltaque,
2485 803 2583 872 qui
2657 801 2893 857 libenter
2936 810 3304 873 susceperunt
3357 817 3476 859 ser-

1885 912 1905 947 r
1942 880 2161 965 mortem
2202 888 2645 965 ejus,.baptizati
2696 902 2823 948 sunt
2866 907 2881 944 :
2917 900 2975 948 et
3024 896 3290 966 appositae
3343 903 3476 950 sunt

1885 1003 1905 1038 ι
1941 985 2038 1041 illo
2091 975 2181 1042 die
2214 1056 2217 1059 _
2246 987 2443 1059 anima:
2512 986 2737 1042 circiter
2794 992 2879 1040 ter
2922 986 3093 1043 mille.
3148 987 3475 1043 Erantau-

1886 1096 1905 1130 ι
1945 1086 2058 1138 tem.
2115 1085 2539 1148 perseverantes
2599 1076 2654 1130 in
2720 1075 2972 1132 doetrina
3044 1079 3347 1150 apostolica
3418 1088 3475 1135 et

1886 1188 1905 1221 ι
1930 1170 2450 1226 communicatione
2493 1185 2559 1226 ac
2604 1169 2873 1225 fractione
2905 1172 3066 1242 panis
3108 1184 3163 1229 et
3205 1172 3474 1229 orationi-

1884 1283 1904 1315 ε
1945 1265 2070 1320 bus.
2114 1282 2135 1316 ι

1947 1378 2234 1449 Tanquam
2268 1395 2333 1436 os
2351 1378 2594 1434 omnium
2618 1382 2990 1451 apostolorum
3017 1381 3337 1455 designatus
3358 1380 3473 1442 ait:

1877 1470 2205 1541 Resipiscite
2244 1480 2300 1527 et
2345 1471 2675 1541 baptizetnr,
2708 1489 2823 1529 non
2861 1484 3046 1530 autem
3098 1475 3341 1544 Credite,
3374 1478 3475 1535 sed

1875 1562 2220 1633 Baptizetur;
2238 1577 2364 1619 nam
2388 1563 2491 1619 hoc
2505 1563 2918 1621 fundamentum
2936 1568 3403 1623 eratcredentium
3418 1570 3473 1625 in

1875 1651 2173 1708 Christum.
2190 1652 2304 1710 [loc
2314 1670 2447 1722 ergo
2466 1655 2701 1726 primum
2717 1658 2933 1727 petit,et
2947 1660 3297 1729 postmodum
3313 1659 3475 1716 tinem

1875 1761 1940 1802 ac
1957 1747 2352 1817 perfectionem
2370 1747 2730 1805 fundamento
2754 1751 3063 1822 subjungit,
3082 1752 3274 1808 dicens
3293 1771 3308 1808 :
3329 1772 3348 1804 ε
3368 1751 3477 1809 Do.

1876 1855 2005 1895 num
2037 1841 2508 1913 Spiritusisancti,
2551 1861 2571 1896 ι
2599 1853 2856 1916 tanquam
2893 1844 2999 1901 fide
3037 1862 3135 1916 per
3161 1848 3275 1903 haec
3297 1848 3476 1904 media

185 1905 378 1985 τούτου
413 1905 518 2002 τῆς
556 1905 813 1995 πίστεως
854 1905 1312 2002 ἀναφαινομένης.
1346 1928 1437 2000 Τῷ
1477 1928 1533 1982 δὲ
1562 1929 1771 1981 εἰπεῖν’

1890 1905 2279 1985 demonstrata.
2333 1929 2437 1986 Per
2495 1905 2601 1987 hoc
2649 1905 2834 1987 autem
2886 1905 3052 2003 quod.
3084 1935 3160 1988 ait
3195 1952 3208 1990 :
3250 1953 3269 1986 ε
3302 1934 3473 1992 Vobis

194 2042 213 2075 ε
267 2024 431 2094 Ὑμῖν
462 2024 574 2096 γὰρ
604 2027 638 2095 ἠ
684 2022 989 2092 ἐπαγγελία
1020 2023 1115 2077 καὶ
1170 2023 1283 2085 τοῖς
1331 2020 1543 2084 τέκνοις
1597 2020 1773 2091 ὑμῶν,

189 2117 282 2169 καὶ
312 2118 452 2170 πᾶσι
509 2119 623 2178 τοῖς
657 2115 881 2187 μακρὰν
922 2115 1017 2169 καὶ
1062 2116 1176 2177 τοῖς
1208 2114 1400 2182 ἐγγὺς,
1446 2132 1464 2165 ι
1518 2111 1775 2183 ἐμφαίνει

188 2206 247 2262 τὸ
287 2208 480 2279 μεῖξον
502 2209 601 2279 τῆς
634 2208 869 2278 δωρεᾶς,
897 2209 973 2272 ὡς
1004 2207 1065 2262 ού
1102 2207 1263 2277 μόνον
1291 2205 1476 2269 αὐτοῖς
1502 2203 1778 2276 ἐπαρκού-

193 2318 313 2370 σης,
346 2301 488 2354 ἀλλὰ
520 2302 616 2354 καὶ
665 2303 778 2365 τοῖς
814 2301 1046 2364 τέκνοις.
1095 2300 1205 2353 Καὶ
1238 2298 1376 2369 πρὸς
1428 2297 1496 2351 τὰ
1542 2296 1669 2368 ἔθνη
1719 2294 1778 2350 at

190 2393 657 2464 ἐπιδαψιλεύεται.
707 2393 879 2448 Τοῦτο
911 2393 1019 2464 γὰρ
1064 2391 1286 2463 ᾐνίξατο
1308 2390 1396 2445 διὰ
1426 2385 1546 2453 τοῦ,
1588 2406 1608 2441 t
1649 2389 1776 2452 Τοῖς

192 2487 437 2558 μακράν·
482 2506 501 2538 ι
538 2485 654 2541 ἀλλ’
685 2489 735 2541 εί
761 2489 873 2551 τοῖς
898 2488 1136 2558 μακρὰν,
1169 2484 1351 2555 πολλῴ
1373 2484 1545 2555 δήπου
1578 2482 1782 2554 μᾶλλον

190 2578 319 2650 ὑμῖν
350 2582 469 2643 τοῖς
500 2576 690 2649 ἐγγύς.
724 2578 927 2632 Σκόπει
953 2578 1010 2632 δὲ
1052 2578 1134 2633 ὅτι
1168 2575 1292 2631 τότε
1338 2577 1438 2647 τὴν
1473 2575 1584 2629 τῶν
1612 2573 1783 2629 ἐθνῶν

194 2672 413 2745 ᾐνίξατο
456 2672 660 2738 πίστιν,
692 2673 783 2727 ὅτε
817 2671 1331 2741 κατανενυγμένους
1363 2663 1489 2737 εὗρε
1526 2669 1621 2723 καὶ
1647 2685 1784 2721 κατ·

189 2763 498 2832 εγνωκότας
534 2762 764 2819 ἑαυτῶν,
811 2763 972 2833 Ψυχὴ
1013 2760 1123 2834 γὰρ
1163 2763 1292 2815 ὅταν
1334 2760 1532 2831 ἑαυτὴν
1562 2758 1786 2813 καταδι-

187 2858 357 2928 κὰσῃ.
387 2858 492 2911 οὐκ
518 2857 598 2910 ἔτι
628 2856 842 2927 φθονεῖν
867 2855 1114 2910 δύναται.

266 3086 289 3121 ε
346 3067 603 3136 Ἐγένετο
631 3067 691 3123 δὲ
720 3067 873 3143 πάσῃ
900 3068 1049 3141 ψυχῇ
1072 3067 1261 3137 φόϐος,
1290 3066 1462 3121 πολλά
1483 3082 1544 3118 τε
1577 3062 1781 3136 τέρατα

196 3179 219 3213 ε
258 3160 358 3215 καὶ
385 3160 603 3229 σημεῖα
624 3157 711 3212 διὰ
735 3158 845 3212 τῶν
873 3159 1189 3214 ἀποστόλων
1221 3157 1460 3227 ἐγένετο.
1485 3155 1695 3219 Πάντες
1723 3153 1783 3209 δὲ

1880 2020 2027 2076 enim
2075 2021 2220 2076 facta
2261 2030 2348 2077 est
2394 2019 2692 2089 promissio
2746 2032 2797 2079 et
2848 2022 2974 2080 filiis
3023 2026 3244 2090 vestris,
3289 2027 3474 2082 omni-

1881 2111 2096 2183 busque
2172 2113 2266 2183 qui
2339 2114 2500 2184 longe
2559 2129 2625 2168 ac
2673 2129 2843 2184 prope
2911 2124 3085 2170 sunt:
3136 2136 3157 2169 ι
3228 2119 3473 2174 ostendit

1883 2204 2013 2260 doni
2055 2205 2508 2276 magnitudinem,
2546 2214 2607 2262 ut.
2638 2206 2787 2277 quod
2811 2223 2920 2262 non
2951 2208 3114 2264 modo
3156 2209 3292 2280 ipsis
3320 2209 3475 2266 suill-

1883 2297 2031 2364 ciat,
2072 2296 2168 2352 sed
2220 2306 2275 2353 et
2336 2296 2468 2353 ﬁliis
2510 2337 2526 2363 ,
2580 2310 2848 2370 praeterea
2894 2307 2950 2354 et
2998 2301 3256 2372 gentibus
3314 2303 3474 2360 beni-

1881 2389 2334 2460 gneexhibeatur
2367 2407 2381 2444 :
2410 2405 2535 2444 nam
2582 2391 2687 2446 hoc
2724 2391 2906 2446 innuit
2934 2407 3030 2463 per
3073 2393 3127 2448 id
3163 2394 3311 2464 quod
3345 2395 3425 2452 ait
3454 2411 3470 2448 :

1894 2499 1913 2533 ε
1943 2480 2040 2538 llis
2066 2483 2160 2554 qui
2192 2482 2353 2554 longe
2378 2482 2617 2552 absunt;
2646 2502 2666 2535 ι
2692 2484 2842 2555 atqui
2865 2486 2928 2550 si!
2951 2485 3037 2541 his
3061 2486 3332 2559 quilonge
3374 2489 3477 2545 ab-

1887 2583 2057 2638 sunt.
2107 2576 2284 2630 multo
2335 2575 2514 2644 magis
2571 2591 2708 2633 sane
2753 2578 2913 2633 vobis
2953 2580 3047 2649 qui
3099 2594 3272 2652 prope
3315 2581 3474 2638 estis.

1894 2667 2199 2723 Considera
2232 2683 2363 2726 vero
2402 2668 2550 2738 quod
2602 2677 2735 2725 tunc
2781 2672 3025 2742 gentium
3071 2671 3229 2729 fidem
3272 2674 3475 2743 innuit,

1895 2758 2122 2828 quando
2151 2770 2510 2827 compunctos
2540 2762 2753 2816 invenit
2776 2776 2841 2817 ac
2873 2777 2996 2819 sese
3020 2765 3475 2824 condemuantes.

1892 2847 1998 2906 Ubi
2025 2850 2171 2906 enim
2198 2851 2437 2922 seipsam
2470 2852 2655 2907 anima
2699 2853 3299 2929 condemnaverit,jam
3337 2858 3477 2916 invi-

1893 2941 2024 2998 dere
2054 2957 2165 2997 non
2200 2949 2401 3013 potest.

1960 3058 2029 3126 ll,
2057 3060 2252 3117 4546.
2282 3080 2301 3115 ‹
2332 3060 2532 3120 Factus
2560 3071 2646 3120 est
2674 3072 2858 3122 autem
2882 3067 3030 3123 omni
3062 3068 3259 3124 animae
3286 3058 3474 3133 timor.

1901 3171 1923 3205 ε
1955 3153 2241 3228 multaque
2266 3155 2514 3226 prodigia
2545 3165 2601 3212 et
2625 3157 2784 3228 signa
2815 3173 2914 3227 per
2934 3161 3216 3230 apostolos
3240 3163 3481 3220 edeban-

196 3271 217 3303 ε
256 3253 309 3305 οί
337 3248 690 3313 πιστεύοντες
716 3247 855 3322 ἦσαν
887 3251 980 3304 επὶ
1004 3249 1066 3303 τὸ
1090 3249 1244 3314 αὐτὸ,
1267 3249 1364 3302 καὶ
1392 3244 1540 3319 εἶχον
1565 3245 1783 3301 ἅπαντα

1896 3262 1917 3298 ε
1949 3252 2061 3300 tur.
2111 3244 2316 3301 Omnes
2364 3259 2497 3300 vero
2540 3246 2835 3303 credentes
2883 3257 3046 3303 erant
3095 3251 3400 3326 conjuncti,
3420 3263 3477 3309 et

196 3359 219 3394 ε
252 3341 432 3395 κοινά.
465 3341 581 3395 Καὶ
605 3341 677 3395 τὰ
698 3342 957 3411 κτήματα
983 3342 1080 3396 καὶ
1109 3338 1210 3403 τὰς
1241 3338 1507 3411 ὑπάρξεις
1543 3338 1780 3409 ἐπίπρα-

198 3451 221 3484 ε
257 3449 413 3496 σκον,
458 3434 553 3486 καὶ
602 3431 911 3503 διεμέριζον
951 3430 1096 3486 αὐτὰ
1157 3432 1315 3495 πᾶσι,
1376 3429 1567 3483 καθότι
1599 3429 1668 3484 ἄν
1700 3447 1786 3494 τις

203 3543 223 3577 ε
260 3526 458 3595 χρείαν
501 3521 638 3595 εἶχε.
690 3526 832 3578 Καθ’
868 3525 1084 3596 ἡμέραν
1127 3540 1188 3577 τε
1240 3522 1785 3595 προσκαρτεροῦντες

204 3634 223 3668 ε
256 3617 610 3687 ὁμοθυμαδὸν
637 3619 700 3670 ἑν
730 3617 809 3688 τῷ
842 3616 996 3689 ἱερῷ.
1031 3635 1053 3669 s
1686 3615 1703 3624 ’

264 3733 341 3786 0οῶ
358 3731 473 3803 γὰρ
490 3730 568 3796 ὡς
593 3731 703 3785 τῶν
725 3730 1000 3804 τυχόντων
1025 3728 1422 3802 κατεφρόνουν,
1450 3727 1566 3782 ἀλλ’
1599 3726 1787 3799 ἐπειδὴ

195 3826 366 3888 miti»;
400 3820 473 3896 ἦν
518 3826 547 3878 ὁ
594 3823 804 3895 Πέτρος
843 3822 1051 3878 ἄνωθεν
1086 3823 1248 3893 ῥέων,
1291 3820 1390 3876 καὶ
1423 3821 1492 3875 τὰ
1523 3820 1788 3892 μέλλοντα

196 3918 285 3973 διὰ
318 3917 436 3971 τῶν
464 3916 811 3985 ἐπαγγελιῶν
856 3915 1142 3980 δεικνύων,
1194 3915 1423 3980 είκότως
1465 3913 1784 3982 ἐφοϐοῦντο.

209 4007 545 4082 Ἐμαρτύρει
594 4009 703 4081 γὰρ
754 4009 838 4080 τῷ
867 4008 1012 4079 λόγῳ
1044 4008 1114 4062 τὰ
1164 4007 1322 4081 ἔργα.
1355 4006 1627 4080 Καθάπερ
1679 4008 1789 4080 γὰρ

196 4106 294 4157 καὶ
326 4103 427 4156 ἐπὶ
454 4099 551 4154 τοῦ
591 4101 829 4172 Χριστοῦ
887 4103 1155 4173 πρότερον
1202 4103 1427 4172 σημεῖα,
1462 4094 1585 4155 εῐτα
1627 4099 1789 4154 διδα-

199 4192 425 4256 σκαλία,
448 4188 570 4246 εἶτα
601 4191 883 4263 θαύματα,
904 4190 1048 4245 οὕτω
1070 4192 1164 4244 καὶ
1189 4189 1304 4244 νῦν.
1340 4189 1415 4243 Τὸ
1439 4189 1498 4242 δὲ
1528 4191 1632 4251 τὰς
1658 4188 1790 4259 κτή-

198 4298 315 4346 σεις
344 4281 552 4336 πωλεῖν
584 4283 680 4335 καὶ
707 4281 1050 4351 διαμερίζειν
1075 4278 1210 4334 καθδ
1238 4278 1305 4333 ἄν
1323 4296 1409 4341 τις
1433 4276 1624 4349 χρείαν
1649 4272 1788 4349 εἷχε,

197 4379 298 4448 οὐχ
343 4376 557 4439 ἁπλῶς,
590 4372 1113 4444 ἀλλὀικονομικῶς.
1157 4369 1478 4441 Διεμέριζον
1518 4368 1627 4440 γὰρ
1666 4370 1786 4422 κατ’

198 4467 378 4534 ἀξίαν.
412 4466 489 4520 Τὸ
527 4466 610 4532 δὲ,
666 4483 686 4517 ε
727 4463 1100 4534 Ὀμοθυμαδδν
1148 4458 1716 4533 προσκαρτεροῦντες,
1759 4476 1779 4510 s

195 4561 263 4613 ού
298 4561 429 4630 μίαν
468 4560 707 4631 ἡμέραν,
737 4558 859 4612 οὐδὲ
909 4557 1024 4622 δύο,
1067 4556 1205 4610 ἀλλὰ
1248 4555 1372 4609 καθ’
1417 4555 1657 4626 ἡμέραν,
1691 4556 1788 4610 καὶ

1895 3355 1915 3391 ι
1953 3337 2228 3392 habebant
2270 3340 2455 3392 omnia
2496 3339 2814 3394 communia
2852 3356 2867 3392 :
2909 3348 2964 3397 et
2998 3343 3382 3411 possessiones
3410 3359 3478 3401 ac

1894 3444 1915 3480 ι
1951 3427 2286 3483 substantias
2316 3426 2645 3490 vendebant,
2677 3435 2731 3483 et
2764 3428 3172 3485 distribuebant
3204 3446 3268 3487 ea
3296 3435 3476 3490 omni-

1893 3543 1914 3577 ε
1950 3523 2077 3589 bus,
2105 3533 2274 3594 prout
2304 3523 2507 3593 cuique
2547 3537 2688 3594 opus
2716 3532 2856 3580 erat.
2905 3522 2973 3577 Et
3010 3525 3258 3595 quotidie
3286 3542 3478 3599 perse-

1893 3632 1915 3667 ε
1952 3616 2218 3670 verabant
2249 3614 2591 3669 unanimiter
2620 3615 2677 3670 in
2709 3615 2933 3687 templo.
2970 3634 2990 3669 ι

1958 3728 2148 3801 Neque
2196 3730 2341 3786 enim
2388 3746 2539 3787 more
2585 3731 2732 3803 vulgi
2782 3732 3147 3804 desiplebant,
3199 3740 3295 3793 sed
3333 3752 3475 3809 quo-

1889 3823 2037 3877 niam
2092 3820 2292 3878 Petrus
2345 3824 2554 3878 multus
2601 3835 2719 3878 erat
2767 3838 2834 3879 ac
2886 3826 3184 3883 vehemens
3237 3828 3477 3901 desuper

1888 3909 2113 3965 ﬂuendo
2152 3910 2268 3966 sive
2302 3910 2672 3977 exhortando,
2703 3920 2757 3967 et
2791 3911 2976 3969 futura
3013 3916 3476 3984 promissionibus

1889 4005 2257 4070 ostendendo,
2283 4006 2481 4060 merito
2506 4006 2880 4062 terrebantur.
2910 4005 3046 4063 Nam
3071 4011 3476 4067 attestabantur

1889 4095 2130 4152 sermoni
2177 4110 2368 4165 Opera.
2420 4096 2897 4163 Quemadmodum
2947 4102 3098 4156 enim
3149 4102 3206 4156 in
3255 4105 3476 4160 Christo

1892 4191 2129 4261 primum
2159 4190 2383 4246 fuerunt
2403 4191 2584 4263 signa,
2617 4191 2816 4249 deinde
2844 4192 3117 4258 doctrina,
3147 4213 3478 4270 rursumque

1888 4281 2175 4347 miracula,
2218 4282 2292 4338 lta
2336 4294 2390 4339 et
2434 4300 2606 4342 nunc.
2654 4285 3046 4344 Possessiones
3084 4305 3218 4346 vero
3264 4290 3475 4350 distra-

1888 4373 2083 4432 hentes
2132 4390 2196 4430 ac
2240 4376 2642 4434 distribuentes
2692 4391 2861 4451 prout
2908 4380 3108 4452 cuique
3150 4398 3290 4453 opus
3331 4393 3471 4453 erat,

1889 4484 1998 4525 non
2025 4477 2247 4535 temere,
2277 4471 2370 4526 sed
2397 4471 2801 4543 dispensator-ie
2830 4473 3143 4530 faciebant:
3174 4491 3300 4532 nam
3319 4477 3474 4549 juxta

1891 4565 2173 4633 cujusque-
2216 4563 2535 4636 dignitatem
2600 4552 2938 4622 dividebant.
3005 4565 3279 4626 Praeterea
3324 4571 3473 4641 quod

200 4652 303 4722 μιᾷ
324 4651 498 4722 ψυχῇ.
526 4651 616 4720 Τῷ
644 4649 704 4703 δὲ
749 4647 880 4720 ίερῷ
909 4647 1282 4719 προσήδρευον
1320 4647 1369 4700 οί
1406 4646 1772 4710 πιστεύοντες,

1890 4656 2149 4725 sequitur,
2194 4675 2214 4709 ε
2261 4656 2691 4712 l‘erseverabant
2730 4659 3095 4728 unanimiter,
3150 4680 3169 4714 ι
3217 4678 3324 4718 non
3364 4680 3476 4720 uno

197 4743 296 4799 ἁτε
328 4744 740 4812 σπουδαιότεροι
771 4742 1152 4811 γεγενημένοι,
1179 4742 1273 4794 καὶ
1301 4740 1430 4812 περὶ
1466 4739 1637 4810 μηδὲν
1660 4739 1784 4793 ἓτε-

200 4855 298 4904 ρον
341 4840 563 4908 ἔχοντες
604 4835 931 4900 σπουδάζειν
959 4832 1019 4900 ἐξ
1068 4832 1356 4896 εὐλαϐείας
1383 4832 1485 4903 τῆς
1533 4830 1666 4908 περὶ
1691 4832 1785 4885 τὸν

198 4934 390 4998 τόπον,
412 4931 448 5003 ἢ
485 4931 613 5003 περὶ
642 4929 706 4983 τδ
732 4929 896 5000 ἱερόν.

273 5259 294 5293 ε
336 5237 598 5302 κλῶντές
636 5254 700 5290 τε
762 5234 884 5290 κατ’
930 5231 1079 5287 οἶκον
1135 5231 1322 5305 ἄρτον,
1380 5225 1791 5302 μετελάμϐανον

200 5351 221 5383 ε
260 5332 499 5404 τροφῆς,
529 5331 590 5385 ὲν
621 5328 942 5399 ἀγαλλιάσει
982 5327 1076 5382 καὶ
1104 5325 1398 5397 ἀφελότητι
1434 5323 1663 5396 καρδίας
1702 5325 1790 5377 αἰ-

203 5444 223 5477 t
260 5424 487 5488 νοῦντες
512 5424 608 5477 τὸν
646 5422 801 5489 Θεὸν,
832 5422 927 5474 καὶ
958 5420 1171 5491 ἔχοντες
1198 5418 1357 5490 χάριν
1383 5418 1517 5490 πρὸς
1548 5417 1665 5470 ὅλον
1696 5417 1788 5469 τὸν

204 5538 227 5572 ε
264 5519 417 5573 λαόν.
473 5516 535 5573 Ὀ
585 5518 643 5571 δὲ
693 5517 894 5589 Κύριος
927 5512 1236 5587 προσετίθει
1266 5514 1393 5575 τοὺς
1442 5510 1784 5584 σωζομένους

204 5629 229 5665 ε
266 5612 396 5665 καθ’
427 5610 643 5681 ἡμέραν
674 5611 741 5680 τῇ
770 5606 1085 5677 Ἐκκλησία.
1124 5624 1143 5657 ι

268 5715 461 5787 Οἰκον,
509 5720 572 5773 τὸ
616 5717 762 5789 ἱερὸν
794 5717 888 5772 νῦν
931 5716 1102 5786 λέγει’
1136 5716 1196 5768 ὲν
1222 5712 1371 5785 αύτῷ
1415 5713 1522 5785 γὰρ
1571 5711 1783 5786 ἤσθιον.

199 5812 280 5867 τδ
310 5812 395 5875 δὲ,
449 5829 471 5864 ε
530 5810 783 5873 Κλῶντες
817 5808 1001 5879 ἄρτον.
1041 5826 1060 5861 ι
1114 5803 1289 5871 εἶπεν,
1328 5806 1418 5860 ἴνα
1459 5806 1522 5861 τὸ
1572 5805 1788 5868 εὐτελὲς

203 5906 304 5961 καὶ
338 5905 672 5961 αύτόσκευον
703 5904 1000 5974 ὁπεμφήνῃ
1051 5901 1232 5958 αὐτῶν
1262 5900 1359 5972 τῆς
1399 5899 1629 5982 διαίτης.
1663 5898 1793 5968 Ἃρ.

1893 4761 1987 4804 aut
2011 4749 2185 4803 altero
2206 4749 2294 4805 die
2320 4748 2614 4816 ficbat,sed
2633 4750 2902 4818 quotidie,
2927 4754 3280 4822 utprsemisit,
3313 4754 3478 4826 idque

1893 4853 2004 4894 uno
2037 4841 2243 4894 animo.
2303 4840 2357 4893 ln
2407 4842 2611 4912 templo
2642 4837 2753 4912 24
2783 4850 2963 4897 autem
2999 4843 3320 4900 residebant
3352 4862 3478 4903 cre-

1895 4931 2089 4985 dentes
2122 4947 2138 4984 :
2172 4937 2433 5001 tanquam
2479 4931 2849 4989 studiosiores
2890 4948 2955 4987 ac
2998 4935 3357 4993 ferventiores
3395 4937 3479 4994 ef-

1901 5023 2049 5089 fecti,
2080 5031 2137 5078 et
2167 5024 2315 5080 circa
2349 5024 2487 5079 nihil
2515 5025 2665 5080 aliud
2695 5035 2943 5093 potentes
2979 5027 3223 5083 studium
3259 5029 3478 5101 pietatis

1898 5129 2158 5171 exercere
2189 5129 2353 5185 quam
2382 5123 2476 5169 aut
2503 5116 2652 5171 circa
2683 5117 2861 5172 locum
2891 5125 2986 5170 aut
3010 5118 3158 5173 circa
3189 5122 3474 5190 templum.

1969 5224 2034 5280 ll.
2062 5224 2154 5290 ιϐ,
2180 5226 2270 5281 47.
2318 5245 2337 5279 ι
2375 5225 2441 5281 Et
2467 5225 2779 5298 frangentes
2807 5227 2966 5299 juxta
2999 5228 3221 5284 domum
3252 5245 3475 5301 panem,

1902 5337 1922 5371 ι
1958 5319 2124 5374 simul
2162 5321 2456 5375 sumebant
2483 5320 2666 5376 cibum
2700 5335 2823 5374 cum
2856 5322 3223 5378 exsultatione
3249 5331 3307 5378 et
3344 5323 3478 5378 sim-

1902 5430 1921 5465 ι
1960 5412 2206 5482 plicitate
2235 5412 2420 5467 cordis
2446 5411 2732 5467 laudantes
2763 5413 2955 5475 Deum.
2977 5420 3033 5468 et
3064 5413 3327 5470 habentes
3355 5431 3478 5486 gra-

1899 5523 1919 5556 t
1958 5507 2091 5559 tiam
2121 5505 2264 5575 apud
2292 5521 2512 5562 omnem
2542 5505 2777 5575 plebem.
2808 5503 3076 5561 Dominus
3101 5515 3283 5561 autem
3311 5507 3478 5562 adde-

1902 5615 1921 5648 ε
1958 5596 2053 5652 bat
2087 5597 2180 5667 qui
2212 5597 2353 5654 salvi
2383 5598 2577 5654 fierent
2606 5596 2851 5668 quotidie
2879 5597 3314 5670 congregationi.
3352 5616 3372 5648 ι

1966 5707 2198 5763 Domum
2241 5708 2381 5765 dicit
2424 5725 2570 5764 nunc
2605 5706 2890 5777 templum,
2929 5722 3056 5762 nam
3099 5707 3155 5762 in
3192 5707 3313 5777 ipso
3342 5705 3475 5762 ede-

1898 5803 2051 5859 bant.
2081 5800 2226 5857 Dixit
2257 5810 2476 5858 autem:
2509 5820 2529 5854 ι
2553 5799 2890 5872 Fraugentes
2915 5813 3133 5872 panem.
3162 5817 3184 5852 ι
3212 5807 3273 5853 ut
3298 5800 3477 5854 tenui-

1902 5904 1987 5952 tas
2034 5909 2099 5951 ac
2142 5894 2474 5973 simplicitas
2512 5893 2695 5952 victus
2723 5907 2919 5965 eorum
2953 5897 3237 5963 appareat.
3275 5887 3477 5944 Panem
