4058 6544
633 390 716 465 Ἷθ

1707 391 2046 454 (ECUMEN
2058 392 2117 451 Η
2148 391 2236 451 ΤΗ

2339 389 2441 450 ΕΑΞ
2478 390 2817 452 EPISCOPI
3851 393 3915 456 80

643 516 788 573 enim
837 512 1175 584 frangentes,
1229 521 1336 564 una
1380 506 1564 563 cibum
1614 506 1931 571 sumebant,
1978 513 2034 560 at
2078 506 2236 577 genio

2345 520 2439 558 τον
2493 504 2602 575 γάρ
2648 502 2887 565 κλῶντές
2938 499 3347 572 μετελάμϐανον
3382 500 3608 573 τροφῆς,
3665 502 3780 557 ἀλλ’
3828 500 3917 561 οὐκ

597 629 607 642 ·
645 621 757 663 non
792 602 1154 676 indulgebant
1191 618 1205 656 :
1246 600 1324 656 ita
1368 599 1539 654 vitam
1577 596 1704 654 ﬁdei
1738 598 2080 655 conformem
2112 596 2240 653 red-

644 701 853 757 debant
885 715 899 753 :
934 697 1012 753 ita
1047 712 1108 754 se
1144 703 1340 751 mutuo
1370 693 1658 765 diligentes
1695 692 1930 764 gratiam
1959 691 2237 747 habebant

643 791 791 866 apud
826 803 1046 848 omnem
1075 787 1292 860 plebem
1322 803 1339 842 :
1375 800 1502 842 nam
1536 786 1667 842 licet
1695 783 1984 857 pontiﬁces
2010 798 2125 855 pra:
2149 783 2236 838 in-

645 888 792 942 vidia
811 886 866 940 in
891 898 988 939 eos
1009 883 1381 952 insurgerent,
1400 879 1631 951 gratiam
1655 887 1838 934 tamen
1857 876 2001 949 apud
2024 876 2241 948 plebem

648 979 947 1035 habebant.
973 975 1090 1031 Hoc
1115 985 1296 1030 autem
1323 971 1658 1029 elficiebatur
1689 986 1784 1042 per
1810 971 2240 1040 eleemosynam,

644 1087 952 1147 puramque
973 1069 1474 1128 conversationem.
1498 1085 1517 1119 ι
1539 1064 1598 1121 in
1624 1064 1976 1137 simplicitate
2000 1062 2237 1125 cordis,»

646 1169 753 1223 hoc
785 1173 871 1223 est
901 1166 956 1220 in
981 1162 1250 1220 modestia
1288 1169 1343 1214 et
1382 1158 1705 1231 fragilitate,
1744 1157 1880 1213 nihil
1908 1156 2144 1213 sublime
2175 1155 2244 1211 de

646 1276 707 1315 se
759 1259 1062 1316 sentientes
1104 1257 1158 1311 in
1203 1251 1372 1311 bonis
1422 1251 1731 1308 actionibus
1774 1265 1840 1305 ac
1880 1248 2243 1320 eleemosynis

645 1368 788 1424 quas
820 1348 1159 1422 prastabant
1183 1364 1198 1401 :
1218 1347 1367 1416 quod
1396 1345 1631 1402 maxime
1645 1342 1937 1399 Judaicum
1959 1348 2099 1409 erat,
2124 1340 2241 1396 vel-

647 1442 725 1498 uti
754 1456 821 1497 ex
851 1438 1189 1513 jactabundo
1224 1437 1503 1495 Pharisaxo
1543 1434 1895 1492 ntanil‘estum
1929 1442 2015 1490 est
2036 1434 2104 1489 “.

1249 1550 1479 1608 CAPUT
1523 1547 1614 1605 ιν.

646 1649 725 1704 De
769 1649 949 1703 claudi
987 1664 1020 1701 a
1061 1647 1336 1701 nativitate
1384 1649 1513 1699 cura
1564 1642 1763 1700 Christi
1823 1642 2021 1696 virtute
2072 1639 2240 1709 facta,

717 1721 986 1789 eiectaque
1016 1716 1164 1772 Petri
1200 1717 1566 1789 instructions,
1607 1716 1665 1769 in
1701 1728 1948 1789 quasue
1980 1711 2241 1789 demittit,

716 1801 765 1845 et
800 1784 1078 1844 consilium
1118 1789 1188 1842 ad
1228 1787 1444 1841 illorum
1485 1784 1721 1840 salutent
1755 1784 1966 1839 adducit
2000 1798 2018 1838 :
2052 1784 2108 1836 in
2136 1797 2239 1853 quo

2342 597 2613 667 ἐτρύφων.
2646 595 2803 649 Οὕτω
2831 593 3037 649 καὶτὸν
3059 592 3175 665 βίον
3202 593 3310 649 ἀπὸ
3339 593 3442 665 τῆς
3466 594 3919 670 πίστεως-μετερ-

2351 689 2636 761 ρύθμιζον,
2669 692 2764 744 καὶ
2793 687 3137 759 φιλαλλήλως
3167 684 3312 759 εἶχον
3349 689 3487 756 πρὸς
3510 687 3603 743 τὸν
3636 688 3765 743 λαὸν
3787 691 3915 746 ὅλον.

2343 779 2406 834 Εἰ
2436 780 2545 852 γὰρ
2578 782 2673 836 καὶ
2717 781 2768 834 οἰ
2799 782 3077 853 ἀρχιερεῖς
3129 780 3236 834 ὑπὸ
3288 779 3488 849 φθόνου
3541 782 3917 852 ἐπανέστησαν

2347 873 2555 940 αὐτοῖς,
2585 872 2723 928 ἀλλὰ
2751 874 2886 946 πρὸς
2923 875 3016 926 τὸν
3050 872 3199 940 λαὸνί
3219 872 3379 943 χάριν
3409 868 3576 941 εἶχον.
3624 871 3920 929 Ἐδείκνυτο

2342 967 2399 1022 δέ
2426 966 2588 1021 τοῦτο
2612 967 2701 1037 διὰ
2725 967 2822 1037 τῆς
2856 965 3232 1037 ἐλεημοσύνης
3255 968 3350 1020 καὶ
3372 966 3629 1037 καθαρᾶς
3655 967 3920 1038 ἀναστρο-

2286 1096 2301 1101 ο
2343 1062 2471 1131 φῆς.
2504 1060 2677 1125 Τδδὲ,
2712 1079 2731 1113 ι
2780 1061 2869 1114 Ἑν
2896 1060 3192 1130 ἀφελότητι
3220 1059 3472 1130 καρδίας,
3508 1077 3528 1111 ι
3563 1059 3687 1113 ἀντὶ
3715 1058 3832 1125 τοῦ,
3868 1063 3918 1115 ἐν

2342 1151 2673 1207 ταπεινώσει
2701 1153 2797 1206 καὶ
2838 1152 3107 1224 εὐτελείᾳ,
3146 1152 3317 1224 μηδὲν
3361 1150 3565 1222 ὑψηλὸν
3603 1151 3917 1224 φρονοῦντες

2345 1245 2430 1314 ἐφ’
2479 1239 2567 1308 αἷς
2618 1245 2886 1317 ἔπραττον
2933 1245 3323 1316 άγαθοεργίαις
3370 1244 3467 1298 καὶ
3513 1241 3918 1314 ἐλεημοσύναις,

2344 1339 2482 1411 ὅπερ
2513 1339 2748 1410 μάλιστα
2774 1336 2844 1413 ἦν
2893 1339 3207 1406 Ἰουδαϊκὸν,
3252 1338 3329 1403 ὼς
3353 1338 3460 1392 ἀπὸ
3502 1337 3597 1391 τοῦ
3641 1340 3920 1410 καυχωμέ-

2345 1446 2436 1484 νου
2459 1430 2758 1500 Φαρισαίου
2783 1430 2964 1502 δῆλον.

2952 1542 3207 1598 ΚΕΦᾹΛ.
3251 1545 3328 1596 Δ¹.

2324 1624 2486 1706 ΔΠερί
2537 1636 2648 1707 τῆς
2678 1637 2748 1691 ἐν
2781 1635 3013 1706 Χριστῷ
3059 1637 3378 1707 θεραπείας
3423 1637 3529 1691 τοῦ
3569 1636 3641 1690 ἐκ
3683 1636 3917 1706 γενετῆς

2417 1706 2653 1777 χωλοῦ,
2714 1707 2940 1777 Πέτρου
3004 1724 3067 1760 τε
3138 1707 3531 1777 κατηχήσεως
3604 1708 3914 1776 ἐκλεκτῆς,

2418 1776 2919 1857 ονιιμςντίιᾷηζιπῆςζ
2959 1776 3483 1857 σιέμόςουλευτιςιῆς
3501 1778 3687 1857 ,πρός
3738 1796 3917 1857 σωτη-

717 1842 1159 1917 etiainsulidilur
1190 1859 1499 1927 pontiﬁcum
1538 1855 1934 1911 animadversio
1973 1854 2087 1908 zelo
2120 1842 2236 1923 eius

2410 1842 2555 1927 ρζᾴν
2586 1842 2958 1927 αὐξῶν.”Εγ
3096 1842 3918 1927 ἐπισταςνιάτῶῇᾀρχιερέων

712 1930 855 1999 quod
885 1931 1087 2001 factum
1117 1926 1256 1995 erat,
1287 1938 1336 1982 et
1370 1930 1433 1983 de
1460 1927 1719 1981 miraculo
1751 1926 2058 1979 deccrtatio.

714 2023 905 2088 111,.1.
956 2041 975 2074 ‹
1022 2019 1200 2077 Simul
1240 2028 1422 2074 autem
1463 2017 1659 2074 Petrus
1691 2026 1745 2075 et
1773 2016 2014 2074 Joannes
2045 2030 2237 2072 ascen-

650 2138 671 2169 ι
707 2117 908 2173 debant
936 2116 992 2170 in
1032 2116 1293 2185 templum
1327 2114 1397 2169 ad
1434 2118 1623 2167 horam
1651 2110 1921 2166 orationis
1955 2124 2176 2164 nonam.
2210 2125 2229 2161 ι

718 2290 912 2366 Magna
937 2301 1022 2349 est
1046 2292 1245 2347 borum
1273 2291 1507 2347 duorum
1533 2288 1868 2345 unanimitas
1892 2294 1946 2341 et
1969 2285 2232 2341 amicitia.

643 2388 780 2442 Nam
812 2388 942 2442 huic
966 2385 1152 2441 innuit
1178 2385 1373 2441 Petrus
1401 2384 1455 2439 in
1481 2380 1699 2437 Domini
1726 2379 1986 2451 passione
2010 2386 2071 2433 ut
2095 2393 2235 2448 pra:-

644 2487 920 2548 ceptorem
950 2476 1318 2547 interrogaret
1337 2473 1406 2528 ".
1434 2470 1790 2541 Rursumque
1816 2468 1885 2524 ad
1917 2466 2233 2539 sepulcrum

610 2596 615 2601 ι
644 2571 811 2625 simul
839 2576 1070 2624 currunt
1092 2568 1164 2623 ³³.
1183 2566 1262 2621 ιΕι
1284 2568 1415 2622 item
1438 2565 1506 2622 de
1526 2565 1633 2620 hoc
1661 2564 1738 2618 ait
1761 2562 1958 2619 Petrus
1973 2560 2195 2617 Christo
2217 2577 2231 2614 :

611 2692 617 2703 ι
648 2660 748 2717 llic
777 2668 961 2717 autem
992 2658 1160 2730 quid?
1196 2657 1585 2714 Ascendebant
1620 2663 1803 2710 autem
1842 2654 1897 2708 in
1946 2652 2232 2723 templum,

647 2769 756 2808 non
775 2764 1030 2823 tanquam
1046 2750 1226 2807 adhuc
1253 2746 1738 2821 251udaizantes,
1757 2748 1850 2801 sed
1867 2744 2098 2801 viriliter
2114 2759 2233 2799 sese

648 2846 1005 2903 tleniittentes
1038 2844 1145 2900 hoc
1176 2842 1449 2898 iaciebant
1476 2855 1492 2894 :
1524 2849 1692 2910 utque
1720 2844 1914 2894 curato
1944 2836 2141 2892 claudo
2172 2834 2229 2888 in

648 2939 853 3009 templo
872 2952 1065 2994 omnes
1087 2936 1351 2992 haberent
1378 2945 1540 2991 testes
1560 2942 1908 3004 quotcunque
1926 2930 2229 2985 venissent.

649 3030 809 3086 Multi
830 3030 979 3087 enim
1004 3029 1081 3085 ibi
1102 3028 1467 3085 versabantur
1489 3027 1563 3082 ob
1584 3025 1692 3081 loci
1717 3024 2102 3080 reverentiam.
2131 3018 2235 3075 Per

650 3123 758 3179 hoc
785 3128 969 3177 autem
997 3120 1146 3191 quod
1180 3119 1369 3199 horam
1402 3117 1701 3189 signiﬁcat,
1732 3116 1893 3173 docet
1921 3115 2067 3186 quod
2100 3129 2225 3185 pre-

2413 1919 2569 1989 ζήλῳ
2593 1920 2699 1975 τοῦ
2726 1921 3064 1991 γεγονότος,
3102 1919 3202 1971 καὶ
3233 1920 3434 1985 κρίσις
3461 1919 3567 1973 τοῦ
3600 1921 3913 1989 θαύματος.

2416 2030 2435 2063 ι
2488 2010 2611 2063 Ἐπὶ
2635 2012 2696 2063 τὸ
2723 2010 2855 2064 αὐτὸ
2880 2009 2936 2063 δὲ
2973 2009 3179 2077 Πέτρος
3214 2008 3309 2061 καὶ
3359 2008 3615 2080 Ἰωάννης
3644 2009 3912 2065 ἀνέϐαινον

2344 2120 2362 2155 ι
2406 2104 2487 2167 εἰς
2522 2103 2584 2157 τὸ
2613 2103 2760 2176 ἱερὸν
2788 2105 2881 2157 ἐπὶ
2906 2103 3006 2176 τὴν
3048 2101 3200 2173 ὤραν
3226 2101 3327 2172 τῆς
3355 2102 3671 2173 προσευχῆς
3700 2105 3797 2175 τὴν
3836 2104 3913 2156 ἐν·

2343 2214 2362 2248 ι
2404 2196 2593 2268 νάτην.
2628 2215 2647 2249 ι

2406 2289 2582 2362 Πολλὴ
2611 2291 2644 2362 ἡ
2667 2288 2784 2343 τῶν
2810 2288 2903 2343 δύο
2932 2290 3137 2344 τούτων
3156 2291 3380 2360 ὁμόνοια
3414 2291 3507 2344 καὶ
3533 2289 3707 2359 φιλία.
3741 2290 3913 2361 Τούτῳ

2336 2382 2443 2454 γὰρ
2496 2382 2641 2438 νεύει
2689 2384 2716 2436 ό
2752 2382 2961 2454 Πέτρος
2994 2384 3053 2437 ἐν
3098 2384 3178 2456 τῷ
3216 2384 3418 2456 Κυρίου
3457 2384 3618 2439 πάθει
3667 2384 3914 2438 πυθέσθαι

2335 2472 2432 2526 τοῦ
2494 2472 2818 2527 διδασκάλου
2857 2514 2870 2539 ,
2947 2473 3042 2527 καὶ
3109 2476 3204 2527 ἐπὶ
3263 2475 3356 2528 τὸν
3414 2475 3584 2546 τάφον
3650 2477 3705 2529 δέ
3766 2476 3916 2531 πάλιν

2335 2565 2470 2634 ὁμοῦ
2550 2567 2841 2635 τρέχουσι,
2901 2567 2995 2619 καὶ
3062 2566 3194 2636 περί
3256 2567 3437 2621 αὐτῶν
3523 2567 3689 2621 πάλιν
3765 2568 3914 2637 φησὶν

2334 2657 2362 2710 ὁ
2394 2656 2598 2728 Πέτρος
2646 2657 2725 2728 τῷ
2777 2656 3020 2729 Χριστῷ.
3072 2651 3241 2722 Οὗτος
3292 2658 3351 2712 δέ
3381 2658 3471 2725 τίς
3511 2659 3820 2713 Ἀνέόαινον
3864 2659 3913 2711 δὲ

2335 2750 2394 2803 ἐν
2426 2750 2506 2820 τῷ
2558 2749 2711 2820 ἱερῷ,
2765 2750 2864 2819 οὐχ
2913 2751 2991 2814 ὡς
3040 2749 3121 2803 ἔτι
3164 2748 3571 2816 ’ἰουδαΐζοντες,
3625 2752 3759 2805 ἀλλὰ
3793 2769 3915 2823 χρη-

2338 2842 2514 2912 σίμως
2568 2842 2664 2895 καὶ
2718 2841 3209 2911 συγκαταϐατικῶς
3256 2843 3416 2897 τοῦτο
3472 2842 3776 2907 ποιοῦντες,
3830 2842 3913 2896 καὶ

2338 2934 2426 2987 ἵνα
2472 2932 2900 3005 θεραπευθέντος
2952 2933 3046 2986 τοῦ
3092 2934 3265 3005 χωλοῦ
3315 2937 3373 2989 ἐν
3418 2934 3495 3005 τῷ
3531 2935 3665 3006 ἱερῷ
3717 2936 3912 2997 πάντας

2337 3024 2518 3095 ἔχοιεν
2544 3026 2671 3089 τοὺς
2699 3010 3015 3096 ἑωρακότας
3047 3026 3355 3097 μάρτυρας.
3398 3025 3592 3080 Πολλοί
3631 3025 3745 3096 γὰρ
3792 3040 3908 3080 suv-

2336 3118 2508 3190 ῄεσαν
2537 3118 2676 3182 ἐκεῖ,
2711 3116 2799 3171 διὰ
2831 3117 2892 3170 τὸ
2942 3117 3244 3189 σεϐάσμιον
3277 3119 3370 3171 τοῦ
3397 3119 3586 3175 τόπου.
3617 3119 3794 3173 Διάδὲ
3826 3119 3908 3173 τοῦ

641 3215 813 3271 cibus
837 3226 1058 3284 semper
1074 3211 1492 3268 incumbebant.
1510 3208 1759 3265 Meminit
1776 3222 1906 3264 vero
1932 3216 1990 3263 et
2021 3207 2231 3277 templi.

2345 3209 2801 3280 ἐπισημήνασθαι
2831 3209 2930 3278 τὴν
2965 3208 3135 3279 ὥραν,
3171 3211 3415 3265 διδάσκει
3444 3212 3519 3275 ὡς
3561 3213 3649 3266 ἀεὶ
3675 3215 3794 3277 ταῖς
3830 3214 3911 3267 εύ-

648 3313 711 3361 υι
743 3312 1004 3376 utroqtte,
1044 3314 1313 3376 tempore,
1346 3304 1593 3374 inquam,
1624 3309 1679 3357 et
1712 3302 1854 3368 loco,
1884 3315 2008 3371 quae
2041 3300 2236 3355 scthit

647 3400 961 3455 continuet.
984 3396 1124 3452 Cum
1149 3404 1333 3451 autem
1358 3396 1531 3450 multa
1555 3395 1700 3451 edita
1728 3394 1841 3449 sint
1870 3393 1940 3448 ab
1968 3391 2236 3463 apostolis

648 3491 940 3553 miracula,
973 3496 1138 3560 prout
1185 3488 1443 3558 superius
1478 3487 1731 3542 meminit
1767 3485 1946 3541 Lucas
1983 3474 2077 3554 (ιιιὶ
2121 3484 2238 3538 hzec

650 3583 866 3647 scribit,
891 3581 1098 3636 nullius
1122 3580 1341 3645 illorum
1367 3580 1690 3636 nominatim
1717 3578 1846 3635 fecit
1871 3581 2197 3633 mentionem
2220 3594 2234 3631 :

650 3674 747 3733 sed
778 3673 909 3728 illud
938 3679 1154 3728 tantum
1183 3671 1378 3729 scribit
1402 3686 1514 3742 quo
1542 3686 1735 3727 uutnes
1766 3672 1900 3726 moti
1929 3682 2076 3726 sunt.
2100 3668 2236 3723 Nam

650 3766 745 3824 illa
779 3766 1039 3822 fortassis
1064 3765 1229 3821 etiam
1258 3764 1777 3830 contemnebantur,
1801 3778 1873 3820 eo.
1896 3764 2040 3835 quod
2074 3779 2238 3835 parva

622 3932 625 3937 ν
648 3856 987 3914 viderentur.
1014 3856 1124 3911 Aut
1150 3854 1495 3925 etiam,.quia
1525 3854 1763 3912 historia
1793 3855 1911 3912 haec
1940 3870 2052 3911 non
2079 3870 2239 3912 arro-

647 3948 851 4020 gantia:
872 3948 1056 4018 gratia
1083 3947 1154 4004 ab
1185 3946 1308 4021 ipso
1337 3945 1618 4003 elaborata
1647 3954 1750 4003 est.

720 4106 955 4188 "1,72-6.
1012 4138 1031 4172 ι
1078 4119 1145 4177 Et
1185 4121 1408 4192 quidam
1451 4123 1556 4186 vir,
1591 4122 1687 4192 qui
1724 4120 1957 4177 claudus
2004 4128 2125 4177 erat
2171 4119 2242 4175 ab

2338 3305 2464 3374 χαῖς
2494 3303 2788 3356 ἐνέκειντο.
2817 3302 3109 3372 Μέμνηται
3147 3300 3205 3357 δὲ
3235 3303 3328 3356 καὶ
3360 3303 3454 3357 τοῦ
3491 3303 3661 3375 ἱεροῦ,
3706 3305 3775 3359 δι’
3806 3305 3904 3375 ἀμ-

2337 3392 2605 3462 φοτέρων,
2634 3407 2706 3461 φη
2718 3390 2803 3461 μὶ,
2826 3390 2919 3442 τοῦ
2948 3392 3140 3460 χρόνου
3180 3390 3275 3444 καὶ
3307 3391 3401 3444 τοῦ
3429 3392 3596 3445 τόπου
3632 3391 3908 3461 πιστούμε-

2336 3499 2425 3545 νος
2454 3481 2491 3535 ἃ
2517 3481 2737 3552 γράφει.
2785 3480 3002 3535 Πολλῶν
3043 3481 3102 3534 δέ
3133 3482 3434 3553 θαυμάτων
3476 3482 3906 3553 ἐπιτελουμένων

2338 3572 2444 3624 ὑπὸ
2494 3571 2602 3624 τῶν
2651 3570 2995 3637 ἀποστόλων,
3047 3573 3124 3636 ὡς
3168 3574 3264 3625 καὶ
3308 3574 3567 3644 ἀνωτέρω
3609 3572 3908 3644 ἐμνήσθηό

2336 3662 2512 3718 ταῦτα
2563 3662 2795 3735 γράφων
2844 3665 3077 3729 Λουκᾶς,
3133 3664 3347 3730 οὐδενὸς
3388 3668 3614 3721 ἐκείνων
3663 3663 3909 3737 ὀνομαστὶ

2343 3754 2693 3825 μνημονεύει,
2731 3753 2846 3809 ἀλλ’
2893 3758 3067 3809 ἐκεῖνο
3108 3756 3310 3827 γράφει
3346 3758 3505 3827 μόνον
3558 3757 3654 3826 ἀφ’
3693 3752 3751 3811 οὗ
3786 3754 3909 3808 πάν-

2348 3863 2442 3910 τες
2485 3845 2817 3919 ἐκινήθησαν
2839 3863 2852 3878 ·
2882 3850 3069 3901 ἐκεῖνα
3108 3848 3217 3920 γὰρ
3265 3849 3395 3913 ῐσως
3428 3849 3523 3904 καὶ
3559 3848 3908 3921 παρεωρῶντο

2343 3938 2435 3993 διὰ
2462 3938 2524 3993 τὸ
2549 3940 2758 4013 σμικρὰ
2788 3940 2966 3995 δοκεῖν
2989 3956 3019 3981 ι·
3059 3942 3091 4013 ἢ
3119 3944 3213 3996 καὶ
3242 3943 3324 3996 ὅτι
3355 3944 3417 3996 οὐ
3454 3934 3671 4014 κόμπου
3703 3939 3906 4014 χάρινὴ

2342 4033 2635 4104 συγγραφὴ
2670 4033 2816 4103 αὐτῷ
2850 4032 2988 4104 αὕτη
3022 4035 3389 4105 ἐσπουδάσθη.

2415 4141 2433 4174 ι
2473 4122 2580 4198 Καί
2610 4138 2697 4188 τις
2724 4123 2863 4193 ἀνὴρ
2912 4125 3085 4195 χωλὸς
3123 4127 3187 4179 ἐκ
3231 4126 3439 4190 κοιλίας
3492 4127 3704 4197 μητρὸς
3733 4122 3891 4179 αὑτοῦ

656 4231 677 4266 ι
715 4221 871 4269 utero
899 4216 1093 4270 matris
1124 4216 1282 4286 sua»!
1305 4202 1659 4285 bajulabatur
1697 4232 1710 4268 :
1753 4228 1914 4284 quem
1960 4214 2236 4284 ponebant

2348 4231 2366 4265 ι
2404 4212 2696 4284 ὑπάρχων,
2749 4214 3098 4281 ἐϐαστάζετο,
3146 4216 3205 4270 ὃν
3261 4217 3472 4272 ἐτίθουν
3529 4218 3654 4274 καθ’
3701 4217 3902 4287 ἡμέραν

656 4325 675 4358 ι
710 4304 959 4379 quotidie
1006 4306 1073 4361 ad
1127 4315 1339 4379 portam
1386 4295 1575 4377 templi
1619 4320 1742 4377 quae
1785 4306 2072 4362 dicebatur
2113 4307 2236 4378 Spe-

2349 4323 2368 4358 ι
2403 4306 2539 4377 πρὸς
2575 4306 2674 4376 τὴν
2698 4305 2867 4378 θύραν
2895 4307 2992 4361 τοῦ
3020 4308 3166 4380 ίεροῧ
3198 4309 3295 4380 τὴν
3319 4309 3622 4381 λεγομένην
3668 4308 3899 4381 Ὠραίαν.

630 4404 676 4450 ἰ
720 4398 896 4464 ciosa,
931 4408 989 4467 ut
1024 4407 1233 4470 peteret
1273 4398 1678 4470 eleemosynam
1724 4399 1793 4456 ab
1836 4400 2236 4457 introeuntibus

2351 4417 2369 4450 ι
2406 4398 2500 4452 τοῦ
2532 4400 2704 4453 αἰτεῖν
2726 4399 3100 4472 ἐλεημοσύνην
3133 4402 3286 4473 παρὰ
3315 4401 3424 4455 τῶν
3445 4401 3906 4473 εἰσπορευομένων

658 4508 675 4540 ι
715 4489 770 4543 in
824 4490 1112 4559 templum.
1183 4491 1235 4544 is
1274 4503 1400 4545 cum
1439 4489 1670 4545 vidisset
1711 4487 1933 4545 Petrum
1977 4499 2033 4547 et
2077 4488 2236 4547 Joan-

2352 4510 2371 4544 ι
2417 4493 2495 4556 εἰς
2523 4491 2583 4546 τὸ
2616 4493 2784 4563 ίερόν.
2828 4496 2925 4558 Ὃς
2968 4493 3093 4549 ἰδὼν
3131 4495 3337 4566 Πέτρον
3368 4495 3461 4548 καὶ
3505 4496 3757 4567 Ἰωάννην
3794 4492 3906 4563 μέλ⁸

656 4599 675 4632 ι
711 4596 837 4637 nem
869 4581 1224 4654 ingressuros
1260 4581 1313 4635 in
1342 4580 1632 4652 templum,
1663 4582 1892 4652 rogabat
1924 4590 1983 4637 ut
2011 4582 2236 4639 elecmo-

2356 4602 2376 4638 ι
2415 4585 2609 4650 λοντας
2639 4585 2871 4640 εἰσιέναι
2914 4589 2994 4650 εἰς
3027 4588 3088 4640 τὸ
3124 4587 3288 4656 ἱερὸν,
3331 4585 3523 4659 ἠρώτα
3550 4586 3909 4658 ἐλεημοσύνην

656 4695 675 4725 ‹
712 4689 905 4746 synam
954 4674 1257 4745 acciperet.
1306 4672 1514 4730 Detixis
1565 4682 1749 4729 autem
1797 4675 1852 4729 in
1900 4690 2026 4730 eum
2067 4676 2236 4731 oculis

2353 4696 2373 4730 ι
2411 4676 2615 4733 λαὸεἴν.
2662 4678 2940 4742 Ἀτενίσας
2972 4679 3029 4733 δέ
3080 4681 3288 4752 Πέτρος
3344 4682 3423 4743 εἰς
3476 4680 3640 4735 αὐτὸν
3696 4682 3791 4734 σὺν
3834 4674 3915 4746 τῷ

657 4786 673 4815 ι
713 4764 915 4823 Petrus
946 4781 1071 4822 cum
1096 4765 1332 4833 Joanne,
1367 4765 1507 4822 dixit
1537 4782 1551 4820 :
1580 4767 1782 4839 ASpice
1810 4771 1864 4823 in
1897 4783 2020 4824 nos.
2050 4769 2121 4822 At
2153 4767 2244 4822 ille

655 4879 673 4910 ι
710 4859 1029 4916 intendebat
1060 4860 1117 4915 in
1147 4875 1244 4915 eos
1277 4872 1509 4931 sperans
1549 4876 1609 4917 se
1643 4862 1851 4932 aliquid
1882 4870 2235 4932 accepturum

655 4968 673 5002 ι
710 4949 779 5005 ab
805 4952 908 5006 eis.
952 4950 1098 5004 Dixit
1136 4958 1319 5005 autem
1359 4949 1574 5008 Petrus.
1609 4969 1629 5004 ι

628 5044 633 5049 ’
718 5040 1003 5108 Quomodo
1033 5043 1216 5097 claudi
1269 5058 1463 5099 aomen
1495 5058 1607 5098 non
1651 5042 1850 5114 ponit?
1883 5041 2023 5109 Quia
2055 5059 2232 5116 neque

632 5132 781 5186 illud
811 5141 1081 5187 noverant
1104 5134 1363 5204 apostoli.
1394 5133 1571 5190 Homo
1594 5149 1835 5207 namque
1861 5135 2077 5205 penitus
2100 5137 2236 5207 ipsis

634 5223 869 5295 ignotus
893 5234 1013 5280 erat
1042 5241 1056 5277 :
1089 5224 1275 5293 idque,
1301 5232 1360 5280 ut
1386 5240 1565 5296 neque
1590 5226 1841 5296 obsequii
1872 5233 1968 5280 aut
1995 5226 2240 5282 affectio-

644 5318 733 5373 nis
760 5317 933 5385 gratia
963 5318 1229 5373 sanitates
1262 5317 1526 5387 perlicere
1566 5317 1873 5379 videantur,
1914 5334 2091 5389 neque
2128 5318 2237 5374 ulla

649 5409 889 5466 ﬁctionis
926 5409 1170 5480 suspicio
1199 5411 1364 5464 etiam
1401 5409 1546 5481 apud
1588 5420 1683 5466 eo’s
1726 5413 1818 5481 qui
1866 5412 2239 5482 impudentis-

631 5503 772 5556 ‘simi
797 5512 927 5558 sunt
959 5501 1163 5556 exoriri
1201 5502 1394 5572 possit,
1422 5504 1570 5571 quod
1609 5502 1663 5558 in
1697 5504 1927 5575 gratiam
1956 5503 2235 5574 apostolo-

642 5611 768 5649 rum
801 5594 1024 5666 quidam
1062 5594 1197 5665 ipsis
1237 5596 1350 5650 noti
1383 5596 1763 5667 contingerent
1803 5606 2057 5667 peractas
2087 5597 2237 5651 circa

640 5700 704 5743 se
731 5688 1022 5743 sanitates.
1065 5686 1354 5753 Quomodo
1389 5701 1522 5760 ergo
1553 5703 1754 5744 nomen
1788 5704 1895 5745 non
1929 5689 2241 5761 interroga-

2349 4785 2368 4818 ι
2420 4768 2640 4840 Ἰωάννῃ
2678 4764 2832 4821 εἷπε·
2891 4769 3097 4838 Βλέψον
3151 4771 3232 4833 εἰς
3275 4770 3445 4840 ἡμᾶς.
3499 4767 3556 4822 ’0
3591 4767 3649 4822 δὲ
3703 4768 3908 4834 ἐπεῖχεν

2346 4876 2364 4908 ι
2414 4859 2620 4923 αὐτοῖς,
2683 4857 2999 4930 προσδοκῶν
3033 4875 3088 4911 τι
3141 4860 3271 4930 παρ’
3299 4857 3487 4914 αὐτῶν
3528 4858 3735 4913 λαϐεῖν.
3780 4853 3905 4910 Eine

2345 4968 2365 5003 ι
2403 4949 2459 5003 δέ
2502 4950 2729 5021 Πέτρος.
2763 4969 2783 5001 ι

2406 5039 2531 5102 Πῶς
2547 5040 2609 5093 οὐ
2628 5039 2774 5108 λέγει
2794 5040 2852 5093 τὸ
2867 5040 3039 5109 ὄνομα
3057 5039 3151 5093 τοῦ
3171 5039 3345 5110 χωλοῦ
3362 5056 3376 5106 ;
3395 5039 3607 5093 ὃτιοὺδέ
3630 5039 3677 5092 οἰ
3696 5036 3909 5093 ἀπόστο-

2333 5132 2414 5186 λοι
2436 5131 2659 5204 ᾔδεισαν
2684 5132 2871 5187 αὐτόν.
2902 5131 3187 5195 Παντελῶς
3213 5132 3323 5203 γάρ
3364 5131 3392 5184 ὁ
3435 5130 3718 5201 ἄνθρωπος
3740 5129 3907 5194 ἄγνωο

2336 5242 2459 5289 στος
2474 5219 2540 5297 ἦν
2564 5224 2860 5298 αὑτῷ.Κα“ι
2879 5224 3056 5291 τοῦτο,
3090 5224 3176 5279 ἵνα
3209 5226 3346 5296 μήτε
3413 5223 3759 5296 χαριζόμενοι
3790 5218 3905 5292 φαί-

2337 5335 2555 5386 νωνται,
2586 5320 2685 5371 καὶ⁹
2710 5318 2851 5373 κατὰ
2876 5319 3252 5389 προσπάθειαν
3268 5317 3581 5388 ποιούμενοι
3603 5316 3697 5379 τὰς
3727 5315 3902 5375 ἰάσεις,

2356 5411 2494 5481 μήτε
2556 5428 2638 5474 τις
2667 5412 2890 5465 ὑπόνοια
2922 5412 3262 5483 ὑποκρίσεως
3288 5411 3422 5482 μηδὲ
3447 5410 3598 5482 παρὰ
3626 5410 3731 5464 τῶν
3758 5409 3903 5461 άναι-

2344 5502 2720 5573 σχυντοτάτων
2777 5503 3232 5574 ύπολαμόάνηται
3257 5546 3273 5569 ,
3316 5505 3399 5557 ὅτι
3436 5505 3570 5575 πρὸς
3615 5502 3773 5572 χάριν
3803 5484 3943 5549 τὼνκ

2346 5596 2664 5651 ἀποστόλων
2699 5597 2843 5662 τινές
2894 5597 3001 5650 τῶν
3054 5582 3237 5659 αὐτοῖς
3288 5598 3582 5667 γνωρίμων
3635 5595 3732 5657 τάς
3770 5588 3904 5667 ,περὶ

2351 5688 2548 5753 αὐτοὺς
2607 5689 2777 5753 ἰάσεις
2829 5688 3229 5762 ὑποκρίνοιντο.
3276 5688 3405 5752 Πῶς
3443 5683 3537 5741 οὖν
3573 5687 3673 5740 οὐκ
3718 5678 3905 5753 ἔμαθον

633 5886 641 5913 ς
718 5865 769 5903 κ
816 5864 953 5923 Luc.
981 5880 1139 5935 xrm,
1179 5865 1249 5924 to
1274 5880 1433 5937 seqq.
1509 5869 1555 5903 ³⁷
1601 5868 1759 5926 toan.
1799 5882 1921 5935 xm,
1954 5869 2045 5926 36.
2123 5870 2169 5904 ³⁸
2223 5870 2381 5927 Joan.
2418 5872 2610 5938 xx,.t.
