4058 6582
161 430 226 499 81
1111 439 1507 502 COMMENT.
1550 442 1633 502 1N
1674 443 1861 502 ACTA
1893 444 2474 507 APOSTOLORUM.

3352 445 3437 511 8?

142 544 276 617 μετὰ
298 543 398 615 τὴν
424 543 569 598 ῐασιν
607 543 670 597 τὸ
699 543 907 614 ὃνομα;
936 545 1063 603 ¹Ὅτι
1094 546 1194 600 οὐκ
1234 541 1302 618 ἦν
1343 548 1526 611 αὐτοῖς
1568 547 1733 620 σχολὴ

1861 557 1972 604 »σοι
2012 558 2136 620 post
2166 550 2349 606 datam
2391 548 2737 607 sanitatem?
2768 547 2907 615 Quia
2938 544 3124 604 ot‘lum’
3147 548 3284 620 ipsis
3315 565 3437 607 non

144 636 265 708 περὶ
292 634 361 688 τά
399 635 567 706 μηδὲν
587 634 842 689 λυσιτελο
863 636 995 692 ῦντα
1023 639 1491 710 κατασχολεῖσθαι.
1526 642 1650 706 Πῶς
1673 642 1730 695 δὲ

1861 649 1957 694 :rat
1990 651 2057 693 nt
2093 650 2355 697 vacarent
2397 642 2547 696 circa
2588 656 2652 697 ea
2695 655 2815 711 qua:
2862 640 2999 695 nihil
3048 640 3428 698 conferebant.
3473 698 3476 702 λ

145 727 301 780 αὐτὸν
336 726 400 779 ού
456 729 812 798 προσήγαγον
861 729 1074 802 ίαθῆναι
1132 731 1211 803 τῷ
1263 731 1520 804 Χριστῷ;
1586 732 1720 797 ἴσως

150 823 284 886 τινὲς,
340 818 486 894 ἦσαν
541 823 763 877 ἄπιστοι
811 826 861 877 οἱ
925 825 1379 897 προσεδρεύοντες
1443 825 1522 898 τῷ
1568 825 1723 899 ἱερῷ,

151 919 344 986 ὅπουγε
394 916 521 969 οὐδὲ
574 919 685 979 τοῖς
736 917 1055 981 ἀποστόλοις
1121 918 1287 971 αὑτὸν
1352 920 1730 991 προσήγαγον,

151 1008 344 1072 ἰδόντες
369 1008 573 1072 αὐτοὺς
622 1009 891 1071 εἰσιόντας
921 1008 1018 1063 καὶ
1055 1008 1310 1080 θαύματα
1345 1010 1718 1080 πεποιηκότας

150 1098 388 1154 τοιαῦτα.
419 1100 546 1152 Ὀτι
592 1100 763 1170 χωλὸς
803 1096 872 1170 ἦν
921 1104 985 1154 ἐκ
1023 1101 1227 1165 κοιλίας
1281 1103 1508 1175 μητρὸς,
1567 1101 1726 1157 τοῦτο

147 1188 343 1250 πάντες
370 1189 422 1241 οί
448 1190 504 1241 ἐν
521 1188 599 1259 τῷ
627 1189 758 1260 ἱερῷ
787 1190 1003 1262 ᾔδεσαν.
1030 1190 1133 1244 Διὸ⁸
1148 1192 1244 1246 καὶ
1285 1192 1361 1257 ὡς
1396 1193 1732 1263 περιφανοῦς

145 1280 294 1344 δντος
321 1282 403 1334 ὅτι
422 1280 577 1335 τοῦτο
612 1277 701 1353 ἦν,
725 1283 845 1336 οὐδὲ
865 1283 959 1337 τοῦ
993 1284 1256 1355 ὀνόματος
1283 1284 1449 1339 αὐτοῦ
1482 1285 1575 1339 τοῦ
1609 1287 1727 1340 Κυ-

151 1372 265 1441 ρίου
311 1372 631 1443 ἐφρόντιζον
655 1375 791 1445 πρὸς
823 1375 885 1429 τὸ
925 1376 1084 1430 τοῦτο
1111 1377 1274 1431 αὐτὸν
1320 1377 1527 1432 καλεῖν.
1591 1377 1716 1431 ’Δὶλ

150 1464 300 1517 ἐνίκα
324 1463 383 1516 τὺ
409 1463 504 1517 τοῦ
526 1466 731 1530 πάθους
763 1468 856 1519 καὶ
886 1466 1059 1537 αὐτὴν
1083 1470 1182 1539 τὴν
1227 1468 1597 1540 προσηγορίαν
1620 1468 1687 1523 αὐ
1704 1499 1721 1511 ο

148 1555 259 1621 τοῦ,
293 1558 390 1609 καὶ
429 1556 599 1626 όνομα
633 1557 785 1627 αὐτῷ
810 1560 888 1623 είς
920 1558 1215 1630 γνώρισμα
1251 1559 1637 1631 κατεξαίρετον
1672 1560 1733 1614 τὸ

1840 732 2043 788 Verum
2095 734 2373 804 quomodo
2424 734 2574 788 illum
2622 748 2731 789 non
2780 733 3130 789 adduxerunt
3171 735 3236 789 ad
3274 734 3435 790 Chri-

1838 832 1985 881 stum
2040 836 2101 881 ut
2149 825 2483 881 sanaretur?
2539 822 2825 880 Fortassis
2885 825 3154 879 increduli
3211 825 3431 895 quidam

1837 927 1997 973 erant
2039 919 2131 988 qui
2151 918 2306 987 juxta
2335 916 2598 987 templum
2645 917 2985 982 residebant,
3012 926 3107 971 aut
3137 917 3192 972 in
3217 933 3283 972 eo
3331 917 3434 973 lni-

1839 1008 2159 1063 nistrabant
2198 1027 2211 1063 :
2242 1008 2333 1063 ubi
2365 1023 2544 1077 neque
2570 1007 2636 1062 ad
2671 1008 2950 1078 apostolos
2983 1009 3161 1078 ipsum
3187 1009 3434 1066 adduxe-

1845 1107 1998 1164 runt,
2029 1114 2156 1155 cum
2189 1100 2315 1155 illos
2352 1098 2562 1170 ingredi
2594 1098 2863 1166 viderent,
2897 1111 2946 1154 et
2979 1099 3127 1170 quod
3157 1102 3285 1155 talia
3315 1102 3432 1156 edi-

1845 1189 2063 1245 dissent
2118 1190 2406 1247 miracula.
2464 1189 2621 1256 Quod
2673 1190 2907 1247 claudus
2953 1200 3104 1248 esset
3151 1193 3220 1248 ab
3274 1202 3434 1248 utero

1844 1283 2063 1349 matris,
2095 1282 2147 1337 id
2181 1283 2440 1339 omnibus
2468 1291 2656 1338 notum
2697 1292 2817 1339 erat
2860 1286 2954 1355 qui
3000 1284 3052 1338 in
3100 1286 3302 1356 templo
3338 1286 3434 1343 de-

1844 1376 2049 1446 gebant
2083 1392 2099 1430 :
2133 1376 2257 1431 ideo
2294 1376 2459 1432 etiam
2500 1391 2625 1432 eum
2667 1377 2770 1432 hoc
2799 1378 2876 1432 ita
2906 1392 3031 1434 esse
3059 1380 3276 1434 cunctis
3315 1395 3433 1434 ma-

1845 1470 2110 1526 nifestum
2154 1477 2338 1536 esset,
2391 1486 2568 1541 neque
2608 1485 2742 1527 cura
2788 1471 2898 1527 illis
2950 1470 3053 1526 fuit
3099 1471 3170 1527 de
3214 1473 3435 1529 nomine

1852 1561 2067 1616 Domini
2097 1562 2295 1633 ipsius,
2325 1562 2393 1617 ad
2434 1562 2538 1618 hoc
2569 1571 2630 1617 ut
2663 1563 2843 1634 ipsum
2876 1563 2945 1617 ab
2973 1561 3068 1618 illo
3100 1564 3435 1635 appellantes

150 1651 291 1714 σίνος
319 1649 551 1717 ἐγίνετο.
592 1649 811 1702 Πολλῶν
842 1650 898 1703 δέ
924 1648 1244 1721 θαυμάτων,
1271 1651 1348 1715 ὡς
1369 1651 1615 1722 εἴπομεν,
1640 1651 1745 1705 ὑπὸ

1861 1651 2011 1708 nobis
2052 1650 2464 1723 signiﬁcarent,
2496 1652 2590 1708 sed
2623 1651 2692 1707 de
2724 1652 2841 1709 sola
2883 1650 3001 1721 ejus
3039 1651 3434 1718 imbecillitate,

147 1740 252 1794 τῶν
289 1741 606 1794 ἀποστόλων
668 1742 994 1812 γινομένων,
1024 1742 1084 1796 ού
1103 1730 1388 1814 προσῆγον
1419 1742 1585 1797 αὐτὸν
1616 1743 1744 1797 τούσ-

1861 1742 2087 1814 ejusque
2132 1742 2498 1814 appellatione
2563 1760 2578 1796 :
2626 1743 2748 1815 ’26
2795 1749 2850 1799 et
2901 1743 3016 1798 haec
3063 1741 3332 1814 aegritudo
3370 1757 3437 1797 ac

146 1850 257 1896 τοις
280 1832 331 1885 οἱ
367 1833 637 1897 Ἰουδαῖοι,
664 1832 740 1896 ὡς
768 1831 846 1904 τῷ
864 1832 1107 1904 Χριστῷ,
1143 1834 1264 1905 ἢτοι
1301 1832 1650 1903 φθονοῦντες,
1700 1834 1733 1906 ἢ

1861 1836 2115 1890 damnum
2150 1834 2354 1890 factum
2383 1842 2470 1891 est
2498 1834 2602 1906 ipsi
2641 1832 2838 1891 nomen
2869 1835 2936 1889 ad
2966 1836 3304 1906 praecipuum
3338 1848 3439 1888 no—

152 1927 240 1978 καὶ
284 1925 360 1979 δι’
402 1927 688 1980 ἀπιστίαν.
743 1925 911 1979 Οὔπω
940 1925 1048 1996 γὰρ
1082 1926 1332 1996 ἐνόμιζον
1352 1925 1605 1981 τοσοῦτον
1636 1926 1732 1981 αὖ·

1868 1944 2073 2000 umque
2116 1928 2408 1983 indicium.
2447 1928 2584 1983 Cum
2626 1940 2806 1982 autem
2849 1927 3021 1982 multa
3056 1927 3127 1983 ab
3164 1920 3434 1997 apostolis

152 2017 271 2081 τοὺς
296 2016 508 2087 ἰσχύειν
540 2017 995 2089 θαυματουργεῖν.

1861 2020 2130 2076 uterentur
2171 2020 2459 2087 miracula,
2481 2021 2648 2076 veluti
2702 2020 2965 2087 diximus,
3007 2035 3132 2076 eum
3178 2019 3248 2074 ad
3288 2019 3438 2090 ipsos

156 2128 257 2166 non
296 2113 645 2168 adduxerunt
682 2112 877 2181 Judaei,
924 2117 1039 2171 sive
1069 2115 1215 2187 quod
1294 2116 1515 2174 Christo
1585 2116 1919 2184 inviderent,
1998 2117 2116 2174 sive
2152 2125 2375 2190 propter
2454 2117 2896 2174 incredulitatem
2943 2137 2957 2173 :
3005 2116 3249 2172 nondum
3291 2117 3437 2173 enim

142 2220 242 2261 eos
285 2206 699 2263 arbitrabantur
745 2223 906 2279 posse
925 2210 1140 2280 operari
1188 2218 1399 2264 tantum
1451 2209 1804 2265 miraculum.

230 2343 249 2372 ο
296 2322 586 2394 Ἀργύριον
619 2324 715 2377 καὶ
755 2325 977 2396 χρυσίον
1015 2326 1115 2398 οὐχ
1172 2326 1386 2398 ὁπάρχε
1413 2344 1538 2399 μοι’
1597 2326 1626 2380 ὃ
1681 2324 1739 2380 δὲ

163 2436 181 2469 ι
215 2417 345 2486 ἔχω,
376 2416 539 2471 τοῦτό
573 2434 658 2471 σοι
689 2417 906 2489 δίδωμι.
935 2437 956 2471 ι

224 2509 396 2563 Τοῦτο
442 2509 544 2574 τὴν
584 2510 826 2581 παντελῆ
873 2510 969 2567 τοῦ
998 2511 1210 2583 ’χρυσοῦ
1248 2512 1431 2569 αὐτῶν
1469 2514 1740 2585 ἀκτησίαν

1920 2324 2007 2390 Ill,
2032 2324 2087 2381 ϐ.
2137 2344 2158 2379 ι
2190 2325 2495 2398 Argentum
2527 2332 2580 2379 et
2611 2338 2806 2379 aurum
2839 2338 2948 2379 non
2975 2330 3059 2379 est
3091 2322 3221 2379 mihi
3249 2339 3264 2377 :
3290 2324 3439 2395 quod

1858 2439 1873 2471 ι
1902 2427 2083 2475 autem
2115 2419 2312 2485 habeo,
2348 2419 2452 2474 hoc
2488 2418 2587 2473 tibi
2621 2417 2713 2474 do.
2753 2435 2773 2470 ›

1928 2511 2042 2568 Hoc
2072 2513 2317 2583 ipsorum
2365 2511 2739 2581 omnimodam
2773 2511 2893 2565 auri
2933 2496 3174 2580 inopiam
3206 2509 3439 2577 demon-

162 2604 431 2673 ἐμφαίνει.
453 2604 530 2658 06
547 2605 678 2676 γὰρ,
700 2603 777 2669 ὡς
805 2603 1065 2669 πολλάκις
1093 2608 1262 2676 ἡμεῖς
1279 2623 1482 2677 φαμεν,
1505 2608 1588 2662 ὅτι
1609 2603 1739 2661 Ὧδε

1861 2614 2014 2661 strat.
2059 2603 2251 2676 Neque
2278 2605 2448 2669 enim,
2481 2602 2945 2676 quemadmodum
2982 2617 3084 2659 nos
3124 2601 3443 2675 frequenter

162 2700 253 2751 οὐκ
277 2699 408 2768 ἔχω,
424 2698 568 2753 οὕτω
603 2700 697 2753 καὶ
724 2699 903 2765 αὐτὸς,
927 2699 1065 2766 ἁλλ’,
1093 2719 1112 2753 ι
1140 2701 1252 2772 Ούχ
1287 2702 1545 2774 ὑπάρχει,
1580 2721 1691 2774 μοι,
1718 2722 1737 2755 ι

157 2793 309 2862 φησὶ,
340 2791 402 2846 τὸ
429 2793 607 2863 πάντη
637 2792 711 2864 μὴ
738 2793 959 2848 ὑπεῖναι
990 2793 1139 2865 αὐτῷ
1168 2795 1395 2866 χρυσίον
1422 2795 1618 2866 δηλῶν.

230 2987 251 3022 ι
310 2971 405 3025 Ἐν
433 2971 514 3043 τῷ
542 2969 767 3042 ὀνόματι
807 2972 986 3043 Ἰησοῦ
1017 2972 1256 3042 Χριστοῦ
1276 2974 1370 3027 τοῦ
1393 2973 1739 3045 Ναζωραίου,

163 3085 181 3116 ι
226 3064 444 3136 ἔγειραι
490 3065 587 3119 καλ⁵
632 3064 949 3137 περιπάτει.
979 3066 1093 3119 Καὶ
1126 3067 1409 3139 κρατήσας
1436 3067 1599 3121 αὐτὸν
1639 3068 1740 3138 τῆς

166 3180 183 3210 ι
220 3160 405 3226 δεξιᾶς
434 3159 636 3231 χειρὸς,
657 3159 868 3231 ἤγειρε.
891 3159 1154 3232 Παραχρῆ
1166 3177 1239 3230 μα
1256 3159 1313 3215 δὲ
1333 3160 1750 3230 ἐστερεώθησαν

163 3272 182 3301 ι
224 3251 395 3306 αὐτοῦ
434 3253 491 3306 αἱ
518 3251 701 3321 βάσεις
726 3251 822 3304 καὶ
885 3251 954 3305 τὰ
1003 3255 1222 3323 σφυράο
1261 3253 1357 3307 καὶ
1398 3251 1753 3322 ἐξαλλόμενος

1853 2702 2093 2756 dicimus
2116 2743 2131 2768 ,
2160 2699 2278 2756 lioc
2309 2700 2433 2756 loco
2464 2708 2559 2754 aut
2581 2698 2683 2755 hoc
2714 2707 2960 2768 tempore
2993 2713 3102 2753 non
3136 2698 3334 2765 habeo,
3364 2700 3441 2756 ita

1850 2803 1904 2847 et
1929 2792 2099 2861 ipse:
2145 2790 2241 2846 sed
2273 2807 2288 2845 :
2335 2808 2355 2843 ι
2393 2790 2512 2846 Non
2545 2796 2630 2845 est
2676 2788 2814 2845 mihi
2859 2805 2872 2844 :
2911 2805 2931 2839 ι
2971 2787 3289 2858 signiﬁcans
3320 2804 3444 2845 om-

1854 2882 1985 2934 nino
2021 2896 2081 2936 se
2115 2896 2220 2934 non
2261 2879 2549 2951 possidere
2578 2892 2797 2933 aurum.

1925 2974 2027 3040 ιιι,
2079 2973 2233 3029 6-10.
2295 2992 2314 3026 ι
2362 2971 2419 3027 1η
2471 2971 2694 3027 nomine
2743 2969 2873 3027 Jesu
2923 2970 3134 3026 Christi
3176 2968 3445 3027 Nazareni

1860 3082 2077 3139 «surge
2135 3074 2189 3121 et
2248 3065 2493 3120 ambula.
2558 3066 2620 3117 Et
2691 3063 3034 3135 apprehensa
3094 3077 3262 3118 manu
3320 3062 3447 3133 ejus

1863 3176 1882 3209 ι
1921 3159 2166 3222 dextera,
2192 3157 2366 3211 erexit
2390 3171 2537 3211 eum.
2577 3153 2837 3211 Protinus
2859 3165 3046 3211 autem
3080 3153 3443 3211 consolidata

1866 3267 1884 3300 ι
1922 3257 2055 3303 sunt
2103 3247 2303 3318 plantae
2344 3245 2494 3301 illius
2540 3257 2606 3297 ac
2651 3242 2768 3308 tali,
2811 3253 2865 3297 et
2904 3243 3166 3299 exsiliens
3204 3240 3356 3297 stetit
3389 3247 3445 3296 et

163 3363 185 3396 ο
227 3345 360 3415 ἔστη
394 3343 492 3398 καὶ
524 3346 870 3416 περιεπάτει.
898 3346 1006 3398 Καὶ
1024 3346 1241 3416 εἰσῆλθε
1261 3348 1358 3401 σὺν
1387 3347 1571 3410 αὐτοῖς
1588 3349 1666 3409 εἰς
1697 3349 1749 3402 τὸ

1867 3358 1887 3393 ι
1927 3338 2266 3395 ambulabat.
2303 3337 2369 3391 Et
2402 3337 2687 3407 ingressus
2714 3342 2798 3388 est
2828 3348 2953 3388 cum
2985 3334 3065 3390 eis
3097 3333 3152 3387 in
3181 3332 3444 3403 templum

166 3457 185 3488 ‹
225 3412 374 3505 ἱερὸν
404 3412 730 3507 περιπατῶν
747 3437 843 3490 καὶ
873 3412 1167 3509 ἁλλόμενος
1185 3439 1279 3492 καὶ
1301 3439 1467 3493 αἰνῶν
1495 3439 1585 3494 τὸν
1602 3439 1749 3494 Θεόνι

1869 3449 1888 3484 ι
1928 3430 2277 3486 inambulans
2316 3442 2380 3483 ac
2418 3427 2625 3483 saliens
2663 3423 3006 3495 laudansque
3042 3422 3235 3479 Deum.
3268 3422 3338 3479 Et
3364 3420 3450 3477 vi—

171 3548 187 3579 ι
228 3527 343 3581 Καὶ
370 3522 516 3580 εἶδεν
542 3526 709 3581 αὐτὸν
730 3528 841 3591 πᾶς
870 3527 898 3580 6
923 3526 1051 3591 λαὸς
1081 3524 1488 3599 περιπατοῦντα
1521 3529 1615 3583 καὶ
1658 3530 1752 3582 αί-

168 3641 187 3673 ι
230 3620 431 3673 νοῦντα
465 3619 558 3674 τδν
589 3619 749 3674 Θεόν.
794 3619 1198 3689 Ἐπεγίνωσκόν
1229 3638 1287 3674 τε
1318 3621 1504 3688 αὑτὸν,
1531 3620 1613 3675 ὅτι
1657 3616 1751 3673 οῦ·-

169 3731 189 3762 σ
230 3729 320 3774 τος
349 3707 426 3782 ἦν
455 3713 483 3766 6
506 3712 643 3781 πρὸς
671 3711 775 3781 τὴν
806 3710 1183 3784 ἐλεημοσύνην
1217 3712 1529 3784 καθήμενος
1564 3713 1657 3767 ἐπὶ
1683 3715 1750 3785 τῇ

170 3826 187 3857 ι
236 3806 443 3877 Ὡραίᾳ
476 3805 620 3879 πύλῃ
645 3805 739 3860 τοῦ
781 3807 951 3877 ἱεροῦ.
980 3806 1093 3860 Καὶ
1131 3805 1480 3877 ἐπλήσθησαν
1509 3805 1754 3878 θάμϐους

172 3919 190 3950 ι
230 3899 327 3952 καὶ
353 3898 671 3960 ἐκστάσεως
705 3899 800 3952 ἐπὶ
833 3899 912 3970 τῷ
942 3898 1314 3970 συμϐεϐηκότι
1352 3898 1523 3970 αὐτῷ.

232 3993 417 4059 Ὅπερ
448 3993 478 4044 6
524 3990 756 4067 Χριστὸς
804 3989 1068 4053 πολλάκις
1115 3989 1357 4044 ἐπὶτῶν
1402 3988 1752 4067 ὀιτελέστερον

166 4083 532 4155 διακειμένων
580 4066 655 4137 οῦ
689 4083 836 4154 λόγῳ
891 4082 1052 4154 μόνον
1100 4066 1441 4154 θεραπεύων,
1472 4083 1610 4138 ἀλλὰ
1660 4083 1755 4136 καὶ

170 4178 505 4246 ἁπτόμενος,
549 4175 709 4230 τοῦτο
734 4178 829 4229 καὶ
859 4174 955 4230 νῦν
985 4178 1014 4230 6
1046 4177 1257 4246 Πέτρος
1313 4177 1478 4232 ποιεῖ.
1513 4176 1675 4246 "Apta.
1693 4175 1751 4230 δὲ

168 4270 262 4321 καὶ
296 4268 389 4321 διὰ
429 4266 526 4322 τοῦ
557 4268 785 4339 ἐγεῖραι,
822 4268 882 4320 τὸ
919 4270 1019 4339 τῆς
1067 4268 1419 4331 ἀναστάσεως
1465 4269 1753 4322 πιστοῦται

171 4360 503 4432 μυστήριον,
533 4360 629 4412 καλ⁵
649 4360 737 4413 ἵνα
767 4360 843 4430 μὴ
876 4360 1005 4433 δόξῃ
1027 4360 1135 4414 ἀπὸ
1160 4362 1512 4430 ταυτομάτου
1540 4360 1571 4430 ἢ
1604 4363 1759 4416 αύτο-

170 4452 553 4523 σχεδιάξοντος
601 4451 661 4504 τὸ
710 4451 1022 4522 γενόμενον.
1070 4452 1276 4506 ’Πλατο
1313 4452 1368 4505 δὲ
1409 4451 1672 4516 ἀναστὰς,
1720 4452 1754 4524 ἢ

168 4545 429 4598 ἀπιστῶν
449 4543 511 4597 τὸ
549 4544 858 4613 γινόμενον,
897 4543 992 4598 καὶ
1018 4543 1293 4614 πειράζων
1325 4547 1405 4608 είς
1429 4544 1759 4613 ἀσφαλέστε-

174 4654 271 4708 ρον
320 4636 421 4691 καὶ
461 4634 800 4708 ἐδραιότερον
843 4636 943 4708 τὴν
985 4635 1168 4706 βάσιν,
1202 4636 1234 4705 ἢ
1266 4635 1388 4690 ούδέ
1434 4637 1757 4706 περιπατεῖν

172 4731 315 4803 ᾔδει.
357 4729 433 4782 T6
458 4728 538 4794 δὲ,
583 4746 602 4781 ι
645 4729 1015 4797 ἐπεγίνωσκον
1040 4729 1223 4793 αὐτὸν,
1267 4746 1286 4779 ι
1316 4727 1758 4799 πρόσκειται,ὼς

173 4825 270 4874 καὶ
304 4820 669 4892 ἀγνοούμενον
710 4822 897 4876 λοιπὸν
943 4821 1052 4876 ἀπὸ
1094 4822 1189 4876 τοῦ
1231 4821 1529 4892 θαύματος.
1557 4823 1622 4876 Ὀ
1658 4822 1756 4875 καὶ

174 4915 269 4966 ἐπὶ
306 4913 405 4966 τοῦ
446 4913 511 4966 ἐκ
541 4915 768 4985 γενετῆς
806 4914 1027 4983 τυφλοῦ.
1061 4913 1348 4984 Εἱὼθαμεν
1380 4913 1437 4969 δέ
1465 4914 1560 4968 καὶ
1593 4914 1757 4984 ἡμεῖς

177 5006 355 5078 ταύτῃ
379 5005 684 5076 κεχρῆσθαι
711 4999 778 5078 τῇ
809 5006 952 5074 λέξει
983 5007 1077 5061 ἐπὶ
1102 5007 1210 5061 τῶν
1248 5007 1401 5079 μόλις
1429 5007 1763 5078 γνωριζομέ-

177 5116 309 5150 νων.
349 5114 371 5148 ι
409 5096 736 5169 Περιπατῶν
758 5100 852 5152 καὶ
879 5100 1191 5169 ἁλλόμενος.
1231 5099 1359 5165 ιὭς
1394 5099 1762 5171 ἀγνοούμενον

182 5189 381 5257 σχεδὸν
422 5189 486 5241 τὸ
521 5187 708 5244 λοιπδν
732 5191 839 5244 ἀπὸ
870 5190 962 5245 τοῦ
998 5190 1256 5246 ἅλλεσθαι
1289 5191 1381 5248 τδν
1430 5194 1547 5264 πρὸ,
1575 5192 1763 5246 τούτου

178 5279 357 5350 ἀργὸν
387 5282 483 5333 καὶ
500 5280 597 5349 τῆς
621 5280 825 5353 ἐτέρων
852 5282 1107 5354 δεόμενον
1140 5280 1393 5352 βοηθείας
1425 5282 1563 5356 πρὸς
1596 5281 1766 5354 μετά-

182 5372 374 5428 ϐασιν.

263 5482 281 5513 ι
327 5460 680 5532 Κρατοῦντος
705 5460 763 5514 δὲ
788 5460 884 5514 τοῦ
931 5460 1173 5524 ίαθέντος
1200 5460 1377 5534 χωλοῦ
1422 5462 1514 5516 τὸν
1564 5463 1772 5534 Πέτρον

192 5573 212 5607 ι
263 5555 364 5607 καὶ⁵
400 5553 681 5624 Ἰωάννην,
731 5552 1032 5624 συνέδραμε
1071 5554 1209 5625 πρὸς
1237 5556 1433 5619 αὐτοὺς
1467 5556 1572 5620 πᾶς
1598 5556 1625 5609 6
1647 5554 1799 5633 1:6;

193 5667 213 5697 σ
262 5648 359 5727 ἐπὶ
378 5651 445 5718 τῇ
475 5647 609 5718 στοᾷ
631 5647 698 5716 τῇ
741 5644 1050 5719 καλουμένη
1074 5647 1440 5719 Σολομῶντος,
1487 5647 1771 5720 ἔκθαμϐοι.

195 5759 215 5791 ι
266 5739 416 5796 Ἰδὼν
438 5741 500 5794 ’δὲ
526 5732 736 5812 Πέτρος
760 5742 1097 5813 ἀπεκρίνατο
1124 5743 1261 5816 πρὸς
1296 5741 1389 5797 τὸν
1416 5742 1564 5798 λαόν.
1609 5761 1627 5795 ι

269 5936 319 5973 ³⁵
352 5937 517 5995 Joan.
558 5953 635 6005 Ix,
672 5937 695 5990 l
728 5952 884 6009 seqq.

1867 3543 1887 3577 ι
1922 3524 2003 3579 dit
2032 3539 2155 3579 eum
2188 3521 2479 3577 universus
2499 3519 2737 3592 populus
2770 3516 3208 3571 inambulantem
3235 3528 3303 3569 ac
3322 3513 3446 3569 lau-

1865 3638 1883 3671 (
1918 3618 2139 3673 dantem
2187 3616 2381 3670 Deum.
2439 3614 2904 3683 Agnoveruntquc
2953 3610 3105 3677 illum
3140 3606 3285 3677 quod
3332 3607 3449 3677 ipse

1867 3728 1886 3762 ι
1923 3718 2070 3765 esset
2111 3710 2156 3763 is
2197 3707 2292 3777 qui
2324 3704 2392 3759 ad
2425 3707 2833 3776 elecmosynam
2859 3700 3085 3756 sedebat
3123 3699 3193 3754 ad
3220 3697 3446 3770 Specio-

1868 3819 1887 3851 ι
1927 3816 2040 3855 sam
2079 3806 2293 3869 portam
2334 3796 2546 3867 templi.
2576 3793 2643 3848 Et
2673 3792 2883 3863 impleti
2927 3799 3060 3847 sunt
3083 3788 3449 3845 admiratione

1804 3918 1813 3925 -
1867 3911 1888 3946 ι
1925 3899 1978 3946 et
2010 3901 2237 3962 stupore
2266 3904 2434 3958 super
2459 3903 2526 3943 eo
2562 3885 2709 3957 quod
2739 3884 3050 3955 contigerat
3080 3883 3180 3937 illi.
3212 3900 3232 3934 ι

1933 3981 2091 4050 Quod
2115 3981 2369 4038 Christus
2396 3978 2713 4051 frequenter
2748 3987 2976 4049 propter
3001 3973 3448 4046 imperfectiores

1863 4076 2121 4139 faciebat,
2161 4090 2267 4130 non
2303 4074 2420 4130 solo
2458 4086 2713 4128 sermone
2743 4084 2967 4136 curans,
3006 4066 3105 4124 sed
3144 4075 3198 4122 et
3241 4074 3393 4122 tactu
3431 4080 3449 4131 ;

1867 4170 1972 4224 hoc
2016 4181 2165 4223 nunc
2198 4176 2252 4221 et
2292 4164 2489 4220 Petrus
2524 4162 2655 4218 facit
2682 4179 2697 4217 :
2736 4160 3012 4230 simulque
3044 4173 3142 4228 per
3172 4157 3277 4213 hoc
3303 4156 3449 4226 quod

1868 4260 2056 4331 erigit,
2090 4255 2518 4314 resurrectionis
2550 4252 2840 4308 conﬁrmat
2870 4249 3195 4322 mysterium
3230 4278 3263 4315 ,ι
3291 4254 3347 4302 et
3380 4261 3451 4302 ne

1868 4353 2118 4407 videatur
2143 4351 2351 4405 factum
2382 4348 2452 4403 ab
2486 4361 2553 4402 co
2592 4343 2685 4415 qui
2727 4358 2833 4398 non
2876 4350 3102 4414 rogatus
3129 4355 3252 4395 sese
3279 4338 3451 4393 ultro-

1866 4459 2004 4500 neus
2037 4441 2379 4510 ingessisset.
2420 4437 2655 4493 Erectus
2690 4443 2871 4490 autem
2914 4431 3171 4494 saliebat.
3205 4430 3287 4484 vel
3320 4428 3449 4483 facti

1868 4536 2046 4592 adhuc
2079 4532 2419 4595 incredulus,
2458 4539 2513 4585 et
2545 4538 2764 4584 tentans
2806 4526 2875 4582 ad
2921 4524 3226 4581 cautiorem
3264 4531 3318 4577 et
3357 4520 3450 4575 lir-

1871 4628 2098 4682 miorem
2140 4638 2390 4695 gressum
2438 4640 2451 4676 :
2501 4629 2595 4675 aut
2631 4620 2762 4689 quia
2811 4633 2880 4672 ne
2919 4617 3199 4673 ambulare
3228 4613 3447 4685 quidem

1870 4723 2117 4774 noverat.
2146 4715 2403 4770 Additum
2439 4727 2566 4768 vero
2598 4719 2681 4767 est
2719 4732 2732 4766 :
2770 4727 2791 4762 ι
2823 4710 3181 4779 Agnoverunt
3217 4705 3393 4769 illum,
3424 4721 3442 4755 ι

1869 4812 2026 4883 quasi
2054 4810 2166 4882 jam
2198 4815 2421 4880 propter
2450 4803 2777 4859 miraculum
2815 4803 3036 4872 ignotus
3063 4808 3231 4854 esset.
3261 4796 3453 4853 Simile

1868 4918 2090 4975 quoque
2142 4900 2343 4957 accidit
2390 4897 2456 4953 de
2498 4912 2647 4952 caeco
2693 4911 2722 4948 a
2764 4894 3051 4948 nativitate
3077 4891 3143 4945 ”.
3199 4890 3453 4945 Solemus

1868 5004 2049 5049 autem
2084 5001 2139 5046 et
2182 5005 2283 5045 nos
2321 4989 2422 5042 hac
2444 4987 2520 5040 uti
2558 4980 3243 5050 (Ιίριίοιιο,Ἐπιγινώσκω,
3279 4980 3333 5034 in
3367 4979 3455 5036 his

1867 5103 1990 5160 qua:
2017 5086 2107 5155 vi;
2136 5090 2567 5154 cognoscuntur.
2610 5096 2633 5129 ι
2661 5076 3014 5131 lnambulans
3045 5089 3109 5151 ac
3142 5075 3353 5139 Saliens
3381 5088 3395 5123 :
3429 5090 3449 5123 ι

1869 5178 2027 5252 quasi
2052 5178 2164 5251 jam
2196 5182 2416 5246 propter
2445 5171 2643 5235 saltum
2677 5165 3074 5238 propemodum
3109 5165 3458 5237 ignoraretur

1869 5273 1918 5328 is
1948 5270 2039 5341 qui
2083 5267 2246 5339 paulo
2287 5274 2411 5318 ame
2451 5261 2586 5316 adeo
2615 5259 2806 5314 tardus
2855 5269 2971 5314 erat
3002 5266 3063 5312 ut
3107 5255 3173 5312 ad
3199 5270 3458 5329 progres-

1872 5378 1995 5421 sum
2018 5360 2252 5415 aliorum
2285 5363 2470 5427 egeret
2498 5352 2730 5408 auxilio.

1868 5470 1885 5478 -
1949 5448 2038 5517 lli,
2069 5447 2157 5513 ll,
2189 5445 2279 5501 12.
2307 5444 2479 5501 «Cum
2511 5449 2720 5498 teneret
2749 5448 2931 5497 autem
2967 5438 3215 5508 claudus,
3246 5437 3337 5512 qui
3368 5452 3461 5494 sa-

1886 5561 1904 5593 ι
1938 5550 2100 5598 natus
2133 5537 2332 5602 fuerat,
2359 5534 2580 5601 Petrum
2610 5541 2667 5589 et
2691 5529 3241 5599 Joannem,cucurrit
3271 5530 3339 5584 ad
3367 5545 3487 5609 eos‘

1888 5657 1909 5690 ι
1942 5645 2090 5691 totus
2111 5632 2347 5705 pepulus
2374 5627 2715 5700 stupefactus
2744 5625 2811 5682 ad
2852 5625 3126 5698 porticum
3159 5640 3281 5697 quae
3311 5622 3461 5677 dice-

1891 5751 1909 5784 ‹
1944 5731 2108 5785 batur
2139 5724 2477 5783 Solomonis.
2507 5721 2748 5778 Intuitus
2783 5727 2964 5777 autem
2999 5719 3196 5776 Petrus
3228 5731 3462 5787 respon-

1893 5842 1911 5876 ι
1951 5823 2031 5878 dit
2058 5821 2123 5877 ad
2156 5818 2436 5892 populum.
2471 5834 2489 5867 ι
