4058 6544
638 368 712 432 83
1692 385 2098 448 (ECUMENII
2139 389 2436 451 TRICCtE
2476 395 2819 456 EPISCOPI
3836 407 3913 471 84

705 485 815 558 27
836 485 1079 544 Tenebat
1097 494 1374 561 apostolos
1396 505 1517 565 post
1537 499 1804 555 redditam
1825 504 2138 569 sanitatem,
2157 506 2239 559 vel
2270 512 2311 566 Α

635 589 700 628 ex
749 576 1146 646 benevolentia,
1198 584 1357 651 quasi
1403 585 1656 655 plausum
1701 601 1756 645 et
1807 590 2048 648 favorem
2110 594 2218 650 illis

635 659 959 731 concilians,
992 672 1074 725 vel
1106 674 1359 731 omnibus
1393 678 1693 736 ostendens
1724 696 1822 738 eos
1857 684 1949 754 qui
1973 699 2033 740 se
2052 700 2214 740 sana-

635 769 863 826 verant;
886 773 983 817 aut
1002 766 1320 835 suspicatus
1342 769 1490 839 quod
1523 772 1568 825 si
1601 773 1669 828 ab
1688 773 1768 831 eis
1793 776 2214 846 relinqueretur,

634 866 857 906 rursum
896 871 923 907 a
958 858 1194 926 pristino
1223 871 1432 917 natura:
1464 865 1597 918 vitio
1639 869 2031 938 corriperetur.
2064 870 2219 925 Arbi—

633 944 879 1000 trahatur
927 949 1071 1004 enim
1122 967 1181 1006 se
1228 963 1457 1010 eatenus
1513 957 1705 1013 morbo
1744 959 2029 1015 liberatum
2069 977 2214 1027 esse,

634 1036 763 1090 dum
791 1037 939 1105 ipsos
971 1049 1209 1115 teneret._
1237 1054 1291 1099 et
1314 1047 1382 1099 ab
1414 1049 1496 1102 cis
1530 1058 1968 1109 contrectaretur
1997 1071 2009 1109 ε
2042 1055 2216 1109 maxi-

630 1142 716 1183 me
735 1131 879 1194 quod
914 1130 1198 1190 Petrusita
1243 1138 1395 1192 illum
1429 1142 1689 1211 erigenda
1711 1158 2023 1201 curaverat.
2070 1164 2090 1197 ι
2127 1148 2212 1202 Ad

631 1224 898 1292 porticum
949 1242 1073 1295 qua:
1105 1228 1395 1287 dicebatur
1442 1232 1773 1294 Solomonis.
1855 1257 1874 1291 ι
1926 1238 2052 1295 Sola
2099 1240 2214 1295 haec

630 1314 877 1382 porticus
914 1330 1249 1388 supererata
1273 1322 1586 1383 Solomonis
1615 1328 1996 1388 aediﬁcatione.
2041 1332 2218 1388 Exus-

627 1414 775 1460 serat
802 1408 947 1462 enim
986 1413 1248 1482 templum
1286 1412 1795 1477 Nabuchodonosor
1830 1442 1843 1477 :
1882 1439 2214 1495 rursumque

626 1496 901 1555 aediﬁcare
925 1501 1169 1570 jusserat
1197 1505 1375 1577 Cyrus
1411 1508 1597 1568 Persa.

697 1587 784 1655 III,
822 1590 907 1647 12.
967 1612 986 1644 ι
1027 1593 1139 1650 Viri
1176 1598 1448 1667 Israelitaa,
1496 1602 1630 1673 quid
1671 1605 2023 1664 admiremini
2048 1628 2214 1683 super

632 1700 649 1730 ι
692 1681 840 1737 hoc?
866 1695 955 1738 aut
988 1702 1088 1743 nos
1115 1690 1245 1759 quid
1276 1690 1471 1757 deIisis
1503 1696 1681 1752 oculis
1706 1698 2019 1766 intuemini,
2052 1681 2214 1773 quasi

631 1792 648 1824 ι
693 1776 921 1845 propria
953 1782 1193 1848 potentia
1221 1792 1318 1838 aut
1364 1784 1629 1859 religione
1658 1790 2004 1851 effecerimus
2034 1806 2093 1850 ut
2124 1797 2212 1853 hic

630 1883 648 1913 ι
690 1865 1039 1922 ambularet?
1084 1888 1105 1922 ι

696 1955 873 2027 Ipsius
918 1959 1083 2018 Israel
1114 1965 1413 2035 appellatio
1449 1969 1683 2027 duarum
1739 1991 1921 2029 rerum
1968 1982 2212 2049 suggerit

627 2049 985 2119 intellectum,
1020 2070 1218 2127 nempe
1253 2058 1434 2117 laudis
1470 2081 1499 2116 ιι
1530 2062 1701 2120 Jacob
1733 2068 1821 2123 cui
1861 2071 1933 2123 ob
1961 2070 2054 2126 Dei
2079 2064 2213 2128 obe;

622 2139 886 2196 dientiam
921 2147 1219 2215 appellatio
1242 2149 1409 2206 Israel
1443 2155 1699 2226 adaptata
1729 2168 1835 2225 est,
1880 2163 1949 2214 ab
1979 2163 2209 2219 iul‘erio-

623 2230 778 2287 ribus
831 2232 1095 2292 detractis
1135 2241 1201 2294 ad
1243 2242 1496 2300 sublimia
1523 2286 1538 2310 ,
1579 2249 1848 2315 t'tclestia,
1909 2254 2094 2310 divina
2144 2273 2210 2312 ac

622 2324 986 2397 iutelligibilia
1017 2348 1030 2384 :
1059 2340 1112 2386 et
1145 2337 1517 2394 accusationis
1549 2342 1775 2397 seminis
1809 2345 1929 2415 ejus
1962 2348 2029 2403 ab
2054 2351 2206 2406 exitu

620 2431 685 2468 ex
723 2414 1145 2489 Egypto,quod
1172 2440 1449 2495 nunquam
1477 2419 1794 2499 persuaderi
1830 2414 2063 2505 poterat,
2094 2442 2211 2512 ple-

622 2521 750 2561 num
793 2523 1009 2580 semper
1061 2513 1413 2574 irritationis.
1453 2521 1530 2576 Ex
1564 2533 1801 2596 utroque
1840 2526 1971 2602 ergo
2005 2548 2206 2589 nomen

621 2596 787 2654 Israel
832 2599 939 2655 illis
981 2604 1219 2661 tribuit:
1258 2608 1388 2665 hinc
1426 2612 1679 2670 videlicet
1724 2596 2203 2693 erubescentiam,

617 2692 766 2757 quod
800 2690 909 2748 Deo
951 2710 1059 2750 non
1096 2710 1346 2767 pareant,
1392 2712 1453 2758 ιιι
1495 2710 1814 2779 progenitor
1846 2729 2033 2771 eorum
2068 2717 2207 2774 fece-

620 2789 748 2836 rat:
808 2782 958 2839 illinc
1005 2787 1170 2842 etiam
1227 2793 1611 2861 perditionem,
1658 2811 1717 2855 ut.
1762 2804 1857 2873 qui
1908 2805 2203 2879 Egyptum

615 2874 824 2941 egressi
864 2886 994 2931 sunt
1018 2895 1120 2935 nec
1159 2882 1226 2937 ad
1259 2887 1589 2954 promissam
1622 2895 1825 2949 servati
1857 2874 2205 2957 suntin—aere-

614 2963 839 3021 ditatem
867 2985 881 3022 :
911 2968 1143 3040 quorum
1185 2971 1421 3033 duorum
1450 2983 1863 3069 reminisceutia
1886 3004 1982 3060 per
2002 3006 2202 3051 nomen

613 3054 784 3113 Israel
821 3057 988 3123 facta,
1037 3062 1201 3134 hujus
1233 3066 1453 3137 quidem
1484 3054 1744 3142 praebebit
1768 3054 2200 3148 mmdlationem,

614 3144 836 3206 illorum
855 3152 997 3209 vero
1022 3156 1348 3215 imitationis
1383 3159 1593 3232 fugam,
1635 3165 1837 3224 timore
1865 3170 2061 3226 similis
2085 3188 2201 3243 pcr-

611 3239 866 3306 ditionis,
909 3259 975 3300 ex
1017 3250 1319 3306 attentione
1360 3267 1552 3309 eorum
1609 3273 1728 3325 qua:
1775 3260 2004 3319 dicenda
2046 3239 2199 3325 sunt.

610 3330 737 3388 Hac
767 3344 949 3392 autem
977 3342 1169 3395 concio
1193 3344 1385 3415 majori
1405 3347 1621 3404 dicendi
1640 3350 1896 3410 libertate
1911 3338 2070 3425 plena
2094 3367 2199 3414 est:

613 3437 723 3476 non
756 3425 978 3495 quodin
1015 3430 1185 3502 priori
1219 3443 1539 3504 terreretur,
1559 3440 1653 3494 sed
1676 3444 1936 3511 quoniam
1967 3461 2091 3501 cum
2122 3449 2197 3503 illi

609 3518 737 3572 saevi
766 3530 947 3575 essent
968 3525 1293 3594 etimprohi,
1319 3545 1666 3602 nequaquam
1696 3537 1969 3595 tulissent.
1996 3541 2200 3599 Deinde

609 3609 757 3665 illam
793 3612 1016 3682 quidem
1050 3617 1343 3689 incipiens,
1373 3638 1471 3693 per
1491 3629 1816 3694 prommium
1836 3634 2196 3690 attentionem

606 3703 663 3757 in
721 3705 830 3760 illis
880 3707 1319 3775 eﬂicit,dicens:
1372 3715 1487 3772 lloc
1539 3719 1700 3778 vobis
1755 3733 1946 3778 notum
2002 3726 2094 3794 sit,
2142 3737 2198 3783 et

608 3796 839 3852 auribus
878 3799 1148 3870 percipite
1178 3804 1343 3859 verba
1378 3822 1495 3861 mea
1528 3825 1545 3864 :
1588 3809 1676 3865 hic
1694 3827 1826 3867 vero
1863 3814 1955 3869 tali
1987 3832 2199 3889 praepa-

612 3891 822 3948 ratione
878 3910 986 3949 non
1034 3910 1171 3965 Opus
1198 3908 1305 3963 est,
1342 3916 1518 3971 neque
1562 3905 1708 3960 enim
1757 3908 2069 3977 torpebant,
2098 3912 2194 3966 sed

606 3985 826 4054 signum
868 3986 922 4040 in
954 3987 1151 4043 claudo
1179 3989 1383 4046 factum
1421 4009 1615 4052 omnes
1662 3998 1902 4053 reddidit
1931 4010 2193 4069 attentos,

604 4085 660 4130 et
701 4076 916 4134 timoris
962 4095 1027 4135 ac
1065 4087 1767 4159 consternationisplenos
1809 4091 2013 4148 ell‘ecit.
2060 4095 2195 4152 Vide

604 4177 786 4221 autem
837 4173 1114 4237 quomodo
1160 4176 1429 4244 repellens
1467 4195 1620 4234 suam
1671 4180 1917 4251 ipsorutn
1964 4185 2190 4254 gloriam

604 4269 766 4323 quam
807 4257 980 4331 signis
1021 4264 1260 4318 assecuti
1301 4277 1480 4335 erant,
1525 4269 1661 4323 nihil
1716 4273 1896 4343 nzagni
1947 4273 2016 4330 de
2055 4275 2192 4345 ipsis

604 4347 868 4416 loquitur.
905 4350 1184 4422 Siquidem
1217 4357 1308 4426 qui
1342 4359 1591 4416 modeste
1621 4364 1789 4417 sentit
1815 4365 1883 4421 de
1914 4368 2190 4434 praeclaris

606 4437 730 4495 suis
753 4442 1034 4511 operibus,
1064 4448 1238 4517 magis
1277 4449 1505 4505 attrahit
1534 4451 1862 4510 auditorem.
1895 4455 2024 4513 Ideo
2053 4474 2190 4529 quo-

2232 1873 2282 1933 Β

2426 508 2681 579 Ἐκράτει
2716 512 2841 571 τοὺς
2866 524 3201 575 αποστοΑους
3235 529 3373 582 μετα
3395 512 3491 586 τὴν
3537 514 3701 579 ἴασιν,
3730 518 3764 590 ἢ
3807 518 3918 572 ἀπὸ

2327 603 2545 665 εὐνοίας
2574 601 2763 671 ὥσπερ
2793 602 3071 672 εὐφημίαν
3107 604 3291 669 αὐτοῖς
3320 604 3553 670 πλέκων,
3584 608 3680 662 καὶ⁸
3711 609 3917 663 ἐπιδειο

2318 696 2446 758 xvii;
2464 695 2635 749 ἅπασι
2651 695 2778 756 τοὺς
2795 693 3069 765 σωτῆρας,
3087 694 3120 767 ἢ
3137 697 3376 751 ὑπονοῶν
3388 697 3912 770 ὡς,εί,άπολειφθείη

2316 788 2517 848 αὐτῶν.
2552 787 2714 841 πάλιν
2738 788 2845 840 ὑπὸ
2864 785 2959 840 τοῦ
2984 788 3191 851 πάθους
3220 789 3626 862 καταληφθείη.
3659 791 3911 863 Ἐνόμιζε

2315 880 2425 951 γὰρ
2450 880 2613 950 μέχρι
2638 878 2831 932 τούτου
2862 879 3209 950 ἀπηλλάχθαι
3229 880 3325 935 τοῦ
3358 882 3586 947 πάθους,
3608 884 3801 953 μέχρις
3840 886 3913 937 ἂν

2317 970 2526 1043 κατέχῃ
2551 970 2771 1033 αὐτοὺς,
2792 971 2888 1022 καὶ
2910 971 3219 1042 ἐφάπτηται
3237 970 3437 1035 αὐτῶν,
3455 972 3690 1041 μάλιστα
3704 972 3787 1026 ὅτι
3813 974 3911 1026 καὶ

2318 1064 2575 1135 ὁΠέτρος
2622 1064 2903 1133 κρατήσας
2955 1063 3111 1116 αὐτὸν
3143 1063 3317 1127 οὔτως
3362 1066 3568 1120 ἰάσατο.
3618 1085 3638 1117 ι
3678 1066 3803 1119 Ἐπὶ
3837 1070 3906 1139 τῇ

2316 1157 2448 1228 στοᾷ
2468 1159 2531 1226 τῇ
2553 1156 2884 1229 καλουμένῃ.
2927 1175 2947 1207 ι
2977 1154 3125 1225 Αὕτη
3145 1156 3279 1226 μόνη
3306 1157 3435 1209 στοά
3470 1158 3656 1212 ἵστατο
3682 1158 3790 1211 ἀπὸ
3803 1158 3908 1227 τῆς

2318 1248 2667 1316 κατασκευῆς
2718 1245 3086 1316 Σολομῶντος.
3146 1246 3447 1319 Ἐνέπρησε
3500 1250 3617 1337 γὰρ
3653 1249 3713 1301 τὸ
3758 1249 3908 1320 ἱερὸν

2315 1337 2823 1410 Ναϐουχοδονόσωρ,
2882 1340 2978 1394 καὶ
3017 1339 3335 1412 ᾠκοδόμησε
3370 1340 3552 1411 Κῦρος
3593 1341 3622 1394 ό
3660 1341 3902 1414 Πέρσης.

2392 1629 2411 1662 ι
2458 1610 2683 1680 Ἀνδρες
2723 1611 3077 1681 Ἰσραηλῖται,
3108 1612 3162 1665 τί
3198 1611 3508 1680 θαυμάζετε
3558 1613 3653 1667 ἐπὶ
3684 1612 3899 1684 τούτῳ;

2321 1717 2341 1750 ε
2378 1699 2412 1770 ἦ
2446 1702 2580 1770 ἡμῖν
2601 1700 2656 1752 τί
2682 1700 2964 1766 ἀτενίζετε
3010 1702 3088 1765 ὡς
3141 1701 3249 1773 ίδίᾳ
3285 1701 3540 1772 δυνάμει,
3575 1702 3608 1774 ἢ
3643 1702 3902 1773 εὖτεῦεὶᾳ

2321 1810 2341 1844 ι
2377 1793 2731 1864 πεποιηκόσι,
2757 1793 2851 1847 τοῦ
2875 1797 3201 1864 περιπατεῖν
3221 1796 3418 1863 αὑτόνς
3452 1814 3470 1848 ι
3537 1849 3546 1858 ,

2399 1973 2464 2027 Ἥ
2494 1976 2588 2027 τοῦ
2622 1973 2841 2045 Ἰσραὴλ
2900 1974 3242 2046 προσηγορία
3271 1975 3454 2044 διττὴν
3477 1975 3768 2028 ὑποϐάλλει
3798 1975 3901 2048 τὴν

2314 2065 2544 2136 ἕκληψιν
2595 2082 2609 2097 ο
2644 2066 2891 2130 ἐπαίνου,
2952 2067 3060 2119 ἀπὸ
3093 2066 3187 2119 τοῦ
3232 2065 3447 2133 Ἰακὼϐ,
3473 2061 3517 2135 ᾧ
3556 2067 3901 2132 θεοπειθείας

2313 2158 2473 2228 χάριν
2505 2159 2538 2227 ἡ
2567 2158 2660 2210 τοῦ
2698 2156 2912 2229 Ἰσραὴλ
2952 2159 3348 2231 προσηρμὸσθη
3385 2160 3746 2230 προσηγορία,
3787 2160 3900 2213 ἀπὸ

2311 2250 2420 2302 τῶν
2449 2252 2596 2305 κάτω
2647 2252 2962 2322 συρομένων
2991 2252 3081 2305 ἐπὶ
3107 2253 3175 2305 τὰ
3227 2253 3455 2325 οὐράνια
3508 2254 3601 2306 καὶ
3651 2253 3769 2306 θεῖα
3799 2256 3899 2306 καὶ

2310 2342 2479 2413 νοητὰ
2532 2343 3025 2414 διαπορθμευθεῖσα
3084 2344 3192 2414 ὕψη
3223 2359 3236 2374 ’
3289 2344 3569 2415 μέμψεως,
3629 2345 3738 2400 ἀπὸ
3791 2345 3895 2414 τῆς

2311 2435 2496 2499 ἐξόδου
2522 2438 2619 2505 τῆς
2652 2436 2711 2502 ἐξ
2740 2436 3022 2505 Αἰγύπτου
3052 2438 3145 2490 τοῦ
3195 2438 3509 2509 σπέρματος
3559 2436 3725 2491 αὑτοῦ
3765 2438 3896 2492 δυσ-

2310 2527 2531 2597 αγώγου
2579 2530 2671 2583 καὶ
2703 2530 2965 2594 ἀπειθοῦς
3019 2530 3115 2583 καὶ
3155 2530 3625 2601 παραπικρασμοῦ
3668 2529 3890 2601 μεστοῦ.

2322 2619 2412 2685 Ἐξ
2439 2621 2707 2691 ἐκατέρου
2760 2621 2943 2675 τοίνυν
2974 2622 3034 2675 τὸ
3074 2620 3291 2694 Ἰσραὴλ
3320 2621 3491 2692 ὄνομα
3537 2621 3720 2686 αὐτοῖς
3749 2638 3895 2693 παρ-

2308 2712 2421 2782 έχει
2483 2712 2768 2785 αἰσχύνην,
2823 2712 2898 2783 μὴ
2946 2711 3319 2766 θεοπειθοῦσιν
3358 2713 3435 2775 ὡς
3480 2714 3509 2766 ὀ
3588 2713 3889 2785 προπάτωρ

2307 2803 2604 2870 ἀπώλειαν,
2636 2805 2714 2869 ὡς
2773 2806 2823 2860 ei
2854 2805 2914 2870 ἐξ
2965 2804 3242 2873 Αἰγύπτου
3279 2804 3356 2876 μὴ
3401 2806 3467 2875 τῇ
3499 2805 3888 2876 ὲπηγγελμένη

2304 2894 2678 2959 ἀνασωθέντες
2727 2895 3074 2967 κληροδοσίᾳ.
3106 2890 3207 2947 Ὧν
3242 2894 3516 2968 ἑκατέρων
3574 2894 3887 2964 ὑπόμνησις

2303 2985 2393 3039 διὰ
2412 2986 2503 3038 τοῦ
2525 2985 2787 3056 ὀνόματος
2819 2986 3144 3055 ἐγγινομένη
3162 3025 3177 3049 ,
3206 2981 3300 3037 τοῦ
3327 2985 3427 3054 μὲν
3454 2982 3613 3054 ζῆλον
3635 2984 3888 3052 παρέξει,

2303 3078 2411 3133 τῶν
2436 3078 2492 3132 δὲ
2517 3079 2615 3149 τὴν
2660 3077 2894 3150 μίμησιν
2916 3078 3004 3132 διὰ
3029 3078 3121 3132 τὸν
3150 3077 3336 3148 ὅμοιον
3366 3076 3587 3146 ὄλεθρον
3603 3077 3891 3147 ἐκφυγεῖν,

2304 3171 2368 3225 ὲκ
2407 3172 2676 3243 προσοχῆς
2718 3170 2828 3224 τῶν
2869 3169 3303 3242 λεχθησομένων.
3342 3169 3605 3233 Πλείονος
3653 3169 3710 3222 δὲ
3742 3166 3885 3240 αὕτη

2302 3262 2464 3335 γέμει
2507 3263 2606 3334 τῆς
2649 3262 2963 3334 παρρησίας
3016 3264 3048 3334 ή
3092 3261 3426 3345 δημηγορία,
3462 3266 3560 3331 οῖιχ
3586 3261 3671 3314 ὅτι
3717 3263 3774 3313 ἑν
3817 3262 3887 3331 τῇ

2303 3357 2547 3429 προτέρᾳ
2581 3356 2849 3427 ἐφοϐεῖτο,
2903 3357 3020 3411 ἀλλ’
3081 3357 3270 3428 ἐπειδὴ
3313 3355 3541 3427 χαλεποὶ
3596 3354 3750 3419 ὄντες
3788 3354 3887 3407 καὶ

2308 3450 2494 3519 ίταμοὶ
2521 3448 2623 3502 οὐκ
2651 3447 2718 3502 ἂν
2762 3449 3002 3520 ἤνεγκαν
3044 3450 3265 3503 ἐκεῖνοι.
3305 3449 3401 3501 Ἐκ
3428 3447 3623 3501 τούτου
3662 3445 3884 3513 ἐκείνης

2306 3540 2403 3610 μὲν
2458 3539 2791 3610 ἀρχόμενος,
2826 3540 3161 3611 ἐπιστροφὴν
3193 3541 3376 3603 αὐτοῖς
3432 3536 3736 3607 ἐργάζεται
3794 3535 3885 3590 διὰ

2298 3630 2394 3683 τοῦ
2426 3630 2735 3701 προοιμίου,
2772 3630 2942 3684 Τοῦτο
2984 3631 3113 3700 ὑμῖν
3148 3629 3408 3698 γνωστὸν,
3461 3629 3657 3698 λέγων,
3715 3626 3881 3691 ἔστω,

2300 3726 2395 3776 καὶ
2446 3722 2774 3777 ἐνωτίσασθε
2823 3723 2892 3776 τὰ
2948 3724 3172 3793 ῥήματά
3234 3737 3375 3793 μου’
3426 3720 3659 3774 ἐνταῦθα
3702 3719 3759 3774 δὲ
3818 3719 3882 3773 οὐ

2299 3815 2472 3868 δεῖται
2530 3815 2632 3883 τῆς
2680 3815 2938 3883 τοιαύτης
2996 3813 3368 3877 κατασκευῆς.
3412 3814 3485 3867 Οὐ
3532 3812 3641 3882 γὰρ
3683 3809 3885 3883 ὲραθύ-

2302 3901 2725 3979 μουν,ἁλλὰοηντὸ
2767 3904 2992 3972 σημεῖον
3042 3902 3137 3955 τοῦ
3186 3899 3363 3972 χωλοῦ
3416 3899 3749 3970 ἐπέστρεψεν
3780 3898 3885 3951 αύ-

2295 3995 2421 4057 τιὺς
2478 3984 2758 4059 ἅπαντας,
2805 3994 2900 4047 καὶ
2947 3994 3101 4057 δέους
3145 3994 3241 4049 καὶ⁵
3282 3993 3599 4062 ἐκπλήξεως
3656 3991 3883 4061 ἐποίησε

2298 4085 2552 4157 μεστούς.
2582 4087 2724 4156 Ὅρα
2764 4087 2819 4139 δὲ
2866 4086 2983 4150 πῶς
3017 4086 3106 4140 διὰ
3148 4087 3242 4140 τοῦ
3286 4084 3737 4157 παρακρούεσθαι
3781 4081 3883 4153 τὴν

2299 4179 2426 4249 περὶ
2456 4178 2633 4232 αὐτῶν
2660 4177 2816 4243 δόξαν
2845 4179 2942 4249 τὴν
2966 4179 3069 4231 ,διὰ
3101 4178 3210 4231 τῶν
3261 4179 3527 4249 σημείων,
3560 4179 3718 4230 ουδεν
3750 4175 3882 4243 περὶ

2295 4276 2505 4331 ἑαυτῶν
2532 4276 2829 4347 φθέγγεται
2867 4276 3029 4344 μέγα,
3066 4274 3163 4328 an
3198 4256 3293 4327 τοῦ
3344 4275 3435 4327 ἐπὶ
3482 4272 3741 4343 μεγάλοις
3763 4274 3881 4333 τοῖς

2293 4369 2488 4423 ἑαυτοῦ
2558 4368 3010 4440 κατωρθωμένοις
3076 4365 3648 4437 ταπεινοφρονοῦντος,
3714 4361 3881 4454 πλέον

2294 4461 2662 4533 ἐφελκομένου
2694 4461 2785 4514 τὸν
2819 4460 3117 4532 ἀκροατήν.
3168 4458 3369 4526 Διόπερ
3404 4458 3498 4511 καὶ
3521 4455 3675 4511 αὐτοὶ
3706 4473 3880 4507 κατα-

603 4551 712 4605 que
750 4536 852 4606 ipsi
881 4547 1196 4611 contempta
1233 4542 1471 4601 humana
1502 4546 1677 4617 gloria
1712 4550 1927 4621 seipsos
1956 4554 2190 4626 amplius

2304 4555 2668 4628 φρονήσαντες
2708 4555 2806 4626 τῆς
2849 4553 3203 4624 ἀνθρωπίνης
3234 4551 3417 4621 δόξης,
3451 4548 3659 4619 μᾶλλον
3693 4547 3880 4611 ἐδόξα-

601 4626 1000 4697 gloriﬁcabant,
1016 4632 1249 4704 28non
1265 4636 1563 4692 humanum
1581 4639 1675 4695 sed
1690 4643 1941 4697 divinum
1955 4659 2077 4700 esse
2090 4646 2185 4702 de-

602 4728 974 4776 monstrantes
1004 4725 1148 4792 quod
1174 4722 1378 4781 factum
1411 4741 1551 4784 erat.
1590 4750 1609 4782 ι
1641 4731 1808 4798 Ouasi
1844 4736 2063 4805 propria
2088 4753 2185 4809 po-

599 4809 793 4862 tentia.
834 4829 855 4863 »
888 4811 1280 4872 Animadverte
1301 4821 1445 4888 quod
1476 4822 1553 4877 ait
1582 4839 1690 4879 non
1727 4828 1969 4895 potentia
1990 4829 2185 4883 huma-

601 4913 670 4953 na
703 4899 849 4959 hunc
880 4905 1090 4961 salvum
1128 4908 1330 4965 factum
1364 4928 1508 4979 esse,
1524 4914 1618 4969 sed
1654 4916 1861 4972 divina.
1891 4916 2186 4979 Nazara-us

600 4991 769 5061 igitur
792 4990 937 5051 Deus
967 5003 1055 5053 est
1096 4999 1258 5070 cujus
1291 5016 1492 5057 nomen
1529 5006 1681 5060 illum
1711 5009 1945 5064 curavit.

674 5083 975 5151 lll,lS-l5.
1018 5109 1037 5142 ι
1075 5088 1222 5147 Deus
1267 5093 1546 5151 Abraham
1596 5104 1651 5152 et
1699 5096 1850 5154 Isaac
1894 5110 1949 5155 et
1985 5100 2187 5171 Jacoh,

607 5195 626 5225 ο
669 5174 812 5233 Deus
845 5188 1059 5249 patrum
1084 5193 1400 5240 nostrorum
1441 5187 1769 5258 gloriﬁcavit
1792 5187 1990 5246 Filium
2024 5208 2184 5248 suum

607 5285 625 5317 ι
670 5266 857 5323 Iesum
891 5308 906 5333 ,
944 5285 1106 5340 quem
1141 5288 1238 5330 vos
1276 5277 1604 5343 tradidistis,
1637 5294 1700 5334 ac
1731 5283 1973 5350 negastis
2005 5283 2182 5353 ipsum

604 5379 624 5411 ι
667 5377 852 5417 coram
876 5361 1075 5432 Pilato,
1117 5381 1243 5421 cum
1280 5367 1372 5424 ille
1417 5370 1813 5428 absolvendum
1845 5373 2178 5455 judicasset.

604 5474 625 5506 σ
668 5453 779 5512 Vos
807 5464 991 5514 autem
1026 5469 1274 5516 sanctum
1305 5469 1362 5516 et
1386 5463 1594 5531 justum
1621 5453 1958 5535 uegastis,et
1990 5477 2182 5536 postu-

601 5569 622 5598 ι
670 5550 825 5605 lastis
850 5560 908 5605 ut
932 5553 1108 5607 virum
1153 5553 1483 5607 homicidam
1515 5553 1745 5612 donaret
1766 5544 1958 5619 vobis,
1990 5568 2183 5614 aucto-

603 5658 622 5689 ι
670 5656 779 5695 rem
812 5657 943 5697 vero
967 5645 1092 5699 vita:
1118 5643 1495 5709 interfecistis,
1532 5661 1694 5717 quem
1729 5650 1871 5703 Deus
1893 5649 2182 5704 suscitavit

605 5749 625 5782 ι
666 5747 696 5785 a
727 5734 979 5800 mortuis,
1013 5735 1172 5807 cujus
1201 5752 1305 5793 nos
1335 5746 1503 5796 testes
1543 5755 1757 5795 sumus.
1800 5759 1818 5792 ›

666 5824 861 5880 Adhuc
892 5827 1276 5887 humilioribus
1308 5830 1478 5886 haeret
1516 5838 1624 5884 tam
1669 5832 1720 5885 in
1758 5831 1844 5887 his
1872 5847 1993 5903 quze
2028 5833 2180 5906 ipsos

2285 4666 2383 4703 σαν
2425 4647 2671 4710 ἑαυτοὺς,
2702 4647 2801 4701 οὐκ
2832 4645 3193 4715 ἀνθρώπινον,
3230 4642 3365 4696 ἀλλὰ
3406 4641 3547 4694 θεῖον
3571 4640 3630 4693 τὸ
3653 4640 3882 4707 γεγονὸς

2283 4737 2578 4803 δείξαντες.
2610 4725 2756 4800 ι’Ὥς
2788 4735 2897 4806 ἰδίᾳ
2930 4734 3179 4803 δυνάμει.
3220 4750 3238 4783 ι
3267 4730 3507 4802 Πρόσεχε
3533 4727 3609 4799 τῷ
3641 4727 3875 4798 εἰρημέ-

2288 4847 2383 4902 νῳ,
2418 4830 2500 4883 ὃτι
2536 4830 2596 4881 οὐ
2620 4829 2847 4898 δυνάμει
2879 4826 3196 4899 ἀνθρωπίνῃ
3221 4825 3371 4893 λέγει
3403 4820 3569 4875 αὑτὸν
3628 4821 3871 4891 ἰαθῆναι,

2291 4921 2427 4975 ἀλλὰ
2464 4920 2607 4992 θείᾳ.
2632 4920 2763 4983 Θεὸς
2794 4918 2887 4973 οὖν
2916 4921 2945 4971 δ
2989 4917 3334 4989 Ναζωραῖος,
3365 4906 3426 4968 οὗ
3466 4913 3526 4966 τὸ
3554 4912 3723 4985 ὄνομα
3749 4912 3871 4968 ἑθε-

2293 5011 2569 5083 ράπευσεν
2595 5009 2778 5063 αὐτόν.

2370 5123 2389 5155 ι
2432 5103 2492 5157 ’0
2537 5101 2671 5165 Θεὸς
2713 5099 2968 5174 ,Ἀϐραὰμ
3022 5103 3114 5156 καὶ
3179 5100 3363 5158 Ἰσαάκ
3413 5106 3505 5161 καὶ
3565 5101 3794 5163 Ἰακὼϐ,
3843 5102 3876 5156 ὀ

2297 5215 2316 5247 ι
2354 5195 2487 5259 Θεὸς
2509 5194 2616 5248 τῶν
2640 5172 2893 5266 πατέρων
2922 5195 3079 5266 ἡμῶν
3115 5194 3335 5260 ὲδόξασε
3372 5194 3464 5250 τὸν
3500 5195 3673 5251 Παῖδα
3702 5191 3871 5247 αὑτοῦ

2297 5306 2316 5338 ι
2352 5285 2652 5357 Ἰησοῦν,ὃν
2670 5286 2826 5357 ὑμεῖς
2845 5285 3228 5355 παρεδώκατε,
3249 5288 3341 5341 καὶ
3358 5286 3675 5358 ἠρνήσασθε
3702 5285 3871 5339 αὑτὸν

2294 5395 2312 5427 ι
2355 5376 2497 5430 κατὰ
2548 5375 2836 5446 πρόσωπον
2865 5375 3122 5440 Πιλάτου,
3156 5376 3444 5446 κρίναντος
3473 5375 3685 5429 ἐκείνου
3720 5377 3867 5428 ἀπο-
3888 5422 3899 5433 ,

2292 5488 2310 5518 ι
2349 5467 2517 5521 λύειν.
2562 5468 2752 5539 Ὑμεῖς
2769 5469 2825 5522 δὲ
2853 5469 2946 5522 τὸν
2991 5470 3147 5538 ἅγιον
3177 5470 3272 5523 καὶ
3301 5469 3508 5523 δίκαιον
3529 5467 3867 5540 ἠρνήσασθε,

2289 5578 2308 5610 ι
2349 5561 2441 5613 καὶ
2469 5560 2745 5632 ᾐτήσασθε
2764 5562 2933 5633 ἄνδρα
2963 5562 3127 5631 φονέα
3154 5562 3481 5634 χαρισθῆναι
3510 5562 3660 5633 ὑμῖν.
3688 5558 3781 5615 τὸν
3804 5559 3867 5617 δὲ

2288 5669 2306 5701 ι
2343 5651 2584 5727 ἀρχηγὸν
2609 5653 2704 5723 τῆς
2728 5653 2877 5724 ζωῆς
2908 5652 3292 5719 ἀπεκτείνατε,
3325 5653 3383 5709 ὸν
3410 5656 3438 5706 ὁ
3480 5651 3612 5716 Θεὸς
3642 5650 3867 5723 ἤγειρεν

2290 5762 2307 5793 ι
2348 5745 2409 5795 ἐκ
2446 5743 2678 5815 νεκρῶν,
2715 5738 2775 5799 οὗ
2807 5746 2968 5817 ἠμῖς
3001 5746 3274 5817 μάρτυρές
3310 5748 3498 5816 ἐσμεν.
3534 5765 3553 5797 ι

2366 5836 2484 5889 Ἔτι
2509 5837 2616 5889 τῶν
2647 5836 3043 5907 ταπεινοτέρων
3099 5837 3302 5908 Exstat,
3341 5838 3443 5893 τῶν
3493 5839 3621 5910 περὶ
3667 5837 3867 5902 αὐτοὺς
