4058 6544
290 451 366 517 ss
1239 451 1620 513 COMMENT.
1653 452 1732 512 1N
1774 451 1962 512 ACTA
1999 452 2571 516 APOSTOLURUM.
3151 438 3155 441 ⁷
3466 459 3545 522 86

287 568 387 623 καὶ
430 565 704 638 Χριστοῦο
746 566 873 638 περὶ
924 568 1166 631 ἑαυτοὺς,
1222 567 1310 621 διὰ
1346 565 1444 622 τοῦ
1490 569 1687 631 είπεῖν,
1743 566 1866 638 οὐχὶ

1968 578 2331 636 concernunt,
2357 584 2519 641 quam
2552 584 2672 641 qua:
2705 567 2981 624 Christum
3024 569 3359 640 respiciunt:
3393 569 3545 640 ipsos

293 659 401 731 ιδὲᾳ
431 659 661 729 δυνάμει
693 659 1176 731 θαυμτουργῆσαι
1197 677 1210 690 ·
1243 661 1372 732 περὶ
1406 660 1642 731 Χριστοῦ
1683 659 1762 726 δέ,
1787 658 1866 731 τῷ

288 750 606 822 προσθεῖναι
632 752 738 803 τεέν
769 751 971 805 παῖδιν
1000 745 1058 805 ὀύ
1085 753 1193 824 γὰρ
1242 752 1303 804 τὸ
1351 752 1736 820 αὑτοδόξαστον
1788 753 1866 806 ἔνι

290 845 613 915 προσθήκην
656 844 815 914 δόξης
856 844 1058 897 λαϐεῖν.
1102 844 1460 909 Ταπεινὼσας
1497 844 1590 898 οὖν
1629 844 1690 898 τδ
1734 846 1859 899 καθ’

296 934 526 997 ἑαυτοὺς
555 935 649 988 καὶ
668 935 933 1006 Χριστὸν,
958 935 1175 1005 ἐπαίρει
1200 937 1262 990 τὸ
1291 937 1398 988 τῶν
1425 936 1694 989 Ἰουδαίων
1724 936 1867 990 κατά

287 1025 530 1098 Χριστοῦ
558 1027 836 1097 τόλμημα,
883 1028 977 1080 καὶ
1017 1026 1078 1079 ού
1113 1028 1428 1092 συσκιάζων
1479 1028 1554 1091 ὡς
1590 1028 1651 1080 τὸ
1674 1028 1868 1096 πρότε-

291 1133 406 1186 ρον.
438 1116 613 1169 Τοῦτο
662 1115 720 1169 δὲ
764 1118 935 1180 ποιεῖ,
986 1117 1186 1186 μᾶλλον
1231 1117 1430 1181 αὐτοὺς
1489 1117 1867 1186 ἐπαγαγέσθαι

289 1210 637 1282 βουλόμενος.
673 1212 838 1266 Ὅσον
870 1211 978 1282 γάρ
1016 1212 1226 1266 ἐδείκνυ
1274 1214 1474 1277 αὑτοὺς
1509 1213 1864 1280 ὑπευθύνους,
1901 1204 1933 1305 ξ’

286 1302 543 1357 τοσοῦτον
570 1303 769 1374 μᾶλλον
786 1303 944 1359 τοῦτο
967 1305 1195 1373 ἐγίνετο.
1225 1305 1321 1358 Διά
1345 1305 1401 1359 δὲ
1415 1305 1562 1369 τοῠ,‹
1580 1308 1676 1361 ’ον
1706 1306 1867 1376 ὑμεῖς

287 1395 643 1464 παρεδώκατε
699 1395 794 1449 καὶ
832 1396 1165 1467 ἠρνήσασθε,
1229 1416 1249 1451 ι
1299 1396 1393 1451 δύο
1431 1397 1497 1451 τὰ
1521 1397 1862 1469 ἐγκλήματα.

286 1487 509 1557 Πιλάτῳ
560 1504 619 1539 τε
662 1486 771 1559 γὰρ
831 1488 1152 1557 παρέδωκαν
1202 1490 1284 1551 είς
1333 1489 1533 1559 φόνον,
1583 1490 1864 1554 εἰπόντες⁸

292 1597 315 1631 ι
364 1578 531 1648 Ἡμῖν
566 1578 756 1632 οὐδένα
785 1578 990 1646 ἔξεστιν
1012 1581 1352 1634 ἀποκτεῖναν
1383 1600 1402 1632 ι
1454 1581 1762 1652 ἠρνήσαντο
1807 1582 1866 1636 δέ

286 1670 610 1740 κράζοντες,
646 1690 665 1722 ι
716 1671 830 1725 Οὐκ
857 1671 1052 1743 ἔχομεν
1095 1671 1320 1742 βασιλέα
1345 1673 1393 1726 εί
1425 1672 1499 1744 μὴ
1529 1673 1801 1745 Καίσαρα.
1838 1692 1857 1726 ι

300 1760 463 1815 ’Δλλά
486 1778 552 1830 γε
579 1762 643 1831 δὴ
674 1762 770 1816 καὶ
822 1763 1054 1816 Πιλάτου
1087 1763 1349 1833 Ἕλληνος
1384 1763 1558 1830 ὄντος,
1594 1766 1689 1818 καὶ
1728 1765 1866 1836 μήτε

287 1856 520 1924 σημεῖον
550 1854 684 1926 πρὸς
737 1854 975 1927 Χριστοιῖ
1031 1855 1356 1926 ἑωρακότος,
1407 1856 1544 1927 μήτε
1571 1857 1866 1928 προφητῶν

286 1918 608 2015 ἀκηκοότος.
624 1947 752 2017 περὶ
780 1918 1041 2018 ᾖριστοῧ,
1073 1918 1166 1999 καὶ
1185 1918 1511 2016 βουλομένου
1534 1918 1705 2017 αὐτὸν
1728 1918 1865 2003 ἀπο·
1889 1918 1939 1978 Β

286 2036 461 2101 λύειν,
482 2038 639 2091 αὐτοὶ
667 2041 763 2092 καὶ
800 2037 1323 2109 θαυματουργοῦντα
1342 2039 1576 2110 Χριστὸν
1608 2040 1863 2110 τεθεαμέο

285 2146 389 2195 νοι,
420 2133 518 2183 καὶ
542 2130 835 2201 προφητῶν
863 2133 920 2183 ἐν
944 2130 1144 2200 γνώσει
1178 2132 1288 2184 τῶν
1322 2132 1449 2203 περὶ
1475 2131 1641 2186 αὑτοῦ
1676 2133 1864 2196 αὐτοῖς

288 2222 602 2291 εἰρημένων
628 2224 1019 2287 καταστάντες,
1045 2223 1146 2277 οὐκ
1183 2224 1501 2294 ἠνέσχεσθε.
1534 2224 1630 2277 Διά
1675 2225 1731 2278 δὲ
1765 2225 1858 2278 τοῦ

290 2315 506 2380 είπείν,
546 2337 565 2365 ι
611 2315 779 2368 Φονέα
801 2314 1096 2387 ᾐτήσασθε,
1136 2334 1155 2368 ι
1204 2316 1392 2379 δεινῶς
1434 2316 1858 2381 κατεσκεύασεν,

283 2405 369 2458 ὅτι
404 2405 662 2459 ἐδύναντο
690 2406 783 2459 τὸν
807 2407 1039 2477 Χριστὸν
1068 2406 1350 2462 ἀπολύειν.
1384 2409 1445 2461 Ei
1487 2407 1595 2478 γὰρ
1639 2406 1733 2461 τὸν
1765 2425 1862 2478 φο·

285 2495 386 2550 νέα
437 2497 772 2569 ἀπολυθῆναι
819 2499 1103 2570 ἐποίησαν,
1128 2499 1219 2552 τὸν
1271 2499 1469 2570 μᾶλλον
1498 2499 1766 2566 ὑπαίτιον,
1799 2500 1859 2554 οὐ

290 2586 473 2658 πολλῷ
502 2588 566 2660 δή
600 2604 705 2643 που
729 2591 818 2643 τὸν
838 2591 1130 2645 ἀνεύθυνον
1153 2610 1168 2659 ;
1192 2592 1288 2646 νῦν
1314 2592 1369 2645 δὲ
1393 2592 1749 2660 ἀπεναντίας,
1768 2595 1861 2648 τὸν

291 2684 391 2751 μὲν
440 2683 746 2738 ὑπεύθυνον
802 2684 1102 2749 ἐξείλοντο,
1147 2687 1238 2739 τὸν
1279 2686 1338 2740 δὲ
1393 2686 1685 2740 ἀνεύθυνον
1720 2688 1860 2741 ἀπο-

285 2772 592 2843 κτανθῆναι
646 2774 988 2844 παρέδωκαν.
1051 2776 1237 2831 Εἰπὼν
1285 2777 1367 2843 δὲ,
1423 2795 1442 2829 α
1474 2779 1566 2831 τὸν
1617 2779 1862 2849 ἀρχηγὸν

285 2864 386 2935 τῆς
408 2865 577 2934 ζωῆς,
616 2886 633 2917 ι
671 2866 945 2920 δείκνυσιν
981 2869 1057 2931 ὡς
1089 2870 1156 2922 αὖ
1170 2869 1258 2931 τὸς
1284 2869 1474 2923 ἐαυτὸν
1506 2868 1806 2938 ἀνέστησεν
1833 2872 1862 2924 δ

284 2954 548 3027 Χριστός.
591 2958 703 3030 Τὴν
753 2959 1048 3013 ἀνάστασιν
1091 2960 1147 3014 δὲ
1187 2963 1250 3015 ού
1310 2962 1606 3032 προφητῶν
1639 2962 1866 3032 ἐμπεδοϊ

293 3049 627 3120 μαρτυρίαις
650 3090 665 3113 ,
696 3049 850 3115 ἀλλά,
886 3052 1071 3123 ἐπειδὴ
1109 3053 1419 3119 ἀξιόπιστος
1449 3055 1631 3118 αὐτοῖς
1653 3049 1744 3125 ἦν,
1786 3053 1865 3126 τῷ

288 3137 438 3210 χορῷ
460 3139 570 3191 τῶν
597 3139 930 3195 ἀποστόλων.
983 3141 1137 3194 Ἐπεὶ
1165 3142 1224 3195 δέ
1275 3143 1615 3213 μετεωρίσας
1658 3144 1718 3198 τὸ
1768 3143 1863 3210 ἐγ..

1968 660 2215 730 quidem,
2244 659 2373 714 dum
2403 661 2480 714 ait
2515 660 2661 731 quod
2693 674 2798 715 non
2834 660 3054 732 propria
3086 663 3324 731 potentia
3359 663 3550 718 edide-

1969 753 2078 804 rint
2111 750 2430 806 miraculum
2455 751 2767 816 ;Christum
2800 767 2949 820 vero,
2990 751 3243 808 addendo
3277 772 3293 809 :
3328 752 3548 809 ϐίοι-ἰῆ-

1967 844 2106 898 cavit
2137 842 2334 898 Filium
2371 859 2529 897 suum
2550 860 2773 915 bneque
2800 847 2945 900 enim
2978 847 3245 913 contingit
3276 855 3333 899 ut
3364 846 3548 917 gloria)

1971 934 2404 990 additamentum
2455 935 2688 1008 accipiat
2727 937 2822 1006 qui
2868 952 2932 990 ex
2972 952 3031 992 se
3064 936 3400 1008 gloriﬁcatus
3437 947 3544 994 est.

1971 1024 2071 1080 Ubi
2120 1040 2251 1096 ergo
2293 1026 2513 1081 demisit
2555 1002 2663 1080 tam
2706 1002 2759 1081 id
2809 1026 2951 1096 quod
3003 1002 3219 1098 seipsos
3265 1029 3549 1083 concernit

1968 1131 2132 1187 quam
2165 1117 2311 1187 quod
2344 1117 2623 1173 Christum
2682 1117 2937 1174 :facinus
2987 1118 3547 1191 adaugetJudaaorum

1969 1208 2231 1265 adversus
2260 1208 2535 1264 Christum
2567 1226 2580 1263 :
2610 1223 2788 1279 neque
2814 1209 2945 1264 illud
2981 1210 3259 1266 inumbrat
3285 1222 3342 1265 ut
3369 1212 3545 1282 prius.

1970 1298 2086 1354 lloc
2120 1308 2299 1354 autem
2347 1300 2479 1355 facit
2524 1301 2697 1373 magis
2739 1302 2861 1358 illos
2898 1302 3116 1358 allicere
3156 1303 3368 1359 volens.
3413 1303 3547 1359 Nam

1968 1400 2174 1460 quanto
2213 1392 2390 1461 magis
2423 1392 2574 1461 ipsos
2615 1393 2860 1449 ostendit
2898 1393 3193 1458 obnoxios,
3237 1404 3391 1449 tanto
3430 1410 3549 1449 am-

1970 1482 2114 1546 plins
2169 1482 2309 1549 illud
2330 1484 2595 1540 succedit.
2646 1485 2751 1541 Per
2801 1485 2903 1541 hoc
2939 1496 3145 1551 autem,
3188 1506 3207 1539 ι
3235 1486 3407 1553 Quem
3450 1502 3549 1543 vos

1970 1574 2277 1631 tradidistis
2306 1586 2362 1631 et
2391 1576 2634 1646 negastis
2667 1594 2682 1631 :
2721 1596 2741 1630 ι
2782 1577 2905 1633 duae
2937 1589 3219 1651 ponuntur
3247 1568 3552 1636 accusatid-

1970 1679 2087 1719 nes.
2124 1663 2406 1734 Siquidem
2438 1664 2613 1721 Pilato
2648 1668 2713 1721 ad
2745 1667 2945 1723 caedem
2974 1667 3333 1735 tradiderunt,
3366 1670 3550 1725 dicen-

1971 1764 2052 1809 tes
2076 1770 2089 1807 :
2118 1771 2138 1806 ι
2160 1753 2332 1810 Nobis
2361 1770 2469 1810 non
2500 1756 2628 1811 licet
2645 1756 2954 1813 interficere
2978 1773 3305 1829 quemquam
3322 1758 3390 1815 ¹⁵⁰.
3406 1777 3424 1810 ο
3448 1757 3551 1814 Ne-

1968 1853 2236 1914 gaverunt
2258 1854 2438 1902 autem
2474 1848 2818 1905 clamantes:
2861 1868 2879 1901 ι
2912 1849 3028 1905 Νοη
3068 1850 3331 1906 habemus
3369 1865 3548 1921 regem

1965 1935 2533 2007 praeterCaasarem“.
2577 1958 2597 1992 ι
2648 1940 2813 2010 Atqui
2839 1956 2971 1997 sane
2997 1955 3122 1998 cum
3158 1942 3319 1996 etiam
3344 1941 3550 1998 Pilatus

1964 2029 2206 2098 gentilis,
2237 2031 2328 2100 qni
2366 2047 2546 2103 neque
2590 2033 2748 2105 signa
2776 2049 2807 2090 a
2837 2033 3063 2091 Christo
3104 2035 3340 2103 viderat,
3371 2051 3551 2106 neque

1965 2122 2260 2193 prOphetas
2282 2123 2347 2178 de
2368 2123 2592 2180 Christo
2638 2126 2911 2192 audierat,
2949 2128 3108 2183 vellet
3152 2137 3330 2183 tamen
3366 2128 3547 2198 ipsum

1964 2212 2256 2270 absolvere
2283 2230 2297 2267 :
2324 2229 2422 2269 vos
2444 2214 2549 2285 ipsi
2575 2218 2668 2286 qui
2695 2224 2749 2271 et
2773 2215 3052 2273 Christum
3082 2218 3345 2273 miracula
3377 2219 3548 2274 eden-

1964 2314 2076 2363 tem
2102 2311 2542 2374 conspexeratis,
2579 2321 2635 2366 et
2662 2312 2913 2367 notitiam
2944 2312 3230 2368 habebatis
3262 2312 3550 2383 pr0pheta-

1962 2414 2083 2454 rum
2114 2401 2166 2455 in
2201 2402 2288 2458 his
2320 2418 2442 2472 quae
2467 2403 2535 2460 de
2568 2406 2689 2474 ipso
2719 2403 2995 2470 dixerant,
3048 2422 3155 2461 non
3183 2414 3365 2461 tamen
3391 2405 3459 2460 ab
3481 2419 3548 2460 eo

1963 2509 2058 2550 vos
2085 2497 2457 2552 continuistis.
2484 2497 2679 2553 Dicens
2716 2513 2879 2554 vero:
2924 2517 2943 2550 ι
2981 2499 3323 2569 Homicidam
3362 2508 3550 2569 postu-

1972 2585 2151 2652 lastis,
2184 2606 2203 2639 ι
2237 2588 2526 2655 ellieaciter
2562 2589 2757 2659 probat
2784 2590 2927 2659 quod
2960 2589 3240 2645 Christum
3269 2590 3550 2660 potuerint

1962 2678 2270 2735 absolvere.
2303 2679 2436 2735 Nam
2468 2681 2513 2735 si
2551 2681 2880 2737 homicidam
2921 2683 3131 2737 absolvi
3166 2681 3418 2738 fecerunt
3450 2682 3564 2752 qui.

1960 2768 2118 2839 longe
2135 2771 2369 2840 amplius
2392 2772 2661 2828 obnoxius
2688 2781 2828 2837 erat,
2847 2788 2915 2827 an
2932 2788 3039 2827 non
3066 2784 3213 2829 certe
3233 2774 3394 2843 longe
3408 2772 3549 2827 iaci?

1963 2859 2071 2917 lius
2099 2863 2407 2932 potuissent
2437 2878 2561 2919 eum
2591 2864 2880 2920 absolvere
2910 2865 3004 2936 qui
3033 2865 3265 2920 crimine
3291 2865 3562 2922 emebat?-

1963 2951 2120 3009 Nunc
2165 2964 2348 3009 autem
2398 2970 2428 3010 e
2468 2956 2690 3011 diverso
2739 2957 3037 3013 obnoxium
3086 2957 3307 3028 quidem
3351 2956 3547 3011 libera-

1963 3053 2114 3112 runt,
2155 3045 2429 3101 insontem
2462 3062 2592 3102 vero
2635 3056 2694 3104 ut
2743 3048 3149 3105 interimeretnr
3178 3048 3556 3103 tradiderunt...

1964 3135 2237 3193 Pratterea
2284 3137 2555 3204 dicendo,
2611 3158 2633 3191 ι
2680 3138 2977 3199 Auctorem
3026 3141 3185 3203 vita}.
3237 3158 3256 3192 ι
3306 3138 3545 3195 ostendit

194 3274 211 3281 -
289 3229 501 3299 κλημα,
559 3232 745 3285 ἐλύπει
801 3232 1069 3303 σφοδρῶς,
1104 3233 1267 3288 πάλιν
1299 3234 1536 3305 ἀνίησιν,
1567 3235 1659 3289 ἐπὶ
1703 3237 1866 3306 μετὰ·

1967 3230 2116 3300 quod
2145 3231 2386 3301 seipsum
2427 3232 2780 3288 suscitaverit
2819 3234 2937 3303 ipse
2970 3231 3247 3290 Christus.
3272 3231 3543 3289 Besurre-

286 3338 438 3376 νοιαν
470 3323 669 3387 αὐτοὺς
701 3323 975 3391 συνωθῶν,
1009 3327 1090 3381 ὅτι
1114 3343 1171 3379 τε
1220 3327 1280 3393 ἐξ
1324 3327 1544 3396 ἀγνοίας
1576 3328 1639 3381 τδ
1666 3328 1867 3399 ἐγκλη-

292 3429 370 3481 pa
405 3413 502 3466 καὶ
534 3414 741 3479 ἀνοίας,
765 3416 859 3469 καὶ
886 3417 969 3470 ὅτι
1007 3416 1070 3470 τὸ
1102 3418 1162 3482 ἐξ
1185 3418 1360 3489 ἀρχῆς
1386 3419 1720 3489 τεταγμένον
1770 3418 1866 3473 καὶ

288 3502 437 3572 λόγῳ
460 3506 758 3576 προφητῶν
788 3510 1345 3581 κεχρησμῳδημένον,
1384 3512 1484 3564 οὐκ
1534 3507 1602 3580 ἦν
1652 3510 1875 3583 παρελ--

289 3594 423 3651 θεῖν.
470 3598 622 3652 Ἐπεὶ
665 3600 723 3653 δὲ
753 3600 914 3671 μέχρι
951 3601 1143 3656 τούτου
1174 3602 1405 3673 προέϐη,
1438 3603 1539 3675 ήδη
1570 3603 1664 3658 καὶ
1689 3603 1869 3676 ῥητῶς

286 3689 387 3761 τὴν
419 3690 707 3760 μετάνοιαν
730 3693 1034 3764 εἰσηγεῖται
1077 3695 1619 3765 κατηναγκασμένους
1661 3695 1865 3750 ἀναλαο

286 3780 429 3846 σεῖν,
459 3782 598 3851 πρός
623 3799 682 3836 τε
706 3781 978 3853 ἐξάλειψιν
1004 3786 1116 3840 τῶν
1137 3787 1568 3858 ἡμαρτημένων,
1602 3786 1697 3841 καὶ
1722 3803 1860 3855 τρυ-

286 3871 398 3943 φὴν
424 3874 520 3926 κα)⁸
543 3872 842 3929 ἀπόλαυσιν
866 3876 977 3930 τῶν
1016 3877 1105 3931 διὰ
1141 3878 1426 3947 μετανοίας
1456 3879 1550 3933 καὶ
1591 3876 1863 3950 ἀγαθοερο

285 3963 415 4034 γίας
447 3964 556 4018 τῶν
574 3966 944 4037 ἀτελευτήτων
970 3967 1191 4036 ἀγαθῶν
1220 3970 1692 4042 εὐμοιρησάντων.

1968 3322 2208 3378 ctionem
2259 3337 2385 3378 vero
2416 3339 2524 3379 non
2555 3324 2943 3395 prophetarum
2973 3325 3260 3381 conﬁrmat
3300 3324 3546 3381 testimo-

1968 3415 2101 3483 niis,
2139 3415 2234 3471 sed
2279 3416 2449 3471 choro
2478 3418 2875 3488 «apostolorum
2908 3417 2956 3474 si
3004 3418 3140 3489 ipsis
3191 3418 3297 3475 ﬁde
3343 3417 3545 3488 dignus

1969 3514 2111 3562 erat.
2129 3506 2240 3577 29
2256 3505 2461 3564 Deinde
2484 3523 2611 3564 vero
2628 3519 2912 3580 postquam
2931 3508 3203 3565 ederendo
3220 3509 3427 3565 crimen
3445 3523 3543 3563 eo-

1972 3613 2116 3660 rum.
2143 3600 2494 3655 vehementer
2515 3601 2915 3666 constristavit,
2946 3617 3163 3657 rursum
3194 3600 3444 3662 remittit,
3475 3601 3542 3655 ad

1973 3689 2356 3761 penitentiam
2390 3691 2511 3748 illos
2560 3694 2834 3749 invitans:
2881 3694 3024 3766 quod
3053 3710 3115 3749 ex
3150 3692 3458 3764 ignorantia
3489 3702 3547 3747 et

1970 3781 2286 3852 insipientia
2311 3785 2677 3854 peccaverint,
2710 3786 2927 3857 etquod
2967 3786 3100 3841 illud
3122 3786 3265 3858 quod
3301 3784 3543 3841 nhinitio

1969 3876 2326 3931 constitutum
2345 3884 2463 3932 erat
2478 3893 2541 3932 ac
2562 3879 2953 3949 prophetarum
2978 3879 3201 3936 oraculo
3220 3879 3542 3951 prazdictum

1967 3982 2077 4022 non
2105 3967 2347 4037 potuerit
2384 3969 2600 4025 evitari.
2651 3969 2753 4027 Uhi
2774 3986 2904 4026 vero
2937 3972 3221 4043 hucusque
3246 3972 3542 4045 processit,

280 4058 399 4132 jam
423 4061 588 4117 etiam
603 4063 778 4133 palam
794 4062 1037 4134 cogendo
1053 4064 1263 4120 inducit
1280 4063 1771 4135 ad_suscipiendam
1793 4060 2170 4135 penitentiam
2193 4100 2208 4125 ,
2226 4068 2340 4114 tum
2356 4059 2422 4114 ad
2442 4060 2788 4117 abolitionem
2811 4063 3156 4129 delictorum,
3181 4075 3293 4119 tum
3313 4066 3381 4121 ad
3407 4064 3544 4120 deli?

286 4158 408 4214 cias
447 4156 875 4231 fruitionemqne
915 4168 1240 4216 aeternorum
1285 4161 1555 4219 honorum
1577 4202 1592 4227 ,
1634 4176 1757 4233 quae
1775 4174 1871 4229 per
1907 4156 2289 4231 ptenitentiam
2319 4156 2699 4229 honorumque
2732 4159 3101 4230 operationem
3128 4162 3532 4232 percipiuntur.

366 4271 389 4305 ι
423 4253 534 4306 Καὶ
570 4255 663 4308 ἐπὶ
696 4257 760 4326 τῇ
809 4255 990 4309 πίστει
1013 4256 1107 4311 τοῦ
1133 4258 1392 4328 ὀνόματος
1422 4258 1610 4323 αὑτοῦ,
1667 4257 1857 4312 τοῦτον

293 4362 313 4397 ι
350 4343 413 4397 δν
467 4344 724 4415 θεωρεῖτε
778 4345 874 4398 καί¹
925 4344 1107 4402 οἴδατε
1148 4388 1164 4414 ,
1221 4348 1522 4420 ἐστερέωσε
1576 4348 1636 4402 τὸ
1688 4348 1860 4419 ὄνομα

292 4454 314 4490 ι
352 4428 540 4492 αὑτοῦ.
574 4455 596 4489 ι
1416 4459 1420 4462 ’

359 4530 648 4596 Τουτέστι,
667 4531 734 4586 Τί
757 4532 924 4600 λέγω,
954 4533 1251 4599 πιστεύσας
1277 4534 1371 4589 ἐπὶ
1398 4533 1474 4606 τῷ
1505 4534 1728 4606 ὀνόματι
1764 4534 1863 4589 αὑ-

287 4619 387 4674 τοῦ
435 4622 784 4695 ἐστερεώθη;
836 4626 930 4679 καὶ
977 4626 1163 4698 πρὶνῆ
1198 4626 1509 4694 πιστεῦσαι,
1577 4628 1640 4680 τὸ
1688 4627 1861 4699 ὄνομα

293 4715 459 4785 μόνον
480 4715 771 4786 ἐπικληθὲν
810 4718 1141 4789 ἐστερέωσεν
1199 4720 1398 4774 αὐτόν’
1439 4720 1707 4792 τοσαύτην
1751 4738 1860 4793 πη-
1889 4701 1938 4759 θ

290 4803 451 4873 γάζει
476 4807 536 4860 τὸ
555 4805 725 4877 ὄνομα
763 4808 862 4879 τὴν
890 4811 1069 4881 χάριν.
1112 4809 1279 4865 Οὔπω
1307 4812 1417 4883 γὰρ
1438 4808 1506 4884 ἦν
1541 4812 1859 4878 πιστεύσας.

291 4895 432 4950 ἀλλά
462 4897 598 4968 μόνη
624 4899 658 4970 ἡ
691 4900 978 4972 ἐπίκλησις
1028 4901 1123 4957 τοῦ
1150 4904 1413 4974 ὀνόματος
1449 4904 1511 4958 τὸ
1537 4905 1648 4959 πᾶν
1668 4904 1860 4975 είργάο

294 5006 447 5044 σατο.
845 5032 852 5041 ο

368 5100 389 5134 ι
432 5081 545 5136 Καὶ
574 5083 608 5153 ἡ
635 5084 818 5148 πίστις
855 5086 889 5155 ἡ
931 5084 1003 5139 δι’
1051 5084 1216 5140 αὐτοῦ
1273 5086 1474 5142 ἔδωκεν
1537 5089 1690 5159 αὐτῷ
1762 5090 1864 5162 τὴν

300 5191 319 5224 ι
353 5172 677 5245 ὁλοκληρίαν
698 5176 901 5246 ταύτην
938 5177 1193 5231 ἀπέναντι
1214 5179 1431 5232 πάντων
1464 5181 1639 5251 ὑμῶν.
1668 5201 1687 5234 ι

362 5264 463 5328 Τίς
493 5264 552 5318 δέ
583 5267 617 5336 ἡ
636 5266 873 5338 πίστιςὴ
905 5266 971 5320 δι’
1001 5268 1165 5322 αὑτοῦ
1205 5271 1560 5340 κηρυχθεὴα,
1589 5271 1752 5337 αὐτὸς
1772 5274 1865 5345 ἐρ-

297 5356 573 5428 μηνεύει.ι
594 5360 711 5413 Ἰνα
735 5358 1045 5429 γινώσκωσι
1085 5377 1145 5414 σε
1177 5366 1270 5416 τὸν
1295 5363 1454 5433 μόνον
1482 5363 1655 5435 ἀληθῆ
1677 5405 1692 5429 ,
1717 5382 1737 5416 ι
1769 5365 1864 5419 καὶ

290 5448 565 5516 ἐξῆς.”1να
594 5450 702 5523 γὰρ
735 5453 809 5522 μή
845 5469 930 5516 τις
957 5453 1108 5526 εἴπῃ,
1140 5454 1346 5508 Οὐκοῦν
1368 5454 1469 5508 κᾶν
1488 5454 1714 5519 ἄπιστος
1742 5460 1865 5510 ἐπι-

291 5540 587 5607 καὶέσηται
613 5543 676 5595 τὸ
705 5542 873 5614 ὄνομα
898 5544 1197 5610 αὑτοῦ,κάν
1210 5547 1302 5599 ἐπὶ
1317 5547 1581 5618 θεραπείᾳ
1609 5548 1863 5616 ἀπίστου,

291 5632 449 5685 οὐδὲν
474 5628 640 5707 ἦττον
676 5636 710 5704 ἡ
743 5636 884 5698 ἴασις
913 5637 1282 5709 προχωρήσει,
1322 5639 1482 5709 εῐπερ
1513 5641 1545 5707 ἡ
1576 5636 1866 5711 ἐπίκλησις

300 5723 434 5794 μόνη
457 5724 553 5779 τοῦ
571 5725 841 5795 ὀνόματος
870 5729 989 5780 ἐστε
1000 5728 1223 5799 ρέωσεν·
1258 5728 1345 5781 ἴνα
1379 5727 1473 5783 οὖν
1496 5731 1570 5800 μή
1596 5748 1681 5793 τις
1708 5731 1864 5785 τοῦτο

295 5814 448 5886 εἴπῃ,
511 5815 782 5887 ἐπήγαγεο
855 5835 874 5868 ι
914 5817 1025 5872 Καὶ
1080 5819 1114 5889 ὴ
1184 5817 1367 5881 πίστις
1431 5819 1464 5893 ἡ
1507 5818 1575 5873 δι’
1626 5818 1855 5878 αὑτοῦ.»

2035 4253 2130 4317 111,
2167 4253 2254 4309 16.
2292 4272 2310 4306 ι
2353 4253 2417 4308 Et
2459 4254 2529 4309 ob
2573 4254 2731 4309 [idem
2765 4256 3006 4311 nominis
3034 4257 3171 4328 ejus,
3202 4257 3349 4313 hunc
3376 4273 3545 4330 quem

1975 4365 1995 4402 ι
2029 4360 2128 4404 vos
2156 4346 2351 4402 videtis
2373 4354 2428 4403 et
2449 4346 2646 4415 nostis,
2678 4346 3043 4403 consolidavit
3063 4363 3261 4405 nomen
3285 4350 3476 4431 ipsius.
3509 4373 3547 4405 ι

2038 4533 2152 4590 Hoc
2178 4543 2282 4599 est,
2315 4533 2457 4601 Quid
2498 4534 2625 4591 dico
2655 4536 2801 4606 quod
2838 4538 2931 4606 qui
2973 4537 3204 4594 credidit
3237 4540 3290 4595 in
3320 4543 3542 4598 nomine

1969 4630 2090 4700 ejus
2125 4630 2497 4686 consolidatus
2529 4631 2640 4686 sit?
2672 4630 2780 4686 imo
2805 4631 2968 4688 etiam
2997 4633 3311 4704 priusquam
3345 4637 3536 4693 crede-

1964 4732 2068 4788 ret,
2101 4737 2300 4778 nomen
2336 4730 2545 4779 tantum
2589 4723 2897 4779 invocatum
2938 4725 3302 4780 consolidavit
3330 4726 3479 4780 illum
3519 4745 3534 4782 :

1962 4823 2168 4872 tantam
2215 4825 2397 4871 manat
2423 4831 2617 4871 nomen
2642 4815 2787 4871 illius
2815 4815 3046 4887 gratiam
3078 4816 3353 4872 :nnndutn
3389 4818 3536 4874 enim

1963 4908 2292 4975 crediderat,
2333 4909 2432 4967 sed
2459 4909 2573 4968 sola
2605 4909 2843 4965 nominis
2872 4908 3144 4965 invocatio
3174 4926 3284 4965 rem
3319 4927 3539 4968 omnem

1967 5000 2193 5070 peregit.

2043 5111 2062 5144 ι
2100 5090 2165 5145 Et
2198 5091 2330 5147 ﬁdes
2359 5108 2479 5163 quae
2513 5108 2607 5164 per
2635 5107 2760 5149 eum
2793 5100 2899 5161 est,
2930 5095 3078 5152 dedit
3109 5096 3211 5167 ipsi
3249 5097 3536 5169 integrita-

1975 5202 1993 5235 ι
2032 5190 2138 5238 tem
2168 5184 2329 5238 istam
2372 5186 2424 5238 in
2460 5195 2754 5255 conspectu
2787 5188 3031 5242 omnium
3064 5199 3328 5244 vestrum.
3370 5210 3388 5242 ι

2041 5271 2173 5339 Qua:
2204 5283 2383 5327 autem
2415 5273 2486 5329 sit
2524 5274 2656 5330 tides
2685 5290 2815 5344 quas
2853 5291 2949 5345 per
2976 5292 3110 5331 enm
3142 5285 3246 5342 est;
3294 5277 3410 5346 ipse
3441 5278 3537 5332 de-

1969 5363 2159 5429 clarat,
2201 5363 2292 5419 ubi
2323 5364 2445 5419 ait:
2484 5382 2503 5415 ι
2546 5363 2617 5420 Ut
2667 5377 3000 5437 cognoscant
3042 5376 3094 5421 te
3138 5368 3312 5422 solum
3346 5385 3534 5422 verum

1971 5459 2137 5514 Deum
2169 5460 2288 5526 “,u
2324 5470 2429 5516 etc.
2469 5460 2545 5514 Ne
2570 5462 2692 5532 quis
2716 5462 2858 5516 enim
2895 5460 3041 5515 dicat
3068 5479 3081 5514 :
3111 5460 3295 5531 Itaque
3320 5461 3539 5517 etiamsi

1966 5550 2203 5606 inﬁdelis
2228 5553 2443 5606 invocet
2477 5565 2675 5605 nomen
2701 5550 2893 5619 ipsius,
2930 5551 3145 5606 etiamsi
3169 5550 3224 5604 in
3250 5550 3535 5605 curatione

1968 5642 2228 5696 increduli
2259 5642 2446 5706 idliat,
2475 5642 2833 5697 nihilominus
2875 5643 3024 5697 salus
3049 5643 3440 5710 subseqnetur,
3484 5641 3538 5696 si

1965 5731 2184 5800 quidem
2233 5732 2351 5789 sola
2376 5733 2615 5789 nominis
2654 5734 2927 5789 invocatio
2974 5733 3334 5793 consolidaxit
3362 5735 3529 5788 hunc.

1966 5819 2046 5878 Ne
2075 5822 2199 5894 quis
2224 5837 2354 5893 ergo
2381 5822 2485 5879 hoc
2517 5822 2684 5892 dicat,
2719 5823 3003 5893 subiunxit
3036 5842 3050 5877 :
3088 5840 3107 5874 ι
3147 5823 3213 5877 Et
3249 5821 3531 5894 fidesqure

365 5909 410 5941 ⁸⁸
434 5909 593 5965 Joan.
620 5924 773 5976 mn,
798 5909 883 5966 5|.
956 5912 999 5945 δ’
1028 5911 1182 5968 Joan.
1224 5926 1334 5979 nx,
1361 5911 1443 5967 l5.
1522 5911 1565 5946 δ’
1597 5912 1752 5973 Joan.
1784 5932 1915 5986 xvn,
1943 5916 1995 5970 3.
