4058 6594
479 429 548 492 87
1535 440 1933 501 (ECUMENII
1974 443 2269 504 TRICC/E
2305 442 2644 502 EPISCOPI
3678 437 3752 500 88

479 558 576 616 per
606 562 728 603 eum
756 556 842 604 est
872 565 887 604 :
930 567 951 603 ι
986 550 1089 606 hoc
1115 561 1221 617 est,
1257 563 1511 622 magnum
1559 557 1777 627 quidem
1821 567 1907 614 est
1954 575 2054 614 no-

2165 560 2454 621 Τουτέστι.
2519 560 2665 628 μέγα
2732 558 2833 629 μέν
2864 559 2985 611 ἐστι.
3044 558 3107 612 τὸ
3167 557 3361 627 ὄνομα,
3416 553 3512 609 καὶ
3577 553 3749 625 βρύον

481 653 626 705 mon,
656 646 711 694 et
762 654 793 694 a
849 655 959 712 quo
1004 652 1263 699 emanant
1312 644 1599 711 sanitates,
1648 648 1743 705 sed
1793 664 1931 719 opus
1976 659 2060 705 est

478 729 640 784 etiam
677 732 966 790 animabus
996 751 1119 807 quae
1152 738 1325 808 gratia
1376 738 1555 810 digna:
1583 739 1801 796 haberi-
1822 743 2056 813 possint.

479 822 763 893 Siquidem
801 841 997 883 nomen
1039 829 1109 884 ab
1141 828 1449 886 infidelibus
1487 832 1823 898 invocatum,
1856 849 1979 888 cum
2013 833 2060 888 is

476 917 641 973 etiam
667 920 760 990 qui
794 921 972 977 salute
1000 931 1123 994 eget
1163 939 1561 995 permansuros
1598 934 1683 981 est
1725 926 2061 992 incredulus,

405 1071 409 1074 ,
479 1026 823 1084 nequaquam
857 1030 1017 1070 suum
1045 1018 1310 1074 sortietur
1332 1018 1610 1074 effectum.
1636 1018 1830 1075 Dicere
1854 1019 2061 1090 itaque.

478 1103 687 1163 Nomen
728 1108 906 1179 ipsius
943 1111 1312 1167 eonsolidavit
1346 1112 1533 1179 istum,
1567 1113 1803 1169 sublime
1837 1128 1902 1169 ac
1937 1129 2064 1183 per-

479 1193 679 1250 fectum
725 1206 829 1264 est,
878 1211 933 1256 et
984 1200 1205 1260 Judaeos
1251 1206 1601 1261 exacerbavit
1650 1225 1663 1261 :
1717 1205 1850 1260 illud
1898 1221 2063 1269 vero,

476 1284 641 1344 Fides
673 1304 796 1358 quae
825 1308 924 1363 per
950 1310 1075 1350 eum
1104 1305 1210 1364 est,
1240 1297 1466 1354 humile.
1506 1297 1628 1370 Ipse
1655 1305 1835 1353 autem
1863 1299 2062 1371 partim

476 1381 697 1451 quidem
731 1401 796 1440 ex
831 1388 910 1442 rei
958 1398 1154 1444 natura
1190 1406 1498 1447 sermonem
1530 1392 1828 1458 distribuit,
1861 1392 2061 1463 partim

480 1488 614 1529 vero
641 1474 798 1545 juxta
828 1482 1140 1536 auditorum
1189 1482 1442 1537 affectum
1491 1491 1545 1537 et
1591 1483 1913 1554 potentiam,
1958 1486 2065 1538 hu-

2169 651 2367 721 ἰάσεις,
2392 649 2528 702 ἀλλὰ
2565 650 2736 703 δεῖται
2776 648 2872 704 καὶ
2892 647 3081 720 ψυχῶν
3105 646 3419 717 δυναμένων
3450 642 3749 713 ἀξιωθῆναι

2165 743 2263 811 τῆς
2326 744 2570 813 χάριτος.
2630 742 2767 796 Ὑπὸ
2802 742 2911 811 γὰρ
2957 740 3206 795 ἀπίστων
3233 738 3295 792 τὸ
3328 738 3501 808 ὄνομα
3549 737 3750 790 ἐπικα-

2167 835 2452 905 λούμενον,
2520 835 2617 888 καὶ
2664 834 2901 895 ἀπίστου
2960 832 3247 906 μέλλοντος
3306 830 3490 902 μένειν
3529 827 3624 882 τοῦ
3651 828 3751 898 τῆς

2166 929 2363 990 ἰάσεως
2394 928 2671 999 δεομένου,
2705 930 2805 983 ούκ
2827 927 2892 982 ἂν
2919 928 2980 982 τὸ
3019 929 3218 982 οἰκεῖον
3259 924 3628 995 ἐνεργήσειεν.
3674 920 3751 975 To

2166 1022 2265 1093 μὲν
2307 1020 2401 1076 οὖν
2441 1024 2641 1087 εἰπεῖν,
2671 1023 2745 1076 Τὸ
2768 1021 2940 1091 ὄνομα
2977 1019 3145 1075 αὑτοῦ
3184 1018 3523 1093 ἐστερέωσεν
3554 1014 3742 1079 αὐτὸν,

2162 1114 2366 1185 ὑψηλὸν
2411 1116 2509 1169 καὶ
2548 1115 2774 1179 τέλειον,
2833 1114 2930 1169 καὶ
2981 1114 3278 1186 ἐτράχυνεν
3326 1111 3392 1165 ἂν
3451 1110 3575 1172 τοὺς
3619 1107 3751 1162 ’1ου-

2161 1204 2367 1268 δαίους.
2394 1206 2467 1259 Τὸ
2489 1204 2567 1267 δὲ,
2611 1205 2676 1259 Ἠ
2699 1206 2881 1270 πίστις
2914 1207 2948 1278 ἡ
2973 1205 3041 1258 δι’
3070 1204 3259 1267 αὐτοῦ,
3292 1202 3568 1256 ταπεινόν.
3587 1200 3646 1252 ὐ
3669 1199 3749 1265 δὲ,

2166 1298 2234 1353 τὰ
2263 1299 2361 1367 μὲν
2396 1302 2462 1370 τῇ
2510 1299 2669 1369 φύσει
2720 1299 2906 1372 νέμων
2950 1300 3046 1353 τοῦ
3106 1298 3462 1371 πράγματος,
3498 1296 3567 1348 τά
3591 1294 3649 1347 δὲ
3681 1296 3750 1363 τῇ

2168 1391 2403 1446 διαθέσει
2445 1394 2538 1446 καὶ
2571 1396 2636 1463 τῇ
2660 1393 2887 1463 δυνάμει
2921 1392 3031 1446 τῶν
3065 1392 3374 1462 ἀκροατῶν,
3408 1390 3630 1460 μίγνυσι
3653 1402 3751 1438 τα-

2176 1486 2337 1539 πεινά
2366 1486 2589 1557 ὑψηλοῖς
2610 1488 2698 1541 διὰ
2732 1487 2791 1539 τὸ
2821 1485 3246 1559 εύπαράδεκτον.

476 1565 627 1620 milia
669 1569 1012 1638 permiscens
1091 1573 1440 1642 sublimibus,
1514 1590 1625 1647 quo
1708 1574 1927 1631 facilius
2011 1589 2195 1630 sermo
2224 1578 2554 1649 excipiatur.

546 1751 636 1819 Ill,
669 1755 857 1814 17-20.
913 1778 933 1812 ι
973 1761 1040 1816 Et
1066 1778 1230 1829 nunc,
1284 1762 1504 1831 fratres,
1564 1767 1714 1830 novi,
1766 1768 1913 1840 quod
1972 1784 2066 1837 per

483 1866 501 1899 ι
540 1847 908 1918 ignorantiam
955 1854 1198 1910 feceritis
1245 1856 1390 1912 sicut
1439 1865 1494 1911 et
1544 1858 1824 1930 principes
1871 1861 2060 1914 vestri.

2249 1787 2268 1819 ι
2290 1768 2400 1822 Καὶ
2415 1765 2530 1832 νῦν,
2550 1766 2791 1837 ἀδελφοὶ,
2807 1762 2948 1830 οἶδα,
2961 1766 3044 1819 ὅτι
3060 1764 3201 1819 κατὰ
3216 1764 3440 1830 ἄγνοιαν
3452 1760 3749 1832 ἐπράξατε,

2169 1858 2360 1931 ῶσπερ
2389 1859 2485 1913 καὶ
2501 1860 2551 1912 οἱ
2571 1859 2832 1930 ἀρχόντες
2861 1860 2890 1912 ὑ
2900 1858 3038 1929 μῶν.
3058 1858 3117 1911 ’0
3134 1856 3190 1910 δὲ
3220 1856 3354 1920 Θεὸς
3375 1854 3411 1909 ἆ
3427 1855 3751 1926 προκατήγ-

483 1958 502 1990 ι
543 1940 686 1998 Deus
728 1953 908 2000 autem
948 1961 1068 2017 quae
1101 1948 1563 2018 prarnuntiaverat
1593 1966 1690 2021 per
1726 1965 1788 2006 os
1817 1954 2054 2005 omnium

2166 1951 2316 2021 γειλε
2367 1951 2457 2005 διὰ
2486 1951 2754 2023 στόματος
2803 1953 3023 2007 πάντων
3060 1951 3171 2004 τῶν
3221 1946 3518 2021 προφητῶν
3557 1945 3747 2010 αὑτοῦ,

482 2053 501 2086 ι
544 2049 767 2091 suorum
819 2041 1234 2110 prophetarum,
1266 2058 1557 2111 passurum
1597 2058 1721 2098 esse
1753 2042 2055 2107 Christum,

481 2144 503 2179 ι
542 2130 837 2200 complevit
889 2132 994 2189 hoc
1037 2136 1223 2190 modo.
1260 2135 1591 2205 Resipiscite
1622 2136 1791 2206 igitur
1827 2145 1882 2191 et
1925 2152 2060 2191 con-

482 2236 502 2271 ι
540 2222 816 2278 vertimini
852 2223 961 2296 30
999 2242 1108 2296 quo
1139 2227 1427 2282 deleantur
1465 2238 1689 2297 peccata
1726 2236 1905 2283 vestra
1942 2247 1956 2284 :
2001 2240 2059 2282 ut

481 2329 501 2361 ι
537 2311 760 2367 veniant
806 2324 1047 2387 tempora
1088 2316 1526 2390 refrigerationis
1560 2336 1586 2373 a
1622 2330 1921 2391 conspectu
1955 2322 2058 2376 Do-

480 2419 500 2453 1
539 2417 692 2457 1111111.
739 2422 757 2455 Ι

546 2495 706 2563 Novi,
735 2497 937 2569 inquit,
972 2502 1119 2572 quod
1162 2518 1260 2574 per
1293 2503 1658 2575 ignorantiam
1701 2506 1963 2571 feceritis,
1992 2520 2058 2560 eo

475 2589 623 2659 quod
680 2590 861 2660 plures
909 2602 1151 2649 vestrum
1204 2596 1414 2651 videam
1472 2600 1718 2656 converti
1772 2606 1826 2655 ct
1875 2600 2058 2656 salvos

472 2684 617 2739 fieri.
644 2682 928 2755 Siquidem
960 2696 1192 2743 noverat
1220 2691 1368 2761 quod
1401 2707 1510 2747 non
1544 2688 1866 2765 ‘ignoranter
1898 2695 2057 2749 fecis-

474 2785 619 2859 sent,
658 2777 753 2832 scd
789 2778 865 2833 ita
897 2779 1135 2846 dicebat,
1168 2783 1368 2838 ostium
1412 2784 1521 2840 illis
1553 2787 1885 2855 poenitentia!
1927 2801 2059 2857 ape-

470 2869 644 2926 riens.
682 2870 808 2928 ideo
837 2874 954 2929 ait:
988 2874 1337 2946 Resipiscite,
1379 2895 1489 2933 non
1533 2880 1602 2936 de
1644 2882 1955 2936 commissis
1999 2881 2053 2936 in

472 2977 638 3019 cruce
671 2965 820 3035 (nam
851 2966 917 3021 de
944 2965 1051 3022 illis
1086 2967 1336 3037 praedixit
1361 2970 1507 3040 quod
1547 2986 1647 3041 per
1689 2972 2052 3042 ignorantiam

472 3056 617 3111 facta
648 3056 882 3127 essent),
918 3058 1012 3114 sed
1045 3059 1113 3115 de
1155 3061 1278 3115 aliis
1298 3060 1531 3116 delictis.
1584 3061 1783 3118 Diccns
1828 3074 2049 3118 autem:

477 3165 498 3198 ‹
531 3146 800 3218 Tempora
831 3148 1287 3220 refrigerationis,
1322 3172 1341 3205 υ
1374 3153 1622 3209 futurum
1648 3155 1889 3211 ostendit
1918 3165 1974 3210 nt
1999 3158 2050 3211 in

471 3239 676 3295 multas
710 3240 967 3297 miserias
1011 3242 1282 3310 incidant,
1317 3254 1372 3300 et
1412 3246 1571 3302 bellis
1602 3254 1890 3302 vastentur
1920 3267 1933 3302 :
1962 3248 2052 3302 hic

2164 2043 2357 2101 παθεῖν
2374 2043 2467 2097 τὸν
2500 2043 2758 2115 Χριστὸν,
2783 2043 3106 2113 ἐπλήρωσεν
3135 2040 3330 2104 οὕτως.
3358 2040 3751 2109 Μετανοήσατε

2161 2133 2256 2189 οὖν
2313 2137 2407 2191 καὶ
2470 2136 2837 2206 ἐπιστρέψατε
2912 2138 2990 2199 εἰς
3045 2132 3536 2205 τδιὲξαλειφοῆναι
3594 2130 3752 2200 ὑμῶν

2166 2232 2266 2294 τὰς
2300 2230 2614 2301 ἁμαρτίας.
2664 2231 2813 2293 ὅπως
2859 2229 2925 2284 ἂν
2955 2229 3151 2283 ἔλθωσι
3202 2228 3388 2295 καιροὶ
3430 2224 3750 2296 ἀναψύξεως

2163 2323 2273 2378 ἀπὸ
2295 2323 2593 2395 προσώπου
2620 2322 2714 2377 τοῦ
2746 2324 2975 2394 Κυρίου.
3018 2341 3038 2375 ι

2230 2501 2463 2569 Ἕγνων,
2504 2502 2660 2570 φησὶ.
2690 2502 2770 2554 ὅτι
2795 2499 2938 2554 κατὰ
2974 2500 3199 2568 ἄγνοιαν
3229 2499 3528 2567 ἐπράξατε,
3570 2495 3631 2561 ἐξ
3670 2489 3748 2550 ὧν

2159 2593 2270 2664 ὁρῶ
2332 2592 2559 2656 πολλοὺς
2596 2592 2751 2662 ὑμῶν
2789 2591 3223 2662 ἐπιστρέφοντας
3257 2593 3348 2643 καὶ
3376 2589 3746 2658 σωζομένους.

2162 2687 2316 2758 ’ῌδει
2342 2687 2440 2755 μὲν
2465 2685 2573 2755 γὰρ
2623 2686 2706 2738 ὃτι
2727 2686 2786 2738 οὐ
2816 2685 2957 2738 κατὰ
2991 2685 3237 2753 ἄγνοιαν,
3269 2682 3383 2734 ἀλλ’
3405 2682 3578 2746 οὕτως
3612 2682 3743 2752 ἔφη,

2158 2780 2331 2851 θύραν
2357 2781 2540 2842 αὐτοῖς
2582 2779 2816 2845 ἀνοίγων
2877 2777 3186 2850 μετανοίας.
3218 2777 3310 2831 Διὸ
3341 2776 3492 2845 λέγει
3521 2792 3534 2806 ’
3566 2778 3750 2831 Μετα-

2156 2874 2408 2943 νοήσατε,
2439 2872 2501 2925 ού
2524 2872 2652 2943 περὶ
2691 2870 2803 2924 τῶν
2827 2872 2884 2924 ἐν
2915 2869 2994 2938 τῷ
3036 2867 3256 2938 σταυρῷ
3323 2867 3748 2938 τετολμημένων

2160 2963 2320 3035 (ἔφθη
2341 2965 2450 3037 γὰρ
2478 2963 2648 3018 εἰπὼν
2688 2964 2819 3033 περὶ
2856 2961 3101 3027 ἐκείνων,
3142 2961 3225 3014 ὅτι
3256 2962 3312 3013 ὲν
3338 2959 3581 3029 ἀγνοίᾳ),
3609 2957 3747 3011 ἀλλά

2158 3060 2289 3130 περὶ
2349 3060 2456 3114 τῶν
2503 3058 2680 3113 ἄλλων
2740 3054 3047 3126 ἁμαρτιῶν.
3118 3052 3305 3108 Εἰπὼν
3357 3051 3436 3112 δὲ,
3502 3050 3748 3119 «Καιροὶ

2156 3152 2497 3220 ἀναψύξεως,
2524 3170 2541 3202 ι
2560 3150 2802 3203 δείκνυσι
2832 3145 3233 3215 ταλαιπωρίαις
3260 3143 3485 3205 πολλαῖς
3518 3141 3746 3213 μέλλον-

2158 3261 2258 3307 τας
2287 3244 2488 3303 αὐτοὺς
2536 3243 2914 3315 περιπίπτειν,
2978 3242 3074 3296 καὶ
3124 3239 3749 3313 κατεργασθησομένους

469 3331 615 3386 enim
646 3347 829 3390 sermo
854 3336 918 3391 ad
949 3349 1072 3390 eum
1121 3338 1213 3408 qui
1262 3338 1635 3409 deplorandus
1667 3351 1749 3396 est
1791 3343 2052 3412 Cupitque

2163 3336 2441 3407 πολέμων.
2483 3334 2629 3406 Πρὸς
2681 3333 2786 3405 γὰρ
2822 3334 2916 3387 τὸν
2955 3333 3328 3403 κλαυσόμενον
3363 3333 3460 3386 καὶ
3484 3346 3748 3401 παραμυ-

471 3424 926 3493 consolationem,
966 3428 1141 3499 aptari
1176 3438 1376 3499 potest.
1408 3449 1428 3481 ι
1462 3431 1528 3485 Ut
1553 3433 1777 3487 veniant
1806 3440 2053 3503 tempora

471 3517 935 3587 refrigerationis,
967 3538 986 3572 ι
1049 3523 1254 3593 inquit.
1304 3522 1377 3579 Ut
1416 3526 1757 3596 temporibus
1805 3524 2057 3581 videlicet

469 3607 907 3680 refrigerationis
948 3613 1395 3670 refocillarentur
1439 3632 1455 3671 :
1505 3633 1627 3687 quae.
1677 3633 1706 3671 a
1757 3624 2052 3689 conspectu

468 3699 684 3757 Domini
719 3703 836 3759 sive
867 3704 1051 3762 divina
1087 3714 1143 3762 et
1174 3718 1402 3778 paterna
1432 3710 1738 3765 substantia
1777 3710 1911 3765 dicit
1953 3711 2054 3764 ad-

469 3794 746 3851 ducenda.
781 3795 968 3869 Neque
1000 3799 1145 3854 enim
1182 3801 1479 3857 verisimile
1521 3811 1639 3857 erat
1691 3817 1788 3857 eos
1829 3804 1920 3873 qui
1960 3819 2057 3873 per

467 3889 781 3957 passionem
808 3890 860 3945 in
880 3889 1077 3946 Filium
1113 3892 1297 3961 injurii
1332 3893 1565 3962 fuerant,
1591 3911 1700 3950 non
1734 3904 2056 3966 accepturos

467 3979 688 4050 dignam
713 3984 1001 4051 ultionem,
1030 4001 1192 4057 quam
1221 3987 1382 4043 etiam
1413 4003 1441 4041 a
1467 3987 1733 4044 Romanis
1759 3988 1902 4044 nacti
1925 3997 2056 4044 sunt

469 4072 737 4129 militibus
766 4092 861 4147 per
886 4075 1286 4148 Vespasianum
1328 4090 1383 4135 et
1429 4081 1609 4136 Titum
1663 4081 1697 4135 ii
1742 4081 1835 4152 qui
1863 4080 2056 4135 Jndai-

467 4183 587 4222 eam
654 4169 917 4226 adversus
981 4171 1263 4229 Christum
1338 4175 1609 4229 insaniam
1670 4184 2050 4229 exercuerant.

465 4260 655 4332 Neque
704 4264 884 4318 solum
923 4266 1143 4336 propria
1178 4266 1369 4338 politia
1402 4265 1649 4321 destituti
1692 4275 1840 4329 sunt,
1864 4282 2053 4320 verum

464 4355 627 4409 etiam
662 4364 786 4426 post
821 4371 934 4411 sua:
984 4359 1306 4429 metropolis
1349 4359 1647 4429 templique
1687 4359 2053 4421 eversionem,

465 4447 634 4501 vitam
661 4464 878 4519 quoque
908 4450 1120 4505 ducunt
1140 4449 1434 4504 erraticum
1462 4459 1580 4504 toto
1605 4450 1812 4505 mundo
1845 4451 2055 4519 dispare

466 4540 552 4595 si:
581 4548 634 4595 et
670 4556 848 4611 usque
878 4542 944 4594 ad
980 4528 1146 4609 huius
1183 4541 1433 4597 mortalis
1472 4541 1599 4596 vitae
1624 4539 2055 4596 consummatio.

465 4648 590 4687 nem
657 4634 729 4689 ita
796 4632 1180 4704 perdurantes,
1235 4650 1513 4705 nunquam
1572 4622 2042 4705 refrigerationem

466 4739 902 4796 consequentur.
926 4728 987 4784 In
1015 4745 1081 4784 eo
1108 4730 1251 4783 enim
1275 4728 1480 4784 Christi
1508 4729 1575 4784 de
1604 4730 1762 4785 caelis
1788 4735 2046 4791 adventu,

469 4816 767 4887 unicuique
791 4817 948 4888 juxta
977 4818 1249 4889 condigna
1276 4819 1536 4889 rependet
1569 4819 1812 4890 praemia.
1831 4800 2046 4872 'llorum

466 4917 653 4964 autem
682 4925 806 4980 quae
841 4894 975 4966 tunc
1011 4910 1198 4966 futura
1238 4919 1388 4975 sunt,
1438 4913 1807 4981 cognitionem
1847 4910 2049 4965 Judmis

466 5017 612 5057 nunc
644 5003 924 5073 proponit,
960 5012 1024 5058 ut
1059 5005 1252 5059 horum
1290 5006 1486 5060 timore
1512 5004 1888 5076 paenitentiam
1934 5017 2052 5056 ma-

461 5094 545 5163 gis
575 5101 801 5149 strenue
829 5094 1117 5165 arripiant.

536 5265 628 5330 111,
656 5264 746 5330 20,
778 5265 870 5321 2|.
909 5283 929 5316 ι
966 5264 1253 5338 Mittatque
1279 5283 1404 5324 eum
1436 5270 1529 5339 qui
1564 5277 1693 5325 ante
1718 5269 2049 5340 praedicatus

469 5378 487 5402 ι
530 5366 615 5413 est
640 5358 798 5413 vobis
824 5357 1010 5414 Jesum
1042 5359 1347 5425 Christum,
1377 5376 1538 5431 quem
1582 5370 1798 5431 oportet
1828 5362 2049 5431 quidem

469 5472 486 5502 ι
528 5450 669 5505 erelo
728 5451 938 5523 suscipi
992 5468 1168 5524 usque
1216 5453 1283 5508 ad
1332 5462 1577 5525 tempora
1633 5455 2052 5512 instaurationis

468 5565 484 5591 ι
524 5541 792 5609 omnium,
822 5558 946 5614 quae
994 5545 1211 5602 locutus
1259 5558 1345 5603 est
1373 5545 1521 5604 Deus
1568 5563 1662 5619 per
1707 5563 1771 5604 os
1804 5548 2049 5603 omnium

465 5658 486 5686 ε
527 5644 847 5693 sanctorum
882 5653 1109 5694 suorum
1142 5656 1172 5695 a
1201 5642 1405 5696 saeculo
1442 5643 1854 5711 prophetarum.
1890 5658 1909 5691 ι

533 5727 670 5786 Vide
720 5733 1000 5804 quomodo
1028 5734 1222 5791 ordine
1252 5733 1534 5806 procedat.
1572 5734 1620 5788 ιτ
1662 5733 1833 5804 priori
1870 5733 2049 5802 siqni-

460 5824 585 5880 dem
625 5825 897 5881 concione
940 5829 1402 5885 resurrectionem
1433 5844 1498 5883 ac
1548 5828 1603 5881 in
1637 5827 1796 5882 oculis
1834 5826 2049 5882 sessio-

459 5930 587 5971 nem
622 5914 848 5971 innuit:
899 5915 987 5971 hic
1020 5926 1201 5974 autem
1241 5921 1591 5975 manifestum
1634 5921 1802 5975 etiam
1843 5919 2049 5974 adven-

465 6018 580 6064 tum
635 6024 794 6080 quem
834 6020 991 6067 vocat
1038 6020 1250 6084 tempus
1283 6012 1742 6086 refrigerationis,
1774 6027 1872 6083 per
1903 6011 2049 6082 quod

2162 3432 2284 3491 θίας
2335 3425 2709 3497 ἐπιθυμοῦντα
2775 3419 2935 3489 οὗτος
3001 3424 3070 3479 ἂν
3118 3426 3148 3477 ὁ
3206 3424 3364 3492 λόγος
3429 3423 3748 3493 ἀρμόσειεν.

2165 3542 2182 3573 ι
2213 3522 2403 3581 Ὅπως
2459 3518 2528 3573 ἂν
2599 3518 2798 3572 ἔλθωσι
2830 3560 2846 3582 ,
2896 3517 3054 3587 φησὶ,
3110 3518 3297 3588 καιροὶ
3350 3514 3693 3584 ἀναψύξεως.
3721 3531 3746 3564 ι

2161 3613 2322 3668 Κατὰ
2344 3613 2471 3677 τοὺς
2497 3614 2599 3681 τῆς
2637 3609 2960 3680 ἀναψύξεως
2998 3610 3228 3680 καιροὺς
3256 3608 3479 3680 δηλαδὴ,
3515 3606 3607 3671 οὓς
3641 3607 3752 3661 ἀπὸ

2161 3704 2457 3777 προσώπου
2508 3704 2603 3758 τοῦ
2638 3705 2870 3776 Κυρίου,
2898 3704 3077 3758 εῑτουν
3104 3703 3204 3775 τῆς
3229 3703 3381 3765 θείας
3410 3704 3504 3757 καὶ
3544 3719 3751 3772 πατρι-

2160 3802 2264 3869 κῆς
2295 3797 2483 3861 οὐσίας
2538 3797 3000 3869 πρυτανευθῆναι,
3048 3796 3236 3867 φησίν.
3275 3795 3410 3849 Οὐδὲ
3441 3795 3551 3867 γὰρ
3576 3794 3749 3855 εἰκὸς,

2162 3894 2288 3956 τοὺς
2319 3892 2401 3955 εἰς
2455 3890 2546 3944 τὸν
2578 3890 2706 3943 rem
2736 3888 3129 3960 ἐνυϐρίσαντας
3163 3888 3253 3942 διὰ
3281 3887 3376 3943 τού
3402 3887 3632 3951 πάθους,
3672 3886 3751 3959 μὴ

2158 3985 2257 4055 τὴν
2314 3982 2651 4054 ἀνταμοιθὴν
2694 3983 2899 4054 εὑρεῖν,
2930 3982 2998 4054 ἢν
3050 3982 3147 4036 καὶ
3197 3981 3428 4053 ἀνεῦρον
3492 3980 3598 4035 ὑπὸ
3635 3980 3750 4033 τῶν

2170 4076 2500 4147 Ῥωμαϊκῶν
2542 4075 2926 4146 στρατοπέδων
2947 4075 3038 4131 διὰ
3068 4073 3481 4130 Οὐεσπασιανοῦ
3516 4074 3614 4128 καὶ
3644 4073 3747 4127 Τί·-

2158 4188 2249 4223 του
2273 4173 2321 4223 οἱ
2361 4171 2428 4242 τῇ
2473 4169 2738 4241 Ἰουδαῖκῇ
2786 4169 2924 4223 κατᾶ
2963 4168 3203 4241 Χριστοῦ
3232 4169 3750 4239 ἐγκαρτερήσαντες

2158 4263 2353 4338 λύσσῃ.
2395 4264 2506 4318 Καὶ
2535 4262 2598 4316 οὐ
2627 4262 2789 4333 μόνον
2829 4261 2954 4316 καθ’
2989 4262 3219 4325 ἑαυτοὺς
3250 4260 3558 4315 πολιτεύειν
3589 4259 3748 4314 ἐστέ-

2160 4373 2374 4427 ρηνται,
2401 4355 2538 4411 ἁλλά
2568 4356 2664 4409 καὶ
2698 4354 2837 4426 μετὰ
2864 4354 2962 4424 τὴν
2991 4356 3091 4423 τῆς
3137 4353 3528 4425 μητροπόλεως
3564 4352 3749 4407 αὐτῶν

2156 4450 2252 4504 καὶ
2299 4448 2394 4503 τοῦ
2418 4446 2550 4501 ναοῦ
2611 4445 2997 4516 κατασκαφὴν,
3034 4447 3129 4499 καὶ
3171 4446 3288 4517 βίον
3316 4448 3512 4515 ἄγουσι
3540 4446 3746 4499 πλάνον

2156 4541 2296 4596 κατά
2358 4541 2559 4605 παντὸς
2623 4540 3040 4610 διασπαρέντες,
3096 4539 3192 4593 καὶ
3253 4539 3417 4609 μέχρι
3463 4539 3562 4608 τῆς
3587 4538 3746 4591 τοῦδε

2157 4635 2253 4689 τοῦ
2316 4633 2563 4704 φθαρτοῦ
2620 4633 2736 4704 βίον
2802 4631 3119 4694 συντελείας
3140 4631 3546 4700 διατηροῦντες,
3571 4630 3634 4683 ού
3668 4633 3744 4700 μή

2156 4744 2287 4781 ποτε
2350 4727 2566 4796 τύχοιεν
2622 4725 2961 4794 ἀναψύξεως.
3015 4722 3170 4776 Κατά
3204 4723 3313 4791 γὰρ
3339 4722 3550 4791 ταύτὴν
3580 4723 3615 4790 ἡ
3643 4719 3743 4774 τοῦ

2156 4818 2394 4888 Χριστοῦ
2425 4819 2520 4871 ἀπ’
2545 4818 2776 4888 ούρανοῦ
2834 4816 3128 4887 παρουσία,
3196 4816 3414 4882 ἑκάστῳ
3459 4814 3572 4868 τῶν
3590 4815 3749 4867 κατὰ

2157 4912 2315 4978 ἀξίαν
2363 4910 2542 4978 πρνων
2578 4908 2875 4981 βραύεύσει
2900 4908 2969 4963 τὰ
3003 4907 3238 4961 ἔπαθλα.
3294 4907 3518 4967 Τούτων
3556 4906 3615 4959 δέ
3638 4906 3748 4960 τῶν

2155 5000 2758 5074 τηνικαῦτα,ἐσομὲνων
2787 4999 2992 5068 γνῶσιν
3014 4997 3110 5050 νῦν
3136 4998 3413 5068 ἐντίθησιν
3442 4996 3747 5062 Ἰουδαίοις.

2153 5094 2228 5156 ὡς
2259 5093 2324 5147 ἂν
2354 5091 2431 5163 τῷ
2461 5091 2612 5162 φόϐῳ
2639 5089 2851 5144 τούτων
2886 5086 3281 5158 γεννικώτερον
3318 5088 3419 5158 τὴν
3450 5088 3746 5158 μετάνοιαν
3838 5126 3841 5127 ν

2156 5185 2590 5240 ἐπισπάσωνται.

2234 5296 2252 5328 ι
2292 5274 2405 5331 Καὶ
2426 5272 2722 5346 ἀποστείλῃ
2755 5273 2848 5328 τὸν
2882 5273 3420 5345 προκεκηρυγμένον
3469 5274 3602 5343 ύμῖν
3637 5271 3747 5343 ’1η-

2160 5370 2288 5424 σοῢν
2350 5367 2606 5439 Χριστὸν,
2653 5367 2713 5423 ὃν
2766 5367 2850 5421 δεῖ
2889 5366 3122 5439 οὐρανὸν
3177 5367 3277 5437 μὲν
3319 5365 3577 5433 δέξασθαι
3614 5366 3746 5438 ἄχρι

2158 5458 2366 5528 χρόνων
2411 5455 2914 5519 ἀποκαταστάσεως
2987 5455 3233 5524 πάντων,
3288 5448 3363 5510 ὧν
3427 5456 3693 5527 ἐλάλησεν
3716 5459 3747 5510 ὁ

2157 5550 2289 5613 Θεὸς
2327 5547 2415 5603 διὰ
2469 5548 2739 5621 στόματος
2779 5548 3001 5605 πάντων
3035 5549 3213 5617 ἁγίων
3244 5548 3414 5602 αὐτοῦ
3445 5549 3744 5620 προφητῶν

2158 5643 2487 5708 ἀπἀἰῶνος.
2527 5663 2547 5696 ι

2231 5737 2374 5804 Ὅρα
2388 5735 2505 5800 πῶς
2528 5735 2633 5806 ὁδῷ
2658 5735 2966 5808 προϐαίνει.
3004 5737 3093 5791 Ἐν
3122 5735 3224 5807 μὲν
3251 5739 3319 5807 τῇ
3345 5734 3537 5808 πρώτῃ
3567 5738 3747 5810 δημη·

2159 5828 2341 5900 γορίᾳ,
2372 5830 2472 5897 τὴν
2502 5829 2799 5885 ἀνάστασιν
2845 5828 2941 5882 καὶ
2966 5828 3064 5900 τὴν
3097 5831 3180 5894 εἰς
3222 5829 3488 5901 οὐρανοὺς
3519 5830 3744 5902 ᾐνίξατο

2159 5921 2396 5984 κάθισιν,
2450 5921 2683 5976 ἐνταῦθα
2723 5922 2904 5977 δὲκαὶ
2961 5922 3061 5993 τὴν
3113 5923 3332 5994 ἐμφανῆ
3368 5924 3737 6002 ’παρουσίαῃ

2160 6015 2225 6085 ἣν
2249 6016 2440 6087 καιρόν
2497 6032 2661 6087 φησιν
2689 6016 3026 6086 ἀναψύξεως,
3069 6018 3125 6070 ἐν
3147 6011 3189 6088 ᾧ
3219 6018 3345 6082 τοὺς
3369 6017 3465 6090 τῆς
3496 6017 3740 6073 ἀναστά-
