4058 6570
425 418 492 486 91
1445 423 1843 484 (ECUMENII
1883 424 2175 487 τιιιοοίΕ
2216 428 2554 490 EPISCOPI
3611 437 3689 501 92

427 533 548 588 lilii.
576 532 642 588 lli
677 533 825 589 enim
886 532 1162 604 spirituali
1188 533 1580 604 prophetarum
1614 535 1882 592 ﬁliatioue
1915 539 2004 592 ad-

2114 539 2490 612 Βιαλεγόμενός
2510 559 2664 613 φησι.
2700 543 2798 597 Διά
2821 543 2878 597 δὲ
2908 543 3026 611 τοῦ,
3065 563 3084 598 ι
3114 547 3278 618 Ἀχρι
3307 546 3515 618 χρόνων
3537 551 3683 618 κάπο-

422 627 594 698 optati
627 635 777 693 sunt,
813 626 904 681 ille
934 641 1068 680 vero
1105 627 1346 680 naturali
1383 627 1750 697 dispositione
1779 629 1996 685 illiatio-

424 735 545 774 nem
578 720 807 775 obtinet.
833 749 903 760 —
931 719 1052 774 Alio
1091 719 1267 774 modo.
1302 719 1436 773 Illud
1467 721 1687 790 quidem
1719 740 1731 774 :
1765 741 1782 773 ι
1819 721 1991 788 Quem

423 821 638 882 oportet
668 812 896 880 suscipi,
933 832 950 864 ι
984 813 1221 882 positum
1253 822 1339 869 est
1363 829 1427 868 ac
1452 815 1496 869 si
1528 815 1814 870 diceretur
1841 836 1852 868 :
1884 815 1990 870 Ne-

2105 633 2512 699 καταστάσεως,
2548 653 2567 686 ι
2608 635 2707 706 τήν
2766 636 2945 690 αἰτίαν
2997 637 3166 705 δηλοῖ,
3223 639 3310 693 διά
3335 640 3387 693 τί
3429 641 3528 695 νῦν
3582 643 3683 696 ούκ

2104 723 2186 776 ἔτι
2209 725 2444 794 ἔρχεται.
2466 727 2941 798 Ἀποκαταστῆναι
2968 729 3071 793 δεῖ,
3105 732 3260 804 φησὶ,
3286 734 3380 787 καὶ
3408 733 3489 798 είς
3512 732 3686 804 πέρας

2102 816 2278 869 ἐλθεῖν
2320 819 2558 884 ἅπαντα,
2595 824 2692 873 καὶ
2715 820 2837 874 τότε
2868 821 3172 877 ἐλεύσεται.

422 925 577 964 cesse
626 920 710 964 est
757 912 932 981 ipsum
982 910 1226 977 suscipi,
1274 919 1329 964 ut
1360 910 1453 980 qui
1503 926 1633 966 sane
1687 911 1830 968 Deus
1889 912 1985 966 sit.
2023 911 2310 979 Quomodo
2349 930 2481 987 ergo
2527 933 2638 972 non
2677 917 2835 985 dixit,
2861 919 3032 986 Quem
3113 921 3315 978 crelum
3403 919 3686 992 suscepit?

422 1005 538 1060 Hoc
613 1014 873 1073 tauquam
956 1006 1022 1060 de
1077 1007 1458 1076 superioribus
1527 1009 1869 1076 temporibus
1917 1008 2200 1065 dissrrens
2259 1011 2520 1080 loquitur.
2587 1013 2853 1069 Cteterttm
2908 1015 3055 1087 quod
3114 1016 3236 1070 ait:
3316 1035 3335 1067 ι
3374 1013 3560 1085 Usque
3615 1014 3684 1069 ad

427 1112 666 1170 tempora
699 1102 1134 1166 iustaurationis,
1169 1120 1187 1154 ι
1215 1117 1436 1156 causam
1468 1102 1782 1157 manifestat
1813 1118 1985 1172 quare
2024 1120 2171 1159 nunc
2207 1105 2386 1164 adhuc
2421 1124 2534 1163 non
2569 1109 2776 1165 veniat.
2817 1107 3068 1182 Oportet,
3105 1112 3308 1182 inquit,
3385 1110 3686 1167 instaurari

421 1207 476 1250 et
501 1195 564 1248 ad
600 1194 891 1248 terminum
929 1197 1117 1248 venire
1143 1198 1419 1260 universa,
1453 1202 1508 1249 et
1542 1205 1672 1249 tunc
1702 1197 1899 1249 veniet.

493 1285 578 1340 lli.
620 1284 706 1344 22.
737 1283 826 1337 25.
879 1303 898 1334 ‹
939 1283 1118 1340 Moses
1154 1284 1424 1354 siquidem
1473 1283 1539 1338 ad
1587 1297 1769 1354 patres
1815 1283 2001 1338 dixit:

431 1395 451 1428 ι
490 1374 818 1443 Prouhetam
851 1377 1145 1430 suscitabit
1173 1377 1324 1431 vobis
1357 1377 1621 1431 Dominus
1652 1377 1794 1431 Deus
1818 1386 2005 1431 uoster

430 1489 450 1522 ι
492 1485 521 1523 e
554 1468 822 1523 frntribus
861 1471 1059 1524 vestris
1102 1471 1206 1524 mei
1243 1469 1476 1524 similem
1511 1487 1534 1531 ε,
1557 1471 1734 1540 ipsum
1764 1469 2004 1524 audietis

431 1579 450 1613 ι
485 1561 642 1628 juxta
665 1562 849 1614 omnia
888 1576 1010 1630 qua:
1039 1563 1258 1616 locutus
1292 1560 1458 1615 fuerit
1486 1561 1664 1616 vobis.
1713 1561 2006 1630 Continget

432 1670 452 1706 ι
494 1663 678 1708 autem
714 1671 728 1707 :
758 1652 950 1708 Omnis
991 1654 1172 1707 anima
1206 1669 1326 1723 quae
1357 1669 1466 1708 nun
1502 1655 1735 1710 audierit
1767 1654 2005 1726 prophe-

433 1761 455 1796 ι
500 1751 610 1796 tam
642 1743 818 1806 illum.
842 1743 1299 1798 exterminabitur
1323 1759 1351 1797 e
1375 1745 1596 1813 populo.
1645 1762 1663 1795 ι

497 1833 642 1902 Quid
669 1835 796 1889 illud
827 1844 933 1898 est,
961 1834 1059 1888 Mei
1091 1835 1363 1890 similem?
1387 1834 1643 1890 Nascitur
1663 1835 1918 1891 Christus
1944 1835 2007 1890 'in

424 1925 748 1980 Bethlehem
772 1967 788 1994 ,
851 1936 902 1980 et
944 1926 1122 1981 Moses
1178 1926 1233 1980 in
1273 1925 1512 1998 Egypto
1544 1947 1557 1982 :
1593 1928 1683 1982 ille
1721 1929 2005 1994 Israelita,

424 2021 570 2073 sicut
618 2019 782 2072 etiam
831 2018 1120 2087 hic,juxta
1169 2033 1389 2072 carnem
1427 2020 1562 2073 :ille
1603 2035 1633 2074 e
1669 2035 1869 2090 genere
1921 2035 2008 2074 sa-

423 2111 717 2173 cerdotali,
763 2111 929 2165 veluti
973 2111 1225 2165 Christus
1265 2128 1330 2166 ex
1369 2112 1537 2166 David
1573 2126 1796 2184 propter
1823 2113 2006 2185 Virgi-

424 2217 548 2256 nem
598 2200 857 2255 :Pharao
908 2202 1060 2255 illum
1096 2205 1477 2273 persequitur,
1528 2207 1676 2262 hunc
1720 2206 2003 2263 Herodes:

425 2293 665 2348 infantes
712 2295 917 2347 occidit
965 2295 1077 2361 ille,
1122 2295 1362 2352 infantes
1391 2309 1444 2352 et
1484 2298 1572 2353 hic
1619 2300 1917 2369 interemit,
1951 2310 2006 2357 et

424 2392 655 2454 uterque
696 2384 974 2441 masculos
1010 2400 1149 2455 :per
1184 2396 1414 2442 matrem
1451 2401 1708 2444 servatur
1752 2392 1863 2456 ille,
1909 2408 2005 2462 per

423 2488 656 2534 matrem
690 2489 746 2534 et
788 2495 912 2534 cum
995 2488 1172 2535 matre
1233 2491 1486 2538 servatus
1529 2491 1614 2537 est
1672 2491 1726 2538 et
1779 2484 1868 2539 hic
1903 2504 1916 2540 ε
1949 2487 2002 2541 in

423 2572 653 2640 capsula
700 2572 792 2626 ille
834 2580 888 2624 et
935 2573 1003 2625 ad
1069 2573 1244 2641 ripam
1296 2571 1564 2640 ﬂuminis,
1605 2574 1694 2629 hic
1739 2577 1904 2631 etiam
1948 2578 2003 2632 in

423 2663 572 2736 Lyco
596 2662 816 2736 Egypti
848 2665 1248 2734 civitatejuxta
1277 2668 1418 2721 idem
1443 2668 1645 2722 ﬂumen
1677 2688 1691 2724 :
1723 2671 1791 2724 ab
1825 2671 2002 2726 aIvIena

425 2760 752 2830 ille.uempe
783 2761 891 2814 ﬁlia
933 2763 1267 2827 Pharaonis,
1313 2766 1555 2819 nutritus
1596 2773 1700 2829 est.
1739 2776 1795 2821 et
1819 2767 1907 2821 hic
1945 2771 2000 2821 in

424 2849 603 2904 aliena
632 2850 856 2904 civitate
893 2837 1024 2920 quae
1053 2851 1329 2905 Pharaoni
1373 2852 1618 2918 subjecta
1652 2853 1847 2907 fuerat.
1875 2851 2002 2908 Hmc

424 2950 607 2994 autem
626 2941 882 3007 dixerim,
909 2957 1020 2996 non
1055 2941 1347 2996 Dominum
1370 2958 1528 2998 servo
1559 2941 1869 3009 conferens,
1903 2943 1998 2998 sed

425 3032 606 3087 locum
633 3042 686 3086 et
708 3041 924 3105 tempus
947 3034 1280 3101 assimilans,
1312 3042 1368 3090 et
1390 3034 1675 3090 veritatem
1708 3034 1762 3090 in
1785 3034 1997 3105 ,umbra

423 3124 770 3182 describens.

495 3217 584 3284 ill,
615 3220 708 3275 24.
755 3238 773 3272 ι
811 3220 1018 3276 Omnes
1062 3234 1282 3290 quoque
1321 3221 1603 3291 prophetae
1647 3235 1676 3274 a
1719 3220 1995 3289 Samuele,

433 3324 454 3360 ι
492 3318 548 3365 et
603 3309 886 3382 deinceps,
948 3320 1219 3380 quotquot
1259 3311 1428 3367 locuti
1490 3321 1641 3379 sunt,
1682 3313 1850 3368 etiam
1900 3329 1999 3368 an-

433 3413 454 3451 ι
494 3403 885 3456 nuntiaverunt
915 3403 1214 3473 dies-istos.
1252 3420 1270 3455 ι

497 3491 673 3548 Etiam
726 3496 814 3550 hic
860 3496 1303 3552 subaudiendum
1347 3507 1434 3552 est
1479 3515 1494 3552 :
1536 3498 1616 3553 Ad
1657 3509 1845 3569 patres
1898 3515 2000 3556 no-

425 3597 596 3654 stros,
622 3595 680 3641 ut
711 3589 784 3643 sit
811 3605 1006 3644 sensus
1033 3589 1272 3645 :Omnes
1300 3605 1520 3661 quoque
1543 3600 1811 3663 quotquot
1832 3593 2002 3650 locuti

428 3686 557 3733 sunt
580 3680 644 3732 ad
682 3689 870 3750 patres
904 3691 1149 3736 nostros.

498 3769 590 3836 111,
614 3772 705 3836 25,
735 3773 825 3828 26.
876 3793 895 3826 ι
942 3775 1058 3830 Vos
1102 3777 1240 3833 estis
1281 3778 1375 3832 lilii
1419 3777 1806 3848 prophetarum
1843 3788 1898 3835 et
1925 3787 2005 3836 te-

434 3881 456 3916 ι
497 3866 750 3919 stamenti
774 3909 786 3929 ,
818 3867 924 3938 33
956 3869 1100 3937 quod
1135 3878 1369 3926 testatus
1412 3879 1498 3926 est
1529 3870 1670 3927 Deus
1711 3872 1777 3928 ad
1818 3880 2004 3942 patres

435 3972 456 4009 ι
497 3964 740 4022 nostros,
772 3959 964 4015 dicens
988 3961 1054 4015 ad
1086 3962 1356 4017 Abraham
1393 3981 1405 4017 :
1437 3964 1499 4017 Et
1524 3980 1617 4033 per
1638 3981 1824 4020 semen
1851 3974 2005 4020 tuum

436 4065 457 4100 ι
497 4047 894 4106 benedicentur
924 4068 1115 4108 omnes
1151 4052 1371 4108 familia:
1407 4063 1567 4109 terra:
1584 4054 1651 4111 ".
1691 4055 1862 4112 Vobis
1893 4057 2010 4126 pri-

436 4158 457 4192 ι
496 4155 644 4194 mum
683 4141 845 4206 Deus,
885 4145 1152 4198 suscitato
1185 4145 1326 4199 Filio
1373 4162 1474 4200 suo
1499 4147 1654 4209 Iesu,
1692 4149 1844 4202 misit
1883 4164 2006 4203 eum

437 4249 456 4282 ι
496 4233 588 4302 qui
620 4233 971 4290 benediceret
997 4237 1171 4302 vobis,
1202 4240 1328 4291 dum
1360 4241 1814 4295 converteremini
1839 4256 2012 4298 unus-

435 4341 456 4377 ι
495 4325 732 4397 euisque
763 4340 790 4383 a
827 4328 1055 4383 malitiis
1089 4329 1312 4386 vestris.
1351 4349 1371 4381 ι

508 4519 528 4555 ι
567 4498 678 4558 Vos
705 4503 839 4558 estis
872 4503 965 4558 filii
1011 4505 1398 4576 prophetarum
1439 4523 1454 4561 :
1497 4525 1516 4560 ι
1547 4507 1653 4564 hoc
1693 4521 1796 4576 est,
1830 4525 1898 4566 ne
1935 4511 2009 4565 ti-

431 4593 649 4660 meatis,
680 4610 854 4665 neque
891 4597 1218 4652 existimetis
1263 4614 1362 4654 vos
1405 4599 1616 4655 alienos
1651 4616 1776 4658 esse
1807 4618 1837 4656 a
1875 4619 2008 4674 pro-

432 4685 790 4743 missionibus
837 4707 850 4744 :
888 4705 982 4743 vos
1025 4690 1162 4745 estis
1226 4692 1320 4745 filii
1375 4693 1783 4762 prophetarum,
1826 4696 2011 4766 itaque

433 4779 589 4832 vobis
618 4779 893 4844 dicebant,
927 4795 980 4837 et
1013 4792 1234 4853 prepter
1265 4799 1364 4840 vos
1408 4785 1522 4839 haec
1562 4785 1701 4841 facta
1731 4798 1881 4843 sunt.
1903 4790 2012 4846 Vos

434 4869 655 4939 quidem
679 4862 812 4929 estis
843 4877 934 4928 lilii
971 4878 1383 4946 prophetarum,
1407 4879 1524 4948 ipse
1554 4894 1682 4934 vero
1712 4879 1885 4935 Filius
1913 4882 2008 4936 Dei

432 4971 536 5028 est,
577 4963 669 5031 qui
718 4967 1065 5036 participavit
1097 4969 1152 5022 in
1195 4983 1252 5024 se
1283 4967 1467 5025 Patris
1512 4971 1903 5039 substantiam,
1945 4988 2011 5030 ac

435 5055 678 5124 seipsum
711 5059 833 5113 aliis
865 5061 1301 5130 participandum
1349 5061 1516 5118 dedit.
1565 5080 1585 5114 ι
1619 5065 1726 5119 Vos
1753 5065 1884 5120 estis
1915 5065 2012 5119 filii

435 5150 820 5219 prophetarum
851 5165 903 5206 et
939 5155 1272 5208 testamenti.
1306 5174 1324 5207 ι
1368 5155 1512 5223 Filii,
1553 5157 1654 5211 hoc
1702 5166 1788 5212 est
1835 5158 2009 5213 hatre-

434 5232 532 5296 des
559 5258 572 5294 :
605 5257 730 5296 nam
764 5244 808 5298 si
837 5244 1003 5311 Illius,
1027 5252 1082 5299 et
1114 5244 1288 5300 haeres
1321 5263 1335 5298 :
1369 5247 1610 5302 haeredes
1633 5263 1758 5304 vero
1786 5264 1892 5302 non
1927 5264 2014 5304 re-

436 5341 622 5388 center
655 5333 926 5404 inscripti,
975 5335 1068 5390 sed
1117 5345 1374 5407 tanquam
1410 5339 1524 5392 ﬁlii.
1554 5338 1616 5390 Et
1657 5347 1716 5394 ut
1762 5340 2012 5395 ostendat

435 5425 579 5494 quod
615 5435 880 5495 quantum
928 5435 1013 5483 est
1047 5444 1110 5484 ex
1158 5431 1472 5501 adoptione.
1503 5433 1692 5502 utique
1732 5434 1777 5488 si
1820 5434 2011 5499 velint,

437 5517 680 5573 haeredes
710 5527 837 5573 sunt
879 5527 933 5576 et
983 5521 1087 5592 ipsi
1131 5531 1389 5592 tanquam
1427 5525 1520 5578 filii
1558 5523 1722 5579 :ideo
1748 5525 1912 5578 etiam
1953 5533 2012 5579 ut

438 5609 803 5680 ﬁliis,inquit,
825 5614 976 5669 misit
1011 5614 1388 5674 Filium.Misit
1415 5617 1633 5687 quidem
1667 5625 1719 5672 et
1743 5618 1887 5682 aliis,
1917 5618 2012 5674 sed

439 5701 592 5760 vobis
629 5707 864 5776 primum
899 5721 915 5762 :
951 5724 1128 5782 neque
1156 5711 1207 5766 id
1248 5719 1479 5779 tantum,
1503 5711 1596 5768 sed
1633 5713 1868 5783 primum
1893 5713 2017 5784 qui-

509 5879 557 5956 ξ³
588 5881 724 5939 Gen.
752 5900 885 5952 uti,
907 5887 994 5944 i8.

2232 1280 2473 1352 Μωῦσῆς
2507 1281 2608 1352 μὲν
2648 1281 2756 1353 γάρ
2782 1281 2918 1353 πρὸς
2957 1284 3087 1347 τοὺς
3113 1283 3354 1353 πατέρας
3377 1278 3551 1352 εἶπεν,
3603 1284 3688 1338 ὅτι

2113 1390 2130 1423 ι
2166 1373 2462 1443 Προφήτην
2533 1373 2661 1444 ὑμῖν
2707 1376 3002 1446 ἀναστήσει
3049 1376 3252 1446 Κύριος
3280 1379 3308 1430 6
3337 1376 3470 1439 Θεδς
3521 1377 3683 1446 ἡμῶν

2115 1484 2133 1517 ι
2173 1467 2237 1519 ἐκ
2268 1466 2376 1518 τῶν
2445 1467 2694 1535 ἀδελφῶν
2742 1467 2897 1537 ὑμῶν
2923 1467 2996 1531 ὡς
3023 1469 3145 1538 ἐμέ.
3173 1469 3345 1522 Αύτοῦ
3387 1469 3688 1524 ἀκούσεσθε

2113 1575 2132 1608 ι
2168 1557 2309 1610 κατὰ
2335 1559 2511 1610 πάντα
2555 1559 2656 1611 ὅσα
2689 1559 2755 1613 ἂν
2781 1559 2991 1630 λαλήσῃ
3034 1559 3167 1630 πρὸς
3194 1559 3358 1630 ὑμᾶς.
3390 1559 3684 1627 Ἕσταιδέ,

2117 1667 2135 1698 ι
2175 1648 2325 1700 πᾶσα
2353 1647 2500 1718 ψυχὴ
2530 1648 2652 1718 ἦτις
2681 1647 2746 1701 ἂν
2782 1649 2856 1719 μὴ
2887 1647 3097 1720 ἀκούσῃ
3119 1647 3213 1702 τοῦ
3234 1650 3514 1721 προφήτου
3539 1649 3688 1702 ἐκεί-

2039 1727 2083 1782 Β
2119 1759 2138 1792 ι
2175 1757 2288 1803 νου,
2316 1739 2829 1812 ὲξολοθρευθήσεται
2864 1745 2927 1795 ἐκ
2947 1741 3040 1795 τοῦ
3072 1741 3225 1797 λαοῦ.
3269 1761 3289 1794 ι

2182 1833 2248 1886 Τί
2269 1834 2382 1886 ἐστι
2405 1833 2483 1898 τὺ,
2529 1833 2616 1896 Ὠς
2638 1834 2774 1904 ἐμέ;
2809 1835 3072 1888 Γεννᾶται
3106 1836 3163 1888 ἐν
3197 1835 3450 1906 Βηθλεέμ
3486 1837 3514 1889 6
3552 1835 3690 1906 Χρι-

2113 1926 2256 1990 στὸς,
2288 1930 2382 1980 καὶ
2418 1927 2660 1998 Μωῦσῆς
2685 1928 2743 1980 ἐν
2769 1926 3050 1999 Αἰγύπτῳ.
3083 1929 3423 2000 Ἰσραηλίτης
3455 1931 3687 1993 ἐκεῖνος,

2109 2019 2182 2081 ὡς
2199 2013 2378 2082 οὗτος,
2397 2019 2458 2071 τὸ
2488 2021 2627 2073 κατά
2653 2024 2856 2091 σάρκα.
2899 2023 2993 2074 Ἐκ
3018 2022 3207 2090 γένους
3233 2021 3509 2094 ἱερατικοῦ
3547 2024 3688 2075 ἐκεῖ-

2109 2127 2217 2173 νος,
2245 2111 2321 2173 ὡς
2349 2106 2505 2174 οὗτος
2539 2113 2604 2164 ἐκ
2633 2111 2796 2164 Δαυῒδ
2849 2112 2938 2165 διὰ
2979 2111 3077 2184 τὴν
3139 2113 3435 2184 Παρθένον.
3488 2112 3688 2183 Φαραὼ

2108 2203 2195 2254 ἐπ’
2222 2202 2457 2266 ἐκείνου,
2513 2201 2762 2274 Ἡρώδης
2820 2203 2915 2255 ἐπὶ
2959 2203 3171 2257 τούτου.
3225 2204 3413 2275 Βρέφη
3471 2205 3688 2274 φονεύει

2109 2296 2335 2359 ἐκεῖνος,
2386 2295 2561 2367 βρέφη
2589 2296 2644 2348 δέ
2673 2291 2826 2359 οὗτος
2875 2297 3122 2364 ἀναιρεῖ·
3154 2298 3424 2368 ἀρρενικά
3453 2299 3684 2363 ἐκεῖνος,

2108 2387 2202 2440 καὶ
2234 2381 2407 2450 οὗτος.
2441 2387 2538 2438 Διά
2567 2387 2772 2458 μητρὸς
2818 2387 3050 2450 σώζεται
3079 2390 3305 2454 ἐκεῖνος,
3343 2389 3430 2441 διά
3461 2389 3684 2460 Μητρὸς

2107 2479 2285 2550 ἐσώθη
2335 2480 2428 2532 καὶ
2482 2480 2620 2550 μετά
2671 2479 2894 2551 Μητρὸς
2947 2481 3043 2534 καὶ
3094 2476 3270 2540 οὗτος.
3312 2481 3402 2534 Ἐν
3457 2480 3688 2552 λάρνακι

2106 2567 2312 2630 ἐκεῖνος
2343 2570 2436 2621 καὶ
2493 2569 2646 2639 παρά
2679 2570 2946 2638 ποταμὸν,
2975 2571 3035 2624 ἐν
3092 2569 3256 2624 Λυκὼ
3295 2572 3388 2625 καὶ
3433 2566 3588 2635 οὗτος
3618 2575 3686 2643 τῇ

2105 2657 2259 2726 παρὰ
2321 2659 2412 2712 τὸν
2448 2659 2610 2713 αὐτὸν
2664 2661 2909 2730 ποταμὸν
2971 2663 3250 2735 Αἰγυπτίᾳ
3299 2664 3474 2718 πόλει.
3545 2665 3684 2719 Ὑπὸ

2104 2749 2407 2816 ἀλλοφύλου
2463 2753 2672 2815 ἐκεῖνος
2699 2754 2799 2823 τῆς
2834 2755 3237 2826 Φαραωνίτιδος
3266 2758 3546 2826 ἐτρέφετο,
3579 2759 3684 2812 ὑπὸ

2105 2839 2314 2904 πόλεως
2345 2843 2440 2894 καὶ
2467 2835 2621 2904 οὗτος
2643 2843 3040 2912 Φαραωνίτιδος
3072 2844 3370 2914 ἀλλοφύλου
3405 2847 3682 2916 ἐτρέφετο.

2104 2931 2290 2986 Ταῦτα
2324 2933 2379 2986 δὲ
2427 2934 2489 2986 ού
2549 2935 2856 3004 συγκρίνων
2917 2935 3061 3004 λέγω
3115 2937 3206 2990 τὸν
3270 2937 3550 3008 Δεσπότην
3608 2937 3688 3009 τῷ

2103 3025 2294 3095 δούλῳ,
2325 3025 2461 3078 ἀλλά
2489 3027 2682 3096 καιρὸν
2721 3027 2814 3080 καὶ
2847 3027 3050 3100 τρόπον
3072 3030 3400 3100 συγκρίνων,
3435 3031 3529 3084 καὶ
3557 3030 3690 3102 ἀλή-

2022 3085 2068 3148 C
2101 3085 2255 3171 θειαν
2276 3085 2334 3170 ἐν
2361 3120 2490 3190 σκιᾷ
2515 3085 2855 3189 διαγράφων.

2175 3231 2194 3264 ι
2233 3212 2346 3266 Kal.
2401 3211 2600 3276 πάντες
2622 3213 2680 3265 δὲ
2704 3213 2754 3265 οἱ
2788 3215 3066 3286 προφῆται
3107 3215 3215 3269 ἀπὸ
3258 3217 3539 3287 Σαμουὴλ,
3589 3216 3686 3270 καὶ

2097 3303 2208 3358 τῶν
2234 3303 2632 3372 καθεξῆς,σσοι
2659 3303 2956 3377 ἐλάλησαν,
3003 3306 3104 3360 καὶ
3150 3309 3529 3378 κατήγγειλαν
3591 3309 3693 3373 τὰς

2099 3396 2133 3466 ή
2143 3395 2206 3465 μέ
2215 3413 2319 3467 ρας
2351 3395 2575 3460 ταύτας.
2606 3415 2626 3448 ι

2171 3490 2719 3559 Προσυπακουστέον
2751 3490 3031 3547 κάνταῦθα
3063 3492 3124 3546 τὸ
3147 3532 3164 3559 ,
3194 3493 3341 3566 Πρὸς
3369 3495 3497 3558 τοὺς
3520 3493 3690 3548 πατέο

2105 3601 2205 3655 ρας
2242 3582 2423 3654 ήμῶν,
2456 3582 2542 3635 ἴνα
2629 3600 2643 3614 ·
2671 3585 2778 3639 Καὶ
2809 3583 3012 3650 πάντες
3031 3585 3088 3640 δέ
3114 3587 3228 3640 ὅσοι
3258 3587 3529 3660 ἐλάλησαν
3553 3587 3690 3658 πρὸς

2103 3677 2230 3738 τοὺς
2259 3675 2502 3744 πατέρας
2543 3674 2724 3745 ήμῶν.

2181 3787 2200 3820 ι
2253 3769 2445 3839 Ὑμεῖς
2483 3769 2606 3822 ἐστὲ
2639 3769 2748 3822 υἱοὶ
2774 3769 2882 3824 τῶν
2909 3771 3206 3842 προφητῶν
3238 3771 3458 3841 καὶτῆς
3503 3770 3693 3842 διαθή-

2112 3883 2131 3915 ι
2169 3881 2294 3930 κης,
2323 3858 2389 3935 ἧς
2421 3862 2628 3917 διέθετο
2658 3865 2686 3916 6
2722 3864 2854 3927 Θεὸς
2909 3865 3046 3938 πρὸς
3069 3865 3195 3928 τοὺς
3221 3865 3475 3937 Πατέρας
3505 3866 3688 3937 ήμῶν.

2113 3974 2132 4007 ι
2168 3955 2344 4024 λέγων
2400 3955 2537 4026 πρὸς
2579 3955 2854 4027 Ἀϐραάμ.
2910 3958 3021 4011 Καὶ
3052 3958 3110 4010 ἐν
3132 3957 3212 4028 τῷ
3259 3958 3538 4027 σπέρματί
3592 3974 3689 4011 σου

2115 4068 2133 4101 ι
2169 4048 2623 4120 εὐλογηθήσονται
2671 4050 2844 4103 πᾶσαι
2871 4049 2928 4103 αἱ
2974 4050 3202 4121 πατριαὶ
3225 4051 3326 4119 τῆς
3385 4054 3510 4121 γῆς·
3562 4051 3692 4121 ὑμῖν

2117 4161 2136 4193 ι
2174 4143 2387 4214 πρῶτον
2414 4144 2442 4195 6
2469 4142 2619 4207 Θεὸς,
2651 4143 2964 4211 ἀναστήσας
3015 4143 3105 4198 τὸν
3141 4143 3312 4197 Παῖδα
3372 4143 3536 4198 αὑτοῦ
3581 4143 3691 4216 ’1ης

2117 4254 2135 4286 ι
2176 4234 2340 4299 σοῦν,
2391 4234 2711 4289 ἀπέστειλεν
2778 4235 2941 4289 αὐτὸν
2995 4235 3326 4304 εὐλογοῦντα
3379 4237 3522 4307 ὑμᾶς
3557 4276 3572 4300 ,
3633 4240 3693 4290 ἐν

2117 4345 2137 4378 ι
2173 4325 2251 4397 τῷ
2307 4325 2675 4396 ἀποστρέφειν
2743 4325 2976 4380 ἕκαστον
3053 4325 3161 4381 ἀπὸ
3225 4325 3335 4381 τῶν
3416 4325 3692 4400 πονηριῶν

2031 4436 2086 4496 Ῑ)
2119 4438 2137 4471 ι
2174 4418 2349 4490 ὑμῶν.
2383 4438 2402 4471 ι

2187 4531 2206 4565 ι
2255 4511 2446 4581 Ὑμεῖς
2481 4511 2605 4563 ἐστέ
2649 4512 2757 4564 υἱοὶ
2823 4511 2933 4566 τῶν
2990 4513 3306 4582 προφητῶν,
3344 4533 3362 4566 ι
3403 4514 3524 4568 ἀντὶ
3569 4515 3690 4582 τοῦ,
3749 4531 3753 4534 ·

2111 4605 2203 4677 Μὴ
2249 4604 2503 4657 πτοεῖσθε
2549 4603 2682 4674 μηδέ
2745 4605 2993 4671 νομίζετε
3029 4605 3424 4676 ἠλλοτριῶσθαι
3467 4608 3693 4672 ἑαυτοὺς

2113 4698 2225 4752 τῶν
2252 4695 2619 4765 ἐπαγγελιῶν.
2675 4695 2867 4766 Ὑμεῖς
2917 4695 3044 4749 ἐστέ
3077 4696 3186 4749 υίοὶ
3227 4696 3337 4750 τῶν
3367 4697 3683 4768 προφητῶν,

2112 4791 2254 4845 ὥστε
2313 4790 2442 4860 ύμῖν
2502 4788 2709 4856 ἔλεγον,
2759 4788 2856 4840 καὶ
2901 4786 2970 4838 δι’
3015 4787 3159 4856 ὑμᾶς
3222 4787 3395 4842 ταῦτα
3442 4789 3680 4858 γέγονεν.

2127 4883 2318 4953 Ὑμεῖς
2348 4883 2465 4952 μὲν,
2499 4880 2686 4952 φησὶν,
2717 4880 2840 4933 ἐστέ
2871 4879 2978 4932 υἱοὶ
3016 4879 3124 4932 τῶν
3153 4879 3468 4950 προφητῶν,
3534 4877 3694 4948 οὗτος

2115 4976 2172 5030 δὲ
2193 4975 2320 5036 Υἱός
2348 4977 2463 5027 ἐστι
2497 4971 2590 5026 τοῦ
2641 4971 2800 5036 Θεοῦ,
2837 4971 3166 5042 ἐπιμερίσας
3199 4972 3342 5026 κατά
3381 4972 3477 5044 τὴν
3503 4974 3694 5028 οὐσίαν

2117 5069 2209 5123 τὸν
2257 5066 2496 5138 Πατέρα,
2544 5065 2770 5128 ἐκείνοις
2815 5064 2871 5117 δὲ
2907 5065 3000 5118 καὶ
3043 5065 3253 5118 ἑαυτόν.
3293 5066 3522 5135 «Ὑμεῖς
3569 5067 3694 5122 ἐστι

2118 5158 2224 5211 υἱοὶ
2244 5157 2351 5210 τῶν
2393 5155 2689 5226 προφητῶν
2734 5155 2828 5207 καὶ
2875 5153 2970 5224 τῆς
3007 5154 3292 5225 διαθήκης.
3326 5174 3344 5208 ι
3399 5156 3538 5223 Υἱοὶ,
3575 5159 3696 5212 ἀντὶ

2117 5249 2234 5317 τοῦ,
2269 5249 2618 5318 κληρονόμοι.
2649 5249 2713 5300 El
2738 5247 2845 5316 γάρ
2875 5247 3008 5313 υἱὸς,
3041 5248 3136 5300 καὶ
3166 5249 3518 5320 κληρονόμος,
3556 5250 3695 5320 κλη.

2123 5342 2338 5412 ρονόμοι
2392 5341 2450 5395 δὲ
2495 5340 2556 5392 ού
2613 5338 2944 5410 προσφάτως
2999 5339 3404 5411 ἐγγραφέντες,
3451 5341 3568 5393 ἀλλ’
3616 5342 3695 5406 ὡς

2118 5434 2260 5487 υἱοί·
2295 5433 2388 5486 καὶ
2417 5433 2505 5486 ἵνα
2547 5431 2696 5503 δείξῃ
2739 5433 2821 5484 ὅτι
2892 5433 3016 5485 ὅσον
3067 5431 3178 5485 ἀπὸ
3218 5433 3318 5502 τῆς
3368 5431 3694 5501 υίοθεσίας,·

2120 5528 2168 5580 εί
2200 5527 2306 5598 ἄρα
2330 5527 2426 5581 καὶ
2453 5524 2609 5579 αὐτοὶ
2671 5523 2973 5591 βούλονται,
3020 5523 3348 5596 κληρονόμοι
3431 5528 3538 5580 εἰσὶ
3603 5528 3694 5581 καὶ

2122 5619 2275 5672 αὐτοὶ
2307 5619 2381 5682 ὡς
2407 5618 2535 5684 υἱοὶ,
2595 5617 2676 5670 διὸ
2721 5617 2814 5670 καὶ
2873 5616 2950 5680 ὡς
3005 5617 3137 5682 υἱοῖς
3203 5617 3331 5670 Υῐὸν
3379 5618 3694 5677 ἀπέστειλε.

2137 5711 2450 5765 ’Δπέστειλε
2481 5709 2582 5782 μὲν
2609 5711 2704 5764 καὶ
2723 5707 2952 5781 ἑτέροις,
2983 5709 3098 5764 ἀλλ’
3142 5708 3274 5781 ύμῖν
3303 5709 3520 5781 πρῶτον
3548 5726 3564 5742 ο
3598 5709 3694 5764 καὶ
