4058 6548
417 399 491 465 93
1393 407 1784 473 COMMENT.
1812 410 1897 471 IN
1936 410 2125 470 ACTA
2153 409 2737 475 APOSTOLOHUM.
3631 415 3705 481 94

418 515 543 571 οὐδὲ
571 518 754 588 μόνον,
783 519 921 573 ἀλλά
947 519 1183 592 πρώτοις
1218 521 1318 591 μὲν
1369 523 1535 576 οἱονεὶ
1567 524 1998 594 προηγουμένως

2122 524 2224 578 lem
2253 535 2308 581 et
2338 526 2614 597 praecipue
2634 527 2814 590 vobis,
2840 509 2937 597 qui
2957 536 3135 583 tamen
3165 543 3290 582 eum
3342 529 3699 590 crucifixistis

421 613 539 674 τοῖς
571 609 918 677 σταυρώσασι
949 612 1044 666 καὶ
1074 612 1447 669 ἀποκτείνασι.
1471 615 1582 667 Καὶ
1606 615 1771 680 ardre;
1807 614 1884 669 Οὐ
1912 615 2006 669 νῦν

2122 628 2164 670 et
2241 617 2618 676 interemistis.
2680 619 2751 674 Et
2824 620 3046 689 quando
3102 621 3291 675 misit?
3356 619 3476 676 Non
3553 638 3703 683 nunc

429 701 612 771 μόνον,
644 700 896 756 ἀλλὰκαὶ
923 704 1030 775 πρὸ
1055 703 1151 757 τοῦ
1182 704 1441 775 σταυροῦ,
1476 706 1572 758 καὶ
1611 706 1714 775 πρὸ
1747 706 2006 761 τοσούτου

2122 714 2319 775 solum,
2348 712 2443 768 sed
2489 723 2542 769 ct
2587 723 2717 773 ante
2773 714 3088 783 passionem
3123 714 3447 785 priusquam
3489 722 3702 770 tantum

423 793 793 863 τολμήματος.
825 797 920 849 καὶ
947 797 1085 865 μετὰ
1099 797 1198 867 τὴν
1224 799 1541 855 ἀνάστασιν.
1574 800 1670 852 Διὸ
1702 799 1796 852 καί
1818 817 2008 868 φησιν,

433 904 452 937 ι
503 886 667 957 Ὑμῖν
700 889 918 959 πρῶτον
955 891 1272 962 ἀναστήσας
1329 893 1514 946 αὐτόν.
1551 912 1570 945 ι
1632 892 1698 945 Τί
1742 893 2007 961 ποιῆσαις

428 977 737 1047 Εύλογῆσαι
770 981 1054 1035 καῖ’σῶσαι
1078 983 1246 1052 ὑμᾶς,
1279 984 1328 1036 εί
1361 984 1470 1055 ἄρα
1492 985 1589 1037 καὶ
1609 985 1766 1039 αὐτοὶ
1792 983 2010 1039 ἕλοισθε

433 1069 760 1141 ἐπιπρέψαι
785 1070 894 1124 ἀπὸ
917 1071 1028 1124 τῶν
1047 1073 1235 1127 κακῶν
1257 1073 1435 1144 ὑμῶν.
2016 1140 2027 1153 κ

504 1179 526 1214 ι
563 1161 886 1217 Λαλούντων
915 1163 972 1216 δὲ
1004 1165 1183 1218 αὐτῶν
1218 1165 1355 1235 πρὸς
1378 1165 1471 1220 τὸν
1525 1165 1656 1221 λαὸν
1704 1166 2012 1238 ἐπέστησαν

442 1275 461 1306 ι
494 1254 677 1317 αὑτοῖς
697 1255 748 1309 οἱ
770 1257 957 1327 ίερεῖς,
983 1258 1076 1310 καὶ
1103 1259 1132 1311 δ
1161 1258 1470 1327 στρατηγὸς
1499 1258 1593 1312 τοῦ
1624 1258 1796 1329 ἱεροῦ,
1837 1261 1995 1313 καὶοῖ

442 1371 461 1400 ι
490 1348 837 1402 Σαδδουκαῖοι
882 1349 1309 1419 ¹διαπονούμενοι
1362 1350 1450 1404 διὰ
1498 1350 1559 1403 τὸ
1603 1351 1877 1406 διδάσκειν
1924 1352 2015 1406 τὸν

439 1460 459 1492 ι
493 1440 645 1502 λαὸν.
678 1441 774 1495 καὶ
805 1441 1198 1509 καταγγέλλειν
1222 1444 1272 1495 ἐν
1303 1442 1378 1511 τῷ
1409 1441 1585 1512 Ἰησοῦ
1605 1442 1701 1513 τὴν
1721 1443 2018 1498 ἀνάστασιν

436 1553 456 1585 ι
482 1531 580 1604 τὴν
606 1535 670 1587 ἐκ
692 1533 924 1605 νεκρῶν.
969 1536 1080 1588 Καὶ
1125 1535 1394 1589 ἐπέὸαλον
1438 1536 1623 1600 αὐτοῖς
1662 1537 1761 1602 τὰς
1803 1540 2012 1608 χεῖρας,

438 1646 457 1678 ι
491 1627 585 1679 καὶ
610 1626 793 1680 ἔθεντο
822 1629 902 1689 είς
931 1629 1165 1699 τήρησιν
1208 1631 1286 1693 είς
1341 1629 1440 1700 τὴν
1485 1627 1693 1700 αὔριον.
1748 1626 1858 1686 Ἦν
1910 1632 2018 1703 γὰρ

438 1735 456 1768 ι
495 1717 704 1789 ἑσπέρα
728 1718 850 1789 ήδη.
882 1719 1073 1773 Πολλοὶ
1130 1721 1185 1774 δὲ
1240 1720 1348 1774 τῶν
1396 1721 1750 1775 ἀκουσάντων
1814 1722 1905 1777 τὸν
1929 1721 2009 1776 λόι

440 1830 459 1863 ι
487 1828 582 1879 γον
603 1810 954 1865 ἐπίστευσαν.
984 1832 1004 1864 ι

506 1923 651 1994 Ὀρα
704 1924 824 1988 πῶς
878 1926 1245 1995 οἰκονομεῖται
1298 1926 1370 1980 τά
1419 1928 1738 2000 πράγματα.
1792 1930 2015 1997 Πρῶτον

435 2013 841 2087 ἐχλευάσθησαν
867 2016 1070 2080 πάντες
1099 2017 1256 2087 ὁμοῦ.
1285 2015 1418 2072 Εἶτα
1465 2022 1924 2092 εὐδοκιμήσαντες
1958 2023 2017 2076 ἐν

439 2111 557 2171 ταῖς
604 2109 998 2179 δημηγορίαις,
1084 2110 1180 2163 καὶ
1235 2110 1421 2181 θαῦμα
1464 2113 1836 2182 ἐργασάμενοι
1879 2114 2017 2185 μετὰ

432 2200 602 2254 ταῦτα
636 2202 803 2271 μέγα,
831 2202 977 2256 οὕτω
1002 2202 1066 2273 δὴ
1082 2203 1269 2265 λοιπὸν
1299 2206 1437 2273 μετὰ
1466 2205 1526 2257 τὸ
1556 2204 1854 2276 θαρρῆσαι,
1879 2205 2015 2259 Θεοῦ

434 2296 913 2366 συγχωρήσαντος,
945 2298 1026 2360 εἰς
1058 2297 1340 2361 κινδύνους
1389 2297 1735 2367 ἐμϐαίνουσι,
1760 2301 1856 2351 καὶ⁸
1906 2298 2017 2353 τῶν

435 2389 664 2458 ἀγώνων
689 2388 1102 2443 ἀπτονται.Θέα
1131 2390 1188 2443 δὲ
1233 2388 1333 2461 τὴν
1364 2392 1445 2453 εἰς
1481 2390 1783 2460 ἰταμότητα
1809 2408 2016 2462 προκο-

432 2483 539 2553 πήν
564 2483 672 2536 τῶν
719 2482 1011 2549 Ἰουδαίων,
1042 2482 1127 2535 ὅτι
1163 2482 1257 2536 ἐπὶ
1292 2482 1388 2536 τοῦ
1439 2481 1678 2553 Χριστοῦ
1711 2482 1803 2536 τὸν
1836 2499 2017 2555 παρα-

430 2574 669 2628 (absona
680 2574 991 2646 ζητοῦντες,
1010 2575 1108 2629 νῦν
1123 2576 1281 2630 αὐτοὶ
1295 2578 1395 2637 τάς
1420 2577 1610 2650 χεῖρας
1635 2574 2011 2641 ἐπιϐάλλουσι,

434 2668 762 2740 θρασύτεροι
796 2670 1084 2738 γεγονότες
1117 2670 1257 2741 μετὰ
1283 2670 1373 2724 τὸν
1404 2672 1658 2743 σταυρόν.
1693 2666 1853 2740 Εἶχον
1903 2669 2014 2741 γάρ

432 2760 526 2815 καὶ
566 2760 657 2815 τδν
679 2762 1008 2833 στρατηγὸν,
1037 2763 1125 2815 ῖνα
1155 2761 1318 2816 πάλιν
1339 2763 1602 2833 δημόσιον
1628 2763 1885 2835 ἔγκλημα
1907 2780 2010 2817 πε-

435 2852 626 2923 ριθῶσι
653 2855 770 2916 τοῖς
784 2855 1197 2923 γεγενημένοις.
1215 2854 1308 2907 καὶ
1336 2854 1411 2924 μὴ
1432 2854 1507 2918 ὡς
1556 2854 1830 2909 ἰδιωτικὸν
1864 2855 2012 2910 ἐκδι-

431 2942 590 3007 κῶσι,
621 2944 762 3014 ὅπερ
782 2943 1062 3012 πανταχοῦ
1093 2944 1459 3009 σπουδάζουσι
1506 2949 1704 3001 ποιεῖν.
1749 2946 2013 3000 Ἐνὼπιον

431 3033 487 3088 δέ
512 3035 606 3088 τοῦ
638 3034 882 3106 πλήθους
907 3036 1003 3089 τοῦ
1031 3036 1344 3091 ἀποστόλων
1391 3037 1747 3109 ἐδέσμευσαν.
1794 3040 1884 3093 ἵνα
1920 3041 2015 3094 καὶ

432 3127 631 3190 αὐτοὺς
706 3127 953 3198 δρῶντας
1003 3128 1344 3199 δειλοτέρους
1413 3130 1778 3200 ἐργάσωνται.
1847 3130 2012 3185 una:

2114 804 2328 860 facinus
2369 815 2745 877 perpetratum
2775 817 2944 870 esset,
2974 817 3029 862 et
3061 816 3182 877 post
3217 809 3700 863 resurrectionem.

2114 895 2269 953 Unde
2303 897 2379 952 ait
2408 915 2420 951 :
2463 917 2482 950 ι
2521 898 2801 953 Suscitato
2844 899 2983 954 Filio
3008 915 3130 965 suo,
3162 900 3310 954 misit
3340 915 3486 955 eum.
3525 919 3545 951 ι
3583 897 3706 966 Quo

2114 992 2333 1046 tandem
2366 990 2599 1048 fine‘NJt
2624 992 2971 1048 lieuediceret
2994 1008 3058 1047 ac
3081 995 3319 1047 salvaret
3343 1008 3461 1059 vos,
3493 993 3540 1048 si
3571 1007 3705 1049 sane

2113 1086 2278 1138 ctiam
2316 1084 2418 1154 ipsi
2448 1086 2692 1140 converti
2722 1086 2905 1141 velitis
2934 1101 2964 1140 a
2995 1087 3156 1140 malis
3189 1085 3412 1140 vestris.

2185 1177 2277 1240 IV.
2310 1176 2428 1232 ι-ι.
2465 1195 2485 1230 ε
2527 1176 2906 1248 Loquentibus
2946 1188 3132 1233 autem
3173 1178 3280 1233 illis
3322 1177 3391 1233 ad
3440 1177 3703 1247 populum

2121 1289 2142 1323 ι
2181 1283 2620 1341 supervenerunt
2667 1273 2750 1329 eis
2796 1273 3138 1337 sacerdotes,
3186 1288 3251 1328 ac
3281 1270 3390 1327 dux
3419 1273 3607 1342 templi
3650 1281 3705 1326 et

2124 1381 2143 1415 ι
2182 1363 2492 1428 Sadduraei,
2516 1363 2767 1419 dolentes
2798 1378 2864 1419 eo
2898 1364 3044 1434 quod
3069 1365 3329 1419 docerent
3362 1362 3620 1433 populum
3648 1367 3705 1414 et

2126 1471 2144 1506 ι
2181 1456 2577 1509 annnntiarent
2607 1470 2704 1526 per
2730 1452 2919 1510 Jesum
2961 1453 3419 1510 resurrectionem
3455 1458 3704 1506 mortuo-

2127 1563 2146 1599 ι
2182 1562 2302 1601 rum
2334 1544 2361 1597 ε’
2384 1555 2438 1602 et
2469 1546 2776 1621 iniecerunt
2805 1549 2884 1603 eis
2915 1561 3133 1611 manus,
3172 1554 3584 1617 posueruntque
3604 1557 3702 1599 eos

2128 1658 2148 1692 ι
2183 1639 2239 1694 in
2267 1638 2576 1694 custodiam
2613 1639 2669 1694 in
2714 1646 2994 1709 posterum
3032 1639 3176 1693 diem
3213 1645 3376 1693 :erat
3410 1638 3555 1691 enim
3586 1634 3700 1706 jam

2128 1750 2148 1785 ι
2189 1746 2433 1802 vespera.
2473 1732 2621 1787 Multi
2650 1740 2828 1788 autem
2858 1747 2926 1788 ex
2955 1732 3037 1789 eis
3059 1731 3153 1804 qui
3179 1730 3466 1787 audierant
3490 1740 3703 1785 sermo-

2129 1840 2149 1874 ι
2186 1835 2339 1886 nem,
2376 1820 2752 1876 crediderunt.
2794 1839 2815 1874 ι

2191 1935 2328 1992 Vide
2360 1952 2469 2007 quo
2502 1936 2665 1993 modo
2690 1953 2781 1993 res
2817 1934 3211 2007 disponantur.
3238 1933 3479 1989 Primum
3510 1948 3704 1989 omnes

2121 2028 2287 2085 simul
2341 2030 2489 2085 irrisi
2534 2040 2686 2095 sunt,
2716 2030 2916 2085 deinde
2958 2029 3012 2084 in
3056 2029 3420 2084 concionibus
3460 2027 3704 2083 celebres

2120 2120 2317 2187 effecti,
2364 2137 2489 2176 cum
2531 2123 2695 2177 etiam
2736 2121 2941 2192 grande
2979 2120 3286 2175 edidissent
3332 2118 3702 2174 miraculum:

2120 2214 2196 2268 ita
2243 2213 2355 2283 jam
2404 2215 2623 2268 tandem
2670 2223 2957 2283 postquam
3008 2212 3176 2267 libere
3222 2212 3388 2265 locuti
3442 2208 3702 2273 fuissent,

2118 2307 2469 2376 permittente
2503 2305 2631 2368 Deo,
2660 2306 2714 2358 in
2751 2307 2993 2371 pericula
3023 2305 3275 2358 incidunt
3301 2318 3362 2384 ac
3380 2301 3705 2357 certamini-

2118 2397 2223 2451 bus
2245 2403 2564 2465 tanguntur.
2599 2395 2896 2450 Considera
2922 2410 3052 2450 vero
3085 2393 3400 2450 Judazorum
3452 2406 3707 2464 progres-

2118 2502 2237 2541 sum
2276 2502 2339 2540 ac
2376 2496 2715 2541 crementum
2763 2486 2831 2541 ad
2876 2486 3281 2551 crudelitatem,
3312 2501 3507 2554 nempe
3553 2483 3701 2555 quod

2116 2577 2209 2647 qui
2241 2593 2292 2646 pi
2308 2577 2392 2633 ius
2407 2577 2461 2631 in
2476 2575 2697 2633 Christo
2717 2592 2776 2632 ea
2786 2578 2987 2648 piendo
3005 2577 3340 2648 proditorem
3360 2579 3702 2647 quaerebant,

2118 2684 2265 2724 nunc
2317 2669 2421 2740 ipsi
2471 2662 2668 2726 manus
2707 2668 2987 2740 injiciunt,
3034 2671 3361 2725 audaciores
3406 2669 3534 2723 facti
3581 2677 3705 2739 post

2115 2762 2450 2834 passionem,
2506 2761 2785 2816 habebant
2834 2763 2982 2817 enim
3042 2761 3264 2828 ducem,
3317 2769 3378 2815 ut
3459 2760 3545 2815 liis
3580 2774 3709 2829 qua:

2114 2856 2259 2911 facta
2296 2864 2483 2912 essent
2534 2855 2815 2927 publicum
2867 2870 3061 2910 rursus
3112 2855 3320 2910 crimen
3361 2852 3472 2926 34
3524 2854 3706 2923 afﬁgeo

2115 2958 2260 3015 rent,
2310 2965 2414 3005 nec
2469 2948 2748 3020 propriam
2796 2948 3004 3003 ulcisci
3061 2945 3376 3001 viderentur
3422 2945 3702 3014 injuriam,

2115 3041 2261 3114 quod
2312 3042 2519 3111 ubique
2563 3041 2746 3097 facere
2788 3041 3063 3096 nituntur.
3111 3036 3310 3094 Coram
3353 3036 3706 3092 multitudine

2115 3144 2294 3191 autem
2326 3135 2602 3205 apostolos
2632 3133 2947 3198 vinxerunt,
2984 3140 3044 3186 ut
3074 3145 3171 3187 eos
3207 3130 3371 3186 etiam
3413 3128 3508 3200 qui
3545 3128 3706 3184 vide-

432 3219 743 3274 τουναντίον
770 3221 1006 3290 ἐγένετο.
1036 3221 1229 3276 Πολλοὶ
1256 3226 1368 3294 γὰρ
1406 3222 1516 3276 τῶν
1541 3223 1891 3277 ἀκουσάντων
1922 3222 2012 3277 τὸν

2122 3234 2233 3281 rent
2267 3225 2570 3281 timidiores
2601 3225 2912 3279 redderent.
2952 3221 3060 3277 Sed
3087 3220 3426 3277 contrarium
3456 3219 3684 3276 accidit.

427 3308 588 3380 λόγον
622 3311 970 3366 ἐπίστευσαν.
1006 3311 1170 3385 Ὁρᾷς
1210 3312 1362 3365 θείαν
1399 3313 1681 3384 ἐνέργειαν
1702 3312 1958 3385 ’φανεράν
1990 3330 2006 3381 ;

429 3408 526 3457 καὶ
555 3403 664 3473 μὴν
689 3402 784 3456 καί⁵
812 3404 939 3466 τοὺς
977 3404 1079 3475 ήδη
1138 3404 1543 3469 πιστεύσαντας
1589 3405 2016 3475 ἀσθενεστέρους

429 3492 537 3547 εδει
561 3493 843 3562 γενέσθαι.
882 3494 1085 3566 ’Δλλή
1121 3496 1331 3565 Πέτρου
1378 3495 1694 3568 δημηγορία
1733 3496 2016 3568 Πνεύματι

430 3585 557 3655 θείῳ
586 3578 1038 3660 συγκροτουμένη
1078 3590 1250 3660 αὐτῆς
1274 3588 1457 3643 αὐτῶν
1482 3591 1581 3659 τῆς
1610 3590 1789 3661 ψυχῆς
1814 3590 2013 3662 ἥψατο.

430 3678 568 3735 Κατ’
593 3680 731 3735 ίδίαν
767 3681 823 3735 δὲ
850 3683 1044 3746 αὐτοὺς
1088 3682 1459 3750 ἐξετάζουσιν,
1521 3684 1610 3737 ἵνα
1642 3685 1718 3753 μὴ
1755 3685 1866 3739 ἀπὸ
1915 3686 2016 3755 τῆς

430 3775 746 3849 παρρησίας
780 3776 961 3831 αὐτῶν
994 3778 1045 3830 οἱ
1068 3776 1360 3841 ἀκούοντες
1385 3777 1748 3849 κερδήσωσιν.

507 3995 527 4031 ι
566 3978 678 4032 Καὶ
705 3977 941 4050 ἐγενήθη
970 3979 1252 4051 ὁάριθμὸς
1276 3978 1387 4032 τῶν
1407 3978 1622 4050 ἀνδρῶν
1671 3980 1807 4033 ιῖυσεί⁵
1837 3977 2015 4049 χιλιά-

437 4089 457 4122 ι
489 4070 577 4133 δες
605 4069 789 4125 πέντε.
828 4069 1080 4139 Ἐγένετο
1100 4072 1157 4125 δὲ
1198 4071 1293 4124 ἐπὶ
1320 4071 1419 4143 τὴν
1459 4072 1652 4144 αὔριον
1684 4073 2018 4144 συναχθῆναι

437 4179 460 4216 ι
499 4163 678 4218 αὐτῶν
703 4163 827 4226 τοὺς
859 4162 1128 4235 ἄρχοντας
1155 4167 1251 4218 καλ⁸
1280 4146 1691 4235 πρεσόυτέρους
1718 4168 1813 4219 καὶ
1832 4182 2019 4238 γραμ-

438 4275 458 4308 ι
493 4257 684 4325 ματείς
716 4257 798 4320 είς
822 4255 1199 4327 Ἰερουσαλὴμ,
1233 4257 1330 4309 καὶ
1362 4258 1562 4311 Ἀνναν
1611 4257 1703 4311 τὸν
1732 4258 2017 4329 ἀρχιερέα,

2119 3316 2252 3373 Nam
2297 3318 2453 3371 multi
2479 3333 2545 3372 ex
2590 3316 2676 3370 his
2701 3314 2795 3385 qui
2827 3314 3118 3369 audierant
3151 3327 3488 3376 sermonem,
3520 3311 3707 3367 credi-

2115 3409 2340 3466 derunt.
2375 3408 2543 3465 Vides
2583 3407 2873 3463 manifeste
2898 3406 3140 3461 divinam
3171 3403 3516 3461 efﬁcaciam?
3543 3404 3707 3473 Atqui

2114 3518 2213 3560 eos
2249 3502 2416 3559 etiam
2450 3501 2543 3572 qui
2583 3500 2932 3556 crediderant
2980 3499 3226 3569 Oportuit
3256 3496 3410 3553 reddi
3458 3496 3708 3552 imbecil-

2114 3593 2283 3648 liores
2327 3609 2342 3647 :
2391 3590 2486 3647 sed
2531 3589 2676 3646 Petri
2721 3590 2940 3655 concio,
2993 3589 3184 3644 divino
3230 3588 3416 3657 adjuta
3467 3586 3707 3657 Spiritu,

2117 3686 2267 3756 ipsas
2295 3698 2491 3739 eorum
2541 3683 2753 3739 animas
2798 3681 3069 3753 tetigerat.
3107 3681 3364 3735 Privatim
3395 3688 3580 3735 autem
3623 3677 3712 3733 in-

2119 3785 2421 3848 terrogant,
2454 3793 2524 3832 ne
2551 3792 2616 3832 ex
2653 3776 2897 3846 ipsorum
2933 3773 3188 3829 libertate
3233 3771 3491 3844 loquendi
3547 3770 3710 3827 audi-

2117 3877 2267 3925 tores
2303 3869 2521 3924 lucrum
2561 3875 2936 3939 reportarent.

2186 3982 2280 4048 ιν,
2307 3982 2426 4038 4-7.
2461 4000 2481 4035 ι
2519 3982 2586 4036 Et
2621 3981 2796 4037 factus
2837 3988 2919 4035 est
2956 3995 3219 4035 numerus
3254 3979 3498 4034 virorum
3543 3974 3709 4031 circi-

2123 4094 2144 4128 ι
2184 4085 2270 4130 ter
2297 4075 2541 4145 quinque
2585 4072 2841 4127 millium.
2877 4071 3098 4126 Accidit
3141 4079 3324 4125 autem
3366 4080 3590 4140 postero
3621 4065 3712 4122 die

2125 4187 2144 4222 ι
2183 4179 2241 4223 ut
2269 4174 2736 4238 congregarentur
2760 4164 3037 4235 principes
3064 4171 3118 4217 et
3151 4162 3400 4217 seniores
3424 4175 3489 4214 ac
3516 4158 3712 4213 scriba

2125 4280 2145 4313 ι
2194 4258 2613 4329 Hierosolymis,
2646 4255 2922 4324 simulque
2956 4255 3145 4308 Annas
3175 4251 3428 4322 princeps
3459 4247 3712 4303 sacerdo-

435 4365 455 4399 ι
493 4348 588 4401 καί¹
620 4348 896 4416 Καϊάφαν,
930 4348 1024 4403 κα)⁹
1063 4349 1339 4416 Ἰωάννην.
1363 4353 1456 4403 καὶ
1505 4349 1870 4421 Ἁλέξανδρον,
1921 4349 2014 4404 καὶ

2127 4372 2146 4404 ι
2188 4362 2303 4407 tum
2349 4365 2412 4405 ac
2453 4348 2712 4418 Caiphas,
2763 4345 3116 4415 Joannesque
3160 4358 3226 4397 ac
3282 4340 3593 4396 Alexander
3655 4347 3713 4394 et

437 4460 458 4493 ι
494 4441 610 4495 ὅσοι
638 4436 781 4511 ἦσαν
804 4443 867 4494 ἐκ
895 4442 1086 4510 γένους
1116 4441 1529 4512 ἀρχιερατικοῦ.
1570 4442 1682 4496 Καὶ
1711 4443 2012 4513 στήσαντες

2122 4467 2141 4499 ι
2180 4453 2449 4518 quotquot
2478 4448 2639 4497 erant
2691 4455 2723 4496 e
2765 4454 2965 4512 genere
3022 4435 3349 4494 sacerdotali
3395 4453 3410 4492 :
3451 4434 3714 4506 ipsosque

436 4551 456 4583 ι
493 4533 692 4595 αὐτοὺς
727 4533 785 4585 ἐν
798 4533 876 4603 τῲ
901 4532 1072 4603 μέσῳ,
1107 4532 1493 4588 ἐπυνθάνοντο.
1525 4551 1545 4585 ι

2125 4558 2144 4593 ι
2180 4540 2236 4594 in
2276 4537 2458 4593 medio
2486 4536 2697 4607 positos
2724 4532 3157 4603 interrogabant.
3193 4549 3212 4583 ι

508 4642 528 4676 ι
558 4623 813 4687 Χιλιάδες
844 4624 1030 4680 πέντε.
1061 4643 1080 4676 ι
1108 4624 1207 4679 Διά
1242 4624 1353 4695 γὰρ
1379 4625 1540 4679 τοῦτο
1569 4626 1885 4697 προέλεγεν,
1919 4628 2014 4683 ἐπὶ

2196 4648 2216 4681 ι
2254 4628 2511 4699 Quinque
2539 4624 2732 4680 millia.
2763 4642 2785 4677 ι
2822 4622 2906 4680 0b
2936 4624 3040 4677 hoc
3083 4621 3230 4678 enim
3259 4620 3607 4692 praedixerat,
3639 4618 3711 4675 de

426 4716 538 4771 τῶν
558 4718 818 4779 πεντάκις
848 4717 1037 4788 χιλίων
1060 4734 1074 4749 ’
1112 4735 1132 4769 ι
1162 4719 1290 4771 Δότε
1325 4719 1511 4783 αὐτοῖς
1542 4719 1702 4789 ὑμεῖς
1733 4723 1947 4790 φαγεῖν.
1989 4740 2009 4772 ι

2122 4722 2361 4792 quinque
2394 4719 2637 4773 millibus
2668 4732 2714 4770 ει
2750 4716 2884 4771 Date
2916 4716 3024 4771 illis
3053 4729 3150 4769 vos
3177 4714 3322 4784 quod
3358 4712 3525 4767 edant
3547 4714 3593 4753 δ’
3624 4729 3640 4768 :
3681 4729 3703 4765 ι

433 4810 714 4879 Τουτέστι,
765 4806 1243 4883 πεντακισχιλίους
1302 4811 1563 4883 κορέσετε
1642 4813 1880 4878 πίστεως
1917 4794 2014 4869 καὶ

2123 4814 2228 4868 hoc
2256 4820 2362 4879 est,
2387 4827 2487 4868 vos
2522 4812 2689 4867 etiam
2728 4808 3079 4880 postmodum
3121 4808 3365 4877 quinque
3395 4806 3566 4861 millia
3606 4806 3712 4862 fide

432 4904 589 4974 ὑμεῖς
626 4903 767 4975 μετά
790 4903 985 4959 ταῦτα.
1106 4906 1111 4919 '
1230 4899 1257 4915 “

2122 4915 2389 4964 saturale.

2189 5021 2281 5086 IV,
2311 5020 2418 5076 7-8.
2465 5037 2484 5072 ι
2520 5018 2637 5085 Qua
2677 5016 2924 5089 potentia
2961 5023 3057 5071 aut
3089 4990 3198 5086 quo
3226 5012 3448 5070 nomine
3471 5010 3707 5079 fecistis,

2126 5134 2146 5167 ι
2190 5115 2294 5168 hoc
2334 5111 2482 5168 vos?
2516 5129 2537 5164 ι

511 5034 532 5069 ι
573 5018 663 5071 Ἐν
699 5018 830 5090 ποίᾳ
883 5018 1155 5091 δυνάμειῆ
1184 5020 1243 5074 ἐν
1276 5019 1416 5089 ποίῳ
1446 5020 1675 5092 ὀνόματι
1721 5020 2018 5093 ἐποιήσατε

432 5108 589 5183 τοῦτο
613 5109 775 5179 ὑμεῖς
794 5127 811 5178 ;
842 5129 862 5164 ι

499 5222 607 5275 Καὶ
639 5222 746 5293 μὴν
763 5222 985 5294 ᾔδεισαν
1014 5238 1029 5254 ο
1059 5222 1384 5294 πονούμενοι
1430 5224 1561 5298 γάρ,
1595 5225 1653 5278 ἐν
1684 5225 1760 5298 τῷ
1794 5244 2011 5296 καταγ-

430 5312 641 5379 γέλλειν
667 5314 725 5366 ἐν
740 5314 818 5385 τῷ
847 5313 1025 5385 Ἰησοῦ
1054 5314 1152 5387 τὴν
1176 5316 1498 5382 ἀνάστασιν,
1521 5317 1790 5388 κατέσχον
1801 5319 2021 5383 αύτούς.

442 5405 719 5478 Ἕρωτῶσι
759 5407 838 5475 δὲ,
872 5406 1286 5480 προσδοκῶντες
1321 5410 1542 5473 αὐτοὺς,
1566 5411 1631 5464 ’τὸ
1667 5410 2022 5483 δικαστήριον

433 5499 527 5553 καὶ
549 5499 612 5553 τὸ
641 5499 847 5569 πλῆθος
881 5501 1243 5574 φοϐηθέντας,
1297 5502 1560 5574 ἐξάρνους
1610 5503 1886 5571 γενέσθαι,
1921 5508 2021 5560 καὶ

429 5590 489 5643 τδ
517 5593 627 5646 πᾶν
650 5592 741 5646 διά
775 5593 970 5648 τούτου
1022 5593 1447 5666 κατωρθωκέναι
1476 5595 1809 5667 νομίζοντες.
1871 5596 2014 5668 Ὅρα

430 5682 540 5755 γὰρ
562 5681 684 5748 πῶς
712 5684 1037 5758 κακούργως
1061 5686 1361 5759 ἐρωτῶσιν.
1400 5686 1716 5743 Ἐὁούλοντο
1745 5688 1856 5759 γὰρ
1886 5689 2012 5753 τοὺς

502 5864 551 5900 ι’
574 5864 763 5926 Matth.
794 5882 908 5938 xrv,
952 5868 1037 5925 16.

2193 5225 2361 5296 Atqui
2394 5225 2640 5282 sciebant
2677 5243 2691 5280 :
2726 5225 2975 5280 dolentes
3027 5223 3174 5279 enim
3215 5220 3362 5291 quod
3411 5218 3712 5276 annuntia-

2123 5327 2247 5376 rent
2291 5334 2386 5391 per
2430 5317 2617 5374 Jesum
2681 5316 3169 5383 resurrectionem,
3209 5321 3505 5369 tenuerunt
3553 5326 3651 5368 eos
3692 5329 3707 5366 :

2122 5409 2535 5482 interrogabant
2567 5417 2750 5465 tamen
2787 5409 3175 5464 existimantes
3213 5422 3310 5463 eos
3338 5405 3609 5476 judicium
3652 5418 3711 5460 ac

2122 5500 2532 5558 multitudinem
2590 5500 2817 5567 veritos,
2867 5514 2990 5555 esse
3043 5505 3367 5569 negaturos,
3422 5505 3709 5564 totumque

2119 5594 2397 5664 negotium
2438 5607 2536 5664 per
2571 5590 2676 5647 hoc
2736 5590 3119 5662 corrigendum
3168 5588 3525 5643 arbitrantes.
3570 5582 3707 5641 Vide

2154 5695 2297 5744 utem
2329 5699 2494 5760 quam
2543 5684 2773 5741 subdole
2813 5684 3181 5754 interrogant.
3231 5678 3507 5735 Mal‘ebant
3557 5676 3707 5759 enim
