4058 6552
339 413 413 478 95
1406 402 1806 465 (ECUMENII
1857 398 2158 461 TRICCE
2206 395 2553 457 EPISCOPI
3532 383 3604 449 96

337 521 619 595 apostolos
662 518 824 575 fateri
866 532 1024 573 suum
1078 530 1199 572 esse
1242 528 1381 586 opus
1434 528 1598 584 quant
1659 511 1912 583 potentiae

2028 505 2350 571 incomitata;
2393 503 2595 577 μᾶλλον
2616 498 2828 557 ἑαυτῶν
2862 493 3004 554 εῖναι
3043 497 3105 551 τὸ
3133 496 3296 569 ἔργον
3321 496 3609 567 ὁμολογεῖν

334 616 564 673 Christi.
594 614 660 670 Et
691 613 917 668 adverte
954 611 1097 682 quod
1126 624 1304 679 neque
1348 608 1637 663 nominare
1667 606 1923 662 volebant

336 706 517 763 claudi
550 705 841 760 sanitatem
872 717 887 756 :
925 718 1101 772 neque
1140 701 1285 757 enim
1319 699 1510 755 dicunt
1535 699 1798 769 quidnam
1824 697 1918 762 sit,

336 798 458 859 sed.
490 817 506 849 t
531 797 763 852 Fecistis
798 798 922 851 hoc.
959 813 977 847 ι
1012 794 1092 848 llli
1118 807 1246 848 vero
1274 792 1375 847 hos
1409 792 1629 862 quidem
1661 805 1783 847 cum
1817 792 1922 845 ho-

337 906 471 944 nore
499 890 848 943 nominarunt
903 886 1150 941 dicentes
1190 883 1509 955 :Principes
1559 885 1743 954 pontili
1777 901 1790 938 :
1829 883 1920 938 tibi

339 990 520 1035 autem
564 982 629 1034 ad
670 995 783 1034 rem
818 985 1105 1043 venerunt,
1148 993 1257 1032 non
1312 977 1695 1032 abstinuerunt
1723 976 1793 1031 ab
1822 990 1918 1030 ac-

338 1073 629 1125 cusatione
660 1087 781 1139 quae
826 1078 1136 1141 opportuna
1176 1079 1345 1126 esset.
1373 1070 1540 1123 Aiunt
1577 1070 1722 1125 enim
1758 1088 1772 1124 :
1810 1068 1922 1125 Nos

340 1163 561 1232 quidem
622 1173 879 1233 tanquam
930 1164 1071 1219 bene
1113 1165 1339 1220 meritos
1384 1163 1621 1218 maxime
1668 1163 1921 1217 coronari

340 1254 602 1323 oportuit.
634 1254 836 1309 Verum
868 1254 1129 1323 quoniam
1161 1251 1479 1322 judicamur
1512 1267 1608 1306 seu
1639 1252 1924 1307 examina-

345 1358 493 1410 mur,
526 1355 713 1400 notum
748 1347 823 1402 sit
856 1349 1117 1402 universo
1147 1346 1349 1417 populo
1384 1363 1401 1401 :
1440 1346 1543 1402 hoc
1571 1347 1715 1402 enim
1747 1345 1923 1416 magis

338 1451 435 1491 cos
466 1439 853 1493 contristabat.

410 1528 499 1596 IV,
532 1529 690 1586 8-H.
725 1550 743 1583 ι
778 1530 1067 1601 Principes
1100 1532 1284 1602 populi
1310 1540 1366 1588 et
1394 1531 1637 1587 seniores
1665 1530 1851 1595 lsrael,
1876 1530 1922 1584 si

345 1637 365 1670 ι
407 1636 507 1677 nos
548 1622 710 1677 hodie
767 1624 1146 1677 examittamur
1183 1638 1347 1693 super
1399 1621 1663 1677 beneficio
1714 1620 1923 1675 homini

345 1730 364 1763 ι
402 1711 619 1769 infirmo
651 1715 916 1784 praestita,
957 1730 1055 1785 per
1082 1716 1225 1784 quod
1258 1715 1349 1769 hic
1380 1716 1568 1772 salvus
1603 1714 1783 1769 factus
1816 1723 1924 1778 est,

344 1822 363 1854 ι
406 1813 591 1858 notum
636 1807 708 1861 sit
743 1807 895 1863 vobis
923 1814 977 1862 et
1018 1809 1278 1863 universo
1311 1807 1420 1879 35
1449 1809 1652 1878 populo
1700 1807 1873 1863 Israel
1904 1827 1922 1864 :

2020 601 2053 672 ἢ
2077 603 2176 671 τῆς
2197 598 2480 667 δυνάμεως
2496 595 2591 651 τοῦ
2615 592 2875 667 Χριστοῦ.
2901 593 3042 663 Ὀρα
3060 590 3117 645 δὲ
3150 589 3270 655 πῶς
3317 589 3441 644 οὐδὲ
3487 590 3611 643 δνο-

2025 691 2196 762 μάσαι
2218 689 2413 762 ἧθελον
2440 687 2541 759 τὴν
2573 685 2874 756 θεραπείαν
2900 681 2992 737 τοῦ
3030 680 3208 752 χωλοῦ
3240 697 3256 714 ο
3289 681 3352 735 οὐ
3383 679 3494 752 γὰρ
3515 680 3608 735 λέ-

2021 799 2179 852 γουσι
2207 783 2381 847 ποῖον,
2405 780 2548 847 ἀλλ’,
2575 798 2593 831 ι
2618 779 2942 845 Ἐποιήσατε
2965 774 3146 830 τοῦτο.
3170 792 3190 826 ι
3224 774 3288 828 Ui
3308 772 3366 828 δὲ
3387 772 3609 841 ὠνόμα-

2024 892 2122 929 σαν
2154 874 2253 945 μὲν
2280 872 2480 936 αὐτοὺς
2535 870 2675 943 μετά
2725 871 2916 942 τιμῆς,
2965 868 3253 931 εἰπόντεςο
3309 866 3608 936 ’Ἄρχοντες

2022 966 2175 1022 λαοῦ.
2208 965 2425 1036 Ἐπειδὴ
2448 964 2507 1019 δὲ
2540 960 2709 1037 ἦλθον
2737 965 2816 1026 εἰς
2838 962 2900 1016 τὸ
2924 962 3179 1032 πρᾶγμα,
3213 960 3313 1012 οὐκ
3342 959 3612 1026 ἀφίσταν-

2024 1078 2114 1114 ται
2135 1058 2227 1114 τοῦ
2256 1059 2561 1130 πρέποντος
2608 1056 2857 1127 ἐλέγχου.
2900 1052 3198 1122 Φασὶ’γάρ,
3230 1052 3312 1105 ὅτι
3354 1050 3608 1105 Μάλιστα

2030 1155 2129 1225 μὲν
2147 1152 2319 1224 ἐχρῆν
2350 1148 2748 1220 στεφανοῦσθαι
2768 1148 2918 1219 ἡμᾶς
2948 1146 3026 1210 ὡς
3051 1144 3368 1215 εὐεργέτας,
3417 1140 3609 1212 ἐπειδὴ

2028 1246 2084 1300 δὲ
2112 1242 2441 1316 κρινόμεθα,
2474 1244 2716 1311 γνωστὸν
2740 1239 2882 1294 ἔστω
2912 1237 3076 1292 παντὶ
3123 1235 3202 1305 τῷ
3247 1233 3363 1305 λαῷ
3392 1248 3406 1265 ·
3452 1231 3613 1286 τοῦτο

2026 1340 2137 1412 γὰρ
2161 1339 2323 1394 πλέον
2347 1337 2549 1401 αὐτοὺς
2577 1336 2791 1389 ἐλύπει.

2104 1560 2122 1593 ι
2156 1542 2450 1612 ’Ἄρχοντες
2476 1534 2572 1591 τοῦ
2600 1534 2732 1589 λαοῦ
2751 1534 2846 1588 καὶ
2862 1530 3224 1605 πρεσϐύτεροι
3239 1530 3332 1585 τοῦ
3368 1531 3607 1603 Ἰσραὴλ,

2036 1654 2053 1686 ι
2091 1635 2139 1686 εἰ
2169 1634 2332 1704 ἡμεῖς
2361 1632 2604 1701 σήμερον
2629 1624 3041 1698 ἀνακρινόμεθα
3070 1624 3163 1678 ἐπὶ
3189 1624 3485 1695 εὐεργεσίᾳ
3510 1625 3609 1678 ἀν-

2034 1743 2052 1777 ι
2093 1723 2313 1796 θρώπου
2347 1724 2630 1789 ἀσθενοῦς,
2654 1724 2713 1777 ἐν
2735 1724 2839 1778 τίνι
2867 1716 3024 1789 οὗτος
3048 1723 3342 1789 σέσωσται,
3366 1724 3609 1793 γνωστὸν

2035 1834 2052 1866 ι
2089 1816 2229 1869 ἔστω
2249 1816 2416 1869 πᾶσιν
2446 1813 2576 1886 ὑμῖν
2602 1815 2697 1868 καὶ
2725 1813 2891 1868 παντὶ
2918 1814 2997 1885 τῷ
3021 1814 3134 1885 λαῷ
3174 1813 3413 1884 Ἰσραὴλ,
3438 1813 3520 1869 ὅτι
3552 1816 3609 1868 ἐν

346 1913 365 1946 ε
403 1895 546 1965 quod
581 1912 677 1965 per
708 1911 902 1953 nomen
933 1897 1063 1954 Jesu
1109 1899 1311 1956 Christi
1353 1901 1593 1957 Nazaraei
1622 1916 1785 1971 quem
1829 1916 1923 1955 vos

2039 1925 2057 1957 ι
2098 1904 2173 1976 τῷ
2191 1905 2418 1975 ὀνόματι
2461 1904 2636 1974 Ἰησοῦ
2693 1904 2935 1975 Χριστοῦ
3009 1904 3105 1958 τοῦ
3166 1903 3506 1974 Ναζαραίου,
3549 1904 3609 1958 δν

344 2002 362 2035 ι
404 1986 781 2053 crttcilixistis,
826 2005 985 2059 quem
1038 1990 1181 2049 Deus
1221 1993 1511 2050 suscitavit
1549 2010 1579 2049 a
1617 1996 1849 2051 mortuis
1902 2012 1915 2048 :

345 2096 364 2129 ι
409 2094 505 2147 per
550 2080 652 2135 hoc
682 2081 948 2154 (inquam)
996 2084 1099 2140 iste
1146 2096 1290 2143 astat
1318 2103 1502 2143 coram
1534 2089 1690 2144 vobis
1730 2104 1918 2147 sanus.

346 2191 363 2222 ι
407 2172 511 2226 Hic
549 2185 636 2228 est
660 2162 757 2230 ille.
779 2176 916 2246 lapis
956 2179 1051 2248 qui
1095 2179 1332 2248 reiectus
1370 2189 1456 2237 est
1501 2196 1532 2235 a
1566 2181 1722 2236 vobis
1750 2180 1922 2236 aedili-

346 2281 364 2313 ε
405 2266 682 2332 cantibus,
729 2270 820 2336 qtti
862 2266 1042 2326 factus
1072 2280 1155 2326 est
1189 2274 1244 2326 in
1293 2282 1455 2342 caput
1492 2272 1699 2342 anguli,
1729 2283 1920 2327 etnon

346 2374 365 2406 ι
411 2364 496 2415 cst
525 2374 625 2427 per
656 2358 826 2415 ullum
859 2362 1027 2416 alium
1061 2364 1232 2419 salus.
1262 2364 1450 2434 Neque
1480 2366 1625 2418 enim
1661 2376 1746 2420 est
1774 2365 1920 2420 aliud

346 2467 366 2499 ι
408 2465 602 2504 nomen
659 2451 848 2507 datum
902 2456 1219 2511 hominibus
1271 2457 1373 2512 sub
1417 2458 1579 2523 cmlo,
1628 2472 1725 2528 per
1775 2457 1923 2526 quod

346 2558 365 2591 ι
408 2551 658 2612 oporteat
702 2561 804 2601 nos
857 2548 1045 2604 salvos
1077 2549 1215 2605 fieri.
1245 2549 1507 2607 Videntes
1547 2560 1728 2607 autem
1775 2549 1922 2608 Petri

348 2653 367 2685 ι
408 2651 473 2690 ac
498 2635 728 2695 Joannis
770 2641 825 2694 in
855 2642 1085 2698 dicendo
1113 2647 1502 2712 constantiam,
1534 2656 1927 2715 compertoque

347 2744 367 2779 ι
412 2730 557 2798 quod
598 2730 848 2788 homines
891 2744 1075 2790 essent
1123 2736 1198 2790 illi
1228 2738 1389 2792 terati
1423 2747 1478 2793 ct
1515 2737 1716 2803 idiotas,
1760 2741 1928 2794 mira-

347 2834 368 2867 ε
409 2818 631 2887 bantur,
661 2832 713 2876 et
745 2827 1123 2892 agnoscebant
1155 2842 1248 2881 eos
1283 2829 1426 2896 quod
1454 2844 1578 2883 cum
1608 2829 1738 2885 Jesu
1788 2830 1927 2885 fuis-

347 2928 369 2960 ε
407 2918 566 2977 sent;
605 2915 876 2971 hominem
911 2927 1096 2972 autem
1139 2920 1386 2976 videntes
1427 2932 1659 2978 stantem
1691 2940 1815 2978 cum
1843 2926 1926 2981 eis

348 3018 368 3053 ι
403 3002 494 3072 qui
529 3017 759 3061 sanatus
791 3006 990 3076 fuerat,
1021 3011 1153 3064 nihil
1180 3021 1440 3082 poterant
1466 3016 1866 3088 contradicere.
1900 3034 1921 3069 ι

417 3114 437 3147 ε
476 3095 758 3168 Principes
813 3101 1025 3170 populi,
1069 3121 1090 3154 ι
1134 3115 1400 3172 quantum
1437 3106 1503 3160 ad
1544 3108 1926 3177 magistratum

346 3187 400 3242 in
434 3190 749 3258 popularem
783 3193 1019 3248 turbam.
1054 3212 1072 3246 ι
1108 3194 1364 3253 Seniores
1394 3197 1581 3264 lsracl,
1614 3219 1633 3250 ι
1660 3209 1925 3269 quantum

343 3280 410 3335 ad
440 3283 852 3355 intelligentiam
885 3301 947 3341 ac
981 3289 1236 3357 peritiam
1270 3288 1503 3345 docendi
1544 3292 1803 3363 populum
1834 3294 1929 3362 qui

345 3389 374 3427 a
419 3379 652 3432 terrenis
709 3380 774 3433 ad
823 3380 1094 3436 diviniora
1140 3384 1478 3438 sublevatur.
1528 3384 1663 3438 Nam
1719 3386 1772 3440 in
1819 3387 1932 3441 duo

342 3467 527 3522 divisit
557 3479 761 3525 ctntum
794 3473 1131 3538 auditorum,
1162 3484 1423 3545 tanquam
1459 3476 1512 3531 hi
1543 3492 1650 3530 non
1681 3493 1747 3531 ex
1771 3494 1931 3547 aequo

353 3562 568 3628 possint
613 3563 918 3635 intelligere
958 3582 1080 3637 quae
1119 3566 1380 3622 dicuntur
1418 3585 1433 3622 :
1467 3569 1561 3624 sed
1602 3569 1928 3639 quibusdam

337 3644 538 3707 leviter
563 3656 969 3725 quodammodo
1009 3660 1453 3717 auscultantibus
1476 3676 1598 3733 quae
1628 3662 1931 3733 proferun-

345 3752 457 3809 tur,
490 3746 581 3800 alii
611 3763 746 3803 sane
782 3750 1113 3820 profundius
1145 3767 1212 3806 ac
1255 3753 1529 3810 efﬁcacius
1554 3757 1740 3810 animo
1768 3771 1929 3828 repo-

342 3847 481 3892 nunt
506 3857 624 3910 quae
656 3846 1002 3899 nuntiantur.
1045 3845 1316 3912 Quoniam
1357 3863 1488 3919 ergo
1525 3857 1784 3921 tanquam
1828 3864 1929 3906 cu-

345 3944 462 3983 ram
494 3941 744 4001 gerentes
776 3937 1020 3992 muneris
1048 3937 1114 3991 ad
1143 3937 1286 4009 quod
1308 3940 1467 3995 electi
1495 3942 1648 4008 estis,
1673 3942 1928 3998 voluistis

347 4039 451 4079 nos
480 4025 649 4080 hodie
686 4017 1022 4096 examinare,
1054 4033 1146 4100 qui
1200 4033 1524 4089 beneﬁcium
1576 4033 1797 4089 infirmo
1831 4036 1927 4089 ho-

343 4116 478 4170 mini
509 4120 849 4177 contulimus
887 4139 901 4175 :
933 4131 987 4177 et
1018 4139 1127 4177 non
1161 4127 1344 4194 potius
1378 4140 1444 4180 ex
1486 4126 1607 4195 ipso
1638 4142 1804 4196 opere
1831 4143 1926 4182 ve-

344 4209 682 4265 nerationem
734 4228 860 4267 cum
903 4216 1267 4272 admiratione
1314 4218 1391 4271 illi
1436 4219 1729 4284 tribuistis,
1769 4219 1929 4288 cujus

343 4302 566 4357 nomine
595 4312 807 4359 tantum
836 4306 1039 4362 bonum
1071 4294 1326 4363 ell'ectttm
1366 4318 1450 4364 cst
1481 4327 1495 4363 :
1526 4312 1809 4380 quoniam,
1842 4312 1927 4367 in-

342 4407 530 4460 quam,
582 4398 635 4450 in
678 4404 891 4452 tantum
948 4414 1196 4455 errorem
1252 4401 1546 4468 incidistis,
1596 4402 1727 4472 quid
1775 4403 1925 4457 aliud

341 4485 472 4542 hinc
503 4489 772 4559 agendum
814 4499 917 4555 cst,
944 4506 1109 4561 quam
1136 4503 1196 4549 ut
1233 4508 1332 4550 nos
1362 4510 1392 4549 a
1422 4494 1696 4565 profundo
1728 4510 1925 4565 sopore

2028 2012 2046 2045 ι
2085 1994 2245 2065 ὑμεῖς
2265 1995 2668 2065 ἐσταυρώσατε,
2692 1994 2752 2046 ὃν
2768 1995 2796 2048 ό
2819 1994 2951 2057 Θεὸς
2976 1995 3200 2066 ἤγειρεν
3223 1998 3288 2049 ὲκ
3344 1996 3556 2067 νεκρῶν
3581 2013 3599 2028 σ

2029 2103 2045 2135 ι
2082 2087 2139 2137 ἐν
2164 2084 2339 2156 τούτῳ
2365 2076 2519 2147 οὗτος
2550 2083 2899 2155 παρέστηκεν
2931 2085 3165 2139 ἐνώπιον
3226 2085 3382 2155 ὑμῶν
3421 2086 3605 2155 ὑγιής.

2031 2195 2049 2226 ι
2092 2170 2264 2242 Οὗτός
2285 2178 2435 2237 ἐστιν
2459 2177 2491 2230 ό
2515 2176 2662 2240 λίθος
2692 2177 2721 2229 ό
2748 2175 3132 2243 ὲξουθενωθεὶς
3189 2175 3280 2245 ὑφ’
3308 2176 3464 2247 ὑμῶν
3500 2175 3612 2231 τῶν

2031 2287 2050 2319 ι
2082 2269 2571 2340 οἰκοδομούντων,ό
2587 2268 2881 2339 γενόμενος
2902 2268 3239 2340 είς“κεφαλὴν
3258 2269 3486 2338 γωνίας,
3513 2271 3612 2323 καὶ

2030 2381 2049 2414 ι
2087 2362 2188 2415 οὐκ
2210 2363 2358 2416 ἐστιν
2380 2364 2437 2415 ἐν
2455 2361 2599 2432 ἄλλῳ
2622 2361 2847 2433 οὐδενὶὴ
2867 2362 3131 2433 σωτηρία.
3155 2362 3292 2417 Οὔτε
3306 2364 3413 2432 γὰρ
3438 2364 3612 2432 δνομά

2031 2473 2051 2507 ι
2084 2458 2234 2509 ἐστιν
2271 2455 2458 2529 ἕτερον
2499 2454 2562 2508 τὸ
2589 2454 2871 2525 δεδομένον
2915 2456 2973 2508 ἐν
3009 2454 3319 2525 ἀνθρώποις
3346 2457 3403 2509 ὲν
3459 2448 3503 2524 ᾧ
3529 2454 3613 2509 δεῖ

2032 2566 2051 2601 ι
2089 2546 2329 2616 σωθῆναι
2355 2547 2523 2616 ἡμᾶς.
2546 2547 2892 2615 Θεωροῦντες
2910 2544 2967 2598 δὲ
2983 2545 3084 2614 τὴν
3105 2546 3199 2599 τοῦ
3228 2547 3439 2618 Πέτρου
3466 2549 3613 2617 παρο

2030 2656 2053 2692 ε
2082 2639 2278 2711 ρησίαν
2293 2640 2388 2694 καὶ
2413 2638 2681 2701 Ἰωάννου,
2706 2639 2803 2691 καὶ
2820 2637 3278 2708 καταλαϐόμενοι,
3295 2640 3377 2693 ὅτι
3404 2639 3616 2711 ἄνθρω-

1998 2730 2051 2785 “ι
2090 2750 2181 2786 ποι
2204 2731 2562 2804 ἀγράμματοί
2596 2732 2704 2784 εἰσι
2740 2729 2836 2784 καὶ
2870 2730 3098 2796 ἰδιῶται,
3122 2731 3454 2802 ἐθαύμαζον,
3509 2736 3611 2787 ἐπ·

2034 2844 2053 2877 ι
2092 2824 2394 2892 εγίνωσκόν
2424 2840 2486 2876 τε
2522 2823 2742 2887 αὐτοὺς,
2779 2823 2860 2877 ὅτι
2890 2823 3093 2894 σὺνζτῷ
3126 2825 3297 2894 Ἰησοῦ
3316 2820 3477 2896 ἦσαν.
3506 2826 3612 2880 Τὸν

2035 2938 2055 2972 ‹
2085 2919 2141 2974 δὲ
2160 2917 2448 2989 ἄνθρωπον
2473 2917 2767 2986 βλέποντες
2790 2919 2888 2970 σὺν
2906 2918 3090 2981 αὐτοῖς
3140 2917 3351 2971 ἑστῶτα
3385 2919 3476 2972 τὸν
3522 2934 3611 2972 τε·

2036 3029 2054 3063 ι
2099 3001 2530 3080 θεραπευμένον,
2556 3010 2711 3063 οὐδὲν
2734 3005 2882 3079 εἶχον
2910 3010 3215 3066 ἀντειπεῖν.
3254 3027 3274 3060 i

2104 3122 2125 3155 ‹
2158 3104 2451 3175 Ἄρχοντες
2466 3102 2564 3156 τοῦ
2595 3101 2750 3168 λαοῦ,
2778 3121 2798 3153 ι
2824 3101 2968 3155 κατά
3018 3101 3083 3155 ἰδ
3116 3101 3335 3169 ἀξίωμα
3365 3102 3461 3155 τοῦ
3513 3120 3614 3173 χυ-

2031 3194 2186 3247 δαίου
2212 3193 2390 3263 ὄχλου.
2426 3212 2446 3246 ι
2497 3191 2867 3263 Πρεσϐύτεροι
2913 3190 3005 3244 τοῦ
3043 3191 3280 3261 Ἰσραὴλ,
3311 3210 3327 3241 i
3379 3191 3519 3245 κατά
3552 3190 3617 3244 τὸ

2033 3285 2410 3341 διδασκαλικὸν
2458 3285 2554 3339 καὶ
2611 3284 2925 3338 συνεκτικὸν
2970 3282 3065 3336 τοῦ
3108 3283 3214 3339 ἀπὸ
3268 3284 3381 3336 τῶν
3411 3281 3612 3353 γηΐνων

2036 3378 2255 3449 πρὸςτά
2290 3376 2543 3447 θειότερα
2600 3376 2941 3444 ἀναγομένου
3000 3374 3150 3428 λαοῦ.
3216 3375 3312 3436 Εἰς
3363 3375 3459 3428 δύο
3500 3376 3616 3447 γὰρ

2034 3472 2198 3526 διεῖλε
2230 3468 2341 3524 τῶν
2367 3464 2657 3541 ἀκροατῶν
2684 3468 2776 3521 τὸν
2831 3467 3021 3536 ἑσμὸν.
3074 3467 3150 3531 ὡς
3197 3468 3263 3521 ἂν
3306 3468 3513 3522 τούτων
3553 3469 3613 3534 ἐξ

2036 3566 2155 3619 ἴσου
2170 3565 2280 3618 τῶν
2297 3564 2609 3633 λεγομένων
2632 3560 2706 3632 μὴ
2730 3560 2963 3631 ἐχόντων
2988 3560 3050 3613 τὺ
3068 3560 3328 3625 συνιέναι,
3351 3561 3486 3614 ἀλλά
3501 3561 3613 3615 τῶν

2036 3658 2138 3730 μὲν
2168 3658 2480 3729 ἀκροθιγίῖκ
2529 3675 2651 3722 πως
2701 3658 2810 3711 τῶν
2859 3656 3171 3727 λεγομένων
3218 3656 3610 3727 ἀκροωμένων,

2031 3751 2141 3805 τῶν
2169 3751 2225 3804 δὲ
2245 3749 2684 3822 δραστικώτερον
2711 3748 2807 3803 καὶ
2824 3748 3124 3818 βαθύτερον
3145 3751 3209 3818 τῇ
3238 3747 3385 3819 ψυχῇ
3433 3765 3614 3818 παρα-

2034 3844 2366 3915 πεμπόντων
2408 3844 2499 3898 τδν
2536 3843 2960 3914 ἀγγελλόμενον.
2996 3842 3152 3895 Ἐπεὶ
3181 3842 3360 3895 τοίνυν
3385 3842 3459 3905 ὡς
3490 3843 3611 3895 ὲπι-

2037 3937 2398 4010 μελησόμενοι
2423 3937 2524 4007 τῆς
2552 3935 2691 4009 πρὸς
2716 3937 2782 4006 ἥν
2821 3934 3183 4005 προεκρίθητε
3203 3934 3430 3999 τάξεως,
3466 3936 3614 4005 ἡμᾶς

2032 4031 2278 4101 σήμερον
2305 4029 2617 4099 ἀνακρίνειν
2640 4027 2874 4094 εἵλεσθε,
2897 4028 3021 4090 τοὺς
3054 4027 3148 4079 ἐπὶ
3178 4026 3465 4098 εὐεργεσίᾳ
3518 4026 3614 4079 ἀν⁸

2032 4124 2255 4195 θρώπου
2278 4120 2539 4183 ἀσθενοῦς
2562 4120 3001 4190 ὑπουργηκότας,
3034 4120 3127 4174 καὶ
3166 4120 3288 4190 οὐχὶ
3316 4120 3411 4173 ἀπ’
3441 4118 3608 4173 αὑτοῦ

2027 4218 2123 4272 τοῦ
2152 4215 2314 4287 ἔργου
2353 4215 2492 4285 μετά
2554 4212 2649 4268 τοῦ
2699 4210 3001 4281 θαυμάζειν
3051 4212 3141 4264 καὶ
3201 4214 3261 4264 τό
3308 4210 3610 4280 σεϐάσμιον

2028 4307 2225 4378 ἐκείνῳ
2254 4305 2622 4377 προσνέμετε,
2658 4295 2720 4358 οὗ
2746 4302 2825 4373 τῷ
2853 4303 3081 4373 ὀνόματι
3105 4302 3164 4356 τὸ
3185 4302 3426 4356 τοιοῦτον
3451 4304 3613 4375 ἑνήρη

2027 4418 2195 4473 γηται
2221 4399 2450 4468 ἀγαθὸν,
2479 4400 2528 4451 εἰ
2560 4396 2654 4449 ἐπὶ
2700 4394 2956 4448 τοσοῦτον
2997 4394 3056 4448 τὸ
3103 4394 3421 4465 πλημμελὲς
3480 4397 3610 4464 ὑμῖν

2028 4496 2410 4568 περιγέγονεν,
2446 4492 2499 4545 τί
2522 4490 2584 4544 τὸ
2616 4490 2723 4542 ἀπὸ
2748 4487 2924 4551 τοῦδε,
2956 4488 2989 4560 ἢ
3027 4489 3172 4558 ἡμᾶς
3220 4488 3361 4558 ὑμᾶς
3402 4489 3508 4543 ἔδει
3533 4489 3610 4552 ὡς

342 4594 441 4633 vos
468 4582 795 4650 excitemus,
818 4583 1069 4641 dicentes
1100 4596 1154 4640 et
1177 4587 1336 4642 vobis
1367 4594 1421 4641 et
1455 4587 1597 4656 plebi
1645 4589 1792 4658 quod
1825 4605 1922 4658 per

2028 4593 2093 4644 ὲκ
2126 4588 2298 4659 κάρου
2333 4583 2525 4656 βαθέος
2555 4582 2864 4652 ἐξανιστᾷν,
2901 4580 3159 4649 λέγοντας
3203 4581 3297 4633 καὶ
3354 4581 3484 4651 ὑμῖν
3514 4579 3610 4634 καὶ

343 4670 448 4727 hoc
483 4687 680 4729 nomen
729 4676 782 4729 id
825 4676 1217 4734 ell‘ecerimus?
1254 4679 1461 4735 Nomen
1511 4689 1691 4737 autem
1756 4692 1918 4737 vocat

2028 4684 2094 4755 τῷ
2126 4680 2290 4751 δχλῳ,
2319 4676 2395 4740 ὡς
2428 4676 2485 4727 ὲν
2511 4673 2589 4744 τῷ
2618 4672 2843 4743 ὀνόματι
2882 4671 3155 4742 τούτῳ...;
3173 4672 3385 4740 Ὄνομα
3400 4670 3495 4724 νῦν
3512 4670 3609 4741 τὴν

342 4765 448 4820 hoc
480 4765 602 4821 loco
632 4769 950 4838 opinionem
984 4788 1108 4842 qua:
1142 4773 1210 4828 de
1242 4789 1308 4827 eo
1329 4772 1559 4829 habetur
1577 4781 1631 4828 et
1659 4774 1913 4845 gloriam,

339 4858 799 4926 quemadmodum
852 4865 1017 4917 etiam
1075 4865 1536 4935 psalmographus
1589 4867 1718 4922 dum
1772 4868 1851 4923 ait
1898 4884 1914 4922 :

2017 4773 2287 4844 ὑπόληψιν
2312 4769 2486 4837 λέγων
2514 4768 2606 4819 καὶ
2632 4765 2731 4836 τὴν
2763 4762 2943 4828 δόξαν.
2991 4762 3081 4824 Ὠς
3121 4764 3214 4816 καὶ
3241 4764 3266 4815 ό
3300 4762 3607 4833 Ψαλμῳδὸς

2023 4870 2187 4944 ἡνίκα
2216 4864 2388 4930 λέγει·
2431 4878 2450 4913 ι
2501 4860 2588 4922 Ὠς
2621 4856 2932 4928 θαυμαστὸν
2962 4855 3022 4909 τὸ
3048 4855 3219 4925 ὄνομά
3249 4872 3340 4909 σου
3373 4856 3431 4908 ἐν
3456 4854 3608 4928 πάσῃ

347 4968 367 5001 ι
405 4949 578 5021 Quam
632 4953 957 5011 admirabile
998 4966 1082 5012 est
1116 4974 1318 5013 nomen
1358 4966 1512 5013 tuum
1558 4958 1614 5015 in
1662 4960 1919 5015 universa

2028 4965 2087 5034 τῇ
2121 4959 2238 5030 ﬁl!
2281 4976 2299 5009 ι
2340 4955 2504 5015 "Huc
2557 4948 2827 5021 ὑπόληψις
2877 4948 3131 5002 τοσοῦτον
3160 4950 3290 5016 παρ’
3332 4947 3459 5017 ὑμῖν
3515 4965 3607 5001 κε-

340 5051 484 5098 terra
507 5043 573 5097 θοι
616 5063 634 5096 i
680 5043 811 5111 Quae
839 5046 1027 5117 opinio
1071 5048 1207 5102 adeo
1240 5049 1363 5103 vilis
1402 5049 1542 5116 apud
1585 5065 1685 5105 vos
1730 5049 1918 5105 elfecta

340 5143 446 5198 est,
484 5143 542 5189 ut
583 5151 693 5191 non
746 5138 923 5193 solum
948 5141 1303 5201 venerandus
1351 5157 1458 5196 non
1499 5143 1571 5197 sit
1612 5142 1915 5213 judicatus,

340 5242 530 5281 verum
565 5229 728 5282 etiam
771 5246 895 5284 eum
929 5231 1022 5301 qui
1049 5234 1156 5288 tale
1194 5248 1387 5288 nomen
1432 5235 1613 5302 habet,
1642 5235 1920 5290 maleﬁco-

342 5335 464 5374 rum
515 5323 680 5377 morti
737 5323 1105 5395 subjeceritis.
1152 5325 1493 5381 Nazarenutn
1553 5336 1736 5383 autem
1795 5344 1916 5385 eum

340 5421 500 5465 vocat
535 5425 564 5465 a
595 5414 716 5469 loco
749 5414 801 5467 in
834 5432 942 5486 quo
976 5418 1125 5472 illum
1157 5433 1281 5474 esse
1320 5428 1510 5474 natum
1555 5420 1922 5491 suspicaban-

344 5509 478 5556 tttr:
511 5513 567 5559 et
603 5505 689 5560 hic
715 5523 938 5579 quoque
967 5511 1021 5565 in
1049 5512 1433 5567 humilioribus
1459 5527 1581 5579 quise
1604 5512 1672 5568 de
1702 5512 1923 5567 Christo

345 5594 478 5647 sunt
541 5607 813 5663 versatur,
870 5608 927 5655 ut
980 5603 1325 5660 manifestius
1380 5604 1570 5659 reddat
1611 5603 1757 5676 quod
1814 5603 1924 5673 36

350 5692 492 5740 verae
519 5687 708 5756 gloriae
736 5689 870 5745 nihil
896 5689 1093 5748 alliciat
1112 5691 1356 5763 'abjectio
1387 5707 1509 5764 quae
1536 5701 1620 5747 est
1650 5689 1792 5761 apud
1823 5690 1922 5746 ho-

420 5867 473 5904 ”
502 5869 645 5926 i‘sal.
679 5886 797 5939 vui,
833 5873 923 5931 10.

2025 5052 2341 5124 χυδαῐωται,
2373 5047 2449 5110 ὡς
2482 5044 2555 5115 μὴ
2594 5042 2753 5113 μόνον
2789 5041 2864 5112 μὴ
2914 5039 3208 5110 σεϐάσμιον
3250 5040 3420 5108 δόξαι,
3473 5040 3609 5096 ἀλλὰ

2025 5144 2119 5198 καὶ
2149 5141 2310 5195 αὐτὸν
2353 5131 2398 5208 ᾧ
2423 5138 2483 5191 τὸ
2515 5137 2686 5206 ὄνομα
2722 5134 3005 5204 πρόσεστι,
3034 5133 3113 5204 τῷ
3144 5137 3472 5204 κακούργων
3512 5134 3609 5188 θαο

2026 5235 2171 5305 νάτῳ
2193 5231 2503 5286 ὑποϐαλεῖν.
2529 5227 2851 5297 Ναζωραῖον
2881 5226 2937 5279 δὲ
2967 5227 3075 5281 ἀπὸ
3100 5225 3195 5280 τοῦ
3227 5225 3392 5279 τόπου
3451 5226 3609 5280 καλεῖ

2025 5327 2118 5399 ἀφ’
2140 5318 2201 5380 οὗ
2231 5323 2485 5395 γενέσθαι
2525 5321 2689 5376 αὑτὸν
2716 5318 3005 5390 ὑπόληψις.
3052 5321 3165 5382 τοῖς
3195 5318 3608 5388 ταπεινοτέροις

2026 5416 2304 5474 κάνταῦθα
2341 5413 2466 5485 περὶ
2487 5407 2727 5481 Χριστοῦ
2760 5407 3135 5480 ἐνδιατρίϐων,
3164 5407 3240 5470 ὡς
3280 5406 3347 5460 ἂν
3375 5407 3609 5475 ἐναργὲς

2029 5509 2298 5577 παράσχοι
2335 5504 2413 5567 ὡς
2465 5500 2588 5556 οὐδὲ
2632 5501 2667 5572 ή
2693 5500 2835 5553 κατά
2892 5497 3215 5570 ἀνθρώπους
3247 5498 3495 5550 εὐτέλεια
3536 5498 3605 5567 τῇ

2028 5599 2221 5670 ἀληθεῖ
2248 5597 2377 5670 δόξῃ
2405 5595 2752 5667 λυμανεῖται,
2787 5593 2853 5647 ἀν
2883 5592 3041 5664 μόνον
3066 5589 3363 5662 ὀξυδερκὴς
3425 5591 3454 5643 ό
3492 5589 3621 5642 διαί

2030 5692 2246 5746 ϐλέπων
2364 5687 2454 5741 Διὸ
2482 5686 2578 5741 καὶ
2607 5686 2744 5758 πρὸς
2776 5684 3039 5755 αἰσχύνην
3073 5682 3258 5738 αὐτῶν
3289 5682 3427 5754 πρὸς
3456 5679 3549 5745 οὓς
3578 5679 3627 5735 δ’
