4058 6544
434 413 501 478 97
1430 411 1821 475 (DMMENT.
1858 411 1939 472 IN
1972 410 2157 471 ACTA
2188 408 2775 474 APOSTOLORUM.
3627 416 3700 480 98

400 525 617 594 ·λόγος,
648 526 784 598 φησὶ
813 524 894 592 τὸ,
929 543 949 577 ι
995 524 1434 598 Ἐσταυρώσατε,
1469 545 1489 578 ι
1529 525 1831 600 προσνέμει
1885 543 2017 597 παρ-

2134 522 2332 588 mines,
2387 523 2435 579 si
2481 524 2646 579 modo
2706 525 2781 580 sit
2812 524 2906 596 qui
2961 539 3076 581 rem
3125 525 3344 581 acutius
3392 527 3710 599 perspiciat.

434 617 599 683 ευθὺς
633 618 729 685 τὸ,
771 637 791 672 ι
827 619 1093 690 Ἤγειρεν
1118 620 1183 673 ὲκ
1212 618 1443 689 νεκρῶν.
1479 637 1499 671 ι
1538 619 1637 682 Τίς
1664 620 1887 690 ἤγειρεν
1922 619 2014 687 ;'O

433 710 588 772 Θεός.
634 711 789 765 Ἐπεὶ
804 710 913 782 γὰρ
970 712 1099 781 ὑμῖν
1140 711 1620 780 διαφθονουμένοις
1642 708 1785 776 ἔδοξε
1808 711 1886 781 τῷ
1906 710 2016 763 τῶν

436 803 768 874 κακούργων
797 803 1013 874 θανάτῳ
1036 804 1297 874 ἀχρειοῦν
1319 804 1418 875 τὴν
1447 804 1554 858 ἀπὸ
1582 803 1691 858 τῶν
1722 802 2015 874 θαυμάτων

432 896 593 961 δὸξαν
620 896 789 949 αὐτοῦ
855 896 956 968 (διὸ
984 897 1081 950 καὶ
1113 897 1321 965 ἔλεγον,
1354 918 1371 948 ι
1406 897 1472 951 Τί
1525 896 1789 968 ποιοῦμεν
1819 915 1834 965 ;
1876 898 1959 950 ὅτι
1987 898 2016 951 ὁ

433 989 726 1058 ἄνθρωπος
765 983 918 1051 οὗτος
946 986 1352 1059 πολλὰισημεῖα
1381 990 1525 1043 ποιεῖ
1558 1007 1577 1042 ι
1603 987 1646 1060 ),
1683 987 1762 1059 τῷ
1793 987 2015 1059 σταυρῷ

438 1080 537 1150 μὲν
594 1080 751 1150 ὑμῶν
802 1080 1068 1150 ἀντέθηκε
1103 1081 1205 1150 τὴν
1241 1080 1559 1133 ἀνάστασιν.
1614 1080 1760 1148 Τίς;
1799 1079 1862 1132 '0
1886 1079 2014 1142 Θεὸς

435 1171 752 1239 ἀναστήσας
781 1170 963 1223 αὐτόν.
1018 1170 1110 1242 Τῷ
1171 1172 1347 1240 Πατρὶ
1402 1169 1512 1241 γὰρ
1570 1171 1869 1241 προσνέμει
1915 1170 2015 1241 τὴν

418 1262 755 1330 ἀνάστασιν,
793 1263 915 1317 ἐπεὶ
937 1265 1033 1317 καὶ
1056 1263 1234 1317 κοινὸν
1268 1262 1429 1335 ἔργον
1467 1264 1576 1318 πᾶν
1603 1264 1633 1317 ὃ
1689 1264 2013 1334 θεοπρεπὲς,

434 1355 571 1427 πλὴν
594 1355 707 1409 τῶν
734 1356 1114 1410 ύποστατικῶν
1160 1358 1631 1428 χαρακτηρισμῶν
1691 1359 1789 1429 τῆς
1838 1358 2017 1430 ζωαρ-

428 1449 597 1519 χικῆς
660 1448 908 1520 Τριάδος,
968 1450 1062 1502 καὶ
1118 1450 1205 1502 ἵνα
1264 1450 1414 1524 δείξῃ
1461 1452 1659 1514 αὐτοὺς
1722 1452 2015 1506 κάντεῦθεν

428 1538 866 1609 θεομαχοῦντας.
900 1540 973 1592 Τὸ
1006 1538 1115 1611 γὰρ
1140 1540 1318 1612 οἰκείᾳ
1345 1542 1574 1612 δυνάμει
1603 1542 1705 1595 οὐκ
1757 1544 2016 1614 ἐνεχώρει

432 1631 571 1695 τέως
634 1632 807 1685 εἰπεῖν
868 1630 1013 1685 οὕτω
1080 1633 1316 1703 γυμνὸν,
1384 1635 1477 1687 καὶ
1525 1635 1662 1706 πρὸς
1694 1635 2015 1707 ἀνθρώπους

433 1723 712 1795 ὀργῶντας
744 1724 813 1779 τὰ
846 1725 1058 1780 ἑαυτῶν
1090 1725 1378 1797 συστῆσαι,
1435 1727 1528 1797 ἀφ’
1553 1722 1615 1782 οῦ
1652 1728 1749 1781 καὶ
1798 1731 1861 1799 τῇ
1920 1728 2014 1782 τοῦ

430 1815 566 1871 θ;οῦ
596 1816 915 1889 δικαιοσύνῃ
964 1819 1061 1888 οὐχ
1093 1804 1469 1888 ὑπετάγησαν.
1505 1838 1524 1871 ι
1575 1821 1664 1873 Ἐν
1692 1824 1868 1892 τούτῳ
1922 1818 2016 1874 οὖν

430 1906 509 1978 τῷ
562 1909 811 1979 ὀνόματι,
871 1910 901 1961 ὁ
957 1911 1164 1978 Πέτρος
1233 1911 1419 1983 φησὶν,
1462 1906 1617 1976 οὗτος
1673 1912 2018 1983 παρέστηκεν

434 2000 617 2071 ὑγιής.
652 2017 671 2053 ι
702 2001 802 2055 Διά
831 2002 948 2068 τοῦ,
982 2002 1320 2073 παρέστηκε,
1348 2003 1406 2057 δὲ
1430 2003 1511 2068 τὸ,
1540 2023 1567 2057 ιο
1594 2004 1960 2075 ’Δνώρθωται,
1992 2024 2011 2057 ι

339 2097 344 2102 “
436 2094 778 2164 ύπεσήμανε.
810 2096 923 2150 Καὶ
949 2095 1031 2160 τὸ,
1090 2115 1109 2149 ι
1146 2092 1320 2162 Οὗτός
1373 2099 1524 2153 ἐστιν
1574 2101 1604 2153 ὁ
1654 2098 1822 2162 λίθος,
1860 2119 1879 2151 ι
1918 2099 2018 2169 τὴν

432 2183 711 2255 ἀναφορὰν
742 2186 804 2238 ού
835 2185 973 2258 πρὸς
1007 2186 1098 2241 τὸν
1141 2186 1314 2257 χωλὸν
1369 2188 1503 2259 ἔχει,
1563 2188 1700 2242 ἀλλά
1749 2189 1883 2260 πρὸς
1928 2188 2019 2243 τὸν

447 2282 653 2351 Ἰησοῦν
683 2283 944 2354 Χριστὸν,
975 2278 1038 2338 οῦ
1062 2283 1142 2357 τῷ
1168 2285 1397 2355 ὀνόματι
1449 2285 1689 2357 ἔρρωται
1749 2286 1778 2338 ὁ
1823 2266 2015 2354 χωλός.

440 2376 539 2439 ’ος
569 2375 720 2439 λίθος
750 2376 842 2445 ὑφ’
872 2375 1029 2446 ὑμῶν
1051 2377 1151 2447 μὲν
1188 2378 1286 2448 τὴν
1329 2376 1623 2448 οἰκοδομὴν
1669 2376 2018 2447 τεταγμένων

434 2467 831 2536 ἐξουθενοῦται,
864 2471 945 2535 εἰς
968 2471 1217 2543 κεφαλὴν
1277 2471 1335 2524 δὲ
1382 2470 1587 2540 γωνίας
1632 2471 1728 2525 τοῦ
1772 2472 1870 2543 τῆς
1929 2472 2020 2526 πί-

437 2578 609 2627 στεως
638 2563 865 2632 γέγονεν
928 2566 1104 2631 οίκου,
1154 2564 1504 2635 ἀμφοτέρους
1566 2565 1857 2620 συνάπτων
1889 2566 2018 2631 τοὺς

434 2653 662 2723 τοίχους,
694 2654 785 2709 τὸν
812 2655 872 2721 ἐξ
903 2656 1176 2710 Ἰουδαίων
1197 2655 1347 2723 λαὸν,
1379 2659 1471 2711 καὶ
1502 2660 1595 2711 τὸν
1625 2656 1686 2723 ἐξ
1712 2658 1905 2726 ἐθνῶν,
1936 2661 2019 2723 είς

436 2746 568 2815 μιᾶς
590 2745 833 2810 πίστεως
855 2749 1193 2820 συμφωνίαν.
1213 2750 1415 2805 Σίκόπει
1443 2750 1501 2805 δὲ
1528 2751 1612 2804 ὃτι
1639 2752 1735 2804 καὶ
1761 2750 1844 2818 τὸ,
1877 2771 1895 2804 ι
1929 2751 2018 2807 Ἐν

439 2837 706 2915 ἄλλφούκ
762 2839 912 2896 ἔστιν
972 2844 1008 2913 ἡ
1063 2844 1377 2915 σωτηρία,ι
1434 2844 1496 2898 τὸ
1537 2843 1817 2914 ψαλμικόν
1867 2845 2016 2899 ἐστιν

438 2928 710 2996 ὲξαπλοῦν
729 2931 931 3001 λόγιον,
962 2934 1043 3001 τὸ,
1076 2953 1096 2987 ι
1125 2935 1284 3007 Παρὰ
1313 2935 1522 3008 Κυρίου
1556 2936 1774 3005 ἐγένετο
1800 2935 1967 3005 αὕτη,
1990 2955 2010 2990 ι

437 3023 599 3077 οἱονεὶ
634 3027 668 3096 ἡ
697 3025 920 3097 συνοχὴ,
948 3029 1043 3082 καὶ
1062 3029 1091 3081 ὁ
1116 3028 1415 3100 σύνδεσμος
1452 3031 1491 3101 ὀν
1511 3026 1799 3101 σωτήριος,
1820 3025 1881 3085 οὗ
1896 3031 2018 3096 ’πᾶς

438 3116 727 3187 ἄνθρωπος
753 3119 854 3173 οὐκ
892 3120 953 3187 ἐξ
988 3120 1204 3184 οὐδενὸς
1238 3119 1400 3175 ἄλλου
1443 3100 1495 3192 ἢ⁸
1517 3100 1671 3193 παρά
1714 3122 1875 3191 μόνου
1921 3122 2015 3191 γέε-

2100 616 2246 669 ideo
2275 632 2494 688 quoque
2544 618 2599 673 in
2641 634 2832 675 eorum
2877 618 3256 676 confusionem
3302 621 3369 676 ad
3409 638 3549 693 quos
3596 631 3717 679 erat

2117 721 2321 772 sermo,
2354 709 2447 763 ubi
2476 709 2742 766 dixisset:
2775 729 2793 762 ι
2834 711 3220 777 Crucitixistis,
3259 730 3279 764 ι
3324 714 3507 768 statim
3538 714 3717 782 addit,

2124 816 2143 851 ι
2176 798 2478 857 Suscitavit
2525 818 2554 857 a
2601 804 2854 858 mortuis.
2893 822 2912 857 ι
2955 804 3093 871 Quis
3152 804 3488 859 suscitavit?
3547 807 3713 861 Deus.

2118 890 2395 957 Quoniam
2424 895 2568 949 enim
2601 896 2757 950 vobis
2794 896 2914 966 ejus
2948 896 3195 967 opinioni
3233 911 3297 951 ac
3359 897 3543 967 gloriae
3573 897 3714 951 invi-

2119 982 2404 1052 dentibus,
2468 987 2671 1056 placuit
2724 987 2944 1043 abolere
2995 997 3171 1043 morte
3228 987 3469 1044 infandis
3511 988 3715 1067 debita,

2117 1088 2238 1128 eam
2283 1091 2405 1145 qua:
2438 1093 2468 1131 a
2506 1078 2790 1133 miraculis
2823 1079 2900 1131 illi
2939 1080 3227 1134 crescebat
3277 1080 3510 1150 gloriam
3560 1082 3715 1151 (nam

2117 1165 2326 1222 idcirco
2364 1168 2622 1223 dicebant
2655 1186 2669 1223 :
2704 1186 2724 1221 ι
2765 1169 2909 1235 Quid
2951 1169 3234 1226 facimus?
3263 1172 3388 1242 quia
3423 1171 3511 1225 hic
3551 1170 3717 1227 homo

2118 1258 2286 1311 multa
2319 1259 2474 1328 signa
2526 1259 2659 1314 facit
2683 1258 2814 1331 δίο),
2854 1259 3007 1315 cruci
3046 1262 3267 1331 quidem
3303 1271 3498 1317 vestrae
3529 1277 3718 1317 resur-

2118 1349 2418 1404 rectionem
2469 1358 2752 1421 opposuit.
2818 1352 2955 1417 Quis
3005 1351 3030 1405 ?
3081 1351 3227 1407 Deus
3277 1353 3372 1423 qui
3417 1353 3713 1409 suscitavit

2117 1455 2243 1495 eum
2285 1461 2296 1495 :
2332 1440 2479 1496 Patri
2512 1443 2783 1513 siquidem
2840 1444 3305 1500 resurrectionem
3355 1446 3626 1510 attribuit,
3655 1454 3713 1500 et.

2117 1533 2245 1603 quia
2297 1548 2460 1590 omne
2519 1535 2770 1590 divinum
2811 1551 2953 1606 opus
3009 1551 3303 1592 commune
3365 1545 3470 1602 est,
3522 1544 3718 1605 praeter

2117 1624 2206 1679 illa
2241 1641 2362 1696 quae
2388 1625 2620 1682 vivificae
2664 1627 2950 1683 Trinitatis
2984 1642 3251 1699 personas
3285 1626 3573 1699 designant
3612 1644 3626 1681 :
3663 1636 3717 1684 et

2128 1723 2187 1770 ut
2245 1717 2374 1771 hinc
2424 1733 2645 1789 quoque
2712 1719 2835 1774 illos
2894 1718 3002 1775 Deo
3056 1718 3339 1774 adversari
3396 1720 3711 1775 ostendat:

2118 1808 2361 1862 nondum
2391 1810 2537 1864 enim
2573 1812 2840 1880 temporis
2862 1811 3083 1866 occasio
3115 1811 3330 1866 sinebat
3363 1818 3422 1865 ut
3461 1812 3534 1865 ita
3570 1810 3717 1865 nude

2052 1880 2092 1940 Β
2122 1901 2332 1958 diceret
2359 1904 2582 1973 propria
2617 1905 2862 1973 potentia
2899 1918 3022 1958 eum
3054 1903 3448 1967 resurrexisse,
3480 1902 3709 1972 potissi-

2122 2008 2270 2048 mum
2314 1996 2455 2064 apud
2489 1995 2741 2050 homines
2769 1996 2861 2066 qui
2907 2009 3007 2050 sua
3063 1995 3313 2053 stabilire
3349 1993 3667 2049 nitebantur
3696 2031 3715 2059 ,

2120 2097 2174 2140 et
2204 2085 2327 2140 ideo
2360 2085 2451 2140 Dei
2473 2085 2704 2156 justitiae
2738 2102 2847 2141 non
2882 2094 3043 2143 erant
3086 2086 3318 2156 subjecti
3340 2087 3447 2139 ".c
3485 2083 3586 2140 Per
3613 2086 3716 2139 hoc

2119 2192 2248 2248 ergo
2277 2193 2475 2234 nomen
2513 2179 2609 2249 (ait
2638 2178 2857 2253 Petrus)
2889 2181 2994 2234 iste
3044 2189 3188 2235 astat
3242 2195 3437 2236 sanus.
3478 2198 3497 2231 ι
3537 2177 3660 2233 Verl
3684 2194 3718 2233 ο

2127 2290 2145 2323 ι
2186 2270 2366 2334 Astat,
2415 2288 2434 2322 ι
2474 2270 2789 2325 subindicat
2827 2289 2845 2322 ι
2886 2272 3117 2326 Erectus
3142 2280 3242 2326 est.
3272 2289 3291 2323 ι
3326 2267 3393 2323 Ει
3419 2271 3562 2341 quod
3595 2271 3709 2324 ait:

2124 2382 2143 2416 ι
2183 2362 2284 2419 Hic
2305 2372 2390 2420 εει
2428 2364 2589 2435 lapis,
2636 2383 2656 2416 ι
2690 2379 2797 2419 non
2828 2364 2896 2419 ad
2925 2365 3190 2420 claudum
3230 2364 3492 2431 refertur,
3529 2364 3621 2419 sed
3650 2365 3716 2419 ad

2122 2455 2307 2513 Jesum
2342 2458 2648 2521 Christum.
2680 2459 2841 2528 cujus
2870 2463 3093 2514 nomine
3127 2461 3421 2514 roboratus
3459 2459 3715 2514 estclau-

2118 2548 2241 2605 dus.
2270 2548 2377 2616 Qui
2404 2550 2545 2622 lapis
2576 2566 2607 2606 a
2627 2551 2786 2606 vobis
2816 2552 3037 2622 quidem
3071 2553 3362 2607 aedilicium
3408 2551 3719 2606 ordinanti-

2128 2641 2235 2697 bus
2268 2643 2599 2714 reprobatus
2626 2653 2731 2704 εει.
2770 2642 2952 2698 factus
2987 2654 3071 2698 cst
3122 2652 3303 2697 autem
3336 2641 3389 2694 iu
3425 2648 3589 2711 caput
3621 2656 3719 2693 an-

2124 2736 2235 2805 guli
2265 2737 2318 2789 in
2366 2735 2596 2789 :rdiﬁcio
2639 2733 2786 2801 fidei,
2825 2744 3122 2805 utrumque
3155 2735 3498 2804 conjungcns
3539 2731 3720 2801 parie-

2121 2832 2250 2891 tem,
2280 2840 2473 2896 nempe
2513 2824 2802 2879 Judaicum
2851 2826 3113 2895 populum
3160 2835 3325 2894 atque
3351 2823 3626 2895 gentilem,
3660 2820 3715 2876 in

2120 2920 2287 2973 unius
2318 2917 2440 2973 fidei
2468 2919 2842 2973 concordiam.
2872 2915 3172 2972 Considera
3204 2932 3333 2969 vero
3369 2915 3512 2985 quod
3545 2914 3712 2967 etiam

2119 3011 2176 3065 id
2231 3011 2377 3082 quod
2433 3012 2704 3082 sequitur,
2744 3029 2763 3063 ι
2810 3009 2915 3066 Per
2965 3011 3131 3065 alium
3186 3026 3290 3062 non
3337 3015 3422 3065 est
3469 3006 3639 3069 salus,
3684 3025 3705 3059 ι

2122 3104 2431 3160 Psalmlstm
2457 3105 2716 3174 explanat
2742 3103 3031 3158 oraculum
3069 3116 3178 3171 quo
3204 3101 3428 3162 dicitur,
3466 3118 3484 3150 ι
3530 3099 3574 3151 Α
3603 3097 3712 3154 Do-

435 3206 561 3277 γονε
587 3211 684 3264 τοῦ
718 3213 1118 3282 ἀκρογωνιαίου
1163 3212 1335 3267 λίθου.
1383 3213 1505 3267 Ὀτι
1574 3233 1592 3265 ι
1629 3215 1781 3282 Μηδὲ
1832 3214 2017 3284 ἕτερόν

2124 3200 2271 3252 mino
2332 3198 2518 3251 factus
2562 3205 2644 3250 est
2682 3196 2803 3260 iste,
2842 3214 2859 3246 ι
2897 3205 3156 3265 tanquam
3217 3192 3409 3261 eapula
3457 3205 3520 3244 ac
3574 3204 3711 3243 con-

436 3318 493 3355 τι
521 3302 697 3374 ὃνομά
744 3305 887 3369 ἐστι,
925 3322 946 3357 ι
985 3304 1253 3371 τουτέστι,
1281 3304 1409 3371 δόξα
1464 3305 1782 3377 σεϐάσμιοςο
1840 3308 1889 3360 εἶ
1931 3282 2017 3377 ἡμὴ

2124 3289 2331 3360 iunctio
2379 3289 2659 3355 salutaris,
2693 3289 2745 3342 id
2782 3286 3037 3342 indicans
3073 3284 3220 3355 quod
3268 3283 3450 3339 omnis
3484 3282 3649 3336 homo
3679 3293 3711 3335 a

445 3394 580 3465 μόνη
628 3394 771 3466 αὕτη
803 3396 955 3467 ήὲπὶ
1010 3398 1248 3470 Χριστὸν
1300 3397 1394 3452 τὸν
1425 3399 1824 3469 ἀκρογωνιαῖον
1872 3398 2019 3452 λίθον

440 3483 646 3551 πίστις,
676 3486 776 3549 τὰς
802 3486 969 3551 ἄλλας
1003 3487 1429 3559 παρευδοκιμεῖν
1451 3488 1652 3559 ἔχουσα
1692 3489 2018 3555 πίστεις,ὼς

440 3574 532 3628 ἀπ’
556 3576 697 3647 αὐτῇ
720 3575 782 3629 :0
815 3579 1081 3649 σωτήριον
1116 3578 1400 3647 δεδομένον
1431 3578 1589 3651 μόνῃ.

1034 3846 1305 3914 ,KEoAA.
1337 3847 1413 3901 E'.

442 3938 581 4007 Περὶ
605 3937 882 3993 ἀπίστων
926 3938 1269 4007 ἀρχιερέων,
1311 3938 1810 4005 προσταττόντων
1836 3938 1916 4004 ὡς
1946 3940 2018 3993 οὺ

511 4009 605 4064 δεῖ
630 4008 1134 4078 παρῤησιάζεσθαι
1183 4008 1279 4061 ἐπί
1312 4008 1393 4078 τῷ
1433 4009 1675 4077 ὀνόματι
1727 4009 1832 4062 τοῦ
1885 4011 2017 4076 Χρι-

515 4078 687 4141 στοῦ,
713 4077 813 4132 και
843 4079 1226 4145 ἀνανεώσεως
1262 4077 1379 4131 τῶν
1403 4079 1783 4133 ἀποστόλων.
1823 4081 2018 4147 Εὐχα-

505 4151 711 4217 ριστία
764 4150 884 4204 ἀπὸ
929 4148 1039 4218 τῆς
1096 4151 1463 4216 Ἐκκλησίας
1512 4147 1666 4216 ὑπὲρ
1720 4147 1830 4216 τῆς
1900 4150 2019 4203 τῶν

514 4221 875 4274 ἀποστόλων
895 4217 1117 4289 πιστῆς
1141 4220 1474 4287 καρτερίας.
1507 4219 1647 4285 Περὶ
1700 4220 2017 4289 ὀμοψύχου

514 4288 964 4358 καίκέιθολικῆς
1010 4290 1329 4354 κοινωνίας
1364 4290 1482 4342 τῶν
1534 4290 2015 4344 πιστευσάντων.

527 4361 624 4415 Ἐν
650 4353 699 4429 ᾧ
723 4360 856 4429 περὶ
888 4353 1168 4414 Ἀ’νανιόυ
1225 4353 1323 4413 καί
1353 4359 1713 4429 Σαπφείρας,
1773 4360 1871 4413 καὶ
1923 4375 2018 4412 πι-

514 4429 664 4500 κρᾶς
686 4431 884 4485 αὐτῶν
906 4429 1218 4499 τελευτῆς.

520 4540 541 4574 ι
596 4516 963 4584 κελεύσαντες
1026 4521 1083 4572 δὲ
1135 4520 1336 4583 αὐτοὺς
1403 4518 1509 4586 ἔξω
1573 4517 1666 4572 τοῦ
1741 4519 2018 4591 συνεδρίου

455 4633 476 4667 ι
508 4614 781 4678 ἀπελθεῖν,
820 4614 1115 4667 συνέϐαλον
1171 4612 1312 4685 πρὸς
1379 4612 1662 4683 ἀλλήλους,
1721 4611 1970 4679 λέγοντες
2001 4626 2015 4642 '

453 4724 476 4758 ι
511 4708 577 4761 Τί
636 4709 934 4778 ποιήσομεν
961 4708 1076 4769 τοῖς
1113 4704 1426 4775 ἀνθρώποις
1472 4704 1722 4769 τούτοις;
1781 4705 1862 4758 ὅτι
1920 4704 2021 4774 μὲν

457 4816 478 4852 ι
513 4798 622 4871 γὰρ
647 4798 889 4867 γνωστὸν
917 4801 1144 4869 σημεῖον
1177 4798 1368 4867 γέγονε
1396 4796 1464 4851 δι’
1491 4798 1699 4862 αὐτῶν,
1743 4799 1878 4851 πᾶσι
1909 4800 2023 4860 τοῖς

457 4910 476 4944 ι
513 4891 855 4946 κατοικοῦσιν
906 4889 1263 4961 Ἰερουσαλὴμ
1287 4890 1543 4960 φανερόν.
1584 4889 1695 4943 Καὶ
1736 4890 1797 4942 ού
1858 4889 2024 4944 δυνά-

459 5003 477 5038 ι
516 4986 653 5058 μεθα
682 4985 1045 5058 ἀρνήσασθαι.
1087 4983 1225 5037 Ἀλλ’
1255 4985 1342 5037 ἵνα
1378 4984 1453 5055 μὴ
1487 4984 1581 5037 ἐπὶ
1634 4984 1818 5037 πλεῖον
1847 4985 2023 5037 διανε-

461 5098 479 5132 ι
526 5078 672 5151 μηθῇ
699 5081 779 5142 είς
815 5078 906 5133 τὸν
938 5077 1089 5146 λαὸν,
1110 5076 1538 5148 ἀπειλησώμεθα
1581 5078 1789 5141 αὐτοῖς,
1824 5078 2025 5148 μηκέτι

460 5189 479 5222 ι
518 5170 697 5224 λαλεῖν
727 5170 820 5225 ἐπὶ
845 5170 925 5241 τῷ
954 5171 1180 5242 ὀνόματι
1231 5169 1406 5240 τούτῳ
1457 5170 1647 5240 μηδενὶ
1696 5169 2020 5241 ἀνθρώπων.

462 5281 483 5316 ι
520 5262 629 5318 Καὶ
655 5263 983 5328 καλέσαντες
1019 5264 1239 5329 αὐτοὺς,
1290 5263 1667 5334 παρήγγειλαν
1701 5263 1906 5329 αὐτοῖς,
1961 5262 2023 5315 τὸ

462 5373 483 5408 ι
522 5356 753 5412 καθόλου
818 5356 893 5429 μὴ
942 5355 1299 5426 φθέγγεσθαι,
1356 5355 1492 5426 μηδὲ
1527 5355 1801 5410 διδάσκειν
1822 5355 1916 5408 ἐπὶ
1945 5353 2023 5426 τῷ

464 5467 482 5500 ι
521 5449 743 5521 ὀνόματι
797 5449 890 5503 τοῦ
936 5446 1132 5520 Ἰησοῦ.
1195 5447 1253 5501 '0
1283 5447 1340 5502 δὲ
1380 5447 1588 5518 Πέτρος
1639 5448 1733 5501 καὶ
1770 5447 2022 5517 Ἰωάννης

464 5556 484 5591 ι
519 5538 922 5613 ἀποκριθέντες,
949 5542 1089 5610 πρὸς
1112 5539 1311 5600 αὐτοὺς
1334 5534 1509 5592 εἶπονο
1545 5537 1608 5591 El
1640 5536 1848 5591 δίκαιόν
1876 5539 2022 5589 ἐστιν

464 5648 485 5683 ι
520 5630 748 5685 ἐνώπιον
803 5634 897 5687 τοῦ
951 5632 1114 5696 Θεοῦ,
1160 5630 1328 5701 ,ὑμῶν
1371 5629 1589 5685 ἀκούειν
1616 5628 1876 5702 μᾶλλονῆ
1927 5627 2023 5681 τοῦ

463 5740 485 5776 ι
515 5722 672 5791 Θεοῦ,
698 5726 921 5798 κρίνατε
981 5725 1056 5779 Οὐ
1094 5722 1373 5795 δυνάμεθα
1399 5723 1508 5794 γὰρ
1546 5723 1706 5793 ἡμεῖς
1744 5720 1780 5776 ἃ
1814 5721 2025 5792 εἴδομεν

2120 3382 2272 3437 nullo
2300 3382 2407 3435 alio
2440 3394 2605 3450 quam
2653 3395 2682 3434 a
2716 3379 2834 3435 solo
2880 3378 3132 3447 angulari
3168 3376 3348 3447 lapide
3397 3374 3572 3428 factus
3604 3379 3715 3432 est.

2124 3489 2145 3525 ι
2180 3471 2368 3541 Neque
2414 3471 2560 3525 aliud
2606 3470 2774 3525 ullum
2818 3484 3022 3524 nomen
3084 3478 3191 3532 est,
3228 3485 3246 3518 ι
3295 3465 3399 3520 hoc
3421 3472 3507 3520 est
3544 3476 3713 3517 vene-

2118 3565 2293 3619 randa
2327 3564 2524 3635 gloria,
2565 3563 2673 3618 nisi
2721 3562 2837 3617 sola
2870 3561 3004 3616 ﬁdes
3051 3559 3107 3614 in
3141 3558 3425 3616 Christum
3473 3555 3711 3629 lapidem

2048 3684 2063 3703 -
2119 3657 2458 3728 angularem,
2479 3671 2601 3725 quae
2629 3662 2821 3725 potens
2848 3663 2932 3710 est
2954 3668 3174 3707 omnem
3203 3650 3369 3706 aliam
3400 3650 3712 3705 obscurare

2120 3749 2309 3816 ﬁdem,
2346 3758 2405 3803 ut
2431 3750 2484 3802 in
2515 3763 2622 3819 qua
2651 3747 2768 3803 sola
2800 3746 2988 3801 datum
3021 3752 3105 3799 est
3130 3744 3393 3799 salutare.

2663 3838 2770 3910 37
2802 3835 3038 3893 CAPUT
3092 3835 3159 3891 ν.

2121 3933 2198 3986 De
2215 3931 2887 4002 incredulispontiﬁcibus,
2920 3932 3011 4002 qui
3036 3928 3299 4002 jubebant
3333 3944 3394 3981 ne
3412 3927 3465 4002 in
3501 3926 3713 3980 nomine

2191 4001 2388 4058 Christi
2415 4004 2595 4069 palam
2620 3999 2981 4071 loquerentur,
3008 4008 3057 4054 et
3100 3999 3550 4071 redintegratione
3582 4011 3713 4071 apo-3

2194 4067 2453 4143 stolarum
2478 4090 2495 4128 :
2526 4072 2590 4126 de
2615 4067 2871 4143 Ecclesia;
2888 4071 3198 4143 gratiarum
3227 4070 3437 4143 actione
3467 4067 3529 4120 ob
3581 4067 3710 4143 ﬁdei

2194 4141 2557 4213 apostolorum
2601 4138 2980 4213 constantiam.
3016 4140 3095 4213 De
3116 4140 3471 4213 unanimitate
3502 4147 3549 4213 et
3584 4138 3711 4213 uni-

2192 4206 2404 4281 versati}
2428 4214 2797 4267 communione
2844 4211 3192 4265 credentium.
3227 4207 3291 4263 In
3323 4223 3424 4277 quo
3459 4207 3616 4260 etiam
3648 4206 3713 4281 de

2191 4278 2407 4340 Anania
2438 4294 2489 4337 et
2524 4283 2789 4352 Sapphira
2824 4281 3113 4352 acerbaque
3138 4295 3319 4334 eorum
3346 4287 3512 4332 morte
3539 4278 3710 4330 conti-

2191 4365 2365 4411 natur.

2193 4513 2291 4583 ιν,
2314 4513 2502 4570 15-25.
2530 4532 2548 4565 ι
2582 4512 2719 4569 Cum
2753 4520 2932 4567 autem
2952 4509 3247 4582 iussissent
3276 4507 3399 4562 illos
3426 4521 3456 4561 e
3477 4503 3711 4560 caucilio

2131 4628 2149 4660 ι
2185 4607 2465 4671 secedere,
2485 4604 2839 4660 conferebant
2860 4611 3070 4665 mutuo,
3091 4602 3336 4656 dicentes
3354 4614 3367 4650 :
3383 4596 3521 4662 Quid
3543 4594 3710 4649 facie—

2132 4719 2153 4754 ι
2185 4715 2305 4755 mus
2334 4698 2421 4754 his
2441 4696 2800 4754 hominibus?
2821 4683 3099 4765 Siquidem
3119 4692 3473 4761 conspicuum
3494 4688 3709 4759 signum

2136 4812 2153 4845 ι
2174 4792 2376 4848 editum
2391 4800 2475 4847 est
2497 4806 2720 4861 percos,
2735 4788 2993 4844 omnibus
3014 4784 3384 4840 habitantibus
3405 4778 3710 4836 Jerusalem

2134 4879 2557 4955 t‘tnanifeStum,
2582 4896 2682 4936 nec
2704 4892 2997 4950 possumus
3014 4891 3232 4947 negare.
3263 4873 3369 4929 Sed
3393 4887 3460 4927 ue
3484 4867 3715 4926 ulterius

2138 4998 2155 5030 ι
2190 4977 2540 5047 dispergatur
2564 4975 2618 5028 in
2648 4972 2903 5044 populum
2926 5010 2942 5037 ,
2995 4971 3160 5025 minis
3195 4960 3714 5030 interminemurip-

2135 5089 2153 5121 ι
2191 5071 2271 5125 sis
2308 5085 2398 5123 ne~
2426 5068 2679 5135 deinceps
2749 5065 3045 5136 loquantur
3092 5062 3160 5118 de
3189 5060 3410 5115 nomine
3461 5056 3565 5111 hoc
3615 5049 3713 5106 ulli

2134 5181 2153 5213 ι
2182 5161 2488 5216 hominum.
2554 5160 2801 5229 Cumque
2854 5164 3140 5213 vocassent
3180 5169 3296 5217 eos,
3335 5150 3712 5220 praeceperunt

2134 5274 2153 5306 ι
2188 5268 2257 5308 ne
2302 5250 2529 5307 omnino
2585 5250 2963 5319 loquerentur,
2993 5254 3088 5301 aut
3143 5244 3405 5299 docerent
3459 5239 3529 5293 de
3596 5250 3702 5290 no-

2136 5367 2155 5402 ι
2195 5346 2343 5403 mine
2386 5343 2539 5401 Jesu.
2598 5342 2794 5398 Petrus
2817 5328 2944 5395 vero
2966 5348 3019 5394 et
3048 5336 3287 5393 Joannes
3338 5332 3595 5387 dixerunt
3627 5326 3697 5382 ad

2138 5458 2158 5491 ι
2192 5453 2288 5494 eos
2319 5454 2334 5490 :
2384 5436 2466 5492 Au
2508 5436 2717 5505 justum
2753 5434 2825 5489 sit
2849 5446 3033 5487 coram
3065 5428 3173 5484 Deo
3190 5442 3289 5482 vos
3316 5423 3505 5478 audire
3534 5417 3709 5487 magis

2137 5553 2155 5586 ι
2193 5546 2356 5604 quam
2386 5529 2578 5596 Deum,
2607 5527 2874 5597 judicate.
2915 5522 3034 5576 Non
3067 5533 3361 5591 possumus
3405 5514 3713 5604 enim_quaa

2136 5644 2157 5679 ι
2208 5600 2447 5681 vidimus
2502 5632 2556 5676 et
2603 5618 2914 5675 audivimus
2965 5631 3074 5670 non
3109 5610 3372 5683 loqui.At
3398 5605 3476 5661 illi
3509 5600 3711 5657 additis

2143 5736 2162 5770 ι
2210 5704 2374 5774 minis
2399 5715 2863 5776 dimiseruuteos,
2918 5724 3028 5763 non
3063 5705 3403 5762 invenientes
3472 5705 3713 5773 quonam

469 5864 481 5873 ’
524 5870 570 5917 ⁸¹
595 5878 754 5939 Joan.
788 5872 873 5952 si,
899 5873 989 5939 l7.
1067 5886 1112 5918 η
1149 5884 1310 5941 Rom.
1353 5898 1431 5948 ix,
1464 5880 1554 5935 30.
1633 5864 1857 5937 "'Psal.
1897 5893 2062 5948 cxvn,
2098 5875 2191 5931 95.
