4058 6542
385 368 458 433 99
1495 369 1890 432 (ECUMENII
1930 371 2222 434 TRICC/B
2262 373 2600 437 EPISCOPI

3559 383 3666 448 100

398 493 416 527 ι
454 477 616 534 modo
639 476 766 533 illos
799 477 1056 549 puuirent
1085 487 1309 551 pr0pter
1344 480 1635 550 populum,
1663 484 1810 552 quod
1848 498 1937 538 om

2078 503 2096 536 ι
2137 485 2233 538 καλ⁸
2262 487 2600 560 ἠκούσαμεν,
2628 488 2704 562 μὴ
2753 489 2954 548 λαλεῖν.
2997 495 3061 548 Oi
3085 493 3143 551 δὲ
3210 495 3662 567 προσαπειλησά-

392 589 414 624 ι
455 585 552 625 nes
577 571 952 642 glorificarent
981 572 1147 627 Deum
1181 587 1346 642 super
1381 588 1446 628 eo
1487 574 1636 644 quod
1662 575 1964 630 acciderat.

390 681 410 715 ι
448 660 580 718 Erat
649 664 796 718 enim
868 666 989 734 plus
1031 680 1193 735 quam
1253 665 1618 737 quadraginta
1694 683 1964 724 annorum

390 773 409 806 ι
448 753 610 810 homo
635 756 687 809 in
707 771 816 824 quo
833 756 1042 810 editum
1066 771 1184 812 erat
1214 756 1431 828 signutn
1485 759 1586 814 hoc
1632 763 1963 818 sanationis.

388 863 410 898 ι
455 845 674 903 Dimissi
698 857 882 904 autem
910 857 1174 905 venerunt
1200 851 1267 904 ad
1299 867 1452 907 suos.
1481 870 1499 904 ι

455 1110 650 1168 Cuma
710 1114 988 1185 prioribus
1043 1116 1432 1176 aﬂlictionibus
1491 1121 1732 1176 nondum
1782 1124 1961 1194 respi-

386 1209 877 1276 rassentapostoli,
910 1211 1320 1279 dispensatione
1353 1213 1586 1281 quadam
1625 1215 1677 1269 in
1707 1216 1842 1272 alias
1888 1218 1966 1272 in-

379 1297 658 1352 cidebant.
721 1300 1004 1371 Siquidem
1041 1307 1300 1372 primum,
1348 1308 1672 1364 subsannati
1703 1321 1964 1367 suntom-

378 1404 479 1444 nes
509 1401 768 1461 tanquam
807 1396 965 1462 ebrii,
1000 1397 1186 1452 habita
1227 1400 1544 1469 suspicione
1565 1403 1634 1456 ob
1667 1402 1960 1459 eﬂicaciam

378 1479 692 1550 ignotarum
748 1485 854 1540 illis
888 1488 1222 1556 linguarum.
1270 1488 1545 1559 Secundo,
1605 1494 1656 1548 in
1718 1497 1960 1565 pericula

374 1571 648 1630 incidunt.
701 1576 826 1632 llaec
881 1588 1064 1636 tamen
1091 1599 1201 1637 non
1237 1599 1358 1639 sese
1393 1587 1577 1639 statim
1609 1587 1962 1656 subsequun-

377 1675 486 1732 tur,
523 1665 634 1736 38
670 1670 760 1722 sed
789 1670 1022 1738 priunnn
1060 1675 1421 1729 concionibus
1453 1677 1748 1732 collaudali
1778 1688 1832 1733 et
1864 1695 1960 1748 per

371 1755 555 1811 claudi
622 1761 949 1815 miraculum
1037 1764 1103 1818 ad
1159 1764 1376 1822 dicendi
1444 1767 1748 1823 libertatem
1811 1772 1957 1824 velut

2077 595 2097 628 ι
2137 595 2288 647 μενοι
2313 581 2588 635 ἀπέλυσαν
2618 585 2838 648 αὐτοὺς,
2866 587 3034 658 μηδὲν
3049 587 3417 660 εὑρίσκοντες,
3439 590 3521 659 τὸ,
3541 591 3662 657 πῶς

2077 687 2096 722 ι
2137 672 2477 727 κολάσωνται
2502 675 2700 738 αὐτοὺς
2733 677 2819 730 διὰ
2847 679 2938 732 τὸν
2968 680 3116 741 λαὸν,
3143 682 3222 734 ὅτι
3257 682 3454 746 πάντες
3475 684 3660 752 ἐδόξα-

2075 781 2094 814 ‹
2133 763 2224 828 ζον
2250 765 2339 817 τὸν
2373 765 2507 820 Θεὸν
2539 769 2631 820 ἐπὶ
2653 770 2730 838 τῷ
2758 773 3028 839 γεγονότι.
3073 773 3241 826 Ἐτῶν
3267 772 3463 846 γὰρῆν
3481 779 3658 832 πλειό-

2074 875 2093 908 ι
2128 875 2234 912 νων
2263 861 2675 930 τεσσαράκοντα
2709 866 2736 916 ὁ
2778 864 3087 936 ἄνθρωπος,
3122 869 3209 937 ἐφ’
3239 869 3298 921 δν
3324 871 3568 939 ἐγεγόνει
3595 871 3657 925 τὸ

2075 968 2094 1000 ι
2135 953 2359 1019 σημεῖον
2381 953 2540 1004 τοῦτο
2571 953 2672 1023 τῆς
2719 955 2938 1020 ἰάσεως.
2985 960 3382 1027 Ἀπολυθέντες
3408 964 3466 1016 δὲ
3490 959 3656 1036 ἦλθον

2075 1057 2093 1090 ι
2134 1039 2268 1109 πρὸς
2291 1042 2418 1104 τοὺς
2451 1043 2633 1106 ίδίους.
2669 1065 2688 1096 ι

2139 1137 2305 1193 Οὔπω
2331 1139 2444 1193 τῶν
2468 1141 2753 1214 προτέρων
2801 1147 3256 1200 άναπνευσάντων
3280 1149 3390 1202 τῶν
3415 1148 3650 1203 ἀποστό-

2066 1231 2173 1285 λων
2201 1233 2548 1304 πειρασμῶν,
2577 1236 2658 1299 είς
2691 1237 2910 1308 ἐτέρους
2955 1239 3230 1294 ἐνέϐαινον
3261 1242 3646 1312 οἰκονομικῶς.

2067 1325 2291 1397 Πρῶτον
2337 1327 2438 1397 μὲν
2473 1327 2584 1400 γάρ
2642 1331 3049 1402 ἐχλευάσθήσαν
3081 1334 3160 1397 είς
3201 1333 3376 1404 μέθην
3419 1335 3645 1399 πάντες,

2066 1419 2496 1486 ύποπτευθέντες
2555 1422 2654 1494 τήν
2691 1424 2800 1477 τῶν
2845 1425 3144 1492 ἀγνώστων
3172 1429 3356 1491 αὐτοῖς
3384 1429 3648 1496 γλωσσῶν

2064 1513 2366 1583 ἐνέργειαν.
2402 1514 2688 1587 Δεύτερον,
2720 1519 2800 1578 είς
2821 1519 3102 1582 κινδύνους
3143 1520 3512 1588 ἐμϐαίνουσιν.
3532 1522 3650 1575 Οὐκ

2064 1605 2265 1676 ἐφεξῆς
2293 1606 2351 1660 δὲ
2393 1607 2582 1673 ταῦτα,
2647 1609 2782 1664 ἀλλὰ
2838 1611 3055 1683 πρῶτον
3101 1615 3224 1677 ταῖς
3280 1613 3648 1684 δημηγορίαις

2065 1700 2528 1771 εὐδοκιμήσαντες
2561 1745 2576 1768 ,
2635 1704 2730 1756 καὶ
2753 1704 2917 1756 οἱονεὶ
2970 1705 3451 1776 ὲγγυμνασάμενοι
3507 1705 3646 1777 πρὸς

2064 1794 2380 1865 παρρησίαν
2413 1795 2502 1850 διὰ
2538 1795 2632 1849 τοῦ
2683 1795 2966 1866 θαύματος
3004 1797 3100 1850 τοῦ
3145 1798 3343 1866 χωλοῦ,
3409 1797 3647 1867 μάλιστα

370 1851 658 1906 exercitati
686 1895 701 1919 ,
730 1853 840 1908 Deo
883 1857 1230 1926 potissimum
1267 1861 1637 1928 permittente,
1681 1861 1809 1918 hinc
1838 1877 1943 1917 cer-

2059 1849 2196 1941 Θεδῦ
2239 1849 2718 1960 συγχωρήσαντος,
2754 1849 2817 1944 τδ
2862 1849 3116 1946 ἐντεῦθεν
3148 1849 3270 1944 ’τῶν
3301 1849 3531 1960 άγιδνων
3573 1893 3641 1947 ἇν-

373 1940 669 1996 taminihus
709 1952 1031 2012 tanguntur.
1086 1947 1164 2000 'l'u
1199 1963 1328 2002 vero
1376 1948 1688 2005 Juda'orum
1729 1953 1957 2007 technas

371 2031 662 2103 malosque
709 2035 863 2090 nisus
918 2037 1048 2093 hinc
1100 2039 1230 2093 mihi
1277 2041 1587 2096 considera.
1634 2043 1690 2096 In
1733 2044 1956 2102 Christo

365 2122 512 2177 enim
542 2127 860 2194 quaerebant
891 2130 982 2199 qui
1029 2146 1153 2185 eum
1184 2134 1440 2198 traderet,
1470 2136 1557 2189 hic
1601 2147 1783 2192 autem
1820 2138 1954 2209 ipsi-

365 2224 478 2268 met
502 2215 758 2288 iujiciuut
794 2234 1013 2284 manus,
1049 2222 1480 2280 conﬁdentiores
1535 2227 1648 2297 jam
1701 2244 1765 2284 ae
1787 2231 1956 2287 auda-

367 2308 548 2364 ciores
577 2313 1155 2382 posterucemeﬂ'ecti,
1200 2331 1325 2372 cum
1357 2319 1522 2373 etiam
1559 2323 1740 2391 templi
1805 2323 1946 2380 duce

364 2397 432 2451 ad
466 2401 818 2454 temerarium
850 2401 1069 2458 facinus
1106 2406 1188 2460 usi
1237 2405 1370 2470 sint,
1395 2407 1463 2462 ad
1507 2409 1791 2478 publicum
1833 2413 1946 2466 cri-

367 2504 494 2545 men
526 2491 669 2546 farta
704 2493 1059 2562 invertentes,
1113 2505 1166 2553 et
1223 2514 1334 2553 non
1403 2499 1469 2555 ad
1525 2502 1766 2573 privatas
1825 2506 1955 2560 ulci-

364 2587 630 2637 scendum
651 2585 905 2655 injurias.
940 2596 1103 2658 prout
1128 2589 1237 2644 illis
1264 2591 1436 2646 moris
1483 2601 1622 2650 erat.
1654 2592 1839 2666 Neque
1871 2612 1953 2652 re-

364 2681 454 2730 cta
519 2676 586 2730 ad
633 2677 1026 2735 incurrentium
1098 2682 1150 2735 in
1239 2685 1520 2753 apostolos
1573 2688 1947 2756 tetenderunt,

367 2781 564 2837 nempe
611 2778 900 2838 appetente
959 2786 1186 2843 vespera
1243 2789 1415 2846 :quae
1468 2775 1670 2832 Judazis
1723 2780 1947 2850 quidem

367 2856 503 2912 favit
528 2870 585 2912 ut
623 2863 687 2914 ad
746 2863 920 2916 malos
951 2874 1185 2918 conatus
1246 2869 1511 2938 temporis
1554 2871 1734 2940 spatio
1791 2873 1950 2942 juva-

364 2961 580 3016 rentur,
628 2953 680 3006 in
708 2968 912 3008 metum
962 2958 1308 3026 conjiciendo
1337 2963 1614 3031 apostolos
1640 2980 1735 3035 per
1759 2976 1951 3022 custo-

364 3040 534 3104 diant,
566 3053 620 3099 et
671 3045 801 3100 hinc
865 3050 1112 3104 emollire
1185 3068 1280 3108 eos
1325 3055 1547 3123 provide
1605 3059 1942 3129 cogitando:

362 3137 631 3207 apostolis
673 3155 804 3194 vero
856 3157 1006 3196 mora
1072 3141 1165 3198 Dei
1233 3147 1644 3215 dispensatione
1695 3153 1944 3208 ordinata

359 3235 467 3290 est,
520 3239 576 3283 ut
602 3233 792 3286 tierent
841 3235 1231 3292 audentiores.
1268 3240 1524 3305 Quinimo
1551 3260 1733 3299 coram
1757 3247 1945 3301 multi-

365 3321 558 3376 tudine
588 3338 684 3377 eos
722 3326 992 3392 vinxisse,
1034 3330 1174 3382 clam
1210 3347 1338 3384 vero
1357 3334 1698 3396 examinare.
1739 3340 1941 3393 summi

357 3411 470 3468 doli
499 3425 634 3481 erat;
669 3433 775 3486 quo
799 3428 1066 3474 terrerent
1096 3437 1214 3487 eos,
1241 3425 1340 3493 qui
1361 3441 1542 3479 coram
1590 3431 1944 3488 multitudine

356 3505 697 3563 vincirentur
721 3550 736 3575 ,
764 3519 816 3565 et
849 3512 1235 3569 subtrihunali
1295 3521 1766 3588 examinarentur,
1799 3526 1945 3579 vide-

355 3596 482 3652 licet
544 3608 801 3669 tanquam
861 3611 1350 3675 transgressores:
1386 3613 1618 3665 seorsim
1691 3630 1821 3670 vero
1875 3634 1942 3674 ne

354 3687 570 3744 dicendi
599 3691 872 3758 libertate,
896 3704 1237 3764 spectatores
1257 3703 1404 3768 quod
1427 3703 1617 3757 sanius
1652 3712 1736 3759 est
1771 3707 1945 3776 elige-

357 3789 504 3843 rent,
534 3783 700 3837 etiam
753 3786 823 3838 oh
854 3801 1046 3840 eorum
1076 3789 1169 3858 qui
1199 3792 1651 3849 examinarentur
1698 3797 1941 3852 admira-

359 3873 559 3928 tionem
594 3891 658 3930 ac
689 3877 1041 3934 miraculum.
1083 3879 1188 3935 Per
1220 3899 1384 3952 quam
1421 3901 1550 3940 vero
1582 3897 1935 3958 potestatem,

356 3980 670 4036 quanquam
728 3969 989 4036 scientes,
1049 3973 1391 4045 interrogant
1439 3977 1739 4049 (quomodo
1792 3985 1937 4038 enim

351 4061 608 4131 ignorare
637 4073 906 4134 poterant,
935 4067 1026 4138 qui
1051 4078 1336 4140 propterea
1364 4088 1459 4129 eos
1488 4081 1937 4150 teuuerautquod

349 4148 558 4206 Christi
598 4155 1059 4211 resurrectionem
1116 4162 1580 4233 annuutiarent?)
1611 4148 1938 4223 existimau-

355 4251 438 4296 tes
470 4257 566 4297 eos
604 4245 802 4300 timore
831 4248 1130 4304 tribunalis
1173 4261 1516 4322 negaturos:
1552 4265 1605 4310 et
1633 4260 1814 4327 quasi,
1858 4262 1941 4328 ip-

351 4333 430 4390 sis
463 4335 537 4389 ita
570 4337 1072 4409 interrogantibus,
1105 4346 1384 4412 negotium
1435 4360 1598 4403 omne
1646 4365 1941 4407 successu-

349 4439 472 4480 rum
515 4435 686 4483 esset.
745 4446 763 4480 ι
793 4428 1027 4486 Fecistis
1058 4451 1077 4484 ι
1125 4443 1307 4489 autem
1333 4437 1544 4505 dicunt,
1582 4455 1798 4512 nempe,
1823 4442 1937 4509 Qua

352 4527 623 4588 potestate
667 4520 896 4586 fecistis,
947 4533 1208 4595 tanquam
1244 4526 1516 4596 ipsorum,
1561 4547 1669 4587 non
1727 4533 1933 4588 Christi
1968 4548 2012 4604 ι)

351 4619 626 4683 potestate
649 4623 931 4683 peractum
957 4628 1125 4673 esset.
1183 4617 1290 4674 Sed
1357 4637 1534 4692 neque
1605 4625 1930 4680 nominatim

349 4703 607 4759 claudum
663 4707 917 4763 dixerunt
951 4727 966 4764 :
999 4712 1182 4766 exhoc
1219 4713 1365 4766 enim
1421 4713 1558 4767 adeo
1651 4719 1930 4786 angeban-

349 4799 464 4859 tur,
483 4807 538 4848 ut
565 4811 742 4866 neque
775 4813 961 4852 curam
982 4801 1273 4857 nominare
1304 4802 1524 4858 vellent.
1559 4803 1686 4860 Ideo
1708 4823 1934 4878 respon-

349 4885 430 4941 dit
477 4885 709 4943 Petrus:
748 4887 978 4946 Nomine
1011 4888 1141 4946 Jesu
1203 4891 1412 4949 Christi
1445 4894 1735 4960 Nazareni,
1770 4917 1926 4969 quem

349 4993 448 5034 vos
481 4979 855 5046 cruciﬁxistis,
887 4999 1011 5037 cum
1046 4983 1258 5052 ahjecta
1309 4986 1488 5054 patria
1531 4998 1584 5041 et
1615 4991 1925 5058 passionem

348 5069 542 5126 dicens
564 5081 617 5127 et
640 5075 1131 5130 resurrectionem.
1173 5074 1571 5146 Prmdicamus,
1601 5082 1797 5150 inquit,
1827 5083 1929 5137 hu-

347 5167 522 5229 milia,
581 5177 804 5238 propter
823 5170 1079 5224 eximiam
1109 5173 1571 5228 resurrectionem
1598 5175 1918 5244 gloriantes.

351 5260 452 5318 Ubi
496 5269 680 5316 autem
730 5262 813 5316 his
845 5263 1201 5320 sermonibus
1230 5280 1322 5320 eos
1343 5266 1704 5334 stimulassct,
1725 5268 1923 5337 adjun-

347 5354 426 5424 git
455 5354 820 5425 etiantquma
889 5355 1175 5426 Scriptura
1240 5365 1392 5419 sunt,
1444 5357 1680 5428 lapidem
1733 5360 1921 5416 dicens

343 5449 686 5518 angularem,
727 5449 852 5504 etsi
886 5449 1019 5519 quid
1061 5459 1220 5504 antea
1286 5449 1354 5505 de
1416 5451 1516 5506 hac
1565 5467 1622 5508 re
1673 5467 1702 5506 a
1765 5457 1919 5510 nobis

343 5549 632 5597 tractatum
662 5550 769 5596 est.
804 5539 1104 5596 Considera
1139 5557 1269 5598 vero
1299 5543 1444 5614 quod
1473 5544 1561 5598 ubi
1593 5544 1790 5600 docere
1820 5560 1920 5616 op-

344 5645 640 5706 portunum
663 5644 770 5697 est,
801 5635 966 5688 etiam
989 5637 1305 5707 prephetias
1325 5637 1626 5703 adducunt,
1651 5635 1760 5708 39
1783 5644 1841 5692 ut
1865 5637 1917 5690 in

343 5726 512 5795 priori
543 5725 848 5782 concione:
883 5726 1103 5797 quando
1125 5736 1306 5783 autem
1335 5730 1511 5785 solum
1539 5730 1710 5786 libere
1742 5728 1915 5800 loqui,

343 5815 667 5873 sententiam
705 5816 923 5874 ferunt:
955 5816 1139 5889 Neque
1163 5822 1307 5876 enim
1344 5831 1427 5878 est
1492 5821 1640 5876 aliud
1717 5835 1916 5877 nomen

2059 1997 2309 2036 πτονται.
2361 1982 2560 2036 Σκόπει
2590 1982 2647 2036 δέ
2681 2001 2772 2054 μοι
2793 1983 3042 2038 ἐντεῦθεν
3070 1985 3169 2056 τὴν
3215 1983 3322 2038 τῶν
3372 1984 3644 2039 Ἰουδαίων

2058 2075 2618 2147 κακοπραγμοσύνην.
2672 2077 2798 2139 Ἐπὶ
2839 2077 2939 2147 μὲν
2978 2078 3086 2148 γὰρ
3116 2076 3212 2130 τοῦ
3262 2076 3503 2147 Χριστοῦ
3547 2077 3640 2130 τὸν

2058 2169 2459 2239 παραδώσοντα
2486 2169 2650 2223 αὑτὸν
2686 2171 2935 2239 ἐζήτουν,
2960 2168 3196 2224 ἐνταῦθα
3243 2169 3300 2222 δὲ
3337 2167 3494 2222 αὐτοὶ
3541 2167 3642 2232 τὰς

2055 2265 2246 2332 χεῖρας
2284 2261 2657 2328 ἐπιϐάλλουσι,
2696 2262 3024 2334 θρασύτεροι
3067 2262 3163 2317 καὶ
3218 2259 3510 2332 τολμητίαι
3536 2277 3640 2314 κα-

2054 2354 2352 2418 ταστάντες
2378 2353 2564 2407 λοιπὸν
2597 2356 2738 2424 μετά
2765 2354 2859 2409 τὸν
2895 2353 3150 2424 σταυρόν.
3193 2352 3312 2421 Ἀφ’
3341 2346 3402 2406 οὗ
3433 2353 3526 2405 καὶ
3559 2349 3640 2421 τῷ

2055 2445 2350 2518 στρατηγῷ
2371 2446 2466 2499 τοῦ
2489 2446 2636 2518 ἱεροῦ
2662 2448 2798 2519 πρὸς
2825 2447 2926 2517 τὴν
2943 2447 3152 2517 τόλμην
3197 2446 3524 2518 ἐχρήσαντο,
3552 2445 3636 2508 είς

2051 2540 2308 2612 δημόσιον
2339 2541 2614 2612 ἔγκλημα,
2651 2542 2748 2595 καὶ
2783 2541 2886 2594 οὐκ
2923 2538 3218 2603 ἰδιωτικὸν,
3245 2538 3314 2591 τὰ
3367 2535 3638 2606 γινόμενα

2057 2633 2516 2705 μετατρέποντες,
2545 2632 2620 2696 ὡς
2654 2633 2775 2696 ἔθος
2804 2631 3010 2695 αὐτοῖς.
3055 2631 3170 2684 Οὐκ
3226 2629 3532 2700 ἐχρήσαντο
3577 2627 3636 2680 δὲ

2053 2727 2302 2799 παρευθὺ
2371 2728 2440 2799 τῇ
2504 2725 2649 2781 κατὰ
2699 2726 2810 2780 τῶν
2873 2724 3192 2780 ἀποστόλων
3255 2721 3634 2784 ἐπισυστάσει,

2052 2823 2294 2894 ἑσπέρας
2315 2821 2483 2892 δῆθεν
2515 2819 2906 2890 ἐπιλαϐούσης.
2940 2819 3051 2873 Καὶ
3072 2820 3185 2880 τοῖς
3227 2815 3503 2878 Ἰουδαίοις
3532 2812 3634 2887 μὶν

2051 2914 2145 2967 ἐπὶ
2177 2913 2486 2984 κακουργία
2514 2913 2825 2984 χρήσασθαι
2847 2913 2918 2982 τῇ
2949 2911 3230 2980 ἐκεχειρία
3259 2907 3522 2978 ὑπῆρξεν,
3551 2907 3632 2971 είς

2050 3008 2223 3061 πτὸαν
2255 3006 2589 3076 ἐμϐάλλουσι
2621 3005 2710 3059 διὰ
2743 3004 2845 3074 τῆς
2878 3002 3150 3074 φυλακῆς,
3173 3003 3269 3055 καὶ
3316 3001 3491 3073 ταύτῃ
3523 3017 3631 3069 μαο

2048 3102 2209 3168 λάξαι
2240 3103 2435 3163 αὐτοὺς
2464 3100 2962 3171 προμηθουμένοις.
2990 3098 3116 3158 Τοῖς
3145 3093 3462 3156 ἀποστόλοις
3494 3092 3550 3145 δὲ
3595 3093 3632 3163 ἡ

1975 3200 2020 3260 C
2051 3195 2292 3265 ἀναϐολὴ
2313 3195 2450 3264 πρὸς
2475 3194 2536 3246 τὸ
2575 3192 2946 3263 θρασυτέρους
2985 3188 3246 3256 γενέσθαι
3277 3182 3628 3257 ᾠκονομήθη.

2060 3290 2222 3344 nam
2245 3306 2308 3358 γε
2343 3288 2406 3360 δή
2433 3289 2528 3340 καὶ
2560 3287 2619 3340 τὺ
2645 3285 2876 3338 ἐνώπιον
2905 3282 3005 3354 μὲν
3029 3281 3122 3335 τοῦ
3164 3279 3400 3348 πλήθους
3426 3275 3632 3346 δεσμῆο

2048 3399 2158 3447 σαι,
2191 3381 2468 3451 λαθραίως
2500 3380 2556 3431 δὲ
2581 3381 2897 3446 ἀνακρῖναι,
2927 3378 3029 3445 τῆς
3067 3375 3244 3444 ἄκρας
3296 3367 3366 3440 ἦν
3390 3369 3630 3436 δολιὸτη-

2045 3491 2156 3537 τος,
2189 3473 2499 3542 φοϐούντων
2532 3472 2632 3540 μὲν
2661 3471 2786 3532 τοὺς
2824 3469 3230 3537 δεσμουμένους
3283 3463 3628 3517 κατενώπιον

2045 3567 2138 3620 τοῦ
2165 3565 2422 3636 πλήθους,
2479 3564 2779 3628 ἐταζόντων
2808 3563 2864 3614 δὲ
2931 3560 3035 3613 ὑπὸ
3087 3557 3422 3628 δικαστηρίῳ
3465 3553 3626 3625 δῆθεν

2045 3660 2120 3724 ὡς
2149 3657 2624 3730 παρανομοῦντας·
2659 3657 2784 3709 κατ’
2820 3656 2956 3708 ἰδίαν
2987 3653 3063 3716 δὲ,
3103 3653 3179 3721 τῷ
3209 3651 3284 3721 μὴ
3315 3652 3380 3720 τῇ
3418 3651 3626 3701 τούτων

2046 3755 2331 3826 παρρησία
2377 3754 2503 3816 τοὺς
2529 3751 2725 3813 θεατὰς
2755 3751 2816 3802 te
2848 3750 3055 3819 βέλτιον
3101 3744 3340 3808 ἑλέσθαι,
3367 3744 3463 3796 καὶ
3518 3741 3622 3794 ὐπδ

2044 3849 2286 3919 θαύματι
2334 3847 2443 3899 τῶν
2468 3845 2830 3914 ὲταζομένων.
2877 3845 2964 3895 Ἐν
2989 3841 3118 3911 ποίᾳ
3144 3841 3199 3893 δὲ
3225 3839 3458 3907 δυνάμει
3499 3836 3626 3889 καί·

2041 3958 2125 3996 τοι
2148 3941 2348 4004 είδότες
2393 3938 2643 4011 ἐρωτῶσι
2689 3937 2828 4004 (πῶς
2852 3937 2960 4006 γὰρ
2999 3934 3099 3988 οὐκ
3131 3932 3328 3994 εἰδότες
3361 3931 3410 3982 oi
3440 3929 3530 3982 διὰ
3561 3927 3622 3981 τὸ

2041 4034 2433 4105 καταγγέλλειν
2467 4033 2561 4086 τοῦ
2614 4029 2851 4103 Χριστοῦ
2885 4029 2984 4098 τὴν
3033 4026 3328 4081 ἀνάστασιν
3361 4022 3623 4092 κατέχον⁹

2039 4147 2133 4193 τες
2173 4126 2476 4194 αὑτούς;),
2506 4124 2742 4193 οἰόμενοι
2798 4121 2876 4191 τῷ
2945 4119 3055 4171 δέει
3108 4116 3203 4170 τοῦ
3265 4113 3619 4182 δικαστηρίου

2042 4219 2301 4290 ἐξάρνους
2323 4218 2520 4277 αὐτοὺς
2560 4211 2837 4281 γενέσθαι,
2870 4209 2963 4262 καὶ
2994 4208 3055 4260 τὸ
3101 4209 3208 4260 πᾶν
3235 4206 3416 4266 αὐτοῖς
3444 4201 3621 4264 οὕτως

2041 4311 2289 4384 ἐρωτῶσι
2311 4309 2401 4364 διὰ
2428 4308 2620 4363 τούτου
2649 4305 2912 4377 ὑπάρξαι.
2946 4321 2964 4354 ι
2991 4303 3343 4373 Ἐποιήσατε,
3381 4318 3399 4351 ι
3426 4299 3484 4352 δέ
3513 4313 3619 4367 φα-

2043 4424 2148 4473 σιν,
2179 4401 2309 4471 οἷον,
2344 4405 2481 4477 Ποία
2506 4403 2733 4472 δυνάμει
2755 4401 3066 4469 ἐποιήσατε,
3099 4395 3174 4460 ὠς
3203 4393 3408 4457 αὐτῶν,
3436 4393 3498 4447 ού
3524 4390 3620 4444 τοῦ

2042 4498 2282 4569 Χριστοῦ
2305 4500 2370 4566 τῇ
2411 4496 2642 4564 δυνάμει
2699 4492 2792 4545 τοῦ
2846 4488 3243 4561 ὲνηργημένου.
3306 4485 3445 4539 Ἀλλ’
3495 4483 3619 4537 ούδδ

2040 4590 2306 4662 ὀνομαστὶ
2361 4588 2455 4641 τοῦ
2503 4586 2676 4657 χωλοῦ
2762 4584 2994 4652 ἔφασαν.
3064 4578 3456 4646 Ἀπεπνίγοντο
3507 4577 3616 4646 γὰρ

2038 4686 2212 4755 τούτῳ
2252 4685 2326 4746 ὡς
2361 4682 2483 4752 μηδ’
2529 4680 2798 4749 ὀνομάσαι
2860 4675 3065 4728 ἐθέλειν
3135 4673 3233 4744 τὴν
3289 4669 3613 4740 θεραπείαν.

2039 4778 2237 4848 Διόπερ
2287 4776 2316 4829 ὀ
2356 4776 2582 4843 Πέτρος,
2619 4773 2710 4841 Τῷ
2734 4771 2957 4840 ὀνόματι
3020 4765 3192 4835 Ἰησοῦ
3249 4761 3485 4834 Χριστοῦ
3517 4761 3612 4814 τοῦ

2039 4865 2388 4938 Ναζωραίου,
2423 4865 2481 4918 ὃν
2503 4865 2661 4934 ὑμεῖς
2691 4860 3100 4930 ἐσταυρώσατε,
3135 4854 3493 4925 ἀπεκρίνατο,
3515 4852 3614 4905 σὺν

2037 4968 2103 5035 τῇ
2163 4961 2371 5016 εὐτελεῖ
2423 4956 2649 5028 πατρίδι
2687 4955 2782 5008 xai.
2823 4953 2885 5006 τὸ
2936 4949 3107 5013 πάθος
3153 4945 3324 5001 εἰπὼν
3371 4947 3464 4999 καὶ
3511 4945 3611 5015 τὴν

2033 5057 2354 5113 ἀνάστασιν.
2377 5049 2738 5121 Κηρύττομεν
2774 5046 2844 5099 τά
2897 5042 3130 5098 ταπεινὰ
3181 5038 3272 5092 διὰ
3305 5037 3399 5092 τοῦ
3433 5037 3609 5107 ὑπερ-

2036 5154 2204 5225 φυοῦς
2233 5152 2329 5222 τῆς
2361 5146 2713 5207 ἀναστάσεως
2739 5139 3212 5211 ὲμπομπεύοντες.
3245 5133 3472 5194 Τούτοις
3495 5133 3610 5238 τοῖς

2031 5254 2210 5320 λόγοις
2247 5245 2454 5316 πλήξας
2478 5242 2696 5302 αὐτοὺς,
2731 5233 3059 5307 προστίθησι
3095 5230 3190 5284 καὶ
3249 5229 3318 5281 τὰ
3349 5227 3458 5280 ἀπὸ
3509 5227 3609 5295 τῆς

2031 5346 2277 5416 Γραφῆς,
2309 5342 2400 5394 τὸν
2431 5338 2576 5390 λίθον
2601 5333 2744 5404 φημὶ
2765 5330 2856 5383 τὸν
2916 5325 3337 5428 ἀκρογωνιαίον,
3359 5320 3449 5428 καὶ
3479 5320 3539 5426 ei:
3553 5334 3606 5428 τι

2029 5414 2158 5512 περὶ
2197 5439 2386 5492 τούτου
2428 5427 2842 5504 προδιείληπται
2867 5424 3020 5493 ἡμῖν.
3063 5414 3372 5522 Σκόπειδὲ,
3401 5414 3482 5466 ὅτι
3515 5414 3603 5522 ὅτι

2032 5510 2131 5606 μὲν
2166 5532 2375 5598 διδάξαι
2410 5529 2597 5599 ἐχρῆν,
2635 5524 2729 5575 καὶ
2781 5514 3114 5590 προφητείας
3140 5510 3493 5584 προάγουσιν,
3527 5510 3605 5569 ὼς

2029 5605 2120 5682 ἐπὶ
2149 5629 2248 5699 τῆς
2281 5625 2505 5696 πρώτης
2538 5617 2903 5689 δημηγορίας,
2942 5613 3030 5666 ὅτε
3086 5609 3142 5664 δὲ
3211 5605 3602 5678 παρρησιάσα-

2029 5721 2152 5774 σθαι
2217 5718 2398 5788 μόνον,
2442 5712 2857 5783 ἀποφαίνονται.
2899 5705 3039 5762 Οὔτε
3098 5704 3208 5776 γάρ
3243 5703 3391 5756 ἔστιν
3409 5699 3602 5768 ἓτερον

2025 5815 2219 5886 ὄνομα,
2256 5815 2414 5882 φησι,
2447 5810 2504 5862 se
2546 5809 2851 5881 δεδομένον.
2904 5807 3012 5861 Καὶ
3062 5808 3114 5859 τί
3171 5805 3350 5870 τοῦτο,
3381 5803 3597 5876 εἴρηται
