4058 6594
316 360 407 428 101
652 360 665 369 ”
1305 361 1699 422 COMMENT.
1739 362 1821 421 IN
1856 362 2042 423 ACTA
2071 363 2650 427 APOSTOLORUM.
3467 363 3575 434 102

312 479 430 548 ἠδη.
460 476 603 549 (Iph;
625 477 860 540 Πιλᾶτον
892 471 949 531 δέ
975 473 1075 530 οὐκ
1127 474 1321 545 ἄγουσι
1363 477 1492 539 τοῦς
1546 477 1763 530 ἁποστό
1788 495 1881 541 ους

2019 490 2201 546 ηςιιιιιη,
2220 481 2416 551 tnquit.
2431 479 2496 535 Et
2510 480 2640 550 quid
2661 479 2763 535 ltoc
2782 478 2872 545 sit,
2886 476 2998 549 jam
3017 478 3224 535 dictum
3244 486 3350 537 est.
3371 477 3576 536 Verum

313 574 386 636 ὡς
413 571 506 626 τὸν
535 570 798 641 Χριστὸν,
828 567 948 624 ἀλλ’
983 567 1144 622 αὐτοὶ
1165 569 1468 639 κρίνουσιν,
1505 569 1897 640 αἰσχυνόμενοι

2019 572 2281 640 ψοειοιοε
2318 587 2428 626 non
2467 572 2679 627 ducunt
2709 571 2775 626 ad
2818 571 3052 627 Pilatum
3111 573 3573 643 quemadmodum

314 665 409 717 καὶ
438 661 856 736 ἐρυθριὰξοντες
883 660 955 714 τὰ
1006 661 1296 732 πρότερον,
1332 659 1428 714 καὶ
1483 660 1784 725 δεδοικότες
1821 661 1897 732 μὴ

2019 662 2309 730 Sttristum,
2342 663 2438 719 sed
2466 664 2571 735 ipsi
2598 664 2848 734 iudicant
2878 680 2892 718 :
2927 664 3198 734 imprimis
3233 665 3451 735 quidem
3482 680 3579 719 ru-

314 756 422 810 ἀπὺ
453 752 660 808 τούτων
681 754 775 808 καὶ
799 753 941 824 ὑπὲρ
972 753 1182 807 ἐκείνου
1218 751 1547 823 ἐγκληθῶσι.

390 952 411 985 r
444 933 558 987 Καὶ
586 933 934 1004 ἀπήγγειλαν
964 935 1065 988 ὅσα
1119 935 1259 1005 πρὸς
1298 934 1496 997 αὐτοὺς
1537 936 1586 987 οἱ
1617 935 1898 1006 ἀρχιερεῖς

324 1044 341 1079 t
379 1027 474 1079 xci.
505 1026 555 1079 οί
582 1026 950 1098 πρεσὸύτεροι
992 1022 1170 1081 εἷπον.
1207 1027 1270 1080 Οἱ
1308 1026 1365 1079 δὲ
1401 1026 1736 1091 ἀκούσαντες
1764 1027 1899 1097 ὁμοη

324 1134 343 1165 ε
382 1116 621 1187 θυμαδὸν
672 1112 818 1188 ἦραν
862 1118 1049 1189 φωνὴν
1106 1118 1243 1189 πρὸς
1271 1117 1362 1171 τὸν
1395 1117 1528 1172 Θεὸν
1561 1120 1653 1172 καὶ
1681 1114 1835 1172 εἷπον
1873 1136 1892 1171 ι

322 1209 459 1281 (οὐχὶ
499 1209 817 1280 φιλοτιμίας
865 1210 1054 1263 ἕνεκεν
1081 1208 1413 1279 διηγοῦνται,
1444 1208 1581 1262 ἀλλὰ
1624 1210 1724 1279 τῆς
1758 1210 1898 1282 Χρι-

325 1302 448 1355 στοῦ
490 1302 718 1372 χάριτος
745 1301 815 1354 τὰ
861 1302 1139 1371 τεκμήρια
1194 1300 1663 1372 ἐπιδεικνύντες)’
1731 1322 1750 1354 ι
1800 1304 1900 1357 Δέ-

330 1415 348 1449 ι
388 1412 582 1461 σποτα,
627 1396 690 1450 σὺ
716 1397 743 1449 ὁ
765 1394 918 1459 Θεὸς,
949 1396 977 1448 ὁ
1023 1396 1257 1465 ποιήσας
1283 1395 1375 1448 τὸν
1404 1394 1651 1464 οὐρανὸν,
1680 1397 1773 1448 καὶ
1802 1394 1901 1467 τὴν

332 1507 351 1541 ι
388 1478 517 1561 λίῆν,
558 1489 653 1543 καὶ
674 1488 772 1560 τὴν
796 1489 1090 1551 θάλασσαν,
1128 1489 1223 1542 καὶ
1263 1489 1444 1542 πάντα
1467 1488 1538 1543 τὰ
1560 1490 1618 1543 ἐν
1648 1489 1852 1553 αὐτοῖς,
1872 1491 1901 1543 ὁ

330 1602 349 1637 ι
381 1584 468 1637 διὰ
491 1583 761 1653 στόματος
782 1582 945 1636 Δαυῖδ
973 1582 1161 1646 παιδός
1192 1599 1284 1635 σου
1303 1582 1491 1637 εἰπών.
1524 1601 1543 1633 ι

393 1675 534 1746 Ὅρα
551 1675 670 1739 πῶς
687 1677 835 1729 ἐστιν
869 1674 1227 1745 ἡκριθωμένη
1259 1673 1524 1729 καὶκατὰ
1578 1675 1806 1747 καιροὺς
1862 1678 1895 1747 ἡ

322 1765 527 1819 τούτων
549 1768 682 1836 εύχή
709 1783 722 1795 ·
755 1767 978 1835 ὅτεμὲν
1002 1766 1112 1836 γὰρ
1137 1765 1231 1818 τὸν
1264 1764 1415 1831 ἄξιον
1462 1765 1543 1829 είς
1594 1767 1902 1836 ἀποστολὴν

323 1858 505 1928 ἠξίουν
535 1827 818 1929 ἅιᾶθῆναι
869 1827 1092 1923 αὐτοῖς’.
1112 1858 1207 1921 Σὺ,
1238 1827 1747 1929 εῦέονταιξΚύριε,
1767 1827 1904 1932 καρ-
1939 1827 1979 1886 Β

323 1951 624 2020 διογνῶστα
650 1952 888 2006 πάντων.
924 1951 1296 2025 Προγνώσεως
1324 1953 1433 2025 γὰρ
1471 1948 1541 2025 ἦν
1573 1954 1691 2006 ἐκεῖ
1719 1953 1901 2024 χρεία.

335 2044 552 2116 Ἐπειδὴ
580 2043 639 2098 δέ
682 2043 915 2099 ἐνταῦθα
951 2046 1079 2108 τοὺς
1138 2047 1551 2117 ἀντικειμένους
1611 2046 1904 2116 ἐπιστομι-

323 2136 516 2205 σθῆναι
545 2139 737 2209 ἐχρῆν,
774 2157 794 2191 ‹
835 2139 1106 2201 Δέσποτα,
1141 2157 1159 2191 ι
1206 2137 1556 2193 ἐπιϐοῶνται.
1587 2140 1695 2193 Καὶ
1713 2138 1906 2211 ὥσπερ

326 2229 600 2302 συνθήκας
651 2230 1012 2295 ἀπαιτοῦντες
1066 2231 1230 2285 αὐτὸν
1258 2231 1359 2304 τὴν
1423 2231 1769 2303 προφητείαν
1825 2233 1907 2294 εἰς

327 2320 493 2390 μέσον
521 2321 771 2389 ἄγουσιν,
804 2321 924 2392 ἅμα
982 2321 1080 2376 καὶ
1113 2322 1342 2385 ἑαυτοὺς
1391 2319 1903 2391 παραμυθούμενοι,

323 2414 403 2467 ὅτι
461 2414 589 2484 είκῆ
644 2413 738 2466 καὶ
793 2413 915 2468 κατ’
945 2412 1127 2468 αὐτῶν
1164 2415 1260 2468 καὶ
1299 2413 1474 2477 κενῶς
1502 2412 1803 2484 μελετῶσιν
1857 2411 1907 2464 οί

328 2503 534 2578 ἐχθροί.
576 2505 779 2559 Σκόπει
806 2505 988 2560 δὲκαὶ
1036 2505 1362 2559 ἐπιείκειαν.
1401 2507 1476 2559 Οὐ
1506 2505 1616 2577 γὰρ
1663 2503 1908 2575 εὔχονται

325 2598 672 2670 καταρῤάξαι
694 2599 892 2662 αὐτοὺς
922 2599 1018 2652 καὶ
1037 2598 1391 2663 καταϐαλεῖν,
1438 2596 1577 2662 ἀλλ’,
1599 2596 1791 2650 Ἐπιδε
1816 2597 1909 2649 ἐπὶ

324 2692 422 2754 τὰς
447 2690 685 2754 ἀπειλὰς
714 2691 917 2755 αὐτῶν,
948 2693 1044 2745 καὶ
1071 2691 1163 2754 δός
1196 2694 1309 2756 τοῖς
1333 2689 1542 2755 δούλοις
1606 2708 1702 2744 σου
1760 2689 1901 2762 μετὰ

328 2781 651 2854 παρρησίας
679 2783 862 2853 πάσης
891 2782 1078 2836 λαϐεῖν
1106 2784 1199 2837 τὸν
1223 2782 1381 2852 λόγον
1424 2799 1519 2836 σου
1560 2784 1618 2835 ἐν
1678 2783 1757 2852 τῷ
1806 2782 1909 2853 τὴν

327 2876 482 2947 χεῖρά
521 2892 618 2928 σου
652 2878 912 2942 ἐκτεῖναι,
946 2875 1225 2929 τουτέστιν
1258 2877 1317 2929 ἐν
1343 2875 1419 2947 τῷ
1444 2875 1543 2947 τὴν
1573 2875 1787 2946 ἄμαχόν
1813 2891 1908 2928 σου

329 2968 558 3040 δύναμιν
615 2969 901 3040 περιέπειν
964 2970 1131 3040 ἡμᾶς.
1196 2968 1369 3022 Τοῦτο
1426 2969 1537 3040 γὰρ
1586 2967 1822 3021 ἐνταῦθα
1873 2968 1908 3037 ἡ

328 3061 467 3134 χείρ.
506 3061 622 3132 Τὴν
642 3062 857 3132 ἄμαχον
881 3070 991 3132 γαρ
1037 3059 1268 3130 δύναμιν
1291 3060 1487 3131 δηλοῦν
1519 3059 1789 3131 βούλεται,
1833 3058 1910 3121 ὡς

329 3132 421 3207 ἐπὶ
446 3152 568 3214 τοῦ,
602 3172 622 3205 t
666 3154 731 3210 Ἦ
760 3155 880 3226 χείρ
906 3171 1000 3207 σου
1031 3153 1156 3226 ἔθνη
1186 3152 1602 3225 ἐξωλόθρευσεν.
1636 3171 1655 3205 ι
1694 3150 1816 3204 Ἐπὶ
1849 3132 1979 3239 δέὈ

331 3243 424 3298 τοῦ
464 3247 748 3318 ἀνωτέρω,
810 3246 891 3311 τὸ,
950 3266 969 3300 ι
1018 3244 1236 3319 ἐἴχείρ
1284 3263 1380 3300 σου
1434 3246 1587 3316 καὶή
1619 3244 1780 3316 βουλή
1814 3261 1910 3298 σου

334 3335 635 3407 προώρισε,
677 3355 697 3388 ι
729 3340 762 3408 ἠ
797 3339 919 3409 χεὶρ
949 3339 1010 3391 τὸ
1045 3340 1184 3408 μετὰ
1211 3337 1372 3407 λόγου
1394 3340 1488 3391 καὶ
1510 3338 1742 3400 δεόντως
1760 3337 1913 3409 παρὰ

334 3426 465 3481 Θεοῦ
492 3428 563 3482 τὰ
618 3431 800 3483 πάντα
849 3430 1197 3499 διεξάγεσθαι
1227 3430 1416 3501 δηλοῖο
1464 3430 1547 3484 ὅτι
1594 3430 1686 3482 καὶ
1710 3430 1848 3499 μόνη
1880 3431 1913 3501 ἡ

336 3516 594 3585 σύνθετος
627 3519 790 3589 φύσις
816 3522 910 3576 καὶ
945 3523 1161 3595 λογικὴ,
1194 3524 1319 3594 ἥτις
1343 3524 1445 3577 οὐκ
1474 3522 1609 3593 ἄλλη
1642 3520 1915 3593 ἢᾶνθρω-

336 3625 456 3676 τως,
517 3612 665 3683 χειρὶ
706 3612 781 3676 ὠς
839 3612 1043 3667 ἐπίπαν
1098 3615 1166 3668 τὰ
1223 3613 1632 3686 χρειωδέστατα
1668 3611 1915 3666 ἐκτελεῖν

337 3699 548 3757 ιῖωθεν.

412 3987 432 4023 ι
499 3968 618 4025 Ἵνα
643 3969 696 4023 τί
725 3968 1002 4041 ἐφρύαξαν
1050 3969 1213 4042 ἔθνη,
1274 3968 1370 4024 καὶ
1416 3969 1538 4024 λαοὶ
1581 3968 1922 4041 ἐμελέτησαν

343 4079 365 4115 ι
402 4063 566 4130 κενά;
597 4063 950 4135 παρέστησαν
977 4065 1027 4119 οὶ
1053 4062 1291 4135 βασιλεῖς
1320 4064 1419 4130 τῆς
1442 4064 1570 4134 γῆς,
1618 4064 1713 4117 καὶ
1736 4063 1785 4115 οἱ
1816 4061 1919 4133 ἄρ-

344 4170 367 4207 ο
396 4170 588 4225 χοντες
625 4156 970 4228 συνήχθησαν
989 4157 1083 4210 ἐπὶ
1112 4156 1173 4209 τὸ
1223 4156 1356 4210 αὐτὸ
1379 4156 1523 4210 κατὰ
1580 4155 1673 4208 τοῦ
1710 4153 1918 4225 Κυρίου

343 4264 368 4300 σ
404 4248 498 4300 καὶ
534 4248 680 4302 κατὰ
742 4248 836 4302 τοῦ
891 4249 1130 4320 Χριστοῦ
1179 4249 1367 4303 αὐτοῦ.
1408 4247 1763 4319 Συνήχθησσν
1812 4251 1924 4317 γὰρ

346 4356 369 4392 ι
405 4340 494 4393 ἐπ’
522 4339 783 4412 ἀληθείας
800 4342 894 4396 ἐπὶ
922 4342 1012 4395 τὸν
1050 4341 1206 4410 ἅγιον
1268 4342 1437 4395 παῖδά
1470 4358 1563 4393 σου
1604 4337 1835 4412 Ἰησοῦν,
1863 4337 1925 4391 ὃν

345 4448 369 4485 ε
408 4430 654 4503 ἔχρισας,
689 4431 931 4504 Ἡρώδης
949 4450 1008 4487 τε
1034 4436 1130 4487 καὶ
1161 4433 1381 4498 Πόντιος
1414 4432 1666 4497 Πιλᾶτος.
1704 4450 1723 4483 ι

418 4609 553 4663 Ποῖα
574 4607 705 4680 ἔθνη
740 4608 1017 4681 ἐφρύαξαν
1046 4610 1191 4664 κατὰ
1219 4610 1313 4665 τοῦ
1355 4610 1630 4685 Χριστοῦ;
1670 4611 1753 4665 Τὰ
1810 4611 1920 4664 τῶν

354 4699 646 4766 Ἰουδαίων,
678 4701 941 4772 δηλονότι.
973 4702 1034 4755 Et
1065 4704 1175 4775 γὰρ
1199 4706 1293 4757 καὶ
1339 4705 1583 4759 Ἰουδαῖοι
1607 4700 1750 4777 ἦσαν
1788 4705 1924 4759 πάν-

341 4811 455 4859 τες,
487 4794 602 4849 ἀλλ’
629 4790 724 4848 οὖν
769 4796 833 4850 ἐκ
874 4795 1151 4866 διαφόρων
1193 4797 1384 4863 ἐθνῶν,
1438 4801 1496 4851 ὲν
1526 4794 1608 4862 οἷς
1665 4795 1806 4870 ἦσαν
1854 4797 1927 4852 δι·

345 4886 705 4958 ἐσπαρμένοι.
724 4888 798 4941 Τὸ
823 4888 898 4953 δὲ,
936 4907 954 4940 ι
980 4890 1211 4959 Ποιῆσαι
1238 4891 1336 4944 ὅσα
1365 4892 1399 4961 ἡ
1431 4892 1554 4961 χείρ
1581 4908 1699 4958 σου,
1722 4910 1741 4942 ι
1763 4907 1922 4944 τουτ-

350 4979 524 5044 έστιν,
565 4981 667 5034 οὐκ
709 4982 863 5034 αὐτοὶ
903 4980 1150 5052 ἴσχυσαν.
1184 4981 1319 5035 ἀλλὰ
1344 4983 1408 5036 σὺ
1440 4979 1536 5037 εἷὸ
1564 4983 1625 5037 τὸ
1667 4984 1774 5037 πᾶν
1801 4986 1926 5037 ἑπι-

346 5063 555 5142 τρέψας
578 5073 676 5127 καὶ
698 5074 778 5136 εἰς
807 5072 983 5145 πέρας
1010 5073 1257 5143 ἀγαγὼν,
1290 5075 1645 5147 ὁιύμήχανος
1700 5080 1795 5129 καὶ
1828 5094 1924 5130 σο-

350 5165 470 5234 φύς.
505 5164 779 5236 Συνῆλθον
815 5167 914 5236 μὲν
942 5165 1051 5236 γὰρ
1081 5167 1279 5221 ἐκεῖνοι
1309 5168 1385 5232 ὡς
1421 5169 1625 5240 ἐχθροὶ,
1675 5169 1772 5223 καὶ
1830 5186 1927 5240 φο‹⁵

348 5258 475 5329 νικῇ
509 5256 853 5329 προαιρέσει,
877 5259 1095 5313 ἐποίουν
1117 5259 1173 5314 δέ
1192 5259 1229 5314 ἃ
1264 5262 1330 5314 σὺ
1357 5261 1602 5318 ἐϐούλου.

431 5459 449 5493 ι
479 5440 583 5495 Σὺν
612 5440 791 5495 ἔθνεσι
815 5441 912 5496 καὶ
946 5441 1098 5506 λαοῖς
1139 5443 1379 5517 Ἰσραήλ.
1422 5462 1441 5496 ι

437 5530 527 5587 Ἐν
564 5531 920 5605 Ἰερουσαλὴμ
951 5535 1192 5609 Ἑϐραῖοι
1217 5537 1359 5609 μετὰ
1378 5539 1606 5610 Καῖάφα
1625 5540 1719 5595 καὶ
1738 5541 1928 5610 Ἄννα,

353 5621 475 5678 λαοὶ
506 5626 645 5695 μετὰ
680 5623 935 5682 Πιλάτου.

412 5804 635 5866 “Pani.
696 5824 926 5876 nam,
982 5809 1041 5865 3.

1998 752 2133 809 bore
2163 769 2228 809 ac
2256 755 2468 825 pudore
2499 755 2702 824 aﬁ‘ecti,
2739 756 2940 811 deinde
2974 758 3235 812 timentes
3266 773 3334 813 ne
3392 757 3461 811 ab
3490 757 3577 811 bis

2007 847 2173 902 etiam
2197 848 2266 903 de
2297 848 2390 903 illo
2417 859 2839 904 accusarentur.

2073 935 2163 1000 IV,
2195 936 2380 994 25.25.
2417 956 2435 989 ι
2471 937 2536 991 Et
2562 936 2957 993 nuntiaverunt
2985 951 3327 1007 quaecunque
3374 935 3441 990 ad
3482 950 3580 992 eos

2006 1046 2026 1080 c
2063 1029 2347 1099 pontiﬁces
2391 1043 2459 1083 ac
2487 1028 2735 1083 seniores
2777 1027 3055 1085 dixerant.
3104 1030 3170 1082 At
3224 1028 3302 1083 illi
3336 1043 3460 1083 cuin
3484 1042 3584 1083 au-

2010 1139 2030 1173 ι
2080 1120 2319 1185 dissent,
2356 1136 2470 1176 uno
2495 1123 2679 1176 animo
2701 1119 3050 1175 elevavernnt
3073 1135 3259 1175 vocem
3294 1120 3359 1175 ad
3389 1119 3582 1185 Deum,

2009 1231 2029 1267 ι
2071 1227 2135 1268 ac
2182 1213 2439 1269 dixerunt
2482 1232 2501 1265 ι
2574 1214 2703 1287 (non
2768 1213 3067 1284 cupiditate
3120 1214 3296 1270 laudis
3374 1213 3582 1269 inducti

2003 1306 2194 1363 istbmc
2214 1313 2669 1369 commemorant,
2703 1305 2800 1361 sed
2832 1305 3032 1359 Christi
3060 1306 3250 1377 gratia:
3297 1307 3452 1376 signa
3483 1305 3579 1360 dc-

2003 1398 2338 1469 monstrant)
2373 1416 2431 1453 :t
2470 1397 2720 1461 Domine,
2745 1403 2804 1451 tu
2833 1411 2892 1451 es
2947 1396 3094 1466 Deus
3123 1397 3214 1467 qui
3262 1396 3574 1451 fecisticm-

2009 1492 2182 1560 clum
2205 1501 2259 1546 et
2298 1500 2525 1558 terram,
2550 1506 2614 1545 ac
2650 1505 2799 1545 mare
2819 1531 2833 1555 ,
2866 1505 3095 1560 qumque
3128 1490 3181 1544 in
3201 1489 3282 1544 eis
3308 1497 3437 1544 sunt
3459 1487 3582 1559 ;qni

2012 1604 2031 1639 ι
2061 1601 2156 1657 per
2184 1601 2247 1642 os
2273 1582 2435 1640 David
2458 1584 2611 1656 pueri
2637 1584 2717 1638 tui
2745 1582 2953 1639 dixisti.
2985 1601 3004 1633 ι

2076 1678 2213 1754 Vide
2245 1692 2410 1751 quam
2460 1675 2713 1731 absoluta
2732 1674 2802 1729 sit
2837 1673 3104 1743 juxtaque
3133 1678 3442 1741 temporum
3474 1682 3572 1723 oc-

2009 1771 2266 1827 casiones
2301 1769 2497 1824 borttm
2526 1766 2794 1839 precatio.
2821 1764 3103 1836 Siquidem
3132 1762 3586 1833 quandodignum

2011 1861 2079 1915 ad
2127 1859 2496 1931 apostolatum
2553 1856 2920 1913 demonstrari
2973 1854 3078 1909 sibi
3118 1851 3432 1922 cupiebant,
3465 1865 3590 1920 pre-

2007 1963 2199 2008 cantes
2229 1951 2532 2008 dicebant:
2567 1948 2672 2014 Tu,
2734 1947 2984 2010 Domine,
3041 1944 3290 2001 cordium
3337 1943 3590 2014 cognitor

2009 2045 2258 2101 omnium
2302 2059 2317 2109 ;
2353 2042 2427 2097 ibi
2459 2042 2605 2097 enim
2649 2039 3101 2111 praecognitiouis
3127 2037 3587 2093 eratnecessitas.

2010 2134 2109 2190 Hic
2154 2133 2649 2203 autem'quoniam
2693 2130 3145 2185 adversariorum
3177 2144 3273 2184 ora
3327 2128 3589 2182 obturare

2009 2226 2322 2296 oportebat,
2388 2242 2406 2275 ι
2455 2223 2702 2290 Domine,
2750 2240 2770 2274 ›
2831 2221 3151 2276 inclamant.
3219 2217 3286 2273 Et
3329 2227 3589 2288 tanquam

2011 2315 2160 2390 pacti
2236 2313 2401 2370 ﬁdem
2452 2313 2520 2369 ab
2581 2328 2646 2368 eo
2694 2312 3063 2384 postulantes,
3131 2309 3474 2382 prophetiam
3533 2308 3589 2363 in

2011 2408 2253 2464 medium
2304 2406 2591 2477 proferunt
2625 2419 2640 2469 ;
2674 2402 2838 2459 simul
2872 2410 2926 2456 et
2957 2402 3170 2474 seipsos
3199 2403 3575 2462 consolantes.

2010 2502 2159 2572 quod
2187 2499 2395 2569 absque
2427 2511 2595 2552 causa
2652 2503 2844 2550 contra
2873 2493 3025 2563 ipsos
3049 2493 3590 2564 vaneque’conaren-

2016 2601 2104 2647 tur
2170 2590 2398 2645 inimici.
2457 2586 2762 2643 Considera
2823 2600 3042 2657 quoque
3103 2593 3158 2640 et
3213 2584 3589 2639 modestiam:

2011 2698 2189 2754 neque
2216 2682 2362 2739 enim
2393 2681 2622 2751 cupiunt
2655 2679 2973 2749 discerpere
3032 2684 3127 2731 aut
3186 2676 3437 2747 perdere,
3469 2674 3592 2735 sed.

2013 2776 2273 2846 Respice,
2303 2774 2585 2845 inquiunt,
2634 2771 2702 2826 ad
2730 2771 2908 2826 minas
2940 2784 3154 2836 eorum,
3201 2779 3255 2823 et
3306 2769 3373 2821 da
3418 2766 3595 2822 servis

2016 2871 2127 2924 tuis
2163 2876 2225 2923 ut
2259 2882 2382 2924 cum
2417 2866 2566 2921 omni
2622 2864 2877 2918 libertate
2931 2874 3241 2917 sermonem
3298 2872 3448 2914 ttttltu
3508 2859 3592 2914 lo-

2016 2973 2301 3032 quantur,
2355 2974 2579 3014 manum
2633 2966 2784 3012 tuam
2824 2956 3173 3028 porrigendo,
3208 2953 3312 3007 hoc
3362 2963 3464 3014 est,
3515 2951 3594 3005 fo-

2017 3054 2198 3110 vendo
2258 3068 2360 3108 nos
2396 3049 2807 3122 inexpugnabili
2863 3056 2955 3102 tua
3009 3046 3275 3117 potentia.
3337 3041 3392 3099 Id
3447 3043 3594 3096 enim

2019 3146 2292 3214 signiﬁcat
2333 3144 2584 3199 bocloeo
2615 3156 2834 3195 manus.
2885 3137 3031 3192 Nult
3081 3136 3229 3192 enim
3256 3136 3594 3203 inexpugna-

2016 3239 2180 3293 bilem
2214 3239 2526 3308 signiﬁcare
2551 3234 2875 3305 potentiam,
2899 3230 3074 3284 veluti
3111 3244 3241 3282 cum
3273 3227 3349 3280 ait
3385 3242 3398 3278 :
3442 3242 3460 3275 ι
3487 3222 3597 3276 Ma-

2019 3348 2125 3387 nus
2158 3338 2254 3385 tua
2311 3339 2501 3400 gentes
2553 3324 2883 3396 disperdidit
2916 3321 2986 3376 “.
3030 3340 3049 3372 ι
3108 3318 3167 3373 Ιιι
3200 3316 3583 3386 superioribus

2020 3431 2203 3479 autem
2250 3421 2457 3484 verbis,
2500 3437 2518 3471 ι
2555 3416 2746 3471 Manus
2780 3423 2874 3468 tua
2898 3419 2954 3468 et
2975 3408 3271 3465 consilium
3308 3414 3460 3459 tuum
3492 3418 3594 3456 an-

2018 3526 2105 3572 tea
2141 3517 2521 3570 decreverant.
2556 3529 2574 3562 ι
2614 3508 2809 3563 Manus
2844 3502 3112 3575 signiﬁcat
3131 3500 3314 3554 omnia
3344 3498 3600 3552 decenter

2018 3618 2074 3665 et
2144 3623 2268 3664 cum
2323 3607 2536 3661 ratione
2590 3619 2618 3656 a
2669 3601 2776 3655 Deo
2844 3596 3126 3659 ordinari,
3175 3592 3434 3664 quoniam
3484 3588 3599 3644 sola

2020 3704 2326 3773 composita
2353 3696 2747 3766 rationalisque
2773 3702 2992 3756 natura,
3024 3705 3146 3760 quae
3192 3703 3300 3743 non
3362 3685 3466 3738 alia
3518 3691 3600 3738 est

2023 3810 2184 3866 quam
2225 3794 2428 3856 homo,
2458 3805 2624 3843 manu
2670 3796 2730 3841 ut
2785 3786 3085 3857 plurimum
3143 3794 3264 3852 qua:
3307 3778 3599 3832 utilissima

2022 3895 2153 3945 sunt
2186 3884 2399 3940 efﬁcere
2420 3884 2579 3939 solet.

2095 3976 2185 4044 iV,
2240 3977 2313 4032 9.5
2345 3966 2437 4030 '27.
2482 3995 2502 4027 ι
2529 3973 2711 4040 Quare
2735 3971 3077 4026 fremuerunt
3120 3965 3372 4021 nationes
3404 3969 3458 4017 et
3492 3974 3594 4029 po-

2030 4069 2198 4143 tpuli
2253 4067 2499 4123 meditati
2571 4071 2700 4119 sunt
2774 4061 3013 4116 inania?
3067 4059 3376 4114 Astiterunt
3442 4067 3599 4119 reges

2031 4182 2050 4217 ι
2096 4172 2259 4218 terra:
2281 4169 2338 4216 et
2373 4157 2653 4230 principes
2697 4158 3075 4222 convenerunt
3127 4151 3180 4204 in
3214 4163 3380 4202 unum
3413 4146 3606 4199 adver-

2033 4275 2053 4310 ι
2100 4271 2198 4312 sus
2257 4252 2548 4307 Dominum
2585 4256 2639 4304 et
2679 4248 2944 4302 adversus
2972 4242 3257 4298 Christum
3292 4240 3433 4307 ejus.
3457 4237 3602 4290 Cun-

2031 4367 2050 4401 ι
2088 4353 2358 4403 venerunt
2391 4345 2536 4399 enim
2590 4355 2720 4396 vere
2774 4338 3041 4393 adversus
3076 4341 3327 4389 sanctum
3373 4343 3602 4399 puerum

2034 4461 2054 4495 ι
2096 4450 2251 4495 tuum
2275 4437 2460 4495 Jesum
2482 4452 2643 4507 quem
2691 4427 3075 4502 umeros,“
3098 4426 3339 4483 llerodes
3357 4422 3520 4481 simul
3549 4426 3606 4475 et

1955 4541 2001 4596 ι)
2034 4552 2055 4587 ι
2096 4533 2328 4590 Pontius
2361 4530 2590 4584 Pilatus.
2623 4546 2642 4579 ι

2087 4625 2347 4692 Quaenam
2374 4623 2625 4676 nationes
2651 4618 2914 4673 adversus
2934 4614 3213 4670 Christum
3236 4607 3608 4667 fremuerunt?

2030 4716 2293 4772 Nationes
2349 4714 2601 4768 videlicet
2664 4710 3000 4765 indecorum.
3064 4707 3198 4761 Nam
3251 4703 3354 4758 etsi
3416 4714 3609 4755 omnes

2034 4809 2204 4865 Juda‘i
2233 4817 2409 4873 erant,
2430 4817 2666 4860 attamen
2691 4821 2752 4859 es
2778 4803 2943 4857 variis
2979 4796 3291 4854 nationibus
3317 4795 3629 4848 veniebant

2035 4905 2179 4957 inter
2243 4916 2382 4972 quas
2427 4897 2664 4968 dispersi
2699 4904 2878 4951 erant.
2910 4911 2929 4944 ι
2968 4891 3037 4945 Ut
3087 4890 3611 4956 iacerentquacun-
3701 4904 3709 4911 -

2034 5010 2141 5066 que
2190 5008 2386 5048 manus
2443 5002 2534 5046 tua
2573 5008 2586 5044 :
2628 5007 2646 5041 ι
2684 4991 2786 5041 hoc
2811 4995 2915 5053 est,
2940 4999 3050 5040 non
3103 4983 3209 5053 ipsi
3258 4979 3607 5052 potuissent,

2035 5086 2130 5143 sed
2160 5098 2215 5141 tu
2240 5101 2299 5141 es
2323 5085 2415 5155 qui
2463 5098 2575 5137 rem
2605 5094 2824 5137 omnem
2857 5077 3212 5149 perinittebas
3247 5083 3302 5129 et
3341 5071 3408 5126 ad
3448 5073 3609 5124 ﬁnem

2036 5177 2585 5244 deducebas,nempe
2613 5172 2855 5242 prudens
2907 5184 2968 5223 ac
3004 5168 3245 5238 sapiens.
3294 5164 3371 5218 llli
3434 5158 3610 5233 siqui-

2036 5274 2158 5326 dem
2182 5276 2551 5324 convenerant
2580 5275 2835 5336 tanquam
2856 5261 3062 5318 inimici
3091 5268 3145 5315 et
3168 5256 3478 5314 truculenta
3515 5267 3614 5309 vo-

2037 5361 2270 5428 luntate,
2292 5360 2385 5417 sed
2430 5359 2704 5414 faciebant
2744 5372 2865 5427 quae
2895 5364 2949 5410 tu
2984 5352 3222 5409 volebas.

2120 5470 2138 5505 ι
2174 5453 2305 5506 Cum
2336 5450 2591 5523 gentibus
2611 5460 2664 5503 et
2693 5447 2908 5518 populis
2941 5444 3128 5500 Israel.
3170 5457 3192 5494 ι

2110 5544 2171 5602 in
2227 5544 2533 5601 Jerusalem
2567 5542 2775 5599 Hebraei
2809 5555 2935 5597 cum
2960 5536 3165 5611 Caipba
3189 5544 3248 5593 et
3295 5536 3475 5600 Anna,
3508 5545 3612 5604 po-

2042 5638 2150 5711 puli
2185 5653 2310 5694 cum
2334 5636 2535 5692 Pilato.
