4058 6548
644 373 716 438 83
1698 385 2104 455 (ECUMENII
2145 395 2451 458 TRICCAI'.’
2481 401 2826 463 EPISCOPI
3842 414 3919 479 84

710 491 819 563 27
841 491 1084 550 Tenebat
1102 501 1380 567 apostolos
1401 511 1524 571 post
1542 504 1809 562 redditam
1829 510 2143 575 sanitatem,
2162 513 2245 565 vel
2276 519 2317 572 Α

640 594 705 633 ex
753 581 1151 652 benevolentia,
1203 590 1361 657 quasi
1408 591 1662 660 plausum
1706 607 1761 651 et
1812 596 2054 655 favorem
2115 600 2224 656 illis

640 672 964 737 concilians.
997 677 1080 731 vel
1111 680 1363 737 omnibus
1399 685 1698 742 ostendens
1729 703 1827 744 eos
1862 691 2038 760 quise
2058 706 2217 746 sana-

641 774 868 831 verant;
891 772 1325 841 autsuspiratus
1347 775 1494 845 quod
1528 779 1573 832 si
1606 779 1673 834 ab
1693 780 1773 837 eis
1797 783 2220 853 relinqueretur,

640 872 862 913 rursum
901 877 928 913 a
964 864 1198 932 pristino
1227 877 1437 923 naturae
1469 871 1602 924 vitio
1643 875 2036 944 corriperctur.
2068 877 2224 932 Arbi-

638 950 884 1005 trabatur
933 954 1076 1010 enim
1127 972 1186 1012 se
1233 969 1462 1017 eatenus
1518 963 1710 1019 morbo
1749 966 2034 1021 liberatum
2073 983 2219 1033 csse,

639 1043 768 1095 dum
797 1043 944 1111 ipsos
975 1055 1212 1121 teneret.
1243 1059 1296 1105 et
1319 1054 1387 1105 ab
1419 1054 1501 1108 cis
1535 1064 1974 1116 contrectaretur
2002 1077 2014 1116 :
2047 1062 2220 1116 maxi-

635 1148 721 1188 me
740 1136 884 1200 quod
919 1136 1203 1196 Petrusita
1248 1144 1400 1197 illttm
1428 1144 1694 1217 ‘erigendo
1716 1164 2027 1207 curaverat.
2075 1170 2095 1204 ι
2132 1154 2217 1208 Ad

636 1230 903 1296 porticum
954 1248 1077 1301 qua:
1110 1234 1401 1292 dicebatur
1447 1238 1778 1299 Solomonis.
1860 1263 1879 1297 ι
1931 1244 2058 1302 Sola
2104 1246 2219 1301 haec

634 1319 882 1387 porticus
919 1335 1254 1393 supererata
1277 1328 1591 1389 Solomonis
1619 1334 2001 1394 aediﬁcatione.
2046 1338 2222 1395 Erus-

632 1419 780 1464 serat
807 1413 951 1468 enim
990 1418 1252 1487 templum
1290 1418 1799 1483 Nabuchodonosor
1835 1448 1847 1484 :
1887 1445 2219 1502 rursumque

630 1501 906 1560 aediﬁcare
930 1505 1174 1575 jusserat
1202 1511 1380 1583 Cyrus
1415 1514 1602 1574 Persa.

702 1592 789 1659 III,
827 1595 912 1652 I2.
972 1617 991 1650 ι
1030 1598 1143 1656 Viri
1181 1603 1453 1673 Israelitaa,
1501 1609 1635 1678 quid
1675 1612 2028 1671 admiramini
2053 1634 2219 1689 super

636 1705 653 1735 ε
697 1686 844 1743 hoc?
870 1701 959 1744 aut
992 1708 1093 1749 nos
1119 1696 1249 1764 quid
1279 1696 1475 1756 defixis
1507 1702 1686 1758 oculis
1710 1704 2025 1773 intuemini,
2057 1686 2217 1780 quasi

636 1797 653 1829 ι
698 1781 925 1850 propria
957 1787 1198 1853 potentia
1225 1797 1322 1843 aut
1369 1791 1634 1865 religione
1662 1796 2009 1857 eﬁ‘ecerimus
2039 1812 2098 1857 ut
2128 1804 2217 1859 hic

634 1888 653 1917 ς
694 1870 1043 1928 ambularet?
1089 1894 1109 1928 ι

700 1960 878 2032 Ipsius
922 1964 1088 2023 Israel
1118 1971 1417 2041 appellatio
1453 1975 1687 2033 duarum
1744 1997 1926 2036 rerum
1972 1988 2217 2056 θυεερ-ιη

632 2053 990 2124 intellectum,
1025 2076 1223 2132 nempe
1258 2063 1438 2122 laudis
1475 2088 1504 2122 κ
1534 2068 1706 2126 Jacob
1738 2074 1825 2128 cui
1865 2077 1937 2129 oh
1966 2053 2058 2132 Dei
2082 2053 2217 2134 obe-

627 2144 890 2201 dientiam
925 2152 1224 2220 appellatio
1248 2155 1414 2213 Israel
1448 2161 1703 2232 adaptata
1733 2174 1840 2232 est,
1884 2170 1953 2220 ab
1985 2169 2213 2226 inferio-

628 2235 782 2292 ribus
835 2237 1100 2297 detractis
1139 2246 1205 2299 ad
1247 2248 1500 2306 sublimia
1527 2292 1542 2315 ,
1583 2255 1852 2322 t'tclestia,
1914 2260 2098 2317 divina
2148 2279 2215 2318 ac

626 2329 990 2401 intelligibilia
1021 2353 1034 2389 :
1063 2346 1117 2392 et
1149 2343 1521 2399 accusationis
1553 2348 1779 2403 seminis
1814 2352 1933 2421 ejus
1966 2354 2034 2409 ab
2059 2357 2211 2413 exitu

623 2436 689 2473 ex
727 2420 988 2494 Egypto,
1007 2430 1150 2494 quod
1177 2446 1453 2501 nunquam
1481 2425 1798 2505 persuaderi
1834 2420 2068 2511 poterat,
2098 2448 2215 2517 ple-

626 2526 754 2566 num
797 2528 1014 2585 semper
1065 2518 1418 2580 irritationis.
1457 2527 1535 2582 Ex
1568 2539 1805 2602 utroque
1845 2550 1975 2608 ergo
2010 2554 2211 2596 nomen

625 2602 792 2659 Israel
836 2604 943 2661 illis
984 2609 1223 2666 tribuit:
1263 2614 1392 2670 hinc
1431 2618 1683 2676 videlicet
1729 2602 2208 2699 erttbcscetttiattt,

620 2697 769 2763 quod
803 2696 913 2753 Deo
954 2716 1063 2755 non
1100 2716 1350 2773 pareant,
1396 2718 1457 2764 ut
1499 2716 1818 2784 progenitor
1849 2735 2037 2776 corum
2072 2723 2212 2780 fece-

623 2794 752 2841 rat:
811 2787 962 2844 illinc
1008 2792 1175 2847 etiam
1231 2798 1615 2867 perditionem,
1662 2816 1722 2860 ut
1766 2809 1861 2878 qui
1912 2811 2207 2884 Egyptum

618 2880 828 2946 egressi
868 2892 997 2936 sunt
1023 2900 1123 2940 nec
1162 2888 1231 2942 ad
1264 2893 1593 2959 promissam
1626 2901 1829 2955 servati
1861 2880 2208 2962 suntV—hane-

616 2968 842 3026 ditatem
870 2991 885 3027 :
916 2973 1147 3044 quorum
1189 2977 1424 3038 duorum
1454 2988 1867 3066 rem‘iniscetttia
1890 3010 1986 3066 per
2007 3012 2206 3056 nomen

617 3059 788 3118 Israel
825 3062 991 3128 facta,
1041 3067 1204 3139 hujus
1237 3072 1457 3143 quidem
1488 3058 1748 3147 praebebit
1773 3058 2204 3155 mmulationem,

617 3149 839 3211 illorum
870 3172 1001 3213 vero
1025 3161 1352 3220 imitationis
1387 3163 1597 3238 fugam,
1640 3171 1841 3230 timore
1869 3177 2064 3233 similis
2088 3195 2205 3249 pcr-

2236 1879 2287 1939 B

2431 515 2687 585 Ἐκράτει
2721 518 2846 578 τοὺς
2872 531 3205 582 αποστοιιους
3240 536 3378 590 μετα
3400 519 3496 593 τὴν
3542 521 3706 586 ἴασιν,
3735 525 3768 598 ἢ
3811 526 3923 580 ἀπὸ

2332 609 2550 671 εὐνοίας
2580 607 2769 677 ὥσπερ
2799 609 3077 679 εὐφημίαν
3113 611 3296 675 αὐτοῖς
3325 612 3559 677 πλέκων,
3589 615 3686 670 καὶ
3717 616 3923 670 ἐπιδει-

2322 702 2452 765 κνὺς
2468 700 2641 755 ἅπασι
2656 701 2783 763 τοὺς
2800 700 3074 771 σωτῆρας,
3092 701 3125 774 ἦ
3142 703 3380 758 ὑπονοῶν
3393 704 3521 769 ὼς,ε
3532 706 3918 778 ίάπολειφθείη

2322 795 2522 856 αὐτῶν,
2557 794 2719 848 πάλιν
2743 794 2850 847 ὑπὸ
2869 792 2964 846 τοῦ
2990 794 3196 858 πάθους
3224 796 3631 869 καταληφθείη.
3665 798 3917 870 Ἐνόμιζε

2321 887 2431 958 γὰρ
2456 887 2618 957 μέχρι
2643 885 2835 939 τούτου
2867 886 3214 957 ἀπηλλάχθαι
3234 887 3330 941 τοῦ
3363 889 3591 955 πάθους,
3613 892 3806 960 μέχρις
3845 892 3918 945 ἂν

2322 977 2531 1050 κατέχῃ
2555 977 2775 1040 αὐτοὺς,
2796 978 2893 1030 καὶ
2915 978 3224 1049 ἐφάπτηται
3242 977 3442 1042 αὐτῶν,
3460 980 3696 1049 μάλιστα
3710 980 3791 1033 ὃτι
3817 981 3916 1033 καὶ

2323 1071 2580 1142 ὀΠέτρος
2626 1070 2908 1140 κρατήσας
2960 1070 3116 1123 αὑτὸν
3148 1070 3322 1134 οὕτως
3367 1073 3573 1127 ἰάσατο.
3624 1091 3643 1124 ι
3684 1074 3808 1127 Ἐπὶ
3843 1078 3911 1147 τῇ

2321 1164 2453 1234 στοᾷ
2473 1166 2536 1233 τῇ
2558 1163 2888 1236 καλουμένῃ.
2932 1182 2951 1214 ι
2982 1162 3130 1232 Αὖτη
3150 1163 3284 1233 μόνη
3310 1164 3440 1217 στοά
3476 1164 3662 1219 ἵστατο
3687 1166 3795 1218 ἀπὸ
3808 1166 3913 1235 τῆς

2323 1256 2672 1323 κατασκευῆς
2722 1252 3091 1323 Σολομῶντος.
3151 1254 3451 1327 Ἐνέπρησε
3505 1257 3617 1326 γὰρ
3659 1256 3719 1308 τὸ
3763 1257 3914 1327 ἱερὸν

2320 1345 2828 1417 Ναϐουχοδονόσωρ,
2888 1347 2982 1400 καὶ
3022 1346 3339 1419 ᾠκοδόμησε
3374 1347 3556 1417 Κῦρος
3598 1334 3626 1401 ὅ
3667 1349 3908 1421 Πέρσης.

2397 1636 2415 1668 ι
2462 1616 2688 1686 ’Λνδρες
2728 1617 3081 1688 Ἰσραηλῖται,
3113 1618 3167 1671 τί
3202 1618 3513 1687 θαυμάζετε
3563 1620 3658 1674 ἐπὶ
3689 1620 3905 1692 τούτῳς

2326 1724 2346 1757 ε
2383 1706 2416 1777 ἢ
2451 1706 2660 1777 ἡμῖντί
2686 1707 2969 1772 ἀτενίζετε
3015 1709 3092 1771 ὡς
3145 1708 3254 1779 ίδίᾳ
3290 1708 3544 1780 δυνάμει,
3580 1709 3612 1781 ἢ
3648 1710 3907 1781 εὐσεϐείᾳ

2327 1817 2345 1851 ι
2382 1799 2736 1870 πεποιηκόσι,
2761 1799 2856 1853 τοῦ
2879 1804 3206 1871 περιπατεῖν
3225 1803 3422 1871 αύτόνς
3456 1821 3475 1855 ι
3541 1856 3551 1866 ,

2404 1979 2469 2033 Ἦ
2498 1983 2592 2033 τοῦ
2626 1979 2845 2052 Ἰσραὴλ
2905 1981 3246 2053 προσηγορία
3276 1982 3459 2050 διττὴν
3481 1982 3773 2036 ὑποϐάλλει
3803 1983 3906 2055 τὴν

2319 2072 2548 2143 ἔκληψιν
2600 2089 2614 2104 ο
2649 2073 2895 2137 ἐπαίνου,
2956 2074 3065 2126 ἀπὸ
3097 2073 3191 2126 τοῦ
3236 2072 3452 2140 Ἰακὼϐ,
3561 2073 3905 2139 θεοπειθείας

2317 2165 2477 2234 χάριν
2510 2166 2542 2234 ἡ
2571 2164 2664 2217 τοῦ
2703 2163 2918 2236 Ἰσραὴλ
2956 2165 3352 2237 προσηρμὼθη
3390 2167 3751 2238 προσηγορία,
3791 2167 3905 2220 άπὸ

2315 2256 2425 2308 τῶν
2453 2258 2600 2311 κάτω
2651 2258 2966 2329 συρομένων
2995 2259 3085 2311 ἐπὶ
3111 2260 3180 2312 τὰ
3231 2260 3459 2331 οὐράνια
3513 2262 3606 2313 καὶ
3656 2261 3773 2313 θεῖα
3803 2263 3904 2314 καὶ

2314 2348 2483 2419 νοητά
2537 2349 3029 2421 διαπορθμευθεὴα
3089 2350 3240 2421 ὕψη·
3292 2351 3573 2421 μέμψεως,
3634 2352 3742 2406 ἀπὸ
3796 2352 3899 2423 τῆι,

2316 2441 2500 2506 ἐξόδου
2526 2444 2623 2511 τῆς
2656 2442 2716 2509 ἐξ
2745 2443 3026 2512 Αἰγύπτου
3056 2445 3150 2497 τοῦ
3199 2445 3514 2516 σπέρματος
3563 2444 3730 2499 αὐτοῦ
3769 2445 3900 2499 δυσ-

2315 2533 2535 2603 αγὼγου
2583 2536 2676 2589 καὶ
2708 2536 2970 2600 ἁπειθοῦς
3024 2537 3119 2590 καὶ
3158 2538 3629 2609 παραπικρασμοῦ
3673 2537 3894 2609 μεστοῦ.

2326 2625 2417 2691 Ἐξ
2443 2628 2712 2698 ἐκατέρου
2764 2627 2947 2682 τοίνυν
2979 2628 3038 2681 τὸ
3078 2628 3295 2700 Ἰσραὴλ
3323 2628 3495 2699 ὄνομα
3541 2629 3725 2692 αὐτοῖς
3754 2646 3899 2701 παρ·

2312 2718 2425 2789 ἐχει
2487 2718 2773 2792 αἰσχύνην,
2827 2719 2902 2790 μὴ
2950 2718 3323 2773 θεοπειθοῦσιν
3362 2720 3439 2783 ὡς
3484 2721 3513 2773 ὁ
3592 2720 3893 2792 προπάτωρ

2311 2809 2609 2877 ἀπώλειαν,
2640 2811 2718 2876 ὡς
2777 2813 2827 2866 οί
2858 2812 2918 2877 ἐξ
2969 2811 3246 2881 Αίγύπτου
3283 2811 3360 2883 μὴ
3405 2813 3471 2882 τῇ
3504 2812 3893 2884 ἐπηγγελμένῃ

2309 2901 2682 2966 ἀνασωθέντες
2731 2902 3078 2974 κληροδοσίᾳ.
3110 2897 3212 2954 Ὧν
3246 2901 3520 2975 ἑκατέρων
3578 2901 3892 2972 ὑπόμνησις

2307 2991 2398 3046 διὰ
2416 2991 2507 3045 τοῦ
2529 2992 2793 3062 ὀνόματος
2823 2993 3148 3062 ἐγγινομένη
3167 3032 3181 3056 ,
3210 2989 3304 3045 τοῦ
3331 2992 3431 3061 μὲν
3457 2989 3617 3061 ζῆλον
3639 2991 3893 3060 παρέξει,

2307 3084 2415 3138 τῶν
2441 3084 2496 3138 δὲ
2521 3086 2619 3156 τὴν
2664 3084 2898 3157 μίμησιν
2919 3084 3009 3139 διὰ
3032 3085 3126 3139 τὸν
3155 3084 3340 3155 ὅμοιον
3370 3083 3489 3137 ὅλεθ
3500 3101 3591 3154 ρον
3608 3084 3896 3154 ἐκφυγεῖν,

2308 3178 2372 3231 ἐκ
2411 3178 2680 3250 προσοχῆς
2723 3177 2832 3230 τῶν
2873 3175 3307 3249 λεχθησομένων.
3345 3176 3609 3241 Πλείονος
3657 3176 3715 3229 δὲ
3746 3174 3888 3246 αὕτη

614 3244 870 3312 ditionis,
913 3264 980 3304 ex
1021 3255 1323 3311 attentione
1364 3237 1588 3314 eorum",
1613 3279 1732 3332 qua:
1778 3266 2008 3352 dicenda
2050 3237 2203 3332 sunt.

2307 3237 2468 3341 γέμει
2510 3237 2971 3341 τῆξῖταρρησιαὲ
3097 3237 3430 3352 δημηγορία,
3466 3273 3564 3338 οὐχ
3591 3269 3675 3321 ὅτι
3721 3270 3777 3321 ἐν
3820 3269 3891 3339 τῇ

614 3334 741 3393 Haec
771 3349 954 3397 autem
980 3347 1172 3400 concio
1197 3349 1389 3419 majori
1409 3352 1624 3410 dicendi
1643 3356 1899 3416 libertate
1915 3344 2074 3432 plena
2098 3373 2203 3420 est:

616 3441 727 3481 non
759 3430 982 3499 quodin
1018 3435 1188 3506 priori
1222 3448 1542 3510 terreretur,
1563 3446 1657 3500 sed
1680 3430 1940 3517 quoniam
1970 3468 2095 3507 cum
2126 3455 2201 3510 illi

612 3523 741 3577 saevi
769 3534 951 3580 essent
972 3530 1296 3599 etimprohi,
1321 3549 1669 3608 nequaquam
1700 3542 1973 3602 tulissent.
2000 3547 2204 3604 Deinde

612 3614 760 3670 illam
797 3618 1019 3687 quidem
1054 3621 1346 3694 incipiens,
1377 3644 1474 3698 per
1493 3635 1819 3700 prooemium
1839 3640 2199 3697 attentionem

610 3708 666 3762 in
724 3709 833 3765 illis
883 3712 1321 3781 etiicit,dicens:
1375 3721 1491 3778 Iloc
1542 3725 1704 3783 vobis
1758 3739 1949 3784 notum
2005 3732 2097 3799 sit,
2146 3743 2201 3788 et

611 3801 842 3857 auribus
880 3805 1151 3875 percipite
1181 3809 1347 3865 verba
1381 3827 1499 3867 mea
1531 3831 1548 3870 :
1591 3816 1680 3871 hic
1697 3833 1829 3873 vero
1866 3820 1958 3875 tali
1990 3838 2203 3895 praepa-

615 3896 825 3953 ratione
881 3915 989 3954 non
1037 3916 1175 3971 Oplls
1201 3913 1308 3969 est,
1344 3922 1521 3977 neque
1566 3911 1711 3965 enim
1761 3914 2072 3984 torpebant,
2101 3918 2197 3972 sed

609 3989 828 4059 signum
871 3991 925 4045 in
957 3993 1154 4049 claudo
1183 3996 1385 4051 factum
1424 4014 1619 4058 onmes
1665 4004 1905 4059 reddidit
1934 4016 2195 4076 attentos,

607 4090 663 4135 et
703 4081 920 4139 timoris
965 4101 1030 4140 ac
1068 4092 1770 4164 cousternationisplenos
1813 4097 2016 4154 eIi‘ecit.
2063 4101 2197 4158 Vide

606 4182 790 4226 autem
841 4178 1118 4243 quomodo
1163 4182 1431 4250 repellens
1470 4200 1624 4240 suam
1674 4185 1920 4257 ipsorum
1967 4190 2193 4260 gloriam

606 4273 769 4328 quam
809 4262 983 4335 signis
1024 4271 1263 4324 assecuti
1304 4283 1483 4340 erant,
1528 4275 1664 4329 nihil
1719 4280 1899 4349 magni
1950 4280 2019 4336 de
2057 4281 2194 4350 ipsis

607 4352 870 4421 loquitur.
908 4354 1186 4427 Siquidem
1220 4363 1310 4431 qui
1346 4365 1594 4422 modeste
1624 4370 1792 4423 sentit
1818 4371 1886 4427 de
1917 4374 2193 4440 praeclaris

608 4442 732 4501 suis
756 4447 1036 4516 operibus,
1067 4454 1241 4522 magis
1280 4455 1508 4510 attrahit
1537 4457 1864 4515 auditorem.
1898 4461 2026 4519 Ideo
2055 4481 2192 4535 quo-

2308 3364 2550 3435 προτέρᾳ
2585 3363 2854 3433 ἐφοϐεῖτο,
2907 3364 3024 3418 ἀλλ’
3085 3364 3274 3435 ἐπειδὴ
3316 3362 3545 3434 χαλεποὶ
3600 3361 3754 3427 ὅντες
3792 3361 3891 3415 καὶ

2312 3456 2498 3525 ἰταμοὶ
2525 3455 2627 3509 οὐκ
2655 3453 2722 3508 ἂν
2766 3455 3006 3527 ἤνεγκαν
3048 3457 3268 3510 ἐκεῖνοι.
3309 3456 3405 3509 Ἐκ
3431 3454 3626 3508 τούτου
3666 3452 3887 3521 ἐκείνης

2309 3546 2407 3617 μὲν
2461 3546 2795 3617 ἀρχόμενος,
2830 3547 3164 3617 ἐπιστροφὴν
3196 3548 3379 3610 αὐτοῖς
3436 3544 3739 3614 ἐργάζεται
3797 3542 3889 3598 διὰ

2301 3636 2397 3690 τοῦ
2430 3637 2738 3708 προοιμίου,
2776 3637 2945 3690 Τοῦτο
2988 3638 3117 3707 ὑμῖν
3152 3637 3411 3704 γνωστὸν,
3464 3636 3661 3705 λέγων,
3719 3634 3884 3698 ἔστω,

2303 3732 2399 3782 καὶ
2450 3729 2778 3783 ἐνωτίσασθε
2827 3729 2895 3782 τὰ
2951 3731 3175 3800 ῥήματά
3237 3744 3378 3800 μου·
3429 3728 3663 3782 ἐνταῦθα
3705 3726 3762 3781 δὲ
3820 3727 3885 3780 ού

2302 3822 2475 3875 δεῖται
2532 3822 2635 3890 τῆς
2683 3821 2941 3890 τοιαύτης
2999 3820 3372 3884 κατασκευῆς.
3415 3821 3489 3874 Οὐ
3535 3819 3644 3889 γὰρ
3686 3817 3888 3890 ἐρᾳθύ·

2305 3926 2461 3980 μουν,
2486 3908 2633 3979 ἀλλὰ,
2668 3909 2728 3962 τὸ
2770 3910 2995 3979 σημεῖον
3045 3909 3140 3962 τοῦ
3189 3907 3366 3979 χωλοῦ
3418 3906 3752 3976 ἐπέστρεψεν
3782 3906 3887 3958 αύ-

2298 4001 2424 4064 τοὺς
2480 3980 2761 4067 ἅπαντας,
2808 4001 2902 4053 καί⁸
2950 4001 3104 4064 δέους
3148 4001 3244 4055 καὶ
3285 4000 3602 4070 ἐκπλήξεως
3658 3998 3886 4069 ἐποίησε

2301 4092 2555 4164 μεστούς.
2584 4093 2727 4163 Ὅρα
2767 4093 2822 4146 δὲ
2869 4092 2985 4157 πῶς
3019 4093 3109 4147 διὰ
3150 4094 3243 4146 τού
3288 4090 3739 4164 παρακρούεσθαι
3783 4088 3885 4161 τὴν

2301 4185 2428 4256 περὶ
2458 4185 2635 4239 αὐτῶν
2662 4184 2819 4250 δόξαν
2848 4186 2944 4256 τὴν
2968 4186 3072 4239 »διὰ
3103 4185 3212 4238 τῶν
3264 4186 3529 4257 σημείων,
3563 4186 3720 4238 οῦδὲν
3752 4182 3885 4251 περὶ

2298 4283 2507 4337 ἑαυτῶν
2534 4282 2832 4353 φθέγγεται
2869 4282 3032 4352 μέγα,
3069 4281 3165 4335 ἂτε
3200 4281 3295 4334 τοῦ
3346 4283 3437 4335 ἐπὶ
3484 4280 3743 4351 μεγάλοις
3766 4281 3882 4341 τοῖς

2295 4375 2490 4430 ἑαυτοῦ
2560 4375 3013 4446 κατωρθωμένοις
3078 4373 3650 4444 ταπεινοφρονοῦντος,
3717 4369 3882 4423 πλέον

2296 4468 2663 4539 ἐφελκομένου
2696 4468 2788 4521 τὸν
2821 4467 3119 4539 ἀκροατήν.
3169 4465 3372 4533 Διόπερ
3406 4465 3501 4518 καὶ
3524 4462 3677 4518 αὐτοὶ
3708 4456 3883 4515 mea”—

605 4555 714 4610 que
752 4541 855 4611 ipsi
884 4553 1198 4616 contempta
1236 4548 1474 4608 humana
1505 4552 1679 4623 gloria
1714 4556 1928 4627 seipsos
1957 4561 2192 4633 amplius

2307 4562 2670 4634 φρονήσαντες
2710 4562 2809 4633 τῆς
2851 4560 3206 4631 ἀνθρωπίνης
3236 4558 3419 4629 δόξης,
3452 4556 3662 4626 μᾶλλον
3694 4554 3881 4619 ἐδόξα-

603 4630 1003 4702 glorificabant,
1018 4638 1131 4709 28
1142 4654 1251 4694 non
1267 4641 1564 4698 humanum
1583 4645 1676 4700 scd
1693 4648 1943 4703 divinum
1957 4666 2079 4707 esse
2092 4653 2187 4708 dc-

604 4734 977 4781 monstrantes
1006 4731 1151 4798 quod
1177 4728 1380 4786 factum
1413 4746 1553 4791 erat.
1593 4755 1611 4788 ‹
1643 4736 1810 4804 Quasi
1846 4743 2064 4812 pr0pria
2090 4759 2187 4816 po-

601 4814 795 4867 tentia.
836 4835 857 4869 ι
891 4817 1282 4878 Animadverte
1303 4826 1446 4894 quod
1478 4827 1554 4882 ait
1583 4844 1692 4885 non
1728 4835 1970 4902 potentia
1992 4814 2188 4892 huma-

603 4918 673 4960 na
705 4905 851 4965 hunc
882 4910 1092 4969 salvum
1130 4914 1331 4971 factum
1365 4933 1509 4985 esse,
1525 4921 1619 4976 sed
1655 4922 1863 4980 divina.
1893 4924 2187 4986 Nazarmus

603 4996 771 5066 igitur
793 4996 940 5056 Deus
969 5010 1057 5058 est
1097 5006 1258 5077 cujus
1292 5024 1493 5064 nomen
1530 5012 1683 5067 illum
1712 5017 1947 5071 curavit.

677 5088 978 5155 ΝΛΞ-15.
1020 5114 1039 5147 ι
1078 5094 1223 5153 Deus
1268 5100 1546 5158 Abraham
1597 5112 1653 5159 et
1700 5103 1852 5161 Isaac
1896 5118 1951 5162 ct
1987 5107 2188 5177 Jacoh,

610 5200 628 5231 ι
671 5179 814 5238 Deus
847 5193 1060 5254 patrum
1085 5199 1400 5247 nostrorum
1440 5194 1771 5265 gloriﬁcavit
1794 5194 1992 5250 Filium
2026 5213 2185 5253 suum

609 5290 627 5321 ε
672 5270 859 5329 Jesum
892 5314 908 5339 ,
945 5291 1106 5346 quem
1141 5295 1238 5337 vos
1276 5284 1604 5351 tradidistis,
1638 5301 1703 5341 ac
1734 5289 1974 5356 negastis
2005 5288 2184 5359 ipsum

606 5384 625 5417 ι
669 5382 854 5423 coram
879 5367 1075 5438 Pilato,
1118 5387 1243 5427 cum
1281 5374 1373 5430 ille
1417 5377 1815 5435 absolvendum
1847 5379 2179 5449 iudicasset.

606 5480 626 5512 ο
670 5459 780 5517 Vos
809 5469 992 5519 autem
1026 5475 1274 5522 sanctum
1306 5475 1363 5522 et
1388 5468 1596 5536 justum
1623 5460 1881 5541 negastis,
1904 5480 1959 5526 et
1992 5483 2183 5542 postu-

603 5574 623 5603 ι
670 5554 826 5610 lastis
850 5565 909 5609 ut
933 5557 1108 5612 virum
1152 5558 1484 5613 homicidam
1516 5558 1746 5616 donaret
1768 5550 1959 5625 vobis,
1991 5575 2183 5621 aucto-

604 5663 623 5695 ι
670 5661 779 5701 rem
812 5662 943 5703 vero
968 5649 1093 5704 vitae
1118 5648 1497 5714 interfecistis,
1533 5666 1695 5722 quem
1730 5654 1872 5707 Deus
1894 5656 2183 5711 suscitavit

605 5754 625 5788 ι
666 5752 697 5791 a
726 5739 979 5805 mortuis,
1013 5741 1174 5812 cujus
1203 5736 1307 5798 nos
1336 5752 1505 5800 testes
1544 5736 1758 5800 sumus.
1802 5764 1819 5797 ι

665 5830 861 5886 Adhuc
892 5832 1279 5892 humilioribus
1310 5834 1479 5891 haeret
1518 5843 1625 5889 tam
1670 5837 1721 5890 in
1759 5836 1844 5892 his
1872 5853 1994 5908 quae
2029 5840 2181 5913 ipsos

2287 4673 2385 4709 σαν
2427 4654 2673 4717 ἑαυτοὺς,
2704 4653 2803 4707 οὐκ
2834 4652 3195 4721 ἀνθρώπινον,
3232 4649 3366 4703 ἀλλὰ
3408 4649 3548 4701 θεῖον
3573 4647 3632 4700 τὸ
3655 4648 3883 4715 γεγονὸς

2284 4744 2580 4811 δείξαντες.
2612 4732 2758 4807 ι”Ως
2790 4742 2898 4813 ἰδίᾳ.
2932 4741 3181 4809 δυνάμει.
3222 4757 3241 4791 ι
3269 4737 3508 4809 Πρόσεχε
3534 4735 3611 4807 τῷ
3642 4735 3877 4806 εἰρημέ-

2290 4856 2385 4910 νῳ,
2420 4837 2501 4891 ὅτι
2539 4837 2597 4888 οὐ
2621 4836 2849 4905 δυνάμει
2881 4833 3198 4906 ἀνθρωπίνῃ
3222 4832 3372 4900 λέγει
3405 4828 3571 4882 αὑτὸν
3630 4829 3872 4898 ἰαθῆναι,

2292 4928 2428 4982 ἀλλὰ
2464 4928 2608 4999 θείᾳ.
2634 4926 2765 4990 Θεὸς
2795 4925 2888 4980 οὖν
2918 4928 2946 4979 ὁ
2989 4924 3335 4996 Ναζωραῖος,
3366 4913 3427 4975 οὗ
3468 4920 3527 4974 τὸ
3555 4919 3725 4992 ὄνομα
3751 4920 3873 4975 ἐθε-

2294 5018 2469 5090 ράπευ
2480 5034 2569 5070 σεν
2596 5017 2780 5070 αὐτόν.

2370 5129 2390 5161 ι
2434 5110 2493 5163 Ὀ
2538 5108 2671 5172 Θεὸς
2718 5105 2969 5181 Ἀϐραὰμ
3023 5110 3116 5163 καὶ
3180 5108 3364 5165 Ἰσαάκ
3415 5112 3507 5167 καὶ
3566 5108 3796 5170 Ἰακὼϐ,
3845 5109 3877 5163 6

2298 5221 2317 5253 ι
2354 5201 2487 5266 Θεὸς
2510 5202 2617 5255 τῶν
2641 5203 2894 5273 πατέρων
2924 5202 3080 5273 ἡμῶν
3116 5202 3337 5267 ἐδόξασε
3374 5201 3465 5257 τὸν
3500 5202 3674 5258 Παῖδα
3703 5198 3873 5254 αὑτοῦ

2298 5312 2316 5344 ι
2353 5293 2580 5363 Ἰησοῦν,
2594 5293 2653 5346 ὃν
2671 5294 2828 5364 ὑμεῖς
2847 5293 3229 5362 παρεδώκατε,
3251 5296 3343 5347 καὶ
3359 5293 3676 5366 ἠρνήσασθε
3703 5292 3872 5346 αὑτὸν

2296 5401 2314 5432 ι
2356 5383 2498 5436 κατὰ
2549 5382 2837 5454 πρόσωπον
2866 5382 3123 5448 Πιλάτου,
3157 5383 3445 5454 κρίναντος
3474 5382 3686 5437 ἐκείνου
3721 5384 3901 5441 ἀποο,

2293 5494 2311 5525 ι
2350 5474 2518 5528 λύειν.
2563 5474 2753 5546 Ὑμεῖς
2770 5475 2826 5529 δὲ
2854 5477 2947 5529 τδν
2993 5478 3148 5545 ἆγιον
3179 5477 3274 5530 καὶ
3302 5477 3510 5531 δίκαιον
3530 5473 3868 5547 ἠρνήσασθε,

2289 5585 2308 5618 ς
2349 5568 2442 5620 καὶ
2470 5567 2746 5638 ᾐτήσασθε
2764 5569 2935 5641 ἄνδρα
2964 5569 3128 5638 φονέα
3156 5570 3482 5641 χαρισθῆναι
3511 5570 3661 5640 ὑμῖν,
3689 5566 3781 5622 τὸν
3802 5566 3868 5625 δέ

2288 5677 2306 5709 ι
2344 5657 2584 5734 ἀρχηγὸν
2610 5660 2705 5730 τῆς
2729 5660 2878 5731 ζωῆς
2909 5660 3293 5725 ἀπεκτείνατε,
3325 5660 3385 5715 ὃν
3411 5663 3439 5714 ὁ
3481 5658 3613 5724 Θεὸς
3643 5657 3869 5730 ἤγειρεν

2290 5769 2307 5800 ι
2348 5752 2410 5803 ἐκ
2446 5750 2678 5823 νεκρῶν,
2715 5745 2775 5806 οὗ
2808 5753 2969 5824 ﬁta-.2;
3002 5753 3275 5824 μάρτυρές
3312 5755 3498 5822 ἐσμεν.
3535 5771 3554 5804 ι

2366 5843 2484 5896 Ἔτι
2508 5844 2617 5896 τῶν
2647 5843 3044 5915 ταπεινοτέρων
3100 5845 3303 5915 ἶχεται,
3342 5845 3444 5900 τῶν
3494 5846 3621 5917 περὶ
3668 5845 3867 5909 αὐτοὺς
