4058 6548
287 453 360 518 85
1236 453 1616 515 COMMENT.
1650 455 1727 513 ΙΝ
1771 453 1958 513 ACTA
1996 454 2567 517 APOSTULURUM.
3463 461 3540 523 86

285 570 380 624 καὶ
425 567 698 640 Χριστοῦ’
742 569 869 638 περὶ
921 570 1163 633 ἑαυτοὺς,
1219 569 1306 622 διὰ
1343 569 1439 623 τοῦ
1487 572 1683 632 εἰπεῖν,
1739 569 1861 639 οὐχὶ

1965 579 2327 636 concernont,
2354 586 2515 642 quam
2549 585 2668 641 qua:
2702 569 2977 625 Christum
3021 571 3356 641 respiciunt:
3390 571 3542 641 ipsos

289 661 396 732 ιδίᾳ
427 661 656 730 δυνάμει
689 661 1172 732 θαυματουργῆσαι
1194 679 1207 692 ο
1241 663 1368 733 περὶ
1402 662 1637 734 Χριστοῦ
1680 661 1758 728 δέ,
1783 661 1862 732 τῷ

284 753 602 823 προσθεῖναι
629 755 732 805 τὸν
766 754 966 806 παῖδα·
997 748 1054 806 ού
1082 755 1189 826 γάρ
1239 755 1299 806 τὸ
1347 755 1732 821 αὑτοδόξαστον
1785 754 1862 806 ἔνι

285 847 608 917 προσθήκην
652 847 810 915 δόξης
853 847 1053 899 λαϐεῖν.
1099 846 1456 910 Ταπεινὼσας
1494 845 1586 899 οὖν
1626 847 1685 899 τὸ
1731 847 1855 900 καθ’

292 937 522 999 ἑαυτοὺς
553 937 644 990 καὶ
666 937 929 1008 Χριστὸν,
954 937 1172 1007 ἐπαίρει
1198 939 1258 992 τὸ
1288 939 1394 990 τῶν
1421 938 1689 991 Ἰουδαίων
1721 938 1862 991 κατά

283 1028 527 1100 Χριστοῦ
555 1029 832 1099 τόλμημα,
880 1031 972 1082 καὶ
1013 1029 1074 1081 ού
1110 1030 1424 1093 συσκιάζων
1475 1030 1550 1092 ὼς
1587 1030 1646 1082 τὸ
1670 1031 1864 1098 πρότε-

286 1135 401 1188 ρον.
436 1119 610 1172 Τοῦτο
660 1118 716 1170 δὲ
761 1121 931 1182 ποιεῖ,
983 1119 1182 1188 μᾶλλον
1227 1119 1426 1182 αὐτοὺς
1486 1119 1863 1188 ἐπαγαγέσθαι

285 1213 634 1284 βουλόμενος.
670 1214 834 1268 Ὅσον
866 1213 974 1284 γὰρ
1012 1215 1222 1267 ἐδείκνυ
1270 1215 1470 1278 αὐτοὺς
1506 1215 1860 1281 ὑπευθύνους,

283 1305 538 1359 τοσοῦτον
568 1306 765 1376 μᾶλλον
783 1305 940 1360 τοῦτο
964 1307 1192 1375 ἐγίνετο.
1222 1306 1317 1359 Διά
1342 1307 1397 1360 δὲ
1412 1307 1558 1370 τοῦ,‹
1577 1310 1672 1362 Ὃν
1703 1309 1863 1377 ὑμεῖς

284 1397 639 1466 παρεδώκατε
697 1398 790 1451 καὶ
829 1399 1162 1468 ἠρνήσασθε,
1226 1419 1244 1452 ι
1297 1399 1389 1452 δύο
1428 1399 1495 1452 τά
1519 1399 1858 1470 ἐγκλήματα.

283 1489 504 1559 Πιλάτῳ
557 1506 615 1541 τε
660 1489 768 1560 γάρ
828 1490 1149 1559 παρέδωκαν
1200 1493 1281 1552 εἰς
1331 1491 1529 1560 φόνον,
1581 1492 1860 1555 εἰπόντες·

289 1600 310 1633 ι
361 1581 526 1650 Ἡμῖν
563 1581 752 1634 ούδένα
783 1581 987 1648 ἔξεστιν
1009 1584 1349 1635 ἀποκτεῖναιο
1381 1603 1398 1634 ι
1452 1584 1758 1653 ἠρνήσαντο
1804 1583 1861 1636 δὲ

284 1672 606 1742 κράζοντες,
643 1692 662 1724 ι
714 1674 827 1726 Οὐκ
854 1674 1048 1744 ἔχομεν
1093 1674 1317 1744 βασιλέα
1342 1675 1390 1727 εί
1423 1674 1496 1745 μὴ
1527 1675 1798 1746 Καίσαρα.
1835 1693 1852 1727 ι

297 1763 460 1817 ’Δλλά
483 1781 547 1832 γε
577 1765 640 1832 δὴ
673 1764 766 1817 καὶ
820 1766 1050 1818 Πιλάτου
1084 1765 1345 1834 ’Ἕλληνος
1381 1765 1554 1830 ὄντος,
1592 1767 1684 1818 καὶ¹
1725 1767 1862 1837 μήτε

285 1858 516 1926 σημεῖον
546 1857 681 1927 πρὸς
734 1856 972 1928 Χριστοὶ
1029 1857 1352 1927 ἑωρακότος,
1404 1858 1540 1927 μήτε
1569 1858 1862 1928 προφητῶν

283 1919 604 2016 ἀπηκοότος-
622 1949 748 2018 περὶ
778 1919 1037 2018 Χριστού,
1071 1919 1162 2000 καὶ
1182 1919 1507 2017 βουλομένου
1532 1919 1702 2017 αὑτὸν
1725 1919 1861 2003 ἀπο·
1887 1919 1936 1979 Β

283 2038 457 2101 λύειν,
479 2040 636 2092 αὐτοὶ
665 2043 760 2093 καὶ
798 2040 1320 2110 θαυματουργοῦντα
1340 2040 1573 2111 Χριστὸν
1607 2041 1860 2111 τεθεαμέο

283 2149 386 2197 νοι,
417 2135 514 2184 καὶ
539 2133 832 2202 προφητῶν
860 2134 916 2184 ἐν
942 2132 1141 2202 γνώσει
1175 2133 1284 2185 τῶν
1319 2134 1445 2204 περὶ
1473 2133 1638 2186 αὑτοῦ
1674 2135 1860 2197 αὐτοῖς

286 2223 598 2292 εἰρημένων
627 2227 1016 2288 καταστάντες,
1042 2225 1142 2278 οὑκ
1180 2226 1497 2295 ἠνέσχεσθε.
1532 2225 1627 2278 Δίὰ
1673 2226 1728 2279 δὲ
1763 2227 1856 2279 τοῦ

287 2317 502 2380 εἰπεῖν,
544 2339 562 2366 ι
608 2318 777 2369 Φονέα
799 2316 1093 2387 ᾐτήσασθε,
1134 2335 1152 2369 ›
1202 2317 1388 2380 δεινῶς
1431 2318 1856 2382 κατεσκεύασεν,

281 2408 365 2460 ὅτι
400 2407 660 2460 ἐδύναντο
688 2408 780 2460 τὸν
805 2409 1036 2478 Χριστὸν
1065 2409 1346 2462 ἀπολύειν.
1382 2411 1442 2461 Εἰ
1485 2409 1592 2479 γὰρ
1636 2409 1730 2461 τὸν
1763 2426 1859 2478 φο·

283 2497 382 2551 νέα
434 2499 770 2570 ἀπολυθῆναι
817 2501 1102 2571 ἐποίησαν,
1126 2500 1217 2553 τὸν
1269 2501 1466 2571 μᾶλλον
1496 2501 1764 2566 ὑπαίτιον,
1797 2502 1856 2554 οὐ

287 2589 470 2659 πολλῷ
499 2591 563 2661 δή
599 2607 702 2644 που
727 2593 816 2644 τὸν
836 2593 1128 2646 ἀνεύθυνον
1153 2612 1166 2660 ;
1191 2594 1285 2647 νῦν
1312 2594 1366 2646 δὲ
1391 2594 1746 2660 ἀπεναντίας,
1767 2596 1858 2649 τὸν

287 2686 388 2753 μὲν
438 2684 743 2739 ὑπεύθυνον
801 2686 1099 2750 ἐξείλοντο,
1145 2689 1236 2740 τὸν
1278 2688 1335 2742 δὲ
1391 2689 1682 2741 ἀνεύθυνον
1719 2690 1858 2743 ἁπο-

283 2775 590 2843 κτανθῆναι
645 2776 985 2844 παρέδωκαν.
1049 2777 1235 2832 Εἰπὼν
1284 2779 1364 2843 δὲ,
1420 2797 1438 2830 ι
1473 2781 1563 2832 τὶν
1615 2781 1859 2850 ἀρχηγὸν

283 2867 383 2936 τῆς
405 2867 574 2936 ζωῆς,
614 2888 631 2918 ι
670 2868 942 2922 δείκνυσιν
979 2870 1054 2933 ὡς
1087 2871 1154 2924 αὑ
1168 2870 1256 2933 τὸς
1281 2871 1471 2924 ἑαυτὸν
1505 2869 1803 2939 ἀνέστησεν
1831 2873 1860 2925 ὁ

282 2957 544 3028 Χριστός.
589 2959 700 3032 Τήν
752 2962 1044 3014 ἀνάστασιν
1088 2963 1144 3015 δὲ
1185 2965 1247 3016 ού
1308 2965 1602 3034 προφητῶν
1637 2963 1864 3033 ἐμπεδοῖ

291 3051 624 3121 μαρτυρίαις
649 3093 663 3114 ,
695 3051 848 3115 ἀλλὰ,
884 3054 1068 3125 ἐπειδὴ
1107 3055 1417 3120 ἀξιόπιστος
1447 3057 1629 3119 αὐτοῖς
1651 3051 1741 3126 ἦν,
1783 3055 1862 3127 τῷ

285 3139 434 3212 χορῷ
458 3141 567 3194 τῶν
595 3141 928 3196 ἀποστόλων.
981 3143 1134 3196 Ἐπεὶ
1163 3145 1221 3197 δὲ
1273 3145 1612 3215 μετεωρίσας
1655 3146 1716 3199 τὸ
1766 3145 1859 3212 ἐγ-

1965 663 2211 732 quidem,
2241 661 2368 714 dum
2400 663 2476 715 ait
2511 662 2657 732 quod
2691 677 2795 715 non
2832 662 3050 732 propria
3083 665 3320 732 potentia
3356 664 3545 719 edide-

1966 754 2074 806 rint
2107 752 2426 806 miraculum
2452 753 2763 818 ;Cltristutn
2797 769 2945 820 vero,
2987 753 3239 808 addendo
3275 773 3288 809 :
3325 753 3544 810 Gloritl-

1964 846 2101 899 cavit
2135 844 2330 899 Filium
2368 861 2525 899 suum
2548 862 2770 915 :-neque
2797 848 2941 900 enim
2975 849 3240 914 contingit
3273 856 3329 900 ut
3361 847 3544 917 gloria:

1968 936 2400 991 additamentum
2452 936 2684 1005 accipiat
2725 938 2818 1006 qui
2865 953 2928 990 ex
2969 953 3028 991 se
3061 937 3396 1008 gloriﬁcatus
3434 948 3541 994 est.

1969 1025 2068 1081 Ubi
2116 1042 2247 1097 ergo
2289 1028 2509 1082 demisit
2552 1013 2660 1080 tam
2704 1027 2756 1081 id
2806 1027 2948 1096 quod
3000 1029 3214 1098 sesipsos
3262 1031 3546 1083 concernit

1965 1133 2127 1188 quam
2162 1119 2307 1188 quod
2341 1118 2619 1174 Christum
2680 1118 2932 1174 :l'acinus
2983 1119 3544 1191 adaugetJudceorum

1966 1211 2226 1266 adversus
2257 1209 2531 1264 Christum
2565 1227 2576 1264 :
2606 1225 2784 1279 neque
2811 1209 2942 1264 illud
2979 1211 3256 1266 inumbrat
3283 1223 3338 1266 ut
3366 1214 3541 1282 prius.

1901 1296 1922 1306 “
1966 1300 2082 1355 lloc
2117 1309 2295 1355 autem
2345 1301 2474 1356 facit
2522 1303 2693 1373 magis
2736 1303 2858 1358 illos
2895 1303 3112 1358 allicere
3154 1305 3364 1360 volens.
3411 1304 3544 1359 Nam

1965 1402 2170 1461 quanto
2210 1393 2385 1462 magis
2422 1393 2570 1462 ipsos
2612 1395 2856 1450 ostendit
2895 1395 3189 1459 obnoxios,
3235 1405 3387 1450 tanto
3428 1412 3545 1449 allt-

1967 1485 2110 1548 plius
2167 1484 2306 1550 illud
2327 1486 2592 1540 succedit.
2643 1486 2748 1541 Per
2799 1487 2899 1541 hoc
2936 1498 3141 1552 autem,
3186 1508 3203 1540 ι
3233 1487 3403 1554 Quem
3447 1503 3545 1543 vos

1967 1576 2272 1632 tradidistis
2303 1587 2358 1632 et
2388 1578 2631 1647 negastis
2665 1595 2679 1632 :
2719 1598 2738 1630 ι
2779 1579 2901 1634 duae
2934 1591 3215 1652 ponuntur
3245 1570 3548 1636 accusatio-

1966 1680 2084 1720 nes.
2121 1666 2402 1735 Siquidem
2436 1666 2609 1722 Pilato
2645 1669 2710 1722 ad
2742 1669 2941 1724 caedem
2972 1669 3329 1735 tradiderunt,
3363 1671 3547 1725 dicen-

1969 1766 2048 1810 tcs
2073 1771 2086 1808 :
2116 1773 2135 1806 ι
2158 1755 2329 1811 Nobis
2358 1772 2464 1810 non
2498 1757 2624 1812 licet
2644 1757 2951 1814 interﬁcere
2976 1774 3302 1830 quemquam
3320 1759 3421 1816 ⁵ο.»
3445 1758 3548 1814 Nc-

1965 1854 2434 1913 gaveruntautem
2472 1849 2815 1905 clamantes:
2858 1869 2876 1902 ι
2909 1850 3024 1905 Non
3067 1851 3328 1906 habemus
3367 1866 3545 1922 regem

1963 1937 2530 2007 prartchaesarem“.
2575 1960 2593 1992 ι
2645 1942 2810 2011 Atqui
2837 1957 2968 1998 sane
2995 1957 3118 1998 cum
3155 1944 3316 1997 etiam
3342 1942 3547 1998 Pilatus

1961 2031 2203 2098 gentilis,
2235 2033 2325 2101 qui
2363 2049 2542 2104 neque
2588 2035 2744 2105 signa
2774 2051 2803 2090 a
2834 2035 3059 2091 Christo
3103 2037 3336 2103 viderat,
3368 2052 3548 2106 neque

1963 2123 2257 2194 prOphetas
2279 2124 2344 2178 de
2365 2124 2589 2180 Christo
2637 2127 2908 2193 audierat,
2946 2129 3106 2184 vellet
3149 2138 3327 2183 tamen
3364 2129 3545 2198 ipsum

1962 2213 2253 2271 absolvere
2281 2232 2294 2269 :
2321 2231 2419 2270 vos
2442 2217 2546 2286 ipsi
2573 2220 2665 2287 qui
2693 2226 2745 2272 et
2771 2217 3049 2274 Christum
3079 2219 3342 2274 miracula
3375 2220 3545 2274 eden-

1962 2316 2072 2364 tem
2100 2313 2539 2375 conspexeratis,
2576 2323 2632 2367 ct
2660 2314 2910 2368 notitiam
2942 2313 3226 2368 habebatis
3259 2314 3547 2383 propheta-

1961 2417 2080 2456 rum
2112 2404 2164 2456 in
2200 2405 2285 2460 his
2319 2421 2439 2473 quae
2465 2405 2532 2462 de
2567 2408 2685 2476 ipso
2717 2406 2992 2471 dixerant,
3045 2423 3152 2462 non
3181 2415 3362 2462 tamen
3389 2407 3456 2460 ab
3479 2420 3544 2460 eo

1961 2511 2055 2551 vos
2083 2499 2454 2554 continuistis.
2482 2499 2676 2554 Dicens
2714 2515 2875 2555 vero:
2922 2519 2939 2551 ι
2979 2501 3320 2569 Homicidam
3360 2509 3547 2570 postu-

1971 2587 2148 2652 lastis,
2183 2608 2201 2640 ›
2235 2590 2524 2644 ellicaciter
2559 2592 2754 2660 probat
2781 2593 2923 2661 quod
2957 2591 3237 2646 Christum
3267 2591 3547 2661 potuerint

1961 2681 2268 2735 absolvere.
2301 2681 2434 2736 Nam
2465 2683 2510 2736 si
2549 2683 2876 2737 homicidam
2919 2685 3128 2738 absolvi
3163 2683 3415 2738 fecerunt
3449 2683 3560 2753 qui.

1959 2770 2116 2840 longe
2133 2773 2367 2841 amplius
2390 2774 2659 2828 obnoxius
2685 2783 2825 2838 erat,
2845 2790 2912 2828 an
2930 2790 3036 2828 non
3064 2785 3210 2830 certe
3231 2776 3390 2844 longe
3409 2773 3546 2827 laci?

1961 2861 2069 2917 lius
2097 2865 2404 2932 potuissent
2435 2881 2559 2919 eum
2591 2865 2877 2921 absolvere
2908 2867 3001 2936 qui
3031 2866 3262 2922 crimine
3289 2866 3559 2922 carebat!L

1961 2952 2118 3009 Nunc
2163 2965 2345 3010 autem
2397 2972 2426 3011 e
2467 2957 2688 3012 diverso
2737 2959 3035 3013 obnoxium
3085 2959 3304 3028 quidem
3348 2959 3544 3012 libera-

1961 3053 2112 3113 runt,
2153 3046 2426 3102 insontem
2460 3063 2590 3103 vero
2633 3058 2691 3105 ut
2741 3050 3146 3106 interimerctnr
3177 3049 3553 3104 tradiderunt-

1963 3137 2235 3193 Prmterea
2283 3139 2552 3205 dicendo,
2610 3160 2628 3193 ι
2679 3140 2974 3197 Auctorem
3025 3142 3183 3204 vitae,
3235 3160 3254 3193 ι
3303 3140 3543 3196 ostendit

193 3277 202 3282 -
287 3231 498 3300 κλημα,
557 3234 743 3286 ἐλύπει
799 3235 1066 3304 σφοδρῶς,
1103 3235 1265 3289 πάλιν
1297 3236 1533 3306 ἀνίησιν,
1565 3237 1657 3290 ἐπὶ
1701 3238 1861 3307 μετά·

1965 3232 2113 3301 quod
2144 3232 2384 3302 seipsum
2426 3235 2777 3288 suscitaverit
2818 3235 2935 3303 ipse
2969 3233 3244 3289 Christus.
3271 3233 3540 3289 Besurre-

285 3340 435 3377 νοιαν
467 3325 666 3388 αὐτοὺς
700 3326 972 3392 συνωθῶν,
1007 3329 1087 3381 ὃτι
1112 3345 1169 3380 τε
1218 3328 1278 3394 ἐξ
1323 3329 1542 3397 ἀγνοίας
1575 3330 1634 3382 τὸ
1664 3329 1864 3401 ἔγκλη-

291 3431 367 3482 μα
404 3415 500 3467 καὶ
532 3416 738 3481 ἀνοίας,
764 3418 856 3470 καὶ
883 3419 966 3470 ὃτι
1005 3417 1068 3471 τὸ
1101 3419 1160 3484 ἐξ
1183 3421 1357 3490 ἀρχῆς
1385 3421 1717 3490 τεταγμένον
1769 3420 1864 3474 καί⁸

287 3503 434 3574 λόγῳ
459 3508 756 3577 προφητῶν
785 3511 1342 3582 κεχρησμῳδημένον,
1382 3514 1482 3566 οὑκ
1532 3509 1600 3581 ἦν
1651 3513 1863 3584 παρελ-

288 3596 420 3652 θεῖν.
467 3600 620 3652 Ἐπεὶ
664 3601 720 3653 δέ
751 3602 911 3672 μέχρι
950 3603 1141 3657 τούτου
1173 3605 1403 3674 προέϐη,
1437 3606 1536 3676 ήδη
1568 3605 1661 3659 καὶ
1687 3605 1866 3677 ῥητῶς

285 3691 384 3762 τὴν
417 3692 705 3760 μετάνοιαν
729 3694 1032 3765 εἰσηγεῖται
1076 3697 1616 3766 κατηναγκασμένως
1660 3697 1862 3750 ἀναλα-

285 3781 426 3847 ϐεῖν,
457 3783 595 3852 πρός
621 3801 680 3836 τε
705 3783 976 3854 ἐξάλειψιν
1003 3788 1114 3841 τῶν
1136 3789 1565 3858 ἡμαρτημένων,
1601 3789 1695 3842 καὶ
1720 3805 1857 3856 τρυ-

285 3872 395 3944 φὴν
422 3876 518 3927 καὶ
541 3875 839 3930 ἀπόλαυσιν
865 3878 974 3932 τῶν
1015 3879 1103 3932 διὰ
1140 3880 1423 3948 μετανοίας
1454 3880 1548 3933 καὶ
1589 3879 1860 3951 ἀγαθοερ-

284 3965 412 4035 γίας
446 3967 554 4020 τῶν
573 3969 941 4040 άτελευτήτων
969 3969 1188 4038 ἀγαθῶν
1219 3972 1688 4042 εὐμοιρησάντων.

1967 3324 2204 3378 ctionem
2257 3339 2384 3379 vero
2414 3339 2522 3380 non
2553 3325 2941 3396 prophetarum
2972 3327 3258 3381 conﬁrmat
3298 3326 3542 3381 testimo-

1967 3416 2098 3484 niis,
2138 3417 2232 3472 sed
2278 3418 2447 3472 choro
2477 3419 2872 3488 «apostolorum
2907 3419 2954 3474 si
3003 3420 3138 3490 ipsis
3190 3420 3294 3475 ﬁde
3341 3418 3542 3488 dignus

1967 3516 2109 3563 erat.
2127 3508 2237 3578 29
2255 3507 2459 3565 Deinde
2483 3525 2608 3565 vero
2627 3521 2909 3581 postquam
2929 3509 3201 3566 eﬂ‘erendo
3218 3511 3424 3566 crimen
3443 3524 3541 3564 eo-

1970 3615 2114 3662 rum,
2142 3601 2491 3656 vehementer
2513 3603 2912 3666 constristavit,
2945 3619 3160 3657 rursum
3192 3602 3441 3662 remittit,
3473 3603 3540 3655 ad

1972 3691 2353 3763 pmnitentiam
2388 3693 2509 3749 illos
2558 3695 2831 3750 invitans:
2879 3695 3021 3766 quod
3051 3711 3112 3749 ex
3149 3693 3454 3764 ignorantia
3488 3704 3544 3747 et

1968 3783 2283 3852 insipientia
2309 3786 2674 3854 peccaverint,
2709 3787 2925 3857 etquod
2965 3787 3097 3842 illud
3121 3787 3263 3858 quod
3299 3785 3540 3841 abinitio

1967 3878 2324 3932 consﬁtutum
2343 3885 2460 3933 erat
2477 3895 2538 3934 ac
2561 3880 2950 3948 prophetarum
2976 3881 3198 3936 oraculo
3219 3880 3539 3952 pra-dictum

1965 3984 2075 4022 non
2103 3969 2344 4038 potuerit
2382 3970 2598 4025 evitari.
2649 3970 2750 4027 Ubi
2772 3987 2901 4027 vero
2936 3973 3218 4043 hucusque
3245 3973 3539 4045 processit,

280 4061 396 4134 jam
421 4063 586 4119 etiam
602 4065 776 4135 palam
793 4065 1034 4136 cogendo
1051 4067 1260 4121 inducit
1279 4065 1768 4136 ad_suscipicndam
1792 4062 2167 4136 paenitentiam
2191 4101 2205 4126 ,
2224 4069 2338 4114 tum
2354 4060 2419 4114 ad
2440 4061 2785 4118 abolitionem
2809 4064 3154 4129 delictorum,
3179 4077 3290 4120 tum
3312 4067 3378 4121 ad
3405 4065 3542 4121 deli‘

285 4161 405 4217 cias
446 4159 872 4232 fruitionemqne
913 4171 1238 4217 :eternorum
1284 4163 1552 4220 bonorum
1575 4203 1590 4229 ,
1633 4177 1755 4233 quae
1774 4175 1869 4230 per
1905 4157 2286 4231 paenitentiam
2317 4158 2697 4229 bonorumque
2731 4160 3099 4230 operationem
3127 4163 3530 4232 percipiuntur.

366 4274 387 4308 ι
421 4256 532 4308 Καὶ
569 4257 661 4309 ἐπὶ
694 4259 758 4327 τῇ
807 4258 988 4310 πίστει
1012 4259 1104 4312 τοῦ
1131 4259 1389 4329 ὀνόματος
1420 4260 1608 4323 αὐτοῦ,
1666 4259 1855 4312 τοῦτον

292 4365 312 4398 ι
350 4346 411 4399 ὃν
467 4347 722 4417 θεωρεῖτε
777 4347 872 4400 καὶ
924 4346 1105 4403 οἴδατε
1146 4390 1161 4416 ,
1219 4350 1520 4421 ἐστερέωσε
1575 4350 1634 4402 τὸ
1687 4349 1857 4420 ὄνομα

291 4457 312 4493 ι
351 4438 539 4494 αὑτοῦ.
573 4457 594 4491 ι

359 4533 646 4597 Τουτέστι,
665 4534 732 4587 Τί
755 4534 922 4601 λέγω,
953 4535 1248 4600 πιστεύσας
1275 4536 1368 4590 ἐπὶ
1396 4535 1470 4607 τῷ
1503 4535 1726 4606 ὀνόματι
1763 4535 1860 4589 αὑ-

285 4621 384 4675 τοῦ
435 4625 781 4696 ἐστερεώθη;
833 4628 928 4680 καὶ
976 4628 1160 4699 πρὶνῆ
1196 4628 1506 4694 πιστεῦσαι,
1576 4629 1638 4682 τὸ
1687 4629 1859 4700 ὄνομα

292 4717 456 4786 μόνον
478 4717 768 4788 ἐπικληθὲν
808 4720 1138 4790 ἐστερέωσεν
1197 4721 1396 4775 αὑτόν·
1437 4723 1704 4794 τοσαύτην
1751 4741 1857 4794 πη-

287 4805 449 4874 γάζει
475 4809 534 4862 τὸ
555 4808 723 4879 δνομα
761 4810 860 4881 τὴν
888 4813 1067 4882 χάριν.
1110 4811 1276 4867 Οὔπω
1305 4814 1415 4884 γὰρ
1437 4810 1504 4885 ἦν
1540 4814 1857 4881 πιστεύσας,

289 4897 429 4952 ἀλλά
461 4899 594 4969 μόνη
623 4901 656 4971 ή
689 4902 976 4974 ἐπίκλησις
1027 4903 1120 4958 τοῦ
1149 4905 1412 4976 ὀνόματος
1447 4907 1508 4960 τὸ
1536 4908 1645 4961 πᾶν
1667 4907 1858 4977 εἰργά-

292 5008 324 5043 σ
328 5008 446 5044 ατο.

367 5101 387 5135 ι
432 5083 542 5136 Καὶ
572 5085 605 5155 ή
633 5086 816 5150 πίστις
853 5088 887 5157 ή
929 5086 1000 5140 δι’
1049 5087 1214 5142 αὑτοῦ
1273 5089 1472 5143 ἔδωκεν
1535 5092 1688 5160 αὑτῷ
1761 5093 1861 5164 τήν

297 5193 317 5224 α
352 5174 674 5246 ὁλοκληρίαν
697 5178 899 5248 ταύτην
937 5180 1191 5234 ἀπέναντι
1213 5181 1430 5234 πάντων
1464 5183 1637 5252 ὑμῶν.
1667 5203 1684 5236 ι

362 5266 461 5329 Τίς
491 5267 548 5320 δὲ
582 5268 871 5340 ήπίστιςή
905 5269 970 5322 δι’
1001 5271 1162 5324 αὑτοῦ
1203 5273 1558 5342 κηρυχθείσα,
1588 5273 1750 5338 αὐτὸς
1772 5275 1862 5346 ἐρο

294 5359 570 5430 μηνεύει.‹
593 5362 710 5414 Ἵνα
734 5361 1042 5431 γινώσκωσι
1083 5381 1143 5416 σε
1175 5369 1268 5418 τὴν
1294 5365 1452 5434 μόνον
1481 5365 1653 5435 ἀληθῆ
1676 5407 1690 5430 ,
1716 5384 1735 5416 ›
1769 5367 1862 5419 καὶ

287 5450 562 5517 ἐξῆς.Ἴνα
593 5452 701 5525 γὰρ
734 5454 807 5524 μή
845 5471 928 5517 τις
956 5455 1105 5526 sint],
1138 5455 1344 5509 Οὐκοῦν
1367 5456 1468 5509 κᾶν
1488 5457 1712 5520 ἄπιστος
1741 5461 1864 5511 ἐπι-

289 5542 586 5607 καλέσηται
613 5545 675 5596 τὸ
705 5545 871 5616 ὄνομα
898 5547 1194 5611 αὑτοῢ,κάν
1208 5549 1299 5600 ἐπὶ
1316 5549 1579 5620 θεραπείᾳ
1609 5550 1861 5616 ἀπίστου,

289 5633 446 5686 οὐδὲν
474 5629 638 5706 ἦττον
676 5638 709 5704 ἡ
742 5638 882 5700 ἴασις
913 5639 1279 5710 προχωρήσει,
1320 5641 1480 5710 εῐπερ
1512 5644 1544 5709 ή
1575 5643 1864 5711 ἐπίκλησις

299 5724 432 5795 μόνη
457 5725 551 5780 τοῦ
571 5727 840 5796 ὀνόματος
870 5730 1221 5800 ἐστερέωσεν·
1257 5731 1343 5784 ἵνα
1378 5731 1470 5786 οὖν
1494 5733 1568 5802 μή
1595 5750 1679 5794 τις
1707 5733 1862 5786 τοῦτο

294 5816 445 5886 εἴπῃ,
511 5817 780 5887 ἐπήγαγεν
855 5838 873 5870 t
914 5820 1023 5873 Καὶ
1079 5822 1113 5890 ή
1183 5820 1364 5883 πίστις
1429 5820 1572 5894 ἡδί
1625 5820 1853 5878 αὑτοῦ.»

364 5911 406 5940 ⁸⁸
433 5910 592 5968 Joan.
621 5925 772 5975 xvm,
798 5911 882 5964 5i.

2033 4254 2127 4318 lii,
2165 4255 2251 4310 16.
2290 4274 2307 4306 ι
2351 4255 2414 4308 Et
2457 4256 2526 4309 ob
2571 4255 2728 4310 ﬁdem
2764 4257 3004 4311 nominis
3032 4258 3168 4328 ejus,
3201 4259 3347 4314 hunc
3374 4275 3542 4330 quem

1973 4366 1993 4402 ι
2029 4363 2126 4404 vos
2154 4347 2348 4403 videtis
2371 4356 2425 4404 et
2447 4347 2644 4416 nostis,
2676 4347 3040 4404 consolidavit
3061 4364 3258 4404 nomen
3284 4351 3474 4422 ipsius.
3509 4375 3530 4406 ι

2037 4535 2149 4592 Hoc
2177 4545 2278 4600 est,
2313 4535 2452 4603 Quid
2496 4536 2622 4592 dico
2653 4537 2798 4608 quod
2837 4539 2929 4607 qui
2972 4539 3202 4595 credidit
3236 4541 3288 4596 in
3319 4545 3540 4598 nomino

1968 4632 2088 4702 ejus
2123 4632 2494 4688 consolidatus
2528 4633 2638 4688 sit?
2669 4633 2777 4688 imo
2804 4633 2966 4688 etiam
2996 4635 3310 4705 priusquam
3344 4639 3533 4692 crede-

1964 4735 2066 4790 rct,
2100 4741 2296 4780 nomen
2334 4732 2542 4780 tantum
2587 4726 2894 4780 invocatum
2937 4727 3300 4782 consolidavit
3329 4728 3476 4780 illunt
3517 4746 3531 4782 :

1961 4826 2166 4874 tantam
2213 4828 2394 4873 manat
2421 4833 2614 4872 nomen
2640 4818 2784 4873 illius
2813 4817 3043 4888 gratiam
3077 4819 3351 4872 :nondutn
3388 4820 3532 4874 enim

1963 4911 2290 4976 crediderat,
2331 4911 2428 4968 sed
2456 4913 2570 4970 sola
2603 4912 2840 4966 nominis
2871 4911 3142 4966 invocatio
3173 4928 3282 4967 rem
3317 4929 3536 4968 omnem

1966 5003 2190 5072 peregit.

2041 5113 2060 5146 ι
2098 5093 2162 5146 Ει
2196 5093 2327 5148 ﬁdes
2357 5110 2476 5164 quae
2511 5110 2604 5165 per
2633 5110 2756 5150 eum
2791 5103 2897 5162 est,
2928 5097 3076 5153 dedit
3108 5098 3210 5168 ipsi
3248 5099 3533 5170 integrita-

1974 5204 1991 5237 ι
2031 5193 2135 5239 tem
2167 5186 2326 5240 istam
2371 5187 2422 5239 itt
2458 5197 2751 5256 conspectu
2785 5190 3029 5243 omnium
3063 5201 3326 5245 vestrum.
3369 5211 3386 5244 ι

2039 5273 2170 5340 Qua:
2203 5285 2380 5329 autem
2413 5275 2483 5330 sit
2522 5277 2653 5331 ﬁdes
2683 5292 2803 5345 qua:
2851 5293 2946 5346 per
2974 5293 3108 5331 eum.
3141 5286 3245 5342 est;
3293 5279 3408 5347 ipse
3439 5280 3534 5333 dc-

1967 5364 2156 5430 clarat,
2200 5365 2290 5420 ubi
2321 5365 2398 5418 ait
2430 5384 2443 5420 :
2481 5385 2500 5416 ι
2544 5365 2614 5420 Ut
2664 5379 2998 5437 cognoscant
3041 5377 3092 5422 te
3137 5371 3310 5423 solum
3345 5387 3532 5423 verum

1969 5461 2134 5514 Deum
2168 5461 2286 5527 ἰ’,·ι
2321 5471 2426 5516 etc.
2467 5461 2542 5515 Ne
2568 5464 2688 5532 quis
2713 5463 2855 5516 enim
2893 5462 3039 5516 dicat
3067 5481 3079 5515 :
3111 5461 3293 5531 Itaque
3319 5462 3534 5517 etimnsi

1965 5552 2200 5608 inﬁdelis
2225 5555 2439 5608 invocet
2475 5567 2670 5606 nomen
2698 5552 2890 5620 ipsius,
2928 5552 3143 5607 etiamsi
3168 5551 3222 5604 in
3249 5551 3533 5604 curatione

1967 5644 2225 5698 increduli
2257 5646 2316 5698 id-
2335 5645 2443 5708 ﬁat,
2472 5645 2829 5699 nihilominus
2873 5645 3021 5698 salus
3048 5645 3438 5711 subsequetur,
3483 5643 3535 5697 si

1964 5733 2182 5801 quidem
2232 5735 2348 5790 sola
2374 5736 2610 5790 nominis
2652 5737 2925 5791 invocatio
2973 5735 3332 5792 consolidruzit
3361 5737 3526 5788 hunc.

1964 5820 2043 5878 Ne
2074 5823 2197 5894 quis
2223 5838 2352 5894 ergo
2380 5823 2482 5880 hoc
2515 5825 2680 5894 dicat,
2716 5826 3000 5896 subjunxit
3034 5844 3048 5879 :
3087 5843 3104 5876 ι
3147 5825 3210 5878 Et
3247 5823 3528 5895 ﬁdesquai

956 5913 998 5945 δ’
1027 5913 1181 5968 Joan.
1223 5929 1332 5980 nx,
1360 5913 1440 5968 l5.
1521 5913 1562 5946 "
1596 5914 1750 5972 Joan.
1782 5932 1913 5985 xvn,
1943 5916 1993 5971 3.
