4058 6586
473 428 542 491 87
1528 437 1927 498 (ECUMENII
1967 439 2263 500 TRICC/E
2299 438 2639 498 EPISCOPI
2800 498 2801 501 η
3672 433 3747 496 88

474 557 571 615 per
600 561 723 602 eum
751 554 835 602 est
866 563 880 601 :
925 566 945 601 ι
980 548 1083 603 hoc
1109 559 1215 615 est,
1252 562 1506 621 magnum
1553 554 1771 624 quidem
1816 563 1901 611 est
1948 572 2049 611 no-

2159 556 2449 618 Τουτέστι,
2515 555 2659 625 μέγα
2727 553 2827 624 μέν
2858 554 2980 607 ἐστι
3039 552 3101 607 τὸ
3154 552 3356 623 ιδνομα,
3411 548 3506 604 καὶ
3572 548 3745 620 βρύον

475 652 619 703 men,
650 643 705 692 et
756 652 787 693 a
843 653 953 709 quo
998 650 1258 696 emanant
1307 642 1594 709 sanitates,
1643 645 1738 702 sed
1788 661 1926 716 opus
1970 657 2054 702 est

472 728 634 783 etiam
671 731 960 789 animabus
990 749 1114 806 qum
1147 736 1321 806 gratia
1371 737 1550 808 dignze
1578 737 1796 794 haberi.
1817 739 2050 809 possint.

474 820 757 892 Siquidem
794 839 992 881 nomen
1034 827 1103 883 ab
1135 827 1444 885 infidelibus
1481 830 1818 895 invocatum,
1850 846 1974 885 cum
2008 830 2054 885 is

471 916 635 971 etiam
662 918 755 988 qui
789 918 967 976 salute
995 930 1118 993 eget
1158 938 1556 994 permansurus
1593 931 1678 978 est
1720 922 2056 989 incredulus,

474 1025 819 1082 nequaquam
853 1029 1012 1069 suum
1041 1016 1304 1072 sortietur
1328 1016 1605 1072 effectum.
1631 1016 1825 1072 Dicere
1849 1016 2056 1087 itaque.

472 1101 683 1161 Nomen
723 1106 902 1177 ipsius
939 1109 1307 1165 consolidavit
1340 1110 1528 1176 istum,
1562 1111 1798 1166 sublime
1832 1125 1897 1166 ac
1931 1126 2059 1180 per-

474 1192 675 1249 fectum
721 1204 826 1263 est,
874 1209 929 1255 et
979 1199 1200 1258 Iudaeos
1247 1203 1596 1259 exacerbavit
1645 1222 1658 1258 :
1712 1202 1847 1257 illud
1893 1218 2058 1266 vero,

472 1283 637 1343 Fides
669 1303 792 1357 quae
820 1307 920 1362 per
946 1309 1070 1349 eum
1099 1303 1205 1362 est,
1235 1295 1461 1352 humile.
1502 1294 1623 1368 Ipse
1650 1302 1830 1351 autem
1858 1296 2058 1367 partim

472 1381 692 1450 quidem
727 1399 793 1439 ex
827 1386 906 1441 rei
954 1396 1149 1442 natura
1186 1405 1493 1444 sermonem
1525 1389 1824 1455 distribuit,
1856 1389 2056 1460 partim

476 1487 610 1527 vero
636 1474 794 1544 juxta
824 1480 1137 1535 auditorum
1184 1480 1437 1535 aﬂ‘ectum
1486 1488 1540 1534 et
1587 1480 1909 1552 potentiam,
1952 1482 2061 1535 ltu-

2164 647 2361 717 ἰάσεις⁹
2385 645 2522 699 ἀλλὰ
2559 646 2731 699 δεῖται
2770 643 2866 699 καὶ
2886 642 3075 715 ψυχῶν
3100 640 3414 713 δυναμένων
3445 637 3745 709 ἀξιωθῆναι

2159 739 2257 808 τῆς
2321 741 2564 809 χάριτος.
2625 737 2762 791 Ύπδ
2796 737 2905 806 γὰρ
2952 735 3201 790 ἀπίστων
3228 733 3290 787 τὺ
3324 733 3496 803 ὄνομα
3545 732 3746 785 ἐπικα-

2161 831 2447 902 λούμενον,
2515 830 2611 884 καὶ
2658 830 2896 889 ἀπίστου
2955 828 3243 901 μέλλοντος
3301 824 3485 897 μένειν
3525 822 3619 877 τοῦ
3646 823 3747 892 τῆς

2160 925 2357 987 ἰάσεως
2389 925 2666 995 δεομένου,
2699 925 2799 978 οὐκ
2821 922 2887 977 ἂν
2913 923 2975 977 τὺ
3014 924 3213 977 οἰκεῖον
3254 919 3624 989 ὲνεργήσειεν.
3670 915 3747 971 Te

2160 1018 2260 1090 μὲν
2302 1016 2396 1073 οὖν
2436 1020 2636 1082 εἰπεῖν,
2666 1018 2740 1071 Τὸ
2763 1016 2935 1086 ὄνομα
2972 1015 3140 1071 αὐτοῦ
3179 1013 3518 1087 ἐστερέωσεν
3550 1009 3738 1075 αὐτὸν,

2157 1110 2361 1181 ὑψηλὸν
2407 1112 2504 1165 καὶ
2543 1111 2769 1174 τέλειον,
2829 1110 2925 1164 καὶ
2977 1110 3274 1181 ἐτράχυνεν
3321 1107 3388 1160 ἂν
3446 1105 3571 1167 τοὺς
3614 1101 3746 1156 ’1ου-

2156 1201 2363 1265 δαίους.
2389 1202 2462 1255 Τὸ
2483 1200 2562 1262 δὲ,
2606 1201 2671 1255 Ἡ
2695 1201 2877 1265 πίστις
2910 1202 2944 1273 ή
2969 1199 3036 1253 δι’
3065 1199 3255 1262 αὐτοῦ,
3287 1197 3565 1252 ταπεινόν.
3583 1195 3641 1247 ὐ
3664 1195 3744 1260 δὲ,

2161 1295 2229 1349 τὰ
2258 1296 2356 1364 μὲν
2391 1298 2457 1366 τῇ
2505 1295 2664 1365 φύσει
2715 1294 2901 1367 νέμων
2946 1294 3041 1347 τοῦ
3102 1292 3457 1366 πράγματος,
3494 1291 3563 1344 τὰ
3586 1289 3645 1342 δὲ
3676 1291 3745 1358 τῇ

2163 1387 2398 1442 διαθέσει
2440 1390 2533 1442 καὶ
2566 1391 2631 1459 τῇ
2655 1389 2882 1459 δυνάμει
2916 1388 3027 1441 τῶν
3061 1386 3370 1458 ἀκροατῶν,
3403 1385 3626 1455 μίγνυσι
3649 1398 3745 1434 τα-

2171 1482 2333 1535 πεινὰ
2362 1482 2584 1553 ὑψηλοῖς
2605 1484 2694 1537 διὰ
2726 1482 2786 1535 τὸ
2817 1480 3242 1555 εύπαράδεκτον.

472 1563 622 1619 milia
665 1567 1008 1637 permiscens
1087 1571 1435 1640 sublimibus,
1510 1588 1621 1644 quo
1704 1571 1922 1628 facilius
2006 1585 2191 1626 sermo
2218 1574 2549 1645 excipiatur.

542 1750 632 1818 Ill,
665 1753 853 1812 17-20.
908 1776 929 1810 ι
969 1759 1035 1814 Et
1062 1776 1226 1827 nunc,
1280 1760 1500 1827 fratres,
1560 1764 1709 1827 novi,
1762 1764 1908 1837 quod
1968 1781 2061 1834 per

479 1865 497 1897 ι
535 1846 904 1917 ignorantiam
951 1852 1194 1908 feceritis
1241 1854 1386 1910 sicut
1435 1862 1490 1909 et
1540 1856 1820 1927 principes
1867 1858 2056 1912 vestri.

2245 1783 2263 1815 ι
2285 1764 2395 1818 Καὶ
2411 1761 2526 1828 νῦν,
2545 1762 2788 1832 ἀδελφοὶ,
2802 1757 2945 1825 οἶδα,
2957 1761 3040 1815 ὅτι
3056 1758 3197 1813 κατὰ
3213 1759 3436 1826 ἄγνοιαν
3448 1755 3744 1828 ἐπράξατε,

2165 1855 2315 1910 ὥσπε
2325 1872 2356 1927 ρ
2385 1855 2481 1909 καὶ
2496 1856 2547 1908 οἱ
2566 1854 2828 1926 ἁρχόντες
2857 1855 2886 1907 ὑ
2896 1853 3035 1924 μῶν.
3055 1853 3112 1906 ὐ
3130 1852 3187 1905 δὲ
3217 1852 3351 1915 Θεὸς
3372 1849 3408 1904 ὃ.
3424 1850 3746 1921 προκατήγ-

478 1957 498 1989 ι
540 1939 682 1997 Deus
724 1952 903 1999 autem
943 1960 1064 2015 quae
1096 1946 1559 2016 praenuntiavetat
1589 1963 1686 2018 per
1722 1962 1783 2003 os
1813 1950 2052 2003 omnium

2161 1947 2312 2017 γειλε
2364 1947 2453 2002 διὰ
2482 1948 2750 2019 στόματος
2799 1948 3019 2002 πάντων
3057 1946 3167 1999 τῶν
3217 1942 3515 2017 προφητῶν
3555 1940 3742 2005 αὐτοῦ,

479 2052 497 2085 ι
540 2049 763 2090 suorum
814 2039 1230 2108 prephetarnm,
1262 2055 1553 2109 passurum
1594 2056 1717 2095 esse
1749 2040 2051 2105 Christum,

478 2143 499 2178 ι
538 2128 833 2199 complevit
885 2130 990 2187 hoc
1033 2134 1219 2187 modo.
1256 2132 1587 2203 Resipiscite
1618 2134 1787 2203 igitur
1823 2143 1878 2188 et
1921 2149 2056 2188 con-

479 2235 499 2270 ι
536 2220 812 2276 vertimini
847 2221 957 2294 3o
996 2240 1104 2294 quo
1135 2225 1423 2280 deleantur
1461 2235 1685 2295 peccata
1722 2233 1901 2281 vestra
1938 2244 1952 2281 :
1998 2236 2055 2280 ut

477 2327 497 2360 ι
533 2309 755 2366 veniant
802 2321 1043 2385 tempora
1084 2314 1523 2388 refrigerationis
1556 2333 1583 2370 a
1619 2327 1917 2388 conspectu
1951 2319 2055 2373 Do.

477 2418 497 2451 1
535 2416 688 2455 Imm.
734 2421 753 2453 ι

543 2494 702 2562 Novi,
731 2496 933 2568 inquit,
968 2500 1116 2570 quod
1158 2516 1257 2572 per
1289 2501 1655 2572 ignorantiam
1698 2503 1960 2568 feceritis,
1988 2516 2055 2557 eo

471 2587 620 2657 quod
676 2588 859 2659 plures
905 2600 1149 2647 vestrum
1200 2594 1411 2648 videam
1469 2597 1715 2653 converti
1769 2603 1823 2652 et
1872 2596 2055 2653 salvos

468 2683 613 2738 ﬁeri.
641 2680 925 2753 Siquidem
958 2694 1189 2742 noverat
1218 2688 1365 2758 quod
1399 2704 1507 2745 non
1540 2686 1863 2761 ’ignoranter
1894 2691 2054 2746 fecis-

471 2784 616 2841 sent,
655 2776 749 2831 sed
786 2776 861 2831 ita
894 2777 1131 2844 dicebat,
1165 2780 1365 2836 ostium
1409 2781 1518 2838 illis
1550 2784 1883 2853 paenitentiae
1924 2798 2057 2854 ape-

467 2868 641 2925 riens.
679 2868 805 2926 Ideo
833 2872 951 2927 ait:
986 2872 1335 2944 Resipiscite,
1376 2892 1486 2931 non
1531 2877 1600 2933 de
1641 2878 1953 2933 commissis
1997 2878 2051 2933 in

469 2976 635 3018 crure
668 2962 817 3033 (nam
848 2964 914 3019 de
941 2964 1048 3019 illis
1084 2965 1334 3035 praedixit
1359 2968 1505 3038 quod
1544 2983 1645 3038 per
1686 2969 2050 3040 ignorantiam

469 3054 615 3109 facta
645 3054 879 3125 essent),
915 3056 1010 3112 sed
1042 3056 1111 3113 de
1152 3059 1275 3113 aliis
1296 3058 1529 3114 delictis.
1582 3059 1781 3115 Diccns
1826 3071 2005 3115 autem
2034 3079 2046 3114 :

475 3164 495 3196 ι
529 3145 798 3217 Tempora
828 3147 1284 3219 refrigerationis,
1320 3170 1339 3202 ι
1372 3151 1619 3207 futurum
1646 3152 1887 3207 ostendit
1916 3154 2048 3208 utin

469 3238 674 3294 multas
708 3238 965 3295 miserias
1008 3239 1280 3308 incidant,
1315 3253 1370 3297 et
1411 3243 1569 3299 bellis
1600 3251 1888 3299 vastentur
1918 3264 1930 3299 :
1959 3244 2050 3299 hic

2160 2040 2354 2097 παθεῖν
2371 2040 2463 2093 τὸν
2496 2039 2753 2111 Χριστὸν,
2779 2039 3102 2109 ἐπλήρωσεν
3131 2035 3327 2099 οὕτως.
3354 2035 3746 2103 Μετανοήσατε

2157 2129 2252 2186 οὖν
2309 2133 2403 2187 καὶ
2465 2131 2833 2202 ἐπιστρέψατε
2909 2133 2987 2195 εἰς
3041 2127 3533 2200 τδιὲξαλειφθῆναι
3590 2125 3747 2195 ὑμῶν

2163 2229 2263 2291 τὰς
2296 2226 2611 2298 ἁμαρτίας.
2660 2226 2809 2289 ὅπως
2856 2224 2922 2280 ἂν
2952 2224 3148 2278 ἔλθωσι
3199 2224 3384 2291 καιροὶ¹
3426 2218 3745 2291 ἀναψύξεως

2160 2320 2270 2375 ἀπὸ
2291 2320 2590 2392 προσώπου
2617 2318 2710 2373 τοῦ
2743 2320 2971 2389 Κυρίου.
3015 2337 3034 2371 ι

2227 2497 2460 2566 Ἐγνων,
2501 2498 2657 2566 φησι,
2687 2498 2768 2550 ὅτι
2792 2495 2935 2550 κατὰ
2970 2495 3196 2563 ἄγνοιαν
3226 2494 3524 2563 ἐπράξατε,
3566 2490 3627 2556 ἐξ
3666 2484 3744 2545 ὧν

2156 2590 2267 2661 ὁρῶ
2330 2589 2557 2652 πολλοὺς
2593 2588 2748 2657 ὑμῶν
2786 2587 3219 2658 ἐπιστρέφοντας
3253 2588 3345 2639 καὶ
3373 2584 3740 2654 σωζομένους.

2160 2684 2314 2755 ’ῌδει
2340 2683 2437 2751 μὲν
2462 2681 2570 2752 γὰρ
2620 2682 2703 2735 ὅτι
2724 2682 2783 2734 ού
2812 2681 2954 2734 κατὰ
2988 2680 3234 2748 ἄγνοιαν,
3266 2678 3380 2730 ἀλλ’
3401 2677 3575 2741 οὕτως
3608 2678 3738 2746 ἔφη,

2155 2776 2329 2847 θύραν
2354 2777 2538 2838 αὐτοῖς
2579 2775 2812 2841 ἀνοίγων
2874 2772 3183 2846 μετανοίας.
3215 2772 3307 2826 Διὸ
3338 2772 3489 2840 λέγει
3517 2787 3530 2801 ·
3563 2774 3746 2826 Μετα-

2154 2870 2406 2939 νοήσατε,
2437 2868 2499 2921 ού
2522 2868 2651 2938 περὶ
2688 2866 2800 2920 τῶν
2824 2869 2882 2920 ἒν
2912 2864 2991 2934 τῷ
3033 2862 3253 2934 σταυρῷ
3321 2863 3744 2933 τετολμημένων

2157 2960 2318 3031 (ἔφθη
2338 2961 2448 3033 γὰρ
2476 2959 2645 3014 εἰπὼν
2685 2960 2816 3029 περὶ
2853 2957 3098 3023 ἐκείνων,
3140 2957 3223 3010 ὅτι
3253 2958 3310 3008 ὲν
3335 2954 3576 3025 ἀγνοίᾳ),
3605 2952 3744 3006 ἀλλὰ

2156 3056 2287 3127 περ)⁵
2346 3056 2454 3110 τῶν
2500 3054 2677 3109 ἄλλων
2737 3050 3045 3123 ἁμαρτιῶν.
3115 3047 3302 3103 Εἰπὼν
3354 3046 3434 3107 δὲ,
3499 3045 3744 3114 «Καιροὶ

2154 3147 2495 3217 ἀναψύξεως,
2521 3166 2539 3199 ι
2559 3146 2799 3200 δείκνυσι
2830 3141 3231 3211 ταλαιπωρίαις
3257 3138 3483 3200 πολλαῖς
3515 3136 3742 3207 μέλλον-

2157 3257 2255 3303 τας
2285 3240 2486 3300 αὐτοὺς
2534 3239 2911 3311 περιπίπτειν,
2975 3238 3072 3292 καὶ⁵
3121 3233 3745 3307 κατεργασθησομένους

467 3330 613 3385 enim
643 3346 827 3388 sermo
852 3334 917 3389 ad
947 3347 1070 3387 eum
1118 3337 1211 3405 qui
1260 3336 1633 3406 deplorandus
1665 3348 1747 3394 est
1789 3339 2050 3409 cupitque

2161 3332 2439 3404 πολέμων.
2480 3331 2626 3402 Πρδς
2679 3329 2783 3401 γὰρ
2819 3329 2914 3383 τὸν
2952 3329 3326 3399 κλαυσόμένον
3361 3328 3458 3381 καὶ
3482 3341 3743 3396 παραμυ-

469 3423 925 3491 consolationem,
964 3426 1141 3497 aptari
1174 3435 1374 3497 potest.
1406 3446 1426 3479 ι
1460 3428 1526 3483 Ut
1551 3430 1774 3484 veniant
1804 3438 2051 3500 tempora

469 3515 933 3586 refrigerationis,
965 3537 984 3570 ι
1047 3520 1252 3591 inquit.
1302 3520 1375 3576 Ut
1414 3524 1755 3595 temporibus
1802 3522 2054 3577 videlicet

468 3604 905 3679 refrigerationis
945 3611 1393 3669 refocillarentur
1436 3631 1453 3669 :
1503 3631 1625 3685 qua:
1675 3630 1703 3669 a
1754 3620 2051 3685 conspectu

467 3698 683 3756 Domini
718 3702 835 3758 sive
865 3703 1050 3760 divina
1086 3712 1143 3761 et
1172 3717 1399 3776 paterna
1430 3708 1735 3764 substantia
1775 3708 1909 3762 dicit
1950 3707 2052 3761 ad-

467 3792 745 3850 ducenda.
780 3794 967 3866 Neque
999 3798 1144 3853 enim
1179 3799 1477 3856 verisimile
1500 3801 1638 3855 erat
1689 3814 1786 3855 eos
1828 3801 1918 3870 qui
1958 3816 2056 3870 per

466 3887 780 3956 passionem
806 3888 859 3943 in
879 3887 1076 3945 Filium
1111 3891 1295 3960 injurii
1330 3892 1564 3959 fuerant,
1589 3909 1699 3947 non
1732 3902 2054 3963 accepturos

467 3979 687 4049 dignam
712 3982 1001 4050 ultionem,
1029 4000 1192 4055 quam
1219 3986 1381 4041 etiam
1412 4001 1440 4039 a
1464 3985 1732 4041 Romanis
1758 3986 1901 4040 nacti
1924 3994 2054 4040 sunt

467 4071 736 4128 militibus
765 4090 861 4146 per
885 4072 1285 4146 Vespasianum
1327 4087 1383 4134 ct
1428 4078 1608 4133 Titum
1661 4079 1696 4132 ii
1741 4078 1835 4149 qui
1862 4077 2055 4131 Judai-

466 4181 587 4221 eam
653 4167 917 4225 adversus
978 4169 1261 4237 Christum
1337 4172 1608 4226 insaniam
1670 4181 2049 4227 exercuerant.

465 4258 655 4330 Neque
704 4262 883 4316 solum
924 4265 1143 4334 propria
1178 4263 1368 4335 politia
1401 4263 1648 4319 destituti
1692 4272 1839 4326 sunt,
1863 4279 2052 4317 verum

464 4353 628 4408 etiam
661 4363 786 4424 post
821 4370 934 4409 suae
984 4356 1305 4427 metropolis
1349 4356 1646 4427 templique
1685 4357 2052 4419 eversionem,

466 4446 634 4500 vitam
661 4462 878 4518 queque
908 4448 1120 4503 ducunt
1140 4447 1434 4503 erraticam
1462 4457 1580 4503 toto
1605 4447 1811 4503 mundo
1844 4448 2053 4517 dispare

466 4537 552 4593 si:
581 4546 634 4593 et
670 4554 848 4610 usque
878 4541 944 4592 ad
981 4528 1146 4607 huius
1182 4540 1432 4594 mortalis
1471 4539 1597 4595 vita:
1624 4538 2055 4595 consummatio-

466 4646 591 4685 nem
658 4632 730 4687 ita
796 4631 1180 4703 perdurantes,
1234 4648 1512 4703 nunquam
1571 4620 2042 4705 refrigerationem

467 4737 902 4794 consequentur.
926 4726 987 4782 In
1016 4743 1080 4782 eo
1108 4728 1251 4782 enim
1275 4727 1479 4782 Christi
1508 4727 1574 4783 de
1604 4728 1761 4783 cmlis
1787 4734 2045 4789 adventu,

470 4814 767 4885 unicuique
792 4815 948 4885 juxta
977 4816 1249 4887 condigna
1276 4816 1536 4886 rependet
1569 4818 1811 4888 pramia.
1830 4798 2045 4870 .llorum

467 4916 654 4961 autem
682 4923 806 4978 qua!
842 4892 976 4965 tunc
1011 4908 1199 4963 futura
1239 4918 1388 4971 sunt,
1438 4911 1807 4980 cognitionem
1846 4908 2050 4963 Judmis

468 5016 613 5056 nunc
645 5001 924 5071 proponit,
960 5010 1024 5056 ut
1058 5003 1253 5057 horum
1291 5004 1486 5059 timore
1513 5002 1889 5074 pmnitentiam
1934 5014 2051 5053 ma-

462 5092 546 5161 gis
575 5099 801 5148 strenue
830 5093 1117 5162 arripiant.

539 5264 629 5328 IlI,
657 5263 747 5328 20,
778 5264 870 5320 21.
910 5281 930 5314 ι
967 5263 1255 5336 Mittatque
1280 5281 1406 5322 eum
1438 5268 1530 5336 qui
1566 5275 1694 5322 ante
1718 5267 2049 5338 praedicatus

470 5378 487 5403 ι
531 5365 616 5412 est
641 5357 799 5412 vobis
826 5355 1010 5412 Iesum
1043 5357 1348 5421 Christum,
1378 5373 1540 5428 quem
1584 5367 1799 5427 nportet
1829 5360 2049 5428 quidem

470 5471 487 5501 ι
529 5449 670 5505 coelo
730 5450 940 5521 suscipi
993 5465 1169 5521 usque
1218 5450 1285 5505 ad
1333 5458 1577 5522 tempora
1634 5452 2052 5509 instaurationis

469 5564 484 5590 ι
525 5540 793 5608 omnium,
823 5557 948 5613 quae
995 5543 1212 5600 locutus
1260 5554 1347 5599 est
1376 5542 1523 5600 Deus
1570 5559 1665 5614 per
1708 5559 1773 5600 os
1805 5544 2050 5599 omnium

466 5658 487 5685 ι
528 5642 848 5692 sanctorum
883 5651 1110 5692 suorum
1143 5654 1174 5691 a
1203 5639 1408 5693 saeculo
1445 5638 1856 5707 prophetarum.
1891 5655 1910 5688 ι

534 5726 671 5785 Vide
721 5731 1001 5802 quomodo
1029 5731 1224 5787 ordine
1255 5729 1537 5802 procedat.
1575 5729 1623 5784 Ir
1665 5729 1835 5800 priori
1872 5731 2049 5799 siqui-

462 5823 586 5879 dem
626 5823 898 5879 concione
941 5824 1406 5880 resurrectionem
1437 5839 1501 5877 ac
1551 5823 1606 5877 in
1640 5822 1798 5878 crelis
1836 5823 2050 5879 sessio-

460 5929 588 5970 nem
623 5912 849 5968 innuit:
899 5914 989 5968 hic
1022 5923 1205 5970 autem
1244 5916 1595 5971 manifestum
1638 5916 1804 5971 etiam
1844 5915 2050 5971 adven-

466 6017 580 6063 tum
637 6022 797 6078 quem
835 6017 994 6063 vocat
1039 6016 1253 6079 tempus
1287 6008 1745 6081 refrigerationis,
1777 6024 1874 6080 per
1905 6009 2050 6080 quod

2160 3428 2282 3488 θίας
2333 3422 2706 3493 ἐπιθυμοῦντα
2772 3415 2932 3484 οὗτος
2998 3420 3067 3475 ἂν
3115 3422 3145 3473 ὁ
3204 3419 3361 3488 λόγος
3427 3418 3744 3489 ἅρμόσειεν.

2163 3539 2181 3569 ι
2212 3519 2402 3578 Ὅπως
2456 3515 2527 3569 ἂν
2597 3514 2844 3578 ἔλθωσι,
2894 3513 3052 3583 φησὶ,
3109 3512 3295 3584 καιροὶ
3348 3510 3689 3580 ἀναψύξεως.
3718 3526 3741 3559 ι

2159 3609 2320 3665 Κατὰ
2343 3610 2469 3673 τοὺς
2496 3610 2597 3677 τῆς
2635 3606 2958 3676 ἀναψύξεως
2996 3606 3227 3676 καιροὺς
3255 3604 3478 3676 δηλαδὴ,
3512 3601 3604 3667 οὓς
3637 3602 3748 3655 ἀπὸ

2160 3701 2455 3775 προσώπου
2506 3701 2601 3755 τοῦ
2634 3702 2868 3773 Κυρίου,
2896 3700 3075 3754 εἴτουν
3101 3699 3201 3770 τῆς
3226 3698 3379 3761 θείας
3408 3699 3502 3753 καὶ
3543 3714 3747 3767 πατρι-

2158 3799 2262 3867 κῆς
2294 3794 2480 3859 οὐσίας
2536 3794 2998 3867 πρυτανευθῆναι,
3046 3792 3234 3862 φησίν.
3273 3790 3410 3846 Οὐδὲ
3439 3790 3550 3863 γὰρ
3573 3789 3746 3850 εἰκὸς,

2160 3891 2286 3953 τοὺς
2317 3889 2399 3952 είς
2453 3887 2544 3941 τὸν
2575 3887 2705 3941 Υἱὺν
2734 3885 3126 3957 ἐνυϐρίσαντες
3161 3884 3251 3938 διὰ
3278 3882 3375 3939 τοῦ
3401 3883 3630 3946 πάθους,
3670 3881 3747 3953 μὴ

2157 3982 2255 4053 τὴν
2312 3980 2649 4051 ἁνταμοιῦὴν
2692 3980 2897 4050 εὑρεῖν,
2929 3979 2997 4050 ἢν
3030 3978 3145 4032 καὶ
3195 3977 3426 4049 ἀνεῦρον
3490 3976 3596 4030 ὑπὸ
3633 3975 3746 4028 τῶν

2168 4073 2498 4144 Ῥωμαϊκῶν
2540 4071 2924 4144 στρατοπέδων
2945 4071 3037 4127 διὰ
3067 4068 3480 4127 Οὐεσπασιανοῦ
3515 4069 3613 4123 καὶ
3642 4067 3744 4122 Τί-

2157 4185 2248 4220 του
2271 4170 2320 4221 οἱ
2359 4168 2427 4239 τῇ
2472 4166 2737 4237 Ἰουδαϊκῇ
2784 4165 2923 4219 κατᾶ
2962 4164 3202 4237 Χριστοῦ
3231 4165 3746 4235 ὲγκαρτερήσαντες

2156 4261 2352 4335 λύσσῃ.
2395 4261 2506 4316 Καὶ
2535 4259 2597 4313 οὗ
2627 4259 2788 4330 μόνον
2828 4257 2952 4312 καθ’
2988 4259 3217 4321 ἑαύτους
3248 4256 3556 4310 πολιτεύειν
3587 4254 3745 4311 ἐστέ-

2159 4371 2374 4425 ρηνται,
2400 4352 2537 4408 ἀλλὰ
2567 4353 2663 4406 καὶ
2697 4350 2837 4423 μετὰ
2862 4350 2961 4421 τὴν
2990 4352 3090 4420 τῆς
3136 4349 3527 4421 μητροπόλεως
3562 4347 3746 4401 αὐτῶν

2156 4447 2252 4501 καὶ
2299 4445 2394 4500 τοῦ
2417 4443 2549 4498 ναοῦ
2611 4442 2997 4513 κατασκαφὴν,
3032 4443 3128 4495 καὶ
3170 4443 3286 4513 βίον
3315 4444 3511 4511 ἄγουσι
3538 4441 3743 4495 πλάνον

2155 4539 2295 4594 κατὰ
2358 4538 2559 4601 παντὸς
2622 4536 3039 4607 διασπαρέντες,
3096 4536 3191 4590 καὶ
3253 4535 3415 4604 μέχρι
3461 4535 3560 4604 τῆς
3586 4533 3744 4586 τοῦδε

2156 4632 2253 4687 τοῦ
2315 4629 2562 4700 φθαρτοῦ
2616 4629 2736 4700 βίον
2803 4628 3118 4690 συντελείας
3139 4627 3544 4696 διατηροῦντες,
3569 4626 3632 4679 ού
3667 4628 3742 4695 μή

2156 4741 2287 4778 ποτε
2350 4724 2566 4793 τύχοιεν
2622 4721 2960 4791 ἀναψύξεως.
3014 4719 3170 4772 Κατὰ
3203 4719 3312 4788 γὰρ
3339 4718 3548 4785 ταυτὴν
3579 4719 3613 4785 ἡ
3642 4714 3741 4769 τοῦ

2156 4815 2394 4886 Χριστοῦ
2425 4815 2520 4868 ἀπ’
2544 4815 2776 4884 ούρανοῦ
2834 4812 3128 4884 παρουσία,
3196 4812 3413 4879 ἑκάστῳ
3458 4810 3570 4863 τῶν
3600 4810 3747 4862 κατὰ

2157 4908 2315 4975 ἀξίαν
2362 4908 2543 4975 πύνων
2579 4906 2875 4977 βραῦεύσει
2900 4905 2969 4959 τὰ
3003 4903 3238 4958 ἔπαθλα.
3294 4904 3515 4959 Τούτων
3555 4901 3613 4955 δὲ
3636 4901 3746 4955 τῶν

2155 4997 2757 5071 τηνικαῦταὲσομένων
2786 4996 2992 5065 γνῶσιν
3014 4994 3110 5048 νῦν
3136 4994 3413 5063 ἐντίθησιν
3441 4992 3745 5057 Ἰουδαίοις.

2154 5091 2228 5154 ὡς
2258 5089 2324 5143 ἂν
2354 5088 2431 5160 τῷ
2462 5087 2612 5160 φόϐῳ
2639 5086 2851 5141 τούτων
2886 5083 3179 5155 γεννικώτε
3190 5102 3281 5155 ρον
3318 5084 3418 5154 τὴν
3449 5083 3745 5154 μετάνοιαν

2156 5182 2590 5236 ἐπισπάσωνται.

2235 5293 2252 5324 ι
2292 5272 2405 5327 Καὶ
2426 5269 2723 5343 ἀποστείλῃ
2756 5271 2848 5325 τὸν
2882 5269 3419 5342 προκεκηρυγμένον
3470 5269 3602 5339 ὑμῖν
3636 5266 3746 5339 ’ἰη-

2161 5366 2289 5420 σοῦν
2350 5364 2606 5437 Χριστὸν,
2653 5363 2714 5420 ὃν
2767 5364 2850 5419 δεῖ
2889 5363 3123 5436 οὐρανὸν
3177 5363 3278 5433 μὲν
3320 5360 3577 5429 δέξασθαι
3614 5362 3745 5432 ἄχρι

2158 5454 2366 5525 χρόνων
2413 5453 2915 5516 ἀποκαταστάσεως
2988 5452 3234 5520 πάντων,
3289 5445 3364 5506 ὧν
3427 5451 3691 5522 ἐλάλησεν
3716 5454 3746 5505 ὁ

2157 5547 2290 5610 Θεὸς
2328 5544 2416 5600 διὰ
2469 5545 2739 5618 στόματος
2779 5546 3001 5601 πάντων
3036 5545 3214 5614 ἁγίων
3245 5545 3414 5599 αὐτοῦ
3446 5544 3745 5615 προφητῶν

2158 5643 2253 5696 ἀπ’
2267 5641 2488 5705 αἰῶνος.
2528 5661 2547 5693 ι

2231 5735 2374 5803 Ὅρα
2389 5733 2506 5797 πῶς
2529 5732 2633 5804 ὁδῷ
2659 5734 2967 5806 προϐαίνει.
3005 5735 3094 5788 Ἐν
3123 5732 3225 5804 μὲν
3252 5736 3319 5804 τῇ
3345 5731 3538 5805 πρώτῃ
3568 5733 3746 5806 δημηο

2160 5826 2341 5898 γορίᾳ,
2371 5827 2472 5896 τὴν
2502 5826 2800 5883 ἀνάστασιν
2846 5826 2942 5880 καὶ
2967 5826 3065 5897 τὴν
3098 5828 3180 5892 εἰς
3224 5826 3490 5897 οὐρανοὺς
3519 5826 3743 5898 ᾐνίξατο

2160 5920 2396 5982 κὰθισιν,
2450 5919 2683 5973 ἐνταῦθα
2722 5920 2781 5974 δὲ
2810 5921 2905 5975 καὶ
2962 5920 3061 5992 τὴν
3114 5919 3334 5992 ἐμφανῆ
3369 5919 3737 5998 -παρουσίαν,

2160 6013 2225 6084 ῆν
2249 6013 2440 6085 καιρόν
2498 6030 2662 6085 φησιν
2690 6014 3028 6085 ἀναψύξεως,
3070 6016 3126 6067 ἐν
3148 6008 3190 6085 ᾧ
3219 6015 3346 6080 τοὺς
3370 6014 3467 6087 τῆς
3496 6012 3741 6069 ἀναστά-
