4058 6570
340 426 408 487 39
1298 426 1690 488 CUMMENT.
1728 428 1810 487 IN
1848 427 2035 487 ACTA
2074 428 2655 491 APOSTOLORUM.
3529 429 3600 491 90

343 552 481 598 σεως
546 532 701 604 δηλοῖ
756 534 1001 604 καιρούς.
1033 536 1141 601 Οὓς
1174 538 1266 592 καὶ⁸
1294 536 1504 600 Παῦλος
1530 536 1798 608 ἐπιζητεῖ,
1829 538 1919 591 λέ-

2034 537 2292 608 signiﬁcat
2328 548 2570 608 tempora
2614 537 3034 594 resurrectionis
3068 557 3082 594 :
3131 554 3256 612 qua;
3295 550 3352 595 et
3392 538 3598 598 Paulus

343 645 455 696 γων
489 644 504 659 ’
546 646 565 679 ε
594 627 705 681 Καὶ
752 625 919 698 ἡμεῖς
940 616 990 680 οῗ
1021 627 1078 680 ἐν
1109 628 1185 697 τῷ
1217 630 1404 698 σκήνει
1431 629 1606 698 τούτῳ
1660 628 1918 692 στενάζο-

347 738 446 792 μεν
480 718 866 791 βαρούμενοι..
904 721 968 774 Εἰ
997 721 1052 775 δέ
1078 739 1159 785 τις
1195 721 1292 777 καὶ
1330 721 1459 785 τοὺς
1492 722 1633 792 μετά
1655 723 1753 792 τὴν
1775 724 1918 776 am-

345 833 428 868 σιν
456 814 603 882 λέγει
628 815 856 885 καιροὺς
885 814 1219 886 ἀναψύξεως,
1251 816 1402 873 οὐδὲν
1432 816 1651 873 κωλύει.
1673 816 1784 872 Καὶ
1810 817 1917 887 γὰρ

350 906 467 967 τοὺς
502 905 604 973 τῆς
657 904 956 969 κακώσεως
1011 906 1193 960 αὐτῶν
1248 907 1628 978 αἰχμαλωσίας
1671 906 1758 961 διὰ
1791 907 1920 969 τοὺς

344 996 635 1059 ἐκλεκτοὺς
682 997 1016 1051 ἐκολόϐωσεν
1044 998 1072 1050 ό
1094 999 1351 1069 Χριστὸς,
1391 999 1481 1055 ἵνα
1509 1000 1558 1052 οἱ
1593 998 1920 1051 πιστεύσαν-

350 1108 427 1152 τες
474 1088 713 1160 εὕρωσιν
784 1090 1068 1160 ἀνάψυξιν,
1128 1091 1223 1144 καὶ
1279 1090 1621 1145 διασωθῶσιν
1658 1088 1921 1158 ἁπδντῆς

345 1181 581 1251 σφοδρᾶς
647 1180 863 1247 ἐκείνης
892 1182 1267 1252 ταλαιπωρίας
1303 1183 1398 1234 καὶ
1435 1183 1700 1253 ἀνάγκης.
1734 1179 1919 1233 Εἰπὼν

342 1273 397 1325 δέ
424 1273 703 1345 ἀνωτέρω,
748 1274 805 1328 Ὀ
829 1274 883 1328 δὲ
897 1275 1031 1339 Θεὸς
1059 1275 1095 1331 ἃ
1121 1273 1612 1346 προκατήγγειλεν,
1648 1274 1710 1327 οὺ
1740 1272 1921 1342 τίθησι

348 1367 652 1439 μαρτυρίαν
694 1368 981 1440 Γραφικὴν
1034 1370 1162 1440 περὶ
1227 1369 1326 1440 τῆς
1387 1366 1771 1439 σταυρώσεως,
1837 1366 1920 1421 ὅτι

346 1459 548 1528 ἐρςάςτη
629 1459 809 1513 αὐτῶν
876 1461 1013 1532 μετά
1065 1461 1274 1515 πολλῶν
1310 1460 1675 1531 ἐγκλημάτων
1700 1458 1795 1511 καὶ
1823 1475 1920 1512 κο-

346 1547 554 1611 λάσεως
607 1547 711 1618 τῆς
742 1549 864 1603 κατ’
903 1551 1084 1604 αὐτῶν
1124 1551 1361 1623 εἴρηται,
1394 1551 1489 1604 καὶ
1516 1550 1617 1604 οὐκ
1671 1548 1924 1603 ἐϐούλετο

288 1652 300 1659 ‘
349 1641 480 1706 τέως
511 1641 784 1713 λυπῆσαι.
823 1643 1213 1714 Ἀφελέστερον
1249 1644 1303 1698 δὲ
1329 1644 1598 1716 κέχρηται
1648 1643 1764 1707 τοῖς
1794 1641 1924 1711 περὶ

350 1733 602 1803 Χριστὸν,
635 1737 702 1806 τῇ
722 1736 1045 1791 ταπεινώσει
1063 1738 1173 1790 τῶν
1204 1736 1494 1807 ἀκροατῶν
1511 1735 1812 1805 οἰκονομῶν
1830 1734 1923 1788 τὸν

2017 630 2269 702 inquirit,
2313 631 2502 687 dicens
2535 650 2551 686 :
2589 650 2608 684 ι
2641 630 2704 684 Et
2742 646 2842 685 nos
2882 631 2973 701 qui
3020 648 3214 689 sumus
3258 632 3314 686 i-u
3357 632 3463 687 hoc
3509 640 3623 687 ta-.

2017 723 2316 779 bernaculo
2342 722 2754 794 ingemiscimus
2783 723 3097 794 μείναιμ’.»
3118 724 3221 794 31
3246 722 3390 778 Nihil
3415 734 3595 781 autem

2020 823 2167 870 vetat
2197 823 2255 870 ιιι
2296 815 2443 869 dicat
2472 814 2745 885 quispiam
2787 822 3032 883 tempora
3070 814 3506 884 refrigerationis
3532 828 3627 869 ea.

2020 922 2164 970 esse,
2206 922 2326 976 qum
2372 916 2560 960 secuta
2596 910 2725 959 sunt
2765 904 3270 976 Hierosolymorum
3319 921 3601 977 expugna-

2022 1000 2261 1075 tionem.
2291 997 2574 1067 Siquidem
2623 998 2741 1052 dies
2780 996 3096 1054 amictionis
3128 998 3349 1051 illorum
3392 1010 3446 1053 et
3474 1000 3599 1065 qui-

2025 1093 2127 1147 bus
2175 1092 2228 1145 in
2280 1090 2656 1159 captivitatem
2699 1088 3063 1156 ducebantur,
3119 1102 3341 1160 propter
3393 1091 3600 1144 electus

2025 1186 2365 1241 abbreviavit
2389 1183 2728 1249 Christus“,
2759 1193 2819 1236 ut
2867 1184 3153 1240 credentes
3196 1185 3478 1240 inveniant
3513 1199 3601 1236 re-

2024 1276 2330 1351 frigerium,
2372 1284 2426 1332 et
2473 1288 2764 1330 serventur
2806 1291 2836 1330 a
2885 1276 3193 1330 vehementi
3244 1277 3334 1330 illa
3380 1276 3601 1329 miseria

2024 1379 2080 1424 et
2134 1368 2481 1424 necessitate.
2539 1367 2809 1436 Superius
2877 1377 3105 1433 autem,
3166 1368 3395 1427 dicens.
3459 1366 3603 1421 Deus

2026 1472 2207 1519 autem
2254 1477 2376 1532 quae
2416 1462 2901 1533 praenuntiat-erat,
2953 1478 3063 1517 non
3112 1461 3269 1531 ponit
3306 1461 3603 1531 Scripturae

2025 1556 2404 1614 testimonium
2463 1555 2532 1611 de
2595 1554 3002 1621 crueiﬁxione,
3049 1556 3181 1624 quia
3239 1555 3450 1626 singula
3511 1554 3604 1608 illa

2026 1664 2152 1705 cum
2189 1648 2381 1707 multis
2433 1647 2680 1717 ipsorum
2733 1646 3187 1705 accusationibus
3224 1660 3288 1700 ac
3330 1645 3604 1715 supplicio

2026 1742 2294 1797 adversus
2331 1741 2456 1795 illos
2501 1739 2650 1796 dicta
2697 1746 2849 1804 sunt,
2882 1754 2984 1795 nec
3026 1738 3199 1794 voluit
3245 1738 3473 1793 omnino
3508 1752 3605 1793 eos

351 1824 523 1894 λόγον.
545 1827 700 1899 Πρὸς
735 1827 844 1900 γὰρ
869 1828 930 1881 τὸ
952 1828 1229 1899 ὁρώμενον
1252 1827 1347 1882 τοῦ
1371 1827 1576 1897 Κυρίου
1603 1867 1619 1892 ,
1651 1829 1827 1883 εῖτουν
1863 1825 1926 1879 τὸ

2034 1835 2385 1893 contristare.
2442 1820 2763 1906 Simplicius
2815 1848 2948 1889 vero
3010 1849 3145 1889 usus
3206 1839 3291 1888 est
3343 1831 3427 1886 his
3486 1846 3609 1900 quae

352 1897 749 1991 ἀνθρώπινον.ή
767 1897 1101 1992 άπόὐρινού
1116 1920 1281 1974 αὐτοῦ
1295 1921 1566 1993 ἀποστολὴ
1582 1920 1925 1992 παρηνέχθη,

2034 1926 2098 1983 de
2137 1925 2360 1982 Christo
2394 1897 2580 1991 erant,
2616 1940 2926 1982 sermonem
2955 1925 3112 1993 juxta
3156 1925 3470 1981 auditorum
3505 1897 3610 1978 hu-

353 2012 440 2063 étr‘t
496 2011 559 2064 τὸ
611 2010 807 2082 μέλλον
836 2012 893 2064 δὲ
940 2013 977 2081 ἡ
1018 2014 1154 2084 πρὸς
1201 2012 1430 2084 οὐρανόν
1467 2012 1633 2067 αὐτοῦ
1667 2013 1921 2083 ὑποδοχή.

358 2124 376 2155 ι
398 2104 510 2167 ,⁸⁸ον
540 2104 671 2175 γὰρ,
708 2105 844 2176 cpqoi
866 2143 880 2167 ,
904 2105 989 2159 δεῖ
1016 2104 1243 2177 οὐρανὸν
1271 2105 1655 2171 ὑποδέξασθαι,
1686 2124 1704 2157 ι
1746 2106 1926 2158 καίτοι

353 2214 414 2264 γε
446 2195 769 2250 ὑπεδέδεκτο
787 2196 890 2268 ήδη
939 2196 1081 2250 κατὰ
1111 2195 1202 2252 τὸν
1235 2196 1424 2266 καιρὸν
1451 2195 1551 2267 τῆς
1583 2193 1925 2265 ἀναλήψεως.

364 2287 520 2343 Ἀλλά
530 2287 751 2360 τούτῳῆ
771 2288 1189 2360 ἰδιωτικώτερον
1206 2288 1477 2359 κέχρηται
1496 2288 1576 2360 τῷ
1605 2288 1774 2360 λόγῳ,
1806 2304 1930 2341 συν-

353 2381 494 2452 ήθως
516 2384 583 2453 τῇ
620 2380 815 2436 ἑαυτοῦ
873 2381 1157 2452 ἐπιστολῇ,
1183 2374 1292 2454 ἐνῇ
1319 2398 1450 2450 φησι
1488 2381 1617 2452 περὶ⁵
1661 2378 1924 2451 Χριστοῦ’

357 2493 375 2524 ι
404 2474 599 2528 Λαϐὼν
648 2473 760 2545 γὰρ
804 2473 1051 2540 ἐξουσίαν
1090 2475 1241 2544 παρὰ
1295 2473 1432 2528 Θεοῦ
1460 2473 1691 2543 Πιτρδς,
1744 2471 1929 2542 φωνῆς

352 2568 499 2636 αὐτῴ
544 2569 640 2620 ἀπ’
671 2567 905 2640 ούρανοῦ
966 2567 1305 2638 ἐνεχθείσης.
1336 2586 1353 2621 ι
1402 2568 1515 2623 Καὶ
1538 2569 1646 2636 γὰρ
1668 2564 1750 2630 τὸ,
1779 2583 1799 2617 ι
1821 2565 1931 2619 Λα·-

353 2660 480 2724 ϐὼν,
508 2681 527 2710 ι
559 2661 680 2714 ἀντὶ
726 2660 840 2723 τοῦ,
877 2680 894 2714 ι
918 2659 1182 2723 ἐλαϐεν.»
1222 2662 1257 2731 ή
1297 2658 1553 2724 σύνταξις
1620 2657 1714 2712 τοῦ
1770 2657 1929 2727 λόγου

353 2756 594 2826 ἀπαιτεῖ,
644 2754 782 2826 πρὸς
834 2754 896 2807 τὸ
934 2755 1004 2826 ,τὸ
1057 2754 1236 2825 νόημα
1293 2752 1721 2826 διαρθρωθῆναι.
1766 2753 1931 2805 Ὥστε

353 2848 634 2925 κάνταῦθα
662 2850 743 2921 τρ,
783 2867 802 2900 ι
833 2851 931 2904 Ὃν
962 2848 1044 2902 δεῖ
1076 2848 1460 2915 ὑποδέξασθαι,
1493 2866 1513 2900 ι
1546 2847 1631 2913 τὸ,
1663 2848 1777 2909 Δεῖ,
1809 2845 1932 2900 ἀντὶ

353 2940 467 3004 τοῦ,
494 2941 623 3005 ἔδει,
654 2941 1021 3011 εἰλῆφθαι.Ἦ
1045 2943 1167 2995 ἐπεὶ
1198 2940 1272 3011 μὴ
1303 2940 1469 2994 πᾶσιν
1496 2940 1530 3011 ή
1564 2941 1641 3002 εἰς
1665 2937 1934 3009 οὐρανοὺς

354 3033 519 3086 αὑτοῦ
590 3032 857 3103 ἀνάληψις
884 3033 979 3085 καὶ
1024 3031 1257 3101 αὐτοψία
1310 3031 1525 3102 ὼράθη,
1557 3029 1693 3094 τέως
1734 3030 1932 3103 αὐτοὺς

354 3122 418 3188 τῇ
447 3120 660 3173 ἑαυτῶν
714 3118 978 3191 ὑπολήψει
1026 3120 1263 3191 χρῆσθαι
1324 3122 1408 3192 ἐᾷ.
1459 3121 1651 3191 Ὅμως
1703 3119 1933 3191 οὐρανὸν

356 3214 526 3269 εἰπὼν
555 3215 691 3286 πρὸς
717 3216 983 3286 ὑποδοχὴν
1015 3214 1112 3269 τοῦ
1135 3215 1550 3288 ἁπεσταλμένου
1576 3214 1932 3287 ἡτοιμάσθαι,
1961 3255 2005 3314 c

354 3307 583 3377 ἐνέφηνε
638 3309 751 3372 τοῖς
778 3306 1191 3383 ξζωτικωτέροις
1228 3308 1319 3367 διὰ
1338 3307 1457 3373 τοῦ,
1488 3309 1587 3363 Ὃν
1608 3309 1690 3361 δεῖ
1707 3307 1937 3379 οὐρανὸν

358 3401 738 3468 ὐποδέξασθαι,
778 3403 907 3457 Υίὸν
956 3404 1088 3458 ὅντα
1113 3404 1210 3459 καὶ
1265 3404 1536 3463 συναῒδιον
1592 3403 1671 3466 τῶ
1739 3405 1933 3474 Πατρὶ,

358 3495 449 3548 καὶ
505 3494 612 3548 ὑπὸ
636 3494 731 3549 τοῦ
791 3495 1011 3566 Πατρός
1066 3496 1462 3563 ἀποσταλέντα,
1503 3496 1596 3567 ἀφ’
1628 3490 1690 3552 οὗ
1713 3496 1937 3569 διητᾶτο

353 3587 607 3657 ὀμέστιος
651 3588 729 3658 τῷ
778 3588 980 3660 Πατρὶ,
1008 3588 1087 3652 ὡς
1135 3590 1263 3653 Υἱὸς
1322 3590 1421 3643 καὶ
1463 3589 1801 3660 Μονογενὴς,
1841 3589 1939 3643 καί

356 3683 769 3755 ἁναντιῤῥήτως
835 3687 917 3748 εἰς
983 3685 1212 3756 οὐρανὸν
1275 3683 1642 3756 ἀνερχόμενον
1677 3727 1693 3748 ,
1746 3683 1821 3747 ὡς
1876 3684 1937 3749 ἐξ

353 3772 586 3842 οὐρανοῦ
616 3773 892 3837 κατιόντα,
925 3774 1019 3828 καὶ
1066 3774 1229 3829 πάλιν
1256 3775 1336 3838 εἰς
1363 3773 1462 3844 τὴν
1479 3770 1738 3844 πατρῲαν
1758 3774 1938 3844 ἀπαρ-

353 3868 591 3938 αιτήτως
643 3867 1018 3938 εἰσδεχόμενον
1072 3867 1300 3929 ἑστίαν,
1372 3867 1470 3937 καὶ
1522 3866 1613 3936 ἀφ’
1678 3861 1740 3922 οὗ
1792 3866 1938 3920 κατά

357 3960 456 4032 τὴν
513 3960 829 4030 οἰκονομίαν
878 3958 1172 4029 κατῆλθεν,
1216 3960 1334 4013 ἐκεῖ
1364 3959 1526 4013 πάλιν
1557 3958 1938 4029 ἑνθρονιζόμε-

356 4069 470 4118 νον,
497 4052 575 4114 ὡς
610 4051 694 4115 τὸ,
730 4051 869 4118 Υἱὸς
906 4052 1002 4109 καὶ
1039 4051 1341 4118 οὐράνιος,
1379 4050 1788 4121 ἐμπεδὼσηται,
1842 4050 1939 4105 καὶ

357 4145 736 4215 ἀποφαίνηται
784 4146 877 4200 τὸν
931 4145 1095 4199 αὐτὸν
1126 4145 1288 4199 πάλιν
1316 4144 1683 4217 προσδόκιμον
1714 4143 1937 4197 ἐλεύσε-

360 4238 484 4293 σθαι
507 4238 605 4292 ἀπ’
626 4238 881 4309 ούρανοῦ.
935 4238 1048 4294 Καὶ
1078 4239 1166 4293 ἴνα
1191 4237 1366 4295 ταῦτα
1395 4236 1616 4308 γνωσθῇ
1665 4236 1935 4311 τηλαυγέ-

361 4349 575 4403 στερον,
600 4332 694 4385 ἐπὶ
723 4330 931 4387 Μωσέα
956 4329 1317 4402 παραπέμπει
1346 4329 1439 4387 καὶ
1472 4329 1596 4391 τοὺς
1628 4329 1935 4399 προφήταςο

357 4425 562 4479 Μωσέα
614 4424 734 4495 μὲν,
791 4424 1122 4495 «Προφήτην
1181 4422 1311 4492 ὑμῖν
1342 4420 1643 4490 ἀναστήσει
1670 4420 1878 4492 Κύριος
1908 4421 1938 4474 ό

358 4520 492 4583 Θεδς
544 4516 707 4590 ήμῶν
740 4517 815 4580 ὡς
835 4516 938 4586 ἐμέ
955 4533 967 4545 ·
989 4535 1009 4569 ι
1052 4516 1149 4571 καὶ
1201 4512 1368 4569 Δαυῒδ
1394 4513 1477 4580 δὲ,
1496 4512 1572 4577 ὡς
1597 4512 1753 4568 ὑετὸν
1780 4514 1939 4567 ἀπει-

2029 2016 2314 2071 militatem
2347 2014 2699 2088 dispensans.
2737 2015 2870 2071 Nam
2911 2015 3107 2072 missio
3137 2014 3355 2069 Domini
3391 2030 3422 2070 a
3464 2014 3608 2070 caelo

2030 2107 2180 2163 adid
2230 2107 2467 2164 adducta
2515 2116 2601 2164 est
2644 2109 2793 2180 quod
2847 2108 2902 2164 in
2939 2123 3005 2164 eo
3050 2108 3267 2163 visibile
3316 2115 3435 2162 erat
3493 2107 3611 2164 sive

2028 2200 2328 2257 humanum
2363 2219 2376 2256 :
2408 2201 2463 2256 in
2499 2202 2700 2256 coelum
2747 2217 2877 2257 vero
2920 2202 3223 2272 susceptio,
3270 2200 3324 2255 in
3364 2198 3608 2255 futurum

2031 2292 2292 2350 refertur.
2330 2312 2349 2346 ι
2388 2293 2559 2362 Quem
2615 2303 2833 2365 oportet
2865 2295 3010 2351 ctelo
3063 2292 3294 2365 suscipi,
3329 2312 3348 2347 ι
3405 2293 3608 2362 inquit.

2030 2387 2198 2457 Atqui
2237 2386 2350 2458 jam
2416 2396 2712 2459 susceptus
2759 2396 2847 2444 est
2892 2396 3140 2458 tempore
3185 2384 3609 2456 assumptiouis.

2035 2478 2141 2536 Sed
2170 2478 2275 2536 hoc
2304 2478 2491 2551 potius
2537 2494 2672 2536 usus
2703 2486 2789 2538 est
2818 2493 3076 2534 sermone
3100 2492 3265 2548 quam
3298 2477 3396 2547 qui
3438 2475 3612 2546 magis

2032 2572 2293 2643 praprius
2331 2579 2505 2635 esset,
2536 2581 2798 2644 tanquam
2824 2571 3084 2627 videlicet
3121 2569 3295 2641 magis
3322 2583 3389 2624 eo
3419 2583 3615 2625 assue-

2034 2663 2170 2731 tusgz
2203 2669 2264 2717 ut
2298 2677 2423 2725 cum
2452 2662 2507 2717 in
2543 2677 2644 2719 sua
2692 2661 2936 2732 Epistula
2962 2661 3032 2716 de
3063 2660 3287 2716 Christo
3318 2659 3567 2731 loquitur
3593 2675 3609 2714 :

2041 2775 2059 2808 ι
2094 2755 2386 2824 Accipiens
2419 2755 2563 2811 enim
2604 2771 2632 2810 a
2666 2757 2773 2811 Deo
2802 2754 2964 2811 Patre
3005 2762 3332 2826 potestatem
3368 2768 3505 2809 voce
3544 2752 3613 2808 ad

2032 2865 2157 2905 eum
2187 2849 2411 2919 delapsa
2451 2848 2521 2904 de
2572 2849 2718 2905 ccelo
2736 2849 2804 2905 “.
2848 2868 2867 2901 ι
2915 2847 3097 2919 Exigit
3138 2848 3282 2903 enim
3342 2844 3615 2902 sermonis

2034 2950 2325 2999 contextus
2355 2951 2417 2998 ut
2477 2962 2496 2995 ι
2526 2941 2821 3013 Accipiens
2850 2961 2868 2998 ι
2917 2957 3016 3012 pro
3061 2960 3080 2993 ι
3115 2939 3343 3010 Accepit
3377 2958 3398 2993 ›
3427 2953 3615 2995 suma-

2037 3046 2143 3102 tur,
2180 3044 2239 3090 ut
2290 3035 2605 3093 intellectus
2638 3035 3003 3106 exprimatur.
3061 3031 3177 3093 Hoc
3218 3032 3402 3105 itaque
3450 3033 3616 3105 etiam

2036 3129 2089 3183 in
2145 3130 2285 3195 loco,
2358 3128 2587 3194 c-Quem
2632 3135 2847 3199 Oportet
2886 3126 3121 3196 suscipi,
3151 3145 3168 3177 ι
3218 3122 3469 3197 Oportet,
3516 3137 3617 3194 pro

2036 3219 2340 3292 Oportebat
2366 3220 2606 3290 positum
2651 3228 2757 3275 est.
2802 3221 2910 3273 Aut
2934 3217 3192 3286 quoniam
3234 3215 3364 3285 eius
3404 3214 3457 3269 in
3501 3228 3617 3271 (τωο

2040 3314 2151 3377 lum
2209 3313 2514 3383 assumptio
2566 3326 2676 3366 non
2729 3311 2799 3366 ab
2846 3310 3108 3367 omnibus
3182 3316 3479 3378 conspecta
3535 3317 3621 3362 est

2037 3405 2280 3477 propriis
2330 3404 2532 3469 oculis,
2581 3403 2718 3459 sinit
2765 3418 2863 3458 eos
2908 3402 3128 3459 interim
3170 3415 3270 3456 sua
3309 3392 3385 3455 uti
3432 3399 3619 3470 suspi-

2038 3499 2218 3563 cione.
2256 3496 2501 3554 Dicendo
2546 3503 2731 3575 tamen
2782 3495 2984 3552 coelum
3014 3495 3084 3550 ad
3120 3493 3243 3564 ejus
3286 3492 3380 3565 qui
3415 3493 3620 3548 missus

2037 3600 2158 3648 erat
2205 3590 2613 3662 susceptionem
2652 3600 2903 3661 paratum
2939 3603 3084 3665 esse,
3141 3588 3231 3643 his
3275 3586 3368 3657 qui
3416 3585 3619 3658 rigenti

2039 3687 2215 3754 magis
2243 3695 2375 3741 sunt
2404 3684 2627 3756 ingenio
2651 3683 3050 3739 demonstravit
3081 3698 3174 3753 per
3201 3683 3302 3736 hoc
3329 3681 3473 3751 quod
3503 3680 3619 3734 ait:

2038 3777 2209 3846 Quem
2260 3787 2480 3850 oportet
2508 3777 2648 3835 cmlo
2697 3776 2930 3849 suscipi,
2968 3776 3139 3846 quod,
3171 3792 3297 3833 cum
3337 3773 3513 3829 Filius
3546 3771 3621 3827 sit

2038 3884 2093 3928 et
2135 3882 2445 3933 cozeternus
2489 3873 2599 3927 Deo
2629 3872 2785 3926 Patri
2835 3880 2900 3928 et~
2933 3887 2964 3925 a
2995 3871 3158 3928 Patre
3196 3871 3423 3935 missus,
3453 3883 3482 3921 a
3512 3881 3623 3938 quo

2040 3973 2101 4021 ut
2154 3963 2426 4020 mediator
2464 3972 2517 4018 et
2566 3963 2775 4019 arbiter
2828 3964 3168 4018 constitutus
3202 3969 3309 4025 est,
3357 3968 3620 4030 tanquam

2040 4056 2220 4112 Patris
2273 4053 2444 4111 Filius
2484 4063 2539 4111 et
2590 4053 2939 4125 Uuigenitus,
2991 4054 3154 4109 etiam
3190 4052 3501 4108 indubitate
3550 4046 3621 4107 ad

2040 4149 2238 4207 caelum
2310 4149 2500 4204 redeat
2545 4165 2560 4200 :
2606 4154 2669 4201 ut
2730 4146 2824 4217 qui
2888 4160 2956 4201 ex
3010 4145 3157 4200 ςαιιο
3219 4142 3621 4208 descenderat,

2041 4255 2375 4312 rursumque
2446 4239 2504 4295 in
2563 4248 2825 4310 paternas
2885 4234 3032 4293 {edes
3096 4235 3249 4291 nullo
3298 4234 3624 4306 prohibente

2042 4333 2401 4403 suscipiatur,
2462 4339 2517 4387 et
2553 4330 2755 4387 ibidem
2794 4330 3119 4399 undejuxta
3145 4327 3620 4400 diSpensationcm

2042 4426 2108 4480 ad
2161 4425 2277 4479 haec
2328 4422 2592 4498 inferiora
2636 4429 2890 4489 venerat,
2937 4421 3138 4476 iterum
3192 4420 3245 4473 in
3283 4419 3414 4474 sede
3449 4418 3626 4472 collo-

2043 4526 2199 4577 cettu'
2243 4534 2257 4570 :
2292 4523 2354 4583 ut
2388 4512 2564 4571 Filius
2610 4529 2680 4569 ac
2728 4513 2956 4571 celestis
2998 4511 3402 4575 conﬁrmetur,
3456 4517 3624 4579 utque

359 4612 596 4675 κάζοντα
610 4610 708 4681 τὴν
738 4609 798 4674 ἐξ
825 4607 1059 4678 ούρανοῦ
1074 4606 1239 4661 αὐτοῦ
1275 4606 1350 4670 ὡς
1369 4606 1465 4659 ἐπὶ
1496 4606 1666 4659 πόκον
1686 4606 1933 4662 κατάϐα·

2044 4611 2450 4671 demonstretur
2487 4606 2740 4669 eutndem
2777 4621 2997 4667 rursum
3046 4615 3310 4675 tanquam
3354 4603 3628 4674 approba-

360 4722 466 4760 σιν.
498 4703 611 4758 Καὶ
630 4701 820 4765 ἁπλῶς
846 4701 941 4757 ἐπὶ
957 4702 1083 4763 τοὺς
1113 4701 1399 4773 προφήτας
1419 4699 1616 4762 αὐτοὺς
1640 4699 1939 4770 παραπέμ-

358 4798 488 4867 ψας.
507 4797 668 4850 πάλιν
691 4796 890 4856 αὐτοὺς
907 4794 1250 4864 ψυχαγωγεῖ,
1273 4792 1346 4856 ὡς
1361 4794 1510 4857 υἱοὺς
1539 4791 1941 4863 γενησομένους

360 4891 665 4961 κατηκόους
724 4888 833 4943 τῶν
870 4886 1166 4958 προφητῶν
1208 4886 1588 4950 καταστάντας
1610 4926 1626 4951 ,
1660 4887 1709 4939 εί
1737 4886 1833 4957 καί
1861 4886 1938 4958 μὴ

362 4982 544 5052 φύσει,
604 4981 743 5035 ἀλλά
773 4981 957 5052 χάριτι
987 4981 1078 5035 διὰ
1105 4978 1204 5050 τὴν
1228 4978 1644 5050 μεγαλοδωρεὰν
1667 4979 1762 5032 τοῦ
1793 4996 1938 5050 παρ-

360 5077 592 5145 έχοντος.
637 5075 790 5144 Ἔχει
817 5073 927 5142 γὰρ
960 5072 1058 5129 xui.
1094 5071 1255 5143 φύσει
1286 5072 1440 5126 Υίόν.
1462 5071 1609 5126 Πολὺ
1639 5072 1698 5126 δὲ
1728 5072 1793 5126 τὸ
1819 5072 1938 5127 διά-

363 5185 529 5238 φορον
590 5165 687 5221 τοῦ
740 5166 899 5234 φύσει
950 5165 1088 5236 πρὸς
1143 5166 1270 5229 τοὺς
1306 5165 1476 5219 θέσει.
1507 5167 1570 5220 Οἱ
1595 5165 1694 5234 μὲν
1722 5166 1831 5236 γὰρ
1851 5166 1942 5221 διὰ

359 5260 459 5328 τῆς
509 5258 619 5312 τῶν
645 5257 941 5330 προφητῶν
977 5257 1358 5328 πνευματικῆς
1386 5257 1783 5328 υἱοθετήθησαν
1813 5277 1943 5313 παι-

358 5338 527 5415 δείας,
548 5354 577 5406 ὁ
605 5350 663 5404 δέ
694 5353 898 5422 φυσικῇ
928 5350 1110 5420 σχέσει
1137 5350 1532 5420 κατευμεγεθεῖ
1552 5349 1654 5421 τήν
1682 5350 1934 5419 υίότητα.

360 5444 704 5509 -Ἂλλωςο
734 5441 828 5508 Τὸ,
877 5461 895 5493 ι
927 5441 1024 5495 Ὃν
1065 5440 1150 5495 δεῖ
1166 5440 1395 5511 οὐρανὸν
1457 5440 1555 5511 μὲν
1607 5437 1884 5507 δέξασθαι,
1914 5457 1934 5491 ›

361 5534 597 5589 τέθειται
656 5532 779 5587 ἀντὶ⁸
830 5533 951 5597 τοῦ,
1008 5533 1252 5602 ’Δνάγκη
1302 5533 1419 5586 ἐστὶ
1457 5530 1713 5600 δέξασθαι
1750 5530 1937 5600 αὐτὸν,

364 5625 459 5679 ᾰτε
493 5624 559 5696 δὴ
582 5625 717 5679 Θεὸν
784 5626 1122 5697 ὑπάρχοντα.
1179 5625 1303 5688 Πῶς
1362 5621 1455 5678 οὗν
1483 5627 1583 5679 οὐκ
1614 5622 1769 5684 εἶπεν
1789 5641 1805 5656 ο
1841 5626 1937 5680 Ὃν

363 5717 591 5791 οὐρανὸς
653 5719 909 5788 ἐδέξατος
935 5717 1107 5774 Τοῦτο
1130 5718 1206 5782 ὡς
1235 5717 1366 5789 περὶ
1403 5718 1510 5771 τῶν
1560 5717 1673 5773 ἄνω
1731 5716 1939 5788 χρόνων

436 5899 487 5935 ⁸³
518 5898 560 5955 ll
598 5899 727 5971 Cor.
757 5918 809 5971 ν,
839 5902 895 5958 4.
971 5900 1017 5934 ⁸⁸
1049 5899 1243 5957 Matth.
1275 5897 1557 5967 xxiv,2‘2.
1630 5894 1679 5941 ν
1713 5896 1756 5952 ll
1786 5896 1933 5952 Pelr.
1968 5911 2006 5967 ι,

2045 4712 2157 4759 tum
2202 4717 2233 4756 ιι
2279 4701 2421 4756 coelo
2464 4709 2776 4763 venturum.
2819 4698 3090 4763 Praeterea
3128 4705 3191 4755 ut
3237 4696 3356 4752 hac
3395 4694 3629 4753 manife-

2044 4795 2185 4851 Slitts
2228 4802 2358 4848 nota
2399 4792 2533 4858 sint,
2581 4792 2648 4847 ad
2686 4790 2875 4847 Mosen
2917 4805 2983 4846 ac
3022 4790 3320 4862 prophetas
3369 4788 3623 4843 remittit.

2042 4885 2224 4942 Moses
2269 4884 2490 4956 quidem
2528 4884 2607 4940 ait
2639 4901 2655 4940 :
2692 4903 2711 4937 ι
2745 4882 3084 4954 Prophetam
3129 4884 3424 4941 suscitabit
3473 4882 3628 4937 vobis

2043 4979 2311 5047 Dominus
2351 4978 2497 5034 Deus
2531 4985 2722 5034 noster
2764 4976 2877 5031 .mei
2940 4977 3175 5034 similem
3207 4976 3275 5032 “.
3328 4994 3346 5030 ι
3396 4975 3464 5030 Et
3526 4974 3628 5028 Da-

2044 5072 2130 5127 vid
2164 5072 2285 5141 ejus
2315 5070 2384 5137 de
2428 5069 2576 5129 cutio
2606 5068 3021 5127 descensionem
3070 5068 3338 5125 assimilat
3378 5085 3396 5120 ι
3430 5067 3628 5137 pluviae

2042 5164 2399 5223 descendenti
2460 5163 2514 5219 in
2569 5161 2745 5217 vellus
2766 5160 2832 5215 ⁸⁷.
2871 5180 2890 5213 ι
2947 5162 3055 5232 32
3105 5160 3310 5217 Deinde
3365 5160 3517 5231 ipsos
3557 5157 3628 5213 ad

2045 5257 2343 5329 prophetas
2374 5255 2790 5331 transmissos,
2843 5254 3045 5311 iterum
3104 5254 3451 5318 consolatur,
3507 5260 3630 5306 tan.

2047 5362 2211 5418 quam
2247 5346 2590 5413 constitutos
2633 5344 2731 5415 qui
2758 5355 3126 5400 nasceremur
3172 5343 3263 5398 ﬁlii
3310 5343 3628 5399 obedientes

2047 5440 2491 5513 prophetarumj,
2548 5446 2606 5505 et
2658 5438 2704 5494 si
2754 5452 2867 5493 non
2923 5445 3152 5505 natura,
3204 5446 3386 5493 tamen
3451 5436 3628 5504 gratia

2047 5549 2145 5603 per
2176 5531 2613 5589 muniﬁcentiam
2674 5532 2982 5604 largientis.
3040 5531 3218 5591 Habet
3284 5544 3521 5601 namque
3571 5536 3629 5585 et

2046 5624 2241 5681 Filium
2284 5633 2481 5681 natura
2508 5643 2525 5680 :
2553 5639 2740 5680 verum
2764 5640 3021 5695 magnum
3049 5633 3138 5681 est
3176 5622 3474 5685 discrimen
3504 5620 3625 5690 ejus

2044 5719 2138 5788 qui
2185 5726 2378 5772 natura
2403 5715 2578 5775 Filius
2627 5724 2715 5787 est
2744 5716 2815 5772 ad
2866 5731 2965 5774 eos
3010 5716 3109 5787 qui
3150 5722 3285 5773 sunt
3332 5711 3625 5784 adoptione

2041 5897 2126 5953 Π.
2207 5894 2251 5929 ⁸⁵
2284 5895 2445 5951 Deut.
2468 5910 2629 5963 XVIII,
2656 5892 2744 5949 l8.
2819 5891 2862 5925 "
2896 5889 3040 5947 Psal.
3072 5902 3220 5959 ιιιι,
3252 5889 3308 5946 6.
