4058 6610
402 437 469 506 91
1423 442 1821 504 (ECUMENII
1861 443 2152 506 TRlCC/E
2193 447 2532 510 EPISCOI’I
3589 454 3666 518 92

403 553 525 608 11111.
553 553 619 608 111
654 552 803 609 enim
863 552 1140 624 spirituali
1165 553 1557 624 prophetarum
1591 554 1860 611 ﬁliatioue
1893 558 1983 611 ad-

2095 559 2467 631 διαλεγόμενός
2488 578 2641 632 φησι.
2678 561 2775 616 Διά
2799 561 2856 617 δέ
2886 563 3004 630 τοῦ,
3043 582 3062 618 ‹
3092 565 3255 637 Ἀχρι
3284 565 3493 636 χρόνων
3514 569 3661 635 ,ἀπο-

399 647 570 719 Optati
604 655 754 712 sunt,
790 645 882 701 ille
910 661 1046 700 vero
1082 647 1325 700 naturali
1361 647 1728 717 dispositione
1757 649 1974 704 filiatio-

2095 652 2490 718 καταστάσεως,
2526 672 2544 704 ι
2586 654 2685 726 τὴν
2744 655 2923 709 αἰτίαν
2974 656 3144 724 δηλοῖ,
3201 657 3365 712 διὰτί
3406 659 3505 713 νῦν
3559 661 3661 714 οὐκ

401 755 522 794 nem
554 739 784 794 obtinet.
810 769 880 778 —
908 739 1030 794 Alio
1068 739 1244 793 modo.
1280 738 1414 793 Illud
1445 742 1665 810 quidem
1697 760 1708 794 :
1743 761 1760 792 ‹
1797 740 1969 808 Quem

2095 742 2163 796 ἔτι
2187 744 2422 814 ἔρχεται.
2444 745 2918 818 Ἀποκαταστῆναι
2947 748 3049 813 δεῖ,
3083 750 3238 822 φησὶ,
3264 752 3357 806 καὶ
3386 751 3467 816 είς
3489 751 3664 823 πέρας

399 841 614 902 oportet
645 833 874 900 suscipi,
911 851 928 883 ι
962 833 1199 902 positum
1231 842 1316 889 est
1341 849 1404 888 ac
1430 835 1474 888 si
1505 834 1791 889 diceretur
1820 855 1830 888 :
1861 834 1967 890 Ne-

2095 835 2256 888 ελθεῖν
2298 838 2537 903 ἅπαντα,
2574 843 2671 892 καὶ
2693 839 2814 892 τότε
2846 840 3149 896 ἐλεύσεται.

399 945 554 984 cesse
603 940 688 985 est
734 932 910 1000 ipsum
959 931 1204 997 suscipi,
1252 939 1306 984 ut
1339 929 1430 1000 qui
1481 946 1611 986 sane
1665 931 1808 987 Deus
1868 932 1964 986 sit.
2001 931 2288 998 Quomodo
2327 950 2459 1006 ergo
2506 953 2616 992 non
2654 937 2814 1004 dixit,
2839 938 3010 1005 Quem
3091 939 3292 997 crelum
3380 937 3665 1010 suscepit?

399 1025 516 1080 Hoc
591 1034 851 1093 tanquam
934 1026 1000 1080 de
1054 1027 1435 1096 superioribus
1505 1028 1847 1096 temporibus
1895 1028 2178 1085 disserens
2237 1031 2498 1100 loquitur.
2564 1033 2831 1088 Cznlerum
2887 1035 3032 1106 quod
3091 1035 3214 1088 ait:
3294 1053 3312 1086 ι
3351 1032 3538 1104 Usque
3593 1032 3663 1087 ad

404 1133 644 1191 tempora
676 1122 1112 1186 instaurationis,
1147 1141 1164 1173 ι
1193 1137 1414 1176 causam
1446 1121 1761 1176 manifestat
1791 1139 1963 1191 quare
2002 1140 2150 1179 nunc
2185 1125 2364 1183 adhuc
2400 1143 2511 1182 non
2546 1129 2754 1184 veniat.
2795 1127 3045 1201 Oportet,
3083 1131 3286 1200 inquit,
3362 1129 3664 1185 Instaurari

399 1228 454 1270 et
479 1215 542 1269 ad
578 1215 869 1269 terminum
907 1217 1096 1268 venire
1121 1217 1398 1279 universa,
1432 1222 1486 1269 et
1520 1225 1650 1268 tunc
1680 1217 1878 1270 veniet.

472 1305 557 1360 111.
598 1305 684 1364 2'2.
715 1303 804 1357 εδ.
857 1323 876 1354 ‹
917 1303 1096 1359 Moses
1132 1303 1402 1374 siquidem
1451 1303 1518 1358 ad
1565 1317 1747 1373 patres
1793 1303 1979 1358 dixit:

2210 1300 2452 1371 Μωῦσῆς
2485 1301 2586 1372 μέν
2627 1301 2734 1372 γὰρ
2760 1301 2896 1372 πρὸς
2935 1303 3064 1366 τοὺς
3091 1302 3332 1373 πατέρας
3355 1297 3530 1370 εἶπεν,
3581 1302 3667 1356 ὅτι

409 1415 429 1448 ι
469 1395 796 1463 Prophetam
829 1396 1123 1450 suscitabit
1151 1397 1303 1451 vobis
1336 1397 1599 1451 Dominus
1631 1396 1772 1451 Deus
1797 1406 1983 1451 noster

2095 1393 2440 1462 ιΠροφήτην
2511 1392 2639 1463 ύμῖν
2686 1395 2980 1465 ἀναστήσει
3027 1394 3229 1465 Κύριος
3259 1397 3286 1449 ὀ
3316 1395 3448 1458 Θεὸς
3499 1395 3661 1465 ἡμῶν

409 1509 429 1542 ι
471 1505 500 1544 e
533 1488 800 1543 fratribus
839 1491 1038 1544 vestris
1081 1491 1184 1544 mei
1221 1490 1455 1544 similem
1489 1507 1512 1551 ε,
1536 1490 1713 1560 ipsum
1743 1489 1983 1544 audietis

2095 1504 2111 1537 ι
2151 1487 2216 1539 ἐκ
2247 1486 2355 1538 τῶν
2423 1485 2672 1554 ἀδελφῶν
2720 1487 2875 1556 ὑμῶν
2901 1486 2974 1550 ὡς
3002 1489 3123 1557 ἐμέ.
3151 1487 3324 1541 Αύτοῦ
3365 1487 3666 1541 ἀκούσεσθε

409 1600 428 1634 ι
463 1581 620 1648 juxta
644 1583 828 1634 omnia
866 1596 988 1650 qua:
1017 1583 1236 1636 locutus
1271 1580 1438 1635 fuerit
1465 1581 1643 1636 vobis.
1692 1581 1986 1650 Continget

410 1691 430 1726 ι
472 1683 656 1728 autem
692 1691 706 1727 ε
737 1672 929 1728 Omnis
970 1674 1151 1727 anima
1185 1689 1304 1743 qua:
1335 1689 1445 1728 non
1481 1675 1714 1730 audierit
1747 1674 1984 1745 prophe-

411 1781 433 1816 σ
478 1772 588 1816 tam
620 1764 796 1826 illum,
820 1764 1278 1818 exterminabitur
1302 1779 1330 1817 e
1354 1765 1574 1833 populo.
1624 1783 1641 1814 ι
1829 1818 1831 1820 .

475 1853 620 1922 Quid
647 1855 776 1909 illud
806 1864 912 1919 est,
939 1855 1038 1909 Mei
1069 1855 1342 1909 similem?
1365 1854 1622 1910 Nascitur
1641 1855 1897 1911 Christus
1923 1855 1986 1910 'in

403 1945 766 2014 Bethlehem,
830 1956 882 2001 et
923 1946 1100 2001 Moses
1157 1946 1212 2000 in
1252 1945 1491 2018 Egypto
1523 1966 1536 2002 :
1572 1948 1661 2002 ille
1701 1949 1984 2014 Israelita,

403 2042 550 2094 sicut
597 2039 761 2092 etiam
810 2038 1099 2108 hic,juxta
1149 2053 1368 2092 carnem
1406 2040 1540 2093 :ille
1583 2055 1612 2094 e
1649 2055 1848 2110 genere
1899 2055 1988 2094 sa-

402 2131 695 2193 cerdotali,
741 2131 908 2185 veluti
952 2131 1204 2185 Christus
1244 2148 1309 2186 ex
1348 2132 1515 2186 David
1552 2146 1775 2204 preptcr
1801 2133 1984 2204 Virgi-

403 2238 528 2276 nem
577 2221 836 2276 :Pharao
887 2223 1039 2275 illum
1075 2225 1456 2293 persequitur,
1507 2226 1656 2282 hunc
1699 2226 1982 2283 Herodes:

404 2313 644 2368 infantes
691 2315 897 2368 occidit
945 2315 1057 2381 ille,
1101 2315 1342 2371 infantes
1370 2329 1424 2372 et
1463 2318 1550 2373 hic
1599 2321 1896 2388 interemit,
1930 2330 1985 2377 et

404 2412 634 2474 uterque
675 2404 954 2461 masculos
989 2420 1128 2475 :per
1164 2416 1394 2462 matrem
1431 2421 1687 2464 servatur
1731 2412 1843 2476 ille,
1889 2428 1985 2482 per

402 2509 635 2554 matrem
669 2509 725 2554 et
767 2515 892 2554 cum
975 2508 1151 2554 matre
1213 2511 1465 2558 servatus
1508 2511 1594 2557 est
1651 2511 1705 2558 ct
1759 2504 1848 2558 hic
1883 2524 1896 2560 :
1928 2507 1981 2560 in

403 2592 632 2661 capsula
679 2592 771 2646 ille
813 2600 869 2644 et
915 2593 982 2646 ad
1049 2593 1224 2660 ripam
1276 2591 1544 2659 fluminis,
1585 2594 1674 2649 hic
1719 2597 1884 2650 etiam
1928 2598 1982 2652 in

401 2683 552 2756 Lyco
576 2683 796 2755 Egypti
828 2685 1228 2754 civitatejuxta
1257 2688 1397 2741 idem
1423 2687 1624 2742 flumen
1657 2708 1671 2744 :
1703 2691 1771 2743 ab
1805 2691 1982 2745 aI-iena

404 2781 518 2843 ille.
541 2796 732 2850 nempe
763 2781 871 2835 filia
913 2783 1247 2846 Pharaonis,
1293 2786 1535 2839 nutritus
1575 2793 1680 2849 est.
1720 2796 1775 2840 et
1799 2787 1887 2841 hic
1924 2790 1978 2840 in

404 2870 582 2925 aliena
612 2871 836 2925 civitate
873 2858 1003 2940 (quae
1033 2871 1309 2925 Pharaoni
1353 2873 1598 2938 subjecta
1632 2871 1828 2926 fuerat.
1855 2871 1982 2927 Hinc

404 2970 587 3015 autem
606 2962 861 3027 dixerim,
888 2978 999 3016 non
1034 2961 1327 3016 Dominum
1350 2978 1508 3017 servo
1539 2961 1850 3028 conferens,
1883 2963 1979 3016 sed

405 3053 586 3108 locum
613 3062 665 3106 et
688 3061 903 3125 tempus
927 3054 1260 3121 assimilans,
1293 3062 1348 3109 et
1370 3054 1656 3110 veritatem
1688 3054 1742 3109 in
1765 3053 1977 3125 ,umbra

403 3145 750 3202 describens.

475 3239 563 3305 111,
594 3241 687 3295 24.
735 3259 753 3292 ι
791 3240 998 3296 Omnes
1043 3255 1262 3310 quoque
1302 3240 1583 3310 propheta:
1627 3254 1656 3293 a
1699 3239 1975 3309 Samuele,

413 3345 433 3381 ι
471 3339 527 3385 et
583 3329 867 3402 deinceps,
928 3340 1198 3401 quotquot
1239 3331 1408 3386 locuti
1470 3341 1621 3398 sunt,
1662 3333 1830 3387 etiam
1881 3348 1980 3387 an-

413 3433 434 3472 ι
473 3423 864 3476 nuntiaverunt
895 3422 1194 3493 dies-istos.
1232 3441 1251 3474 ι

475 3512 652 3568 Etiam
706 3516 794 3570 hic
840 3515 1283 3572 subaudiendum
1328 3527 1414 3571 est
1460 3533 1474 3572 :
1517 3517 1597 3574 Ad
1638 3528 1825 3588 patres
1879 3535 1981 3576 no-

405 3618 576 3674 stros,
602 3616 660 3662 ut
691 3609 764 3662 sit
791 3625 987 3664 sensus
1013 3627 1026 3664 :
1049 3608 1252 3664 Omnes
1281 3624 1501 3681 quoque
1524 3619 1792 3683 quotquot
1813 3613 1982 3669 locuti

407 3707 537 3754 sunt
560 3699 624 3752 ad
663 3709 849 3770 patres
884 3710 1130 3756 nostros.

479 3790 569 3857 111,
594 3792 685 3857 25,
714 3794 805 3848 26.
856 3813 875 3846 ι
921 3795 1038 3850 Vos
1082 3797 1220 3852 estis
1261 3797 1355 3852 11111
1400 3797 1787 3867 prepbetarum
1823 3807 1878 3854 et
1906 3807 1985 3854 te-

415 3901 436 3936 ι
477 3887 730 3940 stamenti
754 3929 766 3950 ,
798 3887 904 3958 33
936 3889 1080 3956 quod
1116 3897 1350 3946 testatus
1393 3899 1478 3946 est
1510 3889 1651 3946 Deus
1691 3891 1758 3947 ad
1798 3899 1985 3961 patres

415 3993 436 4029 ι
477 3984 720 4042 nostros,
752 3979 944 4034 dicens
968 3981 1034 4035 ad
1066 3982 1337 4037 Abraham
1373 4000 1386 4036 :
1417 3983 1480 4036 Et
1504 3999 1598 4053 per
1619 4000 1805 4040 semen
1832 3992 1987 4038 tuum

416 4085 437 4120 ι
476 4067 874 4125 benedicentur
904 4087 1096 4127 omnes
1131 4071 1352 4127 familite
1387 4082 1547 4128 terra:
1565 4073 1632 4129 ".
1671 4074 1843 4130 Vobis
1874 4076 1992 4145 pri-

415 4178 436 4211 ε
476 4175 624 4213 mum
662 4161 825 4224 Deus,
865 4164 1132 4218 suscitato
1166 4163 1306 4219 Filio
1354 4181 1456 4220 suo
1480 4165 1634 4228 .Iesu,
1673 4168 1825 4220 misit
1863 4182 1987 4221 eum

416 4269 436 4302 ι
475 4253 568 4322 qui
600 4253 950 4310 benedicerct
977 4257 1151 4320 vobis,
1183 4260 1309 4310 dum
1341 4259 1795 4313 converteremini
1821 4274 1993 4315 unus-

414 4362 436 4396 ι
475 4345 712 4417 ouisque
743 4361 771 4403 a
807 4347 1035 4402 malitiis
1069 4348 1293 4405 vestris.
1333 4368 1352 4400 ι

487 4540 508 4574 ι
545 4518 658 4577 Vos
686 4523 819 4577 estis
851 4522 946 4577 11111
992 4523 1380 4594 praphetarum
1421 4541 1434 4578 :
1478 4543 1497 4578 ι
1528 4525 1634 4582 hoc
1674 4539 1778 4594 est,
1811 4542 1880 4583 ne
1915 4527 1991 4581 ti-

410 4613 628 4680 meatis,
659 4629 835 4685 neque
871 4616 1199 4670 existimetis
1244 4631 1343 4672 vos
1386 4617 1597 4672 alienos
1632 4633 1757 4675 esse
1789 4635 1818 4674 a
1857 4636 1990 4691 pro-

411 4705 770 4762 missiouibus
817 4725 831 4763 :
868 4723 963 4762 vos
1006 4709 1142 4764 estis
1207 4710 1300 4764 filii
1356 4711 1764 4779 prophetarum,
1807 4713 1993 4783 itaque

412 4799 569 4852 vobis
597 4799 874 4864 dicebant,
907 4813 963 4855 et
994 4809 1216 4871 prepter
1246 4817 1346 4857 vos
1389 4803 1504 4856 haec
1542 4802 1684 4858 facta
1713 4815 1863 4860 sunt.
1884 4806 1994 4862 Vos

413 4889 634 4959 quidem
659 4883 793 4948 estis
823 4895 914 4948 11111
951 4896 1364 4964 prophetarum,
1387 4896 1506 4965 ipse
1535 4911 1663 4950 vero
1694 4895 1867 4951 Filius
1895 4898 1990 4952 Dei

411 4991 515 5047 est,
557 4983 649 5052 qui
698 4986 1046 5055 participavit
1078 4987 1134 5040 in
1176 5002 1233 5041 se
1264 4984 1448 5042 Patris
1493 4988 1885 5054 substantiam,
1927 5003 1994 5044 ac

414 5075 658 5144 seipsum
691 5078 813 5132 aliis
845 5079 1282 5149 participandum
1329 5078 1498 5134 dedit.
1547 5096 1566 5130 ι
1599 5080 1707 5135 Vos
1735 5081 1866 5135 estis
1897 5079 1994 5134 fllii

414 5170 800 5239 prophetarum
831 5183 883 5226 et
919 5172 1252 5226 testamenti.
1286 5191 1304 5224 ι
1349 5171 1492 5239 Filii,
1534 5173 1636 5227 hoc
1683 5181 1770 5228 est
1818 5173 1992 5228 luere-

414 5252 512 5315 des
539 5277 552 5314 :
586 5276 710 5314 nam
744 5263 787 5316 si
817 5262 982 5328 filius,
1007 5270 1062 5317 et
1094 5262 1268 5317 hzeres
1301 5279 1316 5316 :
1348 5264 1590 5318 haeredes
1613 5278 1741 5319 vero
1769 5279 1874 5317 non
1909 5279 1996 5318 re-

416 5360 601 5407 centcr
634 5353 906 5422 inscripti,
955 5353 1047 5409 sed
1096 5363 1354 5424 tanquam
1390 5355 1505 5409 11111.
1535 5354 1598 5406 Ει
1639 5363 1699 5409 ut
1744 5355 1995 5409 ostendat

415 5443 559 5513 quod
595 5453 858 5514 quantum
907 5453 992 5501 est
1025 5463 1088 5502 ex
1137 5449 1452 5518 adeptione,
1484 5449 1674 5519 utique
1714 5449 1760 5503 si
1803 5447 1994 5513 velint,

417 5536 659 5592 haeredes
689 5546 816 5592 sunt
858 5546 912 5594 et
962 5539 1066 5610 ipsi
1110 5549 1369 5609 tanquam
1407 5541 1501 5594 11111
1539 5539 1704 5594 :ideo
1730 5539 1895 5593 eliam
1937 5545 1996 5592 ut

418 5627 782 5698 ﬁliis,inquit,
804 5632 954 5687 misit
989 5633 1368 5690 Filium.Misit
1395 5633 1614 5704 quidem
1648 5639 1701 5687 et
1725 5632 1870 5695 aliis,
1900 5631 1995 5686 sed

418 5719 572 5778 vobis
608 5726 844 5793 primum
877 5740 893 5780 :
929 5743 1107 5801 neque
1135 5729 1186 5785 id
1227 5736 1460 5796 tantum,
1484 5726 1577 5785 sed
1615 5727 1852 5798 primum
1877 5725 2002 5796 qui-

488 5899 536 5975 Ψ
567 5899 703 5958 Gen.
731 5919 863 5971 xxn,
885 5907 972 5963 I8.

2092 1595 2110 1628 ‹
2147 1576 2288 1630 κατὰ
2314 1579 2490 1630 πάντα
2533 1578 2634 1630 ὅσα
2667 1578 2733 1632 ἂν
2759 1578 2970 1650 λαλήσῃ
3013 1579 3146 1649 πρὸς
3173 1578 3337 1649 ὑμᾶς.
3369 1578 3563 1632 Ἔσται
3581 1577 3663 1645 δὲ,

2095 1687 2114 1719 ι
2153 1668 2304 1720 πᾶσα
2331 1666 2479 1738 ψυχὴ
2508 1667 2630 1738 ἥτις
2659 1667 2725 1721 ἂν
2761 1667 2835 1738 μὴ
2866 1667 3076 1740 ἀκούσῃ
3097 1666 3192 1721 τοῦ
3213 1669 3493 1740 προφήτου
3518 1667 3666 1720 ἐκεί-

2018 1747 2062 1801 Β
2098 1779 2116 1812 r
2154 1777 2267 1824 νου,
2295 1759 2808 1831 ἐξολοθρευθήσεται
2842 1763 2906 1814 ἐκ
2925 1760 3019 1814 τοῦ
3050 1760 3203 1815 λαοῦ.
3247 1779 3267 1813 ι

2161 1852 2227 1905 Τί
2248 1854 2361 1905 ἐστι
2383 1852 2462 1916 τὸ,
2507 1853 2594 1915 Ὦς
2617 1853 2753 1923 ἐμέ;
2788 1854 3050 1907 Γεννᾶται
3084 1855 3142 1907 ἐν
3176 1853 3429 1925 Βηθλεέμ
3465 1855 3494 1907 ό
3531 1853 3669 1924 Χρι-

2091 1946 2235 2009 στὸς,
2267 1950 2360 2000 καὶ
2397 1946 2639 2016 Μωῦσῆς
2665 1948 2722 2000 ἐν
2747 1945 3030 2018 Αἰγύπτῳ.
3063 1948 3402 2018 Ἰσραηλίτης
3434 1949 3666 2010 ἐκεῖνος,

2088 2039 2162 2101 ὡς
2179 2032 2356 2103 οὗτος,
2376 2038 2437 2091 τδ
2467 2039 2606 2092 κατὰ
2632 2043 2836 2110 σάρκα.
2877 2041 2972 2093 Ἐκ
2997 2041 3186 2110 γένους
3212 2039 3488 2113 ἱερατικοῦ
3525 2042 3669 2094 ἐκεῖ-

2088 2147 2196 2193 νος,
2225 2130 2300 2192 ὡς
2329 2126 2484 2193 οὗτος
2518 2132 2583 2183 ἐκ
2613 2130 2775 2183 Δαυῖδ
2828 2131 2917 2184 διὰ
2958 2130 3056 2202 τὴν
3118 2132 3414 2202 Παρθένον.
3467 2129 3667 2201 Φαραὼ

2087 2223 2174 2275 ἐπ’
2201 2221 2436 2285 ἐκείνου,
2493 2221 2741 2293 Ἡρώδης
2800 2222 2894 2274 ἐπὶ
2938 2223 3150 2276 τούτου.
3205 2223 3392 2294 Βρέφη
3450 2223 3667 2293 φονεύει

2087 2316 2314 2379 ἐκεῖνος,
2366 2315 2540 2386 βρέφη
2568 2315 2624 2367 δέ
2652 2311 2805 2378 οὗτος
2855 2316 3101 2383 ἀναιρεῖ·
3133 2317 3403 2387 ἀρρενικά
3432 2317 3664 2380 ἐκεῖνος,

2087 2407 2182 2460 καί
2213 2401 2386 2470 οὗτος.
2420 2406 2517 2458 Διὰ
2546 2407 2751 2477 μητρὸς
2798 2406 3029 2469 σώζεται
3058 2409 3284 2473 ἐκεῖνος,
3323 2407 3409 2460 διὰ
3441 2407 3664 2477 Μητρὸς

2087 2498 2265 2569 ἐσώθη
2315 2499 2408 2552 καὶ
2462 2499 2600 2569 μετά
2651 2499 2874 2570 Μητρὸς
2927 2499 3022 2552 xui.
3073 2495 3249 2559 οὗτος.
3291 2499 3381 2552 Ἔν
3436 2498 3667 2570 λάρνακι

2086 2587 2292 2650 ἐκεῖνος
2323 2589 2416 2640 καὶ
2473 2588 2625 2658 παρὰ
2658 2589 2926 2657 ποταμὸν,
2955 2590 3014 2642 ἐν
3071 2589 3235 2642 Λυκὼ
3274 2590 3367 2644 κοιλ⁸
3413 2584 3568 2652 οὗτος
3598 2592 3666 2660 τῇ

2085 2677 2238 2746 παρὰ
2301 2678 2392 2731 τὸν
2427 2679 2590 2732 αὑτὸν
2644 2680 2889 2750 ποταμὸν
2951 2681 3230 2753 Αἰγυπτίᾳ
3279 2682 3454 2736 πόλει.
3525 2683 3664 2736 Ὑπὸ

2084 2769 2387 2836 ἀλλοφύλου
2443 2773 2652 2834 ἐκεῖνος
2679 2773 2779 2842 τῆς
2813 2774 3216 2846 Φαραωνίτιδος
3245 2776 3526 2844 ἐτρέφετο,
3559 2777 3665 2829 ὑπὸ

2085 2859 2294 2923 πόλεως
2325 2862 2420 2913 καὶ
2447 2854 2601 2923 οὗτος
2623 2862 3020 2932 Φαραωνίτιδος
3052 2862 3350 2932 ἀλλοφύλου
3385 2864 3664 2933 ἐτρέφετο.

2083 2951 2270 3005 Ταῦτα
2304 2953 2358 3006 δέ
2407 2953 2469 3006 ού
2529 2954 2835 3022 συγκρίνων
2897 2955 3041 3022 λέγω
3095 2956 3186 3009 τὸν
3250 2956 3530 3025 Δεσπότην
3589 2954 3668 3026 τῷ

2083 3044 2274 3115 δούλῳ,
2305 3045 2442 3098 ἀλλά
2469 3046 2662 3116 καιρὸν
2701 3047 2794 3099 καὶ
2827 3047 3029 3118 τρόπον
3051 3048 3380 3119 συγκρίνων,
3414 3049 3509 3101 καὶ
3537 3047 3670 3119 ἀλή-

2003 3104 2048 3167 C
2081 3104 2236 3190 θειαν
2256 3104 2314 3190 ἐν
2341 3139 2470 3208 σκιᾷ
2495 3104 2835 3208 διαγράφων.

2155 3249 2174 3283 r
2213 3231 2326 3284 Καὶ
2381 3231 2579 3294 πάντες
2603 3232 2734 3284 δὲοὶ
2768 3233 3046 3304 προφῆται
3086 3233 3196 3287 ἀπὸ
3237 3234 3520 3305 Σαμουὴλ,
3569 3233 3668 3286 καὶ

2077 3322 2188 3376 τῶν
2215 3322 2612 3392 καθεξῆς.·σσοι
2639 3322 2936 3395 ἐλάλησαν,
2983 3325 3084 3378 καὶ⁸
3130 3326 3509 3396 κατήγγειλαν
3572 3325 3675 3390 τὰς

2079 3415 2300 3486 ἡμέρας
2331 3413 2555 3478 ταύτας.
2586 3433 2607 3467 ι

2151 3508 2700 3578 Προσυπακουστέον
2731 3508 3011 3565 κάνταῦθα
3043 3510 3103 3564 τδ
3127 3550 3144 3577 ,
3174 3511 3322 3584 Πρὸς
3349 3512 3478 3574 τοὺς
3501 3510 3671 3565 πατέ-

2085 3619 2185 3674 ρας
2223 3601 2404 3672 ήμῶν,
2437 3601 2522 3654 ῖνα
2609 3619 2623 3632 ·
2651 3603 2758 3658 Καὶ
2790 3601 2992 3667 πάντες
3011 3603 3068 3658 δέ
3095 3605 3209 3658 ὅσοι
3238 3604 3510 3676 ἐλάλησαν
3534 3603 3673 3675 πρὸς

2084 3695 2210 3756 τοὺς
2239 3693 2483 3762 πατέρας
2524 3695 2556 3763 ή
2568 3692 2705 3763 μῶν.

2161 3805 2180 3838 ‹
2234 3787 2426 3858 Ὑμεῖς
2465 3787 2586 3840 ἐστέ
2619 3787 2728 3840 υ1ο1⁵
2755 3787 2863 3841 τῶν
2889 3788 3186 3859 προφητῶν
3218 3789 3439 3857 καὶτῆς
3484 3787 3676 3858 διαθή-

2093 3901 2112 3934 ‹
2149 3899 2275 3947 κης,
2303 3875 2370 3954 ἧς
2401 3880 2609 3935 διέθετο
2638 3883 2667 3934 ό
2703 3882 2835 3944 Θεὸς
2890 3883 3027 3955 πρὸς
3049 3881 3175 3945 τοῦς
3202 3882 3456 3954 Πατέρας
3487 3881 3671 3954 ήμῶν,

2095 3993 2113 4024 ι
2149 3973 2325 4042 λέγων
2381 3972 2518 4043 πρὸς
2559 3973 2834 4044 Ἀϐραάμ.
2891 3975 3002 4029 Καὶ
3033 3975 3091 4027 ἐν
3112 3973 3192 4044 τῷ
3240 3974 3520 4043 σπέρματί
3575 3989 3672 4026 σου

2096 4086 2114 4118 ι
2150 4066 2604 4137 εὐλογηθήσονται
2651 4067 2825 4120 πᾶσαι
2852 4067 2909 4120 at
2955 4067 3182 4137 πατριαὶ
3206 4067 3307 4136 τῆς
3367 4070 3492 4136 γῆς·
3544 4067 3676 4136 ύμῖν

2099 4179 2117 4211 ι
2155 4160 2368 4230 πρῶτον
2395 4161 2424 4212 ὁ
2450 4159 2600 4225 Θεδς,
2633 4161 2945 4228 ἀναστήσας
2996 4160 3086 4215 τδν
3122 4159 3293 4213 Παῖδα
3353 4158 3518 4214 αὑτοῦ
3565 4159 3675 4231 'Iq-

2099 4271 2116 4302 ‹
2158 4251 2321 4316 σοῦν,
2371 4251 2692 4306 ἀπέστειλεν
2759 4252 2922 4305 αὐτὸν
2976 4251 3308 4321 εὐλογοῦντα
3360 4252 3505 4322 ὑμᾶς
3540 4291 3556 4316 ,
3616 4255 3677 4305 ἐν

2099 4362 2118 4395 ι
2154 4342 2233 4414 τῷ
2287 4342 2656 4413 ἀποστρέφειν
2724 4342 2956 4396 ἕκαστον
3034 4341 3142 4396 ἀπὸ
3207 4341 3316 4396 τῶν
3397 4341 3677 4414 πονηριῶν

2013 4453 2068 4513 D
2100 4454 2118 4487 ι
2156 4434 2330 4505 ὑμῶν.
2365 4455 2384 4488 ι

2170 4547 2189 4581 ι
2237 4529 2428 4598 Ὑμεῖς
2463 4528 2587 4579 ἐστέ
2631 4528 2739 4580 uio".
2805 4527 2915 4580 τῶν
2972 4528 3288 4597 προφητῶν,
3325 4547 3344 4580 ι
3385 4529 3507 4582 ἀντὶ
3553 4529 3675 4596 τοῦ,
3733 4545 3738 4548 ’

2093 4621 2185 4692 Μὴ
2232 4621 2484 4673 πτοεῖσθε
2530 4619 2664 4690 μηδέ
2726 4619 2974 4686 νομίζετε
3011 4620 3405 4690 ἠλλοτριῶσθαι
3449 4622 3678 4686 ἑαυτοὺς

2094 4714 2207 4768 τῶν
2234 4710 2601 4780 ἐπαγγελιῶν.
2657 4710 2848 4781 Ὑμεῖς
2899 4709 3026 4763 ἐστέ
3058 4710 3168 4763 υἱοὶ
3208 4710 3318 4764 τῶν
3348 4711 3669 4782 προφητῶν,

2094 4807 2236 4861 ὥστε
2296 4806 2424 4875 ὑμῖν
2484 4803 2691 4870 ἔλεγον,
2741 4802 2838 4854 καὶ
2883 4800 2951 4852 δι’
2997 4801 3141 4870 ὑμᾶς
3203 4800 3377 4855 ταῦτα
3423 4803 3666 4871 γέγονεν.

2109 4898 2300 4968 Ὑμεῖς
2330 4898 2448 4967 μὲνν
2481 4895 2668 4966 φησὶν,
2699 4894 2822 4946 ἐστέ
2853 4893 2960 4946 υίοὶ
2999 4892 3106 4945 τῶν
3135 4893 3450 4964 προφητῶν,
3517 4890 3680 4960 οὗτος

2097 4992 2154 5044 δὲ
2175 4989 2302 5052 Υἱός
2331 4992 2445 5042 ἐστι
2479 4986 2573 5040 τοῦ
2623 4985 2782 5050 Θεοῦ,
2819 4984 3147 5054 ἐπιμερίσας
3181 4985 3324 5039 κατά
3363 4985 3460 5057 τὴν
3487 4987 3680 5041 οὐσίαν

2099 5083 2192 5137 τὸν
2240 5080 2479 5151 Πατέρα,
2527 5079 2753 5140 ἐκείνοις
2797 5077 2854 5130 δέ
2889 5078 2982 5130 καὶ
3025 5077 3235 5131 ἐαυτόν.
3274 5078 3505 5148 «Ὑμεῖς
3554 5079 3680 5134 ἐστι

2100 5172 2207 5226 υἱοὶ
2227 5170 2334 5224 τῶν
2377 5167 2672 5239 προφητῶν
2717 5168 2811 5219 καὶ
2857 5166 2953 5235 τῆς
2989 5165 3274 5236 διαθήκης.
3308 5186 3326 5219 ι
3382 5168 3521 5234 Υἱοὶ,
3559 5171 3683 5224 ἀντὶ

2101 5263 2218 5330 τοῦ,
2253 5263 2601 5331 κληρονόμοι.
2632 5260 2696 5312 Ei
2721 5259 2828 5327 γὰρ
2857 5259 2990 5324 υἱὸς,
3024 5260 3118 5311 καὶ
3148 5260 3501 5330 κληρονόμος,
3541 5262 3682 5332 κλη.

2106 5355 2322 5425 ρονόμοι
2376 5353 2433 5406 δέ
2478 5352 2539 5404 ού
2596 5349 2926 5421 προσφάτως
2981 5350 3386 5422 ἐγγραφέντες,
3434 5353 3553 5404 ἀλλ’
3603 5354 3682 5418 ὡς

2101 5446 2244 5499 υἰοίο
2279 5445 2372 5498 καὶ⁵
2400 5445 2489 5497 ἴνα
2531 5442 2680 5513 δείξῃ
2723 5442 2804 5494 ὃτι
2875 5444 2999 5495 ὅσον
3050 5442 3160 5495 ἀπὸ
3201 5443 3300 5512 τῆς
3351 5442 3682 5512 υἱοθεσίας,·

2104 5540 2152 5592 εί
2185 5537 2291 5608 ἄρα
2314 5537 2409 5591 καὶ
2437 5535 2592 5589 αὐτοὶ
2655 5533 2956 5600 βούλονται,
3003 5533 3331 5605 κληρονόμοι
3414 5539 3523 5590 eiul.
3589 5539 3683 5592 καὶ

2105 5631 2260 5684 αὐτοὶ
2292 5629 2365 5692 ὡς
2391 5628 2518 5693 υἱοὶ,
2579 5627 2659 5680 διὸ
2703 5626 2797 5679 καὶ
2853 5625 2932 5689 ’ὡς
2987 5626 3120 5690 υιοῖς
3185 5627 3313 5679 Υἱὸν
3361 5628 3682 5688 ἀπέστειλε.

2121 5720 2434 5776 Ἀπέστειλε
2466 5719 2565 5790 μὲν
2591 5719 2688 5773 καὶ
2707 5716 2935 5789 ἑτέροις,
2966 5717 3080 5772 ἀλλ’
3125 5717 3257 5790 ὑμῖν
3285 5718 3504 5790 πρῶτον
3533 5736 3549 5752 ο
3585 5720 3683 5775 καὶ
