4058 6542
413 401 485 466 93
1387 406 1777 470 COMMENT.
1807 408 1889 468 IN
1931 409 2117 467 ACTA
2147 407 2729 472 APOSTOLORUM.
3625 411 3698 476 96

414 516 537 571 οὐδὲ
566 519 748 588 μόνον,
778 519 914 572 ἀλλὰ
941 519 1176 590 πρώτοις
1213 521 1312 590 μὲν
1363 522 1528 574 οἱονεὶ
1561 522 1992 592 προηγουμένως

2120 522 2218 576 lem
2247 533 2300 578 et
2333 525 2607 594 praecipue
2629 524 2807 586 vobis.
2835 506 2929 594 qui
2951 534 3128 578 tamen
3159 539 3282 578 eum
3337 525 3692 584 crucifixistis

416 614 532 674 τοῖς
566 609 912 676 σταυρώσασι
943 612 1038 664 καὶ
1069 611 1440 667 ἀποκτείνασι.
1466 614 1576 665 Καὶ
1600 613 1765 678 πότες
1802 613 1878 666 Οὐ
1906 613 2000 666 νῦν

424 701 606 771 μόνον,
639 701 776 754 ἀλλά
796 703 889 756 καὶ
918 704 1024 774 πρὸ
1050 702 1144 756 τοῦ
1177 704 1434 773 σταυροῦ,
1472 705 1566 756 καὶ
1607 705 1708 772 πρὸ
1741 705 2000 758 τοσούτου

417 793 788 863 τολμήματος.
819 797 914 848 καὶ
941 797 1078 864 μετά
1093 797 1192 866 τὴν
1219 798 1535 854 ἀνάστασιν.
1570 798 1664 850 Διδ
1697 797 1790 850 καί
1813 815 2001 866 φησιν,

426 905 445 937 ι
497 887 660 956 Ὑμῖν
695 890 912 959 πρῶτον
951 891 1266 961 ἀναστήσας
1324 893 1508 945 αὐτόν.
1546 911 1565 943 ι
1627 891 1692 943 Τί
1737 892 2001 959 ποιῆσαι;

422 977 731 1046 Εὐλογῆσαι
765 981 1048 1034 κα“ι’σῶσαι
1073 983 1240 1051 ὑμᾶς,
1275 984 1322 1035 εί
1356 983 1464 1053 ἄρα
1487 984 1582 1036 καὶ
1603 984 1760 1036 αὐτοὶ
1787 981 2004 1036 ἕλοισθε

428 1071 753 1138 ἐπιστρέψαι
780 1071 888 1123 ἀπὸ
912 1071 1021 1124 τῶν
1041 1073 1229 1126 κακῶν
1253 1073 1429 1143 ὑμῶν.

499 1181 518 1214 ι
558 1162 881 1216 Λαλούντων
911 1163 966 1216 δὲ
999 1164 1178 1218 αὐτῶν
1213 1165 1349 1235 πρὸς
1374 1165 1465 1218 τὸν
1519 1164 1650 1218 λαὸν
1699 1165 2007 1236 ἐπέστησαν

436 1276 454 1306 ι
489 1255 672 1316 αὐτοῖς
692 1256 742 1308 οἱ
765 1257 952 1326 ίερεῖς,
979 1259 1070 1309 καὶ
1098 1259 1126 1310 ὁ
1157 1257 1464 1326 στρατηγὸς
1493 1257 1587 1310 τοῦ
1619 1257 1790 1328 ἱεροῦ,
1833 1259 1990 1310 καλοί

436 1373 454 1400 ι
486 1349 831 1402 Σαδδουκαῖοι
879 1349 1304 1417 ,διαπονούμενοι
1358 1349 1444 1402 διὰ
1494 1349 1554 1402 τὸ
1598 1350 1872 1403 διδάσκειν
1920 1351 2010 1403 τὸν

435 1461 453 1492 ι
489 1441 639 1500 λαὸν.
674 1442 769 1494 καὶ
800 1441 1193 1508 καταγγέλλειν
1217 1443 1268 1494 ἐν
1300 1442 1373 1510 τῷ
1405 1440 1579 1510 Ἰησοῦ
1601 1441 1696 1511 τὴν
1717 1442 2012 1496 ἀνάστασιν

433 1553 450 1584 ι
477 1531 574 1604 τὴν
601 1535 664 1586 ἐκ
687 1534 919 1604 νεκρῶν.
965 1536 1074 1588 Καὶ
1121 1535 1389 1588 ἐπέϐαλον
1434 1536 1618 1598 αὐτοῖς
1658 1535 1756 1599 τὰς
1799 1538 2008 1605 χεῖρας,

434 1647 451 1678 ι
487 1627 579 1678 καὶ
605 1625 787 1680 ἔθεντο
818 1629 897 1688 εις
927 1629 1160 1698 τήρησιν
1204 1631 1281 1691 εἰς
1338 1629 1435 1698 τὴν
1481 1626 1689 1698 αὔριον.
1745 1624 1853 1682 Ἦν
1906 1630 2013 1700 γὰρ

433 1736 451 1768 ι
491 1718 698 1788 ἑσπέρα
724 1718 845 1788 ήδη.
879 1720 1068 1772 Πολλοὶ
1127 1720 1181 1773 δὲ
1236 1719 1344 1773 τῶν
1392 1720 1745 1773 ἀκουσάντων
1810 1720 1901 1774 τὸν
1925 1719 2004 1773 λό-

437 1831 454 1863 ι
483 1829 576 1878 γον
599 1811 950 1864 ἐπίστευσαν.
980 1831 999 1863 ι
1410 1802 1412 1804 ⁷

501 1924 645 1994 Ὅρα
700 1923 820 1988 πῶς
875 1926 1241 1994 οἰκονομεῖται
1296 1925 1366 1979 τὰ
1416 1927 1734 1998 πράγματα.
1789 1928 2010 1995 Πρῶτον

431 2014 838 2086 ἐχλευάσθησαν
864 2017 1067 2078 πάντες
1096 2017 1252 2086 ὁμοῦ.
1283 2015 1414 2070 Εἶτα
1462 2021 1920 2091 εὐδοκιμήσαντες
1955 2021 2012 2073 ἐν

435 2111 552 2171 ταῖς
601 2109 994 2178 δημηγορίαις,
1081 2110 1176 2162 καὶ
1232 2109 1417 2179 θαῦμα
1461 2112 1832 2180 ἐργασάμενοι
1875 2113 2013 2183 μετὰ

429 2201 598 2254 ταῦτα
633 2203 799 2271 μέγα,
828 2201 973 2256 οὕτω
1000 2201 1062 2272 δὴ
1079 2203 1266 2264 λοιπὸν
1297 2205 1432 2272 μετὰ
1463 2204 1522 2255 τὸ
1553 2203 1850 2275 θαρρῆσαι,
1876 2204 2011 2256 Θεοῦ

431 2296 910 2366 συγχωρήσαντος,
943 2298 1022 2359 εἰς
1055 2297 1336 2359 κινδύνους
1387 2296 1731 2366 ἐμϐαίνουσι,
1758 2300 1852 2350 καὶ
1904 2297 2013 2351 τῶν

432 2390 660 2458 ἀγώνων
686 2389 1099 2442 ἃπτονται.Θέα
1129 2390 1186 2442 δὲ
1231 2388 1330 2460 τὴν
1361 2391 1442 2452 εἰς
1478 2390 1780 2459 ἰταμότητα
1807 2407 2012 2460 προκο-

429 2485 535 2553 πὴν
561 2483 668 2536 τῶν
717 2484 1008 2549 Ἰουδαίων,
1041 2482 1124 2535 ὅτι
1161 2483 1254 2535 ἐπὶ
1289 2481 1385 2535 τοῦ
1436 2481 1674 2552 Χριστοῦ
1708 2481 1799 2534 τὸν
1834 2499 2013 2554 παρα-

427 2576 664 2628 ὃώσοντα
678 2575 988 2646 ζητοῦντες,
1008 2577 1106 2629 νῦν
1122 2575 1278 2629 αὐτοὶ
1293 2578 1392 2636 τὰς
1418 2577 1606 2649 χεῖρας
1633 2574 2008 2639 ἐπιϐάλλουσι,

431 2669 759 2740 θρασύτεροι
794 2671 1082 2738 γεγονότες
1115 2671 1254 2740 μετὰ
1281 2670 1370 2722 τὸν
1402 2671 1656 2742 σταυρόν.
1691 2665 1850 2740 Εἶχον
1901 2668 2010 2739 γὰρ

429 2761 524 2815 καὶ
564 2761 654 2815 τὸν
677 2763 1005 2832 στρατηγὸν,
1035 2762 1123 2814 ἵνα
1154 2761 1316 2815 πάλιν
1337 2763 1599 2832 δημόσιον
1627 2762 1882 2834 ἔγκλημα
1905 2779 2006 2815 πε-

433 2853 624 2923 ριθῶσι
652 2856 767 2916 τοῖς
783 2855 1194 2923 γεγενημένοις,
1213 2853 1306 2906 καὶ
1335 2853 1408 2923 μὴ
1431 2853 1505 2917 ὡς
1554 2854 1826 2908 ἰδιωτικὸν
1862 2854 2008 2908 ἐκδι-

429 2943 588 3008 κῶσι,
620 2944 759 3014 ὅπερ
781 2943 1059 3012 πανταχοῦ
1092 2944 1456 3008 σπουδάζουσι
1505 2948 1702 3000 ποιεῖν.
1747 2945 2010 2998 Ἐνώπιον

429 3035 484 3089 δέ
510 3035 604 3088 τοῦ
637 3035 879 3106 πλήθους
905 3036 1000 3088 τού
1029 3036 1342 3089 ἀποστόλων
1390 3037 1745 3107 ἐδέσμευσαν,
1792 3039 1881 3091 ἴνα
1919 3039 2011 3092 καὶ

431 3127 629 3191 αὐτοὺς
705 3127 951 3198 ὁρῶντας
1002 3128 1342 3198 δειλοτέρους
1413 3130 1776 3199 ἐργάσωνται.
1849 3129 2010 3183 Ἀλλά

2106 626 2158 668 et
2235 615 2612 672 interemistis.
2675 616 2744 671 Et
2818 617 3039 686 quando
3096 617 3285 670 misit?
3351 614 3469 671 Non
3548 634 3696 678 nunc

2108 713 2312 772 solum,
2344 711 2437 764 sed
2484 721 2536 765 ct
2581 721 2711 765 ante
2767 712 3082 780 passionem
3119 711 3440 780 priusquam
3483 719 3696 764 tantum

2109 803 2322 858 facinus
2364 812 2738 873 perpetratum
2769 814 2937 866 esset,
2969 814 3022 857 et
3056 813 3176 873 post
3211 805 3694 858 resurrectionem.

2109 893 2264 949 Unde
2298 895 2373 949 ait
2403 914 2415 948 :
2458 915 2476 946 ι
2516 896 2794 950 Snscitato
2838 896 2976 950 Filio
3003 911 3124 960 suo,
3157 896 3304 949 misit
3335 911 3480 950 eum.
3520 914 3539 946 ι
3578 894 3701 961 Quo

2109 989 2328 1043 tandem
2361 987 2593 1044 fine?llt
2619 989 2965 1044 benediceret
2989 1005 3052 1043 ac.
3076 992 3313 1042 salvaret
3338 1005 3455 1054 vos,
3489 989 3534 1043 si
3567 1002 3700 1044 sane

2108 1084 2272 1135 etiam
2311 1082 2412 1152 ipsi
2444 1083 2686 1137 converti
2717 1083 2898 1138 velitis
2929 1097 2958 1135 a
2989 1083 3150 1136 malis
3183 1081 3406 1134 vestris.

2180 1174 2272 1236 1V,
2307 1174 2423 1229 1-4.
2460 1193 2480 1226 ε
2523 1174 2901 1244 Loquentibus
2941 1185 3126 1229 autem
3168 1175 3274 1228 illis
3318 1173 3385 1228 ad
3435 1173 3697 1242 populum

2118 1287 2137 1320 ι
2177 1281 2615 1338 supervenerunt
2662 1270 2744 1325 eis
2793 1269 3132 1332 sacerdotes.
3181 1285 3246 1324 ac
3277 1267 3601 1338 duxtetnpli
3647 1276 3700 1321 et

2120 1379 2138 1412 ι
2178 1361 2487 1424 Sadducaei,
2513 1360 2762 1415 dolentes
2793 1375 2859 1414 eo
2893 1360 3038 1430 quod
3065 1361 3324 1414 docerent
3357 1358 3614 1428 populum
3643 1363 3700 1409 ct

2122 1469 2140 1502 ι
2177 1453 2572 1505 annuntiarent
2603 1467 2699 1522 per
2726 1449 2914 1506 Iesum
2957 1450 3414 1506 resurrectionem
3451 1454 3698 1501 mortuo-

2123 1561 2142 1595 ι
2179 1559 2297 1597 rum
2331 1553 2345 1593 ι
2380 1552 2434 1598 et
2466 1543 2772 1616 iujecerun_t
2801 1545 2879 1599 eis
2911 1558 3128 1606 manus,
3167 1550 3579 1612 posuerunlque
3600 1553 3696 1594 eos

2125 1655 2143 1688 ι
2179 1637 2234 1690 in
2263 1635 2572 1690 custodiam
2610 1636 2665 1690 in
2710 1643 2990 1705 posterum
3027 1635 3171 1689 diem
3210 1641 3372 1688 :erat
3406 1634 3550 1686 enim
3583 1630 3695 1700 jam

2125 1747 2143 1781 ι
2185 1743 2428 1799 vespera.
2469 1729 2617 1783 Multi
2647 1738 2824 1784 autem
2855 1744 2921 1784 ex
2951 1729 3030 1784 eis
3055 1728 3148 1800 qui
3175 1726 3462 1782 audierant
3487 1736 3698 1780 sermo-

2126 1838 2144 1870 ι
2183 1833 2335 1882 nem,
2373 1817 2748 1872 crediderunt.
2791 1837 2811 1870 ι

2187 1933 2324 1989 Vide
2357 1949 2466 2004 quo
2499 1933 2662 1990 modo
2688 1949 2778 1989 res
2814 1931 3207 2003 disponantur.
3234 1930 3474 1984 Primum
3507 1945 3700 1984 omnes

2118 2027 2283 2081 simul
2338 2028 2485 2082 irrisi
2531 2038 2683 2092 sunt,
2713 2027 2912 2082 deinde
2955 2027 3008 2080 in
3052 2026 3416 2080 concionibus
3457 2022 3700 2078 celebres

2118 2118 2313 2183 effecti,
2361 2135 2486 2172 cum
2529 2121 2692 2173 etiam
2733 2118 2937 2188 grande
2977 2118 3282 2171 edidissent
3329 2115 3698 2169 miraculum:

2117 2212 2192 2265 ita
2241 2211 2352 2280 jam
2403 2212 2620 2265 tandem
2668 2221 2954 2280 postquam
3005 2209 3172 2263 libere
3219 2207 3384 2261 locuti
3439 2204 3698 2268 fuissent,

2115 2305 2466 2375 permittente
2501 2303 2629 2365 Deo,
2659 2303 2711 2355 in
2749 2304 2989 2368 pericula
3021 2301 3272 2354 incidunt
3298 2314 3358 2380 ac
3377 2297 3700 2352 certamini-

2114 2395 2220 2449 bus
2242 2401 2561 2463 tanguntur.
2597 2391 2893 2447 Considera
2920 2407 3048 2446 vero
3083 2390 3396 2445 Judaeorum
3449 2402 3704 2459 progres-

2116 2500 2234 2539 sum
2273 2500 2336 2538 ac
2374 2493 2712 2538 crementum
2761 2483 2829 2537 ad
2873 2482 3278 2546 crudelitatem,
3309 2497 3503 2549 nempe
3550 2479 3698 2550 quod

2113 2575 2206 2644 qui
2239 2591 2289 2644 pi
2305 2575 2390 2630 ius
2405 2575 2458 2628 in
2475 2573 2695 2630 Christo
2715 2575 2984 2644 capiendo
3002 2573 3337 2644 proditorem
3357 2575 3698 2643 quaerebant,

2115 2683 2263 2722 nunc
2316 2667 2418 2737 ipsi
2470 2683 2665 2722 manus
2706 2666 2984 2736 injiciunt,
3032 2667 3358 2720 audaciores
3404 2665 3531 2719 facti
3579 2673 3702 2734 post

2113 2761 2447 2832 passionem,
2505 2760 2782 2813 habebant
2832 2759 2979 2814 enim
3040 2757 3262 2824 ducem,
3315 2766 3374 2810 ut
3457 2757 3542 2810 his
3578 2771 3706 2825 qua:

2112 2855 2256 2909 facta
2295 2862 2480 2910 essent
2533 2853 2812 2924 publicium
2865 2867 3058 2906 rursus
3109 2851 3318 2906 crimen
3360 2849 3470 2921 34.
3522 2850 3702 2918 allige-

2114 2957 2258 3012 rent,
2309 2963 2412 3002 nec
2469 2947 2745 3017 pr0priant
2795 2945 3001 2999 ulcisci
3059 2942 3373 2998 viderentur
3420 2941 3700 3010 injuriam,

2113 3040 2258 3112 quod
2311 3040 2516 3108 ubique
2562 3039 2743 3094 facere
2785 3038 3060 3092 nituntur.
3109 3034 3307 3090 Coram
3351 3033 3704 3088 multitudine

2114 3143 2292 3188 autem
2325 3133 2600 3201 apostolos
2631 3131 2945 3195 vinxerunt,
2983 3137 3042 3182 ut
3072 3143 3168 3184 eos
3206 3127 3369 3182 etiam
3411 3125 3506 3195 qui
3544 3125 3703 3179 vide-

431 3221 740 3274 τουναντίον
768 3222 1004 3290 ἐγένετο.
1036 3221 1227 3275 Πολλοί¹
1256 3226 1366 3293 γάρ
1405 3222 1514 3275 τῶν
1540 3223 1889 3276 ἀκουσάντων
1921 3221 2009 3275 τὸν

2120 3233 2230 3278 rent
2266 3223 2568 3278 timidiores
2601 3223 2910 3276 redderent.
2952 3219 3059 3274 Sed
3086 3217 3424 3274 contrarium
3455 3215 3681 3271 accidit.

426 3309 586 3380 λόγον
620 3312 968 3365 ἐπίστευσαν.
1005 3311 1168 3384 Ὁρᾷς
1209 3311 1360 3364 θείαν
1398 3313 1680 3382 ἐνέργειαν
1713 3312 1956 3383 φανεράν
1989 3329 2004 3378 ;

428 3409 524 3458 καὶ
555 3405 662 3472 μὴν
687 3403 782 3456 καὶ
810 3405 937 3466 τοὺς
975 3404 1078 3475 ήδη
1137 3403 1541 3467 πιστεύσαντας
1589 3403 2014 3472 ἀσθενεστέρους

427 3493 535 3548 εδει
561 3494 840 3562 γενέσθαι.
881 3495 1022 3548 Ἀλλ’
1051 3498 1084 3566 ή
1119 3495 1329 3564 Πέτρου
1377 3494 1692 3566 δημηγορία
1732 3495 2014 3566 Πνεύματι

429 3586 556 3656 θείῳ
587 3589 1037 3660 συγκροτουμένη
1078 3590 1248 3659 αὐτῆς
1273 3588 1454 3642 αὐτῶν
1481 3590 1580 3659 τῆς
1610 3588 1788 3659 ψυχῆς
1814 3589 2011 3660 ἥψατο.

428 3680 566 3735 Κατ’
593 3681 729 3736 ἰδίαν
767 3682 821 3735 δέ
849 3684 1042 3746 αὐτοὺς
1088 3683 1458 3750 ἐξετάζουσιν,
1521 3684 1608 3736 ἵνα
1641 3684 1717 3752 μὴ
1755 3683 1864 3737 ἀπὸ
1915 3684 2015 3753 τῆς

429 3777 745 3849 παρρησίας
779 3777 959 3831 αὐτῶν
994 3779 1044 3830 οἱ
1067 3777 1358 3840 ἀκούοντες
1385 3777 1746 3848 κερδήσωσιν.

506 3997 526 4031 ι
565 3979 676 4032 Καὶ
704 3978 940 4049 ἐγενήθη
970 3981 997 4033 ὁ
1016 3979 1251 4050 ἀριθμὸς
1276 3979 1386 4032 τῶν
1407 3978 1620 4049 ἀνδρῶν
1670 3979 1806 4031 ὡσεὶ
1837 3975 2014 4047 χιλιά-

434 4091 453 4123 ι
488 4071 576 4133 δες
605 4071 788 4125 πέντε.
829 4071 1080 4139 Ἐγένετο
1100 4073 1157 4125 δέ
1198 4072 1292 4124 ἐπὶ
1321 4072 1418 4143 τὴν
1459 4071 1651 4143 αὔριον
1684 4071 2018 4142 συναχθῆναι

434 4181 458 4216 σ
498 4163 678 4218 αὐτῶν
703 4164 827 4226 τοὺς
860 4164 1127 4235 ἄρχοντας
1155 4168 1250 4218 καὶ
1281 4148 1690 4234 πρεσϐυτέρους
1718 4167 1811 4218 κοιλ⁵
1832 4181 2019 4236 γραμ-

437 4276 456 4308 ι
493 4258 684 4324 ματείς
718 4257 798 4319 είς
823 4256 1198 4326 Ἰερουσαλὴμ,
1233 4257 1329 4309 καὶ
1362 4258 1561 4310 Ἀνναν
1611 4256 1702 4310 τὸν
1732 4256 2016 4328 ἀρχιερέα,

434 4366 454 4399 ι
494 4348 588 4401 καὶ
621 4348 896 4415 Καϊάφαν,
931 4349 1024 4402 καὶ
1063 4349 1338 4415 Ἰωάννην,
1363 4353 1455 4402 καὶ
1505 4348 1869 4420 Ἁλέξανδρον,
1922 4349 2015 4402 καὶ

437 4460 457 4492 ι
495 4441 611 4494 ὅσοι
639 4436 782 4509 ἦσαν
805 4443 868 4492 ἐκ
896 4441 1086 4508 γένους
1116 4441 1530 4511 ἀρχιερατικοῦ.
1571 4441 1682 4495 Καὶ
1712 4442 2010 4512 στήσαντες

2122 4465 2140 4497 ι
2181 4451 2450 4515 quotquot
2479 4447 2639 4495 erant
2692 4453 2722 4492 e
2766 4451 2966 4508 genere
3023 4431 3349 4490 sacerdotali

435 4552 456 4582 ι
495 4533 692 4594 αὐτοὺς
729 4533 786 4584 ἐν
801 4533 877 4602 τίς)
903 4532 1072 4602 μέσῳ,
1108 4532 1493 4587 ἐπυνθάνοντο.
1526 4551 1544 4584 ι

509 4643 528 4675 ι
560 4623 815 4686 Χιλιάδες
846 4624 1030 4678 πέντε.
1063 4643 1082 4674 ι
1109 4624 1208 4677 Διά
1244 4623 1354 4694 γὰρ
1381 4625 1540 4678 τοῦτο
1569 4625 1885 4696 προέλεγεν,
1920 4628 2014 4681 ἐπὶ

425 4716 538 4770 τῶν
559 4718 820 4778 πεντάκις
850 4717 1038 4787 χιλίων
1061 4734 1074 4748 ο
1114 4735 1132 4767 ι
1163 4719 1290 4770 Δότε
1327 4719 1511 4782 αὐτοῖς
1543 4719 1702 4788 ὑμεῖς
1734 4723 1948 4788 φαγεῖν.
1990 4739 2008 4770 ι

433 4811 716 4878 Τουτέστι,
767 4810 1244 4881 πεντακισχιλίους
1304 4811 1564 4882 κορέσετε
1644 4813 1880 4876 πίστεως
1917 4813 2016 4868 καὶ

433 4904 590 4974 ὖμεῖς
628 4903 768 4973 μετὰ
793 4903 986 4958 ταῦτα.
1108 4909 1112 4916 ’
1233 4899 1257 4912 “

513 5034 534 5068 ι
575 5017 666 5070 Ἐν
702 5017 832 5089 ποία
885 5017 1157 5089 δυνάμειῆ
1185 5019 1245 5072 ἐν
1279 5017 1417 5087 ποίῳ
1448 5019 1677 5091 ὀνόματι
1723 5019 2018 5091 ἐποιήσατε

433 5107 591 5184 τοῦτο
617 5109 813 5178 ὑμεῖςς
845 5129 864 5162 ι

501 5223 609 5275 Καὶ
642 5221 749 5292 μὴν
767 5221 986 5293 ᾔδεισαν
1016 5237 1031 5252 ·
1062 5221 1385 5292 πονούμενοι
1433 5223 1563 5296 γάρ,
1597 5223 1655 5276 ἐν
1686 5224 1762 5294 τῷ
1796 5242 2012 5293 καταγ-

433 5313 643 5380 γέλλειν
670 5315 727 5366 ἐν
744 5314 820 5384 τῷ
849 5313 1027 5384 Ἰησοῦ
1056 5313 1154 5385 τήν
1179 5314 1500 5380 ἀνάστασιν,
1523 5315 1791 5386 κατέσχον
1804 5317 2023 5380 αὐτούς.

445 5407 722 5478 Ἐρωτῶσι
762 5408 840 5475 δὲ,
875 5406 1288 5479 προσδοκῶντες
1324 5409 1544 5471 αὐτοὺς,
1569 5410 1633 5462 ’τὸ
1670 5409 2024 5481 δικαστήριον

437 5501 615 5554 καὶτὸ
645 5500 849 5570 πλῆθος
883 5501 1246 5573 φοϐηθέντας,
1300 5501 1562 5573 ἐξάρνους
1613 5501 1888 5569 γενέσθαι,
1924 5506 2022 5557 καὶ

433 5592 493 5645 τὸ
521 5595 630 5647 πᾶν
655 5593 743 5647 διὰ
777 5595 972 5648 τούτου
1025 5593 1449 5664 κατωρθωκέναι
1479 5594 1810 5665 νομίζοντες.
1873 5595 2016 5667 Ὅρα

434 5684 544 5755 γὰρ
566 5683 687 5748 πῶς
715 5685 1039 5758 κακούργως
1063 5686 1363 5758 ἐρωτῶσιν.
1403 5685 1718 5741 Ἐϐούλοντο
1748 5687 1858 5757 γὰρ
1888 5687 2014 5752 τοὺς

507 5865 556 5898 ιο
580 5864 766 5925 Matth.
798 5882 910 5937 xiv,
955 5867 1039 5925 is.

2117 3315 2250 3370 Nam
2297 3315 2451 3368 multi
2479 3331 2544 3369 ex
2589 3313 2675 3366 liis
2701 3311 2794 3382 qui
2826 3312 3116 3366 audierant
3151 3324 3485 3372 sermonem,
3518 3307 3705 3362 credi-

2114 3407 2339 3463 derunt.
2375 3407 2542 3462 Vides
2583 3405 2872 3460 manifeste
2898 3404 3138 3458 divinam
3170 3401 3514 3458 ellicaciam?
3543 3400 3705 3469 Atqui

2113 3517 2211 3558 eos
2248 3500 2414 3556 etiam
2450 3499 2541 3570 qui
2583 3497 2931 3553 crediderant
2980 3496 3224 3565 Oportuit
3255 3493 3408 3548 reddi
3457 3492 3706 3548 imbecil-

2113 3591 2282 3646 liores
2326 3608 2340 3645 :
2390 3588 2484 3645 sed
2530 3587 2676 3643 Petri
2721 3588 2938 3652 concio,
2993 3586 3182 3640 divino
3229 3585 3414 3653 adjuta
3466 3583 3705 3653 Spiritu,

2117 3685 2266 3754 ipsas
2295 3697 2489 3737 eorum
2540 3681 2752 3736 animas
2798 3679 3068 3750 tetigerat.
3106 3678 3362 3731 Privatim
3395 3685 3579 3731 autem
3623 3674 3710 3728 in-

2119 3784 2420 3846 terrogant,
2454 3791 2523 3830 ne
2551 3791 2614 3830 ex
2653 3774 2896 3844 ipsorum
2933 3771 3186 3826 libertate
3232 3767 3490 3840 loquendi
3547 3766 3708 3822 audi-

2117 3875 2266 3922 tores
2303 3868 2519 3921 lucruin
2561 3873 2935 3936 reportareut.

2187 3981 2280 4046 ιν,
2308 3981 2426 4035 4-7.
2461 3998 2480 4032 ι
2519 3979 2586 4033 Et
2621 3979 2796 4034 factus
2837 3985 2918 4032 est
2956 3993 3217 4031 numerus
3254 3975 3497 4030 virorum
3542 3971 3708 4026 circi-

2124 4093 2143 4126 ι
2185 4082 2269 4128 ter
2298 4073 2540 4142 quinque
2585 4071 2841 4124 millium.
2877 4069 3097 4123 Accidit
3141 4076 3322 4122 autem
3366 4076 3588 4136 postero
3621 4061 3711 4118 die

2126 4187 2144 4220 ι
2183 4177 2240 4220 ut
2270 4171 2736 4235 congregarentur
2761 4162 3036 4231 principes
3063 4168 3118 4214 et
3151 4159 3400 4214 seniores
3425 4171 3488 4210 ac
3516 4155 3711 4210 scribae

2126 4279 2144 4310 ι
2195 4256 2612 4325 Hierosolymis,
2647 4253 2922 4321 simulque
2957 4253 3144 4304 Annus
3175 4248 3428 4318 princeps
3460 4243 3712 4298 sacerdo-

2128 4371 2146 4403 ι
2189 4360 2303 4404 tum
2349 4363 2413 4403 ac
2454 4345 2713 4416 Caiphas,
2764 4343 3116 4411 Joannesque
3161 4355 3225 4393 ac.
3283 4337 3593 4392 Alexander
3656 4342 3712 4389 et

3396 4450 3410 4487 :
3451 4431 3713 4501 ipsosque

2126 4557 2144 4591 ι
2181 4540 2236 4592 in
2277 4536 2458 4590 medio
2488 4533 2697 4604 positos
2726 4529 3156 4600 interrogabant.
3194 4546 3212 4578 ι

2198 4647 2216 4679 ι
2255 4626 2512 4696 Quinque
2541 4622 2732 4676 millia.
2765 4639 2784 4673 ι
2823 4619 2906 4676 Ob
2937 4621 3040 4674 hoc
3084 4618 3230 4674 enim
3260 4616 3608 4687 praedixerat,
3640 4613 3712 4671 de

2119 4721 2362 4790 quinque
2395 4717 2638 4770 millibus
2669 4729 2714 4767 ει
2751 4713 2884 4767 Date
2917 4712 3025 4766 illis
3055 4725 3150 4765 vos
3179 4710 3322 4780 quod
3359 4709 3526 4762 edant
3549 4709 3594 4748 δ’
3625 4725 3640 4763 :
3683 4725 3704 4760 ι

2124 4813 2228 4867 hoc
2257 4819 2362 4876 est,
2389 4825 2487 4866 vos
2524 4809 2689 4863 etiam
2730 4804 3078 4876 postmodum
3121 4804 3366 4872 quinque
3397 4802 3566 4856 millia
3607 4801 3712 4856 ﬁdo

2122 4913 2389 4962 saturate.

2191 5020 2281 5083 IV,
2312 5019 2418 5074 7-8.
2467 5036 2484 5070 ι
2521 5016 2638 5082 Qua
2680 5013 2924 5086 potentia
2963 5020 3057 5067 ant
3091 5027 3199 5082 quo
3227 5009 3450 5066 nomine
3473 5006 3706 5074 fecistis,

2128 5133 2146 5165 ι
2191 5113 2294 5167 hoc
2334 5109 2483 5165 vos?
2518 5127 2538 5161 ›

2195 5223 2362 5293 Atqui
2396 5223 2642 5279 sciebant
2678 5241 2692 5277 :
2727 5223 2977 5276 dolentes
3029 5220 3174 5275 enim
3217 5217 3364 5288 quod
3414 5214 3712 5270 annuntia-

2126 5325 2248 5372 rent
2293 5332 2387 5388 per
2433 5315 2618 5371 Jesum
2683 5313 3171 5378 resurrectionem,
3210 5317 3506 5366 tenuerunt
3555 5322 3652 5363 eos
3693 5325 3708 5362 :

2125 5407 2537 5480 interrogabant
2569 5415 2751 5461 tamen
2789 5406 3176 5460 existimantes
3216 5419 3311 5459 eos
3341 5402 3610 5473 judicium
3654 5415 3712 5455 ac

2124 5499 2534 5555 multitudinem
2592 5497 2819 5562 veritos,
2869 5511 2992 5550 esse
3047 5503 3368 5565 negaturos,
3425 5501 3710 5559 totumque

2121 5592 2399 5662 negotium
2440 5605 2538 5660 per
2574 5589 2677 5644 hoc
2738 5587 3120 5658 corrigendum
3171 5585 3526 5638 arbitrantes.
3573 5578 3710 5636 Vide

2157 5693 2300 5742 utem
2333 5697 2496 5756 quam
2546 5681 2774 5738 subdole
2815 5680 3184 5749 interrogant.
3234 5674 3510 5730 Malebant
3561 5672 3709 5730 enim
