4058 6570
448 445 515 511 97
1443 446 1835 509 COMMEN‘T.
1870 446 1951 507 IN
1984 445 2171 507 ACTA
2200 443 2788 511 APOSTOLORUM.
3641 453 3714 517 98

374 605 379 609 .
414 558 629 626 -λόγος,
661 559 797 631 φησὶ
826 557 907 624 τὸ,
942 576 962 610 ι
1006 557 1446 631 Ἐσταυρώσατε,
1481 579 1502 612 ι
1541 560 1844 635 προσνέμει
1897 579 2026 632 παρ⁴

2146 558 2344 624 mines,
2399 558 2447 615 si
2493 561 2659 616 modo
2720 561 2793 617 sit
2824 560 2918 632 qui
2973 576 3089 618 rem
3138 563 3357 619 acutius
3405 566 3723 636 perspiciat.

448 650 611 715 ευθὺς
645 650 741 718 τὸ,
783 671 804 705 ι
839 652 1105 722 Ἤγειρεν
1130 653 1195 707 ὲκ
1224 652 1455 723 νεκρῶν.
1492 672 1512 705 ι
1550 653 1649 717 Τίς
1676 654 1899 725 ἤγειρεν
1934 655 2027 722 ;Ὀ

447 743 600 805 Θεός.
646 744 801 798 Ἐπεὶ
815 744 926 815 γὰρ
982 746 1111 815 ὑμῖν
1153 745 1632 814 διαφθονουμένοις
1654 743 1798 811 ἔδοξε
1819 745 1898 817 τῷ
1919 745 2028 798 τῶν

448 836 781 907 κακούργων
809 836 1025 908 θανάτῳ
1048 837 1309 908 ἀχρειούν
1332 838 1431 908 τὴν
1459 839 1566 893 ἀπὸ
1594 837 1703 893 τῶν
1734 837 2027 909 Θαυμάτων

445 928 606 993 δόξαν
632 929 801 983 αὐτοῦ
867 928 969 1001 (διδ
996 931 1093 983 καὶ
1124 930 1333 998 ἔλεγον,
1366 952 1383 983 ι
1418 932 1484 985 Τί
1537 931 1801 1003 ποιοῦμεν
1831 949 1846 1000 ;
1888 932 1970 985 ὅτι
1999 933 2028 986 ὁ

444 1022 738 1091 ἄνθρωπος
777 1016 931 1084 οὗτος
958 1019 1143 1075 πολλὰ-
1161 1025 1363 1092 σημεῖα
1392 1025 1538 1077 ποιεῖ
1569 1042 1588 1076 ι
1615 1023 1657 1094 ),
1694 1021 1774 1093 τῷ
1804 1023 2026 1093 σταυρῷ

450 1113 549 1183 μὲν
605 1112 763 1183 ὑμῶν
814 1113 1080 1184 ἀντέθηκε
1115 1114 1217 1183 τὴν
1252 1114 1571 1167 ἀνάστασιν.
1626 1114 1771 1183 Τίς;
1811 1115 1873 1167 '0
1897 1114 2026 1178 Θεὸς

446 1203 764 1272 ἀναστήσας
792 1203 975 1257 αὐτόν.
1030 1204 1122 1276 Τῷ
1182 1205 1358 1275 Πατρὶ
1413 1203 1523 1275 γὰρ
1581 1206 1880 1275 προσνέμει
1927 1205 2027 1275 τὴν

430 1294 765 1363 ἀνάστασιν,
804 1296 926 1350 ἐπεὶ
948 1298 1044 1350 καὶ⁵
1067 1297 1245 1350 κοινὸν
1278 1296 1441 1368 ἔργον
1478 1299 1587 1352 πᾶν
1614 1298 1644 1350 ὃ
1700 1298 2025 1368 θεοπρεπὲς,

445 1387 582 1459 πλὴν
605 1388 718 1442 τῶν
745 1390 1125 1443 ύποστατικῶν
1171 1392 1642 1462 χαρακτηρισμῶν
1702 1393 1800 1463 τῆς
1849 1393 2028 1464 ζωαρ-

439 1481 607 1551 χικῆς
671 1481 920 1553 Τριάδος,
980 1484 1073 1536 καὶ
1129 1484 1216 1536 ἵνα
1275 1484 1425 1558 δείξῃ
1472 1486 1670 1548 αὐτοὺς
1732 1486 2027 1541 κάντεῦθεν

439 1570 877 1642 θεομαχοῦντας.
911 1573 985 1626 Τὸ
1016 1572 1126 1645 γὰρ
1151 1574 1328 1646 οἰκείᾳ
1356 1576 1584 1646 δυνάμει
1614 1577 1715 1629 ούκ
1768 1578 2026 1649 ἐνεχώρει

442 1664 581 1728 τέως
644 1665 817 1718 εἰπεῖν
879 1663 1024 1718 οὕτω
1090 1667 1326 1737 γυμνὸν,
1394 1669 1488 1722 καὶ
1535 1670 1673 1741 πρὸς
1705 1669 2026 1742 ἀνθρώπους

443 1756 722 1827 ὀργῶντας
755 1758 824 1812 τὰ
856 1759 1068 1813 ἑαυτῶν
1099 1759 1389 1831 συστῆσαι,
1446 1762 1539 1831 ἀφ’
1563 1756 1626 1816 οὗ
1663 1762 1759 1816 καὶ
1809 1766 1871 1834 τῇ
1931 1763 2025 1817 τοῦ

442 1848 576 1903 Θ;οῦ
605 1848 925 1922 δικαιοσύνῃ
973 1853 1072 1921 οὐχ
1103 1838 1480 1922 ὑπετάγησαν.
1515 1872 1534 1906 ι
1585 1855 1673 1908 Ἐν
1702 1859 1878 1927 τούτῳ
1932 1852 2026 1909 οὖν

2133 651 2259 704 Ideo
2287 668 2507 724 quoque
2556 655 2611 709 in
2654 671 2845 711 eorum
2890 656 3268 713 confusionem
3314 659 3381 713 ad
3422 675 3562 730 quos
3609 668 3730 717 erat

2129 756 2333 808 sermo,
2367 745 2460 799 ubi
2488 745 2754 803 dixisset:
2786 766 2805 798 ι
2846 747 3232 815 Crucilixistis,
3272 767 3291 801 ι
3336 752 3519 806 statim
3551 752 3730 820 addit,

2136 852 2155 886 ι
2189 834 2490 892 Suscitavit
2537 854 2566 893 a
2613 841 2866 895 mortuis.
2905 859 2924 895 ι
2968 841 3106 908 Quis
3164 842 3500 897 suscitavit?
3558 845 3725 899 Deus.

2130 925 2407 993 Quoniam
2436 931 2581 985 enim
2612 932 2770 987 vobis
2806 932 2925 1003 ejus
2960 933 3207 1004 opinioni
3245 948 3310 989 ac
3370 934 3556 1005 gloriae
3585 935 3727 989 invi-

2131 1017 2416 1088 dentibus,
2479 1023 2682 1093 placuit
2735 1024 2956 1079 abolere
3007 1034 3183 1081 tnorte
3240 1025 3481 1082 infandis
3523 1026 3728 1105 debita,

2129 1124 2249 1164 eam
2294 1127 2417 1180 quae
2450 1128 2479 1166 a
2518 1114 2803 1169 miraculis
2834 1115 2912 1168 illi
2951 1117 3238 1172 crescebat
3289 1117 3522 1186 gloriam
3572 1120 3727 1188 (nant

2129 1201 2338 1259 idcirco
2376 1204 2634 1259 dicebant
2667 1222 2680 1259 :
2716 1223 2736 1258 ι
2776 1205 2920 1271 Quid
2962 1206 3247 1263 facimus?
3275 1209 3400 1279 quia
3435 1208 3523 1262 hic
3563 1207 3729 1264 ltomo

2128 1293 2297 1346 multa
2331 1295 2485 1364 signa
2537 1295 2670 1350 facit
2695 1294 2825 1367 ³¹ι),
2865 1297 3018 1352 cruci
3058 1299 3278 1367 quidem
3315 1309 3509 1355 vestrae
3541 1315 3731 1355 resur-

2129 1384 2429 1439 rectionem
2480 1394 2763 1456 opposuit.
2829 1388 2966 1454 Quis
3016 1388 3040 1442 ?
3094 1387 3238 1444 Deus
3289 1391 3383 1460 qui
3428 1391 3725 1447 suscitavit

2128 1490 2254 1530 eum
2296 1496 2307 1530 :
2343 1475 2490 1533 Patri
2523 1479 2794 1549 siquidem
2850 1481 3315 1537 resurrectionem
3366 1483 3637 1548 attribuit,
3667 1492 3724 1538 et

2128 1569 2257 1639 quia
2307 1585 2471 1626 omne
2530 1571 2780 1626 divinum
2823 1587 2963 1642 opus
3021 1588 3313 1629 commune
3376 1582 3481 1640 est,
3533 1583 3729 1643 praeter

2128 1659 2218 1715 illa
2251 1676 2373 1732 quae
2399 1662 2630 1718 viviﬁcae
2676 1663 2961 1719 Trinitatis
2994 1680 3261 1735 personas
3295 1664 3584 1737 designant
3623 1683 3637 1719 :
3674 1674 3727 1722 et

2138 1759 2197 1806 ut
2256 1752 2384 1807 hinc
2436 1769 2655 1825 quoque
2723 1756 2846 1811 illos
2904 1754 3013 1812 Deo
3067 1755 3349 1811 adversari
3407 1758 3723 1813 ostendat:

2128 1844 2372 1898 nondum
2402 1846 2547 1900 enim
2584 1848 2851 1916 temporis
2873 1848 3094 1903 occasio
3126 1848 3340 1903 sinebat
3373 1856 3432 1902 ut
3471 1850 3545 1902 ita
3581 1848 3728 1904 unde

440 1940 519 2011 τῷ
572 1941 821 2012 ὀνόματι,
966 1915 1175 2012 Πέτρος
1244 1915 1429 2017 φησιν,
1472 1941 1628 2011 οὗτος
1684 1915 2026 2018 παρέστηκεν

2134 1936 2343 1993 diceret
2368 1939 2592 2008 propria
2628 1941 2873 2008 potentia
2909 1955 3032 1995 eum
3064 1940 3459 2003 resurrexisse,
3490 1941 3720 2010 potissi-

444 2033 628 2104 ύγιής.
662 2051 681 2086 ι
712 2034 812 2088 Διά
840 2035 958 2101 τοῦ,
992 2036 1330 2107 παρέστηκε,
1359 2038 1416 2091 δὲ
1441 2038 1521 2102 τὸ,
1551 2058 1577 2091 ιο
1604 2038 1970 2110 Ἀνὼρθωται,
2003 2059 2022 2092 ι

347 2128 355 2134 ’
447 2127 788 2197 ύπεσήμανε.
819 2129 933 2183 Καὶ
959 2129 1040 2194 τὸ,
1100 2149 1119 2183 ι
1156 2125 1329 2196 Οὗτός
1383 2133 1534 2186 ἐστιν
1585 2135 1614 2187 ὁ
1664 2133 1832 2197 λίθος,
1870 2154 1889 2186 t
1929 2134 2027 2204 τὴν

442 2216 720 2287 ἀναφορὰν
751 2219 812 2272 ού
844 2219 982 2291 πρὸς
1017 2220 1108 2274 τὸν
1150 2220 1324 2291 χωλὸν
1380 2222 1513 2294 ἔχει,
1573 2223 1710 2277 ἀλλά
1758 2224 1894 2295 πρὸς
1938 2223 2028 2278 τὸν

456 2314 663 2384 Ἰησοῦν
694 2316 953 2387 Χριστὸν,
984 2311 1047 2372 οὗ
1071 2318 1151 2390 τῷ
1178 2319 1407 2389 ὀνόματι
1459 2319 1698 2391 ἔρρωται
1759 2321 1787 2373 ὁ
1833 2300 2024 2389 χωλός.

449 2409 548 2471 Ὃς
579 2408 729 2471 λίθος
759 2409 851 2479 ὑφ’
881 2408 1039 2479 ὑμῶν
1060 2411 1161 2481 μὲν
1197 2412 1296 2482 τὴν
1339 2411 1633 2483 οἰκοδομὴν
1679 2411 2028 2482 τεταγμένων

443 2500 839 2569 ἑξουθενοῦται,
873 2505 954 2568 είς
976 2505 1226 2577 κεφαλὴν
1286 2505 1344 2558 δὲ
1391 2504 1597 2574 γωνίας
1642 2505 1738 2560 τοῦ
1782 2507 1880 2577 τῆς
1939 2507 2029 2561 πί-

447 2611 618 2660 στεως
647 2597 873 2665 γέγονεν
936 2599 1113 2665 οἴκου,
1164 2598 1514 2669 ἀμφοτέρους
1575 2600 1863 2654 συνάπτων
1898 2602 2027 2667 τοὺς

442 2686 671 2756 τοίχους,
703 2687 793 2743 τὸν
820 2688 881 2754 ἐξ
912 2690 1184 2744 Ἰουδαίων
1206 2689 1356 2757 λαὸν,
1388 2693 1480 2746 καὶ
1511 2695 1603 2745 τὸν
1634 2691 1695 2758 ἐξ
1722 2693 1914 2761 ἐθνῶν,
1946 2696 2027 2758 είς

445 2779 577 2847 μιᾶς
602 2778 842 2843 πίστεως
863 2783 1202 2853 συμφωνίαν.
1222 2783 1424 2839 Σκόπει
1451 2784 1509 2839 δὲ
1538 2786 1621 2839 ὅτι
1648 2787 1744 2839 καὶ
1770 2784 1853 2853 τὸ,
1886 2805 1904 2838 ι
1938 2786 2028 2842 Ἐν

447 2869 714 2942 ἀλλῳούκ
770 2873 920 2930 ἐστιν
980 2877 1016 2946 ὴ
1072 2877 1386 2948 σωτηρία.»
1443 2877 1505 2932 τὸ
1546 2877 1826 2949 ψαλμικάν
1876 2880 2025 2934 ἐστιν

447 2960 718 3029 ἑξαπλοῖω
737 2964 939 3034 λόγιον,
971 2967 1051 3035 τὸ,
1085 2987 1105 3021 ι
1133 2969 1294 3040 Παρὰ
1322 2969 1531 3042 Κυρίου
1564 2971 1782 3040 ἐγένετο
1810 2970 1975 3040 αὕτη,
1998 2989 2019 3025 t

446 3056 607 3109 οἱονεὶ
642 3059 676 3129 ὴ
705 3058 929 3131 συνοχὴ,
957 3062 1051 3115 καὶ
1070 3063 1099 3115 ὁ
1124 3061 1424 3134 σύνδεσμος
1461 3066 1500 3136 ὁ,
1520 3060 1807 3136 σωτήριος,
1828 3059 1890 3120 οὗ
1904 3067 2026 3131 ’πᾶς

447 3149 735 3221 ἄνθρωπος
760 3152 862 3206 οὐκ
900 3153 961 3220 ἐξ
996 3154 1212 3218 οὐδενὸς
1246 3154 1409 3209 ἄλλου
1452 3134 1503 3226 ἢ.
1525 3134 1681 3227 παρά
1722 3157 1883 3226 μόνου
1929 3158 2023 3225 γέ·-

2132 2043 2280 2083 mum
2324 2032 2465 2100 apud
2499 2031 2751 2087 homines
2779 2033 2871 2102 qui
2918 2046 3017 2087 sua
3073 2032 3323 2090 stabilire
3360 2030 3678 2086 nitebantur
3707 2069 3725 2098 ,

2130 2132 2184 2175 et
2214 2121 2337 2177 ideo
2370 2121 2461 2176 Dei
2483 2121 2714 2192 justitia:
2748 2138 2857 2177 non
2891 2131 3054 2179 erant
3097 2123 3328 2194 subjecti
3350 2125 3457 2177 ".t
3495 2121 3596 2177 Per
3624 2124 3726 2177 hoc

2129 2228 2258 2284 ergo
2287 2229 2484 2270 nomen
2522 2216 2619 2285 (ait
2649 2214 2867 2289 Petrus)
2900 2218 3004 2271 iste
3053 2225 3198 2272 astat
3252 2233 3447 2273 sanus.
3488 2236 3507 2269 ι
3548 2214 3729 2272 Verlo

2136 2325 2155 2359 ι
2196 2306 2375 2369 Astat,
2425 2325 2443 2358 ›
2483 2306 2798 2362 subiudicat
2837 2325 2855 2359 ι
2896 2309 3126 2364 Erectus
3151 2317 3252 2363 est.
3281 2326 3301 2360 ι
3336 2305 3402 2361 Ει
3429 2309 3572 2379 quod
3605 2309 3720 2362 ait:

2134 2417 2153 2452 ι
2193 2398 2293 2455 Hic
2315 2408 2400 2456 est
2438 2400 2598 2472 lapis,
2646 2419 2665 2452 ι
2700 2415 2807 2455 non
2837 2400 2905 2455 ad
2935 2402 3199 2457 claudum
3240 2402 3502 2469 refertur,
3539 2402 3631 2457 sed
3660 2403 3727 2457 ad

2132 2491 2317 2549 Jesum
2352 2494 2657 2558 Christum.
2689 2496 2850 2565 cujus
2880 2500 3103 2552 nomine
3136 2498 3430 2552 roboratus
3468 2497 3724 2552 estclau-

2128 2584 2251 2640 dus.
2279 2585 2386 2652 Qui
2414 2586 2554 2658 lapis
2585 2603 2615 2642 a
2636 2588 2795 2643 vobis
2825 2590 3046 2659 quidem
3081 2590 3371 2645 aedilicium
3418 2589 3728 2644 ordinanti-

2137 2677 2244 2733 bus
2277 2679 2608 2750 reprobatus
2635 2689 2740 2740 est.
2779 2678 2962 2735 factus
2996 2690 3080 2735 est
3131 2690 3312 2735 autem
3345 2680 3398 2732 in
3433 2686 3599 2750 caput
3630 2694 3728 2731 an-

2133 2771 2244 2840 guli
2274 2772 2328 2824 in
2375 2770 2605 2825 aedilicio
2648 2769 2795 2837 fidei,
2834 2782 3130 2842 utrumque
3164 2772 3506 2842 conjungcns
3547 2770 3729 2839 parie-

2129 2867 2258 2926 tem,
2288 2876 2481 2932 nempe
2521 2860 2811 2915 Jutlaicum
2859 2863 3121 2931 populum
3168 2872 3333 2932 atque
3359 2861 3635 2932 gentilem,
3668 2859 3724 2914 itt

2128 2955 2295 3008 unius
2328 2953 2448 3009 fidei
2476 2956 2851 3009 concordiam.
2881 2952 3181 3008 Considera
3212 2970 3341 3007 voro
3378 2953 3520 3023 quod
3554 2952 3721 3005 etiam

2129 3046 2184 3101 id
2240 3046 2386 3118 quod
2442 3049 2712 3118 sequitur,
2753 3066 2772 3100 ι
2818 3046 2923 3103 Ρει·
2974 3048 3140 3101 aliutn
3194 3063 3298 3100 nou
3345 3053 3431 3102 est
3477 3045 3648 3107 salus,
3693 3063 3713 3097 ι

2131 3139 2439 3195 Psalmlstae
2466 3141 2724 3210 explanat
2751 3139 3039 3195 oraculum
3078 3154 3187 3208 quo
3212 3138 3436 3199 dicitur,
3474 3156 3493 3188 ι
3539 3137 3582 3189 A
3611 3135 3721 3192 Do-

444 3238 569 3310 γονε
595 3243 691 3297 τοῦ
725 3246 1126 3315 ἀκρογωνιαίου
1171 3246 1343 3302 λίθου.
1391 3248 1513 3301 Ὀτι
1583 3268 1600 3300 ι
1636 3249 1789 3317 Μηδὲ
1840 3249 2026 3319 ἔτερόν

2134 3236 2279 3287 mino
2340 3234 2525 3287 factus
2570 3241 2653 3286 est
2690 3232 2811 3297 iste,
2850 3251 2867 3283 ι
2905 3242 3165 3302 tanquam
3225 3229 3417 3298 cepula
3465 3243 3529 3282 ac
3582 3242 3719 3281 con-

444 3351 501 3388 τι
529 3334 703 3407 ὄνομά
752 3338 894 3402 ἐστι,
933 3356 954 3391 ›
993 3338 1260 3405 τουτέστι,
1289 3339 1417 3405 δόξα
1471 3340 1790 3411 σεϐάσμιος,
1848 3343 1898 3395 εί
1951 3342 2026 3412 μὴ

2134 3325 2339 3395 iunctio
2387 3325 2666 3391 salutaris,
2701 3325 2753 3379 id
2791 3323 3045 3379 indicans
3081 3322 3228 3393 quod
3276 3321 3458 3376 omnis
3491 3320 3657 3374 homo
3686 3332 3719 3373 a

452 3426 587 3498 μόνη
636 3427 779 3499 αὕτη
810 3429 963 3501 aeni
1018 3432 1255 3503 Χριστὸν
1308 3432 1401 3486 τὸν
1433 3432 1832 3503 ἀκρογωνιαῖον
1880 3433 2027 3487 λίθον

448 3516 653 3583 πίστις,
683 3519 784 3582 τὰς
810 3519 977 3584 ἄλλας
1011 3521 1437 3593 παρευδοκιμεῖν
1459 3522 1660 3594 ἔχουσα
1700 3524 2026 3591 πίστεις,ὼς

446 3606 539 3660 ἀπ’
564 3609 704 3679 αὐτῇ
728 3608 789 3662 τὸ
823 3613 1089 3682 σωτήριον
1124 3611 1407 3681 δεδομένον
1438 3612 1597 3686 μόνῃ.

1040 3880 1312 3947 ,ΚΕψΑκ
1344 3881 1420 3935 E'.

448 3971 587 4040 Περὶ
612 3971 889 4026 ἀπίστων
933 3972 1275 4041 ἀρχιερέων,
1318 3972 1817 4039 προσταττόντων
1843 3973 1924 4039 ὡς
1953 3976 2025 4028 οὺ

517 4042 612 4097 δεῖ
636 4041 1141 4111 παρῤησιάζεσθιιι
1190 4042 1286 4095 ἐπί
1321 4042 1400 4107 τῷ
1440 4043 1683 4111 ὀνόματι
1734 4043 1839 4097 τοῦ
1893 4046 2023 4111 Χρι-

521 4112 693 4174 στοῦ,
721 4112 819 4165 καί
849 4112 1232 4179 ἀνανεώσεως
1269 4111 1386 4165 τῶν
1410 4113 1790 4167 ἀποστόλων.
1830 4115 2025 4181 Εὐχα-

511 4183 718 4249 ριστία
770 4184 890 4238 ἀπὸ
935 4181 1045 4251 τῆς
1103 4185 1470 4250 Ἐκκλησιάς
1519 4181 1673 4250 ὑπὲρ
1727 4181 1837 4250 τῆς
1907 4184 2025 4237 τῶν

520 4254 881 4307 ἀποστόλων
901 4251 1123 4323 πιστῆς
1147 4254 1481 4321 καρτερίας.
1513 4253 1653 4319 Περὶ
1707 4254 2023 4323 ὀμοψύχου

521 4323 617 4377 καὶ
642 4321 970 4391 κμθολικῆς
1016 4324 1335 4387 πωγωνίας
1371 4324 1489 4377 τῶν
1541 4321 2021 4378 πιστευσάντων.

533 4394 630 4463 Ἐν
656 4386 705 4461 ᾧ
729 4393 861 4463 περὶ
894 4386 1174 4448 ’.Σίν-ανίου
1231 4386 1329 4446 καί
1359 4393 1719 4462 Σαπφειρας,
1779 4394 1877 4448 καὶ
1929 4409 2024 4446 mo

520 4462 669 4533 κρᾶς
692 4464 891 4518 αὐτῶν
912 4463 1224 4532 τελευτῆς.

526 4572 547 4606 ι
602 4548 969 4617 κελεύσαντες
1032 4554 1090 4605 δὲ
1140 4553 1342 4617 αὐτοὺς
1408 4552 1515 4620 ἔξω
1578 4552 1672 4606 τοῦ
1747 4552 2023 4625 συνεδρίου

460 4664 482 4698 ι
513 4646 787 4711 ἀπελθεῖν,
825 4646 1121 4700 συνέὸαλον
1177 4646 1318 4718 πρὸς
1385 4645 1668 4717 ἀλλήλους,
1727 4645 1975 4714 λέγοντες
2007 4660 2021 4676 ·

458 4756 481 4790 ι
517 4740 583 4793 Τί
642 4740 939 4810 ποιήσομεν
967 4742 1081 4801 τοῖς
1120 4738 1431 4808 ἀνθρώποις
1477 4738 1728 4804 τούτοις;
1787 4738 1867 4793 ὅτι
1926 4738 2027 4808 μὲν

462 4849 483 4884 ι
518 4831 627 4903 γὰρ
652 4831 894 4899 γνωστὸν
923 4834 1149 4901 σημεῖον
1182 4831 1374 4900 γέγονε
1401 4829 1469 4884 δι’
1496 4831 1704 4897 αὐτῶν,
1748 4834 1883 4885 πᾶσι
1913 4835 2028 4895 τοῖς

462 4943 480 4976 ι
517 4923 861 4978 κατοικοῦσιν
912 4922 1267 4994 Ἰερουσαλὴμ
1292 4923 1548 4994 φανερόν.
1589 4922 1700 4977 Καὶ
1741 4924 1802 4977 ού
1864 4924 2029 4978 δυνά-

464 5036 481 5071 ι
521 5018 658 5091 μεθα
686 5018 1051 5091 ἀρνήσασθαι.
1092 5017 1230 5071 Ἀλλ’
1260 5019 1347 5072 ἵνα
1383 5018 1458 5089 μὴ
1492 5018 1586 5070 ἐπὶ
1639 5017 1822 5071 πλεῖον
1852 5019 2029 5072 διανε-

465 5131 484 5165 t
530 5111 676 5184 μηθῇ
704 5114 784 5175 είς
820 5111 912 5166 τὸν
943 5110 1093 5179 λαὸν,
1115 5110 1542 5182 ἀπειλησώμεθα
1586 5111 1793 5175 αὐτοῖς,
1829 5112 2028 5183 μηκέτι

464 5221 483 5255 ι
522 5203 702 5257 λαλεῖν
731 5203 825 5257 ἐπὶ
850 5203 930 5274 τῷ
958 5203 1184 5274 ὀνόματι
1235 5202 1410 5274 τούτῳ
1462 5204 1652 5274 μηδενὶ
1700 5204 2024 5275 ἀνθρώπων.

466 5314 487 5348 t
524 5295 633 5351 Kal.
659 5297 988 5360 καλέσαντες
1023 5298 1243 5363 αὐτοὺς,
1295 5296 1672 5368 παρήγγειλαν
1706 5297 1909 5363 αὐτοῖς,
1966 5296 2027 5349 τὸ

466 5406 487 5441 ι
526 5389 757 5445 καθόλου
822 5389 897 5462 μὴ
947 5389 1302 5460 φθέγγεσθαι,
1361 5389 1496 5459 μηδὲ
1531 5389 1806 5444 διδάσκειν
1827 5390 1920 5442 ἐπὶ
1949 5388 2027 5460 τῷ

468 5499 486 5533 ι
525 5482 747 5554 ὀνόματι
801 5482 894 5536 τοῦ
940 5479 1136 5553 Ἰησοῦ.
1199 5481 1257 5535 '0
1286 5480 1344 5535 δὲ
1385 5481 1591 5552 Πέτρος
1643 5482 1737 5535 καὶ
1775 5481 2026 5552 Ἰωάννης

467 5589 487 5624 t
522 5572 925 5646 ἀποκριθέντες,
953 5576 1093 5643 πρὸς
1116 5572 1315 5634 αὐτοὺς
1339 5567 1513 5627 εἷπον·
1549 5571 1613 5625 El
1645 5571 1851 5625 δίκαιόν
1879 5573 2027 5623 ἐστιν

468 5681 488 5716 t
523 5663 751 5718 ἐνώπιον
806 5666 900 5719 τοῦ
955 5665 1118 5729 Θεοῦ,
1163 5663 1332 5735 ,ὑμῶν
1374 5662 1593 5718 ἀκούειν
1620 5662 1820 5735 μᾶλλον
1846 5663 1880 5733 ἢ
1931 5661 2027 5715 τοῦ

467 5772 489 5808 ι
518 5755 676 5823 Θεοῦ,
700 5758 925 5831 κρίνατε
984 5758 1059 5812 Οὐ
1097 5755 1377 5828 δυνάμεθα
1403 5757 1512 5827 γὰρ
1550 5757 1709 5827 ἡμεῖς
1747 5754 1784 5809 ἀ
1817 5756 2029 5826 εἴδομεν

2128 3417 2280 3472 nullo
2308 3418 2415 3471 alio
2448 3431 2613 3486 quam
2661 3432 2690 3470 a
2724 3416 2842 3471 solo
2888 3415 3139 3484 angulari
3176 3414 3357 3484 lapide
3405 3412 3580 3466 factus
3612 3418 3722 3471 est.

2132 3525 2152 3561 ι
2189 3507 2375 3577 Neque
2422 3507 2568 3561 aliud
2613 3506 2782 3561 ullum
2826 3521 3029 3561 nomen
3091 3516 3198 3570 est,
3236 3522 3254 3556 ι
3302 3503 3407 3559 hoc
3429 3511 3514 3558 est
3552 3515 3721 3556 vene-

2126 3601 2300 3655 randa
2335 3600 2531 3671 gloria,
2572 3599 2681 3654 nisi
2728 3599 2845 3654 sola
2877 3597 3011 3653 fides
3059 3596 3114 3652 in
3149 3596 3432 3653 Christum
3480 3594 3718 3665 lapidem

2056 3719 2070 3739 ι
2126 3693 2464 3764 angularem,
2486 3707 2608 3761 quae
2636 3698 2828 3762 potens
2855 3699 2939 3746 est
2961 3705 3180 3744 omnem
3211 3688 3376 3743 aliam
3408 3688 3719 3743 obscurare

2127 3784 2315 3852 fidem,
2353 3794 2412 3839 ut
2438 3785 2491 3839 in
2522 3800 2629 3856 qua
2659 3784 2775 3839 sola
2807 3783 2995 3838 datum
3027 3789 3113 3836 est
3137 3781 3401 3836 salutare.

2669 3875 2777 3946 37
2809 3871 3045 3930 CAPUT
3099 3872 3166 3927 ν.

2128 3967 2894 4039 Deinrredulispontiﬁcibus,
2927 3969 3019 4039 qui
3042 3965 3306 4039 jubebant
3340 3981 3401 4018 ne
3418 3965 3472 4039 in
3508 3964 3720 4017 nomine

2196 4037 2395 4093 Christi
2422 4040 2601 4106 palam
2626 4036 2987 4107 loquerentur,
3014 4046 3064 4091 et
3107 4036 3556 4107 redintegralione
3588 4049 3719 4107 apo:

2200 4104 2460 4180 stolarum
2485 4126 2502 4163 :
2532 4108 2597 4161 de
2621 4104 2877 4180 Ecclesia;
2895 4108 3205 4180 gratiarum
3233 4107 3443 4180 actione
3473 4105 3535 4158 ob
3587 4104 3716 4180 ﬁdei

2201 4176 2563 4248 apostolorum
2608 4175 2987 4234 constantiam.
3022 4177 3101 4231 De
3122 4177 3478 4248 unanimitate
3509 4185 3555 4248 et
3590 4175 3718 4248 uni-

2198 4244 2410 4317 versali}
2434 4250 2803 4303 communione
2850 4248 3198 4302 credentium.
3232 4245 3297 4300 In
3330 4261 3430 4315 quo
3465 4245 3623 4297 etiam
3654 4244 3719 4317 de

2198 4321 2413 4376 Anania
2444 4330 2494 4373 et
2530 4318 2796 4389 Sapphira
2830 4318 3120 4389 acerbaque
3144 4333 3325 4371 eorum
3352 4325 3518 4369 morte
3545 4316 3717 4368 conti-

2197 4401 2371 4446 uetur.

2199 4547 2296 4618 ιν,
2319 4549 2508 4606 15-25.
2535 4567 2553 4600 ι
2587 4547 2725 4603 Cum
2758 4555 2938 4604 autem
2958 4545 3253 4619 jussissent
3282 4544 3404 4600 illos
3432 4560 3461 4599 e
3482 4541 3718 4599 coiicilio

2137 4662 2155 4695 ι
2191 4643 2471 4706 secedere,
2490 4639 2845 4696 conferebant
2866 4647 3076 4701 mutuo,
3097 4638 3341 4693 dicentes
3360 4633 3527 4700 :Quid
3549 4632 3716 4687 facie-

2138 4754 2158 4789 ι
2191 4750 2310 4790 mus
2339 4733 2426 4789 his
2445 4733 2805 4790 hominibus?
2827 4720 3105 4802 Siquidem
3125 4729 3478 4799 conspicuum
3499 4726 3714 4797 signum

2141 4847 2159 4880 ι
2179 4827 2381 4883 editum
2396 4835 2479 4882 est
2502 4841 2597 4896 per
2608 4842 2725 4892 eos,
2740 4825 2998 4880 omnibus
3019 4821 3390 4877 habitantibus
3410 4817 3715 4874 Jerusalem

2140 4915 2562 4989 quanifestum,
2587 4932 2687 4971 nec
2709 4929 3002 4986 possumus
3019 4928 3237 4984 negare.
3268 4910 3374 4965 Sed
3398 4924 3465 4964 ne
3490 4905 3719 4964 ulterius

2142 5033 2160 5065 ι
2195 5011 2545 5082 dispergatur
2569 5011 2623 5064 itt
2654 5008 2908 5079 populum
2932 5046 2947 5073 ,
3000 5008 3165 5061 minis
3201 4998 3719 5069 intertninetuurip-

2140 5124 2158 5156 ι
2195 5106 2276 5160 sis
2313 5119 2403 5158 ne-
2431 5104 2684 5171 deinceps
2754 5101 3050 5172 loquantur
3097 5099 3165 5154 de
3194 5098 3415 5152 nomine
3466 5094 3570 5149 hoc
3620 5089 3718 5145 ulli

2138 5216 2157 5248 ι
2186 5196 2492 5251 hominum.
2559 5195 2806 5265 Cumque
2859 5200 3145 5249 vocassent
3185 5207 3301 5255 cos,
3340 5189 3717 5257 praeceperunt

2138 5309 2156 5342 ι
2192 5303 2261 5343 ne
2307 5286 2533 5342 omnino
2590 5286 2968 5356 loquerentur,
2997 5291 3093 5338 aut
3148 5282 3410 5336 docerent
3463 5277 3534 5331 de
3602 5288 3707 5329 no-

2140 5402 2159 5437 ι
2199 5382 2347 5438 mine
2390 5379 2543 5436 Jesu.
2603 5379 2799 5435 Petrus
2822 5365 2948 5432 vero
2970 5385 3023 5432 et
3052 5374 3292 5430 Joannes
3343 5370 3600 5425 dixerunt
3633 5365 3701 5420 ad

2142 5493 2162 5526 ι
2196 5489 2292 5529 eos
2323 5490 2338 5526 :
2388 5472 2470 5528 An
2512 5472 2721 5541 justum
2758 5471 2829 5526 sit
2854 5483 3038 5524 coram
3070 5465 3177 5521 Deo
3194 5478 3294 5519 vos
3321 5461 3510 5515 audire
3539 5455 3714 5525 magis

2141 5588 2159 5621 ι
2197 5582 2360 5639 quam
2390 5565 2583 5633 Deum,
2612 5563 2878 5634 judicate.
2919 5559 3038 5613 Non
3072 5570 3365 5628 possumus
3409 5551 3719 5639 enimiquaa

2141 5678 2161 5714 ι
2214 5658 2451 5714 vidimus
2506 5668 2561 5712 et
2608 5655 2919 5711 audivimus
2970 5668 3078 5707 non
3113 5648 3282 5720 loqui.
3310 5647 3375 5700 At
3403 5643 3481 5698 illi
3514 5638 3716 5694 additis

2147 5771 2166 5806 ι
2215 5738 2378 5810 minis
2403 5751 2866 5813 dimiserunteos,
2922 5761 3033 5800 non
3067 5742 3407 5799 invenientes
3476 5743 3718 5810 quonam

474 5896 484 5905 ’
526 5912 573 5949 ⁸⁸
598 5910 756 5971 Joan.
790 5904 877 5985 ιι,
902 5906 992 5973 47.
1071 5919 1116 5952 ⁸³
1152 5918 1313 5974 Rom.
1356 5933 1435 5983 ιχ,
1468 5913 1558 5969 50.
1636 5899 1861 5972 ⁸³Ῥειι1.
1900 5928 2066 5984 cxvn,
2102 5911 2195 5967 25.
