4058 6552
381 380 454 444 99
1490 381 1885 443 (ECUMENII
1925 383 2218 445 TRICCA!
2257 383 2594 448 EPISCOPI

3554 393 3662 459 100

393 504 411 539 ι
449 488 611 546 modo
634 488 761 544 illos
794 489 1051 561 puuirent
1081 498 1304 562 propter
1339 492 1631 562 p0pulum,
1659 495 1806 564 quod
1843 509 1941 550 om

2073 513 2091 547 ι
2132 495 2228 548 καὶ¹
2257 497 2595 570 ἠκούσαμεν,
2623 499 2699 572 μὴ
2747 500 2948 558 λαλεῖν.
2993 505 3056 559 Oi
3081 503 3139 562 δὲ
3205 506 3656 578 προσαπειλησά-

388 601 410 635 ι
450 597 548 637 nes
571 583 947 653 gloriﬁcarent
977 583 1142 638 Deum
1176 599 1341 654 super
1376 599 1441 640 eo
1483 585 1631 654 quod
1662 587 1958 642 acciderat.

386 693 405 727 ι
444 671 576 728 Erat
645 676 792 746 enim
863 678 984 746 plus
1026 691 1188 747 quam
1248 676 1613 748 quadraginta
1689 694 1959 735 annorum

386 784 405 818 ι
444 765 606 822 homo
631 768 682 821 in
703 783 811 836 quo
829 768 1038 822 editum
1061 782 1179 824 erat
1210 767 1426 839 signum
1480 770 1581 826 hoc
1627 774 1958 828 sanationis.

384 875 406 910 ι
451 856 670 915 Dimissi
694 869 878 916 autem
905 869 1170 916 venerunt
1196 863 1262 916 ad
1295 878 1448 918 suos.
1476 881 1494 915 ι

451 1122 646 1180 Cuma
706 1126 984 1197 prioribus
1039 1127 1428 1187 alilictionibus
1486 1131 1728 1188 nondum
1777 1134 1956 1205 respi-

381 1221 873 1288 rassentapostoli,
907 1222 1315 1290 dispensatione
1348 1224 1582 1292 quadam
1620 1226 1673 1280 iu
1702 1227 1837 1282 alias
1883 1229 1962 1283 in-

375 1309 654 1364 cidebant.
717 1312 999 1383 Siquidem
1036 1318 1296 1382 primum,
1343 1319 1667 1374 subsannati
1699 1333 1960 1378 suntom-

375 1416 476 1456 nes
505 1412 765 1472 tanquam
802 1407 961 1474 ebrii,
996 1408 1182 1464 habita
1223 1411 1539 1480 suspicione
1561 1414 1630 1468 ob
1663 1413 1956 1471 eﬂicaciam

373 1491 688 1562 ignotarum
743 1497 850 1552 illis
885 1499 1217 1567 linguarum.
1265 1499 1540 1570 Secundo,
1600 1505 1652 1559 in
1714 1507 1956 1576 pericula

370 1583 644 1641 incidunt.
697 1587 822 1644 Haec
877 1599 1060 1648 tamen
1088 1609 1196 1648 non
1233 1611 1354 1650 sese
1389 1597 1572 1650 statim
1605 1598 1957 1668 subsequun-

373 1687 482 1744 tur,
519 1677 630 1748 38
666 1682 757 1734 sed
786 1682 1018 1750 primum
1056 1686 1416 1740 concionibus
1449 1688 1744 1743 collaudati
1773 1699 1827 1744 et
1860 1706 1955 1760 per

367 1767 551 1822 claudi
619 1773 945 1826 miraculum
1033 1776 1099 1829 ad
1155 1775 1372 1832 dicendi
1440 1779 1744 1834 libertatem
1807 1783 1952 1835 velut

367 1862 653 1917 exercitati
683 1906 696 1929 ,
726 1864 836 1919 Deo
879 1868 1226 1937 potissimum
1263 1872 1633 1939 permittente,
1676 1871 1805 1928 hinc
1834 1887 1952 1928 cer-
1980 1859 2026 1918 B

369 1951 664 2008 taminibus
705 1964 1027 2024 tanguntur.
1082 1959 1160 2012 'l'u
1194 1975 1324 2013 vero
1372 1959 1683 2016 Juda'orum
1725 1964 1952 2018 tcchnas

367 2043 658 2114 malosque
704 2047 859 2102 nisus
914 2048 1044 2104 hinc
1096 2051 1226 2104 mihi
1272 2052 1583 2108 considera.
1630 2054 1686 2108 In
1729 2055 1951 2112 Christo

361 2133 508 2188 enim
538 2138 857 2206 quaerebant
888 2142 979 2210 qui
1026 2158 1149 2196 eum
1181 2145 1436 2210 traderet,
1465 2147 1553 2200 hic
1597 2158 1778 2202 autem
1815 2149 1950 2220 ipsi-

361 2236 474 2280 met
498 2227 754 2298 iujiciunt
791 2245 1009 2294 manus.
1045 2233 1476 2292 conﬁdentiores
1531 2239 1644 2308 jam
1697 2255 1761 2294 ae
1783 2242 1951 2297 amia-

364 2319 545 2374 ciores
573 2329 696 2391 post
715 2325 1151 2393 crucemeﬂ'ecti,
1196 2342 1321 2383 cum
1353 2331 1518 2384 etiam
1556 2333 1737 2402 templi
1801 2334 1942 2391 duce

361 2409 428 2462 ad
463 2413 814 2466 temerarium
847 2413 1065 2470 laciniis
1102 2417 1185 2472 usi
1233 2417 1366 2482 sint.
1392 2417 1459 2473 ad
1503 2420 1787 2490 publicum
1829 2424 1942 2478 cri-

363 2515 490 2556 men
522 2502 665 2558 facta
700 2505 1056 2574 invertentes,
1109 2516 1162 2564 et
1219 2525 1331 2564 non
1399 2510 1465 2566 ad
1521 2514 1762 2584 privatas
1821 2516 1950 2571 ulci-

361 2598 626 2648 scendum
648 2596 902 2666 injurias.
937 2607 1099 2669 prout
1125 2600 1234 2656 illis
1260 2602 1432 2657 moris
1479 2612 1619 2660 erat.
1649 2603 1835 2676 Neque
1866 2623 1949 2664 re-

361 2692 451 2740 cta
516 2688 583 2742 ad
630 2689 1023 2746 incurrendum
1094 2693 1146 2746 in
1236 2696 1516 2764 apostolos
1570 2699 1942 2767 tetenderunt,

363 2791 561 2848 nempe
607 2789 897 2850 appetente
955 2797 1182 2854 vespera
1240 2800 1412 2856 :quaa
1464 2786 1667 2844 Judaais
1719 2792 1943 2862 quidem

363 2867 501 2924 favit
525 2881 583 2924 ut
620 2874 683 2926 ad
743 2875 917 2928 malos
947 2885 1182 2930 conatus
1243 2879 1507 2949 temporis
1550 2882 1730 2952 spatio
1787 2884 1945 2954 juva-

361 2973 577 3028 rentur,
625 2964 677 3017 in
705 2979 909 3020 metum
958 2969 1304 3038 conjiciendo
1333 2975 1610 3042 apostolos
1637 2991 1731 3046 per
1754 2987 1947 3033 custo-

361 3052 530 3114 diam.
564 3064 618 3110 et
668 3057 798 3111 hinc
862 3061 1109 3115 emollire
1181 3079 1276 3118 eos
1321 3067 1543 3134 provide
1602 3070 1938 3140 cogitando:

359 3149 628 3218 apostolis
670 3165 800 3204 vero
853 3168 1002 3208 mora
1068 3153 1162 3209 Dei
1230 3159 1640 3227 dispensatione
1691 3164 1939 3219 ordinata

355 3247 464 3302 est.
516 3251 573 3295 ut
599 3244 788 3296 tierent
838 3247 1228 3304 audentiores.
1264 3251 1520 3317 Quinimo
1547 3271 1729 3310 coram
1753 3259 1941 3312 multi-

363 3332 555 3387 tudine
585 3349 680 3388 eos
719 3337 988 3403 vinxisse,
1030 3341 1171 3393 clam
1207 3358 1334 3396 vero
1353 3345 1694 3408 examinare,
1735 3350 1938 3404 summi

353 3422 466 3479 doli
495 3435 631 3492 erat;
665 3443 772 3497 quo
796 3439 1063 3485 terrerent
1092 3449 1211 3498 eos,
1238 3436 1336 3504 qui
1357 3452 1539 3490 coram
1586 3441 1941 3499 multitudine

352 3516 694 3574 viucirentur
717 3561 732 3586 ,
761 3529 813 3576 et
846 3523 1231 3581 subtribunali
1291 3532 1762 3599 examinarentur,
1795 3537 1941 3590 vide-

351 3607 480 3664 licet
540 3619 798 3681 tanquam
857 3623 1347 3687 transgressores:
1383 3625 1614 3676 seorsim
1687 3641 1817 3681 vero
1871 3645 1938 3686 ne

351 3698 566 3756 dicendi
595 3703 869 3770 libertate,
893 3715 1234 3775 spectatores
1255 3714 1400 3779 quod
1423 3715 1614 3768 sanius
1648 3724 1732 3770 est
1766 3719 1941 3788 elige-

354 3800 501 3854 rent.
531 3795 696 3848 etiam
750 3797 820 3849 ob
851 3812 1042 3851 eorum
1073 3800 1167 3870 qui
1195 3803 1647 3860 examinareutur
1694 3808 1937 3864 admira-

357 3885 556 3939 tionem
591 3901 654 3942 ac
686 3888 1038 3945 miraculum.
1080 3890 1186 3946 Per
1216 3910 1381 3964 quam
1417 3912 1546 3951 vero
1579 3908 1931 3970 potestatem,

353 3991 668 4047 quanquam
725 3981 986 4048 scientes,
1046 3983 1388 4056 interrogant
1435 3989 1735 4060 (quomodo
1789 3997 1934 4050 enim

348 4072 606 4142 ignorare
634 4084 903 4145 poterant,
931 4078 1023 4150 qui
1047 4089 1334 4151 propterea
1361 4100 1455 4140 eos
1485 4093 1932 4161 tenuerantquod

346 4159 554 4217 Christi
595 4166 1056 4222 resurrectionem
1113 4173 1576 4244 annuutiarent?)
1607 4159 1935 4234 existiman-

351 4262 436 4307 tes
467 4268 562 4308 eos
601 4255 799 4311 timore
828 4259 1126 4315 tribunalis
1169 4274 1512 4334 negaturos:
1549 4277 1601 4322 et
1628 4271 1810 4337 quasi,
1853 4272 1938 4340 ip-

348 4345 428 4402 sis
459 4347 534 4400 ita
567 4347 1070 4420 interrogantibus,
1103 4358 1380 4424 negotium
1431 4371 1595 4412 omne
1642 4375 1937 4418 successu-

347 4451 470 4492 rum
511 4447 682 4495 esset.
742 4458 760 4491 ι
791 4439 1024 4497 Fecistis
1055 4463 1074 4496 ι
1123 4455 1303 4500 autem
1331 4448 1540 4515 dicunt,
1578 4466 1794 4522 nempe,
1819 4453 1932 4520 Qua

349 4538 620 4600 potestate
663 4531 894 4596 fecistis,
945 4544 1204 4606 tanquam
1241 4537 1512 4606 ipsorum,
1557 4557 1666 4597 non
1723 4544 1929 4599 Christi
1964 4559 2008 4614 ι)

348 4631 622 4695 potestate
645 4635 928 4696 peractum
954 4639 1122 4684 esset.
1179 4628 1285 4684 Sed
1353 4648 1530 4703 neque
1601 4635 1926 4691 nominatim

347 4715 604 4771 claudum
660 4719 914 4774 dixerunt
949 4738 963 4775 :
996 4723 1179 4776 exhoc
1216 4724 1361 4777 enim
1417 4723 1554 4778 adeo
1647 4729 1927 4797 angeban-

347 4811 535 4870 tur,ut
561 4823 739 4876 neque
771 4823 958 4864 curam
979 4813 1269 4868 nominare
1301 4814 1520 4869 vellent.
1556 4813 1683 4871 Ideo
1704 4833 1930 4889 respou-

346 4896 428 4951 dit
474 4895 706 4954 Petrus:
744 4898 975 4957 Nomine
1008 4900 1138 4957 Iesu
1199 4902 1407 4960 Christi
1442 4905 1731 4970 Nazareni,
1766 4927 1923 4980 quem

346 5004 445 5044 vos
478 4989 851 5057 cruciﬁxistis,
883 5010 1008 5048 cum
1043 4994 1254 5064 ahjecta
1305 4997 1483 5065 patria
1527 5009 1580 5052 et
1611 5002 1922 5068 passionem

346 5080 538 5136 dicens
561 5093 614 5138 et
637 5086 1127 5141 resurrectionem.
1170 5085 1567 5156 Prmdicamus,
1597 5093 1794 5162 inquit,
1823 5095 1926 5148 hu-

345 5178 519 5240 milia,
578 5188 801 5249 propter
820 5181 1076 5235 eximiam
1105 5184 1567 5239 resurrectionem
1595 5185 1915 5254 gloriantes.

349 5271 449 5328 Ubi
493 5281 678 5327 autem
727 5274 810 5328 his
841 5275 1196 5330 sermonibus
1226 5291 1319 5331 eos
1339 5277 1700 5346 stimulassct,
1722 5279 1919 5348 adjun—

344 5365 423 5436 git
452 5365 616 5418 etiam
641 5381 817 5436 quaea
886 5366 1172 5437 Scriptura
1236 5377 1389 5431 sunt,
1440 5369 1676 5440 lapidem
1729 5371 1918 5428 dicens

340 5459 683 5530 angularem,
724 5460 849 5515 etsi
883 5461 1015 5530 quid
1057 5471 1217 5516 antea
1283 5461 1350 5517 de
1413 5463 1512 5518 hac
1561 5479 1618 5519 re
1669 5477 1698 5517 a
1761 5468 1916 5521 nobis

340 5560 630 5609 tractatum
659 5561 767 5608 est.
801 5550 1101 5607 Considera
1136 5569 1265 5609 vero
1295 5555 1440 5626 quod
1470 5555 1558 5610 uhi
1589 5556 1787 5611 docere
1817 5571 1917 5627 op-

341 5656 637 5717 portunum
661 5655 766 5708 est,
799 5647 962 5700 etiam
985 5648 1302 5718 prephetias
1322 5648 1623 5714 adducunt,
1648 5647 1756 5719 39
1779 5655 1837 5702 ut
1862 5649 1913 5701 in

339 5737 509 5807 priori
541 5737 844 5792 concione:
880 5737 1099 5809 quando
1121 5747 1303 5794 autem
1331 5741 1508 5796 solum
1536 5741 1707 5796 libere
1738 5739 1912 5810 loqui,

339 5827 664 5885 sententiam
702 5828 920 5885 ferunt:
951 5828 1136 5900 Neque
1159 5833 1304 5888 enim
1341 5841 1424 5887 est
1489 5833 1637 5887 aliud
1714 5846 1912 5887 nomen

2073 606 2092 639 ι
2132 606 2284 658 μενοι
2308 592 2584 646 ἀπέλυσαν
2613 596 2834 659 αὐτοὺς,
2861 597 3029 668 μηδὲν
3044 597 3412 670 εὑρίσκοντες,
3435 601 3517 670 τὸ,
3537 603 3657 667 πῶς

2071 699 2091 732 ι
2133 683 2472 738 κολάσωνται
2497 686 2695 749 αὐτοὺς
2728 687 2814 742 διὰ
2842 690 2933 743 τὸν
2963 691 3112 752 λαὸν,
3137 693 3217 745 δτι
3251 693 3450 757 πάντες
3471 694 3656 762 ἐδόξα-

2070 791 2089 826 t
2128 774 2220 839 ζον
2245 776 2334 828 τὸν
2369 776 2502 830 Θεὸν
2534 780 2626 831 ἐπὶ¹
2648 781 2724 850 τῷ
2753 784 3022 850 γεγονότι.
3068 785 3237 837 Ἐτῶν
3263 787 3372 857 γὰρ
3389 783 3458 857 ἦν
3476 790 3654 843 πλειό-

2069 886 2088 919 ‹
2123 885 2229 923 νων
2259 871 2670 941 τεσσαράκοντα
2705 877 2732 926 ό
2773 875 3083 946 ἄνθρωπος,
3117 880 3204 948 ἐφ’
3235 880 3293 932 ὃν
3319 883 3564 949 ἐγεγόνει
3590 883 3652 936 τὸ

2071 979 2090 1011 ι
2130 963 2354 1030 σημεῖον
2377 963 2535 1015 τοῦτο
2567 964 2668 1034 τῆς
2714 966 2933 1031 ἰάσεως.
2981 971 3378 1038 Ἀπολυθέντες
3403 974 3461 1027 δὲ
3485 970 3651 1046 ἦλθον

2070 1068 2088 1101 ι
2129 1050 2264 1119 πρὸς
2287 1053 2412 1114 τοὺς
2446 1053 2628 1117 ἰδίους.
2664 1075 2684 1107 ι

2134 1148 2300 1204 Οὔπω
2327 1149 2440 1203 τῶν
2463 1152 2749 1224 προτέρων
2797 1158 3252 1211 άναπνευσάντων
3276 1160 3386 1212 τῶν
3411 1159 3646 1213 ἀποστό-

2062 1243 2170 1296 λων
2197 1244 2544 1316 πειρασμῶν,
2573 1247 2653 1310 είς
2687 1247 2905 1318 ἐτέρους
2950 1249 3226 1305 ἐνέϐαινον
3256 1253 3641 1322 οἰκονομικῶς.

2062 1337 2287 1408 Πρῶτον
2332 1338 2433 1408 μὲν
2469 1338 2578 1410 γάρ
2637 1341 3045 1413 ἐχλευάσθησαν
3075 1345 3156 1407 είς
3197 1344 3372 1414 μέθην
3415 1345 3640 1410 πάντες,

2061 1431 2491 1497 ὑποπτευθέντες
2550 1433 2650 1505 τήν
2687 1434 2796 1487 τῶν
2841 1435 3138 1503 ἀγνώστων
3168 1439 3352 1502 αὐτοῖς
3381 1439 3643 1508 γλωσσῶν

2060 1523 2362 1594 ἐνέργειαν.
2398 1525 2683 1598 Δεύτερον,
2715 1530 2796 1589 εἰς
2815 1529 3097 1593 κινδύνους
3139 1531 3508 1599 ἐμϐαίνουσιν.
3527 1533 3644 1586 Οὐκ

2059 1617 2261 1686 ἐφεξῆς
2289 1617 2347 1670 δὲ
2388 1617 2578 1684 ταῦτα,
2643 1619 2777 1674 ἀλλὰ
2834 1621 3051 1694 πρῶτον
3097 1625 3219 1687 ταῖς
3275 1623 3643 1694 δημηγορίαις

2061 1711 2524 1782 εὐδοκιμήσαντες
2556 1755 2572 1779 ,
2631 1714 2725 1767 καὶ
2749 1715 2912 1768 οἱονεὶ
2965 1716 3447 1786 ἐγγυμνασάμενοι
3503 1716 3641 1787 πρὸς

2059 1806 2375 1876 παρρησίαν
2409 1805 2498 1860 διὰ
2534 1806 2628 1860 τοῦ
2680 1805 2961 1878 θαύματος
2999 1808 3096 1860 τοῦ
3141 1808 3339 1877 χωλοῦ,
3405 1807 3642 1878 μάλιστα

2055 1899 2191 1952 Θεοῦ
2235 1901 2714 1971 συγχωρήσαντος,
2750 1903 2812 1954 τὸ
2858 1901 3111 1956 ἐντεῦθεν
3157 1901 3265 1954 τῶν
3297 1901 3527 1970 ἀγώνων
3568 1903 3636 1957 ἆ.-

2055 2008 2304 2046 πτονται.
2356 1993 2555 2046 Σκόπει
2585 1992 2642 2046 δέ
2677 2011 2767 2064 μοι
2789 1994 3038 2048 ἐντεῦθεν
3065 1997 3165 2067 τήν
3211 1994 3318 2048 τῶν
3367 1995 3638 2050 Ἰουδαίων

2053 2087 2614 2157 κακοπραγμοσύνην.
2668 2088 2794 2150 Ἐπὶ
2835 2088 2934 2158 μὲν
2974 2088 3081 2158 γάρ
3111 2087 3208 2141 τοῦ
3258 2087 3498 2158 Χριστοῦ
3543 2088 3636 2141 τὸν

2054 2180 2454 2249 παραδώσοντα
2482 2180 2645 2233 αὑτὸν
2681 2181 2931 2250 ἐζήτουν,
2956 2179 3192 2234 ἐνταῦθα
3239 2180 3308 2232 δὲ·
3333 2178 3490 2233 αὐτοὶ
3537 2177 3638 2242 τὰς

2051 2275 2242 2343 χεῖρας
2279 2272 2654 2339 ἐπιϐάλλουσι,
2691 2273 3020 2344 θρασύτεροι
3063 2273 3159 2328 καὶ
3213 2270 3505 2343 τολμητίαι
3532 2287 3636 2325 κα·-

2049 2365 2347 2429 ταστάντες
2373 2364 2559 2418 λοιπὸν
2593 2366 2733 2434 μετά
2762 2364 2855 2419 τὸν
2891 2363 3146 2434 σταυρόν.
3189 2363 3307 2431 Ἀφ’
3336 2357 3397 2417 οὗ
3428 2364 3522 2416 καὶ
3555 2360 3636 2432 τῷ

2051 2456 2346 2528 στρατηγῷ
2367 2456 2462 2510 τοῦ
2484 2457 2632 2529 ἱεροῦ
2658 2459 2794 2530 πρὸς
2821 2457 2921 2527 τὴν
2939 2457 3148 2527 τόλμην
3193 2457 3520 2528 ἐχρήσαντο,
3547 2457 3632 2519 είς

2047 2551 2304 2623 δημόσιον
2335 2551 2610 2623 ἑγκλημα,
2647 2552 2744 2605 καὶ
2779 2552 2883 2605 οὐκ
2918 2549 3214 2613 ἰδιωτικὸν,
3240 2549 3310 2601 τὰ
3363 2545 3634 2616 γινόμενα

2052 2644 2512 2716 μετατρέποντες,
2541 2643 2616 2707 ώς
2650 2643 2771 2707 ἔθος
2800 2643 3006 2706 αὐτοῖς.
3051 2641 3166 2694 Οὐκ
3221 2640 3529 2710 ἐχρήσαντο
3573 2637 3632 2690 δέ

2049 2738 2297 2810 παρευθὺ
2366 2739 2435 2810 τῇ
2499 2736 2644 2792 κατὰ
2695 2737 2806 2790 τῶν
2869 2735 3188 2790 ἀποστόλων
3251 2732 3630 2795 ἐπισυστάσιι,

2048 2833 2289 2904 ἑσπέρας
2311 2831 2478 2903 δῆθεν
2511 2829 2902 2900 ἐπιλαϐούσης.
2937 2830 3046 2884 Καὶ
3067 2831 3182 2891 τοῖς
3223 2826 3499 2888 Ἰουδαίοις
3528 2823 3630 2897 μὶν

2046 2925 2140 2978 ἐπὶ
2173 2925 2482 2995 κακουργίᾳ
2509 2923 2820 2995 χρήσασθαι
2843 2923 2915 2992 τῇ
2945 2921 3226 2990 ἐκεχειρία
3255 2918 3518 2988 ὑπῆρξεν,
3547 2918 3629 2982 είς

2046 3019 2218 3072 τιτθαν
2250 3017 2585 3087 ἐμϐάλλουσι
2616 3017 2707 3070 διὰ
2739 3016 2842 3085 τῆς
2874 3013 3146 3085 φυλακῆς,
3170 3013 3266 3066 καὶ
3311 3011 3487 3084 ταύτῃ
3520 3028 3627 3080 μα-

2044 3113 2205 3179 λάξαι
2236 3114 2431 3174 αὐτοὺς
2460 3110 2958 3181 προμηθουμένοις.
2987 3109 3112 3169 Τοῖς
3141 3105 3459 3166 ἀποστόλοις
3491 3103 3546 3155 δὲ
3591 3103 3627 3173 ἡ

1971 3211 2016 3271 C
2047 3206 2288 3276 ἀναϐολὴ
2309 3205 2445 3275 πρὸς
2471 3204 2531 3257 τὸ
2571 3203 2942 3274 θρασυτέρους
2981 3198 3243 3268 γενέσθαι
3273 3192 3624 3267 ᾠκονομήθη.

2057 3301 2218 3355 ’Δλλά
2241 3317 2305 3369 γε
2339 3300 2402 3371 δὴ
2429 3300 2524 3351 καὶ
2557 3298 2616 3350 τὸ
2641 3295 2872 3348 ἐνώπιον
2901 3293 3001 3364 μὲν
3025 3291 3118 3346 τοῦ
3160 3289 3396 3359 πλήθους
3422 3285 3628 3356 δεσμῆ·

2045 3410 2154 3458 σαι,
2187 3392 2464 3462 λαθραίως
2495 3391 2552 3442 δὲ
2577 3391 2892 3457 ἀνακρῖναι,
2924 3389 3026 3456 τῆς
3064 3385 3240 3455 ἄκρας
3292 3377 3362 3450 ἦν
3387 3379 3625 3446 δολιότη-

2041 3502 2152 3549 τος,
2185 3484 2495 3553 φοϐούντων
2528 3483 2628 3552 μὲν
2658 3483 2783 3543 τοὺς
2821 3480 3226 3548 δεσμουμένους
3280 3473 3623 3528 κατενώπιον

2041 3578 2134 3632 τοῦ
2161 3576 2418 3648 πλήθους,
2475 3574 2775 3638 ἐταζόντων
2805 3574 2860 3626 δὲ
2927 3571 3031 3624 ὑπὸ
3083 3567 3418 3638 δικαστηρίῳ
3461 3565 3623 3636 δῆθεν

2041 3671 2116 3735 ὡς
2145 3668 2620 3742 παρανομοῦντας·
2655 3669 2780 3720 κατ’
2817 3667 2952 3719 ἰδίαν
2983 3665 3059 3727 δὲ,
3099 3664 3175 3732 τῷ
3205 3662 3280 3732 μὴ
3311 3663 3376 3731 τῇ
3414 3661 3622 3712 τούτων

2042 3766 2328 3837 παρρησίᾳ⁸
2373 3765 2499 3826 τοὺς
2524 3761 2721 3824 θεατάς
2751 3761 2812 3812 τὸ
2844 3761 3051 3829 βέλτιον
3097 3755 3337 3818 ἑλέσθαι,
3365 3755 3459 3808 καί
3514 3752 3618 3805 ὑπὶ

2040 3859 2283 3930 θαύματι
2331 3857 2440 3910 τῶν
2465 3856 2827 3924 ἐταζομένων.
2873 3855 2961 3906 Ἑν
2985 3851 3115 3922 ποίᾳ
3141 3851 3196 3904 δέ
3223 3851 3455 3917 δυνάμει
3496 3846 3622 3900 καίο

2037 3969 2121 4006 τοι
2145 3952 2344 4014 είδότες
2389 3949 2638 4021 ἐρωτῶσι
2685 3948 2824 4015 (πῶς
2849 3947 2956 4017 γὰρ
2995 3945 3095 3998 οὐκ
3127 3943 3326 4005 εἰδότες
3358 3941 3408 3992 oi
3437 3939 3526 3992 διὰ
3557 3937 3618 3991 τὸ

2038 4045 2430 4115 καταγγέλλειν
2463 4044 2558 4097 τοῦ
2610 4039 2847 4113 Χριστοῦ
2881 4040 2981 4109 τὴν
3029 4037 3325 4092 ἀνάστασιν
3358 4032 3620 4103 κατέχονο

2036 4157 2129 4203 τες
2170 4136 2472 4205 αὑτούς;),
2503 4135 2739 4204 οἰόμενοι
2794 4131 2872 4201 τῷ
2941 4130 3051 4182 δέει
3104 4127 3199 4180 τοῦ
3261 4124 3616 4193 δικαστηρίου

2039 4229 2297 4300 ἐξάρνους
2320 4229 2516 4288 αὐτοὺς
2556 4222 2834 4292 γενέσθαι,
2866 4219 2960 4272 καὶ
2991 4219 3052 4270 τδ
3097 4219 3204 4270 πᾶν
3231 4217 3413 4276 αὐτοῖς
3441 4212 3617 4274 οὕτως

2037 4322 2285 4395 ἐρωτῶσι
2307 4321 2398 4374 διὰ
2424 4319 2616 4374 τούτου
2645 4317 2909 4388 ὑπάρξαι.
2942 4333 2960 4365 ι
2988 4313 3340 4384 Ἐποιήσατε,
3378 4329 3396 4362 ι
3423 4310 3480 4362 δέ
3509 4324 3616 4411 φαῐ

2039 4434 2144 4482 σιν,
2176 4412 2306 4482 οἷον,
2341 4416 2478 4488 Ποία
2503 4413 2728 4483 δυνάμει
2751 4411 3063 4480 ἐποιήσατε,
3095 4406 3170 4471 ώς
3200 4405 3404 4468 αὐτῶν,
3433 4403 3495 4458 ού
3521 4403 3617 4454 τοῦ

2038 4508 2279 4579 Χριστοῦ
2301 4510 2366 4576 τῇ
2409 4506 2638 4574 δυνάμει
2695 4503 2788 4556 τοῦ
2843 4499 3240 4571 ὲνηργημένου.
3303 4496 3442 4549 Ἀλλ’
3491 4493 3616 4548 ούδὶ

2037 4600 2303 4672 ὀνομαστὶ
2358 4599 2452 4651 τοῦ
2500 4597 2674 4667 χωλοῦ
2759 4594 2990 4663 ἔφασαν.
3061 4588 3453 4656 Ἀπεπνίγοντο
3504 4586 3613 4656 γάρ

2034 4696 2209 4766 τούτῳ
2249 4695 2323 4757 ώς
2358 4692 2480 4763 μηδ’
2526 4690 2794 4760 ὀνομάσαι
2857 4685 3062 4739 ἐθέλειν
3131 4683 3229 4754 τὴν
3287 4679 3609 4780 θεραπείαν,

2035 4789 2234 4860 Διόπερ
2284 4787 2313 4840 ὁ
2353 4786 2579 4854 Πέτρος,
2615 4783 2707 4852 Τῷ
2731 4781 2954 4851 ὀνόματι
3016 4775 3189 4846 Ἰησοῦ
3245 4771 3483 4845 Χριστοῦ
3515 4771 3609 4824 τοῦ

2035 4877 2384 4950 Ναζωραίου,
2419 4875 2478 4929 ὃν
2500 4876 2657 4945 ὑμεῖς
2688 4869 3098 4940 ἐσταυρώσατε.
3133 4865 3490 4936 ἀπεκρίνατο,
3511 4862 3611 4916 σὺν

2033 4979 2100 5046 τῇ
2160 4973 2367 5028 εὐτελεῖ
2420 4967 2645 5038 πατρίδι
2683 4965 2779 5019 καὶ
2821 4963 2882 5016 τὸ
2933 4960 3104 5024 πάθος
3149 4957 3321 5012 εἰπὼν
3368 4957 3460 5010 καὶ
3508 4956 3608 5026 τὴν

2030 5069 2350 5125 ἀνάστασιν.
2375 5060 2736 5132 Κηρύττομεν
2771 5056 2840 5108 τά
2894 5052 3126 5108 ταπεινά
3177 5049 3268 5102 διὰ
3302 5047 3396 5101 τοῦ
3431 5047 3606 5117 ὑπερ·

2033 5166 2201 5236 φυοῦς
2230 5163 2326 5232 τῆς
2357 5156 2709 5216 ἀναστάσεως
2736 5148 3208 5221 ἐμπομπεύοντες.
3241 5143 3468 5248 Τούτοις
3493 5144 3607 5248 to};

2028 5265 2207 5331 λόγοις
2243 5255 2450 5325 πλήξας
2474 5252 2692 5313 αὐτοὺς,
2727 5243 3056 5318 προστίθησι
3091 5240 3187 5294 καὶ
3246 5239 3315 5291 τά
3346 5237 3456 5331 άπδ
3506 5237 3605 5331 τῆς

2028 5357 2274 5427 Γραφῆς,
2305 5352 2396 5405 τὸν
2428 5349 2573 5400 λίθον
2597 5343 2741 5415 φημί
2763 5341 2852 5394 τὸν
2913 5335 3332 5427 άκρογωνιαῖον,
3355 5330 3447 5427 καὶ
3476 5330 3603 5427 εἴτι

2026 5423 2155 5523 περ).
2193 5423 2383 5502 τούτου
2423 5439 2839 5515 προδιείληπται
2864 5435 3017 5504 ἡμῖν.
3059 5429 3270 5533 Σκόπει.
3291 5424 3368 5488 δὲ,
3398 5424 3479 5476 ὅτι
3512 5423 3600 5533 ὅτε

2029 5520 2128 5617 μὲν
2163 5543 2371 5608 διδάξαι
2405 5539 2593 5609 ἐχρῆν,
2631 5535 2726 5586 καὶ
2779 5525 3110 5601 προφητείας
3137 5520 3490 5594 προάγουσιν,
3524 5520 3602 5580 ὼς

2026 5643 2116 5692 ἐπὶ
2145 5639 2245 5709 τῆς
2277 5635 2501 5705 πρώτης
2533 5627 2900 5700 δημηγορίας,
2939 5624 3027 5677 ὅτε
3083 5620 3139 5675 δέ
3208 5616 3599 5690 παρρησιάσα-

2026 5731 2149 5784 σθαι
2214 5728 2395 5800 μόνον,
2439 5723 2854 5794 ἀποφαίνονται.
2897 5716 3036 5773 Οὔτε
3095 5715 3206 5786 γάρ
3241 5715 3388 5766 ἐστιν
3407 5711 3599 5778 ἕτερον

2021 5825 2216 5897 ὄνομα,
2253 5826 2410 5894 φησι,
2443 5821 2500 5874 τὸ
2542 5821 2848 5892 δεδομένον.
2901 5817 3010 5871 Καὶ
3059 5817 3111 5869 τί
3168 5815 3347 5880 τοῦτο,
3378 5813 3595 5886 εἴρηται
