4058 6584
304 358 401 426 101
648 358 659 365 ’
1300 360 1694 421 COMMENT.
1734 361 1816 421 IN
1852 364 1906 419 At

2011 365 2037 421 I
2066 363 2645 427 APOSTOLORUM.
3462 364 3570 435 102

298 477 423 546 ἢδη.
455 474 599 548 Πρδς
620 475 855 538 Πιλᾶτον
887 470 944 529 δὲ
970 473 1070 529 οῦκ
1122 473 1315 543 ἄγουσι
1357 476 1486 538 τοὺς
1541 476 1759 530 ἀποστό
1782 493 1875 539 ους

2011 480 2196 545 latum,
2215 477 2635 550 mquit.thuid
2656 479 2758 534 hoc
2777 478 2867 544 sit,
2880 476 2992 549 jam
3012 478 3218 535 dictum
3240 487 3345 537 est.
3365 478 3571 538 Verum

300 572 379 633 ὡς
408 569 501 624 τὸν
530 568 792 641 Χριστόν,
823 566 943 622 ἀλλ’
977 566 1139 621 αὐτοὶ
1161 567 1463 637 κρίνουσιν,
1499 568 1891 639 αἰσχυνόμενοι

2011 572 2274 639 Ipostolos
2312 586 2423 626 non
2462 571 2674 626 ducunt
2703 570 2769 627 ad
2812 571 3047 626 Pilatum
3106 574 3569 643 quemadmodum

301 662 403 715 καὶ
432 659 851 734 ἐρυθριάζοντες
878 658 949 713 τὰ
1001 660 1291 731 πρότερον,
1326 658 1423 713 καὶ
1477 659 1778 724 δεδοικότες
1815 661 1890 731 μὴ

2011 662 2303 730 Βιιτίδιυω,
2336 663 2432 719 sed
2460 664 2566 735 ipsi
2593 664 2842 733 iudicant
2872 680 2886 717 :
2922 664 3192 734 imprimis
3228 665 3445 736 quidem
3477 680 3573 720 ru—

301 754 416 808 ἀπὸ
448 751 655 807 τούτων
676 753 769 806 καὶ
793 752 935 822 ὑπὲρ
966 752 1177 805 ἐκείνου
1212 750 1540 822 ἐγκληθῶσι.

383 951 403 983 ι
438 930 553 985 Καὶ
580 931 928 1002 ἀπήγγειλαν
958 934 1059 986 ὅσα
1113 933 1253 1003 πρὸς
1292 933 1491 996 αὐτοὺς
1531 935 1580 987 οἱ
1611 935 1891 1005 ἀρχιερεῖς

313 1042 333 1077 ι
370 1025 467 1078 καὶ
499 1024 548 1077 οί
576 1024 943 1096 πρεσϐύτεροι
985 1021 1164 1080 εἷπον.
1201 1026 1264 1078 Οἱ
1302 1025 1359 1078 δὲ
1395 1024 1730 1090 ἀκούσαντες
1757 1026 1892 1097 ὁμου·

311 1132 334 1165 ο
375 1113 614 1184 θυμαδὸν
666 1110 811 1187 ἦραν
856 1116 1042 1187 φωνὴν
1099 1117 1237 1188 πρὸς
1266 1116 1357 1169 τὸν
1389 1116 1522 1170 Θεὸν
1555 1120 1647 1171 καὶ
1674 1114 1829 1171 εἷπον
1866 1135 1886 1171 ι

309 1207 452 1278 (οὐχὶ
492 1207 810 1277 φιλοτιμίας
859 1207 1048 1261 ἕνεκεν
1074 1206 1408 1277 διηγοῦνται,
1438 1207 1575 1261 ἀλλὰ
1618 1209 1718 1278 τῆς
1752 1210 1892 1281 Χρι-

311 1300 441 1353 στοῦ
484 1300 711 1370 χάριτος
738 1299 809 1352 τά
855 1302 1132 1370 τεκμήρια
1187 1298 1615 1371 ἐπιδεικνύντες)
1642 1317 1656 1332 ·
1724 1321 1743 1353 ι
1793 1302 1894 1356 Δέ-

318 1412 337 1447 ι
378 1411 574 1459 σποτα,
620 1395 682 1448 σὺ
709 1395 736 1447 ό
758 1392 911 1457 Θεὸς,
942 1395 970 1446 ό
1016 1395 1251 1463 ποιήσας
1277 1394 1369 1448 τὸν
1398 1394 1644 1463 οὐρανὸν,
1674 1395 1766 1447 καὶ
1795 1394 1893 1466 τὴν

319 1505 339 1539 ι
378 1476 510 1559 Ϋῆν,
550 1487 646 1541 καὶ
666 1485 765 1558 τὴν
788 1487 1084 1550 θάλασσαν,
1121 1487 1216 1541 καὶ
1256 1487 1438 1541 πάντα
1460 1487 1531 1541 τὰ
1553 1489 1611 1542 ἐν
1641 1488 1846 1553 αὐτοῖς,
1866 1491 1894 1543 ό

318 1599 337 1633 ι
371 1581 461 1634 διὰ
483 1581 755 1651 στόματος
775 1579 938 1634 Δαυῖδ
966 1580 1155 1644 παιδός
1185 1598 1277 1634 σου
1296 1581 1484 1636 είπών.
1517 1599 1537 1632 ι

384 1672 527 1744 Ὅρα
544 1673 664 1736 πῶς
680 1675 828 1727 ἐστιν
862 1673 1220 1743 ἠκριϐωμένη
1253 1672 1349 1726 καὶ⁸
1375 1674 1517 1728 κατά
1571 1675 1799 1746 καιροὺς
1855 1677 1889 1747 ἡ

309 1763 520 1817 τούτων
543 1765 676 1834 εὐχή
703 1780 716 1793 ⁸
748 1765 837 1817 ὅτε
870 1766 971 1834 μὲν
995 1765 1106 1835 γὰρ
1130 1765 1224 1817 τὸν
1257 1763 1408 1830 ἀξιον
1454 1765 1535 1829 είς
1587 1766 1895 1836 ἀποστολὴν

313 1855 500 1925 ἠξίουν
529 1826 812 1927 sericam
861 1826 1085 1922 αὐτοῖς·-
1104 1857 1200 1920 Σὺ,
1231 1826 1527 1927 εὔξονται(
1545 1856 1740 1929 Κύριε,
1760 1826 1897 1931 καρ-
1932 1826 1972 1885 Β

312 1949 617 2018 διογνῶστα
643 1951 881 2005 πάντων.
917 1950 1289 2021 Προγνώσεως
1317 1952 1425 2024 γὰρ
1464 1947 1534 2024 ἦν
1566 1954 1684 2005 ἐκεῖ
1713 1953 1893 2023 χρεία.

326 2042 546 2114 Ἐπειδὴ
574 2042 632 2095 δὲ
675 2042 908 2097 ἐνταῦθα
944 2045 1072 2107 τοὺς
1130 2045 1543 2116 ἀντικειμένους
1604 2045 1896 2115 ἐπιστομι-

314 2134 510 2204 σθῆναι
538 2137 730 2207 ἐχρῆν,
767 2155 787 2189 ι
827 2138 1098 2199 Δέσποτα,
1133 2156 1152 2189 ι
1198 2136 1549 2192 ἐπιϐοῶνται.
1580 2140 1688 2192 Καὶ
1706 2137 1899 2210 ὥσπερ

317 2228 593 2300 συνθήκας
644 2229 1005 2294 ἀπαιτοῦντες
1059 2230 1223 2284 αὐτὸν
1251 2230 1352 2303 τὴν
1416 2230 1762 2302 προφητείαν
1818 2233 1900 2294 είς

317 2318 486 2388 μέσον
515 2319 763 2388 ἄγουσιν,
796 2320 917 2390 ἅμα
975 2319 1072 2375 καὶ
1105 2320 1334 2384 ἑαυτοὺς
1384 2318 1896 2391 παραμυθούμενοι,

314 2413 396 2466 ότι
456 2412 581 2483 είκῆ
636 2412 731 2465 καὶ
786 2412 909 2467 κατ’
938 2411 1118 2467 αὐτῶν
1156 2414 1253 2467 καὶ
1292 2412 1467 2476 κενῶς
1495 2412 1796 2483 μελετῶσιν
1850 2411 1900 2464 οί

318 2502 528 2576 ἐχθροί.
568 2504 771 2558 Σκόπει
799 2504 856 2558 δὲ
886 2505 980 2558 καὶ
1029 2504 1354 2558 ἐπιείκειαν.
1393 2506 1469 2558 Ub
1498 2504 1608 2575 γὰρ
1655 2502 1902 2574 εὔχονται

315 2596 664 2668 καταῤῥάξαι
685 2597 885 2661 αὐτοὺς
915 2598 1010 2651 καὶ
1029 2596 1383 2662 καταϐαλεῖν,
1430 2594 1570 2662 ἀλλ’,
1592 2595 1784 2650 Ἔπιδε
1808 2596 1901 2648 ἐπὶ

316 2690 416 2752 τὰς
441 2689 676 2753 ἀπειλὰς
706 2689 908 2753 αὐτῶν,
940 2691 1037 2744 καὶ
1064 2690 1154 2754 δὸς
1188 2693 1301 2754 τοῖς
1325 2689 1534 2754 δούλοις
1598 2707 1694 2744 σου
1753 2689 1893 2761 μετά

319 2780 644 2852 παρρησίας
670 2781 854 2851 πάσης
883 2781 1070 2835 λαϐεῖν
1098 2783 1191 2836 τὸν
1215 2781 1373 2851 λόγον
1416 2799 1510 2836 σου
1551 2783 1609 2835 ἐν
1670 2782 1749 2851 τῷ
1798 2782 1901 2852 τὴν

317 2874 477 2945 χεῖρά
514 2890 610 2926 σου
644 2876 904 2941 ἐκτεῖναι,
938 2874 1216 2928 τουτέστιν
1250 2876 1309 2928 ἐν
1334 2874 1411 2946 τῷ
1436 2874 1536 2947 τὴν
1565 2874 1779 2945 ἄμαχόν
1805 2890 1900 2928 σου

319 2967 551 3039 δύναμιν
607 2968 893 3039 περιέπειν
956 2969 1123 3038 ἡμᾶς.
1187 2967 1361 3021 Τοῦτο
1417 2968 1529 3039 γὰρ
1578 2966 1814 3021 ἐνταῦθα
1865 2968 1899 3037 ἡ

318 3059 461 3132 χείρ.
499 3060 613 3130 Τὴν
634 3061 848 3130 ἄμαχον
873 3069 983 3130 γάρ
1028 3058 1260 3129 δύναμιν
1283 3058 1478 3130 δηλοῦν
1511 3058 1781 3130 βούλεται,
1825 3058 1902 3120 ὡς

319 3152 415 3205 ἐπὶ
440 3150 560 3212 τοῦ.
593 3171 613 3204 ι
657 3153 722 3208 Ἥ
752 3154 871 3225 χείρ
898 3170 992 3205 σου
1022 3151 1148 3224 ἔθνη
1178 3151 1593 3224 ἐξωλόθρευσεν.
1628 3171 1646 3204 ι
1685 3150 1807 3204 Ἐπὶ
1841 3132 1971 3239 δὲ’(Σ

320 3242 418 3296 τοῦ
458 3245 739 3316 ἀνωτέρω,
801 3245 883 3309 τὸ,
941 3264 960 3298 ι
1009 3244 1227 3318 Ἐ’χείρ
1276 3262 1371 3299 σον
1426 3245 1578 3316 καὶή
1610 3244 1771 3316 βουλή
1806 3261 1901 3297 σου

323 3334 625 3405 προώρισε,
668 3354 688 3386 ι
720 3338 753 3407 ἠ
788 3337 910 3407 χεὶρ
940 3337 1001 3390 τὸ
1035 3338 1175 3406 μετά
1203 3336 1363 3405 λόγου
1385 3339 1480 3390 καὶ
1501 3337 1733 3399 δεόντως
1751 3337 1905 3409 παρά

322 3425 458 3479 Θεοῦ
484 3426 555 3481 τά
609 3429 791 3481 πάντα
839 3429 1188 3498 διεξάγεσθαι
1219 3429 1408 3499 δηλοί’
1456 3429 1538 3483 ὅτι
1586 3429 1677 3482 καὶ
1702 3429 1839 3499 μόνη
1871 3430 1904 3501 ἡ

324 3514 585 3583 σύνθετος
618 3518 781 3587 φύσις
807 3522 901 3575 καὶ
935 3521 1152 3594 λογικὴ,
1186 3522 1311 3593 ἥτις
1335 3523 1437 3576 οὐκ
1466 3522 1600 3592 ἄλλη
1633 3520 1906 3593 ἢᾶνθρω-

322 3623 448 3674 πος,
509 3611 656 3682 χειρὶ
697 3610 772 3675 ὡς
830 3611 1033 3666 ἐπίπαν
1088 3614 1156 3667 τὰ
1215 3612 1623 3685 χρειωδέστατα
1660 3611 1905 3666 ἐκτελεῖν

322 3698 539 3756 ιίωθεν.

403 3985 424 4021 ι
491 3966 609 4023 Ἵνα
634 3967 687 4021 τί
715 3967 992 4040 ἐφρύαξαν
1041 3968 1204 4041 ἔθνη,
1264 3968 1360 4023 καὶ
1406 3968 1529 4023 λαοὶ
1572 3967 1913 4040 ἐμελέτησαν

329 4078 352 4114 ε
392 4060 557 4128 κενάς
588 4062 940 4133 παρέστησαν
967 4064 1017 4118 oi
1043 4062 1281 4133 βασιλεῖς
1311 4064 1409 4130 τῆς
1432 4064 1560 4134 γῆς,
1609 4062 1704 4115 καὶ
1726 4062 1776 4114 οἱ
1807 4060 1910 4132 ἀρε

331 4169 355 4206 ι
385 4168 579 4224 χοντες
616 4154 960 4226 συνήχθησαν
979 4155 1074 4209 ἐπὶ
1102 4155 1163 4207 τὸ
1212 4155 1347 4209 αὐτὸ
1369 4155 1513 4209 κατά
1570 4154 1664 4208 τοῦ
1702 4153 1909 4224 Κυρίου

331 4263 356 4299 ι
394 4247 489 4299 καὶ
525 4246 670 4301 κατά
733 4246 827 4300 τοῦ
881 4247 1121 4319 Χριστοῦ
1169 4248 1358 4303 αὑτοῦ.
1398 4246 1753 4319 Συνήχθησαν
1803 4249 1914 4316 γὰρ

334 4355 357 4390 ι
395 4339 483 4391 ἐπ’
512 4337 772 4410 ἀληθείας
791 4340 884 4394 ἐπὶ
911 4341 1002 4393 τὸν
1040 4340 1195 4409 ἆγιον
1258 4341 1427 4394 παῖδά
1460 4358 1553 4393 σου
1594 4337 1825 4411 Ἰησοῦν,
1853 4337 1914 4391 ὃν

334 4447 359 4484 ι
397 4428 644 4501 ἔχρισας,
679 4429 921 4502 Ἡρώδης
938 4449 998 4486 τε
1024 4434 1120 4487 καὶ
1151 4433 1371 4497 Πόντιος
1404 4432 1655 4497 Πιλᾶτος.
1694 4450 1713 4483 ι

407 4607 543 4661 Ποῖα
564 4606 694 4679 ἔθνη
729 4607 1007 4680 ἐφρύαξαν
1035 4610 1180 4665 κατὰ
1209 4610 1304 4665 τοῦ
1346 4611 1620 4684 Χριστοῦ;
1660 4611 1742 4665 Τά
1800 4611 1909 4664 τῶν

347 4697 636 4764 Ἰουδαίων,
667 4700 931 4771 δηλονότι.
963 4702 1024 4754 EI
1055 4704 1164 4773 γὰρ
1188 4705 1284 4756 καὶ
1330 4704 1572 4759 Ἰουδαῖοι
1597 4700 1739 4776 ἦσαν
1778 4706 1914 4759 πάν-

335 4809 445 4857 τες,
476 4793 592 4848 ἀλλ’
619 4789 714 4847 οὖν
759 4795 823 4849 ἐκ
864 4795 1141 4865 διαφόρων
1183 4796 1374 4862 ἐθνῶν,
1428 4800 1486 4851 ἐν
1515 4794 1597 4861 οἷς
1654 4794 1796 4871 ἦσαν
1843 4798 1917 4852 δι·

341 4886 695 4956 εσπαρμένοι.
714 4887 788 4940 Τὸ
812 4887 889 4953 δὲ,
926 4906 945 4939 ι
969 4889 1200 4959 Ποιῆσαι
1227 4890 1326 4943 ὅσα
1356 4891 1390 4961 ἡ
1421 4891 1543 4961 χείρ
1570 4908 1689 4957 σου,
1713 4910 1731 4942 ι
1753 4908 1912 4944 τουτ-

344 4977 513 5043 έστιν,
555 4979 657 5033 οὐκ
699 4981 852 5033 αὑτοὶ
893 4979 1138 5051 ἴσχυσαν,
1173 4980 1309 5035 ἀλλά
1334 4982 1398 5035 σὺ
1430 4978 1527 5036 sic
1553 4983 1615 5036 τὸ
1656 4984 1764 5037 πᾶν
1791 4986 1916 5038 ἐπι-

343 5061 544 5141 τρίψας
567 5072 666 5125 καὶ
687 5072 767 5134 εἰς
796 5071 973 5144 πέρας
999 5072 1246 5142 ἀγαγὼν,
1279 5074 1635 5146 όεύμήχανος
1689 5079 1785 5129 καὶ
1818 5094 1913 5130 σο-

345 5163 460 5232 φός.
494 5163 767 5235 Συνῆλθον
803 5166 903 5235 μὲν
931 5163 1041 5235 γὰρ
1070 5167 1267 5221 ἐκεῖνοι
1298 5167 1374 5231 ὡς
1410 5167 1615 5239 ἐχθροὶ,
1665 5169 1761 5223 καὶ
1819 5187 1916 5240 φο-

344 5257 465 5327 νικῇ
498 5255 842 5327 προαιρέσει,
866 5258 1085 5312 ἐποίουν
1105 5258 1162 5313 δὲ
1181 5258 1218 5314 ἀ
1253 5262 1318 5314 σὺ
1346 5260 1592 5318 ἐϐούλου.

422 5457 440 5491 ι
470 5439 572 5494 Σὺν
600 5438 780 5494 ἔθνεσι
804 5440 901 5495 καὶ
935 5440 1088 5505 λαοῖς
1128 5442 1368 5516 Ἰσραήλ.
1411 5462 1430 5496 ι

428 5529 516 5586 ἐν
553 5530 910 5605 Ἰερουσαλὴμ
940 5534 1181 5608 Ἑϐραῖοι
1206 5536 1348 5609 μετὰ
1368 5538 1595 5610 Καῖάφα
1614 5541 1708 5596 καὶ
1727 5541 1917 5610 Ἄννα,

350 5619 465 5677 λαοὶ
494 5624 633 5693 μετά
668 5622 924 5681 Πιλάτου.

403 5803 624 5864 “Pal.
680 5823 915 5875 nim,
972 5808 1030 5865 3.

1993 753 2127 809 bore
2157 768 2221 809 ac
2249 754 2463 825 pudore
2493 755 2696 823 aﬂ‘ecti,
2733 756 2933 811 deinde
2968 758 3229 812 timentes
3261 773 3328 813 ue
3387 757 3455 811 ab
3484 758 3572 811 his

2000 847 2167 902 etiam
2191 848 2259 902 de
2291 848 2384 904 illo
2411 859 2832 904 accusarentur.

2067 934 2157 1000 IV,
2189 935 2374 993 9.5.25.
2412 956 2429 989 ι
2465 936 2530 991 Et
2556 936 2951 993 nuntiaverunt
2980 952 3321 1008 quaecunque
3368 935 3435 990 ad
3476 951 3575 993 eos

1999 1045 2020 1079 ι
2056 1028 2341 1099 pontiﬁces
2385 1043 2453 1083 ac
2480 1028 2729 1084 seniores
2771 1028 3049 1086 dixerant.
3096 1030 3165 1082 At
3218 1028 3297 1084 illi
3330 1043 3455 1084 cum
3479 1043 3578 1083 au-

2004 1138 2023 1172 ι
2073 1119 2312 1185 dissent,
2349 1136 2464 1176 uno
2489 1123 2672 1176 animo
2695 1120 3044 1175 elevaverunt
3067 1136 3253 1176 vocem
3288 1121 3352 1176 ad
3384 1119 3577 1185 Deum,

2002 1231 2022 1266 ι
2064 1227 2129 1268 ac
2176 1213 2433 1269 dixerunt
2475 1232 2494 1266 ι
2568 1214 2696 1287 (ηοιι
2761 1214 3061 1284 cupiditate
3114 1215 3289 1270 laudis
3367 1214 3576 1269 inducti

1997 1306 2188 1362 istbaec
2207 1314 2663 1370 commemorant,
2696 1305 2792 1361 sed
2825 1305 3025 1360 Christi
3054 1306 3243 1377 gratia:
3290 1307 3446 1377 signa
3477 1306 3573 1361 de—

1997 1398 2332 1469 monstrant)
2366 1415 2424 1453 :r
2463 1397 2715 1462 Domine,
2739 1404 2798 1451 tu
2826 1412 2884 1452 es
2942 1398 3087 1465 Deus
3116 1398 3207 1468 qui
3255 1397 3431 1452 fecisti
3452 1412 3569 1452 cm-

2002 1492 2176 1560 clum
2199 1501 2252 1546 et
2291 1500 2519 1559 terram,
2544 1506 2607 1545 ac
2643 1506 2792 1546 mare
2813 1532 2826 1555 ,
2859 1505 3088 1561 quaeque
3120 1491 3173 1544 in
3194 1489 3274 1545 eis
3301 1498 3430 1545 sunt
3453 1489 3577 1560 ;qui

2005 1604 2024 1638 ι
2054 1601 2149 1657 per
2177 1601 2239 1642 os
2266 1583 2429 1640 David
2451 1585 2604 1656 pueri
2630 1584 2710 1639 tui
2738 1583 2946 1639 dixisti.
2977 1601 2997 1634 ι

2068 1677 2205 1754 Vide
2237 1692 2404 1750 quam
2454 1676 2707 1732 absoluta
2725 1674 2796 1729 sit
2830 1673 3096 1743 juxtaque
3126 1679 3436 1742 temporum
3468 1684 3565 1725 oc-

2002 1770 2259 1826 casiones
2294 1768 2490 1825 horum
2519 1767 2787 1839 precatio.
2813 1764 3096 1837 Siquidem
3125 1763 3579 1834 quandodignum

2003 1860 2072 1915 ad
2120 1859 2488 1930 apostolatum
2546 1857 2913 1912 demonstrari
2966 1855 3070 1909 sibi
3110 1852 3424 1923 cupiebant,
3458 1866 3582 1921 pre-

2000 1963 2192 2008 cantes
2222 1951 2524 2008 dicebant:
2559 1948 2665 2014 Tu,
2728 1947 2977 2010 Domine,
3033 1945 3283 2003 cordium
3330 1944 3582 2015 cognitor

2002 2045 2250 2101 omnium
2295 2059 2310 2109 ;
2345 2042 2419 2097 ibi
2451 2042 2598 2098 enim
2642 2039 3094 2111 praccognitionis
3120 2038 3580 2094 eratnecessitas.

2004 2134 2102 2190 Hic
2147 2133 2641 2203 autem’quoniam
2686 2131 3138 2186 adversariorum
3170 2145 3266 2185 ora
3319 2129 3582 2184 obturare

2001 2226 2314 2296 oportebat,
2380 2242 2399 2275 ι
2447 2223 2695 2290 Domine,
2744 2241 2763 2275 ι
2824 2222 3143 2277 inclamant.
3211 2219 3279 2275 Et
3322 2229 3582 2290 tanquam

2002 2316 2151 2390 pacti
2228 2314 2393 2370 ﬁdem
2444 2313 2512 2369 ab
2572 2329 2639 2370 eo
2687 2313 3055 2384 postulantes,
3124 2311 3466 2383 prophetiam
3526 2310 3582 2365 in

2003 2408 2245 2464 medium
2296 2406 2583 2478 proferunt
2617 2419 2632 2469 ;
2667 2403 2831 2460 simul
2865 2411 2918 2457 et
2949 2403 3162 2474 seipsos
3191 2405 3567 2463 consolantes.

2002 2501 2151 2571 quod
2179 2499 2387 2569 absque
2419 2512 2587 2553 causa
2644 2504 2837 2551 contra
2866 2494 3018 2563 ipsos
3041 2494 3582 2564 vaneque'conaren-

2008 2601 2097 2646 tur
2162 2590 2390 2645 inimici.
2449 2587 2755 2644 Considera
2816 2601 3034 2657 quoque
3095 2593 3149 2640 et
3205 2586 3580 2640 modesviam:

2004 2697 2181 2754 neque
2207 2683 2353 2739 enim
2384 2681 2614 2751 cupiunt
2648 2680 2965 2750 discerpere
3023 2686 3119 2732 aut
3179 2678 3429 2748 perdere,
3461 2676 3584 2737 sed.

2004 2775 2264 2846 Respice,
2294 2774 2577 2845 inquiunt,
2626 2772 2693 2827 ad
2722 2772 2900 2827 minas
2932 2785 3146 2837 eorum,
3193 2780 3247 2825 et
3298 2771 3364 2823 da
3410 2768 3587 2824 servis

2008 2871 2118 2924 tuis
2155 2877 2216 2924 ut
2250 2882 2373 2924 cum
2409 2867 2558 2921 omni
2614 2865 2869 2919 libertate
2922 2878 3233 2919 sermonem
3270 2873 3440 2923 timui
3500 2861 3584 2915 Io-

2008 2973 2293 3033 quantur,
2346 2974 2572 3014 manum
2625 2967 2775 3012 tuam
2816 2957 3165 3029 porrigenda,
3200 2954 3304 3008 Iioc
3354 2964 3456 3015 est,
3507 2952 3585 3006 Io-

2009 3055 2190 3109 vendo
2249 3068 2351 3108 nos
2388 3050 2799 3122 inexpugnabili
2854 3057 2947 3102 tua
3002 3047 3267 3118 polentia.
3328 3043 3384 3100 Id
3439 3045 3586 3097 enim

2011 3146 2282 3213 signiticat
2325 3144 2576 3199 bocloco
2606 3156 2825 3195 manus.
2878 3137 3023 3193 Nult
3073 3137 3220 3193 enim
3248 3137 3586 3205 inexpugna-

2008 3238 2171 3293 bilem
2206 3238 2518 3307 signiiicare
2543 3235 2866 3306 potentiam,
2890 3231 3067 3285 veluti
3104 3244 3233 3283 cum
3265 3229 3341 3281 ait
3376 3243 3390 3279 :
3434 3244 3452 3277 ι
3479 3223 3589 3277 Ma-

2009 3348 2116 3387 nus
2150 3337 2245 3385 tua
2302 3339 2492 3400 gentes
2545 3325 2874 3396 disperdidit
2907 3322 2978 3377 ³⁹⁵.
3022 3340 3041 3372 ι
3101 3319 3159 3373 In
3192 3317 3575 3387 superioribus

2010 3430 2193 3479 autem
2241 3421 2448 3484 verbis,
2491 3437 2510 3471 ι
2546 3416 2737 3471 Manus
2773 3423 2865 3468 tua
2889 3420 2945 3468 et
2967 3409 3263 3466 consilium
3300 3415 3451 3460 tuum
3483 3419 3586 3457 an-

2008 3526 2095 3572 tea
2131 3516 2513 3571 deereverant.
2547 3529 2565 3563 ι
2606 3508 2800 3563 Manus
2835 3503 3104 3576 signiﬁcat
3123 3500 3306 3555 omnia
3336 3499 3592 3553 decenter

2009 3617 2064 3665 et
2134 3623 2259 3663 cum
2314 3607 2527 3662 ratione
2581 3618 2609 3656 a
2659 3601 2766 3655 Deo
2836 3597 3119 3659 ordinari,
3167 3593 3425 3665 quoniam
3476 3590 3590 3646 sola

2011 3704 2316 3773 composita
2343 3697 2738 3766 rationalisque
2764 3703 2983 3757 natura,
3015 3706 3138 3761 quae
3184 3703 3291 3743 non
3353 3687 3456 3739 alia
3508 3693 3592 3739 est

2014 3810 2174 3866 quam
2217 3794 2418 3857 homo,
2448 3806 2614 3844 manu
2660 3796 2721 3842 ut
2776 3786 3076 3858 plurimum
3134 3796 3256 3853 quae
3298 3779 3590 3833 utilissima

2012 3896 2143 3944 sunt
2176 3885 2389 3941 eﬂicere
2410 3885 2569 3939 solet.

2086 3977 2175 4044 IV,
2230 3968 2428 4033 9.5727.
2472 3995 2491 4028 ι
2520 3974 2701 4041 Quare
2726 3972 3069 4027 fremuerunt
3112 3967 3364 4021 nationes
3396 3970 3449 4019 et
3484 3976 3585 4031 po-

2020 4089 2040 4124 ι
2071 4070 2189 4143 puli
2242 4067 2489 4123 meditati
2561 4073 2691 4119 sunt
2765 4061 3005 4116 inania?
3058 4060 3368 4115 Astiterunt
3433 4068 3590 4120 reges

2022 4182 2041 4217 ι
2087 4172 2249 4218 terra!
2271 4169 2329 4216 et
2364 4158 2643 4230 principes
2687 4159 3065 4223 convenerunt
3118 4151 3171 4204 in
3205 4164 3372 4203 unum
3405 4147 3598 4199 adver-

2023 4276 2043 4310 ι
2090 4271 2189 4312 sus
2247 4253 2539 4308 Dominum
2576 4258 2629 4305 et
2669 4249 2935 4303 adversus
2963 4243 3248 4299 Christum
3283 4240 3424 4309 ejus.
3448 4237 3593 4291 Cun-

2022 4367 2041 4402 ι
2080 4354 2349 4404 venerunt
2381 4346 2526 4400 enim
2580 4357 2710 4398 vere
2765 4339 3031 4395 adversus
3067 4344 3318 4391 sanctum
3364 4344 3594 4402 puerum

2024 4461 2044 4495 ι
2086 4450 2242 4495 tuum
2265 4437 2451 4494 Jesum
2472 4452 2633 4507 quem
2681 4447 2938 4500 unxeras,
2955 4429 3065 4504 ω
3088 4428 3330 4484 Ilerodes
3348 4423 3511 4482 simul
3540 4428 3597 4477 et

1945 4541 1990 4597 ι)
2025 4552 2044 4587 ι
2087 4533 2318 4590 Pontius
2350 4531 2580 4585 Pilatus.
2614 4546 2632 4579 ι

2078 4626 2337 4692 Quaenam
2364 4624 2616 4678 nationes
2641 4619 2905 4674 adversus
2924 4616 3203 4672 Christum
3226 4610 3599 4669 fremuerunt?

2021 4716 2283 4773 Nationes
2339 4715 2592 4769 videlicet
2654 4711 2990 4766 Iudaeorum.
3054 4709 3188 4763 Nam
3242 4705 3346 4760 etsi
3407 4716 3599 4757 omnes

2023 4809 2194 4865 Juda'i
2223 4817 2399 4873 erant,
2419 4818 2656 4861 attamen
2681 4822 2741 4861 ex
2768 4805 2933 4858 variis
2969 4799 3281 4856 nationibus
3307 4796 3617 4850 veniebant

2023 4905 2168 4958 inter
2233 4916 2372 4972 quas
2418 4899 2653 4969 dispersi
2689 4905 2868 4952 erant.
2899 4912 2919 4946 ι
2958 4892 3027 4947 Ut
3078 4892 3601 4958 Iacerentquaacun-
3692 4906 3699 4912 -

2023 5011 2130 5066 que
2180 5008 2376 5049 manus
2434 5003 2525 5047 tua
2563 5009 2577 5045 :
2618 5008 2636 5041 ι
2674 4992 2775 5042 hoc
2801 4996 2904 5054 est,
2929 5001 3039 5042 non
3093 4985 3200 5055 ipsi
3248 4981 3597 5054 potuissent,

2023 5086 2118 5143 sed
2150 5098 2205 5141 tu
2230 5101 2289 5141 es
2313 5086 2405 5155 qui
2454 5098 2566 5137 rem
2596 5095 2813 5136 omnem
2848 5078 3203 5151 permittebas
3237 5084 3292 5130 et
3330 5073 3397 5128 ad
3438 5074 3599 5125 linem

2024 5177 2362 5241 deducebas,
2385 5189 2575 5245 nempe
2603 5173 2844 5243 prudens
2896 5185 2957 5224 ac
2993 5169 3235 5239 sapiens.
3285 5165 3361 5218 Illi
3423 5160 3599 5234 siqui-

2025 5275 2147 5326 dem
2172 5268 2540 5325 convenerant
2570 5275 2825 5336 tanquam
2845 5262 3050 5318 inimici
3081 5268 3135 5316 et
3158 5257 3468 5315 truculenta
3504 5268 3604 5311 vo-

2025 5361 2260 5428 luntate,
2282 5361 2375 5418 sed
2419 5359 2693 5415 faciebant
2734 5373 2855 5429 quae
2884 5364 2939 5411 tu
2973 5354 3212 5411 volebas.

2108 5471 2127 5505 ι
2163 5453 2295 5506 Cum
2326 5451 2580 5523 gentibus
2600 5461 2654 5504 et
2682 5448 2898 5519 populis
2930 5446 3118 5501 Israel.
3160 5460 3181 5496 ι

2099 5545 2159 5602 In
2216 5544 2523 5602 Jerusalem
2557 5542 2765 5600 Hebraei
2799 5557 2924 5599 cum
2950 5538 3155 5611 Caipba
3178 5546 3237 5595 et
3284 5538 3463 5601 Anna,
3497 5547 3601 5605 po-

2030 5638 2139 5711 puli
2174 5653 2299 5694 cum
2323 5636 2525 5692 Pilato.
