4058 6574
504 407 610 475 103

507 634 528 669 ι
549 624 706 669 tuum
732 623 892 669 antea
919 612 1033 667 lieri
1053 614 1470 667 decreverant.»

573 706 718 761 Idem
742 705 1053 774 signiﬁcant
1075 718 1274 757 manus
1305 710 1360 758 et
1396 702 1710 759 consilium.
1749 702 1906 760 Nulla
1926 706 2073 761 enim

502 798 723 853 consilii
754 798 1076 859 necessitas,
1109 794 1197 848 cui
1239 796 1395 852 adest
1438 796 1701 865 potentia.
1745 795 1910 851 Facta
1946 806 2077 854 sunt

503 904 634 958 ergo
667 903 1006 958 qnmcunque
1033 886 1102 940 ab
1145 887 1301 941 initio
1345 887 1627 943 ordinasti.
1691 889 2074 960 Apostolorum

506 978 688 1047 itaque
716 978 958 1047 precatio
997 993 1104 1031 non
1146 986 1264 1031 erat
1299 978 1364 1033 ad
1403 979 1745 1049 repellendas
1774 980 2074 1044 molestias,

509 1068 605 1123 sed
669 1083 770 1137 pro
830 1068 1162 1138 evangelica:
1214 1069 1483 1123 orationis
1533 1084 1837 1134 successu;
1904 1085 2078 1139 neque

416 1222 417 1225 η
503 1160 648 1213 enim
685 1159 961 1223 dicebant,
989 1158 1208 1224 Libera,
1236 1160 1354 1225 sed,
1396 1160 1471 1212 Da
1503 1160 1677 1215 servis
1701 1161 1834 1225 tuis,
1862 1169 1921 1216 ut
1948 1176 2071 1215 eum

506 1253 760 1306 libertate
791 1252 1109 1321 loquantur.

572 1342 661 1411 IV,
682 1343 870 1398 29-51.
910 1362 927 1393 ι
981 1341 1046 1395 Ει
1078 1355 1248 1405 nunc,
1273 1340 1523 1408 Domine,
1558 1343 1774 1410 respice
1807 1342 1870 1396 ad
1898 1343 2077 1398 minas

508 1450 530 1484 ί
558 1448 770 1497 eorum,
802 1442 855 1487 et
881 1431 948 1485 da
976 1431 1150 1486 servis
1213 1431 1345 1496 tuis,
1386 1443 1438 1486 ut
1461 1447 1586 1486 cum
1639 1433 1787 1488 omni
1825 1432 2078 1487 libertate

507 1544 531 1577 ί
558 1540 869 1580 sermonem
896 1533 1049 1577 tuum
1107 1522 1404 1593 loquantur
1438 1542 1453 1579 ζ
1487 1540 1708 1579 manum
1766 1534 1913 1578 tuam
1948 1541 2078 1595 ροτ-

512 1639 531 1670 ι
571 1618 798 1689 rigendo
827 1615 895 1671 ad
947 1617 1073 1682 hoc,
1130 1624 1189 1670 ut
1222 1617 1439 1671 sanatio
1467 1618 1692 1688 etsigna
1721 1631 1787 1671 ac
1831 1618 2075 1688 prodigia

509 1729 532 1762 ‹
569 1710 825 1775 edantur,
864 1725 960 1779 per
1010 1724 1210 1764 nomen
1254 1709 1431 1763 sancti
1477 1708 1698 1764 Filiitui
1732 1708 1883 1764 Jesu.
1909 1710 2075 1764 Cuni-

482 1821 531 1871 ⁴ι
560 1815 667 1870 que
690 1808 940 1854 orassent
996 1800 1097 1865 illi,
1140 1808 1325 1857 motus
1356 1811 1441 1855 est
1476 1799 1629 1857 locus
1692 1801 1748 1856 in
1784 1789 1891 1870 quo
1920 1810 2078 1856 erant

1586 402 1983 464 (ECUMENII
2007 404 2295 464 TRICCJS
2323 402 2659 465 EPISCOI’I

581 542 601 575 ι
652 519 1341 590 Utlacerentqumcunquc
1372 525 1674 575 manustua
1699 527 1753 574 et
1782 519 2068 575 consilium
2104 527 2146 579 Α

2254 538 2272 571 ι
2306 518 2536 589 Ποιῆσαι
2577 519 2728 588 ὅσαὴ
2773 518 2894 589 χείρ
2922 534 3014 569 σου
3062 517 3154 570 καὶ
3183 517 3216 588 ἡ
3247 514 3409 589 βουλή
3471 533 3563 570 σου
3616 535 3753 589 προ-

2186 623 2203 655 ι
2245 603 2410 673 ὠρισε
2437 605 2709 672 γενέσθαι.
2746 624 2764 656 ι

2250 695 2324 749 Τὸ
2352 696 2484 750 αὐτὸ
2518 696 2767 766 βούλεται
2814 697 3005 768 δηλοῦν
3028 698 3060 769 ἠ
3086 697 3205 768 χεὶρ
3245 697 3396 768 καὶὴ
3431 697 3617 771 βουλή.
3650 699 3758 751 Δύ-

2177 804 2340 857 ναμις
2373 787 2480 857 γὰρ
2504 779 2549 855 ᾧ
2587 787 2894 859 πρόσεστιν,
2936 790 2997 842 ού
3021 790 3178 860 χρεία
3212 788 3427 860 βουλῆς.
3458 791 3600 845 Ὅσα
3660 788 3755 846 οὖν

2176 879 2427 947 διέταξας
2455 880 2515 945 ἐξ
2536 882 2714 952 ἀρχῆς
2752 882 2996 950 γέγονεν.
3031 883 3107 935 Urb
3146 885 3531 951 παραιτήσεως
3551 884 3608 937 δὲ
3643 884 3756 938 τῶν

2177 970 2462 1041 δυσχερῶν
2489 973 2652 1043 ήτῶν
2683 974 2995 1028 ἀποστόλων
3026 973 3181 1045 εὐχὴ,
3226 974 3341 1027 ἀλλ’
3374 975 3516 1045 ὑπὲρ
3547 977 3754 1029 εὑοδώ-

2181 1076 2320 1123 σεως
2371 1061 2466 1114 τοῦ
2523 1061 2882 1131 εύαγγελικοῦ
2926 1064 3302 1134 κηρύγματος.
3332 1066 3406 1117 Οὑ
3435 1068 3543 1135 γὰρ
3573 1061 3753 1131 εἷπον,

2191 1152 2428 1218 Ἐξελοῦ,
2453 1153 2611 1219 ἀλλά,
2642 1154 2743 1217 Δὸς
2766 1157 2878 1219 τοῖς
2908 1155 3115 1220 δούλοις
3174 1173 3289 1221 σου,
3348 1157 3486 1226 μετά
3539 1161 3760 1228 παρρη-

2179 1246 2299 1310 σίας
2326 1247 2527 1302 λαλεῖν.

2255 1356 2273 1388 ι
2309 1338 2417 1390 Καὶ
2438 1338 2508 1391 τὰ
2530 1339 2647 1404 νῦν,
2692 1339 2886 1411 Κύριε,
2928 1339 3191 1411 ἐπιδεδὲπὶ
3246 1342 3344 1405 τὰς
3392 1341 3618 1405 ἀπειλὰς
3656 1343 3756 1395 αύ-

2185 1450 2202 1482 ι
2241 1431 2371 1495 τῶν,
2417 1433 2514 1486 καὶ
2559 1433 2646 1496 δὸς
2680 1435 2792 1497 τοῖς
2846 1434 3056 1499 δούλοις
3116 1452 3232 1515 σουλ,
3267 1436 3408 1504 μετά
3441 1436 3757 1515 παρρησίας

2184 1542 2202 1575 ι
2240 1524 2419 1592 πάσης
2450 1523 2629 1577 λαλεῖν
2654 1524 2745 1578 τὸν
2772 1524 2930 1595 λόγον
2958 1543 3074 1588 σου,
3118 1528 3175 1579 ὲν
3210 1511 3293 1598 τῷ
3321 1525 3418 1595 τὴν
3452 1511 3609 1595 χεῖρά
3659 1543 3758 1578 σου

2185 1634 2203 1665 ι
2241 1615 2503 1668 ἐκτείνειν
2527 1633 2586 1669 σε
2617 1617 2697 1680 εἰς
2729 1616 2892 1680 ἴασιν,
2930 1619 3021 1671 καὶ
3062 1621 3262 1688 σημεῖα
3290 1620 3382 1671 καὶ
3414 1619 3618 1691 τέρατα
3659 1635 3756 1686 γε-

2187 1725 2203 1756 ι
2244 1704 2429 1758 νέσθαι
2452 1705 2541 1759 διὰ
2561 1704 2654 1759 τοῦ
2677 1706 2942 1778 ὀνόματος
2970 1706 3064 1761 τοῦ
3098 1709 3256 1776 ἁγίου
3290 1709 3479 1774 παιδός
3512 1728 3605 1763 σου
3648 1711 3758 1780 ’l'q-

2187 1816 2205 1849 ι
2251 1798 2365 1851 σοῦ.
2399 1799 2508 1852 Καὶ
2539 1798 2842 1870 δεηθέντων
2881 1800 3086 1867 αὐτῶν,
3114 1800 3382 1869 ⁴εσαλεύθη
3405 1803 3433 1855 ό
3474 1802 3638 1866 τόπος
3698 1803 3759 1856 ἑν

512 1914 532 1946 ί
569 1865 906 1965 congregati,
951 1903 1003 1946 et
1039 1892 1229 1963 repleti
1277 1900 1409 1949 sunt
1462 1908 1655 1948 omnes
1709 1893 1917 1964 Spiritu
1944 1909 2076 1949 san-

2188 1910 2204 1942 ι
2240 1883 2284 1959 ᾧ
2329 1886 2470 1962 ἦσαν
2529 1865 2883 1971 συνηγμένοι.
2933 1894 3044 1947 Καὶ
3074 1865 3457 1963 Ὕὲπλήσθησαν
3517 1865 3761 1959 ἅπαντες

509 2002 531 2035 ι
568 1994 656 2040 cto
683 2024 697 2048 ,
762 1999 827 2039 ac
891 1985 1254 2054 loquebantur
1282 1999 1596 2040 sermonem
1639 1985 1728 2040 llei
1756 2001 1879 2040 cum
1908 1985 2078 2041 liber-

511 2092 530 2126 ι
567 2082 695 2128 tate.
734 2094 752 2125 ι
1402 2076 1405 2079 λ

575 2164 801 2235 Signum
834 2165 979 2235 quod
1033 2166 1222 2222 audita
1286 2177 1434 2223 esset
1491 2167 1692 2230 oratio,
1740 2167 1841 2221 luit
1877 2177 2073 2222 teme-

506 2266 687 2311 tnotus
717 2272 730 2308 :
788 2257 1060 2311 interdum
1089 2274 1218 2314 vero
1248 2257 1447 2313 accidit
1480 2267 1538 2313 ut
1570 2259 1665 2314 ira:
1704 2259 1925 2329 signum
1984 2260 2076 2315 sit.

506 2345 724 2417 llepleri
751 2359 932 2402 autem
991 2349 1200 2418 Spiritu
1226 2360 1419 2405 sancto
1462 2350 1733 2421 signillcnt
1773 2359 1919 2406 totos
1980 2352 2080 2406 ad-

507 2441 684 2495 dictos
715 2456 836 2495 esse
866 2441 1006 2495 data:
1032 2442 1168 2511 ipsis
1191 2443 1495 2514 operationi
1530 2441 1707 2498 divini
1732 2442 1985 2513 Spiritus
2025 2452 2081 2500 et

507 2547 701 2601 parum
747 2550 776 2585 a
812 2533 972 2588 rebus
991 2534 1162 2588 avet-Ii
1192 2536 1511 2591 carnalibus
1542 2553 1554 2589 :
1591 2535 2079 2606 velquodincensi

513 2634 695 2690 erant,
759 2635 811 2678 et
859 2625 1083 2681 ardebat
1122 2627 1174 2681 in
1222 2628 1304 2682 eis
1362 2627 1591 2693 donum,
1648 2639 1870 2699 propter
1935 2631 2080 2700 quod

507 2716 868 2786 loquebantur
908 2730 1032 2771 cum
1069 2716 1344 2783 libertate,
1394 2732 1659 2788 corporea
1693 2719 1935 2790 pericula
1979 2721 2079 2777 de-

508 2811 824 2882 spicientes,
855 2827 885 2867 a
918 2827 1027 2884 quo
1052 2813 1218 2868 etiam
1268 2813 1414 2870 dono
1470 2822 1589 2869 erat
1631 2830 1727 2871 cor
1771 2825 1826 2870 et
1868 2818 2075 2882 anima,

506 2911 767 2975 tanquam
804 2906 958 2974 origo
1011 2905 1252 2962 motibus
1286 2906 1932 2965 intellectualibns.Nam
1982 2926 2079 2966 cor

508 2995 563 3052 id
606 3011 752 3051 nunc
821 2996 1123 3067 signiﬁcat,
1182 2998 1349 3053 veluti
1405 3001 1642 3069 primum
1699 2986 2077 3059 subsistentia:

505 3089 785 3156 animalis,
816 3093 963 3160 quod
1001 3091 1181 3169 etian‘
1202 3091 1399 3146 vitalia
1439 3093 1699 3149 sustinet.
1730 3097 1860 3150 Hzec
1925 3097 2074 3151 enim

2188 2005 2206 2038 ι
2244 1985 2560 2055 Πνεύμοιτος
2590 1984 2768 2053 ἁγίου,
2806 1986 2900 2039 καὶ
2932 1985 3155 2039 ὲλάλουν
3179 1974 3271 2038 τὸν
3310 1986 3465 2055 λόγον
3494 1987 3586 2041 τοῦ
3620 1984 3758 2041 θεοῦ

2189 2098 2207 2130 ι
2248 2080 2387 2149 μετά
2414 2077 2748 2150 παρρησίας.
2776 2096 2795 2128 ι

2251 2168 2531 2237 Σύμϐολον
2578 2167 2672 2221 τοῦ
2725 2167 3062 2237 ἀκουσθῆναι
3114 2170 3214 2239 τὴν
3259 2169 3441 2240 δέησιν
3486 2167 3684 2234 αὑτῶν,
3731 2170 3762 2222 ὁ

2187 2262 2408 2331 σεισμός
2434 2277 2448 2291 ο
2483 2259 2598 2313 ἔστι
2645 2259 2702 2313 δὲ
2747 2261 2835 2315 ὅτε
2881 2260 2975 2313 καὶ
3011 2256 3200 2331 ὀργῆς.
3225 2260 3297 2323 Τὸ
3344 2259 3398 2313 δὲ
3453 2258 3763 2330 πλησθῆναι

2183 2353 2501 2424 Πνεύματος
2521 2345 2704 2421 ἁγίου,
2735 2351 2887 2421 δηλοῖ
2913 2353 2993 2415 τὸ,
3023 2353 3176 2416 ὅλους
3198 2355 3297 2423 τῆς
3338 2353 3618 2422 ἐνεργείας
3665 2353 3760 2405 τοῦ

2183 2447 2430 2510 δοθέντος
2460 2449 2645 2510 αὑτοῖς
2693 2446 2840 2499 θείου
2890 2444 3206 2516 Πνεύματος
3238 2446 3517 2515 γενέσθαι,
3563 2446 3763 2517 μικρὸν

2185 2541 2293 2594 ἀπὸ
2323 2539 2489 2593 τῶνδε
2540 2540 2648 2591 τῶν
2678 2537 2959 2618 σαρκικῶν
3010 2538 3541 2608 ἀποστρεφομένους.
3582 2535 3654 2589 'll
3678 2537 3764 2590 ὅτι

2186 2632 2738 2704 ἁνεζωπυρίσθησαν,
2769 2633 2863 2685 καὶ
2894 2631 3178 2684 ἀνεκαίετο
3214 2633 3270 2683 ὲν
3298 2630 3484 2693 αὑτοῖς
3509 2629 3568 2683 τὸ
3598 2630 3763 2699 χάρι-

2190 2743 2324 2797 σμα,
2354 2725 2421 2779 δι’
2461 2726 2599 2794 ὅπερ
2629 2723 2856 2777 ἐλάλουν
2920 2722 3058 2793 μετά
3102 2721 3439 2794 παρρησίας,
3483 2720 3768 2789 ἀφειδοῦν-

2186 2835 2278 2881 τες
2308 2816 2420 2869 τῶν
2454 2814 2783 2885 σωματικῶν
2814 2815 3098 2870 κινδύνων.
3164 2808 3281 2885 ⁵Αφ’
3310 2809 3372 2869 οὗ
3422 2815 3517 2867 καὶ
3563 2813 3761 2884 καρδία

2188 2917 2282 2970 καὶ
2307 2912 2478 2984 ψυχὴ,
2505 2912 2670 2966 οἱονεὶ¹
2724 2912 2817 2966 καὶ
2848 2914 2958 2976 τοῖς
2983 2915 3189 2983 νοεροῖς
3242 2913 3529 2982 κινήμασι.
3588 2911 3631 2963 Τ
3635 2910 3765 2964 οῦτο

2187 3009 2296 3079 γὰρ
2318 3007 2412 3060 νῦν
2440 3008 2473 3078 ἡ
2514 3005 2710 3077 καρδία
2738 3005 3006 3077 βούλεται,
3037 3005 3132 3060 ἆτε
3155 3006 3249 3059 καὶ
3281 3005 3471 3076 πρώτη
3509 3004 3609 3075 τῆς
3665 3002 3763 3058 τοῦ

2187 3098 2329 3164 ζὼου
2376 3098 2729 3173 ὑποστάσεως
2783 3098 3124 3168 ὑφισταμένη
3170 3098 3263 3151 καὶ
3314 3099 3425 3159 τοῖς
3486 3097 3764 3161 ζωτικοῖς.

514 3180 831 3236 subindicat
866 3198 963 3253 per
991 3198 1088 3238 cor
1111 3191 1165 3239 et
1187 3185 1426 3239 animam
1478 3202 1601 3257 qua:
1651 3187 1719 3242 ad
1742 3205 1908 3243 unum
1946 3205 2079 3243 con-

2190 3190 2376 3245 Ταῦτα
2437 3190 2547 3262 γάρ
2605 3192 2982 3244 ὑπαινίττεται
3016 3189 3104 3243 διὰ
3156 3189 3255 3259 τῆς
3284 3189 3510 3257 καρδίας
3538 3189 3634 3242 καὶ
3662 3189 3764 3258 τῆς

506 3278 742 3325 currunt
766 3271 1320 3341 compositum.Quod
1356 3286 1539 3330 autem
1564 3275 1596 3331 d
1625 3282 1807 3331 citur:
1839 3295 1857 3329 ι
1890 3279 2073 3343 Eram

504 3363 601 3421 Dei
633 3370 1101 3425 manutenentiam
1121 3370 1392 3440 signiﬁcat
1415 3371 1483 3425 ad
1511 3376 1944 3430 conservandam
1962 3377 2085 3431 ani-

507 3460 581 3513 tni
611 3461 1062 3531 placabilitatem.
1098 3463 1205 3535 41,
1236 3461 1374 3519 Nam
1403 3466 1763 3536 intelligentis
1791 3482 2087 3537 argumen-

508 3558 623 3605 tum
650 3561 735 3609 est
754 3563 1103 3610 contemnere
1148 3558 1410 3625 pericula,
1474 3557 1676 3612 vivacis
1716 3570 1898 3614 autem
1946 3562 2085 3616 indi-

506 3645 652 3700 cium
699 3647 1011 3702 absolutam
1042 3664 1168 3704 esse
1201 3648 1341 3704 circa
1373 3652 1672 3720 corporalia
1758 3666 2085 3724 temperatu-

507 3752 650 3801 ram,
697 3752 896 3809 nempe
938 3748 1000 3794 ut
1046 3754 1241 3810 pauca,
1288 3751 1345 3796 et
1392 3753 1657 3813 quantum
1713 3745 1783 3801 ad
1845 3749 2086 3804 tenuiter

505 3816 800 3883 vivendum
847 3830 980 3886 satis
1007 3831 1138 3897 sint,
1197 3831 1420 3889 babenti
1471 3835 1782 3891 sulliciant:
1815 3852 2080 3894 summam

508 3928 693 3997 autem
746 3919 944 3975 habeat
992 3937 1208 3981 curam
1260 3933 1319 3977 ut
1376 3926 1661 3995 egentibus
1711 3928 2081 3997 providentur.

505 4007 779 4066 Praeterea
808 4011 874 4066 de
900 4026 966 4067 eo
983 4012 1125 4083 quod
1154 4025 1464 4071 commotus
1483 4018 1755 4082 estlocus,
1787 4018 1891 4073 hoc
1916 4020 2080 4074 etiam

508 4101 810 4173 intelligere
869 4108 1084 4175 oportet
1154 4105 1292 4176 quod
1363 4105 1541 4164 lactus
1603 4117 1685 4163 est
1744 4120 2082 4167 lerrmmutus

511 4204 573 4250 ut
604 4196 916 4252 incredulos
965 4198 1185 4269 quidem
1249 4214 1316 4254 ac
1351 4200 1747 4255 comminantes
1812 4211 2080 4268 terreret,

512 4287 790 4358 apostolos
820 4303 951 4347 vero
989 4290 1045 4359 in
1100 4290 1386 4345 audaciam
1444 4289 1761 4346 adduceret.
1807 4290 1954 4348 Finis
2006 4296 2084 4350 si-

461 4444 465 4449 .
507 4378 724 4449 quidem
753 4394 820 4434 ac
855 4380 1158 4437 necessitas
1186 4381 1377 4438 talium
1409 4381 1689 4454 signorum
1734 4395 1850 4461 erat
1874 4393 1931 4439 ut
1978 4386 2081 4456 ipsi

505 4467 987 4525 continuarentur.

575 4559 781 4627 ωδε.
841 4561 1259 4620 «Multitudinis
1318 4573 1496 4620 autem
1562 4569 1905 4624 credentium
1969 4581 2086 4627 erat
2122 4575 2164 4631 D

511 4671 531 4706 ι
573 4668 671 4708 cor
705 4670 871 4711 unum
914 4664 967 4708 et
991 4655 1176 4710 anima
1214 4671 1320 4710 una
1361 4674 1375 4711 :
1419 4672 1521 4712 nec
1542 4658 1833 4728 quisquam
1891 4676 2082 4716 eorum

509 4762 530 4796 ι
580 4760 699 4814 quae
731 4746 1046 4815 possidebat
1081 4748 1283 4817 aliquid
1308 4764 1469 4803 suum
1519 4765 1649 4805 esse
1698 4752 1932 4818 dicebat,
1988 4756 2085 4810 sed

458 4896 465 4904 _
510 4854 530 4889 ι
569 4847 729 4891 erant
762 4837 869 4892 illis
894 4839 1076 4892 omnia
1112 4841 1445 4894 communia.
1473 4859 1493 4892 ι

462 5002 467 5007 ι
574 4927 796 4984 Mutuus
823 4944 979 4984 amor
1006 4930 1147 4989 inter
1171 4945 1265 4986 eos
1289 4941 1408 4986 erat
1439 4932 1603 4986 etiam
1635 4949 1702 4988 ex
1736 4936 2085 5005 praeceptoris

502 5019 707 5077 Christi
731 5021 918 5090 jussu,
951 5037 1078 5076 cum
1119 5022 1333 5078 dixerat
1375 5040 1388 5077 :
1425 5042 1445 5076 ι
1488 5022 1591 5080 Per
1622 5023 1726 5080 boc
1750 5038 2082 5096 cognoscent

502 5126 694 5167 omnes
721 5114 863 5183 quod
892 5113 998 5168 mei
1025 5113 1146 5169 sitis
1191 5114 1471 5185 discipuli,
1509 5115 1557 5171 si
1610 5117 1957 5172 dilectionem
1984 5116 2081 5171 Ita-

504 5202 738 5258 bueritis
767 5203 909 5260 inter
934 5219 1030 5259 vos
1051 5213 1292 5258 mutuam
1329 5204 1396 5260 ⁵⁸.
1432 5225 1451 5258 ι
1492 5204 1618 5262 Ideo
1642 5207 1808 5262 etiam
1849 5207 2080 5278 quisque

504 5294 813 5365 proximum
873 5305 1132 5366 reputans
1185 5307 1446 5369 tanquam
1480 5299 1742 5370 seipsuui,
1800 5299 1934 5355 nihil
1984 5314 2080 5355 eo-

503 5401 624 5440 rum
643 5402 764 5455 quae
800 5389 1109 5463 possidebat
1143 5391 1245 5446 sibi
1266 5392 1365 5462 ipsi
1397 5394 1682 5462 proprium
1756 5391 2087 5447 vindicando

503 5476 797 5546 retinebat,
828 5480 922 5535 sed
957 5479 1011 5535 in
1047 5497 1389 5537 communem
1410 5482 1700 5539 utilitatem
1747 5481 2084 5554 proferebat.

505 5562 661 5625 Unde
685 5571 848 5626 etiam
904 5575 1135 5644 gratiam
1167 5591 1415 5647 magnam
1455 5575 1533 5631 ait
1594 5575 1704 5631 illis
1758 5591 1827 5630 ex
1900 5587 2086 5630 mutua

503 5661 793 5719 dilectione
827 5666 1128 5724 accessisse
1160 5687 1173 5723 :
1209 5684 1276 5724 ex
1328 5686 1394 5725 eo
1420 5670 1567 5726 enim
1614 5669 1760 5739 quod
1803 5668 1935 5724 nihil
1981 5668 2090 5724 sibi

575 5843 619 5872 δη
657 5842 816 5898 .loan.
850 5861 968 5912 xm,
1004 5845 1091 5901 55.

2189 3283 2365 3354 ψυχῆς
2396 3282 2533 3354 πρὸς
2562 3285 2620 3336 ἒν
2648 3282 2935 3353 κατάλυμα
2962 3282 3058 3351 τὴν
3090 3283 3267 3354 ὁρμὴν
3301 3282 3665 3351 ποιουμένων.
3691 3279 3769 3332 T'o

2189 3375 2270 3434 δὲ,
2299 3392 2317 3425 ι
2350 3369 2476 3439 Ἦν,
2521 3393 2539 3426 ι
2576 3374 2636 3426 τὸ
2681 3373 2821 3444 πρὸς
2863 3374 3229 3445 εὐαρέστησιν
3280 3374 3554 3427 συντεῖνον
3604 3370 3766 3426 Θεοῦ.

2191 3466 2296 3519 Τοῦ
2324 3465 2509 3535 νοεροῦ
2543 3466 2651 3536 γὰρ
2689 3466 2929 3537 ἔλεγχος,
2951 3467 3009 3519 τὸ
3034 3466 3273 3537 ἀφειδεῖν
3323 3466 3432 3517 τῶν
3477 3463 3767 3517 κινδύνων.

2192 3559 2297 3611 Τοῦ
2320 3558 2550 3623 ζωτικοῦ
2578 3557 2634 3612 δὲ
2656 3556 2967 3629 γνώρισμα,
3001 3557 3062 3611 τὸ
3093 3557 3220 3629 περὶ
3244 3556 3313 3610 τὰ
3338 3554 3632 3627 σωματικὰ
3668 3554 3770 3625 τὴν

2191 3648 2530 3719 διεξαγωγὴν
2580 3649 3010 3721 ὲξηκριϐὦσθαι,
3071 3649 3146 3711 ὡς
3207 3649 3363 3715 ὀλίγα
3395 3648 3493 3716 μὲν
3519 3647 3611 3699 καὶ
3639 3646 3771 3699 ὅσον

2191 3741 2427 3813 ἀποζῇν,
2464 3741 2816 3812 χορηγεῖσθαι
2844 3740 2921 3811 τῷ
2954 3741 3300 3811 κεκτημένῳ,
3343 3739 3404 3792 τὸ
3440 3740 3549 3792 πᾶν
3570 3737 3628 3790 δὲ
3655 3739 3773 3801 τοῖς

2193 3833 2307 3904 βίου
2334 3835 2654 3899 σπανίζουσι
2684 3833 3174 3905 καρποφορείσθαι.
3215 3834 3336 3885 Ἔτι
3374 3831 3503 3901 περὶ
3536 3829 3632 3883 τοῦ
3668 3846 3772 3882 σασ-

2190 3925 2449 3997 λευθῆναι
2478 3926 2569 3979 τὸν
2591 3927 2776 3990 τόπον,
2809 3928 2904 3980 καὶ
2935 3925 3093 3979 τοῦτο
3143 3924 3336 3994 νοῆσαι
3390 3922 3494 3986 δεῖ,
3539 3920 3616 3983 ὡς
3665 3937 3768 3991 φο-

2202 4019 2313 4072 ϐῶν
2346 4019 2445 4089 μὲν
2469 4019 2598 4082 τοὺς
2627 4019 2890 4082 ἀπίστους
2936 4018 3030 4070 καὶ
3062 4015 3421 4078 ἀπειλοῦντας
3461 4016 3490 4067 ὀ
3537 4014 3771 4084 σεισμὸς

2191 4110 2522 4178 ἐγένετο,είς
2550 4107 2749 4180 θάρσος
2783 4108 2840 4161 δὲ
2863 4108 3012 4176 ἄγων
3048 4109 3171 4172 τοὺς
3194 4107 3551 4172 ἀποστόλους,
3574 4106 3771 4173 ἐπειδὴ

2189 4201 2333 4271 ἀρχὴ
2362 4195 2430 4273 ἦν
2458 4202 2554 4253 καὶ
2591 4200 2746 4271 χρεία
2775 4198 2884 4255 τῶν
2935 4199 3191 4253 τοιούτων
3221 4199 3464 4271 σημείων
3509 4199 3648 4269 πρὸς
3707 4198 3772 4250 τὸ

2191 4292 2388 4357 αὐτοὺς
2420 4292 2808 4363 στερεωίιῆναι.
2846 4299 2849 4302 ⁴

2273 4581 2291 4615 ι
2331 4559 2438 4615 Τοῦ
2468 4560 2525 4613 δὲ
2553 4558 2792 4630 πλήθους
2824 4559 2933 4611 τῶν
2966 4555 3373 4629 πιστευσάντων
3409 4549 3478 4627 ἦν
3506 4556 3540 4625 ή
3570 4554 3777 4625 καρδία

2199 4674 2217 4709 ι
2248 4652 2340 4709 καὶ
2372 4655 2404 4726 ἠ
2430 4653 2576 4724 ψυχὴ
2607 4651 2728 4723 μία.
2776 4652 2885 4705 Καὶ
2916 4649 3037 4703 οὐδὲ
3069 4643 3148 4714 εἷς
3180 4666 3237 4702 τι
3266 4648 3375 4702 τῶν
3408 4648 3777 4718 ὑπαρχόντων

2197 4769 2214 4801 ι
2252 4747 2401 4817 αὑτῴ
2459 4747 2644 4813 ἔλεγεν
2693 4744 2826 4798 ίδιον
2884 4737 3049 4809 εἶναι,
3084 4740 3200 4796 ἀλλ’
3225 4737 3293 4813 ἦν
3331 4741 3511 4804 αὑτοῖς
3552 4741 3779 4795 ἅπαντα

2194 4840 2369 4893 κοινά.
2404 4858 2422 4888 ι

2263 4930 2337 4984 Τὸ
2375 4928 2717 4999 φιλάλληλον,
2747 4926 2838 4981 καὶ
2868 4926 2929 4990 ἐξ
2968 4924 3170 4996 ἐγγύης
3196 4925 3408 4996 προσῆν
3449 4924 3637 4986 αὑτοῖς
3677 4922 3776 4976 τοῦ

2188 5024 2507 5080 διδασκάλου
2534 5021 2794 5093 Χριστοῦ,
2815 5020 2882 5073 δι’
2907 5013 2982 5075 ὧν
3014 5019 3200 5087 ἔλεγεν
3220 5033 3233 5047 ⁸
3279 5036 3299 5070 ι
3320 5018 3408 5070 Ἐν
3424 5017 3604 5086 τούτῳ
3630 5016 3783 5085 γνώ-

2192 5135 2375 5172 σονται
2414 5115 2613 5178 πάντες
2662 5114 2745 5167 ὅτι
2778 5112 2902 5183 ἐμοὶ
2952 5111 3193 5183 μαθηταί
3217 5114 3365 5176 ἐστε,
3408 5111 3506 5164 ἐὰν
3541 5111 3777 5180 ἀγάπην

2189 5208 2355 5278 ἔχητε
2389 5207 2446 5259 ὲν
2478 5203 2748 5273 ἀλλήλοις.
2781 5221 2800 5255 ι
2838 5202 3036 5277 Διόπερ
3067 5204 3160 5256 καὶ
3192 5204 3426 5266 ἕκαστος
3448 5204 3522 5266 ὡς
3573 5202 3777 5256 ἑαυτὸν

2189 5297 2492 5369 ἡγούμενος
2508 5295 2596 5348 τὸν
2627 5292 2874 5364 πλησίον,
2906 5294 3057 5347 οὐδὲν
3080 5293 3187 5347 τῶν
3211 5292 3571 5363 ὑπαρχόντων
3592 5291 3782 5362 ἑαυτῴ

2190 5387 2591 5457 ὲξιδιαζόμενος
2617 5387 2886 5456 κατεῖχεν,
2912 5383 3026 5437 ἀλλ’
3053 5386 3133 5446 εἰς
3171 5385 3560 5457 κοινοχρησίαν
3601 5401 3782 5454 προσ-

2207 5480 2397 5534 ετιθει.
2436 5476 2529 5543 Ἐξ
2560 5470 2622 5531 οὗ
2655 5476 2747 5529 καὶ
2776 5477 2936 5547 χάριν
2963 5476 3098 5545 (ίμησλ⁵
3135 5476 3378 5547 μεγάλην
3402 5478 3586 5539 αὑτοῖς
3615 5476 3785 5529 ἐπελ-

2192 5573 2311 5625 θεῖν
2348 5569 2457 5624 ἀπὸ
2486 5569 2586 5639 τῆς
2614 5568 2985 5639 φιλαλληλίας.
3005 5568 3096 5638 Τῷ
3132 5570 3241 5640 γὰρ
3283 5568 3359 5641 μὴ
3381 5567 3784 5637 ἐξιδιάζεσθαν,

2192 5667 2365 5731 οὐδεὶς
2397 5662 2465 5737 ἦν
2518 5664 2700 5736 ἐνδεὴς
2732 5667 2789 5720 ἐν
2824 5664 3027 5728 αὑτοῖς.
3055 5663 3234 5737 Ὀπερ
3266 5664 3383 5732 τοῦ,
3436 5683 3458 5718 ι
3512 5650 3786 5736 Ἀνοίγεις
