4058 6544
328 415 434 482 1ΰό

1287 423 1671 487 COMMENT.
1717 423 1796 485 ΙΝ
1824 425 2012 484 ACTA
2042 426 2622 490 APOSTOLORUM.

3481 427 3582 494 106

321 528 390 579 σὺ
421 526 520 598 τὴν
547 527 706 599 χεῖρά
736 535 849 596 σου,
885 531 992 585 καί
1012 529 1290 606 ὲμπὶπλᾷς
1339 531 1446 592 πᾶν
1477 535 1635 604 ζῶον,
1677 556 1693 589 ι
1725 538 1883 609 μίμη-

1999 536 2133 603 ipsis
2158 538 2520 608 vindicarent,
2546 539 2728 595 nullus
2773 539 2914 594 inter
2943 553 3038 596 eos
3061 553 3226 612 egens
3251 546 3369 597 erat
3397 581 3412 608 ,
3430 541 3583 611 quod

327 633 408 680 σις
436 614 523 690 ἦν.

399 816 418 849 ι
466 798 578 852 Καὶ
605 800 820 873 μεγάλῃ
847 802 1074 876 δυνάμει
1106 807 1393 863 ἀπεδίδουν
1423 811 1482 865 τὸ
1506 811 1812 885 μαρτύριον
1851 816 1898 867 οἱ

329 907 348 940 r
393 891 684 948 ἀπόστολοι
715 895 816 965 τῆς
855 897 1211 965 ἀναστάσεως
1275 902 1371 957 τοῦ
1432 905 1639 976 Κυρίου
1699 907 1898 979 Ἰησοῦ,

321 1001 344 1034 1
374 983 538 1054 χάρις
566 1002 628 1039 τε
660 989 874 1061 μεγάλη
906 987 973 1062 ἦν
1019 993 1113 1046 ἐπὶ
1135 986 1346 1062 πάντας
1370 998 1590 1064 αὐτούς.
1629 1001 1766 1056 Οὐδὲ
1790 1002 1900 1073 γὰρ

329 1095 346 1127 ι
393 1078 582 1169 ἐνδεής
605 1096 692 1144 τις
723 1081 967 1155 ὑπῆρχεν
991 1087 1051 1140 ἐν
1077 1088 1283 1154 αὐτοῖς.
1319 1089 1479 1146 Ὅσοι
1501 1094 1610 1163 γὰρ
1636 1097 1897 1169 κτήτορες

317 1185 343 1218 ι
374 1168 593 1241 χωρίων
622 1171 656 1242 ἢ
691 1173 882 1229 οἰκιῶν
913 1175 1182 1248 ὑπῆρχον,
1216 1175 1526 1247 πωλοῦντες
1568 1184 1763 1258 ἔφερον
1794 1168 1894 1253 τὰς

321 1279 344 1312 ι
386 1262 556 1334 τιμὰς
577 1267 688 1320 τῶν
716 1272 1206 1343 πιπρασκομένων.
1250 1294 1270 1328 ο
1483 1327 1486 1330 ,
1871 1292 1894 1316 ν

381 1441 478 1508 Τὸ,
520 1443 843 1516 ἀπεδίδουν,
892 1450 1162 1526 καθάπερ
1201 1455 1637 1527 ἐγχειρισθέντας
1699 1459 1898 1527 αὐτούς

314 1551 380 1602 τι,
418 1537 809 1607 δείκνυσι,“καὶ
833 1543 908 1609 ὡς
934 1547 1064 1618 περὶ
1087 1547 1404 1621 ὀφλήματος
1432 1549 1580 1620 λέγει
1615 1552 1766 1610 αὑτό.
1799 1555 1897 1610 Διά

312 1631 424 1702 γὰρ
452 1633 562 1686 τῶν
589 1632 951 1708 θεσσημειῶν,
989 1639 1143 1696 θείαν
1173 1641 1406 1716 δύναμιν
1463 1638 1736 1703 ἐδείκνυον
1765 1648 1896 1704 ὄντα

310 1724 399 1776 τὸν
432 1727 496 1779 ἐκ
527 1728 739 1799 νεκρῶν
772 1730 1107 1790 ἀναστάντα.

388 1835 408 1869 ι
443 1819 560 1873 Καὶ
602 1820 816 1875 ἐτίθουν
846 1825 1000 1897 παρά
1039 1827 1166 1892 τοὺς
1195 1828 1362 1902 πόδας
1399 1831 1508 1885 τῶν
1557 1833 1890 1891 ἀποστόλων.

2006 629 2152 686 illius
2234 631 2477 687 Davidici
2564 631 2696 688 dicti
2777 630 3011 688 imitatio
3095 641 3214 688 erat
3277 633 3584 703 :tAperis

2007 732 2059 776 tn
2118 737 2338 778 manum
2405 731 2577 788 tuam,
2631 732 2685 778 et
2739 723 2930 795 imples
2956 737 3118 778 omne
3147 724 3352 780 animal
3383 724 3452 778 '°'.
3487 742 3507 776 ι

2081 832 2099 864 ι
2139 812 2227 878 ιν,
2275 815 2364 881 53,
2399 815 2489 869 54.
2542 814 2607 869 Et
2643 829 2838 886 magna
2867 816 3073 873 virtute
3107 816 3408 874 reddebant
3449 831 3582 889 apo-

2010 923 2029 956 ‹
2065 905 2191 960 stoli
2248 905 2619 962 testimonium
2700 907 3123 963 resurrectionis
3178 906 3393 963 Domini
3428 906 3581 971 Jesu.

2010 1013 2027 1046 ι
2077 996 2358 1067 gratiaque
2391 1009 2585 1065 magna
2609 1003 2726 1050 erat
2751 1011 2917 1066 super
2975 996 3122 1068 ipsos
3157 1015 3171 1051 :
3207 1012 3386 1069 neque
3435 999 3583 1055 enim

2007 1103 2026 1136 ι
2058 1084 2328 1156 quispiam
2369 1099 2542 1155 egens
2582 1093 2700 1140 erat
2745 1086 2891 1141 inter
2943 1087 3088 1144 illos.
3117 1086 3254 1144 Nam
3307 1097 3580 1161 quotquot

2007 1195 2026 1228 ι
2053 1190 2401 1247 possessores
2423 1176 2758 1248 praediorum
2783 1185 2880 1232 aut
2907 1178 3102 1233 aedium
3129 1187 3290 1235 erant
3309 1180 3450 1236 inter
3461 1195 3578 1246 eos.

2005 1287 2026 1321 ι
2061 1268 2666 1326 vendentesall‘erebant
2687 1269 2863 1340 pretia
2904 1285 3092 1326 eorum
3119 1287 3241 1344 quae
3263 1273 3581 1331 vendebano

2008 1374 2116 1418 tur.
2162 1382 2181 1416 ι
3042 1380 3075 1428 ‹

2074 1439 2625 1524 binim-reddebant,
2686 1466 2944 1528 tanquam
3015 1457 3222 1530 aliquid
3292 1458 3462 1517 fuerit
3497 1462 3580 1519 eis

1999 1546 2371 1601 concreditum
2396 1547 2690 1620 signiticet,
2713 1557 2767 1604 et
2788 1550 2891 1605 hoc
2921 1547 3090 1606 veluti
3120 1547 3190 1605 'de
3210 1549 3392 1608 debito
3423 1552 3576 1608 dicit.

2000 1635 2136 1692 Nam
2155 1653 2252 1709 per
2269 1639 2448 1695 divina
2463 1641 2615 1713 signa
2631 1641 2872 1697 divinam
2897 1642 3259 1700 ostendebant
3277 1645 3577 1715 potentiam

1999 1729 2123 1801 ejus
2152 1720 2294 1804 quia
2326 1735 2558 1790 mortuis
2584 1737 2941 1793 surrexisset.
3295 1749 3298 1752 '

2077 1845 2095 1877 ι
2134 1823 2222 1894 IV,
2262 1825 2352 1882 53.
2412 1824 2477 1880 Et
2527 1826 2805 1897 ponebant
2836 1828 2904 1884 ad
2953 1827 3124 1900 pedes
3177 1830 3576 1902 apestolorum.

315 1927 332 1960 ι
380 1910 648 1966 Διεδίδοτο
711 1914 768 1968 δὲ
824 1916 1041 1989 ἑκάστῳ
1100 1899 1290 1975 καθότι
1341 1922 1406 1978 ἄν
1447 1942 1530 1989 τις
1559 1927 1749 1997 χρείαν
1805 1925 1883 1983 εἷ-

2000 1936 2016 1970 ι
2079 1916 2521 1976 Distribuebatur
2613 1933 2794 1978 autem
2877 1921 3110 1996 singulis
3165 1899 3326 1996 prout
3378 1926 3578 1997 cuique

312 2019 330 2052 ι
370 2019 487 2071 χεν.
523 2021 541 2055 ι
1293 2049 1296 2052 -

375 2096 450 2148 Τὸ
491 2097 646 2170 παρά
678 2100 805 2164 τοὺς
852 2101 1022 2168 πόδας
1047 2106 1146 2169 τὰς
1173 2108 1342 2178 τιμὰς
1369 2101 1574 2165 τιθέναι
1605 2101 1714 2168 τῶν
1751 2116 1887 2168 ἀπο-

308 2188 532 2255 στόλων,
567 2191 705 2246 ἀλλὰ
736 2192 812 2264 μὴ
846 2195 981 2266 πρὸς
1010 2195 1110 2261 τὰς
1130 2201 1340 2273 χεῖρας,
1369 2201 1468 2274 τὴν
1498 2203 1698 2276 πολλὴν
1722 2208 1888 2278 τιμὴν

306 2279 400 2332 καὶ
423 2280 712 2337 εὖλάὸειαν
750 2285 859 2339 τῶν
902 2289 1291 2357 προσαγόντων
1320 2293 1490 2364 δηλοῖ.
1521 2296 1642 2349 Ὅτι
1674 2297 1732 2350 δὲ
1787 2298 1889 2353 οὐκ

305 2369 382 2432 εἰς
411 2369 510 2434 τὰς
541 2374 730 2443 χεῖρας
770 2375 1014 2448 ἐτόλμων
1062 2378 1268 2446 δοῦναι,
1312 2383 1511 2448 αὐτοὺς
1549 2387 1772 2459 κυρίους
1818 2386 1888 2462 ἦν

308 2463 482 2516 ποιεῖν
535 2463 630 2517 καὶ
661 2465 1002 2536 οἰκονόμους,
1043 2471 1120 2535 ὼς
1155 2474 1220 2526 ἐκ
1269 2475 1466 2530 κοινῶν
1499 2477 1888 2546 ἀναλίσκοντας

304 2555 567 2624 ταμείων,
609 2558 706 2612 καὶ
763 2559 838 2631 μὴ
866 2559 944 2626 ὡς
974 2559 1034 2628 ἐξ
1093 2564 1239 2620 ίδίων
1270 2566 1359 2621 διὰ
1404 2569 1622 2640 χειρῶν.
1663 2574 1780 2627 Ἔτι
1825 2576 1888 2630 τὺ

304 2643 444 2713 πρὸς
473 2646 599 2710 τοὺς
648 2647 836 2715 πόδας,
895 2652 988 2705 καὶ
1023 2653 1186 2726 σέβας
1221 2656 1403 2720 αὐτοῖς
1435 2661 1760 2730 περιεποίει,
1791 2666 1885 2720 καὶ

299 2733 539 2800 ὀνείδους
557 2738 759 2811 ἀφῄρει
787 2741 886 2812 τὴν
909 2741 1117 2800 ἐνδειαν
1138 2746 1246 2802 τῶν
1262 2751 1633 2822 τρεφομένων.
1655 2754 1886 2810 Ἐδίδουν

301 2823 378 2891 δὲ,
411 2826 487 2890 ὠς
515 2829 579 2882 ἐκ
613 2830 806 2886 κοινῶν
823 2833 1066 2904 ταμείων
1088 2841 1532 2910 χορηγουμένων.

379 3023 398 3055 ι
436 3004 626 3077 Ἰωσῆς
651 3007 709 3062 δὲ
735 3008 764 3060 ὁ
791 3009 1108 3083 ἐπικληθεὶς
1139 3015 1424 3087 Βαρνάϐας
1460 3021 1564 3076 ὑπὸ
1590 3023 1699 3080 τῶν
1746 3027 1886 3082 ἀπο-

306 3115 326 3148 ι
371 3096 593 3166 στόλων,
627 3101 654 3156 ὃ
681 3103 850 3170 ἐστιν,
885 3106 1000 3170 υίὸς
1032 3109 1458 3179 παρακλήσεως,
1485 3115 1738 3188 Λευίτης,
1767 3120 1885 3173 Κύ-

309 3208 328 3242 ι
370 3209 528 3262 πριος
576 3193 655 3264 τῷ
681 3196 850 3264 γένει,
892 3197 1232 3272 ὑπάρχοντος
1265 3203 1430 3258 αὐτοῦ
1463 3206 1658 3278 ἀγροῦ,
1697 3211 1884 3284 πωλή-

305 3301 326 3336 ι
366 3301 464 3350 σας
497 3287 696 3359 ἡνεγκε
727 3289 788 3344 τὸ
817 3291 1030 3362 χρῆμα,
1061 3294 1156 3348 καὶ
1185 3294 1352 3368 ἔθηκε
1377 3300 1529 3372 παρά
1555 3301 1684 3366 τοὺς
1719 3303 1885 3370 πόδας

306 3398 325 3431 ι
366 3380 472 3434 τῶν
498 3382 832 3440 ἀποστόλων.
871 3405 890 3438 ι

371 3473 597 3542 Πρῶτον
629 3475 905 3548 μέμνηται
954 3478 1050 3533 τοῦ
1092 3483 1542 3555 κατωρθωκότος,
1587 3489 1756 3559 ἤγουν
1787 3490 1882 3544 τοῦ

310 3564 493 3636 Ἰωσῆ,
530 3568 611 3631 είς
658 3567 880 3641 ἔλεγχον
909 3573 1132 3642 μείζονα
1172 3575 1439 3644 Ἀνανίου,
1467 3581 1549 3634 δτι
1611 3582 1881 3639 τοσούτων

296 3655 469 3711 ὄντων
498 3659 606 3713 τῶν
620 3661 794 3716 ταῦτα
822 3665 1142 3734 ποιούντων,
1178 3669 1274 3724 καὶ
1304 3671 1577 3730 τοσούτων
1613 3677 1880 3747 σημείων,

297 3749 394 3840 καὶ
414 3751 682 3823 τοσαύτης
710 3755 954 3826 χάριτος,
985 3758 1078 3813 ὑπ’
1096 3760 1308 3828 οὐδενὸς
1331 3765 1538 3820 τούτων
1561 3767 1878 3840 ἐπαιδεύθη.

295 3839 390 3912 Τῷ
420 3842 480 3934 δὲ
511 3843 668 3917 Ἰωσῇ
703 3847 812 3902 ἀπὸ
843 3849 952 3905 τῶν
982 3852 1324 3910 Ἀποστόλιων
1381 3859 1414 3930 ἠ
1450 3858 1642 3930 κλῆσις
1703 3839 1878 3934 ἐπρυ-

291 3933 557 4007 τανεύθη,
591 3940 888 4012 μαρτύριον
919 3944 1123 4016 ἀρετῆς
1153 3946 1617 4021 φιλοικτίρμονσς.
1645 3933 1881 4024 Λευίτης

292 4025 354 4080 δὲ
376 4024 472 4093 ὣν,
503 4029 749 4102 Κύπριος
771 4034 1169 4105 ἐχρημάτιζεν,
1192 4038 1276 4092 ὅτι
1300 4041 1328 4093 ὁ
1353 4041 1515 4112 νόμος
1535 4042 1637 4114 ήδη
1665 4042 1877 4110 ἐλύετο,

295 4118 396 4173 καὶ
428 4119 708 4192 μετῴκουν
740 4125 802 4190 ἐξ
840 4127 1100 4193 Ἰουδαίας
1127 4131 1262 4185 ὅπου
1290 4131 1355 4186 ἀν
1378 4151 1463 4198 τις
1505 4134 1766 4205 βούλοιτο.
1805 4137 1878 4191 Τὸ

293 4213 354 4267 δὲ
375 4214 664 4286 Βαρνάϐας
684 4218 745 4286 ἐξ
771 4219 1036 4287 Ἰουδαίας
1066 4208 1322 4298 γλώσσης
1365 4229 1446 4293 είς
1488 4227 1718 4286 Ἐλλάδα
1743 4233 1879 4287 ἀνα-

294 4307 693 4377 πτυσσόμενον,
746 4311 888 4367 υίὸν
919 4317 1366 4387 παρακλήσεως
1400 4324 1641 4394 παριστᾷ
1663 4364 1678 4390 ,
1713 4324 1878 4380 οἱονεὶ

295 4397 648 4486 παραμυθίας
681 4400 776 4455 καὶ
802 4403 1111 4477 οἰκτιρμοῦ.
1148 4409 1591 4486 Προπαρασκευὴ
1631 4414 1688 4470 δὲ
1724 4415 1878 4471 τοῦτο

293 4485 389 4539 τοῦ
416 4489 562 4580 κατά
591 4490 844 4580 Ἁνανίαν
875 4498 972 4550 καὶ
994 4497 1313 4580 Σαπφειραν
1334 4485 1585 4577 ὀλεθρίου
1609 4507 1770 4580 διηγή
1781 4525 1878 4579 μα-

2000 2029 2018 2062 ι
2060 2025 2197 2082 opus
2221 2022 2360 2066 erat.
2397 2031 2416 2065 ι

2064 2104 2143 2157 Ad
2169 2104 2332 2174 pedes
2357 2102 2732 2176 apostolorum
2762 2109 2942 2179 pretia
2998 2124 3209 2182 ponere
3244 2117 3308 2166 et
3349 2124 3456 2166 non
3507 2111 3575 2164 al

1993 2211 2208 2262 manus,
2243 2212 2497 2268 magnum
2525 2199 3011 2259 indicatbonorem
3059 2217 3124 2258 ac
3203 2203 3571 2259 reverentiam

1992 2303 2179 2344 eorum
2203 2290 2295 2360 qui
2319 2289 2637 2348 efferebant.
2670 2294 2826 2361 Quod
2855 2304 3037 2351 autem
3057 2296 3113 2351 in
3151 2296 3409 2352 manibus
3435 2295 3574 2352 dare

1988 2395 2100 2436 non
2123 2381 2420 2450 audebant,
2466 2385 2745 2443 erat‘illos
2807 2389 3149 2444 constituere
3203 2389 3456 2447 dominos
3511 2405 3574 2447 ac

1991 2473 2416 2544 dispensatores,
2438 2485 2496 2532 ut
2512 2492 2576 2534 ex
2592 2480 2846 2535 omnibus
2870 2481 3259 2552 promptuariis
3283 2498 3574 2540 consume-

1992 2571 2134 2631 rent,
2159 2573 2214 2620 ει
2266 2580 2372 2622 non
2389 2566 2497 2639 42
2539 2583 2635 2639 per
2681 2583 2874 2626 manus
2903 2570 2971 2626 de
2998 2572 3257 2642 propriis.
3300 2571 3570 2632 Praeterea

1993 2662 2140 2728 quod
2157 2659 2360 2716 dicitur
2393 2678 2411 2713 ι
2445 2661 2512 2716 ad
2537 2662 2753 2732 pedes,»
2780 2673 2835 2718 et
2854 2667 3260 2723 venerationem
3279 2667 3386 2724 illis
3403 2668 3572 2724 adde—

1990 2751 2108 2816 bat,
2132 2763 2187 2807 et
2210 2753 2561 2826 indigentiam
2587 2771 2775 2812 eorum
2796 2758 2890 2828 qui
2920 2759 3196 2817 alerentur
3211 2763 3413 2832 probro
3431 2764 3570 2820 libe-

1991 2842 2167 2897 rabat.
2193 2841 3106 2921 Distribucbaturautemtanquam
3129 2867 3159 2908 e
3183 2858 3570 2914 communibus

1993 2946 2045 2993 et
2073 2938 2484 2996 abundantibus
2519 2943 2927 3013 promptuariis.

2069 3047 2087 3082 ι
2115 3029 2206 3097 ιν,
2243 3031 2333 3100 ⁸56,
2366 3031 2455 3087 57.
2488 3031 2645 3089 Joses
2710 3041 2914 3101 autem,
3003 3037 3097 3105 qui
3146 3039 3568 3108 cognominatus

1999 3141 2015 3172 ι
2053 3131 2136 3179 est
2165 3122 2451 3181 Barnabas
2488 3127 2555 3181 ab
2578 3127 2871 3196 apostolis,
2913 3127 3058 3198 quod
3093 3136 3200 3195 est,
3235 3129 3377 3184 filius
3435 3146 3568 3186 con-

2000 3233 2018 3267 ι
2058 3217 2365 3283 solutionis,
2398 3217 2636 3286 Levites,
2678 3219 2911 3290 Cyprius
2940 3235 3157 3290 genere,
3178 3238 3303 3276 cum
3339 3223 3568 3278 haberet

1997 3325 2014 3358 ι
2052 3323 2267 3380 agrum,
2293 3309 2533 3365 vendidit
2563 3327 2711 3376 eum,
2736 3314 2977 3367 etattulit
3000 3314 3256 3383 pretium,
3281 3317 3567 3386 posuitque

1995 3419 2014 3451 ι
2060 3401 2126 3455 ad
2149 3400 2311 3480 pedes
2338 3404 2733 3471 apostolorum.
2777 3423 2796 3454 ο

2057 3494 2300 3550 Primum
2350 3495 2472 3566 ejus
2526 3497 2772 3554 meminit
2823 3500 2916 3569 qui
2971 3501 3294 3570 praclarum
3349 3501 3563 3562 facinus

1987 3597 2246 3657 Operatus
2274 3598 2379 3656 cst,
2419 3605 2612 3660 nempe
2638 3590 2810 3660 ipsius
2833 3591 2982 3659 Jose,
3019 3595 3086 3650 ad
3121 3595 3385 3666 majorem
3408 3598 3562 3653 Ana-

1987 3679 2088 3734 niae
2111 3678 2536 3736 confutationem
2570 3699 2584 3735 :
2616 3684 2789 3752 quod,
2823 3699 2945 3740 cum
2998 3687 3129 3741 tanti
3160 3695 3340 3742 essent
3367 3689 3460 3761 qui
3483 3698 3564 3744 ta-

1985 3766 2057 3822 lia
2119 3776 2343 3841 agerent
2371 3779 2424 3825 et
2460 3778 2610 3824 tanta
2637 3771 2814 3843 signa,
2841 3782 3106 3847 tantaque
3157 3777 3355 3847 gratia,
3413 3779 3563 3835 nullo

1985 3858 2182 3914 horum
2215 3867 2500 3915 correctus
2551 3861 2644 3917 sit.
2695 3860 2819 3934 Ipsa
2873 3875 3053 3922 autem
3100 3866 3231 3927 lose
3271 3870 3562 3943 appellatio

1984 3948 2052 4004 ab
2086 3949 2350 4019 apostolis
2426 3950 2654 4008 inducta
2691 3963 2774 4008 est
2809 3954 2865 4008 in
2905 3957 3281 4014 testimonium
3341 3959 3562 4017 virtutis

1983 4044 2150 4100 animi
2191 4060 2320 4115 erga
2367 4061 2639 4116 pauperes
2667 4049 2949 4118 propensi.
2985 4049 3120 4105 Cum
3146 4061 3330 4108 autem
3363 4053 3560 4111 levites

1983 4135 2399 4209 esset,Cyprius
2429 4137 2745 4203 dicebatur,
2801 4139 2946 4210 quod
2981 4141 3065 4197 let
3095 4143 3209 4213 jam
3239 4144 3419 4200 soluta
3473 4163 3562 4204 cs-

1981 4238 2086 4295 set,
2115 4239 2215 4286 eta
2233 4229 2418 4287 Judaca
2447 4233 2913 4303 transmigrabant
2944 4250 3053 4305 quo
3081 4237 3314 4308 quisque
3374 4239 3557 4298 vellet.

1981 4323 2160 4379 Dictio
2185 4335 2366 4381 autem
2419 4325 2699 4382 Barnabas
2731 4325 2802 4382 ab
2853 4325 3122 4385 Hebraica
3144 4329 3327 4402 lingua
3377 4331 3432 4386 in
3456 4332 3563 4387 La-

1980 4414 2154 4471 tinam
2172 4416 2422 4474 traducta
2438 4417 2612 4473 tilium
2657 4418 2908 4489 designat
2923 4421 3338 4490 consolationis,
3364 4439 3560 4496 nempe

1979 4508 2200 4580 pietatis
2227 4525 2356 4583 erga
2385 4515 2679 4583 pauperes:
2737 4510 2855 4568 Hoc
2893 4523 3076 4569 autem
3107 4523 3366 4586 tanquam
3419 4531 3558 4588 prae-

294 4577 717 4678 τος.ῌΜιμήσει
747 4582 856 4656 γὰρ
890 4585 988 4640 καὶ
1032 4578 1188 4653 οὗτος
1218 4591 1314 4645 τοῦ
1366 4593 1548 4668 Ἰωσῆ,
1581 4577 1876 4670 τδνίάργδν

1990 4577 2192 4657 ludium
2221 4577 2316 4660 est
2359 4577 2427 4658 ad
2458 4577 2832 4661 narrationem
2868 4605 3194 4678 perditionis
3219 4577 3453 4663 Ananiae
3499 4614 3557 4664 ct

296 4666 650 4768 ἀποδόμενος,
701 4675 778 4768 μὴ
817 4679 1173 4753 καταλλήλως
1227 4666 1573 4758 χρησάμενος
1617 4693 1682 4764 τῇ
1736 4666 1877 4768 ἀρχῇ

297 4759 390 4812 καὶ
415 4761 494 4833 τῷ
525 4764 690 4833 τέλει,
729 4767 919 4827 ἔλαθεν
953 4773 1131 4845 ἐαυτῷ
1157 4775 1380 4850 ὄλεθρον
1409 4759 1746 4854 διαθέμενος.

371 5054 390 5087 ι
421 5035 587 5110 ’Δνὴρ
619 5039 672 5095 δέ
705 5060 787 5108 τις
807 5046 1056 5112 Ἀνανίας
1080 5048 1307 5120 ὀνόματι
1337 5053 1435 5106 σὺν
1465 5054 1754 5128 Σαπφείρῃ
1802 5059 1870 5129 τῇ

304 5143 322 5178 ι
358 5133 582 5196 γυναικὶ
635 5135 799 5191 αὐτοῦ
843 5138 1097 5210 ἐπώλησε
1128 5143 1340 5214 κτῆμα,
1405 5145 1499 5199 καὶ
1549 5147 1871 5217 ἐνοσφίσατο

304 5235 322 5268 ι
354 5219 460 5274 ἀπὸ
487 5223 584 5293 τῆς
601 5229 786 5298 τιμῆς,
816 5232 1122 5298 συνειδυίας
1149 5235 1243 5291 καὶ
1271 5239 1370 5308 τῆς
1400 5239 1656 5306 γυναικὸς
1679 5240 1868 5304 αὑτοῦ.

303 5327 321 5360 t
351 5313 443 5366 καὶ
471 5317 700 5386 ἐνέγκας
736 5321 900 5394 μέρος
954 5341 1006 5379 τι
1043 5326 1194 5398 παρά
1224 5327 1350 5392 τοὺς
1393 5329 1558 5394 πόδας
1595 5331 1704 5386 τῶν
1731 5334 1873 5388 ἁπο-

303 5423 321 5457 t
361 5410 563 5464 στόλων
585 5411 803 5484 ἔθηκεν.
841 5435 861 5467 ι

378 5498 666 5566 Ὀλοτελῶς
721 5506 829 5580 γὰρ
861 5509 1166 5584 Σατανικῆς
1211 5515 1408 5585 μανίας
1439 5519 1654 5587 μεστὸς,
1687 5517 1718 5570 ὁ
1740 5518 1870 5572 αὐθ-

298 5595 546 5666 ορμήτως
581 5597 673 5651 καὶ
725 5599 824 5653 οὐκ
881 5603 942 5668 ἐξ
975 5606 1222 5677 ἀνάγκης
1251 5609 1344 5662 καὶ
1371 5609 1494 5680 βίας
1527 5611 1777 5681 ἐλόμενος
1807 5611 1869 5664 τὸ

1981 4689 2285 4765 δουριιὶπε.
2340 4691 2477 4750 Nam
2501 4706 2555 4751 et
2579 4695 2676 4752 hic
2706 4696 2882 4768 ipsius
2907 4695 3038 4753 Jose
3087 4696 3396 4756 imitatione
3426 4715 3558 4772 agro

1979 4783 2282 4853 divendito,
2323 4801 2435 4842 non
2484 4787 2836 4844 convenienti
2896 4787 3058 4843 modo
3102 4803 3237 4845 usus
3288 4790 3559 4862 principio

1979 4886 2036 4935 et
2074 4879 2204 4944 line,
2234 4877 2508 4951 ignoravit
2530 4880 2680 4952 quod
2704 4881 2806 4936 sibi
2838 4879 2938 4954 ipsi
2961 4879 3329 4953 perditionem
3365 4883 3555 4939 conci-

1980 4970 2163 5027 liaret.

2055 5082 2075 5116 ι
2105 5062 2168 5130 V,
2199 5062 2252 5127 1,
2274 5063 2330 5120 2.
2357 5062 2455 5118 Vir
2479 5069 2660 5119 autem
2684 5061 2906 5133 quidam
2921 5061 3161 5123 Lnanias
3185 5066 3405 5122 nomine
3429 5081 3558 5122 cum

1987 5175 2004 5203 ι
2043 5152 2312 5224 Sapphira
2368 5169 2538 5210 uxore
2577 5169 2678 5210 sua
2712 5153 2956 5234 vendidit
3027 5157 3437 5228 possessionem
3502 5165 3558 5212 et

1981 5265 1998 5298 ι
2024 5245 2300 5301 fraudavit
2326 5243 2394 5300 de
2423 5246 2621 5316 pretio,
2660 5248 2887 5304 conscia
2949 5250 3114 5304 etiam
3149 5265 3328 5306 uxore
3347 5264 3472 5316 sua,
3501 5259 3558 5305 et

1982 5357 2002 5390 ι
2037 5337 2254 5392 allatam
2283 5345 2496 5410 partem
2545 5339 2838 5410 quamdam
2875 5340 3060 5411 posuit
3105 5341 3173 5397 ad
3200 5341 3367 5413 pedes
3421 5357 3555 5413 apo-
3617 5413 3624 5420 η

1981 5448 2000 5482 ι
2038 5430 2324 5487 stolarum.
2355 5451 2375 5484 ι

1995 5573 2000 5578 .
2047 5523 2286 5581 Omnino
2321 5525 2466 5582 cnim
2504 5526 2760 5583 Satanica
2812 5527 3022 5584 insania
3053 5527 3250 5599 plenus
3291 5535 3430 5592 erat,
3460 5528 3555 5598 qui

1979 5631 2105 5671 cum
2139 5617 2362 5688 proprio
2412 5619 2682 5676 instinctu
2718 5629 2773 5676 et
2807 5634 2915 5676 non
2951 5634 3020 5675 ex
3052 5620 3403 5686 necessitate,
3443 5629 3554 5692 aut

296 5689 542 5758 χρηστὸν,
586 5691 703 5762 ἅμα
733 5695 788 5748 δὲ
820 5699 885 5768 τῇ
913 5698 1055 5771 ἀρχῇ
1089 5699 1187 5772 τὴν
1215 5703 1345 5775 περὶ
1391 5705 1450 5758 τὸ
1474 5705 1675 5775 ἀγαθὸν
1706 5704 1857 5770 ζέσιν

1990 5709 2026 5766 ii
2041 5710 2219 5783 aliqua
2243 5712 2389 5783 quod
2420 5713 2626 5769 bonum
2655 5721 2738 5770 est
2765 5712 3041 5783 elegisset,
3070 5712 3238 5768 simul
3278 5689 3461 5767 tatren
3493 5716 3556 5791 ut

385 5874 428 5904 ³⁵
460 5875 607 5930 Psal.
629 5891 886 5942 cxxxxw.
923 5880 1009 5936 16.

534 5969 809 6033 Parnm.
844 5974 960 6033 Gn.
999 5975 1281 6038 CXVI".

3111 5986 3152 6049 Ιι
