4058 6614
332 456 434 519 109

325 583 451 638 quae
480 568 591 623 Deo
634 566 700 620 all
724 564 999 636 egentium
1036 562 1356 620 alimentum
1423 563 1665 633 reposita
1717 567 1905 625 erant,

1293 450 1678 513 COMMENT.
1722 414 1813 509 1N“
1842 448 2034 508 ACTA
2072 438 2653 505 APOSTOLORUM.

2002 556 2136 621 Ταῖς
2172 555 2437 625 ἀνάγκαις
2467 552 2576 623 γὰρ
2608 549 2791 606 ἱκανὸν
2852 550 2963 616 τοῖς
2993 549 3072 615 είς
3122 548 3299 604 κοινὸν
3342 553 3571 621 ταμεῖον

3475 436 3577 502 110

329 660 433 715 ³·ιεί
472 657 541 714 ad
574 657 885 728 superﬂuos
919 669 1059 711 suos
1100 668 1231 738 usus
1263 652 1636 708 insumeba‘nt.
1695 649 1898 705 Neces-

2037 624 2463 718 ιποσωρευθεῖσι,
2484 642 2547 697 τὸ
2572 642 2752 708 ἐνδεὲς
2780 641 3149 715 ἀναπληροῦν.
3175 640 3376 696 Σκόπει
3395 640 3454 696 δὲ
3485 640 3582 695 καὶ

326 751 584 806 sitatibus
625 749 769 803 enim
835 747 971 802 satis
1022 752 1146 802 erat
1188 752 1250 799 ut
1277 759 1344 800 ex
1395 744 1484 799 bis
1534 758 1653 813 qua:
1676 740 1906 796 adcom-

331 854 497 894 muue
560 837 997 908 promptuarium
1054 843 1489 901 asservarentur,
1548 831 1904 904 indigentiam

331 931 689 996 complerent.
750 928 1050 985 Considera
1072 942 1208 982 vero
1234 936 1289 982 et
1323 927 1449 991 hoc,
1522 923 1809 997 quomodo
1836 920 1904 976 ad

332 1022 635 1078 familiares
678 1028 1030 1077 vehementer
1097 1019 1422 1076 adiciantur.
1482 1016 1696 1073 Etenim
1717 1015 1910 1071 nelunt

336 1129 457 1180 eos,
500 1114 599 1184 qui
639 1113 985 1184 spiritualem
1033 1111 1265 1183 gratiam
1310 1109 1480 1166 semel
1508 1107 1690 1179 adepti
1754 1112 1905 1169 sunt,

338 1216 434 1260 aut
496 1219 654 1260 suam
721 1202 1216 1269 conversationem,
1273 1199 1423 1256 iures
1480 1207 1575 1254 aut
1613 1198 1909 1269 sacrilegos

337 1312 479 1352 esse.
530 1297 589 1350 ln
624 1295 905 1352 extraneis
949 1302 1130 1350 autem
1177 1309 1285 1350 non
1314 1303 1444 1351 sunt
1468 1292 1558 1348 usi
1616 1292 1906 1362 supplicio,

338 1404 407 1443 ne
438 1387 758 1465 viderentur
804 1386 1056 1442 nolentes
1085 1400 1304 1457 quoque
1345 1386 1597 1441 homines
1658 1383 1910 1455 supplicii

338 1494 539 1551 cogere
598 1478 815 1546 timore,
853 1487 913 1534 ut
953 1478 1021 1534 ad
1048 1478 1208 1534 ﬁdem
1232 1478 1574 1534 accederent.
1610 1476 1811 1531 Verum
1864 1474 1913 1530 si

342 1572 575 1626 Satanas
604 1570 834 1640 impleto
858 1570 1024 1624 corde
1047 1570 1272 1625 Ananize
1311 1584 1426 1626 rem
1449 1584 1665 1624 omnem
1684 1567 1911 1638 peregit,

340 1680 463 1735 quae
504 1671 658 1718 tanta
708 1673 792 1719 est
837 1663 953 1717 lucc
976 1662 1242 1719 adversus
1291 1663 1558 1717 Ananiam
1614 1658 1915 1717 severitas?

343 1752 512 1822 Atqui
557 1767 668 1806 non
721 1761 948 1816 temere,
979 1750 1073 1807 sed
1118 1750 1269 1821 juste
1314 1750 1369 1806 id
1414 1758 1598 1805 actum
1652 1759 1755 1815 est,
1789 1763 1913 1804 cum

344 1848 391 1901 is
417 1860 540 1900 sese
573 1844 711 1899 adeo
750 1843 967 1899 Satanae
991 1858 1254 1914 capacem
1286 1841 1637 1914 praebuisset.

418 1934 600 1999 v.10,
638 1930 756 1988 ΗΛ
793 1933 1094 1990 Confestim
1145 1939 1326 1988 autem
1375 1932 1576 1989 cecidit
1634 1932 1700 1988 ad
1751 1931 1919 2003 pedes

351 2048 369 2079 ι
407 2027 528 2098 ejus
561 2037 617 2083 et
643 2027 959 2097 exspiravit.
1017 2025 1259 2097 lngressi
1296 2040 1427 2081 vero
1484 2025 1715 2095 juvenes
1761 2040 1922 2094 repr-
1953 1997 1990 2050 Β

349 2140 371 2173 ι
413 2129 605 2176 rerum
652 2135 771 2176 eam
852 2129 1148 2185 mortuam,
1194 2127 1248 2174 et
1289 2119 1619 2175 extulerunt
1662 2134 1726 2174 ac
1761 2134 1919 2190 sepe-

352 2231 373 2263 ι
396 2211 602 2267 lierunt
651 2212 810 2282 juxta
833 2212 1011 2265 virum
1040 2227 1223 2267 suum.
1258 2209 1571 2282 Factusque
1636 2222 1718 2268 cst
1758 2212 1922 2266 timor

353 2321 371 2352 ι
407 2316 636 2372 magnus
672 2316 838 2370 super
861 2300 1173 2355 universam
1198 2301 1709 2372 congregationem,
1743 2307 1798 2355 et
1828 2314 1922 2355 su-

351 2413 370 2445 ‹
414 2410 513 2464 per
534 2409 728 2449 omnes
764 2394 855 2464 qui
881 2394 996 2446 haec
1038 2392 1353 2449 audiebant.
1391 2410 1410 2444 ι

423 2487 713 2552 Quomodo
759 2486 824 2541 ad
844 2487 1010 2555 pedes
1046 2484 1210 2555 ejus?
1236 2485 1362 2554 quia
1384 2484 1543 2554 juxta
1562 2499 1683 2539 eum
1704 2483 1882 2540 stabat
1906 2499 1922 2537 ;

347 2581 548 2633 Petrus
580 2592 714 2632 vero
768 2577 921 2632 stetit
972 2576 1131 2646 juxta
1188 2590 1332 2642 eam,
1389 2585 1451 2631 ut
1504 2576 1551 2632 si
1602 2575 1928 2646 resipiscere

346 2670 515 2724 vellet
546 2683 613 2722 ac
637 2666 905 2733 confiteri,
934 2681 1045 2721 non
1061 2673 1347 2722 vereretur
1365 2665 1506 2722 alios
1519 2664 1611 2736 qui
1638 2666 1915 2720 audirent.

348 2760 472 2816 Non
504 2768 591 2815 est
625 2760 957 2829 arrogantia:
1004 2757 1152 2829 quod
1200 2756 1397 2814 I’etrus
1454 2758 1920 2829 prudentissimus

349 2868 450 2909 eos
498 2853 593 2923 qui
628 2851 767 2922 lapsi
807 2858 966 2907 erant
1012 2849 1297 2917 terruerit,
1327 2848 1421 2905 sed
1448 2850 1712 2904 doctrina
1773 2846 1925 2902 lutu-

350 2959 544 2998 rorum
577 2941 981 3014 praecognitivae
1010 2955 1133 3011 quae
1170 2940 1340 2996 multa
1375 2940 1661 2995 hominum
1699 2949 1925 3009 peccata

349 3034 655 3090 evertebat.
685 3031 843 3087 Tunc
864 3032 1008 3085 enim
1043 3045 1166 3086 cum
1194 3029 1482 3100 Evangelii
1507 3027 1932 3098 seminajacere

349 3123 686 3193 cepissent,-
713 3122 1009 3190 statimque
1087 3128 1277 3175 exorta
1330 3118 1544 3173 zizania
1602 3116 1929 3188 conspexis—

361 3220 509 3277 sent,
542 3210 844 3284 pvrudenter
900 3225 972 3265 .ea
1028 3210 1284 3282 protinus
1344 3209 1687 3265 evulserunt.
1735 3207 1827 3264 Sic
1884 3217 1935 3262 ct

2009 741 2186 809 τοῦτο,
2217 741 2334 807 πῶς
2361 740 2497 813 πρὸς
2524 739 2649 803 τοὺς
2678 738 2916 803 οἰκείους
2956 737 3205 809 σφοδρῶς
3230 734 3580 791 διατίθενται.

2012 835 2087 890 Ού
2118 834 2227 907 γάρ
2252 834 2533 906 βούλονται
2573 834 2699 898 τοὺς
2725 831 2873 900 ἅπαξ
2909 830 3239 898 ἀξιωθέντας
3286 846 3585 901 πνευματι-

2014 931 2118 1001 κῆς
2172 931 2414 1002 χάριτος,
2466 930 2561 983 καὶ
2601 929 2698 1001 τῆς
2742 927 2861 998 μετ’
2907 926 3085 982 αὐτῶν
3140 924 3585 997 συναναστροφῆς

2012 1023 2291 1094 τυχόντας,
2323 1022 2562 1085 κλέπτας
2593 1020 2684 1076 καὶ
2715 1019 3025 1094 ἱεροσύλους
3051 1014 3212 1073 εῖναι.
3263 1017 3353 1073 Ἐν
3384 1017 3442 1071 δὲ
3473 1020 3587 1080 τοῖς

2015 1116 2313 1188 ἀλλοτρίοις
2339 1116 2400 1171 ού
2423 1114 2722 1186 κέχρηνται
2753 1112 3017 1185 τιμωρίᾳ,
3052 1112 3141 1167 ίνα
3171 1110 3246 1183 μὴ
3274 1108 3465 1176 δόξωσι
3492 1109 3589 1163 καὶ

2019 1208 2096 1281 μὴ
2118 1207 2372 1273 θέλοντας
2400 1208 2524 1273 τοὺς
2554 1204 2895 1278 ἀνθρώπους,
2925 1205 3002 1277 τῷ
3030 1203 3179 1276 φόϐῳ
3197 1206 3294 1275 τῆς
3314 1201 3588 1275 τιμωρίας

2015 1301 2365 1366 ἐκϐιάζεσθαι
2394 1298 2794 1373 προσέρχεσθαι
2840 1300 2907 1368 τῇ
2944 1298 3143 1353 πίστει.
3185 1296 3324 1350 Ἀλλ’
3369 1295 3529 1365 είπερ
3560 1296 3589 1346 ό

2016 1396 2262 1459 Σατανᾶς
2319 1391 2613 1466 πληρώσας
2647 1390 2745 1462 τὴν
2795 1388 3021 1462 καρδίαν
3074 1378 3320 1441 Ἀνανίου
3369 1385 3429 1439 τὸ
3481 1385 3590 1439 πᾶν

2016 1487 2331 1561 εἰργάσατο,
2366 1485 2449 1551 τίς
2477 1487 2510 1556 ἡ
2542 1483 2778 1553 τοσαύτη
2812 1478 3127 1552 καταδρομὴ
3160 1479 3254 1534 ἐπὶ
3297 1478 3388 1533 τὸν
3432 1479 3592 1532 Ἀνα-

2016 1578 2135 1634 νίαν
2157 1595 2170 1644 ;
2194 1577 2336 1631 Ἀλλ’
2354 1578 2474 1649 οὐχὶ
2497 1576 2695 1647 μάτην,
2725 1575 2849 1628 ἁλλ’“
2863 1572 3108 1636 ἐνδίκως,
3130 1571 3223 1626 ἐπὶ
3243 1569 3493 1625 τοσοῦτον
3514 1569 3591 1638 τῷ

2020 1670 2233 1741 Σατανᾷ
2254 1667 2446 1721 ἑαυτὸν
2471 1663 2776 1739 χωρητικὸν
2812 1662 3257 1732 καταστήσαντα.

2103 1958 2121 1991 ι
2166 1937 2370 1992 Ἐπεσε
2418 1937 2472 1990 δὲ
2497 1938 2837 2009 παραχρῆμα
2872 1933 3022 2004 παρά
3056 1931 3182 1995 τοὺς
3222 1930 3385 1996 πόδας
3413 1929 3598 1994 αὐτοῦ,

2032 2052 2049 2087 ι
2085 2032 2181 2088 καὶ
2232 2031 2512 2103 ἐξέψυξεν.
2546 2028 2897 2092 Εἰσελθόντες
2926 2027 2982 2081 δὲ
3011 2027 3060 2079 oi
3111 2023 3407 2086 νεανίσκοι,
3442 2016 3601 2092 εὗρον

2033 2143 2051 2177 ι
2091 2123 2260 2191 αὐτὴν
2293 2121 2513 2192 νεκρὰν,
2550 2120 2643 2175 καὶ
2667 2119 3052 2187 ἐξενέγκαντες
3078 2115 3286 2180 ἔθαψαν
3338 2112 3475 2185 πρὸς
3510 2112 3601 2164 τὸν

2031 2234 2049 2267 ι
2089 2214 2257 2283 ἀνδρα
2293 2212 2484 2281 αὐτῆς.
2516 2211 2626 2264 Καὶ
2683 2210 2900 2279 ἐγένετο
2932 2206 3095 2277 φόϐος
3129 2206 3301 2277 μέγας
3356 2206 3439 2273 ἐφ’
3473 2203 3601 2272 ὃλην

2036 2328 2052 2361 ι
2095 2308 2192 2380 τὴν
2227 2303 2541 2375 ἐκκλησίαν,
2589 2303 2682 2356 καὶ
2732 2301 2827 2356 ἐπὶ
2888 2300 3097 2364 πάντας
3137 2298 3265 2362 τοὺς
3307 2298 3605 2358 ἀκούοντας

2034 2421 2051 2453 ι
2092 2398 2278 2453 ταῦτα.
2321 2416 2339 2448 ι

2098 2491 2221 2555 Πῶς
2253 2488 2402 2560 παρά
2437 2489 2562 2552 τοὺς
2603 2487 2768 2551 πόδας
2803 2485 3002 2552 aurai;
3033 2483 3413 2556 Ὅτικπλησίον
3444 2470 3608 2535 αὑτοῦ

2029 2583 2293 2653 εἱστήκει.
2330 2581 2562 2651 Πλησίον
2590 2580 2646 2633 δὲ
2674 2578 2843 2650 αὐτὴν
2870 2578 3121 2649 ἔστησεν,
3153 2577 3243 2630 ἶνα
3289 2578 3337 2629 εί
3368 2574 3610 2647 βούλοιτο

2034 2672 2365 2744 μετανοῆσαι
2414 2672 2508 2724 καὶ
2563 2669 2914 2741 ὁμολογῆσαι,
2978 2667 3053 2739 μὴ
3113 2665 3425 2736 αἰσχύνοιτο
3481 2664 3611 2728 τοὺς

2033 2762 2223 2827 ἄλλους
2246 2763 2319 2827 ὡς
2353 2761 2670 2825 ἀκούοντας.
2704 2762 2820 2815 υύκ
2847 2760 3101 2821 ἀπονοίας
3126 2757 3182 2811 δέ
3235 2758 3382 2811 ἐστιν
3409 2757 3437 2811 ὁ
3465 2757 3607 2810 κατά

2032 2855 2139 2909 τῶν
2162 2855 2509 2908 πταισάντων
2541 2854 2705 2924 φόϐος
2737 2851 2828 2907 τοῦ
2868 2852 3180 2921 σοφωτάτου
3218 2849 3451 2921 Πέτρου,
3477 2847 3612 2902 ἀλλὰ

2033 2949 2381 3014 διδασκαλίας
2409 2947 2843 3020 προγνωστικῆς,
2869 2936 2968 3014 τῆς
2998 2944 3166 2997 πολλά
3182 2943 3290 2996 τῶν
3311 2940 3613 3015 ἀνθρώπων

2036 3040 2384 3111 προῖωμένης
2420 3036 2816 3108 ἁμαρτήματα.
2874 3032 3009 3086 Τότε
3065 3030 3173 3102 γὰρ
3215 3028 3512 3100 ἀρξάμενοι
3545 3027 3616 3082 τὰ

2037 3127 2131 3182 τοῦ
2157 3126 2490 3195 Εὐαγγελίου
2528 3120 2963 3179 καταϐάλλεσθαι
2994 3119 3307 3192 σπέρματα,
3340 3118 3431 3171 καὶ
3454 3115 3615 3179 εὐθὺς

2040 3219 2513 3291 παρανατείλαντα
2562 3213 2869 3286 ἑωρακότες
2906 3213 3140 3278 ζιζάνια,
3196 3209 3377 3280 σοφτῦς
3429 3207 3493 3261 ἀν
3546 3207 3616 3259 τά

362 3303 548 3359 Moses
600 3303 656 3357 in
686 3301 914 3358 exordio
951 3301 1087 3373 legis
1150 3308 1617 3370 transgressorem
1665 3300 1720 3356 in
1767 3314 1931 3370 parvo

2046 3304 2391 3386 παραχρῆμα
2422 3308 2676 3377 ἑξέτιλον.
2716 3306 2872 3361 Οὕτω
2910 3306 3003 3359 καὶ
3040 3304 3251 3374 Μωσῆς
3278 3302 3365 3355 τὸν
3397 3304 3455 3354 ὲν
3477 3316 3613 3371 προ-

354 3395 523 3451 etiam
551 3401 779 3466 peccato
808 3393 1086 3463 lapidibus
1114 3391 1272 3448 obrui
1299 3392 1494 3462 jussit,
1521 3391 1717 3448 dicens
1762 3393 1934 3449 Deum

356 3502 481 3542 eam
514 3485 709 3541 tulisse
739 3485 1088 3540 sententiam.
1111 3484 1256 3539 Idem
1280 3499 1498 3555 quoque
1554 3491 1607 3539 et
1646 3484 1701 3539 in
1752 3492 1942 3554 proto-

357 3577 554 3650 plastis
601 3577 852 3649 contigit,
887 3576 981 3647 qui
1016 3577 1086 3633 ob
1121 3591 1277 3632 esum
1329 3577 1458 3648 ligni
1484 3576 1620 3633 adeo
1687 3578 1941 3633 condemo
1974 3650 1977 3653 ι

359 3673 475 3727 nati
535 3678 667 3727 sunt
702 3671 749 3703 ⁸⁸
779 3687 793 3737 ;
820 3685 945 3724 nam
974 3668 1250 3738 pestilenta
1286 3669 1558 3741 ﬂagellato
1605 3671 1815 3725 cautior
1846 3671 1947 3726 erit

348 3763 653 3835 insipiens,
669 3765 825 3835 jUxta
856 3777 1070 3820 sacram
1102 3762 1421 3833 partemiam
1454 3763 1521 3815 ”.
1559 3761 1744 3834 itaque
1778 3764 1944 3819 etiam

355 3860 417 3913 in
439 3857 526 3913 bis
553 3858 693 3913 ultio
719 3858 891 3914 cessit
920 3858 972 3911 in
995 3856 1211 3911 lucrum
1242 3857 1310 3912 iis
1340 3857 1431 3926 qui
1436 3867 1768 3927 _pr:esentes
1788 3864 1947 3914 erant

348 3958 417 4006 et
466 3949 725 4006 videbant
769 3966 891 4021 quze
944 3949 1166 4005 ﬁebant.
1201 3948 1525 4019 Quanquam
1560 3950 1681 4004 aliis
1722 3965 1943 4020 quoque

355 4042 800 4113 przecedentibus
836 4041 1012 4112 signis
1043 4041 1348 4096 nonnullus
1371 4041 1939 4106 exoriebaturtimor,

356 4131 421 4188 a't
450 4149 556 4189 non
590 4141 801 4188 tantus.
852 4133 929 4187 Ita
997 4133 1356 4204 cognoscitur
1419 4133 1686 4190 Dominus
1734 4133 1943 4207 judicia

358 4226 576 4282 faciens
604 4227 675 4278 ‘°:
712 4225 1111 4296 comprehenso
1137 4225 1190 4279 in
1219 4225 1483 4296 operibus
1507 4240 1768 4279 manuum
1817 4241 1948 4281 sua-

359 4332 484 4371 rum
528 4324 836 4387 peccatore,
864 4302 972 4387 45
1001 4332 1066 4371 ex
1088 4316 1234 4371 laeto
1262 4308 1409 4386 quod
1446 4315 1591 4369 circa
1621 4315 1774 4370 illum
1800 4316 1946 4370 acci-

358 4404 467 4468 dit,
498 4402 758 4460 salutaris
789 4405 972 4459 oritur
1005 4405 1062 4460 in
1093 4402 1219 4460 aliis
1251 4406 1434 4460 timor.
1464 4402 1941 4470 Quemadmodum

359 4508 419 4552 et
451 4498 509 4551 in
537 4498 747 4552 ultione
784 4494 908 4552 Om
938 4497 1020 4564 ";
1072 4496 1239 4568 hujus
1316 4510 1555 4567 nauzque
1618 4478 1943 4566 supplicium

365 4588 558 4643 multis
602 4589 790 4644 timori
861 4580 987 4655 fuit,
1079 4586 1337 4663 tattquam
1388 4590 1832 4654 observantibus,
1880 4604 1941 4645 ea

2047 3403 2246 3475 οιμίοις
2276 3401 2368 3455 τοῦ
2396 3402 2563 3471 νόμου
2594 3396 2941 3469 παραϐάτην,
2974 3396 3066 3450 καὶ
3088 3395 3180 3448 ἐπὶ
3209 3395 3401 3466 βραχεῖ
3430 3393 3617 3462 ἀμαρ-

2046 3494 2250 3565 τήματι
2285 3489 2724 3560 καταλευσθῆναι
2765 3486 3088 3560 προσέταξε,
3132 3486 3223 3539 τὸν
3277 3484 3408 3539 Θεὸν
3437 3484 3618 3555 φήσας

2049 3583 2430 3654 ἀποφήνασθαι
2453 3582 2629 3637 τοῦτο.
2661 3581 2736 3635 Τὸ
2764 3580 2808 3635 δ’
2837 3579 2969 3634 αὐτὸ
3016 3578 3111 3634 καὶ
3141 3576 3233 3631 ἐπὶ
3265 3576 3373 3631 τῶν
3407 3591 3623 3647 πρωτο-

2049 3675 2324 3742 πλάστων,
2361 3673 2456 3727 ἐπὶ
2500 3673 2657 3741 ξύλου
2686 3671 2873 3742 γεύσει
2911 3669 3055 3725 οὕτω
3089 3666 3619 3725 καταδικασθέντων.

2049 3767 2392 3839 Λοιμοῦγάρ
2408 3766 2894 3838 μαστιγουμένου
2919 3763 3398 3834 πανουργότερος
3419 3760 3625 3831 ἄφρων

2050 3864 2299 3934 γίνεται,
2328 3861 2470 3917 κατά
2509 3861 2608 3931 τὴν
2649 3860 2800 3929 ίεράν
2843 3858 3162 3930 παροιμίαν.
3186 3857 3349 3912 Ὥστε
3399 3856 3491 3910 καὶ
3524 3854 3620 3909 ἐπὶ

2048 3954 2251 4007 τούτων
2280 3955 2313 4023 ή
2345 3953 2587 4023 τιμωρία
2625 3952 2707 4015 είς
2728 3949 2922 4022 κέρδος
2951 3949 3312 4023 προύχώρησε
3340 3950 3448 4011 τοῖς
3477 3964 3624 4018 παρ-

2048 4042 2169 4098 οῦσι
2217 4044 2311 4098 καὶ
2333 4042 2501 4114 ὁρῶσι
2562 4040 2631 4095 τὰ
2657 4038 2931 4113 δρώμενα.
2965 4039 3165 4093 Καίτοι
3204 4055 3270 4106 γε
3303 4036 3400 4093 καὶ
3449 4036 3625 4092 ἄλλων

2049 4135 2369 4208 προσάντων
2420 4132 2686 4205 σημείων,
2742 4130 2858 4185 ἀλλ’
2891 4129 2992 4184 οὐκ
3021 4125 3089 4202 ἦν
3144 4128 3308 4198 φόϐος
3346 4128 3623 4191 τοσοῦτος.

2048 4228 2203 4284 Οὕτω
2254 4227 2582 4297 γινώσκεται
2610 4225 2819 4298 Κύριος
2871 4222 3115 4295 κρίματα
3144 4220 3335 4278 ποιῶν.
3377 4220 3467 4273 Ἐν
3516 4219 3626 4290 γὰρ

2047 4325 2158 4387 τοῖς
2205 4322 2389 4394 ἔργοις
2443 4320 2555 4374 τῶν
2586 4319 2786 4391 χειρῶν
2818 4316 3008 4385 αὑτοῦ,
3046 4316 3138 4371 τοῦ
3182 4313 3515 4388 ἀμαρτωλοῢ
3547 4313 3627 4385 τῷ

2050 4415 2136 4468 ἐπ’
2159 4416 2369 4468 ἐκεῖνον
2396 4414 2636 4484 δράματι
2662 4415 2692 4466 ὁ
2721 4412 2988 4482 σωτήριος
3028 4409 3273 4464 τίκτεται
3300 4409 3414 4472 τοῖς
3441 4405 3625 4470 ἄλλοις

2050 4505 2233 4573 φόϐος.
2267 4504 2480 4575 Ὥσπερ
2503 4504 2595 4557 καὶ
2623 4504 2715 4557 ἐπὶ
2735 4502 2830 4556 τοῦ
2851 4503 2985 4567 Ὀζᾶ
2998 4502 3097 4572 τῆς
3126 4501 3417 4572 τιμωρίας.
3434 4500 3501 4553 Ἥ
3518 4496 3627 4569 γάρ

2051 4597 2243 4651 τούτου
2266 4595 2487 4660 κόλασις
2518 4596 2681 4665 φόϐος
2711 4595 2923 4666 ὑπῆρξε
2955 4597 3067 4658 τοῖς
3091 4593 3324 4660 πολλοῖς,
3359 4592 3433 4655 ὡς
3462 4592 3529 4644 τά
3551 4591 3629 4662 τῷ

363 4695 490 4750 qua:
544 4679 651 4735 Deo
721 4686 937 4736 servata
983 4692 1134 4749 sunt,
1162 4682 1443 4738 inaccessa
1498 4697 1560 4737 ac
1601 4682 1931 4761 intangibili:

2055 4689 2173 4760 Θεῷ
2200 4686 2534 4760 ἀνακείμενα
2560 4688 2817 4755 ἀνέπαφα
2837 4689 2950 4749 τοῖς
2964 4688 3200 4755 ἀνιέροις
3222 4682 3623 4755 διατηρείσθαι.

366 4787 494 4826 esse
513 4772 707 4827 debere
729 4773 1003 4844 profanis.
1051 4770 1150 4831 Hic
1172 4790 1304 4833 vero
1341 4774 1801 4831 considerandum
1860 4780 1949 4830 est

367 4877 437 4918 ex
464 4862 740 4918 ablatione
796 4865 1048 4920 funerum
1093 4865 1318 4922 Ananiae
1339 4874 1394 4922 et
1421 4865 1614 4920 uxoris
1659 4865 1797 4935 ejus,
1850 4879 1948 4934 per

366 4969 466 5010 eos
494 4956 586 5025 qui
627 4966 876 5013 mortuos
908 4958 1227 5024 ellerebant,
1257 4959 1429 5029 legem
1479 4973 1604 5013 esse
1655 4958 1944 5027 abjectam.

368 5043 558 5116 Neque
595 5048 737 5100 enim
779 5049 871 5117 qui
947 5042 1233 5104 mortuum
1310 5049 1602 5120 tetigerant
1654 5047 1945 5113 Ananiam,

372 5134 639 5191 immundi
664 5149 1087 5207 permanserunt
1140 5130 1317 5208 usque
1384 5138 1452 5192 ad
1502 5152 1809 5208 vesperam,
1851 5136 1945 5192 sed

375 5229 479 5299 ipsi
514 5230 679 5285 etiam
706 5231 774 5285 ad
829 5231 995 5288 funus
1023 5234 1212 5288 uxoris
1250 5231 1370 5302 ejus
1396 5231 1778 5302 praestiterunt
1841 5229 1947 5285 mi.

337 5370 345 5385 ,
377 5322 690 5377 nisterium.

453 5412 518 5477 V,
555 5412 742 5469 12-16.
797 5434 813 5467 ι
841 5414 939 5469 Per
975 5430 1168 5471 manus
1224 5426 1351 5470 vero
1404 5414 1776 5483 apostolorum
1824 5417 1948 5469 cde-

384 5508 630 5562 cbantur
660 5509 818 5580 signa
869 5516 922 5564 et
972 5508 1216 5580 prodigia
1284 5506 1451 5562 multa
1515 5507 1567 5562 in
1618 5507 1834 5577 pepulo.
1885 5504 1948 5559 Et

384 5621 402 5649 ι
433 5602 949 5657 erantunanimitcr
995 5617 1184 5658 omnes
1236 5601 1292 5654 in
1349 5602 1560 5671 porticu
1611 5598 1943 5654 Salomonis.

387 5707 404 5738 ι
443 5688 778 5745 (Σιειριοιιιιιι
826 5701 1002 5745 autem
1028 5703 1187 5743 nemo
1219 5689 1454 5744 audebat
1484 5704 1542 5745 se
1568 5690 1678 5745 illis
1715 5690 1949 5758 conjun-

454 5875 498 5906 ⁸⁸
521 5874 659 5930 Gen.
690 5890 748 5929 ιιι
779 5882 930 5944 seqq".
962 5874 1004 5906 ⁸⁵
1057 5876 1215 5929 l‘rov.
1248 5889 1359 5941 χιιι,
1390 5873 1478 5929 25.

1560 5871 1605 5904 "
1637 5871 1779 5925 Psal.
1813 5887 1886 5938 ιχ,
1926 5872 1978 5926 5.

2053 4778 2486 4849 Ἐπισημαντὲον
2514 4777 2571 4835 δὲ
2605 4777 2856 4831 ἐντεῦθεν
2882 4776 2992 4829 ἀπό
3032 4792 3096 4843 γε
3122 4775 3222 4845 τῆς
3246 4774 3484 4843 ἐκφορᾶς
3520 4772 3629 4825 τῶν

2053 4871 2264 4941 νεκρῶν
2287 4869 2536 4924 Ἀνανίου
2565 4869 2662 4922 καὶ
2708 4868 2809 4937 τῆς
2841 4865 3097 4935 γυναικὸς
3144 4864 3334 4931 αὑτοῦ,
3379 4864 3466 4918 διὰ
3521 4863 3629 4917 τῶν

2054 4962 2234 5016 αὐτῶν
2287 4961 2674 5034 νεκροστόλων,
2735 4959 3249 5030 καταφρονούμενον
3293 4957 3382 5011 τὸν
3437 4957 3623 5026 νόμον.

2055 5054 2189 5109 Οὐδὲ
2235 5054 2345 5127 γὰρ
2392 5057 2443 5107 oi
2482 5052 2677 5125 νεκροῦ
2706 5051 2977 5123 ἁψάμενοι
3010 5051 3282 5116 Ἀνανίου,
3318 5049 3621 5120 ἀκάθαρτοι

2055 5145 2331 5219 διέμειναν
2358 5146 2465 5210 ἕως
2494 5144 2755 5216 ἑσπέρας,
2781 5143 2896 5197 ἀλλ’
2923 5143 2974 5198 οί
3005 5144 3157 5198 αὐτοὶ
3193 5143 3289 5198 καὶ
3318 5142 3394 5212 τῷ
3413 5143 3513 5211 τῆς
3534 5157 3632 5209 γυ-

2054 5239 2238 5302 ναικὸς
2270 5236 2623 5309 ύπούργησαν
2649 5237 2849 5309 νεκρῷ.

2130 5435 2148 5467 ι
2186 5418 2283 5470 Διά
2310 5416 2366 5472 δὲ
2386 5416 2492 5472 τῶν
2504 5416 2701 5489 χειρῶν
2722 5416 2830 5471 τῶν
2857 5416 3167 5471 ἀποστόλων
3191 5412 3407 5483 ἐγένετο
3434 5416 3633 5486 σημεῖα

2062 5528 2080 5561 ι
2114 5508 2208 5565 καὶ
2236 5507 2435 5579 τέρατα
2461 5510 2518 5561 ὲν
2549 5507 2627 5577 τῷ
2655 5507 2768 5578 λαῷ
2803 5508 2990 5561 πολλὰ.
3047 5507 3154 5561 Καὶ
3183 5502 3323 5577 ἦσαν
3356 5504 3635 5575 όμοθυμαυ

2062 5619 2079 5652 ι
2112 5601 2199 5653 at»
2233 5601 2471 5663 ἅπαντες
2501 5601 2559 5653 ἐν
2585 5603 2650 5670 τῇ
2686 5600 2819 5670 στοᾷ
2852 5599 3213 5668 Σολομῶντος.
3273 5597 3392 5650 Τῶν
3419 5595 3478 5649 δὲ
3520 5596 3633 5648 λοι-

2063 5713 2081 5745 ι
2123 5692 2237 5748 πῶν
2272 5691 2446 5755 οὐδεὶς
2479 5691 2679 5762 ἐτόλμα
2709 5689 3000 5744 κολλᾶσθαι
3029 5690 3230 5755 αὐτοῖς,
3271 5686 3386 5741 ἀλλ’
3431 5684 3634 5757 ἐμεγά-

2057 5872 2095 5902 ⁶¹
2130 5870 2168 5925 ll
2201 5871 2333 5942 Reg.
2364 5885 2438 5934 vt,
2470 5868 2488 5921 l
2525 5883 2679 5936 seqq.
