  <div class='ocr_page' id='page_1' title='image "/cluster/home/n/w/nwhite01/storage/ocr_20150623/118/hvd.32044019208149/073.png"; bbox 0 0 4058 6594; ppageno 0'>
   <div class='ocr_carea' id='block_1_1' title="bbox 423 411 518 483">
    <p class='ocr_par' dir='ltr' id='par_1_1' title="bbox 423 411 518 483">
     <span class='ocr_line' id='line_1_1' title="bbox 423 411 518 483; baseline 0.011 -2"><span class='ocrx_word' id='word_1_1' title='bbox 423 411 518 483; x_wconf 74' lang='lat' dir='ltr'><strong>lii</strong></span> 
     </span>
    </p>
   </div>
   <div class='ocr_carea' id='block_1_2' title="bbox 1494 402 2624 491">
    <p class='ocr_par' dir='ltr' id='par_1_2' title="bbox 1494 402 2624 491">
     <span class='ocr_line' id='line_1_2' title="bbox 1494 402 2624 491; baseline -0.008 -19"><span class='ocrx_word' id='word_1_2' title='bbox 1494 408 1908 472; x_wconf 80' lang='lat' dir='ltr'><strong>(ECUMENII</strong></span> <span class='ocrx_word' id='word_1_3' title='bbox 1946 404 2239 491; x_wconf 62' lang='lat' dir='ltr'><strong>TRICCA;</strong></span> <span class='ocrx_word' id='word_1_4' title='bbox 2276 402 2624 465; x_wconf 89' lang='lat' dir='ltr'><strong>EPISCOPI</strong></span> 
     </span>
    </p>
   </div>
   <div class='ocr_carea' id='block_1_3' title="bbox 3568 394 3672 462">
    <p class='ocr_par' dir='ltr' id='par_1_3' title="bbox 3568 394 3672 462">
     <span class='ocr_line' id='line_1_3' title="bbox 3568 394 3672 462; baseline -0.029 0"><span class='ocrx_word' id='word_1_5' title='bbox 3568 394 3672 462; x_wconf 79' lang='lat'><strong>112</strong></span> 
     </span>
    </p>
   </div>
   <div class='ocr_carea' id='block_1_4' title="bbox 422 506 2009 599">
    <p class='ocr_par' dir='ltr' id='par_1_4' title="bbox 422 516 1985 599">
     <span class='ocr_line' id='line_1_4' title="bbox 422 516 1985 599; baseline -0.006 -18"><span class='ocrx_word' id='word_1_6' title='bbox 422 548 441 581; x_wconf 72' lang='grc' dir='ltr'><strong>ι</strong></span> <span class='ocrx_word' id='word_1_7' title='bbox 485 542 631 599; x_wconf 86' lang='lat' dir='ltr'><strong>gere,</strong></span> <span class='ocrx_word' id='word_1_8' title='bbox 664 524 759 582; x_wconf 89' lang='lat' dir='ltr'><strong>sed</strong></span> <span class='ocrx_word' id='word_1_9' title='bbox 792 522 1172 596; x_wconf 77' lang='lat' dir='ltr'><strong>tnagtiiﬁcabat</strong></span> <span class='ocrx_word' id='word_1_10' title='bbox 1198 535 1295 577; x_wconf 81' lang='lat' dir='ltr'><strong>eos</strong></span> <span class='ocrx_word' id='word_1_11' title='bbox 1311 520 1568 592; x_wconf 86' lang='lat' dir='ltr'><strong>populus.</strong></span> <span class='ocrx_word' id='word_1_12' title='bbox 1609 516 1781 590; x_wconf 82' lang='lat' dir='ltr'><strong>Magis</strong></span> <span class='ocrx_word' id='word_1_13' title='bbox 1804 523 1985 574; x_wconf 85' lang='lat' dir='ltr'><strong>autem</strong></span> 
     </span>
    </p>
   </div>
   <div class='ocr_carea' id='block_1_5' title="bbox 2123 506 3671 599">
    <p class='ocr_par' dir='ltr' id='par_1_5' title="bbox 2159 506 3671 580">
     <span class='ocr_line' id='line_1_5' title="bbox 2159 506 3671 580; baseline -0.004 -12"><span class='ocrx_word' id='word_1_14' title='bbox 2159 513 2314 568; x_wconf 88' lang='grc' dir='ltr'>λυνεν</span> <span class='ocrx_word' id='word_1_15' title='bbox 2371 512 2568 577; x_wconf 78' lang='grc' dir='ltr'>αὐτοὺς</span> <span class='ocrx_word' id='word_1_16' title='bbox 2613 513 2643 566; x_wconf 83' lang='grc' dir='ltr'>ὁ</span> <span class='ocrx_word' id='word_1_17' title='bbox 2684 509 2850 574; x_wconf 83' lang='grc' dir='ltr'>λαός.</span> <span class='ocrx_word' id='word_1_18' title='bbox 2919 506 3139 564; x_wconf 80' lang='grc' dir='ltr'>Μᾶλλον</span> <span class='ocrx_word' id='word_1_19' title='bbox 3179 507 3237 562; x_wconf 81' lang='grc' dir='ltr'>δὲ</span> <span class='ocrx_word' id='word_1_20' title='bbox 3285 508 3671 580; x_wconf 75' lang='grc' dir='ltr'><strong>προσετίθεντο</strong></span> 
     </span>
    </p>
   </div>
   <div class='ocr_carea' id='block_1_6' title="bbox 424 610 1986 678">
    <p class='ocr_par' dir='ltr' id='par_1_6' title="bbox 424 610 1986 678">
     <span class='ocr_line' id='line_1_6' title="bbox 424 610 1986 678; baseline -0.006 -5"><span class='ocrx_word' id='word_1_21' title='bbox 424 639 441 672; x_wconf 79' lang='grc' dir='ltr'><strong>ι</strong></span> <span class='ocrx_word' id='word_1_22' title='bbox 491 616 823 673; x_wconf 88' lang='lat' dir='ltr'><strong>accedebant</strong></span> <span class='ocrx_word' id='word_1_23' title='bbox 856 614 1143 670; x_wconf 88' lang='lat' dir='ltr'><strong>credentes</strong></span> <span class='ocrx_word' id='word_1_24' title='bbox 1180 611 1433 678; x_wconf 87' lang='lat' dir='ltr'><strong>Domino,</strong></span> <span class='ocrx_word' id='word_1_25' title='bbox 1469 610 1763 665; x_wconf 81' lang='lat' dir='ltr'><strong>multitudo</strong></span> <span class='ocrx_word' id='word_1_26' title='bbox 1790 623 1986 678; x_wconf 86' lang='lat' dir='ltr'><strong>nempe</strong></span> 
     </span>
    </p>
   </div>
   <div class='ocr_carea' id='block_1_7' title="bbox 427 700 1988 772">
    <p class='ocr_par' dir='ltr' id='par_1_7' title="bbox 427 700 1988 772">
     <span class='ocr_line' id='line_1_7' title="bbox 427 700 1988 772; baseline -0.007 -8"><span class='ocrx_word' id='word_1_27' title='bbox 427 733 444 765; x_wconf 82' lang='grc' dir='ltr'><strong>ι</strong></span> <span class='ocrx_word' id='word_1_28' title='bbox 484 713 724 767; x_wconf 85' lang='lat' dir='ltr'><strong>virorum</strong></span> <span class='ocrx_word' id='word_1_29' title='bbox 752 708 920 765; x_wconf 82' lang='lat' dir='ltr'><strong>simul</strong></span> <span class='ocrx_word' id='word_1_30' title='bbox 961 722 1025 762; x_wconf 91' lang='lat' dir='ltr'><strong>ac</strong></span> <span class='ocrx_word' id='word_1_31' title='bbox 1069 706 1386 772; x_wconf 83' lang='lat' dir='ltr'><strong>mulierum,</strong></span> <span class='ocrx_word' id='word_1_32' title='bbox 1414 704 1487 758; x_wconf 92' lang='lat' dir='ltr'><strong>ita</strong></span> <span class='ocrx_word' id='word_1_33' title='bbox 1541 709 1601 758; x_wconf 92' lang='lat' dir='ltr'><strong>ut</strong></span> <span class='ocrx_word' id='word_1_34' title='bbox 1636 716 1733 772; x_wconf 90' lang='lat' dir='ltr'><strong>per</strong></span> <span class='ocrx_word' id='word_1_35' title='bbox 1780 700 1988 771; x_wconf 84' lang='lat' dir='ltr'><strong>plateas</strong></span> 
     </span>
    </p>
   </div>
   <div class='ocr_carea' id='block_1_8' title="bbox 428 793 1990 869">
    <p class='ocr_par' dir='ltr' id='par_1_8' title="bbox 428 793 1990 869">
     <span class='ocr_line' id='line_1_8' title="bbox 428 793 1990 869; baseline -0.006 -15"><span class='ocrx_word' id='word_1_36' title='bbox 428 823 446 854; x_wconf 81' lang='grc' dir='ltr'><strong>ι</strong></span> <span class='ocrx_word' id='word_1_37' title='bbox 485 802 742 858; x_wconf 74' lang='grc' dir='ltr'>οίῐυιτειιι</span> <span class='ocrx_word' id='word_1_38' title='bbox 791 800 1059 864; x_wconf 87' lang='lat' dir='ltr'><strong>inlirmos,</strong></span> <span class='ocrx_word' id='word_1_39' title='bbox 1130 802 1510 869; x_wconf 88' lang='lat' dir='ltr'><strong>ponerentque</strong></span> <span class='ocrx_word' id='word_1_40' title='bbox 1571 795 1627 850; x_wconf 90' lang='lat' dir='ltr'><strong>in</strong></span> <span class='ocrx_word' id='word_1_41' title='bbox 1664 793 1887 848; x_wconf 72' lang='lat' dir='ltr'><strong>lectulis</strong></span> <span class='ocrx_word' id='word_1_42' title='bbox 1933 798 1990 846; x_wconf 89' lang='lat' dir='ltr'><strong>et</strong></span> 
     </span>
    </p>
   </div>
   <div class='ocr_carea' id='block_1_9' title="bbox 428 882 1994 964">
    <p class='ocr_par' dir='ltr' id='par_1_9' title="bbox 428 882 1994 964">
     <span class='ocr_line' id='line_1_9' title="bbox 428 882 1994 964; baseline -0.006 -20"><span class='ocrx_word' id='word_1_43' title='bbox 428 913 447 944; x_wconf 79' lang='grc' dir='ltr'><strong>ι</strong></span> <span class='ocrx_word' id='word_1_44' title='bbox 500 890 800 964; x_wconf 88' lang='lat' dir='ltr'><strong>grabbatis,</strong></span> <span class='ocrx_word' id='word_1_45' title='bbox 845 899 907 945; x_wconf 90' lang='lat' dir='ltr'><strong>ut</strong></span> <span class='ocrx_word' id='word_1_46' title='bbox 948 886 1220 943; x_wconf 81' lang='lat' dir='ltr'><strong>venientis</strong></span> <span class='ocrx_word' id='word_1_47' title='bbox 1264 884 1412 942; x_wconf 85' lang='lat' dir='ltr'><strong>Petri</strong></span> <span class='ocrx_word' id='word_1_48' title='bbox 1445 884 1529 939; x_wconf 87' lang='lat' dir='ltr'><strong>vel</strong></span> <span class='ocrx_word' id='word_1_49' title='bbox 1555 882 1746 937; x_wconf 88' lang='lat' dir='ltr'><strong>umbra</strong></span> <span class='ocrx_word' id='word_1_50' title='bbox 1803 895 1994 952; x_wconf 89' lang='lat' dir='ltr'><strong>quem-</strong></span> 
     </span>
    </p>
   </div>
   <div class='ocr_carea' id='block_1_10' title="bbox 429 972 1992 1053">
    <p class='ocr_par' dir='ltr' id='par_1_10' title="bbox 429 972 1992 1053">
     <span class='ocr_line' id='line_1_10' title="bbox 429 972 1992 1053; baseline -0.006 -20"><span class='ocrx_word' id='word_1_51' title='bbox 429 1002 447 1033; x_wconf 79' lang='grc' dir='ltr'><strong>ι</strong></span> <span class='ocrx_word' id='word_1_52' title='bbox 479 984 623 1053; x_wconf 84' lang='lat' dir='ltr'><strong>piam</strong></span> <span class='ocrx_word' id='word_1_53' title='bbox 662 981 881 1037; x_wconf 88' lang='lat' dir='ltr'><strong>illorutn</strong></span> <span class='ocrx_word' id='word_1_54' title='bbox 940 975 1321 1033; x_wconf 87' lang='lat' dir='ltr'><strong>obumbraret.</strong></span> <span class='ocrx_word' id='word_1_55' title='bbox 1390 972 1763 1029; x_wconf 81' lang='lat' dir='ltr'><strong>Conveniebat</strong></span> <span class='ocrx_word' id='word_1_56' title='bbox 1811 978 1992 1025; x_wconf 87' lang='lat' dir='ltr'><strong>autem</strong></span> 
     </span>
    </p>
   </div>
   <div class='ocr_carea' id='block_1_11' title="bbox 428 1058 1995 1127">
    <p class='ocr_par' dir='ltr' id='par_1_11' title="bbox 428 1058 1995 1127">
     <span class='ocr_line' id='line_1_11' title="bbox 428 1058 1995 1127; baseline -0.005 -2"><span class='ocrx_word' id='word_1_57' title='bbox 428 1090 446 1125; x_wconf 83' lang='grc' dir='ltr'><strong>ι</strong></span> <span class='ocrx_word' id='word_1_58' title='bbox 490 1082 543 1127; x_wconf 85' lang='lat' dir='ltr'><strong>et</strong></span> <span class='ocrx_word' id='word_1_59' title='bbox 572 1069 861 1126; x_wconf 89' lang='lat' dir='ltr'><strong>multitudo</strong></span> <span class='ocrx_word' id='word_1_60' title='bbox 891 1067 1190 1124; x_wconf 83' lang='lat' dir='ltr'><strong>vicinarum</strong></span> <span class='ocrx_word' id='word_1_61' title='bbox 1209 1065 1493 1121; x_wconf 88' lang='lat' dir='ltr'><strong>civitatum</strong></span> <span class='ocrx_word' id='word_1_62' title='bbox 1520 1058 1995 1126; x_wconf 79' lang='lat' dir='ltr'><strong>Jerusalem,aﬂ‘e—</strong></span> 
     </span>
    </p>
   </div>
   <div class='ocr_carea' id='block_1_12' title="bbox 431 1152 1994 1234">
    <p class='ocr_par' dir='ltr' id='par_1_12' title="bbox 431 1152 1994 1234">
     <span class='ocr_line' id='line_1_12' title="bbox 431 1152 1994 1234; baseline -0.006 -16"><span class='ocrx_word' id='word_1_63' title='bbox 431 1187 449 1218; x_wconf 77' lang='grc' dir='ltr'><strong>ι</strong></span> <span class='ocrx_word' id='word_1_64' title='bbox 482 1178 611 1221; x_wconf 89' lang='lat' dir='ltr'><strong>reus</strong></span> <span class='ocrx_word' id='word_1_65' title='bbox 637 1177 812 1234; x_wconf 86' lang='lat' dir='ltr'><strong>aegros</strong></span> <span class='ocrx_word' id='word_1_66' title='bbox 840 1175 905 1217; x_wconf 89' lang='lat' dir='ltr'><strong>ac</strong></span> <span class='ocrx_word' id='word_1_67' title='bbox 927 1169 1151 1217; x_wconf 73' lang='lat' dir='ltr'><strong>vexatos</strong></span> <span class='ocrx_word' id='word_1_68' title='bbox 1179 1175 1208 1215; x_wconf 92' lang='lat' dir='ltr'><strong>a</strong></span> <span class='ocrx_word' id='word_1_69' title='bbox 1233 1158 1522 1231; x_wconf 80' lang='lat' dir='ltr'><strong>spiritibus</strong></span> <span class='ocrx_word' id='word_1_70' title='bbox 1552 1155 1875 1222; x_wconf 87' lang='lat' dir='ltr'><strong>immundis,</strong></span> <span class='ocrx_word' id='word_1_71' title='bbox 1899 1152 1994 1226; x_wconf 90' lang='lat' dir='ltr'><strong>qui</strong></span> 
     </span>
    </p>
   </div>
   <div class='ocr_carea' id='block_1_13' title="bbox 429 1253 1111 1309">
    <p class='ocr_par' dir='ltr' id='par_1_13' title="bbox 429 1253 1111 1309">
     <span class='ocr_line' id='line_1_13' title="bbox 429 1253 1111 1309; baseline -0.006 -3"><span class='ocrx_word' id='word_1_72' title='bbox 429 1275 447 1306; x_wconf 78' lang='grc' dir='ltr'><strong>ι</strong></span> <span class='ocrx_word' id='word_1_73' title='bbox 489 1253 825 1309; x_wconf 86' lang='lat' dir='ltr'><strong>sanabantur</strong></span> <span class='ocrx_word' id='word_1_74' title='bbox 848 1264 1060 1307; x_wconf 82' lang='lat' dir='ltr'><strong>omnes.</strong></span> <span class='ocrx_word' id='word_1_75' title='bbox 1091 1268 1111 1302; x_wconf 75' lang='grc' dir='ltr'><strong>ι</strong></span> 
     </span>
    </p>
   </div>
   <div class='ocr_carea' id='block_1_14' title="bbox 493 1313 1996 1412">
    <p class='ocr_par' dir='ltr' id='par_1_14' title="bbox 493 1313 1996 1412">
     <span class='ocr_line' id='line_1_14' title="bbox 493 1313 1996 1412; baseline -0.007 -13"><span class='ocrx_word' id='word_1_76' title='bbox 493 1343 577 1399; x_wconf 83' lang='lat' dir='ltr'><strong>Tu</strong></span> <span class='ocrx_word' id='word_1_77' title='bbox 609 1359 743 1400; x_wconf 88' lang='lat' dir='ltr'><strong>vero</strong></span> <span class='ocrx_word' id='word_1_78' title='bbox 778 1341 916 1398; x_wconf 89' lang='lat' dir='ltr'><strong>mibi</strong></span> <span class='ocrx_word' id='word_1_79' title='bbox 938 1313 1461 1412; x_wconf 60' lang='lat' dir='ltr'><strong>intuere&#39;quomodo</strong></span> <span class='ocrx_word' id='word_1_80' title='bbox 1485 1334 1865 1410; x_wconf 86' lang='lat' dir='ltr'><strong>apostolorum</strong></span> <span class='ocrx_word' id='word_1_81' title='bbox 1882 1335 1996 1392; x_wconf 89' lang='lat' dir='ltr'><strong>vita</strong></span> 
     </span>
    </p>
   </div>
   <div class='ocr_carea' id='block_1_15' title="bbox 425 1431 2002 1509">
    <p class='ocr_par' dir='ltr' id='par_1_15' title="bbox 425 1431 2002 1509">
     <span class='ocr_line' id='line_1_15' title="bbox 425 1431 2002 1509; baseline -0.006 -16"><span class='ocrx_word' id='word_1_82' title='bbox 425 1434 779 1509; x_wconf 83' lang='lat' dir='ltr'><strong>procedebat.</strong></span> <span class='ocrx_word' id='word_1_83' title='bbox 816 1433 1064 1491; x_wconf 86' lang='lat' dir='ltr'><strong>Tristitia</strong></span> <span class='ocrx_word' id='word_1_84' title='bbox 1101 1431 1341 1504; x_wconf 91' lang='lat' dir='ltr'><strong>primum</strong></span> <span class='ocrx_word' id='word_1_85' title='bbox 1373 1432 1574 1488; x_wconf 91' lang='lat' dir='ltr'><strong>accidit</strong></span> <span class='ocrx_word' id='word_1_86' title='bbox 1619 1438 1846 1501; x_wconf 84' lang='lat' dir='ltr'><strong>propter</strong></span> <span class='ocrx_word' id='word_1_87' title='bbox 1908 1442 2002 1484; x_wconf 88' lang='lat' dir='ltr'><strong>as-</strong></span> 
     </span>
    </p>
   </div>
   <div class='ocr_carea' id='block_1_16' title="bbox 425 1519 2001 1601">
    <p class='ocr_par' dir='ltr' id='par_1_16' title="bbox 425 1519 2001 1601">
     <span class='ocr_line' id='line_1_16' title="bbox 425 1519 2001 1601; baseline -0.006 -18"><span class='ocrx_word' id='word_1_88' title='bbox 425 1527 815 1601; x_wconf 87' lang='lat' dir='ltr'><strong>sumptionem,</strong></span> <span class='ocrx_word' id='word_1_89' title='bbox 858 1523 1253 1582; x_wconf 65' lang='lat' dir='ltr'><strong>deindelaatitia</strong></span> <span class='ocrx_word' id='word_1_90' title='bbox 1285 1533 1513 1596; x_wconf 89' lang='lat' dir='ltr'><strong>propter</strong></span> <span class='ocrx_word' id='word_1_91' title='bbox 1548 1522 1789 1593; x_wconf 86' lang='lat' dir='ltr'><strong>Spiritus</strong></span> <span class='ocrx_word' id='word_1_92' title='bbox 1819 1519 2001 1576; x_wconf 88' lang='lat' dir='ltr'><strong>sancti</strong></span> 
     </span>
    </p>
   </div>
   <div class='ocr_carea' id='block_1_17' title="bbox 426 1613 1992 1686">
    <p class='ocr_par' dir='ltr' id='par_1_17' title="bbox 426 1613 1992 1686">
     <span class='ocr_line' id='line_1_17' title="bbox 426 1613 1992 1686; baseline -0.006 -10"><span class='ocrx_word' id='word_1_93' title='bbox 426 1622 753 1676; x_wconf 86' lang='lat' dir='ltr'><strong>descensum</strong></span> <span class='ocrx_word' id='word_1_94' title='bbox 790 1636 804 1671; x_wconf 89' lang='lat'><strong>:</strong></span> <span class='ocrx_word' id='word_1_95' title='bbox 848 1631 1065 1672; x_wconf 86' lang='lat' dir='ltr'><strong>rursum</strong></span> <span class='ocrx_word' id='word_1_96' title='bbox 1098 1615 1325 1672; x_wconf 83' lang='lat' dir='ltr'><strong>tristitia</strong></span> <span class='ocrx_word' id='word_1_97' title='bbox 1383 1622 1606 1686; x_wconf 87' lang='lat' dir='ltr'><strong>propter</strong></span> <span class='ocrx_word' id='word_1_98' title='bbox 1637 1613 1992 1669; x_wconf 82' lang='lat' dir='ltr'><strong>subsannan-</strong></span> 
     </span>
    </p>
   </div>
   <div class='ocr_carea' id='block_1_18' title="bbox 427 1704 1998 1781">
    <p class='ocr_par' dir='ltr' id='par_1_18' title="bbox 427 1704 1998 1781">
     <span class='ocr_line' id='line_1_18' title="bbox 427 1704 1998 1781; baseline -0.006 -15"><span class='ocrx_word' id='word_1_99' title='bbox 427 1723 534 1780; x_wconf 89' lang='lat' dir='ltr'><strong>tes,</strong></span> <span class='ocrx_word' id='word_1_100' title='bbox 560 1709 755 1767; x_wconf 91' lang='lat' dir='ltr'><strong>deinde</strong></span> <span class='ocrx_word' id='word_1_101' title='bbox 773 1708 962 1764; x_wconf 69' lang='lat' dir='ltr'><strong>laetitia</strong></span> <span class='ocrx_word' id='word_1_102' title='bbox 978 1716 1198 1779; x_wconf 86' lang='lat' dir='ltr'><strong>propter</strong></span> <span class='ocrx_word' id='word_1_103' title='bbox 1224 1705 1412 1781; x_wconf 85' lang='lat' dir='ltr'><strong>ﬁdeles</strong></span> <span class='ocrx_word' id='word_1_104' title='bbox 1442 1714 1498 1762; x_wconf 88' lang='lat' dir='ltr'><strong>et</strong></span> <span class='ocrx_word' id='word_1_105' title='bbox 1521 1704 1723 1761; x_wconf 79' lang='lat' dir='ltr'><strong>factum</strong></span> <span class='ocrx_word' id='word_1_106' title='bbox 1757 1706 1998 1776; x_wconf 84' lang='lat' dir='ltr'><strong>signum:</strong></span> 
     </span>
    </p>
   </div>
   <div class='ocr_carea' id='block_1_19' title="bbox 2097 601 3671 675">
    <p class='ocr_par' dir='ltr' id='par_1_19' title="bbox 2097 601 3671 675">
     <span class='ocr_line' id='line_1_19' title="bbox 2097 601 3671 675; baseline -0.001 -17"><span class='ocrx_word' id='word_1_107' title='bbox 2097 624 2114 658; x_wconf 79' lang='grc' dir='ltr'><strong>ι</strong></span> <span class='ocrx_word' id='word_1_108' title='bbox 2156 604 2507 667; x_wconf 73' lang='grc' dir='ltr'><strong>πιστεύοντες</strong></span> <span class='ocrx_word' id='word_1_109' title='bbox 2535 602 2613 675; x_wconf 82' lang='grc' dir='ltr'>τῷ</span> <span class='ocrx_word' id='word_1_110' title='bbox 2641 601 2855 674; x_wconf 85' lang='grc' dir='ltr'>Κυρίῳ,</span> <span class='ocrx_word' id='word_1_111' title='bbox 2881 601 3060 674; x_wconf 83' lang='grc' dir='ltr'><strong>πλήθη</strong></span> <span class='ocrx_word' id='word_1_112' title='bbox 3092 601 3301 675; x_wconf 87' lang='grc' dir='ltr'>ἀνδρῶν</span> <span class='ocrx_word' id='word_1_113' title='bbox 3341 618 3400 655; x_wconf 92' lang='grc' dir='ltr'><strong>τε</strong></span> <span class='ocrx_word' id='word_1_114' title='bbox 3454 603 3547 655; x_wconf 73' lang='grc' dir='ltr'><strong>καὶ</strong></span> <span class='ocrx_word' id='word_1_115' title='bbox 3576 618 3671 670; x_wconf 77' lang='grc' dir='ltr'>γυ·</span> 
     </span>
    </p>
   </div>
   <div class='ocr_carea' id='block_1_20' title="bbox 2096 678 3676 766">
    <p class='ocr_par' dir='ltr' id='par_1_20' title="bbox 2096 678 3676 766">
     <span class='ocr_line' id='line_1_20' title="bbox 2096 678 3676 766; baseline -0.001 -18"><span class='ocrx_word' id='word_1_116' title='bbox 2096 714 2115 748; x_wconf 79' lang='grc' dir='ltr'><strong>ι</strong></span> <span class='ocrx_word' id='word_1_117' title='bbox 2153 697 2392 762; x_wconf 88' lang='grc' dir='ltr'>ναικῶν,</span> <span class='ocrx_word' id='word_1_118' title='bbox 2440 694 2581 750; x_wconf 80' lang='grc' dir='ltr'>ὥστε</span> <span class='ocrx_word' id='word_1_119' title='bbox 2629 694 2773 749; x_wconf 85' lang='grc' dir='ltr'><strong>κατά</strong></span> <span class='ocrx_word' id='word_1_120' title='bbox 2798 678 2897 759; x_wconf 75' lang='grc' dir='ltr'><strong>τὰς</strong></span> <span class='ocrx_word' id='word_1_121' title='bbox 2939 693 3197 758; x_wconf 76' lang='grc' dir='ltr'><strong>πλατείας</strong></span> <span class='ocrx_word' id='word_1_122' title='bbox 3244 693 3499 766; x_wconf 75' lang='grc' dir='ltr'><strong>ἐκφέρειν</strong></span> <span class='ocrx_word' id='word_1_123' title='bbox 3548 693 3676 756; x_wconf 73' lang='grc' dir='ltr'>τοὺς</span> 
     </span>
    </p>
   </div>
   <div class='ocr_carea' id='block_1_21' title="bbox 2099 784 3675 858">
    <p class='ocr_par' dir='ltr' id='par_1_21' title="bbox 2099 784 3675 858">
     <span class='ocr_line' id='line_1_21' title="bbox 2099 784 3675 858; baseline -0.003 -15"><span class='ocrx_word' id='word_1_124' title='bbox 2099 809 2117 843; x_wconf 79' lang='grc' dir='ltr'><strong>ι</strong></span> <span class='ocrx_word' id='word_1_125' title='bbox 2161 788 2427 854; x_wconf 79' lang='grc' dir='ltr'><strong>ἀσθενεῖς,</strong></span> <span class='ocrx_word' id='word_1_126' title='bbox 2475 789 2567 842; x_wconf 73' lang='grc' dir='ltr'>καὶ</span> <span class='ocrx_word' id='word_1_127' title='bbox 2591 787 2797 843; x_wconf 79' lang='grc' dir='ltr'><strong>τιθέναι</strong></span> <span class='ocrx_word' id='word_1_128' title='bbox 2824 786 2918 841; x_wconf 73' lang='grc' dir='ltr'><strong>ἐπὶ</strong></span> <span class='ocrx_word' id='word_1_129' title='bbox 2960 784 3158 841; x_wconf 86' lang='grc' dir='ltr'>κλινῶν</span> <span class='ocrx_word' id='word_1_130' title='bbox 3205 787 3298 841; x_wconf 71' lang='grc' dir='ltr'><strong>καὶ</strong></span> <span class='ocrx_word' id='word_1_131' title='bbox 3329 786 3675 858; x_wconf 76' lang='grc' dir='ltr'>κραϐὁάτων,</span> 
     </span>
    </p>
   </div>
   <div class='ocr_carea' id='block_1_22' title="bbox 2099 876 3679 952">
    <p class='ocr_par' dir='ltr' id='par_1_22' title="bbox 2099 876 3679 952">
     <span class='ocr_line' id='line_1_22' title="bbox 2099 876 3679 952; baseline -0.003 -18"><span class='ocrx_word' id='word_1_132' title='bbox 2099 900 2119 934; x_wconf 79' lang='grc' dir='ltr'><strong>ι</strong></span> <span class='ocrx_word' id='word_1_133' title='bbox 2159 881 2246 934; x_wconf 80' lang='grc' dir='ltr'>ἵνα</span> <span class='ocrx_word' id='word_1_134' title='bbox 2287 878 2584 952; x_wconf 82' lang='grc' dir='ltr'><strong>ἐρχομένου</strong></span> <span class='ocrx_word' id='word_1_135' title='bbox 2621 878 2829 950; x_wconf 87' lang='grc' dir='ltr'>Πέτρου</span> <span class='ocrx_word' id='word_1_136' title='bbox 2877 878 3043 950; x_wconf 79' lang='grc' dir='ltr'><strong>κᾶνη</strong></span> <span class='ocrx_word' id='word_1_137' title='bbox 3098 878 3225 931; x_wconf 87' lang='grc' dir='ltr'><strong>σκιά</strong></span> <span class='ocrx_word' id='word_1_138' title='bbox 3246 876 3542 950; x_wconf 81' lang='grc' dir='ltr'>ὲπισκιάσῃ</span> <span class='ocrx_word' id='word_1_139' title='bbox 3569 877 3679 932; x_wconf 67' lang='grc' dir='ltr'>τινὶ.</span> 
     </span>
    </p>
   </div>
   <div class='ocr_carea' id='block_1_23' title="bbox 2101 969 3681 1044">
    <p class='ocr_par' dir='ltr' id='par_1_23' title="bbox 2101 969 3681 1044">
     <span class='ocr_line' id='line_1_23' title="bbox 2101 969 3681 1044; baseline -0.003 -17"><span class='ocrx_word' id='word_1_140' title='bbox 2101 992 2119 1027; x_wconf 84' lang='grc' dir='ltr'><strong>ι</strong></span> <span class='ocrx_word' id='word_1_141' title='bbox 2150 972 2353 1028; x_wconf 84' lang='grc' dir='ltr'>αὐτῶν.</span> <span class='ocrx_word' id='word_1_142' title='bbox 2410 972 2717 1044; x_wconf 83' lang='grc' dir='ltr'>Συνήρχετο</span> <span class='ocrx_word' id='word_1_143' title='bbox 2740 971 2795 1026; x_wconf 88' lang='grc' dir='ltr'>δὲ</span> <span class='ocrx_word' id='word_1_144' title='bbox 2823 971 2998 1026; x_wconf 80' lang='grc' dir='ltr'>καὶτὸ</span> <span class='ocrx_word' id='word_1_145' title='bbox 3025 969 3229 1041; x_wconf 79' lang='grc' dir='ltr'>πλῆθος</span> <span class='ocrx_word' id='word_1_146' title='bbox 3256 970 3365 1024; x_wconf 89' lang='grc' dir='ltr'><strong>τῶν</strong></span> <span class='ocrx_word' id='word_1_147' title='bbox 3396 969 3559 1041; x_wconf 77' lang='grc' dir='ltr'>πέριξ</span> <span class='ocrx_word' id='word_1_148' title='bbox 3580 970 3681 1023; x_wconf 88' lang='grc' dir='ltr'>πό-</span> 
     </span>
    </p>
   </div>
   <div class='ocr_carea' id='block_1_24' title="bbox 2103 1063 3682 1138">
    <p class='ocr_par' dir='ltr' id='par_1_24' title="bbox 2103 1063 3682 1138">
     <span class='ocr_line' id='line_1_24' title="bbox 2103 1063 3682 1138; baseline -0.001 -18"><span class='ocrx_word' id='word_1_149' title='bbox 2103 1084 2123 1120; x_wconf 83' lang='grc' dir='ltr'><strong>ι</strong></span> <span class='ocrx_word' id='word_1_150' title='bbox 2162 1066 2296 1120; x_wconf 89' lang='grc' dir='ltr'>λεων</span> <span class='ocrx_word' id='word_1_151' title='bbox 2322 1066 2402 1130; x_wconf 86' lang='grc' dir='ltr'><strong>είς</strong></span> <span class='ocrx_word' id='word_1_152' title='bbox 2429 1065 2807 1137; x_wconf 77' lang='grc' dir='ltr'>Ἰερουσαλὴμ,</span> <span class='ocrx_word' id='word_1_153' title='bbox 2828 1066 3083 1138; x_wconf 79' lang='grc' dir='ltr'>φέροντες</span> <span class='ocrx_word' id='word_1_154' title='bbox 3107 1063 3352 1127; x_wconf 75' lang='grc' dir='ltr'><strong>ἀσθενεῖς</strong></span> <span class='ocrx_word' id='word_1_155' title='bbox 3380 1065 3474 1119; x_wconf 76' lang='grc' dir='ltr'>καὶ</span> <span class='ocrx_word' id='word_1_156' title='bbox 3492 1065 3682 1136; x_wconf 84' lang='grc' dir='ltr'>ὀχλου-</span> 
     </span>
    </p>
   </div>
   <div class='ocr_carea' id='block_1_25' title="bbox 2105 1157 3685 1231">
    <p class='ocr_par' dir='ltr' id='par_1_25' title="bbox 2105 1157 3685 1231">
     <span class='ocr_line' id='line_1_25' title="bbox 2105 1157 3685 1231; baseline 0.001 -19"><span class='ocrx_word' id='word_1_157' title='bbox 2105 1178 2124 1212; x_wconf 78' lang='grc' dir='ltr'><strong>ι</strong></span> <span class='ocrx_word' id='word_1_158' title='bbox 2163 1157 2359 1231; x_wconf 86' lang='grc' dir='ltr'>μένους</span> <span class='ocrx_word' id='word_1_159' title='bbox 2392 1157 2497 1212; x_wconf 79' lang='grc' dir='ltr'>ὑπὸ</span> <span class='ocrx_word' id='word_1_160' title='bbox 2522 1158 2851 1231; x_wconf 83' lang='grc' dir='ltr'>πνευμάτων</span> <span class='ocrx_word' id='word_1_161' title='bbox 2877 1157 3224 1231; x_wconf 76' lang='grc' dir='ltr'><strong>ἀκαθάρτων,</strong></span> <span class='ocrx_word' id='word_1_162' title='bbox 3251 1157 3448 1222; x_wconf 85' lang='grc' dir='ltr'>οίτινες</span> <span class='ocrx_word' id='word_1_163' title='bbox 3489 1158 3685 1228; x_wconf 74' lang='grc' dir='ltr'>ἐθερα-</span> 
     </span>
    </p>
   </div>
   <div class='ocr_carea' id='block_1_26' title="bbox 2106 1250 2764 1316">
    <p class='ocr_par' dir='ltr' id='par_1_26' title="bbox 2106 1250 2764 1316">
     <span class='ocr_line' id='line_1_26' title="bbox 2106 1250 2764 1316; baseline 0.002 -12"><span class='ocrx_word' id='word_1_164' title='bbox 2106 1270 2125 1305; x_wconf 79' lang='grc' dir='ltr'><strong>ι</strong></span> <span class='ocrx_word' id='word_1_165' title='bbox 2170 1250 2399 1306; x_wconf 86' lang='grc' dir='ltr'>πεύοντο</span> <span class='ocrx_word' id='word_1_166' title='bbox 2438 1251 2699 1316; x_wconf 75' lang='grc' dir='ltr'>ἅπαντες.</span> <span class='ocrx_word' id='word_1_167' title='bbox 2744 1270 2764 1305; x_wconf 74' lang='grc' dir='ltr'><strong>ι</strong></span> 
     </span>
    </p>
   </div>
   <div class='ocr_carea' id='block_1_27' title="bbox 2174 1344 3682 1416">
    <p class='ocr_par' dir='ltr' id='par_1_27' title="bbox 2174 1344 3682 1416">
     <span class='ocr_line' id='line_1_27' title="bbox 2174 1344 3682 1416; baseline 0 -18"><span class='ocrx_word' id='word_1_168' title='bbox 2174 1345 2315 1416; x_wconf 87' lang='grc' dir='ltr'>Ὅρα</span> <span class='ocrx_word' id='word_1_169' title='bbox 2352 1344 2410 1399; x_wconf 87' lang='grc' dir='ltr'><strong>δέ</strong></span> <span class='ocrx_word' id='word_1_170' title='bbox 2443 1362 2536 1416; x_wconf 86' lang='grc' dir='ltr'><strong>μοι</strong></span> <span class='ocrx_word' id='word_1_171' title='bbox 2582 1345 2699 1409; x_wconf 87' lang='grc' dir='ltr'><strong>πῶς</strong></span> <span class='ocrx_word' id='word_1_172' title='bbox 2725 1345 2754 1397; x_wconf 84' lang='grc' dir='ltr'>ὁ</span> <span class='ocrx_word' id='word_1_173' title='bbox 2777 1344 2887 1398; x_wconf 85' lang='grc' dir='ltr'><strong>τῶν</strong></span> <span class='ocrx_word' id='word_1_174' title='bbox 2910 1344 3221 1399; x_wconf 82' lang='grc' dir='ltr'>ἀποστόλων</span> <span class='ocrx_word' id='word_1_175' title='bbox 3255 1344 3515 1414; x_wconf 79' lang='grc' dir='ltr'>ύφαίνετο</span> <span class='ocrx_word' id='word_1_176' title='bbox 3546 1344 3682 1414; x_wconf 86' lang='grc' dir='ltr'>βίος.</span> 
     </span>
    </p>
   </div>
   <div class='ocr_carea' id='block_1_28' title="bbox 2114 1432 3687 1509">
    <p class='ocr_par' dir='ltr' id='par_1_28' title="bbox 2114 1432 3687 1509">
     <span class='ocr_line' id='line_1_28' title="bbox 2114 1432 3687 1509; baseline -0.001 -18"><span class='ocrx_word' id='word_1_177' title='bbox 2114 1436 2348 1509; x_wconf 77' lang='grc' dir='ltr'>’Δθυμία</span> <span class='ocrx_word' id='word_1_178' title='bbox 2380 1435 2572 1507; x_wconf 82' lang='grc' dir='ltr'>πρώτη</span> <span class='ocrx_word' id='word_1_179' title='bbox 2606 1438 2797 1507; x_wconf 89' lang='grc' dir='ltr'>γέγονε</span> <span class='ocrx_word' id='word_1_180' title='bbox 2830 1436 2918 1491; x_wconf 74' lang='grc' dir='ltr'>διὰ</span> <span class='ocrx_word' id='word_1_181' title='bbox 2956 1437 3058 1508; x_wconf 85' lang='grc' dir='ltr'>τὴν</span> <span class='ocrx_word' id='word_1_182' title='bbox 3090 1437 3379 1508; x_wconf 81' lang='grc' dir='ltr'>ἀνάληψιν.</span> <span class='ocrx_word' id='word_1_183' title='bbox 3429 1432 3561 1491; x_wconf 84' lang='grc' dir='ltr'>Εῐτα</span> <span class='ocrx_word' id='word_1_184' title='bbox 3591 1437 3687 1489; x_wconf 85' lang='grc' dir='ltr'>εύ-</span> 
     </span>
    </p>
   </div>
   <div class='ocr_carea' id='block_1_29' title="bbox 2104 1529 3688 1604">
    <p class='ocr_par' dir='ltr' id='par_1_29' title="bbox 2104 1529 3688 1604">
     <span class='ocr_line' id='line_1_29' title="bbox 2104 1529 3688 1604; baseline -0.001 -19"><span class='ocrx_word' id='word_1_185' title='bbox 2104 1531 2274 1604; x_wconf 86' lang='grc' dir='ltr'>θυμία</span> <span class='ocrx_word' id='word_1_186' title='bbox 2313 1530 2401 1586; x_wconf 83' lang='grc' dir='ltr'><strong>διά</strong></span> <span class='ocrx_word' id='word_1_187' title='bbox 2430 1531 2528 1603; x_wconf 80' lang='grc' dir='ltr'>τὴν</span> <span class='ocrx_word' id='word_1_188' title='bbox 2565 1529 2659 1585; x_wconf 81' lang='grc' dir='ltr'>τοῦ</span> <span class='ocrx_word' id='word_1_189' title='bbox 2689 1530 3005 1602; x_wconf 74' lang='grc' dir='ltr'>Πνεύματος</span> <span class='ocrx_word' id='word_1_190' title='bbox 3047 1530 3292 1586; x_wconf 82' lang='grc' dir='ltr'>κάθοδον.</span> <span class='ocrx_word' id='word_1_191' title='bbox 3356 1531 3522 1585; x_wconf 81' lang='grc' dir='ltr'>Πάλιν</span> <span class='ocrx_word' id='word_1_192' title='bbox 3554 1530 3688 1585; x_wconf 87' lang='grc' dir='ltr'>ἀθυ-</span> 
     </span>
    </p>
   </div>
   <div class='ocr_carea' id='block_1_30' title="bbox 2108 1618 3785 1696">
    <p class='ocr_par' dir='ltr' id='par_1_30' title="bbox 2108 1618 3785 1696">
     <span class='ocr_line' id='line_1_30' title="bbox 2108 1618 3785 1696; baseline -0.003 -18"><span class='ocrx_word' id='word_1_193' title='bbox 2108 1626 2207 1696; x_wconf 89' lang='grc' dir='ltr'><strong>μία</strong></span> <span class='ocrx_word' id='word_1_194' title='bbox 2238 1624 2326 1679; x_wconf 80' lang='grc' dir='ltr'>διὰ</span> <span class='ocrx_word' id='word_1_195' title='bbox 2370 1624 2498 1689; x_wconf 83' lang='grc' dir='ltr'>τοὺς</span> <span class='ocrx_word' id='word_1_196' title='bbox 2550 1623 2934 1696; x_wconf 80' lang='grc' dir='ltr'>χλευάζοντας,</span> <span class='ocrx_word' id='word_1_197' title='bbox 2993 1618 3110 1678; x_wconf 75' lang='grc' dir='ltr'>εἶτα</span> <span class='ocrx_word' id='word_1_198' title='bbox 3150 1623 3385 1695; x_wconf 78' lang='grc' dir='ltr'>εὐθυμία</span> <span class='ocrx_word' id='word_1_199' title='bbox 3429 1623 3518 1678; x_wconf 88' lang='grc' dir='ltr'><strong>διά</strong></span> <span class='ocrx_word' id='word_1_200' title='bbox 3557 1623 3689 1687; x_wconf 73' lang='grc' dir='ltr'>τοὺς</span> <span class='ocrx_word' id='word_1_201' title='bbox 3776 1668 3785 1673; x_wconf 72' lang='grc'><strong>,</strong></span> 
     </span>
    </p>
   </div>
   <div class='ocr_carea' id='block_1_31' title="bbox 2105 1711 3690 1787">
    <p class='ocr_par' dir='ltr' id='par_1_31' title="bbox 2105 1711 3690 1787">
     <span class='ocr_line' id='line_1_31' title="bbox 2105 1711 3690 1787; baseline 0.001 -19"><span class='ocrx_word' id='word_1_202' title='bbox 2105 1711 2329 1779; x_wconf 76' lang='grc' dir='ltr'>πιστοὺς</span> <span class='ocrx_word' id='word_1_203' title='bbox 2360 1714 2456 1769; x_wconf 75' lang='grc' dir='ltr'><strong>καὶ</strong></span> <span class='ocrx_word' id='word_1_204' title='bbox 2481 1715 2541 1769; x_wconf 74' lang='grc' dir='ltr'>τὸ</span> <span class='ocrx_word' id='word_1_205' title='bbox 2572 1718 2816 1787; x_wconf 86' lang='grc' dir='ltr'>σημεῖον.</span> <span class='ocrx_word' id='word_1_206' title='bbox 2869 1715 3037 1769; x_wconf 78' lang='grc' dir='ltr'>Πάλιν</span> <span class='ocrx_word' id='word_1_207' title='bbox 3070 1716 3279 1787; x_wconf 80' lang='grc' dir='ltr'>ἀθυμία</span> <span class='ocrx_word' id='word_1_208' title='bbox 3302 1716 3391 1770; x_wconf 86' lang='grc' dir='ltr'><strong>διά</strong></span> <span class='ocrx_word' id='word_1_209' title='bbox 3431 1716 3491 1769; x_wconf 82' lang='grc' dir='ltr'><strong>τὸ</strong></span> <span class='ocrx_word' id='word_1_210' title='bbox 3519 1732 3690 1770; x_wconf 85' lang='grc' dir='ltr'>κατα-</span> 
     </span>
    </p>
   </div>
   <div class='ocr_carea' id='block_1_32' title="bbox 342 1794 2009 1881">
    <p class='ocr_par' dir='ltr' id='par_1_32' title="bbox 342 1794 2003 1869">
     <span class='ocr_line' id='line_1_32' title="bbox 342 1794 2003 1869; baseline -0.006 -12"><span class='ocrx_word' id='word_1_211' title='bbox 342 1798 351 1805; x_wconf 83' lang='grc'><em>’</em></span> <span class='ocrx_word' id='word_1_212' title='bbox 430 1805 497 1856; x_wconf 89' lang='lat' dir='ltr'><strong>ad</strong></span> <span class='ocrx_word' id='word_1_213' title='bbox 530 1801 645 1856; x_wconf 62' lang='lat' dir='ltr'><strong>haec</strong></span> <span class='ocrx_word' id='word_1_214' title='bbox 702 1799 932 1855; x_wconf 86' lang='lat' dir='ltr'><strong>tristitia</strong></span> <span class='ocrx_word' id='word_1_215' title='bbox 989 1797 1137 1869; x_wconf 91' lang='lat' dir='ltr'><strong>quod</strong></span> <span class='ocrx_word' id='word_1_216' title='bbox 1194 1804 1536 1864; x_wconf 88' lang='lat' dir='ltr'><strong>tenerentur,</strong></span> <span class='ocrx_word' id='word_1_217' title='bbox 1577 1796 1777 1851; x_wconf 86' lang='lat' dir='ltr'><strong>deinde</strong></span> <span class='ocrx_word' id='word_1_218' title='bbox 1816 1794 2003 1849; x_wconf 59' lang='lat' dir='ltr'><strong>laetitia</strong></span> 
     </span>
    </p>
   </div>
   <div class='ocr_carea' id='block_1_33' title="bbox 2123 1794 3689 1881">
    <p class='ocr_par' dir='ltr' id='par_1_33' title="bbox 2123 1805 3689 1881">
     <span class='ocr_line' id='line_1_33' title="bbox 2123 1805 3689 1881; baseline -0.002 -18"><span class='ocrx_word' id='word_1_219' title='bbox 2123 1808 2403 1881; x_wconf 74' lang='grc' dir='ltr'>τχεθῆναι,</span> <span class='ocrx_word' id='word_1_220' title='bbox 2466 1805 2583 1862; x_wconf 75' lang='grc' dir='ltr'>εἶτα</span> <span class='ocrx_word' id='word_1_221' title='bbox 2642 1808 2874 1879; x_wconf 79' lang='grc' dir='ltr'>εὐθυμία</span> <span class='ocrx_word' id='word_1_222' title='bbox 2920 1808 3005 1863; x_wconf 87' lang='grc' dir='ltr'><strong>διά</strong></span> <span class='ocrx_word' id='word_1_223' title='bbox 3036 1808 3134 1879; x_wconf 81' lang='grc' dir='ltr'>τῆς</span> <span class='ocrx_word' id='word_1_224' title='bbox 3164 1808 3476 1878; x_wconf 86' lang='grc' dir='ltr'>ἀπολογίας.</span> <span class='ocrx_word' id='word_1_225' title='bbox 3521 1808 3689 1863; x_wconf 87' lang='grc' dir='ltr'>Πάλιν</span> 
     </span>
    </p>
   </div>
   <div class='ocr_carea' id='block_1_34' title="bbox 429 1887 2009 1973">
    <p class='ocr_par' dir='ltr' id='par_1_34' title="bbox 429 1888 2004 1965">
     <span class='ocr_line' id='line_1_34' title="bbox 429 1888 2004 1965; baseline -0.005 -17"><span class='ocrx_word' id='word_1_226' title='bbox 429 1901 652 1965; x_wconf 85' lang='lat' dir='ltr'><strong>propter</strong></span> <span class='ocrx_word' id='word_1_227' title='bbox 685 1891 1119 1964; x_wconf 82' lang='lat' dir='ltr'><strong>responsionem.</strong></span> <span class='ocrx_word' id='word_1_228' title='bbox 1157 1891 1359 1947; x_wconf 89' lang='lat' dir='ltr'><strong>lterum</strong></span> <span class='ocrx_word' id='word_1_229' title='bbox 1393 1891 1484 1946; x_wconf 81' lang='lat' dir='ltr'><strong>hic</strong></span> <span class='ocrx_word' id='word_1_230' title='bbox 1510 1906 1540 1945; x_wconf 86' lang='lat' dir='ltr'><strong>a</strong></span> <span class='ocrx_word' id='word_1_231' title='bbox 1598 1889 1769 1961; x_wconf 80' lang='lat' dir='ltr'><strong>signis</strong></span> <span class='ocrx_word' id='word_1_232' title='bbox 1799 1898 1853 1945; x_wconf 91' lang='lat' dir='ltr'><strong>et</strong></span> <span class='ocrx_word' id='word_1_233' title='bbox 1876 1888 2004 1942; x_wconf 88' lang='lat' dir='ltr'><strong>illu-</strong></span> 
     </span>
    </p>
   </div>
   <div class='ocr_carea' id='block_1_35' title="bbox 2123 1887 3691 1973">
    <p class='ocr_par' dir='ltr' id='par_1_35' title="bbox 2123 1899 3691 1973">
     <span class='ocr_line' id='line_1_35' title="bbox 2123 1899 3691 1973; baseline -0.001 -19"><span class='ocrx_word' id='word_1_234' title='bbox 2123 1900 2339 1955; x_wconf 70' lang='grc' dir='ltr'>ενταῦθα</span> <span class='ocrx_word' id='word_1_235' title='bbox 2391 1900 2499 1955; x_wconf 81' lang='grc' dir='ltr'>ἀπὸ</span> <span class='ocrx_word' id='word_1_236' title='bbox 2550 1899 2656 1955; x_wconf 87' lang='grc' dir='ltr'><strong>τῶν</strong></span> <span class='ocrx_word' id='word_1_237' title='bbox 2718 1900 2960 1973; x_wconf 83' lang='grc' dir='ltr'>σημείων</span> <span class='ocrx_word' id='word_1_238' title='bbox 3020 1900 3117 1955; x_wconf 73' lang='grc' dir='ltr'><strong>καὶ</strong></span> <span class='ocrx_word' id='word_1_239' title='bbox 3163 1902 3261 1972; x_wconf 87' lang='grc' dir='ltr'>τῆς</span> <span class='ocrx_word' id='word_1_240' title='bbox 3309 1901 3691 1972; x_wconf 73' lang='grc' dir='ltr'>λαμπρότητος</span> 
     </span>
    </p>
   </div>
   <div class='ocr_carea' id='block_1_36' title="bbox 429 1981 2009 2062">
    <p class='ocr_par' dir='ltr' id='par_1_36' title="bbox 429 1981 2001 2060">
     <span class='ocr_line' id='line_1_36' title="bbox 429 1981 2001 2060; baseline -0.005 -17"><span class='ocrx_word' id='word_1_241' title='bbox 429 1986 699 2043; x_wconf 86' lang='lat' dir='ltr'><strong>stratione</strong></span> <span class='ocrx_word' id='word_1_242' title='bbox 752 1986 965 2053; x_wconf 83' lang='lat' dir='ltr'><strong>laetitia,</strong></span> <span class='ocrx_word' id='word_1_243' title='bbox 998 1984 1093 2041; x_wconf 89' lang='lat' dir='ltr'><strong>sed</strong></span> <span class='ocrx_word' id='word_1_244' title='bbox 1121 2000 1151 2040; x_wconf 91' lang='lat' dir='ltr'><strong>a</strong></span> <span class='ocrx_word' id='word_1_245' title='bbox 1171 1999 1388 2060; x_wconf 74' lang='lat' dir='ltr'><strong>summo</strong></span> <span class='ocrx_word' id='word_1_246' title='bbox 1413 1982 1697 2040; x_wconf 90' lang='lat' dir='ltr'><strong>sacerdote</strong></span> <span class='ocrx_word' id='word_1_247' title='bbox 1719 1991 1773 2039; x_wconf 89' lang='lat' dir='ltr'><strong>et</strong></span> <span class='ocrx_word' id='word_1_248' title='bbox 1807 1981 2001 2053; x_wconf 83' lang='lat' dir='ltr'><strong>bisqui</strong></span> 
     </span>
    </p>
   </div>
   <div class='ocr_carea' id='block_1_37' title="bbox 2123 1981 3692 2062">
    <p class='ocr_par' dir='ltr' id='par_1_37' title="bbox 2123 1987 3692 2062">
     <span class='ocr_line' id='line_1_37' title="bbox 2123 1987 3692 2062; baseline 0 -20"><span class='ocrx_word' id='word_1_249' title='bbox 2123 1988 2358 2062; x_wconf 62' lang='grc' dir='ltr'>εὐθυμία,</span> <span class='ocrx_word' id='word_1_250' title='bbox 2388 1987 2496 2044; x_wconf 79' lang='grc' dir='ltr'><strong>ἀπὸ</strong></span> <span class='ocrx_word' id='word_1_251' title='bbox 2536 1988 2594 2043; x_wconf 84' lang='grc' dir='ltr'>δὲ</span> <span class='ocrx_word' id='word_1_252' title='bbox 2624 1987 2718 2041; x_wconf 81' lang='grc' dir='ltr'>τοῦ</span> <span class='ocrx_word' id='word_1_253' title='bbox 2763 1988 3063 2060; x_wconf 79' lang='grc' dir='ltr'>ἀρχιερέως</span> <span class='ocrx_word' id='word_1_254' title='bbox 3102 1990 3196 2043; x_wconf 67' lang='grc' dir='ltr'>καὶ</span> <span class='ocrx_word' id='word_1_255' title='bbox 3247 1989 3357 2043; x_wconf 84' lang='grc' dir='ltr'><strong>τῶν</strong></span> <span class='ocrx_word' id='word_1_256' title='bbox 3397 1989 3692 2043; x_wconf 78' lang='grc' dir='ltr'>συλλαϐόν-</span> 
     </span>
    </p>
   </div>
   <div class='ocr_carea' id='block_1_38' title="bbox 434 2076 2005 2152">
    <p class='ocr_par' dir='ltr' id='par_1_38' title="bbox 434 2076 2005 2152">
     <span class='ocr_line' id='line_1_38' title="bbox 434 2076 2005 2152; baseline -0.004 -15"><span class='ocrx_word' id='word_1_257' title='bbox 434 2097 532 2138; x_wconf 85' lang='lat' dir='ltr'><strong>eos</strong></span> <span class='ocrx_word' id='word_1_258' title='bbox 591 2078 1127 2152; x_wconf 85' lang='lat' dir='ltr'><strong>comprehenderunt</strong></span> <span class='ocrx_word' id='word_1_259' title='bbox 1179 2077 1426 2136; x_wconf 87' lang='lat' dir='ltr'><strong>tristitia.</strong></span> <span class='ocrx_word' id='word_1_260' title='bbox 1489 2076 1731 2149; x_wconf 84' lang='lat' dir='ltr'><strong>ldipsum</strong></span> <span class='ocrx_word' id='word_1_261' title='bbox 1787 2089 2005 2147; x_wconf 90' lang='lat' dir='ltr'><strong>quoque</strong></span> 
     </span>
    </p>
   </div>
   <div class='ocr_carea' id='block_1_39' title="bbox 427 2166 2003 2243">
    <p class='ocr_par' dir='ltr' id='par_1_39' title="bbox 427 2166 2003 2243">
     <span class='ocr_line' id='line_1_39' title="bbox 427 2166 2003 2243; baseline -0.004 -15"><span class='ocrx_word' id='word_1_262' title='bbox 427 2172 572 2243; x_wconf 89' lang='lat' dir='ltr'><strong>apud</strong></span> <span class='ocrx_word' id='word_1_263' title='bbox 627 2181 844 2228; x_wconf 82' lang='lat' dir='ltr'><strong>veteres</strong></span> <span class='ocrx_word' id='word_1_264' title='bbox 872 2177 1143 2242; x_wconf 82' lang='lat' dir='ltr'><strong>quotquot</strong></span> <span class='ocrx_word' id='word_1_265' title='bbox 1212 2169 1371 2241; x_wconf 78' lang='lat' dir='ltr'><strong>juxta</strong></span> <span class='ocrx_word' id='word_1_266' title='bbox 1411 2166 1508 2223; x_wconf 84' lang='lat' dir='ltr'><strong>Dei</strong></span> <span class='ocrx_word' id='word_1_267' title='bbox 1539 2174 1811 2240; x_wconf 76' lang='lat' dir='ltr'><strong>praecepta</strong></span> <span class='ocrx_word' id='word_1_268' title='bbox 1847 2166 2003 2221; x_wconf 76' lang='lat' dir='ltr'><strong>vixe-</strong></span> 
     </span>
    </p>
   </div>
   <div class='ocr_carea' id='block_1_40' title="bbox 428 2256 2005 2331">
    <p class='ocr_par' dir='ltr' id='par_1_40' title="bbox 428 2256 2005 2331">
     <span class='ocr_line' id='line_1_40' title="bbox 428 2256 2005 2331; baseline -0.003 -15"><span class='ocrx_word' id='word_1_269' title='bbox 428 2269 561 2316; x_wconf 87' lang='lat' dir='ltr'><strong>runt</strong></span> <span class='ocrx_word' id='word_1_270' title='bbox 608 2260 880 2331; x_wconf 84' lang='lat' dir='ltr'><strong>quispiam</strong></span> <span class='ocrx_word' id='word_1_271' title='bbox 926 2259 1171 2317; x_wconf 86' lang='lat' dir='ltr'><strong>invenire</strong></span> <span class='ocrx_word' id='word_1_272' title='bbox 1201 2259 1427 2331; x_wconf 90' lang='lat' dir='ltr'><strong>poterit.</strong></span> <span class='ocrx_word' id='word_1_273' title='bbox 1458 2256 1536 2314; x_wconf 82' lang='lat' dir='ltr'><strong>Ne</strong></span> <span class='ocrx_word' id='word_1_274' title='bbox 1564 2257 1783 2314; x_wconf 88' lang='lat' dir='ltr'><strong>mireris</strong></span> <span class='ocrx_word' id='word_1_275' title='bbox 1821 2266 2005 2313; x_wconf 88' lang='lat' dir='ltr'><strong>autem</strong></span> 
     </span>
    </p>
   </div>
   <div class='ocr_carea' id='block_1_41' title="bbox 427 2346 2006 2424">
    <p class='ocr_par' dir='ltr' id='par_1_41' title="bbox 427 2346 2006 2424">
     <span class='ocr_line' id='line_1_41' title="bbox 427 2346 2006 2424; baseline -0.003 -17"><span class='ocrx_word' id='word_1_276' title='bbox 427 2354 707 2424; x_wconf 88' lang='lat' dir='ltr'><strong>quomodo</strong></span> <span class='ocrx_word' id='word_1_277' title='bbox 739 2367 769 2407; x_wconf 89' lang='lat' dir='ltr'><strong>a</strong></span> <span class='ocrx_word' id='word_1_278' title='bbox 801 2351 921 2409; x_wconf 91' lang='lat' dir='ltr'><strong>suis</strong></span> <span class='ocrx_word' id='word_1_279' title='bbox 964 2351 1221 2409; x_wconf 85' lang='lat' dir='ltr'><strong>domibus</strong></span> <span class='ocrx_word' id='word_1_280' title='bbox 1268 2350 1638 2416; x_wconf 71' lang='lat' dir='ltr'><strong>discedentes,</strong></span> <span class='ocrx_word' id='word_1_281' title='bbox 1697 2349 1752 2404; x_wconf 93' lang='lat' dir='ltr'><strong>in</strong></span> <span class='ocrx_word' id='word_1_282' title='bbox 1802 2346 2006 2418; x_wconf 90' lang='lat' dir='ltr'><strong>templo</strong></span> 
     </span>
    </p>
   </div>
   <div class='ocr_carea' id='block_1_42' title="bbox 428 2424 2008 2514">
    <p class='ocr_par' dir='ltr' id='par_1_42' title="bbox 428 2424 2008 2514">
     <span class='ocr_line' id='line_1_42' title="bbox 428 2424 2008 2514; baseline -0.002 -17"><span class='ocrx_word' id='word_1_283' title='bbox 428 2444 965 2514; x_wconf 76' lang='lat' dir='ltr'><strong>versabanturjuxta</strong></span> <span class='ocrx_word' id='word_1_284' title='bbox 977 2424 1258 2514; x_wconf 57' lang='lat' dir='ltr'><strong>porticum</strong></span> <span class='ocrx_word' id='word_1_285' title='bbox 1284 2442 1622 2510; x_wconf 85' lang='lat' dir='ltr'><strong>Salomonis,</strong></span> <span class='ocrx_word' id='word_1_286' title='bbox 1656 2455 1709 2498; x_wconf 87' lang='lat' dir='ltr'><strong>et</strong></span> <span class='ocrx_word' id='word_1_287' title='bbox 1731 2440 2008 2512; x_wconf 92' lang='lat' dir='ltr'><strong>quomodo</strong></span> 
     </span>
    </p>
   </div>
   <div class='ocr_carea' id='block_1_43' title="bbox 430 2533 2011 2607">
    <p class='ocr_par' dir='ltr' id='par_1_43' title="bbox 430 2533 2011 2607">
     <span class='ocr_line' id='line_1_43' title="bbox 430 2533 2011 2607; baseline -0.003 -15"><span class='ocrx_word' id='word_1_288' title='bbox 430 2537 905 2607; x_wconf 84' lang='lat' dir='ltr'><strong>permittebantur.</strong></span> <span class='ocrx_word' id='word_1_289' title='bbox 963 2533 1084 2591; x_wconf 83' lang='lat' dir='ltr'><strong>Jam</strong></span> <span class='ocrx_word' id='word_1_290' title='bbox 1142 2536 1289 2593; x_wconf 86' lang='lat' dir='ltr'><strong>enim</strong></span> <span class='ocrx_word' id='word_1_291' title='bbox 1330 2536 1548 2592; x_wconf 90' lang='lat' dir='ltr'><strong>cunctis</strong></span> <span class='ocrx_word' id='word_1_292' title='bbox 1600 2533 1803 2590; x_wconf 90' lang='lat' dir='ltr'><strong>terrori</strong></span> <span class='ocrx_word' id='word_1_293' title='bbox 1851 2540 2011 2589; x_wconf 88' lang='lat' dir='ltr'><strong>erant</strong></span> 
     </span>
    </p>
   </div>
   <div class='ocr_carea' id='block_1_44' title="bbox 429 2626 2008 2703">
    <p class='ocr_par' dir='ltr' id='par_1_44' title="bbox 429 2626 2008 2703">
     <span class='ocr_line' id='line_1_44' title="bbox 429 2626 2008 2703; baseline -0.004 -16"><span class='ocrx_word' id='word_1_294' title='bbox 429 2641 657 2703; x_wconf 90' lang='lat' dir='ltr'><strong>propter</strong></span> <span class='ocrx_word' id='word_1_295' title='bbox 682 2628 1091 2685; x_wconf 83' lang='lat' dir='ltr'><strong>multitudinem</strong></span> <span class='ocrx_word' id='word_1_296' title='bbox 1122 2628 1406 2699; x_wconf 86' lang='lat' dir='ltr'><strong>signorum</strong></span> <span class='ocrx_word' id='word_1_297' title='bbox 1441 2643 1541 2699; x_wconf 90' lang='lat' dir='ltr'><strong>per</strong></span> <span class='ocrx_word' id='word_1_298' title='bbox 1588 2642 1684 2684; x_wconf 92' lang='lat' dir='ltr'><strong>eos</strong></span> <span class='ocrx_word' id='word_1_299' title='bbox 1710 2626 2008 2683; x_wconf 87' lang='lat' dir='ltr'><strong>editorum.</strong></span> 
     </span>
    </p>
   </div>
   <div class='ocr_carea' id='block_1_45' title="bbox 430 2720 2009 2795">
    <p class='ocr_par' dir='ltr' id='par_1_45' title="bbox 430 2720 2009 2795">
     <span class='ocr_line' id='line_1_45' title="bbox 430 2720 2009 2795; baseline -0.003 -14"><span class='ocrx_word' id='word_1_300' title='bbox 430 2725 569 2781; x_wconf 82' lang='lat' dir='ltr'><strong>Nam</strong></span> <span class='ocrx_word' id='word_1_301' title='bbox 624 2726 731 2782; x_wconf 88' lang='lat' dir='ltr'><strong>boc</strong></span> <span class='ocrx_word' id='word_1_302' title='bbox 774 2724 940 2781; x_wconf 89' lang='lat' dir='ltr'><strong>etiam</strong></span> <span class='ocrx_word' id='word_1_303' title='bbox 973 2723 1088 2779; x_wconf 83' lang='lat' dir='ltr'><strong>vult</strong></span> <span class='ocrx_word' id='word_1_304' title='bbox 1117 2723 1428 2795; x_wconf 83' lang='lat' dir='ltr'><strong>signiﬁcare</strong></span> <span class='ocrx_word' id='word_1_305' title='bbox 1462 2738 1530 2778; x_wconf 79' lang='lat' dir='ltr'><strong>ex</strong></span> <span class='ocrx_word' id='word_1_306' title='bbox 1557 2737 1623 2778; x_wconf 90' lang='lat' dir='ltr'><strong>eo</strong></span> <span class='ocrx_word' id='word_1_307' title='bbox 1671 2721 1819 2795; x_wconf 89' lang='lat' dir='ltr'><strong>quod</strong></span> <span class='ocrx_word' id='word_1_308' title='bbox 1879 2720 1958 2775; x_wconf 90' lang='lat' dir='ltr'><strong>ait</strong></span> <span class='ocrx_word' id='word_1_309' title='bbox 1992 2738 2009 2777; x_wconf 87' lang='lat'><strong>:</strong></span> 
     </span>
    </p>
   </div>
   <div class='ocr_carea' id='block_1_46' title="bbox 439 2813 2011 2889">
    <p class='ocr_par' dir='ltr' id='par_1_46' title="bbox 439 2813 2011 2889">
     <span class='ocr_line' id='line_1_46' title="bbox 439 2813 2011 2889; baseline -0.003 -16"><span class='ocrx_word' id='word_1_310' title='bbox 439 2839 460 2873; x_wconf 78' lang='grc' dir='ltr'><strong>ι</strong></span> <span class='ocrx_word' id='word_1_311' title='bbox 497 2819 602 2876; x_wconf 83' lang='lat' dir='ltr'><strong>Per</strong></span> <span class='ocrx_word' id='word_1_312' title='bbox 632 2834 827 2875; x_wconf 88' lang='lat' dir='ltr'><strong>manus</strong></span> <span class='ocrx_word' id='word_1_313' title='bbox 876 2833 1006 2874; x_wconf 93' lang='lat' dir='ltr'><strong>vero</strong></span> <span class='ocrx_word' id='word_1_314' title='bbox 1037 2816 1417 2889; x_wconf 89' lang='lat' dir='ltr'><strong>apostolorum</strong></span> <span class='ocrx_word' id='word_1_315' title='bbox 1442 2815 1759 2873; x_wconf 82' lang='lat' dir='ltr'><strong>edebantur</strong></span> <span class='ocrx_word' id='word_1_316' title='bbox 1776 2813 1930 2887; x_wconf 87' lang='lat' dir='ltr'><strong>signa</strong></span> <span class='ocrx_word' id='word_1_317' title='bbox 1955 2821 2011 2869; x_wconf 87' lang='lat' dir='ltr'><strong>et</strong></span> 
     </span>
    </p>
   </div>
   <div class='ocr_carea' id='block_1_47' title="bbox 398 2910 2009 2995">
    <p class='ocr_par' dir='ltr' id='par_1_47' title="bbox 398 2910 2009 2995">
     <span class='ocr_line' id='line_1_47' title="bbox 398 2910 2009 2995; baseline -0.004 -22"><span class='ocrx_word' id='word_1_318' title='bbox 398 2986 406 2995; x_wconf 7' lang='grc' dir='ltr'><strong>ρ</strong></span> <span class='ocrx_word' id='word_1_319' title='bbox 434 2916 688 2989; x_wconf 86' lang='lat' dir='ltr'><strong>prodigia</strong></span> <span class='ocrx_word' id='word_1_320' title='bbox 719 2915 887 2970; x_wconf 89' lang='lat' dir='ltr'><strong>multa</strong></span> <span class='ocrx_word' id='word_1_321' title='bbox 918 2914 975 2970; x_wconf 90' lang='lat' dir='ltr'><strong>in</strong></span> <span class='ocrx_word' id='word_1_322' title='bbox 1005 2913 1230 2986; x_wconf 88' lang='lat' dir='ltr'><strong>populo,</strong></span> <span class='ocrx_word' id='word_1_323' title='bbox 1273 2931 1292 2966; x_wconf 73' lang='grc' dir='ltr'><strong>ι</strong></span> <span class='ocrx_word' id='word_1_324' title='bbox 1328 2914 1627 2984; x_wconf 89' lang='lat' dir='ltr'><strong>statimque</strong></span> <span class='ocrx_word' id='word_1_325' title='bbox 1674 2910 1960 2982; x_wconf 72' lang='lat' dir='ltr'><strong>subiungit</strong></span> <span class='ocrx_word' id='word_1_326' title='bbox 1995 2929 2009 2967; x_wconf 88' lang='lat'><strong>:</strong></span> 
     </span>
    </p>
   </div>
   <div class='ocr_carea' id='block_1_48' title="bbox 438 3005 2013 3076">
    <p class='ocr_par' dir='ltr' id='par_1_48' title="bbox 438 3005 2013 3076">
     <span class='ocr_line' id='line_1_48' title="bbox 438 3005 2013 3076; baseline -0.001 -15"><span class='ocrx_word' id='word_1_327' title='bbox 438 3027 459 3061; x_wconf 76' lang='grc' dir='ltr'><strong>ι</strong></span> <span class='ocrx_word' id='word_1_328' title='bbox 498 3009 833 3065; x_wconf 81' lang='lat' dir='ltr'><strong>Caeterornm</strong></span> <span class='ocrx_word' id='word_1_329' title='bbox 868 3016 1053 3064; x_wconf 90' lang='lat' dir='ltr'><strong>autem</strong></span> <span class='ocrx_word' id='word_1_330' title='bbox 1081 3022 1245 3064; x_wconf 90' lang='lat' dir='ltr'><strong>nemo</strong></span> <span class='ocrx_word' id='word_1_331' title='bbox 1287 3005 1523 3062; x_wconf 88' lang='lat' dir='ltr'><strong>audebat</strong></span> <span class='ocrx_word' id='word_1_332' title='bbox 1577 3019 1637 3062; x_wconf 89' lang='lat' dir='ltr'><strong>se</strong></span> <span class='ocrx_word' id='word_1_333' title='bbox 1679 3005 2013 3076; x_wconf 86' lang='lat' dir='ltr'><strong>conjungere</strong></span> 
     </span>
    </p>
   </div>
   <div class='ocr_carea' id='block_1_49' title="bbox 434 3097 2014 3170">
    <p class='ocr_par' dir='ltr' id='par_1_49' title="bbox 434 3097 2014 3170">
     <span class='ocr_line' id='line_1_49' title="bbox 434 3097 2014 3170; baseline -0.001 -17"><span class='ocrx_word' id='word_1_334' title='bbox 434 3099 569 3169; x_wconf 87' lang='lat' dir='ltr'><strong>illis,</strong></span> <span class='ocrx_word' id='word_1_335' title='bbox 593 3117 613 3152; x_wconf 73' lang='grc' dir='ltr'><strong>ι</strong></span> <span class='ocrx_word' id='word_1_336' title='bbox 643 3098 748 3155; x_wconf 85' lang='lat' dir='ltr'><strong>hoc</strong></span> <span class='ocrx_word' id='word_1_337' title='bbox 778 3104 881 3164; x_wconf 88' lang='lat' dir='ltr'><strong>est,</strong></span> <span class='ocrx_word' id='word_1_338' title='bbox 913 3112 1092 3170; x_wconf 85' lang='lat' dir='ltr'><strong>neque</strong></span> <span class='ocrx_word' id='word_1_339' title='bbox 1115 3097 1181 3153; x_wconf 86' lang='lat' dir='ltr'><strong>ad</strong></span> <span class='ocrx_word' id='word_1_340' title='bbox 1213 3097 1368 3168; x_wconf 90' lang='lat' dir='ltr'><strong>ipsos</strong></span> <span class='ocrx_word' id='word_1_341' title='bbox 1400 3097 1689 3169; x_wconf 87' lang='lat' dir='ltr'><strong>quisquam</strong></span> <span class='ocrx_word' id='word_1_342' title='bbox 1714 3097 2014 3168; x_wconf 88' lang='lat' dir='ltr'><strong>appropin-</strong></span> 
     </span>
    </p>
   </div>
   <div class='ocr_carea' id='block_1_50' title="bbox 409 3188 2009 3262">
    <p class='ocr_par' dir='ltr' id='par_1_50' title="bbox 409 3188 2009 3262">
     <span class='ocr_line' id='line_1_50' title="bbox 409 3188 2009 3262; baseline 0.001 -22"><span class='ocrx_word' id='word_1_343' title='bbox 409 3205 607 3262; x_wconf 65' lang='lat' dir='ltr'><strong>square</strong></span> <span class='ocrx_word' id='word_1_344' title='bbox 622 3189 876 3246; x_wconf 89' lang='lat' dir='ltr'><strong>audebat.</strong></span> <span class='ocrx_word' id='word_1_345' title='bbox 891 3188 1002 3262; x_wconf 59' lang='grc' dir='ltr'><strong>ιθ</strong></span> <span class='ocrx_word' id='word_1_346' title='bbox 1023 3207 1041 3240; x_wconf 81' lang='grc' dir='ltr'><strong>ι</strong></span> <span class='ocrx_word' id='word_1_347' title='bbox 1065 3188 1168 3244; x_wconf 88' lang='lat' dir='ltr'><strong>Sed</strong></span> <span class='ocrx_word' id='word_1_348' title='bbox 1188 3188 1573 3261; x_wconf 81' lang='lat' dir='ltr'><strong>niagniﬁcabat</strong></span> <span class='ocrx_word' id='word_1_349' title='bbox 1590 3204 1685 3245; x_wconf 90' lang='lat' dir='ltr'><strong>eos</strong></span> <span class='ocrx_word' id='word_1_350' title='bbox 1703 3189 1959 3261; x_wconf 85' lang='lat' dir='ltr'><strong>populus.</strong></span> <span class='ocrx_word' id='word_1_351' title='bbox 1990 3207 2009 3242; x_wconf 79' lang='grc' dir='ltr'><strong>ι</strong></span> 
     </span>
    </p>
   </div>
   <div class='ocr_carea' id='block_1_51' title="bbox 437 3280 2017 3354">
    <p class='ocr_par' dir='ltr' id='par_1_51' title="bbox 437 3280 2017 3354">
     <span class='ocr_line' id='line_1_51' title="bbox 437 3280 2017 3354; baseline 0.001 -17"><span class='ocrx_word' id='word_1_352' title='bbox 437 3283 752 3350; x_wconf 82' lang='lat' dir='ltr'><strong>Quisnam?</strong></span> <span class='ocrx_word' id='word_1_353' title='bbox 806 3280 1093 3338; x_wconf 82' lang='lat' dir='ltr'><strong>Judaieus.</strong></span> <span class='ocrx_word' id='word_1_354' title='bbox 1146 3280 1335 3348; x_wconf 83' lang='lat' dir='ltr'><strong>Quos?</strong></span> <span class='ocrx_word' id='word_1_355' title='bbox 1386 3282 1708 3353; x_wconf 86' lang='lat' dir='ltr'><strong>Apostolos.</strong></span> <span class='ocrx_word' id='word_1_356' title='bbox 1766 3281 1832 3337; x_wconf 84' lang='lat' dir='ltr'><strong>Et</strong></span> <span class='ocrx_word' id='word_1_357' title='bbox 1883 3282 2017 3354; x_wconf 88' lang='lat' dir='ltr'><strong>quid</strong></span> 
     </span>
    </p>
   </div>
   <div class='ocr_carea' id='block_1_52' title="bbox 433 3371 2016 3446">
    <p class='ocr_par' dir='ltr' id='par_1_52' title="bbox 433 3371 2016 3446">
     <span class='ocr_line' id='line_1_52' title="bbox 433 3371 2016 3446; baseline -0.001 -17"><span class='ocrx_word' id='word_1_358' title='bbox 433 3380 554 3429; x_wconf 88' lang='lat' dir='ltr'><strong>erat</strong></span> <span class='ocrx_word' id='word_1_359' title='bbox 618 3372 1116 3446; x_wconf 85' lang='lat' dir='ltr'><strong>magnifaciendum</strong></span> <span class='ocrx_word' id='word_1_360' title='bbox 1149 3372 1172 3427; x_wconf 67' lang='lat'><strong><em>2</em></strong></span> <span class='ocrx_word' id='word_1_361' title='bbox 1206 3371 1362 3440; x_wconf 84' lang='lat' dir='ltr'><strong>Quod</strong></span> <span class='ocrx_word' id='word_1_362' title='bbox 1392 3373 1595 3430; x_wconf 85' lang='lat' dir='ltr'><strong>Christi</strong></span> <span class='ocrx_word' id='word_1_363' title='bbox 1628 3374 1751 3431; x_wconf 80' lang='lat' dir='ltr'><strong>ﬁdei</strong></span> <span class='ocrx_word' id='word_1_364' title='bbox 1781 3374 2016 3430; x_wconf 83' lang='lat' dir='ltr'><strong>assenti-</strong></span> 
     </span>
    </p>
   </div>
   <div class='ocr_carea' id='block_1_53' title="bbox 433 3466 2016 3537">
    <p class='ocr_par' dir='ltr' id='par_1_53' title="bbox 433 3466 2016 3537">
     <span class='ocr_line' id='line_1_53' title="bbox 433 3466 2016 3537; baseline -0.001 -15"><span class='ocrx_word' id='word_1_365' title='bbox 433 3474 578 3524; x_wconf 87' lang='lat' dir='ltr'><strong>rent.</strong></span> <span class='ocrx_word' id='word_1_366' title='bbox 608 3469 885 3523; x_wconf 65' lang='lat' dir='ltr'><strong>Praeterea</strong></span> <span class='ocrx_word' id='word_1_367' title='bbox 915 3466 1080 3521; x_wconf 90' lang='lat' dir='ltr'><strong>etiam</strong></span> <span class='ocrx_word' id='word_1_368' title='bbox 1106 3466 1256 3537; x_wconf 88' lang='lat' dir='ltr'><strong>quod</strong></span> <span class='ocrx_word' id='word_1_369' title='bbox 1290 3466 1539 3522; x_wconf 74' lang='lat' dir='ltr'><strong>infirmos</strong></span> <span class='ocrx_word' id='word_1_370' title='bbox 1587 3482 1720 3524; x_wconf 90' lang='lat' dir='ltr'><strong>suos</strong></span> <span class='ocrx_word' id='word_1_371' title='bbox 1756 3466 2016 3523; x_wconf 86' lang='lat' dir='ltr'><strong>eﬂ&#39;errent</strong></span> 
     </span>
    </p>
   </div>
   <div class='ocr_carea' id='block_1_54' title="bbox 435 3558 2018 3630">
    <p class='ocr_par' dir='ltr' id='par_1_54' title="bbox 435 3558 2018 3630">
     <span class='ocr_line' id='line_1_54' title="bbox 435 3558 2018 3630; baseline -0.001 -16"><span class='ocrx_word' id='word_1_372' title='bbox 435 3561 586 3615; x_wconf 71' lang='lat' dir='ltr'><strong>cives</strong></span> <span class='ocrx_word' id='word_1_373' title='bbox 627 3560 681 3615; x_wconf 92' lang='lat' dir='ltr'><strong>in</strong></span> <span class='ocrx_word' id='word_1_374' title='bbox 715 3561 869 3627; x_wconf 86' lang='lat' dir='ltr'><strong>vicos</strong></span> <span class='ocrx_word' id='word_1_375' title='bbox 908 3567 963 3615; x_wconf 85' lang='lat' dir='ltr'><strong>et</strong></span> <span class='ocrx_word' id='word_1_376' title='bbox 1016 3560 1227 3630; x_wconf 85' lang='lat' dir='ltr'><strong>plateas</strong></span> <span class='ocrx_word' id='word_1_377' title='bbox 1260 3558 1502 3617; x_wconf 87' lang='lat' dir='ltr'><strong>civitatis</strong></span> <span class='ocrx_word' id='word_1_378' title='bbox 1582 3560 1636 3614; x_wconf 92' lang='lat' dir='ltr'><strong>in</strong></span> <span class='ocrx_word' id='word_1_379' title='bbox 1698 3559 1916 3615; x_wconf 70' lang='lat' dir='ltr'><strong>lectulis</strong></span> <span class='ocrx_word' id='word_1_380' title='bbox 1962 3565 2018 3614; x_wconf 89' lang='lat' dir='ltr'><strong>et</strong></span> 
     </span>
    </p>
   </div>
   <div class='ocr_carea' id='block_1_55' title="bbox 436 3650 2017 3724">
    <p class='ocr_par' dir='ltr' id='par_1_55' title="bbox 436 3650 2017 3724">
     <span class='ocr_line' id='line_1_55' title="bbox 436 3650 2017 3724; baseline -0.001 -17"><span class='ocrx_word' id='word_1_381' title='bbox 436 3652 743 3723; x_wconf 80' lang='lat' dir='ltr'><strong>grabbatis,</strong></span> <span class='ocrx_word' id='word_1_382' title='bbox 825 3660 885 3707; x_wconf 90' lang='lat' dir='ltr'><strong>ut</strong></span> <span class='ocrx_word' id='word_1_383' title='bbox 942 3667 1041 3724; x_wconf 90' lang='lat' dir='ltr'><strong>per</strong></span> <span class='ocrx_word' id='word_1_384' title='bbox 1108 3652 1358 3707; x_wconf 90' lang='lat' dir='ltr'><strong>umbram</strong></span> <span class='ocrx_word' id='word_1_385' title='bbox 1432 3650 1577 3708; x_wconf 87' lang='lat' dir='ltr'><strong>Petri</strong></span> <span class='ocrx_word' id='word_1_386' title='bbox 1639 3651 2017 3723; x_wconf 85' lang='lat' dir='ltr'><strong>prolongatam</strong></span> 
     </span>
    </p>
   </div>
   <div class='ocr_carea' id='block_1_56' title="bbox 437 3742 2015 3817">
    <p class='ocr_par' dir='ltr' id='par_1_56' title="bbox 437 3742 2015 3817">
     <span class='ocr_line' id='line_1_56' title="bbox 437 3742 2015 3817; baseline 0.001 -19"><span class='ocrx_word' id='word_1_387' title='bbox 437 3742 1325 3817; x_wconf 84' lang='lat' dir='ltr'><strong>consequerentursalutem,quod</strong></span> <span class='ocrx_word' id='word_1_388' title='bbox 1343 3745 1396 3798; x_wconf 91' lang='lat' dir='ltr'><strong>in</strong></span> <span class='ocrx_word' id='word_1_389' title='bbox 1412 3743 1629 3800; x_wconf 85' lang='lat' dir='ltr'><strong>Christo</strong></span> <span class='ocrx_word' id='word_1_390' title='bbox 1642 3759 1748 3800; x_wconf 88' lang='lat' dir='ltr'><strong>non</strong></span> <span class='ocrx_word' id='word_1_391' title='bbox 1766 3743 2015 3815; x_wconf 87' lang='lat' dir='ltr'><strong>contigit.</strong></span> 
     </span>
    </p>
   </div>
   <div class='ocr_carea' id='block_1_57' title="bbox 441 3834 2013 3906">
    <p class='ocr_par' dir='ltr' id='par_1_57' title="bbox 441 3834 2013 3906">
     <span class='ocr_line' id='line_1_57' title="bbox 441 3834 2013 3906; baseline 0.001 -18"><span class='ocrx_word' id='word_1_392' title='bbox 441 3834 657 3892; x_wconf 89' lang='lat' dir='ltr'><strong>Sedille</strong></span> <span class='ocrx_word' id='word_1_393' title='bbox 679 3835 783 3891; x_wconf 86' lang='lat' dir='ltr'><strong>hoc</strong></span> <span class='ocrx_word' id='word_1_394' title='bbox 800 3851 1021 3906; x_wconf 89' lang='lat' dir='ltr'><strong>quoque</strong></span> <span class='ocrx_word' id='word_1_395' title='bbox 1044 3851 1183 3906; x_wconf 88' lang='lat' dir='ltr'><strong>opus</strong></span> <span class='ocrx_word' id='word_1_396' title='bbox 1230 3835 1562 3906; x_wconf 88' lang='lat' dir='ltr'><strong>promiserat</strong></span> <span class='ocrx_word' id='word_1_397' title='bbox 1586 3851 1710 3892; x_wconf 87' lang='lat' dir='ltr'><strong>cum</strong></span> <span class='ocrx_word' id='word_1_398' title='bbox 1758 3836 1967 3892; x_wconf 89' lang='lat' dir='ltr'><strong>diceret</strong></span> <span class='ocrx_word' id='word_1_399' title='bbox 1998 3850 2013 3889; x_wconf 89' lang='lat'><strong>:</strong></span> 
     </span>
    </p>
   </div>
   <div class='ocr_carea' id='block_1_58' title="bbox 444 3926 2018 4000">
    <p class='ocr_par' dir='ltr' id='par_1_58' title="bbox 444 3926 2018 4000">
     <span class='ocr_line' id='line_1_58' title="bbox 444 3926 2018 4000; baseline 0.003 -21"><span class='ocrx_word' id='word_1_400' title='bbox 444 3947 462 3979; x_wconf 76' lang='grc' dir='ltr'><strong>ι</strong></span> <span class='ocrx_word' id='word_1_401' title='bbox 477 3927 577 3995; x_wconf 80' lang='lat' dir='ltr'><strong>Qui</strong></span> <span class='ocrx_word' id='word_1_402' title='bbox 602 3927 776 3982; x_wconf 78' lang='lat' dir='ltr'><strong>credit</strong></span> <span class='ocrx_word' id='word_1_403' title='bbox 798 3928 853 3981; x_wconf 91' lang='lat' dir='ltr'><strong>in</strong></span> <span class='ocrx_word' id='word_1_404' title='bbox 874 3942 959 3982; x_wconf 91' lang='lat' dir='ltr'><strong>me</strong></span> <span class='ocrx_word' id='word_1_405' title='bbox 977 3942 1141 4000; x_wconf 86' lang='lat' dir='ltr'><strong>opera</strong></span> <span class='ocrx_word' id='word_1_406' title='bbox 1166 3943 1289 3998; x_wconf 68' lang='lat' dir='ltr'><strong>qua:</strong></span> <span class='ocrx_word' id='word_1_407' title='bbox 1307 3942 1407 3998; x_wconf 81' lang='lat' dir='ltr'><strong>ego</strong></span> <span class='ocrx_word' id='word_1_408' title='bbox 1429 3927 1569 3985; x_wconf 83' lang='lat' dir='ltr'><strong>facto</strong></span> <span class='ocrx_word' id='word_1_409' title='bbox 1582 3940 1635 3985; x_wconf 93' lang='lat' dir='ltr'><strong>et</strong></span> <span class='ocrx_word' id='word_1_410' title='bbox 1653 3929 1742 3984; x_wconf 90' lang='lat' dir='ltr'><strong>ille</strong></span> <span class='ocrx_word' id='word_1_411' title='bbox 1761 3926 1944 3996; x_wconf 74' lang='lat' dir='ltr'><strong>faciet,</strong></span> <span class='ocrx_word' id='word_1_412' title='bbox 1963 3936 2018 3984; x_wconf 92' lang='lat' dir='ltr'><strong>et</strong></span> 
     </span>
    </p>
   </div>
   <div class='ocr_carea' id='block_1_59' title="bbox 440 4017 2019 4092">
    <p class='ocr_par' dir='ltr' id='par_1_59' title="bbox 440 4017 2019 4092">
     <span class='ocr_line' id='line_1_59' title="bbox 440 4017 2019 4092; baseline 0.003 -19"><span class='ocrx_word' id='word_1_413' title='bbox 440 4019 529 4074; x_wconf 86' lang='lat' dir='ltr'><strong>bis</strong></span> <span class='ocrx_word' id='word_1_414' title='bbox 548 4017 755 4090; x_wconf 88' lang='lat' dir='ltr'><strong>majora</strong></span> <span class='ocrx_word' id='word_1_415' title='bbox 773 4017 939 4074; x_wconf 81' lang='lat' dir='ltr'><strong>faciet</strong></span> <span class='ocrx_word' id='word_1_416' title='bbox 963 4019 1028 4074; x_wconf 82' lang='grc'><strong>⁶’.</strong></span> <span class='ocrx_word' id='word_1_417' title='bbox 1046 4038 1064 4071; x_wconf 73' lang='grc' dir='ltr'><strong>ι</strong></span> <span class='ocrx_word' id='word_1_418' title='bbox 1093 4019 1276 4090; x_wconf 86' lang='lat' dir='ltr'><strong>itaque</strong></span> <span class='ocrx_word' id='word_1_419' title='bbox 1293 4021 1458 4075; x_wconf 88' lang='lat' dir='ltr'><strong>etiam</strong></span> <span class='ocrx_word' id='word_1_420' title='bbox 1479 4018 1594 4076; x_wconf 58' lang='lat' dir='ltr'><strong>iniec</strong></span> <span class='ocrx_word' id='word_1_421' title='bbox 1621 4035 1649 4075; x_wconf 90' lang='lat' dir='ltr'><strong>a</strong></span> <span class='ocrx_word' id='word_1_422' title='bbox 1666 4021 2019 4092; x_wconf 85' lang='lat' dir='ltr'><strong>promittente</strong></span> 
     </span>
    </p>
   </div>
   <div class='ocr_carea' id='block_1_60' title="bbox 442 4109 2020 4184">
    <p class='ocr_par' dir='ltr' id='par_1_60' title="bbox 442 4109 2020 4184">
     <span class='ocr_line' id='line_1_60' title="bbox 442 4109 2020 4184; baseline 0.005 -21"><span class='ocrx_word' id='word_1_423' title='bbox 442 4109 669 4167; x_wconf 80' lang='lat' dir='ltr'><strong>Christo</strong></span> <span class='ocrx_word' id='word_1_424' title='bbox 716 4111 1073 4181; x_wconf 84' lang='lat' dir='ltr'><strong>contigerunt</strong></span> <span class='ocrx_word' id='word_1_425' title='bbox 1095 4111 1384 4183; x_wconf 84' lang='lat' dir='ltr'><strong>apostolis,</strong></span> <span class='ocrx_word' id='word_1_426' title='bbox 1415 4123 1469 4168; x_wconf 89' lang='lat' dir='ltr'><strong>et</strong></span> <span class='ocrx_word' id='word_1_427' title='bbox 1495 4127 1627 4184; x_wconf 86' lang='lat' dir='ltr'><strong>erga</strong></span> <span class='ocrx_word' id='word_1_428' title='bbox 1651 4128 1747 4171; x_wconf 87' lang='lat' dir='ltr'><strong>eos</strong></span> <span class='ocrx_word' id='word_1_429' title='bbox 1785 4114 1880 4184; x_wconf 91' lang='lat' dir='ltr'><strong>qui</strong></span> <span class='ocrx_word' id='word_1_430' title='bbox 1902 4128 2020 4171; x_wconf 86' lang='lat' dir='ltr'><strong>cre-</strong></span> 
     </span>
    </p>
   </div>
   <div class='ocr_carea' id='block_1_61' title="bbox 447 4194 2021 4275">
    <p class='ocr_par' dir='ltr' id='par_1_61' title="bbox 447 4194 2021 4275">
     <span class='ocr_line' id='line_1_61' title="bbox 447 4194 2021 4275; baseline 0.006 -25"><span class='ocrx_word' id='word_1_431' title='bbox 447 4194 652 4252; x_wconf 73' lang='lat' dir='ltr'><strong>dobant</strong></span> <span class='ocrx_word' id='word_1_432' title='bbox 681 4205 879 4270; x_wconf 87' lang='lat' dir='ltr'><strong>eterga</strong></span> <span class='ocrx_word' id='word_1_433' title='bbox 903 4214 999 4256; x_wconf 90' lang='lat' dir='ltr'><strong>eos</strong></span> <span class='ocrx_word' id='word_1_434' title='bbox 1018 4200 1113 4271; x_wconf 89' lang='lat' dir='ltr'><strong>qui</strong></span> <span class='ocrx_word' id='word_1_435' title='bbox 1173 4201 1515 4257; x_wconf 77' lang='lat' dir='ltr'><strong>curabuntur</strong></span> <span class='ocrx_word' id='word_1_436' title='bbox 1544 4211 1601 4258; x_wconf 88' lang='lat' dir='ltr'><strong>et</strong></span> <span class='ocrx_word' id='word_1_437' title='bbox 1627 4203 1779 4259; x_wconf 89' lang='lat' dir='ltr'><strong>circa</strong></span> <span class='ocrx_word' id='word_1_438' title='bbox 1811 4218 1907 4260; x_wconf 84' lang='lat' dir='ltr'><strong>eos</strong></span> <span class='ocrx_word' id='word_1_439' title='bbox 1925 4206 2021 4275; x_wconf 90' lang='lat' dir='ltr'><strong>qui</strong></span> 
     </span>
    </p>
   </div>
   <div class='ocr_carea' id='block_1_62' title="bbox 443 4289 2026 4367">
    <p class='ocr_par' dir='ltr' id='par_1_62' title="bbox 443 4289 2026 4367">
     <span class='ocr_line' id='line_1_62' title="bbox 443 4289 2026 4367; baseline 0.004 -23"><span class='ocrx_word' id='word_1_440' title='bbox 443 4289 843 4359; x_wconf 84' lang='lat' dir='ltr'><strong>puniebantur,</strong></span> <span class='ocrx_word' id='word_1_441' title='bbox 880 4291 1063 4363; x_wconf 85' lang='lat' dir='ltr'><strong>qualis</strong></span> <span class='ocrx_word' id='word_1_442' title='bbox 1086 4291 1191 4347; x_wconf 79' lang='lat' dir='ltr'><strong>fuit</strong></span> <span class='ocrx_word' id='word_1_443' title='bbox 1218 4292 1487 4349; x_wconf 85' lang='lat' dir='ltr'><strong>Ananias.</strong></span> <span class='ocrx_word' id='word_1_444' title='bbox 1535 4293 1672 4350; x_wconf 85' lang='lat' dir='ltr'><strong>Nam</strong></span> <span class='ocrx_word' id='word_1_445' title='bbox 1723 4293 1826 4350; x_wconf 88' lang='lat' dir='ltr'><strong>etsi</strong></span> <span class='ocrx_word' id='word_1_446' title='bbox 1879 4296 2026 4367; x_wconf 78' lang='lat' dir='ltr'><strong>Apo-</strong></span> 
     </span>
    </p>
   </div>
   <div class='ocr_carea' id='block_1_63' title="bbox 445 4382 2025 4460">
    <p class='ocr_par' dir='ltr' id='par_1_63' title="bbox 445 4382 2025 4460">
     <span class='ocr_line' id='line_1_63' title="bbox 445 4382 2025 4460; baseline 0.005 -22"><span class='ocrx_word' id='word_1_447' title='bbox 445 4383 575 4438; x_wconf 90' lang='lat' dir='ltr'><strong>stoli</strong></span> <span class='ocrx_word' id='word_1_448' title='bbox 611 4382 857 4441; x_wconf 88' lang='lat' dir='ltr'><strong>modeste</strong></span> <span class='ocrx_word' id='word_1_449' title='bbox 896 4384 964 4441; x_wconf 89' lang='lat' dir='ltr'><strong>de</strong></span> <span class='ocrx_word' id='word_1_450' title='bbox 990 4401 1051 4442; x_wconf 89' lang='lat' dir='ltr'><strong>se</strong></span> <span class='ocrx_word' id='word_1_451' title='bbox 1088 4386 1417 4455; x_wconf 89' lang='lat' dir='ltr'><strong>sentientes,</strong></span> <span class='ocrx_word' id='word_1_452' title='bbox 1452 4387 1844 4445; x_wconf 86' lang='lat' dir='ltr'><strong>miraculorum</strong></span> <span class='ocrx_word' id='word_1_453' title='bbox 1889 4403 2025 4460; x_wconf 88' lang='lat' dir='ltr'><strong>ope-</strong></span> 
     </span>
    </p>
   </div>
   <div class='ocr_carea' id='block_1_64' title="bbox 443 4470 2024 4551">
    <p class='ocr_par' dir='ltr' id='par_1_64' title="bbox 443 4470 2024 4551">
     <span class='ocr_line' id='line_1_64' title="bbox 443 4470 2024 4551; baseline 0.006 -23"><span class='ocrx_word' id='word_1_454' title='bbox 443 4474 687 4531; x_wconf 85' lang='lat' dir='ltr'><strong>rationes</strong></span> <span class='ocrx_word' id='word_1_455' title='bbox 718 4477 784 4530; x_wconf 88' lang='lat' dir='ltr'><strong>ad</strong></span> <span class='ocrx_word' id='word_1_456' title='bbox 842 4485 1234 4547; x_wconf 66' lang='lat' dir='ltr'><strong>praecentoretn</strong></span> <span class='ocrx_word' id='word_1_457' title='bbox 1285 4470 1617 4546; x_wconf 76' lang='lat' dir='ltr'><strong>referebant,</strong></span> <span class='ocrx_word' id='word_1_458' title='bbox 1686 4495 1783 4551; x_wconf 88' lang='lat' dir='ltr'><strong>per</strong></span> <span class='ocrx_word' id='word_1_459' title='bbox 1823 4495 2024 4538; x_wconf 84' lang='lat' dir='ltr'><strong>nomen</strong></span> 
     </span>
    </p>
   </div>
   <div class='ocr_carea' id='block_1_65' title="bbox 2105 2080 3692 2165">
    <p class='ocr_par' dir='ltr' id='par_1_65' title="bbox 2105 2080 3692 2165">
     <span class='ocr_line' id='line_1_65' title="bbox 2105 2080 3692 2165; baseline -0.001 -28"><span class='ocrx_word' id='word_1_460' title='bbox 2105 2097 2214 2137; x_wconf 81' lang='grc' dir='ltr'><strong>των</strong></span> <span class='ocrx_word' id='word_1_461' title='bbox 2252 2081 2457 2165; x_wconf 76' lang='grc' dir='ltr'>ἀθυμία</span> <span class='ocrx_word' id='word_1_462' title='bbox 2481 2121 2496 2136; x_wconf 95' lang='grc'><strong>.</strong></span> <span class='ocrx_word' id='word_1_463' title='bbox 2555 2080 2666 2136; x_wconf 82' lang='grc' dir='ltr'><strong>Καὶ</strong></span> <span class='ocrx_word' id='word_1_464' title='bbox 2705 2082 2797 2135; x_wconf 70' lang='grc' dir='ltr'>ἐπὶ</span> <span class='ocrx_word' id='word_1_465' title='bbox 2836 2081 2946 2135; x_wconf 87' lang='grc' dir='ltr'><strong>τῶν</strong></span> <span class='ocrx_word' id='word_1_466' title='bbox 3006 2080 3253 2135; x_wconf 88' lang='grc' dir='ltr'>παλαιῶν</span> <span class='ocrx_word' id='word_1_467' title='bbox 3279 2081 3337 2135; x_wconf 75' lang='grc' dir='ltr'>δὲ</span> <span class='ocrx_word' id='word_1_468' title='bbox 3377 2081 3491 2135; x_wconf 81' lang='grc' dir='ltr'>ὅσοι</span> <span class='ocrx_word' id='word_1_469' title='bbox 3548 2081 3692 2135; x_wconf 87' lang='grc' dir='ltr'><strong>κατά</strong></span> 
     </span>
    </p>
   </div>
   <div class='ocr_carea' id='block_1_66' title="bbox 2108 2172 3694 2246">
    <p class='ocr_par' dir='ltr' id='par_1_66' title="bbox 2108 2172 3694 2246">
     <span class='ocr_line' id='line_1_66' title="bbox 2108 2172 3694 2246; baseline -0.001 -18"><span class='ocrx_word' id='word_1_470' title='bbox 2108 2173 2242 2229; x_wconf 86' lang='grc' dir='ltr'>Θεδν</span> <span class='ocrx_word' id='word_1_471' title='bbox 2273 2175 2475 2245; x_wconf 75' lang='grc' dir='ltr'>ἔζησαν</span> <span class='ocrx_word' id='word_1_472' title='bbox 2507 2174 2569 2228; x_wconf 74' lang='grc' dir='ltr'><strong>τὸ</strong></span> <span class='ocrx_word' id='word_1_473' title='bbox 2592 2174 2724 2228; x_wconf 76' lang='grc' dir='ltr'>αὐτὸ</span> <span class='ocrx_word' id='word_1_474' title='bbox 2749 2173 2901 2245; x_wconf 77' lang='grc' dir='ltr'>εὖροι</span> <span class='ocrx_word' id='word_1_475' title='bbox 2929 2191 3012 2238; x_wconf 89' lang='grc' dir='ltr'><strong>τις</strong></span> <span class='ocrx_word' id='word_1_476' title='bbox 3036 2174 3124 2230; x_wconf 87' lang='grc' dir='ltr'><strong>ἀν.</strong></span> <span class='ocrx_word' id='word_1_477' title='bbox 3161 2173 3254 2245; x_wconf 82' lang='grc' dir='ltr'><strong>Μὴ</strong></span> <span class='ocrx_word' id='word_1_478' title='bbox 3282 2172 3569 2246; x_wconf 82' lang='grc' dir='ltr'>θαυμάσῃς</span> <span class='ocrx_word' id='word_1_479' title='bbox 3613 2173 3694 2241; x_wconf 83' lang='grc' dir='ltr'>δὲ,</span> 
     </span>
    </p>
   </div>
   <div class='ocr_carea' id='block_1_67' title="bbox 2109 2266 3697 2343">
    <p class='ocr_par' dir='ltr' id='par_1_67' title="bbox 2109 2266 3697 2343">
     <span class='ocr_line' id='line_1_67' title="bbox 2109 2266 3697 2343; baseline 0 -22"><span class='ocrx_word' id='word_1_480' title='bbox 2109 2268 2264 2339; x_wconf 77' lang='grc' dir='ltr'>φησί,</span> <span class='ocrx_word' id='word_1_481' title='bbox 2298 2267 2414 2332; x_wconf 87' lang='grc' dir='ltr'><strong>πῶς</strong></span> <span class='ocrx_word' id='word_1_482' title='bbox 2466 2266 2575 2321; x_wconf 89' lang='grc' dir='ltr'><strong>τῶν</strong></span> <span class='ocrx_word' id='word_1_483' title='bbox 2622 2267 2833 2321; x_wconf 77' lang='grc' dir='ltr'>ἑαυτῶν</span> <span class='ocrx_word' id='word_1_484' title='bbox 2875 2266 3063 2343; x_wconf 76' lang='grc' dir='ltr'>οἰκιῶν</span> <span class='ocrx_word' id='word_1_485' title='bbox 3100 2266 3454 2335; x_wconf 79' lang='grc' dir='ltr'>ἀποστάντες,</span> <span class='ocrx_word' id='word_1_486' title='bbox 3508 2270 3568 2321; x_wconf 79' lang='grc' dir='ltr'>ὲν</span> <span class='ocrx_word' id='word_1_487' title='bbox 3616 2266 3697 2338; x_wconf 83' lang='grc' dir='ltr'><strong>τῷ</strong></span> 
     </span>
    </p>
   </div>
   <div class='ocr_carea' id='block_1_68' title="bbox 2111 2358 3698 2433">
    <p class='ocr_par' dir='ltr' id='par_1_68' title="bbox 2111 2358 3698 2433">
     <span class='ocr_line' id='line_1_68' title="bbox 2111 2358 3698 2433; baseline 0 -19"><span class='ocrx_word' id='word_1_488' title='bbox 2111 2360 2239 2433; x_wconf 77' lang='grc' dir='ltr'><strong>ἱερῷ</strong></span> <span class='ocrx_word' id='word_1_489' title='bbox 2283 2359 2471 2431; x_wconf 77' lang='grc' dir='ltr'>διῆγον</span> <span class='ocrx_word' id='word_1_490' title='bbox 2511 2358 2653 2414; x_wconf 90' lang='grc' dir='ltr'><strong>κατά</strong></span> <span class='ocrx_word' id='word_1_491' title='bbox 2701 2359 2800 2429; x_wconf 78' lang='grc' dir='ltr'>τὴν</span> <span class='ocrx_word' id='word_1_492' title='bbox 2847 2359 3007 2415; x_wconf 79' lang='grc' dir='ltr'>στοὰν</span> <span class='ocrx_word' id='word_1_493' title='bbox 3054 2358 3365 2431; x_wconf 79' lang='grc' dir='ltr'>Σολομῶνος</span> <span class='ocrx_word' id='word_1_494' title='bbox 3397 2400 3414 2427; x_wconf 95' lang='grc'><strong>,</strong></span> <span class='ocrx_word' id='word_1_495' title='bbox 3448 2360 3698 2424; x_wconf 76' lang='grc' dir='ltr'>καὶπῶς</span> 
     </span>
    </p>
   </div>
   <div class='ocr_carea' id='block_1_69' title="bbox 2112 2448 3695 2526">
    <p class='ocr_par' dir='ltr' id='par_1_69' title="bbox 2112 2448 3695 2526">
     <span class='ocr_line' id='line_1_69' title="bbox 2112 2448 3695 2526; baseline -0.001 -18"><span class='ocrx_word' id='word_1_496' title='bbox 2112 2451 2547 2524; x_wconf 84' lang='grc' dir='ltr'>συνεχωροῦντο.</span> <span class='ocrx_word' id='word_1_497' title='bbox 2598 2451 2824 2524; x_wconf 79' lang='grc' dir='ltr'>Φοδεροὶ</span> <span class='ocrx_word' id='word_1_498' title='bbox 2862 2451 2971 2524; x_wconf 83' lang='grc' dir='ltr'>γὰρ</span> <span class='ocrx_word' id='word_1_499' title='bbox 3022 2448 3163 2526; x_wconf 77' lang='grc' dir='ltr'>ἦσαν</span> <span class='ocrx_word' id='word_1_500' title='bbox 3219 2452 3424 2506; x_wconf 84' lang='grc' dir='ltr'>ἀπασιν</span> <span class='ocrx_word' id='word_1_501' title='bbox 3483 2452 3583 2525; x_wconf 76' lang='grc' dir='ltr'>ἤδη</span> <span class='ocrx_word' id='word_1_502' title='bbox 3614 2453 3695 2524; x_wconf 82' lang='grc' dir='ltr'>τῷ</span> 
     </span>
    </p>
   </div>
   <div class='ocr_carea' id='block_1_70' title="bbox 2112 2542 3692 2617">
    <p class='ocr_par' dir='ltr' id='par_1_70' title="bbox 2112 2542 3692 2617">
     <span class='ocr_line' id='line_1_70' title="bbox 2112 2542 3692 2617; baseline -0.001 -19"><span class='ocrx_word' id='word_1_503' title='bbox 2112 2543 2308 2614; x_wconf 80' lang='grc' dir='ltr'>πλήθει</span> <span class='ocrx_word' id='word_1_504' title='bbox 2367 2543 2477 2599; x_wconf 86' lang='grc' dir='ltr'><strong>τῶν</strong></span> <span class='ocrx_word' id='word_1_505' title='bbox 2532 2544 2599 2598; x_wconf 88' lang='grc' dir='ltr'>δι’</span> <span class='ocrx_word' id='word_1_506' title='bbox 2668 2543 2850 2599; x_wconf 79' lang='grc' dir='ltr'>αὐτῶν</span> <span class='ocrx_word' id='word_1_507' title='bbox 2910 2544 3317 2617; x_wconf 69' lang='grc' dir='ltr'>ἐνεργουμένων</span> <span class='ocrx_word' id='word_1_508' title='bbox 3372 2542 3692 2615; x_wconf 85' lang='grc' dir='ltr'>θαυμάτων.</span> 
     </span>
    </p>
   </div>
   <div class='ocr_carea' id='block_1_71' title="bbox 2113 2632 3699 2705">
    <p class='ocr_par' dir='ltr' id='par_1_71' title="bbox 2113 2632 3699 2705">
     <span class='ocr_line' id='line_1_71' title="bbox 2113 2632 3699 2705; baseline 0 -18"><span class='ocrx_word' id='word_1_509' title='bbox 2113 2632 2286 2688; x_wconf 80' lang='grc' dir='ltr'>Τοῦτο</span> <span class='ocrx_word' id='word_1_510' title='bbox 2319 2633 2428 2705; x_wconf 81' lang='grc' dir='ltr'><strong>γάρ</strong></span> <span class='ocrx_word' id='word_1_511' title='bbox 2457 2632 2552 2688; x_wconf 77' lang='grc' dir='ltr'><strong>καὶ</strong></span> <span class='ocrx_word' id='word_1_512' title='bbox 2586 2633 2835 2705; x_wconf 88' lang='grc' dir='ltr'>βούλεται</span> <span class='ocrx_word' id='word_1_513' title='bbox 2875 2633 3071 2705; x_wconf 81' lang='grc' dir='ltr'>δηλοῦν</span> <span class='ocrx_word' id='word_1_514' title='bbox 3125 2635 3183 2689; x_wconf 84' lang='grc' dir='ltr'>ἐν</span> <span class='ocrx_word' id='word_1_515' title='bbox 3219 2633 3299 2705; x_wconf 84' lang='grc' dir='ltr'>τῷ</span> <span class='ocrx_word' id='word_1_516' title='bbox 3344 2632 3573 2704; x_wconf 83' lang='grc' dir='ltr'>φάσκειν</span> <span class='ocrx_word' id='word_1_517' title='bbox 3615 2634 3699 2701; x_wconf 82' lang='grc' dir='ltr'><strong>τὸ,</strong></span> 
     </span>
    </p>
   </div>
   <div class='ocr_carea' id='block_1_72' title="bbox 2119 2720 3703 2794">
    <p class='ocr_par' dir='ltr' id='par_1_72' title="bbox 2119 2720 3703 2794">
     <span class='ocr_line' id='line_1_72' title="bbox 2119 2720 3703 2794; baseline 0.003 -21"><span class='ocrx_word' id='word_1_518' title='bbox 2119 2737 2139 2773; x_wconf 85' lang='grc' dir='ltr'><strong>ι</strong></span> <span class='ocrx_word' id='word_1_519' title='bbox 2165 2720 2265 2774; x_wconf 89' lang='grc' dir='ltr'>Διά</span> <span class='ocrx_word' id='word_1_520' title='bbox 2316 2720 2427 2774; x_wconf 89' lang='grc' dir='ltr'><strong>τῶν</strong></span> <span class='ocrx_word' id='word_1_521' title='bbox 2475 2722 2677 2792; x_wconf 87' lang='grc' dir='ltr'>χειρῶν</span> <span class='ocrx_word' id='word_1_522' title='bbox 2704 2721 2812 2775; x_wconf 88' lang='grc' dir='ltr'><strong>τῶν</strong></span> <span class='ocrx_word' id='word_1_523' title='bbox 2858 2722 3170 2776; x_wconf 86' lang='grc' dir='ltr'>ἀποστόλων</span> <span class='ocrx_word' id='word_1_524' title='bbox 3229 2722 3439 2792; x_wconf 78' lang='grc' dir='ltr'>ἐγίνετο</span> <span class='ocrx_word' id='word_1_525' title='bbox 3498 2724 3703 2794; x_wconf 81' lang='grc' dir='ltr'>σημεῖα</span> 
     </span>
    </p>
   </div>
   <div class='ocr_carea' id='block_1_73' title="bbox 2113 2812 3697 2887">
    <p class='ocr_par' dir='ltr' id='par_1_73' title="bbox 2113 2812 3697 2887">
     <span class='ocr_line' id='line_1_73' title="bbox 2113 2812 3697 2887; baseline 0.003 -21"><span class='ocrx_word' id='word_1_526' title='bbox 2113 2814 2207 2867; x_wconf 76' lang='grc' dir='ltr'>καὶ</span> <span class='ocrx_word' id='word_1_527' title='bbox 2225 2812 2427 2884; x_wconf 82' lang='grc' dir='ltr'>τέρατα</span> <span class='ocrx_word' id='word_1_528' title='bbox 2457 2812 2627 2868; x_wconf 85' lang='grc' dir='ltr'>πολλά</span> <span class='ocrx_word' id='word_1_529' title='bbox 2666 2814 2724 2867; x_wconf 81' lang='grc' dir='ltr'>ὲν</span> <span class='ocrx_word' id='word_1_530' title='bbox 2744 2813 2822 2885; x_wconf 81' lang='grc' dir='ltr'>τῷ</span> <span class='ocrx_word' id='word_1_531' title='bbox 2846 2814 2959 2884; x_wconf 83' lang='grc' dir='ltr'>λαῷ</span> <span class='ocrx_word' id='word_1_532' title='bbox 2995 2833 3014 2867; x_wconf 77' lang='grc' dir='ltr'><strong>ι</strong></span> <span class='ocrx_word' id='word_1_533' title='bbox 3035 2856 3050 2878; x_wconf 83' lang='grc'><strong>,</strong></span> <span class='ocrx_word' id='word_1_534' title='bbox 3089 2814 3184 2870; x_wconf 74' lang='grc' dir='ltr'><strong>καὶ</strong></span> <span class='ocrx_word' id='word_1_535' title='bbox 3206 2815 3366 2880; x_wconf 79' lang='grc' dir='ltr'>εὐθὺς</span> <span class='ocrx_word' id='word_1_536' title='bbox 3395 2816 3697 2887; x_wconf 72' lang='grc' dir='ltr'>ἐπιφέρειν,</span> 
     </span>
    </p>
   </div>
   <div class='ocr_carea' id='block_1_74' title="bbox 2121 2904 3696 2979">
    <p class='ocr_par' dir='ltr' id='par_1_74' title="bbox 2121 2904 3696 2979">
     <span class='ocr_line' id='line_1_74' title="bbox 2121 2904 3696 2979; baseline 0.003 -22"><span class='ocrx_word' id='word_1_537' title='bbox 2121 2923 2141 2957; x_wconf 79' lang='grc' dir='ltr'><strong>ι</strong></span> <span class='ocrx_word' id='word_1_538' title='bbox 2179 2904 2299 2959; x_wconf 88' lang='grc' dir='ltr'><strong>Τῶν</strong></span> <span class='ocrx_word' id='word_1_539' title='bbox 2330 2904 2387 2958; x_wconf 86' lang='grc' dir='ltr'>δὲ</span> <span class='ocrx_word' id='word_1_540' title='bbox 2416 2905 2623 2959; x_wconf 83' lang='grc' dir='ltr'>λοιπῶν</span> <span class='ocrx_word' id='word_1_541' title='bbox 2652 2905 2829 2970; x_wconf 75' lang='grc' dir='ltr'>οὐδεὶς</span> <span class='ocrx_word' id='word_1_542' title='bbox 2860 2906 3061 2978; x_wconf 77' lang='grc' dir='ltr'>ἐτόλμα</span> <span class='ocrx_word' id='word_1_543' title='bbox 3099 2906 3393 2962; x_wconf 82' lang='grc' dir='ltr'>κολλᾶσθαι</span> <span class='ocrx_word' id='word_1_544' title='bbox 3419 2908 3601 2972; x_wconf 76' lang='grc' dir='ltr'>αὐτοῖς</span> <span class='ocrx_word' id='word_1_545' title='bbox 3628 2925 3696 2979; x_wconf 62' lang='grc' dir='ltr'>’,ι</span> 
     </span>
    </p>
   </div>
   <div class='ocr_carea' id='block_1_75' title="bbox 2116 2999 3701 3072">
    <p class='ocr_par' dir='ltr' id='par_1_75' title="bbox 2116 2999 3701 3072">
     <span class='ocr_line' id='line_1_75' title="bbox 2116 2999 3701 3072; baseline 0.003 -20"><span class='ocrx_word' id='word_1_546' title='bbox 2116 2999 2392 3054; x_wconf 82' lang='grc' dir='ltr'>τουτέστιν</span> <span class='ocrx_word' id='word_1_547' title='bbox 2425 2999 2466 3064; x_wconf 85' lang='grc'>,’</span> <span class='ocrx_word' id='word_1_548' title='bbox 2503 2999 2624 3053; x_wconf 76' lang='grc' dir='ltr'>οὐδὲ</span> <span class='ocrx_word' id='word_1_549' title='bbox 2678 2999 3060 3070; x_wconf 80' lang='grc' dir='ltr'>προσεγγίζειν</span> <span class='ocrx_word' id='word_1_550' title='bbox 3113 3017 3196 3064; x_wconf 82' lang='grc' dir='ltr'><strong>τις</strong></span> <span class='ocrx_word' id='word_1_551' title='bbox 3242 3000 3423 3065; x_wconf 81' lang='grc' dir='ltr'>αὐτοῖς</span> <span class='ocrx_word' id='word_1_552' title='bbox 3478 3000 3701 3072; x_wconf 74' lang='grc' dir='ltr'>ἐτόλμα.</span> 
     </span>
    </p>
   </div>
   <div class='ocr_carea' id='block_1_76' title="bbox 2125 3092 3705 3163">
    <p class='ocr_par' dir='ltr' id='par_1_76' title="bbox 2125 3092 3705 3163">
     <span class='ocr_line' id='line_1_76' title="bbox 2125 3092 3705 3163; baseline 0.002 -19"><span class='ocrx_word' id='word_1_553' title='bbox 2125 3111 2144 3144; x_wconf 76' lang='grc' dir='ltr'><strong>ι</strong></span> <span class='ocrx_word' id='word_1_554' title='bbox 2196 3092 2336 3145; x_wconf 83' lang='grc' dir='ltr'>Ἀλλ’</span> <span class='ocrx_word' id='word_1_555' title='bbox 2383 3092 2577 3162; x_wconf 75' lang='grc' dir='ltr'>ἔμελλε</span> <span class='ocrx_word' id='word_1_556' title='bbox 2618 3092 2943 3163; x_wconf 69' lang='grc' dir='ltr'>μεγαλύνειν</span> <span class='ocrx_word' id='word_1_557' title='bbox 2968 3093 3164 3156; x_wconf 75' lang='grc' dir='ltr'>αὐτοὺς</span> <span class='ocrx_word' id='word_1_558' title='bbox 3208 3095 3236 3146; x_wconf 81' lang='grc' dir='ltr'><strong>ό</strong></span> <span class='ocrx_word' id='word_1_559' title='bbox 3270 3092 3414 3157; x_wconf 88' lang='grc' dir='ltr'>λαός.</span> <span class='ocrx_word' id='word_1_560' title='bbox 3444 3110 3464 3145; x_wconf 78' lang='grc' dir='ltr'><strong>ι</strong></span> <span class='ocrx_word' id='word_1_561' title='bbox 3508 3093 3638 3161; x_wconf 82' lang='grc' dir='ltr'>Τίς;</span> <span class='ocrx_word' id='word_1_562' title='bbox 3674 3094 3705 3147; x_wconf 86' lang='grc' dir='ltr'><strong>δ</strong></span> 
     </span>
    </p>
   </div>
   <div class='ocr_carea' id='block_1_77' title="bbox 2131 3184 3703 3253">
    <p class='ocr_par' dir='ltr' id='par_1_77' title="bbox 2131 3184 3703 3253">
     <span class='ocr_line' id='line_1_77' title="bbox 2131 3184 3703 3253; baseline 0.001 -13"><span class='ocrx_word' id='word_1_563' title='bbox 2131 3187 2446 3250; x_wconf 85' lang='grc' dir='ltr'>Ἰουδαῖκός.</span> <span class='ocrx_word' id='word_1_564' title='bbox 2499 3184 2710 3253; x_wconf 83' lang='grc' dir='ltr'>Τίνας;</span> <span class='ocrx_word' id='word_1_565' title='bbox 2780 3188 2906 3251; x_wconf 77' lang='grc' dir='ltr'>τοὺς</span> <span class='ocrx_word' id='word_1_566' title='bbox 2958 3188 3334 3252; x_wconf 73' lang='grc' dir='ltr'>ἀποστόλους.</span> <span class='ocrx_word' id='word_1_567' title='bbox 3409 3188 3520 3242; x_wconf 72' lang='grc' dir='ltr'><strong>Καὶ</strong></span> <span class='ocrx_word' id='word_1_568' title='bbox 3555 3189 3610 3243; x_wconf 88' lang='grc' dir='ltr'><strong>τί</strong></span> <span class='ocrx_word' id='word_1_569' title='bbox 3641 3188 3703 3243; x_wconf 83' lang='grc' dir='ltr'>τὸ</span> 
     </span>
    </p>
   </div>
   <div class='ocr_carea' id='block_1_78' title="bbox 2122 3278 3695 3353">
    <p class='ocr_par' dir='ltr' id='par_1_78' title="bbox 2122 3278 3695 3353">
     <span class='ocr_line' id='line_1_78' title="bbox 2122 3278 3695 3353; baseline 0.003 -20"><span class='ocrx_word' id='word_1_570' title='bbox 2122 3278 2408 3351; x_wconf 85' lang='grc' dir='ltr'>μεγαλεῖον</span> <span class='ocrx_word' id='word_1_571' title='bbox 2433 3296 2446 3345; x_wconf 91' lang='grc'><strong>;</strong></span> <span class='ocrx_word' id='word_1_572' title='bbox 2475 3278 2536 3334; x_wconf 76' lang='grc' dir='ltr'>τὸ</span> <span class='ocrx_word' id='word_1_573' title='bbox 2573 3279 2712 3351; x_wconf 89' lang='grc' dir='ltr'><strong>μετά</strong></span> <span class='ocrx_word' id='word_1_574' title='bbox 2740 3279 2835 3334; x_wconf 74' lang='grc' dir='ltr'>τοῦ</span> <span class='ocrx_word' id='word_1_575' title='bbox 2858 3283 2923 3352; x_wconf 74' lang='grc' dir='ltr'>τῇ</span> <span class='ocrx_word' id='word_1_576' title='bbox 2964 3280 3146 3334; x_wconf 87' lang='grc' dir='ltr'>πίστει</span> <span class='ocrx_word' id='word_1_577' title='bbox 3182 3280 3569 3353; x_wconf 87' lang='grc' dir='ltr'>προστίθεσθαι</span> <span class='ocrx_word' id='word_1_578' title='bbox 3601 3282 3695 3337; x_wconf 82' lang='grc' dir='ltr'>τοῦ</span> 
     </span>
    </p>
   </div>
   <div class='ocr_carea' id='block_1_79' title="bbox 2119 3370 3705 3444">
    <p class='ocr_par' dir='ltr' id='par_1_79' title="bbox 2119 3370 3705 3444">
     <span class='ocr_line' id='line_1_79' title="bbox 2119 3370 3705 3444; baseline 0.003 -19"><span class='ocrx_word' id='word_1_579' title='bbox 2119 3370 2378 3443; x_wconf 83' lang='grc' dir='ltr'>Χριστοῦ,</span> <span class='ocrx_word' id='word_1_580' title='bbox 2410 3371 2491 3425; x_wconf 72' lang='grc' dir='ltr'>ἔτι</span> <span class='ocrx_word' id='word_1_581' title='bbox 2522 3372 2615 3425; x_wconf 77' lang='grc' dir='ltr'>καὶ</span> <span class='ocrx_word' id='word_1_582' title='bbox 2642 3373 2768 3436; x_wconf 76' lang='grc' dir='ltr'>τοὺς</span> <span class='ocrx_word' id='word_1_583' title='bbox 2795 3370 3041 3436; x_wconf 78' lang='grc' dir='ltr'>ἀσθενεῖς</span> <span class='ocrx_word' id='word_1_584' title='bbox 3069 3372 3246 3427; x_wconf 83' lang='grc' dir='ltr'>αὐτῶν</span> <span class='ocrx_word' id='word_1_585' title='bbox 3277 3374 3532 3444; x_wconf 66' lang='grc' dir='ltr'>ἐκφέρειν</span> <span class='ocrx_word' id='word_1_586' title='bbox 3564 3377 3705 3431; x_wconf 86' lang='grc' dir='ltr'><strong>κατά</strong></span> 
     </span>
    </p>
   </div>
   <div class='ocr_carea' id='block_1_80' title="bbox 2119 3464 3703 3537">
    <p class='ocr_par' dir='ltr' id='par_1_80' title="bbox 2119 3464 3703 3537">
     <span class='ocr_line' id='line_1_80' title="bbox 2119 3464 3703 3537; baseline 0.003 -18"><span class='ocrx_word' id='word_1_587' title='bbox 2119 3466 2217 3528; x_wconf 84' lang='grc' dir='ltr'><strong>τάς</strong></span> <span class='ocrx_word' id='word_1_588' title='bbox 2245 3466 2425 3537; x_wconf 77' lang='grc' dir='ltr'>ῥύμας</span> <span class='ocrx_word' id='word_1_589' title='bbox 2455 3464 2548 3519; x_wconf 76' lang='grc' dir='ltr'>καὶ</span> <span class='ocrx_word' id='word_1_590' title='bbox 2572 3465 2671 3528; x_wconf 84' lang='grc' dir='ltr'>τὰς</span> <span class='ocrx_word' id='word_1_591' title='bbox 2719 3464 2980 3529; x_wconf 88' lang='grc' dir='ltr'>πλατείας</span> <span class='ocrx_word' id='word_1_592' title='bbox 3007 3465 3108 3536; x_wconf 83' lang='grc' dir='ltr'>τῆς</span> <span class='ocrx_word' id='word_1_593' title='bbox 3143 3466 3349 3532; x_wconf 80' lang='grc' dir='ltr'>πόλεως</span> <span class='ocrx_word' id='word_1_594' title='bbox 3386 3469 3478 3522; x_wconf 76' lang='grc' dir='ltr'>ἐπὶ</span> <span class='ocrx_word' id='word_1_595' title='bbox 3504 3468 3703 3524; x_wconf 90' lang='grc' dir='ltr'>κλινῶν</span> 
     </span>
    </p>
   </div>
   <div class='ocr_carea' id='block_1_81' title="bbox 2122 3556 3706 3633">
    <p class='ocr_par' dir='ltr' id='par_1_81' title="bbox 2122 3556 3706 3633">
     <span class='ocr_line' id='line_1_81' title="bbox 2122 3556 3706 3633; baseline 0.002 -20"><span class='ocrx_word' id='word_1_596' title='bbox 2122 3560 2215 3613; x_wconf 85' lang='grc' dir='ltr'>καὶ</span> <span class='ocrx_word' id='word_1_597' title='bbox 2245 3557 2590 3629; x_wconf 78' lang='grc' dir='ltr'>κρασύάτων,</span> <span class='ocrx_word' id='word_1_598' title='bbox 2629 3556 2704 3622; x_wconf 86' lang='grc' dir='ltr'>ὡς</span> <span class='ocrx_word' id='word_1_599' title='bbox 2736 3558 2804 3613; x_wconf 76' lang='grc' dir='ltr'><strong>ἂν</strong></span> <span class='ocrx_word' id='word_1_600' title='bbox 2856 3558 2956 3628; x_wconf 82' lang='grc' dir='ltr'>τῆς</span> <span class='ocrx_word' id='word_1_601' title='bbox 2991 3559 3150 3622; x_wconf 80' lang='grc' dir='ltr'>σκιᾶς</span> <span class='ocrx_word' id='word_1_602' title='bbox 3181 3560 3390 3633; x_wconf 84' lang='grc' dir='ltr'>Πέτρου</span> <span class='ocrx_word' id='word_1_603' title='bbox 3447 3562 3706 3633; x_wconf 77' lang='grc' dir='ltr'>ρωννύειν</span> 
     </span>
    </p>
   </div>
   <div class='ocr_carea' id='block_1_82' title="bbox 2121 3648 3709 3723">
    <p class='ocr_par' dir='ltr' id='par_1_82' title="bbox 2121 3648 3709 3723">
     <span class='ocr_line' id='line_1_82' title="bbox 2121 3648 3709 3723; baseline 0.003 -20"><span class='ocrx_word' id='word_1_604' title='bbox 2121 3648 2529 3721; x_wconf 82' lang='grc' dir='ltr'>εὐμεγεθούσης</span> <span class='ocrx_word' id='word_1_605' title='bbox 2573 3650 2903 3722; x_wconf 83' lang='grc' dir='ltr'>τυγχάνωσι.</span> <span class='ocrx_word' id='word_1_606' title='bbox 2971 3649 3151 3722; x_wconf 86' lang='grc' dir='ltr'>Ὅπερ</span> <span class='ocrx_word' id='word_1_607' title='bbox 3184 3651 3277 3705; x_wconf 72' lang='grc' dir='ltr'>ἐπὶ</span> <span class='ocrx_word' id='word_1_608' title='bbox 3319 3652 3556 3723; x_wconf 84' lang='grc' dir='ltr'>Χριστοῦ</span> <span class='ocrx_word' id='word_1_609' title='bbox 3605 3653 3709 3708; x_wconf 76' lang='grc' dir='ltr'>οὐκ</span> 
     </span>
    </p>
   </div>
   <div class='ocr_carea' id='block_1_83' title="bbox 2121 3741 3707 3816">
    <p class='ocr_par' dir='ltr' id='par_1_83' title="bbox 2121 3741 3707 3816">
     <span class='ocr_line' id='line_1_83' title="bbox 2121 3741 3707 3816; baseline 0.002 -20"><span class='ocrx_word' id='word_1_610' title='bbox 2121 3742 2359 3812; x_wconf 74' lang='grc' dir='ltr'>ἐγένετο,</span> <span class='ocrx_word' id='word_1_611' title='bbox 2408 3741 2544 3797; x_wconf 88' lang='grc' dir='ltr'><strong>ἀλλά</strong></span> <span class='ocrx_word' id='word_1_612' title='bbox 2580 3742 2676 3796; x_wconf 72' lang='grc' dir='ltr'>καὶ</span> <span class='ocrx_word' id='word_1_613' title='bbox 2706 3742 2866 3797; x_wconf 82' lang='grc' dir='ltr'>τοῦτο</span> <span class='ocrx_word' id='word_1_614' title='bbox 2915 3741 3076 3814; x_wconf 85' lang='grc' dir='ltr'>ἔργον</span> <span class='ocrx_word' id='word_1_615' title='bbox 3105 3742 3198 3797; x_wconf 80' lang='grc' dir='ltr'>τοῦ</span> <span class='ocrx_word' id='word_1_616' title='bbox 3234 3745 3707 3816; x_wconf 73' lang='grc' dir='ltr'>ἐπαγγειλαμένου</span> 
     </span>
    </p>
   </div>
   <div class='ocr_carea' id='block_1_84' title="bbox 2122 3835 3710 3909">
    <p class='ocr_par' dir='ltr' id='par_1_84' title="bbox 2122 3835 3710 3909">
     <span class='ocr_line' id='line_1_84' title="bbox 2122 3835 3710 3909; baseline 0.002 -19"><span class='ocrx_word' id='word_1_617' title='bbox 2122 3835 2216 3890; x_wconf 75' lang='grc' dir='ltr'>καὶ</span> <span class='ocrx_word' id='word_1_618' title='bbox 2274 3835 2519 3898; x_wconf 74' lang='grc' dir='ltr'>εἰπόντος</span> <span class='ocrx_word' id='word_1_619' title='bbox 2550 3851 2567 3867; x_wconf 87' lang='grc'><strong>·</strong></span> <span class='ocrx_word' id='word_1_620' title='bbox 2597 3835 2697 3890; x_wconf 75' lang='grc'><strong>«⁸0</strong></span> <span class='ocrx_word' id='word_1_621' title='bbox 2768 3835 3039 3889; x_wconf 79' lang='grc' dir='ltr'>πιστεύων</span> <span class='ocrx_word' id='word_1_622' title='bbox 3092 3837 3172 3901; x_wconf 84' lang='grc' dir='ltr'><strong>είς</strong></span> <span class='ocrx_word' id='word_1_623' title='bbox 3228 3837 3365 3907; x_wconf 75' lang='grc' dir='ltr'>ἐμὲ,</span> <span class='ocrx_word' id='word_1_624' title='bbox 3414 3837 3483 3891; x_wconf 80' lang='grc' dir='ltr'>τὰ</span> <span class='ocrx_word' id='word_1_625' title='bbox 3510 3838 3710 3909; x_wconf 75' lang='grc' dir='ltr'>ἔργαθ.</span> 
     </span>
    </p>
   </div>
   <div class='ocr_carea' id='block_1_85' title="bbox 2122 3926 3709 3999">
    <p class='ocr_par' dir='ltr' id='par_1_85' title="bbox 2122 3926 3709 3999">
     <span class='ocr_line' id='line_1_85' title="bbox 2122 3926 3709 3999; baseline 0.002 -17"><span class='ocrx_word' id='word_1_626' title='bbox 2122 3926 2234 3998; x_wconf 74' lang='grc' dir='ltr'><strong>ἐγὼ</strong></span> <span class='ocrx_word' id='word_1_627' title='bbox 2279 3928 2439 3991; x_wconf 88' lang='grc' dir='ltr'>ποιῶ,</span> <span class='ocrx_word' id='word_1_628' title='bbox 2494 3928 2748 3991; x_wconf 78' lang='grc' dir='ltr'>κάκεῖνος</span> <span class='ocrx_word' id='word_1_629' title='bbox 2800 3929 3039 3999; x_wconf 75' lang='grc' dir='ltr'>ποιήσει,</span> <span class='ocrx_word' id='word_1_630' title='bbox 3099 3929 3193 3983; x_wconf 75' lang='grc' dir='ltr'>καὶ</span> <span class='ocrx_word' id='word_1_631' title='bbox 3229 3929 3452 3999; x_wconf 77' lang='grc' dir='ltr'>μείζονα</span> <span class='ocrx_word' id='word_1_632' title='bbox 3502 3930 3709 3986; x_wconf 76' lang='grc' dir='ltr'>τούτων</span> 
     </span>
    </p>
   </div>
   <div class='ocr_carea' id='block_1_86' title="bbox 2124 4019 3706 4094">
    <p class='ocr_par' dir='ltr' id='par_1_86' title="bbox 2124 4019 3706 4094">
     <span class='ocr_line' id='line_1_86' title="bbox 2124 4019 3706 4094; baseline 0.001 -18"><span class='ocrx_word' id='word_1_633' title='bbox 2124 4021 2361 4092; x_wconf 82' lang='grc' dir='ltr'>ποιήσει.</span> <span class='ocrx_word' id='word_1_634' title='bbox 2384 4038 2403 4072; x_wconf 76' lang='grc' dir='ltr'><strong>ι</strong></span> <span class='ocrx_word' id='word_1_635' title='bbox 2446 4020 2610 4075; x_wconf 81' lang='grc' dir='ltr'>Ὥστε</span> <span class='ocrx_word' id='word_1_636' title='bbox 2636 4019 2733 4074; x_wconf 74' lang='grc' dir='ltr'><strong>καὶ</strong></span> <span class='ocrx_word' id='word_1_637' title='bbox 2761 4020 2935 4074; x_wconf 82' lang='grc' dir='ltr'>ταῦτα</span> <span class='ocrx_word' id='word_1_638' title='bbox 2964 4020 3073 4076; x_wconf 71' lang='grc' dir='ltr'><strong>ἀπὸ</strong></span> <span class='ocrx_word' id='word_1_639' title='bbox 3111 4021 3203 4075; x_wconf 77' lang='grc' dir='ltr'>τοῦ</span> <span class='ocrx_word' id='word_1_640' title='bbox 3234 4024 3706 4094; x_wconf 81' lang='grc' dir='ltr'>ἐπαγγειλαμένου</span> 
     </span>
    </p>
   </div>
   <div class='ocr_carea' id='block_1_87' title="bbox 2126 4111 3711 4186">
    <p class='ocr_par' dir='ltr' id='par_1_87' title="bbox 2126 4111 3711 4186">
     <span class='ocr_line' id='line_1_87' title="bbox 2126 4111 3711 4186; baseline 0 -18"><span class='ocrx_word' id='word_1_641' title='bbox 2126 4111 2371 4186; x_wconf 82' lang='grc' dir='ltr'>Χριστοῦ</span> <span class='ocrx_word' id='word_1_642' title='bbox 2404 4115 2640 4184; x_wconf 82' lang='grc' dir='ltr'>συνήντα</span> <span class='ocrx_word' id='word_1_643' title='bbox 2669 4113 2783 4176; x_wconf 77' lang='grc' dir='ltr'>τοῖς</span> <span class='ocrx_word' id='word_1_644' title='bbox 2820 4112 3169 4181; x_wconf 84' lang='grc' dir='ltr'>ἀποστόλοις,</span> <span class='ocrx_word' id='word_1_645' title='bbox 3210 4114 3299 4170; x_wconf 91' lang='grc' dir='ltr'><strong>διά</strong></span> <span class='ocrx_word' id='word_1_646' title='bbox 3347 4113 3455 4171; x_wconf 87' lang='grc' dir='ltr'><strong>τῶν</strong></span> <span class='ocrx_word' id='word_1_647' title='bbox 3485 4132 3711 4169; x_wconf 85' lang='grc' dir='ltr'>πιστευ-</span> 
     </span>
    </p>
   </div>
   <div class='ocr_carea' id='block_1_88' title="bbox 2127 4204 3707 4277">
    <p class='ocr_par' dir='ltr' id='par_1_88' title="bbox 2127 4204 3707 4277">
     <span class='ocr_line' id='line_1_88' title="bbox 2127 4204 3707 4277; baseline 0.001 -17"><span class='ocrx_word' id='word_1_648' title='bbox 2127 4205 2357 4274; x_wconf 85' lang='grc' dir='ltr'>σάντων,</span> <span class='ocrx_word' id='word_1_649' title='bbox 2390 4205 2477 4260; x_wconf 88' lang='grc' dir='ltr'><strong>διά</strong></span> <span class='ocrx_word' id='word_1_650' title='bbox 2521 4204 2630 4259; x_wconf 89' lang='grc' dir='ltr'><strong>τῶν</strong></span> <span class='ocrx_word' id='word_1_651' title='bbox 2670 4205 3147 4277; x_wconf 87' lang='grc' dir='ltr'>θεραπευομένων,</span> <span class='ocrx_word' id='word_1_652' title='bbox 3199 4206 3289 4262; x_wconf 84' lang='grc' dir='ltr'><strong>διά</strong></span> <span class='ocrx_word' id='word_1_653' title='bbox 3327 4206 3435 4261; x_wconf 83' lang='grc' dir='ltr'><strong>τῶν</strong></span> <span class='ocrx_word' id='word_1_654' title='bbox 3479 4207 3707 4273; x_wconf 77' lang='grc' dir='ltr'>κολαζο-</span> 
     </span>
    </p>
   </div>
   <div class='ocr_carea' id='block_1_89' title="bbox 2129 4296 3708 4371">
    <p class='ocr_par' dir='ltr' id='par_1_89' title="bbox 2129 4296 3708 4371">
     <span class='ocr_line' id='line_1_89' title="bbox 2129 4296 3708 4371; baseline 0 -17"><span class='ocrx_word' id='word_1_655' title='bbox 2129 4298 2329 4371; x_wconf 81' lang='grc' dir='ltr'>μένων,</span> <span class='ocrx_word' id='word_1_656' title='bbox 2356 4298 2432 4362; x_wconf 85' lang='grc' dir='ltr'>ὠς</span> <span class='ocrx_word' id='word_1_657' title='bbox 2458 4297 2487 4351; x_wconf 83' lang='grc' dir='ltr'>ὁ</span> <span class='ocrx_word' id='word_1_658' title='bbox 2519 4296 2788 4361; x_wconf 70' lang='grc' dir='ltr'>Ἀνανίας.</span> <span class='ocrx_word' id='word_1_659' title='bbox 2820 4297 2883 4351; x_wconf 82' lang='lat' dir='ltr'><strong>Ei</strong></span> <span class='ocrx_word' id='word_1_660' title='bbox 2915 4297 3024 4368; x_wconf 87' lang='grc' dir='ltr'><strong>γάρ</strong></span> <span class='ocrx_word' id='word_1_661' title='bbox 3055 4297 3148 4352; x_wconf 74' lang='grc' dir='ltr'>καὶ</span> <span class='ocrx_word' id='word_1_662' title='bbox 3162 4297 3319 4353; x_wconf 75' lang='grc' dir='ltr'>αὐτοὶ</span> <span class='ocrx_word' id='word_1_663' title='bbox 3346 4300 3395 4353; x_wconf 90' lang='grc' dir='ltr'><strong>οί</strong></span> <span class='ocrx_word' id='word_1_664' title='bbox 3419 4299 3708 4354; x_wconf 84' lang='grc' dir='ltr'>ἀπόστολοι</span> 
     </span>
    </p>
   </div>
   <div class='ocr_carea' id='block_1_90' title="bbox 2130 4385 3709 4462">
    <p class='ocr_par' dir='ltr' id='par_1_90' title="bbox 2130 4385 3709 4462">
     <span class='ocr_line' id='line_1_90' title="bbox 2130 4385 3709 4462; baseline 0 -18"><span class='ocrx_word' id='word_1_665' title='bbox 2130 4387 2667 4462; x_wconf 77' lang='grc' dir='ltr'>μετριοφρονοῦντες,</span> <span class='ocrx_word' id='word_1_666' title='bbox 2723 4385 2801 4458; x_wconf 82' lang='grc' dir='ltr'>τῷ</span> <span class='ocrx_word' id='word_1_667' title='bbox 2859 4386 3165 4460; x_wconf 82' lang='grc' dir='ltr'>διδασκάλῳ</span> <span class='ocrx_word' id='word_1_668' title='bbox 3220 4388 3539 4444; x_wconf 83' lang='grc' dir='ltr'>ἀνετίθεσαν</span> <span class='ocrx_word' id='word_1_669' title='bbox 3607 4389 3709 4455; x_wconf 72' lang='grc' dir='ltr'>τὰς</span> 
     </span>
    </p>
   </div>
   <div class='ocr_carea' id='block_1_91' title="bbox 2129 4479 3709 4555">
    <p class='ocr_par' dir='ltr' id='par_1_91' title="bbox 2129 4479 3709 4555">
     <span class='ocr_line' id='line_1_91' title="bbox 2129 4479 3709 4555; baseline -0.001 -17"><span class='ocrx_word' id='word_1_670' title='bbox 2129 4482 2594 4555; x_wconf 86' lang='grc' dir='ltr'>θαυματουργίας,</span> <span class='ocrx_word' id='word_1_671' title='bbox 2626 4482 2684 4535; x_wconf 72' lang='grc' dir='ltr'><strong>εν</strong></span> <span class='ocrx_word' id='word_1_672' title='bbox 2709 4479 2789 4551; x_wconf 84' lang='grc' dir='ltr'>τῷ</span> <span class='ocrx_word' id='word_1_673' title='bbox 2819 4479 3045 4552; x_wconf 84' lang='grc' dir='ltr'>ὀνόματι</span> <span class='ocrx_word' id='word_1_674' title='bbox 3071 4480 3234 4536; x_wconf 83' lang='grc' dir='ltr'>αὐτοῦ</span> <span class='ocrx_word' id='word_1_675' title='bbox 3259 4481 3464 4547; x_wconf 85' lang='grc' dir='ltr'>ταύτας</span> <span class='ocrx_word' id='word_1_676' title='bbox 3494 4500 3709 4555; x_wconf 88' lang='grc' dir='ltr'>συμπε-</span> 
     </span>
    </p>
   </div>
   <div class='ocr_carea' id='block_1_92' title="bbox 443 4567 2009 4647">
    <p class='ocr_par' dir='ltr' id='par_1_92' title="bbox 443 4567 2009 4645">
     <span class='ocr_line' id='line_1_92' title="bbox 443 4567 2009 4645; baseline 0.005 -23"><span class='ocrx_word' id='word_1_677' title='bbox 443 4567 566 4638; x_wconf 82' lang='lat' dir='ltr'><strong>ejus</strong></span> <span class='ocrx_word' id='word_1_678' title='bbox 596 4567 710 4622; x_wconf 83' lang='lat' dir='ltr'><strong>haec</strong></span> <span class='ocrx_word' id='word_1_679' title='bbox 738 4567 1034 4625; x_wconf 78' lang='lat' dir='ltr'><strong>eﬂicientes</strong></span> <span class='ocrx_word' id='word_1_680' title='bbox 1075 4588 1088 4625; x_wconf 90' lang='lat'><strong>:</strong></span> <span class='ocrx_word' id='word_1_681' title='bbox 1117 4577 1360 4627; x_wconf 88' lang='lat' dir='ltr'><strong>attamen</strong></span> <span class='ocrx_word' id='word_1_682' title='bbox 1385 4572 1496 4627; x_wconf 88' lang='lat' dir='ltr'><strong>vita</strong></span> <span class='ocrx_word' id='word_1_683' title='bbox 1523 4586 1713 4628; x_wconf 88' lang='lat' dir='ltr'><strong>eorum</strong></span> <span class='ocrx_word' id='word_1_684' title='bbox 1741 4573 2009 4645; x_wconf 72' lang='lat' dir='ltr'><strong>virtusqut</strong></span> 
     </span>
    </p>
   </div>
   <div class='ocr_carea' id='block_1_93' title="bbox 2123 4567 3706 4647">
    <p class='ocr_par' dir='ltr' id='par_1_93' title="bbox 2134 4568 3706 4647">
     <span class='ocr_line' id='line_1_93' title="bbox 2134 4568 3706 4647; baseline 0 -20"><span class='ocrx_word' id='word_1_685' title='bbox 2134 4572 2464 4647; x_wconf 84' lang='grc' dir='ltr'>ραινόμενοι,</span> <span class='ocrx_word' id='word_1_686' title='bbox 2491 4569 2627 4624; x_wconf 87' lang='grc' dir='ltr'><strong>ἀλλά</strong></span> <span class='ocrx_word' id='word_1_687' title='bbox 2658 4569 2749 4624; x_wconf 77' lang='grc' dir='ltr'>καὶ</span> <span class='ocrx_word' id='word_1_688' title='bbox 2780 4570 2809 4623; x_wconf 85' lang='grc' dir='ltr'><strong>ὁ</strong></span> <span class='ocrx_word' id='word_1_689' title='bbox 2834 4568 2949 4642; x_wconf 83' lang='grc' dir='ltr'>βίος</span> <span class='ocrx_word' id='word_1_690' title='bbox 2973 4571 3155 4627; x_wconf 77' lang='grc' dir='ltr'>αὐτῶν</span> <span class='ocrx_word' id='word_1_691' title='bbox 3180 4573 3273 4626; x_wconf 76' lang='grc' dir='ltr'><strong>καὶ</strong></span> <span class='ocrx_word' id='word_1_692' title='bbox 3300 4573 3335 4644; x_wconf 72' lang='grc' dir='ltr'><strong>ἡ</strong></span> <span class='ocrx_word' id='word_1_693' title='bbox 3371 4572 3539 4644; x_wconf 77' lang='grc' dir='ltr'>ἀρετὴ</span> <span class='ocrx_word' id='word_1_694' title='bbox 3569 4573 3706 4627; x_wconf 86' lang='grc' dir='ltr'>ἀπο-</span> 
     </span>
    </p>
   </div>
   <div class='ocr_carea' id='block_1_94' title="bbox 444 4660 2020 4735">
    <p class='ocr_par' dir='ltr' id='par_1_94' title="bbox 444 4660 2020 4735">
     <span class='ocr_line' id='line_1_94' title="bbox 444 4660 2020 4735; baseline 0.004 -20"><span class='ocrx_word' id='word_1_695' title='bbox 444 4673 575 4715; x_wconf 89' lang='lat' dir='ltr'><strong>vere</strong></span> <span class='ocrx_word' id='word_1_696' title='bbox 593 4660 933 4731; x_wconf 78' lang='lat' dir='ltr'><strong>evangeliea,</strong></span> <span class='ocrx_word' id='word_1_697' title='bbox 964 4661 1159 4718; x_wconf 89' lang='lat' dir='ltr'><strong>idonea</strong></span> <span class='ocrx_word' id='word_1_698' title='bbox 1182 4673 1303 4720; x_wconf 89' lang='lat' dir='ltr'><strong>erat</strong></span> <span class='ocrx_word' id='word_1_699' title='bbox 1322 4678 1445 4735; x_wconf 71' lang='lat' dir='ltr'><strong>quae</strong></span> <span class='ocrx_word' id='word_1_700' title='bbox 1462 4664 1778 4735; x_wconf 83' lang='lat' dir='ltr'><strong>plurimum</strong></span> <span class='ocrx_word' id='word_1_701' title='bbox 1809 4665 2020 4723; x_wconf 89' lang='lat' dir='ltr'><strong>collau-</strong></span> 
     </span>
    </p>
   </div>
   <div class='ocr_carea' id='block_1_95' title="bbox 446 4750 2025 4828">
    <p class='ocr_par' dir='ltr' id='par_1_95' title="bbox 446 4750 2025 4828">
     <span class='ocr_line' id='line_1_95' title="bbox 446 4750 2025 4828; baseline 0.006 -23"><span class='ocrx_word' id='word_1_702' title='bbox 446 4750 694 4817; x_wconf 88' lang='lat' dir='ltr'><strong>daretur,</strong></span> <span class='ocrx_word' id='word_1_703' title='bbox 731 4769 1101 4828; x_wconf 83' lang='lat' dir='ltr'><strong>magnumque</strong></span> <span class='ocrx_word' id='word_1_704' title='bbox 1132 4762 1530 4827; x_wconf 85' lang='lat' dir='ltr'><strong>assequeretur</strong></span> <span class='ocrx_word' id='word_1_705' title='bbox 1545 4758 1829 4828; x_wconf 69' lang='lat' dir='ltr'><strong>praemium</strong></span> <span class='ocrx_word' id='word_1_706' title='bbox 1852 4757 1907 4814; x_wconf 91' lang='lat' dir='ltr'><strong>in</strong></span> <span class='ocrx_word' id='word_1_707' title='bbox 1937 4757 2025 4815; x_wconf 81' lang='lat' dir='ltr'><strong>bis</strong></span> 
     </span>
    </p>
   </div>
   <div class='ocr_carea' id='block_1_96' title="bbox 447 4844 1229 4920">
    <p class='ocr_par' dir='ltr' id='par_1_96' title="bbox 447 4844 1229 4920">
     <span class='ocr_line' id='line_1_96' title="bbox 447 4844 1229 4920; baseline 0.006 -23"><span class='ocrx_word' id='word_1_708' title='bbox 447 4844 540 4915; x_wconf 83' lang='lat' dir='ltr'><strong>qui</strong></span> <span class='ocrx_word' id='word_1_709' title='bbox 571 4844 646 4899; x_wconf 88' lang='lat' dir='ltr'><strong>ita</strong></span> <span class='ocrx_word' id='word_1_710' title='bbox 672 4846 853 4905; x_wconf 88' lang='lat' dir='ltr'><strong>vivere</strong></span> <span class='ocrx_word' id='word_1_711' title='bbox 870 4847 1229 4920; x_wconf 80' lang='lat' dir='ltr'><strong>delegissent.</strong></span> 
     </span>
    </p>
   </div>
   <div class='ocr_carea' id='block_1_97' title="bbox 1011 4938 1361 4996">
    <p class='ocr_par' dir='ltr' id='par_1_97' title="bbox 1011 4938 1361 4996">
     <span class='ocr_line' id='line_1_97' title="bbox 1011 4938 1361 4996; baseline 0.006 -2"><span class='ocrx_word' id='word_1_712' title='bbox 1011 4938 1242 4996; x_wconf 83' lang='lat' dir='ltr'><strong>CAPUT</strong></span> <span class='ocrx_word' id='word_1_713' title='bbox 1270 4938 1361 4996; x_wconf 79' lang='lat' dir='ltr'><strong>Vl.</strong></span> 
     </span>
    </p>
   </div>
   <div class='ocr_carea' id='block_1_98' title="bbox 449 5024 2019 5104">
    <p class='ocr_par' dir='ltr' id='par_1_98' title="bbox 449 5024 2019 5104">
     <span class='ocr_line' id='line_1_98' title="bbox 449 5024 2019 5104; baseline 0.006 -24"><span class='ocrx_word' id='word_1_714' title='bbox 449 5024 738 5080; x_wconf 81' lang='lat' dir='ltr'><strong>Anostolos</strong></span> <span class='ocrx_word' id='word_1_715' title='bbox 768 5026 970 5104; x_wconf 68' lang='lat' dir='ltr'><strong>carceri</strong></span> <span class='ocrx_word' id='word_1_716' title='bbox 1001 5027 1221 5104; x_wconf 68' lang='lat' dir='ltr'><strong>injecto:</strong></span> <span class='ocrx_word' id='word_1_717' title='bbox 1242 5028 1467 5104; x_wconf 62' lang='lat' dir='ltr'><strong>angelus</strong></span> <span class='ocrx_word' id='word_1_718' title='bbox 1489 5029 1588 5086; x_wconf 82' lang='lat' dir='ltr'><strong>Dei</strong></span> <span class='ocrx_word' id='word_1_719' title='bbox 1616 5041 1765 5088; x_wconf 85' lang='lat' dir='ltr'><strong>nocte</strong></span> <span class='ocrx_word' id='word_1_720' title='bbox 1792 5032 1972 5089; x_wconf 74' lang='lat' dir='ltr'><strong>eduxit</strong></span> <span class='ocrx_word' id='word_1_721' title='bbox 2003 5078 2019 5104; x_wconf 87' lang='lat'><strong>,</strong></span> 
     </span>
    </p>
   </div>
   <div class='ocr_carea' id='block_1_99' title="bbox 526 5095 2022 5174">
    <p class='ocr_par' dir='ltr' id='par_1_99' title="bbox 526 5095 2022 5174">
     <span class='ocr_line' id='line_1_99' title="bbox 526 5095 2022 5174; baseline 0.007 -25"><span class='ocrx_word' id='word_1_722' title='bbox 526 5111 713 5149; x_wconf 82' lang='lat' dir='ltr'><strong>curam</strong></span> <span class='ocrx_word' id='word_1_723' title='bbox 743 5095 1132 5159; x_wconf 44' lang='lat' dir='ltr'><strong>lradens,ut&#39;ob</strong></span> <span class='ocrx_word' id='word_1_724' title='bbox 1160 5095 1365 5174; x_wconf 58' lang='lat' dir='ltr'><strong>nullam</strong></span> <span class='ocrx_word' id='word_1_725' title='bbox 1388 5100 1681 5174; x_wconf 75' lang='lat' dir='ltr'><strong>obstantem</strong></span> <span class='ocrx_word' id='word_1_726' title='bbox 1711 5095 2022 5174; x_wconf 55' lang='lat' dir='ltr'><strong>prohibitio;</strong></span> 
     </span>
    </p>
   </div>
   <div class='ocr_carea' id='block_1_100' title="bbox 519 5171 2018 5244">
    <p class='ocr_par' dir='ltr' id='par_1_100' title="bbox 519 5171 2018 5244">
     <span class='ocr_line' id='line_1_100' title="bbox 519 5171 2018 5244; baseline 0.008 -26"><span class='ocrx_word' id='word_1_727' title='bbox 519 5182 636 5244; x_wconf 75' lang='lat' dir='ltr'><strong>nem</strong></span> <span class='ocrx_word' id='word_1_728' title='bbox 690 5178 956 5244; x_wconf 71' lang='lat' dir='ltr'><strong>cessarent</strong></span> <span class='ocrx_word' id='word_1_729' title='bbox 979 5186 1011 5222; x_wconf 88' lang='lat' dir='ltr'><strong><em>a</em></strong></span> <span class='ocrx_word' id='word_1_730' title='bbox 1059 5171 1435 5244; x_wconf 7' lang='lat' dir='ltr'><strong>prwdicagtiane</strong></span> <span class='ocrx_word' id='word_1_731' title='bbox 1455 5171 1607 5234; x_wconf 83' lang='lat' dir='ltr'><strong>Jesu,</strong></span> <span class='ocrx_word' id='word_1_732' title='bbox 1637 5175 1692 5227; x_wconf 81' lang='lat' dir='ltr'><strong>in</strong></span> <span class='ocrx_word' id='word_1_733' title='bbox 1712 5171 1813 5244; x_wconf 68' lang='lat' dir='ltr'><strong>quo</strong></span> <span class='ocrx_word' id='word_1_734' title='bbox 1850 5177 2018 5230; x_wconf 78' lang='lat' dir='ltr'><strong>etiam</strong></span> 
     </span>
    </p>
   </div>
   <div class='ocr_carea' id='block_1_101' title="bbox 520 5236 2020 5311">
    <p class='ocr_par' dir='ltr' id='par_1_101' title="bbox 520 5236 2020 5311">
     <span class='ocr_line' id='line_1_101' title="bbox 520 5236 2020 5311; baseline 0.007 -24"><span class='ocrx_word' id='word_1_735' title='bbox 520 5236 747 5311; x_wconf 70' lang='lat' dir='ltr'><strong>habetur</strong></span> <span class='ocrx_word' id='word_1_736' title='bbox 781 5236 920 5306; x_wconf 84' lang='lat' dir='ltr'><strong>quod</strong></span> <span class='ocrx_word' id='word_1_737' title='bbox 939 5248 1122 5307; x_wconf 82' lang='lat' dir='ltr'><strong>postea</strong></span> <span class='ocrx_word' id='word_1_738' title='bbox 1151 5240 1425 5310; x_wconf 79' lang='lat' dir='ltr'><strong>pontiﬁces</strong></span> <span class='ocrx_word' id='word_1_739' title='bbox 1454 5258 1665 5297; x_wconf 83' lang='lat' dir='ltr'><strong>rursum</strong></span> <span class='ocrx_word' id='word_1_740' title='bbox 1688 5236 1825 5311; x_wconf 71' lang='lat' dir='ltr'><strong>ipsos</strong></span> <span class='ocrx_word' id='word_1_741' title='bbox 1877 5261 2020 5300; x_wconf 86' lang='lat' dir='ltr'><strong>com-</strong></span> 
     </span>
    </p>
   </div>
   <div class='ocr_carea' id='block_1_102' title="bbox 519 5307 2015 5384">
    <p class='ocr_par' dir='ltr' id='par_1_102' title="bbox 519 5307 2015 5384">
     <span class='ocr_line' id='line_1_102' title="bbox 519 5307 2015 5384; baseline 0.007 -25"><span class='ocrx_word' id='word_1_742' title='bbox 519 5307 918 5384; x_wconf 72' lang='lat' dir='ltr'><strong>prehendentes,</strong></span> <span class='ocrx_word' id='word_1_743' title='bbox 981 5307 1257 5384; x_wconf 74' lang='lat' dir='ltr'><strong>postquam</strong></span> <span class='ocrx_word' id='word_1_744' title='bbox 1301 5307 1595 5384; x_wconf 49' lang='lat' dir='ltr'><strong>&#39;jtgsserunt</strong></span> <span class='ocrx_word' id='word_1_745' title='bbox 1673 5307 1735 5369; x_wconf 70' lang='lat' dir='ltr'><strong>ire</strong></span> <span class='ocrx_word' id='word_1_746' title='bbox 1790 5316 2015 5384; x_wconf 81' lang='lat' dir='ltr'><strong>amplius</strong></span> 
     </span>
    </p>
   </div>
   <div class='ocr_carea' id='block_1_103' title="bbox 518 5378 2018 5455">
    <p class='ocr_par' dir='ltr' id='par_1_103' title="bbox 518 5378 2018 5455">
     <span class='ocr_line' id='line_1_103' title="bbox 518 5378 2018 5455; baseline 0.007 -25"><span class='ocrx_word' id='word_1_747' title='bbox 518 5378 786 5455; x_wconf 76' lang='lat' dir='ltr'><strong>docerent.</strong></span> <span class='ocrx_word' id='word_1_748' title='bbox 811 5378 1331 5455; x_wconf 45' lang='lat' dir='ltr'><strong>cresos&#39;dimiserunt.</strong></span> <span class='ocrx_word' id='word_1_749' title='bbox 1350 5381 1659 5439; x_wconf 76' lang='lat' dir='ltr'><strong>Gamalielt’s</strong></span> <span class='ocrx_word' id='word_1_750' title='bbox 1681 5384 1744 5439; x_wconf 88' lang='lat' dir='ltr'><strong>de</strong></span> <span class='ocrx_word' id='word_1_751' title='bbox 1762 5378 2018 5455; x_wconf 79' lang='lat' dir='ltr'><strong>apostolis</strong></span> 
     </span>
    </p>
   </div>
   <div class='ocr_carea' id='block_1_104' title="bbox 524 5448 2023 5524">
    <p class='ocr_par' dir='ltr' id='par_1_104' title="bbox 524 5448 2023 5524">
     <span class='ocr_line' id='line_1_104' title="bbox 524 5448 2023 5524; baseline 0.006 -21"><span class='ocrx_word' id='word_1_752' title='bbox 524 5452 786 5524; x_wconf 71' lang='lat' dir='ltr'><strong>sententia</strong></span> <span class='ocrx_word' id='word_1_753' title='bbox 812 5448 986 5524; x_wconf 76' lang='lat' dir='ltr'><strong>ﬁdelis</strong></span> <span class='ocrx_word' id='word_1_754' title='bbox 1020 5468 1124 5524; x_wconf 79' lang='lat' dir='ltr'><strong>una</strong></span> <span class='ocrx_word' id='word_1_755' title='bbox 1149 5468 1266 5524; x_wconf 81' lang='lat' dir='ltr'><strong>cum</strong></span> <span class='ocrx_word' id='word_1_756' title='bbox 1317 5456 1571 5524; x_wconf 78' lang='lat' dir='ltr'><strong>exemplis</strong></span> <span class='ocrx_word' id='word_1_757' title='bbox 1630 5448 1903 5512; x_wconf 66' lang='lat' dir='ltr'><strong>nonmillis</strong></span> <span class='ocrx_word' id='word_1_758' title='bbox 1961 5472 2023 5512; x_wconf 86' lang='lat' dir='ltr'><strong>ac</strong></span> 
     </span>
    </p>
   </div>
   <div class='ocr_carea' id='block_1_105' title="bbox 518 5518 1287 5589">
    <p class='ocr_par' dir='ltr' id='par_1_105' title="bbox 518 5518 1287 5589">
     <span class='ocr_line' id='line_1_105' title="bbox 518 5518 1287 5589; baseline 0.007 -16"><span class='ocrx_word' id='word_1_759' title='bbox 518 5518 845 5589; x_wconf 70' lang='lat' dir='ltr'><strong>evidentibus</strong></span> <span class='ocrx_word' id='word_1_760' title='bbox 867 5521 1287 5589; x_wconf 80' lang='lat' dir='ltr'><strong>probationibus.</strong></span> 
     </span>
    </p>
   </div>
   <div class='ocr_carea' id='block_1_106' title="bbox 526 5609 2030 5689">
    <p class='ocr_par' dir='ltr' id='par_1_106' title="bbox 526 5609 2030 5689">
     <span class='ocr_line' id='line_1_106' title="bbox 526 5609 2030 5689; baseline 0.005 -25"><span class='ocrx_word' id='word_1_761' title='bbox 526 5609 589 5673; x_wconf 88' lang='lat' dir='ltr'><strong>V,</strong></span> <span class='ocrx_word' id='word_1_762' title='bbox 616 5611 800 5667; x_wconf 65' lang='lat'><strong>17-26.</strong></span> <span class='ocrx_word' id='word_1_763' title='bbox 835 5631 853 5664; x_wconf 75' lang='grc' dir='ltr'><strong>ι</strong></span> <span class='ocrx_word' id='word_1_764' title='bbox 897 5613 1209 5685; x_wconf 70' lang='lat' dir='ltr'><strong>Exsurgens</strong></span> <span class='ocrx_word' id='word_1_765' title='bbox 1254 5627 1434 5673; x_wconf 86' lang='lat' dir='ltr'><strong>autem</strong></span> <span class='ocrx_word' id='word_1_766' title='bbox 1484 5620 1737 5689; x_wconf 88' lang='lat' dir='ltr'><strong>princeps</strong></span> <span class='ocrx_word' id='word_1_767' title='bbox 1771 5619 2030 5675; x_wconf 83' lang='lat' dir='ltr'><strong>sacerdo-</strong></span> 
     </span>
    </p>
   </div>
   <div class='ocr_carea' id='block_1_107' title="bbox 460 5708 2033 5782">
    <p class='ocr_par' dir='ltr' id='par_1_107' title="bbox 460 5708 2033 5782">
     <span class='ocr_line' id='line_1_107' title="bbox 460 5708 2033 5782; baseline 0.006 -26"><span class='ocrx_word' id='word_1_768' title='bbox 460 5722 480 5756; x_wconf 81' lang='grc' dir='ltr'><strong>ι</strong></span> <span class='ocrx_word' id='word_1_769' title='bbox 526 5711 643 5758; x_wconf 84' lang='lat' dir='ltr'><strong>tum</strong></span> <span class='ocrx_word' id='word_1_770' title='bbox 691 5714 953 5761; x_wconf 85' lang='lat' dir='ltr'><strong>etonmes</strong></span> <span class='ocrx_word' id='word_1_771' title='bbox 984 5708 1076 5778; x_wconf 86' lang='lat' dir='ltr'><strong>qni</strong></span> <span class='ocrx_word' id='word_1_772' title='bbox 1114 5723 1235 5765; x_wconf 89' lang='lat' dir='ltr'><strong>eum</strong></span> <span class='ocrx_word' id='word_1_773' title='bbox 1263 5726 1327 5768; x_wconf 91' lang='lat' dir='ltr'><strong>co</strong></span> <span class='ocrx_word' id='word_1_774' title='bbox 1365 5720 1542 5777; x_wconf 89' lang='lat' dir='ltr'><strong>erant,</strong></span> <span class='ocrx_word' id='word_1_775' title='bbox 1580 5728 1701 5782; x_wconf 72' lang='lat' dir='ltr'><strong>qua:</strong></span> <span class='ocrx_word' id='word_1_776' title='bbox 1745 5721 1829 5767; x_wconf 83' lang='lat' dir='ltr'><strong>est</strong></span> <span class='ocrx_word' id='word_1_777' title='bbox 1883 5721 2033 5767; x_wconf 81' lang='lat' dir='ltr'><strong>secta</strong></span> 
     </span>
    </p>
   </div>
   <div class='ocr_carea' id='block_1_108' title="bbox 540 5862 1081 5933">
    <p class='ocr_par' dir='ltr' id='par_1_108' title="bbox 540 5862 1081 5933">
     <span class='ocr_line' id='line_1_108' title="bbox 540 5862 1081 5933; baseline 0.004 -14"><span class='ocrx_word' id='word_1_778' title='bbox 540 5862 585 5893; x_wconf 83' lang='lat'>&quot;</span> <span class='ocrx_word' id='word_1_779' title='bbox 622 5862 783 5919; x_wconf 81' lang='lat' dir='ltr'><strong>Joan.</strong></span> <span class='ocrx_word' id='word_1_780' title='bbox 835 5879 949 5933; x_wconf 79' lang='lat' dir='ltr'><strong>xiv,</strong></span> <span class='ocrx_word' id='word_1_781' title='bbox 992 5863 1081 5922; x_wconf 75' lang='grc'><strong>12.</strong></span> 
     </span>
    </p>
   </div>
   <div class='ocr_carea' id='block_1_109' title="bbox 2133 4662 3711 4739">
    <p class='ocr_par' dir='ltr' id='par_1_109' title="bbox 2133 4662 3711 4739">
     <span class='ocr_line' id='line_1_109' title="bbox 2133 4662 3711 4739; baseline 0 -20"><span class='ocrx_word' id='word_1_782' title='bbox 2133 4663 2354 4737; x_wconf 77' lang='grc' dir='ltr'>στολικὴ</span> <span class='ocrx_word' id='word_1_783' title='bbox 2383 4663 2540 4729; x_wconf 77' lang='grc' dir='ltr'>οὖσα,</span> <span class='ocrx_word' id='word_1_784' title='bbox 2578 4663 2741 4718; x_wconf 78' lang='grc' dir='ltr'>ἱκανὰ</span> <span class='ocrx_word' id='word_1_785' title='bbox 2799 4662 2863 4717; x_wconf 87' lang='grc' dir='ltr'><strong>τδ</strong></span> <span class='ocrx_word' id='word_1_786' title='bbox 2921 4664 3210 4734; x_wconf 79' lang='grc' dir='ltr'>μεγαλεῖον</span> <span class='ocrx_word' id='word_1_787' title='bbox 3261 4663 3560 4739; x_wconf 75' lang='grc' dir='ltr'>βραϐεῦσαι</span> <span class='ocrx_word' id='word_1_788' title='bbox 3596 4667 3711 4730; x_wconf 82' lang='grc' dir='ltr'>τοῖς</span> 
     </span>
    </p>
   </div>
   <div class='ocr_carea' id='block_1_110' title="bbox 2131 4749 2965 4825">
    <p class='ocr_par' dir='ltr' id='par_1_110' title="bbox 2131 4749 2965 4825">
     <span class='ocr_line' id='line_1_110' title="bbox 2131 4749 2965 4825; baseline 0.004 -18"><span class='ocrx_word' id='word_1_789' title='bbox 2131 4751 2275 4808; x_wconf 73' lang='grc' dir='ltr'>οὕτω</span> <span class='ocrx_word' id='word_1_790' title='bbox 2299 4752 2755 4825; x_wconf 88' lang='grc' dir='ltr'>προαιρουμένοις</span> <span class='ocrx_word' id='word_1_791' title='bbox 2795 4749 2965 4824; x_wconf 84' lang='grc' dir='ltr'>βιοῦν.</span> 
     </span>
    </p>
   </div>
   <div class='ocr_carea' id='block_1_111' title="bbox 2135 5022 3715 5098">
    <p class='ocr_par' dir='ltr' id='par_1_111' title="bbox 2135 5022 3715 5098">
     <span class='ocr_line' id='line_1_111' title="bbox 2135 5022 3715 5098; baseline -0.004 -14"><span class='ocrx_word' id='word_1_792' title='bbox 2135 5031 2259 5084; x_wconf 82' lang='grc' dir='ltr'>Ἔτι</span> <span class='ocrx_word' id='word_1_793' title='bbox 2280 5028 2424 5096; x_wconf 83' lang='grc' dir='ltr'>τοὺς</span> <span class='ocrx_word' id='word_1_794' title='bbox 2455 5027 2839 5095; x_wconf 71' lang='grc' dir='ltr'>ἀποστόλους</span> <span class='ocrx_word' id='word_1_795' title='bbox 2868 5026 3273 5098; x_wconf 70' lang='grc' dir='ltr'>ἐμϐληθέντας</span> <span class='ocrx_word' id='word_1_796' title='bbox 3300 5022 3380 5089; x_wconf 80' lang='grc' dir='ltr'>τῷ</span> <span class='ocrx_word' id='word_1_797' title='bbox 3415 5022 3715 5098; x_wconf 64' lang='grc' dir='ltr'>δεσμωτη-</span> 
     </span>
    </p>
   </div>
   <div class='ocr_carea' id='block_1_112' title="bbox 2193 5092 3717 5179">
    <p class='ocr_par' dir='ltr' id='par_1_112' title="bbox 2193 5092 3717 5179">
     <span class='ocr_line' id='line_1_112' title="bbox 2193 5092 3717 5179; baseline -0.007 -25"><span class='ocrx_word' id='word_1_798' title='bbox 2193 5100 2327 5179; x_wconf 64' lang='grc' dir='ltr'>ρίῳ,</span> <span class='ocrx_word' id='word_1_799' title='bbox 2367 5092 2622 5179; x_wconf 57' lang='grc' dir='ltr'>ᾷπῳζος</span> <span class='ocrx_word' id='word_1_800' title='bbox 2677 5092 2848 5179; x_wconf 40' lang='lat' dir='ltr'><strong>Gem?-</strong></span> <span class='ocrx_word' id='word_1_801' title='bbox 2872 5092 3111 5179; x_wconf 60' lang='grc' dir='ltr'><strong>ιὲύκτιιὶιρ¹</strong></span> <span class='ocrx_word' id='word_1_802' title='bbox 3154 5094 3435 5179; x_wconf 62' lang='grc' dir='ltr'>ὲξέωσετ.</span> <span class='ocrx_word' id='word_1_803' title='bbox 3484 5092 3717 5179; x_wconf 47' lang='lat' dir='ltr'><strong>saepe;</strong></span> 
     </span>
    </p>
   </div>
   <div class='ocr_carea' id='block_1_113' title="bbox 2201 5164 3717 5242">
    <p class='ocr_par' dir='ltr' id='par_1_113' title="bbox 2201 5164 3717 5242">
     <span class='ocr_line' id='line_1_113' title="bbox 2201 5164 3717 5242; baseline -0.006 -18"><span class='ocrx_word' id='word_1_804' title='bbox 2201 5164 2327 5242; x_wconf 60' lang='grc' dir='ltr'><strong>ψάς</strong></span> <span class='ocrx_word' id='word_1_805' title='bbox 2356 5164 2675 5242; x_wconf 49' lang='grc' dir='ltr'>ᾁὰῶξύτως</span> <span class='ocrx_word' id='word_1_806' title='bbox 2697 5170 3038 5242; x_wconf 62' lang='grc' dir='ltr'>κηρύσσειν</span> <span class='ocrx_word' id='word_1_807' title='bbox 3052 5164 3169 5242; x_wconf 51' lang='lat' dir='ltr'><strong>eos;</strong></span> <span class='ocrx_word' id='word_1_808' title='bbox 3204 5164 3472 5242; x_wconf 65' lang='lat' dir='ltr'><strong>‘Iqqoiir.</strong></span> 
     </span>
    </p>
   </div>
   <div class='ocr_carea' id='block_1_114' title="bbox 2200 5233 3718 5309">
    <p class='ocr_par' dir='ltr' id='par_1_114' title="bbox 2200 5233 3718 5309">
     <span class='ocr_line' id='line_1_114' title="bbox 2200 5233 3718 5309; baseline -0.007 -15"><span class='ocrx_word' id='word_1_809' title='bbox 2200 5233 2399 5309; x_wconf 65' lang='grc' dir='ltr'>ὅτίτῇ</span> <span class='ocrx_word' id='word_1_810' title='bbox 2416 5236 2563 5304; x_wconf 79' lang='grc' dir='ltr'>ἑξῆς</span> <span class='ocrx_word' id='word_1_811' title='bbox 2579 5233 2812 5309; x_wconf 62' lang='grc' dir='ltr'><strong>μῦτοῦὶ-</strong></span> <span class='ocrx_word' id='word_1_812' title='bbox 2833 5242 2884 5293; x_wconf 82' lang='grc' dir='ltr'>οὶ</span> <span class='ocrx_word' id='word_1_813' title='bbox 2904 5236 3195 5309; x_wconf 72' lang='grc' dir='ltr'>ἀρχιερεῖς</span> <span class='ocrx_word' id='word_1_814' title='bbox 3217 5233 3404 5289; x_wconf 75' lang='grc' dir='ltr'>πάλιν</span> <span class='ocrx_word' id='word_1_815' title='bbox 3416 5234 3718 5309; x_wconf 60' lang='grc' dir='ltr'>σύμαϐό-</span> 
     </span>
    </p>
   </div>
   <div class='ocr_carea' id='block_1_115' title="bbox 2188 5303 3717 5381">
    <p class='ocr_par' dir='ltr' id='par_1_115' title="bbox 2188 5303 3717 5381">
     <span class='ocr_line' id='line_1_115' title="bbox 2188 5303 3717 5381; baseline -0.008 -16"><span class='ocrx_word' id='word_1_816' title='bbox 2188 5303 2397 5381; x_wconf 58' lang='grc' dir='ltr'>μενοιξ</span> <span class='ocrx_word' id='word_1_817' title='bbox 2429 5303 2521 5380; x_wconf 67' lang='grc' dir='ltr'><strong>ἐφ’</strong></span> <span class='ocrx_word' id='word_1_818' title='bbox 2567 5303 2625 5377; x_wconf 79' lang='grc' dir='ltr'><strong>ᾤ’</strong></span> <span class='ocrx_word' id='word_1_819' title='bbox 2655 5303 2901 5381; x_wconf 57' lang='lat' dir='ltr'><strong>ﬁnxere}</strong></span> <span class='ocrx_word' id='word_1_820' title='bbox 2921 5303 3261 5381; x_wconf 69' lang='grc' dir='ltr'>διδᾴἁκειν,</span> <span class='ocrx_word' id='word_1_821' title='bbox 3308 5304 3717 5381; x_wconf 41' lang='grc' dir='ltr'>μ-αστίξαντξς</span> 
     </span>
    </p>
   </div>
   <div class='ocr_carea' id='block_1_116' title="bbox 2196 5375 3717 5453">
    <p class='ocr_par' dir='ltr' id='par_1_116' title="bbox 2196 5375 3717 5453">
     <span class='ocr_line' id='line_1_116' title="bbox 2196 5375 3717 5453; baseline -0.007 -18"><span class='ocrx_word' id='word_1_822' title='bbox 2196 5375 2538 5453; x_wconf 65' lang='grc' dir='ltr'>ἀπέλυσαν.</span> <span class='ocrx_word' id='word_1_823' title='bbox 2579 5375 2899 5453; x_wconf 51' lang='lat' dir='ltr'><strong>Primum}</strong></span> <span class='ocrx_word' id='word_1_824' title='bbox 2948 5375 3376 5453; x_wconf 49' lang='lat' dir='ltr'><strong>ﬁqumoth</strong></span> <span class='ocrx_word' id='word_1_825' title='bbox 3422 5376 3553 5453; x_wconf 69' lang='grc' dir='ltr'>πςρί</span> <span class='ocrx_word' id='word_1_826' title='bbox 3598 5375 3717 5453; x_wconf 51' lang='grc' dir='ltr'>τῶν·</span> 
     </span>
    </p>
   </div>
   <div class='ocr_carea' id='block_1_117' title="bbox 2197 5443 3836 5520">
    <p class='ocr_par' dir='ltr' id='par_1_117' title="bbox 2197 5443 3836 5520">
     <span class='ocr_line' id='line_1_117' title="bbox 2197 5443 3836 5520; baseline -0.007 -15"><span class='ocrx_word' id='word_1_827' title='bbox 2197 5452 2559 5505; x_wconf 67' lang='grc' dir='ltr'>ἀποστόλων</span> <span class='ocrx_word' id='word_1_828' title='bbox 2604 5443 2755 5520; x_wconf 57' lang='lat' dir='ltr'><strong>me</strong></span> <span class='ocrx_word' id='word_1_829' title='bbox 2803 5443 3292 5518; x_wconf 62' lang='grc' dir='ltr'>παραδειγμάτων</span> <span class='ocrx_word' id='word_1_830' title='bbox 3366 5443 3549 5498; x_wconf 79' lang='grc' dir='ltr'>τινῶν</span> <span class='ocrx_word' id='word_1_831' title='bbox 3612 5443 3714 5496; x_wconf 77' lang='grc' dir='ltr'>καὶ</span> <span class='ocrx_word' id='word_1_832' title='bbox 3827 5479 3836 5488; x_wconf 84' lang='grc'><strong>.</strong></span> 
     </span>
    </p>
   </div>
   <div class='ocr_carea' id='block_1_118' title="bbox 2202 5521 2593 5586">
    <p class='ocr_par' dir='ltr' id='par_1_118' title="bbox 2202 5521 2593 5586">
     <span class='ocr_line' id='line_1_118' title="bbox 2202 5521 2593 5586; baseline -0.003 -9"><span class='ocrx_word' id='word_1_833' title='bbox 2202 5521 2593 5586; x_wconf 70' lang='grc' dir='ltr'>ἀποδείξεων.</span> 
     </span>
    </p>
   </div>
   <div class='ocr_carea' id='block_1_119' title="bbox 2218 5605 3713 5685">
    <p class='ocr_par' dir='ltr' id='par_1_119' title="bbox 2218 5605 3713 5685">
     <span class='ocr_line' id='line_1_119' title="bbox 2218 5605 3713 5685; baseline -0.006 -17"><span class='ocrx_word' id='word_1_834' title='bbox 2218 5635 2237 5668; x_wconf 78' lang='grc' dir='ltr'><strong>ι</strong></span> <span class='ocrx_word' id='word_1_835' title='bbox 2256 5606 2530 5678; x_wconf 66' lang='grc' dir='ltr'><strong>¹Ἀναστὰς</strong></span> <span class='ocrx_word' id='word_1_836' title='bbox 2548 5614 2604 5668; x_wconf 81' lang='grc' dir='ltr'>δὲ</span> <span class='ocrx_word' id='word_1_837' title='bbox 2642 5615 2669 5668; x_wconf 89' lang='grc' dir='ltr'><strong>ό</strong></span> <span class='ocrx_word' id='word_1_838' title='bbox 2694 5613 2987 5685; x_wconf 77' lang='grc' dir='ltr'>ἀρχιερεὺς</span> <span class='ocrx_word' id='word_1_839' title='bbox 3008 5611 3101 5666; x_wconf 76' lang='grc' dir='ltr'>καὶ</span> <span class='ocrx_word' id='word_1_840' title='bbox 3131 5611 3329 5671; x_wconf 83' lang='grc' dir='ltr'>πάντες</span> <span class='ocrx_word' id='word_1_841' title='bbox 3350 5610 3401 5662; x_wconf 87' lang='grc' dir='ltr'><strong>οί</strong></span> <span class='ocrx_word' id='word_1_842' title='bbox 3418 5609 3513 5670; x_wconf 80' lang='grc' dir='ltr'><strong>σὺν</strong></span> <span class='ocrx_word' id='word_1_843' title='bbox 3536 5605 3713 5676; x_wconf 86' lang='grc' dir='ltr'>αὐτῷ,</span> 
     </span>
    </p>
   </div>
   <div class='ocr_carea' id='block_1_120' title="bbox 2146 5700 3716 5780">
    <p class='ocr_par' dir='ltr' id='par_1_120' title="bbox 2146 5700 3716 5780">
     <span class='ocr_line' id='line_1_120' title="bbox 2146 5700 3716 5780; baseline -0.006 -16"><span class='ocrx_word' id='word_1_844' title='bbox 2146 5729 2164 5764; x_wconf 81' lang='grc' dir='ltr'><strong>ι</strong></span> <span class='ocrx_word' id='word_1_845' title='bbox 2204 5708 2238 5780; x_wconf 81' lang='grc' dir='ltr'>ἡ</span> <span class='ocrx_word' id='word_1_846' title='bbox 2258 5703 2396 5763; x_wconf 74' lang='grc' dir='ltr'>οὖσα</span> <span class='ocrx_word' id='word_1_847' title='bbox 2410 5707 2619 5780; x_wconf 77' lang='grc' dir='ltr'>αἵρεσις</span> <span class='ocrx_word' id='word_1_848' title='bbox 2643 5706 2752 5762; x_wconf 85' lang='grc' dir='ltr'><strong>τῶν</strong></span> <span class='ocrx_word' id='word_1_849' title='bbox 2781 5705 3172 5773; x_wconf 81' lang='grc' dir='ltr'>Σαδδουκαίων,</span> <span class='ocrx_word' id='word_1_850' title='bbox 3186 5702 3531 5775; x_wconf 70' lang='grc' dir='ltr'>ἐπλήσθησαν</span> <span class='ocrx_word' id='word_1_851' title='bbox 3551 5700 3716 5773; x_wconf 76' lang='grc' dir='ltr'>ζήλου</span> 
     </span>
    </p>
   </div>
  </div>
