4058 6552
506 433 649 500 115‘

1594 435 1989 497 (ECUMENH
2034 435 2327 498 TRICCE
2363 439 2702 499 EPISCOPI

3660 441 3759 506 liti

501 553 851 610 solattoncnt,
889 548 1092 605 .udacis
1119 566 1246 605 vc:o
1279 551 1342 604 ad
1373 552 1661 607 utilitatem
1690 553 1943 608 exhibita
1970 560 2075 609 est.

2188 574 2359 625 μενοι,
2390 557 2691 621 εἰλθέλοιεν,
2722 554 3136 625 καταλήτξιειντνι
3173 558 3260 607 καὶ
3291 557 3441 609 αὐτοὶ
3502 558 3595 609 καὶ
3629 574 3758 608 παι-

504 642 827 714 lgnorarunt
856 650 1036 697 autem
1083 640 1257 698 Judaei
1289 642 1528 697 divinam
1584 660 1705 700 esse
1766 645 2087 715 potentiam,

504 743 559 789 nt
605 733 843 804 primum
891 734 946 788 in
1004 734 1337 803 agendorum
1393 735 1752 805 perplexitate
1804 735 2089 791 constituti

507 830 651 882 sicut
709 827 945 891 aiebam,
1015 828 1060 883 si
1115 827 1315 882 vellent
1365 828 1964 899 comprehenderentur
2032 838 2087 882 ct

506 921 608 989 ipsi
644 935 713 993 ac,
745 920 1091 975 docerentur.
1127 917 1209 973 illi
1236 934 1363 974 vero
1387 918 1527 975 adeo
1548 920 1806 975 excmcati
1839 928 1989 987 sunt,
2025 929 2084 974 ut

505 1028 681 1083 neque
720 1011 982 1067 auderent
1008 1011 1058 1065 vi
1096 1026 1127 1064 a
1158 1012 1358 1081 templo
1408 1011 1729 1067 abstrahere
1778 1012 2083 1083 apostolos,

501 1119 647 1175 quos
668 1113 848 1158 tamen
874 1104 1110 1158 maxime
1136 1103 1617 1173 abominabantur.
1661 1106 1742 1160 Ex
1782 1119 1892 1176 quo
1920 1104 2083 1160 etiam

504 1194 849 1251 manifestum
907 1202 993 1251 est
1017 1196 1345 1266 {gregariam
1413 1196 1627 1252 turbam
1662 1198 2076 1268 prudentiorem

508 1285 684 1341 fuisse
728 1284 976 1343 Judaicis
1005 1287 1348 1359 principibus
1381 1307 1396 1343 :
1440 1288 1586 1359 quod
1621 1304 1745 1344 cum
1785 1289 1864 1344 illi
1919 1288 2095 1345 rudes.

508 1386 720 1443 essent,
769 1394 801 1435 a
851 1379 1054 1436 divinis
1122 1382 1293 1451 signis
1340 1381 1571 1437 salutem
1627 1384 1791 1439 citius
1847 1383 2083 1454 amplexi

506 1470 616 1526 sint
647 1485 812 1541 quam
863 1473 1191 1545 legisperiti.
1239 1476 1368 1530 Ideo
1410 1484 1532 1545 post
1582 1477 1806 1530 multam
1861 1476 2083 1532 divino-

505 1578 625 1618 rum
651 1565 931 1633 signorum
966 1567 1214 1622 notitiam
1244 1582 1311 1623 ac
1337 1568 1719 1624 certitudinem
1747 1569 2086 1641 interrogant

505 1655 806 1726 legisperiti
839 1673 855 1713 :
892 1676 912 1711 ι
956 1656 1153 1715 Nonne
1182 1668 1454 1731 praecepto
1509 1661 1859 1732 praecipimus
1925 1661 2083 1718 vobis

505 1765 573 1803 ne
600 1749 993 1821 loqueremini:
1033 1772 1054 1806 ι
1093 1754 1258 1825 Atqui
1290 1755 1335 1809 si
1358 1754 1477 1810 solo
1504 1764 1796 1825 praecepto,
1818 1770 2082 1825 quorsum

504 1843 754 1899 custodia
831 1860 1201 1918 magnumque
1276 1848 1717 1903 munimentum!
1797 1849 2081 1921 Siquidem

503 1938 763 1994 custodes
787 1954 1006 2010 quoque
1042 1940 1358 1996 assidebant
1386 1942 1619 2008 carceri,
1657 1956 1891 2012 quorum
1923 1943 2072 1998 nulla

504 2027 666 2083 modo
698 2030 757 2083 lit
805 2030 1013 2085 mentio
1061 2030 1127 2086 ad
1167 2030 1594 2087 occultationem
1625 2032 1857 2101 angelici
1916 2033 2079 2087 mira-

504 2114 632 2175 culi:
671 2136 862 2176 verum
894 2121 1076 2178 dicere
1101 2130 1328 2194 possent
1379 2122 1614 2194 apostoli
1649 2132 1688 2177 ι·
1718 2123 1778 2178 Si
1801 2132 2078 2195 praecepto

482 2220 684 2268 ‘vestro
714 2220 902 2268 noster
923 2214 1086 2269 etiam
1127 2229 1391 2271 assensus
1433 2213 1501 2269 ad
1540 2214 1951 2270 observantiam
1974 2216 2076 2271 ad-

2192 648 2443 712 δευθῶσι,
2506 649 2657 702 θείαν
2714 643 2853 703 εἶναι
2905 649 3002 718 τὴν
3047 648 3296 717 δῦναμιν.
3325 651 3386 701 0i
3415 649 3469 701 δὲ
3505 647 3758 702 τοσοῦτον

2192 737 2580 810 ἐπηρώθησαν,
2605 738 2745 792 ὥστε
2778 738 2897 792 οὐδὲ
2926 739 3048 802 τοῦς
3084 739 3539 808 βδῖλυκτοτάτους
3570 740 3758 800 αὐτοῖς

2191 829 2519 892 ἀποστόλους
2549 829 2819 902 θαρρῆσαι
2871 830 3007 900 μετὰ
3058 829 3178 900 βίας
3230 829 3328 883 τοῦ
3387 829 3533 899 ἱεροῦ
3585 828 3757 899 ἀφελ-

2191 920 2373 976 κῦσαι.
2413 918 2528 987 Ἀφ’
2553 913 2613 973 οὗ
2637 920 2731 972 καὶ
2766 919 2923 989 δῆλον
2953 918 3027 981 ὡς
3069 918 3432 990 συνετώτερος
3462 922 3489 972 ὁ
3509 919 3762 987 ἀγελαῖος

2189 1012 2341 1083 ὄχλος
2372 1012 2480 1064 τῶν
2519 1011 2825 1066 Ἰουδαϊκῶν
2852 1011 3149 1083 ἀρχόντων,
3181 1012 3375 1065 θᾶττον
3407 1011 3635 1064 ἐκείνων
3650 1010 3761 1063 τῶν

2189 1105 2438 1175 ἑιμαθῶν,
2470 1105 2674 1159 τούτων
2710 1105 2820 1157 τῶν
2850 1104 3107 1175 νομικῶν,
3161 1105 3281 1167 ταῖς
3324 1103 3675 1173 θεοσημείαις
3701 1103 3763 1154 τὸ

2190 1199 2455 1271 σωτήριον
2509 1200 2996 1270 ἐπισπασαμένων.
3056 1198 3216 1251 Διόπε
3226 1216 3257 1267 ρ
3298 1197 3573 1267 ἐρωτῶσιν
3597 1197 3646 1249 οἱ
3673 1214 3763 1249 νο-

2191 1294 2343 1363 μικοὶ
2407 1292 2502 1346 ἐπὶ
2525 1292 2692 1364 πολλῇ
2751 1295 2817 1364 τῇ
2874 1292 3071 1362 γνώσει
3122 1291 3231 1345 τῶν
3297 1290 3632 1361 θεοσημειῶν
3668 1291 3762 1343 καὶ

2188 1384 2533 1456 πληροφορίᾳ
2553 1401 2566 1415 ·
2613 1404 2631 1437 ι
2658 1384 2732 1438 Οὐ
2765 1384 3115 1458 παραγγελία
3141 1382 3600 1455 παρηγγείλαμεν
3632 1383 3763 1452 ὑμῖν

2189 1476 2264 1547 μὴ
2284 1475 2461 1529 λαλεῖν
2484 1492 2532 1539 ;ι
2559 1474 2737 1529 καίτοι
2764 1477 2813 1529 εξ
2835 1474 3182 1547 παραγγελία
3203 1474 3362 1547 μόνῃ,
3392 1472 3525 1543 τίςή
3548 1472 3763 1545 φυλακὴ

2188 1566 2283 1621 καὶ
2314 1568 2347 1638 ἡ
2380 1565 2549 1638 πολλὴ
2572 1566 2842 1634 ἀσφάλεια
2872 1582 2888 1632 ;
2920 1566 3057 1639 πρὸς
3088 1565 3196 1638 γὰρ
3236 1568 3301 1636 τῇ
3335 1563 3613 1635 καθείρξει
3665 1565 3764 1617 καὶ

2186 1661 2422 1731 φύλακες
2450 1659 2847 1732 προσήδρευον,
2883 1652 2971 1712 ὧν
3005 1659 3064 1712 οὐ
3108 1658 3298 1730 μνήμη
3360 1657 3455 1711 νῦν
3506 1659 3587 1720 είς
3624 1659 3764 1711 ἀπο-

2184 1753 2395 1827 κρυόὴν
2415 1752 2512 1822 τῆς
2539 1750 2839 1821 ἀγγελικῆς
2890 1749 3356 1822 θαυματουργίας.
3414 1748 3563 1821 Πλὴν
3608 1747 3760 1801 ἐστιν

2184 1847 2359 1900 εἰπεῖν
2382 1862 2397 1877 ·
2438 1847 2500 1899 Ei
2530 1849 2597 1915 τῇ
2650 1843 2999 1915 παραγγελία
3046 1843 3199 1913 ὑμῶν
3232 1843 3384 1913 καὶὴ
3440 1840 3569 1913 παρ’
3601 1839 3764 1912 ἡμῶν

2186 1939 2320 2010 πρὸς
2349 1938 2596 2010 φυλακὴν
2633 1938 3036 2008 συγκατάθεσις
3072 1934 3402 2010 προσετέθη,
3435 1933 3647 2004 εὕλογοι
3699 1936 3758 1987 αί

2182 2032 2276 2086 νῦν
2307 2034 2393 2087 ἐπ’
2442 2032 2698 2103 ἀθέτησιν
2724 2032 3044 2104 ἀνακρίσεις
3072 2049 3131 2085 τε
3162 2032 3256 2085 και
3288 2029 3533 2084 εὐθῦναι.
3591 2030 3652 2083 Ei
3706 2029 3766 2082 δὲ

2182 2126 2388 2180 τούτων
2436 2126 2612 2194 οὐδὲν,
2664 2125 2916 2199 ἀφρόνων
2954 2126 3012 2181 αἱ
3057 2125 3151 2180 νῦν
3208 2126 3283 2189 ὡς
3314 2126 3406 2178 ἐπὶ
3451 2123 3763 2195 παραϐάσει

2183 2216 2525 2288 ἐπικλήσεις.
3118 2235 3128 2241 ‘

497 2304 722 2369 junctus
745 2314 847 2371 est,
887 2306 1241 2363 rationabiles
1267 2314 1454 2362 essent
1497 2319 1646 2361 nunc
1702 2305 1774 2361 ob
1818 2317 2063 2375 spretum
2109 2318 2440 2380 praeceptum
2506 2308 2966 2378 interrogationes
3018 2306 3181 2364 simul
3233 2314 3287 2363 et
3345 2305 3628 2362 examina.
3697 2305 3764 2360 Αι

504 2400 548 2450 si
590 2397 726 2451 nihil
773 2395 993 2459 borum,
1037 2396 1373 2452 dementium
1402 2402 1534 2453 sunt
1588 2395 1773 2461 modo,
1827 2397 1976 2452 velut
2014 2398 2086 2454 ob
2122 2400 2613 2471 transgressionem
2644 2397 3056 2470 appellationes.

576 2484 751 2553 V36,
779 2486 870 2541 27.
913 2505 933 2541 ι
970 2485 1427 2543 Timebantcnim
1462 2485 1697 2558 plebem,
1752 2501 1821 2542 ne
1878 2487 2073 2560 lapidi-

510 2595 529 2624 ο
570 2574 673 2630 bus
720 2576 1182 2645 opprimerentur.
1212 2576 1494 2632 Adductos
1551 2581 1734 2633 autem
1782 2576 1905 2633 illos
1967 2587 2075 2636 stac

508 2683 525 2715 ι
562 2672 785 2720 tuerunt
817 2665 870 2721 in
899 2667 1174 2723 concilio:
1212 2676 1267 2724 et
1308 2667 1669 2739 interrogavit
1708 2682 1804 2724 eos
1826 2670 2079 2743 princeps

511 2775 533 2808 ι
568 2757 911 2813 sacerdotum
939 2760 1147 2816 «licens.
1183 2779 1203 2812 ι

571 2849 617 2903 0
649 2848 979 2905 dementiam
1012 2851 1280 2907 istorum!
1320 2856 1413 2924 qui
1451 2858 1627 2916 turbas
1683 2862 1905 2932 quidem
1956 2878 2085 2933 pru-

499 2941 738 2996 dentiam
770 2942 960 2998 latenti
1007 2945 1203 3000 timore
1249 2960 1645 3018 cognoverant,
1684 2952 1959 3023 [similiter
2030 2964 2087 3011 et

504 3034 618 3097 Dei,
650 3034 743 3103 qui
781 3033 1074 3092 manifeste
1106 3053 1238 3094 suos
1269 3054 1486 3111 semper
1514 3042 1584 3100 de
1610 3045 1869 3103 manibus
1890 3062 2082 3103 eorum

499 3132 760 3191 tanquam
794 3124 1044 3181 volucres
1077 3127 1349 3199 eripiebat
1385 3148 1400 3185 :
1433 3148 1535 3189 nec
1588 3141 1773 3193 tamen
1829 3153 2074 3209 unquam

504 3213 751 3284 adoptari
775 3215 1093 3285 cupiebant.

554 3304 842 3378 ων,εε
879 3329 897 3360 ι
917 3307 1110 3367 Nonne
1129 3323 1401 3384 pra-cepto
1430 3319 1789 3387 praecepimus
1815 3322 1990 3389 vobis,
2011 3338 2079 3379 ne

508 3418 527 3449 ι
564 3400 842 3456 duceretis
871 3401 925 3455 in
943 3401 1045 3456 hoc
1068 3405 1290 3461 nomine
1306 3406 1330 3460 ’ἒ
1348 3414 1402 3462 et
1418 3422 1547 3464 ecce
1573 3410 1828 3480 replestis
1847 3411 2078 3469 Jerusa-

503 3510 521 3539 ι
564 3488 667 3543 lem
713 3489 962 3545 doctrina
999 3502 1200 3549 vestra.
1232 3512 1251 3546 ι
1546 3524 1549 3527 -

569 3579 665 3635 Vir
697 3582 1063 3653 propudiosus
1094 3594 1149 3641 et
1180 3587 1471 3658 improbus
1501 3598 1558 3645 et
1586 3593 1792 3649 stultus
1840 3610 1937 3651 eos
1996 3599 2078 3650 in-

499 3675 817 3745 terrogavit,
846 3694 866 3727 ι
910 3675 1103 3733 Nonne
1154 3689 1451 3752 praecepto,
1500 3692 1608 3741 etc.
1651 3705 1671 3738 ι
1745 3685 2078 3759 Ρταιςεριιιιιι

499 3765 716 3835 quidem
739 3767 854 3837 jam
903 3767 1111 3824 dictum
1153 3772 1496 3842 est.plenum
1538 3790 1662 3832 esse
1720 3779 2077 3847 temeritatis,

495 3867 551 3912 et
620 3857 954 3926 superﬂuum
1019 3874 1143 3916 esse
1169 3862 1357 3918 eadem
1395 3864 1605 3921 eisdem
1665 3867 1734 3923 de
1784 3871 1946 3927 rebus
1995 3887 2080 3927 re.

500 3958 704 4017 petere.

567 4039 628 4106 V,
661 4041 752 4109 9.8,
781 4042 870 4099 29.
905 4064 924 4098 ι
953 4045 1023 4101 Ει
1065 4047 1230 4102 vultis
1270 4046 1533 4107 inducere
1576 4067 1743 4124 super
1786 4070 1887 4111 nos
1944 4071 2074 4109 san-

498 4151 516 4184 ι
557 4135 776 4204 guinem
835 4139 937 4192 viri
980 4140 1164 4210 hujus.
1190 4139 1552 4212 Respondcns
1571 4156 1750 4200 autem
1775 4146 1964 4201 Simon
1986 4149 2083 4202 Pe-

499 4249 515 4275 ι
552 4235 671 4282 trus
712 4238 767 4283 et
795 4231 1049 4299 apostoli,
1081 4231 1362 4289 dixerunt.
1409 4253 1427 4285 ι

562 4319 757 4376 Adhuc
778 4323 863 4377 eis
887 4324 1070 4379 nudus
1095 4325 1260 4380 homo
1292 4325 1598 4383 videbatur.
1633 4327 1702 4383 Ut
1751 4338 1933 4384 autem
1986 4346 2080 4385 os-

454 4438 459 4445 -
492 4412 720 4468 tendant
754 4417 1130 4471 necessarium
1186 4417 1361 4474 fuisse
1393 4404 1748 4490 praeceptum,
1783 4428 1840 4477 et
1874 4431 1932 4476 ut
1967 4438 2083 4479 suae

505 4505 861 4572 providerent
909 4508 1101 4574 saluti,
1135 4516 1304 4582 utque
1344 4512 1754 4567 multitudinem
1818 4513 2084 4571 adversus

493 4595 621 4653 i.los
669 4599 1086 4665 exacerbarent,
1115 4601 1230 4657 haec
1261 4602 1537 4662 dlcebant.

566 4691 625 4757 V,
657 4693 760 4748 29-
781 4694 871 4749 5i.
901 4713 919 4746 ι
953 4692 1187 4751 Obedire
1209 4705 1426 4765 oportet
1451 4693 1561 4750 Deo
1594 4696 1767 4766 magis
1797 4712 1961 4767 quam
1985 4696 2086 4752 bo.-

497 4806 515 4837 ι
553 4788 814 4842 minibus.
838 4787 980 4843 Deus
1004 4798 1220 4858 patrum
1240 4798 1555 4843 nostrorum
1575 4788 2083 4859 suscitavitJesum,

496 4899 514 4929 ι
551 4894 711 4949 quem
745 4896 843 4935 vos
875 4881 1233 4936 interemistis
1266 4895 1596 4951 suspensum
1633 4884 1685 4936 in
1724 4884 1888 4953 ligno.
1927 4884 2085 4939 llunc

496 4990 515 5020 ι
554 4970 853 5041 principem
892 4982 945 5025 et
989 4969 1330 5027 Salvatorem
1366 4956 1509 5027 Deus
1535 4975 1794 5029 exaltavit
1858 4976 2082 5031 dextera

497 5080 514 5111 ι
556 5078 677 5117 sua.
716 5083 733 5112 ι

575 5155 710 5211 Vide
738 5167 947 5227 quanta
978 5156 1137 5212 luerit
1169 5172 1383 5224 eorum,
1406 5159 1500 5229 qui
1568 5160 2077 5231 interrogabantur,

492 5246 763 5302 modestia
790 5265 804 5302 :
828 5263 1006 5317 neque
1035 5247 1179 5302 enim
1214 5263 1340 5302 cum
1373 5249 1659 5304 ferocitate
1693 5253 2029 5321 respondent
2057 5270 2071 5307 :

491 5338 761 5409 siquidem
797 5349 1163 5411 praeceptores
1209 5351 1393 5408 erant,
1470 5359 1567 5398 nec
1629 5324 2077 5415 indignabantur,

491 5430 586 5485 sed
650 5431 1058 5488 miserabantur
1108 5448 1321 5500 eorum,
1378 5434 1544 5505 idque
1605 5436 1982 5499 intendebant,
2020 5443 2079 5490 ut

497 5523 625 5579 illos
652 5538 843 5580 errore
867 5525 1196 5582 eximerent.
1226 5526 1343 5582 Non
1397 5527 1542 5583 enim
1602 5527 1864 5583 adversus
1920 5528 2074 5599 ipsos

491 5619 657 5673 rixati
712 5628 844 5675 sunt
880 5640 893 5676 :
946 5630 1043 5678 aut
1100 5622 1226 5676 elati
1279 5622 1427 5677 dono
1461 5621 1745 5691 signorum
1779 5638 1807 5675 a
1843 5621 1950 5676 Deo
1984 5639 2079 5691 per

490 5729 587 5770 nos
638 5713 937 5780 editorum,
993 5715 1394 5772 contumeliose
1456 5714 1564 5769 illis
1646 5715 2075 5784 resspoudernnt,

491 5808 648 5878 ipsos
681 5807 950 5865 adversus
983 5811 1265 5865 stimulum
1291 5811 1583 5865 caleitrare
1615 5810 1874 5863 docentes
1905 5826 1919 5862 :
1980 5806 2077 5861 sed

504 5901 741 5973 primum
785 5902 1003 5972 quidem
1032 5904 1185 5959 aiunt
1210 5904 1579 5959 obedientiam
1619 5901 1727 5956 Deo
1770 5901 2075 5972 promptius

2258 2511 2276 2544 ι
2331 2491 2655 2561 Ἐφοὸοὖντο
2678 2493 2787 2561 γὰρ
2840 2489 2932 2544 τὸν
2970 2489 3118 2577 λαὸν,
3147 2489 3235 2543 ἵνα
3290 2487 3365 2559 μὴ
3416 2484 3766 2540 λιθασθῶσιν.

2192 2583 2519 2654 Ἀγαγόντες
2544 2584 2600 2639 δὲ
2632 2583 2830 2648 αὐτοὺς
2853 2583 3088 2653 ἔστησαν
3111 2585 3169 2637 ὲν
3213 2581 3287 2653 τῷ
3307 2581 3594 2654 συνεδρίῳ.
3650 2580 3767 2634 Καὶ

2182 2675 2538 2749 ἐπηρώτησεν
2576 2677 2771 2740 αὐτοὺς
2802 2677 2830 2730 ὀ
2857 2673 3146 2747 ἀρχιερεύς
3179 2691 3197 2725 ι

2263 2856 2327 2909 Ὢ
2356 2856 2454 2926 τῆς
2486 2852 2885 2926 ⁷ἐμϐρονιςησίτιις
2916 2852 3024 2907 τῶν
3047 2853 3135 2906 ἐπ’
3166 2851 3349 2923 ἀδήλῳ
3386 2852 3482 2923 μὲν
3512 2851 3588 2923 τῷ
3609 2851 3762 2921 φόὃῖρ

2190 2946 2282 3001 τοῦ
2310 2946 2469 3017 ὄχλου
2495 2946 2556 2998 τδ
2588 2945 2802 3017 σῶφρον
2831 2943 3245 3013 ὲπεγνωκότων,
3298 2942 3394 2997 τοῦ
3426 2944 3560 2997 Θεοῦ
3591 2943 3649 2996 δὲ
3672 2942 3771 2997 τοῦ

2195 3040 2472 3111 προδήλως
2511 3040 2599 3091 ἀεὶ
2630 3038 2737 3092 τῶν
2756 3037 2955 3109 χειρῶν
3000 3036 3182 3090 αὐτῶν
3228 3035 3479 3108 καθάπερ
3529 3038 3771 3107 πτηνοὺς

2187 3134 2313 3196 τοὺς
2341 3130 2537 3188 ἑαυτοῦ
2562 3130 2980 3203 ὲξαρπάζοντος,
3014 3130 3136 3202 μηδ’
3168 3130 3237 3201 ἤν
3295 3146 3419 3184 τινα
3463 3127 3615 3202 ὥραν
3655 3131 3769 3181 uio-

2108 3242 2153 3302 ρ
2192 3226 2459 3281 ποιεῖσθαι
2505 3225 3012 3296 προθυμουμένωνί

2262 3339 2280 3375 ι
2316 3320 2389 3375 Οὐ
2423 3319 2769 3391 παραγγελία
2802 3319 3260 3390 παρηγγείλαμεν
3306 3318 3457 3387 ὑμῖν,
3487 3316 3560 3387 μὴ
3611 3316 3764 3368 διδά-

2196 3431 2213 3464 ι
2248 3428 2399 3468 σκειν
2422 3414 2517 3465 ἐπὶ
2546 3413 2623 3482 τῷ
2654 3412 2876 3480 ὀνόματι
2905 3409 3084 3480 τούτῳ
3119 3426 3134 3476 ;
3176 3409 3272 3463 καὶ
3329 3409 3437 3462 ἰδοὺ
3471 3406 3769 3479 πεπληρώο

2195 3525 2212 3556 ι
2248 3522 2379 3559 κατε
2410 3504 2508 3576 τὴν
2547 3503 2895 3575 Ἰερουσαλὴμ
2928 3505 3027 3573 τῆς
3049 3503 3266 3575 διδαχῆς
3289 3501 3463 3572 ὑμῶν.
3496 3520 3515 3553 ι

2274 3596 2332 3651 Ὀ
2369 3597 2721 3665 ἀναίσχυντος
2752 3597 2846 3649 καί
2871 3596 3062 3666 ἰταμὸς
3114 3595 3208 3648 καὶ
3248 3594 3433 3665 μωρὸς
3478 3592 3769 3665 ἠρώτησεν

2190 3688 2437 3751 αὐτοὺς,‹
2462 3687 2596 3757 Οὐχὶ
2627 3687 3026 3758 παραγγελίᾳρ
3063 3687 3154 3740 καὶ
3175 3685 3323 3757 ἑξῆς.
3341 3686 3404 3738 Ἡ
3427 3684 3526 3756 μὲν
3553 3702 3771 3755 παραγ-

2190 3781 2344 3849 γελία
2375 3782 2456 3835 ὅτι
2490 3781 2662 3851 μεστὴ
2685 3781 3013 3852 ἐμπληξίας,
3053 3783 3268 3852 εἴρηται
3297 3780 3420 3851 ἤδη,
3445 3779 3539 3833 καὶ
3557 3778 3771 3849 παρέλο

2192 3892 2286 3929 κον
2316 3874 2385 3928 τὰ
2408 3875 2548 3928 αὐτὰ
2575 3875 2702 3945 περὶ
2729 3874 2836 3929 τῶν
2865 3874 3046 3929 αὐτῶν
3069 3873 3605 3945 ἐπαναλαμϐάνουσι.

2266 4074 2286 4106 ι
2326 4053 2436 4109 Καὶ
2470 4052 2725 4123 βούλεσθε
2752 4055 3052 4123 ἐπαγαγεῖν
3085 4056 3171 4124 ἐφ’
3201 4054 3351 4124 ἡμᾶς
3401 4051 3462 4105 τὸ
3497 4047 3635 4122 αἷμα
3672 4049 3770 4104 τοῦ

2197 4166 2215 4198 ‹
2253 4145 2542 4218 ἀνθρώπου
2566 4147 2797 4212 rod-:09;
2836 4146 3180 4215 Ἀποκριθεὶς
3194 4146 3250 4200 δὲ
3281 4148 3309 4201 ὁ
3334 4146 3539 4215 Πέτρος
3590 4146 3683 4199 καὶ
3722 4147 3772 4197 oi

2198 4257 2215 4288 ι
2253 4236 2591 4304 Ἀπόστολοι,
2619 4233 2789 4290 εἷπον.
2832 4256 2849 4288 ι

2266 4330 2386 4383 Ἔτι
2424 4331 2607 4392 αὐτοῖς
2640 4329 2794 4399 ψιλὸς
2852 4329 3138 4401 ἄνθρωπος
3176 4329 3374 4383 ἐδόκει.
3416 4328 3533 4382 Ἵνα
3563 4327 3618 4380 δὲ
3656 4325 3771 4380 δείο

2194 4420 2355 4486 ξωσιν
2383 4422 2465 4476 ὅτι
2486 4422 2761 4491 ἀναγκαία
2785 4417 2853 4493 ἦν
2892 4424 2924 4493 ἡ
2952 4421 3320 4493 παραγγελία,
3354 4422 3447 4475 καὶ
3476 4420 3650 4489 φειδοῖ
3670 4420 3769 4489 τῆς

2192 4518 2399 4582 οίκείας
2445 4516 2742 4588 σωτηρίας,
2786 4516 2882 4569 καὶ
2939 4515 3026 4567 ἵνα
3046 4514 3359 4586 τραχύνωσι
3409 4514 3531 4567 κατ’
3587 4511 3771 4566 αὐτῶν

2120 4609 2161 4664 Ι)
2195 4610 2254 4664 τὸ
2279 4608 2503 4680 πλῆθος,
2533 4608 2704 4662 ταῦτα
2734 4607 2938 4676 ἔλεγον.

2268 4720 2288 4754 ι
2334 4700 2658 4773 Πειθαρχεῖν
2685 4700 2768 4754 δεῖ
2813 4698 2932 4769 Θεῷ
2965 4699 3183 4770 μᾶλλον,
3226 4698 3257 4769 ἢ
3310 4694 3639 4767 ἀνθρώποις
3709 4695 3771 4749 Ὀ

2195 4814 2211 4844 ι
2249 4792 2381 4856 Θεὸς
2407 4792 2515 4845 τῶν
2540 4790 2795 4862 πατέρων
2818 4791 2974 4861 ἡμῶν
2996 4790 3215 4861 ἤγειρεν
3248 4787 3479 4860 Ἰησοῦν,
3511 4787 3571 4840 ὃν
3608 4787 3770 4857 ὑμεῖς

2193 4904 2212 4938 ι
2254 4883 2653 4956 διεχειρίσασθε
2705 4884 3088 4955 κρεμάσαντες
3128 4883 3224 4936 ἐπὶ
3273 4880 3448 4948 ξύλου.
3507 4879 3709 4932 Τοῦτον
3740 4882 3769 4933 ὁ

2193 4998 2209 5027 ι
2253 4976 2386 5041 Θεὸς
2412 4974 2655 5047 ἀρχηγὸν
2688 4975 2783 5028 καὶ
2820 4974 3049 5044 Σωτῆρα
3101 4973 3283 5043 ὓψωσε
3346 4974 3412 5041 τῇ
3464 4970 3616 5043 δεξιᾷ
3665 4972 3767 5026 αὐ-

2192 5088 2209 5118 ι
2247 5085 2362 5123 του.
2410 5080 2430 5120 ι

2257 5159 2459 5213 Σκόπει
2488 5159 2542 5213 δὲ
2569 5160 2671 5229 ὅση
2695 5161 2729 5229 ἡ
2753 5160 3025 5214 ἐπιείκεια
3065 5158 3173 5211 τῶν
3200 5156 3628 5227 ἐξεταζομένων.
3685 5154 3763 5208 Οὐ

2184 5252 2293 5322 γὰρ
2342 5251 2590 5322 θρασέως
2653 5251 3059 5321 ἀποκρίνονται.
3087 5250 3409 5305 Διδάσκαλοι
3437 5247 3544 5319 γὰρ
3577 5241 3757 5317 ἦσαν,

2184 5344 2281 5396 καὶ
2302 5342 2402 5395 οὐκ
2429 5342 2749 5414 ὠργίζοντο,
2784 5342 2898 5396 ἀλλ’
2935 5342 3127 5414 ἠλέουν
3190 5341 3410 5408 αὐτοὺς,
3464 5339 3561 5395 καὶ
3599 5338 3763 5391 ὲσκὸο

2184 5453 2319 5490 ⁴ιιουν
2340 5438 2490 5501 ὅπως
2524 5437 2721 5500 αὐτοὺς
2758 5437 3111 5501 ἁπαλλάξωσι
3160 5436 3261 5505 τῆς
3284 5436 3515 5506 πλάνης.
3540 5434 3613 5486 Οὐ
3655 5432 3763 5503 γὰρ

2183 5526 2472 5599 ἐνάμιλλον
2490 5529 2696 5595 αὐτοῖς,
2733 5529 2828 5583 ἐπὶ
2855 5532 2921 5601 τῇ
2945 5529 3013 5582 δι’
3043 5530 3243 5593 αὐτοὺς
3265 5526 3566 5598 θεοσημείᾳ
3596 5527 3759 5578 ἐπαι-

2187 5621 2427 5690 ρόμενοι,
2481 5620 2816 5691 ὑϐριστικῶς
2868 5622 3053 5685 αὐτοῖς
3103 5621 3423 5693 κέχρηνται,
3481 5620 3554 5691 μὴ
3620 5618 3758 5689 πρὸς

2182 5708 2386 5786 κέντρά
2419 5713 2695 5779 λακτίζειν
2716 5714 2914 5777 αὐτοὺς
2938 5713 3329 5778 συνετίζοντες.
3382 5713 3544 5766 Ἀλλὰ
3604 5712 3761 5782 πρῶ-

2184 5825 2276 5861 τον
2307 5808 2405 5878 μὲν
2435 5808 2513 5878 τῷ
2540 5807 2659 5877 Θεῷ
2690 5806 2972 5878 πειθήνιον
2998 5807 3397 5879 προτιμότερον
3455 5806 3760 5875 φάσκουσιν

2182 5900 2487 5974 ἀνθρώπων
2549 5900 2883 5967 ἀνατιθέναι,
2936 5900 3378 5972 ἀποῤῥητὸτερον
3434 5897 3631 5960 αὐτοὺς
3679 5894 3760 5949 δι-
