  <div class='ocr_page' id='page_1' title='image "/cluster/home/n/w/nwhite01/storage/ocr_20150623/118/hvd.32044019208149/076.png"; bbox 0 0 4058 6544; ppageno 0'>
   <div class='ocr_carea' id='block_1_1' title="bbox 367 349 464 413">
    <p class='ocr_par' dir='ltr' id='par_1_1' title="bbox 367 349 464 413">
     <span class='ocr_line' id='line_1_1' title="bbox 367 349 464 413; baseline 0.01 -1"><span class='ocrx_word' id='word_1_1' title='bbox 367 349 464 413; x_wconf 77' lang='grc' dir='ltr'><strong>ῙΠ</strong></span> 
     </span>
    </p>
   </div>
   <div class='ocr_carea' id='block_1_2' title="bbox 1361 361 2692 436">
    <p class='ocr_par' dir='ltr' id='par_1_2' title="bbox 1361 361 2692 436">
     <span class='ocr_line' id='line_1_2' title="bbox 1361 361 2692 436; baseline 0.014 -20"><span class='ocrx_word' id='word_1_2' title='bbox 1361 361 1746 423; x_wconf 65' lang='grc' dir='ltr'><strong>(ἸΟΜΜΕΝΤ.</strong></span> <span class='ocrx_word' id='word_1_3' title='bbox 1781 364 1858 424; x_wconf 74' lang='lat' dir='ltr'><strong>1N</strong></span> <span class='ocrx_word' id='word_1_4' title='bbox 1892 366 2081 426; x_wconf 77' lang='lat' dir='ltr'><strong>ACTA</strong></span> <span class='ocrx_word' id='word_1_5' title='bbox 2114 367 2692 436; x_wconf 82' lang='lat' dir='ltr'><strong>APOSTOLORUM.</strong></span> 
     </span>
    </p>
   </div>
   <div class='ocr_carea' id='block_1_3' title="bbox 3513 373 3625 438">
    <p class='ocr_par' dir='ltr' id='par_1_3' title="bbox 3513 373 3625 438">
     <span class='ocr_line' id='line_1_3' title="bbox 3513 373 3625 438; baseline 0 0"><span class='ocrx_word' id='word_1_6' title='bbox 3513 373 3625 438; x_wconf 68' lang='lat'><strong>118</strong></span> 
     </span>
    </p>
   </div>
   <div class='ocr_carea' id='block_1_4' title="bbox 360 460 1954 552">
    <p class='ocr_par' dir='ltr' id='par_1_4' title="bbox 360 464 1940 537">
     <span class='ocr_line' id='line_1_4' title="bbox 360 464 1940 537; baseline 0.007 -22"><span class='ocrx_word' id='word_1_7' title='bbox 360 464 678 530; x_wconf 60' lang='grc' dir='ltr'>ελέγχοντες</span> <span class='ocrx_word' id='word_1_8' title='bbox 707 464 780 529; x_wconf 75' lang='grc' dir='ltr'><strong>ὡς</strong></span> <span class='ocrx_word' id='word_1_9' title='bbox 835 467 1249 537; x_wconf 61' lang='grc' dir='ltr'>καταφρονητὰς</span> <span class='ocrx_word' id='word_1_10' title='bbox 1288 469 1393 521; x_wconf 78' lang='grc' dir='ltr'>τῶν</span> <span class='ocrx_word' id='word_1_11' title='bbox 1439 470 1503 522; x_wconf 78' lang='grc' dir='ltr'>δι’</span> <span class='ocrx_word' id='word_1_12' title='bbox 1534 472 1729 534; x_wconf 62' lang='grc' dir='ltr'>αὐτοὺς</span> <span class='ocrx_word' id='word_1_13' title='bbox 1756 472 1940 527; x_wconf 78' lang='grc' dir='ltr'>θεόθεν</span> 
     </span>
    </p>
   </div>
   <div class='ocr_carea' id='block_1_5' title="bbox 2061 460 3626 552">
    <p class='ocr_par' dir='ltr' id='par_1_5' title="bbox 2061 460 3626 552">
     <span class='ocr_line' id='line_1_5' title="bbox 2061 460 3626 552; baseline 0.004 -23"><span class='ocrx_word' id='word_1_14' title='bbox 2061 460 2386 535; x_wconf 64' lang='grc' dir='ltr'>’ϐίοι-ειιᾶιιηι</span> <span class='ocrx_word' id='word_1_15' title='bbox 2411 496 2533 549; x_wconf 82' lang='lat' dir='ltr'><strong>esse</strong></span> <span class='ocrx_word' id='word_1_16' title='bbox 2560 496 2724 552; x_wconf 90' lang='lat' dir='ltr'><strong>quam</strong></span> <span class='ocrx_word' id='word_1_17' title='bbox 2751 480 3070 536; x_wconf 85' lang='lat' dir='ltr'><strong>hominibus</strong></span> <span class='ocrx_word' id='word_1_18' title='bbox 3106 497 3119 535; x_wconf 93' lang='lat'><strong>:</strong></span> <span class='ocrx_word' id='word_1_19' title='bbox 3177 481 3449 538; x_wconf 70' lang='lat' dir='ltr'><strong>occultius</strong></span> <span class='ocrx_word' id='word_1_20' title='bbox 3476 483 3626 551; x_wconf 82' lang='lat' dir='ltr'><strong>ipsos</strong></span> 
     </span>
    </p>
   </div>
   <div class='ocr_carea' id='block_1_6' title="bbox 362 553 1940 635">
    <p class='ocr_par' dir='ltr' id='par_1_6' title="bbox 362 553 1940 635">
     <span class='ocr_line' id='line_1_6' title="bbox 362 553 1940 635; baseline 0.006 -25"><span class='ocrx_word' id='word_1_21' title='bbox 362 554 792 624; x_wconf 69' lang='grc' dir='ltr'>ἔκτελουμένων,</span> <span class='ocrx_word' id='word_1_22' title='bbox 841 553 957 610; x_wconf 74' lang='grc' dir='ltr'>εἶτα</span> <span class='ocrx_word' id='word_1_23' title='bbox 1018 559 1072 612; x_wconf 69' lang='grc' dir='ltr'>δὲ</span> <span class='ocrx_word' id='word_1_24' title='bbox 1109 560 1199 612; x_wconf 76' lang='grc' dir='ltr'>καὶ</span> <span class='ocrx_word' id='word_1_25' title='bbox 1254 561 1419 615; x_wconf 77' lang='grc' dir='ltr'>ὅτιὸν</span> <span class='ocrx_word' id='word_1_26' title='bbox 1472 564 1940 635; x_wconf 56' lang='grc' dir='ltr'>ἅνθρωποθιξαιλὸν</span> 
     </span>
    </p>
   </div>
   <div class='ocr_carea' id='block_1_7' title="bbox 363 642 1942 727">
    <p class='ocr_par' dir='ltr' id='par_1_7' title="bbox 363 642 1942 727">
     <span class='ocr_line' id='line_1_7' title="bbox 363 642 1942 727; baseline 0.007 -28"><span class='ocrx_word' id='word_1_27' title='bbox 363 642 735 709; x_wconf 74' lang='grc' dir='ltr'>ἀπεκάλεσαν,</span> <span class='ocrx_word' id='word_1_28' title='bbox 768 644 956 698; x_wconf 84' lang='grc' dir='ltr'>τοῦτον</span> <span class='ocrx_word' id='word_1_29' title='bbox 987 644 1124 701; x_wconf 81' lang='grc' dir='ltr'>εἶναι</span> <span class='ocrx_word' id='word_1_30' title='bbox 1155 650 1246 702; x_wconf 71' lang='grc' dir='ltr'>καὶ</span> <span class='ocrx_word' id='word_1_31' title='bbox 1271 649 1499 721; x_wconf 79' lang='grc' dir='ltr'>Σωτῆρα</span> <span class='ocrx_word' id='word_1_32' title='bbox 1559 656 1653 707; x_wconf 73' lang='grc' dir='ltr'>καὶ</span> <span class='ocrx_word' id='word_1_33' title='bbox 1708 656 1788 726; x_wconf 81' lang='grc' dir='ltr'><strong>τῷ</strong></span> <span class='ocrx_word' id='word_1_34' title='bbox 1823 656 1942 727; x_wconf 81' lang='grc' dir='ltr'><strong>Θεῷ</strong></span> 
     </span>
    </p>
   </div>
   <div class='ocr_carea' id='block_1_8' title="bbox 368 735 1940 818">
    <p class='ocr_par' dir='ltr' id='par_1_8' title="bbox 368 735 1940 818">
     <span class='ocr_line' id='line_1_8' title="bbox 368 735 1940 818; baseline 0.01 -32"><span class='ocrx_word' id='word_1_35' title='bbox 368 752 434 804; x_wconf 83' lang='grc' dir='ltr'><strong>με</strong></span> <span class='ocrx_word' id='word_1_36' title='bbox 444 735 580 805; x_wconf 77' lang='grc' dir='ltr'>μελη</span> <span class='ocrx_word' id='word_1_37' title='bbox 589 735 774 804; x_wconf 75' lang='grc' dir='ltr'>μένον,</span> <span class='ocrx_word' id='word_1_38' title='bbox 792 737 869 801; x_wconf 77' lang='grc' dir='ltr'>ὡς</span> <span class='ocrx_word' id='word_1_39' title='bbox 888 739 981 792; x_wconf 70' lang='grc' dir='ltr'>καὶ</span> <span class='ocrx_word' id='word_1_40' title='bbox 1016 740 1079 793; x_wconf 74' lang='grc' dir='ltr'>ἐκ</span> <span class='ocrx_word' id='word_1_41' title='bbox 1136 742 1346 813; x_wconf 76' lang='grc' dir='ltr'>νεκρῶν</span> <span class='ocrx_word' id='word_1_42' title='bbox 1398 745 1563 799; x_wconf 77' lang='grc' dir='ltr'>αὑτὸν</span> <span class='ocrx_word' id='word_1_43' title='bbox 1616 748 1940 818; x_wconf 79' lang='grc' dir='ltr'>ἀναστῆσαι.</span> 
     </span>
    </p>
   </div>
   <div class='ocr_carea' id='block_1_9' title="bbox 367 826 1940 911">
    <p class='ocr_par' dir='ltr' id='par_1_9' title="bbox 367 826 1940 911">
     <span class='ocr_line' id='line_1_9' title="bbox 367 826 1940 911; baseline 0.01 -33"><span class='ocrx_word' id='word_1_44' title='bbox 367 826 441 879; x_wconf 80' lang='lat' dir='ltr'><em>T6</em></span> <span class='ocrx_word' id='word_1_45' title='bbox 472 826 580 897; x_wconf 80' lang='grc' dir='ltr'>γὰρ</span> <span class='ocrx_word' id='word_1_46' title='bbox 601 827 780 900; x_wconf 72' lang='grc' dir='ltr'>οἰκείᾳ</span> <span class='ocrx_word' id='word_1_47' title='bbox 806 829 1035 897; x_wconf 69' lang='grc' dir='ltr'>φάσκειν</span> <span class='ocrx_word' id='word_1_48' title='bbox 1061 831 1204 902; x_wconf 77' lang='grc' dir='ltr'><strong>ἰσχύϊ</strong></span> <span class='ocrx_word' id='word_1_49' title='bbox 1222 834 1324 889; x_wconf 77' lang='grc' dir='ltr'><strong>οὐκ</strong></span> <span class='ocrx_word' id='word_1_50' title='bbox 1349 836 1588 909; x_wconf 81' lang='grc' dir='ltr'>ἀσφαλὲς</span> <span class='ocrx_word' id='word_1_51' title='bbox 1613 839 1748 903; x_wconf 82' lang='grc' dir='ltr'><strong>τέω;</strong></span> <span class='ocrx_word' id='word_1_52' title='bbox 1769 841 1940 911; x_wconf 80' lang='grc' dir='ltr'><strong>ἐρεῖν,</strong></span> 
     </span>
    </p>
   </div>
   <div class='ocr_carea' id='block_1_10' title="bbox 362 917 1944 995">
    <p class='ocr_par' dir='ltr' id='par_1_10' title="bbox 362 917 1944 995">
     <span class='ocr_line' id='line_1_10' title="bbox 362 917 1944 995; baseline 0.011 -28"><span class='ocrx_word' id='word_1_53' title='bbox 362 917 440 978; x_wconf 74' lang='grc' dir='ltr'>ὡς</span> <span class='ocrx_word' id='word_1_54' title='bbox 467 917 530 970; x_wconf 83' lang='grc' dir='ltr'>ἂν</span> <span class='ocrx_word' id='word_1_55' title='bbox 560 917 642 988; x_wconf 78' lang='grc' dir='ltr'>μὴ</span> <span class='ocrx_word' id='word_1_56' title='bbox 677 917 923 984; x_wconf 81' lang='grc' dir='ltr'>ἀντίθεος</span> <span class='ocrx_word' id='word_1_57' title='bbox 945 920 1119 991; x_wconf 76' lang='grc' dir='ltr'>τούτῳ</span> <span class='ocrx_word' id='word_1_58' title='bbox 1153 924 1449 995; x_wconf 75' lang='grc' dir='ltr'>νομίζοιτο.</span> <span class='ocrx_word' id='word_1_59' title='bbox 1490 926 1694 981; x_wconf 86' lang='grc' dir='ltr'>Τοῦτον</span> <span class='ocrx_word' id='word_1_60' title='bbox 1751 929 1810 982; x_wconf 85' lang='grc' dir='ltr'>δὲ</span> <span class='ocrx_word' id='word_1_61' title='bbox 1848 932 1944 985; x_wconf 83' lang='grc' dir='ltr'>τὸν</span> 
     </span>
    </p>
   </div>
   <div class='ocr_carea' id='block_1_11' title="bbox 364 1008 1946 1091">
    <p class='ocr_par' dir='ltr' id='par_1_11' title="bbox 364 1008 1946 1091">
     <span class='ocr_line' id='line_1_11' title="bbox 364 1008 1946 1091; baseline 0.008 -29"><span class='ocrx_word' id='word_1_62' title='bbox 364 1008 472 1062; x_wconf 68' lang='grc' dir='ltr'>ὑπὸ</span> <span class='ocrx_word' id='word_1_63' title='bbox 512 1009 653 1064; x_wconf 81' lang='grc' dir='ltr'>Θεοῦ</span> <span class='ocrx_word' id='word_1_64' title='bbox 701 1010 984 1081; x_wconf 58' lang='grc' dir='ltr'>ῦψωθέντα</span> <span class='ocrx_word' id='word_1_65' title='bbox 1040 1013 1238 1080; x_wconf 73' lang='grc' dir='ltr'>αὐτοὺς</span> <span class='ocrx_word' id='word_1_66' title='bbox 1292 1018 1697 1091; x_wconf 73' lang='grc' dir='ltr'><strong>διαχρήσασθαι</strong></span> <span class='ocrx_word' id='word_1_67' title='bbox 1733 1020 1946 1090; x_wconf 85' lang='grc' dir='ltr'>θανάτῳ</span> 
     </span>
    </p>
   </div>
   <div class='ocr_carea' id='block_1_12' title="bbox 370 1100 1943 1180">
    <p class='ocr_par' dir='ltr' id='par_1_12' title="bbox 370 1100 1943 1180">
     <span class='ocr_line' id='line_1_12' title="bbox 370 1100 1943 1180; baseline 0.01 -28"><span class='ocrx_word' id='word_1_68' title='bbox 370 1100 628 1172; x_wconf 83' lang='grc' dir='ltr'>σταυροῦ,</span> <span class='ocrx_word' id='word_1_69' title='bbox 686 1102 814 1158; x_wconf 77' lang='grc' dir='ltr'>ὅσου</span> <span class='ocrx_word' id='word_1_70' title='bbox 852 1104 949 1159; x_wconf 87' lang='grc' dir='ltr'><strong>τοῦ</strong></span> <span class='ocrx_word' id='word_1_71' title='bbox 983 1109 1396 1180; x_wconf 79' lang='grc' dir='ltr'>κατακρίματος</span> <span class='ocrx_word' id='word_1_72' title='bbox 1419 1110 1694 1179; x_wconf 83' lang='grc' dir='ltr'><strong>ὑπόδικον,</strong></span> <span class='ocrx_word' id='word_1_73' title='bbox 1727 1115 1802 1180; x_wconf 83' lang='grc' dir='ltr'>ὡς</span> <span class='ocrx_word' id='word_1_74' title='bbox 1834 1115 1943 1170; x_wconf 81' lang='grc' dir='ltr'><strong>ἀπὸ</strong></span> 
     </span>
    </p>
   </div>
   <div class='ocr_carea' id='block_1_13' title="bbox 367 1195 1766 1275">
    <p class='ocr_par' dir='ltr' id='par_1_13' title="bbox 367 1195 1766 1275">
     <span class='ocr_line' id='line_1_13' title="bbox 367 1195 1766 1275; baseline 0.011 -27"><span class='ocrx_word' id='word_1_75' title='bbox 367 1195 539 1268; x_wconf 73' lang='grc' dir='ltr'>κάρον</span> <span class='ocrx_word' id='word_1_76' title='bbox 570 1195 763 1262; x_wconf 78' lang='grc' dir='ltr'>ϐαθέος</span> <span class='ocrx_word' id='word_1_77' title='bbox 794 1198 1115 1269; x_wconf 78' lang='grc' dir='ltr'>ἑξανιστῶν,</span> <span class='ocrx_word' id='word_1_78' title='bbox 1144 1205 1513 1275; x_wconf 75' lang='grc' dir='ltr'><strong>προτρέπεται</strong></span> <span class='ocrx_word' id='word_1_79' title='bbox 1543 1208 1766 1263; x_wconf 79' lang='grc' dir='ltr'><strong>ἐννοεῖν.</strong></span> 
     </span>
    </p>
   </div>
   <div class='ocr_carea' id='block_1_14' title="bbox 446 1464 1949 1591">
    <p class='ocr_par' dir='ltr' id='par_1_14' title="bbox 446 1464 1949 1591">
     <span class='ocr_line' id='line_1_14' title="bbox 446 1464 1949 1591; baseline 0.019 -54"><span class='ocrx_word' id='word_1_80' title='bbox 446 1503 467 1535; x_wconf 79' lang='grc' dir='ltr'><strong>ι</strong></span> <span class='ocrx_word' id='word_1_81' title='bbox 497 1485 694 1591; x_wconf 44' lang='grc' dir='ltr'>ἑοῦναι</span> <span class='ocrx_word' id='word_1_82' title='bbox 729 1464 1017 1561; x_wconf 78' lang='grc' dir='ltr'>μετάνοιαν</span> <span class='ocrx_word' id='word_1_83' title='bbox 1037 1496 1116 1569; x_wconf 85' lang='grc' dir='ltr'>τῷ</span> <span class='ocrx_word' id='word_1_84' title='bbox 1149 1497 1390 1571; x_wconf 78' lang='grc' dir='ltr'>Ἰσραὴλ,</span> <span class='ocrx_word' id='word_1_85' title='bbox 1437 1505 1532 1559; x_wconf 77' lang='grc' dir='ltr'>καὶ</span> <span class='ocrx_word' id='word_1_86' title='bbox 1558 1505 1750 1575; x_wconf 74' lang='grc' dir='ltr'>ἄφεσιν</span> <span class='ocrx_word' id='word_1_87' title='bbox 1769 1509 1949 1581; x_wconf 80' lang='grc' dir='ltr'>ἁμαρ-</span> 
     </span>
    </p>
   </div>
   <div class='ocr_carea' id='block_1_15' title="bbox 377 1595 665 1635">
    <p class='ocr_par' dir='ltr' id='par_1_15' title="bbox 377 1595 665 1635">
     <span class='ocr_line' id='line_1_15' title="bbox 377 1595 665 1635; baseline 0.017 -8"><span class='ocrx_word' id='word_1_88' title='bbox 377 1595 396 1627; x_wconf 79' lang='grc' dir='ltr'><strong>ι</strong></span> <span class='ocrx_word' id='word_1_89' title='bbox 448 1595 599 1635; x_wconf 82' lang='grc' dir='ltr'>τιων.</span> <span class='ocrx_word' id='word_1_90' title='bbox 645 1601 665 1632; x_wconf 69' lang='grc' dir='ltr'><strong>Ι</strong></span> 
     </span>
    </p>
   </div>
   <div class='ocr_carea' id='block_1_16' title="bbox 446 1689 1945 1786">
    <p class='ocr_par' dir='ltr' id='par_1_16' title="bbox 446 1689 1945 1786">
     <span class='ocr_line' id='line_1_16' title="bbox 446 1689 1945 1786; baseline 0.02 -45"><span class='ocrx_word' id='word_1_91' title='bbox 446 1689 618 1786; x_wconf 40' lang='lat' dir='ltr'><strong>pii-th</strong></span> <span class='ocrx_word' id='word_1_92' title='bbox 636 1697 974 1786; x_wconf 82' lang='grc' dir='ltr'>μετεωρίσας</span> <span class='ocrx_word' id='word_1_93' title='bbox 1012 1702 1105 1753; x_wconf 78' lang='grc' dir='ltr'>τὸν</span> <span class='ocrx_word' id='word_1_94' title='bbox 1137 1705 1267 1776; x_wconf 74' lang='grc' dir='ltr'>περὶ</span> <span class='ocrx_word' id='word_1_95' title='bbox 1315 1707 1410 1760; x_wconf 88' lang='grc' dir='ltr'><strong>τοῦ</strong></span> <span class='ocrx_word' id='word_1_96' title='bbox 1463 1712 1704 1786; x_wconf 82' lang='grc' dir='ltr'>σταυροῦ</span> <span class='ocrx_word' id='word_1_97' title='bbox 1767 1715 1945 1785; x_wconf 79' lang='grc' dir='ltr'>λόγον,</span> 
     </span>
    </p>
   </div>
   <div class='ocr_carea' id='block_1_17' title="bbox 2053 576 3625 639">
    <p class='ocr_par' dir='ltr' id='par_1_17' title="bbox 2053 576 3625 639">
     <span class='ocr_line' id='line_1_17' title="bbox 2053 576 3625 639; baseline 0.006 -22"><span class='ocrx_word' id='word_1_98' title='bbox 2053 576 2380 624; x_wconf 74' lang='lat' dir='ltr'><strong>accusantes</strong></span> <span class='ocrx_word' id='word_1_99' title='bbox 2438 578 2699 639; x_wconf 80' lang='lat' dir='ltr'><strong>tanqu-ant</strong></span> <span class='ocrx_word' id='word_1_100' title='bbox 2755 577 3164 638; x_wconf 83' lang='lat' dir='ltr'><strong>contemptores</strong></span> <span class='ocrx_word' id='word_1_101' title='bbox 3229 584 3442 634; x_wconf 89' lang='lat' dir='ltr'><strong>eorum,</strong></span> <span class='ocrx_word' id='word_1_102' title='bbox 3504 587 3625 638; x_wconf 80' lang='lat' dir='ltr'><strong>qua:</strong></span> 
     </span>
    </p>
   </div>
   <div class='ocr_carea' id='block_1_18' title="bbox 2046 661 3624 730">
    <p class='ocr_par' dir='ltr' id='par_1_18' title="bbox 2046 661 3624 730">
     <span class='ocr_line' id='line_1_18' title="bbox 2046 661 3624 730; baseline 0.003 -19"><span class='ocrx_word' id='word_1_103' title='bbox 2046 668 2270 728; x_wconf 88' lang='lat' dir='ltr'><strong>propter</strong></span> <span class='ocrx_word' id='word_1_104' title='bbox 2310 661 2433 716; x_wconf 88' lang='lat' dir='ltr'><strong>illos</strong></span> <span class='ocrx_word' id='word_1_105' title='bbox 2460 670 2678 730; x_wconf 85' lang='lat' dir='ltr'><strong>peracta</strong></span> <span class='ocrx_word' id='word_1_106' title='bbox 2704 670 2883 718; x_wconf 90' lang='lat' dir='ltr'><strong>erant.</strong></span> <span class='ocrx_word' id='word_1_107' title='bbox 2926 661 3135 727; x_wconf 79' lang='lat' dir='ltr'><strong>Deinde</strong></span> <span class='ocrx_word' id='word_1_108' title='bbox 3164 662 3330 718; x_wconf 86' lang='lat' dir='ltr'><strong>etiam</strong></span> <span class='ocrx_word' id='word_1_109' title='bbox 3372 663 3518 730; x_wconf 84' lang='lat' dir='ltr'><strong>quod</strong></span> <span class='ocrx_word' id='word_1_110' title='bbox 3576 665 3624 716; x_wconf 84' lang='lat' dir='ltr'><strong>is</strong></span> 
     </span>
    </p>
   </div>
   <div class='ocr_carea' id='block_1_19' title="bbox 2045 752 3627 826">
    <p class='ocr_par' dir='ltr' id='par_1_19' title="bbox 2045 752 3627 826">
     <span class='ocr_line' id='line_1_19' title="bbox 2045 752 3627 826; baseline 0.002 -20"><span class='ocrx_word' id='word_1_111' title='bbox 2045 765 2207 821; x_wconf 83' lang='lat' dir='ltr'><strong>quem</strong></span> <span class='ocrx_word' id='word_1_112' title='bbox 2252 752 2355 818; x_wconf 84' lang='lat' dir='ltr'><strong>ipsi</strong></span> <span class='ocrx_word' id='word_1_113' title='bbox 2407 755 2613 811; x_wconf 85' lang='lat' dir='ltr'><strong>nudum</strong></span> <span class='ocrx_word' id='word_1_114' title='bbox 2651 755 3245 826; x_wconf 87' lang='lat' dir='ltr'><strong>hominemappellant,</strong></span> <span class='ocrx_word' id='word_1_115' title='bbox 3292 762 3348 808; x_wconf 91' lang='lat' dir='ltr'><strong>et</strong></span> <span class='ocrx_word' id='word_1_116' title='bbox 3374 754 3627 813; x_wconf 82' lang='lat' dir='ltr'><strong>Salvator</strong></span> 
     </span>
    </p>
   </div>
   <div class='ocr_carea' id='block_1_20' title="bbox 2059 843 3628 909">
    <p class='ocr_par' dir='ltr' id='par_1_20' title="bbox 2059 843 3628 909">
     <span class='ocr_line' id='line_1_20' title="bbox 2059 843 3628 909; baseline -0.001 -10"><span class='ocrx_word' id='word_1_117' title='bbox 2059 853 2200 909; x_wconf 89' lang='lat' dir='ltr'><strong>erat,</strong></span> <span class='ocrx_word' id='word_1_118' title='bbox 2233 851 2289 900; x_wconf 89' lang='lat' dir='ltr'><strong>et</strong></span> <span class='ocrx_word' id='word_1_119' title='bbox 2320 843 2465 901; x_wconf 89' lang='lat' dir='ltr'><strong>Deus</strong></span> <span class='ocrx_word' id='word_1_120' title='bbox 2513 855 2718 901; x_wconf 85' lang='lat' dir='ltr'><strong>tantam</strong></span> <span class='ocrx_word' id='word_1_121' title='bbox 2759 847 2907 903; x_wconf 88' lang='lat' dir='ltr'><strong>illius</strong></span> <span class='ocrx_word' id='word_1_122' title='bbox 2943 860 3132 902; x_wconf 84' lang='lat' dir='ltr'><strong>curam</strong></span> <span class='ocrx_word' id='word_1_123' title='bbox 3192 845 3485 907; x_wconf 77' lang='lat' dir='ltr'><strong>habuerat,</strong></span> <span class='ocrx_word' id='word_1_124' title='bbox 3516 853 3628 899; x_wconf 89' lang='lat' dir='ltr'><strong>uta</strong></span> 
     </span>
    </p>
   </div>
   <div class='ocr_carea' id='block_1_21' title="bbox 2046 930 3632 1008">
    <p class='ocr_par' dir='ltr' id='par_1_21' title="bbox 2046 930 3632 1008">
     <span class='ocr_line' id='line_1_21' title="bbox 2046 930 3632 1008; baseline -0.001 -19"><span class='ocrx_word' id='word_1_125' title='bbox 2046 935 2278 993; x_wconf 78' lang='lat' dir='ltr'><strong>mortuis</strong></span> <span class='ocrx_word' id='word_1_126' title='bbox 2296 937 2476 1008; x_wconf 90' lang='lat' dir='ltr'><strong>ipsum</strong></span> <span class='ocrx_word' id='word_1_127' title='bbox 2505 938 2817 994; x_wconf 81' lang='lat' dir='ltr'><strong>suscitaret.</strong></span> <span class='ocrx_word' id='word_1_128' title='bbox 2840 937 2974 993; x_wconf 87' lang='lat' dir='ltr'><strong>Nam</strong></span> <span class='ocrx_word' id='word_1_129' title='bbox 3001 937 3193 993; x_wconf 80' lang='lat' dir='ltr'><strong>dicere</strong></span> <span class='ocrx_word' id='word_1_130' title='bbox 3212 937 3370 991; x_wconf 81' lang='lat' dir='ltr'><strong>ilium</strong></span> <span class='ocrx_word' id='word_1_131' title='bbox 3404 930 3632 1006; x_wconf 79' lang='lat' dir='ltr'><strong>propria</strong></span> 
     </span>
    </p>
   </div>
   <div class='ocr_carea' id='block_1_22' title="bbox 2048 1029 3628 1097">
    <p class='ocr_par' dir='ltr' id='par_1_22' title="bbox 2048 1029 3628 1097">
     <span class='ocr_line' id='line_1_22' title="bbox 2048 1029 3628 1097; baseline 0.001 -13"><span class='ocrx_word' id='word_1_132' title='bbox 2048 1029 2359 1085; x_wconf 75' lang='lat' dir='ltr'><strong>surrexisse</strong></span> <span class='ocrx_word' id='word_1_133' title='bbox 2392 1030 2612 1097; x_wconf 86' lang='lat' dir='ltr'><strong>virtute,</strong></span> <span class='ocrx_word' id='word_1_134' title='bbox 2649 1030 2867 1086; x_wconf 88' lang='lat' dir='ltr'><strong>interim</strong></span> <span class='ocrx_word' id='word_1_135' title='bbox 2913 1039 3088 1086; x_wconf 85' lang='lat' dir='ltr'><strong>tutum</strong></span> <span class='ocrx_word' id='word_1_136' title='bbox 3114 1029 3360 1086; x_wconf 87' lang='lat' dir='ltr'><strong>nondum</strong></span> <span class='ocrx_word' id='word_1_137' title='bbox 3391 1036 3531 1092; x_wconf 88' lang='lat' dir='ltr'><strong>erat,</strong></span> <span class='ocrx_word' id='word_1_138' title='bbox 3557 1041 3628 1085; x_wconf 75' lang='lat' dir='ltr'><strong>ne</strong></span> 
     </span>
    </p>
   </div>
   <div class='ocr_carea' id='block_1_23' title="bbox 2049 1120 3630 1193">
    <p class='ocr_par' dir='ltr' id='par_1_23' title="bbox 2049 1120 3630 1193">
     <span class='ocr_line' id='line_1_23' title="bbox 2049 1120 3630 1193; baseline -0.004 -17"><span class='ocrx_word' id='word_1_139' title='bbox 2049 1121 2195 1193; x_wconf 83' lang='lat' dir='ltr'><strong>apud</strong></span> <span class='ocrx_word' id='word_1_140' title='bbox 2233 1122 2381 1178; x_wconf 90' lang='lat' dir='ltr'><strong>hunc</strong></span> <span class='ocrx_word' id='word_1_141' title='bbox 2414 1122 2823 1180; x_wconf 81' lang='lat' dir='ltr'><strong>existimaretur</strong></span> <span class='ocrx_word' id='word_1_142' title='bbox 2850 1122 2960 1179; x_wconf 89' lang='lat' dir='ltr'><strong>Deo</strong></span> <span class='ocrx_word' id='word_1_143' title='bbox 2989 1120 3402 1180; x_wconf 80' lang='lat' dir='ltr'><strong>contrarius.Ut</strong></span> <span class='ocrx_word' id='word_1_144' title='bbox 3447 1127 3630 1177; x_wconf 83' lang='lat' dir='ltr'><strong>autem</strong></span> 
     </span>
    </p>
   </div>
   <div class='ocr_carea' id='block_1_24' title="bbox 2051 1212 3637 1287">
    <p class='ocr_par' dir='ltr' id='par_1_24' title="bbox 2051 1212 3637 1287">
     <span class='ocr_line' id='line_1_24' title="bbox 2051 1212 3637 1287; baseline -0.004 -18"><span class='ocrx_word' id='word_1_145' title='bbox 2051 1228 2083 1269; x_wconf 88' lang='lat' dir='ltr'><strong>a</strong></span> <span class='ocrx_word' id='word_1_146' title='bbox 2114 1212 2387 1284; x_wconf 84' lang='lat' dir='ltr'><strong>profundo</strong></span> <span class='ocrx_word' id='word_1_147' title='bbox 2417 1215 2622 1273; x_wconf 70' lang='lat' dir='ltr'><strong>excitet</strong></span> <span class='ocrx_word' id='word_1_148' title='bbox 2646 1230 2865 1287; x_wconf 85' lang='lat' dir='ltr'><strong>sopore.</strong></span> <span class='ocrx_word' id='word_1_149' title='bbox 2888 1214 3302 1271; x_wconf 76' lang='lat' dir='ltr'><strong>exhortatoriad</strong></span> <span class='ocrx_word' id='word_1_150' title='bbox 3334 1212 3637 1282; x_wconf 73' lang='lat' dir='ltr'><strong>intelligen-</strong></span> 
     </span>
    </p>
   </div>
   <div class='ocr_carea' id='block_1_25' title="bbox 2049 1305 3637 1377">
    <p class='ocr_par' dir='ltr' id='par_1_25' title="bbox 2049 1305 3637 1377">
     <span class='ocr_line' id='line_1_25' title="bbox 2049 1305 3637 1377; baseline -0.002 -16"><span class='ocrx_word' id='word_1_151' title='bbox 2049 1305 2182 1361; x_wconf 86' lang='lat' dir='ltr'><strong>dum</strong></span> <span class='ocrx_word' id='word_1_152' title='bbox 2204 1315 2426 1377; x_wconf 65' lang='lat' dir='ltr'><strong>quanta:</strong></span> <span class='ocrx_word' id='word_1_153' title='bbox 2449 1307 2786 1364; x_wconf 81' lang='lat' dir='ltr'><strong>damnationi</strong></span> <span class='ocrx_word' id='word_1_154' title='bbox 2818 1307 2891 1363; x_wconf 87' lang='lat' dir='ltr'><strong>sit</strong></span> <span class='ocrx_word' id='word_1_155' title='bbox 2923 1306 3225 1362; x_wconf 76' lang='lat' dir='ltr'><strong>obnoxium</strong></span> <span class='ocrx_word' id='word_1_156' title='bbox 3257 1306 3410 1377; x_wconf 86' lang='lat' dir='ltr'><strong>ipsos</strong></span> <span class='ocrx_word' id='word_1_157' title='bbox 3432 1305 3575 1360; x_wconf 83' lang='lat' dir='ltr'><strong>hunc</strong></span> <span class='ocrx_word' id='word_1_158' title='bbox 3605 1318 3637 1358; x_wconf 86' lang='lat' dir='ltr'><strong>a</strong></span> 
     </span>
    </p>
   </div>
   <div class='ocr_carea' id='block_1_26' title="bbox 2052 1395 3312 1453">
    <p class='ocr_par' dir='ltr' id='par_1_26' title="bbox 2052 1395 3312 1453">
     <span class='ocr_line' id='line_1_26' title="bbox 2052 1395 3312 1453; baseline -0.001 -3"><span class='ocrx_word' id='word_1_159' title='bbox 2052 1395 2165 1453; x_wconf 86' lang='lat' dir='ltr'><strong>Deo</strong></span> <span class='ocrx_word' id='word_1_160' title='bbox 2193 1398 2490 1453; x_wconf 77' lang='lat' dir='ltr'><strong>exaltatum</strong></span> <span class='ocrx_word' id='word_1_161' title='bbox 2523 1407 2696 1453; x_wconf 87' lang='lat' dir='ltr'><strong>morte</strong></span> <span class='ocrx_word' id='word_1_162' title='bbox 2724 1398 2910 1453; x_wconf 89' lang='lat' dir='ltr'><strong>crucis</strong></span> <span class='ocrx_word' id='word_1_163' title='bbox 2945 1397 3312 1453; x_wconf 85' lang='lat' dir='ltr'><strong>interemisse.</strong></span> 
     </span>
    </p>
   </div>
   <div class='ocr_carea' id='block_1_27' title="bbox 2127 1507 3637 1583">
    <p class='ocr_par' dir='ltr' id='par_1_27' title="bbox 2127 1507 3637 1583">
     <span class='ocr_line' id='line_1_27' title="bbox 2127 1507 3637 1583; baseline -0.002 -21"><span class='ocrx_word' id='word_1_164' title='bbox 2127 1528 2145 1562; x_wconf 75' lang='grc' dir='ltr'><strong>ι</strong></span> <span class='ocrx_word' id='word_1_165' title='bbox 2184 1509 2267 1564; x_wconf 83' lang='lat' dir='ltr'><strong>Ad</strong></span> <span class='ocrx_word' id='word_1_166' title='bbox 2292 1509 2529 1566; x_wconf 81' lang='lat' dir='ltr'><strong>dandam</strong></span> <span class='ocrx_word' id='word_1_167' title='bbox 2553 1511 2926 1583; x_wconf 69' lang='lat' dir='ltr'><strong>paenitentiam</strong></span> <span class='ocrx_word' id='word_1_168' title='bbox 2951 1510 3140 1577; x_wconf 84' lang='lat' dir='ltr'><strong>Israel,</strong></span> <span class='ocrx_word' id='word_1_169' title='bbox 3165 1524 3227 1564; x_wconf 85' lang='lat' dir='ltr'><strong>ac</strong></span> <span class='ocrx_word' id='word_1_170' title='bbox 3258 1507 3637 1564; x_wconf 85' lang='lat' dir='ltr'><strong>remissionem</strong></span> 
     </span>
    </p>
   </div>
   <div class='ocr_carea' id='block_1_28' title="bbox 2057 1608 2537 1671">
    <p class='ocr_par' dir='ltr' id='par_1_28' title="bbox 2057 1608 2537 1671">
     <span class='ocr_line' id='line_1_28' title="bbox 2057 1608 2537 1671; baseline 0.002 -18"><span class='ocrx_word' id='word_1_171' title='bbox 2057 1619 2091 1653; x_wconf 85' lang='lat' dir='ltr'><strong>r</strong></span> <span class='ocrx_word' id='word_1_172' title='bbox 2122 1608 2495 1671; x_wconf 80' lang='lat' dir='ltr'><strong>peccatorum.</strong></span> <span class='ocrx_word' id='word_1_173' title='bbox 2518 1620 2537 1653; x_wconf 72' lang='grc' dir='ltr'><strong>ι</strong></span> 
     </span>
    </p>
   </div>
   <div class='ocr_carea' id='block_1_29' title="bbox 2152 1715 3640 1788">
    <p class='ocr_par' dir='ltr' id='par_1_29' title="bbox 2152 1715 3640 1788">
     <span class='ocr_line' id='line_1_29' title="bbox 2152 1715 3640 1788; baseline -0.005 -16"><span class='ocrx_word' id='word_1_174' title='bbox 2152 1715 2263 1788; x_wconf 83' lang='lat'><strong>50</strong></span> <span class='ocrx_word' id='word_1_175' title='bbox 2298 1715 2432 1772; x_wconf 88' lang='lat' dir='ltr'><strong>Cum</strong></span> <span class='ocrx_word' id='word_1_176' title='bbox 2464 1732 2771 1773; x_wconf 89' lang='lat' dir='ltr'><strong>sermonem</strong></span> <span class='ocrx_word' id='word_1_177' title='bbox 2803 1718 2870 1773; x_wconf 88' lang='lat' dir='ltr'><strong>de</strong></span> <span class='ocrx_word' id='word_1_178' title='bbox 2900 1732 3065 1773; x_wconf 90' lang='lat' dir='ltr'><strong>cruce</strong></span> <span class='ocrx_word' id='word_1_179' title='bbox 3097 1716 3234 1773; x_wconf 88' lang='lat' dir='ltr'><strong>adeo</strong></span> <span class='ocrx_word' id='word_1_180' title='bbox 3268 1715 3640 1777; x_wconf 84' lang='lat' dir='ltr'><strong>sublimasset,</strong></span> 
     </span>
    </p>
   </div>
   <div class='ocr_carea' id='block_1_30' title="bbox 372 1780 1954 1892">
    <p class='ocr_par' dir='ltr' id='par_1_30' title="bbox 372 1780 1945 1892">
     <span class='ocr_line' id='line_1_30' title="bbox 372 1780 1945 1892; baseline 0.022 -62"><span class='ocrx_word' id='word_1_181' title='bbox 372 1780 470 1892; x_wconf 49' lang='grc' dir='ltr'>ἰαὶ</span> <span class='ocrx_word' id='word_1_182' title='bbox 495 1781 572 1845; x_wconf 82' lang='grc' dir='ltr'>ὠς</span> <span class='ocrx_word' id='word_1_183' title='bbox 595 1783 981 1854; x_wconf 82' lang='grc' dir='ltr'>ἀσύγγνωστον</span> <span class='ocrx_word' id='word_1_184' title='bbox 1008 1796 1325 1868; x_wconf 78' lang='grc' dir='ltr'>κατάκριμα</span> <span class='ocrx_word' id='word_1_185' title='bbox 1361 1802 1474 1864; x_wconf 83' lang='grc' dir='ltr'>τοῖς</span> <span class='ocrx_word' id='word_1_186' title='bbox 1521 1805 1586 1877; x_wconf 79' lang='grc' dir='ltr'>τῇ</span> <span class='ocrx_word' id='word_1_187' title='bbox 1608 1780 1750 1878; x_wconf 28' lang='grc' dir='ltr'>*αὐτῇ</span> <span class='ocrx_word' id='word_1_188' title='bbox 1806 1780 1945 1864; x_wconf 74' lang='grc' dir='ltr'>κατὰ</span> 
     </span>
    </p>
   </div>
   <div class='ocr_carea' id='block_1_31' title="bbox 2061 1780 3637 1892">
    <p class='ocr_par' dir='ltr' id='par_1_31' title="bbox 2061 1807 3637 1892">
     <span class='ocr_line' id='line_1_31' title="bbox 2061 1807 3637 1892; baseline -0.005 -26"><span class='ocrx_word' id='word_1_189' title='bbox 2061 1819 2102 1866; x_wconf 70' lang='lat' dir='ltr'><strong>at</strong></span> <span class='ocrx_word' id='word_1_190' title='bbox 2129 1819 2387 1882; x_wconf 89' lang='lat' dir='ltr'><strong>tanquam</strong></span> <span class='ocrx_word' id='word_1_191' title='bbox 2412 1811 2845 1869; x_wconf 90' lang='lat' dir='ltr'><strong>irremissibilem</strong></span> <span class='ocrx_word' id='word_1_192' title='bbox 2865 1807 3637 1892; x_wconf 77' lang='lat' dir='ltr'><strong>exhiliuisset’damnationem</strong></span> 
     </span>
    </p>
   </div>
   <div class='ocr_carea' id='block_1_32' title="bbox 372 1870 1946 1969">
    <p class='ocr_par' dir='ltr' id='par_1_32' title="bbox 372 1870 1946 1969">
     <span class='ocr_line' id='line_1_32' title="bbox 372 1870 1946 1969; baseline 0.022 -46"><span class='ocrx_word' id='word_1_193' title='bbox 372 1870 419 1923; x_wconf 78' lang='grc' dir='ltr'><strong><em>Χ</em></strong></span> <span class='ocrx_word' id='word_1_194' title='bbox 429 1875 612 1969; x_wconf 77' lang='grc' dir='ltr'>ριστὸν</span> <span class='ocrx_word' id='word_1_195' title='bbox 645 1876 818 1954; x_wconf 79' lang='grc' dir='ltr'>λύσσῃ</span> <span class='ocrx_word' id='word_1_196' title='bbox 845 1884 1373 1965; x_wconf 81' lang='grc' dir='ltr'>ὲναποκαθημένοις,</span> <span class='ocrx_word' id='word_1_197' title='bbox 1401 1870 1591 1969; x_wconf 74' lang='grc' dir='ltr'>ὥσπερ</span> <span class='ocrx_word' id='word_1_198' title='bbox 1625 1870 1946 1956; x_wconf 48' lang='grc' dir='ltr'>τοῦητοσοὺ-</span> 
     </span>
    </p>
   </div>
   <div class='ocr_carea' id='block_1_33' title="bbox 370 1967 1950 2066">
    <p class='ocr_par' dir='ltr' id='par_1_33' title="bbox 370 1967 1950 2066">
     <span class='ocr_line' id='line_1_33' title="bbox 370 1967 1950 2066; baseline 0.023 -51"><span class='ocrx_word' id='word_1_199' title='bbox 370 1982 470 2066; x_wconf 73' lang='grc' dir='ltr'><strong>του</strong></span> <span class='ocrx_word' id='word_1_200' title='bbox 501 1967 701 2066; x_wconf 56' lang='grc' dir='ltr'>αχθους</span> <span class='ocrx_word' id='word_1_201' title='bbox 717 1973 1135 2066; x_wconf 49' lang='grc' dir='ltr'>ἐποφορτισμδν</span> <span class='ocrx_word' id='word_1_202' title='bbox 1165 1984 1352 2050; x_wconf 80' lang='grc' dir='ltr'>αὐτοῖς</span> <span class='ocrx_word' id='word_1_203' title='bbox 1401 1967 1813 2061; x_wconf 77' lang='grc' dir='ltr'><strong>μηχανώμενος,</strong></span> <span class='ocrx_word' id='word_1_204' title='bbox 1847 2013 1950 2066; x_wconf 80' lang='grc' dir='ltr'><strong>φη-</strong></span> 
     </span>
    </p>
   </div>
   <div class='ocr_carea' id='block_1_34' title="bbox 378 2058 1945 2152">
    <p class='ocr_par' dir='ltr' id='par_1_34' title="bbox 378 2058 1945 2152">
     <span class='ocr_line' id='line_1_34' title="bbox 378 2058 1945 2152; baseline 0.02 -42"><span class='ocrx_word' id='word_1_205' title='bbox 378 2059 486 2114; x_wconf 78' lang='grc' dir='ltr'>σίν.</span> <span class='ocrx_word' id='word_1_206' title='bbox 520 2059 660 2117; x_wconf 83' lang='grc' dir='ltr'>Ἀλλ’</span> <span class='ocrx_word' id='word_1_207' title='bbox 686 2058 843 2131; x_wconf 77' lang='grc' dir='ltr'>οὗτος</span> <span class='ocrx_word' id='word_1_208' title='bbox 874 2069 976 2140; x_wconf 80' lang='grc' dir='ltr'><strong>μὲν</strong></span> <span class='ocrx_word' id='word_1_209' title='bbox 1015 2073 1106 2142; x_wconf 79' lang='grc' dir='ltr'><strong>ὑφ’</strong></span> <span class='ocrx_word' id='word_1_210' title='bbox 1132 2074 1285 2148; x_wconf 75' lang='grc' dir='ltr'>ὐμῶν</span> <span class='ocrx_word' id='word_1_211' title='bbox 1309 2058 1763 2152; x_wconf 37' lang='grc' dir='ltr'>ἀτιμωθεὶςξύπδ</span> <span class='ocrx_word' id='word_1_212' title='bbox 1809 2058 1945 2142; x_wconf 78' lang='grc' dir='ltr'>Θεοῦ</span> 
     </span>
    </p>
   </div>
   <div class='ocr_carea' id='block_1_35' title="bbox 369 2152 1947 2253">
    <p class='ocr_par' dir='ltr' id='par_1_35' title="bbox 369 2152 1947 2253">
     <span class='ocr_line' id='line_1_35' title="bbox 369 2152 1947 2253; baseline 0.022 -50"><span class='ocrx_word' id='word_1_213' title='bbox 369 2152 920 2253; x_wconf 33' lang='grc' dir='ltr'>δὲξθιξωθεὶςλδωκε</span> <span class='ocrx_word' id='word_1_214' title='bbox 948 2166 1165 2239; x_wconf 87' lang='grc' dir='ltr'>πνεῦμα</span> <span class='ocrx_word' id='word_1_215' title='bbox 1223 2174 1512 2242; x_wconf 80' lang='grc' dir='ltr'><strong>μετανοίας</strong></span> <span class='ocrx_word' id='word_1_216' title='bbox 1561 2177 1639 2249; x_wconf 83' lang='grc' dir='ltr'><strong>τῷ</strong></span> <span class='ocrx_word' id='word_1_217' title='bbox 1705 2178 1947 2253; x_wconf 78' lang='grc' dir='ltr'>Ἰσραὴλ,</span> 
     </span>
    </p>
   </div>
   <div class='ocr_carea' id='block_1_36' title="bbox 374 2244 1950 2341">
    <p class='ocr_par' dir='ltr' id='par_1_36' title="bbox 374 2244 1950 2341">
     <span class='ocr_line' id='line_1_36' title="bbox 374 2244 1950 2341; baseline 0.022 -46"><span class='ocrx_word' id='word_1_218' title='bbox 374 2244 695 2341; x_wconf 44' lang='grc' dir='ltr'>καὶ-ἄφεσιν</span> <span class='ocrx_word' id='word_1_219' title='bbox 712 2252 1019 2325; x_wconf 83' lang='grc' dir='ltr'>ἁμαρτιῶν,</span> <span class='ocrx_word' id='word_1_220' title='bbox 1050 2260 1204 2315; x_wconf 80' lang='grc' dir='ltr'>οὐδὲν</span> <span class='ocrx_word' id='word_1_221' title='bbox 1227 2263 1325 2334; x_wconf 82' lang='grc' dir='ltr'>τῆς</span> <span class='ocrx_word' id='word_1_222' title='bbox 1350 2265 1439 2320; x_wconf 74' lang='grc' dir='ltr'><strong>διὰ</strong></span> <span class='ocrx_word' id='word_1_223' title='bbox 1469 2268 1561 2323; x_wconf 85' lang='grc' dir='ltr'>τὸν</span> <span class='ocrx_word' id='word_1_224' title='bbox 1604 2244 1837 2341; x_wconf 54' lang='grc' dir='ltr'>σταυρόν</span> 
     </span>
    </p>
   </div>
   <div class='ocr_carea' id='block_1_37' title="bbox 370 2337 1944 2431">
    <p class='ocr_par' dir='ltr' id='par_1_37' title="bbox 370 2337 1944 2431">
     <span class='ocr_line' id='line_1_37' title="bbox 370 2337 1944 2431; baseline 0.018 -43"><span class='ocrx_word' id='word_1_225' title='bbox 370 2337 541 2431; x_wconf 66' lang='grc' dir='ltr'>αὐτον</span> <span class='ocrx_word' id='word_1_226' title='bbox 567 2344 878 2412; x_wconf 75' lang='grc' dir='ltr'>παροινίας,</span> <span class='ocrx_word' id='word_1_227' title='bbox 918 2349 1000 2412; x_wconf 79' lang='grc' dir='ltr'><strong>εἰς</strong></span> <span class='ocrx_word' id='word_1_228' title='bbox 1021 2350 1375 2427; x_wconf 79' lang='grc' dir='ltr'>ἀποστροφὴν</span> <span class='ocrx_word' id='word_1_229' title='bbox 1415 2356 1722 2431; x_wconf 80' lang='grc' dir='ltr'><strong>δυναμένης</strong></span> <span class='ocrx_word' id='word_1_230' title='bbox 1748 2337 1944 2431; x_wconf 39' lang='grc' dir='ltr'>’ἄγειν,</span> 
     </span>
    </p>
   </div>
   <div class='ocr_carea' id='block_1_38' title="bbox 375 2426 1951 2524">
    <p class='ocr_par' dir='ltr' id='par_1_38' title="bbox 375 2426 1951 2524">
     <span class='ocr_line' id='line_1_38' title="bbox 375 2426 1951 2524; baseline 0.021 -47"><span class='ocrx_word' id='word_1_231' title='bbox 653 2433 771 2524; x_wconf 28' lang='grc' dir='ltr'>Αὑπδ</span> <span class='ocrx_word' id='word_1_232' title='bbox 804 2434 939 2490; x_wconf 82' lang='grc' dir='ltr'><strong>Θεοῦ</strong></span> <span class='ocrx_word' id='word_1_233' title='bbox 971 2436 1211 2509; x_wconf 75' lang='grc' dir='ltr'><strong>ὑψωθεὶς</strong></span> <span class='ocrx_word' id='word_1_234' title='bbox 1243 2426 1619 2518; x_wconf 77' lang='grc' dir='ltr'>ἀμνησικακεϊ</span> <span class='ocrx_word' id='word_1_235' title='bbox 1660 2426 1795 2524; x_wconf 77' lang='grc' dir='ltr'>πρὸς</span> <span class='ocrx_word' id='word_1_236' title='bbox 1817 2426 1951 2518; x_wconf 67' lang='grc' dir='ltr'><strong>⁷τοὺς·</strong></span> 
     </span>
    </p>
   </div>
   <div class='ocr_carea' id='block_1_39' title="bbox 372 2518 1950 2611">
    <p class='ocr_par' dir='ltr' id='par_1_39' title="bbox 372 2518 1950 2611">
     <span class='ocr_line' id='line_1_39' title="bbox 372 2518 1950 2611; baseline 0.02 -41"><span class='ocrx_word' id='word_1_237' title='bbox 372 2518 467 2571; x_wconf 73' lang='grc' dir='ltr'><strong>διὰ</strong></span> <span class='ocrx_word' id='word_1_238' title='bbox 489 2521 714 2587; x_wconf 80' lang='grc' dir='ltr'><strong>πειθοῦς</strong></span> <span class='ocrx_word' id='word_1_239' title='bbox 732 2526 895 2580; x_wconf 74' lang='grc' dir='ltr'>αὑτὸν</span> <span class='ocrx_word' id='word_1_240' title='bbox 915 2529 1319 2601; x_wconf 80' lang='grc' dir='ltr'>ὲπεγνωκότας.</span> <span class='ocrx_word' id='word_1_241' title='bbox 1351 2539 1494 2611; x_wconf 84' lang='grc' dir='ltr'>Ὅρα</span> <span class='ocrx_word' id='word_1_242' title='bbox 1523 2542 1580 2595; x_wconf 78' lang='grc' dir='ltr'>δὲ</span> <span class='ocrx_word' id='word_1_243' title='bbox 1606 2518 1725 2609; x_wconf 77' lang='grc' dir='ltr'><strong>πῶς</strong></span> <span class='ocrx_word' id='word_1_244' title='bbox 1758 2545 1853 2600; x_wconf 71' lang='grc' dir='ltr'><strong>καὶ</strong></span> <span class='ocrx_word' id='word_1_245' title='bbox 1881 2546 1950 2601; x_wconf 80' lang='grc' dir='ltr'><strong>δι’</strong></span> 
     </span>
    </p>
   </div>
   <div class='ocr_carea' id='block_1_40' title="bbox 373 2612 1950 2711">
    <p class='ocr_par' dir='ltr' id='par_1_40' title="bbox 373 2612 1950 2711">
     <span class='ocr_line' id='line_1_40' title="bbox 373 2612 1950 2711; baseline 0.02 -47"><span class='ocrx_word' id='word_1_246' title='bbox 373 2612 558 2711; x_wconf 72' lang='grc' dir='ltr'>ἔργων</span> <span class='ocrx_word' id='word_1_247' title='bbox 578 2618 679 2711; x_wconf 65' lang='grc' dir='ltr'><strong>Δδιαὶ</strong></span> <span class='ocrx_word' id='word_1_248' title='bbox 709 2621 968 2691; x_wconf 80' lang='grc' dir='ltr'><strong>ῥημάτων</strong></span> <span class='ocrx_word' id='word_1_249' title='bbox 993 2625 1367 2700; x_wconf 77' lang='grc' dir='ltr'>παιδευόμενοι</span> <span class='ocrx_word' id='word_1_250' title='bbox 1398 2633 1664 2702; x_wconf 79' lang='grc' dir='ltr'>Ἰουδαῖοι,</span> <span class='ocrx_word' id='word_1_251' title='bbox 1684 2638 1746 2692; x_wconf 80' lang='grc' dir='ltr'>οὐ</span> <span class='ocrx_word' id='word_1_252' title='bbox 1777 2655 1950 2711; x_wconf 88' lang='grc' dir='ltr'>προσ-</span> 
     </span>
    </p>
   </div>
   <div class='ocr_carea' id='block_1_41' title="bbox 374 2709 1951 2804">
    <p class='ocr_par' dir='ltr' id='par_1_41' title="bbox 374 2709 1951 2804">
     <span class='ocr_line' id='line_1_41' title="bbox 374 2709 1951 2804; baseline 0.021 -49"><span class='ocrx_word' id='word_1_253' title='bbox 374 2709 543 2804; x_wconf 61' lang='grc' dir='ltr'>εῖχον,</span> <span class='ocrx_word' id='word_1_254' title='bbox 569 2709 653 2764; x_wconf 78' lang='grc' dir='ltr'><strong>διδ</strong></span> <span class='ocrx_word' id='word_1_255' title='bbox 695 2715 790 2766; x_wconf 73' lang='grc' dir='ltr'><strong>καὶ</strong></span> <span class='ocrx_word' id='word_1_256' title='bbox 826 2715 1209 2790; x_wconf 80' lang='grc' dir='ltr'>ἡκατάκρισις</span> <span class='ocrx_word' id='word_1_257' title='bbox 1241 2722 1420 2780; x_wconf 85' lang='grc' dir='ltr'>αὐτῶν</span> <span class='ocrx_word' id='word_1_258' title='bbox 1440 2727 1644 2784; x_wconf 88' lang='grc' dir='ltr'>δικαία.</span> <span class='ocrx_word' id='word_1_259' title='bbox 1669 2731 1748 2784; x_wconf 89' lang='grc' dir='ltr'><strong>Δι’</strong></span> <span class='ocrx_word' id='word_1_260' title='bbox 1770 2709 1951 2804; x_wconf 81' lang='grc' dir='ltr'><strong>ἔργων</strong></span> 
     </span>
    </p>
   </div>
   <div class='ocr_carea' id='block_1_42' title="bbox 381 2801 1955 2897">
    <p class='ocr_par' dir='ltr' id='par_1_42' title="bbox 381 2801 1955 2897">
     <span class='ocr_line' id='line_1_42' title="bbox 381 2801 1955 2897; baseline 0.021 -48"><span class='ocrx_word' id='word_1_261' title='bbox 381 2801 861 2897; x_wconf 40' lang='grc' dir='ltr'>εαξη-συγχωρῶν</span> <span class='ocrx_word' id='word_1_262' title='bbox 908 2812 1034 2874; x_wconf 78' lang='grc' dir='ltr'>τοὺς</span> <span class='ocrx_word' id='word_1_263' title='bbox 1075 2813 1407 2883; x_wconf 81' lang='grc' dir='ltr'><strong>ἀποστόλους</strong></span> <span class='ocrx_word' id='word_1_264' title='bbox 1466 2814 1547 2887; x_wconf 73' lang='grc' dir='ltr'><strong>εἰς</strong></span> <span class='ocrx_word' id='word_1_265' title='bbox 1606 2801 1955 2897; x_wconf 82' lang='grc' dir='ltr'>δεσμωτήρια</span> 
     </span>
    </p>
   </div>
   <div class='ocr_carea' id='block_1_43' title="bbox 378 2891 1952 2987">
    <p class='ocr_par' dir='ltr' id='par_1_43' title="bbox 378 2891 1952 2987">
     <span class='ocr_line' id='line_1_43' title="bbox 378 2891 1952 2987; baseline 0.018 -45"><span class='ocrx_word' id='word_1_266' title='bbox 378 2891 613 2987; x_wconf 50' lang='lat' dir='ltr'><strong>augeat</strong></span> <span class='ocrx_word' id='word_1_267' title='bbox 640 2896 760 2964; x_wconf 84' lang='grc' dir='ltr'>μὲν,</span> <span class='ocrx_word' id='word_1_268' title='bbox 790 2898 1106 2972; x_wconf 73' lang='grc' dir='ltr'><strong>θαυμασίως</strong></span> <span class='ocrx_word' id='word_1_269' title='bbox 1142 2905 1201 2960; x_wconf 80' lang='grc' dir='ltr'>δὲ</span> <span class='ocrx_word' id='word_1_270' title='bbox 1252 2907 1494 2967; x_wconf 78' lang='grc' dir='ltr'>λύεσθαι.</span> <span class='ocrx_word' id='word_1_271' title='bbox 1540 2913 1639 2966; x_wconf 68' lang='grc' dir='ltr'><strong>Διά</strong></span> <span class='ocrx_word' id='word_1_272' title='bbox 1684 2891 1952 2987; x_wconf 64' lang='grc' dir='ltr'>ῥημάτων</span> 
     </span>
    </p>
   </div>
   <div class='ocr_carea' id='block_1_44' title="bbox 374 2983 1953 3074">
    <p class='ocr_par' dir='ltr' id='par_1_44' title="bbox 374 2983 1953 3074">
     <span class='ocr_line' id='line_1_44' title="bbox 374 2983 1953 3074; baseline 0.019 -42"><span class='ocrx_word' id='word_1_273' title='bbox 374 2983 459 3044; x_wconf 73' lang='grc' dir='ltr'>δὲ,</span> <span class='ocrx_word' id='word_1_274' title='bbox 491 2983 580 3037; x_wconf 77' lang='grc' dir='ltr'><strong>ἵνα</strong></span> <span class='ocrx_word' id='word_1_275' title='bbox 602 2989 698 3042; x_wconf 78' lang='grc' dir='ltr'>καὶ</span> <span class='ocrx_word' id='word_1_276' title='bbox 726 2989 964 3048; x_wconf 78' lang='grc' dir='ltr'>Ἰουδαῖοι</span> <span class='ocrx_word' id='word_1_277' title='bbox 996 2995 1083 3050; x_wconf 72' lang='grc' dir='ltr'><strong>διὰ</strong></span> <span class='ocrx_word' id='word_1_278' title='bbox 1109 2997 1203 3052; x_wconf 85' lang='grc' dir='ltr'><strong>τοῦ</strong></span> <span class='ocrx_word' id='word_1_279' title='bbox 1249 2999 1411 3069; x_wconf 81' lang='grc' dir='ltr'>λόγου</span> <span class='ocrx_word' id='word_1_280' title='bbox 1445 3003 1577 3070; x_wconf 67' lang='grc' dir='ltr'><strong>Ϊτῶν</strong></span> <span class='ocrx_word' id='word_1_281' title='bbox 1617 2983 1953 3074; x_wconf 77' lang='grc' dir='ltr'>ἀποστόλων,</span> 
     </span>
    </p>
   </div>
   <div class='ocr_carea' id='block_1_45' title="bbox 380 3075 1955 3154">
    <p class='ocr_par' dir='ltr' id='par_1_45' title="bbox 380 3075 1955 3154">
     <span class='ocr_line' id='line_1_45' title="bbox 380 3075 1955 3154; baseline 0.018 -28"><span class='ocrx_word' id='word_1_282' title='bbox 380 3075 478 3128; x_wconf 69' lang='grc' dir='ltr'>καὶ</span> <span class='ocrx_word' id='word_1_283' title='bbox 505 3076 708 3143; x_wconf 79' lang='grc' dir='ltr'>πάντες</span> <span class='ocrx_word' id='word_1_284' title='bbox 739 3084 1124 3144; x_wconf 83' lang='grc' dir='ltr'>παιδεύωνται.</span> <span class='ocrx_word' id='word_1_285' title='bbox 1157 3090 1318 3146; x_wconf 72' lang='grc' dir='ltr'>Ἀλλὰ</span> <span class='ocrx_word' id='word_1_286' title='bbox 1346 3094 1440 3149; x_wconf 72' lang='grc' dir='ltr'><strong>καὶ</strong></span> <span class='ocrx_word' id='word_1_287' title='bbox 1466 3095 1619 3151; x_wconf 59' lang='grc' dir='ltr'><strong>αὐτοὶ¹</strong></span> <span class='ocrx_word' id='word_1_288' title='bbox 1644 3099 1693 3151; x_wconf 86' lang='grc' dir='ltr'>οί</span> <span class='ocrx_word' id='word_1_289' title='bbox 1722 3099 1955 3154; x_wconf 83' lang='grc' dir='ltr'>ἀπόστο-</span> 
     </span>
    </p>
   </div>
   <div class='ocr_carea' id='block_1_46' title="bbox 2055 1897 3641 1974">
    <p class='ocr_par' dir='ltr' id='par_1_46' title="bbox 2055 1897 3641 1974">
     <span class='ocr_line' id='line_1_46' title="bbox 2055 1897 3641 1974; baseline -0.001 -20"><span class='ocrx_word' id='word_1_290' title='bbox 2055 1900 2139 1958; x_wconf 79' lang='grc' dir='ltr'><strong>Ιιίε</strong></span> <span class='ocrx_word' id='word_1_291' title='bbox 2169 1902 2261 1974; x_wconf 86' lang='lat' dir='ltr'><strong>qui</strong></span> <span class='ocrx_word' id='word_1_292' title='bbox 2301 1901 2471 1957; x_wconf 86' lang='lat' dir='ltr'><strong>furori</strong></span> <span class='ocrx_word' id='word_1_293' title='bbox 2522 1902 2784 1960; x_wconf 89' lang='lat' dir='ltr'><strong>adversus</strong></span> <span class='ocrx_word' id='word_1_294' title='bbox 2815 1902 3097 1959; x_wconf 88' lang='lat' dir='ltr'><strong>Christum</strong></span> <span class='ocrx_word' id='word_1_295' title='bbox 3133 1903 3398 1958; x_wconf 89' lang='lat' dir='ltr'><strong>intentato</strong></span> <span class='ocrx_word' id='word_1_296' title='bbox 3436 1897 3641 1953; x_wconf 70' lang='lat' dir='ltr'><strong>adh-az&quot;-</strong></span> 
     </span>
    </p>
   </div>
   <div class='ocr_carea' id='block_1_47' title="bbox 2052 1991 3640 2058">
    <p class='ocr_par' dir='ltr' id='par_1_47' title="bbox 2052 1991 3640 2058">
     <span class='ocr_line' id='line_1_47' title="bbox 2052 1991 3640 2058; baseline -0.003 -11"><span class='ocrx_word' id='word_1_297' title='bbox 2052 1999 2261 2058; x_wconf 85' lang='lat' dir='ltr'><strong>serant,</strong></span> <span class='ocrx_word' id='word_1_298' title='bbox 2284 1991 2453 2048; x_wconf 87' lang='lat' dir='ltr'><strong>veluti</strong></span> <span class='ocrx_word' id='word_1_299' title='bbox 2485 1993 2621 2048; x_wconf 91' lang='lat' dir='ltr'><strong>tanti</strong></span> <span class='ocrx_word' id='word_1_300' title='bbox 2650 1994 2855 2050; x_wconf 90' lang='lat' dir='ltr'><strong>doloris</strong></span> <span class='ocrx_word' id='word_1_301' title='bbox 2883 1994 3328 2050; x_wconf 80' lang='lat' dir='ltr'><strong>exonerationem</strong></span> <span class='ocrx_word' id='word_1_302' title='bbox 3364 1992 3445 2048; x_wconf 87' lang='lat' dir='ltr'><strong>eis</strong></span> <span class='ocrx_word' id='word_1_303' title='bbox 3474 2004 3640 2046; x_wconf 58' lang='lat' dir='ltr'><strong>exeo.</strong></span> 
     </span>
    </p>
   </div>
   <div class='ocr_carea' id='block_1_48' title="bbox 2054 2079 3645 2154">
    <p class='ocr_par' dir='ltr' id='par_1_48' title="bbox 2054 2079 3645 2154">
     <span class='ocr_line' id='line_1_48' title="bbox 2054 2079 3645 2154; baseline -0.001 -19"><span class='ocrx_word' id='word_1_304' title='bbox 2054 2082 2259 2152; x_wconf 73' lang='lat' dir='ltr'><strong>gitans,</strong></span> <span class='ocrx_word' id='word_1_305' title='bbox 2292 2083 2387 2137; x_wconf 87' lang='lat' dir='ltr'><strong>ait:</strong></span> <span class='ocrx_word' id='word_1_306' title='bbox 2420 2082 2527 2138; x_wconf 86' lang='lat' dir='ltr'><strong>Sed</strong></span> <span class='ocrx_word' id='word_1_307' title='bbox 2559 2083 2647 2139; x_wconf 92' lang='lat' dir='ltr'><strong>hic</strong></span> <span class='ocrx_word' id='word_1_308' title='bbox 2670 2099 2698 2137; x_wconf 90' lang='lat' dir='ltr'><strong>a</strong></span> <span class='ocrx_word' id='word_1_309' title='bbox 2722 2082 2880 2139; x_wconf 83' lang='lat' dir='ltr'><strong>vobis</strong></span> <span class='ocrx_word' id='word_1_310' title='bbox 2927 2083 3149 2154; x_wconf 88' lang='lat' dir='ltr'><strong>quidem</strong></span> <span class='ocrx_word' id='word_1_311' title='bbox 3196 2081 3528 2139; x_wconf 83' lang='lat' dir='ltr'><strong>contumelia</strong></span> <span class='ocrx_word' id='word_1_312' title='bbox 3560 2079 3645 2135; x_wconf 81' lang='lat' dir='ltr'><strong>af—</strong></span> 
     </span>
    </p>
   </div>
   <div class='ocr_carea' id='block_1_49' title="bbox 2052 2173 3646 2246">
    <p class='ocr_par' dir='ltr' id='par_1_49' title="bbox 2052 2173 3646 2246">
     <span class='ocr_line' id='line_1_49' title="bbox 2052 2173 3646 2246; baseline -0.001 -19"><span class='ocrx_word' id='word_1_313' title='bbox 2052 2173 2251 2239; x_wconf 90' lang='lat' dir='ltr'><strong>fectus,</strong></span> <span class='ocrx_word' id='word_1_314' title='bbox 2274 2189 2304 2229; x_wconf 90' lang='lat' dir='ltr'><strong>a</strong></span> <span class='ocrx_word' id='word_1_315' title='bbox 2330 2174 2439 2230; x_wconf 89' lang='lat' dir='ltr'><strong>Deo</strong></span> <span class='ocrx_word' id='word_1_316' title='bbox 2463 2190 2590 2230; x_wconf 90' lang='lat' dir='ltr'><strong>vero</strong></span> <span class='ocrx_word' id='word_1_317' title='bbox 2614 2175 2910 2239; x_wconf 81' lang='lat' dir='ltr'><strong>exaltatus,</strong></span> <span class='ocrx_word' id='word_1_318' title='bbox 2926 2173 3076 2231; x_wconf 88' lang='lat' dir='ltr'><strong>dedit</strong></span> <span class='ocrx_word' id='word_1_319' title='bbox 3097 2174 3349 2246; x_wconf 85' lang='lat' dir='ltr'><strong>spiritum</strong></span> <span class='ocrx_word' id='word_1_320' title='bbox 3372 2173 3646 2244; x_wconf 86' lang='lat' dir='ltr'><strong>poeniten-</strong></span> 
     </span>
    </p>
   </div>
   <div class='ocr_carea' id='block_1_50' title="bbox 2057 2260 3646 2332">
    <p class='ocr_par' dir='ltr' id='par_1_50' title="bbox 2057 2260 3646 2332">
     <span class='ocr_line' id='line_1_50' title="bbox 2057 2260 3646 2332; baseline -0.003 -17"><span class='ocrx_word' id='word_1_321' title='bbox 2057 2262 2146 2315; x_wconf 67' lang='lat' dir='ltr'><strong>tia:</strong></span> <span class='ocrx_word' id='word_1_322' title='bbox 2166 2261 2269 2332; x_wconf 86' lang='lat' dir='ltr'><strong>ipsi</strong></span> <span class='ocrx_word' id='word_1_323' title='bbox 2294 2260 2482 2328; x_wconf 82' lang='lat' dir='ltr'><strong>lsrael,</strong></span> <span class='ocrx_word' id='word_1_324' title='bbox 2513 2276 2575 2316; x_wconf 91' lang='lat' dir='ltr'><strong>ac</strong></span> <span class='ocrx_word' id='word_1_325' title='bbox 2628 2261 3005 2318; x_wconf 88' lang='lat' dir='ltr'><strong>remissionem</strong></span> <span class='ocrx_word' id='word_1_326' title='bbox 3030 2271 3405 2332; x_wconf 87' lang='lat' dir='ltr'><strong>peccatorum,</strong></span> <span class='ocrx_word' id='word_1_327' title='bbox 3429 2260 3563 2316; x_wconf 88' lang='lat' dir='ltr'><strong>adeo</strong></span> <span class='ocrx_word' id='word_1_328' title='bbox 3588 2268 3646 2313; x_wconf 87' lang='lat' dir='ltr'><strong>ut</strong></span> 
     </span>
    </p>
   </div>
   <div class='ocr_carea' id='block_1_51' title="bbox 2053 2352 3648 2431">
    <p class='ocr_par' dir='ltr' id='par_1_51' title="bbox 2053 2352 3648 2431">
     <span class='ocr_line' id='line_1_51' title="bbox 2053 2352 3648 2431; baseline -0.004 -21"><span class='ocrx_word' id='word_1_329' title='bbox 2053 2353 2412 2410; x_wconf 79' lang='lat' dir='ltr'><strong>debacchatio</strong></span> <span class='ocrx_word' id='word_1_330' title='bbox 2441 2354 2495 2408; x_wconf 91' lang='lat' dir='ltr'><strong>in</strong></span> <span class='ocrx_word' id='word_1_331' title='bbox 2528 2368 2650 2408; x_wconf 90' lang='lat' dir='ltr'><strong>eum</strong></span> <span class='ocrx_word' id='word_1_332' title='bbox 2677 2368 2773 2425; x_wconf 89' lang='lat' dir='ltr'><strong>per</strong></span> <span class='ocrx_word' id='word_1_333' title='bbox 2804 2366 3022 2409; x_wconf 87' lang='lat' dir='ltr'><strong>crucem</strong></span> <span class='ocrx_word' id='word_1_334' title='bbox 3057 2352 3295 2407; x_wconf 87' lang='lat' dir='ltr'><strong>admissa</strong></span> <span class='ocrx_word' id='word_1_335' title='bbox 3331 2367 3445 2407; x_wconf 91' lang='lat' dir='ltr'><strong>non</strong></span> <span class='ocrx_word' id='word_1_336' title='bbox 3469 2352 3648 2431; x_wconf 73' lang='lat' dir='ltr'><strong>possit</strong></span> 
     </span>
    </p>
   </div>
   <div class='ocr_carea' id='block_1_52' title="bbox 2059 2437 3648 2516">
    <p class='ocr_par' dir='ltr' id='par_1_52' title="bbox 2059 2437 3648 2516">
     <span class='ocr_line' id='line_1_52' title="bbox 2059 2437 3648 2516; baseline -0.004 -12"><span class='ocrx_word' id='word_1_337' title='bbox 2059 2447 2273 2504; x_wconf 79' lang='lat' dir='ltr'><strong>eﬂicere</strong></span> <span class='ocrx_word' id='word_1_338' title='bbox 2304 2489 2319 2515; x_wconf 87' lang='lat'><strong>,</strong></span> <span class='ocrx_word' id='word_1_339' title='bbox 2392 2455 2450 2501; x_wconf 91' lang='lat' dir='ltr'><strong>ut</strong></span> <span class='ocrx_word' id='word_1_340' title='bbox 2504 2461 2533 2501; x_wconf 92' lang='lat' dir='ltr'><strong>a</strong></span> <span class='ocrx_word' id='word_1_341' title='bbox 2586 2446 2740 2502; x_wconf 85' lang='lat' dir='ltr'><strong>vobis</strong></span> <span class='ocrx_word' id='word_1_342' title='bbox 2791 2455 3069 2502; x_wconf 85' lang='lat' dir='ltr'><strong>avertatur</strong></span> <span class='ocrx_word' id='word_1_343' title='bbox 3102 2460 3211 2509; x_wconf 88' lang='lat' dir='ltr'><strong>,eo</strong></span> <span class='ocrx_word' id='word_1_344' title='bbox 3244 2445 3390 2516; x_wconf 88' lang='lat' dir='ltr'><strong>quod</strong></span> <span class='ocrx_word' id='word_1_345' title='bbox 3446 2444 3495 2500; x_wconf 88' lang='lat' dir='ltr'><strong>is</strong></span> <span class='ocrx_word' id='word_1_346' title='bbox 3554 2437 3648 2514; x_wconf 86' lang='lat' dir='ltr'><strong>qu&#39;</strong></span> 
     </span>
    </p>
   </div>
   <div class='ocr_carea' id='block_1_53' title="bbox 2056 2537 3649 2609">
    <p class='ocr_par' dir='ltr' id='par_1_53' title="bbox 2056 2537 3649 2609">
     <span class='ocr_line' id='line_1_53' title="bbox 2056 2537 3649 2609; baseline -0.003 -15"><span class='ocrx_word' id='word_1_347' title='bbox 2056 2555 2087 2594; x_wconf 90' lang='lat' dir='ltr'><strong>a</strong></span> <span class='ocrx_word' id='word_1_348' title='bbox 2123 2540 2232 2595; x_wconf 92' lang='lat' dir='ltr'><strong>Deo</strong></span> <span class='ocrx_word' id='word_1_349' title='bbox 2289 2540 2564 2595; x_wconf 84' lang='lat' dir='ltr'><strong>exaltalus</strong></span> <span class='ocrx_word' id='word_1_350' title='bbox 2594 2548 2677 2595; x_wconf 89' lang='lat' dir='ltr'><strong>est</strong></span> <span class='ocrx_word' id='word_1_351' title='bbox 2747 2539 3069 2609; x_wconf 90' lang='lat' dir='ltr'><strong>injuriarum</strong></span> <span class='ocrx_word' id='word_1_352' title='bbox 3148 2537 3495 2595; x_wconf 77' lang='lat' dir='ltr'><strong>obliviscitur</strong></span> <span class='ocrx_word' id='word_1_353' title='bbox 3520 2551 3649 2607; x_wconf 80' lang='lat' dir='ltr'><strong>erga</strong></span> 
     </span>
    </p>
   </div>
   <div class='ocr_carea' id='block_1_54' title="bbox 2056 2625 3759 2702">
    <p class='ocr_par' dir='ltr' id='par_1_54' title="bbox 2056 2625 3759 2702">
     <span class='ocr_line' id='line_1_54' title="bbox 2056 2625 3759 2702; baseline -0.002 -16"><span class='ocrx_word' id='word_1_354' title='bbox 2056 2630 2180 2686; x_wconf 89' lang='lat' dir='ltr'><strong>illos</strong></span> <span class='ocrx_word' id='word_1_355' title='bbox 2227 2631 2318 2702; x_wconf 87' lang='lat' dir='ltr'><strong>qui</strong></span> <span class='ocrx_word' id='word_1_356' title='bbox 2349 2646 2444 2701; x_wconf 89' lang='lat' dir='ltr'><strong>per</strong></span> <span class='ocrx_word' id='word_1_357' title='bbox 2493 2629 2861 2686; x_wconf 82' lang='lat' dir='ltr'><strong>obedientiam</strong></span> <span class='ocrx_word' id='word_1_358' title='bbox 2926 2630 3078 2685; x_wconf 92' lang='lat' dir='ltr'><strong>illum</strong></span> <span class='ocrx_word' id='word_1_359' title='bbox 3138 2631 3483 2702; x_wconf 81' lang='lat' dir='ltr'><strong>agnoverint.</strong></span> <span class='ocrx_word' id='word_1_360' title='bbox 3510 2625 3648 2683; x_wconf 84' lang='lat' dir='ltr'><strong>Vide</strong></span> <span class='ocrx_word' id='word_1_361' title='bbox 3754 2696 3759 2699; x_wconf 5' lang='grc' dir='ltr'><strong>ρ</strong></span> 
     </span>
    </p>
   </div>
   <div class='ocr_carea' id='block_1_55' title="bbox 2055 2719 3654 2793">
    <p class='ocr_par' dir='ltr' id='par_1_55' title="bbox 2055 2719 3654 2793">
     <span class='ocr_line' id='line_1_55' title="bbox 2055 2719 3654 2793; baseline 0 -18"><span class='ocrx_word' id='word_1_362' title='bbox 2055 2731 2234 2776; x_wconf 85' lang='lat' dir='ltr'><strong>autem</strong></span> <span class='ocrx_word' id='word_1_363' title='bbox 2253 2722 2523 2792; x_wconf 86' lang='lat' dir='ltr'><strong>quomodo</strong></span> <span class='ocrx_word' id='word_1_364' title='bbox 2538 2719 2709 2776; x_wconf 67' lang='lat' dir='ltr'><strong>Judaei</strong></span> <span class='ocrx_word' id='word_1_365' title='bbox 2744 2731 2796 2776; x_wconf 82' lang='lat' dir='ltr'><strong>et</strong></span> <span class='ocrx_word' id='word_1_366' title='bbox 2827 2736 2919 2791; x_wconf 91' lang='lat' dir='ltr'><strong>per</strong></span> <span class='ocrx_word' id='word_1_367' title='bbox 2935 2736 3100 2790; x_wconf 88' lang='lat' dir='ltr'><strong>opera</strong></span> <span class='ocrx_word' id='word_1_368' title='bbox 3123 2730 3176 2777; x_wconf 93' lang='lat' dir='ltr'><strong>et</strong></span> <span class='ocrx_word' id='word_1_369' title='bbox 3195 2738 3290 2793; x_wconf 89' lang='lat' dir='ltr'><strong>per</strong></span> <span class='ocrx_word' id='word_1_370' title='bbox 3317 2722 3482 2776; x_wconf 89' lang='lat' dir='ltr'><strong>verba</strong></span> <span class='ocrx_word' id='word_1_371' title='bbox 3520 2736 3654 2776; x_wconf 85' lang='lat' dir='ltr'><strong>cor-</strong></span> 
     </span>
    </p>
   </div>
   <div class='ocr_carea' id='block_1_56' title="bbox 2062 2813 3650 2883">
    <p class='ocr_par' dir='ltr' id='par_1_56' title="bbox 2062 2813 3650 2883">
     <span class='ocr_line' id='line_1_56' title="bbox 2062 2813 3650 2883; baseline -0.001 -16"><span class='ocrx_word' id='word_1_372' title='bbox 2062 2814 2202 2883; x_wconf 89' lang='lat' dir='ltr'><strong>repti</strong></span> <span class='ocrx_word' id='word_1_373' title='bbox 2267 2827 2374 2867; x_wconf 89' lang='lat' dir='ltr'><strong>non</strong></span> <span class='ocrx_word' id='word_1_374' title='bbox 2437 2813 2923 2882; x_wconf 85' lang='lat' dir='ltr'><strong>obtemperarunt,</strong></span> <span class='ocrx_word' id='word_1_375' title='bbox 2977 2813 3207 2883; x_wconf 86' lang='lat' dir='ltr'><strong>ideoque</strong></span> <span class='ocrx_word' id='word_1_376' title='bbox 3272 2827 3461 2868; x_wconf 89' lang='lat' dir='ltr'><strong>eorum</strong></span> <span class='ocrx_word' id='word_1_377' title='bbox 3515 2826 3650 2867; x_wconf 84' lang='lat' dir='ltr'><strong>can-</strong></span> 
     </span>
    </p>
   </div>
   <div class='ocr_carea' id='block_1_57' title="bbox 2061 2903 3650 2977">
    <p class='ocr_par' dir='ltr' id='par_1_57' title="bbox 2061 2903 3650 2977">
     <span class='ocr_line' id='line_1_57' title="bbox 2061 2903 3650 2977; baseline -0.003 -15"><span class='ocrx_word' id='word_1_378' title='bbox 2061 2906 2344 2962; x_wconf 83' lang='lat' dir='ltr'><strong>demnatio</strong></span> <span class='ocrx_word' id='word_1_379' title='bbox 2374 2904 2522 2977; x_wconf 80' lang='lat' dir='ltr'><strong>justa</strong></span> <span class='ocrx_word' id='word_1_380' title='bbox 2557 2914 2663 2962; x_wconf 85' lang='lat' dir='ltr'><strong>est.</strong></span> <span class='ocrx_word' id='word_1_381' title='bbox 2688 2904 2793 2960; x_wconf 86' lang='lat' dir='ltr'><strong>Per</strong></span> <span class='ocrx_word' id='word_1_382' title='bbox 2837 2920 3001 2976; x_wconf 85' lang='lat' dir='ltr'><strong>Opera</strong></span> <span class='ocrx_word' id='word_1_383' title='bbox 3040 2906 3256 2976; x_wconf 79' lang='lat' dir='ltr'><strong>quidem</strong></span> <span class='ocrx_word' id='word_1_384' title='bbox 3288 2912 3466 2972; x_wconf 83' lang='lat' dir='ltr'><strong>,eum</strong></span> <span class='ocrx_word' id='word_1_385' title='bbox 3509 2903 3650 2958; x_wconf 83' lang='lat' dir='ltr'><strong>Deus</strong></span> 
     </span>
    </p>
   </div>
   <div class='ocr_carea' id='block_1_58' title="bbox 2060 2992 3652 3066">
    <p class='ocr_par' dir='ltr' id='par_1_58' title="bbox 2060 2992 3652 3066">
     <span class='ocr_line' id='line_1_58' title="bbox 2060 2992 3652 3066; baseline -0.003 -16"><span class='ocrx_word' id='word_1_386' title='bbox 2060 2995 2414 3066; x_wconf 83' lang='lat' dir='ltr'><strong>apostolosin</strong></span> <span class='ocrx_word' id='word_1_387' title='bbox 2450 3010 2701 3051; x_wconf 86' lang='lat' dir='ltr'><strong>carceres</strong></span> <span class='ocrx_word' id='word_1_388' title='bbox 2730 2994 2857 3050; x_wconf 88' lang='lat' dir='ltr'><strong>duci</strong></span> <span class='ocrx_word' id='word_1_389' title='bbox 2881 2994 3169 3065; x_wconf 88' lang='lat' dir='ltr'><strong>permittit,</strong></span> <span class='ocrx_word' id='word_1_390' title='bbox 3205 2994 3300 3049; x_wconf 85' lang='lat' dir='ltr'><strong>sed</strong></span> <span class='ocrx_word' id='word_1_391' title='bbox 3328 2992 3652 3048; x_wconf 78' lang='lat' dir='ltr'><strong>admirando</strong></span> 
     </span>
    </p>
   </div>
   <div class='ocr_carea' id='block_1_59' title="bbox 2058 3082 3654 3153">
    <p class='ocr_par' dir='ltr' id='par_1_59' title="bbox 2058 3082 3654 3153">
     <span class='ocr_line' id='line_1_59' title="bbox 2058 3082 3654 3153; baseline -0.004 -10"><span class='ocrx_word' id='word_1_392' title='bbox 2058 3088 2223 3144; x_wconf 90' lang='lat' dir='ltr'><strong>modo</strong></span> <span class='ocrx_word' id='word_1_393' title='bbox 2253 3088 2466 3143; x_wconf 87' lang='lat' dir='ltr'><strong>liberat.</strong></span> <span class='ocrx_word' id='word_1_394' title='bbox 2499 3084 2604 3140; x_wconf 85' lang='lat' dir='ltr'><strong>Per</strong></span> <span class='ocrx_word' id='word_1_395' title='bbox 2637 3087 2801 3140; x_wconf 86' lang='lat' dir='ltr'><strong>verba</strong></span> <span class='ocrx_word' id='word_1_396' title='bbox 2828 3099 2974 3149; x_wconf 86' lang='lat' dir='ltr'><strong>vero,</strong></span> <span class='ocrx_word' id='word_1_397' title='bbox 3009 3094 3067 3139; x_wconf 89' lang='lat' dir='ltr'><strong>ut</strong></span> <span class='ocrx_word' id='word_1_398' title='bbox 3110 3092 3163 3140; x_wconf 86' lang='lat' dir='ltr'><strong>et</strong></span> <span class='ocrx_word' id='word_1_399' title='bbox 3188 3082 3358 3138; x_wconf 79' lang='lat' dir='ltr'><strong>Judaei</strong></span> <span class='ocrx_word' id='word_1_400' title='bbox 3395 3097 3493 3153; x_wconf 88' lang='lat' dir='ltr'><strong>per</strong></span> <span class='ocrx_word' id='word_1_401' title='bbox 3525 3097 3654 3153; x_wconf 89' lang='lat' dir='ltr'><strong>apo-</strong></span> 
     </span>
    </p>
   </div>
   <div class='ocr_carea' id='block_1_60' title="bbox 378 3168 1954 3257">
    <p class='ocr_par' dir='ltr' id='par_1_60' title="bbox 378 3168 1954 3257">
     <span class='ocr_line' id='line_1_60' title="bbox 378 3168 1954 3257; baseline 0.017 -40"><span class='ocrx_word' id='word_1_402' title='bbox 378 3168 462 3221; x_wconf 68' lang='lat' dir='ltr'><strong>‘Mt</strong></span> <span class='ocrx_word' id='word_1_403' title='bbox 525 3171 609 3229; x_wconf 75' lang='grc' dir='ltr'><strong>εἰς</strong></span> <span class='ocrx_word' id='word_1_404' title='bbox 676 3177 994 3246; x_wconf 75' lang='grc' dir='ltr'>παρρησίαν</span> <span class='ocrx_word' id='word_1_405' title='bbox 1032 3179 1370 3251; x_wconf 78' lang='grc' dir='ltr'><strong>ἀλείφονται.</strong></span> <span class='ocrx_word' id='word_1_406' title='bbox 1425 3187 1490 3239; x_wconf 79' lang='lat' dir='ltr'><strong>Ol</strong></span> <span class='ocrx_word' id='word_1_407' title='bbox 1531 3188 1630 3257; x_wconf 79' lang='grc' dir='ltr'>μὲν</span> <span class='ocrx_word' id='word_1_408' title='bbox 1667 3189 1760 3244; x_wconf 87' lang='grc' dir='ltr'>οῦν</span> <span class='ocrx_word' id='word_1_409' title='bbox 1805 3190 1954 3245; x_wconf 79' lang='grc' dir='ltr'>ἄλλοι</span> 
     </span>
    </p>
   </div>
   <div class='ocr_carea' id='block_1_61' title="bbox 2061 3168 3654 3257">
    <p class='ocr_par' dir='ltr' id='par_1_61' title="bbox 2061 3177 3654 3246">
     <span class='ocr_line' id='line_1_61' title="bbox 2061 3177 3654 3246; baseline -0.003 -10"><span class='ocrx_word' id='word_1_410' title='bbox 2061 3181 2321 3237; x_wconf 85' lang='lat' dir='ltr'><strong>stolorum</strong></span> <span class='ocrx_word' id='word_1_411' title='bbox 2337 3194 2637 3243; x_wconf 85' lang='lat' dir='ltr'><strong>sermones,</strong></span> <span class='ocrx_word' id='word_1_412' title='bbox 2664 3187 2718 3234; x_wconf 90' lang='lat' dir='ltr'><strong>et</strong></span> <span class='ocrx_word' id='word_1_413' title='bbox 2742 3179 2923 3233; x_wconf 68' lang='lat' dir='ltr'><strong>caueri</strong></span> <span class='ocrx_word' id='word_1_414' title='bbox 2943 3193 3132 3233; x_wconf 89' lang='lat' dir='ltr'><strong>omnes</strong></span> <span class='ocrx_word' id='word_1_415' title='bbox 3158 3177 3567 3246; x_wconf 82' lang='lat' dir='ltr'><strong>corriperentur</strong></span> <span class='ocrx_word' id='word_1_416' title='bbox 3588 3189 3654 3231; x_wconf 90' lang='lat' dir='ltr'><strong>ac</strong></span> 
     </span>
    </p>
   </div>
   <div class='ocr_carea' id='block_1_62' title="bbox 382 3260 1954 3349">
    <p class='ocr_par' dir='ltr' id='par_1_62' title="bbox 382 3260 1954 3349">
     <span class='ocr_line' id='line_1_62' title="bbox 382 3260 1954 3349; baseline 0.017 -38"><span class='ocrx_word' id='word_1_417' title='bbox 382 3260 785 3335; x_wconf 80' lang='grc' dir='ltr'>κατενύγησαν,</span> <span class='ocrx_word' id='word_1_418' title='bbox 816 3269 910 3321; x_wconf 78' lang='grc' dir='ltr'>καὶ</span> <span class='ocrx_word' id='word_1_419' title='bbox 958 3270 1024 3341; x_wconf 81' lang='grc' dir='ltr'>τῇ</span> <span class='ocrx_word' id='word_1_420' title='bbox 1084 3273 1265 3328; x_wconf 87' lang='grc' dir='ltr'>πειθοῖ</span> <span class='ocrx_word' id='word_1_421' title='bbox 1306 3277 1417 3331; x_wconf 85' lang='grc' dir='ltr'><strong>τῶν</strong></span> <span class='ocrx_word' id='word_1_422' title='bbox 1473 3277 1650 3349; x_wconf 83' lang='grc' dir='ltr'>λόγων</span> <span class='ocrx_word' id='word_1_423' title='bbox 1714 3283 1954 3337; x_wconf 68' lang='grc' dir='ltr'>κοινωνοὶ</span> 
     </span>
    </p>
   </div>
   <div class='ocr_carea' id='block_1_63' title="bbox 2061 3260 3654 3349">
    <p class='ocr_par' dir='ltr' id='par_1_63' title="bbox 2063 3268 3654 3341">
     <span class='ocr_line' id='line_1_63' title="bbox 2063 3268 3654 3341; baseline -0.003 -13"><span class='ocrx_word' id='word_1_424' title='bbox 2063 3272 2435 3329; x_wconf 88' lang='lat' dir='ltr'><strong>erudirentur.</strong></span> <span class='ocrx_word' id='word_1_425' title='bbox 2465 3271 2578 3327; x_wconf 88' lang='lat' dir='ltr'><strong>lmo</strong></span> <span class='ocrx_word' id='word_1_426' title='bbox 2608 3280 2663 3327; x_wconf 78' lang='lat' dir='ltr'><strong>et</strong></span> <span class='ocrx_word' id='word_1_427' title='bbox 2718 3270 2824 3341; x_wconf 89' lang='lat' dir='ltr'><strong>ipsi</strong></span> <span class='ocrx_word' id='word_1_428' title='bbox 2854 3282 3073 3341; x_wconf 89' lang='lat' dir='ltr'><strong>quoque</strong></span> <span class='ocrx_word' id='word_1_429' title='bbox 3124 3270 3359 3341; x_wconf 82' lang='lat' dir='ltr'><strong>aposmli</strong></span> <span class='ocrx_word' id='word_1_430' title='bbox 3386 3269 3454 3324; x_wconf 91' lang='lat' dir='ltr'><strong>ad</strong></span> <span class='ocrx_word' id='word_1_431' title='bbox 3481 3268 3654 3324; x_wconf 73' lang='lat' dir='ltr'><strong>libere</strong></span> 
     </span>
    </p>
   </div>
   <div class='ocr_carea' id='block_1_64' title="bbox 378 3352 1954 3442">
    <p class='ocr_par' dir='ltr' id='par_1_64' title="bbox 378 3352 1954 3442">
     <span class='ocr_line' id='line_1_64' title="bbox 378 3352 1954 3442; baseline 0.015 -37"><span class='ocrx_word' id='word_1_432' title='bbox 378 3352 493 3407; x_wconf 81' lang='grc' dir='ltr'>τῶν</span> <span class='ocrx_word' id='word_1_433' title='bbox 553 3356 873 3414; x_wconf 81' lang='grc' dir='ltr'>ἀποστόλων</span> <span class='ocrx_word' id='word_1_434' title='bbox 896 3362 1206 3432; x_wconf 84' lang='grc' dir='ltr'>γεγόνασιν.</span> <span class='ocrx_word' id='word_1_435' title='bbox 1259 3367 1317 3423; x_wconf 88' lang='lat'><strong>&#39;0</strong></span> <span class='ocrx_word' id='word_1_436' title='bbox 1353 3369 1644 3442; x_wconf 79' lang='grc' dir='ltr'>ἀρχιερεὺς</span> <span class='ocrx_word' id='word_1_437' title='bbox 1674 3372 1727 3426; x_wconf 80' lang='grc' dir='ltr'>δὲ</span> <span class='ocrx_word' id='word_1_438' title='bbox 1762 3376 1857 3428; x_wconf 68' lang='grc' dir='ltr'>καὶ</span> <span class='ocrx_word' id='word_1_439' title='bbox 1911 3376 1954 3429; x_wconf 93' lang='lat'><strong>0|</strong></span> 
     </span>
    </p>
   </div>
   <div class='ocr_carea' id='block_1_65' title="bbox 2061 3352 3651 3442">
    <p class='ocr_par' dir='ltr' id='par_1_65' title="bbox 2066 3362 3651 3434">
     <span class='ocr_line' id='line_1_65' title="bbox 2066 3362 3651 3434; baseline -0.003 -14"><span class='ocrx_word' id='word_1_440' title='bbox 2066 3365 2395 3434; x_wconf 86' lang='lat' dir='ltr'><strong>loquendum</strong></span> <span class='ocrx_word' id='word_1_441' title='bbox 2426 3362 2788 3434; x_wconf 80' lang='lat' dir='ltr'><strong>lnungnntur.</strong></span> <span class='ocrx_word' id='word_1_442' title='bbox 2817 3362 2925 3417; x_wconf 88' lang='lat' dir='ltr'><strong>Alii</strong></span> <span class='ocrx_word' id='word_1_443' title='bbox 2957 3363 3139 3432; x_wconf 88' lang='lat' dir='ltr'><strong>itaque</strong></span> <span class='ocrx_word' id='word_1_444' title='bbox 3162 3362 3474 3433; x_wconf 87' lang='lat' dir='ltr'><strong>compuncti</strong></span> <span class='ocrx_word' id='word_1_445' title='bbox 3494 3370 3651 3429; x_wconf 84' lang='lat' dir='ltr'><strong>sunt,</strong></span> 
     </span>
    </p>
   </div>
   <div class='ocr_carea' id='block_1_66' title="bbox 378 3448 1954 3540">
    <p class='ocr_par' dir='ltr' id='par_1_66' title="bbox 378 3448 1954 3540">
     <span class='ocr_line' id='line_1_66' title="bbox 378 3448 1954 3540; baseline 0.016 -41"><span class='ocrx_word' id='word_1_446' title='bbox 378 3448 646 3519; x_wconf 72' lang='grc' dir='ltr'>ἐρχοντες</span> <span class='ocrx_word' id='word_1_447' title='bbox 676 3454 818 3506; x_wconf 72' lang='grc' dir='ltr'>κατὰ</span> <span class='ocrx_word' id='word_1_448' title='bbox 865 3455 972 3509; x_wconf 88' lang='grc' dir='ltr'><strong>τῶν</strong></span> <span class='ocrx_word' id='word_1_449' title='bbox 1001 3457 1320 3531; x_wconf 64' lang='grc' dir='ltr'>ἀποστόλων</span> <span class='ocrx_word' id='word_1_450' title='bbox 1338 3463 1664 3536; x_wconf 83' lang='grc' dir='ltr'>διεπρίοντο,</span> <span class='ocrx_word' id='word_1_451' title='bbox 1694 3469 1954 3540; x_wconf 79' lang='grc' dir='ltr'>φονῶντες</span> 
     </span>
    </p>
   </div>
   <div class='ocr_carea' id='block_1_67' title="bbox 2061 3448 3653 3540">
    <p class='ocr_par' dir='ltr' id='par_1_67' title="bbox 2066 3454 3653 3527">
     <span class='ocr_line' id='line_1_67' title="bbox 2066 3454 3653 3527; baseline -0.005 -14"><span class='ocrx_word' id='word_1_452' title='bbox 2066 3469 2120 3513; x_wconf 90' lang='lat' dir='ltr'><strong>et</strong></span> <span class='ocrx_word' id='word_1_453' title='bbox 2149 3472 2244 3527; x_wconf 90' lang='lat' dir='ltr'><strong>per</strong></span> <span class='ocrx_word' id='word_1_454' title='bbox 2264 3455 2629 3511; x_wconf 85' lang='lat' dir='ltr'><strong>obedientiam</strong></span> <span class='ocrx_word' id='word_1_455' title='bbox 2655 3455 2953 3525; x_wconf 86' lang='lat' dir='ltr'><strong>participes</strong></span> <span class='ocrx_word' id='word_1_456' title='bbox 3005 3454 3132 3509; x_wconf 86' lang='lat' dir='ltr'><strong>facti</strong></span> <span class='ocrx_word' id='word_1_457' title='bbox 3169 3463 3299 3509; x_wconf 90' lang='lat' dir='ltr'><strong>sunt</strong></span> <span class='ocrx_word' id='word_1_458' title='bbox 3334 3468 3653 3509; x_wconf 90' lang='lat' dir='ltr'><strong>sermonum</strong></span> 
     </span>
    </p>
   </div>
   <div class='ocr_carea' id='block_1_68' title="bbox 382 3541 1959 3634">
    <p class='ocr_par' dir='ltr' id='par_1_68' title="bbox 382 3541 1959 3634">
     <span class='ocr_line' id='line_1_68' title="bbox 382 3541 1959 3634; baseline 0.016 -42"><span class='ocrx_word' id='word_1_459' title='bbox 382 3541 508 3634; x_wconf 52' lang='lat' dir='ltr'><strong>me:</strong></span> <span class='ocrx_word' id='word_1_460' title='bbox 547 3544 748 3612; x_wconf 73' lang='grc' dir='ltr'>αὐτῶν,</span> <span class='ocrx_word' id='word_1_461' title='bbox 776 3548 899 3602; x_wconf 74' lang='grc' dir='ltr'>ἐπεὶ</span> <span class='ocrx_word' id='word_1_462' title='bbox 929 3550 1119 3634; x_wconf 77' lang='grc' dir='ltr'>λοιπὸν</span> <span class='ocrx_word' id='word_1_463' title='bbox 1151 3555 1552 3630; x_wconf 74' lang='grc' dir='ltr'>ἐκφανέστερον</span> <span class='ocrx_word' id='word_1_464' title='bbox 1586 3561 1619 3631; x_wconf 78' lang='grc' dir='ltr'><strong>ἡ</strong></span> <span class='ocrx_word' id='word_1_465' title='bbox 1664 3563 1805 3616; x_wconf 82' lang='grc' dir='ltr'>κατὰ</span> <span class='ocrx_word' id='word_1_466' title='bbox 1825 3564 1959 3634; x_wconf 85' lang='grc' dir='ltr'>Χρι-</span> 
     </span>
    </p>
   </div>
   <div class='ocr_carea' id='block_1_69' title="bbox 382 3630 1960 3725">
    <p class='ocr_par' dir='ltr' id='par_1_69' title="bbox 382 3630 1960 3725">
     <span class='ocr_line' id='line_1_69' title="bbox 382 3630 1960 3725; baseline 0.013 -41"><span class='ocrx_word' id='word_1_467' title='bbox 382 3633 512 3686; x_wconf 71' lang='lat' dir='ltr'><strong>ms</strong></span> <span class='ocrx_word' id='word_1_468' title='bbox 542 3636 722 3690; x_wconf 78' lang='grc' dir='ltr'>αὐτῶν</span> <span class='ocrx_word' id='word_1_469' title='bbox 752 3637 925 3695; x_wconf 82' lang='grc' dir='ltr'>λύσσα</span> <span class='ocrx_word' id='word_1_470' title='bbox 951 3630 1146 3715; x_wconf 75' lang='grc' dir='ltr'>προῄὲι</span> <span class='ocrx_word' id='word_1_471' title='bbox 1169 3644 1246 3708; x_wconf 85' lang='grc' dir='ltr'><strong>ὡς</strong></span> <span class='ocrx_word' id='word_1_472' title='bbox 1271 3646 1334 3699; x_wconf 80' lang='grc' dir='ltr'><strong>οὐ</strong></span> <span class='ocrx_word' id='word_1_473' title='bbox 1374 3647 1579 3713; x_wconf 87' lang='grc' dir='ltr'>δικαία,</span> <span class='ocrx_word' id='word_1_474' title='bbox 1610 3630 1750 3703; x_wconf 70' lang='grc' dir='ltr'>ἀλλὰ</span> <span class='ocrx_word' id='word_1_475' title='bbox 1780 3630 1960 3725; x_wconf 78' lang='grc' dir='ltr'>φθόνῳ</span> 
     </span>
    </p>
   </div>
   <div class='ocr_carea' id='block_1_70' title="bbox 382 3726 1951 3809">
    <p class='ocr_par' dir='ltr' id='par_1_70' title="bbox 382 3726 1951 3809">
     <span class='ocr_line' id='line_1_70' title="bbox 382 3726 1951 3809; baseline 0.01 -29"><span class='ocrx_word' id='word_1_476' title='bbox 382 3726 481 3780; x_wconf 73' lang='grc' dir='ltr'>καὶ</span> <span class='ocrx_word' id='word_1_477' title='bbox 510 3729 605 3782; x_wconf 67' lang='grc' dir='ltr'><strong>ἐπὶ</strong></span> <span class='ocrx_word' id='word_1_478' title='bbox 666 3731 852 3800; x_wconf 82' lang='grc' dir='ltr'>ὅμοιον</span> <span class='ocrx_word' id='word_1_479' title='bbox 899 3735 1059 3803; x_wconf 70' lang='grc' dir='ltr'>φόνον</span> <span class='ocrx_word' id='word_1_480' title='bbox 1109 3737 1307 3800; x_wconf 78' lang='grc' dir='ltr'>αὐτοὺς</span> <span class='ocrx_word' id='word_1_481' title='bbox 1349 3739 1687 3809; x_wconf 77' lang='grc' dir='ltr'>προάγουσα.</span> <span class='ocrx_word' id='word_1_482' title='bbox 1720 3743 1811 3796; x_wconf 75' lang='grc' dir='ltr'>Διὸ</span> <span class='ocrx_word' id='word_1_483' title='bbox 1857 3746 1951 3798; x_wconf 85' lang='grc' dir='ltr'><strong>καί</strong></span> 
     </span>
    </p>
   </div>
   <div class='ocr_carea' id='block_1_71' title="bbox 386 3822 1961 3906">
    <p class='ocr_par' dir='ltr' id='par_1_71' title="bbox 386 3822 1961 3906">
     <span class='ocr_line' id='line_1_71' title="bbox 386 3822 1961 3906; baseline 0.012 -34"><span class='ocrx_word' id='word_1_484' title='bbox 386 3836 521 3886; x_wconf 69' lang='grc' dir='ltr'>φασι</span> <span class='ocrx_word' id='word_1_485' title='bbox 545 3838 562 3855; x_wconf 76' lang='grc' dir='ltr'><strong><em>ο</em></strong></span> <span class='ocrx_word' id='word_1_486' title='bbox 599 3841 617 3875; x_wconf 80' lang='grc' dir='ltr'><strong>ι</strong></span> <span class='ocrx_word' id='word_1_487' title='bbox 657 3823 921 3879; x_wconf 73' lang='grc' dir='ltr'>Βούλεσθε</span> <span class='ocrx_word' id='word_1_488' title='bbox 959 3827 1020 3901; x_wconf 77' lang='grc' dir='ltr'>τὸ</span> <span class='ocrx_word' id='word_1_489' title='bbox 1045 3822 1185 3901; x_wconf 78' lang='grc' dir='ltr'>αἷμα</span> <span class='ocrx_word' id='word_1_490' title='bbox 1207 3829 1301 3884; x_wconf 89' lang='grc' dir='ltr'><strong>τοῦ</strong></span> <span class='ocrx_word' id='word_1_491' title='bbox 1326 3831 1614 3903; x_wconf 80' lang='grc' dir='ltr'>ἀνθρώπου</span> <span class='ocrx_word' id='word_1_492' title='bbox 1643 3836 1836 3890; x_wconf 83' lang='grc' dir='ltr'>τούτου</span> <span class='ocrx_word' id='word_1_493' title='bbox 1874 3837 1961 3906; x_wconf 80' lang='grc' dir='ltr'><strong>ἐφ’</strong></span> 
     </span>
    </p>
   </div>
   <div class='ocr_carea' id='block_1_72' title="bbox 387 3915 1966 3997">
    <p class='ocr_par' dir='ltr' id='par_1_72' title="bbox 387 3915 1966 3997">
     <span class='ocr_line' id='line_1_72' title="bbox 387 3915 1966 3997; baseline 0.012 -31"><span class='ocrx_word' id='word_1_494' title='bbox 387 3916 537 3981; x_wconf 60' lang='grc' dir='ltr'>ὑμᾶς</span> <span class='ocrx_word' id='word_1_495' title='bbox 574 3917 836 3986; x_wconf 79' lang='grc' dir='ltr'>ἀγαγεϊν;</span> <span class='ocrx_word' id='word_1_496' title='bbox 871 3938 889 3972; x_wconf 73' lang='grc' dir='ltr'><strong>ι</strong></span> <span class='ocrx_word' id='word_1_497' title='bbox 919 3915 1060 3991; x_wconf 74' lang='grc' dir='ltr'>αἷμα</span> <span class='ocrx_word' id='word_1_498' title='bbox 1093 3923 1186 3976; x_wconf 83' lang='grc' dir='ltr'><strong>τὸν</strong></span> <span class='ocrx_word' id='word_1_499' title='bbox 1218 3916 1376 3994; x_wconf 71' lang='grc' dir='ltr'>φόνον</span> <span class='ocrx_word' id='word_1_500' title='bbox 1398 3927 1670 3997; x_wconf 82' lang='grc' dir='ltr'>λέγοντες,</span> <span class='ocrx_word' id='word_1_501' title='bbox 1695 3930 1770 3994; x_wconf 84' lang='grc' dir='ltr'>ὼς</span> <span class='ocrx_word' id='word_1_502' title='bbox 1801 3931 1895 3984; x_wconf 84' lang='grc' dir='ltr'><strong>καί</strong></span> <span class='ocrx_word' id='word_1_503' title='bbox 1938 3931 1966 3984; x_wconf 97' lang='lat'><strong>6</strong></span> 
     </span>
    </p>
   </div>
   <div class='ocr_carea' id='block_1_73' title="bbox 384 4009 1960 4090">
    <p class='ocr_par' dir='ltr' id='par_1_73' title="bbox 384 4009 1960 4090">
     <span class='ocr_line' id='line_1_73' title="bbox 384 4009 1960 4090; baseline 0.01 -31"><span class='ocrx_word' id='word_1_504' title='bbox 384 4010 519 4070; x_wconf 69' lang='grc' dir='ltr'>ε-ιεὸς</span> <span class='ocrx_word' id='word_1_505' title='bbox 537 4009 673 4081; x_wconf 73' lang='grc' dir='ltr'>πρὸς</span> <span class='ocrx_word' id='word_1_506' title='bbox 687 4012 777 4065; x_wconf 76' lang='grc' dir='ltr'>τὸν</span> <span class='ocrx_word' id='word_1_507' title='bbox 790 4027 802 4040; x_wconf 73' lang='grc'>⁸</span> <span class='ocrx_word' id='word_1_508' title='bbox 825 4013 963 4066; x_wconf 85' lang='grc' dir='ltr'>Κόιῖν</span> <span class='ocrx_word' id='word_1_509' title='bbox 986 4032 1005 4066; x_wconf 77' lang='grc' dir='ltr'><strong>ι</strong></span> <span class='ocrx_word' id='word_1_510' title='bbox 1028 4014 1181 4087; x_wconf 76' lang='grc' dir='ltr'>Φωνὴ</span> <span class='ocrx_word' id='word_1_511' title='bbox 1201 4016 1430 4088; x_wconf 81' lang='grc' dir='ltr'>αἵματος</span> <span class='ocrx_word' id='word_1_512' title='bbox 1449 4020 1543 4074; x_wconf 88' lang='grc' dir='ltr'><strong>τοῦ</strong></span> <span class='ocrx_word' id='word_1_513' title='bbox 1566 4021 1796 4090; x_wconf 80' lang='grc' dir='ltr'>ἀδελφοῦ</span> <span class='ocrx_word' id='word_1_514' title='bbox 1811 4040 1926 4087; x_wconf 89' lang='grc' dir='ltr'>σου,</span> <span class='ocrx_word' id='word_1_515' title='bbox 1941 4041 1960 4075; x_wconf 72' lang='grc' dir='ltr'><strong>ι</strong></span> 
     </span>
    </p>
   </div>
   <div class='ocr_carea' id='block_1_74' title="bbox 386 4100 1958 4184">
    <p class='ocr_par' dir='ltr' id='par_1_74' title="bbox 386 4100 1958 4184">
     <span class='ocr_line' id='line_1_74' title="bbox 386 4100 1958 4184; baseline 0.01 -32"><span class='ocrx_word' id='word_1_516' title='bbox 386 4104 408 4151; x_wconf 74' lang='grc' dir='ltr'><strong><em>ἑ</em></strong></span> <span class='ocrx_word' id='word_1_517' title='bbox 425 4102 511 4154; x_wconf 72' lang='grc' dir='ltr'>ντὶ</span> <span class='ocrx_word' id='word_1_518' title='bbox 536 4100 630 4155; x_wconf 88' lang='grc' dir='ltr'><strong>τοῦ</strong></span> <span class='ocrx_word' id='word_1_519' title='bbox 661 4104 690 4157; x_wconf 91' lang='lat'><strong>6</strong></span> <span class='ocrx_word' id='word_1_520' title='bbox 714 4104 890 4171; x_wconf 87' lang='grc' dir='ltr'>φόνος.</span> <span class='ocrx_word' id='word_1_521' title='bbox 933 4103 1119 4161; x_wconf 87' lang='grc' dir='ltr'>Ταῦτα</span> <span class='ocrx_word' id='word_1_522' title='bbox 1147 4108 1203 4162; x_wconf 82' lang='grc' dir='ltr'>δὲ</span> <span class='ocrx_word' id='word_1_523' title='bbox 1225 4107 1460 4179; x_wconf 76' lang='grc' dir='ltr'>ἔφασκον</span> <span class='ocrx_word' id='word_1_524' title='bbox 1515 4113 1782 4179; x_wconf 80' lang='grc' dir='ltr'>Ἰουδαῖοι,</span> <span class='ocrx_word' id='word_1_525' title='bbox 1836 4132 1958 4184; x_wconf 86' lang='grc' dir='ltr'>φει-</span> 
     </span>
    </p>
   </div>
   <div class='ocr_carea' id='block_1_75' title="bbox 388 4193 1957 4279">
    <p class='ocr_par' dir='ltr' id='par_1_75' title="bbox 388 4193 1957 4279">
     <span class='ocr_line' id='line_1_75' title="bbox 388 4193 1957 4279; baseline 0.011 -36"><span class='ocrx_word' id='word_1_526' title='bbox 388 4194 470 4245; x_wconf 72' lang='grc' dir='ltr'>δοῖ</span> <span class='ocrx_word' id='word_1_527' title='bbox 486 4193 646 4265; x_wconf 82' lang='grc' dir='ltr'><strong>δῆθεν</strong></span> <span class='ocrx_word' id='word_1_528' title='bbox 661 4196 758 4267; x_wconf 85' lang='grc' dir='ltr'><strong>τῆς</strong></span> <span class='ocrx_word' id='word_1_529' title='bbox 781 4198 991 4254; x_wconf 79' lang='grc' dir='ltr'>ἑαυτῶν</span> <span class='ocrx_word' id='word_1_530' title='bbox 1029 4204 1328 4273; x_wconf 78' lang='grc' dir='ltr'>σωτηρίας,</span> <span class='ocrx_word' id='word_1_531' title='bbox 1365 4206 1425 4260; x_wconf 76' lang='grc' dir='ltr'><strong>τὸ</strong></span> <span class='ocrx_word' id='word_1_532' title='bbox 1457 4207 1659 4279; x_wconf 82' lang='grc' dir='ltr'>πλῆθος</span> <span class='ocrx_word' id='word_1_533' title='bbox 1688 4207 1829 4263; x_wconf 75' lang='grc' dir='ltr'>κατὰ</span> <span class='ocrx_word' id='word_1_534' title='bbox 1849 4207 1957 4261; x_wconf 84' lang='grc' dir='ltr'><strong>τῶν</strong></span> 
     </span>
    </p>
   </div>
   <div class='ocr_carea' id='block_1_76' title="bbox 388 4286 1111 4362">
    <p class='ocr_par' dir='ltr' id='par_1_76' title="bbox 388 4286 1111 4362">
     <span class='ocr_line' id='line_1_76' title="bbox 388 4286 1111 4362; baseline 0.015 -26"><span class='ocrx_word' id='word_1_535' title='bbox 388 4286 702 4340; x_wconf 70' lang='grc' dir='ltr'>ἀποστόλων</span> <span class='ocrx_word' id='word_1_536' title='bbox 732 4289 1111 4362; x_wconf 81' lang='grc' dir='ltr'>τραχύνοντες.</span> 
     </span>
    </p>
   </div>
   <div class='ocr_carea' id='block_1_77' title="bbox 2069 3545 3658 3620">
    <p class='ocr_par' dir='ltr' id='par_1_77' title="bbox 2069 3545 3658 3620">
     <span class='ocr_line' id='line_1_77' title="bbox 2069 3545 3658 3620; baseline -0.003 -15"><span class='ocrx_word' id='word_1_537' title='bbox 2069 3549 2517 3620; x_wconf 86' lang='lat' dir='ltr'><strong>apostolicorum:</strong></span> <span class='ocrx_word' id='word_1_538' title='bbox 2548 3546 2746 3601; x_wconf 85' lang='lat' dir='ltr'><strong>summi</strong></span> <span class='ocrx_word' id='word_1_539' title='bbox 2784 3561 2914 3600; x_wconf 90' lang='lat' dir='ltr'><strong>vero</strong></span> <span class='ocrx_word' id='word_1_540' title='bbox 2938 3549 3251 3601; x_wconf 86' lang='lat' dir='ltr'><strong>sacerdotes</strong></span> <span class='ocrx_word' id='word_1_541' title='bbox 3295 3560 3357 3599; x_wconf 90' lang='lat' dir='ltr'><strong>ac</strong></span> <span class='ocrx_word' id='word_1_542' title='bbox 3379 3545 3658 3616; x_wconf 86' lang='lat' dir='ltr'><strong>principes</strong></span> 
     </span>
    </p>
   </div>
   <div class='ocr_carea' id='block_1_78' title="bbox 2067 3638 3660 3712">
    <p class='ocr_par' dir='ltr' id='par_1_78' title="bbox 2067 3638 3660 3712">
     <span class='ocr_line' id='line_1_78' title="bbox 2067 3638 3660 3712; baseline -0.001 -18"><span class='ocrx_word' id='word_1_543' title='bbox 2067 3642 2252 3697; x_wconf 89' lang='lat' dir='ltr'><strong>furore</strong></span> <span class='ocrx_word' id='word_1_544' title='bbox 2268 3641 2530 3696; x_wconf 89' lang='lat' dir='ltr'><strong>adversus</strong></span> <span class='ocrx_word' id='word_1_545' title='bbox 2553 3639 2834 3712; x_wconf 88' lang='lat' dir='ltr'><strong>apostolos</strong></span> <span class='ocrx_word' id='word_1_546' title='bbox 2873 3639 3223 3710; x_wconf 81' lang='lat' dir='ltr'><strong>agitabantur</strong></span> <span class='ocrx_word' id='word_1_547' title='bbox 3254 3638 3472 3693; x_wconf 90' lang='lat' dir='ltr'><strong>illorum</strong></span> <span class='ocrx_word' id='word_1_548' title='bbox 3513 3654 3660 3694; x_wconf 89' lang='lat' dir='ltr'><strong>mor-</strong></span> 
     </span>
    </p>
   </div>
   <div class='ocr_carea' id='block_1_79' title="bbox 2061 3726 3657 3801">
    <p class='ocr_par' dir='ltr' id='par_1_79' title="bbox 2061 3726 3657 3801">
     <span class='ocr_line' id='line_1_79' title="bbox 2061 3726 3657 3801; baseline -0.003 -16"><span class='ocrx_word' id='word_1_549' title='bbox 2061 3738 2175 3787; x_wconf 89' lang='lat' dir='ltr'><strong>tem</strong></span> <span class='ocrx_word' id='word_1_550' title='bbox 2204 3737 2538 3801; x_wconf 84' lang='lat' dir='ltr'><strong>appetentes:</strong></span> <span class='ocrx_word' id='word_1_551' title='bbox 2564 3738 2621 3782; x_wconf 92' lang='lat' dir='ltr'><strong>ut</strong></span> <span class='ocrx_word' id='word_1_552' title='bbox 2640 3729 2750 3797; x_wconf 88' lang='lat' dir='ltr'><strong>jam</strong></span> <span class='ocrx_word' id='word_1_553' title='bbox 2773 3726 3116 3783; x_wconf 81' lang='lat' dir='ltr'><strong>manifestius</strong></span> <span class='ocrx_word' id='word_1_554' title='bbox 3141 3728 3213 3783; x_wconf 89' lang='lat' dir='ltr'><strong>sit</strong></span> <span class='ocrx_word' id='word_1_555' title='bbox 3242 3742 3431 3782; x_wconf 87' lang='lat' dir='ltr'><strong>eorum</strong></span> <span class='ocrx_word' id='word_1_556' title='bbox 3461 3728 3657 3782; x_wconf 78' lang='lat' dir='ltr'><strong>adver~</strong></span> 
     </span>
    </p>
   </div>
   <div class='ocr_carea' id='block_1_80' title="bbox 2068 3820 3650 3891">
    <p class='ocr_par' dir='ltr' id='par_1_80' title="bbox 2068 3820 3650 3891">
     <span class='ocr_line' id='line_1_80' title="bbox 2068 3820 3650 3891; baseline -0.005 -10"><span class='ocrx_word' id='word_1_557' title='bbox 2068 3840 2162 3881; x_wconf 89' lang='lat' dir='ltr'><strong>sus</strong></span> <span class='ocrx_word' id='word_1_558' title='bbox 2183 3823 2461 3879; x_wconf 82' lang='lat' dir='ltr'><strong>Christum</strong></span> <span class='ocrx_word' id='word_1_559' title='bbox 2483 3820 2725 3876; x_wconf 87' lang='lat' dir='ltr'><strong>furorem</strong></span> <span class='ocrx_word' id='word_1_560' title='bbox 2748 3836 2855 3876; x_wconf 90' lang='lat' dir='ltr'><strong>non</strong></span> <span class='ocrx_word' id='word_1_561' title='bbox 2875 3822 3034 3891; x_wconf 89' lang='lat' dir='ltr'><strong>quasi</strong></span> <span class='ocrx_word' id='word_1_562' title='bbox 3051 3821 3262 3891; x_wconf 85' lang='lat' dir='ltr'><strong>justum</strong></span> <span class='ocrx_word' id='word_1_563' title='bbox 3286 3820 3650 3890; x_wconf 83' lang='lat' dir='ltr'><strong>processisse,</strong></span> 
     </span>
    </p>
   </div>
   <div class='ocr_carea' id='block_1_81' title="bbox 2072 3912 3661 3985">
    <p class='ocr_par' dir='ltr' id='par_1_81' title="bbox 2072 3912 3661 3985">
     <span class='ocr_line' id='line_1_81' title="bbox 2072 3912 3661 3985; baseline -0.006 -11"><span class='ocrx_word' id='word_1_564' title='bbox 2072 3918 2167 3974; x_wconf 90' lang='lat' dir='ltr'><strong>sed</strong></span> <span class='ocrx_word' id='word_1_565' title='bbox 2202 3933 2266 3974; x_wconf 82' lang='lat' dir='ltr'><strong>ex</strong></span> <span class='ocrx_word' id='word_1_566' title='bbox 2296 3914 2522 3978; x_wconf 86' lang='lat' dir='ltr'><strong>invidia,</strong></span> <span class='ocrx_word' id='word_1_567' title='bbox 2546 3914 2641 3985; x_wconf 90' lang='lat' dir='ltr'><strong>qui</strong></span> <span class='ocrx_word' id='word_1_568' title='bbox 2672 3912 2740 3967; x_wconf 90' lang='lat' dir='ltr'><strong>ad</strong></span> <span class='ocrx_word' id='word_1_569' title='bbox 2790 3912 3105 3982; x_wconf 85' lang='lat' dir='ltr'><strong>hujusmodi</strong></span> <span class='ocrx_word' id='word_1_570' title='bbox 3127 3912 3330 3968; x_wconf 67' lang='lat' dir='ltr'><strong>eaedem</strong></span> <span class='ocrx_word' id='word_1_571' title='bbox 3358 3912 3509 3982; x_wconf 89' lang='lat' dir='ltr'><strong>ipsos</strong></span> <span class='ocrx_word' id='word_1_572' title='bbox 3534 3927 3661 3981; x_wconf 87' lang='lat' dir='ltr'><strong>pro-</strong></span> 
     </span>
    </p>
   </div>
   <div class='ocr_carea' id='block_1_82' title="bbox 2071 4004 3676 4075">
    <p class='ocr_par' dir='ltr' id='par_1_82' title="bbox 2071 4004 3676 4075">
     <span class='ocr_line' id='line_1_82' title="bbox 2071 4004 3676 4075; baseline -0.007 -7"><span class='ocrx_word' id='word_1_573' title='bbox 2071 4008 2397 4068; x_wconf 86' lang='lat' dir='ltr'><strong>ducat.ldeo</strong></span> <span class='ocrx_word' id='word_1_574' title='bbox 2419 4007 2583 4063; x_wconf 90' lang='lat' dir='ltr'><strong>etiam</strong></span> <span class='ocrx_word' id='word_1_575' title='bbox 2608 4006 2784 4059; x_wconf 88' lang='lat' dir='ltr'><strong>aiunt:</strong></span> <span class='ocrx_word' id='word_1_576' title='bbox 2814 4024 2833 4057; x_wconf 77' lang='grc' dir='ltr'><strong>ι</strong></span> <span class='ocrx_word' id='word_1_577' title='bbox 2859 4004 3038 4061; x_wconf 84' lang='lat' dir='ltr'><strong>Vultis</strong></span> <span class='ocrx_word' id='word_1_578' title='bbox 3075 4004 3339 4061; x_wconf 91' lang='lat' dir='ltr'><strong>inducere</strong></span> <span class='ocrx_word' id='word_1_579' title='bbox 3367 4019 3536 4075; x_wconf 89' lang='lat' dir='ltr'><strong>super</strong></span> <span class='ocrx_word' id='word_1_580' title='bbox 3559 4020 3676 4059; x_wconf 85' lang='lat' dir='ltr'><strong>nos.</strong></span> 
     </span>
    </p>
   </div>
   <div class='ocr_carea' id='block_1_83' title="bbox 2069 4096 3661 4175">
    <p class='ocr_par' dir='ltr' id='par_1_83' title="bbox 2069 4096 3661 4175">
     <span class='ocr_line' id='line_1_83' title="bbox 2069 4096 3661 4175; baseline -0.005 -16"><span class='ocrx_word' id='word_1_581' title='bbox 2069 4103 2391 4175; x_wconf 82' lang='lat' dir='ltr'><strong>sanguinem</strong></span> <span class='ocrx_word' id='word_1_582' title='bbox 2426 4099 2527 4156; x_wconf 90' lang='lat' dir='ltr'><strong>viri</strong></span> <span class='ocrx_word' id='word_1_583' title='bbox 2554 4096 2748 4168; x_wconf 83' lang='lat' dir='ltr'><strong>hujus?</strong></span> <span class='ocrx_word' id='word_1_584' title='bbox 2777 4117 2795 4147; x_wconf 74' lang='grc' dir='ltr'><strong>ι</strong></span> <span class='ocrx_word' id='word_1_585' title='bbox 2830 4098 3153 4170; x_wconf 78' lang='lat' dir='ltr'><strong>sanguinem</strong></span> <span class='ocrx_word' id='word_1_586' title='bbox 3184 4097 3519 4167; x_wconf 84' lang='lat' dir='ltr'><strong>appellantes</strong></span> <span class='ocrx_word' id='word_1_587' title='bbox 3554 4112 3661 4152; x_wconf 68' lang='lat' dir='ltr'><strong>caa-</strong></span> 
     </span>
    </p>
   </div>
   <div class='ocr_carea' id='block_1_84' title="bbox 2066 4186 3663 4261">
    <p class='ocr_par' dir='ltr' id='par_1_84' title="bbox 2066 4186 3663 4261">
     <span class='ocr_line' id='line_1_84' title="bbox 2066 4186 3663 4261; baseline -0.006 -9"><span class='ocrx_word' id='word_1_588' title='bbox 2066 4200 2210 4256; x_wconf 90' lang='lat' dir='ltr'><strong>dem.</strong></span> <span class='ocrx_word' id='word_1_589' title='bbox 2232 4192 2702 4261; x_wconf 87' lang='lat' dir='ltr'><strong>Quemadmodum</strong></span> <span class='ocrx_word' id='word_1_590' title='bbox 2724 4190 2888 4245; x_wconf 91' lang='lat' dir='ltr'><strong>etiam</strong></span> <span class='ocrx_word' id='word_1_591' title='bbox 2910 4190 3055 4247; x_wconf 86' lang='lat' dir='ltr'><strong>Deus</strong></span> <span class='ocrx_word' id='word_1_592' title='bbox 3071 4189 3136 4245; x_wconf 91' lang='lat' dir='ltr'><strong>ad</strong></span> <span class='ocrx_word' id='word_1_593' title='bbox 3161 4187 3320 4244; x_wconf 88' lang='lat' dir='ltr'><strong>Cain:</strong></span> <span class='ocrx_word' id='word_1_594' title='bbox 3345 4207 3364 4241; x_wconf 78' lang='grc' dir='ltr'><strong>ι</strong></span> <span class='ocrx_word' id='word_1_595' title='bbox 3396 4186 3516 4243; x_wconf 79' lang='lat' dir='ltr'><strong>Vox</strong></span> <span class='ocrx_word' id='word_1_596' title='bbox 3536 4203 3663 4243; x_wconf 87' lang='lat' dir='ltr'><strong>san-</strong></span> 
     </span>
    </p>
   </div>
   <div class='ocr_carea' id='block_1_85' title="bbox 2061 4266 3663 4365">
    <p class='ocr_par' dir='ltr' id='par_1_85' title="bbox 2061 4266 3663 4365">
     <span class='ocr_line' id='line_1_85' title="bbox 2061 4266 3663 4365; baseline -0.004 -19"><span class='ocrx_word' id='word_1_597' title='bbox 2061 4290 2244 4365; x_wconf 72' lang='lat' dir='ltr'><strong>guinis</strong></span> <span class='ocrx_word' id='word_1_598' title='bbox 2272 4287 2458 4343; x_wconf 82' lang='lat' dir='ltr'><strong>fratris</strong></span> <span class='ocrx_word' id='word_1_599' title='bbox 2492 4288 2571 4340; x_wconf 90' lang='lat' dir='ltr'><strong>tui</strong></span> <span class='ocrx_word' id='word_1_600' title='bbox 2594 4287 2661 4349; x_wconf 74' lang='grc'><strong>⁸³,</strong></span> <span class='ocrx_word' id='word_1_601' title='bbox 2686 4266 2789 4341; x_wconf 81' lang='lat' dir='ltr'><strong>hoc</strong></span> <span class='ocrx_word' id='word_1_602' title='bbox 2810 4292 2894 4342; x_wconf 91' lang='lat' dir='ltr'><strong>est</strong></span> <span class='ocrx_word' id='word_1_603' title='bbox 2914 4284 3112 4342; x_wconf 74' lang='lat' dir='ltr'><strong>caedes.</strong></span> <span class='ocrx_word' id='word_1_604' title='bbox 3145 4284 3273 4365; x_wconf 71' lang='lat' dir='ltr'><strong>“me</strong></span> <span class='ocrx_word' id='word_1_605' title='bbox 3291 4293 3468 4339; x_wconf 90' lang='lat' dir='ltr'><strong>autem</strong></span> <span class='ocrx_word' id='word_1_606' title='bbox 3509 4285 3663 4341; x_wconf 85' lang='lat' dir='ltr'><strong>dice-</strong></span> 
     </span>
    </p>
   </div>
   <div class='ocr_carea' id='block_1_86' title="bbox 391 4361 3660 4462">
    <p class='ocr_par' dir='ltr' id='par_1_86' title="bbox 391 4361 3660 4462">
     <span class='ocr_line' id='line_1_86' title="bbox 391 4361 3660 4462; baseline -0.001 -32"><span class='ocrx_word' id='word_1_607' title='bbox 391 4378 548 4434; x_wconf 79' lang='lat' dir='ltr'><strong>hanlJ</strong></span> <span class='ocrx_word' id='word_1_608' title='bbox 560 4378 718 4444; x_wconf 61' lang='lat' dir='ltr'><strong>ndaei,</strong></span> <span class='ocrx_word' id='word_1_609' title='bbox 744 4361 1147 4443; x_wconf 89' lang='lat' dir='ltr'><strong>multitudinem</strong></span> <span class='ocrx_word' id='word_1_610' title='bbox 1167 4396 1355 4445; x_wconf 89' lang='lat' dir='ltr'><strong>contra</strong></span> <span class='ocrx_word' id='word_1_611' title='bbox 1370 4391 1645 4462; x_wconf 80' lang='lat' dir='ltr'><strong>apostolos</strong></span> <span class='ocrx_word' id='word_1_612' title='bbox 1665 4361 2166 4452; x_wconf 20' lang='lat' dir='ltr'><strong>exacerbantes,iac</strong></span> <span class='ocrx_word' id='word_1_613' title='bbox 2188 4383 2233 4440; x_wconf 89' lang='lat' dir='ltr'><strong>si</strong></span> <span class='ocrx_word' id='word_1_614' title='bbox 2258 4382 2309 4438; x_wconf 91' lang='lat' dir='ltr'><strong>id</strong></span> <span class='ocrx_word' id='word_1_615' title='bbox 2346 4389 2552 4437; x_wconf 88' lang='lat' dir='ltr'><strong>tantum</strong></span> <span class='ocrx_word' id='word_1_616' title='bbox 2572 4388 2907 4451; x_wconf 84' lang='lat' dir='ltr'><strong>quaererent,</strong></span> <span class='ocrx_word' id='word_1_617' title='bbox 2934 4386 2991 4434; x_wconf 93' lang='lat' dir='ltr'><strong>ut</strong></span> <span class='ocrx_word' id='word_1_618' title='bbox 3009 4394 3123 4435; x_wconf 72' lang='lat' dir='ltr'><strong>sum</strong></span> <span class='ocrx_word' id='word_1_619' title='bbox 3140 4361 3301 4436; x_wconf 73' lang='lat' dir='ltr'><strong>saluti</strong></span> <span class='ocrx_word' id='word_1_620' title='bbox 3320 4387 3660 4449; x_wconf 84' lang='lat' dir='ltr'><strong>parceretur.</strong></span> 
     </span>
    </p>
   </div>
   <div class='ocr_carea' id='block_1_87' title="bbox 472 4493 1969 4602">
    <p class='ocr_par' dir='ltr' id='par_1_87' title="bbox 472 4493 1969 4602">
     <span class='ocr_line' id='line_1_87' title="bbox 472 4493 1969 4602; baseline 0.018 -58"><span class='ocrx_word' id='word_1_621' title='bbox 472 4510 493 4544; x_wconf 76' lang='grc' dir='ltr'><strong>ι</strong></span> <span class='ocrx_word' id='word_1_622' title='bbox 522 4493 632 4548; x_wconf 73' lang='grc' dir='ltr'><strong>Καὶ</strong></span> <span class='ocrx_word' id='word_1_623' title='bbox 658 4495 823 4602; x_wconf 45' lang='grc' dir='ltr'>ἰὴμεῖς</span> <span class='ocrx_word' id='word_1_624' title='bbox 872 4500 1040 4571; x_wconf 65' lang='grc' dir='ltr'>ἐσμεν</span> <span class='ocrx_word' id='word_1_625' title='bbox 1094 4503 1247 4558; x_wconf 82' lang='grc' dir='ltr'>αὐτοὶ</span> <span class='ocrx_word' id='word_1_626' title='bbox 1283 4503 1559 4576; x_wconf 80' lang='grc' dir='ltr'>μάρτυρες</span> <span class='ocrx_word' id='word_1_627' title='bbox 1628 4505 1737 4559; x_wconf 81' lang='grc' dir='ltr'><strong>τῶν</strong></span> <span class='ocrx_word' id='word_1_628' title='bbox 1787 4505 1969 4576; x_wconf 74' lang='grc' dir='ltr'><strong>ῥημά-</strong></span> 
     </span>
    </p>
   </div>
   <div class='ocr_carea' id='block_1_88' title="bbox 399 4600 863 4644">
    <p class='ocr_par' dir='ltr' id='par_1_88' title="bbox 399 4600 863 4644">
     <span class='ocr_line' id='line_1_88' title="bbox 399 4600 863 4644; baseline 0.015 -9"><span class='ocrx_word' id='word_1_629' title='bbox 399 4603 417 4635; x_wconf 74' lang='grc'><strong>1</strong></span> <span class='ocrx_word' id='word_1_630' title='bbox 460 4600 568 4639; x_wconf 84' lang='grc' dir='ltr'><strong>των</strong></span> <span class='ocrx_word' id='word_1_631' title='bbox 582 4600 808 4644; x_wconf 82' lang='grc' dir='ltr'>τουτων.</span> <span class='ocrx_word' id='word_1_632' title='bbox 844 4607 863 4642; x_wconf 71' lang='grc' dir='ltr'><strong>ι</strong></span> 
     </span>
    </p>
   </div>
   <div class='ocr_carea' id='block_1_89' title="bbox 2149 4480 3662 4562">
    <p class='ocr_par' dir='ltr' id='par_1_89' title="bbox 2149 4480 3662 4562">
     <span class='ocr_line' id='line_1_89' title="bbox 2149 4480 3662 4562; baseline -0.006 -11"><span class='ocrx_word' id='word_1_633' title='bbox 2149 4496 2215 4562; x_wconf 87' lang='lat' dir='ltr'><strong>V,</strong></span> <span class='ocrx_word' id='word_1_634' title='bbox 2238 4497 2326 4554; x_wconf 70' lang='lat'><strong>32.</strong></span> <span class='ocrx_word' id='word_1_635' title='bbox 2362 4515 2378 4548; x_wconf 85' lang='grc' dir='ltr'><strong>ι</strong></span> <span class='ocrx_word' id='word_1_636' title='bbox 2403 4495 2467 4551; x_wconf 87' lang='lat' dir='ltr'><strong>Et</strong></span> <span class='ocrx_word' id='word_1_637' title='bbox 2498 4511 2598 4551; x_wconf 91' lang='lat' dir='ltr'><strong>nos</strong></span> <span class='ocrx_word' id='word_1_638' title='bbox 2626 4509 2818 4550; x_wconf 88' lang='lat' dir='ltr'><strong>sumus</strong></span> <span class='ocrx_word' id='word_1_639' title='bbox 2847 4491 2947 4562; x_wconf 90' lang='lat' dir='ltr'><strong>ipsi</strong></span> <span class='ocrx_word' id='word_1_640' title='bbox 2980 4500 3149 4548; x_wconf 91' lang='lat' dir='ltr'><strong>testes</strong></span> <span class='ocrx_word' id='word_1_641' title='bbox 3172 4490 3391 4555; x_wconf 87' lang='lat' dir='ltr'><strong>horum,</strong></span> <span class='ocrx_word' id='word_1_642' title='bbox 3438 4480 3662 4558; x_wconf 79' lang='lat' dir='ltr'><strong>quaedi-</strong></span> 
     </span>
    </p>
   </div>
   <div class='ocr_carea' id='block_1_90' title="bbox 2090 4605 2350 4647">
    <p class='ocr_par' dir='ltr' id='par_1_90' title="bbox 2090 4605 2350 4647">
     <span class='ocr_line' id='line_1_90' title="bbox 2090 4605 2350 4647; baseline -0.015 -2"><span class='ocrx_word' id='word_1_643' title='bbox 2090 4605 2350 4647; x_wconf 77' lang='grc' dir='ltr'>ιοιιιιιιε.»</span> 
     </span>
    </p>
   </div>
   <div class='ocr_carea' id='block_1_91' title="bbox 475 4694 1954 4787">
    <p class='ocr_par' dir='ltr' id='par_1_91' title="bbox 475 4700 1954 4787">
     <span class='ocr_line' id='line_1_91' title="bbox 475 4700 1954 4787; baseline 0.011 -34"><span class='ocrx_word' id='word_1_644' title='bbox 475 4700 676 4767; x_wconf 75' lang='grc' dir='ltr'>Ποίωνς</span> <span class='ocrx_word' id='word_1_645' title='bbox 699 4704 781 4758; x_wconf 83' lang='grc' dir='ltr'>ὅτι</span> <span class='ocrx_word' id='word_1_646' title='bbox 804 4706 1018 4774; x_wconf 79' lang='grc' dir='ltr'>ἄφεσιν,</span> <span class='ocrx_word' id='word_1_647' title='bbox 1053 4711 1135 4765; x_wconf 81' lang='grc' dir='ltr'>ὅτι</span> <span class='ocrx_word' id='word_1_648' title='bbox 1161 4712 1448 4782; x_wconf 80' lang='grc' dir='ltr'>μετάνοιαν</span> <span class='ocrx_word' id='word_1_649' title='bbox 1475 4716 1859 4787; x_wconf 75' lang='grc' dir='ltr'>ἐπηγγείλατο.</span> <span class='ocrx_word' id='word_1_650' title='bbox 1900 4719 1954 4770; x_wconf 78' lang='grc' dir='ltr'>Ἥ</span> 
     </span>
    </p>
   </div>
   <div class='ocr_carea' id='block_1_92' title="bbox 2061 4694 3660 4787">
    <p class='ocr_par' dir='ltr' id='par_1_92' title="bbox 2176 4694 3660 4773">
     <span class='ocr_line' id='line_1_92' title="bbox 2176 4694 3660 4773; baseline -0.011 -12"><span class='ocrx_word' id='word_1_651' title='bbox 2176 4704 2448 4772; x_wconf 85' lang='lat' dir='ltr'><strong>Quorum?</strong></span> <span class='ocrx_word' id='word_1_652' title='bbox 2475 4702 2617 4773; x_wconf 89' lang='lat' dir='ltr'><strong>quod</strong></span> <span class='ocrx_word' id='word_1_653' title='bbox 2649 4701 3055 4763; x_wconf 85' lang='lat' dir='ltr'><strong>remissionem,</strong></span> <span class='ocrx_word' id='word_1_654' title='bbox 3084 4696 3232 4768; x_wconf 89' lang='lat' dir='ltr'><strong>quod</strong></span> <span class='ocrx_word' id='word_1_655' title='bbox 3282 4694 3660 4766; x_wconf 65' lang='lat' dir='ltr'><strong>paenitentiam</strong></span> 
     </span>
    </p>
   </div>
   <div class='ocr_carea' id='block_1_93' title="bbox 398 4792 1795 4879">
    <p class='ocr_par' dir='ltr' id='par_1_93' title="bbox 398 4792 1795 4879">
     <span class='ocr_line' id='line_1_93' title="bbox 398 4792 1795 4879; baseline 0.011 -34"><span class='ocrx_word' id='word_1_656' title='bbox 398 4792 509 4863; x_wconf 70' lang='grc' dir='ltr'>γὰρ</span> <span class='ocrx_word' id='word_1_657' title='bbox 540 4794 841 4858; x_wconf 77' lang='grc' dir='ltr'>ἀνάστασις</span> <span class='ocrx_word' id='word_1_658' title='bbox 865 4794 934 4870; x_wconf 85' lang='grc' dir='ltr'><strong>ἦν</strong></span> <span class='ocrx_word' id='word_1_659' title='bbox 955 4800 1141 4857; x_wconf 77' lang='grc' dir='ltr'>λοιπὸν</span> <span class='ocrx_word' id='word_1_660' title='bbox 1164 4804 1264 4875; x_wconf 72' lang='grc' dir='ltr'>ήδη</span> <span class='ocrx_word' id='word_1_661' title='bbox 1285 4805 1537 4877; x_wconf 84' lang='grc' dir='ltr'>ὡμολογη</span> <span class='ocrx_word' id='word_1_662' title='bbox 1548 4808 1700 4879; x_wconf 80' lang='grc' dir='ltr'>μένη.</span> <span class='ocrx_word' id='word_1_663' title='bbox 1788 4830 1795 4833; x_wconf 31' lang='grc' dir='ltr'><em>Α</em></span> 
     </span>
    </p>
   </div>
   <div class='ocr_carea' id='block_1_94' title="bbox 470 4888 1970 4967">
    <p class='ocr_par' dir='ltr' id='par_1_94' title="bbox 470 4888 1970 4967">
     <span class='ocr_line' id='line_1_94' title="bbox 470 4888 1970 4967; baseline 0.011 -27"><span class='ocrx_word' id='word_1_664' title='bbox 470 4904 491 4938; x_wconf 77' lang='grc' dir='ltr'><strong>ι</strong></span> <span class='ocrx_word' id='word_1_665' title='bbox 527 4888 638 4943; x_wconf 78' lang='grc' dir='ltr'><strong>Καὶ</strong></span> <span class='ocrx_word' id='word_1_666' title='bbox 659 4889 721 4943; x_wconf 73' lang='grc' dir='ltr'><strong>τὸ</strong></span> <span class='ocrx_word' id='word_1_667' title='bbox 754 4891 980 4962; x_wconf 80' lang='grc' dir='ltr'>Πνεῦμα</span> <span class='ocrx_word' id='word_1_668' title='bbox 1011 4893 1068 4948; x_wconf 81' lang='grc' dir='ltr'>δὲ</span> <span class='ocrx_word' id='word_1_669' title='bbox 1090 4894 1152 4949; x_wconf 84' lang='grc' dir='ltr'>τὸ</span> <span class='ocrx_word' id='word_1_670' title='bbox 1176 4894 1354 4965; x_wconf 82' lang='grc' dir='ltr'>ἆγιον,</span> <span class='ocrx_word' id='word_1_671' title='bbox 1382 4897 1412 4951; x_wconf 89' lang='lat'><strong>6</strong></span> <span class='ocrx_word' id='word_1_672' title='bbox 1440 4898 1644 4955; x_wconf 77' lang='grc' dir='ltr'>ἔδωκεν</span> <span class='ocrx_word' id='word_1_673' title='bbox 1662 4902 1690 4953; x_wconf 86' lang='lat'><strong>6</strong></span> <span class='ocrx_word' id='word_1_674' title='bbox 1709 4901 1841 4966; x_wconf 80' lang='grc' dir='ltr'>Θεὸς</span> <span class='ocrx_word' id='word_1_675' title='bbox 1856 4904 1970 4967; x_wconf 82' lang='grc' dir='ltr'>τοῖς</span> 
     </span>
    </p>
   </div>
   <div class='ocr_carea' id='block_1_95' title="bbox 397 4978 1965 5063">
    <p class='ocr_par' dir='ltr' id='par_1_95' title="bbox 397 4978 1965 5063">
     <span class='ocr_line' id='line_1_95' title="bbox 397 4978 1965 5063; baseline 0.01 -33"><span class='ocrx_word' id='word_1_676' title='bbox 397 4999 418 5028; x_wconf 83' lang='grc'><strong><em>‹</em></strong></span> <span class='ocrx_word' id='word_1_677' title='bbox 459 4978 846 5051; x_wconf 78' lang='grc' dir='ltr'>πειθαρχοῦσιν</span> <span class='ocrx_word' id='word_1_678' title='bbox 878 4983 1047 5055; x_wconf 81' lang='grc' dir='ltr'>αὐτῷ.</span> <span class='ocrx_word' id='word_1_679' title='bbox 1077 4988 1140 5040; x_wconf 78' lang='grc' dir='ltr'><strong>Οἱ</strong></span> <span class='ocrx_word' id='word_1_680' title='bbox 1169 4987 1226 5041; x_wconf 82' lang='grc' dir='ltr'>δὲ</span> <span class='ocrx_word' id='word_1_681' title='bbox 1264 4989 1596 5056; x_wconf 81' lang='grc' dir='ltr'>ἀκούσαντες</span> <span class='ocrx_word' id='word_1_682' title='bbox 1642 4993 1965 5063; x_wconf 79' lang='grc' dir='ltr'>διεπρίοντο,</span> 
     </span>
    </p>
   </div>
   <div class='ocr_carea' id='block_1_96' title="bbox 399 5070 1399 5147">
    <p class='ocr_par' dir='ltr' id='par_1_96' title="bbox 399 5070 1399 5147">
     <span class='ocr_line' id='line_1_96' title="bbox 399 5070 1399 5147; baseline 0.015 -25"><span class='ocrx_word' id='word_1_683' title='bbox 399 5090 419 5120; x_wconf 72' lang='grc' dir='ltr'><strong>ι</strong></span> <span class='ocrx_word' id='word_1_684' title='bbox 459 5070 552 5125; x_wconf 79' lang='grc' dir='ltr'>καὶ</span> <span class='ocrx_word' id='word_1_685' title='bbox 573 5071 918 5130; x_wconf 70' lang='grc' dir='ltr'>ἐϐουλεύοντο</span> <span class='ocrx_word' id='word_1_686' title='bbox 943 5076 1150 5132; x_wconf 67' lang='grc' dir='ltr'>ἀνελεῖν</span> <span class='ocrx_word' id='word_1_687' title='bbox 1181 5080 1399 5147; x_wconf 77' lang='grc' dir='ltr'>αὐτούς.</span> 
     </span>
    </p>
   </div>
   <div class='ocr_carea' id='block_1_97' title="bbox 467 5162 1964 5245">
    <p class='ocr_par' dir='ltr' id='par_1_97' title="bbox 467 5162 1964 5245">
     <span class='ocr_line' id='line_1_97' title="bbox 467 5162 1964 5245; baseline 0.009 -31"><span class='ocrx_word' id='word_1_688' title='bbox 467 5162 591 5216; x_wconf 87' lang='grc' dir='ltr'>Ὅτι</span> <span class='ocrx_word' id='word_1_689' title='bbox 621 5164 815 5233; x_wconf 75' lang='grc' dir='ltr'>ἄφεσιν</span> <span class='ocrx_word' id='word_1_690' title='bbox 842 5166 1046 5234; x_wconf 83' lang='grc' dir='ltr'>δίδωσι,</span> <span class='ocrx_word' id='word_1_691' title='bbox 1072 5169 1165 5224; x_wconf 70' lang='grc' dir='ltr'>καὶ</span> <span class='ocrx_word' id='word_1_692' title='bbox 1186 5172 1347 5242; x_wconf 78' lang='grc' dir='ltr'>ἡμεῖς</span> <span class='ocrx_word' id='word_1_693' title='bbox 1400 5174 1809 5245; x_wconf 84' lang='grc' dir='ltr'>μαρτυροῦμεν,</span> <span class='ocrx_word' id='word_1_694' title='bbox 1866 5172 1964 5228; x_wconf 71' lang='grc' dir='ltr'>καὶ</span> 
     </span>
    </p>
   </div>
   <div class='ocr_carea' id='block_1_98' title="bbox 396 5254 1971 5337">
    <p class='ocr_par' dir='ltr' id='par_1_98' title="bbox 396 5254 1971 5337">
     <span class='ocr_line' id='line_1_98' title="bbox 396 5254 1971 5337; baseline 0.013 -33"><span class='ocrx_word' id='word_1_695' title='bbox 396 5254 458 5304; x_wconf 67' lang='grc' dir='ltr'>τὸ</span> <span class='ocrx_word' id='word_1_696' title='bbox 476 5254 699 5324; x_wconf 83' lang='grc' dir='ltr'>Πνεῦμα</span> <span class='ocrx_word' id='word_1_697' title='bbox 727 5257 787 5309; x_wconf 79' lang='grc' dir='ltr'>τὸ</span> <span class='ocrx_word' id='word_1_698' title='bbox 817 5258 992 5326; x_wconf 78' lang='grc' dir='ltr'>ἅγιον,</span> <span class='ocrx_word' id='word_1_699' title='bbox 1025 5259 1055 5313; x_wconf 87' lang='lat'><strong>6</strong></span> <span class='ocrx_word' id='word_1_700' title='bbox 1082 5260 1183 5315; x_wconf 81' lang='grc' dir='ltr'>οὐκ</span> <span class='ocrx_word' id='word_1_701' title='bbox 1212 5263 1277 5316; x_wconf 80' lang='grc' dir='ltr'>ἂν</span> <span class='ocrx_word' id='word_1_702' title='bbox 1308 5263 1564 5334; x_wconf 73' lang='grc' dir='ltr'>ἐπῆλθεν,</span> <span class='ocrx_word' id='word_1_703' title='bbox 1614 5265 1663 5318; x_wconf 87' lang='grc' dir='ltr'><strong>εί</strong></span> <span class='ocrx_word' id='word_1_704' title='bbox 1716 5265 1792 5337; x_wconf 82' lang='grc' dir='ltr'>μὴ</span> <span class='ocrx_word' id='word_1_705' title='bbox 1837 5265 1971 5337; x_wconf 74' lang='grc' dir='ltr'>πρό·</span> 
     </span>
    </p>
   </div>
   <div class='ocr_carea' id='block_1_99' title="bbox 398 5349 1968 5429">
    <p class='ocr_par' dir='ltr' id='par_1_99' title="bbox 398 5349 1968 5429">
     <span class='ocr_line' id='line_1_99' title="bbox 398 5349 1968 5429; baseline 0.01 -31"><span class='ocrx_word' id='word_1_706' title='bbox 398 5363 557 5417; x_wconf 80' lang='grc' dir='ltr'>τερον</span> <span class='ocrx_word' id='word_1_707' title='bbox 581 5349 640 5402; x_wconf 78' lang='grc' dir='ltr'>αἱ</span> <span class='ocrx_word' id='word_1_708' title='bbox 669 5350 941 5421; x_wconf 83' lang='grc' dir='ltr'>ἁμαρτίαι</span> <span class='ocrx_word' id='word_1_709' title='bbox 963 5352 1229 5410; x_wconf 74' lang='grc' dir='ltr'>ὲλὲλυντο.</span> <span class='ocrx_word' id='word_1_710' title='bbox 1262 5356 1778 5429; x_wconf 73' lang='grc' dir='ltr'>Ταπεινοςρροσύντις</span> <span class='ocrx_word' id='word_1_711' title='bbox 1829 5358 1887 5412; x_wconf 85' lang='grc' dir='ltr'>δὲ</span> <span class='ocrx_word' id='word_1_712' title='bbox 1940 5359 1968 5412; x_wconf 89' lang='lat'><strong>6</strong></span> 
     </span>
    </p>
   </div>
   <div class='ocr_carea' id='block_1_100' title="bbox 396 5439 1968 5521">
    <p class='ocr_par' dir='ltr' id='par_1_100' title="bbox 396 5439 1968 5521">
     <span class='ocr_line' id='line_1_100' title="bbox 396 5439 1968 5521; baseline 0.01 -31"><span class='ocrx_word' id='word_1_713' title='bbox 396 5439 637 5504; x_wconf 78' lang='grc' dir='ltr'>ὀιοῦτος</span> <span class='ocrx_word' id='word_1_714' title='bbox 670 5441 845 5512; x_wconf 79' lang='grc' dir='ltr'>λόγος.</span> <span class='ocrx_word' id='word_1_715' title='bbox 880 5445 955 5498; x_wconf 80' lang='grc' dir='ltr'><strong>Οὐ</strong></span> <span class='ocrx_word' id='word_1_716' title='bbox 984 5446 1092 5518; x_wconf 78' lang='grc' dir='ltr'><strong>γὰρ</strong></span> <span class='ocrx_word' id='word_1_717' title='bbox 1110 5448 1244 5517; x_wconf 79' lang='grc' dir='ltr'>ἡμῖν</span> <span class='ocrx_word' id='word_1_718' title='bbox 1265 5450 1477 5520; x_wconf 71' lang='grc' dir='ltr'>εἴρηται</span> <span class='ocrx_word' id='word_1_719' title='bbox 1505 5450 1968 5521; x_wconf 79' lang='grc' dir='ltr'>ἀποκληρωτικῶς</span> 
     </span>
    </p>
   </div>
   <div class='ocr_carea' id='block_1_101' title="bbox 395 5533 1968 5614">
    <p class='ocr_par' dir='ltr' id='par_1_101' title="bbox 395 5533 1968 5614">
     <span class='ocr_line' id='line_1_101' title="bbox 395 5533 1968 5614; baseline 0.006 -30"><span class='ocrx_word' id='word_1_720' title='bbox 395 5534 511 5596; x_wconf 77' lang='grc' dir='ltr'>τοῖς</span> <span class='ocrx_word' id='word_1_721' title='bbox 539 5533 829 5601; x_wconf 75' lang='grc' dir='ltr'>ἀγαπῶσιν</span> <span class='ocrx_word' id='word_1_722' title='bbox 853 5538 1036 5603; x_wconf 83' lang='grc' dir='ltr'>αὑτὸν,</span> <span class='ocrx_word' id='word_1_723' title='bbox 1084 5538 1222 5593; x_wconf 82' lang='grc' dir='ltr'>ἀλλὰ</span> <span class='ocrx_word' id='word_1_724' title='bbox 1250 5543 1317 5613; x_wconf 71' lang='grc' dir='ltr'>τῇ</span> <span class='ocrx_word' id='word_1_725' title='bbox 1369 5541 1751 5614; x_wconf 83' lang='grc' dir='ltr'>κοινοποιούσῃ</span> <span class='ocrx_word' id='word_1_726' title='bbox 1834 5557 1968 5611; x_wconf 86' lang='grc' dir='ltr'>προ-</span> 
     </span>
    </p>
   </div>
   <div class='ocr_carea' id='block_1_102' title="bbox 398 5624 1987 5707">
    <p class='ocr_par' dir='ltr' id='par_1_102' title="bbox 398 5624 1987 5707">
     <span class='ocr_line' id='line_1_102' title="bbox 398 5624 1987 5707; baseline 0.008 -31"><span class='ocrx_word' id='word_1_727' title='bbox 398 5624 679 5696; x_wconf 79' lang='grc' dir='ltr'>ενήνεκται</span> <span class='ocrx_word' id='word_1_728' title='bbox 724 5626 941 5684; x_wconf 83' lang='grc' dir='ltr'>πάντων</span> <span class='ocrx_word' id='word_1_729' title='bbox 972 5629 1080 5686; x_wconf 81' lang='grc' dir='ltr'><strong>τῶν</strong></span> <span class='ocrx_word' id='word_1_730' title='bbox 1105 5631 1542 5704; x_wconf 76' lang='grc' dir='ltr'>πειθαρχοῦντων</span> <span class='ocrx_word' id='word_1_731' title='bbox 1574 5636 1907 5707; x_wconf 80' lang='grc' dir='ltr'>αὒτῷ.Ὢστε</span> <span class='ocrx_word' id='word_1_732' title='bbox 1932 5634 1987 5688; x_wconf 82' lang='grc' dir='ltr'><strong>εί</strong></span> 
     </span>
    </p>
   </div>
   <div class='ocr_carea' id='block_1_103' title="bbox 470 5801 903 5867">
    <p class='ocr_par' dir='ltr' id='par_1_103' title="bbox 470 5801 903 5867">
     <span class='ocr_line' id='line_1_103' title="bbox 470 5801 903 5867; baseline 0.005 -11"><span class='ocrx_word' id='word_1_733' title='bbox 470 5801 515 5833; x_wconf 82' lang='grc'><strong><em>⁶²</em></strong></span> <span class='ocrx_word' id='word_1_734' title='bbox 549 5802 687 5857; x_wconf 79' lang='lat' dir='ltr'><strong>Gen.</strong></span> <span class='ocrx_word' id='word_1_735' title='bbox 710 5816 782 5867; x_wconf 84' lang='lat' dir='ltr'><strong>tv,</strong></span> <span class='ocrx_word' id='word_1_736' title='bbox 812 5801 903 5858; x_wconf 83' lang='grc'><strong>10.</strong></span> 
     </span>
    </p>
   </div>
   <div class='ocr_carea' id='block_1_104' title="bbox 2076 4788 3583 4872">
    <p class='ocr_par' dir='ltr' id='par_1_104' title="bbox 2076 4788 3583 4872">
     <span class='ocr_line' id='line_1_104' title="bbox 2076 4788 3583 4872; baseline -0.01 -18"><span class='ocrx_word' id='word_1_737' title='bbox 2076 4798 2407 4872; x_wconf 89' lang='lat' dir='ltr'><strong>promiserit:</strong></span> <span class='ocrx_word' id='word_1_738' title='bbox 2440 4811 2563 4852; x_wconf 87' lang='lat' dir='ltr'><strong>nam</strong></span> <span class='ocrx_word' id='word_1_739' title='bbox 2594 4794 2923 4850; x_wconf 89' lang='lat' dir='ltr'><strong>resurrectio</strong></span> <span class='ocrx_word' id='word_1_740' title='bbox 2941 4792 3052 4861; x_wconf 87' lang='lat' dir='ltr'><strong>jam</strong></span> <span class='ocrx_word' id='word_1_741' title='bbox 3079 4790 3133 4845; x_wconf 90' lang='lat' dir='ltr'><strong>in</strong></span> <span class='ocrx_word' id='word_1_742' title='bbox 3161 4788 3415 4845; x_wconf 80' lang='lat' dir='ltr'><strong>confesso</strong></span> <span class='ocrx_word' id='word_1_743' title='bbox 3443 4796 3583 4841; x_wconf 89' lang='lat' dir='ltr'><strong>erat.</strong></span> 
     </span>
    </p>
   </div>
   <div class='ocr_carea' id='block_1_105' title="bbox 2182 4878 3657 4960">
    <p class='ocr_par' dir='ltr' id='par_1_105' title="bbox 2182 4878 3657 4960">
     <span class='ocr_line' id='line_1_105' title="bbox 2182 4878 3657 4960; baseline -0.009 -14"><span class='ocrx_word' id='word_1_744' title='bbox 2182 4890 2245 4958; x_wconf 75' lang='grc' dir='ltr'>ν,</span> <span class='ocrx_word' id='word_1_745' title='bbox 2280 4892 2370 4960; x_wconf 64' lang='grc' dir='ltr'><strong>ζῶ.</strong></span> <span class='ocrx_word' id='word_1_746' title='bbox 2404 4910 2422 4942; x_wconf 79' lang='grc' dir='ltr'><strong>ι</strong></span> <span class='ocrx_word' id='word_1_747' title='bbox 2442 4890 2672 4960; x_wconf 88' lang='lat' dir='ltr'><strong>Insuper</strong></span> <span class='ocrx_word' id='word_1_748' title='bbox 2696 4897 2752 4944; x_wconf 93' lang='lat' dir='ltr'><strong>et</strong></span> <span class='ocrx_word' id='word_1_749' title='bbox 2781 4884 3021 4956; x_wconf 82' lang='lat' dir='ltr'><strong>Spiritus</strong></span> <span class='ocrx_word' id='word_1_750' title='bbox 3050 4891 3297 4948; x_wconf 85' lang='lat' dir='ltr'><strong>sanctus,</strong></span> <span class='ocrx_word' id='word_1_751' title='bbox 3319 4896 3481 4954; x_wconf 88' lang='lat' dir='ltr'><strong>quem</strong></span> <span class='ocrx_word' id='word_1_752' title='bbox 3503 4878 3657 4936; x_wconf 88' lang='lat' dir='ltr'><strong>dedit</strong></span> 
     </span>
    </p>
   </div>
   <div class='ocr_carea' id='block_1_106' title="bbox 2074 4972 3667 5051">
    <p class='ocr_par' dir='ltr' id='par_1_106' title="bbox 2074 4972 3667 5051">
     <span class='ocr_line' id='line_1_106' title="bbox 2074 4972 3667 5051; baseline -0.01 -13"><span class='ocrx_word' id='word_1_753' title='bbox 2074 5005 2097 5038; x_wconf 71' lang='grc' dir='ltr'><strong>ι</strong></span> <span class='ocrx_word' id='word_1_754' title='bbox 2118 4986 2262 5041; x_wconf 87' lang='lat' dir='ltr'><strong>Deus</strong></span> <span class='ocrx_word' id='word_1_755' title='bbox 2286 4983 2664 5040; x_wconf 84' lang='lat' dir='ltr'><strong>obedientibus</strong></span> <span class='ocrx_word' id='word_1_756' title='bbox 2695 4980 2821 5051; x_wconf 89' lang='lat' dir='ltr'><strong>ipsi.</strong></span> <span class='ocrx_word' id='word_1_757' title='bbox 2846 4977 2973 5033; x_wconf 81' lang='lat' dir='ltr'><strong>Haec</strong></span> <span class='ocrx_word' id='word_1_758' title='bbox 3001 4984 3185 5033; x_wconf 89' lang='lat' dir='ltr'><strong>autem</strong></span> <span class='ocrx_word' id='word_1_759' title='bbox 3219 4990 3344 5031; x_wconf 90' lang='lat' dir='ltr'><strong>cum</strong></span> <span class='ocrx_word' id='word_1_760' title='bbox 3381 4972 3667 5029; x_wconf 83' lang='lat' dir='ltr'><strong>audissent</strong></span> 
     </span>
    </p>
   </div>
   <div class='ocr_carea' id='block_1_107' title="bbox 2075 5066 3660 5136">
    <p class='ocr_par' dir='ltr' id='par_1_107' title="bbox 2075 5066 3660 5136">
     <span class='ocr_line' id='line_1_107' title="bbox 2075 5066 3660 5136; baseline -0.01 -4"><span class='ocrx_word' id='word_1_761' title='bbox 2075 5099 2095 5132; x_wconf 80' lang='grc' dir='ltr'><strong>ι</strong></span> <span class='ocrx_word' id='word_1_762' title='bbox 2107 5078 2517 5135; x_wconf 87' lang='lat' dir='ltr'><strong>dissecabantur</strong></span> <span class='ocrx_word' id='word_1_763' title='bbox 2531 5090 2594 5129; x_wconf 88' lang='lat' dir='ltr'><strong>ac</strong></span> <span class='ocrx_word' id='word_1_764' title='bbox 2606 5072 3077 5136; x_wconf 70' lang='lat' dir='ltr'><strong>consultabantmt</strong></span> <span class='ocrx_word' id='word_1_765' title='bbox 3093 5068 3468 5126; x_wconf 78' lang='lat' dir='ltr'><strong>interficerent</strong></span> <span class='ocrx_word' id='word_1_766' title='bbox 3483 5066 3626 5121; x_wconf 89' lang='lat' dir='ltr'><strong>illos.</strong></span> <span class='ocrx_word' id='word_1_767' title='bbox 3643 5084 3660 5116; x_wconf 76' lang='grc' dir='ltr'><strong>ι</strong></span> 
     </span>
    </p>
   </div>
   <div class='ocr_carea' id='block_1_108' title="bbox 2177 5158 3671 5239">
    <p class='ocr_par' dir='ltr' id='par_1_108' title="bbox 2177 5158 3671 5239">
     <span class='ocr_line' id='line_1_108' title="bbox 2177 5158 3671 5239; baseline -0.009 -15"><span class='ocrx_word' id='word_1_768' title='bbox 2177 5170 2333 5239; x_wconf 80' lang='lat' dir='ltr'><strong>Quod</strong></span> <span class='ocrx_word' id='word_1_769' title='bbox 2367 5171 2745 5226; x_wconf 86' lang='lat' dir='ltr'><strong>remissionem</strong></span> <span class='ocrx_word' id='word_1_770' title='bbox 2813 5167 3038 5232; x_wconf 88' lang='lat' dir='ltr'><strong>tribuat,</strong></span> <span class='ocrx_word' id='word_1_771' title='bbox 3075 5175 3127 5222; x_wconf 90' lang='lat' dir='ltr'><strong>et</strong></span> <span class='ocrx_word' id='word_1_772' title='bbox 3143 5179 3242 5220; x_wconf 88' lang='lat' dir='ltr'><strong>nos</strong></span> <span class='ocrx_word' id='word_1_773' title='bbox 3270 5170 3437 5218; x_wconf 85' lang='lat' dir='ltr'><strong>testes</strong></span> <span class='ocrx_word' id='word_1_774' title='bbox 3451 5158 3671 5216; x_wconf 54' lang='lat' dir='ltr'><strong>sumus.</strong></span> 
     </span>
    </p>
   </div>
   <div class='ocr_carea' id='block_1_109' title="bbox 2076 5250 3666 5330">
    <p class='ocr_par' dir='ltr' id='par_1_109' title="bbox 2076 5250 3666 5330">
     <span class='ocr_line' id='line_1_109' title="bbox 2076 5250 3666 5330; baseline -0.009 -14"><span class='ocrx_word' id='word_1_775' title='bbox 2076 5268 2131 5317; x_wconf 88' lang='lat' dir='ltr'><strong>et</strong></span> <span class='ocrx_word' id='word_1_776' title='bbox 2159 5259 2393 5330; x_wconf 88' lang='lat' dir='ltr'><strong>Spiritus</strong></span> <span class='ocrx_word' id='word_1_777' title='bbox 2431 5264 2681 5321; x_wconf 85' lang='lat' dir='ltr'><strong>sanctus,</strong></span> <span class='ocrx_word' id='word_1_778' title='bbox 2729 5257 2824 5328; x_wconf 87' lang='lat' dir='ltr'><strong>qui</strong></span> <span class='ocrx_word' id='word_1_779' title='bbox 2856 5270 3202 5325; x_wconf 85' lang='lat' dir='ltr'><strong>nequaquam</strong></span> <span class='ocrx_word' id='word_1_780' title='bbox 3250 5250 3666 5323; x_wconf 85' lang='lat' dir='ltr'><strong>supervenisset</strong></span> 
     </span>
    </p>
   </div>
   <div class='ocr_carea' id='block_1_110' title="bbox 2077 5336 3669 5420">
    <p class='ocr_par' dir='ltr' id='par_1_110' title="bbox 2077 5336 3669 5420">
     <span class='ocr_line' id='line_1_110' title="bbox 2077 5336 3669 5420; baseline -0.01 -15"><span class='ocrx_word' id='word_1_781' title='bbox 2077 5351 2183 5406; x_wconf 89' lang='lat' dir='ltr'><strong>nisi</strong></span> <span class='ocrx_word' id='word_1_782' title='bbox 2211 5349 2445 5420; x_wconf 89' lang='lat' dir='ltr'><strong>primum</strong></span> <span class='ocrx_word' id='word_1_783' title='bbox 2471 5348 2650 5402; x_wconf 89' lang='lat' dir='ltr'><strong>soluta</strong></span> <span class='ocrx_word' id='word_1_784' title='bbox 2674 5344 2906 5402; x_wconf 81' lang='lat' dir='ltr'><strong>fuissent</strong></span> <span class='ocrx_word' id='word_1_785' title='bbox 2938 5351 3183 5414; x_wconf 88' lang='lat' dir='ltr'><strong>peccata.</strong></span> <span class='ocrx_word' id='word_1_786' title='bbox 3218 5336 3539 5409; x_wconf 82' lang='lat' dir='ltr'><strong>llnjusmodi</strong></span> <span class='ocrx_word' id='word_1_787' title='bbox 3571 5351 3669 5390; x_wconf 86' lang='lat' dir='ltr'><strong>au-</strong></span> 
     </span>
    </p>
   </div>
   <div class='ocr_carea' id='block_1_111' title="bbox 2076 5430 3662 5505">
    <p class='ocr_par' dir='ltr' id='par_1_111' title="bbox 2076 5430 3662 5505">
     <span class='ocr_line' id='line_1_111' title="bbox 2076 5430 3662 5505; baseline -0.011 -7"><span class='ocrx_word' id='word_1_788' title='bbox 2076 5450 2182 5499; x_wconf 92' lang='lat' dir='ltr'><strong>tem</strong></span> <span class='ocrx_word' id='word_1_789' title='bbox 2211 5455 2392 5498; x_wconf 83' lang='lat' dir='ltr'><strong>seruio</strong></span> <span class='ocrx_word' id='word_1_790' title='bbox 2442 5439 2675 5495; x_wconf 89' lang='lat' dir='ltr'><strong>modesti</strong></span> <span class='ocrx_word' id='word_1_791' title='bbox 2706 5437 2875 5495; x_wconf 90' lang='lat' dir='ltr'><strong>animi</strong></span> <span class='ocrx_word' id='word_1_792' title='bbox 2904 5444 3009 5491; x_wconf 86' lang='lat' dir='ltr'><strong>est:</strong></span> <span class='ocrx_word' id='word_1_793' title='bbox 3044 5450 3219 5505; x_wconf 87' lang='lat' dir='ltr'><strong>neque</strong></span> <span class='ocrx_word' id='word_1_794' title='bbox 3257 5433 3399 5488; x_wconf 91' lang='lat' dir='ltr'><strong>enim</strong></span> <span class='ocrx_word' id='word_1_795' title='bbox 3456 5430 3662 5485; x_wconf 88' lang='lat' dir='ltr'><strong>dictum</strong></span> 
     </span>
    </p>
   </div>
   <div class='ocr_carea' id='block_1_112' title="bbox 2075 5517 3679 5605">
    <p class='ocr_par' dir='ltr' id='par_1_112' title="bbox 2075 5517 3679 5605">
     <span class='ocr_line' id='line_1_112' title="bbox 2075 5517 3679 5605; baseline -0.014 -12"><span class='ocrx_word' id='word_1_796' title='bbox 2075 5546 2160 5595; x_wconf 90' lang='lat' dir='ltr'><strong>est</strong></span> <span class='ocrx_word' id='word_1_797' title='bbox 2198 5557 2212 5592; x_wconf 88' lang='lat'><strong>:</strong></span> <span class='ocrx_word' id='word_1_798' title='bbox 2254 5534 2420 5590; x_wconf 88' lang='lat' dir='ltr'><strong>nobis</strong></span> <span class='ocrx_word' id='word_1_799' title='bbox 2463 5534 2622 5597; x_wconf 88' lang='lat' dir='ltr'><strong>solis,</strong></span> <span class='ocrx_word' id='word_1_800' title='bbox 2655 5532 2749 5605; x_wconf 90' lang='lat' dir='ltr'><strong>qui</strong></span> <span class='ocrx_word' id='word_1_801' title='bbox 2802 5545 2926 5587; x_wconf 90' lang='lat' dir='ltr'><strong>eum</strong></span> <span class='ocrx_word' id='word_1_802' title='bbox 2958 5528 3238 5600; x_wconf 77' lang='lat' dir='ltr'><strong>diligimus</strong></span> <span class='ocrx_word' id='word_1_803' title='bbox 3288 5517 3679 5581; x_wconf 12' lang='lat' dir='ltr'><strong>distribuendos</strong></span> 
     </span>
    </p>
   </div>
   <div class='ocr_carea' id='block_1_113' title="bbox 2090 5609 3669 5700">
    <p class='ocr_par' dir='ltr' id='par_1_113' title="bbox 2090 5609 3669 5700">
     <span class='ocr_line' id='line_1_113' title="bbox 2090 5609 3669 5700; baseline -0.015 -13"><span class='ocrx_word' id='word_1_804' title='bbox 2090 5628 2446 5700; x_wconf 80' lang='lat' dir='ltr'><strong>munera,51</strong></span> <span class='ocrx_word' id='word_1_805' title='bbox 2464 5628 2559 5685; x_wconf 86' lang='lat' dir='ltr'><strong>sed</strong></span> <span class='ocrx_word' id='word_1_806' title='bbox 2596 5624 2873 5683; x_wconf 87' lang='lat' dir='ltr'><strong>communi</strong></span> <span class='ocrx_word' id='word_1_807' title='bbox 2907 5635 3158 5681; x_wconf 89' lang='lat' dir='ltr'><strong>sermone</strong></span> <span class='ocrx_word' id='word_1_808' title='bbox 3181 5618 3248 5673; x_wconf 86' lang='lat' dir='ltr'><strong>ad</strong></span> <span class='ocrx_word' id='word_1_809' title='bbox 3277 5629 3466 5674; x_wconf 89' lang='lat' dir='ltr'><strong>omnes</strong></span> <span class='ocrx_word' id='word_1_810' title='bbox 3490 5609 3669 5684; x_wconf 77' lang='lat' dir='ltr'><strong>prola-</strong></span> 
     </span>
    </p>
   </div>
  </div>
