4058 6548
438 338 540 409 119

1511 325 1915 414 ὶΕουΜΕΝιι
1938 351 2228 413 Τιιιιςιῑιε
2262 354 2605 419 EPISCOPI

3571 367 3680 434 120

430 465 545 511 tum
597 461 682 513 est
713 457 805 528 qui
863 456 964 528 ipsi
995 458 1391 530 obtemperant.
1441 459 1520 515 Ita
1567 471 1625 517 ut
1655 461 1818 518 etiam
1853 464 1898 520 si
1930 464 2006 519 illi

2114 468 2204 521 καὶ
2231 470 2388 523 αὐτοὶ
2416 471 2704 540 πείθοιντο,
2735 472 2810 544 μὴ
2858 472 3183 547 ἀμοιρησειν
3229 476 3328 548 τῆς
3359 477 3524 534 αὐτοῦ
3573 480 3679 534 δωο

429 551 728 616 obedirent,
767 566 877 606 non
923 549 1310 606 fraudarentur
1357 560 1509 621 parte
1565 553 1694 609 doni
1729 555 1904 624 ipsius
1935 558 2005 612 ob

427 641 916 712 transgressionem
959 658 1080 714 qua:
1109 654 1330 713 propter
1354 658 1572 698 crucem
1592 647 1878 703 commissa
1897 656 2002 715 est,

503 750 523 783 ι
562 731 626 798 ν,
676 731 867 789 54-56.
917 731 1160 804 Surgens
1202 741 1380 787 autem
1416 734 1638 805 quidam
1675 736 1728 793 in
1767 738 2005 793 concilio

438 843 456 875 ι
499 823 827 896 Pharismus:
876 825 1098 881 nomine
1147 824 1454 892 Gamaliel,
1507 827 1642 898 legis
1694 828 1904 895 doctor,
1949 830 2008 885 in

436 934 456 967 ι
499 915 676 986 pretio
715 915 940 973 habitus
981 916 1123 988 apud
1173 924 1346 986 totum
1395 918 1686 989 populum,
1728 919 1894 990 jussit
1944 929 2004 976 ut

437 1026 456 1060 ι
499 1008 780 1078 paulisper
812 1007 962 1065 foras
991 1008 1310 1066 secederent
1351 1012 1605 1081 apostoli,
1647 1012 1894 1084 dixitque
1933 1013 2002 1069 ad

435 1120 454 1154 ι
495 1102 671 1158 alios:
713 1100 827 1158 Viri
868 1101 1152 1170 lsraelitaa,
1190 1104 1451 1160 attendite
1479 1105 1636 1161 vobis
1669 1105 1801 1175 ipsis
1841 1121 2006 1176 super

432 1214 452 1246 ι
495 1193 813 1251 hominibus
841 1194 962 1252 istis
990 1195 1128 1266 quid
1161 1198 1337 1253 acturi
1372 1196 1515 1253 sitis.
1554 1198 1698 1254 Ante
1725 1197 1827 1256 hos
1855 1199 2007 1255 enim

429 1303 450 1338 ι
495 1285 613 1343 dies
657 1286 873 1342 exstitit
919 1285 1195 1353 Theudas,
1243 1289 1434 1346 dicens
1462 1305 1522 1346 se
1561 1305 1688 1346 esse
1715 1291 1950 1362 aliquem
1986 1305 2001 1342 :

429 1397 450 1428 ι
493 1377 582 1433 cui
635 1378 864 1435 adhzesit
897 1395 1161 1436 numerus
1189 1379 1434 1437 virorum
1476 1381 1699 1437 circiter
1739 1382 2012 1454 quadrin-

431 1485 449 1519 ι
491 1475 779 1538 gentorum
807 1485 823 1524 :
852 1469 946 1539 qui
986 1469 1202 1526 occisus
1245 1479 1347 1537 est,
1396 1485 1696 1543 omnesque
1734 1480 2002 1544 quotquot

429 1577 449 1610 ι
491 1558 541 1614 ei
585 1558 938 1615 adhaerebant
979 1561 1227 1633 dissipati
1269 1571 1419 1627 sunt,
1459 1570 1512 1618 et
1547 1563 1615 1618 ad
1645 1563 1875 1620 nihilum
1913 1580 2007 1621 re-

429 1672 448 1705 ι
489 1652 656 1708 dacti.
671 1671 691 1706 ι

492 1743 594 1800 llic
611 1743 874 1802 Gamaliel
919 1743 1070 1802 Pauli
1095 1759 1394 1820 praeceptor
1415 1759 1552 1806 erat.
1579 1748 1734 1805 llunc
1753 1766 1882 1823 ergo
1903 1751 1998 1823 qui

2111 561 2260 631 ρεᾶς,
2297 565 2366 635 τῇ
2407 562 2495 616 διὰ
2531 564 2622 618 τδν
2655 565 2886 636 σταυρὸν
2920 568 3253 640 παρανομίᾳ.

2186 755 2203 789 ι
2249 739 2520 800 Ἀναστὰς
2563 738 2622 793 δέ
2665 757 2750 804 τις
2779 743 2836 795 ὲν
2867 741 2945 813 τῷ
2976 743 3234 816 συνεδρίῳ
3254 745 3542 817 Φαρισαῖος
3572 746 3686 800 όνό·

2114 849 2132 882 ι
2175 847 2307 900 ματι
2337 831 2644 904 Γαμαλιήλ,
2695 833 3166 906 νομοδιδάσκαλος,
3201 837 3383 909 τίμιος
3417 838 3580 892 παντὶ
3600 838 3685 910 τῷ

2113 940 2138 974 ι-
2173 921 2309 994 λαῷ,
2371 922 2662 980 ἐκέλευσεν
2713 925 2818 992 ἔξω
2866 926 3035 1000 βραχύ
3067 946 3121 982 τι
3171 929 3296 994 τοὺς
3350 927 3680 994 ἀποστόλους

2113 1035 2131 1066 ι
2166 1014 2412 1086 ποιῆσαι,
2459 1011 2587 1074 εἶπέ
2636 1035 2696 1072 τε
2725 1018 2863 1090 πρὸς
2899 1019 3118 1085 αὐτούς·
3155 1021 3380 1093 Ἀνδρες
3413 1022 3680 1094 Ἰσραηλῖ-

2114 1127 2131 1160 ι
2172 1123 2284 1176 ται,
2332 1108 2629 1180 προσέχετε
2661 1111 2873 1176 ἑαυτοῖς
2910 1112 3003 1166 ἐπὶ
3037 1115 3152 1179 τοῖς
3208 1113 3518 1186 ἀνθρώποις
3551 1115 3679 1170 τού-

2113 1221 2132 1253 ι
2166 1219 2302 1270 τοις,
2327 1203 2381 1258 τί
2433 1203 2657 1275 μέλλετε
2701 1205 2992 1278 πράσσειν.
3042 1208 3156 1279 Πρὸ
3187 1208 3296 1281 γὰρ
3325 1207 3528 1263 τούτων
3569 1209 3679 1265 τῶν

2114 1315 2131 1348 ι
2162 1297 2386 1368 ἡμερῶν
2416 1297 2614 1368 ἀνέστη
2659 1297 2884 1365 Θευδᾶς,
2909 1298 3084 1369 λέγων
3123 1294 3263 1355 εἷναί
3316 1317 3438 1357 τινα
3465 1302 3677 1357 ἑαυτόν.

2111 1408 2128 1440 ι
2171 1381 2241 1460 ᾯ
2271 1389 2685 1462 προσεκολλήθη
2731 1389 2965 1461 ἀριθμὸς
3013 1391 3224 1462 ἀνδρῶν
3251 1391 3384 1446 ὡσεὶ
3411 1409 3679 1464 τετρακο-

2110 1499 2126 1532 ι
2171 1479 2322 1536 σίων.
2352 1483 2447 1544 Ὃς
2477 1481 2742 1553 ἀνῃρέθη,
2773 1482 2869 1538 καὶ
2898 1482 3100 1546 πάντες
3127 1483 3243 1537 ὅσοι
3275 1483 3552 1539 ἐπείθοντο
3579 1484 3683 1538 αύ-

2109 1591 2128 1624 ι
2165 1571 2244 1642 τῷ
2269 1571 2592 1644 διελύθησαν
2624 1573 2720 1627 καὶ
2751 1574 3002 1643 ἐγένοντο
3027 1573 3105 1638 είς
3138 1573 3312 1630 οὐδέν.
3337 1592 3358 1626 ι

2172 1746 2342 1817 Οὗτος
2368 1753 2396 1805 ὁ
2428 1741 2705 1824 Γαμαλιὴλ
2743 1751 2778 1804 ἁ
2806 1749 2898 1804 τοῦ
2948 1750 3161 1806 Παύλου
3210 1749 3529 1814 διδάσκαλος
3580 1745 3675 1822 ἦν.»

425 1843 732 1906 praeceptor
768 1846 908 1906 erat,
945 1845 1000 1892 et
1031 1838 1085 1893 in
1112 1839 1336 1909 judiciis
1369 1841 1501 1910 legis
1535 1843 1890 1913 approbatus,
1911 1844 2008 1899 ad-

2113 1847 2210 1900 Ὀν
2251 1845 2572 1901 διδάσκαλον
2611 1845 2741 1899 ὄντα
2787 1846 2882 1899 καὶ
2933 1843 3032 1908 τὰς
3085 1842 3223 1898 κατά
3258 1844 3422 1915 νόμον
3465 1843 3680 1915 κρίσεις

422 1927 533 1983 huc
556 1943 664 1984 non
692 1929 941 1996 credere,
969 1947 1282 2002 quanquam
1341 1933 1577 2004 perfecte
1593 1951 1698 1990 non
1733 1935 2002 2009 intellige-

2108 1938 2417 2009 εὐδόκιμον,
2475 1937 2550 2010 μὴ
2597 1937 2889 1992 πιστεῦσαι
2919 1937 2998 2001 είς
3032 1936 3174 2001 τόδε,
3201 1937 3250 1990 εί
3279 1936 3373 1990 καὶ
3405 1935 3478 2006 μὴ
3502 1935 3682 1988 διόλου

421 2020 526 2080 ret,
569 2023 824 2072 extrema:
886 2027 1005 2073 erat
1061 2019 1366 2076 dementiae.
1409 2020 1475 2075 Et
1515 2023 1860 2080 manifestum
1919 2034 2005 2082 est

2108 2034 2331 2096 ἐννοεῖν,
2385 2031 2619 2102 ἐσχάτης
2675 2032 2862 2093 ἀνοίας
2912 2029 3053 2085 ἔστί.
3085 2028 3199 2084 Καὶ
3241 2028 3397 2099 δῆλον
3427 2027 3534 2082 ἀπὸ
3569 2028 3689 2092 τῶν.

421 2119 487 2160 ex
532 2106 712 2164 verbis
762 2109 905 2180 ejus,
951 2119 1073 2182 quae
1117 2112 1280 2166 etiam
1328 2115 1465 2169 satis
1519 2116 1816 2172 ostendunt
1858 2119 2008 2190 quod

2108 2122 2369 2193 ῥημάτων
2410 2120 2596 2188 αὐτοῦ,
2640 2119 2677 2176 ἃ
2708 2120 2801 2176 καὶ
2853 2120 2935 2175 ὅτι
2979 2119 3193 2175 συνέσει
3219 2117 3487 2190 διέφερεν,
3519 2118 3687 2172 ἱκανά-

419 2198 708 2267 prudentia
751 2203 1062 2259 excelleret.
1095 2202 1160 2258 Et
1203 2206 1364 2260 etiam
1424 2221 1488 2260 ex
1531 2205 1690 2264 lactis
1739 2211 1854 2267 suis
1902 2226 2000 2282 pa-

2108 2215 2402 2286 παριστᾷν.
2438 2214 2550 2268 Kal.
2586 2212 2746 2284 δῆλον
2795 2212 2852 2266 δὲ
2901 2211 2998 2266 καὶ
3037 2211 3130 2265 ἀπ’
3160 2210 3339 2266 αὐτῶν
3360 2209 3480 2266 τῶν
3501 2209 3687 2282 πραγ-

421 2298 520 2346 tet.
578 2289 713 2346 Nam
787 2294 1029 2365 iubendo
1071 2296 1346 2383 apostolos
1404 2297 1527 2367 ejici
1585 2315 1613 2354 a
1656 2303 1906 2370 consilio,
1944 2313 2004 2358 ut

2108 2307 2312 2376 μάτων.
2340 2305 2412 2360 “re
2438 2305 2545 2377 γὰρ
2580 2303 2836 2359 κελεῦσαι
2869 2303 2994 2370 τοὺς
3039 2303 3369 2367 ἀποστόλους
3410 2301 3684 2375 ἐκϐληθῆ-

422 2382 560 2452 ipsis
594 2391 857 2440 terrorem
894 2387 1188 2454 incuteret,
1218 2389 1456 2458 seipsum
1477 2405 1696 2460 quoque
1725 2395 2001 2464 suspicio-

423 2489 492 2528 ne
518 2474 937 2548 liberabat,qua
965 2489 1246 2549 putaretur
1278 2480 1444 2536 verba
1471 2481 1652 2539 facere
1686 2487 1736 2536 in
1763 2486 1996 2555 gratiam

419 2565 663 2632 illorum,
709 2568 801 2638 qui
835 2568 1081 2638 ejusdem
1127 2586 1248 2629 cum
1295 2573 1415 2644 ipso
1457 2583 1645 2634 essent
1691 2578 2004 2636 sententiae.

423 2655 553 2712 Ideo
589 2673 768 2728 neque
819 2675 1013 2732 magna
1056 2662 1402 2720 vehementia
1434 2682 1570 2723 usus
1606 2675 1712 2734 est,
1743 2668 1838 2724 sed
1878 2675 2000 2722 tan-

2104 2415 2192 2451 ναι
2225 2395 2318 2450 τοῦ
2349 2395 2648 2467 συνεδρίου,
2696 2395 2830 2466 πρὸς
2861 2394 2919 2448 τὸ
2947 2393 3222 2465 ὲμφόϐους
3261 2394 3458 2457 αὐτοὺς
3509 2409 3681 2449 κατα-

2106 2489 2324 2559 στῆσαι,
2355 2488 2434 2542 ἔτι
2465 2489 2558 2543 καὶ
2582 2487 2762 2559 ἑαυτῷ
2798 2487 2858 2541 τὸ
2886 2486 3196 2541 ἀνύποπτον
3225 2485 3547 2557 περιεποίει,
3578 2486 3683 2540 τοῦ,

2106 2583 2182 2656 μὴ
2206 2583 2281 2647 ὡς
2310 2579 2659 2653 ὁμογνώμοσι
2697 2579 3076 2652 χαριζόμενον,
3107 2577 3232 2642 τοὺς
3279 2577 3469 2646 λόγους
3501 2579 3674 2631 ποιεῖ-

2105 2677 2247 2731 σθαι.
2297 2675 2496 2746 Διόπερ
2534 2677 2655 2730 οὐδὲ
2699 2677 2866 2747 πολλῇ
2926 2675 3253 2748 σφοδρότητι
3292 2675 3514 2746 χρῆται,
3556 2673 3676 2731 ἀλλ’

420 2763 584 2818 quam
618 2750 934 2808 temulentis
967 2768 1079 2822 pra:
1107 2752 1292 2811 furore
1323 2755 1400 2810 ait
1434 2775 1448 2812 :
1486 2777 1504 2810 ι
1535 2758 1810 2816 Attendite
1838 2759 1996 2815 vobis

2108 2769 2174 2834 ὡς
2209 2768 2313 2822 ὑπὸ
2345 2767 2517 2837 θυμοῦ
2565 2767 2852 2838 μεθύουσιν
2898 2767 3040 2821 οῦτω
3089 2767 3261 2838 φησί·
3319 2787 3336 2819 ι
3371 2766 3674 2837 Προσέχετε

421 2841 558 2911 ipsis
591 2842 720 2911 quid
755 2846 930 2900 acturi
961 2846 1107 2912 sitis,
1137 2866 1155 2901 ι
1189 2862 1253 2903 ac
1289 2850 1338 2905 si
1368 2850 1578 2908 diceret
1605 2871 1618 2908 :
1651 2852 1768 2909 Non
1795 2861 1999 2910 temere

422 2933 699 2990 feramini.
731 2935 937 2993 Deinde
957 2954 1145 2996 eorum
1170 2957 1387 3013 quoque
1404 2945 1648 3016 exempla
1672 2945 1727 3002 in
1761 2947 2004 3002 medium.

423 3024 669 3092 adducit,
701 3028 793 3098 qui
822 3030 1101 3099 sapienter
1121 3047 1184 3087 ac
1217 3034 1320 3089 sibi
1353 3034 1487 3105 ipsis
1513 3035 1779 3094 inutiliter
1796 3052 2001 3094 consuq

419 3118 594 3177 lentes
626 3129 850 3193 propter
890 3123 1200 3193 hujusmodi
1245 3126 1558 3198 interempti
1613 3137 1762 3195 sunt,
1804 3147 1996 3202 nempe

425 3210 703 3267 Theudum
734 3192 803 3268 ac
827 3192 1022 3272 Iudam
1069 3214 1371 3283 Galilaeum,
1414 3192 1505 3290 qui
1546 3221 1614 3277 ad
1653 3192 1993 3292 auspicata-in
2024 3192 2068 3248 ο

427 3302 530 3359 sibi
558 3303 851 3359 terminum
879 3293 1006 3361 non.
1021 3317 1408 3377 pervenerunt.
1437 3309 1506 3363 At
1534 3326 1645 3367 non
1673 3323 1852 3368 vetera
1875 3329 2003 3384 pro~

428 3395 535 3452 fert
577 3398 843 3467 exempla,
883 3400 976 3456 sed
1025 3402 1282 3468 recentia,
1315 3413 1371 3458 et
1415 3419 1647 3475 quorum
1681 3406 1844 3461 multi
1881 3405 2003 3462 fue-

431 3496 555 3541 rant
584 3488 688 3559 ipsi
720 3500 1148 3561 conspectores:
1180 3501 1240 3548 ut
1264 3495 1602 3565 experientia
1633 3507 1932 3565 caveat,ne
1950 3499 2004 3553 in

428 3581 662 3636 similem
695 3585 1063 3654 exemplorum
1097 3588 1391 3642 terminum
1422 3587 1688 3644 incurrat.
1711 3588 1918 3646 Deinde
1944 3598 2003 3646 ut

427 3689 683 3730 sermone
732 3675 818 3730 bis
862 3677 1108 3733 emollito
1150 3685 1326 3733 tentet
1374 3681 1652 3736 auditores
1700 3688 1943 3737 evertere
1973 3697 2006 3736 ιι

431 3767 635 3822 damno
667 3769 931 3839 apostolis
957 3769 1236 3826 inferendo
1262 3788 1277 3825 :
1310 3785 1378 3826 ne
1408 3771 1700 3840 quomodo,
1723 3772 1769 3828 si
1799 3787 1862 3828 ea
1885 3789 2006 3844 qua:

425 3856 595 3914 Deum
631 3859 836 3915 habent
873 3861 1262 3917 auxiliatorem'
1290 3862 1410 3917 sine
1468 3863 1579 3917 ullo
1618 3863 2008 3934 impedimento

426 3949 588 4004 ﬁnem
629 3950 952 4016 sortiuntur,
1004 3952 1416 4024 imprudenter,
1445 3953 1642 4024 inquit,
1683 3941 2008 4027 Deo'repug-

428 4051 622 4099 nantes
664 4043 764 4100 hos
803 4045 1163 4102 occidamus:
1213 4055 1378 4117 atque
1433 4049 1510 4102 ita
1569 4062 1676 4104 non
1742 4049 2007 4107 adversus

428 4131 577 4197 illos,
621 4135 717 4190 sed
754 4137 1017 4200 adversus
1064 4152 1164 4192 nos
1192 4139 1343 4208 ipsos
1376 4152 1674 4194 armemur.
1715 4137 1826 4206 Qui
1861 4140 2007 4196 enim

427 4233 658 4281 conatur
691 4227 768 4282 rei
797 4227 904 4283 Deo
926 4229 1163 4297 probatae
1184 4227 1484 4291 adversari.
1503 4227 1549 4284 is
1571 4229 1812 4298 seipsum
1833 4243 2010 4299 oppu-

429 4333 597 4388 gnare
625 4319 899 4391 solet.52
925 4318 1056 4375 Nam
1089 4320 1135 4376 si
1168 4320 1409 4376 humano
1442 4321 1607 4375 lueret
1639 4320 1892 4385 consilio,
1913 4337 2011 4377 su-
2060 4315 2082 4337 ¹

431 4409 636 4480 perﬂua
665 4419 750 4466 est
773 4411 1038 4467 adversus
1074 4413 1223 4481 ipsos
1257 4413 1590 4482 indignatio:
1623 4414 1745 4470 linis
1777 4429 2010 4485 namque

2102 2863 2315 2924 ἑαυτοῖς
2340 2861 2393 2914 τί
2431 2860 2649 2931 μέλλετε
2677 2863 2961 2932 πράττειν,
2994 2880 3012 2913 ι
3045 2859 3229 2921 οἱονεὶ,
3265 2859 3355 2929 Μὴ
3400 2858 3475 2921 ὡς
3518 2858 3680 2927 ἔτυχε

2103 2951 2356 3022 φέρεσθε.
2392 2948 2528 3006 Elea.
2552 2951 2646 3004 καὶ
2676 2950 3096 3021 παραδείγματα
3131 2947 3404 3011 ἀσυνέτως
3439 2948 3534 3000 ἐπὶ
3563 2949 3676 3010 τοῖς

2101 3043 2363 3105 τοιούτοις
2390 3039 2751 3112 χρησαμένων
2781 3039 2878 3092 καὶ.
2922 3037 3252 3101 ἀλυσιτελῶς
3279 3038 3512 3107 ἑαυτοῖς,
3537 3053 3677 3106 προ-

2103 3133 2259 3204 φέρει
2320 3131 2533 3186 Θευδᾶν
2588 3132 2682 3186 καλ⁵
2742 3129 2941 3184 Ἰούδαν
2996 3129 3089 3184 τὸν
3136 3129 3446 3194 Γαλιλαῖον,
3500 3128 3549 3181 οἳ
3597 3128 3676 3198 μὴ

2103 3225 2240 3296 πρὸς
2268 3224 2443 3278 αίσιον
2476 3224 2690 3288 ἑαυτοῖς
2731 3221 3062 3292 ἐκϐεϐήκασι
3103 3221 3294 3292 πέρας.
3347 3221 3419 3274 οὐ
3470 3219 3676 3273 παλαιά

2103 3317 2159 3371 δὲ
2189 3318 2258 3371 τὰ
2297 3317 2739 3388 παραδείγματα,
2770 3313 2907 3370 ἀλλά
2942 3315 3129 3385 νεαρὰ,
3163 3315 3257 3368 καὶ
3303 3307 3376 3370 ὧν
3410 3314 3677 3368 αὐτόπται

2106 3410 2312 3465 πολλοί.
2355 3411 2448 3474 Ὠς
2480 3409 2547 3464 ἂν
2578 3410 2612 3480 ἠ
2643 3411 2828 3480 πεῖρα,
2858 3409 2918 3463 τὸ
2954 3409 3030 3480 μὴ
3061 3407 3198 3478 πρὸς
3243 3408 3428 3478 ὅμοιον
3478 3422 3680 3460 καταν·

2103 3501 2270 3572 τῆσαι
2321 3502 2496 3572 πέρας
2543 3499 2846 3573 φυλάξηται
2883 3501 2992 3554 τῶν
3023 3497 3486 3570 παραδειγμάτων
3508 3514 3523 3529 ο
3557 3497 3681 3552 εἶτα

2106 3595 2183 3657 ὡς
2212 3593 2425 3658 τούτοις
2456 3594 2781 3665 ὲξομαλίσας
2822 3595 2916 3646 τὸν
2962 3593 3141 3662 λόγον,
3171 3592 3468 3662 ἀποστῆναι
3490 3592 3684 3663 πειρά.

2109 3703 2270 3757 σηται
2294 3687 2420 3750 τοὺς
2449 3686 2726 3757 ἀκροατὰς
2763 3684 2866 3756 τῆς
2909 3684 3048 3739 κατά
3077 3683 3184 3738 τῶν
3215 3682 3682 3752 ἀποστό).ων,ὲπιο

2106 3779 2324 3851 ϐουλῆς,
2362 3779 2580 3850 μήπως,
2605 3779 2655 3834 εί
2703 3777 2840 3848 πρὸς
2877 3776 3272 3849 ἀνεμπόδιστον
3311 3776 3680 3848 ἀφώρμηνται

2109 3869 2282 3934 τέλος,
2307 3871 2448 3940 ἆπερ
2477 3870 2589 3942 ἔχει
2630 3869 2764 3929 Θεὸν
2795 3867 3459 3939 συλλήπτορα,λάθοιμεν,
3491 3867 3677 3937 φησιν,

2109 3961 2200 4015 ἐπὶ
2235 3960 2539 4032 θεομαχίαν.
2572 3959 3063 4023 ἀποτελευτῶντες,
3107 3959 3202 4012 καὶ
3230 3957 3404 4022 οὕτως
3455 3957 3516 4010 ού
3556 3959 3680 4009 κατ’

2109 4052 2330 4106 ἐκείνων
2384 4050 2526 4106 ἀλλὰ.
2574 4051 2697 4105 καθ’
2746 4049 2954 4104 ἑαυτῶν
3001 4049 3346 4119 ὁπλιζόμενοι
3378 4043 3685 4116 πεφυκότος

2109 4145 2201 4199 τοῦ
2222 4144 2359 4199 κατά
2375 4144 2466 4199 τοῦ
2483 4145 2560 4216 τῷ
2577 4144 2696 4216 Θεῷ
2713 4143 2994 4206 δοκοῦντος
3021 4141 3233 4212 βάλλειν
3252 4137 3679 4211 ἐπιχειροῦντος,
3747 4191 3753 4196 ,

2109 4239 2188 4301 εἰς
2239 4238 2300 4291 τὸ
2333 4237 2455 4292 καθ’
2487 4237 2684 4291 ἑαυτοῦ
2729 4237 3026 4307 καταντᾷν.
3063 4235 3125 4287 Εἰ
3178 4233 3285 4305 γὰρ
3335 4229 3684 4301 ἀνθρωπίνης

2108 4328 2284 4399 ὁρμῆς
2313 4327 2516 4400 ἔχεται,
2550 4328 2790 4399 περιττὴ,
2829 4328 2867 4398 ἡ
2908 4327 3027 4380 κατ’
3063 4321 3242 4380 αὐτῶν
3287 4321 3679 4390 ἀγανάκτησις.

2111 4421 2191 4492 Τῇ
2239 4421 2346 4491 γὰρ
2390 4423 2531 4492 ἀρχῇ
2585 4420 2678 4473 καὶ
2704 4421 2734 4474 ὁ
2766 4417 3070 4489 ἀφανισμδς
3102 4413 3418 4484 σύνδρομος,
3441 4410 3585 4480 ῶσγε
3613 4409 3685 4462 τά

434 4517 495 4558 ac
521 4503 640 4574 ejus
685 4517 717 4558 e
747 4503 930 4560 medio
974 4504 1213 4560 sublatio
1245 4505 1497 4561 similiter
1536 4506 1792 4576 procedet
1830 4514 1888 4560 ut
1911 4507 2008 4562 ini-

2114 4510 2531 4582 παραδείγματα
2565 4509 2964 4564 ὑπαινίττεται.
2998 4506 3111 4561 Οὐκ
3140 4500 3261 4558 εἶπε
3284 4504 3340 4558 δὲ
3363 4499 3680 4574 προφανῶς,

431 4596 590 4661 tium,
622 4605 783 4666 prout
811 4597 1058 4666 exempla
1101 4595 1476 4654 subindicant.
1513 4597 1630 4652 Non
1667 4607 1846 4653 autem
1893 4613 2010 4653 ma-

430 4688 633 4743 nifeste
654 4681 1196 4760 dixit'apostolorum
1229 4689 1455 4755 factum,
1479 4671 1570 4744 Dei
1600 4697 1692 4744 aut
1723 4689 2004 4744 hominum

433 4790 642 4834 motum
663 4794 786 4836 esse
813 4781 1176 4846 consilio,sed
1204 4780 1476 4850 ambigue.
1506 4779 1719 4836 Etenim
1739 4780 1782 4835 si
1807 4796 1869 4836 ex
1898 4781 2010 4838 Deo

432 4873 684 4936 dixisset,
713 4873 964 4942 protinus
1007 4873 1086 4927 illi
1135 4873 1644 4930 eontradixissent:
1683 4875 1729 4929 si
1770 4888 1898 4928 vero
1942 4889 2007 4929 ex

436 4964 770 5028 hominibus,
830 4979 1052 5019 rursum
1092 4973 1372 5035 promptos
1421 4964 1687 5020 adversus
1737 4964 2010 5034 apostolos

431 5057 784 5115 reddidisset.
806 5059 1106 5129 Pr0pterea
1137 5058 1412 5129 sapienter
1439 5066 1738 5128 temperato
1760 5072 2011 5112 sermone

440 5154 600 5210 linem
628 5151 1206 5224 exspectarejubetmt
1234 5167 1342 5206 non
1366 5159 1574 5206 temere
1598 5150 1725 5204 ferri
1747 5148 2010 5204 adversus

435 5263 550 5303 rem
582 5261 704 5316 quae
734 5246 1034 5318 ignoretur.
1078 5244 1182 5312 Qui
1221 5245 1366 5298 enim
1409 5253 1611 5314 pugnat
1653 5243 1916 5297 adversus
1958 5240 2008 5294 id

437 5340 583 5410 quod
619 5338 725 5395 Deo
747 5340 1030 5409 probatur,
1075 5352 1184 5391 non
1220 5336 1375 5402 illud,
1408 5336 1503 5390 sed
1534 5336 1774 5405 seipsum
1809 5333 2007 5406 perdit.

439 5429 652 5488 Etenim
681 5431 727 5485 si
763 5431 1060 5484 humanum
1087 5437 1191 5492 est,
1222 5428 1416 5498 inquit,
1444 5426 1573 5498 quid
1605 5425 1760 5480 vobis
1787 5438 2012 5480 necesse

438 5530 522 5578 est
576 5522 848 5578 lacessere
900 5521 1229 5590 negotium?
1270 5521 1315 5575 si
1350 5534 1480 5575 vero
1524 5518 1792 5579 divinum,
1833 5532 2011 5586 neque

438 5616 711 5686 susceptis
749 5616 1013 5672 molestiis
1053 5615 1300 5686 poteritis
1345 5614 1526 5684 ipsum
1572 5612 1906 5674 dissolvere,
1957 5617 2013 5665 et

436 5707 511 5760 ita
548 5721 656 5761 non
689 5707 902 5762 videtur
931 5717 1128 5763 temere
1175 5704 1583 5778 procedendum
1629 5702 1890 5757 adversus
1923 5716 2008 5755 res

439 5813 558 5870 quae
586 5800 924 5871 ignorantur.

2110 4606 2172 4658 τὸ
2200 4604 2307 4658 τῶν
2338 4601 2650 4658 ἀποστόλων
2684 4603 2750 4655 ὲκ
2802 4599 2960 4667 Θεοῦ,
2988 4598 3023 4670 ἢ
3058 4596 3118 4663 ἐξ
3161 4594 3466 4668 ἀνθρώπων
3500 4591 3682 4662 ὁρμῆς

2113 4696 2456 4768 κεκινῆσθαι,
2492 4694 2607 4750 ἀλλ’
2636 4691 3035 4755 ὲνδοιαστικῶς.
3063 4691 3125 4745 Εἰ
3158 4690 3258 4760 μὲν
3287 4689 3395 4759 γάρ
3421 4686 3574 4740 εἶπεν
3599 4685 3683 4736 ὅτι

2111 4791 2176 4842 ὲκ
2196 4785 2352 4853 Θεοῦ,
2385 4785 2672 4853 ἀντέλεγον
2708 4782 2774 4837 ἂν
2806 4780 3007 4842 εὐθέως
3036 4780 3253 4832 ἐκεῖνοι.
3282 4777 3344 4829 Εἰ
3371 4773 3430 4828 δὲ
3476 4772 3536 4836 ἐξ
3583 4771 3683 4824 ἀν-

2113 4879 2370 4950 θρώπων,
2402 4876 2731 4948 προχείρους
2765 4874 2928 4931 πάλιν
2960 4871 3134 4925 ἐποίει
3167 4868 3369 4931 αὐτοὺς
3408 4863 3550 4918 κατά
3572 4861 3685 4940 τῶν

2111 4971 2445 5024 ἀποστόλων.
2500 4969 2598 5021 Διά
2632 4965 2792 5021 τοῦτο
2837 4963 3015 5032 σοφῶς
3044 4962 3134 5015 τὸν
3183 4960 3340 5028 λόγον
3388 4952 3684 5023 οἰκονομή-

2114 5079 2232 5126 σας,
2270 5061 2581 5131 περιμεῖναι
2612 5059 2670 5111 τδ
2698 5057 2848 5118 τέλος
2893 5053 3126 5118 κελεύει,
3153 5051 3245 5103 καὶ
3272 5049 3347 5118 μὴ
3395 5043 3685 5116 προπετῶς

2112 5154 2253 5209 κατά
2304 5153 2628 5222 πράγματος
2669 5147 3034 5216 ἀγνοουμένου
3086 5143 3365 5214 φέρεσθαι.
3399 5138 3540 5209 Πρὸς
3574 5137 3685 5205 γὰρ

2112 5245 2173 5298 τὸ
2221 5244 2299 5313 τῷ
2358 5243 2478 5312 Θεῷ
2525 5241 2714 5294 δοκοῦν
2745 5241 2774 5292 ὁ
2808 5237 3132 5308 μαχόμενος,
3191 5233 3289 5286 οὐκ
3343 5232 3537 5289 ἐκεῖνο.
3564 5227 3686 5280 ἀλλ’

2112 5337 2302 5391 ἑαυτὸν
2347 5333 2627 5388 καταλύει.
2659 5333 2721 5384 Εἰ
2777 5332 2872 5401 μὲν
2902 5331 3010 5399 γὰρ
3041 5326 3408 5397 ἀνθρώπινον,
3439 5322 3596 5391 φησὶ,
3632 5317 3686 5371 τί

2112 5430 2192 5482 δεῖ
2224 5429 2563 5498 πραγμάτων
2593 5426 2756 5494 ύμῖν;
2789 5423 2836 5475 εἰ
2877 5422 2934 5474 δὲ
2966 5420 3128 5483 θεῖον,
3155 5417 3276 5470 οὐδὲ
3313 5414 3449 5486 μετά
3493 5424 3679 5482 πραγ-

2116 5521 2299 5592 μάτων
2321 5516 2615 5588 δυνήσεσθε
2645 5515 2779 5569 αὐτὸ
2817 5510 3141 5573 καταλῦσαι,
3182 5507 3257 5570 ὡς
3290 5506 3366 5576 μὴ
3395 5499 3688 5576 προπετῶς

2112 5616 2260 5683 δόξαι
2287 5615 2427 5670 κατά
2458 5611 2798 5684 πραγμάτων
2829 5605 3204 5677 ἀγνοουμένων
3222 5603 3443 5674 χωρεῖν*
