4058 6544
1037 341 1080 354 κ.

334 409 432 481 121

1313 413 1696 476 COMMENT.
1739 414 1821 476 IN
1854 414 2043 477 ACTA
2077 417 2653 483 APOSTOLORUM.

3471 419 3576 504 122

406 541 425 574 ι
465 521 624 578 Μετά
648 521 836 576 τοῦτον
874 522 1073 595 ἀνέστη
1114 523 1314 588 Ἰούδας
1345 524 1374 577 ό
1398 524 1680 588 Γαλιλαῖος
1695 525 1753 577 ὲν
1783 524 1899 587 ταῖς

2083 547 2102 582 ι
2147 528 2212 586 V.
2243 529 2334 598 37,
2362 529 2602 590 58.Post
2630 532 2779 589 hunc
2804 529 3014 588 exstitit
3040 529 3208 590 Judas
3239 533 3489 594 Galilaeus
3523 541 3580 596 in

339 632 359 667 ι
398 613 638 685 ἡμέραις
663 614 764 686 τῆς
789 615 1140 690 ἀπογραφῆς,
1180 618 1274 672 καὶ
1316 616 1590 688 ἀπέστησε
1614 616 1740 669 λαὸν
1783 617 1902 669 ἱκα-

341 724 360 756 σ
394 704 486 758 νὺν
509 703 686 760 ὀπίσω
714 705 902 762 αὐτοῦ.
936 708 1204 772 Κάκεῖνος
1233 707 1500 762 ἀπώλετο.
1549 707 1660 761 Καὶ
1703 707 1906 770 πάντες

340 816 361 850 ι
398 799 516 861 ὅσοι
541 795 822 852 ἐπείθοντο
852 798 1002 872 αύτῷ
1031 799 1550 873 διεσκορπίσθησαν.
1580 798 1692 852 Καὶ
1715 797 1784 852 τά
1810 796 1905 852 νῦν

338 905 361 940 ε
390 888 534 957 λέγω
556 887 702 960 ὑμῖν.
724 907 745 942 ι
1009 933 1018 940 ,,
1054 877 1088 915 ⁸

411 979 686 1035 Ἐοίκασιν
713 981 764 1034 oi
803 981 1075 1036 Γαλιλαῖοι
1102 982 1243 1036 κατά
1271 981 1400 1046 τοὺς
1423 981 1646 1054 χρόνους
1670 979 1903 1037 Πιλάτου

335 1070 745 1140 ξστασιακέναι,
774 1072 1037 1142 δόγμασιν
1091 1073 1347 1144 ἑπόμενοι
1389 1073 1564 1130 ’ἰούδα
1613 1072 1707 1128 τοῦ
1749 1073 1908 1128 Γαλι-

327 1159 498 1216 λαίου.
517 1157 630 1217 Ἦν
649 1163 707 1217 δὲ
738 1163 798 1218 τὸ
821 1165 996 1236 δόγμα
1017 1163 1110 1218 τοῦ
1156 1165 1348 1233 Ἰούδα,
1390 1167 1466 1230 ὡς
1499 1167 1596 1221 καὶ
1633 1165 1904 1239 Ἰώσηπος

326 1252 386 1305 ἐν
429 1255 542 1318 τοῖς
591 1255 919 1321 τελευταίας
974 1259 1079 1329 τῆς
1117 1257 1442 1329 Ἰουδαϊκῆς
1470 1259 1904 1330 ἀρχαιολογίας

328 1344 552 1414 ἔδειξεν,
587 1349 890 1418 φαντασίαν
939 1350 1327 1418 ὲξαποστὲλλον
1371 1349 1572 1422 πολλὴν
1616 1351 1685 1407 δι’
1746 1351 1904 1407 εὐσέ-

326 1438 482 1493 ϐειαν
520 1440 786 1506 εὐτονίας.
835 1441 1039 1514 Κύριον
1086 1444 1195 1515 γὰρ
1249 1443 1386 1515 μηδὲ
1434 1444 1598 1516 μέχρι
1635 1443 1905 1515 στόματος

324 1532 534 1602 ἔφασκε
563 1532 675 1588 δεῖν
711 1550 830 1589 τινα
855 1533 1055 1604 λέγειν,
1091 1535 1225 1607 μηδὲ
1267 1535 1411 1592 κατά
1460 1552 1581 1590 τινα
1609 1534 1777 1608 τιμὴν
1802 1536 1902 1590 καὶ

325 1623 746 1697 φιλοφροσύνην.
782 1626 936 1680 Οὖτω
967 1625 1023 1680 δὲ
1065 1627 1200 1700 μηδὲ
1241 1627 1331 1698 τόν
1366 1626 1738 1709 βασιλεύοντα.
1791 1627 1904 1709 Καὶ

324 1713 510 1766 πολλοί
536 1731 600 1784 γε
633 1715 813 1769 αὐτῶν
846 1714 932 1769 διὰ
979 1715 1040 1768 τὸ
1073 1715 1148 1786 μὴ
1178 1718 1350 1770 εἰπεῖν
1390 1708 1644 1787 Κάίσαρα
1686 1708 1898 1787 κύριον,

323 1805 719 1874 χαλεπωτάτας
771 1805 953 1868 αίκίας
1006 1805 1324 1876 ὑπέμειναν.
1357 1807 1423 1860 Οἳ
1472 1808 1568 1862 καὶ
1601 1807 1898 1873 ἐδίδασκον,

2012 637 2033 673 ι
2078 620 2272 678 diebus
2299 622 2710 693 descriptionis,
2758 631 2814 680 et
2848 623 3081 680 multum
3119 627 3318 682 avertit
3355 637 3478 699 post
3522 646 3584 686 se

2011 732 2031 767 ι
2073 715 2330 786 populum
2366 731 2382 770 :
2423 715 2622 787 illeque
2664 717 2848 788 periit,
2879 726 2934 774 et
2965 727 3239 791 quotquot
3273 735 3580 793 paruerant

2010 823 2029 858 ι
2071 805 2121 862 ei
2146 804 2396 877 dispersi
2445 816 2594 863 sunt.
2628 804 2695 861 Et
2721 805 2788 862 de
2819 807 2990 867 rebus
3041 813 3405 882 prresentibus
3457 815 3585 872 dico

2010 915 2031 950 ι
2066 897 2244 955 vobis.
2284 916 2305 952 ι
2517 967 2520 972 ι

2075 987 2387 1045 Verisimile
2409 997 2496 1047 est
2521 989 2774 1049 Galilaeos
2796 973 3136 1065 temporibus
3165 993 3326 1052 Pilati
3357 996 3413 1053 in
3437 999 3584 1055 sedi—

2007 1079 2210 1136 tionem
2234 1090 2413 1138 motos
2440 1080 2630 1150 fuisse,
2651 1083 2904 1156 dogmata
2935 1093 3227 1157 sequentes
3251 1086 3282 1144 Ι
3288 1089 3406 1144 udae
3433 1089 3582 1146 Gali-

2004 1170 2112 1226 hei.
2141 1170 2344 1244 Dogma
2384 1181 2566 1229 autem
2595 1171 2754 1230 Juda‘.
2796 1184 2961 1248 prout
3004 1177 3168 1233 etiam
3218 1176 3490 1250 Josephus
3523 1181 3579 1236 in

2012 1263 2305 1333 postremis
2353 1263 2748 1336 Antiquitatum
2814 1265 3060 1322 Iudaicae
3120 1267 3358 1326 historice
3423 1270 3582 1327 libris

2003 1353 2245 1410 ostendit
2260 1355 2326 1423 ⁸⁸,
2347 1355 2574 1412 multam
2606 1372 2718 1428 prae
2748 1370 2808 1415 se
2833 1357 3578 1433 ferebatambitionem,pro-

2003 1451 2125 1514 pter
2161 1445 2543 1504 strenuitatem
2575 1447 2881 1521 religionis.
2927 1450 3156 1508 Dicebat
3185 1453 3330 1509 enim
3365 1453 3577 1510 nullum

2003 1543 2256 1606 oportere
2287 1537 2374 1594 vel
2420 1553 2515 1596 ore
2545 1547 2703 1596 tenus
2731 1539 3023 1598 Dominum
3063 1542 3358 1614 appellare,
3399 1559 3583 1617 neque

2003 1627 2165 1684 ullius
2186 1627 2415 1686 honoris
2445 1637 2539 1686 aut
2562 1631 2958 1690 benevolentia:
2991 1633 3266 1704 gratia,et
3295 1634 3370 1689 ita
3398 1650 3581 1706 neque

2000 1733 2125 1774 eum
2168 1719 2262 1791 qui
2319 1735 2488 1793 regno
2539 1721 2825 1794 p0tiretur.
2883 1723 2948 1779 Et
2989 1725 3150 1780 multi
3203 1725 3470 1797 ipsorum,
3508 1741 3580 1782 ne

2005 1809 2275 1868 Caesarem
2319 1810 2602 1868 dominum
2653 1821 2936 1883 vocarent,
2976 1815 3286 1874 miserrima
3329 1821 3581 1891 perpessi

328 1896 402 1966 μὴ
455 1895 568 1949 δεῖν
614 1895 765 1967 παρά
813 1896 912 1960 τὰς
965 1896 1388 1966 διατεταγμένας
1410 1898 1466 1952 έν
1497 1896 1575 1968 τῷ
1604 1898 1753 1968 νόμῳ
1774 1898 1899 1951 Μω-

2006 1909 2136 1957 sunt
2166 1903 2454 1974 supplicia.
2476 1903 2539 1959 Hi
2558 1905 2719 1964 etiam
2743 1905 3012 1962 docebant
3032 1922 3142 1964 non
3167 1917 3418 1980 oportere
3443 1911 3580 1967 alias

323 1989 483 2054 σέως,
520 1988 713 2052 θυσίας
747 1988 939 2060 ἑτέρας
987 1988 1348 2060 ἀναφέρεσθαι
1398 1988 1476 2058 τῷ
1518 1989 1656 2060 Θεῷ.
1703 1990 1897 2062 Διόπερ

322 2081 419 2135 καὶ⁵
446 2080 687 2133 ἐκώλυον
717 2079 817 2143 τὰς
846 2079 954 2134 ὑπὸ
979 2080 1076 2149 τῆς
1101 2080 1390 2151 γερουσίας
1432 2079 1528 2134 τοῦ
1558 2079 1690 2137 λαοῦ
1717 2098 1898 2152 παρα-

320 2172 615 2242 δεδομένας
661 2171 906 2242 γίνεσθαι
938 2171 1069 2242 ’περὶ⁵
1098 2173 1197 2244 τῆς
1223 2173 1498 2243 σωτηρίας
1521 2175 1612 2228 τοῦ
1635 2172 1898 2244 βασιλέως

319 2260 417 2318 καὶ
447 2259 541 2314 τοῦ
581 2261 873 2331 Ῥωμαίων
921 2258 1128 2323 ἔθνους.
1186 2260 1346 2324 Εἰκὸς
1399 2256 1494 2315 οὖν
1543 2261 1636 2314 ἐπὶ
1691 2260 1901 2326 τούτοις

318 2351 740 2422 ἀγανακτοῦντα
767 2351 905 2423 πρὸς
928 2351 1246 2416 Γαλιλαίους
1277 2352 1368 2406 τὸν
1389 2351 1620 2406 Πιλᾶτον
1646 2353 1899 2407 κελεῦσαι

318 2443 451 2516 παρ’
484 2444 681 2509 αὐταῖς
713 2439 804 2508 αἶς
835 2443 1053 2502 ἐδόκουν
1091 2443 1232 2502 κατά
1265 2443 1355 2499 τὸν
1379 2445 1542 2515 νόμον
1567 2446 1899 2517 προσφέρειν

320 2537 538 2601 θυσίαις
567 2535 768 2601 αὐτοὺς
814 2536 1186 2608 ἀναιρεθῆναι.
1237 2536 1326 2601 Ὦς
1372 2537 1497 2591 τότε
1531 2539 1899 2610 ἀναμιχθῆναι

316 2630 440 2693 ταῖς
483 2627 961 2701 προσφερομέναις
987 2627 1202 2692 θυσίαις
1235 2627 1298 2681 τὸ
1316 2624 1457 2700 αἷμα
1490 2629 1600 2684 τῶν
1623 2647 1900 2702 προσαγο-

319 2715 527 2787 μένων,
552 2718 698 2774 καθά
728 2720 822 2774 καὶ
850 2719 910 2775 έν
936 2717 1016 2789 τῷ
1045 2718 1187 2774 κατά
1210 2718 1424 2776 Λουκᾶν
1455 2721 1773 2793 Εὑαγγελίῳ
1799 2722 1901 2794 ἐμ-

316 2809 568 2882 φέρεται.

393 2918 415 2952 ι
465 2901 769 2973 ’Δπόστητε
817 2901 926 2957 ἀπὺ
977 2902 1087 2958 τῶν
1147 2902 1451 2975 ἀνθρώπων
1505 2905 1734 2974 τούτων,
1806 2911 1901 2964 καὶ

2002 2004 2196 2063 praeter
2245 1996 2555 2068 assignatas
2603 1997 2655 2056 in
2705 1998 2820 2069 lege
2849 1998 3015 2056 Mosis
3047 2000 3298 2058 victimas
3334 2001 3581 2058 exhiberi

2002 2085 2134 2152 Deo,
2164 2087 2394 2158 ideoque
2423 2089 2787 2158 prohibebant
2827 2090 3061 2147 traditas
3096 2108 3122 2146 a
3155 2101 3347 2148 senatu
3381 2109 3444 2148 ac
3483 2108 3585 2165 po-

2002 2178 2135 2246 pulo
2166 2177 2284 2234 fieri
2331 2194 2430 2250 pro
2465 2180 2644 2236 salute
2678 2182 2823 2253 regis
2859 2197 2923 2237 ac
2959 2183 3138 2254 gentis
3181 2183 3578 2240 Romanorum.

2001 2269 2312 2326 Verisimile
2354 2287 2484 2342 ergo
2521 2281 2604 2329 est
2643 2272 2872 2329 Pilatum
2923 2285 3147 2346 propter
3187 2275 3294 2334 ista
3341 2275 3582 2334 Galilaeis

2003 2361 2341 2434 indignatum
2374 2361 2635 2433 jussisse,
2673 2365 2814 2421 inter
2851 2367 3122 2436 sacriﬁcia
3156 2383 3278 2438 quae
3310 2369 3468 2439 juxta
3499 2369 3580 2425 le-

2002 2465 2121 2520 gem
2173 2449 2372 2506 oﬂcrre
2423 2451 2774 2522 videbantur,
2822 2455 2972 2527 ipsos
3018 2456 3257 2513 interimi
3291 2475 3304 2512 :
3338 2464 3399 2513 ut
3444 2467 3579 2514 tunc

2003 2540 2206 2598 mistus
2238 2543 2311 2598 sit
2342 2541 2540 2600 oblatis
2572 2544 2770 2602 hostiis
2803 2547 3028 2619 sanguis
3055 2561 3245 2604 eorum
3277 2549 3369 2620 qui
3397 2551 3583 2621 capie-

2001 2633 2220 2698 bantur,
2250 2644 2411 2705 prout
2439 2637 2603 2694 etiam
2634 2638 3034 2713 ianvangelio
3063 2640 3219 2713 juxta
3251 2640 3456 2697 Lucam
3495 2656 3582 2698 re-

2008 2723 2186 2780 fertur
2209 2727 2278 2780 ⁸⁸.

2072 2901 2178 2974 53
2210 2921 2230 2956 ι
2268 2902 2334 2970 V,
2367 2903 2560 2959 58-42.
2590 2903 2874 2962 Abstinere
2904 2904 2973 2960 ab
3006 2903 3319 2962 hominibus
3353 2903 3496 2972 istis,
3527 2909 3584 2959 et

321 3013 339 3044 ι
375 2994 574 3047 ἐάσατε
629 2994 849 3059 αὐτούς.
893 2994 1016 3048 Ὅτι
1044 2994 1139 3049 ὲάν
1230 2997 1290 3063 ἐξ
1331 2996 1636 3069 ἀνθρώπων
1667 3000 1700 3070 ἡ
1733 2997 1898 3071 βουλὴ

2007 3012 2028 3047 ι
2071 2995 2242 3052 sinite
2267 2995 2414 3052 illos.
2441 2994 2577 3051 Nam
2603 2997 2651 3053 si
2681 2997 2846 3052 fuerit
2875 3013 2939 3054 ex
2962 2997 3275 3054 hominibus
3289 2996 3582 3053 consilium

320 3106 339 3137 ι
383 3083 419 3156 ἢ
451 3083 513 3138 τὸ
543 3083 704 3157 ἔργον
732 3084 913 3152 τοῦτο,
963 3084 1417 3158 καταλυθήσεται.
1453 3089 1515 3141 Et
1561 3088 1616 3143 δὲ
1652 3090 1718 3144 ἐκ
1762 3089 1898 3144 Θεοῦ

2008 3103 2028 3139 ι
2072 3096 2166 3142 aut
2194 3101 2336 3160 opus
2366 3087 2493 3155 hoc,
2514 3088 2884 3144 dissolvetur:
2925 3078 3010 3146 Sin
3032 3096 3214 3145 autem
3241 3104 3308 3144 ex
3335 3087 3444 3144 Deo
3473 3093 3581 3152 est,

315 3194 336 3226 ι
381 3176 550 3240 ἐστιν,
576 3176 636 3229 οὐ
664 3175 957 3248 δυνήσεσθε
993 3176 1294 3230 καταλῦσαι
1331 3178 1486 3246 αὐτὸ,
1524 3180 1598 3252 μή
1646 3198 1779 3236 ποτε
1805 3183 1899 3237 καὶ

2010 3197 2030 3231 ι
2073 3193 2183 3235 non
2224 3180 2473 3250 poteritis
2503 3179 2638 3235 illud
2679 3180 3000 3246 dissolvere,
3019 3195 3090 3237 ne
3114 3180 3333 3251 quando
3367 3187 3423 3236 et
3469 3179 3590 3234 Deo

317 3283 340 3317 ι
382 3266 644 3337 θεομάχοι
688 3267 973 3339 εὑρεθῆτε.
1037 3267 1401 3340 Ἐπείσθησαν
1463 3270 1520 3324 δὲ
1557 3271 1729 3341 αὐτῷ.
1786 3274 1898 3328 Καὶ

2014 3288 2033 3322 ι
2077 3285 2384 3341 repugnare
2428 3271 2802 3342 reperiamiui.
2835 3271 3091 3329 Persuasi
3132 3279 3262 3331 sunt
3303 3278 3486 3326 autem
3513 3269 3586 3325 ab

314 3375 334 3406 ι
372 3357 882 3429 προσκαλεσάμενοι
904 3358 1030 3423 τοὺς
1055 3359 1407 3426 ἀποστόλους,
1442 3361 1722 3434 δείραντες
1756 3380 1899 3435 παρ-

2012 3379 2031 3414 ι
2073 3375 2159 3418 eo.
2189 3361 2434 3433 Cumque
2462 3362 2824 3418 advocassent
2854 3361 3158 3432 apostolos,
3183 3361 3342 3417 caesis
3373 3373 3581 3430 praece-

315 3465 338 3498 σ
384 3448 648 3518 ήγγειλαν
683 3448 758 3521 μὴ
805 3448 985 3503 λαλεῖν
1043 3450 1138 3505 ἐπὶ
1166 3451 1246 3522 τῷ
1273 3452 1499 3524 ὀνόματι
1550 3453 1644 3507 τοῦ
1688 3455 1886 3526 Ἰησοῦ.

313 3557 335 3590 ι
375 3539 493 3593 Καὶ
520 3539 797 3593 ἀπέλυσαν
821 3540 1039 3606 αύτούς.
1069 3542 1131 3596 Οἱ
1178 3543 1276 3614 μὲν
1297 3542 1392 3597 οῦν
1421 3544 1748 3616 ἐπορεύοντο
1786 3547 1900 3616 χαί-

313 3650 334 3682 ι
387 3647 574 3700 ροντες
605 3631 712 3685 ἀπὸ
735 3630 1029 3704 προσώπου
1061 3634 1156 3687 τοῦ
1190 3635 1489 3706 συνεδρίου,
1524 3637 1606 3690 ὅτι
1635 3637 1775 3709 ὑπὲρ
1803 3639 1896 3692 τοῦ

313 3743 334 3776 ι
377 3724 642 3794 ὀνόματος
692 3724 858 3778 αὐτοῦ
894 3726 1314 3798 κατηξιώθησαν
1363 3728 1752 3800 ἀτιμασθῆναι.
1785 3731 1898 3784 Πᾶ-

313 3834 333 3866 ι
380 3814 486 3868 σάν
529 3831 590 3868 τε
648 3815 857 3886 ἡμέραν
907 3816 965 3869 ὲν
1006 3815 1085 3887 τῷ
1137 3818 1270 3889 ίερῷ
1322 3819 1416 3872 καὶ
1464 3820 1584 3874 κατ’
1613 3816 1761 3874 οἷκον
1800 3823 1899 3877 οὐκ

317 3924 338 3956 c
358 3905 656 3972 ,ἐπαύοντο
683 3907 1026 3972 διδάσκοντες
1050 3909 1145 3965 καὶ
1169 3909 1643 3984 εὐαγγελιζόμενοι
1690 3913 1898 3984 Ἰησοῦν

315 3995 450 4052 «τὸν
482 3997 740 4067 Χριστόν.
773 4017 792 4051 ι

389 4088 508 4140 Ούκ
533 4083 687 4140 εἷπεν
715 4090 797 4143 ὅτι
827 4091 892 4144 ὲκ
923 4089 1058 4144 Θεοῦ
1104 4093 1274 4158 ἐστιν,
1325 4092 1442 4147 ἀλλ’
1471 4094 1581 4148 οὐδ’
1614 4095 1896 4164 ἀνθρώπι-

310 4193 408 4231 νον
437 4177 499 4230 τὸ
529 4177 711 4248 ἔργον.
749 4179 895 4250 Πρὸς
925 4180 1035 4248 γὰρ
1070 4180 1131 4233 τὸ
1178 4181 1243 4234 ὲκ
1283 4180 1440 4248 Θεοῦ,
1478 4181 1641 4245 εὐθὺς
1693 4185 1890 4237 ἐκεῖνοι

314 4269 615 4339 ἀντέλεγον
643 4270 734 4336 ἂν,
752 4271 810 4324 τὸ
829 4271 882 4323 δὲ
902 4272 960 4338 ἐξ
981 4271 1078 4326 ἀνθ
1089 4270 1306 4343 ρώπων,
1339 4272 1700 4344 θρασυτέρους
1726 4275 1899 4328 ἐποίει

313 4357 466 4412 κατά
489 4359 598 4412 τῶν
618 4358 948 4414 ἀποστόλων.
981 4359 1184 4428 Διόπερ
1214 4359 1315 4429 ὅρα
1341 4357 1558 4413 σύνεσιν
1585 4357 1895 4429 ἀνθρώπου,

315 4453 502 4524 σοφῶς
535 4452 628 4508 τὸν
656 4453 815 4521 λόγον
841 4451 1270 4523 οἰκονομοῦντος.
1309 4452 1632 4521 Περιμεῖναι
1662 4449 1724 4503 τὸ
1747 4450 1898 4514 τέλος

2012 3470 2030 3503 ι
2079 3459 2279 3524 perunt
2311 3468 2382 3509 ne
2413 3453 2769 3524 loquerentur
2805 3453 2858 3508 in
2892 3452 3113 3508 nomine
3141 3451 3292 3519 Jesu,
3325 3459 3380 3508 et
3410 3451 3578 3506 dimi-

2013 3562 2031 3596 ι
2077 3554 2270 3599 serunt
2291 3545 2711 3616 eos.llliitaque
2731 3545 2881 3600 ibant
2899 3543 3198 3616 gaudentes
3223 3557 3252 3597 a
3281 3548 3582 3613 conspectu
3655 3543 3658 3546 ’

2012 3653 2030 3684 ι
2077 3636 2296 3690 concilii
2325 3653 2340 3690 :
2371 3637 2516 3707 quod
2546 3636 2695 3707 digni
2734 3647 2942 3702 essent,
2977 3642 3038 3690 ut
3063 3646 3164 3705 pro
3207 3635 3427 3690 nomine
3459 3632 3581 3704 ejus

2012 3746 2029 3778 ι
2080 3727 2414 3783 contumelia
2453 3727 2819 3784 adicerentur.
2852 3727 2918 3782 Et
2951 3727 3195 3798 quotidie
3218 3727 3272 3781 in
3305 3726 3506 3797 templo
3528 3732 3583 3781 et

2013 3836 2031 3869 ι
2080 3819 2135 3872 in
2189 3819 2424 3888 singulis
2469 3819 2724 3875 domibus
2785 3833 2896 3874 non
2935 3818 3227 3875 cessabant
3274 3817 3475 3874 docere
3530 3823 3586 3872 et

2012 3929 2030 3962 ι
2079 3909 2413 3966 annuntiare
2439 3910 2625 3967 Jesum
2655 3909 2964 3968 Christum.
3017 3928 3036 3963 ι

2074 4089 2196 4146 Non
2251 4089 2388 4145 dixit
2431 4089 2576 4160 quod
2617 4105 2682 4145 ex
2719 4089 2830 4145 Deo
2874 4097 3040 4154 esset,
3079 4087 3173 4144 sed
3220 4102 3399 4158 neque
3440 4087 3584 4156 quod

2008 4181 2306 4237 humanum
2333 4186 2482 4235 esset
2511 4194 2668 4250 opus.
2693 4176 2829 4233 Nam
2851 4176 3055 4231 dicenti
3075 4175 3219 4247 quod
3249 4191 3314 4232 ex
3336 4176 3470 4240 Deo,
3505 4175 3585 4229 illi

2006 4273 2190 4331 statim
2225 4269 2728 4327 contradixissent:
2782 4269 2829 4325 si
2861 4282 2996 4323 vero
3051 4267 3281 4322 dixisset
3328 4267 3475 4336 quod
3515 4278 3584 4321 ex

2008 4363 2343 4430 hominibus,
2368 4362 2694 4418 audaciores
2709 4371 2900 4417 contra
2924 4360 3203 4431 apostolos
3229 4358 3583 4415 reddidisset.

2011 4455 2143 4512 Vide
2172 4470 2302 4526 ergo
2328 4454 2568 4509 hominis
2598 4453 2944 4523 prudentiam
2969 4455 3059 4521 qui
3085 4451 3360 4522 sapienter
3381 4449 3587 4520 dirige-

323 4545 560 4600 κελεύει.
590 4545 704 4598 Ούκ
733 4540 852 4598 εἷπε
879 4543 937 4598 δέ
963 4561 980 4576 ο
1009 4544 1119 4598 Καὶ⁵
1151 4542 1247 4598 ἐὰν
1275 4543 1349 4614 μὴ
1380 4542 1716 4612 καταλύσητε
1743 4541 1894 4606 αὐτὸ,

2012 4547 2106 4603 bat
2134 4561 2463 4603 sermonem.
2496 4544 2660 4600 Juhet
2688 4553 2868 4599 autem
2903 4552 3226 4614 exspectare
3259 4543 3441 4598 ﬁnem.
3477 4539 3587 4596 Ne-

316 4637 496 4705 γνῶτε
528 4638 611 4689 ὅτι
639 4636 746 4690 ἀπὸ
787 4635 921 4690 Θεοῦ
953 4637 1121 4700 ἐστιν,
1167 4634 1282 4688 ἀλλ’
1307 4634 1435 4688 Ἒάν
1469 4637 1533 4688 ὲκ
1562 4634 1697 4688 Θεοῦ
1728 4636 1899 4699 ἐστιν,

315 4729 382 4781 οὒ
403 4727 858 4798 καταλυθήσεται.
887 4728 961 4780 Τὸ
996 4727 1096 4798 μὲν
1125 4726 1234 4796 γὰρ
1265 4728 1364 4797 τῆς
1383 4725 1606 4780 ἐκείνων
1625 4725 1898 4796 λογισθείη

317 4821 616 4891 ἀπηνείας,
666 4819 726 4872 τὸ
758 4819 814 4873 δὲ
842 4821 941 4890 τῆς
988 4819 1135 4882 θείας
1189 4819 1490 4889 δυνάμεως.
1533 4819 1898 4889 Ἐπείσθησαν

319 4898 503 4983 semp
538 4911 614 4982 μὴ
643 4911 916 4982 παρουσίᾳ
947 4911 1058 4963 τῶν
1090 4909 1407 4963 ἀποστόλων
1436 4908 1610 4963 ταῦτα
1639 4908 1895 4979 ῥηθῆναι,

321 5001 456 5054 ἀλλά
483 5001 675 5072 χωρίς.
713 5001 833 5054 Ἔτι
882 5000 938 5054 δὲ
983 5003 1077 5055 καὶ
1123 5000 1205 5052 ὄτι
1243 4999 1668 5070 συνεπιγνώμων
1717 5001 1900 5063 αὐτοῖς

321 5094 624 5164 νομισθεὶς,
658 5093 753 5147 καὶ
790 5092 888 5163 τὴν
916 5091 1138 5146 ἔκϐασιν
1169 5093 1244 5156 ώς
1271 5091 1337 5146 ἂν
1367 5093 1462 5146 καὶ
1500 5092 1710 5160 γένοιτο
1727 5093 1900 5146 δεδοι-

323 5187 455 5250 κὼς,
503 5185 698 5255 ὥσπερ
748 5185 842 5238 καὶ
894 5184 1077 5246 αὐτοῖς
1136 5183 1402 5260 ὑπετίθει.
1443 5183 1586 5255 Πρὸς
1631 5183 1688 5236 δὲ
1739 5185 1833 5236 καὶ
1863 5184 1898 5254 ἡ

324 5278 602 5347 γλυκύτης
639 5275 750 5330 τῶν
787 5275 963 5343 λόγων
1009 5275 1146 5345 μετά
1191 5275 1284 5329 τοῦ
1320 5274 1528 5329 δικαίου
1582 5275 1901 5329 συνεϐάλετο

321 5367 476 5437 αὐτῷ
512 5367 649 5437 πρὸς
707 5366 767 5418 τὸ
828 5368 1040 5418 πεῖσαι.
1087 5365 1251 5431 Ἀλλ’,
1292 5367 1341 5418 εί
1385 5366 1739 5437 ἐπείσθησαν,
1783 5367 1900 5430 πῶς

327 5459 541 5530 ἔδειραν
561 5475 578 5523 ;
598 5455 962 5525 Ἐπείσθησαν
986 5455 1087 5526 τῆς
1117 5456 1336 5524 σφαγῆς¹
1350 5457 1702 5526 ἀποσχέσθαι.
1735 5457 1904 5510 Τοῦτο

327 5549 435 5621 γὰρ
493 5549 690 5620 ὤργων
746 5547 1046 5618 μανιωδῶς.
1097 5547 1348 5618 Ἔδειραν
1403 5549 1459 5601 δὲ
1516 5549 1592 5619 τῷ
1642 5549 1718 5620 μὴ
1755 5549 1901 5613 δόξαι

326 5642 578 5714 ἀφρόνως
608 5640 916 5713 ὁρμηθῆναι.
942 5641 1035 5693 καὶ
1064 5640 1206 5693 κατὰ
1237 5639 1570 5704 ἀνεκϐἀτων.
1602 5643 1710 5695 Καὶ
1738 5637 1807 5712 ἦν
1827 5641 1904 5711 τῷ

403 5824 449 5856 ⁵⁸
475 5821 598 5879 Lib.
631 5836 785 5883 xvm,
817 5822 838 5875 1
875 5831 929 5876 et
982 5822 1032 5877 εἰ.
1115 5826 1156 5856 ⁸⁵
1188 5824 1320 5876 Luc.
1369 5837 1448 5887 ιιι,
1481 5823 1525 5875 1.

2010 4655 2117 4710 que
2144 4639 2283 4693 dixit
2303 4647 2331 4692 :'
2349 4637 2407 4692 Si
2436 4653 2544 4692 non
2571 4635 2935 4692 dissolveritis
2959 4635 3114 4704 illud,
3141 4635 3335 4689 scitote
3351 4632 3496 4703 quod
3517 4646 3605 4696 εκ,

2014 4732 2122 4788 Deo
2151 4737 2256 4794 cst,
2289 4730 2406 4796 sed,
2445 4728 2500 4783 Si
2533 4745 2598 4783 ex
2627 4727 2734 4784 Deo
2767 4737 2870 4793 est,
2908 4742 3017 4781 non
3051 4727 3404 4782 dissolvetur.
3446 4724 3584 4780 lllud

2011 4823 2155 4878 enim
2207 4815 2434 4876 daretur
2486 4820 2688 4875 feritati
2747 4820 2987 4885 illorum,
3030 4817 3134 4873 hoc
3163 4825 3345 4873 autem
3389 4816 3588 4872 divina:

2009 4914 2288 4984 potentiae.
2325 4911 2585 4972 Persuasi
2617 4918 2744 4966 sunt
2770 4921 2974 4975 autem,
2999 4925 3121 4964 cum
3141 4910 3257 4965 inec
3282 4909 3338 4964 in
3364 4920 3585 4981 aposto-

2001 5009 2176 5061 lorum
2229 5003 2520 5076 praesentia
2570 5019 2679 5057 non
2733 5004 3067 5068 dicerentur,
3109 5002 3203 5058 sed
3254 5002 3362 5057 illis
3425 5003 3580 5058 foras

2006 5098 2218 5168 ejectis,
2257 5106 2372 5151 tum
2402 5096 2550 5165 quod
2585 5095 2630 5148 is
2653 5095 2746 5164 qui
2776 5108 2893 5148 rem
2923 5109 3032 5148 una
3067 5109 3194 5148 cum
3228 5094 3362 5164 ipsis
3394 5094 3584 5164 explo-

2006 5190 2186 5253 rabat,
2219 5185 2298 5241 rei
2344 5192 2620 5251 eventum,
2657 5184 2838 5240 hocne
2903 5200 2971 5240 an
3007 5185 3102 5241 illo
3133 5186 3298 5240 modo
3327 5184 3586 5242 succede-

2003 5293 2106 5344 ret,
2145 5279 2498 5342 formidabat,
2542 5277 3002 5349 quemadmodum
3035 5278 3201 5332 etiam
3239 5278 3347 5332 illis
3383 5292 3584 5346 sugge—

2009 5372 2181 5426 rebat.
2224 5370 2493 5424 Praeterea
2524 5377 2706 5424 autem
2743 5383 3060 5424 sermonum
3097 5367 3294 5422 lenitas
3325 5382 3432 5420 una
3458 5382 3582 5420 cum

2008 5462 2265 5532 aequitate
2311 5460 2378 5516 ad
2432 5459 2894 5532 persuadendum,
2946 5459 3168 5514 fuerunt
3205 5459 3308 5526 ipsi
3355 5457 3578 5511 auxilio.

2010 5552 2207 5608 Verum
2240 5553 2286 5608 si
2331 5553 2579 5624 persuasi
2629 5557 2777 5618 sunt,
2809 5550 3088 5622 quomodo
3116 5549 3298 5620 ﬂagris
3335 5549 3455 5602 illos
3488 5561 3582 5601 ce-

1981 5647 2302 5703 ‘ciderunt?
2355 5645 2610 5702 Persuasi
2664 5643 2886 5716 quidem
2927 5650 3080 5712 sunt,
3125 5656 3196 5697 ne
3247 5639 3582 5707 occiderent,
