4058 6558
453 369 552 434 127

1509 391 1908 458 (ECUMENII
1943 401 2232 466 ΤΒιραιΕ
2272 411 2614 477 EPISCOPI

3577 435 3678 504 128

448 482 941 556 philosophandum
967 487 1162 546 idonea
1191 501 1331 560 erat,
1365 512 1558 571 nempe
1585 503 1956 566 Libertinorm

448 581 497 621 et
536 575 1026 621 Alexandrinnrnm
1081 593 1129 621 nl
1157 584 1548 621 {Tuum-umet“...
1611 606 1659 621 -.
1689 598 1906 621 ρειρμρμ

3577 482 3678 504 Ιὸυ

2058 517 2094 577 Α
2123 521 2352 588 στεύειν,
2387 527 2737 598 Λιϐερτίνων,
2771 533 2862 586 καὶ
2909 535 3318 610 Ἀλεξανδρέων,
3372 546 3465 598 καὶ
3501 549 3694 621 Κυρη-

443 581 497 629 et
534 575 1050 649 Alexandrinorum,
1081 593 1134 639 et
1157 584 1572 660 Cyrenensium,
1607 606 1664 652 et
1689 598 1938 668 Cilicum,

446 666 770 713 Aaiannrnm
833 671 896 713 Rt
931 677 1392 713 nuncmmlmmlnm
1431 699 1523 713 νυ..
1559 703 1726 713 κη-..
1759 695 1954 713 ..-η-,ιι

2085 575 2094 577 ἡ
2291 575 2862 598 νγ,--ητΓ--ηη.,η--
2923 575 3318 610 ιυωηαννγωυγ,
3373 575 3692 621 καιιὶυρη-

2118 614 2304 681 ναίων»,
2335 620 2435 674 ,καὶ
2467 621 2722 690 Κιλίκων,
2769 627 2860 679 καὶ
2905 629 3188 686 Ἀσιανῶν.
3225 635 3331 690 Καὶ
3377 637 3568 713 ὥσπερ
3619 647 3692 700 δι’

443 666 792 726 Asianorum.
832 671 898 729 Et
931 677 1393 745 quemadmodum
1431 699 1523 754 per
1559 703 1728 744 unam
1759 695 2012 750 multitu-

443 758 625 816 dinem
659 769 743 818 est
768 764 1090 838 disputatio,
1120 769 1196 824 ita
1220 777 1274 827 et
1303 787 1401 842 per
1425 775 1563 834 alios
1593 791 1678 836 est
1705 788 2007 854 accusatio,

439 861 494 905 et
533 851 710 910 forma
735 856 889 914 dolos
923 862 1224 918 texentium
1251 880 1317 922 ac
1343 867 1780 940 deploratorum.
1815 851 2009 935 Probi;

439 941 538 996 bili
575 944 723 998 enim
772 961 802 1001 a
854 949 1172 1019 Gamaliele,
1213 963 1272 1010 ut
1306 956 1446 1013 nihil
1491 972 1684 1018 contra
1726 970 2006 1037 apostolos

434 1039 730 1101 tentarent,
763 1037 874 1094 imo
897 1040 1036 1097 nihil
1071 1043 1336 1105 habentes
1365 1050 1637 1112 adversus
1675 1058 1800 1116 illos
1838 1076 2004 1120 accu-

431 1124 682 1191 sationis,
722 1127 1063 1200 Stephanum
1102 1135 1171 1193 de
1199 1144 1567 1209 praesentibus
1599 1149 1762 1206 rebus
1799 1155 2005 1210 calum-

434 1214 590 1272 niose
619 1222 1036 1290 aggrediuntur,
1079 1242 1110 1283 a
1138 1231 1254 1286 veri
1295 1234 1654 1306 inquisitione
1683 1243 2000 1305 aberrantes

429 1304 625 1371 nugaci
650 1305 1003 1378 loquacitate.
1029 1312 1341 1378 Libertinos
1369 1304 1552 1383 autem
1589 1330 1724 1387 dicit
1749 1304 1998 1396 fortassis

426 1395 606 1448 vocari
650 1394 951 1469 Romanos,
998 1407 1146 1476 quod
1194 1423 1226 1464 a
1273 1411 1430 1470 Livia
1482 1417 1713 1492 Augusti
1763 1394 1996 1502 conjuge

423 1489 635 1560 seipsos
686 1494 929 1554 celebres
962 1500 1304 1562 reddiderint
1349 1526 1365 1564 :
1414 1525 1482 1568 eo
1525 1489 1673 1585 quod
1703 1525 1758 1574 et
1800 1489 1996 1580 mulier

423 1583 753 1650 percelebris
785 1598 958 1658 esset,
997 1601 1053 1648 et
1099 1595 1170 1652 ab
1211 1597 1486 1671 Augusto,
1528 1583 1751 1666 {virtutis
1791 1613 1991 1683 gratia,

418 1672 620 1730 eximie
659 1675 1012 1737 adamaretur
1044 1701 1059 1740 :
1096 1687 1184 1741 cui
1219 1703 1354 1746 sane
1398 1692 1516 1763 ipsa
1563 1711 1782 1769 quoque
1817 1702 1871 1758 id
1904 1719 1992 1760 re-

419 1764 630 1832 pendit,
658 1776 720 1822 ut
753 1769 822 1824 ad
853 1770 1088 1845 Augusti
1129 1781 1447 1850 sepulcrum
1497 1764 1754 1848 toleranti
1805 1795 1989 1853 animo

417 1861 866 1922 perseveraverit.
899 1864 1022 1920 Alio
1078 1870 1233 1927 modo
1263 1888 1283 1928 :
1309 1872 1713 1936 Libertinorum
1744 1892 1798 1941 et
1825 1885 1990 1958 Cyre—
2019 1882 2062 1938 Β

415 1949 688 2017 nensium,
751 1955 843 2025 qui
895 1967 1056 2014 erant
1117 1977 1146 2018 a
1205 1965 1447 2034 civitate,
1505 1987 1625 2042 quae
1679 1984 1766 2032 est
1825 1987 1977 2038 trans

412 2036 848 2100 Alexandriam:
892 2063 1086 2121 nempe
1133 2054 1281 2111 circa
1329 2060 1670 2130 saphisticen
1721 2070 1866 2126 vires
1918 2087 1984 2128 ac

398 2691 507 2731 non
550 2678 748 2736 licebat
785 2694 938 2741 extra
967 2687 1276 2750 Jerusalem
1324 2699 1624 2772 celebrare,
1660 2708 1715 2762 in
1749 2724 1811 2766 ea
1843 2726 1971 2784 age.

395 2768 549 2824 bant.
577 2771 654 2828 Ne
690 2776 835 2831 enim
866 2781 1128 2840 continue
1165 2799 1493 2860 cogerentur
1521 2812 1551 2851 a
1583 2802 1778 2869 patriis
1829 2805 1966 2865 locis

392 2871 618 2930 peregre
650 2877 812 2934 agere
870 2866 1272 2940 frequentanda
1297 2866 1619 2951 Jerusalem,
1650 2888 1849 2948 ibidem
1875 2910 1964 2952 re-

389 2946 662 3007 sidebant.
708 2952 1021 3016 Libertinos
1071 2974 1252 3022 autem
1290 2946 1966 3052 appellabant,quivavl—io-

393 3042 572 3099 manis
603 3048 931 3107 manumissi
983 3066 1159 3113 erant.
1182 3059 1470 3143 Stephano.
1489 3042 1663 3140 igitur
1678 3042 1960 3150 indignum

385 3131 618 3190 ducente
646 3151 771 3192 cum
801 3142 880 3198 eis
903 3150 1165 3217 tanquam
1199 3154 1370 3211 corde
1398 3131 1692 3222 escaecatis
1717 3131 1953 3235 conver-

381 3496 445 3551 ab
476 3513 543 3554 eo
573 3501 875 3573 signorum,
905 3519 967 3566 ut
999 3514 1045 3568 si
1072 3514 1215 3573 forte
1242 3519 1310 3574 ad
1340 3496 1699 3586 haesitantiam
1731 3550 1794 3590 ac
1815 3553 1951 3594 con-

375 3583 481 3640 silii
511 3585 751 3658 inepiam
786 3609 914 3651 eum
963 3599 1271 3674 adigerent,
1304 3612 1514 3680 pudore
1546 3617 1944 3695 suffunderem,

375 3683 639 3749 tanquam
680 3682 1012 3757 insipienter
1057 3709 1118 3750 se
1156 3695 1447 3783 habentem
1480 3707 1534 3762 in
1566 3711 1651 3768 his
1685 3729 1805 3783 qua:
1839 3682 1945 3776 sibi

371 3767 617 3838 delegata
657 3787 881 3845 essent;
920 3791 1032 3837 tum
1065 3786 1228 3842 etiam
1259 3781 1316 3845 ut
1353 3767 1717 3859 distractione
1751 3807 1942 3880 dispu-

369 3857 590 3917 tationis
631 3880 763 3937 erga
817 3869 988 3940 ipsos,
1042 3890 1210 3934 causa
1254 3882 1332 3937 illi
1375 3898 1561 3946 essent
1593 3901 1648 3948 ut
1689 3911 1720 3952 a
1767 3857 1940 3972 sig’nis

363 3960 602 4010 vacaret.
635 3955 770 4013 Cum
821 3962 1002 4034 itaque
1075 3968 1166 4026 his
1202 3973 1271 4030 de
1304 3978 1488 4035 causis
1518 3981 1597 4037 illi
1639 3955 1934 4062 instarEnt,

363 4040 588 4113 insuper
622 4051 859 4123 maligno
880 4073 1098 4132 quoque
1124 4065 1310 4123 animo
1333 4071 1400 4126 ad
1429 4040 1933 4148 quippiam.

357 4145 454 4187 sus
493 4135 663 4208 legem
715 4144 1007 4204 dicendum
1050 4153 1411 4228 impellerent,
1463 4167 1530 4221 ad
1579 4173 1724 4239 quod
1763 4176 1927 4234 etiam

353 4238 517 4282 omne
544 4233 785 4289 studium
807 4238 1024 4298 illorum
1054 4251 1309 4308 tendebat
1337 4271 1352 4310 :
1379 4255 1498 4328 58
1522 4233 1640 4330 ipse
1662 4233 1925 4327 malitiam

349 4330 538 4374 eorum
572 4336 886 4400 aggressus,
911 4333 1065 4391 initio
1093 4338 1223 4395 facit
1251 4344 1373 4411 hoc,
1407 4355 1464 4401 ut
1490 4353 1688 4410 acriori
1717 4367 1916 4417 certa-

346 4409 495 4466 mine
537 4418 685 4484 quod
725 4421 833 4478 illis
879 4429 1213 4499 pmcipuum
1259 4409 1800 4518 erat-aggrediatur,
1854 4469 1920 4511 ac

343 4497 513 4558 divini
545 4508 635 4576 qui
683 4511 736 4566 in
779 4529 844 4569 eo
879 4528 996 4574 erat
1025 4497 1264 4592 Spiritus
1289 4537 1344 4585 et
1385 4497 1670 4604 sapientiae
1712 4497 1912 4604 virtute
1940 4565 1992 4624 1)

339 4606 402 4648 os
435 4596 571 4667 ipsis
604 4603 874 4662 obstruat.
910 4609 1117 4670 Deinde
1145 4618 1311 4675 etiam
1341 4623 1409 4678 ad
1439 4596 1502 4681 ea
1532 4644 1656 4700 quas
1685 4635 1773 4690 isti
1809 4637 1912 4694 de-

335 4687 653 4757 cernebant,
692 4694 984 4755 obscurius
1022 4719 1186 4773 quam
1225 4716 1283 4763 ut
1318 4687 1906 4795 possintdntelligere,

332 4779 580 4845 quaedam
611 4783 664 4837 in
699 4789 935 4845 medium
965 4779 1375 4871 aﬂ'ert.Pr0pter
1403 4809 1547 4876 quod
1573 4821 1628 4867 et
1654 4779 1906 4888 ipsiuiam

330 4867 589 4944 deinceps
617 4877 756 4932 clam
793 4884 1186 4957 procedebant,
1217 4867 1270 4946 et
1296 4867 1626 4969 ipsc-postea
1665 4867 1903 4976 apertis-

327 4959 484 5026 sime,
535 4969 678 5036 quod
715 4971 768 5026 in
803 4975 986 5032 animo
1033 4991 1152 5036 erat
1187 4985 1269 5042 eis
1313 4959 1670 5061 proponebat.
1699 4959 1899 5067 rQuid-

325 5052 488 5105 nam?
515 5054 675 5114 Certe
697 5060 832 5133 legis
864 5071 1253 5140 cessationem,
1285 5093 1448 5146 quam
1479 5098 1591 5141 non
1622 5091 1898 5160 exprime-

2115 703 2304 775 ἐτέρου
2344 711 2634 783 πλήθουςὴ
2673 716 2989 787 συζήτησις,
3027 722 3170 777 οὕτω
3203 725 3296 778 καὶ
3322 727 3389 781 δι’
3417 703 3623 800 ἐτέρων
3652 737 3683 805 ἠ

2112 799 2434 868 κατηγορία,
2481 804 2575 858 καὶ
2608 806 2669 859 τὸ
2710 812 2896 880 σχῆμα
2927 812 3266 871 δολοπλόκων
3302 821 3396 874 καὶ
3431 799 3685 893 ἀπεγνωλ

2111 890 2342 958 σμένων.
2375 895 2727 964 κωλυθέντες
2757 901 2862 974 γὰρ
2895 903 2998 958 ὑπὸ
3027 906 3067 958 Γ
3069 908 3308 979 αμαλιὴλ
3342 913 3509 982 μηδὲν
3539 890 3682 971 κατά

2106 980 2214 1036 τῶν
2241 982 2552 1040 ἀποστόλων
2599 989 2919 1064 ἐπιχειρεῖν,
2970 999 3065 1052 καὶ
3109 1001 3278 1070 μηδὲν
3314 980 3528 1075 ἔχοντες
3561 1011 3682 1065 κατ’

2105 1072 2328 1128 ἐκείνων
2367 1079 2654 1146 ἐγκαλεῖν,
2704 1084 2960 1159 Στεφάνῳ
3005 1089 3073 1144 τά
3123 1091 3219 1146 νῦν
3271 1072 3682 1167 συκοφαντικῶς

2101 1163 2455 1231 ἐπιτίθενται,
2489 1170 2892 1244 ἀστοχήσαντες
2922 1179 3023 1249 τῆς
3061 1181 3150 1236 διὰ
3181 1185 3292 1239 τῶν
3341 1163 3680 1262 λογολεσχῶν

2101 1253 2468 1328 συζυτήσεως.
2514 1261 2863 1333 Λιϐερτίνους
2889 1269 2946 1322 δὲ
2983 1272 3109 1337 τοὺς
3151 1253 3458 1347 Ῥωμαίους
3488 1253 3675 1336 καλεῖ-

2100 1346 2223 1400 σθαι
2254 1349 2395 1420 τάχα
2429 1353 2616 1422 φησιν,
2657 1357 2765 1411 ἀπὸ
2793 1359 2986 1426 Λιϐίας
3008 1363 3110 1432 τῆς
3137 1346 3452 1438 Αὐγούστου
3485 1391 3674 1442 γυναι-

2097 1437 2192 1502 κὸς
2219 1440 2654 1513 ἐπιφημίσαντες
2682 1449 2927 1517 ἑαυτοὺς,
2962 1454 3152 1511 καθότι
3183 1437 3279 1515 καὶ
3305 1437 3613 1538 περιφανὴς
3638 1471 3673 1537 ἡ

2095 1531 2254 1601 γυνὴ,
2287 1531 2380 1586 καὶ
2414 1534 2480 1589 δι’
2527 1537 2731 1610 ἀρετὴν
2767 1547 3106 1620 στεργομένη
3150 1531 3516 1625 διαφερόντως

2091 1622 2423 1691 Αὐγούστου.
2456 1620 2526 1700 Ὦ
2552 1629 2616 1702 δὴ
2640 1633 2734 1686 καὶ
2764 1635 2901 1706 αὐτὴ
2926 1639 3006 1703 εἰς
3034 1620 3382 1716 ἀντάμειψιν,
3414 1649 3671 1722 τῷτάφῳ

2090 1713 2186 1768 τοῦ
2229 1716 2540 1787 Αὐγούστου
2593 1729 3079 1802 προσκαρτεροῦσα
3125 1713 3394 1809 διέζησεν.
3426 1713 3497 1782 -ζ-
3525 1713 3670 1798 Ἀλλ

2088 1810 2206 1875 λως
2227 1810 2588 1883 ’Λιϐερτίνων
2614 1819 2707 1871 καὶ
2730 1821 3055 1893 Κυρηναίων
3078 1827 3190 1882 τῶν
3219 1830 3477 1888 ἐπέκεινα
3514 1835 3666 1889 Ἀλε-

2090 1899 2392 1970 ξανδρείας,
2419 1904 2515 1960 ἅτε
2551 1910 2681 1980 περὶ
2715 1915 3037 1986 σοφιστικὴν
3063 1917 3122 1972 τὸ
3150 1921 3355 1990 κράτος
3385 1925 3663 1998 ἀποφερο-

2091 1989 2266 2060 μένων
2296 1996 2426 2067 παρ⁹
2471 1998 2760 2071 Ἑϐραίοις.
2805 1999 2907 2059 Ὧν
2940 2010 3034 2061 καὶ
3065 1989 3314 2084 διάφοροι
3341 1989 3663 2088 συναγωγαὶ

2084 2081 2144 2133 ἐν
2181 2083 2538 2161 Ἰερουσαλὴμ
2586 2094 2726 2148 κατά
2777 2095 2903 2170 ἔθνη
2961 2081 3412 2175 ἐναυλιζομένων.
3447 2081 3536 2163 Διὸ
3565 2081 3660 2165 καὶ

2082 2284 2163 2320 σει
2193 2273 2299 2323 τῶν
2323 2273 2568 2340 Μωσέως
2601 2277 2802 2351 νόμων.
2836 2283 3029 2339 Πολλοὶ
3061 2288 3168 2359 γὰρ
3193 2289 3301 2344 τῶν
3317 2293 3658 2365 ἐπιδημούν-

1958 2392 1972 2415 ν
2081 2377 2189 2414 των
2221 2367 2652 2438 προσκυνήσεως
2693 2373 2853 2444 χάριν
2881 2376 2962 2439 είς
3004 2377 3378 2454 Ἰερουσαλὴμ,
3418 2387 3656 2457 μάλιστα.

1858 2439 1980 2494 ica-~
2077 2451 2219 2504 κατά
2261 2453 2321 2507 τὸ
2350 2455 2562 2528 Πάσχα,
2587 2459 2616 2512 δ
2645 2439 2744 2516 etii:
2765 2439 2906 2536 ⁷ἐξῆν
2954 2465 3059 2532 ἔξω
3079 2439 3276 2526 ’τελεῖν
3299 2439 3431 2545 ἓῆῖ
3449 2439 3654 2548 ’ἱερουζ

2075 2541 2279 2613 σαλὴμ,
2319 2548 2682 2622 συνδιέτριϐον
2716 2557 2774 2608 ἐν
2807 2555 2968 2628 αὐτῇ.
3015 2558 3104 2624 Ὦς
3151 2562 3219 2616 ἂν
3269 2541 3370 2620 οὖν.
3415 2567 3490 2638 μὴ
3524 2541 3651 2622 συν-

2071 2635 2212 2706 εχῶς
2243 2639 2657 2708 ἀναγκάζωνται
2709 2648 2816 2703 ἀπὸ
2853 2653 3131 2724 πατρίδων
3174 2635 3495 2730 ἀποδημεῖν,
3531 2683 3649 2734 φοι-

2068 2727 2270 2794 τῶντες
2303 2734 2384 2798 είς
2423 2735 2779 2812 Ἰερουσαλὴμ
2811 2745 3184 2817 προσήδρευον
3210 2727 3364 2808 hcet.
3396 2727 3648 2827 Λιϐερτί-

2069 2836 2192 2885 νους
2221 2823 2279 2876 δὲ
2309 2826 2436 2890 τοὺς
2474 2827 2766 2900 Ῥωμαίων
2807 2834 3211 2911 ἀπελευθέρους
3237 2843 3484 2904 ἐκάλουν.
3520 2823 3648 2903 Στε-

2066 2912 2235 2981 φάνου
2267 2916 2448 2971 τοίνυν
2474 2922 2838 2991 ἀπαξιοῦντος
2871 2929 3053 2996 αὐτοῖς
3078 2932 3174 2988 ἅτε
3208 2953 3488 3009 πεπωρωμ
3501 2939 3644 3006 ένοις

2062 3005 2129 3074 τῇ
2161 3008 2358 3080 καρδίᾳ
2389 3015 2761 3082 προσομιλεῖν,
2795 3019 2949 3074 αὐτοὶ
2980 3025 3044 3094 τῇ
3075 3025 3286 3080 ἑαυτῶν
3318 3005 3642 3103 ματαιότητι

2065 3093 2431 3168 θαρροῦντες,
2475 3104 2569 3158 ἐπὶ
2615 3107 2678 3160 τὸ
2731 3110 2986 3183 συζητεῖν
3035 3093 3192 3188 αὐτῷ
3246 3093 3637 3194 προεφέροντο.

1984 3218 2026 3278 C
2061 3187 2205 3261 Πρὸς
2229 3192 2392 3254 αὐτὸν
2414 3194 2471 3248 δὲ
2499 3197 2678 3266 μόνον,
2705 3199 2766 3254 οὐ
2803 3202 2940 3275 πρὸς
2967 3187 3174 3276 ἕτερον,
3209 3210 3273 3264 τὸ
3293 3187 3426 3282 μὲν,
3457 3187 3638 3288 φθόνῳ
3687 3289 3692 3292 _

2057 3280 2166 3334 τῶν
2198 3283 2290 3336 ὑπ’
2335 3286 2501 3346 αὐτοῦ
2552 3289 2893 3362 τελουμένων
2934 3299 3194 3369 σημείων,
3237 3280 3314 3366 ὡς
3351 3304 3418 3358 ἂν
3466 3280 3633 3361 sine);

2053 3371 2133 3434 είς
2176 3373 2412 3447 ἀπορίαν
2470 3379 2633 3436 αὐτὸν
2683 3389 3118 3460 παραστήσειαν,
3173 3394 3438 3468 αἰσχύνην
3483 3401 3618 3472 αὐτῇ

2051 3465 2480 3536 προσπορίσωσι,
2509 3473 2616 3526 τῶν
2646 3477 3102 3551 πρεσϐευομένων
3132 3465 3363 3554 ἀμαθῶς
3391 3465 3573 3562 ἐχοντι
3603 3465 3623 3528 λ

2045 3549 2108 3604 τὸ
2139 3552 2196 3606 δέ
2217 3593 2233 3620 ,
2263 3555 2359 3611 καὶ
2385 3559 2462 3624 ὡς
2495 3563 2572 3634 τῷ
2598 3549 2972 3643 περισπασμῷ
3003 3575 3101 3647 τῆς
3139 3549 3276 3649 πρὸς
3304 3549 3504 3647 sttit-ob;
3536 3602 3628 3638 συ-

2043 3640 2346 3717 ζητήσεως,
2375 3654 2571 3724 σχολὴν
2617 3659 2766 3731 αὑτῷ
2802 3640 2912 3717 τῶν
2939 3640 3198 3737 σημείων.
3231 3640 3635 3743 περιποιοῖίντο.

2041 3734 2139 3789 Διά
2165 3737 2338 3794 ταῦτα
2359 3738 2453 3798 οὖν
2485 3747 2852 3821 ἐπικειμένων
2884 3757 3083 3823 αὐτῶν,
3119 3761 3216 3816 καὶ
3252 3764 3388 3834 πρὸς
3414 3767 3624 3834 τούτοις

2038 3828 2212 3885 εἰπεῖν
2251 3849 2303 3887 τι
2347 3835 2664 3906 ἐπαγόντων
2701 3845 3081 3921 φιλοπονήρως
3114 3855 3255 3909 κατά
3293 3828 3387 3910 τοῦ
3428 3828 3616 3928 νόμου,

2035 3917 2105 3972 δι’
2133 3920 2162 3974 ὃ
2191 3924 2286 3978 καὶ
2316 3926 2348 3998 ἠ
2389 3931 2539 3986 πᾶσα
2587 3937 2814 4009 σπουδὴ,
2851 3917 3014 4006 αὐτος
3043 3944 3259 4013 φθάσας
3304 3950 3366 4002 τὸ
3395 3917 3619 4019 φιλοπόεί

2035 4019 2200 4082 νηρον
2249 4017 2451 4084 αὐτῶν,
2483 4022 2642 4079 τοῦτο
2671 4031 2818 4082 ποιεῖ
2849 4033 2974 4088 κατ’
3003 4035 3203 4106 ἀρχὰς,
3240 4017 3616 4107 ἀγωνιστικῶς-

2032 4117 2192 4173 τερον
2221 4107 2408 4173 αὐτοῖς
2435 4112 2610 4187 ἀρχὴν
2646 4119 2990 4192 ἐφορμήσας,
3028 4126 3123 4180 καὶ
3151 4129 3217 4200 τῇ
3247 4130 3477 4202 δυνάμει
3519 4135 3612 4189 τοῦ

2031 4189 2090 4244 ἐν
2125 4194 2271 4268 αὐτῷ
2317 4198 2462 4255 θείου
2513 4189 2983 4278 Πνεύματος-καὶγ
3021 4189 3217 4287 σοφίας
3262 4222 3341 4284 είς
3371 4189 3614 4292 ἀφασίαν

2028 4282 2227 4352 αὐτοὺς
2260 4292 2560 4360 συνελάσας
2582 4315 2595 4330 ·
2626 4294 2745 4354 εἶτα
2775 4303 2869 4357 καὶ
2902 4305 3040 4375 πρὸς
3153 4282 3434 4368 ἐϐούλοντο
3461 4308 3607 4371 οὗτοι

2026 4377 2588 4458 αἱνιγματωδέστερον
2636 4393 2950 4463 συμϐαλὼν,
2991 4399 3068 4463 ὡς
3117 4403 3236 4456 οὐδὲ
3272 4407 3408 4476 πρὸς
3447 4411 3606 4464 τοῦτο

2027 4470 2266 4535 συνετῶς
2304 4471 2470 4544 ἔχειν.
2502 4481 2601 4536 Διά
2645 4500 2732 4538 τοι
2761 4485 2919 4540 τοῦτο
2951 4491 3045 4542 καὶ
3077 4490 3516 4569 λῃστρικώτερον
3542 4501 3603 4554 τὸ

2019 4556 2126 4611 ἀπὸ
2154 4561 2305 4616 τοῦδε
2337 4566 2576 4638 ἐχώρουν
2619 4573 2741 4645 ἤδη.
2797 4578 2907 4630 Καὶ
2957 4556 3144 4646 αὐτὸς.-
3170 4556 3230 4638 τό
3277 4556 3598 4645 ἀπὸ..τοῦδε

2025 4653 2338 4721 γυμνότατα
2384 4661 2446 4712 τδ
2517 4662 2585 4716 δι’
2633 4666 2927 4740 ἐπιθυμίας
2979 4673 3161 4740 αὐτοῖς
3210 4679 3476 4737 ἐπετίθει.
3533 4683 3598 4737 Τί

2018 4741 2210 4809 τοῦτο;
2245 4746 2345 4816 τὴν
2394 4750 2488 4804 τοῦ
2541 4754 2707 4824 νόμου
2741 4761 3107 4821 κατάπαυσιν.
3146 4769 3247 4822 Ἢν
3294 4771 3394 4825 οὐκ
3441 4773 3596 4843 ἔλεγε

2017 4832 2134 4901 μὲν,
2165 4836 2406 4906 ᾐνίττετο
2434 4843 2510 4901 δέ.
2561 4848 2714 4903 Ἐπεὶ
2755 4853 2803 4905 εί
2845 4856 3095 4926 φανερῶς
3137 4858 3348 4930 ἔλεγεν,
3394 4865 3494 4919 οὐκ
3527 4832 3594 4921 ἐν

2013 4922 2222 4980 ἐδέοντο
2268 4931 2377 4984 τῶν
2424 4934 2910 5017 ψευδομαρτύρων.
2954 4922 3134 5020 Ὅπερ
3187 4922 3344 5024 αότῷν
3390 4955 3491 5026 μέν
3529 4957 3591 5012 τὸ

2011 5015 2350 5089 ποθούμενον.
2371 5024 2548 5094 τέλος,
2572 5015 2802 5098 ἐκείνοις
2834 5035 2890 5089 δέ
2917 5037 3008 5092 τὸν
3035 5015 3257 5113 ὄλεθρον
3288 5015 3586 5119 ἐθησαύρι-

2013 5123 2123 5164 σεν.

318 5143 431 5212 bat,
464 5149 558 5203 sed
593 5151 876 5216 innuebat.
896 5160 1027 5216 Nam
1051 5166 1098 5220 si
1125 5166 1176 5221 id
1207 5172 1494 5231 manifeste
1522 5186 1916 5258 expressisset,
1942 5193 2098 5260 falsis
2130 5219 2241 5260 non
2286 5206 2479 5266 fuisset
2507 5213 2586 5270 eis
2618 5230 2757 5288 opus
2793 5221 3050 5290 testibus,
3111 5226 3260 5297 quod
3291 5227 3396 5298 ipsi
3456 5233 3581 5302 qui.-

318 5237 440 5297 dem
479 5243 604 5302 ﬁnis
632 5260 853 5302 ontalus
895 5254 1015 5302 fuit-
1055 5259 1164 5302 illic
1200 5279 1329 5302 vnrn
1368 5272 1726 5302 ,ωηιςρεηημκ
1774 5296 1902 5302 _-_-
1959 5291 1993 5302 .-

317 5237 440 5297 dem
479 5243 604 5303 ﬁnis
632 5260 853 5319 optatus
894 5254 1016 5322 fuit,
1055 5259 1164 5316 illis
1200 5279 1329 5320 vero
1368 5237 1730 5338 perditionem
1774 5237 2020 5350 paravit.

392 5354 411 5387 ι
447 5335 514 5392 Et
541 5339 888 5414 insurgentes
920 5352 1308 5424 corripuerunt
1334 5376 1480 5429 eum,
1513 5360 1884 5429 adduxerunt-

320 5446 342 5481 ι
371 5444 477 5500 que
515 5432 568 5487 in
607 5440 924 5498 concilium.
960 5464 980 5498 ›

379 5519 638 5584 Furtives
675 5531 874 5603 ubique
915 5538 1168 5598 nituntur
1216 5561 1512 5620 aggressus
1549 5572 1564 5609 :
1599 5555 1878 5615 Christum

310 5618 842 5686 comprehendentes
899 5645 995 5699 per
1044 5633 1193 5692 viros
1255 5618 1578 5712 homicidas,
1645 5649 1879 5717 gladios,

311 5707 489 5763 noctis
522 5711 834 5785 lampadum
879 5721 1173 5797 facumque
1213 5733 1436 5798 auxilio,
1488 5736 1742 5798 ferentes.
1777 5743 1880 5800 Pe-

303 5806 448 5856 trum
493 5805 842 5883 reliquosque
882 5822 1159 5888 apostolos
1188 5839 1213 5878 a
1253 5830 1472 5898 templo,
1519 5849 1661 5890 nunc
1695 5850 1874 5896 autem

2067 5409 2087 5442 ι
2123 5394 2233 5448 Καὶ⁴
2264 5395 2585 5462 ἐπιστάντες
2635 5404 2992 5474 συνήρπασαν
3037 5411 3220 5482 αὐτὸν,
3247 5418 3341 5473 καὶ
3369 5419 3576 5490 ἤγαγον

1996 5498 2014 5532 ι
2050 5485 2128 5548 είς
2158 5487 2217 5539 τὸ
2244 5489 2540 5560 συνέδριον.
2589 5512 2609 5546 ›

2057 5575 2337 5649 Πανταχοῦ
2366 5581 2459 5635 τοῦ
2477 5583 2770 5657 λῃστρικοῦ
2794 5589 3028 5662 ἔχονταν
3050 5597 3285 5670 Χριστὸν
3313 5601 3412 5671 μὲν
3432 5604 3570 5672 μετά

1987 5667 2273 5736 φονώντων
2304 5673 2607 5746 ἀνθρώπων
2653 5681 2756 5735 ὑπὸ
2807 5683 3055 5756 λαμπάσι
3102 5691 3196 5744 καὶ
3243 5696 3429 5762 φανοῖς
3472 5697 3567 5748 καὶ

1991 5762 2540 5832 μαχαιροφορούντων
2572 5771 3059 5841 συλλαμϐάνοντες.
3091 5781 3294 5852 Πέτρον
3317 5785 3412 5837 καὶ
3438 5784 3565 5847 τοὺς

1989 5846 2207 5913 λοιποὺς
2239 5851 2569 5920 ἀποστόλους
2616 5859 2720 5912 ἀπὸ
2752 5863 2842 5914 τοῦ
2892 5866 3060 5938 ἱεροῦ,
3099 5873 3190 5923 καὶ
3225 5872 3316 5926 νῦν
3348 5873 3403 5926 δὲ
3438 5875 3560 5927 Etsi-
