4058 6592
358 419 463 486 129

1318 416 1709 479 COMMENT.
1726 410 1810 474 IN
1827 411 2017 472 ACTA
2047 413 2629 497 APOSI‘OLQBUM.

3503 415 3610 482 130

355 549 523 603 ςανον
552 531 662 587 ἀπὸ
686 529 782 585 τοῦ
811 530 1191 587 διδασκαλικοῦ
1219 530 1387 586 τόπου
1429 529 1523 585 επὶ
1558 529 1620 583 τὸ
1654 523 1929 595 συνέδριον

2041 534 2090 582 et
2120 527 2457 599 Stephanum
2493 530 2871 601 iudicandum,
2897 545 2928 586 a
2955 529 3217 588 doctrina:
3240 529 3362 586 loco
3389 529 3457 586 ad
3475 546 3610 587 con-

352 626 752 698 κριθησόμενον
787 622 1145 695 ἁρπάζοντες.
1605 676 1616 686 ,

432 733 450 765 ι
492 714 767 787 Ἕστησάν
819 729 879 767 τε
936 714 1220 786 μάρτυρας
1250 713 1489 784 ψευδεῖς,
1536 711 1794 781 λέγοντας
1819 730 1832 745 ·
1876 714 1935 765 Ὀ

359 826 377 859 ι
418 805 706 879 ἄνθρωπος
730 797 886 870 οὗτος
924 806 985 860 οὐ
1016 806 1251 860 παύεται
1274 808 1492 878 ῥήματα
1517 804 1812 877 βλάσφημα
1840 805 1936 858 λαο

359 918 380 951 ι
421 899 527 952 λῶν
553 897 697 952 κατά
725 896 819 952 τοῦ
860 900 1028 953 τόπου
1061 898 1154 952 τοῦ
1186 899 1344 967 ἁγίου
1377 899 1567 953 τούτου
1600 896 1815 952 καὶτοῦ
1843 897 1935 952 νόέ

328 1012 333 1017 ·
361 1010 381 1043 ι
420 1008 544 1063 μου.
588 991 935 1061 Ἀκηκόαμεν
965 990 1076 1064 γάρ
1104 990 1270 1044 αὑτοῦ
1301 990 1572 1059 λέγοντος,
1609 991 1693 1043 ὅτι
1714 1064 1715 1067 η
1737 991 1767 1043 ό
1826 989 1935 1059 Ἰη-

361 1101 381 1134 ι
420 1082 547 1147 σοῦς
574 1081 608 1134 δ
631 1080 956 1151 Ναζωραῖος
983 1076 1464 1147 οὗτοςκαταλύσει
1495 1081 1773 1154 τδνςτόπον
1806 1079 1933 1136 τοῦ·

360 1192 380 1225 ι
415 1190 530 1240 τον,
560 1173 656 1227 καὶ
688 1171 907 1238 ἀλλάξει
951 1172 1020 1227 τὰ
1061 1173 1159 1245 ἔθη
1205 1174 1241 1230 ἀ
1274 1173 1591 1246 παρέδωκεν
1634 1174 1767 1245 ἡμῖν
1797 1175 1932 1231 Μω-

360 1283 595 1336 ισης.»
1654 1302 1655 1305 η

437 1358 737 1414 ’Υπέὁαλον
774 1358 974 1430 ἄνδρας
1018 1357 1297 1428 λέγοντας,
1331 1357 1414 1412 ὅτι
1439 1356 1787 1430 Ἀκηκόαμεν
1831 1358 1932 1413 αὐ-

2038 622 2226 676 cilinm
2268 623 2563 693 rapientes.

2112 710 2198 777 Vl,
2235 712 2326 778 15,
2352 713 2442 768 il.
2479 732 2499 764 ι
2530 714 2609 770 Ac
2645 719 2953 770 statuerunt
2983 713 3152 771 falsos
3186 721 3374 778 testes,
3402 713 3492 786 qui
3528 713 3611 769 di-

2049 823 2069 856 ι
2110 814 2299 863 ccrent
2336 824 2348 860 :
2385 805 2558 861 Homo
2579 802 2681 863 istc
2710 822 2818 862 non
2858 816 3038 863 cessat
3075 806 3223 877 loqui
3264 805 3432 861 verba
3463 805 3602 860 blas-

2038 916 2063 951 ι
2100 898 2295 968 pbema
2369 898 2633 955 adversus
2667 900 2850 955 locum
2885 906 3136 955 sanctum
3163 898 3308 953 hunc
3335 905 3389 952 et
3412 896 3607 967 legem.

2040 1009 2060 1044 ι
2096 990 2424 1048 Audivimus
2453 993 2599 1047 enim
2644 1007 2768 1047 eum
2811 992 3105 1059 dicentem,
3132 993 3276 1064 quod
3306 992 3469 1048 Jesus
3499 988 3610 1044 Νο-

2050 1104 2074 1139 ι
2114 1101 2347 1142 zarenus
2378 1085 2466 1140 hic
2503 1084 2827 1141 demolietur
2865 1085 3045 1141 locum
3080 1086 3247 1149 hunc,
3287 1092 3341 1141 et
3379 1083 3609 1140 mutabit

2040 1196 2061 1230 ι
2101 1178 2351 1234 instituta
2385 1192 2507 1249 quae
2556 1176 2781 1233 tradidit
2809 1176 2970 1233 nobis
2995 1177 3192 1235 Moses.
3232 1195 3251 1230 ι

2104 1357 2494 1413 Snbmiseruut
2533 1356 2705 1420 viros,
2743 1353 2839 1426 qui
2887 1354 3133 1411 dicerent
3166 1357 3181 1409 ξ
3218 1371 3238 1406 ι
3277 1352 3608 1409 Audivimus

352 1449 449 1504 τοῦ
492 1451 716 1521 ῥήματα
751 1449 1047 1521 βλάσφημα
1096 1448 1386 1515 λαλοῦντος
1441 1449 1520 1514 εἰς
1566 1450 1806 1525 Μωῦσῆν
1838 1451 1932 1503 καὶ

2041 1464 2159 1505 eum
2188 1450 2505 1519 loquentem
2539 1448 2705 1504 verba
2744 1447 3064 1518 blasphema
3101 1447 3365 1502 adversus
3394 1445 3606 1511 Mosen,

353 1542 445 1595 τὸν
470 1540 619 1594 Θεόν.
660 1560 678 1593 ι
707 1540 839 1593 Τίνα
870 1540 926 1593 δὲ
952 1539 1023 1594 τὰ
1050 1541 1305 1611 ρἡατα;
1327 1558 1345 1592 ι
1388 1527 1741 1612 ὈτιδἹησοῦς
1763 1542 1791 1595 ό
1818 1541 1934 1595 Να-

2034 1557 2097 1596 ac
2129 1540 2320 1597 Deum.
2357 1560 2377 1593 ι
2400 1540 2659 1608 Quaenam
2696 1547 2880 1596 autem
2910 1548 3038 1595 sunt
3067 1553 3133 1594 ea
3166 1538 3378 1594 verba?
3399 1556 3417 1591 ι
3448 1537 3608 1605 Quod

353 1633 587 1704 ζωραῖος
622 1624 779 1696 οὗτος
827 1631 1124 1686 καταλύσει
1170 1631 1261 1687 τὸν
1305 1631 1473 1687 τόπον
1516 1631 1726 1687 τοῦτον.
1767 1651 1786 1685 ι
1822 1632 1932 1687 Καὶ

2041 1633 2194 1692 Iesus
2237 1633 2562 1690 Nazarenus
2629 1634 2718 1689 hic
2759 1632 3091 1689 demolietur
3140 1632 3319 1687 locum
3374 1630 3545 1687 hunc.
3584 1648 3605 1684 ι

356 1725 463 1797 μὴν
505 1727 700 1796 εἴρηκε
731 1723 891 1778 τοῦτο
917 1724 1211 1794 Στέφανος,
1241 1725 1291 1778 εί
1337 1724 1433 1778 καὶ
1461 1723 1537 1795 μὴ
1569 1723 1796 1795 γυμνῶς
1836 1724 1931 1778 οὖ-

350 1835 490 1882 τως.
521 1817 649 1881 Πῶς
682 1811 775 1871 οὖν
822 1817 1199 1889 ὑποϐολιμαῖοι
1232 1810 1378 1872 οὗτοι
1424 1818 1518 1872 καὶ
1548 1817 1929 1889 ψευδομάρτυ-

2035 1727 2201 1797 Atqui
2233 1727 2336 1782 hoc
2367 1725 2507 1783 dixit
2547 1724 2884 1795 Stephanus,
2919 1723 3023 1780 etsi
3080 1738 3190 1779 non
3219 1724 3356 1780 adeo
3385 1728 3609 1792 aperte:

2032 1820 2306 1890 quomodo
2346 1834 2477 1889 ergo
2508 1826 2637 1874 sunt
2674 1817 2729 1877 hi
2770 1815 3109 1888 supposititii
3140 1814 3370 1884 falsique
3404 1811 3614 1869 testes?

354 1924 480 1976 ρες;
507 1907 591 1960 ὅτι
629 1907 728 1978 οὐχ
759 1905 948 1981 ὥσπερ
977 1886 1238 1977 ἥκουσαν,
1282 1907 1379 1961 καὶ
1407 1886 1731 1979 ὲληρῶδουν.
1791 1886 1930 1962 ’Ἀλλ’

2041 1886 2175 1978 Quia
2207 1925 2317 1965 non
2351 1886 2729 1964 ut'audier‘ant
2755 1908 2829 1962 ita
2844 1886 3164 1962 narrabant
3196 1904 3326 1961 :sed
3352 1904 3462 1959 alio
3486 1903 3615 1972 qui,

351 1997 540 2069 ἐπειδὴ
587 1998 763 2063 ἄλλως
814 1998 914 2067 μὲν
967 1999 1229 2073 ἥκουσαν,
1289 1997 1464 2062 ἄλλως
1510 1998 1569 2053 δὲ
1624 1998 1719 2054 νῦν
1776 1999 1933 2054 αὑτοὶ

350 2088 726 2161 προύχώρουν,
768 2089 994 2154 εἰκότως
1046 2091 1142 2146 καὶ
1186 2090 1633 2166 ψευδομάρτυρες
1685 2094 1931 2167 ἀναγρά-

351 2199 570 2251 φονται.
610 2181 701 2246 Ὠς
726 2181 838 2254 γὰρ
875 2183 967 2236 ἐπὶ
996 2182 1236 2255 Χριστοῦ
1270 2185 1332 2238 τὸ
1364 2185 1662 2256 δυνάμενον
1689 2187 1934 2242 καταλῦ-

350 2291 445 2328 σαι
470 2273 566 2329 τὸν
598 2273 747 2341 ναὸν,
776 2273 1223 2347 ψευδομαρτυρία
1264 2276 1347 2347 (οὐ
1376 2278 1484 2351 γὰρ
1505 2279 1738 2350 Χριστὸς
1788 2275 1931 2348 εἶπε,

346 2364 554 2430 Λύσω,
590 2364 750 2432 ἀλλά,
791 2384 811 2419 ι
861 2364 1093 2433 Λύσατε,
1141 2385 1162 2419 ι
1220 2366 1451 2432 ἐκείνοις
1502 2368 1566 2422 τὸ
1627 2368 1808 2439 λῦσαι,
1835 2371 1934 2442 οὐχ

2035 2001 2158 2058 dem
2207 2002 2368 2057 modo
2414 2000 2724 2064 audierant,
2775 2013 2925 2054 nunc
2969 2014 3098 2054 vero
3141 1997 3247 2068 ipsi
3301 1996 3409 2052 alio
3448 1995 3613 2051 modo

2036 2093 2428 2166 proferebant:
2466 2093 2663 2149 merito
2702 2092 2887 2163 itaque
2922 2090 3047 2147 falsi
3098 2100 3268 2146 testes
3313 2105 3437 2147 esse
3469 2087 3612 2145 refe-

2035 2192 2258 2240 runtur.
2294 2184 2769 2252 Quemadmodum
2798 2185 2945 2241 enim
2969 2184 3036 2240 de
3059 2179 3283 2239 Christo
3315 2180 3457 2252 quod
3480 2196 3611 2253 pos-

2036 2286 2121 2336 set
2144 2278 2405 2349 templum
2435 2277 2738 2334 dissolvere
2770 2277 2968 2332 falsqu
3002 2275 3106 2331 fuit
3133 2274 3517 2331 testimonium
3538 2274 3610 2339 “,

2036 2370 2235 2444 (neque
2267 2370 2414 2427 enim
2457 2369 2710 2427 Christus
2749 2369 2983 2431 dixerat.
3012 2368 3253 2435 Salvam,
3287 2367 3405 2432 sed,
3436 2386 3455 2420 ι
3489 2363 3605 2422 Sol-

347 2454 532 2525 ἑαυτῷ
562 2454 860 2521 ἀνατιθεὶς,
902 2455 971 2510 δι’
1000 2456 1029 2510 ὃ
1056 2456 1152 2529 καὶ
1184 2457 1429 2530 ψευδεῖς)
1468 2476 1483 2490 ’
1513 2459 1656 2515 οὕτω
1697 2461 1794 2517 καὶ
1835 2461 1931 2518 νῦν

2041 2452 2266 2529 νήθη.»
2303 2463 2369 2519 ad
2401 2462 2549 2531 illos,
2586 2478 2696 2518 non
2728 2459 2796 2516 ad
2826 2476 2887 2517 se
2917 2461 3158 2517 referens
3197 2456 3611 2529 resolutionem)
3652 2484 3661 2489 -

343 2545 588 2619 ψευδεῖς,
630 2547 682 2599 oi
725 2545 806 2616 τῷ
836 2546 1147 2620 Ναξωραίῳ
1188 2548 1281 2604 τὸν
1313 2547 1586 2619 Στέφανον
1631 2551 1934 2620 φάσκοντες

344 2640 447 2713 τὴν
482 2638 780 2695 κατάλυσιν
808 2641 904 2696 τοῦ
935 2642 1103 2711 νόμου
1142 2642 1239 2697 καὶ
1263 2642 1358 2696 τοῦ
1387 2642 1554 2696 τόπου
1597 2644 1930 2700 ἀνατιθέναι.

343 2731 463 2787 Καὶ
488 2731 652 2787 τοῦτο
694 2735 871 2788 ποιεῖν
922 2733 1096 2806 ἄνδρα
1133 2731 1462 2807 Ναζωραῖον
1492 2734 1734 2807 δηλονότι
1771 2737 1933 2791 αὐτο-

345 2825 518 2895 χειρὶ,
548 2826 644 2878 καὶ
662 2824 724 2879 οὐ
751 2825 883 2880 Θεὸν
914 2826 1009 2881 καὶ
1032 2825 1122 2882 διά
1163 2821 1490 2897 Ῥωμαϊκῶν
1533 2829 1931 2900 στρατοπέδων.

347 2916 435 2971 Τά
468 2914 526 2969 δὲ
557 2915 841 2981 Μωῢσέως
884 2916 981 2989 ῐθη
1017 2917 1300 2991 προδήλως
1348 2919 1379 2973 ό
1423 2919 1588 2985 αὐτὸς
1630 2920 1783 2987 Θεὸς,
1838 2922 1935 2976 καὶ

344 3005 442 3059 διὰ
492 3005 603 3060 τῶν
653 3007 820 3061 αὕτοῦ
878 3007 1137 3080 μαθητῶν
1187 3009 1282 3064 καὶ
1333 3010 1669 3080 ἀποστόλων,
1737 3013 1830 3066 επὶ
1873 3011 1935 3067 τὺ

346 3100 604 3169 κρεῖττον
634 3099 946 3172 ἡλλοίωσεν.
972 3102 1049 3156 Τὸ
1089 3101 1168 3170 δὲ,
1196 3105 1226 3157 ό
1274 3103 1616 3189 Ναζωραῖος,
1653 3106 1934 3162 ὀνειδιστι-

2035 2556 2110 2613 ita
2148 2564 2205 2613 et
2242 2570 2391 2611 nunc
2436 2554 2730 2610 mendaces
2780 2562 2911 2610 sunt
2954 2554 3050 2626 qui
3093 2549 3429 2623 Stephanum
3460 2551 3614 2606 aiunt

2033 2648 2170 2720 legis
2191 2663 2253 2703 ac
2273 2647 2375 2703 loci
2396 2645 2806 2702 demolitionem
2826 2644 3108 2700 Nazareno
3133 2641 3430 2698 attribuere
3445 2656 3471 2713 3
3506 2637 3617 2710 59

2036 2740 2294 2811 quodque
2321 2740 2406 2795 vir
2436 2739 2755 2794 Nazarenus
2799 2739 2918 2794 suis
2954 2736 3206 2792 videlicet
3242 2734 3499 2789 manibus
3528 2730 3614 2787 fa-
3646 2810 3651 2815 ι

2035 2839 2206 2896 ceret,
2239 2838 2295 2887 et
2330 2845 2441 2886 non
2484 2832 2629 2886 Deus
2658 2829 2821 2885 etiam
2865 2843 2961 2899 per
2996 2828 3275 2883 Romanos
3307 2823 3612 2880 exercitus.

2036 2923 2207 2980 Mosis
2228 2938 2361 2979 vero
2390 2922 2639 2978 instituta
2678 2920 2963 2976 manifeste
2995 2920 3137 2974 Deus
3163 2919 3279 2988 ipse
3309 2932 3403 2986 per
3441 2914 3614 2971 disci-

2037 3016 2200 3088 pulos
2246 3031 2378 3073 suos
2424 3026 2476 3072 et
2531 3016 2809 3089 apostolos
2884 3015 2944 3070 in
2986 3014 3182 3069 melius
3237 3009 3616 3067 commutavit.

2037 3109 2358 3191 Nazarenus
2405 3118 2585 3165 autem
2644 3107 3043 3165 contumeliose
3091 3102 3279 3160 dictus
3320 3110 3429 3158 est.
3477 3099 3613 3156 Nam

344 3192 486 3258 κῶς.
534 3192 809 3285 Στέφανος
840 3194 897 3248 δὲ
933 3194 1174 3266 οὐδαμοῦ
1217 3196 1541 3267 Ναζωραῖον
1593 3198 1785 3270 εῖρηκε
1840 3199 1934 3254 τὸν

2042 3198 2356 3271 Stephanus
2379 3213 2725 3271 nequaquam
2754 3194 3103 3250 Nazarenum
3142 3192 3280 3249 dixit
3309 3191 3615 3256 Christum,

345 3284 612 3356 Χριστὸν,
639 3287 688 3339 εί
720 3285 796 3358 μὴ
840 3286 891 3340 οί
933 3286 1204 3358 Ἐϐραίων
1236 3287 1514 3359 ἄρχοντες.
1548 3290 1720 3355 Αὐτὸς
1749 3290 1808 3345 δὲ
1841 3308 1933 3346 σε-

2038 3289 2134 3347 sed
2166 3288 2517 3345 Hebraeorum
2558 3287 2838 3359 principes
2870 3303 2885 3340 :
2914 3286 3032 3357 ipse
3070 3281 3440 3341 venerandam
3466 3295 3617 3338 sem-

348 3376 587 3449 δάσμιον
616 3378 707 3432 ἀεὶ⁸
730 3377 821 3432 τδν
850 3378 1090 3450 Χριστὸν
1118 3380 1212 3434 καὶ
1242 3380 1451 3435 δίκαιον
1499 3382 1605 3436 ὑπὸ
1635 3386 1933 3457 προφητῶν

2041 3398 2133 3453 per
2159 3381 2443 3438 Christum
2482 3393 2545 3434 ac
2575 3380 2785 3449 justum
2816 3392 2847 3433 a
2878 3374 3161 3448 prophetis
3186 3373 3595 3437 annuntiatum,

349 3467 891 3540 καταγγελλόμενον,
923 3470 1018 3525 καὶ
1045 3470 1401 3542 συμπαρόντα
1428 3472 1516 3527 ἀεὶ
1539 3472 1620 3545 τῷ
1661 3475 1801 3548 Θεῷ.
1845 3478 1938 3542 Ὦς

2035 3476 2258 3545 Deoque
2316 3488 2532 3543 semper
2579 3472 2716 3528 dixit
2784 3478 3078 3535 astantem,
3130 3466 3300 3523 veluti
3349 3466 3512 3521 etiam
3547 3479 3614 3520 ex

346 3558 509 3630 δῆλον
551 3561 652 3615 καὶ
686 3561 795 3615 ἀπὸ
831 3560 940 3616 τῶν
970 3563 1353 3635 προκειμένων
1393 3565 1563 3620 αὐτοῦ
1593 3567 1787 3636 λόγων.
1838 3564 1935 3634 Οἷς

2041 3567 2334 3641 propositis
2371 3566 2493 3636 ejus
2525 3564 2875 3622 sermonibus
2921 3562 3274 3616 manifestum
3320 3570 3426 3626 est,
3483 3574 3609 3642 cum

348 3650 450 3705 καὶ
478 3652 792 3725 συναπῆλθε
819 3653 914 3707 τοῦ
946 3653 1225 3727 μοχθηροῦ
1265 3655 1454 3711 τούτου
1483 3659 1586 3730 ζῇν
1621 3660 1934 3726 ἀπολυθείς.

356 3761 382 3798 ε
403 3743 717 3799 Καταλύσει
744 3745 837 3801 τὸν
857 3746 1020 3800 τόπον
1046 3746 1253 3801 τοῦτον.
1268 3766 1288 3801 ι
1312 3748 1489 3823 Πολλὴ
1518 3752 1628 3823 γὰρ
1658 3747 1726 3825 ἦν
1749 3753 1936 3818 αὐτοῖς

353 3836 616 3892 εὐλάὁεια
654 3840 784 3910 περὶ
810 3836 907 3892 τοῦ
933 3834 1086 3903 ναοῦ,
1116 3836 1211 3892 ἀτε
1237 3840 1331 3895 καὶ
1359 3844 1634 3911 μετοικεῖν
1666 3843 1933 3915 βουλομέ-

355 3949 490 3997 νοις.
534 3932 714 4003 Διπλῆ
751 3933 809 3987 δὲ
846 3934 1153 4005 κατηγορία
1200 3935 1250 3988 εί
1279 3932 1501 4007 ἀλλάξει
1543 3936 1612 3990 τὰ
1669 3937 1787 4009 ἔθη,
1842 3940 1937 3992 καὶ

354 4025 521 4099 ἕτερα
553 4024 881 4091 ἀντεισάξει.
922 4024 1292 4098 Προε6άλλετο
1335 4027 1395 4082 δὲ
1440 4029 1719 4099 πανταχοῦ
1748 4031 1776 4084 ό
1807 4030 1939 4085 Μω-

358 4122 481 4193 σῆς,
519 4119 707 4190 ἐπειδὴ
734 4119 804 4173 τὰ
831 4118 926 4173 τοῦ
959 4120 1097 4174 Θεοῦ
1128 4120 1189 4174 οὐ
1238 4120 1445 4192 σφόδρα
1477 4120 1705 4191 ἔμελλεν
1730 4121 1936 4191 αὐτοῖς,

355 4208 435 4274 ὡς
466 4208 537 4263 τὰ
567 4210 831 4276 Μωσέως.
879 4210 1066 4278 Οὕτως
1103 4211 1242 4277 ὅλως
1288 4211 1426 4279 ἔζων
1459 4213 1597 4286 πρὸς
1628 4215 1797 4287 μόνην
1839 4213 1939 4287 τὴν

356 4298 454 4355 τοῦ
477 4299 718 4373 πλήθους
744 4300 925 4370 δόξαν.

440 4492 459 4526 ι
486 4473 602 4530 Καὶ
644 4473 994 4540 ἀτενίσαντες
1037 4466 1119 4541 si;
1159 4476 1324 4531 αὐτὴν
1363 4476 1603 4543 ἅπαντες
1639 4478 1690 4533 οί
1714 4477 1942 4544 καθεζό-

2038 3636 2243 3730 quibus
2265 3671 2370 3713 una
2389 3653 2647 3711 discessit
2670 3653 2737 3708 ab
2761 3653 2862 3707 hac
2880 3650 2989 3705 vita
3011 3649 3279 3720 ﬂagitiosa
3304 3636 3614 3702 absolutus.

2044 3771 2065 3806 ι
2108 3750 2445 3808 Demolietur
2481 3747 2663 3803 locum
2712 3745 2883 3800 hunc.
2917 3762 2936 3796 ι
2987 3741 3191 3796 Multus
3232 3737 3503 3810 siquidem
3549 3734 3619 3790 de

2040 3839 2246 3911 templo
2272 3837 2382 3894 illis
2411 3844 2595 3893 metus
2623 3843 2761 3901 erat,
2795 3844 2856 3890 ut
2883 3832 2977 3906 qui
2999 3833 3164 3889 etiam
3202 3838 3428 3902 propter
3457 3826 3616 3892 illud,

2040 3932 2225 3989 locum
2268 3927 2628 3985 habitationis
2659 3933 2990 3984 mutassent.
3043 3924 3248 3994 Duplex
3282 3930 3464 3976 autem
3500 3925 3622 3975 erat

2051 4021 2333 4079 accusatio
2354 4038 2370 4076 :
2389 4018 2801 4090 quodinstituta
2829 4025 3139 4072 mutaturus
3159 4021 3326 4078 esset,
3354 4022 3407 4067 et
3427 4024 3619 4066 eorum

2040 4116 2164 4172 loco
2201 4114 2311 4170 alia
2353 4112 2705 4168 iuducturus.
2754 4109 2972 4180 Ubique
3013 4109 3178 4164 etiam
3220 4103 3622 4161 obtendebatur

2038 4211 2227 4267 Moses
2264 4223 2282 4262 :
2315 4203 2762 4278 quandoquidem
2808 4201 2902 4257 Dei
2936 4201 3140 4273 placita
3170 4213 3279 4253 non
3320 4210 3476 4265 seque
3513 4194 3623 4249 illis

2042 4312 2193 4356 curae
2233 4305 2392 4353 erant
2440 4300 2504 4350 ut
2563 4291 2703 4350 Mosi
2745 4308 2760 4346 :
2811 4291 2887 4348 ita
2925 4290 2995 4346 ad
3037 4289 3214 4346 solam
3250 4284 3622 4344 multitudinis

2042 4388 2299 4462 gloriam,
2326 4389 2495 4445 vitam
2524 4385 2752 4442 omnino
2783 4384 3108 4456 dirigebant.

2114 4477 2206 4544 Vl,
2239 4477 2341 4544 15;
2373 4475 2485 4541 VII,
2529 4473 2635 4529 1-2.
2670 4492 2690 4527 ι
2738 4473 2807 4530 Et
2864 4475 3142 4528 intuentes
3182 4485 3309 4528 eum
3375 4468 3617 4525 universi

367 4586 389 4620 ι
423 4585 575 4640 μενοι
611 4569 670 4622 ὲν
726 4568 807 4642 τῷ
866 4569 1146 4641 συνεδρίῳ,
1188 4566 1331 4625 εϊδον
1366 4571 1428 4625 τὸ
1455 4571 1748 4644 πρόσωπον
1771 4571 1936 4627 αὑτοῦ

2054 4591 2073 4625 ι
2112 4569 2207 4643 qui
2240 4568 2506 4625 sedebant
2556 4566 2615 4622 in
2664 4563 2917 4632 consilio,
2953 4563 3215 4620 viderunt
3262 4560 3460 4617 faciem
3496 4560 3618 4630 ejus

366 4677 389 4711 ι
425 4659 558 4714 ὡσεὶ
596 4658 890 4732 πρόσωπον
918 4659 1175 4731 ἀγγέλου.
1205 4658 1340 4717 Εἶπε
1373 4662 1434 4717 δὲ
1467 4664 1497 4718 ό
1524 4663 1837 4737 ἀρχιερεὺς,
1876 4663 1944 4720 El

370 4768 393 4805 ι
422 4751 530 4824 ἀρα
543 4752 719 4807 ταῦτα
749 4751 920 4818 οὕτως
941 4751 1089 4825 ἔχεις
1119 4752 1250 4810 Ὀδὶ
1283 4753 1443 4827 ἔφη.»

441 4952 460 4985 ι
484 4928 639 4988 Εἶδον
668 4933 730 4987 τδ
754 4934 1047 5006 πρόσωπον
1080 4933 1270 4989 αὐτοῦ.
1312 4952 1332 4988 ι
1366 4934 1555 5001 οὕτως
1609 4936 1727 4992 εστι
1754 4939 1847 4994 καὶ
1886 4941 1946 4994 ὲν

368 5025 613 5081 ἐλάττονι
668 5025 866 5098 βαθμῷ
913 5026 1067 5094 ὂντα,
1098 5025 1357 5099 ἐπίχαριν
1386 5027 1482 5081 καὶ
1516 5028 1770 5102 λαμπρὸν
1811 5030 1946 5103 ὁρᾶ-

368 5116 512 5172 σθαι.
546 5117 662 5171 Ἰνα
686 5113 780 5172 οὖν
804 5115 1085 5188 πληγῶσιν
1104 5110 1189 5181 οἷς
1219 5116 1442 5188 ἔμελλεν
1470 5119 1638 5191 ἐρεῖν,
1673 5121 1755 5193 τῷ
1779 5140 1948 5180 κατα.

367 5208 653 5281 πληκτικῷ
679 5208 774 5263 τοῦ
830 5207 1128 5281 προσώπου
1154 5209 1235 5273 είς
1271 5207 1332 5263 τδ
1360 5209 1469 5264 τῶν
1499 5209 1676 5280 λόγων
1703 5215 1947 5282 εὐπαρά-

366 5301 552 5356 δεκτον
592 5299 965 5373 προοιμιάζει.

440 5412 462 5446 ι
501 5393 729 5466 ¹Ἄνδρες
764 5392 981 5461 ἀδελφοὶ
1008 5393 1103 5446 καὶ⁵
1141 5392 1398 5463 πατέρες,
1417 5394 1707 5453 ἀκούσατε.
1743 5415 1763 5449 ι

440 5484 586 5550 Ὅρα
630 5483 797 5540 αὐτὸν
835 5485 937 5538 οὐκ
976 5484 1329 5556 ἐπιτρέχοντα
1368 5485 1448 5557 τῷ
1506 5487 1798 5556 διδάσκειν,
1830 5490 1946 5546 ἀλλ’

373 5577 813 5648 ἀναγκαζόμενον
839 5576 944 5629 ὑπὸ
974 5576 1082 5630 τῶν
1094 5574 1422 5646 ζητούντων.
1446 5578 1555 5633 Καὶ
1579 5579 1769 5651 ἐπειδὴ
1787 5581 1949 5654 ἐκρά-

374 5683 455 5723 τει
485 5670 565 5740 τῷ
594 5670 741 5741 λόγῳ
766 5670 861 5722 καὶ
891 5671 1004 5732 τοῖς
1039 5670 1311 5740 σημείοις,
1331 5668 1607 5742 ἀφόρητος
1640 5667 1711 5744 ἦν
1739 5674 1946 5741 αὐτοῖς..

440 5850 487 5883 ⁸⁸
508 5849 679 5907 Matth
732 5848 996 5917 νίψει.
1074 5848 1296 5906 "Joan.
1340 5864 1402 5919 ιι,
1438 5851 1524 5908 19.

2054 4682 2074 4718 ι
2117 4659 2377 4733 tanquam
2446 4658 2643 4715 faciem
2693 4654 2893 4728 angeli.
2943 4652 3091 4709 Dixit
3142 4662 3325 4709 autem
3372 4651 3625 4722 princeps

2053 4775 2075 4813 ι
2108 4754 2493 4814 sacerdotum:
2527 4749 2669 4807 Num
2715 4749 2832 4811 haec
2874 4750 2951 4805 ita
3007 4762 3068 4804 se
3126 4745 3371 4802 habent?
3406 4745 3477 4799 At
3534 4743 3627 4798 ille

2054 4868 2075 4904 ε
2106 4851 2208 4904 ait.
2240 4865 2259 4899 ι

2125 4956 2146 4993 ι
2178 4934 2656 4995 Videruntfaciem
2680 4932 2816 5004 ejus.
2844 4950 2863 4985 ι
2897 4930 2976 4985 ita
2998 4928 3443 5000 contingitetiam
3472 4926 3624 4981 illum

2047 5033 2142 5106 qui
2172 5033 2230 5087 in
2258 5028 2510 5087 inferiori
2536 5026 2707 5100 gradu
2742 5032 2827 5080 est
2849 5021 3154 5094 gratiosum
3187 5035 3252 5076 ac
3275 5020 3626 5092 splendidum

2054 5124 2252 5181 videri.
2308 5121 2386 5178 Ut
2430 5134 2564 5192 ergo
2618 5115 2967 5174 sermonibus
3014 5128 3156 5185 quos
3214 5113 3466 5168 dicturus
3511 5120 3626 5164 erat

2048 5219 2561 5277 consternarentur,
2586 5224 2615 5264 a
2644 5208 2802 5265 faciei
2823 5217 3194 5277 stupore,quo
3215 5204 3431 5258 facilius
3463 5203 3626 5257 verba

2048 5310 2169 5382 ejus
2195 5305 2562 5376 excipiantur,
2588 5301 2757 5357 sumit
2787 5298 3094 5355 exordium.

2127 5422 2145 5455 ι
2178 5399 2296 5456 Viri
2323 5398 2525 5454 fratres
2546 5406 2600 5453 et
2622 5405 2836 5465 patres,
2868 5390 3071 5446 audite.
3107 5406 3127 5442 ι

2121 5492 2257 5548 Vide
2291 5489 2433 5562 quod
2484 5502 2542 5544 se
2580 5486 2647 5542 ad
2674 5483 2985 5541 docendum
3030 5494 3141 5534 non
3185 5475 3498 5540 inseruerit,
3532 5473 3629 5528 sed

2059 5588 2129 5643 ab
2153 5586 2241 5640 his
2268 5585 2361 5654 qui
2387 5585 2866 5651 interrogaverunt
2905 5584 3133 5633 coactus
3160 5573 3251 5628 sit.
3282 5571 3348 5625 Et
3369 5569 3630 5639 quoniam

2063 5681 2243 5739 verbis
2289 5693 2353 5736 ac
2395 5678 2571 5751 signis
2623 5674 2903 5743 vincebat,
2946 5667 3308 5727 intolerabilis
3356 5664 3436 5720 eis
3484 5669 3628 5719 erat.
