4058 6574
472 377 568 443 131

1538 373 1939 436 (ECUMENII
1978 372 2269 434 TRICCJE
2291 374 2631 435 EPISCOPI

3637 371 3734 437 1‘32

466 494 688 550 Falsum
729 490 881 550 vero'
910 485 1287 547 testimonium
1344 489 1600 547 mercede
1640 488 2040 545 conductorum

2167 488 2220 541 ἸΙ
2245 487 2301 541 δὲ
2324 487 2768 560 ψευδομαρτυρίαι
2795 487 2902 541 τῶν
2935 487 3316 557 μισθωθέντων
3343 485 3617 559 είσήγετο,
3644 488 3729 543 ῖνα

467 588 753 643 inductum
793 593 902 650 est,
945 600 1013 642 ne
1059 585 1319 640 violentia
1380 584 1433 637 in
1509 584 1731 653 negotio
1774 583 2049 638 suboleat.

470 679 755 748 Siquidem
803 676 972 731 Deum
1004 691 1117 730 non
1167 674 1462 737 timebant,
1494 675 1589 729 sed
1635 675 1703 729 ad
1754 673 2044 728 hominum

469 770 699 842 gloriam
748 767 1141 837 reapiciebaut.
1191 765 1287 822 Est
1338 774 1522 820 autem
1558 780 1686 820 vero
1719 765 1941 835 sapiens
1983 778 2048 818 ac

472 861 640 915 animi
696 859 1074 929 magnitudine
1128 860 1350 929 plenum
1400 857 1712 915 exordium.
1760 856 2053 911 Nominum

471 954 672 1008 etenim
705 952 1036 1022 proprietate
1063 950 1449 1006 demonstrare
1489 951 1728 1006 intendit
1754 949 2044 1020 prudentis

473 1061 581 1100 non
623 1060 761 1107 esse,
799 1043 1128 1113 injuriosum
1154 1044 1462 1114 quidpiam,
1492 1052 1587 1098 aut
1617 1042 1761 1114 quod
1792 1044 2053 1098 damnum

476 1139 665 1192 afferat
698 1138 962 1192 adversus
987 1136 1186 1192 fratres
1212 1152 1275 1192 ac
1304 1146 1489 1207 patres
1512 1137 1771 1193 inducere
1815 1152 1827 1189 :
1856 1137 1909 1192 id
1952 1152 2056 1191 au-

475 1240 582 1283 tem
608 1230 800 1284 aﬂ‘crre
829 1230 971 1298 quod
1004 1238 1057 1284 et
1083 1230 1312 1299 gloriam
1343 1230 1493 1284 novit
1524 1240 1576 1284 et
1607 1229 1816 1285 lucrum
1842 1245 2053 1300 parere,

477 1323 581 1377 hoc
611 1324 832 1377 demum
863 1323 968 1375 viri
1026 1331 1110 1377 est
1148 1329 1345 1376 natura
1382 1321 1642 1385 absoluti,
1673 1307 1876 1392 quiqu‘e
1907 1321 2059 1376 salu-

477 1412 632 1467 tifere
653 1413 718 1467 ad
750 1427 843 1467 eos
872 1412 1113 1482 loquitur
1145 1412 1207 1466 ad
1236 1427 1374 1482 quos
1403 1412 1860 1468 estsermo.Atde
1879 1412 2055 1475 vobis,

474 1502 673 1572 inquit,
712 1503 846 1556 nihil
879 1503 987 1557 tale
1022 1503 1234 1572 concipi
1263 1509 1476 1571 potest:
1509 1502 1656 1574 quod
1692 1501 1839 1555 enim
1896 1516 2061 1556 voca-

476 1592 642 1646 tionis
669 1590 901 1645 fratrum
928 1606 990 1644 ac
1016 1600 1230 1660 patrum
1253 1591 1385 1644 mihi
1417 1590 1560 1645 facta
1587 1592 1658 1647 sit
1682 1591 1793 1661 60
1830 1592 2056 1660 mentio,

477 1685 531 1738 in
558 1685 901 1739 contrarium
939 1683 1104 1754 hujus
1127 1695 1307 1738 actum
1339 1694 1445 1750 est,
1490 1699 1614 1739 cum
1668 1700 1764 1739 vos
1797 1692 2057 1754 tanquam

475 1774 786 1830 communis
822 1783 1028 1828 natura:
1060 1773 1261 1828 oblitos
1296 1774 1600 1843 procedere
1629 1772 2058 1827 animadvertant

2159 581 2233 650 μὴ
2268 578 2393 650 δόξῃ
2422 578 2479 631 τὸ
2505 581 2736 650 πρᾶγμα
2763 577 2999 648 ἐπήρεια
3030 573 3193 631 εἶναι.
3219 576 3322 631 Τὸν
3349 576 3448 649 μὲν
3470 578 3579 650 γὰρ
3606 579 3736 635 Θεὸν

2154 671 2254 722 οὐκ
2288 668 2606 737 ἐφοϐοῦντο,
2661 670 2797 740 πρὲις
2852 669 2909 723 δὲ
2959 669 3058 740 τὴν
3105 669 3214 721 τῶν
3252 668 3557 740 ἀνθρώπων
3581 670 3737 736 δόξαν

2158 758 2478 814 ἐπέϐλεπον.
2547 760 2717 828 Σοφὸν
2763 761 2818 814 δὲ
2869 760 2946 831 τῷ
2975 761 3090 813 δντι
3128 762 3221 813 καὶ
3253 761 3738 834 μεγαλοφροεύνης

2160 851 2357 921 μεστὸν
2385 851 2446 905 τὸ
2476 852 2786 923 προοίμιον.
2815 854 2892 924 Τῇ
2923 853 3034 925 γὰρ
3062 853 3179 907 τῶν
3211 854 3493 926 ὀνομάτων
3522 856 3738 910 οἰκειώ-

2159 959 2241 996 σει
2279 941 2528 1013 βούλεται
2562 945 2858 1015 παριστᾷν,
2912 945 2988 1008 ὡς
3018 944 3154 1015 πρὸς
3198 946 3325 1008 τοὺς
3353 946 3614 1016 ἀδελφοὺς
3643 948 3740 1001 καὶ

2158 1036 2402 1105 πατέρας
2434 1036 2748 1107 ὑϐριστικόν
2768 1054 2819 1090 τι
2840 1039 2933 1091 καὶ
2960 1038 3250 1110 ἐπιζήμιον
3275 1038 3614 1111 εἰσηγεῖσθαι
3642 1040 3741 1093 οὐκ

2158 1123 2445 1194 ἔμφρονος.
2491 1124 2684 1178 ’Λλλ’ὂ
2735 1126 2828 1179 καὶ
2874 1124 3033 1191 δόξαν
3082 1122 3189 1179 οἶδε
3235 1128 3327 1180 καὶ
3356 1129 3543 1200 κέρδος
3586 1146 3742 1201 περιο

2160 1217 2355 1281 ποιεῖν,
2392 1217 2585 1286 ἀνδρὸς
2610 1218 2769 1272 τοῦτο
2828 1219 2928 1289 τὴν
2972 1219 3136 1288 φύσιν
3175 1220 3615 1292 ὲξακριϐοὖντος,
3646 1222 3741 1274 καὶ

2162 1307 2448 1378 σωτηρίως
2475 1312 2586 1374 τοῖς
2627 1311 2763 1381 πρὸς
2801 1310 2892 1375 οὓς
2943 1313 2971 1363 ὀ
3019 1312 3178 1380 λόγος
3234 1312 3739 1383 ἀποφθεγγομένου.

2174 1398 2313 1452 Ἀλλ’
2339 1401 2422 1470 ἐφ’
2447 1401 2597 1471 ὑμῖν,
2624 1403 2811 1473 φησὶν,
2846 1403 3003 1455 οὐδὲν
3038 1403 3155 1456 ἔστι
3184 1405 3394 1486 τοιοςτο
3435 1407 3741 1459 κατανοεῖν.

2164 1491 2341 1561 Ὅπερ
2370 1493 2477 1564 γὰρ
2507 1494 2679 1564 ἐμοὶή
2706 1494 2813 1546 τῶν
2836 1494 3077 1564 ἀδελφῶν
3107 1496 3199 1548 καὶ
3219 1497 3475 1567 πατέρων
3507 1496 3745 1549 ὑποϐἀὲ-

2162 1583 2311 1637 λεται
2342 1584 2551 1654 κλῆσις,
2585 1585 2915 1650 ἁπεναντίας
2934 1587 3144 1652 τούτου,
3171 1588 3358 1659 ὥσπερ
3380 1588 3745 1659 ἐπιλελησμέ-

2163 1694 2289 1742 νους
2313 1679 2413 1745 τῆς
2444 1679 2629 1749 κοινῆς
2670 1679 2887 1747 φύσεως
2918 1681 3235 1752 χωροῦντας
3255 1683 3398 1751 ὑμᾶς
3424 1681 3745 1751 ἀναθεωρῶ.

2163 1768 2256 1823 τοῦ
2319 1770 2455 1843 πρὸς
2504 1773 2651 1841 ἡμᾶς
2694 1772 3012 1843 ἁδιακρίτου
3060 1774 3272 1844 μίσους,
3326 1775 3749 1845 παρειδιικιμεῖν

478 1867 779 1922 indisercto
815 1882 945 1938 erga
976 1882 1076 1922 nos
1133 1866 1283 1932 odio,
1323 1865 1467 1937 quod
1502 1880 1597 1921 vos
1655 1864 1866 1920 inducit
1892 1864 1959 1919 ad
1992 1880 2056 1919 ea

2167 1841 2521 1934 ἐμποιοῦντος
2553 1863 2681 1932 ὑμῖν
2728 1864 2823 1917 καὶ
2866 1841 2949 1919 γτὰ
2985 1841 3119 1936 προς
3150 1866 3304 1921 θείαν
3339 1841 3512 1939 ῥοπὴν
3546 1841 3749 1936 ἀναγο-

476 1974 694 2028 quoque
730 1958 1326 2029 prmtcrgrcdiendnm,
1362 1972 1483 2027 quae
1536 1955 1601 2011 ad
1637 1956 1876 2011 divinam
1917 1954 2057 2009 refe-

476 2056 675 2104 runtur
697 2048 1017 2119 potentiam.
1042 2047 1177 2102 Nam
1214 2059 1271 2102 ut
1299 2058 1495 2103 caetera
1526 2049 1808 2111 omittam,
1857 2047 2052 2101 horum

475 2143 632 2197 vobis
672 2141 991 2196 memoriam
1030 2156 1286 2212 suggero,
1320 2155 1441 2210 quae
1461 2154 1567 2193 non
1594 2138 1712 2194 sine
1743 2137 1927 2192 divina
1962 2143 2056 2207 p'o-

476 2236 647 2289 tentia
704 2235 865 2288 ﬁncm
929 2235 1262 2299 sortiuntur,
1318 2233 1626 2303 signorum,
1692 2231 1938 2301 inquam,
1994 2244 2058 2283 ac

476 2325 850 2398 prodigiorum
898 2342 997 2397 per
1048 2342 1153 2381 nos
1198 2326 1499 2392 editorum,
1565 2340 1803 2396 quorum
1857 2332 1912 2379 et
1960 2338 2058 2376 vos

478 2428 647 2474 testcs
672 2420 829 2484 estis,
873 2434 995 2489 qua:
1036 2433 1148 2472 non
1191 2419 1298 2473 alio
1334 2417 1495 2473 modo
1547 2432 1872 2488 prosperum
1904 2415 2063 2470 sorti-

479 2519 677 2563 rentur
727 2509 1000 2565 ellectuin.
1056 2508 1166 2565 Sed
1228 2517 1520 2581 postquam
1563 2509 1903 2578 Stephanum
1966 2521 2062 2576 per

479 2599 712 2654 fratrum
766 2615 829 2656 ac
877 2612 1091 2673 patrum
1145 2602 1606 2673 appellationem,
1657 2600 1773 2655 haec
1825 2599 2063 2654 obscure

2169 1972 2327 2027 μενα.
2364 1956 2478 2009 Ἵνα
2501 1954 2608 2023 γὰρ
2627 1955 2672 2008 τ’
2695 1955 2831 2011 ἄλλοι
2854 1959 3035 2027 ἀφεὶς,
3063 1959 3163 2028 τὴν
3180 1959 3382 2011 τούτων
3404 1960 3534 2028 ὑμῖν
3562 1958 3749 2012 ἅναθῶ

2168 2045 2410 2116 μνήμην,
2442 2045 2476 2101 ἃ
2504 2047 2651 2113 θείας
2685 2050 2785 2102 οὐκ
2827 2050 3031 2120 ἄμοιρα
3072 2050 3224 2114 τέλος
3257 2048 3426 2104 θεῖναι
3456 2051 3648 2123 ῥοπῆς,
3678 2054 3751 2105 τὰ

2164 2133 2233 2187 δι’
2289 2136 2446 2205 ἡμῶν
2495 2155 2639 2208 φημι
2703 2142 2903 2210 σημεῖα
2946 2141 3042 2195 καὶ
3096 2143 3322 2213 τέρατα,
3357 2135 3433 2203 ὧν
3468 2145 3561 2196 καὶ
3590 2144 3751 2214 ὑμεῖς

2169 2224 2468 2300 μάρτυρες,
2535 2232 2635 2284 οὐκ
2682 2232 2857 2296 ἄλλως
2909 2230 3251 2305 ἐνεργεῖσθαι
3288 2235 3749 2307 κατευοδοὺμενα.

2179 2320 2340 2374 Ἀλλὰ
2382 2321 2553 2378 ταῦτα
2602 2324 2688 2378 διὰ
2741 2326 2839 2396 τῆς
2884 2325 2992 2378 τῶν
3058 2326 3305 2395 ἀδελφῶν
3351 2328 3443 2380 καὶ
3494 2329 3752 2400 πατέρων

2168 2412 2589 2485 ὖπαινιξάμενον
2615 2414 2859 2486 κλήσεως
2884 2418 3155 2488 Στέφανον
3171 2422 3579 2492 κατειληφότες,
3620 2438 3751 2476 σκο-

2169 2504 2359 2574 πῶμεν
2386 2505 2487 2577 ἤδη
2516 2507 2611 2559 καὶ
2658 2506 2724 2558 τὰ
2780 2506 2915 2575 πρὸς
2945 2507 3156 2573 τούτοις
3187 2508 3259 2562 οὗ
3285 2511 3428 2565 κατὰ
3462 2511 3523 2565 τὸ
3562 2511 3748 2583 τυχὸν,

2170 2593 2304 2648 ἀλλὰ
2331 2595 2469 2666 μετὰ
2494 2594 2698 2665 πολλῆς
2727 2596 2956 2667 κείμενα
2976 2598 3074 2669 τῆς
3103 2599 3287 2653 ἐνθέου
3322 2602 3537 2672 σοφίας.

479 2690 855 2761 designanleut
889 2693 1296 2759 comperimus:
1347 2708 1496 2749 nunc
1525 2694 1694 2749 etiam
1736 2690 2158 2747 consideremus
2224 2703 2347 2759 qua:
2389 2688 2478 2745 bis
2524 2688 2711 2744 addita
2788 2697 2917 2745 sunt
2962 2706 3072 2746 non
3144 2694 3351 2766 vulgari
3416 2687 3599 2763 motio,
3649 2696 3752 2750 sed
3834 2675 3841 2685 ’

480 2798 603 2836 cum
641 2797 837 2852 magna
858 2798 922 2839 ac
954 2784 1225 2840 divinitus
1260 2783 1438 2839 amata
1471 2784 1764 2855 sapientia.

552 2874 664 2938 Vll,
721 2877 843 2932 2—5.
914 2876 1058 2933 Deus
1111 2880 1301 2948 gloriae
1357 2878 1611 2947 apparuit
1669 2877 1811 2949 patri
1864 2883 2056 2932 nostro

489 2982 506 3012 ι
541 2963 863 3030 Abraham,
915 2980 1039 3020 cum
1107 2977 1255 3022 esset
1299 2967 1354 3022 in
1408 2966 1823 3037 Mesopotamia,
1877 2967 2058 3037 prius-

486 3072 507 3106 ο
544 3070 705 3124 quam
762 3055 1036 3110 habitaret
1063 3057 1115 3111 in
1160 3058 1428 3122 Charran,
1489 3057 1735 3129 dixitque
1784 3057 1853 3113 ad
1883 3072 2005 3113 cum
2041 3073 2055 3109 :

2242 2890 2264 2924 ‹
2314 2871 2374 2924 ’0
2436 2871 2568 2935 Θεὸς
2628 2871 2727 2943 τῆς
2783 2872 2941 2944 δοςης
3015 2873 3171 2945 ὤφθη
3239 2875 3317 2947 τῷ
3367 2881 3533 2950 πατρὶ
3592 2882 3754 2951 ἡμῶν

2172 2980 2192 3015 ι
2244 2961 2495 3033 Ἀϐραὰμ
2513 2962 2629 3017 ὄντι
2660 2963 2719 3016 ἐν
2739 2966 2805 3034 τῇ
2836 2966 3256 3039 Μεσοποταμίᾳ,
3283 2970 3466 3040 πρὶνῆ
3492 2974 3754 3043 κατοικῆ-

2172 3073 2193 3107 ι
2233 3072 2322 3110 σαι
2350 3053 2513 3108 αὐτὸν
2537 3056 2593 3109 ὲν
2623 3055 2872 3127 Χαρρὰν,
2890 3057 2985 3111 καὶ
3005 3053 3121 3111 εἷπε
3154 3060 3291 3131 πρὸς
3319 3061 3503 3115 αὐτόν·
3524 3062 3751 3130 Ἔξελθε

487 3164 507 3197 ι
549 3144 819 3216 Egredere
856 3148 924 3203 de
972 3157 1119 3203 terra
1168 3157 1260 3203 tua
1295 3157 1350 3205 et
1399 3150 1467 3205 de
1494 3151 1825 3222 cognatione
1856 3158 1971 3215 tua,
2006 3154 2059 3205 et

2174 3166 2193 3200 ι
2229 3149 2298 3201 ἐκ
2326 3146 2427 3217 τῆς
2449 3147 2554 3216 γῆς
2586 3162 2702 3213 σου,
2749 3148 2843 3201 καὶ
2891 3150 2957 3202 ὲκ
2996 3150 3095 3219 τῆς
3145 3152 3466 3220 συγγενείας
3498 3171 3612 3218 σου,
3655 3158 3753 3208 καὶ

487 3257 506 3292 σ
549 3241 669 3295 veni
699 3241 755 3294 in
782 3250 981 3295 terram
1012 3255 1401 3311 quamcunque
1432 3240 1727 3297 ostendero
1754 3240 1875 3295 tibi.
1905 3239 2060 3296 Tunc

488 3350 507 3383 ι
549 3347 807 3404 egressus
830 3323 1074 3388 de'terra
1107 3328 1487 3390 Cbaldmorum
1514 3333 1780 3388 habitavit
1806 3332 1858 3386 in
1889 3330 2059 3386 Char-

487 3441 508 3476 ι
543 3439 645 3479 ran
695 3443 708 3479 :
742 3436 794 3480 et
830 3425 978 3490 inde,
1005 3436 1297 3497 postquam
1328 3434 1583 3480 mortuus
1616 3432 1703 3480 est
1732 3433 1886 3495 pater
1912 3424 2057 3493 ejus,

489 3533 508 3567 ι
544 3515 832 3587 transtulit
871 3530 996 3570 eum
1035 3516 1085 3569 in
1120 3523 1324 3570 terram
1372 3516 1537 3582 hanc,
1579 3514 1633 3569 in
1659 3528 1765 3585 qua
1790 3529 1887 3570 vos
1918 3529 2064 3569 nunc

489 3625 507 3657 ι
548 3606 834 3673 habitatis,
863 3616 918 3661 et
949 3620 1061 3661 non
1093 3606 1242 3661 dedit
1274 3606 1351 3661 illi
1383 3607 1759 3663 haereditatem
1792 3606 1847 3660 in
1872 3620 1958 3673 ea,
1993 3620 2063 3663 ne

488 3718 509 3752 ι
545 3699 835 3769 vestigium
867 3697 1089 3768 quidem
1120 3697 1295 3768 pedis.
1335 3717 1355 3751 ι

562 3789 693 3847 Vide
733 3802 790 3846 et
834 3791 925 3845 hic
965 3789 1243 3862 quomodo
1295 3790 1484 3846 statim
1531 3790 1603 3846 ab
1644 3789 1875 3846 exordio
1923 3787 2065 3844 tollit

482 3897 672 3939 eorum
707 3882 966 3953 gloriam,
992 3880 1282 3937 referendo
1313 3869 1542 3953 gloriam
1569 3896 1678 3937 non
1708 3880 2062 3951 adltemplum

484 3991 664 4045 neque
697 3974 766 4030 ad
794 3983 1034 4046 gentem,
1072 3974 1170 4031 sed
1203 3973 1273 4029 ad
1305 3973 1485 4045 solum
1521 3972 1714 4029 Deum.
1750 3971 1888 4027 Nam
1917 3972 2063 4042 quod

485 4067 582 4132 ait,
613 4066 754 4121 Deus
803 4066 1007 4137 gloria,
1042 4065 1183 4121 idem
1212 4075 1295 4122 est
1326 4065 1469 4141 acsi
1521 4064 1734 4120 dictum
1780 4065 1877 4130 sit,
1923 4063 2065 4118 Deus

485 4156 844 4230 gloriﬁcatus.
886 4154 987 4209 llic
1042 4164 1225 4209 autem
1286 4153 1430 4209 Deus
1487 4152 1828 4225 gloriﬁcatus
1872 4159 1957 4208 est
2000 4166 2067 4207 eo

485 4246 634 4318 quod
689 4246 737 4300 is
787 4245 880 4314 qui
918 4260 983 4300 ex
1022 4243 1298 4314 perplexis
1331 4257 1396 4297 ac
1418 4240 1734 4297 diﬂicilibus
1775 4240 2066 4297 commoda

486 4334 619 4389 facit
650 4345 701 4389 et
726 4332 933 4400 facilia,
963 4339 1129 4403 atque
1156 4348 1221 4389 ex
1257 4332 1513 4402 ingloriis
1549 4331 1729 4387 reddit
1761 4330 2058 4403 gloriosos,

487 4424 657 4480 etiam
695 4438 796 4479 nos
821 4424 958 4478 tales
989 4422 1205 4478 eilicict.
1241 4421 1524 4493 Siquidem
1552 4423 1645 4492 qui
1674 4422 1941 4477 immensa
1975 4438 2064 4479 sa-

2166 3257 2185 3290 r
2223 3237 2382 3311 δεῦρο
2414 3240 2495 3302 είς
2520 3238 2644 3307 γῆν,
2674 3238 2740 3310 ῆν
2757 3239 2951 3311 ἄνισοι
2989 3240 3172 3308 δείξω.
3210 3243 3341 3296 Τότε
3396 3244 3625 3310 ἐξελθὼν
3684 3247 3753 3300 ἐκ

2168 3354 2186 3383 ι
2225 3330 2329 3401 γῆς
2364 3331 2674 3395 Χαλδαίων,
2728 3333 3048 3404 κατῴκησεν
3084 3338 3144 3389 ὲν
3190 3334 3436 3407 Χαρράν.
3477 3339 3754 3393 Κάκεῖθεν

2168 3441 2188 3474 ι
2226 3422 2367 3493 μετὰ
2408 3423 2468 3475 τὸ
2511 3421 2804 3477 ἀποθανεῖν
2840 3425 2933 3478 τὸν
2980 3427 3191 3497 πατέρα
3241 3429 3408 3482 αὐτοῦ
3445 3429 3753 3502 μετῴκισεν

2170 3532 2189 3564 ι
2225 3511 2385 3565 αὐτὸν
2415 3511 2613 3583 εἰςτὴν
2646 3511 2751 3582 γῆν
2784 3512 2990 3586 ταύτην
3014 3518 3096 3580 είς
3120 3518 3186 3587 ἣν
3229 3519 3386 3589 ὑμεῖς
3424 3518 3519 3573 νῦν
3561 3538 3755 3575 κατοι-

2171 3619 2189 3652 ι
2233 3604 2403 3655 κεῖτε.
2429 3601 2540 3654 Καὶ
2561 3602 2666 3654 οὐκ
2695 3600 2895 3657 ἔδωκεν
2921 3603 3071 3675 αὐτῷ
3098 3606 3462 3679 κληρονομίαν
3491 3610 3548 3663 ὲν
3582 3611 3747 3683 αὐτῇ,

2170 3712 2190 3747 ι
2232 3693 2353 3748 οὐδὲ
2382 3692 2534 3765 βῆμα
2559 3692 2737 3756 ποδός.
2780 3712 2801 3746 ι

2237 3786 2383 3857 Ὅρα
2420 3783 2700 3840 κάνταῦθα
2732 3784 2851 3849 πῶς
2892 3786 2957 3840 lx
2996 3787 3299 3859 προοιμίων
3332 3789 3430 3862 τὴν
3458 3790 3618 3859 δόξαν
3652 3794 3753 3846 αὐ-

2164 3878 2273 3933 τῶν
2304 3878 2577 3950 καθαιρεῖ,
2629 3878 2729 3951 τὴν
2755 3879 2915 3946 δόξαν
2971 3881 3035 3934 οὐ
3097 3880 3178 3953 τῷ
3225 3882 3445 3952 vadith
3491 3884 3567 3955 τῷ
3604 3885 3752 3941 ἔθνει

2166 3971 2458 4035 ἀνατιθεὶς,
2482 3970 2614 4025 ἀλλὰ
2630 3972 2776 4044 μόνῳ
2793 3972 2930 4043 Θεῷ.
2950 3974 3166 4047 rem,
3178 3993 3196 4024 ι
3215 3976 3243 4027 ὁ
3264 3976 3396 4042 Θεὸς
3412 3979 3510 4048 τῆς
3525 3978 3706 4048 δόξης,
3724 3999 3746 4032 ι

2167 4065 2287 4119 ἀντὶ
2312 4064 2430 4128 τοῦ,
2482 4066 2510 4118 ὁ
2534 4065 2939 4134 δεδοξασμένος,
2982 4068 3220 4138 εἴρηται,
3248 4067 3401 4132 Θεός.
3438 4062 3609 4136 Οὗτος
3633 4071 3690 4125 δὲ
3720 4074 3751 4124 ὁ

2168 4158 2580 4229 δεδοξᾳσμένος,
2640 4158 2701 4223 ἐξ
2757 4158 3057 4230 ἀμηχάνων
3117 4163 3402 4232 εὐμήχανα
3429 4163 3611 4246 δρῶν,
3653 4168 3751 4219 καὶ

2167 4250 2293 4312 τοὺς
2323 4250 2553 4319 ἀτίμους
2587 4250 2839 4321 ἐντίμους
2873 4252 3065 4316 ποιῶν,
3095 4254 3197 4307 καὶ
3234 4256 3385 4325 ἡμᾶς
3420 4260 3654 4327 ποιήσει.
3687 4259 3750 4313 Ὁ

2168 4341 2274 4414 γὰρ
2307 4343 2420 4405 τοῖς
2447 4341 2507 4406 ἐξ
2560 4340 2755 4405 αἰῶνος
2807 4342 3076 4412 ἀμηχάνῳ
3104 4343 3416 4415 ἀνθρώποις
3440 4349 3599 4419 σοφίᾳ
3633 4348 3752 4401 au-

2168 4431 2492 4498 ταξάμενος,
2536 4424 2693 4495 οὗτος
2752 4434 2959 4495 ἐκεῖνος
3002 4433 3119 4498 νῦν,
3181 4437 3246 4488 τὰ
3283 4424 3509 4503 sagum
3537 4439 3751 4504 τούτοις

487 4502 1040 4588 pianda—hominibus
1084 4529 1116 4568 a
1143 4515 1347 4571 saeculo
1414 4514 1726 4584 imperavit,
1773 4514 1919 4571 idem
1946 4515 2059 4586 ipse

2167 4524 2425 4594 ἀμήχανα
2438 4524 2542 4581 ,ἐπὶ
2565 4522 2629 4576 τὺ
2648 4523 2954 4594 εὐμήχανον
2980 4522 3239 4595 προάγειν
3264 4526 3605 4598 βεϐούληται.
3637 4502 3751 4582 Καί

489 4624 637 4664 nunc
667 4623 732 4664 ea
781 4622 905 4679 qua:
936 4607 1023 4662 his
1054 4608 1171 4663 visa
1204 4617 1333 4664 sunt
1360 4607 1748 4678 impossibilia,
1784 4606 1854 4662 ad
1887 4606 2061 4663 facili-

487 4710 652 4761 tatem
688 4700 988 4771 perducere
1029 4700 1225 4755 voluit.
1280 4698 1456 4769 thue
1492 4699 1594 4755 hoe
1645 4700 1737 4755 ﬁat
1777 4700 2061 4765 credibile,

488 4792 760 4845 Abraham
809 4792 1040 4862 ejusque
1088 4791 1317 4846 historia
1369 4791 1424 4844 in
1461 4791 1699 4845 medium
1748 4791 2060 4857 adducitur,

489 4884 584 4952 qui
618 4898 727 4937 non
781 4883 838 4937 in
877 4883 1107 4953 templo,
1157 4896 1267 4938 non
1302 4898 1398 4954 per
1428 4883 1660 4947 hostias,
1714 4883 1811 4939 Dei
1843 4883 2065 4959 appariv

490 4975 693 5029 tionem
726 4981 922 5030 nactus
960 4982 1047 5030 est
1077 4991 1200 5030 cum
1229 4975 1285 5030 in
1325 4974 1715 5046 Mesopotamia
1740 4983 1907 5032 esset.
1939 4975 2066 5032 [an

489 5073 667 5118 autent
700 5062 930 5135 profert,
957 5065 1120 5119 veluti
1147 5064 1259 5135 jam
1295 5064 1504 5121 dictum
1544 5073 1650 5131 est,
1678 5066 2067 5124 demonstrans

492 5156 659 5209 Deum
712 5158 1036 5227 gloriosum.
1086 5159 1233 5227 quod
1284 5160 1339 5214 in
1374 5160 1483 5215 illis
1527 5160 1680 5225 fecit,
1714 5176 1876 5231 posse
1903 5172 1957 5217 et
2012 5163 2065 5217 in

492 5250 654 5301 nobis
710 5247 911 5313 facere,
967 5250 1224 5318 quodque
1281 5251 1554 5305 occultum
1589 5263 1672 5308 est
1711 5252 2065 5308 manifestum

491 5341 847 5397 constituere.
900 5343 1064 5412 Atqui
1108 5358 1233 5398 cum
1265 5345 1448 5399 multa:
1499 5347 1752 5402 nationes
1796 5361 1860 5402 ae
1912 5362 2068 5417 reges

490 5430 679 5486 dolose
707 5447 829 5485 cum
852 5432 1128 5487 Abraham
1163 5433 1393 5505 ejusque
1424 5437 1633 5493 semine
1664 5436 2067 5506 congrederen-

492 5532 602 5585 tur,
673 5522 747 5575 illi
789 5523 1011 5591 quidem
1045 5524 1112 5578 ad
1174 5526 1407 5580 nihilum
1466 5528 1672 5584 redacti
1730 5539 1880 5593 sunt,
1920 5527 2065 5598 quod

491 5622 670 5669 autem
697 5614 975 5682 humilius,
1017 5614 1215 5670 factum
1241 5626 1325 5673 est
1352 5618 1658 5676 sublimius.
1689 5619 1744 5675 Si
1780 5634 1908 5689 ergo
1928 5618 2068 5675 Deus

502 5707 678 5773 gloriae
715 5707 765 5760 iu
800 5707 883 5763 his
918 5708 991 5762 ita
1042 5709 1403 5779 dispensavit,
1425 5712 1531 5781 61
1597 5720 1833 5782 oportet,
1863 5712 2061 5781 inquit,

500 5800 848 5856 considerare
911 5814 977 5856 ne
1028 5810 1082 5857 et
1123 5802 1179 5855 in
1239 5803 1402 5859 nobis
1454 5804 1584 5858 talia
1633 5804 1974 5874 contingant.
2006 5834 2076 5845 —

2168 4617 2255 4673 ἕνα
2306 4617 2469 4671 τοῦτο
2513 4616 2703 4670 πιστὸν
2720 4612 2786 4691 ᾗ,
2832 4616 3083 4688 Ἀϐραὰμ
3125 4614 3202 4689 τῷ
3243 4618 3386 4691 λόγῳ
3438 4621 3749 4691 παράγεται

2169 4707 2265 4762 καὶ
2286 4709 2320 4777 ἡ
2354 4708 2475 4762 κατ’
2499 4708 2661 4762 αὐτὸν
2688 4709 2922 4780 ίστορία,
2958 4709 3017 4774 ὃς
3047 4709 3147 4763 οὐκ
3172 4712 3230 4762 ὲν
3250 4710 3387 4779 ναῷ,
3422 4713 3484 4764 οὐ
3515 4713 3603 4765 διὰ
3646 4713 3747 4766 θυ-

2168 4800 2321 4867 σιῶν,
2358 4802 2458 4870 τῆς
2486 4800 2621 4854 Θεοῦ
2670 4802 2973 4871 ἐμφανείας
3007 4800 3234 4872 ἠξίωται
3259 4804 3316 4857 ὲν
3340 4807 3404 4873 τῇ
3426 4805 3749 4858 Μεσοποτα-

2170 4893 2289 4965 μίᾳ,
2317 4891 2503 4948 Ταῦτα
2524 4892 2582 4947 δὲ
2618 4893 2963 4964 προκομίζει,
2986 4893 3059 4956 ὡς
3080 4894 3441 4966 ἤδηεεῖρηται,
3466 4898 3748 4966 παριστῶν

2167 4984 2696 5055 ὼςὸδεδοξασμένος
2728 4985 2860 5050 Θεὸς
2913 4984 3052 5055 ὅπερ
3098 4986 3183 5037 ἐπ’
3231 4986 3455 5039 ἐκείνων
3502 4988 3596 5040 καὶ
3656 4990 3745 5054 ἐφ.

2167 5074 2326 5144 ἡμῶν
2354 5075 2577 5137 δυνατὸς
2640 5073 2895 5143 ποιῆσαι,
2926 5075 3021 5127 καὶ
3052 5072 3114 5138 ἐξ
3156 5075 3423 5143 ἀφανείας
3448 5076 3527 5138 είς
3566 5078 3751 5145 ἐμφάσ

2170 5182 2315 5219 νειαν
2361 5163 2711 5235 περιστῆσαι.
2752 5164 3012 5232 Καίτοιγε
3040 5163 3250 5216 πολλῶν
3281 5165 3577 5228 ἐπιϐούλως
3600 5168 3753 5235 πιστῷ
3852 5150 3859 5161 ’

2184 5254 2435 5326 Ἀϐραὰμ
2463 5257 2557 5308 καὶ
2615 5253 2693 5323 τῷ
2751 5254 3028 5324 σπέρματι
3070 5256 3232 5307 αὑτοῦ
3271 5257 3441 5309 ἐθνῶν
3469 5258 3562 5309 καὶ
3594 5258 3752 5328 βασι-

2170 5347 2309 5401 λέων
2336 5332 2830 5418 προσενεχθέντων,
2865 5347 2979 5399 ἀλλ’
3009 5348 3060 5400 οἱ
3091 5348 3191 5417 μὲν
3221 5349 3619 5419 ἠφανίσθησαν,
3655 5351 3749 5403 ἐπὶ

2177 5439 2359 5509 μεῖξον
2387 5439 2443 5492 δὲ
2480 5439 2542 5493 τὸ
2571 5440 2952 5511 ταπεινότερον
2975 5441 3210 5512 προῦϐη.
3238 5442 3298 5495 Ei
3334 5441 3426 5495 οὖν
3449 5442 3622 5506 οὕτως
3657 5446 3750 5496 ἐπὶ

2173 5528 2519 5598 τούτωνὸτῆς
2540 5528 2697 5599 δόξης
2720 5530 3158 5603 Θεὸςοῴκονόμει,
3180 5536 3423 5599 σκοπεῖν,
3457 5537 3610 5604 φησὶ,
3641 5536 3748 5606 χρὴ

2176 5620 2271 5672 καὶ
2298 5622 2426 5690 περὶ
2452 5623 2597 5692 ἡμᾶς
2630 5622 2707 5693 μὴ
2736 5623 2802 5677 τὰ
2818 5625 2976 5694 ὃμοια
3000 5625 3202 5695 ἀποϐῇ.
3221 5655 3286 5664 -
3309 5627 3575 5691 ’Ἄλλως-
3607 5628 3749 5697 Ὅρτ

2177 5713 2292 5775 πῶς
2319 5714 2517 5779 αὐτοὺς
2547 5716 2750 5784 ἀπάγει
2776 5717 2883 5770 τῶν
2933 5718 3283 5787 σωματικῶν,
3327 5720 3418 5770 καὶ
3465 5725 3600 5778 τέως
3642 5723 3671 5770 α
3723 5723 3749 5770 >ι

2178 5803 2270 5857 τοῦ
2306 5804 2497 5872 τύπου,
2532 5807 2649 5878 Θεῷ
2675 5809 2773 5879 τὴν
2811 5808 2991 5876 δόξαν,
3026 5810 3085 5862 οὐ
3112 5810 3188 5881 τῷ
3211 5812 3362 5879 τόπῳ
3400 5811 3740 5880 προσνέμων,
