  <div class='ocr_page' id='page_1' title='image "/cluster/home/n/w/nwhite01/storage/ocr_20150623/118/hvd.32044019208149/084.png"; bbox 0 0 4058 6544; ppageno 0'>
   <div class='ocr_carea' id='block_1_1' title="bbox 359 402 460 464">
    <p class='ocr_par' dir='ltr' id='par_1_1' title="bbox 359 402 460 464">
     <span class='ocr_line' id='line_1_1' title="bbox 359 402 460 464; baseline 0 -1"><span class='ocrx_word' id='word_1_1' title='bbox 359 402 460 464; x_wconf 76' lang='lat'><strong>133</strong></span> 
     </span>
    </p>
   </div>
   <div class='ocr_carea' id='block_1_2' title="bbox 1316 396 2653 463">
    <p class='ocr_par' dir='ltr' id='par_1_2' title="bbox 1316 396 2653 463">
     <span class='ocr_line' id='line_1_2' title="bbox 1316 396 2653 463; baseline 0.004 -4"><span class='ocrx_word' id='word_1_2' title='bbox 1316 398 1701 459; x_wconf 78' lang='lat' dir='ltr'><strong>COMMENT.</strong></span> <span class='ocrx_word' id='word_1_3' title='bbox 1734 396 1814 457; x_wconf 90' lang='grc' dir='ltr'><strong>ΙΝ</strong></span> <span class='ocrx_word' id='word_1_4' title='bbox 1845 396 2037 457; x_wconf 81' lang='lat' dir='ltr'><strong>ACTA</strong></span> <span class='ocrx_word' id='word_1_5' title='bbox 2068 398 2653 463; x_wconf 80' lang='lat' dir='ltr'><strong>APOSTOLORUM.</strong></span> 
     </span>
    </p>
   </div>
   <div class='ocr_carea' id='block_1_3' title="bbox 3513 415 3617 478">
    <p class='ocr_par' dir='ltr' id='par_1_3' title="bbox 3513 415 3617 478">
     <span class='ocr_line' id='line_1_3' title="bbox 3513 415 3617 478; baseline 0 0"><span class='ocrx_word' id='word_1_6' title='bbox 3513 415 3617 478; x_wconf 74' lang='grc'><strong>134</strong></span> 
     </span>
    </p>
   </div>
   <div class='ocr_carea' id='block_1_4' title="bbox 355 500 1936 599">
    <p class='ocr_par' dir='ltr' id='par_1_4' title="bbox 355 513 1936 588">
     <span class='ocr_line' id='line_1_4' title="bbox 355 513 1936 588; baseline -0.004 -15"><span class='ocrx_word' id='word_1_7' title='bbox 355 515 527 580; x_wconf 62' lang='lat' dir='ltr'><strong>Atinio;</strong></span> <span class='ocrx_word' id='word_1_8' title='bbox 549 515 660 588; x_wconf 70' lang='grc' dir='ltr'>γὰρ</span> <span class='ocrx_word' id='word_1_9' title='bbox 693 518 726 587; x_wconf 78' lang='grc' dir='ltr'>ἡ</span> <span class='ocrx_word' id='word_1_10' title='bbox 762 516 859 585; x_wconf 85' lang='grc' dir='ltr'>τῆς</span> <span class='ocrx_word' id='word_1_11' title='bbox 886 515 1047 587; x_wconf 79' lang='grc' dir='ltr'>δόξης</span> <span class='ocrx_word' id='word_1_12' title='bbox 1089 513 1262 586; x_wconf 82' lang='grc' dir='ltr'>πηγὴ,</span> <span class='ocrx_word' id='word_1_13' title='bbox 1303 515 1377 585; x_wconf 79' lang='grc' dir='ltr'>μὴ</span> <span class='ocrx_word' id='word_1_14' title='bbox 1396 515 1647 585; x_wconf 82' lang='grc' dir='ltr'>δεόμενος</span> <span class='ocrx_word' id='word_1_15' title='bbox 1673 518 1771 585; x_wconf 86' lang='grc' dir='ltr'>τῆς</span> <span class='ocrx_word' id='word_1_16' title='bbox 1807 513 1936 584; x_wconf 84' lang='grc' dir='ltr'>παρ’</span> 
     </span>
    </p>
   </div>
   <div class='ocr_carea' id='block_1_5' title="bbox 2040 500 3624 599">
    <p class='ocr_par' dir='ltr' id='par_1_5' title="bbox 2041 500 3624 599">
     <span class='ocr_line' id='line_1_5' title="bbox 2041 500 3624 599; baseline 0.012 -32"><span class='ocrx_word' id='word_1_17' title='bbox 2041 513 2162 569; x_wconf 81' lang='lat' dir='ltr'><strong>Alio</strong></span> <span class='ocrx_word' id='word_1_18' title='bbox 2207 517 2382 573; x_wconf 85' lang='lat' dir='ltr'><strong>modo.</strong></span> <span class='ocrx_word' id='word_1_19' title='bbox 2431 517 2569 574; x_wconf 76' lang='lat' dir='ltr'><strong>Vide</strong></span> <span class='ocrx_word' id='word_1_20' title='bbox 2625 521 2900 591; x_wconf 85' lang='lat' dir='ltr'><strong>quomodo</strong></span> <span class='ocrx_word' id='word_1_21' title='bbox 2956 500 3106 593; x_wconf 84' lang='lat' dir='ltr'><strong>ipsos</strong></span> <span class='ocrx_word' id='word_1_22' title='bbox 3166 540 3194 578; x_wconf 89' lang='lat' dir='ltr'><strong>a</strong></span> <span class='ocrx_word' id='word_1_23' title='bbox 3238 529 3624 599; x_wconf 83' lang='lat' dir='ltr'><strong>corporalibus</strong></span> 
     </span>
    </p>
   </div>
   <div class='ocr_carea' id='block_1_6' title="bbox 355 604 1936 680">
    <p class='ocr_par' dir='ltr' id='par_1_6' title="bbox 355 604 1936 680">
     <span class='ocr_line' id='line_1_6' title="bbox 355 604 1936 680; baseline -0.003 -17"><span class='ocrx_word' id='word_1_24' title='bbox 355 609 532 680; x_wconf 75' lang='grc' dir='ltr'>ὑμῶν,</span> <span class='ocrx_word' id='word_1_25' title='bbox 557 611 711 679; x_wconf 70' lang='grc' dir='ltr'>φησὶ,</span> <span class='ocrx_word' id='word_1_26' title='bbox 733 608 821 663; x_wconf 84' lang='grc' dir='ltr'>διὰ</span> <span class='ocrx_word' id='word_1_27' title='bbox 835 607 927 661; x_wconf 81' lang='grc' dir='ltr'>τοῦ</span> <span class='ocrx_word' id='word_1_28' title='bbox 944 606 1072 662; x_wconf 82' lang='grc' dir='ltr'>ναοῦ</span> <span class='ocrx_word' id='word_1_29' title='bbox 1092 605 1268 678; x_wconf 74' lang='grc' dir='ltr'>δόξης.</span> <span class='ocrx_word' id='word_1_30' title='bbox 1293 607 1403 677; x_wconf 84' lang='grc' dir='ltr'><strong>Τῆς</strong></span> <span class='ocrx_word' id='word_1_31' title='bbox 1423 606 1643 677; x_wconf 76' lang='grc' dir='ltr'>Γραφῆς</span> <span class='ocrx_word' id='word_1_32' title='bbox 1664 605 1718 658; x_wconf 81' lang='grc' dir='ltr'>δὲ</span> <span class='ocrx_word' id='word_1_33' title='bbox 1749 604 1936 674; x_wconf 85' lang='grc' dir='ltr'>λεγού-</span> 
     </span>
    </p>
   </div>
   <div class='ocr_carea' id='block_1_7' title="bbox 356 697 1938 772">
    <p class='ocr_par' dir='ltr' id='par_1_7' title="bbox 356 697 1938 772">
     <span class='ocr_line' id='line_1_7' title="bbox 356 697 1938 772; baseline -0.003 -18"><span class='ocrx_word' id='word_1_34' title='bbox 356 705 480 772; x_wconf 73' lang='grc' dir='ltr'>σης,</span> <span class='ocrx_word' id='word_1_35' title='bbox 512 701 704 772; x_wconf 76' lang='grc' dir='ltr'><strong>Θὰῤῥα</strong></span> <span class='ocrx_word' id='word_1_36' title='bbox 734 700 825 755; x_wconf 70' lang='grc' dir='ltr'><strong>τὸν</strong></span> <span class='ocrx_word' id='word_1_37' title='bbox 872 701 1085 771; x_wconf 81' lang='grc' dir='ltr'><strong>πατέρα</strong></span> <span class='ocrx_word' id='word_1_38' title='bbox 1133 698 1226 752; x_wconf 83' lang='grc' dir='ltr'><strong>τοῦ</strong></span> <span class='ocrx_word' id='word_1_39' title='bbox 1276 698 1525 769; x_wconf 73' lang='grc' dir='ltr'>Ἀϐραὰμ</span> <span class='ocrx_word' id='word_1_40' title='bbox 1564 697 1845 767; x_wconf 77' lang='grc' dir='ltr'>ἐξορμίσαι</span> <span class='ocrx_word' id='word_1_41' title='bbox 1875 699 1938 750; x_wconf 80' lang='grc' dir='ltr'><strong>ἐκ</strong></span> 
     </span>
    </p>
   </div>
   <div class='ocr_carea' id='block_1_8' title="bbox 355 790 1939 863">
    <p class='ocr_par' dir='ltr' id='par_1_8' title="bbox 355 790 1939 863">
     <span class='ocr_line' id='line_1_8' title="bbox 355 790 1939 863; baseline -0.009 -8"><span class='ocrx_word' id='word_1_42' title='bbox 355 795 462 863; x_wconf 78' lang='grc' dir='ltr'><strong>γῆς</strong></span> <span class='ocrx_word' id='word_1_43' title='bbox 510 792 797 847; x_wconf 86' lang='grc' dir='ltr'>Χαλδαίων</span> <span class='ocrx_word' id='word_1_44' title='bbox 859 791 1096 857; x_wconf 81' lang='grc' dir='ltr'><strong>ἐξελθεῖν</strong></span> <span class='ocrx_word' id='word_1_45' title='bbox 1125 830 1140 856; x_wconf 93' lang='grc'><strong>,</strong></span> <span class='ocrx_word' id='word_1_46' title='bbox 1207 791 1323 854; x_wconf 83' lang='grc' dir='ltr'><strong>πῶς</strong></span> <span class='ocrx_word' id='word_1_47' title='bbox 1369 790 1463 844; x_wconf 82' lang='grc' dir='ltr'>νῦν</span> <span class='ocrx_word' id='word_1_48' title='bbox 1529 791 1801 859; x_wconf 79' lang='grc' dir='ltr'>Στέφανος</span> <span class='ocrx_word' id='word_1_49' title='bbox 1860 790 1939 860; x_wconf 76' lang='grc' dir='ltr'>τῷ</span> 
     </span>
    </p>
   </div>
   <div class='ocr_carea' id='block_1_9' title="bbox 370 878 1937 953">
    <p class='ocr_par' dir='ltr' id='par_1_9' title="bbox 370 878 1937 953">
     <span class='ocr_line' id='line_1_9' title="bbox 370 878 1937 953; baseline -0.003 -18"><span class='ocrx_word' id='word_1_50' title='bbox 370 881 625 953; x_wconf 73' lang='grc' dir='ltr'>Ἀδραάμ</span> <span class='ocrx_word' id='word_1_51' title='bbox 660 881 948 950; x_wconf 73' lang='grc' dir='ltr'><strong>ἀνατίθησι</strong></span> <span class='ocrx_word' id='word_1_52' title='bbox 980 880 1072 935; x_wconf 76' lang='grc' dir='ltr'>τὸν</span> <span class='ocrx_word' id='word_1_53' title='bbox 1106 880 1488 951; x_wconf 73' lang='grc' dir='ltr'>χρηματισμὸν</span> <span class='ocrx_word' id='word_1_54' title='bbox 1544 878 1765 945; x_wconf 81' lang='grc' dir='ltr'>τοῦτον;</span> <span class='ocrx_word' id='word_1_55' title='bbox 1801 881 1937 950; x_wconf 69' lang='grc' dir='ltr'>πρὸς</span> 
     </span>
    </p>
   </div>
   <div class='ocr_carea' id='block_1_10' title="bbox 354 971 1936 1044">
    <p class='ocr_par' dir='ltr' id='par_1_10' title="bbox 354 971 1936 1044">
     <span class='ocr_line' id='line_1_10' title="bbox 354 971 1936 1044; baseline -0.004 -15"><span class='ocrx_word' id='word_1_56' title='bbox 354 977 383 1029; x_wconf 85' lang='grc' dir='ltr'><strong>ὃ</strong></span> <span class='ocrx_word' id='word_1_57' title='bbox 424 975 570 1028; x_wconf 78' lang='grc' dir='ltr'>ἐστιν</span> <span class='ocrx_word' id='word_1_58' title='bbox 593 975 790 1039; x_wconf 82' lang='grc' dir='ltr'>εἰπεῖν,</span> <span class='ocrx_word' id='word_1_59' title='bbox 848 973 922 1037; x_wconf 81' lang='grc' dir='ltr'><strong>ὡς</strong></span> <span class='ocrx_word' id='word_1_60' title='bbox 960 972 1037 1044; x_wconf 83' lang='grc' dir='ltr'>τῷ</span> <span class='ocrx_word' id='word_1_61' title='bbox 1073 972 1323 1044; x_wconf 78' lang='grc' dir='ltr'>Ἀϐραὰμ</span> <span class='ocrx_word' id='word_1_62' title='bbox 1365 971 1463 1042; x_wconf 84' lang='grc' dir='ltr'>μὲν</span> <span class='ocrx_word' id='word_1_63' title='bbox 1497 971 1525 1024; x_wconf 97' lang='lat'><strong>6</strong></span> <span class='ocrx_word' id='word_1_64' title='bbox 1554 973 1936 1043; x_wconf 73' lang='grc' dir='ltr'>χρηματισμὸς</span> 
     </span>
    </p>
   </div>
   <div class='ocr_carea' id='block_1_11' title="bbox 358 1062 1935 1137">
    <p class='ocr_par' dir='ltr' id='par_1_11' title="bbox 358 1062 1935 1137">
     <span class='ocr_line' id='line_1_11' title="bbox 358 1062 1935 1137; baseline -0.004 -15"><span class='ocrx_word' id='word_1_65' title='bbox 358 1068 605 1137; x_wconf 82' lang='grc' dir='ltr'>γέγονεν,</span> <span class='ocrx_word' id='word_1_66' title='bbox 638 1066 753 1121; x_wconf 85' lang='grc' dir='ltr'>ἀλλ’</span> <span class='ocrx_word' id='word_1_67' title='bbox 774 1065 962 1136; x_wconf 81' lang='grc' dir='ltr'>ἐπειδὴ</span> <span class='ocrx_word' id='word_1_68' title='bbox 1001 1064 1190 1126; x_wconf 79' lang='grc' dir='ltr'>παιδὸς</span> <span class='ocrx_word' id='word_1_69' title='bbox 1238 1063 1384 1137; x_wconf 82' lang='grc' dir='ltr'>ὁρμὴ</span> <span class='ocrx_word' id='word_1_70' title='bbox 1421 1064 1487 1116; x_wconf 87' lang='grc' dir='ltr'><strong>ἐκ</strong></span> <span class='ocrx_word' id='word_1_71' title='bbox 1543 1062 1935 1134; x_wconf 72' lang='grc' dir='ltr'><strong>χρηματισμοῦ</strong></span> 
     </span>
    </p>
   </div>
   <div class='ocr_carea' id='block_1_12' title="bbox 352 1156 1937 1231">
    <p class='ocr_par' dir='ltr' id='par_1_12' title="bbox 352 1156 1937 1231">
     <span class='ocr_line' id='line_1_12' title="bbox 352 1156 1937 1231; baseline -0.004 -15"><span class='ocrx_word' id='word_1_72' title='bbox 352 1164 457 1216; x_wconf 70' lang='grc' dir='ltr'>οὒκ</span> <span class='ocrx_word' id='word_1_73' title='bbox 495 1157 642 1231; x_wconf 72' lang='grc' dir='ltr'>εἶχεν</span> <span class='ocrx_word' id='word_1_74' title='bbox 699 1158 1001 1227; x_wconf 78' lang='grc' dir='ltr'><strong>ἀντιλέγειν</strong></span> <span class='ocrx_word' id='word_1_75' title='bbox 1045 1158 1148 1213; x_wconf 75' lang='grc' dir='ltr'><strong>κᾶν</strong></span> <span class='ocrx_word' id='word_1_76' title='bbox 1190 1157 1411 1229; x_wconf 83' lang='grc' dir='ltr'>πατὴρ,</span> <span class='ocrx_word' id='word_1_77' title='bbox 1458 1156 1536 1226; x_wconf 84' lang='grc' dir='ltr'>τῷ</span> <span class='ocrx_word' id='word_1_78' title='bbox 1579 1156 1937 1226; x_wconf 74' lang='grc' dir='ltr'><strong>ὑποδείγματι</strong></span> 
     </span>
    </p>
   </div>
   <div class='ocr_carea' id='block_1_13' title="bbox 354 1247 1937 1325">
    <p class='ocr_par' dir='ltr' id='par_1_13' title="bbox 354 1247 1937 1325">
     <span class='ocr_line' id='line_1_13' title="bbox 354 1247 1937 1325; baseline -0.003 -18"><span class='ocrx_word' id='word_1_79' title='bbox 354 1254 532 1325; x_wconf 81' lang='grc' dir='ltr'>τούτῳ</span> <span class='ocrx_word' id='word_1_80' title='bbox 585 1255 666 1318; x_wconf 87' lang='grc' dir='ltr'><strong>είς</strong></span> <span class='ocrx_word' id='word_1_81' title='bbox 693 1253 1007 1324; x_wconf 66' lang='grc' dir='ltr'>Ξάπείθειαν</span> <span class='ocrx_word' id='word_1_82' title='bbox 1059 1251 1429 1305; x_wconf 83' lang='grc' dir='ltr'>ἀποσκάπτων</span> <span class='ocrx_word' id='word_1_83' title='bbox 1477 1250 1603 1311; x_wconf 80' lang='grc' dir='ltr'>τοὺς</span> <span class='ocrx_word' id='word_1_84' title='bbox 1632 1247 1745 1310; x_wconf 78' lang='grc' dir='ltr'>νῦν,</span> <span class='ocrx_word' id='word_1_85' title='bbox 1795 1248 1937 1302; x_wconf 77' lang='grc' dir='ltr'>οὕτω</span> 
     </span>
    </p>
   </div>
   <div class='ocr_carea' id='block_1_14' title="bbox 355 1341 1937 1420">
    <p class='ocr_par' dir='ltr' id='par_1_14' title="bbox 355 1341 1937 1420">
     <span class='ocr_line' id='line_1_14' title="bbox 355 1341 1937 1420; baseline -0.004 -19"><span class='ocrx_word' id='word_1_86' title='bbox 355 1351 592 1420; x_wconf 75' lang='grc' dir='ltr'><strong>προάγει</strong></span> <span class='ocrx_word' id='word_1_87' title='bbox 651 1349 744 1402; x_wconf 84' lang='grc' dir='ltr'><strong>τὸν</strong></span> <span class='ocrx_word' id='word_1_88' title='bbox 786 1348 963 1416; x_wconf 87' lang='grc' dir='ltr'>λόγον.</span> <span class='ocrx_word' id='word_1_89' title='bbox 1004 1347 1128 1412; x_wconf 83' lang='grc' dir='ltr'><strong>Πῶς</strong></span> <span class='ocrx_word' id='word_1_90' title='bbox 1157 1346 1266 1417; x_wconf 88' lang='grc' dir='ltr'><strong>γὰρ</strong></span> <span class='ocrx_word' id='word_1_91' title='bbox 1312 1345 1411 1398; x_wconf 76' lang='grc' dir='ltr'><strong>οὐκ</strong></span> <span class='ocrx_word' id='word_1_92' title='bbox 1447 1343 1692 1398; x_wconf 79' lang='grc' dir='ltr'>ἀπειθεῖν</span> <span class='ocrx_word' id='word_1_93' title='bbox 1717 1341 1937 1409; x_wconf 75' lang='grc' dir='ltr'>ἐξελέγ-</span> 
     </span>
    </p>
   </div>
   <div class='ocr_carea' id='block_1_15' title="bbox 353 1436 1933 1513">
    <p class='ocr_par' dir='ltr' id='par_1_15' title="bbox 353 1436 1933 1513">
     <span class='ocr_line' id='line_1_15' title="bbox 353 1436 1933 1513; baseline -0.006 -17"><span class='ocrx_word' id='word_1_94' title='bbox 353 1460 563 1512; x_wconf 83' lang='grc' dir='ltr'>χονται,</span> <span class='ocrx_word' id='word_1_95' title='bbox 622 1444 673 1496; x_wconf 84' lang='grc' dir='ltr'><strong>εί</strong></span> <span class='ocrx_word' id='word_1_96' title='bbox 724 1441 913 1513; x_wconf 73' lang='grc' dir='ltr'>Θάῥρα</span> <span class='ocrx_word' id='word_1_97' title='bbox 970 1439 1070 1512; x_wconf 79' lang='grc' dir='ltr'><strong>μὲν</strong></span> <span class='ocrx_word' id='word_1_98' title='bbox 1130 1437 1320 1503; x_wconf 81' lang='grc' dir='ltr'>παιδὸς</span> <span class='ocrx_word' id='word_1_99' title='bbox 1359 1438 1458 1492; x_wconf 80' lang='grc' dir='ltr'><strong>οὐκ</strong></span> <span class='ocrx_word' id='word_1_100' title='bbox 1485 1438 1739 1491; x_wconf 83' lang='grc' dir='ltr'>ἀντεῖπεν</span> <span class='ocrx_word' id='word_1_101' title='bbox 1765 1436 1933 1505; x_wconf 79' lang='grc' dir='ltr'>ὁρμῇ,</span> 
     </span>
    </p>
   </div>
   <div class='ocr_carea' id='block_1_16' title="bbox 354 1526 1939 1606">
    <p class='ocr_par' dir='ltr' id='par_1_16' title="bbox 354 1526 1939 1606">
     <span class='ocr_line' id='line_1_16' title="bbox 354 1526 1939 1606; baseline -0.005 -18"><span class='ocrx_word' id='word_1_102' title='bbox 354 1535 512 1589; x_wconf 76' lang='grc' dir='ltr'>αὐτοὶ</span> <span class='ocrx_word' id='word_1_103' title='bbox 540 1535 596 1588; x_wconf 82' lang='grc' dir='ltr'>δὲ</span> <span class='ocrx_word' id='word_1_104' title='bbox 628 1533 769 1606; x_wconf 81' lang='grc' dir='ltr'>μετὰ</span> <span class='ocrx_word' id='word_1_105' title='bbox 792 1532 1131 1605; x_wconf 82' lang='grc' dir='ltr'>θεοσημειῶν</span> <span class='ocrx_word' id='word_1_106' title='bbox 1155 1534 1352 1602; x_wconf 86' lang='grc' dir='ltr'>πεῖραν</span> <span class='ocrx_word' id='word_1_107' title='bbox 1370 1531 1430 1584; x_wconf 80' lang='grc' dir='ltr'><strong>ού</strong></span> <span class='ocrx_word' id='word_1_108' title='bbox 1468 1530 1626 1600; x_wconf 64' lang='grc' dir='ltr'>μόνον</span> <span class='ocrx_word' id='word_1_109' title='bbox 1651 1526 1939 1583; x_wconf 80' lang='grc' dir='ltr'>ἀπειθοῦν-</span> 
     </span>
    </p>
   </div>
   <div class='ocr_carea' id='block_1_17' title="bbox 2049 606 3624 685">
    <p class='ocr_par' dir='ltr' id='par_1_17' title="bbox 2049 606 3624 685">
     <span class='ocr_line' id='line_1_17' title="bbox 2049 606 3624 685; baseline 0.012 -26"><span class='ocrx_word' id='word_1_110' title='bbox 2049 606 2294 674; x_wconf 88' lang='lat' dir='ltr'><strong>abducit,</strong></span> <span class='ocrx_word' id='word_1_111' title='bbox 2337 618 2392 665; x_wconf 90' lang='lat' dir='ltr'><strong>et</strong></span> <span class='ocrx_word' id='word_1_112' title='bbox 2442 611 2660 665; x_wconf 77' lang='lat' dir='ltr'><strong>interim</strong></span> <span class='ocrx_word' id='word_1_113' title='bbox 2698 626 2727 666; x_wconf 88' lang='lat' dir='ltr'><strong>a</strong></span> <span class='ocrx_word' id='word_1_114' title='bbox 2762 612 2903 678; x_wconf 90' lang='lat' dir='ltr'><strong>loco,</strong></span> <span class='ocrx_word' id='word_1_115' title='bbox 2930 615 3155 684; x_wconf 83' lang='lat' dir='ltr'><strong>gloriam</strong></span> <span class='ocrx_word' id='word_1_116' title='bbox 3189 615 3320 685; x_wconf 88' lang='lat' dir='ltr'><strong>Deo,</strong></span> <span class='ocrx_word' id='word_1_117' title='bbox 3358 636 3465 675; x_wconf 87' lang='lat' dir='ltr'><strong>non</strong></span> <span class='ocrx_word' id='word_1_118' title='bbox 3503 623 3624 678; x_wconf 76' lang='lat' dir='ltr'><strong>loco</strong></span> 
     </span>
    </p>
   </div>
   <div class='ocr_carea' id='block_1_18' title="bbox 2048 699 3622 786">
    <p class='ocr_par' dir='ltr' id='par_1_18' title="bbox 2048 699 3622 786">
     <span class='ocr_line' id='line_1_18' title="bbox 2048 699 3622 786; baseline 0.011 -34"><span class='ocrx_word' id='word_1_119' title='bbox 2048 699 2374 757; x_wconf 87' lang='lat' dir='ltr'><strong>attribuens.</strong></span> <span class='ocrx_word' id='word_1_120' title='bbox 2412 701 2532 772; x_wconf 85' lang='lat' dir='ltr'><strong>Ipse</strong></span> <span class='ocrx_word' id='word_1_121' title='bbox 2567 704 2767 758; x_wconf 87' lang='lat' dir='ltr'><strong>etenim</strong></span> <span class='ocrx_word' id='word_1_122' title='bbox 2806 705 2994 775; x_wconf 67' lang='lat' dir='ltr'><strong>gloriae</strong></span> <span class='ocrx_word' id='word_1_123' title='bbox 3023 708 3143 764; x_wconf 85' lang='lat' dir='ltr'><strong>fons</strong></span> <span class='ocrx_word' id='word_1_124' title='bbox 3176 720 3280 777; x_wconf 86' lang='lat' dir='ltr'><strong>est,</strong></span> <span class='ocrx_word' id='word_1_125' title='bbox 3320 730 3427 769; x_wconf 91' lang='lat' dir='ltr'><strong>non</strong></span> <span class='ocrx_word' id='word_1_126' title='bbox 3454 732 3622 786; x_wconf 76' lang='lat' dir='ltr'><strong>egens</strong></span> 
     </span>
    </p>
   </div>
   <div class='ocr_carea' id='block_1_19' title="bbox 2048 790 3620 866">
    <p class='ocr_par' dir='ltr' id='par_1_19' title="bbox 2048 790 3620 866">
     <span class='ocr_line' id='line_1_19' title="bbox 2048 790 3620 866; baseline 0.012 -23"><span class='ocrx_word' id='word_1_127' title='bbox 2048 790 2245 860; x_wconf 71' lang='lat' dir='ltr'><strong>gloria,</strong></span> <span class='ocrx_word' id='word_1_128' title='bbox 2289 808 2410 861; x_wconf 64' lang='lat' dir='ltr'><strong>quae</strong></span> <span class='ocrx_word' id='word_1_129' title='bbox 2441 808 2536 863; x_wconf 90' lang='lat' dir='ltr'><strong>per</strong></span> <span class='ocrx_word' id='word_1_130' title='bbox 2576 797 2836 866; x_wconf 93' lang='lat' dir='ltr'><strong>templum</strong></span> <span class='ocrx_word' id='word_1_131' title='bbox 2883 813 2913 852; x_wconf 90' lang='lat' dir='ltr'><strong>a</strong></span> <span class='ocrx_word' id='word_1_132' title='bbox 2944 801 3103 856; x_wconf 87' lang='lat' dir='ltr'><strong>nobis</strong></span> <span class='ocrx_word' id='word_1_133' title='bbox 3135 812 3245 857; x_wconf 91' lang='lat' dir='ltr'><strong>est.</strong></span> <span class='ocrx_word' id='word_1_134' title='bbox 3273 804 3404 859; x_wconf 84' lang='lat' dir='ltr'><strong>Cum</strong></span> <span class='ocrx_word' id='word_1_135' title='bbox 3441 818 3620 862; x_wconf 86' lang='lat' dir='ltr'><strong>autem</strong></span> 
     </span>
    </p>
   </div>
   <div class='ocr_carea' id='block_1_20' title="bbox 2046 881 3620 968">
    <p class='ocr_par' dir='ltr' id='par_1_20' title="bbox 2046 881 3620 968">
     <span class='ocr_line' id='line_1_20' title="bbox 2046 881 3620 968; baseline 0.011 -31"><span class='ocrx_word' id='word_1_136' title='bbox 2046 881 2182 938; x_wconf 92' lang='lat' dir='ltr'><strong>dicit</strong></span> <span class='ocrx_word' id='word_1_137' title='bbox 2211 883 2494 955; x_wconf 76' lang='lat' dir='ltr'><strong>Scriptura</strong></span> <span class='ocrx_word' id='word_1_138' title='bbox 2528 886 2707 943; x_wconf 88' lang='lat' dir='ltr'><strong>Thare</strong></span> <span class='ocrx_word' id='word_1_139' title='bbox 2754 897 2961 959; x_wconf 87' lang='lat' dir='ltr'><strong>patrem</strong></span> <span class='ocrx_word' id='word_1_140' title='bbox 3024 894 3300 949; x_wconf 75' lang='lat' dir='ltr'><strong>Abraham</strong></span> <span class='ocrx_word' id='word_1_141' title='bbox 3335 912 3620 968; x_wconf 66' lang='lat' dir='ltr'><strong>egressum</strong></span> 
     </span>
    </p>
   </div>
   <div class='ocr_carea' id='block_1_21' title="bbox 2046 977 3626 1060">
    <p class='ocr_par' dir='ltr' id='par_1_21' title="bbox 2046 977 3626 1060">
     <span class='ocr_line' id='line_1_21' title="bbox 2046 977 3626 1060; baseline 0.009 -30"><span class='ocrx_word' id='word_1_142' title='bbox 2046 990 2186 1039; x_wconf 89' lang='lat' dir='ltr'><strong>esse,</strong></span> <span class='ocrx_word' id='word_1_143' title='bbox 2219 985 2277 1032; x_wconf 91' lang='lat' dir='ltr'><strong>ut</strong></span> <span class='ocrx_word' id='word_1_144' title='bbox 2303 977 2751 1049; x_wconf 80' lang='lat' dir='ltr'><strong>proﬁcisceretur</strong></span> <span class='ocrx_word' id='word_1_145' title='bbox 2785 981 2852 1036; x_wconf 91' lang='lat' dir='ltr'><strong>de</strong></span> <span class='ocrx_word' id='word_1_146' title='bbox 2877 991 3018 1036; x_wconf 78' lang='lat' dir='ltr'><strong>terra</strong></span> <span class='ocrx_word' id='word_1_147' title='bbox 3044 982 3444 1055; x_wconf 75' lang='lat' dir='ltr'><strong>Chaldaeorum,</strong></span> <span class='ocrx_word' id='word_1_148' title='bbox 3485 1008 3626 1060; x_wconf 69' lang='lat' dir='ltr'><strong>quo-</strong></span> 
     </span>
    </p>
   </div>
   <div class='ocr_carea' id='block_1_22' title="bbox 2048 1066 3623 1142">
    <p class='ocr_par' dir='ltr' id='par_1_22' title="bbox 2048 1066 3623 1142">
     <span class='ocr_line' id='line_1_22' title="bbox 2048 1066 3623 1142; baseline 0.012 -25"><span class='ocrx_word' id='word_1_149' title='bbox 2048 1066 2210 1120; x_wconf 90' lang='lat' dir='ltr'><strong>modo</strong></span> <span class='ocrx_word' id='word_1_150' title='bbox 2244 1082 2393 1123; x_wconf 90' lang='lat' dir='ltr'><strong>nunc</strong></span> <span class='ocrx_word' id='word_1_151' title='bbox 2427 1068 2738 1139; x_wconf 84' lang='lat' dir='ltr'><strong>Stephanus</strong></span> <span class='ocrx_word' id='word_1_152' title='bbox 2773 1071 2876 1142; x_wconf 87' lang='lat' dir='ltr'><strong>ipsi</strong></span> <span class='ocrx_word' id='word_1_153' title='bbox 2898 1072 3172 1129; x_wconf 80' lang='lat' dir='ltr'><strong>Abraham</strong></span> <span class='ocrx_word' id='word_1_154' title='bbox 3197 1080 3479 1133; x_wconf 86' lang='lat' dir='ltr'><strong>oraculum</strong></span> <span class='ocrx_word' id='word_1_155' title='bbox 3520 1082 3623 1136; x_wconf 86' lang='lat' dir='ltr'><strong>hoc</strong></span> 
     </span>
    </p>
   </div>
   <div class='ocr_carea' id='block_1_23' title="bbox 2045 1158 3620 1241">
    <p class='ocr_par' dir='ltr' id='par_1_23' title="bbox 2045 1158 3620 1241">
     <span class='ocr_line' id='line_1_23' title="bbox 2045 1158 3620 1241; baseline 0.011 -31"><span class='ocrx_word' id='word_1_156' title='bbox 2045 1158 2337 1213; x_wconf 84' lang='lat' dir='ltr'><strong>attribuit?</strong></span> <span class='ocrx_word' id='word_1_157' title='bbox 2370 1159 2450 1213; x_wconf 84' lang='lat' dir='ltr'><strong>Ad</strong></span> <span class='ocrx_word' id='word_1_158' title='bbox 2482 1162 2624 1232; x_wconf 86' lang='lat' dir='ltr'><strong>quod</strong></span> <span class='ocrx_word' id='word_1_159' title='bbox 2677 1162 2784 1216; x_wconf 89' lang='lat' dir='ltr'><strong>diei</strong></span> <span class='ocrx_word' id='word_1_160' title='bbox 2836 1173 3023 1234; x_wconf 85' lang='lat' dir='ltr'><strong>potest</strong></span> <span class='ocrx_word' id='word_1_161' title='bbox 3061 1169 3208 1236; x_wconf 87' lang='lat' dir='ltr'><strong>quod</strong></span> <span class='ocrx_word' id='word_1_162' title='bbox 3254 1170 3356 1239; x_wconf 86' lang='lat' dir='ltr'><strong>ipsi</strong></span> <span class='ocrx_word' id='word_1_163' title='bbox 3401 1172 3620 1241; x_wconf 85' lang='lat' dir='ltr'><strong>quidem</strong></span> 
     </span>
    </p>
   </div>
   <div class='ocr_carea' id='block_1_24' title="bbox 2046 1249 3619 1326">
    <p class='ocr_par' dir='ltr' id='par_1_24' title="bbox 2046 1249 3619 1326">
     <span class='ocr_line' id='line_1_24' title="bbox 2046 1249 3619 1326; baseline 0.01 -25"><span class='ocrx_word' id='word_1_164' title='bbox 2046 1249 2323 1304; x_wconf 83' lang='lat' dir='ltr'><strong>Abraham</strong></span> <span class='ocrx_word' id='word_1_165' title='bbox 2391 1252 2639 1307; x_wconf 86' lang='lat' dir='ltr'><strong>divinum</strong></span> <span class='ocrx_word' id='word_1_166' title='bbox 2711 1268 3036 1325; x_wconf 86' lang='lat' dir='ltr'><strong>responsum</strong></span> <span class='ocrx_word' id='word_1_167' title='bbox 3098 1259 3285 1313; x_wconf 87' lang='lat' dir='ltr'><strong>datum</strong></span> <span class='ocrx_word' id='word_1_168' title='bbox 3349 1272 3452 1326; x_wconf 86' lang='lat' dir='ltr'><strong>est,</strong></span> <span class='ocrx_word' id='word_1_169' title='bbox 3525 1266 3619 1318; x_wconf 87' lang='lat' dir='ltr'><strong>scd</strong></span> 
     </span>
    </p>
   </div>
   <div class='ocr_carea' id='block_1_25' title="bbox 2048 1339 3619 1423">
    <p class='ocr_par' dir='ltr' id='par_1_25' title="bbox 2048 1339 3619 1423">
     <span class='ocr_line' id='line_1_25' title="bbox 2048 1339 3619 1423; baseline 0.008 -30"><span class='ocrx_word' id='word_1_170' title='bbox 2048 1339 2326 1410; x_wconf 85' lang='lat' dir='ltr'><strong>Scriptura</strong></span> <span class='ocrx_word' id='word_1_171' title='bbox 2355 1344 2497 1413; x_wconf 92' lang='lat' dir='ltr'><strong>patri</strong></span> <span class='ocrx_word' id='word_1_172' title='bbox 2519 1345 2790 1412; x_wconf 83' lang='lat' dir='ltr'><strong>attribuit,</strong></span> <span class='ocrx_word' id='word_1_173' title='bbox 2815 1348 3072 1416; x_wconf 91' lang='lat' dir='ltr'><strong>quoniam</strong></span> <span class='ocrx_word' id='word_1_174' title='bbox 3099 1348 3190 1402; x_wconf 79' lang='lat' dir='ltr'><strong>lilii</strong></span> <span class='ocrx_word' id='word_1_175' title='bbox 3223 1352 3453 1407; x_wconf 87' lang='lat' dir='ltr'><strong>consilio</strong></span> <span class='ocrx_word' id='word_1_176' title='bbox 3478 1354 3619 1423; x_wconf 81' lang='lat' dir='ltr'><strong>quod</strong></span> 
     </span>
    </p>
   </div>
   <div class='ocr_carea' id='block_1_26' title="bbox 2045 1435 3619 1516">
    <p class='ocr_par' dir='ltr' id='par_1_26' title="bbox 2045 1435 3619 1516">
     <span class='ocr_line' id='line_1_26' title="bbox 2045 1435 3619 1516; baseline 0.009 -29"><span class='ocrx_word' id='word_1_177' title='bbox 2045 1450 2075 1488; x_wconf 87' lang='lat' dir='ltr'><strong>a</strong></span> <span class='ocrx_word' id='word_1_178' title='bbox 2117 1435 2306 1490; x_wconf 87' lang='lat' dir='ltr'><strong>divino</strong></span> <span class='ocrx_word' id='word_1_179' title='bbox 2336 1445 2453 1492; x_wconf 90' lang='lat' dir='ltr'><strong>erat</strong></span> <span class='ocrx_word' id='word_1_180' title='bbox 2488 1439 2716 1494; x_wconf 91' lang='lat' dir='ltr'><strong>oraculo</strong></span> <span class='ocrx_word' id='word_1_181' title='bbox 2767 1455 2874 1495; x_wconf 90' lang='lat' dir='ltr'><strong>non</strong></span> <span class='ocrx_word' id='word_1_182' title='bbox 2901 1441 3258 1511; x_wconf 80' lang='lat' dir='ltr'><strong>contradixit,</strong></span> <span class='ocrx_word' id='word_1_183' title='bbox 3304 1461 3619 1516; x_wconf 79' lang='lat' dir='ltr'><strong>quanquam</strong></span> 
     </span>
    </p>
   </div>
   <div class='ocr_carea' id='block_1_27' title="bbox 2045 1529 3616 1604">
    <p class='ocr_par' dir='ltr' id='par_1_27' title="bbox 2045 1529 3616 1604">
     <span class='ocr_line' id='line_1_27' title="bbox 2045 1529 3616 1604; baseline 0.008 -26"><span class='ocrx_word' id='word_1_184' title='bbox 2045 1532 2201 1596; x_wconf 88' lang='lat' dir='ltr'><strong>pater</strong></span> <span class='ocrx_word' id='word_1_185' title='bbox 2250 1535 2416 1593; x_wconf 87' lang='lat' dir='ltr'><strong>esset,</strong></span> <span class='ocrx_word' id='word_1_186' title='bbox 2472 1529 2578 1584; x_wconf 91' lang='lat' dir='ltr'><strong>hoc</strong></span> <span class='ocrx_word' id='word_1_187' title='bbox 2632 1531 2882 1600; x_wconf 76' lang='lat' dir='ltr'><strong>exemplo</strong></span> <span class='ocrx_word' id='word_1_188' title='bbox 2922 1532 3183 1601; x_wconf 71' lang='lat' dir='ltr'><strong>detegens</strong></span> <span class='ocrx_word' id='word_1_189' title='bbox 3263 1540 3616 1604; x_wconf 73' lang='lat' dir='ltr'><strong>praesentium</strong></span> 
     </span>
    </p>
   </div>
   <div class='ocr_carea' id='block_1_28' title="bbox 353 1615 1936 1697">
    <p class='ocr_par' dir='ltr' id='par_1_28' title="bbox 353 1615 1936 1697">
     <span class='ocr_line' id='line_1_28' title="bbox 353 1615 1936 1697; baseline -0.006 -18"><span class='ocrx_word' id='word_1_190' title='bbox 353 1644 467 1690; x_wconf 87' lang='grc' dir='ltr'>τες,</span> <span class='ocrx_word' id='word_1_191' title='bbox 493 1626 629 1681; x_wconf 78' lang='grc' dir='ltr'>ἀλλὰ</span> <span class='ocrx_word' id='word_1_192' title='bbox 655 1626 749 1679; x_wconf 76' lang='grc' dir='ltr'><strong>καὶ</strong></span> <span class='ocrx_word' id='word_1_193' title='bbox 780 1627 959 1697; x_wconf 76' lang='grc' dir='ltr'>φθόνῳ</span> <span class='ocrx_word' id='word_1_194' title='bbox 984 1629 1121 1697; x_wconf 82' lang='grc' dir='ltr'>πρὸς</span> <span class='ocrx_word' id='word_1_195' title='bbox 1149 1624 1305 1695; x_wconf 79' lang='grc' dir='ltr'>φόνον</span> <span class='ocrx_word' id='word_1_196' title='bbox 1324 1622 1428 1676; x_wconf 78' lang='grc' dir='ltr'>τῶν</span> <span class='ocrx_word' id='word_1_197' title='bbox 1444 1624 1559 1682; x_wconf 73' lang='grc' dir='ltr'>ταῖς</span> <span class='ocrx_word' id='word_1_198' title='bbox 1587 1615 1936 1690; x_wconf 84' lang='grc' dir='ltr'>θεοσημείαις</span> 
     </span>
    </p>
   </div>
   <div class='ocr_carea' id='block_1_29' title="bbox 2040 1615 3619 1697">
    <p class='ocr_par' dir='ltr' id='par_1_29' title="bbox 2040 1616 3619 1683">
     <span class='ocr_line' id='line_1_29' title="bbox 2040 1616 3619 1683; baseline 0.006 -13"><span class='ocrx_word' id='word_1_199' title='bbox 2040 1616 2499 1673; x_wconf 87' lang='lat' dir='ltr'><strong>inobedieutiam.</strong></span> <span class='ocrx_word' id='word_1_200' title='bbox 2527 1619 2721 1674; x_wconf 85' lang='lat' dir='ltr'><strong>Utrum</strong></span> <span class='ocrx_word' id='word_1_201' title='bbox 2756 1622 2899 1676; x_wconf 90' lang='lat' dir='ltr'><strong>enim</strong></span> <span class='ocrx_word' id='word_1_202' title='bbox 2933 1637 3057 1677; x_wconf 91' lang='lat' dir='ltr'><strong>esse</strong></span> <span class='ocrx_word' id='word_1_203' title='bbox 3095 1624 3473 1683; x_wconf 89' lang='lat' dir='ltr'><strong>iuohedieutes</strong></span> <span class='ocrx_word' id='word_1_204' title='bbox 3510 1644 3619 1681; x_wconf 86' lang='lat' dir='ltr'><strong>non</strong></span> 
     </span>
    </p>
   </div>
   <div class='ocr_carea' id='block_1_30' title="bbox 352 1710 1936 1785">
    <p class='ocr_par' dir='ltr' id='par_1_30' title="bbox 352 1710 1934 1785">
     <span class='ocr_line' id='line_1_30' title="bbox 352 1710 1934 1785; baseline -0.004 -16"><span class='ocrx_word' id='word_1_205' title='bbox 352 1715 676 1782; x_wconf 74' lang='grc' dir='ltr'>δοξάζεσθαι</span> <span class='ocrx_word' id='word_1_206' title='bbox 700 1712 895 1782; x_wconf 76' lang='grc' dir='ltr'>ἀξίων,</span> <span class='ocrx_word' id='word_1_207' title='bbox 947 1713 1228 1785; x_wconf 78' lang='grc' dir='ltr'><strong>δυσμενῶς</strong></span> <span class='ocrx_word' id='word_1_208' title='bbox 1281 1712 1713 1784; x_wconf 79' lang='grc' dir='ltr'>προσφερόμενοι</span> <span class='ocrx_word' id='word_1_209' title='bbox 1752 1710 1934 1763; x_wconf 77' lang='grc' dir='ltr'>διατε-</span> 
     </span>
    </p>
   </div>
   <div class='ocr_carea' id='block_1_31' title="bbox 2040 1710 3615 1785">
    <p class='ocr_par' dir='ltr' id='par_1_31' title="bbox 2040 1710 3615 1781">
     <span class='ocr_line' id='line_1_31' title="bbox 2040 1710 3615 1781; baseline 0.006 -17"><span class='ocrx_word' id='word_1_210' title='bbox 2040 1710 2462 1781; x_wconf 87' lang='lat' dir='ltr'><strong>convinenntur,</strong></span> <span class='ocrx_word' id='word_1_211' title='bbox 2497 1727 2621 1767; x_wconf 92' lang='lat' dir='ltr'><strong>cum</strong></span> <span class='ocrx_word' id='word_1_212' title='bbox 2652 1712 2828 1770; x_wconf 81' lang='lat' dir='ltr'><strong>Thare</strong></span> <span class='ocrx_word' id='word_1_213' title='bbox 2851 1716 3085 1771; x_wconf 88' lang='lat' dir='ltr'><strong>consilio</strong></span> <span class='ocrx_word' id='word_1_214' title='bbox 3121 1717 3215 1770; x_wconf 79' lang='lat' dir='ltr'><strong>lilii</strong></span> <span class='ocrx_word' id='word_1_215' title='bbox 3252 1735 3360 1773; x_wconf 91' lang='lat' dir='ltr'><strong>nou</strong></span> <span class='ocrx_word' id='word_1_216' title='bbox 3393 1731 3615 1774; x_wconf 82' lang='lat' dir='ltr'><strong>centra-</strong></span> 
     </span>
    </p>
   </div>
   <div class='ocr_carea' id='block_1_32' title="bbox 354 1802 3616 1882">
    <p class='ocr_par' dir='ltr' id='par_1_32' title="bbox 354 1802 3616 1882">
     <span class='ocr_line' id='line_1_32' title="bbox 354 1802 3616 1882; baseline 0.008 -42"><span class='ocrx_word' id='word_1_217' title='bbox 354 1806 548 1874; x_wconf 36' lang='grc' dir='ltr'><strong>λοξῶς</strong></span> <span class='ocrx_word' id='word_1_218' title='bbox 2039 1802 2261 1868; x_wconf 80' lang='lat' dir='ltr'><strong>dixerit,</strong></span> <span class='ocrx_word' id='word_1_219' title='bbox 2298 1805 2402 1875; x_wconf 88' lang='lat' dir='ltr'><strong>ipsi</strong></span> <span class='ocrx_word' id='word_1_220' title='bbox 2448 1821 2578 1860; x_wconf 83' lang='lat' dir='ltr'><strong>vero</strong></span> <span class='ocrx_word' id='word_1_221' title='bbox 2612 1815 2735 1877; x_wconf 88' lang='lat' dir='ltr'><strong>post</strong></span> <span class='ocrx_word' id='word_1_222' title='bbox 2775 1808 3089 1863; x_wconf 81' lang='lat' dir='ltr'><strong>divinorum</strong></span> <span class='ocrx_word' id='word_1_223' title='bbox 3125 1810 3409 1879; x_wconf 82' lang='lat' dir='ltr'><strong>signorum</strong></span> <span class='ocrx_word' id='word_1_224' title='bbox 3448 1828 3616 1882; x_wconf 79' lang='lat' dir='ltr'><strong>expe-</strong></span> 
     </span>
    </p>
   </div>
   <div class='ocr_carea' id='block_1_33' title="bbox 359 1895 3619 1973">
    <p class='ocr_par' dir='ltr' id='par_1_33' title="bbox 359 1895 3619 1973">
     <span class='ocr_line' id='line_1_33' title="bbox 359 1895 3619 1973; baseline 0 -16"><span class='ocrx_word' id='word_1_225' title='bbox 359 1903 615 1957; x_wconf 86' lang='lat' dir='ltr'><strong>rientiam</strong></span> <span class='ocrx_word' id='word_1_226' title='bbox 655 1917 761 1956; x_wconf 92' lang='lat' dir='ltr'><strong>non</strong></span> <span class='ocrx_word' id='word_1_227' title='bbox 806 1902 985 1958; x_wconf 86' lang='lat' dir='ltr'><strong>solum</strong></span> <span class='ocrx_word' id='word_1_228' title='bbox 1036 1897 1333 1965; x_wconf 85' lang='lat' dir='ltr'><strong>increduli,</strong></span> <span class='ocrx_word' id='word_1_229' title='bbox 1368 1913 1556 1953; x_wconf 88' lang='lat' dir='ltr'><strong>verum</strong></span> <span class='ocrx_word' id='word_1_230' title='bbox 1607 1896 1773 1951; x_wconf 80' lang='lat' dir='ltr'><strong>etiam</strong></span> <span class='ocrx_word' id='word_1_231' title='bbox 1812 1910 1922 1965; x_wconf 70' lang='lat' dir='ltr'><strong>pra:</strong></span> <span class='ocrx_word' id='word_1_232' title='bbox 1965 1895 2170 1950; x_wconf 77' lang='lat' dir='ltr'><strong>invidia</strong></span> <span class='ocrx_word' id='word_1_233' title='bbox 2211 1896 2276 1951; x_wconf 91' lang='lat' dir='ltr'><strong>ad</strong></span> <span class='ocrx_word' id='word_1_234' title='bbox 2320 1896 2521 1952; x_wconf 83' lang='lat' dir='ltr'><strong>caedem</strong></span> <span class='ocrx_word' id='word_1_235' title='bbox 2564 1897 2836 1954; x_wconf 83' lang='lat' dir='ltr'><strong>hostiliter</strong></span> <span class='ocrx_word' id='word_1_236' title='bbox 2888 1914 2984 1955; x_wconf 88' lang='lat' dir='ltr'><strong>eos</strong></span> <span class='ocrx_word' id='word_1_237' title='bbox 3052 1900 3425 1972; x_wconf 73' lang='lat' dir='ltr'><strong>aggredienda</strong></span> <span class='ocrx_word' id='word_1_238' title='bbox 3496 1919 3619 1973; x_wconf 87' lang='lat' dir='ltr'><strong>per-</strong></span> 
     </span>
    </p>
   </div>
   <div class='ocr_carea' id='block_1_34' title="bbox 356 1991 2025 2068">
    <p class='ocr_par' dir='ltr' id='par_1_34' title="bbox 356 1991 2025 2068">
     <span class='ocr_line' id='line_1_34' title="bbox 356 1991 2025 2068; baseline -0.007 -13"><span class='ocrx_word' id='word_1_239' title='bbox 356 2007 631 2063; x_wconf 73' lang='lat' dir='ltr'><strong>sererent,</strong></span> <span class='ocrx_word' id='word_1_240' title='bbox 672 1998 766 2068; x_wconf 89' lang='lat' dir='ltr'><strong>qui</strong></span> <span class='ocrx_word' id='word_1_241' title='bbox 813 2000 884 2054; x_wconf 89' lang='lat' dir='ltr'><strong>ob</strong></span> <span class='ocrx_word' id='word_1_242' title='bbox 911 1996 1097 2052; x_wconf 86' lang='lat' dir='ltr'><strong>divina</strong></span> <span class='ocrx_word' id='word_1_243' title='bbox 1147 1996 1300 2066; x_wconf 81' lang='lat' dir='ltr'><strong>signa</strong></span> <span class='ocrx_word' id='word_1_244' title='bbox 1350 1993 1646 2066; x_wconf 75' lang='lat' dir='ltr'><strong>glorificari</strong></span> <span class='ocrx_word' id='word_1_245' title='bbox 1699 1991 2025 2046; x_wconf 85' lang='lat' dir='ltr'><strong>merentur?</strong></span> 
     </span>
    </p>
   </div>
   <div class='ocr_carea' id='block_1_35' title="bbox 435 2082 1936 2162">
    <p class='ocr_par' dir='ltr' id='par_1_35' title="bbox 435 2086 1930 2162">
     <span class='ocr_line' id='line_1_35' title="bbox 435 2086 1930 2162; baseline -0.007 -17"><span class='ocrx_word' id='word_1_246' title='bbox 435 2111 454 2145; x_wconf 83' lang='grc' dir='ltr'><strong>ι</strong></span> <span class='ocrx_word' id='word_1_247' title='bbox 490 2093 602 2145; x_wconf 79' lang='lat' dir='ltr'><strong>Kal.</strong></span> <span class='ocrx_word' id='word_1_248' title='bbox 650 2090 1015 2162; x_wconf 72' lang='grc' dir='ltr'>ἐπηγγείλατο</span> <span class='ocrx_word' id='word_1_249' title='bbox 1063 2089 1213 2159; x_wconf 79' lang='grc' dir='ltr'>αὐτῷ</span> <span class='ocrx_word' id='word_1_250' title='bbox 1251 2088 1436 2143; x_wconf 83' lang='grc' dir='ltr'>δοῦναι</span> <span class='ocrx_word' id='word_1_251' title='bbox 1482 2088 1563 2152; x_wconf 88' lang='grc' dir='ltr'>εἰς</span> <span class='ocrx_word' id='word_1_252' title='bbox 1603 2086 1930 2155; x_wconf 77' lang='grc' dir='ltr'>κατάσχεσιν</span> 
     </span>
    </p>
   </div>
   <div class='ocr_carea' id='block_1_36' title="bbox 2040 2082 3618 2162">
    <p class='ocr_par' dir='ltr' id='par_1_36' title="bbox 2113 2082 3618 2162">
     <span class='ocr_line' id='line_1_36' title="bbox 2113 2082 3618 2162; baseline 0.005 -26"><span class='ocrx_word' id='word_1_253' title='bbox 2113 2103 2130 2136; x_wconf 77' lang='grc' dir='ltr'><strong>ι</strong></span> <span class='ocrx_word' id='word_1_254' title='bbox 2166 2082 2278 2152; x_wconf 87' lang='lat' dir='ltr'><strong>Vll,</strong></span> <span class='ocrx_word' id='word_1_255' title='bbox 2306 2085 2453 2141; x_wconf 75' lang='grc'><strong>5-18.</strong></span> <span class='ocrx_word' id='word_1_256' title='bbox 2482 2085 2815 2157; x_wconf 86' lang='lat' dir='ltr'><strong>Etpromisit</strong></span> <span class='ocrx_word' id='word_1_257' title='bbox 2836 2088 2912 2142; x_wconf 91' lang='lat' dir='ltr'><strong>illi</strong></span> <span class='ocrx_word' id='word_1_258' title='bbox 2931 2103 3048 2143; x_wconf 90' lang='lat' dir='ltr'><strong>eam</strong></span> <span class='ocrx_word' id='word_1_259' title='bbox 3069 2105 3127 2144; x_wconf 89' lang='lat' dir='ltr'><strong>se</strong></span> <span class='ocrx_word' id='word_1_260' title='bbox 3143 2088 3398 2145; x_wconf 89' lang='lat' dir='ltr'><strong>daturum</strong></span> <span class='ocrx_word' id='word_1_261' title='bbox 3439 2092 3618 2162; x_wconf 80' lang='lat' dir='ltr'><strong>possi-</strong></span> 
     </span>
    </p>
   </div>
   <div class='ocr_carea' id='block_1_37' title="bbox 356 2177 1932 2255">
    <p class='ocr_par' dir='ltr' id='par_1_37' title="bbox 356 2177 1932 2255">
     <span class='ocr_line' id='line_1_37' title="bbox 356 2177 1932 2255; baseline -0.006 -17"><span class='ocrx_word' id='word_1_262' title='bbox 356 2204 377 2237; x_wconf 73' lang='grc' dir='ltr'><strong>ί</strong></span> <span class='ocrx_word' id='word_1_263' title='bbox 419 2184 609 2255; x_wconf 74' lang='grc' dir='ltr'>αὐτὴν,</span> <span class='ocrx_word' id='word_1_264' title='bbox 663 2183 759 2235; x_wconf 71' lang='grc' dir='ltr'><strong>καὶ</strong></span> <span class='ocrx_word' id='word_1_265' title='bbox 816 2181 892 2252; x_wconf 77' lang='grc' dir='ltr'>τῷ</span> <span class='ocrx_word' id='word_1_266' title='bbox 953 2181 1232 2252; x_wconf 76' lang='grc' dir='ltr'>σπέρματι</span> <span class='ocrx_word' id='word_1_267' title='bbox 1275 2180 1442 2233; x_wconf 76' lang='grc' dir='ltr'>αὐτοῦ</span> <span class='ocrx_word' id='word_1_268' title='bbox 1474 2179 1588 2250; x_wconf 80' lang='grc' dir='ltr'>μετ’</span> <span class='ocrx_word' id='word_1_269' title='bbox 1614 2179 1797 2242; x_wconf 67' lang='grc' dir='ltr'>αὑτὸν,</span> <span class='ocrx_word' id='word_1_270' title='bbox 1832 2177 1932 2229; x_wconf 76' lang='grc' dir='ltr'><strong>οὐκ</strong></span> 
     </span>
    </p>
   </div>
   <div class='ocr_carea' id='block_1_38' title="bbox 357 2269 1929 2346">
    <p class='ocr_par' dir='ltr' id='par_1_38' title="bbox 357 2269 1929 2346">
     <span class='ocr_line' id='line_1_38' title="bbox 357 2269 1929 2346; baseline -0.005 -18"><span class='ocrx_word' id='word_1_271' title='bbox 357 2296 379 2328; x_wconf 72' lang='grc' dir='ltr'><strong>ί</strong></span> <span class='ocrx_word' id='word_1_272' title='bbox 416 2276 569 2339; x_wconf 77' lang='grc' dir='ltr'>δντος</span> <span class='ocrx_word' id='word_1_273' title='bbox 598 2274 750 2346; x_wconf 79' lang='grc' dir='ltr'>αὐτῷ</span> <span class='ocrx_word' id='word_1_274' title='bbox 771 2274 982 2329; x_wconf 77' lang='grc' dir='ltr'>τέκνου.</span> <span class='ocrx_word' id='word_1_275' title='bbox 1030 2273 1289 2343; x_wconf 85' lang='grc' dir='ltr'>Ἐλάλησε</span> <span class='ocrx_word' id='word_1_276' title='bbox 1317 2272 1373 2325; x_wconf 81' lang='grc' dir='ltr'>δὲ</span> <span class='ocrx_word' id='word_1_277' title='bbox 1399 2271 1571 2333; x_wconf 73' lang='grc' dir='ltr'>οὕτως</span> <span class='ocrx_word' id='word_1_278' title='bbox 1603 2271 1632 2323; x_wconf 91' lang='lat'><strong>6</strong></span> <span class='ocrx_word' id='word_1_279' title='bbox 1669 2270 1818 2331; x_wconf 72' lang='grc' dir='ltr'>θεὸς,</span> <span class='ocrx_word' id='word_1_280' title='bbox 1847 2269 1929 2321; x_wconf 79' lang='grc' dir='ltr'>ὅτι</span> 
     </span>
    </p>
   </div>
   <div class='ocr_carea' id='block_1_39' title="bbox 358 2360 1928 2438">
    <p class='ocr_par' dir='ltr' id='par_1_39' title="bbox 358 2360 1928 2438">
     <span class='ocr_line' id='line_1_39' title="bbox 358 2360 1928 2438; baseline -0.004 -19"><span class='ocrx_word' id='word_1_281' title='bbox 358 2386 378 2419; x_wconf 75' lang='grc' dir='ltr'><strong>ι</strong></span> <span class='ocrx_word' id='word_1_282' title='bbox 419 2369 570 2422; x_wconf 79' lang='grc' dir='ltr'>ἔσται</span> <span class='ocrx_word' id='word_1_283' title='bbox 596 2367 658 2420; x_wconf 82' lang='grc' dir='ltr'>τὸ</span> <span class='ocrx_word' id='word_1_284' title='bbox 688 2367 910 2438; x_wconf 81' lang='grc' dir='ltr'>σπέρμα</span> <span class='ocrx_word' id='word_1_285' title='bbox 936 2364 1101 2420; x_wconf 76' lang='grc' dir='ltr'>αὑτοῦ</span> <span class='ocrx_word' id='word_1_286' title='bbox 1140 2364 1403 2436; x_wconf 85' lang='grc' dir='ltr'>πάροικον</span> <span class='ocrx_word' id='word_1_287' title='bbox 1448 2364 1505 2415; x_wconf 85' lang='grc' dir='ltr'><strong>ἐν</strong></span> <span class='ocrx_word' id='word_1_288' title='bbox 1538 2365 1610 2433; x_wconf 76' lang='grc' dir='ltr'>γῇ</span> <span class='ocrx_word' id='word_1_289' title='bbox 1651 2360 1928 2431; x_wconf 75' lang='grc' dir='ltr'>ἀλλοτρίᾳ,</span> 
     </span>
    </p>
   </div>
   <div class='ocr_carea' id='block_1_40' title="bbox 359 2454 1931 2525">
    <p class='ocr_par' dir='ltr' id='par_1_40' title="bbox 359 2454 1931 2525">
     <span class='ocr_line' id='line_1_40' title="bbox 359 2454 1931 2525; baseline -0.004 -14"><span class='ocrx_word' id='word_1_290' title='bbox 359 2479 379 2511; x_wconf 71' lang='grc' dir='ltr'><strong>ι</strong></span> <span class='ocrx_word' id='word_1_291' title='bbox 421 2459 512 2513; x_wconf 80' lang='grc' dir='ltr'>καὶ</span> <span class='ocrx_word' id='word_1_292' title='bbox 540 2456 901 2513; x_wconf 74' lang='grc' dir='ltr'>δουλώσουσιν</span> <span class='ocrx_word' id='word_1_293' title='bbox 933 2457 1086 2522; x_wconf 82' lang='grc' dir='ltr'>αὐτὸ,</span> <span class='ocrx_word' id='word_1_294' title='bbox 1115 2458 1210 2510; x_wconf 73' lang='grc' dir='ltr'><strong>καὶ</strong></span> <span class='ocrx_word' id='word_1_295' title='bbox 1242 2454 1586 2509; x_wconf 74' lang='grc' dir='ltr'>κακώσουσιν</span> <span class='ocrx_word' id='word_1_296' title='bbox 1616 2454 1710 2525; x_wconf 79' lang='grc' dir='ltr'><strong>ἐτη</strong></span> <span class='ocrx_word' id='word_1_297' title='bbox 1733 2469 1931 2522; x_wconf 84' lang='grc' dir='ltr'>τετρα-</span> 
     </span>
    </p>
   </div>
   <div class='ocr_carea' id='block_1_41' title="bbox 359 2544 1928 2620">
    <p class='ocr_par' dir='ltr' id='par_1_41' title="bbox 359 2544 1928 2620">
     <span class='ocr_line' id='line_1_41' title="bbox 359 2544 1928 2620; baseline -0.004 -14"><span class='ocrx_word' id='word_1_298' title='bbox 359 2573 381 2606; x_wconf 72' lang='grc' dir='ltr'><strong>α</strong></span> <span class='ocrx_word' id='word_1_299' title='bbox 424 2554 603 2607; x_wconf 80' lang='grc' dir='ltr'>κόσια.</span> <span class='ocrx_word' id='word_1_300' title='bbox 633 2553 743 2606; x_wconf 82' lang='lat' dir='ltr'><strong>Kal.</strong></span> <span class='ocrx_word' id='word_1_301' title='bbox 763 2552 823 2606; x_wconf 80' lang='grc' dir='ltr'>τὸ</span> <span class='ocrx_word' id='word_1_302' title='bbox 844 2551 997 2616; x_wconf 73' lang='grc' dir='ltr'>ἔθνος</span> <span class='ocrx_word' id='word_1_303' title='bbox 1020 2544 1064 2620; x_wconf 83' lang='grc' dir='ltr'>ᾧ</span> <span class='ocrx_word' id='word_1_304' title='bbox 1090 2551 1185 2605; x_wconf 84' lang='grc' dir='ltr'><strong>ἐὰν</strong></span> <span class='ocrx_word' id='word_1_305' title='bbox 1222 2549 1572 2613; x_wconf 65' lang='grc' dir='ltr'>δουλεύσουσι,</span> <span class='ocrx_word' id='word_1_306' title='bbox 1607 2547 1778 2620; x_wconf 84' lang='grc' dir='ltr'>κρινῶ</span> <span class='ocrx_word' id='word_1_307' title='bbox 1796 2546 1928 2615; x_wconf 83' lang='grc' dir='ltr'>ἐγὼ,</span> 
     </span>
    </p>
   </div>
   <div class='ocr_carea' id='block_1_42' title="bbox 359 2640 1931 2714">
    <p class='ocr_par' dir='ltr' id='par_1_42' title="bbox 359 2640 1931 2714">
     <span class='ocr_line' id='line_1_42' title="bbox 359 2640 1931 2714; baseline -0.004 -16"><span class='ocrx_word' id='word_1_308' title='bbox 359 2665 381 2698; x_wconf 70' lang='grc' dir='ltr'><strong>ι</strong></span> <span class='ocrx_word' id='word_1_309' title='bbox 424 2640 621 2700; x_wconf 73' lang='grc' dir='ltr'>εἶπενὸ</span> <span class='ocrx_word' id='word_1_310' title='bbox 640 2644 791 2709; x_wconf 81' lang='grc' dir='ltr'><strong>Θεός.</strong></span> <span class='ocrx_word' id='word_1_311' title='bbox 823 2645 933 2699; x_wconf 77' lang='grc' dir='ltr'><strong>Καὶ</strong></span> <span class='ocrx_word' id='word_1_312' title='bbox 962 2644 1097 2714; x_wconf 83' lang='grc' dir='ltr'><strong>μετά</strong></span> <span class='ocrx_word' id='word_1_313' title='bbox 1124 2642 1291 2697; x_wconf 80' lang='grc' dir='ltr'>ταῦτα</span> <span class='ocrx_word' id='word_1_314' title='bbox 1318 2642 1688 2708; x_wconf 75' lang='grc' dir='ltr'>ἐξελεύσονται</span> <span class='ocrx_word' id='word_1_315' title='bbox 1711 2641 1806 2695; x_wconf 65' lang='grc' dir='ltr'><strong>καλ⁵</strong></span> <span class='ocrx_word' id='word_1_316' title='bbox 1834 2640 1931 2693; x_wconf 87' lang='grc' dir='ltr'>λα·-</span> 
     </span>
    </p>
   </div>
   <div class='ocr_carea' id='block_1_43' title="bbox 359 2732 1928 2806">
    <p class='ocr_par' dir='ltr' id='par_1_43' title="bbox 359 2732 1928 2806">
     <span class='ocr_line' id='line_1_43' title="bbox 359 2732 1928 2806; baseline -0.005 -17"><span class='ocrx_word' id='word_1_317' title='bbox 359 2756 379 2789; x_wconf 76' lang='grc' dir='ltr'><strong>ι</strong></span> <span class='ocrx_word' id='word_1_318' title='bbox 414 2734 702 2806; x_wconf 86' lang='grc' dir='ltr'>τρεύσουσί</span> <span class='ocrx_word' id='word_1_319' title='bbox 737 2751 827 2805; x_wconf 90' lang='grc' dir='ltr'><strong>μοι</strong></span> <span class='ocrx_word' id='word_1_320' title='bbox 853 2735 909 2788; x_wconf 88' lang='grc' dir='ltr'><strong>ἐν</strong></span> <span class='ocrx_word' id='word_1_321' title='bbox 935 2735 1015 2805; x_wconf 80' lang='grc' dir='ltr'>τῷ</span> <span class='ocrx_word' id='word_1_322' title='bbox 1032 2732 1181 2804; x_wconf 78' lang='grc' dir='ltr'>τύπῳ</span> <span class='ocrx_word' id='word_1_323' title='bbox 1212 2733 1404 2801; x_wconf 84' lang='grc' dir='ltr'>τούτῳ.</span> <span class='ocrx_word' id='word_1_324' title='bbox 1433 2733 1543 2785; x_wconf 74' lang='grc' dir='ltr'>Καὶ</span> <span class='ocrx_word' id='word_1_325' title='bbox 1561 2733 1760 2785; x_wconf 73' lang='grc' dir='ltr'>ἔδωκεν</span> <span class='ocrx_word' id='word_1_326' title='bbox 1778 2732 1928 2801; x_wconf 77' lang='grc' dir='ltr'>αὐτῷ</span> 
     </span>
    </p>
   </div>
   <div class='ocr_carea' id='block_1_44' title="bbox 357 2822 1928 2895">
    <p class='ocr_par' dir='ltr' id='par_1_44' title="bbox 357 2822 1928 2895">
     <span class='ocr_line' id='line_1_44' title="bbox 357 2822 1928 2895; baseline -0.003 -19"><span class='ocrx_word' id='word_1_327' title='bbox 357 2842 379 2876; x_wconf 73' lang='grc' dir='ltr'><strong>ι</strong></span> <span class='ocrx_word' id='word_1_328' title='bbox 420 2823 686 2895; x_wconf 75' lang='grc' dir='ltr'>διαθήκην</span> <span class='ocrx_word' id='word_1_329' title='bbox 740 2825 1065 2895; x_wconf 80' lang='grc' dir='ltr'>περιτομῆς.</span> <span class='ocrx_word' id='word_1_330' title='bbox 1122 2825 1231 2877; x_wconf 78' lang='grc' dir='ltr'><strong>Καὶ</strong></span> <span class='ocrx_word' id='word_1_331' title='bbox 1292 2822 1464 2884; x_wconf 72' lang='grc' dir='ltr'>οὕτως</span> <span class='ocrx_word' id='word_1_332' title='bbox 1514 2823 1771 2890; x_wconf 72' lang='grc' dir='ltr'>ἐγέννησε</span> <span class='ocrx_word' id='word_1_333' title='bbox 1838 2824 1928 2873; x_wconf 71' lang='grc' dir='ltr'>τὸν</span> 
     </span>
    </p>
   </div>
   <div class='ocr_carea' id='block_1_45' title="bbox 358 2913 1926 2988">
    <p class='ocr_par' dir='ltr' id='par_1_45' title="bbox 358 2913 1926 2988">
     <span class='ocr_line' id='line_1_45' title="bbox 358 2913 1926 2988; baseline -0.001 -18"><span class='ocrx_word' id='word_1_334' title='bbox 358 2935 381 2970; x_wconf 72' lang='grc' dir='ltr'><strong>ι</strong></span> <span class='ocrx_word' id='word_1_335' title='bbox 433 2917 636 2983; x_wconf 77' lang='grc' dir='ltr'>Ἰσαὰκ,</span> <span class='ocrx_word' id='word_1_336' title='bbox 671 2915 763 2971; x_wconf 72' lang='grc' dir='ltr'><strong>καὶ</strong></span> <span class='ocrx_word' id='word_1_337' title='bbox 788 2915 1114 2988; x_wconf 75' lang='grc' dir='ltr'>περιέτεμεν</span> <span class='ocrx_word' id='word_1_338' title='bbox 1138 2913 1302 2969; x_wconf 64' lang='grc' dir='ltr'>αὑτὸν</span> <span class='ocrx_word' id='word_1_339' title='bbox 1335 2916 1400 2987; x_wconf 82' lang='grc' dir='ltr'>τῇ</span> <span class='ocrx_word' id='word_1_340' title='bbox 1439 2914 1623 2986; x_wconf 73' lang='grc' dir='ltr'>ἡμέρᾳ</span> <span class='ocrx_word' id='word_1_341' title='bbox 1654 2916 1720 2987; x_wconf 77' lang='grc' dir='ltr'>τῇ</span> <span class='ocrx_word' id='word_1_342' title='bbox 1745 2913 1926 2985; x_wconf 71' lang='grc' dir='ltr'>ὀγδῦῃ,</span> 
     </span>
    </p>
   </div>
   <div class='ocr_carea' id='block_1_46' title="bbox 360 3002 1929 3073">
    <p class='ocr_par' dir='ltr' id='par_1_46' title="bbox 360 3002 1929 3073">
     <span class='ocr_line' id='line_1_46' title="bbox 360 3002 1929 3073; baseline -0.003 -11"><span class='ocrx_word' id='word_1_343' title='bbox 360 3026 384 3061; x_wconf 87' lang='grc'><em>‹</em></span> <span class='ocrx_word' id='word_1_344' title='bbox 420 3009 514 3062; x_wconf 77' lang='grc' dir='ltr'><strong>καὶ</strong></span> <span class='ocrx_word' id='word_1_345' title='bbox 543 3011 572 3062; x_wconf 88' lang='lat'><strong>6</strong></span> <span class='ocrx_word' id='word_1_346' title='bbox 621 3007 807 3062; x_wconf 83' lang='grc' dir='ltr'>Ἰσαὰκ</span> <span class='ocrx_word' id='word_1_347' title='bbox 856 3008 946 3062; x_wconf 79' lang='grc' dir='ltr'><strong>τὸν</strong></span> <span class='ocrx_word' id='word_1_348' title='bbox 987 3002 1204 3073; x_wconf 79' lang='grc' dir='ltr'>Ἰακὼϐ,</span> <span class='ocrx_word' id='word_1_349' title='bbox 1241 3007 1335 3061; x_wconf 72' lang='grc' dir='ltr'><strong>καὶ</strong></span> <span class='ocrx_word' id='word_1_350' title='bbox 1370 3009 1398 3060; x_wconf 92' lang='lat'><strong>6</strong></span> <span class='ocrx_word' id='word_1_351' title='bbox 1439 3005 1628 3060; x_wconf 81' lang='grc' dir='ltr'>Ἰακὼὸ</span> <span class='ocrx_word' id='word_1_352' title='bbox 1661 3007 1785 3070; x_wconf 79' lang='grc' dir='ltr'>τοὺς</span> <span class='ocrx_word' id='word_1_353' title='bbox 1823 3006 1929 3059; x_wconf 66' lang='grc' dir='ltr'><strong>δὼς</strong></span> 
     </span>
    </p>
   </div>
   <div class='ocr_carea' id='block_1_47' title="bbox 361 3099 1931 3173">
    <p class='ocr_par' dir='ltr' id='par_1_47' title="bbox 361 3099 1931 3173">
     <span class='ocr_line' id='line_1_47' title="bbox 361 3099 1931 3173; baseline -0.001 -19"><span class='ocrx_word' id='word_1_354' title='bbox 361 3122 385 3154; x_wconf 71' lang='grc' dir='ltr'><strong>ε</strong></span> <span class='ocrx_word' id='word_1_355' title='bbox 419 3101 554 3155; x_wconf 84' lang='grc' dir='ltr'>δεκα</span> <span class='ocrx_word' id='word_1_356' title='bbox 607 3102 970 3173; x_wconf 74' lang='grc' dir='ltr'>πατριάρχας.</span> <span class='ocrx_word' id='word_1_357' title='bbox 1010 3103 1122 3156; x_wconf 72' lang='grc' dir='ltr'><strong>Καὶ</strong></span> <span class='ocrx_word' id='word_1_358' title='bbox 1146 3102 1195 3153; x_wconf 80' lang='lat' dir='ltr'><strong>ei</strong></span> <span class='ocrx_word' id='word_1_359' title='bbox 1233 3101 1565 3171; x_wconf 57' lang='grc' dir='ltr'>πατριάρχαι</span> <span class='ocrx_word' id='word_1_360' title='bbox 1591 3099 1931 3169; x_wconf 78' lang='grc' dir='ltr'>ζηλώσαντες</span> 
     </span>
    </p>
   </div>
   <div class='ocr_carea' id='block_1_48' title="bbox 362 3187 1930 3264">
    <p class='ocr_par' dir='ltr' id='par_1_48' title="bbox 362 3187 1930 3264">
     <span class='ocr_line' id='line_1_48' title="bbox 362 3187 1930 3264; baseline -0.001 -20"><span class='ocrx_word' id='word_1_361' title='bbox 362 3213 385 3244; x_wconf 70' lang='grc' dir='ltr'>ί</span> <span class='ocrx_word' id='word_1_362' title='bbox 416 3195 508 3247; x_wconf 73' lang='grc' dir='ltr'><strong>τὸν</strong></span> <span class='ocrx_word' id='word_1_363' title='bbox 549 3192 771 3264; x_wconf 83' lang='grc' dir='ltr'>Ἰωσὴφ,</span> <span class='ocrx_word' id='word_1_364' title='bbox 802 3194 1061 3247; x_wconf 79' lang='grc' dir='ltr'>ἀπέδοντο</span> <span class='ocrx_word' id='word_1_365' title='bbox 1085 3195 1164 3256; x_wconf 88' lang='grc' dir='ltr'>εἰς</span> <span class='ocrx_word' id='word_1_366' title='bbox 1189 3192 1481 3261; x_wconf 81' lang='grc' dir='ltr'>Αἴγυπτον.</span> <span class='ocrx_word' id='word_1_367' title='bbox 1517 3193 1625 3243; x_wconf 73' lang='grc' dir='ltr'><strong>Καὶ</strong></span> <span class='ocrx_word' id='word_1_368' title='bbox 1654 3187 1723 3261; x_wconf 77' lang='grc' dir='ltr'>ἦν</span> <span class='ocrx_word' id='word_1_369' title='bbox 1746 3192 1773 3243; x_wconf 89' lang='lat'><strong>6</strong></span> <span class='ocrx_word' id='word_1_370' title='bbox 1800 3190 1930 3254; x_wconf 80' lang='grc' dir='ltr'>Θεὸς</span> 
     </span>
    </p>
   </div>
   <div class='ocr_carea' id='block_1_49' title="bbox 362 3281 1929 3354">
    <p class='ocr_par' dir='ltr' id='par_1_49' title="bbox 362 3281 1929 3354">
     <span class='ocr_line' id='line_1_49' title="bbox 362 3281 1929 3354; baseline -0.001 -19"><span class='ocrx_word' id='word_1_371' title='bbox 362 3301 386 3335; x_wconf 70' lang='grc' dir='ltr'><strong>ε</strong></span> <span class='ocrx_word' id='word_1_372' title='bbox 422 3285 539 3354; x_wconf 77' lang='grc' dir='ltr'>μετ’</span> <span class='ocrx_word' id='word_1_373' title='bbox 563 3281 751 3348; x_wconf 80' lang='grc' dir='ltr'>αὐτοῦ,</span> <span class='ocrx_word' id='word_1_374' title='bbox 781 3283 877 3336; x_wconf 74' lang='grc' dir='ltr'>καὶ</span> <span class='ocrx_word' id='word_1_375' title='bbox 901 3282 1143 3350; x_wconf 79' lang='grc' dir='ltr'>ἐξείλετο</span> <span class='ocrx_word' id='word_1_376' title='bbox 1161 3282 1322 3336; x_wconf 76' lang='grc' dir='ltr'>αὐτὸν</span> <span class='ocrx_word' id='word_1_377' title='bbox 1354 3284 1417 3335; x_wconf 84' lang='grc' dir='ltr'><strong>ἐκ</strong></span> <span class='ocrx_word' id='word_1_378' title='bbox 1448 3281 1636 3336; x_wconf 72' lang='grc' dir='ltr'>πασῶν</span> <span class='ocrx_word' id='word_1_379' title='bbox 1679 3282 1787 3335; x_wconf 76' lang='grc' dir='ltr'><strong>τῶν</strong></span> <span class='ocrx_word' id='word_1_380' title='bbox 1814 3281 1929 3334; x_wconf 65' lang='grc' dir='ltr'>θλίε</span> 
     </span>
    </p>
   </div>
   <div class='ocr_carea' id='block_1_50' title="bbox 360 3374 1929 3447">
    <p class='ocr_par' dir='ltr' id='par_1_50' title="bbox 360 3374 1929 3447">
     <span class='ocr_line' id='line_1_50' title="bbox 360 3374 1929 3447; baseline 0.001 -18"><span class='ocrx_word' id='word_1_381' title='bbox 360 3395 383 3429; x_wconf 71' lang='grc' dir='ltr'><strong>ο</strong></span> <span class='ocrx_word' id='word_1_382' title='bbox 415 3376 563 3447; x_wconf 77' lang='grc' dir='ltr'>ψεων</span> <span class='ocrx_word' id='word_1_383' title='bbox 620 3374 809 3429; x_wconf 76' lang='grc' dir='ltr'>αὐτοῦ.</span> <span class='ocrx_word' id='word_1_384' title='bbox 862 3376 974 3429; x_wconf 71' lang='grc' dir='ltr'>Καὶ</span> <span class='ocrx_word' id='word_1_385' title='bbox 999 3375 1199 3430; x_wconf 77' lang='grc' dir='ltr'>ἔδωκεν</span> <span class='ocrx_word' id='word_1_386' title='bbox 1225 3374 1377 3445; x_wconf 77' lang='grc' dir='ltr'>αὐτῷ</span> <span class='ocrx_word' id='word_1_387' title='bbox 1419 3376 1579 3446; x_wconf 83' lang='grc' dir='ltr'>χάριν</span> <span class='ocrx_word' id='word_1_388' title='bbox 1606 3377 1701 3430; x_wconf 79' lang='grc' dir='ltr'><strong>καὶ</strong></span> <span class='ocrx_word' id='word_1_389' title='bbox 1737 3377 1929 3446; x_wconf 80' lang='grc' dir='ltr'>σοφίαν</span> 
     </span>
    </p>
   </div>
   <div class='ocr_carea' id='block_1_51' title="bbox 2042 2173 3618 2247">
    <p class='ocr_par' dir='ltr' id='par_1_51' title="bbox 2042 2173 3618 2247">
     <span class='ocr_line' id='line_1_51' title="bbox 2042 2173 3618 2247; baseline 0.004 -21"><span class='ocrx_word' id='word_1_390' title='bbox 2042 2192 2059 2224; x_wconf 77' lang='grc' dir='ltr'><strong>ι</strong></span> <span class='ocrx_word' id='word_1_391' title='bbox 2099 2173 2353 2239; x_wconf 88' lang='lat' dir='ltr'><strong>deudam,</strong></span> <span class='ocrx_word' id='word_1_392' title='bbox 2386 2183 2441 2229; x_wconf 87' lang='lat' dir='ltr'><strong>et</strong></span> <span class='ocrx_word' id='word_1_393' title='bbox 2466 2176 2800 2246; x_wconf 86' lang='lat' dir='ltr'><strong>seminiejus</strong></span> <span class='ocrx_word' id='word_1_394' title='bbox 2825 2185 2947 2247; x_wconf 88' lang='lat' dir='ltr'><strong>post</strong></span> <span class='ocrx_word' id='word_1_395' title='bbox 2976 2177 3155 2247; x_wconf 80' lang='lat' dir='ltr'><strong>ipsum</strong></span> <span class='ocrx_word' id='word_1_396' title='bbox 3179 2193 3332 2244; x_wconf 90' lang='lat' dir='ltr'><strong>,cum</strong></span> <span class='ocrx_word' id='word_1_397' title='bbox 3363 2193 3473 2232; x_wconf 90' lang='lat' dir='ltr'><strong>uou</strong></span> <span class='ocrx_word' id='word_1_398' title='bbox 3525 2180 3618 2232; x_wconf 84' lang='lat' dir='ltr'><strong>ha-</strong></span> 
     </span>
    </p>
   </div>
   <div class='ocr_carea' id='block_1_52' title="bbox 2041 2267 3617 2342">
    <p class='ocr_par' dir='ltr' id='par_1_52' title="bbox 2041 2267 3617 2342">
     <span class='ocr_line' id='line_1_52' title="bbox 2041 2267 3617 2342; baseline 0.006 -26"><span class='ocrx_word' id='word_1_399' title='bbox 2041 2284 2059 2316; x_wconf 76' lang='grc' dir='ltr'><strong>ι</strong></span> <span class='ocrx_word' id='word_1_400' title='bbox 2098 2267 2461 2322; x_wconf 79' lang='lat' dir='ltr'><strong>beretfilium.</strong></span> <span class='ocrx_word' id='word_1_401' title='bbox 2486 2267 2726 2324; x_wconf 83' lang='lat' dir='ltr'><strong>Locutus</strong></span> <span class='ocrx_word' id='word_1_402' title='bbox 2753 2280 2838 2325; x_wconf 88' lang='lat' dir='ltr'><strong>est</strong></span> <span class='ocrx_word' id='word_1_403' title='bbox 2861 2279 3047 2323; x_wconf 85' lang='lat' dir='ltr'><strong>autem</strong></span> <span class='ocrx_word' id='word_1_404' title='bbox 3082 2269 3152 2324; x_wconf 90' lang='lat' dir='ltr'><strong>ita</strong></span> <span class='ocrx_word' id='word_1_405' title='bbox 3178 2271 3321 2327; x_wconf 88' lang='lat' dir='ltr'><strong>Deus</strong></span> <span class='ocrx_word' id='word_1_406' title='bbox 3355 2272 3496 2342; x_wconf 89' lang='lat' dir='ltr'><strong>quod</strong></span> <span class='ocrx_word' id='word_1_407' title='bbox 3516 2272 3617 2324; x_wconf 63' lang='grc' dir='ltr'><strong>Τυ-</strong></span> 
     </span>
    </p>
   </div>
   <div class='ocr_carea' id='block_1_53' title="bbox 2039 2359 3612 2433">
    <p class='ocr_par' dir='ltr' id='par_1_53' title="bbox 2039 2359 3612 2433">
     <span class='ocr_line' id='line_1_53' title="bbox 2039 2359 3612 2433; baseline 0.004 -26"><span class='ocrx_word' id='word_1_408' title='bbox 2039 2373 2058 2406; x_wconf 83' lang='grc'><em>‹</em></span> <span class='ocrx_word' id='word_1_409' title='bbox 2100 2362 2283 2410; x_wconf 89' lang='lat' dir='ltr'><strong>turum</strong></span> <span class='ocrx_word' id='word_1_410' title='bbox 2301 2366 2448 2415; x_wconf 85' lang='lat' dir='ltr'><strong>esset</strong></span> <span class='ocrx_word' id='word_1_411' title='bbox 2467 2372 2650 2414; x_wconf 85' lang='lat' dir='ltr'><strong>semen</strong></span> <span class='ocrx_word' id='word_1_412' title='bbox 2675 2359 2794 2429; x_wconf 87' lang='lat' dir='ltr'><strong>ejus</strong></span> <span class='ocrx_word' id='word_1_413' title='bbox 2823 2359 3151 2429; x_wconf 88' lang='lat' dir='ltr'><strong>inquilinum</strong></span> <span class='ocrx_word' id='word_1_414' title='bbox 3170 2361 3224 2415; x_wconf 92' lang='lat' dir='ltr'><strong>in</strong></span> <span class='ocrx_word' id='word_1_415' title='bbox 3252 2371 3395 2416; x_wconf 89' lang='lat' dir='ltr'><strong>terra</strong></span> <span class='ocrx_word' id='word_1_416' title='bbox 3411 2363 3612 2433; x_wconf 85' lang='lat' dir='ltr'><strong>aliena,</strong></span> 
     </span>
    </p>
   </div>
   <div class='ocr_carea' id='block_1_54' title="bbox 2040 2448 3613 2524">
    <p class='ocr_par' dir='ltr' id='par_1_54' title="bbox 2040 2448 3613 2524">
     <span class='ocr_line' id='line_1_54' title="bbox 2040 2448 3613 2524; baseline 0.007 -26"><span class='ocrx_word' id='word_1_417' title='bbox 2040 2465 2059 2498; x_wconf 76' lang='grc' dir='ltr'><strong>ι</strong></span> <span class='ocrx_word' id='word_1_418' title='bbox 2098 2455 2151 2502; x_wconf 92' lang='lat' dir='ltr'><strong>et</strong></span> <span class='ocrx_word' id='word_1_419' title='bbox 2184 2448 2438 2503; x_wconf 81' lang='lat' dir='ltr'><strong>servituti</strong></span> <span class='ocrx_word' id='word_1_420' title='bbox 2487 2450 2665 2519; x_wconf 91' lang='lat' dir='ltr'><strong>ipsum</strong></span> <span class='ocrx_word' id='word_1_421' title='bbox 2701 2451 3470 2524; x_wconf 85' lang='lat' dir='ltr'><strong>subjecturiessentmaleque</strong></span> <span class='ocrx_word' id='word_1_422' title='bbox 3502 2461 3613 2509; x_wconf 88' lang='lat' dir='ltr'><strong>tra-</strong></span> 
     </span>
    </p>
   </div>
   <div class='ocr_carea' id='block_1_55' title="bbox 2039 2539 3614 2617">
    <p class='ocr_par' dir='ltr' id='par_1_55' title="bbox 2039 2539 3614 2617">
     <span class='ocr_line' id='line_1_55' title="bbox 2039 2539 3614 2617; baseline 0.006 -26"><span class='ocrx_word' id='word_1_423' title='bbox 2039 2556 2059 2589; x_wconf 74' lang='grc' dir='ltr'><strong>ι</strong></span> <span class='ocrx_word' id='word_1_424' title='bbox 2096 2539 2296 2592; x_wconf 87' lang='lat' dir='ltr'><strong>ctaturi</strong></span> <span class='ocrx_word' id='word_1_425' title='bbox 2328 2541 2486 2593; x_wconf 91' lang='lat' dir='ltr'><strong>annis</strong></span> <span class='ocrx_word' id='word_1_426' title='bbox 2514 2541 2947 2612; x_wconf 75' lang='lat' dir='ltr'><strong>quadringentis.</strong></span> <span class='ocrx_word' id='word_1_427' title='bbox 2975 2542 3039 2596; x_wconf 87' lang='lat' dir='ltr'><strong>Et</strong></span> <span class='ocrx_word' id='word_1_428' title='bbox 3064 2552 3276 2613; x_wconf 79' lang='lat' dir='ltr'><strong>gentem</strong></span> <span class='ocrx_word' id='word_1_429' title='bbox 3300 2547 3614 2617; x_wconf 87' lang='lat' dir='ltr'><strong>cuicunque</strong></span> 
     </span>
    </p>
   </div>
   <div class='ocr_carea' id='block_1_56' title="bbox 2039 2631 3615 2709">
    <p class='ocr_par' dir='ltr' id='par_1_56' title="bbox 2039 2631 3615 2709">
     <span class='ocr_line' id='line_1_56' title="bbox 2039 2631 3615 2709; baseline 0.008 -30"><span class='ocrx_word' id='word_1_430' title='bbox 2039 2647 2057 2679; x_wconf 76' lang='grc' dir='ltr'><strong>ι</strong></span> <span class='ocrx_word' id='word_1_431' title='bbox 2095 2631 2388 2685; x_wconf 81' lang='lat' dir='ltr'><strong>servierint</strong></span> <span class='ocrx_word' id='word_1_432' title='bbox 2415 2631 2677 2701; x_wconf 79' lang='lat' dir='ltr'><strong>iudicabo</strong></span> <span class='ocrx_word' id='word_1_433' title='bbox 2715 2648 2837 2704; x_wconf 78' lang='lat' dir='ltr'><strong>ego,</strong></span> <span class='ocrx_word' id='word_1_434' title='bbox 2865 2633 3001 2689; x_wconf 90' lang='lat' dir='ltr'><strong>dicit</strong></span> <span class='ocrx_word' id='word_1_435' title='bbox 3040 2632 3205 2692; x_wconf 80' lang='lat' dir='ltr'><strong>Deus.</strong></span> <span class='ocrx_word' id='word_1_436' title='bbox 3247 2635 3311 2691; x_wconf 88' lang='lat' dir='ltr'><strong>Et</strong></span> <span class='ocrx_word' id='word_1_437' title='bbox 3351 2648 3474 2709; x_wconf 83' lang='lat' dir='ltr'><strong>post</strong></span> <span class='ocrx_word' id='word_1_438' title='bbox 3496 2638 3615 2692; x_wconf 79' lang='lat' dir='ltr'><strong>ha-c</strong></span> 
     </span>
    </p>
   </div>
   <div class='ocr_carea' id='block_1_57' title="bbox 2038 2721 3613 2785">
    <p class='ocr_par' dir='ltr' id='par_1_57' title="bbox 2038 2721 3613 2785">
     <span class='ocr_line' id='line_1_57' title="bbox 2038 2721 3613 2785; baseline 0.008 -14"><span class='ocrx_word' id='word_1_439' title='bbox 2038 2739 2059 2771; x_wconf 74' lang='grc' dir='ltr'><strong>σ</strong></span> <span class='ocrx_word' id='word_1_440' title='bbox 2097 2721 2330 2777; x_wconf 84' lang='lat' dir='ltr'><strong>exibunt</strong></span> <span class='ocrx_word' id='word_1_441' title='bbox 2356 2732 2408 2777; x_wconf 91' lang='lat' dir='ltr'><strong>et</strong></span> <span class='ocrx_word' id='word_1_442' title='bbox 2441 2724 2681 2778; x_wconf 91' lang='lat' dir='ltr'><strong>servient</strong></span> <span class='ocrx_word' id='word_1_443' title='bbox 2709 2724 2844 2779; x_wconf 91' lang='lat' dir='ltr'><strong>mihi</strong></span> <span class='ocrx_word' id='word_1_444' title='bbox 2871 2724 2923 2779; x_wconf 90' lang='lat' dir='ltr'><strong>in</strong></span> <span class='ocrx_word' id='word_1_445' title='bbox 2968 2725 3090 2782; x_wconf 92' lang='lat' dir='ltr'><strong>loco</strong></span> <span class='ocrx_word' id='word_1_446' title='bbox 3122 2727 3251 2783; x_wconf 91' lang='lat' dir='ltr'><strong>isto.</strong></span> <span class='ocrx_word' id='word_1_447' title='bbox 3282 2726 3347 2782; x_wconf 86' lang='lat' dir='ltr'><strong>Et</strong></span> <span class='ocrx_word' id='word_1_448' title='bbox 3381 2728 3531 2785; x_wconf 86' lang='lat' dir='ltr'><strong>dedit</strong></span> <span class='ocrx_word' id='word_1_449' title='bbox 3562 2731 3613 2783; x_wconf 81' lang='lat' dir='ltr'><strong>ei</strong></span> 
     </span>
    </p>
   </div>
   <div class='ocr_carea' id='block_1_58' title="bbox 2037 2814 3612 2893">
    <p class='ocr_par' dir='ltr' id='par_1_58' title="bbox 2037 2814 3612 2893">
     <span class='ocr_line' id='line_1_58' title="bbox 2037 2814 3612 2893; baseline 0.005 -29"><span class='ocrx_word' id='word_1_450' title='bbox 2037 2831 2057 2864; x_wconf 76' lang='grc' dir='ltr'><strong>ι</strong></span> <span class='ocrx_word' id='word_1_451' title='bbox 2097 2820 2497 2869; x_wconf 85' lang='lat' dir='ltr'><strong>testamentum</strong></span> <span class='ocrx_word' id='word_1_452' title='bbox 2547 2814 3018 2872; x_wconf 86' lang='lat' dir='ltr'><strong>circumcisiouis.</strong></span> <span class='ocrx_word' id='word_1_453' title='bbox 3065 2818 3247 2889; x_wconf 84' lang='lat' dir='ltr'><strong>Atque</strong></span> <span class='ocrx_word' id='word_1_454' title='bbox 3295 2819 3386 2874; x_wconf 92' lang='lat' dir='ltr'><strong>hic</strong></span> <span class='ocrx_word' id='word_1_455' title='bbox 3424 2822 3612 2893; x_wconf 76' lang='lat' dir='ltr'><strong>genuit</strong></span> 
     </span>
    </p>
   </div>
   <div class='ocr_carea' id='block_1_59' title="bbox 2036 2904 3612 2976">
    <p class='ocr_par' dir='ltr' id='par_1_59' title="bbox 2036 2904 3612 2976">
     <span class='ocr_line' id='line_1_59' title="bbox 2036 2904 3612 2976; baseline 0.008 -21"><span class='ocrx_word' id='word_1_456' title='bbox 2036 2921 2058 2955; x_wconf 70' lang='grc' dir='ltr'><strong>ι</strong></span> <span class='ocrx_word' id='word_1_457' title='bbox 2096 2904 2270 2973; x_wconf 83' lang='lat' dir='ltr'><strong>Isaac,</strong></span> <span class='ocrx_word' id='word_1_458' title='bbox 2305 2913 2356 2961; x_wconf 87' lang='lat' dir='ltr'><strong>et</strong></span> <span class='ocrx_word' id='word_1_459' title='bbox 2388 2906 2736 2963; x_wconf 84' lang='lat' dir='ltr'><strong>circumcidit</strong></span> <span class='ocrx_word' id='word_1_460' title='bbox 2764 2924 2886 2964; x_wconf 85' lang='lat' dir='ltr'><strong>eum</strong></span> <span class='ocrx_word' id='word_1_461' title='bbox 2915 2915 3111 2963; x_wconf 87' lang='lat' dir='ltr'><strong>octavo</strong></span> <span class='ocrx_word' id='word_1_462' title='bbox 3134 2910 3243 2976; x_wconf 91' lang='lat' dir='ltr'><strong>die,</strong></span> <span class='ocrx_word' id='word_1_463' title='bbox 3262 2920 3315 2966; x_wconf 90' lang='lat' dir='ltr'><strong>et</strong></span> <span class='ocrx_word' id='word_1_464' title='bbox 3342 2911 3491 2969; x_wconf 87' lang='lat' dir='ltr'><strong>Isaac</strong></span> <span class='ocrx_word' id='word_1_465' title='bbox 3517 2910 3612 2967; x_wconf 80' lang='lat' dir='ltr'><strong>Ja-</strong></span> 
     </span>
    </p>
   </div>
   <div class='ocr_carea' id='block_1_60' title="bbox 2038 2998 3612 3072">
    <p class='ocr_par' dir='ltr' id='par_1_60' title="bbox 2038 2998 3612 3072">
     <span class='ocr_line' id='line_1_60' title="bbox 2038 2998 3612 3072; baseline 0.004 -23"><span class='ocrx_word' id='word_1_466' title='bbox 2038 3015 2059 3049; x_wconf 81' lang='grc' dir='ltr'><strong>ι</strong></span> <span class='ocrx_word' id='word_1_467' title='bbox 2097 2999 2221 3064; x_wconf 89' lang='lat' dir='ltr'><strong>cob,</strong></span> <span class='ocrx_word' id='word_1_468' title='bbox 2262 3011 2316 3055; x_wconf 87' lang='lat' dir='ltr'><strong>et</strong></span> <span class='ocrx_word' id='word_1_469' title='bbox 2343 2998 2514 3055; x_wconf 87' lang='lat' dir='ltr'><strong>Iacob</strong></span> <span class='ocrx_word' id='word_1_470' title='bbox 2555 2999 2844 3055; x_wconf 87' lang='lat' dir='ltr'><strong>duodecim</strong></span> <span class='ocrx_word' id='word_1_471' title='bbox 2879 3001 3241 3071; x_wconf 86' lang='lat' dir='ltr'><strong>patriarchas.</strong></span> <span class='ocrx_word' id='word_1_472' title='bbox 3270 3002 3335 3057; x_wconf 79' lang='lat' dir='ltr'><strong>Et</strong></span> <span class='ocrx_word' id='word_1_473' title='bbox 3379 3003 3612 3072; x_wconf 72' lang='lat' dir='ltr'><strong>patriar-</strong></span> 
     </span>
    </p>
   </div>
   <div class='ocr_carea' id='block_1_61' title="bbox 2038 3088 3607 3164">
    <p class='ocr_par' dir='ltr' id='par_1_61' title="bbox 2038 3088 3607 3164">
     <span class='ocr_line' id='line_1_61' title="bbox 2038 3088 3607 3164; baseline 0.003 -22"><span class='ocrx_word' id='word_1_474' title='bbox 2038 3108 2057 3141; x_wconf 77' lang='grc' dir='ltr'><strong>ι</strong></span> <span class='ocrx_word' id='word_1_475' title='bbox 2094 3091 2212 3145; x_wconf 83' lang='lat' dir='ltr'><strong>ehae</strong></span> <span class='ocrx_word' id='word_1_476' title='bbox 2288 3091 2498 3147; x_wconf 81' lang='lat' dir='ltr'><strong>invidia</strong></span> <span class='ocrx_word' id='word_1_477' title='bbox 2556 3092 2782 3147; x_wconf 86' lang='lat' dir='ltr'><strong>accensi</strong></span> <span class='ocrx_word' id='word_1_478' title='bbox 2839 3090 3044 3164; x_wconf 83' lang='lat' dir='ltr'><strong>Ioseph</strong></span> <span class='ocrx_word' id='word_1_479' title='bbox 3108 3088 3477 3148; x_wconf 86' lang='lat' dir='ltr'><strong>vendiderunt</strong></span> <span class='ocrx_word' id='word_1_480' title='bbox 3552 3094 3607 3146; x_wconf 91' lang='lat' dir='ltr'><strong>in</strong></span> 
     </span>
    </p>
   </div>
   <div class='ocr_carea' id='block_1_62' title="bbox 2037 3182 3607 3254">
    <p class='ocr_par' dir='ltr' id='par_1_62' title="bbox 2037 3182 3607 3254">
     <span class='ocr_line' id='line_1_62' title="bbox 2037 3182 3607 3254; baseline 0.004 -21"><span class='ocrx_word' id='word_1_481' title='bbox 2037 3200 2055 3233; x_wconf 74' lang='grc' dir='ltr'><strong>ι</strong></span> <span class='ocrx_word' id='word_1_482' title='bbox 2090 3182 2384 3254; x_wconf 66' lang='grc' dir='ltr'>Ᾱῖεγριυιη</span> <span class='ocrx_word' id='word_1_483' title='bbox 2419 3201 2433 3238; x_wconf 90' lang='lat'><strong>:</strong></span> <span class='ocrx_word' id='word_1_484' title='bbox 2466 3191 2524 3239; x_wconf 87' lang='lat' dir='ltr'><strong>et</strong></span> <span class='ocrx_word' id='word_1_485' title='bbox 2552 3192 2668 3239; x_wconf 89' lang='lat' dir='ltr'><strong>erat</strong></span> <span class='ocrx_word' id='word_1_486' title='bbox 2695 3183 2839 3238; x_wconf 90' lang='lat' dir='ltr'><strong>Deus</strong></span> <span class='ocrx_word' id='word_1_487' title='bbox 2873 3198 2997 3239; x_wconf 87' lang='lat' dir='ltr'><strong>cum</strong></span> <span class='ocrx_word' id='word_1_488' title='bbox 3028 3196 3113 3250; x_wconf 89' lang='lat' dir='ltr'><strong>eo,</strong></span> <span class='ocrx_word' id='word_1_489' title='bbox 3147 3191 3203 3239; x_wconf 92' lang='lat' dir='ltr'><strong>et</strong></span> <span class='ocrx_word' id='word_1_490' title='bbox 3227 3184 3432 3254; x_wconf 90' lang='lat' dir='ltr'><strong>eripuit</strong></span> <span class='ocrx_word' id='word_1_491' title='bbox 3486 3184 3607 3241; x_wconf 85' lang='lat' dir='ltr'><strong>eum</strong></span> 
     </span>
    </p>
   </div>
   <div class='ocr_carea' id='block_1_63' title="bbox 2038 3274 3611 3348">
    <p class='ocr_par' dir='ltr' id='par_1_63' title="bbox 2038 3274 3611 3348">
     <span class='ocr_line' id='line_1_63' title="bbox 2038 3274 3611 3348; baseline 0.003 -21"><span class='ocrx_word' id='word_1_492' title='bbox 2038 3293 2058 3327; x_wconf 79' lang='grc' dir='ltr'><strong>ι</strong></span> <span class='ocrx_word' id='word_1_493' title='bbox 2091 3290 2157 3330; x_wconf 79' lang='lat' dir='ltr'><strong>ex</strong></span> <span class='ocrx_word' id='word_1_494' title='bbox 2181 3276 2444 3331; x_wconf 86' lang='lat' dir='ltr'><strong>omnibus</strong></span> <span class='ocrx_word' id='word_1_495' title='bbox 2478 3274 2871 3330; x_wconf 79' lang='lat' dir='ltr'><strong>amictionibus</strong></span> <span class='ocrx_word' id='word_1_496' title='bbox 2899 3275 3090 3344; x_wconf 83' lang='lat' dir='ltr'><strong>ipsius,</strong></span> <span class='ocrx_word' id='word_1_497' title='bbox 3126 3285 3181 3330; x_wconf 89' lang='lat' dir='ltr'><strong>et</strong></span> <span class='ocrx_word' id='word_1_498' title='bbox 3223 3276 3372 3331; x_wconf 91' lang='lat' dir='ltr'><strong>dedit</strong></span> <span class='ocrx_word' id='word_1_499' title='bbox 3395 3278 3442 3332; x_wconf 86' lang='lat' dir='ltr'><strong>ei</strong></span> <span class='ocrx_word' id='word_1_500' title='bbox 3481 3292 3611 3348; x_wconf 78' lang='lat' dir='ltr'><strong>gra-</strong></span> 
     </span>
    </p>
   </div>
   <div class='ocr_carea' id='block_1_64' title="bbox 2039 3364 3610 3440">
    <p class='ocr_par' dir='ltr' id='par_1_64' title="bbox 2039 3364 3610 3440">
     <span class='ocr_line' id='line_1_64' title="bbox 2039 3364 3610 3440; baseline 0.003 -21"><span class='ocrx_word' id='word_1_501' title='bbox 2039 3385 2059 3418; x_wconf 79' lang='grc' dir='ltr'><strong>ι</strong></span> <span class='ocrx_word' id='word_1_502' title='bbox 2094 3366 2229 3420; x_wconf 88' lang='lat' dir='ltr'><strong>tiam</strong></span> <span class='ocrx_word' id='word_1_503' title='bbox 2253 3373 2307 3422; x_wconf 91' lang='lat' dir='ltr'><strong>et</strong></span> <span class='ocrx_word' id='word_1_504' title='bbox 2333 3367 2661 3437; x_wconf 86' lang='lat' dir='ltr'><strong>sapientiam</strong></span> <span class='ocrx_word' id='word_1_505' title='bbox 2685 3381 2867 3422; x_wconf 89' lang='lat' dir='ltr'><strong>coram</strong></span> <span class='ocrx_word' id='word_1_506' title='bbox 2898 3364 3185 3423; x_wconf 82' lang='lat' dir='ltr'><strong>Pharaone</strong></span> <span class='ocrx_word' id='word_1_507' title='bbox 3210 3382 3336 3440; x_wconf 79' lang='lat' dir='ltr'><strong>rege</strong></span> <span class='ocrx_word' id='word_1_508' title='bbox 3368 3367 3610 3440; x_wconf 62' lang='lat' dir='ltr'><strong>Egypti.</strong></span> 
     </span>
    </p>
   </div>
   <div class='ocr_carea' id='block_1_65' title="bbox 358 3449 3607 3542">
    <p class='ocr_par' dir='ltr' id='par_1_65' title="bbox 358 3449 3607 3542">
     <span class='ocr_line' id='line_1_65' title="bbox 358 3449 3607 3542; baseline 0.002 -18"><span class='ocrx_word' id='word_1_509' title='bbox 358 3490 382 3524; x_wconf 72' lang='grc' dir='ltr'><strong>ι</strong></span> <span class='ocrx_word' id='word_1_510' title='bbox 418 3468 877 3541; x_wconf 77' lang='grc' dir='ltr'>ἐναντίονΦαραὼ</span> <span class='ocrx_word' id='word_1_511' title='bbox 895 3470 1158 3542; x_wconf 75' lang='grc' dir='ltr'>βασιλέως</span> <span class='ocrx_word' id='word_1_512' title='bbox 1175 3468 1935 3542; x_wconf 73' lang='grc' dir='ltr'>Αίγύπτου.Καὶκατέστησεν</span> <span class='ocrx_word' id='word_1_513' title='bbox 1964 3449 2006 3506; x_wconf 74' lang='lat' dir='ltr'><strong>c</strong></span> <span class='ocrx_word' id='word_1_514' title='bbox 2047 3477 2068 3513; x_wconf 72' lang='grc' dir='ltr'><strong>ί</strong></span> <span class='ocrx_word' id='word_1_515' title='bbox 2103 3460 2515 3530; x_wconf 63' lang='grc' dir='ltr'><strong>(ἶοηδίῖῑυίίίίυθ</strong></span> <span class='ocrx_word' id='word_1_516' title='bbox 2556 3474 2681 3515; x_wconf 69' lang='lat' dir='ltr'><strong>eum</strong></span> <span class='ocrx_word' id='word_1_517' title='bbox 2731 3458 3045 3530; x_wconf 60' lang='grc' dir='ltr'><strong>Ρταθίεθίυπι</strong></span> <span class='ocrx_word' id='word_1_518' title='bbox 3083 3475 3248 3530; x_wconf 62' lang='lat' dir='ltr'><strong>super</strong></span> <span class='ocrx_word' id='word_1_519' title='bbox 3314 3458 3607 3532; x_wconf 60' lang='lat' dir='ltr'><strong>ESYP‘U&#39;“</strong></span> 
     </span>
    </p>
   </div>
   <div class='ocr_carea' id='block_1_66' title="bbox 360 3561 1938 3633">
    <p class='ocr_par' dir='ltr' id='par_1_66' title="bbox 360 3561 1938 3633">
     <span class='ocr_line' id='line_1_66' title="bbox 360 3561 1938 3633; baseline 0.001 -17"><span class='ocrx_word' id='word_1_520' title='bbox 360 3582 383 3616; x_wconf 70' lang='grc' dir='ltr'>ς</span> <span class='ocrx_word' id='word_1_521' title='bbox 418 3564 583 3618; x_wconf 72' lang='grc' dir='ltr'>αὑτὸν</span> <span class='ocrx_word' id='word_1_522' title='bbox 609 3561 911 3633; x_wconf 81' lang='grc' dir='ltr'>ἡγούμενον</span> <span class='ocrx_word' id='word_1_523' title='bbox 941 3565 1028 3616; x_wconf 77' lang='grc' dir='ltr'>ἐπ’</span> <span class='ocrx_word' id='word_1_524' title='bbox 1052 3561 1350 3633; x_wconf 68' lang='grc' dir='ltr'>Αἴγυπτον,</span> <span class='ocrx_word' id='word_1_525' title='bbox 1384 3563 1478 3616; x_wconf 73' lang='grc' dir='ltr'>καὶ</span> <span class='ocrx_word' id='word_1_526' title='bbox 1510 3564 1631 3618; x_wconf 82' lang='grc' dir='ltr'>ὅλον</span> <span class='ocrx_word' id='word_1_527' title='bbox 1668 3564 1761 3618; x_wconf 81' lang='grc' dir='ltr'><strong>τὸν</strong></span> <span class='ocrx_word' id='word_1_528' title='bbox 1792 3563 1938 3618; x_wconf 80' lang='grc' dir='ltr'>οἷκον</span> 
     </span>
    </p>
   </div>
   <div class='ocr_carea' id='block_1_67' title="bbox 359 3655 1934 3729">
    <p class='ocr_par' dir='ltr' id='par_1_67' title="bbox 359 3655 1934 3729">
     <span class='ocr_line' id='line_1_67' title="bbox 359 3655 1934 3729; baseline 0.001 -21"><span class='ocrx_word' id='word_1_529' title='bbox 359 3673 383 3708; x_wconf 70' lang='grc' dir='ltr'><strong>ι</strong></span> <span class='ocrx_word' id='word_1_530' title='bbox 418 3656 606 3711; x_wconf 79' lang='grc' dir='ltr'>αὑτοῦ.</span> <span class='ocrx_word' id='word_1_531' title='bbox 639 3655 811 3711; x_wconf 70' lang='grc' dir='ltr'>*Ηλθε</span> <span class='ocrx_word' id='word_1_532' title='bbox 834 3655 889 3710; x_wconf 84' lang='grc' dir='ltr'>δὲ</span> <span class='ocrx_word' id='word_1_533' title='bbox 909 3656 1066 3728; x_wconf 82' lang='grc' dir='ltr'>λιμὸς</span> <span class='ocrx_word' id='word_1_534' title='bbox 1100 3658 1183 3728; x_wconf 78' lang='grc' dir='ltr'><strong>ἐφ’</strong></span> <span class='ocrx_word' id='word_1_535' title='bbox 1221 3656 1350 3726; x_wconf 75' lang='grc' dir='ltr'>ὅλην</span> <span class='ocrx_word' id='word_1_536' title='bbox 1385 3669 1483 3729; x_wconf 83' lang='grc' dir='ltr'><strong>την</strong></span> <span class='ocrx_word' id='word_1_537' title='bbox 1514 3657 1618 3727; x_wconf 79' lang='grc' dir='ltr'>γῆν</span> <span class='ocrx_word' id='word_1_538' title='bbox 1658 3656 1934 3726; x_wconf 77' lang='grc' dir='ltr'>Αἰγύπτου</span> 
     </span>
    </p>
   </div>
   <div class='ocr_carea' id='block_1_68' title="bbox 360 3748 1936 3822">
    <p class='ocr_par' dir='ltr' id='par_1_68' title="bbox 360 3748 1936 3822">
     <span class='ocr_line' id='line_1_68' title="bbox 360 3748 1936 3822; baseline 0.001 -21"><span class='ocrx_word' id='word_1_539' title='bbox 360 3766 386 3801; x_wconf 69' lang='grc' dir='ltr'><em>ς</em></span> <span class='ocrx_word' id='word_1_540' title='bbox 422 3749 517 3802; x_wconf 82' lang='grc' dir='ltr'>καὶ</span> <span class='ocrx_word' id='word_1_541' title='bbox 554 3748 799 3818; x_wconf 76' lang='grc' dir='ltr'>Χαναὰν,</span> <span class='ocrx_word' id='word_1_542' title='bbox 830 3750 927 3803; x_wconf 79' lang='grc' dir='ltr'><strong>καὶ</strong></span> <span class='ocrx_word' id='word_1_543' title='bbox 950 3749 1127 3820; x_wconf 76' lang='grc' dir='ltr'>θλίψις</span> <span class='ocrx_word' id='word_1_544' title='bbox 1161 3749 1397 3820; x_wconf 84' lang='grc' dir='ltr'>μεγάλη,</span> <span class='ocrx_word' id='word_1_545' title='bbox 1436 3751 1533 3804; x_wconf 75' lang='grc' dir='ltr'>καὶ</span> <span class='ocrx_word' id='word_1_546' title='bbox 1553 3752 1652 3821; x_wconf 87' lang='grc' dir='ltr'>ούχ</span> <span class='ocrx_word' id='word_1_547' title='bbox 1685 3749 1936 3822; x_wconf 77' lang='grc' dir='ltr'>εὖρισκον</span> 
     </span>
    </p>
   </div>
   <div class='ocr_carea' id='block_1_69' title="bbox 362 3839 1936 3912">
    <p class='ocr_par' dir='ltr' id='par_1_69' title="bbox 362 3839 1936 3912">
     <span class='ocr_line' id='line_1_69' title="bbox 362 3839 1936 3912; baseline 0.002 -21"><span class='ocrx_word' id='word_1_548' title='bbox 362 3858 385 3891; x_wconf 71' lang='grc' dir='ltr'><strong>ε</strong></span> <span class='ocrx_word' id='word_1_549' title='bbox 418 3841 779 3912; x_wconf 77' lang='grc' dir='ltr'>χορτάσματα</span> <span class='ocrx_word' id='word_1_550' title='bbox 806 3842 856 3894; x_wconf 83' lang='lat' dir='ltr'><strong>oi</strong></span> <span class='ocrx_word' id='word_1_551' title='bbox 884 3841 1125 3912; x_wconf 80' lang='grc' dir='ltr'>πατέρες</span> <span class='ocrx_word' id='word_1_552' title='bbox 1155 3839 1332 3912; x_wconf 76' lang='grc' dir='ltr'>ἡμῶν.</span> <span class='ocrx_word' id='word_1_553' title='bbox 1368 3840 1633 3905; x_wconf 82' lang='grc' dir='ltr'>Ἀκούσας</span> <span class='ocrx_word' id='word_1_554' title='bbox 1656 3841 1712 3895; x_wconf 82' lang='grc' dir='ltr'>δὲ</span> <span class='ocrx_word' id='word_1_555' title='bbox 1743 3840 1936 3896; x_wconf 81' lang='grc' dir='ltr'>Ἰακὼϐ</span> 
     </span>
    </p>
   </div>
   <div class='ocr_carea' id='block_1_70' title="bbox 358 3931 1935 4007">
    <p class='ocr_par' dir='ltr' id='par_1_70' title="bbox 358 3931 1935 4007">
     <span class='ocr_line' id='line_1_70' title="bbox 358 3931 1935 4007; baseline 0.003 -23"><span class='ocrx_word' id='word_1_556' title='bbox 358 3951 383 3983; x_wconf 74' lang='grc' dir='ltr'><strong>ι</strong></span> <span class='ocrx_word' id='word_1_557' title='bbox 416 3932 548 3985; x_wconf 69' lang='grc' dir='ltr'>ὅντα</span> <span class='ocrx_word' id='word_1_558' title='bbox 580 3934 701 3986; x_wconf 86' lang='grc' dir='ltr'>σῖτα</span> <span class='ocrx_word' id='word_1_559' title='bbox 729 3934 786 3985; x_wconf 89' lang='grc' dir='ltr'><strong>ἐν</strong></span> <span class='ocrx_word' id='word_1_560' title='bbox 815 3931 1095 4003; x_wconf 79' lang='grc' dir='ltr'>Αἰγύπτῳ,</span> <span class='ocrx_word' id='word_1_561' title='bbox 1129 3931 1473 3996; x_wconf 77' lang='grc' dir='ltr'>ἐξαπέστειλε</span> <span class='ocrx_word' id='word_1_562' title='bbox 1527 3933 1657 3995; x_wconf 80' lang='grc' dir='ltr'>τοὺς</span> <span class='ocrx_word' id='word_1_563' title='bbox 1689 3934 1935 4007; x_wconf 79' lang='grc' dir='ltr'>πατέρας</span> 
     </span>
    </p>
   </div>
   <div class='ocr_carea' id='block_1_71' title="bbox 365 4023 1937 4099">
    <p class='ocr_par' dir='ltr' id='par_1_71' title="bbox 365 4023 1937 4099">
     <span class='ocr_line' id='line_1_71' title="bbox 365 4023 1937 4099; baseline -0.001 -19"><span class='ocrx_word' id='word_1_564' title='bbox 365 4046 387 4080; x_wconf 70' lang='grc' dir='ltr'><strong>ι</strong></span> <span class='ocrx_word' id='word_1_565' title='bbox 426 4029 459 4097; x_wconf 74' lang='grc' dir='ltr'><strong>ἡ</strong></span> <span class='ocrx_word' id='word_1_566' title='bbox 468 4026 586 4097; x_wconf 80' lang='grc' dir='ltr'>μῶν</span> <span class='ocrx_word' id='word_1_567' title='bbox 610 4023 985 4099; x_wconf 55' lang='grc' dir='ltr'>πρῶτονᾸΚαὶ</span> <span class='ocrx_word' id='word_1_568' title='bbox 1005 4024 1065 4077; x_wconf 87' lang='grc' dir='ltr'><strong>ἐν</strong></span> <span class='ocrx_word' id='word_1_569' title='bbox 1083 4024 1161 4096; x_wconf 80' lang='grc' dir='ltr'>τῷ</span> <span class='ocrx_word' id='word_1_570' title='bbox 1184 4023 1422 4093; x_wconf 82' lang='grc' dir='ltr'>δευτέρῳ</span> <span class='ocrx_word' id='word_1_571' title='bbox 1439 4024 1810 4095; x_wconf 74' lang='grc' dir='ltr'>ἀνεγνωρίσθη</span> <span class='ocrx_word' id='word_1_572' title='bbox 1825 4027 1937 4079; x_wconf 88' lang='grc' dir='ltr'><strong>Ἰω-</strong></span> 
     </span>
    </p>
   </div>
   <div class='ocr_carea' id='block_1_72' title="bbox 362 4113 1935 4188">
    <p class='ocr_par' dir='ltr' id='par_1_72' title="bbox 362 4113 1935 4188">
     <span class='ocr_line' id='line_1_72' title="bbox 362 4113 1935 4188; baseline -0.002 -18"><span class='ocrx_word' id='word_1_573' title='bbox 362 4135 386 4170; x_wconf 78' lang='grc'><em>‹</em></span> <span class='ocrx_word' id='word_1_574' title='bbox 425 4117 533 4188; x_wconf 78' lang='grc' dir='ltr'>σὴφ</span> <span class='ocrx_word' id='word_1_575' title='bbox 557 4115 947 4186; x_wconf 71' lang='grc' dir='ltr'>τοῖςίάδελφοῖς</span> <span class='ocrx_word' id='word_1_576' title='bbox 989 4113 1177 4168; x_wconf 79' lang='grc' dir='ltr'>αὑτοῦ.</span> <span class='ocrx_word' id='word_1_577' title='bbox 1212 4115 1325 4169; x_wconf 74' lang='grc' dir='ltr'><strong>Καὶ</strong></span> <span class='ocrx_word' id='word_1_578' title='bbox 1353 4114 1587 4187; x_wconf 79' lang='grc' dir='ltr'>φανερὸν</span> <span class='ocrx_word' id='word_1_579' title='bbox 1612 4114 1827 4178; x_wconf 79' lang='grc' dir='ltr'>ἐγένετο</span> <span class='ocrx_word' id='word_1_580' title='bbox 1856 4115 1935 4187; x_wconf 77' lang='grc' dir='ltr'>τῷ</span> 
     </span>
    </p>
   </div>
   <div class='ocr_carea' id='block_1_73' title="bbox 365 4205 1933 4279">
    <p class='ocr_par' dir='ltr' id='par_1_73' title="bbox 365 4205 1933 4279">
     <span class='ocr_line' id='line_1_73' title="bbox 365 4205 1933 4279; baseline 0 -18"><span class='ocrx_word' id='word_1_581' title='bbox 365 4227 386 4260; x_wconf 79' lang='grc' dir='ltr'><strong>ι</strong></span> <span class='ocrx_word' id='word_1_582' title='bbox 421 4206 621 4278; x_wconf 72' lang='grc' dir='ltr'>Φαραῷ</span> <span class='ocrx_word' id='word_1_583' title='bbox 638 4208 698 4260; x_wconf 74' lang='grc' dir='ltr'>τὸ</span> <span class='ocrx_word' id='word_1_584' title='bbox 716 4206 871 4275; x_wconf 82' lang='grc' dir='ltr'>γένος</span> <span class='ocrx_word' id='word_1_585' title='bbox 893 4205 987 4259; x_wconf 80' lang='grc' dir='ltr'>τοῦ</span> <span class='ocrx_word' id='word_1_586' title='bbox 1023 4205 1241 4276; x_wconf 82' lang='grc' dir='ltr'>Ἰωσήφ.</span> <span class='ocrx_word' id='word_1_587' title='bbox 1274 4206 1622 4270; x_wconf 79' lang='grc' dir='ltr'>Ἀποστείλας</span> <span class='ocrx_word' id='word_1_588' title='bbox 1644 4206 1702 4261; x_wconf 82' lang='grc' dir='ltr'><strong>δέ</strong></span> <span class='ocrx_word' id='word_1_589' title='bbox 1736 4205 1933 4279; x_wconf 72' lang='grc' dir='ltr'>Ἰωσὴφ</span> 
     </span>
    </p>
   </div>
   <div class='ocr_carea' id='block_1_74' title="bbox 369 4294 1933 4375">
    <p class='ocr_par' dir='ltr' id='par_1_74' title="bbox 369 4294 1933 4375">
     <span class='ocr_line' id='line_1_74' title="bbox 369 4294 1933 4375; baseline -0.002 -22"><span class='ocrx_word' id='word_1_590' title='bbox 369 4320 387 4353; x_wconf 80' lang='grc' dir='ltr'><strong>ι</strong></span> <span class='ocrx_word' id='word_1_591' title='bbox 426 4294 831 4372; x_wconf 68' lang='grc' dir='ltr'>μετακαλέσατο</span> <span class='ocrx_word' id='word_1_592' title='bbox 852 4300 944 4353; x_wconf 75' lang='grc' dir='ltr'>τὸν</span> <span class='ocrx_word' id='word_1_593' title='bbox 964 4299 1179 4369; x_wconf 81' lang='grc' dir='ltr'>πατέρα</span> <span class='ocrx_word' id='word_1_594' title='bbox 1200 4296 1369 4375; x_wconf 81' lang='grc' dir='ltr'>αὐτοῦ</span> <span class='ocrx_word' id='word_1_595' title='bbox 1409 4298 1626 4362; x_wconf 81' lang='grc' dir='ltr'>Ἰακὼϐ,</span> <span class='ocrx_word' id='word_1_596' title='bbox 1645 4299 1739 4352; x_wconf 60' lang='grc' dir='ltr'><strong>καὶ⁵</strong></span> <span class='ocrx_word' id='word_1_597' title='bbox 1755 4302 1933 4352; x_wconf 80' lang='grc' dir='ltr'>πᾶσαν</span> 
     </span>
    </p>
   </div>
   <div class='ocr_carea' id='block_1_75' title="bbox 366 4389 1928 4464">
    <p class='ocr_par' dir='ltr' id='par_1_75' title="bbox 366 4389 1928 4464">
     <span class='ocr_line' id='line_1_75' title="bbox 366 4389 1928 4464; baseline -0.001 -18"><span class='ocrx_word' id='word_1_598' title='bbox 366 4411 385 4445; x_wconf 74' lang='grc' dir='ltr'><strong>ι</strong></span> <span class='ocrx_word' id='word_1_599' title='bbox 420 4393 517 4464; x_wconf 82' lang='grc' dir='ltr'><strong>τὴν</strong></span> <span class='ocrx_word' id='word_1_600' title='bbox 589 4392 907 4460; x_wconf 69' lang='grc' dir='ltr'>συγγένειαν</span> <span class='ocrx_word' id='word_1_601' title='bbox 964 4392 1023 4445; x_wconf 81' lang='grc' dir='ltr'><strong>ἐν</strong></span> <span class='ocrx_word' id='word_1_602' title='bbox 1081 4391 1284 4463; x_wconf 76' lang='grc' dir='ltr'>ψυχαῖς</span> <span class='ocrx_word' id='word_1_603' title='bbox 1340 4389 1710 4462; x_wconf 72' lang='grc' dir='ltr'>ἑϐδομήκοντα</span> <span class='ocrx_word' id='word_1_604' title='bbox 1747 4390 1928 4445; x_wconf 63' lang='grc' dir='ltr'>πέντεέ</span> 
     </span>
    </p>
   </div>
   <div class='ocr_carea' id='block_1_76' title="bbox 366 4480 1933 4555">
    <p class='ocr_par' dir='ltr' id='par_1_76' title="bbox 366 4480 1933 4555">
     <span class='ocr_line' id='line_1_76' title="bbox 366 4480 1933 4555; baseline -0.001 -19"><span class='ocrx_word' id='word_1_605' title='bbox 366 4504 386 4536; x_wconf 73' lang='grc' dir='ltr'><strong>ι</strong></span> <span class='ocrx_word' id='word_1_606' title='bbox 425 4485 646 4555; x_wconf 76' lang='grc' dir='ltr'>Κατέόη</span> <span class='ocrx_word' id='word_1_607' title='bbox 676 4484 733 4537; x_wconf 84' lang='grc' dir='ltr'><strong>δέ</strong></span> <span class='ocrx_word' id='word_1_608' title='bbox 782 4482 978 4537; x_wconf 75' lang='grc' dir='ltr'>Ἰακὼϐ</span> <span class='ocrx_word' id='word_1_609' title='bbox 1010 4484 1090 4548; x_wconf 79' lang='grc' dir='ltr'><strong>εἰς</strong></span> <span class='ocrx_word' id='word_1_610' title='bbox 1115 4482 1413 4553; x_wconf 76' lang='grc' dir='ltr'>Αἴγυπτον,</span> <span class='ocrx_word' id='word_1_611' title='bbox 1463 4482 1560 4555; x_wconf 59' lang='grc' dir='ltr'>καὶ</span> <span class='ocrx_word' id='word_1_612' title='bbox 1585 4480 1933 4553; x_wconf 83' lang='grc' dir='ltr'>ἐτελεύτησεν</span> 
     </span>
    </p>
   </div>
   <div class='ocr_carea' id='block_1_77' title="bbox 367 4572 1931 4655">
    <p class='ocr_par' dir='ltr' id='par_1_77' title="bbox 367 4572 1931 4655">
     <span class='ocr_line' id='line_1_77' title="bbox 367 4572 1931 4655; baseline -0.002 -26"><span class='ocrx_word' id='word_1_613' title='bbox 367 4596 385 4628; x_wconf 73' lang='grc' dir='ltr'><strong>ι</strong></span> <span class='ocrx_word' id='word_1_614' title='bbox 426 4577 584 4640; x_wconf 67' lang='grc' dir='ltr'>αὐτὸς</span> <span class='ocrx_word' id='word_1_615' title='bbox 614 4576 709 4630; x_wconf 67' lang='grc' dir='ltr'><strong>καὶ</strong></span> <span class='ocrx_word' id='word_1_616' title='bbox 742 4576 792 4628; x_wconf 83' lang='grc' dir='ltr'><strong>οἱ</strong></span> <span class='ocrx_word' id='word_1_617' title='bbox 827 4576 1063 4655; x_wconf 69' lang='grc' dir='ltr'>πατέρες</span> <span class='ocrx_word' id='word_1_618' title='bbox 1102 4572 1282 4647; x_wconf 76' lang='grc' dir='ltr'>ἡμῶν,</span> <span class='ocrx_word' id='word_1_619' title='bbox 1306 4576 1401 4629; x_wconf 70' lang='grc' dir='ltr'>καὶ</span> <span class='ocrx_word' id='word_1_620' title='bbox 1454 4573 1823 4645; x_wconf 83' lang='grc' dir='ltr'>μετετέθησαν</span> <span class='ocrx_word' id='word_1_621' title='bbox 1851 4575 1931 4637; x_wconf 80' lang='grc' dir='ltr'>εἰς</span> 
     </span>
    </p>
   </div>
   <div class='ocr_carea' id='block_1_78' title="bbox 366 4665 1932 4740">
    <p class='ocr_par' dir='ltr' id='par_1_78' title="bbox 366 4665 1932 4740">
     <span class='ocr_line' id='line_1_78' title="bbox 366 4665 1932 4740; baseline -0.003 -17"><span class='ocrx_word' id='word_1_622' title='bbox 366 4689 385 4723; x_wconf 72' lang='grc' dir='ltr'><strong>ι</strong></span> <span class='ocrx_word' id='word_1_623' title='bbox 422 4670 626 4740; x_wconf 81' lang='grc' dir='ltr'>Συχὲμ,</span> <span class='ocrx_word' id='word_1_624' title='bbox 660 4669 754 4722; x_wconf 73' lang='grc' dir='ltr'><strong>καὶ</strong></span> <span class='ocrx_word' id='word_1_625' title='bbox 809 4667 1077 4738; x_wconf 84' lang='grc' dir='ltr'>ἐτέθησαν</span> <span class='ocrx_word' id='word_1_626' title='bbox 1118 4668 1176 4720; x_wconf 77' lang='grc' dir='ltr'><strong>ἐν</strong></span> <span class='ocrx_word' id='word_1_627' title='bbox 1206 4665 1580 4739; x_wconf 74' lang='grc' dir='ltr'>τῷμνήματι,</span> <span class='ocrx_word' id='word_1_628' title='bbox 1614 4665 1642 4719; x_wconf 80' lang='grc' dir='ltr'><strong>ὃ</strong></span> <span class='ocrx_word' id='word_1_629' title='bbox 1682 4666 1932 4737; x_wconf 80' lang='grc' dir='ltr'>ὠνήσατο</span> 
     </span>
    </p>
   </div>
   <div class='ocr_carea' id='block_1_79' title="bbox 368 4757 2007 4839">
    <p class='ocr_par' dir='ltr' id='par_1_79' title="bbox 368 4757 2007 4839">
     <span class='ocr_line' id='line_1_79' title="bbox 368 4757 2007 4839; baseline -0.003 -23"><span class='ocrx_word' id='word_1_630' title='bbox 368 4783 387 4816; x_wconf 73' lang='grc' dir='ltr'><strong>ι</strong></span> <span class='ocrx_word' id='word_1_631' title='bbox 434 4762 684 4834; x_wconf 79' lang='grc' dir='ltr'>Ἀϐραὰμ</span> <span class='ocrx_word' id='word_1_632' title='bbox 721 4761 888 4831; x_wconf 77' lang='grc' dir='ltr'>τιμῆς</span> <span class='ocrx_word' id='word_1_633' title='bbox 919 4759 1182 4833; x_wconf 77' lang='grc' dir='ltr'>ἀργυρίου</span> <span class='ocrx_word' id='word_1_634' title='bbox 1213 4758 1365 4830; x_wconf 79' lang='grc' dir='ltr'><strong>παρά</strong></span> <span class='ocrx_word' id='word_1_635' title='bbox 1410 4758 1516 4812; x_wconf 79' lang='grc' dir='ltr'>τῶν</span> <span class='ocrx_word' id='word_1_636' title='bbox 1544 4757 1676 4812; x_wconf 84' lang='grc' dir='ltr'>υίῶν</span> <span class='ocrx_word' id='word_1_637' title='bbox 1720 4758 1930 4829; x_wconf 77' lang='grc' dir='ltr'>Ἐμμδρ</span> <span class='ocrx_word' id='word_1_638' title='bbox 1967 4785 2007 4839; x_wconf 74' lang='lat' dir='ltr'><strong>D</strong></span> 
     </span>
    </p>
   </div>
   <div class='ocr_carea' id='block_1_80' title="bbox 368 4848 1928 4927">
    <p class='ocr_par' dir='ltr' id='par_1_80' title="bbox 368 4848 1928 4927">
     <span class='ocr_line' id='line_1_80' title="bbox 368 4848 1928 4927; baseline -0.004 -17"><span class='ocrx_word' id='word_1_639' title='bbox 368 4878 387 4910; x_wconf 78' lang='grc' dir='ltr'><strong>ι</strong></span> <span class='ocrx_word' id='word_1_640' title='bbox 423 4856 514 4910; x_wconf 81' lang='grc' dir='ltr'><strong>τού</strong></span> <span class='ocrx_word' id='word_1_641' title='bbox 544 4856 744 4927; x_wconf 75' lang='grc' dir='ltr'>Συχέμ.</span> <span class='ocrx_word' id='word_1_642' title='bbox 770 4853 966 4915; x_wconf 79' lang='grc' dir='ltr'>Καθὼς</span> <span class='ocrx_word' id='word_1_643' title='bbox 1003 4853 1057 4906; x_wconf 80' lang='grc' dir='ltr'>δὲ</span> <span class='ocrx_word' id='word_1_644' title='bbox 1100 4848 1376 4927; x_wconf 79' lang='grc' dir='ltr'>ἧγγιζενδ</span> <span class='ocrx_word' id='word_1_645' title='bbox 1404 4851 1593 4921; x_wconf 74' lang='grc' dir='ltr'>χρόνος</span> <span class='ocrx_word' id='word_1_646' title='bbox 1622 4852 1723 4921; x_wconf 78' lang='grc' dir='ltr'>τῆς</span> <span class='ocrx_word' id='word_1_647' title='bbox 1756 4852 1928 4918; x_wconf 77' lang='grc' dir='ltr'>ἐπαγ-</span> 
     </span>
    </p>
   </div>
   <div class='ocr_carea' id='block_1_81' title="bbox 369 4926 1931 5019">
    <p class='ocr_par' dir='ltr' id='par_1_81' title="bbox 369 4926 1931 5019">
     <span class='ocr_line' id='line_1_81' title="bbox 369 4926 1931 5019; baseline -0.005 -18"><span class='ocrx_word' id='word_1_648' title='bbox 369 4968 387 5001; x_wconf 81' lang='grc' dir='ltr'><strong>ι</strong></span> <span class='ocrx_word' id='word_1_649' title='bbox 427 4948 633 5016; x_wconf 80' lang='grc' dir='ltr'>γελίας,</span> <span class='ocrx_word' id='word_1_650' title='bbox 660 4942 729 5019; x_wconf 76' lang='grc' dir='ltr'>ἧς</span> <span class='ocrx_word' id='word_1_651' title='bbox 750 4943 962 5013; x_wconf 65' lang='grc' dir='ltr'>ὤμοσεν</span> <span class='ocrx_word' id='word_1_652' title='bbox 987 4945 1015 4995; x_wconf 92' lang='lat'><strong>6</strong></span> <span class='ocrx_word' id='word_1_653' title='bbox 1036 4943 1170 5006; x_wconf 73' lang='grc' dir='ltr'>Θεὸς</span> <span class='ocrx_word' id='word_1_654' title='bbox 1206 4942 1283 5013; x_wconf 82' lang='grc' dir='ltr'>τῷ</span> <span class='ocrx_word' id='word_1_655' title='bbox 1334 4926 1617 5010; x_wconf 64' lang='grc' dir='ltr'><strong>’Ἀϐραὰμ,’</strong></span> <span class='ocrx_word' id='word_1_656' title='bbox 1639 4938 1883 5010; x_wconf 73' lang='grc' dir='ltr'>ηὔξησεν</span> <span class='ocrx_word' id='word_1_657' title='bbox 1903 4942 1931 4993; x_wconf 88' lang='lat'><strong>6</strong></span> 
     </span>
    </p>
   </div>
   <div class='ocr_carea' id='block_1_82' title="bbox 369 5026 1924 5109">
    <p class='ocr_par' dir='ltr' id='par_1_82' title="bbox 369 5026 1924 5109">
     <span class='ocr_line' id='line_1_82' title="bbox 369 5026 1924 5109; baseline -0.006 -13"><span class='ocrx_word' id='word_1_658' title='bbox 369 5062 386 5096; x_wconf 78' lang='grc' dir='ltr'><strong>ι</strong></span> <span class='ocrx_word' id='word_1_659' title='bbox 430 5043 553 5103; x_wconf 75' lang='grc' dir='ltr'>λαδς</span> <span class='ocrx_word' id='word_1_660' title='bbox 576 5044 671 5093; x_wconf 66' lang='grc' dir='ltr'><strong>καὶ</strong></span> <span class='ocrx_word' id='word_1_661' title='bbox 711 5038 1017 5109; x_wconf 78' lang='grc' dir='ltr'>ἐπληθύνθη</span> <span class='ocrx_word' id='word_1_662' title='bbox 1052 5040 1107 5089; x_wconf 82' lang='grc' dir='ltr'><strong>ἐν</strong></span> <span class='ocrx_word' id='word_1_663' title='bbox 1136 5036 1410 5104; x_wconf 78' lang='grc' dir='ltr'>Αἰγύπτῳ,</span> <span class='ocrx_word' id='word_1_664' title='bbox 1437 5037 1594 5107; x_wconf 71' lang='grc' dir='ltr'>ἄχρις</span> <span class='ocrx_word' id='word_1_665' title='bbox 1635 5026 1696 5087; x_wconf 72' lang='grc' dir='ltr'>οὗ</span> <span class='ocrx_word' id='word_1_666' title='bbox 1729 5034 1924 5104; x_wconf 79' lang='grc' dir='ltr'>ἀνέστη</span> 
     </span>
    </p>
   </div>
   <div class='ocr_carea' id='block_1_83' title="bbox 367 5127 1710 5203">
    <p class='ocr_par' dir='ltr' id='par_1_83' title="bbox 367 5127 1710 5203">
     <span class='ocr_line' id='line_1_83' title="bbox 367 5127 1710 5203; baseline -0.007 -16"><span class='ocrx_word' id='word_1_667' title='bbox 367 5153 385 5187; x_wconf 78' lang='grc' dir='ltr'><strong>ι</strong></span> <span class='ocrx_word' id='word_1_668' title='bbox 431 5133 685 5203; x_wconf 74' lang='grc' dir='ltr'>βασιλεὺς</span> <span class='ocrx_word' id='word_1_669' title='bbox 712 5130 923 5198; x_wconf 74' lang='grc' dir='ltr'>ἕτερος,</span> <span class='ocrx_word' id='word_1_670' title='bbox 952 5128 1011 5192; x_wconf 84' lang='grc' dir='ltr'>ὃς</span> <span class='ocrx_word' id='word_1_671' title='bbox 1041 5129 1140 5181; x_wconf 81' lang='grc' dir='ltr'><strong>ούκ</strong></span> <span class='ocrx_word' id='word_1_672' title='bbox 1166 5128 1280 5199; x_wconf 76' lang='grc' dir='ltr'>ᾔδει</span> <span class='ocrx_word' id='word_1_673' title='bbox 1304 5128 1394 5181; x_wconf 69' lang='grc' dir='ltr'>τὸν</span> <span class='ocrx_word' id='word_1_674' title='bbox 1429 5127 1650 5196; x_wconf 78' lang='grc' dir='ltr'>Ἰωσήφ.</span> <span class='ocrx_word' id='word_1_675' title='bbox 1692 5144 1710 5177; x_wconf 74' lang='grc' dir='ltr'><strong>ι</strong></span> 
     </span>
    </p>
   </div>
   <div class='ocr_carea' id='block_1_84' title="bbox 442 5212 1929 5286">
    <p class='ocr_par' dir='ltr' id='par_1_84' title="bbox 442 5212 1929 5286">
     <span class='ocr_line' id='line_1_84' title="bbox 442 5212 1929 5286; baseline -0.011 -14"><span class='ocrx_word' id='word_1_676' title='bbox 442 5221 538 5272; x_wconf 81' lang='grc' dir='ltr'>Ἐκ</span> <span class='ocrx_word' id='word_1_677' title='bbox 568 5217 775 5270; x_wconf 81' lang='grc' dir='ltr'>πολλῶν</span> <span class='ocrx_word' id='word_1_678' title='bbox 797 5217 885 5269; x_wconf 79' lang='grc' dir='ltr'><strong>διὰ</strong></span> <span class='ocrx_word' id='word_1_679' title='bbox 906 5217 1001 5283; x_wconf 79' lang='grc' dir='ltr'>τῆς</span> <span class='ocrx_word' id='word_1_680' title='bbox 1024 5217 1386 5286; x_wconf 83' lang='grc' dir='ltr'>προκειμένης</span> <span class='ocrx_word' id='word_1_681' title='bbox 1412 5212 1751 5285; x_wconf 72' lang='grc' dir='ltr'>δημηγορίας</span> <span class='ocrx_word' id='word_1_682' title='bbox 1772 5216 1801 5267; x_wconf 77' lang='grc' dir='ltr'><strong>ὁ</strong></span> <span class='ocrx_word' id='word_1_683' title='bbox 1822 5232 1929 5284; x_wconf 85' lang='grc' dir='ltr'>μα-</span> 
     </span>
    </p>
   </div>
   <div class='ocr_carea' id='block_1_85' title="bbox 364 5306 1936 5377">
    <p class='ocr_par' dir='ltr' id='par_1_85' title="bbox 364 5306 1936 5377">
     <span class='ocr_line' id='line_1_85' title="bbox 364 5306 1936 5377; baseline -0.003 -15"><span class='ocrx_word' id='word_1_684' title='bbox 364 5314 551 5377; x_wconf 67' lang='grc' dir='ltr'>κᾶριος</span> <span class='ocrx_word' id='word_1_685' title='bbox 600 5309 875 5375; x_wconf 66' lang='grc' dir='ltr'>Στέφανος</span> <span class='ocrx_word' id='word_1_686' title='bbox 930 5307 1223 5377; x_wconf 83' lang='grc' dir='ltr'>ἁπελέγχει</span> <span class='ocrx_word' id='word_1_687' title='bbox 1272 5307 1363 5359; x_wconf 78' lang='grc' dir='ltr'><strong>καὶ</strong></span> <span class='ocrx_word' id='word_1_688' title='bbox 1409 5306 1508 5377; x_wconf 84' lang='grc' dir='ltr'><strong>τὴν</strong></span> <span class='ocrx_word' id='word_1_689' title='bbox 1560 5306 1751 5359; x_wconf 75' lang='grc' dir='ltr'>ἑαυτοῦ</span> <span class='ocrx_word' id='word_1_690' title='bbox 1799 5306 1936 5375; x_wconf 79' lang='grc' dir='ltr'>πρὸς</span> 
     </span>
    </p>
   </div>
   <div class='ocr_carea' id='block_1_86' title="bbox 364 5397 1935 5469">
    <p class='ocr_par' dir='ltr' id='par_1_86' title="bbox 364 5397 1935 5469">
     <span class='ocr_line' id='line_1_86' title="bbox 364 5397 1935 5469; baseline -0.003 -15"><span class='ocrx_word' id='word_1_691' title='bbox 364 5403 485 5464; x_wconf 69' lang='grc' dir='ltr'>τοὺς</span> <span class='ocrx_word' id='word_1_692' title='bbox 527 5401 813 5463; x_wconf 77' lang='grc' dir='ltr'>Ἰουδαίους</span> <span class='ocrx_word' id='word_1_693' title='bbox 849 5400 1157 5469; x_wconf 72' lang='grc' dir='ltr'>εὐμένειαν,</span> <span class='ocrx_word' id='word_1_694' title='bbox 1188 5399 1282 5451; x_wconf 74' lang='grc' dir='ltr'><strong>καὶ</strong></span> <span class='ocrx_word' id='word_1_695' title='bbox 1308 5398 1404 5469; x_wconf 78' lang='grc' dir='ltr'>τὴν</span> <span class='ocrx_word' id='word_1_696' title='bbox 1429 5399 1651 5462; x_wconf 84' lang='grc' dir='ltr'>ἐκείνων</span> <span class='ocrx_word' id='word_1_697' title='bbox 1680 5397 1815 5468; x_wconf 78' lang='grc' dir='ltr'>πρὸς</span> <span class='ocrx_word' id='word_1_698' title='bbox 1846 5398 1935 5451; x_wconf 71' lang='lat' dir='ltr'><strong>a6-</strong></span> 
     </span>
    </p>
   </div>
   <div class='ocr_carea' id='block_1_87' title="bbox 360 5489 1934 5562">
    <p class='ocr_par' dir='ltr' id='par_1_87' title="bbox 360 5489 1934 5562">
     <span class='ocr_line' id='line_1_87' title="bbox 360 5489 1934 5562; baseline -0.005 -14"><span class='ocrx_word' id='word_1_699' title='bbox 360 5496 451 5548; x_wconf 63' lang='grc' dir='ltr'><strong>τον</strong></span> <span class='ocrx_word' id='word_1_700' title='bbox 474 5494 796 5561; x_wconf 73' lang='grc' dir='ltr'>ἀγριότητα.</span> <span class='ocrx_word' id='word_1_701' title='bbox 833 5491 904 5544; x_wconf 79' lang='grc' dir='ltr'>Τὸ</span> <span class='ocrx_word' id='word_1_702' title='bbox 933 5495 1049 5562; x_wconf 49' lang='grc' dir='ltr'>γὲηρ-</span> <span class='ocrx_word' id='word_1_703' title='bbox 1079 5493 1151 5554; x_wconf 82' lang='grc' dir='ltr'>ὡς</span> <span class='ocrx_word' id='word_1_704' title='bbox 1175 5492 1311 5561; x_wconf 68' lang='grc' dir='ltr'>πρὸς</span> <span class='ocrx_word' id='word_1_705' title='bbox 1341 5490 1605 5558; x_wconf 74' lang='grc' dir='ltr'>ἀδελφοὺς</span> <span class='ocrx_word' id='word_1_706' title='bbox 1641 5489 1730 5542; x_wconf 70' lang='grc' dir='ltr'><strong>καὶ</strong></span> <span class='ocrx_word' id='word_1_707' title='bbox 1768 5490 1934 5540; x_wconf 78' lang='grc' dir='ltr'>πατέ-</span> 
     </span>
    </p>
   </div>
   <div class='ocr_carea' id='block_1_88' title="bbox 367 5579 1936 5657">
    <p class='ocr_par' dir='ltr' id='par_1_88' title="bbox 367 5579 1936 5657">
     <span class='ocr_line' id='line_1_88' title="bbox 367 5579 1936 5657; baseline -0.005 -19"><span class='ocrx_word' id='word_1_708' title='bbox 367 5602 463 5657; x_wconf 73' lang='grc' dir='ltr'><strong>ρας</strong></span> <span class='ocrx_word' id='word_1_709' title='bbox 490 5585 799 5638; x_wconf 84' lang='grc' dir='ltr'>ἀποτείνειν</span> <span class='ocrx_word' id='word_1_710' title='bbox 830 5583 918 5634; x_wconf 78' lang='grc' dir='ltr'><strong>τὸν</strong></span> <span class='ocrx_word' id='word_1_711' title='bbox 943 5583 1118 5647; x_wconf 81' lang='grc' dir='ltr'>λόγον,</span> <span class='ocrx_word' id='word_1_712' title='bbox 1148 5582 1199 5633; x_wconf 86' lang='grc' dir='ltr'><strong>τί</strong></span> <span class='ocrx_word' id='word_1_713' title='bbox 1242 5581 1308 5634; x_wconf 84' lang='grc' dir='ltr'>ἂν</span> <span class='ocrx_word' id='word_1_714' title='bbox 1349 5581 1475 5634; x_wconf 71' lang='grc' dir='ltr'>ἄλλο</span> <span class='ocrx_word' id='word_1_715' title='bbox 1496 5581 1581 5633; x_wconf 71' lang='grc' dir='ltr'><strong>διὰ</strong></span> <span class='ocrx_word' id='word_1_716' title='bbox 1606 5580 1811 5632; x_wconf 83' lang='grc' dir='ltr'>τούτων</span> <span class='ocrx_word' id='word_1_717' title='bbox 1828 5579 1936 5631; x_wconf 78' lang='grc' dir='ltr'><strong>τῶν</strong></span> 
     </span>
    </p>
   </div>
   <div class='ocr_carea' id='block_1_89' title="bbox 362 5673 1937 5748">
    <p class='ocr_par' dir='ltr' id='par_1_89' title="bbox 362 5673 1937 5748">
     <span class='ocr_line' id='line_1_89' title="bbox 362 5673 1937 5748; baseline -0.004 -18"><span class='ocrx_word' id='word_1_718' title='bbox 362 5679 640 5748; x_wconf 81' lang='grc' dir='ltr'>ὀνομάτων</span> <span class='ocrx_word' id='word_1_719' title='bbox 667 5674 1015 5743; x_wconf 79' lang='grc' dir='ltr'>δείκνυται,ἣ</span> <span class='ocrx_word' id='word_1_720' title='bbox 1050 5676 1110 5725; x_wconf 72' lang='grc' dir='ltr'>τὸ</span> <span class='ocrx_word' id='word_1_721' title='bbox 1141 5674 1259 5725; x_wconf 83' lang='grc' dir='ltr'>κατ’</span> <span class='ocrx_word' id='word_1_722' title='bbox 1284 5673 1458 5739; x_wconf 60' lang='grc' dir='ltr'>ἀξίαν,</span> <span class='ocrx_word' id='word_1_723' title='bbox 1486 5675 1583 5743; x_wconf 82' lang='grc' dir='ltr'>τῆς</span> <span class='ocrx_word' id='word_1_724' title='bbox 1615 5674 1937 5741; x_wconf 83' lang='grc' dir='ltr'>συγγενείας</span> 
     </span>
    </p>
   </div>
   <div class='ocr_carea' id='block_1_90' title="bbox 363 5765 1938 5840">
    <p class='ocr_par' dir='ltr' id='par_1_90' title="bbox 363 5765 1938 5840">
     <span class='ocr_line' id='line_1_90' title="bbox 363 5765 1938 5840; baseline -0.003 -18"><span class='ocrx_word' id='word_1_725' title='bbox 363 5771 496 5840; x_wconf 75' lang='grc' dir='ltr'>πρὸς</span> <span class='ocrx_word' id='word_1_726' title='bbox 538 5770 740 5827; x_wconf 76' lang='grc' dir='ltr'>αὐτοὺς</span> <span class='ocrx_word' id='word_1_727' title='bbox 780 5768 1078 5838; x_wconf 73' lang='grc' dir='ltr'>φέρεσθαι;</span> <span class='ocrx_word' id='word_1_728' title='bbox 1136 5767 1263 5828; x_wconf 76' lang='grc' dir='ltr'>τοὺς</span> <span class='ocrx_word' id='word_1_729' title='bbox 1307 5766 1590 5827; x_wconf 70' lang='grc' dir='ltr'>Ἰουδαίους</span> <span class='ocrx_word' id='word_1_730' title='bbox 1637 5765 1692 5816; x_wconf 77' lang='grc' dir='ltr'>δὲ</span> <span class='ocrx_word' id='word_1_731' title='bbox 1742 5768 1938 5836; x_wconf 67' lang='grc' dir='ltr'>μικρ¹ν</span> 
     </span>
    </p>
   </div>
   <div class='ocr_carea' id='block_1_91' title="bbox 362 5858 1930 5933">
    <p class='ocr_par' dir='ltr' id='par_1_91' title="bbox 362 5858 1930 5933">
     <span class='ocr_line' id='line_1_91' title="bbox 362 5858 1930 5933; baseline -0.003 -20"><span class='ocrx_word' id='word_1_732' title='bbox 362 5866 535 5932; x_wconf 77' lang='grc' dir='ltr'>τούτῳ</span> <span class='ocrx_word' id='word_1_733' title='bbox 572 5859 1027 5933; x_wconf 70' lang='grc' dir='ltr'>προσανέχοντας,</span> <span class='ocrx_word' id='word_1_734' title='bbox 1070 5862 1174 5922; x_wconf 42' lang='grc' dir='ltr'>ταῖς</span> <span class='ocrx_word' id='word_1_735' title='bbox 1214 5860 1266 5911; x_wconf 73' lang='grc' dir='ltr'>δὲ</span> <span class='ocrx_word' id='word_1_736' title='bbox 1305 5859 1371 5911; x_wconf 73' lang='grc' dir='ltr'>δι’</span> <span class='ocrx_word' id='word_1_737' title='bbox 1403 5858 1565 5911; x_wconf 65' lang='grc' dir='ltr'>αὑτοῦ</span> <span class='ocrx_word' id='word_1_738' title='bbox 1602 5858 1799 5927; x_wconf 66' lang='grc' dir='ltr'>μᾶλλον</span> <span class='ocrx_word' id='word_1_739' title='bbox 1836 5873 1930 5927; x_wconf 88' lang='grc' dir='ltr'>ση-</span> 
     </span>
    </p>
   </div>
   <div class='ocr_carea' id='block_1_92' title="bbox 2047 3547 3611 3610">
    <p class='ocr_par' dir='ltr' id='par_1_92' title="bbox 2047 3547 3611 3610">
     <span class='ocr_line' id='line_1_92' title="bbox 2047 3547 3611 3610; baseline 0.001 -4"><span class='ocrx_word' id='word_1_740' title='bbox 2047 3573 2067 3606; x_wconf 74' lang='grc' dir='ltr'><strong>ι</strong></span> <span class='ocrx_word' id='word_1_741' title='bbox 2112 3568 2176 3610; x_wconf 91' lang='lat' dir='ltr'><strong>ac</strong></span> <span class='ocrx_word' id='word_1_742' title='bbox 2204 3561 2372 3608; x_wconf 81' lang='lat' dir='ltr'><strong>totam</strong></span> <span class='ocrx_word' id='word_1_743' title='bbox 2404 3552 2629 3607; x_wconf 89' lang='lat' dir='ltr'><strong>domum</strong></span> <span class='ocrx_word' id='word_1_744' title='bbox 2671 3566 2851 3610; x_wconf 85' lang='lat' dir='ltr'><strong>suam.</strong></span> <span class='ocrx_word' id='word_1_745' title='bbox 2891 3547 3053 3607; x_wconf 81' lang='lat' dir='ltr'><strong>Venit</strong></span> <span class='ocrx_word' id='word_1_746' title='bbox 3088 3560 3273 3609; x_wconf 89' lang='lat' dir='ltr'><strong>autem</strong></span> <span class='ocrx_word' id='word_1_747' title='bbox 3308 3552 3478 3610; x_wconf 80' lang='lat' dir='ltr'><strong>fames</strong></span> <span class='ocrx_word' id='word_1_748' title='bbox 3512 3566 3611 3610; x_wconf 58' lang='lat' dir='ltr'><strong>sun</strong></span> 
     </span>
    </p>
   </div>
   <div class='ocr_carea' id='block_1_93' title="bbox 2045 3643 3610 3717">
    <p class='ocr_par' dir='ltr' id='par_1_93' title="bbox 2045 3643 3610 3717">
     <span class='ocr_line' id='line_1_93' title="bbox 2045 3643 3610 3717; baseline 0.002 -19"><span class='ocrx_word' id='word_1_749' title='bbox 2045 3663 2065 3698; x_wconf 73' lang='grc' dir='ltr'><strong>ι</strong></span> <span class='ocrx_word' id='word_1_750' title='bbox 2101 3662 2199 3717; x_wconf 92' lang='lat' dir='ltr'><strong>per</strong></span> <span class='ocrx_word' id='word_1_751' title='bbox 2220 3647 2532 3703; x_wconf 83' lang='lat' dir='ltr'><strong>universam</strong></span> <span class='ocrx_word' id='word_1_752' title='bbox 2572 3654 2773 3703; x_wconf 88' lang='lat' dir='ltr'><strong>terram</strong></span> <span class='ocrx_word' id='word_1_753' title='bbox 2817 3643 3033 3717; x_wconf 63' lang='lat' dir='ltr'><strong>Egypt!</strong></span> <span class='ocrx_word' id='word_1_754' title='bbox 3071 3653 3125 3701; x_wconf 88' lang='lat' dir='ltr'><strong>et</strong></span> <span class='ocrx_word' id='word_1_755' title='bbox 3168 3645 3452 3712; x_wconf 85' lang='lat' dir='ltr'><strong>Chanaan,</strong></span> <span class='ocrx_word' id='word_1_756' title='bbox 3490 3661 3610 3701; x_wconf 85' lang='lat' dir='ltr'><strong>ma-</strong></span> 
     </span>
    </p>
   </div>
   <div class='ocr_carea' id='block_1_94' title="bbox 2046 3736 3610 3809">
    <p class='ocr_par' dir='ltr' id='par_1_94' title="bbox 2046 3736 3610 3809">
     <span class='ocr_line' id='line_1_94' title="bbox 2046 3736 3610 3809; baseline 0.003 -21"><span class='ocrx_word' id='word_1_757' title='bbox 2046 3755 2064 3788; x_wconf 75' lang='grc' dir='ltr'><strong>ι</strong></span> <span class='ocrx_word' id='word_1_758' title='bbox 2107 3753 2327 3809; x_wconf 76' lang='lat' dir='ltr'><strong>gnaque</strong></span> <span class='ocrx_word' id='word_1_759' title='bbox 2381 3737 2635 3803; x_wconf 79' lang='lat' dir='ltr'><strong>afﬂictio,</strong></span> <span class='ocrx_word' id='word_1_760' title='bbox 2687 3751 2790 3792; x_wconf 89' lang='lat' dir='ltr'><strong>nec</strong></span> <span class='ocrx_word' id='word_1_761' title='bbox 2824 3736 3180 3793; x_wconf 84' lang='lat' dir='ltr'><strong>inveniebant</strong></span> <span class='ocrx_word' id='word_1_762' title='bbox 3224 3737 3377 3792; x_wconf 81' lang='lat' dir='ltr'><strong>cibos</strong></span> <span class='ocrx_word' id='word_1_763' title='bbox 3425 3745 3610 3808; x_wconf 65' lang='lat' dir='ltr'><strong>patres</strong></span> 
     </span>
    </p>
   </div>
   <div class='ocr_carea' id='block_1_95' title="bbox 2043 3827 3607 3900">
    <p class='ocr_par' dir='ltr' id='par_1_95' title="bbox 2043 3827 3607 3900">
     <span class='ocr_line' id='line_1_95' title="bbox 2043 3827 3607 3900; baseline 0.003 -18"><span class='ocrx_word' id='word_1_764' title='bbox 2043 3847 2062 3882; x_wconf 75' lang='grc' dir='ltr'><strong>ι</strong></span> <span class='ocrx_word' id='word_1_765' title='bbox 2094 3830 2293 3885; x_wconf 89' lang='lat' dir='ltr'><strong>nostri.</strong></span> <span class='ocrx_word' id='word_1_766' title='bbox 2328 3830 2575 3886; x_wconf 81' lang='lat' dir='ltr'><strong>Audiens</strong></span> <span class='ocrx_word' id='word_1_767' title='bbox 2603 3838 2787 3885; x_wconf 87' lang='lat' dir='ltr'><strong>autem</strong></span> <span class='ocrx_word' id='word_1_768' title='bbox 2822 3827 2995 3886; x_wconf 87' lang='lat' dir='ltr'><strong>Iacob</strong></span> <span class='ocrx_word' id='word_1_769' title='bbox 3028 3829 3175 3900; x_wconf 86' lang='lat' dir='ltr'><strong>quod</strong></span> <span class='ocrx_word' id='word_1_770' title='bbox 3209 3830 3481 3885; x_wconf 80' lang='lat' dir='ltr'><strong>frumenta</strong></span> <span class='ocrx_word' id='word_1_771' title='bbox 3518 3845 3607 3886; x_wconf 84' lang='lat' dir='ltr'><strong>es-</strong></span> 
     </span>
    </p>
   </div>
   <div class='ocr_carea' id='block_1_96' title="bbox 2045 3920 3610 3993">
    <p class='ocr_par' dir='ltr' id='par_1_96' title="bbox 2045 3920 3610 3993">
     <span class='ocr_line' id='line_1_96' title="bbox 2045 3920 3610 3993; baseline 0.001 -20"><span class='ocrx_word' id='word_1_772' title='bbox 2045 3943 2063 3973; x_wconf 77' lang='grc'><strong><em>‹</em></strong></span> <span class='ocrx_word' id='word_1_773' title='bbox 2101 3932 2223 3978; x_wconf 86' lang='lat' dir='ltr'><strong>sent</strong></span> <span class='ocrx_word' id='word_1_774' title='bbox 2266 3921 2323 3978; x_wconf 91' lang='lat' dir='ltr'><strong>in</strong></span> <span class='ocrx_word' id='word_1_775' title='bbox 2373 3920 2623 3993; x_wconf 63' lang='lat' dir='ltr'><strong>Egypto,</strong></span> <span class='ocrx_word' id='word_1_776' title='bbox 2673 3921 2821 3976; x_wconf 85' lang='lat' dir='ltr'><strong>misit</strong></span> <span class='ocrx_word' id='word_1_777' title='bbox 2861 3931 3050 3992; x_wconf 88' lang='lat' dir='ltr'><strong>patres</strong></span> <span class='ocrx_word' id='word_1_778' title='bbox 3088 3931 3310 3978; x_wconf 88' lang='lat' dir='ltr'><strong>nostros</strong></span> <span class='ocrx_word' id='word_1_779' title='bbox 3352 3923 3610 3992; x_wconf 89' lang='lat' dir='ltr'><strong>primum,</strong></span> 
     </span>
    </p>
   </div>
   <div class='ocr_carea' id='block_1_97' title="bbox 2043 4012 3613 4084">
    <p class='ocr_par' dir='ltr' id='par_1_97' title="bbox 2043 4012 3613 4084">
     <span class='ocr_line' id='line_1_97' title="bbox 2043 4012 3613 4084; baseline 0.001 -19"><span class='ocrx_word' id='word_1_780' title='bbox 2043 4032 2062 4065; x_wconf 88' lang='grc'><em>‹</em></span> <span class='ocrx_word' id='word_1_781' title='bbox 2095 4028 2331 4083; x_wconf 87' lang='lat' dir='ltr'><strong>cumque</strong></span> <span class='ocrx_word' id='word_1_782' title='bbox 2358 4013 2600 4067; x_wconf 85' lang='lat' dir='ltr'><strong>secundo</strong></span> <span class='ocrx_word' id='word_1_783' title='bbox 2633 4012 2787 4067; x_wconf 90' lang='lat' dir='ltr'><strong>missi</strong></span> <span class='ocrx_word' id='word_1_784' title='bbox 2827 4020 3035 4079; x_wconf 86' lang='lat' dir='ltr'><strong>essent,</strong></span> <span class='ocrx_word' id='word_1_785' title='bbox 3057 4015 3277 4084; x_wconf 81' lang='lat' dir='ltr'><strong>agnitus</strong></span> <span class='ocrx_word' id='word_1_786' title='bbox 3310 4022 3394 4069; x_wconf 81' lang='lat' dir='ltr'><strong>es’t</strong></span> <span class='ocrx_word' id='word_1_787' title='bbox 3436 4027 3465 4066; x_wconf 91' lang='lat' dir='ltr'><strong>a</strong></span> <span class='ocrx_word' id='word_1_788' title='bbox 3500 4012 3613 4067; x_wconf 81' lang='lat' dir='ltr'><strong>fra-</strong></span> 
     </span>
    </p>
   </div>
   <div class='ocr_carea' id='block_1_98' title="bbox 2042 4100 3608 4173">
    <p class='ocr_par' dir='ltr' id='par_1_98' title="bbox 2042 4100 3608 4173">
     <span class='ocr_line' id='line_1_98' title="bbox 2042 4100 3608 4173; baseline 0.001 -19"><span class='ocrx_word' id='word_1_789' title='bbox 2042 4123 2059 4154; x_wconf 79' lang='grc' dir='ltr'><strong>ι</strong></span> <span class='ocrx_word' id='word_1_790' title='bbox 2099 4102 2278 4159; x_wconf 84' lang='lat' dir='ltr'><strong>tribus</strong></span> <span class='ocrx_word' id='word_1_791' title='bbox 2305 4103 2443 4169; x_wconf 88' lang='lat' dir='ltr'><strong>suis,</strong></span> <span class='ocrx_word' id='word_1_792' title='bbox 2489 4113 2543 4157; x_wconf 88' lang='lat' dir='ltr'><strong>et</strong></span> <span class='ocrx_word' id='word_1_793' title='bbox 2585 4102 2824 4156; x_wconf 90' lang='lat' dir='ltr'><strong>innotuit</strong></span> <span class='ocrx_word' id='word_1_794' title='bbox 2853 4100 3126 4156; x_wconf 87' lang='lat' dir='ltr'><strong>Pharaoni</strong></span> <span class='ocrx_word' id='word_1_795' title='bbox 3178 4118 3349 4173; x_wconf 82' lang='lat' dir='ltr'><strong>genus</strong></span> <span class='ocrx_word' id='word_1_796' title='bbox 3381 4100 3608 4171; x_wconf 89' lang='lat' dir='ltr'><strong>Ioseph.</strong></span> 
     </span>
    </p>
   </div>
   <div class='ocr_carea' id='block_1_99' title="bbox 2042 4190 3604 4265">
    <p class='ocr_par' dir='ltr' id='par_1_99' title="bbox 2042 4190 3604 4265">
     <span class='ocr_line' id='line_1_99' title="bbox 2042 4190 3604 4265; baseline -0.003 -18"><span class='ocrx_word' id='word_1_797' title='bbox 2042 4213 2060 4247; x_wconf 79' lang='grc' dir='ltr'><strong>ι</strong></span> <span class='ocrx_word' id='word_1_798' title='bbox 2093 4192 2204 4265; x_wconf 74' lang='lat'><strong>62</strong></span> <span class='ocrx_word' id='word_1_799' title='bbox 2240 4192 2388 4250; x_wconf 80' lang='lat' dir='ltr'><strong>Misit</strong></span> <span class='ocrx_word' id='word_1_800' title='bbox 2408 4201 2589 4248; x_wconf 89' lang='lat' dir='ltr'><strong>autem</strong></span> <span class='ocrx_word' id='word_1_801' title='bbox 2617 4190 2820 4263; x_wconf 84' lang='lat' dir='ltr'><strong>Ioseph</strong></span> <span class='ocrx_word' id='word_1_802' title='bbox 2853 4193 3182 4247; x_wconf 89' lang='lat' dir='ltr'><strong>accersitum</strong></span> <span class='ocrx_word' id='word_1_803' title='bbox 3212 4201 3419 4262; x_wconf 89' lang='lat' dir='ltr'><strong>patrem</strong></span> <span class='ocrx_word' id='word_1_804' title='bbox 3446 4208 3604 4246; x_wconf 89' lang='lat' dir='ltr'><strong>suum</strong></span> 
     </span>
    </p>
   </div>
   <div class='ocr_carea' id='block_1_100' title="bbox 2040 4276 3609 4353">
    <p class='ocr_par' dir='ltr' id='par_1_100' title="bbox 2040 4276 3609 4353">
     <span class='ocr_line' id='line_1_100' title="bbox 2040 4276 3609 4353; baseline -0.001 -16"><span class='ocrx_word' id='word_1_805' title='bbox 2040 4283 2305 4352; x_wconf 64' lang='lat' dir='ltr'><strong>«Iacob,</strong></span> <span class='ocrx_word' id='word_1_806' title='bbox 2372 4297 2699 4353; x_wconf 87' lang='lat' dir='ltr'><strong>omnemque</strong></span> <span class='ocrx_word' id='word_1_807' title='bbox 2762 4282 3141 4353; x_wconf 80' lang='lat' dir='ltr'><strong>cegnationem</strong></span> <span class='ocrx_word' id='word_1_808' title='bbox 3206 4283 3261 4336; x_wconf 92' lang='lat' dir='ltr'><strong>in</strong></span> <span class='ocrx_word' id='word_1_809' title='bbox 3321 4276 3609 4338; x_wconf 85' lang='lat' dir='ltr'><strong>animabus</strong></span> 
     </span>
    </p>
   </div>
   <div class='ocr_carea' id='block_1_101' title="bbox 2039 4371 3588 4448">
    <p class='ocr_par' dir='ltr' id='par_1_101' title="bbox 2039 4371 3588 4448">
     <span class='ocr_line' id='line_1_101' title="bbox 2039 4371 3588 4448; baseline -0.001 -19"><span class='ocrx_word' id='word_1_810' title='bbox 2039 4375 2440 4448; x_wconf 63' lang='lat' dir='ltr'><strong>(septuaginta</strong></span> <span class='ocrx_word' id='word_1_811' title='bbox 2503 4375 2768 4445; x_wconf 85' lang='lat' dir='ltr'><strong>quinque.</strong></span> <span class='ocrx_word' id='word_1_812' title='bbox 2837 4371 2903 4428; x_wconf 80' lang='lat' dir='ltr'><strong>Et</strong></span> <span class='ocrx_word' id='word_1_813' title='bbox 2958 4374 3244 4430; x_wconf 83' lang='lat' dir='ltr'><strong>deScendit</strong></span> <span class='ocrx_word' id='word_1_814' title='bbox 3311 4372 3481 4428; x_wconf 88' lang='lat' dir='ltr'><strong>Iacoh</strong></span> <span class='ocrx_word' id='word_1_815' title='bbox 3534 4374 3588 4427; x_wconf 91' lang='lat' dir='ltr'><strong>in</strong></span> 
     </span>
    </p>
   </div>
   <div class='ocr_carea' id='block_1_102' title="bbox 2040 4466 3605 4542">
    <p class='ocr_par' dir='ltr' id='par_1_102' title="bbox 2040 4466 3605 4542">
     <span class='ocr_line' id='line_1_102' title="bbox 2040 4466 3605 4542; baseline -0.002 -21"><span class='ocrx_word' id='word_1_816' title='bbox 2040 4486 2060 4521; x_wconf 73' lang='grc' dir='ltr'><strong>ι</strong></span> <span class='ocrx_word' id='word_1_817' title='bbox 2092 4466 2414 4542; x_wconf 64' lang='lat' dir='ltr'><strong>Egyptum,</strong></span> <span class='ocrx_word' id='word_1_818' title='bbox 2445 4474 2809 4538; x_wconf 85' lang='lat' dir='ltr'><strong>mortuusque</strong></span> <span class='ocrx_word' id='word_1_819' title='bbox 2847 4475 2931 4522; x_wconf 83' lang='lat' dir='ltr'><strong>est</strong></span> <span class='ocrx_word' id='word_1_820' title='bbox 2955 4467 3072 4538; x_wconf 88' lang='lat' dir='ltr'><strong>ipse</strong></span> <span class='ocrx_word' id='word_1_821' title='bbox 3103 4473 3157 4522; x_wconf 90' lang='lat' dir='ltr'><strong>et</strong></span> <span class='ocrx_word' id='word_1_822' title='bbox 3188 4474 3372 4537; x_wconf 87' lang='lat' dir='ltr'><strong>patres</strong></span> <span class='ocrx_word' id='word_1_823' title='bbox 3408 4467 3605 4520; x_wconf 85' lang='lat' dir='ltr'><strong>nostri.</strong></span> 
     </span>
    </p>
   </div>
   <div class='ocr_carea' id='block_1_103' title="bbox 1986 4558 3605 4630">
    <p class='ocr_par' dir='ltr' id='par_1_103' title="bbox 1986 4558 3605 4630">
     <span class='ocr_line' id='line_1_103' title="bbox 1986 4558 3605 4630; baseline -0.002 -16"><span class='ocrx_word' id='word_1_824' title='bbox 1986 4578 1997 4585; x_wconf 67' lang='grc'><em>’</em></span> <span class='ocrx_word' id='word_1_825' title='bbox 2039 4572 2056 4614; x_wconf 70' lang='grc' dir='ltr'><strong>ι</strong></span> <span class='ocrx_word' id='word_1_826' title='bbox 2098 4561 2163 4617; x_wconf 84' lang='grc' dir='ltr'>Ει</span> <span class='ocrx_word' id='word_1_827' title='bbox 2210 4561 2471 4618; x_wconf 86' lang='lat' dir='ltr'><strong>translati</strong></span> <span class='ocrx_word' id='word_1_828' title='bbox 2506 4560 2737 4617; x_wconf 60' lang='lat' dir='ltr'><strong>suntin</strong></span> <span class='ocrx_word' id='word_1_829' title='bbox 2772 4558 3017 4625; x_wconf 85' lang='lat' dir='ltr'><strong>Sichem,</strong></span> <span class='ocrx_word' id='word_1_830' title='bbox 3063 4558 3334 4630; x_wconf 85' lang='lat' dir='ltr'><strong>positique</strong></span> <span class='ocrx_word' id='word_1_831' title='bbox 3388 4569 3516 4612; x_wconf 85' lang='lat' dir='ltr'><strong>sunt</strong></span> <span class='ocrx_word' id='word_1_832' title='bbox 3552 4559 3605 4612; x_wconf 89' lang='lat' dir='ltr'><strong>in</strong></span> 
     </span>
    </p>
   </div>
   <div class='ocr_carea' id='block_1_104' title="bbox 2040 4647 3601 4723">
    <p class='ocr_par' dir='ltr' id='par_1_104' title="bbox 2040 4647 3601 4723">
     <span class='ocr_line' id='line_1_104' title="bbox 2040 4647 3601 4723; baseline -0.003 -18"><span class='ocrx_word' id='word_1_833' title='bbox 2040 4666 2058 4705; x_wconf 79' lang='grc' dir='ltr'><strong>ι</strong></span> <span class='ocrx_word' id='word_1_834' title='bbox 2096 4653 2372 4723; x_wconf 81' lang='lat' dir='ltr'><strong>sepulcro,</strong></span> <span class='ocrx_word' id='word_1_835' title='bbox 2410 4649 2567 4722; x_wconf 82' lang='lat' dir='ltr'><strong>quod</strong></span> <span class='ocrx_word' id='word_1_836' title='bbox 2600 4649 2739 4705; x_wconf 75' lang='lat' dir='ltr'><strong>emit&quot;</strong></span> <span class='ocrx_word' id='word_1_837' title='bbox 2790 4650 3066 4705; x_wconf 80' lang='lat' dir='ltr'><strong>Abraham</strong></span> <span class='ocrx_word' id='word_1_838' title='bbox 3101 4648 3275 4719; x_wconf 86' lang='lat' dir='ltr'><strong>pretio</strong></span> <span class='ocrx_word' id='word_1_839' title='bbox 3323 4647 3532 4718; x_wconf 76' lang='lat' dir='ltr'><strong>argenti</strong></span> <span class='ocrx_word' id='word_1_840' title='bbox 3573 4664 3601 4701; x_wconf 80' lang='grc' dir='ltr'><strong>ιι</strong></span> 
     </span>
    </p>
   </div>
   <div class='ocr_carea' id='block_1_105' title="bbox 2040 4738 3608 4801">
    <p class='ocr_par' dir='ltr' id='par_1_105' title="bbox 2040 4738 3608 4801">
     <span class='ocr_line' id='line_1_105' title="bbox 2040 4738 3608 4801; baseline 0.001 -4"><span class='ocrx_word' id='word_1_841' title='bbox 2040 4766 2055 4797; x_wconf 78' lang='grc' dir='ltr'><strong>ι</strong></span> <span class='ocrx_word' id='word_1_842' title='bbox 2092 4745 2216 4801; x_wconf 76' lang='lat' dir='ltr'><strong>ﬁliis</strong></span> <span class='ocrx_word' id='word_1_843' title='bbox 2244 4742 2529 4801; x_wconf 83' lang='lat' dir='ltr'><strong>Emorﬁlii</strong></span> <span class='ocrx_word' id='word_1_844' title='bbox 2562 4738 2809 4800; x_wconf 63' lang='grc' dir='ltr'><strong>εἰσῆθον.</strong></span> <span class='ocrx_word' id='word_1_845' title='bbox 2840 4740 2978 4799; x_wconf 89' lang='lat' dir='ltr'><strong>Cum</strong></span> <span class='ocrx_word' id='word_1_846' title='bbox 3006 4754 3186 4797; x_wconf 87' lang='lat' dir='ltr'><strong>autem</strong></span> <span class='ocrx_word' id='word_1_847' title='bbox 3217 4743 3443 4798; x_wconf 78' lang='lat' dir='ltr'><strong>inataret</strong></span> <span class='ocrx_word' id='word_1_848' title='bbox 3468 4752 3608 4798; x_wconf 88' lang='lat' dir='ltr'><strong>tem-</strong></span> 
     </span>
    </p>
   </div>
   <div class='ocr_carea' id='block_1_106' title="bbox 2040 4833 3603 4909">
    <p class='ocr_par' dir='ltr' id='par_1_106' title="bbox 2040 4833 3603 4909">
     <span class='ocr_line' id='line_1_106' title="bbox 2040 4833 3603 4909; baseline -0.002 -21"><span class='ocrx_word' id='word_1_849' title='bbox 2040 4858 2057 4888; x_wconf 72' lang='grc' dir='ltr'><strong>ι</strong></span> <span class='ocrx_word' id='word_1_850' title='bbox 2100 4850 2199 4908; x_wconf 78' lang='lat' dir='ltr'><strong>pus</strong></span> <span class='ocrx_word' id='word_1_851' title='bbox 2228 4838 2634 4909; x_wconf 78' lang='lat' dir='ltr'><strong>promissionis,</strong></span> <span class='ocrx_word' id='word_1_852' title='bbox 2668 4851 2828 4906; x_wconf 86' lang='lat' dir='ltr'><strong>quam</strong></span> <span class='ocrx_word' id='word_1_853' title='bbox 2859 4833 3276 4905; x_wconf 76' lang='lat' dir='ltr'><strong>promisit-Deus</strong></span> <span class='ocrx_word' id='word_1_854' title='bbox 3307 4836 3603 4900; x_wconf 79' lang='lat' dir='ltr'><strong>Abraham,</strong></span> 
     </span>
    </p>
   </div>
   <div class='ocr_carea' id='block_1_107' title="bbox 2040 4910 3603 5000">
    <p class='ocr_par' dir='ltr' id='par_1_107' title="bbox 2040 4910 3603 5000">
     <span class='ocr_line' id='line_1_107' title="bbox 2040 4910 3603 5000; baseline -0.001 -20"><span class='ocrx_word' id='word_1_855' title='bbox 2040 4950 2057 4980; x_wconf 83' lang='grc'>‹</span> <span class='ocrx_word' id='word_1_856' title='bbox 2098 4931 2267 4985; x_wconf 88' lang='lat' dir='ltr'><strong>crevit</strong></span> <span class='ocrx_word' id='word_1_857' title='bbox 2314 4930 2549 5000; x_wconf 82' lang='lat' dir='ltr'><strong>pepulus</strong></span> <span class='ocrx_word' id='word_1_858' title='bbox 2581 4938 2635 4984; x_wconf 85' lang='lat' dir='ltr'><strong>et</strong></span> <span class='ocrx_word' id='word_1_859' title='bbox 2691 4910 3088 4996; x_wconf 81' lang='lat' dir='ltr'><strong>multiplicattts</strong></span> <span class='ocrx_word' id='word_1_860' title='bbox 3121 4935 3205 4982; x_wconf 89' lang='lat' dir='ltr'><strong>est</strong></span> <span class='ocrx_word' id='word_1_861' title='bbox 3240 4926 3293 4980; x_wconf 92' lang='lat' dir='ltr'><strong>in</strong></span> <span class='ocrx_word' id='word_1_862' title='bbox 3350 4927 3603 4998; x_wconf 69' lang='lat' dir='ltr'><strong>IEgyplo,</strong></span> 
     </span>
    </p>
   </div>
   <div class='ocr_carea' id='block_1_108' title="bbox 2042 5020 3606 5089">
    <p class='ocr_par' dir='ltr' id='par_1_108' title="bbox 2042 5020 3606 5089">
     <span class='ocr_line' id='line_1_108' title="bbox 2042 5020 3606 5089; baseline -0.001 -14"><span class='ocrx_word' id='word_1_863' title='bbox 2042 5042 2058 5075; x_wconf 80' lang='grc' dir='ltr'><strong>ι</strong></span> <span class='ocrx_word' id='word_1_864' title='bbox 2099 5022 2271 5079; x_wconf 90' lang='lat' dir='ltr'><strong>donec</strong></span> <span class='ocrx_word' id='word_1_865' title='bbox 2314 5029 2539 5077; x_wconf 84' lang='lat' dir='ltr'><strong>exortus</strong></span> <span class='ocrx_word' id='word_1_866' title='bbox 2576 5027 2658 5077; x_wconf 89' lang='lat' dir='ltr'><strong>est</strong></span> <span class='ocrx_word' id='word_1_867' title='bbox 2695 5020 2847 5075; x_wconf 84' lang='lat' dir='ltr'><strong>&#39;alius</strong></span> <span class='ocrx_word' id='word_1_868' title='bbox 2908 5034 3024 5084; x_wconf 73' lang='lat' dir='ltr'><strong>rex,</strong></span> <span class='ocrx_word' id='word_1_869' title='bbox 3059 5020 3151 5089; x_wconf 87' lang='lat' dir='ltr'><strong>qui</strong></span> <span class='ocrx_word' id='word_1_870' title='bbox 3211 5035 3318 5073; x_wconf 88' lang='lat' dir='ltr'><strong>non</strong></span> <span class='ocrx_word' id='word_1_871' title='bbox 3380 5022 3606 5073; x_wconf 75' lang='lat' dir='ltr'><strong>noverat</strong></span> 
     </span>
    </p>
   </div>
   <div class='ocr_carea' id='block_1_109' title="bbox 2041 5114 2847 5186">
    <p class='ocr_par' dir='ltr' id='par_1_109' title="bbox 2041 5114 2847 5186">
     <span class='ocr_line' id='line_1_109' title="bbox 2041 5114 2847 5186; baseline -0.004 -18"><span class='ocrx_word' id='word_1_872' title='bbox 2041 5135 2060 5168; x_wconf 80' lang='grc' dir='ltr'><strong>ι</strong></span> <span class='ocrx_word' id='word_1_873' title='bbox 2093 5114 2320 5186; x_wconf 82' lang='lat' dir='ltr'><strong>Ioseph.</strong></span> <span class='ocrx_word' id='word_1_874' title='bbox 2362 5134 2380 5166; x_wconf 70' lang='grc' dir='ltr'><strong>ι</strong></span> <span class='ocrx_word' id='word_1_875' title='bbox 2842 5122 2847 5127; x_wconf 83' lang='grc'>·</span> 
     </span>
    </p>
   </div>
   <div class='ocr_carea' id='block_1_110' title="bbox 2105 5202 3606 5275">
    <p class='ocr_par' dir='ltr' id='par_1_110' title="bbox 2105 5202 3606 5275">
     <span class='ocr_line' id='line_1_110' title="bbox 2105 5202 3606 5275; baseline -0.002 -14"><span class='ocrx_word' id='word_1_876' title='bbox 2105 5207 2166 5261; x_wconf 85' lang='lat' dir='ltr'><strong>lu</strong></span> <span class='ocrx_word' id='word_1_877' title='bbox 2216 5205 2469 5275; x_wconf 63' lang='lat' dir='ltr'><strong>praesenti</strong></span> <span class='ocrx_word' id='word_1_878' title='bbox 2519 5204 2783 5259; x_wconf 88' lang='lat' dir='ltr'><strong>concione</strong></span> <span class='ocrx_word' id='word_1_879' title='bbox 2825 5204 3020 5259; x_wconf 85' lang='lat' dir='ltr'><strong>beatus</strong></span> <span class='ocrx_word' id='word_1_880' title='bbox 3058 5202 3371 5272; x_wconf 79' lang='lat' dir='ltr'><strong>Stephanus</strong></span> <span class='ocrx_word' id='word_1_881' title='bbox 3418 5205 3606 5258; x_wconf 78' lang='lat' dir='ltr'><strong>multis</strong></span> 
     </span>
    </p>
   </div>
   <div class='ocr_carea' id='block_1_111' title="bbox 2038 5294 3599 5366">
    <p class='ocr_par' dir='ltr' id='par_1_111' title="bbox 2038 5294 3599 5366">
     <span class='ocr_line' id='line_1_111' title="bbox 2038 5294 3599 5366; baseline -0.006 -12"><span class='ocrx_word' id='word_1_882' title='bbox 2038 5300 2376 5354; x_wconf 83' lang='lat' dir='ltr'><strong>demonstrat</strong></span> <span class='ocrx_word' id='word_1_883' title='bbox 2431 5308 2485 5351; x_wconf 85' lang='lat' dir='ltr'><strong>et</strong></span> <span class='ocrx_word' id='word_1_884' title='bbox 2515 5313 2669 5353; x_wconf 79' lang='lat' dir='ltr'><strong>suam</strong></span> <span class='ocrx_word' id='word_1_885' title='bbox 2713 5312 2839 5366; x_wconf 79' lang='lat' dir='ltr'><strong>erga</strong></span> <span class='ocrx_word' id='word_1_886' title='bbox 2872 5294 3093 5349; x_wconf 64' lang='lat' dir='ltr'><strong>Iudaaos</strong></span> <span class='ocrx_word' id='word_1_887' title='bbox 3140 5296 3599 5356; x_wconf 80' lang='lat' dir='ltr'><strong>benevolentiam,</strong></span> 
     </span>
    </p>
   </div>
   <div class='ocr_carea' id='block_1_112' title="bbox 2035 5385 3659 5461">
    <p class='ocr_par' dir='ltr' id='par_1_112' title="bbox 2035 5385 3659 5461">
     <span class='ocr_line' id='line_1_112' title="bbox 2035 5385 3659 5461; baseline -0.006 -13"><span class='ocrx_word' id='word_1_888' title='bbox 2035 5401 2088 5448; x_wconf 91' lang='lat' dir='ltr'><strong>et</strong></span> <span class='ocrx_word' id='word_1_889' title='bbox 2124 5392 2336 5446; x_wconf 89' lang='lat' dir='ltr'><strong>illorum</strong></span> <span class='ocrx_word' id='word_1_890' title='bbox 2370 5406 2496 5461; x_wconf 82' lang='lat' dir='ltr'><strong>erga</strong></span> <span class='ocrx_word' id='word_1_891' title='bbox 2522 5404 2581 5445; x_wconf 90' lang='lat' dir='ltr'><strong>se</strong></span> <span class='ocrx_word' id='word_1_892' title='bbox 2614 5390 2973 5444; x_wconf 81' lang='lat' dir='ltr'><strong>ferocitatem.</strong></span> <span class='ocrx_word' id='word_1_893' title='bbox 3005 5385 3139 5441; x_wconf 89' lang='lat' dir='ltr'><strong>Nam</strong></span> <span class='ocrx_word' id='word_1_894' title='bbox 3165 5388 3308 5457; x_wconf 86' lang='lat' dir='ltr'><strong>quod</strong></span> <span class='ocrx_word' id='word_1_895' title='bbox 3343 5398 3601 5456; x_wconf 81' lang='lat' dir='ltr'><strong>tanquam</strong></span> <span class='ocrx_word' id='word_1_896' title='bbox 3650 5438 3659 5445; x_wconf 69' lang='grc'><strong>,</strong></span> 
     </span>
    </p>
   </div>
   <div class='ocr_carea' id='block_1_113' title="bbox 2038 5477 3599 5551">
    <p class='ocr_par' dir='ltr' id='par_1_113' title="bbox 2038 5477 3599 5551">
     <span class='ocr_line' id='line_1_113' title="bbox 2038 5477 3599 5551; baseline -0.005 -14"><span class='ocrx_word' id='word_1_897' title='bbox 2038 5485 2101 5539; x_wconf 88' lang='lat' dir='ltr'><strong>ad</strong></span> <span class='ocrx_word' id='word_1_898' title='bbox 2131 5484 2327 5539; x_wconf 76' lang='lat' dir='ltr'><strong>fratres</strong></span> <span class='ocrx_word' id='word_1_899' title='bbox 2360 5498 2419 5536; x_wconf 85' lang='lat' dir='ltr'><strong>ac</strong></span> <span class='ocrx_word' id='word_1_900' title='bbox 2443 5492 2627 5551; x_wconf 84' lang='lat' dir='ltr'><strong>patres</strong></span> <span class='ocrx_word' id='word_1_901' title='bbox 2652 5480 2896 5535; x_wconf 88' lang='lat' dir='ltr'><strong>intendat</strong></span> <span class='ocrx_word' id='word_1_902' title='bbox 2927 5495 3262 5541; x_wconf 83' lang='lat' dir='ltr'><strong>sermonem,</strong></span> <span class='ocrx_word' id='word_1_903' title='bbox 3300 5480 3428 5547; x_wconf 86' lang='lat' dir='ltr'><strong>quid</strong></span> <span class='ocrx_word' id='word_1_904' title='bbox 3454 5477 3599 5530; x_wconf 89' lang='lat' dir='ltr'><strong>aliud</strong></span> 
     </span>
    </p>
   </div>
   <div class='ocr_carea' id='block_1_114' title="bbox 2038 5570 3603 5642">
    <p class='ocr_par' dir='ltr' id='par_1_114' title="bbox 2038 5570 3603 5642">
     <span class='ocr_line' id='line_1_114' title="bbox 2038 5570 3603 5642; baseline -0.005 -13"><span class='ocrx_word' id='word_1_905' title='bbox 2038 5578 2124 5629; x_wconf 82' lang='lat' dir='ltr'><strong>his</strong></span> <span class='ocrx_word' id='word_1_906' title='bbox 2172 5576 2375 5629; x_wconf 76' lang='lat' dir='ltr'><strong>indicat</strong></span> <span class='ocrx_word' id='word_1_907' title='bbox 2425 5574 2931 5642; x_wconf 84' lang='lat' dir='ltr'><strong>numinibusquam</strong></span> <span class='ocrx_word' id='word_1_908' title='bbox 2978 5572 3122 5640; x_wconf 81' lang='lat' dir='ltr'><strong>quod</strong></span> <span class='ocrx_word' id='word_1_909' title='bbox 3174 5570 3473 5624; x_wconf 89' lang='lat' dir='ltr'><strong>secundum</strong></span> <span class='ocrx_word' id='word_1_910' title='bbox 3511 5581 3603 5621; x_wconf 88' lang='lat' dir='ltr'><strong>c0-</strong></span> 
     </span>
    </p>
   </div>
   <div class='ocr_carea' id='block_1_115' title="bbox 2038 5658 3600 5737">
    <p class='ocr_par' dir='ltr' id='par_1_115' title="bbox 2038 5658 3600 5737">
     <span class='ocr_line' id='line_1_115' title="bbox 2038 5658 3600 5737; baseline -0.006 -19"><span class='ocrx_word' id='word_1_911' title='bbox 2038 5668 2311 5737; x_wconf 79' lang='lat' dir='ltr'><strong>gnatiouis</strong></span> <span class='ocrx_word' id='word_1_912' title='bbox 2364 5666 2687 5735; x_wconf 83' lang='lat' dir='ltr'><strong>dignitatem</strong></span> <span class='ocrx_word' id='word_1_913' title='bbox 2742 5664 2809 5717; x_wconf 89' lang='lat' dir='ltr'><strong>ad</strong></span> <span class='ocrx_word' id='word_1_914' title='bbox 2841 5664 2963 5717; x_wconf 88' lang='lat' dir='ltr'><strong>illos</strong></span> <span class='ocrx_word' id='word_1_915' title='bbox 2997 5663 3224 5724; x_wconf 78' lang='lat' dir='ltr'><strong>feratur,</strong></span> <span class='ocrx_word' id='word_1_916' title='bbox 3268 5658 3438 5712; x_wconf 70' lang='lat' dir='ltr'><strong>Judaei</strong></span> <span class='ocrx_word' id='word_1_917' title='bbox 3472 5673 3600 5711; x_wconf 85' lang='lat' dir='ltr'><strong>vero</strong></span> 
     </span>
    </p>
   </div>
   <div class='ocr_carea' id='block_1_116' title="bbox 2041 5745 3599 5829">
    <p class='ocr_par' dir='ltr' id='par_1_116' title="bbox 2041 5745 3599 5829">
     <span class='ocr_line' id='line_1_116' title="bbox 2041 5745 3599 5829; baseline -0.008 -17"><span class='ocrx_word' id='word_1_918' title='bbox 2041 5745 2230 5829; x_wconf 62' lang='lat' dir='ltr'><strong>paium</strong></span> <span class='ocrx_word' id='word_1_919' title='bbox 2267 5759 2390 5812; x_wconf 86' lang='lat' dir='ltr'><strong>huic</strong></span> <span class='ocrx_word' id='word_1_920' title='bbox 2433 5756 2653 5812; x_wconf 67' lang='grc' dir='ltr'>οπεοιυὶ</span> <span class='ocrx_word' id='word_1_921' title='bbox 2689 5754 2958 5815; x_wconf 84' lang='lat' dir='ltr'><strong>deferant,</strong></span> <span class='ocrx_word' id='word_1_922' title='bbox 2996 5753 3091 5808; x_wconf 85' lang='lat' dir='ltr'><strong>sed</strong></span> <span class='ocrx_word' id='word_1_923' title='bbox 3122 5752 3304 5821; x_wconf 89' lang='lat' dir='ltr'><strong>potius</strong></span> <span class='ocrx_word' id='word_1_924' title='bbox 3334 5751 3599 5803; x_wconf 80' lang='lat' dir='ltr'><strong>adversus</strong></span> 
     </span>
    </p>
   </div>
   <div class='ocr_carea' id='block_1_117' title="bbox 2039 5837 3601 5922">
    <p class='ocr_par' dir='ltr' id='par_1_117' title="bbox 2039 5837 3601 5922">
     <span class='ocr_line' id='line_1_117' title="bbox 2039 5837 3601 5922; baseline -0.008 -16"><span class='ocrx_word' id='word_1_925' title='bbox 2039 5854 2191 5922; x_wconf 79' lang='lat' dir='ltr'><strong>signa</strong></span> <span class='ocrx_word' id='word_1_926' title='bbox 2231 5865 2325 5920; x_wconf 80' lang='lat' dir='ltr'><strong>per</strong></span> <span class='ocrx_word' id='word_1_927' title='bbox 2364 5850 2541 5919; x_wconf 77' lang='lat' dir='ltr'><strong>ipsum</strong></span> <span class='ocrx_word' id='word_1_928' title='bbox 2579 5849 2721 5903; x_wconf 77' lang='lat' dir='ltr'><strong>facta</strong></span> <span class='ocrx_word' id='word_1_929' title='bbox 2748 5846 3048 5902; x_wconf 88' lang='lat' dir='ltr'><strong>crudeliter</strong></span> <span class='ocrx_word' id='word_1_930' title='bbox 3080 5841 3253 5898; x_wconf 70' lang='lat' dir='ltr'><strong>allecti</strong></span> <span class='ocrx_word' id='word_1_931' title='bbox 3291 5840 3437 5896; x_wconf 83' lang='lat' dir='ltr'><strong>sint?</strong></span> <span class='ocrx_word' id='word_1_932' title='bbox 3474 5837 3601 5894; x_wconf 81' lang='lat' dir='ltr'><strong>Ideo</strong></span> 
     </span>
    </p>
   </div>
  </div>
