4058 6608
436 407 537 473 135

1491 399 1901 461 (ECUMENII
1931 398 1973 458 Τ
1987 397 2230 458 ΒΙΟΟᾹΞ
2261 395 2599 458 EPISCOPI

3581 383 3679 450 138

431 535 654 594 quoque
684 519 997 590 Stephanus
1033 517 1086 573 in
1134 516 1352 574 illorum
1383 499 1752 584 improbitate,
1779 528 1901 584 qua:
1935 527 2001 568 ex

2126 527 2278 574 ιειοις
2308 506 2718 569 ὺποϐλεπτικῶς
2761 502 3221 575 προσκειμένους;
3273 501 3351 555 διὸ
3398 501 3496 556 καὶ
3553 501 3681 556 Στέ-

429 622 632 674 intecto
665 618 848 671 animo
883 621 1023 680 erat,
1059 610 1290 668 liberius
1313 607 1661 679 coarguenda
1696 615 2000 677 occupatus

319 695 324 698 ’
431 719 534 768 est.
571 710 636 764 Et
671 707 1118 780 promissionem,
1151 719 1274 774 qua:
1300 701 1369 756 ad
1395 709 1577 771 patres
1622 699 1765 754 facta
1795 697 2002 764 est,'ob

430 819 595 875 quam
626 801 1010 864 efferebantur,
1034 794 1277 852 ostendit
1300 803 1424 848 ante
1457 807 1582 847 eum
1623 791 1829 856 locum,
1875 797 2002 844 ante

431 891 947 954 circumcisionem,
980 896 1107 942 ante
1142 883 1436 951 sacrificia,
1465 891 1596 938 ante
1623 880 1888 951 templum
1917 877 2004 933 fa-

430 993 575 1039 ctam
615 997 736 1038 esse
787 999 801 1035 :
833 989 887 1036 et
914 995 1091 1049 neque
1130 978 1185 1032 hi
1212 975 1692 1032 circumcisionem
1712 982 1803 1028 aut
1831 973 2001 1044 legem

435 1085 760 1146 acceperant
783 1066 926 1144 quod
951 1073 1102 1143 digni
1134 1071 1390 1134 fuissent,
1419 1071 1514 1124 sed
1541 1068 1712 1124 solius
1741 1066 2004 1122 obedien-

437 1171 526 1222 tiae
561 1181 767 1222 merces
798 1172 920 1220 erat
963 1164 1080 1218 sola
1106 1169 1272 1217 terra.
1303 1160 1368 1214 Et
1411 1174 1590 1229 neque
1615 1158 1742 1213 data
1767 1157 2006 1213 circum-

435 1261 647 1315 cisione
676 1258 944 1328 completa
981 1263 1066 1312 est
1089 1254 1406 1325 promissio,
1441 1250 1586 1323 quod
1612 1252 1778 1306 etiam
1807 1251 1922 1305 haec
1949 1248 2006 1305 in

438 1350 605 1418 figura
631 1347 1041 1422 contingerent.
1071 1344 1374 1400 Considera
1407 1357 1561 1405 vero,
1588 1341 1734 1413 quod
1774 1342 1820 1398 si
1853 1349 2008 1411 pater

436 1440 616 1496 Thare
673 1427 782 1494 non
815 1440 917 1493 fuit
970 1438 1155 1493 socius
1206 1436 1666 1509 peregrinationis
1721 1449 1846 1489 cum
1895 1433 2008 1488 filio

436 1532 713 1588 Abraham
733 1547 797 1586 eo
818 1531 962 1599 quod
988 1530 1249 1600 indignus
1279 1537 1448 1593 esset,
1482 1527 1653 1581 multo
1689 1525 1864 1596 magis
1889 1525 2006 1594 filii,

435 1623 656 1678 etiamsi
690 1622 990 1693 plurimum
1044 1620 1148 1675 viae
1193 1618 1550 1674 confecerint.
1595 1617 1869 1671 Abraham
1903 1616 2008 1671 ita-

439 1729 545 1784 que
573 1713 709 1767 adeo
761 1713 862 1766 fuit
894 1713 1303 1782 obtemperans,
1346 1717 1404 1763 ut
1427 1719 1481 1764 et
1511 1709 1894 1779 cognationem
1949 1716 2006 1763 et

439 1802 672 1872 patriam
708 1803 825 1856 solo
858 1809 1037 1856 motus
1067 1801 1291 1855 oraculo
1327 1799 1628 1869 reliquerit.
1656 1797 1815 1865 Quod
1849 1797 1893 1854 si
1922 1798 2010 1852 hic

2109 617 2275 670 φανος
2298 603 2364 671 τῇ
2388 599 2612 653 ἐκείνων
2643 596 2748 652 ἀπὸ
2801 595 3089 668 χρώματος
3119 595 3513 668 κακεντρεχείᾳ
3545 598 3683 670 παῤ-

2110 691 2602 764 ρησιαστικὼτερον
2621 688 2966 761 ἐπεμϐαίνων
2997 687 3374 759 κατείληπται.
3415 689 3526 742 Kal
3573 687 3683 741 δεί-

2111 801 2269 840 κνυσι
2297 784 2395 857 τὴν
2424 784 2560 854 πρὸς
2582 784 2705 846 τοὺς
2726 781 2968 853 πατέρας
2994 781 3346 849 ἐπαγγελίαν,
3375 781 3460 849 ἐφ’
3491 773 3687 852 ᾖμέγα

2110 875 2396 948 ἐφρόνουν,
2425 875 2532 948 πρὸ
2554 873 2648 928 τοῦ
2671 874 2839 928 τόπου
2858 872 3175 944 γενομένην,
3205 871 3313 942 πρὸ
3339 870 3439 942 τῆς
3469 886 3689 942 περιτο-

2115 972 2243 1042 μῆς,
2287 969 2396 1042 πρὸ
2445 970 2546 1040 τῆς
2595 970 2808 1036 θυσίας,
2849 968 2956 1040 πρὸ
2985 967 3080 1022 τοῦ
3109 967 3259 1022 ναοῦ.
3311 968 3419 1021 Kal
3443 967 3528 1020 ὅτι
3567 966 3689 1020 οὐδὲ

2113 1066 2235 1119 κατ’
2263 1063 2420 1130 ἀξίαν
2441 1057 2585 1118 οὗτοι
2617 1063 2808 1117 ἔλαϐον
2833 1061 2954 1116 οὐδέ
2991 1061 3317 1132 περιτομὴν,
3353 1059 3473 1114 οὒδέ
3503 1059 3689 1128 νόμον,

2113 1157 2251 1214 ἀλλά
2289 1160 2388 1230 τῆς
2437 1157 2686 1227 ὑπακοῆς
2730 1156 2898 1227 μόνης
2955 1156 2985 1208 ὁ
3033 1153 3224 1226 μισθὸς
3251 1149 3319 1224 ἦν
3347 1154 3380 1223 ή
3413 1151 3486 1222 γῆ
3528 1151 3689 1220 μόνη.

2112 1250 2225 1304 Kal.
2255 1250 2376 1304 οὐδέ
2410 1236 2712 1322 περιτομῆς
2765 1246 3014 1317 δοθείσης
3054 1248 3088 1317 ὴ
3116 1244 3419 1314 ἐπαγγελία
3450 1242 3693 1315 πληροῦ-

2113 1360 2224 1410 ται,
2271 1342 2368 1396 καὶ
2396 1343 2480 1396 ὅτι
2525 1340 2689 1394 τύποι
2741 1335 2880 1410 ἦσαν
2913 1337 3106 1393 ταῦτα.
3153 1336 3431 1392 Σκόπειδέ
3459 1336 3564 1402 ὅτι,
3597 1336 3694 1388 είό

2116 1435 2301 1507 πατὴρ
2352 1433 2542 1506 Θάρῤα
2574 1434 2675 1488 οὐκ
2706 1429 3034 1502 ἐκοινώνησε
3058 1430 3136 1501 τῷ
3174 1428 3287 1500 υἱῷ,
3313 1427 3566 1499 Ἀϐραὰμ
3598 1429 3696 1497 τῆς

2112 1527 2424 1598 ἀποδημίας
2458 1525 2568 1581 ἀπὸ
2609 1526 2718 1580 τῶν
2742 1523 3150 1592 Χαλδαίων,διὰ
3175 1525 3234 1577 τὸ
3267 1522 3486 1589 ἀνάξιος
3523 1516 3693 1584 εἶναι,

2116 1618 2296 1690 πολλῷ
2355 1619 2554 1690 μᾶλλον
2613 1618 2682 1672 τὰ
2731 1618 2942 1686 παιδία,
2993 1617 3099 1672 κᾶν
3154 1614 3378 1682 δόξωσιν
3427 1616 3518 1668 ἐπὶ
3559 1614 3696 1668 πολὺ

2119 1711 2402 1781 προελθεῖν
2433 1712 2531 1782 τῆς
2555 1709 2703 1766 ὁδοῦ.
2735 1710 2987 1782 Ἀϐραὰμ
3009 1710 3107 1781 μὲν
3132 1705 3224 1764 οὖν
3245 1707 3388 1762 οῦτω
3417 1708 3698 1778 πειθήνιος

2117 1804 2358 1871 ἐγένετο,
2395 1802 2469 1866 ὡς
2491 1801 2583 1856 καὶ
2609 1801 2763 1871 γένος
2789 1803 2882 1856 καὶ
2911 1800 3147 1872 πατρίδα
3177 1800 3283 1854 ἀπὸ
3307 1797 3697 1871 χρηματισμοῦ

439 1897 518 1947 ita
556 1908 616 1948 se
653 1894 862 1958 habuit,
901 1879 1179 1963 quomodo
1212 1892 1287 1956 hi,
1316 1892 1411 1962 qui
1454 1891 1509 1946 in
1540 1891 1796 1948 omnibus
1823 1889 2017 1944 inobe-

2126 1896 2275 1966 ψιλοῦ
2337 1896 2604 1952 ἐιὰιπεῖν.
2663 1897 2725 1948 Εί
2777 1895 2834 1949 δέ
2882 1887 3037 1958 οὗτος
3075 1892 3269 1958 οὕτως,
3306 1893 3423 1956 πῶς
3451 1889 3598 1947 οῦτοι
3640 1893 3699 1944 ἐν

439 1985 655 2041 dientes
679 2001 800 2040 esse
832 1984 1340 2055 deprehenduntur,
1379 1985 1430 2039 in
1474 1983 1615 2038 filios
1660 1983 1893 2060 Abrahae
1934 1999 2019 2037 re-

440 2075 1026 2148 putabuntur‘lNeque
1049 2078 1192 2132 enim
1221 2076 1342 2130 vitae
1372 2075 1650 2140 nativitas,
1685 2075 1779 2130 sed
1799 2089 2016 2129 morum

443 2169 678 2223 imitatio
714 2168 1033 2223 filiationem
1071 2168 1331 2222 conciliat
1361 2185 1374 2222 :
1408 2167 1664 2236 quoniam
1693 2166 1766 2218 ita
1797 2180 2018 2236 quoque

442 2261 711 2316 monstris
757 2260 899 2314 mala
948 2259 1165 2314 fortuna
1221 2259 1388 2324 natis,
1419 2257 1565 2329 quod
1606 2258 1907 2329 legitimum
1952 2271 2018 2312 ac

438 2351 687 2407 naturale
707 2359 790 2406 est
816 2359 996 2420 posset
1024 2350 1380 2423 attribui.63
1396 2349 1509 2404 Hoc
1526 2351 1686 2404 modo
1705 2363 2016 2419 quanquam

442 2445 701 2502 dictionis
747 2445 888 2502 serie
928 2461 1037 2500 non
1063 2445 1341 2515 procedat,
1371 2459 1565 2514 magna
1598 2451 1782 2498 tamen
1821 2442 2017 2498 abbre-

443 2539 574 2592 viati
599 2538 892 2604 sermonis,
929 2538 1288 2608 intelligentia
1318 2537 1705 2608 progrediens,
1724 2546 1777 2591 et
1796 2537 2016 2590 illorum

444 2629 841 2698 impudentiam
889 2629 957 2683 ad
1010 2628 1215 2684 Christi
1279 2644 1450 2700 usque
1491 2630 1806 2700 passionem
1859 2644 2020 2685 coar-

446 2736 639 2790 gueus,
687 2736 881 2791 passus
937 2729 1020 2777 est
1065 2738 1187 2792 quae
1231 2721 1526 2778 verisimile
1587 2731 1705 2777 erat
1730 2736 1856 2777 eum
1905 2721 2017 2790 pati

445 2822 723 2886 oportere,
764 2814 855 2883 qui
904 2813 1079 2869 malos
1126 2811 1514 2884 argueret.~Et
1545 2812 1800 2883 promisit
1831 2827 1891 2868 se
1936 2812 2016 2869 illi

445 2905 728 2959 daturum.
779 2924 796 2958 ι
857 2902 956 2960 llic
987 2904 1251 2976 deinceps
1277 2904 1509 2959 Abrahae
1546 2905 1794 2975 procedit
1844 2904 2018 2960 histo-

445 2993 553 3060 ria,
600 3008 721 3063 qua:
777 3000 890 3048 tota
952 2994 1280 3065 patriarchae
1328 3003 1517 3050 narrat
1561 2995 1907 3051 tolerantiam
1946 2994 2016 3050 ad

446 3095 702 3143 eventum
735 3101 910 3158 usque
934 3088 1384 3156 promissionum.
1427 3086 1714 3156 Siquidem
1740 3089 2014 3144 Abraham

447 3175 676 3246 ejusque
725 3183 976 3246 nepotes,
1027 3174 1121 3244 qui
1158 3174 1306 3230 circa
1354 3175 1570 3232 divinas
1616 3174 2015 3246 promissiones

449 3272 792 3344 longanimcs
818 3271 1062 3340 fuerunt,
1093 3271 1434 3328 demonstrat
1463 3271 1830 3342 percelebres,
1850 3271 2023 3342 negli-

407 3365 412 3370 ’
450 3373 644 3434 gentes
673 3378 802 3420 vero
842 3363 1052 3418 similes
1087 3361 1449 3433 prazsentibus
1478 3371 1614 3418 tunc
1665 3361 2019 3419 auditoribus

449 3456 546 3527 qui
599 3465 654 3511 et
696 3455 799 3525 ipsi
843 3455 1058 3510 illorum
1109 3455 1448 3511 calamitates
1509 3454 1716 3524 absque
1756 3453 2023 3510 dilatione

450 3561 561 3600 una
603 3560 727 3612 eum
781 3546 862 3601 eis
905 3556 1294 3616 assequentur,
1359 3545 1657 3602 abstractis
1711 3545 1779 3600 ab
1836 3559 2027 3600 eorum

451 3635 710 3690 manibus
762 3635 920 3690 bonis
950 3650 1069 3706 quae
1096 3636 1415 3706 sperabant.

521 3723 656 3792 Qua:
703 3735 879 3781 tamen
934 3725 1117 3780 omnia
1167 3740 1332 3796 parva
1363 3732 1516 3792 sunt,
1548 3733 1592 3781 si
1625 3724 1692 3781 ad
1723 3733 2025 3784 extremum

451 3819 507 3874 in
541 3817 816 3874 Christum
852 3832 1050 3872 ausum
1092 3828 1627 3873 commensurentur.
1657 3818 1781 3874 Ideo
1808 3832 2025 3890 quoque

451 3905 575 3961 duri
617 3905 831 3961 cervice
864 3914 917 3962 et
953 3907 1326 3962 incircumcisi
1368 3908 1532 3964 corde
1579 3923 1644 3963 ac
1689 3909 1916 3964 auribus
1942 3899 2029 3964 dii

452 4007 654 4053 cuntur
697 4015 712 4052 :
767 4006 988 4069 propter
1033 4013 1155 4069 quas
1206 4008 1260 4055 et
1305 3999 1694 4070 prophetarum
1745 3999 2031 4056 homicidae

451 4103 576 4144 esse
605 4097 1001 4158 coarguuntur,
1035 4090 1144 4144 imo
1185 4090 1362 4160 ipsius
1392 4091 1557 4147 etiam
1583 4089 1809 4155 Christi,
1840 4090 1932 4160 qui
1976 4099 2032 4146 et

451 4178 731 4234 interitum
785 4188 838 4234 et
890 4181 1245 4236 novissimam
1305 4181 1443 4250 ipsis
1493 4180 1891 4248 dispersionem
1943 4195 2031 4236 re-

451 4271 672 4340 pendet.
710 4269 882 4324 Tanta
935 4270 1122 4342 itaque
1171 4278 1322 4336 sunt,
1356 4285 1477 4341 qua:
1526 4271 1716 4328 videre
1765 4272 2036 4344 contingit

453 4363 509 4417 in
539 4361 641 4417 hoc
680 4361 997 4418 abbreviato
1030 4376 1286 4418 sermone
1338 4362 1780 4434 prudentissima:
1807 4365 2034 4419 concio-

453 4455 540 4510 nis
601 4453 863 4524 Stephani
919 4454 1105 4510 divina
1166 4453 1377 4524 praediti
1438 4453 1744 4525 sapientia,
1795 4469 2029 4527 quorum

454 4547 622 4602 etiam
640 4546 800 4617 juxta
829 4553 1078 4602 nostram
1111 4547 1434 4604 tenuitatem
1466 4555 1748 4618 sumptum
1813 4549 2031 4604 intelle-
2062 4584 2110 4641 υ

461 4649 609 4698 ctum
661 4640 930 4696 hactenus
963 4639 1340 4696 ordinavimus
1367 4639 1668 4696 secundum
1716 4641 2030 4712 qualitatem

455 4731 568 4787 dati
594 4731 755 4789 nobis
781 4731 1078 4800 sermonis,
1115 4731 1278 4788 finem
1314 4747 1424 4788 una
1449 4748 1573 4788 cum
1607 4732 1878 4803 principio
1903 4746 2034 4787 con-

458 4822 739 4878 trahentes
776 4843 791 4877 :
823 4822 878 4878 in
927 4823 1048 4893 ipso
1092 4838 1369 4890 sermone,
1400 4837 1430 4876 a
1467 4838 1578 4893 quo
1605 4823 1745 4878 latex
1779 4824 1868 4879 hic
1897 4823 2035 4879 divi-

457 4915 605 4970 nitus
634 4914 944 4970 seaturiens
982 4913 1212 4981 efﬂuxit,
1245 4929 1348 4971 nos
1389 4915 1748 4971 oblectantes.
1777 4913 1896 4970 Jam
1935 4931 2034 4970 u-

459 5011 566 5057 tem
617 5003 751 5058 utile
799 5004 906 5059 erit
950 5019 1049 5075 per
1095 5013 1279 5076 partes
1322 5021 1386 5063 ea
1421 5020 1638 5078 quoque
1663 5005 2032 5078 interpretari,

453 5094 607 5164 juxta
657 5103 902 5150 nostram
948 5096 1394 5167 possibilitatem,
1423 5112 1544 5168 qua:
1587 5096 1850 5167 majorem
1897 5095 2040 5152 desi-

459 5185 652 5240 derant
700 5200 928 5240 moram.
960 5184 1080 5240 Non
1128 5187 1275 5241 enim
1307 5188 1513 5242 frustra
1548 5187 1613 5242 ad
1656 5187 2036 5243 concionantis

458 5279 864 5334 roborationem
915 5286 1196 5348 assumpta
1227 5287 1310 5333 est
1338 5278 1569 5333 Abrahae
1615 5277 1844 5350 ejusque
1881 5277 2038 5333 dein-

459 5385 588 5439 ceps
614 5375 876 5440 nepotum
925 5369 1156 5424 historia
1192 5388 1204 5424 :
1239 5370 1331 5425 sed
1365 5377 1423 5424 ut
1461 5370 1803 5434 ostendatur,
1834 5378 1886 5425 et
1921 5385 2040 5425 ma-

455 5459 639 5530 jorum
679 5462 827 5515 circa
858 5460 912 5516 id
949 5461 1095 5531 quod
1142 5461 1386 5517 divinum
1431 5471 1519 5518 est
1569 5460 1744 5517 facilis
1778 5463 2036 5518 obedien-

463 5557 562 5621 tia,
599 5565 651 5609 et
690 5555 961 5608 minorum
1009 5553 1081 5610 ob
1120 5555 1399 5625 improbos
1429 5571 1613 5610 mores
1647 5555 2035 5609 inobedientia.

461 5643 530 5700 Et
564 5646 798 5716 primum
826 5645 1045 5714 quidem
1075 5647 1379 5716 exemplum
1424 5662 1487 5701 ex
1521 5646 1794 5700 Abraham
1829 5643 2039 5714 profer-

460 5749 570 5800 tur,
603 5738 750 5806 quod
799 5751 902 5791 non
949 5747 1194 5808 Oporteat
1239 5740 1546 5794 accelerare
1583 5754 1644 5793 ea
1687 5753 1807 5806 quae
1837 5738 2038 5793 divinis

463 5828 751 5894 promissis
781 5829 1122 5897 deferuntur,
1154 5831 1282 5901 quia
1318 5846 1496 5901 neque
1524 5830 1799 5886 Abraham
1832 5832 2038 5887 accele-

2121 1991 2289 2042 πᾶσιν
2331 1988 2577 2051 ἀπειθεῖς
2636 1986 3210 2058 καταλαμϐανόμενοι,
3267 1986 3348 2048 είς
3398 1985 3562 2038 τέκνα
3604 1981 3700 2036 τοῦ

2133 2080 2386 2151 Ἀϐραὰμ
2417 2078 2870 2151 λογισθήσονται;
2901 2080 2961 2132 οὐ
2985 2077 3092 2148 γάρ
3116 2079 3147 2147 ἡ
3171 2073 3392 2144 ζωώδης
3416 2075 3704 2139 σύστασις,

2118 2169 2236 2224 ἀλλ’
2261 2172 2294 2239 ἡ
2326 2169 2435 2224 τῶν
2489 2169 2706 2238 τρόπων
2757 2167 2994 2239 μίμησις
3033 2166 3132 2237 τὴν
3162 2165 3386 2236 υίότητα
3421 2164 3696 2235 προξενεῖ.

2132 2263 2286 2316 Ἐπεὶ
2313 2261 2457 2316 οῦτω
2478 2278 2542 2330 γε
2597 2260 2692 2315 καὶ
2719 2259 2909 2332 τέρασι
2938 2259 3002 2314 τὸ
3039 2259 3262 2329 γνήσιον
3285 2242 3397 2322 τοίς
3421 2255 3704 2327 δυστυχῶς

2120 2353 2324 2423 φύσασι
2363 2351 2794 2424 προσνεμηθείη.
2845 2350 3004 2406 υῦτω
3067 2349 3171 2404 κᾶν
3209 2349 3257 2402 εί
3321 2350 3397 2420 μὴ
3441 2351 3507 2420 τῇ
3558 2347 3706 2412 λέξει

2119 2445 2419 2518 προελθὼν,
2449 2447 2516 2516 τῇ
2545 2444 2676 2514 γοῦν
2713 2443 2807 2498 τοῦ
2854 2442 3296 2514 συντετμημένου
3345 2440 3506 2510 λόγου
3541 2439 3708 2493 πολυ-

2121 2538 2241 2609 vola
2297 2537 2528 2607 προϐὰς,
2557 2535 2653 2590 καὶ
2687 2535 2847 2606 μέχρι
2885 2535 2980 2588 τοῦ
3023 2533 3166 2588 κατά
3199 2532 3436 2606 Χριστὸν
3495 2531 3708 2594 πάθους

2120 2631 2221 2702 τὴν
2255 2629 2528 2684 ἀναίδειαν
2555 2628 2881 2696 ἀπελέγξας,
2914 2627 3115 2682 ἔπαθεν
3141 2627 3246 2680 ὑπὸ
3290 2625 3398 2680 τῶν
3428 2625 3527 2679 ὅσα
3557 2624 3710 2688 εἰκὸς

2119 2725 2210 2778 τὸν
2251 2723 2543 2794 ἐλέγχοντα
2598 2719 2821 2787 κακοὺς,
2883 2719 3096 2775 παθεῖν.
3146 2719 3260 2774 Kal.
3332 2717 3708 2788 ἐπηγγείλατο

2117 2812 2301 2868 δοῦναι
2322 2811 2494 2882 αὐτῷ.
2526 2809 2660 2864 Ἀπδ
2680 2809 2886 2864 τούτων
2909 2796 3142 2881 λοιπὸνή
3173 2810 3313 2864 κατά
3333 2807 3424 2862 τὸν
3451 2807 3712 2878 Ἀϐραὰμ

2118 2901 2332 2974 ἱστορία
2392 2899 2658 2971 πρόεισιν,
2713 2899 2836 2968 ἦτις
2891 2899 3080 2954 άπασα
3124 2898 3185 2953 τὸ
3230 2897 3708 2969 προσκαρτερικὸν

2117 2997 2211 3052 ἐπὶ
2241 2996 2362 3059 ταῖς
2401 2996 2508 3050 τῶν
2543 2982 2886 3064 ἐπαγγελιῶν
2930 2993 3189 3047 ἐκϐάσεσι
3231 2993 3326 3046 τοῦ
3355 2991 3709 3061 πατριάρχου

2115 3087 2418 3156 διεξιοῦσα,
2447 3085 2807 3158 τδνἈϐραάμ
2831 3085 2932 3157 μὲν
2953 3085 3194 3148 καὶτοὺς
3222 3084 3344 3138 κατ’
3365 3083 3549 3143 αὑτὸν,
3577 3081 3710 3146 τοὺς

2120 3181 2250 3253 περὶ
2277 3181 2378 3244 τάς
2409 3177 2562 3242 θείας
2614 3176 2947 3247 ἐπαγγελίας
2991 3175 3350 3247 καρτερικοὺς
3375 3217 3389 3241 ,
3427 3174 3712 3244 ἀοιδίμους

2127 3272 2443 3343 ἀποφαίνει,
2478 3271 2606 3334 τοὺς
2654 3266 2955 3340 ὀλιγώρους
2991 3268 3070 3334 δὲ,
3120 3267 3339 3338 ὁμοίους
3368 3264 3478 3320 τῶν
3505 3264 3714 3335 παρόν-

2127 3384 2235 3421 των
2271 3364 2577 3439 τηνικαῦτα
2627 3360 2938 3433 ἀκροατῶν,
2968 3360 3020 3414 οἳ
3064 3360 3159 3414 καὶ
3205 3361 3360 3414 αὐτοὶ
3389 3359 3496 3414 τῶν
3523 3358 3711 3412 αὐτῶν

2129 3459 2362 3521 ἐκείνοις
2410 3455 2818 3527 ἀκληρημάτων
2865 3451 3588 3527 ἀνυπερθέτως-τεύξονται,
3645 3452 3708 3520 ἐξ

2133 3547 2314 3601 αὐτῶν
2367 3524 2760 3618 χειρῶνξτῶν
2801 3524 3173 3615 ἐλπιζομένων
3220 3524 3443 3609 αῦτοῖς,
3485 3544 3711 3615 ρυῖσκο-

2135 3633 2334 3706 μένων.
3423 3657 3444 3683 ι.

2205 3727 2384 3796 ’Ἀπερ
2413 3725 2630 3781 ἅπαντα
2651 3727 2801 3798 ὅμως
2835 3725 3008 3798 μικρὰ
3032 3725 3530 3798 παραμετροῦμενα
3569 3722 3708 3794 πρὸς

2133 3819 2195 3872 τὸ
2220 3819 2447 3890 ἔσχατον
2494 3820 2632 3872 κατά
2655 3817 2895 3890 Χριστοῦ
2924 3818 3199 3890 τόλμημα.
3235 3817 3326 3870 Διὸ
3352 3819 3446 3870 καὶ
3468 3815 3709 3886 σκληρο-

2143 3909 2407 3982 τράχηλοι
2459 3911 2556 3963 καὶ
2603 3909 2974 3980 ἀπερίτμητοι
3002 3913 3067 3978 τῇ
3098 3908 3318 3979 καρδίᾳ,
3353 3908 3580 3970 καὶτοῖς
3605 3906 3714 3960 ὠσὶ

2124 4003 2625 4074 παραϐεϐυσμένοι.
2652 4003 2727 4056 Δι’
2747 4002 2784 4056 ἃ.
2802 4004 2896 4056 καὶ
2915 4004 3094 4071 φονεῖς
3119 4001 3416 4072 προφητῶν
3458 4001 3548 4054 τὸν
3585 3999 3701 4053 δλε-

2138 4095 2164 4148 θ
2175 4111 2265 4166 ρον
2304 4096 2397 4148 καὶ
2423 4093 2872 4164 ἀπηλέγχθησαν,
2905 4093 3000 4146 καὶ
3017 4092 3183 4146 αὐτοῦ
3201 4090 3291 4144 τοῦ
3327 4089 3586 4162 Χριστοῦ.
3612 4091 3711 4152 Ὃς

2137 4183 2232 4236 καὶ
2255 4183 2355 4252 τὴν
2379 4181 2614 4253 ἐσχάτην
2634 4181 2818 4245 αὐτοῖς
2847 4181 3139 4253 βραϐεύσει
3163 4181 3487 4250 διασπορὰν.
3517 4182 3584 4233 Ἀ
3611 4179 3713 4251 μὲν

2134 4272 2229 4329 οῦν
2251 4261 2653 4346 ἐνθεωρηθῆναι
2684 4274 2828 4338 είκδς
2853 4275 2961 4328 τῶν
2989 4273 3130 4330 κατὰ
3152 4275 3241 4328 τὸν
3273 4291 3540 4344 συντετμη
3552 4273 3711 4344 μένον

2136 4366 2296 4436 λόγον
2325 4366 2422 4437 τῆς
2451 4365 2710 4436 θεοσόςρου
2741 4365 3015 4435 Στεφάνου
3047 4366 3219 4436 σοφῆς
3255 4364 3590 4439 δημηγορίας
3618 4381 3707 4418 τε·

2137 4458 2610 4530 θησαυρισμένων,
2636 4456 2877 4512 τοσαῦτα
2898 4472 2912 4489 ⁸
2945 4455 3020 4512 ὦν
3049 4460 3144 4514 καὶ
3169 4455 3233 4513 τὸ
3260 4458 3530 4531 ἡμέτερον
3561 4456 3714 4511 εὐτε-

2136 4549 2233 4614 λὲς
2263 4550 2405 4604 κατὰ
2433 4548 2495 4602 τδ
2521 4547 2808 4622 ἐνάμιλλον
2839 4549 2938 4622 τῆς
2957 4549 3266 4620 προσούσης
3293 4550 3427 4620 ἡμῖν
3451 4548 3715 4619 καθαριό-

2136 4658 2303 4715 τητος
2332 4641 2497 4695 λαϐὸν
2525 4643 2624 4714 τὴν
2647 4641 2863 4717 σύνεσιν
2881 4643 3009 4715 τῇδε
3031 4643 3428 4711 κατετάξαμεν,
3455 4640 3715 4696 συνελόν-

2135 4751 2226 4798 τες
2255 4733 2392 4805 πρὸς
2422 4736 2489 4805 τῇ
2521 4736 2662 4806 ἀρχῇ
2701 4734 2797 4788 καὶ
2833 4735 2893 4788 τὸ
2929 4734 3123 4802 πέρας,
3161 4731 3310 4804 αὑτῷ
3340 4749 3400 4785 τε
3427 4731 3592 4803 λόγῳ,
3617 4730 3716 4802 ἀφ’

2137 4818 2199 4878 οῦ
2256 4825 2351 4877 καὶ
2376 4823 2438 4877 τὸ
2500 4822 2826 4877 θεόϐλυστον
2855 4821 3012 4876 τοῦτο
3042 4820 3212 4894 ἐρρύη
3264 4821 3410 4891 νᾶμα
3443 4858 3458 4884 ,
3509 4819 3716 4872 ἐπανα-

2137 4913 2469 4978 παύσαντες.
2504 4913 2668 4968 Ἀλλά
2687 4913 2795 4986 γάρ
2835 4912 2998 4982 σοφὸν
3028 4912 3128 4984 ἢδη
3168 4911 3266 4965 καὶ
3308 4912 3424 4974 τοῖς
3447 4910 3586 4964 κατὰ
3613 4911 3708 4982 μέ-

2141 5023 2232 5078 ρος
2265 5007 2592 5078 χρήσασθαι,
2617 5009 2758 5064 κατά
2794 5006 2857 5061 τὺ
2895 5007 3025 5078 ἡμῖν
3057 5005 3278 5076 ἐφικτὸν
3308 5004 3716 5075 ἐμφιλοχωροῦ-

2141 5114 2244 5152 σιν.
2275 5098 2349 5151 Οὐ
2397 5097 2506 5170 γὰρ
2572 5099 2746 5170 μάτην
2775 5101 2855 5163 είς
2911 5098 3214 5170 ἐπίρρωσιν
3264 5097 3587 5167 παρελήφθη
3620 5096 3714 5148 τοῦ

2138 5187 2598 5258 δημηγοροῦντος,
2633 5193 2665 5260 ή
2697 5189 2838 5244 κατὰ
2865 5190 2958 5244 τὸν
3001 5190 3254 5262 Ἀϐραὰμ
3285 5193 3378 5244 καὶ
3423 5191 3532 5244 τῶν
3589 5189 3712 5244 καθ’

2141 5277 2271 5349 ἑξῆς
2304 5280 2588 5348 ἀπογόνων
2623 5277 2787 5334 αὑτοῦ
2843 5281 3073 5352 ἱστορία,
3112 5283 3228 5336 ἀλλ’
3277 5284 3352 5346 ὼς
3407 5283 3474 5336 ἂν
3527 5281 3712 5351 δειχθῇ

2141 5374 2235 5426 καὶ
2271 5373 2380 5426 τῶν
2440 5373 2719 5444 προγόνων
2760 5375 2950 5445 ήπερὶ
2974 5376 3034 5428 τὸ
3056 5376 3208 5430 Θεῖον
3272 5376 3570 5444 εὐπείθεια,
3623 5377 3716 5430 καὶ

2141 5463 2246 5516 τῶν
2282 5465 2564 5532 ἀπογόνων
2604 5467 2637 5537 ἠ
2670 5467 2733 5519 ἐκ
2769 5466 2960 5520 σκαιοῦ
3018 5467 3221 5537 τρόπου
3279 5468 3554 5522 ἀπείθεια.
3600 5468 3714 5521 Kal

2142 5555 2355 5627 πρῶτον
2391 5558 2488 5628 μὲν
2523 5559 2828 5630 ὑπόδειγμα
2859 5560 2916 5627 ἐξ
2952 5560 3224 5632 Ἀϐραὰμ,
3258 5561 3319 5614 τὸ
3347 5562 3422 5631 μὴ
3460 5561 3716 5632 ἐπιταχί-

2141 5663 2254 5700 νειν
2285 5648 2352 5701 τὰ
2377 5652 2493 5712 ταῖς
2527 5650 2699 5714 θείαις
2751 5652 3103 5722 ἐμφερόμενα
3158 5653 3531 5721 ἐπαγγελίαις.
3593 5654 3717 5705 Ὅτι

2146 5739 2280 5810 μηδέ
2349 5740 2597 5812 Ἀϐραὰμ
2647 5741 2747 5813 τὴν
2803 5744 2898 5796 ἀπ’
2935 5744 3215 5810 Αἰγύπτου
3270 5745 3375 5796 τῶν

2144 5831 2344 5903 ἔξοδον,
2372 5835 2468 5906 τῆς
2501 5835 2738 5906 κατοχῆς
2771 5836 2947 5892 αὐτῶν
2979 5837 3072 5890 ἐπὶ
3116 5838 3441 5908 τετρακόσια
3485 5839 3577 5908 ἔτη
3612 5853 3716 5887 m-

3435 5749 3463 5797 ὰ
3475 5745 3716 5810 πογ-ἒ-λων
