4058 6536
348 360 445 424 137

1300 361 1682 422 COMMENT.
1725 362 1801 419 ΙΝ
1840 359 2027 419 ACTA
2064 355 2636 417 APOSTOLORUM.
3487 354 3585 415 133

341 476 647 551 ρατιθῆναι
661 478 1011 553 δηλωθείσης,
1033 480 1126 533 καὶ
1144 479 1282 550 μετά
1299 478 1500 549 πολλῆς
1514 478 1611 548 τῆς
1624 476 1918 541 κακώσεως

2025 474 2131 531 rari
2178 473 2335 545 petiit
2383 482 2640 545 nepotum
2686 472 2757 527 ab
2801 471 3033 542 ἀξίῃ)ιο
3079 484 3408 543 egressum:
3461 484 3584 524 cum

336 570 434 624 xci
456 569 789 635 δουλώσεωςξ
815 571 1138 637 Δουλὼσεως
1162 571 1218 625 δέ
1248 572 1308 625 ού
1339 571 1438 642 τῆς
1460 569 1751 642 τυχούσης,
1774 567 1910 623 ἀλλὰ

240 704 243 705 ,
334 663 438 732 τῆς
472 660 831 717 ἀνυποίστου.
869 661 994 719 Ὅτι
1036 662 1167 735 μηδέ
1201 663 1275 725 ὡς
1304 661 1532 728 δούλοις,
1560 661 1674 715 ἀλλ’
1704 661 1779 725 ὡς
1819 663 1909 730 ἔχ’

337 752 489 824 θροῖς
505 753 765 824 ἐχρῶντο.
789 756 900 809 Καὶ
917 756 977 810 ού
1001 755 1167 828 δήπου
1199 755 1382 826 δέησις
1407 752 1468 821 ἐξ
1490 755 1743 828 Ἀϐραὰμ
1785 771 1912 808 συν-

340 846 563 917 τέμνειν
593 846 683 901 τὸν
712 848 927 918 χρόνον,
967 848 1082 903 ἀλλ’
1118 849 1202 903 δτι
1230 849 1390 920 μόνον
1427 847 1619 920 μικρὸν
1658 849 1738 911 εἰς
1782 848 1913 900 ἀνα-

336 937 518 1008 ψυχὴν
546 941 579 1009 ἡ
620 939 930 1005 ἀντέκτισις
960 941 1098 1013 πρὸς
1133 942 1259 1005 τοὺς
1314 938 1616 1004 κακοῦντας
1646 940 1704 1007 ἐξ
1748 938 1915 993 αὑτοῦ

338 1029 531 1084 τούτου
569 1030 776 1099 κρίνειν
800 1033 1275 1105 ἐπαγγειλαμένου
1299 1033 1425 1097 τοὺς
1468 1030 1752 1103 ἐχθρωδῶς
1791 1031 1915 1094 τοὺς

338 1123 496 1177 οὐδὲν
526 1124 859 1194 ἠδικηκότας
878 1126 1360 1198 ἐπανῃρημένους.
1395 1124 1468 1179 Τὸ
1490 1125 1548 1178 δέ
1579 1124 1684 1178 ἀπὸ
1713 1125 1913 1194 Περσί-

337 1212 428 1276 δος
469 1214 550 1277 εἰς
615 1215 982 1287 Παλαιστίνην
1031 1216 1127 1282 τὰς
1191 1215 1520 1285 ἐπαγγελίας
1561 1214 1915 1286 περαίνεσθαι

341 1308 673 1380 προσδοκᾷν,
727 1311 822 1364 καὶ
854 1311 974 1365 ούδέ
1009 1311 1097 1366 διὰ
1120 1311 1180 1365 τὸ
1210 1311 1557 1382 μακροδαπές
1604 1313 1683 1374 είς
1706 1309 1766 1364 τὸ
1791 1308 1918 1364 ἀδύ-

338 1414 499 1451 νατον
527 1402 816 1470 περιιστᾷν
846 1400 944 1472 τὴν
976 1401 1332 1469 ἐπαγγελίαν,
1358 1401 1419 1455 τὸ
1458 1402 1567 1454 πᾶν
1588 1401 1916 1471 ἀναθέμενον

338 1490 404 1559 τῇ
431 1488 525 1540 τοῦ
583 1489 1051 1560 ἐπαγγειλαμένου
1084 1491 1334 1563 δυνάμει,
1393 1491 1590 1562 πόσης,
1620 1491 1719 1562 τῆς
1778 1490 1915 1560 πρὸς

336 1577 472 1632 Θεὸν
501 1578 806 1651 σύμϐουλον
843 1581 1242 1654 πεποιθήσεως,
1273 1582 1406 1654 πρὸς
1430 1582 1652 1646 ’τούτοις
1694 1584 1721 1635 ὁ
1752 1579 1914 1652 ζῆλος

337 1669 447 1724 τῶν
475 1669 721 1739 ἀδελφῶν
749 1671 883 1742 πρὸς
909 1671 1000 1725 τὸν
1043 1672 1263 1744 Ἰωσὴφ,
1309 1674 1403 1727 καὶ
1447 1671 1829 1745 ἀμνησικακία
1856 1670 1915 1724 ἐν

337 1757 419 1830 τῷ
475 1759 554 1830 μὴ
582 1760 973 1816 ἀνταποδοῦναι
1028 1762 1230 1833 καίπερ
1257 1762 1576 1834 δυνηθέντα,
1608 1763 1715 1817 τῶν
1748 1777 1915 1816 κεκα-

2022 567 2375 624 manil’estata
2407 572 2552 623 esset
2583 566 2632 622 ei
2663 565 2926 630 detentio,
2971 578 3090 635 qua:
3120 562 3187 618 ad
3218 560 3586 634 quadringen-

2017 669 2103 719 tos
2138 676 2312 717 annos
2350 657 2695 732 proroganda
2741 666 2877 722 erat,
2924 654 3087 726 idque
3134 671 3259 711 cum
3311 655 3479 709 multa
3511 654 3590 707 af-

2018 750 2253 808 ﬂictione
2302 758 2355 808 et
2404 750 2729 807 subactione
2781 749 2834 803 in
2882 749 3224 811 servitutem,
3270 746 3593 803 subactione

2021 859 2150 901 vero
2174 859 2282 899 non
2302 843 2566 915 qualibet,
2584 841 3045 907 sed‘intolerabili,
3066 841 3335 913 siquidem
3356 840 3464 897 illis
3482 855 3589 894 non

2023 943 2083 991 ut
2111 934 2305 1002 servis,
2345 933 2440 990 sed
2480 942 2540 988 ut
2571 932 2811 989 inimicis
2853 933 3167 988 utebantur.
3196 929 3308 1004 64
3344 928 3410 984 Ει
3443 939 3593 985 certe

2025 1028 2173 1083 nulla
2223 1026 2501 1098 profertur
2534 1026 2602 1081 ab
2645 1026 2915 1080 Abraham
2948 1024 3258 1095 deprecatio
3299 1023 3365 1080 de
3393 1024 3592 1080 abbre-

2020 1119 2221 1176 viando
2252 1127 2520 1191 tempore,
2550 1118 2646 1176 sed
2691 1118 2975 1189 paululum
3021 1117 3282 1189 quiddam
3323 1118 3595 1173 duntaxat

2018 1212 2085 1267 ad
2131 1211 2583 1269 refocillationem
2630 1210 2958 1281 praestitum,
3016 1226 3206 1281 nempe
3253 1210 3590 1280 respondens

2023 1304 2288 1362 adversus
2320 1304 2617 1376 aﬁligentes
2643 1304 2796 1369 ultio,
2832 1303 2901 1359 ab
2924 1317 2991 1359 co
3015 1304 3108 1373 qui
3133 1320 3193 1359 se
3219 1303 3591 1373 judicaturum

2019 1397 2271 1468 promisit
2317 1398 2464 1464 illos,
2537 1398 2629 1468 qni
2687 1398 2964 1453 hostiliter
3028 1411 3122 1451 eos
3194 1397 3595 1461 interimerent,

2020 1489 2114 1561 qui
2145 1489 2282 1544 nihil
2315 1489 2528 1560 injuria:
2565 1489 2668 1561 ipsi
2717 1489 3054 1544 intulissent.
3087 1486 3334 1542 Animari
3366 1501 3495 1542 vero
3529 1486 3597 1541 ad

2017 1581 2412 1652 exspectandas
2450 1596 2481 1635 a
2511 1579 2734 1637 Perside
2783 1581 2835 1634 in
2885 1579 3231 1637 Palmstinam
3274 1578 3595 1648 promissio-

2020 1686 2140 1737 nes,
2190 1681 2245 1728 et
2297 1686 2476 1742 neque
2524 1679 2744 1742 propter
2793 1670 3008 1742 longam
3056 1682 3265 1724 moram
3315 1682 3378 1722 ac
3412 1681 3595 1721 rerum

2020 1762 2453 1834 magnitudinem
2488 1762 2816 1832 detorquere
2844 1761 3261 1832 promissionem
3293 1758 3360 1813 ad
3395 1759 3599 1830 impos-

339 1853 628 1922 κωμένων,
679 1852 793 1907 ἀλλ’
823 1853 1045 1922 ἀγαθοῖς
1079 1854 1536 1925 ἀνταμείψασθαι.
1569 1855 1722 1910 Μετὰ
1742 1853 1913 1908 ταῦτα

2025 1854 2365 1917 sibilitatem,
2416 1853 2547 1924 quia
2592 1859 2767 1908 totum
2810 1853 2866 1908 in
2913 1850 3286 1923 promittentis
3327 1852 3599 1921 potestate

338 1941 563 2015 ἐλεγχος
591 1943 699 1997 τῶν
730 1945 1153 2015 ἀπροφασίστως
1177 1945 1317 2000 κατά
1371 1944 1610 2018 Χριστοῦ
1665 1946 1756 2000 καὶ
1801 1944 1908 2001 τῶν

2025 1947 2324 2018 reponitur,
2373 1952 2594 2017 quantae
2641 1954 2726 2001 est
2770 1960 2896 2016 erga
2946 1946 3113 2001 Deum
3163 1944 3254 2014 qui
3303 1941 3355 1996 id
3408 1941 3601 1997 suadet

340 2032 601 2104 μαθητῶν
630 2034 794 2089 αὐτοῦ
829 2035 1115 2099 λυσσωδῶς
1137 2037 1485 2107 κινουμένων.

2025 2038 2396 2095 εοιιίίἀεηιίωἳ
2462 2037 2730 2094 Praeterea
2787 2037 2989 2092 invidia
3050 2036 3279 2092 fratrum
3340 2034 3602 2094 adversus

335 2124 540 2199 Josepb
591 2128 833 2200 ponitur,
865 2141 920 2185 et
969 2129 1292 2200 injuriarnm
1324 2131 1550 2199 oblivio,
1600 2132 1654 2187 in
1711 2146 1776 2187 co
1821 2130 1992 2202 quod,
2033 2146 2155 2188 cum
2187 2139 2391 2202 posset,
2443 2148 2550 2189 non
2596 2132 2744 2188 ultus
2791 2132 2862 2187 sit
2904 2144 2999 2186 eos
3036 2128 3129 2201 qui
3171 2143 3232 2185 se
3277 2126 3600 2189 aﬁlixerant.

334 2220 474 2292 quin
524 2224 705 2292 potius
758 2221 1021 2278 beneﬁcia
1071 2223 1343 2294 rependit.
1382 2223 1545 2280 ‘Post
1603 2227 1718 2280 haec
1783 2225 2134 2297 subiungitur
2187 2243 2377 2284 eorum
2435 2228 2744 2298 correptio,
2799 2224 2892 2298 qui
2941 2232 3128 2295 aperte
3184 2238 3248 2280 ac
3311 2221 3600 2279 furibunde

334 2313 705 2367 movebantur
729 2313 991 2372 adversus
1018 2314 1293 2371 Christum
1309 2316 1539 2389 ejusque
1561 2317 1883 2388 discipulos.

414 2422 435 2455 ι
475 2398 646 2469 Οὗτος
668 2407 1173 2481 κατασοφισάμενος
1195 2407 1254 2462 τὸ
1271 2408 1429 2479 γένος
1456 2409 1635 2481 ήμῶν,
1660 2409 1910 2465 ἐκάκωσε

334 2517 358 2550 ι
404 2498 537 2563 τοὺς
570 2501 811 2573 πατέρας
837 2501 1013 2573 ήμῶν,
1041 2501 1136 2557 τοῦ
1180 2504 1353 2558 ποιεῖν
1397 2502 1594 2558 ἔκθετα
1624 2503 1692 2558 τὰ
1735 2491 1910 2576 βρέφη

337 2609 359 2643 ι
408 2591 615 2659 αὐτῶν,
648 2593 726 2657 είς
758 2592 820 2646 τὸ
849 2593 927 2665 μὴ
956 2592 1367 2664 ζωογονεῖσθαι.
1393 2613 1412 2649 ›

407 2684 958 2755 Κατασοφισάμενος,
986 2687 1229 2740 τουτέστι
1267 2687 1596 2761 πανούργοις
1626 2688 1916 2753 ἐπινοίαις,

332 2774 521 2827 αὐτῶν
562 2777 943 2846 περιγενέσθαι
994 2778 1442 2850 βουλευσάμενος.
1501 2781 1772 2852 Σοφισμδς
1801 2781 1910 2852 γάρ

332 2868 461 2919 ἐστι
493 2865 824 2940 βεϐιασμένη
850 2868 1127 2941 ἐξήγησις.
1151 2872 1226 2924 Δι’
1247 2871 1276 2924 ὃ
1300 2864 1401 2926 ὦδε
1431 2874 1463 2943 ἡ
1487 2871 1723 2943 ἔμφασις
1746 2872 1914 2940 λέγει,

331 2956 402 3012 τὸ
431 2956 621 3028 βιαίως
651 2960 831 3022 αὐτοῖς
863 2960 1149 3023 ἐπιθέσθαι
1183 2961 1460 3032 δηλονότι·
1489 2962 1609 3017 ὅθεν
1639 2964 1732 3018 καὶ
1762 2979 1917 3033 σοφιο

336 3050 479 3116 στὰς
502 3052 630 3116 τοὺς
655 3052 856 3125 γόητας
884 3053 1165 3122 καλοῦσιν,
1198 3055 1274 3119 ὡς
1299 3055 1360 3109 τὸ
1384 3055 1579 3126 ἀληθὲς
1602 3055 1670 3111 δι’
1699 3056 1915 3126 ἀπάτης

332 3144 444 3199 καὶ
463 3145 744 3217 σοφισμῶν
770 3145 1130 3216 κρύπτοντας.
1148 3144 1373 3220 Ἐφεξῆς
1398 3148 1504 3203 τῶν
1523 3150 1651 3221 περὶ
1666 3147 1921 3220 ’Δϐραάμ

334 3236 679 3309 εἰρημένων,
707 3241 771 3294 ἐκ
807 3240 1196 3312 χρηματισμοῦ
1223 3241 1324 3314 τὴν
1347 3240 1456 3295 τῶν
1493 3240 1776 3310 ἀπογόνων
1822 3241 1920 3294 αὐκ

334 3329 442 3383 τοῦ
470 3328 577 3384 ὑπὸ
603 3330 918 3400 Αἰγυπτίων
943 3332 1094 3402 δηλοῖ
1114 3331 1510 3403 ταλαιπωρίαν.
1539 3325 1649 3397 Ἦς
1687 3331 1778 3384 καὶ
1816 3332 1915 3384 ἀν·

2086 2408 2153 2475 ν,
2222 2407 2309 2464 19.
2374 2426 2394 2459 ι
2442 2406 2540 2463 Hic
2610 2406 3046 2464 circumveniens
3108 2420 3283 2477 genus
3351 2409 3600 2458 nostrum

2019 2522 2038 2555 ι
2090 2503 2282 2559 alllixit
2331 2510 2518 2574 patres
2567 2510 2809 2567 nostros,
2864 2510 2922 2556 ut
2968 2505 3308 2571 exponerent
3359 2495 3597 2556 infantes

2020 2614 2039 2647 ι
2085 2611 2239 2663 suos,
2271 2612 2337 2651 ne
2366 2596 2420 2651 in
2456 2594 2567 2651 vita
2599 2603 2974 2650 servarentur.
3023 2613 3043 2648 ι

2091 2689 2637 2760 Κατασοφισάμενος,
2674 2687 2727 2741 id
2757 2696 2841 2746 est
2876 2686 3336 2753 circumveniens,
3378 2684 3484 2741 boc
3517 2693 3606 2743 est

2021 2779 2460 2850 decernensquo
2499 2788 2659 2849 pacto
2696 2777 2938 2835 versutis
2978 2776 3189 2835 technis
3231 2775 3484 2848 superior
3522 2774 3605 2830 eis

2022 2870 2381 2928 suﬁiccretur.
2446 2869 2582 2926 Nam
2651 2870 2919 2941 σοφισμὸς
2977 2880 3166 2926 coacta
3220 2867 3606 2941 interpretatio

2022 2966 2243 3022 dicitur.
2276 2963 2509 3036 PrOpter
2554 2964 2702 3036 quod
2743 2965 2819 3018 ita
2869 2963 3238 3035 signiﬁcanter
3277 2960 3446 3027 dicit,
3484 2960 3605 3019 vio-

2031 3058 2177 3112 lente
2232 3056 2486 3111 videlicet
2544 3056 2656 3112 illis
2726 3055 3012 3126 imponere
3071 3054 3279 3112 volens.
3338 3052 3495 3110 Unde
3514 3061 3604 3109 ret

2030 3148 2288 3219 σοφιστὰς
2370 3154 2570 3201 vocant
2648 3146 2995 3216 impostores,
3055 3153 3243 3217 utpote
3318 3146 3605 3202 veritatem

2026 3239 2218 3296 fraude
2248 3253 2311 3296 ac
2344 3237 2472 3294 dolo
2515 3238 2880 3293 occultantes.
2910 3237 3041 3292 Post
3079 3252 3143 3292 ea
3176 3252 3296 3309 quae
3336 3237 3405 3292 de
3430 3237 3605 3293 Abra-

2023 3332 2149 3386 ham
2192 3330 2335 3386 dicta
2360 3336 2497 3386 sunt
2529 3344 2593 3385 ex
2623 3311 2809 3384 divino
2854 3343 3143 3400 responso,
3196 3327 3469 3401 signiﬁcat
3504 3343 3605 3407 ne-

336 3420 648 3494 τισηκωσίς
694 3424 843 3478 ἐστιν
870 3423 1223 3496 ἀναψύχουσα
1246 3424 1402 3479 ὁτῶν
1439 3421 1754 3493 Αἰγυπτίων
1802 3421 1918 3476 δλε-

2026 3432 2212 3498 potum
2273 3423 2449 3495 ipsius
2478 3437 2752 3479 aerumnas
2780 3422 2850 3481 ab
2879 3420 3153 3494 Egyptiis
3184 3422 3441 3478 toleratas
3467 3434 3605 3493 qua-

336 3513 497 3585 θρος,
526 3513 585 3579 ὃς
616 3515 705 3570 ὑπ’
730 3514 898 3572 αὐτοῦ
930 3516 1025 3571 τοῦ
1055 3516 1192 3572 Θεοῦ
1225 3517 1409 3582 αὐτοῖς
1438 3515 1580 3572 κατά
1611 3514 1707 3589 τὴν
1766 3513 1922 3587 Ἐρυ-

2020 3532 2141 3574 rum
2171 3516 2337 3573 etiam
2378 3516 2756 3586 compensatio
2786 3530 3067 3583 recreans,
3098 3514 3481 3588 Egyptiorum
3517 3519 3603 3573 est

337 3603 484 3677 θρὰν
513 3604 792 3661 θάλασσαν
836 3609 1182 3681 ἐπηρτῆσθαι
1228 3608 1651 3681 ύπεσημαίνετο.
1688 3608 1778 3674 Ὦς
1842 3607 1918 3681 μὴ

2025 3610 2295 3673 interitus,
2326 3609 2418 3681 qui
2453 3608 2523 3665 ab
2556 3608 2819 3679 ipso,Deo
2850 3609 2963 3665 illis
2995 3609 3143 3665 circa
3174 3624 3324 3665 mare
3350 3608 3603 3665 Rubrum

338 3699 417 3770 τῇ
457 3700 693 3770 ἐπιφορᾷ
727 3701 838 3753 τῶν
885 3699 1184 3766 ἀνιῶντων,
1230 3700 1549 3787 ἀπόγνωσις
1583 3700 1694 3754 τῶν
1735 3717 1916 3772 σωτη-

2017 3702 2351 3775 impendisse
2397 3700 2742 3774 signiﬁcatus
2791 3708 2898 3769 est,
2927 3716 2997 3756 ne
3025 3700 3490 3757 discruciantium
3515 3713 3604 3756 re-

343 3790 505 3861 ρεων,
535 3792 672 3862 πρὸς
723 3792 982 3846 ἀπιστίαν
1032 3792 1374 3864 ἐξολισθῆσαι
1407 3792 1688 3865 παράσχῃ.
1720 3793 1918 3846 Σκόπει

2025 3809 2139 3850 rum
2189 3794 2416 3865 impetu,
2448 3793 2763 3864 desperatio
2811 3794 3137 3849 salutarium
3193 3808 3419 3850 causam
3460 3807 3605 3865 prm-

345 3882 448 3937 ιιαὶ
476 3883 537 3937 τὸ
564 3883 828 3955 ἐχέγγυον
855 3885 953 3956 τῆς
998 3886 1235 3950 πίστεως
1265 3886 1374 3941 τῶν
1406 3885 1919 3957 ἐπαγγελλομένων.

345 3976 512 4030 Ποῖον
532 3973 691 4029 τοῦτο
717 3990 733 4043 ;
766 3975 869 4046 τὴν
890 3976 1192 4049 περιτομὴν
1219 3976 1329 4031 τῶν
1356 3978 1689 4047 γεννητικῶν
1718 3976 1925 4049 μορίων

346 4067 536 4129 αὐτοῖς
576 4068 759 4138 μόνοις
782 4068 882 4123 οὐκ
908 4068 1087 4133 ἄλλοις
1100 4067 1377 4142 γνώριμον
1403 4071 1519 4134 τοῖς
1556 4068 1631 4141 μὴ
1660 4068 1925 4123 πεπονθό-

349 4171 459 4211 σιν.
502 4155 595 4222 Ἐξ
624 4150 698 4210 ὧν
727 4157 794 4231 δὴ
836 4158 1055 4214 πάντων
1088 4158 1149 4212 τδ
1188 4159 1468 4231 πειθήνιον
1516 4161 1617 4230 ὅρα
1651 4159 1756 4214 τῶν
1790 4176 1925 4231 χρη-

352 4247 753 4319 ματιζομένων.
816 4249 979 4304 una
1001 4252 1097 4305 καὶ
1135 4250 1266 4306 καθ’
1299 4252 1359 4306 δν
1393 4251 1584 4324 χρόνον
1616 4253 1652 4323 ἡ
1682 4251 1789 4307 τῶν
1827 4267 1927 4306 κα-

351 4342 734 4412 κουχουμένων
771 4343 997 4415 ἤγγιζεν
1019 4343 1219 4411 ἐξοδος,
1248 4344 1340 4398 ἐπὶ
1377 4344 1437 4397 τὸ
1494 4343 1756 4415 μᾶλλονὴ
1814 4343 1923 4397 τῶν

354 4431 671 4488 κακούντων
715 4433 872 4506 ὕϐρις
922 4435 1213 4506 προϐᾶσα,
1260 4435 1359 4508 τὴν
1400 4434 1509 4489 τῶν
1543 4434 1786 4508 ἀρρένων
1811 4432 1930 4497 ταῖς

356 4524 544 4593 μαίαις
573 4525 779 4597 φθορὰν
808 4527 1155 4599 εἰσηγήσατο.
1185 4527 1323 4581 ’Δλλ’
1347 4527 1441 4582 ἐπὶ
1472 4528 1570 4596 μὲν
1594 4530 1713 4592 ταῖς
1741 4526 1929 4590 ἄλλαις

353 4615 654 4682 κακώσεσι,
686 4620 745 4671 τὸ
776 4618 935 4674 πλέον
964 4621 1090 4684 τοὺς
1126 4621 1497 4691 κακουμένους
1547 4617 1920 4691 πληθύνεσθαι

354 4708 706 4780 ἀντεξήτετο,
736 4711 967 4765 ἐνταῦθα
990 4712 1047 4765 δέ
1081 4713 1216 4782 πρὸς
1243 4712 1320 4784 τῷ
1350 4714 1666 4784 διαμαρτεῖν
1696 4711 1805 4765 τῶν
1829 4728 1932 4763 κα⁹

356 4804 781 4875 κουργημάτων,
833 4805 926 4857 καὶ
956 4805 1119 4857 αὑτὸν
1160 4805 1366 4859 Μωσέα
1407 4804 1497 4858 τὸν
1536 4803 1922 4876 ὀλοθρεύσοντσ

354 4896 555 4957 αὐτοὺς
584 4895 735 4964 παρά
784 4896 1110 4966 προσδοκίαν
1171 4895 1445 4961 διασώζει,
1504 4897 1599 4950 καὶ
1648 4895 1923 4966 βασιλείου

355 4986 564 5056 τροφῆς
600 4985 737 5051 ἀξιοῖ
771 4988 862 5039 καὶ
894 4988 1231 5058 ἐπιμελείας.
1266 4988 1409 5058 Πρὸς
1433 4988 1569 5041 τίδὲ
1600 4987 1923 5060 παρελήφθη

356 5078 449 5130 καὶ
480 5076 674 5142 τοῦτο;
707 5076 848 5149 Πρὸς
880 5080 1213 5150 ὑποδήλωσιν
1237 5080 1331 5133 τοῦ
1368 5080 1460 5134 καὶ
1497 5079 1591 5135 νῦν
1626 5079 1701 5150 μὴ
1727 5082 1924 5149 ἀπογι-

361 5167 614 5229 νώσκειν,
650 5169 775 5230 τοὺς
823 5170 964 5222 κατὰ
1012 5166 1251 5240 Χριστοῦ
1283 5172 1375 5224 καὶ
1404 5173 1512 5225 τῶν
1536 5171 1702 5224 αὑτοῦ
1749 5171 1924 5240 μαθη-

355 5260 462 5318 τῶν
492 5261 885 5332 ὁπλιζομένους
914 5262 1023 5316 τῶν
1045 5262 1247 5329 ὁμοίων
1277 5265 1478 5333 τυχεῖν,
1512 5265 1569 5316 ἐν
1600 5264 1712 5326 τοῖς
1742 5261 1925 5330 ἔργοις

357 5352 464 5407 τῶν
505 5352 707 5425 χειρῶν
764 5354 1556 5426 αὐτῶνχσυλλαμϐανομένους.
1612 5352 1684 5407 Τδ
1721 5353 1779 5407 δὲ
1827 5356 1927 5424 τῆς

359 5447 663 5519 περιτομῆς
722 5451 945 5518 σημεῖον
995 5449 1088 5501 ἐπὶ
1155 5449 1267 5511 τοῖς
1320 5450 1656 5518 γεννητικοίς
1711 5446 1923 5517 μορίοις

357 5539 515 5594 τοῦτο
545 5540 741 5609 δηλοῦν
766 5539 1035 5610 βούλεται.
1070 5540 1144 5593 Τὸ
1168 5540 1541 5610 προκάλυμμα
1562 5540 1622 5592 τὸ
1653 5541 1764 5603 τοῖς
1799 5555 1923 5607 γενο

358 5634 589 5705 νάρχαις
635 5635 695 5686 ἐν
743 5632 820 5703 τῷ
872 5632 1205 5705 παραδείσω,
1259 5631 1437 5702 φθόνῳ
1464 5630 1556 5685 τοῦ
1614 5630 1925 5709 ἀρχεκάκου

357 5726 536 5798 δφτως
566 5727 834 5798 ὑποφυέν,
866 5729 959 5797 ἀφ’
981 5720 1041 5780 οὗ
1066 5726 1159 5780 καὶ
1189 5724 1627 5795 ἀξιοπιστότερος
1660 5723 1805 5788 ἔδοξε
1830 5722 1924 5775 τοῦ

359 5820 727 5892 πεποιηκότος
758 5818 893 5873 Θεοῦ
922 5821 1049 5890 περὶ
1081 5819 1177 5889 τὴν
1213 5818 1399 5886 γεῦσιν
1427 5816 1519 5871 τοῦ
1550 5815 1729 5883 ξύλου.
1756 5813 1928 5869 Τοῦτο

713 5919 1132 5983 ΡΛΤΕΟΙ..ὨΒ.
1182 5913 1461 5978 CXVIII.
1552 6008 1555 6013 _

2020 3887 2148 3943 beat
2198 3885 2509 3943 collabendi
2562 3886 2618 3940 in
2668 3885 3066 3943 inﬁdelitatem.
3104 3885 3401 3957 Considera
3437 3887 3603 3944 etiam

2022 3992 2146 4048 qua:
2194 3978 2266 4033 sit
2307 3977 2430 4033 ﬁdei
2461 3975 2734 4033 securitas
2782 3975 2851 4032 de
2900 3976 2985 4032 bis
3035 3992 3158 4047 quae
3187 3977 3603 4048 promittuntur.

2025 4068 2283 4136 Quaenam
2312 4067 2404 4122 illa
2431 4074 2537 4132 est,
2571 4066 2822 4138 inquies?
2849 4061 3056 4138 Nempe
3083 4068 3227 4139 quod
3254 4068 3606 4125 circumcisio

2023 4161 2343 4233 genitalium
2378 4159 2618 4230 partium
2664 4158 2800 4230 ipsis
2830 4158 2964 4215 solis
2991 4159 3142 4235 data,
3174 4160 3390 4232 insigne
3415 4159 3601 4227 fuerit,

2028 4269 2137 4309 non
2173 4254 2241 4308 iis
2265 4252 2469 4324 quibus
2496 4266 2605 4306 non
2638 4251 2961 4322 contigerat.
3001 4251 3080 4306 Ex
3113 4251 3316 4322 quibus
3344 4251 3604 4315 omnibus

2026 4364 2217 4404 eorum
2244 4348 2461 4404 intuere
2499 4346 2894 4413 obedientiam,
2926 4343 3019 4416 qui
3053 4344 3236 4400 divina
3278 4351 3604 4415 acceperant

2030 4455 2310 4511 responsa.
2344 4436 2453 4496 Sed
2487 4448 2542 4495 et
2567 4447 2833 4511 tempore,
2867 4452 2980 4509 quo
3008 4437 3331 4492 aﬁlictorum
3360 4437 3604 4493 instabat

2029 4547 2311 4601 egressus,
2347 4532 2579 4603 amplius
2616 4544 2910 4602 progressa
2942 4539 3027 4586 est
3064 4528 3417 4601 atlligentium
3455 4529 3602 4600 inju-

2031 4621 2151 4687 ria,
2197 4636 2318 4692 quae
2372 4622 2698 4677 obstetrices
2756 4621 3043 4675 admonuit
3103 4621 3171 4675 ad
3231 4620 3602 4675 masculorum

2030 4714 2416 4784 perditionem.
2450 4713 2652 4769 Verum
2699 4714 2753 4768 in
2798 4713 2924 4769 aliis
2967 4712 3189 4783 quidem
3219 4710 3616 4768 aﬂlictionibus

2033 4804 2085 4860 id
2122 4807 2430 4876 Oppositum
2479 4816 2564 4862 est
2606 4805 2753 4876 quod
2787 4804 2973 4860 amicti
3007 4804 3242 4875 amplius
3274 4803 3605 4873 multiplica-

2030 4898 2251 4953 bantur.
2269 4897 2376 4970 65
2395 4899 2520 4954 Haec
2542 4906 2720 4953 autem
2739 4895 3060 4968 improbitas
3083 4906 3438 4965 praeterquam
3457 4896 3603 4966 quod

2033 4991 2087 5045 in
2132 4990 2293 5045 malis
2336 4989 2479 5044 dolis
2524 4989 2734 5045 intento
2774 4986 3165 5055 trustrabatur,
3192 4986 3379 5044 Mosen
3414 4989 3600 5055 etiam,

2031 5081 2124 5150 qui
2170 5081 2319 5150 ipsos
2370 5078 2688 5149 perditurus
2730 5087 2844 5132 erat
2897 5093 3090 5148 praeter
3141 5079 3602 5150 exspectationem

2032 5170 2296 5233 servavit,
2322 5182 2383 5223 ac
2418 5169 2566 5237 regia
2594 5166 2919 5223 educatione
2949 5184 3189 5237 curaque
3219 5168 3441 5241 dignum
3469 5168 3604 5226 eﬁ'e-

2034 5261 2125 5316 cit.
2154 5258 2295 5325 _Quo
2328 5267 2507 5314 autem
2550 5258 2658 5315 ﬁne
2710 5259 2764 5314 id
2809 5271 3152 5330 assumptum
3191 5261 3311 5316 est?
3345 5261 3423 5315 Ad
3460 5262 3606 5317 indi-

2034 5353 2267 5409 candum
2310 5352 2458 5424 quod
2510 5367 2687 5422 neque
2722 5367 2870 5407 nunc
2916 5353 3221 5425 negandum
3271 5352 3345 5409 sit
3384 5353 3470 5420 iis,
3507 5354 3600 5424 Qui

2036 5445 2300 5501 adversus
2351 5443 2626 5500 Christum
2672 5442 2901 5514 ejusque
2952 5443 3252 5515 discipulos
3298 5455 3602 5510 armantur,

2034 5536 2233 5591 similia
2273 5536 2617 5606 contingere,
2660 5539 2754 5605 qui
2793 5534 2848 5589 in
2878 5536 3135 5606 operibus
3170 5551 3431 5591 manuum
3478 5551 3607 5593 sua-

2027 5645 2150 5685 rum
2178 5629 2738 5701 comprebenduntur.
2764 5627 2990 5699 Signum
3013 5644 3143 5685 vero
3163 5628 3605 5686 circumcisiouis

2026 5721 2082 5778 in
2117 5723 2366 5793 partibus
2412 5721 2748 5793 genitalibus
2795 5721 2849 5776 id
2890 5720 3199 5792 signiﬁcare
3241 5720 3379 5785 vult,
3411 5733 3607 5789 nempe

2034 5814 2432 5887 cperimcntum
2458 5827 2566 5883 quo
2601 5826 2659 5870 se
2687 5812 2849 5882 primi
2890 5822 3143 5882 parentes
3179 5819 3515 5883 operuerunt
3548 5812 3603 5866 in

3248 5907 3288 5969 5
