4058 6546
493 370 595 433 139

1571 371 1969 433 (ECUMENII
2000 371 2289 432 TRICCIE
2329 370 2669 431 EPISCOPI

3628 371 3732 439 140

481 487 759 554 paradiso,
795 492 980 540 natum
1028 483 1230 538 invidia
1265 485 1552 554 serpentis,
1586 488 1676 558 qui
1726 489 2050 560 principium

2159 479 2497 556 ἀναιρεῖσθαι
2531 489 2563 557 ὴ
2621 484 2887 558 περιτομὴ
2919 488 3250 557 εἰσηγήσατο
3300 485 3380 555 τῷ
3412 484 3543 555 πρὶς
3598 485 3731 541 Θεδν

481 593 537 636 ει
571 588 736 650 caput
767 589 851 635 est
891 577 1206 635 malorum:
1239 592 1302 631 ex
1339 591 1446 648 quo
1485 579 1647 633 etiam
1698 579 1801 632 ﬁde
1836 579 2052 650 dignior

485 674 704 727 habitus
740 682 822 726 est
854 682 1015 742 quam
1061 669 1206 724 Deus
1241 670 1387 724 circa
1424 670 1554 742 ligni
1589 687 1767 726 esum.
1799 671 1914 728 Hoc
1951 672 2050 728 ab-

476 765 649 834 jicere
705 763 1050 818 circumcisio
1094 778 1216 817 eum
1271 763 1681 828 adhortabatur,
1733 765 1825 834 qui
1888 768 2049 819 vitam

482 855 781 911 secundum
825 855 989 910 Deum
1024 855 1443 920 transmutabat,
1472 856 1625 926 juxta
1659 856 1793 912 Mosi
1831 858 2048 928 quidem

481 949 874 1018 lcgislationem
936 961 1124 1002 eorum
1211 947 1534 1018 praecipiens
1623 950 2048 1019 ampulalinnem

479 1054 598 1108 qua:
651 1053 679 1092 a
742 1048 936 1092 natura
997 1038 1176 1093 solent
1229 1042 1525 1110 amputari.
1591 1039 1858 1096 Praeterea
1922 1057 2050 1098 vero

478 1133 640 1186 etiam
674 1141 892 1202 tempus
926 1131 1192 1186 adventus
1219 1130 1425 1188 Christi
1456 1133 1706 1205 deSIgnat
1735 1149 1749 1187 :
1782 1150 1890 1206 quo
1925 1134 2048 1190 uni-

477 1235 635 1277 versa
666 1221 973 1276 umbratica
999 1237 1062 1275 ac
1093 1220 1380 1292 figurativa
1416 1225 1481 1277 ad
1505 1209 1874 1295 evangelicum
1910 1225 2048 1278 veri-

477 1323 644 1370 tatem
694 1314 1123 1370 transferuntnr.
1154 1313 1310 1370 Unde
1340 1331 1434 1372 eos
1476 1316 1569 1386 qui
1611 1317 1683 1371 ita
1709 1316 1906 1387 corrigi
1940 1331 2049 1372 non

477 1404 751 1460 sustinent
794 1405 848 1458 in
895 1405 1254 1474 sequentibus
1295 1406 1464 1461 duros
1519 1407 1728 1462 cervice
1769 1423 1832 1461 ac
1881 1407 2050 1461 incir-

475 1497 753 1552 cumcisos
782 1506 906 1552 esse
931 1497 1193 1552 describit
1227 1515 1242 1552 :
1274 1498 1444 1554 duros
1468 1497 1688 1568 quidem
1723 1498 1955 1563 cervice,
1981 1499 2048 1553 ad

475 1589 876 1659 subjiciendum
940 1604 1000 1644 se
1059 1589 1246 1644 divino
1294 1590 1522 1660 Spiritui
1570 1607 1584 1644 :
1634 1589 2050 1646 incircunicisos

475 1690 655 1738 autem
703 1683 867 1738 corde
916 1691 968 1737 et
1015 1682 1282 1749 auribus,
1342 1691 1528 1752 utpote
1587 1697 1695 1737 non
1755 1684 2049 1739 tolerantes

474 1783 668 1830 mutuo
714 1775 858 1830 datis
903 1773 1287 1829 occasionibus
1337 1775 1569 1845 expiari,
1614 1782 1708 1827 aut
1755 1775 1947 1844 attingi
1995 1775 2049 1829 in

2157 578 2217 632 τὸ
2244 577 2344 650 ζῇν
2381 578 2793 648 μετατάττοντι,
2825 578 2965 630 κατὰ
2998 577 3096 648 μὲν
3149 578 3244 648 τὴν
3269 579 3545 640 Μωῦσὲως
3568 595 3733 648 νομο-

2156 670 2340 723 θεσίαν
2372 670 2477 722 τῶν
2505 667 2614 722 ἀπὸ
2641 671 2836 736 γενεᾶς
2866 668 3068 738 ἐοίμων
3101 669 3465 722 ἐπιτάττουσα
3493 669 3590 736 τὴν
3631 687 3728 722 τιε-

2159 762 2445 833 ριαίρεσιν.
2482 762 2600 813 Ἔτι
2625 761 2680 814 δὲ
2726 762 2819 813 καὶ
2859 760 3052 830 καιρὸν
3095 759 3250 813 τοῦτο
3287 761 3385 830 τῆς
3415 765 3555 812 κατά
3593 762 3728 827 Χρι-

2156 856 2278 909 στὸν
2301 855 2598 926 ἐπιδημίας
2622 852 3004 926 προϐάλλεται.
3031 854 3167 908 Καθ’
3189 853 3246 907 ὃν
3269 854 3339 906 τὰ
3363 853 3564 918 σκιώδη
3595 855 3732 908 πάν-

2152 965 2221 1002 τα
2253 948 2346 1002 καὶ
2374 947 2577 1026 τυπικά
2601 947 2694 1001 ἐπὶ
2721 947 2818 1019 τὴν
2857 947 2996 1002 κατά
3025 947 3088 1000 τὸ
3111 947 3444 1014 Εὐαγγέλιον
3476 945 3734 1016 ἀλήθειαν

2157 1023 2577 1109 μεταφέρονται.
2633 1039 2796 1092 Ὅθεν
2826 1040 2952 1099 τοὺς
3004 1038 3147 1092 οὕτω
3189 1037 3604 1108 μεταποιεῖσθαι
3658 1039 3734 1108 μὴ

2162 1131 2528 1200 ἀνεχομένους
2562 1134 2642 1195 είς
2677 1131 3185 1203 σκληροτραχὴλους
3208 1132 3736 1202 καὶ-ἀπεριτμήτους

2155 1221 2467 1293 προϐαίνων
2535 1225 2853 1290 ἀπεικάσει,
2905 1223 3414 1295 σκληροτραχήλους
3444 1225 3562 1293 μὲν,
3599 1223 3736 1292 πρὸς

2155 1317 2250 1387 τὴν
2280 1317 2373 1370 τοῦ
2415 1317 2560 1371 θείου
2607 1318 2927 1388 Πνεύματος
2980 1317 3280 1387 ὑποταγὴν,
3325 1318 3736 1388 ἀπεριτμήτους

2153 1410 2206 1461 δὲ
2228 1410 2326 1479 τὴν
2351 1410 2577 1481 καρδίαν
2597 1411 2689 1465 καὶ
2711 1411 2780 1463 τά
2803 1404 2939 1474 ὦτα,
2955 1411 3027 1472 ὠς
3058 1409 3132 1480 μὴ
3149 1409 3512 1479 ἀνεχομένους
3535 1407 3736 1460 καταλ’

2159 1500 2332 1570 λήλως
2365 1503 2477 1563 τοῖς
2509 1504 2722 1572 καιροῖς
2747 1500 3101 1570 ἀφοσιοῦσθαι
3129 1498 3197 1552 τὰ
3233 1500 3556 1570 πράγματα.
3590 1497 3650 1549 Et
3679 1497 3734 1549 δὲ

2151 1591 2212 1642 τὸ
2244 1590 2336 1643 τοῦ
2381 1591 2579 1662 Ἰωσὴφ
2629 1591 2960 1663 θαυμαστὸν,
2985 1592 3064 1644 ὅτι
3097 1593 3187 1644 ὑπ’
3220 1589 3463 1659 ἀδελφῶν
3495 1588 3733 1660 ἐπράθη,

2156 1683 2251 1734 καὶ
2278 1682 2482 1735 ἔσωσεν
2513 1683 2708 1746 αὐτοὺς
2727 1688 2752 1736 ὁ
2780 1684 3032 1755 πραθεὶς,
3064 1683 3220 1736 τοῦτο
3251 1679 3721 1750 θαυμασιώτερον,

2157 1775 2239 1827 ὅτι
2267 1778 2292 1828 ὁ
2324 1776 2577 1845 βασιλεὺς
2607 1777 2835 1847 ἔτρεφεν
2861 1776 3022 1829 αὑτὸν
3041 1777 3131 1828 τὸν
3158 1776 3419 1845 μέλλοντα
3464 1772 3735 1843 καθαιρήο

437 1867 440 1871 ’
475 1867 658 1923 rebus.
709 1867 865 1934 Quod
898 1867 942 1922 si
984 1866 1368 1923 admirandum
1398 1874 1516 1922 erat
1567 1868 1618 1922 in
1661 1866 1861 1937 Joseph
1901 1869 2046 1939 quod

2157 1882 2268 1917 σειν
2303 1864 2467 1918 αὑτοῦ
2485 1867 2582 1936 τὴν
2611 1867 2806 1938 ἀρχήν.
2837 1866 2910 1919 Τὸ
2938 1867 2992 1919 δὲ
3022 1869 3196 1918 ποιεῖν
3225 1866 3421 1918 ἔκθετα
3442 1864 3506 1918 τά
3531 1864 3731 1932 βρέφη.

475 1960 545 2016 sit
579 1961 833 2017 venditus
859 1975 888 2014 a
925 1960 1204 2027 fratribus,
1243 1961 1392 2032 ipsos
1420 1969 1600 2016 tamen
1629 1960 1885 2016 venditus
1917 1977 2048 2017 ser-

472 2053 681 2109 vaverit
732 2072 743 2108 :
787 2053 941 2124 ~illud
992 2053 1165 2122 magis
1221 2052 1584 2108 admiratione
1630 2051 1853 2125 dignum
1902 2051 2048 2123 quod

475 2159 567 2202 rex
617 2160 741 2201 eum
803 2146 1104 2209 nutrierit,
1152 2145 1244 2216 qui
1297 2144 1470 2214 ipsius
1519 2145 1886 2215 principatum
1935 2153 2055 2199 erat

473 2241 862 2294 subversor-us.
927 2237 1179 2294 Ostendit
1259 2245 1438 2292 autem
1527 2235 1735 2291 faciens
1816 2236 2054 2292 infantes

474 2331 677 2398 exponi
723 2327 868 2398 quod
917 2343 1026 2382 non
1079 2328 1240 2383 vellet
1286 2342 1382 2382 eos
1425 2327 1716 2382 manifeste
1764 2327 1962 2382 occidi.
1992 2327 2056 2380 Et

471 2421 596 2474 vide
645 2414 789 2490 quod
823 2419 1076 2474 diabolus
1110 2435 1205 2489 per
1241 2432 1303 2473 ea
1333 2419 1648 2488 provexerit
1686 2417 1778 2472 Dei
1813 2420 2055 2488 promis—

473 2510 706 2576 sionem,
758 2525 853 2580 per
909 2524 1032 2580 quae
1085 2508 1396 2564 conabatur
1443 2524 1562 2564 eam
1623 2509 1947 2565 dissolvere.
1995 2509 2053 2565 In

473 2603 729 2658 exsilium
775 2602 1049 2674 relegatur
1095 2600 1294 2666 Moses,
1341 2600 1436 2656 sed
1474 2601 1527 2655 in
1560 2602 1756 2656 exsilio
1787 2601 2052 2656 visionem

472 2693 622 2748 illam
674 2691 1021 2763 adipiscitur,
1066 2699 1118 2747 et
1169 2691 1353 2763 populi
1399 2691 1635 2748 ducatus
1683 2692 1762 2746 illi
1809 2693 2059 2746 commit-

475 2783 606 2839 titur
651 2801 666 2839 :

712 2785 786 2838 ita
838 2783 1112 2839 venditum
1163 2798 1384 2854 quoque
1437 2799 1657 2840 servum
1709 2785 1780 2840 ibi
1830 2801 2061 2863 regnare

2155 1956 2395 2010 δείκνυσι
2428 1959 2502 2029 μὴ
2539 1958 2862 2030 βουλόμενον
2891 1960 3137 2032 φανερῶς
3169 1960 3267 2027 τὴν
3297 1959 3500 2011 τούτων
3524 1957 3740 2026 ἀναίρε-

2159 2066 2242 2102 σιν
2277 2050 2573 2106 ποιεῖσθαι.
2609 2053 2718 2106 Kal
2741 2053 2846 2122 ὅρα
2873 2053 2954 2105 ὅτι
2988 2051 3056 2104 δι’
3089 2045 3162 2104 ὧν
3187 2053 3214 2102 ὁ
3244 2050 3486 2112 διάϐολος
3521 2049 3738 2117 ἐπεχεί-

2163 2158 2247 2213 ρει
2284 2143 2576 2196 καταλύειν
2606 2145 3066 2221 τὴνθέπαγγελίαν
3103 2145 3198 2196 τοῦ
3222 2142 3380 2206 Θεοῦ,
3412 2141 3500 2195 διὰ
3531 2142 3736 2194 τούτων

2154 2232 2370 2302 ηὔξετο.
2416 2236 2782 2303 Φυγαδεύεται
2827 2237 3051 2306 Μωσῆς,
3084 2236 3198 2288 ἀλλ’
3242 2237 3298 2286 ἐν
3347 2237 3410 2303 τῇ
3467 2227 3738 2301 φυταδίίᾲ

2154 2327 2251 2394 τῆς
2279 2327 2454 2394 ὅψεως
2481 2329 2697 2397 ἐκείνης
2733 2327 3016 2392 ἀξιοῦται,
3078 2326 3172 2379 καὶ
3227 2326 3326 2394 τὴν
3375 2323 3735 2392 δημαγωγίαν

2155 2418 2542 2488 ἐγχειρίζεται.
2586 2420 2741 2473 Οὖτω
2771 2422 2866 2474 καὶ
2899 2420 2988 2472 τὸν
3039 2416 3317 2490 πραθέντα
3357 2415 3542 2469 δοῦλον
3593 2417 3738 2467 ποιεί

2158 2509 2468 2580 βασιλεύειν
2517 2510 2646 2565 ἔνθα
2697 2511 2977 2580 ἐνομίζετο
3020 2510 3223 2572 δοῦλος.
3274 2508 3383 2562 Kal
3432 2507 3594 2569 αὐτὸς
3623 2505 3737 2559 δέὁ

2156 2603 2388 2672 Χριστὸς
2424 2605 2480 2655 ἐν
2512 2603 2589 2672 τῷ
2622 2605 2842 2674 θανάτῳ
2870 2603 2968 2674 τὴν
3022 2601 3251 2672 δύναμιν
3289 2599 3602 2663 ἐπεδείξατο
3641 2598 3734 2650 καὶ

2159 2695 2221 2748 τὸ
2246 2696 2465 2766 κράτος.
2493 2696 2678 2760 Οὕτως
2744 2697 3052 2767 εὐμήχανος
3073 2698 3100 2748 δ
3127 2695 3279 2759 Θεδς,
3325 2697 3416 2745 καὶ
3458 2691 3735 2760 ἀκατάλη-

2169 2805 2298 2849 πτος
2323 2790 2353 2860 ἡ
2387 2789 2608 2860 πρόνοια
2636 2787 2824 2843 αὑτοῦ.

471 2875 603 2934 facit
647 2877 738 2934 ubi
777 2894 969 2934 servus
1001 2878 1382 2934 habebatur“.
1425 2879 1491 2934 Et
1525 2877 1944 2952 ipseﬁhristus
1985 2880 2041 2934 in
2084 2890 2263 2936 morte
2311 2883 2609 2951 potentiam
2652 2882 3052 2938 demonstravit
3084 2895 3147 2935 ac
3217 2880 3406 2946 robur,
3469 2876 3605 2932 adeo
3647 2891 3739 2930 sa-

474 2973 630 3044 piens
668 2982 747 3027 est
787 2970 952 3040 Deus,
992 2980 1046 3028 ει
1093 2973 1670 3044 incomprehensibilis
1703 2974 2047 3044 providentia
2090 2975 2231 3046 ejus.

543 3067 656 3133 VII,
708 3069 899 3124 εν-ει.
965 3087 983 3122 ι
1029 3069 1148 3136 Quo
1199 3079 1445 3140 tempore
1491 3079 1654 3124 natus
1707 3079 1793 3126 est
1842 3067 2042 3136 Moses,

480 3179 499 3212 ι
547 3159 758 3231 fuitque
793 3170 982 3233 gratus
1014 3160 1145 3227 Deo,
1191 3163 1284 3232 qui
1320 3163 1564 3217 nutritus
1589 3161 1702 3234 66
1742 3171 1828 3218 est
1868 3163 2047 3219 tribus

2224 3090 2242 3124 ι
2280 3073 2367 3124 Ἐν
2392 3066 2436 3140 ᾧ
2474 3072 2648 3142 καιρῴ
2688 3071 2954 3141 ἐγεννήθη
2987 3071 3246 3140 Μωῦσῆς.
3285 3066 3397 3120 Kal
3421 3057 3488 3136 ἦν
3519 3065 3738 3124 ἀστεῖος

2153 3183 2170 3215 ι
2207 3163 2285 3234 τῷ
2315 3163 2454 3235 Θεῷ,
2488 3165 2547 3228 ὃς
2579 3166 2858 3236 ἀνετράφη
2889 3168 3064 3234 μῆνας
3093 3165 3243 3234 τρεῖς
3277 3160 3334 3214 ἐν
3365 3158 3442 3229 τῷ
3478 3157 3614 3226 οίιιῳ
3641 3155 3737 3208 τοῦ

481 3268 499 3304 ι
546 3251 827 3307 mensibus
887 3251 948 3306 in
1007 3251 1172 3307 domo
1228 3253 1437 3323 patris,
1495 3252 1805 3322 expositum
1862 3261 2043 3308 autem

2157 3276 2175 3309 ι
2215 3258 2437 3329 πατρός.
2497 3257 2821 3311 Ἐκτεθὲντα
2852 3257 2908 3310 δέ
2959 3255 3122 3308 αὐτὸν
3172 3249 3741 3322 ἀνείλετοὴθυγάτηρ

480 3363 498 3396 ε
541 3343 718 3414 ipsum
755 3343 878 3398 tulit
911 3343 1019 3398 lilia
1049 3342 1377 3411 Pharaonis,
1407 3352 1461 3399 et
1491 3345 1746 3400 educavit
1773 3359 1898 3400 eum
1939 3345 2045 3401 sibi

481 3456 498 3488 ι
546 3438 602 3491 in
636 3437 829 3491 filium.
873 3435 940 3490 Et
974 3435 1225 3491 eruditus
1250 3445 1334 3492 est
1356 3434 1534 3490 Moses
1559 3438 1612 3490 in
1644 3436 1792 3491 omni
1824 3436 2043 3506 sapien-

481 3548 500 3582 ι
549 3529 623 3584 tia
673 3527 1074 3599 Egyptiorum,
1109 3535 1338 3598 eratque
1387 3535 1581 3597 potens
1618 3527 1671 3580 in
1705 3527 1964 3598 operibus
1997 3538 2048 3581 et

480 3641 500 3674 ι
546 3619 915 3676 sermonibus.
972 3616 1043 3672 Ut
1091 3628 1272 3673 autem
1332 3618 1605 3690 expletum
1656 3625 1743 3674 est
1785 3618 1864 3673 illi
1907 3635 2048 3689 qua-

480 3733 498 3765 c
546 3712 797 3781 draginta
827 3724 1098 3765 annorum
1129 3718 1377 3782 tempus,
1410 3710 1580 3766 subiit
1611 3711 1666 3765 in
1693 3724 1792 3765 cor
1817 3711 1960 3782 ejus,
1992 3720 2051 3765 ut

483 3828 500 3860 ι
549 3805 809 3860 inviseret
855 3800 1057 3858 fratres
1102 3817 1233 3858 suos
1273 3803 1413 3858 filios
1455 3803 1640 3860 Israel.
1679 3803 1928 3875 Cumque
1965 3807 2050 3858 vi-

481 3920 500 3952 ε
547 3898 720 3955 disset
761 3897 1053 3968 quemdam
1099 3893 1298 3966 injuria
1340 3895 1502 3960 allici,
1531 3895 1775 3952 defendit
1814 3912 1963 3961 eum,
1997 3909 2049 3952 et

481 4009 499 4040 α
549 3991 698 4045 ultus
729 3997 812 4044 est
840 3988 1012 4042 vicem
1043 3987 1165 4058 ejus
1191 3987 1285 4056 qui
1320 3985 1675 4058 amigebatur.
1725 4007 1743 4040 ι

559 4079 658 4134 Illo
692 4078 858 4148 igitur
890 4085 1134 4146 tempore
1164 4084 1327 4130 natus
1353 4083 1458 4140 est,
1480 4075 1676 4145 inquit,
1704 4075 1900 4142 Moses,
1925 4075 2054 4130 fuit-

474 4187 582 4243 que
624 4170 859 4235 ἀστεῖος,
889 4168 942 4223 id
993 4178 1080 4224 est
1123 4175 1332 4238 gratus,
1367 4167 1483 4221 sive
1526 4165 1757 4222 dilectus
1793 4166 1920 4222 Deo.
1957 4165 2051 4221 Vel

477 4265 689 4328 ἀστεῖος
716 4263 953 4334 proprie,
1015 4261 1121 4315 hoc
1185 4267 1290 4322 est,
1329 4261 1382 4313 in
1413 4259 1604 4329 puerili
1639 4258 1817 4329 quoad
1854 4273 2054 4329 corpus

477 4365 637 4412 astate
681 4352 1209 4424 irreprehensibilis.
1254 4350 1575 4420 Expositum
1633 4359 1814 4406 autem
1877 4353 2051 4423 ipsum

478 4466 602 4505 cum
636 4447 846 4502 tulisset
872 4446 981 4500 filia
1016 4445 1343 4510 Pharaonis,
1370 4445 1589 4498 edocuit
1619 4446 1765 4498 omni
1787 4447 2054 4516 sapientia

478 4523 886 4610 Egyptiorum.
924 4535 1001 4590 Ex
1044 4536 1147 4591 hoc
1180 4534 1535 4589 manifestum
1569 4543 1654 4589 est
1687 4551 1792 4589 non
1831 4537 2053 4605 ejicien-

2155 3368 2173 3401 ι
2208 3349 2410 3420 Φαραὼ
2442 3350 2534 3402 καὶ
2575 3349 2910 3420 ἀνεθρέψατο
2953 3347 3111 3400 αὑτὸν
3149 3348 3314 3415 ἑαυτῇ
3354 3344 3433 3405 είς
3465 3341 3598 3394 υἱόν.
3627 3340 3738 3393 Kal

2155 3461 2173 3492 ι
2215 3441 2512 3510 ἐπαιδεύθη
2554 3439 2794 3509 Μωῦεῆς
2834 3438 2981 3510 πάσῃ
3025 3438 3185 3508 σοφίᾳ
3228 3434 3561 3504 Αἰγυπτίων,
3589 3425 3738 3501 ἧνδέ

2157 3551 2173 3582 ι
2214 3533 2437 3596 δυνατὸς
2463 3535 2520 3586 ἐν
2551 3533 2732 3604 ἔργοις
2763 3533 2856 3585 καὶ
2885 3534 2943 3584 ἐν
2967 3531 3168 3598 λόγοις.
3201 3530 3288 3592 Ὦς
3337 3527 3392 3580 δέ
3435 3522 3738 3594 ἐπληροῦτο

2157 3643 2174 3676 ι
2210 3625 2358 3694 αύτῴ
2382 3625 2922 3694 τεσταρακονταετὴς
2946 3621 3157 3693 χρόνος,
3178 3621 3342 3688 ἀνέϐη
3367 3618 3458 3672 ἐπὶ
3476 3617 3572 3686 τὴν
3601 3631 3738 3685 καρ-

2157 3735 2174 3768 ι
2212 3715 2329 3769 δίαν
2354 3713 2961 3784 αύτοῦ,.ἐπισκέψασθαι
2980 3715 3104 3776 τοὺς
3133 3713 3395 3781 ἀδελφοὺς
3415 3707 3578 3763 αὐτοῦ
3605 3710 3733 3770 τοὺς

2156 3826 2174 3860 ε
2220 3807 2368 3869 υἱοὺς
2420 3807 2661 3878 Ἰσραήλ.
2699 3809 2805 3860 Kal
2840 3807 2962 3860 ἰδών
3005 3824 3127 3859 τινα
3159 3806 3535 3875 ἀδικούμενον,
3589 3801 3739 3872 ήμύο

2159 3923 2175 3951 ι
2217 3916 2379 3964 νατο,
2434 3901 2526 3954 και
2595 3898 2851 3970 ἐποίησεν
2917 3899 3197 3970 ἐκδίκησιν
3263 3897 3343 3968 τῷ
3391 3911 3738 3950 καταπονου-

2161 4015 2179 4047 ‹
2219 3997 2385 4067 μένῳ.
2413 4014 2433 4050 ι

2238 4090 2326 4142 Ἐν
2348 4089 2498 4160 αὐτῷ
2517 4088 2694 4142 τοίνυν
2713 4087 2786 4158 τῷ
2818 4086 2999 4156 καιρῷ
3020 4083 3305 4155 ἐγεννήθη,
3323 4085 3476 4156 φησὶ,
3506 4084 3737 4153 Μωσῆς,

2156 4181 2251 4235 καὶ
2281 4176 2349 4252 ἦν
2396 4182 2608 4242 ἀστεῖος
2639 4179 2715 4248 τῷ
2739 4179 2879 4248 Θεῷ,
2926 4178 3204 4232 τουτέστιν
3250 4179 3566 4247 εὐάρεστος,
3618 4175 3742 4246 ἦτοι

2155 4272 2432 4342 θεοφιλής.
2469 4271 2539 4326 Ἢ
2578 4274 2788 4334 ἀστεῖος
2836 4271 3042 4340 κυρίως
3084 4271 3112 4321 ὁ
3159 4271 3216 4321 ἐν
3267 4268 3490 4338 παιδικῇ
3547 4268 3740 4338 ἡλικίᾳ

2156 4367 2298 4421 κατά
2325 4367 2485 4436 σῶμα
2517 4364 2837 4434 ἀμώμητος.
2876 4361 3192 4416 Ἑκτεθέντα
3225 4361 3283 4414 δέ
3315 4361 3479 4414 αὑτὸν
3505 4362 3537 4430 ἡ
3569 4360 3741 4428 θυγά-

2116 4495 2122 4501 ν
2155 4479 2260 4531 τηρ
2287 4458 2489 4526 Φαραὼ
2520 4458 2816 4526 ἀνελομένη
2845 4458 3024 4510 πᾶσαν
3054 4455 3247 4522 σοφίαν
3279 4455 3599 4522 Αἰγυπτίων
3630 4451 3738 4505 ἐδί-

2158 4554 2337 4618 δαξεν.
2379 4551 2475 4604 Ἐκ
2525 4549 2714 4602 τούτου
2742 4549 2920 4618 δῆλον,
2947 4547 3023 4612 ὡς
3062 4549 3160 4600 οὐκ
3199 4544 3511 4614 ἀποϐλητέα
3559 4545 3739 4613 πάντη

476 4632 601 4684 dam
639 4645 757 4684 esse
791 4642 1008 4683 omnem
1043 4635 1285 4682 externa:
1332 4629 1620 4695 scripturae
1667 4626 2046 4682 eruditionem.

2156 4643 2361 4712 ἐοτὶνὴ
2401 4641 2506 4693 τῶν
2535 4638 2732 4708 ἔξωθεν
2775 4641 2874 4709 τῆς
2927 4638 3153 4708 Γραφῆς
3189 4638 3482 4699 παίδευσις.
3537 4637 3740 4706 Τρδπῳ

478 4722 760 4793 Siquidem
828 4721 1063 4776 enconiii
1126 4720 1240 4773 vice
1297 4719 1502 4772 dictum
1553 4730 1633 4774 est
1677 4721 1821 4788 quod
1872 4719 2047 4776 Moses

479 4819 731 4872 eruditus
777 4824 862 4869 est
908 4814 1057 4868 omni
1111 4811 1376 4882 sapientia
1410 4809 1815 4880 Egyptiorum.
1849 4811 1921 4866 De
1957 4812 2050 4866 tti-

478 4909 582 4963 bus
621 4922 840 4978 quoque
885 4907 1069 4976 pueris
1111 4922 1174 4960 ac
1208 4903 1428 4958 Danicle
1469 4902 1671 4957 dicitur
1712 4904 1855 4972 quod
1890 4919 2051 4972 super

477 5017 668 5055 omnes
689 4994 1400 5055 eminebantChaldaebrunt
1433 4997 1699 5065 sapientia
1729 4997 2052 5063 cat-terisque

478 5092 803 5149 scientiis".
831 5088 1059 5158 Oportet
1102 5098 1280 5141 autem
1315 5088 1589 5155 paululum
1628 5085 1737 5140 illis
1776 5086 2052 5144 adhaerere

476 5201 593 5252 eos,
617 5185 707 5256 qui
732 5182 1031 5253 Scriptura:
1059 5181 1325 5234 divinitus
1358 5181 1635 5248 inspirata:
1664 5165 2048 5232 immorantur.

475 5277 664 5348 Neque
703 5277 846 5332 enim
881 5271 1056 5329 Muses
1089 5288 1266 5342 neque
1319 5272 1582 5332 Ananias,
1613 5280 1705 5323 aut
1742 5269 1930 5322 Daniel
1961 5286 2054 5338 pc-

477 5369 752 5440 regrinam
801 5366 1114 5420 didicerunt
1169 5364 1556 5425 eruditionem,
1586 5363 1690 5416 nisi
1731 5364 2053 5415 necessitate

477 5475 540 5514 ac
592 5459 876 5514 coactione
907 5457 1256 5510 dominorum
1291 5473 1303 5508 :
1337 5456 1390 5508 in
1440 5455 1592 5508 nullo
1633 5454 1831 5508 etenim
1867 5468 1928 5507 ea
1967 5454 2048 5506 usi

478 5561 628 5616 sunt,
660 5552 766 5606 nisi
819 5550 956 5604 forte
1009 5549 1132 5619 quis
1182 5549 1330 5603 dicat
1382 5548 1526 5618 quod
1571 5547 1771 5602 bonum
1821 5547 1890 5601 sit
1931 5561 2050 5601 eam

477 5645 693 5713 discere
723 5643 789 5696 ad
823 5641 1146 5697 erertendas
1179 5641 1393 5695 illorum
1428 5639 1672 5695 fraudes.

550 5826 594 5856 ⁸⁸
623 5825 750 5895 Sap.
795 5839 848 5890 ιι,
881 5825 962 5878 Η.
1043 5823 1087 5856 ⁸⁸
1124 5823 1260 5877 Dan.
1310 5837 1348 5884 ι,
1388 5813 1498 5873 17.“

2157 4736 2266 4806 γὰρ
2299 4736 2575 4803 ἐγκωμίου
2620 4734 2857 4803 εἴρηται,
2883 4732 2957 4794 ὡς
2999 4731 3292 4801 ἐπαιδεύθη
3345 4730 3550 4799 Μωσῆς
3587 4731 3742 4801 πασῃ

2167 4828 2327 4898 σοφίᾳ
2352 4825 2684 4894 Αἰγυπτίων.
2716 4825 2824 4877 Kal
2857 4823 2983 4893 περὶ
3022 4821 3129 4874 τῶν
3155 4821 3323 4892 τριῶν
3385 4821 3594 4874 παίδων
3645 4822 3740 4874 καὶ

2164 4918 2380 4989 Δανιὴλ,
2443 4918 2516 4980 ὼς
2581 4914 2945 4986 ὑπερέϐαλλον
2985 4915 3194 4975 πάντας
3238 4914 3296 4965 ἐν
3329 4916 3394 4982 τῇ
3451 4912 3738 4965 Χαλδαίων

2159 5011 2467 5082 φιλοσοφίᾳ,
2498 5009 2590 5062 xal
2621 5012 2739 5071 ταῖς
2780 5008 2997 5069 λοιπαῖς
3030 5008 3383 5074 ἐπιστήμαις.
3421 5007 3512 5057 Δεῖ
3543 5005 3601 5056 δέ
3650 5003 3738 5056 ἐπ’

2155 5105 2332 5170 ὀλίγον
2355 5103 2540 5164 αὑταῖς
2569 5099 2878 5169 προσέχειν,
2929 5100 2994 5168 τῇ
3020 5097 3364 5165 θεοπνεύστῳ
3399 5097 3592 5165 Γραφῇ
3636 5097 3738 5166 ἐμτ

2159 5197 2440 5265 μένοντας.
2472 5191 2608 5246 Οῦτε
2642 5191 2752 5262 γὰρ
2782 5190 3043 5258 Μωῦσῆς,
3069 5187 3193 5240 οὔτε
3225 5190 3275 5240 οἱ
3316 5189 3443 5258 περὶ
3484 5187 3741 5240 Ἁνανίαν

2160 5289 2250 5339 καὶ
2281 5286 2478 5356 Δανιὴλ
2499 5283 2701 5354 ἔμαθον
2726 5282 2790 5335 ἂν
2817 5283 2915 5350 τὴν
2935 5281 3090 5350 ξένην
3115 5280 3384 5340 παιδείαν,
3407 5282 3454 5332 εί
3477 5277 3550 5350 μὴ
3569 5279 3739 5346 ἀνάγ-

2161 5395 2229 5448 κη
2259 5377 2351 5429 καὶ
2380 5375 2471 5445 βία
2509 5373 2804 5426 δεσποτῶν.
2851 5374 2961 5425 Kal
2993 5371 3100 5439 γὰρ
3140 5371 3197 5422 ἐν
3252 5370 3429 5422 οὐδενῖ
3455 5371 3596 5439 αὐτῇ
3641 5369 3736 5421 κέ-

2160 5487 2410 5540 χρηνται,
2445 5470 2490 5519 εί
2521 5467 2596 5537 μή
2651 5483 2752 5518 που
2785 5463 2920 5534 φαίη
2982 5463 3047 5516 ἄν
3082 5479 3186 5523 τις,
3219 5462 3300 5514 ὅτι
3354 5459 3518 5513 καλὸν
3565 5460 3737 5529 αὐτὴν

2165 5560 2354 5630 μαθεῖν
2392 5559 2522 5630 πρὸς
2559 5561 2617 5610 τὸ
2647 5555 2949 5626 ἀνατρέψαι
2989 5553 3088 5616 τὰς
3116 5551 3341 5606 ἐκείνων
3387 5551 3632 5614 ἀπάτας.
