4058 6540
340 393 432 462 Ml
1281 403 1674 465 COMMENT'.
1711 402 1786 463 1N
1827 401 2014 460 ACTA
2056 401 2628 464 APOSTOLORUM.
3471 404 3572 467 182

405 533 425 566 ι
456 512 710 578 Πατάξας
737 514 826 567 τὸν
849 515 1164 583 Αίγύπτιον.
1207 535 1226 568 ι
1930 520 1977 577 Α

1207 535 1226 568 ι
1930 520 1977 577 Α
2088 534 2107 566 ι
2154 515 2429 571 Percusso
2458 514 2735 586 Egyptio.
2785 533 2802 565 ι

393 604 601 658 ’Δνεῐλε
624 605 863 674 Μωῦσῆς
878 605 968 658 τὸν
985 605 1300 673 Αίγύπτιον,
1321 610 1380 661 οὐ
1402 609 1559 679 θυμῷ
1588 608 1758 674 εῐξας,
1776 607 1897 660 οὐδὲ

2074 609 2287 665 Occidit
2327 606 2506 661 Moses
2534 605 2846 677 Egyptium
2873 619 2981 661 non
3013 603 3180 660 animi
3207 603 3378 662 furori
3417 609 3573 663 obse-

323 697 466 768 ὀργῇ
491 697 758 766 κινηθεὶς,
788 697 934 768 ζήλῳ
956 699 1032 752 δέ.
1065 700 1176 752 Πᾶν
1203 699 1258 751 δὲ
1283 699 1311 752 ὃ
1333 700 1428 754 ὲάν
1444 701 1670 770 γένηται
1704 702 1781 762 εἰς
1801 699 1894 751 λό-

1999 701 2271 762 cundans,
2315 712 2492 767 neque
2527 697 2606 751 ira
2640 703 2840 762 motus,
2879 697 2972 752 sed
3008 695 3146 750 zelo.
3181 694 3354 752 Omne
3391 709 3571 754 autem

326 805 425 858 γον
451 788 610 852 Θεοῦ,
645 788 894 842 εὐσέϐειά
922 791 1059 854 ἐστι,
1091 791 1194 843 κᾶν
1224 791 1383 860 φόνος
1488 792 1576 844 διὰ
1605 791 1756 855 Θεὸν,
1799 791 1898 842 οὐκ

1999 799 2364 864 quodcunque
2397 789 2601 842 factum
2627 788 2792 843 fuerit
2818 788 2972 857 juxta
3005 787 3098 844 Dei
3120 789 3372 854 verbum,
3400 791 3575 861 pietas

327 881 445 934 ἐστι
473 881 651 950 φόνος.
692 882 750 933 ’0
783 881 914 949 γοῦν
945 882 1130 944 Φινεὲς
1155 881 1248 935 δύο
1275 885 1333 936 ἐν
1385 885 1481 955 μιᾷ
1510 885 1657 955 χειρὶ
1711 882 1898 950 φονεύ-

1999 895 2102 948 est,
2131 881 2344 938 etiamsi
2375 879 2553 933 caedes
2595 878 2760 932 fuerit
2789 877 2884 933 Dei
2917 878 3144 947 intuitu,
3182 878 3295 949 jam
3327 895 3438 936 non
3489 891 3577 936 est

329 990 445 1035 σας,
475 974 954 1044 ἣκουσενοιἜστη
986 975 1168 1036 Φινεὲς
1194 976 1287 1028 καὶ
1315 976 1619 1040 ὲξιλάσατο,
1651 975 1742 1029 καὶ
1775 975 1897 1026 ὲκόο

2005 973 2204 1029 caedes.
2243 972 2407 1026 Certe
2447 985 2570 1023 cum
2603 968 2836 1024 Phinees
2879 970 3018 1026 duos
3063 984 3171 1025 una
3206 986 3371 1026 manu
3401 971 3578 1027 inter-

327 1079 504 1115 πασεν
535 1064 566 1131 ἠ
605 1062 855 1132 θραῦσις,
891 1065 984 1118 καὶ
1014 1063 1266 1136 ἐλογίσθη
1318 1063 1466 1134 αὐτῷ
1502 1067 1579 1128 είς
1621 1065 1897 1118 δικαιοσύ·

1999 1065 2222 1120 emisset
2245 1062 2312 1128 "°,
2343 1061 2548 1115 audivit
2577 1076 2590 1114 :
2630 1079 2647 1111 ι
2683 1060 2846 1114 Stetit
2880 1059 3131 1126 Pliiuees,
3174 1074 3230 1116 et
3259 1062 3486 1130 placuit,
3521 1077 3579 1119 et

326 1171 480 1224 νην.»
513 1155 782 1225 Διάφορος
815 1155 978 1224 γὰρὴ
1004 1157 1320 1227 προαίρεσις
1355 1158 1560 1226 φονέως
1614 1157 1708 1211 καὶ
1741 1159 1896 1210 εὐσεη

1999 1155 2206 1226 quievit
2233 1155 2410 1224 plaga,
2442 1167 2504 1205 ac
2533 1159 2846 1221 reputatum
2878 1160 2963 1208 est
2987 1152 3091 1221 ipsi
3123 1151 3193 1206 ad
3217 1152 3507 1222 justitiam.
3541 1174 3559 1206 ι

324 1242 568 1308 ϐοῦντος,
609 1244 713 1298 κᾶν
768 1246 828 1298 τὸ
875 1248 1158 1317 γινόμενον
1207 1252 1442 1320 πρᾶγμα
1479 1251 1558 1302 ἓν.
1609 1251 1682 1303 Τὸ
1721 1251 1898 1303 τοίνυν

2000 1247 2224 1302 Diversa
2263 1258 2499 1315 namque
2527 1253 2610 1298 est
2645 1243 2902 1300 voluntas
2942 1244 3230 1300 homicida:
3255 1254 3309 1300 et
3336 1246 3457 1316 ejus
3482 1251 3574 1318 qui

324 1338 620 1407 γενόμενον
663 1338 751 1392 διά
807 1341 1104 1405 Μωῢσέως,
1163 1345 1388 1412 σημεῖον
1429 1339 1498 1414 ἦν
1523 1344 1606 1397 ὅτι
1655 1343 1839 1414 μέλλει
1870 1345 1898 1395 6

2001 1340 2254 1407 pietatem
2295 1343 2531 1399 exercet,
2561 1334 2777 1389 etiamsi
2807 1342 3086 1404 peractum
3116 1351 3254 1404 opus
3285 1338 3358 1392 sit
3383 1354 3572 1394 unum.

322 1428 457 1492 Θεὸς
482 1430 570 1484 διά
597 1433 874 1496 Μωῦσέως
903 1435 1237 1502 Αίγυπτίους
1275 1436 1639 1501 ἀποκτείνειν,
1685 1439 1811 1501 τούς
1839 1439 1893 1491 δὲ

1999 1426 2443 1496 Factunritaque
2482 1440 2578 1495 per
2618 1423 2802 1479 Mosen
2853 1425 3068 1495 signum
3105 1425 3207 1479 fuit
3235 1427 3377 1495 quod
3421 1426 3564 1482 Deus

321 1519 650 1591 λεγομένους
697 1525 1034 1595 Ἰσραηλίτας
1077 1527 1293 1591 σώζειν.
1355 1529 1466 1581 Καὶ
1515 1523 1617 1583 ὦδε
1675 1529 1773 1598 μὲν
1829 1530 1895 1582 τὰ

2001 1533 2096 1590 per
2136 1517 2323 1573 Mosen
2350 1517 2637 1590 Egyptios
2662 1517 2960 1583 occideret,
2989 1516 3167 1572 dictos
3189 1525 3368 1572 autem
3402 1516 3577 1574 Israe-

323 1613 593 1676 Μωσέως.
665 1612 910 1682 Θεωρίας
985 1616 1041 1668 δὲ
1116 1618 1214 1687 τῆς
1289 1617 1550 1671 ἀνωτάτω
1630 1619 1886 1688 συνθήσει

1999 1611 2128 1666 litas
2177 1619 2443 1665 ervaret.
2499 1610 2564 1663 Et
2605 1610 2682 1663 ita
2727 1607 2945 1678 quidem
2994 1622 3054 1664 se
3085 1607 3286 1663 habent
3332 1623 3455 1678 qua:
3505 1614 3576 1664 ad

322 1705 486 1757 πάλιν
527 1706 658 1774 ἡμῖν
712 1709 741 1758 6
771 1705 927 1775 λόγος
969 1709 1068 1778 τὴν
1112 1710 1446 1780 οἰκονομίαν,
1481 1711 1581 1781 τὴν
1615 1711 1710 1764 ἐπὶ
1760 1714 1894 1783 Χρι-

1999 1703 2186 1758 Mosen
2232 1702 2488 1757 attinent.
2538 1701 2737 1756 Verum
2795 1715 2977 1756 sermo
3004 1701 3096 1756 hic
3143 1717 3363 1758 rursum
3417 1703 3576 1758 nobis

323 1795 467 1865 στῷ.
545 1797 736 1867 Εέρὼν
817 1800 926 1869 γὰρ
968 1801 996 1852 ὁ
1037 1801 1227 1872 Σωτὴρ
1283 1804 1460 1876 δεινὴν
1525 1805 1925 1874 ὑπομένοντας,

1998 1810 2270 1866 supremae
2296 1795 2778 1865 contemplationis
2795 1794 3264 1864 dispensationem
3287 1797 3577 1851 concinna-

321 1861 422 1954 τὴν
461 1861 772 1954 πλεονεξίαν
825 1861 949 1956 τούς
990 1893 1047 1958 ἐξ
1093 1861 1302 1965 Ἰσραὴλ
1331 1895 1347 1956 (
1373 1861 1757 1968 ἐίιεπήδέγάρ
1812 1861 1890 1961 είς
1922 1862 1923 1865 Ἴ

1994 1861 2225 1958 bit-muas
2242 1889 2296 1942 in
2316 1861 2534 1944 Christo
2555 1887 2676 1942 fuit.
2693 1888 2800 1959 67
2827 1861 3107 1958 Siquidem
3130 1903 3252 1944 cum
3275 1889 3575 1944 invenisset

318 1978 521 2042 αὐτοὺς
574 1980 762 2052 ὥσπερ
804 1983 1105 2053 συντρίϐων
1149 1987 1177 2038 6
1204 1987 1446 2051 Σατανᾶς
1480 1989 1535 2058 ),
1613 1988 1844 2060 ἐλεήσας
1874 2032 1886 2052 ,

1994 1981 2135 2061 Deus
2159 1981 2428 2038 lsraelitas
2453 1981 2732 2051 indignam
2766 1981 3042 2036 sustinere
3069 1981 3384 2036 violentiam
3423 1979 3573 2050 (nam

317 2068 639 2139 ἐλευθεροῦν
674 2073 989 2127 ἐσκέπτετο.
1051 2075 1387 2140 Ἀπεκτονὼς
1441 2077 1500 2131 δὲ
1535 2078 1734 2149 τρόπον
1771 2079 1891 2133 τινὰ

1991 2073 2259 2128 insilierat
2295 2074 2350 2127 in
2379 2087 2476 2128 eos
2511 2073 2743 2127 Satanas
2768 2074 2930 2128 veluti
2969 2073 3352 2129 comminuens
3385 2087 3451 2127 ac
3481 2070 3575 2125 de-

314 2159 413 2212 τδν
466 2161 672 2214 ἀδικεῖν
729 2164 1024 2235 ᾑρημένον,
1061 2167 1406 2238 κατέκρυψεν
1452 2171 1530 2234 είς
1577 2171 1704 2241 γῆν,
1740 2190 1889 2226 τουτο

1995 2164 2239 2234 vorans).
2271 2164 2530 2220 misertus
2589 2163 2959 2219 consideravit
3004 2173 3063 2217 ut
3105 2163 3382 2218 liberaret.
3432 2159 3572 2217 Cum

318 2250 472 2303 ἐστιν
535 2245 592 2304 ἐν
647 2257 759 2316 τοῖς
815 2254 1152 2325 ὑποχθονίοις
1201 2258 1548 2314 κατέκλεισεν
1603 2264 1680 2324 είς
1736 2253 1887 2334 ᾅδην.

1993 2265 2172 2312 autem
2212 2255 2376 2310 modo
2403 2254 2640 2326 quodam
2671 2254 3041 2310 interemisset
3065 2254 3158 2323 qui
3195 2253 3573 2322 injuriamin—

318 2341 810 2411 Προκατακλείσας
837 2347 1015 2401 τοίνυν
1031 2347 1179 2401 ὥσπε
1188 2367 1220 2420 ρ
1248 2352 1325 2413 είς
1355 2350 1488 2422 ᾅδην
1522 2352 1613 2404 τὸν
1647 2354 1890 2408 Σατανᾶν

1994 2350 2212 2412 tulerat,
2239 2349 2525 2404 abscondit
2545 2351 2597 2402 in
2621 2359 2845 2412 terram,
2871 2347 2976 2403 hoc
2999 2357 3101 2413 est,
3127 2347 3180 2401 iu
3200 2344 3572 2402 subterraneis

318 2439 349 2490 6
395 2437 608 2507 Σωτὴρ,
632 2438 978 2509 δικαιοσύνης
1007 2440 1255 2509 ἐφαίνετο
1286 2440 1520 2512 βραϐεὺς
1547 2448 1658 2508 τοῖς
1689 2445 1748 2510 ἐξ
1790 2448 1891 2500 ἰσ-

1994 2441 2130 2494 locis
2155 2441 2425 2496 conclusit
2449 2441 2501 2493 in
2529 2438 2827 2494 infernum.
2855 2439 3017 2495 Prius
3044 2439 3187 2494 enim
3213 2439 3266 2492 in
3300 2437 3571 2493 infernum

321 2526 485 2597 ραήλ.
514 2531 578 2581 0i.
609 2529 662 2582 δὲ
707 2530 794 2598 ἐφ’
845 2524 926 2594 οἷς
981 2532 1206 2600 ἔμελλον
1251 2535 1592 2606 εὐχαριστεῖν
1632 2537 1889 2607 ἔφασκον,

1994 2533 2144 2588 velut
2192 2534 2415 2587 occluso
2464 2532 2688 2597 Satana,
2720 2533 2875 2588 visus
2909 2539 2993 2587 est
3041 2531 3306 2588 lsraelitis
3348 2529 3575 2599 justitia

325 2613 531 2682 «Οὗτος
551 2620 652 2672 οὐκ
683 2621 936 2674 ἐκϐάλλει
968 2622 1036 2674 τὰ
1066 2623 1342 2694 δαιμόνια,
1376 2627 1424 2678 εί
1461 2627 1535 2699 μὴ
1566 2629 1623 2680 ὲν
1671 2629 1891 2693 Βεελζε-

1994 2625 2274 2694 praemium
2315 2624 2596 2696 tribuisse.
2645 2627 2715 2678 At
2761 2625 2836 2680 illi
2863 2639 2986 2679 cum
3024 2624 3229 2694 gratias
3264 2637 3424 2693 agere
3475 2623 3574 2677 de-

318 2707 455 2761 σούλ
487 2709 708 2779 ἄρχοντι
760 2712 869 2764 τῶν
917 2713 1231 2783 δαιμονίων.
1260 2734 1278 2767 ι
1312 2717 1412 2770 Διά
1455 2735 1536 2772 τοι
1597 2721 1754 2773 τοῦτο
1801 2721 1893 2774 καὶ

1995 2716 2264 2782 buissent,
2305 2716 2603 2772 dicebant:
2651 2734 2670 2767 ι
2709 2715 2808 2772 Hic
2838 2732 2947 2772 non
2975 2717 3127 2787 ejicit
3162 2716 3434 2772 daemonia
3461 2714 3571 2771 nisi

324 2802 799 2873 μεταπεφοίτηκεν
828 2805 890 2855 ὲκ
923 2805 1020 2873 τῆς
1055 2805 1317 2872 Ἰουδαίας
1345 2811 1428 2870 είς
1461 2809 1558 2882 τὴν
1577 2811 1888 2876 Γαλιλαίαν,

1993 2820 2088 2876 per
2117 2805 2396 2861 Beelzebul
2421 2807 2720 2877 principem
2742 2806 3136 2861 daemoniorum
3161 2807 3227 2862 ⁷⁸.
3264 2825 3282 2858 ι
3312 2806 3572 2875 Propter-

319 2893 572 2964 καθάπερ
597 2895 691 2948 καὶ
729 2896 934 2965 Μωσῆς
974 2897 1233 2966 μετετέθη
1273 2902 1353 2964 είς
1385 2901 1490 2971 γῆν
1517 2903 1739 2974 Μαδιάμ
1760 2945 1775 2971 ,
1799 2905 1893 2958 καὶ

1993 2915 2056 2956 ea
2096 2901 2260 2954 etiam
2299 2913 2365 2953 ex
2390 2898 2576 2952 Judzea
2607 2897 3018 2969 trausmigravit
3041 2895 3573 2960 inGalilteam,sicut

319 2986 422 3058 τὴν
450 2986 509 3050 ἐξ
533 2986 704 3040 ἐθνῶν
739 2988 922 3042 ἐκάλει
949 2992 1290 3055 συναγωνίιν.

1995 3000 2044 3048 et
2069 2991 2248 3047 Moses
2272 2991 2579 3045 translatus
2605 2995 2688 3044 est
2707 2989 2761 3043 in
2787 2999 2986 3045 terram
3009 2988 3335 3053 Madiam,et
3358 2987 3571 3044 vocavit

1997 3083 2535 3150 transmigrationem
2564 3081 2808 3150 gentium

401 3187 419 3219 ι
463 3167 704 3237 Ἐνόμιζε
729 3168 785 3220 δὲ
809 3170 1042 3222 συνιέναι
1073 3171 1196 3234 τοὺς
1228 3171 1486 3240 ἀδελφους
1527 3175 1712 3242 αὐτοῦ,
1747 3178 1827 3230 ὃτι
1863 3179 1890 3230 6
1918 3213 1959 3268 ο

1958 3251 1959 3260 γ
2061 3175 2176 3238 VII,
2203 3174 2395 3230 25-29.
2446 3193 2462 3226 t
2506 3173 2868 3229 Existimabat
2903 3180 3082 3228 autem
3116 3175 3420 3246 intelligere
3445 3174 3527 3230 ira
3549 3202 3560 3214 -

327 3279 350 3314 ε
384 3261 515 3324 Θεὸς
543 3261 633 3315 διὰ
670 3261 851 3332 χειρὸς
889 3261 1054 3316 αὐτοῦ
1089 3263 1305 3318 δίδωσιν
1358 3266 1541 3330 αὐτοῖς
1591 3269 1886 3338 σωτηρίαν.
1924 3261 1929 3266 ’

2001 3288 2019 3321 ι
2061 3279 2174 3324 tres
2206 3283 2357 3330 suos,
2419 3265 2566 3337 quod
2624 3265 2766 3320 Deus
2811 3275 2926 3334 per
2964 3281 3184 3321 manum
3231 3267 3354 3336 ejus
3412 3267 3568 3324 daret

331 3372 352 3405 ι
385 3354 448 3406 Oi
472 3354 530 3406 δὲ
555 3356 618 3407 οὐ
649 3356 906 3424 συνῆκαν.
940 3356 1017 3426 Τῇ
1048 3373 1108 3409 τε
1137 3359 1368 3429 ἐπιούσῃ
1395 3361 1579 3432 ἡμέρᾳ.
1601 3359 1759 3434 ὤφθη
1791 3363 1892 3417 αὐ-

2001 3381 2019 3413 ι
2059 3361 2196 3431 ipsis
2245 3359 2476 3416 salutem
2510 3375 2525 3412 :
2557 3356 2633 3410 illi
2682 3371 2812 3412 vero
2869 3371 2976 3412 non
3033 3358 3439 3414 intellexerunt.
3502 3359 3569 3414 Et

330 3463 350 3496 ι
380 3447 494 3509 τοῖς
531 3449 878 3516 μαχομένοις,
920 3451 1014 3503 καὶ
1051 3450 1348 3519 συνήλασεν
1401 3453 1598 3516 αὐτοὺς
1635 3454 1713 3518 είς
1743 3457 1894 3527 εἰρή-

2060 3453 2307 3523 sequenti
2345 3453 2432 3507 die
2462 3456 2792 3520 conspectus
2825 3460 2912 3506 est
2953 3451 3062 3506 illi
3105 3451 3474 3522 litigantibus,
3511 3463 3568 3508 et

330 3555 348 3586 s
386 3554 505 3607 νην,
555 3537 746 3591 εἰπών’
805 3539 1050 3610 Ἄνδρες,
1083 3539 1301 3608 ἀδελφοί
1330 3543 1451 3595 ὲστε
1478 3543 1656 3614 ὑμεῖς.
1697 3546 1812 3600 Ἵνα
1840 3547 1892 3600 τί

2003 3567 2018 3596 ι
2061 3545 2265 3616 redegit
2318 3559 2416 3600 eos
2465 3544 2521 3597 in
2569 3541 2955 3607 concordiam,
3004 3542 3418 3610 dicens:Viri,
3469 3559 3569 3600 vos

327 3646 346 3676 ε
381 3628 617 3680 ἀδικεῖτε
644 3630 902 3700 ἀλλήλους
921 3648 935 3696 ;
954 3630 1012 3684 Ὁ
1037 3632 1093 3686 δὲ
1117 3633 1319 3687 ἀδικῶν
1345 3635 1434 3689 τὸν
1456 3637 1700 3706 πλησίον,
1737 3638 1889 3692 ἀπώ-

2007 3659 2024 3691 ι
2069 3639 2270 3693 fratres
2318 3637 2472 3701 estis,
2531 3648 2590 3689 ut
2639 3635 2771 3706 quid
2816 3649 2913 3691 vos
2967 3634 3200 3691 invicem
3247 3636 3480 3693 ladltis?
3517 3635 3566 3692 ls

331 3735 350 3766 ι
386 3733 517 3770 σατο
549 3719 730 3782 αὐτὸν,
757 3721 923 3773 εἰπών
943 3737 958 3752 ·
985 3721 1080 3785 Τίς
1103 3739 1162 3777 σε
1187 3724 1518 3796 κατέστησεν
1543 3729 1775 3799 ἄρχοντα
1801 3731 1892 3784 καὶ

2003 3750 2018 3781 ι
2059 3738 2280 3792 autem,
2341 3728 2432 3798 qui
2487 3728 2663 3796 primo
2719 3727 2999 3798 irrogabat
3056 3727 3313 3798 injuriam
3368 3727 3568 3798 repulit

329 3828 348 3858 ι
378 3809 639 3879 δικαστὴν
694 3814 778 3880 ἐφ’
825 3816 1007 3884 ήμᾶς;
1046 3816 1120 3886 μὴ
1169 3817 1378 3871 ἀνελεῖν
1413 3837 1480 3890 με
1515 3821 1579 3873 σὺ
1611 3823 1806 3889 θέλεις,
1832 3824 1892 3878 ὃν

2001 3842 2017 3870 ι
2061 3835 2208 3888 eum,
2263 3819 2455 3874 dicens
2485 3836 2498 3872 :
2528 3818 2664 3884 Quis
2711 3827 2765 3874 te
2811 3818 3102 3874 constituit
3153 3817 3452 3888 principem
3501 3832 3569 3873 ac

330 3919 351 3956 ι
386 3905 584 3974 τρόπον
613 3906 818 3970 ἀνεῖλες
845 3909 969 3978 χθὲς
1001 3910 1090 3964 τὸν
1115 3911 1654 3983 Αίγύπτιον;”Εφυγε
1683 3917 1738 3970 δὲ
1767 3919 1894 3971 Μω-

2001 3930 2018 3957 σ
2052 3911 2291 3982 judicem
2335 3925 2500 3980 super
2539 3908 2677 3963 nos!
2713 3906 2853 3962 Num
2891 3916 2947 3962 tu
2989 3922 3075 3962 me
3116 3908 3200 3962 vis
3236 3907 3569 3974 interﬁcere,

330 4013 346 4042 ι
389 3994 490 4062 σῆς
521 3999 578 4048 ἐν
610 3996 858 4066 τῷλόγῳ
907 3999 1100 4069 τούτῳ,
1138 4003 1232 4056 καὶ
1280 4005 1496 4072 ἐγένετο
1530 4006 1793 4077 πάροικος
1834 4012 1892 4062 ὲν

1999 4023 2016 4055 ι
2059 4001 2516 4072 quemadmodum
2559 4000 2880 4056 interfecisti
2918 4000 3037 4055 beri
3067 3999 3424 4070 Egyptiumi
3461 3998 3567 4054 Fu-

329 4106 348 4138 ι
385 4091 456 4157 γῇ
481 4089 728 4160 Μαδιάμ,
759 4087 818 4146 οὐ
842 4093 1128 4166 ἐγέννησεν
1154 4098 1302 4160 υῐούς
1331 4099 1440 4153 δύο.
1479 4118 1498 4152 ι

2000 4114 2018 4146 ι
2059 4095 2140 4166 git
2175 4103 2358 4149 autem
2397 4094 2579 4147 Moses
2627 4091 2696 4146 ad
2727 4091 2954 4147 verbum
2987 4092 3113 4155 hoc,
3154 4092 3441 4162 factusque
3480 4101 3567 4147 est

2001 4205 2018 4238 ι
2062 4185 2272 4241 advena
2293 4185 2346 4239 in
2371 4192 2510 4239 terra
2533 4183 2783 4248 Madiam,
2805 4191 2858 4236 et
2877 4182 3153 4252 generavit
3175 4182 3316 4238 filios
3336 4183 3496 4238 duos.
3539 4203 3560 4236 ι

393 4271 812 4342 Σκόπει,φησ“ιν,
834 4275 926 4327 καὶ
949 4275 1197 4330 ἐντεῦθεν
1227 4279 1286 4330 τὸ
1313 4279 1625 4350 ἀχάριστον,
1646 4284 1892 4356 καὶπρὸς

2066 4277 2206 4332 Hinc
2244 4293 2462 4346 quoque
2500 4275 2973 4347 ingratitudinem,
3026 4275 3225 4346 inquit,
3276 4274 3564 4332 considera

323 4362 447 4424 τοῦς
505 4363 798 4432 εὐεργέτας
846 4366 1128 4420 ἐπίϐουλον
1156 4367 1266 4422 τῶν
1314 4371 1602 4428 Ἰουδαίων.
1653 4378 1893 4447 Μωύσῆς

1995 4380 2049 4425 et
2093 4369 2326 4424 insidias
2368 4367 2682 4423 Iudaeorum
2733 4383 2861 4439 erga
2913 4369 3049 4422 bene
3100 4365 3168 4422 de
3219 4382 3280 4424 se
3315 4368 3562 4425 meritos.

325 4453 423 4521 μὲν
458 4454 565 4524 γὰρ
607 4457 636 4508 6
689 4457 826 4526 μετά
883 4458 1051 4528 θυμοῦ
1105 4461 1309 4516 ἀνελὼν
1363 4464 1454 4517 τὸν
1481 4464 1770 4520 ἀδικουντα
1801 4468 1892 4522 τὸν

1995 4462 2174 4518 Moses
2212 4461 2482 4532 siquidem
2532 4461 2624 4530 qui
2679 4462 2845 4514 animi
2903 4460 3362 4517 excandescentia
3405 4460 3561 4518 illum

321 4545 573 4614 ὁμοεθνῆ,
614 4548 874 4613 ἐπιεικῶς
904 4551 1022 4618 ,νῦν
1060 4555 1424 4627 προσφέρεται
1478 4555 1556 4626 τῷ
1593 4557 1884 4614 ἀδικοῦντι.
1920 4552 1923 4606 ἱ

1993 4554 2288 4618 interemit,
2323 4555 2416 4625 qui
2449 4554 2680 4608 alterum
2735 4553 2838 4609 sibi
2887 4554 3250 4623 congentilem
3300 4551 3568 4609 alliciebat

338 4635 392 4688 ὐ
424 4637 481 4690 δὲ
531 4640 596 4708 τῇ
658 4640 886 4710 πατρῴᾳ
939 4641 1218 4712 χρώμενος
1263 4647 1402 4701 κατὰ
1440 4648 1548 4701 τῶν
1589 4651 1891 4720 εὐεργετῶν

1993 4646 2214 4716 injuria,
2264 4655 2548 4702 mansuete
2585 4653 2718 4700 tunc
2765 4660 2889 4699 cum
2923 4659 2988 4700 eo
3036 4645 3150 4715 agit
3174 4645 3267 4716 qui
3305 4643 3566 4715 iniuriam

323 4730 600 4800 ἀσελγείᾳ,
640 4731 898 4788 ἀπώσατο
925 4736 1087 4788 αὐτὸν
1141 4737 1339 4807 μᾶλλον
1367 4740 1747 4808 ἐνδιαϐάλλων,
1801 4743 1894 4798 καὶ

1991 4744 2220 4812 irrogat.
2265 4745 2330 4795 At
2363 4742 2452 4796 ille
2479 4742 2652 4810 patria
2684 4751 2844 4795 utens
2879 4740 3145 4796 adversus
3182 4739 3564 4797 benefactores

325 4826 413 4874 ἐπὶ
447 4823 689 4892 ὀλεθρον,
748 4826 834 4878 τὸν
889 4830 1156 4898 σωτήριον
1206 4829 1283 4899 τῷ
1311 4832 1562 4900 ὁμοεθνεῖ
1605 4837 1762 4904 φόνον
1797 4836 1890 4890 τοῦ

1997 4835 2358 4904 procacitate,
2394 4848 2519 4888 eum
2550 4831 2724 4902 magis
2759 4831 2909 4886 illata
2949 4831 3284 4888 contumelia
3312 4831 3514 4902 repulit
3545 4851 3560 4887 :

322 4915 620 4980 Αἰγυπτίου
661 4913 750 4967 τὸν
778 4919 1256 4987 κατεργασάμενον
1281 4920 1484 4973 Μωσέα
1509 4923 1888 4994 περιστοιχῶν.

1993 4941 2058 4981 ac
2084 4924 2273 4980 Mosen
2308 4924 2374 4979 ad
2411 4922 2776 4994 perditionem
2807 4931 3061 4988 venatur,
3094 4925 3190 4993 qui
3219 4923 3422 4980 caedem
3459 4937 3563 4978 suo

325 4999 392 5074 't)
416 5006 480 5074 δὴ
511 5007 694 5077 τρόπῳ
722 5008 813 5060 καὶ
853 5009 995 5061 κατὰ
1045 5010 1279 5080 Χριστοῦ
1320 5011 1618 5079 διεγένοντο
1651 5014 1746 5067 ἐπὶ
1769 5017 1889 5078 ταῖς

1998 5015 2294 5070 contribuli
2378 5012 2717 5069 salutiferam
2775 5011 3012 5082 Egypto
3079 5014 3359 5069 intulerat.
3443 5012 3564 5079 Quo

324 5098 666 5166 εὐεργεσίαις
723 5100 886 5152 αὐτοῦ
945 5101 1031 5153 τὸν
1076 5101 1294 5172 ὄλεθρον
1323 5103 1416 5156 τοῦ
1452 5103 1733 5174 εὐεργέτου
1766 5105 1888 5174 βου-

1998 5122 2130 5162 sane
2179 5084 2341 5160 modo
2375 5105 2541 5160 etiam
2594 5106 2861 5160 adversus
2912 5105 3190 5161 Christum
3240 5105 3416 5162 affecti
3449 5105 3563 5160 fue-

324 5187 588 5252 λεύοντες.
626 5193 715 5244 Διὸ
742 5193 836 5244 καί
871 5209 1031 5260 φασιο
1057 5211 1076 5240 ι
1106 5194 1171 5246 Τί
1207 5197 1485 5266 ποιοῦμεν,
1517 5198 1596 5249 ὅτι
1626 5199 1652 5249 6
1677 5198 1888 5267 ἄνθρω-

2000 5206 2145 5262 runt,
2179 5198 2250 5251 ob
2274 5197 2394 5265 ejus
2423 5193 2709 5250 benefacta
2738 5203 2966 5251 mortem
3010 5195 3147 5253 bene
3182 5197 3249 5254 de
3275 5213 3334 5252 se
3367 5196 3561 5250 merito

326 5296 420 5343 πος
444 5276 597 5345 οὗτος
625 5283 791 5335 πολλὰ
829 5289 1026 5353 σημεῖα
1056 5290 1229 5352 «etsi;
1277 5307 1294 5338 ι

1999 5290 2349 5344 meditantes.
2397 5286 2523 5342 Ideo
2580 5287 2746 5342 etiam
2787 5288 2978 5342 dicunt
3013 5304 3027 5340 :
3063 5306 3083 5340 ι
3120 5287 3262 5354 Quid
3308 5289 3561 5353 facimus,

1994 5382 2122 5452 quia
2154 5381 2241 5435 hic
2269 5383 2431 5434 homo
2460 5381 2634 5434 multa
2666 5383 2818 5451 signa
2851 5380 3070 5436 edit"?
3099 5400 3118 5432 ι

401 5481 418 5512 ι
449 5465 554 5516 Καὶ
618 5465 1009 5534 πληρωθέντων
1079 5469 1213 5520 ἐτῶν
1261 5473 1685 5539 τεσσαράκοντα,
1732 5471 1888 5541 ὤφθη

2061 5473 2176 5542 68
2201 5470 2315 5534 νη,
2347 5471 2534 5527 30-52.
2583 5490 2603 5524 ι
2646 5469 2712 5524 Ει
2733 5471 2967 5540 expletis
2993 5471 3154 5526 annis
3177 5471 3560 5542 quadraginta.

337 5568 356 5599 ο
393 5553 535 5623 αὐτῷ
563 5557 621 5606 ἐν
651 5560 715 5623 τῇ
753 5559 942 5626 ἐρήμῳ
973 5558 1062 5609 τοῦ
1085 5559 1240 5628 ὄρους
1271 5561 1400 5614 Σινᾶ
1426 5562 1649 5629 ἄγγελος
1684 5562 1886 5633 Κυρίου

2002 5585 2021 5617 ι
2061 5566 2318 5634 apparuit
2366 5567 2416 5620 ei
2485 5565 2542 5618 in
2599 5563 2822 5618 deserto
2879 5564 3088 5618 montis
3137 5561 3270 5616 Sina
3327 5561 3559 5630 angelus

340 5664 356 5694 ι
395 5647 450 5701 ὲν
478 5649 635 5718 φλογὶ
664 5652 829 5718 πυρὸς
862 5654 1044 5718 βάτου.
1089 5653 1146 5704 ’0
1172 5654 1227 5704 δὲ
1281 5655 1516 5724 Μωῦσῆς
1567 5656 1687 5708 ἰδὼν
1725 5655 1885 5708 ἐθαύ-

1999 5676 2017 5708 ι
2061 5658 2271 5713 Domini
2327 5659 2380 5711 in
2428 5657 2643 5710 flamma
2702 5655 2846 5727 ignis
2897 5654 3041 5710 rubi.
3102 5655 3334 5710 lntuitus
3377 5660 3560 5707 autem

399 5825 443 5856 "°
481 5826 642 5881 Nam.
693 5843 812 5894 xxv,
845 5831 870 5881 ’ἱ
902 5843 1052 5897 seqq.
1079 5867 1098 5879 .
1131 5831 1168 5857 τ’
1200 5831 1342 5885 Psal.
1385 5847 1472 5898 cr,
1500 5832 1592 5898 30,
1626 5832 1712 5888 5|.
1791 5835 1836 5865 "
1874 5834 2064 5890 Matth.
2097 5849 2192 5900 xu,
2225 5833 2315 5886 21.
2393 5833 2434 5864 "
2467 5834 2622 5888 Joan.
2653 5848 2728 5900 xu,
2762 5831 2850 5886 47.
