4058 6550
490 367 590 437 143

1578 361 1975 433 (ECUMENII
2012 364 2305 431 TRICCA‘I
2339 374 2676 435 EPISCUPI

3631 374 3735 438 1“

492 505 511 537 ι
554 483 731 540 Moses
757 480 1060 537 admiratus
1099 489 1182 536 est
1224 480 1401 537 visum
1433 494 1708 551 :cumque
1745 476 2044 540 accederet,

2166 497 2184 531 ι
2221 499 2359 551 μασε
2382 484 2440 536 τὸ
2465 484 2669 555 ὅραμα.
2706 486 3150 557 Προσερχομένου
3172 486 3226 541 δὲ
3258 485 3421 541 αὑτοῦ
3468 491 3733 558 κατανοῆο

489 597 508 631 ι
551 586 613 633 ιιι
659 574 985 641 sttenderet,
1030 573 1171 630 facta
1224 581 1308 629 cst
1350 588 1451 629 vox
1498 572 1714 629 Domini
1766 574 1832 628 ad
1878 586 2001 628 eum
2039 589 2051 625 :

490 689 508 723 ι
556 670 666 742 Ego
703 684 823 726 sum
860 670 1002 724 Deus
1034 674 1251 739 patrum
1290 675 1535 732 tuorum,
1579 665 1722 723 Dens
1754 665 2053 729 Abraham,

489 777 508 811 ι
550 770 605 815 et
639 759 784 816 Deus
812 758 983 825 Isaac,
1014 765 1069 814 et
1098 758 1242 813 Deus
1268 755 1461 812 Jacob.
1501 775 1520 810 ι

550 851 750 906 Filium
776 849 870 906 Dei
899 855 1057 906 vocat
1101 864 1251 904 nunc
1284 849 1562 921 angelum,
1595 847 2051 920 quemadmodum

481 952 537 999 et
563 942 691 998 alibi
738 944 1040 999 hominem.
1074 942 1195 1013 Ipse
1233 956 1474 1013 namque
1505 951 1589 998 est
1626 942 1806 1010 magni
1839 940 2053 995 consilii

480 1037 726 1107 angelus.
789 1034 915 1091 ldco
962 1050 1185 1107 quoque
1240 1035 1407 1106 paulo
1462 1043 1589 1105 post
1634 1032 1878 1089 ostendit
1925 1048 2050 1088 eum

481 1128 644 1183 beato
687 1126 824 1184 Mosi
868 1127 1188 1184 dicentem:
1227 1145 1247 1180 ι
1305 1127 1417 1195 Ego
1472 1141 1594 1183 sum
1641 1124 1785 1181 Deus
1834 1134 2050 1196 patrum

480 1230 720 1288 tuorum,
752 1220 898 1275 Deus
926 1220 1225 1287 Abraham,
1263 1228 1319 1276 et
1349 1218 1523 1284 Isaac,
1555 1227 1611 1274 et
1638 1217 1812 1273 Jacob
1832 1217 1899 1271 ".
1936 1236 1955 1269 ι
1991 1215 2049 1271 1η

478 1315 694 1367 llntnma
737 1322 923 1368 autem
969 1314 1114 1384 ignis
1158 1312 1282 1368 rubi
1317 1311 1722 1367 manifestatur.
1764 1310 2049 1381 Siquidem

478 1408 530 1459 in
580 1408 762 1475 specie
808 1422 1027 1477 quoque
1081 1406 1225 1477 ignis
1276 1414 1331 1461 et
1378 1407 1433 1460 in
1480 1412 1664 1460 monte
1719 1403 1852 1459 Sina
1902 1402 2049 1458 Deus

474 1499 906 1565 demonstratur,
942 1499 1127 1555 dando
1162 1501 1354 1571 legem.
1388 1498 1520 1565 Quae
1560 1498 1728 1569 igitur
1757 1497 1898 1552 ratio
1924 1496 2048 1561 est?

478 1590 642 1644 Sacra
699 1590 986 1662 Scriptura
1039 1592 1280 1646 divinam
1319 1598 1574 1645 naturam
1617 1590 1726 1661 igni
1778 1589 2050 1645 assimilat

473 1688 695 1751 propter
722 1679 1196 1751 omnipotentiam,
1227 1686 1281 1736 et
1315 1679 1461 1750 quod
1501 1679 1686 1735 omnia
1713 1685 2002 1734 consumat
2029 1696 2045 1734 :

476 1776 752 1830 hominem
795 1787 924 1828 vero
960 1772 1122 1843 lignis
1161 1782 1217 1826 et
1258 1771 1462 1827 herbis.
1499 1769 1642 1824 Dicit
1684 1769 1833 1824 enim
1864 1769 1993 1824 alibi
2028 1788 2041 1823 :

2167 591 2185 623 ι
2224 590 2334 639 σαι,
2392 576 2611 643 ἐγένετο
2670 577 2819 648 φωνὴ
2884 577 3085 649 Κυρίου
3128 579 3263 647 πρὸς
3293 578 3472 632 αὐτόν·
3534 578 3672 648 Ἐγὼ
3701 584 3730 632 ὁ

2165 683 2182 717 ι
2218 664 2349 729 Θεὸς
2379 667 2479 720 τῶν
2508 669 2757 739 πατέρων
2786 685 2900 735 σου,
2927 670 3389 742 ὁΘεὸςᾌϐραὰμ.
3416 673 3508 725 καὶ
3543 672 3571 724 ὁ
3598 672 3729 736 Θεὸς

2163 774 2182 808 ι
2221 756 2427 820 Ἰσαὰκ,
2458 759 2753 824 καὶόΘεὸς
2794 759 3003 816 Ἰακώϐ.
3055 780 3074 815 s

2230 849 2332 901 Τὸν
2356 849 2471 904 υίὸν
2491 850 2586 905 τοῦ
2621 851 2756 905 Θεοῦ
2787 854 3015 924 ἄγγελον
3035 855 3129 910 νῦν
3164 856 3336 920 καλεῖ,
3360 856 3612 928 καθάπερ
3635 858 3732 911 καὶ

2155 940 2440 1011 ἄνθρωπον
2469 941 2722 1015 ἀλλαχοῦ.
2764 947 2934 1011 Αὐτὸς
2967 947 3076 1017 γάρ
3108 950 3256 1000 ἐστιν
3277 949 3305 1000 ὁ
3337 949 3580 1020 μεγάλης
3610 948 3732 1018 βου⁸

2154 1030 2251 1101 λῆς
2280 1032 2529 1101 ἄγγελος.
2579 1036 2671 1088 Διὸ
2704 1036 2799 1090 καὶ
2840 1038 2959 1108 μετ’
3008 1038 3185 1108 ὀλίγον
3246 1039 3517 1093 δείκνυσιν
3568 1040 3733 1094 αὐτὸν

2153 1122 2382 1192 λέγοντα
2400 1125 2762 1199 τῷκμακαρίῳ
2791 1130 3030 1184 Μωῦσεῖ·
3078 1149 3097 1182 ι
3117 1130 3263 1198 Ἐγὼ
3282 1132 3310 1183 ὁ
3339 1131 3470 1194 Θεὸς
3492 1132 3601 1185 τῶν
3626 1149 3732 1185 πα-

2152 1215 2325 1286 τέρων
2354 1234 2470 1282 σου,
2494 1220 2522 1272 ὁ
2546 1220 2677 1284 Θεὸς
2713 1222 2984 1293 Ἀϐραὰμ,
3013 1224 3108 1277 καὶ
3127 1223 3328 1289 Ἰσαὰκ,
3351 1224 3449 1277 καὶ
3476 1221 3687 1277 Ἰακώϐ.
3708 1242 3728 1277 ι

2165 1306 2250 1361 Ἐν
2278 1309 2435 1377 φλογὶ
2461 1311 2631 1381 πυρὸς
2658 1310 2819 1380 βάτου
2843 1313 2899 1365 δὲ
2923 1312 3303 1367 διαδείκνυται.
3343 1314 3431 1368 Ἐν
3462 1314 3589 1367 εῖδει
3622 1313 3731 1385 γὰρ

2152 1399 2323 1469 πυρὸς
2350 1400 2445 1452 καὶ
2475 1401 2533 1454 tv
2571 1401 2646 1471 τῷ
2675 1402 2792 1472 ὄρει
2824 1403 2954 1475 Σινᾷ
2995 1403 3023 1455 ὁ
3057 1404 3189 1468 Θεὸς
3247 1405 3590 1474 διαφαίνεται
3640 1404 3734 1457 τὸ)

2150 1489 2312 1559 νόμον
2339 1490 2534 1555 διδούς.
2570 1491 2666 1555 Τίς
2697 1491 2788 1546 οὖν
2814 1496 2841 1548 ὁ
2868 1494 3058 1563 λόγο;;
3106 1497 3245 1564 Πυρὶ
3278 1496 3378 1565 τὴν
3406 1496 3556 1550 θείαν
3587 1513 3735 1566 παρ-

2149 1583 2354 1646 εικάζει
2381 1582 2540 1652 φύσιν
2571 1584 2630 1637 τὸ
2661 1586 2897 1655 γράμμα
2929 1587 2989 1639 τὸ
3020 1588 3191 1657 ίερὸν,
3223 1586 3311 1641 διὰ
3342 1587 3408 1640 τὸ
3430 1586 3731 1652 παναλκες,

2149 1672 2325 1738 ξύλοις
2354 1691 2415 1727 τε
2444 1675 2536 1729 καὶ
2588 1676 2747 1740 πόαις
2780 1678 2870 1729 τὸν
2901 1678 3212 1747 ἄνθρωπον.
3264 1681 3404 1748 Φησὶ
3442 1682 3548 1750 γάρ
3584 1698 3690 1733 που
3716 1697 3732 1712 ·

2162 1786 2181 1818 ι
2237 1766 2293 1820 '0
2315 1766 2446 1831 Θεὸς
2479 1767 2591 1839 πῦρ
2628 1768 3022 1824 καταναλίσκον
3049 1772 3336 1826 ἑστί.›Καὶ
3369 1773 3734 1838 πά).ιν,‹“’Δν-

477 1886 496 1920 ε
534 1868 677 1925 Deus
742 1866 885 1937 ignis
951 1878 1287 1921 consumens
1337 1872 1423 1920 est
1444 1864 1513 1929 ",
1552 1881 1573 1915 ι
1640 1870 1694 1918 et
1749 1877 1970 1918 rursum
2026 1880 2040 1917 :

2153 1860 2383 1931 θρωπος,
2414 1859 2545 1913 ὡσεὶ
2564 1838 2760 1932 νχόρτος
2790 1862 2846 1915 αἱ
2877 1864 3080 1933 ἡμέραι
3111 1865 3330 1918 αὐτοῦ.»
3367 1865 3507 1918 Ἀλλ’
3540 1864 3731 1934 ῶσπερ

478 1985 496 2018 ι
533 1963 728 2032 Homo,
773 1962 919 2018 sicut
961 1962 1146 2017 fenum
1174 1960 1296 2015 dies
1344 1958 1548 2030 ejus".
1590 1976 1610 2009 ι
1649 1956 1756 2013 Sed
1787 1955 2069 2029 quemadﬁ

474 2058 694 2113 modum
729 2057 872 2126 ignis
899 2064 987 2111 est
1016 2052 1194 2124 spinis
1227 2051 1616 2116 intolerabilis,
1654 2050 1736 2105 sic
1764 2057 1820 2105 et
1845 2048 2045 2104 divini-

472 2159 555 2203 tas
589 2144 936 2201 humanitati.
966 2143 1221 2197 Attamen
1263 2140 1320 2195 in
1359 2140 1584 2195 Christo
1615 2139 1783 2195 simul
1805 2153 2043 2195 concur-

475 2242 546 2295 rlt
568 2238 826 2309 laetaque
848 2244 936 2293 est
958 2234 1285 2301 tolerabilis,
1316 2233 1466 2289 velut
1486 2232 1765 2303 quidpiam
1790 2232 2044 2303 operiens

471 2349 667 2403 purum
705 2344 992 2386 accessum
1034 2326 1270 2398 prepriaz
1313 2334 1525 2380 natura:
1571 2325 1738 2394 ignis,
1780 2332 1840 2378 ut
1887 2323 1941 2377 in
1979 2338 2044 2377 eo

469 2426 677 2496 suscipi
711 2429 920 2494 posset,
955 2417 1418 2492 quemadmodum
1465 2426 1518 2473 et
1557 2417 1609 2470 in
1658 2416 1834 2485 spinis
1876 2415 2039 2485 ignis.

468 2516 624 2586 Quod
653 2526 835 2571 autem
863 2527 1087 2569 carnem
1121 2524 1224 2565 suo
1252 2508 1477 2564 interitu
1505 2507 1699 2563 reddat
1739 2506 2041 2570 meliorem,

471 2607 820 2680 aenigmatice
860 2604 1216 2660 manifestare
1257 2609 1435 2671 potest
1473 2600 1616 2671 ignis
1652 2600 1708 2653 in
1756 2599 1913 2663 rubo,
1947 2596 2041 2669 qui

471 2703 676 2771 lignum
709 2697 939 2755 omnino
967 2694 1221 2756 servabat
1248 2694 1648 2762 incorruptum.
1674 2689 1857 2761 Capax
1896 2688 2042 2744 enim

469 2792 662 2849 effecta
705 2797 793 2847 est
843 2788 1153 2845 divinitatis
1210 2783 1657 2841 humanitas:et
1691 2782 1793 2839 hoc
1840 2790 2044 2853 myste-

469 2886 611 2942 rium
643 2885 698 2939 in
728 2882 950 2939 Christo
983 2880 1188 2935 factum
1218 2888 1324 2934 est.

533 2973 672 3041 .Vll,
724 2974 912 3030 32-36.
979 2989 999 3023 ι
1041 2968 1461 3026 Tremebundus
1514 2981 1645 3024 vero
1703 2966 1883 3023 Moses
1934 2981 2042 3022 non

471 3089 488 3120 ι
532 3067 771 3123 audebat
825 3064 1132 3121 attendere.
1193 3063 1343 3117 Dixit
1399 3067 1586 3117 autem
1635 3060 1687 3116 ei
1732 3058 2040 3115 Dominus:

2147 1953 2297 2006 ἐστὶν
2329 1953 2389 2007 ού
2419 1954 2651 2026 φορητὸν
2677 1954 2946 2019 ἀκάνθαις
2985 1956 3046 2010 τὸ
3076 1956 3207 2028 πῦρ,
3237 1957 3380 2011 οὕτω
3420 1958 3514 2012 καὶ
3538 1957 3733 2027 θεότη;

2146 2044 2549 2117 ἁνθρωπότητι.
2599 2047 2747 2118 Πλὴν
2774 2051 2832 2102 tv
2883 2050 3103 2121 Χριστῷ
3143 2050 3347 2121 συνέϐη
3379 2050 3472 2103 καὶ
3506 2050 3732 2119 γέγονεν

2145 2139 2319 2209 οίστὴ,
2352 2139 2515 2193 οἱονεὶ
2565 2141 2915 2211 περιστέλλον
2964 2160 3016 2196 τι
3066 2143 3166 2214 τὴν
3223 2143 3464 2214 ἄκρατον
3496 2142 3590 2197 τοῦ
3627 2147 3730 2213 τῆς

2150 2229 2285 2294 ιδίας
2311 2231 2524 2299 φύσεως
2566 2232 2733 2302 πυρὸς
2770 2234 3104 2307 προσϐολὴν,
3148 2236 3233 2289 ἵνα
3282 2238 3505 2307 γένηται
3538 2255 3732 2309 χωρηο

2144 2320 2256 2385 τὸς,
2304 2322 2554 2394 καθάπερ
2594 2324 2688 2378 καὶ
2746 2325 3008 2390 ἀκάνθαις
3071 2326 3134 2379 τὸ
3180 2326 3312 2399 πῦρ.
3352 2328 3474 2381 ὀτι
3526 2329 3585 2382 δὲ
3626 2331 3729 2400 τὴν

2147 2415 2326 2485 σάρκα
2360 2416 2459 2488 τὴν
2490 2418 2682 2472 ἑαυτοῦ
2725 2418 2932 2490 φθορᾶς
2970 2420 3222 2474 ἀπετέλει
3258 2422 3570 2493 κρείττονα,
3601 2424 3730 2476 διοι-

2145 2504 2367 2571 δείξειεν
2387 2506 2453 2561 ἂν
2482 2508 2899 2578 αἰνιγματωδῶς
2932 2510 2989 2563 τὸ
3013 2512 3106 2564 ἐπὶ
3134 2514 3198 2582 τῇ
3231 2511 3379 2582 βάτῳ
3413 2512 3548 2583 πῦρ,
3574 2514 3730 2567 ἀδια-

2147 2593 2389 2667 λώὸητον
2413 2599 2689 2662 παντελῶς
2726 2602 2974 2672 τηρῆσαν
3000 2600 3059 2655 τὸ
3088 2601 3264 2668 ξύλον.
3297 2602 3597 2676 Κεχὼρηκε
3618 2607 3732 2676 γὰρ

2147 2686 2425 2759 θεότης-ὲν
2451 2689 2851 2761 ἀνθρωπότητι.
2904 2691 3015 2747 Καὶ
3042 2692 3199 2748 τοῦτο
3234 2693 3460 2763 γέγονεν
3498 2695 3556 2749 tv
3587 2696 3732 2768 Χριο

2150 2777 2260 2849 στῷ
2297 2779 2357 2833 τὸ
2389 2783 2710 2853 μυστήριον.

2207 2983 2245 3047 ⁴ι
2280 2966 2580 3039 Ἔντρομος
2633 2986 2691 3024 οε
2742 2972 3034 3043 γενόμενος
3079 2974 3340 3045 Μωῦσῆς,
3389 2976 3491 3029 οὐκ
3517 2976 3732 3047 ἐτόλμα

2155 3076 2172 3109 ι
2208 3060 2563 3130 κατανοῆσαι.
2595 3059 2727 3116 Eine
2747 3063 2802 3117 δὲ
2832 3065 2981 3137 αύτῷ
3008 3066 3038 3119 ὁ
3064 3066 3290 3136 Κύριος
3314 3065 3490 3119 Λῦσον
3507 3066 3567 3121 τὸ
3591 3068 3729 3121 ὑπό·

469 3176 488 3207 ο
530 3156 694 3214 Solve
754 3157 1193 3212 ealceamentum
1274 3152 1474 3223 pedum
1544 3160 1762 3207 tuorum
1818 3167 1834 3205 :
1884 3150 2042 3207 locus

2157 3167 2176 3202 ι
2212 3150 2358 3220 δημα
2388 3152 2496 3206 τῶν
2522 3153 2699 3208 ποδῶν
2735 3170 2828 3208 σου
2855 3172 2869 3187 ·
2918 3158 2946 3210 ὀ
2978 3158 3086 3227 γὰρ
3107 3157 3272 3220 τόπος
3295 3158 3351 3211 tv
3373 3149 3419 3227 ᾧ
3458 3157 3730 3226 ἕστηκας,

470 3271 489 3303 ι
527 3254 673 3324 enim
721 3248 778 3303 in
815 3261 927 3319 quo
957 3256 1095 3311 stas,
1126 3255 1272 3301 terra
1313 3253 1509 3301 sancta
1549 3251 1654 3299 est.
1690 3241 1898 3299 Videris
1929 3243 2042 3299 vidi

469 3361 489 3395 ι
531 3341 874 3398 altlictionetn
920 3338 1111 3411 populi
1153 3338 1297 3404 mei,
1322 3338 1416 3407 qui
1461 3344 1551 3392 est
1598 3337 1655 3391 in
1685 3334 1947 3407 Egypto,
1991 3348 2047 3391 et

470 3455 489 3487 ε
532 3435 797 3505 gemitum
840 3447 1032 3488 eorum
1079 3431 1286 3494 audivi,
1324 3428 1702 3499 descendique
1749 3439 1808 3483 ut
1848 3431 2046 3485 libera-

470 3544 487 3575 ι
530 3540 644 3579 rem
676 3538 794 3578 eos.
820 3521 887 3576 Et
910 3538 1057 3576 nune
1085 3522 1207 3575 veni
1239 3536 1304 3574 ac
1329 3520 1541 3573 mittam
1568 3530 1621 3574 te
1645 3520 1702 3574 in
1722 3518 2041 3591 rEgyptum.

467 3633 487 3664 ‹
530 3611 689 3670 Hune
718 3612 908 3669 Mosen
934 3628 1095 3683 quem
1128 3622 1479 3682 negaverunt,
1512 3613 1761 3668 dicentes
1789 3630 1804 3667 :
1828 3612 1965 3679 Quis
1993 3624 2046 3668 te

470 3728 488 3761 ι
530 3707 813 3764 constituit
837 3705 1139 3778 principem
1175 3719 1240 3759 ae
1271 3704 1553 3774 judicent?
1598 3706 1763 3770 hunc,
1798 3706 2043 3777 inquam,

472 3820 491 3852 ι
537 3800 682 3856 Deus
736 3799 1046 3870 principem
1092 3811 1156 3852 ac
1188 3797 1540 3852 liberatorem
1591 3798 1744 3854 misit
1791 3813 1888 3869 per
1933 3814 2042 3852 ma-

470 3913 488 3945 ι
530 3907 661 3947 ιιιιιιι
689 3890 889 3960 angeli,
910 3890 1004 3959 qui
1029 3899 1362 3959 apparuerat
1386 3889 1437 3943 ei
1465 3889 1522 3943 in
1550 3889 1708 3945 rubo.
1735 3887 1836 3946 Hie
1857 3890 2045 3945 eduxit

469 4001 488 4034 ι
529 3996 626 4038 eos
666 3979 834 4036 edens
875 3977 1129 4050 prodigia
1155 3976 1268 4047 69
1296 3984 1352 4031 et
1401 3976 1557 4047 signa
1604 3977 1661 4030 in
1708 3975 1948 4048 (Egypto
1989 3987 2045 4031 et

471 4097 485 4117 ν
529 4078 586 4133 in
613 4076 754 4133 mari
774 4075 987 4141 Rubro,
1009 4089 1073 4130 ac
1096 4073 1152 4128 in
1173 4074 1393 4131 deserto
1421 4072 1584 4129 annis
1606 4073 1988 4143 quadraginta.
2018 4092 2037 4124 ι

536 4255 862 4324 Quanquam
903 4267 1013 4309 non
1047 4253 1243 4309 iisdem
1277 4251 1618 4307 dictionibus
1652 4259 1918 4335 apparent
1948 4266 2044 4321 po—

2156 3261 2175 3294 ι
2213 3242 2283 3313 γῆ
2314 3243 2443 3313 ἁγία
2474 3246 2643 3301 ἐστίν.
2695 3245 2839 3301 Ἰδὼν
2869 3241 3009 3301 εἶδον
3039 3246 3135 3317 τὴν
3187 3246 3428 3302 κάκωσιν
3458 3246 3552 3302 τοῦ
3591 3247 3732 3301 λαοῦ

2153 3355 2172 3388 ι
2210 3352 2336 3405 μου,
2391 3336 2485 3389 τοῦ
2533 3337 2590 3389 tv
2623 3337 2907 3408 Αἰγύπτῳ,
2939 3339 3031 3392 καὶ
3080 3338 3176 3393 τοῦ
3203 3339 3511 3410 στεναγμοῦ
3542 3338 3732 3394 αὐτῶν

2153 3446 2172 3479 ι
2209 3428 2438 3497 ήκουσα,
2472 3428 2565 3480 καὶ
2616 3428 2853 3499 κατέὸην
2901 3429 3180 3495 ἐξελέσθαι
3230 3431 3447 3495 αύτούς.
3490 3432 3600 3484 Καὶ
3632 3431 3734 3485 νῦν

2155 3535 2174 3567 ι
2209 3516 2390 3588 δεῦρο,
2430 3518 2526 3572 καὶ
2555 3519 2837 3573 ἀποστελῶ
2866 3537 2926 3573 σε
2954 3523 3033 3585 είς
3063 3523 3359 3591 Αἴγυπτον.
3393 3522 3596 3577 Τοῦτον
3636 3523 3733 3577 τὶν

2151 3628 2172 3662 ι
2208 3611 2472 3682 Μωῦσῆν,
2509 3612 2567 3666 ὃν
2600 3614 2906 3684 ἠρνήσαντο
2932 3615 3210 3680 είπόντες,
3241 3618 3336 3680 Τίς
3372 3633 3430 3670 με
3455 3618 3736 3689 κατέστη-

2155 3720 2173 3754 r
2212 3719 2305 3756 σεν
2331 3703 2568 3774 ⁴Ξρχοντα
2598 3706 2692 3759 καὶ
2716 3705 2982 3776 δικαστήν
2999 3724 3015 3774 ;
3044 3706 3234 3760 τοῦτον
3261 3710 3289 3760 ὁ
3323 3707 3457 3771 Θεὸς
3485 3710 3733 3779 ἄρχοντα

2152 3811 2172 3845 ι
2208 3795 2301 3849 καὶ
2349 3795 2628 3868 λυτρωτὴν
2672 3798 2991 3851 ἀπέστειλεν
3029 3800 3087 3851 tv
3143 3800 3285 3870 χειρὶ
3337 3800 3595 3867 ἀγγέλου,
3629 3801 3730 3855 τοῦ

2153 3903 2173 3937 ι
2207 3886 2462 3954 ὀφθέντος
2513 3888 2664 3958 αύτῷ
2705 3888 2763 3941 tv
2799 3891 2863 3959 τῇ
2899 3888 3063 3959 βάτῳ.
3100 3884 3268 3953 Οὗτος
3319 3889 3591 3958 ἐξήγαγεν
3624 3891 3731 3943 a6-

2152 3994 2171 4028 ι
2211 3979 2355 4041 τοῦς,
2395 3980 2627 4050 ποιήσας
2655 3979 2863 4051 τέρατα
2888 3980 2984 4035 καὶ
3019 3983 3223 4052 σημεῖα
3256 3983 3314 4034 tv
3337 3984 3404 4052 τῇ
3436 3981 3731 4049 Αίγύπτῳ,

2152 4088 2171 4121 ι
2206 4072 2300 4123 λαὶ
2329 4073 2385 4124 tv
2410 4071 2615 4143 ἐρυθρᾷ
2655 4072 2922 4144 θαλάσσῃ,
2954 4072 3050 4128 καὶ
3074 4074 3133 4126 tv
3172 4074 3238 4144 τῇ
3267 4074 3460 4144 ἐρήμῳ
3478 4073 3576 4143 ετη
3599 4090 3735 4126 τεσ-

2150 4180 2169 4213 ι
2209 4163 2534 4232 σαράκοντα.
2566 4181 2585 4215 ι

2218 4255 2278 4309 Εί
2309 4256 2406 4309 καὶ
2441 4256 2518 4327 μὴ
2563 4255 2753 4318 αὐταῖς
2807 4254 2984 4321 λέξεσι
3032 4257 3281 4326 φαίνεται
3311 4255 3369 4308 tv
3415 4258 3481 4327 τῇ
3527 4255 3732 4326 Ἐξόδῳ

462 4350 584 4402 sitae
610 4348 664 4401 in
688 4346 881 4401 Exodo
909 4360 1073 4400 voces
1097 4343 1166 4407 ",
1199 4344 1390 4398 eodem
1434 4353 1617 4397 tamen
1648 4357 1815 4397 sensu
1850 4343 2044 4421 posita:

2153 4352 2369 4421 κειμένη
2391 4353 2424 4419 ἠ
2451 4350 2623 4419 φωνὴ,
2648 4349 2764 4403 ἀλλ’
2787 4343 2880 4402 οὖν
2912 4348 3227 4418 ίσοδύναμος
3258 4352 3454 4402 κεῖται.
3484 4344 3561 4401 Ού
3586 4348 3729 4421 πολὺ

463 4450 615 4496 sunt.
661 4436 849 4509 Neque
893 4437 1039 4493 enim
1088 4436 1320 4491 multum
1366 4433 1630 4489 dill‘erunt
1682 4435 1942 4505 ἔντρομος
1989 4419 2044 4489 et

2153 4419 2253 4516 γὰρ
2288 4419 2477 4497 διοίσει
2522 4441 2582 4495 τὸ
2606 4442 2900 4510 ἔντρομος
2953 4439 3048 4494 τοῦ
3100 4441 3362 4510 ἔμφοϐος
3406 4419 3728 4510 γενόμενος.

461 4533 718 4606 ἔμφοϐος,
755 4534 808 4587 id
840 4541 923 4587 est
955 4528 1352 4585 tremebundus
1381 4536 1437 4583 et
1472 4528 1884 4598 expavelaetus.
1916 4528 2040 4584 Haec

2153 4513 2379 4603 Λέγεται
2400 4535 2457 4587 δὲ
2479 4532 2651 4586 ταῦτα
2682 4532 2810 4603 περ)⁸
2838 4531 2932 4585 τοῦ
2951 4533 3092 4586 κατά
3110 4532 3207 4603 τὴν
3243 4532 3403 4601 βάτον
3426 4533 3731 4602 ὁράματος.

462 4639 643 4681 autem
688 4627 882 4681 dicunt
924 4624 992 4679 de
1032 4624 1152 4677 visu
1222 4625 1371 4676 circa
1418 4621 1615 4673 rubum
1664 4620 1947 4675 tremendo
1987 4630 2041 4675 et

2153 4628 2418 4698 μενούσης
2447 4627 2545 4696 τῆς
2568 4624 2735 4695 αὐτῆς
2762 4624 3026 4694 διαφορᾶς
3047 4625 3140 4678 τοῦ
3172 4624 3405 4695 φοσεροῦ
3426 4626 3520 4680 καὶ
3549 4626 3731 4694 ἐμφό-

462 4720 706 4776 timendo
733 4718 882 4786 quod
927 4715 1048 4785 ipse
1079 4720 1326 4767 maneret
1366 4712 1743 4780 incorruptus.
1777 4710 2042 4766 Similiter

2153 4720 2266 4782 6ου,
2337 4716 2431 4770 καὶ
2485 4718 2544 4770 ἐν
2578 4718 2642 4785 τῇ
2675 4714 2925 4785 διηγήσει
2958 4717 3024 4784 τῇ
3059 4715 3187 4785 περὶ
3231 4716 3327 4768 τοῦ
3363 4716 3496 4770 Σινᾶ
3540 4717 3732 4787 ὅρους.

460 4822 512 4866 et
560 4812 614 4864 in
673 4810 990 4863 narratione
1031 4805 1179 4860 circa
1232 4811 1470 4858 montem
1538 4801 1692 4856 Sina.
1742 4802 1851 4857 Deo
1892 4806 2037 4857 enim

460 4904 601 4959 dixit
656 4902 880 4957 Moses:
937 4919 957 4953 ι
994 4897 1402 4969 Expavelactus
1445 4910 1567 4950 sutn
1617 4907 1670 4949 et
1725 4896 2041 4951 tremebun-

459 5000 565 5052 dus
586 4994 654 5058 ⁷⁸,
694 5014 714 5047 ι
745 4992 1036 5048 alternatis
1072 5004 1134 5045 ac
1178 4989 1476 5060 geminatis
1516 5001 1651 5041 usus
1677 4986 2036 5043 dictionibus.

460 5089 811 5160 Stupelactus
874 5087 1062 5153 itaque
1122 5081 1246 5136 visu
1299 5080 1494 5134 beatus
1575 5076 1755 5133 Moses
1810 5079 2044 5133 addebat

459 5189 865 5251 consequenter
914 5177 1091 5240 illud,
1141 5175 1331 5230 dicens
1386 5174 1515 5228 alibi
1568 5174 1712 5245 apud
1773 5176 2041 5244 seipsum,

467 5294 486 5328 ι
524 5272 835 5345 Aggressus
872 5268 1070 5324 videbo
1110 5267 1377 5323 visionem
1416 5268 1556 5321 hanc
1598 5282 1872 5336 inagnam,
1908 5268 2039 5335 quid

460 5367 532 5422 sit
574 5363 720 5435 quod
767 5379 877 5417 non
925 5369 1193 5415 exuratur
1246 5358 1505 5414 rubus".
1542 5377 1562 5410 ι
1616 5360 1720 5413 Sed
1763 5359 2040 5427 prohibuit

460 5473 586 5514 eum
638 5456 821 5511 statim
881 5454 1172 5519 Dominus,
1234 5452 1428 5506 dicens
1460 5469 1475 5506 :
1504 5449 1583 5506 Ne
1628 5454 2041 5521 appropinqnes

466 5556 611 5615 huc,
674 5550 937 5620 pedisque
982 5547 1417 5603 calceamentum
1474 5544 1613 5598 solvi
1660 5544 1836 5612 jubet.
1898 5545 2042 5597 Leee

534 5759 685 5813 “lsa.
721 5774 791 5822 Ix,
823 5765 874 5811 ιι.

468 5831 634 5887 ltebr.
671 5845 767 5896 xu,
804 5828 896 5883 21.
971 5829 1014 5860 ⁷’
1050 5827 1223 5884 hxod.
1262 5842 1341 5893 ιιι,
1393 5827 1447 5879 5.

2164 4810 2278 4861 Ἐπ’
2303 4806 2471 4860 αὑτοῦ
2503 4806 2611 4875 γὰρ
2644 4801 2766 4857 εἷπε
2796 4803 3038 4872 Μωῦσῆς
3065 4820 3080 4835 ⁸
3122 4822 3140 4855 ι
3180 4806 3461 4873 Ἐμφοὸός
3489 4805 3609 4874 είμι
3633 4807 3732 4858 καὶ

2146 4898 2427 4965 ἔντρομος,
2463 4914 2481 4945 ι
2515 4897 2579 4947 ἐκ
2618 4892 2966 4963 παραλλήλου
2998 4896 3116 4955 ταῖς
3142 4892 3319 4957 λέξεσι
3350 4898 3728 4964 χρησάμενος.

2147 4987 2556 5057 Κατατεθηπὼς
2600 4987 2782 5038 τοίνυν
2835 4984 2933 5055 τὴν
2968 4984 3089 5053 ὅφιν
3139 4987 3167 5038 ὁ
3210 4989 3481 5056 μακάριος
3518 4989 3731 5055 Μωσῆς

2147 5078 2455 5151 προσετίθει
2513 5076 2716 5143 λοιπὸν,
2783 5077 2958 5152 ἐκεῖνό
3014 5094 3113 5129 που
3181 5076 3357 5145 λέγων
3406 5080 3465 5130 ἐν
3513 5078 3723 5148 ἑαυτῷ·

2154 5191 2170 5221 ι
2212 5170 2506 5242 Παρελθὼν
2535 5170 2738 5239 δηζιομαι
2771 5168 2832 5221 τὸ
2865 5168 3048 5238 ὅραμα
3079 5167 3239 5222 τοῦτο
3271 5170 3331 5222 τὸ
3366 5169 3534 5239 μέγα,
3563 5171 3617 5224 τί
3643 5172 3732 5224 ὅτι

2147 5265 2207 5316 ού
2243 5262 2657 5331 κατακαίεταιή
2686 5260 2869 5330 βάτος,
2906 5279 2924 5311 ι
2957 5259 3074 5313 ἀλλ’
3100 5259 3277 5329 εἴργει
3298 5259 3476 5328 λέγων
3504 5261 3671 5323 εὐθὺς
3700 5260 3732 5313 6

2155 5355 2379 5424 Κύριος,
2410 5355 2500 5420 Μὴ
2534 5351 2763 5422 ἐγγίσῃς
2789 5345 2913 5404 ὦδε.
2956 5351 3066 5403 Καὶ
3100 5351 3193 5403 τοῦ
3250 5351 3410 5414 ποδὸς
3463 5352 3731 5406 ἀπολύειν

2150 5447 2547 5516 προστάττεται
2571 5444 2631 5494 τὸ
2655 5442 2924 5511 ὑπόδημα.
2968 5442 3097 5496 Ἰδοὺ
3124 5443 3181 5495 ὃν
3206 5443 3310 5513 πρὸ
3333 5444 3531 5514 μικροῦ
3558 5444 3732 5513 ἄγγο-

2149 5542 2239 5592 λον
2265 5534 2438 5601 εἶπεν,
2467 5533 2558 5587 νῦν
2588 5534 2857 5587 δείκνυσιν
2885 5534 3047 5587 αὑτὸν
3072 5534 3275 5605 Κύριον
3297 5534 3426 5588 ὄντα
3448 5536 3541 5587 καὶ
3567 5535 3728 5590 Θεὸν.

958 5760 998 5789 ⁷³
1028 5759 1185 5811 Deut.
1227 5774 1299 5820 tv,
1330 5756 1399 5808 24
1430 5772 1445 5821 ;
1477 5760 1645 5814 Hebr.
1674 5775 1769 5823 xu,
1796 5754 1888 5811 29.
1965 5756 2011 5788 ⁷⁸
2036 5754 2179 5810 Psal.
2225 5770 2320 5819 cn,
2361 5753 2441 5808 i5.
2472 5754 2566 5825 '7'”
2592 5750 2762 5806 Exod.
2793 5765 2874 5817 ιιι,
2912 5750 2933 5804 1
2970 5762 3129 5815 seqq.
3230 5746 3273 5775 ⁷⁸
3309 5743 3483 5799 Εἱοιι.
3514 5746 3722 5815 33,1;
