4058 6616
394 484 497 555 145

1344 495 1725 557 COMMENT.
1772 496 1851 578 IN
1890 496 2077 557 ACTA
2114 499 2684 563 APOSTOLORUM.

3541 503 3642 568 ιιτ

389 602 564 664 Αὐτὸς
596 602 705 672 γάρ
742 604 889 657 ἐστιν
917 605 945 658 6
974 605 1071 676 τῆς
1115 605 1356 678 μεγάλης
1400 607 1592 680 βουλῆς
1625 609 1852 678 ἄγγελος
1879 610 1970 662 καὶ

2095 626 2237 680 luem
2268 614 2429 682 paulo
2462 624 2586 669 ante
2620 613 2754 668 dixit
2784 612 3060 685 angelum,
3105 630 3254 670 nune
3290 630 3416 671 cum
3453 616 3644 671 Domi-

388 694 528 748 Θεοῦ
568 694 797 759 Υίός.Τί
830 691 922 749 οὖν
955 699 1071 751 ἐστι
1099 698 1155 751 τὸ
1180 697 1506 770 δηλούμενον
1539 701 1627 754 διὰ
1647 701 1738 755 τοῦ
1765 703 1965 772 ὑποδή-

396 803 565 857 ματος
605 788 871 855 αἷνιγμας
924 787 1242 858 Ἀναγκαῖον
1274 793 1468 858 εἰπεῖν,
1492 794 1811 864 νεκρότητος
1871 796 1966 849 καὶ

394 880 601 948 φθορᾶς
647 879 705 931 τὸ
754 880 1004 950 ὑπόδημα
1036 880 1171 935 εἶναι
1202 885 1442 953 σημεῖον.
1511 885 1685 957 Εἴπερ
1710 888 1826 940 ἐστὶ
1859 889 1967 942 πᾶν

390 971 654 1041 ὑπόδημα
707 970 846 1034 ζώου
904 972 1152 1044 λείψανον
1184 976 1477 1041 τεθνεῶτος
1515 979 1636 1049 ήδη.
1670 981 1762 1032 Δεῖ
1788 979 1967 1033 τοίνυν

394 1062 575 1133 πάσης
599 1068 798 1136 νεκρᾶς
830 1066 922 1119 καὶ
945 1063 1211 1139 σαρκικῆς
1232 1070 1530 1139 φαντασίας
1549 1070 1736 1145 ὥσπερ
1771 1074 1970 1145 ὑποδη-

396 1156 587 1225 μάτων
613 1158 777 1210 τινῶν
796 1159 1064 1215 λῦσαιτδν
1109 1164 1201 1216 ἐπὶ
1247 1164 1357 1218 τῶν
1403 1165 1565 1219 θείων
1596 1165 1970 1239 θεωρημάτων

396 1248 666 1318 ἀναόῆναι
714 1253 1052 1324 πειρώμενον
1088 1262 1233 1324 νοῦν,
1288 1258 1381 1312 καὶ
1425 1259 1486 1312 τὸ
1537 1259 1680 1314 κατὰ
1738 1260 1971 1331 Χριστὸν

398 1339 591 1408 νοῆσαι
624 1344 941 1414 μυστήριον.
1010 1348 1329 1419 Ἀπρὸσιτος
1385 1351 1563 1405 τοίνυν
1610 1354 1668 1405 ὲν
1717 1340 1796 1424 τῷ
1824 1354 1974 1423 νόμῳ

398 1428 497 1480 καὶ
520 1431 587 1499 τῇ
618 1430 997 1506 παιδαγωγικῇ
1039 1436 1264 1511 λατρεία
1300 1441 1328 1493 6
1365 1439 1601 1510 Χριστὸς
1652 1441 1839 1512 (νόμου
1866 1442 1974 1516 γὰρ

398 1518 694 1590 πρόσωπον
717 1524 746 1576 6
769 1525 1057 1597 Μωῡσῆς),
1093 1531 1141 1582 εί
1168 1532 1242 1603 μή
1275 1550 1375 1586 που
1407 1535 1499 1587 τὸν
1524 1534 1630 1587 ἀπὸ
1664 1535 1759 1605 τῆς
1793 1537 1974 1606 ἁμαρ·

394 1613 521 1675 τίας
554 1617 1049 1687 πρωποτρὲψοιντο
1104 1624 1402 1695 μολυσμὸν,
1455 1628 1549 1679 καὶ
1575 1625 1670 1696 τὴν
1705 1629 1761 1680 ἐν
1783 1627 1976 1693 τύποις

393 1700 482 1756 ἔτι
522 1704 617 1757 καὶ
650 1709 828 1770 σκιαῖς
857 1708 1271 1780 προαπώθοιντο
1295 1712 1568 1786 λατρείαν.
1600 1717 1661 1769 Ei
1688 1716 1746 1771 δὲ
1781 1717 1977 1790 βουλη-

395 1793 544 1848 θεῖεν
567 1797 940 1854 ἀπολύσασθαι
970 1801 1030 1855 τὸ
1058 1804 1405 1875 προδηλωθέν
1437 1808 1713 1879 ὑπόδημα,
1734 1809 1977 1881 ἐγγιοῦσι

395 1883 520 1938 τότε
569 1885 813 1958 Χριστῷ,
837 1888 936 1961 τὴν
966 1892 1025 1946 ἐν
1060 1892 1342 1964 Πνεύματι
1371 1899 1465 1954 καὶ
1481 1901 1709 1975 ἀληθείᾳ
1723 1903 1978 1977 λατρείαν

398 1978 757 2051 προσιέμενοι

476 2265 499 2299 1
533 2241 705 2313 Οὗτός
734 2250 883 2305 ἐστιν
926 2253 955 2305 6
987 2254 1229 2325 Μωῦσῆς
1279 2258 1309 2311 6
1354 2258 1526 2312 εἰπὼν
1560 2262 1676 2325 τοῖς
1703 2263 1838 2326 υἱοῖς
1882 2264 1983 2316 Ίσ·
2088 2241 2099 2265 τ

403 2356 427 2390 1
463 2338 625 2409 ραήλ·
688 2340 982 2412 Προφήτην
1035 2345 1164 2414 ὑμῖν
1200 2346 1509 2419 ,ἀναστήσει
1537 2346 1739 2421 Κύριος
1784 2354 1812 2406 6
1850 2351 1984 2418 Θεὸς

407 2448 429 2483 1
463 2429 621 2501 ὑμῶν
643 2433 707 2486 ἐκ
734 2435 843 2488 τῶν
864 2435 1107 2507 ἀδελφῶν
1128 2438 1304 2511 ὑμῶν,
1333 2439 1409 2505 ὡς
1445 2442 1565 2513 ἐμέ.

289 2598 292 2599 ν
472 2523 649 2577 Τοῦτο
676 2526 955 2596 ἐπήγαγεν
982 2530 1010 2582 6
1035 2531 1308 2604 μακάριος
1333 2534 1625 2603 Στέφανος,
1676 2540 1984 2612 αίνιττομε-

304 2654 325 2666 ρ
402 2632 493 2679 νος
518 2616 707 2681 αὐτοῖς
732 2618 795 2672 τδ
841 2620 983 2674 κατά
1025 2623 1264 2694 Χριστὸν
1298 2627 1614 2699 μυστήριον,
1645 2631 1739 2684 καὶ
1770 2633 1983 2701 δεικνὺς

403 2710 484 2762 ὅτι
509 2711 621 2763 Καὶ
648 2713 677 2763 6
714 2712 921 2781 Μωσῆς
948 2714 1076 2785 περὶ
1105 2716 1269 2770 αύτοῦ
1292 2716 1421 2788 ύμῖν
1450 2721 1985 2795 λελάληκεᾟροανα-

407 2804 577 2867 ςωνεϊ
597 2801 709 2873 γὰρ
730 2803 891 2858 πάλιν
912 2805 1011 2877 τὴν
1046 2807 1140 2860 τοῦ
1179 2808 1311 2862 ἰδίου
1348 2812 1685 2883 γεννήματος
1714 2816 1986 2890 ἐνανθρώ-
2026 2854 2035 2863 -

406 2910 573 2964 πησιν
592 2896 622 2947 6
651 2895 784 2959 Θεὸς
816 2899 909 2951 καὶ
940 2900 1130 2970 Πατὴρ
1154 2900 1241 2955 διὰ
1283 2901 1376 2956 τοῦ
1406 2906 1680 2974 πανσόφου
1722 2910 1985 2981 Μωσέως,

323 3034 335 3039 -
410 2986 503 3038 καὶ
533 2988 617 3040 ὅτι
648 2986 899 3057 δεύτερος
920 2989 1005 3059 ἐφ’
1028 2993 1176 3062 ἡμᾶς
1194 2995 1496 3068 νομοθέτης
1515 2999 1984 3072 ἀναδειχθήσεται,

409 3080 655 3153 λαλήσας
681 3080 782 3151 μὲν
811 3083 972 3138 πάλιν
988 3089 1101 3149 τοῖς
1127 3087 1506 3159 ἀρχαιοτέροις
1536 3092 1699 3156 αὐτὸς
1721 3095 1786 3147 δι’
1819 3097 1987 3165 ἀγγέ-

409 3174 517 3227 λων
534 3175 627 3227 τὸν
647 3177 831 3245 νόμον,
859 3178 917 3230 ἐν
945 3179 1000 3231 δέ
1023 3181 1137 3242 τοῖς
1159 3181 1492 3247 τελευταίοις
1521 3187 1735 3255 καιροῖς
1758 3187 1988 3261 αὐτουρ-

412 3266 506 3334 γδς
533 3269 612 3327 είς
644 3269 789 3375 ημᾶς
816 3270 1289 3375 ἀναδεδεγμένος,
1310 3274 1425 3375 ’καὶ
1475 3276 1669 3347 καινῆς
1722 3278 1988 3352 διαθήκης
2015 3317 2057 3375 C

411 3357 759 3427 χρηματίσας
809 3359 1059 3428 ἄγγελος,
1111 3362 1142 3414 6
1187 3361 1430 3433 μεγάλης
1486 3364 1681 3436 βουλῆς
1738 3367 1836 3437 τῆς
1894 3368 1987 3422 τοῦ

412 3451 625 3521 Πατρδς
655 3452 906 3519 ἄγγελος.
966 3453 1077 3508 Καὶ
1111 3454 1269 3508 τοῦτό
1302 3456 1418 3509 ἐστι
1467 3456 1660 3527 δηλοῦν
1704 3459 1788 3522 τὸ,
1832 3479 1850 3511 ι
1904 3460 1990 3524 Ὡς

411 3542 533 3611 ἐμὲ,
566 3562 586 3595 ι
644 3543 893 3597 τουτέστι
932 3545 1253 3617 νομοθέτην.
1301 3549 1594 3619 Προφήτην
1624 3549 1680 3605 δὲ
1711 3532 1868 3605 κάλεῒ
1898 3552 1990 3606 τὸν

412 3633 520 3686 τῶν
551 3636 849 3704 προφητῶν
872 3635 1074 3707 Κύριον
1091 3630 1189 3692 διὰ
1209 3637 1270 3691 τὺ
1297 3639 1393 3692 ἀνθ
1405 3639 1656 3708 ρώπινον.
1688 3662 1707 3694 1
1729 3643 1816 3707 Ὠς
1833 3644 1984 3715 ἐμέ,ν

413 3721 667 3795 ἐξουθενη
677 3725 836 3795 μένον
858 3726 944 3793 ὑφ’
960 3719 1033 3779 ὧν
1053 3726 1159 3780 ἔδει
1180 3727 1495 3799 τιμηθῆναι.
1515 3729 1804 3803 Ἑκάτερος
1828 3733 1992 3804 νόμον

415 3814 607 3881 ἔδωκε,
643 3817 843 3885 σημεῖα
897 3818 1159 3889 πρότερον
1194 3819 1422 3888 ποιήσας
1451 3835 1465 3851 ⁸
1501 3820 1616 3874 ἀλλ’
1661 3822 1781 3877 οὐδὲ
1821 3821 1995 3888 οὕτως

414 3908 596 3963 αὐτῶν
629 3909 912 3981 οὐδετέρου
939 3909 1208 3981 ἠθέλησαν
1237 3910 1565 3969 ὑπακοῦσαι.

492 4207 513 4234 1
549 4178 725 4235 Αὑτοῦ
756 4177 1075 4233 ἀκούσεσθε.
1101 4171 1268 4242 Οὗτός
1291 4178 1438 4231 ἐστιν
1466 4178 1494 4232 6
1525 4179 1818 4247 γενόμενος
1843 4178 1899 4231 ὲν
1924 4181 1988 4251 τῇ

424 4292 444 4323 1
478 4270 748 4341 ἐκκλησίᾳ
788 4272 847 4323 ἐν
878 4272 941 4341 τῇ
992 4271 1183 4341 ἐρήμῳ
1226 4267 1363 4340 μετὰ
1393 4268 1486 4322 τοῦ
1514 4268 1749 4338 ἀγγέλου
1778 4269 1874 4323 τοῦ
1903 4270 1998 4323 λα-

426 4383 446 4415 1
479 4365 702 4426 λοῦντος
732 4362 880 4432 αὐτῷ
908 4365 965 4415 ὲν
985 4361 1063 4433 τῷ
1106 4363 1223 4432 ὄρει
1261 4363 1411 4433 Σινᾷ,
1454 4363 1551 4416 κα)⁵
1582 4363 1690 4415 τῶν
1740 4363 1997 4432 πατέρων

427 4478 446 4511 1
483 4461 661 4530 ήμῶν.
701 4461 797 4522 Ὃς
849 4458 1063 4525 ἐδέξατο
1093 4458 1253 4525 λόγον
1310 4457 1489 4522 ζῶντα
1526 4456 1711 4510 δοῦναι
1740 4457 1892 4526 ήμῖν.
1930 4451 1998 4529 ’ᾫ

429 4573 448 4604 1
476 4554 578 4607 οὐκ
608 4552 880 4623 ἠθέλησαν
908 4553 1139 4622 ὑπήκοοι
1184 4552 1439 4620 γενέσθαι
1465 4552 1513 4604 οἱ
1547 4552 1783 4623 πατέρες
1813 4553 1845 4620 ἡ
1856 4550 1995 4621 μῶν,

2078 719 2207 758 num
2242 721 2366 761 esse
2404 706 2646 763 ostendit
2688 724 2752 763 ac
2780 706 2970 763 Deum.
3005 706 3125 779 Ipse
3160 708 3304 764 enim
3341 716 3426 764 est
3458 711 3642 779 magni

2075 797 2293 853 consilii
2331 799 2572 870 Angelus
2620 815 2684 854 ac
2720 799 2814 855 Dei
2842 799 3033 855 Filius.
3059 799 3214 867 Quod
3251 817 3380 871 ergo
3413 803 3645 872 :i-nigma

2076 910 2171 964 per
2221 896 2648 950 calceamentum
2709 896 3090 964 signiﬁcatur?
3146 895 3382 952 Necesse
3428 907 3533 959 est,
3586 904 3647 949 ut

2077 986 2293 1042 dicatur
2321 987 2751 1043 calceamentum
2780 1004 2903 1044 esse
2935 989 3377 1043 inortilicationis
3426 989 3645 1058 signum

2078 1094 2143 1134 ac
2175 1078 2567 1150 corruptionis.
2593 1079 2755 1134 Certe
2782 1095 2944 1135 omne
2979 1081 3412 1136 calceamentum
3445 1079 3646 1134 mortui
3738 1086 3751 1092 '

2075 1170 2187 1241 jam
2237 1171 2491 1227 animalis
2544 1170 2817 1239 reliquum
2862 1180 2964 1225 est.
3006 1168 3236 1240 Oportet
3279 1170 3445 1241 igitur
3489 1183 3649 1223 men-

2080 1273 2187 1318 tem
2223 1278 2364 1326 cam,
2395 1278 2517 1333 qua:
2555 1263 2891 1318 conatur-ad
2932 1261 3148 1318 divinas
3185 1262 3484 1319 ascendere
3514 1275 3651 1314 con-

2082 1355 2501 1426 templationes,
2556 1354 2872 1425 Christique
2933 1355 3235 1426 intelligere
3290 1353 3649 1427 mysterium,

2081 1446 2229 1501 omni
2275 1456 2493 1503 mortua
2537 1462 2603 1504 ac
2650 1448 2860 1503 carnali
2913 1446 3052 1503 solvi
3090 1446 3499 1519 imaginatione.
3532 1442 3652 1498 Non

2081 1553 2211 1609 ergo
2242 1556 2338 1610 per
2367 1542 2542 1613 legem
2584 1541 2903 1609 cultumque
2935 1540 3350 1597 ministerialem
3387 1538 3456 1593 ad
3495 1537 3656 1593 Citri-

2080 1637 2224 1685 stum
2250 1641 2486 1701 possunt
2516 1631 2780 1686 accedere
2809 1629 3014 1698 (Moses
3037 1644 3275 1701 namque
3297 1627 3434 1699 legis
3464 1642 3654 1697 perso-

2085 1735 2209 1774 nam
2241 1720 2512 1792 gerebat),
2543 1721 2649 1778 nisi
2693 1720 3158 1791 inquinationem,
3200 1733 3323 1791 quae
3369 1734 3400 1775 a
3432 1725 3656 1791 peccato

2085 1819 2375 1867 contracta
2424 1820 2532 1879 est,
2563 1814 2906 1883 cultumque,
2952 1813 3043 1883 qui
3081 1812 3261 1868 adhuc
3288 1813 3346 1868 in
3382 1811 3570 1882 liguris
3604 1818 3658 1866 et

2087 1903 2298 1959 umbris
2340 1911 2446 1969 est,
2491 1914 2652 1960 antea
2688 1904 3014 1976 repulerint.
3059 1902 3118 1958 Si
3162 1913 3343 1959 autem
3396 1901 3659 1974 praedicto

2085 1994 2458 2050 calceamento
2503 1996 2714 2053 absolvi
2771 1998 2964 2058 velint,
3015 2003 3153 2051 tunc
3212 1994 3660 2067 appropinquant

2086 2083 2330 2150 Christo,
2359 2086 2566 2142 cultum
2592 2087 2687 2159 qui
2724 2088 2777 2142 in
2819 2086 3027 2158 Spiritu
3057 2094 3111 2143 et
3133 2087 3362 2143 veritate
3385 2092 3471 2141 est
3499 2099 3656 2140 com-

2087 2175 2410 2246 probantes.
3518 2194 3541 2223 ι

2159 2267 2277 2339 Vll,
2314 2269 2404 2324 '57.
2452 2287 2471 2321 1
2514 2267 2615 2325 Hic
2642 2275 2728 2325 est
2771 2268 2971 2335 Moses,
3005 2269 3096 2339 qui
3123 2268 3263 2324 dixit
3294 2269 3421 2325 liliis
3449 2269 3612 2324 Israel
3640 2289 3655 2323 :

2095 2379 2116 2413 1
2159 2361 2495 2432 Prophetatn
2520 2361 2814 2418 suscitahit
2834 2361 2996 2418 vobis
3013 2360 3283 2417 Dominus
3311 2360 3454 2417 Deus
3480 2369 3661 2418 vester

2094 2469 2113 2504 1
2154 2449 2223 2507 de
2253 2450 2522 2507 fratribus
2556 2450 2780 2515 vestris,
2816 2449 3051 2504 similem
3085 2448 3213 2505 mei.
3257 2466 3277 2501 ι

2157 2543 2274 2600 Hoc
2322 2543 2609 2614 subiunxit
2658 2544 2853 2598 beatus
2911 2539 3225 2611 Stephanus
3280 2538 3535 2595 indicans
3579 2538 3663 2595 eis

2086 2636 2231 2708 quod
2273 2634 2331 2690 in
2388 2635 2614 2690 Christo
2661 2641 2949 2705 peractum
3012 2642 3130 2688 erat
3184 2632 3546 2702 mysterium,
3596 2645 3662 2686 ac

2086 2726 2384 2784 ostendens
2401 2726 2547 2797 quod
2574 2725 2754 2781 Moses
2778 2739 2998 2795 quoque
3027 2724 3095 2780 de
3119 2725 3240 2793 ipso
3264 2724 3482 2778 locutus
3513 2730 3661 2779 esset

2089 2819 2219 2875 illis.
2252 2816 2497 2873 Rursum
2541 2817 2687 2872 enim
2722 2815 2830 2887 7o
2862 2815 3004 2870 Deus
3025 2829 3088 2868 ac
3126 2812 3285 2868 Pater
3320 2824 3414 2883 per
3442 2812 3664 2882 sapien-

2089 2904 2359 2962 tissimum
2388 2903 2574 2959 Mosen
2600 2905 2809 2974 proprii
2841 2902 2967 2958 Filii
2998 2903 3431 2959 incarnationem
3464 2901 3662 2972 praedi.

2088 2997 2204 3060 cit,
2255 3002 2315 3049 nt
2361 2995 2455 3065 qui
2506 2995 2642 3050 alter
2691 2993 2972 3064 legislator
3007 2992 3076 3048 ad
3137 3007 3238 3049 nos
3287 2992 3664 3064 designandus

2089 3098 2232 3144 esset
2267 3106 2284 3144 :
2314 3089 2408 3158 qui
2449 3088 2674 3158 quidem
2712 3087 2992 3142 veteribus
3023 3100 3246 3157 quoque
3288 3101 3387 3156 per
3439 3088 3664 3156 angelos

2091 3181 2261 3252 legem
2291 3181 2510 3236 locutus
2539 3189 2687 3236 esset
2712 3197 2726 3233 ι
2762 3180 3081 3234 novissimis
3105 3190 3287 3235 autem
3319 3178 3664 3249 temporibus

2090 3272 2283 3326 auctor
2317 3271 2433 3342 ipse
2470 3271 2536 3325 ad
2581 3286 2682 3327 nos
2727 3271 3068 3340 designatus,
3100 3270 3195 3340 qui
3244 3282 3443 3325 novum
3493 3278 3665 3324 testa-

2095 3372 2345 3419 mentum
2402 3372 2666 3434 tanquam
2719 3363 2949 3433 angelus
2980 3365 3097 3434 ipse
3151 3364 3430 3429 sanciret,
3484 3363 3666 3433 magni
3766 3364 3769 3365 ⁷

2089 3456 2308 3513 consilii
2341 3455 2520 3512 Patris
2567 3457 2797 3528 angelus
2849 3456 2966 3511 sive
3016 3457 3248 3513 nuntius
3290 3465 3390 3512 :et
3429 3455 3531 3510 hoc
3570 3471 3670 3525 per

2090 3548 2142 3605 id
2170 3549 2535 3620 signiﬁcatum
2576 3557 2658 3604 est
2685 3549 2833 3619 quod
2868 3547 3099 3613 dicitur,
3153 3567 3171 3599 1
3206 3547 3450 3604 Similem
3480 3547 3606 3610 mei,
3644 3568 3662 3598 ο

2092 3642 2196 3696 hoc
2260 3648 2346 3697 est
2396 3640 2783 3711 legislaturem.
2851 3637 3025 3694 Vocat
3085 3649 3266 3694 autem
3346 3638 3666 3709 prophetam

2095 3734 2384 3791 Dominum
2464 3734 2853 3804 prophetarum
2919 3740 3144 3803 propter
3211 3732 3664 3786 humanitatem:

2098 3843 2116 3875 1
2152 3824 2382 3880 similem
2441 3825 2582 3887 mei,
2631 3842 2650 3875 ι
2701 3832 3073 3893 contemptum
3118 3823 3188 3876 ab
3234 3822 3320 3876 his
3376 3836 3407 3876 ο
3467 3820 3669 3890 quibus

2093 3916 2286 3972 debuit
2320 3917 2601 3971 honorari.
2634 3913 2875 3986 Uterque
2917 3917 3090 3986 legem
3131 3913 3302 3980 dedit,
3339 3914 3514 3985 signis
3546 3914 3666 3984 pri-
3718 3926 3729 3951 λη

2096 4025 2243 4065 mum
2289 4009 2450 4065 editis
2497 4007 2639 4064 :sed
2687 4023 2752 4063 ne
2804 4006 2884 4063 sic
2932 4008 3153 4078 quidem
3209 4006 3374 4066 alicui
3421 4006 3665 4077 ipsorum

2095 4104 2474 4171 obtemperare
2506 4101 2816 4155 voluerunt.

2169 4190 2281 4259 νη,
2310 4192 2496 4248 57-42.
2548 4211 2565 4245 1
2605 4191 2786 4263 ipsum
2836 4191 3089 4248 audietis.
3141 4191 3241 4246 Hic
3294 4200 3398 4250 est.
3428 4192 3520 4261 qui
3565 4190 3685 4245 fuit»

2103 4304 2123 4338 1
2162 4283 2217 4339 in
2248 4285 2681 4356 congregatione
2720 4284 2774 4338 in
2808 4284 3027 4340 deserto
3056 4284 3111 4338 in
3145 4292 3329 4339 monte
3363 4282 3516 4349 Sina,
3542 4296 3667 4337 cum

2103 4393 2121 4426 1
2167 4375 2356 4445 angelo
2387 4374 2435 4429 ei
2470 4375 2725 4444 loquente
2758 4374 2811 4428 in
2850 4386 3036 4430 monte
3065 4373 3217 4441 Sina,
3254 4380 3309 4429 et
3338 4388 3464 4428 cum
3504 4373 3646 4442 patr‘

2102 4489 2122 4522 1
2161 4471 2262 4525 bus
2310 4469 2561 4535 nostris,
2619 4469 2712 4539 qui
2771 4470 2984 4537 accepit
3037 4468 3260 4523 verbum
3306 4466 3493 4524 vivens
3542 4465 3689 4520 dare.

2109 4581 2127 4614 1
2170 4561 2368 4624 nobis,
2428 4562 2515 4614 cui
2582 4561 2879 4615 noluerunt
2941 4558 3258 4615 ohedientes
3307 4574 3430 4614 esse
3490 4564 3671 4628 patres

426 4664 447 4697 1
484 4644 602 4697 ἀλλ’
651 4643 939 4699 ἀπώσαντο
984 4646 1076 4697 καὶ
1103 4644 1454 4714 ἐστράφησαν
1484 4645 1551 4715 τῇ
1589 4643 1785 4715 καρδίᾳ
1817 4643 1992 4697 αὐτῶν

2111 4672 2130 4705 1
2170 4653 2389 4707 nostri:
2424 4652 2519 4706 sed
2571 4652 2888 4722 repulerunt
2938 4660 2993 4706 et
3040 4650 3294 4705 conversi
3338 4657 3467 4705 sunt
3506 4649 3673 4704 corde

384 4760 387 4763 ·
428 4756 447 4788 1
488 4737 571 4800 εἰς
601 4735 896 4805 Αἴγυπτον,
932 4736 1177 4799 εἰπόντες
1209 4736 1287 4806 τῷ
1328 4735 1563 4807 Ἃαρὼψ
1603 4736 1834 4806 Ποίησον
1870 4736 1999 4806 ήμῑν

431 4849 450 4881 ι
485 4828 681 4893 θεοὺς,
734 4827 786 4882 οἳ
843 4828 1310 4899 προπορεύσονται
1353 4828 1532 4898 ἡμῶν.
1576 4827 1632 4881 '0
1660 4827 1768 4899 γὰρ
1798 4828 1999 4899 Μωσῆς

431 4941 449 4970 1
487 4914 667 4985 οὗτος,
713 4920 773 4985 ὃς
800 4919 1065 4992 ἐξήγαγεν
1117 4921 1263 4991 ἡμᾶς
1317 4921 1383 4974 ἐκ
1419 4921 1523 4990 γῆς
1556 4921 1856 4988 Αἰγύπτου,
1902 4921 2002 4995 οὐκ

431 5035 451 5069 1
488 5016 717 5084 οἴδαμεν
768 5014 822 5069 τί
854 5015 1079 5084 γέγονεν
1130 5013 1298 5085 αὐτῷ.
1332 5014 1442 5067 Καὶ
1470 5013 1905 5085 ἐμοσχοποίησαν
1942 5015 2001 5067 ἐν

434 5128 453 5161 1
484 5111 609 5168 ταῖς
646 5107 882 5179 ἡμέραις
937 5107 1195 5171 ἐκείναις,
1251 5107 1342 5160 καὶ
1384 5107 1677 5174 ἀνήγαγον,
1711 5107 1901 5159 θυσίαν
1926 5105 2003 5175 τῷ

433 5219 453 5253 1
491 5199 721 5269 εἰδώλῳ,
741 5200 836 5252 καὶ
867 5199 1219 5267 εὐφραίνοντο
1243 5198 1300 5250 ἐν
1328 5199 1438 5260 τοῖς
1463 5196 1641 5266 ἔργοις
1667 5198 1775 5249 τῶν
1803 5197 2003 5267 χειρῶν

434 5311 453 5344 1
489 5291 694 5345 αὐτῶν.
733 5290 1002 5361 Ἔστρεψε
1027 5290 1083 5342 δέ
1113 5292 1141 5343 ὀ
1170 5289 1323 5352 Θεὸς,
1346 5290 1439 5342 καὶ
1462 5288 1776 5358 παρέδωκεν
1808 5288 2004 5350 αὐτοὺς

434 5403 454 5436 1
488 5383 776 5454 λατρεύειν
808 5386 874 5453 τῇ
909 5383 1135 5452 στρατιᾷ
1186 5380 1279 5435 τοῦ
1317 5380 1569 5450 ούρανοῦ,
1594 5378 1773 5442 καθὼς
1798 5379 2005 5450 γέγρα-

434 5496 456 5531 1
498 5493 633 5529 πται
671 5478 731 5528 ἐν
760 5474 925 5544 βίϐλῳ
977 5474 1086 5528 τῶν
1141 5472 1437 5546 προφητῶν
1467 5489 1482 5504 ο
1509 5473 1601 5543 Μὴ
1664 5474 1872 5543 σφάγια
1909 5473 2003 5526 καὶ

431 5587 456 5622 1
497 5568 691 5631 θυσίας
723 5566 1132 5637 προσηνέγκατέ
1164 5584 1255 5638 μοι
1285 5565 1379 5637 ἐτη
1424 5565 1832 5635 τεσσαράκοντα
1853 5567 1910 5618 ἐν
1936 5568 2002 5637 τῇ

434 5675 458 5712 1
492 5658 706 5729 ἐρήμῳ,
729 5653 877 5718 οἶκος
911 5655 1153 5725 Ἰσραήλς
1189 5674 1208 5707 ι
1388 5700 1391 5701 ν
1774 5666 1775 5669 ‘

497 5748 699 5801 Σκόπει
737 5746 819 5799 ὅτι
845 5745 1060 5818 πρῶτον
1087 5744 1284 5807 αὐτοὺς
1313 5743 1527 5811 είσάγει
1556 5742 1745 5805 θυσίας
1783 5743 2003 5811 ἀνενεγ-

430 5839 652 5905 κόντας,
683 5838 782 5892 καὶ
807 5836 929 5891 τότε
953 5839 1063 5900 τοῖς
1089 5834 1350 5897 εἰδώλοις.
1383 5835 1536 5888 Ἐπεὶ
1566 5835 1670 5905 πρὸ
1697 5834 1887 5888 τούτου
1914 5835 2005 5888 ού·-

430 5929 606 6001 δαμοῦ
628 5929 819 5993 θυσίας
843 5928 1035 6000 ὄνομα,
1084 5926 1221 5989 ἀλλά
1252 5926 1643 5999 προστάγματα
1670 5925 1870 5994 ζῶντα,
1908 5927 2001 5983 καὶ

2112 4764 2130 4797 1
2172 4761 2273 4801 suo
2308 4745 2362 4799 in
2392 4743 2713 4816 Egyptutn,
2742 4744 2988 4799 dicentes
3019 4742 3085 4797 ad
3116 4743 3298 4795 Aaron
3328 4755 3343 4795 :
3375 4739 3482 4795 Fac
3513 4739 3672 4795 nobis

2112 4853 2130 4886 1
2166 4835 2319 4900 deos,
2361 4834 2452 4904 qui
2493 4834 2803 4904 praecedant
2833 4847 2935 4888 nos
2985 4850 2998 4886 :
3034 4830 3215 4886 Moses
3256 4831 3402 4885 enim
3436 4830 3546 4897 hic,
3576 4830 3674 4899 qui

2111 4944 2129 4978 1
2168 4925 2357 4981 eduxit
2383 4938 2485 4979 nos
2527 4923 2595 4978 de
2623 4930 2772 4977 terra
2814 4919 3056 4992 Egypti,
3089 4921 3367 4977 nescimus
3414 4918 3546 4989 quid
3580 4933 3674 4973 ao-

2112 5035 2131 5068 1
2173 5015 2373 5070 ciderit
2389 5014 2462 5068 ei.
2498 5013 2562 5066 Et
2588 5012 2838 5067 fecerunt
2869 5011 3102 5065 vitulum
3147 5011 3205 5066 in
3235 5011 3430 5067 diebus
3461 5009 3591 5075 illis,
3618 5016 3675 5064 et

2111 5127 2129 5157 1
2173 5105 2495 5161 obtulerunt
2532 5102 2771 5157 hostiam
2816 5101 2997 5166 idolo,’
3032 5117 3095 5156 ac
3137 5101 3466 5161 laetabantur
3508 5116 3673 5172 super

2111 5216 2131 5249 1
2170 5196 2431 5267 Operibus
2475 5208 2737 5248 manuum
2771 5208 3022 5248 suarum.
3062 5193 3345 5249 Convertit
3397 5210 3455 5247 se
3494 5203 3673 5247 autem

2112 5309 2130 5341 1
2173 5287 2315 5342 Deus
2355 5293 2410 5341 et
2438 5285 2664 5340 tradidit
2688 5299 2807 5350 eos,
2853 5291 2916 5339 ut
2947 5282 3193 5338 colerent
3231 5282 3483 5338 militiam
3526 5283 3675 5351 cteli,

2110 5395 2130 5430 1
2172 5376 2317 5445 sicut
2347 5374 2621 5445 scriptum
2664 5381 2748 5430 est
2792 5373 2847 5427 in
2892 5373 3031 5426 libro
3060 5370 3452 5442 Proghetarutn
3483 5386 3497 5425 :
3526 5368 3676 5426 Nun-

2111 5489 2131 5523 1
2173 5444 2307 5539 quid
2346 5444 2601 5531 victimas
2623 5474 2678 5522 et
2722 5464 2937 5521 hostias
2974 5462 3253 5518 obtulistis
3280 5463 3414 5518 mihi
3441 5462 3679 5534 quadra-

2111 5580 2132 5613 1
2171 5562 2319 5634 ginta
2341 5560 2506 5617 annis
2531 5561 2588 5616 in
2617 5560 2858 5628 deserto,
2889 5557 3085 5613 domus
3110 5556 3323 5613 Israel?
3353 5575 3373 5608 ι

2175 5743 2477 5800 Considera
2527 5742 2671 5813 quod
2717 5741 2954 5809 primum
2999 5740 3211 5794 inducit
3253 5755 3352 5796 eos
3389 5727 3707 5796 olferentes'

2112 5834 2346 5898 hostias,
2377 5841 2432 5889 et
2475 5841 2604 5887 tunc
2650 5829 2798 5901 quod
2831 5844 2926 5884 eas
2968 5830 3130 5886 idolis
3169 5830 3509 5888 obtulerunt.
3541 5828 3679 5886 Nam

2111 5934 2274 5982 antea
2314 5938 2585 5995 nusquam
2619 5921 2898 5979 invenitur
2930 5919 3120 5985 θυσίας
3163 5937 3384 5989 nomen,
3421 5923 3513 5989 sed
3537 5937 3689 5993 iw
