4058 6576
488 448 591 518 14⁷1

1589 416 1989 513 recensuit
2027 449 2319 513 TRICCIE
2348 452 2691 515 EPISCOPI

3635 452 3735 516 1'48

485 576 643 641 cepta
697 572 856 623 erant
893 565 963 624 de
989 564 1134 624 vivis
1178 572 1238 621 et
1285 563 1651 623 rationalibus
1693 565 2044 621 animalibus.

2162 568 2315 636 λόγια
2338 569 2536 634 ζῶντα.
2563 570 2810 641 Παράγει
2840 570 2896 625 δι
2934 572 3030 643 τήν
3069 570 3374 643 μαρτυρίαν
3399 571 3494 641 οὐχ
3522 571 3731 637 ἁπλῶς,

485 660 885 716 Testimonium
938 667 1119 715 autem
1170 656 1383 714 inducit
1435 672 1542 712 non
1592 667 1908 728 utcumque,
1959 659 2055 716 sed

483 752 632 824 quod
671 752 926 808 ostendat
969 752 1183 807 nullam
1224 766 1349 808 esse
1400 750 1705 806 hostiarum
1752 754 2055 807 necessita-

485 856 632 909 tem,
686 845 742 899 in
790 859 856 899 eo
912 846 1052 913 quod
1109 843 1514 912 ait:Nunquid
1562 844 1812 898 victimas
1857 854 1910 897 et
1960 845 2058 899 ho-

484 938 641 1001 stias,
682 947 816 1001 etc.,
854 949 919 990 ac
946 935 992 990 si
1017 935 1164 990 dicat
1198 952 1213 989 :
1258 936 1447 991 Dicere
1495 950 1604 989 non
1640 936 1875 1006 potestis
1910 935 2057 1005 quod

484 1042 611 1084 cum
643 1029 753 1084 Deo
772 1028 1187 1094 sacrilicaretis,
1229 1029 1394 1085 etiam
1427 1028 1535 1084 illis
1575 1028 1911 1105 oil‘erebatis.
1960 1028 2054 1084 sed

484 1121 600 1176 illis
634 1122 869 1190 primum
905 1119 1256 1175 immolastis.
1315 1118 1381 1174 Et
1430 1119 1546 1175 haec
1587 1119 1808 1190 quidem
1862 1119 1917 1173 in
1963 1119 2058 1174 de-

484 1222 633 1267 serto
680 1212 769 1266 ubi
796 1211 1119 1284 longissima
1142 1211 1245 1267 fuit
1273 1227 1423 1266 mora
1456 1220 1658 1268 vestra.
1685 1210 1821 1266 Vide
1864 1220 2049 1266 autem

484 1302 751 1372 integram
776 1303 1125 1365 concionem,
1161 1316 1324 1372 quam
1357 1300 1576 1359 fortiter
1599 1312 1653 1357 et
1689 1301 1901 1377 absque
1928 1300 2058 1356 odio

482 1394 537 1448 in
594 1402 710 1449 tota
755 1393 974 1449 illorum
1024 1396 1380 1450 accusatione
1424 1403 1783 1465 perseveret,
1845 1401 2056 1450 tantum

481 1500 593 1541 non
616 1484 809 1541 dicens
840 1500 854 1537 :
889 1483 951 1539 Et
982 1486 1027 1540 si
1057 1486 1316 1557 templum
1347 1486 1581 1541 dixerim
1618 1485 2056 1553 dissolvendum,
2109 1497 2125 1511 '

480 1588 535 1634 et
562 1578 664 1649 71
703 1578 954 1634 instituta
992 1579 1310 1648 hostiasque
1351 1579 1719 1646 immutanda,
1765 1579 1901 1635 nihil
1931 1578 2055 1634 novi

481 1671 621 1727 dixi.
671 1670 855 1743 Moses
904 1671 1200 1741 siquidem,
1245 1672 1298 1727 in
1350 1688 1460 1743 quo
1506 1672 1795 1743 plurimum
1834 1672 2056 1743 gloriari

480 1762 772 1830 videmini,
808 1765 970 1825 annis
999 1766 1362 1837 quadraginta
1389 1783 1568 1835 neque
1599 1767 1808 1822 hostias
1834 1767 2055 1831 obtulit,

483 1869 665 1926 neque
717 1856 981 1927 templum
1028 1858 1227 1923 erexit,
1268 1859 1363 1913 sed
1420 1874 1598 1927 neque
1642 1857 1835 1922 David,
1884 1873 2059 1929 neque

473 1934 758 2016 quispiam
786 1946 1021 2005 aliorum
1065 1946 1120 2002 in
1152 1947 1333 2003 medio
1364 1948 1691 2019 positorum,
1730 1949 1899 2015 idque
1926 1964 2052 2006 cum

477 2034 590 2105 jam
618 2046 770 2093 sorte
797 2035 926 2093 data
966 2051 1031 2092 ac
1057 2037 1235 2094 divisa
1275 2040 1431 2095 vobis
1466 2055 1614 2095 esset
1661 2048 1830 2095 terra.
1861 2040 1969 2095 Sed
2001 2050 2055 2096 et

412 2184 421 2185 ,
479 2127 760 2197 prophetae
784 2139 1042 2200 tanquam
1066 2130 1134 2186 de
1158 2131 1324 2187 rebus
1359 2147 1467 2186 non
1497 2133 1854 2196 necessariis,
1879 2133 1954 2188 ita
1986 2132 2053 2189 de

481 2217 570 2275 his
602 2221 983 2291 pronuntiant.
1013 2220 1132 2288 Quo
1163 2230 1345 2278 autem
1376 2232 1537 2294 pacto
1566 2223 1753 2281 Mosen
1778 2239 1924 2281 nunc
1953 2240 2049 2281 vos

484 2309 677 2367 ulcisci
721 2311 949 2383 ﬁngitis,
992 2328 1155 2385 quem
1202 2315 1525 2385 repulerunt
1561 2323 1615 2371 et
1647 2324 1833 2386 patres
1875 2316 2049 2373 vestri

2156 662 2294 716 ἀλλά
2322 664 2496 716 καὶτὸ
2527 665 2600 735 μὴ
2632 662 2771 719 εἶναι
2794 664 2984 738 χρείαν
3022 665 3130 720 τῶν
3158 666 3360 720 θυσιῶν
3408 667 3640 729 δεικνὺς.
3674 668 3731 719 ἐν

2158 753 2236 824 τῷ
2266 754 2466 822 λέγειν,
2488 754 2579 824 Μὴ
2610 757 2835 823 σφάγια,
2870 758 2962 810 καὶ
2981 756 3129 826 ἑξῆς,
3160 758 3283 812 ἀντὶ
3313 758 3551 821 τοῦ,ούκ
3578 758 3733 826 ἔχετε

2159 845 2333 897 εἰπεῖν
2361 844 2443 896 ὅτι
2492 844 2600 897 ἀπὸ
2631 844 2726 898 τοῦ
2760 845 2909 899 θύειν
2959 846 3036 916 τῷ
3085 846 3202 918 Θεῷ
3226 846 3496 912 κάκείνοις
3522 847 3733 906 ἐθύετε,

2159 934 2274 989 ἀλλ’
2313 936 2545 998 ἐκείνοις
2588 938 2854 1007 πρότερον
2904 937 3156 1005 ἐθύσατε,
3209 940 3303 993 καὶ
3357 940 3552 1000 ταῦτα,
3589 940 3648 990 ἐν
3667 941 3732 1010 τῇ

2159 1030 2352 1099 ἐρήμῳ
2390 1028 2517 1082 ἔνθα
2563 1028 2717 1099 ὑμῶν
2756 1032 3137 1102 προειστήκειν
3170 1031 3427 1101 μάλιστα.
3501 1031 3639 1101 Ὀρα
3678 1030 3737 1082 δὲ

2162 1124 2341 1175 πᾶσαν
2366 1123 2466 1192 τὴν
2492 1121 2857 1192 δημηγορίαν,
2881 1123 2999 1187 πῶς
3030 1123 3265 1194 ἰσχυρῶς
3297 1124 3388 1177 καὶ
3417 1122 3737 1193 ἀνεπαχθῶς

2159 1212 2374 1266 ἵσταται
2403 1213 2539 1283 πρὸς
2569 1213 2699 1284 ὃλην
2730 1214 2911 1269 αὐτῶν
2938 1215 3035 1285 τήν
3061 1215 3421 1286 κατηγορίαν,
3458 1214 3739 1285 μονονουχὶ

2159 1304 2354 1373 λέγων,
2383 1305 2465 1359 ὃτι
2513 1304 2621 1359 Καὶ
2644 1300 2800 1359 εἷπον
2825 1305 2918 1359 τόν
2935 1323 2994 1359 τε
3024 1306 3150 1360 ναὸν
3172 1305 3529 1377 λυθήσεσθαι,
3553 1306 3648 1358 καὶ
3671 1305 3740 1358 τὰ

2159 1394 2255 1465 ἔθη
2309 1395 2405 1448 καὶ
2433 1396 2532 1458 τὰς
2566 1395 2755 1460 Θυσίας
2799 1394 3231 1465 ἀλλαγήσεσθαι,
3262 1395 3413 1449 οὐδέν
3438 1398 3556 1465 εἰμι
3589 1394 3740 1460 ξένον

2159 1485 2418 1559 εἰρηκώς.
2460 1487 2667 1555 Μωσῆς
2709 1487 2838 1559 γὰρ,
2871 1489 2957 1558 ἐφ’
3014 1481 3059 1558 ᾧ
3090 1489 3231 1559 μέγα
3269 1491 3484 1558 φρονεῖν
3509 1487 3738 1549 δοκεῖτε.

2159 1577 2253 1649 ἔτη
2282 1577 2687 1647 τεσσαράκοντα
2743 1577 2866 1631 οὔτε
2926 1578 3120 1640 Θυσίας
3170 1579 3571 1650 προσήνεγκεν,
3613 1575 3740 1630 οὔτε

2159 1670 2285 1724 ναὸν
2316 1669 2633 1739 ἀνέστησεν.
2670 1669 2806 1723 Ἀλλ’
2839 1669 2959 1723 ούδὲ
2996 1669 3177 1735 Δαυῖδ,
3206 1669 3327 1723 ούδέ
3361 1686 3445 1733 τις
3478 1667 3654 1722 ἄλλων
3682 1668 3741 1719 έν

2158 1764 2236 1833 τῷ
2269 1764 2441 1835 μέσῳ,
2463 1763 2639 1818 καίτοι
2663 1764 3308 1838 κατακληροδοτουμένης
3335 1763 3465 1832 ὑμῖν
3493 1763 3590 1829 τῆς
3612 1760 3739 1830 γῆς.

2173 1854 2333 1910 Ἀλλά
2370 1856 2464 1910 καὶ
2494 1856 2541 1908 οἱ
2573 1854 2852 1926 προφῆται
2885 1853 2960 1917 ὡς
2993 1853 3067 1924 μή
3097 1852 3226 1906 ὅντα
3255 1852 3530 1918 ἀναγκαία
3567 1848 3743 1901 ταῦτα

2160 1947 2302 2000 οῦτω
2326 1947 2454 2018 περλ⁵
2493 1946 2673 2001 αὐτῶν
2703 1944 3111 2015 ἀποφαίνονται.
3145 1943 3351 2012 Μωσῆν
3388 1942 3445 1995 δὲ
3486 1941 3583 1993 νῦν
3627 1939 3744 2002 πῶς

2163 2039 2567 2110 σχηματίζεσθε
2588 2037 2898 2103 διεκδικείν,
2922 2037 2980 2090 ὃν
3004 2036 3295 2091 ἀπώσαντο
3320 2038 3417 2088 καὶ
3440 2036 3488 2088 οἱ
3508 2032 3745 2101 πατέρες

2162 2131 2316 2202 ὑμῶν
2368 2132 2463 2186 καὶ
2499 2132 2692 2199 ύμεϊς;
2753 2129 2848 2183 καὶ
2892 2128 3076 2191 ἁπλῶς
3107 2127 3193 2180 διὰ
3226 2129 3403 2195 πάσης
3428 2125 3581 2178 ἔστιν
3616 2121 3744 2174 ἰδεῖν

2157 2224 2258 2293 τῆς
2280 2225 2343 2295 δη
2354 2223 2643 2294 μηγορξας,
2669 2222 2852 2289 σοφῶς
2889 2238 2944 2274 τε
2975 2220 3092 2291 ἅμα
3122 2220 3217 2273 καὶ
3233 2216 3489 2281 ἐπιεικῶς
3509 2216 3604 2270 καὶ
3629 2213 3747 2286 δρι-

2164 2316 2311 2386 μέως
2338 2314 2438 2385 τὴν
2463 2312 2799 2385 κατηγορίαν
2828 2311 3008 2366 αὐτῶν
3044 2310 3425 2380 διαλυομένην.
3502 2314 3509 2321 ’

480 2401 693 2456 etvos?
742 2401 919 2473 thue
969 2419 1078 2463 uno
1133 2405 1300 2462 verbo
1356 2405 1574 2473 dicam,
1614 2414 1731 2469 tota
1779 2409 2052 2465 concione
2091 2406 2280 2464 videre
2361 2416 2446 2463 est
2495 2421 2659 2477 quam
2706 2403 2984 2476 sapienter
3027 2402 3192 2460 simul
3278 2409 3334 2459 et
3385 2398 3634 2455 modeste
3688 2403 3745 2451 et

481 2508 643 2554 acute
680 2498 902 2563 illorum
926 2502 1212 2559 accusatio
1239 2501 1595 2562 dissolvatur.

490 2586 532 2618 ‘
557 2587 666 2654 Vll,
700 2590 792 2645 43.
839 2610 859 2644 ι
901 2592 967 2647 Et
990 2594 1318 2665 suscepistis
1360 2595 1780 2652 tabernaculum
1816 2596 2053 2664 Moloch,

487 2700 504 2731 ι
545 2689 600 2738 et
622 2681 779 2740 sidus
812 2681 910 2739 Dei
934 2685 1103 2742 vestri
1128 2685 1475 2759 Bephpham,
1518 2688 1725 2758 ﬁguras
1756 2702 1895 2760 quas
1923 2688 2056 2746 feci-

486 2790 511 2823 s
553 2772 679 2838 stis,
728 2781 787 2831 ut
822 2774 1129 2835 adoraretis
1162 2793 1277 2835 eas.
1311 2779 1377 2834 Et
1416 2778 1748 2836 transferam
1775 2796 1873 2837 vos
1905 2792 2058 2840 trans

486 2882 509 2915 ε
547 2863 907 2936 Babylonem.
951 2886 971 2921 ι

552 2959 798 3028 Molocb,
840 2962 959 3018 sive
1000 2961 1272 3019 Molchom
1303 2965 1530 3022 dicitur.
1575 2968 1707 3025 Erat
1743 2979 1928 3025 autem
1956 2970 2059 3025 hoc

486 3049 850 3110 simulacrum
883 3051 1272 3122 Moabitarum,
1291 3057 1503 3116 habens
1529 3061 1763 3132 lapidem
1805 3071 2060 3133 transpa-

485 3150 691 3198 rentem
727 3157 794 3199 ac
835 3145 1134 3229 pretiosum
1201 3147 1259 3203 in
1307 3149 1531 3206 modum
1572 3152 1785 3209 lucifcri
1814 3164 2056 3210 extrema

2241 2617 2258 2650 ι
2296 2597 2407 2651 Καὶ
2430 2596 2724 2651 ἀνελάϐετε
2750 2595 2851 2667 την
2895 2594 3102 2664 σκηνὴν
3138 2590 3231 2645 τοῦ
3273 2588 3487 2658 Μολὸχ,
3542 2584 3638 2640 καὶ
3678 2583 3744 2637 τὸ

2168 2708 2189 2743 ι
2226 2689 2427 2760 ἄστρον
2454 2688 2548 2743 τοῦ
2580 2687 2718 2742 Θεοῦ
2764 2685 2920 2757 ὑμῶν
2951 2684 3213 2755 Ῥεφφάν,
3248 2682 3372 2744 τοὺς
3415 2678 3619 2739 τύπους
3647 2673 3746 2738 οὓς

2172 2800 2191 2833 ι
2228 2782 2545 2852 ἑποιήσατε,
2571 2781 2900 2851 προσκυνεῖν
2928 2777 3133 2841 αὐτοῖς.
3170 2775 3281 2829 Ka‘t
3308 2768 3567 2844 μετοικιῶ
3596 2769 3747 2837 ὑμᾶς

2171 2892 2190 2925 ι
2230 2874 2483 2926 ἐπέκεινα
2516 2871 2860 2933 Βαϐυλῶνος.
2901 2888 2920 2920 ι

2232 2964 2436 3035 Μολὸχ,
2463 2965 2583 3035 ήτοι
2605 2963 2851 3034 Μολχόμ.
2881 2962 3112 3016 Εἴδωλον
3144 2959 3201 3015 δὲ
3228 2958 3385 3013 τοῦτο
3409 2953 3744 3017 Μωαϐιτῶν,

2159 3044 2306 3110 λίθόν
2344 3055 2465 3126 ἕχον
2497 3054 2731 3125 διαφανῆ
2781 3053 2877 3106 καὶ
2909 3051 3187 3121 ἐξαίρετον
3212 3050 3292 3112 είς
3334 3047 3615 3117 ἑωσφόρον
3645 3044 3746 3098 τύ-

2159 3165 2261 3204 πον
2323 3148 2417 3201 ἐπὶ
2473 3145 2730 3217 μετώπου
2778 3146 2969 3217 ἄκρου.
3024 3142 3266 3213 Ῥεφιράν
3312 3141 3369 3194 δέ
3420 3140 3571 3192 ἐστιν
3601 3135 3745 3201 cibo;

478 3232 685 3289 frontis
711 3242 886 3304 parte.
918 3234 1236 3308 Rephpham
1270 3253 1402 3295 vero
1425 3242 1642 3311 species
1679 3253 1763 3298 est
1783 3243 2048 3299 tenebra-

2162 3238 2495 3310 σκοτασμοῦ.
2542 3238 2887 3302 Ἀνελθόντος
2945 3237 3054 3307 γὰρ
3088 3236 3168 3297 εἰς
3196 3233 3258 3286 τὸ
3296 3233 3422 3303 ὅρος
3468 3230 3741 3291 Μωσέως,

486 3339 634 3379 rum.
695 3322 830 3379 Nam
900 3340 1025 3382 cum
1075 3326 1419 3385 ascendisset
1464 3329 1645 3387 Moses
1687 3332 1743 3387 in
1787 3339 2055 3397 montem,

491 3414 869 3473 conﬂaverunt
908 3417 1142 3474 vitulum
1185 3429 1240 3475 et
1281 3421 1555 3490 provoluti
1602 3431 1731 3479 sunt
1770 3423 1836 3477 ad
1877 3422 2060 3478 cultus

489 3516 789 3573 astrorum,
820 3509 1078 3580 factoque
1116 3514 1477 3569 tabernaculo
1524 3523 1838 3571 statuerunt
1885 3517 2059 3571 simu-

486 3600 726 3667 lacrum,
758 3599 905 3672 quod
930 3602 1273 3672 appellarunt
1305 3603 1538 3662 Moloch.
1577 3607 1674 3661 Est
1715 3615 1898 3662 autem
1941 3607 2057 3662 Mo-

488 3692 639 3754 loch.
679 3693 725 3751 si
765 3691 891 3762 quis
938 3692 1348 3765 interpretetur,
1393 3711 1492 3752 rex
1533 3712 1748 3763 eorum,
1793 3696 2054 3768 Bephpha

486 3798 617 3840 vero
658 3782 915 3846 tenebrae,
963 3792 1057 3839 aut
1106 3785 1424 3842 excaecatio.
1477 3786 1819 3857 Suscepistis
1869 3788 2058 3857 itaque

486 3873 896 3931 tabernaculum
949 3873 1184 3942 Moloch,
1228 3875 1330 3935 hoc
1377 3884 1462 3933 est
1508 3878 1653 3948 regis
1688 3878 1895 3945 vestri;
1935 3878 2059 3949 quis

485 3973 671 4022 autem
696 3966 785 4027 ille
810 3966 1172 4043 estiAstrum
1204 3967 1301 4025 Dei
1329 3970 1494 4026 vestri
1537 3970 1880 4041 Rephpham.
1910 3970 2055 4040 quod

446 4057 655 4112 'etiam
713 4056 815 4113 fuit
860 4059 1016 4115 vobis
1060 4057 1127 4114 ad
1184 4061 1632 4116 excaecatiouem.
1689 4060 2058 4116 Obtenebrata

488 4153 783 4209 suntenim
813 4154 980 4209 corda
1017 4163 1217 4210 vestra.
1254 4153 1525 4219 Quoniam
1556 4162 1738 4209 autem
1790 4152 2060 4209 Moabitao

485 4260 609 4299 rum
657 4244 931 4301 insaniam
983 4246 1336 4315 explevistis,
1405 4259 1528 4313 quae
1585 4243 1837 4300 Damasci
1882 4244 2058 4300 vicina

486 4337 638 4405 regio
674 4344 799 4401 est,
857 4346 1150 4407 propterea
1198 4335 1614 4407 proﬁciscimini
1663 4342 1815 4391 trans
1863 4335 2060 4407 Dama-

486 4443 664 4494 scum,
700 4430 807 4484 hoc
850 4436 954 4492 est,
1002 4429 1057 4483 in
1109 4427 1472 4498 Babylonem.
1523 4427 1588 4481 Et
1624 4427 1751 4483 licet
1796 4428 2057 4497 prepheta

487 4519 731 4586 dixerit,
795 4517 1029 4575 «Trans
1085 4518 1412 4575 Damascum
1451 4538 1469 4571 ι
1541 4521 1700 4589 (nam
1762 4519 1837 4573 ita
1898 4519 2059 4574 habet

2175 3331 2680 3403 μεμοσχοποιήκασί
2743 3345 2803 3382 τε
2865 3328 2960 3382 καὶ
3012 3329 3133 3389 ταῖς
3172 3325 3281 3379 τῶν
3313 3325 3528 3395 ἄστρων
3570 3337 3746 3391 προσ-

2163 3424 2525 3493 εκυλίσθησαν
2547 3421 2850 3493 λατρείαις,
2883 3424 2977 3474 καὶ
3017 3417 3547 3488 σκηνοποιησάμενοι
3580 3414 3745 3483 έστη-

2164 3533 2264 3571 σαν
2292 3517 2529 3579 είδωλον,
2565 3514 2595 3569 ὃ
2617 3514 2922 3585 κεκλήκασι
2949 3513 3146 3581 Μολόχ.
3187 3508 3583 3582 Ἐρμηνεύεται
3601 3506 3658 3560 δὲ
3679 3505 3746 3557 τδ

2167 3609 2265 3678 μὲν
2296 3607 2498 3677 Μολὺχ,
2537 3606 2789 3678 βασιλεὺς
2819 3588 3022 3672 αὐτῶν,
3077 3603 3283 3673 Ῥεφφα
3316 3603 3373 3656 δὲ
3404 3598 3739 3667 σκοτασμδς,

2162 3700 2514 3770 ἢτύφλωσις.
2559 3699 2877 3753 Ἀνελάϐετε
2912 3698 3092 3751 τοίνυν
3127 3698 3225 3766 τὴν
3258 3693 3463 3764 σκηνὴν
3490 3692 3587 3746 τοῦ
3625 3691 3745 3745 Μο-

2169 3793 2286 3863 λὸχ,
2318 3792 2562 3846 τουτέστι
2591 3794 2686 3846 τοῦ
2715 3790 2976 3863 βασιλέως
3004 3789 3177 3861 ὑμῶν.
3228 3787 3325 3850 Τίς
3349 3786 3405 3839 δὲ
3438 3778 3628 3849 οὗτος
3665 3782 3747 3836 Τὸ

2163 3887 2360 3958 ἄστρον
2381 3885 2474 3939 τοῦ
2497 3885 2632 3939 Θεοῦ
2665 3884 2821 3955 ὑμῶν
2862 3885 3093 3953 Ῥεφιρά,
3130 3883 3159 3937 δ
3204 3882 3298 3935 καὶ
3349 3881 3575 3949 γέγονεν
3609 3878 3743 3947 ὑμῖν

2163 3980 2243 4044 είς
2289 3978 2586 4047 τύφλωσιν.
2624 3970 3050 4045 Ἐσκοτίσθησαν
3081 3974 3189 4046 γὰρ
3230 3974 3286 4028 αἱ
3308 3971 3527 4044 καρδίαι
3553 3969 3739 4039 ὑμῶν.

2175 4071 2391 4140 Ἐπειδὴ
2420 4071 2476 4122 δὲ
2499 4069 2596 4141 τὴν
2615 4069 2725 4123 τῶν
2748 4068 3055 4123 Μωαϐιτῶν
3084 4066 3283 4137 μανίαν
3309 4062 3741 4134 πεπληρώκατε,

2160 4162 2278 4231 ἥτις
2310 4160 2430 4214 ἐστὶ
2478 4161 2674 4228 γείτων
2729 4158 3045 4229 Δαμασκοῦ,
3100 4157 3187 4212 διὰ
3238 4156 3394 4211 τοῦτο
3432 4154 3740 4225 πορεύεσθε

2162 4250 2456 4320 Δαμασκοῦ
2477 4251 2753 4313 ἐπέκεινα,
2781 4234 3077 4312 τουτέστιν,
3112 4248 3193 4312 είς
3222 4244 3539 4301 Βαϐυλῶνα.
3578 4245 3643 4297 Εἰ
3681 4243 3740 4297 δὲ

2161 4342 2254 4397 καὶ
2284 4344 2576 4414 ὁπροήτης
2623 4361 2640 4393 ι
2681 4341 2935 4393 ἐπέκεινα
2952 4339 3273 4409 Δαμασκοῦ»
3302 4339 3513 4408 εἰρήκει
3567 4335 3740 4407 (οὕτω

2160 4433 2269 4504 γὰρ
2292 4434 2324 4503 ή
2353 4433 2460 4486 τῶν
2488 4431 2891 4502 Ἐϐδομήκοντα
2917 4429 3124 4490 ἔκδυσις
3154 4429 3312 4501 ἔχει),
3353 4427 3469 4482 ἀλλ’
3492 4429 3522 4481 ὁ
3555 4428 3741 4497 μακά-

2164 4540 2277 4594 ριος
2303 4521 2570 4590 Στέφανος
2592 4541 2609 4573 ι
2636 4522 2890 4574 ἐπέκεινα
2916 4518 3229 4581 Βαϐυλῶνος
3255 4517 3471 4589 ιφησὶν,
3489 4516 3721 4571 ἀκολου-

485 4608 775 4665 translatio
805 4605 1231 4677 Septuaginta),
1288 4606 1480 4661 beatus
1528 4615 1707 4661 tamen
1745 4604 2057 4674 Stephanus

2165 4591 2336 4685 θήσας
2366 4615 2433 4685 τῇ
2477 4613 2744 4682 Ἐϐραίων
2795 4612 3022 4667 ἐκδόσει.
3059 4613 3129 4664 Ἦ
3170 4612 3252 4664 ὅτι
3285 4612 3463 4682 τέρμα
3498 4610 3601 4680 τῆς
3629 4611 3741 4662 Δα-

486 4705 591 4768 ait,
626 4720 644 4754 ι
685 4700 862 4757 Trans
893 4699 1249 4770 Babylonem,
1282 4718 1302 4751 ι
1348 4713 1584 4767 sequens
1604 4698 1900 4754 editionem
1951 4695 2059 4753 He-

485 4796 781 4857 hrteorum,
811 4792 897 4847 vel
924 4789 1070 4860 quod
1092 4789 1366 4845 terminus
1396 4785 1855 4843 Damascenorum
1886 4784 2057 4857 Syro-

485 4900 721 4956 rnmque
753 4883 1000 4954 regionis
1031 4883 1102 4938 sit
1127 4880 1395 4953 Babylon.

460 5000 463 5003 λ
515 4988 531 5012 ν
558 4975 670 5042 VII,
699 4976 887 5033 44-46.
932 4994 950 5029 ι
993 4973 1438 5031 Tabernaculum
1486 4973 1782 5029 testimonii
1814 4973 1915 5027 fuit
1958 4988 2056 5043 pa-

487 5087 510 5121 ι
554 5068 733 5125 tribus
759 5067 972 5124 nostris
1027 5068 1083 5121 in
1123 5065 1365 5129 deserto,
1398 5066 1542 5120 sicut
1574 5064 1924 5120 ordinaverat
1949 5064 2055 5119 illis

490 5181 512 5214 ι
555 5161 788 5231 loquens
837 5159 906 5214 ad
949 5158 1165 5224 Mosen,
1219 5164 1279 5212 ut
1328 5155 1530 5211 iaceret
1577 5156 1712 5211 illud
1760 5156 2054 5210 secundum

490 5270 513 5307 α
550 5249 783 5307 formam
834 5261 1001 5320 quam
1031 5246 1265 5303 viderat.
1308 5245 1465 5313 Quod
1508 5246 1674 5302 etiam
1724 5246 2057 5301 induxerunt

493 5360 516 5397 ι
553 5350 741 5415 patres
789 5340 991 5407 nostri,
1050 5340 1144 5411 qui
1193 5347 1585 5397 successerunt
1630 5353 1754 5395 cum
1808 5336 1940 5394 Jesn
1999 5339 2053 5393 in

489 5450 513 5486 ι
553 5432 963 5504 possessionem
1008 5431 1292 5501 gentium,
1353 5445 1492 5500 quas
1558 5428 1769 5500 expulit
1833 5427 1974 5483 Deus
2023 5442 2054 5481 a

447 5566 461 5580 .
491 5544 513 5579 ι
555 5524 694 5581 facie
721 5532 935 5596 patrum
978 5536 1318 5591 nostrorum,
1361 5539 1538 5594 usque
1562 5524 1628 5578 ad
1662 5522 1768 5593 72
1794 5521 1915 5575 dies
1946 5520 2054 5574 Da-

492 5639 513 5672 s
552 5618 664 5683 vid,
696 5617 789 5688 qui
820 5624 1016 5673 nactus
1051 5624 1134 5672 est
1162 5617 1394 5688 gratiam
1426 5630 1612 5670 coram
1644 5613 1779 5680 Deo,
1814 5623 1867 5668 et
1898 5612 2056 5684 petiit

493 5730 514 5763 ι
556 5718 617 5765 ut
638 5708 913 5765 inveniret
939 5707 1354 5763 tabernaculum
1388 5704 1497 5762 Deo
1523 5698 1714 5760 Jacob.
1754 5721 1775 5755 ι

556 5799 995 5859 Tabernaculum
1057 5799 1398 5862 testimonii,
1467 5798 1572 5852 hoc
1629 5806 1714 5851 est
1770 5794 2052 5864 iussorum

2164 4706 2458 4777 μασκηνῶν
2486 4704 2580 4759 καὶ
2615 4704 2803 4775 Σύρων
2826 4702 3012 4776 χώρας
3041 4703 3073 4775 ή
3096 4701 3354 4758 Βαϐυλὼν
3374 4703 3661 4773 τυγχάνει.

2237 4994 2255 5027 ι
2302 4970 2367 5028 Ἦ
2397 4971 2571 5044 σκηνὴ
2599 4970 2695 5025 τοῦ
2725 4969 3020 5041 μαρτυρίου
3048 4964 3116 5038 ἦν
3144 4970 3256 5031 τοῖς
3286 4967 3559 5039 πατράσιν
3575 4966 3739 5037 ήμῶν

2166 5088 2185 5122 ι
2223 5070 2279 5121 ὲν
2302 5070 2366 5139 τῇ
2403 5067 2616 5137 ἐρήμῳ,
2649 5062 2831 5125 καθὼς
2853 5062 3138 5125 διετάξατο
3159 5062 3186 5114 ὁ
3205 5061 3384 5114 λαλῶν
3422 5060 3500 5130 τῷ
3531 5062 3736 5131 Μωσῇ,

2166 5177 2185 5212 ι
2220 5161 2442 5229 ποιῆσαι
2474 5156 2643 5225 αὐτὴν
2698 5152 2841 5207 κατὰ
2875 5152 2964 5206 τὸν
3016 5152 3209 5217 τύπον,
3243 5151 3301 5204 ὂν
3331 5153 3589 5220 ἑωράκει.
3631 5152 3737 5203 Ἦν

2165 5268 2185 5303 ι
2221 5251 2316 5304 καὶ
2347 5250 2641 5317 εἰσήγαγον
2665 5245 3032 5312 διαδεξάμενοι
3060 5245 3108 5298 oi
3130 5243 3366 5313 πατέρες
3405 5243 3565 5312 ήμῶν
3591 5243 3736 5312 μετά

2164 5362 2183 5395 ι
2230 5342 2405 5412 Ἰησοῦ
2436 5344 2493 5395 ὲν
2521 5342 2585 5411 τῇ
2621 5339 2949 5409 κατασχέσει
2983 5338 3090 5391 τῶν
3131 5337 3322 5401 ἐθνῶν,
3357 5330 3432 5390 ὧν
3471 5336 3677 5402 ἓξωσεν
3704 5336 3735 5389 ὁ

2164 5456 2182 5489 ι
2219 5433 2351 5497 Θεὸς
2379 5433 2488 5487 ἀπὸ
2522 5430 2813 5503 προσώπου
2848 5431 2956 5483 τῶν
2997 5429 3247 5498 πατέρων
3278 5428 3457 5497 ήμῶν,
3484 5427 3593 5488 ἕως
3622 5427 3734 5482 τῶν

2165 5547 2183 5581 ι
2220 5525 2445 5598 ἡμερῶν
2500 5524 2696 5577 Δαυῖδ’
2741 5524 2801 5587 ὃς
2832 5517 2955 5593 εὗρε
2979 5522 3140 5592 χάριν
3184 5519 3415 5583 ἐνώπιον
3445 5519 3540 5572 τοῦ
3567 5519 3729 5573 Θεοῦ.

2165 5636 2183 5668 ι
2224 5618 2336 5670 Καὶ
2361 5616 2598 5687 ᾐτήσατο
2625 5614 2805 5685 εὑρεῖν
2837 5616 3101 5684 σκήνωμα
3134 5612 3214 5682 τῷ
3244 5610 3363 5681 Θεῷ
3403 5611 3625 5665 Ἰακώϐ.

2230 5789 2412 5860 Σκηνὴ
2438 5786 2532 5841 τοῦ
2565 5786 2889 5857 μαρτυρίου,
2935 5787 3182 5840 τουτέστι
3228 5786 3338 5838 τῶν
3366 5784 3731 5855 προσταγμά-

488 5894 607 5965 Dei,
655 5896 799 5968 quod
843 5894 1257 5952 tabernaculum
1303 5891 1438 5950 Mosi
1489 5893 1542 5949 in
1596 5900 1784 5946 monte
1830 5886 1960 5944 Sina
2019 5903 2048 5941 a

2162 5900 2266 5938 των
2292 5879 2385 5935 τοῦ
2406 5877 2563 5947 Θεοῦ,
2603 5879 2634 5948 ή
2668 5877 2724 5930 ὲν
2777 5875 2852 5947 τῷ
2900 5874 3015 5947 ὄρει
3045 5875 3173 5947 Σινᾷ
3207 5875 3282 5944 τῷ
3324 5874 3516 5928 Μωσεῖ
3547 5888 3730 5944 παρα-
