4058 6542
343 403 451 468 ἱ49

1311 401 1695 464 COMMENT.
1737 401 1818 461 IN
1859 403 2041 462 ACTA
2084 405 2664 468 APOSTOLORUM.

3485 412 3590 475 15D

339 515 621 586 δειχθεῖσα
649 513 754 568 ὑπὸ
791 513 949 574 Θεοῦ.
977 512 1193 580 ἐλέγετο
1228 513 1314 566 διὰ
1343 517 1402 568 τὸ
1443 515 1546 568 ύπὺ
1583 515 1717 568 Θεοῦ
1744 515 1912 568 διατεο

2043 515 2136 571 )eo
2175 517 2613 572 demonstratum
2650 525 2766 571 est.
2821 515 3116 587 Propterea
3162 526 3342 574 autem
3382 520 3594 576 dictum

341 607 542 676 τᾶχθαι
576 606 767 675 αὐτὴν,
797 607 883 658 ἵνα
910 605 1163 676 μάρτυρα
1192 606 1282 659 τὸν
1335 607 1467 660 Θεδν
1500 609 1716 677 ἔχωσιν,
1752 608 1834 660 δτι
1864 607 1920 657 ἐν

2043 619 2107 665 :st
2128 611 2307 679 ipsum
2340 626 2369 664 a
2394 611 2507 665 Deo
2536 609 2896 666 constitutum
2930 625 3073 678 esse,
3107 619 3164 666 ut
3198 611 3366 667 Deum
3396 621 3589 668 testem

341 700 424 770 τῷ
453 698 570 769 δρει
597 699 630 770 ή
658 699 953 768 ὑπογραφὴ
981 699 1181 769 ταύτης
1209 699 1421 767 γέγονε,
1447 699 1542 752 καὶ
1574 700 1734 762 αὐτὸς
1753 697 1923 769 αὐτὴν

2043 703 2308 769 laberent,
2331 703 2476 772 quod
2510 701 2632 770 ejus
2665 701 2965 757 delineatio
3001 703 3056 756 in
3109 714 3290 757 tnnntc
3328 706 3512 769 fur-rit,
3539 713 3594 758 et

341 791 631 857 διετάξατο
663 790 742 860 τῷ
766 792 976 845 Μωσεῖ.

430 903 450 934 ε
495 883 748 953 Σολομῶν
780 883 836 936 δὲ
873 882 1224 954 ᾠκοδόμησεν
1249 882 1398 953 αύτῷ
1440 877 1609 936 οἷκον.
1659 882 1796 936 Ἀλλ’
1829 883 1926 954 οὐχ

352 997 370 1026 ε
409 979 439 1029 ό
472 975 740 1046 ’Υψιστος
765 977 824 1030 ὲν
855 976 1252 1048 χειροποιήτοις
1284 977 1426 1038 ναοῖς
1453 977 1718 1041 κατοικεῖ,
1745 975 1926 1050 καθὼς

350 1091 370 1122 ι
409 1073 439 1124 ό
470 1071 758 1142 προφήτης
790 1071 960 1140 λέγει’
1005 1071 1064 1126 '0
1095 1071 1322 1142 οὐρανός
1354 1087 1445 1140 μοι
1481 1070 1689 1140 θρόνος,
1719 1070 1752 1139 ἡ
1781 1068 1836 1122 δὲ
1858 1069 1928 1140 γῆ

351 1183 370 1214 ε
414 1163 707 1218 ὑποπόδιον
739 1162 848 1218 τῶν
885 1165 1063 1218 ποδῶν
1104 1181 1228 1235 μου.
1263 1164 1420 1218 Ποῖον
1450 1157 1600 1216 οἷκον
1643 1160 1930 1229 οἰκοδομή-

353 1274 372 1304 ε
416 1255 540 1308 σετέ
569 1273 695 1324 μοις
727 1255 884 1326 λέγει
905 1256 1134 1328 Κύριος,
1163 1257 1196 1328 ἢ
1229 1258 1312 1321 τίς
1340 1256 1504 1318 τόπος
1530 1257 1630 1326 τῆς
1655 1253 1932 1308 καταπαύ⁴

353 1366 373 1395 s
424 1345 562 1410 σεώς
591 1364 696 1417 μου
717 1366 731 1414 ;
754 1348 924 1420 ούχὶή
951 1349 1070 1420 χείρ
1104 1366 1206 1419 μου
1229 1349 1456 1418 ἐποίησε
1475 1347 1650 1401 ταῦτα
1681 1346 1923 1410 πάντας»

426 1525 517 1596 Τῷ
542 1525 981 1594 τετρακοσιοστῷ
1002 1525 1422 1595 τεσσαρακοστῷ
1454 1525 1561 1578 ἔτει
1611 1525 1708 1593 τῆς
1751 1524 1930 1590 ἐξόδου

353 1616 468 1670 τῶν
513 1615 647 1668 υἱῶν
694 1615 907 1686 Ἰσραὴλ
943 1617 1001 1681 ἐξ
1050 1617 1350 1684 Αἰγύπτου,
1381 1615 1580 1686 ἤρξατο
1619 1616 1646 1667 ὁ
1682 1615 1933 1684 Σολομῶν

349 1707 659 1778 οἰκοδομεῖν
683 1709 740 1760 ἐν
783 1709 1142 1778 Ἰερουσαλὴμ
1172 1708 1256 1761 τοι
1291 1708 1436 1773 ναδν,
1470 1707 1542 1770 ὡς
1574 1708 1604 1776 ή
1627 1708 1784 1778 τρίτη
1825 1693 1934 1760 τῶν

347 1799 650 1852 Βισιὶειῶν
672 1797 911 1851 διδάσκει
941 1798 1142 1868 βίϐλος.
1177 1800 1274 1851 Διά
1303 1797 1460 1851 τοῦτο
1492 1797 1548 1850 δὲ
1587 1799 1725 1866 μετὰ
1747 1796 1935 1851 τοσοῦ-

348 1908 442 1943 τον
471 1891 664 1962 χρόνον
682 1891 780 1960 τῆς
799 1891 1056 1944 ἐπανόδου
1085 1892 1184 1961 τῆς
1207 1891 1300 1944 ἀπ’
1323 1889 1598 1957 Αἰγύπτου
1613 1889 1704 1942 τοῦ
1721 1889 1936 1961 Ἰσραὴλ
1972 1873 2010 1927 Β

344 1990 376 2040 ὁ
406 1987 534 2048 ναὸς
557 1985 904 2057 ᾠκοδομήθη.
943 1988 1030 2040 ἵνα
1064 1989 1129 2057 τῇ
1161 1987 1243 2051 είς
1298 1986 1368 2042 τὰ
1401 1987 1503 2058 ὅρη
1539 1985 1935 2059 περιπλανήσει

348 2079 775 2146 ἀποκαμόντες,
835 2077 926 2130 τὸν
960 2077 1058 2132 ἕνα
1099 2079 1266 2132 τόπον
1329 2079 1418 2132 τὸν
1451 2080 1512 2132 ἐν
1582 2079 1936 2151 Ἰερουσαλὴμ

347 2170 736 2239 ἀγαπήσωσιν,
760 2169 819 2222 δν
844 2171 872 2222 ὁ
905 2168 1036 2234 Θεὸς
1053 2171 1277 2240 εποίησε
1299 2171 1502 2241 τίμιον.
1531 2166 1692 2226 Οὗτοι
1718 2170 1776 2224 δὲ
1799 2171 1935 2241 βρα-

346 2259 462 2322 δεῖς
494 2257 648 2322 ὄντες
687 2261 768 2323 είς
821 2257 1059 2322 σύνεσιν,
1115 2261 1212 2312 καὶ
1251 2262 1358 2314 τῶν
1407 2262 1536 2331 περὶ
1591 2259 1728 2314 Θεοῦ
1764 2261 1937 2329 λόγων

347 2351 814 2420 ἀνεπιστήμονες,
869 2352 963 2404 καὶ
989 2352 1125 2406 Θεοῦ
1157 2353 1312 2406 πόλιν
1343 2353 1617 2424 οἰηθέντες
1674 2349 1938 2423 εἶναιτὴν

363 2443 751 2514 Ἰερουσαλὴμ,
786 2447 844 2499 ἐν
872 2447 1011 2516 αὐτῇ
1055 2446 1119 2516 δὴ
1152 2447 1246 2498 καὶ
1301 2446 1440 2517 μόνῃ
1473 2450 1751 2500 κατοικεῖν
1777 2447 1938 2502 αὑτὸν

351 2537 564 2604 ελεγον.
599 2537 819 2608 Σμικρά
846 2536 1134 2608 τοιγαροῦν
1159 2536 1484 2602 δοξάζοντας
1523 2538 1733 2608 ἐλέγχει
1756 2540 1783 2591 ὁ
1808 2540 1938 2604 Θεὸς

351 2629 448 2681 καῖ
469 2643 606 2698 φησι
625 2644 640 2658 ο
671 2630 829 2681 Ποῖον
857 2624 1004 2682 οἷκον
1029 2628 1417 2698 οἰκοδομήσετέ
1443 2645 1534 2699 μοι
1557 2630 1742 2698 θρόνον
1765 2630 1938 2700 ἔχοντι

352 2719 447 2772 τὸν
474 2720 726 2791 οὐρανὸν,
755 2721 852 2774 καὶ
889 2721 1176 2774 ὑποπόδιον
1201 2722 1301 2792 τὴν
1338 2723 1479 2791 γῆν;
1513 2721 1662 2776 Ἔδει
1683 2725 1791 2792 γὰρ
1829 2726 1941 2788 τοῖς

358 2809 721 2864 συνεστάλθαι
761 2817 858 2863 καὶ
889 2812 1258 2882 περιωρίσθαι
1295 2811 1482 2876 τόποις
1528 2812 1626 2883 τὴν
1651 2814 1816 2865 αὑτοῦ
1846 2813 1941 2882 φύ-

358 2919 444 2954 σιν
503 2902 831 2972 ὑπειληφόσι
881 2902 1192 2969 καταδεῖξαι
1229 2902 1439 2972 σαφῶς,
1493 2904 1577 2958 δτι
1601 2921 1662 2957 τε
1695 2906 1782 2972 εἴη
1814 2923 1941 2958 παν·

353 2992 552 3062 ταχοῦ,
582 2996 678 3046 καὶ
697 2996 867 3064 χωρεῖ
903 2994 1003 3064 μὲν
1035 2994 1200 3048 αὐτὸν
1257 2994 1432 3061 οὐδὲν,
1471 2996 1598 3067 ἦκει
1649 2995 1707 3050 δὲ
1740 2996 1940 3068 μᾶλλον

353 3084 446 3137 διὰ
467 3084 687 3138 πάντων
710 3085 892 3151 αὐτὸς,
920 3085 1012 3139 καὶ
1037 3085 1252 3157 πλήρης
1286 3087 1386 3158 μὲν
1415 3089 1444 3141 ό
1482 3087 1712 3157 οὐρανὸς
1743 3087 1938 3156 αὐτοῦ,

361 3177 539 3246 μεστὴ
575 3177 632 3230 δὲ
665 3180 696 3248 ἡ
737 3176 831 3247 rii-

440 3376 459 3406 ε
500 3357 982 3430 Σκληροτράχηλοι
1009 3357 1103 3411 καὶ
1120 3355 1491 3430 ἀπερίτμητοι
1530 3362 1596 3430 τῇ
1627 3359 1824 3432 καρδίᾳ
1849 3372 1947 3423 καὶ

369 3468 392 3501 ε
424 3452 537 3514 τοῖς
559 3450 716 3503 ὠσίν.
756 3468 775 3501 ›
1074 3520 1082 3528 1

436 3542 598 3604 Τίνος
649 3541 835 3596 ἕνεκεν
862 3544 1023 3614 μέχρι
1073 3545 1265 3598 τούτου
1298 3545 1492 3616 πράως
1522 3544 1943 3617 δημηγορήσας.

363 3635 602 3689 ἐνταῦθα
631 3636 879 3706 τραχέως
910 3637 988 3707 τῷ
1017 3637 1160 3707 λόγῳ
1184 3636 1483 3708 κέχρηται;
1516 3637 1637 3690 Ὀτι
1673 3635 1818 3707 ἑώρα
1853 3637 1948 3690 ac-

361 3731 490 3792 τοὺς
525 3729 602 3798 μὴ
631 3729 994 3800 προσέχοντας
1025 3730 1138 3793 τοῖς
1168 3729 1502 3801 λεγομένοις.

446 3935 466 3968 ι
512 3917 703 3985 Ὑμεῖς
733 3917 821 3970 ἀεὶ
846 3916 924 3985 τῷ
955 3917 1238 3986 Πνεύματι
1257 3914 1335 3986 τῷ
1360 3916 1504 3986 ἁγίῳ
1525 3914 1900 3968 ἀντιπίπτετε.
1925 3933 1941 3965 ι

439 4011 556 4064 Οὐκ
581 4006 725 4075 εἷπε,
758 4009 836 4081 τῷ
873 4009 991 4079 Θεῷ
1025 4009 1400 4072 ἀντιπίπτετε,
1449 4006 1607 4071 ἀλλὰ,
1639 4005 1716 4077 τῷ
1775 4005 1949 4060 Πνεύ-

373 4122 506 4173 ματι
537 4103 616 4173 τῷ
642 4103 804 4173 ἁγίῳ.
839 4100 1026 4164 Οὕτως
1051 4101 1308 4171 οὐδεμίαν
1352 4097 1461 4154 οἶδε
1500 4099 1788 4170 διαφορὰν,
1827 4099 1948 4152 ἐπεὶ

369 4197 465 4250 καὶ
491 4197 553 4248 τδ
577 4195 796 4265 Πνεῦμα
816 4194 968 4258 Θεὸς,
995 4194 1100 4247 κᾶν
1142 4192 1217 4265 μὴ
1239 4194 1370 4264 δοκῇ
1401 4195 1514 4256 τοῖς
1541 4192 1741 4254 ἀθέοις.
1763 4191 1949 4261 Ὑμεῖς

371 4291 550 4345 τοίνυν
598 4290 708 4354 ἀεὶ,
749 4289 932 4357 φησιν,
965 4287 1316 4341 ἀντιπίπτετε
1367 4285 1445 4355 τῷ
1485 4284 1622 4354 Θεῷ.
1662 4285 1790 4336 Ὅτε
1841 4283 1950 4354 γὰρ

371 4381 628 4434 ἐϐούλετο
657 4381 850 4442 Θυσίας
873 4375 1036 4444 εἶναι,
1059 4379 1160 4432 οὐκ
1197 4377 1384 4430 ἐθύετε
1424 4376 1595 4446 αὐτῷ,
1652 4377 1737 4429 ὅτε
1783 4375 1841 4429 δὲ
1887 4375 1946 4428 ού

373 4475 642 4545 βούλεται,
677 4474 856 4527 θύετε.
904 4472 1037 4525 Ὅτε
1067 4473 1313 4542 εἱστήκει
1343 4473 1371 4524 ὁ
1406 4471 1550 4534 ναὸς,
1589 4471 1783 4524 εἴδωλα
1831 4469 1948 4522 ἑθε-

2025 795 2142 865 ipse
2172 795 2303 848 illud
2334 792 2468 849 Mosi
2497 793 2887 864 descripserat.

2097 887 2213 952 VII,
2245 886 2432 942 47-50.
2479 905 2497 938 ι
2539 884 2800 942 Solomon
2851 895 3033 940 autem
3080 884 3368 940 aediﬁcavit
3411 888 3458 940 ei
3495 889 3594 942 do.

2039 1001 2058 1033 ε
2102 997 2272 1036 mum.
2307 979 2413 1034 Sed
2443 978 2870 1034 Excelsissimus
2911 978 3003 1033 ille
3036 993 3142 1031 non
3181 977 3233 1030 in
3257 975 3595 1034 manufactis

2033 1095 2052 1128 ι
2094 1073 2308 1144 templis
2359 1071 2590 1136 habitat,
2641 1070 3102 1141 quemadmodum
3158 1071 3235 1126 ait
3275 1069 3593 1140 Propheta:

2035 1185 2054 1218 ε
2094 1165 2306 1221 ϐωιυιη
2341 1163 2472 1219 mihi
2519 1161 2679 1220 sedes
2732 1171 2838 1226 est,
2887 1170 3032 1217 terra
3069 1171 3251 1218 autem
3300 1162 3600 1218 scabellutn

2035 1276 2053 1310 ι
2095 1255 2291 1327 pedum
2315 1269 2580 1312 meorum.
2613 1252 2784 1319 Quam
2808 1253 3032 1310 domum
3057 1253 3398 1311 aediﬁcabi-tis
3427 1254 3560 1308 mihi
3587 1291 3600 1314 ,

2035 1368 2055 1400 ε
2091 1349 2225 1404 dicit
2251 1347 2536 1413 Dominus,
2579 1355 2672 1400 aut
2715 1345 2842 1415 quis
2875 1344 3031 1399 locus
3071 1345 3432 1414 rcquietionis
3469 1359 3606 1402 mea

2039 1458 2056 1491 ε
2096 1438 2238 1494 erit?
2267 1453 2449 1492 nonne
2481 1451 2680 1492 manus
2711 1449 2832 1491 mea
2874 1434 3003 1489 fecit
3038 1435 3153 1490 haec
3178 1435 3405 1490 omnia?
3443 1451 3460 1487 ι

2101 1527 2657 1599 Quadringentesimo
2706 1528 3044 1596 octogesimo
3089 1540 3234 1582 anno
3273 1527 3605 1598 egressionis

2036 1620 2273 1676 ﬁliorum
2305 1618 2472 1674 Israel
2498 1633 2561 1672 ex
2592 1617 2830 1688 Egypto
2861 1617 3030 1686 cmpit
3057 1615 3318 1672 Solomon
3335 1616 3606 1674 aediﬁcare

2036 1714 2090 1769 in
2123 1711 2426 1768 Jerusalem
2477 1711 2762 1780 templum,
2820 1711 2986 1766 veluti
3028 1710 3188 1766 docet
3228 1709 3424 1766 tertius
3470 1710 3607 1766 liber

2035 1801 2331 1874 Regum".
2356 1801 2654 1872 Propterea
2687 1811 2867 1856 autem
2901 1810 3052 1857 tanto
3082 1810 3207 1872 post
3243 1809 3494 1872 tempore
3540 1802 3608 1857 ab

2037 1909 2270 1950 ascensu
2297 1892 2467 1947 Israel
2492 1906 2559 1947 ex
2592 1889 2830 1961 Egypto
2857 1890 3181 1946 aediﬁcatum
3211 1898 3297 1947 est
3323 1890 3606 1959 templum,

2039 1993 2100 2039 ut
2132 1990 2421 2055 postquam
2459 1983 2512 2038 in
2555 1983 2838 2037 montibus
2874 1981 3329 2038 circnmerrando
3363 1981 3609 2036 laboras-

2039 2083 2182 2141 sent,
2217 2092 2384 2130 unum
2421 2075 2626 2137 locum,
2655 2075 2750 2144 qni
2788 2084 2937 2130 esset
2968 2075 3023 2128 in
3051 2072 3381 2140 Jerusalem,
3409 2074 3609 2144 dilige-

2037 2176 2182 2231 rent,
2233 2181 2396 2236 quem
2448 2167 2590 2221 Deus
2641 2167 2698 2220 in
2740 2166 2948 2221 honore
2999 2167 3305 2222 habuisset.
3365 2165 3428 2220 Hi
3480 2181 3611 2220 vero

2039 2276 2162 2314 cum
2214 2259 2494 2314 intellectu
2555 2258 2696 2312 tardi
2754 2266 2978 2323 essent,
3038 2256 3242 2329 Deique
3293 2271 3608 2312 sermonum

2040 2351 2302 2423 imperiti,
2371 2351 2752 2406 existimantes
2815 2349 3120 2404 Jerusalem
3183 2349 3275 2404 Dei
3336 2349 3608 2404 civitatem

2039 2460 2184 2510 esse,
2235 2444 2291 2499 in
2331 2443 2448 2512 ipsa
2483 2441 2613 2496 'sola
2654 2440 2824 2496 Deum
2879 2441 3125 2496 habitare
3173 2440 3450 2496 dicebant.
3507 2437 3613 2493 Eos

2040 2539 2224 2609 itaque
2258 2536 2539 2593 convincit
2571 2534 2716 2590 Deus
2757 2535 2903 2604 quod
2935 2548 3200 2604 perparce
3241 2530 3613 2602 gloriﬁcarent

2040 2645 2186 2694 eum,
2242 2638 2296 2684 et
2346 2629 2422 2686 ait
2455 2646 2470 2685 :
2501 2625 2730 2693 Qualem
2779 2629 3002 2682 domum
3066 2625 3198 2680 mihi
3243 2625 3609 2687 atditirabitis,

2041 2723 2371 2794 quicmlum
2421 2721 2650 2776 habeam
2701 2722 2756 2775 in
2815 2721 3094 2783 thronum,
3151 2729 3352 2774 terram
3391 2733 3519 2772 vero
3557 2717 3614 2772 in

2041 2815 2344 2872 scabellum
2401 2811 2644 2886 pedum?
2688 2811 2826 2882 Ipsis
2867 2813 3012 2865 enim
3066 2811 3158 2880 qui
3202 2816 3452 2862 naturam
3494 2807 3613 2876 ejus

2041 2907 2472 2978 suspicabantur
2513 2913 2858 2960 contractam
2908 2917 3049 2967 esse,
3097 2901 3344 2970 locisque
3390 2899 3616 2953 conclu.

2041 3015 2160 3056 sam
2210 3006 2400 3070 aperte
2462 2996 2849 3052 demonstrare
2910 2993 3154 3063 oportuit
3205 2991 3352 3061 quod
3416 2989 3617 3058 ubique

2043 3102 2190 3148 esset
2221 3091 2470 3161 nihilque
2499 3089 2623 3158 ejus
2665 3101 2840 3157 capax
2896 3094 3066 3150 esset,
3103 3083 3238 3154 quin
3280 3081 3464 3153 potius
3500 3080 3618 3150 ipse

1971 3216 2014 3274 ο
2047 3199 2146 3254 per
2205 3197 2395 3236 omnes
2455 3179 2675 3240 transit,
2735 3193 2912 3246 eoque
2972 3177 3190 3246 plenum
3252 3183 3338 3231 est
3393 3173 3615 3235 coelum,

2052 3277 2209 3346 plena
2247 3283 2332 3330 est
2363 3285 2418 3328 et
2447 3282 2616 3328 terra.

2123 3365 2234 3432 VII,
2282 3366 2372 3422 5i.
2421 3383 2439 3428 ι
2488 3364 2616 3418 Duri
2665 3363 2880 3418 cervice
2929 3370 2982 3415 et
3032 3357 3405 3414 incircumcisi
3455 3356 3620 3411 corde

2057 3476 2075 3509 ι
2118 3457 2369 3511 auribus.
2412 3472 2433 3506 ι

2120 3551 2293 3618 Quam
2327 3551 2396 3605 ob
2425 3564 2669 3614 causam,
2713 3563 2838 3602 cum
2870 3547 3138 3602 hactenus
3185 3549 3467 3597 mansuete
3498 3554 3626 3595 cono

2050 3643 2306 3699 cionatus
2333 3649 2501 3704 esset,
2545 3655 2742 3711 aspero
2771 3655 2920 3695 nunc
2955 3638 3130 3693 utitur
3163 3633 3458 3691 sermone?
3483 3633 3624 3699 Quia

2052 3733 2268 3788 videbat
2315 3735 2436 3789 illos
2483 3733 2666 3786 animo
2722 3747 2829 3790 non
2877 3732 3168 3790 advertere
3212 3729 3298 3784 his
3325 3742 3450 3798 quae
3478 3727 3626 3782 dice-

2052 3827 2274 3882 bantur.

2129 3937 2148 3970 ε
2190 3917 2299 3973 Vos
2328 3931 2547 3986 semper
2572 3915 2803 3986 Spiritui
2835 3922 3028 3971 sancto
3062 3913 3344 3968 resistitis.
3393 3931 3410 3964 ι

2121 4010 2227 4081 73
2247 4008 2360 4063 Non
2389 4009 2548 4072 dixit,
2575 4007 2684 4062 Deo
2716 4006 2990 4072 resistitis,
3011 4005 3128 4068 sed,
3159 4003 3386 4072 Spiritui
3411 4010 3625 4064 sancto,

2051 4103 2186 4158 adeo
2201 4101 2400 4158 nullam
2420 4099 2561 4154 inter
2578 4099 2692 4152 haec
2713 4097 2861 4151 novit
2881 4096 3237 4150 dili‘erentiam
3259 4092 3632 4162 :quandoqui-

2051 4196 2174 4252 dem
2205 4193 2369 4249 etiam
2430 4191 2666 4260 Spiritus
2698 4197 2782 4243 est
2831 4186 2973 4242 Deus
2991 4186 3058 4253 υ,
3091 4199 3400 4255 quanquam
3428 4183 3494 4238 iis
3521 4198 3628 4238 non

2051 4289 2300 4344 videatur
2333 4284 2425 4355 qui
2460 4283 2630 4338 Deum
2662 4297 2772 4337 non
2811 4281 3019 4337 colunt.
3045 4277 3361 4347 Vositaqne
3390 4292 3628 4346 semper,

2052 4381 2250 4451 inquit,
2289 4377 2399 4432 Deo
2455 4376 2735 4432 resistitis.
2769 4373 2904 4428 Nam
2937 4371 3155 4443 quando
3197 4371 3408 4425 hostias
3447 4367 3630 4422 oﬂerri

2051 4473 2287 4535 volebat,
2322 4485 2418 4524 vos
2461 4469 2537 4522 illi
2578 4481 2687 4522 non
2717 4465 3115 4523 sacriﬁcabatis
3150 4482 3163 4516 :
3199 4461 3417 4533 quando
3452 4469 3630 4516 autem

373 4565 670 4636 ρατεεύετε.
739 4564 869 4616 Ὅτε
922 4562 1172 4632 βούλεται
1233 4561 1585 4632 χωρὶςςναοῦ
1649 4560 1942 4633 θεραπεύε-

2048 4582 2157 4620 non
2192 4561 2684 4625 vult,sacriiicatis.
2708 4558 2936 4625 Quando
2974 4555 3312 4612 consistebat
3343 4553 3622 4622 templum,

375 4654 522 4721 σθαι,
553 4656 618 4708 τὸ
638 4653 883 4708 ἐναντίον
907 4656 1137 4720 ποιεῖτε,
1168 4655 1330 4723 ὅμοια
1364 4656 1474 4716 τοῖς
1507 4654 1776 4723 πατράσιν
1795 4652 1950 4723 ὑμῶν

371 4746 859 4819 διαπραττόμενοι.

453 4947 471 4978 ι
522 4927 614 4992 Ὠς
641 4928 692 4981 oi.
725 4926 959 4997 πατέρες
989 4925 1162 4995 ὑμῶν,
1207 4926 1300 4978 καὶ
1329 4924 1509 4994 ὑμεῖς.
1545 4941 1564 4975 ι

447 5019 700 5073 Δείκνυσι
743 5020 804 5072 τὸ
867 5019 1036 5072 κακὸν
1093 5016 1299 5070 ἀνωθεν
1367 5018 1446 5078 εἰς
1495 5017 1690 5079 αὐτοὺς
1743 5017 1952 5070 κατιόν.

375 5111 538 5166 Οὕτω
592 5113 688 5165 καὶ
719 5114 747 5165 ὁ
777 5112 1012 5181 Χριστὸς
1072 5109 1268 5163 ἐποίει.
1319 5106 1542 5178 Ἐπειδὴ
1607 5109 1816 5179 μεγάλα
1869 5108 1957 5163 ἀεὶ

375 5206 472 5258 επὶ
490 5205 603 5268 τοῖς
639 5204 906 5274 πατράσιν
929 5201 1149 5274 ηὔχουν.

457 5313 477 5346 ε
521 5294 659 5348 Τίνα
699 5294 810 5347 τῶν
854 5293 1150 5364 προφητῶν
1194 5295 1295 5346 οὐκ
1347 5287 1570 5356 ἐδίωξαν
1628 5291 1678 5344 οἱ
1722 5292 1960 5364 πατέρες

383 5405 405 5438 ε
448 5387 712 5456 ὑμῶνςι

457 5478 644 5532 Ταῦτα
699 5478 928 5546 λέγοντα
959 5478 1047 5530 τδν
1069 5475 1338 5546 μακάριον
1371 5475 1643 5546 Στέφανον
1668 5474 1954 5545 ἀληθεύειν

384 5570 550 5624 αὐτὸν
579 5570 822 5638 οἴδαμεν,
862 5569 1136 5636 Πνεύματι
1184 5569 1320 5638 ἁγίῳ
1364 5567 1751 5638 φθεγγόμενον.
1801 5568 1960 5622 Ἀπο-

385 5662 560 5726 δεῖξαι
601 5663 656 5716 δὲ
698 5664 807 5714 ἀπὸ
834 5665 932 5732 τῆς
985 5662 1222 5722 παλαιά-’ς
1258 5658 1542 5728 διαθήκης,
1601 5662 1714 5724 πῶς
1752 5661 1961 5732 μέμφς-

1140 5839 1179 5869 ⁸¹
1215 5839 1370 5895 Joan.
1401 5857 1476 5896 tv.

464 5839 512 5874 ⁸⁸
542 5838 609 5897 ιιι
634 5839 746 5911 Reg
807 5857 883 5910 vr,
913 5855 1063 5910 seqq.

2060 4655 2355 4714 simulacra
2404 4650 2809 4706 venerabamini
2846 4668 2861 4706 :
2893 4649 3114 4718 quando
3141 4645 3256 4700 vult
3288 4646 3404 4699 sine
3430 4642 3632 4711 templo
3660 4659 3665 4668 ·

2061 4749 2188 4812 coli,
2247 4745 2584 4802 contrarium
2645 4743 2844 4809 facitis,
2903 4740 3104 4797 similia
3138 4739 3384 4811 patribus
3440 4737 3633 4792 vestris

2062 4854 2262 4910 operan
2271 4849 2367 4893 tes.

2140 4950 2158 4980 ε
2201 4929 2357 4982 Sicut
2387 4934 2572 4997 patres
2610 4925 2805 4991 vestri,
2836 4924 2910 4977 ita
2939 4931 2992 4978 et
3031 4937 3149 4978 vos.
3189 4940 3209 4975 ι

2134 5017 2385 5084 Ostendit
2412 5017 2617 5082 malum
2649 5030 2887 5086 superne
2918 5013 2985 5069 ad
3025 5029 3122 5070 eos
3155 5009 3510 5069 descendere.
3556 5008 3636 5063 ita

2060 5119 2116 5168 ct
2143 5109 2394 5166 Christus
2417 5107 2742 5164 ostendebat
2766 5125 2778 5162 :
2811 5107 3069 5179 quoniam
3097 5106 3396 5178 plurimum
3423 5117 3636 5171 semper

2047 5200 2127 5256 'de
2161 5200 2409 5270 patribus
2440 5198 2841 5268 gloriabantur.

2139 5290 2251 5357 VII,
2309 5291 2400 5346 52.
2441 5308 2460 5341 ι
2496 5290 2670 5357 Quem
2724 5288 3116 5361 prophetarum
3156 5300 3264 5342 non
3315 5283 3640 5340 Occiderunr

2073 5407 2092 5442 ι
2130 5397 2317 5457 patres
2341 5384 2554 5440 vestri?
2595 5404 2613 5437 ι

2078 5545 2084 5551 ,
2135 5480 2397 5535 Noviums
2427 5478 2647 5531 beatum
2682 5476 3022 5547 Stephanum
3052 5489 3174 5529 cum
3210 5472 3327 5526 hate
3360 5475 3636 5528 assereret

2067 5585 2194 5624 vera
2221 5567 2426 5630 dicere,
2456 5575 2516 5620 ut
2548 5565 2639 5634 qui
2681 5580 2774 5637 per
2806 5565 3074 5634 Spiritum
3102 5570 3354 5617 sanctum
3388 5559 3641 5626 loquere-

2073 5672 2182 5716 tur.
2224 5659 2573 5716 Demonstrat
2624 5666 2803 5714 autem
2834 5673 2864 5712 a
2893 5657 3063 5713 vett-ri
3109 5658 3492 5711 instrumento.
3528 5664 3642 5722 quo
