4058 6544
500 384 598 450 ιδι

1578 392 1688 453 (EC
1700 393 1745 453 U
1753 393 1911 453 ΜΕΝ
1921 394 1981 453 ΙΙ
2018 395 2308 457 TRICC/E
2363 402 2695 463 EPISCOI’l

3636 406 3740 473 152

488 491 611 562 jure
669 502 855 565 patres
907 503 1129 553 accuset
1169 497 1413 563 illorum,
1455 500 1549 569 qui
1598 501 1651 555 in
1696 500 1880 557 Jesutn
1944 517 2050 557 non

2174 525 2252 561 ται
2281 513 2394 573 τοῖς
2430 511 2669 583 πατράσι
2694 514 2802 567 τῶν
2841 516 2921 578 είς
2963 516 3051 569 τὸν
3104 516 3309 588 Ἰησοῦν
3365 519 3741 577 ἀπιστούντων

488 585 807 656 credebant,
837 587 981 659 quod
1029 591 1303 659 persecuti
1334 591 1438 646 sint
1487 594 1780 663 prophetas
1825 604 1879 649 ct
1909 599 2057 651 oet-i-

489 680 671 733 derint
704 696 718 730 :
751 695 925 750 neque
959 684 1103 736 enim
1138 691 1323 751 posset
1380 682 1559 739 facere
1594 686 1662 740 ab
1705 686 1793 741 his
1835 688 1930 758 qui
1976 686 2054 744 fe-

488 780 688 826 runtur
707 770 840 827 Novi
871 771 1205 828 Testamenti
1229 775 1409 831 libris.
1443 775 1498 831 Si
1535 794 1686 847 ergo,
1718 779 1913 849 inquit,
1942 780 2061 834 illos

488 864 910 935 occidistis,.qui
938 865 1004 920 de
1028 865 1148 936 ejus
1179 867 1412 922 adventu
1439 871 1899 939 praenuntiabant,
1930 873 2060 941 quid

490 958 687 1011 mirum
721 957 765 1011 si
795 966 848 1011 et
870 971 970 1025 ego
1001 958 1094 1027 qui
1132 962 1557 1028 praenuntiatum
1616 964 1877 1032 prmdico,
1905 979 1934 1018 a
1963 979 2059 1017 vo-

489 1049 573 1103 bis
613 1048 943 1105 interimar?
971 1049 1089 1106 Non
1135 1052 1428 1123 ignorabat
1481 1064 1662 1110 autem
1692 1056 1835 1126 quod
1868 1056 1937 1112 ab
1978 1057 2059 1112 eis

485 1147 634 1193 esset
683 1137 1039 1203 occidendus,
1071 1155 1198 1196 cum
1240 1143 1436 1213 plenus
1484 1155 1631 1201 esset
1687 1146 1893 1217 Spiritu
1934 1161 2060 1200 san-

485 1240 595 1297 cto,
620 1232 852 1305 ideoque
874 1232 1085 1304 absque
1111 1243 1259 1290 metu
1304 1250 1438 1291 usus
1485 1243 1570 1291 est
1604 1235 1864 1306 loquendi
1896 1235 2060 1291 liber.

484 1328 620 1377 tate.

558 1411 676 1477 νη,
714 1413 804 1478 52,
835 1414 924 1472 53.
963 1434 981 1467 ι
1026 1416 1093 1472 Et
1150 1417 1471 1474 occiderunt
1516 1433 1634 1487 eos,
1680 1420 1773 1489 qtti
1806 1434 2060 1489 praenun-

492 1522 512 1557 ι
547 1504 756 1560 tiabant
793 1505 862 1562 de
889 1507 1125 1564 adventu
1149 1508 1284 1580 justi
1318 1510 1486 1575 illius,
1545 1511 1700 1580 cujus
1754 1528 1853 1568 vos
1915 1528 2060 1568 nunc

490 1615 512 1649 ι
554 1598 864 1669 proditores
902 1607 958 1655 et
995 1602 1273 1659 occisores
1302 1601 1507 1669 fuistis,
1542 1603 1636 1674 qui
1660 1605 1951 1672 accepistis
1983 1604 2060 1661 le-

492 1709 512 1743 ι
560 1706 679 1762 gem
709 1692 775 1747 ad
827 1692 1220 1764 dispositiones
1279 1696 1619 1768 angelorum,
1677 1705 1732 1750 ct
1784 1711 1893 1751 non
1939 1712 2058 1751 ser-

488 1802 508 1835 ι
548 1785 740 1840 vastis.
781 1802 799 1836 ι

2170 601 2245 664 ὡς
2274 602 2504 666 διώξωσι
2550 606 2676 669 τοὺς
2736 608 3021 677 προφήτας
3070 612 3164 663 καὶ
3211 610 3627 678 ἀποκτείνωσιν,
3678 616 3740 668 οὗ

2168 693 2391 748 δυνατόν
2444 696 2550 749 ἀπὸ
2604 698 2712 750 τῶν
2760 703 3074 770 φερομένων
3126 700 3345 772 βιϐλίων
3396 703 3494 773 τῆς
3548 705 3742 775 καινῆς

2168 787 2451 858 διαθήκης.
2482 788 2541 842 El
2578 790 2778 858 τοίνυν,
2806 793 2960 863 φησὶ,
2987 794 3114 858 τοὺς
3167 796 3743 866 προκαταγγείλαντας

2171 882 2294 950 περὶ
2325 882 2422 951 τῆς
2459 882 2721 947 ἐλεύσεως
2745 884 2910 939 αὐτοῦ
2946 888 3206 951 ἀνείλετε,
3240 889 3391 943 οὐδὲν
3430 889 3743 960 θαυμαστὸν

2168 976 2254 1026 ita"
2288 974 2385 1045 ἐμὲ
2408 973 2744 1046 κηρύττοντα
2764 976 2856 1033 τὸν
2877 980 3450 1049 προκαταγγελθέντα,
3477 982 3568 1048 ὑφ’
3588 982 3743 1052 ὑμῶν

2167 1065 2543 1136 ἀναιρεθῆναι.
2577 1068 2692 1121 Οὐκ
2726 1068 2991 1139 ἠγνόειδὲ
3008 1072 3399 1144 τεθνηξόμενος
3429 1074 3738 1138 ὑπἀὀτῶν,

2167 1160 2380 1232 πλήρης
2405 1159 2480 1214 ὣν
2503 1161 2821 1233 Πνεύματος
2852 1163 3029 1235 ἁγίου.
3087 1167 3178 1220 Διδ
3225 1167 3321 1220 καὶ
3366 1166 3745 1231 ἀνυποστόλως

2167 1251 2430 1323 κέχρηται
2465 1253 2769 1328 παρρησίᾳ.

2244 1450 2262 1485 ι
2298 1433 2405 1487 Καὶ
2428 1434 2760 1488 ἀπέκτειναν
2815 1438 2943 1498 τοὺς
3001 1435 3575 1506 προκαταγγείλαντας
3614 1435 3743 1507 περὶ

2173 1544 2192 1578 (
2230 1525 2331 1596 τῆς
2362 1526 2628 1590 ἐλεύσεως
2655 1525 2750 1581 τοῦ
2783 1527 3027 1589 δικαίου,
3057 1521 3120 1584 οῦ
3142 1527 3237 1583 νῦν
3275 1529 3434 1599 ὑμεῖς
3486 1525 3744 1598 προδόται

2174 1638 2193 1672 ι
2228 1618 2322 1673 καὶ
2344 1621 2523 1688 φονεῖς
2550 1618 2871 1691 γεγένησθε.
2931 1620 3140 1684 Οἴτινες
3164 1619 3384 1675 έλάδετε
3439 1619 3533 1673 τὸν
3577 1619 3744 1689 νόμον

2174 1728 2191 1760 ι
2231 1711 2310 1774 είς
2331 1709 2592 1780 διαταγὰς
2625 1710 2877 1781 ἀγγέλων
2913 1711 3008 1767 καὶ
3031 1712 3132 1765 οὐκ
3167 1711 3491 1782 ἐφυλάξατε.
3533 1730 3554 1763 ι

554 1866 699 1931 Iusti
748 1876 947 1950 inquit,
974 1878 1272 1935 ostendens
1327 1878 1481 1951 quod
1504 1878 1551 1936 si
1578 1880 1670 1935 ille
1695 1880 1879 1950 justus
1917 1888 2057 1945 erat,

2238 1885 2344 1939 Τοῦ
2379 1887 2590 1942 δικαίου
2625 1886 2785 1957 φησὶ,
2823 1888 3039 1951 δεικνὺς
3060 1888 3141 1941 ὅτι
3167 1889 3215 1941 εί
3248 1888 3458 1951 ἐκεῖνος
3512 1887 3744 1954 δίκαιος,

486 1966 648 2023 valde
677 1968 852 2040 iniqui
905 1979 1065 2025 erant
1104 1970 1200 2041 qui
1251 1971 1403 2025 illum
1459 1970 1802 2027 occiderunt.
1841 1970 2056 2027 Justum

485 2067 667 2115 autem
696 2060 848 2114 illum
884 2070 1064 2129 vocat,
1101 2063 1247 2132 quod
1300 2077 1478 2134 neque
1509 2062 1587 2117 illi
1644 2077 1846 2134 negare
1902 2069 2057 2133 pote-

483 2160 631 2207 rant.
668 2151 991 2224 Quanquam
1033 2156 1176 2209 enim
1207 2153 1500 2210 admodum
1533 2154 1809 2226 praefracti
1840 2168 1908 2211 ac
1930 2169 2058 2211 con-

490 2254 731 2301 tumaces
756 2256 935 2314 erant,
974 2247 1026 2301 in
1057 2247 1211 2302 nullo
1242 2255 1423 2302 tamen
1475 2262 1600 2302 eum
1652 2246 1938 2317 injustitize
1962 2262 2059 2302 ac-

487 2339 761 2394 cusabant
800 2338 1121 2410 :quomodo
1174 2340 1320 2395 enim
1358 2340 1461 2395 hoc
1515 2338 1780 2406 facerent,
1838 2329 2061 2395 cunt'ne

487 2432 710 2486 domum
746 2432 969 2501 quidem
1002 2432 1281 2487 haberet?
1307 2431 1523 2487 Justum
1556 2425 1735 2487 autem
1766 2440 1925 2487 vocat
1972 2430 2061 2487 Je-

486 2535 634 2585 sum,
671 2520 863 2575 volens
893 2535 993 2575 eos
1032 2521 1332 2577 attrahere.
1372 2522 1550 2592 Ipsius
1584 2536 1715 2578 vero
1749 2522 2061 2592 proditores

486 2619 540 2663 et
578 2609 857 2679 occisores
892 2610 1049 2676 dicit,
1092 2609 1239 2680 quod
1272 2626 1462 2666 eorum
1494 2621 1683 2668 essent
1733 2613 2054 2683 participes,

484 2701 579 2771 qui
614 2701 792 2770 ipsum
822 2701 1229 2769 crucifixerant,
1282 2704 1445 2775 idque
1473 2718 1596 2759 cum
1628 2704 1822 2776 legem,
1857 2704 2060 2775 inquit,

492 2792 842 2862 accepissent
896 2793 1278 2850 ordinationes
1309 2795 1626 2863 habentem,
1664 2811 1787 2867 quae
1817 2796 2062 2851 iacerent

488 2898 581 2939 nos
619 2885 711 2954 qui
747 2885 918 2953 ipsam
954 2900 1120 2956 opere
1175 2888 1514 2957 complerent
1561 2888 1769 2958 angelis
1827 2889 2059 2944 similem

488 2991 710 3032 servare
743 2978 1008 3047 politiam.
1044 2977 1154 3034 lloc
1186 2979 1594 3051 namququuod
1620 2982 1696 3035 ait
1731 2998 1743 3034 :
1774 2979 1883 3051 ’14
1908 2998 1926 3031 ι
1957 2978 2061 3046 Qui

492 3072 784 3141 accepistis
846 3073 1018 3143 legem
1072 3072 1140 3127 ad
1206 3074 1601 3144 dispositiones
1661 3075 2001 3142 angelorum.
2039 3091 2058 3126 ι

2165 1978 2286 2032 λίαν
2322 1978 2494 2032 ἄδικοι
2523 1978 2574 2030 oi
2617 1980 2825 2031 ἐκεῖνον
2862 1979 3225 2049 ἀνῃρηκότες.
3262 1976 3481 2032 Δίκαιον
3508 1976 3748 2031 δὲαὺτδν

2171 2068 2351 2130 καλεῖ,
2378 2069 2407 2122 ὃ
2435 2069 2557 2123 οὐδὲ
2614 2071 2811 2124 ἐκεῖνοι
2842 2069 3107 2140 ἠδύναντο
3153 2069 3513 2141 ἀρνήσασθαι.
3570 2069 3747 2124 Οὐδα-

2170 2160 2272 2230 μοῦ
2302 2163 2415 2232 γάρ
2445 2161 2538 2216 καί
2564 2179 2646 2215 τοι
2669 2161 2787 2215 λίαν
2814 2162 2966 2226 ὀντες
2994 2162 3267 2226 αὐθάδεις,
3301 2163 3358 2215 ιν
3380 2162 3555 2216 οὐδενὶ
3583 2161 3748 2215 αὐτὸν

2163 2253 2378 2311 ἀδικίας
2396 2253 2710 2324 ᾐτιάσαντο.
2738 2253 2860 2317 Πῶς
2881 2254 2988 2324 γάρ
3013 2254 3104 2307 τὸν
3134 2253 3266 2324 μηδὲ
3294 2254 3492 2322 στέγην
3509 2252 3743 2324 ἔχοντας

2164 2342 2382 2397 Δίκαιον
2409 2343 2465 2396 δὲ
2488 2343 2580 2396 τὸν
2621 2342 2829 2412 Ἰησοῦν
2861 2343 3070 2406 ἐκάλει,
3101 2342 3506 2398 ἐπισπάσασθαι
3546 2342 3748 2405 αὐτοὺς

2166 2434 2509 2507 βουλόμενος.
2533 2434 2806 2503 Προδότας
2835 2433 2889 2487 δὲ
2925 2433 3092 2487 αὐτοῦ
3132 2433 3227 2487 καλ⁵
3279 2436 3457 2502 φονεῖς
3517 2432 3745 2496 τούτους

2164 2527 2341 2591 καλεῖ,
2367 2526 2443 2590 ῶς
2473 2525 2765 2589 κοινωνοὺς
2795 2525 2955 2588 ὂντας
2988 2528 3100 2589 τοῖς
3144 2522 3525 2595 σταυρώσασιν
3558 2523 3744 2588 αὑτὸν,

2166 2618 2261 2672 καί
2283 2636 2389 2684 τοι,
2424 2616 2579 2688 φησὶ,
2617 2617 2782 2687 νόμον
2812 2615 3069 2679 λαϐόντας
3100 2615 3371 2682 διατάξεις
3414 2615 3626 2684 ἔχοντα,
3686 2614 3751 2666 αῖ

2163 2727 2308 2771 τινες
2338 2709 2622 2778 ἰσάγγελον
2653 2709 2871 2760 ἐποίουν
2896 2707 3171 2761 πολιτείαν
3196 2706 3340 2776 ἔχειν
3374 2706 3502 2768 τοὺς
3528 2704 3746 2757 τελοῦν-

2165 2819 2261 2866 τας
2283 2800 2466 2855 αότόν.
2484 2800 2655 2854 Τοῦτο
2677 2800 2786 2870 γάρ
2808 2803 2973 2865 ἐστιν,
3010 2817 3028 2851 ι
3053 2800 3108 2853 οῖ
3131 2816 3274 2862 τινες
3296 2797 3516 2854 ἐλάϐετε
3546 2796 3635 2850 τὸν
3651 2796 3744 2850 νό-

2171 2909 2269 2964 μον
2297 2894 2377 2955 εἰς
2410 2892 2673 2959 διαταγὰς
2688 2893 2957 2960 ἀγγέλων.
2985 2910 3004 2945 ι
3040 2890 3197 2954 Τινὲς
3228 2890 3284 2944 δὲ
3339 2889 3432 2942 καλ⁸
3460 2888 3622 2942 τοῦτο
3655 2887 3749 2940 λέ-

2165 3000 2284 3053 γειν
2309 2983 2461 3051 φασὶ,
2498 2983 2589 3036 τόν
2610 2984 2700 3036 ὑπ’
2724 2982 2974 3051 ἀγγέλων
2995 2981 3354 3053 διαταχθέντα
3385 2980 3481 3034 καλ⁸
3504 2982 3751 3049 ἐγχειρι-

2169 3074 2364 3129 σθέντα
2389 3075 2457 3127 δι’
2491 3075 2724 3144 ἀγγέλου
2771 3075 2850 3144 τῷ
2895 3076 3141 3137 Μωῦσεῖ,
3170 3071 3266 3127 τοῦ
3296 3071 3556 3141 ὀφθέντος
3593 3068 3749 3142 αὐτῷ

490 3164 723 3230 Quidam
755 3179 885 3220 vero
907 3165 1069 3219 ctiam
1102 3165 1205 3221 hoc
1236 3166 1391 3220 aiunt
1445 3166 1596 3220 illum
1655 3166 1865 3232 dicere,
1920 3166 2064 3236 quod

2174 3169 2226 3221 ὲν
2249 3170 2314 3238 τῇ
2344 3168 2511 3239 βάτῳ.
2542 3169 2633 3231 Είς
2656 3168 2939 3236 διαταγὰς,
2972 3167 3092 3220 ἀντὶ
3113 3164 3229 3229 τοῦ,
3260 3164 3404 3219 κατά
3422 3164 3522 3228 τάς
3551 3163 3743 3217 διατα-

490 3272 588 3325 per
624 3258 846 3328 angelos
881 3265 1086 3313 statuta
1115 3265 1280 3323 esset,
1316 3265 1370 3314 et
1397 3257 1532 3313 Mosi
1583 3258 1781 3315 tradita
1836 3235 2063 3330 peran-

2174 3235 2508 3325 mfiaoejg
2538 3259 2737 3312 ἐκεῖνοι
2769 3235 3087 3325 διετάξαντο
3139 3256 3216 3328 τῷ
3247 3258 3454 3322 Μωσεῖ,
3489 3254 3751 3322 ὀφθέντες

490 3348 711 3415 gelum,
766 3350 861 3421 qui
916 3350 1021 3419 ipsi
1079 3350 1132 3403 in
1202 3350 1342 3405 rubo
1398 3350 1672 3421 apparuit.
1722 3351 1817 3415 Είς
1873 3350 2062 3404 διατα-

492 3443 618 3509 τὰς,
668 3440 721 3494 id
758 3452 864 3505 est,
912 3442 964 3494 in
1027 3439 1110 3495 vel

491 3544 636 3595 rant.
669 3532 804 3588 Mosi
836 3545 1160 3604 apparentes
1192 3537 1245 3589 in
1281 3537 1417 3590 rubo
1446 3543 1500 3591 et
1540 3537 1595 3590 in
1643 3546 1849 3593 monte.

569 3621 677 3686 νη,
713 3621 802 3684 54,
838 3622 926 3676 55.
970 3639 989 3674 ι
1030 3622 1327 3678 Audientes
1351 3631 1532 3677 autem
1561 3623 1677 3678 haec
1716 3622 2067 3697 dissecaban-

504 3732 523 3766 ι
560 3721 652 3768 tur
678 3713 940 3769 cordibus
967 3715 1105 3778 suis,
1139 3721 1193 3768 et
1227 3714 1537 3769 stridebant
1576 3714 1836 3771 dentibus
1866 3714 1982 3770 suis
2012 3715 2067 3767 in

505 3827 521 3859 ι
558 3823 705 3862 eum.
744 3806 879 3862 Cum
912 3818 1095 3862 autem
1157 3814 1308 3862 esset
1349 3807 1546 3877 plenus
1599 3806 1803 3876 Spiritu
1856 3816 2068 3867 saneto,

504 3921 523 3952 ι
566 3898 795 3954 intentis
824 3901 877 3953 in
910 3898 1109 3953 ctelum
1142 3898 1338 3962 oculis,
1383 3899 1517 3952 vidit
1551 3899 1779 3969 gloriam
1817 3897 1932 3953 Dei.
1976 3914 1994 3945 ι

572 3989 627 4045 Si
652 4006 774 4044 eum
810 3989 1066 4045 occidere
1090 3989 1375 4055 volebant,
1413 3992 1690 4060 quomodo
1740 3990 2068 4059 nonﬁstatim

498 4083 872 4139 occidebant?
906 4082 1042 4151 Quia
1075 4084 1429 4140 verisimilem
1488 4084 1682 4138 sceleri
1716 4081 2069 4136 occasionem

503 4187 799 4245 praetexere
831 4176 1107 4234 volebant.
1146 4176 1280 4231 Nam
1338 4176 1539 4246 injuria
1606 4174 1871 4228 adversus
1921 4173 2071 4243 ipsos

502 4288 609 4324 non
631 4277 749 4325 crat
773 4269 1118 4325 rationabilis
1143 4276 1447 4340 praetextus
1472 4266 1537 4320 ad
1567 4254 2067 4334 interemptionetn,

499 4362 595 4417 sed
631 4363 698 4416 ad
729 4362 1048 4431 cjcetionem
1089 4372 1181 4415 aut
1212 4360 1276 4414 ad
1321 4359 1739 4427 ﬂagellationem
1792 4356 2070 4421 fortassis,

502 4455 567 4509 ad
629 4456 962 4511 occisionem
1017 4469 1145 4508 vero
1219 4467 1388 4507 causa
1430 4450 1708 4505 suiliciens
1765 4465 1869 4504 non
1931 4456 2069 4504 erat.

2172 3350 2229 3402 ιν
2248 3352 2313 3421 τῇ
2344 3349 2489 3420 βάτῳ
2520 3350 2615 3403 καὶ
2635 3352 2695 3402 ὲν
2719 3350 2799 3419 τῷ
2827 3349 2964 3421 ὀρει.

1186 3442 1252 3497 ad
1305 3442 1722 3513 dispositiones,
1777 3442 1882 3497 hoc
1949 3450 2053 3507 est,
2098 3443 2398 3498 secundum
2434 3440 3333 3512 diSpositiones,quemadmodum
3398 3440 3476 3495 illi
3530 3448 3751 3495 statue-

2254 3643 2274 3676 (
2327 3622 2643 3686 ’Ᾱκούοντες
2674 3622 2730 3676 δὲ
2776 3622 2950 3676 ταῦτα
2981 3621 3286 3694 διεπρίοντο
3317 3637 3438 3684 ταις
3496 3619 3753 3690 καρδίαις

2184 3736 2200 3762 ο
2244 3716 2449 3775 αὐτῶν,
2481 3716 2573 3768 καὶ
2595 3714 2824 3786 ἔϐρυχον
2859 3716 2985 3778 τοὺς
3013 3714 3230 3777 ὀδόντας
3254 3713 3531 3768 αὐτωνὲπ⁹
3562 3712 3750 3767 αὐτόν.

2186 3829 2204 3860 ι
2250 3808 2541 3879 ’Υπάρχων
2576 3807 2633 3861 δὲ
2657 3808 2872 3878 πλήρης
2906 3807 3219 3877 Πνεύματος
3263 3806 3441 3874 ἁγίου,
3493 3803 3752 3869 ἀτενίσας

2185 3920 2203 3951 ι
2240 3905 2322 3964 εἰς
2341 3901 2431 3953 τὸν
2461 3900 2712 3971 οὐρανὸν,
2739 3896 2847 3953 εἷδε
2877 3899 3037 3963 δόξαν
3065 3897 3222 3953 Θεοῦ.
3252 3918 3273 3951 ι

2249 3993 2311 4045 Ei
2347 3992 2627 4045 ἐϐούλοντο
2657 3990 2886 4055 ἀνελεῖν,
2926 3990 3042 4053 πῶς
3104 3990 3204 4043 οὐκ
3259 3990 3466 4044 ἀνεῖλον
3495 3990 3617 4042 τότε
3652 3988 3753 4041 εύ-

2179 4082 2345 4150 θέως;
2376 4084 2499 4137 Ὀτι
2530 4083 2801 4152 πρόφασιν
2830 4080 3050 4149 εὔλογον
3101 4079 3291 4151 ῆθελον
3331 4079 3635 4150 περιθεῖναι
3674 4077 3756 4148 τῷ

2178 4175 2509 4246 τολμήματι.
2554 4176 2616 4228 'll
2633 4174 2740 4243 γὰρ
2769 4175 2848 4237 εἰς
2874 4173 3071 4236 αὐτοὺς
3093 4172 3250 4243 ὕϐρις
3300 4173 3400 4226 οὐκ
3430 4168 3500 4243 ἦν
3530 4170 3756 4239 εὔλογος

2180 4268 2455 4340 πρόφασις
2486 4268 2621 4339 πρὸς
2676 4268 2975 4337 ἀναίρεσιν,
3003 4265 3119 4318 ἀλλ’
3154 4262 3431 4317 ἀπελάσαι
3463 4260 3616 4331 μὲνῆ
3646 4277 3756 4327 μα-

2181 4361 2360 4427 στίξαι
2388 4363 2541 4423 ῖσως,
2573 4358 2784 4412 ἀνελεῖν
2819 4358 2875 4411 δὲ
2930 4359 3031 4411 οὐκ
3067 4355 3293 4424 εὔλογος
3338 4354 3509 4409 αἰτία.
3544 4353 3756 4414 ’Δλλως

2178 4454 2235 4507 δὲ
2264 4454 2385 4506 οὐδὲ
2414 4450 2481 4523 ἦν
2514 4456 2545 4522 ἡ
2577 4452 2733 4519 ὕϐρις
2751 4451 2937 4514 αὑτοῦ,
2974 4449 3107 4505 ἀλλὰ
3152 4448 3247 4501 τοῦ
3289 4447 3569 4518 προφήτου
3632 4444 3759 4497 κατ’

503 4547 719 4618 Alioqui
758 4550 921 4604 etiam
977 4562 1155 4617 neque
1201 4544 1375 4615 ipsius
1417 4542 1748 4597 contumelia
1786 4549 1924 4607 erat,
1979 4540 2064 4596 sed

2182 4547 2364 4601 αὐτῶν
2393 4546 2721 4617 κατηγορία.
2759 4545 2866 4598 Καὶ
2918 4544 3018 4597 οὐκ
3052 4541 3244 4613 ἧθελον
3282 4541 3462 4594 δοκεῖν
3487 4538 3575 4592 διὰ
3591 4538 3662 4591 τά
3677 4538 3760 4595 εἰς

504 4641 781 4711 prophetae
820 4638 1085 4694 adversus
1128 4638 1250 4692 illos
1282 4634 1582 4694 accusatio.
1629 4648 1729 4687 nec
1774 4631 1945 4685 videri
1976 4644 2071 4684 vo-

502 4735 692 4787 trbant
748 4733 1070 4788 interimere
1140 4730 1293 4785 illum
1354 4728 1425 4782 ob
1485 4726 1737 4797 proprias
1821 4724 2074 4794 injurias,

504 4818 963 4889 quemadmodum
994 4835 1172 4889 neque
1226 4816 1530 4873 Christum.
1589 4814 1798 4868 Etenim
1836 4812 2076 4869 contenti

508 4932 615 4967 mm
652 4924 812 4968 erant
872 4912 1230 4968 homicidium
1285 4918 1622 4981 perpetrare,
1656 4910 1749 4963 sed
1804 4915 1858 4961 et
1890 4906 2077 4975 gloriae

504 5007 626 5076 ejus
658 5021 860 5061 nocere
912 5004 1274 5061 conabantur.
1310 5001 1588 5073 Siquidem
1621 4999 1952 5062 metuebant,
2006 5013 2073 5050 ne

506 5100 742 5156 celebris
780 5097 953 5169 magis
984 5097 1325 5161 redderetur,
1384 5094 1429 5153 si
1456 5093 1527 5150 ob
1560 5091 1818 5162 injuriatn
1853 5089 1985 5160 ipsis
2010 5089 2075 5143 ii-

505 5197 667 5248 latam
700 5194 1129 5249 interimeretur.

586 5307 603 5339 ι
640 5285 707 5340 Ει
730 5284 918 5342 .lesum
966 5291 1205 5342 stantem
1239 5299 1268 5339 a
1300 5290 1511 5339 aextrts
1541 5281 1659 5346 Det,
1690 5289 1744 5335 et
1777 5280 1853 5332 ait
1885 5295 1900 5331 :
1942 5275 2079 5331 Ecce

509 5400 527 5432 ι
561 5380 720 5435 video
756 5380 927 5435 caelos
953 5390 1193 5451 apertos,
1216 5386 1270 5435 et
1292 5376 1491 5433 Filium
1516 5372 1756 5431 hominis
1786 5378 2018 5428 stantem
2047 5383 2078 5422 a

508 5486 528 5522 (
560 5469 767 5526 dextris
792 5467 907 5525 Dei.
946 5489 965 5522 ι

580 5647 826 5703 Stantem
854 5654 906 5701 ct
960 5662 1069 5700 non
1126 5647 1407 5701 sedentem
1465 5644 1601 5698 vidit
1653 5640 1835 5695 Jesum
1887 5638 2081 5691 beatus

507 5738 843 5810 Stephanus.
871 5748 928 5794 ut
957 5756 1111 5794 suam
1160 5737 1420 5792 exhibeat
1470 5734 1731 5791 Christus
1785 5730 2081 5800 protectio-

509 5848 629 5890 ncm
664 5851 676 5888 :
709 5846 761 5887 et
793 5850 1043 5905 magnam
1084 5850 1181 5887 suo
1220 5832 1438 5884 athleta:
1471 5828 1678 5881 tribuat
1719 5824 2077 5883 Nacritzitcm,

2181 4639 2379 4701 αὐτοὺς
2431 4639 2593 4690 αὑτὸν
2625 4637 2850 4696 ἀνελεῖν,
2879 4634 3069 4704 ῶσπερ
3092 4633 3212 4686 οὐδὲ
3254 4633 3346 4685 τὸν
3384 4629 3640 4703 Χριστόν.
3667 4628 3745 4682 Οὐ

2181 4730 2290 4799 γὰρ
2326 4727 2559 4799 ᾑροῦντο
2582 4729 2660 4789 εἰς
2679 4726 2777 4797 τὴν
2795 4724 3122 4795 μιαιφονίαν,
3140 4721 3526 4777 ἀλλ’ἐσπευδον
3558 4718 3761 4789 καὶτὴν

2181 4817 2341 4883 δόξαν
2372 4816 2539 4870 αὑτοῦ
2575 4815 2793 4886 βλάψαι.
2848 4814 3152 4869 Ἐδεδίεσαν
3178 4813 3288 4880 γάρ
3329 4811 3399 4882 μὴ
3423 4808 3762 4880 ἀναιρούμε-

2180 4926 2274 4973 νος
2321 4909 2410 4962 διά
2452 4908 2549 4978 τὴν
2572 4911 2652 4971 ei;
2708 4907 2904 4969 αὐτοὺς
2972 4905 3149 4979 ὓϐριν,
3200 4902 3624 4973 αῖδεσιμώτερος
3668 4900 3764 4970 γέ-

2183 5017 2361 5070 νηταμ

2264 5283 2282 5316 ι
2329 5264 2441 5317 Καὶ
2490 5260 2698 5332 Ἰησοῦν
2750 5262 2963 5314 ἑστῶτα
2984 5259 3049 5313 ἐκ
3079 5257 3269 5327 δεξιῶν
3320 5256 3417 5311 τοῦ
3466 5257 3629 5321 Θεοῦ,
3671 5252 3766 5308 καὶ

2193 5377 2211 5409 ι
2252 5351 2443 5409 εἶπενο
2489 5354 2618 5408 Ἰδοὺ
2672 5352 2861 5420 θεωρῶ
2914 5354 3038 5415 τοὺς
3059 5350 3319 5421 οὐρανοὺς
3360 5348 3764 5419 ἀνεῳγμένους.

2199 5467 2217 5502 ι
2255 5448 2349 5502 καὶ
2403 5448 2531 5500 Υἱόν
2582 5446 2675 5499 τοῦ
2737 5443 3024 5514 ἀνθρώπου
3066 5444 3130 5496 ὲκ
3174 5440 3364 5507 δεξιῶν
3408 5439 3622 5493 ἑστῶτα
3668 5435 3763 5490 τοῦ

2196 5557 2214 5590 ι
2247 5536 2406 5591 Θεοῦ.
2445 5555 2463 5586 ι

2274 5627 2525 5681 Ἐστῶτα
2551 5628 2643 5679 καὶ¹
2675 5626 2796 5695 οὐχὶ
2827 5625 3133 5694 καθήμενον
3156 5626 3182 5676 ὀ
3203 5621 3473 5692 μακάριος
3494 5620 3762 5688 Στέφανος

2189 5722 2293 5792 δρᾷ
2327 5720 2418 5772 τὸν
2481 5719 2709 5788 Ἰησοῦν,
2746 5718 2834 5771 ἴνα
2864 5716 3014 5785 δείξῃ
3054 5714 3152 5785 τὴν
3213 5712 3498 5782 ἀντίληψιν
3524 5713 3626 5781 τὴν
3684 5711 3764 5770 εις

2190 5812 2372 5876 αὐτὸν,
2410 5812 2500 5864 καὶ
2533 5810 2727 5879 πολλὴν
2757 5807 3059 5878 τῷἁθλητῇ
3077 5809 3172 5875 τὴν
3220 5804 3529 5875 προθυμίαν
3579 5801 3763 5871 παρὰ·
