4058 6568
359 425 467 494 153

1314 421 1701 484 COMMENT.
1746 420 1830 483 IN
1873 421 2057 483 ACTA
2078 420 2659 491 APOSTOLORUM.

3505 430 3611 499 154

358 556 489 615 om,
516 538 578 593 τδ
599 538 695 593 τοῦ
724 534 1044 609 βοηθοῦντος
1090 534 1454 590 ἐπιδείκνυται
1488 537 1697 606 σχῆμα.
1729 533 1931 594 Ἀλλως

2039 536 2355 592 auxiliantis
2383 540 2525 593 enim
2569 539 2788 596 habitus
2808 539 3141 596 ostenditur.
3168 538 3438 598 Praeterea
3476 561 3610 605 vero

355 650 417 685 τε
440 633 518 698 δὲ,
542 629 734 701 ἐπειδὴ
755 629 816 683 τὸ
847 628 1069 683 καθίσαι
1093 627 1349 698 φορτικὸν
1396 622 1465 697 ἦν
1513 627 1717 691 αὐτοῖς,
1776 625 1931 679 tata-

359 724 485 777 σθαι
505 723 669 777 αὐτὸν
703 718 825 776 εῐπε
851 721 1008 785 τέως,
1039 718 1137 790 τὴν
1165 718 1460 773 ἀνάστασιν
1505 717 1673 771 αὑτοῦ
1717 715 1930 783 αίνιξάο

358 827 548 882 μενος*
579 812 662 865 ὅτι
683 812 739 865 δὲ
758 813 858 882 οὐχ
888 811 1123 885 ἵσταται,
1154 810 1290 865 ἀλλὰ
1320 809 1576 878 κάθηται,
1602 808 1696 861 καὶ
1738 807 1767 857 ό
1789 805 1934 860 Παῦ-

355 906 451 969 λος
479 903 700 970 ἔδειξεν,
733 892 1033 970 είπὼν,ότι
1081 903 1373 973 συνήγειρε
1437 900 1533 955 καὶ
1575 899 1947 955 συνεκάθισεν.

354 999 415 1051 ἑν
443 1000 557 1061 τοῖς
596 998 942 1070 ἐπουρανίοις
969 999 1029 1051 ὲν
1060 996 1213 1069 δεξιᾷ
1243 994 1432 1050 αὐτοῦ.

437 1197 459 1232 ι
486 1179 803 1250 Κράξαντες
824 1179 880 1233 δὲ
910 1181 1060 1249 φωνῇ
1100 1176 1336 1249 μεγάλῃ,
1395 1173 1657 1244 συνέσχον
1703 1170 1773 1225 τὰ
1817 1163 1931 1223 ὦτα

357 1287 382 1322 ι
419 1270 625 1337 αὐτῶν,
668 1271 766 1325 atat
808 1270 1075 1342 ὥρμησαν
1119 1267 1465 1342 ὁμοθυμαδὸν
1497 1263 1584 1319 ἐπ’
1615 1263 1795 1319 αὐτόν.
1823 1261 1933 1315 Καὶ

357 1382 380 1417 ι
420 1364 746 1429 ἐκϐαλόντες
784 1362 888 1431 ἔξω
907 1364 1006 1434 τῆς
1043 1363 1250 1441 πόλεως
1271 1359 1628 1416 ἐλιθοϐόλουν.
1658 1375 1679 1410 ι

430 1538 721 1611 Συνέσχον,
759 1539 810 1592 oi
835 1537 974 1593 κατὰ
991 1537 1083 1592 τοῦ
1118 1537 1273 1607 ἁγίου
1294 1533 1926 1608 ψευδομαρτυρήσαντες.

434 1735 453 1769 ι
489 1718 603 1772 Καὶ
624 1720 674 1772 οἱ
710 1717 989 1789 μάρτυρες
1021 1716 1288 1772 ἀπέθεντο
1317 1714 1386 1768 τὰ
1417 1712 1609 1785 ίμὰτια
1629 1711 1781 1782 παρὰ
1803 1711 1931 1775 τοὺς

355 1825 378 1857 ι
428 1808 597 1871 πόδας
623 1808 858 1873 νεανίου,
890 1807 1226 1878 καλουμένου
1267 1803 1497 1859 Σαύλου.
1554 1803 1666 1857 Καὶ
1688 1799 1920 1856 ἐλιθοϐό-

2031 630 2291 697 quoniam
2335 646 2502 701 grave
2557 633 2638 687 eis
2704 631 2897 688 fuisset
2930 632 3124 689 audire
3184 635 3329 704 quod
3373 638 3611 706 sederet,

2032 726 2181 775 stare
2210 719 2430 775 interim
2458 722 2620 788 dixit,
2673 723 2973 795 designans
3020 726 3198 795 ipsius
3244 728 3614 783 resurrectio-

2031 825 2175 865 nem.
2198 809 2351 879 Quod
2386 821 2568 869 autem
2601 829 2709 870 non
2733 825 2858 882 stet,
2888 816 2986 873 sed
3009 817 3214 882 sedeat,
3261 819 3433 872 etiam
3476 820 3615 874 Pau-

2032 903 2118 959 lus
2142 906 2409 972 ostendit,
2462 907 2675 971 dicens,
2713 910 2861 978 quod
2906 909 3073 965 simul
3131 911 3484 965 resuscitavit
3537 912 3604 966 si-

2032 996 2256 1065 mulque
2318 997 2511 1054 sedere
2570 998 2700 1053 fecit
2752 999 2901 1055 inter
2938 1001 3196 1057 cmlestes
3252 1001 3320 1055 ad
3357 1001 3606 1056 dextram

1991 1129 1999 1136 ι
2030 1102 2211 1144 suam.

2105 1178 2215 1247 Vll,
2244 1180 2334 1247 56,
2364 1182 2456 1240 57.
2489 1201 2510 1237 ι
2546 1181 2932 1261 Ειοιεωοηιεε
2971 1193 3155 1239 autem
3196 1197 3336 1238 voce
3383 1198 3606 1255 magna,

2037 1291 2058 1326 ι
2101 1273 2497 1331 continuerunt
2524 1290 2690 1333 aures
2732 1289 2887 1339 suas,
2921 1281 2977 1330 et
3026 1275 3291 1345 impetum
3358 1272 3610 1330 fecerunt

2038 1379 2057 1412 ι
2102 1362 2441 1419 unanimiter
2471 1363 2529 1418 in
2558 1379 2707 1421 eum.
2736 1362 2804 1420 Et
2842 1362 3081 1433 ejectum
3109 1376 3237 1418 eum
3275 1370 3434 1417 extra
3465 1362 3609 1417 civi-

2036 1471 2056 1504 ι
2093 1461 2258 1510 tatem
2285 1454 2623 1523 lapidabant.
2663 1474 2686 1509 ι

2062 1545 2497 1602 .Continuerunt
2528 1587 2544 1613 ,
2606 1546 2701 1618 qui
2748 1545 3015 1603 adversus
3062 1552 3317 1604 sanctum
3366 1544 3611 1603 tulerunt.

2032 1634 2231 1691 .alsum
2257 1636 2659 1694 testimonium.

2099 1725 2211 1793 νη,
2237 1726 2327 1794 57,
2367 1728 2456 1786 58.
2494 1728 2622 1798 QEt
2654 1736 2822 1785 testes
2854 1726 3235 1799 deposuerunt
3283 1728 3607 1785 vestimenta

2035 1837 2054 1869 ι
2093 1818 2198 1889 75
2221 1818 2287 1874 ad
2316 1819 2485 1891 pedes
2511 1819 2906 1885 adolescentis,
2935 1818 3029 1890 qui
3053 1819 3356 1874 vocabatur
3380 1818 3605 1876 Saulus.

353 1917 377 1951 ε
419 1899 545 1953 λουν
571 1901 666 1955 τὸν
686 1901 980 1971 Στέφανον,
1000 1897 1425 1970 ἐπικαλούμενον
1447 1898 1542 1952 καὶ
1562 1896 1809 1966 λέγοντα.
1846 1910 1865 1946 ι

2046 1928 2065 1962 ι
2106 1909 2170 1965 Et
2200 1909 2521 1982 lapidabant
2554 1909 2921 1983 Stephanum,
2949 1910 3291 1967 invocantem
3322 1924 3388 1965 ac
3412 1910 3607 1966 dicen-

423 2084 728 2162 Μάρτυρας
756 2089 924 2159 λέγει,
972 2089 1065 2154 οὒς
1111 2089 1379 2144 ὑπέϐαλον
1409 2088 1926 2160 καταψευδομαρτυ-

352 2182 521 2254 ρῆσαι
553 2182 743 2237 αὐτοῦ.
763 2185 872 2238 Καὶ
893 2182 1133 2237 δείκνυσι
1156 2182 1282 2246 τοὺς
1301 2181 1592 2246 δοκοῦντας
1623 2182 1925 2252 μάρτυρας,

346 2278 439 2330 δτι
471 2275 637 2329 πλέον
686 2270 828 2346 ἦσαν
876 2275 1387 2347 παρεσκευασμένοι
1433 2273 1572 2346 πρὸς
1610 2273 1704 2327 τὸν
1742 2272 1926 2342 φόνον,

350 2367 470 2436 ετγε
499 2368 596 2422 καὶ
628 2367 696 2421 τὰ
732 2368 925 2438 ίμὰτια
961 2368 1282 2424 ἀπετίθεντο
1310 2369 1448 2439 πρὸς
1475 2368 1539 2420 τὸ
1570 2362 1709 2422 εἴναι
1739 2366 1943 2419 εὐστα-.

349 2460 467 2523 λεῖς
492 2461 590 2514 καὶ
615 2460 808 2529 κοῦφοι
843 2463 926 2524 είς
952 2461 1012 2514 τὸ
1062 2461 1278 2532 βάλλειν
1330 2462 1442 2524 τοῖς
1474 2458 1661 2522 λίθοις.
1701 2457 1839 2527 Φησὶ
1872 2456 1929 2510 δὲ

349 2551 435 2605 ὃτι
456 2552 555 2605 καὶ
587 2554 616 2606 ό
647 2553 856 2622 μέλλων
895 2553 1121 2624 ὕστερον
1173 2552 1346 2623 κῆρυξ
1374 2548 1516 2605 εἶναι
1554 2551 1653 2621 τῆς
1677 2548 1929 2619 οἰκουμέ-

351 2658 472 2711 νης,
515 2641 613 2696 καὶ
645 2643 808 2707 αὐτὸς
854 2644 1192 2716 συνέπραττε
1225 2644 1348 2698 τότε
1397 2641 1475 2713 τῷ
1508 2642 1672 2712 φόνῳ,
1714 2640 1928 2705 δεικνὺς

352 2732 434 2785 ὅτι
468 2731 590 2785 θεία
620 2750 704 2796 τις
746 2733 843 2787 καὶ
897 2734 1200 2805 παράδοξος
1251 2733 1347 2787 καὶ
1384 2732 1444 2786 οὐ
1477 2732 1615 2785 κατὰ
1641 2730 1929 2800 ἄνθρωπον

354 2823 579 2893 γέγονεν
610 2823 773 2878 αὐτοῦ
804 2826 836 2896 ἡ
867 2825 1005 2896 μετὰ
1039 2825 1210 2880 ταῦτα
1235 2824 1527 2896 μεταϐολή.
1560 2823 1632 2875 Τὸ
1649 2823 1729 2886 δὲ,
1757 2821 1953 2892 Κύριε.

367 2914 563 2987 Ἰησοῦ,
592 2917 741 2982 δέξαι
765 2917 825 2971 τὸ
855 2919 1070 2988 πνεῦμὰ
1090 2936 1213 2989 μου,
1231 2917 1567 2979 δεικνύοντος
1589 2910 1658 2986 ἦν
1677 2915 1775 2968 καὶ
1793 2913 1932 2969 atad.

356 3023 578 3071 σκοντος
600 3007 682 3061 ὃτι
708 3007 808 3062 οὐκ
836 3007 1152 3063 ἀπόλλυται.

435 3203 454 3236 ι
483 3184 658 3254 Κύριε
689 3184 884 3255 Ἰησοῦ,
905 3186 1055 3253 δέξαι
1077 3186 1140 3240 τὸ
1171 3187 1386 3257 πνεῦμά
1412 3203 1535 3258 μου.

2035 2020 2054 2052 ι
2093 2009 2225 2057 tem.
2259 2020 2281 2055 ι

2098 2089 2293 2147 Testes
2363 2091 2496 2146 dicit
2552 2106 2696 2161 quos
2752 2090 3191 2147 subornaverant
3232 2093 3294 2143 ut
3344 2085 3607 2142 adversus
3716 2094 3721 2099 ‘

2028 2183 2183 2238 illum
2218 2183 2424 2240 ferrent
2455 2183 2660 2240 falsum
2687 2184 3086 2250 testimonium,
3114 2180 3463 2251 ostenditque
3485 2194 3604 2242 eos.

2027 2274 2121 2345 qui
2145 2280 2316 2330 testes
2334 2275 2681 2342 videbantur,
2702 2276 3072 2346 promptiores
3095 2274 3161 2329 ad
3183 2273 3384 2330 eadem
3409 2270 3603 2338 fuisse,

2028 2366 2473 2437 quandoquidem
2496 2368 2663 2423 etiam
2684 2376 2868 2425 vestes
2895 2368 3277 2439 deposuerunt
3304 2382 3415 2438 quo
3441 2380 3607 2436 expe~

2028 2459 2258 2515 ditiores
2288 2467 2476 2516 essent
2504 2475 2569 2515 ac
2602 2460 2834 2518 leviores
2863 2460 2932 2516 ad
2963 2460 3256 2531 iaciendos
3288 2459 3518 2530 lapides.
3546 2456 3604 2513 Id

2029 2560 2215 2606 autem
2248 2551 2361 2615 ait,
2393 2552 2650 2621 quoniam
2700 2553 2749 2609 is
2800 2552 2990 2618 etiam,
3036 2553 3131 2624 qui
3175 2552 3414 2607 universi
3453 2551 3605 2605 orbis

2029 2643 2354 2711 praedicator
2405 2642 2629 2698 futurus
2687 2650 2827 2710 erat,
2885 2645 3003 2715 ipse
3032 2659 3252 2714 quoque
3296 2643 3364 2698 ad
3399 2641 3601 2697 caedem

2029 2735 2430 2804 cooperabatur
2471 2751 2484 2787 :
2528 2734 2826 2791 ostendens
2865 2737 3009 2805 quod
3053 2736 3238 2790 divina
3270 2734 3514 2803 quautam
3549 2739 3607 2785 et

2030 2825 2351 2881 admiranda
2386 2841 2665 2895 supraque
2699 2826 2975 2882 hominem
3018 2826 3185 2881 fuerit
3220 2826 3340 2896 ejus
3370 2812 3601 2879 conver-

2030 2919 2133 2973 sio.
2168 2916 2326 2984 Quod
2356 2933 2483 2973 vero
2515 2919 2610 2985 ait,
2643 2936 2662 2964 σ
2690 2918 2919 2975 Domine
2948 2916 3101 2983 Iesu,
3135 2918 3320 2987 accipe
3351 2916 3601 2987 spiritum

2031 3021 2237 3072 meum,
2279 3026 2299 3061 ι
2332 3008 2768 3064 demonstrantis
2790 3016 2913 3065 erat
2941 3023 3007 3065 ac
3040 3009 3290 3064 docentis
3320 3006 3464 3076 quod
3496 3018 3603 3061 non

2030 3098 2237 3167 periret

2107 3205 2126 3240 ι
2170 3187 2396 3243 Domine
2423 3186 2579 3253 Jesu,
2612 3188 2800 3256 accipe
2827 3188 3084 3258 spiritum
3115 3202 3315 3243 meum.
3351 3205 3369 3239 ι

442 3246 722 3331 Ἐντεῦθεν
742 3246 1015 3333 δείκνυται
1049 3279 1246 3348 μηκέτι
1292 3246 1372 3342 εἰς
1411 3246 1538 3350 ἁδου
1587 3276 1688 3342 τὰς
1718 3276 1828 3331 τῶν
1851 3276 1931 3332 δί-

2104 3276 2245 3333 Hiuc
2279 3279 2595 3335 ostenditur
2632 3246 2909 3346 iustorum
2956 3278 3169 3332 animas
3211 3293 3240 3331 a
3274 3276 3606 3346 corporibus

360 3371 526 3424 καίων
555 3371 775 3425 ἀπιέναι
798 3372 974 3442 ψυχὰς
996 3372 1104 3425 τῶν
1130 3371 1395 3441 σωμάτων
1426 3368 1927 3437 ἁπαλλαττομένας,

361 3464 501 3517 καθὰ
548 3464 641 3518 καὶ
692 3464 906 3535 πρώην,
936 3465 1251 3535 πέμπεσθαι
1304 3466 1360 3519 δὲ
1403 3464 1603 3535 μᾶλλον
1633 3465 1715 3527 είς
1744 3465 1930 3533 χεῖρας

359 3553 492 3607 Θεοῦ
546 3552 746 3617 ζῶντος
780 3554 865 3608 διὰ
909 3552 1002 3608 τοῦ
1042 3556 1261 3607 πάντων
1313 3553 1470 3623 ἡμῶν
1499 3552 1753 3623 Σωτῆρος
1788 3551 1922 3621 Χριει

363 3663 508 3700 στου.

435 3757 456 3790 ι
480 3735 609 3800 Θεὶς
631 3737 689 3792 δὲ
716 3737 783 3791 τὰ
809 3737 1030 3806 γόνατα,
1062 3737 1257 3809 ἔκραξε
1279 3741 1432 3809 φωνῇ
1460 3739 1693 3811 μεγάλῃ,
1728 3738 1923 3809 Κύριε,

364 3844 384 3878 ι
417 3825 492 3898 μὴ
520 3828 726 3899 στήσῃς
746 3827 926 3891 αὐτοῖς
947 3828 1044 3899 τὴν
1065 3828 1340 3899 ἁμαρτίαν
1365 3827 1587 3897 ταύτην.
1625 3828 1736 3882 Καὶ
1771 3828 1928 3881 τοῦτο

365 3935 383 3969 ι
410 3916 584 3973 εἰπὼν
612 3918 900 3989 ἐκοιμήθη.
929 3919 1132 3983 Σαῦλος
1145 3920 1201 3973 δὲ
1218 3916 1286 3990 ἦν
1314 3920 1652 3975 συνευδοκῶν
1680 3923 1747 3991 τῇ
1775 3922 1924 3975 ἀναι-

366 4026 383 4060 ι
411 4008 564 4075 ρέσει
592 4007 781 4062 αὐτοῦ.
1087 4023 1091 4026 ’

428 4100 551 4153 Ὅτι
577 4099 635 4151 δὲ
686 4098 1125 4169 προσευξαμένου
1178 4099 1343 4154 αὐτοῦ
1381 4098 1457 4171 μὴ
1506 4100 1701 4170 στῆσαι
1743 4101 1927 4165 αὐτοῖς

355 4192 436 4249 εἰς
463 4187 741 4258 ἁμαρτίαν
773 4188 862 4243 τὸν
887 4190 1079 4244 ἑαυτοῦ
1107 4192 1357 4259 θάνατον,
1390 4193 1439 4246 εί
1480 4192 1656 4261 ἀφέθη
1680 4193 1862 4257 αὐτοῖς
1889 4194 1923 4263 ἡ

357 4280 624 4349 ἁμαρτία,
652 4280 884 4349 ζητῆσαι
911 4281 1080 4344 ἄξιον.
1119 4281 1227 4335 Καί
1255 4299 1456 4350 φαμεν,
1485 4286 1534 4336 εἰ
1571 4283 1922 4353 μετενόησαν,

355 4371 575 4439 ἀφείθη.
629 4371 739 4424 Καὶ
767 4371 872 4441 γὰρ
908 4375 935 4425 ό
983 4373 1207 4443 μυρίαις
1272 4371 1435 4427 αὐτὸν
1494 4372 1702 4443 βάλλων
1747 4378 1925 4443 χερσὶ,

353 4462 450 4515 καὶ
479 4460 676 4526 διώξας
710 4459 805 4529 τὴν
847 4460 1172 4530 Ἐκκλησίαν
1193 4461 1426 4531 Παῦλος,
1456 4462 1553 4533 τῆς
1591 4462 1927 4534 Ἐκκλησίας

356 4554 667 4622 προστάτης
696 4553 931 4620 ἐγένετο.

956 4670 1205 4723 ΚΕΦΑΛ.
1256 4667 1335 4723 Θ’.

357 4782 497 4850 Περὶ
525 4781 782 4851 διωγμρῦ
810 4783 920 4850 τῆς
960 4784 1328 4851 Ἔκκλησίας
1368 4782 1463 4835 καὶ
1489 4779 1684 4849 ταφῆς
1708 4783 1932 4850 Στεφά-

437 4847 570 4914 ὶ-ου,
754 4847 886 4919 περὶ
900 4847 1218 4906 ’Φιλίππου
1240 4847 1347 4922 tota}
1367 4847 1737 4914 ἀποστόλου,
1785 4847 1933 4907 αἰολ-

442 4923 580 4990 ιοὺς
609 4924 934 4992 ιασαμένου
965 4924 1061 4977 ἐπὶ
1092 4922 1203 4991 τῆς
1232 4922 1584 4989 Σαμαρείας.

437 5034 458 5069 ι
500 5014 749 5083 Ἐγένετο
799 5014 855 5066 δὲ
901 5016 959 5067 έν
983 5012 1167 5085 ἐκείνῃ
1191 5015 1256 5082 τῇ
1293 5010 1476 5082 ἡμέρᾳ
1501 5009 1738 5080 διωγμὸς
1760 5010 1930 5079 μέγας

364 5128 385 5161 ι
421 5109 513 5162 ἐπὶ
549 5107 648 5177 τὴν
697 5104 1022 5176 Ἐκκλησίαν
1047 5104 1146 5174 τὴν
1179 5106 1236 5157 ὲν
1267 5102 1679 5173 Ἱεροσολύμοις.
1726 5103 1933 5165 Πάντες

363 5218 387 5251 ι
417 5214 476 5251 τε
506 5195 880 5266 διεσπάρησαν
905 5193 1044 5246 κατὰ
1076 5192 1176 5257 τὰς
1218 5192 1398 5264 χώρας
1422 5194 1519 5262 τῆς
1558 5190 1814 5254 Ἰουδαίας
1835 5192 1931 5245 καὶ

365 5308 386 5341 ι
416 5284 750 5356 Σαμαρείας,
782 5284 920 5353 πλὴν
957 5282 1064 5335 τῶν
1108 5281 1438 5338 ἀποστόλων.
1472 5281 1841 5351 Συνεκόμισαν
1873 5280 1953 5353 δὲ,

367 5402 387 5435 ι
414 5383 507 5437 τὸν
520 5380 792 5449 Στέφανον
805 5377 995 5449 ἄνδρες
1022 5377 1289 5443 εὐλαϐεῖς,
1308 5376 1402 5431 καὶ
1422 5378 1747 5447 ἐποιήσαντο
1772 5396 1929 5432 κοπε-

365 5494 385 5527 ι
410 5475 498 5527 τὸν
523 5473 697 5543 μέγαν
728 5472 814 5525 ἐπ’
844 5469 1012 5541 αὐτῷ.
1034 5469 1235 5531 Σαῦλος
1267 5470 1320 5523 δὲ
1350 5470 1666 5539 ἐλυμαίνετο
1694 5472 1930 5543 τὴνἚκ-

366 5586 389 5618 ι
419 5565 671 5638 κλησίαν,
689 5564 830 5619 κατὰ
844 5567 970 5626 τοὺς
990 5564 1170 5626 οίκους
1190 5562 1659 5632 εἰσπορευόμενος,
1677 5564 1854 5632 σύρων
1871 5582 1929 5617 τε

370 5676 392 5710 ι
419 5658 619 5727 ἄνδρας
637 5657 730 5710 καὶ
746 5659 1026 5725 γυναῖκας.
1044 5653 1335 5726 παρεδίδου
1356 5655 1435 5717 εἰς
1457 5653 1722 5725 φυλακήν.
1741 5655 1804 5709 Ol
1830 5655 1929 5726 μὲν
1952 5710 1957 5715 ,

371 5765 393 5802 ι
420 5748 510 5805 οῦν
538 5747 928 5819 διασπαρέντες
974 5746 1187 5817 διῆλθον
1224 5744 1698 5816 εὐαγγελιζόμενοι
1730 5745 1823 5801 τὸν
1845 5747 1929 5801 λόο

368 5859 390 5897 ι
419 5859 533 5913 γον.
567 5863 584 5897 ι

2030 3368 2294 3425 liberatas
2319 3384 2664 3439 nequaquam
2687 3371 2742 3425 in
2763 3369 3045 3433 infernum
3063 3369 3393 3424 descendere
3413 3384 3607 3438 quem-

2029 3460 2322 3523 admodum
2357 3468 2411 3516 et
2442 3471 2603 3520 antea
2629 3503 2645 3528 ,
2695 3462 2789 3517 sed
2840 3461 3140 3517 transmitti
3190 3464 3369 3531 potius
3401 3462 3456 3515 in
3491 3476 3607 3516 ma-

2030 3570 2137 3609 nus
2170 3553 2265 3609 Dei
2297 3554 2533 3611 viventis
2563 3570 2660 3626 per
2694 3554 2946 3610 omnium
2982 3566 3230 3610 nostrum
3265 3554 3604 3611 Salvatorem

2030 3646 2333 3701 Christum.

2098 3736 2209 3801 Vll,
2236 3737 2325 3794 59.
2373 3755 2392 3788 ι
2426 3735 2629 3793 Positis
2668 3746 2849 3794 autem
2894 3738 3124 3809 genibus
3168 3737 3427 3794 clamavit
3471 3752 3607 3794 νοω

2036 3844 2327 3899 «.magna:
2361 3830 2610 3896 Domine,
2644 3847 2712 3888 ue
2738 3839 2949 3885 statuas
2993 3831 3104 3887 illis
3151 3832 3256 3887 hoc
3301 3844 3605 3902 peccatum.

2037 3940 2053 3972 ι
2090 3921 2336 3991 Cumque
2371 3925 2473 3977 hoc
2508 3922 2757 3988 dixisset,
2792 3923 3148 3978 obdormivit.
3176 3922 3378 3979 Saulus
3424 3935 3607 3980 autem

2035 4028 2053 4060 ι
2087 4009 2467 4065 conscutiebat
2498 4009 2552 4064 in
2591 4024 2776 4066 necem
2805 4011 2948 4079 ejus.
2991 4029 3011 4063 ι

2108 4098 2245 4154 Cum
2285 4106 2469 4154 autem
2507 4099 2625 4167 ipse
2663 4108 2918 4169 precatus
2959 4098 3053 4162 sit,
3088 4114 3157 4152 ne
3191 4115 3292 4155 sua
3326 4115 3472 4155 mors
3498 4100 3609 4157 illis

2032 4189 2087 4244 in
2112 4198 2402 4260 peccatum
2430 4197 2791 4254 statueretur,
2813 4189 3038 4257 dignum
3067 4196 3152 4244 est
3177 4195 3236 4243 ut
3263 4189 3607 4257 inquiramus

2031 4291 2212 4349 utrum
2247 4288 2529 4350 peccatum
2561 4279 2731 4337 fuerit
2767 4280 2875 4335 illis
2913 4280 3231 4336 remissum.
3272 4280 3341 4334 Et
3372 4279 3609 4336 dicimus
3645 4314 3650 4318 -

2034 4374 2182 4443 quod
2213 4374 2321 4439 his,
2348 4374 2444 4444 qui
2473 4372 2851 4443 resipuerunt,
2876 4372 3167 4428 remissum
3196 4380 3301 4428 est.
3329 4371 3609 4442 Siquidem

2034 4464 2263 4530 Paulus,
2279 4465 2373 4534 qui
2400 4464 2551 4523 illum
2574 4462 2882 4519 innumeris
2900 4448 3057 4532 petiit
3080 4462 3404 4536 manibus‘et
3427 4477 3611 4532 perse-

1966 4586 2011 4641 υ
2035 4566 2196 4613 cutus
2221 4562 2306 4613 est
2353 4553 2677 4621 Ecclesiam,
2717 4557 2897 4611 factus
2931 4566 3021 4612 est
3048 4554 3305 4611 defensor
3330 4552 3608 4610 Ecclesia.

2649 4668 2881 4724 CAPUT
2920 4667 3011 4724 IX.

2037 4786 2113 4840 De
2141 4786 2499 4856 persecutione
2528 4785 2801 4856 Ecclesiae.
2836 4794 2885 4856 et
2917 4781 3477 4856 sepulturaVStepItani
3504 4798 3526 4856 :_
3555 4781 3610 4835 in

2106 4852 2207 4924 quo
2242 4858 2403 4910 etiam
2434 4859 2612 4924 agitur
2636 4856 2701 4907 de
2733 4852 2980 4922 Philippo
3008 4855 3271 4923 apostolo,
3297 4854 3387 4924 qui
3420 4852 3612 4906 multos

2098 4923 2158 4999 in
2188 4926 2443 4982 Samaria
2466 4923 2706 4977 curabat.

2110 5019 2238 5084 Vill,
2267 5019 2376 5073 1-4.
2414 5036 2431 5070 ι
2467 5018 2631 5071 Facta
2662 5027 2745 5072 est
2769 5026 2949 5071 autem
2977 5016 3030 5071 in
3061 5016 3153 5071 illo
3182 5018 3267 5072 die
3303 5014 3612 5086 persecutio

2040 5132 2058 5163 ι
2100 5126 2296 5180 magna
2329 5109 2595 5163 adversus
2625 5107 2949 5169 Ecclesiam,
2983 5121 3105 5176 quae
3141 5117 3255 5161 erat
3292 5105 3606 5176 Hierosoly-

2041 5221 2059 5253 ι
2099 5201 2223 5263 mis,
2268 5212 2572 5269 omnesque
2622 5197 2857 5268 dispersi
2902 5197 3011 5268 76
3048 5206 3176 5252 sunt
3220 5212 3317 5266 per
3358 5198 3608 5267 regiones

2041 5310 2060 5344 ι
2096 5289 2296 5347 ludam
2322 5296 2377 5344 et
2402 5287 2683 5356 Samaria,
2706 5294 2902 5358 praeter
2924 5288 3225 5357 apostolos.
3257 5284 3604 5342 Curaveruut

2042 5403 2059 5436 ‹
2105 5392 2289 5438 autem
2323 5380 2660 5450 Stephanum
2694 5395 2801 5435 una
2832 5380 2934 5434 viri
2966 5379 3236 5452 religiosi,
3269 5393 3333 5434 ac
3370 5379 3607 5434 fecerunt

2042 5494 2058 5525 ι
2099 5474 2374 5541 planctum
2413 5486 2669 5541 magnum
2706 5486 2870 5542 super
2904 5487 3049 5529 eum.
3101 5471 3305 5526 Saulus
3346 5486 3476 5525 vero
3516 5471 3608 5525 dc-

2043 5587 2058 5617 ι
2104 5565 2351 5622 vastabat
2383 5560 2711 5627 Ecclesium,
2749 5576 2844 5630 per
2876 5561 3120 5632 singulas
3149 5563 3344 5617 domos
3379 5552 3608 5622 intrans,

2042 5655 2436 5722 «trahensque
2472 5653 2624 5708 viros
2658 5666 2725 5707 ac
2750 5652 3031 5721 mulieres,
3062 5651 3309 5709 tradebat
3340 5651 3392 5705 in
3416 5659 3606 5706 custo-

2004 5780 2007 5783 ι
2042 5768 2059 5799 ι
2097 5747 2261 5802 diam.
2288 5743 2370 5798 Illi
2401 5745 2586 5813 itaque
2613 5743 2847 5815 dispersi
2881 5743 3240 5815 peragrahant
3271 5741 3602 5797 annuutiau~

2041 5858 2057 5891 ι
2100 5848 2179 5894 tes
2215 5836 2431 5892 verbum
2468 5834 2581 5891 Dei.
2622 5850 2641 5886 ι
