4024 6602
408 413 515 490 155

407 631 552 676 stum
599 622 827 676 insidias
870 623 938 676 ad
984 622 1187 676 bonum
1233 620 1397 677 ﬁnem
1444 622 1698 680 deducat.
1743 624 1984 695 Dispersi

410 725 649 781 namque
674 713 848 765 multo
875 714 1057 781 plures
1086 711 1412 766 irretiebant
1440 715 1753 783 evangelica
1784 727 1988 784 sagena

410 819 574 872 quam
608 813 736 858 ante
773 805 1229 873 persecutionem.
1265 804 1512 872 Apostoli
1546 820 1676 859 vero
1708 820 1817 860 non
1854 816 1986 861 sunt

411 898 672 965 dispersi,
707 897 798 951 sed
834 896 1224 966 Hierosolymis
1254 903 1434 950 erant.
1479 894 1580 951 Ubi
1624 897 1772 951 enim
1814 898 1988 968 potis-

411 990 548 1043 sima
584 998 699 1042 erat
729 988 1082 1056 oppugnatio,
1118 988 1190 1042 ibi
1222 990 1426 1057 primos
1451 1001 1515 1042 ac
1546 989 1852 1068 praecipuos
1882 989 1987 1042 mi-

412 1080 536 1134 lites
581 1078 635 1132 in
679 1081 795 1133 acie
835 1088 983 1134 stare
1023 1079 1325 1148 Oportebat,
1381 1083 1700 1150 caeterisque
1758 1082 1988 1152 proponi

411 1174 467 1227 in
496 1172 802 1240 exeniplum
837 1172 1180 1228 fortitudinis
1211 1181 1268 1226 et
1296 1173 1562 1228 audaciae.
1590 1172 1788 1232 Verum
1819 1174 1865 1230 si
1901 1189 1987 1229 re-

410 1263 590 1332 ligiosi
621 1272 797 1330 erant,
835 1263 926 1331 qui
963 1264 1294 1332 Stephanum
1329 1265 1684 1334 sepelierunt,
1709 1266 1986 1335 quomodo

414 1356 692 1424 planctum
757 1356 1048 1410 fecerunt?
1109 1355 1218 1410 Aut
1275 1357 1404 1426 quia
1457 1357 1700 1411 nondum
1759 1357 1986 1426 perfecti

409 1458 588 1508 erant.
638 1459 730 1502 aut
760 1449 904 1518 quod
959 1449 1268 1515 planxerint
1310 1457 1464 1504 tanto
1510 1451 1790 1519 pratfccto,
1833 1456 1985 1504 tanto

413 1541 738 1611 patrocinio,
773 1548 923 1598 tanta
954 1541 1224 1606 doctrina,
1261 1543 1538 1612 tantisque
1563 1543 1736 1612 signis
1768 1542 1982 1613 privati,

417 1641 469 1684 ct
501 1630 647 1700 quod
692 1631 877 1684 mitem
929 1632 1079 1684 illum
1119 1647 1182 1686 ac
1234 1631 1525 1702 benignum
1568 1633 1985 1704 conspiciebant

416 1733 713 1783 mortuum,
756 1720 1142 1791 lapidibusque
1173 1737 1522 1790 oppressura.

484 1812 616 1879 Vlll,
657 1813 770 1870 4—9.
815 1833 832 1866 ι
869 1813 1152 1882 Philippus
1176 1825 1358 1870 autem
1384 1815 1665 1885 digressus
1693 1817 1746 1870 in
1781 1809 1978 1874 civita-

417 1925 438 1958 ι
477 1916 584 1961 tem
616 1905 878 1961 Samaria:
912 1908 1242 1975 praedicabat
1271 1907 1378 1963 illis
1407 1908 1711 1963 Christum.
1737 1908 1983 1964 Intende-

416 2016 436 2047 ι
479 1998 608 2050 bant
645 2005 824 2049 autem
863 1995 1032 2050 turba:
1068 1996 1175 2059 his,
1211 2013 1331 2066 quae
1364 2013 1395 2052 a
1436 1999 1686 2067 Philippo
1718 1999 1978 2054 diceban-

323 2097 327 2100 ·
414 2103 436 2134 c
472 2093 576 2143 tur,
605 2083 934 2139 unanimiter
963 2085 1245 2139 audientes
1304 2101 1368 2140 ac
1398 2087 1644 2142 videntes
1677 2089 1828 2158 signa
1860 2104 1980 2156 qua:

418 2196 434 2224 ι
473 2175 688 2228 edebat.
723 2175 1133 2243 Spiritus'enim
1167 2178 1434 2232 immundi
1462 2195 1524 2233 cx
1557 2181 1762 2243 multis,
1793 2184 1884 2251 qui
1911 2182 1980 2236 ab

418 2287 435 2318 ι
476 2267 610 2335 ipsis
643 2267 990 2333 tenebantur,
1013 2270 1314 2326 clamantes
1346 2286 1541 2339 magna
1573 2289 1705 2328 voce
1733 2275 1976 2328 exibant.

411 2375 435 2409 ι
477 2359 624 2413 Multi
673 2368 854 2416 autem
911 2363 1194 2431 paralytici
1241 2371 1293 2418 et
1338 2363 1520 2418 claudi
1579 2366 1758 2419 curati
1821 2375 1977 2421 sunt.

415 2467 434 2499 ι
473 2447 810 2519 Factumque
858 2459 942 2507 est
992 2453 1250 2520 gaudium
1297 2469 1555 2524 magnum
1603 2456 1656 2510 in
1708 2456 1800 2512 illa
1847 2459 1984 2513 civi-

417 2560 434 2592 ι
475 2551 600 2596 tale.
633 2562 654 2594 ι

481 2630 600 2686 Non
636 2641 720 2686 est
754 2632 842 2688 hic
876 2632 1162 2704 Philippus
1198 2638 1500 2701 apostolus,
1525 2641 1621 2708 qui
1665 2640 1806 2695 inter
1839 2641 1980 2698 duo-

412 2723 589 2777 decim
638 2735 960 2778 numeratus
997 2734 1102 2788 est,
1153 2727 1247 2782 sed
1301 2743 1443 2783 unus
1493 2745 1559 2783 ex
1605 2741 1834 2800 septem,
1886 2735 1980 2803 qui

415 2831 540 2869 cum
579 2816 854 2885 Stephano
904 2817 1148 2873 delectus
1194 2817 1375 2874 fuerat
1415 2821 1481 2875 ad
1528 2823 1979 2890 gubernationem

411 2908 722 2963 viduarum.
766 2910 823 2963 Id
868 2919 1048 2965 autem
1084 2925 1270 2967 verum
1310 2927 1431 2966 esse
1467 2913 1596 2968 hinc
1629 2915 1980 2971 manifestum

411 2995 526 3058 est.
565 3002 711 3057 Solis
750 3003 894 3057 enim
935 3004 1200 3072 apostolis
1246 3003 1636 3076 Hierosolyma:
1677 3007 1978 3072 derelictis,

418 3099 739 3148 cretcrorum
775 3109 904 3148 vero
948 3095 1338 3162 discipulorum
1367 3097 1497 3152 aliis
1532 3099 1659 3152 alibi
1696 3100 1980 3170 dispersis,

415 3195 578 3256 prout
613 3186 725 3256 jam
766 3185 970 3240 dictum
1002 3194 1106 3251 est,
1138 3203 1330 3243 omnes
1371 3189 1515 3244 circa
1558 3189 1760 3247 Iudaeae
1789 3209 1851 3248 ac
1883 3193 1982 3248 Sa-
2010 3229 2058 3291 ε

418 3281 604 3332 marize
655 3280 904 3348 regiones
948 3277 1182 3347 dispersi
1234 3290 1379 3346 sunt,
1434 3291 1632 3352 praeter
1676 3289 1978 3355 apostolos.

414 3371 558 3424 lnler
590 3370 691 3424 hos
731 3384 862 3438 ergo
905 3370 1186 3439 dispersos
1251 3381 1369 3427 erat
1409 3374 1512 3429 iste
1555 3375 1856 3448 Philippus,
1891 3379 1985 3450 qui

411 3473 469 3518 et
504 3461 779 3516 Simonem
819 3463 1078 3517 instruxit
1120 3465 1172 3518 in
1220 3465 1491 3520 Samaria.
1528 3469 1596 3522 Et
1645 3485 1768 3524 cum
1817 3488 1988 3526 eunu-

413 3556 575 3609 chum
612 3555 766 3623 juxta
805 3553 1049 3608 divinum
1095 3556 1430 3623 haptizasset
1469 3560 1779 3627 oraculum,
1815 3563 1922 3632 77
1956 3577 1985 3616 a

417 3645 632 3701 Domini
665 3643 868 3714 Spiritu
906 3646 1180 3712 repositus
1211 3655 1295 3700 est
1325 3649 1504 3712 Azoti,
1531 3651 1787 3720 venitque
1813 3653 1988 3708 Caesa-

418 3751 589 3799 ream,
613 3751 732 3805 qua:
767 3736 870 3804 ipsi
905 3738 1080 3804 patria
1109 3746 1247 3791 erat.
1282 3737 1420 3792 Cum
1454 3742 1598 3795 enim
1641 3743 1694 3796 in
1731 3759 1989 3813 persecu-

418 3829 582 3891 tione,
617 3842 736 3896 quze
767 3829 940 3881 fuerat
973 3836 1217 3896 tempore
1250 3827 1536 3900 Stephani,
1573 3839 1816 3888 tentatus
1852 3836 1987 3892 fuis-

419 3927 522 3979 set.
569 3933 632 3972 ac
702 3919 978 3972 timuisset
1023 3934 1093 3973 ne
1134 3928 1188 3973 et
1235 3919 1350 3989 ipse
1398 3923 1662 3977 similium
1713 3928 1985 3996 particeps

419 4012 574 4066 ﬁeret
597 4009 981 4080 periculorum,
1006 4011 1226 4066 domum
1259 4029 1477 4069 rursum
1513 4017 1688 4083 petiit.
1715 4016 1987 4074 Prmtorca

419 4104 464 4156 si
493 4117 634 4156 unus
663 4109 782 4156 erat
803 4103 1196 4171 apostolorum,
1223 4119 1346 4159 cum
1380 4106 1432 4159 in
1468 4108 1715 4161 Samaria
1745 4109 1990 4179 baptiza-

419 4201 526 4255 ret,
560 4193 794 4247 habebat
820 4195 1007 4262 utique
1035 4198 1417 4251 auctoritatem
1452 4198 1577 4251 doni
1615 4199 1850 4267 Spiritus
1885 4219 1899 4255 :
1933 4212 1990 4257 et

414 4299 756 4353 nequaquam
794 4285 986 4340 Petrus
1013 4303 1076 4341 ac
1101 4285 1344 4342 Joannes
1385 4288 1454 4342 ab
1485 4289 1880 4362 Hierosolymis
1918 4291 1987 4347 ad

414 4392 512 4430 eos
535 4375 950 4436 descendentes.
979 4377 1219 4447 Spiritus
1245 4380 1474 4448 gratiam
1509 4380 1619 4435 illis
1647 4382 1985 4438 tribuissent.

416 4467 515 4521 llic
543 4468 728 4537 itaque
762 4477 972 4521 tantum
1007 4470 1248 4537 haptizat
1285 4478 1472 4538 utpote
1499 4470 1825 4541 discipulus,
1864 4491 1988 4545 gra-

1487 406 1885 483 mcunENu
1927 427 2214 486 rmccs
2258 429 2596 488 EPlSCOPl

482 524 614 582 Vide
640 529 918 596 quomodo
955 529 1099 586 Deus
1143 529 1495 585 inimicorum
1533 532 1799 588 adVCl'SllS
1831 535 1990 590 (Ibri-
2018 543 2064 598 Α

3556 433 3658 497 156

2167 541 2308 609 Ὀρα
2337 543 2452 604 πῶς
2485 543 2513 596 ό
2543 543 2675 606 Θεὸς
2713 543 2810 606 τὰς
2841 543 3131 607 επιϐουλὰς
3173 545 3282 597 τῶν
3332 545 3544 616 ἐχθρῶν
3577 551 3655 613 τίς

2088 629 2325 696 χρηστὸν
2356 628 2479 695 ἄγει
2511 630 2681 692 τέλος.
2709 631 3110 702 Διασπαρέντες
3134 632 3242 700 γὰρ
3277 633 3411 688 πολὺ
3441 635 3655 701 πλείους

2085 720 2479 790 ὲσαγήνευσαν,
2528 722 2560 792 ἦ
2600 723 2730 792 πρὶν
2787 723 3095 794 διωχθῆναι.
3144 727 3207 778 Ol
3261 725 3317 780 δὲ
3372 727 3657 783 ἀπόστολοι

2085 812 2145 865 οὐ
2169 813 2560 884 διεσπάρησαν,
2590 814 2702 868 ἀλλ’
2746 811 2885 886 ἦσαν
2943 817 3000 869 ἐν
3047 818 3456 889 Ἰεροσολύμοις.
3493 821 3659 876 Ἔνθα

2086 909 2195 977 γὰρ
2227 908 2425 962 πλείων
2470 911 2498 962 ό
2551 911 2808 980 πόλεμος,
2859 914 2975 965 ἐκεῖ
3038 914 3480 984 παρατάττεσθαι
3531 921 3658 980 τοὺς

2087 1000 2550 1069 πρωταγωνιστὰς
2575 1001 2699 1062 ἔδει,
2744 1003 2837 1055 καὶ
2857 1004 3180 1072 προκεῖσθαι
3211 1008 3322 1070 τοῖς
3347 1007 3525 1072 ἄλλοις
3561 1009 3656 1062 ἀν-

2086 1090 2270 1162 δρείας
2301 1093 2395 1145 καὶ
2421 1092 2656 1163 θάρσους
2684 1094 3006 1165 ὑπόδειγμα.
3039 1098 3098 1148 El
3127 1097 3182 1150 δὲ
3213 1098 3460 1162 εὐλαϐεῖς
3489 1102 3535 1152 οἱ
3564 1102 3658 1154 Θά-

2085 1185 2286 1253 ψαντες
2316 1185 2407 1238 τὸν
2435 1186 2728 1255 Στέφανον,
2784 1187 2898 1250 πῶς
2943 1189 3267 1258 ἐποιήσαντο
3293 1191 3553 1257 κοπετόν;
3589 1191 3658 1245 Ἦ

2085 1279 2167 1331 ὅτι
2187 1277 2340 1330 οὔπω
2367 1274 2507 1349 ἦσαν
2536 1279 2751 1343 τέλειοι,
2791 1281 2822 1352 ἢ
2862 1282 2942 1334 ὅτι
2989 1282 3274 1351 ὲκόψαντο,
3315 1284 3657 1354 προστασίας

2086 1371 2374 1442 τοσαύτης,
2421 1371 2768 1437 διδασκαλίας
2803 1375 3088 1446 τοιαύτης,
3125 1376 3366 1445 σημείων
3403 1374 3660 1429 τοιούτων

2085 1461 2570 1532 ἀποστερούμενοι,
2601 1465 2694 1516 καὶ
2719 1465 2952 1530 ὁρῶντες
2974 1467 3151 1535 πρᾶον
3177 1468 3382 1520 ἐκεῖνον
3403 1466 3494 1519 καὶ
3514 1466 3658 1536 ἦμε-

2092 1571 2182 1626 ρον
2212 1553 2424 1623 νεκρὸν,
2456 1553 2795 1610 λιθόλευστον
2830 1557 3098 1627 κείμενον.

2164 1838 2181 1868 ‹
2212 1817 2476 1882 Φίλιππος
2504 1818 2560 1871 δὲ
2589 1805 2864 1872 κατελθὼν
2893 1821 2974 1883 είς
3023 1819 3176 1874 πόλιν
3215 1819 3315 1888 τῆς
3344 1821 3659 1892 Σαμαρείας

2092 1931 2110 1963 ‹
2139 1914 2437 1982 ἐκήρυσσεν
2450 1913 2632 1974 αὐτοῖς
2655 1912 2744 1965 τὸν
2767 1912 3021 1981 Χριστόν.
3043 1912 3338 1983 Προσείχόν
3360 1930 3419 1966 τε
3443 1914 3490 1966 οί
3510 1912 3657 1983 ὄχλοι

2095 2023 2114 2056 ι
2145 2006 2257 2067 τοῖς
2281 2004 2596 2074 λεγομένοις
2634 2003 2738 2058 ὑπὸ
2774 2003 2867 2056 τοῦ
2911 2004 3200 2070 Φιλίππου,
3231 2005 3567 2073 ὁμοθυμαδὸν
3597 2005 3658 2057 ἐν

2093 2111 2112 2145 ι
2143 2093 2220 2162 τῷ
2239 2093 2456 2147 ἀκούειν
2480 2095 2696 2157 αὐτοὺς,
2723 2096 2816 2147 καὶ
2841 2094 3061 2163 βλέπειν
3083 2096 3149 2147 τά
3177 2098 3376 2166 σημεῖα
3399 2095 3434 2149 ἃ
3459 2095 3654 2150 ἐποίει.

2096 2184 2360 2239 «Πολλῶν
2417 2185 2524 2255 γάρ
2568 2185 2677 2237 τῶν
2734 2185 2964 2254 ἐχόντων
3028 2187 3313 2256 πνεύματα
3349 2187 3657 2258 ἀκάθαρτα,

2094 2277 2346 2348 ιιβοῶντα
2382 2277 2590 2348 μεγάλῃ
2622 2280 2796 2347 φωνῇ,
2846 2275 3124 2348 ἐξήρχετο.
3170 2274 3361 2331 Πολλοὶ
3391 2279 3448 2331 δὲ
3477 2296 3658 2350 παρα-

2093 2388 2113 2422 ι
2139 2368 2421 2439 λελυμένοι
2461 2370 2556 2422 καὶ
2610 2368 2772 2438 χωλοὶ
2799 2367 3266 2438 ἐθεραπεύθησαν.
3301 2369 3410 2423 Καὶ
3443 2370 3660 2438 ἐγένετο

2095 2479 2114 2512 ι
2143 2460 2288 2530 χαρά
2325 2460 2536 2530 μεγάλη
2558 2463 2617 2514 ὲν
2637 2462 2702 2531 τῇ
2741 2460 2891 2512 πόλει
2914 2460 3118 2532 ἐκείνῃ.
3158 2480 3176 2512 ι

2157 2637 2268 2706 Οὐχ
2301 2638 2330 2689 ό
2373 2635 2666 2698 ἀπόστολος
2705 2637 2986 2703 Φίλιππος,
3020 2639 3046 2690 ό
3086 2639 3143 2689 ἐν
3171 2639 3283 2697 τοῖς
3319 2636 3524 2690 δώδεκα
3551 2654 3658 2690 κα-

2087 2729 2465 2798 ταλεγόμενος,
2498 2723 2653 2790 οὗτός
2685 2728 2853 2790 ἐστιν,
2880 2727 2994 2781 ἀλλ’
3021 2721 3102 2790 είς
3123 2727 3232 2780 τῶν
3271 2729 3430 2791 ἑπτὰ,
3453 2731 3490 2780 .ό
3521 2727 3661 2796 μετὰ

2088 2820 2362 2886 Στεφάνου
2391 2819 2659 2886 ὲπιλεγεὶς
2692 2819 2828 2889 πρὸς
2853 2821 2951 2886 τὴν
2977 2819 3085 2871 τῶν
3113 2819 3298 2889 χηρῶν
3326 2819 3658 2889 οἰκονομίαν.

2091 2910 2214 2962 Ὀτι
2262 2909 2319 2962 δὲ
2384 2907 2580 2977 ἀληθές
2619 2910 2801 2972 ἐστιν,
2862 2909 3108 2962 ἐντεῦθεν
3161 2911 3338 2980 δῆλον.
3400 2911 3520 2964 Τῶν
3551 2913 3662 2983 γὰρ

2088 3002 2401 3056 ἀποστόλων
2429 3002 2603 3070 μόνων
2635 3003 2694 3054 ἐν
2739 3001 3130 3072 Ἱεροσολύμοις
3162 3004 3657 3073 παραλειφθέντων,

2089 3095 2197 3148 τῶν
2226 3094 2281 3147 δὲ
2304 3094 2506 3147 λοιπῶν
2541 3093 2795 3163 μαθητῶν
2821 3094 2994 3148 ἄλλων
3037 3096 3296 3166 ἀλλαχόσε
3329 3095 3659 3166 διασπαρέν-

2087 3203 2219 3252 των,
2251 3188 2392 3240 κατὰ
2420 3186 2480 3240 τὺ
2499 3186 2786 3257 εἰρημένον
2813 3186 2936 3257 ἤδη,
2969 3187 3168 3250 πάντες
3200 3187 3257 3240 δὲ
3287 3189 3658 3257 διεσπάρησαν

2087 3278 2227 3333 κατὰ
2253 3279 2352 3339 τὰς
2387 3277 2568 3348 χώρας
2593 3278 2694 3341 τῆς
2737 3277 2995 3340 Ἰουδαίας
3025 3279 3118 3332 καὶ
3154 3280 3484 3349 Σαμαρείας,
3519 3278 3658 3348 πλὴν

2086 3371 2194 3424 τῶν
2252 3370 2586 3424 ἀποστόλων.
2637 3371 2725 3422 Ἐν
2762 3373 2874 3432 τοῖς
2913 3370 3291 3440 διασπαρεῖσιν
3321 3365 3389 3439 ἦν
3445 3371 3538 3422 καὶ
3569 3365 3656 3424 οὗ·

2087 3478 2178 3522 τος
2227 3461 2256 3513 ό
2310 3461 2591 3524 Φίλιππος,
2624 3459 2683 3522 ὃς
2735 3458 2948 3512 καὶτὸν
2977 3459 3208 3527 Σίμωνα,
3240 3457 3549 3526 κατήχησεν
3601 3457 3659 3508 ἐν

2089 3553 2396 3624 Σαμαρείᾳ,
2428 3555 2521 3606 καὶ
2553 3553 2693 3606 κατὰ
2716 3552 2856 3606 θεῖον
2881 3552 3129 3622 χρησμὸν
3152 3551 3241 3604 τὸν
3267 3549 3536 3618 Εὐνοῦχον
3568 3548 3660 3618 βα-

2089 3646 2308 3710 πτίσας,
2340 3645 2445 3698 ὑπὸ
2472 3645 2788 3713 Πνεύματος
2813 3644 3019 3714 Κυρίου
3061 3645 3137 3706 είς
3165 3641 3404 3704 Ἄζωτον
3436 3639 3655 3711 εὑρέθη,

2089 3738 2227 3807 πρὸς
2251 3737 2308 3790 δὲ
2340 3738 2675 3806 Καισάρειαν
2703 3735 2930 3805 ὥρμησε
2955 3735 3051 3804 τὴν
3092 3732 3255 3786 αὑτὸν
3305 3731 3655 3799 ἔνεγκοῦσαν.

2088 3829 2132 3879 Τ
2135 3827 2202 3896 ἧς
2231 3825 2339 3894 γὰρ
2363 3827 2455 3878 ἐπὶ
2481 3826 2753 3894 Στεφάνου
2781 3823 2957 3892 λύπης
2983 3821 3320 3892 πειρασθεὶς,
3353 3821 3445 3874 καὶ
3473 3821 3657 3883 δείσας

2093 3919 2168 3990 μὴ
2222 3919 2330 3971 τῶν
2384 3918 2586 3988 ὁμοίων
2649 3917 2916 3987 μετάσχῃ,
2974 3913 3396 3980 ὲπαλινόστησεν
3452 3912 3654 3967 οἴκαδε.

2093 4012 2299 4074 ’Ἄλλως
2316 4029 2394 4077 τε,
2429 4013 2476 4064 εί
2507 4013 2534 4064 ό
2563 4011 2827 4080 βαπτίσας
2860 4012 2919 4063 ἐν
2946 4008 3231 4080 Σαμαρείᾳ
3264 4004 3344 4070 εἷς
3376 4008 3485 4060 τῶν
3523 4008 3658 4060 ἀπο-

2091 4106 2292 4158 στόλων
2314 4100 2404 4175 ἦν,
2441 4099 2586 4174 εἶχεν
2626 4103 2692 4156 ἂν
2713 4103 2812 4174 τὴν
2843 4102 3127 4155 αύθεντίαν
3152 4103 3251 4170 τῆς
3281 4100 3375 4153 τοῦ
3409 4101 3660 4169 [nespa-

2087 4215 2179 4261 τος
2209 4197 2429 4261 δόσεως,
2476 4197 2566 4250 καὶ
2596 4196 2695 4249 οὐκ
2727 4196 2792 4248 ἂν
2844 4196 3046 4265 Πέτρος
3084 4195 3176 4247 καὶ
3214 4194 3463 4262 Ἰωάννης
3494 4210 3661 4245 κατα-

2089 4289 2282 4352 ϐάντες
2303 4289 2411 4341 ἀπὸ
2447 4287 2830 4357 Ἰεροσολύμων
2855 4287 2992 4354 πρὸς
3013 4284 3208 4347 αὐτοὺς
3244 4284 3342 4353 τὴν
3369 4284 3467 4336 τοῦ
3493 4283 3661 4336 Πνεύ-

2095 4397 2260 4451 ματος
2283 4378 2619 4447 παρέσχοντο
2651 4378 2828 4445 χάριν.
2855 4371 3019 4436 Οὗτος
3048 4374 3144 4428 οῦν
3185 4374 3436 4444 βαπτίζει
3480 4375 3657 4443 μόνον,

2091 4473 2168 4534 ὼς
2198 4470 2465 4540 μαθητὴς,
2499 4467 2756 4520 τελειοῦσι
2788 4467 2844 4519 δὲ
2891 4466 2991 4536 τὴν
3047 4466 3208 4535 χάριν
3264 4465 3315 4516 οἱ
3343 4464 3655 4528 ἀπόστολοι,

413 4565 545 4614 tiam
577 4575 708 4615 vero
737 4562 1025 4628 perﬁciunt
1054 4562 1308 4631 apostoli,
1337 4563 1536 4632 quibus
1571 4565 1694 4620 talis
1723 4568 1848 4623 doni
1883 4585 1984 4625 au-

2090 4558 2168 4625 οἷς
2187 4565 2220 4630 ἡ
2254 4560 2354 4629 τῆς
2394 4560 2648 4628 τοιαύτης
2678 4558 2876 4620 δόσεως
2904 4556 3190 4610 αὑθεντεία
3215 4556 3424 4610 ἐδέδοτο

416 4654 649 4708 ειοιιὶιοε
679 4668 943 4710 c0ncessa
976 4663 1117 4708 erat.

1028 4745 1260 4800 CAPUT
1300 4745 1370 4801 Χ.

415 4838 494 4894 De
522 4837 732 4894 Simone
761 4838 942 4909 Hago,
969 4840 1058 4908 qui
1085 4855 1202 4891 cum
1233 4839 1472 4906 pluribus
1507 4841 1630 4894 aliis
1663 4842 1909 4904 credidit,
1936 4855 1987 4897 et

483 4911 800 4980 baptizatus
829 4920 905 4962 est
953 4926 973 4980 ς
1017 4911 1073 4961 in
1115 4924 1216 4977 quo
1255 4910 1414 4962 etiam
1454 4912 1632 4980 agitur
1662 4911 1725 4964 de
1761 4915 1909 4966 Petri
1938 4925 1990 4968 et

481 4980 708 5034 Joannis
737 4979 802 5032 ad
826 4995 913 5032 eos
944 4979 1228 5052 legatione,
1249 4979 1648 5035 etinvocatione
1669 4984 1840 5036 sancti
1867 4981 1988 5052 Spi-

473 5053 618 5106 ritus
649 5065 806 5118 super
827 5065 936 5113 eos,
961 5049 1052 5118 qui
1083 5049 1343 5114 baptizati
1369 5059 1544 5103 erant.

483 5211 836 5286 Ylll,9-15.t
865 5209 1159 5266 Virautem
1181 5211 1397 5279 quidam
1420 5212 1642 5268 nomine
1656 5211 1866 5281 Simon,
1894 5215 1988 5284 qui

421 5326 441 5360 ι
475 5315 632 5360 antea
668 5307 720 5358 in
754 5321 814 5358 ea
853 5305 1074 5358 civitate
1103 5304 1395 5358 exercebat
1426 5312 1599 5359 artem
1631 5307 1895 5375 magicam
1925 5322 1989 5362 ac

421 5421 440 5452 ι
472 5401 880 5454 dementaverat
930 5410 1141 5467 gentem
1197 5395 1480 5460 Samaria»,
1527 5398 1715 5451 dicens
1761 5413 1820 5452 se
1866 5413 1989 5454 esse

421 5513 440 5545 ι
473 5493 780 5562 quempiam
827 5505 1107 5560 magnum,
1158 5491 1244 5543 cui
1290 5488 1676 5545 auscultabant
1720 5503 1913 5544 omnes
1957 5504 1988 5542 a

421 5603 442 5637 ι
476 5585 702 5639 minimo
743 5598 913 5652 usque
960 5585 1024 5637 ad
1073 5585 1395 5643 maximum,
1428 5581 1678 5637 dicentes
1714 5597 1726 5632 :
1769 5579 1875 5635 iste
1904 5589 1989 5635 est

424 5695 442 5728 ι
474 5679 652 5729 virtus
685 5676 798 5735 Dei.
823 5691 944 5745 qua:
966 5686 1195 5730 vocatur
1221 5690 1437 5744 magna.
1464 5673 1862 5727 Auscultabant
1896 5686 1991 5724 au-

426 5788 444 5818 ι
474 5777 580 5822 tem
619 5768 668 5822 ei
703 5775 993 5837 propterea
1032 5766 1177 5838 quod
1233 5767 1408 5821 multo
1479 5777 1723 5834 tempore
1765 5761 1987 5831 magicis

425 5877 448 5913 ι
481 5859 690 5916 artibus
713 5859 1078 5918 detnentasset
1105 5873 1221 5915 eos.
1248 5857 1448 5910 Verum
1480 5870 1601 5911 cum
1627 5851 1990 5910 credidissent

2697 4740 2940 4793 ΚΕΦΔΛ.
2984 4739 3041 4790 1'.

2089 4837 2224 4905 Περὶ
2261 4838 2524 4902 Σίμωνος
2548 4831 2653 4905 τοῦ
2683 4830 2908 4905 Μάγου,
2939 4827 3380 4905 πιστεύσαντος
3419 4827 3517 4905 argi.
3541 4828 3659 4905 βατ

2159 4891 2514 4969 ἓττισᾶἐντοςῖ
2559 4902 2682 4955 σὺν
2712 4891 2935 4965 ἑτέροις
2962 4898 3245 4969 πλείοσιν
3264 4912 3276 4924 ο
3335 4897 3420 4969 ea
3439 4891 3488 4962 ᾧ
3522 4899 3654 4964 περὶ

2161 4975 2272 5040 τῆς
2305 4967 2525 5039 Πέτρου
2549 4972 2644 5024 καὶ
2681 4970 2960 5040 Ἰωάννου
2982 4967 3140 5040 ,πρὸς
3171 4967 3361 5040 αὐτοῦ
3392 4967 3658 5040 ἀποστοτ

2160 5037 2296 5113 λῆς,
2337 5037 2435 5096 καὶ
2458 5043 2781 5113 ἐπίκλησις
2813 5038 2918 5091 τοῦ
2957 5039 3128 5104 ἁγίου
3159 5037 3502 5105 Πνεύμίιτος
3558 5037 3657 5089 ἐπὶ

2159 5111 2303 5179 τοὺς
2321 5111 2785 5178 ﬁam-maenae.

2165 5225 2183 5258 ι
2225 5205 2389 5272 Ἀνὴρ
2420 5203 2477 5255 δέ
2509 5219 2588 5263 τις
2620 5200 2842 5267 ὀνόματι
2886 5197 3068 5266 Σίμων
3101 5198 3455 5267 προϋπῆρχεν
3491 5197 3548 5247 ὲν
3590 5199 3659 5266 τῇ

2096 5319 2114 5353 ι
2143 5300 2315 5363 πόλει,
2357 5294 2611 5366 μαγεύων
2648 5292 2744 5344 καὶ
2801 5289 3025 5354 ὲξιστῶν
3053 5288 3114 5342 τὸ
3159 5289 3312 5350 ἔθνος
3337 5290 3438 5356 τῆς
3470 5289 3659 5358 Σαμα-

2097 5410 2116 5443 ι
2149 5391 2320 5460 ρείας,
2349 5385 2523 5453 λέγων
2545 5379 2684 5436 εἷναί
2711 5400 2832 5435 τινα
2855 5380 3043 5433 ἑαυτὸν
3085 5381 3277 5448 μέγαν,
3305 5375 3348 5447 ᾧ
3370 5383 3662 5450 προσεῖχον

2096 5502 2114 5534 ι
2143 5481 2252 5535 άπὸ
2281 5477 2478 5548 μικροῦ
2525 5476 2628 5539 ἕως
2655 5475 2911 5546 μεγάλου,
2940 5473 3214 5542 λέγοντες*
3253 5465 3418 5534 Οὗτός
3449 5476 3598 5526 ἐστιν
3624 5475 3661 5543 ἡ

2097 5593 2116 5624 ι
2138 5572 2366 5640 δύναμις
2395 5567 2490 5619 τοῦ
2533 5567 2689 5632 Θεοῦ,
2727 5568 2761 5636 ἡ
2805 5567 3034 5635 μεγάλη.
3072 5566 3363 5633 Προσεῖχον
3396 5563 3450 5615 δὲ
3483 5562 3659 5633 αὐτῷ,

2098 5683 2116 5715 ι
2145 5663 2233 5716 διὰ
2265 5661 2327 5713 τὸ
2355 5658 2523 5726 ἱκανῷ
2545 5659 2719 5729 χρόνῳ
2750 5659 2868 5720 ταῖς
2895 5655 3146 5727 μαγείαις
3179 5655 3528 5724 ἐξεστηκέναι
3559 5655 3660 5706 αύ-

2097 5775 2114 5808 ι
2144 5755 2287 5817 τούς.
2313 5753 2439 5805 Ὅτε
2467 5751 2520 5803 δὲ
2555 5750 2878 5803 ἐπίστευσαν
2904 5747 2982 5818 τῷ
3019 5748 3268 5816 Φιλίππῳ
3303 5747 3657 5813 εὐαγγελιζο-

2097 5867 2118 5902 ι
2143 5849 2287 5918 μένῳ
2307 5845 2374 5898 τὰ
2413 5842 2653 5912 περὶτῆς
2688 5840 2957 5911 βασιλείας
2986 5838 3077 5892 τοῦ
3116 5837 3271 5902 Θεοῦ,
3301 5839 3390 5890 καὶ
3420 5837 3512 5888 τοῦ
3543 5840 3652 5891 σινό-
