4024 6574
339 424 449 490 157

1296 433 1687 499 COMMENT.
1742 438 1824 500 IN
1856 440 2045 500 ALTA
2082 441 2660 505 APOSTOLORUM.

3493 444 3597 513 158

336 564 356 597 ι
384 562 557 615 ματος
585 545 680 600 τοῦ
724 546 898 616 Ἰησοῦ
926 548 1183 620 Χριστοῦ,
1221 551 1578 616 ἐϐαπτίζοντο
1631 554 1824 625 ἄνδρες
1853 570 1911 607 τε

2029 573 2047 605 ‹
2082 553 2334 626 Philippo
2363 556 2759 629 evangelizanti
2789 557 2856 613 de
2886 572 3051 627 regno
3081 556 3181 612 Dei
3201 565 3252 610 et
3278 556 3343 612 de
3372 561 3595 619 nomine

335 655 356 689 ι
384 636 481 690 καὶ
522 641 801 706 γυναῖκες.
843 639 901 694 ’0
928 642 986 695 δὲ
1032 641 1212 713 Σίμων
1261 646 1357 698 καὶ
1387 645 1552 710 αὐτὸς
1604 649 1913 710 ἐπίστευσε,

336 746 358 780 ι
391 729 489 782 καὶ
555 728 874 798 βαπτισθεὶς
929 728 997 805 ἦν
1046 738 1473 808 προσκαρτερῶν
1527 739 1602 809 τῷ
1643 739 1913 810 Φιλίππῳ,

338 840 357 873 ι
388 820 612 890 θεωρῶν
638 841 696 876 τε
726 823 984 894 δυνάμεις
1033 827 1123 880 καὶ
1153 832 1353 898 σημεῖα
1385 831 1668 900 γινόμενα.
1701 828 1917 895 ἐξέσται

335 931 356 964 ι
384 930 465 968 το.
503 914 857 980 Ἀκούσαντες
887 918 941 970 δὲ
968 919 1017 971 οἱ
1051 921 1107 972 ὲν
1141 921 1533 992 Ἰεροσολύμοις
1598 923 1913 991 ἀπόστολοι,

336 1022 355 1054 ι
387 1005 472 1057 ὅτι
506 1005 752 1061 δέδεκται
785 1010 816 1078 ἡ
850 1010 1133 1081 Σαμάρεια
1161 1013 1251 1064 τὸν
1286 1013 1440 1083 λόγον
1466 1014 1561 1067 τοῦ
1595 1015 1750 1082 Θεοῦ,
1819 1016 1918 1068 ἀπ·

336 1112 356 1146 ι
387 1096 639 1151 ἔστειλαν
672 1100 809 1169 πρὸς
822 1101 1021 1165 αὐτοὺς
1053 1103 1144 1157 τὸν
1176 1105 1381 1175 Πέτρον
1408 1088 1790 1176 καὶΊωάννην,
1838 1108 1917 1161 οἴ-

335 1205 354 1236 σ
380 1203 531 1251 τινες
560 1189 920 1255 καταϐάντες,
955 1193 1336 1264 προσηύξαντο
1366 1197 1495 1268 περὶ
1529 1198 1730 1262 αὐτῶν,
1771 1200 1918 1263 ὅπως

338 1295 358 1327 ι
382 1275 593 1331 λᾶεωσι
624 1279 846 1350 Πνεῦμα
873 1280 1050 1349 ἅγιον.
1086 1303 1104 1336 ι

404 1460 752 1531 Σημειωτέον
788 1467 872 1521 ὅτι
927 1469 989 1523 οὐ
1037 1470 1120 1524 δεῖ
1148 1471 1470 1542 πλησιάζειν
1509 1472 1726 1543 μάγοις.
1768 1475 1830 1528 El
1858 1475 1919 1529 δέ

330 1571 423 1612 τις
445 1557 755 1629 ἀπατηθεὶς
807 1563 1159 1634 ἐπλησίασεν,
1209 1566 1529 1633 ἀφιστάσθω
1558 1568 1787 1638 ταχέως.
1853 1568 1918 1622 Ἦ
2019 1564 2282 1620 accedere
2329 1578 2344 1618 ε

331 1647 447 1718 γὰρ
476 1650 711 1722 ἐπιμονὴ
766 1654 796 1721 ἡ
836 1655 892 1708 ὲν
947 1656 1125 1721 αὐτοῖς
1172 1659 1250 1719 είς
1296 1657 1554 1721 ἔκστασιν
1622 1660 1747 1727 ἄγει
1782 1676 1918 1730 φρε-

330 1740 465 1806 νῶν,
517 1740 659 1796 ὥστε
694 1744 771 1815 μὴ
822 1748 1065 1803 συνιέναι
1118 1752 1415 1821 διακρῖναι.
1452 1744 1622 1815 Οὗτος
1663 1753 1842 1808 τοίνυν
1887 1755 1917 1807 6

329 1831 520 1902 Σίμων
602 1836 1072 1911 ὑωκορισάμενος
1138 1844 1264 1907 τοὺς
1330 1830 1666 1907 ἀποστόλους
1741 1846 1914 1915 μάγος

2026 663 2045 697 ‹
2077 643 2203 701 Jesn
2230 646 2455 712 Christi,
2479 648 2899 718 baptizabantur
2919 646 3019 701 viri
3043 645 3204 700 simul
3230 660 3293 699 ac
3316 643 3593 701 nudieres.

2026 758 2046 792 ι
2079 741 2270 795 Simon
2299 750 2478 796 autem
2509 750 2563 796 et
2599 742 2714 810 ipse
2746 742 2996 802 credidit,
3024 755 3258 808 cumque
3288 739 3597 806 baptizatus

2026 848 2044 882 ι
2076 831 2574 891 csset,adlnerebat
2620 832 2894 903 Philippo,
2940 822 2994 886 et
3033 831 3226 886 videns
3262 830 3493 883 virtutes
3530 842 3595 882 ac

2027 944 2047 977 ‹
2075 926 2232 997 signa
2258 942 2377 996 quae
2408 926 2629 989 ﬁebant,
2658 934 2885 993 stupens
2912 924 3303 979 admirabatur.
3330 920 3464 974 Cum
3497 932 3597 973 ata-

2025 1035 2043 1069 ι
2074 1024 2182 1072 tem
2218 1019 2502 1072 audissent
2568 1018 2802 1087 apostoli
2844 1017 2936 1086 qui
2976 1025 3135 1070 erant
3182 1012 3593 1081 llierosolymis,

2026 1124 2045 1157 ι
2074 1110 2219 1178 quod
2262 1109 2564 1178 recepisset
2604 1107 2850 1162 Samaria
2910 1108 3134 1161 verbum
3170 1107 3283 1168 Dei,
3325 1105 3595 1158 miserunt

2026 1216 2045 1250 ι
2074 1199 2143 1252 ad
2170 1213 2266 1253 eos
2299 1198 2525 1254 Petrum
2550 1214 2615 1254 ac
2635 1197 2924 1253 Joannem.
2954 1197 3063 1267 78
3083 1196 3181 1262 Qui
3214 1211 3336 1250 cum
3374 1195 3596 1246 descen-

2028 1305 2047 1339 ι
2078 1288 2307 1353 disserit,
2333 1298 2631 1346 oraverunt
2660 1304 2760 1361 pro
2792 1288 2951 1358 ipsis,
2979 1298 3035 1342 ut
3069 1288 3382 1358 acciperent
3425 1281 3594 1357 Spiri-
3630 1278 3631 1281 “

2027 1399 2045 1432 ι
2082 1386 2195 1435 tum
2229 1390 2503 1436 sanctum.
2539 1400 2558 1433 ι
3492 1446 3493 1449 η

2089 1472 2205 1529 Hoc
2234 1474 2352 1529 loco
2384 1473 2738 1529 indicandum
2767 1484 2846 1530 est
2871 1489 2978 1531 non
3017 1478 3270 1541 oportere
3301 1474 3367 1527 ad
3404 1490 3594 1546 magos

2395 1565 2539 1634 quod
2585 1565 2631 1621 si
2682 1563 2944 1634 deceptus
2999 1561 3068 1618 ad
3120 1578 3215 1619 eos
3268 1565 3592 1629 accesserit,

2020 1657 2359 1726 quantocius
2409 1666 2697 1728 separetur
2741 1674 2755 1709 :
2804 1658 3213 1730 perseverantia
3260 1673 3496 1724 namque
3535 1658 3590 1714 in

2025 1745 2110 1807 his
2142 1746 2303 1801 rebus
2338 1755 2616 1816 stuporem
2659 1747 2859 1803 mentis
2893 1748 3136 1813 adducit,
3164 1764 3231 1802 ne
3268 1748 3441 1816 possit
3470 1749 3596 1818 quis

2021 1836 2322 1906 intelligere
2373 1837 2441 1891 ad
2492 1837 2924 1907 dijudicandunt.
2992 1837 3093 1895 Hic
3154 1838 3338 1907 itaque
3398 1840 3591 1894 Simon

329 1922 621 1995 ὑπάρχων,
678 1904 998 2000 καὶ-ὁμοίως
1027 1936 1137 1997 τοῖς
1172 1904 1351 2000 ἄλλοις
1386 1937 1491 1991 ὑπὸ
1517 1904 1786 1993 suae.
1815 1904 1911 1994 τοῦ

2019 1942 2142 1980 cum
2178 1904 2371 1998 magus
2401 1904 2560 1983 esset
2583 1930 2955 2002 apostolisque
2987 1904 3348 1994 blandiretur,
3371 1940 3422 1985 et
3446 1931 3594 1987 sicut

329 2012 455 2076 ἑνὸς
479 2016 590 2068 τῶν
636 2016 796 2085 ἑπτὰ,
828 2020 1150 2089 βαπτισθεὶς
1185 2025 1323 2092 μετὰ
1351 2027 1580 2093 πολλῶν,
1611 2029 1670 2081 οὑ
1706 2029 1804 2099 μέν
1835 2047 1918 2083 τοι

328 2106 554 2173 ἐδέξατο
604 2108 692 2162 διὰ
719 2111 815 2179 τῆς
844 2113 1143 2178 ἐπιθέσεως
1169 2115 1276 2169 τῶν
1311 2116 1510 2186 χειρῶν
1540 2119 1649 2172 τῶν
1688 2122 1919 2174 ἀποστό-

328 2195 443 2250 λων
469 2198 531 2251 τδ
557 2199 712 2267 ἅγιον
744 2202 993 2271 Πνεῦμα.
1030 2205 1095 2257 Τί
1125 2203 1253 2272 οὗνς
1302 2209 1350 2260 οἱ
1391 2208 1783 2279 βαπτισθέντες
1815 2212 1919 2265 ὑπὸ

328 2287 602 2343 Φιλίππου
634 2291 735 2345 οὐκ
780 2293 974 2349 ἔλαϐον
1033 2297 1259 2368 Πνεῦμα
1307 2298 1499 2367 ἃγιονς
1545 2302 1765 2373 Πνεῦμα
1820 2303 1920 2373 μὲν

330 2379 490 2448 ἅγιον
514 2380 710 2437 ἔλαϐον
737 2385 798 2438 τὺ
818 2385 919 2455 τῆς
935 2388 1206 2458 ἀφέσεως,
1227 2389 1288 2444 τὺ
1313 2391 1370 2443 δὲ
1402 2392 1512 2445 τῶν
1549 2394 1790 2464 σημείων
1810 2395 1912 2449 οὐκ

330 2471 548 2528 ἔλαϐον.
587 2474 795 2530 Ὅθενὸ
832 2478 1015 2549 Σίμων
1049 2480 1170 2535 ἰδὼν
1200 2481 1282 2535 ὅτι
1306 2483 1507 2537 δίδοται
1538 2484 1631 2539 διὰ
1670 2487 1769 2557 τῆς
1799 2489 1919 2541 ἐπι-

330 2565 539 2629 θέσεως
574 2566 686 2620 τῶν
702 2569 923 2641 χειρῶν,
959 2574 1230 2643 προσῆλθε
1259 2577 1368 2639 τοῖς
1426 2577 1744 2642 ἀποστόλοις
1779 2580 1919 2634 ἁπο-

328 2654 614 2726 τολμὴσας
641 2659 791 2730 αὐτῷ
819 2662 1286 2733 ὲμπορεύσασθαι.
1331 2668 1469 2738 Πρὶν
1493 2668 1602 2738 γὰρ
1639 2669 1767 2722 ἰδεῖν
1791 2671 1914 2723 ἑτέ-

334 2764 464 2818 ρους
516 2748 897 2820 λαμϐάνοντας
944 2753 1007 2806 τὺ
1061 2755 1172 2809 τῶν
1225 2759 1465 2828 σημείων
1525 2759 1754 2828 Πνεῦμα
1815 2762 1916 2815 οὐκ

334 2837 558 2909 ἐθάρρει
603 2841 848 2910 αἰτῆσαι.
912 2844 1037 2909 Πῶς
1070 2847 1129 2899 δὲ
1180 2848 1272 2900 τὸν
1321 2850 1564 2903 τοιοῦτον
1595 2852 1623 2903 6
1650 2850 1916 2916 Φίλιππος

333 2926 660 2997 “dssuasit;
705 2931 796 2996 Ὦς
827 2935 922 2988 καὶ
951 2935 1043 2990 τὸν
1080 2936 1282 2992 Ἰούδαν
1330 2939 1569 3009 Χριστὸς
1602 2940 1910 3006 ἐξελέξατο.

330 3019 455 3084 Πῶς
482 3020 540 3075 δὲ
575 3023 737 3081 αὐτὸν
762 3025 863 3081 οὐκ
888 3027 1097 3081 ἀνεῖλον
1119 3028 1193 3091 ὡς
1219 3029 1310 3083 τὸν
1350 3031 1635 3097 Ἀνανίαν;
1664 3030 1787 3085 Ὅτι
1818 3033 1913 3087 καὶ

333 3111 396 3162 ὲν
432 3114 497 3183 τῇ
550 3113 755 3186 παλαιᾷ
780 3110 860 3179 εἷς
890 3118 1131 3188 ἀνῃρέθη
1161 3122 1188 3172 ὁ
1223 3121 1288 3179 τὰ
1320 3119 1450 3185 ξύλα
1484 3122 1741 3185 συλλέξας
1767 3163 1782 3189 ,
1832 3124 1913 3184 είς

334 3204 715 3276 σωφρονισμὸν
758 3207 977 3279 ἑτέρων,
1012 3210 1188 3272 οὐδεὶς
1210 3211 1267 3263 δὲ
1302 3212 1488 3281 ἕτερος
1530 3211 1688 3265 τοῦτο
1711 3214 1912 3267 πέπον-

332 3294 449 3353 θεν..
484 3298 646 3357 Ἔστι
701 3299 758 3358 δὲ
812 3301 1044 3360 συνιδεῖν
1096 3302 1176 3356 ὅτι
1225 3305 1281 3355 ὲν
1319 3306 1384 3372 τῇ
1428 3304 1571 3359 δόσει
1617 3291 1710 3358 τοῦ
1754 3307 1911 3375 ἁγίου

333 3389 676 3460 Πνεῦματος,
710 3393 966 3460 αἰσθητόν
989 3412 1042 3447 τι
1070 3394 1280 3461 ἐγίνετο
1304 3396 1628 3467 παράδοξον.
1670 3400 1779 3455 Καὶ
1805 3399 1913 3470 γὰρ

332 3481 362 3533 6
386 3481 576 3551 Σίμων
597 3482 698 3543 οὐκ
729 3482 797 3541 ἂν
829 3483 1136 3554 προσῆλθεν
1171 3485 1363 3547 αίτῶν,
1383 3488 1432 3540 εί
1465 3486 1541 3557 μὴ
1567 3488 1727 3540 τοῦτο
1756 3487 1915 3545 ὲθεά·

333 3591 483 3627 σατο.
522 3573 647 3637 Πῶς
702 3576 759 3628 δὲ
810 3577 884 3647 μὴ
926 3577 1046 3633 ἰδὼν
1080 3578 1206 3640 τοὺς
1250 3579 1581 3642 ἀποστόλους
1612 3581 1910 3651 χρημάτων

328 3663 487 3720 τοῦτο
509 3666 868 3736 πράττοντας,
890 3666 1157 3737 ἐτόλμησε
1187 3669 1446 3739 χρήματα
1481 3673 1869 3740 προσενεγκεῖν
1895 3687 1910 3736 ;

330 3757 451 3812 Ὀτι
488 3760 591 3814 οὐκ
628 3755 697 3830 ἦν
728 3760 968 3829 ἀγνοίας,
1001 3760 1138 3817 ἀλλὰ
1159 3762 1532 3832 πειράζοντος.
1567 3762 1643 3821 Δι’
1685 3763 1714 3816 6
1748 3765 1842 3817 καὶ
1884 3766 1912 3816 6

327 3846 557 3916 Πέτρος,
576 3847 642 3903 Ἠ
666 3849 863 3919 καρδία
903 3866 1001 3909 σου¹
1025 3850 1126 3908 οὐκ
1149 3850 1299 3904 ἔστιν
1320 3851 1530 3914 εὐθεῖα,
1566 3853 1802 3918 δεικνὺς,
1831 3853 1910 3906 ὅτι

327 3939 448 3993 οὐδὲ
478 3940 547 3995 τὰ
570 3942 630 3995 ἐν
674 3944 738 4011 τῇ
799 3941 1009 4013 διανοίᾳ
1049 3942 1217 3999 αὑτοῦ
1265 3943 1682 4014 σνκευωρηθέντα
1722 3944 1912 3996 ἔλαθεν

329 4032 512 4086 αὐτόν.
547 4035 689 4104 Ὅρα
726 4034 784 4089 δὲ
818 4036 916 4105 τὴν
941 4036 1333 4105 ἀναισχυντίαν
1364 4034 1459 4105 τοῦ
1491 4036 1752 4104 Σίμωνος.
1782 4035 1909 4087 Δέον

327 4126 437 4196 γὰρ
465 4123 631 4181 αὐτὸν
653 4126 874 4197 αἰτῆσαι
913 4125 1140 4197 Πνεῦμα
1170 4126 1355 4181 λαὸεἱν
1381 4128 1559 4195 ἅγιον,
1592 4126 1780 4195 ἐπειδὴ
1810 4130 1910 4179 οὐκ

327 4215 521 4284 ἔμελεν
554 4216 704 4287 αὐτῷ
726 4216 938 4285 τούτου,
965 4218 1053 4271 ἵνα
1106 4217 1234 4288 διδῷ
1280 4219 1490 4289 ἑτέροις
1520 4221 1674 4270 αίτεῖ.
1710 4217 1907 4271 ’Ἤθελε

326 4309 437 4377 γὰρ
463 4307 558 4361 καὶ
580 4308 848 4363 Φιλίππου
876 4309 1023 4373 δόξαι
1058 4308 1458 4380 λαμπρότερος.
1493 4309 1550 4361 Ὀ
1587 4310 1694 4378 γὰρ
1717 4308 1906 4371 Φίλιπ-

328 4416 427 4461 πος
453 4395 535 4463 εἷς
582 4397 656 4452 ὢν
696 4400 802 4452 τῶν
850 4400 1011 4464 ἑπτὰ,
1053 4402 1300 4464 διάκονος
1331 4400 1428 4463 ὢν,
1456 4401 1559 4454 οὐκ
1583 4395 1729 4476 εἶχεν
1758 4401 1908 4465 ἐξου-

330 4491 454 4543 σίαν
474 4491 565 4544 διὰ
595 4492 696 4561 τῆς
741 4492 1081 4561 χειροθεσίας
1128 4493 1313 4556 αὐτοῦ,
1350 4486 1549 4547 διδόναι
1577 4494 1637 4545 τὸ
1684 4491 1906 4561 Πνεῦμα

2021 2019 2201 2074 caeteri
2245 2035 2274 2073 a
2323 2018 2598 2090 Philippo,
2644 2021 2736 2092 qui
2785 2037 2929 2076 unus
2977 2035 3041 2079 ex
3077 2029 3284 2090 septem
3316 2028 3455 2081 erat.
3505 2022 3592 2076 in-

2022 2122 2101 2165 ter
2128 2111 2331 2166 utullus
2362 2113 2670 2182 baptizatus
2702 2122 2866 2176 esset,
2889 2130 2995 2166 non
3024 2122 3205 2167 tamen
3240 2129 3334 2184 per
3363 2114 3591 2182 imposi-

2022 2201 2225 2257 tionem
2275 2219 2532 2257 manuum
2585 2205 2957 2271 apostolorum
3017 2201 3283 2270 Spiritum
3338 2212 3590 2256 sanetum

2020 2295 2249 2364 accepit.
2299 2294 2442 2360 Quid
2478 2294 2658 2367 ergo?
2700 2296 2781 2349 Att
2825 2310 2854 2349 a
2898 2293 3148 2360 Philippo
3184 2293 3440 2363 baptizati
3484 2309 3590 2347 non

2019 2397 2345 2455 arccperant
2388 2384 2650 2457 Spiritum
2698 2385 2992 2440 sanctum?
3031 2382 3296 2453 Spiritum
3340 2393 3588 2441 sanctum

2020 2483 2344 2545 acceperant
2387 2476 2637 2552 quidem,
2683 2475 2860 2549 quoad
2910 2484 3260 2545 peccatorqu
3312 2476 3594 2531 remissio-

2018 2582 2165 2632 nem,
2214 2568 2308 2631 sed
2358 2584 2467 2622 non
2509 2576 2837 2638 acceperant
2876 2576 3147 2637 quantum
3194 2567 3260 2627 ad
3292 2568 3589 2633 'signorum

2017 2659 2330 2716 editionem.
2358 2658 2513 2715 Unde
2547 2661 2777 2715 intuitus
2808 2659 2996 2713 Simon
3027 2659 3171 2727 quod
3205 2674 3301 2728 per
3330 2674 3590 2715 manuum

2017 2749 2425 2820 impositionem
2471 2751 2717 2815 daretur,
2754 2750 2989 2805 accessit
3022 2750 3091 2803 ad
3128 2751 3407 2819 apostolos
3439 2766 3590 2804 sum-

2015 2853 2105 2912 pta
2140 2843 2390 2908 audacia,
2429 2854 2491 2899 ut
2529 2844 2682 2899 illum
2727 2843 2830 2899 sibi
2874 2852 3236 2898 mercaretur.
3286 2843 3590 2911 Antequam

2016 2934 2163 2991 enim
2198 2934 2337 2989 alios
2366 2933 2577 2989 videret
2610 2934 2874 3003 Spiritum
2920 2931 2985 2986 ad
3020 2933 3228 2987 edenda
3263 2932 3416 3000 signa
3450 2931 3596 2986 acci-

2014 3027 2248 3096 pientes,
2271 3041 2377 3083 non
2408 3027 2643 3080 audebat
2674 3034 2874 3095 petere.
2903 3023 3188 3091 Quomodo
3218 3032 3398 3078 autem
3426 3024 3589 3077 talem

2014 3117 2314 3187 baptizavit
2334 3118 2618 3187 Philippus
2641 3118 2663 3171 ’ἒ
2688 3116 2884 3172 Eodem
2915 3114 3098 3177 modo,
3127 3131 3234 3184 quo
3260 3126 3315 3170 et
3338 3115 3593 3170 Christus

2013 3209 2210 3265 Iudam
2258 3210 2439 3281 elegit.
2489 3207 2777 3275 Quomodo
2822 3224 2952 3262 vero
3006 3208 3182 3278 ipsum
3237 3221 3344 3259 non
3394 3206 3596 3260 occidit

2018 3301 2212 3357 Petrus
2259 3309 2319 3355 ut
2364 3299 2678 3355 Ananiam?
2732 3298 3006 3365 Quoniam
3044 3299 3097 3351 in
3151 3297 3323 3352 vett-ri
3373 3311 3593 3367 quoque

2018 3390 2367 3447 Testamento
2391 3407 2532 3445 unus
2558 3392 2918 3460 interemptus
2940 3401 3044 3452 est,
3068 3390 3158 3458 qui
3190 3388 3329 3458 ligna
3354 3382 3592 3441 Sabbato

2018 3481 2311 3557 collegerat
2329 3480 2476 3546 ",ad
2510 3487 2907 3537 correctionem
2940 3488 3286 3545 caeterorum,
3315 3495 3438 3532 cum
3473 3478 3594 3536 nul-

2016 3574 2101 3630 lus
2146 3576 2286 3629 alius
2332 3574 2434 3628 hoc
2481 3589 2680 3644 passus
2725 3582 2814 3629 snt.
2864 3571 3019 3631 Licet
3062 3583 3243 3625 autem
3293 3565 3592 3640 intelligere

2017 3667 2165 3738 quod
2200 3670 2253 3721 in
2287 3667 2508 3722 datione
2539 3664 2781 3737 Spiritus
2815 3665 2989 3720 sancti
3025 3663 3284 3719 sensibile
3314 3662 3591 3732 quidpiam

2015 3759 2401 3817 admirandum
2438 3759 2814 3828 cuntingebat,
2858 3773 3038 3827 neque
3087 3756 3231 3809 enim
3269 3754 3471 3824 alioqui
3514 3753 3594 3808 Si-

2015 3869 2140 3908 mon
2174 3854 2241 3906 ad
2278 3852 2571 3923 petendum
2613 3852 2961 3912 accessisset,
2998 3849 3103 3905 nisi
3142 3851 3244 3902 hoc
3279 3849 3593 3917 conspexis-

2013 3955 2117 4001 set.
2157 3945 2448 4019 Quomodo
2476 3953 2658 3998 autem
2688 3959 2811 3997 cum
2842 3944 2893 3999 id
2922 3957 3029 3997 non
3055 3943 3286 3998 vidisset
3315 3940 3592 4010 apostolos

2011 4040 2371 4107 pecuniarum
2406 4036 2581 4109 gratia
2618 4037 2909 4101 facientes,
2944 4052 3115 4093 ausus
3148 4045 3231 4091 est
3269 4036 3463 4095 offerre
3498 4050 3591 4104 pe-

2011 4131 2405 4201 cunias'iuuia
2424 4145 2532 4185 non
2564 4130 2806 4185 errantis
2832 4138 2973 4191 erat,
3005 4129 3099 4182 sed
3135 4127 3420 4181 teutantis.
3454 4125 3591 4179 Pro-

2010 4233 2194 4294 pterea
2221 4223 2385 4279 etiam
2422 4220 2641 4287 Petrus,
2674 4240 2695 4273 ι
2731 4222 2840 4276 Cor
2886 4231 3060 4285 tuum,
3092 4220 3291 4289 inquit,
3348 4235 3455 4273 non
3505 4227 3590 4274 est

2008 4320 2223 4367 rectum
2250 4327 2263 4363 :
2298 4331 2315 4361 ι
2344 4314 2640 4367 ostendens
2660 4310 2805 4387 quod
2826 4311 3110 4380 nequeilla
3132 4312 3364 4364 laterent
3386 4310 3587 4379 ipsum,

2008 4420 2131 4475 qua:
2167 4404 2221 4457 in
2255 4403 2378 4474 ejus
2422 4412 2607 4457 mente
2655 4403 3057 4461 tractabantur.
3090 4403 3228 4459 Vide
3274 4411 3453 4457 autem
3502 4398 3589 4455 Si-

2010 4497 2187 4551 monis
2220 4495 2634 4565 intpudentiam.
2662 4495 2796 4557 Cum
2831 4497 2973 4552 enim
3006 4497 3184 4565 ipsum
3218 4505 3398 4565 petere
3425 4507 3590 4562 opor-

326 4583 390 4635 τδ
412 4584 584 4650 ἆγιον.
621 4584 742 4635 Ὀτι
770 4583 825 4636 δὲ
858 4584 1019 4637 τοῦτο
1050 4584 1270 4656 ἀληθὲς,
1295 4586 1392 4638 καὶ
1440 4585 1496 4637 τὸ
1521 4585 1628 4637 τῶν
1666 4583 1906 4653 σημείων

2017 4588 2199 4650 tuerit,
2220 4594 2273 4639 ιιι
2301 4585 2560 4656 Spiritum
2589 4587 2863 4655 acciperet
2892 4587 3187 4655 :quouiam
3219 4584 3270 4636 id
3299 4584 3376 4636 illi
3404 4583 3585 4635 studio

326 4674 555 4744 Πνεῦμα
582 4674 682 4727 οὐκ
735 4674 947 4740 ἐλαϐεν,
979 4679 1081 4746 ὅρα
1131 4678 1249 4741 πῶς
1299 4694 1486 4748 φησιν,
1553 4676 1636 4728 ὅτι
1680 4673 1899 4742 θεωρῶν

326 4763 591 4833 δυνάμεις
613 4783 671 4819 τε
698 4768 792 4820 καὶ
806 4771 1011 4839 σημεῖα
1032 4770 1310 4840 γινόμενα,
1325 4770 1591 4835 ἐξίστατο,
1622 4767 1717 4821 καὶ
1737 4782 1902 4835 προσ-

326 4857 460 4928 ῆλθε
489 4858 643 4912 τοῦτο
676 4862 862 4915 αἰτῶν.

2007 4693 2116 4732 nou
2158 4685 2296 4738 erat,
2339 4678 2471 4744 petit
2515 4686 2567 4727 ut
2608 4676 2731 4731 aliis
2774 4676 2951 4730 daret.
3002 4672 3227 4727 Volebat
3270 4673 3413 4725 enim
3456 4669 3584 4723 Phi-

2009 4769 2156 4839 lippo
2183 4782 2402 4839 quoque
2425 4767 2598 4821 videri
2622 4768 2844 4823 clarior.
2868 4768 3001 4823 Nam
3033 4766 3319 4835 Philippus
3349 4780 3490 4823 unus
3516 4772 3584 4818 ex

2010 4870 2239 4929 septem,
2271 4875 2405 4917 cum.
2431 4858 2700 4917 diaconus
2726 4872 2894 4924 esset,
2926 4867 3245 4927 potestatem
3279 4874 3385 4911 non
3420 4855 3586 4911 habe-

328 4954 444 5018 bat,
491 4963 551 5008 ut
598 4955 663 5010 ad
710 4972 969 5012 manuum
1020 4975 1243 5013 suarum
1292 4961 1695 5030 impositionem
1730 4964 1887 5018 daret.
1924 4958 2187 5030 Spiritum
2226 4967 2502 5011 sanctum.
2533 4955 2688 5021 Quod
2720 4964 2900 5009 autem
2930 4955 3038 5013 ltoc
3072 4970 3258 5009 verum
3301 4954 3394 5017 sit,
3438 4952 3584 5021 quod

326 5043 593 5114 Spiritum
612 5048 688 5109 ad
716 5050 920 5104 edenda
956 5052 1114 5121 signa
1146 5068 1253 5106 non
1287 5057 1580 5120 acceperit,
1613 5055 1736 5111 vide
1768 5053 2045 5125 quomodo
2076 5052 2226 5125 dicat
2256 5048 2404 5121 quod
2435 5048 2628 5105 videns
2660 5050 2892 5103 virtutes
2957 5063 3020 5103 ac
3078 5049 3231 5118 signa
3302 5063 3421 5116 quae
3486 5045 3583 5099 tle-

325 5138 480 5205 bant,
529 5149 759 5211 stupens
799 5145 1197 5213 admirabatur,
1247 5158 1301 5215 et
1346 5148 1451 5202 hoc
1492 5151 1767 5219 petiturus
1799 5148 2057 5209 accessit.

320 5246 337 5259 κ
403 5252 425 5285 ι
465 5232 633 5289 Οὔπω
675 5237 784 5307 γὰρ
829 5234 896 5308 ἦν
941 5241 1031 5292 ἐπ’
1057 5241 1231 5295 οὐδενὶ
1278 5243 1457 5307 αὐτῶν
1486 5246 1893 5310 ὲπιπεπτωκὺςν

328 5341 357 5380 ι
377 5328 537 5396 μόνον
569 5327 626 5382 δὲ
660 5328 1083 5402 βεϐαπτισμένοι
1113 5335 1359 5407 ὑπῆρχον
1398 5338 1475 5400 εἰς
1504 5337 1565 5389 τὸ
1602 5337 1775 5409 ὄνομα
1800 5337 1897 5391 τοῦ

329 5438 352 5473 ι
378 5420 613 5490 Χριστοῦ
642 5422 839 5492 Ἰησοῦ.
864 5425 998 5479 Τότε
1031 5427 1313 5487 ἐπετίθουν
1340 5428 1439 5491 τὰς
1467 5432 1653 5498 χεῖρας
1681 5429 1766 5481 ἐπ’
1798 5429 1898 5481 αὐ-

330 5530 353 5562 ι
380 5515 526 5577 τοὺς,
554 5514 652 5569 καὶ
679 5516 985 5585 ἐλάμϐανον
1006 5520 1233 5588 Πνεῦμα
1256 5519 1434 5587 ἅγιον.
1463 5542 1481 5572 ι

398 5696 670 5767 Πρόδηλον
694 5700 774 5754 ὅτι
800 5702 851 5754 οἱ
877 5703 980 5757 ὑπὸ
995 5704 1265 5759 Φιλίππου
1290 5709 1348 5758 ὲν
1385 5707 1675 5778 Σαμαρείᾳ
1698 5704 1888 5775 βαπτιο

402 5868 449 5903 "
477 5869 639 5928 Num.
670 5891 753 5943 xv,
786 5876 874 5931 32.

2074 5240 2184 5321 79
2211 5238 2351 5311 Yill,
2393 5239 2489 5311 l6,
2526 5240 2611 5304 Π.
2644 5258 2662 5292 ι
2695 5238 2947 5296 Nondum
2983 5240 3127 5300 enim
3170 5238 3222 5292 in
3252 5250 3581 5307 quemquam

2013 5351 2037 5399 ι¹
2070 5334 2288 5399 illorum
2318 5336 2543 5406 illapsus
2566 5332 2766 5398 fuerat,
2792 5335 2884 5387 sed
2906 5332 3164 5404 baptizati
3200 5341 3405 5384 tantum
3431 5337 3585 5382 erant

2015 5447 2047 5489 ς,
2071 5428 2135 5485 iu.
2164 5427 2387 5479 nomine
2427 5420 2641 5479 Domini
2670 5422 2822 5479 Jesu.
2861 5422 3017 5479 Tunc
3049 5424 3405 5493 impouebant
3460 5430 3575 5471 tua-

2016 5538 2037 5579 ι
2079 5537 2181 5577 nos
2221 5535 2387 5591 super
2428 5520 2572 5584 illos,
2605 5528 2660 5585 et
2717 5520 3063 5589 accipiebant
3126 5517 3392 5588 Spiritum
3445 5526 3580 5565 san-

2015 5632 2032 5664 ι
2054 5623 2236 5677 ctum.
2271 5596 2303 5663 ιΔ

2079 5703 2430 5769 Manifestum
2464 5712 2547 5759 est
2578 5716 2695 5768 eos,
2724 5701 2819 5772 qui
2853 5716 2882 5754 a
2914 5699 3167 5770 Philippo
3209 5699 3264 5752 iu
3320 5692 3574 5756 Samaria
