4024 6552
453 413 556 480 159

1535 421 1699 481 (ECU
1713 422 1868 480 ΜΕΝ
1883 421 1937 479 1Ι
1972 420 2262 480 ΤΒΙΟΟΕ
2297 422 2634 482 EPISCOPI

3574 425 3675 488 160

445 535 703 606 baptizati
733 543 889 589 erant
928 550 1034 590 non
1071 535 1348 606 accepisse
1409 533 1672 606 Spiritum
1731 546 1976 591 sanctum

2108 536 2324 599 σοέντες
2356 539 2454 590 ούκ
2484 535 2623 608 ἦσαν
2654 539 2906 603 λαϐόντες
2933 539 3156 611 Πνεῦμα
3186 541 3363 610 ἅγιον,
3403 544 3490 596 διὰ
3521 544 3579 596 τὸ
3602 546 3679 614 μὴ

443 642 508 680 eo
542 628 684 695 quod
716 626 919 681 donum
955 627 1264 695 hujusntodi
1293 643 1401 681 non
1449 628 1673 684 haberet
1711 650 1722 682 :
1759 629 2008 700 quando-

441 719 686 788 quidem,
717 726 777 771 ut
811 718 1072 782 diximus,
1103 719 1188 772 hic
1217 735 1356 773 unus
1385 735 1448 772 ex
1484 730 1690 789 septcm
1711 733 1845 775 erat.
1874 721 2006 775 Nam

443 809 496 862 lti
529 811 785 864 virtutem
813 809 1034 879 quidem
1068 809 1136 863 ad
1191 809 1400 864 edenda
1452 811 1608 880 signa
1656 823 2002 880 acceperant,

442 915 549 952 non
589 909 767 952 autem
804 908 861 952 ιιι
900 901 1116 955 caeteris
1175 916 1394 970 quoque
1445 901 1642 956 darent
1690 903 2004 970 bujusmodi

442 989 704 1060 Spiritum
735 1010 748 1045 :
786 991 886 1045 hoc
913 993 1056 1046 enim
1094 995 1357 1063 apostolis
1396 1003 1671 1049 servatum
1699 1003 1835 1048 erat.
1863 996 2006 1050 Prae-

437 1088 583 1133 terl-a
612 1080 894 1148 Philippus
928 1083 980 1135 in
1030 1097 1144 1146 eos,
1195 1082 1286 1152 qui
1347 1098 1374 1136 a
1422 1099 1483 1138 se
1539 1084 1792 1152 baptizati
1848 1093 2006 1138 erant

437 1170 702 1239 Spititttnt
729 1160 878 1226 illabi
912 1189 1019 1227 non
1046 1174 1194 1238 fecit,
1235 1176 1512 1231 honoratis
1574 1175 1825 1231 videlicet
1880 1192 2006 1247 apo-

434 1262 624 1316 stolos.
660 1261 845 1332 Neque
875 1267 1022 1320 enim
1054 1274 1310 1336 tanquam
1371 1267 1617 1336 abjectus
1658 1277 1710 1321 et
1743 1269 2002 1338 indignus

435 1351 674 1423 (quando
708 1355 871 1408 etiam
909 1357 973 1409 de
1003 1356 1124 1426 ipso
1175 1358 1453 1426 proditum
1499 1366 1584 1415 est
1645 1361 1790 1430 quod
1844 1362 1998 1430 signa

430 1443 667 1498 ediderit
699 1445 754 1499 in
779 1446 1108 1503 sanitatibus
1153 1450 1491 1516 morborum,
1531 1451 2002 1522 ejectionibusque

429 1535 789 1607 daemonum),
829 1539 924 1593 sed
963 1539 1110 1610 quod
1156 1557 1264 1596 non
1306 1543 1567 1610 oraverit,
1631 1552 1690 1599 ut
1748 1545 1851 1599 hoc
1891 1544 2000 1599 illis

428 1627 788 1697 contingeret,
819 1628 1062 1682 nondum
1127 1631 1379 1686 videlicet
1429 1634 1571 1704 aptis
1625 1633 1690 1688 ad
1757 1633 1999 1704 Spiritus

429 1720 836 1788 susceptionem
874 1739 888 1774 :
922 1721 1141 1791 quando
1166 1731 1220 1777 et
1246 1721 1437 1778 Simon
1469 1725 1562 1794 qui
1605 1725 1676 1780 ab
1701 1741 1766 1781 co
1817 1727 1997 1795 bapti-

427 1817 582 1864 zatus
618 1817 756 1875 erat,
799 1827 920 1881 qua:
948 1813 1132 1868 carnis
1157 1824 1287 1869 sunt
1329 1815 1511 1870 adhuc
1562 1818 1804 1887 sapiens,
1839 1828 1994 1886 pete-

2111 628 2254 698 ἔχειν
2285 630 2529 701 χάρισμα
2590 632 2827 685 τοιοῦτον
2852 648 2866 662 ·
2905 636 3089 704 ἐπειδὴ
3137 627 3311 699 οὗτος,
3345 636 3418 699 ὡς
3447 637 3677 706 ἔφημεν,

2109 717 2188 784 εἷς
2229 721 2336 773 τῶν
2382 724 2519 776 ἑπτὰ
2577 719 2660 793 ἦν.
2705 721 2860 777 Οὗτοι
2896 727 3004 793 γὰρ
3051 727 3308 795 δυνάμεις
3345 729 3440 796 μὲν
3491 727 3680 782 ἔλαϐον

2109 814 2281 864 ποιεῖν
2341 816 2562 881 σημεῖα,
2592 816 2710 884 ούχὶ
2744 816 2799 868 δὲ
2835 819 2924 869 καὶ
2950 817 3170 886 Πνεῦμα
3196 817 3394 871 διδόναι
3434 821 3638 888 ἑτέροις
3661 841 3674 854 ο

2107 901 2264 954 τοῦτο
2295 903 2402 974 γὰρ
2432 901 2497 974 ἦν
2549 905 2605 956 τὸ
2638 906 2746 958 τῶν
2779 908 3090 959 ἀποστόλων
3140 909 3432 978 ἐξαίρετον.
3468 912 3678 974 Ἀλλως

2104 1010 2164 1045 τε
2193 993 2247 1045 δὲ
2281 995 2338 1046 ού
2377 997 2653 1064 κατήγαγε
2709 996 2768 1048 τὺ
2811 998 3036 1066 Πνεῦμα
3069 1000 3096 1050 ό
3141 999 3404 1062 Φίλιππος
3427 1001 3517 1052 ἐπὶ
3551 1004 3676 1064 τοὺς

2105 1085 2198 1137 ὑπ’
2217 1085 2380 1138 αὐτοῦ
2409 1087 2824 1156 βαπτισθέντας.
2843 1090 2960 1159 ἦτοι
2984 1091 3157 1160 τιμῶν
3179 1093 3301 1156 τοὺς
3324 1094 3674 1156 ἀποστόλους.

2105 1176 2176 1228 Ού
2211 1178 2319 1245 γὰρ
2353 1177 2428 1240 ὡς
2467 1178 2688 1248 εὐτελὴς
2744 1180 2839 1232 καὶ
2862 1181 3304 1251 ἀνάξιοςρωπότε
3370 1185 3462 1238 και)⁸
3512 1185 3674 1251 αὐτὸς

2104 1269 2389 1339 ἀνεγράφη
2444 1274 2644 1339 σημεῖα
2689 1273 3004 1338 πεποιηκὼς
3034 1275 3089 1325 ἐν
3139 1275 3310 1327 ίὰσεσι
3340 1276 3532 1344 νόσων,
3579 1279 3675 1331 καὶ

2101 1359 2348 1414 ἐκϐολαῖς
2381 1361 2696 1431 δαιμόνων),
2730 1364 2844 1415 ἀλλ’
2864 1366 2945 1416 ὅτι
2967 1365 3064 1416 ούκ
3085 1365 3287 1432 ηὔξατο
3313 1365 3470 1419 τοῦτο
3492 1369 3674 1432 αὐτοῖς

2102 1448 2360 1518 ὑπάρξαι,
2392 1450 2466 1512 ὡς
2509 1453 2692 1521 ἀκμὴν
2738 1453 2812 1523 μὴ
2841 1453 2992 1507 οῦσιν
3019 1457 3346 1524 ἐπιτηδείοις
3387 1460 3523 1528 πρὸς
3571 1460 3672 1530 τὴν

2098 1537 2192 1592 τοῦ
2226 1540 2542 1610 Πνεύματος
2570 1542 2858 1614 ὑποδοχὴν,
2889 1545 3049 1597 ὁπότε
3073 1546 3168 1598 καὶ
3202 1548 3230 1598 ὁ
3265 1547 3447 1616 Σίμων
3479 1548 3673 1618 βαπτι-

2101 1631 2247 1695 σθεὶς
2281 1633 2374 1686 ὑπ’
2410 1633 2596 1699 αὑτοῦ,
2643 1635 2829 1706 ἀκμὴν
2854 1637 2920 1690 τὰ
2946 1639 3043 1703 τῆς
3076 1638 3279 1708 σαρκὸς
3311 1640 3523 1708 φρονῶν
3549 1640 3670 1710 ᾔτει

2100 1725 2222 1786 τοὺς
2248 1723 2580 1786 ἀποστόλους
2605 1725 2694 1778 διὰ
2725 1727 3024 1796 χρημάτων
3049 1727 3247 1792 δόσεως
3297 1729 3482 1782 λαϐεῖν
3515 1731 3668 1797 ἐξου-

2101 1815 2242 1880 σίαν,
2280 1808 2324 1883 ᾧ
2369 1815 2463 1867 ἐὰν
2489 1814 2648 1886 ἐθέλῃ
2696 1817 2785 1870 διὰ
2820 1817 2920 1886 τῆς
2969 1818 3078 1872 τῶν
3128 1818 3328 1889 χειρῶν
3375 1819 3670 1888 ἐπιθέσεως

426 1897 520 1950 bat
545 1897 614 1952 ab
635 1901 898 1967 apostolis
921 1901 1064 1956 dono
1085 1905 1438 1972 pecuniarum
1463 1908 1719 1976 accipere
1749 1917 1984 1977 potesta-

2099 1905 2277 1961 δοῦναι
2305 1905 2526 1975 Πνεῦμα
2552 1906 2724 1974 ἅγιον.

428 1996 559 2055 tem,
627 1999 687 2045 ut
743 1993 1051 2066 cuicunque
1100 1997 1285 2064 vellet,
1335 2013 1592 2053 manuum
1644 2001 1992 2071 impositione

424 2083 581 2138 daret
606 2083 869 2153 Spiritum
897 2097 1179 2143 sanctum.

499 2171 632 2239 Vlll,
665 2176 752 2241 18,
789 2179 876 2232 19.
911 2198 929 2230 ‹
982 2178 1217 2237 Intuitus
1266 2194 1444 2240 autem
1477 2185 1666 2240 Simon
1719 2188 1862 2257 quod
1897 2204 1991 2259 per

428 2281 448 2314 ‹
494 2264 898 2335 impositionem
929 2284 1188 2326 manuum
1263 2276 1635 2344 apostolorum
1663 2277 1888 2333 daretur
1911 2281 1990 2335 eis

429 2371 448 2404 ι
489 2351 728 2423 Spiritus
781 2366 1026 2427 sanctus,
1077 2363 1273 2417 obtulit
1333 2367 1413 2420 eis
1438 2368 1721 2435 pecunias,
1757 2371 1985 2425 dicens:

427 2460 446 2494 ι
485 2441 616 2500 Date
640 2454 694 2501 et
729 2448 860 2502 mihi
897 2459 1221 2520 potestatem
1249 2453 1435 2519 istam,
1464 2465 1522 2510 ut
1551 2458 1860 2528 cuicunque
1889 2458 1988 2512 im-

426 2552 445 2585 ι
491 2551 728 2605 posuero
767 2556 982 2607 manus,
1009 2543 1244 2613 accipiat
1276 2543 1540 2614 Spiritum
1577 2557 1852 2605 sanctum.
1893 2568 1910 2600 ι

492 2627 773 2687 Scelestus
803 2634 889 2688 hic
934 2633 1120 2689 Simon
1146 2653 1256 2691 non
1299 2638 1419 2694 fidei
1466 2642 1662 2710 gratia,
1727 2643 1986 2712 pecunias

417 2720 676 2788 offerens,
710 2726 813 2782 hoc
838 2727 942 2782 sibi
993 2729 1316 2801 contingere
1352 2732 1605 2802 cupiebat
1664 2750 1680 2788 :
1733 2734 1826 2789 sed
1879 2750 1985 2803 quo

419 2814 522 2868 sibi
555 2826 800 2884 quaestus
847 2834 910 2873 ac
969 2825 1195 2877 occasio
1256 2826 1613 2894 pecuniarum
1645 2827 1748 2882 hoc
1813 2827 1980 2883 fieret.

415 2903 660 2961 Accessit
686 2909 854 2973 enim,
899 2918 956 2964 ut
1000 2921 1235 2982 accepta
1277 2915 1598 2983 huiusmodi
1636 2919 1809 2986 gratia
1847 2918 1984 2973 dite-

415 3008 596 3053 sceret
623 3015 716 3070 per
745 3001 900 3072 signa
940 3022 953 3056 :
985 3005 1442 3074 quemadmodum
1477 3018 1633 3064 antea
1662 3011 1983 3081 imaginaria

414 3099 591 3144 solum
628 3106 863 3161 operans
923 3095 1236 3151 daemonum
1303 3099 1532 3166 auxilio,
1595 3100 1710 3156 sive
1763 3109 1980 3158 tentans

411 3184 686 3252 apostolos
714 3185 815 3239 hoc
848 3187 1102 3252 faciebat,
1132 3190 1318 3244 volens
1344 3193 1761 3246 accusationem
1790 3207 1980 3262 capes-

410 3291 552 3330 sere.
576 3275 701 3330 Ideo
725 3278 890 3332 etiam
918 3280 1112 3334 audit:
1148 3299 1166 3332 ι
1201 3281 1317 3337 Non
1347 3293 1430 3337 est
1476 3284 1570 3338 tibi
1601 3300 1726 3354 pars
1750 3286 1803 3339 in
1855 3301 1974 3341 sero

410 3383 570 3421 mone
595 3370 720 3434 isto,
752 3386 848 3426 cor
890 3374 1035 3427 enim
1081 3382 1234 3428 tuum
1273 3393 1381 3431 non
1421 3385 1504 3431 est
1547 3389 1754 3431 rectum
1794 3392 1978 3430 coram

409 3457 538 3515 Deo.
579 3459 860 3532 Resipisce
901 3465 1067 3531 igitur
1088 3466 1133 3521 si
1172 3466 1308 3521 forte
1329 3469 1640 3523 remittatur
1672 3469 1767 3523 tibi
1799 3485 1984 3538 pecca‘

408 3559 523 3604 tum
555 3553 619 3608 ⁸³.
660 3571 678 3604 ι
719 3553 1050 3610 Prmviderat
1088 3573 1327 3628 namque
1360 3559 1554 3615 Petrus
1599 3576 1723 3616 eum
1750 3561 1816 3615 ad
1876 3576 1981 3631 pce-

409 3641 696 3694 nitentiam
729 3659 834 3695 non
865 3646 1319 3712 convertendutn,
1351 3658 1636 3718 propterea
1667 3650 1820 3714 dicit,
1863 3670 1880 3702 ι
1923 3651 1978 3705 Si

408 3732 553 3788 forte
621 3735 954 3789 remittatur.
1014 3755 1032 3788 ι
1099 3737 1232 3792 lllud
1282 3741 1552 3809 siquidrm
1611 3743 1754 3810 quod
1806 3744 1978 3808 addit,

412 3843 429 3875 ι
467 3824 630 3880 Orate
653 3843 771 3889 vos,
807 3845 825 3877 ι
854 3842 959 3880 non
989 3829 1324 3896 poenitentia:
1347 3842 1429 3887 est
1451 3840 1543 3885 aut
1575 3834 1976 3901 conversionis,

405 3915 518 3984 so
554 3916 649 3970 scd
689 3916 1048 3973 defunctorie
1081 3927 1294 3974 tantum
1348 3925 1689 3994 purgationis
1714 3932 1976 3993 prmtextu

405 4007 621 4062 (lieebat
670 4009 804 4064 :ubi
860 4009 1001 4065 enim
1063 4010 1316 4082 lacrymae
1378 4021 1507 4068 sunt
1551 4022 1605 4070 et
1658 4015 1980 4072 confessio?

404 4099 517 4154 Hoc
541 4110 721 4156 autem
748 4104 1090 4158 demonstrat
1116 4120 1230 4159 rem
1256 4121 1378 4162 esse
1402 4116 1651 4163 correctu
1680 4109 1974 4176 didicilem,

403 4189 687 4260 multaque
723 4193 1044 4260 ptenitentia
1099 4209 1240 4265 opus
1288 4196 1513 4262 habere,
1547 4199 1593 4252 si
1621 4199 1712 4268 qui
1741 4200 1796 4253 in
1829 4215 1978 4254 cam-

402 4280 524 4335 dem
563 4299 673 4337 rein
733 4283 975 4338 divinam
1023 4286 1324 4353 offendant,
1376 4288 1430 4341 in
1461 4305 1624 4359 quam
1668 4289 1892 4345 otl‘endit
1923 4301 1978 4348 et

407 4372 621 4439 Simon,
656 4376 749 4444 qui
802 4378 1155 4432 existimabat
1201 4380 1466 4449 Spiritum
1524 4391 1776 4436 sanctum
1813 4400 1980 4454 pecu-

400 4463 505 4520 nia:
528 4466 900 4522 obsecundare
934 4468 1000 4522 ad
1053 4469 1350 4526 efﬁcaciam
1383 4474 1720 4544 operationis
1760 4475 1973 4531 haben-

399 4557 545 4613 datu.

998 4649 1229 4708 CAPUT
1274 4652 1364 4707 IV.

399 4737 554 4806 Quod
584 4757 684 4816 non
713 4751 928 4816 argento
957 4760 1117 4813 neque
1166 4747 1588 4816 simulatoribus,
1621 4752 1713 4806 sed
1759 4754 1957 4808 sanctis

464 4826 557 4879 per
585 4810 740 4876 ﬁdem
777 4812 1008 4877 Spiritus
1034 4810 1208 4869 sancti
1233 4810 1642 4876 communicatio
1670 4823 1878 4878 datur‘:
1909 4825 1964 4878 in

463 4887 564 4956 quo
597 4883 755 4956 etiam
811 4894 1077 4956 ponuntur
1118 4902 1234 4956 qua:
1262 4900 1385 4943 sunt
1431 4888 1495 4944 dc
1526 4893 1876 4948 simulatione
1907 4910 1971 4948 ac

466 4950 828 5020 objurgatione
860 4950 1113 5008 Simonis.

465 5039 599 5104 Vlll,
637 5041 824 5096 19.25.
866 5062 886 5096 ‹
927 5043 1122 5100 Petrus
1151 5057 1335 5104 autem
1371 5050 1510 5105 dixit
1543 5051 1611 5107 ad
1641 5068 1767 5109 eum
1809 5073 1821 5109 :
1861 5054 1962 5111 Pe-

399 5148 420 5183 r
453 5133 615 5186 cunia
655 5141 748 5186 tua
798 5141 980 5190 tecum
1043 5137 1115 5190 sit
1143 5138 1199 5192 in
1249 5141 1638 5210 perditionem,
1705 5147 1963 5214 quoniam

398 5241 420 5276 ι
451 5223 653 5277 donum
704 5224 794 5280 Dei
825 5226 1158 5284 existimasti
1200 5233 1450 5300 pecuniis
1499 5235 1703 5305 parari.
1733 5234 1850 5291 Non
1883 5245 1970 5293 est

399 5330 419 5364 ι
450 5313 543 5368 tibi
577 5330 702 5384 pars
731 5333 908 5389 neque
931 5333 1055 5376 sors
1088 5321 1141 5376 in
1167 5338 1422 5381 sermone
1461 5326 1569 5382 isto
1618 5345 1632 5382 :
1665 5343 1762 5383 cor
1813 5325 1963 5384 enim

400 5423 418 5458 ι
449 5415 598 5459 tuum
638 5423 744 5461 non
771 5417 854 5464 est
873 5422 1082 5466 rectum
1119 5429 1301 5470 coram
1323 5416 1452 5473 Deo.
1485 5417 1771 5491 Resipisce
1797 5419 1966 5487 igitur

398 5515 419 5549 ι
458 5498 526 5551 ab
574 5500 675 5551 hoc
697 5499 851 5567 vitio,
883 5510 936 5556 et
981 5518 1109 5577 roga
1157 5504 1326 5562 Deum
1359 5509 1404 5565 si
1455 5509 1595 5566 forte
1653 5511 1966 5565 remittatur

401 5602 420 5636 ι
457 5586 552 5639 tibi
585 5588 844 5656 cogitatio
878 5595 1062 5650 cordis
1105 5599 1201 5653 tui.
1231 5598 1368 5654 Nam
1403 5601 1458 5655 in
1493 5601 1618 5657 felle
1645 5601 1966 5656 amaritudi-

399 5692 420 5728 σ
459 5677 542 5732 nis
576 5677 965 5748 etﬁcollatione
1024 5685 1334 5758 iniquitatis
1366 5690 1525 5748 video
1573 5699 1625 5749 te
1663 5706 1805 5749 esse.
1855 5691 1964 5748 lie-

465 5834 514 5870 ⁸³
536 5834 660 5894 Act.
682 5853 802 5908 vm,
829 5839 890 5896 2|
906 5882 918 5902 .
935 5843 1005 5898 τὲ

2175 2193 2192 2224 ι
2228 2173 2573 2240 Θεασὰμενος
2599 2173 2653 2226 δέ
2688 2175 2714 2226 ό
2763 2175 2964 2241 Σίμων,
2990 2175 3071 2228 ὅτι
3102 2174 3190 2228 διὰ
3231 2175 3331 2246 τῆς
3369 2177 3670 2242 ἐπιθέσεως

2102 2284 2119 2316 ι
2139 2266 2244 2318 τῶν
2274 2266 2472 2336 χειρῶν
2501 2267 2609 2318 τῶν
2641 2267 2953 2320 ἀποστόλων
3001 2267 3202 2321 δίδοται
3233 2267 3294 2321 τὸ
3328 2269 3552 2339 Πνεῦμα
3601 2270 3669 2325 τὸ

2099 2375 2116 2408 ι
2140 2357 2314 2425 ἅγιον,
2350 2359 2726 2428 προσήνεγκεν
2761 2359 2945 2422 αὐτοῖς
2989 2360 3267 2429 χρήματα,
3293 2361 3501 2429 λέγων’
3533 2362 3663 2415 Δότε

2098 2469 2115 2502 ι
2138 2450 2304 2519 κάμοὶ
2346 2449 2443 2519 τὴν
2483 2449 2729 2514 ἐξουσίαν
2759 2451 2981 2520 ταύτην,
3010 2451 3109 2504 ἵνα
3143 2445 3187 2519 ᾧ
3210 2451 3304 2504 ἐὰν
3351 2452 3528 2506 ἐπιθῶ
3563 2455 3664 2518 τὰς

2098 2560 2115 2590 ι
2139 2543 2343 2611 χεῖρας,
2387 2539 2640 2612 λαμϐάνῃ
2668 2540 2888 2611 Πνεῦμα
2925 2541 3099 2607 ἅγιον.
3122 2559 3142 2592 ι

2171 2635 2229 2686 '0
2259 2634 2448 2704 μιαρὸς
2485 2628 2634 2697 οὗτος
2665 2633 2865 2702 Σίμων,
2909 2635 2968 2688 ού
3005 2635 3237 2698 πίστεως
3268 2635 3454 2689 ἕνεκεν
3486 2653 3662 2707 προσ-

2092 2725 2274 2794 φέρων
2330 2725 2396 2778 τὰ
2445 2725 2724 2795 χρήματα,
2753 2726 2872 2796 ᾔτει
2900 2725 3060 2780 τοῦτο
3075 2727 3327 2795 γενέσθαι
3351 2729 3520 2798 αύτῷ,
3547 2728 3663 2782 ἀλλ’

2090 2816 2230 2870 ὥστε
2295 2816 2566 2886 πορισμὸν
2602 2817 2753 2889 αύτῷ
2799 2817 3098 2887 χρημάτων
3139 2821 3232 2873 καὶ
3278 2821 3530 2892 ἀφορμὴν
3573 2839 3665 2890 γε-

2093 2908 2274 2962 νέσθαι
2305 2909 2461 2961 τοῦτο
2516 2909 2792 2979 Προσῆλθε
2824 2911 2930 2979 γὰρ
2963 2910 3124 2976 ὥστε,
3163 2912 3453 2982 δεξάμενος
3478 2913 3666 2968 τοιαύ-

2087 3018 2186 3070 την
2201 3003 2379 3072 χάριν,
2412 3002 2706 3070 πλουτῆσαι
2743 3001 2831 3055 διὰ
2852 3003 2960 3056 τῶν
2999 3003 3263 3074 σημείων,
3297 3003 3439 3058 κατὰ
3471 3005 3662 3077 πρώην

2084 3093 2379 3161 φαντασίαν
2410 3094 2646 3164 ἐνεργῶν
2707 3094 2794 3148 διὰ
2845 3095 2950 3148 τῶν
2983 3095 3272 3166 δαιμόνων,
3315 3097 3432 3168 ἦτοι
3457 3099 3656 3169 πειρά-

2084 3184 2190 3249 ζων
2223 3187 2348 3248 τοὺς
2380 3185 2704 3250 ἀποστόλους
2727 3186 2884 3240 τοῦτο
2919 3187 3114 3250 ἐποίει,
3148 3188 3469 3258 βουλόμενος
3517 3206 3656 3242 κατ·

2081 3278 2311 3350 ηγορίαν
2371 3278 2707 3348 περιϐαλεῖν.
2741 3278 2831 3332 Διὸ
2853 3281 2947 3333 καὶ
2976 3281 3163 3335 ἀκούει
3188 3298 3202 3314 ’
3237 3301 3256 3334 ‹
3284 3282 3398 3336 Ούκ
3431 3283 3545 3336 ἔστι
3574 3301 3657 3337 σοι

2086 3373 2241 3441 μερὶς
2272 3373 2327 3422 ἐν
2355 3370 2435 3439 τῷ
2461 3371 2602 3441 λόγῳ
2622 3371 2814 3442 τούτῳ⁶
2844 3375 2876 3442 ἠ
2906 3373 3014 3442 γὰρ
3043 3373 3238 3442 καρδία
3267 3391 3360 3428 σου
3389 3375 3488 3429 ούκ
3511 3375 3660 3430 ἔστιν

2082 3463 2266 3516 εύθεῖα
2293 3461 2524 3516 ἐνώπιον
2575 3462 2668 3515 τοῦ
2700 3463 2855 3517 Θεοῦ.
2890 3465 3238 3535 Μετανόησον
3265 3461 3380 3532 οῦν,
3438 3467 3486 3519 εί
3534 3467 3644 3537 ἄρα

2082 3553 2412 3626 ἀφεθήσεταί
2446 3571 2528 3606 σοι
2554 3553 2614 3606 τό
2643 3553 2862 3624 ἁμάρτη
2875 3555 3255 3627 μα.›Προῄδει
3277 3557 3386 3627 γὰρ
3419 3557 3580 3610 αὑτὸν
3625 3556 3659 3608 ό

2082 3645 2286 3714 Πέτρος
2311 3644 2384 3715 μὴ
2415 3645 2551 3716 πρὸς
2599 3649 2888 3715 μετάνοιαν
2917 3647 3331 3716 ἐπιστρέψοντα.
3368 3648 3465 3702 Διὰ
3497 3647 3655 3702 τοῦτό

2083 3753 2267 3804 φησιν,
2324 3735 2428 3789 (Et
2484 3737 2820 3808 ἀφεθήσεταί
2873 3754 3014 3791 σοι.»
3079 3737 3151 3790 Τὸ
3181 3738 3310 3810 γὰρ,
3359 3757 3378 3789 ι
3412 3739 3651 3809 Δεήθητε

2081 3829 2257 3897 ὑμεῖς,
2291 3847 2309 3880 ι
2339 3829 2401 3882 ού
2435 3829 2721 3899 μετανοίας
2751 3831 2844 3883 καὶ
2899 3830 3252 3900 ἐπιστροφῆς,
3301 3831 3438 3885 ἀλλά
3495 3832 3654 3902 μόνον

2080 3920 2425 3990 ἀφοσιώσεως
2455 3921 2618 3976 ἕνεκα
2644 3921 2782 3992 ἔφη·
2824 3921 2966 3985 ἐπεὶ,
3026 3920 3129 3973 ποῦ
3185 3921 3254 3974 τὰ
3302 3920 3514 3992 δάκρυα
3557 3922 3654 3975 καὶ

2078 4015 2112 4082 ἡ
2181 4012 2602 4082 ἐξομολόγησιςς
2666 4011 2837 4066 Τοῦτο
2890 4013 2947 4066 δέ
2996 4011 3304 4076 δεικνύντος
3355 4013 3502 4066 ἐστὶν
3575 4013 3653 4076 ὡς

2078 4103 2516 4175 δυσκατόρθωτον
2583 4103 2642 4158 τὸ
2695 4107 2947 4174 πρᾶγμα,
3012 4105 3107 4158 καὶ
3157 4105 3358 4174 πολλῆς
3401 4105 3653 4175 δεόμενον

2081 4195 2388 4265 μετανοίας,
2442 4197 2558 4258 τοῖς
2587 4197 2667 4258 είς
2700 4196 2831 4248 αύτὸ
2873 4195 2931 4247 τὸ
2978 4195 3120 4248 θεῖον
3154 4193 3648 4266 ἐξαμαρτάνουσιν,

2078 4285 2156 4348 είς
2183 4285 2211 4337 ὃ
2240 4285 2336 4338 καὶ
2376 4285 2557 4354 Σίμων
2587 4284 2917 4355 ἐξήμαρτεν,
2943 4285 3207 4356 ἀργυρίου
3243 4286 3537 4340 ὑπακούειν
3569 4287 3652 4350 αις

2077 4377 2176 4441 τὰς
2205 4377 2487 4449 ἐνεργείας
2511 4379 2571 4430 τὸ
2605 4376 2829 4448 Πνεῦμα
2860 4379 2919 4430 τὸ
2954 4378 3109 4446 ἅγιον
3141 4379 3510 4451 ἡγησάμενος.

2656 4649 2905 4702 ΚΕΦΑΛ.
2958 4647 3062 4702 1Δ⁸ο

2068 4747 2198 4800 ’Ὅτι
2225 4747 2336 4799 οὐκ
2365 4743 2650 4812 ἀργυρίου
2685 4740 2828 4794 οὐδὲ
2850 4736 3230 4812 -ὐποκέριιζαῖς,
3269 4741 3430 4794 ἀλλὰ
3457 4741 3654 4810 ἁγίοις

2139 4817 2239 4870 διὰ
2271 4808 2606 4879 πίστεωςῌή
2651 4809 2877 4878 μετοχὴ
2931 4808 3037 4861 τοῦ
3076 4811 3251 4878 ἁγίου
3304 4808 3649 4879 Πνεύματος

2143 4885 2370 4939 δίδοται
2387 4901 2400 4913 ο
2425 4884 2494 4936 ἐν
2521 4876 2568 4950 ᾧ
2596 4876 2672 4934 τὰ
2705 4876 2839 4949 περὶ
2861 4876 3232 4946 ὑποκρίσεως
3271 4880 3368 4934 καὶ
3393 4876 3651 4946 admiri-

2143 4957 2292 5021 ξεως
2326 4955 2611 5022 Σίμωνος.

2149 5069 2167 5103 ι
2190 5049 2400 5117 Πέτρος
2431 5045 2487 5098 δέ
2509 5041 2631 5097 εἷπε
2663 5045 2798 5114 πρὸς
2827 5043 3008 5096 αὐτόν·
3035 5043 3107 5095 Τὸ
3138 5041 3398 5111 ἀργύριόν
3428 5059 3520 5094 σου
3552 5042 3651 5095 σὺν

2075 5162 2093 5194 ι
2117 5141 2199 5195 σοὶ
2225 5140 2308 5209 εἴη
2343 5140 2420 5200 είς
2450 5135 2740 5198 ἀπώλειαν,
2767 5135 2848 5186 ὅτι
2877 5134 2975 5204 τὴν
3006 5135 3215 5204 δωρεὰν
3240 5133 3336 5186 τοῦ
3359 5133 3492 5185 Θεοῦ
3529 5134 3646 5185 ἐνό-

2078 5251 2096 5286 ι
2127 5247 2290 5304 μισας
2348 5229 2435 5282 διὰ
2463 5225 2757 5298 χρημάτων
2785 5225 3045 5279 κτᾶσθαι.
3077 5226 3189 5278 Ούκ
3221 5224 3337 5277 ἐστι
3379 5240 3460 5276 σοι
3489 5225 3648 5293 μερῖς

2079 5341 2098 5374 ι
2119 5320 2237 5374 ούδέ
2263 5317 2466 5388 κλῆρος
2503 5317 2560 5367 ἐν
2594 5313 2670 5384 τῷ
2701 5313 2841 5382 λόγῳ
2873 5314 3078 5382 τούτῳ·
3124 5315 3154 5383 ὴ
3187 5312 3294 5382 γὰρ
3324 5311 3519 5382 καρδία
3552 5328 3648 5364 σου

2078 5412 2220 5464 «οὐκ
2269 5409 2415 5462 ἐστιν
2469 5406 2654 5460 εὐθεῖα
2699 5406 2928 5457 ἐνώπιον
2973 5404 3066 5458 τοῦ
3107 5404 3262 5459 Θεοῦ.
3294 5405 3646 5472 Μετανόησον

2080 5524 2096 5557 ι
2115 5503 2209 5557 οὖν
2262 5501 2372 5555 ἀπὸ
2397 5499 2496 5569 τῆς
2523 5499 2719 5560 κακίας
2744 5513 2838 5549 σου
2862 5495 3064 5565 ταύτης
3091 5512 3105 5562 ;
3139 5497 3234 5548 καὶ
3271 5495 3492 5567 δεήθητι
3548 5494 3646 5548 τοῦ

2076 5618 2096 5651 ι
2121 5595 2278 5661 Θεοῦ,
2311 5595 2358 5647 εἰ
2380 5593 2487 5664 ἄρα
2517 5590 2851 5660 ἀφεθήσεταί
2877 5605 2957 5640 σοι
2985 5590 3016 5655 η
3061 5587 3272 5641 ἐπίνοια
3301 5587 3398 5656 τῆς
3419 5585 3644 5656 καρδίας

2076 5707 2093 5739 ι
2125 5703 2238 5741 σου.
2265 5685 2356 5746 Εἰς
2381 5683 2487 5752 γὰρ
2518 5679 2681 5751 χολὴν
2706 5677 2954 5749 πικρίας,
2984 5677 3079 5730 καὶ
3110 5675 3404 5746 σύνδεσμον
3423 5673 3660 5766 ἀδικίας⁸
