4024 6552
293 363 396 432 161

1259 353 1652 417 COMMENT.
1691 352 1774 414 IN
1823 351 2016 412 ACTA
2050 347 2628 412 APOSTOLORUM.

3451 353 3557 422 162

295 500 314 533 ι
340 481 455 553 δρῶ
497 497 556 533 σε
587 477 735 534 δντα.
776 473 1122 548 Ἀποκριθεὶς
1147 472 1205 526 δὲ
1234 473 1263 526 δ
1294 473 1499 542 Σίμων,
1541 467 1662 525 εἷπε
1683 487 1697 503 ·
1729 471 1867 540 Δεή-

1976 486 1994 520 ι
2034 469 2312 539 spondeus
2337 476 2520 524 autem
2556 466 2747 523 Simon
2801 467 2938 524 dixit
2965 487 2978 525 :
3011 470 3176 528 Orate
3205 486 3303 528 vos
3334 487 3434 542 pro
3463 491 3552 533 me

293 593 312 626 ι
339 573 471 644 θητε
501 573 662 643 ὑμεῖς
691 571 834 641 ὑπὲρ
863 568 998 640 ἐμοῦ
1021 567 1158 638 πρὸς
1187 565 1279 620 τὸν
1325 566 1556 636 Κύριον,
1591 565 1740 625 ὅπως
1771 581 1875 633 μη-

293 683 312 715 ι
341 663 432 716 δέν
469 661 675 734 ἐπέλθῃ
708 660 797 713 ἐπ’
818 659 943 730 ἐμὲ,
972 650 1046 711 ὧν
1090 655 1372 726 εἰρήκατε.
1408 655 1471 707 Oi
1509 653 1609 723 μὲν
1641 648 1735 706 οὖν
1762 652 1868 706 δια-

285 773 304 808 t
333 754 752 826 μαρτυράμενοι
800 751 894 804 καὶ
944 749 1276 820 λαλήσαντες
1307 746 1398 800 τὸν
1445 745 1606 814 λόγον
1629 743 1723 798 τοῦ
1757 745 1866 797 Κυ-

287 867 306 901 ι
337 846 486 918 ρίου,
542 845 896 914 ὑπέστρεψαν
948 844 1030 905 είς
1090 839 1480 912 Ἰερουσαλὴμ,
1549 837 1753 901 πολλάς
1807 853 1866 889 τε

286 952 305 986 t
330 933 528 1003 κώμας
565 931 673 984 τῶν
704 931 1060 1001 Σαμαρειτῶν
1087 927 1540 1000 εὐηγγελίσαντο.
1572 945 1594 979 ι

356 1041 377 1074 ι
399 1023 473 1074 Τὸ
499 1020 761 1092 ἀργύριόν
785 1037 878 1073 σου
909 1020 1006 1074 σὺν
1034 1019 1137 1074 σοί.
1178 1036 1197 1069 ι
1236 1019 1350 1072 Οὐκ
1369 1017 1484 1070 ἐστι
1523 1016 1697 1072 ταῦτα
1726 1019 1868 1090 ἀρω-

283 1116 475 1184 μένου,
503 1112 642 1166 άλλά
685 1112 1060 1176 παιδεύοντος,
1089 1110 1166 1173 ῶς
1203 1111 1269 1166 άν
1301 1127 1382 1173 τις
1405 1111 1584 1178 εῐπογῤ
1607 1110 1681 1162 Τὸ
1706 1108 1870 1180 ἀργύο

282 1206 401 1276 ριόν
435 1222 530 1258 σου
565 1205 920 1258 συναπόλοιτό
952 1221 1033 1257 σοι
1068 1202 1207 1274 μετά
1243 1202 1343 1273 τῆς
1371 1201 1765 1272 προαιρέσεως.
1792 1201 1867 1253 Οὐ

280 1296 576 1360 κολάζειδέ
597 1297 691 1350 νῦν
718 1297 811 1348 τὸν
835 1296 1060 1362 Σίμωνα
1091 1295 1119 1346 ὁ
1148 1295 1353 1366 Πέτρος
1381 1293 1528 1346 καθὰ
1552 1294 1646 1346 καὶ
1679 1292 1868 1362 πρώην

279 1386 376 1439 τὸν
415 1387 800 1450 Ἀνανίαν,ῖνα
825 1386 975 1457 δείξῃ
1004 1387 1086 1440 ὅτι
1133 1387 1236 1440 οὐκ
1283 1385 1531 1456 ἀνάγκης
1582 1387 1613 1455 ἡ
1663 1385 1868 1450 πίστις,

279 1477 398 1531 ἀλλ’
434 1481 520 1531 tua
541 1479 635 1532 καὶ
664 1479 732 1532 τά
768 1481 868 1550 τῆς
897 1479 1188 1548 μετανοίας
1211 1480 1505 1549 εἰσαγάγῃ.
1557 1477 1748 1546 Ἀρκεῖ
1763 1478 1870 1546 γὰρ

280 1569 419 1639 πρὸς
447 1569 734 1640 διόρθωσιν
761 1570 822 1623 τὸ
877 1569 1117 1637 ἐλέγξαι,
1150 1571 1244 1624 καί⁵
1274 1570 1345 1623 τὰ
1385 1572 1442 1624 ἐν
1476 1571 1540 1640 τῇ
1570 1568 1767 1640 καρδίᾳ
1793 1570 1891 1629 εί-,

1981 578 2000 612 ι
2045 561 2190 630 apud
2232 560 2551 628 Dominum,
2603 576 2674 616 ne
2711 561 2844 632 quid
2878 564 3063 618 veniat
3096 565 3152 619 iu
3208 580 3294 620 me
3329 567 3554 634 horum,

1981 669 2000 704 ι
2038 667 2160 722 qua:
2198 653 2440 708 dixistis.
2475 653 2541 708 Et
2570 653 2648 708 illi
2695 653 2917 723 quidem
2971 656 3245 710 testiﬁcati
3270 673 3335 712 ac
3389 660 3557 714 locuti

1983 763 2002 797 ι
2043 746 2271 801 verbum
2307 745 2424 812 Dei,
2481 746 2687 802 reversi
2719 756 2850 802 sunt
2881 747 3300 820 Jerosolytuam,
3339 753 3558 806 multis-

1981 856 2000 888 ‹
2034 851 2139 906 que
2166 837 2302 892 vicis
2357 836 2834 893 Samaritanorum
2887 841 3263 909 praedicabant
3317 841 3562 914 Evange-

1983 947 2001 981 ι
2046 929 2204 982 lium.
2246 947 2266 981 ι
3260 918 3295 967 -’

2054 1041 2071 1074 ι
2113 1020 2352 1077 Pecunia
2387 1033 2477 1077 tua
2503 1029 2706 1077 tecum.
2741 1042 2760 1075 ι
2801 1023 2918 1078 Non
2947 1032 3078 1079 sunt
3113 1024 3230 1080 haec
3265 1040 3558 1081 exsecran-

1977 1112 2072 1176 tis,
2111 1112 2205 1168 sed
2240 1115 2616 1184 corripientis,
2643 1116 2808 1170 veluti
2863 1116 2907 1169 si
2940 1117 3062 1186 quis
3092 1117 3237 1170 dicat
3276 1135 3287 1169 :
3316 1117 3556 1172 Pecunia

1979 1211 2072 1256 ttta
2109 1204 2273 1258 simul
2323 1206 2424 1258 tibi
2476 1213 2661 1274 pereat
2709 1222 2833 1258 cum
2894 1205 3211 1276 hujusmndi
3252 1211 3552 1266 voluntate.

1976 1293 2096 1349 Non
2126 1296 2282 1366 punit
2313 1305 2497 1351 autem
2529 1312 2676 1351 nunc
2736 1296 3019 1352 Simonem
3054 1299 3249 1354 Petrus
3292 1301 3552 1370 quemad-
3665 1361 3674 1366 _

1978 1387 2199 1440 modum
2224 1387 2377 1456 prius
2397 1389 2689 1451 Ananiam,
2731 1396 2788 1442 ut
2811 1391 3066 1445 ostendat
3105 1390 3261 1445 [idem
3289 1407 3396 1447 non
3430 1408 3556 1449 csse

1977 1478 2328 1533 necessitatis
2365 1481 2483 1532 sive
2515 1481 2823 1536 coactionis
2862 1499 2875 1535 :
2909 1482 3002 1536 sed
3032 1490 3090 1537 ut
3131 1483 3202 1536 ad
3252 1499 3315 1538 ea
3367 1485 3555 1554 potius

1974 1569 2206 1624 inducat
2260 1585 2382 1638 quae
2445 1571 2786 1640 poenitentia:
2832 1582 2981 1627 sunt.
3033 1573 3114 1626 Ad
3151 1576 3564 1630 correctionem-

279 1663 426 1727 πεῖν,
474 1663 570 1714 καὶ
591 1661 670 1725 τὸ,
698 1663 906 1716 ἐκεῖνον
932 1663 1292 1733 ὁμολογῆσαι,
1346 1663 1428 1716 ὅτι
1461 1662 1625 1715 ἑάλω.
1661 1661 1733 1715 Τὸ
1760 1662 1869 1730 γάρ

1976 1659 2117 1714 enim
2150 1657 2347 1712 sumcit
2383 1661 2654 1730 arguisse,
2699 1669 2754 1714 et
2784 1677 2847 1716 ea
2905 1678 3028 1732 quae
3077 1663 3132 1716 in
3181 1665 3346 1717 corde
3394 1675 3552 1720 erant

275 1755 480 1819 εἰπεῖν,
513 1752 753 1824 Δεήθητε
787 1755 944 1824 ὑμεῖς
990 1754 1131 1825 ὑπὲρ
1164 1753 1320 1824 ἐμοῦ,
1356 1753 1516 1807 τοῦτό
1563 1755 1714 1806 ἐστιν
1740 1755 1869 1822 ὁμο·

1972 1750 2178 1806 dixisse
2209 1766 2270 1805 ac
2297 1753 2448 1806 illum
2492 1754 2807 1809 confessum
2837 1770 2958 1810 esse
2999 1755 3143 1826 quod
3177 1757 3552 1826 deprehensus

273 1846 588 1915 λογοῦντος,
626 1847 674 1899 εί
705 1846 798 1900 καὶ
827 1847 904 1919 μὴ
931 1845 1040 1900 ἀπὸ
1070 1845 1240 1917 ὀρθῆς
1273 1846 1367 1899 καὶ
1410 1845 1646 1916 σφοδρᾶς
1675 1843 1859 1898 διαθέ-

1976 1854 2131 1901 asset.
2161 1847 2268 1917 81
2296 1845 2577 1917 Siquidem
2603 1849 2809 1912 dicere,
2835 1849 2997 1904 Orate
3033 1866 3130 1905 vos
3159 1866 3257 1921 pro
3285 1868 3389 1916 me,
3417 1869 3550 1907 eon-

277 1955 420 2002 σεως
452 1939 692 2008 ἐλέγετο.

875 2143 1130 2199 ΚΕΦΑΛ.
1164 2143 1268 2199 ΙΒ’.

274 2261 410 2313 Ὀτι
437 2257 568 2323 τοῖς
599 2256 851 2328 ἀγαθοῖς
867 2256 964 2309 καὶ
1011 2256 1249 2328 πιστοῖς
1281 2255 1489 2328 εὐοδοῖ
1512 2255 1630 2324 τὴν
1660 2269 1858 2328 atom-

342 2331 546 2398 plard
581 2325 747 2393 Θεὸς,
774 2325 970 2395 δῆλον
1001 2326 1070 2380 ἐκ
1100 2326 1211 2395 τῆς
1244 2328 1393 2380 κατὰ
1431 2327 1540 2380 τὸν
1569 2327 1868 2397 εὐνοῦχον

354 2397 729 2464 ὑποθέσεως.

360 2511 380 2546 t
440 2491 710 2560 Ἀγγελος
755 2489 812 2544 δέ
861 2489 1068 2561 Κυρίου
1111 2487 1344 2560 ἐλάλησε
1394 2489 1532 2560 πρὸς
1579 2489 1865 2556 Φίλιππον,

279 2604 303 2639 ι
344 2584 521 2653 λέγων
549 2601 563 2613 ·
593 2582 904 2653 Ἀνάστηθι,
939 2581 1036 2635 καὶ
1083 2582 1317 2652 πορεύου
1352 2581 1488 2635 κατὰ
1518 2582 1868 2654 μεσημϐρίαν

281 2697 302 2731 t
347 2677 442 2731 ἐπὶ
471 2676 571 2746 τὴν
599 2675 720 2729 ὁδδν
767 2675 865 2745 τὴν
905 2674 1347 2728 καταϐαίνουσαν
1371 2674 1480 2727 ἀπὸ
1515 2674 1868 2746 Ἰερουσαλὴμ

285 2789 305 2822 ι
348 2772 428 2832 εἰς
464 2767 663 2834 Γάζαν,
695 2767 834 2840 αὕτη
873 2768 1018 2821 ἐστὶν
1057 2767 1283 2838 ἔρημος.
1321 2767 1432 2821 Καὶ
1465 2767 1706 2832 ἀναστάς
1738 2771 1867 2822 ἐπο-

288 2879 310 2912 ι
349 2861 536 2931 ρεύθη.
575 2862 684 2914 Καὶ
726 2861 835 2914 ίδοὺ
869 2859 1008 2930 ἀνὴρ
1045 2859 1258 2927 Αἰθίοψ,
1285 2857 1564 2928 εὐνοῦχος,
1596 2859 1864 2931 δυνάστης

285 2972 306 3005 ι
353 2953 646 3021 Κανδάκης
701 2953 802 3022 τῆς
860 2952 1180 3024 βασιλίσσης
1227 2950 1520 3016 Αἰθιόπων,
1577 2951 1636 3015 ὃς
1677 2947 1745 3024 ἦν
1773 2953 1867 3006 ἐπὶ

288 3065 308 3098 ι
351 3045 535 3115 πάσης
587 3049 684 3115 τῆς
731 3043 913 3116 Γάζης
958 3045 1151 3116 αὐτῆς,
1191 3045 1438 3115 ἐληλύθει
1475 3048 1866 3118 προσκυνήσων

288 3157 309 3192 t
350 3138 832 3209 είςἹερουσαλήμο
867 3133 933 3208 ἦν
971 3138 1406 3208 τεὺποστρέφων
1441 3140 1534 3192 καὶ
1562 3139 1866 3209 καθήμενος

291 3246 310 3280 ι
352 3229 445 3280 ἐπὶ
471 3227 568 3282 τοῦ
606 3229 850 3298 ἅρματος
884 3227 1071 3291 αὑτοῦ,
1109 3229 1204 3281 καὶ
1234 3228 1568 3295 ἀνεγίνωσκε
1603 3228 1692 3281 τὸν
1728 3244 1865 3298 προ·

289 3339 311 3373 ι
357 3321 534 3392 φήτην
571 3318 817 3373 Ἡσαΐαν.
853 3315 988 3372 Εῑπε
1019 3319 1077 3373 δὲ
1105 3319 1165 3373 τὸ
1207 3319 1430 3391 Πνεῦμα
1460 3319 1538 3391 τῷ
1570 3320 1824 3391 Φιλίππῳ
1851 3337 1866 3353 ·

288 3432 311 3465 ι
356 3412 630 3484 Πρόσελθε
663 3413 758 3466 καὶ
804 3410 1097 3484 κολλήθητι
1128 3411 1205 3484 τῷ
1227 3413 1436 3484 ἆρματι
1463 3411 1658 3482 τούτῳ.
1695 3414 1870 3483 Προσ-

291 3525 314 3558 c
357 3503 582 3577 δραμὼν
604 3505 662 3558 δέ
690 3505 718 3558 ὁ
739 3503 1002 3567 Φίλιππος
1024 3505 1255 3575 ἡκουσεν
1279 3503 1442 3557 αὑτοῦ
1473 3502 1870 3572 ἀναγινώσκον-

298 3614 318 3648 t
358 3612 448 3656 τος
476 3595 567 3648 τὸν
596 3595 885 3665 προφήτην
921 3594 1172 3660 Ἡσαΐαν,
1202 3593 1298 3648 καὶ
1321 3589 1494 3648 εἶπεν
1524 3589 1671 3664 'Apa't
1697 3609 1760 3661 γε
1786 3609 1872 3662 γι-

295 3706 315 3740 t
354 3687 584 3750 νὼσκεις
617 3685 654 3740 ἃ
682 3685 1111 3754 ἁναγινώσκειςς
1150 3685 1206 3740 ’0
1251 3685 1308 3740 δὲ
1337 3681 1480 3749 εἷπε,
1514 3685 1639 3748 Πῶς
1669 3684 1778 3754 γὰρ
1805 3684 1872 3737 ἂν

294 3797 316 3830 ι
355 3779 645 3850 δυναίμην,
676 3778 771 3832 ἐὰν
805 3778 880 3848 μή
913 3796 995 3840 τις
1019 3777 1260 3849 ὀδηγήσῃ
1293 3793 1394 3847 με;
1431 3776 1780 3846 Παρεκάλεσέ
1812 3791 1872 3830 τε

294 3891 315 3926 ι
357 3872 450 3926 τὸν
488 3872 754 3925 Φίλιππον
784 3869 1061 3924 ἀναϐάντα
1107 3869 1330 3922 καθίσαι
1383 3869 1479 3922 σὺν
1516 3868 1687 3940 αὐτῷ.
1725 3867 1789 3922 Ἠ
1814 3868 1871 3922 δὲ

294 3979 314 4013 ι
357 3963 585 4032 περιοχὴ
613 3960 713 4030 τῆς
741 3961 960 4031 Γραφῆς
991 3959 1058 4031 ἢν
1089 3959 1478 4027 ἀνεγίνωσκεν,
1511 3955 1579 4028 ἧν
1601 3957 1797 4030 αὕτη.»

362 4052 466 4106 Διὰ
495 4053 549 4106 τί
595 4056 670 4122 μὴ
717 4051 798 4124 τῷ
846 4051 1086 4122 εὐνούχῳ
1141 4052 1391 4120 φαίνεται
1429 4053 1456 4104 ὁ
1503 4050 1732 4119 ἄγγελος
1779 4052 1873 4106 καὶ

289 4146 416 4214 ἄγει
450 4145 612 4198 αὐτὸν
648 4143 782 4216 πρὸς
818 4145 1120 4208 Φίλιππον;
1161 4142 1284 4195 Ὀτι
1322 4143 1451 4207 ἴσως
1481 4143 1580 4197 οὐκ
1620 4142 1687 4198 ἂν
1718 4145 1872 4197 ἐπεί-

293 4237 419 4307 σθη,
450 4235 566 4290 ἀλλ’
606 4235 880 4306 ἐξεπλάγη
913 4235 1132 4305 μᾶλλον.
1167 4235 1242 4288 Οὐ
1288 4233 1398 4306 γὰρ
1439 4230 1508 4306 ἦν
1553 4235 1628 4299 ὡς
1660 4237 1688 4289 ὁ
1727 4236 1874 4307 Κορ-

290 4329 474 4401 νήλιος
512 4323 688 4392 οὗτος.
736 4347 754 4380 t
796 4328 950 4381 Κατὰ
1003 4326 1371 4399 μεσημϐρίαν.
1411 4347 1430 4380 ι
1483 4327 1597 4380 Οὐκ
1646 4327 1712 4381 ἂν
1765 4328 1874 4382 ἀπὸ

303 4420 701 4492 Ἱεροσολύμων
741 4420 876 4490 πρὸς
931 4419 1286 4490 μεσημϐρίαν
1335 4421 1524 4492 ἀπῄει,
1571 4420 1707 4474 ἀλλὰ
1738 4420 1872 4492 πρὸς

1970 1939 2180 1994 ﬁteutis
2209 1949 2292 1994 est
2327 1955 2342 1991 :
2375 1955 2689 2010 quanquam
2726 1942 2829 1996 hoc
2855 1957 2964 1998 non
2994 1958 3024 1997 a
3046 1952 3198 1999 recto
3220 1945 3551 2000 vehementi-

1971 2045 2078 2099 que
2100 2029 2295 2085 ao'ectu
2327 2030 2622 2086 diceretur.

2561 2141 2790 2198 CAPUT
2821 2143 2936 2198 ΧΠ.

1974 2249 2126 2316 Quod
2168 2261 2471 2308 sanctorum
2517 2271 2580 2308 ac
2621 2256 2858 2323 ﬁdelium
2892 2261 3159 2313 communi
3201 2262 3363 2316 saluti
3409 2264 3548 2320 Deus

2043 2338 2349 2402 prosperum
2388 2327 2586 2402 tribuet
2625 2343 2946 2402 successum,
2983 2341 3192 2397 sumpto
3239 2347 3548 2402 argumento

2043 2407 2107 2446 ex
2132 2395 2234 2458 his,
2271 2411 2388 2464 qua:
2409 2392 2552 2448 circi:
2585 2399 2880 2452 eunuchum
2911 2392 3266 2470 contigerunt.

2047 2503 2067 2536 ι
2097 2483 2232 2550 Vlll,
2263 2485 2452 2541 26,52.
2486 2489 2727 2558 Angelus
2751 2498 2931 2545 autem
2963 2491 3176 2546 Domini
3217 2494 3433 2550 locutus
3465 2503 3550 2550 cst

1977 2593 1996 2627 ι
2030 2576 2096 2630 ad
2137 2575 2473 2648 Philippum,
2519 2580 2752 2635 dicens:
2791 2581 2964 2653 Surge
3018 2592 3072 2636 et
3103 2585 3240 2640 vade
3266 2589 3549 2644 meridiem

1978 2686 1996 2720 ι
2032 2684 2247 2737 versus,
2278 2671 2345 2724 ad
2379 2671 2518 2725 viam
2547 2687 2668 2740 quae
2713 2673 2999 2728 descendit
3029 2676 3097 2729 ab
3135 2676 3438 2733 Jerusalem
3481 2679 3551 2733 ad

1977 2779 1994 2813 t
2026 2760 2252 2826 Gazam,
2276 2763 2386 2818 hate
2399 2765 2736 2820 estdeserta.
2762 2766 3113 2838 Surgensque
3142 2771 3423 2838 profectus
3443 2783 3549 2827 est.

1979 2870 1998 2904 t
2029 2851 2094 2906 Et
2110 2869 2236 2908 ecce
2256 2855 2336 2908 vir
2365 2855 2638 2926 IEthiops,
2664 2859 2974 2919 eunuchus,
3012 2861 3304 2929 przel'ectus
3337 2863 3553 2920 Canda-

1976 2962 1996 2997 t
2033 2960 2124 3000 ces
2147 2947 2348 3018 reginae
2369 2948 2710 3019 Aithiopum,
2734 2950 2826 3020 qui
2848 2963 3074 3018 praeerat
3106 2955 3373 3010 universae
3395 2956 3554 3013 Gaza:

1978 3055 1996 3088 t
2025 3038 2220 3107 ipsius,
2261 3049 2481 3094 venerat
2511 3042 2843 3101 adoraturus
2871 3043 3209 3116 Jerosolyma
3237 3065 3250 3101 :
3283 3058 3336 3102 et
3367 3065 3552 3103 rever-

1979 3146 1998 3178 ‹
2029 3130 2246 3184 tebatur
2297 3131 2494 3187 sedens
2553 3149 2720 3203 super
2750 3151 2974 3190 currum
3039 3153 3198 3192 suum
3224 3138 3552 3209 legebatque

1976 3239 1993 3268 ι
2029 3220 2224 3275 Isaiam
2255 3224 2596 3293 pr0pltetaut.
2639 3225 2779 3280 Dixit
2813 3236 2990 3282 autem
3027 3228 3263 3298 Spiritus
3280 3229 3550 3302 Philippo:

1977 3329 1996 3362 t
2022 3313 2232 3367 Accede
2266 3323 2319 3368 et
2351 3315 2649 3390 adjungere
2677 3318 2804 3372 huic
2837 3321 3046 3374 currui.
3074 3320 3325 3391 Cumque
3355 3338 3550 3377 accur-

1979 3422 1997 3457 t
2026 3405 2188 3460 risset
2224 3405 2542 3476 Philippus,
2606 3411 2816 3464 audivit
2869 3427 2992 3466 eum
3036 3412 3302 3482 legentem
3357 3413 3549 3469 Isaiam

1977 3514 1995 3548 ι
2029 3500 2373 3568 prophetam,
2408 3511 2462 3554 et
2511 3501 2690 3556 dixit:
2737 3502 3074 3573 lnlelligisne
3105 3521 3226 3575 quae
3261 3506 3436 3576 legis?
3482 3507 3553 3560 At

1980 3608 1998 3642 ι
2032 3590 2123 3646 ille
2155 3591 2230 3645 ait
2259 3609 2272 3646 :
2307 3591 2540 3656 Quinam
2579 3594 2724 3648 enim
2758 3595 2964 3664 possim
3017 3598 3120 3650 nisi
3158 3599 3428 3667 quispiam
3461 3614 3550 3653 me

1981 3700 2000 3734 ι
2040 3683 2468 3738 manuduxerit?
2503 3682 2846 3755 Rogavitque
2881 3685 3216 3757 Philippum,
3257 3701 3313 3742 ut
3353 3704 3552 3744 ascen-

1979 3790 1998 3824 t
2029 3773 2183 3827 deret
2213 3787 2275 3828 ac
2300 3775 2517 3828 sederet
2543 3789 2756 3830 secum.
2805 3776 3205 3847 Argumentum
3233 3794 3362 3834 vero
3397 3778 3553 3834 Serio

1980 3883 1998 3917 ι
2028 3873 2224 3935 ptum,
2259 3881 2420 3936 quatn
2457 3867 2673 3938 legebat
2710 3877 2829 3922 erat
2857 3869 2978 3923 hoc.
3022 3888 3041 3922 ι

2044 4037 2218 4105 Quam
2258 4039 2330 4095 ob
2359 4054 2584 4096 causam
2621 4043 2878 4097 eunucho
2917 4059 3028 4097 non
3061 4049 3286 4113 apparet
3323 4044 3552 4113 angelus

1975 4131 2264 4201 ipsumque
2288 4133 2439 4188 ducit
2465 4133 2532 4187 ad
2568 4132 2927 4204 Philippum?
2989 4135 3259 4201 Quoniam
3295 4135 3554 4193 fortassis

1975 4237 2083 4276 non
2141 4225 2513 4290 credidisset,
2573 4227 2667 4280 sed
2725 4226 2902 4296 magis
2958 4227 3281 4295 perterritus
3333 4225 3550 4282 fuisset.

1975 4311 2161 4384 Neque
2217 4316 2361 4370 enim
2429 4325 2549 4372 erat
2602 4319 2783 4387 qualis
2838 4320 3144 4376 Cornelius.
3206 4339 3224 4372 ι
3263 4321 3548 4377 Meridiem

1973 4421 2192 4463 versus.
2226 4426 2246 4460 ι
2308 4407 2426 4463 Non
2460 4425 2490 4463 a
2521 4409 2880 4483 Jerosolytuis
2915 4413 2982 4467 ad
3039 4414 3321 4469 meridiem
3361 4416 3553 4470 tende-

293 4514 528 4586 ἄρκτον·
573 4515 680 4568 ἀπὸ
731 4513 786 4567 δὲ
836 4514 1171 4585 Σαμαρείας,
1216 4512 1345 4566 ἔνθα
1397 4513 1660 4576 Φίλιππος
1693 4514 1722 4566 ὁ
1761 4511 1869 4566 τῶν

1977 4496 2090 4560 bat,
2125 4497 2220 4553 sed
2252 4499 2319 4552 ad
2351 4501 2777 4569 septentrionem
2804 4519 2818 4556 :
2852 4517 2881 4555 a
2912 4502 3158 4558 Samaria
3187 4519 3338 4569 vero,
3365 4507 3417 4560 in
3443 4523 3552 4575 qua

295 4610 436 4662 ἔπτὰ
464 4608 698 4678 διέτριϐε
747 4608 840 4660 καὶ
873 4607 1118 4659 ἐδίδασκε
1167 4605 1308 4670 τότε,
1345 4605 1482 4675 πρὸς
1523 4605 1870 4676 μεσημϐρίαν

293 4700 446 4751 ἐστὶν
485 4701 520 4770 ἡ
551 4699 687 4760 ὁδός.
727 4697 799 4750 Τὸ
839 4697 917 4762 δὲ,
968 4716 985 4748 ι
1011 4696 1157 4767 Αὕτη
1201 4695 1350 4749 ἐστὶν
1385 4695 1614 4767 ἔρημος,
1641 4714 1659 4748 ι
1695 4690 1869 4762 εἶπεν,

297 4790 440 4844 ὥστε
474 4792 548 4861 μὴ
587 4790 893 4860 φοϐηθῆναι
925 4789 1024 4858 τὴν
1059 4789 1165 4840 τῶν
1205 4787 1477 4842 Ἰουδαίων
1521 4787 1869 4842 ἐπιστασίαν.

297 4883 562 4944 Γυναῖκες
589 4882 645 4934 δὲ
687 4877 856 4952 ἦρχον
897 4881 1111 4950 ἐκείνης
1135 4879 1232 4948 τῆς
1262 4878 1568 4943 Αἰθιοπίας,
1601 4873 1674 4932 ὧν
1715 4879 1809 4932 καὶ
1839 4879 1872 4948 ὴ

299 4975 557 5046 Κανδὰκη
585 4977 726 5027 κατὰ
764 4974 1012 5043 διαδοχὴν
1045 4972 1163 5042 μία,
1195 4969 1263 5045 ἧς
1295 4973 1324 5024 ὁ
1357 4971 1611 5041 εὐνοῦχος
1658 4971 1873 5044 ὑπῆρχε

297 5068 499 5139 ταμίας
555 5068 664 5122 τῶν
719 5067 1013 5137 βασιλικῶν
1065 5065 1374 5142 θησαυρῶν.
1441 5064 1634 5118 ’ἰστέον
1679 5063 1737 5116 δὲ
1791 5063 1873 5116 ὅτι

300 5158 594 5227 Κανδάκην
623 5158 876 5221 Αίθίοπες
903 5159 1080 5212 πᾶσαν
1105 5157 1204 5226 τὴν
1245 5156 1337 5210 τοῦ
1371 5154 1633 5226 βασιλέως
1664 5153 1873 5224 μητέρα

298 5249 580 5315 καλοῦσιν,
615 5250 802 5319 ἐπειδὴ
827 5250 1036 5320 πατέρα
1071 5248 1326 5311 Αἰθίοπες
1350 5248 1450 5301 οὐκ
1484 5247 1869 5316 ἀναφέρουσιν,

299 5340 418 5392 ἀλλ’
450 5342 524 5404 ὡς
547 5341 706 5404 ὄντας
749 5341 897 5404 υίοὺς
920 5342 1070 5412 ῄλίου
1104 5341 1488 5412 παραδιδόασιν
1507 5355 1520 5371 °
1554 5339 1783 5392 ἑκάστου
1815 5337 1872 5389 δὲ

296 5433 401 5505 τὴν
438 5432 650 5504 μητέρα
674 5433 898 5506 καλοῦσι
923 5432 1235 5503 Κανδάκην.

376 5631 398 5664 ι
447 5609 536 5674 ἰὶς
571 5610 842 5681 πρόϐατον
879 5612 971 5665 ἐπὶ
1000 5612 1214 5681 σφαγὴν
1255 5610 1419 5681 ἢχθη,
1459 5609 1554 5662 καί⁵
1585 5607 1659 5672 ὡς
1703 5605 1873 5677 ἀμνὸς

302 5721 321 5754 t
364 5701 610 5755 ἐναντίον
639 5700 732 5754 τοῦ
777 5702 1052 5772 κείροντος
1097 5700 1259 5755 αὐτὸν
1295 5702 1526 5770 ἄφωνος,
1559 5697 1730 5757 οὕτως
1772 5698 1872 5750 οὐκ

305 5814 326 5847 ι
366 5795 579 5863 ᾖνοίγει
610 5794 670 5849 τὸ
705 5798 879 5868 στόμα
908 5796 1092 5850 αὑτοῦ.
1138 5797 1223 5850 Ἐν
1255 5797 1319 5867 τῇ
1351 5793 1676 5850 ταπεινώσει
1705 5792 1870 5846 αὑτοῦ

1977 4588 2258 4660 Philippus
2287 4607 2430 4646 unus
2456 4607 2521 4647 ex
2553 4601 2760 4662 septem
2791 4595 3112 4650 versabatur
3145 4605 3276 4650 tunc
3305 4605 3360 4652 et
3389 4598 3553 4652 doce-

1975 4683 2086 4748 bat,
2110 4684 2195 4738 via
2226 4691 2341 4740 erat
2373 4685 2658 4740 meridiem
2694 4702 2907 4742 versus.
2950 4687 3096 4740 Dixit
3127 4696 3332 4754 autem,
3365 4708 3383 4740 ι
3422 4688 3550 4745 llaec

1973 4785 2058 4831 est
2099 4777 2337 4844 deserta,
2369 4795 2388 4828 ι
2449 4785 2506 4831 ιιι
2547 4794 2654 4832 non
2706 4789 2972 4834 metueret
2998 4777 3311 4832 Judaeorum
3346 4781 3554 4846 princi-

1975 4879 2183 4940 patum.
2199 4870 2450 4924 Mulieres
2464 4877 2643 4923 autem
2658 4869 2767 4937 82
2789 4869 3123 4936 imperabant
3143 4870 3216 4922 illi
3234 4869 3553 4937 AEIhiOpim,

1975 4977 2206 5030 quarum
2283 4977 2390 5014 una
2459 4976 2555 5029 per
2612 4961 3022 5014 successionem
3072 4969 3190 5014 erat
3241 4961 3547 5015 Candaeaa:

1975 5053 2134 5121 cujus
2203 5053 2493 5107 eunuchus
2569 5058 2799 5121 praeerat
2858 5052 3104 5106 conclavi
3168 5057 3550 5106 thesaurorum

1975 5148 2270 5217 regiorum.
2305 5143 2599 5200 Sciendum
2634 5155 2814 5199 autem
2844 5146 2988 5213 quod
3022 5143 3314 5214 [Etltiopes
3334 5159 3550 5198 omnem

1976 5239 2120 5308 regis
2193 5248 2420 5291 matrem
2494 5235 2785 5290 Candacen
2864 5236 3181 5304 appellant:
3281 5235 3549 5303 siquidem

1975 5330 2262 5400 [Ethiopes
2325 5344 2513 5400 regum
2556 5336 2766 5398 patrem
2810 5345 2917 5382 non
2970 5327 3232 5390 referunt,
3291 5325 3386 5382 sed
3430 5327 3552 5380 illos

1974 5433 2233 5492 tanquam
2261 5435 2419 5475 veros
2453 5419 2587 5473 solis
2612 5418 2754 5473 ﬁlios
2791 5419 3057 5472 tradunt:
3114 5417 3551 5486 uniuscujusque

1975 5523 2152 5570 autem
2190 5523 2416 5567 matrem
2457 5511 2744 5566 Candacen
2787 5511 3079 5580 appellant.

2053 5631 2070 5662 ι
2108 5609 2246 5674 VIII,
2264 5609 2452 5664 52-36.
2472 5608 2753 5676 Tanquam
2774 5609 2890 5662 ovis
2905 5609 2970 5662 ad
2996 5611 3324 5665 occisionem
3351 5605 3547 5659 ductus

1979 5724 1997 5757 ι
2029 5715 2132 5770 est,
2166 5712 2220 5757 et
2249 5703 2392 5758 sicut
2425 5717 2596 5772 agnus
2620 5716 2804 5755 coram
2837 5700 3099 5755 tondente
3131 5717 3188 5754 sc
3210 5709 3415 5758 mutus,
3466 5697 3548 5753 sic

1981 5817 1998 5848 ι
2040 5797 2458 5867 uonaperuitos
2483 5809 2662 5850 suum.
2685 5793 2744 5847 ln
2779 5789 3547 5862 humilitateipsiusjudicium
