4024 6538
486 332 588 409 Ῑϐδ

1576 338 1976 401 (ECUMENII
2012 332 2304 399 ΤΒΙΟΟᾸΞ
2340 330 2689 396 EPISCOPI

3640 335 3747 401 ια

490 479 505 509 ι
536 459 656 528 ejus
677 455 949 512 siiblatum
988 462 1094 512 est.
1118 452 1539 511 Geoerationem
1576 459 1755 508 autem
1783 451 1902 521 ejus
1937 451 2061 519 quis

2170 467 2188 502 ι
2232 451 2264 520 ἠ
2316 447 2497 519 κρίσις
2546 447 2713 500 αὐτοῦ
2755 445 2917 518 ἤρθη.
2963 446 3075 517 Τὴν
3118 447 3174 501 δὲ
3207 447 3400 516 γενεάν
3429 448 3591 504 αὐτοῦ
3648 454 3737 515 τίς

487 572 507 601 ε
539 550 861 604 enarrabit?
919 548 1188 614 Quoniam
1244 548 1488 601 elevatur
1521 560 1550 596 ιι
1585 554 1732 599 terra
1766 544 1876 598 vita
1916 541 2059 613 ejus.

488 662 507 690 ο
542 643 898 711 llespondens
926 652 1105 697 autem
1138 639 1420 694 eunuchus
1449 638 1702 706 Philippo
1730 636 1869 690 dixit
1894 653 1908 689 :
1954 636 2063 690 0b-

488 755 511 786 ε
543 750 701 790 secro
727 736 793 788 de
820 750 928 805 qno
963 734 1094 788 dicit
1128 733 1231 786 boc
1256 732 1541 801 propheta,
1571 730 1638 783 de
1663 730 1868 799 seipso,
1902 743 1969 781 an
1995 728 2062 783 de

490 845 511 877 ι
544 828 653 880 alio
709 825 1014 897 quopiam?
1088 824 1355 892 Aperiens
1420 833 1599 876 autem
1658 819 1944 889 Philippus
1999 832 2061 873 os

492 939 511 972 ι
549 935 728 984 suum,
761 929 814 973 et
845 918 1111 988 incipiens
1147 917 1216 969 ab
1244 917 1345 969 hac
1381 915 1685 977 Scriptura,
1718 911 2065 966 annuntiavit

491 1028 512 1063 ι
551 1011 628 1064 illi
659 1008 868 1063 Jesnm.
902 1002 1152 1076 Cumq‘ue
1179 1005 1320 1059 irent
1356 1019 1451 1072 per
1496 1003 1662 1067 viam,
1693 1010 1965 1056 venerunt
1991 1000 2060 1054 ad

492 1120 510 1151 ι
542 1099 834 1169 quamdam
866 1108 1088 1166 aquam,
1115 1103 1169 1150 et
1191 1095 1266 1149 ait
1290 1093 1600 1149 eunuchus.
1633 1108 1654 1144 ι

556 1275 695 1330 Hinc
716 1274 1060 1347 signiﬁcatur
1093 1281 1394 1342 spontanea
1439 1270 1649 1327 Christi
1704 1272 1962 1326 voluntas
2002 1272 2064 1328 in

493 1363 879 1435 aggrediendis
930 1365 1016 1417 bis
1069 1378 1191 1431 quae
1219 1361 1470 1415 ordinata
1503 1371 1682 1415 erant.
1728 1361 1885 1415 Sicut
1912 1361 2058 1415 enim

488 1457 629 1518 ovis,
682 1470 803 1523 quae
848 1454 914 1507 ad
962 1452 1237 1506 Victimatn
1268 1452 1509 1512 ducitur,
1553 1452 1633 1505 vel
1664 1465 1839 1521 agnus
1873 1465 2061 1505 coram

485 1550 749 1602 tondente
791 1561 849 1600 se
892 1548 1007 1615 (qui
1038 1554 1217 1597 autem
1257 1544 1404 1597 nulla
1442 1544 1774 1599 necessitate
1820 1545 2057 1610 cogitur,

490 1653 671 1708 neque
698 1636 916 1691 balandi
951 1637 1114 1691 habet
1142 1636 1537 1706 occasionem),
1584 1636 1659 1689 ita
1706 1650 1831 1689 cum
1864 1642 2061 1704 sponte

488 1742 791 1803 pateretur,
847 1732 1082 1785 tacebat.
1141 1729 1298 1797 Quod
1341 1738 1523 1783 autem
1591 1730 1866 1798 sequitur,
1933 1745 1953 1780 ι
2001 1728 2059 1782 In

2175 560 2193 594 ι
2236 542 2593 613 διηγήσεται;
2623 540 2747 593 ’Ότι
2789 539 3004 610 αἴρεται
3037 539 3144 593 ἀπὸ
3172 540 3270 610 τῆς
3302 540 3406 610 γῆς
3435 542 3467 612 ἡ
3503 540 3616 613 ζωῇ
3646 546 3747 598 αὖ-

2175 651 2193 684 ι
2232 633 2346 687 τοῦ.
2378 630 2725 703 Ἀποκριθεὶς
2764 631 2822 684 δὲ
2849 632 2878 685 ό
2902 630 3154 702 εὐνοῦχος
3181 631 3260 702 τῷ
3284 632 3555 703 Φιλίππῳ,
3582 620 3707 688 εἶπέ
3728 651 3745 666 ο

2175 744 2193 777 ι
2233 724 2434 795 Δέομαί
2466 740 2580 788 σου,
2616 725 2743 793 περὶ
2780 725 2925 787 τίνος
2960 725 2989 775 ό
3029 727 3314 793 προφήτης
3360 724 3509 792 λέγει
3549 726 3746 794 τοῦτο;

2174 834 2191 868 t
2232 819 2359 888 περὶ
2398 816 2619 882 ἑαυτοῦ,
2652 815 2684 885 ἢ
2719 817 2849 885 περὶ
2895 817 3080 887 ἑτέρου
3135 818 3316 883 τινός;
3349 817 3594 883 Ἀνοίξας
3623 818 3683 873 δὲ
3718 821 3749 874 ὁ

2172 926 2189 958 ι
2229 907 2495 970 Φίλιππος
2517 906 2581 959 τὸ
2616 907 2791 975 στόμα
2830 906 3021 970 αὐτοῦ,
3049 907 3470 977 καὶ-ἀρξάμενος
3505 910 3612 963 ἀπὸ
3642 909 3749 980 τῆς

2173 1017 2189 1048 ι
2233 998 2457 1068 Γραφῆς
2485 996 2707 1068 ταύτης,
2761 996 3153 1068 εὐηγγελίσατο
3199 998 3344 1068 αὐτῷ
3376 999 3468 1053 τὸν
3515 1000 3747 1070 Ἰησοῦν.

2173 1110 2191 1141 ι
2236 1088 2324 1153 Ὠς
2356 1088 2412 1142 δὲ
2468 1089 2793 1159 ἐπορεύοντο
2835 1092 2979 1143 κατὰ
3022 1093 3121 1161 τὴν
3170 1091 3309 1160 ὁδὸν,
3341 1088 3505 1163 ἦλθον
3556 1094 3648 1146 ἐπί
3696 1110 3750 1147 τι

2170 1200 2190 1233 ι
2232 1182 2398 1251 ὕδωρ,
2431 1184 2523 1235 καί
2561 1197 2727 1252 φησιν
2756 1182 2784 1235 ό
2812 1181 3085 1251 εὐνοῦχος.
3123 1201 3143 1236 ι
3458 1242 3461 1247 ,

2250 1272 2533 1327 Ἐντεῦθεν
2551 1272 2611 1325 τὸ
2630 1273 2878 1326 ἑκούσιον
2901 1272 2993 1326 τού
3011 1273 3262 1345 Σωτῆρος
3282 1276 3339 1329 ὲν
3356 1276 3423 1345 τῇ
3450 1275 3614 1348 πείρᾳ
3637 1276 3751 1331 τῶν

2165 1365 2631 1435 οἰκονομουμένων
2663 1365 3012 1436 σημαίνεται.
3049 1366 3137 1430 Ὧς
3176 1367 3288 1438 γὰρ
3318 1369 3590 1439 πρόϐατον
3617 1368 3754 1437 ἀγό-

2166 1473 2328 1528 μενον
2344 1458 2424 1521 είς
2442 1456 2656 1519 θυσίαν,
2674 1456 2706 1527 ἢ
2732 1456 2902 1527 ἀμνὸς
2918 1458 3158 1510 ἐναντίον
3177 1458 3271 1511 τοῦ
3291 1458 3565 1529 κείροντος
3582 1460 3753 1514 αὐτὸν

2143 1550 2407 1623 (ἀνάγκη
2428 1550 2483 1603 δὲ
2506 1550 2883 1621 δαμαζόμενος
2908 1551 3027 1604 οὐδὲ
3053 1551 3358 1621 βληχᾶοθαι
3385 1549 3445 1604 τὸ
3472 1552 3765 1618 ἐνδόσιμον,

2166 1640 2328 1711 ἔχει),
2376 1641 2549 1704 οὕτως
2581 1641 2723 1695 ἑκὼν
2773 1642 2830 1694 ἑν
2883 1641 2962 1712 τῷ
3008 1642 3239 1712 πάσχειν
3285 1641 3517 1696 ἐσιώπα.
3550 1643 3624 1695 Τὸ
3671 1642 3752 1710 δέ,

2173 1750 2195 1785 ι
2236 1734 2326 1786 Ἑν
2361 1735 2426 1804 τῇ
2455 1733 2781 1788 ταπεινώσει
2828 1732 2991 1786 αὐτοῦ
3029 1734 3062 1803 ἠ
3099 1731 3284 1804 κρίσις
3317 1732 3480 1786 αὐτοῦ
3522 1733 3690 1804 ήρθη,
3727 1750 3746 1784 ι

493 1824 806 1879 humilitate
863 1823 1035 1892 ipsius
1074 1821 1343 1891 judicium
1396 1821 1517 1887 ejus
1568 1819 1843 1876 sublatum
1899 1827 2004 1883 est,
2040 1836 2060 1871 ›

2170 1824 2320 1895 δηλοῖ
2341 1827 2444 1896 τὴν
2467 1824 2785 1897 παράνομον
2813 1825 2997 1897 κρίσιν
3030 1824 3115 1878 ἐπ’
3136 1823 3287 1896 αύτῷ
3306 1825 3627 1897 γενομένην,
3648 1826 3755 1893 τῆς

490 1912 763 1984 signiﬁcat
806 1913 1057 1982 iniquum
1105 1912 1374 1980 judicium
1436 1910 1491 1963 in
1542 1910 1718 1979 ipsum
1778 1908 2062 1963 inductum

491 2006 772 2059 occultata
828 2004 1082 2057 veritate.
1150 2000 1393 2055 Rursum
1434 2000 1715 2065 inferens,
1771 1998 2064 2054 «Genera-

487 2098 689 2152 tionetn
713 2097 831 2166 ejus
858 2097 982 2165 quis
1021 2094 1341 2150 enarrabit?
1380 2115 1399 2145 ι
1431 2096 1671 2149 ostendit
1717 2094 1895 2163 ipsum
1931 2094 2063 2161 ἀγε-

486 2188 813 2258 νεαλόγητον
845 2203 988 2255 esse,
1025 2202 1217 2255 nempe
1262 2188 1410 2257 quod
1442 2186 1599 2256 origo
1634 2186 1851 2256 generis
1889 2185 2063 2255 ipsius

486 2278 609 2335 dari
641 2297 749 2334 non
776 2280 973 2351 possit.
1027 2278 1312 2349 Siquidem
1364 2279 1483 2349 ipse
1532 2287 1588 2332 et
1631 2277 2063 2348 ἀγενεαλόγητος

487 2382 606 2430 erat
662 2383 919 2441 tanquam
965 2370 1127 2434 Deus,
1177 2379 1231 2425 et
1274 2369 1583 2439 descriptus
1616 2383 1683 2424 ac
1731 2371 1786 2423 in
1827 2384 2058 2424 censum

489 2466 698 2521 relatus
753 2473 1011 2532 tanquam
1053 2462 1208 2531 juxta
1242 2476 1463 2517 carnem
1513 2470 1829 2531 generatus.
1894 2459 2059 2516 Sive:

489 2559 739 2630 gloriam,
769 2571 892 2625 qua:
931 2566 1052 2625 post
1078 2556 1554 2611 resurrectionem
1592 2554 1695 2623 ipsi
1731 2566 2061 2622 accesserat,

489 2663 556 2703 ac
591 2664 908 2718 generosam
947 2647 1120 2718 ipsius
1147 2647 1492 2717 dignitatem,
1528 2658 1691 2713 quam
1723 2646 2064 2715 experientia

490 2757 671 2797 rerum
722 2742 1099 2794 ordinatarnm
1158 2737 1567 2800 manifestavit,
1639 2736 1766 2805 quis
1827 2737 2066 2792 idoneus

488 2832 613 2896 erit,
641 2837 701 2885 ut
731 2845 981 2886 sermone
1001 2827 1311 2883 edisserat?
1335 2844 1461 2882 cum
1492 2828 1611 2898 ipse
1642 2827 1863 2895 quidem
1900 2828 2062 2883 morti

490 2924 771 2993 subjectus
800 2921 988 2985 luerit,
1042 2921 1283 2975 universi
1324 2934 1450 2973 vero
1491 2922 1557 2972 ad
1596 2919 2063 2987 incorruptionem

489 3015 665 3086 gratia
694 3015 812 3083 ejus
837 3014 1095 3069 viviﬁcati
1129 3013 1241 3067 sint
1284 3012 1492 3081 ﬁdeque
1534 3012 1823 3080 redempti.
1860 3011 2067 3066 Deinde

488 3106 592 3168 ait,
635 3122 654 3156 ι
687 3102 957 3170 Quoniam
1009 3105 1258 3157 elevatur
1285 3102 1351 3155 de
1384 3110 1527 3155 terra
1558 3101 1666 3154 vita
1700 3100 1841 3170 ejus.
1873 3117 1891 3151 ι
1953 3101 2067 3155 lloc

491 3206 575 3253 est
610 3199 882 3252 attollitur
935 3210 1002 3251 ac
1052 3196 1339 3251 sublimior
1367 3205 1448 3249 est
1495 3195 1601 3256 his,
1648 3209 1770 3263 qua:
1826 3195 1880 3247 in
1921 3203 2066 3249 terra

492 3298 623 3347 sunt
652 3290 762 3345 vita
785 3288 927 3359 ejus,
958 3288 1014 3344 id
1052 3295 1138 3343 est
1160 3286 1538 3342 conversatio.
1577 3285 1836 3341 Elevatur
1884 3294 2068 3340 autem

490 3385 678 3440 etalio
710 3382 890 3445 modo,
925 3395 990 3436 ac
1013 3395 1179 3450 super
1208 3394 1401 3434 omnes
1430 3388 1518 3433 est
1542 3378 1653 3432 vita
1677 3377 1821 3446 ejus,
1856 3377 1961 3431 hoc
1984 3386 2071 3432 est

494 3476 798 3531 subStantia
834 3473 1130 3543 Unigeniti,
1167 3486 1289 3526 cum
1320 3470 1613 3540 separatim
1646 3486 1676 3524 a
1710 3484 1879 3525 carne
1910 3470 2071 3524 intel-

493 3566 680 3638 ligitur
709 3565 818 3635 83
842 3565 1195 3634 nondumque
1223 3563 1290 3617 ad
1316 3577 1416 3617 nos
1443 3562 1732 3617 accedens.
1759 3562 1895 3617 Cum
1923 3562 2068 3615 enim

495 3661 562 3715 ad
581 3671 807 3715 mortem
828 3667 1130 3729 spontanee
1152 3655 1520 3721 descenderit,
1551 3654 1760 3710 elevata
1777 3663 1862 3710 est
1877 3669 1907 3708 a
1925 3662 2072 3709 terra

497 3753 630 3818 vita,
686 3753 1047 3823 sublimisque
1090 3749 1282 3805 euecta
1323 3758 1424 3815 est,
1466 3763 1529 3804 ac
1575 3760 1931 3819 supergressa
1985 3754 2073 3804 est

496 3845 666 3901 cmlos
695 3843 765 3911 ⁸³,
788 3844 917 3914 quia
939 3858 1034 3896 rex
1055 3841 1242 3912 gloriae
1270 3849 1407 3907 erat,
1429 3848 1484 3895 et
1503 3841 1613 3896 vita
1632 3840 1752 3910 ejus
1778 3841 2068 3908 naturalis,

496 3931 870 4003 Dominusqne
900 3932 1207 3986 virtutum:
1247 3945 1560 4001 quanquam
1598 3937 1821 4000 propter
1852 3930 2074 3999 dispen-

493 4026 763 4083 sationem
797 4026 947 4081 circa
979 4040 1079 4081 nos
1114 4039 1179 4080 ac
1205 4032 1562 4093 spontaneam
1614 4024 2071 4089 exinanitionem,

495 4120 552 4175 in
582 4121 839 4189 passione
877 4116 1263 4173 contumeliam
1294 4125 1349 4171 et
1387 4115 1744 4187 ignominiam
1779 4116 2071 4170 sustinue-

494 4214 589 4277 rit,
620 4212 784 4267 dante
825 4212 929 4267 hoc
966 4211 1014 4266 ei
1065 4210 1262 4264 merito
1292 4222 1481 4274 carne,
1535 4221 1659 4277 qua:
1712 4205 2077 4276 personaliter

495 4320 562 4361 ac
612 4305 1056 4375 inseparabiliter
1103 4303 1154 4357 ei
1191 4301 1340 4356 unita
1378 4308 1518 4363 erat,
1553 4300 1703 4353 circa
1742 4312 1906 4368 quam
1939 4296 2077 4353 afﬂi-

493 4396 603 4451 ctio
631 4404 686 4450 et
714 4394 914 4451 exinde
938 4392 1271 4448 contumelia
1293 4391 1523 4460 contigit
1556 4407 1571 4442 :
1603 4389 1812 4443 audens
1846 4389 2071 4458 quidem

2167 1915 2430 1980 ἀληθείας
2474 1915 2794 1986 κρυὸείσης.
2817 1915 2892 1969 Τὸ
2929 1914 3009 1979 es,
3048 1933 3068 1967 ι
3096 1915 3206 1986 Τὴν
3240 1917 3436 1983 γενεὰν
3475 1912 3640 1970 αὐτοῦ
3673 1915 3756 1978 τίς

2164 2007 2521 2077 διηγήσεται;
2563 2025 2583 2060 ι
2624 2006 2964 2075 ἐπενεγκὼν,
3004 2007 3277 2061 δείκνυσιν
3327 2007 3489 2061 αὐτὸν
3520 2008 3756 2076 ἀγενεα-

2163 2098 2411 2169 λόγητον.
2454 2095 2563 2151 Ἦν
2593 2100 2692 2167 μὲν
2721 2104 2831 2171 γὰρ
2876 2098 3038 2161 αὐτὸς
3086 2099 3178 2150 καί
3219 2098 3647 2170 ἀγενεαλόγητος
3679 2098 3757 2163 ὡς

2169 2189 2321 2252 Θεὸς,
2358 2189 2453 2241 καί¹
2504 2189 2646 2242 κατά
2692 2190 2868 2260 σάρκα
2912 2186 3251 2255 γεννώμενος
3302 2187 3377 2250 ὡς
3426 2186 3758 2258 ἀπογραφό-

2168 2297 2346 2349 μενος.
2407 2280 2567 2333 Ἤτοι
2607 2278 2707 2351 τὴν
2757 2281 2897 2350 μετά
2959 2279 3056 2348 τὴν
3110 2279 3405 2332 ἀνάστασιν
3448 2280 3755 2351 γενομένην

2166 2369 2356 2435 δ’ξξαν,
2386 2370 2480 2422 καὶ
2511 2371 2611 2439 τὴν
2648 2370 2845 2440 εὐγενῆ
2875 2369 3040 2424 αὐτοῦ
3081 2352 3258 2435 ἀξίαν,
3291 2370 3358 2438 ἣν
3400 2370 3432 2441 ἡ
3461 2368 3572 2424 τῶν
3603 2371 3755 2423 οἰκος

2165 2462 2514 2531 νομηθέντων
2552 2460 2797 2525 ὑπέδειξε
2840 2463 3025 2531 πείρα,
3074 2464 3159 2525 τίς
3193 2462 3347 2514 ἔσται
3378 2461 3567 2524 ἱκανὸς
3601 2461 3754 2531 λόγῳ

2166 2554 2415 2622 φράσαι;
2449 2552 2613 2608 αὐτοῦ
2653 2554 2749 2624 μὲν
2797 2554 3012 2625 θανάτῳ
3040 2554 3503 2624 ὑποϐαλλομένου,
3532 2553 3758 2608 πάντων

2164 2643 2221 2698 δὲ
2251 2646 2332 2706 είς
2371 2645 2682 2715 ἀφθαρσίαν
2729 2645 2911 2715 χάριτι
2939 2645 3106 2699 αὐτοῦ
3150 2646 3619 2715 ζωοποιουμένων,
3652 2644 3759 2699 καὶ

2171 2737 2355 2789 πίστει
2388 2736 2787 2805 λυτρουμένων.
2819 2732 2953 2791 Εἷτά
2974 2752 3158 2807 φησιν,
3196 2746 3218 2789 4‘
3247 2739 3371 2791 Ὅτι
3401 2739 3610 2810 αἴρεται
3640 2736 3757 2792 ἀπὸ

2167 2829 2265 2899 τῆς
2302 2829 2404 2898 γῆς
2443 2831 2477 2897 ἡ
2521 2828 2635 2899 ζωὴ
2675 2828 2865 2892 αὐτοῦ,
2903 2847 2922 2880 ι
2968 2830 3246 2883 τουτέστιν
3285 2831 3614 2903 ἐπαίρεται,
3658 2832 3758 2884 καὶ

2171 2920 2481 2991 ὑψηλοτέρα
2502 2920 2610 2974 τῶν
2638 2921 2730 2972 ἐπὶ
2753 2920 2854 2990 γῆς
2876 2922 3024 2973 ἐστιν
3050 2922 3082 2987 ἠ
3110 2922 3223 2992 ζωὴ
3250 2918 3441 2988 αὐτοῦ,
3469 2923 3758 2977 τουτέστιν

2166 3015 2201 3084 η
2229 3012 2497 3065 πολιτεία.
2518 3013 2743 3084 Αἶρεται
2773 3013 2829 3066 δὲ
2861 3012 2956 3065 καὶ
2985 3014 3208 3083 ἑτέρως,
3245 3015 3337 3066 καὶ
3362 3014 3503 3084 ὑπὲρ
3542 3015 3760 3077 πάντας

2169 3107 2317 3157 ἐστὶν
2353 3107 2385 3175 ἡ
2426 3106 2538 3177 ζωὴ
2573 3104 2761 3170 αὐτοῦ,
2812 3106 3090 3159 τουτέστιν
3115 3109 3150 3176 ἡ
3184 3106 3414 3176 ὐπαρξις
3441 3103 3535 3159 τοῦ
3573 3106 3757 3160 Μονο-

2173 3196 2382 3265 γενοῦς,
2409 3198 2538 3251 ὅταν
2564 3192 2673 3261 ἔξω
2692 3199 2892 3251 νοεῖται
2919 3197 3140 3267 σαρκὸς,
3170 3199 3263 3251 καὶ
3282 3196 3434 3252 οῠπω
3458 3198 3581 3251 καθ’
3601 3200 3757 3268 ἡμᾶς

2171 3290 2483 3361 γενόμενος.
2528 3289 2707 3346 Αὐτοῦ
2751 3290 2860 3361 γὰρ
2892 3292 2971 3353 είς
3007 3290 3239 3345 θάνατον
3271 3290 3534 3352 ἑκουσίως
3579 3284 3756 3343 xm.

2171 3381 2489 3453 ϐεϐηκότος,
2536 3384 2678 3454 ἤρθη
2712 3383 2819 3437 ἀπὸ
2859 3384 2957 3453 τῆς
2994 3385 3097 3454 γῆς
3129 3386 3161 3454 ἡ
3197 3383 3327 3455 ζωὴ.
3362 3384 3454 3437 καὶ
3488 3384 3758 3455 μετεωρί-

2173 3472 2297 3541 σθη,
2351 3474 2448 3526 καὶ
2503 3474 2817 3545 ὑπερανέση
2873 3475 3001 3537 τούς
3045 3475 3330 3545 οὐρανοὺς,
3372 3477 3455 3529 ὅτι
3498 3473 3757 3545 βασιλεὺς

2172 3563 2389 3634 ὑπῆρχε
2417 3563 2518 3633 τῆς
2543 3564 2721 3634 δόξης,
2751 3565 2846 3618 καὶ
2878 3564 3101 3637 ὴαύτοῦ
3134 3565 3246 3637 ζωὴ
3277 3565 3417 3619 κατά
3444 3566 3627 3636 φύσιν,
3655 3568 3758 3621 καὶ

2173 3651 2373 3723 Κύριος
2412 3651 2523 3706 τῶν
2572 3653 2887 3724 δυνάμεωνο
2931 3656 2981 3709 εί
3014 3655 3108 3709 καὶ
3153 3654 3240 3708 διὰ
3272 3654 3371 3727 τὴν
3420 3655 3552 3727 περὶ
3602 3657 3756 3727 ἡμᾶς

2171 3742 2487 3812 οἰκονομίαν
2526 3743 2621 3799 καί
2665 3746 2764 3815 τὴν
2803 3746 3049 3801 ἑκούσιον
3090 3747 3341 3815 κένωσιν,
3367 3748 3468 3818 τῆς
3508 3748 3650 3803 κατὰ
3692 3745 3757 3805 ἰδ

2172 3832 2340 3898 πάθος
2367 3836 2462 3888 ἐπὶ
2493 3836 2595 3905 γῆς
2626 3836 2849 3907 ἀτιμίας
2877 3838 2974 3891 καὶ
3007 3837 3225 3905 ἀδοξίας
3271 3838 3555 3910 ἠνέσχετο,
3595 3839 3757 3896 τοῦτο

2172 3925 2422 3996 διδούσης
2466 3924 2705 3994 εὐλόγως
2744 3925 2896 3996 αὐτῷ
2943 3927 3044 3997 τῆς
3097 3928 3222 3982 καθ’
3253 3929 3555 3985 ὑπόστασιν
3601 3931 3756 4004 αὐτῷ

2172 4017 2270 4070 καὶ
2297 4016 2619 4087 ἀδιαιρέτως
2646 4015 2934 4089 ἠνωμιηης
2964 4019 3184 4090 σαρκὸς,
3223 4021 3351 4089 περι
3379 4024 3445 4093 ἦν
3472 4021 3533 4075 τὸ
3558 4022 3755 4090 πάθος,

2174 4110 2268 4162 καὶ
2308 4108 2342 4179 ἡ
2379 4106 2632 4163 ἐντεῦθεν
2658 4109 2853 4179 ἀτιμία
2902 4112 3213 4165 συνέϐαινε·
3264 4113 3405 4166 κατά
3461 4113 3597 4168 Θεοῦ
3650 4114 3759 4185 μιν

2173 4203 2497 4274 τολμωμένη
2530 4202 2624 4257 τοῦ
2667 4205 3115 4277 σεσαρκωμένου,
3149 4206 3356 4276 ψαῦσαι
3386 4209 3444 4263 δὲ
3484 4210 3559 4281 μὴ
3590 4209 3756 4264 δυνα-

2178 4296 2335 4369 μένη“
2359 4296 2457 4350 τοῦ
2495 4297 2756 4363 ἀπαθοῦς,
2807 4298 2944 4368 ὅπερ
2993 4298 3299 4369 ἀμήχανον.
3333 4299 3535 4353 Τοῦτον
3572 4300 3758 4355 τοίνυν

2175 4384 2316 4443 εἶναι
2364 4388 2457 4442 τὸν
2507 4390 2737 4460 Ἰησοῦν,
2772 4389 2865 4443 καὶ
2916 4391 3310 4462 πεπληρῶσθαι
3368 4394 3427 4446 ὲν
3458 4392 3608 4464 αὐτῷ
3653 4394 3757 4465 τὴν

497 4490 764 4543 adversus
821 4485 989 4541 Deum
1029 4485 1413 4547 incarnatum,
1476 4494 1583 4535 non
1644 4486 1826 4534 tamen
1871 4489 2065 4549 potens

2176 4478 2403 4551 Γραφὴν
2433 4482 2464 4533 ό
2505 4481 2766 4545 Φίλιππος
2802 4481 3006 4551 ταύτην
3040 4483 3120 4554 τῷ
3167 4483 3407 4556 εὐνούχῳ
3466 4485 3759 4554 εὐαγγελί-

497 4579 891 4649 nnpassibilem
937 4577 1226 4647 attingere,
1266 4574 1319 4629 id
1375 4574 1520 4629 enim
1558 4573 1894 4643 impossibile
1923 4579 2063 4627 erat.

501 4671 656 4727 Hunc
694 4673 859 4743 igitur
889 4685 1012 4726 esse
1058 4667 1269 4733 Jesum,
1299 4675 1354 4723 et
1386 4668 1528 4721 hanc
1557 4665 1613 4719 in
1643 4680 1708 4721 eo
1739 4664 2065 4735 completam

499 4777 622 4817 esse
647 4761 988 4831 Scripturam
1018 4760 1303 4830 Philippus
1326 4757 1583 4813 eunucho
1621 4757 1908 4812 denuntiat
1933 4772 1947 4810 :
1979 4756 2068 4812 cui

495 4851 663 4906 etiam
690 4852 975 4917 obediens,
1034 4850 1330 4920 statimque
1362 4848 1697 4919 baptizatus,
1742 4847 1950 4902 missus
1988 4855 2075 4901 est

2174 4572 2365 4653 ζεται·
2397 4567 2444 4642 ᾧ
2488 4573 2581 4627 καὶ
2622 4574 2884 4639 πεισθεὶς,
2933 4576 3029 4628 καὶ
3079 4575 3393 4647 παραυτίκα
3436 4576 3760 4647 βαπτισθεὶς

2173 4665 2431 4738 ιπέμφθη
2465 4668 2545 4730 είς
2592 4668 2659 4721 τά
2706 4666 2944 4737 κλίματα
2994 4667 3092 4737 τῆς
3142 4666 3445 4734 Αίθιοπίας,
3500 4668 3759 4739 κηρύεων

2175 4754 2322 4809 τοῦθ’
2350 4758 2486 4828 ὅπερ
2530 4757 2696 4822 αὐτὸς
2736 4759 3048 4824 ἐπίστευσε,
3084 4758 3220 4811 Θεὸν
3252 4761 3350 4829 μὲν
3378 4759 3475 4813 ἕνα
3507 4759 3596 4813 ὁιά
3643 4760 3756 4812 τῶν

2176 4849 2467 4921 προφητῶν
2507 4852 2936 4922 κεκηρυγμένον,
2996 4851 3185 4904 τούτου
3234 4851 3292 4904 δὲ
3321 4852 3412 4904 τὸν
3465 4851 3593 4904 Υίὺν
3649 4851 3750 4920 τὴν

498 4942 570 5000 ad
627 4942 904 5015 regionem
953 4942 1269 5012 (Ethiopian,
1323 4943 1721 5011 praedicaturus
1776 4940 1877 4995 hoc
1922 4940 2065 5011 quod

2183 4943 2321 4995 κατά
2352 4941 2637 5013 ἄνθρωπον
2662 4944 2761 5013 ἢδη
2795 4944 3125 5013 πεποιῆσθαι
3172 4942 3494 5015 παρουσίαν,
3548 4943 3644 4995 καὶ
3678 4942 3757 5006 ὡς

500 5034 619 5105 ipse
667 5031 1019 5087 crediderat:
1068 5029 1239 5084 Deum
1302 5030 1525 5099 quidem
1582 5043 1750 5084 unum
1797 5043 1922 5084 esse
1975 5044 2065 5098 per

2184 5036 2456 5107 πρόϐατον
2505 5038 2596 5088 ἐπὶ
2641 5036 2854 5105 σφαγὴν
2896 5031 3083 5105 ἦχθαι,
3124 5035 3218 5089 καὶ
3279 5035 3346 5089 τὰ
3383 5034 3545 5089 λοιπά
3574 5035 3677 5088 ὅσα
3705 5035 3754 5088 οἱ

500 5126 798 5198 prophetas
848 5121 1204 5195 praedicatum
1233 5159 1248 5184 ,
1294 5121 1460 5191 hujus
1513 5128 1695 5175 autem
1718 5120 1913 5175 Filium
1958 5121 2065 5190 jam

2181 5126 2460 5197 προφῆται
2495 5126 2713 5193 λέγουσι
2747 5127 2875 5197 περὶ
2908 5126 3095 5184 αὐτοῦ.
3125 5127 3235 5180 Καὶ
3265 5125 3499 5180 ἐνταῦθα
3543 5125 3760 5195 πεπλή-

501 5218 802 5273 secnndum
841 5214 1237 5271 humanitatem
1275 5213 1562 5268 advenisse
1595 5228 1659 5267 ac
1688 5210 1891 5267 factum
1927 5226 2065 5277 esse,

2188 5237 2357 5290 ρωται
2391 5221 2423 5289 ἡ
2466 5220 2698 5287 λέγουσα
2731 5220 3057 5290 προφητεία,
3099 5237 3118 5272 ι
3151 5218 3410 5272 Αἰθιοπία
3445 5217 3756 5290 προφθάσει

500 5318 557 5366 et
597 5319 656 5365 ut
682 5325 839 5366 ovem
867 5309 937 5364 ad
976 5307 1309 5363 occisionem
1337 5306 1561 5360 ductum
1596 5319 1740 5370 esse,
1791 5312 1844 5360 et
1874 5313 2065 5361 cetera

2186 5314 2346 5380 χεῖρα
2379 5313 2546 5379 αὐτῆς
2573 5311 2649 5381 τῷ
2677 5312 2817 5381 Θεῷ.
2853 5331 2871 5363 ι

503 5416 839 5476 (ιυαοιιιιίιυε
882 5404 1075 5459 dicunt
1117 5401 1184 5458 de
1212 5403 1331 5472 ipso
1363 5402 1666 5473 prophetae.
1706 5404 1772 5457 Et
1799 5401 1887 5458 hic
1919 5417 2065 5474 com;

2170 5419 2301 5462 test
2369 5408 2675 5477 prophetia,
2738 5422 2861 5479 qua?
2885 5409 3013 5463 ait:
3068 5426 3087 5460 ι
3123 5405 3403 5479 Αἱιίιίορίε
3468 5404 3759 5477 praeveniet

503 5515 699 5555 manus
724 5501 843 5569 ejus
869 5498 982 5554 Deo
1013 5496 1081 5553 ⁸⁸.
1120 5517 1139 5550 ι

582 5614 600 5646 ι
641 5591 989 5655 mnsam.
1052 5593 1189 5647 Ecce
1237 5608 1399 5663 aqua,
1462 5595 1592 5664 quid
1660 5596 1913 5666 prohibet
1964 5610 2065 5665 quo

2260 5612 2275 5647 ι
2317 5594 2447 5649 ’1δού
2490 5592 2656 5664 ὕδωρ,
2686 5591 2739 5646 τί
2766 5590 2966 5647 κωλύει
3002 5606 3070 5663 με
3101 5587 3496 5661 βαπτισθῆναις
3529 5583 3667 5644 Eine
3698 5585 3756 5643 δὲ

505 5783 554 5819 ⁸⁵
586 5779 728 5838 Psai.
758 5795 874 5845 νιιι,
907 5780 960 5835 5.
1034 5781 1081 5813 ⁸⁸
1104 5778 1246 5835 Psal.
1274 5794 1438 5844 uvn,
1475 5777 1563 5833 3t.
