4024 6606
443 374 545 441 tot
1531 317 1927 423 (ECUMENII
1965 355 2258 419 τιιῐοοίιι
2286 351 2627 416 EPISCOPI
2682 376 2687 395 ι
3603 339 3719 407 168

434 488 494 544 in
524 483 808 543 Christum
834 491 1026 538 verum
1053 476 1222 533 Deum
1246 480 1520 539 nostrum,
1547 486 1710 541 quam
1746 469 2009 541 praedica-

2143 469 2242 524 rrbv
2270 469 2359 522 τὸν
2390 465 2564 537 ἀληθῆ
2591 463 2726 517 Θεὸν
2751 457 2928 532 ἡμῶν,
2962 459 3028 531 ἣν
3057 460 3351 531 ἐκήρυττον
3376 457 3424 511 oi
3451 457 3716 513 ἀπόστο-

434 581 571 637 baut
599 573 833 648 apostoli
859 590 874 629 :
902 580 958 628 et
979 569 1173 626 merito
1202 579 1356 623 sane.
1374 563 1661 636 Siquidem
1691 563 1746 617 in
1783 578 2009 631 regnum

2143 578 2217 625 οι,
2258 561 2477 614 πίστιν·
2530 556 2625 611 καὶ
2666 553 2813 627 μάλα
2844 552 3089 616 εἰκότως.
3135 552 3214 605 Δι’
3257 551 3422 619 αὐτῆς
3469 551 3599 620 γὰρ
3630 553 3717 614 εἰς

435 641 706 728 colorum
738 681 835 737 per
859 665 1006 719 illam
1043 673 1098 718 et
1121 675 1229 715 non
1261 672 1359 729 per
1386 656 1548 710 aliam
1573 656 1738 710 ullam
1768 652 2013 721 ingredi-

2143 652 2217 725 ςὴν
2247 652 2357 706 τῶν
2386 647 2632 721 οὐρανῶν
2684 644 2982 717 βασιλείαν,
3032 644 3125 698 καὶ
3158 643 3219 697 ού
3249 642 3315 697 δι’
3348 642 3524 712 ἄλλης
3558 641 3722 706 τινὸς

443 776 593 817 mur.
645 735 861 813 Veriori
902 763 1083 810 autem
1119 765 1374 808 sermone
1424 750 1511 804 via
1543 746 1895 815 intelligenda
1929 752 2015 799 est

2149 744 2498 819 ίσερχόμεθα.
2542 740 2916 814 Ἀληθεστὲρῳ
2948 735 3007 793 δέ
3033 737 3199 807 λόγῳ,
3249 735 3366 789 ὁδὸν
3392 735 3498 806 τὴν
3549 735 3723 788 πολι-

388 874 411 893 κ
434 852 815 913 conversatio.
843 847 1007 903 veluti
1046 843 1189 915 apud
1219 843 1413 897 lsaiam
1451 859 1463 895 :
1506 859 1526 892 ι
1571 838 1640 894 Ut
1671 839 1801 909 quid
1830 852 2016 893 errare

2143 840 2268 893 τείαν
2332 837 2647 903 ἀκουστέον,
2707 835 2783 899 ὡς
2843 831 2994 903 παρά
3054 830 3132 899 τῷ
3175 829 3407 901 Ἡσαΐᾳ·
3444 846 3467 881 ι
3497 828 3633 884 Ἵνα
3664 827 3721 883 τί

443 960 543 1001 nos
576 942 823 998 fecerunt
862 954 891 993 a
942 938 1028 992 via
1072 945 1164 990 tua
1186 934 1320 987 ³⁷2»
1368 933 1483 987 Hoc
1533 943 1617 987 est
1657 947 1689 984 a
1726 944 2018 985 conversa-

440 1038 618 1102 tione,
651 1049 771 1103 quae
804 1033 915 1086 tuis
957 1028 1217 1086 convenit
1262 1026 1507 1096 placitis.
1568 1024 1648 1078 Ita
1673 1037 1804 1090 ergo
1838 1031 1891 1076 et
1930 1020 2018 1076 hic

445 1129 589 1183 viam
646 1122 937 1194 appellavit
992 1120 1466 1175 conversationem
1530 1114 1829 1170 secundum
1865 1112 2020 1166 Chri-

447 1226 616 1275 stum.
666 1213 758 1267 Sic
786 1224 839 1266 et
864 1212 987 1266 aliis
1022 1211 1155 1265 locis
1191 1208 1281 1262 tibi
1322 1208 1420 1260 viae
1448 1205 1720 1269 meminit,
1755 1203 2019 1274 praedica-

448 1309 652 1363 tionem
678 1303 976 1360 secundum
1020 1301 1299 1356 Christum
1343 1296 1696 1367 signiﬁcavit,
1744 1304 1840 1347 aut
1891 1308 2023 1348 eon—

446 1397 818 1454 versationem
868 1393 1026 1463 juxta
1084 1391 1282 1461 placita
1348 1387 1575 1444 Christi.
1640 1385 1807 1442 Forte
1855 1387 2020 1442 etiam

446 1488 608 1559 quasi
637 1493 980 1542 attenuantes
1011 1493 1105 1538 aut
1133 1482 1483 1537 detrahentes
1512 1485 1585 1534 ita
1610 1493 1706 1534 eos
1729 1479 2018 1534 vocabant.

448 1573 733 1646 Siquidem
758 1573 1059 1629 obscurum
1093 1572 1207 1626 sive
1231 1570 1522 1642 ignobilem
1545 1569 1721 1624 solent
1751 1569 2025 1638 appellare

452 1668 729 1724 hominem
781 1681 813 1722 e
869 1666 957 1720 via
1014 1680 1112 1720 seu
1154 1679 1184 1718 e
1238 1663 1424 1716 trivio.
1471 1660 1589 1715 Non
1628 1660 1816 1730 petivit
1842 1666 2022 1714 autem

453 1766 777 1832 potestatem
807 1772 903 1813 eos
934 1756 1011 1811 ibi
1036 1755 1318 1826 puniendi,
1354 1754 1447 1808 sed
1479 1752 1785 1807 adducendi
1811 1751 2027 1807 Jerosa-

456 1851 635 1922 lyma:
679 1849 822 1920 quod
854 1850 970 1902 haec
1006 1847 1200 1917 majori
1233 1844 1561 1899 auctoritate
1600 1843 1717 1899 ﬁeri
1754 1842 1933 1899 vellet.
1964 1838 2025 1896 In

455 1942 679 1996 civitate
712 1955 839 1995 vero
868 1954 978 1995 non
1008 1939 1207 1993 accidit
1238 1938 1395 2003 visio,
1430 1940 1525 1993 sed
1551 1937 1604 1990 in
1636 1935 1719 1989 via
1744 1950 1842 2005 per
1859 1933 2028 2004 quie—

456 2040 589 2097 tem,
623 2045 689 2086 ne
712 2030 840 2085 aliis
872 2029 1062 2085 liceret
1090 2028 1200 2083 alio
1248 2030 1408 2080 modo
1455 2040 1680 2080 narrare
1708 2024 1852 2095 quod
1881 2025 2030 2078 circa

458 2123 639 2193 ipsum
686 2121 1029 2192 contigisset,
1085 2120 1178 2175 sed
1225 2120 1340 2188 ipse
1383 2118 1488 2173 lida
1534 2118 1730 2188 dignus
1765 2124 1912 2171 esset
1962 2115 2030 2170 ad

460 2216 834 2281 referendum,
878 2215 971 2286 qui
1003 2213 1269 2269 visionem
1308 2212 1557 2276 vidisset,
1590 2219 1644 2266 et
1683 2226 1872 2265 casum
1907 2224 2033 2280 per-

459 2292 654 2382 pessus
692 2309 905 2365 l‘uisset.
964 2304 1083 2360 Non
1134 2321 1326 2362 omnes
1379 2314 1559 2359 autem
1614 2315 1873 2369 excaecat,
1933 2301 2030 2357 sed

463 2401 642 2458 solum
697 2402 967 2456 duntaxat
1008 2397 1259 2461 Paulum,
1324 2412 1390 2453 ne
1455 2396 1763 2451 communis
1812 2393 2032 2448 amictio

459 2494 888 2556 existimaretur,
929 2497 983 2546 et
1014 2505 1137 2561 qua:
1168 2505 1300 2543 casu
1345 2489 1691 2559 contigisset,
1734 2488 1829 2543 sed
1863 2502 1894 2540 a
1942 2485 2034 2541 di-

461 2588 588 2642 vina
624 2584 987 2655 providentia.
1036 2581 1217 2649 Quare
1250 2593 1431 2637 autem
1463 2597 1573 2636 non
1615 2580 1967 2635 crediderunt
1998 2580 2033 2634 ii

457 2678 557 2749 qui
593 2691 715 2730 cum
748 2690 814 2730 eo
856 2674 1058 2730 erant?
1090 2673 1160 2730 Ut
1192 2673 1293 2728 (ide
1323 2672 1469 2743 digni
1507 2679 1677 2727 testes
1706 2680 1893 2727 essent
1916 2671 2034 2741 ejus

462 2766 614 2839 quod
641 2768 788 2821 circa
813 2766 1041 2820 Paulum
1065 2765 1390 2836 contigerat.
1424 2763 1557 2817 Nam
1586 2763 1630 2819 si
1650 2764 2033 2827 credidissent,

463 2858 783 2913 viderentur
849 2855 919 2909 ad
1002 2855 1233 2927 gratiam
1303 2854 1605 2911 testiﬁcari.
1691 2854 2037 2909 «Audientes

464 2939 684 3020 quidem
730 2962 938 3003 vocent.
977 2965 997 2998 ι
1063 2944 1185 3000 Non
1229 2960 1348 3001 eam
1389 2960 1510 3015 quae
1555 2944 1789 3014 desuper
1817 2944 2038 3014 delapsa

2119 931 2430 1002 ἐπλάνησαν
2485 931 2635 1000 ἡμᾶς
2665 927 2774 982 ἀπὸ
2799 928 2898 997 τῆς
2926 923 3043 978 ὁδοῦ
3078 938 3199 987 σονς
3238 939 3256 973 ι
3318 920 3581 974 τουτέστι
3612 919 3722 989 τῆς

2120 1024 2261 1079 κατά
2312 1023 2371 1077 σὲ
2407 1020 2702 1083 πολιτείας.
2749 1016 2937 1080 Οὕτως
2970 1011 3064 1069 οὖν
3106 1012 3339 1067 ἐνταῦθα
3396 1010 3545 1075 δδδν,
3606 1010 3720 1080 τὴν

2122 1116 2262 1169 κατὰ
2290 1114 2524 1184 Χριστὸν
2554 1108 2673 1167 εἶπε
2698 1109 2991 1164 πολιτείαν.
3040 1108 3147 1161 Καὶ
3172 1106 3230 1158 ἐν
3255 1098 3336 1168 οἷς
3364 1103 3556 1166 ἀλλοις
3582 1102 3716 1157 ὀδοῦ

2124 1206 2474 1278 μνημονεύει,
2512 1204 2574 1259 τὸ
2599 1204 2739 1258 κατὰ
2766 1200 3001 1272 Χριστὸν
3023 1200 3287 1270 κήρυγμα
3316 1196 3407 1250 καὶ
3436 1195 3549 1266 τὴν
3586 1193 3720 1248 κατ’

2122 1299 2285 1352 αὑτὸν
2314 1297 2569 1366 σημαίνει
2594 1295 2894 1350 πολιτείαν.
2932 1294 3092 1354 Ἴσως
3135 1290 3229 1344 καὶ⁸
3280 1290 3356 1352 ὡς
3391 1287 3718 1351 εύτελίιῖον⁴

2124 1408 2212 1455 τες
2239 1390 2334 1445 καλ⁵
2362 1391 2711 1459 διασύροντες
2737 1386 2909 1449 οὓτως
2940 1385 3146 1449 αὐτοὺς
3161 1383 3405 1437 ἐκάλουν.
3440 1379 3562 1435 Καὶ
3598 1379 3720 1449 γὰρ

2124 1485 2213 1538 τὸν
2238 1485 2434 1554 ἄτιμον
2468 1482 2691 1536 εἰώθασι
2726 1482 2914 1535 καλεῖν
2940 1479 3227 1547 ἄνθρωπον
3273 1474 3330 1542 ἐξ
3380 1471 3532 1528 ὀδοῦ.
3598 1470 3721 1525 Οῦκ

2128 1577 2363 1646 ἐζήτησε
2395 1576 2451 1628 δέ
2482 1574 2732 1640 ἐξουσίαν
2755 1575 2873 1626 ἐκεῖ
2896 1567 3318 1642 τιμωρήσασθαι
3339 1565 3571 1630 αὐτοὺς,
3595 1561 3718 1617 ἀλλ’

2130 1670 2360 1736 ἀγαγεῖν
2387 1668 2467 1731 είς
2502 1666 2881 1736 Ἰερουσαλὴμ,
2917 1665 2998 1717 ὃτι
3035 1661 3172 1733 μετά
3205 1660 3449 1722 πλείονος
3475 1657 3589 1728 τῆς
3623 1652 3719 1720 ἐξ·

2127 1762 2315 1824 θυσίας
2343 1761 2517 1815 ταῦτα
2546 1759 2704 1833 ἠθελε
2723 1759 3007 1831 πράττειν.
3023 1757 3111 1811 Ἐν
3139 1756 3290 1810 πόλει
3313 1755 3368 1808 δὲ
3399 1756 3431 1824 ἡ
3459 1751 3722 1806 ὀπτασία

2130 1855 2189 1906 οἱ)
2218 1853 2447 1922 γίνεται,
2477 1850 2589 1905 ἀλλ’
2623 1852 2681 1904 ἐν
2709 1853 2775 1921 τῇ
2802 1848 2908 1921 ὀδῷ
2938 1849 3023 1919 ἐφ’
3051 1848 3275 1919 ἠσυχίᾳ,
3298 1846 3371 1909 ὼς
3404 1843 3479 1914 μὴ
3506 1840 3720 1906 ἐξεῖναι

2131 1946 2193 1999 τὸ
2242 1945 2366 2015 περὶ
2435 1944 2598 1996 αὑτὸν
2639 1940 2860 2010 γεγονὸς
2910 1940 3104 2002 ἄλλους
3139 1938 3317 2000 ἄλλως
3376 1933 3722 2005 διηγεῖσθαι,

2133 2037 2246 2090 ἀλλ’
2270 2037 2431 2101 αὐτὸς
2460 2035 2772 2102 ἀξιόπιστος
2793 2033 2879 2104 εἴη
2901 2030 3207 2102 διηγεῖσθαι
3240 2030 3316 2093 ὡς
3343 2027 3439 2082 καὶ
3466 2027 3574 2096 τὴν
3597 2025 3723 2094 ὄψιν

2136 2128 2282 2194 ἰδὼν,
2308 2129 2399 2181 καὶ
2427 2127 2489 2182 τὸ
2512 2128 2683 2190 πάθος
2715 2127 2974 2189 ὑποστάς.
3007 2125 3082 2178 Ού
3113 2123 3321 2185 πάντας
3357 2121 3413 2175 δὲ
3440 2119 3649 2189 τυφλοῖ
3676 2118 3728 2172 εί

2138 2221 2213 2293 μὴ
2241 2220 2455 2274 Παῦλον
2493 2219 2676 2290 μόνον,
2711 2220 2799 2273 ἵνα
2835 2218 2910 2289 μὴ
2932 2215 3111 2271 κοινὸν
3155 2214 3250 2268 καὶ
3281 2215 3355 2277 ὡς
3395 2211 3508 2265 ἀπὸ
3544 2208 3724 2281 τύχης

2133 2312 2193 2367 τὸ
2214 2312 2384 2376 πάθος
2406 2311 2658 2383 νομισθῇ,
2688 2310 2823 2365 ἀλλὰ
2848 2309 2997 2373 θείας
3028 2307 3302 2380 προνοίας.
3337 2305 3435 2359 Διά
3468 2304 3528 2359 τί
3558 2302 3618 2357 δέ
3649 2302 3725 2373 μὴ

2136 2406 2468 2460 ἐπίστευσαν
2526 2405 2577 2458 oi
2642 2404 2739 2457 σὺν
2798 2401 2983 2472 αὐτῷς
3049 2400 3167 2454 Ἰνα
3225 2392 3356 2452 ὦσιν
3404 2397 3726 2464 ἀξιόπιστοι

2143 2498 2548 2577 μαρτυροῦντες
2575 2496 2637 2552 τὸ
2665 2496 2796 2569 περὶ
2834 2495 3068 2550 Παῦλον.
3100 2494 3165 2548 Εἰ
3210 2493 3316 2566 γὰρ
3359 2490 3723 2571 ἐπίστευσαν,

2137 2593 2320 2657 ἔδοξαν
2353 2592 2420 2647 ἂν
2453 2593 2589 2662 πρὸς
2620 2593 2783 2663 χάριν
2833 2591 3150 2661 μαρτυρεῖν.
3205 2605 3223 2639 ι
3267 2584 3592 2646 Ἀκούοντες
3622 2582 3727 2654 μέν

2137 2688 2238 2755 τῆς
2290 2684 2494 2753 φωνῆς.
2530 2702 2548 2734 ι
2607 2683 2680 2737 Οὐ
2714 2682 2816 2752 τῆς
2864 2680 3073 2737 ἀνωθεν
3129 2681 3368 2752 ἥκουσαν
3417 2675 3614 2746 φωνῆς
3674 2673 3724 2728 oi

2142 2777 2392 2840 συνόντες
2417 2775 2493 2846 τῷ
2520 2775 2735 2846 Παύλῳ,
2780 2774 2914 2829 ἀλλὰ
2967 2773 3067 2843 τῆς
3108 2771 3202 2825 τοῦ
3237 2770 3472 2824 Παύλου.
3511 2766 3722 2822 Οὐδένα

2138 2868 2489 2939 δέλέθεὼρουν
2524 2868 2658 2938 πρὸς
2680 2866 2741 2920 δν
2765 2866 3131 2937 ἀπεκρίνατο·
3154 2865 3183 2918 ό
3216 2862 3274 2916 δέ
3304 2861 3524 2924 Παῦλος
3556 2861 3724 2930 μόνος

2143 2960 2243 3029 τῆς
2272 2959 2498 3015 ἀνωθεν.
2530 2960 2639 3013 Καὶ
2668 2960 2776 3032 γάρ
2806 2956 3010 3029 προῖὼν
3046 2956 3207 3010 αὐτὸν
3247 2953 3723 3032 εἰσάγειὲλέγοντα

436 3048 583 3097 ’erat
612 3055 795 3094 vocem
823 3039 1119 3093 audierunt
1154 3038 1204 3091 hi
1239 3038 1333 3108 qui
1368 3053 1492 3091 cum
1526 3038 1697 3092 Paulo
1724 3046 1903 3102 erant,
1942 3035 2038 3092 sed

2143 3052 2232 3105 τὸν
2280 3052 2532 3106 Παῦλονσ
2584 3071 2604 3103 ι
2634 3053 2697 3107 Oi
2847 3051 2946 3105 σὺν
3000 3048 3125 3121 ἐμοὶ
3170 3048 3321 3112 ὄντες
3355 3045 3416 3099 τὸ
3468 3030 3574 3116 μὲν
3609 3042 3726 3113 φῶς

460 3131 620 3189 Pauli
670 3147 876 3189 vocem.
941 3132 1125 3203 ipsum
1161 3132 1371 3187 etenim
1399 3129 1628 3185 Paulum
1673 3131 1726 3185 in
1760 3130 2037 3201 sequenti-

2143 3144 2458 3209 ἐθεάσαντο,
2493 3145 2589 3198 καὶ
2613 3143 2842 3215 ἔμφοϐοι
2871 3141 3138 3211 ἐγένοντο,
3166 3139 3264 3208 τὴν
3292 3138 3348 3191 δὲ
3395 3136 3589 3207 φωνὴν
3623 3135 3724 3187 ούκ

468 3227 573 3282 bus
606 3225 818 3280 inducit
843 3223 1157 3279 dicentem:
1219 3242 1237 3276 ι
1269 3223 1331 3276 Ει
1362 3223 1454 3294 qui
1490 3238 1702 3295 mecum
1734 3232 1911 3288 erant,
1957 3223 2040 3277 lu-

2143 3238 2384 3308 ῆκουσαν
2438 3238 2531 3290 τοῦ
2590 3235 2876 3298 λαλοῦντός
2907 3252 3021 3304 μοι.
3058 3253 3078 3286 ι
3121 3233 3183 3287 Ei
3236 3230 3347 3303 γὰρ
3375 3232 3473 3302 τῆς
3529 3226 3720 3297 φωνῆς

468 3333 587 3374 men
618 3317 837 3386 quidem
869 3316 1127 3372 viderunt
1155 3323 1209 3371 et
1241 3314 1490 3370 exterriti
1530 3324 1678 3378 sunt,
1721 3330 1908 3370 vocem
1948 3330 2040 3369 au-

2143 3329 2378 3399 ἥκουσαν
2408 3330 2646 3401 ἐκείνης,
2686 3330 2787 3384 οὑκ
2833 3328 2899 3383 ἂν
2921 3328 3252 3398 ἠπίστησαν.
3280 3324 3384 3377 Τὸν
3415 3321 3472 3377 δέ
3510 3320 3727 3376 Παῦλον

469 3417 575 3465 tein
614 3424 725 3463 non
754 3406 1185 3476 audieruntejus
1207 3407 1299 3477 qui
1334 3406 1664 3476 loquebatur
1689 3421 1903 3461 mecum
1937 3405 2037 3461 ".i

2148 3416 2386 3488 ὁρῶντες
2424 3418 2873 3491 ἀποκρινόμενον,
2915 3414 3250 3488 ἐθαύμαζον.
3296 3411 3398 3467 Διά
3456 3410 3627 3466 τοῦτο
3669 3409 3725 3462 δὲ

467 3498 529 3555 Si
555 3498 699 3554 enim
725 3512 915 3553 vocem
954 3496 1101 3551 illam
1137 3496 1444 3559 audissent,
1475 3510 1817 3566 nequaquam
1860 3496 2040 3550 incre-

2147 3507 2249 3561 οὐκ
2273 3508 2330 3573 ἐξ
2357 3508 2530 3578 ἀρχῆς
2564 3507 2719 3563 τοῦτο
2754 3510 2996 3578 γέγονεν,
3044 3506 3132 3560 ἵνα
3185 3504 3370 3575 δειχθῇ
3420 3503 3595 3566 ὅντως
3645 3503 3728 3556 ὅτι

468 3589 582 3645 duli
630 3589 1084 3659 permansisscnt.
1136 3587 1367 3641 Paulum
1429 3602 1557 3641 vero
1619 3587 2040 3658 respondentem

2149 3600 2348 3671 ἀνέστη
2393 3602 2649 3672 Χριστός.
2697 3602 2757 3657 '0
2808 3600 2919 3673 γὰρ
2970 3599 3211 3654 ἐλαύνων
3258 3596 3422 3651 αὐτὸν
3462 3594 3565 3649 καὶ
3593 3595 3725 3649 ἀπι-

468 3683 738 3748 videntes,
759 3683 1121 3736 mirabantur.
1138 3679 1263 3735 ideo
1285 3689 1463 3736 autem
1484 3681 1587 3736 hoc
1604 3682 1672 3736 ah
1686 3682 1844 3737 initio
1861 3692 2040 3738 actum

2155 3692 2296 3745 σιῶν
2347 3692 2511 3747 αὑτοῦ
2545 3696 2608 3765 τῇ
2659 3693 2971 3760 ἀναστάσει,
2997 3693 3093 3747 καὶ
3127 3692 3253 3756 τοὺς
3280 3688 3537 3763 μαθητὰς
3562 3684 3727 3742 αὐτοῦ

469 3785 581 3828 non
622 3780 726 3834 ett,
774 3769 887 3841 86
934 3779 995 3824 ut
1030 3768 1416 3826 ostenderetur
1442 3769 1588 3842 quod
1628 3786 1752 3825 vere
1782 3786 2040 3827 surrexe-

2150 3780 2383 3847 διώκων,
2436 3783 2604 3839 πόθεν
2638 3786 2703 3839 ἂν
2742 3784 3083 3853 ἐπίστευσεν,
3127 3786 3177 3839 εί
3220 3782 3297 3857 μὴ
3326 3783 3502 3857 πολλὴ
3531 3775 3602 3854 ἦν
3629 3778 3727 3848 τῆς

473 3863 543 3916 rit
570 3862 847 3919 Christus.
893 3859 1029 3915 Nam
1064 3862 1110 3916 is
1152 3862 1250 3932 qui
1295 3862 1449 3917 illum
1493 3863 1900 3933 rejiciebatnee
1924 3866 2040 3935 ejus

2152 3870 2503 3939 ἀναστάσεως
2532 3876 2565 3945 ή
2599 3874 2777 3947 ίσχῦςὶ

469 3949 745 4006 credendo
816 3949 1209 4006 resurrectioni
1278 3950 1444 4005 etiam
1497 3950 1671 4023 ipsius
1733 3952 2039 4024 discipulos
2077 3964 2530 4032 persequebatur,
2571 3967 2717 4023 unde
2752 3965 3093 4036 credidisset,
3126 3967 3239 4024 nisi
3307 3980 3507 4039 magna
3582 3949 3728 4020 esse‘

475 4044 556 4098 vis
584 4041 1010 4096 resurrectionis
1050 4038 1198 4110 ejus?

510 4164 513 4165 ν
548 4155 567 4190 ι
603 4137 672 4192 Et
706 4152 810 4192 non
842 4134 1079 4192 comedit
1116 4152 1290 4205 neque
1315 4137 1472 4193 bibit.
1509 4156 1528 4190 ι

543 4228 717 4296 Quam
758 4229 827 4283 ob
856 4229 1121 4283 causam?
1178 4228 1449 4294 Quoniam
1484 4230 1724 4299 seipsum
1760 4231 1957 4286 mirum
1993 4232 2048 4289 in

474 4320 694 4376 modum
728 4335 889 4390 poena
923 4319 1148 4390 dignum
1171 4321 1458 4391 judicabat
1485 4323 1557 4378 ob
1587 4322 1844 4380 Ecclesiae
1867 4341 2056 4397 perse-

477 4414 778 4477 cutionem,
840 4411 1127 4482 tristisque
1162 4411 1334 4469 Deum
1392 4412 1793 4484 deprecabatur
1835 4424 1895 4472 ut
1946 4418 2048 4474 sibi

475 4506 800 4561 remitteret.

548 4591 643 4659 IX,
671 4593 861 4650 10-12.
917 4593 1045 4648 Erat
1102 4605 1282 4649 autem
1339 4598 1562 4667 quidam
1609 4599 1916 4671 discipulus
1948 4602 2056 4656 Da-
2087 4577 2133 4632 Β

486 4706 505 4740 ι
543 4689 716 4743 masei
771 4689 993 4753 nomine
1039 4689 1323 4745 Ananias:
1379 4702 1430 4745 et
1463 4692 1603 4746 dixit
1648 4694 1714 4748 ad
1763 4695 1915 4748 illum
1966 4711 2062 4765 per

487 4797 506 4830 ι
541 4783 715 4835 visum
772 4781 1073 4836 Dominus:
1124 4782 1360 4835 Anania.
1391 4781 1457 4837 At
1482 4782 1574 4838 ille
1600 4784 1709 4839 ait:
1750 4784 1893 4841 Ecce
1930 4801 2055 4857 ego,

491 4889 509 4924 ι
544 4870 794 4927 Domine.
835 4871 902 4925 Et
936 4870 1201 4927 Dominus
1227 4872 1294 4928 ad
1333 4889 1454 4928 eum
1483 4891 1497 4927 :
1542 4873 1716 4945 Surge
1753 4884 1806 4932 et
1831 4877 1968 4933 vade
1999 4877 2055 4933 in

487 4981 507 5016 ι
544 4963 722 5018 vicum
787 4964 878 5032 qui
932 4973 1162 5018 vocatur
1221 4962 1451 5028 Rectus,
1485 4981 1549 5020 ac
1586 4982 1767 5035 quaere
1810 4968 1861 5022 in
1897 4969 2060 5025 domo

487 5073 508 5110 ι
544 5053 700 5111 Judae
756 5054 982 5111 Saulum
1036 5058 1259 5113 nomine
1301 5058 1672 5115 Tarsensem:
1741 5075 1869 5115 ecce
1913 5061 2058 5116 enim

490 5169 510 5204 ι
548 5158 687 5203 orat.
733 5146 991 5219 Viditque
1030 5166 1124 5221 per
1172 5152 1347 5208 visum
1403 5155 1576 5207 virum
1642 5155 1866 5210 nomine
1917 5154 2061 5208 Ana-

490 5264 509 5296 ι
552 5246 699 5298 niam
745 5243 1140 5312 introeuntem,
1191 5253 1244 5298 et
1282 5246 1652 5316 impellentem
1701 5248 1805 5302 sibi
1839 5265 2059 5304 manum

492 5357 510 5389 ι
554 5345 611 5391 ut
640 5338 818 5391 visum
862 5338 1150 5406 reciperet.
1191 5356 1210 5390 ι
1815 5395 1863 5411 ,δ

562 5429 629 5486 Ut
686 5430 842 5501 quid,
881 5431 1135 5497 obsecro,
1190 5434 1400 5489 nullum
1442 5450 1763 5504 magnorum
1808 5438 1902 5507 qui
1960 5438 2064 5494 lide

489 5528 688 5593 «lignus
721 5534 868 5581 esset
903 5526 1104 5589 traxit,
1165 5537 1259 5581 aut
1312 5528 1378 5583 ad
1417 5528 1571 5584 Pauli
1636 5530 2062 5586 instructionem

494 5618 823 5681 transmisit,
843 5617 939 5673 sed
968 5617 1238 5672 Ananiam
1270 5618 1363 5688 qui
1389 5635 1533 5675 unus
1580 5630 1702 5676 erat
1731 5637 1796 5678 ex
1834 5622 2066 5693 Septua-

568 5794 611 5828 ⁸⁷
640 5793 743 5851 lsa.
769 5811 927 5865 uin,
968 5795 1058 5851 i7.
1135 5793 1181 5830 ⁸⁸
1204 5794 1371 5864 infra,
1407 5811 1542 5851 xxii.

2231 4166 2251 4201 ι
2285 4149 2395 4202 Καὶ
2418 4150 2519 4204 οὐκ
2547 4149 2751 4219 ἔφαγεν
2778 4148 2897 4204 οὐδὲ
2923 4149 3097 4204 ἔπιεν.
3137 4167 3158 4201 ι

2226 4240 2326 4295 Διά
2349 4242 2430 4306 τίς
2468 4243 2589 4297 ’Ότι
2618 4242 2739 4297 λίαν
2765 4241 2957 4298 ἑαυτοῦ
2988 4240 3237 4311 κατέγνω
3264 4241 3356 4294 ἐπὶ
3398 4239 3474 4311 τῷ
3499 4234 3726 4308 διωγμῷ

2159 4334 2624 4407 τῆςῈκκλησίας,
2659 4336 2752 4391 καὶ
2779 4336 3118 4403 λυπούμενος
3145 4332 3445 4400 παρεκάλει
3470 4332 3565 4385 τὸν
3598 4327 3728 4383 Θεὸν

2157 4426 2423 4495 ἀφεθῆναι
2452 4428 2618 4498 αὐτῷ.
3465 4432 3471 4438 ’

2236 4626 2254 4660 ι
2285 4602 2394 4661 Ἦν
2422 4607 2478 4662 δέ
2507 4623 2591 4670 τις
2618 4605 2864 4677 μαθητὴς
2890 4605 2950 4658 ἐν
2977 4603 3272 4676 Δαμασκῷ,
3302 4603 3524 4674 ὀνόματι
3575 4600 3731 4656 Ἀνα-

2168 4719 2187 4754 ι
2227 4701 2379 4764 νίας·
2416 4703 2510 4754 καὶ
2538 4698 2659 4754 εῑπε
2711 4699 2848 4771 πρὸς
2878 4698 3039 4752 αὐτὸν
3079 4700 3108 4751 ὁ
3147 4698 3352 4767 Κύριος
3383 4696 3441 4749 ἐν
3472 4695 3727 4767 ὁράματι,

2168 4812 2185 4847 ι
2236 4793 2478 4867 Ἀνανία.
2524 4792 2583 4847 '0
2632 4792 2687 4846 δὲ
2740 4787 2928 4845 εἰπενο
2974 4791 3109 4844 Ἰδοὺ
3138 4784 3284 4858 ἐγὼ,
3342 4788 3535 4861 Κύριε.
3582 4788 3641 4839 ὐ
3674 4785 3727 4836 δὲ

2170 4901 2190 4935 ι
2228 4883 2432 4951 Κύριος
2468 4882 2601 4954 πρὸς
2636 4882 2798 4936 αὐτόν
2824 4897 2838 4912 ’
2878 4880 3142 4944 ’Δναστὰς
3175 4878 3470 4951 πορεύθητι
3499 4877 3594 4931 ἐπὶ
3634 4873 3727 4943 τὴν

2175 4992 2194 5027 ι
2232 4974 2414 5046 ῥύμην
2449 4976 2548 5044 τὴν
2597 4974 2937 5045 καλουμένην
2978 4971 3227 5038 Εὐθεῖαν,
3268 4972 3361 5025 καὶ
3408 4971 3641 5041 ζήτησον
3674 4967 3726 5015 ἐν

2173 5086 2192 5119 ι
2230 5069 2375 5137 οἰκίᾳ
2413 5067 2576 5120 Ἰούδα
2632 5066 2835 5120 Σαῦλον
2879 5065 3103 5136 ὀνόματι
3151 5065 3404 5135 Ταρσέα·
3455 5062 3564 5114 ίδοὺ
3624 5059 3725 5125 γὰρ

2175 5175 2193 5209 ι
2228 5157 2612 5227 προσεύχεται.
2641 5156 2751 5209 Καὶ
2769 5151 2908 5208 εἶδεν
2944 5154 3002 5208 ἐν
3034 5154 3272 5225 δράματι
3300 5152 3469 5224 ἄνδρα
3509 5150 3724 5217 ὀνόματι

2176 5267 2195 5299 ι
2241 5248 2494 5300 ’Δνανίαν
2524 5246 2858 5317 εἰσελθόντα,
2898 5245 2991 5299 καὶ
3021 5242 3333 5298 ἐπιτιθέντα
3374 5240 3523 5312 αύτῷ
3552 5240 3722 5309 χεῖρα.

2174 5358 2192 5391 ι
2235 5342 2382 5402 ὅπως
2420 5338 2716 5408 ἀναϐλέψῃ.
2755 5356 2774 5390 ι

2240 5432 2305 5486 Τί
2352 5432 2417 5503 δή
2462 5448 2591 5484 ποτε
2628 5430 2817 5483 οὐδένα
2844 5430 2953 5485 τῶν
2983 5428 3312 5495 ἀξιοπίστων
3363 5428 3455 5482 καὶ
3484 5421 3727 5496 μεγάλων

2172 5525 2446 5589 εἵλκυσεν,
2506 5522 2626 5576 ούδέ
2695 5521 2992 5592 μετέστησε
3053 5521 3190 5591 πρὸς
3237 5520 3339 5590 τὴν
3383 5515 3477 5571 τοῦ
3520 5509 3724 5567 Παύλου

2173 5618 2499 5689 κατήχησιν,
2551 5614 2662 5669 ἀλλ’
2707 5612 2956 5670 Ἀνανίαν
3004 5613 3131 5669 δντα
3172 5613 3280 5668 τῶν
3322 5609 3721 5681 ἐεδομήκονταὶ
