4024 6614
281 493 382 558 ιε)

1235 484 1618 545 COMMENT.
1664 483 1743 542 IN
1788 483 1971 542 ACTA
2002 477 2574 543 APOSTOLORUM.

3438 465 3540 529 170

291 601 516 672 Ἐπειδὴ
558 601 657 654 οὐκ
701 597 894 670 ἔμελλε
925 597 990 651 δι’
1039 593 1345 669 ἀνθρώπων
1378 593 1691 663 ἐνάγεσθαι,
1725 592 1860 647 ἀλλὰ
1888 644 1893 653 ,

2001 591 2114 645 inta
2143 591 2166 642 ?
2192 588 2464 656 Quoniam
2497 600 2591 656 per
2624 584 2876 639 homines
2913 581 3060 636 indue
3083 590 3240 635 turus
3274 595 3399 636 eum
3431 597 3538 636 non

280 697 347 749 δι’
380 693 545 748 αὑτοῦ
572 691 668 746 τοῦ
699 690 963 757 Χριστοῦ.
1013 689 1166 742 Ἐπεὶ
1209 689 1303 742 καὶ
1341 681 1497 751 οὗτος
1527 685 1730 753 ἐδίδαξε
1765 684 1866 756 μὲν

281 786 446 841 αὑτὸν
494 785 668 850 οὐδὲν,
711 782 972 837 ἐύάπτισε
1025 781 1082 834 δὲ
1131 780 1314 850 μόνον.
1351 780 1510 851 ’Ἀμα
1555 778 1663 847 γάρ
1697 794 1865 846 φωτιο

283 879 434 942 σθεὶς
465 876 659 947 ἔμελλε
689 875 890 946 πολλὴν
941 872 1356 927 ἐπισπάσασθαι
1400 869 1496 925 τοῦ
1551 868 1868 939 Πνεύματος

283 964 448 1036 χάριν
471 963 582 1018 ἀπὸ
615 962 709 1016 τοῦ
746 963 910 1033 ζήλου
954 961 1176 1032 καὶτῆς
1203 960 1535 1032 προθυμίας.
1589 958 1870 1012 Ἐντεῦθεν

285 1056 341 1109 δέ
373 1054 715 1126 σημειωτέον
749 1054 831 1109 ὅτι
868 1054 1053 1107 ἐκεῖνα
1085 1053 1154 1107 τὰ
1195 1052 1452 1123 ὀνείρατα
1476 1051 1556 1104 δεῖ
1580 1049 1860 1119 λέγεσθαι,

287 1149 431 1218 άπερ
466 1145 768 1216 κοινωφελῆ
804 1148 943 1211 ἐστι,
993 1146 1094 1200 καὶ
1133 1143 1502 1216 συμϐάλλεται
1559 1144 1638 1206 είς
1687 1141 1872 1195 θεοσὲο

287 1242 466 1306 δειαν,
523 1242 626 1294 ὅσα
675 1239 790 1311 ἔχει
840 1240 934 1294 τοῦ
965 1239 1173 1312 Κυρίου
1204 1238 1302 1310 τὴν
1331 1235 1733 1308 παράστασινῆ
1766 1234 1870 1302 ἀγ-

286 1335 485 1405 γέλων.
516 1336 674 1388 Ἐστι
703 1335 764 1388 δὲ
801 1335 893 1389 καὶ
924 1336 1045 1389 κατ’
1092 1336 1225 1408 δναρ
1277 1335 1439 1400 ίδικὰ,
1477 1334 1513 1388 ά
1540 1335 1640 1387 οὐκ
1671 1331 1873 1399 ὀφείλει

286 1427 594 1486 λαλεῖσθαι.
622 1427 792 1499 Πλὴν,
820 1429 868 1482 εί
895 1429 990 1482 καὶ
1027 1428 1171 1500 ίδικὴ
1198 1427 1294 1483 τοῦ
1319 1427 1522 1482 Σαύλου
1547 1427 1579 1497 ή
1613 1425 1872 1496 ὠφέλεια,

287 1521 407 1574 ἀλλ’
449 1515 544 1574 οὖν
576 1521 724 1583 ῑασις
779 1519 1085 1592 παράδοξος
1121 1519 1402 1589 συμσᾶσα,
1452 1519 1614 1574 πάλιν
1641 1519 1722 1580 είς
1751 1515 1870 1570 θεο-

289 1613 512 1667 σὲΰειαν
537 1615 632 1667 τὸν
660 1612 950 1685 ἄνθρωπον
995 1612 1388 1684 προσκαλεῖται
1407 1628 1422 1645 ·
1471 1611 1564 1666 καὶ
1601 1610 1691 1663 διὰ
1717 1607 1875 1662 τοῦτο

289 1706 367 1770 ὡς
403 1705 709 1776 κοινωφελῆ
750 1705 1099 1760 ἐκλαλεῖσθαι
1143 1704 1272 1759 ἔδει.
1311 1722 1330 1756 ι
1384 1703 1644 1766 Ἀναστάς
1673 1698 1875 1772 πορεύ-

291 1800 440 1868 θητι.
479 1817 498 1850 ι
531 1799 643 1853 Καὶ
687 1792 887 1862 οὗτοςό
921 1797 1174 1860 Ἀνανίας
1203 1796 1450 1858 διάκονος
1485 1791 1576 1864 ἦν,
1611 1792 1688 1857 ὡς
1713 1791 1876 1854 αὐτὸς

292 1889 514 1953 Παῦλος
569 1892 847 1961 μαρτυρεῖ
899 1892 959 1946 ἐν
1008 1892 1124 1954 τοῖς
1157 1888 1368 1944 κανόσι.
1402 1885 1572 1942 Τοῦτο
1596 1885 1654 1939 δὲ
1684 1885 1876 1955 γέγονε

1968 693 2107 748 erat,
2163 681 2255 736 sed
2307 695 2402 750 per
2468 678 2646 747 ipsum
2697 674 3004 730 Christum.
3059 670 3341 741 Siquidem
3407 673 3538 726 nihil

1969 793 2091 832 eum
2122 774 2333 838 docuit,
2364 771 2457 828 sed
2491 779 2706 826 tantum
2738 768 3060 840 baptizavit.
3101 765 3278 820 Simul
3304 765 3448 821 enim
3477 773 3543 820 ut

1967 868 2313 926 illuminatus
2344 873 2514 927 esset,
2551 877 2802 935 magnam
2825 859 3066 933 Spiritus
3099 860 3329 932 gratiam
3368 873 3395 912 a
3426 860 3544 912 zelo

1970 959 2252 1029 animique
2299 954 2735 1027 promptitndine
2799 958 3136 1008 attracturus
3189 957 3332 1006 erat.
3405 949 3550 1004 IIine

1972 1059 2151 1108 autem
2197 1037 2614 1120 intelligendum
2655 1055 2738 1103 est
2778 1047 2904 1102 illas
2949 1045 3166 1100 narrari
3217 1044 3414 1100 debere
3462 1043 3546 1098 vi-

1973 1148 2157 1205 siones
2190 1155 2286 1204 aut
2320 1146 2532 1204 somnia
2582 1159 2705 1216 quae
2748 1144 2803 1198 in
2829 1157 3176 1199 communem
3218 1149 3349 1196 sunt
3396 1140 3550 1195 utili-

1975 1248 2164 1302 tatem,
2201 1235 2607 1306 conleruntque
2651 1233 2720 1289 ad
2752 1231 2845 1289 Dei
2894 1233 3128 1298 cultum,
3176 1245 3298 1301 qua:
3330 1229 3548 1285 Domini

1974 1328 2344 1384 assistentiam
2365 1327 2563 1381 habent
2585 1333 2678 1379 aut
2701 1323 3042 1395 angelorum.
3058 1321 3336 1393 Contingit
3365 1329 3546 1376 autem

1974 1430 2029 1476 et
2079 1420 2290 1491 privata
2333 1432 2428 1490 per
2473 1432 2729 1473 somnum
2781 1414 2980 1480 videri,
3026 1429 3148 1484 quae
3186 1429 3294 1469 non
3349 1413 3551 1468 debent

1979 1514 2194 1569 referri.
2235 1513 2488 1568 Attamen
2512 1523 2826 1582 quanquam
2866 1509 2957 1564 hic
2993 1507 3208 1579 privata
3245 1517 3366 1561 erat
3395 1505 3548 1561 Sauli

1979 1608 2221 1672 utilitas,
2279 1613 2332 1660 at
2375 1612 2528 1662 certe
2571 1602 2896 1659 admiranda
2955 1615 3079 1672 quae
3126 1599 3328 1655 accidit
3377 1599 3548 1663 salus,

1979 1716 2203 1757 rursum
2230 1698 2298 1754 ad
2329 1698 2578 1755 divinum
2611 1697 2817 1752 cultum
2859 1695 3085 1754 asciscit
3112 1693 3389 1749 hominem
3424 1711 3439 1748 :
3498 1701 3555 1748 et

1981 1797 2052 1852 ob
2096 1797 2150 1852 id
2201 1805 2465 1866 tanquam
2498 1793 2565 1850 de
2617 1793 2898 1849 communi
2937 1791 3176 1847 utilitate
3206 1790 3356 1861 loqui
3395 1789 3462 1845 de
3491 1805 3554 1844 ea

1981 1888 2245 1960 oportuit.
2297 1905 2317 1940 ι
2347 1885 2523 1958 Surge
2564 1895 2619 1942 et
2661 1885 2818 1942 vade.
2875 1904 2894 1938 ι
2938 1883 3006 1939 Ει
3040 1884 3131 1940 hic
3161 1883 3406 1938 Ananias
3435 1881 3558 1938 dia-

290 1983 386 2036 διά
413 1983 475 2036 τὸ
504 1981 581 2055 μὴ
605 1985 864 2054 παρεῖναι
895 1981 1168 2052 πρεσϐύτε
1179 1999 1269 2055 ρον
1301 1983 1360 2036 ἐν
1385 1978 1662 2052 Δαμασκῷ
1686 1979 1874 2034 ἕνεκεν

1996 1996 2156 2038 :onus
2179 1991 2316 2047 erat,
2339 1988 2504 2050 prout
2523 1978 2639 2050 ipse
2660 1978 2866 2034 Paulus
2889 1977 2944 2032 in
2965 1976 3272 2032 canonibus
3305 1983 3555 2032 testatur.

293 2074 395 2128 τοῦ
429 2076 721 2144 γεγονότος
761 2074 1029 2146 διωγμοῦ.
1083 2093 1102 2128 ι
1139 2075 1250 2129 Καὶ
1282 2069 1422 2128 εἶδεν
1462 2075 1520 2128 ἐν
1551 2073 1810 2144 ὁράματι.
1855 2091 1874 2124 ι

294 2167 416 2222 Οὐκ
437 2167 672 2238 ἠδύνατο
701 2167 813 2240 γὰρ
847 2167 976 2223 ἰδεῖν
1004 2165 1129 2222 καθ’
1156 2167 1328 2240 ὕπαρ,
1360 2165 1547 2238 ἐπειδὴ
1587 2165 1763 2238 πηρὸς
1787 2160 1876 2236 ἦν.

379 2449 402 2484 ι
452 2429 758 2502 Ἅπεκρίθη
819 2429 877 2484 δὲ
927 2429 1216 2495 Ἀνανίας⁹
1268 2431 1466 2502 Κύριε,
1530 2431 1744 2502 ἀκήκοα
1775 2431 1885 2485 ἀπὸ

301 2542 322 2575 ι
364 2522 586 2576 ⁸πολλῶν
611 2523 744 2593 περὶ
767 2521 864 2577 τοῦ
889 2522 1081 2594 ἀνδρὸς
1103 2523 1319 2590 τούτου,
1351 2523 1454 2578 ὅσα
1480 2523 1627 2578 κακά
1660 2523 1885 2595 ἐποίησε

301 2634 323 2666 ε
362 2618 476 2679 τοῖς
509 2616 685 2685 ἁγίοις
719 2631 814 2668 σου
859 2615 919 2669 ἐν
956 2615 1337 2688 Ἰερουσαλήμ.
1383 2615 1496 2671 Καὶ
1517 2611 1619 2671 ὧδε
1649 2616 1763 2688 ἔχει
1795 2617 1886 2682 ἐξ·

303 2725 323 2758 ι
364 2707 562 2761 ουσίαν
610 2708 763 2778 παρὰ
805 2707 916 2763 τῶν
957 2708 1263 2780 ἀρχιερέων
1308 2707 1472 2779 δῆσαι
1519 2708 1731 2774 πάντας
1759 2710 1886 2773 τοὺς

305 2818 327 2853 ι
372 2800 848 2868 ἐπικαλουμένους
875 2799 937 2854 τὸ
962 2800 1135 2872 ὄνομά
1159 2817 1275 2857 σου.
1307 2797 1446 2856 Eine
1471 2801 1529 2856 δὲ
1559 2802 1696 2875 πρὸς
1724 2801 1888 2856 αὑτὸν

306 2912 325 2945 ι
369 2894 399 2948 6
421 2894 628 2964 Κύριος
649 2908 664 2923 ο
711 2892 978 2964 Πορεύου,
1033 2893 1116 2947 ὃτι
1147 2893 1339 2958 σκεῦος
1366 2894 1595 2965 ἐκλογῆς
1621 2895 1712 2966 μοί
1740 2894 1889 2950 ἐστιν

310 3004 330 3036 ι
373 2978 551 3047 οὗτος,
580 2983 674 3037 τοῦ
705 2984 976 3054 βαστάσαι
1004 2984 1066 3038 τὸ
1104 2984 1279 3056 δνομά
1321 3002 1424 3057 μου
1455 2985 1687 3040 ἐνώπιον
1718 2986 1889 3041 ἐθνῶν

311 3094 332 3128 ι
378 3075 474 3128 καὶ
506 3075 794 3144 βασιλέων,
848 3075 982 3129 υἱῶν
1031 3092 1090 3129 τε
1129 3073 1366 3148 Ἰσραήλ.
1415 3076 1558 3147 Ἐγὼ
1603 3077 1712 3149 γάρ
1759 3078 1892 3132 ὑπο-

312 3189 331 3219 ι
380 3167 539 3234 δείξω
574 3167 723 3239 αύτῷ
747 3168 847 3221 ὅσα
877 3167 957 3220 δεῖ
992 3168 1156 3220 αὐτὸν
1198 3169 1340 3241 ὑπὲρ
1363 3168 1458 3222 τοῦ
1486 3169 1754 3240 ὖνόματὸς
1785 3187 1890 3241 μου

313 3279 335 3313 ι
383 3262 597 3315 παθεῖν.
640 3259 877 3331 Ἀπῆλθε
926 3260 983 3313 δὲ
1027 3246 1324 3327 Ἀνανίοις,¹
1361 3261 1456 3316 καὶ
1505 3260 1755 3334 εἰσῆλθεν
1813 3263 1893 3322 είς

318 3462 337 3496 ι
385 3444 562 3497 Σαοὺλ
596 3444 815 3514 ἀδελφέ.
850 3463 869 3497 ι

393 3556 412 3589 ι
453 3539 696 3608 ’Δκήκοα
746 3537 854 3593 ἀπὸ
913 3537 1147 3595 πολλῶν.
1182 3555 1203 3591 ι
1262 3535 1449 3594 Ταῦτά
1477 3555 1640 3610 φησιν
1669 3539 1696 3591 ὁ
1733 3537 1894 3592 Ἀνα-

317 3627 464 3691 νίας,
497 3628 597 3697 οὐχ
625 3627 700 3691 ὡς
729 3628 974 3686 ἀπιστῶν
1016 3630 1128 3694 τοῖς
1159 3629 1494 3701 λεγομένοις,
1523 3629 1642 3684 οὐδὲ
1676 3629 1896 3702 ἡπατῆ-

320 3720 450 3773 σθαι
481 3721 722 3790 νομίζων
761 3721 852 3776 τὸν
890 3723 1164 3795 Χριστόν·
1219 3721 1296 3794 μὴ
1347 3721 1594 3792 γένοιτοι
1633 3722 1769 3777 ἀλλὰ
1802 3739 1900 3792 φο-

321 3815 590 3884 ϐούμενος
648 3815 743 3867 καὶ
791 3816 1028 3887 τρέμων.
1085 3815 1248 3880 Εἰκὸς
1306 3816 1416 3890 γὰρ
1468 3811 1536 3886 ἦν
1581 3815 1780 3878 αὐτοὺς
1843 3817 1900 3870 ἐν

322 3906 478 3977 φόϐῳ
525 3907 687 3971 ὄντας
746 3907 1233 3981 περιεργάζεσθαι,
1290 3909 1432 3963 ὥστε
1486 3909 1781 3981 μανθάνειν
1831 3909 1902 3963 τὰ

322 3997 444 4050 κατ’
472 3997 656 4054 αὐτῶν
680 4000 974 4073 δριζόμενα
1010 4000 1159 4074 (ἐπεὶ
1195 4001 1360 4056 πόθεν
1389 3997 1457 4075 ἦν
1508 4001 1668 4073 δῆλον
1694 4002 1900 4068 αὐτοῖς,

320 4091 405 4144 ὅτι
451 4091 547 4143 καὶ
579 4083 680 4146 ὧδε
719 4092 972 4159 ἐξουσίαν
1007 4093 1123 4164 ἔχει
1151 4093 1306 4165 παρὰ
1353 4094 1462 4147 τῶν
1521 4093 1900 4167 ἀρχιερέων;)

327 4182 423 4234 καὶ
457 4181 665 4251 λέγειν,
715 4183 798 4236 ὃτι
834 4183 1054 4240 Τούτων
1085 4183 1254 4239 ὄντων
1288 4185 1408 4250 πῶς
1457 4185 1680 4241 δύναται
1727 4185 1904 4241 ταῦτα

325 4273 617 4343 γενέσθαι;
648 4274 714 4328 Τί
745 4270 840 4330 οὖν
885 4279 914 4330 6
944 4277 1149 4350 Κύριος
1191 4280 1220 4332 6
1266 4281 1387 4344 ταῖς
1435 4280 1684 4351 καρδίαις
1724 4278 1904 4350 ἐμϐα-

326 4366 504 4421 τεύων
529 4367 672 4421 κατά
702 4369 912 4422 Παύλου
939 4371 1292 4443 ἐμαρτύρησε
1315 4389 1330 4440 ;
1375 4373 1655 4427 Δείκνυσιν
1697 4373 1778 4426 ὅτι
1805 4371 1905 4425 οὐκ

331 4459 448 4514 ἐστι
475 4462 680 4534 φυσικὴ
717 4463 750 4534 ἡ
777 4460 946 4516 κακία
975 4465 1145 4536 αὐτῷ.
1187 4465 1389 4528 Σκεῦος
1433 4468 1502 4535 γά
1515 4483 1565 4536 ρ,
1599 4467 1785 4536 φησὶν,
1811 4467 1906 4520 ἐκ-

327 4550 499 4621 λογῆς
529 4554 668 4606 ἐστι.
697 4552 798 4607 Διὰ
843 4553 1020 4621 τοῦτο,
1070 4557 1256 4624 φησιν,
1309 4554 1510 4620 ἔδειξεν
1547 4556 1630 4610 ὅτι
1683 4555 1908 4626 δόκιμός

1981 2073 2034 2129 Id
2069 2081 2252 2129 autem
2277 2073 2484 2128 factum
2511 2080 2618 2140 est,
2652 2072 2798 2144 quod
2824 2070 3078 2127 Damasci
3105 2079 3330 2141 propter
3354 2078 3558 2124 motam

1980 2165 2426 2238 persecutionem
2483 2179 2596 2220 non
2647 2165 2866 2220 adesset
2914 2163 3222 2234 presbyter.
3273 2179 3291 2214 ι
3324 2161 3394 2218 Ει
3426 2161 3563 2218 vidit

1982 2274 2083 2332 per
2124 2259 2328 2314 visum.
2357 2275 2377 2310 ι
2437 2254 2629 2326 Neque
2659 2256 2827 2312 enim
2875 2269 3064 2312 revera
3113 2255 3300 2312 videre
3359 2255 3560 2325 potuit,

1983 2350 2239 2423 quoniam
2270 2364 2449 2406 caecus
2474 2357 2610 2405 erat.

2054 2443 2147 2509 IX,
2174 2443 2359 2499 1547.
2387 2461 2408 2496 ι
2440 2441 2742 2513 Respondit
2771 2451 2950 2498 autem
2981 2441 3223 2500 Ananias
3255 2461 3270 2500 :
3305 2441 3558 2510 Domine,

1992 2553 2011 2586 ι
2052 2533 2240 2590 audivi
2269 2551 2338 2590 ex
2372 2535 2562 2590 multis
2590 2535 2660 2591 de
2703 2534 2823 2589 viro
2854 2533 2978 2599 hoc,
3005 2542 3210 2604 quanta
3239 2535 3384 2588 mala
3417 2533 3565 2591 feceo

1993 2646 2011 2679 ι
2045 2628 2117 2683 rit
2147 2627 2357 2684 sanctis
2416 2627 2526 2683 tuis
2563 2625 2942 2703 Jerosolymis.
2999 2626 3067 2682 Et
3101 2627 3205 2682 hoc
3254 2627 3378 2683 loco
3409 2636 3566 2698 pote-

1996 2739 2013 2772 ι
2052 2729 2250 2775 statem
2281 2718 2444 2775 habet
2471 2733 2502 2774 a
2537 2719 2882 2790 principibus
2913 2719 3260 2775 sacerdotum
3293 2721 3568 2777 vinciendi

1995 2833 2014 2866 ι
2049 2800 2240 2869 omnes
2258 2813 2350 2884 qui
2375 2813 2630 2868 invocant
2665 2812 2775 2883 87
2795 2828 2992 2868 nomen
3020 2821 3194 2868 tuum.
3215 2811 3360 2868 Dixit
3380 2823 3566 2871 autem

1997 2926 2016 2960 ι
2054 2909 2120 2963 ad
2167 2925 2290 2963 eum
2335 2907 2642 2968 Dominus:
2701 2906 2871 2974 Vade,
2903 2908 3162 2979 quoniam
3195 2925 3292 2965 vas
3329 2910 3564 2965 electum

1999 3021 2017 3053 ι
2057 3009 2141 3056 est
2193 3000 2326 3055 inihi
2385 3001 2511 3062 iste,
2569 3011 2628 3055 ut
2684 3005 2867 3070 portet
2917 3015 3118 3055 nomen
3167 3015 3346 3056 meum
3379 3016 3566 3057 coram

1999 3112 2018 3144 ‹
2057 3094 2312 3164 gentibus
2368 3100 2422 3149 et
2478 3094 2720 3164 regibus,
2764 3107 2828 3147 ac
2877 3093 3002 3147 liliis
3047 3093 3234 3148 Israel.
3273 3094 3385 3164 Ego
3421 3095 3569 3150 enim

2001 3203 2019 3236 ι
2058 3182 2344 3238 ostendam
2377 3183 2452 3238 illi
2491 3189 2696 3252 quanta
2754 3190 3006 3253 oporteat
3065 3198 3191 3236 eum
3223 3199 3321 3253 pro
3349 3185 3573 3240 nomine

1957 3323 1960 3326 .
2003 3292 2021 3326 ι
2062 3289 2181 3329 meo
2241 3275 2377 3344 pati.
2460 3274 2528 3328 Et
2597 3274 2731 3329 abiit
2780 3273 3064 3338 Ananias,
3099 3275 3458 3344 introivitque
3513 3275 3570 3335 in

316 3372 339 3406 ι
378 3353 477 3423 τὴν
509 3351 708 3407 οἰκίαν·
735 3352 830 3408 καὶ
857 3351 1065 3415 ἐπιθεὶς
1090 3351 1176 3405 ἐπ’
1205 3351 1368 3408 αὐτὸν
1390 3351 1488 3419 τὰς
1516 3353 1705 3426 χεῖρας
1731 3347 1852 3406 εἷπε
1875 3368 1888 3384 ο
1917 3332 1962 3391 C

2004 3383 2024 3420 ι
2056 3365 2302 3430 domum,
2351 3374 2406 3422 et
2451 3364 2723 3437 impositis
2775 3363 2855 3420 illi
2897 3363 3153 3419 manibus
3200 3364 3381 3422 dixit.-
3440 3367 3572 3426 Saul

2004 3479 2022 3512 ι
2065 3461 2258 3514 frater.
2295 3477 2314 3510 ι

2075 3568 2094 3602 ι
2130 3548 2328 3604 Audivi
2380 3563 2444 3602 ex
2498 3547 2700 3602 multis.
2733 3564 2751 3600 ι
2821 3548 2947 3602 Haec
2989 3545 3124 3602 dicit
3155 3548 3417 3616 Ananias,
3464 3566 3570 3606 non

2000 3646 2259 3712 tanquam
2324 3638 2642 3694 incredulus
2701 3638 2787 3694 bis
2821 3653 2945 3709 quas
2995 3636 3358 3708 dicebantur,
3399 3658 3576 3711 neque

2000 3749 2186 3790 errare
2223 3732 2502 3788 Christum
2541 3730 2863 3788 existimans
2913 3748 2925 3785 :
2988 3729 3172 3786 absit!
3225 3732 3323 3788 sed
3378 3733 3577 3793 timens

2002 3841 2066 3880 ae
2113 3837 2372 3880 tremens.
2421 3823 2549 3878 Erat
2600 3824 2746 3877 enim
2805 3822 3109 3880 verisimiie
3164 3829 3310 3895 quod
3346 3842 3466 3880 eum
3523 3827 3577 3882 in

2006 3918 2200 3973 timore
2252 3926 2458 3978 essent,
2515 3915 2958 3978 sciscitabantur,
3021 3925 3081 3970 ut
3129 3915 3405 3971 discerent
3456 3935 3580 3989 qua:

2005 4014 2196 4062 contra
2249 4021 2308 4060 se
2357 4004 2578 4059 deﬁnita
2620 4011 2796 4057 erant.
2844 4003 3084 4074 (Alioqui
3115 4005 3260 4059 enim
3302 4009 3579 4076 quomodo

2008 4100 2116 4155 illis
2159 4095 2511 4153 manifestum
2561 4103 2709 4150 esset
2765 4095 2912 4162 quod
2977 4095 3142 4148 etiam
3202 4095 3292 4151 hic
3356 4097 3582 4155 haberet

2006 4198 2336 4265 potestatem
2374 4204 2403 4244 a
2430 4187 2772 4262 principibus
2809 4187 3220 4259 sacerdotum?)
3276 4189 3464 4260 Itaque
3495 4192 3584 4247 di-

2008 4287 2203 4342 cebat:
2259 4285 2393 4339 Cum
2426 4285 2542 4337 haec
2579 4281 2651 4336 ita
2687 4281 2818 4346 sint,
2873 4279 3152 4348 quomodo
3200 4290 3431 4350 possunt
3481 4283 3583 4339 ista

2011 4378 2172 4434 Iieri?
2242 4375 2383 4443 Quid
2440 4389 2569 4447 ergo
2619 4373 2904 4440 Dominus,
2965 4371 3020 4426 in
3078 4388 3270 4428 eorum
3323 4376 3583 4436 cordibus

2011 4468 2298 4533 habitans,
2353 4466 2613 4521 adversus
2649 4463 2880 4518 Paulum
2935 4463 3277 4518 testabatur?
3331 4463 3585 4522 Ostendit

2011 4575 2120 4615 nun
2168 4574 2289 4614 esse
2324 4557 2575 4612 naturale
2621 4555 2700 4610 illi
2752 4555 2965 4611 vitium.
3027 4553 3160 4609 Nam
3215 4571 3309 4611 vas
3353 4557 3582 4616 electum

333 4644 486 4694 ἐστι’
510 4641 574 4695 τὺ
604 4643 825 4714 δόκιμον
865 4643 970 4717 γάρ
1011 4662 1094 4710 τις
1135 4646 1417 4715 ἐκλέγεται
1457 4647 1670 4711 σκεῦος.
1706 4649 1816 4701 Καὶ
1844 4648 1893 4701 οἱ

2015 4663 2120 4719 est,
2157 4651 2356 4722 inquit.
2388 4649 2686 4722 Propterea
2730 4649 2972 4704 ostendit
3000 4649 3142 4718 quod
3182 4649 3444 4718 probatus
3472 4651 3583 4706 sit:

337 4735 502 4805 μόνον
525 4737 717 4800 πιστὸς
748 4737 921 4803 ἔσται,
955 4740 1141 4810 φησὶν,
1173 4739 1308 4793 ἀλλὰ
1345 4741 1436 4794 καὶ
1467 4741 1788 4805 διδάσκαλος
1813 4741 1910 4796 καὶ

334 4827 516 4899 κῆρυξ
562 4828 662 4897 τῆς
702 4831 1051 4902 οἰκουμένης,
1110 4832 1246 4886 ἀλλὰ
1294 4833 1389 4887 καὶ
1441 4833 1690 4886 πείσεται
1739 4833 1911 4887 πολλὰ

335 4921 479 4992 ὑπὲρ
507 4919 669 4991 ἐμοῦ.
703 4921 802 4975 Διά
818 4921 976 4976 τοῦτό
1000 4939 1186 4994 φησιν,
1218 4925 1300 4978 ὅτι
1330 4924 1531 4988 Σκεῦος
1555 4925 1789 4996 ἐκλογῆς
1820 4926 1911 4996 μοί

337 5015 477 5078 ἐστι,
507 5013 605 5066 καὶ
631 5013 716 5066 ὃτι
748 5011 1010 5084 βαστάσει
1036 5016 1099 5069 τὸ
1127 5016 1299 5088 ὄνομά
1326 5034 1450 5088 μου.
1489 5018 1644 5072 Ἐπεὶ
1665 5018 1722 5071 δὲ
1744 5019 1910 5071 ἀκού⁶

340 5121 439 5168 σας
467 5107 496 5159 6
535 5105 789 5169 Ἀνανίας
831 5107 915 5159 ὃτι
955 5106 1154 5176 τυφλός
1191 5110 1340 5163 ἐστιν
1369 5111 1396 5163 6
1429 5107 1662 5176 Παῦλος,
1715 5109 1910 5184 ἐχάρη,

337 5197 436 5250 καὶ
466 5196 758 5267 μονονουχὶ
781 5197 942 5250 τοῦτο
964 5197 1115 5266 λέγει
1143 5199 1233 5253 διὰ
1263 5201 1373 5254 τῶν
1403 5201 1568 5256 αὑτοῦ
1612 5203 1875 5273 ῥημάτων
1897 5219 1912 5234 °

340 5290 537 5354 Καλῶς
591 5290 727 5360 ἔχει,
758 5292 895 5360 ἄφες
925 5291 1088 5346 αὑτὸν
1133 5293 1534 5366 πεπηρῶσθαι·
1593 5296 1645 5349 τί
1704 5312 1771 5366 με
1822 5313 1915 5349 κε-

335 5382 516 5446 λεύεις
551 5383 760 5447 ἀνοῖξαι
809 5384 936 5447 τοὺς
958 5383 1302 5455 ὀφθαλμούς;
1352 5387 1437 5440 ἵνα
1481 5387 1643 5443 πάλιν
1671 5388 1912 5460 κολάσῃς

337 5478 416 5529 Οὐ
450 5476 635 5546 μόνον,
678 5475 866 5545 φησιν,
897 5476 1050 5530 οὐδὲν
1092 5477 1390 5546 ἐργάσεται
1424 5479 1616 5549 δεινὸν,
1657 5479 1793 5534 ἀλλὰ
1823 5481 1918 5534 καὶ

342 5579 596 5635 πείσεται
621 5579 794 5634 πολλὰ
825 5579 966 5651 ὑπὲρ
995 5578 1154 5652 ἐμοῦ.

415 5779 436 5813 ι
475 5761 536 5814 Ὀ
563 5760 766 5832 Κύριος
790 5760 1099 5814 ἀπέσταλκὲ
1129 5776 1194 5830 με
1225 5758 1252 5810 6
1292 5756 1480 5827 ὀφθείς
1510 5771 1590 5808 σοι
1618 5757 1676 5806 ἐν
1709 5758 1775 5824 τῇ
1816 5753 1919 5824 ὁδῷ

348 5869 368 5902 ι
472 5853 666 5922 ηρχου,
700 5853 850 5915 ὅπως
875 5852 1183 5924 ἀναϐλέψῃς
1215 5850 1309 5904 καὶ
1339 5846 1920 5919 πλησθῇςῐίνεύματος

351 5961 372 5994 ι
411 5943 591 6013 ἁγίου.
618 5944 729 5996 Καὶ
762 5943 961 6005 εὐθέως
1007 5944 1283 5997 ἀπέπεσον
1317 5941 1423 5994 ἀπὸ
1469 5941 1578 5995 τῶν
1625 5938 1920 6012 ὀφθαλμῶν

633 6039 900 6100 ΡΑΤιιοι..
944 6039 1058 6098 Gn.
1103 6037 1372 6102 CXVIII.

2015 4741 2757 4814 namprobatumvasquivis
2792 4740 2965 4812 eligit.
2997 4737 3108 4794 Nec
3141 4740 3342 4807 solum,
3378 4741 3581 4812 inquit,

2016 4837 2192 4892 ﬁdelis
2217 4836 2344 4898 erit,
2372 4834 2465 4888 sed
2493 4843 2544 4888 et
2579 4841 2877 4904 praeceptor
2898 4847 2959 4887 ac
2985 4832 3310 4901 praedicator
3343 4835 3587 4890 universi

2014 4930 2186 4995 orbis,
2211 4931 2490 4998 multaque
2510 4942 2606 4997 pro
2630 4941 2712 4979 me
2737 4925 2991 4995 patietur.
3025 4924 3318 4995 Propterea
3354 4928 3452 4992 ait,
3477 4929 3583 4985 Vas

2015 5022 2247 5078 electum
2317 5019 2448 5073 mihi
2509 5027 2628 5079 est,
2697 5027 2752 5072 ct
2815 5033 3015 5074 nomen
3081 5035 3261 5076 meum
3325 5025 3587 5092 portabit.

2015 5113 2286 5180 Quoniam
2346 5120 2525 5167 autem
2601 5111 2844 5166 Ananias
2912 5111 3141 5166 audiens
3200 5113 3346 5183 quod
3412 5130 3589 5172 caecus

2016 5213 2164 5261 esset
2197 5202 2421 5267 Paulus,
2466 5201 2686 5270 gavisus
2716 5210 2822 5265 est,
2882 5209 2936 5256 et
2967 5203 3362 5272 propemodum
3411 5207 3592 5263 verbis

2019 5297 2136 5352 Suis
2180 5296 2285 5350 hoc
2317 5293 2485 5349 dicit:
2527 5293 2674 5349 Bene
2717 5309 2777 5350 se
2811 5294 2997 5358 habet,
3038 5295 3158 5351 sine
3193 5311 3318 5352 eum
3351 5313 3592 5353 excaeca-

2018 5401 2131 5446 tum
2174 5404 2336 5444 esse:
2375 5398 2433 5442 ut
2462 5388 2591 5457 quid
2617 5402 2702 5443 me
2745 5385 2908 5457 jubes
2939 5387 3060 5457 ejus
3106 5388 3299 5444 oculos
3334 5391 3594 5460 aperire?

2020 5498 2086 5537 an
2143 5492 2202 5537 ut
2257 5497 2472 5538 rursum
2509 5481 2764 5536 vinciat?
2825 5489 2884 5535 ut
2939 5497 3155 5536 rursum
3207 5481 3594 5552 puniatiideo

2021 5576 2096 5630 ait
2129 5591 2142 5628 :
2173 5572 2291 5628 Non
2323 5576 2499 5629 solum
2531 5572 2668 5626 nihil
2701 5572 2828 5626 mali
2865 5573 3205 5642 operabitur,
3227 5573 3320 5628 sed
3346 5581 3401 5628 et
3425 5573 3597 5627 multa

2021 5683 2117 5736 pro
2159 5681 2241 5721 me
2273 5666 2550 5720 tolerabit.

2095 5757 2184 5823 IX,
2223 5758 2410 5812 I7-l9.
2455 5777 2471 5808 ι
2504 5757 2766 5812 Dominus
2799 5757 2943 5812 misit
2972 5773 3058 5811 me
3089 5758 3180 5828 qui
3214 5759 3464 5827 apparuit
3497 5758 3595 5814 tibi

2029 5869 2048 5902 ι
2087 5852 2140 5905 in
2180 5853 2263 5904 via
2299 5867 2406 5921 qua
2464 5851 2746 5915 veniebas,
2781 5857 2840 5904 ut
2874 5849 3051 5904 visum
3106 5851 3359 5919 recipias,
3408 5858 3464 5905 et
3495 5851 3599 5906 im-

2029 5963 2048 5998 ι
2090 5945 2290 6017 plcaris
2329 5944 2533 6017 Spiritu
2568 5952 2781 6003 sancto.
2827 5942 3139 6015 Statimque
3169 5942 3490 6000 deciderunt
3528 5944 3596 6000 ab

3083 6042 3122 6102 6
