4024 6542
319 416 424 480 173

1316 420 1707 482 COMMENT.
1754 419 1833 478 ΙΝ
1868 419 2055 480 ACTA
2097 423 2674 487 APOSTOLORUM.

3471 420 3572 487 ΓΜ

313 529 502 582 οὐδένα
533 530 642 582 τῶν
671 530 986 588 ἀποστόλων
1020 529 1184 589 εἶδον.
1202 531 1470 589 Ἐνταῦθα
1492 532 1547 586 δὲ
1573 532 1887 587 τοῦναντίον

2007 535 2244 606 ιιιοίίιιυε
2269 537 2477 593 nullum
2511 550 2831 594 cancrorum
2874 537 3064 593 viderit
3099 539 3471 609 apostolorum
3503 539 3572 571 "-

312 623 503 691 φησιν,
559 624 769 696 ἤγαγεν
806 626 972 679 αὐτὸν
1004 626 1142 699 πρὸς
1167 626 1293 692 τοὺς
1329 626 1660 690 ἀποστόλους
1696 627 1724 680 ό
1745 627 1892 697 Βαρ-

310 715 505 780 νάϐας.
538 717 611 770 Ἦ
637 716 818 771 τοίνυν
866 720 1021 774 τοῦτό
1065 737 1231 790 φησιν
1257 721 1315 774 ὲν
1356 722 1422 792 τῇ
1472 719 1607 792 πρὸς
1648 719 1894 783 Γαλάτας

322 809 641 881 Ἐπιστολῇ,
688 810 771 866 ὅτι
823 813 926 866 οὐκ
952 812 1218 884 ἀπῆλθεν,
1241 812 1380 867 ὥστε
1411 812 1729 868 ἀναθέσθαι.
1756 812 1897 882 Φησὶ

311 901 445 968 γὰρ.
471 900 555 954 ὅτι
591 901 668 955 Οὐ
701 903 1140 975 προσανεθέμην,
1187 903 1306 957 οὐδὲ
1337 902 1578 974 ἀπῆλθον
1612 904 1692 969 είς
1728 902 1894 976 Ἱερο-

314 988 550 1061 σόλυμα.
582 992 657 1046 ’Ἡ
676 993 726 1045 εἰ
770 991 846 1064 μὴ
873 991 1054 1057 τοῦτο,
1095 992 1257 1064 δῆλον
1307 992 1389 1046 ὃτι
1421 994 1454 1064 ή
1480 991 1741 1064 ἐπιϐουλὴ
1770 993 1803 1064 ή
1839 994 1897 1046 ὲν

311 1082 601 1153 Δαμασκῷ
652 1082 753 1137 οὐκ
797 1084 999 1149 εὐθέως
1047 1085 1184 1157 μετά
1210 1084 1272 1138 τὸ
1311 1085 1603 1140 πιστεῦσαι
1648 1085 1894 1155 γέγονεν,

312 1171 455 1226 ἀλλά
513 1173 655 1244 μετά
682 1175 744 1227 τὺ
780 1173 956 1229 ἐλθεῖν
978 1173 1141 1229 αὐτὸν
1180 1174 1289 1229 ἀπὸ
1331 1172 1595 1245 Ἀραϐίας
1629 1174 1767 1246 μετὰ
1799 1173 1895 1245 ἔτη

310 1264 465 1334 τρία.
495 1263 568 1318 Ἣ
596 1265 646 1319 εἰ
677 1265 752 1338 μὴ
779 1265 938 1320 τοῦτο
995 1266 1179 1332 πάλιν,
1223 1267 1386 1327 αὐτὸς
1418 1267 1514 1337 μὲν
1553 1265 1652 1320 οὐκ
1682 1266 1897 1336 ἀπῆλθε

314 1354 456 1426 πρὸς
480 1357 610 1420 τοὺς
632 1356 990 1423 ἀποστόλους,
1013 1357 1151 1414 ἀλλά
1183 1360 1295 1423 τοῖς
1329 1358 1601 1429 μαθηταῖς
1639 1359 1899 1429 ἐπειρᾶτο

313 1447 635 1515 κολλᾶσθαι,
690 1450 1020 1521 μετριάζων,
1083 1451 1197 1505 διτε
1221 1450 1547 1512 διδάσκαλος
1583 1450 1661 1504 ὣν
1717 1450 1812 1503 καὶ
1836 1450 1896 1503 οὐ

318 1541 594 1612 μαθητής.
648 1542 933 1616 Βαρνάϐας
952 1543 1009 1597 δὲ
1034 1544 1201 1598 αὑτὸν
1226 1545 1321 1597 καὶ
1351 1544 1485 1613 πρὸς
1518 1545 1643 1607 τοὺς
1665 1542 1899 1597 ἀποστάσ-

313 1633 446 1699 λους
476 1633 622 1704 ἀγει,
656 1636 749 1690 καὶ
774 1636 1042 1707 διηγεῖται
1076 1634 1170 1691 ἀτε
1201 1630 1340 1690 εἶδεν
1371 1635 1407 1690 ὅ.
1455 1653 1514 1689 τε
1550 1635 1896 1709 ἐπαρρησιά-

315 1740 473 1780 cato.
522 1726 624 1781 Διά
662 1722 820 1781 τοῦτο
845 1727 1109 1799 ἀπῆλθον,
1142 1728 1330 1800 φησὶν,
1369 1728 1456 1782 ἵνα
1480 1727 1617 1801 πρὸς
1636 1730 1762 1793 τοὺς
1791 1729 1898 1800 πρὸ

314 1818 459 1887 ἐμοῦ
505 1818 843 1883 ἀποστόλους
898 1819 1140 1873 ἀπέλθω*
1202 1819 1356 1874 οὐδὲν
1387 1819 1520 1889 γοῦν
1556 1820 1687 1891 παρ’
1717 1821 1898 1875 αὐτῶν

1996 625 2098 683 Hic
2126 640 2309 685 autem
2349 630 2423 684 ait
2467 630 2828 691 contrarium.
2859 630 3007 701 quod
3037 630 3256 686 duxerit
3287 646 3409 685 eum
3440 629 3573 684 Bar-

1997 717 2167 773 nabas
2202 720 2269 775 ad
2312 721 2609 791 apostolos.
2656 720 2766 776 Aut
2806 720 2974 793 igitur
3018 721 3124 778 hoc
3161 722 3293 777 dicit
3331 721 3386 776 in
3446 719 3578 790 E;.i-

1998 811 2136 868 stola
2168 812 2233 866 ad
2266 811 2511 881 Galatas,
2539 812 2686 884 quod
2716 829 2827 869 non
2853 814 2987 871 abiit
3012 821 3071 869 ut
3099 816 3168 869 ad
3197 829 3292 870 eos
3323 813 3575 869 referret.

1997 901 2088 956 Ait
2115 903 2258 957 enim
2297 903 2494 959 ibidem
2522 923 2535 960 :
2567 903 2687 960 Non
2725 904 2932 960 contuli
2968 921 3055 960 me
3084 920 3259 976 neque
3290 904 3397 959 abii
3431 903 3581 959 Jero-

1998 991 2263 1063 solymam
2296 1009 2310 1060 ;
2363 1002 2462 1049 aut
2497 996 2542 1049 si
2579 995 2686 1051 hoc
2722 1010 2834 1050 non
2882 997 3081 1068 placet,
3111 995 3460 1051 manifestum
3496 1001 3580 1050 est

1999 1082 2145 1153 quod
2182 1083 2397 1140 insidiae
2424 1101 2546 1154 qua:
2589 1085 2838 1144 Damasci
2869 1087 3231 1159 parabantur,
3263 1101 3370 1143 non
3401 1087 3581 1141 conti-

2001 1187 2112 1229 nuo
2144 1172 2301 1230 facta:
2355 1187 2485 1231 sunt
2529 1176 2622 1232 ubi
2673 1177 2766 1232 ille
2809 1177 3153 1242 credidisset,
3195 1176 3288 1233 sed
3343 1192 3469 1233 cum
3512 1177 3582 1231 ab

2000 1265 2205 1321 Arabia
2231 1273 2358 1338 post
2396 1281 2572 1324 annos
2611 1275 2723 1323 tres
2756 1267 3026 1324 rediisset.
3062 1268 3413 1338 llursumquc
3450 1266 3497 1322 si
3526 1267 3578 1322 id

2001 1373 2107 1413 non
2154 1359 2350 1428 placet,
2398 1360 2518 1429 ipse
2565 1359 2786 1431 quidem
2829 1375 2938 1415 non
2977 1360 3110 1415 abiit
3158 1361 3225 1414 ad
3278 1359 3580 1430 apostolos.

2001 1451 2095 1507 sed
2123 1450 2410 1522 discipulis
2437 1451 2561 1509 aliis
2602 1452 2847 1508 tentabat
2880 1467 2939 1509 se
2978 1452 3294 1523 adjttngcre,
3338 1451 3584 1506 modeste

1999 1540 2068 1596 de
2109 1555 2170 1597 se
2192 1545 2459 1608 sentiens,
2496 1558 2620 1598 cum
2656 1551 2834 1599 tamen
2884 1551 3183 1614 praeceptor
3213 1550 3358 1597 esset
3384 1549 3438 1598 et
3470 1556 3581 1597 nou

2001 1631 2324 1703 discipulus.
2360 1634 2642 1691 Barnabas
2669 1648 2802 1690 vero
2836 1634 3015 1705 ipsum
3047 1634 3208 1689 etiam
3249 1632 3317 1688 ad
3354 1641 3579 1703 aposto-

2001 1727 2088 1783 los
2116 1727 2289 1795 ducit,
2335 1738 2632 1801 narratque
2669 1739 2724 1787 et
2773 1745 2893 1804 quae
2923 1730 3117 1785 viderit
3154 1736 3209 1785 et
3255 1743 3375 1800 quae
3404 1728 3583 1800 palam

2002 1819 2219 1876 locutus
2246 1822 2338 1877 sit.
2374 1820 2601 1894 Propter
2628 1822 2756 1889 hoc,
2785 1822 2986 1894 inquit,
3016 1820 3297 1894 profectus
3336 1820 3491 1886 sum,
3521 1830 3587 1878 ut

316 1910 547 1982 ἔμαθον.
609 1913 685 1966 Ἦ
718 1914 926 1982 ταύτην
966 1912 1066 1983 τὴν
1095 1912 1282 1967 ἄνοδον
1313 1911 1561 1985 λάμϐανε
1595 1913 1732 1968 ὥστε
1763 1910 1898 1970 εἶναι

2007 1912 2074 1968 ad
2104 1929 2199 1971 eos
2232 1915 2326 1985 qui
2367 1923 2494 1971 ante
2523 1930 2608 1973 me
2634 1914 2852 1972 fuerant
2881 1916 3110 1989 apostoli
3147 1915 3413 1971 venirem.
3438 1913 3586 1970 Nihil

315 2000 518 2067 οὕτως,
583 2004 668 2058 ὅτι
732 2005 974 2077 ἀπῆλθεν
1022 2007 1103 2069 εἰς
1146 2005 1433 2077 Ἀραϐίαν,
1480 2004 1602 2061 εἶτα
1623 2003 1791 2080 ἦλθεν
1822 2009 1902 2073 εἰς

314 2095 634 2165 Δαμασκὸν,
688 2092 809 2151 εἶτα
859 2101 940 2163 είς
981 2099 1353 2171 Ἱεροσόλυμα,
1409 2096 1528 2154 εἶτα
1562 2102 1644 2165 εἰς
1677 2102 1899 2174 Συρίαν.

319 2187 395 2241 Ἣ
425 2190 475 2241 εἰ
509 2189 587 2260 μὴ
616 2188 774 2243 τοῦτο
818 2191 1000 2256 πάλιν,
1033 2192 1115 2245 ὅτι
1173 2186 1330 2255 αὖθις
1366 2192 1597 2264 ἀνῆλθεν
1618 2196 1698 2257 εἰς
1737 2193 1902 2267 Ἰερο-

319 2280 559 2350 σόλυμα,
616 2278 736 2336 εἶτα
788 2285 867 2346 εἰς
912 2282 1201 2353 Δαμασκὸν
1254 2283 1596 2356 ἐξεπέμφθη,
1651 2280 1772 2341 εἶτα
1822 2288 1903 2353 εἰς

330 2373 617 2444 Ἀραϐίαν,
670 2372 790 2428 εἶτα
830 2372 915 2439 εἰς’
935 2378 1228 2449 Δαμασκὸν
1276 2380 1457 2445 πάλιν,
1494 2376 1615 2432 εἶτα
1653 2380 1732 2444 εἰς
1760 2381 1902 2433 Και-

319 2465 575 2536 σάρειαν.
623 2469 732 2522 Καὶ
752 2469 873 2522 τότε
932 2469 1024 2524 διά
1089 2471 1511 2542 δεκατεσσάρων
1557 2470 1694 2524 ἐτῶν
1732 2472 1900 2543 ἀνέϐη

318 2559 488 2612 πάλιν
526 2558 608 2623 εἰς
651 2558 1017 2634 Ἰεροσόλυμα,
1047 2564 1176 2629 ίσως
1201 2565 1289 2618 ὅτε
1323 2565 1448 2628 τοῦς
1504 2565 1766 2635 ἀδελφοὺς
1809 2567 1902 2620 ἀν-

319 2651 505 2722 ήγαγε
535 2653 672 2722 μετὰ
700 2654 979 2726 Βαρνάϐα.
1012 2656 1084 2710 Ἣ
1108 2658 1158 2710 εἰ
1196 2655 1270 2729 μὴ
1294 2656 1474 2723 τοῦτο,
1519 2657 1705 2729 ἕτερον
1754 2657 1903 2728 λέγει

319 2744 540 2815 καιρόν.
584 2747 695 2799 Καὶ
726 2747 836 2819 γὰρ
858 2750 885 2802 ό
914 2749 1335 2822 ἱστοριογράφος
1391 2750 1561 2807 πολλὰ
1591 2752 1897 2822 ἐπιτέμνει,

321 2837 418 2890 καὶ
443 2837 677 2903 πολλοὺς
724 2840 948 2909 συνάγει
977 2841 1227 2914 καιρούς.
1250 2845 1406 2896 Δοκεῖ
1429 2843 1487 2896 δέ
1513 2860 1603 2914 μοι
1625 2845 1652 2898 ὁ
1684 2843 1896 2913 Βαρνά-

321 2927 424 2992 ϐας
474 2928 684 2984 ἀνωθεν
744 2933 893 3005 αὐτῷ
956 2929 1096 2988 εἶναι
1137 2936 1309 3005 φίλος.
1366 2932 1475 2989 ἿΙν
1499 2936 1557 2989 δὲ
1617 2936 1905 3010 ἄνθρωπος

323 3018 577 3088 ἐπιεικὴς
598 3021 692 3073 καὶ
713 3022 946 3094 χρηστὸς
977 3024 1213 3097 σφόδρα·
1247 3026 1327 3079 διὸ
1354 3026 1449 3080 καὶ
1478 3027 1592 3092 υίὸς
1614 3029 1904 3101 παρακλή-

326 3126 465 3175 σεως
528 3113 869 3184 φερωνύμως
924 3116 1142 3186 ἐλέγετο
1177 3132 1191 3146 ·
1247 3118 1371 3174 ὅθεν
1434 3120 1530 3173 καὶ
1581 3120 1904 3194 εὐπρόσιτος

325 3205 521 3276 γέγονε
555 3206 633 3279 τῷ
659 3209 837 3279 ἀνδρί.

402 3402 423 3437 ι
474 3384 766 3440 Ἐλὰλειτε
800 3389 893 3442 καὶ
946 3389 1227 3462 συνεζήτει
1292 3392 1431 3464 πρὸς
1494 3393 1620 3458 τοὺς
1664 3394 1906 3470 Ἑλληνι-

331 3492 352 3528 ι
388 3477 549 3541 στάς*
594 3479 645 3531 οἰ
674 3478 731 3532 δὲ
762 3482 1078 3554 ἐπεχείρουν
1101 3485 1263 3537 αὑτὸν
1286 3485 1515 3540 ἀνελεῖν.
1558 3486 1905 3557 Ἑπιγνόντες

333 3584 354 3621 ι
384 3568 440 3622 δὲ
466 3571 516 3622 οἱ
547 3570 787 3640 ἀδελφοὶ,
844 3573 1156 3644 κατήγαγον
1202 3575 1366 3629 αὑτὸν
1414 3578 1495 3641 εἰς
1534 3578 1901 3651 Καισάρειαν,

332 3677 354 3713 ι
388 3663 483 3714 καὶ
505 3658 895 3728 ἐξαπέστειλαν
917 3665 1079 3720 αὐτὸν
1103 3668 1183 3732 εἰς
1219 3668 1454 3741 Ταρσόν.
1492 3687 1511 3721 ι

407 3752 757 3824 Ἑλληνιστάς
807 3773 940 3825 φησι
961 3758 1087 3824 τοὺς
1126 3759 1433 3831 Ἑλληνιστὶ
1466 3760 1899 3833 φθεγγομένους,

329 3845 422 3898 καὶ
452 3847 658 3917 σφόδρα
677 3848 875 3919 σοφῶς.
900 3850 965 3904 Ol
990 3852 1097 3922 γὰρ
1137 3851 1309 3918 ἄλλοι,
1337 3858 1620 3909 τουτέστιν
1641 3855 1690 3909 oi
1715 3855 1902 3927 βαθεῖς

340 3935 602 4009 Ἑϐραῖοι,
633 3939 755 3993 οὐδὲ
788 3941 918 3996 ἰδεῖν
952 3943 1119 3997 αὐτὸν
1152 3944 1446 4018 ἠθέλησαν.

403 4048 424 4083 ι
461 4032 527 4084 Αἰ
560 4032 661 4102 μὲν
702 4032 796 4088 οὖν
832 4033 1152 4106 Ἐκκλησίαι
1201 4038 1325 4092 καθ’
1346 4040 1476 4113 ὅλης
1501 4040 1601 4113 τῆς
1644 4039 1901 4108 Ἰουδαίας

331 4138 355 4176 ι
391 4125 486 4177 καὶ
519 4124 810 4190 Γαλιλαίας
838 4128 933 4180 καὶ
962 4128 1276 4201 Σαμαρείας
1313 4126 1460 4203 εἶχον
1487 4132 1731 4205 εἰρήνην,
1759 4136 1903 4188 οἰκο-

330 4231 353 4269 ι
387 4215 720 4288 δομούμεναι
784 4222 878 4274 καί
924 4223 1291 4294 πορευόμεναι
1343 4224 1423 4295 τῷ
1458 4224 1608 4297 φόϐῳ
1657 4225 1751 4280 τοῦ
1787 4228 1901 4281 Κυ-

331 4326 353 4362 ι
390 4309 528 4379 ρίου,
583 4310 681 4365 καὶ
703 4313 771 4383 τῇ
811 4314 1155 4387 παρακλήσει
1217 4314 1312 4369 τοῦ
1366 4316 1524 4387 ἀγίου
1586 4317 1902 4390 Πνεύματος

328 4421 347 4454 ι
388 4401 774 4473 ὲπληθῦνοντο.
803 4423 822 4457 ι
881 4422 887 4427 '

395 4512 416 4548 ι
451 4496 517 4547 Αἰ
565 4494 665 4565 μὲν
714 4490 809 4550 οὖν
887 4494 1226 4569 Ἐκκλησίαι.
1268 4519 1286 4554 ι
1332 4500 1533 4556 Μέλλει
1589 4501 1768 4571 λέγειν
1817 4504 1899 4559 ὅτι

2007 2005 2174 2077 igitur
2221 2006 2288 2062 ab
2317 2007 2399 2064 eis
2436 2007 2627 2063 didici.
2671 2006 2772 2064 Vel
2807 2008 2954 2063 hunc
2985 2007 3221 2063 reditum
3270 2008 3352 2066 sic
3397 2008 3586 2080 accipe

2006 2105 2065 2152 ut
2104 2098 2179 2153 ita
2210 2099 2281 2154 sit
2308 2100 2453 2170 quod
2498 2100 2698 2156 abierit
2744 2100 2799 2155 in
2836 2098 3114 2165 Arabiam,
3147 2099 3347 2156 deinde
3375 2101 3588 2157 venerit

2005 2190 2356 2259 Damascum,
2380 2191 3014 2265 deindeJerosolymam,
3042 2192 3317 2250 deindein
3347 2193 3581 2267 Syriam.

2003 2281 2114 2336 Aut
2168 2281 2217 2336 si
2249 2297 2351 2339 nec
2400 2283 2505 2340 hoc
2547 2283 2767 2355 quidem
2823 2282 3112 2353 satisfacit,
3162 2285 3310 2356 quod
3362 2300 3582 2343 rursum

2003 2369 2367 2446 Jersolymam
2431 2375 2679 2443 redierit,
2723 2374 2923 2432 deinde
2959 2374 3284 2433 Damascum
3346 2378 3588 2436 emissus

2005 2462 2099 2528 sit,
2136 2465 2485 2535 postmodum
2516 2468 2570 2521 in
2592 2466 2871 2533 Arabiam,
2896 2466 3092 2523 exinde
3115 2482 3335 2524 rursum
3362 2467 3588 2526 Damas-

2005 2571 2155 2623 cum,
2190 2568 2379 2627 postea
2411 2556 2751 2614 Casei-eam:
2781 2567 2832 2615 ct
2865 2570 2993 2614 tunc
3024 2567 3147 2629 post
3172 2559 3587 2631 quatuordccim

2008 2664 2185 2704 alarios
2257 2665 2455 2708 rursus
2524 2651 2772 2708 ascendit
2838 2650 3179 2725 Jerosolyma
3241 2673 3253 2708 :
3334 2652 3587 2710 fortassis

2005 2746 2229 2813 quando
2263 2741 2463 2802 fratres
2503 2744 2729 2800 adduxit
2754 2758 2877 2799 cum
2918 2743 3188 2801 Barnaba.
3223 2744 3378 2812 Quod
3410 2746 3455 2801 si
3484 2746 3589 2801 hoc

2007 2850 2117 2890 non
2162 2844 2266 2902 est,
2302 2837 2450 2893 aliud
2483 2837 2616 2894 dicit
2648 2848 2884 2909 tempus.
2929 2837 3412 2910 llistoriographus
3439 2839 3587 2895 enim

2009 2930 2178 2984 multa
2203 2930 2503 2997 abbreviat,
2551 2932 2832 3005 multaque
2861 2933 3136 2988 contrahit
3189 2942 3458 3002 tempora.
3493 2932 3587 2987 Vi-

2009 3024 2170 3079 detur
2208 3034 2387 3080 autem
2425 3026 2554 3081 mihi
2598 3024 2881 3082 Barnabas
2912 3026 3073 3081 etiam
3118 3034 3277 3079 antca
3310 3024 3584 3082 fuisseilli

2009 3116 2241 3172 amicus.
2287 3115 2418 3171 Erat
2466 3117 2612 3172 enim
2663 3118 2827 3173 homo
2875 3117 3145 3189 benignus
3189 3126 3244 3172 et
3290 3116 3587 3173 admodum

1930 3245 1973 3303 α
2009 3208 2228 3265 suavis:
2266 3209 2389 3265 ideo
2415 3225 2632 3281 quoque
2675 3208 2822 3265 filius
2859 3208 3254 3265 consolationis
3277 3224 3341 3263 ex
3366 3208 3587 3265 nomine

2013 3304 2299 3360 dicebatur
2329 3324 2341 3359 :
2379 3306 2521 3361 unde
2550 3313 2604 3361 et
2625 3321 2852 3362 accessu
2884 3303 3063 3360 facilis
3095 3303 3200 3359 fuit
3227 3304 3367 3360 viro.

2080 3393 2173 3462 IX,
2195 3395 2381 3462 29,50.
2422 3415 2440 3449 ι
2474 3395 2933 3469 Loqucbaturque
2964 3407 3018 3452 et
3051 3396 3362 3467 disputabat
3390 3395 3586 3454 adver-

2015 3510 2032 3543 ι
2078 3506 2176 3548 sus
2223 3488 2489 3547 Graecos:
2527 3501 2583 3547 at
2624 3490 2701 3546 illi
2755 3491 3074 3547 nitebantur
3118 3489 3371 3546 occidere
3409 3491 3583 3546 illum.

2013 3603 2031 3637 ι
2071 3581 2226 3654 Quod
2258 3583 2348 3640 ubi
2385 3586 2773 3656 cognovissent
2829 3583 3047 3650 fratres,
3089 3582 3202 3656 9o
3243 3583 3586 3641 deduxerunt

2014 3695 2032 3730 ι
2079 3691 2205 3731 eum
2236 3674 2540 3733 Caesaream
2570 3688 2624 3734 et
2651 3677 2953 3734 emiserunt
2986 3678 3165 3749 ipsum
3199 3677 3449 3734 Tarsum.
3483 3697 3504 3732 ι

2076 3766 2297 3824 Graecos
2345 3775 2503 3823 vocat
2536 3767 2723 3823 Graece
2770 3767 3076 3840 loquentes,
3109 3768 3273 3840 idque
3313 3771 3589 3840 sapienter

2007 3859 2325 3916 admodum.
2387 3860 2494 3914 Alii
2546 3860 2715 3927 enim,
2775 3875 2968 3930 nempe
2995 3861 3087 3931 qui
3140 3860 3332 3916 intime
3376 3859 3586 3917 Hebraei

2006 3957 2185 4015 erant,
2214 3963 2283 4002 ne
2308 3946 2494 4004 videre
2525 3948 2742 4018 quidem
2775 3948 2952 4018 ipsum
2988 3949 3305 4005 voluerunt.

2077 4040 2172 4105 1X,
2195 4039 2286 4094 51.
2315 4059 2335 4092 ι
2374 4039 2545 4111 Igitur
2570 4040 2828 4098 Ecclesiae
2877 4057 2974 4113 per
3001 4043 3313 4099 universam
3343 4040 3586 4098 Iudaeam

2010 4154 2029 4187 ι
2070 4141 2125 4190 et
2168 4131 2449 4189 Galilaeam
2496 4148 2562 4189 ac
2596 4131 2902 4190 Samariam
2947 4149 3081 4205 pace
3131 4135 3487 4205 fruebantur;
3531 4146 3590 4192 et

2011 4246 2028 4281 ι
2070 4226 2484 4284 tediticabantur
2528 4236 2812 4284 versantes
2868 4227 2926 4282 in
2980 4227 3178 4283 timore
3235 4226 3475 4296 Domini,
3531 4239 3589 4285 et

2008 4338 2027 4372 ι
2068 4319 2444 4375 consolatione
2484 4316 2671 4375 Sancti
2717 4318 2945 4387 spiritus
2996 4318 3520 4390 multiplicabantur.
3557 4338 3581 4376 ι

2079 4516 2097 4551 ι
2128 4497 2303 4570 Igitur
2326 4495 2605 4553 Ecclesia}.
2636 4514 2656 4551 ι
2679 4495 2939 4553 Dicturus
2962 4494 3213 4567 estquod
3243 4495 3586 4554 descenderit

320 4586 570 4641 κάτεισιν
622 4585 834 4641 ἐκεῖθεν
855 4589 884 4643 ό
913 4588 1141 4660 Πέτρος
1199 4589 1286 4644 ἵνα
1316 4588 1410 4645 οὖν
1447 4590 1525 4664 μὴ
1554 4593 1718 4663 φόϐον
1743 4593 1898 4649 τοῦτο

2010 4588 2138 4646 inde
2184 4589 2422 4646 Petrus:
2462 4606 2533 4646 ne
2575 4603 2707 4661 ergo
2752 4589 2968 4644 timoris
2999 4586 3054 4643 id
3103 4603 3227 4645 esse
3273 4589 3584 4657 arbitreris,

321 4680 578 4752 νομίσῃς,
624 4682 885 4753 προεῖπεν
909 4682 992 4737 ὄτι
1019 4684 1250 4756 εἰρήνην
1287 4680 1434 4757 εἶχον
1460 4688 1518 4739 αἰ
1557 4686 1897 4755 Ἐκκλησίαι.

319 4771 453 4827 Ὀτι
490 4773 591 4843 μὲν
641 4773 753 4846 γάρ
782 4775 816 4848 ή
842 4773 996 4849 ἀκμὴ
1043 4775 1139 4831 τοῦ
1170 4775 1409 4850 πολέμου
1437 4772 1528 4850 ἦν,
1552 4780 1611 4833 ὲν
1665 4779 1898 4852 Ἱεροσο-

316 4864 515 4936 λύμοις
571 4864 840 4936 διέτριϐον
867 4867 919 4920 οἰ
944 4868 1277 4923 ἀπόστολον
1319 4870 1408 4925 ὅτε
1452 4871 1510 4926 δὲ
1547 4873 1761 4946 εἰρήνη,
1804 4872 1902 4930 καὶ

315 4961 432 5022 τοῖς
460 4956 645 5023 ἄλλοις
666 4958 987 5032 ἐκήρυττον.

926 5054 1181 5110 ΚΕΦΑΛ.
1212 5055 1311 5114 ΙΔ’.

315 5141 1130 5222 Περζᾼίνέαλταραλντικοῦ
1178 5149 1541 5222 ἰαθέντοςίέν
1568 5149 1770 5222 mean
1800 5152 1901 5209 διὰ

387 5214 641 5304 '3???-
683 5212 857 5304 ζετεῶ
884 5219 956 5273 τὰ
979 5219 1112 5299 {sel
1128 5222 1383 5304 ,ζαβηθά
1404 5212 1514 5304 ἑῇς
1538 5212 1897 5304 worthy,

387 5285 474 5411 ἐξ
495 5285 832 5427 ἐκ
849 5285 1080 5359 νεκρῶν·
1108 5293 1141 5345 ό
1156 5285 1519 5375 Πέτρος,δὶἆ
1538 5285 1902 5364 ’προάἒῦχῆξ

395 5466 418 5502 ι
468 5449 724 5519 Ἐγένετο
754 5452 832 5521 δὲ,
855 5453 1062 5525 Πέτρον
1105 5454 1456 5526 διερχόμενον
1511 5457 1601 5512 διὰ
1655 5459 1897 5527 πάντων,

328 5561 348 5596 t
383 5544 671 5599 κατελθεῖν
695 5548 786 5600 καὶ
814 5547 949 5617 πρὸς
971 5550 1101 5611 τοὺς
1140 5549 1332 5617 ἁγίους
1354 5551 1480 5616 τοὺς
1505 5553 1899 5618 κατοικοῦντας

332 5653 351 5688 ι
390 5637 627 5692 Λύδδαν.
664 5630 808 5711 Εὗρε
832 5639 890 5695 δὲ
928 5642 1045 5694 ἐκεῖ
1062 5641 1350 5714 ἄνθρωπόν
1372 5660 1494 5697 τινα
1522 5646 1720 5701 Αἰνέαν
1774 5648 1894 5702 όνόο

335 5747 354 5782 ι
389 5746 540 5799 ματι,
578 5730 638 5796 ἐξ
662 5731 800 5787 ἐτῶν
839 5732 986 5788 ὀκτὼ
1001 5733 1394 5806 κατακείμενον
1424 5736 1519 5790 ἐπὶ
1571 5740 1888 5813 κραϐϐἀτῳ,

398 5888 440 5922 ⁸³
465 5886 639 5944 Galat.
660 5904 702 5953 ι,
726 5890 789 5944 l7
813 5909 969 5966 seqq.

2006 4684 2257 4758 praedixit
2283 4684 2429 4756 quod
2469 4683 2730 4741 Ecclesia:
2758 4699 2892 4755 pace
2928 4681 3271 4739 fruebantur.
3306 4680 3587 4755 Siquidem

2004 4779 2226 4853 quando
2272 4778 2403 4835 belli
2446 4778 2599 4852 vigor
2638 4786 2777 4844 erat,
2821 4776 3184 4849 Jerosolymis
3228 4780 3588 4836 versabantur

2002 4873 2287 4946 Apostoli:
2341 4873 2562 4945 quando
2596 4885 2727 4926 vero
2772 4885 2909 4941 pax,
2952 4870 3116 4926 etiam
3167 4869 3290 4927 aliis
3316 4871 3584 4943 praedica-

2003 4967 2157 5025 bant.

2583 5052 2814 5111 CAPUT
2862 5051 3005 5111 XIV.

2006 5154 2085 5213 De
2108 5152 2299 5231 ,λΕιιειι⁵
2319 5148 2616 5231 paralytico
2646 5146 2854 5231 λιθέῳ
2879 5158 2971 5231 ρετ
2993 5145 3213 5231 lienam
3246 5156 3436 5231 curato
3458 5163 3479 5203 :
3526 5149 3586 5205 in

2075 5242 2178 5303 quo
2213 5224 2389 5303 agitur
2428 5219 2588 5276 etiam
2620 5228 2685 5275 de
2724 5219 2953 5303 Iabitlta
2987 5219 3392 5303 dilectayidug‘,
3423 5235 3584 5303 quam

2078 5294 2270 5352 Petrus
2298 5294 2482 5364 lappa:
2509 5308 2602 5363 per
2626 5294 2920 5347 orationem
2942 5294 3222 5345 emortuis
3242 5294 3511 5347 excitavit.

2076 5456 2168 5526 lX,
2203 5456 2396 5513 52-55.
2437 5474 2457 5509 ι
2484 5456 2723 5528 Contigit
2764 5464 2948 5512 autem
2977 5465 3037 5511 ut
3064 5455 3281 5522 Petrus,
3319 5457 3447 5514 dum
3486 5474 3583 5530 per

2008 5561 2199 5602 attines
2229 5552 2567 5618 peragraret,
2600 5544 2882 5601 deveniret
2919 5544 3088 5601 etiam
3121 5544 3189 5599 ad
3219 5554 3441 5602 sanctos
3479 5548 3576 5618 qui

2011 5659 2031 5694 ι
2076 5639 2395 5696 habitabant
2423 5637 2642 5712 Lyddae.
2673 5635 2935 5709 Repperit
2967 5643 3148 5692 autem
3192 5639 3267 5694 ibi
3302 5638 3579 5709 hominem

2007 5756 2028 5790 ι
2065 5733 2357 5807 quemdam
2386 5733 2608 5791 nomine
2636 5730 2893 5798 Eneam,
2924 5727 2992 5784 ab
3015 5731 3174 5789 annis
3191 5739 3317 5788 octo
3349 5731 3579 5792 decum-
