4024 6546
385 374 497 440 1ῗὸ

1460 372 1859 433 (ΚΕΗΜΕΝΙΙ
1890 372 2181 433 ΤΗΙΕΕᾹΞ
2220 375 2561 438 EPISCOPI

3545 375 3650 443 176

393 506 409 535 ι
460 484 674 539 bentem
705 482 757 537 in
807 481 1094 553 grabbato,
1135 482 1226 552 qui
1260 492 1378 537 erat
1417 482 1746 554 paralyticus
1776 499 1789 536 :
1816 492 1871 536 et
1901 482 1971 536 ait

2088 502 2104 534 ι
2141 484 2196 548 ὃς
2230 479 2295 556 ἦν
2325 484 2792 557 παραλελυμένος,
2834 482 2930 539 καὶ
2975 477 3130 540 εἶπεν
3160 482 3308 556 αύτῷ
3339 486 3367 540 ὁ
3419 484 3650 557 Πέτρος.

393 596 409 627 ι
449 576 525 630 illi
558 576 787 630 Petrus:
817 574 1011 640 .lEnea,
1037 583 1193 630 sanet
1225 583 1276 630 te
1293 573 1454 630 Jesus
1482 573 1754 631 Christus.
1794 574 1968 645 Surge

392 692 408 716 ι
446 684 518 722 ae
551 677 737 724 sterne
760 667 855 722 tibi
882 667 1007 737 ipsi.
1039 668 1105 722 Et
1133 672 1379 738 pretinus
1403 664 1962 723 surrexit.Viderunt-

391 780 408 811 ι
444 777 555 832 que
580 776 705 817 eum
728 775 929 816 omnes
969 759 1062 830 qui
1110 759 1427 814 habitabant
1477 759 1678 831 Lyddze
1718 770 1773 815 et
1802 761 1968 816 Assa-

392 873 408 902 ι
456 868 607 915 roue,
635 853 727 923 qui
767 852 1021 908 conversi
1050 860 1179 908 sunt
1207 852 1274 907 ad
1301 850 1617 907 Dominum.
1653 872 1672 905 ι

462 945 580 1000 Non
633 944 974 1016 exspectavit
1002 944 1102 1000 viri
1145 944 1327 1011 fidem,
1381 960 1558 1016 neque
1609 944 1969 1016 interrogavit

389 1056 456 1091 an
492 1041 677 1094 sanari
724 1037 881 1094 vellet
932 1052 946 1089 :
986 1036 1119 1091 nulli
1143 1037 1272 1093 dum
1318 1038 1464 1092 enim
1509 1036 1741 1108 propriae
1769 1044 1971 1108 poten-

388 1133 476 1187 tiae
531 1130 733 1185 indicia
778 1129 855 1186 ibi
904 1131 1115 1201 experti
1156 1137 1354 1185 erant:
1410 1128 1622 1184 merito-
1658 1128 1824 1200 igitur
1863 1142 1972 1183 non

387 1224 709 1295 exigebatur
755 1237 784 1277 a
815 1223 935 1279 viro
966 1222 1123 1289 fides,
1171 1220 1439 1293 siquidem
1492 1236 1668 1293 neque
1716 1235 1745 1275 a
1777 1220 1973 1276 claudo

387 1325 701 1388 exegerant.
735 1316 841 1388 91
868 1316 947 1373 Ad
970 1315 1268 1372 multorum
1287 1315 1431 1371 enim
1454 1315 1689 1370 maxime
1716 1313 1971 1370 consola-

389 1412 589 1466 tionem
615 1410 878 1465 conduxit
902 1410 1005 1466 hoc
1029 1408 1378 1476 miraculum,
1405 1408 1636 1480 insignis
1663 1408 1865 1479 quippe
1891 1407 1975 1462 vir

393 1510 535 1558 erat.
586 1501 1058 1568 Quemadmodum
1123 1516 1253 1571 ergo
1293 1499 1587 1567 Christus,
1640 1515 1765 1556 cum
1821 1500 1977 1570 signa

396 1596 577 1649 facere
608 1593 897 1664 inciperet,
922 1592 1078 1648 Iidem
1113 1605 1224 1647 non
1269 1592 1541 1664 exigebat,
1583 1591 1657 1646 ita
1682 1607 1857 1662 neque
1895 1590 1975 1653 hi.

384 1683 745 1756 Jerosolymis
799 1698 1034 1753 namque
1062 1684 1260 1739 merito
1294 1681 1430 1739 ﬁdes
1460 1696 1586 1751 erga
1619 1697 1715 1737 eos
1746 1696 1979 1754 praeces-

395 1779 508 1833 sit:
544 1785 602 1830 ut
637 1774 905 1831 venientis
942 1772 1089 1829 Petri
1121 1775 1202 1830 vel
1246 1773 1441 1829 umbra
1486 1774 1799 1845 quempiam
1848 1774 1977 1828 illo-

372 1883 510 1924 -rum
540 1866 914 1921 obumbraret.
940 1862 1109 1919 Multa
1135 1864 1282 1920 enim
1311 1862 1457 1920 facta
1484 1872 1644 1921 erant
1681 1865 1754 1921 ibi
1791 1866 1971 1937 signa,
2002 1845 2050 1906 Β

392 1961 478 2015 hic
511 1970 694 2015 autem
714 1958 818 2013 hoc
836 1957 1075 2028 primum
1104 1957 1306 2013 accidit
1334 1957 1526 2028 :signa
1560 1958 1743 2029 itaque
1777 1958 1975 2030 partim

376 2053 592 2109 .tiebant
620 2059 679 2106 ut
703 2050 795 2106 alii
819 2050 888 2105 ad
920 2049 1081 2106 fidem
1114 2051 1551 2118 attraherentur,
1604 2050 1801 2122 partim
1845 2066 1976 2107 vero

359 2152 451 2201 .ut
479 2144 772 2200 credentes
806 2142 1245 2199 consolarentur.

424 2324 547 2389 -lX,
570 2322 639 2382 36
652 2321 776 2379 -42,
813 2340 832 2376 ι
865 2320 1053 2394 Joppae
1076 2329 1259 2378 autem
1288 2327 1410 2377 erat
1429 2319 1677 2391 quadam
1702 2319 1974 2394 discipula

387 2435 426 2467 τε
468 2418 696 2471 nomine
723 2411 981 2481 Tabitha,
1006 2428 1128 2485 quae
1158 2428 1258 2486 per
1291 2414 1798 2484 interpretationem
1837 2414 1976 2469 diei-

396 2526 413 2558 ι
460 2518 549 2563 tur
596 2506 820 2564 Dorcas.
872 2506 999 2563 Haec
1039 2507 1202 2578 plena
1247 2515 1367 2562 erat
1420 2506 1584 2564 bonis
1620 2507 1882 2579 operibus
1911 2523 1976 2564 ac

380 2620 413 2650 -ι
456 2599 823 2671 eleemosyuis
842 2613 981 2671 quas
1006 2599 1321 2669 praestabat.
1346 2595 1759 2655 Acciditautem
1782 2599 1974 2656 diebus

378 2714 412 2743 »ι
456 2692 564 2748 illis
613 2700 672 2744 ut
707 2690 1273 2762 infirmitategravata
1309 2701 1634 2747 moreretur.
1665 2692 1838 2758 Quam
1882 2691 1975 2749 ubi

394 2804 410 2832 ε
456 2781 743 2848 lavissent,
760 2790 1080 2854 posuerunt
1102 2782 1156 2836 in
1173 2781 1478 2837 cenaculo.
1503 2780 1638 2837 Cum
1666 2797 1800 2838 vero
1826 2790 1976 2838 esset

392 2898 408 2924 ε
432 2873 643 2947 .Lydda
672 2874 853 2930 vicina
880 2870 1084 2944 Joppae,
1116 2871 1512 2942 audissentque
1543 2872 1799 2945 discipuli
1827 2873 1973 2946 quod

392 2985 412 3019 ε
463 2967 659 3022 Petrus
693 2973 842 3025 esset
872 2967 927 3021 in
953 2980 1041 3030 ea,
1069 2964 1343 3022 miserunt
1370 2967 1438 3021 ad
1472 2958 1596 3021 etim
1628 2975 1883 3038 regantes
1904 2980 1975 3023 ne

378 3078 410 3110 Α
436 3067 774 3130 gravaretur
804 3058 992 3114 venire
1018 3073 1193 3128 usque
1226 3057 1294 3112 ad
1323 3073 1403 3114 se.
1430 3056 1748 3127 Exsurgens
1788 3067 1972 3114 autem

395 3172 412 3204 ι
453 3151 653 3209 Petrus
691 3151 844 3207 venit
870 3164 998 3206 cum
1043 3149 1173 3205 illis.
1215 3148 1465 3220 Cumque
1501 3148 1832 3213 advenisset,
1865 3148 1972 3204 du-

392 3265 411 3298 c
454 3252 654 3301 xerunt
691 3244 845 3299 illum
887 3243 944 3297 in
984 3241 1354 3307 caenaculum,
1392 3250 1448 3297 et
1480 3242 1972 3298 circumsteterunt

395 3358 412 3388 ι
458 3352 584 3393 eum
617 3350 807 3391 omnes
834 3333 1014 3389 viduae
1042 3331 1255 3398 flentes,
1289 3341 1343 3387 et
1371 3331 1729 3388 ostendentes
1754 3333 1974 3389 tunicas

393 3449 411 3481 ι
455 3444 520 3485 ac
546 3436 731 3484 vestes
760 3442 898 3498 quas
926 3424 1164 3483 faciebat
1189 3438 1315 3480 cum
1342 3433 1489 3481 esset
1520 3440 1644 3479 cum
1673 3423 1807 3494 ipsis
1832 3423 1976 3477 Dor-

394 3542 413 3573 ε
458 3535 575 3577 cas.
609 3518 806 3575 Petrus
850 3533 981 3574 vero
1023 3517 1215 3587 ejectis
1264 3515 1414 3572 foras
1452 3516 1730 3580 omnibus,
1778 3514 1974 3586 positis

393 3633 411 3664 ι
455 3612 687 3685 genibus
718 3611 940 3676 oravit,
990 3623 1401 3677 conversusque
1440 3607 1509 3660 ad
1554 3623 1756 3676 corpus
1783 3606 1922 3661 dixit
1958 3623 1972 3661 :

395 3727 413 3758 ε
462 3704 721 3770 Tabitha,
753 3719 943 3773 surge.
975 3704 1040 3756 At
1071 3704 1161 3757 illa
1189 3702 1404 3773 aperuit
1435 3701 1624 3756 oculos
1652 3716 1801 3767 suos,
1823 3701 1973 3756 viso-

391 3819 412 3851 ι
459 3814 565 3868 que
592 3795 751 3851 Petro
794 3795 1021 3851 resedit.
1054 3794 1185 3848 Data
1210 3802 1390 3848 autem
1431 3793 1510 3847 illi
1551 3808 1740 3860 manu,
1772 3795 1970 3859 erexit,

393 3907 409 3939 ι
455 3897 651 3942 etcum
677 3894 926 3940 vocasset
986 3896 1207 3941 sanctos
1249 3898 1314 3938 ac
1348 3884 1818 3949 viduas,exhibuit
1850 3900 1972 3938 eam

394 4004 411 4034 ι
453 3984 655 4040 vivam.
698 3981 864 4052 quue
904 3979 1141 4036 innotuit
1169 3993 1266 4050 per
1303 3987 1469 4034 totam
1497 3977 1730 4050 Joppen,
1769 3988 1822 4034 et
1856 3994 1977 4034 cre—

392 4096 410 4128 ι
454 4076 716 4131 diderunt
746 4074 903 4129 multi
936 4074 989 4129 in
1022 4073 1337 4129 Dominum.
1371 4091 1391 4124 ι

463 4275 481 4307 ε
516 4253 743 4310 Nomine
774 4252 1035 4318 Tabitha,
1084 4272 1104 4305 ι
1143 4260 1251 4308 etc.
1278 4250 1604 4307 Ostenditur
1634 4267 1699 4308 ex
1756 4234 1977 4308 nomine

388 4348 533 4417 quod
585 4346 701 4400 haec
744 4346 980 4415 vigilans
1011 4353 1128 4400 erat
1165 4358 1229 4397 ac
1266 4342 1476 4410 sobria,
1515 4341 1974 4412 quemadmodum

386 4436 608 4510 ὀορκάς,
635 4436 689 4491 id
714 4444 796 4492 est
820 4450 1038 4506 caprea.
1084 4434 1256 4489 Multa
1282 4447 1528 4505 namque
1551 4432 1775 4488 nomina
1805 4434 1972 4487 etiam

2080 594 2096 626 ι
2133 576 2315 643 Αίνέα,
2353 577 2499 632 ἰᾶταί
2534 594 2591 631 σε
2614 579 2642 632 ὁ
2688 576 2895 646 Ἰησοῦς
2932 578 3187 650 Χριστός.
3236 578 3526 649 ’Δνάστηθι
3556 580 3651 633 καὶ

2077 686 2095 719 ι
2139 666 2661 745 στρῶσονβεαυτῷ.
2697 669 2807 722 Καὶ
2860 667 3063 733 εὐθέως
3096 669 3320 742 ἀνέστη.
3369 670 3480 724 Καὶ
3506 666 3648 725 εἶδον

2077 780 2097 813 ι
2134 761 2295 816 αὑτὸν
2326 763 2527 827 πάντες
2555 765 2605 817 οί
2642 763 3025 830 κατοικοῦντες
3054 763 3261 820 Λύδδαν
3299 765 3396 819 καὶ
3419 763 3512 819 τὸν
3525 765 3652 819 Ἀσ-

2081 870 2100 904 ι
2140 852 2385 920 σάρωνα,
2406 854 2603 919 οἵτινες
2634 854 2978 927 ἐπέστρεψαν
3006 857 3097 910 ἐπὶ
3114 856 3205 910 τὸν
3242 855 3470 928 Κύριον.
3507 876 3528 910 ι

2143 943 2259 996 Οὐκ
2288 944 2538 1014 ἀνέμεινε
2566 945 2664 1016 τὴν
2705 944 2889 1000 πίστιν
2913 946 3008 1002 τοῦ
3034 946 3252 1020 ἀνδρὸς,
3289 947 3411 1002 οὐδὲ
3440 945 3649 1019 ἠρώτη-

2073 1051 2186 1102 σεν,
2242 1037 2291 1089 εί
2353 1035 2595 1106 βούλοιτο
2654 1036 3104 1111 θεραπευθῆναιο
3160 1039 3316 1096 οὔπω
3361 1042 3469 1112 γὰρ
3510 1036 3655 1113 ἦσαν

2071 1131 2351 1205 τεκμήρια
2381 1132 2481 1203 τῆς
2520 1132 2728 1198 οίκείας
2750 1132 3055 1205 πάσχοντες
3081 1134 3385 1205 δυνάμεως.
3411 1132 3656 1196 Εἰκότως

2072 1218 2252 1273 τοίνυν
2298 1219 2399 1274 οὐκ
2426 1220 2688 1294 ἀπῃτεῖτο
2717 1221 2816 1293 τὴν
2868 1223 3050 1280 πίστιν
3076 1225 3106 1278 6
3148 1225 3308 1296 ἀνήρ.
3346 1223 3487 1279 Ούδέ
3535 1223 3651 1295 γάρ

2072 1309 2164 1363 τὸν
2218 1310 2391 1381 χωλὸν
2448 1311 2756 1384 ἀπῄτησαν.
2814 1314 3065 1371 Μάλιστα
3125 1317 3227 1388 μὲν
3248 1312 3342 1371 οὖν
3374 1319 3472 1372 καὶ
3518 1316 3655 1388 πρὸς

2075 1401 2285 1456 πολλῶν
2312 1403 2658 1477 παράκλησιν
2678 1406 2871 1477 γέγονε
2909 1409 2969 1463 τὺ
2999 1407 3210 1481 θαύμαο
3229 1409 3505 1488 ἐπίσημος
3542 1410 3654 1481 γάρ

2074 1491 2142 1568 ἦν
2183 1498 2210 1550 6
2245 1496 2406 1568 ἀνήρ.
2459 1497 2730 1573 Καθάπερ
2761 1494 2856 1556 οὖν
2883 1503 2912 1556 6
2943 1502 3182 1573 Χριστὸς
3211 1503 3517 1574 ἀρχόμενος
3538 1503 3650 1558 τῶν

2078 1588 2343 1659 σημείων,
2395 1590 2495 1644 ούκ
2517 1591 2716 1663 ἀπῄτει
2739 1590 2946 1654 πίστιν,
2980 1593 3152 1659 οὕτως
3178 1594 3301 1649 οὐδὲ
3355 1589 3525 1648 οὗτοι.
3565 1594 3657 1647 Ἕν

2089 1679 2486 1753 Ἱεροσολύμοις
2537 1683 2639 1755 μὲν
2698 1684 2809 1759 γάρ
2870 1686 3093 1752 εἰκότως
3144 1688 3179 1760 ἡ
3227 1686 3413 1752 πίστις
3473 1686 3657 1742 αὐτῶν

2078 1771 2427 1843 προεγένετο,
2464 1773 2553 1828 ἴνα
2581 1774 2881 1845 ἐρχομένου
2912 1776 3123 1849 Πέτρου
3170 1776 3277 1832 κᾶν
3307 1778 3341 1850 ὴ
3373 1775 3502 1832 σκιά
3532 1778 3657 1831 ἐπιο

2084 1865 2280 1938 σκιάσῃ
2308 1866 2414 1921 τινὶ
2441 1866 2640 1923 αὐτῶν.
2677 1867 2855 1924 Πολλά
2882 1870 2991 1941 γάρ
3016 1871 3135 1924 ἐκεῖ
3168 1867 3389 1943 ἐγένετο
3425 1872 3653 1940 σημεῖα.

2093 1957 2359 2014 Ἐνταῦθα
2384 1959 2441 2014 δέ
2465 1959 2625 2014 τοῦτο
2668 1961 2887 2032 πρῶτον
2937 1960 3238 2019 ἐπιϐαίνει.
3269 1962 3352 2018 Τὰ
3381 1961 3483 2033 μὶν
3543 1962 3653 2034 γάρ

2077 2053 2211 2107 τῶν·
2251 2052 2494 2125 σημείων
2548 2054 2690 2126 ὑπὲρ
2727 2054 2825 2109 τοῦ
2847 2055 2973 2122 τοὺς
3009 2055 3206 2121 ἄλλους
3241 2056 3655 2112 ἐπισπάσασθαι

2076 2143 2309 2214 ἐγίνετο,
2336 2142 2406 2199 τά
2435 2142 2494 2198 δέ
2523 2144 2618 2200 καὶ
2639 2144 2782 2219 ὑπὲρ
2811 2146 2909 2217 τῆς
2951 2147 3062 2202 τῶν
3088 2147 3455 2203 πιστευόντων
3476 2163 3657 2217 παρα-

2076 2236 2346 2309 κλήσεως.
3336 2284 3339 2285 ν

2150 2348 2171 2383 ε
2220 2329 2309 2384 Ἐν
2323 2328 2517 2403 Ἰόππη
2539 2327 2597 2384 δέ
2621 2346 2707 2396 τις
2742 2325 2812 2404 ἦν
2837 2329 3117 2404 μαθήτρια
3148 2330 3378 2405 ὀνόματι
3404 2331 3653 2403 Ταδηθὰ,

2082 2440 2102 2475 ι
2137 2421 2173 2494 η
2206 2420 2677 2495 διερμηνευομένη
2719 2421 2937 2493 λέγεται
2963 2424 3201 2496 Δορκάς.
3228 2424 3376 2496 Δῦτη
3401 2420 3473 2499 ἦν
3522 2425 3656 2494 πλήν

2083 2531 2103 2566 ι
2146 2530 2247 2586 ρης
2312 2512 2535 2583 ἀγαθῶν
2580 2513 2758 2587 ἔργων
2787 2515 2883 2570 καὶ
2941 2514 3327 2587 ἐλεημοσυνῶν
3347 2512 3423 2572 ὧν
3456 2516 3652 2571 ἐποίει.

2081 2625 2102 2660 ι
2151 2605 2398 2677 Ἐγένετο
2417 2607 2475 2662 δὲ
2496 2608 2555 2663 ἐν
2570 2609 2691 2674 ταῖς
2720 2609 2957 2680 ἡμέραις
2985 2611 3246 2676 ἐκείναις,
3269 2610 3652 2683 ἀσθενήσασαν

2081 2717 2101 2752 ι
2139 2698 2313 2772 αὐτὴν
2340 2698 2656 2754 ἀποθανεῖν.
2725 2701 3035 2765 Λούσαντες
3054 2701 3111 2756 δέ
3142 2702 3336 2771 αὐτὴν,
3368 2701 3571 2770 ἔθηκαν
3592 2702 3653 2755 ἐν

2084 2809 2103 2845 ι
2142 2791 2403 2863 ὑπερῴῳ.
2452 2792 2653 2862 Ἐγγὺς
2678 2791 2735 2846 δέ
2761 2790 2930 2865 οὔσης
2964 2794 3172 2866 Λύδδης
3217 2796 3286 2865 τῇ
3332 2793 3544 2866 Ἰόππῃ,
3601 2793 3651 2846 οί

2084 2901 2104 2935 ι
2142 2882 2386 2955 μαθηταὶ
2433 2882 2789 2948 ἀκούσαντες,
2827 2884 2909 2938 ὅτι
2947 2884 3154 2957 Πέτρος
3204 2883 3354 2938 ἐστὶν
3394 2884 3452 2939 ἐν
3488 2883 3651 2955 αὐτῇ,

2080 2994 2101 3029 ι
2141 2976 2466 3031 ἀπέστειλαν
2493 2976 2630 3048 πρὸς
2654 2975 2839 3041 αὑτὸν,
2870 2975 3338 3049 παρακαλοῦντες,
3370 2976 3447 3049 μὴ
3481 2977 3653 3047 ὀκνῆ-

2079 3087 2099 3122 ι
2145 3085 2235 3122 σαι
2262 3067 2492 3124 διελθεῖν
2521 3068 2627 3132 ἐως
2668 3068 2869 3127 αὐτῶν.
2911 3069 3174 3134 ’Δναστάς
3204 3069 3259 3125 δέ
3288 3070 3493 3141 Πέτρος
3522 3086 3652 3123 συν-

2081 3179 2101 3213 (
2140 3159 2303 3231 ἦλθεν
2352 3160 2557 3223 αὐτοῖς,
2583 3159 2644 3213 δν
2673 3160 3121 3232 παραγενόμενον
3163 3162 3439 3231 ἀνήγαγον
3486 3164 3567 3224 είς
3590 3162 3654 3216 τὸ

2083 3268 2103 3304 ι
2142 3251 2415 3323 ὑπερῷον,
2478 3251 2573 3305 καὶ
2618 3251 2988 3324 περιέστησαν
3016 3251 3166 3324 αὐτῷ
3192 3255 3361 3307 πᾶσαι
3390 3256 3446 3307 αί
3482 3254 3653 3325 χῆραι

2081 3360 2102 3395 ι
2140 3341 2447 3406 κλαίουσαι,
2479 3342 2575 3395 καὶ
2613 3341 3061 3413 ἐπιδεικνύμεναι
3110 3342 3345 3413 χιτῶνας
3392 3345 3486 3398 καὶ
3516 3341 3647 3413 ἱμά-

2083 3450 2102 3484 ι
2142 3448 2255 3495 τια,
2312 3430 2415 3484 ὅσα
2464 3430 2643 3486 ἐποίει
2695 3432 2815 3502 μετ’
2844 3430 3025 3487 αὐτῶν
3044 3425 3481 3504 οὗσαήδορκάς.
3524 3432 3654 3487 Ἐκ-

2083 3540 2104 3575 ε
2142 3520 2322 3576 ϐαλὼν
2362 3520 2419 3575 δέ
2454 3520 2561 3587 ἔξω
2616 3523 2827 3586 πάντας
2849 3523 2878 3577 6
2908 3522 3137 3595 Πέτρος,
3182 3521 3298 3587 θεὶς
3344 3523 3415 3576 τά
3448 3521 3653 3593 γόνατα

2081 3634 2101 3669 ι
2142 3612 2516 3686 προσηύξατο,
2543 3616 2638 3670 καὶ
2659 3615 2996 3688 ἐπιστρέψας
3032 3615 3169 3687 πρὸς
3185 3616 3247 3670 τδ
3280 3617 3464 3688 σῶμα,
3501 3612 3650 3672 εἴπεο

2080 3723 2099 3757 ι
2137 3704 2385 3777 Ταδηθά,
2443 3705 2732 3779 ἀνάστηθι.
2777 3706 2922 3761 Ἡδὲ
2948 3706 3129 3780 ἦνοιξε
3169 3709 3298 3773 τοὺς
3338 3704 3653 3778 ύςθαλμοὺς

2081 3816 2100 3849 ι
2143 3798 2332 3866 αὐτῆς,
2384 3797 2479 3852 καὶ
2507 3798 2692 3853 ίδοῦσα
2720 3798 2811 3854 τὸν
2837 3799 3064 3870 Πέτρον,
3089 3800 3404 3855 ἀνεκάθισε.
3428 3801 3565 3865 Δοὺς
3590 3799 3652 3857 δὲ

2082 3908 2101 3941 ι
2141 3890 2278 3961 αὐτῇ
2329 3890 2510 3962 χεῖρα,
2561 3889 2857 3961 ἀνέστησεν
2908 3890 3099 3960 αύτήνο
3152 3891 3411 3961 φωνήσας
3446 3890 3653 3956 δέτοῦς

2082 4001 2101 4035 ι
2142 3982 2332 4053 ἁγίους
2364 3982 2465 4036 καὶ
2480 3962 2589 4045 τὰς
2635 3982 2834 4054 χήρας,
2858 3985 3204 4054 παρέστησεν
3238 3982 3411 4054 αὐτὴν
3447 3980 3649 4047 ζῶσαν.

2083 4092 2103 4125 ι
2142 4072 2389 4128 Γνωστὸν
2430 4073 2488 4126 δέ
2518 4073 2734 4143 ἐγένετο
2787 4073 2911 4128 καθ’
2955 4073 3084 4144 ὂλης
3141 4076 3241 4146 τῆς
3280 4074 3528 4146 Ἰόππης,
3555 4074 3654 4129 καὶ

2085 4181 2105 4216 ι
2147 4163 2335 4218 πολλοὶ
2364 4164 2693 4218 ἐπίστευσαν
2720 4166 2814 4217 ἐπὶ
2838 4164 2929 4219 τὸν
2968 4164 3194 4237 Κύριον.
3228 4184 3248 4219 s

2154 4274 2175 4309 ι
2225 4256 2481 4328 Ὀνόματι
2535 4255 2783 4328 Ταδηθὰ,
2838 4258 2934 4311 καὶ
2974 4256 3044 4311 τά
3098 4256 3246 4328 ἑξῆς.
3286 4276 3304 4310 ι
3355 4257 3652 4313 Δείκνυται

2076 4346 2159 4401 ὅτι
2192 4346 2329 4418 αὕτη
2376 4346 2717 4418 φερωνύμως
2762 4343 2831 4421 ἦν
2879 4349 3214 4420 ἐγρηγορυῖα
3255 4349 3350 4404 καὶ
3403 4349 3655 4420 νήφουσα

2079 4438 2269 4510 ὥσπερ
2320 4440 2544 4510 δορκάς.
2578 4439 2753 4493 Πολλά
2773 4440 2882 4510 γάρ
2910 4442 3005 4494 καὶ
3033 4441 3395 4513 οἰκονομικῶς
3412 4442 3655 4512 ὀνόματα

388 4529 799 4602 dispensatione
820 4534 1126 4605 ponuntur,
1154 4540 1254 4582 sua
1276 4523 1516 4580 eﬂicacia
1546 4524 1968 4594 appellationem

2079 4528 2307 4592 τίθεται,
2383 4527 2650 4598 δηλοῦντα
2695 4531 2764 4601 τῇ
2820 4530 3073 4603 ἐνεργείᾳ
3111 4530 3211 4601 τὴν
3277 4529 3654 4601 προσηγορίαν

390 4624 755 4696 significantia
797 4636 920 4693 quae
949 4620 1330 4691 consequitur.
1365 4637 1383 4671 ι
1420 4616 1660 4689 Contigit
1701 4625 1883 4673 autem
1910 4624 1970 4672 ut

391 4731 502 4774 haec
564 4718 877 4773 infirmitate
942 4723 1179 4787 gravata
1250 4719 1582 4768 moreretur.
1648 4711 1822 4779 Quam
1872 4709 1967 4765 ubi

391 4814 677 4879 lavissent,
718 4829 738 4864 ι
786 4808 1041 4865 fecerunt
1086 4816 1287 4862 cuncta
1341 4820 1464 4877 quas
1494 4805 1547 4859 in
1578 4813 1796 4860 mortuo
1844 4803 1964 4858 fieri

388 4909 795 4961 consueverunt
825 4919 840 4956 :
872 4912 928 4957 et
971 4907 1105 4956 tunc
1145 4898 1365 4955 Petrum
1396 4897 1827 4954 accersiverunt.
1846 4896 1969 4954 Hoc

388 5007 569 5054 autem
609 5009 721 5051 non
769 4993 1381 5064 feceruntupriusquam
1423 4999 1773 5047 moreretur:
1823 4990 1969 5045 indi-

388 5104 555 5162 gnum
579 5087 690 5161 92
710 5086 974 5143 ducentes
1027 5088 1099 5141 ob
1144 5085 1276 5140 talia
1303 5099 1500 5140 vexare
1523 5082 1821 5153 discipulos
1854 5091 1908 5138 et
1935 5097 1967 5138 a

389 5180 778 5253 pradieatione
795 5178 1063 5234 avellere.
1088 5174 1228 5232 Nam
1256 5184 1310 5232 et
1338 5185 1627 5250 propterea
1653 5174 1790 5230 dicit
1818 5174 1966 5246 quod

390 5276 604 5330 vicinus
649 5284 769 5329 erat
798 5272 974 5329 locus.
1022 5269 1080 5325 id
1113 5271 1260 5327 enim
1302 5285 1399 5341 per
1426 5269 1648 5325 modum
1677 5268 1967 5325 suceisivae

389 5383 568 5440 opera:
589 5367 868 5439 petebant,
887 5365 1155 5435 siquidem
1170 5362 1436 5435 discipula
1459 5369 1596 5440 erat.
1617 5379 1636 5413 ι
1664 5359 1797 5415 Cum
1819 5369 1968 5415 esset

388 5438 514 5517 eum
550 5438 686 5531 ipsis
715 5459 944 5515 Dorcas.
1000 5478 1021 5512 ι
1057 5457 1212 5527 Quod
1257 5459 1458 5514 dicitur
1490 5438 1678 5511 fuisse
1705 5468 1813 5509 una
1840 5466 1966 5506 cum

390 5554 545 5625 ipsis,
574 5551 743 5606 animi
785 5551 929 5605 illius
959 5550 1280 5606 modesuiam
1315 5546 1610 5621 significat,
1660 5542 1807 5616 quod
1839 5556 1965 5597 cum

390 5647 566 5701 viduis
591 5646 914 5699 convivchat
943 5658 1009 5699 ac
1037 5645 1356 5700 versabatur
1382 5657 1445 5697 ac
1476 5642 1521 5697 si
1557 5654 1666 5695 una
1713 5636 1909 5691 fuisset
1937 5650 1968 5691 e

390 5738 573 5807 vulgo.
601 5735 741 5803 Quid
797 5735 962 5807 igitur
998 5736 1237 5790 Petrus?
1262 5734 1463 5788 Omnes
1510 5731 1660 5786 foras
1692 5726 1865 5799 ejicit,
1897 5741 1968 5781 ne

389 5829 751 5898 lacrymarum
771 5826 1003 5882 tumultu
1030 5826 1343 5881 turbaretur
1366 5840 1381 5880 :
1411 5821 1713 5893 positisque
1736 5816 1967 5889 genibus

2078 4618 2496 4675 ἀκολουθοῦσαν.
2558 4640 2575 4673 ι
2603 4620 2807 4694 Συνέϐη
2832 4622 3011 4677 τοίνυν
3046 4621 3252 4691 ταύτην
3284 4624 3654 4697 ἀρρωστήσα-

2080 4729 2180 4766 σαν
2203 4712 2517 4767 ἀποθανεῖν.
2549 4712 2851 4777 Λούσαντες
2882 4714 2939 4767 δὲ
2985 4712 3176 4788 αὐτὴν,
3204 4734 3224 4769 ι
3258 4716 3325 4768 τὰ
3346 4714 3439 4768 ἐπὶ
3471 4714 3654 4788 νεκρῷ

2077 4804 2255 4860 πάντα
2306 4804 2595 4877 ἐποίησαν.
2648 4805 2759 4860 Καὶ
2793 4805 2916 4862 τότε
2946 4808 3371 4873 ἀποστείλαντες
3408 4825 3656 4879 μετακα-

2077 4897 2296 4952 λοῦνται
2346 4898 2578 4969 Πέτρον.
2635 4899 2749 4952 Οὐκ
2798 4899 3060 4971 ἐποίησαν
3086 4898 3142 4954 δὲ
3172 4898 3331 4954 τοῦτο
3380 4899 3489 4972 πρὸ
3557 4897 3653 4954 τοῦ

2078 4991 2391 5056 ἀποθανεῖν,
2433 4989 2650 5057 ἀνάξιον
2690 4989 2983 5061 ἡγούμενοι
3033 4988 3174 5061 ὑπὲρ
3220 4990 3330 5044 τῶν
3390 4990 3655 5045 τοιούτων

2079 5080 2331 5138 σκύλλειν
2384 5081 2510 5145 τοὺς
2556 5081 2826 5152 μαθητάς,
2855 5080 3060 5135 καὶτοῦ
3087 5081 3445 5154 κηρύγματος
3468 5099 3655 5153 παρα-

2078 5176 2243 5246 σπᾷν.
2312 5173 2466 5227 Ἐπεὶ
2495 5174 2587 5226 καὶ
2619 5172 2708 5227 διὰ
2737 5173 2895 5228 τοῦτο
2944 5173 3090 5243 λέγει
3123 5175 3205 5228 ὅτι
3234 5175 3402 5243 ἐγγὺς
3434 5170 3525 5246 ἦν.
3561 5175 3655 5230 Ἐν

2074 5265 2228 5331 τάξει
2256 5265 2365 5335 γὰρ
2402 5264 2684 5334 παρέργου
2705 5263 2863 5318 τοῦτο
2895 5264 3081 5337 ᾔτουνο
3108 5265 3388 5336 μαθήτρια
3417 5268 3530 5337 γὰρ
3559 5261 3652 5337 ἦν.

2081 5377 2100 5411 ι
2137 5357 2271 5411 Μετ’
2318 5355 2498 5410 αὐτῶν
2541 5351 2676 5410 οὖσα
2699 5358 2731 5426 ἠ
2753 5358 2981 5428 Δορκάς.
3016 5374 3037 5409 ι
3066 5356 3159 5422 Τὸ,
3197 5375 3215 5408 ι
3243 5357 3363 5427 μετ’
3390 5357 3597 5424 αὐτῶν,
3629 5378 3648 5410 ι

2074 5449 2173 5520 τὴν
2195 5449 2696 5519 ταπεινοφροσύνην
2730 5449 2900 5519 αὐτῆς
2927 5449 3098 5522 δηλοῖ,
3135 5450 3219 5503 ὅτι
3259 5449 3427 5520 συνῆν
3457 5451 3655 5516 αὑταῖς

2075 5542 2172 5596 καὶ
2225 5541 2544 5612 συνδιῃτᾶτο
2572 5542 2648 5603 ῶς
2686 5542 2786 5611 μία
2813 5542 2923 5595 τῶν
2977 5541 3193 5595 πολλῶν
3214 5541 3374 5598 οὖσα.
3411 5544 3477 5596 Τί
3501 5540 3601 5600 οὖν
3624 5545 3657 5599 6

2075 5634 2313 5703 Πέτρο;;
2350 5633 2564 5697 Πάντας
2599 5634 2848 5686 ἐκϐάλλει
2869 5633 2997 5700 ἔξω,
3031 5633 3171 5687 ὥστε
3200 5635 3274 5706 μὴ
3307 5637 3658 5706 συγχυθῆναι

2075 5725 2187 5788 τοῖς
2242 5724 2473 5795 δάκρυσι
2505 5725 2640 5794 μηδὲ
2670 5724 3029 5796 ταραχθῆναι.
3062 5726 3171 5780 Καὶ
3210 5726 3323 5790 θεὶς
3346 5727 3415 5780 τὰ
3448 5727 3659 5795 γόνατα

2077 5813 2444 5886 προσηύξατο.
2506 5816 2581 5868 Οὐ
2612 5816 2780 5871 πάντα
2816 5814 2924 5886 γὰρ
2962 5814 3101 5886 μετά
3150 5817 3248 5887 τῆς
3290 5816 3462 5889 αὐτῆς
3492 5818 3658 5873 εὐκο-
