4024 6546
427 469 526 535 170

1474 469 1875 530 (ECUMENII
1913 469 2208 530 TRICCAS
2238 471 2580 533 EPISCOPI

3579 474 3681 542 180

431 607 449 639 ι
488 588 565 642 Ex
597 586 826 642 cohorte
848 601 970 656 quae
1003 583 1208 642 dicitur
1241 584 1448 640 ltalica.
1496 603 1513 636 ι
1551 585 1759 656 Σπεῖρα
1789 596 1995 653 autem,

2106 585 2182 639 Δι’
2213 585 2241 640 6
2275 587 2368 640 καὶ
2397 586 2495 656 τὴν
2528 585 2686 653 ἀξίαν
2721 585 3008 658 ἐδήλωσεν.
3035 606 3054 641 ι
3097 588 3191 642 Ἐκ
3225 589 3456 662 σπείρης
3511 592 3682 646 εἰπὼν

423 681 476 735 id
510 689 592 735 est
621 680 842 746 cohors,
865 688 950 736 est
978 693 1141 749 quam
1166 693 1314 733 nunc
1340 677 1604 750 νούμερον
1633 677 1889 733 dicimus.

493 861 562 926 x,
588 862 642 926 6,
672 864 726 917 7.
768 880 787 914 ι
823 861 922 918 Cui
973 861 1170 917 domus
1192 859 1454 931 estjuxta
1505 873 1676 916 mare.
1713 861 1813 916 llic
1853 859 1999 915 dicet

431 973 449 1006 ι
495 954 592 1010 tibi
641 953 773 1024 quid
802 964 852 1008 te
881 962 1137 1024 oporteat
1183 951 1386 1008 facere.
1425 952 1697 1008 Utautem
1742 952 2000 1008 discessit

432 1069 448 1100 ι
490 1047 715 1118 angelus
767 1046 864 1118 qui
920 1045 1253 1118 loquebatur
1297 1045 1578 1112 Cornelio,
1608 1046 1825 1101 vocavit
1857 1045 2000 1102 duos

431 1159 448 1192 ι
494 1138 732 1194 famulos
759 1149 816 1196 et
843 1139 1076 1195 militem
1112 1137 1430 1210 religiosum
1455 1154 1521 1194 ex
1553 1138 1641 1194 his
1673 1139 1767 1210 qui
1800 1139 1852 1194 ei
1896 1139 1997 1196 ad-

431 1251 449 1284 ι
485 1232 788 1288 hazrebaut.
831 1252 850 1284 ι

494 1321 789 1394 Segregata
821 1321 889 1378 ab
917 1323 1152 1378 urbibus
1190 1323 1312 1379 loca
1351 1322 1708 1378 sectabantur
1738 1321 1994 1393 apostoli,

424 1423 616 1486 utpote
647 1415 969 1472 solitudinis
996 1430 1060 1470 ac
1107 1415 1311 1486 quietis
1340 1413 1526 1469 amici.
1558 1413 1700 1480 Quid
1727 1422 1912 1468 autem
1949 1412 1997 1468 si

423 1519 480 1565 et
527 1509 696 1564 alium
743 1508 1066 1581 contigisset
1115 1524 1235 1565 esse
1263 1508 1583 1564 Simonem?
1608 1508 1748 1564 Ecce
1779 1507 1996 1579 signum

422 1601 516 1656 dat
546 1601 691 1672 quod
723 1601 934 1657 habitet
967 1603 1121 1673 juxta
1153 1617 1326 1658 mare.
1368 1601 1570 1657 Verum
1615 1615 1838 1655 causam
1886 1615 1997 1654 non

423 1695 583 1761 dixit,
608 1711 677 1750 ne
704 1695 881 1767 ipsum
915 1703 1229 1760 enervaret,
1259 1694 1352 1750 sed
1377 1693 1430 1748 in
1458 1692 1759 1764 cupiditate
1809 1706 1874 1748 ac
1897 1691 1996 1748 de-

421 1788 626 1844 siderio
662 1787 923 1843 audiendi
955 1803 1074 1844 esse
1105 1787 1333 1843 dimisit.

491 1881 561 1948 Χ,
591 1881 743 1936 8-10.
787 1901 805 1934 ι
835 1881 1085 1952 Cumque
1121 1887 1400 1936 narrasset
1441 1881 1548 1936 illis
1603 1881 1811 1948 omnia,
1846 1878 1998 1934 misit

429 1993 448 2024 ι
483 1989 577 2029 eos
608 1973 660 2029 in
683 1972 1206 2045 Joppen.Postridie
1231 1989 1360 2027 vero
1389 1972 1722 2028 facientibus
1740 1973 1848 2028 illis
1872 1972 1997 2038 iter,
2033 1963 2072 2017 Β

429 2086 447 2118 ε
487 2069 713 2140 jamque
749 2066 1331 2138 appropinquantibus
1354 2066 1589 2131 civitati,
1616 2065 1868 2121 ascendit
1892 2066 1995 2121 Pe-

429 2180 447 2208 ι
489 2169 606 2214 trus
632 2160 686 2214 in
709 2159 1052 2230 superiorem
1076 2159 1276 2214 domus
1299 2167 1510 2230 partem
1535 2168 1596 2214 ut
1632 2166 1818 2214 oraret
1853 2158 1998 2214 circa

427 2270 445 2301 ι
488 2250 679 2305 horam
707 2261 916 2307 sextam
963 2260 1062 2306 :et
1105 2266 1228 2307 cum
1271 2251 1528 2318 esuriret,
1570 2250 1743 2306 voluit
1774 2263 1998 2322 gusmre

425 2363 445 2398 ι
482 2346 662 2400 cibum
693 2364 706 2398 :
739 2361 978 2416 cumque
1009 2345 1087 2400 illi
1109 2354 1462 2416 appararent.
1504 2366 1521 2397 ι

491 2437 630 2492 Vide
671 2438 839 2492 animi
866 2437 1214 2493 modestiam.
1273 2438 1464 2508 Neque
1495 2437 1643 2492 enim
1664 2437 1806 2492 dixit
1836 2458 1849 2494 :
1884 2439 1996 2494 Vo-

419 2539 542 2584 cate
573 2527 642 2582 ad
678 2543 764 2583 me
816 2529 1040 2583 Petrum
1079 2528 1337 2584 :nolebat
1384 2528 1660 2600 siquidem
1711 2529 1998 2602 dignitatis

415 2621 643 2678 nomine
663 2636 791 2678 eum
838 2636 1146 2678 accersere.
1183 2622 1484 2694 Propterea
1533 2624 1779 2679 narravit
1812 2623 1996 2680 omnia

420 2715 669 2771 utetiam
727 2714 1090 2784 persuaderet
1137 2729 1151 2767 :
1205 2715 1343 2770 adeo
1389 2715 1475 2770 vir
1530 2714 1816 2770 modestus
1853 2723 1993 2770 erat.

418 2807 583 2877 Atqui
609 2806 747 2862 nihil
775 2807 960 2878 magni
999 2806 1216 2878 concipi
1250 2815 1467 2877 poterat
1492 2806 1559 2862 de
1584 2807 1704 2862 viro
1730 2805 1826 2876 qui
1852 2805 1997 2876 apud

417 2899 714 2953 coriarium
742 2898 1146 2954 diversabatur.

487 2987 557 3055 X,
609 2988 792 3046 10-13.
839 3008 857 3042 ι
890 2989 1058 3044 lrruit
1095 3004 1262 3060 super
1307 3003 1432 3044 eum
1482 2987 1684 3043 mentis
1715 3001 1996 3053 excessus,

423 3103 442 3136 ι
483 3083 746 3154 videtque
791 3082 994 3138 malum
1053 3091 1329 3153 apertum,
1361 3091 1417 3136 et
1445 3081 1789 3139 descendens
1825 3081 1894 3136 ad
1941 3097 1999 3137 se

423 3193 443 3228 ι
482 3190 579 3230 vas
627 3175 904 3246 quoddam
949 3175 1100 3231 velut
1156 3175 1389 3230 linteum
1437 3189 1694 3245 magnum
1759 3183 2000 3244 quatuor

422 3286 443 3319 ι
483 3265 666 3321 initiis-
685 3265 989 3337 alligatum,
1025 3264 1274 3322 submitti
1307 3280 1337 3319 a
1367 3264 1507 3320 coelo
1546 3262 1604 3318 in
1645 3271 1844 3318 terram
1889 3279 1902 3315 :
1941 3261 1995 3315 in

423 3381 441 3414 ι
486 3375 595 3432 quo
616 3369 775 3416 erant
803 3361 986 3417 omnia
1019 3359 1398 3432 quadrupedia
1435 3367 1616 3423 terrae,
1635 3367 1691 3412 et
1719 3357 1910 3413 bestias
1932 3371 1998 3412 ac

423 3475 441 3507 ι
481 3455 719 3524 reptilia,
763 3455 1116 3524 volatiliaque
1167 3454 1313 3511 coeli.
1370 3453 1439 3507 Et
1471 3452 1612 3508 facta
1649 3458 1738 3506 est
1781 3465 1888 3505 vox
1929 3450 1997 3505 ad

423 3563 441 3596 1
485 3559 633 3598 eum.
671 3562 690 3596 ι

490 3626 792 3700 Ἐκστασις
824 3636 1098 3708 signiﬁcat
1140 3646 1198 3692 et
1250 3636 1757 3692 consternationem
1788 3649 1910 3706 quia
1941 3633 1997 3688 in

413 3726 782 3784 admiratione
801 3728 1096 3799 contingit,
1117 3738 1173 3784 et
1193 3743 1317 3783 cum
1339 3737 1493 3784 extra
1514 3727 1800 3784 sensibilia
1821 3727 1997 3783 iactus

413 3817 688 3888 quispiam
717 3818 786 3873 ad
843 3818 1150 3888 spiritualia
1192 3818 1510 3876 deducitur.
1555 3818 1634 3873 Ex
1677 3818 1783 3872 hoc
1810 3818 1998 3886 itaque

414 3909 768 3966 manifestum
799 3909 908 3981 95
932 3918 1018 3966 est
1047 3909 1197 3982 quod
1219 3911 1525 3982 spiritualis
1544 3908 1794 3981 quaedam
1823 3909 1995 3965 veluti

411 4001 556 4058 visio
589 4001 693 4072 ipsi
723 4001 866 4058 facta
889 4002 980 4068 sit,
1015 4012 1072 4058 et
1091 4011 1349 4074 tanquam
1374 4003 1558 4059 anima
1587 4002 1994 4074 quodammodo

414 4111 445 4151 a
484 4111 715 4167 corpore
751 4096 1075 4154 excedente.
1122 4117 1141 4149 ι
1174 4098 1470 4168 Videtque.
1509 4118 1526 4150 ›
1569 4098 1824 4153 Linteum
1859 4099 1993 4153 illud

413 4189 631 4260 signum
665 4200 785 4246 erat
821 4190 1059 4248 sublime
1096 4192 1341 4247 universi
1378 4192 1548 4247 orbis.
1585 4191 1835 4259 Quatuor
1861 4209 1994 4248 vero

419 4279 579 4333 initia
638 4287 879 4349 quatuor
929 4288 1060 4336 sunt
1091 4281 1387 4336 elementa.
1433 4281 1542 4335 Vas
1597 4287 1782 4334 autem
1817 4296 1992 4352 appa-

415 4386 546 4427 rens
600 4372 926 4429 crassiorem
971 4372 1225 4444 designat
1274 4372 1564 4428 mundum.
1617 4373 1793 4428 Porro
1843 4375 1991 4429 varia

415 4464 721 4518 animantia
776 4464 931 4535 signa
981 4474 1110 4520 sunt
1161 4475 1338 4522 status
1375 4465 1686 4520 hominum.
1745 4467 1874 4531 Aut,
1933 4474 1993 4520 ut

413 4555 663 4626 apertius
691 4556 890 4622 dicam,
930 4557 1130 4614 sindon
1161 4567 1246 4614 est
1290 4558 1558 4614 Ecclesia.
1618 4558 1814 4614 Bestiae
1860 4574 1993 4615 vero

2106 681 2203 748 τῆς
2222 678 2563 749 καλουμένης
2607 679 2891 752 Ἰταλικῆς.
2919 699 2937 734 ι
2970 681 3178 752 Σπεῖρα
3199 681 3258 736 δέ
3301 681 3450 737 ἐστιν
3493 682 3522 737 ὃ
3585 700 3684 738 κα-

2105 769 2304 840 λοῦμεν
2324 769 2418 823 νῦν
2445 769 2729 841 νούμερον,

2180 881 2199 916 ι
2247 857 2318 935 ’ᾯ
2353 864 2500 918 ἐστιν
2529 865 2676 919 οἰκία
2711 866 2864 938 παρὰ
2924 867 3222 923 θάλασσαν.
3258 860 3431 934 Οὗτος
3459 871 3685 944 λαλήσει

2112 977 2129 1009 ι
2174 973 2277 1021 σοι,
2307 957 2361 1010 τί
2415 974 2474 1010 σε
2500 957 2582 1010 δεῖ
2623 961 2818 1012 ποιεῖν.
2863 958 2950 1022 Ὠς
2981 959 3038 1013 δὲ
3068 960 3312 1029 ἀπῆλθεν
3341 963 3369 1016 6
3392 961 3623 1030 ἄγγελος
3655 965 3685 1017 6

2113 1070 2131 1103 ι
2165 1050 2338 1104 λαλῶν
2366 1050 2444 1122 τῷ
2464 1051 2769 1122 Κορνηλίῳ,
2796 1053 3050 1122 φωνήσας
3079 1052 3173 1108 δύο
3201 1053 3311 1108 τῶν
3328 1056 3556 1110 οἰκετῶν
3590 1058 3686 1110 αὑ-

2114 1161 2132 1194 ι
2169 1141 2286 1208 τοῦ,
2321 1144 2415 1195 καὶ
2439 1143 2778 1214 στρατιώτην
2813 1143 3016 1215 εὐσεϐῆ
3049 1145 3160 1200 τῶν
3199 1149 3686 1220 προσκαρτερούν-

2112 1256 2131 1288 ι
2165 1253 2273 1290 των
2307 1253 2475 1306 αυτῳ.
2516 1255 2535 1288 ι

2179 1328 2260 1382 Τὰ
2285 1325 2758 1400 ἀνακεχωρημένα
2806 1327 2915 1383 τῶν
2954 1326 3161 1383 πόλεων
3197 1328 3446 1384 ὲδίωκων
3473 1332 3522 1384 οῖ
3550 1330 3686 1383 ἀπὸ·

2109 1421 2304 1486 στολοι,
2337 1422 2571 1493 ἐρημίας
2609 1422 2761 1485 ὄντες
2801 1422 2945 1492 φίλοι
2977 1421 3076 1476 καὶ
3127 1423 3381 1494 ἡσυχίας.
3409 1422 3474 1476 Τί
3534 1421 3589 1476 δὲ
3641 1424 3688 1475 εί

2107 1512 2304 1582 συνέϐη
2340 1512 2432 1565 καὶ
2461 1511 2619 1567 ἄλλον
2653 1508 2798 1566 εἷναι
2831 1514 3055 1584 Σίμωνα
3078 1531 3092 1580 ;
3117 1513 3273 1581 Ἰδοὺ,
3309 1513 3428 1568 ἔστι
3464 1516 3690 1584 σημεῖον

2103 1605 2166 1658 τὺ
2193 1604 2345 1675 παρὰ
2373 1603 2650 1658 θάλασσαν
2679 1606 2866 1659 οἰκεῖν.
2898 1606 3012 1660 Οὐκ
3035 1601 3157 1660 εἷπε
3189 1605 3356 1660 δὲδιὰ
3384 1605 3455 1670 τί,
3492 1607 3575 1658 ἵνα
3613 1605 3689 1673 μὴ

2105 1695 2314 1769 ὲκλύσῃ
2343 1697 2530 1763 αὑτὸν,
2562 1696 2676 1751 ἀλλ’
2711 1699 2926 1768 ἀφῆκεν
2961 1699 3127 1754 αὑτὸν
3190 1701 3248 1754 ὲν
3294 1697 3560 1770 ἐπιθυμίᾳ
3595 1699 3689 1751 καὶ

2107 1788 2257 1860 πόθῳ
2297 1788 2396 1858 τῆς
2424 1787 2741 1861 ἀκροάσεως
2768 1789 3042 1856 γενέσθαι.

2183 1902 2201 1935 ι
2235 1883 2346 1937 Καὶ
2372 1882 2784 1954 ἐξηγησάμενος
2835 1883 3019 1946 αὐτοῖς
3054 1883 3292 1949 ἅπαντα,
3356 1881 3689 1938 ἀπέστειλεν

2106 1995 2126 2028 ι
2165 1975 2363 2039 αὐτοὺς
2387 1977 2466 2040 είς
2495 1976 2591 2047 τὴν
2607 1975 2852 2046 Ἰόππην.
2872 1976 2950 2048 Τῇ
2971 1976 3025 2030 δὲ
3049 1975 3312 2046 ἐπαύριον
3340 1973 3689 2046 ὁδοιπορούν-

2105 2088 2124 2120 ι
2166 2087 2274 2125 των
2313 2070 2561 2133 ἐκείνων,
2615 2069 2784 2141 ἀνέϐη
2830 2069 3038 2140 Πέτρος
3069 2070 3163 2122 ἐπὶ
3187 2070 3246 2123 τὸ
3271 2069 3426 2140 δῶμα
3454 2067 3688 2140 προσεύ-

2106 2181 2124 2215 ε
2167 2161 2361 2227 ξασθαι
2419 2163 2549 2233 περὶ
2579 2161 2733 2233 ὥραν
2755 2162 2942 2233 ἕκτην.
2969 2163 3218 2229 Ἐγένετο
3247 2161 3304 2215 δὲ
3334 2161 3685 2232 πρόσπεινος,

2104 2273 2126 2307 ι
2161 2256 2256 2308 καὶ
2279 2253 2437 2324 ἧθελε
2457 2253 2782 2324 γεύσασθαιο
2804 2271 2877 2308 πα
2889 2271 2954 2325 ρα
2965 2253 3337 2318 σκευαζόντων
3349 2254 3405 2308 δὲ
3435 2253 3680 2308 ἐκείνων.

2170 2439 2313 2509 Ὅρα
2368 2437 2428 2490 τὸ
2460 2436 2686 2506 ἄτυφον.
2751 2436 2826 2489 Οὐ
2882 2435 2990 2506 γὰρ
3044 2431 3188 2500 εἷπε,
3238 2432 3522 2488 Καλέσατέ
3592 2451 3688 2504 μοι

2101 2530 2340 2600 Πέτρον·
2378 2529 2437 2582 οὐ
2471 2528 2580 2600 γὰρ
2619 2527 2770 2597 ἠξίου
2821 2527 2930 2581 ἀπὸ
2988 2527 3083 2581 τοῦ
3149 2526 3462 2597 ἀξιώματος
3520 2525 3688 2579 αὑτὸν

2103 2619 2586 2690 μεταπέμψασθαι.
2622 2620 2722 2674 Διὰ
2753 2619 2914 2674 τοῦτο
2933 2619 3244 2693 ἐξηγήσατο
3280 2616 3686 2684 ἃπαντα,ὦστε

2101 2713 2196 2767 καὶ
2228 2715 2437 2769 πεῖσαι.
2463 2713 2624 2769 Οὕτω
2661 2713 2880 2784 μέτριος
2903 2708 2972 2784 ἦν
3002 2715 3029 2767 6
3064 2714 3225 2783 ἁνήρ.
3277 2711 3387 2766 Καί
3411 2729 3495 2766 τοι
3525 2710 3687 2764 οὐδὲν

2103 2805 2245 2874 μέγα
2277 2801 2737 2878 φαντασθῆναιῆν
2767 2805 2894 2876 περὶ
2926 2805 3115 2875 ἀνδρὸς
3139 2803 3517 2876 καταγομένου
3532 2802 3687 2875 παρὰ

2103 2898 2312 2970 βυρσεῖ.

2179 3010 2197 3042 ι
2240 2991 2542 3045 Ἐπέπεσεν
2585 2989 2672 3042 ἐπ’
2715 2990 2876 3044 αὐτὸν
2912 2987 3188 3053 ἔκστασις.
3230 2988 3340 3043 Καὶ
3372 2987 3572 3060 θεωρεῖ
3592 2989 3686 3042 τδν

2107 3099 2125 3132 ι
2163 3083 2396 3154 οὐρανὸν
2453 3082 2820 3153 ἀνεῳγμένον,
2875 3063 2980 3137 ¹καὶ
3041 3082 3370 3136 καταϐαῖνον
3401 3081 3488 3135 ἐπ’
3517 3083 3688 3135 αὑτὸν

2108 3191 2125 3224 ι
2165 3173 2361 3236 σκεῦός
2397 3192 2450 3227 τι
2489 3175 2565 3238 ὼς
2609 3175 2804 3246 ὀθόνην
2838 3173 3103 3245 μεγάλην,
3152 3173 3450 3246 τέσσαρσιν
3480 3175 3686 3247 ἀρχαῖς

2108 3285 2127 3318 ι
2166 3266 2469 3338 δεδεμένον,
2537 3267 2630 3322 καὶ
2679 3267 3000 3338 καθιέμενον
3065 3267 3160 3320 ἐπὶ
3207 3267 3308 3338 τῆς
3361 3270 3486 3339 γῆς,
3535 3269 3595 3321 ὲν
3637 3261 3685 3338 ᾧ

2108 3378 2126 3410 ι
2163 3361 2376 3432 ὑπῆρχε
2414 3361 2589 3414 πάντα
2635 3362 2702 3414 τὰ
2729 3359 3034 3431 τετράποδα
3066 3361 3168 3431 τῆς
3208 3361 3332 3430 γῆς.
3365 3361 3460 3414 καὶ
3486 3359 3554 3414 τὰ
3580 3361 3684 3431 θη-

2105 3473 2124 3507 ι
2167 3453 2280 3526 ρία.
2317 3452 2412 3507 καὶ
2450 3453 2518 3506 τὰ
2559 3453 2784 3522 ἑρπετὰ,
2819 3452 2912 3506 καὶ
2949 3453 3014 3505 τὰ
3047 3454 3269 3506 πετεινὰ
3291 3452 3382 3506 τοῦ
3421 3452 3682 3526 οὐρανοῦ.

2105 3562 2124 3596 ι
2166 3545 2279 3596 Καὶ
2315 3543 2535 3612 ἐγένετο
2568 3544 2720 3614 φωνὴ
2751 3543 2886 3613 πρὸς
2925 3543 3108 3598 αὐτόν.
3137 3563 3155 3593 ι

2181 3636 2247 3690 Ἦ
2280 3633 2540 3699 ἔκστασις
2568 3635 2721 3704 δηλοῖ
2766 3634 2860 3687 καὶ
2913 3633 3012 3705 τὴν
3075 3633 3167 3686 ἐπὶ
3231 3632 3543 3705 θαυμασμῷ
3585 3633 3682 3688 εκ-

2098 3726 2313 3798 πληξιν,
2338 3725 2432 3784 καὶ
2468 3726 2528 3780 τὸ
2558 3727 2662 3794 ἔξω
2696 3726 2806 3779 τῶν
2858 3725 3133 3796 αίσθητῶν
3168 3725 3421 3794 γενέσθαι
3473 3728 3566 3780 επὶ
3611 3726 3684 3782 τὰ

2099 3820 2447 3891 πνευματικὰ
2532 3819 2920 3890 ὀδηγούμενον.
2984 3817 3084 3872 Ἐκ
3138 3817 3330 3872 τούτου
3390 3819 3549 3890 δῆλον
3597 3820 3683 3872 ὅτι

2100 3913 2448 3984 πνευματική
2479 3931 2562 3977 τις
2585 3913 2787 3966 ὡσανεὶ
2835 3912 3040 3984 θεωρία
3075 3911 3300 3981 γέγονεν
3356 3911 3529 3983 αὐτῷ,
3583 3909 3680 3965 τοῦ

2099 4005 2370 4075 σώματος,
2409 4005 2487 4068 ὡς
2516 4004 2582 4058 ἂν
2613 4005 2758 4058 εῖποι
2795 4020 2900 4068 τις,
2933 4003 3290 4074 ἐξεστηκυίας
3327 4003 3427 4074 τῆς
3477 4001 3678 4072 ψυχῆς.

2102 4115 2121 4148 ι
2154 4097 2265 4150 Kal
2303 4095 2517 4167 θεωρεῖ.
2551 4113 2568 4146 ι
2606 4093 2885 4164 Σύμϐολον
2913 4094 3013 4162 τῆς
3076 4094 3406 4166 οἰκουμένης
3457 4093 3679 4162 ἁπάσης

2096 4187 2418 4260 ἀκρότατον,
2453 4187 2554 4258 τὴν
2576 4186 2766 4257 ὀθόνην
2789 4187 3025 4257 ἐκείνην.
3057 4187 3121 4240 Δί
3147 4185 3206 4240 δὲ
3243 4185 3513 4257 τέσσαρες
3570 4184 3678 4256 ἁρ-

2096 4282 2190 4351 χαὶ
2237 4281 2306 4335 τὰ
2348 4281 2589 4352 τέσσαρα
2643 4283 2882 4351 στοιχεῖα
2934 4279 3178 4350 δηλοῦσι.
3249 4279 3324 4332 Τὸ
3391 4278 3448 4331 δὲ
3499 4278 3670 4349 φανδν

2099 4374 2291 4438 σκεῦος
2318 4374 2408 4428 τὸν
2432 4375 2742 4444 παχύτερον
2775 4375 2980 4444 κόσμον
3021 4372 3296 4444 σημαίνει.
3357 4371 3437 4425 Τὰ
3465 4371 3521 4424 δὲ
3558 4371 3677 4426 διά-

2095 4485 2237 4539 φορα
2260 4467 2395 4533 ζῶα,
2452 4469 2547 4537 τῆς
2603 4467 2713 4520 τῶν
2757 4465 3062 4539 ἀνθρώπων
3119 4467 3236 4519 ἐστὶ
3292 4465 3681 4530 καταστάσεως

2097 4560 2359 4631 σύμϐολα.
2398 4562 2490 4626 Ἦ,
2545 4561 2631 4614 ἵνα
2664 4561 2999 4632 σαφέστερον
3055 4561 3213 4623 εἴπω,
3265 4557 3455 4612 σινδὼν
3484 4559 3516 4628 ἡ
3547 4557 3678 4612 Ἐκ-

415 4665 538 4718 qua:
580 4649 634 4703 in
693 4664 758 4705 ea
817 4660 996 4716 erant,
1045 4660 1236 4722 gentes
1271 4659 1419 4707 sunt.
1459 4651 1761 4706 Ecelesiam
1804 4651 1989 4722 itaque

2103 4655 2320 4726 κλησία.
2352 4655 2432 4710 Τὰ
2466 4654 2521 4707 δὲ
2557 4656 2615 4708 ιν
2655 4655 2792 4727 αὐτῇ
2831 4655 3016 4726 θηρία,
3055 4657 3103 4708 oi
3142 4654 3200 4720 ιε
3233 4653 3424 4709 ἐθνῶν.
3481 4651 3671 4706 Ἐθεά-

414 4742 702 4811 conspexit
720 4752 960 4813 quatuor
981 4743 1295 4817 Evangeliis
1311 4744 1611 4816 alligatam,
1632 4745 1688 4799 in
1707 4759 1814 4815 qua
1831 4757 1993 4801 erant

412 4849 608 4889 omnes
628 4845 839 4904 gentes.

482 4923 552 4990 X,
589 4924 778 4980 15-29.
811 4946 830 4979 ι
873 4925 1068 4998 Surge,
1103 4927 1285 4993 Petre,
1312 4935 1490 4984 macta
1524 4937 1582 4983 et
1621 4943 1868 4984 vescere.
1903 4928 1992 4985 Ait

419 5036 437 5068 ι
477 5024 662 5072 autem
699 5017 935 5075 Petrus:
968 5009 1346 5090 Nequaquam.
1393 5021 1643 5088 Domine,
1694 5022 1822 5093 quia
1849 5039 1994 5078 nun-

419 5127 439 5161 ι
478 5125 641 5180 quam
672 5110 762 5166 edi
796 5111 1094 5182 quidquam
1122 5128 1415 5170 commune
1445 5123 1502 5171 et
1530 5115 1894 5172 immundum.
1927 5119 1993 5171 Et

419 5222 437 5254 ι
481 5219 582 5258 vox
634 5219 829 5260 rursus
881 5203 950 5260 ad
977 5220 1102 5260 eum
1147 5205 1337 5272 :Quod
1386 5207 1532 5263 Deus
1573 5208 1886 5279 puriﬁcavit
1931 5218 1989 5264 tu

419 5317 436 5349 ι
481 5314 778 5355 commune
817 5315 887 5356 ne
939 5299 1166 5355 dixeris.
1192 5297 1305 5355 Hoc
1348 5309 1532 5356 autem
1577 5302 1741 5356 tertio
1785 5301 1987 5356 factum

417 5411 436 5443 ι
480 5400 586 5446 cst.
618 5393 686 5447 Et
708 5407 929 5448 rursum
961 5405 1244 5466 receptura
1267 5405 1349 5449 est
1371 5410 1467 5449 vas
1500 5395 1555 5449 in
1581 5396 1800 5450 coelum.
1832 5397 1989 5450 Dum-

417 5503 435 5536 ι
485 5501 593 5555 que
643 5485 790 5557 apud
839 5502 958 5543 sese
993 5487 1271 5544 besitaret
1316 5487 1511 5542 Petrus
1554 5504 1804 5558 qutenam
1844 5498 1990 5546 esset

417 5598 435 5630 ι
483 5579 628 5634 visio
671 5595 838 5650 quam
867 5581 1117 5646 vidisset,
1145 5598 1274 5638 ecce
1303 5581 1405 5638 viri
1438 5581 1532 5653 qui
1561 5582 1715 5638 missi
1751 5591 1910 5638 erant
1957 5599 1987 5638 a

417 5689 435 5721 ι
472 5671 736 5727 Cornelio
762 5673 1070 5743 percontati
1100 5674 1168 5730 de
1193 5675 1356 5730 domo
1393 5674 1660 5739 Simonis,
1689 5674 1988 5730 astiterunt

415 5781 434 5814 ι
472 5764 538 5820 ad
561 5765 808 5834 ianuam,
837 5773 894 5822 et
921 5778 1150 5826 evocato
1183 5768 1442 5838 qu0piam
1471 5765 1884 5838 interrogabant
1916 5782 1984 5821 an

418 5875 434 5905 ι
477 5855 668 5913 Simon
700 5858 793 5930 qui
829 5871 1316 5930 cognominaretur
1344 5861 1562 5921 Petrus,
1595 5858 1826 5913 haberet
1876 5859 1986 5914 illic

417 5967 434 6002 ι
476 5949 797 6023 hospitium.
821 5950 983 6008 Petro
1003 5968 1136 6010 vero
1159 5954 1435 6026 cogitante
1466 5951 1534 6006 de
1561 5951 1797 6022 visione,
1847 5953 1985 6007 dixit

2099 4763 2230 4801 σατο
2259 4747 2438 4802 τοίνυν
2473 4747 2570 4818 τὴν
2615 4747 2945 4818 Ἐκκλησίαν
2979 4747 3278 4818 τέσσαρσιν
3321 4745 3678 4814 Εὐαγγελίοις

2095 4839 2410 4911 δεδεμένην,
2449 4841 2509 4896 ὲν
2612 4841 2825 4912 ὑπῆρχε
2853 4839 3034 4894 πάντα
3062 4838 3130 4892 τὰ
3169 4838 3320 4906 ἔθνη.

2172 4953 2191 4986 ι
2245 4934 2530 5000 Ἀναστὰς,
2565 4933 2764 5004 Πέτρε,
2794 4932 2958 4986 θῦσον
2983 4933 3078 4986 καὶ
3100 4932 3265 5000 φάγε.
3301 4931 3359 4986 '0
3385 4930 3440 4984 δὲ
3469 4929 3676 5000 Πέτρος

2103 5047 2120 5080 ι
2164 5025 2306 5094 εῐπε,
2329 5027 2636 5098 Μηδαμῶς,
2673 5025 2869 5097 Κύριε,
2895 5025 2978 5080 ὅτι
3012 5024 3134 5078 οὐδέ
3176 5041 3306 5077 ποτε
3329 5024 3531 5092 ἔφαγον
3566 5023 3676 5077 πᾶν

2099 5140 2118 5174 ι
2161 5119 2338 5174 κοινὸν
2372 5119 2758 5192 ἣάκάθαρτον.
2795 5119 2905 5173 Καὶ
2946 5117 3098 5188 φωνὴ
3129 5115 3292 5172 πάλιν
3324 5117 3390 5172 ὲκ
3419 5115 3673 5186 δευτέρου

2102 5232 2121 5265 ι
2161 5212 2489 5284 πρὸςαύτόν·
2516 5211 2725 5275 ’ΛΘεδς
2738 5210 3057 5282 ἑκαθάρισε,
3087 5211 3150 5264 σὺ
3181 5209 3256 5280 μὴ
3284 5208 3678 5263 κοίνου.’1⁴οὖτο

2099 5324 2118 5357 ι
2154 5305 2211 5359 δὲ
2240 5305 2458 5374 ἐγένετο
2481 5305 2575 5358 ἐπὶ
2603 5303 2743 5376 τρίς.
2771 5305 2883 5358 Καὶ
2906 5302 3066 5360 πάλιν
3096 5301 3376 5373 ἀνελήφθη
3399 5301 3462 5355 τὸ
3478 5298 3675 5364 σκεῦος

2099 5417 2119 5452 ι
2156 5399 2236 5462 είς
2272 5398 2363 5452 τὸν
2396 5397 2645 5470 οὐρανόν.
2691 5397 2779 5462 Ὠς
2803 5398 2859 5450 δὲ
2889 5399 2946 5451 ὲν
2975 5394 3155 5467 ἑαυτῷ
3185 5395 3435 5466 διηπόρει
3484 5397 3514 5448 6
3564 5393 3674 5449 Πέ-

2100 5509 2119 5542 ‹
2156 5507 2282 5561 τρος
2308 5489 2362 5542 τί
2389 5487 2454 5542 ἂν
2481 5488 2566 5560 είη
2590 5488 2649 5542 τὸ
2676 5490 2861 5559 ὅραμα
2884 5483 3055 5552 δείδε,
3076 5487 3173 5542 καὶ
3190 5486 3300 5541 ίδοὺ
3321 5487 3367 5539 οί
3399 5484 3593 5555 ἄνδρες
3620 5485 3673 5539 οἱ

2095 5597 2114 5632 ι
2155 5579 2556 5650 ἀπεσταλμένοι
2624 5579 2731 5632 ἀπὸ
2774 5579 2866 5633 τοῦ
2889 5577 3213 5648 Κορνηλίου,
3239 5576 3672 5646 διερωτήσαντες

2095 5691 2114 5724 ι
2143 5670 2244 5741 τὴν
2273 5668 2450 5724 οίκίαν
2472 5668 2737 5739 Σίμωνος,
2765 5667 3074 5738 ἐπέστησαν
3089 5667 3183 5720 ἐπὶ
3199 5665 3289 5720 τὸν
3316 5664 3560 5728 πυλῶνα,
3577 5664 3670 5718 καὶ

2096 5783 2114 5815 ι
2151 5763 2504 5834 φωνήσαντες
2523 5760 2885 5814 ἐπυνθάνοντο
2907 5761 2958 5813 εί
3004 5759 3186 5830 Σίμων
3231 5759 3262 5813 6
3301 5755 3671 5826 ἐπικαλούμε-

2096 5878 2112 5909 ι
2151 5874 2238 5920 νος
2259 5856 2464 5926 Πέτρος
2497 5853 2684 5909 ἐνθάδε
2718 5853 3004 5921 ξενίζεται.
3035 5852 3142 5907 Τοῦ
3164 5853 3221 5908 δὲ
3243 5851 3452 5923 Πέτρου
3518 5851 3668 5905 ἐνθυ-

2097 5969 2114 6004 ι
2153 5947 2426 6022 μουμένου
2467 5947 2701 6019 περὶτοῦ
2733 5949 3028 6022 ὁράματος,
3053 5942 3205 6002 εἶπεν
3231 5945 3377 6018 αὐτῷ
3406 5944 3466 5999 τὸ
3506 5941 3665 5997 πνεῦ-
