4024 6602
330 462 434 527 1°!

1329 469 1719 533 COMMENT.
1761 469 1846 531 ΙΝ
1885 469 2076 531 ACTA
2116 468 2693 532 APOSTOLORUM.

3485 467 3507 531 1
3518 470 3608 532 82‘

330 596 352 629 ‹
397 594 475 646 μα
504 593 519 608 ο
551 575 686 632 ’1δοῦ
709 577 902 650 ἄνδρες
936 577 1162 650 ζητοῦσί
1183 597 1270 634 σε·
1305 581 1421 636 ἀλλ’
1468 584 1710 649 ἀναστας
1738 584 1911 639 κατά-

2075 585 2127 642 ei
2163 584 2404 657 Spiritus
2432 603 2448 642 :
2476 586 2617 643 Ecce
2638 584 2743 642 viri
2765 594 3019 656 qumrunt
3049 592 3138 641 te:
3184 600 3347 656 surge
3389 585 3595 658 itaque,

330 687 356 722 ε
397 667 547 739 δηθι,
583 669 679 724 καὶ
707 670 944 741 πορεύου
982 673 1082 727 σὺν
1117 673 1323 740 αὐτοῖς,
1374 675 1543 747 μηδὲν
1570 677 1916 750 διακρινόμε-

331 781 355 814 ‹
398 778 510 825 νος,
551 761 687 815 διότι
739 763 850 833 ἐγὼ
900 764 1219 821 ἀπέσταλκα
1275 767 1497 833 αύτούς.
1543 770 1804 833 Καταόἀς
1860 771 1918 826 δὲ

331 872 354 905 ε
402 854 614 926 Πέτρος
644 857 787 927 πρὸς
841 858 971 922 τοὺς
1027 859 1230 931 ἄνδρας
1286 862 1415 925 τοὺς
1470 863 1918 935 ἀπεσταλμένους

336 965 355 998 ι
397 946 511 1001 ἀπὸ
538 948 635 1001 τοῦ
672 949 976 1022 Κορνηλίου
1015 953 1153 1024 πρὸς
1186 954 1370 1028 αὐτὸν,
1414 952 1565 1008 εἶπεν
1591 973 1621 988 ·’
1647 957 1779 1012 Ἰδοὺ
1809 958 1920 1028 ἐγώ

336 1059 359 1090 ι
400 1041 605 1109 είμιδν
632 1020 867 1112 ζητεῖτε’.
901 1044 997 1109 Τίς
1035 1020 1076 1117 ἡ-
1109 1020 1273 1102 alti:
1306 1047 1374 1101 δι’
1421 1048 1488 1121 ἢν
1524 1050 1765 1122 πάρεστε
1798 1068 1812 1119 ;
1850 1020 1921 1107 ,οί

332 1151 356 1184 ι
395 1131 454 1185 δὲ
488 1128 645 1188 εἶπον
665 1149 681 1164 °
710 1136 1012 1208 Κορνήλιος
1044 1141 1072 1192 6
1097 1140 1525 1214 ἑκατοντάρχης,
1555 1142 1695 1215 ἀνὴρ
1714 1144 1923 1208 δίκαιος

334 1243 359 1276 ε
396 1225 490 1279 καὶ
521 1224 860 1299 φοϐούμενος
889 1229 982 1284 τὸν
1013 1230 1169 1297 Θεὸν,
1198 1233 1651 1306 μαρτυρούμενός
1709 1253 1770 1290 τε
1828 1239 1924 1291 καὶ

334 1335 357 1367 ι
396 1317 509 1372 ὑπὸ
537 1318 660 1372 ὅλου
683 1320 781 1374 τοῦ
832 1320 1167 1390 ἔθνους,τῶν
1224 1322 1513 1392 Ἰουδαίων,
1544 1327 1923 1400 ἐχρηματίσθη

333 1430 359 1463 ι
402 1412 509 1465 ύπὸ
526 1413 760 1482 ἀγγέλου
798 1414 977 1484 ἀγίου,
1008 1417 1476 1488 μεταπέμψασθαί
1499 1437 1557 1475 σε
1585 1424 1668 1487 είς
1723 1422 1815 1477 τὸν
1842 1419 1925 1477 οἷ-

335 1522 360 1556 (
398 1522 498 1559 κον
525 1506 715 1574 αὑτοῦ,
751 1510 847 1562 καὶ
876 1507 1110 1563 ἀκοῦσαι
1142 1511 1367 1582 ῥήματα
1389 1515 1539 1585 παρὰ
1573 1516 1688 1571 σοῦ.
1722 1518 1924 1572 Είσκα-

335 1617 361 1651 ε
394 1598 697 1671 λεσάμενος
726 1600 820 1657 οὖν
851 1605 1051 1669 αὐτοὺς
1096 1606 1325 1673 ἐξένισε.
1371 1610 1450 1682 Τῇ
1503 1609 1561 1664 δὲ
1607 1611 1871 1682 ἐπαύριον
1898 1613 1926 1667 6

336 1710 363 1745 ε
398 1695 608 1766 Πέτρος
643 1696 835 1769 ἐξῆλθε
861 1700 960 1755 σὺν
988 1702 1198 1767 αὐτοῖς,
1226 1703 1319 1757 καί
1353 1721 1503 1769 τινες
1542 1704 1654 1759 τῶν
1680 1704 1927 1776 ἀδελφῶν

340 1806 368 1840 ι
404 1789 515 1842 τῶν
545 1791 655 1844 ἀπὸ
675 1790 902 1863 Ἰόππης
939 1795 1201 1868 συνῆλθον
1228 1796 1397 1866 αὐτῷ.
1430 1798 1539 1852 Καὶ⁵
1568 1803 1634 1871 ττι
1665 1799 1927 1872 ἐπαύριον

339 1900 366 1935 ι
395 1881 648 1954 είσῆλθον
672 1886 751 1948 είς
772 1885 872 1956 τὴν
908 1887 1267 1961 Καισάρειαν.
1312 1890 1374 1946 '0
1412 1890 1470 1946 δὲ
1514 1893 1814 1964 Κορνήλιος
1858 1890 1928 1968 ἦν

342 1994 367 2027 σ
400 1976 722 2046 προσδοκῶν
762 1980 979 2049 αὐτοὺς,
1017 1984 1498 2056 συγκαλεσάμενος
1550 1963 1678 2052 τοὺς
1730 1963 1929 2059 συγγε-
1960 1963 2003 2019 Β

343 2085 367 2118 ι
403 2070 520 2134 νεῖς
577 2070 743 2124 αὐτοῦ
785 2075 881 2126 καὶ
927 2074 1054 2138 τοὺς
1104 2076 1436 2146 ἀναγκαίους
1492 2079 1698 2150 φίλους.
1753 2080 1841 2144 Ὣς
1872 2080 1930 2134 δὲ

347 2180 369 2212 ι
400 2160 622 2228 ἐγένετο
679 2164 941 2220 εἰσελθεῖν
968 2167 1061 2222 τὸν
1101 2168 1331 2242 Πέτρον,
1390 2173 1736 2243 συναντήσας
1783 2172 1933 2245 αύτῷ

345 2270 368 2306 ι
398 2255 428 2307 6
471 2253 771 2326 Κορνήλιος
803 2258 989 2313 πεσὼν
1027 2260 1257 2327 ὲπὶτοὺς
1296 2263 1464 2335 πόδας
1499 2265 1929 2337 προσεκύνησεν.

347 2362 368 2395 ι
418 2342 482 2400 ’0
503 2346 560 2399 δὲ
613 2348 819 2419 Πέτρος
859 2351 1023 2406 αὐτὸν
1067 2353 1284 2424 ἧγειρε,
1344 2354 1559 2425 λέγων·
1615 2356 1929 2429 Ἀνάστηθι,

351 2454 371 2488 ι
414 2434 575 2505 κάγὼ
614 2439 777 2503 αὐτὸς
805 2442 1094 2513 ἄνθρωπός
1117 2446 1255 2517 είμι.
1289 2447 1399 2500 Καὶ
1419 2449 1725 2521 συνομιλῶν
1760 2450 1930 2521 αὐτῷ,

272 2561 277 2563 -
350 2549 369 2582 ι
401 2531 643 2603 εἰσῆλθε,
668 2535 765 2588 καὶ
786 2532 1032 2607 εὑρίσκει
1084 2536 1515 2608 συνεληλυθότας
1548 2539 1799 2607 πολλοὺς,
1820 2543 1929 2615 ἔφη

349 2641 368 2673 ι
408 2641 471 2678 τε
502 2623 639 2695 πρὸς
664 2625 898 2690 αὐτούς·
932 2628 1126 2700 Ὑμεῖς
1183 2629 1502 2698 ἐπίστασθε,
1556 2631 1632 2697 ὠς
1675 2634 1932 2705 ἀθέμιτόν

348 2734 369 2768 ι
403 2715 554 2769 ἔστιν
608 2717 765 2789 ἀνδρί⁵
803 2719 1042 2791 Ἰουδαίῳ
1101 2720 1396 2777 κολλᾶσθαι
1443 2723 1477 2793 ἦ
1525 2725 1930 2798 προσέρχεσθαι

352 2825 373 2859 ι
407 2807 715 2882 ἀλλοφύλῳ.
766 2811 877 2865 Καὶ
910 2812 1034 2884 ἐμοὶ
1059 2813 1088 2866 6
1125 2813 1256 2878 Θεὸς
1281 2813 1470 2881 ἔδειξε,
1519 2817 1726 2888 μηδένα
1753 2820 1931 2873 κοινὸν

351 2917 372 2951 ι
404 2900 441 2972 ἦ
474 2901 784 2970 ἀκάθαρτον
839 2902 1020 2974 λέγειν
1069 2905 1360 2978 ἄνθρωπον
1388 2926 1403 2941 ο
1436 2909 1519 2963 διὸ
1555 2910 1647 2964 καὶ
1676 2911 1929 2986 ἀναντιρ-

272 2986 277 2989 “
351 3009 372 3043 ι
410 2992 592 3063 ρήτως
628 2986 793 3065 ἦλθον
824 2999 1261 3070 μεταπεμφθείς.
1296 3018 1314 3052 ι

417 3084 496 3154 Γῆ
522 3085 622 3154 μὲν
641 3088 673 3154 ἡ
705 3085 1002 3156 σινδὼν,τά
1031 3090 1087 3145 δὲ
1110 3091 1166 3146 ὲν
1189 3093 1329 3166 αὐτῇ
1363 3092 1553 3166 θηρία,
1579 3096 1629 3149 οἱ
1651 3093 1710 3160 ἐξ
1734 3093 1926 3149 ὲθνῶν.

341 3175 422 3228 Τὸ
459 3175 537 3240 δὲ,
573 3195 593 3228 ι
623 3177 796 3233 Θῦσον
827 3180 921 3234 καὶ
944 3182 1106 3251 φάγε,
1144 3201 1164 3236 ι
1195 3184 1279 3238 ὄτι
1320 3185 1610 3250 κάκείνους
1649 3187 1731 3240 δεῖ
1751 3204 1928 3258 προσ-

2030 695 2050 730 ι
2088 676 2363 757 descende
2389 686 2447 735 et
2475 677 2827 750 proficiscere
2859 693 2984 734 cum
3019 677 3102 735 eis
3142 677 3284 735 nihil
3314 679 3614 744 haesitans,

2031 789 2050 822 t
2089 770 2353 840 quoniam
2391 784 2495 842 ego
2518 769 2640 826 misi
2670 771 2814 827 illos.
2839 771 3190 827 Descendens
3212 769 3379 842 igitur
3401 769 3602 825 Petrus

2031 879 2050 912 ι
2094 861 2165 917 ad
2190 862 2342 917 viros
2377 862 2474 932 qui
2518 862 2671 918 missi
2704 874 2866 919 erant
2899 878 2931 917 a
2969 860 3232 919 Cornelio
3274 860 3343 916 ad
3396 858 3613 931 ipsum,

2034 974 2053 1008 t
2098 954 2286 1010 dixit:
2328 954 2473 1010 Ecce
2526 970 2629 1027 ego
2671 971 2792 1011 sum
2842 954 2934 1011 ille
2970 970 3134 1026 quem
3167 951 3434 1025 quaeritis.
3469 950 3603 1017 Quae

2034 1067 2053 1100 ι
2091 1063 2257 1104 causa
2276 1056 2361 1104 est
2382 1055 2614 1120 propter
2637 1062 2802 1118 quam
2828 1046 3103 1104 venistis?
3125 1049 3192 1102 At
3221 1046 3299 1101 illi
3321 1045 3609 1101 dixerunt:

2036 1160 2055 1194 ι
2093 1141 2383 1198 Cornelius
2412 1140 2686 1206 centurio,
2733 1141 2821 1197 vir
2850 1142 3032 1214 justus
3076 1156 3140 1197 ac
3180 1139 3382 1196 timens
3403 1136 3601 1201 Deum,

2036 1253 2054 1287 t
2094 1241 2149 1290 et
2175 1234 2553 1291 testimonium
2582 1234 2795 1291 habens
2808 1235 2877 1290 ab
2910 1234 3169 1289 universa
3199 1241 3361 1309 gente
3389 1230 3605 1288 Iudaeo-

2037 1346 2056 1378 ι
2097 1342 2245 1392 rum,
2282 1328 2569 1384 oraculum
2605 1326 2820 1399 accepit
2846 1326 2916 1382 ab
2958 1326 3152 1398 angelo
3182 1331 3371 1382 sancto
3402 1331 3465 1380 ut
3512 1336 3607 1377 ac-

2038 1439 2057 1472 t
2095 1429 2343 1477 cerseret
2369 1430 2423 1476 te
2454 1421 2509 1476 in
2535 1420 2759 1476 domum
2791 1435 2967 1485 suam,
2994 1428 3049 1475 et
3079 1419 3297 1474 audiret
3315 1416 3483 1473 verba
3507 1415 3606 1470 abs

2040 1530 2060 1565 ι
2100 1520 2173 1569 te.
2205 1512 2355 1568 Intro
2387 1521 2611 1569 vocatos
2644 1513 2810 1585 igitur
2833 1528 2930 1569 eos
2952 1510 3183 1583 ‘recepit
3214 1508 3472 1581 hospitio.
3509 1505 3613 1564 Se-

2040 1623 2059 1655 t
2094 1606 2286 1676 quenti
2316 1621 2452 1661 vero
2482 1603 2571 1661 die
2594 1605 2792 1662 Petrus
2818 1603 3101 1677 profectus
3126 1612 3212 1661 est
3239 1617 3366 1660 cum
3397 1600 3527 1667 illis,
3551 1607 3610 1655 et

2041 1714 2060 1749 ι
2098 1695 2325 1768 quidam
2349 1713 2417 1752 ex
2442 1696 2708 1754 fratribus
2735 1696 2830 1768 qui
2863 1697 2932 1753 ab
2963 1695 3137 1768 Joppe
3161 1700 3339 1757 erant,
3361 1688 3611 1749 comitati

2043 1808 2060 1841 t
2105 1797 2238 1844 sunt
2286 1804 2439 1846 eum.
2502 1787 2776 1846 Postridie
2823 1803 2955 1845 vero
3011 1785 3242 1859 ingressi
3273 1794 3405 1842 sunt
3431 1783 3611 1840 Caesa-

2042 1900 2061 1935 ι
2098 1896 2270 1937 ream.
2297 1882 2470 1938 Porro
2483 1880 2774 1938 Cornelius
2787 1879 3141 1952 exspectabat
3155 1894 3270 1941 eos,
3292 1874 3610 1934 convocatis

2038 1993 2057 2027 ι
2098 1974 2348 2046 cognatis
2371 1975 2489 2031 suis
2518 1991 2584 2031 ac
2606 1975 2938 2031 necessariis
2964 1974 3176 2031 amicis.
3194 1973 3306 2046 96
3324 1972 3395 2029 Ut
3423 1977 3606 2025 autem

2040 2087 2059 2121 ‹
2099 2067 2331 2140 contigit
2359 2067 2615 2124 introisse
2639 2067 2885 2132 Petrum,
2925 2067 3144 2123 obviam
3193 2078 3519 2138 progressus
3559 2060 3610 2117 ei

2040 2180 2059 2213 ι
2097 2160 2389 2219 Cornelius
2419 2161 2691 2227 adoravit,
2722 2161 3020 2234 procidens
3048 2160 3116 2217 ad
3162 2160 3332 2231 pedes
3357 2158 3511 2230 'ejus.
3542 2155 3613 2211 At

2041 2276 2060 2308 t
2102 2255 2299 2311 Petrus
2338 2255 2516 2311 erexit
2551 2270 2702 2321 eum,
2753 2255 2944 2310 dicens
2981 2271 2994 2309 :
3025 2252 3221 2325 Surge,
3267 2259 3325 2307 et
3347 2265 3449 2322 ego
3495 2249 3625 2318 ipse

2041 2370 2060 2404 ι
2099 2350 2266 2406 homo
2289 2364 2433 2406 sum.
2453 2350 2521 2406 Et
2544 2351 2866 2421 colloquens
2884 2362 3009 2404 cum
3039 2347 3134 2402 illo
3163 2343 3411 2408 intravit,
3437 2340 3612 2397 oﬂ‘en-

2042 2460 2062 2494 ‹
2098 2441 2291 2513 ditque
2322 2441 2551 2508 multos,
2588 2439 2685 2511 qui
2710 2445 3109 2502 convenerant,
3141 2443 3198 2492 et
3226 2434 3303 2491 ait
3340 2432 3408 2488 ad
3438 2431 3565 2485 illos
3593 2445 3608 2482 :

2042 2552 2061 2586 t
2095 2534 2205 2589 Vos
2242 2532 2400 2588 scitis
2425 2547 2537 2587 non
2573 2546 2693 2588 esse
2733 2531 2815 2587 fas
2840 2532 2965 2587 viro
2985 2529 3175 2587 Judan
3226 2522 3484 2598 conjungi
3516 2532 3613 2577 aut

2042 2644 2061 2677 ι
2107 2625 2377 2680 accedere
2412 2623 2479 2680 ad
2515 2623 2879 2696 alienigenam
2910 2641 2924 2678 :
2961 2624 3107 2678 Deus
3158 2629 3343 2683 tamen
3371 2614 3614 2673 ostendit

2039 2733 2058 2767 ι
2099 2716 2237 2771 mihi
2280 2717 2497 2772 nullum
2551 2730 2902 2773 communem
2971 2724 3067 2770 aut
3115 2712 3461 2769 immundum
3500 2707 3612 2766 dici

2039 2824 2061 2857 r
2097 2804 2378 2861 hominem
2410 2822 2425 2859 :
2463 2814 2800 2883 quapropter
2829 2805 2997 2864 etiam
3047 2804 3435 2861 incunctanter
3481 2796 3658 2857 veni.

2040 2916 2060 2948 ι
2099 2896 2419 2954 accersitus.
2464 2916 2484 2950 ι

2101 3081 2270 3139 Terra
2302 3082 2526 3154 quidem
2565 3081 2766 3139 sindon
2799 3089 2909 3148 est,
2935 3080 3129 3138 bestia
3152 3093 3287 3138 vero
3317 3078 3527 3153 quaevi‘n
3543 3092 3627 3136 ea.

2031 3186 2210 3243 erant,
2240 3187 2435 3249 gentes
2481 3186 2630 3232 sunt.
2661 3176 2879 3232 Dicitur
2926 3185 3133 3242 autem,
3165 3195 3183 3226 ι
3213 3175 3387 3231 Macta
3413 3181 3471 3230 et
3512 3187 3611 3229 ve-

344 3268 507 3326 ιέναι.
562 3270 930 3344 Τὸδὲτρίτον
977 3275 1137 3331 τοῦτο
1184 3275 1460 3346 γενέσθαι,
1511 3278 1574 3332 τὸ
1621 3278 1926 3352 βάπτισμα.

2038 3285 2213 3336 scere,
2250 3289 2269 3322 ι
2308 3269 2453 3340 quod
2487 3270 2654 3324 etiam
2682 3269 2806 3325 illos
2830 3276 3084 3340 oporteat
3114 3267 3400 3324 accedere.
3422 3266 3624 3323 Tertio

356 3362 449 3426 Ὠς
477 3362 534 3417 δὲ
555 3363 808 3438 διηπόρει
830 3368 858 3421 6
887 3366 1116 3441 Πέτρος,
1143 3369 1419 3442 εὐκαίρως
1446 3366 1613 3443 ἦλθον
1643 3374 1691 3427 oi
1716 3374 1929 3444 ἄνδρες,

338 3453 443 3526 τὴν
476 3455 728 3528 ἀπορίαν,
761 3456 998 3523 λύοντες.
1036 3460 1289 3527 Εὐκόλως
1321 3462 1432 3539 γὰρ
1471 3464 1505 3534 ἡ
1528 3463 1673 3536 ψυχὴ
1720 3464 1933 3537 δέχεται

338 3548 443 3619 τὴν
479 3547 656 3603 λύσιν.
694 3550 969 3626 Πρότερον
1001 3552 1058 3607 δὲ
1090 3555 1148 3610 ὲν
1184 3555 1390 3630 ἀπορίᾳ
1452 3557 1691 3626 ἐγένετο,
1744 3556 1932 3631 ὥσπερ

350 3637 444 3689 καὶ
472 3639 502 3691 6
528 3638 730 3711 Ἰωσὴφ
781 3643 1047 3716 πρότερον
1102 3648 1459 3720 συνεχωρήθη
1488 3648 1807 3720 θορυϐἧναι,
1838 3650 1934 3706 καὶ

340 3729 465 3783 τότε
500 3726 665 3801 ἦλθεν
703 3735 731 3788 6
777 3734 1028 3804 ἅγγελος.
1061 3754 1079 3787 ι
1119 3736 1233 3791 Καὶ
1299 3739 1649 3812 φωνήσαντες
1691 3742 1931 3796 ἐπυνθά-

338 3840 517 3879 νοντο.
543 3842 562 3876 ι
598 3825 728 3879 "Are
750 3827 839 3892 ,είς
865 3827 1055 3900 εὐτελῆ
1077 3828 1256 3885 οίκίαν
1268 3832 1517 3887 κάτωθεν
1545 3816 1930 3903 ἐπυνθάνοντο,

338 3914 441 3968 καὶ
480 3915 542 3969 ού
570 3916 822 3985 γείτονας
856 3919 1108 3992 ἠρώτων.
1149 3921 1329 3995 Πολλὴ
1377 3923 1434 3979 δὲ
1485 3925 1579 3981 τοῦ
1614 3908 1933 3998 Πνεύματος

342 4008 379 4075 ἡ
411 4006 631 4072 ἐξουσία
658 4010 926 4077 είπόντος,
960 4013 1042 4068 δτι
1083 4033 1102 4065 ι
1124 4015 1270 4084 Ἐγὼ
1293 4004 1618 4074 ἀπέσταλκα
1646 4020 1871 4087 αὐτούς.
1904 4041 1922 4073 ι

341 4097 608 4164 Κατασάς
638 4100 929 4175 δὲΠέτρος
986 4103 1085 4179 τὴν
1136 4108 1313 4165 αἰτίαν
1384 4110 1712 4167 πυνθάνεται
1740 4112 1830 4167 διά
1858 4113 1934 4179 τί,

342 4192 435 4245 ἵνα
467 4192 536 4245 ἂν
562 4193 663 4263 μὲν
694 4194 899 4262 εὐθέως
933 4201 1261 4276 κατεπείγῃ,
1295 4204 1610 4279 συνεξέλθῃ,
1640 4205 1706 4260 ἂν
1743 4205 1801 4261 δὲ
1833 4207 1932 4278 μὴ,

344 4284 435 4338 ἵνα
470 4284 655 4359 ξενίσῃ
690 4287 888 4355 αὐτοὺς
914 4291 995 4355 είς
1020 4292 1114 4346 τὸν
1143 4289 1314 4350 οἶκον.
1354 4295 1428 4350 Τὸ
1483 4296 1539 4351 δὲ
1581 4298 1934 4355 συναπελθεῖν

338 4377 424 4445 τῷ
458 4376 656 4448 Πέτρῳ
686 4380 841 4445 τινὰς
887 4380 1120 4437 τῶνάπὸ
1172 4384 1400 4458 Ἰόππης
1457 4387 1724 4459 ἀδελφῶν,
1790 4390 1936 4444 οίκο-

343 4468 616 4538 νομικῶς.
647 4468 811 4524 Ὥστε
860 4467 1000 4527 εἶναι
1055 4473 1313 4549 μάρτυρα
1367 4477 1507 4548 μετά
1555 4478 1750 4550 ταῦτα,
1805 4481 1934 4535 ὅταν

344 4559 791 4630 ἀπολογήσασθαι
816 4563 910 4637 δὲῃ
936 4566 1143 4637 Πέτρον
1190 4569 1328 4641 πρὸς
1359 4571 1486 4636 τοὺς
1540 4572 1811 4643 μαθητὰς,
1850 4574 1933 4627 ὅτι

2038 3377 2171 3418 vero
2194 3362 2248 3417 id
2276 3361 2417 3428 fieri,
2442 3361 2717 3432 baptisma
2741 3362 2987 3417 denotat.
3011 3360 3149 3417 Cum
3172 3376 3307 3417 vero
3332 3359 3613 3417 haesitaret

2034 3454 2255 3520 Petrus,
2291 3462 2605 3526 opportune
2625 3461 2900 3510 venerunt
2952 3453 3081 3520 viri,
3117 3453 3210 3525 qui
3243 3452 3611 3510 haasitantiam

2036 3548 2337 3604 solverent.
2366 3547 2566 3602 Anima
2590 3546 2738 3604 enim
2777 3546 3109 3602 solutionem
3154 3545 3313 3602 facile
3354 3546 3611 3617 suscipit.

2035 3642 2280 3698 Primum
2306 3650 2487 3696 tamen
2518 3640 2573 3696 in
2597 3639 2956 3711 ambiguitate
2974 3638 3078 3695 fuit
3109 3639 3613 3710 :quemadmodum

2034 3743 2091 3792 et
2115 3734 2319 3806 Josepb
2350 3735 2654 3806 permissus
2695 3741 2780 3790 est
2834 3733 3074 3806 primum
3107 3732 3342 3799 turbari,
3374 3740 3432 3789 et
3480 3739 3613 3788 tunc

2034 3830 2186 3886 venit
2216 3830 2446 3902 angelus
2473 3831 2541 3885 '°.
2601 3848 2620 3881 ι
2658 3829 2728 3884 Et
2756 3836 2986 3885 evocato
3016 3826 3278 3899 quopiam
3306 3824 3613 3896 interroga-

2035 3922 2190 3991 bant,
2224 3942 2243 3974 ›
2278 3938 2390 3977 non
2414 3938 2444 3979 a
2476 3920 2676 3981 vicinis
2699 3920 3074 3991 inquirebant.
3100 3919 3291 3992 Magna
3321 3928 3406 3976 est
3430 3928 3613 3976 autem

2037 4010 2276 4083 Spiritus
2297 4012 2590 4077 autoritas,
2612 4010 2708 4081 qui
2739 4011 2817 4065 ait
2853 4027 2868 4065 :
2909 4030 2926 4059 ι
2955 4010 3073 4083 Ego
3095 4009 3219 4069 misi
3249 4011 3393 4067 illos.
3434 4031 3455 4064 ›
3503 4011 3611 4069 De-

2036 4103 2308 4161 scendens
2329 4112 2513 4159 autem
2544 4101 2918 4173 interrogabat
2950 4117 3171 4158 causam
3194 4111 3421 4174 propter
3447 4120 3613 4176 quam

2034 4194 2310 4261 venerint,
2335 4194 2457 4250 utsi
2486 4194 2710 4264 quidem
2746 4191 3037 4250 confestim
3071 4208 3299 4249 necesse
3341 4194 3433 4261 sit,
3483 4211 3615 4253 con-

2036 4287 2359 4359 grediatur:
2388 4286 2471 4342 sin
2501 4297 2710 4356 autem,
2741 4293 2802 4343 ut
2844 4287 2971 4342 illos
2993 4285 3050 4341 in
3070 4284 3295 4341 domum
3346 4286 3615 4360 suscipiat

2035 4380 2295 4452 hospitio.
2317 4379 2474 4448 Quod
2504 4380 2675 4435 etiam
2701 4379 2953 4437 nonnulli
2986 4378 3242 4446 fratrum,
3264 4378 3359 4450 qui
3386 4393 3417 4434 a
3439 4380 3613 4450 Joppe

2035 4481 2195 4530 erant
2232 4473 2394 4529 simul
2423 4473 2665 4531 abierint
2697 4488 2823 4530 cum
2848 4473 3034 4539 Petro,
3061 4470 3477 4544 dispensatorie
3497 4471 3615 4529 fac-

2038 4575 2152 4623 tum
2188 4575 2386 4633 est,ne
2415 4566 2765 4638 postmodum
2786 4565 3100 4622 testimonia
3126 4566 3292 4622 Petro
3326 4565 3611 4631 deessent,

345 4650 444 4704 xal.
494 4650 739 4726 διεκρίθη
772 4654 877 4708 ὑπὸ
918 4658 1011 4712 τοῦ
1058 4658 1379 4732 Πνεύματος
1422 4662 1498 4734 μὴ
1538 4663 1930 4738 διακρίνεσθαι.

2039 4659 2257 4731 quando
2282 4657 2461 4731 ipsum
2487 4658 2750 4715 fratribus
2780 4658 3118 4732 respondere
3137 4666 3438 4729 oporteret,
3462 4656 3621 4729 quod.

346 4742 420 4795 Τὸ
453 4742 724 4814 θηριῶδές
770 4764 829 4801 τε
865 4749 959 4802 καὶ
1016 4749 1211 4822 ἄλογον
1267 4748 1409 4820 εἶδος
1468 4753 1580 4810 τῶν
1629 4757 1934 4831 ἀνθρώπων

345 4832 514 4888 θῦσαι
539 4835 570 4886 6
598 4836 807 4908 Πέτρος
835 4839 1236 4909 διακελεύεται,
1286 4845 1375 4899 ἴνα
1404 4846 1793 4919 καθαρθέντων
1839 4848 1936 4904 αύ-

343 4925 457 4978 τῶν
482 4927 545 4980 τὸ
571 4923 895 5000 λειπόμενον
927 4930 1186 5004 ἐδώδιμον
1244 4935 1492 5010 γένηται.
1535 4938 1765 5013 Γυμνῶς
1787 4941 1815 4995 6
1836 4942 1936 5013 τῆς

345 5015 637 5107 εὐσεϐείας
662 5021 1014 5092 παραδίδοται
1037 5024 1216 5094 λόγος,
1252 5030 1352 5101 οὐχ
1384 5029 1531 5099 ἅπαξ
1560 5032 1822 5106 εἰπούσης
1837 5036 1936 5107 τῆς

344 5106 496 5171 θείας
528 5111 734 5182 φωνῆς,
763 5115 845 5169 ὅτι
879 5116 977 5171 ούκ
1008 5116 1127 5172 ἔστι
1156 5121 1336 5175 κοινὸν
1372 5123 1511 5196 ὅπερ
1558 5128 1585 5180 6
1622 5125 1755 5191 Θεὸς
1802 5106 1932 5183 ἐκαυ

345 5198 595 5269 θάρισεν,
630 5201 765 5258 ἀλλά
792 5206 916 5277 τρίς
948 5222 962 5236 ⁶
1007 5207 1097 5263 ἵνα
1131 5211 1394 5283 μάθωμεν
1416 5216 1481 5286 τῇ
1503 5217 1601 5288 μιᾷ
1627 5221 1777 5290 φωνῇ
1799 5218 1932 5274 Θεὸν

347 5291 723 5364 καθαρίζονται
750 5295 843 5350 τὸν
867 5297 1109 5371 Πατέρα,
1138 5301 1235 5356 καὶ
1248 5306 1315 5376 τῇ
1345 5306 1510 5378 ἑτέρᾳ
1538 5306 1672 5361 Θεὸν
1694 5309 1929 5380 καθαρί-

348 5382 513 5446 ζοντα
539 5384 632 5440 τὸν
648 5387 951 5462 Μονογενῆ,
972 5394 1066 5447 καὶ
1097 5398 1164 5467 τῇ
1188 5397 1323 5472 ἄλλῃ
1343 5398 1404 5451 τὸ
1432 5399 1660 5471 Πνεῦμα
1680 5401 1740 5456 τὸ
1751 5401 1928 5472 ἅγιον.

352 5477 512 5541 Ἴσως
540 5480 635 5532 ἐπὶ
655 5480 870 5549 ,γόνατα
895 5485 1147 5556 κείμενος
1175 5484 1282 5543 εἶδε
1320 5490 1419 5561 τὴν
1456 5491 1748 5549 ὀπτασίαν.
1798 5493 1875 5547 Δι’
1903 5493 1931 5547 6

350 5568 445 5620 καὶ
466 5570 499 5638 η
534 5570 685 5642 φωνὴ
710 5572 847 5643 πρὸς
872 5575 1055 5644 αὑτὸν,
1084 5596 1102 5628 ι
1124 5577 1410 5645 Ἀναστὰς,
1437 5581 1635 5654 Πέτρε,
1656 5582 1809 5654 φησὶ,
1831 5583 1930 5637 θῦ-

352 5675 444 5713 σον
479 5663 573 5714 καὶ
618 5663 780 5733 φάγε.
813 5685 832 5718 ι
871 5667 1159 5725 Δείκνυται
1200 5670 1255 5725 δὲ
1291 5671 1373 5726 ὅτι
1432 5672 1575 5728 θεῖον
1605 5668 1673 5746 ἦν
1694 5673 1754 5726 τὸ
1782 5674 1930 5742 γινό-

357 5768 538 5823 μενον,
561 5756 624 5808 τό
643 5774 703 5810 τε
733 5757 940 5817 ἄνωθεν
970 5763 1120 5833 ἰδεῖν,
1151 5765 1246 5821 καὶ
1278 5766 1336 5821 ὲν
1373 5766 1628 5826 ἐκστάσει
1674 5767 1929 5838 γενέσθαι

427 5933 472 5967 ’⁸
501 5933 651 5991 Matt.
678 5952 721 6002 ι,
742 5936 832 5992 ‘20.

2037 4753 2201 4808 etiam
2246 4749 2560 4823 prohibitus
2587 4760 2753 4816 esset,
2784 4766 2852 4806 ne
2896 4750 3196 4821 quidquam
3249 4749 3611 4822 adiudicaret.

2037 4846 2297 4902 Ferinum
2349 4861 2413 4901 ac
2463 4844 2787 4900 irrationale
2838 4843 3126 4898 hominum
3183 4858 3356 4916 genus
3413 4843 3617 4901 Petrus

2036 4948 2279 4994 mactare
2312 4937 2559 5010 iubetur,
2614 4945 2677 4992 ut
2728 4935 2870 5007 ipsis
2906 4933 3214 5007 puriﬂ‘catis
3253 4935 3459 4994 edibile
3516 4935 3614 4993 fiat

2037 5017 2186 5105 quod
2240 5029 2591 5101 relinquitur.
2634 5028 2792 5084 Nudc
2835 5027 3074 5087 traditur
3129 5029 3354 5102 pietatis
3401 5043 3611 5096 sermo,

2038 5138 2163 5181 cum
2193 5138 2305 5178 non
2344 5122 2512 5177 semel
2541 5120 2729 5176 divina
2756 5136 2892 5176 voce
2916 5120 3124 5179 dicitur
3152 5137 3262 5177 non
3286 5137 3408 5178 esse
3456 5138 3611 5178 com-

2039 5231 2206 5272 mune
2235 5213 2381 5285 quod
2408 5214 2556 5270 Deus
2579 5214 2913 5286 purificavit,
2947 5214 3043 5270 sed
3080 5214 3243 5271 tertio
3275 5230 3290 5269 :
3319 5223 3380 5270 ut
3434 5215 3618 5287 prima

2035 5321 2172 5361 voce
2203 5305 2482 5360 discamus
2504 5305 2724 5362 Patrem
2750 5320 2873 5361 esse
2896 5305 3070 5360 Deum
3099 5305 3205 5376 qui
3223 5303 3498 5375 purificat,
3527 5305 3612 5359 al-

2040 5409 2152 5453 tera
2181 5396 2535 5469 Unigenitum
2563 5413 2786 5469 quoque
2811 5413 2932 5454 esse
2957 5397 3130 5454 Deum
3179 5396 3283 5468 qui
3327 5394 3612 5466 purificat,

2041 5490 2201 5546 tertia
2233 5499 2500 5560 praetcrea
2548 5499 2799 5546 sanctum
2826 5488 2982 5544 illum
3015 5488 3308 5560 Spiritum.
3338 5488 3617 5544 Fortassis

2040 5582 2279 5655 genibus
2325 5582 2599 5639 inliaarens
2647 5583 2862 5638 viderat
2896 5581 3176 5638 "visionem
3241 5599 3255 5636 :
3322 5585 3613 5652 prepterea

2037 5675 2205 5730 etiam
2232 5690 2336 5731 vox
2368 5674 2436 5731 ad
2463 5674 2621 5730 illum
2655 5673 2733 5730 ait
2761 5690 2774 5728 :
2813 5692 2832 5727 ι
2871 5655 3087 5745 ειπερ(
3110 5673 3294 5738 Petre,
3341 5680 3522 5727 macta
3554 5677 3618 5726 et

2038 5784 2286 5825 vescere.
2326 5788 2344 5823 ι
2382 5766 2636 5825 Ostendit
2673 5776 2858 5824 autem
2899 5767 3149 5822 divinum
3186 5780 3309 5822 esse
3332 5762 3483 5836 quod
3516 5778 3629 5819 ενα-ι
