4024 6546
1497 393 1890 459 (ECUMENII
1931 403 2217 466 TRlCCxE
2247 409 2587 476 EPISCOI’I

441 504 612 558 porne
635 490 835 548 viderit
860 503 916 550 et
936 495 991 552 in
1012 501 1212 556 mentis
1232 517 1460 557 excessu
1486 505 1717 574 positus,
1741 509 1849 580 97
1887 521 1975 567 tun

441 580 583 605 ,ιη-..ΑΔ
617 597 719 605 η-..
747 585 865 605 2...]-
924 587 963 605 τι
1021 604 1026 605 ,
1128 592 1141 605 ι
1213 593 1224 605 ε
1520 598 1533 605 -
1697 604 1700 605 ,

2105 523 2196 576 καὶ
2229 525 2290 578 τὸ
2324 527 2508 597 φωνὴν
2536 527 3066 602 ἐκεῖθενένεχθῆναι,
3097 532 3268 587 καὶτὸ
3315 535 3434 604 τρὶς
3476 537 3670 605 ὁμολο-

438 580 585 649 quod
617 597 722 638 vox
745 585 874 642 inde
905 587 1273 659 descenderit,
1305 607 1360 651 et
1388 598 1536 667 quod
1582 604 1743 658 tertio
1766 605 1856 660 illa
1881 622 1975 664 esst

2104 615 2269 684 γῆσαι
2297 580 2379 671 ὅτι
2406 580 2780 692 ἀκάθαρταῆν
2801 580 3010 678 έέεῐύα.
3035 580 3144 677 {Cat
3158 625 3219 678 τὸ
3251 580 3464 680 sicci-02v
3488 580 3668 696 ἦΓκειν,

439 670 656 743 impura
685 683 915 735 testatus
932 681 1021 737 sit.
1047 683 1314 741 Praeterea
1333 689 1481 758 quod
1507 706 1538 747 e
1563 693 1702 748 caelo
1724 698 1997 766 venerim,

433 778 610 834 coque
641 774 876 824 retracta
904 772 1035 838 sint,
1073 790 1328 847 magnum
1371 789 1455 835 est
1485 783 1884 852 puriﬁcationis
1911 805 1999 844 ar-

431 865 773 924 gumentum.
811 860 926 917 Hoc
945 872 1128 919 autem
1154 881 1378 939 pr0pter
1407 872 1526 928 illos
1552 887 1733 931 actum
1761 891 1846 936 est
1877 883 1998 950 qui-

430 944 535 1002 bus
568 949 919 1018 postmodum
948 969 1065 1010 rem
1087 971 1412 1018 narraturus
1441 975 1544 1019 est.
1570 967 1688 1035 lpse
1716 971 1991 1040 siquidem

427 1035 696 1106 audierat,
729 1060 749 1094 ‹
782 1042 841 1098 In
869 1046 1010 1102 viam
1038 1051 1281 1120 gentium
1313 1071 1381 1111 ne
1404 1058 1651 1116 abieritis
1675 1064 1738 1115 “.
1835 1065 1991 1132 Quod

427 1127 559 1184 item
595 1147 701 1187 vox
727 1137 891 1192 tertio
920 1137 1065 1196 facta
1103 1152 1208 1209 est,
1240 1149 1480 1203 ostendit
1501 1151 1603 1220 ipsi
1637 1154 1867 1211 visionis
1890 1173 1987 1214 ve-

426 1219 666 1278 ritatem.
693 1225 1039 1286 Manifestum
1063 1245 1147 1290 est
1178 1247 1365 1294 autem
1397 1219 1544 1313 quod
1576 1262 1686 1302 non
1723 1248 1791 1304 de
1813 1253 1990 1307 omni-

426 1310 529 1367 bus
574 1314 715 1372 cibis
771 1324 1190 1388 pronuntiatum
1215 1344 1335 1386 esse
1379 1348 1688 1393 sermonem
1727 1342 1984 1413 voluerit,

422 1415 532 1470 quo
573 1405 693 1459 ait:
733 1426 751 1458 ι
789 1409 1079 1482 Nunquam
1125 1417 1214 1472 edi
1246 1421 1545 1493 quidquam
1577 1444 1864 1488 commune
1892 1405 1988 1491 aut

423 1492 790 1566 immundum,
822 1521 840 1553 ι
876 1512 936 1558 ιιι
976 1513 1032 1560 et
1057 1506 1226 1564 boves
1245 1520 1300 1567 et
1329 1529 1507 1585 caprae
1527 1533 1768 1592 avesque
1793 1539 1858 1579 ac
1882 1541 1984 1580 vo-

421 1585 602 1644 lucres
633 1596 946 1653 communia
974 1599 1118 1669 apud
1140 1615 1266 1657 eum
1297 1604 1638 1680 dicerentur,
1691 1631 1815 1672 cum
1838 1633 1867 1672 a
1890 1619 1985 1674 Ju-

419 1675 552 1756 dzeis
575 1690 730 1738 ortus
759 1697 904 1742 esset
945 1687 1160 1747 Petrus.
1189 1693 1326 1751 Nam
1354 1697 1527 1758 Judaei
1567 1675 1760 1763 carnes
1788 1708 1981 1778 edunt,

418 1783 523 1824 nec
562 1773 707 1841 apud
737 1789 834 1831 eos
867 1777 1221 1841 interdicitur
1247 1789 1498 1845 carnium
1532 1809 1682 1851 esus.
1718 1795 1855 1853 Cum
1877 1800 1981 1857 ita-

418 1877 524 1932 que
556 1863 672 1934 ipse
701 1866 770 1922 ab
795 1869 953 1927 initio
976 1875 1201 1944 edisset,
1234 1882 1533 1938 autsaltem
1555 1885 1731 1943 donec
1767 1891 1832 1945 ad
1855 1890 1977 1948 Sal-
2014 1879 2057 1935 Β

415 1961 662 2010 vatorem
715 1961 1064 2030 accessisset,
1107 1968 1461 2026 manifestum
1504 1988 1588 2030 est
1635 1987 1784 2034 certe
1836 1981 1984 2050 quod

414 2059 524 2098 non
579 2047 964 2108 universaliter
991 2061 1455 2128 pronuntiaverit,
1490 2066 1682 2125 dicens
1715 2088 1729 2125 :
1774 2089 1792 2123 ι
1821 2071 1984 2128 Com-

412 2153 580 2196 mune
613 2150 668 2196 et
693 2141 1058 2214 immundum,
1101 2170 1120 2203 ι
1153 2152 1248 2209 sed
1275 2151 1342 2210 de
1367 2155 1592 2227 hisqua:
1619 2161 1707 2216 lex
1736 2177 1982 2222 commu-

409 2227 502 2284 nia
535 2229 755 2291 diccbat
780 2244 835 2290 et
866 2236 1170 2297 immunda.
1202 2243 1270 2301 Et
1302 2254 1484 2304 tamen
1511 2267 1635 2308 cum
1683 2253 1750 2311 de
1781 2255 1870 2313 liis
1894 2257 1980 2314 fa-

411 2328 564 2376 ceret
609 2323 806 2383 Petrus
884 2345 1222 2402 sermonem,
1265 2355 1387 2409 qua
1427 2341 1482 2396 in
1517 2345 1637 2416 lege
1666 2351 1980 2408 communia

409 2420 567 2466 erant
595 2422 650 2469 et
679 2416 980 2489 immunda,
1018 2423 1161 2481 Deus
1187 2429 1280 2496 qui
1314 2441 1516 2489 sanctae
1546 2433 1750 2494 Christi
1786 2439 1980 2498 Eccle-

408 2503 502 2558 siae
531 2504 746 2576 signum
783 2511 1100 2582 tradiderat,
1136 2518 1273 2574 nihil
1318 2521 1420 2592 ipsi
1450 2539 1742 2586 commune
1787 2532 1978 2590 existi-

405 2599 668 2655 mandum
695 2602 954 2670 ducebat,
979 2611 1165 2665 omnia
1190 2628 1426 2687 namque
1451 2619 1555 2690 ipsi
1587 2624 1794 2681 munda
1845 2637 1977 2684 sunt

413 2707 432 2742 ι
469 2706 592 2760 quae
635 2708 760 2750 cum
809 2699 1108 2769 gratiarum
1147 2705 1362 2764 actione
1387 2724 1681 2770 sumuntur
1700 2717 1770 2772 θ’.
1807 2737 1826 2771 ›
1866 2719 1974 2777 Sed

405 2796 716 2854 quanquam
738 2787 804 2844 de
829 2793 1071 2860 gentium
1091 2798 1379 2856 vocatione
1392 2803 1767 2865 subobscurus
1791 2826 1974 2869 sermo

403 2871 591 2942 fuerit,
611 2892 680 2931 ne
708 2893 806 2936 eos
833 2883 926 2952 qui
957 2884 1012 2940 in
1034 2891 1304 2959 praeputio
1326 2904 1485 2950 erant
1505 2912 1828 2960 communes
1878 2915 1974 2961 aut

405 2964 651 3038 impuros
675 2986 795 3030 esse
825 2975 1274 3046 dicerent,vPetri
1298 2993 1477 3043 tamen
1507 3004 1689 3049 sermo
1721 2996 1972 3055 homines

405 3074 514 3114 non
533 3061 874 3135 designabat,
899 3069 996 3126 sed
1019 3087 1083 3127 ea
1104 3089 1226 3144 qua:
1246 3075 1303 3131 in
1328 3077 1450 3151 lege
1478 3080 1771 3142 interdicta
1789 3097 1968 3157 erant,

403 3162 571 3222 prout
600 3154 1041 3218 demonstratum
1075 3173 1180 3222 est.

479 3264 498 3298 ι
537 3246 816 3323 Interrogo
858 3268 988 3325 ergo
1044 3271 1208 3330 quam
1261 3260 1334 3318 ob
1379 3278 1603 3322 causam
1656 3272 1974 3332 accersistis

403 3352 509 3391 me.
561 3357 580 3391 ι

469 3426 588 3483 Jam
617 3428 814 3490 Petrus
837 3450 950 3491 rem
984 3453 1196 3496 omnem
1233 3445 1397 3501 etiam
1426 3464 1455 3502 a
1491 3451 1757 3510 militibus
1783 3457 1973 3515 audie-

402 3531 508 3588 rat,
537 3524 632 3581 sed
655 3526 769 3582 vult
799 3531 1033 3599 primum
1056 3549 1150 3591 eos
1183 3539 1456 3605 conﬁteri,
1482 3558 1545 3599 ac
1573 3545 1696 3602 ﬁdei
1719 3550 1971 3608 subditos

401 3614 560 3669 t'mCi.

473 3705 538 3774 Χ,
573 3709 663 3765 50.
695 3730 714 3763 ι
759 3711 821 3767 Et
852 3713 1142 3775 Cornelius
1174 3719 1312 3776 dixit
1339 3741 1352 3777 :
1391 3725 1434 3778 A
1475 3736 1672 3795 quarto
1701 3747 1874 3802 usque
1901 3736 1968 3791 ad

404 3818 423 3851 ι
455 3799 595 3855 hanc
626 3801 816 3858 horam
853 3806 940 3862 die
966 3805 1302 3881 jejunabam,
1329 3823 1385 3871 et
1413 3817 1545 3874 hora
1567 3835 1712 3878 noua
1742 3825 1966 3883 orabam

403 3907 423 3940 ι
459 3889 514 3944 in
550 3887 715 3947 domo
744 3908 882 3948 mea.
927 3914 944 3948 ι

468 3981 696 4040 Videtur
729 3984 819 4042 hic
843 3988 947 4044 sibi
983 3989 1087 4062 ipsi
1125 3995 1460 4066 asperiorem
1494 3999 1704 4058 vivendi
1745 4006 1965 4064 modum

397 4075 717 4145 praeﬁxisse,
767 4079 932 4153 idque
977 4086 1144 4144 certis
1197 4089 1526 4158 quibusdam
1577 4093 1790 4154 diebus.
1833 4097 1965 4157 Ideo

394 4169 538 4224 enim
558 4169 695 4227 dixit
725 4189 739 4228 :
771 4191 790 4226 ι
817 4174 861 4228 Α
893 4185 1092 4247 quarto
1121 4179 1231 4237 die.
1267 4199 1286 4234 ι
1323 4182 1552 4250 Quando
1583 4202 1712 4260 ergo
1740 4201 1966 4262 apparet

396 4258 497 4330 ipsi
521 4263 768 4334 angelus,
805 4265 894 4324 hic
925 4269 1041 4326 dies
1073 4287 1215 4326 unus
1245 4280 1351 4341 est,
1391 4275 1531 4330 alter
1557 4258 1737 4334 autem
1774 4258 1828 4336 is
1855 4297 1964 4352 quo

395 4353 667 4422 abierunt,
687 4358 780 4424 qui
804 4373 834 4412 a
857 4359 1110 4418 Cornelio
1138 4364 1294 4420 missi
1313 4376 1490 4432 erant,
1516 4371 1714 4427 tertius
1735 4387 1844 4442 quo
1868 4390 1964 4430 ve-

2101 706 2276 760 καὶτὸ
2301 707 2419 762 ἐκεῖ
2439 709 2875 781 ἀνασπασθῆναι,
2901 713 3044 783 μέγα
3059 713 3255 784 δεῖγμα
3272 715 3667 786 καθαρότητος.

2100 797 2270 853 Τοῦτο
2292 799 2350 854 δὲ
2379 802 2582 868 γίνεται
2603 803 2690 857 διὰ
2710 805 2838 868 τοὺς
2873 808 3008 875 μετά
3039 806 3214 862 ταῦτα
3242 803 3323 871 οἷς
3353 808 3539 878 μέλλει
3574 810 3666 874 ἑξο

2096 893 2372 960 ηγετσθαι.
2401 894 2555 948 Ἐπεὶ
2601 896 2760 960 αὐτὸς
2786 898 3084 968 ἥκουσειτό
3105 915 3117 928 ·
3158 918 3177 951 ι
3212 901 3302 964 Εἰς
3319 901 3438 955 ὁδὸν
3497 901 3670 956 ἐθνῶν

2100 985 2174 1053 μὴ
2199 985 2488 1056 ἀπέλθητε.
2521 1007 2538 1040 ι
2580 989 2652 1040 Τὸ
2677 989 2734 1042 δὲ
2769 990 2862 1044 ἐπὶ
2885 989 3006 1059 τρὶς
3036 991 3134 1060 τὴν
3165 994 3348 1064 φωνὴν
3385 993 3662 1061 γενέσθαι,

2093 1077 2367 1132 δείκνυσιν
2391 1079 2538 1148 αὐτῷ
2567 1081 2626 1132 τὸ
2648 1080 2846 1150 ἀληθὲς
2895 1087 2994 1153 τῆς
3044 1083 3329 1146 ὀπτασίας.
3387 1085 3556 1152 Δῆλον
3604 1087 3663 1140 δέ

2091 1169 2238 1224 ἐστιν
2260 1170 2340 1222 ὅτι
2378 1170 2614 1240 μὴκατὰ
2636 1172 2852 1226 πάντων
2880 1175 2990 1227 τῶν
3027 1159 3330 1246 βρωμάτων
3354 1176 3663 1246 διεξεληλυ·

2092 1261 2242 1316 θέναι
2274 1262 2368 1318 τὸν
2403 1263 2561 1332 λόγον
2615 1264 2883 1330 ἐϐούλετο,
2931 1266 3012 1337 τῷ
3075 1267 3274 1335 λέγειν,
3324 1270 3405 1323 ὅτι
3470 1289 3487 1320 ι
3526 1269 3660 1322 Ούδέ

2089 1371 2219 1408 ποτε
2257 1353 2461 1424 ἔφαγον
2516 1358 2692 1411 κοινὸν
2737 1358 2830 1412 καὶ
2859 1359 3187 1429 ἀκάθαρτον,
3219 1379 3236 1412 ι
3276 1360 3351 1424 ὡς
3381 1361 3474 1414 καὶ
3505 1359 3656 1429 βόας.

2087 1445 2180 1498 καὶ
2210 1439 2373 1512 αἶγας
2428 1448 2522 1502 καὶ
2565 1448 2815 1518 πρόϐατα
2859 1450 2953 1504 καὶ
2997 1449 3177 1520 ὄρνεις
3217 1450 3371 1504 κοινά
3407 1449 3660 1517 λέγεσθαι

2088 1538 2215 1608 παρ’
2247 1538 2416 1608 αύτῷ,
2446 1539 2525 1610 τῷ
2553 1539 2613 1605 ἐξ
2647 1541 2915 1596 Ἰουδαίων
2961 1542 3236 1613 ὁρμᾶσθαι
3279 1543 3504 1612 Πέτρον.
3530 1541 3660 1596 Ἰου-

2083 1629 2222 1684 δαῖοι
2251 1629 2360 1701 γάρ
2380 1631 2590 1702 σάρκας
2617 1631 2878 1699 ἐσθίουσι,
2922 1634 3015 1686 καὶ
3046 1633 3373 1705 κρεωφαγία
3405 1635 3534 1704 παρ’
3563 1633 3659 1687 αύ-

2081 1725 2197 1787 τοῖς
2229 1723 2330 1777 ούκ
2355 1723 2754 1793 ἀπηγόρευται.
2789 1726 2933 1795 ’Λρα
2968 1720 3062 1778 οὖν
3109 1723 3276 1778 αὑτοῦ
3318 1723 3657 1795 βεδρωκότος

2084 1815 2180 1870 ἀπ’
2209 1816 2408 1888 ἀρχῆς,
2440 1817 2472 1888 ἢ
2499 1817 2591 1871 καὶ
2629 1817 2734 1882 ἕως
2779 1816 2871 1871 τοῦ
2932 1819 3260 1887 συναντῆσαι
3304 1817 3380 1886 τῷ
3419 1817 3652 1886 Σωτῆρι,

2091 1904 2206 1970 πῶς
2227 1907 2327 1961 ούκ
2357 1906 2472 1961 ἔστι
2509 1907 2666 1979 δῆλον
2695 1909 2776 1962 ὅτι
2806 1909 2864 1962 ού
2895 1907 3036 1962 κατὰ
3061 1909 3277 1962 πάντων
3311 1907 3650 1978 ἀπεφήνατο.

2095 2017 2115 2051 ι
2152 1998 2224 2052 Τὸ
2245 2001 2423 2052 κοινὸν
2440 1999 2533 2054 καὶ
2557 1998 2886 2072 ἀκάθαρτον,
2925 2019 2945 2052 ι
2989 1999 3124 2054 ἀλλά
3152 2001 3277 2072 περὶ
3307 1994 3381 2054 ὧν
3405 1999 3589 2065 ἔλεγεν
3625 2000 3652 2050 ὁ

2087 2089 2250 2160 νόμος
2281 2091 2476 2145 κοινῶν
2505 2091 2600 2145 καὶ
2641 2091 2968 2162 ἀκαθάρτων
2994 2108 3009 2159 ;
3039 2092 3228 2161 Ὅμως
3274 2091 3404 2162 περὶ
3445 2087 3650 2144 τούτων

2086 2182 2409 2253 ποιουμένου
2437 2182 2528 2237 τὸν
2555 2183 2710 2254 λόγον
2741 2182 2835 2238 τοῦ
2874 2184 3102 2254 Πέτρου,
3151 2183 3258 2236 τῶν
3282 2184 3338 2236 έν
3364 2183 3511 2252 νόμῳ
3553 2181 3650 2250 δη-

2088 2272 2268 2327 λονότι
2299 2275 2496 2328 κοινῶν
2534 2292 2593 2328 τε
2637 2276 2732 2330 καὶ
2768 2274 3117 2345 ἀκαθάρτων,
3155 2275 3182 2328 ὁ
3207 2274 3338 2338 Θεὸς
3362 2274 3459 2341 τῆς
3486 2273 3649 2339 ἁγίας

2084 2364 2323 2436 Χριστοῦ
2345 2365 2670 2436 Ἐκκλησίας
2691 2366 2782 2420 τὸν
2802 2367 3127 2436 χαρακτῆρα
3171 2365 3498 2469 παραδιύοὺς
3529 2364 3646 2469 έλεῖ

2082 2474 2180 2526 γεν
2201 2457 2350 2526 αύτῷ
2368 2459 2534 2530 μηδὲν
2564 2458 2743 2514 κοινὸν
2768 2458 3014 2530 ἡγεῖσθαι
3051 2475 3064 2489 ο
3114 2460 3305 2559 πάντα.
3333 2459 3439 2559 γάρ
3499 2458 3646 2559 {in}:

2082 2551 2198 2604 ἐστι
2239 2550 2455 2621 καθαρά
2494 2571 2512 2602 ι
2545 2551 2661 2621 μετ’
2693 2551 3040 2623 εὐχαριστίας
3083 2552 3175 2603 καὶ
3229 2551 3477 2618 εὐλογίας
3511 2549 3646 2601 Θεοῦ

2080 2642 2491 2714 λαμϐανόμενα.
2525 2663 2542 2696 ι
2589 2643 2728 2698 Ἀλλ’
2761 2646 2810 2698 εἰ
2847 2645 2941 2699 καὶ
2964 2645 3213 2716 περὶτῆς
3245 2646 3490 2714 κλήσεως
3537 2644 3646 2698 τῶν

2079 2735 2252 2789 ἐθνῶν
2273 2735 2334 2789 τὸ
2357 2735 2608 2807 αἴνιγμα,
2638 2737 2726 2792 ἵνα
2761 2739 2835 2807 μὴ
2883 2737 3160 2808 ἡγήσηται
3201 2737 3326 2799 τοὺς
3368 2738 3424 2790 ἐν
3475 2739 3644 2807 ἀκρο-

2081 2827 2296 2900 ϐυστίᾳ,
2349 2830 2560 2892 κοινοὺς
2606 2829 2638 2900 ἢ
2686 2829 3054 2901 ἀκαθάρτους,
3103 2831 3248 2899 ὅμως
3288 2829 3315 2882 ὀ
3343 2827 3498 2896 λόγος
3548 2825 3642 2880 τοῦ

2078 2921 2289 2992 Πέτρου
2316 2921 2376 2975 ού
2396 2922 2523 2992 περὶ
2551 2921 2854 2994 ἀνθρώπων
2907 2919 3021 2992 εἶχε
3050 2923 3148 2994 τὴν
3199 2921 3451 2992 ἔμφασιν,
3507 2919 3644 2973 ἀλλὰ

2078 3015 2210 3083 περὶ
2262 3013 2374 3070 τῶν
2426 3015 2484 3068 ἐν
2546 3012 2625 3086 τῷ
2674 3015 2826 3086 νόμῳ
2894 3014 3379 3086 ἀπηγορευμένων,
3440 3012 3514 3077 ὡς
3553 3012 3644 3066 ὅέ-

2075 3103 2304 3161 δεικται.

2150 3307 2170 3341 ι
2195 3281 2660 3376 Πυνθάνομαιοῦν
2680 3286 2786 3341 τινι
2821 3285 2966 3358 λόγῳ
3021 3285 3441 3358 μετεπέμψασθέ
3485 3301 3569 3355 με.
3615 3304 3634 3336 ι

2148 3466 2287 3538 Ἤδη
2315 3465 2380 3521 τὸ
2397 3465 2506 3520 πᾶν
2524 3467 2552 3521 ὁ
2581 3464 2787 3536 Πέτρος
2809 3463 3010 3536 ἢκουσε
3033 3463 3128 3518 καὶ
3163 3463 3314 3537 παρά
3336 3465 3443 3518 τῶν
3471 3482 3636 3534 στρα-

2072 3557 2282 3612 τιωτῶν
2309 3574 2325 3590 ·
2359 3556 2496 3612 ἀλλά
2534 3557 2782 3628 βούλεται
2813 3553 3029 3627 πρῶτον
3058 3555 3253 3619 αὐτοὺς
3280 3553 3636 3625 ὁμολογῆσαι,

2071 3648 2163 3702 καὶ
2197 3647 2527 3712 ὑπευθύνους
2556 3645 2776 3715 ποιῆσαι
2796 3647 2860 3716 τῇ
2887 3644 3088 3698 πίστει.

2147 3759 2164 3792 ι
2211 3741 2321 3795 Καὶ
2370 3742 2398 3795 ὁ
2448 3739 2740 3811 Κορνήλιος
2774 3737 2912 3810 ἔφη·
2954 3735 3085 3790 Ἀπὸ
3114 3735 3380 3806 τετάρτης
3425 3734 3637 3805 ἡμέρας

2074 3849 2093 3884 ι
2134 3831 2297 3902 μέχρι
2328 3829 2532 3902 ταύτης
2582 3830 2682 3900 τῆς
2719 3828 2866 3901 ὥρας
2903 3827 3050 3900 ἤμην
3075 3825 3370 3897 νηστεύων,
3409 3826 3504 3879 καὶ
3537 3826 3638 3895 τὴν

2076 3941 2095 3974 ι
2133 3923 2361 3990 ὲννάτην
2382 3920 2530 3991 ὥραν
2559 3921 2992 3992 προσευχόμενος
3015 3921 3072 3974 έν
3106 3919 3181 3989 τῷ
3207 3919 3340 3988 οῐκῳ
3365 3935 3486 3985 μου.
3518 3936 3536 3968 ι

2141 4015 2357 4068 Ἔοικεν
2382 4003 2538 4076 οὗτος
2570 4012 2798 4083 καιροὺς
2826 4011 3086 4084 ὡρικέναι
3125 4009 3301 4082 ἐαυτῷ
3326 4009 3441 4082 βίου
3471 4010 3632 4078 ἀκριι

2066 4105 2350 4177 σεστέρου,
2371 4105 2464 4159 καὶ
2486 4104 2544 4158 έν
2575 4121 2718 4160 τισιν
2740 4105 2995 4176 ἡμέραις.
3028 4105 3125 4158 Διά
3148 4103 3257 4174 γὰρ
3285 4101 3440 4157 τοῦτο
3459 4097 3632 4168 εἶπεν,

2073 4219 2090 4251 ι
2140 4197 2273 4252 Ἀπὸ
2295 4198 2558 4268 τετάρτης
2585 4196 2818 4269 ἡμέρας.
2863 4215 2883 4250 ι
2923 4197 3052 4253 Ὀτε
3090 4193 3181 4250 οὗν
3209 4195 3455 4268 φαίνεται
3483 4195 3632 4264 αὐτῷ

2065 4290 2364 4359 ὁάγγελος,
2417 4289 2554 4360 αὕτη
2623 4289 2722 4359 μία
2771 4289 2987 4361 ἡμέρα·
3035 4289 3131 4342 καὶ
3179 4291 3244 4360 ἦν
3293 4287 3532 4358 ἀπῆλθον
3579 4290 3632 4343 οἱ

2067 4381 2407 4452 πεμφθέντες
2432 4381 2582 4449 παρά
2609 4379 2911 4451 Κορνηλίου
2946 4380 3044 4450 μία
3064 4396 3076 4412 ·
3099 4381 3193 4433 καὶ
3224 4381 3290 4451 ἢν
3307 4375 3486 4450 ἦλθον,
3507 4379 3626 4449 μλα·

397 4458 614 4514 nerunt,
643 4460 696 4505 et
716 4461 914 4522 quarto
947 4458 1253 4524 comparuit
1275 4458 1493 4515 circiter
1521 4460 1709 4518 horam
1742 4466 1958 4522 tertiam

2078 4472 2157 4524 ιαὶ
2179 4471 2410 4541 τετάρτη
2439 4470 2610 4541 ἐφάνη
2636 4470 2765 4524 ὡσεὶ
2784 4471 2973 4541 τρίτην
3003 4469 3172 4540 ὤραν,
3210 4470 3327 4540 μεθ’
3354 4473 3420 4542 ἢν
3447 4487 3622 4540 προσ-

393 4549 681 4609 postquam
716 4542 919 4598 oravit.
941 4543 1054 4616 98
1079 4544 1214 4602 Vide
1234 4563 1365 4619 ergo
1391 4553 1722 4620 precationis
1749 4558 1961 4627 magni-

2078 4560 2287 4634 ηύξατο.
2313 4533 2675 4632 “”υραόὖν’τὺ
2711 4533 2940 4632 μέγεθος
2961 4533 3064 4630 τῆς
3094 4533 3278 4631 εύχῖές,
3311 4533 3398 4614 δτὲ
3421 4559 3630 4634 ἐπέδω-

394 4631 633 4689 tudinem
671 4649 686 4688 :
735 4636 956 4705 quando
1003 4637 1242 4708 seipsum
1287 4644 1538 4712 provexit
1567 4645 1630 4700 ad
1679 4647 1955 4719 pietatem,

391 4733 521 4778 tunc
549 4737 773 4795 apparet
808 4727 908 4799 ipsi
939 4730 1185 4802 angelus.

461 4815 531 4880 X,
562 4817 751 4874 30-55.
782 4839 802 4872 ι
844 4820 909 4876 Ει
937 4835 1067 4878 ecce
1097 4822 1179 4878 vir
1211 4824 1362 4880 stetit
1393 4840 1576 4883 coram
1604 4845 1691 4886 me
1718 4829 1773 4886 in
1807 4843 1957 4890 veste

392 4926 412 4960 ι
457 4907 742 4978 splendida
796 4910 898 4981 (vir
922 4910 1058 4967 dicit
1083 4919 1141 4968 et
1171 4928 1279 4968 non
1319 4916 1558 4987 angelus,
1595 4918 1735 4987 adeo
1765 4921 1952 4977 mode-

393 5017 411 5050 ι
449 5008 568 5055 stus
589 4999 750 5071 erat),
773 5008 827 5055 et
855 5002 928 5056 ait
953 5017 968 5056 :
997 5001 1234 5068 Corneli,
1263 5008 1515 5063 exaudita
1543 5016 1625 5065 est
1642 5009 1954 5081 deprecatio

392 5107 410 5140 ι
455 5096 568 5155 tua,
600 5096 654 5144 et
684 5090 1039 5162 eleemosynm
1074 5101 1179 5148 tua:
1209 5094 1265 5149 in
1301 5099 1564 5154 memoria
1595 5099 1794 5158 habitae
1824 5113 1955 5160 sunt

392 5199 411 5232 ε
452 5195 636 5234 coram
671 5181 800 5236 Deo.
829 5181 980 5238 Mitte
1007 5200 1136 5255 ergo
1163 5185 1374 5257 aliquos
1402 5188 1630 5262 Joppen,
1651 5200 1704 5249 et
1732 5209 1954 5268 accerse

391 5290 409 5323 ι
457 5270 756 5338 Simonem,
803 5273 897 5344 qui
935 5277 1354 5346 cognominatur
1389 5279 1585 5338 Petrus
1607 5296 1628 5338 :
1663 5284 1753 5341 hic
1771 5287 1953 5344 diver-

390 5381 407 5412 ι
451 5369 603 5416 satur
637 5363 690 5417 in
739 5363 901 5419 domo
937 5364 1178 5424 Simonis
1206 5371 1424 5427 coriarii
1460 5372 1616 5443 juxta
1655 5391 1824 5443 mare,
1857 5381 1948 5450 qui

389 5471 408 5505 ι
452 5453 539 5508 ubi
568 5455 774 5510 venerit
798 5456 1052 5528 loquetur
1107 5459 1224 5516 tibi.
1253 5461 1442 5518 Statim
1466 5480 1597 5535 ergo
1626 5466 1745 5523 misi
1776 5469 1840 5524 ad
1875 5479 1947 5536 te,

389 5566 404 5596 ι
448 5554 502 5600 οι
535 5554 593 5600 ιιι
626 5546 765 5605 bene
793 5549 968 5605 fecisti
987 5551 1078 5621 qui
1107 5551 1408 5612 adveneris.
1433 5555 1585 5613 Nunc
1609 5574 1741 5630 ergo
1762 5576 1950 5616 omnes

362 5635 407 5689 ‘c
451 5653 574 5705 nos,
603 5647 740 5696 teste
772 5639 900 5709 Deo,
932 5643 1287 5712 adsumus,ut
1311 5647 1597 5707 audiamus
1613 5667 1952 5724 quaecunque

456 5819 495 5849 “
531 5818 718 5875 Matth.
751 5838 804 5887 Χ,
836 5821 886 5875 5.
987 5825 1079 5877 "l
1122 5825 1261 5880 Tim.
1301 5842 1373 5889 Iv,
1417 5826 1462 5880 i.

2065 4671 2160 4708 κεν
2181 4652 2373 4708 ἑαυτὸν
2405 4654 2484 4717 εἰς
2516 4652 2824 4722 εὐλάϐειαν,
2856 4653 2978 4707 τότε
3020 4652 3266 4721 φαίνεται
3305 4650 3450 4722 αύτῷ
3475 4651 3504 4704 ὀ
3528 4651 3630 4720 ἀγ-

2099 4744 2237 4810 ελος.

2061 4762 2296 4892 γεῖοιῗαὶ
2319 4838 2427 4893 ἰδοὺ
2450 4837 2590 4910 ἀνὴρ
2618 4837 2746 4910 ἔστη
2770 4837 2999 4893 ἐνώπιόν
3040 4855 3142 4908 μου
3170 4838 3227 4891 έν
3252 4837 3438 4907 ἐσθῆτι
3483 4835 3626 4905 λαμ-

2065 4949 2085 4982 (
2114 4931 2227 5000 πρᾷ
2240 4928 2414 5000 (ἀνὴρ
2428 4930 2575 5000 λέγει
2591 4929 2686 4984 καὶ
2703 4930 2803 4984 οὐκ
2814 4929 3087 5034 arm/ica,
3102 4925 3357 5034 οὕτωςῆν
3373 4927 3623 5034 ἄτυφος),

2062 5036 2083 5074 ι
2117 5020 2210 5074 καί
2243 5037 2408 5091 φησιν
2426 5036 2438 5047 ·
2467 5020 2758 5092 Κορνήλιε,
2787 5019 3118 5092 εἰσηκούσθη
3143 5039 3236 5075 σου
3267 5019 3620 5118 ὴτιροσευχὴί

2062 5131 2082 5166 ι
2117 5113 2210 5167 καὶ
2258 5113 2316 5166 αἱ
2360 5112 2717 5184 ἐλεημοσύναι
2745 5129 2838 5166 σου
2868 5112 3216 5184 ἐμνήσθησαν
3249 5111 3479 5166 ἐνώπιον
3523 5111 3620 5160 τοῦ

2059 5221 2080 5256 ι
2117 5203 2272 5258 Θεοῦ.
2301 5204 2523 5274 Πέμψον
2541 5200 2634 5257 οὖν
2655 5203 2992 5276 εἰς’ῐόππην,
3023 5204 3118 5259 καὶ
3143 5201 3505 5275 μετακάλεσαι
3527 5201 3621 5253 Σί-

2059 5311 2078 5346 ι
2116 5311 2288 5364 μωνα,
2317 5293 2375 5356 ὃς
2402 5294 2738 5348 ἐπικαλεῖται
2788 5294 3011 5366 Πέτρος.
3041 5289 3208 5358 Οὗτος
3259 5291 3623 5360 ξενίζεται-έν

2057 5405 2077 5439 ι
2113 5386 2260 5456 οἰκίᾳ
2288 5385 2526 5454 Σίμωνος
2545 5384 2786 5457 βυρσέως
2807 5385 2958 5456 παρά
2979 5386 3272 5449 θάλασσαν,
3299 5385 3357 5448 ὃς
3375 5399 3622 5453 παραγε-

2059 5495 2078 5528 ι
2111 5477 2333 5546 νύμενος
2353 5476 2571 5547 λαλήσει
2602 5478 2801 5542 σοι.Ἐξ
2818 5478 2988 5547 αύτῆς
3017 5473 3107 5531 οὖν
3125 5475 3346 5546 ἔπεμψα
3370 5475 3506 5545 πρὸς
3529 5474 3615 5527 σέο

2060 5587 2078 5619 ι
2117 5567 2177 5621 σύ
2197 5586 2250 5620 τε
2286 5566 2463 5630 καλῶς
2484 5568 2742 5638 ἐποίησας
2761 5568 3216 5639 παραγενόμενος.
3234 5565 3347 5621 Νῦν
3371 5561 3464 5621 οὖν
3479 5564 3619 5665 ξάν-

2063 5677 2079 5709 ι
2110 5675 2198 5721 τες
2251 5659 2408 5727 ἡμεῖς
2464 5657 2690 5712 ἐνώπιον
2719 5657 2810 5712 τοῦ
2842 5657 2974 5712 Θεοῦ
3036 5656 3337 5728 πάρεσμεν,
3383 5656 3618 5710 ἀκοῦσαι
