4024 6554
364 416 465 483 191

1450 418 1845 483 (ΕΕΗΜΕΝΙΙ
1887 415 2178 476 'I‘RICC.E
2219 418 2558 480 EPISCOPI

3511 421 3612 487 19?.

358 543 448 589 est
465 533 632 589 Deum
649 532 828 589 solum
845 533 1048 589 bonum
1070 549 1192 591 esse
1202 534 1349 606 quod
1367 537 1544 591 virum
1564 535 1768 591 bonum
1788 548 1931 588 esse.

2054 529 2129 584 δὸν
2161 528 2318 597 εἶναι,
2361 533 2456 586 καὶ
2501 532 2668 602 ἄνδρα
2700 530 2903 602 ἀγαθὸν
2933 530 3220 605 ὑπάρχειν.
3273 531 3331 586 '0
3365 532 3462 603 μὲν
3501 533 3611 604 γὰρ

364 624 458 682 Ille
481 625 751 694 siquidem
773 635 973 682 natura
1001 626 1178 683 bonus
1202 637 1306 693 est,
1342 643 1466 683 cum
1511 627 1838 697 principium
1871 639 1936 680 ac

367 717 491 772 fons
517 718 588 772 sit
616 718 884 772 bonorum
911 735 925 773 :
955 718 1040 773 vir
1065 726 1246 774 autem
1272 734 1381 774 non
1405 727 1599 774 natura
1627 718 1802 773 bonus
1828 727 1934 779 est,

365 808 462 863 sed
501 809 723 865 virtutis
762 811 1139 881 assumptione
1167 811 1332 866 habet.
1361 821 1418 865 ut
1457 811 1636 865 bonus
1676 813 1767 865 sit.
1815 809 1934 863 Non

362 901 512 954 ettim
551 901 881 972 simpliciter
921 902 1099 958 bonus
1141 902 1364 965 dicitur,
1397 900 1492 956 sed
1530 902 1612 954 vir
1654 901 1848 954 bonus.
1877 899 1936 954 In

365 991 518 1047 hunc
569 1007 701 1062 ergo
745 1009 966 1048 sensum
997 994 1159 1049 etiam
1191 993 1324 1048 illud
1373 991 1660 1063 accipitur,
1701 1010 1720 1042 ι
1757 991 1938 1048 Bonus

367 1085 535 1138 homo
566 1086 686 1150 ἰ»,
727 1098 781 1142 et
838 1106 857 1139 ι
887 1088 1034 1159 Euge
1094 1102 1255 1144 serve
1307 1087 1452 1142 bone
1496 1094 1550 1142 et
1597 1085 1774 1142 ﬁdelis
1809 1085 1877 1154 ",
1910 1103 1930 1138 ι

365 1177 588 1245 aliaque
627 1178 712 1233 his
743 1179 963 1234 similia.

443 1268 600 1338 103
631 1286 650 1320 ι
691 1268 752 1326 Et
776 1271 1029 1341 discipuli
1051 1270 1468 1327 nominarentur
1487 1270 1724 1342 primum
1747 1269 1940 1325 Antio-

375 1379 398 1414 ι
444 1363 584 1418 ebiae
610 1361 932 1420 Christiani.
971 1383 992 1417 ι

442 1492 599 1550 Pauli
641 1493 746 1550 hoc
786 1510 1004 1566 quoque
1045 1495 1264 1553 facinus
1305 1496 1580 1568 egregium
1630 1493 1686 1549 in
1732 1503 1940 1549 tantam

371 1584 559 1641 eﬂ'erri
607 1597 845 1641 meretur
885 1589 1280 1643 sublimitatem
1324 1597 1384 1643 ut
1421 1587 1656 1659 quodvis
1702 1589 1941 1658 signum.

369 1675 509 1731 Cum
542 1678 686 1730 enim
715 1684 825 1731 tam
861 1678 1018 1732 multi
1053 1687 1238 1734 essent
1261 1679 1316 1732 in
1339 1676 1522 1732 Judaaa
1546 1676 1638 1748 qui
1672 1676 1944 1732 credidis-

371 1777 516 1833 sent,
542 1769 676 1823 nihil
707 1769 814 1824 tale
843 1769 1050 1826 l'actum.
1077 1777 1180 1837 est,
1209 1773 1302 1826 sed
1327 1771 1402 1826 ibi
1426 1770 1558 1826 fides
1587 1769 1640 1824 in
1663 1769 1941 1824 Christum

2039 622 2161 675 κατ’
2189 624 2377 678 οὐσίαν
2404 625 2604 693 ἀγαθὸς
2637 625 2896 697 ὑπάρχει,
2931 626 3072 698 ἀρχὴ
3101 627 3195 679 καὶ
3222 625 3370 695 πηγὴ
3401 625 3475 679 ὢν
3501 626 3609 678 τῶν

2039 715 2260 785 ἀγαθῶν
2287 733 2301 748 ο
2337 719 2364 770 ὁ
2395 719 2450 772 δέ
2473 719 2612 789 ἀνὴρ
2645 720 2705 772 ού
2738 717 2858 773 κατ’
2889 719 3097 783 οὐσίαν,
3123 718 3237 772 ἀλλ’
3267 721 3324 771 ἐν
3348 719 3611 788 ἀναλήψει

2039 812 2242 882 ἀρετῆς
2269 811 2381 882 ἔχει
2407 813 2467 865 τὸ
2496 813 2698 881 ἀγαθὸν
2730 809 2889 868 εἶναι.
2935 813 3006 868 Ού
3031 815 3140 886 γὰρ
3165 814 3354 876 ἁπλῶς
3385 813 3608 881 ἀγαθὸς,

2039 905 2158 959 ἀλλ’
2181 905 2319 975 ἀνὴρ
2342 903 2565 972 ἀγαθός.
2596 905 2689 969 El;
2710 905 2868 960 τοῦτο
2889 902 2982 960 οὖν
3004 907 3149 979 λήψῃ
3171 907 3264 959 καὶ
3286 906 3366 971 τὸ,
3396 925 3412 957 ι
3446 905 3614 973 Ἀγα-

2041 999 2476 1072 θὸς’ἀνθρωπος,
2519 1019 2538 1052 ›
2578 1002 2673 1054 καὶ
2727 1001 2809 1066 τὸ,
2848 1019 2868 1053 ι
2900 1000 3062 1072 Εὖγε,
3115 1001 3269 1054 δοῦλε
3313 999 3486 1071 ἀγαθέ
3522 999 3615 1053 καὶ

2041 1091 2222 1159 πιστέ,
2262 1110 2281 1144 ι
2329 1090 2424 1144 καὶ
2458 1091 2526 1144 τὰ
2554 1091 2768 1156 τούτοις
2796 1091 2982 1162 ὃμοια.

2117 1287 2136 1320 ι
2171 1267 2523 1339 Χρηματίσαι
2561 1284 2620 1320 τε
2667 1265 2884 1339 πρῶτον
2916 1265 2975 1321 ἐν
3012 1265 3316 1336 Ἀντιοχείᾳ
3355 1263 3483 1328 τοὺς
3517 1280 3619 1332 μα-

2049 1381 2068 1414 (
2105 1361 2272 1430 θητάς
2304 1361 2683 1432 Χριστιανούς.
2714 1379 2732 1412 ι

2114 1495 2326 1550 Παύλου
2379 1497 2473 1550 κοιλ⁹
2527 1496 2683 1550 τοῦτο
2736 1495 2797 1548 τὸ
2849 1492 3182 1566 κατόρθωμα
3236 1494 3318 1557 είς
3366 1491 3619 1548 τοσοῦτον

2043 1590 2245 1659 ἐπᾶραι
2276 1589 2407 1658 ὕψος
2436 1589 2624 1660 ὥσπερ
2660 1607 2714 1642 τι
2755 1589 2979 1658 σημεῖον
3005 1586 3068 1640 τὸ
3117 1586 3304 1656 ὄνομα.
3358 1587 3450 1640 Ἐν
3506 1589 3616 1655 γὰρ

2045 1684 2110 1753 τῇ
2176 1681 2406 1753 Ἰουδαίᾳ
2459 1681 2728 1735 τοσούτων
2783 1680 2952 1734 ὄντων
3018 1681 3128 1733 τῶν
3189 1679 3617 1741 πιστευσάντων,

2045 1774 2197 1829 οὐδὲν
2227 1773 2468 1828 τοιοῦτον
2515 1775 2758 1842 γέγονεν,
2809 1772 2923 1826 ἀλλ’
2969 1773 3019 1826 oi
3067 1771 3168 1842 τῆς
3226 1769 3346 1825 ὁδοῦ
3399 1771 3619 1836 ἤκουον.

371 1863 460 1918 via
492 1863 797 1919 dicebatur.
833 1865 1241 1920 Advertendum
1273 1872 1454 1920 autem
1487 1863 1632 1934 quod
1661 1863 1731 1918 ob
1763 1863 1815 1918 id
1849 1877 1945 1933 po-

2054 1868 2395 1938 Σημειωτὲον
2434 1867 2490 1922 δέ
2519 1868 2602 1920 ὅτι
2644 1867 2732 1920 διὰ
2775 1867 2933 1920 τοῦτο
2989 1867 3191 1936 μᾶλλον
3233 1867 3266 1934 ή
3321 1862 3622 1932 Ἀντιόχεια

373 1954 648 2011 tissimurn
681 1957 843 2027 digna
861 1956 1046 2011 habita
1068 1966 1152 2012 est
1169 1957 1458 2012 Antiochia
1483 1957 1611 2012 sede
1633 1955 1934 2028 pontiﬁcia,

367 2047 634 2116 quoniam
671 2048 745 2103 ibi
794 2049 1031 2117 primum
1068 2055 1404 2113 statuerunt,
1453 2057 1512 2104 ut
1560 2048 1815 2119 discipuli
1847 2063 1945 2104 no-

374 2138 722 2192 minarentur
742 2137 1065 2194 Christiani.
1095 2137 1208 2194 Hoc
1237 2149 1420 2196 autem
1454 2155 1654 2195 nomen
1691 2141 1944 2195 multitu-

372 2227 490 2284 dini
515 2229 738 2285 deorum
783 2244 848 2286 ac
871 2230 1034 2286 varia:
1062 2230 1118 2285 in
1150 2231 1256 2286 illis
1306 2231 1579 2286 divinitati
1629 2231 1944 2302 opponitur.

937 2386 1168 2446 CAPUT
1220 2387 1388 2446 XVII.

376 2542 668 2620 Prophetia
723 2545 905 2620 ΑςμιίτίΔ
948 2547 1014 2600 de
1067 2549 1302 2617 generali
1352 2565 1445 2618 per
1476 2550 1650 2605 orbem
1703 2549 1843 2620 fame
1895 2560 1948 2608 et

445 2616 777 2739 clhegttosyna
803 2616 1024 2672 collecta
1051 2616 1191 2689 apud
1216 2616 1434 2690 fratres,
1465 2616 1731 2690 quierant
1759 2624 1950 2677 Antio-

447 2702 476 2738 c
518 2702 531 2737 ι
591 2725 602 2738 .

447 2702 602 2738 εηιω.

445 2811 540 2879 XI,
566 2815 762 2873 27-50.
801 2836 820 2870 ι
854 2816 950 2875 llis
983 2827 1164 2875 autem
1207 2820 1402 2878 diebus
1445 2833 1886 2895 supervenerunt
1916 2841 1947 2881 α

2050 1958 2238 2031 θρόνου
2302 1957 2508 2029 ἠξιώθη
2566 1956 2912 2028 ἀρχοντικοῢ,
2976 1957 3165 2026 ἐπειδὴ
3233 1957 3349 2009 ἐκεῖ
3407 1954 3622 2024 πρῶτον

2049 2049 2424 2122 ἐχρημάτισαν
2444 2050 2492 2103 oi
2518 2050 2758 2121 μαθηταὶ
2785 2049 3066 2102 καλεῖσθαι
3089 2047 3426 2118 Χριστιανοί.
3449 2044 3622 2099 Τοῦτο

2046 2140 2104 2194 δέ
2135 2141 2196 2196 τὺ
2221 2141 2390 2214 ὄνομα
2418 2141 2710 2206 πολυθεῖας
2743 2142 2892 2196 ἐστὶν
2928 2139 3241 2195 ἀντίπαλον.

2643 2419 2894 2475 ΚΕΦΑΔ.
2923 2419 3022 2476 ΙΖ’.

2048 2576 2385 2646 Προφητεία
2451 2575 2702 2644 Ἀγὰὄου
2747 2574 2905 2646 βπερὶ,
2954 2574 3134 2644 λιμοῦ
3186 2574 3626 2642 οίκουμενικοῦ,

2119 2645 2620 2734 κάλ’καρποφορία
2649 2645 2798 2716 πρὸς
2819 2645 2962 2712 τοὺς
2985 2646 3056 2700 ἐν
3090 2647 3409 2716 Ἀντιοχείᾳ
3442 2645 3618 2701 ἀϐελ-

2121 2734 2297 2786 φους.

2129 2870 2149 2904 ‹
2187 2851 2279 2906 Ἐν
2333 2851 2560 2915 ταύταις
2607 2851 2665 2905 δὲ
2720 2853 2843 2915 ταῖς
2901 2850 3141 2922 ἡμέραις
3198 2851 3469 2922 κατῆλθον
3519 2852 3626 2906 ἀπὸ

380 2927 400 2960 ι
433 2906 796 2981 Jerosolymis
843 2913 1126 2983 prephette
1181 2915 1521 2972 Antiochiam
1555 2935 1569 2974 :
1607 2931 1950 2990 surgensque

2057 2961 2077 2996 ι
2127 2943 2517 3015 Ἰεροσολύμων
2539 2906 2840 3015 ⁷ἰτροιρῆταί
2865 2906 2956 3007 εἰς.
2972 2906 3340 3014 Ἀντιόχειαέ
3365 2943 3629 2998 ’Λναστάε

379 3019 399 3051 ι
441 3016 586 3056 unus
624 3004 846 3058 nomine
881 3004 1106 3076 Agabus
1148 3007 1494 3078 signiﬁcabat
1551 3025 1647 3079 per
1684 3010 1948 3082 Spiritum

2057 3053 2078 3087 ι
2115 3035 2174 3089 δὲ
2203 3004 2300 3097 ἐίς
2340 3004 2619 3101 ἐέαύτῶν
2663 3004 2889 3107 ὀνόματι
2927 3004 3208 3104 γ’Λγαὸος,
3254 3035 3494 3106 ἐσήμανε
3543 3034 3630 3089 διὰ

382 3113 401 3146 ι
444 3096 643 3152 famem
671 3115 924 3170 magnam
973 3099 1214 3158 futuram
1258 3106 1312 3159 in
1350 3107 1606 3163 universo
1633 3109 1788 3172 urbe,
1828 3124 1950 3178 qua:

2057 3147 2077 3180 ι
2115 3126 2208 3180 τοῦ
2238 3096 2576 3197 Πνεύματος,
2615 3096 2773 3196 λιμὸν
2826 3125 3002 3197 μέγαν
3029 3096 3266 3195 ⁷μέλλειν
3294 3096 3510 3179 ἔσεσθαι
3544 3127 3630 3194 ἐφ’

386 3205 403 3238 ι
441 3188 639 3244 accidit
690 3193 794 3246 sub
847 3190 1078 3250 Claudio
1137 3194 1375 3250 Caesare.
1431 3195 1692 3269 Discipuli
1744 3207 1948 3266 autem,

2061 3233 2082 3268 ο
2120 3215 2249 3287 ὅλην
2268 3188 2739 3294 ττιὶ·ινόίκουμ,ἐνηνΙ
2775 3188 2922 3280 ὅστις
2947 3188 3287 3285 καὶ-ἐγένετο
3317 3215 3412 3269 ἐπὶ¹
3446 3188 3633 3269 Κλαυ-

387 3298 405 3330 ι
450 3287 611 3350 prout
640 3285 839 3352 cuique
865 3285 1210 3354 suppetebat,
1243 3286 1610 3342 decreverunt
1633 3289 1867 3358 quisque
1897 3289 1950 3344 in

2063 3327 2084 3361 ι
2117 3285 2230 3361 δίου
2298 3285 2597 3378 Καίσαρος.
2654 3285 2774 3362 Τῶν
2834 3309 2890 3362 δέ
2943 3309 3200 3380 μαθητῶν
3239 3307 3423 3371 καθὼς
3459 3308 3634 3377 ηύπο-

387 3391 406 3422 ι
452 3372 760 3428 subsidium
803 3376 1021 3433 mittere
1063 3377 1439 3436 habitantibus
1479 3380 1533 3434 in
1561 3379 1749 3436 Iudaea
1773 3381 1959 3438 fratri-

386 3482 405 3513 ι
453 3463 555 3519 bus
583 3481 598 3520 :
626 3465 772 3536 quod
799 3476 852 3522 et
891 3465 1160 3535 fecerunt,
1193 3469 1472 3526 mittentes
1495 3469 1565 3526 ad
1604 3471 1959 3544 presbyteros

384 3573 406 3608 ι
447 3571 542 3626 per
571 3572 794 3613 manum
821 3558 1086 3616 Barnaba:
1116 3575 1183 3617 ac
1214 3559 1392 3620 Sauli.
1427 3580 1448 3616 ι

453 3777 574 3835 Non
603 3786 688 3836 est
718 3779 846 3836 huic
871 3780 1209 3836 contrarium
1243 3779 1389 3853 quod
1429 3795 1458 3836 a
1491 3779 1724 3837 Domino
1748 3781 1957 3838 dictum

381 3881 470 3928 est
497 3891 510 3928 :
538 3892 556 3926 ι
586 3872 696 3928 Lex
721 3883 775 3930 et
793 3874 1074 3944 propheta
1089 3873 1135 3907 ’⁷
1161 3893 1180 3926 ι
1217 3889 1388 3945 usque
1417 3875 1482 3928 ad
1504 3873 1791 3930 Joannem.
1822 3874 1959 3929 Nam

385 3966 493 4020 hoc
539 3967 606 4021 de
638 3965 747 4022 illis
791 3965 1004 4020 dixerat
1061 3966 1344 4036 prophetis
1376 3967 1469 4036 qui
1509 3967 1628 4037 ejus
1665 3968 1957 4021 adventum

383 4055 772 4125 praedixerant.
797 4055 876 4112 Ne
919 4056 1088 4126 igitur
1134 4057 1204 4111 ob
1252 4055 1306 4110 id
1359 4057 1703 4126 postmodum
1754 4056 1957 4112 factam

381 4165 506 4206 esse
524 4149 722 4205 famem
745 4150 1102 4216 aastimarent,
1117 4149 1261 4220 quod
1288 4149 1679 4206 subintroisset
1695 4149 1961 4206 Christia-

385 4245 622 4309 nismus,
659 4241 907 4313 prazdicit
951 4242 1100 4296 illam
1145 4242 1387 4312 Spiritus
1434 4250 1678 4297 sanctus.
1709 4240 1824 4298 lloc
1856 4255 1960 4295 au-

384 4345 495 4390 tem
536 4342 592 4391 et
636 4334 891 4391 Christus
945 4335 1276 4404 praedixerat
1298 4335 1344 4366 "
1393 4350 1407 4387 :
1457 4349 1568 4389 non
1611 4333 1756 4404 quod
1797 4335 1849 4388 id
1890 4334 1960 4390 ab

385 4427 548 4480 initio
587 4424 704 4482 ﬁeri
737 4426 1066 4496 oportuerit,
1108 4427 1202 4481 sed
1243 4433 1465 4496 propter
1508 4426 1672 4491 mala,
1710 4441 1830 4496 qua:
1861 4426 1959 4480 ad-

385 4533 584 4574 versus
617 4520 895 4588 apostolos
925 4519 1148 4575 ﬁebant.
1193 4519 1546 4589 Longanimis
1579 4518 1800 4588 quidem
1840 4527 1959 4574 erat.

2062 3417 2084 3453 ι
2130 3399 2280 3470 ρείτό
2310 3417 2414 3465 τις,
2476 3398 2684 3472 ὥρισαν
2734 3399 2966 3465 ἕκαστος
3021 3401 3202 3454 αὐτῶν
3227 3401 3307 3465 είς
3361 3400 3634 3454 διακονίαν

2061 3509 2084 3546 ι
2125 3490 2339 3562 πέμψαι
2368 3492 2480 3554 τοῖς
2511 3488 2859 3546 κατοικοῦσιν
2889 3492 2948 3544 ἐν
2971 3494 3040 3564 τῇ
3072 3492 3304 3564 Ἰουδαίᾳ
3335 3493 3586 3562 ἀδελφοῖς
3620 3507 3632 3525 ’

2065 3601 2086 3636 ι
2118 3583 2148 3637 δ
2176 3583 2274 3637 καὶ
2303 3583 2588 3652 ἐποίησαν,
2611 3582 3034 3647 ἀποστείλαντες
3067 3584 3202 3653 πρὸς
3235 3584 3356 3648 τοὺς
3391 3585 3635 3657 πρεσϐυ-

2063 3690 2085 3726 ‹
2119 3671 2312 3744 τέρους
2337 3670 2427 3726 διὰ
2455 3671 2633 3743 χειρὸς
2655 3671 2913 3745 Βαρνάϐα
2952 3673 3047 3727 καὶ
3069 3673 3295 3729 Σαύλου.
3329 3692 3348 3725 ι

2130 3803 2243 3859 Ούκ
2267 3803 2415 3857 ἐστιν
2436 3801 2672 3857 ἐναντίον
2695 3803 2868 3873 τούτῳ
2893 3803 2957 3857 τδ
3002 3803 3110 3858 ὑπὸ
3133 3805 3226 3859 τοῦ
3258 3807 3465 3878 Κυρίου
3488 3806 3638 3878 είρη-

2063 3895 2224 3966 μένον
2256 3909 2270 3924 ⁸
2313 3913 2332 3947 ι
2374 3893 2431 3948 Ὀ
2463 3895 2629 3965 νόμος
2654 3895 2748 3948 καὶ
2773 3897 2822 3948 oi
2861 3896 3136 3968 προφῆται
3173 3915 3192 3950 ι
3225 3897 3330 3962 ἐως
3362 3898 3635 3956 Ἰωάννου.

2060 3986 2231 4042 Τοῦτο
2262 3986 2371 4056 γὰρ
2422 3987 2552 4057 περὶ
2603 3985 2830 4041 ἐκείνων
2872 3989 3007 4059 φησὶ
3057 3989 3168 4043 τῶν
3199 3990 3494 4060 προφητῶν
3526 3992 3637 4048 τῶν

2057 4078 2158 4150 τὴν
2188 4075 2492 4148 παρουσίαν
2515 4076 2680 4130 αὑτοῦ
2739 4080 3345 4150 προαναφωνησάντων.
3389 4079 3512 4136 ’Ίνα
3541 4080 3636 4139 οὖν

2064 4171 2138 4240 μὴ
2172 4168 2468 4240 νομίσωσιν
2519 4167 2602 4222 ὅτι
2649 4168 2736 4222 διὰ
2793 4168 2952 4222 τοῦτο
3001 4171 3030 4223 6
3074 4170 3232 4240 λιμὸς
3278 4174 3522 4242 γέγονεν,
3553 4175 3636 4229 ὅτι

2059 4261 2104 4315 Χ
2113 4260 2488 4333 ριστιανισμδς
2510 4259 2746 4330 εἰσῆλθε,
2770 4261 3029 4331 προλέγει
3051 4261 3109 4315 τὺ
3135 4263 3362 4334 Πνεῦμα
3380 4265 3440 4319 τὸ
3462 4267 3636 4334 ἅγιον.

2060 4350 2230 4404 Τοῦτο
2259 4351 2316 4404 δὲ
2352 4351 2447 4404 καὶ
2484 4352 2512 4404 6
2552 4351 2785 4420 Χριστος
2813 4353 3095 4423 προεῖπεν,
3132 4353 3232 4406 οὐκ
3263 4355 3449 4426 ἐπειδὴ
3479 4356 3639 4410 τοῦτο

2061 4443 2122 4510 ἐξ
2171 4441 2350 4512 ἀρχῆς
2389 4439 2646 4510 γενέσθαι
2679 4441 2808 4509 ἔδει,
2859 4441 2996 4503 ἀλλὰ
3047 4442 3134 4498 διὰ
3169 4443 3238 4497 τὰ
3272 4446 3418 4498 κακὰ
3459 4445 3525 4500 τὰ
3559 4448 3639 4509 εἰς

2060 4533 2186 4592 τοὺς
2214 4529 2547 4593 ἀποστόλους
2573 4530 2860 4600 γενόμενα.
2887 4531 2997 4584 Καὶ
3021 4531 3397 4603 ἐμακροθύμει
3427 4535 3455 4586 6
3482 4534 3637 4595 Θεός·

391 4611 556 4678 Dcus,
582 4626 774 4666 verum
798 4625 921 4665 cum
955 4611 1184 4665 nimium
1216 4619 1494 4680 urgerent,
1533 4625 1728 4680 magna
1760 4611 1950 4666 accidit

2062 4621 2135 4685 ὡς
2171 4621 2228 4675 δὲ
2257 4622 2546 4684 ἐνέκειντο,
2596 4620 2753 4692 λιμὸς
2788 4623 2961 4692 μέγας
2991 4601 3220 4692 γίνεται,
3269 4601 3493 4695 μηνύων
3526 4629 3639 4692 τοῖς

388 4705 582 4768 fames,
631 4703 835 4760 Judaais
886 4703 1065 4759 iutura
1131 4703 1424 4774 designans
1471 4704 1633 4758 mala.
1694 4703 1848 4769 Quod
1909 4703 1955 4758 si

391 4806 612 4868 propter
647 4797 793 4862 istos,
813 4795 1066 4858 fuissent,
1107 4796 1438 4866 oportuisset
1473 4798 1658 4866 potius
1709 4804 1764 4851 et
1809 4797 1955 4850 illam

389 4905 510 4958 qua:
539 4896 658 4943 erat
692 4902 928 4942 cessare.
960 4885 1096 4941 Nam
1137 4887 1312 4957 magis
1356 4887 1569 4941 laudari
1611 4887 1954 4951 debuissent,

390 4977 654 5048 quiquod
684 4993 843 5033 suum
873 4987 996 5032 erat
1045 4976 1342 5042 faciebant,
1377 4993 1572 5048 nempe
1609 4980 1956 5046 occidebant,

395 5070 556 5143 104
598 5070 922 5142 puniebant,
966 5071 1310 5136 cruciabant,
1355 5071 1595 5141 undique
1660 5087 1960 5142 perseque-

393 5166 613 5220 bantur.
646 5163 940 5234 Propterea
970 5179 1102 5234 ergo
1134 5164 1306 5234 peStis
1341 5162 1479 5218 facta
1506 5172 1612 5227 cst,
1648 5179 1960 5234 quanquam

393 5259 579 5313 miseri
611 5272 718 5311 non
745 5256 1158 5327 intelligebant:
1187 5265 1240 5311 et
1262 5258 1744 5327 compatiebantur
1769 5258 1875 5312 illis
1907 5257 1962 5312 in

393 5350 497 5405 hoc
525 5349 846 5406 Christiani.
890 5348 1294 5404 Advertendum
1324 5356 1408 5403 est
1453 5349 1598 5419 quod
1647 5352 1811 5404 etiam
1844 5367 1966 5421 pre-

2060 4712 2341 4776 Ἰουδαίοις
2369 4711 2440 4765 τὰ
2489 4711 2727 4779 ἐσόμενα
2771 4711 2937 4770 κακά.
3002 4712 3066 4766 El
3113 4713 3170 4766 δὲ
3225 4715 3293 4768 δι’
3322 4715 3518 4778 αὐτοὺς
3545 4711 3638 4788 ἦν,

2065 4804 2169 4859 ἔδει
2201 4803 2421 4868 πάντως
2453 4804 2546 4858 καὶ
2583 4803 2716 4858 δντα
2749 4803 3084 4861 παύσασθαι.
3128 4805 3501 4876 Εύδοκιμῆσαι
3530 4809 3641 4881 γὰρ

2067 4895 2268 4969 μᾶλλον
2305 4895 2471 4966 ἐχρῆν
2526 4894 2724 4957 αὐτοὺς
2781 4895 2863 4947 ὅτι
2917 4895 2980 4947 τὸ
3037 4893 3214 4948 αὐτῶν
3271 4897 3512 4964 ἐποίουν,
3545 4899 3642 4950 ἀν·

2064 4989 2255 5062 ᾐρουν,
2310 4987 2586 5052 ἐκόλαζον,
2633 4984 2957 5055 ἐτιμώρουν,
3009 4987 3350 5058 πανταχόθεν
3393 4991 3638 5044 ἐδίωκον.

2056 5079 2156 5132 Διὰ
2191 5077 2350 5132 τοῦτο
2388 5077 2566 5129 τοίνυν
2623 5075 2717 5128 καὶ
2762 5076 2790 5128 6
2835 5075 2994 5148 λιμὸς
3041 5080 3288 5146 γέγονεν,
3338 5081 3387 5132 εί
3440 5081 3534 5134 καὶ
3573 5081 3639 5134 ού

2059 5170 2300 5238 συνῆκαν
2356 5169 2406 5222 oi
2463 5167 2710 5232 τάλανες,
2772 5167 2866 5220 καὶ
2936 5169 3273 5239 συνέπασχον
3315 5170 3496 5232 αὐτοῖς
3563 5173 3638 5234 είς,

2058 5261 2216 5316 τοῦτο
2249 5260 2297 5313 οί
2337 5257 2674 5329 Χριστιανοί.
2713 5258 3053 5329 Σημειωτέον
3101 5259 3184 5312 ὅτι
3215 5260 3309 5312 καὶ
3339 5260 3642 5332 πρεσϐυτέ-

2067 5369 2178 5424 ρων
2209 5346 2354 5420 εῒχον
2409 5348 2568 5414 ἀξίαν
2623 5347 2676 5402 οἱ
2727 5346 3035 5405 ἀπόστολοι.
3087 5349 3199 5402 Καὶ
3253 5351 3346 5403 ἐπὶ
3388 5350 3562 5405 ἀλλων
3586 5350 3642 5403 δέ

394 5443 740 5513 sbyterorum
796 5441 1116 5511 dignitatem
1179 5439 1452 5494 habebant
1519 5440 1782 5510 apostoli.
1828 5442 1950 5496 Aliis

2070 5443 2380 5514 κεφαλαίων
2414 5441 2780 5514 σεσημείωται
2813 5441 2895 5496 ὅτι
2924 5440 3185 5496 διακόνων
3213 5445 3308 5496 καὶ
3327 5443 3646 5497 ἐπισκόπων

395 5549 612 5602 quoque
641 5532 915 5602 capitibus
933 5530 1298 5602 signiﬁcatum
1331 5541 1414 5584 est
1434 5532 1578 5600 quod
1607 5531 1965 5586 diaconorum

396 5636 446 5678 et
477 5627 859 5696 episcoporum
889 5625 1115 5695 gradum
1148 5623 1442 5679 habebant.

467 5861 512 5891 θ’
542 5861 728 5916 Matth.
752 5879 844 5927 xu,
882 5862 971 5917 55.
1046 5864 1090 5895 ⁸⁸
1124 5863 1313 5919 Matth.
1348 5879 1470 5929 xxv,
1499 5863 1589 5927 “2!,
1624 5864 1712 5918 2"».

2071 5535 2216 5610 εἶχον
2247 5535 2476 5609 βαθμόν.

1791 5866 1833 5896 θτ
1860 5863 2123 5929 Μοιιιωι,
2158 5867 2238 5921 12.
2317 5866 2360 5897 ⁸⁸
2402 5865 2757 5927 MatthJXtv,
2800 5863 2850 5917 7.
