  <div class='ocr_page' id='page_1' title='image "/cluster/home/n/w/nwhite01/storage/ocr_20150623/118/hvd.32044019208149/111.png"; bbox 0 0 4024 6554; ppageno 0'>
   <div class='ocr_carea' id='block_1_1' title="bbox 362 386 465 456">
    <p class='ocr_par' dir='ltr' id='par_1_1' title="bbox 362 386 465 456">
     <span class='ocr_line' id='line_1_1' title="bbox 362 386 465 456; baseline -0.019 0"><span class='ocrx_word' id='word_1_1' title='bbox 362 386 465 456; x_wconf 81' lang='grc'><strong>18⁸1</strong></span> 
     </span>
    </p>
   </div>
   <div class='ocr_carea' id='block_1_2' title="bbox 1407 383 2524 451">
    <p class='ocr_par' dir='ltr' id='par_1_2' title="bbox 1407 383 2524 451">
     <span class='ocr_line' id='line_1_2' title="bbox 1407 383 2524 451; baseline 0.003 -3"><span class='ocrx_word' id='word_1_2' title='bbox 1407 385 1806 449; x_wconf 84' lang='lat' dir='ltr'><strong>(ECUMENII</strong></span> <span class='ocrx_word' id='word_1_3' title='bbox 1846 383 2142 447; x_wconf 56' lang='lat' dir='ltr'><strong>TRICCxE</strong></span> <span class='ocrx_word' id='word_1_4' title='bbox 2180 387 2524 451; x_wconf 82' lang='lat' dir='ltr'><strong>EI’ISCOPI</strong></span> 
     </span>
    </p>
   </div>
   <div class='ocr_carea' id='block_1_3' title="bbox 3513 386 3616 453">
    <p class='ocr_par' dir='ltr' id='par_1_3' title="bbox 3513 386 3616 453">
     <span class='ocr_line' id='line_1_3' title="bbox 3513 386 3616 453; baseline 0 -1"><span class='ocrx_word' id='word_1_5' title='bbox 3513 386 3616 453; x_wconf 79' lang='lat'><strong>188</strong></span> 
     </span>
    </p>
   </div>
   <div class='ocr_carea' id='block_1_4' title="bbox 369 500 1961 580">
    <p class='ocr_par' dir='ltr' id='par_1_4' title="bbox 369 501 1938 575">
     <span class='ocr_line' id='line_1_4' title="bbox 369 501 1938 575; baseline -0.004 -11"><span class='ocrx_word' id='word_1_6' title='bbox 369 529 388 564; x_wconf 70' lang='grc' dir='ltr'><em>ς</em></span> <span class='ocrx_word' id='word_1_7' title='bbox 429 525 495 566; x_wconf 80' lang='lat' dir='ltr'><strong>ex</strong></span> <span class='ocrx_word' id='word_1_8' title='bbox 532 505 953 565; x_wconf 78' lang='lat' dir='ltr'><strong>circumcisione</strong></span> <span class='ocrx_word' id='word_1_9' title='bbox 995 502 1366 574; x_wconf 83' lang='lat' dir='ltr'><strong>crediderant,</strong></span> <span class='ocrx_word' id='word_1_10' title='bbox 1396 511 1663 575; x_wconf 92' lang='lat' dir='ltr'><strong>quotquot</strong></span> <span class='ocrx_word' id='word_1_11' title='bbox 1691 501 1938 560; x_wconf 82' lang='lat' dir='ltr'><strong>comitati</strong></span> 
     </span>
    </p>
   </div>
   <div class='ocr_carea' id='block_1_5' title="bbox 2068 500 3621 580">
    <p class='ocr_par' dir='ltr' id='par_1_5' title="bbox 2112 504 3621 580">
     <span class='ocr_line' id='line_1_5' title="bbox 2112 504 3621 580; baseline 0.003 -19"><span class='ocrx_word' id='word_1_12' title='bbox 2112 507 2220 577; x_wconf 77' lang='grc' dir='ltr'><strong>μῆς</strong></span> <span class='ocrx_word' id='word_1_13' title='bbox 2256 508 2460 573; x_wconf 71' lang='grc' dir='ltr'>πιστοὶ,</span> <span class='ocrx_word' id='word_1_14' title='bbox 2483 508 2600 564; x_wconf 83' lang='grc' dir='ltr'><strong>ὅσοι</strong></span> <span class='ocrx_word' id='word_1_15' title='bbox 2625 505 2887 579; x_wconf 82' lang='grc' dir='ltr'>συνῆλθον</span> <span class='ocrx_word' id='word_1_16' title='bbox 2930 504 3011 578; x_wconf 81' lang='grc' dir='ltr'><strong>τῷ</strong></span> <span class='ocrx_word' id='word_1_17' title='bbox 3034 507 3245 580; x_wconf 86' lang='grc' dir='ltr'>Πέτρῳ,</span> <span class='ocrx_word' id='word_1_18' title='bbox 3276 508 3359 563; x_wconf 80' lang='grc' dir='ltr'>ὅτι</span> <span class='ocrx_word' id='word_1_19' title='bbox 3398 509 3497 563; x_wconf 81' lang='grc' dir='ltr'>καὶ</span> <span class='ocrx_word' id='word_1_20' title='bbox 3524 510 3621 566; x_wconf 63' lang='grc' dir='ltr'><strong>ἐπὶ</strong></span> 
     </span>
    </p>
   </div>
   <div class='ocr_carea' id='block_1_6' title="bbox 371 597 1946 672">
    <p class='ocr_par' dir='ltr' id='par_1_6' title="bbox 371 597 1946 672">
     <span class='ocr_line' id='line_1_6' title="bbox 371 597 1946 672; baseline -0.001 -17"><span class='ocrx_word' id='word_1_21' title='bbox 371 623 390 655; x_wconf 77' lang='grc' dir='ltr'>ι</span> <span class='ocrx_word' id='word_1_22' title='bbox 435 600 650 657; x_wconf 87' lang='lat' dir='ltr'><strong>fuerant</strong></span> <span class='ocrx_word' id='word_1_23' title='bbox 671 599 919 668; x_wconf 86' lang='lat' dir='ltr'><strong>Petrum,</strong></span> <span class='ocrx_word' id='word_1_24' title='bbox 965 599 1114 672; x_wconf 90' lang='lat' dir='ltr'><strong>quod</strong></span> <span class='ocrx_word' id='word_1_25' title='bbox 1143 606 1195 655; x_wconf 90' lang='lat' dir='ltr'><strong>et</strong></span> <span class='ocrx_word' id='word_1_26' title='bbox 1228 598 1283 653; x_wconf 88' lang='lat' dir='ltr'><strong>in</strong></span> <span class='ocrx_word' id='word_1_27' title='bbox 1315 605 1507 669; x_wconf 81' lang='lat' dir='ltr'><strong>gentes</strong></span> <span class='ocrx_word' id='word_1_28' title='bbox 1535 597 1738 655; x_wconf 86' lang='lat' dir='ltr'><strong>donum</strong></span> <span class='ocrx_word' id='word_1_29' title='bbox 1769 597 1946 654; x_wconf 85' lang='lat' dir='ltr'><strong>sancti</strong></span> 
     </span>
    </p>
   </div>
   <div class='ocr_carea' id='block_1_7' title="bbox 370 690 1945 766">
    <p class='ocr_par' dir='ltr' id='par_1_7' title="bbox 370 690 1945 766">
     <span class='ocr_line' id='line_1_7' title="bbox 370 690 1945 766; baseline 0 -19"><span class='ocrx_word' id='word_1_30' title='bbox 370 714 389 747; x_wconf 72' lang='grc' dir='ltr'><strong>ι</strong></span> <span class='ocrx_word' id='word_1_31' title='bbox 430 694 667 766; x_wconf 82' lang='lat' dir='ltr'><strong>Spiritus</strong></span> <span class='ocrx_word' id='word_1_32' title='bbox 712 693 944 753; x_wconf 78' lang='lat' dir='ltr'><strong>eﬂ&#39;usum</strong></span> <span class='ocrx_word' id='word_1_33' title='bbox 988 700 1158 750; x_wconf 82' lang='lat' dir='ltr'><strong>esset.</strong></span> <span class='ocrx_word' id='word_1_34' title='bbox 1191 690 1503 751; x_wconf 81' lang='lat' dir='ltr'><strong>Audiebant</strong></span> <span class='ocrx_word' id='word_1_35' title='bbox 1535 693 1685 750; x_wconf 89' lang='lat' dir='ltr'><strong>enim</strong></span> <span class='ocrx_word' id='word_1_36' title='bbox 1712 692 1945 749; x_wconf 86' lang='lat' dir='ltr'><strong>illoslo-</strong></span> 
     </span>
    </p>
   </div>
   <div class='ocr_carea' id='block_1_8' title="bbox 372 783 1948 857">
    <p class='ocr_par' dir='ltr' id='par_1_8' title="bbox 372 783 1948 857">
     <span class='ocr_line' id='line_1_8' title="bbox 372 783 1948 857; baseline 0.004 -20"><span class='ocrx_word' id='word_1_37' title='bbox 372 807 393 837; x_wconf 73' lang='grc' dir='ltr'><strong><em>ο</em></strong></span> <span class='ocrx_word' id='word_1_38' title='bbox 438 796 671 855; x_wconf 79' lang='lat' dir='ltr'><strong>quentes</strong></span> <span class='ocrx_word' id='word_1_39' title='bbox 725 787 924 857; x_wconf 79' lang='lat' dir='ltr'><strong>linguis</strong></span> <span class='ocrx_word' id='word_1_40' title='bbox 979 800 1041 842; x_wconf 80' lang='lat' dir='ltr'><strong>ac</strong></span> <span class='ocrx_word' id='word_1_41' title='bbox 1088 784 1504 856; x_wconf 81' lang='lat' dir='ltr'><strong>magniﬁcantes</strong></span> <span class='ocrx_word' id='word_1_42' title='bbox 1544 784 1738 842; x_wconf 90' lang='lat' dir='ltr'><strong>Deum.</strong></span> <span class='ocrx_word' id='word_1_43' title='bbox 1791 783 1948 843; x_wconf 87' lang='lat' dir='ltr'><strong>Tunc</strong></span> 
     </span>
    </p>
   </div>
   <div class='ocr_carea' id='block_1_9' title="bbox 381 875 1945 951">
    <p class='ocr_par' dir='ltr' id='par_1_9' title="bbox 381 875 1945 951">
     <span class='ocr_line' id='line_1_9' title="bbox 381 875 1945 951; baseline 0.001 -23"><span class='ocrx_word' id='word_1_44' title='bbox 381 898 397 928; x_wconf 75' lang='grc' dir='ltr'>α</span> <span class='ocrx_word' id='word_1_45' title='bbox 444 877 1273 951; x_wconf 79' lang='lat' dir='ltr'><strong>responditPetrus:Nunquid</strong></span> <span class='ocrx_word' id='word_1_46' title='bbox 1325 877 1618 949; x_wconf 87' lang='lat' dir='ltr'><strong>prohibere</strong></span> <span class='ocrx_word' id='word_1_47' title='bbox 1674 875 1945 948; x_wconf 77' lang='lat' dir='ltr'><strong>quispiam</strong></span> 
     </span>
    </p>
   </div>
   <div class='ocr_carea' id='block_1_10' title="bbox 379 950 1949 1040">
    <p class='ocr_par' dir='ltr' id='par_1_10' title="bbox 379 950 1949 1040">
     <span class='ocr_line' id='line_1_10' title="bbox 379 950 1949 1040; baseline 0 -19"><span class='ocrx_word' id='word_1_48' title='bbox 379 990 395 1021; x_wconf 79' lang='grc' dir='ltr'><strong>ι</strong></span> <span class='ocrx_word' id='word_1_49' title='bbox 442 950 640 1040; x_wconf 88' lang='lat' dir='ltr'><strong>potest,</strong></span> <span class='ocrx_word' id='word_1_50' title='bbox 693 985 759 1025; x_wconf 90' lang='lat' dir='ltr'><strong>ne</strong></span> <span class='ocrx_word' id='word_1_51' title='bbox 783 984 924 1039; x_wconf 86' lang='lat' dir='ltr'><strong>aqua</strong></span> <span class='ocrx_word' id='word_1_52' title='bbox 945 950 1295 1038; x_wconf 78' lang='lat' dir='ltr'><strong>baptizentur</strong></span> <span class='ocrx_word' id='word_1_53' title='bbox 1315 966 1368 1022; x_wconf 86' lang='lat' dir='ltr'><strong>hi</strong></span> <span class='ocrx_word' id='word_1_54' title='bbox 1398 967 1489 1037; x_wconf 90' lang='lat' dir='ltr'><strong>qui</strong></span> <span class='ocrx_word' id='word_1_55' title='bbox 1526 966 1788 1036; x_wconf 87' lang='lat' dir='ltr'><strong>Spiritum</strong></span> <span class='ocrx_word' id='word_1_56' title='bbox 1817 980 1949 1021; x_wconf 84' lang='lat' dir='ltr'><strong>san-</strong></span> 
     </span>
    </p>
   </div>
   <div class='ocr_carea' id='block_1_11' title="bbox 374 1058 1949 1139">
    <p class='ocr_par' dir='ltr' id='par_1_11' title="bbox 374 1058 1949 1139">
     <span class='ocr_line' id='line_1_11' title="bbox 374 1058 1949 1139; baseline -0.001 -26"><span class='ocrx_word' id='word_1_57' title='bbox 374 1083 390 1113; x_wconf 75' lang='grc' dir='ltr'><strong>ι</strong></span> <span class='ocrx_word' id='word_1_58' title='bbox 440 1073 586 1118; x_wconf 89' lang='lat' dir='ltr'><strong>ctum</strong></span> <span class='ocrx_word' id='word_1_59' title='bbox 621 1072 953 1132; x_wconf 88' lang='lat' dir='ltr'><strong>acceperunt</strong></span> <span class='ocrx_word' id='word_1_60' title='bbox 980 1060 1126 1139; x_wconf 83' lang='lat' dir='ltr'><strong>sicut</strong></span> <span class='ocrx_word' id='word_1_61' title='bbox 1152 1067 1205 1115; x_wconf 91' lang='lat' dir='ltr'><strong>et</strong></span> <span class='ocrx_word' id='word_1_62' title='bbox 1231 1059 1370 1116; x_wconf 83' lang='lat' dir='ltr'><strong>nos?</strong></span> <span class='ocrx_word' id='word_1_63' title='bbox 1391 1058 1634 1131; x_wconf 83' lang='lat' dir='ltr'><strong>Etjussit</strong></span> <span class='ocrx_word' id='word_1_64' title='bbox 1656 1073 1752 1116; x_wconf 88' lang='lat' dir='ltr'><strong>eos</strong></span> <span class='ocrx_word' id='word_1_65' title='bbox 1771 1058 1949 1129; x_wconf 85' lang='lat' dir='ltr'><strong>bapti-</strong></span> 
     </span>
    </p>
   </div>
   <div class='ocr_carea' id='block_1_12' title="bbox 376 1151 1951 1224">
    <p class='ocr_par' dir='ltr' id='par_1_12' title="bbox 376 1151 1951 1224">
     <span class='ocr_line' id='line_1_12' title="bbox 376 1151 1951 1224; baseline -0.001 -17"><span class='ocrx_word' id='word_1_66' title='bbox 376 1175 393 1207; x_wconf 74' lang='grc' dir='ltr'><strong>ι</strong></span> <span class='ocrx_word' id='word_1_67' title='bbox 437 1156 547 1210; x_wconf 87' lang='lat' dir='ltr'><strong>zari</strong></span> <span class='ocrx_word' id='word_1_68' title='bbox 582 1155 632 1209; x_wconf 90' lang='lat' dir='ltr'><strong>in</strong></span> <span class='ocrx_word' id='word_1_69' title='bbox 659 1154 882 1208; x_wconf 84' lang='lat' dir='ltr'><strong>nomine</strong></span> <span class='ocrx_word' id='word_1_70' title='bbox 904 1151 1143 1207; x_wconf 90' lang='lat' dir='ltr'><strong>Domini.</strong></span> <span class='ocrx_word' id='word_1_71' title='bbox 1176 1151 1333 1208; x_wconf 88' lang='lat' dir='ltr'><strong>Tune</strong></span> <span class='ocrx_word' id='word_1_72' title='bbox 1358 1158 1689 1224; x_wconf 74' lang='lat' dir='ltr'><strong>rogaverunt</strong></span> <span class='ocrx_word' id='word_1_73' title='bbox 1712 1165 1858 1219; x_wconf 88' lang='lat' dir='ltr'><strong>eum,</strong></span> <span class='ocrx_word' id='word_1_74' title='bbox 1889 1157 1951 1206; x_wconf 88' lang='lat' dir='ltr'><strong>ut</strong></span> 
     </span>
    </p>
   </div>
   <div class='ocr_carea' id='block_1_13' title="bbox 378 1246 1241 1316">
    <p class='ocr_par' dir='ltr' id='par_1_13' title="bbox 378 1246 1241 1316">
     <span class='ocr_line' id='line_1_13' title="bbox 378 1246 1241 1316; baseline -0.003 -15"><span class='ocrx_word' id='word_1_75' title='bbox 378 1268 397 1300; x_wconf 75' lang='grc' dir='ltr'><strong>ι</strong></span> <span class='ocrx_word' id='word_1_76' title='bbox 447 1256 758 1301; x_wconf 61' lang='lat' dir='ltr'><strong>rrmaneret</strong></span> <span class='ocrx_word' id='word_1_77' title='bbox 791 1246 910 1302; x_wconf 81' lang='lat' dir='ltr'><strong>dies</strong></span> <span class='ocrx_word' id='word_1_78' title='bbox 948 1246 1177 1316; x_wconf 76' lang='lat' dir='ltr'><strong>aliquot.</strong></span> <span class='ocrx_word' id='word_1_79' title='bbox 1220 1263 1241 1298; x_wconf 73' lang='grc' dir='ltr'><strong>ι</strong></span> 
     </span>
    </p>
   </div>
   <div class='ocr_carea' id='block_1_14' title="bbox 442 1334 1951 1409">
    <p class='ocr_par' dir='ltr' id='par_1_14' title="bbox 442 1334 1951 1409">
     <span class='ocr_line' id='line_1_14' title="bbox 442 1334 1951 1409; baseline -0.001 -15"><span class='ocrx_word' id='word_1_80' title='bbox 442 1337 542 1394; x_wconf 89' lang='lat' dir='ltr'><strong>Ubi</strong></span> <span class='ocrx_word' id='word_1_81' title='bbox 583 1339 945 1394; x_wconf 76' lang='lat' dir='ltr'><strong>credidissent</strong></span> <span class='ocrx_word' id='word_1_82' title='bbox 986 1338 1129 1409; x_wconf 88' lang='lat' dir='ltr'><strong>quod</strong></span> <span class='ocrx_word' id='word_1_83' title='bbox 1164 1353 1260 1409; x_wconf 89' lang='lat' dir='ltr'><strong>per</strong></span> <span class='ocrx_word' id='word_1_84' title='bbox 1295 1337 1570 1407; x_wconf 80' lang='lat' dir='ltr'><strong>baptisma</strong></span> <span class='ocrx_word' id='word_1_85' title='bbox 1609 1335 1857 1393; x_wconf 65' lang='lat' dir='ltr'><strong>omnino‘</strong></span> <span class='ocrx_word' id='word_1_86' title='bbox 1892 1334 1951 1392; x_wconf 73' lang='lat' dir='ltr'><strong>ﬁt</strong></span> 
     </span>
    </p>
   </div>
   <div class='ocr_carea' id='block_1_15' title="bbox 374 1428 1953 1501">
    <p class='ocr_par' dir='ltr' id='par_1_15' title="bbox 374 1428 1953 1501">
     <span class='ocr_line' id='line_1_15' title="bbox 374 1428 1953 1501; baseline -0.001 -16"><span class='ocrx_word' id='word_1_87' title='bbox 374 1431 623 1485; x_wconf 83' lang='lat' dir='ltr'><strong>remissio</strong></span> <span class='ocrx_word' id='word_1_88' title='bbox 648 1438 1024 1500; x_wconf 68' lang='lat' dir='ltr'><strong>peccatorum,</strong></span> <span class='ocrx_word' id='word_1_89' title='bbox 1050 1437 1180 1485; x_wconf 89' lang='lat' dir='ltr'><strong>tunc</strong></span> <span class='ocrx_word' id='word_1_90' title='bbox 1215 1445 1380 1501; x_wconf 85' lang='lat' dir='ltr'><strong>super</strong></span> <span class='ocrx_word' id='word_1_91' title='bbox 1399 1444 1496 1486; x_wconf 87' lang='lat' dir='ltr'><strong>eos</strong></span> <span class='ocrx_word' id='word_1_92' title='bbox 1522 1428 1809 1485; x_wconf 84' lang='lat' dir='ltr'><strong>descendit</strong></span> <span class='ocrx_word' id='word_1_93' title='bbox 1828 1428 1953 1499; x_wconf 89' lang='lat' dir='ltr'><strong>Spi-</strong></span> 
     </span>
    </p>
   </div>
   <div class='ocr_carea' id='block_1_16' title="bbox 373 1519 1952 1593">
    <p class='ocr_par' dir='ltr' id='par_1_16' title="bbox 373 1519 1952 1593">
     <span class='ocr_line' id='line_1_16' title="bbox 373 1519 1952 1593; baseline 0 -17"><span class='ocrx_word' id='word_1_94' title='bbox 373 1524 531 1578; x_wconf 87' lang='lat' dir='ltr'><strong>ritus.</strong></span> <span class='ocrx_word' id='word_1_95' title='bbox 556 1519 670 1576; x_wconf 74' lang='lat' dir='ltr'><strong>Hoe</strong></span> <span class='ocrx_word' id='word_1_96' title='bbox 696 1530 898 1587; x_wconf 85' lang='lat' dir='ltr'><strong>autem,</strong></span> <span class='ocrx_word' id='word_1_97' title='bbox 921 1520 1032 1576; x_wconf 90' lang='lat' dir='ltr'><strong>Deo</strong></span> <span class='ocrx_word' id='word_1_98' title='bbox 1049 1520 1465 1591; x_wconf 84' lang='lat' dir='ltr'><strong>praeordinante,</strong></span> <span class='ocrx_word' id='word_1_99' title='bbox 1490 1520 1689 1576; x_wconf 88' lang='lat' dir='ltr'><strong>accidit</strong></span> <span class='ocrx_word' id='word_1_100' title='bbox 1706 1521 1868 1593; x_wconf 77' lang='lat'><strong>100</strong></span> <span class='ocrx_word' id='word_1_101' title='bbox 1883 1520 1952 1577; x_wconf 89' lang='lat' dir='ltr'><strong>ad</strong></span> 
     </span>
    </p>
   </div>
   <div class='ocr_carea' id='block_1_17' title="bbox 376 1612 1953 1685">
    <p class='ocr_par' dir='ltr' id='par_1_17' title="bbox 376 1612 1953 1685">
     <span class='ocr_line' id='line_1_17' title="bbox 376 1612 1953 1685; baseline 0.001 -18"><span class='ocrx_word' id='word_1_102' title='bbox 376 1628 632 1684; x_wconf 80' lang='lat' dir='ltr'><strong>magnam</strong></span> <span class='ocrx_word' id='word_1_103' title='bbox 665 1613 811 1669; x_wconf 74' lang='lat' dir='ltr'><strong>Petri</strong></span> <span class='ocrx_word' id='word_1_104' title='bbox 859 1613 1260 1670; x_wconf 81' lang='lat' dir='ltr'><strong>defensionem.</strong></span> <span class='ocrx_word' id='word_1_105' title='bbox 1297 1613 1485 1685; x_wconf 82' lang='lat' dir='ltr'><strong>Neque</strong></span> <span class='ocrx_word' id='word_1_106' title='bbox 1528 1612 1741 1683; x_wconf 84' lang='lat' dir='ltr'><strong>vulgari</strong></span> <span class='ocrx_word' id='word_1_107' title='bbox 1789 1612 1953 1668; x_wconf 91' lang='lat' dir='ltr'><strong>modo</strong></span> 
     </span>
    </p>
   </div>
   <div class='ocr_carea' id='block_1_18' title="bbox 379 1705 1949 1777">
    <p class='ocr_par' dir='ltr' id='par_1_18' title="bbox 379 1705 1949 1777">
     <span class='ocr_line' id='line_1_18' title="bbox 379 1705 1949 1777; baseline -0.001 -16"><span class='ocrx_word' id='word_1_108' title='bbox 379 1705 621 1777; x_wconf 82' lang='lat' dir='ltr'><strong>Spiritus</strong></span> <span class='ocrx_word' id='word_1_109' title='bbox 661 1706 999 1775; x_wconf 79' lang='lat' dir='ltr'><strong>supervenit,</strong></span> <span class='ocrx_word' id='word_1_110' title='bbox 1053 1707 1147 1762; x_wconf 88' lang='lat' dir='ltr'><strong>sed</strong></span> <span class='ocrx_word' id='word_1_111' title='bbox 1197 1714 1253 1763; x_wconf 92' lang='lat' dir='ltr'><strong>et</strong></span> <span class='ocrx_word' id='word_1_112' title='bbox 1306 1706 1507 1775; x_wconf 80' lang='lat' dir='ltr'><strong>linguis</strong></span> <span class='ocrx_word' id='word_1_113' title='bbox 1564 1706 1949 1776; x_wconf 86' lang='lat' dir='ltr'><strong>loquebantur,</strong></span> 
     </span>
    </p>
   </div>
   <div class='ocr_carea' id='block_1_19' title="bbox 376 1796 1948 1872">
    <p class='ocr_par' dir='ltr' id='par_1_19' title="bbox 376 1796 1948 1872">
     <span class='ocr_line' id='line_1_19' title="bbox 376 1796 1948 1872; baseline 0.001 -19"><span class='ocrx_word' id='word_1_114' title='bbox 376 1798 522 1866; x_wconf 88' lang='lat' dir='ltr'><strong>quod</strong></span> <span class='ocrx_word' id='word_1_115' title='bbox 550 1803 602 1853; x_wconf 91' lang='lat' dir='ltr'><strong>in</strong></span> <span class='ocrx_word' id='word_1_116' title='bbox 627 1808 904 1869; x_wconf 88' lang='lat' dir='ltr'><strong>stuporem</strong></span> <span class='ocrx_word' id='word_1_117' title='bbox 931 1796 1143 1854; x_wconf 82' lang='lat' dir='ltr'><strong>induxit</strong></span> <span class='ocrx_word' id='word_1_118' title='bbox 1169 1816 1288 1869; x_wconf 89' lang='lat' dir='ltr'><strong>eos,</strong></span> <span class='ocrx_word' id='word_1_119' title='bbox 1312 1801 1405 1872; x_wconf 86' lang='lat' dir='ltr'><strong>qui</strong></span> <span class='ocrx_word' id='word_1_120' title='bbox 1433 1799 1662 1855; x_wconf 86' lang='lat' dir='ltr'><strong>comites</strong></span> <span class='ocrx_word' id='word_1_121' title='bbox 1686 1799 1900 1855; x_wconf 81' lang='lat' dir='ltr'><strong>fuerant</strong></span> <span class='ocrx_word' id='word_1_122' title='bbox 1932 1815 1948 1854; x_wconf 92' lang='lat'><strong>:</strong></span> 
     </span>
    </p>
   </div>
   <div class='ocr_carea' id='block_1_20' title="bbox 378 1892 1951 1963">
    <p class='ocr_par' dir='ltr' id='par_1_20' title="bbox 378 1892 1951 1963">
     <span class='ocr_line' id='line_1_20' title="bbox 378 1892 1951 1963; baseline 0.001 -17"><span class='ocrx_word' id='word_1_123' title='bbox 378 1903 598 1961; x_wconf 86' lang='lat' dir='ltr'><strong>propter</strong></span> <span class='ocrx_word' id='word_1_124' title='bbox 629 1895 769 1963; x_wconf 92' lang='lat' dir='ltr'><strong>quod</strong></span> <span class='ocrx_word' id='word_1_125' title='bbox 803 1895 962 1947; x_wconf 88' lang='lat' dir='ltr'><strong>etiam</strong></span> <span class='ocrx_word' id='word_1_126' title='bbox 1000 1894 1193 1949; x_wconf 86' lang='lat' dir='ltr'><strong>Petrus</strong></span> <span class='ocrx_word' id='word_1_127' title='bbox 1239 1892 1527 1949; x_wconf 73' lang='lat' dir='ltr'><strong>confestim</strong></span> <span class='ocrx_word' id='word_1_128' title='bbox 1562 1909 1655 1949; x_wconf 90' lang='lat' dir='ltr'><strong>eos</strong></span> <span class='ocrx_word' id='word_1_129' title='bbox 1686 1893 1951 1963; x_wconf 81' lang='lat' dir='ltr'><strong>baptizari</strong></span> 
     </span>
    </p>
   </div>
   <div class='ocr_carea' id='block_1_21' title="bbox 372 1978 1952 2055">
    <p class='ocr_par' dir='ltr' id='par_1_21' title="bbox 372 1978 1952 2055">
     <span class='ocr_line' id='line_1_21' title="bbox 372 1978 1952 2055; baseline 0.003 -21"><span class='ocrx_word' id='word_1_130' title='bbox 372 1983 545 2053; x_wconf 86' lang='lat' dir='ltr'><strong>jussit</strong></span> <span class='ocrx_word' id='word_1_131' title='bbox 571 1983 624 2038; x_wconf 90' lang='lat' dir='ltr'><strong>in</strong></span> <span class='ocrx_word' id='word_1_132' title='bbox 654 1978 878 2040; x_wconf 87' lang='lat' dir='ltr'><strong>nomine</strong></span> <span class='ocrx_word' id='word_1_133' title='bbox 919 1985 1151 2040; x_wconf 89' lang='lat' dir='ltr'><strong>Domini.</strong></span> <span class='ocrx_word' id='word_1_134' title='bbox 1179 1982 1288 2041; x_wconf 88' lang='lat' dir='ltr'><strong>Nec</strong></span> <span class='ocrx_word' id='word_1_135' title='bbox 1317 1986 1476 2041; x_wconf 72' lang='lat' dir='ltr'><strong>dixit:</strong></span> <span class='ocrx_word' id='word_1_136' title='bbox 1509 1985 1781 2051; x_wconf 84' lang='lat' dir='ltr'><strong>Quorsum</strong></span> <span class='ocrx_word' id='word_1_137' title='bbox 1812 1999 1952 2055; x_wconf 85' lang='lat' dir='ltr'><strong>aqua</strong></span> 
     </span>
    </p>
   </div>
   <div class='ocr_carea' id='block_1_22' title="bbox 376 2074 1957 2147">
    <p class='ocr_par' dir='ltr' id='par_1_22' title="bbox 376 2074 1957 2147">
     <span class='ocr_line' id='line_1_22' title="bbox 376 2074 1957 2147; baseline 0.004 -23"><span class='ocrx_word' id='word_1_138' title='bbox 376 2086 513 2141; x_wconf 83' lang='lat' dir='ltr'><strong>opus</strong></span> <span class='ocrx_word' id='word_1_139' title='bbox 532 2083 639 2140; x_wconf 77' lang='lat' dir='ltr'><strong>est,</strong></span> <span class='ocrx_word' id='word_1_140' title='bbox 666 2090 790 2130; x_wconf 86' lang='lat' dir='ltr'><strong>cum</strong></span> <span class='ocrx_word' id='word_1_141' title='bbox 819 2077 1194 2146; x_wconf 82' lang='lat' dir='ltr'><strong>supervenerit</strong></span> <span class='ocrx_word' id='word_1_142' title='bbox 1227 2077 1279 2131; x_wconf 90' lang='lat' dir='ltr'><strong>in</strong></span> <span class='ocrx_word' id='word_1_143' title='bbox 1310 2092 1405 2133; x_wconf 88' lang='lat' dir='ltr'><strong>eos</strong></span> <span class='ocrx_word' id='word_1_144' title='bbox 1427 2074 1666 2147; x_wconf 80' lang='lat' dir='ltr'><strong>Spiritus</strong></span> <span class='ocrx_word' id='word_1_145' title='bbox 1688 2076 1957 2131; x_wconf 80' lang='lat' dir='ltr'><strong>sanctus?</strong></span> 
     </span>
    </p>
   </div>
   <div class='ocr_carea' id='block_1_23' title="bbox 379 2162 1954 2239">
    <p class='ocr_par' dir='ltr' id='par_1_23' title="bbox 379 2162 1954 2239">
     <span class='ocr_line' id='line_1_23' title="bbox 379 2162 1954 2239; baseline 0.004 -24"><span class='ocrx_word' id='word_1_146' title='bbox 379 2162 617 2218; x_wconf 78' lang='lat' dir='ltr'><strong>Noverat</strong></span> <span class='ocrx_word' id='word_1_147' title='bbox 661 2169 831 2230; x_wconf 84' lang='lat' dir='ltr'><strong>enim,</strong></span> <span class='ocrx_word' id='word_1_148' title='bbox 865 2166 1008 2237; x_wconf 90' lang='lat' dir='ltr'><strong>quod</strong></span> <span class='ocrx_word' id='word_1_149' title='bbox 1054 2168 1109 2222; x_wconf 92' lang='lat' dir='ltr'><strong>in</strong></span> <span class='ocrx_word' id='word_1_150' title='bbox 1144 2182 1282 2238; x_wconf 86' lang='lat' dir='ltr'><strong>aqua</strong></span> <span class='ocrx_word' id='word_1_151' title='bbox 1327 2169 1733 2239; x_wconf 76' lang='lat' dir='ltr'><strong>complerentur</strong></span> <span class='ocrx_word' id='word_1_152' title='bbox 1771 2168 1954 2222; x_wconf 87' lang='lat' dir='ltr'><strong>divina</strong></span> 
     </span>
    </p>
   </div>
   <div class='ocr_carea' id='block_1_24' title="bbox 379 2256 1956 2331">
    <p class='ocr_par' dir='ltr' id='par_1_24' title="bbox 379 2256 1956 2331">
     <span class='ocr_line' id='line_1_24' title="bbox 379 2256 1956 2331; baseline 0.005 -23"><span class='ocrx_word' id='word_1_153' title='bbox 379 2256 557 2324; x_wconf 77' lang='lat' dir='ltr'><strong>signa,</strong></span> <span class='ocrx_word' id='word_1_154' title='bbox 587 2275 780 2330; x_wconf 82' lang='lat' dir='ltr'><strong>nempe</strong></span> <span class='ocrx_word' id='word_1_155' title='bbox 813 2261 1092 2331; x_wconf 81' lang='lat' dir='ltr'><strong>sepultura</strong></span> <span class='ocrx_word' id='word_1_156' title='bbox 1120 2277 1183 2315; x_wconf 87' lang='lat' dir='ltr'><strong>ac</strong></span> <span class='ocrx_word' id='word_1_157' title='bbox 1224 2262 1593 2319; x_wconf 82' lang='lat' dir='ltr'><strong>mortiﬁcatio.</strong></span> <span class='ocrx_word' id='word_1_158' title='bbox 1624 2262 1956 2317; x_wconf 89' lang='lat' dir='ltr'><strong>resurrectio</strong></span> 
     </span>
    </p>
   </div>
   <div class='ocr_carea' id='block_1_25' title="bbox 376 2351 1956 2425">
    <p class='ocr_par' dir='ltr' id='par_1_25' title="bbox 376 2351 1956 2425">
     <span class='ocr_line' id='line_1_25' title="bbox 376 2351 1956 2425; baseline 0.004 -22"><span class='ocrx_word' id='word_1_159' title='bbox 376 2358 432 2404; x_wconf 88' lang='lat' dir='ltr'><strong>et</strong></span> <span class='ocrx_word' id='word_1_160' title='bbox 461 2351 591 2406; x_wconf 87' lang='lat' dir='ltr'><strong>vita.</strong></span> <span class='ocrx_word' id='word_1_161' title='bbox 620 2353 1090 2419; x_wconf 81' lang='lat' dir='ltr'><strong>Quemadmodum</strong></span> <span class='ocrx_word' id='word_1_162' title='bbox 1119 2355 1263 2410; x_wconf 89' lang='lat' dir='ltr'><strong>enim</strong></span> <span class='ocrx_word' id='word_1_163' title='bbox 1300 2355 1457 2410; x_wconf 88' lang='lat' dir='ltr'><strong>nobis</strong></span> <span class='ocrx_word' id='word_1_164' title='bbox 1481 2354 1640 2409; x_wconf 80' lang='lat' dir='ltr'><strong>facile</strong></span> <span class='ocrx_word' id='word_1_165' title='bbox 1667 2364 1751 2410; x_wconf 88' lang='lat' dir='ltr'><strong>est</strong></span> <span class='ocrx_word' id='word_1_166' title='bbox 1779 2355 1956 2425; x_wconf 85' lang='lat' dir='ltr'><strong>bapti-</strong></span> 
     </span>
    </p>
   </div>
   <div class='ocr_carea' id='block_1_26' title="bbox 377 2444 1955 2515">
    <p class='ocr_par' dir='ltr' id='par_1_26' title="bbox 377 2444 1955 2515">
     <span class='ocr_line' id='line_1_26' title="bbox 377 2444 1955 2515; baseline 0.004 -19"><span class='ocrx_word' id='word_1_167' title='bbox 377 2459 503 2498; x_wconf 83' lang='lat' dir='ltr'><strong>zare</strong></span> <span class='ocrx_word' id='word_1_168' title='bbox 528 2459 589 2499; x_wconf 92' lang='lat' dir='ltr'><strong>ac</strong></span> <span class='ocrx_word' id='word_1_169' title='bbox 617 2459 914 2515; x_wconf 89' lang='lat' dir='ltr'><strong>emergere,</strong></span> <span class='ocrx_word' id='word_1_170' title='bbox 952 2446 1025 2499; x_wconf 87' lang='lat' dir='ltr'><strong>ita</strong></span> <span class='ocrx_word' id='word_1_171' title='bbox 1056 2445 1165 2500; x_wconf 91' lang='lat' dir='ltr'><strong>Deo</strong></span> <span class='ocrx_word' id='word_1_172' title='bbox 1201 2444 1361 2500; x_wconf 84' lang='lat' dir='ltr'><strong>facile</strong></span> <span class='ocrx_word' id='word_1_173' title='bbox 1407 2452 1491 2501; x_wconf 87' lang='lat' dir='ltr'><strong>est</strong></span> <span class='ocrx_word' id='word_1_174' title='bbox 1524 2446 1758 2514; x_wconf 87' lang='lat' dir='ltr'><strong>sepelire</strong></span> <span class='ocrx_word' id='word_1_175' title='bbox 1805 2453 1955 2502; x_wconf 85' lang='lat' dir='ltr'><strong>vete-</strong></span> 
     </span>
    </p>
   </div>
   <div class='ocr_carea' id='block_1_27' title="bbox 379 2537 1952 2607">
    <p class='ocr_par' dir='ltr' id='par_1_27' title="bbox 379 2537 1952 2607">
     <span class='ocr_line' id='line_1_27' title="bbox 379 2537 1952 2607; baseline 0.002 -17"><span class='ocrx_word' id='word_1_176' title='bbox 379 2552 493 2590; x_wconf 87' lang='lat' dir='ltr'><strong>rem</strong></span> <span class='ocrx_word' id='word_1_177' title='bbox 538 2537 809 2593; x_wconf 86' lang='lat' dir='ltr'><strong>hominem</strong></span> <span class='ocrx_word' id='word_1_178' title='bbox 847 2552 1159 2607; x_wconf 79' lang='lat' dir='ltr'><strong>novumque</strong></span> <span class='ocrx_word' id='word_1_179' title='bbox 1190 2537 1589 2595; x_wconf 80' lang='lat' dir='ltr'><strong>demonstrare.</strong></span> <span class='ocrx_word' id='word_1_180' title='bbox 1622 2538 1737 2594; x_wconf 80' lang='lat' dir='ltr'><strong>Hoc</strong></span> <span class='ocrx_word' id='word_1_181' title='bbox 1771 2547 1952 2595; x_wconf 83' lang='lat' dir='ltr'><strong>autem</strong></span> 
     </span>
    </p>
   </div>
   <div class='ocr_carea' id='block_1_28' title="bbox 378 2625 1957 2699">
    <p class='ocr_par' dir='ltr' id='par_1_28' title="bbox 378 2625 1957 2699">
     <span class='ocr_line' id='line_1_28' title="bbox 378 2625 1957 2699; baseline 0.003 -19"><span class='ocrx_word' id='word_1_182' title='bbox 378 2625 544 2682; x_wconf 79' lang='lat' dir='ltr'><strong>tertio</strong></span> <span class='ocrx_word' id='word_1_183' title='bbox 580 2626 637 2681; x_wconf 82' lang='lat' dir='ltr'><strong>fit</strong></span> <span class='ocrx_word' id='word_1_184' title='bbox 665 2668 681 2693; x_wconf 88' lang='lat'><strong>,</strong></span> <span class='ocrx_word' id='word_1_185' title='bbox 725 2633 785 2682; x_wconf 93' lang='lat' dir='ltr'><strong>ut</strong></span> <span class='ocrx_word' id='word_1_186' title='bbox 828 2641 1193 2699; x_wconf 82' lang='lat' dir='ltr'><strong>agnoscamus</strong></span> <span class='ocrx_word' id='word_1_187' title='bbox 1224 2627 1371 2698; x_wconf 88' lang='lat' dir='ltr'><strong>quod</strong></span> <span class='ocrx_word' id='word_1_188' title='bbox 1415 2629 1659 2697; x_wconf 84' lang='lat' dir='ltr'><strong>potentia</strong></span> <span class='ocrx_word' id='word_1_189' title='bbox 1700 2627 1877 2685; x_wconf 83' lang='lat' dir='ltr'><strong>Patris</strong></span> <span class='ocrx_word' id='word_1_190' title='bbox 1903 2637 1957 2685; x_wconf 88' lang='lat' dir='ltr'><strong>et</strong></span> 
     </span>
    </p>
   </div>
   <div class='ocr_carea' id='block_1_29' title="bbox 379 2720 1956 2793">
    <p class='ocr_par' dir='ltr' id='par_1_29' title="bbox 379 2720 1956 2793">
     <span class='ocr_line' id='line_1_29' title="bbox 379 2720 1956 2793; baseline 0.003 -18"><span class='ocrx_word' id='word_1_191' title='bbox 379 2720 501 2776; x_wconf 85' lang='lat' dir='ltr'><strong>Filii</strong></span> <span class='ocrx_word' id='word_1_192' title='bbox 535 2730 588 2777; x_wconf 91' lang='lat' dir='ltr'><strong>et</strong></span> <span class='ocrx_word' id='word_1_193' title='bbox 623 2720 864 2793; x_wconf 89' lang='lat' dir='ltr'><strong>Spiritus</strong></span> <span class='ocrx_word' id='word_1_194' title='bbox 895 2723 1069 2779; x_wconf 87' lang='lat' dir='ltr'><strong>sancti</strong></span> <span class='ocrx_word' id='word_1_195' title='bbox 1102 2724 1205 2779; x_wconf 88' lang='lat' dir='ltr'><strong>hoc</strong></span> <span class='ocrx_word' id='word_1_196' title='bbox 1238 2723 1489 2780; x_wconf 75' lang='lat' dir='ltr'><strong>edicitur.</strong></span> <span class='ocrx_word' id='word_1_197' title='bbox 1518 2724 1749 2791; x_wconf 84' lang='lat' dir='ltr'><strong>Quidam</strong></span> <span class='ocrx_word' id='word_1_198' title='bbox 1776 2733 1956 2780; x_wconf 83' lang='lat' dir='ltr'><strong>autem</strong></span> 
     </span>
    </p>
   </div>
   <div class='ocr_carea' id='block_1_30' title="bbox 380 2812 1960 2879">
    <p class='ocr_par' dir='ltr' id='par_1_30' title="bbox 380 2812 1960 2879">
     <span class='ocr_line' id='line_1_30' title="bbox 380 2812 1960 2879; baseline 0.001 -10"><span class='ocrx_word' id='word_1_199' title='bbox 380 2812 744 2869; x_wconf 84' lang='lat' dir='ltr'><strong>demonstrari</strong></span> <span class='ocrx_word' id='word_1_200' title='bbox 770 2813 960 2879; x_wconf 81' lang='lat' dir='ltr'><strong>dicunt</strong></span> <span class='ocrx_word' id='word_1_201' title='bbox 989 2815 1149 2871; x_wconf 90' lang='lat' dir='ltr'><strong>tertio</strong></span> <span class='ocrx_word' id='word_1_202' title='bbox 1178 2814 1264 2870; x_wconf 89' lang='lat' dir='ltr'><strong>die</strong></span> <span class='ocrx_word' id='word_1_203' title='bbox 1294 2814 1490 2871; x_wconf 83' lang='lat' dir='ltr'><strong>factam</strong></span> <span class='ocrx_word' id='word_1_204' title='bbox 1527 2816 1732 2873; x_wconf 79' lang='lat' dir='ltr'><strong>Christi</strong></span> <span class='ocrx_word' id='word_1_205' title='bbox 1772 2831 1960 2875; x_wconf 84' lang='lat' dir='ltr'><strong>resur-</strong></span> 
     </span>
    </p>
   </div>
   <div class='ocr_carea' id='block_1_31' title="bbox 382 2907 1512 2979">
    <p class='ocr_par' dir='ltr' id='par_1_31' title="bbox 382 2907 1512 2979">
     <span class='ocr_line' id='line_1_31' title="bbox 382 2907 1512 2979; baseline 0.005 -20"><span class='ocrx_word' id='word_1_206' title='bbox 382 2907 707 2975; x_wconf 85' lang='lat' dir='ltr'><strong>rectionem,</strong></span> <span class='ocrx_word' id='word_1_207' title='bbox 738 2923 858 2979; x_wconf 72' lang='lat' dir='ltr'><strong>qua:</strong></span> <span class='ocrx_word' id='word_1_208' title='bbox 884 2907 988 2963; x_wconf 85' lang='lat' dir='ltr'><strong>hoc</strong></span> <span class='ocrx_word' id='word_1_209' title='bbox 1018 2909 1071 2963; x_wconf 92' lang='lat' dir='ltr'><strong>in</strong></span> <span class='ocrx_word' id='word_1_210' title='bbox 1097 2908 1259 2964; x_wconf 85' lang='lat' dir='ltr'><strong>nobis</strong></span> <span class='ocrx_word' id='word_1_211' title='bbox 1284 2908 1512 2965; x_wconf 70' lang='lat' dir='ltr'><strong>efﬁciat.</strong></span> 
     </span>
    </p>
   </div>
   <div class='ocr_carea' id='block_1_32' title="bbox 964 3021 1369 3081">
    <p class='ocr_par' dir='ltr' id='par_1_32' title="bbox 964 3021 1369 3081">
     <span class='ocr_line' id='line_1_32' title="bbox 964 3021 1369 3081; baseline -0.002 -3"><span class='ocrx_word' id='word_1_212' title='bbox 964 3021 1195 3081; x_wconf 80' lang='lat' dir='ltr'><strong>CAPUT</strong></span> <span class='ocrx_word' id='word_1_213' title='bbox 1232 3022 1369 3078; x_wconf 74' lang='lat' dir='ltr'><strong>XVI.</strong></span> 
     </span>
    </p>
   </div>
   <div class='ocr_carea' id='block_1_33' title="bbox 383 3128 1959 3208">
    <p class='ocr_par' dir='ltr' id='par_1_33' title="bbox 383 3128 1959 3208">
     <span class='ocr_line' id='line_1_33' title="bbox 383 3128 1959 3208; baseline 0.004 -23"><span class='ocrx_word' id='word_1_214' title='bbox 383 3128 656 3199; x_wconf 76' lang='lat' dir='ltr'><strong>Quomodo</strong></span> <span class='ocrx_word' id='word_1_215' title='bbox 692 3134 881 3190; x_wconf 71' lang='lat' dir='ltr'><strong>Petrus</strong></span> <span class='ocrx_word' id='word_1_216' title='bbox 903 3135 1144 3205; x_wconf 73' lang='lat' dir='ltr'><strong>deinceps</strong></span> <span class='ocrx_word' id='word_1_217' title='bbox 1170 3137 1330 3208; x_wconf 78' lang='lat' dir='ltr'><strong>etiam</strong></span> <span class='ocrx_word' id='word_1_218' title='bbox 1357 3135 1570 3208; x_wconf 79' lang='lat' dir='ltr'><strong>singula</strong></span> <span class='ocrx_word' id='word_1_219' title='bbox 1601 3152 1803 3198; x_wconf 80' lang='lat' dir='ltr'><strong>eorum,</strong></span> <span class='ocrx_word' id='word_1_220' title='bbox 1842 3150 1959 3207; x_wconf 69' lang='lat' dir='ltr'><strong>qua:</strong></span> 
     </span>
    </p>
   </div>
   <div class='ocr_carea' id='block_1_34' title="bbox 454 3207 1959 3275">
    <p class='ocr_par' dir='ltr' id='par_1_34' title="bbox 454 3207 1959 3275">
     <span class='ocr_line' id='line_1_34' title="bbox 454 3207 1959 3275; baseline 0.003 -18"><span class='ocrx_word' id='word_1_221' title='bbox 454 3217 573 3260; x_wconf 82' lang='lat' dir='ltr'><strong>acta</strong></span> <span class='ocrx_word' id='word_1_222' title='bbox 603 3216 725 3260; x_wconf 78' lang='lat' dir='ltr'><strong>sunt</strong></span> <span class='ocrx_word' id='word_1_223' title='bbox 758 3215 946 3261; x_wconf 79' lang='lat' dir='ltr'><strong>narrat</strong></span> <span class='ocrx_word' id='word_1_224' title='bbox 992 3207 1248 3275; x_wconf 70' lang='lat' dir='ltr'><strong>apostolis</strong></span> <span class='ocrx_word' id='word_1_225' title='bbox 1288 3207 1537 3262; x_wconf 74' lang='lat' dir='ltr'><strong>adversus</strong></span> <span class='ocrx_word' id='word_1_226' title='bbox 1572 3208 1742 3275; x_wconf 78' lang='lat' dir='ltr'><strong>ipsum</strong></span> <span class='ocrx_word' id='word_1_227' title='bbox 1785 3210 1959 3262; x_wconf 78' lang='lat' dir='ltr'><strong>disce-</strong></span> 
     </span>
    </p>
   </div>
   <div class='ocr_carea' id='block_1_35' title="bbox 451 3276 1958 3342">
    <p class='ocr_par' dir='ltr' id='par_1_35' title="bbox 451 3276 1958 3342">
     <span class='ocr_line' id='line_1_35' title="bbox 451 3276 1958 3342; baseline 0.003 -15"><span class='ocrx_word' id='word_1_228' title='bbox 451 3276 746 3342; x_wconf 77' lang='lat' dir='ltr'><strong>ptantibus.</strong></span> <span class='ocrx_word' id='word_1_229' title='bbox 805 3277 952 3332; x_wconf 83' lang='lat' dir='ltr'><strong>Tunc</strong></span> <span class='ocrx_word' id='word_1_230' title='bbox 998 3288 1171 3332; x_wconf 84' lang='lat' dir='ltr'><strong>autem</strong></span> <span class='ocrx_word' id='word_1_231' title='bbox 1223 3276 1528 3333; x_wconf 72' lang='lat' dir='ltr'><strong>Barnabam</strong></span> <span class='ocrx_word' id='word_1_232' title='bbox 1576 3280 1829 3334; x_wconf 78' lang='lat' dir='ltr'><strong>miserunt</strong></span> <span class='ocrx_word' id='word_1_233' title='bbox 1888 3279 1958 3339; x_wconf 80' lang='lat' dir='ltr'><strong>ad</strong></span> 
     </span>
    </p>
   </div>
   <div class='ocr_carea' id='block_1_36' title="bbox 452 3346 1685 3417">
    <p class='ocr_par' dir='ltr' id='par_1_36' title="bbox 452 3346 1685 3417">
     <span class='ocr_line' id='line_1_36' title="bbox 452 3346 1685 3417; baseline 0.004 -17"><span class='ocrx_word' id='word_1_234' title='bbox 452 3346 667 3415; x_wconf 78' lang='lat' dir='ltr'><strong>fratres,</strong></span> <span class='ocrx_word' id='word_1_235' title='bbox 702 3348 791 3417; x_wconf 81' lang='lat' dir='ltr'><strong>qui</strong></span> <span class='ocrx_word' id='word_1_236' title='bbox 822 3355 975 3401; x_wconf 83' lang='lat' dir='ltr'><strong>erant</strong></span> <span class='ocrx_word' id='word_1_237' title='bbox 1005 3349 1321 3404; x_wconf 63' lang='lat' dir='ltr'><strong>Antiochiet.</strong></span> <span class='ocrx_word' id='word_1_238' title='bbox 1674 3414 1685 3417; x_wconf 96' lang='lat'><em>_</em></span> 
     </span>
    </p>
   </div>
   <div class='ocr_carea' id='block_1_37' title="bbox 454 3459 1959 3536">
    <p class='ocr_par' dir='ltr' id='par_1_37' title="bbox 454 3459 1959 3536">
     <span class='ocr_line' id='line_1_37' title="bbox 454 3459 1959 3536; baseline 0.003 -22"><span class='ocrx_word' id='word_1_239' title='bbox 454 3459 548 3527; x_wconf 71' lang='lat' dir='ltr'><strong>XI,</strong></span> <span class='ocrx_word' id='word_1_240' title='bbox 587 3461 732 3517; x_wconf 77' lang='lat' dir='ltr'><strong>l-20.</strong></span> <span class='ocrx_word' id='word_1_241' title='bbox 770 3461 1073 3519; x_wconf 82' lang='lat' dir='ltr'><strong>Audierunt</strong></span> <span class='ocrx_word' id='word_1_242' title='bbox 1106 3472 1290 3518; x_wconf 83' lang='lat' dir='ltr'><strong>autem</strong></span> <span class='ocrx_word' id='word_1_243' title='bbox 1335 3463 1570 3536; x_wconf 84' lang='lat' dir='ltr'><strong>apostoli</strong></span> <span class='ocrx_word' id='word_1_244' title='bbox 1611 3478 1679 3519; x_wconf 83' lang='lat' dir='ltr'><strong>ac</strong></span> <span class='ocrx_word' id='word_1_245' title='bbox 1724 3463 1959 3531; x_wconf 81' lang='lat' dir='ltr'><strong>fratres,</strong></span> 
     </span>
    </p>
   </div>
   <div class='ocr_carea' id='block_1_38' title="bbox 391 3551 1962 3625">
    <p class='ocr_par' dir='ltr' id='par_1_38' title="bbox 391 3551 1962 3625">
     <span class='ocr_line' id='line_1_38' title="bbox 391 3551 1962 3625; baseline 0.007 -24"><span class='ocrx_word' id='word_1_246' title='bbox 391 3569 410 3601; x_wconf 73' lang='grc' dir='ltr'><strong>τ</strong></span> <span class='ocrx_word' id='word_1_247' title='bbox 452 3551 543 3620; x_wconf 87' lang='lat' dir='ltr'><strong>qui</strong></span> <span class='ocrx_word' id='word_1_248' title='bbox 570 3559 728 3605; x_wconf 89' lang='lat' dir='ltr'><strong>erant</strong></span> <span class='ocrx_word' id='word_1_249' title='bbox 767 3551 821 3609; x_wconf 88' lang='lat' dir='ltr'><strong>in</strong></span> <span class='ocrx_word' id='word_1_250' title='bbox 854 3551 1065 3621; x_wconf 75' lang='lat' dir='ltr'><strong>Judzea,</strong></span> <span class='ocrx_word' id='word_1_251' title='bbox 1106 3554 1253 3625; x_wconf 88' lang='lat' dir='ltr'><strong>quod</strong></span> <span class='ocrx_word' id='word_1_252' title='bbox 1305 3563 1359 3610; x_wconf 90' lang='lat' dir='ltr'><strong>et</strong></span> <span class='ocrx_word' id='word_1_253' title='bbox 1403 3563 1593 3624; x_wconf 76' lang='lat' dir='ltr'><strong>gentes</strong></span> <span class='ocrx_word' id='word_1_254' title='bbox 1622 3555 1962 3624; x_wconf 70' lang='lat' dir='ltr'><strong>recepissent</strong></span> 
     </span>
    </p>
   </div>
   <div class='ocr_carea' id='block_1_39' title="bbox 395 3643 1959 3730">
    <p class='ocr_par' dir='ltr' id='par_1_39' title="bbox 395 3643 1959 3730">
     <span class='ocr_line' id='line_1_39' title="bbox 395 3643 1959 3730; baseline 0.005 -36"><span class='ocrx_word' id='word_1_255' title='bbox 395 3662 413 3694; x_wconf 74' lang='grc' dir='ltr'><strong>ε</strong></span> <span class='ocrx_word' id='word_1_256' title='bbox 456 3643 679 3698; x_wconf 82' lang='lat' dir='ltr'><strong>verbum</strong></span> <span class='ocrx_word' id='word_1_257' title='bbox 707 3643 821 3702; x_wconf 86' lang='lat' dir='ltr'><strong>Dei.</strong></span> <span class='ocrx_word' id='word_1_258' title='bbox 841 3644 1375 3720; x_wconf 24' lang='lat' dir='ltr'><strong>Cutnque&#39;rediisset</strong></span> <span class='ocrx_word' id='word_1_259' title='bbox 1398 3646 1959 3730; x_wconf 62' lang='lat' dir='ltr'><strong>PetrusJet&#39;oSolyma,</strong></span> 
     </span>
    </p>
   </div>
   <div class='ocr_carea' id='block_1_40' title="bbox 393 3734 1966 3808">
    <p class='ocr_par' dir='ltr' id='par_1_40' title="bbox 393 3734 1966 3808">
     <span class='ocr_line' id='line_1_40' title="bbox 393 3734 1966 3808; baseline 0.004 -20"><span class='ocrx_word' id='word_1_260' title='bbox 393 3752 413 3788; x_wconf 78' lang='grc' dir='ltr'><strong>ι</strong></span> <span class='ocrx_word' id='word_1_261' title='bbox 457 3734 841 3806; x_wconf 83' lang='lat' dir='ltr'><strong>diseeptabant</strong></span> <span class='ocrx_word' id='word_1_262' title='bbox 888 3738 1155 3794; x_wconf 85' lang='lat' dir='ltr'><strong>adversus</strong></span> <span class='ocrx_word' id='word_1_263' title='bbox 1205 3738 1381 3801; x_wconf 90' lang='lat' dir='ltr'><strong>illum,</strong></span> <span class='ocrx_word' id='word_1_264' title='bbox 1431 3739 1525 3808; x_wconf 90' lang='lat' dir='ltr'><strong>qui</strong></span> <span class='ocrx_word' id='word_1_265' title='bbox 1564 3750 1717 3794; x_wconf 89' lang='lat' dir='ltr'><strong>erant</strong></span> <span class='ocrx_word' id='word_1_266' title='bbox 1753 3755 1820 3795; x_wconf 79' lang='lat' dir='ltr'><strong>ex</strong></span> <span class='ocrx_word' id='word_1_267' title='bbox 1858 3740 1966 3797; x_wconf 88' lang='lat' dir='ltr'><strong>cir-</strong></span> 
     </span>
    </p>
   </div>
   <div class='ocr_carea' id='block_1_41' title="bbox 394 3828 1963 3903">
    <p class='ocr_par' dir='ltr' id='par_1_41' title="bbox 394 3828 1963 3903">
     <span class='ocr_line' id='line_1_41' title="bbox 394 3828 1963 3903; baseline 0.004 -24"><span class='ocrx_word' id='word_1_268' title='bbox 394 3845 414 3879; x_wconf 72' lang='grc' dir='ltr'><strong>ι</strong></span> <span class='ocrx_word' id='word_1_269' title='bbox 456 3828 817 3893; x_wconf 83' lang='lat' dir='ltr'><strong>cumcisione,</strong></span> <span class='ocrx_word' id='word_1_270' title='bbox 867 3830 1116 3886; x_wconf 89' lang='lat' dir='ltr'><strong>dicentes</strong></span> <span class='ocrx_word' id='word_1_271' title='bbox 1150 3847 1167 3886; x_wconf 88' lang='lat'><strong>:</strong></span> <span class='ocrx_word' id='word_1_272' title='bbox 1199 3830 1278 3885; x_wconf 78' lang='lat' dir='ltr'><strong>Ad</strong></span> <span class='ocrx_word' id='word_1_273' title='bbox 1325 3832 1473 3886; x_wconf 87' lang='lat' dir='ltr'><strong>viros</strong></span> <span class='ocrx_word' id='word_1_274' title='bbox 1498 3832 1822 3903; x_wconf 65' lang='lat' dir='ltr'><strong>praeputium</strong></span> <span class='ocrx_word' id='word_1_275' title='bbox 1865 3831 1963 3887; x_wconf 76' lang='lat' dir='ltr'><strong>lia-</strong></span> 
     </span>
    </p>
   </div>
   <div class='ocr_carea' id='block_1_42' title="bbox 396 3904 1966 3979">
    <p class='ocr_par' dir='ltr' id='par_1_42' title="bbox 396 3904 1966 3979">
     <span class='ocr_line' id='line_1_42' title="bbox 396 3904 1966 3979; baseline 0.006 -11"><span class='ocrx_word' id='word_1_276' title='bbox 396 3935 414 3967; x_wconf 72' lang='grc' dir='ltr'><strong>ι</strong></span> <span class='ocrx_word' id='word_1_277' title='bbox 457 3917 647 3975; x_wconf 85' lang='lat' dir='ltr'><strong>bentes</strong></span> <span class='ocrx_word' id='word_1_278' title='bbox 694 3919 934 3977; x_wconf 80' lang='lat' dir='ltr'><strong>introisti</strong></span> <span class='ocrx_word' id='word_1_279' title='bbox 969 3932 1021 3977; x_wconf 91' lang='lat' dir='ltr'><strong>et</strong></span> <span class='ocrx_word' id='word_1_280' title='bbox 1053 3921 1216 3979; x_wconf 85' lang='lat' dir='ltr'><strong>edisti</strong></span> <span class='ocrx_word' id='word_1_281' title='bbox 1248 3936 1371 3978; x_wconf 91' lang='lat' dir='ltr'><strong>cum</strong></span> <span class='ocrx_word' id='word_1_282' title='bbox 1396 3922 1530 3978; x_wconf 84' lang='lat' dir='ltr'><strong>illis.</strong></span> <span class='ocrx_word' id='word_1_283' title='bbox 1561 3921 1639 3979; x_wconf 83' lang='lat' dir='ltr'><strong>Re</strong></span> <span class='ocrx_word' id='word_1_284' title='bbox 1681 3904 1861 3978; x_wconf 86' lang='lat' dir='ltr'><strong>autem</strong></span> <span class='ocrx_word' id='word_1_285' title='bbox 1896 3923 1966 3978; x_wconf 85' lang='lat' dir='ltr'><strong>ab</strong></span> 
     </span>
    </p>
   </div>
   <div class='ocr_carea' id='block_1_43' title="bbox 393 4010 1965 4083">
    <p class='ocr_par' dir='ltr' id='par_1_43' title="bbox 393 4010 1965 4083">
     <span class='ocr_line' id='line_1_43' title="bbox 393 4010 1965 4083; baseline 0.004 -21"><span class='ocrx_word' id='word_1_286' title='bbox 393 4028 414 4062; x_wconf 71' lang='grc' dir='ltr'><strong>τ</strong></span> <span class='ocrx_word' id='word_1_287' title='bbox 458 4010 614 4066; x_wconf 86' lang='lat' dir='ltr'><strong>initio</strong></span> <span class='ocrx_word' id='word_1_288' title='bbox 644 4013 870 4082; x_wconf 86' lang='lat' dir='ltr'><strong>repetita</strong></span> <span class='ocrx_word' id='word_1_289' title='bbox 907 4011 1100 4070; x_wconf 82' lang='lat' dir='ltr'><strong>Petrus</strong></span> <span class='ocrx_word' id='word_1_290' title='bbox 1135 4015 1391 4083; x_wconf 77' lang='lat' dir='ltr'><strong>exposuit</strong></span> <span class='ocrx_word' id='word_1_291' title='bbox 1441 4014 1547 4071; x_wconf 89' lang='lat' dir='ltr'><strong>illis</strong></span> <span class='ocrx_word' id='word_1_292' title='bbox 1578 4015 1848 4077; x_wconf 85' lang='lat' dir='ltr'><strong>ordinem,</strong></span> <span class='ocrx_word' id='word_1_293' title='bbox 1878 4013 1965 4069; x_wconf 90' lang='lat' dir='ltr'><strong>di-</strong></span> 
     </span>
    </p>
   </div>
   <div class='ocr_carea' id='block_1_44' title="bbox 392 4101 1965 4176">
    <p class='ocr_par' dir='ltr' id='par_1_44' title="bbox 392 4101 1965 4176">
     <span class='ocr_line' id='line_1_44' title="bbox 392 4101 1965 4176; baseline 0.006 -24"><span class='ocrx_word' id='word_1_294' title='bbox 392 4117 414 4152; x_wconf 82' lang='grc'>‹</span> <span class='ocrx_word' id='word_1_295' title='bbox 459 4114 631 4156; x_wconf 84' lang='lat' dir='ltr'><strong>cens:</strong></span> <span class='ocrx_word' id='word_1_296' title='bbox 669 4101 781 4174; x_wconf 84' lang='lat' dir='ltr'><strong>Ego</strong></span> <span class='ocrx_word' id='word_1_297' title='bbox 822 4103 875 4158; x_wconf 90' lang='lat' dir='ltr'><strong>iu</strong></span> <span class='ocrx_word' id='word_1_298' title='bbox 907 4104 1127 4162; x_wconf 86' lang='lat' dir='ltr'><strong>civitate</strong></span> <span class='ocrx_word' id='word_1_299' title='bbox 1164 4104 1339 4176; x_wconf 73' lang='lat' dir='ltr'><strong>Joppe</strong></span> <span class='ocrx_word' id='word_1_300' title='bbox 1376 4106 1625 4173; x_wconf 87' lang='lat' dir='ltr'><strong>orabam,</strong></span> <span class='ocrx_word' id='word_1_301' title='bbox 1660 4106 1879 4176; x_wconf 89' lang='lat' dir='ltr'><strong>vidique</strong></span> <span class='ocrx_word' id='word_1_302' title='bbox 1909 4106 1965 4161; x_wconf 90' lang='lat' dir='ltr'><strong>in</strong></span> 
     </span>
    </p>
   </div>
   <div class='ocr_carea' id='block_1_45' title="bbox 388 4194 1966 4267">
    <p class='ocr_par' dir='ltr' id='par_1_45' title="bbox 388 4194 1966 4267">
     <span class='ocr_line' id='line_1_45' title="bbox 388 4194 1966 4267; baseline 0.006 -27"><span class='ocrx_word' id='word_1_303' title='bbox 388 4209 412 4240; x_wconf 61' lang='lat'>4</span> <span class='ocrx_word' id='word_1_304' title='bbox 459 4194 658 4248; x_wconf 86' lang='lat' dir='ltr'><strong>mentis</strong></span> <span class='ocrx_word' id='word_1_305' title='bbox 675 4209 901 4250; x_wconf 76' lang='lat' dir='ltr'><strong>excessu</strong></span> <span class='ocrx_word' id='word_1_306' title='bbox 923 4196 1217 4260; x_wconf 85' lang='lat' dir='ltr'><strong>visionem,</strong></span> <span class='ocrx_word' id='word_1_307' title='bbox 1241 4198 1572 4253; x_wconf 86' lang='lat' dir='ltr'><strong>descendere</strong></span> <span class='ocrx_word' id='word_1_308' title='bbox 1583 4211 1677 4252; x_wconf 91' lang='lat' dir='ltr'><strong>vas</strong></span> <span class='ocrx_word' id='word_1_309' title='bbox 1694 4196 1966 4267; x_wconf 84' lang='lat' dir='ltr'><strong>quoddam</strong></span> 
     </span>
    </p>
   </div>
   <div class='ocr_carea' id='block_1_46' title="bbox 398 4272 1966 4361">
    <p class='ocr_par' dir='ltr' id='par_1_46' title="bbox 398 4272 1966 4361">
     <span class='ocr_line' id='line_1_46' title="bbox 398 4272 1966 4361; baseline 0.01 -28"><span class='ocrx_word' id='word_1_310' title='bbox 398 4299 417 4333; x_wconf 75' lang='grc' dir='ltr'><strong>ι</strong></span> <span class='ocrx_word' id='word_1_311' title='bbox 458 4298 556 4339; x_wconf 83' lang='lat' dir='ltr'><strong>ceu</strong></span> <span class='ocrx_word' id='word_1_312' title='bbox 593 4285 821 4341; x_wconf 88' lang='lat' dir='ltr'><strong>linteum</strong></span> <span class='ocrx_word' id='word_1_313' title='bbox 850 4272 1129 4358; x_wconf 83' lang='lat' dir='ltr'><strong>magnum,</strong></span> <span class='ocrx_word' id='word_1_314' title='bbox 1152 4280 1389 4361; x_wconf 76' lang='lat' dir='ltr'><strong>quatuor</strong></span> <span class='ocrx_word' id='word_1_315' title='bbox 1409 4291 1580 4346; x_wconf 84' lang='lat' dir='ltr'><strong>initiis</strong></span> <span class='ocrx_word' id='word_1_316' title='bbox 1609 4290 1872 4345; x_wconf 87' lang='lat' dir='ltr'><strong>emissum</strong></span> <span class='ocrx_word' id='word_1_317' title='bbox 1900 4307 1966 4349; x_wconf 75' lang='lat' dir='ltr'><strong>ex</strong></span> 
     </span>
    </p>
   </div>
   <div class='ocr_carea' id='block_1_47' title="bbox 395 4377 1971 4452">
    <p class='ocr_par' dir='ltr' id='par_1_47' title="bbox 395 4377 1971 4452">
     <span class='ocr_line' id='line_1_47' title="bbox 395 4377 1971 4452; baseline 0.008 -26"><span class='ocrx_word' id='word_1_318' title='bbox 395 4391 416 4426; x_wconf 78' lang='grc' dir='ltr'><strong>ι</strong></span> <span class='ocrx_word' id='word_1_319' title='bbox 459 4377 618 4440; x_wconf 62' lang='lat' dir='ltr'><strong>(mlo,</strong></span> <span class='ocrx_word' id='word_1_320' title='bbox 658 4384 712 4432; x_wconf 93' lang='lat' dir='ltr'><strong>et</strong></span> <span class='ocrx_word' id='word_1_321' title='bbox 740 4380 890 4434; x_wconf 88' lang='lat' dir='ltr'><strong>venit</strong></span> <span class='ocrx_word' id='word_1_322' title='bbox 920 4394 1094 4450; x_wconf 87' lang='lat' dir='ltr'><strong>usque</strong></span> <span class='ocrx_word' id='word_1_323' title='bbox 1125 4380 1191 4435; x_wconf 88' lang='lat' dir='ltr'><strong>ad</strong></span> <span class='ocrx_word' id='word_1_324' title='bbox 1238 4395 1344 4437; x_wconf 87' lang='lat' dir='ltr'><strong>me.</strong></span> <span class='ocrx_word' id='word_1_325' title='bbox 1374 4379 1431 4435; x_wconf 84' lang='lat' dir='ltr'><strong>In</strong></span> <span class='ocrx_word' id='word_1_326' title='bbox 1453 4378 1599 4452; x_wconf 91' lang='lat' dir='ltr'><strong>quod</strong></span> <span class='ocrx_word' id='word_1_327' title='bbox 1632 4395 1753 4436; x_wconf 89' lang='lat' dir='ltr'><strong>eum</strong></span> <span class='ocrx_word' id='word_1_328' title='bbox 1792 4381 1971 4438; x_wconf 88' lang='lat' dir='ltr'><strong>inten-</strong></span> 
     </span>
    </p>
   </div>
   <div class='ocr_carea' id='block_1_48' title="bbox 397 4470 1967 4545">
    <p class='ocr_par' dir='ltr' id='par_1_48' title="bbox 397 4470 1967 4545">
     <span class='ocr_line' id='line_1_48' title="bbox 397 4470 1967 4545; baseline 0.006 -25"><span class='ocrx_word' id='word_1_329' title='bbox 397 4486 417 4520; x_wconf 84' lang='grc'><em>‹</em></span> <span class='ocrx_word' id='word_1_330' title='bbox 461 4470 665 4523; x_wconf 72' lang='lat' dir='ltr'><strong>dissnm</strong></span> <span class='ocrx_word' id='word_1_331' title='bbox 712 4470 923 4540; x_wconf 81' lang='lat' dir='ltr'><strong>oculos,</strong></span> <span class='ocrx_word' id='word_1_332' title='bbox 959 4473 1318 4529; x_wconf 83' lang='lat' dir='ltr'><strong>animadverti</strong></span> <span class='ocrx_word' id='word_1_333' title='bbox 1349 4482 1402 4530; x_wconf 90' lang='lat' dir='ltr'><strong>et</strong></span> <span class='ocrx_word' id='word_1_334' title='bbox 1446 4473 1556 4528; x_wconf 86' lang='lat' dir='ltr'><strong>vidi</strong></span> <span class='ocrx_word' id='word_1_335' title='bbox 1596 4474 1967 4545; x_wconf 88' lang='lat' dir='ltr'><strong>quadrupedia</strong></span> 
     </span>
    </p>
   </div>
   <div class='ocr_carea' id='block_1_49' title="bbox 398 4564 1972 4639">
    <p class='ocr_par' dir='ltr' id='par_1_49' title="bbox 398 4564 1972 4639">
     <span class='ocr_line' id='line_1_49' title="bbox 398 4564 1972 4639; baseline 0.007 -27"><span class='ocrx_word' id='word_1_336' title='bbox 398 4577 416 4612; x_wconf 74' lang='grc' dir='ltr'><strong>ι</strong></span> <span class='ocrx_word' id='word_1_337' title='bbox 458 4569 636 4628; x_wconf 61' lang='lat' dir='ltr'><strong>terrae,</strong></span> <span class='ocrx_word' id='word_1_338' title='bbox 661 4579 723 4619; x_wconf 90' lang='lat' dir='ltr'><strong>ac</strong></span> <span class='ocrx_word' id='word_1_339' title='bbox 750 4564 1050 4627; x_wconf 88' lang='lat' dir='ltr'><strong>bestias,et</strong></span> <span class='ocrx_word' id='word_1_340' title='bbox 1070 4566 1306 4636; x_wconf 89' lang='lat' dir='ltr'><strong>reptilia,</strong></span> <span class='ocrx_word' id='word_1_341' title='bbox 1335 4566 1684 4639; x_wconf 82' lang='lat' dir='ltr'><strong>volatiliaque</strong></span> <span class='ocrx_word' id='word_1_342' title='bbox 1700 4567 1972 4623; x_wconf 73' lang='lat' dir='ltr'><strong>cmli.Au-</strong></span> 
     </span>
    </p>
   </div>
   <div class='ocr_carea' id='block_1_50' title="bbox 396 4654 1968 4731">
    <p class='ocr_par' dir='ltr' id='par_1_50' title="bbox 396 4654 1968 4731">
     <span class='ocr_line' id='line_1_50' title="bbox 396 4654 1968 4731; baseline 0.006 -26"><span class='ocrx_word' id='word_1_343' title='bbox 396 4671 417 4705; x_wconf 72' lang='grc' dir='ltr'><strong>ι</strong></span> <span class='ocrx_word' id='word_1_344' title='bbox 460 4654 569 4709; x_wconf 86' lang='lat' dir='ltr'><strong>divi</strong></span> <span class='ocrx_word' id='word_1_345' title='bbox 590 4667 767 4713; x_wconf 89' lang='lat' dir='ltr'><strong>autem</strong></span> <span class='ocrx_word' id='word_1_346' title='bbox 794 4668 846 4713; x_wconf 93' lang='lat' dir='ltr'><strong>et</strong></span> <span class='ocrx_word' id='word_1_347' title='bbox 868 4674 1054 4715; x_wconf 87' lang='lat' dir='ltr'><strong>vocem</strong></span> <span class='ocrx_word' id='word_1_348' title='bbox 1078 4658 1349 4714; x_wconf 88' lang='lat' dir='ltr'><strong>dicentem</strong></span> <span class='ocrx_word' id='word_1_349' title='bbox 1377 4660 1541 4714; x_wconf 87' lang='lat' dir='ltr'><strong>mihi:</strong></span> <span class='ocrx_word' id='word_1_350' title='bbox 1567 4658 1764 4731; x_wconf 89' lang='lat' dir='ltr'><strong>Surge,</strong></span> <span class='ocrx_word' id='word_1_351' title='bbox 1788 4657 1968 4729; x_wconf 84' lang='lat' dir='ltr'><strong>Petre,</strong></span> 
     </span>
    </p>
   </div>
   <div class='ocr_carea' id='block_1_51' title="bbox 396 4748 1968 4825">
    <p class='ocr_par' dir='ltr' id='par_1_51' title="bbox 396 4748 1968 4825">
     <span class='ocr_line' id='line_1_51' title="bbox 396 4748 1968 4825; baseline 0.001 -22"><span class='ocrx_word' id='word_1_352' title='bbox 396 4768 426 4803; x_wconf 78' lang='grc' dir='ltr'><strong>α</strong></span> <span class='ocrx_word' id='word_1_353' title='bbox 472 4758 648 4805; x_wconf 83' lang='lat' dir='ltr'><strong>macta</strong></span> <span class='ocrx_word' id='word_1_354' title='bbox 667 4760 719 4806; x_wconf 90' lang='lat' dir='ltr'><strong>et</strong></span> <span class='ocrx_word' id='word_1_355' title='bbox 740 4766 976 4807; x_wconf 87' lang='lat' dir='ltr'><strong>vescere.</strong></span> <span class='ocrx_word' id='word_1_356' title='bbox 1009 4748 1126 4805; x_wconf 74' lang='lat' dir='ltr'><strong>Dixi</strong></span> <span class='ocrx_word' id='word_1_357' title='bbox 1153 4760 1333 4807; x_wconf 88' lang='lat' dir='ltr'><strong>autem</strong></span> <span class='ocrx_word' id='word_1_358' title='bbox 1368 4769 1382 4808; x_wconf 92' lang='lat'><strong>:</strong></span> <span class='ocrx_word' id='word_1_359' title='bbox 1412 4751 1565 4825; x_wconf 77' lang='lat'><strong>101</strong></span> <span class='ocrx_word' id='word_1_360' title='bbox 1588 4750 1968 4822; x_wconf 86' lang='lat' dir='ltr'><strong>Nequaquam,</strong></span> 
     </span>
    </p>
   </div>
   <div class='ocr_carea' id='block_1_52' title="bbox 400 4843 1971 4915">
    <p class='ocr_par' dir='ltr' id='par_1_52' title="bbox 400 4843 1971 4915">
     <span class='ocr_line' id='line_1_52' title="bbox 400 4843 1971 4915; baseline 0.001 -17"><span class='ocrx_word' id='word_1_361' title='bbox 400 4866 419 4898; x_wconf 75' lang='grc' dir='ltr'><strong>ι</strong></span> <span class='ocrx_word' id='word_1_362' title='bbox 468 4846 717 4908; x_wconf 81' lang='lat' dir='ltr'><strong>Domine,</strong></span> <span class='ocrx_word' id='word_1_363' title='bbox 743 4844 872 4915; x_wconf 86' lang='lat' dir='ltr'><strong>quia</strong></span> <span class='ocrx_word' id='word_1_364' title='bbox 905 4843 1039 4906; x_wconf 85' lang='lat' dir='ltr'><strong>nihil</strong></span> <span class='ocrx_word' id='word_1_365' title='bbox 1063 4859 1354 4900; x_wconf 91' lang='lat' dir='ltr'><strong>commune</strong></span> <span class='ocrx_word' id='word_1_366' title='bbox 1379 4854 1473 4899; x_wconf 88' lang='lat' dir='ltr'><strong>aut</strong></span> <span class='ocrx_word' id='word_1_367' title='bbox 1498 4844 1838 4900; x_wconf 89' lang='lat' dir='ltr'><strong>immundum</strong></span> <span class='ocrx_word' id='word_1_368' title='bbox 1867 4861 1971 4899; x_wconf 85' lang='lat' dir='ltr'><strong>un-</strong></span> 
     </span>
    </p>
   </div>
   <div class='ocr_carea' id='block_1_53' title="bbox 406 4936 1972 5010">
    <p class='ocr_par' dir='ltr' id='par_1_53' title="bbox 406 4936 1972 5010">
     <span class='ocr_line' id='line_1_53' title="bbox 406 4936 1972 5010; baseline 0.003 -19"><span class='ocrx_word' id='word_1_369' title='bbox 406 4957 425 4991; x_wconf 75' lang='grc' dir='ltr'><strong>ι</strong></span> <span class='ocrx_word' id='word_1_370' title='bbox 467 4956 630 5010; x_wconf 82' lang='lat' dir='ltr'><strong>quam</strong></span> <span class='ocrx_word' id='word_1_371' title='bbox 677 4936 923 4994; x_wconf 86' lang='lat' dir='ltr'><strong>introivit</strong></span> <span class='ocrx_word' id='word_1_372' title='bbox 956 4940 1009 4992; x_wconf 93' lang='lat' dir='ltr'><strong>in</strong></span> <span class='ocrx_word' id='word_1_373' title='bbox 1051 4954 1113 4995; x_wconf 92' lang='lat' dir='ltr'><strong>os</strong></span> <span class='ocrx_word' id='word_1_374' title='bbox 1144 4954 1343 4995; x_wconf 90' lang='lat' dir='ltr'><strong>meum.</strong></span> <span class='ocrx_word' id='word_1_375' title='bbox 1396 4936 1806 5010; x_wconf 85' lang='lat' dir='ltr'><strong>Responditque</strong></span> <span class='ocrx_word' id='word_1_376' title='bbox 1841 4939 1972 4995; x_wconf 86' lang='lat' dir='ltr'><strong>mihi</strong></span> 
     </span>
    </p>
   </div>
   <div class='ocr_carea' id='block_1_54' title="bbox 403 5026 1973 5095">
    <p class='ocr_par' dir='ltr' id='par_1_54' title="bbox 403 5026 1973 5095">
     <span class='ocr_line' id='line_1_54' title="bbox 403 5026 1973 5095; baseline 0.003 -13"><span class='ocrx_word' id='word_1_377' title='bbox 403 5049 421 5082; x_wconf 74' lang='grc' dir='ltr'><strong>ι</strong></span> <span class='ocrx_word' id='word_1_378' title='bbox 465 5044 680 5084; x_wconf 91' lang='lat' dir='ltr'><strong>rursum</strong></span> <span class='ocrx_word' id='word_1_379' title='bbox 713 5045 816 5084; x_wconf 80' lang='lat' dir='ltr'><strong>vox</strong></span> <span class='ocrx_word' id='word_1_380' title='bbox 845 5028 913 5084; x_wconf 87' lang='lat' dir='ltr'><strong>de</strong></span> <span class='ocrx_word' id='word_1_381' title='bbox 943 5029 1080 5084; x_wconf 59' lang='lat' dir='ltr'><strong>caelo</strong></span> <span class='ocrx_word' id='word_1_382' title='bbox 1107 5045 1121 5082; x_wconf 90' lang='lat'><strong>:</strong></span> <span class='ocrx_word' id='word_1_383' title='bbox 1155 5027 1286 5095; x_wconf 67' lang='lat' dir='ltr'><strong>Quae</strong></span> <span class='ocrx_word' id='word_1_384' title='bbox 1326 5026 1467 5084; x_wconf 89' lang='lat' dir='ltr'><strong>Deus</strong></span> <span class='ocrx_word' id='word_1_385' title='bbox 1498 5028 1781 5083; x_wconf 78' lang='lat' dir='ltr'><strong>inundavit</strong></span> <span class='ocrx_word' id='word_1_386' title='bbox 1817 5036 1874 5083; x_wconf 92' lang='lat' dir='ltr'><strong>tu</strong></span> <span class='ocrx_word' id='word_1_387' title='bbox 1906 5045 1973 5086; x_wconf 88' lang='lat' dir='ltr'><strong>ne</strong></span> 
     </span>
    </p>
   </div>
   <div class='ocr_carea' id='block_1_55' title="bbox 405 5120 1972 5192">
    <p class='ocr_par' dir='ltr' id='par_1_55' title="bbox 405 5120 1972 5192">
     <span class='ocr_line' id='line_1_55' title="bbox 405 5120 1972 5192; baseline 0 -17"><span class='ocrx_word' id='word_1_388' title='bbox 405 5142 424 5175; x_wconf 79' lang='lat' dir='ltr'><strong>r</strong></span> <span class='ocrx_word' id='word_1_389' title='bbox 466 5121 781 5178; x_wconf 89' lang='lat' dir='ltr'><strong>communia</strong></span> <span class='ocrx_word' id='word_1_390' title='bbox 835 5121 1065 5177; x_wconf 79' lang='lat' dir='ltr'><strong>dixeris.</strong></span> <span class='ocrx_word' id='word_1_391' title='bbox 1124 5120 1238 5178; x_wconf 86' lang='lat' dir='ltr'><strong>lloe</strong></span> <span class='ocrx_word' id='word_1_392' title='bbox 1291 5128 1471 5176; x_wconf 88' lang='lat' dir='ltr'><strong>autem</strong></span> <span class='ocrx_word' id='word_1_393' title='bbox 1525 5120 1753 5192; x_wconf 73' lang='lat' dir='ltr'><strong>contigit</strong></span> <span class='ocrx_word' id='word_1_394' title='bbox 1791 5122 1972 5176; x_wconf 82' lang='lat' dir='ltr'><strong>tertio.</strong></span> 
     </span>
    </p>
   </div>
   <div class='ocr_carea' id='block_1_56' title="bbox 403 5211 1976 5284">
    <p class='ocr_par' dir='ltr' id='par_1_56' title="bbox 403 5211 1976 5284">
     <span class='ocr_line' id='line_1_56' title="bbox 403 5211 1976 5284; baseline -0.001 -18"><span class='ocrx_word' id='word_1_395' title='bbox 403 5232 423 5266; x_wconf 73' lang='grc' dir='ltr'><strong>ι</strong></span> <span class='ocrx_word' id='word_1_396' title='bbox 468 5214 820 5284; x_wconf 82' lang='lat' dir='ltr'><strong>Rursumque</strong></span> <span class='ocrx_word' id='word_1_397' title='bbox 862 5212 1132 5267; x_wconf 90' lang='lat' dir='ltr'><strong>subducta</strong></span> <span class='ocrx_word' id='word_1_398' title='bbox 1172 5222 1299 5269; x_wconf 89' lang='lat' dir='ltr'><strong>sunt</strong></span> <span class='ocrx_word' id='word_1_399' title='bbox 1328 5213 1510 5267; x_wconf 88' lang='lat' dir='ltr'><strong>omnia</strong></span> <span class='ocrx_word' id='word_1_400' title='bbox 1546 5211 1600 5267; x_wconf 93' lang='lat' dir='ltr'><strong>in</strong></span> <span class='ocrx_word' id='word_1_401' title='bbox 1636 5212 1858 5268; x_wconf 76' lang='lat' dir='ltr'><strong>etelum.</strong></span> <span class='ocrx_word' id='word_1_402' title='bbox 1907 5211 1976 5267; x_wconf 85' lang='lat' dir='ltr'><strong>Et</strong></span> 
     </span>
    </p>
   </div>
   <div class='ocr_carea' id='block_1_57' title="bbox 407 5304 1977 5378">
    <p class='ocr_par' dir='ltr' id='par_1_57' title="bbox 407 5304 1977 5378">
     <span class='ocr_line' id='line_1_57' title="bbox 407 5304 1977 5378; baseline 0 -19"><span class='ocrx_word' id='word_1_403' title='bbox 407 5325 426 5359; x_wconf 78' lang='grc' dir='ltr'><strong>ι</strong></span> <span class='ocrx_word' id='word_1_404' title='bbox 468 5323 595 5363; x_wconf 87' lang='lat' dir='ltr'><strong>ecce</strong></span> <span class='ocrx_word' id='word_1_405' title='bbox 622 5316 844 5378; x_wconf 84' lang='lat' dir='ltr'><strong>repente</strong></span> <span class='ocrx_word' id='word_1_406' title='bbox 879 5315 990 5362; x_wconf 90' lang='lat' dir='ltr'><strong>tres</strong></span> <span class='ocrx_word' id='word_1_407' title='bbox 1021 5306 1120 5361; x_wconf 90' lang='lat' dir='ltr'><strong>viri</strong></span> <span class='ocrx_word' id='word_1_408' title='bbox 1150 5305 1376 5361; x_wconf 86' lang='lat' dir='ltr'><strong>aderant</strong></span> <span class='ocrx_word' id='word_1_409' title='bbox 1418 5306 1483 5360; x_wconf 89' lang='lat' dir='ltr'><strong>ad</strong></span> <span class='ocrx_word' id='word_1_410' title='bbox 1515 5304 1738 5360; x_wconf 87' lang='lat' dir='ltr'><strong>domum</strong></span> <span class='ocrx_word' id='word_1_411' title='bbox 1774 5305 1827 5360; x_wconf 90' lang='lat' dir='ltr'><strong>in</strong></span> <span class='ocrx_word' id='word_1_412' title='bbox 1867 5319 1977 5376; x_wconf 89' lang='lat' dir='ltr'><strong>qua</strong></span> 
     </span>
    </p>
   </div>
   <div class='ocr_carea' id='block_1_58' title="bbox 407 5396 1978 5468">
    <p class='ocr_par' dir='ltr' id='par_1_58' title="bbox 407 5396 1978 5468">
     <span class='ocr_line' id='line_1_58' title="bbox 407 5396 1978 5468; baseline -0.001 -15"><span class='ocrx_word' id='word_1_413' title='bbox 407 5418 430 5453; x_wconf 85' lang='grc'><em>‹</em></span> <span class='ocrx_word' id='word_1_414' title='bbox 471 5400 644 5468; x_wconf 79' lang='lat' dir='ltr'><strong>eram,</strong></span> <span class='ocrx_word' id='word_1_415' title='bbox 675 5415 706 5457; x_wconf 92' lang='lat' dir='ltr'><strong>e</strong></span> <span class='ocrx_word' id='word_1_416' title='bbox 728 5399 976 5456; x_wconf 62' lang='lat' dir='ltr'><strong>Caesarea</strong></span> <span class='ocrx_word' id='word_1_417' title='bbox 1009 5399 1161 5453; x_wconf 89' lang='lat' dir='ltr'><strong>missi</strong></span> <span class='ocrx_word' id='word_1_418' title='bbox 1187 5400 1253 5453; x_wconf 88' lang='lat' dir='ltr'><strong>ad</strong></span> <span class='ocrx_word' id='word_1_419' title='bbox 1281 5413 1390 5453; x_wconf 92' lang='lat' dir='ltr'><strong>me.</strong></span> <span class='ocrx_word' id='word_1_420' title='bbox 1414 5396 1667 5468; x_wconf 73' lang='lat' dir='ltr'><strong>Dixitque</strong></span> <span class='ocrx_word' id='word_1_421' title='bbox 1688 5397 1822 5451; x_wconf 89' lang='lat' dir='ltr'><strong>mihi</strong></span> <span class='ocrx_word' id='word_1_422' title='bbox 1854 5396 1978 5466; x_wconf 83' lang='lat' dir='ltr'><strong>Spi-</strong></span> 
     </span>
    </p>
   </div>
   <div class='ocr_carea' id='block_1_59' title="bbox 409 5489 1976 5563">
    <p class='ocr_par' dir='ltr' id='par_1_59' title="bbox 409 5489 1976 5563">
     <span class='ocr_line' id='line_1_59' title="bbox 409 5489 1976 5563; baseline 0 -16"><span class='ocrx_word' id='word_1_423' title='bbox 409 5514 430 5547; x_wconf 71' lang='grc' dir='ltr'><strong>ε</strong></span> <span class='ocrx_word' id='word_1_424' title='bbox 471 5495 635 5556; x_wconf 80' lang='lat' dir='ltr'><strong>ritus,</strong></span> <span class='ocrx_word' id='word_1_425' title='bbox 684 5502 747 5548; x_wconf 94' lang='lat' dir='ltr'><strong>ut</strong></span> <span class='ocrx_word' id='word_1_426' title='bbox 793 5493 1157 5563; x_wconf 80' lang='lat' dir='ltr'><strong>congrederer</strong></span> <span class='ocrx_word' id='word_1_427' title='bbox 1200 5508 1324 5547; x_wconf 90' lang='lat' dir='ltr'><strong>eum</strong></span> <span class='ocrx_word' id='word_1_428' title='bbox 1363 5492 1471 5547; x_wconf 90' lang='lat' dir='ltr'><strong>illis</strong></span> <span class='ocrx_word' id='word_1_429' title='bbox 1511 5491 1647 5546; x_wconf 91' lang='lat' dir='ltr'><strong>nihil</strong></span> <span class='ocrx_word' id='word_1_430' title='bbox 1693 5489 1976 5547; x_wconf 64' lang='lat' dir='ltr'><strong>haesitans.</strong></span> 
     </span>
    </p>
   </div>
   <div class='ocr_carea' id='block_1_60' title="bbox 409 5586 1978 5645">
    <p class='ocr_par' dir='ltr' id='par_1_60' title="bbox 409 5586 1978 5645">
     <span class='ocr_line' id='line_1_60' title="bbox 409 5586 1978 5645; baseline -0.002 -2"><span class='ocrx_word' id='word_1_431' title='bbox 409 5608 432 5643; x_wconf 85' lang='grc'><strong>‹</strong></span> <span class='ocrx_word' id='word_1_432' title='bbox 471 5589 727 5645; x_wconf 71' lang='grc' dir='ltr'>ϐοιιιίοαιί</span> <span class='ocrx_word' id='word_1_433' title='bbox 751 5598 879 5645; x_wconf 86' lang='lat' dir='ltr'><strong>sunt</strong></span> <span class='ocrx_word' id='word_1_434' title='bbox 904 5600 1082 5645; x_wconf 90' lang='lat' dir='ltr'><strong>autem</strong></span> <span class='ocrx_word' id='word_1_435' title='bbox 1116 5604 1202 5644; x_wconf 89' lang='lat' dir='ltr'><strong>me</strong></span> <span class='ocrx_word' id='word_1_436' title='bbox 1246 5600 1299 5644; x_wconf 91' lang='lat' dir='ltr'><strong>et</strong></span> <span class='ocrx_word' id='word_1_437' title='bbox 1328 5604 1421 5645; x_wconf 80' lang='lat' dir='ltr'><strong>sex</strong></span> <span class='ocrx_word' id='word_1_438' title='bbox 1452 5587 1651 5643; x_wconf 87' lang='lat' dir='ltr'><strong>fratres</strong></span> <span class='ocrx_word' id='word_1_439' title='bbox 1685 5587 1761 5641; x_wconf 92' lang='lat' dir='ltr'><strong>hi.</strong></span> <span class='ocrx_word' id='word_1_440' title='bbox 1793 5588 1860 5642; x_wconf 87' lang='lat' dir='ltr'><strong>Et</strong></span> <span class='ocrx_word' id='word_1_441' title='bbox 1891 5586 1978 5641; x_wconf 91' lang='lat' dir='ltr'><strong>in-</strong></span> 
     </span>
    </p>
   </div>
   <div class='ocr_carea' id='block_1_61' title="bbox 414 5678 1980 5753">
    <p class='ocr_par' dir='ltr' id='par_1_61' title="bbox 414 5678 1980 5753">
     <span class='ocr_line' id='line_1_61' title="bbox 414 5678 1980 5753; baseline 0.001 -19"><span class='ocrx_word' id='word_1_442' title='bbox 414 5699 435 5734; x_wconf 72' lang='lat' dir='ltr'><strong>c</strong></span> <span class='ocrx_word' id='word_1_443' title='bbox 480 5681 650 5753; x_wconf 85' lang='lat' dir='ltr'><strong>gressi</strong></span> <span class='ocrx_word' id='word_1_444' title='bbox 694 5698 886 5739; x_wconf 89' lang='lat' dir='ltr'><strong>sumus</strong></span> <span class='ocrx_word' id='word_1_445' title='bbox 934 5683 1156 5739; x_wconf 91' lang='lat' dir='ltr'><strong>domum</strong></span> <span class='ocrx_word' id='word_1_446' title='bbox 1195 5682 1336 5738; x_wconf 90' lang='lat' dir='ltr'><strong>viri:</strong></span> <span class='ocrx_word' id='word_1_447' title='bbox 1373 5683 1530 5751; x_wconf 91' lang='lat' dir='ltr'><strong>isque</strong></span> <span class='ocrx_word' id='word_1_448' title='bbox 1582 5678 1767 5734; x_wconf 83' lang='lat' dir='ltr'><strong>retulit</strong></span> <span class='ocrx_word' id='word_1_449' title='bbox 1821 5679 1980 5735; x_wconf 89' lang='lat' dir='ltr'><strong>nobis</strong></span> 
     </span>
    </p>
   </div>
   <div class='ocr_carea' id='block_1_62' title="bbox 422 5774 1980 5846">
    <p class='ocr_par' dir='ltr' id='par_1_62' title="bbox 422 5774 1980 5846">
     <span class='ocr_line' id='line_1_62' title="bbox 422 5774 1980 5846; baseline -0.001 -19"><span class='ocrx_word' id='word_1_450' title='bbox 422 5791 443 5827; x_wconf 73' lang='grc' dir='ltr'><strong>ι</strong></span> <span class='ocrx_word' id='word_1_451' title='bbox 484 5774 761 5844; x_wconf 86' lang='lat' dir='ltr'><strong>quomodo</strong></span> <span class='ocrx_word' id='word_1_452' title='bbox 808 5775 1035 5831; x_wconf 89' lang='lat' dir='ltr'><strong>vidisset</strong></span> <span class='ocrx_word' id='word_1_453' title='bbox 1077 5776 1331 5846; x_wconf 84' lang='lat' dir='ltr'><strong>angelum</strong></span> <span class='ocrx_word' id='word_1_454' title='bbox 1377 5774 1522 5830; x_wconf 91' lang='lat' dir='ltr'><strong>domi</strong></span> <span class='ocrx_word' id='word_1_455' title='bbox 1560 5788 1675 5828; x_wconf 81' lang='lat' dir='ltr'><strong>sua:</strong></span> <span class='ocrx_word' id='word_1_456' title='bbox 1707 5778 1980 5826; x_wconf 87' lang='lat' dir='ltr'><strong>astantem</strong></span> 
     </span>
    </p>
   </div>
   <div class='ocr_carea' id='block_1_63' title="bbox 415 5863 1975 5938">
    <p class='ocr_par' dir='ltr' id='par_1_63' title="bbox 415 5863 1975 5938">
     <span class='ocr_line' id='line_1_63' title="bbox 415 5863 1975 5938; baseline 0.001 -19"><span class='ocrx_word' id='word_1_457' title='bbox 415 5883 436 5919; x_wconf 76' lang='grc' dir='ltr'><strong>ι</strong></span> <span class='ocrx_word' id='word_1_458' title='bbox 478 5880 536 5921; x_wconf 78' lang='lat' dir='ltr'><strong>ac</strong></span> <span class='ocrx_word' id='word_1_459' title='bbox 567 5868 837 5924; x_wconf 87' lang='lat' dir='ltr'><strong>dicentem</strong></span> <span class='ocrx_word' id='word_1_460' title='bbox 868 5868 970 5925; x_wconf 83' lang='lat' dir='ltr'><strong>sibi</strong></span> <span class='ocrx_word' id='word_1_461' title='bbox 1005 5888 1017 5923; x_wconf 91' lang='lat'><strong>:</strong></span> <span class='ocrx_word' id='word_1_462' title='bbox 1064 5868 1215 5925; x_wconf 77' lang='lat' dir='ltr'><strong>Mitte</strong></span> <span class='ocrx_word' id='word_1_463' title='bbox 1245 5868 1394 5924; x_wconf 86' lang='lat' dir='ltr'><strong>viros</strong></span> <span class='ocrx_word' id='word_1_464' title='bbox 1426 5863 1633 5938; x_wconf 78' lang='lat' dir='ltr'><strong>Joppen</strong></span> <span class='ocrx_word' id='word_1_465' title='bbox 1667 5873 1720 5921; x_wconf 84' lang='lat' dir='ltr'><strong>ct</strong></span> <span class='ocrx_word' id='word_1_466' title='bbox 1754 5878 1975 5921; x_wconf 88' lang='lat' dir='ltr'><strong>accerse</strong></span> 
     </span>
    </p>
   </div>
   <div class='ocr_carea' id='block_1_64' title="bbox 2051 599 3613 673">
    <p class='ocr_par' dir='ltr' id='par_1_64' title="bbox 2051 599 3613 673">
     <span class='ocr_line' id='line_1_64' title="bbox 2051 599 3613 673; baseline 0 -18"><span class='ocrx_word' id='word_1_467' title='bbox 2051 618 2073 655; x_wconf 74' lang='grc' dir='ltr'><strong>ι</strong></span> <span class='ocrx_word' id='word_1_468' title='bbox 2109 599 2178 655; x_wconf 82' lang='grc' dir='ltr'><strong>τὰ</strong></span> <span class='ocrx_word' id='word_1_469' title='bbox 2208 599 2335 673; x_wconf 69' lang='grc' dir='ltr'>ἔθνη</span> <span class='ocrx_word' id='word_1_470' title='bbox 2365 599 2596 672; x_wconf 77' lang='grc' dir='ltr'>ὴδωρεά</span> <span class='ocrx_word' id='word_1_471' title='bbox 2615 600 2710 654; x_wconf 87' lang='grc' dir='ltr'><strong>τοῦ</strong></span> <span class='ocrx_word' id='word_1_472' title='bbox 2740 601 2899 670; x_wconf 80' lang='grc' dir='ltr'>ἁγίου</span> <span class='ocrx_word' id='word_1_473' title='bbox 2934 601 3254 673; x_wconf 77' lang='grc' dir='ltr'>Πνεῦματος</span> <span class='ocrx_word' id='word_1_474' title='bbox 3298 601 3613 673; x_wconf 78' lang='grc' dir='ltr'>έκκέχυται.</span> 
     </span>
    </p>
   </div>
   <div class='ocr_carea' id='block_1_65' title="bbox 2055 692 3616 766">
    <p class='ocr_par' dir='ltr' id='par_1_65' title="bbox 2055 692 3616 766">
     <span class='ocr_line' id='line_1_65' title="bbox 2055 692 3616 766; baseline 0.002 -20"><span class='ocrx_word' id='word_1_475' title='bbox 2055 711 2075 746; x_wconf 79' lang='grc' dir='ltr'><strong>ι</strong></span> <span class='ocrx_word' id='word_1_476' title='bbox 2114 693 2351 748; x_wconf 83' lang='grc' dir='ltr'><strong>Ἤκουον</strong></span> <span class='ocrx_word' id='word_1_477' title='bbox 2378 693 2491 765; x_wconf 78' lang='grc' dir='ltr'><strong>γὰρ</strong></span> <span class='ocrx_word' id='word_1_478' title='bbox 2511 693 2695 748; x_wconf 85' lang='grc' dir='ltr'>αὐτῶν</span> <span class='ocrx_word' id='word_1_479' title='bbox 2725 692 3032 749; x_wconf 72' lang='grc' dir='ltr'><strong>λαλούντων</strong></span> <span class='ocrx_word' id='word_1_480' title='bbox 3055 692 3330 762; x_wconf 74' lang='grc' dir='ltr'><strong>γλώσσαις</strong></span> <span class='ocrx_word' id='word_1_481' title='bbox 3360 696 3458 749; x_wconf 76' lang='grc' dir='ltr'>καὶ</span> <span class='ocrx_word' id='word_1_482' title='bbox 3523 712 3616 766; x_wconf 68' lang='grc' dir='ltr'>μευ</span> 
     </span>
    </p>
   </div>
   <div class='ocr_carea' id='block_1_66' title="bbox 2053 786 3612 859">
    <p class='ocr_par' dir='ltr' id='par_1_66' title="bbox 2053 786 3612 859">
     <span class='ocr_line' id='line_1_66' title="bbox 2053 786 3612 859; baseline 0 -18"><span class='ocrx_word' id='word_1_483' title='bbox 2053 804 2075 841; x_wconf 80' lang='lat' dir='ltr'><strong>t</strong></span> <span class='ocrx_word' id='word_1_484' title='bbox 2110 786 2449 855; x_wconf 85' lang='grc' dir='ltr'>γαλυνόντων</span> <span class='ocrx_word' id='word_1_485' title='bbox 2477 790 2572 841; x_wconf 69' lang='grc' dir='ltr'>τὸν</span> <span class='ocrx_word' id='word_1_486' title='bbox 2597 787 2752 843; x_wconf 84' lang='grc' dir='ltr'>Θεόν.</span> <span class='ocrx_word' id='word_1_487' title='bbox 2806 787 2942 842; x_wconf 77' lang='grc' dir='ltr'>Τότε</span> <span class='ocrx_word' id='word_1_488' title='bbox 2971 787 3246 859; x_wconf 74' lang='grc' dir='ltr'><strong>ἀπεκρίθη</strong></span> <span class='ocrx_word' id='word_1_489' title='bbox 3292 789 3322 841; x_wconf 84' lang='grc' dir='ltr'><strong>ό</strong></span> <span class='ocrx_word' id='word_1_490' title='bbox 3373 788 3612 857; x_wconf 79' lang='grc' dir='ltr'>Πέτρος’</span> 
     </span>
    </p>
   </div>
   <div class='ocr_carea' id='block_1_67' title="bbox 2052 877 3621 950">
    <p class='ocr_par' dir='ltr' id='par_1_67' title="bbox 2052 877 3621 950">
     <span class='ocr_line' id='line_1_67' title="bbox 2052 877 3621 950; baseline 0.001 -18"><span class='ocrx_word' id='word_1_491' title='bbox 2052 896 2074 932; x_wconf 68' lang='grc' dir='ltr'><strong>ο</strong></span> <span class='ocrx_word' id='word_1_492' title='bbox 2111 879 2202 950; x_wconf 86' lang='grc' dir='ltr'><strong>Μή</strong></span> <span class='ocrx_word' id='word_1_493' title='bbox 2229 897 2284 934; x_wconf 89' lang='grc' dir='ltr'><strong>τι</strong></span> <span class='ocrx_word' id='word_1_494' title='bbox 2310 880 2372 933; x_wconf 82' lang='grc' dir='ltr'>τὸ</span> <span class='ocrx_word' id='word_1_495' title='bbox 2406 877 2553 949; x_wconf 75' lang='grc' dir='ltr'>ὕδωρ</span> <span class='ocrx_word' id='word_1_496' title='bbox 2582 877 2830 934; x_wconf 85' lang='grc' dir='ltr'>κωλῦσαι</span> <span class='ocrx_word' id='word_1_497' title='bbox 2878 879 3101 934; x_wconf 82' lang='grc' dir='ltr'>δύναταί</span> <span class='ocrx_word' id='word_1_498' title='bbox 3130 896 3236 947; x_wconf 85' lang='grc' dir='ltr'>τις,</span> <span class='ocrx_word' id='word_1_499' title='bbox 3273 878 3368 933; x_wconf 84' lang='grc' dir='ltr'><strong>τοῦ</strong></span> <span class='ocrx_word' id='word_1_500' title='bbox 3402 878 3479 950; x_wconf 80' lang='grc' dir='ltr'>μὴ</span> <span class='ocrx_word' id='word_1_501' title='bbox 3528 879 3621 949; x_wconf 68' lang='grc' dir='ltr'><strong>βαι</strong></span> 
     </span>
    </p>
   </div>
   <div class='ocr_carea' id='block_1_68' title="bbox 2054 969 3621 1045">
    <p class='ocr_par' dir='ltr' id='par_1_68' title="bbox 2054 969 3621 1045">
     <span class='ocr_line' id='line_1_68' title="bbox 2054 969 3621 1045; baseline 0.001 -22"><span class='ocrx_word' id='word_1_502' title='bbox 2054 987 2078 1022; x_wconf 74' lang='grc' dir='ltr'><strong>ε</strong></span> <span class='ocrx_word' id='word_1_503' title='bbox 2112 970 2404 1041; x_wconf 87' lang='grc' dir='ltr'>πτισθῆναι</span> <span class='ocrx_word' id='word_1_504' title='bbox 2431 970 2677 1037; x_wconf 81' lang='grc' dir='ltr'>τοθτους,</span> <span class='ocrx_word' id='word_1_505' title='bbox 2697 970 2894 1035; x_wconf 74' lang='grc' dir='ltr'>οἵτινες</span> <span class='ocrx_word' id='word_1_506' title='bbox 2920 971 2983 1025; x_wconf 79' lang='grc' dir='ltr'>τὸ</span> <span class='ocrx_word' id='word_1_507' title='bbox 3001 970 3227 1045; x_wconf 84' lang='grc' dir='ltr'>Πνεῦμα</span> <span class='ocrx_word' id='word_1_508' title='bbox 3246 970 3309 1024; x_wconf 79' lang='grc' dir='ltr'><strong>τὸ</strong></span> <span class='ocrx_word' id='word_1_509' title='bbox 3325 971 3481 1039; x_wconf 73' lang='grc' dir='ltr'>ἅγιον</span> <span class='ocrx_word' id='word_1_510' title='bbox 3494 969 3621 1025; x_wconf 72' lang='grc' dir='ltr'>έλα-</span> 
     </span>
    </p>
   </div>
   <div class='ocr_carea' id='block_1_69' title="bbox 2053 1061 3620 1137">
    <p class='ocr_par' dir='ltr' id='par_1_69' title="bbox 2053 1061 3620 1137">
     <span class='ocr_line' id='line_1_69' title="bbox 2053 1061 3620 1137; baseline 0 -20"><span class='ocrx_word' id='word_1_511' title='bbox 2053 1080 2074 1117; x_wconf 82' lang='lat' dir='ltr'><strong>t</strong></span> <span class='ocrx_word' id='word_1_512' title='bbox 2108 1062 2225 1128; x_wconf 86' lang='grc' dir='ltr'>ϐον,</span> <span class='ocrx_word' id='word_1_513' title='bbox 2268 1061 2452 1127; x_wconf 84' lang='grc' dir='ltr'>καθὼς</span> <span class='ocrx_word' id='word_1_514' title='bbox 2481 1061 2578 1117; x_wconf 78' lang='grc' dir='ltr'>καὶ</span> <span class='ocrx_word' id='word_1_515' title='bbox 2606 1063 2769 1134; x_wconf 74' lang='grc' dir='ltr'>ἡμεῖς</span> <span class='ocrx_word' id='word_1_516' title='bbox 2792 1080 2811 1132; x_wconf 84' lang='lat'><strong>;</strong></span> <span class='ocrx_word' id='word_1_517' title='bbox 2837 1063 3147 1137; x_wconf 76' lang='grc' dir='ltr'>Προσέταξέ</span> <span class='ocrx_word' id='word_1_518' title='bbox 3178 1080 3242 1119; x_wconf 76' lang='grc' dir='ltr'><strong>τε</strong></span> <span class='ocrx_word' id='word_1_519' title='bbox 3286 1063 3486 1129; x_wconf 81' lang='grc' dir='ltr'>αὐτοὺς</span> <span class='ocrx_word' id='word_1_520' title='bbox 3521 1063 3620 1135; x_wconf 85' lang='grc' dir='ltr'><strong>βα-</strong></span> 
     </span>
    </p>
   </div>
   <div class='ocr_carea' id='block_1_70' title="bbox 2055 1153 3619 1229">
    <p class='ocr_par' dir='ltr' id='par_1_70' title="bbox 2055 1153 3619 1229">
     <span class='ocr_line' id='line_1_70' title="bbox 2055 1153 3619 1229; baseline 0.002 -20"><span class='ocrx_word' id='word_1_521' title='bbox 2055 1174 2075 1209; x_wconf 74' lang='grc' dir='ltr'><strong>ι</strong></span> <span class='ocrx_word' id='word_1_522' title='bbox 2111 1153 2403 1226; x_wconf 70' lang='grc' dir='ltr'><strong>’κτισθῆναι</strong></span> <span class='ocrx_word' id='word_1_523' title='bbox 2431 1156 2488 1208; x_wconf 81' lang='grc' dir='ltr'><strong>έν</strong></span> <span class='ocrx_word' id='word_1_524' title='bbox 2507 1155 2584 1227; x_wconf 82' lang='grc' dir='ltr'>τῷ</span> <span class='ocrx_word' id='word_1_525' title='bbox 2605 1156 2830 1227; x_wconf 86' lang='grc' dir='ltr'>ὀνόματι</span> <span class='ocrx_word' id='word_1_526' title='bbox 2856 1154 2951 1210; x_wconf 89' lang='grc' dir='ltr'><strong>τοῦ</strong></span> <span class='ocrx_word' id='word_1_527' title='bbox 2980 1158 3206 1229; x_wconf 78' lang='grc' dir='ltr'>Κυρίου.</span> <span class='ocrx_word' id='word_1_528' title='bbox 3234 1156 3370 1213; x_wconf 85' lang='grc' dir='ltr'>Τότε</span> <span class='ocrx_word' id='word_1_529' title='bbox 3395 1156 3619 1229; x_wconf 70' lang='grc' dir='ltr'>ἠρώτη-</span> 
     </span>
    </p>
   </div>
   <div class='ocr_carea' id='block_1_71' title="bbox 2050 1249 3191 1321">
    <p class='ocr_par' dir='ltr' id='par_1_71' title="bbox 2050 1249 3191 1321">
     <span class='ocr_line' id='line_1_71' title="bbox 2050 1249 3191 1321; baseline 0.001 -19"><span class='ocrx_word' id='word_1_530' title='bbox 2050 1267 2076 1302; x_wconf 72' lang='grc' dir='ltr'><strong>ε</strong></span> <span class='ocrx_word' id='word_1_531' title='bbox 2112 1265 2212 1304; x_wconf 88' lang='grc' dir='ltr'><strong>σαν</strong></span> <span class='ocrx_word' id='word_1_532' title='bbox 2240 1249 2404 1303; x_wconf 77' lang='grc' dir='ltr'>αὑτὸν</span> <span class='ocrx_word' id='word_1_533' title='bbox 2421 1249 2703 1320; x_wconf 65' lang='lat' dir='ltr'><strong>impetum</strong></span> <span class='ocrx_word' id='word_1_534' title='bbox 2730 1250 2943 1321; x_wconf 78' lang='grc' dir='ltr'>ἡμέρας</span> <span class='ocrx_word' id='word_1_535' title='bbox 2966 1249 3137 1315; x_wconf 80' lang='grc' dir='ltr'>τινάς.</span> <span class='ocrx_word' id='word_1_536' title='bbox 3169 1266 3191 1303; x_wconf 72' lang='grc' dir='ltr'><strong>ι</strong></span> 
     </span>
    </p>
   </div>
   <div class='ocr_carea' id='block_1_72' title="bbox 2122 1341 3620 1413">
    <p class='ocr_par' dir='ltr' id='par_1_72' title="bbox 2122 1341 3620 1413">
     <span class='ocr_line' id='line_1_72' title="bbox 2122 1341 3620 1413; baseline -0.001 -16"><span class='ocrx_word' id='word_1_537' title='bbox 2122 1342 2253 1397; x_wconf 83' lang='grc' dir='ltr'><strong>Ὀτε</strong></span> <span class='ocrx_word' id='word_1_538' title='bbox 2282 1341 2607 1398; x_wconf 68' lang='grc' dir='ltr'>ἐπίστευσαν</span> <span class='ocrx_word' id='word_1_539' title='bbox 2629 1342 2712 1396; x_wconf 84' lang='grc' dir='ltr'>ὅτι</span> <span class='ocrx_word' id='word_1_540' title='bbox 2747 1342 2966 1406; x_wconf 79' lang='grc' dir='ltr'>πάντως</span> <span class='ocrx_word' id='word_1_541' title='bbox 3014 1342 3077 1396; x_wconf 63' lang='lat' dir='ltr'><strong>«re</strong></span> <span class='ocrx_word' id='word_1_542' title='bbox 3102 1341 3385 1413; x_wconf 75' lang='grc' dir='ltr'>βάπτισμα</span> <span class='ocrx_word' id='word_1_543' title='bbox 3424 1341 3620 1410; x_wconf 75' lang='grc' dir='ltr'>ἄφεσίς</span> 
     </span>
    </p>
   </div>
   <div class='ocr_carea' id='block_1_73' title="bbox 2052 1432 3618 1507">
    <p class='ocr_par' dir='ltr' id='par_1_73' title="bbox 2052 1432 3618 1507">
     <span class='ocr_line' id='line_1_73' title="bbox 2052 1432 3618 1507; baseline 0.002 -20"><span class='ocrx_word' id='word_1_544' title='bbox 2052 1432 2199 1487; x_wconf 82' lang='grc' dir='ltr'>έστιν</span> <span class='ocrx_word' id='word_1_545' title='bbox 2249 1432 2556 1505; x_wconf 82' lang='grc' dir='ltr'>ἁμαρτιῶν,</span> <span class='ocrx_word' id='word_1_546' title='bbox 2588 1433 2709 1487; x_wconf 87' lang='grc' dir='ltr'>τότε</span> <span class='ocrx_word' id='word_1_547' title='bbox 2770 1432 3007 1504; x_wconf 75' lang='grc' dir='ltr'>ἐπῆλθεν</span> <span class='ocrx_word' id='word_1_548' title='bbox 3057 1433 3240 1497; x_wconf 87' lang='grc' dir='ltr'>αὐτοῖς</span> <span class='ocrx_word' id='word_1_549' title='bbox 3280 1432 3344 1488; x_wconf 85' lang='grc' dir='ltr'><strong>τδ</strong></span> <span class='ocrx_word' id='word_1_550' title='bbox 3371 1432 3618 1507; x_wconf 78' lang='grc' dir='ltr'><strong>Πνεῦμα.</strong></span> 
     </span>
    </p>
   </div>
   <div class='ocr_carea' id='block_1_74' title="bbox 2049 1507 3623 1598">
    <p class='ocr_par' dir='ltr' id='par_1_74' title="bbox 2049 1507 3623 1598">
     <span class='ocr_line' id='line_1_74' title="bbox 2049 1507 3623 1598; baseline 0 -18"><span class='ocrx_word' id='word_1_551' title='bbox 2049 1524 2221 1580; x_wconf 86' lang='grc' dir='ltr'>Τοῦτο</span> <span class='ocrx_word' id='word_1_552' title='bbox 2244 1525 2301 1580; x_wconf 78' lang='grc' dir='ltr'>δὲ</span> <span class='ocrx_word' id='word_1_553' title='bbox 2329 1525 2540 1596; x_wconf 87' lang='grc' dir='ltr'>γίνεται</span> <span class='ocrx_word' id='word_1_554' title='bbox 2571 1507 3092 1597; x_wconf 76' lang='grc' dir='ltr'>προοικονομοῦντος</span> <span class='ocrx_word' id='word_1_555' title='bbox 3122 1526 3420 1596; x_wconf 88' lang='grc' dir='ltr'>ἀπολογίαν</span> <span class='ocrx_word' id='word_1_556' title='bbox 3448 1524 3623 1598; x_wconf 82' lang='grc' dir='ltr'>μεγά-</span> 
     </span>
    </p>
   </div>
   <div class='ocr_carea' id='block_1_75' title="bbox 2048 1615 3625 1690">
    <p class='ocr_par' dir='ltr' id='par_1_75' title="bbox 2048 1615 3625 1690">
     <span class='ocr_line' id='line_1_75' title="bbox 2048 1615 3625 1690; baseline -0.001 -19"><span class='ocrx_word' id='word_1_557' title='bbox 2048 1617 2149 1690; x_wconf 87' lang='grc' dir='ltr'>λην</span> <span class='ocrx_word' id='word_1_558' title='bbox 2182 1616 2258 1690; x_wconf 83' lang='grc' dir='ltr'>τῷ</span> <span class='ocrx_word' id='word_1_559' title='bbox 2279 1617 2471 1689; x_wconf 81' lang='grc' dir='ltr'><strong>Πέτρῳ</strong></span> <span class='ocrx_word' id='word_1_560' title='bbox 2496 1616 2589 1671; x_wconf 88' lang='grc' dir='ltr'><strong>τοῦ</strong></span> <span class='ocrx_word' id='word_1_561' title='bbox 2614 1617 2771 1681; x_wconf 87' lang='grc' dir='ltr'>Θεοῦ,</span> <span class='ocrx_word' id='word_1_562' title='bbox 2794 1618 2905 1673; x_wconf 70' lang='grc' dir='ltr'>Καὶ</span> <span class='ocrx_word' id='word_1_563' title='bbox 2936 1616 3035 1689; x_wconf 79' lang='grc' dir='ltr'><strong>οὐχ</strong></span> <span class='ocrx_word' id='word_1_564' title='bbox 3065 1616 3255 1681; x_wconf 82' lang='grc' dir='ltr'>ἁπλῶς</span> <span class='ocrx_word' id='word_1_565' title='bbox 3293 1615 3355 1670; x_wconf 73' lang='grc' dir='ltr'><strong>τὸ</strong></span> <span class='ocrx_word' id='word_1_566' title='bbox 3398 1615 3625 1686; x_wconf 77' lang='grc' dir='ltr'>Πνεῦμα</span> 
     </span>
    </p>
   </div>
   <div class='ocr_carea' id='block_1_76' title="bbox 2052 1706 3623 1785">
    <p class='ocr_par' dir='ltr' id='par_1_76' title="bbox 2052 1706 3623 1785">
     <span class='ocr_line' id='line_1_76' title="bbox 2052 1706 3623 1785; baseline -0.003 -20"><span class='ocrx_word' id='word_1_567' title='bbox 2052 1711 2308 1785; x_wconf 76' lang='grc' dir='ltr'>ἐπῆλθεν,</span> <span class='ocrx_word' id='word_1_568' title='bbox 2362 1709 2498 1765; x_wconf 78' lang='grc' dir='ltr'>ἀλλὰ</span> <span class='ocrx_word' id='word_1_569' title='bbox 2529 1709 2624 1765; x_wconf 67' lang='grc' dir='ltr'>καὶ</span> <span class='ocrx_word' id='word_1_570' title='bbox 2675 1708 2947 1779; x_wconf 81' lang='grc' dir='ltr'>γλώσσαις</span> <span class='ocrx_word' id='word_1_571' title='bbox 3007 1709 3273 1775; x_wconf 73' lang='grc' dir='ltr'>ἐλάλουν,</span> <span class='ocrx_word' id='word_1_572' title='bbox 3319 1708 3456 1779; x_wconf 80' lang='grc' dir='ltr'>ὅπερ</span> <span class='ocrx_word' id='word_1_573' title='bbox 3500 1706 3623 1773; x_wconf 75' lang='grc' dir='ltr'><strong>ἑξέο</strong></span> 
     </span>
    </p>
   </div>
   <div class='ocr_carea' id='block_1_77' title="bbox 2054 1801 3627 1873">
    <p class='ocr_par' dir='ltr' id='par_1_77' title="bbox 2054 1801 3627 1873">
     <span class='ocr_line' id='line_1_77' title="bbox 2054 1801 3627 1873; baseline -0.003 -13"><span class='ocrx_word' id='word_1_574' title='bbox 2054 1806 2269 1873; x_wconf 76' lang='grc' dir='ltr'>πλητττε</span> <span class='ocrx_word' id='word_1_575' title='bbox 2291 1804 2417 1868; x_wconf 75' lang='grc' dir='ltr'>τοὺς</span> <span class='ocrx_word' id='word_1_576' title='bbox 2450 1803 2817 1868; x_wconf 85' lang='grc' dir='ltr'>συνελθόντας.</span> <span class='ocrx_word' id='word_1_577' title='bbox 2851 1804 2930 1856; x_wconf 83' lang='grc' dir='ltr'><strong>Δι’</strong></span> <span class='ocrx_word' id='word_1_578' title='bbox 2960 1801 2989 1855; x_wconf 75' lang='grc' dir='ltr'><strong>ὃ</strong></span> <span class='ocrx_word' id='word_1_579' title='bbox 3022 1803 3114 1857; x_wconf 75' lang='grc' dir='ltr'>καὶ</span> <span class='ocrx_word' id='word_1_580' title='bbox 3138 1803 3167 1854; x_wconf 87' lang='grc' dir='ltr'><strong>ό</strong></span> <span class='ocrx_word' id='word_1_581' title='bbox 3201 1803 3402 1873; x_wconf 81' lang='grc' dir='ltr'><strong>Πέτρος</strong></span> <span class='ocrx_word' id='word_1_582' title='bbox 3453 1817 3627 1870; x_wconf 82' lang='grc' dir='ltr'>προσ-</span> 
     </span>
    </p>
   </div>
   <div class='ocr_carea' id='block_1_78' title="bbox 2056 1892 3626 1965">
    <p class='ocr_par' dir='ltr' id='par_1_78' title="bbox 2056 1892 3626 1965">
     <span class='ocr_line' id='line_1_78' title="bbox 2056 1892 3626 1965; baseline -0.003 -15"><span class='ocrx_word' id='word_1_583' title='bbox 2056 1896 2245 1962; x_wconf 79' lang='grc' dir='ltr'>έταξεν</span> <span class='ocrx_word' id='word_1_584' title='bbox 2272 1895 2474 1961; x_wconf 84' lang='grc' dir='ltr'>εὐθέως</span> <span class='ocrx_word' id='word_1_585' title='bbox 2506 1894 2705 1958; x_wconf 74' lang='grc' dir='ltr'>αὐτοὺς</span> <span class='ocrx_word' id='word_1_586' title='bbox 2750 1892 3123 1963; x_wconf 77' lang='grc' dir='ltr'><strong>βαπτισθῆναι</strong></span> <span class='ocrx_word' id='word_1_587' title='bbox 3171 1896 3229 1948; x_wconf 78' lang='grc' dir='ltr'>ὲν</span> <span class='ocrx_word' id='word_1_588' title='bbox 3258 1893 3336 1965; x_wconf 80' lang='grc' dir='ltr'>τῷ</span> <span class='ocrx_word' id='word_1_589' title='bbox 3398 1893 3626 1963; x_wconf 82' lang='grc' dir='ltr'>ὀνόματι</span> 
     </span>
    </p>
   </div>
   <div class='ocr_carea' id='block_1_79' title="bbox 2054 1981 3625 2060">
    <p class='ocr_par' dir='ltr' id='par_1_79' title="bbox 2054 1981 3625 2060">
     <span class='ocr_line' id='line_1_79' title="bbox 2054 1981 3625 2060; baseline -0.006 -17"><span class='ocrx_word' id='word_1_590' title='bbox 2054 1989 2148 2043; x_wconf 76' lang='grc' dir='ltr'><strong>τοῦ</strong></span> <span class='ocrx_word' id='word_1_591' title='bbox 2179 1987 2409 2060; x_wconf 79' lang='grc' dir='ltr'>Κυρίου.</span> <span class='ocrx_word' id='word_1_592' title='bbox 2435 1988 2543 2045; x_wconf 68' lang='lat' dir='ltr'><strong>Kal</strong></span> <span class='ocrx_word' id='word_1_593' title='bbox 2570 1987 2668 2045; x_wconf 80' lang='grc' dir='ltr'><strong>οὐκ</strong></span> <span class='ocrx_word' id='word_1_594' title='bbox 2699 1981 2842 2053; x_wconf 77' lang='grc' dir='ltr'>εἷπε,</span> <span class='ocrx_word' id='word_1_595' title='bbox 2869 1986 2965 2050; x_wconf 89' lang='grc' dir='ltr'><strong>Τίς</strong></span> <span class='ocrx_word' id='word_1_596' title='bbox 2992 1986 3027 2057; x_wconf 80' lang='grc' dir='ltr'><strong>ἡ</strong></span> <span class='ocrx_word' id='word_1_597' title='bbox 3060 1985 3155 2040; x_wconf 86' lang='grc' dir='ltr'><strong>τοῦ</strong></span> <span class='ocrx_word' id='word_1_598' title='bbox 3216 1984 3407 2048; x_wconf 89' lang='grc' dir='ltr'>ῦδατος</span> <span class='ocrx_word' id='word_1_599' title='bbox 3442 1983 3625 2054; x_wconf 81' lang='grc' dir='ltr'>χρεία,</span> 
     </span>
    </p>
   </div>
   <div class='ocr_carea' id='block_1_80' title="bbox 2055 2074 3626 2150">
    <p class='ocr_par' dir='ltr' id='par_1_80' title="bbox 2055 2074 3626 2150">
     <span class='ocr_line' id='line_1_80' title="bbox 2055 2074 3626 2150; baseline -0.004 -16"><span class='ocrx_word' id='word_1_600' title='bbox 2055 2079 2149 2134; x_wconf 86' lang='grc' dir='ltr'><strong>τοῦ</strong></span> <span class='ocrx_word' id='word_1_601' title='bbox 2173 2081 2330 2150; x_wconf 81' lang='grc' dir='ltr'>ἁγίου</span> <span class='ocrx_word' id='word_1_602' title='bbox 2358 2077 2671 2150; x_wconf 85' lang='grc' dir='ltr'>Πνεύματος</span> <span class='ocrx_word' id='word_1_603' title='bbox 2692 2077 3045 2143; x_wconf 76' lang='grc' dir='ltr'>ἐπιπεσόντος</span> <span class='ocrx_word' id='word_1_604' title='bbox 3076 2077 3260 2142; x_wconf 79' lang='grc' dir='ltr'>αὐτοῖς</span> <span class='ocrx_word' id='word_1_605' title='bbox 3285 2093 3300 2144; x_wconf 83' lang='grc'><strong>;</strong></span> <span class='ocrx_word' id='word_1_606' title='bbox 3338 2075 3490 2149; x_wconf 79' lang='grc' dir='ltr'>ᾜδει</span> <span class='ocrx_word' id='word_1_607' title='bbox 3516 2074 3626 2145; x_wconf 70' lang='grc' dir='ltr'><strong>γὰρ</strong></span> 
     </span>
    </p>
   </div>
   <div class='ocr_carea' id='block_1_81' title="bbox 2056 2164 3627 2238">
    <p class='ocr_par' dir='ltr' id='par_1_81' title="bbox 2056 2164 3627 2238">
     <span class='ocr_line' id='line_1_81' title="bbox 2056 2164 3627 2238; baseline -0.006 -13"><span class='ocrx_word' id='word_1_608' title='bbox 2056 2173 2139 2225; x_wconf 82' lang='grc' dir='ltr'>ὅτι</span> <span class='ocrx_word' id='word_1_609' title='bbox 2165 2171 2283 2225; x_wconf 88' lang='grc' dir='ltr'>θεῖα</span> <span class='ocrx_word' id='word_1_610' title='bbox 2313 2169 2547 2223; x_wconf 87' lang='grc' dir='ltr'>τελεῖται</span> <span class='ocrx_word' id='word_1_611' title='bbox 2569 2168 2626 2222; x_wconf 78' lang='grc' dir='ltr'>ὲν</span> <span class='ocrx_word' id='word_1_612' title='bbox 2654 2167 2805 2238; x_wconf 80' lang='grc' dir='ltr'>αὐτῷ</span> <span class='ocrx_word' id='word_1_613' title='bbox 2860 2166 3127 2237; x_wconf 77' lang='grc' dir='ltr'>σύμϐολα,</span> <span class='ocrx_word' id='word_1_614' title='bbox 3174 2164 3346 2235; x_wconf 76' lang='grc' dir='ltr'>τάφος</span> <span class='ocrx_word' id='word_1_615' title='bbox 3400 2165 3493 2218; x_wconf 76' lang='grc' dir='ltr'>καὶ</span> <span class='ocrx_word' id='word_1_616' title='bbox 3537 2164 3627 2217; x_wconf 86' lang='grc' dir='ltr'>νέ-</span> 
     </span>
    </p>
   </div>
   <div class='ocr_carea' id='block_1_82' title="bbox 2057 2254 3625 2335">
    <p class='ocr_par' dir='ltr' id='par_1_82' title="bbox 2057 2254 3625 2335">
     <span class='ocr_line' id='line_1_82' title="bbox 2057 2254 3625 2335; baseline -0.006 -18"><span class='ocrx_word' id='word_1_617' title='bbox 2057 2280 2284 2335; x_wconf 82' lang='grc' dir='ltr'>κρωσις,</span> <span class='ocrx_word' id='word_1_618' title='bbox 2320 2262 2415 2316; x_wconf 78' lang='grc' dir='ltr'>καὶ</span> <span class='ocrx_word' id='word_1_619' title='bbox 2442 2262 2766 2326; x_wconf 81' lang='grc' dir='ltr'>ἀνάστασις,</span> <span class='ocrx_word' id='word_1_620' title='bbox 2791 2261 2887 2314; x_wconf 82' lang='grc' dir='ltr'>καὶ</span> <span class='ocrx_word' id='word_1_621' title='bbox 2914 2254 3050 2329; x_wconf 77' lang='grc' dir='ltr'><strong>ζωή.</strong></span> <span class='ocrx_word' id='word_1_622' title='bbox 3078 2259 3292 2329; x_wconf 84' lang='grc' dir='ltr'>Ὠσπερ</span> <span class='ocrx_word' id='word_1_623' title='bbox 3326 2258 3433 2327; x_wconf 81' lang='grc' dir='ltr'>γὰρ</span> <span class='ocrx_word' id='word_1_624' title='bbox 3462 2255 3625 2309; x_wconf 62' lang='lat' dir='ltr'><strong>elixa-</strong></span> 
     </span>
    </p>
   </div>
   <div class='ocr_carea' id='block_1_83' title="bbox 2057 2347 3630 2425">
    <p class='ocr_par' dir='ltr' id='par_1_83' title="bbox 2057 2347 3630 2425">
     <span class='ocr_line' id='line_1_83' title="bbox 2057 2347 3630 2425; baseline -0.004 -16"><span class='ocrx_word' id='word_1_625' title='bbox 2057 2354 2147 2409; x_wconf 92' lang='grc' dir='ltr'><strong>λον</strong></span> <span class='ocrx_word' id='word_1_626' title='bbox 2177 2357 2307 2425; x_wconf 82' lang='grc' dir='ltr'>ἡμῖν</span> <span class='ocrx_word' id='word_1_627' title='bbox 2334 2353 2704 2424; x_wconf 86' lang='grc' dir='ltr'>βαπτίσασθαι</span> <span class='ocrx_word' id='word_1_628' title='bbox 2729 2354 2823 2407; x_wconf 69' lang='grc' dir='ltr'>καὶ</span> <span class='ocrx_word' id='word_1_629' title='bbox 2850 2350 3166 2414; x_wconf 82' lang='grc' dir='ltr'>ἀνανεῦσαι,</span> <span class='ocrx_word' id='word_1_630' title='bbox 3204 2349 3381 2412; x_wconf 79' lang='grc' dir='ltr'>οὕτως</span> <span class='ocrx_word' id='word_1_631' title='bbox 3406 2347 3630 2403; x_wconf 73' lang='grc' dir='ltr'>εὔκολον</span> 
     </span>
    </p>
   </div>
   <div class='ocr_carea' id='block_1_84' title="bbox 2056 2435 3631 2515">
    <p class='ocr_par' dir='ltr' id='par_1_84' title="bbox 2056 2435 3631 2515">
     <span class='ocr_line' id='line_1_84' title="bbox 2056 2435 3631 2515; baseline -0.005 -17"><span class='ocrx_word' id='word_1_632' title='bbox 2056 2445 2132 2515; x_wconf 81' lang='grc' dir='ltr'>τῷ</span> <span class='ocrx_word' id='word_1_633' title='bbox 2152 2444 2272 2515; x_wconf 86' lang='grc' dir='ltr'><strong>Θεῷ</strong></span> <span class='ocrx_word' id='word_1_634' title='bbox 2296 2442 2465 2514; x_wconf 79' lang='grc' dir='ltr'>θάψαι</span> <span class='ocrx_word' id='word_1_635' title='bbox 2493 2443 2583 2496; x_wconf 77' lang='grc' dir='ltr'>τὸν</span> <span class='ocrx_word' id='word_1_636' title='bbox 2610 2441 2839 2496; x_wconf 81' lang='grc' dir='ltr'>παλαιὸν</span> <span class='ocrx_word' id='word_1_637' title='bbox 2870 2439 3177 2511; x_wconf 72' lang='grc' dir='ltr'>ἄνθρωπον,</span> <span class='ocrx_word' id='word_1_638' title='bbox 3215 2436 3313 2491; x_wconf 80' lang='grc' dir='ltr'>καὶ</span> <span class='ocrx_word' id='word_1_639' title='bbox 3356 2435 3631 2499; x_wconf 79' lang='grc' dir='ltr'>ἀναδεῖξαι</span> 
     </span>
    </p>
   </div>
   <div class='ocr_carea' id='block_1_85' title="bbox 2058 2528 3633 2607">
    <p class='ocr_par' dir='ltr' id='par_1_85' title="bbox 2058 2528 3633 2607">
     <span class='ocr_line' id='line_1_85' title="bbox 2058 2528 3633 2607; baseline -0.006 -14"><span class='ocrx_word' id='word_1_640' title='bbox 2058 2540 2149 2593; x_wconf 75' lang='grc' dir='ltr'><strong>τὸν</strong></span> <span class='ocrx_word' id='word_1_641' title='bbox 2167 2538 2305 2595; x_wconf 90' lang='grc' dir='ltr'>νέον.</span> <span class='ocrx_word' id='word_1_642' title='bbox 2343 2538 2539 2607; x_wconf 80' lang='grc' dir='ltr'>Τρίτον</span> <span class='ocrx_word' id='word_1_643' title='bbox 2560 2537 2618 2590; x_wconf 77' lang='grc' dir='ltr'>δὶ</span> <span class='ocrx_word' id='word_1_644' title='bbox 2645 2534 2805 2589; x_wconf 87' lang='grc' dir='ltr'>τοῦτο</span> <span class='ocrx_word' id='word_1_645' title='bbox 2834 2534 3074 2603; x_wconf 83' lang='grc' dir='ltr'>γίνεται,</span> <span class='ocrx_word' id='word_1_646' title='bbox 3102 2532 3196 2586; x_wconf 68' lang='grc' dir='ltr'>ἵνα</span> <span class='ocrx_word' id='word_1_647' title='bbox 3258 2530 3480 2600; x_wconf 83' lang='grc' dir='ltr'>γνῶμεν</span> <span class='ocrx_word' id='word_1_648' title='bbox 3544 2528 3633 2583; x_wconf 83' lang='grc' dir='ltr'><strong>δτι</strong></span> 
     </span>
    </p>
   </div>
   <div class='ocr_carea' id='block_1_86' title="bbox 2057 2618 3632 2702">
    <p class='ocr_par' dir='ltr' id='par_1_86' title="bbox 2057 2618 3632 2702">
     <span class='ocr_line' id='line_1_86' title="bbox 2057 2618 3632 2702; baseline -0.009 -16"><span class='ocrx_word' id='word_1_649' title='bbox 2057 2632 2284 2702; x_wconf 79' lang='grc' dir='ltr'>δυνάμει</span> <span class='ocrx_word' id='word_1_650' title='bbox 2308 2628 2543 2702; x_wconf 78' lang='grc' dir='ltr'>Πατρδς,</span> <span class='ocrx_word' id='word_1_651' title='bbox 2563 2629 2657 2682; x_wconf 79' lang='grc' dir='ltr'>καὶ</span> <span class='ocrx_word' id='word_1_652' title='bbox 2676 2627 2829 2692; x_wconf 87' lang='grc' dir='ltr'>Υἰοῦ,</span> <span class='ocrx_word' id='word_1_653' title='bbox 2853 2625 2948 2680; x_wconf 71' lang='grc' dir='ltr'>καὶ</span> <span class='ocrx_word' id='word_1_654' title='bbox 2969 2625 3127 2693; x_wconf 80' lang='grc' dir='ltr'>ἁγίου</span> <span class='ocrx_word' id='word_1_655' title='bbox 3143 2622 3464 2691; x_wconf 80' lang='grc' dir='ltr'>Πνεῦματος</span> <span class='ocrx_word' id='word_1_656' title='bbox 3474 2618 3632 2674; x_wconf 86' lang='grc' dir='ltr'>τοῦτο</span> 
     </span>
    </p>
   </div>
   <div class='ocr_carea' id='block_1_87' title="bbox 2058 2712 3627 2792">
    <p class='ocr_par' dir='ltr' id='par_1_87' title="bbox 2058 2712 3627 2792">
     <span class='ocr_line' id='line_1_87' title="bbox 2058 2712 3627 2792; baseline -0.005 -17"><span class='ocrx_word' id='word_1_657' title='bbox 2058 2723 2289 2792; x_wconf 89' lang='grc' dir='ltr'>γίνεται.</span> <span class='ocrx_word' id='word_1_658' title='bbox 2330 2721 2487 2783; x_wconf 83' lang='grc' dir='ltr'>Τινὲς</span> <span class='ocrx_word' id='word_1_659' title='bbox 2542 2719 2599 2774; x_wconf 84' lang='grc' dir='ltr'><strong>δέ</strong></span> <span class='ocrx_word' id='word_1_660' title='bbox 2651 2736 2839 2788; x_wconf 85' lang='grc' dir='ltr'>φασιν,</span> <span class='ocrx_word' id='word_1_661' title='bbox 2899 2718 2989 2772; x_wconf 81' lang='grc' dir='ltr'>ἵνα</span> <span class='ocrx_word' id='word_1_662' title='bbox 3028 2715 3213 2786; x_wconf 79' lang='grc' dir='ltr'>δειχθῇ</span> <span class='ocrx_word' id='word_1_663' title='bbox 3275 2712 3627 2783; x_wconf 75' lang='grc' dir='ltr'>ἠτριήμερος</span> 
     </span>
    </p>
   </div>
   <div class='ocr_carea' id='block_1_88' title="bbox 2059 2803 3628 2883">
    <p class='ocr_par' dir='ltr' id='par_1_88' title="bbox 2059 2803 3628 2883">
     <span class='ocr_line' id='line_1_88' title="bbox 2059 2803 3628 2883; baseline -0.008 -15"><span class='ocrx_word' id='word_1_664' title='bbox 2059 2814 2354 2878; x_wconf 80' lang='grc' dir='ltr'>ἀνάστασις</span> <span class='ocrx_word' id='word_1_665' title='bbox 2398 2811 2491 2867; x_wconf 86' lang='grc' dir='ltr'><strong>τοῦ</strong></span> <span class='ocrx_word' id='word_1_666' title='bbox 2552 2809 2791 2883; x_wconf 83' lang='grc' dir='ltr'>Χριστοῦ</span> <span class='ocrx_word' id='word_1_667' title='bbox 2850 2809 3008 2864; x_wconf 83' lang='grc' dir='ltr'>τοῦτο</span> <span class='ocrx_word' id='word_1_668' title='bbox 3057 2803 3531 2878; x_wconf 68' lang='grc' dir='ltr'>κατεργαζομένου</span> <span class='ocrx_word' id='word_1_669' title='bbox 3574 2803 3628 2856; x_wconf 65' lang='grc' dir='ltr'>ὲν</span> 
     </span>
    </p>
   </div>
   <div class='ocr_carea' id='block_1_89' title="bbox 2058 2906 2213 2977">
    <p class='ocr_par' dir='ltr' id='par_1_89' title="bbox 2058 2906 2213 2977">
     <span class='ocr_line' id='line_1_89' title="bbox 2058 2906 2213 2977; baseline 0.006 -19"><span class='ocrx_word' id='word_1_670' title='bbox 2058 2906 2213 2977; x_wconf 75' lang='grc' dir='ltr'>ἡμῖν.</span> 
     </span>
    </p>
   </div>
   <div class='ocr_carea' id='block_1_90' title="bbox 2606 3014 3001 3080">
    <p class='ocr_par' dir='ltr' id='par_1_90' title="bbox 2606 3014 3001 3080">
     <span class='ocr_line' id='line_1_90' title="bbox 2606 3014 3001 3080; baseline -0.01 -11"><span class='ocrx_word' id='word_1_671' title='bbox 2606 3015 2857 3070; x_wconf 79' lang='grc' dir='ltr'><strong>ΚΕΦΑΛ.</strong></span> <span class='ocrx_word' id='word_1_672' title='bbox 2884 3014 3001 3080; x_wconf 68' lang='grc' dir='ltr'>ις’.</span> 
     </span>
    </p>
   </div>
   <div class='ocr_carea' id='block_1_91' title="bbox 2074 3116 3632 3202">
    <p class='ocr_par' dir='ltr' id='par_1_91' title="bbox 2074 3116 3632 3202">
     <span class='ocr_line' id='line_1_91' title="bbox 2074 3116 3632 3202; baseline -0.012 -13"><span class='ocrx_word' id='word_1_673' title='bbox 2074 3130 2174 3198; x_wconf 79' lang='grc' dir='ltr'>Ὠς</span> <span class='ocrx_word' id='word_1_674' title='bbox 2212 3132 2432 3202; x_wconf 82' lang='grc' dir='ltr'>Πέτρος</span> <span class='ocrx_word' id='word_1_675' title='bbox 2461 3130 2534 3202; x_wconf 77' lang='grc' dir='ltr'>τὰ</span> <span class='ocrx_word' id='word_1_676' title='bbox 2564 3127 2831 3202; x_wconf 69' lang='grc' dir='ltr'>καθεξῆς</span> <span class='ocrx_word' id='word_1_677' title='bbox 2870 3125 2967 3202; x_wconf 58' lang='grc' dir='ltr'>καὶ</span> <span class='ocrx_word' id='word_1_678' title='bbox 2999 3125 3073 3202; x_wconf 69' lang='grc' dir='ltr'>τὰ</span> <span class='ocrx_word' id='word_1_679' title='bbox 3103 3124 3334 3202; x_wconf 57' lang='grc' dir='ltr'>ἕκαστα</span> <span class='ocrx_word' id='word_1_680' title='bbox 3379 3116 3496 3202; x_wconf 64' lang='grc' dir='ltr'>τῷν</span> <span class='ocrx_word' id='word_1_681' title='bbox 3544 3134 3632 3187; x_wconf 64' lang='grc' dir='ltr'><strong>τοι</strong></span> 
     </span>
    </p>
   </div>
   <div class='ocr_carea' id='block_1_92' title="bbox 2135 3190 3626 3274">
    <p class='ocr_par' dir='ltr' id='par_1_92' title="bbox 2135 3190 3626 3274">
     <span class='ocr_line' id='line_1_92' title="bbox 2135 3190 3626 3274; baseline -0.011 -16"><span class='ocrx_word' id='word_1_682' title='bbox 2135 3190 2424 3274; x_wconf 29' lang='lat' dir='ltr'><strong>foratur:</strong></span> <span class='ocrx_word' id='word_1_683' title='bbox 2451 3190 2926 3274; x_wconf 37' lang='grc' dir='ltr'>διηγεῖταιῌίτοῖς</span> <span class='ocrx_word' id='word_1_684' title='bbox 2962 3194 3369 3274; x_wconf 32' lang='grc' dir='ltr'>’ἀποςτόᾼοιςῄ</span> <span class='ocrx_word' id='word_1_685' title='bbox 3410 3190 3626 3274; x_wconf 55' lang='grc' dir='ltr'>διακρι-</span> 
     </span>
    </p>
   </div>
   <div class='ocr_carea' id='block_1_93' title="bbox 2133 3258 3632 3341">
    <p class='ocr_par' dir='ltr' id='par_1_93' title="bbox 2133 3258 3632 3341">
     <span class='ocr_line' id='line_1_93' title="bbox 2133 3258 3632 3341; baseline -0.012 -11"><span class='ocrx_word' id='word_1_686' title='bbox 2133 3258 2287 3330; x_wconf 68' lang='grc' dir='ltr'>θεῒσι</span> <span class='ocrx_word' id='word_1_687' title='bbox 2309 3272 2459 3341; x_wconf 70' lang='grc' dir='ltr'>πρὸς</span> <span class='ocrx_word' id='word_1_688' title='bbox 2490 3258 2703 3341; x_wconf 50' lang='grc' dir='ltr'>αὶῖτόν,</span> <span class='ocrx_word' id='word_1_689' title='bbox 2734 3270 2807 3341; x_wconf 76' lang='grc' dir='ltr'>Τό</span> <span class='ocrx_word' id='word_1_690' title='bbox 2832 3258 3053 3341; x_wconf 50' lang='grc' dir='ltr'>τηνίκα</span> <span class='ocrx_word' id='word_1_691' title='bbox 3084 3258 3632 3341; x_wconf 28' lang='grc' dir='ltr'><strong>ὄέιτύνᾷβρρνᾴσαν</strong></span> 
     </span>
    </p>
   </div>
   <div class='ocr_carea' id='block_1_94' title="bbox 2131 3331 3561 3414">
    <p class='ocr_par' dir='ltr' id='par_1_94' title="bbox 2131 3331 3561 3414">
     <span class='ocr_line' id='line_1_94' title="bbox 2131 3331 3561 3414; baseline -0.011 -13"><span class='ocrx_word' id='word_1_692' title='bbox 2131 3331 2411 3414; x_wconf 65' lang='grc' dir='ltr'><strong>επεμψᾶν</strong></span> <span class='ocrx_word' id='word_1_693' title='bbox 2436 3331 2589 3411; x_wconf 57' lang='grc' dir='ltr'>πρὸς</span> <span class='ocrx_word' id='word_1_694' title='bbox 2617 3339 2758 3404; x_wconf 87' lang='grc' dir='ltr'>τοὺς</span> <span class='ocrx_word' id='word_1_695' title='bbox 2784 3339 2855 3392; x_wconf 79' lang='grc' dir='ltr'><strong>ἐν</strong></span> <span class='ocrx_word' id='word_1_696' title='bbox 2879 3335 3210 3405; x_wconf 77' lang='grc' dir='ltr'>Ἀντιοχείᾳ</span> <span class='ocrx_word' id='word_1_697' title='bbox 3237 3331 3561 3400; x_wconf 71' lang='grc' dir='ltr'>ἀδελφούς.</span> 
     </span>
    </p>
   </div>
   <div class='ocr_carea' id='block_1_95' title="bbox 2137 3444 3636 3516">
    <p class='ocr_par' dir='ltr' id='par_1_95' title="bbox 2137 3444 3636 3516">
     <span class='ocr_line' id='line_1_95' title="bbox 2137 3444 3636 3516; baseline -0.011 -3"><span class='ocrx_word' id='word_1_698' title='bbox 2137 3477 2159 3513; x_wconf 76' lang='lat' dir='ltr'><strong>t</strong></span> <span class='ocrx_word' id='word_1_699' title='bbox 2188 3459 2465 3515; x_wconf 84' lang='grc' dir='ltr'>Ἤκουσαν</span> <span class='ocrx_word' id='word_1_700' title='bbox 2490 3456 2551 3510; x_wconf 69' lang='grc' dir='ltr'>δὲ</span> <span class='ocrx_word' id='word_1_701' title='bbox 2572 3456 2623 3510; x_wconf 83' lang='grc' dir='ltr'>οἰ</span> <span class='ocrx_word' id='word_1_702' title='bbox 2645 3452 2935 3509; x_wconf 74' lang='grc' dir='ltr'>ἀπόστολοι</span> <span class='ocrx_word' id='word_1_703' title='bbox 2965 3450 3061 3507; x_wconf 79' lang='grc' dir='ltr'>καὶ</span> <span class='ocrx_word' id='word_1_704' title='bbox 3088 3450 3137 3504; x_wconf 79' lang='lat' dir='ltr'><strong>oi</strong></span> <span class='ocrx_word' id='word_1_705' title='bbox 3192 3447 3435 3516; x_wconf 78' lang='grc' dir='ltr'>ἀδελφοὶ,</span> <span class='ocrx_word' id='word_1_706' title='bbox 3467 3447 3517 3499; x_wconf 86' lang='grc' dir='ltr'>οἰ</span> <span class='ocrx_word' id='word_1_707' title='bbox 3542 3444 3636 3499; x_wconf 77' lang='grc' dir='ltr'>δν-</span> 
     </span>
    </p>
   </div>
   <div class='ocr_carea' id='block_1_96' title="bbox 2069 3536 3638 3619">
    <p class='ocr_par' dir='ltr' id='par_1_96' title="bbox 2069 3536 3638 3619">
     <span class='ocr_line' id='line_1_96' title="bbox 2069 3536 3638 3619; baseline -0.01 -13"><span class='ocrx_word' id='word_1_708' title='bbox 2069 3570 2090 3605; x_wconf 77' lang='lat' dir='ltr'><strong>t</strong></span> <span class='ocrx_word' id='word_1_709' title='bbox 2124 3568 2217 3615; x_wconf 87' lang='grc' dir='ltr'><strong>τες</strong></span> <span class='ocrx_word' id='word_1_710' title='bbox 2242 3550 2389 3605; x_wconf 83' lang='grc' dir='ltr'>κατὰ</span> <span class='ocrx_word' id='word_1_711' title='bbox 2431 3550 2530 3619; x_wconf 76' lang='grc' dir='ltr'>τὴν</span> <span class='ocrx_word' id='word_1_712' title='bbox 2560 3546 2846 3610; x_wconf 75' lang='grc' dir='ltr'><strong>Ἰουδαίαν,</strong></span> <span class='ocrx_word' id='word_1_713' title='bbox 2876 3545 2959 3599; x_wconf 82' lang='grc' dir='ltr'><strong>δτι</strong></span> <span class='ocrx_word' id='word_1_714' title='bbox 2986 3543 3082 3597; x_wconf 78' lang='grc' dir='ltr'>καὶ</span> <span class='ocrx_word' id='word_1_715' title='bbox 3110 3540 3186 3595; x_wconf 80' lang='grc' dir='ltr'>τὰ</span> <span class='ocrx_word' id='word_1_716' title='bbox 3206 3540 3334 3609; x_wconf 65' lang='lat' dir='ltr'><strong>tom</strong></span> <span class='ocrx_word' id='word_1_717' title='bbox 3388 3536 3638 3603; x_wconf 69' lang='grc' dir='ltr'>ἐδέξαντο</span> 
     </span>
    </p>
   </div>
   <div class='ocr_carea' id='block_1_97' title="bbox 2071 3631 3638 3713">
    <p class='ocr_par' dir='ltr' id='par_1_97' title="bbox 2071 3631 3638 3713">
     <span class='ocr_line' id='line_1_97' title="bbox 2071 3631 3638 3713; baseline -0.009 -17"><span class='ocrx_word' id='word_1_718' title='bbox 2071 3663 2089 3696; x_wconf 85' lang='grc' dir='ltr'><strong>ι</strong></span> <span class='ocrx_word' id='word_1_719' title='bbox 2127 3644 2218 3698; x_wconf 82' lang='grc' dir='ltr'>τὸν</span> <span class='ocrx_word' id='word_1_720' title='bbox 2276 3644 2434 3713; x_wconf 90' lang='grc' dir='ltr'>λόγον</span> <span class='ocrx_word' id='word_1_721' title='bbox 2483 3641 2576 3696; x_wconf 91' lang='grc' dir='ltr'><strong>τοῦ</strong></span> <span class='ocrx_word' id='word_1_722' title='bbox 2601 3640 2759 3695; x_wconf 83' lang='grc' dir='ltr'>Θεοῦ.</span> <span class='ocrx_word' id='word_1_723' title='bbox 2795 3638 2904 3694; x_wconf 72' lang='grc' dir='ltr'><strong>Καὶ</strong></span> <span class='ocrx_word' id='word_1_724' title='bbox 2953 3639 3043 3691; x_wconf 86' lang='grc' dir='ltr'>ὅτε</span> <span class='ocrx_word' id='word_1_725' title='bbox 3084 3635 3253 3705; x_wconf 88' lang='grc' dir='ltr'>ἀνέϐη</span> <span class='ocrx_word' id='word_1_726' title='bbox 3310 3632 3514 3703; x_wconf 78' lang='grc' dir='ltr'>Πέτρος</span> <span class='ocrx_word' id='word_1_727' title='bbox 3555 3631 3638 3693; x_wconf 87' lang='grc' dir='ltr'><strong>εἰς</strong></span> 
     </span>
    </p>
   </div>
   <div class='ocr_carea' id='block_1_98' title="bbox 2072 3726 3640 3807">
    <p class='ocr_par' dir='ltr' id='par_1_98' title="bbox 2072 3726 3640 3807">
     <span class='ocr_line' id='line_1_98' title="bbox 2072 3726 3640 3807; baseline -0.01 -17"><span class='ocrx_word' id='word_1_728' title='bbox 2072 3755 2091 3790; x_wconf 85' lang='lat' dir='ltr'><strong>t</strong></span> <span class='ocrx_word' id='word_1_729' title='bbox 2140 3735 2516 3807; x_wconf 82' lang='grc' dir='ltr'>Ἱεροσόλυμα,</span> <span class='ocrx_word' id='word_1_730' title='bbox 2536 3732 2871 3805; x_wconf 78' lang='grc' dir='ltr'>διεκρίνοντο</span> <span class='ocrx_word' id='word_1_731' title='bbox 2904 3729 3043 3803; x_wconf 78' lang='grc' dir='ltr'>πρὸς</span> <span class='ocrx_word' id='word_1_732' title='bbox 3069 3727 3233 3782; x_wconf 81' lang='grc' dir='ltr'>αὑτὸν</span> <span class='ocrx_word' id='word_1_733' title='bbox 3264 3726 3315 3781; x_wconf 79' lang='grc' dir='ltr'>οἱ</span> <span class='ocrx_word' id='word_1_734' title='bbox 3338 3727 3404 3780; x_wconf 79' lang='grc' dir='ltr'>ὲκ</span> <span class='ocrx_word' id='word_1_735' title='bbox 3423 3739 3640 3795; x_wconf 76' lang='grc' dir='ltr'>περιτο.</span> 
     </span>
    </p>
   </div>
   <div class='ocr_carea' id='block_1_99' title="bbox 2072 3817 3642 3900">
    <p class='ocr_par' dir='ltr' id='par_1_99' title="bbox 2072 3817 3642 3900">
     <span class='ocr_line' id='line_1_99' title="bbox 2072 3817 3642 3900; baseline -0.007 -17"><span class='ocrx_word' id='word_1_736' title='bbox 2072 3847 2092 3883; x_wconf 79' lang='lat' dir='ltr'><strong>t</strong></span> <span class='ocrx_word' id='word_1_737' title='bbox 2125 3829 2236 3900; x_wconf 81' lang='grc' dir='ltr'><strong>μῆς</strong></span> <span class='ocrx_word' id='word_1_738' title='bbox 2268 3868 2285 3896; x_wconf 88' lang='grc'><strong>,</strong></span> <span class='ocrx_word' id='word_1_739' title='bbox 2330 3828 2614 3897; x_wconf 75' lang='grc' dir='ltr'>λέγοντες,</span> <span class='ocrx_word' id='word_1_740' title='bbox 2673 3828 2757 3882; x_wconf 87' lang='grc' dir='ltr'>ὅτι</span> <span class='ocrx_word' id='word_1_741' title='bbox 2809 3826 2951 3896; x_wconf 74' lang='grc' dir='ltr'>Πρὸς</span> <span class='ocrx_word' id='word_1_742' title='bbox 3016 3822 3215 3893; x_wconf 76' lang='grc' dir='ltr'>ἄνδρας</span> <span class='ocrx_word' id='word_1_743' title='bbox 3273 3817 3642 3890; x_wconf 81' lang='grc' dir='ltr'>ἀκροϐυστίαν</span> 
     </span>
    </p>
   </div>
   <div class='ocr_carea' id='block_1_100' title="bbox 2074 3908 3643 3991">
    <p class='ocr_par' dir='ltr' id='par_1_100' title="bbox 2074 3908 3643 3991">
     <span class='ocr_line' id='line_1_100' title="bbox 2074 3908 3643 3991; baseline -0.006 -19"><span class='ocrx_word' id='word_1_744' title='bbox 2074 3940 2091 3972; x_wconf 75' lang='grc' dir='ltr'><strong>ι</strong></span> <span class='ocrx_word' id='word_1_745' title='bbox 2131 3920 2353 3991; x_wconf 76' lang='grc' dir='ltr'>ἔχοντας</span> <span class='ocrx_word' id='word_1_746' title='bbox 2376 3920 2646 3991; x_wconf 73' lang='grc' dir='ltr'>εἰσῆλθες,</span> <span class='ocrx_word' id='word_1_747' title='bbox 2660 3918 2756 3973; x_wconf 75' lang='grc' dir='ltr'>καὶ</span> <span class='ocrx_word' id='word_1_748' title='bbox 2770 3917 3069 3986; x_wconf 79' lang='grc' dir='ltr'>συνέφαγες</span> <span class='ocrx_word' id='word_1_749' title='bbox 3086 3908 3290 3976; x_wconf 77' lang='grc' dir='ltr'>αὐτοῖς.</span> <span class='ocrx_word' id='word_1_750' title='bbox 3308 3908 3643 3985; x_wconf 77' lang='grc' dir='ltr'>’Δρξάμενος</span> 
     </span>
    </p>
   </div>
   <div class='ocr_carea' id='block_1_101' title="bbox 2066 3994 3641 4080">
    <p class='ocr_par' dir='ltr' id='par_1_101' title="bbox 2066 3994 3641 4080">
     <span class='ocr_line' id='line_1_101' title="bbox 2066 3994 3641 4080; baseline -0.011 -13"><span class='ocrx_word' id='word_1_751' title='bbox 2066 4032 2094 4077; x_wconf 38' lang='grc' dir='ltr'><strong>,ι</strong></span> <span class='ocrx_word' id='word_1_752' title='bbox 2132 4010 2188 4065; x_wconf 83' lang='grc' dir='ltr'>δὲ</span> <span class='ocrx_word' id='word_1_753' title='bbox 2212 4010 2241 4062; x_wconf 85' lang='grc' dir='ltr'><strong>ό</strong></span> <span class='ocrx_word' id='word_1_754' title='bbox 2271 4009 2476 4080; x_wconf 84' lang='grc' dir='ltr'>Πέτρος</span> <span class='ocrx_word' id='word_1_755' title='bbox 2508 4006 2776 4074; x_wconf 74' lang='grc' dir='ltr'>ἐξετίθετο</span> <span class='ocrx_word' id='word_1_756' title='bbox 2789 4005 2971 4067; x_wconf 78' lang='grc' dir='ltr'>αὐτοῖς</span> <span class='ocrx_word' id='word_1_757' title='bbox 2992 4000 3250 4071; x_wconf 81' lang='grc' dir='ltr'>καθεξῆς,</span> <span class='ocrx_word' id='word_1_758' title='bbox 3276 3999 3479 4066; x_wconf 82' lang='grc' dir='ltr'>,λέγων’</span> <span class='ocrx_word' id='word_1_759' title='bbox 3498 3994 3641 4064; x_wconf 82' lang='grc' dir='ltr'><strong>Ἐγὼ</strong></span> 
     </span>
    </p>
   </div>
   <div class='ocr_carea' id='block_1_102' title="bbox 2075 4086 3643 4179">
    <p class='ocr_par' dir='ltr' id='par_1_102' title="bbox 2075 4086 3643 4179">
     <span class='ocr_line' id='line_1_102' title="bbox 2075 4086 3643 4179; baseline -0.012 -18"><span class='ocrx_word' id='word_1_760' title='bbox 2075 4123 2094 4161; x_wconf 81' lang='lat' dir='ltr'><strong>t</strong></span> <span class='ocrx_word' id='word_1_761' title='bbox 2128 4106 2276 4179; x_wconf 69' lang='grc' dir='ltr'>ἢμην</span> <span class='ocrx_word' id='word_1_762' title='bbox 2307 4105 2364 4158; x_wconf 79' lang='grc' dir='ltr'>ὲν</span> <span class='ocrx_word' id='word_1_763' title='bbox 2392 4101 2544 4155; x_wconf 87' lang='grc' dir='ltr'>πόλει</span> <span class='ocrx_word' id='word_1_764' title='bbox 2572 4101 2766 4169; x_wconf 77' lang='grc' dir='ltr'>Ἰόππῃ</span> <span class='ocrx_word' id='word_1_765' title='bbox 2796 4094 3254 4169; x_wconf 81' lang='grc' dir='ltr'>προσευχόμενος,</span> <span class='ocrx_word' id='word_1_766' title='bbox 3302 4093 3397 4147; x_wconf 80' lang='grc' dir='ltr'>καὶ</span> <span class='ocrx_word' id='word_1_767' title='bbox 3427 4086 3565 4145; x_wconf 73' lang='grc' dir='ltr'>εἶδον</span> <span class='ocrx_word' id='word_1_768' title='bbox 3581 4091 3643 4143; x_wconf 80' lang='grc' dir='ltr'>ἐν</span> 
     </span>
    </p>
   </div>
   <div class='ocr_carea' id='block_1_103' title="bbox 2075 4183 3641 4265">
    <p class='ocr_par' dir='ltr' id='par_1_103' title="bbox 2075 4183 3641 4265">
     <span class='ocr_line' id='line_1_103' title="bbox 2075 4183 3641 4265; baseline -0.01 -14"><span class='ocrx_word' id='word_1_769' title='bbox 2075 4218 2092 4251; x_wconf 77' lang='grc' dir='ltr'><strong>ι</strong></span> <span class='ocrx_word' id='word_1_770' title='bbox 2130 4197 2386 4254; x_wconf 65' lang='grc' dir='ltr'>ἐκστάσει</span> <span class='ocrx_word' id='word_1_771' title='bbox 2414 4197 2618 4265; x_wconf 76' lang='grc' dir='ltr'>ὅραμα,</span> <span class='ocrx_word' id='word_1_772' title='bbox 2647 4190 2977 4247; x_wconf 88' lang='grc' dir='ltr'>καταϐαῖνον</span> <span class='ocrx_word' id='word_1_773' title='bbox 3012 4186 3208 4251; x_wconf 88' lang='grc' dir='ltr'>σκεῦός</span> <span class='ocrx_word' id='word_1_774' title='bbox 3242 4204 3299 4242; x_wconf 84' lang='grc' dir='ltr'><strong>τι</strong></span> <span class='ocrx_word' id='word_1_775' title='bbox 3336 4185 3414 4249; x_wconf 80' lang='grc' dir='ltr'>ὡς</span> <span class='ocrx_word' id='word_1_776' title='bbox 3448 4183 3641 4254; x_wconf 81' lang='grc' dir='ltr'>ὀθόνην</span> 
     </span>
    </p>
   </div>
   <div class='ocr_carea' id='block_1_104' title="bbox 2077 4276 3647 4362">
    <p class='ocr_par' dir='ltr' id='par_1_104' title="bbox 2077 4276 3647 4362">
     <span class='ocr_line' id='line_1_104' title="bbox 2077 4276 3647 4362; baseline -0.012 -16"><span class='ocrx_word' id='word_1_777' title='bbox 2077 4310 2096 4346; x_wconf 84' lang='lat' dir='ltr'><strong>t</strong></span> <span class='ocrx_word' id='word_1_778' title='bbox 2132 4288 2400 4362; x_wconf 79' lang='grc' dir='ltr'>μεγάλην,</span> <span class='ocrx_word' id='word_1_779' title='bbox 2424 4288 2721 4357; x_wconf 82' lang='grc' dir='ltr'>τέσσαρσιν</span> <span class='ocrx_word' id='word_1_780' title='bbox 2745 4285 2938 4355; x_wconf 77' lang='grc' dir='ltr'>ἀρχαῖς</span> <span class='ocrx_word' id='word_1_781' title='bbox 2970 4280 3305 4355; x_wconf 78' lang='grc' dir='ltr'>καθιεμένην</span> <span class='ocrx_word' id='word_1_782' title='bbox 3326 4279 3389 4332; x_wconf 79' lang='grc' dir='ltr'><strong>έκ</strong></span> <span class='ocrx_word' id='word_1_783' title='bbox 3423 4276 3518 4331; x_wconf 87' lang='grc' dir='ltr'><strong>τοῦ</strong></span> <span class='ocrx_word' id='word_1_784' title='bbox 3554 4276 3647 4328; x_wconf 74' lang='grc' dir='ltr'><strong>οὐ·</strong></span> 
     </span>
    </p>
   </div>
   <div class='ocr_carea' id='block_1_105' title="bbox 2077 4366 3641 4450">
    <p class='ocr_par' dir='ltr' id='par_1_105' title="bbox 2077 4366 3641 4450">
     <span class='ocr_line' id='line_1_105' title="bbox 2077 4366 3641 4450; baseline -0.008 -20"><span class='ocrx_word' id='word_1_785' title='bbox 2077 4396 2096 4430; x_wconf 83' lang='lat' dir='ltr'><strong>t</strong></span> <span class='ocrx_word' id='word_1_786' title='bbox 2139 4377 2324 4450; x_wconf 89' lang='grc' dir='ltr'>ρανοῦ,</span> <span class='ocrx_word' id='word_1_787' title='bbox 2368 4376 2460 4432; x_wconf 70' lang='grc' dir='ltr'><strong>καὶ</strong></span> <span class='ocrx_word' id='word_1_788' title='bbox 2492 4373 2656 4446; x_wconf 81' lang='grc' dir='ltr'>ἦλθεν</span> <span class='ocrx_word' id='word_1_789' title='bbox 2700 4376 2861 4444; x_wconf 82' lang='grc' dir='ltr'>ἄχρις</span> <span class='ocrx_word' id='word_1_790' title='bbox 2918 4371 3075 4440; x_wconf 78' lang='grc' dir='ltr'>ἐμοῦ.</span> <span class='ocrx_word' id='word_1_791' title='bbox 3133 4371 3231 4435; x_wconf 76' lang='grc' dir='ltr'><strong>Εἰς</strong></span> <span class='ocrx_word' id='word_1_792' title='bbox 3270 4370 3336 4440; x_wconf 72' lang='grc' dir='ltr'><strong>ῆν</strong></span> <span class='ocrx_word' id='word_1_793' title='bbox 3367 4366 3641 4431; x_wconf 74' lang='grc' dir='ltr'>ἀτενίσας,</span> 
     </span>
    </p>
   </div>
   <div class='ocr_carea' id='block_1_106' title="bbox 2078 4460 3645 4535">
    <p class='ocr_par' dir='ltr' id='par_1_106' title="bbox 2078 4460 3645 4535">
     <span class='ocr_line' id='line_1_106' title="bbox 2078 4460 3645 4535; baseline -0.008 -9"><span class='ocrx_word' id='word_1_794' title='bbox 2078 4490 2096 4525; x_wconf 87' lang='lat' dir='ltr'><strong>t</strong></span> <span class='ocrx_word' id='word_1_795' title='bbox 2139 4473 2427 4526; x_wconf 83' lang='grc' dir='ltr'>κατενόουν</span> <span class='ocrx_word' id='word_1_796' title='bbox 2457 4469 2552 4523; x_wconf 83' lang='grc' dir='ltr'>καὶ</span> <span class='ocrx_word' id='word_1_797' title='bbox 2581 4464 2719 4521; x_wconf 83' lang='grc' dir='ltr'>εἶδον</span> <span class='ocrx_word' id='word_1_798' title='bbox 2748 4468 2816 4520; x_wconf 88' lang='grc' dir='ltr'><strong>τά</strong></span> <span class='ocrx_word' id='word_1_799' title='bbox 2842 4464 3147 4535; x_wconf 81' lang='grc' dir='ltr'>τετράποδα</span> <span class='ocrx_word' id='word_1_800' title='bbox 3170 4462 3269 4533; x_wconf 85' lang='grc' dir='ltr'><strong>τῆς</strong></span> <span class='ocrx_word' id='word_1_801' title='bbox 3294 4461 3420 4532; x_wconf 81' lang='grc' dir='ltr'>γῆς,</span> <span class='ocrx_word' id='word_1_802' title='bbox 3453 4460 3549 4515; x_wconf 76' lang='grc' dir='ltr'>καὶ</span> <span class='ocrx_word' id='word_1_803' title='bbox 3572 4460 3645 4514; x_wconf 68' lang='grc' dir='ltr'>τὰ</span> 
     </span>
    </p>
   </div>
   <div class='ocr_carea' id='block_1_107' title="bbox 2080 4553 3647 4637">
    <p class='ocr_par' dir='ltr' id='par_1_107' title="bbox 2080 4553 3647 4637">
     <span class='ocr_line' id='line_1_107' title="bbox 2080 4553 3647 4637; baseline -0.008 -19"><span class='ocrx_word' id='word_1_804' title='bbox 2080 4583 2099 4617; x_wconf 81' lang='lat' dir='ltr'><strong>t</strong></span> <span class='ocrx_word' id='word_1_805' title='bbox 2131 4563 2317 4637; x_wconf 82' lang='grc' dir='ltr'>θηρία,</span> <span class='ocrx_word' id='word_1_806' title='bbox 2349 4563 2442 4617; x_wconf 77' lang='grc' dir='ltr'>καὶ</span> <span class='ocrx_word' id='word_1_807' title='bbox 2473 4564 2542 4615; x_wconf 81' lang='grc' dir='ltr'>τὰ</span> <span class='ocrx_word' id='word_1_808' title='bbox 2562 4560 2791 4632; x_wconf 79' lang='grc' dir='ltr'>ἑρπετὰ,</span> <span class='ocrx_word' id='word_1_809' title='bbox 2824 4559 2918 4613; x_wconf 78' lang='grc' dir='ltr'>καὶ</span> <span class='ocrx_word' id='word_1_810' title='bbox 2945 4558 3012 4611; x_wconf 77' lang='grc' dir='ltr'>τὰ</span> <span class='ocrx_word' id='word_1_811' title='bbox 3048 4557 3273 4610; x_wconf 86' lang='grc' dir='ltr'>πετεινά</span> <span class='ocrx_word' id='word_1_812' title='bbox 3329 4553 3422 4609; x_wconf 89' lang='grc' dir='ltr'><strong>τοῦ</strong></span> <span class='ocrx_word' id='word_1_813' title='bbox 3481 4553 3647 4624; x_wconf 81' lang='grc' dir='ltr'>οὐρα-</span> 
     </span>
    </p>
   </div>
   <div class='ocr_carea' id='block_1_108' title="bbox 2078 4646 3644 4723">
    <p class='ocr_par' dir='ltr' id='par_1_108' title="bbox 2078 4646 3644 4723">
     <span class='ocr_line' id='line_1_108' title="bbox 2078 4646 3644 4723; baseline -0.005 -14"><span class='ocrx_word' id='word_1_814' title='bbox 2078 4676 2098 4709; x_wconf 72' lang='grc'><strong>(</strong></span> <span class='ocrx_word' id='word_1_815' title='bbox 2138 4656 2253 4711; x_wconf 86' lang='grc' dir='ltr'>νοῦ.</span> <span class='ocrx_word' id='word_1_816' title='bbox 2282 4657 2532 4710; x_wconf 82' lang='grc' dir='ltr'>Ἤκουσα</span> <span class='ocrx_word' id='word_1_817' title='bbox 2562 4653 2619 4707; x_wconf 65' lang='grc' dir='ltr'>δὲ</span> <span class='ocrx_word' id='word_1_818' title='bbox 2645 4654 2830 4723; x_wconf 86' lang='grc' dir='ltr'>φωνῆς</span> <span class='ocrx_word' id='word_1_819' title='bbox 2857 4648 3125 4718; x_wconf 84' lang='grc' dir='ltr'>λεγούσης</span> <span class='ocrx_word' id='word_1_820' title='bbox 3182 4665 3303 4719; x_wconf 79' lang='grc' dir='ltr'>μοι’</span> <span class='ocrx_word' id='word_1_821' title='bbox 3357 4646 3644 4712; x_wconf 78' lang='grc' dir='ltr'>’Δναστὰς,</span> 
     </span>
    </p>
   </div>
   <div class='ocr_carea' id='block_1_109' title="bbox 2080 4736 3648 4819">
    <p class='ocr_par' dir='ltr' id='par_1_109' title="bbox 2080 4736 3648 4819">
     <span class='ocr_line' id='line_1_109' title="bbox 2080 4736 3648 4819; baseline -0.008 -17"><span class='ocrx_word' id='word_1_822' title='bbox 2080 4768 2100 4802; x_wconf 72' lang='grc' dir='ltr'><strong>ι</strong></span> <span class='ocrx_word' id='word_1_823' title='bbox 2134 4748 2331 4819; x_wconf 81' lang='grc' dir='ltr'>Πέτρε,</span> <span class='ocrx_word' id='word_1_824' title='bbox 2355 4745 2517 4801; x_wconf 86' lang='grc' dir='ltr'>θῦσον</span> <span class='ocrx_word' id='word_1_825' title='bbox 2538 4744 2633 4799; x_wconf 83' lang='grc' dir='ltr'>καὶ</span> <span class='ocrx_word' id='word_1_826' title='bbox 2656 4744 2819 4816; x_wconf 79' lang='grc' dir='ltr'>φάγε.</span> <span class='ocrx_word' id='word_1_827' title='bbox 2849 4738 3015 4796; x_wconf 75' lang='grc' dir='ltr'>Εἶπον</span> <span class='ocrx_word' id='word_1_828' title='bbox 3036 4742 3093 4795; x_wconf 91' lang='grc' dir='ltr'><strong>δέ</strong></span> <span class='ocrx_word' id='word_1_829' title='bbox 3121 4757 3134 4771; x_wconf 90' lang='grc'><strong>·</strong></span> <span class='ocrx_word' id='word_1_830' title='bbox 3185 4737 3489 4810; x_wconf 79' lang='grc' dir='ltr'>Μηδαμῶς,</span> <span class='ocrx_word' id='word_1_831' title='bbox 3533 4736 3648 4790; x_wconf 80' lang='grc' dir='ltr'><strong>Κύ-</strong></span> 
     </span>
    </p>
   </div>
   <div class='ocr_carea' id='block_1_110' title="bbox 2082 4827 3643 4910">
    <p class='ocr_par' dir='ltr' id='par_1_110' title="bbox 2082 4827 3643 4910">
     <span class='ocr_line' id='line_1_110' title="bbox 2082 4827 3643 4910; baseline -0.007 -19"><span class='ocrx_word' id='word_1_832' title='bbox 2082 4858 2100 4891; x_wconf 81' lang='grc' dir='ltr'><strong>ι</strong></span> <span class='ocrx_word' id='word_1_833' title='bbox 2144 4856 2249 4910; x_wconf 85' lang='grc' dir='ltr'>ριε,</span> <span class='ocrx_word' id='word_1_834' title='bbox 2277 4839 2359 4893; x_wconf 82' lang='grc' dir='ltr'>ὅτι</span> <span class='ocrx_word' id='word_1_835' title='bbox 2387 4839 2499 4891; x_wconf 78' lang='grc' dir='ltr'>πᾶν</span> <span class='ocrx_word' id='word_1_836' title='bbox 2528 4836 2706 4891; x_wconf 82' lang='grc' dir='ltr'>κοινὸν</span> <span class='ocrx_word' id='word_1_837' title='bbox 2732 4835 2766 4905; x_wconf 81' lang='grc' dir='ltr'>ἢ</span> <span class='ocrx_word' id='word_1_838' title='bbox 2802 4834 3115 4903; x_wconf 85' lang='grc' dir='ltr'>ἀκάθαρτον</span> <span class='ocrx_word' id='word_1_839' title='bbox 3161 4831 3418 4885; x_wconf 78' lang='grc' dir='ltr'>οὐδέποτε</span> <span class='ocrx_word' id='word_1_840' title='bbox 3462 4827 3643 4899; x_wconf 77' lang='grc' dir='ltr'>εἰσῆλ-</span> 
     </span>
    </p>
   </div>
   <div class='ocr_carea' id='block_1_111' title="bbox 2082 4920 3647 4997">
    <p class='ocr_par' dir='ltr' id='par_1_111' title="bbox 2082 4920 3647 4997">
     <span class='ocr_line' id='line_1_111' title="bbox 2082 4920 3647 4997; baseline -0.009 -10"><span class='ocrx_word' id='word_1_841' title='bbox 2082 4951 2101 4986; x_wconf 86' lang='lat' dir='ltr'><strong>t</strong></span> <span class='ocrx_word' id='word_1_842' title='bbox 2138 4934 2228 4987; x_wconf 91' lang='grc' dir='ltr'><strong>θεν</strong></span> <span class='ocrx_word' id='word_1_843' title='bbox 2261 4931 2342 4993; x_wconf 82' lang='grc' dir='ltr'><strong>είς</strong></span> <span class='ocrx_word' id='word_1_844' title='bbox 2360 4930 2422 4984; x_wconf 83' lang='grc' dir='ltr'>τὸ</span> <span class='ocrx_word' id='word_1_845' title='bbox 2449 4930 2626 4997; x_wconf 84' lang='grc' dir='ltr'>στόμα</span> <span class='ocrx_word' id='word_1_846' title='bbox 2660 4944 2787 4997; x_wconf 88' lang='grc' dir='ltr'>μου.</span> <span class='ocrx_word' id='word_1_847' title='bbox 2813 4924 3116 4995; x_wconf 84' lang='grc' dir='ltr'>’Δπεκρίθη</span> <span class='ocrx_word' id='word_1_848' title='bbox 3160 4923 3218 4976; x_wconf 86' lang='grc' dir='ltr'><strong>δέ</strong></span> <span class='ocrx_word' id='word_1_849' title='bbox 3252 4940 3345 4993; x_wconf 88' lang='grc' dir='ltr'><strong>μοι</strong></span> <span class='ocrx_word' id='word_1_850' title='bbox 3398 4920 3553 4993; x_wconf 68' lang='grc' dir='ltr'>φωνὴ</span> <span class='ocrx_word' id='word_1_851' title='bbox 3582 4922 3647 4973; x_wconf 82' lang='grc' dir='ltr'>ἐκ</span> 
     </span>
    </p>
   </div>
   <div class='ocr_carea' id='block_1_112' title="bbox 2082 5014 3642 5095">
    <p class='ocr_par' dir='ltr' id='par_1_112' title="bbox 2082 5014 3642 5095">
     <span class='ocr_line' id='line_1_112' title="bbox 2082 5014 3642 5095; baseline -0.01 -15"><span class='ocrx_word' id='word_1_852' title='bbox 2082 5046 2101 5080; x_wconf 82' lang='lat' dir='ltr'><strong>t</strong></span> <span class='ocrx_word' id='word_1_853' title='bbox 2138 5024 2391 5095; x_wconf 85' lang='grc' dir='ltr'>δευτέρου</span> <span class='ocrx_word' id='word_1_854' title='bbox 2432 5022 2498 5074; x_wconf 82' lang='grc' dir='ltr'>ὲκ</span> <span class='ocrx_word' id='word_1_855' title='bbox 2521 5020 2614 5075; x_wconf 87' lang='grc' dir='ltr'><strong>τοῦ</strong></span> <span class='ocrx_word' id='word_1_856' title='bbox 2640 5018 2869 5090; x_wconf 81' lang='grc' dir='ltr'>οὐρανοῦ</span> <span class='ocrx_word' id='word_1_857' title='bbox 2893 5034 2907 5047; x_wconf 90' lang='grc'>·</span> <span class='ocrx_word' id='word_1_858' title='bbox 2977 5018 3046 5072; x_wconf 80' lang='grc' dir='ltr'><strong>’Δ</strong></span> <span class='ocrx_word' id='word_1_859' title='bbox 3073 5018 3101 5071; x_wconf 86' lang='grc' dir='ltr'><strong>ό</strong></span> <span class='ocrx_word' id='word_1_860' title='bbox 3142 5015 3273 5078; x_wconf 77' lang='grc' dir='ltr'>Θεὸς</span> <span class='ocrx_word' id='word_1_861' title='bbox 3312 5014 3642 5083; x_wconf 80' lang='grc' dir='ltr'>ἐκαθάρισε,</span> 
     </span>
    </p>
   </div>
   <div class='ocr_carea' id='block_1_113' title="bbox 2083 5104 3645 5187">
    <p class='ocr_par' dir='ltr' id='par_1_113' title="bbox 2083 5104 3645 5187">
     <span class='ocr_line' id='line_1_113' title="bbox 2083 5104 3645 5187; baseline -0.008 -16"><span class='ocrx_word' id='word_1_862' title='bbox 2083 5136 2101 5170; x_wconf 80' lang='lat' dir='ltr'><strong>t</strong></span> <span class='ocrx_word' id='word_1_863' title='bbox 2143 5116 2207 5171; x_wconf 82' lang='grc' dir='ltr'>σὺ</span> <span class='ocrx_word' id='word_1_864' title='bbox 2238 5114 2317 5187; x_wconf 80' lang='grc' dir='ltr'>μὴ</span> <span class='ocrx_word' id='word_1_865' title='bbox 2346 5112 2547 5168; x_wconf 90' lang='grc' dir='ltr'>κοίνου.</span> <span class='ocrx_word' id='word_1_866' title='bbox 2576 5110 2749 5164; x_wconf 85' lang='grc' dir='ltr'>Τοῦτο</span> <span class='ocrx_word' id='word_1_867' title='bbox 2772 5110 2829 5165; x_wconf 85' lang='grc' dir='ltr'>δὲ</span> <span class='ocrx_word' id='word_1_868' title='bbox 2859 5108 3076 5177; x_wconf 76' lang='grc' dir='ltr'>ἐγένετο</span> <span class='ocrx_word' id='word_1_869' title='bbox 3107 5109 3201 5161; x_wconf 73' lang='grc' dir='ltr'><strong>ἐπὶ</strong></span> <span class='ocrx_word' id='word_1_870' title='bbox 3234 5106 3376 5177; x_wconf 86' lang='grc' dir='ltr'>τρίς.</span> <span class='ocrx_word' id='word_1_871' title='bbox 3408 5107 3516 5159; x_wconf 72' lang='grc' dir='ltr'><strong>Καὶ</strong></span> <span class='ocrx_word' id='word_1_872' title='bbox 3536 5104 3645 5158; x_wconf 71' lang='lat' dir='ltr'><strong>mi-</strong></span> 
     </span>
    </p>
   </div>
   <div class='ocr_carea' id='block_1_114' title="bbox 2084 5196 3649 5275">
    <p class='ocr_par' dir='ltr' id='par_1_114' title="bbox 2084 5196 3649 5275">
     <span class='ocr_line' id='line_1_114' title="bbox 2084 5196 3649 5275; baseline -0.01 -11"><span class='ocrx_word' id='word_1_873' title='bbox 2084 5229 2102 5263; x_wconf 86' lang='lat' dir='ltr'><strong>t</strong></span> <span class='ocrx_word' id='word_1_874' title='bbox 2142 5210 2225 5263; x_wconf 90' lang='grc' dir='ltr'><strong>λιν</strong></span> <span class='ocrx_word' id='word_1_875' title='bbox 2253 5205 2568 5275; x_wconf 70' lang='grc' dir='ltr'>ἀνεσπάσθη</span> <span class='ocrx_word' id='word_1_876' title='bbox 2604 5205 2818 5259; x_wconf 76' lang='grc' dir='ltr'>ἅπαντα</span> <span class='ocrx_word' id='word_1_877' title='bbox 2838 5201 2917 5265; x_wconf 84' lang='grc' dir='ltr'><strong>είς</strong></span> <span class='ocrx_word' id='word_1_878' title='bbox 2943 5202 3036 5255; x_wconf 77' lang='grc' dir='ltr'>τὸν</span> <span class='ocrx_word' id='word_1_879' title='bbox 3070 5198 3318 5272; x_wconf 79' lang='grc' dir='ltr'>οὐρανόν.</span> <span class='ocrx_word' id='word_1_880' title='bbox 3376 5199 3484 5250; x_wconf 83' lang='grc' dir='ltr'><strong>Καὶ</strong></span> <span class='ocrx_word' id='word_1_881' title='bbox 3540 5196 3649 5249; x_wconf 75' lang='grc' dir='ltr'>ἰδοὺ</span> 
     </span>
    </p>
   </div>
   <div class='ocr_carea' id='block_1_115' title="bbox 2086 5286 3651 5368">
    <p class='ocr_par' dir='ltr' id='par_1_115' title="bbox 2086 5286 3651 5368">
     <span class='ocr_line' id='line_1_115' title="bbox 2086 5286 3651 5368; baseline -0.008 -13"><span class='ocrx_word' id='word_1_882' title='bbox 2086 5321 2105 5356; x_wconf 85' lang='grc'><strong>‹</strong></span> <span class='ocrx_word' id='word_1_883' title='bbox 2147 5299 2208 5365; x_wconf 75' lang='grc' dir='ltr'><strong>ἐξ</strong></span> <span class='ocrx_word' id='word_1_884' title='bbox 2234 5298 2406 5366; x_wconf 85' lang='grc' dir='ltr'>αὐτῆς</span> <span class='ocrx_word' id='word_1_885' title='bbox 2436 5299 2582 5368; x_wconf 84' lang='grc' dir='ltr'>τρεῖς</span> <span class='ocrx_word' id='word_1_886' title='bbox 2611 5294 2803 5363; x_wconf 77' lang='grc' dir='ltr'>ἄνδρες</span> <span class='ocrx_word' id='word_1_887' title='bbox 2823 5293 3133 5363; x_wconf 73' lang='grc' dir='ltr'>ἐπέστησαν</span> <span class='ocrx_word' id='word_1_888' title='bbox 3185 5289 3279 5343; x_wconf 72' lang='grc' dir='ltr'><strong>ἐπὶ</strong></span> <span class='ocrx_word' id='word_1_889' title='bbox 3324 5288 3423 5360; x_wconf 78' lang='grc' dir='ltr'>τὴν</span> <span class='ocrx_word' id='word_1_890' title='bbox 3467 5286 3651 5342; x_wconf 84' lang='grc' dir='ltr'>οἰκίαν</span> 
     </span>
    </p>
   </div>
   <div class='ocr_carea' id='block_1_116' title="bbox 2086 5380 3654 5466">
    <p class='ocr_par' dir='ltr' id='par_1_116' title="bbox 2086 5380 3654 5466">
     <span class='ocr_line' id='line_1_116' title="bbox 2086 5380 3654 5466; baseline -0.009 -18"><span class='ocrx_word' id='word_1_891' title='bbox 2086 5413 2105 5447; x_wconf 81' lang='lat' dir='ltr'><strong>t</strong></span> <span class='ocrx_word' id='word_1_892' title='bbox 2141 5397 2197 5448; x_wconf 82' lang='grc' dir='ltr'>ὲν</span> <span class='ocrx_word' id='word_1_893' title='bbox 2235 5386 2465 5466; x_wconf 78' lang='grc' dir='ltr'>ᾖῆμην,</span> <span class='ocrx_word' id='word_1_894' title='bbox 2495 5388 2891 5459; x_wconf 85' lang='grc' dir='ltr'>ἀπεσταλμένοι</span> <span class='ocrx_word' id='word_1_895' title='bbox 2948 5386 3058 5442; x_wconf 80' lang='grc' dir='ltr'>ἀπὸ</span> <span class='ocrx_word' id='word_1_896' title='bbox 3121 5382 3459 5457; x_wconf 85' lang='grc' dir='ltr'>Καισαρείας</span> <span class='ocrx_word' id='word_1_897' title='bbox 3512 5380 3654 5453; x_wconf 87' lang='grc' dir='ltr'>πρός</span> 
     </span>
    </p>
   </div>
   <div class='ocr_carea' id='block_1_117' title="bbox 2088 5477 3657 5558">
    <p class='ocr_par' dir='ltr' id='par_1_117' title="bbox 2088 5477 3657 5558">
     <span class='ocr_line' id='line_1_117' title="bbox 2088 5477 3657 5558; baseline -0.008 -18"><span class='ocrx_word' id='word_1_898' title='bbox 2088 5506 2107 5540; x_wconf 77' lang='lat' dir='ltr'><strong>t</strong></span> <span class='ocrx_word' id='word_1_899' title='bbox 2145 5502 2233 5558; x_wconf 87' lang='grc' dir='ltr'>με.</span> <span class='ocrx_word' id='word_1_900' title='bbox 2259 5478 2394 5539; x_wconf 70' lang='lat' dir='ltr'><strong>Eine</strong></span> <span class='ocrx_word' id='word_1_901' title='bbox 2419 5482 2478 5537; x_wconf 85' lang='grc' dir='ltr'><strong>δέ</strong></span> <span class='ocrx_word' id='word_1_902' title='bbox 2516 5500 2608 5554; x_wconf 89' lang='grc' dir='ltr'><strong>μοι</strong></span> <span class='ocrx_word' id='word_1_903' title='bbox 2640 5481 2701 5537; x_wconf 80' lang='grc' dir='ltr'>τὸ</span> <span class='ocrx_word' id='word_1_904' title='bbox 2732 5481 2974 5553; x_wconf 85' lang='grc' dir='ltr'>πνεῦμα,</span> <span class='ocrx_word' id='word_1_905' title='bbox 3001 5478 3278 5533; x_wconf 85' lang='grc' dir='ltr'>συνελθεῖν</span> <span class='ocrx_word' id='word_1_906' title='bbox 3307 5477 3513 5541; x_wconf 82' lang='grc' dir='ltr'>αὐτοῖς,</span> <span class='ocrx_word' id='word_1_907' title='bbox 3547 5492 3657 5545; x_wconf 74' lang='grc' dir='ltr'><strong>μη-</strong></span> 
     </span>
    </p>
   </div>
   <div class='ocr_carea' id='block_1_118' title="bbox 2088 5564 3655 5648">
    <p class='ocr_par' dir='ltr' id='par_1_118' title="bbox 2088 5564 3655 5648">
     <span class='ocr_line' id='line_1_118' title="bbox 2088 5564 3655 5648; baseline -0.008 -16"><span class='ocrx_word' id='word_1_908' title='bbox 2088 5598 2107 5632; x_wconf 84' lang='lat' dir='ltr'><strong>t</strong></span> <span class='ocrx_word' id='word_1_909' title='bbox 2142 5580 2229 5632; x_wconf 74' lang='grc' dir='ltr'>δὲν</span> <span class='ocrx_word' id='word_1_910' title='bbox 2261 5576 2694 5648; x_wconf 87' lang='grc' dir='ltr'>διακρινόμενον.</span> <span class='ocrx_word' id='word_1_911' title='bbox 2715 5570 2920 5628; x_wconf 82' lang='grc' dir='ltr'>Ἦλθον</span> <span class='ocrx_word' id='word_1_912' title='bbox 2953 5573 3009 5627; x_wconf 78' lang='grc' dir='ltr'>δὲ</span> <span class='ocrx_word' id='word_1_913' title='bbox 3039 5573 3135 5626; x_wconf 82' lang='grc' dir='ltr'>σὺν</span> <span class='ocrx_word' id='word_1_914' title='bbox 3179 5572 3305 5643; x_wconf 72' lang='grc' dir='ltr'><strong>ἐμοὶ</strong></span> <span class='ocrx_word' id='word_1_915' title='bbox 3359 5569 3453 5624; x_wconf 82' lang='grc' dir='ltr'><strong>καὶ</strong></span> <span class='ocrx_word' id='word_1_916' title='bbox 3505 5569 3556 5622; x_wconf 78' lang='lat' dir='ltr'><strong>oi</strong></span> <span class='ocrx_word' id='word_1_917' title='bbox 3591 5564 3655 5634; x_wconf 71' lang='grc' dir='ltr'>εξ</span> 
     </span>
    </p>
   </div>
   <div class='ocr_carea' id='block_1_119' title="bbox 2089 5656 3653 5739">
    <p class='ocr_par' dir='ltr' id='par_1_119' title="bbox 2089 5656 3653 5739">
     <span class='ocr_line' id='line_1_119' title="bbox 2089 5656 3653 5739; baseline -0.01 -13"><span class='ocrx_word' id='word_1_918' title='bbox 2089 5691 2109 5725; x_wconf 82' lang='lat' dir='ltr'><strong>t</strong></span> <span class='ocrx_word' id='word_1_919' title='bbox 2145 5670 2365 5739; x_wconf 78' lang='grc' dir='ltr'>ἀδελφοὶ</span> <span class='ocrx_word' id='word_1_920' title='bbox 2385 5664 2554 5732; x_wconf 76' lang='grc' dir='ltr'>οὗτοι,</span> <span class='ocrx_word' id='word_1_921' title='bbox 2589 5667 2687 5722; x_wconf 76' lang='grc' dir='ltr'>καὶ</span> <span class='ocrx_word' id='word_1_922' title='bbox 2739 5665 3064 5736; x_wconf 78' lang='grc' dir='ltr'>εἰσήλθομεν</span> <span class='ocrx_word' id='word_1_923' title='bbox 3097 5664 3179 5727; x_wconf 81' lang='grc' dir='ltr'><strong>εἰς</strong></span> <span class='ocrx_word' id='word_1_924' title='bbox 3214 5663 3305 5717; x_wconf 84' lang='grc' dir='ltr'>τὸν</span> <span class='ocrx_word' id='word_1_925' title='bbox 3360 5657 3508 5713; x_wconf 74' lang='grc' dir='ltr'>οἷκον</span> <span class='ocrx_word' id='word_1_926' title='bbox 3556 5656 3653 5712; x_wconf 73' lang='grc' dir='ltr'><strong>τοῦ</strong></span> 
     </span>
    </p>
   </div>
   <div class='ocr_carea' id='block_1_120' title="bbox 2090 5749 3657 5836">
    <p class='ocr_par' dir='ltr' id='par_1_120' title="bbox 2090 5749 3657 5836">
     <span class='ocr_line' id='line_1_120' title="bbox 2090 5749 3657 5836; baseline -0.011 -16"><span class='ocrx_word' id='word_1_927' title='bbox 2090 5784 2109 5819; x_wconf 81' lang='lat' dir='ltr'><strong>t</strong></span> <span class='ocrx_word' id='word_1_928' title='bbox 2150 5764 2363 5836; x_wconf 83' lang='grc' dir='ltr'>ἀνδρός.</span> <span class='ocrx_word' id='word_1_929' title='bbox 2394 5758 2726 5832; x_wconf 77' lang='grc' dir='ltr'>’Ᾱπήγγειλέ</span> <span class='ocrx_word' id='word_1_930' title='bbox 2756 5776 2816 5811; x_wconf 86' lang='grc' dir='ltr'><strong>τε</strong></span> <span class='ocrx_word' id='word_1_931' title='bbox 2846 5759 3000 5827; x_wconf 80' lang='grc' dir='ltr'>ἡμῖν,</span> <span class='ocrx_word' id='word_1_932' title='bbox 3041 5755 3163 5819; x_wconf 78' lang='grc' dir='ltr'><strong>πῶς</strong></span> <span class='ocrx_word' id='word_1_933' title='bbox 3182 5749 3287 5808; x_wconf 77' lang='grc' dir='ltr'>εἶδε</span> <span class='ocrx_word' id='word_1_934' title='bbox 3310 5753 3400 5806; x_wconf 78' lang='grc' dir='ltr'>τὸν</span> <span class='ocrx_word' id='word_1_935' title='bbox 3421 5749 3657 5819; x_wconf 70' lang='grc' dir='ltr'>ἄγγελοι</span> 
     </span>
    </p>
   </div>
   <div class='ocr_carea' id='block_1_121' title="bbox 2093 5844 3652 5932">
    <p class='ocr_par' dir='ltr' id='par_1_121' title="bbox 2093 5844 3652 5932">
     <span class='ocr_line' id='line_1_121' title="bbox 2093 5844 3652 5932; baseline -0.012 -18"><span class='ocrx_word' id='word_1_936' title='bbox 2093 5880 2111 5914; x_wconf 76' lang='grc' dir='ltr'><strong>ι</strong></span> <span class='ocrx_word' id='word_1_937' title='bbox 2152 5862 2210 5916; x_wconf 75' lang='grc' dir='ltr'><strong>έν</strong></span> <span class='ocrx_word' id='word_1_938' title='bbox 2238 5859 2317 5932; x_wconf 78' lang='grc' dir='ltr'>τῷ</span> <span class='ocrx_word' id='word_1_939' title='bbox 2348 5858 2485 5930; x_wconf 80' lang='grc' dir='ltr'>οἴκῳ</span> <span class='ocrx_word' id='word_1_940' title='bbox 2541 5857 2706 5913; x_wconf 77' lang='grc' dir='ltr'>αὐτοῦ</span> <span class='ocrx_word' id='word_1_941' title='bbox 2756 5852 3021 5910; x_wconf 81' lang='grc' dir='ltr'>σταθέντα</span> <span class='ocrx_word' id='word_1_942' title='bbox 3059 5853 3151 5906; x_wconf 70' lang='grc' dir='ltr'><strong>καί</strong></span> <span class='ocrx_word' id='word_1_943' title='bbox 3191 5851 3410 5904; x_wconf 83' lang='grc' dir='ltr'>εἰπόντα</span> <span class='ocrx_word' id='word_1_944' title='bbox 3466 5844 3652 5918; x_wconf 74' lang='grc' dir='ltr'>αὐτῷ’</span> 
     </span>
    </p>
   </div>
  </div>
