4024 6596
354 487 464 557 189

1318 492 1706 555 COMMENT.
1734 491 1814 553 lN
1853 492 2044 552 ACTA
2084 493 2670 559 APOSTOLORUM.

3514 494 3619 561 εςιο

360 628 382 663 ι
400 608 774 665 οἈπόστειλον
799 609 881 675 είς
909 609 1139 683 Ἰόππην
1181 608 1410 678 ἄνδρας,
1440 609 1538 664 καὶ
1577 609 1937 681 μετάπεμψαι

2056 625 2068 661 ι
2110 609 2390 666 Simonem
2425 615 2790 678 cognomento
2819 606 3064 677 Petrum,
3094 607 3189 680 qui
3222 606 3320 665 tibi
3351 623 3415 666 ea
3444 610 3626 667 dictu-

358 721 381 755 ι
424 701 651 773 Σίμωνα
675 701 771 757 τὸν
800 702 1235 775 ἐπικαλούμενον
1260 702 1491 774 Πέτρον,
1522 702 1581 768 ὃς
1601 703 1823 773 λαλήσει
1850 705 1942 776 ῥή-

361 812 382 844 σ
428 810 576 864 ματα
602 792 741 864 πρὸς
772 793 854 860 σέ,
881 795 940 849 ἐν
970 790 1050 859 οἷς
1078 792 1300 868 σωθήσῃ
1336 794 1400 847 σὺ
1456 793 1551 847 καὶ
1583 795 1690 857 πᾶς
1727 796 1754 848 6
1789 789 1941 858 οῐκός

358 901 379 935 ι
430 899 548 938 σου.
598 872 785 938 Ἐνδὲ
819 883 899 956 τῷ
946 883 1215 957 ἄρξασθαί
1262 882 1348 956 με
1390 881 1573 938 λαλεῖν
1626 884 1862 939 ἐπέπεσε
1881 884 1941 939 τὸ

359 994 381 1027 ο
426 975 655 1046 Πνεῦμα
679 975 741 1029 τὸ
764 976 920 1045 ἀγιον
943 977 1029 1030 ἐπ’
1067 976 1290 1042 αὐτοὺς,
1314 975 1502 1046 ὥσπερ
1530 975 1623 1030 καὶ
1662 975 1747 1047 ἐφ’
1793 974 1941 1048 ἡμᾶς

360 1086 383 1120 ι
430 1068 488 1121 ἐν
513 1070 678 1141 ἀρχῇ.
725 1067 1034 1143 Ἐμνήσθην
1077 1069 1134 1124 δέ
1175 1066 1270 1122 τοῦ
1305 1071 1551 1141 ῥήματος
1600 1069 1826 1143 Κυρίου,
1866 1072 1941 1135 ὡς

360 1178 381 1211 ι
426 1159 634 1229 ἔλεγεν·
664 1159 924 1234 Ἰωάννης
967 1159 1069 1233 μέν
1115 1148 1646 1239 ἐϐάπτισενὶῦδατι,
1678 1162 1839 1237 ὑμεῖς
1885 1163 1942 1217 δὲ

364 1269 391 1299 σ
431 1250 872 1323 βαπτισθήσεσθε
898 1255 956 1309 ἐν
978 1253 1260 1327 Πνεύματι
1300 1250 1459 1327 ἁγίῳ.
1481 1256 1544 1325 Ei
1579 1250 1672 1311 οῦν
1700 1255 1800 1330 τὴν
1817 1257 1942 1326 ῐσην

330 1358 333 1359 ⁷
364 1360 388 1394 ε
432 1341 641 1413 δωρεάν
658 1342 861 1398 ἔδωκεν
878 1345 1063 1410 αὐτοῖς
1083 1348 1112 1400 6
1148 1345 1303 1412 Θεὸς,
1330 1345 1527 1412 ὡς.καὶ
1558 1348 1691 1417 ἡμῖν
1719 1347 1943 1402 πιστεύ-

364 1452 388 1486 ‹
430 1451 588 1488 σασιν
621 1436 714 1490 ἐπὶ
734 1436 828 1491 τὸν
858 1436 1062 1508 Κύριον
1092 1437 1305 1509 Ἰησοῦν
1358 1439 1612 1510 Χριστὸν,
1642 1438 1753 1507 ἐγὼ
1774 1438 1833 1493 δέ
1857 1439 1943 1504 τίς

362 1542 385 1575 ι
431 1525 582 1597 ῆμην
607 1525 837 1592 δυνατὸς
865 1527 1106 1583 κωλύσαι
1145 1528 1237 1583 τὸν
1270 1529 1437 1596 Θεόν;
1479 1527 1839 1594 ’Δκούσαντες
1886 1529 1942 1585 δέ

363 1636 387 1670 ι
436 1617 634 1683 ταῦτα,
665 1619 973 1692 ἡσύχασαν,
1006 1623 1100 1675 καὶ
1130 1618 1392 1687 ἐδόξασαν
1425 1621 1516 1676 τὸν
1549 1621 1704 1688 Θεὸν,
1758 1620 1946 1693 λέγον-

363 1729 385 1763 ι
430 1728 523 1777 τες
545 1729 561 1745 ο
593 1713 659 1766 ’Δ
670 1729 804 1784 ραγε
832 1714 926 1769 καὶ
952 1715 1064 1777 τοῖς
1084 1713 1296 1769 ἔθνεσιν
1317 1717 1344 1769 6
1375 1714 1506 1778 Θεὸς
1525 1715 1625 1787 τὴν
1657 1714 1945 1792 μετάνοιαν

363 1822 386 1856 ι
432 1803 633 1858 ἔδωκεν
688 1807 771 1871 είς
809 1805 975 1878 ζωήν.
1015 1807 1127 1864 Καὶ
1165 1808 1215 1862 οί
1264 1807 1363 1880 μὲν
1419 1802 1512 1862 οῦν
1549 1806 1946 1880 διασπαρέντες

363 1913 387 1949 ι
425 1897 538 1951 άπὸ
590 1898 692 1969 τῆς
742 1898 976 1970 θλίψεως
1024 1898 1123 1972 τῆς
1177 1900 1478 1971 γενομένης
1530 1901 1623 1952 ἐπὶ
1655 1898 1941 1971 Στεφάνῳ,

366 2006 388 2039 ι
428 1987 646 2061 διῆλθον
677 1990 783 2054 ἕως
810 1990 1064 2064 Φοινίκης
1090 1991 1186 2046 καλ⁴
1207 1992 1434 2064 Κύπρου
1463 1993 1558 2046 καὶ
1583 1989 1942 2062 Ἀντιοχείας,

367 2100 389 2132 ι
428 2080 622 2151 μηδενὶ
673 2081 963 2148 λαλοῦντες
1016 2083 1108 2140 τὸν
1164 2084 1345 2153 λόγον,
1391 2086 1441 2139 εί
1470 2084 1547 2157 μὴ
1592 2086 1755 2156 μόνον
1814 2084 1945 2139 Ἰου-

363 2186 388 2222 ι
431 2170 626 2235 δαίοις.
649 2165 832 2227 Ἦσαν
863 2171 921 2228 δέ
952 2189 1099 2240 τινες
1138 2174 1200 2241 ἐξ
1234 2173 1415 2230 αὐτῶν
1471 2176 1664 2249 ἄνδρες
1707 2176 1947 2249 Κύπριοι

367 2281 394 2317 ε
429 2264 528 2319 καὶ
561 2265 887 2336 Κυρηναῖοι.
915 2282 936 2319 ι

436 2355 724 2411 Δείκνυσιν
755 2358 785 2412 6
836 2357 1043 2431 Πέτρος
1090 2358 1181 2416 διά
1237 2359 1339 2432 τῆς
1385 2361 1703 2431 ἀπολογίας,
1755 2361 1948 2416 ἐαυτὸν

367 2446 473 2517 μέν
500 2447 736 2519 οὒδαμοῦ
767 2450 962 2515 αττιον,
1000 2451 1280 2523 πανταχοῦ
1333 2452 1390 2508 δέ
1432 2452 1523 2509 τὸν
1549 2454 1700 2511 Θεόν.
1736 2455 1826 2509 Ἐν
1853 2456 1948 2509 ἐκ-

366 2538 560 2594 στάσει
612 2539 721 2612 γὰρ
765 2542 928 2608 αὐτὸς
966 2544 1211 2616 ἐποίησε,
1244 2545 1400 2617 φησὶ,
1451 2544 1513 2599 τὸ
1548 2545 1738 2609 σκεῦος
1785 2546 1950 2611 αὐτὸς

365 2630 573 2699 ἔδειξεν
599 2649 615 2665 ο
654 2631 768 2701 ἐγὼ
799 2634 895 2689 καὶ
935 2635 1193 2691 ἀντεῖπον
1224 2652 1238 2668 ο
1294 2637 1389 2691 καὶ
1423 2636 1585 2690 πάλιν
1609 2637 1772 2703 αὐτὸς
1803 2632 1947 2705 εἷπε,

366 2724 467 2776 καὶ
495 2723 618 2777 οὐδέ
643 2723 819 2789 οὕτως
839 2725 1070 2797 ηκουσα.
1102 2726 1177 2781 Τὸ
1208 2726 1433 2798 Πνεῦμα
1470 2728 1754 2783 ἐκέλευσεν
1778 2729 1949 2783 ἀπελ-

368 2815 503 2875 θεῖν.
539 2818 635 2870 καλ⁸
664 2816 916 2871 ἀπελθὼν
944 2818 1064 2871 οὐδὲ
1110 2816 1284 2882 οὕτως
1342 2817 1597 2890 ἔδραμον.
1644 2814 1812 2873 Εἶπον
1867 2820 1949 2874 ὅτι

367 2911 397 2962 6
421 2909 556 2973 Θεὸς
577 2908 674 2964 ἐπε
684 2909 816 2979 μψε,
839 2910 935 2963 καὶ
965 2908 1088 2964 οὐδὲ
1111 2908 1291 2973 οὕτως
1307 2909 1597 2977 ἐϐάπτισα,
1629 2912 1765 2966 ἀλλὰ
1788 2912 1950 2967 πάλιν

370 3001 401 3054 6
426 3000 560 3064 Θεὸς
590 2999 652 3054 τὸ
680 3002 790 3055 πᾶν
833 3001 1148 3073 εἰργάσατο.
1193 3003 1254 3057 '0
1276 3003 1407 3068 Θεὸς
1449 3005 1611 3069 αὐτὸς
1636 3004 1948 3072 ἐϐάπτισεν,

369 3094 471 3148 οὐκ
493 3092 626 3163 ἐγώ.
666 3095 789 3149 Ἔτι
822 3096 930 3169 γάρ
986 3114 1088 3169 μου
1118 3096 1409 3161 λαλοῦντος
1433 3099 1637 3165 αὐτοῖς,
1682 3099 1953 3155 ἐπέπεσεν

370 3188 462 3242 ἐπ’
505 3189 707 3254 αὐτοὺς
757 3189 819 3244 τὸ
845 3189 1073 3262 Πνεῦμα
1099 3191 1158 3245 τὸ
1191 3191 1369 3260 ἅγιον,
1405 3191 1499 3247 καὶ
1527 3190 1748 3246 ἐλάλουν
1779 3191 1955 3267 γλώσ-

371 3297 516 3347 σαις,
548 3282 647 3336 καὶ
677 3280 1010 3354 ἐμεγάλυνον
1036 3283 1128 3337 τὸν
1153 3283 1288 3337 Θεὸν
1318 3282 1503 3349 καθὼς
1530 3283 1624 3338 καὶ
1644 3285 1828 3356 ἡμεῖς.

448 3388 470 3423 ι
500 3371 711 3435 οἵτινες
788 3371 1122 3436 εἰσελθόντες
1204 3375 1286 3438 είς
1348 3373 1678 3445 ’Δντιὸχειαν
1729 3372 1953 3427 ἐλάλουν

375 3479 396 3514 ι
439 3461 578 3533 πρὸς
614 3462 743 3527 τοὺς
791 3462 1140 3533 Ἑλληνιστάς
1173 3464 1652 3537 εὐαγγελιζόμενοι
1697 3464 1787 3519 τὸν
1836 3463 1954 3519 K6-

377 3571 397 3606 ι
444 3569 560 3623 ριον
604 3552 837 3626 Ἰησοῦν.
874 3553 985 3610 Καὶ
1020 3551 1089 3628 ἦν
1144 3556 1268 3631 χεὶρ
1329 3557 1536 3628 Κυρίου
1587 3558 1701 3626 μετ’
1752 3556 1949 3612 αὐτῶν.

378 3664 401 3699 ε
439 3644 612 3710 Πολύς
654 3663 714 3701 τε
754 3647 986 3720 ἀριθμὸς
1020 3652 1320 3714 πιστεύσας
1348 3649 1683 3721 ἐπέστρεψεν
1726 3650 1818 3704 ἐπὶ
1862 3650 1953 3704 τὸν

375 3754 399 3793 ε
438 3739 669 3813 Κύριον.
710 3739 982 3813 Ἠκούσθη
1013 3742 1069 3797 δέ
1107 3742 1136 3795 ό
1163 3743 1321 3813 λόγος
1350 3743 1431 3808 είς
1459 3743 1528 3797 τά
1554 3737 1667 3799 ὦτα
1694 3742 1793 3814 τῆς
1829 3743 1954 3799 Ἐκ-

376 3849 397 3884 ι
438 3830 698 3902 κλησίαςῖ
723 3833 823 3903 τῆς
860 3834 917 3888 ἐν
985 3832 1385 3905 Ἰεροσολύμοις
1429 3835 1559 3905 περὶ
1604 3834 1784 3889 αὐτῶν
1813 3851 1826 3868 ο
1860 3835 1955 3891 καὶ

378 3941 399 3974 ι
438 3919 828 3987 ἐξαπέστειλαν
863 3922 1152 3995 Βαρνάὸαν
1189 3922 1418 3977 διελθεῖν
1446 3923 1552 3989 ἕως
1599 3918 1952 3995 Ἀντιοχείας.

377 4031 399 4065 ι
447 4014 543 4078 Ὃς
578 4014 1044 4086 παραγενόμενος,
1084 4012 1179 4069 καὶ
1210 4015 1334 4071 ἰδὼν
1356 4014 1454 4086 τὴν
1486 4013 1647 4088 χάριν
1676 4014 1771 4069 τοῦ
1795 4012 1951 4083 Θεοῦ,

376 4124 398 4159 ι
439 4106 636 4180 ἐχάρη,
692 4105 790 4160 καὶ
836 4106 1138 4179 παρεκάλει
1186 4108 1415 4176 πάντας,
1465 4110 1533 4181 τῇ
1569 4108 1825 4182 προθέσει
1853 4110 1955 4181 τῆς

376 4217 399 4251 ι
439 4198 668 4269 καρδίας
694 4200 1026 4271 προσμένειν
1048 4196 1126 4277 τῷ
1148 4200 1363 4273 Κυρίῳ.
1401 4219 1420 4254 ι

451 4304 473 4339 ι
508 4287 654 4359 Πρὸς
671 4289 796 4352 τοὺς
831 4288 1230 4362 Ἑλληνιστάς.»
1260 4291 1422 4355 Ἴσως
1445 4289 1532 4345 διὰ
1564 4291 1624 4344 τὸ
1649 4290 1722 4362 μὴ
1754 4290 1955 4347 εἰδέναι

386 4378 694 4451 Ἐϐραϊστὶ,
737 4379 1005 4451 Ἕλληνας
1039 4381 1238 4446 αὐτοὺς
1270 4382 1520 4437 ἐκάλουν.
1553 4380 1810 4436 Ἐλάλουν
1838 4385 1954 4436 τοί-

371 4486 470 4524 νυν
520 4471 619 4526 καὶ
663 4472 799 4543 πρὸς
825 4473 1044 4541 αὐτοὺς,
1097 4473 1578 4546 εὐαγγελιζόμενοι
1614 4474 1706 4529 τὸν
1748 4474 1955 4547 Κύριον

2047 716 2068 752 ι
2112 714 2209 754 rus
2230 707 2313 756 est
2337 714 2435 770 per
2458 715 2580 771 qum
2597 699 2850 767 saiveris,
2878 706 2932 755 et
2950 705 3033 765 tu,
3059 707 3115 755 et
3142 699 3401 755 universa
3429 700 3626 757 domus

2046 809 2066 844 ι
2106 791 2487 861 tumCuqu
2516 792 2663 863 loqui
2690 792 3003 862 cmpissem,
3025 790 3258 862 illapsus
3278 798 3356 847 est
3389 790 3627 861 Spiritus

2046 898 2065 934 ι
2108 872 2333 938 sanctus
2357 884 2411 937 in
2431 884 2577 949 iiios,
2598 882 3065 954 quemadmodum
3079 892 3133 938 et
3160 883 3214 937 in
3238 898 3340 938 nos
3357 883 3426 938 ab
3445 884 3624 961 initio.

2048 998 2066 1032 ι
2109 976 2450 1033 Recordatus
2480 992 2600 1032 sum
2633 987 2815 1032 autem
2843 977 2994 1031 verbi
3022 974 3258 1042 Domini,
3291 977 3437 1047 quod
3469 978 3625 1033 dixe-

2046 1090 2065 1124 ι
2108 1077 2228 1126 rat:
2258 1069 2499 1126 Joannes
2527 1069 2750 1140 quidem
2783 1069 3082 1140 baptizavit
3110 1084 3278 1141 aqua,
3311 1085 3408 1126 vos
3438 1080 3622 1126 autem

2050 1182 2070 1216 ι
2109 1146 2518 1233 δοριὶιὶλιιίηιίιιί
2577 1161 2789 1239 Spiritu
2840 1173 3054 1219 sancto.
3116 1163 3174 1219 Si
3230 1177 3358 1234 ergo
3417 1162 3621 1218 donum

2046 1273 2069 1307 ι
2106 1256 2313 1326 aequale
2335 1255 2485 1311 dedit
2516 1254 2627 1310 illis
2642 1254 2808 1319 Deus.
2831 1253 2976 1310 sicut
2992 1263 3048 1311 et
3072 1255 3251 1320 nobis,
3282 1270 3408 1309 cum
3440 1255 3624 1310 credi-

2047 1366 2067 1401 ι
2110 1347 2387 1404 discemus
2417 1349 2473 1402 in
2499 1346 2789 1403 Dominum
2819 1346 3007 1405 Jesum
3039 1348 3342 1412 Christum,
3369 1364 3473 1419 ego
3494 1348 3627 1405 sane

2048 1458 2071 1494 ι
2114 1441 2240 1512 quis
2265 1455 2411 1495 eram
2437 1441 2529 1512 qui
2556 1455 2772 1512 possem
2803 1440 3077 1496 obsistere
3100 1438 3211 1495 Deo
3240 1440 3264 1495 ?
3307 1439 3402 1496 His
3441 1444 3623 1509 autem

2049 1551 2068 1588 ι
2110 1533 2316 1591 auditis
2344 1534 2718 1603 obticuerunt,
2743 1542 2796 1590 et
2839 1528 3285 1605 glorificaverunt
3321 1530 3513 1600 Deum,
3542 1533 3625 1588 di-

2049 1645 2068 1680 ι
2110 1634 2295 1682 centes
2347 1644 2360 1680 :
2409 1625 2576 1698 Igitur
2623 1638 2678 1682 et
2728 1626 2991 1699 gentibus
3050 1624 3192 1680 ﬂens
3245 1625 3622 1695 paenitentiam

2049 1738 2069 1774 ι
2108 1721 2381 1777 concessit
2430 1721 2497 1775 ad
2545 1722 2734 1777 vitam.
2792 1720 2857 1775 Et
2891 1721 2966 1775 illi
3000 1719 3219 1795 quidem
3250 1719 3344 1790 qui
3391 1718 3627 1789 dispersi

2049 1832 2069 1867 ι
2110 1812 2327 1872 fuerant
2348 1830 2413 1870 ex
2442 1811 2755 1883 amictione,
2791 1826 2914 1885 qua}
2942 1822 3062 1868 orta
3091 1813 3270 1866 fuerat
3293 1810 3364 1866 ob
3392 1810 3629 1881 Stepha-

2052 1925 2070 1960 ι
2114 1922 2264 1974 num,
2312 1900 2833 1977 perambulaverunt
2886 1916 3059 1977 usque
3113 1904 3187 1959 ad
3232 1902 3528 1959 Phoenicen
3574 1910 3629 1958 et

2053 2018 2072 2053 ι
2109 2000 2349 2072 Cyprum
2381 2012 2445 2054 ac
2472 1997 2847 2060 Antiochiam,
2888 1997 3095 2052 nemini
3141 1997 3426 2067 loquentes
3472 1995 3625 2049 illum

2055 2110 2075 2144 ι
2114 2106 2419 2150 sermonem
2448 2129 2466 2156 ,
2501 2090 2607 2148 nisi
2636 2090 2771 2146 solis
2794 2088 3215 2163 Juda‘iSaErant
3242 2097 3425 2163 autem
3453 2103 3518 2142 ex
3547 2085 3631 2142 eis

2053 2201 2073 2236 ι
2113 2180 2335 2254 quidam
2357 2181 2460 2238 viri
2498 2179 2683 2259 Cyprii
2714 2190 2770 2236 et
2795 2178 3162 2253 Cyrenenses.
3203 2197 3222 2231 ι

2117 2360 2372 2419 Ostendit
2413 2376 2515 2417 sua
2576 2358 2824 2432 apologis
2892 2359 3087 2416 Petrus
3145 2370 3205 2414 se
3267 2368 3624 2430 nequaquam

2049 2453 2223 2513 fuisse
2259 2470 2507 2520 causam,
2556 2454 2653 2511 sed
2686 2452 2890 2523 ubique
2931 2451 3127 2508 Deum.
3177 2449 3314 2506 Nam
3366 2449 3487 2522 ipse
3519 2464 3630 2516 me,

2051 2546 2255 2619 inquit,
2291 2547 2347 2602 in
2381 2546 2582 2602 mentis
2612 2559 2901 2600 excessum
2934 2543 3244 2609 constituit,
3276 2543 3392 2614 ipse
3407 2557 3503 2597 vas
3536 2540 3634 2595 de-

2054 2634 2407 2698 monstravit,
2428 2648 2531 2704 ego
2558 2646 2686 2687 vero
2709 2632 2875 2686 etiam
2910 2630 3221 2686 contradixi
3248 2648 3262 2686 :
3289 2640 3629 2700 rursumque

2052 2722 2194 2780 idem
2227 2725 2343 2794 ipse
2369 2725 2527 2789 dixit,
2557 2732 2612 2781 et
2640 2740 2817 2795 neque
2849 2725 2933 2779 sic
2965 2724 3175 2782 audivi.
3233 2723 3472 2795 Spiritus
3503 2725 3629 2796 jus-

2053 2816 2121 2873 sit
2154 2827 2212 2872 ut
2240 2816 2621 2888 congrederer,
2648 2816 2804 2887 102
2827 2829 3155 2887 congressus
3202 2832 3271 2871 ne
3302 2818 3375 2870 ita
3404 2816 3627 2885 quidem

2055 2911 2332 2983 procurri.
2357 2909 2620 2965 Dixerunt
2651 2908 2818 2965 Deum
2861 2909 3102 2975 misisse,
3133 2913 3186 2963 et
3209 2922 3310 2962 nec
3336 2907 3420 2962 sic
3451 2907 3629 2976 bapti-

2053 3003 2194 3068 zavi,
2219 3002 2312 3058 sed
2335 3016 2552 3056 rursum
2586 2998 2726 3057 Deus
2770 3016 2881 3055 rem
2906 3014 3123 3055 omnem
3146 2997 3347 3054 eil'ecit.
3375 2996 3518 3052 Dens
3542 2998 3633 3052 ba-

2052 3093 2300 3165 ptizavit,
2329 3109 2438 3148 non
2459 3107 2578 3164 ego.
2601 3090 2734 3145 Nam
2755 3093 2884 3146 dum
2910 3090 3382 3161 adliucloquerer,
3400 3089 3633 3159 illapsus

2055 3194 2143 3241 est
2168 3186 2225 3239 in
2258 3186 2382 3239 illos
2402 3183 2640 3255 Spiritus
2669 3190 2918 3247 sanctus,
2943 3192 2996 3238 et
3023 3182 3387 3252 loquebantur
3406 3178 3632 3253 linguis,

1977 3294 2022 3358 ρ
2054 3282 2108 3331 et
2134 3273 2559 3346 magniﬁcabant
2584 3273 2779 3339 Deum,
2810 3274 2956 3328 sicut
2982 3280 3035 3328 et
3067 3288 3185 3330 nos.

2131 3366 2226 3434 ΧΙ,
2254 3367 2443 3421 20-25.
2486 3386 2504 3419 ι
2541 3365 2645 3432 Qui
2688 3365 2921 3434 ingressi
2955 3364 3303 3420 Antiochiam
3331 3365 3634 3436 loqueban-

2060 3480 2084 3514 ι
2122 3468 2211 3516 tur
2253 3461 2321 3516 ad
2357 3458 2577 3515 Graecos
2613 3456 3009 3514 annuntiantes
3056 3457 3349 3514 Dominum
3386 3457 3572 3518 Jesum
3616 3478 3631 3518 :

2061 3574 2082 3608 ι
2121 3561 2352 3624 eratque
2386 3568 2584 3633 manus
2618 3550 2831 3605 Domini
2858 3564 2983 3631 cum
3019 3549 3153 3613 illis,
3178 3559 3236 3606 et
3279 3553 3488 3608 multus
3533 3569 3635 3607 nu-

2062 3671 2083 3705 ι
2122 3666 2311 3708 merus
2351 3649 2581 3706 credidit
2628 3658 2683 3705 et
2724 3648 2793 3704 ad
2834 3646 3123 3702 Dominum
3169 3661 3474 3706 conversus
3523 3658 3632 3707 est.

2062 3762 2082 3797 ι
2124 3744 2381 3800 Pervenit
2420 3751 2600 3799 autem
2655 3756 2846 3797 rumor
2883 3740 2951 3796 ad
2989 3755 3153 3798 aures
3195 3740 3475 3807 Ecclesiae,
3514 3759 3638 3815 quae

2060 3854 2082 3890 ι
2119 3842 2238 3892 erat
2277 3830 2634 3906 Jerosoiymis
2673 3849 2839 3907 super
2881 3831 2969 3888 his
2999 3849 3014 3888 :
3044 3841 3094 3887 et
3122 3832 3399 3905 miserunt
3430 3826 3640 3890 Barna-

2063 3948 2082 3983 ι
2125 3930 2284 3995 bam,
2332 3938 2391 3983 ut
2424 3930 2527 3983 iret
2558 3926 2930 3982 Antiochiam.
2973 3924 3079 3991 Qui
3128 3939 3252 3980 cum
3295 3920 3639 3997 pervenisset

2063 4040 2082 4074 ι
2121 4036 2185 4078 ac
2209 4021 2441 4077 vidisset
2468 4020 2697 4093 gratiam
2735 4017 2852 4085 Dei,
2893 4018 3116 4089 gavisus
3143 4024 3248 4085 est,
3288 4026 3342 4072 et
3377 4010 3637 4074 hortaba1

2060 4126 2082 4165 ι
2124 4119 2215 4166 tur
2247 4123 2459 4176 omnes,
2489 4117 2549 4164 ut
2572 4109 2857 4180 proposito
2879 4104 3066 4164 cordis
3096 4120 3512 4176 perseverarent
3534 4108 3640 4166 adi-

2063 4223 2083 4258 ι
2128 4203 2337 4259 interere
2367 4201 2622 4269 Domino.
2660 4219 2681 4252 ι
2766 4198 2789 4217 ⁸
3614 4192 3623 4205 “

2135 4314 2155 4348 ‹
2185 4293 2262 4350 Ad
2289 4293 2560 4349 Graecos.»
2580 4288 2864 4375 Fartassis
2891 4307 2956 4348 eo
2987 4297 3129 4366 quod
3150 4294 3416 4353 Hebraice
3438 4308 3641 4375 sonare

2057 4394 2166 4453 non
2196 4396 2444 4460 possent,
2464 4384 2696 4469 .Graecos
2723 4374 2875 4456 ipsos
2903 4388 3203 4458 appellant.
3228 4374 3640 4458 ’Loqnebantur

2056 4495 2191 4553 ergo
2219 4490 2275 4536 et
2306 4479 2375 4534 ad
2405 4492 2529 4545 eos,
2568 4479 2971 4559 annuntiantes
3004 4478 3297 4558 Dominum
3344 4477 3557 4559 Jesum,
3587 4486 3642 4533 et

371 4562 614 4636 Ἰησοῦν,
650 4565 744 4619 καλ⁵
786 4565 1070 4621 ἐπίστευον
1114 4567 1377 4634 ἅπαντες,
1409 4565 1620 4639 ἐπειδὴ,
1652 4566 1808 4639 φησὶ,
1833 4568 1948 4640 χεὶρ

2058 4573 2352 4631 credebant
2389 4585 2582 4627 omnes
2619 4586 2634 4625 :
2666 4557 3397 4645 quoniam,inquit,inanus
3426 4570 3639 4631 Domini

371 4656 584 4727 Κυρίου
622 4651 690 4728 ἦν
738 4658 857 4728 μετ’
891 4656 1069 4712 αὐτῶν
1094 4672 1109 4688 ·
1167 4659 1437 4724 τουτέστι,
1500 4637 1723 4731 σημεῖα
1763 4637 1948 4731 εἰργά-

2058 4676 2177 4722 erat
2201 4681 2325 4721 cum
2345 4664 2454 4720 illis
2485 4679 2499 4717 :
2534 4663 2640 4719 hoc
2671 4637 2780 4727 est,
2805 4648 2961 4734 signa
2993 4637 3384 4731 onerabantur.
3411 4659 3642 4731 Propter

373 4746 553 4812 ζοντο.
594 4746 695 4801 Διά
721 4747 880 4801 τοῦτο
903 4747 1012 4820 γὰρ
1039 4749 1072 4820 ἡ
1095 4748 1202 4803 τῶν
1227 4750 1471 4822 σημείων
1491 4751 1707 4824 ἀνάγκη
1730 4752 1954 4823 γέγονεν

377 4839 469 4892 ἴνα
508 4837 894 4894 πιστεύσωσιν.
1636 4838 1639 4845 λ

452 4954 472 4988 ε
504 4936 627 4989 Ὅτι
660 4928 730 5006 ἦν
785 4935 924 5006 ἀνὴρ
976 4936 1178 5005 ἀγαθὸς
1230 4936 1325 4992 καὶ
1367 4938 1583 5011 πλήρης
1633 4922 1957 5013 Πνεύματος

380 5046 402 5081 ι
439 5027 599 5097 ἁγίου
645 5028 739 5083 καὶ
771 5028 1026 5094 πίστεως.
1063 5031 1172 5084 Καὶ
1209 5033 1511 5105 προσετέθη
1566 5033 1722 5105 ὄχλος
1772 5036 1957 5101 ἱκανὸς

381 5140 401 5174 ι
437 5121 517 5193 τῷ
564 5121 773 5193 Κυρίῳ.
825 5122 1049 5193 Ἐξῆλθε
1096 5125 1154 5179 δὲ
1193 5125 1273 5190 είς
1333 5125 1547 5199 Ταρσὸν
1593 5129 1622 5182 ό
1667 5127 1957 5202 Βαρνάϐας

376 5227 398 5262 ι
437 5209 780 5281 ἀναζητῆσαι
830 5210 1036 5275 Σαῦλον
1064 5230 1080 5247 ο
1126 5214 1222 5269 καὶ
1269 5216 1445 5288 εὑρὼν
1500 5216 1684 5283 αὑτὸν,
1742 5219 1952 5290 ἤγαγεν

377 5314 398 5353 ι
436 5301 600 5355 αὐτὸν
647 5301 728 5364 είς
780 5299 1134 5374 Ἀντιόχειαν.
1168 5304 1421 5375 Ἐγένετο
1453 5307 1511 5363 δὲ
1542 5308 1739 5372 αὐτοὺς
1773 5310 1953 5366 ἐνιαυ-

377 5412 396 5445 ι
435 5394 528 5449 τὸν
568 5391 689 5448 ὅλον
741 5392 1074 5467 συναχθῆναι
1107 5398 1181 5470 τῇ
1220 5398 1526 5473 ἐκκλησίᾳ,
1586 5401 1682 5457 καὶ
1743 5400 1952 5469 διδάξαι

375 5507 395 5540 ι
431 5486 590 5558 ὄχλον
629 5487 835 5542 ίκανόν.
873 5506 893 5540 ι

442 5581 540 5635 Διά
562 5580 614 5634 τί
645 5580 723 5652 μὴ
752 5579 953 5651 Παύλῳ
981 5583 1309 5654 γράφουσιν,
1339 5582 1474 5637 ἀλλὰ
1502 5583 1787 5656 Βαρνάϐαν
1811 5583 1951 5658 πέμ-

374 5690 607 5741 πουσινς
646 5673 769 5728 Ὅτι
796 5672 952 5728 οὔπω
987 5674 1084 5729 τοῦ
1123 5674 1314 5745 ἀνδρὸς
1351 5675 1569 5748 ᾔδεισαν
1601 5675 1700 5749 τὴν
1723 5676 1943 5748 ἀρετήν.

371 5764 489 5816 Οὔκ
540 5762 845 5820 ἀντίκειται
899 5766 955 5820 δὲ
1007 5765 1182 5839 τούτῳ
1249 5765 1330 5834 τὸ,
1385 5785 1404 5821 ι
1445 5767 1630 5831 Οὐδεὶς
1673 5768 1877 5837 ἀγαθὸς
1914 5768 1947 5840 ἢ

373 5857 533 5926 μόνος
553 5857 583 5910 6
614 5857 769 5919 Θεός.
809 5877 829 5911 ι
865 5859 941 5913 οὐ
966 5861 1076 5934 γάρ
1098 5862 1295 5918 ταύτόν
1322 5862 1438 5917 ἐστι
1462 5860 1596 5916 Θεὸν
1629 5861 1787 5935 μόνον
1815 5863 1950 5933 ἀγα-

440 5972 487 6003 “
532 5972 665 6029 Luc.
700 5989 853 6042 xvnt,
892 5976 977 6032 i9.

2059 4759 2163 4815 hoc
2194 4758 2340 4815 enim
2379 4755 2482 4837 [uit
2510 4757 2797 4833 signorum
2834 4758 3136 4829 necessitas
3162 4763 3222 4810 ut
3249 4754 3564 4835 crederent.

2128 4932 2223 5002 XI,
2250 4935 2437 4991 24-26.
2469 4954 2487 4987 ι
2530 4918 2660 4989 Erat
2686 4930 2831 4991 enim
2866 4933 2945 4987 vir
2980 4934 3155 4988 bonus
3190 4949 3253 4988 ac
3278 4916 3475 5004 plenus
3510 4916 3640 5004 Spi-

2065 5048 2085 5083 ι
2122 5030 2229 5083 ritu
2256 5035 2444 5093 sancto
2474 5034 2529 5081 et
2563 5025 2685 5080 title.
2714 5023 2781 5087 Et
2807 5024 2986 5078 addita
3024 5030 3108 5078 est
3136 5024 3304 5078 multa
3328 5023 3490 5078 turba
3526 5021 3636 5078 Do-

2066 5138 2086 5174 ι
2125 5120 2297 5175 ηιὶιιο.
2326 5117 2618 5174 Profectus
2649 5122 2734 5174 est
2773 5124 2955 5169 autem
2987 5114 3265 5195 Barnabas
3284 5098 3542 5181 Tarsum,
3566 5121 3638 5171 »ιιι

2064 5220 2084 5265 ι
2119 5221 2386 5283 (ιιιιοι-ονθι
2416 5208 2661 5271 Sanium,
2698 5223 2805 5279 quo
2837 5209 3080 5272 invento,
3104 5206 3270 5261 duxit
3291 5208 3414 5267 cum
3444 5204 3638 5260 Antio-‘-

2065 5322 2085 5359 ι
2120 5304 2324 5361 cliiam.
2368 5303 2582 5367 Accidit
2626 5311 2829 5367 autem,
2864 5308 2926 5359 ut
2976 5306 3181 5363 annum
3211 5306 3382 5355 totum
3419 5314 3542 5375 cum
3572 5314 3637 5353 ea

2064 5414 2084 5451 ι
2125 5397 2551 5469 congregatione
2575 5401 2955 5461 versarentur,
3005 5392 3350 5463 multamque
3372 5390 3635 5449 docerent

2064 5511 2085 5547 ι
2124 5492 2360 5550 turbam.
2407 5510 2425 5543 ι

2129 5584 2300 5651 Quam
2331 5581 2401 5636 ob
2421 5592 2644 5634 causam
2669 5573 2837 5632 Paulo
2865 5590 2971 5631 non
2999 5574 3271 5637 scribunt,
3303 5568 3399 5627 sed
3431 5569 3635 5651 Barnag

2058 5675 2183 5732 bam
2239 5671 2509 5727 mittunt?
2548 5669 2686 5737 Quia
2735 5668 2883 5723 illius
2926 5664 3042 5721 viri-
3076 5663 3322 5720 nondum
3376 5650 3632 5714 virtutem

2056 5775 2338 5825 noverant.
2362 5764 2497 5819 iluic
2519 5778 2627 5817 non
2658 5774 2924 5831 repugnat
2961 5757 3104 5829 quod
3141 5755 3359 5811 dicitur:
3402 5770 3421 5803 ‹
3458 5748 3632 5805 Nemo

2053 5864 2230 5920 bonus
2269 5860 2374 5915 nisi
2417 5857 2571 5912 nius
2598 5854 2819 5910 Deus".
2855 5872 2872 5904 ι
2915 5850 3100 5923 Neque
3127 5845 3274 5907 enim
3303 5845 3407 5902 hoc
3439 5844 3625 5918 ipsum
