4024 6580
451 438 556 504 185

1445 439 1834 503 COMMENT.
1872 439 1952 500 IN
1994 439 2184 498 ACTA
2226 438 2800 502 APOSTOLORUM.

3613 437 3721 502 186

458 571 476 602 ι
515 551 689 606 πάντα
705 550 774 606 τὰ
795 551 1246 626 προστεταγμένα
1264 569 1345 609 σοι
1362 553 1467 608 ὕπὸ
1484 555 1578 608 τοῦ
1603 554 1758 610 Θεοῦ.
1779 554 2017 620 Ἀνοίξας

2133 572 2149 603 ι
2203 552 2299 607 tibi
2331 561 2598 622 pra‘cepta
2621 562 2751 608 sunt
2776 567 2806 608 a
2839 551 2970 609 Deo.
3005 549 3271 623 Aperiens
3305 557 3485 606 autem
3517 549 3724 606 Petrus

456 659 476 695 ι
510 643 567 696 δὲ
624 644 830 715 Πέτρος
869 645 929 699 τὸ
970 646 1166 718 στόμα,
1197 639 1349 701 εἶπεν
1370 664 1384 679 ο
1406 647 1524 700 Ἐπ’
1558 647 1818 720 ἀληθείας
1855 665 2028 704 κατα-

461 754 478 788 ι
512 735 881 807 λαμϐάνομαι,
912 739 995 792 ὅτι
1025 739 1126 793 οὐκ
1156 737 1271 794 ἔστι
1299 739 1774 814 προσωπολήπτης
1795 742 1823 795 6
1844 739 1976 805 Θεός
2008 751 2026 770 ⁸

457 843 476 877 ι
515 827 631 881 ἀλλ’
664 830 722 882 έν
745 828 906 883 παντὶ
940 829 1082 886 ἔθνει
1115 833 1144 886 6
1179 831 1512 904 φοϐούμενος
1542 832 1706 888 αὑτὸν
1739 834 1835 891 καὶ
1859 833 2025 905 ἐργα-

457 937 476 970 ι
515 918 739 989 ζόμενος
759 920 1124 994 δικαιοσύνην,
1153 923 1340 989 δεκτὸς
1362 924 1512 996 αύτῷ
1534 927 1669 981 ἐστι.
1703 944 1724 980 ι

528 1030 547 1064 ι
581 1013 938 1084 Δικαιοσύνην
969 1034 988 1067 ι
1037 1015 1158 1070 ἀντὶ
1177 1016 1270 1070 τοῦ
1289 1019 1470 1073 πᾶσαν
1497 1018 1723 1090 ἀρετήν.

529 1121 548 1154 ι
615 1103 719 1156 Τὸν
775 1101 934 1172 λόγον
980 1103 1040 1159 ὸν
1094 1106 1382 1162 ἀπέστειλε
1437 1110 1551 1170 τοῖς
1597 1111 1733 1175 υίοῖς
1785 1109 2024 1183 Ἰσραὴλ,

458 1210 476 1245 ι
515 1192 995 1266 εὐαγγελιζόμενος
1028 1197 1252 1270 εἰρήνην
1275 1197 1362 1251 διὰ
1376 1198 1553 1270 Ἰησοῦ
1585 1200 1846 1272 Χριστοῦ,
1869 1195 2028 1266 οῦτός

460 1303 480 1338 ι
519 1287 634 1340 ὲστι
666 1286 882 1341 πάντων
931 1287 1160 1360 Κύριος.
1215 1289 1404 1361 Ὑμεῖς
1433 1291 1609 1345 οίδατε
1647 1291 1708 1346 τὸ
1736 1293 2026 1364 γενόμενον

456 1395 476 1430 ι
522 1378 672 1449 ῥῆμα
701 1380 822 1434 καθ’
851 1381 979 1453 ὅλης
1009 1383 1106 1452 τῆς
1126 1382 1410 1449 Ἰουδαίας,
1455 1384 1761 1456 ἀρξάμενον
1791 1385 1897 1439 ἀπὸ
1926 1385 2027 1456 τῆς

456 1484 477 1520 ι
513 1467 825 1536 Γαλιλαίας,
852 1471 990 1542 μετά
1010 1471 1072 1525 τὸ
1094 1472 1371 1542 βάπτισμα
1397 1471 1426 1526 ὅ
1452 1473 1716 1547 ἐκήρυξεν
1747 1474 2026 1546 Ἰωάννης,

457 1577 477 1612 ι
507 1559 718 1631 Ἰησοῦν
738 1561 830 1616 τὸν
861 1563 969 1616 ἀπὸ
995 1561 1276 1636 Ναζαρέθ.

525 1651 714 1706 Ταῦτα
739 1652 889 1722 λέγει
931 1652 1022 1708 διὰ
1049 1654 1175 1718 τοὺς
1207 1655 1503 1725 παρόντας,
1535 1657 1622 1710 ἵνα
1663 1657 1754 1712 καὶ
1783 1657 2025 1722 ἐκείνους

450 1747 826 1819 ἐπισπάσηται
881 1749 964 1812 εἰς
1023 1749 1227 1806 πίστιν.
1275 1750 1468 1820 Ὅμως
1523 1751 1708 1805 δίδωσι
1745 1754 1857 1816 τοῖς
1885 1751 2025 1816 υἱοῖς

449 1837 669 1910 Ἰσραὴλ
727 1839 790 1893 τὸ
845 1838 1140 1910 ἐξαίρετον,
1173 1839 1262 1895 ἵνα
1321 1841 1396 1912 μὴ
1461 1843 1756 1912 νομίσωσιν
1783 1845 1840 1897 ἐν
1867 1843 2020 1910 τάξει

417 1931 880 2006 ’ἀπερριμμένων
909 1925 1069 1988 εἶναι.
1094 1925 1264 1998 Οὗτός
1293 1933 1432 2003 ἐστι,
1471 1935 1625 2006 φησὶ,
1653 1937 1870 1991 πάντων
1912 1933 2024 1990 Κύ-

451 2040 589 2095 ριος.

525 2134 544 2168 ι
566 2116 657 2181 Ὠς
685 2115 900 2188 ἔχρισεν
926 2117 1086 2174 αὐτὸν
1115 2121 1143 2174 ό
1177 2119 1310 2185 Θεὸς
1338 2119 1617 2189 Πνεύματι
1640 2119 1782 2192 ἁγίῳ
1808 2119 1903 2174 καὶ
1929 2120 2023 2173 δυ-

453 2226 472 2259 ι
507 2209 687 2280 νάμει,
709 2209 768 2273 ὃς
791 2210 1005 2280 διῆλθεν
1035 2211 1344 2283 εὐεργετῶν
1404 2211 1501 2266 καὶ
1553 2213 1781 2282 ἰώμενος
1818 2215 2024 2276 πάντας

452 2319 471 2351 ι
507 2299 634 2363 τοὺς
655 2300 1292 2374 καταδυναστευομένους
1336 2303 1439 2357 ὑπὸ
1466 2302 1561 2358 τοῦ
1585 2303 1855 2370 διαϐόλου,
1881 2306 1962 2359 ὅτι
1994 2307 2023 2359 ό

455 2409 473 2442 ι
515 2390 649 2455 Θεὸς
681 2388 749 2465 ἦν
788 2392 908 2462 μετ’
937 2394 1126 2449 αὐτοῦ.
1157 2397 1268 2450 Καὶ
1317 2397 1480 2468 ἡμεῖς
1527 2396 1696 2469 ἐσμεν
1746 2399 2022 2468 μάρτυρες

453 2503 472 2536 ι
513 2484 731 2538 πάντων
754 2478 828 2539 ὧν
849 2486 1103 2557 εποίησεν
1148 2488 1204 2541 έν
1230 2506 1290 2542 τε
1328 2491 1392 2559 τῇ
1420 2487 1576 2561 χώρα
1609 2489 1718 2543 τῶν
1751 2490 2022 2544 Ἰουδαίων

458 2595 477 2628 ι
515 2577 608 2631 καὶ
632 2579 690 2632 ὲν
736 2577 1109 2650 Ἰερουσαλὴμ,
1145 2579 1204 2635 ὃν
1233 2581 1446 2637 ἀνεῖλον
1493 2583 1868 2654 κρεμάσαντες
1927 2584 2020 2638 ἐπὶ

455 2687 474 2721 ι
512 2667 691 2734 ξύλου.
729 2669 931 2725 Τοῦτον
961 2674 990 2726 6
1018 2672 1152 2736 Θεὸς
1191 2673 1380 2745 ἡγειρε
1411 2676 1478 2746 τῇ
1511 2675 1668 2747 τρίτῃ
1695 2674 1901 2748 ἡμέρᾳ,
1927 2677 2022 2730 καὶ

454 2780 472 2812 ι
509 2761 710 2817 ἔδωκεν
739 2764 901 2818 αὑτὸν
924 2765 1142 2837 ἐμφανῆ
1174 2766 1428 2835 γενέσθαι
1480 2768 1542 2822 ού
1579 2767 1740 2822 παντὶ
1769 2768 1847 2840 τῷ
1886 2769 2019 2840 λαῷ,

453 2869 472 2902 ι
507 2851 642 2906 ἀλλά
674 2853 910 2924 μάρτυσι
938 2857 1050 2920 τοῖς
1091 2859 1745 2930 προκεχειροτονημένοις
1775 2858 1881 2914 ὑπὸ
1924 2859 2019 2914 τοῦ

453 2960 474 2995 ι
511 2941 647 2997 Θεοῦ
675 2945 826 3017 ἡμῖν.
843 2965 862 2998 ι

520 3037 596 3090 Τὸ
625 3039 912 3109 κεχρίσθαι
940 3040 1151 3110 Ἰησοῦν
1190 3039 1468 3114 Πνεύματι
1503 3041 1642 3115 ἀγίῳ
1693 3044 1797 3098 ὑπὸ
1851 3044 2010 3111 Θεοῦ,

445 3125 592 3180 κατά
617 3127 678 3181 τὸ
716 3129 1056 3198 ἀνθρώπινον
1078 3132 1159 3185 δεῖ
1178 3133 1342 3187 νοεῖν.
1376 3133 1596 3203 Ἐπειδὴ
1651 3134 1761 3205 γὰρ
1814 3135 2017 3189 ἐκένω-

2141 662 2162 697 ι
2199 658 2263 700 os
2291 643 2432 700 dixit
2460 663 2473 700 :
2532 643 2670 701 Vere
2701 645 2980 716 comperio
3012 643 3158 716 quod
3196 659 3304 699 non
3340 643 3413 698 sit
3446 659 3725 714 persona-

2137 753 2158 788 ι
2197 750 2318 790 rum
2358 741 2645 806 respectus
2674 749 2858 792 coram
2897 734 3047 792 Deo:
3081 737 3178 792 sed
3218 735 3270 789 in
3312 736 3505 805 quavis
3555 749 3723 804 gente

2138 844 2158 880 ι
2197 827 2290 898 (ιυί
2318 826 2476 884 timet
2499 827 2745 899 ipsumet
2767 835 3026 900 operatur
3043 825 3338 900 justitiam,
3366 827 3416 882 is
3447 833 3722 896 acceptus

2135 936 2156 971 ι
2195 925 2280 974 est
2304 918 2405 974 illi.
2445 937 2465 973 ι

2204 1028 2224 1063 ι
2262 1006 2564 1076 Justitiam,
2605 1028 2625 1064 ι
2661 1009 2767 1067 hoc
2799 1018 2885 1067 est
2910 1025 3127 1066 omnem
3168 1011 3450 1067 virtutem.

2198 1100 2270 1169 Χ,
2297 1100 2486 1158 56-58.
2517 1120 2537 1155 ι
2575 1101 2676 1158 Hic
2705 1110 2790 1161 est
2813 1119 3016 1171 sermo,
3035 1119 3196 1167 quem
3225 1103 3376 1160 misit
3403 1102 3550 1159 Deus
3587 1102 3720 1161 ﬁliis

2135 1211 2156 1247 ι
2194 1190 2363 1251 Israel
2408 1195 2743 1254 annuntians
2782 1211 2973 1266 pacem
3020 1212 3116 1268 per
3166 1194 3353 1253 Jesum
3403 1196 3718 1262 Christum,

2133 1300 2154 1336 ι
2196 1283 2283 1340 hic
2312 1293 2396 1340 est
2442 1285 2686 1342 omnium
2715 1285 3000 1344 Dominus.
3039 1285 3145 1358 ipsi
3189 1287 3347 1345 scitis
3387 1305 3500 1344 rem
3526 1330 3544 1354 ,
3593 1303 3720 1358 quae

2134 1393 2154 1429 ι
2195 1376 2396 1432 accidit
2425 1393 2524 1449 per
2557 1386 2720 1434 totam
2747 1377 3014 1444 Iudaeam,
3046 1395 3170 1435 cum
3206 1381 3509 1453 incepisset
3541 1397 3573 1436 a
3609 1382 3720 1436 Ga-

2133 1485 2154 1522 ι
2195 1468 2334 1525 iilaaa
2374 1477 2500 1540 post
2540 1470 2808 1542 baptisma
2837 1513 2852 1539 ,
2893 1475 3037 1543 quod
3076 1473 3393 1544 praedicavit
3443 1472 3716 1541 Joannes,

2132 1577 2152 1613 ι
2191 1576 2387 1639 nempe
2415 1561 2483 1617 de
2507 1559 2636 1618 Jesu
2659 1561 2961 1620 Nazarene.
3004 1583 3022 1617 ι

2198 1652 2324 1708 Haec
2369 1661 2591 1725 propter
2633 1670 2730 1711 eos
2763 1655 2920 1722 dicit,
2952 1657 3046 1728 qui
3085 1665 3385 1726 praesentes
3415 1667 3578 1714 erant
3607 1701 3622 1723 ,
3659 1667 3718 1714 ut

2127 1744 2291 1800 etiam
2327 1745 2452 1802 illos
2480 1745 2546 1801 ad
2577 1746 2737 1801 ﬁdem
2767 1748 3044 1803 attrahat:
3082 1749 3134 1802 id
3175 1757 3356 1804 tamen
3388 1750 3534 1819 quod
3572 1766 3718 1820 pra:—

2128 1835 2352 1907 cipuum
2383 1844 2467 1893 est
2490 1838 2582 1892 dat
2606 1837 2730 1894 ﬁliis
2759 1838 2948 1904 lsrael,
2981 1853 3049 1894 ne
3078 1854 3138 1895 se
3171 1841 3224 1894 in
3249 1840 3444 1895 ordine
3480 1840 3719 1910 rejecte-

2127 1944 2249 1984 rum
2283 1944 2404 1986 esse
2423 1931 2775 1987 arbitrentur.
2823 1929 2924 1987 Hic
2949 1941 3055 1997 est,
3091 1931 3286 2004 inquit,
3313 1933 3562 1988 omnium
3609 1933 3717 1988 Do-

2127 2020 2331 2076 minus.

2202 2110 2272 2176 Χ,
2331 2111 2519 2168 58-41.
2583 2132 2603 2167 ι
2645 2113 2931 2182 Quomodo
2985 2114 3206 2170 unxerit
3263 2130 3387 2171 eum
3442 2114 3716 2172 Dominus

2133 2222 2153 2256 ι
2193 2205 2399 2276 Spiritu
2437 2216 2628 2264 sancto
2664 2218 2718 2265 et
2748 2209 2975 2278 virtute,
3019 2211 3110 2281 qui
3147 2211 3446 2266 ambulavit
3481 2211 3715 2267 benefa-

2130 2315 2149 2349 ι
2191 2297 2388 2353 οῑεηιιο
2439 2307 2495 2354 et
2534 2301 2779 2356 sanando
2822 2316 3013 2357 omnes
3057 2317 3354 2372 oppressos
3385 2318 3415 2356 a
3461 2304 3710 2368 diabolo,

2129 2406 2148 2440 ι
2192 2391 2451 2458 quoniam
2475 2388 2618 2446 Deus
2633 2400 2750 2446 erat
2782 2407 2909 2446 cum
2930 2393 3043 2448 illo.
3078 2392 3142 2446 Et
3175 2410 3273 2450 nos
3305 2403 3473 2451 testes
3509 2412 3711 2453 smnus

2131 2498 2152 2532 ‹
2191 2482 2459 2548 omnium,
2489 2499 2611 2553 quae
2636 2482 2765 2540 fecit
2791 2484 2844 2538 in
2876 2486 3098 2557 regione
3125 2484 3436 2542 Iudaeorum
3469 2496 3526 2543 et
3555 2486 3714 2543 Jero-

2129 2591 2148 2622 ι
2191 2572 2461 2643 solymis:
2513 2589 2672 2643 quem
2712 2576 3032 2632 occiderunt
3077 2593 3404 2648 suspensum
3438 2581 3489 2633 in
3539 2581 3712 2650 ligno.

2129 2679 2148 2712 ι
2190 2660 2345 2717 iiunc
2359 2662 2500 2718 Deus
2519 2667 2803 2722 suscitavit
2819 2668 2980 2723 tertio
2999 2667 3108 2735 die,
3128 2677 3181 2724 et
3199 2669 3452 2725 exhibuit
3473 2686 3627 2736 eum,
3655 2680 3713 2726 ut

2130 2771 2149 2804 ι
2193 2764 2483 2825 appareret
2512 2770 2620 2810 non
2647 2757 2796 2812 omni
2821 2759 3043 2829 populo,
3074 2758 3169 2816 sed
3201 2759 3432 2817 testibus
3455 2761 3618 2833 prius
3643 2761 3710 2818 ad

2129 2865 2149 2898 ι
2193 2847 2296 2903 hoc
2331 2845 2507 2918 aiDco
2537 2847 2790 2917 deiectis,
2819 2851 3080 2908 nimirum
3113 2852 3298 2910 nobis.
3334 2871 3356 2906 ι

2194 3020 2429 3078 Unetum
2463 3039 2588 3081 esse
2617 3023 2807 3082 Iesum
2837 3042 2868 3082 a
2901 3027 3110 3099 Spiritu
3146 3039 3360 3099 saneto,
3393 3034 3704 3090 secundum

2122 3109 2514 3169 humanitatem
2542 3114 2847 3186 intelligere
2874 3124 3110 3187 oportet.
3128 3117 3525 3188 99Quouiam
3557 3121 3705 3174 enim

449 3233 542 3271 σεν
574 3218 786 3285 ἑαυτὸν,
815 3221 912 3274 καὶ
944 3223 1337 3294 παραπλησίως
1368 3226 1498 3294 ἡμῖν
1560 3204 1821 3295 μετέσχεν
1849 3227 2017 3296 αἵμα-

2132 3204 2418 3259 exinanivit
2446 3207 2818 3277 semetipsum,
2847 3216 2899 3262 et
2930 3209 3179 3278 proxime
3203 3211 3271 3264 ad
3295 3223 3396 3266 nos
3429 3211 3704 3267 accedens

447 3325 539 3372 τος
591 3311 686 3364 καὶ
719 3311 941 3382 σαρκὸς,
978 3313 1148 3367 ταῦτα
1201 3314 1341 3386 ειπερ
1375 3315 1487 3386 ἔχει
1534 3315 1674 3368 κατά
1729 3315 1914 3384 φύσιν,
1945 3317 2017 3380 ὡς

2132 3295 2473 3366 participavit
2507 3313 2672 3353 carne
2694 3307 2748 3353 et
2769 3300 3034 3371 sanguine
3064 3317 3079 3357 :
3111 3301 3224 3355 haec
3253 3316 3374 3372 qua:
3396 3302 3702 3357 secundum

445 3401 575 3465 Θεὸς
606 3401 906 3472 λαμϐάνειν
933 3404 1154 3474 λέγεται
1203 3406 1294 3461 διὰ
1315 3407 1377 3461 τὸ
1415 3407 1773 3480 ἀνθρώπινον.
1793 3410 2020 3479 Δέχεται

443 3492 552 3562 γὰρ
577 3492 672 3563 οὐχ
703 3493 899 3565 ἑαυτῷ,
933 3495 1054 3551 καθ’
1086 3497 1115 3550 ὃ
1143 3497 1277 3562 Θεὸς
1333 3498 1503 3567 Λόγος
1555 3500 1704 3552 ἐστὶν
1757 3499 1890 3569 (ἴδια
1913 3501 2020 3573 γὰρ

440 3579 512 3654 ἦν
531 3583 742 3655 αὑτοῦ),
769 3585 884 3640 ἀλλ’
913 3589 1070 3658 ἡμῖν,
1097 3589 1173 3656 ὡς
1203 3590 1262 3644 ἐν
1287 3590 1511 3662 ἀπαρχῇ
1537 3591 1606 3644 δι’
1632 3591 1852 3650 ἑαυτοῦ.

516 3783 537 3817 ι
576 3767 784 3832 Οἰτινες
837 3767 1212 3839 συνεφάγομεν
1281 3769 1377 3823 καὶ
1426 3771 1756 3839 συνεπίομεν
1822 3771 2014 3844 αὐτῷ,

447 3876 468 3908 σ
510 3857 644 3928 μετά
678 3858 738 3912 τὸ
766 3859 1062 3930 ἀναστῆναι
1090 3860 1255 3914 αὐτὸν
1275 3861 1340 3915 ἐκ
1361 3861 1592 3934 νεκρῶν.
1625 3864 1735 3916 Καὶ
1792 3865 2011 3936 παρήγ-

445 3967 465 3999 ι
505 3949 688 4018 γειλεν
737 3951 870 4022 ἡμῖν
917 3949 1150 4023 κηρύξαι
1196 3950 1274 4023 τῷ
1338 3951 1452 4024 λαῷ
1505 3953 1599 4008 καὶ
1639 3954 2015 4028 διαμαρτύρα-

445 4059 466 4092 ι
504 4041 649 4104 σθαι,
679 4041 944 4108 ὄτιαύτός
967 4046 1114 4097 ἐστιν
1159 4045 1187 4098 6
1212 4043 1518 4116 ὡρισμένος
1566 4045 1671 4100 ύπὸ
1727 4045 1824 4101 τοῦ
1881 4045 2017 4104 Θεοῦ

445 4149 464 4184 ι
501 4132 693 4202 κριτὴς
715 4131 932 4197 ζώντων
955 4134 1051 4188 καὶ
1081 4135 1309 4206 νεκρῶν.
1350 4154 1370 4188 ι

509 4221 790 4278 Ἐντεῦθεν
819 4223 918 4297 τὴν
943 4226 1238 4281 ἀνάστασιν
1268 4225 1362 4280 τοῦ
1394 4227 1636 4298 Χριστοῦ
1677 4226 2018 4283 διαϐεϐαιοῦ-

437 4330 548 4380 ται,
577 4313 640 4367 ἐκ
700 4314 794 4369 τοῦ
823 4319 1131 4386 συμφαγεῖν
1185 4316 1334 4388 αύτῷ
1391 4316 1531 4388 μετά
1565 4319 1665 4388 τὴν
1698 4317 2014 4374 ἀνάστασιν.

439 4403 574 4457 Οὐδὲ
602 4404 714 4491 γὰρ.
739 4405 979 4490 ἀναστὰς
1003 4406 1226 4479 ἐποίησέ
1253 4425 1307 4461 τι
1341 4410 1567 4479 σημεῖον
1596 4424 1610 4438 ·
1650 4407 1791 4479 αὕτη
1829 4411 1936 4482 γὰρ
1972 4412 2007 4482 ἠ

2123 3397 2375 3444 naturam
2395 3390 2580 3456 habet,
2603 3401 2662 3446 ut
2681 3389 2825 3446 Deus
2854 3393 3101 3463 accipere
3125 3393 3328 3448 dicitur
3354 3403 3582 3465 propter
3608 3397 3705 3450 hu-

2123 3483 2461 3538 manitatem.
2510 3483 2725 3552 Accipit
2771 3499 3028 3554 namque,
3077 3501 3185 3540 non
3227 3486 3354 3551 sibi,
3394 3487 3700 3542 secundum

2121 3573 2268 3644 quod
2302 3572 2447 3630 Deus
2496 3573 2729 3629 Verbmu
2761 3584 2847 3631 est
2874 3575 3022 3647 (nam
3065 3578 3283 3648 propria
3317 3578 3464 3633 illius
3493 3579 3700 3648 erant),

2121 3668 2215 3722 sed
2249 3667 2427 3734 nobis,
2453 3676 2709 3739 tanquam
2742 3670 2796 3723 in
2832 3669 3092 3739 primitiis
3129 3684 3224 3740 per
3252 3671 3521 3741 seipsum.

2190 3757 2262 3825 X,
2295 3759 2482 3814 41-42.
2513 3778 2534 3813 ι
2576 3759 2678 3827 Qui
2713 3761 3058 3818 comedimus
3082 3775 3146 3816 ac
3175 3761 3413 3818 bibimus
3439 3777 3548 3817 una
3577 3777 3700 3817 cum

2126 3869 2146 3905 ι
2188 3850 2325 3921 ipso,
2359 3861 2650 3922 postquam
2680 3853 2981 3908 resurrexit
3006 3868 3036 3906 a
3062 3853 3318 3910 mortuis.
3344 3853 3409 3908 Et
3440 3855 3698 3925 praecepit

2130 3959 2150 3996 ι
2196 3935 2377 4008 nobis,
2413 3952 2473 3999 ut
2496 3944 2923 4014 praedicaremus
2959 3945 3160 4017 populo
3191 3961 3254 4001 ac
3278 3946 3698 4003 testiﬁcaremur

2126 4055 2145 4089 ι
2187 4035 2334 4107 quod
2354 4037 2471 4108 ipse
2495 4037 2567 4092 sit
2597 4037 2707 4103 ille,
2736 4038 2829 4107 qui
2859 4038 3195 4096 constitutus
3224 4048 3308 4095 est
3336 4054 3368 4094 a
3399 4038 3508 4095 Deo
3528 4040 3693 4112 judex

2125 4147 2145 4182 ι
2185 4129 2431 4184 vivorum
2465 4142 2529 4183 ac
2559 4136 2925 4184 mortuorum.
2961 4147 2982 4182 ›

2193 4219 2332 4275 Hinc
2353 4219 2556 4276 Christi
2592 4221 3047 4278 resurrectionem
3074 4220 3381 4286 conﬁrmat,
3401 4220 3546 4292 quod
3571 4235 3692 4275 cum

2117 4325 2183 4366 eo
2215 4321 2338 4382 post
2369 4313 2828 4368 resurrectionem
2860 4315 3216 4370 comederint.
3249 4313 3436 4384 Neque
3476 4315 3620 4369 enim
3663 4329 3691 4366 a

2116 4405 2525 4460 resurrectione
2568 4404 2696 4459 fecit
2727 4406 2946 4475 aliquod
2991 4407 3206 4475 signum
3250 4425 3264 4461 :
3299 4407 3417 4477 ipsa
3458 4419 3692 4476 namque

436 4487 731 4561 ἀνάστασῖς
759 4487 904 4568 μέγα
930 4500 1154 4569 σημεῖον
1176 4493 1265 4569 ἧν.
1287 4498 1514 4571 εΤαύτης
1529 4499 1588 4554 δὲ
1617 4499 1768 4555 οὐδὲν
1792 4501 2015 4572 σημεῖον

2132 4495 2450 4551 resurrectio
2493 4511 2748 4567 magnum
2819 4506 2937 4551 erat
2977 4498 3217 4568 signum,
3271 4497 3688 4555 resurrectionis

434 4577 504 4657 ἦν
534 4585 609 4651 ὡς
635 4585 696 4640 τὸ
726 4589 919 4657 φαγεῖν
943 4589 1037 4644 καὶ
1068 4590 1232 4646 πιεῖν.
1259 4639 1261 4641 ,

515 4779 535 4814 ι
572 4761 764 4834 Τούτῳ
790 4764 991 4830 πάντες
1014 4764 1066 4820 oi
1093 4766 1372 4838 προφῆται
1408 4769 1781 4841 μαρτυροῦσιν
1817 4771 2011 4842 ἄφεσιν

442 4872 462 4906 ι
505 4853 790 4925 ἁμαρτιῶν
815 4856 1002 4911 λαϐεῖν
1028 4858 1116 4912 διὰ
1135 4859 1230 4912 τοῦ
1257 4859 1522 4932 ὀνόματος
1577 4861 1743 4916 αὑτοῦ
1811 4863 1996 4918 πάντα

440 4962 461 4996 ι
495 4943 586 4998 τὸν
610 4947 933 5002 πιστεύοντα
967 4951 1046 5014 είς
1076 4951 1260 5008 αὐτόν.
1294 4971 1314 5005 ι

507 5037 684 5104 Ὅσοι,
738 5041 893 5112 φησὶ,
934 5046 1212 5114 προφῆται
1254 5044 1524 5117 ἐλάλησαν
1553 5047 1685 5120 περὶ
1711 5048 2003 5121 ἁμαρτιῶν

432 5127 700 5197 ἀφέσεως,
728 5131 788 5186 ὲν
812 5132 986 5204 τούτῳ
1017 5134 1094 5206 τῷ
1125 5135 1301 5207 Ἰησοῦ
1335 5132 1488 5192 εἶπον
1521 5139 1692 5204 αύτάς
1721 5139 2002 5212 ἀφίεσθαι.

433 5219 593 5275 Οῦτω
623 5222 717 5277 καὶ
759 5221 1011 5290 Ἡσαΐας,
1043 5226 1104 5280 τὸ
1139 5227 1306 5283 αὑτοῦ
1358 5229 1629 5302 εἰσφέρων
1687 5233 2002 5303 πρόσωπον,

2039 4563 2093 4624 Ῐ)
2121 4596 2299 4641 autem
2329 4587 2538 4642 nullum
2567 4563 2672 4643 tale
2705 4589 2918 4660 signum
2947 4563 3084 4658 erat,
3112 4589 3271 4661 quale
3299 4599 3383 4647 est
3407 4591 3590 4647 edisse
3628 4605 3689 4642 ac

2117 4679 2345 4735 bibisse.

2187 4769 2258 4836 Χ,
2289 4771 2378 4826 45.
2421 4788 2441 4822 ι
2487 4769 2622 4826 liuic
2662 4786 2854 4828 omnes
2887 4772 3164 4844 propheta!
3203 4774 3573 4830 testimonium
3608 4772 3689 4828 fe-

2117 4881 2137 4916 ι
2180 4875 2373 4920 cerunt
2396 4864 2540 4935 quod
2575 4864 2952 4919 remissionem
2989 4875 3336 4934 peccatorum
3359 4875 3685 4937 accepturus

2119 4975 2138 5010 ι
2180 4957 2251 5011 sit
2281 4973 2375 5026 per
2403 4972 2621 5012 omnem
2655 4956 2775 5026 ejus
2807 4959 3059 5027 quisquis
3089 4957 3264 5014 credit
3295 4959 3347 5012 in
3378 4960 3577 5030 ipsum.
3623 4977 3642 5011 ι

2182 5051 2479 5119 Quotquot,
2511 5049 2711 5118 inquit,
2733 5049 3007 5118 prophetm
3034 5051 3200 5105 locuti
3229 5061 3357 5106 sunt
3385 5051 3452 5106 de
3481 5066 3680 5120 pecca-

2113 5147 2297 5195 torum
2329 5141 2676 5203 remissione,
2704 5156 2800 5211 per
2828 5140 2973 5196 hunc
3004 5141 3190 5198 Jesum
3228 5143 3486 5199 dixerunt
3517 5159 3576 5199 ea
3603 5157 3682 5196 re-

2112 5235 2277 5289 mitti.
2329 5233 2420 5289 Sic
2457 5240 2511 5289 et
2554 5233 2745 5298 Isaias,
2785 5243 3068 5304 assumpta
3111 5235 3232 5305 ejus
3263 5251 3517 5305 persona,
3550 5236 3624 5289 ait
3661 5252 3675 5288 :

433 5307 612 5380 λέγει’
651 5331 670 5365 ι
708 5311 849 5383 Ἐγώ
875 5315 992 5387 είμι
1021 5316 1370 5389 όέξαλείφων
1417 5321 1518 5387 τάς
1566 5321 1845 5394 ἁμαρτίας
1885 5343 2004 5392 σου,

2169 5325 2280 5394 Ego
2327 5339 2470 5391 sum,
2512 5325 2606 5395 qui
2637 5324 2792 5381 deleo
2834 5325 3156 5398 iniquitates
3198 5334 3342 5393 tuas,
3377 5334 3431 5382 et
3459 5334 3677 5398 peccata

431 5405 527 5459 καὶ
550 5404 649 5470 τὰς
675 5407 905 5478 ἀνομίας
934 5427 1048 5465 σου.
1083 5429 1103 5464 ι

507 5516 526 5551 ι
570 5499 690 5553 Ἔτι
725 5501 1011 5568 λαλοῦντος
1043 5503 1137 5560 τοῦ
1177 5507 1384 5581 Πέτρου
1426 5510 1495 5564 τὰ
1541 5513 1763 5584 ῥήματα
1807 5509 2003 5579 ταῦτα,

439 5608 458 5643 ι
499 5591 733 5645 ἐπέπεσε
790 5593 852 5647 τὸ
910 5595 1136 5668 Πνεῦμα
1185 5599 1247 5654 τὸ
1280 5601 1435 5670 ἀγιον
1474 5604 1566 5656 ἐπὶ
1625 5605 1834 5667 πάντας
1874 5603 2002 5667 τοὺς

434 5701 455 5739 ι
493 5684 791 5752 ἀκούοντας
812 5687 902 5742 τὸν
928 5689 1085 5760 λόγον
1108 5709 1122 5724 ·
1148 5694 1242 5750 καὶ
1276 5695 1570 5770 ἐξέστησαν
1600 5699 1646 5752 οἱ
1689 5699 1750 5750 ὲκ
1782 5714 1999 5766 περιτο-

502 5865 548 5898 ⁹³
579 5866 679 5923 lsa.
710 5884 858 5936 um,
879 5870 969 5926 25.

2103 5425 2198 5472 tua
2224 5417 2292 5469 ³³.
2330 5434 2349 5469 ι

2175 5509 2245 5575 Χ,
2294 5508 2488 5564 4448.
2535 5527 2554 5561 ι
2591 5507 2837 5578 Cumque
2879 5507 3058 5564 adhuc
3113 5509 3430 5580 loqueretur
3486 5510 3672 5564 Petrus

2109 5619 2129 5654 ι
2171 5599 2333 5655 verba
2364 5601 2500 5665 hate,
2532 5599 2758 5670 illapsus
2778 5608 2862 5655 est
2888 5598 3127 5670 Spiritus
3155 5612 3379 5657 sanctus
3411 5603 3463 5656 in
3485 5614 3672 5654 omnes

2112 5714 2130 5745 ι
2170 5693 2260 5765 qui
2292 5692 2583 5750 audiebant
2613 5708 2952 5750 sermonem:
2977 5700 3030 5751 et
3058 5692 3464 5766 obstupuerunt
3495 5695 3546 5749 hi
3578 5691 3666 5764 qui
