4024 6542
517 366 620 430 195

1608 368 2009 428 (ECUMENII
2057 367 2341 430 ΤΒΙΟΕίΕ
2368 369 2710 432 EPISCOPI

3669 371 3760 437 196

510 495 702 535 omnes
732 493 1024 533 numerum
1085 477 1363 535 sexdecim
1391 475 1762 531 constituunt.
1795 473 1915 529 Non
1971 483 2093 529 erat

2203 476 2425 546 Πέτρος,
2475 477 2588 530 ἀλλ’
2623 477 2902 544 ἐκάθευδε,
2934 477 2995 532 τὸ
3043 481 3150 535 πᾶν
3203 479 3363 550 ῥίψας
3409 482 3504 535 ἐπ’).
3538 483 3625 536 τδν
3656 485 3755 537 Κύι

511 571 708 626 Petrus
766 571 822 624 in
889 570 1144 640 angustia
1205 576 1297 624 aut
1359 569 1575 632 tiuzore,
1630 567 1724 622 sed
1785 567 2092 621 dormiebat

513 665 662 718 omni
699 665 916 734 negotio
947 666 1002 719 in
1052 664 1220 717 Deum
1253 660 1478 731 reiecto.
1521 659 1661 716 Dicit
1691 670 1872 715 autem
1913 661 2095 714 lumen

513 756 820 821 refulsisse,
878 766 934 810 ut
1000 765 1054 809 et
1110 754 1320 808 videret
1362 761 1416 807 et
1471 753 1690 806 audiret
1745 753 1958 816 l‘etrus,
1997 766 2097 806 nec

513 846 835 912 phantasma
870 857 991 896 esse
1025 841 1387 895 existimaret.
1421 839 1575 905 Quod
1611 854 1740 895 vero
1769 840 1842 893 ait
1887 856 1899 893 :
1936 855 1954 888 ι
1993 835 2096 891 Ve-

514 937 726 998 lociter,
765 953 783 986 ι
848 949 957 988 non
1020 931 1408 988 tumultuantis
1463 941 1568 997 est,
1655 931 1748 986 sed
1815 929 2100 986 suadentis

2207 583 2340 635 ριον.
2375 567 2623 637 Ἔλαμψε
2649 567 2728 630 δὲ,
2761 569 2945 638 φησὶν,
2968 569 3107 623 ὥστε
3142 571 3236 624 καὶ
3265 571 3390 625 ίδεῖν
3424 573 3518 625 καὶ
3543 573 3759 627 ἀκοῦσαι

2204 655 2294 709 τὸν
2331 657 2554 727 Πέτρον,
2585 659 2677 710 καὶ
2706 658 2782 728 μὴ
2827 663 3049 726 νομίσαι
3081 661 3383 728 φαντασίαν
3411 657 3572 718 εἶναι.
3618 663 3758 717 Τδδέ

2213 763 2231 796 ι
2277 747 2333 796 ἐν
2382 745 2535 815 τάχει
2573 765 2592 798 ι
2631 747 2691 798 οὐ
2743 747 3123 818 θορυϐοῦντος,
3171 748 3307 804 ἀλλὰ
3366 750 3643 814 πείθοντος
3693 754 3759 824 μὴ

2206 836 2620 891 ἀναϐάλλεσθαι.
2667 838 2808 909 Ὅρα
2836 840 2894 894 δὲ
2925 842 3051 904 τοὺς
3095 841 3379 905 Ἰουδαίους
3403 845 3463 896 ἐν
3493 846 3610 907 ταῖς
3637 847 3762 915 ἡμέ-

2212 946 2333 999 ραις
2355 928 2462 981 τῶν
2515 929 2766 1002 ’Λζύμων
2799 932 3021 986 τοιαῦτα
3047 933 3407 1006 πράττοντας.

513 1028 880 1082 cunctandum
913 1042 1021 1080 non
1047 1042 1190 1082 esse.
1222 1027 1356 1082 Vide
1397 1035 1577 1080 autem
1608 1027 1789 1096 qualia
1841 1032 2139 1095 operentur
2166 1021 2339 1078 Judaei
2374 1024 2425 1078 in
2485 1023 2680 1080 diebus
2733 1026 3091 1097 Azymorum.

589 1120 880 1192 106x“,
909 1121 1057 1176 8—H.
1080 1141 1097 1173 ι
1126 1120 1190 1174 Ει
1216 1122 1292 1175 ait
1315 1122 1392 1175 illi
1417 1119 1733 1176 :Circumda
1757 1120 1848 1174 tibi
1873 1120 2094 1189 pallium

521 1236 540 1268 ι
576 1227 725 1270 tuum
751 1224 805 1268 ct
823 1229 1054 1285 sequere
1079 1231 1183 1269 me.
1208 1213 1272 1268 Et
1290 1215 1479 1270 exiens
1503 1213 1837 1282 sequebatur
1855 1200 1980 1266 eum
2011 1219 2097 1266 :et

523 1328 542 1361 ι
582 1308 863 1364 nesciebat
887 1309 1032 1378 quod
1060 1323 1247 1362 verum
1273 1317 1418 1362 esset
1442 1309 1493 1360 id
1517 1307 1662 1376 quod
1694 1307 1856 1361 ﬁebat
1881 1321 1974 1376 per
2001 1319 2098 1359 an-

521 1419 539 1451 ι
576 1401 780 1471 gelum,
827 1401 922 1456 sed
961 1401 1189 1471 putabat
1222 1415 1281 1455 se
1315 1401 1490 1454 visum
1523 1399 1726 1454 videre.
1756 1398 1890 1452 Cum
1918 1407 2096 1451 autem

522 1513 541 1545 ι
579 1493 956 1564 praeterissent
1008 1495 1242 1564 primam
1278 1507 1341 1546 ac
1403 1493 1701 1547 secundam
1763 1488 2099 1552 custodiam,

522 1602 541 1636 ι
581 1592 849 1638 venerunt
877 1585 942 1638 ad
977 1591 1189 1653 portam
1223 1581 1479 1647 ferream,
1514 1597 1635 1651 qua:
1671 1581 1823 1634 ducit
1884 1580 1939 1633 in
1973 1579 2105 1632 civi-

521 1693 540 1726 ι
577 1682 766 1740 tatem,
791 1691 912 1746 quae
935 1676 1084 1730 ultro
1109 1683 1295 1745 aperta
1321 1686 1402 1728 est
1424 1675 1524 1730 eis.
1554 1671 1806 1742 Cumque
1833 1673 2099 1736 exissent,

521 1785 542 1818 ι
581 1777 966 1837 processerunt
993 1767 1176 1822 vicum
1205 1782 1398 1826 ιιιιιιιυ,
1435 1777 1489 1818 et
1541 1766 1810 1821 continuo
1842 1764 2102 1818 discessit

2281 1137 2299 1170 ι
2336 1120 2642 1190 Περιϐαλοῦ
2690 1123 2749 1175 τὸ
2788 1123 3005 1192 ίμάτιόν
3038 1141 3152 1188 σου,
3189 1124 3284 1178 καὶ
3337 1123 3620 1178 ἀκολούθει
3662 1144 3763 1195 μοι.

2211 1227 2229 1260 ι
2270 1211 2378 1263 Καὶ
2425 1212 2655 1278 ἐξελθὼν
2687 1215 2969 1283 ἠκολούθει
3015 1215 3184 1286 αὐτῷ.
3234 1217 3344 1270 Καὶ
3390 1217 3492 1270 οὐκ
3537 1216 3648 1288 ᾔδει
3691 1220 3764 1273 ὅτι

2212 1320 2230 1353 ι
2273 1303 2468 1374 ἀληθές
2491 1306 2607 1359 ἐστι
2643 1306 2702 1359 τὸ
2742 1307 3027 1379 γινόμενον
3054 1308 3142 1362 διὰ
3167 1308 3258 1362 τοῦ
3295 1309 3531 1377 ἀγγέλου
3557 1325 3568 1338 ·
3605 1309 3766 1364 ἐδόκει

2212 1415 2230 1444 ι
2272 1393 2328 1446 δὲ
2355 1394 2538 1466 ὅραμα
2579 1396 2817 1467 βλέπειν.
2855 1399 3165 1465 Διελθόντες
3190 1400 3245 1454 δέ
3283 1400 3506 1471 πρώτην
3535 1401 3765 1474 φυλακὴν

2209 1503 2226 1538 ι
2266 1489 2358 1539 καὶ
2389 1487 2666 1562 δευτέραν,
2710 1487 2874 1564 ἦλθον
2912 1493 3005 1547 ἐπὶ
3046 1494 3144 1562 τὴν
3191 1494 3365 1566 πύλην
3399 1495 3497 1566 τὴν
3533 1495 3762 1566 σιδηρᾶν,

2209 1594 2226 1628 ι
2267 1578 2368 1648 τὴν
2396 1582 2670 1652 φέρουσαν
2710 1587 2788 1647 είς
2818 1585 2915 1656 τὴν
2963 1584 3136 1651 πόλιν,
3165 1585 3285 1657 ἥτις
3313 1587 3598 1657 αὐτομάτη
3631 1590 3758 1657 ὴνοίο

2211 1693 2229 1724 ι
2265 1675 2370 1746 χθη
2433 1676 2638 1740 αὑτοτς.
2695 1679 2804 1732 Καὶ
2859 1678 3168 1745 ἐξελθόντες
3225 1679 3533 1752 προσῆλθον
3598 1680 3764 1753 ῥύμην

2207 1784 2226 1816 ι
2266 1765 2417 1834 μίαν,
2471 1767 2566 1820 καὶ
2611 1767 2818 1832 εὐθέως
2853 1769 3064 1840 ἀπέστη
3110 1770 3138 1822 ό
3186 1769 3420 1839 ἄγγελος
3450 1771 3545 1823 ἀπ’
3590 1772 3762 1826 αὐτοῦ.

518 1875 541 1912 ι
574 1859 803 1928 angelus
853 1860 920 1914 ab
952 1874 1040 1914 eo.
1077 1859 1141 1914 Et
1175 1858 1368 1914 Petrus
1407 1857 1473 1913 ad
1501 1873 1562 1912 se
1611 1872 1897 1919 reversus,
1929 1857 2096 1910 dixit:

2210 1874 2229 1908 ι
2274 1859 2383 1911 Καὶ
2407 1860 2434 1912 ὁ
2465 1860 2669 1931 Πέτρος
2698 1860 2989 1932 γενόμενος
3016 1864 3074 1915 ἐν
3102 1862 3302 1934 ἐαυτῷ,
3334 1859 3490 1916 εἶπεν
3528 1863 3637 1917 Νῦν
3661 1859 3766 1918 οἶδα

520 1969 540 2002 ι
577 1949 738 2006 Nunc
769 1953 884 2007 scio
910 1967 1036 2008 vere
1062 1953 1208 2022 quod
1251 1952 1464 2006 miserit
1519 1951 1787 2004 Dominus
1849 1951 2102 2018 angelum

520 2062 544 2096 ι
572 2060 756 2111 suum,
781 2055 838 2100 et
874 2046 1138 2116 eripuerit
1166 2061 1252 2099 me
1281 2044 1348 2099 de
1377 2059 1539 2097 manu
1571 2041 1807 2098 Herodis
1843 2046 2104 2111 omnique

518 2153 540 2190 ι
575 2135 983 2205 exspectatione
1011 2136 1181 2206 plebis
1207 2133 1540 2189 Iudaeorum.
1581 2153 1600 2186 ι

584 2226 720 2283 Cum
752 2228 1016 2284 Dominus
1038 2227 1328 2298 discipulis
1356 2225 1576 2290 dixe-tit,
1616 2245 1635 2278 ι
1669 2223 1747 2281 Ne
1775 2224 2102 2296 possideatis

515 2334 711 2376 aurum
749 2335 929 2392 neque
961 2331 1275 2392 argentum,
1312 2334 1488 2390 neque
1523 2317 1661 2373 duas
1717 2319 1954 2382 tunicas,
2009 2333 2103 2372 ne-

517 2415 1039 2484 quecalceamenta,
1059 2428 1238 2483 neque
1259 2427 1476 2476 zonam,
1495 2427 1673 2480 neque
1703 2411 1956 2465 baculum
1978 2410 2047 2476 ”,
2075 2427 2094 2461 ι

515 2505 792 2576 quomodo
815 2505 1008 2561 Petrus
1037 2514 1231 2560 contra
1287 2503 1503 2558 Domini
1567 2502 1788 2571 jussum
1835 2501 2095 2566 faciebat,

516 2598 654 2650 duas
685 2598 902 2652 tunicas
971 2597 1200 2662 habens,
1228 2609 1534 2665 zonamque
1585 2604 1640 2648 et
1692 2593 2101 2649 calceamentai

517 2688 788 2745 Praeterea
815 2687 1016 2743 Paulus
1046 2703 1266 2758 quoque
1315 2703 1441 2742 cum
1495 2685 1786 2740 Timotheo
1843 2686 2098 2740 scribens

518 2783 839 2851 praeciperet
871 2781 914 2846 ',
939 2801 958 2828 ο
994 2781 1270 2834 Paenulam
1296 2794 1458 2850 quam
1487 2778 1680 2847 reliqui
1716 2775 1927 2832 Troade
1953 2777 2097 2846 apud

517 2873 782 2943 Carpum,
814 2872 1038 2926 veniens
1065 2870 1280 2935 δῦθι-οε,
1320 2888 1338 2922 ι
1387 2884 1514 2924 ecce
1547 2869 1812 2938 paenulam
1841 2868 2096 2934 habebat,

517 2979 620 3019 nec
680 2965 880 3034 poterit
925 2965 1199 3034 quispiam
1247 2963 1429 3017 dicere
1479 2961 1626 3032 quod
1689 2961 1919 3015 alteram
1979 2975 2088 3014 non

518 3056 775 3110 habuerit
828 3071 992 3125 quam
1050 3055 1320 3126 gestabat.
1386 3055 1469 3106 An
1517 3067 1649 3122 ergo
1699 3052 1922 3106 Christo
1981 3066 2092 3107 non

517 3148 736 3218 paruit?
793 3146 934 3213 Quid
976 3149 1140 3218 igitur
1182 3145 1476 3201 dicendum
1500 3145 1628 3201 est?
1681 3144 1959 3214 Praecepta
1999 3143 2093 3197 illa

516 3255 624 3295 non
657 3255 891 3311 semper,
933 3239 1028 3295 sed
1084 3239 1150 3293 ad
1203 3249 1417 3309 tempus
1469 3237 1742 3293 servanda
1791 3235 2088 3292 dabantur.

516 3329 672 3398 Quod
701 3338 882 3383 autem
924 3329 1029 3384 hoc
1059 3342 1247 3385 verum
1277 3328 1371 3392 sit,
1407 3325 1587 3381 Lucas
1643 3325 1977 3394 evangelista
2020 3333 2094 3382 te-

523 3431 723 3477 statur.
750 3421 839 3475 Ait
867 3422 1009 3476 enim
1030 3419 1310 3476 Christum
1339 3419 1548 3475 dixisse
1574 3415 2097 3489 discipulis:Quan-

515 3514 588 3569 do
639 3513 766 3568 misi
818 3527 917 3567 vos
943 3515 964 3545 ⁸
997 3531 1016 3564 ι
1078 3513 1200 3567 sine
1245 3512 1441 3568 loculis
1491 3519 1547 3566 et
1581 3525 1710 3582 pera
1747 3523 1991 3580 nonaque
2031 3524 2095 3566 ac

516 3607 929 3672 calceamentis,
949 3618 970 3657 ν
991 3620 1120 3660 num
1153 3603 1356 3674 aliquid
1379 3603 1552 3659 deluit
1573 3602 1762 3659 vobis?
1779 3601 1949 3658 Aiunt
1978 3601 2050 3656 illi
2075 3617 2090 3657 :

514 3695 683 3750 Nihil.
710 3696 853 3750 Dicit
897 3705 1077 3750 autem
1105 3695 1227 3750 eis:
1281 3695 1451 3765 Igitur
1496 3695 1753 3765 deinceps
1790 3695 2091 3764 possidete.

521 3785 720 3843 Verum
755 3803 918 3856 quam
952 3786 1026 3842 ob
1053 3801 1277 3842 causam
1310 3785 1364 3840 id
1395 3796 1526 3842 tunc
1551 3785 1929 3858 praeceperat?
1984 3785 2094 3841 Vo-

518 3881 638 3936 lens
667 3880 966 3950 potentiam
999 3892 1156 3935 suam
1209 3878 1524 3935 ostendere.
1577 3879 1851 3935 Caeterqu
1871 3879 1920 3934 si
1958 3877 2095 3934 Pau-

516 3975 629 4028 lum
669 3971 888 4026 unicam
917 3971 1160 4026 tunicam
1185 3971 1386 4028 habere
1411 3972 1678 4042 oportuit,
1702 3971 1748 4027 si
1773 3971 1920 4025 illam
1946 3971 2095 4025 lava-

516 4081 578 4122 re
626 4065 1008 4132 conveniebat,
1065 4080 1136 4119 an
1211 4065 1420 4120 nudo
1460 4066 1610 4120 domi
1667 4064 1862 4120 sedere
1916 4066 2092 4134 ipsum

515 4161 874 4229 oportuisset,
903 4165 1000 4211 aut
1027 4157 1235 4212 nudum
1262 4156 1557 4210 circumire
1591 4171 1657 4210 ac
1697 4157 2006 4209 verecunde
2035 4168 2094 4207 se

517 4266 705 4323 gerere
772 4258 1006 4306 vocante
1051 4249 1426 4304 necessitate?
1459 4247 1578 4302 Non
1623 4247 1869 4318 oportuit
1912 4249 2095 4316 itaque

516 4345 770 4408 Paulum,
810 4343 910 4414 qui
949 4354 1176 4414 propter
1205 4349 1286 4396 tot
1308 4341 1566 4412 praeclara
1629 4341 1876 4394 facinora
1931 4349 2090 4394 mun-

515 4439 645 4493 dum
677 4436 1026 4501 circumibat,
1081 4437 1152 4492 ob
1182 4437 1332 4507 pallii
1357 4437 1716 4506 indigentiam
1767 4437 1914 4490 domi
1945 4436 2094 4492 desi-

2212 1967 2231 2001 ι
2270 1949 2502 2022 ἀληθῶς,
2537 1951 2620 2004 ὅτι
2663 1951 3014 2019 ἐξαπέστειλε
3045 1953 3249 2026 Κύριος
3287 1955 3378 2009 τὸν
3418 1956 3644 2025 ἄγγελον
3677 1958 3763 2009 αὑ.

2207 2060 2229 2094 ι
2267 2041 2383 2110 τοῦ,
2417 2043 2510 2096 καὶ
2539 2043 2774 2108 ἐξείλετό
2811 2062 2878 2114 με
2924 2047 2990 2100 ἐκ
3034 2047 3217 2116 χειρὸς
3257 2047 3526 2119 Ἡρώδου,
3556 2050 3647 2102 καὶ
3672 2048 3765 2103 πά-

2209 2151 2228 2185 ι
2269 2149 2368 2204 σης
2391 2135 2489 2204 τῆς
2552 2133 2882 2206 προσδοκίας
2914 2137 3008 2190 τοῦ
3038 2136 3167 2191 λαοῦ
3210 2136 3318 2191 τῶν
3363 2137 3646 2194 Ἰουδαίων.
3680 2159 3697 2192 ι

2272 2225 2377 2279 Τοῦ
2436 2227 2642 2298 Κυρίου
2698 2231 2942 2293 εἰπόντος
2995 2233 3109 2294 τοῖς
3155 2231 3448 2303 μαθηταῖς,
3484 2251 3502 2284 ι
3533 2233 3620 2304 Μὴ
3647 2235 3766 2304 κτή-

2205 2317 2371 2387 σησθε
2416 2319 2618 2389 χρυσὸν
2676 2320 2810 2392 μηδέ
2861 2320 3125 2396 ἄργυρον,
3191 2322 3328 2393 μηδέ
3375 2322 3472 2376 δύο
3523 2323 3762 2394 χιτῶνας,

2205 2409 2340 2480 μηδέ
2369 2410 2712 2483 ὑποδήματα,
2759 2411 2894 2484 μηδέ
2930 2412 3128 2484 ζώνην,
3156 2414 3293 2486 μηδέ
3348 2414 3569 2486 ράὅδον,
3606 2433 3623 2466 ι
3661 2415 3764 2480 πῶς

2199 2503 2227 2554 ὁ
2257 2502 2463 2572 Πέτρος
2495 2505 2647 2574 παρὰ
2693 2503 2753 2558 τὸ
2793 2505 3123 2576 πρόσταγμα
3168 2507 3368 2574 ἐποίει,
3421 2507 3559 2578 ἔχων
3593 2507 3765 2578 ἱμάτια

2201 2593 2293 2644 καὶ
2327 2591 2504 2659 ζώνην
2547 2595 2644 2648 καὶ
2693 2594 3053 2666 ὑποδήματα;
3094 2597 3213 2651 Ἔτι
3261 2597 3449 2652 δὲκαὶ
3495 2599 3523 2651 ὁ
3575 2598 3764 2661 Παῦλος

2200 2683 2328 2737 ὅταν
2355 2687 2709 2758 παραγγέλλῃ
2740 2687 2990 2760 Τιμοθέῳ
3023 2687 3271 2758 γράφων,
3304 2689 3410 2742 Τὸν
3443 2688 3690 2760 φαιλόνην
3714 2689 3764 2741 ὃν

2199 2775 2466 2830 ἀπέλιπον
2502 2779 2560 2831 ἐν
2592 2778 2808 2848 Τρωάδι
2839 2780 2991 2851 παρὰ
3025 2781 3261 2851 Κάρπῳ,
3293 2780 3589 2851 ἐρχόμενος
3619 2779 3761 2849 φέρε,

2202 2869 2310 2922 ἰδοὺ
2352 2871 2610 2943 φαιλόνην
2665 2869 2832 2944 εἶχεν,
2901 2872 2995 2927 καὶ
3035 2873 3136 2928 οὐκ
3183 2874 3250 2928 ἂν
3288 2873 3402 2944 ἔχοι
3448 2890 3532 2936 τις
3584 2874 3762 2936 εἰπεῖν,

2197 2957 2279 3010 ὅτι
2306 2961 2398 3012 καὶ
2424 2959 2610 3033 ἕτερον
2633 2962 2734 3015 οῦκ
2766 2959 2911 3033 εἶχεν
2939 2961 2999 3015 δν
3049 2963 3253 3034 ἐφόρει.
3275 2959 3428 3034 *Λρα
3461 2963 3762 3033 παρήκουσε

2194 3049 2290 3104 τοῦ
2321 3052 2596 3123 Χριστοῦ;
2630 3055 2694 3106 Τί
2734 3053 2827 3108 οῦν
2862 3056 3048 3120 ἐστιν;
3084 3057 3162 3109 Τά
3198 3056 3551 3127 ἐπιτάγματα
3595 3046 3762 3109 ἐκείνα

2198 3142 2336 3213 πρὸς
2365 3145 2555 3217 καιρὸν
2600 3140 2687 3216 ἦν,
2723 3147 2818 3198 καὶ
2849 3147 2910 3199 οὐ
2954 3147 3044 3200 διὰ
3072 3147 3291 3210 παντός.
3325 3147 3454 3200 Ὀτι
3483 3147 3538 3199 δέ
3582 3144 3761 3216 ἀληθές

2197 3235 2334 3301 ἐστι,
2365 3237 2579 3300 Λουκᾶς
2599 3239 2626 3290 ό
2653 3238 3041 3310 εὐαγγελιστὴς
3087 3242 3374 3310 μαρτυρεῖ.
3401 3241 3540 3310 Φησὶ
3563 3241 3667 3308 γὰρ
3692 3240 3762 3291 εί·

2203 3328 2431 3398 ρηκέναι
2464 3328 2557 3383 τὸν
2581 3329 2817 3400 Χριστὸν
2840 3332 2952 3394 τοῖς
2982 3331 3254 3401 μαθηταῖς
3279 3347 3292 3362 ·
3327 3332 3462 3386 Ὀτε
3488 3330 3761 3384 ἀπέστειλα

2203 3420 2351 3491 ὑμᾶς
2391 3439 2411 3474 t
2448 3420 2581 3494 ἄτερ
2622 3421 2933 3493 βαλαντίου,
2977 3426 3071 3477 καὶ
3100 3425 3304 3494 πήρας,
3337 3425 3434 3478 καὶ
3456 3425 3647 3497 ζώνης,
3679 3424 3760 3477 καὶ

2200 3514 2583 3586 ὑποδημάτων,
2621 3533 2641 3568 ι
2703 3514 2777 3585 μή
2836 3532 2888 3568 τι
2941 3517 3242 3588 ὑστέρησεν
3304 3518 3468 3590 ὑμῖν;
3517 3519 3759 3586 Λέγουσιν

2199 3606 2372 3678 αὐτῷ.
2392 3604 2488 3660 Οὔ.
2520 3607 2759 3671 Λέγειδέ
2783 3608 2967 3670 αὐτοῖς
2986 3625 2999 3639 ’
3025 3609 3234 3663 Οὐκοῦν
3260 3608 3451 3665 λοιπὸν
3478 3610 3757 3682 κτήσασθε.

2198 3697 2355 3759 Τίνος
2401 3697 2459 3750 δὲ
2504 3697 2692 3752 ἕνεκεν
2729 3700 2887 3752 τοῦτο
2928 3699 3048 3752 τότε
3081 3700 3347 3768 ἐπέταξε;
3399 3704 3513 3772 Τὴν
3545 3703 3755 3771 δύναμιν

2197 3790 2362 3846 αὑτοῦ
2397 3790 2567 3856 δεῖξαι
2607 3791 2953 3863 βουλόμενος.
2993 3795 3055 3848 Εἰ
3083 3795 3266 3848 τοίνυν
3305 3796 3416 3851 ἔδει
3447 3798 3544 3851 ἕνα
3570 3797 3755 3869 χιτῶνα

2197 3882 2341 3952 ἔχειν
2373 3881 2604 3947 Παῦλον,
2653 3884 2703 3936 εί
2739 3883 2960 3939 πλύνειν
2995 3886 3161 3940 αὐτὸν
3199 3886 3330 3954 ἔδει,
3377 3891 3582 3960 γυμνὸν
3610 3889 3757 3943 αὑτὸν

2196 3973 2366 4045 ἐχρῆν
2401 3976 2540 4028 οἴκοι
2567 3974 2862 4044 καθῆσθαι,
2890 3977 2922 4047 ἢ
2953 3979 3159 4049 γυμνὸν
3194 3982 3469 4048 περιιέναι
3493 3982 3584 4034 καὶ
3607 3983 3758 4050 ἀσχη-

2201 4067 2383 4135 μονεῖν
2413 4066 2602 4136 χρείας
2633 4067 2939 4140 καλοῦσης,
2992 4074 3107 4124 Οὐκ
3153 4070 3262 4124 ἔδει
3289 4073 3576 4144 τοιγαροῦν
3624 4072 3756 4125 Παῦ·

2196 4153 2285 4206 λον
2352 4156 2446 4207 ἐπὶ
2511 4155 2787 4220 τοσούτοις
2848 4159 3238 4230 κατορθώμασι
3315 4164 3596 4232 περιιόντα
3667 4162 3756 4231 τὴν

2193 4252 2521 4323 οἰκουμένην
2591 4251 2658 4306 δι’
2722 4254 2938 4325 ἱματίου
2993 4255 3203 4311 ἔνδειαν
3279 4256 3420 4312 οἴκοι
3481 4255 3755 4327 καθῆσθαι,

2195 4343 2292 4398 καὶ
2344 4343 2684 4414 τηλικούτοις
2742 4347 3061 4417 πράγμασιν
3119 4347 3454 4419 ἐμποδίζειν.
3502 4349 3567 4403 Τί
3611 4349 3682 4411 δὲ,
3715 4347 3756 4398 εί

2195 4439 2404 4508 κρυμὸς
2461 4439 2692 4509 ἐπετέθη
2750 4440 2999 4509 σφοδρὸς,
3044 4441 3140 4494 καὶ
3203 4443 3593 4514 κατέϐρεξενῆ
3635 4439 3759 4492 ἐπά-

515 4530 671 4596 dere,
705 4543 770 4584 ac
795 4528 1113 4599 huiusmodi
1149 4529 1317 4584 rebus
1346 4528 1626 4599 impediri.
1658 4527 1799 4594 Quid
1832 4537 2014 4583 autem
2043 4529 2088 4584 si

2200 4545 2406 4596 γωσεν;
2473 4530 2534 4582 ὃν
2592 4531 2776 4601 ἐφόρει
2849 4534 3054 4602 χιτῶνα
3122 4533 3240 4597 πῶς
3299 4533 3388 4587 ἂν
3427 4529 3756 4606 ξηραίνεσθαι

515 4625 812 4678 vehemens
845 4622 1001 4692 algor
1029 4618 1282 4690 urgeret?
1311 4622 1356 4676 si
1381 4621 1544 4676 etiam
1569 4635 1766 4691 magna
1793 4622 1976 4690 pluvia
2033 4622 2086 4675 in

515 4729 640 4772 eum
663 4716 1064 4781 descendisset,
1090 4713 1373 4785 quomodo
1432 4714 1614 4768 tunica
1638 4727 1800 4782 quam
1852 4721 2088 4783 gestaret

515 4805 786 4859 exsiccari
814 4811 1024 4875 posset,
1052 4818 1122 4858 an
1145 4818 1368 4858 rursum
1403 4812 1678 4873 oporteret
1700 4803 1904 4856 nudum
1928 4803 2086 4858 sede-

517 4893 616 4949 re?
638 4893 777 4960 Quid
806 4903 1066 4964 praeterea
1089 4893 1137 4949 si
1163 4909 1364 4964 corpus
1389 4894 1780 4963 prostravisset
1802 4893 2083 4962 t'rigus,an

515 4986 801 5040 tabescere
825 4994 1102 5056 oporteret
1118 4995 1171 5040 et
1203 5001 1312 5040 non
1347 4985 1520 5056 loqui?
1540 4984 1696 5054 107
1723 4986 1785 5037 lit
1811 4985 1940 5054 quid
1964 5001 2088 5041 esse

516 5085 702 5150 posset
743 5079 844 5132 hac
867 5094 924 5132 re
967 5078 1263 5132 miserius?
1312 5093 1487 5148 neque
1539 5094 1681 5132 enim
1736 5077 2089 5135 adamantina

516 5185 748 5240 corpora
770 5171 906 5240 ipsis
927 5169 1052 5225 data
1077 5178 1257 5224 erant.
1289 5168 1430 5236 Quid
1453 5169 1622 5241 ergo?
1655 5171 1904 5235 perirene
1928 5186 2092 5241 opor-

517 5263 699 5318 teret?
726 5263 1105 5335 Nequaquam.
1142 5262 1258 5317 Hoc
1298 5273 1502 5324 autem,
1565 5264 1708 5319 sicut
1737 5264 1944 5317 dictum
1984 5274 2091 5330 est,

2191 4615 2287 4691 ἦν;
2339 4622 2407 4673 "H
2455 4621 2618 4675 πάλιν
2680 4623 2888 4693 γυμνὸν
2970 4624 3138 4697 ἐχρῆν
3199 4625 3504 4696 messem;
3565 4624 3614 4679 τί
3665 4623 3753 4684 δὲ.

2183 4717 2234 4770 εί
2294 4715 2464 4785 ψύχος
2520 4717 2804 4771 κατέτεινε
2865 4718 2926 4771 τὸ
2969 4720 3150 4789 σῶμα,
3201 4719 3470 4790 τήκεσθαι
3529 4717 3630 4772 ἔδει
3672 4714 3756 4767 καὶ

2187 4807 2263 4878 μὴ
2293 4807 2661 4876 φθέγγεσθαι;
2721 4811 2817 4865 καὶ
2863 4811 2916 4864 τί
2973 4811 3038 4865 ἂν
3078 4815 3164 4882 εῐη
3213 4811 3404 4866 τούτου
3460 4807 3755 4882 χαλεπώτε-

2187 4916 2322 4969 ρον;
2380 4900 2503 4954 οὐδὲ
2565 4901 2678 4972 γὰρ
2729 4902 3065 4972 ἀδαμάντινα
3126 4903 3354 4975 σώματα
3406 4905 3590 4965 αὐτοῖς
3637 4913 3755 4954 κατε

2189 4991 2505 5048 ἐσκεύαστο.
2561 4994 2626 5046 Τί
2675 4992 2803 5062 οῦν;
2865 4997 3196 5052 ἀπόλλυσθαι
3244 4998 3440 5069 ἐχρῆν;
3483 4992 3749 5064 Οὐδαμῶς·

2192 5083 2367 5137 Τοῦτο
2389 5084 2466 5151 δέ,
2501 5085 2684 5150 καθὼς
2713 5087 2948 5158 εἴρηται,
2985 5091 3105 5143 τότε
3129 5091 3381 5157 ἐπέταξε,
3410 5090 3508 5161 τὴν
3537 5087 3751 5154 δύναμιν

2193 5177 2362 5230 αὑτοῦ
2392 5178 2562 5244 δεῖξαι
2592 5179 2934 5253 βουλόμενος,
2961 5183 3043 5236 ὅτι
3072 5183 3285 5246 οὐδενὸς
3318 5185 3426 5238 τῶν
3447 5178 3749 5252 ἐπιτηδείων

2193 5267 2606 5339 ὑστερήσουσιν.

516 5363 648 5412 tunc
672 5359 936 5426 iusserat,
969 5371 1125 5412 suam
1170 5357 1358 5412 volens
1415 5357 1705 5412 ostendere
1761 5359 2081 5427 potentiam,
2112 5365 2257 5431 quod
2291 5363 2439 5417 nulla
2471 5379 2531 5418 re
2572 5365 2638 5418 ad
2667 5366 2831 5419 vitam
2860 5369 3172 5423 necessaria
3193 5377 3463 5424 carerent.

587 5451 702 5516 Xll,
737 5451 922 5506 12-15.
957 5469 976 5504 ι
1021 5450 1086 5505 Et
1109 5451 1241 5506 dum
1267 5453 1654 5522 cognovisset,
1699 5454 1846 5508 venit
1875 5454 1951 5507 .ad
1991 5453 2093 5508 do-

522 5562 543 5595 ¢
581 5558 729 5596 mum
766 5543 947 5599 Maria:
975 5544 1162 5600 matris
1193 5542 1443 5608 Joannis,
1475 5545 1568 5614 qui
1606 5546 2094 5617 cognominabatur

2274 5474 2292 5508 ι
2329 5458 2562 5511 Συνιδών
2590 5475 2670 5519 τε,
2709 5455 2874 5530 ἦλθεν
2923 5463 3015 5515 ἐπὶ
3057 5462 3155 5534 τὴν
3186 5463 3364 5518 οἰκίαν
3405 5461 3619 5530 Μαρίας
3658 5454 3746 5522 τῆς

2201 5566 2218 5599 ι
2260 5551 2464 5622 μητρὸς
2506 5551 2752 5605 Ἰωάννου
2801 5553 2896 5606 τοῦ
2941 5555 3374 5626 ἐπικαλουμένου
3416 5556 3662 5624 Μάρκου,
3689 5536 3744 5598 οὗ

521 5654 542 5688 ι
578 5635 814 5700 Marcus,
833 5637 922 5690 ubi
951 5645 1108 5692 erant
1132 5637 1285 5693 multi
1314 5639 1625 5710 congregati
1647 5647 1701 5694 et
1721 5647 1962 5695 orantes.
1992 5638 2092 5695 Ubi

2201 5637 2400 5712 «ἦσαν
2450 5644 2622 5698 ἱκανοὶ
2673 5647 3122 5719 συνηθροισμένοι
3173 5650 3269 5703 καί⁵
3312 5646 3742 5721 προσευχόμενοι.

586 5782 631 5813 ⁸⁹
663 5781 852 5838 Matth.
887 5800 940 5852 ι,
967 5784 1053 5840 10.
1131 5787 1148 5818 ⁸
1183 5782 1224 5840 ll
1261 5785 1497 5853 Tim.1v,
1529 5789 1612 5843 15.
1691 5791 1710 5820 ¹
1754 5788 1886 5844 Luc.
1926 5805 2060 5855 χχιι,
2096 5791 2184 5844 55.
