4024 6550
349 427 454 488 197

1310 426 1696 487 COMMENT.
1756 426 1835 486 ΙΝ
1888 426 2078 486 ACTA
2123 425 2702 487 APOSTOLORUM.

3489 423 3599 488 19%

349 560 369 592 ι
411 539 759 612 Κρούσαντος
808 539 862 592 δὲ
907 537 999 592 τοῦ
1036 537 1242 608 Πέτρου
1283 538 1382 610 τὴν
1417 539 1588 610 θύραν
1618 539 1710 591 τοῦ
1743 536 1922 590 πυλῶ·

2040 560 2049 590 ι
2090 547 2269 593 autem
2307 540 2575 608 pulsasset
2612 537 2816 592 ostium
2867 533 3146 602 vestibuli,
3197 533 3400 606 prodiit
3433 540 3608 605 puella

343 651 364 684 ι
404 649 514 698 νος,
541 631 819 701 προσῆλθε
849 629 1103 700 παιδίσκη
1126 629 1451 696 ὑπακοῦσαι,
1480 631 1704 700 ὀνόματι
1735 629 1911 700 Ῥόδη,

342 743 366 777 ε
403 725 500 778 καὶ
521 721 820 788 ἐπιγνοῦσα
847 722 944 794 τὴν
974 725 1157 794 φωνὴν
1179 723 1272 777 τοῦ
1300 724 1534 795 Πέτρου,
1567 724 1676 776 ἀπὸ
1703 723 1798 792 τῆς
1820 740 1916 793 χα-

343 835 364 869 ι
409 819 507 888 ρᾶς
537 817 636 869 οὐκ
659 814 838 886 ἧνοιξε
859 815 952 868 τὸν
975 813 1216 879 πυλῶνα,
1247 813 1614 885 εἰσδραμοῦσα
1654 813 1708 866 δὲ
1732 815 1914 884 ἀπήγ-

347 928 368 962 r
409 909 590 978 γειλεν
611 908 840 960 ἑστάναι
862 906 953 960 τὸν
980 907 1187 978 Πέτρον
1216 905 1321 978 πρὸ
1350 905 1444 960 τοῦ
1471 905 1733 969 πυλῶνος.
1768 906 1830 958 Οί
1859 905 1917 958 δὲ

345 1019 368 1053 ι
404 1002 543 1072 πρὸς
579 1000 747 1072 αὐτὴν
781 992 954 1068 εἴπον,
994 999 1208 1072 Μαίνῃ;
1256 997 1322 1052 Ἦ
1351 999 1406 1051 δὲ
1432 997 1794 1069 διισχυρίζετο
1823 997 1917 1051 οῦ-

345 1112 366 1145 ι
403 1110 514 1157 τως
541 1093 705 1164 ἔχειν.
747 1110 768 1144 ι

413 1206 480 1259 Τί
505 1208 642 1272 ἐστι,
680 1225 696 1258 ι
733 1203 991 1272 συνιδών;
1019 1224 1037 1256 ι
1069 1205 1189 1258 Ὅτι
1210 1205 1307 1274 οὐχ
1331 1204 1516 1268 ἁπλῶς
1542 1205 1794 1258 ἀπελθεῖν
1815 1203 1914 1269 δεῖ,

340 1298 459 1352 ἀλλ’
491 1297 828 1370 ἀμείψασθαι
872 1299 962 1352 τὸν
1000 1298 1314 1369 εὐεργέτην.
1353 1317 1372 1350 ι
1411 1296 1516 1350 Τοῦ
1563 1296 1922 1366 ἐπικαλουμέ-

338 1407 432 1443 νου
483 1391 736 1462 Μάρκου.
791 1410 809 1442 ι
848 1391 966 1445 Ἵνα
994 1390 1138 1462 δείξῃ
1184 1390 1264 1444 δτι
1311 1389 1371 1444 ού
1406 1389 1498 1444 τοῦ
1530 1390 1618 1444 ἀεὶ
1669 1390 1917 1452 συνόντος

337 1484 527 1546 αὐτοῖς
567 1483 813 1538 Ἰωάννου
862 1483 959 1554 τὴν
1016 1483 1230 1554 μητέρα
1272 1483 1428 1553 φησὶ,
1480 1482 1574 1536 καὶ
1627 1481 1687 1534 τὸ
1732 1481 1913 1552 παρὰ-

344 1591 522 1646 ο-ημον
585 1574 751 1629 αὑτοῦ
807 1575 1061 1640 τέθεικε,
1115 1576 1248 1646 φησὶ
1301 1573 1448 1645 γὰρ,
1505 1595 1523 1627 ι
1567 1573 1672 1628 Τοῦ
1723 1577 1916 1628 ἐπικαο

335 1665 604 1735 λουμένου
635 1668 886 1736 Μάρκου.
922 1683 942 1717 ι
997 1660 1168 1730 Οὗτος
1218 1666 1274 1720 δὲ
1313 1662 1403 1738 ἦν,
1456 1668 1483 1720 ὁ
1534 1666 1628 1718 καὶ
1668 1664 1728 1719 τὸ
1776 1664 1918 1718 κατὰ

338 1756 568 1826 Μάρκον
602 1755 932 1826 Εὑαγγέλιον
963 1756 1440 1828 συγγραψάμενος,
1473 1757 1501 1808 δ
1535 1754 1750 1826 ἀνεψιὸς
1777 1756 1918 1826 Βαρ-

2023 651 2040 682 ι
2081 639 2136 683 ιιι
2166 631 2629 694 subauscultaret,
2663 629 2887 685 nomine
2913 627 3124 693 Rhode,
3161 638 3213 683 et
3251 630 3432 698 agnita
3478 643 3609 681 voce

2023 739 2041 772 ι
2077 720 2240 783 Petri,
2273 737 2382 791 prae
2411 723 2610 792 gaudio
2637 736 2743 776 non
2774 719 3362 790 aperuitvestibulunt,
3400 718 3494 771 sed
3526 719 3611 769 in-

2025 829 2042 862 ι
2081 818 2397 866 trocurrens
2428 812 2758 866 renuntiavit
2790 820 2934 866 stare
2957 809 3179 864 Petrum
3218 816 3342 862 ante
3371 808 3614 860 chtibu-

2025 924 2043 957 ι
2081 905 2215 960 lunt.
2246 906 2312 958 At
2341 905 2414 958 illi
2443 905 2696 958 dixerunt
2712 904 2777 959 ad
2807 919 2926 959 eam
2953 901 3228 959 :lnsanis?
3251 899 3345 954 Illa
3376 915 3502 954 vero
3533 899 3615 953 af-

2024 1011 2043 1046 ι
2087 992 2342 1049 ﬁrmabat
2389 993 2470 1047 sic
2507 1007 2565 1047 se
2596 991 2850 1046 habere.)

2097 1190 2237 1258 Quid
2255 1199 2356 1257 est,
2379 1208 2396 1240 ι
2423 1188 2550 1244 dum
2573 1187 2997 1260 cognovisset?»
3017 1186 3220 1257 Nempe
3235 1187 3378 1257 quod
3393 1202 3501 1242 non
3524 1191 3612 1241 ut-

2025 1299 2241 1353 cunque
2259 1282 2553 1339 abscedere
2570 1291 2866 1352 oporteret,
2895 1279 2991 1338 sed
3016 1282 3164 1335 vices
3183 1281 3484 1352 rependere
3516 1280 3612 1334 be-

2021 1377 2310 1432 nefactori.
2341 1395 2358 1427 ι
2390 1375 2491 1441 Qui
2523 1373 3015 1446 cognominabatur
3047 1372 3284 1429 Marcus.
3320 1391 3337 1424 ι
3369 1369 3439 1427 Ut
3467 1373 3613 1428 scias

2027 1470 2170 1541 quod
2209 1478 2436 1523 matrem
2488 1483 2595 1522 non
2635 1466 2782 1521 dicat
2835 1466 2955 1536 ejus
2981 1464 3231 1540 Joannis,
3273 1466 3367 1534 qui
3395 1480 3611 1538 semper

2020 1579 2142 1618 cum
2173 1563 2253 1618 eis
2294 1566 2546 1616 versatus
2598 1569 2735 1624 erat,
2790 1557 2944 1616 illius
3003 1559 3218 1630 signum
3259 1558 3491 1620 addidit,
3537 1544 3615 1610 ait

2019 1655 2164 1710 enim
2196 1673 2208 1708 :
2246 1672 2263 1704 ι
2299 1651 2400 1718 Qui
2428 1652 2918 1722 cognominabatur
2948 1651 3186 1706 Marcus.
3237 1668 3254 1701 ι
3301 1647 3397 1702 llic
3429 1657 3610 1702 autem

2019 1755 2137 1800 erat
2191 1745 2282 1818 qui
2336 1743 2686 1814 Evangelium
2744 1743 3045 1800 secundum
3084 1725 3331 1796 Marcum
3367 1739 3615 1794 conscri-

337 1847 499 1909 νάεα,
539 1847 669 1916 περὶ
717 1840 778 1900 οὗ
833 1846 1044 1912 Παῦλος
1073 1848 1278 1916 γράφει
1309 1845 1560 1918 Τιμοθέῳ
1583 1862 1594 1874 ·
1636 1864 1654 1899 ι
1692 1846 1918 1917 Μάρκον

2040 1843 2153 1908 >sit,
2185 1856 2361 1920 nepos.
2391 1839 2676 1908 Barnabas,
2707 1840 2774 1896 de
2818 1855 2926 1910 quo
2973 1840 3176 1895 Paulus
3205 1835 3395 1892 scribit
3425 1834 3614 1888 Timo-

336 1935 628 1990 ἀναλαϐὼν
681 1937 781 2004 ἄγε
838 1936 980 2007 μετὰ
1030 1937 1280 1993 σεαυτοῦ.
1337 1934 1496 1990 Ἐστι
1542 1935 1650 2006 γάρ
1687 1953 1778 2006 μοι
1828 1934 1916 1989 εῦ-

2040 1937 2186 1990 νιιοοι
2216 1955 2232 1986 ι
2257 1933 2500 1991 Marcum
2526 1943 2867 2005 assumptum
2889 1933 3146 1988 adducito
3167 1945 3272 1986 una
3302 1938 3505 1996 tecum,
3527 1935 3616 1984 est

338 2045 576 2099 χρηστος
607 2030 688 2089 εἰς
715 2029 1012 2084 διακονίαν.
1051 2047 1070 2081 ι

412 2160 432 2193 ι
471 2142 536 2197 Οί
567 2141 624 2194 δὲ
666 2140 878 2209 ἔλεγον,
930 2141 1012 2196 ὅτι
1065 2141 1298 2210 ἄγγελος
1342 2139 1506 2194 αὑτοῦ
1539 2143 1708 2195 ἐστιν.
1765 2139 1825 2194 Ὀ
1861 2141 1918 2194 δέ

344 2251 362 2283 ι
402 2233 612 2304 Πέτρος
645 2234 882 2303 ἐπέμενε
912 2233 1146 2306 κρούων.
1185 2233 1520 2298 Ἀνοίξαντες
1548 2233 1604 2286 δὲ
1637 2229 1775 2288 είδον
1816 2234 1918 2286 αὑ-

344 2344 366 2376 1
405 2329 522 2390 τὸν,
557 2327 651 2379 καὶ
676 2327 996 2397 ἐξέστησαν.
1019 2325 1364 2388 Κατασείσας
1390 2324 1447 2377 δὲ
1469 2324 1652 2388 αὐτοῖς
1681 2325 1746 2394 τῇ
1777 2324 1921 2393 χειρὶ

344 2438 362 2469 ι
406 2420 589 2490 σιγᾷν,
612 2419 910 2490 διηγήσατο
935 2419 1140 2482 αὐτοῖς,
1173 2416 1290 2480 πῶς
1332 2417 1360 2470 ὁ
1403 2415 1607 2488 Κύριος
1634 2416 1797 2469 αὑτὸν
1829 2415 1922 2480 ἐξ-

348 2529 366 2563 ι
409 2511 623 2579 ήγαγεν
677 2513 742 2563 ἐκ
791 2510 892 2580 τῆς
923 2509 1192 2580 φυλακῆς,
1228 2503 1350 2562 εἷπε
1378 2506 1465 2559 δέ·
1525 2505 1921 2574 Ἀπαγγείλατε

347 2623 365 2654 ι
419 2603 664 2675 Ἰακώϐῳ
699 2603 795 2657 καὶ
842 2605 954 2666 τοῖς
995 2602 1246 2670 ἀδελφοῖς
1276 2601 1470 2654 ταῦτα.
1523 2600 1636 2652 Καὶ
1687 2596 1922 2664 ἐξελθὼν

345 2712 365 2746 ι
408 2693 685 2766 ἐπορεύθη
727 2695 809 2758 είς
848 2695 1035 2765 ἕτερον
1066 2694 1254 2748 τόπον.
1286 2690 1591 2762 Γενομένης
1617 2691 1674 2744 δὲ
1707 2691 1923 2760 ἡμέρας

347 2805 365 2836 ι
405 2781 476 2858 ἦν
502 2786 738 2855 τάραχος
767 2785 867 2838 οὐκ
892 2784 1071 2852 ὀλίγος
1099 2787 1155 2837 ἐν
1180 2787 1293 2847 τοῖς
1319 2781 1703 2854 στρατιώταις,
1735 2782 1788 2834 τί
1813 2781 1924 2852 ἄρα

348 2894 368 2928 ι
411 2879 440 2930 ὁ
469 2877 674 2948 Πέτρος
705 2875 942 2946 ἐγένετο.
987 2877 1234 2948 Ἡρώδης
1262 2876 1319 2928 δὲ
1357 2874 1697 2945 ἐπιζητήσας
1734 2873 1920 2939 αὑτὸν,

349 2987 368 3020 ι
411 2970 506 3023 καὶ
541 2969 617 3038 μὴ
662 2967 863 3040 εὑρὼν,
907 2967 1204 3039 ἀνακρίνας
1247 2958 1374 3030 τοὺς
1405 2965 1672 3036 φύλακας,
1703 2964 1927 3019 ἐκέλευ-

351 3079 371 3112 ι
419 3077 513 3113 σεν
543 3060 879 3130 ἀπαχθῆναι,
931 3060 1026 3113 καὶ
1074 3057 1352 3113 κατελθὼν
1394 3057 1504 3111 ἀπὸ
1528 3057 1627 3128 τῆς
1665 3055 1926 3114 Ἰουδαίας

351 3170 372 3206 ι
413 3154 495 3217 εἰς
545 3152 644 3224 τὴν
690 3152 1052 3224 Καισάρειαν,
1096 3150 1384 3222 διέτριϐεν.
1425 3147 1534 3204 Ἦν
1579 3149 1637 3204 δὲ
1675 3147 1923 3218 Ἡρώδης

2017 2031 2161 2085 cnim
2188 2025 2316 2082 milti
2344 2028 2596 2098 perutilis
2628 2028 2696 2082 ad
2715 2027 3082 2083 ministeriqu
3107 2027 3148 2080 ³.
3171 2044 3192 2077 ›

2097 2141 2212 2204 Xll.
2236 2142 2416 2198 {5-20.
2448 2161 2467 2195 ι
2505 2142 2588 2197 illi
2615 2151 2799 2198 autem
2843 2142 3106 2214 dicebant
3149 2158 3164 2196 :
3216 2138 3456 2210 Angelus
3487 2133 3614 2202 ejus

2025 2250 2043 2284 ι
2087 2243 2170 2289 est
2201 2251 2215 2288 :
2257 2234 2450 2290 Petrus
2477 2248 2612 2290 vero
2651 2233 3036 2303 perseverabat
3062 2232 3306 2302 pulsans.
3347 2231 3482 2285 Cum
3511 2242 3612 2282 au-

2027 2341 2043 2373 ι
2093 2333 2198 2378 tetn
2233 2323 2606 2392 aperuissent,
2639 2323 2898 2378 viderunt
2931 2337 3058 2378 eum
3088 2331 3141 2378 et
3165 2321 3608 2388 obstupuerunt.

2027 2430 2045 2464 ι
2084 2411 2221 2468 Cum
2254 2413 2531 2470 innuisset
2557 2421 2740 2468 autem
2763 2412 2848 2468 eis
2871 2419 3020 2470 mota
3045 2425 3228 2475 manu,
3257 2419 3314 2466 ut
3341 2415 3614 2475 tacerent,

2029 2525 2048 2558 ι
2091 2507 2334 2560 narravit
2375 2507 2511 2576 ipsis
2545 2505 2821 2576 quomodo
2867 2505 3152 2565 eduxisset
3186 2518 3314 2559 eum
3345 2503 3615 2558 Dominus

2030 2615 2048 2649 ι
2085 2611 2370 2662 ecarcere,
2391 2605 2446 2652 et
2466 2597 2568 2651 ait:
2597 2578 2856 2652 Nuntiate
2880 2594 3087 2650 Iacobo
3109 2607 3163 2652 et
3184 2595 3452 2651 fratribus
3470 2594 3612 2650 iure.

2029 2708 2048 2742 ι
2088 2689 2150 2744 Et
2185 2705 2446 2759 egressus
2471 2690 2608 2744 abiit
2635 2691 2688 2744 in
2713 2690 2882 2744 alium
2919 2689 3120 2744 locum.
3156 2687 3257 2748 Ubi
3304 2702 3433 2742 vero
3466 2687 3614 2741 diiu-

2031 2800 2049 2834 ι
2090 2782 2417 2847 xisset,erat
2444 2781 2684 2837 turbatio
2703 2797 2810 2836 non
2841 2795 3008 2850 parva
3035 2781 3178 2836 inter
3207 2780 3432 2846 milites,
3455 2778 3616 2849 quid-

2033 2890 2051 2924 ι
2089 2887 2214 2928 nam
2241 2872 2536 2930 aecidisset
2555 2873 2620 2928 de
2642 2873 2822 2928 Petro.
2851 2871 3098 2927 Herodes
3134 2881 3317 2930 autem
3359 2887 3484 2926 cum
3520 2887 3609 2926 re-

2035 2983 2054 3017 ι
2091 2965 2355 3035 quisisset
2391 2979 2515 3020 eum
2552 2980 2652 3020 nec
2675 2965 2998 3027 invenisset.
3029 2963 3377 3019 examinatus
3405 2970 3600 3018 custo-

2034 3075 2058 3120 ι,
2091 3058 2186 3113 des
2221 3057 2389 3127 jussit
2417 3056 2616 3111 abduci
2647 3072 2660 3120 ;
2690 3057 3138 3125 descendensque
3167 3054 3400 3110 aJudaea
3428 3054 3612 3112 Cresa-

2035 3163 2056 3198 ι
2091 3160 2262 3209 ream,
2298 3144 2369 3198 ibi
2423 3151 2800 3199 commoratus
2829 3152 2934 3200 est.
2975 3143 3104 3197 Erat
3141 3156 3322 3198 autem
3367 3140 3615 3200 Herodes

355 3265 374 3300 ι
419 3245 754 3316 θυμομαχῶν
786 3244 1005 3316 Τυρίοις
1036 3242 1131 3296 καὶ
1161 3241 1435 3306 Σιδονίοις.
1475 3241 1925 3313 Ὀμοθυμαδὸνδέ

2040 3255 2056 3289 ι
2093 3234 2344 3292 infensus
2371 3231 2550 3307 Tyriis
2577 3249 2642 3289 ac
2665 3234 2927 3290 Sidoniis.
2952 3235 3022 3288 At
3052 3234 3129 3288 tlii
3163 3249 3272 3288 uno
3291 3234 3476 3288 animo
3509 3250 3606 3288 ve-

356 3355 376 3390 ι
419 3336 673 3407 παρῆσαν
718 3334 856 3406 πρὸς
888 3334 1196 3399 αὐτὸν,“καὶ
1240 3334 1530 3397 πείσαντες
1565 3333 1806 3388 Βλάστον
1833 3332 1926 3388 τὸν

351 3440 374 3475 ι
416 3424 510 3476 ἐπὶ
550 3420 645 3476 τοῦ
675 3421 933 3489 κοιτῶνος
963 3421 1058 3477 τοῦ
1090 3422 1373 3494 βασιλέως,
1412 3421 1642 3496 ᾐτοῦντο
1679 3424 1924 3495 εἰρήνην,

351 3530 373 3565 ι
417 3513 506 3567 διὰ
534 3513 595 3566 τὸ
620 3513 918 3586 τρέφεσθαι
947 3513 1126 3568 αὐτῶν
1153 3512 1252 3586 την
1285 3512 1470 3587 χώραν
1509 3513 1618 3566 ἀπὸ
1643 3511 1741 3583 τῆς
1768 3511 1924 3584 βασι-

353 3623 375 3658 ι
418 3603 602 3675 λικῆς.
635 3623 656 3658 ι

431 3740 454 3775 ι
491 3722 758 3792 Ἀγγελος
789 3719 954 3776 αὑτοῦ
984 3721 1153 3774 ἐστιν.
1191 3739 1212 3774 ο
1268 3721 1362 3774 Ἐκ
1383 3719 1573 3774 τούτου
1621 3718 1802 3789 δῆλον,
1844 3717 1928 3771 ὅτι

349 3814 592 3878 ἕκαστος
637 3814 797 3886 ἡμῶν
827 3811 1058 3884 ἄγγελον
1085 3812 1222 3885 ἔχει.
1267 3813 1492 3866 Ἐκεῖνοι
1523 3813 1580 3866 δὲ
1622 3811 1783 3866 τοῦτο
1820 3808 1930 3864 ἀπὸ

350 3907 454 3962 τοῦ
501 3907 694 3978 καιροῦ
725 3905 1154 3979 προσεδόκησαν.
1200 3906 1338 3977 Φησὶ
1367 3906 1476 3976 γάρ
1499 3921 1515 3937 ο
1545 3923 1565 3958 ι
1602 3905 1778 3959 Ὅπου
1823 3903 1931 3958 cici.

353 4000 688 4072 συνηγμένοι
715 4001 797 4064 είς
817 3999 880 4053 τὸ
904 3998 1035 4070 ἐμὸν
1068 3998 1261 4070 ὄνομα,
1289 3999 1408 4052 ἐκεῖ
1443 4001 1564 4070 ειμι
1612 3999 1671 4050 ἐν
1703 3999 1872 4069 μέσῳ·
1903 4015 1924 4050 ι

353 4096 495 4151 ὅπου
524 4093 582 4147 δὲ
614 4095 643 4147 ὁ
685 4092 941 4165 Χριστὸς,
983 4091 1198 4160 ἀνάγκη
1229 4087 1367 4144 εἶναι
1400 4091 1498 4143 καὶ
1528 4089 1812 4158 ἀγγέλους,
1838 4089 1933 4144 καὶ

352 4185 457 4248 τὰς
485 4184 611 4246 ὅλας
627 4181 908 4253 δυνάμεις.
943 4198 964 4234 ι
1005 4179 1269 4248 Ἐξελθὼν
1291 4179 1348 4233 δέ
1374 4181 1402 4234 ὁ
1428 4179 1631 4251 Πέτρος
1659 4179 1930 4252 ἐπορεύθη

356 4281 438 4341 είς
468 4277 656 4348 ἕτερον
684 4274 872 4328 τόπον.
919 4291 939 4324 ›
975 4272 1049 4326 Οὐ
1084 4272 1194 4342 γὰρ
1228 4272 1484 4343 ἐπείραζε
1522 4272 1614 4325 τὸν
1649 4272 1803 4326 Θεόν.
1831 4272 1935 4323 Δυ-

357 4368 519 4424 νατδν
571 4367 631 4422 δὲ
655 4363 725 4439 ἦν
767 4365 845 4438 τῷ
891 4364 1010 4438 Θεῷ
1058 4364 1152 4419 καὶ
1185 4364 1312 4428 τοὺς
1353 4363 1601 4432 φύλακας
1630 4362 1932 4429 ἐξελέσθαι.

371 4459 513 4513 Ἀλλ’
541 4458 593 4512 εί
627 4456 806 4522 τοῦτο,
842 4455 1102 4526 ἐνομίσθη
1126 4455 1192 4509 ἂν
1224 4453 1368 4526 φυγὴ
1407 4449 1548 4508 εἶναι
1587 4455 1646 4508 τὸ
1675 4456 1930 4526 πρᾶγμα.

356 4549 581 4608 Μᾶλλον
623 4548 732 4620 γὰρ
774 4547 936 4602 αὑτὸν
964 4547 1152 4601 ἐλύπει
1196 4546 1258 4602 τὸ
1307 4546 1704 4618 ἐμπαιχθῆναι,
1741 4545 1934 4617 ὥσπερ

2034 3345 2053 3380 ι
2091 3323 2289 3383 nerunt
2324 3325 2389 3380 ad
2425 3340 2572 3390 eum;
2629 3331 2684 3379 et
2715 3338 2976 3394 persuaso
2995 3321 3203 3386 Blasto,
3254 3323 3346 3393 qui
3378 3333 3614 3394 praeerat

2033 3439 2056 3476 ι
2093 3419 2351 3476 cubiculo
2371 3419 2516 3491 regis.
2542 3416 2799 3488 petebant
2829 3431 3042 3487 pacem,
3071 3431 3138 3472 eo
3157 3416 3318 3488 108
3340 3419 3485 3488 quod
3508 3417 3619 3474 alc-
3696 3449 3702 3454 -

2033 3528 2052 3564 ι
2095 3519 2247 3566 retur
2279 3509 2434 3582 regio
2488 3522 2679 3564 eorum
2716 3521 2936 3562 annona
2973 3507 3148 3580 regia.
3190 3526 3211 3560 ι

2111 3733 2130 3769 ι
2160 3713 2403 3785 Angelus
2419 3713 2659 3784 ejus-est.
2683 3732 2706 3767 ι
2727 3713 2804 3768 Ex
2821 3713 2926 3768 hoc
2939 3712 3287 3770 manifestum
3305 3722 3390 3770 est
3417 3731 3621 3785 qut-m-

2029 3827 2135 3884 que
2163 3824 2410 3868 nostrum
2437 3812 2636 3869 habere
2679 3812 2956 3882 angelum.
3020 3809 3100 3865 Illi
3125 3827 3256 3867 vero
3285 3815 3387 3867 hoc
3417 3829 3446 3867 a
3473 3823 3615 3868 tetu-

2029 3903 2180 3973 poris
2213 3904 2505 3958 occasione
2536 3902 2944 3958 existimabant.
2978 3901 3252 3960 Aitenim:
3292 3921 3312 3955 ι
3351 3901 3450 3957 Ubi
3483 3915 3616 3959 sunt

2037 3995 2151 4050 duo
2185 3995 2270 4050 vel
2293 4001 2404 4049 tres
2433 3994 2748 4064 congregati
2775 3996 2830 4048 in
2853 3993 3075 4048 nomine
3105 4008 3248 4056 meo,
3295 3994 3366 4048 ibi
3414 4011 3534 4049 sum
3564 3997 3619 4050 in

2033 4085 2218 4142 medio
2241 4099 2434 4141 eorum
2465 4085 2508 4140 ‘.
2546 4102 2567 4136 ι
2597 4083 2702 4140 Ubi
2731 4093 2916 4140 autem
2965 4093 3049 4139 est
3082 4084 3361 4150 Christus,
3392 4102 3622 4142 necesse

2036 4189 2116 4236 est
2148 4179 2314 4235 simul
2344 4193 2470 4236 esse
2493 4185 2550 4234 et
2585 4178 2830 4248 angelos,
2864 4178 3264 4247 universasque
3293 4189 3617 4248 potestates.

2035 4292 2056 4327 ι
2097 4275 2158 4330 Et
2176 4289 2430 4346 egressus
2451 4273 2643 4330 Petrus
2661 4273 2796 4329 abiit
2812 4273 2867 4328 in
2882 4275 3048 4329 alium
3071 4275 3274 4330 locum.
3289 4293 3308 4326 ι
3330 4275 3448 4330 Non
3469 4277 3617 4330 enim

2038 4370 2284 4423 tentabat
2310 4367 2504 4424 Deum.
2571 4367 2838 4424 Possibile
2855 4375 3038 4424 autem
3065 4367 3176 4423 Deo
3205 4377 3325 4423 erat
3363 4368 3529 4424 simul
3569 4380 3624 4425 et

2035 4459 2296 4516 custodes
2327 4461 2582 4530 eripere:
2633 4475 2830 4516 verum
2884 4460 2931 4517 si
2965 4459 3020 4515 id
3047 4468 3230 4516 actum
3263 4459 3480 4527 fuisset,
3532 4475 3625 4515 res

2033 4553 2277 4623 iudicata
2308 4552 2504 4608 fuisset
2529 4567 2652 4609 esse
2677 4551 2825 4624 luga.
2857 4551 3028 4622 Magis
3048 4561 3229 4607 autem
3256 4552 3627 4607 contristabat

359 4645 472 4701 ὑπὸ
496 4641 610 4698 τῶν
637 4641 849 4713 μάγων,
899 4638 990 4693 τὸν
1040 4638 1206 4693 αὑτοῦ
1241 4638 1467 4694 πάππον
1517 4637 1717 4711 μᾶλλον
1759 4636 1926 4692 ἐποίει

2040 4661 2164 4703 eum
2207 4644 2354 4714 quod
2393 4645 2591 4702 illusus
2643 4653 2829 4714 esset,
2885 4643 3344 4717 quemadmodum
3383 4651 3626 4714 tempore
3680 4657 3682 4659 '

358 4733 717 4808 διαπρίεσθαι
749 4732 844 4787 καὶ
881 4729 1290 4800 καταγέλαστον
1326 4725 1492 4784 εἶναι.
1533 4728 1659 4802 [Διά
1695 4728 1749 4782 τί
1780 4728 1838 4782 δὲ
1861 4727 1938 4799 μὴ

362 4827 464 4882 καὶ
509 4826 561 4880 oi
607 4823 838 4886 κόλακες
887 4819 1241 4887 κολάζονται;
1293 4820 1595 4891 ἀμφότεροι
1651 4818 1750 4890 μὲν
1796 4813 1940 4890 ἦσαν

366 4920 512 4986 ἄξιοι
537 4916 830 4988 τιμωρίας.
866 4914 1006 4970 Ἀλλ’
1028 4914 1154 4968 ἐπεὶ
1182 4913 1418 4985 κρίσεως
1447 4913 1548 4966 οὐκ
1581 4911 1699 4966 ἐστι
1726 4913 1940 4982 καιρὸς,

365 5019 395 5070 ὀ
423 5014 666 5088 μάλιστα
696 5011 993 5075 ὑπεύθυνος
1019 5007 1359 5083 κολάζεται.]

447 5147 470 5181 ι
507 5127 695 5198 Τακτῇ
718 5125 776 5179 δὲ
800 5124 987 5198 ἡμέρᾳ
1013 5127 1042 5178 ὁ
1083 5121 1330 5194 Ἡρώδης
1354 5120 1702 5192 ἐνδεδυμένος
1734 5119 1944 5193 ἐσθῆτα

375 5241 395 5277 ι
436 5217 747 5293 βασιλικὴν,
779 5219 873 5273 καὶ
905 5215 1136 5280 καθίσας
1169 5215 1262 5268 ἐπὶ
1296 5213 1392 5268 τοῦ
1420 5214 1683 5285 βήματος,
1729 5213 1936 5283 ἐδημη-

376 5333 397 5369 ι
431 5315 589 5387 γόρει
638 5311 776 5383 πρὸς
825 5309 1045 5374 αὐτούς.
1079 5309 1138 5362 '0
1169 5308 1228 5361 δὲ
1261 5307 1430 5379 δῆμος
1464 5305 1770 5375 ἐπεφώνει·
1801 5303 1940 5358 Θεοῦ

377 5428 398 5463 ι
435 5408 614 5479 φωνὴ,
655 5406 752 5462 καὶ
777 5405 878 5460 οὐκ
905 5402 1214 5472 ἀνθρώπου.
1262 5399 1614 5472 Παραχρῆμα
1652 5400 1710 5454 δὲ
1738 5399 1942 5453 ἐπάτα-

380 5519 400 5554 ι
437 5501 529 5568 ξεν
557 5499 723 5554 αὑτὸν
754 5498 984 5569 ἄγγελος
1015 5494 1246 5567 Κυρίου,
1283 5493 1404 5547 ἀνθ’
1431 5487 1506 5548 ὧν
1533 5493 1634 5547 οὐκ
1663 5492 1830 5546 ἔδωκε
1855 5491 1944 5545 δό-

381 5611 401 5646 ¢
437 5593 538 5661 ξαν
564 5590 643 5663 τῷ
670 5589 824 5661 Θεῷο
869 5588 968 5643 καὶ
1014 5586 1306 5657 γενόμενος
1337 5582 1800 5655 αωληκόόρωτος
1850 5581 1944 5648 ἐξ-

383 5703 404 5738 σ
441 5685 656 5756 ἔψυξεν.
700 5683 760 5737 '0
789 5682 848 5736 δι
891 5681 1048 5751 λόγος
1093 5676 1192 5732 τοῦ
1228 5675 1366 5730 Θεοῦ
1400 5674 1601 5748 ηῠξανε
1637 5675 1732 5728 καὶ
1779 5673 1948 5743 ἐπληο

453 5871 475 5904 ³
503 5870 549 5927 ιι
569 5869 712 5927 Tim.
738 5885 812 5942 IV,
839 5871 927 5928 tt.

2042 4754 2322 4811 magorum
2363 4755 2525 4796 avum
2553 4738 2725 4808 ipsius
2753 4738 2808 4794 id
2826 4737 3348 4808 ampliusfdissecari
3389 4737 3626 4793 faciebat

2045 4834 2200 4905 quod
2242 4831 2479 4889 ludibrio
2511 4831 2728 4887 habitus
2749 4829 2955 4900 esset}.

2123 5117 2238 5186 ΧΠ,
2265 5117 2456 5174 21-25.
2492 5136 2510 5169 ι
2553 5115 2771 5173 Statuto
2800 5126 2982 5174 autem
3008 5117 3098 5174 die
3119 5115 3364 5175 Herodes
3397 5118 3632 5174 vestitus

2049 5229 2068 5263 ι
2099 5220 2249 5266 veste
2272 5211 2417 5280 regia
2439 5209 2577 5265 sedit
2602 5223 2699 5278 pro
2717 5209 2997 5276 tribunali,
3029 5217 3082 5265 et
3107 5209 3534 5265 concionabatur
3563 5209 3631 5264 ad

2055 5321 2074 5356 ι
2108 5317 2224 5359 eos.
2254 5292 2525 5372 Populus‘
2554 5315 2684 5358 vero
2717 5303 3072 5357 acclamahat:
3123 5302 3238 5357 Vox
3281 5301 3374 5358 Dei
3419 5311 3472 5358 et
3520 5315 3629 5355 non

2056 5412 2076 5446 ι
2112 5393 2370 5448 hominis.
2407 5391 2705 5449 Confestim
2746 5401 2925 5447 autem
2963 5393 3233 5464 percussit
3262 5409 3386 5448 eum
3406 5393 3635 5462 angelus

2059 5505 2079 5538 ι
2114 5485 2345 5550 Domini,
2377 5500 2442 5541 eo
2477 5486 2623 5555 quod
2671 5500 2778 5540 non
2805 5485 3051 5541 dedisset
3113 5483 3342 5556 gloriam
3388 5484 3496 5537 Deo
3528 5499 3540 5535 :
3579 5491 3634 5535 et

2053 5597 2074 5632 ι
2104 5594 2298 5636 erosu-s
2321 5577 2646 5634 avermibus
2677 5577 2994 5649 exspiravit.
3026 5576 3294 5633 Caeterum
3330 5575 3420 5628 Dei
3450 5586 3634 5628 seruio

2053 5692 2073 5726 ι
2104 5673 2385 5732 crescebat
2413 5687 2477 5729 ac
2506 5671 2993 5744 multiplicabatur.
3033 5669 3311 5726 Barnabas
3365 5678 3544 5722 autem
3579 5672 3636 5720 ct

1027 5871 1049 5903 ⁸
1067 5867 1429 5938 Matth.xtntt,
1451 5864 1544 5922 20.
1618 5865 1640 5898 ⁸
1665 5863 1853 5920 Matth.
1887 5875 1948 5927 ιι,
1977 5860 2062 5916 16.
