4024 6572
417 397 522 460 199
1523 391 1919 455 (ECUMENII
1958 391 2250 451 TIiICCzE
2274 391 2613 451 El’ISCOPI
3567 389 3669 454 200

418 527 436 560 ι
476 506 674 563 Saulus
705 506 1059 564 τονθεεῑέυηι
1075 503 1376 564 Jerusalem
1395 505 1608 576 expleto
1645 503 1972 567 ministerio,

2101 518 2103 550 :
2142 500 2347 553 θύνετο.
2398 498 2683 570 Βαρνάϐας
2720 495 2776 550 δὲ
2820 495 2913 550 καὶ
2962 494 3161 559 Σαῦλος
3217 494 3565 566 ὑπέστρεψαν
3593 503 3667 554 εἰς

416 622 437 654 ι
470 598 1054 671 assumptoetloanne,
1069 599 1164 672 qui
1194 599 1681 672 cognominabatur
1697 595 1934 652 Marcus.
1958 611 1977 646 ι

2101 609 2107 642 ι
2159 589 2542 662 Ἰερουσαλὴμ,
2587 586 2976 657 πληρώσαντες
3000 587 3099 657 τὴν
3125 586 3422 653 διακονίαν,
3453 605 3666 657 συμπα-

487 877 507 911 ‹
533 855 778 928 Populus
803 872 932 914 vero
954 855 1313 913 acclamabat.
1352 873 1373 908 ι
1410 852 1477 910 Ει
1518 851 1650 927 quid
1681 852 1752 908 ad
1770 851 1916 907 hunc
1937 848 1983 906 si

411 949 491 1004 illi
520 948 1002 1006 vociferabantur?
1025 947 1164 1014 Quia
1195 963 1384 1004 vocem
1425 945 1686 1017 suscepit,
1709 943 1855 1015 quod
1901 958 1986 1000 se-

410 1039 589 1108 ipsum
619 1040 930 1111 hujusmodi
953 1039 1325 1096 assentatione
1353 1040 1577 1111 dignum
1598 1038 1984 1096 arbitraretur.

410 1129 566 1196 Quod
583 1132 626 1186 si
652 1132 739 1185 hic
767 1132 894 1200 quia
923 1130 1154 1198 audivit,
1215 1128 1334 1184 Vox
1361 1127 1457 1185 Dei
1508 1135 1564 1184 et
1583 1143 1690 1184 non
1725 1125 1985 1191 hominis,

409 1237 716 1292 quanquam
738 1223 869 1277 nihil
893 1221 1054 1287 dixit,
1079 1222 1209 1276 talia
1239 1237 1437 1290 passus
1459 1229 1563 1276 est:
1593 1227 1798 1292 quanto
1816 1218 1988 1287 magis

407 1313 668 1368 Christus
699 1314 746 1368 si
781 1313 923 1370 Deus
951 1329 1062 1369 non
1105 1312 1324 1380 fuisset,
1359 1329 1480 1368 cum
1508 1313 1625 1383 ipse
1656 1327 1874 1384 semper
1892 1311 1986 1366 di-

408 1411 609 1465 cerct,¢
635 1402 815 1458 Verba
843 1405 958 1460 haec
983 1419 1093 1460 non
1113 1411 1240 1460 sunt
1262 1418 1379 1460 mea
1402 1420 1449 1470 ;›
1474 1414 1556 1460 et:
1590 1421 1610 1455 ι
1641 1405 1833 1474 Angeli
1850 1406 1984 1462 mihi

409 1493 727 1548 ministrant
747 1493 788 1548 ⁸.
804 1511 823 1546 ι
846 1492 961 1549 Hoc
979 1502 1164 1550 autem
1183 1505 1424 1565 tempore
1440 1494 1604 1549 tertio
1623 1496 1774 1567 regni
1791 1495 1990 1566 Agrip-

414 1599 497 1656 pa:
525 1599 670 1639 anno
696 1585 846 1641 venit
874 1585 1204 1652 Caesaream,
1257 1601 1380 1658 qua:
1421 1586 1573 1657 prius
1618 1585 1808 1644 Turris
1835 1587 1991 1644 Stra-

409 1677 557 1732 tonis
575 1678 894 1733 vocabatur.
918 1677 1019 1734 Hic
1032 1687 1213 1734 autem
1238 1677 1814 1750 celebrabatﬁempiac,
1835 1679 1890 1734 id
1905 1689 1991 1736 est

409 1774 721 1842 spectacula
760 1775 827 1830 ad
857 1776 1118 1832 honorem
1151 1775 1404 1843 Caesaris,
1438 1775 1620 1831 sciens
1651 1776 1765 1830 haec
1791 1775 1991 1830 festum

2091 692 2111 726 ι
2146 674 2470 746 ραλαϐόντες
2515 675 2609 728 καὶ
2654 674 2906 746 Ἰωάννην
2943 674 3037 728 τὸν
3095 674 3469 747 ἐπικληθέντα
3516 679 3667 753 Μάρ-

2094 786 2113 821 (
2158 784 2278 823 κον.
2316 787 2334 820 ι

2242 875 2262 910 ι
2313 860 2371 911 '0
2401 858 2456 912 δὲ
2495 859 2667 930 δῆμος
2692 857 2982 927 ἐπεφώνει.
3021 875 3041 910 ι
3071 857 3181 912 Καὶ
3212 856 3266 912 τί
3294 858 3434 931 πρὸς
3465 861 3666 932 τοῦτον,

2086 953 2133 1006 εί
2160 954 2359 1007 ἐκεῖνοι
2398 953 2664 1024 ἐϐόησαν;
2691 953 2818 1007 Ὀτι
2849 951 3174 1016 κατεδέξατο
3211 952 3310 1025 τὴν
3353 955 3560 1027 φωνὴν,
3593 958 3672 1012 ὅτι

2086 1043 2237 1108 ἄξιον
2293 1045 2484 1098 ἐαυτὸν
2535 1044 2785 1114 ἐνόμισεν
2833 1039 2975 1098 εἶναι
3004 1046 3104 1116 τῆς
3145 1044 3462 1108 κολακείας.
3517 1029 3578 1100 Ei
3618 1049 3674 1103 δέ

2087 1130 2242 1198 οὗτος
2295 1135 2536 1199 ἀκούσας
2569 1136 2649 1188 ὅτι
2683 1133 2836 1206 φωνὴ
2884 1134 3018 1188 Θεοῦ
3071 1135 3168 1191 καὶ
3217 1135 3317 1188 οὐκ
3363 1135 3668 1207 ἀνθρώπου,

2089 1228 2267 1282 καίτοι
2317 1229 2484 1298 μηδὲν
2539 1225 2732 1293 εἰπὼν,
2777 1228 3004 1282 τοιαῦτα
3034 1227 3226 1292 ἔπαθε,
3258 1228 3442 1300 πολλῷ
3480 1231 3673 1300 μᾶλλον

2089 1317 2117 1367 6
2150 1316 2404 1387 Χριστὸς,
2434 1317 2481 1369 εί
2516 1317 2589 1387 μὴ
2625 1316 2757 1380 Θεὸς
2799 1313 2887 1389 ἦν,
2926 1317 3088 1383 αὐτὸς
3127 1319 3210 1372 ἀεὶ
3239 1317 3438 1388 λέγων,
3484 1321 3565 1374 ὅτι
3595 1321 3672 1375 Τὰ

2093 1408 2310 1478 ῥήματα
2340 1407 2511 1461 ταῦτα
2541 1409 2642 1461 οὐκ
2668 1407 2813 1460 ἔστιν
2846 1408 2973 1479 ἐμὰ,
3003 1409 3119 1473 καὶ,
3147 1409 3411 1480 Ἀγγελοί
3441 1428 3529 1481 μοι
3555 1414 3674 1478 ξύπ-

2089 1495 2365 1567 ηρετοῦσι.
2415 1497 2572 1550 Κατὰ
2621 1496 2678 1548 δὲ
2726 1496 2914 1551 τοῦτον
2943 1499 3033 1552 τὸν
3064 1501 3273 1569 καιρὸν,
3329 1501 3516 1571 τρίτον
3560 1502 3673 1567 ἔτος

2103 1587 2385 1661 Ἀγρίππᾳ
2426 1588 2768 1661 βασιλεύοντι
2797 1591 2978 1661 παρῆν
3008 1593 3066 1645 ἐν
3089 1592 3406 1664 Καισαρείᾳ
3437 1597 3503 1665 τῇ
3546 1596 3674 1666 πρό-

2091 1698 2250 1752 τερον
2291 1684 2609 1754 Στράτωνος
2661 1683 2876 1756 πύργος
2929 1683 3262 1759 καλουμένῃ.
3315 1687 3594 1741 Συνετέλει
3623 1688 3674 1742 δέ

2096 1773 2331 1829 ἐνταῦθα
2380 1773 2617 1846 Θεωρίας
2662 1775 2737 1839 είς
2788 1775 2887 1846 τὴν
2934 1775 3214 1848 Καίσαρος
3257 1777 3452 1849 τιμὴν,
3487 1779 3673 1852 ἐορτήν

409 1863 685 1933 quoddam
712 1879 855 1921 esse.
881 1864 1138 1921 Secundo
1161 1880 1292 1922 vero
1324 1867 1762 1936 spectaculorum
1799 1867 1888 1922 die
1905 1879 1994 1921 ve-

2101 1883 2216 1920 τινα
2247 1865 2450 1938 ταύτην
2495 1867 2880 1938 ἐπιστάμενος.
2926 1869 3166 1941 Δευτέρᾳ
3198 1869 3254 1923 δὲ
3285 1871 3400 1924 τῶν
3433 1872 3672 1944 θεωριῶν

408 1962 549 2010 stem
575 1956 800 2013 indutus
831 1965 997 2013 totam
1019 1972 1084 2012 ex
1109 1967 1336 2030 argento
1363 1966 1695 2024 contextam,
1723 1959 1883 2029 109
1912 1956 1994 2014 sic

411 2056 470 2102 ut
497 2046 816 2104 admiranda
861 2059 1150 2121 appareret
1182 2059 1419 2116 textura,
1468 2051 1769 2107 inchoante
1801 2053 1889 2108 die
1925 2053 1994 2110 ad

407 2140 685 2196 theatrum
717 2143 955 2198 accessit
992 2158 1008 2197 :
1033 2142 1125 2198 ubi
1151 2143 1346 2214 primis
1375 2143 1554 2199 radiis
1575 2143 1852 2200 solaribus
1875 2160 1996 2202 sese

409 2237 825 2307 objicientibus,
879 2244 1172 2307 argentum
1249 2235 1392 2291 miro
1450 2235 1616 2290 modo
1659 2235 1992 2291 illustratum

413 2329 824 2402 respiendebat,
850 2329 1113 2401 fulgorem
1172 2327 1464 2400 quemdam
1496 2342 1609 2400 prae
1635 2342 1695 2384 se
1722 2328 1905 2385 ferens
1928 2344 1993 2384 ac

410 2421 815 2486 horrorem,his
848 2421 942 2492 qui
970 2422 1212 2476 intentos
1233 2420 1291 2475 in
1319 2422 1500 2492 ipsum
1535 2421 1831 2492 deligerent
1857 2437 1998 2477 ocu-

410 2514 516 2568 los.
552 2513 862 2584 Statimque
916 2521 1292 2570 assentatores
1357 2512 1498 2568 alius
1556 2513 1777 2569 aliunde
1837 2528 1998 2570 voces

411 2602 732 2658 emittebant
753 2611 1011 2674 tanquam
1029 2601 1197 2658 Deum
1228 2603 1553 2671 salutantes,
1572 2603 1863 2674 benignum
1877 2619 2000 2662 esse

411 2697 896 2762 asserendo.lEtsi,
924 2699 1201 2770 inquiunt,
1239 2698 1506 2755 hactenus
1525 2700 1684 2768 quasi
1723 2701 1998 2758 hominem

413 2788 574 2844 veriti
605 2804 818 2856 sumus,
877 2788 992 2860 jam
1041 2799 1225 2846 tamen
1273 2792 1504 2862 posthac
1543 2799 1596 2848 te
1653 2792 1914 2862 majorem
1936 2808 1999 2848 ea

411 2891 608 2938 natura
639 2885 986 2940 conlltemur.
1017 2882 1128 2942 Hos
1170 2894 1353 2939 autem
1403 2899 1513 2938 non
1559 2883 1863 2954 increpavit
1903 2898 2002 2940 rex

412 2989 592 3042 neque
650 2975 876 3047 impiam
935 2977 1362 3032 assentationem
1402 2982 1687 3031 aversatus
1740 2983 1844 3032 est.
1888 2973 1995 3030 Su-

413 3069 653 3140 spiciens
715 3070 900 3140 itaque
931 3071 1093 3139 paulo
1143 3075 1288 3138 post,
1341 3070 1612 3123 bubonem
1685 3070 1852 3140 capiti
1897 3082 2000 3125 suo

415 3163 791 3217 imminentem
812 3163 948 3218 vidit
974 3178 1142 3233 super
1157 3163 1447 3233 quemdam
1478 3161 1825 3218 funiculum:
1854 3160 2002 3218 hunc

2094 1957 2276 2030 ἡμέρᾳ
2305 1957 2497 2030 στολὴν
2527 1959 2680 2024 ἐνδὺς
2712 1958 2772 2026 ἐξ
2797 1959 3039 2032 ἀργύρου
3068 1963 3450 2035 πεποιημένην
3478 1966 3670 2033 πᾶσαν,

2094 2051 2175 2114 ὼς
2209 2050 2511 2120 θαυμάσιον
2537 2051 2683 2124 ὑφὴν
2713 2049 2877 2118 εἶναι,
2911 2053 3186 2125 παρῆλθεν
3222 2055 3302 2118 είς
3330 2054 3560 2126 θέατρον
3579 2057 3678 2128 ἀρ·

2094 2141 2332 2212 χομένης
2378 2140 2620 2213 ἡμέρας·
2667 2142 2798 2196 ἔνθα
2827 2147 2950 2208 ταῖς
2997 2145 3242 2216 πρώταις
3283 2145 3396 2199 τῶν
3443 2146 3674 2217 ἡλιακῶν

2096 2232 2336 2286 ἀκτίνων
2375 2233 2659 2297 ἐπιϐολαῖς
2695 2235 2724 2288 6
2755 2235 2996 2306 ἄργυρος
3029 2233 3438 2304 καταυγασθεὶς
3468 2235 3671 2308 θαυμα-

2099 2324 2230 2387 σίως
2282 2324 2602 2392 ἀπέστιλϐε,
2657 2328 2972 2399 μαρμαῖρόν
2993 2344 3044 2381 τι
3077 2329 3262 2400 φέρον,
3317 2329 3416 2383 καὶ
3460 2331 3568 2392 τοῖς
3600 2332 3676 2394 είς

2100 2416 2266 2472 αὑτὸν
2295 2417 2575 2472 ἀτενίσασι
2618 2420 2908 2490 φρικῶδες.
2946 2419 3123 2484 Εὐθὺς
3152 2421 3210 2474 δέ
3239 2421 3289 2474 oi
3321 2421 3554 2485 κόλακες
3578 2422 3670 2476 ἄλο

2100 2511 2192 2575 λος
2218 2509 2442 2565 ἄλλοθεν
2468 2511 2637 2566 ἐϐόων
2673 2511 2882 2582 φωνὰς,
2911 2513 2984 2576 ώς
3013 2512 3146 2568 Θεὸν
3176 2514 3674 2586 προσαγορεύοντες

2099 2604 2301 2675 εὐμενῆ
2331 2599 2474 2659 εἶναι
2505 2605 2877 2675 ἐπιλέγοντες.
2915 2607 2978 2660 Ei
3018 2607 3110 2661 καὶ
3151 2607 3317 2678 μέχρι
3362 2606 3460 2662 νῦν
3489 2609 3562 2671 ὡς
3589 2607 3676 2662 ἄν·

2103 2697 2322 2769 θρωπον
2367 2698 2740 2770 ἐφοϐήθημεν,
2775 2698 2911 2753 ἀλλὰ
2944 2698 3268 2754 τούντεῦθεν
3310 2699 3599 2771 κρείττονά
3623 2717 3674 2753 σε

2100 2790 2201 2859 τῆς
2241 2788 2456 2860 φύσεως
2487 2789 2877 2861 ὁμολογοῦμεν.
2910 2792 3024 2845 Οὐκ
3055 2791 3330 2862 ἐπέπληξε
3370 2793 3429 2847 δὲ
3463 2792 3676 2856 τούτους

2101 2883 2130 2936 ὁ
2155 2882 2432 2953 βασιλεὺς,
2467 2883 2589 2937 οὐδὲ
2619 2884 2718 2955 τὴν
2747 2883 3035 2938 κολακείαν
3067 2884 3373 2940 ἀσεϐοῦσαν
3403 2884 3664 2953 ἀπεστρέ-

2102 2973 2262 3044 ψατο.
2304 2974 2618 3044 Ἀνακύψας
2647 2974 2778 3044 γοῦν
2812 2976 2930 3046 μετ’
2956 2976 3137 3047 ὀλίγον
3164 2977 3253 3032 τὸν
3285 2977 3555 3049 βουϐῶνα,
3583 2980 3678 3046 τῆς

2106 3065 2305 3120 ἐαυτοῦ
2336 3066 2580 3136 κεφαλῆς
2602 3066 3112 3138 ὑπερκαθεζόμενον
3143 3065 3284 3124 εἶδεν
3313 3071 3410 3123 ἐπὶ
3445 3069 3670 3143 σχοινίου

2113 3159 2280 3228 τινος,
2310 3158 2543 3228 ἄγγελον
2572 3159 2762 3213 τοῦτον
2790 3160 2952 3224 εὐθὺς
2975 3160 3166 3231 ἐνόησε
3197 3161 3365 3214 κακὸν
3403 3155 3564 3226 εἶναι,
3589 3162 3676 3213 καὶ

415 3253 600 3309 statim
633 3254 884 3326 angelum
903 3254 1104 3309 malum
1124 3253 1392 3310 intellexit
1421 3267 1566 3319 esse,
1602 3261 1656 3307 et
1675 3252 1824 3308 nullo
1845 3261 1998 3324 pacto

2111 3249 2310 3308 οὔποτε
2346 3251 2454 3306 τῶν
2475 3250 2698 3320 ἀγαθῶν
2727 3251 3038 3323 γενόμενον.
3065 3254 3390 3324 Διακάρδιον
3416 3253 3506 3308 οὖν
3529 3254 3676 3324 ἔσχεν

421 3349 692 3402 bonorum
725 3348 1000 3404 nuntium.
1034 3347 1217 3404 Sensit
1258 3361 1389 3418 ergo
1411 3345 1654 3403 dolorem
1683 3346 1831 3402 circa
1862 3361 2005 3418 prae-

414 3441 625 3507 cordia,
648 3455 712 3496 ac
734 3441 1053 3512 repentinus
1081 3440 1290 3496 ventris
1315 3439 1474 3495 dolor
1512 3454 1640 3495 cum
1657 3438 2005 3495 vehementia

416 3529 568 3584 illum
587 3531 871 3600 corripuit.
909 3531 1130 3587 Amicos
1162 3530 1332 3602 igitur
1353 3529 1839 3600 circumspiciens:
1868 3527 2004 3599 Ego,

416 3615 615 3694 inquit,
642 3624 736 3694 qui
772 3622 909 3680 deus
952 3625 1093 3695 apud
1126 3638 1225 3680 vos
1284 3623 1508 3692 habeor,
1526 3623 1638 3693 jam
1671 3623 1796 3678 vita
1841 3621 2004 3677 linem

415 3715 698 3786 imponere
719 3729 907 3786 cogor,
939 3730 1066 3770 cum
1089 3715 1296 3771 factum
1329 3721 1525 3786 arguat
1553 3713 1722 3771 falsas
1752 3727 1877 3770 esse
1909 3729 2006 3770 vo-

415 3822 528 3872 ces,
559 3823 682 3878 quae
740 3807 906 3863 modo
950 3807 1017 3862 de
1050 3822 1134 3863 me
1163 3806 1483 3863 ferebantur
1514 3814 1607 3861 :et
1629 3805 1723 3877 qui
1775 3819 1806 3860 a
1843 3805 2003 3863 vobis

417 3895 744 3954 immortalis
805 3897 985 3955 dictus
1029 3913 1175 3966 sum,
1209 3897 1326 3969 jam
1380 3897 1449 3952 ad
1505 3905 1739 3952 mortem
1791 3897 1998 3967 rapior.

2108 3345 2323 3416 ὀδύνην,
2376 3343 2579 3414 ἄθρους
2622 3342 2670 3397 δ’
2711 3344 2860 3414 αύτῷ
2894 3343 2996 3415 τῆς
3045 3343 3251 3410 κοιλίας
3300 3347 3676 3418 προσήθρησεν

2108 3436 2334 3506 ἄλγημα
2390 3433 2529 3507 μετὰ
2576 3435 2938 3505 σφοδρότητος
2982 3436 3310 3507 ἀρξάμενον.
3381 3437 3675 3509 Ἀναθορῶν

2106 3524 2202 3580 οὖν
2223 3526 2358 3597 πρὸς
2389 3524 2518 3588 τοὺς
2544 3524 2751 3594 φίλους,
2789 3523 2848 3577 Ὃ
2875 3523 2996 3586 Θεὸς
3022 3525 3151 3597 παρ’
3183 3525 3312 3596 ὑμῖν
3339 3524 3472 3594 ἐγὼ,
3501 3525 3671 3594 φησὶν,

2107 3621 2212 3691 ἤδη
2261 3618 2664 3691 καταστρέφειν
2707 3617 3001 3689 ἐπείγομαι
3034 3619 3124 3672 τὸν
3166 3619 3300 3690 βίον,
3336 3619 3675 3690 παραχρῆμα

2109 3715 2210 3783 τῆς
2241 3712 2582 3783 εἱμαρμένης
2614 3711 2714 3773 τὰς
2741 3711 2866 3781 ἄρτι
2895 3726 2999 3780 μου
3042 3711 3533 3782 καταψευσαμένας
3569 3725 3678 3778 φω-

2111 3805 2208 3869 νὰς
2242 3803 2592 3874 ἐλεγχούσης,
2638 3803 2668 3856 6
2694 3803 2912 3874 κληθεὶς
2949 3801 3218 3867 ἀθάνατος
3253 3805 3343 3874 ὑφ’
3372 3803 3552 3873 ὑμῶν,
3578 3801 3672 3872 ἠδη

2110 3896 2292 3951 θανεῖν
2311 3896 2619 3968 ἀπάγομαι.

417 3990 619 4047 Verum
661 4007 953 4063 quarenon
971 3992 1133 4048 etiam
1160 4001 1530 4048 assentatores
1560 3992 1903 4064 puniuntur?
1934 3991 2165 4064 Utrique
2193 4008 2326 4049 sane
2372 3993 2643 4065 supplicio
2665 3992 2815 4067 digni
2833 3997 2991 4050 erant
3019 4008 3036 4049 :
3071 4005 3262 4049 verum
3291 4006 3419 4048 cum
3445 3991 3676 4048 nondum

418 4097 631 4155 tempus
659 4086 730 4140 sit
757 4085 983 4155 judicii;
1021 4087 1071 4141 is
1095 4087 1317 4156 punitur
1346 4086 1440 4156 qui
1483 4087 1718 4140 maxime
1751 4085 2022 4142 obnoxius
2053 4094 2140 4143 est
2162 4085 2404 4144 crimini.

486 4179 630 4244 Xlll,
652 4180 703 4235 i.
727 4199 748 4233 ‹
771 4179 1136 4237 Erantautem
1165 4181 1386 4253 quidam
1412 4181 1470 4236 in
1494 4180 1735 4237 Ecclesia
1752 4197 1876 4252 quae
1890 4188 2010 4236 erat

422 4293 442 4326 ι
479 4273 782 4330 Antiochiae
815 4275 1096 4346 prophetae
1128 4290 1194 4330 ac
1215 4273 1476 4330 doctores
1507 4290 1524 4327 :
1581 4279 1780 4344 nem-pe
1795 4274 2006 4328 Barna—

423 4388 442 4419 ι
479 4368 575 4424 bas
591 4377 646 4424 et
665 4369 854 4422 Simon
879 4368 970 4438 qui
989 4367 1290 4424 vocabatur
1306 4365 1490 4437 Niger.
1507 4363 1820 4436 Luciusque
1837 4364 1911 4436 Cy
1923 4379 2008 4420 rc-

423 4475 442 4508 ‹
488 4456 697 4522 nensis,
723 4465 780 4511 et
820 4456 1089 4512 Manahen
1148 4455 1384 4513 Herodis
1418 4455 1709 4512 tetrarchae
1747 4455 2007 4511 collucta-

425 4567 444 4602 ι
487 4563 624 4604 neus
650 4557 704 4604 et
727 4548 950 4603 Saulus.
977 4565 998 4601 ι

527 4641 688 4706 Ecce,
706 4641 975 4711 cujusque
992 4641 1362 4708 conversatio,
1380 4649 1436 4695 et
1451 4657 1558 4696 non
1579 4641 1753 4711 prima
1777 4655 1805 4693 a
1832 4654 2018 4709 puero.
2033 4629 2078 4684 ι)

420 4735 670 4791 educatio
697 4736 892 4791 salvat.
922 4737 1058 4793 Vide
1081 4737 1225 4792 enim
1255 4737 1521 4792 Manahen
1552 4752 1676 4791 cum
1695 4751 1808 4806 quo
1838 4737 2002 4789 fuerit

418 4825 684 4881 educatus
701 4825 793 4898 qui
820 4834 1001 4882 tamen
1061 4828 1360 4897 prophetiae
1387 4827 1590 4882 donum
1637 4827 1870 4896 adeptus
1889 4833 1996 4879 est.

993 4939 1218 4998 CAPUT
1260 4940 1404 4996 XIX.

422 5054 638 5126 Legatio
681 5052 944 5108 Barnabw
994 5062 1064 5126 et“
1079 5053 1242 5126 Pauli
1269 5072 1301 5108 a
1335 5054 1509 5108 divino
1550 5049 1752 5126 Spiritu
1783 5052 1864 5126 _t'n_
1895 5050 1999 5122 Cy-

491 5120 669 5196 prum,
695 5140 914 5195 quisque
937 5129 995 5178 in
1019 5124 1266 5195 Elymum
1300 5141 1514 5196 magum
1548 5120 1641 5194 per
1669 5120 1864 5179 Christi
1900 5120 1997 5176 nb-

493 5213 613 5250 men
643 5201 847 5266 operati
878 5197 1004 5252 sint.

491 5289 634 5355 Xlll,
673 5289 792 5344 2-8.
849 5305 868 5340 ι
903 5287 1040 5345 Cum
1098 5287 1285 5358 itaque
1332 5287 1718 5343 ministrarent
1761 5285 1843 5342 illi
1879 5286 1992 5342 Do-

425 5404 444 5438 ι
483 5384 634 5440 mino
677 5397 741 5439 ac
777 5383 1111 5453 jejunarent,
1137 5381 1278 5435 dixit
1317 5380 1558 5452 Spiritus
1588 5388 1851 5435 sanctus:
1889 5377 1990 5434 Se-

425 5495 443 5528 c
483 5485 705 5547 gregate
763 5473 900 5530 mihi
933 5473 1236 5531 Barnabam
1281 5482 1337 5530 et
1371 5473 1598 5529 Saulum
1648 5472 1707 5528 in
1759 5487 1900 5543 opus
1927 5469 1997 5525 ad

425 5586 442 5620 ι
479 5567 625 5638 quod
661 5567 924 5623 advocavi
948 5581 1064 5623 eos.
1105 5565 1354 5637 Cumque
1379 5566 1726 5638 jejunassent
1749 5573 1807 5619 et
1843 5577 1997 5619 oras-

423 5677 442 5712 ι
483 5666 630 5724 sent,
681 5657 1181 5732 imposuissentun
1225 5658 1330 5732 eis
1361 5672 1578 5724 manus,
1634 5655 1986 5712 dimiserunt.

491 5842 512 5874 ⁸
549 5841 708 5898 Joan.
757 5855 856 5897 vn.

2187 4200 2208 4234 ι
2241 4176 2423 4236 *Ησαν
2479 4181 2539 4235 δέ
2565 4250 2570 4254 ε
2597 4198 2743 4246 τινες
2778 4181 2835 4235 ἐν
2873 4179 3172 4252 Ἀντιοχείᾳ
3200 4178 3344 4233 κατὰ
3382 4179 3484 4251 τὴν
3517 4173 3675 4233 οὖσαν

2114 4293 2134 4328 ι
2179 4274 2509 4344 Ἐκκλησίαν
2538 4274 2816 4346 προφῆται
2851 4278 2944 4328 καὶ
2973 4273 3302 4338 διδάσκαλοι,
3333 4275 3361 4326 ὅ
3380 4290 3438 4327 τε
3478 4271 3676 4344 Βαρνά-

2111 4384 2132 4419 ι
2172 4365 2293 4431 ϐας,
2335 4368 2432 4421 καὶ
2461 4366 2645 4436 Σίμων
2683 4368 2712 4419 6
2750 4365 3084 4435 καλούμενος
3111 4365 3308 4436 Νίγερ,
3338 4367 3432 4418 καὶ
3457 4362 3674 4425 Λούκιος

2113 4476 2132 4511 ι
2170 4460 2199 4512 6
2227 4460 2556 4531 Κυρηναῖος,
2614 4459 2846 4529 Μαναήν
2868 4474 2930 4511 τε
2972 4457 3214 4526 Ἡρώδου
3259 4456 3355 4511 τοῦ
3379 4458 3671 4529 τετράρχου

2110 4568 2130 4603 ι
2171 4551 2488 4621 σύντροφος,
2522 4550 2614 4603 καὶ
2638 4548 2862 4613 Σαῦλος.
2897 4567 2917 4602 ι

2187 4643 2320 4696 Ἰδοὺ
2353 4645 2382 4696 ὁ
2413 4642 2614 4714 τρόπος
2643 4641 2892 4709 ἑκάστου,
2925 4639 3021 4696 καὶ
3055 4640 3206 4711 οὖχή
3244 4641 3309 4694 ἐκ
3334 4641 3522 4703 παιδὸς
3549 4639 3675 4692 ἁνα-

2105 4735 2282 4806 τροφὴ
2309 4735 2490 4798 σώζει.
2517 4733 2660 4804 Ὅρα
2684 4735 2794 4805 γὰρ
2821 4733 2916 4786 τδν
2949 4732 3179 4803 Μαναήν
3213 4732 3359 4798 τίνος
3385 4735 3673 4804 σύντροφος

2106 4826 2181 4881 ὣν
2215 4825 2549 4897 προφητείας
2578 4825 2806 4895 ἠξιώθη.

2705 4933 2957 4989 ΚΕΦΑΔ.
2977 4932 3080 4990 ῙΘ¹.

2117 5050 2456 5118 Ἀποστολὴ
2491 5049 2764 5119 Βαρνάϐα
2793 5047 2893 5101 καὶ
2921 5048 3166 5119 Παύλου
3204 5046 3349 5118 πρὸς
3374 5047 3481 5119 τοῦ
3517 5043 3670 5119 θείου

2172 5113 2518 5190 Πνεύμαέος
2545 5113 2631 5186 εἷς
2657 5121 2939 5187 Κύπρον,
2960 5118 3077 5172 ὅσα
3106 5133 3170 5171 τε
3218 5113 3572 5190 εἰργάσαντο
3606 5113 3671 5166 ἐν

2183 5187 2430 5262 ὀνόματι
2462 5191 2722 5258 Χριστοῦ
2746 5194 2834 5255 είς
2877 5190 3144 5259 Ἐλύμαν
3179 5188 3286 5242 τὸν
3310 5187 3523 5258 μάγον.

2178 5304 2198 5338 ι
2233 5281 2704 5354 Λειτουργούντων
2759 5282 2817 5335 δὲ
2865 5281 3043 5338 αὐτῶν
3083 5280 3164 5349 τῷ
3203 5281 3412 5352 Κυρίῳ,
3446 5278 3540 5333 καὶ
3581 5293 3668 5344 νη·

2106 5393 2124 5427 ι
2168 5372 2488 5438 στευόντων,
2519 5365 2640 5424 εἷπε
2671 5369 2735 5424 τὸ
2781 5370 3006 5440 Πνεῦμα
3043 5371 3105 5423 τὸ
3127 5370 3283 5439 ἅγιον
3307 5387 3320 5402 ο
3357 5367 3668 5439 ’Δφορίσατε

2110 5487 2129 5521 ι
2167 5468 2231 5539 δή
2271 5483 2361 5536 μοι
2396 5466 2488 5518 τὸν
2521 5462 2805 5534 Βαρνάϐαν
2827 5463 2927 5528 ,καὶ
2948 5462 3040 5517 τὸν
3076 5461 3278 5516 Σαῦλον
3320 5463 3399 5528 είς
3425 5462 3484 5515 τὸ
3516 5460 3667 5530 ἔργον

2107 5578 2126 5611 ι
2164 5559 2242 5621 εἰς
2273 5557 2302 5609 ὃ
2332 5553 2747 5626 προσκέκλημαι
2773 5551 2991 5615 αύτούς.
3018 5551 3151 5604 Τότε
3172 5551 3558 5620 νηστεύσαντες
3580 5544 3665 5598 καὶ

2109 5672 2128 5705 ι
2167 5648 2623 5723 προσευξάμενοι,
2658 5650 2753 5702 καὶ
2811 5633 3088 5709 ἐπιθέντες
3119 5644 3215 5707 τὰς
3258 5645 3443 5716 χεζρας
3471 5638 3664 5702 αὑτιῖς,
