4024 6554
593 452 710 520 ειη

1679 450 2079 516 (ECUMENII
2120 453 2412 519 TRICCE
2453 457 2793 522 EPISCOPI

3747 462 3847 531 208

680 565 821 629 XIII,
882 564 1072 619 ’.Η-57.
1134 560 1334 629 «Ωιιοά
1388 570 1570 617 autem
1620 562 1907 617 suscitavit
1974 578 2100 617 eum
2154 580 2163 617 :

2365 584 2384 618 ι
2417 569 2539 622 Ὅτι
2589 568 2644 621 δέ
2694 569 2994 641 ἀνέστησεν
3040 570 3203 625 αὑτὸν
3250 573 3318 627 ὲκ
3376 570 3613 648 νεκρῶν,
3666 581 3846 648 μηκέτι

612 675 630 709 ι
657 654 910 722 mortuis,
931 657 1043 727 jam
1077 668 1187 708 non
1221 651 1459 723 amplius
1504 667 1855 707 reversurum
1892 652 1948 707 in
1983 669 2179 709 corru-

614 769 631 800 ι
673 751 942 818 ptionem,
1010 745 1084 800 ita
1130 744 1316 800 dixit:
1381 744 1529 797 Dabo
1586 744 1746 799 vobis
1777 755 1969 799 saneta
2009 746 2177 800 David

616 863 633 893 ι
678 840 878 896 lidelia.
913 839 1040 894 loco
1094 852 1315 908 quoque
1374 838 1484 892 alio
1511 836 1564 890 in
1634 836 1757 891 loco
1815 838 2000 893 dicit:
2059 839 2177 893 Non

612 952 630 983 ι
670 930 939 987 concedes
974 939 1033 984 ut
1066 938 1294 984 sanctus
1351 926 1691 983 tuus'videat
1738 929 2175 999 corruptionem.

610 1044 631 1074 ι
690 1022 864 1079 Davtd
947 1020 1221 1091 siquidem
1293 1020 1386 1074 ubi
1442 1036 1541 1076 sua
1591 1030 1751 1076 aetate
1817 1021 2177 1086 deservisset,

608 1134 628 1167 ι
661 1114 891 1170 consilio
940 1113 1037 1168 Dei
1087 1111 1347 1167 dormivit
1385 1122 1441 1167 et
1509 1111 1794 1182 appositus
1857 1123 1940 1168 est
1970 1112 2037 1168 ad
2074 1130 2171 1185 pa-

609 1227 627 1257 σ
666 1216 780 1263 trcs
817 1220 948 1262 suos
980 1204 1231 1275 viditque
1254 1204 1670 1274 corruptionem
1695 1222 1708 1258 :
1736 1206 1781 1260 is
1798 1215 1987 1265 autem
2011 1221 2175 1277 quem

606 1317 628 1350 ι
668 1296 1083 1353 Deusexcitavit
1107 1312 1216 1351 non
1246 1296 1385 1351 vidit
1407 1298 1840 1366 corruptionem.
1873 1316 1889 1348 ι

646 1388 1094 1446 .Advertendum
1150 1398 1237 1443 est
1313 1388 1481 1459 igitur
1538 1388 1682 1458 quod
1762 1404 1870 1443 non
1923 1398 2170 1461 oporteat

600 1480 856 1536 confiteri
887 1496 1089 1551 corpus
1121 1480 1422 1536 Salvatoris
1443 1495 1507 1535 ac
1550 1481 1647 1535 Dei
1675 1481 1846 1537 nostri
1868 1481 1995 1537 Iesu
2011 1482 2174 1537 Chri-

600 1574 669 1629 sti
692 1573 861 1629 fuisse
893 1574 1127 1627 mortale
1155 1581 1279 1643 post
1349 1574 1816 1628 resurrectionem
1863 1582 1959 1629 aut
2010 1575 2176 1646 passi-

2287 679 2306 709 ι
2350 660 2614 727 μέλλοντα
2656 660 3025 731 ὑποστρέφειν
3065 662 3145 723 είς
3182 662 3514 736 διαφθοράν,
3565 663 3733 732 οὕτως
3776 672 3845 724 εί-

2288 772 2306 802 ι
2351 770 2551 822 ρηκεν,
2581 753 2663 805 ὅτι
2695 752 2863 806 Δώσω
2900 753 3029 822 ὑμῖν
3071 754 3141 807 τά
3186 755 3307 809 ὅσια
3356 756 3525 811 Δαυῖδ
3567 758 3636 810 τὰ
3674 763 3840 817 πιστά.

2287 864 2307 895 ι
2347 848 2438 898 Διὸ
2472 846 2565 899 καὶ
2601 847 2659 897 ἐν
2696 846 2868 916 ἑτέρῳ
2906 844 3084 914 λέγει·
3117 847 3191 900 Ού
3226 847 3423 911 δώσεις
3460 849 3554 903 τὸν
3583 849 3723 906 ὅσιόν
3762 871 3842 908 σου

2285 955 2305 988 ι
2349 938 2476 991 ἰδεῖν
2502 938 2823 1010 διαφθοράν.
2857 941 3020 995 Δαυῖδ
3045 943 3142 1013 μὲν
3168 944 3277 1015 γὰρ
3317 944 3428 1017 ἰδία
3458 948 3623 1017 γενεᾷ
3654 949 3842 1019 ὑπηρε-

2285 1050 2304 1082 ι
2348 1033 2539 1102 τήσας,
2573 1035 2637 1103 τῇ
2677 1032 2771 1086 τοῦ
2801 1032 2937 1087 Θεοῦ
2988 1034 3151 1108 βουλῇ
3200 1038 3476 1109 ἐκοιμήθη
3504 1077 3517 1099 .
3554 1041 3647 1093 καὶ
3686 1058 3841 1112 προσ-

2284 1142 2303 1175 ι
2346 1124 2505 1195 ετέθη
2538 1124 2674 1195 πρὸς
2704 1127 2827 1189 τοὺς
2868 1127 3109 1199 πατέρας
3136 1128 3324 1194 αὑτοῦ,
3372 1130 3469 1184 καὶ
3508 1126 3617 1185 εἶδε
3640 1132 3840 1203 διαιξθο-

2287 1236 2301 1268 ι
2353 1218 2471 1288 ράν.
2522 1219 2619 1271 Ὃν
2656 1218 2713 1272 δὲ
2759 1221 2786 1272 ὁ
2835 1219 2969 1285 Θεὸς
3016 1221 3247 1294 ἤγειρεν
3321 1223 3428 1277 οὐκ
3480 1219 3590 1279 εἶδε
3642 1225 3840 1296 διαφθο-

2286 1328 2303 1361 ι
2347 1310 2463 1379 ράν.
2502 1330 2521 1362 ι

2348 1400 2701 1471 Σημειωτέον
2727 1402 2909 1457 τοίνυν
2933 1403 3015 1457 δτι
3059 1404 3121 1457 οὑ
3159 1405 3244 1459 δεῖ
3266 1406 3328 1459 τδ
3364 1406 3529 1478 σῶμα
3560 1407 3652 1462 τοῦ
3679 1410 3842 1481 Σωτῆ-

2280 1507 2371 1561 ρος
2392 1492 2488 1545 καὶ
2526 1490 2667 1547 Θεοῦ
2715 1494 2876 1565 ἡμῶν
2915 1495 3090 1568 Ἰησοῦ
3131 1496 3374 1569 Χριστοῦ
3411 1498 3551 1569 μετὰ
3586 1500 3681 1572 τὴν
3724 1502 3840 1557 ἀνά-

2278 1602 2466 1639 στασιν
2523 1584 2765 1657 παθητὸν
2810 1588 3113 1657 ὁμολογεῖν,
3144 1590 3266 1661 ἤτοι
3330 1590 3527 1643 παθῶν
3573 1591 3835 1659 δεκτικὸν,

601 1667 736 1731 bile,
795 1681 976 1736 neque
1025 1676 1151 1720 ante
1181 1666 1642 1721 resurrectionem
1673 1666 2041 1737 impossibile,
2070 1667 2163 1724 hoc

2274 1674 2396 1729 ούδέ
2435 1675 2545 1746 πρὸ
2569 1677 2669 1747 τῆς
2700 1676 3054 1740 ἀναστάσεως
3076 1676 3304 1741 ἀπαθὲς,
3337 1679 3625 1735 τουτέστιν
3649 1681 3837 1753 ἄφθαρ-

600 1768 684 1813 est
711 1757 1135 1828 incorruptibile
1178 1767 1234 1813 et
1257 1758 1585 1813 immortale.
1620 1758 1755 1813 Nam
1809 1758 2172 1830 incorruptio-

2272 1784 2364 1821 τον
2397 1768 2490 1823 καὶ
2538 1767 2825 1824 ἀθάνατον.
2869 1768 2982 1841 Τὴν
3025 1771 3133 1841 γὰρ
3179 1770 3324 1825 κατὰ
3372 1771 3435 1827 τὺ
3473 1774 3836 1846 ἀναμάρτητον

599 1864 726 1905 nem
779 1849 1082 1905 secundum
1144 1848 1197 1905 id
1276 1850 1692 1920 provenientem
1737 1850 1883 1921 quod
1946 1859 2163 1921 peccato

2273 1858 2603 1931 άςθαρσίαν,
2627 1860 2891 1933 πρόδηλον
2941 1862 3017 1926 ὠς
3041 1858 3187 1933 εἶχεν
3225 1863 3286 1931 ἐξ
3338 1863 3509 1918 αὐτοῦ
3546 1864 3637 1919 τοῦ
3664 1866 3833 1941 καιροῦ

599 1954 710 1995 non
736 1949 822 1994 est
860 1940 1186 2004 obnoxium,
1223 1938 1576 1994 manifestum
1596 1949 1685 1996 est
1727 1939 1876 2010 quod
1934 1939 2003 1995 ab
2049 1940 2170 2011 ipso
2202 1921 2245 1976 Β
2270 1921 2375 2027 τής
2405 1921 2756 2025 έαρκῶσεῷς,

599 2030 994 2086 incarnationis
1023 2038 1274 2101 tempore
1303 2030 1585 2087 habuerit.

665 2122 807 2189 XIII,
847 2122 938 2188 38,
986 2124 1080 2179 39.
1111 2142 1130 2175 ι
1159 2122 1361 2179 Notum
1388 2123 1558 2195 igitur
1589 2123 1747 2179 vobis
1778 2124 1872 2193 sit,
1924 2124 2028 2180 viri
2060 2124 2169 2202 Ira:-

603 2232 623 2269 ι
661 2220 793 2278 tres,
823 2212 968 2283 quod
1003 2227 1104 2284 per
1131 2212 1278 2268 hunc
1312 2212 1567 2268 remissio
1594 2224 1950 2282 peccatorum
2011 2215 2170 2271 vobis

601 2322 621 2355 ι
658 2304 1040 2367 annuntiatur,
1068 2314 1124 2359 et
1175 2303 1245 2358 ab
1263 2303 1580 2359 omnibusa
1627 2304 1833 2374 quibus
1888 2320 1997 2360 non
2065 2321 2168 2376 po-

603 2419 620 2450 ι
657 2399 840 2454 tuistis
895 2415 995 2469 per
1025 2398 1198 2469 legem
1224 2398 1358 2453 Mosi
1376 2397 1687 2469 iustiﬁcari,
1714 2412 1812 2469 per
1826 2397 1975 2453 hunc
2013 2398 2169 2469 quis-

602 2509 623 2542 ι
657 2489 784 2559 quis
813 2486 1365 2558 creditjustitlcatur.
1404 2505 1424 2542 ι

665 2584 847 2649 Quare
874 2580 1254 2636 testimonium
1278 2596 1388 2636 non
1416 2580 1665 2653 adiunxit
1697 2595 1809 2652 quo
1868 2580 2169 2653 persuade-

596 2680 750 2727 retur
786 2686 891 2741 per
926 2671 1075 2725 hunc
1155 2669 1272 2724 Iieri
1337 2669 1718 2725 remissionem
1772 2671 2169 2740 peccatorum?

595 2762 734 2829 Quia
767 2762 874 2817 hoc
908 2762 958 2817 ei
1004 2760 1189 2818 studio
1244 2771 1365 2816 erat
1408 2760 1628 2816 tandem
1679 2761 1970 2818 ostendere
2018 2762 2166 2833 quod

597 2852 1027 2908 resurrexisset:
1076 2868 1188 2923 quo
1236 2851 1365 2907 dato
1407 2851 1545 2907 illud
1606 2851 1979 2908 indubitatum
2021 2862 2162 2908 erat.

595 2944 711 3003 Hoc
727 2946 937 3001 etenim
964 2944 1146 3017 magni
1178 2944 1424 3015 stuporis
1468 2953 1611 3010 erat,
1667 2944 1945 3015 quomodo
1997 2944 2163 3000 Israel

592 3038 688 3110 qui
746 3039 892 3094 [ilius
919 3038 1323 3111 primogenitus
1350 3047 1491 3102 erat,
1525 3044 1752 3107 propter
1800 3051 1967 3108 quem
1997 3038 2164 3108 periit

594 3130 887 3203 Egyptus,
923 3130 1164 3186 inimicis
1186 3130 1500 3202 Babyloniis
1549 3130 1785 3186 traditus
1802 3141 1949 3186 esset
1971 3130 2027 3185 in
2049 3129 2167 3202 gla-

592 3221 688 3277 dio
712 3230 773 3278 et
803 3222 1120 3294 captivitate
1153 3237 1217 3278 ae
1238 3222 1528 3278 servitute.

552 3456 557 3459 .
659 3402 1006 3469 XIII,40-42.
1052 3422 1071 3457 ι
1100 3404 1295 3460 Videte
1326 3419 1458 3476 ergo
1482 3419 1552 3460 ne
1594 3404 1947 3475 superveniat
2006 3404 2165 3460 vobis

597 3514 617 3548 ι
642 3496 791 3565 quod
809 3496 1016 3550 dictum
1049 3505 1134 3551 est
1158 3496 1213 3550 in
1241 3495 1548 3565 prophetis.
1593 3496 1787 3551 Videte
1811 3506 2163 3566 contempto-

600 3603 617 3636 ι
648 3598 737 3639 res
791 3592 848 3638 et
904 3582 1258 3638 admiramini
1309 3598 1375 3638 ae
1433 3584 1770 3649 evanescite,
1838 3584 1968 3654 quia
2024 3599 2164 3653 opus

586 3694 615 3727 ⁸ι
638 3690 856 3747 -eperor
880 3688 983 3746 ego
1004 3675 1061 3729 in
1090 3674 1290 3730 diebus
1307 3674 1528 3739 vestris,
1555 3675 1701 3745 quod
1726 3691 1833 3730 non
1857 3675 2099 3732 credetis
2116 3676 2161 3731 si

584 3787 616 3818 ιι
642 3766 785 3837 quis
812 3765 1161 3821 enarraverit
1194 3765 1351 3836 115
1382 3765 1563 3821 vobis.
1584 3765 1722 3820 Cum
1745 3774 1929 3821 autem
1954 3764 2161 3836 egressi

595 3877 615 3908 ι
637 3866 831 3913 εεδωιι
861 3872 892 3912 e
914 3872 1188 3929 synagoga
1205 3857 1541 3922 Judazorum,
1565 3856 1830 3927 rogabant
1872 3864 2062 3927 gentes
2102 3866 2163 3912 ut

592 3970 615 4001 σ
652 3950 905 4021 sequenti
942 3950 1175 4006 sabbato
1197 3948 1557 4020 loquerentur
1592 3948 1697 4004 sibi
1721 3947 1909 4003 verba.
1936 3948 1992 4019 ιι

648 4146 759 4202 Ubi
822 4145 1115 4201 clamasset
1203 4146 1467 4215 propheta
1554 4144 1814 4201 ﬂabacuc
1890 4145 2161 4203 adversus

588 4241 852 4311 iniustum
906 4239 1179 4311 judicium
1234 4248 1291 4294 et
1355 4239 1580 4292 nimiam
1632 4237 1728 4293 Dei
1792 4238 2158 4304 tolerantiam,

588 4349 653 4387 ac
695 4333 965 4387 dixisset:
1016 4332 1195 4398 Quare
1237 4330 1597 4385 ostenderunt
1628 4329 1764 4385 mibi
1824 4330 2045 4385 labores
2096 4346 2160 4387 ac

587 4422 918 4478 molestias?
947 4421 1208 4491 quoniam
1246 4420 1449 4476 factum
1477 4429 1567 4475 est
1612 4428 1804 4474 contra
1865 4435 1952 4476 me
2007 4421 2157 4492 judi-

584 4515 754 4578 cium,
779 4513 1024 4583 ctjudex
1041 4514 1261 4583 accipit,
1292 4522 1348 4567 et
1376 4513 1577 4583 impius
1613 4513 1877 4583 opprimit
1904 4515 2115 4585 justum
2141 4531 2156 4569 :

2347 2130 2366 2165 ι
2408 2111 2655 2166 Γνωστὸν
2692 2111 2786 2167 οὖν
2804 2112 2949 2166 ἔστω
2974 2113 3126 2183 ὑμῖν,
3157 2113 3353 2183 ἄνδρες
3385 2114 3631 2185 ἀδελφοὶ,
3652 2114 3729 2169 ὅτι
3757 2115 3832 2170 διὰ

2275 2224 2295 2258 ι
2336 2204 2528 2260 τούτου
2591 2206 2725 2276 ἡμῖν
2779 2205 2975 2274 ἄφεσις
3035 2207 3328 2276 ἁμαρτιῶν
3391 2207 3826 2276 καταγγέλλεται,

2278 2315 2297 2348 ι
2340 2297 2434 2350 καὶ
2467 2295 2579 2350 ἀπὸ
2627 2294 2848 2350 πάντων
2900 2288 2976 2349 ὧν
3003 2294 3104 2348 οὐκ
3151 2293 3454 2365 ἐδυνήθητε
3489 2296 3548 2347 ἐν
3582 2296 3657 2365 τῷ
3701 2294 3829 2364 νόμῳ

2277 2407 2296 2441 ι
2338 2388 2584 2451 Μωσέως
2615 2386 2997 2457 δικαιωθῆναι,
3046 2388 3108 2440 ἐν
3145 2386 3326 2457 τούτῳ
3354 2388 3466 2449 πᾶς
3508 2388 3538 2440 ό
3584 2386 3828 2439 πιστεύων

2275 2499 2295 2534 ι
2334 2480 2660 2537 δικαιοῦται.
2695 2497 2716 2534 ι

2338 2574 2441 2629 Διὰ
2490 2574 2544 2629 τί
2593 2574 2697 2628 οὐκ
2743 2574 2995 2645 ἐπήγαγε
3045 2572 3355 2645 μαρτυρίαν
3409 2573 3475 2627 δι’
3513 2566 3582 2647 ἦς
3626 2572 3825 2643 ἔμελλον

2271 2668 2561 2723 πείθεσθαι
2609 2669 2693 2723 ὅτι
2734 2668 2927 2738 ἄφεσις
2958 2667 3245 2739 ἁμαρτιῶν
3286 2668 3361 2722 δι’
3412 2667 3578 2721 αὑτοῦ
3607 2666 3820 2736 γίνεταις

2270 2761 2393 2815 Ὀτι
2422 2760 2484 2814 τδ
2515 2760 2952 2831 σπουδαζόμενον
2983 2759 3142 2813 τοῦτο
3173 2754 3262 2832 ἦν,
3290 2748 3357 2813 τὸ
3391 2760 3562 2827 δεῖξαι
3591 2759 3721 2822 τέως
3752 2759 3822 2811 ὅτι

2268 2852 2493 2924 ἀνέστη.
2524 2851 2728 2906 Τούτου
2768 2852 2826 2906 δέ
2866 2851 3318 2923 ὡμολογημένον,
3377 2853 3555 2905 ἐκεῖνο
3603 2853 3817 2921 ἀναμφι-

2270 2945 2557 3018 σϐήτητον.
2614 2946 2723 3000 Καὶ
2763 2946 2873 3016 γὰρ
2924 2941 2993 3016 ἦν
3044 2943 3246 3013 πολλῆς
3293 2943 3612 3014 ἐκπλήξεως
3651 2943 3757 3005 πῶς
3795 2941 3819 2992 ό

2279 3037 2521 3109 Ἰσραὴλ,
2560 3037 2674 3101 υίὸς
2727 3038 3074 3108 πρωτότοκος
3124 3035 3542 3105 ὠνομασμένος,
3594 3035 3658 3089 δι’
3703 3034 3812 3102 δνὴ

2265 3131 2541 3199 Αἴγυπτος
2581 3128 2853 3193 ἀπώλετο,
2905 3127 3271 3199 παραδέδοται
3308 3128 3426 3189 τοῖς
3465 3126 3675 3197 ἐχθροῖς
3722 3128 3815 3185 τοῖς

2189 3259 2234 3321 c
2267 3223 2628 3287 Βαϐυλωνίοις
2662 3224 2722 3276 ἐν
2769 3222 3016 3294 μαχαίρᾳ
3065 3222 3161 3274 καὶ
3198 3221 3550 3293 αἰχμαλωσίᾳ
3595 3222 3682 3274 καὶ
3714 3220 3815 3273 δον·

2268 3317 2411 3372 λεία.

2345 3429 2363 3462 ι
2406 3410 2637 3462 Βλέπετε
2671 3408 2764 3462 οὖν
2803 3408 2877 3478 μὴ
2914 3406 3120 3480 ἐπέλθῃ
3148 3407 3410 3476 ἐφ’ύμᾶς
3451 3407 3512 3459 τὸ
3552 3403 3810 3476 εἰρημένον

2273 3523 2292 3557 ι
2333 3505 2513 3566 ἐντοῖς
2532 3501 3120 3572 προφήταις.’1δετε,οί
3138 3499 3573 3572 καταφρονηταὶ,
3597 3500 3681 3550 καὶ
3702 3496 3809 3547 θαυ-

2274 3615 2294 3648 ι
2342 3597 2572 3669 μάσατε,
2600 3596 2697 3649 καὶ
2724 3593 3082 3664 ἀφανίσθητε,
3100 3593 3184 3646 ὅτι
3213 3593 3377 3664 ἔργον
3396 3592 3508 3663 ἐγὼ
3538 3588 3805 3663 ἐργάζομαι

2273 3708 2292 3742 ι
2334 3692 2392 3743 ἐν
2423 3692 2546 3753 ταῖς
2589 3688 2832 3760 ἡμέραις
2860 3686 3037 3757 ὑμῶν,
3066 3681 3111 3754 ᾧ
3146 3686 3207 3739 οὐ
3250 3684 3327 3757 μὴ
3358 3685 3693 3755 umerisve,
3726 3680 3807 3734 ἐὰν

2272 3803 2291 3837 ι
2331 3800 2416 3847 τις
2444 3781 2768 3854 ἐκδιηγῆται
2815 3780 2966 3851 ὑμῖν.
3018 3778 3304 3845 Ἐξιόντων
3349 3780 3407 3833 δὲ
3464 3780 3527 3832 ἐκ
3566 3777 3658 3845 τῆς
3698 3790 3801 3826 συν-

2273 3894 2291 3927 ι
2334 3874 2560 3944 αγωγῆς
2608 3870 2717 3925 τῶν
2759 3870 3053 3933 Ἰουδαίων,
3089 3872 3437 3939 παρεκάὶουν
3469 3870 3536 3923 τὰ
3581 3869 3696 3936 ἔθνη
3737 3864 3804 3924 είς

2273 3985 2293 4019 ι
2332 3966 2394 4021 τὸ
2446 3963 2652 4036 μεταξὺ
2688 3962 2983 4025 σάϐϐατον,
3039 3961 3341 4033 λαληθῆναι
3388 3963 3569 4025 αὐτοῖς
3614 3961 3676 4013 τὰ
3721 3957 3802 4029 M-

2271 4077 2290 4110 ι
2332 4074 2499 4128 ματα.
2534 4076 2553 4108 ν

2334 4148 2831 4220 Κατακεκραγότος
2876 4148 2970 4203 τοῦ
3031 4150 3317 4223 προφήτου
3370 4146 3673 4214 ’Ᾱϐϐακοίιμ
3719 4141 3800 4208 τῆς

2264 4242 2451 4297 ἀδίκου
2480 4240 2716 4313 κρίσεως
2745 4241 2841 4294 καὶ
2868 4241 2964 4310 τῆς
2996 4240 3135 4309 ἄγαν
3166 4240 3524 4307 ἀνεξικακίας
3550 4234 3635 4289 τοῦ
3663 4229 3796 4289 Θεοῦ.

2264 4335 2358 4389 καὶ
2380 4334 2662 4401 λέγοντος·
2704 4334 2820 4387 Ἱνα
2850 4333 2904 4385 τί
2955 4350 3045 4403 μοι
3092 4331 3301 4396 ἔδειξαν
3341 4332 3543 4393 κόπους
3589 4326 3676 4381 καὶ
3721 4320 3799 4373 πό-

2262 4444 2417 4492 νους;
2448 4427 2571 4481 ὀτι
2602 4426 2913 4491 ἐξεναντίας
2945 4443 3047 4496 μου
3072 4426 3265 4494 γέγονε
3297 4427 3505 4497 κρίσις,
3539 4421 3629 4475 καὶ
3653 4421 3677 4472 ὁ
3702 4432 3798 4484 κρι-

2263 4520 2362 4591 τὴς
2388 4519 2680 4590 λαμϐάνει,
2725 4520 2824 4573 καὶ
2874 4518 3076 4589 ἀσεϐὴς
3107 4516 3566 4571 καταδυναστεύει
3613 4512 3695 4566 τὸν
3735 4505 3797 4560 δί-

584 4621 685 4659 nee
702 4603 1028 4674 perducitur
1058 4603 1111 4656 in
1139 4605 1299 4657 tinent
1328 4618 1391 4657 ac
1425 4602 1818 4672 perfectionem
1840 4603 2109 4674 judicium
2138 4622 2152 4660 :

2269 4627 2438 4671 καιον,
2472 4608 2566 4662 καὶ
2595 4610 2656 4663 οὐ
2687 4608 2995 4678 διεξάγεται
3035 4612 3114 4672 εἰς
3164 4609 3314 4672 τέλος
3350 4611 3525 4680 κρίμα
3546 4624 3559 4638 ο
3593 4599 3793 4669 ἀποκρί-

587 4695 886 4766 respondet
950 4695 1115 4757 Deus,
1154 4693 1361 4763 iniquis
1392 4693 1607 4748 futuras
1650 4694 1992 4750 calamitates
2019 4711 2157 4766 prat-

2264 4719 2412 4756 νεται
2441 4703 2471 4755 ό
2501 4701 2654 4768 Θεὸς,
2688 4704 2801 4765 τοῖς
2828 4702 3076 4756 ἀδικοῦσι
3117 4707 3214 4765 τὰς
3254 4703 3517 4772 ἐσομένας
3546 4689 3795 4764 copy-pi;

586 4788 865 4842 truntians.
895 4788 1231 4841 Admiranda
1258 4802 1388 4841 vero
1420 4786 1696 4855 dicitquze
1714 4787 1961 4842 futurum
1985 4798 2069 4843 est
2098 4801 2158 4845 ut

2269 4795 2757 4865 προαπαγγέλλων.
2793 4794 3083 4864 Θαυμάσια
3113 4794 3168 4845 δὲ
3209 4794 3356 4860 λέγει
3384 4795 3452 4846 τὲ
3481 4790 3653 4850 αὐτοῖς
3680 4797 3791 4849 συμ-

583 4876 1019 4947 eiscontingant.
1052 4876 1120 4930 Et
1150 4876 1265 4930 haec
1287 4885 1435 4930 tanta
1467 4891 1532 4929 ac
1550 4876 1812 4930 aliadicit
1836 4876 1920 4930 sui
1944 4878 2155 4947 magni-

587 4966 796 5029 tudine,
823 4976 884 5019 ut
911 4980 1021 5020 non
1073 4964 1371 5019 credantur
1397 4964 1444 5018 si
1485 4964 1612 5034 quis
1639 4964 1945 5018 narraverit
1976 4965 2153 5029 vobis,

585 5054 785 5125 inquit.
858 5054 1030 5109 Porro
1090 5054 1290 5125 μεταξὺ
1360 5055 1630 5107 σάϐϐατον
1713 5056 1930 5110 vocavit
2003 5056 2157 5112 ium-

583 5163 705 5202 rum
781 5162 846 5203 ac
926 5147 1239 5217 proximum
1295 5147 1618 5211 sabbatum,
1671 5150 1814 5203 sicut
1875 5149 2017 5203 infra
2058 5151 2155 5205 de-

582 5238 772 5291 elarat.

618 5327 805 5394 χιιι,
853 5327 1041 5383 45-49.
1090 5345 1111 5381 ι
1148 5328 1340 5383 Soluto
1387 5337 1570 5384 autem
1606 5338 1755 5384 coetu
1802 5331 1976 5386 secuti
2026 5340 2155 5387 sunt

588 5436 608 5469 ι
648 5416 807 5472 multi
857 5416 1033 5474 Judaei
1068 5431 1134 5472 ac
1182 5416 1424 5487 religiosi
1493 5419 1753 5489 proselyti
1807 5418 2035 5475 Paulum
2091 5437 2155 5475 ac

589 5507 972 5572 rBarnabam,
1053 5508 1148 5578 qui
1222 5509 1568 5579 alloquentes
1605 5510 1913 5567 suadebant
1945 5514 2032 5567 eis
2095 5523 2154 5568 ut

586 5618 603 5648 ι
624 5609 1040 5669 (permanerent
1069 5602 1125 5656 in
1153 5602 1332 5672 gratia
1368 5604 1498 5668 Dei;
1529 5620 1593 5659 ac
1612 5606 1865 5673 sequenti
1920 5607 2151 5662 sabbato

585 5710 602 5742 ι
652 5691 907 5746 universa
986 5692 1389 5762 propemodum
1466 5692 1663 5747 civitas
1748 5693 2011 5749 convenit
2082 5694 2151 5748 ad

581 5799 600 5833 ι
635 5781 971 5839 audiendum
1014 5784 1242 5839 verbum
1273 5782 1390 5840 Dei.
1431 5783 1577 5839 Visis
1604 5792 1788 5839 autem
1845 5784 2023 5839 turbis
2057 5786 2151 5841 Ju-

581 5891 601 5925 ι
642 5871 742 5926 dari
786 5873 979 5943 repleti
1009 5884 1138 5930 sunt
1174 5875 1313 5940 zelo,
1347 5885 1403 5930 et
1435 5874 1889 5929 contradicebant
1921 5874 2006 5931 his
2029 5892 2150 5948 quae

2263 4883 2523 4953 ϐήσεσθαι
2583 4884 2864 4954 μέλλοντα.
2899 4885 3084 4937 Ταῦτα
3113 4884 3190 4949 δέ,
3248 4887 3407 4954 φησὶ,
3446 4878 3671 4936 τοσαῦτα
3718 4871 3793 4924 καὶ

2260 4976 2566 5045 τηλικαῦτα
2608 4976 2669 5029 τὸ
2702 4975 2933 5047 μέγεθός
2980 4979 3132 5029 ἐστιν
3174 4976 3247 5039 ὡς
3281 4977 3373 5030 καὶ
3403 4968 3729 5029 ἀπιστεῖσθαι
3751 4957 3795 5013 εἴ

2259 5085 2343 5130 τις
2374 5067 2513 5120 αὐτὰ
2540 5067 2670 5136 ὑμῖν
2702 5067 3220 5138 προαπαγγεᾶειεν.

2385 5323 2494 5377 Καὶ
2524 5324 2632 5375 τῶν
2666 5324 2973 5394 σεϐομένων
3004 5327 3361 5397 προσηλύτων
3388 5326 3465 5397 τῷ
3510 5320 3688 5390 Παύλῳ
3709 5314 3785 5369 καὶ

2266 5435 2281 5464 ‘
2326 5415 2402 5484 τῷ
2429 5416 2706 5488 Βαρνάδςιν
2773 5419 2971 5483 οἵτινες
3010 5420 3438 5491 προσλαλοῦντες
3479 5417 3678 5473 ἔπειθον
3707 5408 3786 5465 αὖ·

2262 5526 2279 5556 ι
2323 5507 2450 5570 τοὺς
2479 5508 2760 5578 ἐπιμένειν
2785 5513 2849 5581 τῇ
2872 5512 3051 5583 χάριτι
3071 5511 3185 5566 ⁸’τοῦ
3215 5512 3373 5579 Θεοῦ,
3403 5514 3518 5566 τότε
3546 5503 3783 5580 ἐρχομένῳ

2262 5618 2279 5649 ι
2321 5598 2587 5671 Σαϐϐάτῳ
2630 5602 2817 5672 σχεδὸν
2848 5605 2998 5658 πᾶσα
3027 5607 3061 5676 ἡ
3098 5605 3254 5670 πόλις
3302 5604 3535 5676 συνήχθη
3586 5594 3782 5655 ἀκοῦσαι
3892 5666 3893 5669 η

2262 5711 2279 5743 ι
2322 5694 2416 5746 τὶιν
2448 5692 2605 5764 λόγον
2651 5695 2743 5747 τοῦ
2767 5695 2926 5751 Θεοῦ.
2970 5697 3192 5763 Ἰδόντες
3244 5699 3300 5753 δὲ
3335 5700 3384 5752 οί
3427 5693 3651 5751 Ἰουδαῖοι
3680 5682 3781 5739 τοὺς

2260 5804 2278 5836 ι
2320 5786 2536 5858 ὄχλους,
2582 5788 2930 5859 ἐπλήσθησαν
2984 5791 3169 5862 ζήλου.
3226 5794 3336 5847 Καὶ
3381 5789 3649 5855 ἀντέλεγον
3689 5774 3779 5862 ἰε’ῖῖ

2261 5897 2279 5929 ι
2322 5879 2460 5951 ὑπὲρ
2505 5878 2603 5934 τοῦ
2664 5880 2872 5935 Παύλου
2924 5882 3258 5955 λεγομένοις,
3314 5872 3661 5949 ἀντιλέγοντες
3701 5860 3777 5918 καὶ
