4024 6536
243 460 363 528 239

1213 458 1599 522 COMMENT.
1632 456 1713 519 IN
1741 457 1926 518 ACTA
1959 436 2538 515 Αῑοοδτινοωιιωι.

3398 442 3514 507 Ξΐθ

255 605 278 628 .
331 574 802 648 βλασφημοῦντες.
823 572 1336 646 Παρῤησιασάμενοι
1364 573 1421 628 δὲ
1448 575 1476 626 ὁ
1498 571 1707 635 Παῦλος
1737 570 1831 623 καὶ

1952 586 1963 620 l
1999 584 2027 622 a
2060 566 2227 622 l‘aulo
2251 565 2597 623 dicsbantur.
2647 558 3091 616 contradicentes
3146 574 3209 613 ac
3249 557 3510 628 blasphe-

255 687 277 718 ε
321 668 351 719 ὁ
398 665 712 738 Βαρνάϐας,
749 661 905 719 εἷπον
936 683 952 697 ο
996 663 1163 736 ’Υμῖν
1195 659 1264 736 ἦν
1294 665 1591 733 ἀναγκαῖον
1620 660 1835 734 πρῶτον

253 776 279 809 ο
326 758 627 829 λαληθῆναι
674 757 767 811 τὸν
803 756 962 826 λόγον
997 755 1091 811 τοῦ
1135 756 1294 811 Θεοῦ.
1328 738 1563 828 ’Ἐπειδὴ
1619 754 1677 809 δὲ
1725 755 1833 808 ἁπ·

258 868 282 902 ι
330 850 563 904 ωθεῖσθε
582 850 771 915 αὐτὸν,
790 850 884 906 καὶ
899 850 1000 905 οὐκ
1019 849 1202 918 ἀξίους
1233 849 1448 921 κρίνετε
1478 849 1706 911 ἑαυτοὺς
1737 849 1839 918 τῆς

255 957 280 990 ε
327 940 552 994 αἰωνίου
576 940 746 1011 ζωῆς,
774 942 882 996 ίδού
909 941 1253 1013 στρεφόμεθα
1280 942 1359 1006 είς
1382 941 1451 995 τὰ
1481 941 1628 1013 ἔθνη.
1652 940 1839 1003 Οὕτως

257 1050 280 1081 τ
329 1035 441 1103 γὰρ
471 1033 783 1088 ἐντέταλται
811 1037 942 1106 ἡμῖν
970 1036 999 1089 ὁ
1019 1034 1244 1107 Κύριος.
1274 1035 1514 1090 Τέθεικά
1542 1051 1599 1089 σε
1627 1036 1706 1098 είς
1724 1034 1839 1103 φῶς

259 1141 286 1172 ‹
336 1121 532 1189 ἐθῶν,
562 1124 660 1179 τοῦ
688 1121 832 1180 εἷναί
858 1144 919 1179 σε
942 1128 1028 1192 είς
1058 1127 1332 1198 σωτηρίαν
1360 1126 1465 1191 ἕως
1488 1126 1717 1197 ἐσχάτου
1742 1126 1841 1195 τῆς

255 1230 284 1264 τ
330 1214 459 1284 γῆς.
491 1214 787 1270 Ἀκούοντα
824 1217 881 1272 δὲ
941 1218 1010 1272 τα
1052 1217 1182 1291 ἔθνη
1220 1218 1428 1289 ἔχαιρε,
1456 1219 1552 1271 καὶ
1592 1217 1842 1283 ἐδόξαζον

263 1325 287 1358 ι
335 1307 428 1360 τὸν
468 1307 629 1376 λόγον
672 1310 767 1363 τοῦ
816 1312 1044 1384 Κυρίου,
1072 1312 1169 1367 καὶ
1194 1313 1524 1367 ἐπίστευσαν
1562 1311 1678 1366 ὅσοι
1701 1307 1841 1383 ἦσαν

262 1418 285 1449 ε
332 1400 660 1472 τεταγμένοι
733 1405 814 1468 είς
867 1404 1012 1476 ζωὴν
1061 1406 1303 1461 αἰώνιον.
1354 1407 1646 1479 Διεφέρετο
1707 1406 1763 1460 δὲ
1813 1406 1843 1460 ὁ

260 1510 284 1542 ι
332 1491 491 1560 λόγος
523 1493 620 1547 τοῦ
660 1495 865 1567 Κυρίου
893 1497 961 1551 δι’
999 1497 1135 1568 ὅλης,
1149 1499 1251 1571 τῆς
1279 1498 1486 1570 χώρας.
1519 1517 1539 1551 ι

338 1756 678 1827 Σεϐομὲνους
727 1761 964 1818 ἐνταῦθά
989 1781 1050 1818 τε
1094 1766 1190 1820 καὶ
1220 1768 1428 1838 προῖὼν
1459 1769 1590 1833 τούς
1629 1773 1757 1840 περὶ
1786 1778 1844 1824 το

260 1847 473 1900 σικεῐον
502 1849 667 1913 σέϐας
702 1852 939 1923 θερμοὺς
979 1856 1074 1909 καὶ
1123 1856 1421 1929 διαπύρους
1452 1861 1549 1913 καὶ
1598 1861 1846 1931 ζηλωτὰς

1941 675 1961 709 ι
2000 656 2136 711 mias
2185 654 2493 725 loquentes.
2526 652 2681 706 Tune
2710 659 2928 720 sumpta
2960 648 3158 705 ﬁducia
3206 648 3409 703 Paulus
3454 657 3511 702 et

1943 766 1962 801 ι
2002 748 2276 804 Barnabas
2353 747 2660 801 dixerunt:
2712 744 2881 801 Vobis
2937 743 3227 815 oportebat
3271 741 3508 813 primunt

1946 862 1963 893 ι
1993 842 2143 911 loqui
2176 840 2405 895 verbum
2469 839 2561 892 Dei
2600 854 2614 891 :
2648 837 2744 893 sed
2785 835 3050 907 quoniam
3083 834 3348 905 repellitis
3376 831 3510 887 illud

1946 952 1966 984 ε
2000 943 2053 988 et
2087 932 2342 1002 indignos
2411 929 2673 1001 judicatis
2738 945 2836 985 vos
2882 930 3031 1000 ipsos
3082 936 3287 984 aeterna
3354 925 3464 980 vita
3496 941 3510 953 ·

1942 1044 1967 1076 ι
2006 1040 2138 1081 ecce
2167 1022 2542 1079 convertimur
2565 1022 2631 1077 ad
2662 1032 2888 1094 gentes:
2922 1021 3001 1078 sic
3055 1019 3203 1077 enim
3253 1018 3515 1090 praecepit

1945 1136 1966 1171 ι
2004 1118 2167 1174 nobis
2194 1118 2479 1173 Dominus.
2514 1115 2680 1172 Posui
2721 1124 2775 1170 te
2809 1115 2865 1170 in
2906 1116 3085 1170 lucem
3141 1114 3388 1185 gentium
3445 1119 3505 1165 ut

1947 1227 1967 1260 ι
2004 1209 2081 1263 sis
2115 1209 2171 1263 in
2214 1208 2447 1262 salutem
2476 1222 2651 1276 usque
2678 1204 2745 1260 ad
2810 1213 3117 1260 extremum
3172 1212 3351 1259 terrae.
3396 1202 3511 1257 An-

1945 1320 1966 1352 ι
2002 1300 2217 1357 dientes
2251 1309 2435 1356 autem
2476 1306 2668 1369 gentes
2709 1296 2907 1367 gavisa:
2934 1304 3063 1350 sunt
3120 1304 3175 1351 et
3235 1293 3515 1366 gloriﬁca-

1949 1414 1967 1445 ι
2010 1395 2142 1451 baut
2180 1394 2406 1449 verbum
2448 1392 2689 1448 Domini.
2738 1392 2807 1446 Et
2854 1390 3214 1446 crediderunt
3246 1398 3520 1460 quotquot

1948 1505 1967 1537 ε
2009 1493 2169 1541 erant
2197 1484 2433 1539 ordinati
2462 1484 2529 1539 ad
2570 1484 2736 1538 vitam
2789 1492 3072 1539 aeternam.
3128 1481 3521 1554 Divulgabatur

1951 1600 1970 1632 ι
2009 1588 2192 1635 autem
2270 1580 2498 1637 verbum
2585 1580 2803 1636 Domini
2866 1596 2965 1651 per
3036 1580 3352 1635 universam
3430 1595 3520 1635 re-

1953 1690 1972 1722 ε
2013 1672 2255 1742 gioncm.
2269 1691 2288 1724 ι

2019 1763 2326 1834 Religiosos
2348 1767 2481 1821 etin
2546 1767 2652 1822 hoc
2704 1767 2825 1823 loco
2856 1766 2991 1823 etin
3026 1782 3316 1837 progressu
3362 1776 3521 1819 vocat

1946 1869 2046 1910 eos
2093 1856 2187 1926 qui
2220 1855 2369 1911 circa
2403 1857 2690 1927 proprium
2719 1858 2933 1913 cultum
2990 1857 3272 1912 ferventes
3321 1856 3377 1911 et
3435 1872 3524 1910 ar-

262 1935 381 1989 τῶν
419 1937 596 1993 ἄλλων
624 1942 826 2011 μᾶλλον
879 1945 1052 2002 καλεῖ.
1087 1948 1196 2001 Καὶ
1243 1949 1352 2020 γὰρ
1401 1951 1450 2003 οί
1485 1950 1715 2006 τοιοῦτοι
1752 1953 1846 2007 καὶ

1952 1947 2145 2002 dentes
2173 1957 2353 2013 erant,
2385 1964 2450 2005 ac
2481 1949 2718 2021 majores
2747 1965 2860 2020 pra:
2903 1948 3121 2005 czeteris
3147 1948 3519 2004 aemulatores.

260 2031 473 2085 θᾶττον
494 2034 606 2087 τῶν
643 2036 820 2091 ἄλλων
858 2040 958 2113 τὴν
982 2043 1063 2106 είς
1100 2044 1335 2115 Χριστὸν
1365 2045 1725 2117 παρεδέχοντο
1756 2046 1847 2100 πί-

269 2136 420 2184 στιν,
451 2121 548 2175 an
583 2122 651 2196 δὴ
675 2126 774 2198 τὴν
808 2128 1083 2203 ὑπεροχὴν
1125 2134 1296 2205 αὐτῆς
1333 2135 1429 2190 καὶ
1463 2136 1525 2190 τὸ
1560 2137 1849 2206 μεγαλεῖον

267 2212 565 2283 δυνάμενοι
594 2221 847 2292 συνορᾷν,
888 2224 986 2277 καὶ
1025 2225 1125 2279 οὐκ
1153 2227 1482 2301 ἀνθρωπίνῳ
1507 2229 1693 2297 πάθει,
1732 2231 1849 2285 ἀλλ’

263 2304 541 2374 ἀληθείας
568 2311 755 2383 σκοπῷ
791 2315 885 2368 καὶ
912 2315 1194 2384 εὐσεϐείας
1223 2320 1387 2392 ἔρωτι
1416 2323 1510 2376 καὶ
1538 2322 1569 2376 δ
1610 2341 1848 2394 προκατο

271 2398 424 2467 εἶχον
478 2400 662 2469 σέϐας,
698 2403 888 2461 τούτου
932 2408 1172 2479 ζηλωταὶ
1200 2415 1613 2488 καθιστάμενοι.
1647 2419 1755 2473 Καὶ
1781 2416 1850 2473 αὖ

273 2489 443 2547 πάλιν
470 2494 522 2547 οί
546 2496 778 2552 τοιοῦτοι
803 2501 945 2556 κατὰ
976 2503 1088 2557 τῶν
1117 2505 1373 2577 μαθητῶν
1408 2510 1607 2580 μᾶλλον
1636 2512 1730 2566 καὶ
1754 2512 1849 2567 τοῦ

272 2581 638 2654 κηρύγματος
676 2588 1058 2660 παρωξύνοντο
1084 2594 1180 2649 καὶ
1208 2597 1511 2666 ἑμαίνοντο,
1542 2599 1621 2663 ὡς
1661 2618 1851 2672 περισ-

270 2672 505 2744 σότερον
533 2674 642 2730 τῶν
657 2676 832 2732 ἄλλων
858 2680 1018 2752 ζῆλον
1047 2683 1193 2753 ἔχειν
1217 2687 1345 2758 περὶ
1369 2687 1428 2742 τδ
1450 2690 1649 2744 οἰκεῖον
1680 2691 1845 2755 σέϐας

276 2762 737 2837 ἐπιδεικνύμενοι.
772 2771 841 2824 Ἢ
892 2773 1214 2845 σεϐομένους
1251 2778 1395 2844 ίδίως
1419 2782 1545 2844 τοὺς
1576 2783 1850 2854 προσηλύ‹

278 2870 410 2919 τους
441 2858 617 2916 καλεῖ.
652 2860 766 2915 Καὶ
807 2862 1135 2937 δημηγορῶν
1179 2867 1488 2940 ἔμπροσθεν
1522 2875 1610 2927 καὶ
1637 2874 1810 2943 λέγων
1832 2889 1846 2909 ο

284 2946 517 3019 ’Δνδρες
550 2950 881 3025 Ἰσραηλῖται
915 2959 1009 3012 καὶ
1037 2961 1088 3014 oi
1123 2962 1182 3015 ὲν
1220 2963 1348 3034 ύμῖν
1392 2965 1717 3036 φοϐούμενοι
1762 2968 1854 3023 τὸν

279 3036 440 3127 θεὸν,
477 3042 847 3115 φοϐουμένους
869 3050 961 3104 τὸν
993 3050 1126 3106 Θεὸν
1154 3054 1283 3118 τούς
1317 3057 1689 3127 προσηλύτους
1722 3060 1855 3113 ὲκά-

275 3126 405 3194 λιι,
462 3134 591 3196 τοὺς
645 3135 746 3205 μὲν
806 3139 915 3193 ἀπὸ
968 3144 1063 3196 τοῦ
1125 3145 1319 3213 γένους
1377 3150 1694 3216 σεμνύνων,
1759 3150 1853 3204 καὶ

297 3219 635 3314 ’ίσραηλίτας
658 3227 1016 3301 ἐξονομάζων,
1052 3237 1180 3300 τούς
1208 3239 1265 3291 δὲ
1296 3240 1379 3292 ὃτι
1411 3240 1484 3311 μὴ
1515 3241 1675 3296 τοῦτο
1705 3237 1853 3314 εἶχεν

282 3311 482 3399 είπείν,
513 3315 623 3368 ἀπὸ
662 3317 755 3387 τῆς
798 3319 1094 3391 θρησκείας
1136 3325 1357 3389 ίστίζωι.
1395 3327 1512 3380 Ἵνα
1544 3331 1621 3399 μή
1648 3311 1856 3393 τις

283 3398 509 3494 ὶαϐείας
559 3403 699 3461 εἶναι
738 3413 934 3485 νομίσῃ
971 3418 1049 3479 τὸ,
1096 3419 1211 3471 Οὐκ
1239 3419 1423 3486 ἀξίους
1477 3421 1691 3494 κρίνετε
1730 3424 1858 3478 ἑαυ-

282 3492 434 3558 τοὺς,
463 3494 553 3549 διὰ
586 3498 746 3554 τοῦτο
795 3507 1012 3574 πρῶτον
1066 3504 1240 3570 εἶπεν.
1288 3492 1618 3567 Ἀπωοείσθε
1668 3516 1853 3584 αὐτὸν,

280 3585 382 3639 καὶ
433 3588 579 3657 τότε,
630 3592 986 3666 Στρεφόμεθα
1024 3603 1105 3663 είς
1152 3605 1222 3657 τὰ
1264 3604 1414 3676 ἔθνη.
1464 3606 1580 3661 Οὐκ
1626 3604 1747 3663 εἷπε
1775 3609 1853 3676 δὲ,

284 3677 787 3771 Καταλιμπάνομεν
818 3690 981 3756 ὑμᾶς.
1010 3692 1150 3761 ἀλλ’,
1195 3694 1273 3761 ὡς
1293 3696 1554 3769 Δυνατδν,
1573 3700 1729 3771 φησι,
1761 3702 1857 3756 καὶ

282 3770 523 3826 ἐνταῦθα
553 3776 713 3831 πάλιν
738 3782 1065 3855 στραφῆναι.

358 3973 382 4007 ι
417 3957 482 4010 οι
517 3958 577 4012 δι
631 3961 875 4019 Ἰουδαῖοι
912 3966 1239 4039 παρώξυναν
1269 3968 1370 4037 τὰς
1415 3972 1713 4044 σεϐομένας
1758 3993 1857 4046 γυ-

289 4063 312 4100 ε
353 4049 550 4115 ναίκας
577 4054 675 4107 καὶ
696 4056 795 4120 τὰς
822 4057 1185 4130 εὐσχήμονας,
1214 4063 1458 4130 καὶτοὺς
1482 4066 1732 4136 πρώτους
1758 4070 1859 4139 τῆς

289 4158 311 4193 ι
352 4140 584 4210 πόλεως,
624 4147 721 4200 καὶ
766 4150 1064 4222 ἐπήγειραν
1110 4154 1350 4225 διωγμὸν
1388 4159 1480 4212 ἐπὶ
1526 4160 1616 4213 τὸν
1646 4160 1858 4215 Παῦλον

289 4248 310 4283 ι
355 4233 455 4286 καὶ
482 4234 573 4287 τὸν
600 4236 917 4308 Βαρνάϐαν·
958 4243 1054 4298 καὶ
1090 4243 1347 4311 ἐξέϐαλον
1377 4250 1574 4313 αὐτοὺς
1617 4252 1725 4304 ἀπὸ
1749 4254 1858 4306 τῶν

288 4338 310 4375 ε
348 4324 514 4393 ὁρίων
529 4328 808 4384 αὐτῶν.οἱ
830 4332 885 4387 δὲ
904 4336 1316 4409 ἐκτιναξάμενοι
1333 4342 1421 4393 τὸν
1450 4344 1724 4414 κονιορτὸν
1748 4349 1858 4399 τῶν

285 4431 309 4469 ε
350 4417 529 4471 ποδῶν
568 4422 750 4477 αὐτῶν
780 4426 867 4479 ἐπ’
894 4429 1112 4495 αὐτοὺς,
1143 4427 1307 4504 ἦλθον
1336 4433 1677 4497 είςἸκόνιον.
1709 4439 1773 4491 Οἱ
1800 4439 1855 4493 δὲ

287 4524 311 4559 ε
350 4510 593 4581 μαθηταὶ
608 4516 944 4585 ἐπληροῦντο
979 4524 1150 4592 χαρᾶς
1173 4525 1265 4577 καὶ
1284 4524 1604 4593 Πνεύματος
1634 4527 1813 4597 ἁγίου.
1831 4548 1850 4582 ι

1945 2039 2232 2110 Siquidem
2268 2041 2404 2097 tales
2429 2027 2596 2097 etiam
2637 2042 2844 2098 Christi
2864 2041 3025 2096 ﬁdem
3054 2051 3179 2096 ante
3201 2042 3339 2097 alios
3400 2056 3521 2098 sus-

1916 2142 2238 2205 ceperunt,
2294 2135 2483 2205 utqui
2560 2144 2787 2206 possent
2844 2135 2963 2207 ejus
3004 2134 3387 2191 excellentiam
3453 2148 3528 2189 ac

1948 2225 2383 2295 magnitudinem
2407 2226 2748 2296 conspicere,
2778 2236 2835 2281 et
2865 2242 2975 2282 non
3008 2225 3249 2280 humano
3301 2225 3523 2289 all‘ectu,

1948 2318 2048 2374 sed
2087 2318 2336 2374 veritatis
2358 2317 2562 2374 intuitu
2621 2334 2685 2375 ac
2752 2318 2977 2390 pietatis
3029 2334 3237 2385 amore,
3297 2318 3527 2389 ejusque

1950 2409 2133 2465 cultus
2168 2424 2335 2479 quem
2394 2409 2551 2479 prius
2615 2420 2947 2478 acceperant
2983 2409 3143 2479 116
3178 2409 3528 2463 aemulatores

1950 2501 2259 2557 constituti.
2313 2500 2557 2557 Rursum
2604 2518 2635 2558 e
2670 2502 2892 2557 diverso
2925 2501 3020 2571 qui
3054 2502 3189 2556 tales
3222 2515 3406 2565 erant,
3435 2501 3529 2555 ad-

1950 2610 2147 2651 versus
2187 2594 2489 2666 discipulos
2538 2604 2596 2650 et
2621 2593 3070 2665 praedicationem
3117 2591 3289 2664 magis
3341 2592 3528 2647 irrita-

1949 2687 2157 2742 bantur
2175 2704 2241 2744 ae
2275 2687 2647 2764 insaniebant,
2670 2687 3031 2742 ostendentes
3059 2688 3207 2757 quod
3236 2688 3530 2745 vehemen-

1951 2779 2147 2833 tiorem
2175 2779 2353 2834 zelum
2376 2779 2524 2835 circa
2561 2778 2848 2850 proprium
2886 2780 3095 2834 cultum
3155 2794 3269 2849 pra:
3315 2780 3530 2837 caneris

1953 2869 2244 2925 haberent.
2290 2870 2400 2926 Aut
2429 2872 2715 2942 religiosos
2746 2872 2969 2941 proprie
3001 2880 3164 2928 vocat
3189 2873 3525 2944 proselytos.

1955 2960 2174 3016 Etenim
2219 2975 2345 3016 eum
2410 2961 2467 3016 in
2524 2961 2918 3032 superioribus
2987 2961 3415 3019 concionaretur
3464 2977 3531 3020 ac

1954 3050 2357 3109 ὤθει-οιτνίτί
2404 3053 2667 3109 Israelita
2720 3060 2775 3108 et
2802 3053 2897 3122 qui
2939 3053 3150 3108 timetis
3203 3053 3398 3118 Deum,
3456 3053 3529 3108 ti-
3593 3100 3602 3108 .

1953 3153 2169 3201 mentes
2222 3145 2393 3202 Deum
2434 3146 2667 3203 vocabat
2739 3145 3053 3217 proselytos
3087 3166 3099 3201 :
3136 3146 3260 3201 illos
3303 3146 3526 3217 quidem

1954 3251 1986 3290 a
2035 3251 2239 3307 genere
2294 3238 2575 3296 inmorsus
2628 3247 2686 3294 et
2744 3238 3024 3293 lsraelitas
3073 3239 3377 3309 appellans,
3431 3239 3532 3295 bos

1959 3344 2094 3384 vero
2135 3330 2265 3400 quia
2296 3330 2351 3385 id
2385 3330 2576 3386 dicere
2620 3345 2733 3385 non
2755 3337 2999 3400 poterat,
3028 3345 3058 3384 a
3110 3331 3380 3403 religione
3427 3326 3532 3388 Fd-

1959 3436 2202 3491 2qnans.
2246 3420 2464 3491 Nequis
2495 3420 2723 3492 pudoris
2749 3435 2814 3476 ac
2864 3420 3148 3479 modestiae
3191 3422 3533 3479 existimaret

1960 3529 2083 3569 esse
2121 3515 2268 3584 quod
2328 3515 2555 3581 dicitur,
2594 3514 2850 3586 indignos
2884 3512 3148 3585 judicatis
3217 3530 3317 3570 vos
3356 3514 3526 3586 ipsos,

1957 3601 2169 3659 idcirco
2225 3603 2509 3674 praemisit,
2542 3604 2829 3675 Repellitis
2851 3604 3032 3660 illud:
3075 3615 3133 3661 et
3181 3614 3315 3662 tunc
3333 3607 3527 3663 addit:

1958 3694 2344 3751 Convertimur
2376 3696 2444 3752 ad
2491 3706 2701 3767 gentes.
2742 3697 2863 3752 Non
2913 3697 3054 3753 dixit
3078 3706 3267 3756 autem
3296 3716 3311 3754 :
3340 3701 3531 3757 Relin-

1959 3787 2183 3856 quimus
2200 3801 2318 3852 vos,
2339 3786 2433 3843 sed
2452 3787 2599 3858 quod
2633 3787 2748 3844 lleri
2771 3788 2945 3860 possit
2973 3798 3031 3844 ut
3065 3806 3305 3856 rursum,
3332 3790 3530 3863 inquit,

1962 3879 2053 3934 hic
2080 3893 2497 3935 conversemur.

2030 3969 2174 4034 Xlll,
2206 3967 2389 4025 50-59..
2442 3988 2460 4022 ι
2538 3968 2716 4026 ,Ιυὰιεὶ
2758 3986 2893 4027 vero
2931 3971 3311 4030 incitaverunt
3334 3975 3533 4029 mulie~

1969 4079 1987 4111 ι
2019 4075 2110 4116 res
2140 4058 2427 4129 religiosas
2452 4066 2510 4114 et
2556 4059 2843 4126 honestas,
2883 4060 3206 4133 primosque
3244 4063 3487 4119 civitatis
3516 4106 3531 4131 ,

1968 4171 1986 4203 ι
2022 4148 2483 4206 etexcitaverunt
2559 4150 3006 4222 persecutionem
3062 4152 3117 4208 in
3176 4152 3406 4209 Paulum
3469 4171 3534 4210 ac

1965 4260 1986 4297 ι
2026 4240 2328 4298 Barnabam
2351 4259 2365 4293 :
2390 4249 2448 4297 et
2473 4242 2756 4313 ejeeerunt
2782 4256 2877 4298 eos
2893 4241 2961 4297 de
2983 4241 3187 4298 ﬁnibus
3205 4241 3340 4301 suis.
3358 4242 3427 4298 At
3458 4243 3534 4299 illi

1967 4354 1986 4387 ι
2015 4349 2250 4391 excusso
2276 4334 2503 4405 pulvere
2526 4331 2727 4404 pedum
2758 4348 2985 4390 suorum
3010 4333 3066 4389 in
3094 4348 3211 4400 eos,
3266 4345 3537 4410 venerunt

1969 4454 1986 4485 ι
2015 4433 2283 4490 Iconium.
2308 4431 2482 4487 Porro
2515 4430 2773 4503 discipuli
2811 4430 3173 4502 replebantur
3228 4429 3431 4504 gaudio
3481 4441 3538 4487 et

1968 4545 1987 4579 ι
2031 4525 2242 4597 Spiritu
2267 4534 2477 4581 sancto.
2506 4542 2526 4577 ι

365 4600 631 4695 Ἐνταῦοα
670 4589 1065 4679 πληροῦσινηδ⁷
1097 4589 1637 4687 προσέταξεν-αὐτοῖς
1740 4621 1849 4676 K6-

2028 4589 2132 4675 llic
2183 4618 2468 4689 complent
2518 4615 2667 4688 quod
2699 4615 2812 4672 illis
2845 4615 3111 4688 praecepit
3132 4589 3424 4682 Dominus,
3453 4616 3539 4671 di-

279 4707 422 4764 ρινς,
454 4690 661 4761 λέγων’
695 4698 822 4751 Ἐὰν
862 4702 936 4772 μή
973 4720 1054 4767 τις
1085 4704 1225 4774 ὑμᾶς
1257 4706 1506 4777 δέξηται,
1538 4709 1853 4776 ἐκτινάξατε

276 4783 377 4836 τὸν
413 4790 694 4858 κονιορτὺν
721 4791 831 4842 τῶν
878 4794 1055 4847 ποδῶν
1107 4797 1282 4865 ὐμῶν.
1313 4791 1472 4852 Οὗτοι
1513 4800 1571 4853 δὲ
1592 4802 1656 4854 οὐ
1693 4802 1855 4872 μόνον

277 4877 384 4928 οὐκ
413 4878 684 4944 ἐδέξαντο,
716 4883 852 4938 ἀλλὰ
881 4886 976 4938 καὶ
1002 4886 1289 4956 ἀπῆλασαν
1322 4891 1522 4954 αὐτούς
1552 4893 1659 4947 τῶν
1690 4894 1855 4965 ὁρίων

277 4967 485 5037 αὐτῶν,
514 4970 654 5041 ὅπερ
679 4974 795 5026 ἐστὶ
839 4979 1043 5046 χεῖρον.
1088 4979 1225 5032 Οὐδὲ
1267 4980 1375 5052 γὰρ
1405 4983 1681 5054 κονιορτὸν
1710 4985 1853 5038 θέλει

276 5060 428 5129 ἔχειν
455 5062 585 5126 τοὺς
612 5064 859 5134 μαθητὰς
889 5070 917 5122 ὁ
950 5069 1155 5140 Κύριος
1180 5071 1273 5125 ἐπὶ
1305 5073 1415 5129 τῶν
1445 5075 1620 5128 ποδῶν
1650 5077 1715 5132 ὲκ
1754 5081 1853 5148 τῆς

275 5152 391 5207 τῶν
414 5154 650 5208 ἀνοσίων
694 5158 1000 5231 ἀνθρώπων
1032 5164 1155 5231 γῆς,
1190 5164 1507 5230 δεικνύντας
1536 5167 1625 5221 διὰ
1661 5168 1852 5223 τούτου

273 5247 364 5299 ὅτι
409 5247 567 5300 οὐδὲν
622 5248 949 5320 ἐκομίσαντο
977 5254 1088 5308 ἀπὸ
1132 5257 1237 5310 τῶν
1270 5257 1531 5315 ἀπειθῶν.
1558 5262 1767 5332 Δεῖγμα
1796 5261 1854 5315 δέ

272 5337 428 5394 ἔστιν
448 5338 477 5392 ὁ
511 5342 789 5410 κονιορτὸς
809 5345 903 5399 τοῦ
933 5347 1104 5400 κόπου
1134 5346 1195 5402 ὃν
1216 5348 1517 5422 ὑπέμειναν
1544 5351 1609 5407 δι’
1634 5351 1852 5417 αὐτούς.

851 5546 1107 5602 ΚΕΦΛΛ.
1156 5547 1286 5603 KA'.

277 5662 473 5734 Ὅπως
497 5661 569 5715 ἐν
601 5661 833 5725 Ἰκονίῳ
865 5663 1238 5734 κηρύξαντες
1263 5665 1367 5718 τὸν
1414 5666 1678 5734 Χριστὸν
1707 5671 1856 5722 πολ·

348 5730 600 5855 λῶνιυτε
657 5730 1118 5788 πιστευσάντων
1166 5730 1543 5805 ἐδιώχθηᾰαν
1597 5741 1650 5791 οι
1706 5739 1855 5793 ἀπό-

347 5818 471 5859 ora.
540 5820 580 5859 t.

358 5914 379 5948 ι
414 5895 668 5964 Ἐγένετο
700 5895 756 5950 δὶ
795 5896 854 5950 ἐν
898 5895 1104 5967 Ἰκονίῳ
1138 5898 1277 5952 κατὰ
1318 5895 1375 5952 τὸ
1428 5898 1557 5952 αὐτὸ
1592 5902 1853 5957 εἰσελθεῖν

1956 4728 2132 4770 cens:
2213 4711 2274 4767 Si
2306 4710 2432 4781 quis
2472 4725 2581 4765 non
2616 4708 2923 4779 susceperit
2954 4724 3073 4771 vos,
3122 4708 3368 4779 excutite
3418 4709 3539 4780 pul-

1954 4819 2143 4861 verem
2191 4802 2396 4874 pedum
2470 4811 2805 4856 vestrorum.
2869 4797 2937 4854 lli
3004 4814 3138 4855 vero
3206 4815 3317 4855 non
3371 4800 3535 4856 modo

1955 4913 2067 4953 non
2111 4902 2492 4965 susceperunt,
2568 4906 2762 4946 verum
2804 4890 2971 4946 etiam
3036 4906 3178 4963 expn
3202 4898 3368 4946 erunt
3437 4906 3535 4947 eos

1953 5004 1983 5042 a
2034 4987 2239 5041 ﬁnibus
2274 4985 2410 5051 suis,
2457 4981 2604 5056 quod
2659 4983 2816 5055 pejus
2863 4993 2971 5037 est.
3004 4982 3194 5051 Neque
3223 4981 3372 5038 enim
3421 4982 3533 5038 Do-

1957 5077 2145 5134 minus
2188 5076 2494 5146 discipulos
2540 5074 2663 5131 vult
2712 5073 2916 5129 habere
2964 5073 3245 5143 pulverem
3299 5073 3536 5145 pedibus

1955 5169 2326 5224 adherentem
2364 5177 2569 5222 eterra
2624 5166 2921 5236 impiorum
2965 5164 3249 5222 hominum
3286 5182 3300 5220 :
3349 5172 3410 5220 ut
3437 5181 3535 5235 per

1953 5262 2065 5315 hoc
2102 5257 2460 5314 ostenderent
2488 5272 2545 5311 se
2588 5256 2727 5311 nihil
2758 5256 2959 5312 cﬂ'erre
2992 5256 3063 5311 ab
3103 5256 3535 5314 incredulis.Est

1955 5364 2139 5410 autem
2169 5351 2352 5423 pulvis
2374 5351 2637 5406 indicium
2667 5351 2872 5406 laboris
2895 5367 3058 5421 quem
3108 5361 3334 5422 propter
3382 5350 3533 5422 ipsos

1957 5447 2100 5516 passi
2136 5454 2288 5500 sunt.

2555 5553 2780 5612 CAPUT
2822 5553 2944 5610 XXI

1957 5670 2227 5753 Quomgdo
2282 5669 2455 5753 [genii
2508 5667 3273 5753 (.‘hristumpmdicaverint:
3307 5681 3532 5753 cumquo

2027 5739 2182 5864 mallii
2201 5740 2541 5794 credidissent
2578 5739 2989 5795 uersecutionem
3046 5739 3190 5810 passi
3217 5746 3341 5794 sunt
3396 5753 3530 5806 apo-

2026 5822 2108 5866 sto
2136 5828 2173 5865 ι.

2028 5902 2165 5970 XIV,
2213 5901 2312 5959 16.
2355 5902 2615 5958 «Accidit
2660 5910 2843 5957 autem
2889 5897 3059 5956 lconii
3121 5909 3177 5955 ut
3211 5899 3311 5973 ipsi
3361 5903 3531 5958 simul
