4024 6576
361 426 468 491 223

1443 426 1840 493 (ΕΟΠΜΕΝΙΙ
1863 426 2154 491 ΤΙῖιΕΠκΕ
2184 426 2525 493 EPISCOPI

3504 433 3629 502 125

364 537 573 608 absque
624 535 828 595 litteris
888 541 1005 596 hac
1054 541 1428 607 manifestare,
1484 541 1580 596 sed
1632 549 1692 595 ut
1758 539 1930 610 suspio

2051 538 2264 603 ἀγουτι,
2301 540 2406 592 Καὶ
2437 541 2588 611 ἡμῖν.
2651 537 2939 594 Ἦδύναντο
3011 541 3113 611 μὲν
3163 547 3273 615 γάρ
3324 544 3617 616 καὶ-χωρὶς

365 630 526 686 ciune
569 640 808 695 careret,
859 641 917 687 et
972 641 1229 701 tanquam
1275 632 1393 703 lege
1419 633 1629 702 scripta
1657 633 1774 687 haec
1819 632 1936 688 fieri

365 722 618 776 volentes
644 723 898 778 scribunt
922 724 1236 792 epistolam.
1273 724 1513 779 Rursum
1557 734 1617 779 ut
1652 724 1771 795 lege
1816 740 1942 794 per-

364 812 686 874 suaderent.
706 822 761 868 et
784 823 1018 883 quatuor
1078 813 1193 869 hac
1221 814 1337 869 fieri
1369 814 1752 885 prohiberent,
1782 826 1944 871 caete-

366 916 463 958 ros
494 921 675 960 mores
711 906 794 961 eis
833 906 1228 975 permiserunt.
1256 906 1387 972 Quae
1417 917 1546 963 sunt
1577 917 1760 962 autem
1789 907 1944 963 hac?

374 1015 393 1045 ι
434 995 501 1051 Ut
539 997 881 1063 abstineatis,
906 997 1107 1066 inquit,
1142 998 1322 1053 abhis
1345 1015 1467 1069 quae
1500 1008 1629 1055 sunt
1661 999 1942 1055 immolata

368 1085 680 1139 simulacris
720 1098 778 1141 et
819 1089 1085 1159 sanguine
1131 1099 1189 1144 et
1244 1089 1515 1145 sullocato
1546 1105 1612 1145 ac
1646 1090 1945 1147 scortatioo

368 1192 457 1231 ne.
497 1197 514 1228 ι
559 1178 660 1232 Per
682 1178 1012 1234 suffocatum
1040 1197 1171 1237 vero
1200 1181 1403 1237 eadem
1425 1182 1723 1251 prohibent

442 1354 603 1426 126
628 1354 740 1418 XV,
774 1357 959 1421 37,58.
1024 1376 1043 1409 ι
1083 1357 1360 1414 Barnabas
1392 1367 1575 1415 autem
1614 1359 1943 1416 consulebat

375 1460 394 1492 ι
433 1452 493 1497 ιιι
520 1456 867 1502 assumerent
891 1457 948 1501 et
973 1449 1239 1505 Joannem
1274 1459 1640 1522 cognomento
1674 1450 1938 1508 Marcum.

377 1553 398 1587 ι
435 1535 635 1592 Paulus
666 1553 796 1592 veru
822 1540 1104 1610 judicabat
1131 1558 1256 1597 eum
1283 1544 1376 1613 qui
1403 1543 1680 1600 defecerat
1708 1544 1777 1600 ab
1810 1543 1945 1613 ipsis

376 1645 395 1679 ι
438 1642 503 1682 ex
545 1629 882 1703 Pamphylia,
942 1648 1046 1689 nec
1092 1635 1231 1690 ierat
1282 1652 1407 1691 eum
1430 1635 1514 1692 eis
1548 1636 1604 1692 in
1636 1652 1798 1707 opus,
1831 1651 1949 1693 non

378 1738 400 1774 ι
439 1735 561 1777 esse
583 1724 996 1780 assumendum.
1035 1746 1056 1779 ι

455 1819 686 1872 loanues
708 1828 1073 1889 cognomento
1103 1821 1318 1878 Marcus
1347 1838 1536 1879 eomes
1585 1824 1720 1896 ipsis
1765 1824 1944 1882 fuerat

2044 630 2387 699 γραμμάτων
2416 630 2591 685 ταῦτα
2616 630 2876 697 δηλῶσαι,
2911 632 3049 686 ἀλλὰ
3075 633 3163 689 διά
3189 634 3251 688 τὸ
3276 635 3614 702 ἀνύποπτον,

2044 721 2140 773 καὶ
2188 719 2332 773 ὥστε
2365 722 2530 791 νόμον
2577 722 2856 792 ἔγγραφον
2882 722 3210 793 βουλόμενοι
3242 726 3416 780 ταῦτα
3461 727 3619 796 γενέ-ν

2044 810 2190 873 σθαι,
2211 812 2482 881 γράφουσι
2501 812 2601 880 τὴν
2626 813 2935 884 ἐπιστολήν.
2955 816 3122 869 Πάλιν
3153 815 3292 869 ὥστε
3323 819 3615 887 πεισθῆναι

2041 902 2121 974 τῷ
2147 904 2317 974 νόμῳ,
2384 903 2478 957 καὶ
2509 904 2585 957 τά-
2613 906 2855 976 τέσσαρα
2914 908 3089 961 ταῦτα
3137 909 3614 980 ἀπαγορεύσαντες

2041 996 2238 1059 ποιεῖν,
2276 996 2345 1049 τά
2372 994 2467 1065 ἔθη
2503 996 2569 1049 τὰ
2612 996 2775 1049 λοιπὰ
2812 997 3028 1060 ἑαυτοῖς
3085 998 3488 1069 συνεχώρησαν.
3546 1002 3615 1053 τί

2041 1084 2238 1140 δὲὲστι
2302 1086 2508 1150 ταῦτας
2568 1107 2589 1139 ε
2632 1087 2982 1157 Ἀπὲχεσθαι,
3012 1091 3199 1157 φασὶν,
3227 1091 3614 1157 εἰδωλοθύτων,

2044 1177 2140 1230 καὶ
2188 1177 2441 1245 αἵματος,
2488 1177 2585 1231 καὶ
2633 1180 2883 1243 πνικτοῦ,
2945 1183 3041 1234 καὶ
3091 1182 3371 1245 πορνείας.
3428 1201 3448 1235 ι
3515 1185 3621 1251 Διὰ,

2042 1268 2099 1321 δὲ
2128 1268 2223 1322 τοῦ
2254 1269 2556 1339 ἀπέχεσθαι
2582 1269 2829 1336 πνικτοῦ,
2860 1270 2953 1326 τὸν
2979 1272 3138 1342 φόνον
3163 1273 3504 1344 ἀπείργουσι.

2120 1379 2139 1414 ι
2170 1361 2458 1432 Βαρνάϐας
2485 1361 2544 1416 δὲ
2597 1361 2957 1416 ἐδουλώσατο
3018 1362 3473 1433 συμπαραλαϐεϊν
3522 1362 3619 1416 τὸν

2024 1433 2069 1503 ἰ
2116 1453 2369 1524 Ἰωάννην
2396 1455 2490 1508 τὸν
2518 1453 2852 1523 καλούμενον
2863 1454 3112 1526 Μάρκον.
3144 1454 3357 1518 Παῦλος
3384 1455 3440 1508 δὲ
3460 1453 3616 1524 ἠξίου

2050 1561 2070 1594 ι
2114 1542 2207 1596 τὸν
2235 1543 2552 1599 ἀποστάντα
2586 1543 2682 1598 ἀπ’
2710 1543 2891 1600 αὐτῶν
2912 1544 3019 1598 ἀπὸ
3044 1545 3392 1616 Παμφυλίας,
3416 1545 3512 1599 καὶ
3540 1542 3619 1615 μὴ

2049 1652 2069 1687 ι
2110 1633 2428 1689 συνελθόντα
2448 1635 2633 1699 αὐτοῖς
2652 1636 2733 1699 είς
2760 1634 2825 1689 τὸ
2853 1635 3035 1707 ἔργον,
3064 1636 3138 1707 μὴ
3164 1633 3625 1708 συμπαραλαϐείν

2050 1744 2071 1779 ε
2105 1741 2316 1782 τουτον.
2347 1746 2382 1780 ν

2126 1818 2381 1891 Ἰωάννης
2412 1824 2441 1876 6
2477 1824 2813 1895 καλούμενος
2850 1824 3080 1895 Μάρκος
3107 1821 3177 1896 ἦν
3210 1823 3629 1896 συνώοιπορῶγ

371 1907 440 1963 ad
472 1923 697 1964 cursum
720 1912 1098 1983 evangelicum
1129 1929 1159 1969 a
1187 1914 1475 1973 Palaestina
1498 1933 1675 1989 usque
1691 1917 1761 1974 ad
1785 1919 1944 1975 Pam«

2051 1910 2233 1976 αὐτοῖς
2289 1914 2370 1978 είς
2423 1914 2518 1971 τὸν
2570 1917 2925 1987 εὐαγγελικδν
2949 1918 3169 1989 δρόμον,
3189 1918 3298 1973 ἀπὸ
3321 1915 3617 1972 Παλαιστί-

371 2000 612 2071 phyliam
654 2019 667 2056 :
701 2001 900 2059 deinde
929 2007 1195 2076 apostolis
1234 2018 1785 2068 constantercursum
1815 2028 1946 2083 pro-

373 2090 755 2159 sequentibus,
822 2108 888 2148 ac
941 2094 1216 2153 indefesso
1268 2100 1455 2155 animo
1513 2100 1582 2156 ad
1639 2104 1942 2159 certamina

373 2179 694 2248 obarmatis,
722 2183 939 2240 Marcus
987 2186 1154 2243 homo
1177 2191 1361 2262 segnis
1390 2208 1494 2249 nec
1531 2194 1816 2251 sufficiens
1872 2197 1941 2252 ad

375 2282 587 2331 tantum
627 2293 870 2345 cursum,
909 2288 966 2336 et
1010 2282 1077 2338 ad
1109 2285 1412 2342 certamina
1454 2301 1520 2341 ac
1547 2287 1792 2357 pericula
1821 2305 1945 2360 qua:

372 2363 430 2422 in
488 2384 706 2440 quaque
749 2373 974 2430 civitate
1019 2378 1400 2449 emergebant,
1433 2381 1621 2436 cursui
1661 2384 1942 2452 apostolo-

373 2473 497 2513 rum
532 2464 856 2520 rcnuntians
908 2481 1167 2525 reversus
1201 2479 1287 2525 est
1336 2470 1394 2526 in
1440 2472 1804 2540 Palaestinam,
1831 2491 1943 2531 non

372 2548 655 2607 Christum
673 2555 971 2628 abnegans,
999 2560 1097 2616 sed
1115 2561 1337 2634 longum
1367 2581 1699 2637 gravemque
1720 2583 1944 2625 cursum

377 2641 652 2700 devitans.
696 2646 900 2703 Paulus
921 2660 1105 2706 autem
1139 2667 1205 2708 ac
1238 2653 1518 2712 Barnabas
1564 2657 1793 2728 pietatis
1824 2660 1946 2717 fru-

376 2732 561 2788 ctibus
588 2734 757 2804 pleni,
787 2739 951 2793 etiam
982 2740 1449 2815 Jerosolymitanae
1467 2746 1723 2805 Ecclesia:
1753 2751 1949 2820 pracdi-

378 2831 570 2879 cantes
616 2825 996 2899 Evangelium,
1042 2831 1262 2890 labores
1319 2851 1667 2908 nequaquam
1700 2839 1946 2898 devitarc

376 2910 759 2970 decreverunt.
803 2916 940 2973 Cum
999 2920 1168 2991 igitur
1212 2932 1404 2995 gentes
1460 2942 1658 2984 omnes
1715 2929 1945 2987 Paulum

377 3017 443 3059 ac
474 3003 775 3063 Barnabam
823 3011 895 3066 ob
922 3015 1143 3085 egregia
1172 3016 1415 3075 facinora
1458 3019 1718 3078 laudibus
1743 3025 1946 3081 evehe-

379 3105 524 3187 rcnt,
551 3097 764 3156 Marcus
785 3105 1147 3163 contristatus
1175 3117 1260 3165 est
1280 3120 1337 3166 et
1353 3112 1537 3168 animo
1559 3127 1943 3187 compunctus,

378 3193 438 3240 et
483 3185 733 3246 fortassis
785 3192 859 3248 ita
890 3196 1155 3266 cogitavit
1186 3217 1201 3254 :
1234 3199 1290 3256 Si
1314 3218 1463 3259 nunc
1491 3185 1943 3265 socius'fuissem

2044 2021 2141 2075 νης
2170 2005 2332 2075 μέχρι
2361 2008 2708 2076 Παμφυλίας.
2766 2006 2900 2063 Εἶτα
2926 2010 3035 2063 τῶν
3056 2009 3372 2065 ἀποστόλων
3410 2007 3629 2080 εὐτόνῳ

2044 2087 2401 2165 κεχρημένων
2425 2096 2630 2169 δρόμῳ,
2648 2098 2745 2152 καὶ
2773 2100 3022 2168 ἀκαμπεῖ
3039 2101 3105 2171 τῇ
3132 2099 3279 2171 ψυχῇ
3319 2098 3458 2171 πρὸς
3485 2097 3617 2162 τοὺς

2043 2184 2263 2254 ἀγῶνας
2305 2186 2695 2259 ὁπλιζομένων,
2759 2191 2987 2260 Μάρκος
3041 2189 3119 2253 ὡς
3147 2190 3438 2262 ἄνθρωπος
3479 2205 3619 2261 ναρ-

2044 2277 2243 2350 κήσας,
2299 2279 2391 2335 καὶ
2419 2280 2494 2354 μὴ
2513 2281 2749 2336 εὐτονῶν
2778 2283 2917 2352 πρὸς
2949 2282 3042 2336 τὸν
3070 2282 3273 2353 δρόμον
3298 2283 3390 2336 τὸν
3420 2283 3619 2336 τοσοῦ-

2043 2386 2158 2434 τον,
2221 2368 2476 2443 καὶπρὸς
2515 2372 2641 2436 τούς
2677 2373 2734 2427 ἑν
2762 2372 2968 2442 ἑκάστῃ
3015 2371 3170 2426 πόλει
3203 2371 3619 2434 ἀνακύπτοντας

2045 2461 2264 2530 ἀγῶνας
2309 2464 2404 2517 καὶ
2426 2465 2729 2530 κινδύνους,
2761 2463 3177 2535 ἀποταξάμενος
3196 2464 3275 2534 τῷ
3299 2463 3486 2535 δρόμῳ
3504 2461 3619 2517 τῶν

2045 2552 2356 2608 ἀποστόλων
2383 2593 2404 2622 ,
2460 2554 2761 2625 ἐπανῆλθεν
2815 2554 2897 2618 είς
2948 2553 3047 2626 τὴν
3092 2553 3460 2625 Παλαιστίνην
3484 2592 3500 2618 ,
3552 2552 3618 2607 οὐ

2043 2643 2284 2715 Χριστὸν
2335 2644 2738 2715 ἀρνησάμενος,
2780 2642 2919 2698 ἀλλά
2961 2642 3053 2696 τὸν
3101 2642 3304 2713 δρόμον
3324 2642 3416 2696 τὸν
3450 2638 3619 2694 πολὺν

2047 2735 2141 2789 καὶ
2156 2733 2330 2806 βαρὺν
2354 2734 2858 2806 παραιτησάμενος.
2900 2732 3112 2799 Παῦλος
3136 2734 3195 2791 δὲ
3218 2734 3313 2788 καὶ
3332 2732 3621 2803 Βαρνάϐας

2048 2825 2283 2895 καρπῶν
2319 2824 2602 2890 εὐσεϐείας
2651 2818 2934 2896 γέμοντες,
2995 2824 3090 2879 καὶ
3133 2822 3618 2893 εὐαγγελιζόμενοι

2048 2915 2146 2988 τὴν
2169 2916 2227 2969 ὲν
2268 2914 2660 2987 Ἱεροσολύμοις
2705 2915 3065 2987 ιπικλησίαν,
3087 2914 3214 2979 τοὺς
3267 2914 3464 2978 πόνους
3496 2912 3621 2984 οὐχὶ

2048 3006 2417 3077 ἀπαγορεύειν
2476 3006 2869 3061 ἐϐουλεύσαντο
2921 3006 3197 3077 οὐδαμῶς.
3269 3004 3392 3059 Τῶν
3421 3003 3618 3058 -ὲθνῶν

2050 3096 2145 3153 οῦν
2197 3098 2417 3153 πάντων
2440 3088 2809 3155 ἐπαινούντων
2864 3099 2960 3154 τὸν
2993 3097 3205 3155 Παῦλον
3232 3098 3329 3152 καὶ
3354 3097 3448 3152 τὸν
3472 3097 3622 3169 Βαρ-

2051 3190 2222 3246 νάϐαν
2253 3190 2348 3244 ἐπὶ
2386 3191 2500 3253 τοῖς
2555 3189 2999 3262 κατορθώμασιν,
3022 3190 3053 3244 6
3081 3189 3307 3261 Μάρκος
3346 3187 3615 3260 λυπηθεὶς

376 3277 654 3347 laborum,
689 3300 836 3341 nunc
856 3303 1075 3359 quoque
1096 3293 1369 3365 particeps
1401 3312 1581 3353 essem
1611 3309 1669 3354 et
1698 3300 1945 3366 laudum,

2051 3283 2264 3354 ἐπλήγη
2314 3282 2414 3354 τὴν
2465 3282 2666 3355 ψυχὴν,
2697 3280 2795 3338 καὶ
2826 3283 2958 3347 ἴσως
2983 3282 3233 3354 ἐνενόησε
3284 3280 3481 3351 λέγων,
3536 3281 3623 3335 δτι

378 3379 437 3425 et
466 3371 539 3427 ita
586 3373 833 3432 decrevit
879 3396 984 3436 una
1031 3399 1158 3439 cum
1204 3388 1468 3456 apostolis
1499 3391 1566 3446 ad
1597 3392 1948 3461 pradicatio-

378 3476 507 3518 nem
530 3466 700 3522 exire.
734 3468 1014 3529 Barnabas
1048 3475 1215 3546 igitur
1240 3478 1422 3549 ipsum
1448 3483 1793 3552 paenitudine
1843 3486 1949 3543 du-

383 3564 532 3643 ctum
567 3562 810 3631 suscepit
846 3581 859 3618 :
899 3565 1102 3622 Paulus
1133 3585 1264 3625 vero
1291 3574 1677 3643 contendebat,
1708 3578 1899 3637 dicens
1930 3596 1945 3634 :

382 3641 504 3736 Non
534 3648 756 3716 expedit
781 3667 909 3706 eum
965 3656 1061 3724 qui
1092 3657 1377 3714 nobiscum
1401 3676 1513 3716 non
1547 3672 1632 3719 est
1664 3641 1953 3736 profectus

383 3732 452 3788 ad
480 3749 619 3805 Opus
659 3739 899 3809 Domini,
930 3744 1092 3801 simul
1123 3764 1427 3806 assumere.
1462 3732 1741 3811 Dissensio
1766 3758 1951 3828 itaque

379 3825 611 3896 iustitia:
635 3841 774 3897 erat,
797 3844 981 3892 etnon
1018 3839 1134 3895 ira.
1164 3843 1367 3900 Paulus
1392 3844 1669 3916 siquidem
1698 3849 1849 3920 quod
1863 3825 1951 3923 iju-

384 3930 531 3974 stum
563 3932 648 3978 est
680 3928 983 3995 quaerebat,
1019 3930 1295 3990 Barnabas
1332 3952 1464 3992 vero
1479 3939 1632 4009 quod
1656 3941 1952 4013 benignum

382 4020 469 4067 est
498 4027 563 4068 ac
619 4014 941 4076 humanum.
985 4023 1200 4080 Marcus
1240 4027 1425 4099 itaque
1457 4031 1619 4087 simul
1655 4048 1780 4089 cum
1816 4035 1951 4091 Bar-

384 4103 528 4159 naba
559 4108 899 4175 versabatur,
924 4114 1170 4172 studiose
1197 4133 1364 4188 agens
1384 4130 1441 4175 et
1468 4122 1951 4182 circumcurrens:

387 4193 590 4253 Paulus
614 4215 745 4255 vero
770 4202 824 4258 in
849 4205 1084 4263 emtibus
1104 4210 1462 4280 praecipiebat
1484 4229 1554 4269 ne
1575 4216 1956 4286 susciperetur

385 4286 621 4355 Marcus,
663 4308 772 4349 non
798 4312 908 4365 quo
974 4298 1130 4354 illum
1171 4303 1547 4371 contristaret,
1579 4306 1680 4363 sed
1740 4317 1803 4365 ut
1835 4317 1949 4364 stu-

385 4380 598 4438 diosius
621 4398 828 4455 ageret.
862 4388 933 4443 Ut
958 4401 1145 4447 autem
1173 4395 1431 4464 cognovit
1458 4397 1665 4456 Paulus
1706 4401 1955 4460 Marcum

385 4472 708 4545 diligentem
738 4478 941 4535 factum
971 4499 1091 4540 esse
1137 4500 1203 4541 ac
1230 4488 1473 4545 secundo
1503 4506 1625 4548 sese
1672 4509 1955 4565 purgasse,

2065 3376 2129 3430 Ei
2160 3375 2195 3446 ῆ
2205 3393 2313 3447 μην
2349 3375 2606 3439 κοινωνὸς
2633 3374 2742 3429 τῶν
2773 3374 2974 3442 πόνων,
3001 3375 3269 3446 ἐγενόμην
3292 3374 3358 3429 ἀν
3377 3373 3504 3445 ἄρτι
3525 3371 3624 3429 καὶ

2050 3467 2307 3531 κοινωνὸς
2353 3467 2471 3521 τῶν
2509 3466 2749 3521 ἐπαίνων
2777 3483 2793 3500 θ
2822 3466 2918 3520 καὶ
2946 3465 3309 3520 δϐουλεύσατο
3334 3467 3448 3530 τοίς
3479 3464 3622 3519 ἀπο-

2052 3559 2258 3623 στόλοις
2314 3557 2653 3626 συνεξελθεῖν
2710 3559 2792 3625 είς
2833 3558 2895 3614 τὸ
2934 3558 3217 3630 κήρυγμα,
3256 3557 3315 3612 '0
3340 3553 3436 3613 οὖν
3474 3557 3621 3628 Βαρ-

2050 3652 2220 3715 νάϐας
2269 3652 2679 3722 μετανοήσαντα
2735 3650 2901 3706 αὐτὸν
2953 3650 3191 3716 ἐδέξατο,
3223 3652 3252 3705 ό
3296 3650 3356 3704 δὲ
3410 3647 3623 3713 Παῦλος

2051 3745 2375 3815 ἐφιλονείκει
2430 3744 2526 3799 καὶ
2583 3743 2759 3812 ἔλεγε,
2786 3742 2892 3798 Τδν
2923 3741 3001 3813 μὴ
3025 3743 3344 3798 συνελθόντα
3374 3743 3509 3814 ἡμῖν
3539 3742 3623 3805 είς

2051 3838 2112 3891 τὸ
2141 3837 2299 3906 ἔργον
2350 3836 2579 3907 Κυρίου,
2608 3836 2668 3889 οὐ
2699 3834 2781 3889 δεῖ
2820 3834 3404 3907 συμπαραλαμϐάνειν.
3443 3834 3506 3888 Ἡ
3528 3832 3624 3889 οῦν

2054 3929 2243 3992 στάσις
2291 3927 2642 3998 δικαιοσύνης
2664 3921 2756 3998 ἦν,
2774 3926 2836 3981 οὐ
2865 3924 3061 3998 θυμοῦ.
3103 3927 3166 3980 '0
3205 3926 3305 3997 μὲν
3337 3927 3445 3998 γάρ
3478 3926 3625 3981 Παῦ-

2052 4020 2143 4084 λος
2203 4020 2386 4091 ἐζήτει
2414 4019 2476 4072 τδ
2494 4019 2720 4083 δίκαιον,
2751 4021 2781 4073 6
2805 4019 2863 4073 δὲ
2890 4019 3177 4091 Βαρνάϐας
3218 4019 3280 4073 τὸ
3316 4018 3618 4091 φιλάνθρω-

2055 4129 2176 4166 πον.
2207 4111 2380 4181 Συνῆν
2410 4109 2590 4165 τοίνυν
2618 4112 2647 4165 6
2666 4112 2892 4182 Μάρκος
2912 4111 2990 4182 τῷ
3019 4111 3275 4182 Βαρνάϐᾳ
3309 4112 3625 4175 σπουδάζων

2056 4204 2154 4258 καὶ
2178 4203 2406 4273 τρέχων,
2428 4203 2456 4256 ό
2490 4202 2547 4257 δὲ
2574 4203 2785 4267 Παῦλος
2813 4205 2870 4256 ἐν
2899 4205 3021 4269 ταῖς
3066 4204 3386 4275 ἐκκλησίαις
3413 4204 3626 4275 παρήγο

2054 4292 2203 4363 γειλε
2240 4291 2313 4363 μὴ
2346 4291 2602 4363 δεχθῆναι
2650 4292 2744 4346 τὸν
2793 4293 3042 4363 Μάρκον,
3077 4294 3178 4364 οὐχ
3245 4294 3332 4347 ἵνα
3384 4294 3622 4366 λυπήσῃ,

2056 4380 2169 4435 ἀλλ’
2202 4379 2289 4434 ἵνα
2311 4378 2727 4449 σπουδαιότερον
2761 4382 2984 4453 ποιήσῃ.
3035 4380 3124 4445 Ὠς
3163 4381 3218 4434 δὲ
3252 4377 3392 4435 εἶδεν
3419 4383 3448 4434 6
3479 4379 3626 4435 Παῦ-

2055 4471 2148 4536 λος
2198 4469 2545 4541 προλαϐόντα
2575 4469 2675 4541 τὴν
2725 4470 2959 4541 σπουδὴν
2997 4471 3089 4525 τὸν
3119 4472 3346 4544 Μάρκον
3367 4472 3460 4526 καὶ
3487 4473 3626 4526 ἀπο-

380 4565 492 4635 jam
539 4567 733 4639 incipit
762 4587 888 4627 eum
914 4575 1245 4642 'assumere,
1299 4588 1357 4634 et
1405 4581 1481 4636 ait
1507 4599 1521 4636 :
1551 4602 1569 4634 ι
1601 4561 1814 4642 Salutat
1858 4561 1948 4644 vos

385 4657 598 4680 "una
830 4664 842 4680 .
899 4664 911 4676 .
1071 4667 1110 4680 ..
1255 4669 1267 4680 .
1403 4671 1418 4680 .
1837 4678 1846 4680 -
1913 4679 1920 4680 κ

2058 4563 2431 4634 λογησάμενον
2481 4562 2571 4615 διά
2612 4561 2722 4616 τῶν
2788 4562 3058 4636 δευτέρων
3086 4604 3102 4630 ,
3174 4564 3403 4635 ἄρχεται
3463 4562 3627 4617 αὐτὸν

2061 4653 2447 4680 _.._..-m-_n...
2499 4653 2592 4680 -.-ι
2615 4670 2798 4680 .-_-....
2832 4675 2846 4680 -
2871 4655 2922 4680 ι.
2942 4655 3199 4680 --υ---ω
3233 4656 3378 4680 με-
3400 4656 3626 4680 "1.-----

384 4657 601 4715 Marcus
656 4664 1022 4721 consobrinus
1070 4667 1358 4737 Barnabas,
1385 4671 1454 4727 de
1499 4689 1609 4743 quo
1661 4678 1958 4748 accepistis

389 4750 646 4807 mandata
682 4754 769 4810 :si
791 4759 1008 4814 venerit
1036 4758 1103 4814 ad
1136 4775 1233 4817 vos
1255 4763 1493 4834 excipite
1518 4781 1647 4821 eum
1673 4767 1740 4821 “.
1782 4786 1802 4821 ι

459 4932 576 4999 XV,
614 4937 685 4993 59
714 4938 803 4993 41.
840 4958 859 4991 ι
890 4940 1054 4997 Facta
1091 4952 1176 4998 est
1198 4952 1383 5001 autem
1412 4949 1763 5005 cxacerbatio
1795 4951 1868 5006 ita
1901 4961 1962 5007 ut

397 5045 417 5079 ι
454 5028 596 5083 alter
610 5030 679 5084 ab
710 5031 885 5087 altero
915 5034 1323 5105 sejungeretur,
1354 5047 1411 5093 et
1435 5038 1712 5096 Barnabas
1738 5044 1961 5111 quidem

396 5137 414 5170 ι
451 5129 735 5191 assumpto
797 5123 980 5179 Marco
1010 5126 1295 5197 navigaret
1324 5128 1379 5183 in
1426 5129 1667 5202 Cyprum
1704 5150 1720 5188 :
1752 5134 1963 5190 Paulus

397 5230 416 5264 ι
456 5229 588 5268 vero
603 5216 802 5272 allecto
828 5216 940 5273 Sila
965 5220 1121 5290 127
1153 5222 1434 5291 profectus
1449 5234 1554 5290 est,
1580 5227 1816 5284 traditus
1840 5246 1965 5300 gra-

396 5323 416 5357 ι
461 5306 550 5361 tias
578 5307 673 5362 Dei
716 5323 747 5361 a
778 5307 1064 5366 fratribus.
1103 5312 1169 5366 Et
1201 5315 1619 5382 perambulabat
1654 5317 1873 5387 Syriam
1899 5334 1964 5376 ac

401 5414 420 5449 ι
460 5397 709 5455 Ciliciam
739 5401 1074 5459 confirmans
1107 5404 1405 5461 Ecclesias.
1446 5426 1468 5461 ι

461 5572 849 5641 Exacerbatio,
909 5577 1107 5648 inquit,
1144 5579 1283 5637 facta
1329 5592 1435 5647 est,
1472 5599 1585 5640 non
1634 5585 1825 5641 odium
1873 5594 1969 5640 aut

394 5664 536 5720 rixa.
564 5666 804 5723 Tantum
827 5679 1010 5726 autem
1037 5674 1220 5744 potuit
1256 5678 1603 5735 exacerbatio
1652 5688 1711 5733 ut
1742 5692 1964 5748 separa-

482 5842 530 5873 “
562 5843 774 5899 Cm’uss.
811 5862 882 5910 Iv,
916 5848 999 5903 ίθ.

2060 4653 2472 4727 παρατίθεσθαι,
2499 4653 2592 4707 καί
2614 4670 2798 4725 φησιν·
2829 4675 2847 4707 ι
2871 4655 3204 4718 Ἀσπάζεται
3233 4656 3378 4726 ὑμᾶς
3399 4656 3626 4725 Μάρκος

2059 4748 2088 4800 6
2115 4745 2329 4815 ἀνεψιὸς
2376 4745 2651 4815 Βαρνάϐα,
2700 4744 2834 4816 περὶ
2882 4736 2944 4798 οὐ
2974 4746 3197 4802 ἐλάϐετε
3257 4747 3501 4814 ἐντολάς,
3533 4747 3630 4800 ἐὰν

2062 4838 2190 4910 ἔλθῃ
2226 4836 2450 4904 δέξασθε
2475 4837 2660 4893 αὐτόν.
2692 4857 2713 4890 ι

2138 4951 2156 4983 ι
2192 4930 2444 4999 Ἐγένετο
2484 4925 2578 4984 οῦν
2630 4928 2983 5002 παροξυσμὸς
3014 4934 3153 4985 ὥστε
3180 4932 3629 5002 ἀποχωρισθῆναι

2070 5042 2089 5074 ι
2124 5023 2321 5086 αὐτοὺς
2363 5021 2457 5076 ἀπ’
2488 5020 2756 5091 ἀλλήλων,
2796 5021 2890 5075 τόν
2946 5039 3005 5075 τε
3052 5022 3341 5094 Βαρνάϐαν
3389 5024 3633 5094 παραλα-

2075 5135 2093 5169 ι
2136 5115 2303 5168 ϐόντα
2328 5114 2420 5167 τὸν
2449 5114 2676 5184 Μάρκον
2709 5113 3005 5167 ἐκπλεῦσαι
3031 5114 3111 5180 είς
3146 5114 3391 5186 Κύπρον.
3424 5114 3632 5179 Παῦλος

2073 5229 2090 5262 ι
2125 5212 2183 5265 δὲ
2212 5209 2598 5277 ἐπιλεξάμενος
2650 5208 2843 5273 Σίλαν,
2886 5209 3115 5280 ἐξῆλθε,
3186 5210 3512 5280 παραδοθεὶς
3566 5213 3631 5281 τῇ

2074 5324 2091 5357 ι
2130 5303 2311 5375 χάριτι
2325 5302 2419 5355 τοῦ
2442 5299 2577 5354 Θεοῦ
2601 5300 2706 5355 ὐπὸ
2734 5302 2841 5355 τῶν
2871 5301 3136 5369 ἀδελφῶν.
3166 5304 3428 5373 Διήρχετο
3454 5303 3513 5359 δὲ
3535 5304 3633 5372 τὴν

2074 5416 2092 5450 ι
2132 5396 2333 5469 Συρίαν
2385 5394 2479 5449 καὶ
2524 5392 2779 5449 Κιλικίαν
2828 5394 3201 5466 ἐπιστηρίζων
3248 5396 3347 5459 τὰς
3400 5395 3636 5465 Ἐκκλη-

2072 5508 2095 5542 ε
2132 5487 2273 5553 σίας.
2310 5505 2331 5541 ι

2142 5580 2518 5653 Παροξυσμὸς,
2578 5580 2763 5652 φησὶν,
2816 5578 3053 5648 ἐγένετο,
3108 5579 3210 5633 οὐκ
3257 5579 3448 5651 ἔχθρα,
3514 5580 3636 5635 οὐδὲ

2075 5672 2395 5743 φιλονεικία.
2426 5671 2692 5728 Τοσοῦτον
2713 5670 2769 5727 δὲ
2797 5671 3014 5743 ἴσχυσεν
3048 5673 3076 5726 6
3099 5670 3471 5743 παροξυσμὸς,
3494 5670 3635 5728 ὥστε
