4024 6538
341 403 453 475 223

1303 408 1690 468 COMMENT.
1733 407 1815 467 ΙΝ
1848 408 2032 468 ACTA
2078 411 2655 479 APOSTOLORUM.

3500 415 3608 482 216

343 524 798 599 χωρίσαιαῦτοῦς
821 523 915 578 ἀπ’
947 521 1214 594 ἀλλήλων·
1246 523 1494 584 εἰκότως·
1527 523 1665 590 ὅπερ
1695 521 1927 584 ἕκαστος

2049 537 2120 580 'et
2147 543 2244 582 eos
2272 545 2302 582 a
2334 546 2391 586 se
2423 531 2658 586 invicem
2693 547 2708 598 ;
2745 541 2800 586 et
2821 530 2946 601 jure
2996 531 3228 602 Optimo,
3275 532 3423 601 quod
3452 533 3609 603 quis-

343 619 620 674 ὑπέλαϐεν
669 615 811 673 εἶναι
858 617 1155 682 λυσιτελὲς,
1180 616 1342 670 τοῦτο
1379 615 1518 688 μετά
1542 615 1717 670 ταῦτα
1755 632 1900 684 προσ

346 714 524 784 ήκατο
575 711 666 766 διὰ
721 713 824 783 τὴν
879 711 1014 784 πρὸς
1073 712 1280 764 ἐκεῖνον
1334 710 1644 765 κοινωνίαν.
1684 711 1847 763 Δοκεῖ
1869 711 1926 764 δὲ

347 806 493 861 κατὰ
545 805 766 859 σύνεσιν
814 804 1146 874 γεγενῆσθαι
1201 803 1232 856 δ
1273 802 1575 874 χωρισμὸς,
1625 803 1721 857 καὶ
1785 803 1925 874 πρὸς

347 897 616 961 ἀλλήλους
669 898 870 962 εἰπεῖν,
909 897 992 950 ὅτι
1033 895 1253 965 Ἐπειδὴ
1312 894 1422 964 ἐγὼ
1455 895 1737 968 βούλομαι,
1773 897 1840 951 σὺ
1869 897 1928 952 δὲ

346 990 408 1042 ού
445 989 647 1060 βούλει,
707 991 796 1042 ἶνα
848 989 923 1060 μὴ
963 987 1286 1059 μαχώμεθα,
1344 987 1756 1058 διανειμώμεθα
1802 990 1930 1055 τοὺς

346 1078 572 1142 τόπους.
612 1078 779 1131 Ὥστε
807 1077 950 1130 πάνυ
971 1078 1210 1140 εἴκοντες
1223 1076 1476 1146 ἀλλήλοις
1508 1078 1664 1131 τοῦτο
1686 1079 1927 1134 ἐποίουν.

361 1170 652 1226 Ἐϐούλετο
720 1171 829 1242 γὰρ
889 1171 1085 1241 στῆναι
1107 1171 1167 1223 τὸ
1200 1169 1410 1224 Παύλου
1458 1170 1487 1222 ὀ
1530 1170 1837 1240 Βαρνάϐας,
1861 1169 1930 1223 δι’

350 1262 379 1315 ὂ
407 1263 506 1317 καὶ
530 1245 899 1334 ἀνεχώρησεν.
964 1262 1155 1333 Ὅμως
1181 1262 1239 1315 δὲ
1271 1262 1365 1315 καὶ
1392 1263 1449 1314 ἐν
1472 1264 1583 1324 τοῖς
1621 1261 1934 1332 προφήταις

350 1354 515 1407 τοῦτο
561 1354 917 1424 εὑρίσκομεν,
968 1355 1065 1406 καὶ
1085 1353 1310 1423 γνώμας
1355 1353 1670 1423 διαφόρους,
1697 1354 1790 1406 καὶ
1819 1353 1934 1407 διά-

352 1461 497 1516 φορα
557 1445 706 1516 ἦθη’
783 1440 898 1508 οἷος
961 1448 988 1498 ὁ
1061 1446 1246 1509 ’Πλίας
1297 1447 1588 1516 αὐστηρὸς,
1649 1448 1676 1498 ὁ
1729 1446 1934 1514 Μωσῆς

351 1537 572 1604 πρᾶος·
621 1533 764 1590 οὕτω
785 1535 850 1606 δὴ
909 1539 1002 1588 καὶ
1053 1535 1288 1588 ἐνταῦθα
1338 1535 1692 1604 σφοδρότερὸς
1730 1536 1879 1587 ἐστιν
1908 1537 1936 1588 ὁ

353 1627 570 1691 Παῦλος
610 1627 704 1681 τοῦ
762 1627 1040 1698 Βαρνάϐα.
1095 1628 1245 1680 Πάνυ
1272 1627 1328 1680 δὲ
1361 1627 1560 1697 ὠφέλει
1589 1626 1680 1680 τὸν
1707 1627 1936 1696 Μάρκον

353 1721 388 1790 ὴ
414 1721 566 1790 μάχη
591 1718 753 1790 αῦτη.
791 1720 864 1772 Τὸ
888 1719 986 1789 μὲν
1011 1718 1120 1789 γάρ
1150 1718 1364 1772 Παύλου
1421 1719 1651 1789 φοϐερὸν
1683 1719 1937 1788 ἐπέστρε-

353 1829 457 1881 φεν
513 1812 786 1876 uariante
813 1811 868 1863 δὲ
910 1811 1168 1880 Βαρνάϐα
1220 1811 1454 1881 χρηστὸν
1507 1811 1681 1864 ἐποίει
1735 1809 1934 1882 μηκέτι

352 1902 773 1972 ἀπολειφθῆναι.
811 1902 976 1954 Ὥστε
1011 1901 1274 1972 μάχονται
1301 1902 1422 1972 μὲν,
1461 1903 1596 1974 πρὸς
1618 1902 1676 1955 ἓν
1697 1903 1754 1955 δὲ
1782 1903 1936 1968 τέλος

353 1995 576 2067 ἀπαντᾷ
605 1993 664 2048 τδ
693 1993 907 2064 κέρδος.
969 1995 1078 2048 Καὶ
1114 1994 1222 2065 γάρ
1252 1993 1462 2047 Παῦλον
1498 1993 1642 2066 ὁρῶν
1674 1994 1935 2064 αἱρούμε-

352 2104 446 2142 νον
499 2085 828 2156 ἀποστῆναι,
867 2085 1010 2140 πάνυ
1042 2086 1280 2158 ἐφοϐήθη
1312 2085 1408 2138 καὶ
1436 2087 1684 2153 κατέγνω
1716 2086 1933 2151 ἑαυτοῦ,

352 2179 454 2234 καὶ
480 2177 767 2248 Βαρνάϐαν
797 2177 938 2246 ὁρῶν
975 2176 1147 2242 οὕτως
1175 2177 1340 2230 αὐτοῦ
1378 2177 1762 2248 ἀντεχόμενον,
1795 2179 1936 2233 πάνυ

259 2287 268 2294 ·
354 2270 424 2324 ἂν
480 2269 644 2322 αὑτὸν
690 2269 938 2339 ἐφίλησε.
995 2269 1105 2322 Καὶ
1170 2267 1510 2339 διωρθοῦτοὸ
1560 2269 1806 2340 μαθητὴς
1851 2270 1938 2324 διὰ

352 2361 460 2430 τῆς
494 2360 674 2430 μάχης
721 2358 828 2412 τῶν
875 2358 1235 2425 διδασκάλων,
1301 2358 1562 2411 τοσοῦτον
1611 2360 1806 2430 ἀπεῖχε
1843 2358 1936 2413 τοῦ

359 2452 842 2524 σκανδαλισθῆναι.
896 2452 984 2517 Ὠς
1013 2453 1122 2524 γὰρ
1144 2449 1284 2506 εἶδεν
1315 2451 1506 2506 ἑαυτὸν
1536 2451 1709 2516 οὕτως
1739 2453 1940 2522 ἐκϐλη-

357 2547 522 2601 θέντα
575 2545 664 2600 διὰ
713 2547 812 2616 τὴν
845 2545 1119 2617 ῥᾳθυμίαν
1159 2545 1265 2598 ὑπὸ
1301 2544 1396 2598 τοῦ
1433 2544 1671 2610 Παύλου,
1710 2544 1940 2599 ἔσπευδε

355 2640 426 2709 τῇ
482 2636 764 2709 προθυμία
809 2637 973 2707 ἐντῷ
1001 2636 1241 2708 δευτέρῳ
1296 2637 1484 2706 δρόμῳ
1542 2636 1781 2706 καλύψαι
1844 2637 1941 2708 τὴν

358 2731 638 2801 προτέραν
667 2728 965 2798 νοχὲλειαν,
1000 2729 1138 2782 πάνυ
1177 2728 1479 2800 ὠφεληθεὶς
1523 2729 1634 2782 ἀπὸ
1660 2729 1758 2797 τῆς
1788 2731 1941 2800 ἀκριο

362 2822 518 2885 ϐεἱας
579 2822 670 2874 τοῦ
723 2820 961 2876 Παύλου.
1017 2821 1082 2874 Τί
1109 2819 1236 2887 οῦν;
1280 2821 1466 2893 ἐχθροὶ
1534 2821 1941 2892 ἀνεχώρησανς

359 2915 456 2987 Μὴ
527 2916 778 2983 γένοιτοί
831 2915 956 2968 Ὅτι
999 2914 1138 2968 δὲού
1172 2914 1398 2984 γέγονεν
1439 2913 1610 2985 ἔχθρα
1660 2916 1772 2977 τοῖς
1804 2914 1942 2967 dnc-

363 3005 598 3069 στύλοις,
635 3005 912 3059 δείκνυται
953 3005 1231 3075 πανταχοῦ
1261 3005 1397 3074 μετά
1452 3004 1612 3057 τοῦτο
1645 3003 1938 3074 Βαρνάϐας

362 3097 580 3152 πολλῶν
648 3098 942 3169 ἐγκωμίων
980 3096 1272 3152 ἀπολαύων
1305 3098 1457 3169 παρᾶ
1504 3096 1718 3152 Παύλου
1745 3099 1802 3150 ὲν
1828 3100 1945 3160 ταῖς

361 3190 702 3255 δπιστολαῑς.

934 3479 1188 3534 ΚΕΦᾹΛ.
1227 3482 1350 3536 KA'.

365 3590 514 3662 napi
575 3591 972 3662 κατηχήσεως
1037 3593 1336 3662 Τιμοθέου,
1372 3593 1468 3646 καὶ
1504 3593 1613 3660 τῆς
1635 3596 1784 3650 κατὰ
1805 3596 1944 3650 ἀπο·

442 3661 739 3731 κάλῌυψιν
776 3663 1035 3729 ἀφίξεως
1082 3661 1328 3715 Παύλου
1371 3665 1460 3728 εἰς
1513 3665 1894 3719 Μακεδονίαν
1925 3681 1943 3699 ⁸

439 3734 513 3804 ἐκ
537 3727 586 3798 ᾧ
615 3727 750 3804 περὶ
784 3727 1044 3804 πίστεως
1087 3733 1183 3804 καὶ
1206 3727 1506 3804 σωτηρίης
1556 3736 1720 3800 artic
1744 3754 1946 3804 γυναι,

439 3801 553 3867 κὸς
605 3803 824 3866 Λυδίας
858 3819 872 3832 ·
920 3802 1052 3872 ,περὶ
1109 3802 1325 3872 ἰάσεως
1349 3803 1459 3867 τῆς
1481 3805 1718 3872 πνεῦμα
1749 3801 1946 3858 anilla)-

439 3888 551 3937 νος
602 3872 864 3939 ἐχούσης
914 3871 1260 3938 παιδίσκης,
1305 3871 1379 3923 δι’
1410 3873 1490 3941 ἢν
1547 3871 1652 3926 τὸν
1705 3876 1947 3928 Παῦλον

440 3941 764 4010 καϐεῖρξαν
809 3943 863 4012 οἱ
900 3941 1208 4012 δεσπόται.
1257 3941 1395 4008 Περὶ
1450 3944 1556 3995 τοῦ
1601 3947 1946 4012 συμϐάντος

445 4014 575 4066 ἐκεῖ
600 4011 855 4079 σεισμοῦ
907 4011 1002 4064 καὶ
1037 4013 1353 4079 θαύματος,
1383 4014 1478 4064 καὶ
1520 4011 1946 4078 ὅπωςίπιστεύ-

437 4100 562 4148 σας
596 4087 627 4136 ό
656 4083 1055 4150 εΙρκτοφύλαξ
1103 4083 1174 4134 ἐν
1198 4079 1353 4149 αὐτῇ
1381 4081 1453 4150 τῇ
1484 4086 1657 4136 νυκτὶ
1713 4085 1947 4138 ἐϐαπτίο

443 4158 564 4220 σθη
597 4154 960 4220 παραχρῆμα
995 4151 1345 4216 πανέστιος.
1400 4153 1487 4205 ὅτι
1523 4156 1944 4220 παρακληθέν-

441 4241 538 4286 τες
570 4222 836 4290 ἐξιῆλυον
859 4223 926 4274 ἐκ
965 4222 1066 4274 τοῦ
1093 4223 1504 4290 δεσμωτηρίου
1543 4226 1674 4275 τότε
1709 4227 1761 4277 οὶ
1803 4225 1922 4278 ἀπό

441 4297 681 4347 στολοι.

451 4403 471 4436 ι
503 4383 827 4454 Κατήντησε
891 4381 948 4433 δὲ
982 4381 1062 4443 εἰς
1101 4380 1313 4452 Δέρϐην
1366 4381 1462 4432 καὶ
1518 4380 1790 4451 Λύστραν·
1855 4371 1958 4436 καί

373 4495 399 4530 ο
442 4477 556 4530 ἰδοὺ
600 4475 849 4546 μαθητής
879 4491 962 4536 τις
1008 4470 1076 4544 ἦν
1104 4477 1220 4528 ἐκεῖ
1267 4475 1495 4542 ὀνόματι
1523 4475 1808 4544 Τιμόθεος,
1837 4473 1950 4540 υίὸς

2033 630 2140 683 que
2169 616 2303 672 utile
2325 633 2447 672 esse
2477 618 2736 682 ducebat,
2776 619 2882 674 hoc
2914 620 3264 688 postmodum
3295 622 3608 675 communi-

2032 708 2250 764 catione
2278 725 2407 780 erga
2452 711 2605 764 illum
2657 711 3064 780 comprobavit.
3103 711 3376 766 Videntur
3422 722 3606 767 autem

2031 801 2174 856 duce
2207 817 2430 872 quoque
2456 803 2753 872 prudentia
2786 805 2928 858 hanc
2956 804 3150 858 fecisse
3176 804 3605 874 separationem,

2031 899 2088 970 et
2115 890 2184 944 ad
2211 907 2271 946 se
2302 891 2544 946 invicem
2597 893 2844 948 dixisse:
2871 893 3138 957 Quoniam
3183 909 3284 964 ego
3315 895 3420 948 hoc
3460 895 3608 963 volo,

2035 993 2094 1039 tu
2107 993 2288 1039 autem
2310 1000 2418 1039 non
2442 985 2547 1050 vis,
2573 1001 2643 1040 ne
2667 1002 3000 1057 pugnemus,
3025 988 3163 1042 locis
3193 990 3375 1058 potius
3397 1004 3614 1058 separe-

2032 1090 2178 1130 mur.
2209 1075 2380 1146 quue
2421 1075 2700 1131 faciebant
2736 1085 2994 1146 tanquam
3029 1078 3330 1148 plurimum
3375 1079 3609 1134 invicem

2031 1167 2315 1224 cedentes.
2334 1167 2566 1224 Volebat
2594 1168 2742 1222 enim
2770 1168 3048 1222 Barnabas
3074 1177 3131 1222 ut
3150 1169 3303 1222 Pauli
3334 1170 3610 1224 sententia

2033 1267 2228 1326 staret,
2263 1268 2490 1330 propter
2519 1259 2666 1330 quod
2703 1261 2870 1314 etiam
2896 1271 3188 1329 separatus
3222 1269 3324 1314 est.
3357 1263 3611 1315 Attamen

2036 1352 2140 1407 hoc
2167 1353 2223 1407 in
2252 1351 2543 1422 prophetis
2595 1367 2816 1422 quoque
2854 1352 3162 1420 reperimus
3192 1352 3338 1420 quod
3365 1352 3614 1406 diversius

2037 1444 2336 1499 habuerint
2379 1443 2682 1498 sententias
2723 1457 3016 1512 moresque
3067 1443 3318 1496 diversos
3365 1459 3379 1496 :
3441 1443 3610 1497 veluti

2037 1539 2184 1594 Eli-as
2215 1548 2473 1594 austerus
2527 1540 2652 1603 fuit,
2701 1539 2878 1592 Moses
2907 1546 3089 1590 autem
3130 1547 3451 1590 mansuetus
3487 1555 3499 1588 :
3539 1537 3612 1590 ita

2037 1647 2169 1685 sane
2205 1642 2260 1685 et
2290 1631 2396 1685 hoc
2434 1631 2555 1686 loco
2577 1629 2777 1684 Paulus
2805 1629 3188 1683 vehementior
3222 1637 3307 1682 est
3344 1627 3610 1682 Barnaba.

2039 1724 2167 1778 Haec
2196 1739 2326 1778 vero
2357 1724 2636 1778 contentio
2679 1721 2981 1793 plurimum
3029 1722 3210 1774 Marco
3245 1720 3472 1790 profuit.
3521 1721 3614 1774 Si-

2041 1815 2264 1886 quidem
2294 1815 2450 1870 Pauli
2483 1826 2660 1870 terror
2697 1815 2876 1885 ipsum
2907 1813 3266 1869 convertebat
3303 1831 3317 1865 :
3352 1810 3614 1865 Barnabte

2039 1920 2223 1964 autem
2253 1909 2569 1980 benignitas
2593 1909 2870 1966 efficiebat
2903 1924 2972 1964 ne
3003 1907 3239 1976 amplius
3271 1906 3613 1975 relinquere-

2039 2013 2148 2068 tur,
2175 2014 2272 2056 aut
2300 2003 2389 2058 ille
2412 2001 2752 2057 discederet.
2780 2002 2969 2070 Itaque
2987 2000 3328 2054 contendunt
3355 1997 3611 2066 quidem:

2038 2103 2279 2150 attamen
2307 2095 2362 2148 in
2397 2109 2564 2148 unum
2599 2094 2761 2148 finem
2820 2095 3032 2147 lucrum
3070 2093 3334 2145 occurrit.
3398 2090 3614 2145 Etenim

2039 2187 2233 2241 videns
2297 2187 2526 2244 Paulum
2589 2186 2882 2256 eligentem
2914 2184 3096 2255 potius
3151 2183 3394 2252 separari
3452 2199 3612 2252 quam

2040 2281 2218 2352 ipsum
2246 2295 2545 2342 assumere,
2576 2277 2874 2334 admodum
2904 2276 3087 2331 timuit
3107 2290 3336 2344 seseque
3354 2275 3616 2330 condem-

2043 2374 2198 2428 navit
2229 2389 2245 2427 :
2279 2371 2474 2426 videns
2507 2381 2692 2426 autem
2738 2367 3042 2424 Barnabam
3073 2366 3212 2422 adeo
3264 2381 3321 2420 se
3370 2365 3616 2434 comple-

2041 2471 2304 2528 ctentem,
2338 2463 2829 2520 vebementcreum
2863 2458 3056 2515 dilexit
3092 2477 3104 2510 :
3138 2467 3193 2512 et
3221 2457 3619 2512 emendabatur

2042 2556 2349 2626 discipulus
2377 2554 2738 2610 contentione
2794 2559 3219 2623 przeceptorum,
3255 2558 3464 2603 tantum
3521 2547 3620 2602 ab-

2043 2649 2150 2704 fuit
2184 2660 2244 2702 ut
2297 2647 2696 2704 oll‘eudiculum
2729 2644 2854 2700 inde
2889 2633 3218 2713 susciperet.
3271 2640 3408 2696 Cum
3468 2641 3616 2696 enim

2045 2738 2261 2794 videret
2285 2752 2345 2793 se
2391 2738 2463 2792 ob
2487 2737 2776 2808 segnitiem
2805 2735 2878 2789 ita
2921 2734 3184 2804 rejectuin
3215 2749 3246 2787 a
3279 2733 3468 2797 Paulo,
3529 2747 3620 2787 se-

2043 2831 2230 2885 cundo
2256 2845 2423 2885 cursu
2469 2827 2683 2883 studuit
2711 2843 2810 2896 per
2839 2825 3178 2896 diligentiam
3231 2833 3413 2894 tegere
3466 2823 3620 2894 prio-

2047 2939 2165 2981 rem
2223 2923 2501 2984 inertiam,
2553 2921 2775 2992 adjutus
2831 2918 3129 2990 plurimum
3183 2917 3336 2974 l‘auli
3406 2916 3623 2988 asperi-

2051 3023 2180 3070 tate.
2264 3012 2405 3079 Quid
2481 3011 2646 3081 ergo?
2698 3007 3004 3064 'inimicine
3101 3007 3367 3076 segregati
3458 3007 3622 3061 sunt?

2047 3107 2241 3161 Absit!
2289 3103 2444 3172 Quod
2481 3111 2665 3158 autem
2716 3114 2819 3155 nec
2850 3097 3137 3153 inimicitia
3170 3098 3314 3151 inter
3344 3098 3622 3167 apostolos

2051 3197 2380 3267 contigerit,
2431 3193 2778 3263 postmodum
2849 3191 3182 3252 ostenditur,
3251 3191 3382 3243 dum
3417 3189 3657 3259 ubique.

2051 3289 2329 3345 Barnabas
2364 3286 2552 3343 multis
2579 3283 2851 3340 encomiis
2918 3295 2949 3336 a
3022 3282 3190 3336 Paulo
3259 3284 3312 3336 in
3376 3281 3622 3352 epistolis

2049 3382 2352 3438 extollitur.

2517 3495 2679 3566 123
2711 3495 2936 3553 CAPUT
2971 3493 3158 3550 χειν.

2050 3610 2129 3666 De
2159 3610 2504 3664 imtrurtione
2548 3607 2824 3673 Timothei,
2859 3615 2908 3660 et
2958 3605 3123 3661 Pauli
3166 3605 3221 3657 in
3260 3599 3624 3656 Macedoniam

2115 3683 2279 3750 juxta
2308 3679 2679 3733 reuelationem
2709 3681 3034 3750 emissione:
3069 3677 3121 3750 in
3140 3679 3539 3750 _quo_narr_atur‘
3561 3679 3625 3750 (te

2121 3739 2226 3818 j‘ide
2263 3768 2325 3804 ac
2351 3750 2523 3803 salute
2562 3749 2839 3819 Cujusdam
2874 3746 3104 3819 mulieris
3130 3739 3307 3813 Lydia:
3330 3759 3348 3806 ;
3375 3742 3436 3794 de
3456 3739 3625 3793 salute

2121 3817 2314 3884 puella:
2388 3817 2628 3874 habentis
2697 3819 2941 3883 sjiritum
2991 3817 3358 3874 divinatorem,
3413 3823 3626 3881 propter

2119 3907 2284 3959 quam
2328 3890 2528 3942 domini
2579 3888 2929 3959 incluserunt
2963 3886 3299 3959 Paulum_iu
3337 3895 3622 3959 carcerem.

2127 3952 2204 4014 De
2242 3967 2542 4014 terrwmotu
2594 3975 2656 4011 ac
2706 3958 2963 4030 miraculo
2990 3957 3126 4026 quod
3295 3952 3530 4030 contigit,
3575 3957 3625 4000 et

2125 4033 2381 4101 quomoda
2411 4038 2582 4082 custos
2636 4029 2861 4080 carceris
2898 4023 3014 4101 cum
3058 4025 3360 4101 credidisset
3407 4023 3460 4074 in
3508 4023 3624 4090 ipsa

2123 4094 2293 4165 nocte,
2327 4111 2536 4168 repente
2561 4115 2679 4150 cum
2705 4102 2947 4168 universa
2973 4096 3179 4166 familia
3205 4094 3498 4168 baptizatus
3525 4100 3622 4144 est.

2129 4159 2475 4240 Quod'rog'uti
2499 4169 2723 4223 exierint
2761 4176 2884 4221 tunc
2912 4159 2983 4220 de
2999 4179 3212 4220 carcere
3267 4159 3516 4232 apostoli.

2127 4400 2266 4464 XVI,
2299 4398 2416 4453 1-5.
2457 4415 2475 4448 ι
2505 4393 2761 4450 Pervenit
2793 4399 2974 4446 autem
3001 4387 3212 4443 Derben
3252 4399 3314 4439 ac
3331 4383 3574 4455 Lystram
3610 4394 3626 4434 :

2064 4512 2082 4546 ι
2122 4503 2181 4548 et
2225 4507 2356 4546 ecce
2386 4487 2692 4556 discipulus
2724 4485 2946 4556 quidam
2997 4491 3114 4537 erat
3149 4480 3225 4533 ibi
3265 4477 3487 4531 nomine
3531 4473 3626 4526 Ti-

377 4589 396 4620 ι
440 4567 702 4636 γυναικός
729 4584 870 4630 τινος
899 4569 1160 4630 Ἰουδαίας
1191 4569 1410 4637 πιστῆς,
1448 4569 1649 4638 πατρὸς
1675 4568 1734 4622 δὲ
1755 4569 1942 4640 "Enr.-

2065 4605 2081 4636 ι
2130 4583 2409 4642 ιιιοιΙιρυε,
2445 4579 2590 4633 filius
2610 4577 2859 4631 mulieris
2885 4571 3168 4643 cujusdam
3197 4568 3398 4624 Iudaea;
3429 4565 3626 4630 fidelis,

379 4682 399 4714 ι
443 4678 556 4723 νος,
579 4659 638 4722 ὃς
665 4661 1029 4730 ἐμαρτυρεῖτο
1060 4659 1166 4712 ὑπὸ
1203 4660 1312 4712 τῶν
1339 4664 1396 4712 ἐν
1417 4659 1688 4730 Λύστροις
1709 4662 1954 4712 καὶῚκο-

381 4775 398 4803 ι
445 4751 546 4819 νίῳ
575 4749 840 4818 ἀδελφῶν.
878 4749 1078 4802 Τοῦτον
1101 4749 1366 4820 ἠθέλησεν
1398 4752 1426 4802 ὁ
1462 4748 1670 4809 Παῦλος
1692 4750 1788 4801 σὺν
1807 4749 1956 4819 αὐτῷ

380 4865 400 4896 ι
440 4843 700 4908 ἐξελθεῖν.
759 4844 867 4896 Καὶ
909 4843 1090 4896 λαϐὼν
1152 4843 1479 4912 περιέτεμεν
1507 4841 1668 4894 αὑτὸν
1695 4841 1786 4893 διὰ
1831 4843 1956 4903 τοὺς

382 4958 402 4990 ι
461 4937 749 5001 Ἰουδαίους
783 4976 802 5001 ,
853 4939 977 5000 τοὺς
1031 4937 1192 4998 ὄντας
1222 4937 1418 4997 ἐντοῖς
1465 4935 1651 4997 τόποις
1703 4932 1955 4995 ἐκείνοις·

386 5047 405 5080 ι
448 5029 668 5099 ᾔδεισαν
701 5029 810 5100 γάρ
848 5030 1084 5090 ἅπαντες
1119 5029 1209 5080 τὸν
1257 5028 1468 5096 πατέρα
1520 5025 1685 5079 αὑτοῦ
1727 5026 1810 5078 ὅτι
1839 5025 1960 5076 ’Ἐλ-

388 5139 407 5172 ι
450 5121 554 5191 λην
598 5121 864 5191 ὑπῆρχεν.
915 5120 1005 5182 Ὠς
1060 5119 1117 5172 δὲ
1160 5119 1538 5189 διεπορεύοντο
1576 5118 1675 5181 τὰς
1731 5117 1914 5180 πόλεις
1942 5159 1956 5180 ,

389 5235 408 5266 ι
457 5213 775 5284 παρεδίδουν
824 5212 1008 5274 αὐτοῖς
1064 5210 1362 5280 φυλάσσειν
1393 5210 1460 5262 τά
1494 5209 1738 5278 δόγματα
1776 5209 1844 5260 τὰ
1870 5223 1962 5259 κε-

389 5327 410 5360 ι
456 5306 695 5378 κριμένα
746 5305 850 5358 ὑπὸ
897 5303 1005 5356 τῶν
1055 5302 1373 5356 ἀποστόλων
1425 5302 1523 5354 καὶ
1577 5301 1962 5371 πρεσϐυτέρων

392 5419 412 5452 ι
451 5400 564 5453 τῶν
595 5401 653 5452 ὲν
695 5396 1076 5470 Ἰερουσαλήμ.
1112 5397 1178 5449 Al
1221 5397 1319 5468 μὲν
1359 5391 1782 5464 οῦνἘκκλησίαι
1811 5395 1965 5446 ἐστε-

394 5511 412 5543 ι
457 5491 776 5563 ρεοῦντο,τῇ
823 5489 1027 5556 πίστει,
1077 5491 1172 5542 καὶ
1236 5489 1594 5559 ἐπερίσσευον
1635 5487 1710 5559 τῷ
1743 5486 1964 5557 ἀριθμῷ

396 5602 413 5634 ι
455 5584 577 5637 καθ’
603 5584 842 5653 ἡμέραν.
870 5602 890 5634 ι

466 5695 484 5727 ι
524 5679 782 5746 Δόγματα
822 5696 840 5728 ι
873 5675 1112 5746 κέκληκε
1161 5676 1260 5745 τὴν
1289 5672 1500 5743 ἀποχὴν
1534 5671 1643 5724 τῶν
1682 5669 1964 5724 εἰδωλοθύ-

392 5787 518 5833 των,
569 5770 824 5838 πορνείας
860 5785 918 5820 τε
972 5767 1069 5821 καὶ
1115 5767 1368 5836 αἵματος,
1399 5765 1495 5817 καὶ
1527 5763 1750 5816 πνικτοῦ
1779 5779 1791 5790 ⁶
1826 5763 1968 5831 άπερ

394 5863 471 5924 ε’ς
530 5859 822 5930 κανονικῆς
877 5860 1023 5930 ζωῆς
1080 5860 1182 5930 ὁρᾷ
1235 5859 1589 5914 διατύπωσιν.
1641 5858 1823 5910 Ταῦτα
1862 5857 1966 5926 γὰρ

2064 4696 2081 4727 ι
2123 4685 2380 4728 emterum
2420 4681 2572 4741 patre
2606 4668 2812 4724 Graeco.
2843 4665 2983 4719 lluic
3011 4661 3382 4717 testimonium
3422 4658 3628 4711 bonum

2063 4787 2081 4818 ι
2124 4765 2426 4820 reddebant
2467 4763 2560 4832 qui
2611 4759 2820 4829 Lvstris
2875 4763 3033 4810 erant
3083 4760 3139 4808 et
3190 4750 3360 4806 lconii
3411 4751 3627 4805 fratres.

2065 4875 2082 4907 ι
2135 4856 2290 4909 Hunc
2321 4854 2496 4908 voluit
2543 4853 2746 4906 Paulus
2789 4863 2973 4902 secum
3007 4842 3314 4916 proficisci:
3343 4852 3396 4896 ct
3416 4856 3633 4896 assum-

2066 4965 2084 4996 ι
2127 4958 2274 5015 pttttlt
2299 4942 2645 4998 circumcidit
2669 4955 2795 4993 eum
2826 4945 3046 5008 propter
3075 4934 3313 4998 Iudaeos,
3339 4932 3432 5002 qui
3475 4940 3634 4986 erant

2067 5059 2083 5090 ι
2132 5040 2187 5093 in
2239 5037 2346 5090 illis
2391 5036 2547 5089 locis.
2576 5034 2856 5088 Noveram
2902 5031 3049 5084 enim
3072 5025 3432 5096 omnesquod
3479 5033 3634 5093 pater

2069 5147 2087 5180 ι
2132 5128 2252 5196 ejus
2283 5134 2430 5179 esset
2461 5125 2704 5178 Graecus.
2764 5121 2904 5175 Cum
2976 5127 3160 5173 autem
3237 5113 3635 5185 pertransirent

2066 5241 2084 5273 ι
2144 5218 2417 5279 civitates,
2475 5214 2763 5270 tradebant
2814 5213 2897 5266 eis
2931 5210 3199 5266 servanda
3260 5209 3478 5262 decreta
3513 5220 3634 5274 qtae

2069 5332 2086 5365 ι
2122 5311 2373 5364 ordinata
2416 5316 2574 5362 erant
2631 5307 2698 5360 ab
2733 5304 3000 5375 apostolis
3045 5318 3109 5357 ac
3171 5300 3510 5371 presbyteris
3539 5297 3632 5366 qui

2070 5419 2088 5453 ι
2128 5409 2287 5456 erant
2353 5397 2726 5468 Jerosolymis.
2769 5397 2954 5464 Itaque
3003 5393 3258 5448 Ecclesia:
3341 5388 3636 5445 continua-

2071 5514 2088 5546 ι
2135 5495 2334 5548 bantur
2371 5493 2496 5558 lide,
2528 5501 2584 5545 et
2613 5491 2970 5546 abundabant
3001 5503 3235 5543 numero
3261 5483 3528 5556 quotidie.
3566 5499 3586 5532 ι

2146 5692 2162 5724 ι
2203 5671 2516 5725 Tradebant
2552 5670 2635 5724 eis
2663 5667 2928 5724 servanda
2961 5667 3202 5720 decreta.
3237 5684 3252 5713 ι
3291 5665 3424 5718 Puta
3463 5659 3638 5716 absti-

2070 5782 2201 5819 nere
2228 5766 2296 5818 ab
2329 5763 2668 5832 idolothytis.
2702 5761 2752 5814 id
2768 5770 2848 5812 est
2873 5760 3011 5813 cibis
3035 5759 3126 5826 qui
3153 5757 3381 5808 fuissent
3408 5752 3642 5808 sin‘ula-

2070 5859 2180 5910 eris
2207 5853 2494 5917 iintnclati,
2531 5869 2558 5904 a
2585 5852 2938 5915 scortatione,
2968 5850 3224 5918 sanguine
3247 5857 3298 5900 et
3322 5846 3586 5900 suffocato
3624 5861 3640 5900 :
