4024 6604
438 396 547 465 231

1538 389 1947 454 αουΜΕΝιι
1969 390 2268 452 Τεισείε
2303 386 2641 450 EPISCOPI

3594 377 3716 443 2E2

444 523 468 559 ι
513 506 681 572 ceris,
706 521 771 561 ac
799 504 1053 577 protinus
1082 509 1269 574 aperta
1300 508 1426 555 sunt
1449 499 1634 554 omnia
1667 500 1835 564 ostia,
1883 513 2022 553 cun-

2139 517 2150 548 ι
2191 514 2252 550 τε
2286 496 2625 567 παραχρῆμα
2660 493 2716 549 αί
2765 492 2926 565 θύραι
2979 493 3168 558 πᾶσαι,
3222 489 3317 546 καὶ
3364 490 3589 546 πάντων
3641 492 3716 548 τὰ

440 614 463 650 ι
506 605 828 667 ctorumque
903 595 1121 649 vincula
1159 592 1337 647 soluta
1381 600 1532 644 sunt.
1567 607 1587 641 ι

513 684 886 739 Τθῐτίιξηιοιιιε
936 684 1110 737 factus
1143 690 1227 736 εει
1268 688 1451 734 tantus
1480 688 1538 732 υι
1568 678 1808 733 carceris
1838 691 2021 733 CUSlO-

436 776 562 831 dem
580 775 1057 847 expcrgefaceret:
1085 774 1224 828 ostia
1251 787 1380 825 vero
1410 779 1598 840 aperta
1633 779 1781 832 sunt,
1822 780 1882 823 ιιι
1940 769 2023 823 fa-

436 877 589 923 ctum
609 867 977 922 admiraretur
1014 862 1069 919 et
1099 862 1373 918 crederet.
1406 862 1596 931 Neque
1625 865 1770 915 enim
1802 860 1919 918 haec
1951 859 2021 914 ad

437 958 862 1011 ostentationem
894 954 1035 1009 facta
1066 962 1223 1021 sunt,
1258 953 1354 1009 sed
1385 953 1450 1008 ad
1477 954 1733 1007 salutcm.
1770 953 1894 1008 limo
1920 968 1989 1006 au

2128 608 2145 642 ι
2186 588 2360 657 δεσμά
2394 588 2579 658 ἀνεθη.
2624 605 2645 640 ι

2205 678 2266 733 '0
2297 678 2517 747 σεισμὸς
2552 677 2772 745 γέγονεν
2792 676 2931 729 ὥστε
2963 675 3365 745 ἀφυπνισθῆναι
3395 675 3485 729 τὸν
3500 675 3714 745 δεσμου

2121 769 2356 841 φύλακαο
2402 769 2461 823 al
2491 768 2652 842 θύραι
2684 768 2739 821 δέ
2792 765 3143 839 ἀνεῴχθησαν
3172 767 3311 822 ὥστε
3337 768 3624 837 Θαυμάσαι
3652 770 3717 820 τδ

2120 859 2341 930 γεγονὸς
2373 859 2467 916 καὶ
2503 860 2812 913 πιστεῦσαι.⁸
2844 860 2907 912 οὐ
2934 859 3043 931 γὰρ
3078 861 3213 930 πρὸς
3236 859 3496 925 ἐπίδειξιν
3525 856 3714 912 ταῦτα

2126 953 2363 1021 ἐγένετο,
2395 952 2530 1006 ἀλλά
2564 953 2697 1024 πρὸς
2731 953 3023 1023 σωτηρίαν.
3057 952 3240 1006 Ταῦτα
3261 952 3318 1006 δέ
3345 953 3396 1006 οἱ
3423 951 3715 1023 δεσμῶται

441 1054 551 1100 tem
574 1062 685 1100 non
710 1045 972 1099 viderunt
1009 1044 1106 1117 qui
1160 1045 1331 1101 vincti
1376 1053 1555 1108 erant,
1594 1059 1719 1098 nam
1766 1044 1838 1098 ita
1871 1053 2020 1100 certe

2139 1046 2219 1115 nix
2244 1039 2518 1116 ἐώρων’,ἦ
2548 1046 2657 1116 γὰρ
2682 1042 2748 1097 ἂν
2776 1043 2976 1114 ἔφυγον
3014 1044 3273 1107 ἅπαντες.

439 1159 632 1199 omnes
660 1144 949 1215 fugissent.

514 1237 654 1301 XVI,
684 1225 936 1293 27-50::
974 1238 1344 1311 Experrectus
1392 1247 1573 1293 autem
1597 1246 1791 1291 custos
1828 1248 2021 1289 carce-

450 1350 468 1382 r
509 1331 583 1385 ris
607 1344 732 1384 cum
757 1329 973 1385 videret
996 1331 1192 1403 januas
1209 1329 1448 1384 carceris
1468 1338 1704 1400 apertas.
1732 1328 2022 1398 cvaginato

453 1439 471 1471 ι
512 1419 696 1490 gladio
756 1420 999 1490 seipsum
1058 1420 1452 1477 interfecturus
1510 1430 1652 1484 erat,
1700 1419 2026 1475 existimans

454 1528 472 1560 ι
513 1508 794 1580 aufugisse
848 1511 1082 1567 vinctos.
1114 1510 1381 1569 Clamavit
1418 1522 1601 1566 autem
1644 1510 1845 1565 Paulus
1888 1524 2022 1564 voce

449 1617 468 1650 ι
511 1615 727 1670 magna,
781 1601 1013 1657 dicens:
1062 1602 1141 1659 Ne
1174 1602 1305 1670 quid
1347 1602 1546 1657 feceris
1585 1602 1683 1659 tibi
1735 1603 1837 1671 ipsi
1869 1600 2019 1666 mali,

448 1715 467 1745 ι
513 1694 754 1749 universi
799 1697 946 1750 enim
978 1698 1068 1752 hic
1118 1713 1334 1753 sumus.
1373 1698 1656 1754 Postulato
1716 1696 1904 1766 itaque
1940 1695 2024 1752 lu—

448 1804 467 1836 ε
508 1787 653 1841 mine
694 1791 962 1851 accurrit,
1012 1799 1069 1847 et
1118 1790 1473 1849 tremefactus
1518 1789 1719 1845 accidit
1748 1788 1915 1844 Paulo
1967 1797 2024 1843 et

453 1896 472 1929 ι
517 1878 643 1933 Sila:
669 1879 735 1933 ad
789 1882 982 1950 pedes,
1020 1883 1237 1953 illisque
1269 1883 1416 1937 foras
1447 1882 1733 1952 productis
1759 1881 1867 1944 ait,
1919 1879 2025 1932 Do-

451 1987 470 2020 r
506 1970 661 2033 mini,
687 1971 819 2040 quid
851 1988 937 2028 me
966 1981 1182 2045 Oportet
1218 1973 1402 2028 faccre
1439 1988 1550 2043 quo
1570 1974 1750 2027 salvus
1776 1971 1936 2029 (iam?
1957 1970 2027 2029 At

451 2080 470 2113 ι
511 2060 595 2115 illi
638 2061 933 2119 dixerunt:
971 2061 1148 2118 Crede
1194 2063 1249 2117 in
1277 2063 1574 2118 Dominum
1601 2063 1811 2125 Jesum,
1839 2071 1895 2117 et
1920 2061 2028 2116 sal-

449 2168 469 2203 ι
507 2165 609 2205 vus
631 2151 742 2206 eris
767 2161 824 2207 tu
862 2167 926 2205 ac
959 2152 1156 2207 domus
1191 2160 1303 2209 tua.
1331 2152 1488 2223 132
1526 2153 1593 2206 Et
1618 2151 1788 2206 locuti
1816 2160 1946 2206 sunt
1974 2150 2026 2206 ei

453 2260 473 2293 ι
508 2243 742 2297 verbum
774 2244 1014 2309 Domini,
1040 2243 1435 2313 omnibusque,
1471 2242 1563 2313 qui
1594 2254 1752 2297 erant
1779 2242 1833 2296 in
1864 2243 2028 2296 domo

457 2354 475 2385 ι
516 2336 660 2406 ejus.
697 2336 761 2390 Et
806 2336 1105 2407 assumptis
1150 2335 1286 2407 ipsis
1330 2351 1395 2390 ea
1433 2336 1613 2395 noctis
1657 2335 1812 2397 hora,
1853 2333 2030 2391 abluit

453 2444 471 2481 σ
511 2428 698 2498 μιαρίας
742 2446 755 2482 :
794 2437 851 2483 et
879 2429 1188 2498 baptizatus
1214 2441 1300 2485 est
1328 2429 1443 2500 ipse
1477 2443 1780 2497 omnesque
1839 2426 2029 2482 dome-

454 2537 473 2571 ι
510 2520 632 2575 stici
666 2520 788 2591 ejus
848 2522 1137 2575 continuo.
1184 2520 1252 2580 Et
1295 2535 1422 2578 cum
1457 2535 1554 2574 eos
1590 2519 1933 2590 perduxisset
1973 2518 2028 2575 in

456 2630 475 2664 ι
518 2613 744 2667 domum
792 2628 971 2676 suam,
1021 2616 1277 2684 apposuit
1324 2614 1404 2669 eis
1451 2628 1693 2671 mensam
1725 2629 1788 2667 ac
1822 2614 2032 2671 iretatus

458 2723 478 2755 ι
520 2714 628 2767 cst,
670 2705 815 2775 quod
844 2721 968 2759 cum
1002 2707 1258 2763 universa
1304 2704 1509 2762 familia
1536 2704 1862 2759 credidisset
1895 2704 2028 2759 Deo.

460 2815 481 2847 ι
524 2795 774 2868 Curaque
802 2796 919 2850 dies
947 2805 1101 2853 ortus
1126 2805 1231 2861 est,
1258 2796 1528 2850 miserunt
1547 2798 1901 2864 magistratus
1960 2793 2030 2848 li-

457 2904 475 2935 c
510 2894 693 2941 ctores
717 2885 810 2956 qui
847 2885 1130 2944 dicereut:
1168 2886 1389 2940 Dimitte
1419 2885 1671 2938 honnnes
1697 2885 1838 2939 illos.
1880 2884 2033 2943 Nun-

458 2993 477 3027 ι
525 2975 681 3029 tiavit
718 2985 900 3029 autem
944 2987 1129 3032 castos
1164 2979 1405 3034 carceris
1444 2977 1610 3031 verba
1656 2976 1771 3031 hinc
1819 2977 2029 3035 Paulo:

460 3086 481 3119 ι
518 3066 786 3121 Miserum
815 3069 1163 3138 magistratus
1184 3079 1242 3127 ut
1266 3068 1647 3128 dimillatnitti.
1674 3068 1834 3128 Nunc
1864 3068 2032 3140 igitur

456 3175 480 3210 ι
519 3158 727 3229 egressi
750 3157 829 3215 ite
860 3160 911 3213 in
933 3175 1091 3231 pace.
1124 3177 1145 3210 ι

532 3352 553 3386 ε
595 3335 964 3404 Experrectus
995 3346 1183 3394 custos
1213 3338 1474 3394 careeris.
1509 3358 1527 3392 ι
1559 3337 1660 3395 Hic
1691 3349 1777 3395 est
1802 3339 2037 3411 Stepha-

452 3442 557 3485 nas
585 3427 627 3459 "
660 3427 818 3499 cujus
855 3429 1106 3486 meminit
1150 3430 1354 3488 Paulus
1378 3431 1565 3505 priore
1606 3431 1677 3488 ad
1718 3432 2036 3488 Corinthios

454 3518 729 3590 Epistula.

527 3608 670 3673 XVI,
699 3610 882 3664 3760.
924 3630 945 3662 ‹
981 3611 1181 3666 Paulus
1214 3622 1396 3668 autem
1426 3613 1568 3668 dixit
1590 3614 1657 3670 ad
1684 3629 1782 3670 eos
1808 3634 1822 3670 :
1851 3613 2036 3671 (ἔξοδος

463 3718 481 3751 ι
516 3712 617 3754 nos
644 3699 919 3770 publicctn
942 3701 1149 3760 indicta
1196 3718 1380 3768 causa,
1429 3720 1553 3759 cum
1582 3706 1757 3777 simus
1782 3705 2034 3771 Romani,

461 3811 478 3842 ι
515 3791 880 3862 coniecerunt
913 3792 968 3846 in
1018 3810 1325 3862 carcerem,
1374 3808 1431 3855 et
1480 3814 1625 3853 nunc
1680 3799 1896 3857 occulte
1933 3815 2038 3856 nos

456 3901 479 3936 ε
520 3882 793 3953 ejiciunt?
836 3883 953 3942 Non
995 3887 1263 3954 profecto,
1299 3889 1397 3943 sed
1427 3889 1651 3949 veniant
1690 3890 1797 3962 ipsi
1841 3906 1906 3947 ac
1934 3907 2037 3947 nos

464 3996 485 4026 ε
516 3974 777 4031 educant.
810 3976 1217 4034 Nuntiaverunt
1249 3990 1432 4037 autem
1454 3982 1680 4037 lictores
1702 3983 2036 4054 magistrati-

461 4083 484 4117 ι
522 4064 627 4121 bus
654 4066 821 4121 verba
868 4067 1004 4122 Imc.
1034 4068 1476 4141 Timueruutque
1522 4072 1713 4129 audito
1740 4072 1888 4143 quod
1922 4074 2036 4129 Βοι-

460 4175 486 4208 ε
522 4156 668 4213 mani
718 4168 923 4214 essent.
978 4160 1046 4217 Et
1093 4162 1382 4221 venientes
1419 4164 1697 4237 deprecati
1747 4175 1877 4221 sunt
1917 4180 2035 4229 eos,

468 4270 492 4302 ε
534 4248 880 4321 eductosque
915 4253 1181 4322 rogabant
1207 4264 1269 4309 ut
1294 4254 1695 4324 egrederentur
1733 4255 2037 4313 civitatein.

465 4360 484 4393 ι
521 4341 747 4414 Egressi
781 4354 965 4399 autem
992 4361 1021 4399 e
1049 4361 1273 4402 carcere
1309 4347 1647 4404 introierunt
1676 4347 1744 4402 ad
1780 4347 2038 4419 Lydiam,

465 4455 484 4488 ι
525 4436 767 4507 visisque
805 4438 1083 4496 fratribus
1121 4441 1391 4496 consolati
1428 4451 1559 4497 sunt
1580 4456 1700 4510 eos,
1725 4452 1778 4498 et
1804 4442 2035 4515 profecti

467 4545 488 4581 ε
528 4537 678 4584 sunt.
718 4549 736 4580 ι

541 4640 561 4672 ι
606 4620 790 4677 Caesus
822 4637 924 4677 nos
950 4622 1230 4692 publice.»
1265 4623 1552 4693 Duplieem
1577 4624 1825 4681 ostendit
1872 4640 2043 4695 expo-

466 4712 855 4775 stulationem,
875 4729 1006 4769 eum
1039 4715 1114 4768 ait
1141 4733 1155 4769 :
1178 4714 1361 4770 Ca-sos
1380 4731 1512 4786 ergo
1542 4731 1645 4773 nos
1672 4716 2042 4786 publice,etc.

464 4805 598 4877 quia
627 4814 690 4860 .et
710 4806 1014 4871 Romanos,
1046 4814 1106 4860 et
1160 4805 1368 4861 indicta
1397 4822 1563 4861 causa
1587 4816 1646 4863 et
1670 4807 1910 4877 publice.
1945 4808 2045 4867 Et-

466 4898 619 4955 enim
669 4897 1081 4968 dispcnsatoric
1132 4898 1403 4957 humanas
1454 4899 1700 4957 rationes
1728 4900 2046 4971 frequenter

463 4989 921 5053 comminiscitur,
971 5007 1040 5045 ne
1102 5000 1357 5063 tanquam
1398 4992 1608 5064 judicio
1642 4993 1934 5049 damnatus
1960 4995 2043 5049 vi-

462 5078 689 5135 deretur
706 5093 829 5135 esse
863 5078 1150 5139 dimissus.
1172 5088 1276 5135 aut
1310 5081 1456 5135 sicut
1500 5081 1551 5137 is
1574 5080 1668 5152 qui
1696 5081 2040 5153 deliquisset,

460 5176 518 5224 et
547 5184 617 5223 ne
655 5183 744 5225 res
786 5168 1198 5225 attribueretur
1243 5169 1516 5227 beneﬂcio
1540 5173 1812 5243 ipsorum.
1852 5172 2044 5230 Sciens

460 5261 629 5316 etiam
677 5259 824 5329 quod
867 5270 1121 5331 oporteat
1172 5262 1518 5336 principibus
1561 5280 1625 5320 ac
1674 5267 2045 5335 potestatibus

464 5367 590 5408 esse
623 5352 928 5422 subjectos,
979 5354 1212 5411 vocabat
1248 5354 1491 5429 seipsum
1532 5356 1864 5414 Romanum.
1910 5358 2045 5414 For-

465 5442 629 5497 tassis
652 5441 800 5499 enim
830 5458 1049 5501 omnem
1087 5454 1314 5512 terram,
1341 5448 1508 5505 etiam
1541 5448 1806 5516 Judteam,
1842 5450 2044 5507 Bema-

461 5548 664 5588 norum
697 5533 1002 5604 imperator
1027 5536 1337 5594 obtinebat.
1361 5540 1496 5595 Nam
1516 5549 1575 5615 et
1597 5540 1700 5611 ipsi
1726 5540 2047 5612 pendebant

462 5624 675 5681 tributa
710 5622 953 5683 Caesari:
1004 5642 1116 5684 non
1166 5629 1497 5704 adjicientes
1545 5631 1926 5705 principatum
1979 5647 2046 5691 ac

536 5812 625 5870 "l
653 5812 781 5872 Cor.
811 5831 851 5886 ι,
882 5816 968 5874 16.

2196 1239 2215 1273 ι
2253 1222 2522 1288 Ἔξυπνος
2555 1220 2632 1290 ,δὲ
2681 1221 2972 1293 γενόμενος
2997 1223 3027 1276 6
3059 1220 3425 1293 δεσμοφύλαξ,
3452 1223 3551 1279 καὶ
3581 1219 3718 1278 ἰδὼν

2130 1332 2149 1366 1
2185 1314 2539 1386 ἀνεῳγμένας
2567 1314 2665 1379 τὰς
2716 1312 2888 1385 θύρας
2920 1314 3019 1384 τῆς
3048 1313 3315 1384 φυλακῆς,
3349 1313 3716 1382 σπασάμενος

2128 1425 2147 1459 ι
2189 1407 2464 1479 μάχαιραν
2496 1405 2722 1477 ἔμελλεν
2751 1404 2944 1461 ἑαυτὸν
2971 1405 3237 1475 ἀναιρεῖν,
3269 1403 3506 1475 νομίζων
3533 1404 3686 1457 tam:
3705 1437 3718 1445 -

2129 1519 2147 1552 ι
2192 1498 2451 1568 φευγέναι
2475 1497 2601 1560 τοὺς
2622 1494 2896 1567 δεσμίους.
2930 1493 3208 1565 Ἐφώνησε
3230 1494 3287 1548 δὲ
3327 1495 3480 1565 φωνῇ
3524 1494 3716 1563 μεγά-

2130 1612 2148 1644 ‹
2186 1591 2256 1664 λῃ
2300 1593 2329 1643 6
2362 1591 2601 1654 Παῦλος,
2644 1588 2839 1658 λέγων’
2869 1588 3053 1662 Μηδὲν
3092 1587 3305 1660 πράξῃς
3347 1585 3563 1657 σεαυτῷ
3610 1604 3717 1643 κα·

2130 1703 2150 1737 ι
2189 1685 2305 1738 κύν’
2330 1685 2569 1747 ἅπαντες
2604 1682 2715 1754 γάρ
2756 1684 2925 1753 ἐσμεν
2954 1681 3162 1738 ἐνθάδε.
3187 1681 3423 1749 Αίτήσας
3449 1679 3504 1732 δὲ
3542 1677 3713 1749 φῶτα

2131 1796 2152 1830 ι
2193 1776 2539 1846 είσεπήδησε,
2597 1777 2689 1827 καὶ
2736 1773 2995 1846 ἔντρομος
3036 1774 3331 1842 γενόμενος
3389 1771 3713 1842 προσέπεσε

2134 1889 2153 1922 ι
2191 1870 2268 1940 τῷ
2307 1869 2505 1937 Παύλῳ
2550 1870 2645 1921 καὶ
2681 1865 2759 1938 τῷ
2799 1868 2949 1939 Σίλᾳ·
2982 1867 3077 1920 καλ⁸
3132 1865 3465 1936 προαγαγὼν
3502 1865 3715 1929 αὐτοὺς

2132 1981 2152 2016 ι
2190 1963 2316 2030 ἔξω,
2354 1961 2480 2032 ἔφηο
2529 1959 2725 2031 Κύριοι
2749 1999 2765 2025 ,
2814 1960 2865 2014 τί
2920 1976 2987 2030 με
3034 1959 3115 2017 δεῖ
3144 1961 3342 2023 ποιεῖν,
3377 1959 3467 2012 ἵνα
3497 1957 3713 2023 σωθῶ;

2132 2072 2151 2108 ι
2196 2056 2258 2107 Οί
2315 2053 2373 2110 δὲ
2404 2049 2586 2111 εἶπον·
2623 2051 2924 2107 Πίστευσον
2959 2051 3053 2104 ἐπὶ
3079 2052 3173 2103 τὸν
3206 2050 3409 2120 Κύριον
3471 2047 3714 2118 Ἰησοῦν,

2134 2164 2154 2199 ε
2194 2146 2283 2201 καὶ
2312 2146 2532 2218 σωθήσῃ
2564 2146 2626 2198 σὺ
2654 2142 2747 2198 καὶ
2781 2146 2808 2197 ὁ
2835 2138 2982 2207 οἶκός
3017 2159 3132 2198 σου.
3168 2144 3276 2195 Καὶ
3305 2140 3579 2210 ἐλάλησαν
3607 2140 3714 2192 οὐκ

2134 2258 2153 2291 ι
2196 2238 2273 2308 τῷ
2309 2239 2400 2293 τὸν
2440 2238 2596 2308 λόγον
2646 2238 2741 2292 τοῦ
2797 2238 3154 2308 Κυρίου,“κα“ι
3193 2238 3327 2291 πᾶσι
3365 2239 3477 2298 τοῖς
3524 2239 3592 2289 ἐν
3644 2235 3712 2304 τῇ

2135 2351 2156 2383 ι
2192 2332 2340 2407 οίκίᾳ
2387 2332 2576 2387 αὐτοῦ.
2614 2333 2724 2385 Καὶ
2760 2329 3091 2403 παραλαϐὼν
3124 2330 3318 2391 αὐτοὺς
3344 2331 3401 2383 ἐν
3424 2329 3616 2399 ἐκείνῃ
3647 2329 3714 2398 τῇ

2136 2444 2154 2476 ι
2191 2423 2311 2495 ὥρᾳ
2344 2425 2440 2494 τῆς
2487 2424 2712 2489 νυκτὸς,
2746 2423 2966 2480 ἔλουσεν
3011 2421 3119 2479 ἀπὸ
3164 2420 3271 2475 τῶν
3319 2418 3573 2489 πληγῶν,
3619 2417 3717 2471 καὶ

2137 2535 2155 2569 ι
2197 2516 2502 2587 ἐϐαπτίσθη
2550 2517 2735 2582 αὐτὸς,
2780 2517 2874 2570 καὶ
2906 2516 2956 2568 oi
2996 2513 3162 2570 αὐτοῦ
3190 2514 3390 2577 πάντες
3411 2511 3714 2582 παραχρῆ-

2137 2629 2155 2664 ι
2198 2628 2295 2680 μα.
2355 2609 2672 2678 ’Δναγαγών
2727 2625 2785 2663 τε
2830 2609 3024 2671 αὐτοὺς
3072 2609 3152 2671 είς
3204 2607 3297 2660 τὸν
3328 2602 3474 2660 οἷκον
3515 2604 3711 2667 αὑτοῦ,

2138 2719 2157 2753 ι
2197 2701 2480 2773 παρέθηκε
2511 2700 2815 2772 τράπεζαν,
2854 2701 2949 2754 καί⁵
2976 2699 3292 2770 ἠγαλλιᾶτο,
3348 2697 3572 2751 πανοικὶ
3615 2711 3716 2747 πε-

2139 2810 2158 2844 ι
2200 2791 2509 2856 πιστευκὼς
2563 2789 2641 2862 τῷ
2688 2790 2828 2861 Θεῷ.
2867 2790 3108 2862 Ἡμέρας
3136 2790 3192 2843 δὲ
3224 2788 3541 2859 γενομένης,
3602 2788 3715 2841 ἀπ·-

2138 2901 2159 2935 ε
2199 2882 2445 2936 ίστειλαν
2503 2884 2551 2937 oi
2593 2882 2888 2952 στρατηγοὶ
2915 2882 3039 2943 τοὺς
3059 2879 3407 2952 ραδῖούχους,
3432 2877 3712 2945 λέγοντεςο

2139 2994 2158 3027 ε
2191 2975 2485 3033 ἶΛπὸλυσον
2513 2975 2636 3037 τοὺς
2654 2971 2968 3043 ἀνθρώπους
2998 2970 3259 3035 ἐκείνου..
3296 2969 3632 3037 ’Δπήγγειλε
3655 2968 3714 3025 δέ

2138 3087 2159 3120 ι
2201 3069 2230 3121 6
2258 3065 2603 3137 δεσμοφύλαξ
2632 3064 2757 3129 τοὺς
2788 3064 2982 3133 λόγους
3020 3063 3242 3126 τούτους
3286 3062 3418 3132 πρὸς
3445 3061 3531 3115 τὸν
3567 3060 3715 3114 Παῦο

2060 3178 2104 3239 ο
2141 3177 2159 3212 ι
2198 3158 2311 3224 λον,
2343 3159 2423 3217 ὅτι
2457 3157 2865 3215 ἁπεστάλκσσιν
2906 3156 2958 3215 οι
3007 3153 3306 3226 στρατηγοὶ
3364 3154 3452 3207 ἵνα
3504 3151 3716 3207 ἀπολυο

2143 3271 2162 3304 ι
2200 3252 2351 3323 θῆτε.
2391 3250 2505 3309 Νῦν
2534 3245 2628 3304 οῦν
2671 3248 2977 3315 ἐξελθόντες
3008 3245 3307 3319 πορεύεσθε
3350 3246 3408 3298 ἐν
3433 3246 3652 3315 εἰρήνῃ.
3686 3262 3705 3296 ι

2213 3360 2233 3395 ι
2276 3341 2540 3407 Ἐξυπνος
2562 3340 2852 3411 γενόμενος
2878 3340 2907 3394 6
2929 3335 3292 3409 δεσμοφύλαξ.
3326 3356 3344 3388 ι
3372 3329 3537 3399 Οὗτός
3562 3334 3713 3387 ἐστιν

2135 3437 2163 3490 6
2193 3436 2493 3503 Στεφανᾶῖ,
2523 3426 2585 3487 οῦ
2617 3431 2947 3504 μνημονεύει
2976 3430 3184 3493 Παῦλος
3216 3432 3275 3485 ἐν
3311 3431 3377 3500 τῇ
3421 3426 3558 3499 πρὲις
3603 3427 3711 3479 Κο-

2140 3527 2372 3600 ρινθίους
2405 3525 2615 3596 πρώτῃ.

2218 3638 2236 3671 ι
2293 3620 2353 3671 '0
2381 3617 2438 3672 δὲ
2466 3616 2674 3681 Παῦλος
2702 3615 2805 3686 ἔφη
2839 3615 2975 3688 πρὸς
3008 3613 3227 3678 αὐτούς’
3247 3613 3532 3685 Δείραντες
3564 3611 3712 3681 ἡμᾶς

2142 3729 2161 3765 ι
2198 3710 2433 3782 δημοσίᾳ
2500 3709 2904 3780 ἀκατακρίτους
2935 3746 2952 3772 ,
3026 3706 3348 3779 ἀνθρώπους
3399 3705 3712 3774 Ῥωμαίους

2093 3834 2096 3837 -
2142 3821 2161 3857 ι
2209 3802 2574 3874 ὑπάρχοντας,
2620 3800 2812 3855 ἔλαϐον
2854 3802 2934 3864 είς
2964 3800 3236 3870 φυλακὴν,
3274 3800 3368 3853 καὶ
3403 3798 3501 3852 νῦν
3536 3798 3710 3867 λάθρα

2145 3913 2163 3947 ι
2212 3896 2360 3965 ἡμᾶς
2405 3893 2792 3959 ἐκϐάλλουσινς
2843 3893 2918 3947 Ού
2947 3893 3078 3962 γάρ,
3109 3890 3241 3945 ἀλλά
3269 3890 3514 3953 ἐλθόντες
3558 3888 3712 3942 αὐτοὶ

2145 4006 2164 4039 ι
2205 3986 2645 4054 ἐξαγαγέτωσαν.
2690 3984 3046 4056 ’Δυήγγειλαν
3069 3984 3132 4037 δὲ
3161 3986 3272 4047 τοῖς
3312 3985 3637 4052 στρατηγοῖς
3664 3982 3710 4033 oi

2145 4095 2164 4130 ι
2202 4075 2486 4147 ῥαϐδοῦχοι
2519 4077 2587 4129 τὰ
2637 4077 2859 4146 ῥήματα
2912 4074 3108 4129 ταῦτα.
3166 4075 3275 4127 Καὶ
3326 4073 3710 4144 ἐφοϐήθησαν,

2145 4184 2165 4220 ι
2204 4166 2536 4228 ἀκούσαντες
2570 4166 2654 4223 ὅτι
2693 4165 2950 4234 Ῥωμαῖοί
2984 4166 3111 4219 είοι.
3146 4165 3255 4219 Καὶ
3297 4163 3545 4225 ἐλθόντες
3573 4180 3711 4232 παρ-

2147 4277 2163 4310 ι
2204 4257 2459 4314 εκάλεσεν
2503 4258 2719 4321 αὐτοὺς,
2759 4258 2852 4312 καὶ
2902 4255 3264 4325 ἐξαγαγόντες
3292 4254 3522 4326 ἠρώτων
3564 4254 3709 4320 ἐξελ-

2146 4368 2164 4400 (
2206 4349 2316 4402 θεῖν
2342 4349 2441 4419 τῆς
2477 4348 2702 4410 πόλεως.
2761 4347 3102 4412 Ἐξελθόντες
3139 4347 3196 4401 δέ
3243 4349 3307 4401 ἐκ
3335 4348 3434 4418 τῆς
3467 4348 3710 4415 φυλακῆς

2146 4458 2166 4492 ι
2209 4440 2458 4509 εἰσῆλθον
2493 4441 2573 4501 εἰς
2620 4440 2718 4508 τὴν
2764 4440 2987 4505 Λυδίαν,
3026 4441 3125 4492 καὶ
3171 4440 3372 4503 ἰδόντες
3404 4440 3532 4503 τοὺς
3562 4438 3707 4492 ἀδελ-

2060 4523 2114 4584 D
2150 4550 2169 4583 ι
2207 4532 2340 4600 φοὺς
2365 4531 2746 4601 παρεκάλεσαν
2768 4532 2975 4594 ,αὑτοὺς
3005 4534 3099 4585 καὶ
3136 4531 3378 4600 ἐξῆλθον.
3413 4552 3435 4585 ο

2218 4641 2235 4675 ι
2280 4622 2562 4692 Δείραντες
2598 4624 2744 4692 ἡμᾶς
2771 4622 3026 4694 δημοσίᾳ⁴
3062 4643 3080 4675 ι
3126 4626 3377 4677 Δείκνυσι
3398 4623 3622 4678 διπλοῦν
3651 4622 3709 4674 τὸ

2145 4712 2421 4782 ἔγκλημα,
2445 4713 2637 4767 είτῐὼν⁸
2667 4714 2954 4784 Δείραντες
3008 4710 3102 4768 οῦν
3144 4717 3291 4787 ημᾶς
3330 4715 3585 4786 δημοσία,
3616 4714 3707 4766 καὶ

2144 4806 2214 4857 τὰ
2242 4807 2388 4875 ἑξῆς,
2415 4806 2495 4861 ὅτι
2535 4808 2631 4860 καὶ
2665 4806 2987 4877 Ῥωμαίους,
3037 4809 3133 4861 καὶ
3172 4809 3594 4879 ἀκατακρίτους,
3621 4807 3711 4858 καὶ

2146 4900 2403 4970 δημοσία.
2438 4902 2546 4953 Καὶ
2583 4900 2898 4972 ἀνθρώπινα
2928 4900 3035 4971 γὰρ
3068 4901 3437 4964 κατεσκεύαζε
3456 4900 3550 4953 διά
3594 4914 3708 4951 τινα

2147 4992 2460 5061 οἰκονομίαν
2511 4991 2803 5056 πολλάκις,
2863 4992 2951 5044 ἵνα
2986 4994 3061 5062 μὴ
3109 4992 3234 5063 δόξῃ
3287 4992 3367 5052 ὡς
3420 4991 3707 5049 κατάδικος

2147 5082 2480 5138 ἀπολύεσθαι
2515 5085 2607 5136 καὶ
2644 5084 2727 5146 ὡς
2755 5082 3109 5154 ἡμαρτηκὼς,
3138 5085 3229 5136 καὶ
3267 5084 3352 5142 ἵνα
3384 5084 3460 5154 μὴ
3486 5082 3588 5151 τῆς
3616 5083 3710 5151 χά-

2148 5193 2294 5246 ριτος
2332 5177 2511 5229 αὐτῶν
2605 5179 2669 5228 τὸ
2697 5178 2948 5246 πρᾶγμα.
2981 5176 3089 5236 Καὶ
3120 5175 3274 5238 εἰδὼς
3303 5178 3384 5228 ὅτι
3407 5176 3484 5228 δεῖ
3519 5176 3707 5244 ἀρχαῖς

2148 5269 2243 5320 καὶ
2281 5266 2551 5331 ἐξουσίαις
2598 5267 3018 5327 ὑποτάσσεσθαι,
3082 5267 3265 5324 ἐκάλει
3323 5266 3512 5318 ἐαυτὸν
3581 5263 3708 5316 Ῥωο

2153 5360 2334 5427 μαῖον.
2378 5357 2569 5426 Σχεδὸν
2616 5357 2726 5428 γὰρ
2772 5357 2952 5423 πάσης
2996 5356 3095 5423 τῆς
3134 5356 3233 5425 γῆς
3266 5358 3356 5408 καὶ
3408 5352 3580 5421 αὐτῆς
3614 5351 3706 5419 τῆς

2160 5448 2422 5510 Ἰουδαίας
2469 5451 2498 5500 6
2556 5448 2843 5517 Ῥωμαίων
2912 5448 3163 5518 βασιλεὺς
3210 5448 3451 5518 ἐκράτει.
3507 5446 3706 5505 (item;

2149 5541 2246 5594 καὶ
2279 5540 2444 5611 φόρον
2480 5540 2699 5595 ἐτέλουν
2754 5540 3034 5610 Καίσαρι,
3074 5540 3148 5610 μὴ
3204 5542 3582 5607 ἀποσειξμενοι
3610 5538 3706 5605 τὴν

2149 5630 2324 5705 ἀρχὴν
2354 5631 2448 5684 καὶ
2479 5630 2795 5684 δεσποτείαν
2821 5631 2918 5701 τὴν
2957 5631 3289 5702 Ῥωμαϊκὴν,
3317 5628 3507 5701 ὥσπερ
3530 5629 3580 5688 οἱ
3604 5627 3704 5686 λοιτ
