4024 6540
545 441 653 506 239

1634 422 2031 485 CECUMENII
2061 420 2350 480 TRlCC.‘E
2386 418 2724 478 EPISCOPI

3569 355 3588 372 O
3694 413 3792 476 2i0

545 554 743 613 Deum,
799 545 893 617 qui
921 544 989 600 ab
1031 544 1151 615 ipso
1186 538 1599 612 praedicaretur.
1634 533 1961 606 corrigendo
2001 531 2127 587 sub-

2233 530 2320 584 τὸν
2367 529 2456 583 ὑπ’
2503 527 2667 582 αὐτοῦ
2722 526 3149 598 κηρυττόμενον,
3196 522 3503 593 διορθοῦται
3552 524 3791 591 ἐπάγων·

540 640 766 713 jungit:
823 658 841 692 ι
891 637 1014 693 Νοη
1064 634 1120 688 in
1161 629 1490 688 manu‘factis
1553 626 1772 709 templis
1830 625 2063 680 habitat.
2097 643 2115 676 ι

543 704 767 789 ίιοίῆιοι
812 726 1088 799 siquidem
1143 724 1197 778 in
1255 721 1496 792 templis,
1543 704 1737 774 verum
1773 713 1974 770 nonin
2009 712 2117 776 bis,

543 826 639 882 sed
670 824 725 878 in
757 821 939 877 anima
967 819 1229 874 humana.
1263 813 1452 883 Neque
1479 810 1627 866 enim
1655 809 1710 863 in
1734 804 1941 876 templo
1968 802 2123 858 Jero—

542 917 882 988 solymorum
916 910 1168 966 habitare
1211 906 1438 970 dicitur,
1488 901 1585 959 sed
1643 898 1880 971 operari.
1932 896 2122 967 Neque

544 987 802 1063 manibus
848 1003 1138 1059 hominum
1187 998 1335 1071 apud
1380 996 1599 1053 Judaeos
1661 991 1969 1055 colebatur,
2022 987 2120 1045 sed

540 1109 763 1156 mente:
798 1097 1060 1170 quoniam
1102 1109 1216 1166 nee
1244 1094 1338 1148 illa
1370 1092 1445 1147 ita
1488 1089 1779 1161 expetebat
1813 1086 1971 1158 quasi
2002 1100 2123 1156 ege-

540 1202 645 1249 ret.
674 1192 838 1259 Num,
881 1188 1083 1260 inquit,
1125 1186 1286 1242 edam
1313 1198 1508 1241 carnes
1535 1178 1865 1238 taurorum?
1890 1184 1984 1233 aut
1998 1191 2123 1232 san-

540 1286 762 1358 guinem
792 1283 1077 1338 hircorum
1094 1278 1348 1351 potabo?
1375 1285 1486 1332 etc.

525 1427 543 1433 -
611 1370 777 1443 XVII,
831 1375 1027 1431 26-29.
1102 1391 1122 1425 ι
1163 1370 1484 1428 Prasﬁniens
1541 1368 1815 1441 destinata
1869 1371 2117 1434 tempora

549 1492 568 1524 ι
613 1452 990 1537 terminosque
1029 1460 1393 1520 habitationis
1430 1473 1644 1524 eorum,
1704 1463 1764 1512 ut
1814 1461 2123 1526 quaererent

547 1582 566 1617 ι
599 1563 796 1627 Deum,
827 1560 874 1615 si
906 1559 1050 1614 forte
1080 1555 1306 1627 palpent
1339 1567 1466 1609 eum
1496 1558 1552 1606 et
1579 1548 1886 1612 inveniant,
1927 1558 2122 1615 quam-

549 1675 568 1709 ι
612 1654 698 1711 vis
745 1667 858 1709 non
884 1651 1047 1721 longe
1074 1648 1220 1704 absit
1258 1646 1329 1702 ab‘
1359 1658 1696 1715 unoquoque
1730 1650 2009 1697 nostrum.
2058 1636 2122 1692 In

548 1765 566 1797 ι
615 1745 734 1816 ipso
757 1742 906 1799 enim
933 1740 1174 1797 vivimus
1203 1746 1261 1795 et
1290 1750 1580 1792 movemur
1606 1749 1673 1790 ac
1715 1747 1929 1798 sumus,
1976 1730 2121 1785 sicut

547 1858 567 1890 ι
606 1848 667 1893 et
694 1836 921 1908 quidam
950 1831 1275 1889 vestratium
1322 1838 1610 1901 poetarum
1658 1826 1919 1881 dixerunt
1945 1840 1959 1876 :
1984 1822 2121 1877 Nam

2233 642 2251 675 ι
2307 623 2422 676 Οὐκ
2457 622 2514 675 ἐν
2570 619 2968 691 χειροποιήτοις
3026 619 3175 682 ναοῖς
3230 619 3497 672 κατοικεῖ.
3566 635 3583 668 ι
3646 618 3789 671 Οίκεῖ

2228 717 2325 786 μὲν
2359 715 2468 786 γὰρ
2501 715 2557 767 ὲν
2584 715 2755 779 ναοῖς,
2791 712 2909 766 ἀλλ’
2958 710 3058 765 ούκ
3107 711 3166 765 ὲν
3218 710 3445 776 τούτοις,
3475 710 3590 764 ἀλλ’
3616 711 3674 763 ὲν
3703 711 3789 764 ἀν-

2225 808 2474 880 θρωπίνῃ
2515 805 2683 877 ψυχῇ.
2740 804 2875 859 Οὐδὲ
2906 803 3015 875 γὰρ
3043 804 3103 858 ὲν
3149 802 3227 875 τῷ
3255 802 3368 873 ναῷ
3405 802 3513 857 τῶν
3571 803 3791 873 Ἰεροσο-

2223 900 2411 973 λύμων
2467 898 2687 969 λέγεται
2740 899 2932 963 οἰκεῖν,
2991 895 3106 953 ἀλλ’
3167 898 3431 967 ἐνεργεῖν.
3492 896 3627 949 Οὐδὲ
3694 895 3792 951 ὑπὸ

2223 992 2422 1066 χειρῶν
2495 991 2799 1063 ἀνθρώπων
2862 988 3015 1062 παρά
3088 988 3365 1052 Ἰουδαίοις
3416 986 3792 1059 ἐθεραπεύετο,

2220 1087 2337 1143 ἀλλ’
2359 1087 2464 1142 ὑπὸ
2491 1084 2726 1150 διανοίας
2759 1101 2773 1115 ·
2801 1083 2926 1138 ἐπεὶ
2956 1082 3185 1138 κάκεῖνά
3204 1099 3267 1152 γε
3288 1082 3388 1136 οὐκ
3414 1081 3595 1152 ἐζήτει
3629 1079 3794 1143 οὕτως

2222 1181 2413 1252 ὥσπερ
2428 1181 2702 1251 δεόμενος.
2720 1179 2860 1251 Φησὶ
2886 1177 3014 1250 γὰρ,
3035 1176 3130 1248 Μὴ
3155 1176 3418 1246 φάγωμαι
3438 1174 3650 1245 κρέατα
3668 1172 3794 1226 ταύ-

2227 1293 2336 1349 ρων
2360 1293 2376 1341 ;
2403 1275 2436 1347 ἢ
2466 1270 2607 1346 αἷμα
2628 1273 2847 1345 τράγων
2872 1272 3123 1341 πίωμαι;
3156 1269 3253 1324 καὶ
3304 1266 3374 1321 τὰ
3395 1268 3544 1339 ἑξῆς.

2299 1389 2319 1423 ι
2362 1369 2580 1442 Ὀρίσας
2648 1364 3159 1440 προστεταγμένους
3222 1361 3449 1434 καιροὺς
3536 1358 3634 1413 καὶ
3701 1360 3793 1421 τὰς

2228 1483 2249 1516 ι
2287 1462 2568 1535 ὁροθεσίας
2626 1462 2725 1531 τῆς
2800 1458 3083 1523 κατοικίας
3136 1456 3351 1520 αὐτῶν,
3436 1451 3624 1522 ζητεῖν
3709 1450 3793 1503 τὸν

2232 1574 2251 1607 ι
2287 1554 2442 1621 Θεὸν,
2472 1557 2522 1607 ει
2554 1553 2663 1625 άρα
2698 1569 2760 1621 γε
2794 1550 3169 1621 ψηλαφήσειεν
3225 1546 3387 1603 αὑτὸν
3415 1544 3511 1599 καὶ
3570 1541 3791 1613 εὕροιεν,

2231 1667 2251 1701 ι
2292 1647 2537 1716 καίτοιγε
2574 1646 2638 1700 οὐ
2707 1643 2926 1716 μακρὰν
2974 1642 3083 1696 ἀπὸ
3123 1639 3241 1705 ἐνὸς
3264 1639 3494 1694 ἑκάστου
3517 1634 3677 1706 ἡμῶν
3702 1633 3797 1687 ὑπο

2230 1759 2251 1793 ‹
2291 1739 2551 1812 άρχοντα.
2592 1738 2681 1792 Ἐν
2710 1735 2859 1807 αὐτῷ
2886 1735 2993 1806 γάρ
3018 1734 3203 1805 ζῶμεν
3230 1732 3324 1786 xui.
3357 1725 3666 1797 κινούμεθα
3709 1723 3796 1778 καὶ

2231 1852 2250 1886 ι
2291 1832 2480 1903 ἐσμὲν,
2520 1830 2594 1895 ὡς
2625 1831 2720 1885 καί
2755 1846 2899 1893 τινες
2930 1827 3039 1881 τῶν
3062 1825 3185 1881 καθ’
3216 1824 3363 1895 ὑμᾶς
3384 1820 3627 1889 ποιητῶν
3654 1817 3798 1888 εἰρή-

545 1951 565 1984 ι
600 1907 768 2002 hujus
821 1927 987 1984 etiam
1026 1923 1330 1996 progenies
1386 1934 1601 1977 sumus.
1655 1916 1793 1973 Cum
1839 1929 1971 1987 ergo
2017 1910 2113 1967 Dei

2233 1944 2245 1979 ι
2282 1942 2414 1981 κασι
2438 1941 2454 1956 ο
2484 1924 2592 1979 Τοῦ
2615 1925 2723 1996 γὰρ
2772 1922 2867 1977 καὶ
2896 1921 3054 1990 γένος
3084 1918 3273 1989 ἐσμέν.
3309 1916 3470 1979 Γένος
3497 1907 3593 1967 οὖν
3632 1910 3797 1981 ὑπάρο

547 2042 566 2075 ι
603 2001 778 2094 genus
807 2018 1003 2083 simus,
1057 2031 1168 2071 non
1214 2012 1483 2069 debemus
1519 2006 1837 2065 existimare
1866 2018 2004 2059 auro
2034 2001 2121 2056 vel

545 2136 565 2169 ι
602 2123 854 2187 argento,
908 2127 1008 2168 seu
1057 2108 1229 2181 lapidi
1265 2115 1384 2163 arte
1425 2103 1663 2175 seulpto,
1688 2110 1742 2157 et
1769 2100 1994 2155 invento
2021 2096 2122 2152 bo-

547 2231 563 2264 ι
606 2208 775 2264 minis
812 2206 1032 2262 Numen
1064 2218 1186 2260 esse
1212 2201 1413 2257 simile.
1459 2218 1479 2251 ι

616 2321 635 2355 ι
671 2296 994 2358 Praeﬁniens
1070 2294 1348 2352 destinata
1418 2300 1691 2361 tempora.
1726 2306 1747 2335 ι
1800 2282 2119 2346 Praeﬁnivit,

540 2393 742 2465 inquit,
776 2404 838 2448 ut
861 2392 1032 2446 Deum
1062 2394 1374 2460 quaererent
1400 2400 1415 2439 :
1437 2392 1494 2438 at
1523 2398 1632 2437 non
1663 2394 1881 2449 semper
1904 2378 2009 2432 hoc
2027 2375 2121 2430 de-

544 2488 788 2552 stinavit,
805 2482 899 2539 sed
917 2480 1237 2537 constitutis
1254 2474 1627 2547 temporibus:
1653 2473 1814 2545 138
1824 2468 2124 2527 ostendens

544 2578 692 2650 quod
726 2580 873 2631 nunc
904 2589 1029 2629 eum
1058 2570 1389 2642 repererint,
1426 2583 1496 2623 ne
1529 2565 1825 2638 quaesitum
1873 2561 2119 2632 quidem.

532 2662 1001 2738 Quandoquidem
1078 2662 1227 2719 enim
1275 2677 1387 2716 non
1433 2654 1721 2729 quaesitum
1769 2654 2120 2717 invenerunt,

545 2763 891 2818 demonstrat
925 2757 1064 2814 adeo
1104 2753 1457 2810 manifestum
1492 2766 1618 2807 eum
1648 2749 1843 2814 fuisse,
1872 2746 2043 2802 veluti
2076 2746 2123 2800 si

448 2893 459 2905 .
545 2854 676 2927 quid
706 2856 761 2910 in
787 2852 969 2909 medio
1011 2849 1179 2907 situm
1214 2854 1609 2904 contrectetur.
1664 2830 1858 2912 Neque
1889 2839 2037 2895 enim
2066 2837 2123 2893 in

544 2950 653 3004 hoc
688 2948 810 3002 loco
841 2943 1228 3001 inveniebatur
1273 2940 1354 2996 sic
1387 2948 1449 2994 ut
1498 2952 1608 2993 non
1645 2933 1800 2999 alibi,
1853 2944 2033 3001 neque
2066 2928 2124 2984 in

547 3043 652 3096 hoc
687 3048 933 3110 tempore
960 3032 1083 3092 erat
1111 3035 1193 3091 sic
1220 3041 1280 3088 ut
1346 3032 1401 3086 in
1460 3029 1569 3085 alio
1606 3042 1717 3082 non
1742 3031 1926 3080 esset:
1961 3019 2123 3077 Omni

547 3135 738 3203 itaque
791 3140 1039 3201 tempore
1076 3126 1339 3196 omnique
1370 3124 1491 3179 loco
1521 3118 1831 3192 potuissent
1866 3130 1994 3171 eum
2040 3112 2123 3166 in-

544 3224 769 3281 venire:
808 3222 883 3278 ita
913 3233 1152 3291 namque
1179 3216 1531 3288 disposuerat
1559 3221 1621 3268 ut
1642 3224 1823 3281 neque
1852 3208 1977 3262 loco
2010 3205 2124 3260 ullo

558 3269 769 3281 .......-.
808 3269 883 3278 .-κ
913 3269 1148 3291 --__,_-
1185 3269 1294 3288 νγ
1421 3269 1432 3271 τ
1733 3269 1751 3281 ,

547 3324 856 3381 arceretur,
908 3327 1088 3384 neque
1122 3321 1391 3380 tempore.
1447 3306 1584 3363 Nam
1631 3305 1739 3363 hoc
1782 3302 1962 3372 ipsum
1993 3310 2126 3354 sane
2151 3269 2197 3334 C

547 3411 662 3466 illis
709 3408 946 3464 maxime
984 3405 1305 3476 adjumento
1364 3408 1502 3467 erat,
1556 3397 1703 3470 quod
1734 3395 1943 3464 ubique
1982 3399 2130 3447 esset

547 3506 697 3560 Deus
745 3503 1008 3572 omnique
1062 3506 1310 3570 tempore
1353 3494 1701 3566 perduraret.
1759 3490 1828 3543 Et
1891 3487 1997 3541 hoc
2046 3492 2132 3539 est

549 3596 699 3669 quod
727 3596 805 3650 ait
839 3613 852 3650 :
912 3614 929 3646 ι
968 3593 1134 3662 Atqui
1161 3607 1272 3646 non
1314 3576 1475 3659 longe
1508 3585 1663 3640 abest
1695 3583 1764 3638 ab
1797 3591 2131 3649 unoquoque

549 3693 826 3743 nostrum.
848 3686 872 3736 ⁷»
894 3683 1029 3739 Nam
1059 3696 1231 3753 pr0pe
1257 3693 1450 3735 omnes
1470 3683 1577 3742 est,
1609 3674 1923 3742 ubicunque
1953 3678 2130 3723 terra-

552 3792 678 3834 rum
730 3777 882 3832 sint:
921 3766 1171 3844 adeoque
1205 3785 1376 3842 prope
1403 3776 1487 3825 est
1521 3777 1582 3823 ut
1626 3766 1834 3837 absque
1878 3778 1946 3817 eo
1992 3758 2132 3815 nulli

551 3874 666 3926 vita
701 3871 797 3927 sit.
854 3889 873 3921 ι
912 3869 971 3925 In
1021 3866 1142 3940 ipso
1171 3864 1319 3921 enim
1372 3863 1608 3918 vivimus
1641 3869 1697 3915 et
1749 3871 2034 3913 movemur
2069 3867 2135 3907 ac

554 3978 768 4019 sumus.
807 3981 824 4012 ι
888 3957 1365 4028 Quemadmodum
1427 3952 1479 4009 in
1528 3948 1800 4021 corporali
1857 3934 2130 4015 exemplo,

553 4058 700 4113 sicut
741 4054 1081 4126 impossibile
1129 4063 1213 4108 est
1265 4051 1517 4121 ignorare
1545 4060 1752 4106 aerem.
1804 4041 1899 4113 qui
1927 4039 2133 4107 ubique

554 4145 905 4210 diffunditur,
937 4160 1038 4198 nec
1063 4143 1225 4214 longe
1267 4141 1336 4195 ab
1379 4151 1714 4207 unoquoque
1753 4141 2007 4215 nostrum
2038 4130 2136 4185 ab-

551 4250 660 4306 est,
692 4239 828 4311 quin
861 4237 1046 4310 potius
1074 4236 1129 4290 in
1167 4233 1329 4289 nobis
1364 4242 1470 4299 est,
1519 4235 1592 4286 ita
1635 4244 1768 4285 sane
1798 4235 1854 4282 et
1886 4224 2133 4281 omnium

552 4333 907 4391 Conditorem
944 4331 1115 4386 Deum
1144 4328 1396 4400 ignorare
1421 4340 1529 4380 non
1554 4336 1867 4394 possumus.
1900 4318 1983 4373 Ab
2017 4300 2147 4388 ipso.

553 4426 703 4484 enim
760 4424 1029 4478 habemus
1086 4429 1146 4475 ut
1194 4420 1389 4483 simus,
1450 4426 1512 4471 ut
1566 4430 1881 4485 operemur,
1934 4419 2135 4466 utnon

553 4520 867 4585 pereamus.
921 4507 1138 4565 Deinde
1182 4509 1349 4563 etiam
1390 4504 1710 4560 vaticinium
1762 4502 1872 4556 illis
1925 4500 2137 4555 inducit

2234 2040 2252 2077 ι
2294 2035 2481 2090 χοντες
2505 2008 2598 2071 τοῦ
2628 2014 2787 2079 Θεοῦ,
2844 2013 2945 2067 ούκ
2970 2009 3259 2081 ὀφείλομεν
3313 2007 3580 2078 νομίζειν,
3625 2003 3798 2073 χρυσῷ

2231 2130 2250 2164 ι
2294 2111 2327 2182 ἢ
2360 2109 2588 2182 ἀργύρῳ
2618 2108 2652 2180 ἢ
2688 2106 2820 2177 λίθῳ
2849 2105 3171 2177 χαράγματι
3218 2103 3414 2172 τέχνης
3452 2098 3551 2154 καὶ
3579 2097 3799 2169 ἐνθυμή-

2209 2204 2248 2257 ἀ
2291 2222 2429 2268 σεως
2461 2201 2749 2275 ἀνθρώπου
2779 2199 2840 2254 τὸ
2859 2200 3013 2253 Θεῖον
3041 2193 3182 2252 εἶναι
3214 2197 3451 2266 ὅμοιον.»

2300 2318 2319 2349 ι
2377 2296 2598 2365 Ὀρίσας
2652 2289 3163 2366 προστεταγμένους
3216 2285 3465 2358 καιρούς.
3512 2303 3534 2337 ι
3599 2284 3796 2351 "Optas,

2227 2389 2382 2460 φησι,
2427 2386 2661 2458 ζητῆσαι
2696 2384 2786 2438 τὸν
2819 2382 2952 2437 Θεόν
2979 2396 2991 2409 ·
3028 2380 3144 2436 ἀλλ’
3182 2378 3245 2432 οὐ
3287 2377 3375 2432 διὰ
3420 2375 3627 2438 παντὸς
3655 2374 3799 2428 τοῦτο

2226 2483 2465 2554 ὥρισεν,
2518 2478 2656 2534 ἀλλὰ
2706 2473 3223 2548 προστεταγμένους
3280 2470 3548 2543 καιροὺς,
3598 2468 3796 2531 δεικνὺς

2229 2577 2310 2630 ὅτι
2359 2576 2454 2627 νῦν
2499 2573 2623 2644 ούχὶ
2652 2570 2989 2644 ζητήσαντες
3017 2559 3197 2639 εὗρον.
3249 2564 3469 2634 Ἐπειδὴ
3496 2563 3608 2634 γὰρ
3647 2561 3798 2631 ζητή-

2232 2683 2431 2730 σαντες
2476 2665 2575 2735 ούχ
2613 2658 2795 2735 εὖρον,
2818 2662 3091 2717 δείκνυσιν
3121 2660 3203 2714 ὅτι
3232 2644 3407 2721 οὕτως
3441 2651 3512 2727 ἦν
3555 2653 3795 2725 φανερὸς,

2232 2760 2421 2829 ὥσπερ
2476 2758 2543 2813 ἂν
2595 2758 2674 2822 είς
2721 2756 2886 2828 μέσον
2916 2772 2967 2808 τι
2998 2752 3398 2826 ψηλαφώμενον
3423 2766 3438 2782 ο
3473 2748 3538 2802 οὐ
3568 2747 3675 2817 γὰρ
3728 2746 3798 2798 ὲν-

2232 2851 2406 2908 ταῦθα
2450 2852 2555 2923 μὲν
2611 2846 2680 2922 ἦν
2730 2850 2981 2921 οὐρανὸς,
3040 2845 3274 2917 ἀλλαχοῦ
3317 2845 3376 2898 δε
3427 2842 3513 2896 οῦ.
3573 2840 3703 2894 Οὐδὲ
3745 2838 3797 2891 ἑν

2228 2946 2401 3016 τούτῳ
2450 2943 2528 3015 τῷ
2567 2944 2744 3017 χρόνῳ
2803 2938 2892 3014 ἦν,
2950 2942 3009 2996 ὲν
3046 2940 3191 3011 ἄλλῳ
3225 2938 3281 2991 δὲ
3325 2935 3386 2990 οὗ
3412 2953 3424 2965 ·
3457 2934 3605 2988 ὥστε
3666 2931 3797 2985 κατά

2230 3038 2408 3092 πάντα
2443 3037 2638 3109 καιρὸν
2699 3039 2794 3090 καὶ
2845 3033 2991 3090 κατά
3041 3034 3224 3088 πᾶσαν
3263 3028 3554 3101 ὁροθεσίαν
3586 3023 3796 3079 δυνατὸν

2229 3124 2394 3180 αὑτὸν
2427 3123 2611 3195 εὑρεῖν
2645 3140 2660 3154 ·
2695 3124 2868 3187 οὕτως
2902 3123 3013 3194 γὰρ
3064 3120 3439 3192 ᾡκονόμησεν,
3495 3114 3640 3170 ὥστε
3671 3114 3797 3185 μήτε

2230 3218 2382 3289 τόπῳ
2411 3216 2741 3284 κωλύεσθαι,
2774 3218 2911 3288 μήτε
2959 3215 3158 3286 χρόνῳ.
3190 3213 3332 3268 Αὐτὸ
3379 3213 3490 3282 γάρ
3547 3210 3614 3279 δὴ
3654 3205 3798 3261 τοῦτο

2236 3312 2473 3381 μάλιστα
2541 3311 2728 3374 αὐτοῖς
2789 3308 3165 3372 συνεϐάλλετο,
3220 3306 3284 3362 τὸ
3336 3303 3617 3375 πανταχοῦ
3671 3296 3799 3354 εἶναι

2231 3404 2322 3460 τὸν
2349 3403 2601 3476 οὐρανὸν,
2640 3402 2702 3456 τὸ
2734 3405 2793 3457 ὲν
2827 3405 2988 3458 παντὶ
3016 3402 3195 3473 χρόνῳ
3221 3399 3461 3455 ἑστάναι.
3495 3396 3610 3451 Καὶ
3654 3391 3799 3448 τοῦτὸ

2235 3500 2381 3551 ἐστιν
2409 3499 2438 3552 ὃ
2469 3514 2627 3567 φησι,
2673 3513 2693 3547 t
2721 3494 2830 3549 Καί
2857 3511 2920 3563 γε
2954 3494 3015 3547 ού
3042 3493 3262 3564 μακρὰν
3293 3490 3401 3545 ἀπὸ
3424 3487 3544 3552 ὲνδς
3580 3486 3797 3540 ἑκάστου

2232 3589 2391 3663 ἡμῶν
2443 3590 2594 3645 ὄντα.
2636 3606 2657 3641 t
2702 3590 2844 3644 Πᾶσι
2874 3586 2982 3658 γάρ
3017 3586 3185 3655 ἐγγύς
3210 3584 3328 3637 ἐστι
3378 3582 3491 3646 τοῖς
3542 3574 3798 3647 πανταχοῦ

2233 3682 2333 3752 τῆς
2361 3680 2686 3751 οίκουμένης
2733 3675 2857 3733 οὖσι
2887 3695 2901 3709 ο
2963 3678 3058 3731 καὶ
3113 3676 3287 3739 οὕτως
3340 3673 3507 3743 ἐγγύς
3539 3673 3706 3733 ἐστιν,
3733 3668 3801 3729 ὡς

2234 3771 2403 3842 χωρὶς
2459 3769 2623 3825 αὐτοῦ
2679 3770 2753 3841 μὴ
2808 3767 2929 3840 ζῇν.
2961 3785 2980 3820 ‹
3027 3766 3116 3820 Ἐν
3154 3765 3303 3835 αὐτῷ
3356 3764 3465 3836 γάρ
3498 3762 3681 3834 ζῶμεν
3718 3762 3801 3812 καὶ

2235 3861 2532 3933 κινούμεθα
2561 3861 2656 3914 καὶ
2684 3860 2871 3930 ἐσμέν.
2906 3878 2924 3911 ι
2972 3859 3183 3928 ’Ὠσπερ
3233 3858 3292 3911 ὲν
3345 3854 3649 3924 σωματικῷ
3676 3853 3801 3904 utro-

2234 3953 2508 4024 δείγματι,
2550 3953 2625 4016 ὡς
2671 3951 2934 4005 ἀδύνατον
2979 3949 3250 4025 ἀγνοῆσαι
3312 3948 3404 4001 τὸν
3435 3947 3578 4017 ἀέρα
3608 3960 3799 3998 παντα-

2236 4044 2333 4116 χοῦ
2387 4044 2708 4115 κεχυμένον,
2758 4045 2854 4098 καὶ
2903 4043 2964 4096 ού
3018 4042 3239 4114 μακρὰν
3292 4038 3402 4096 ἀπὸ
3433 4039 3557 4103 ἑνὸς
3587 4038 3799 4091 ἑκάστου

2236 4138 2396 4211 ἡμῶν
2427 4138 2763 4208 ὑπάρχοντα,
2798 4135 3000 4207 μᾶλλον
3030 4135 3086 4188 δὲ
3123 4135 3215 4188 καὶ
3247 4136 3304 4188 ὲν
3332 4135 3464 4204 ἡμῖν
3496 4133 3650 4195 ὅντα,
3674 4126 3802 4181 οῦτω

2237 4230 2301 4302 δὴ
2328 4230 2423 4285 καὶ
2474 4229 2565 4281 τὸν
2605 4229 2714 4283 τῶν
2745 4229 2883 4282 ὅλων
2913 4227 3247 4299 δημιουργὸν
3295 4225 3452 4279 Θεόν.
3486 4223 3624 4294 Παρ’
3652 4216 3800 4275 αὑτοῦ

2238 4324 2348 4401 γάρ
2370 4324 2515 4375 ἐστιν
2550 4323 2681 4392 ἡμῖν
2711 4321 2771 4374 τὸ
2825 4315 2988 4384 εἶναι,
3033 4318 3095 4372 τδ
3149 4319 3417 4389 ἐνεργεῖν,
3460 4316 3523 4369 τὺ
3575 4315 3649 4386 μὴ
3704 4312 3801 4363 ἀπ-

2239 4414 2479 4470 ολέσθαι.
2515 4408 2650 4468 Εἶτα
2707 4414 2803 4467 καὶ
2855 4413 3054 4485 χρῆσιν
3105 4412 3288 4476 αὐτοῖς
3344 4411 3579 4481 ’Δράτου
3624 4408 3803 4471 ἐπάγει

2240 4506 2356 4570 ἑνός
2392 4523 2535 4569 τινος
2564 4508 2673 4560 τῶν
2704 4505 2836 4575 παρ’
2860 4506 3046 4569 αὐτοῖς
3091 4503 3335 4576 ποιητῶν
3363 4506 3442 4567 είς
3471 4495 3803 4565 κατασκευὴν

555 4607 710 4663 Arati
773 4611 947 4674 poeta:
990 4598 1279 4671 cujusdam
1319 4599 1461 4653 inter
1506 4611 1603 4651 eos
1648 4594 1742 4664 qui
1791 4592 1937 4662 apud
1989 4591 2130 4661 ipsos

2240 4597 2331 4652 τοῦ
2364 4598 2557 4652 ἑαυτοῦ
2581 4598 2766 4667 λόγου.
2800 4617 2818 4650 ι
2853 4596 2960 4651 Τοῦ
2981 4600 3090 4669 γὰρ
3111 4597 3205 4651 κα)⁸
3229 4596 3386 4665 γένος
3408 4595 3595 4665 ἐσμὲν,
3612 4615 3631 4647 ο
3662 4589 3801 4660 φησί.

556 4700 761 4765 fuerat,
815 4693 882 4751 ad
932 4692 1018 4749 sui
1058 4691 1328 4747 sermonis
1377 4687 1896 4745 conﬁrmationem:
1948 4702 1966 4735 ι
1998 4684 2135 4737 Nam

557 4792 723 4864 hujus
766 4786 932 4847 etiam
989 4786 1282 4858 progenies
1335 4798 1562 4848 sumus,
1597 4802 1615 4834 ι
1668 4780 1869 4851 inquit.
1927 4778 1996 4833 Et
2047 4776 2137 4831 hic

556 4883 781 4957 quidem
808 4882 875 4939 de
925 4880 1044 4949 ipso
1076 4875 1339 4934 Creatore
1369 4875 1504 4953 illud
1538 4873 1789 4937 assumit,
1823 4884 2138 4941 quanquam

556 4977 793 5034 de-Jove
818 4975 925 5029 hoc
954 4973 1165 5028 dictum
1199 4985 1320 5025 esse
1349 4968 1565 5023 ferant:
1604 4981 1716 5021 non
1739 4963 1930 5019 dicens
1958 4962 2139 5032 ipsum

556 5072 637 5127 illi
681 5080 898 5141 aptasse
916 5108 939 5130 ν,
982 5066 1077 5123 sed
1139 5064 1286 5135 quod
1326 5062 1549 5135 proprie
1613 5060 1682 5115 ad
1723 5060 1904 5130 ipsum
1963 5053 2139 5125 aptari

557 5164 756 5237 possit.
789 5162 1008 5217 Etenim
1035 5158 1283 5229 quaedam
1312 5156 1458 5211 dicta
1485 5154 1649 5210 etiam
1679 5153 1747 5208 ad
1782 5153 1961 5222 ipsum
1993 5155 2140 5203 recte

557 5259 841 5330 aptantur,
902 5266 1219 5325 quanquam
1272 5248 1327 5304 id
1368 5247 1620 5303 nesciant
1668 5244 1888 5325 Greci,
1926 5241 2022 5296 sed
2071 5239 2141 5293 ad

558 5320 855 5407 alium‘illa
880 5320 1174 5413 retulerim
1205 5361 1219 5398 :
1252 5340 1721 5414 quemadmodum
1768 5348 1824 5393 et
1861 5320 1994 5390 illud
2034 5344 2139 5397 est,

558 5444 752 5516 Ignoto
779 5442 914 5506 Deo,
948 5448 1005 5495 et
1032 5437 1281 5509 quazdam
1312 5436 1442 5491 alia.
1474 5434 1660 5491 Genus
1694 5440 1878 5487 autem
1914 5429 2012 5485 Dei
2042 5443 2145 5482 nos

559 5542 685 5584 esse
708 5526 846 5582 dicit
872 5525 1105 5580 Paulus:
1134 5538 1245 5577 non
1280 5531 1341 5577 ut
1369 5521 1446 5576 illi
1478 5521 1653 5585 aiunt,
1679 5518 1774 5573 sed
1805 5518 1914 5571 alio
1939 5531 2104 5570 sensu
2129 5531 2141 5565 :

558 5624 669 5677 hoc
700 5629 787 5675 est
811 5617 1132 5678 familiares,
1158 5614 1439 5686 proximos
1469 5630 1482 5665 :
1536 5618 1598 5665 ut
1638 5610 1681 5663 si
1714 5609 1841 5678 quis
1867 5608 2013 5661 dicat
2039 5604 2140 5658 do-

561 5713 826 5770 mesticos
854 5720 950 5767 aut
978 5711 1216 5766 vicinos.

633 5805 799 5872 XV“,
832 5802 1023 5860 50-35.
1087 5823 1105 5855 ι
1136 5802 1409 5873 Tempora
1439 5799 1627 5867 itaque
1658 5791 1985 5865 ignorantia:
2019 5804 2145 5843 eum

624 5902 895 5959 hactenus
925 5897 1287 5956 dissimularit
1316 5896 1483 5962 Deus,
1517 5905 1669 5947 nunc
1694 5886 1984 5944 annuntiat
2024 5900 2144 5940 om-

2240 4692 2350 4748 Καὶ
2375 4686 2527 4754 οὗτος
2560 4691 2657 4762 μὲν
2691 4690 2820 4762 περὶ
2847 4688 2940 4742 τοῦ
2972 4685 3317 4759 Δημιουργοῦ
3358 4685 3489 4739 αὐτὸ
3531 4681 3802 4753 λαμϐάνειν

2241 4789 2289 4843 εἰ
2324 4784 2419 4840 καὶ
2452 4783 2581 4854 περὶ
2612 4782 2705 4836 τοῦ
2736 4782 2858 4845 Διὸς
2907 4779 3064 4834 τοῦτο
3122 4778 3373 4850 εἰρῆσθαί
3419 4794 3605 4845 φασιν,
3634 4773 3692 4825 ού
3722 4770 3804 4821 τὴν

2244 4877 2406 4931 αὑτὸν
2444 4874 2638 4945 ἐκείνῳ
2668 4871 2863 4941 λέγων,
2909 4869 3046 4925 ἀλλὰ
3104 4869 3264 4923 τοῦτο
3312 4868 3517 4937 κυρίως
3553 4866 3637 4918 ἐπ’
3673 4859 3803 4927 αύτῷ

2244 4967 2505 5039 ἁρμόζειν
2532 4967 2729 5033 λέγων.
2782 4964 3011 5034 Εἴρηται
3071 4963 3170 5034 μὲν
3214 4960 3324 5031 γάρ
3370 4978 3490 5013 τινα
3519 4957 3614 5012 καὶ
3642 4954 3802 5025 πράτ-

2243 5081 2391 5117 τεται
2433 5063 2513 5135 εἰς
2565 5059 2749 5123 αὑτὸν,
2808 5056 2922 5112 ἀλλ’
2979 5056 3081 5110 ούκ
3128 5039 3275 5108 ἴσασι
3326 5051 3484 5117 τοῦτο
3537 5049 3801 5116 Ἕλληνες.

2243 5156 2357 5210 ἀλλ’
2405 5156 2484 5216 εἰς
2542 5152 2728 5223 ἕτερον
2756 5149 2895 5203 αὐτὰ
2926 5149 3269 5217 νενοήκασιν,
3324 5144 3513 5215 ὥσπερ
3566 5142 3680 5195 ἐστὶ
3723 5135 3803 5191 καὶ

2243 5248 2326 5309 τὸ,
2356 5265 2373 5297 ι
2398 5243 2688 5313 ’Δγνώστῳ
2710 5240 2851 5313 Θεῷ,
2890 5260 2909 5292 ι
2933 5242 3025 5294 καὶ
3043 5239 3209 5311 ἕτερά
3239 5254 3382 5291 τινα.
3408 5235 3568 5298 Γένος
3601 5234 3659 5289 δὲ
3686 5226 3804 5285 Θεοῦ

2245 5341 2392 5409 ἡμᾶς
2428 5334 2569 5391 εἶναί
2601 5352 2766 5405 φησιν
2810 5337 2839 5389 ὀ
2878 5335 3109 5400 Παῦλος,
3145 5332 3245 5401 οὐχ
3292 5329 3368 5392 ὡς
3415 5328 3610 5381 ἐκεῖνοί
3640 5338 3805 5395 φασιν,

2246 5431 2362 5486 ἀλλ’
2412 5429 2584 5501 ἑτέρῳ
2644 5428 2738 5498 νῷ.
2792 5427 3094 5490 τουτέστιν,
3148 5427 3404 5487 οίκείους,
3468 5421 3804 5490 ὲγγυτάτους,

2247 5524 2320 5586 ὡς
2344 5524 2410 5576 ἂν
2436 5523 2579 5574 εἴποι
2604 5540 2706 5585 τις,
2742 5520 3042 5592 παροίκους
3068 5519 3100 5591 ἢ
3130 5520 3399 5588 γείτονας.

2327 5811 2346 5842 ‹
2385 5792 2524 5853 Τοὺς
2569 5791 2666 5859 μὲν
2723 5789 2815 5843 οὖν
2863 5788 3088 5859 χρόνους
3142 5789 3237 5857 τῆς
3289 5785 3516 5854 ἀγνοίας
3565 5776 3809 5849 ὑπεριδὼν

2258 5904 2276 5935 ι
2309 5886 2335 5938 ὁ
2361 5883 2516 5951 Θεὸς,
2550 5884 2615 5936 τὰ
2648 5882 2741 5938 νῦν
2792 5880 3165 5963 παραγγέλλει
3214 5882 3324 5943 τοῖς
3355 5879 3664 5952 ἀνθρώποις
3690 5868 3807 5924 πᾶσι
