4024 6536
299 463 406 528 241

1255 472 1638 536 COMMENT.
1683 470 1991 535 IN'ACTA
2016 473 2594 541 APOSTOLORUM.
2693 486 2699 493 “

3446 485 3569 548 242·

306 600 325 631 ι
368 577 649 651 πανταχοῦ
696 551 995 652 μετανοεῖν.
1037 583 1181 666 ᾼιότι
1215 585 1440 659 ἔστησεν
1487 589 1721 659 ἡμέραν,
1754 581 1859 660 ἐνξ

1989 604 2005 637 ‹
2039 588 2205 645 nibus
2232 584 2570 659 hominibus,
2604 599 2666 647 ut
2710 592 2913 664 ubique
2957 584 3293 664 resipiscanr
3308 610 3375 651 eo
3403 583 3565 666 quod

305 692 325 725 ι
367 672 553 743 μέλλει
596 672 808 744 κρίνειν
850 675 948 747 τὴν
986 660 1309 749 οἰκουμένην
1356 679 1416 733 ὲν
1457 680 1789 755 δικαιοσύνῃ,
1821 681 1878 734 ὲν

302 781 323 813 ι
360 762 517 833 ἀνδρὶ
550 754 595 832 ᾧ
637 763 826 836 ὥρισε,
868 765 1051 821 πίστιν
1086 767 1383 839 παρασχὼν
1427 771 1614 834 πᾶσιν,
1644 754 1878 839 ἀναστή-

302 873 322 904 ι
362 872 465 919 σας
502 855 665 910 αὐτὸν
696 859 761 910 ἐκ
791 858 1015 929 νεκρῶν.
1073 859 1432 924 Ἀκούσαντες
1472 860 1529 915 δὲ
1578 861 1876 916 ἀνάστασιν

302 966 321 998 ι
357 948 593 1017 νεκρῶν,
613 952 660 1003 οἱ
687 950 786 1021 μὲν
810 950 1120 1021 ἐχλεύαζον,
1149 954 1195 1006 οἱ
1225 953 1283 1006 δὲ
1312 948 1483 1007 εἷπον·
1501 954 1875 1024 Ἀκουσόμεθά

301 1060 320 1090 ι
365 1057 462 1094 σου
498 1042 661 1094 πάλιν
697 1042 825 1114 περὶ
851 1044 1063 1098 τούτου.
1099 1046 1207 1099 Καὶ
1233 1045 1405 1120 οὕτως
1425 1048 1453 1099 6
1482 1047 1695 1110 Παῦλος
1718 1047 1874 1120 ἐξῆλ-

302 1150 320 1181 ι
363 1131 457 1184 θεν
488 1134 553 1185 ὲκ
582 1134 748 1203 μέσον.)
791 1135 990 1192 αὐτῶν.
1022 1136 1180 1200 Τινὲς
1209 1118 1263 1190 δέ
1303 1122 1494 1209 ἄνδρες
1524 1118 1876 1210 κολληθέντες

301 1243 320 1273 ι
362 1222 537 1294 αύτῷ,
573 1225 902 1280 ἐπίστευσαν
931 1243 945 1258 ο
982 1229 1040 1281 ἐν
1077 1222 1157 1292 οἷς
1186 1230 1281 1282 καὶ
1307 1231 1581 1294 Διονύσιος
1610 1232 1639 1283 ό
1685 1231 1875 1303 Ἀρεο-

299 1336 318 1364 σ
361 1316 621 1385 παγίτης,
672 1317 767 1370 καὶ
788 1317 929 1390 γυνὴ
958 1319 1182 1390 ὀνόματι
1212 1322 1484 1393 Δάμαρις,
1538 1322 1635 1377 καὶ
1693 1324 1879 1396 ἕτεροι

296 1423 317 1454 ι
358 1406 458 1461 σὺν
486 1407 693 1473 αὐτοῖς.
721 1429 740 1461 ι

300 1580 307 1587 ’
373 1602 392 1633 ι
420 1582 562 1646 Τοὺς
599 1584 699 1654 μὲν
754 1582 848 1639 οῦν
898 1588 1126 1658 χρόνους
1171 1587 1273 1659 τῆς
1320 1589 1564 1660 ἀγνοίας,
1597 1609 1616 1642 ι
1674 1608 1768 1645 και
1802 1593 1870 1646 τὰ

292 1664 446 1743 ἑξῆς.
482 1675 558 1728 Οὐ
586 1676 741 1731 τοῦῠό
781 1695 967 1749 φησιν,
1012 1680 1093 1733 ὅτι
1123 1680 1297 1744 οὐδεὶς
1334 1681 1621 1745 κολάζεται
1643 1683 1865 1751 τούτων,

291 1766 412 1819 ἀλλ’
457 1768 540 1820 ὅτι
577 1769 750 1833 οὐδεὶς
803 1772 910 1825 τῶν
958 1771 1221 1828 θελόντων
1273 1778 1573 1846 μετανοεῖν.
1628 1776 1701 1829 Οὐ
1737 1776 1867 1848 περὶ

289 1860 403 1913 τῶν
432 1861 816 1917 ἀποθανόντων
846 1863 955 1938 γὰρ
986 1866 1144 1920 τοῦτό
1192 1885 1378 1940 φησιν,
1413 1868 1549 1925 ἀλλὰ
1578 1871 1704 1942 περὶ
1734 1870 1858 1924 τού-

288 1969 402 2005 των
440 1948 524 2018 οἷς
580 1957 972 2026 παραγγέλλει.
1034 1959 1147 2013 Ούκ
1201 1961 1424 2015 ἀπαιτεῖ
1479 1961 1634 2031 λόγον
1694 1964 1859 2033 ὑμᾶς,

289 2046 451 2116 φησὶ,
493 2048 622 2117 περὶ
646 2048 754 2103 τῶν
795 2050 1074 2122 προτέρων
1106 2051 1243 2106 ἐτῶν
1268 2043 1367 2123 τῆς
1408 2053 1631 2123 ἀγνοίας
1687 2055 1860 2126 ὑμῶν.

285 2140 402 2193 Οὖκ
432 2135 556 2193 εἷπε
583 2141 658 2206 δὲ,
678 2142 948 2213 παρεῖδεν,
973 2144 1029 2215 ἦ,
1062 2146 1258 2212 εἴασεν,
1281 2146 1417 2212 ἀλλ’,
1437 2166 1456 2199 ι
1497 2147 1777 2219 ’Υπερεῖδε
1794 2166 1807 2181 ·
1833 2168 1851 2202 ι

285 2230 593 2293 τουτέστιν,
631 2234 732 2287 οὑκ
782 2235 1009 2289 ἀπαιτεῖ
1066 2236 1287 2290 κόλασιν
1338 2237 1414 2303 ὡς
1471 2238 1653 2307 ἀξίους
1703 2240 1863 2307 δντας

286 2320 587 2385 κολάσεως.

880 2419 1129 2477 ΚΕΦΑΛ.
1148 2421 1289 2495 ,gz'.

282 2504 429 2587 Περὶ
484 2506 701 2587 natura
758 2509 854 2587 καὶ
922 2514 1315 2587 Πρίσκιλλης.
1370 2512 1478 2581 τῆς
1530 2520 1862 2587 Κορινθίων

353 2575 682 2659 ἀπειθείας,
714 2578 825 2659 τῇς
836 2598 920 2659 ’τε
944 2575 1114 2659 facta
1143 2575 1488 2659 πρόγνωσιᾶ
1516 2575 1862 2659 ἐπ”ἁὺτοὺς

352 2646 637 2729 εὐδοξίας
674 2650 973 2729 τοῦ-’Θεοῦ
1028 2646 1562 2729 ἀπλοκὶιλὺφθείᾳης
1601 2646 1857 2729 Παύλῳῖ

351 2717 427 2769 ἐν
470 2709 522 2782 ᾧ
574 2709 707 2794 αἱερζ
762 2722 1037 2794 Κρίσπον
1088 2709 1862 2794 ἀρχισυῖθαγώγού

351 2802 593 2870 (ζων-τος⁹
639 2789 760 2843 σὺν
809 2789 1031 2870 ἑτέροις
1066 2789 1200 2870 τισί
1242 2795 1339 2870 καὶ
1394 2789 1859 2870 βαπτισθέντος,

352 2855 447 2939 ότι
474 2857 751 2939 στάᾳεως
782 2855 1133 2939 κινήᾂεῖσςης
1161 2865 1232 2919 ἐν
1263 2855 1532 2939 Κρρῖιτβφ
1561 2873 1594 2923 ό
1627 2855 1862 2939 Παῦλδξ

350 2930 868 3006 ῥπαγεχῴρησεῖ,
922 2930 1117 2989 enecari
1169 2953 1233 2990 τε
1287 2937 1373 2999 εις
1432 2933 1707 3006 ’Ἔφεσον
1760 2930 1860 2996 καῖ

350 2996 714 3081 διαλεχθείς
757 3002 1020 3081 ἐξῆλθες
1093 3008 1226 3074 περὶ
1313 2996 1584 3063 ’Ᾰπολλὼ
1642 3010 1862 3081 ἀνδρὸς

347 3068 566 3135 λογίου
592 3086 657 3123 τε
677 3071 773 3125 καὶ
801 3068 1044 3131 πιστοῦ.

1988 700 2007 734 ι
2043 683 2234 738 statuit
2265 684 2410 739 diem
2445 684 2502 738 in
2528 698 2637 756 quo
2669 685 3016 756 j’udicaturus
3053 693 3138 742 est
3161 685 3355 741 orbem
3377 695 3551 743 terra.-

1986 794 2003 825 ι
2042 790 2164 829 rum
2188 774 2244 829 in
2269 775 2503 847 justitia,
2533 791 2632 847 per
2658 791 2785 832 eum
2812 777 2990 832 virum
3019 794 3182 848 quem
3209 777 3551 848 decreverat,

1987 887 2005 919 ι
2040 867 2146 923 ﬁde
2194 869 2455 924 omnibus
2512 870 2756 940 praestita
2820 885 2947 926 cum
3010 871 3267 926 excitarit
3329 871 3483 926 illum
3517 887 3550 926 a

1987 978 2003 1011 ι
2045 959 2297 1016 mortuis.
2350 959 2485 1016 Cum
2526 962 2811 1018 audissent
2857 973 3041 1019 autem
3085 965 3550 1020 resurrectionem

1984 1071 2001 1103 ι
2043 1060 2419 1119 mortuorum,
2472 1053 2566 1109 alii
2619 1055 2843 1124 quidem
2893 1056 3229 1121 irridebant,
3262 1058 3367 1112 alii
3418 1073 3552 1112 vero

1983 1163 2001 1194 ι
2041 1143 2339 1199 dixerunt:
2397 1145 2699 1201 Audiemus
2760 1156 2812 1202 te
2870 1148 2938 1203 de
2994 1148 3098 1202 hoc
3162 1148 3385 1203 iterum.
3459 1148 3551 1205 Sic

1982 1256 1998 1289 ι
2035 1238 2238 1292 Paulus
2263 1237 2432 1293 exivit
2455 1253 2486 1294 e
2511 1238 2694 1294 medio
2726 1254 2937 1294 eorum.
2966 1240 3198 1306 Quidam
3218 1250 3413 1296 autem
3445 1241 3548 1296 viri

1982 1348 2005 1379 ι
2041 1329 2384 1387 adhaerentes
2415 1332 2468 1387 ei
2501 1331 2881 1397 crediderunt,
2918 1332 3062 1387 inter
3093 1349 3232 1403 quos
3261 1342 3317 1389 et
3343 1333 3549 1406 Diony-

1980 1440 1998 1472 ι
2029 1422 2144 1477 sius
2167 1423 2328 1493 1‘39
2351 1424 2698 1497 Areopagita,
2722 1434 2777 1480 et
2803 1425 3002 1480 mulier
3030 1426 3252 1481 nomine
3280 1427 3547 1492 Damaris,

1979 1531 1996 1563 ι
2036 1512 2242 1583 aliique
2267 1530 2391 1569 cum
2421 1514 2522 1571 eis.
2560 1536 2580 1571 ο

2049 1625 2067 1657 ι
2097 1605 2366 1679 Tempora
2422 1609 2608 1681 itaque
2657 1612 3010 1684 ignorantize,
3069 1634 3088 1668 ι
3121 1624 3228 1671 etc.
3281 1614 3400 1670 Non
3441 1615 3546 1670 hoc

1972 1696 2107 1753 dicit
2139 1700 2287 1769 quod
2309 1716 2473 1757 nemo
2502 1694 2572 1758 de
2598 1703 2707 1759 illis
2736 1706 3022 1774 puniatur,
3056 1707 3151 1762 sed
3183 1708 3327 1777 quod
3363 1709 3547 1766 nullus

1970 1804 2163 1845 eorum
2199 1792 2294 1860 qui
2324 1791 2649 1862 resipiscere
2682 1795 2896 1849 volunt.
2930 1796 3049 1851 Non
3082 1797 3151 1851 de
3187 1798 3420 1852 mortuis
3439 1797 3547 1853 hoc

1968 1882 2119 1953 dicit,
2170 1884 2265 1940 sed
2300 1885 2367 1939 de
2406 1885 2492 1941 bis
2521 1886 2724 1955 quibus
2763 1903 2911 1944 nunc
2939 1891 3249 1945 annuntiat.
3300 1890 3418 1944 Non
3460 1906 3547 1946 re-

1966 1976 2124 2046 petit,
2162 1977 2363 2048 inquit,
2400 1995 2431 2034 a
2470 1980 2625 2036 vobis
2648 1982 2917 2037 rationem
2951 1981 3020 2037 de
3064 1982 3358 2052 praeteritis
3385 1982 3544 2053 igno-

1966 2066 2157 2121 rantiae
2192 2076 2386 2123 vestrae
2434 2069 2614 2124 annis.
2640 2069 2757 2125 Non
2800 2079 2982 2126 autem
3017 2072 3178 2137 dixit,
3215 2072 3546 2141 contempsit

1965 2164 2059 2210 aut
2093 2158 2361 2227 permisit,
2392 2160 2511 2227 sed,
2540 2161 2923 2231 dissimulavit,
2951 2164 3056 2218 hoc
3086 2172 3190 2229 est,
3218 2163 3545 2239 supplicium

1964 2264 2075 2305 non
2102 2251 2329 2322 expetit,
2358 2268 2482 2308 cum
2518 2260 2699 2310 tamen
2724 2254 2870 2326 digni
2899 2255 3010 2313 sint
3039 2258 3331 2327 supplicio.

2490 2426 2731 2495 CAPUT
2773 2438 2988 2496 xxv".

1964 2524 2041 2579 De
2083 2527 2276 2596 Aquila
2307 2538 2355 2583 et
2402 2528 2672 2597 Priscilla,
2724 2551 2788 2587 ac
2825 2533 3219 2589 Corinthiorum
3248 2534 3543 2588 increduli-

2035 2606 2164 2661 tate,
2207 2598 2410 2673 Deique
2454 2601 2650 2673 placito
2698 2604 2837 2673 quod
2890 2603 3062 2658 Paulo
3103 2603 3394 2658 revelatum
3440 2614 3541 2670 est,

2032 2669 2316 2744 secundum
2336 2669 2743 2744 prouidentiam)
2793 2690 2909 2744 qua:
2959 2689 3084 2744 erga
3134 2674 3253 2729 illos
3278 2681 3440 2729 erat:
3482 2669 3540 2728 in

2039 2755 2141 2808 quo
2170 2740 2331 2816 etiam
2369 2742 2658 2816 ag_itur_de
2694 2740 2904 2816 Crispo,
2937 2740 3352 2816 aréhisynagogo
3374 2776 3399 2809 ,-
3449 2744 3542 2812 qui

2036 2808 2314 2886 eum_alii_s
2345 2808 2689 2886 _qziibu_sdqm_
2710 2808 2926 2886 credidit
2955 2822 3033 2886 _et
3077 2808 3388 2886 baptizatus
3414 2808 3491 2867 est
3517 2828 3537 2868 :

2037 2879 2176 2948 quod
2202 2880 2455 2934 seditione
2484 2879 2724 2936 Corinthi
2769 2892 2914 2938 mota
2945 2879 3318 2939 Paulus'clam
3348 2885 3541 2937 disces-

2034 2951 2103 3004 sit
2127 2991 2143 3014 ,
2205 2966 2427 3020 cumque
2481 2952 2713 3023 uenisset
2765 2952 3035 3023 Ephesum
3089 2971 3152 3008 ac
3195 2955 3534 3023 disputauet,

2033 3036 2270 3090 egressus
2301 3028 2379 3076 est
2415 3035 2434 3074 :
2455 3020 2519 3074 de
2547 3020 2739 3092 Apollo
2771 3020 2884 3077 viro
2926 3021 3201 3095 eloquente
3242 3020 3305 3078 ae
3329 3023 3500 3092 ﬁdeli.

357 3181 376 3213 ι
415 3131 572 3215 Μετὰ
624 3162 678 3217 δὲ
728 3163 900 3218 ταῦτα
947 3169 1239 3239 χωρισθεὶς
1275 3174 1303 3226 6
1362 3173 1573 3238 Παῦλος
1629 3177 1694 3228 ἐκ
1744 3131 1854 3230 τῶν

2026 3180 2214 3245 XVIII,
2254 3179 2364 3234 1-8.
2399 3198 2417 3230 ι
2447 3179 2577 3233 Post
2603 3177 2719 3233 haec
2742 3178 2945 3233 Paulus
2987 3178 3266 3249 digressus
3304 3176 3534 3233 Athenis

280 3271 304 3303 ι
340 3252 608 3323 Ἀθηνῶν,
663 3252 827 3325 ἦλθεν
876 3258 955 3319 εἰς
1004 3260 1309 3332 Κόρινθον·
1364 3264 1680 3336 καὶ,εύρὼν
1736 3284 1857 3320 τινα

282 3364 303 3396 ι
356 3344 617 3399 Ἰουδαῖον
660 3347 886 3418 ὀνόματι
932 3351 1189 3417 ⁹Λκύλαν,
1240 3355 1500 3409 Ποντικὸν
1558 3357 1635 3429 τῷ
1686 3359 1854 3426 γένει,

293 3452 307 3462 ο
348 3436 680 3506 προσφάτως
713 3437 1010 3509 ἐληλυθότα
1039 3443 1146 3495 ἀπὸ
1180 3444 1279 3514 τῆς
1312 3445 1565 3512 Ἰταλίας,
1598 3449 1693 3503 καὶ
1724 3449 1857 3519 Πρί-

283 3546 305 3576 ι
339 3524 571 3578 σκιλλαν
596 3529 830 3593 γυναῖκα
859 3529 1045 3597 αὐτοῦ,
1081 3531 1170 3585 διὰ
1198 3532 1259 3585 τὸ
1280 3533 1651 3605 διατεταχέναι
1678 3536 1859 3590 Κλαύ-

282 3635 301 3664 ι
337 3614 477 3677 διον,
527 3616 859 3687 χωρίζεσθαι
905 3620 1113 3684 πάντας
1150 3623 1275 3687 τοὺς
1328 3624 1617 3690 Ἰουδαίους
1661 3628 1726 3682 ἐκ
1758 3629 1857 3699 τῆς

279 3726 300 3758 c
350 3705 597 3777 Ῥώμης,
628 3710 933 3780 προσῆλθεν
982 3713 1187 3780 αὐτοῖς,
1234 3714 1328 3769 καὶ
1356 3716 1445 3769 διὰ
1478 3718 1539 3770 τὸ
1566 3718 1855 3790 ὁμότεχνον

280 3821 299 3851 ι
338 3795 510 3865 εἶναι,
571 3800 730 3870 ἔμενε
782 3803 913 3873 παρ’
959 3804 1144 3869 αὐτοῖς
1187 3808 1284 3861 καὶ
1335 3809 1641 3879 εἰργάζετο.
1674 3809 1854 3869 Ἦσαν

277 3911 298 3939 ‹
335 3889 453 3960 γὰρ
491 3892 809 3960 σκηνοποιοὶ
858 3891 957 3964 τὴν
998 3894 1218 3965 τέχνην.
1277 3898 1561 3967 Διελέγετο
1606 3901 1664 3955 δὲ
1698 3903 1757 3957 ἐν
1787 3904 1852 3976 τῇ

279 4003 299 4032 ι
340 3985 639 4053 συναγωγῇ
691 3984 833 4038 κατὰ
887 3986 994 4041 πᾶν
1031 3985 1327 4057 Σάόϐατον,
1365 3988 1549 4045 ἔπειθέ
1603 4007 1664 4046 τε
1722 3991 1855 4047 Ἰου-

288 4092 305 4122 ι
348 4071 539 4135 δαίους
573 4073 668 4126 καὶ
704 4073 995 4146 Ἕλληνας.
1063 4077 1151 4142 Ὧς
1194 4079 1252 4132 δὲ
1305 4080 1573 4150 κατῆλθον
1622 4083 1729 4137 ἀπὸ
1756 4087 1855 4155 τῆς

277 4184 296 4214 ι
336 4163 685 4227 Μακεδονίας
705 4164 734 4218 ὃ
763 4181 821 4219 τε
846 4166 1007 4229 Σίλας
1035 4168 1128 4221 καὶ
1173 4168 1202 4222 6
1251 4169 1534 4241 Τιμόθεος,
1582 4173 1853 4244 συνείχετο

278 4273 297 4305 ι
336 4252 422 4323 τῷ
444 4253 726 4324 Πνεύματι
758 4255 787 4309 6
814 4255 1024 4322 Παῦλος
1054 4257 1554 4331 διαμαρτυρόμενος
1580 4267 1692 4328 τοῖς
1720 4264 1825 4317 ἰου
1845 4295 1856 4307 ι

278 4364 297 4396 ι
337 4344 517 4408 δαίοις
570 4344 663 4400 τὸν
691 4347 925 4419 Χριστὸν
973 4349 1199 4421 Ἰησοῦν.
1254 4352 1754 4425 ’Δντιτασσομένων
1796 4356 1854 4410 δὲ

278 4457 298 4488 σ
341 4438 527 4493 αὐτῶν
586 4440 682 4493 καὶ
746 4440 1232 4514 βλασφημούντων,
1289 4446 1733 4519 ἐκτιναξάμενος
1783 4449 1853 4505 τὰ

272 4551 295 4583 ί
336 4531 552 4601 ἱμάτια,
594 4528 714 4587 εἷπε
780 4534 919 4605 πρὸς
965 4536 1162 4603 αὐτούς
1188 4553 1205 4570 ⁸
1237 4537 1311 4597 T6
1365 4536 1506 4612 αἷμα
1555 4543 1709 4614 ὑμῶν
1757 4546 1853 4600 ἐπὶ
1878 4518 1932 4582 θ

276 4642 298 4677 ι
338 4616 445 4695 τὴν
508 4627 751 4696 κεφαλὴν
798 4628 973 4696 ὑμῶν.
1011 4630 1267 4703 Καθαρδς
1311 4632 1423 4702 ἐγὼ
1466 4635 1571 4689 ἀπὸ
1618 4637 1709 4691 τοῦ
1755 4638 1851 4695 νῦν

277 4735 300 4767 σ
340 4717 426 4781 εἰς
476 4716 547 4771 τὰ
600 4717 727 4789 ἔθνη
794 4718 1151 4791 πορεύσομαι.
1202 4723 1310 4776 Καὶ
1366 4726 1608 4795 μεταϐὰς
1643 4728 1850 4784 ἐκεῖθεν

278 4828 298 4859 ι
339 4809 425 4872 είς
455 4809 637 4864 οίκίαν
671 4810 815 4875 τινος
847 4812 1069 4888 ὀνόματι
1122 4812 1378 4882 Ἰούστου,
1431 4816 1724 4888 σεϐομένου
1758 4820 1850 4875 τὸν

278 4920 298 4950 ι
331 4900 495 4967 Θεὸν,
540 4893 602 4954 οῦ
643 4903 678 4972 ἠ
708 4902 851 4956 οἰκία
879 4900 947 4976 ἦν
992 4905 1364 4978 συνομοροῦσα
1415 4910 1481 4981 τῇ
1532 4894 1847 4984 σύναγωγῇ.

277 5013 297 5045 ι
337 4993 589 5063 Κρῖσπος
618 4994 675 5048 δὲ
704 4993 734 5046 6
757 4996 1202 5069 ἀρχισυνάγωγος
1230 4999 1517 5055 ἐπίστευσε
1558 5002 1636 5074 τῷ
1660 5005 1850 5077 Κυρίῳ

278 5104 298 5135 ι
341 5083 442 5137 σὺν
460 5084 568 5156 ὅλῳ
599 5085 677 5157 τῷ
699 5087 834 5161 οἴκῳ
864 5089 1059 5156 αὐτοῦ,
1081 5090 1174 5145 καὶ
1202 5091 1388 5146 πολλοὶ
1412 5093 1522 5150 τῶν
1548 5095 1850 5168 Κορινθίων

278 5196 296 5227 ι
338 5176 985 5243 ἀκούσαντεςὲπίστευον
1015 5182 1109 5236 καὶ
1134 5182 1502 5251 ἐϐαπτίζοντο.
1541 5206 1561 5240 ι

352 5287 373 5320 ‹
410 5269 489 5322 T6
523 5263 662 5340 αἷμα
701 5272 856 5343 ὑμῶν
884 5273 975 5327 ἐπὶ
1003 5274 1100 5345 τὴν
1131 5277 1374 5348 κεφαλὴν
1408 5278 1582 5350 ὑμῶν.
1614 5299 1632 5332 ι
1677 5281 1849 5336 Τοῦτο

269 5360 426 5428 λέγει
457 5362 486 5415 6
515 5360 723 5427 Παῦλος
756 5364 1181 5437 ἐκτιναξάμενος
1216 5369 1285 5424 τά
1331 5370 1545 5441 ἱμάτια,
1584 5373 1726 5427 ὥστε
1771 5377 1848 5448 μὴ

270 5456 488 5527 ῥήματι
522 5456 703 5524 μόνον,
773 5458 907 5513 ἀλλὰ
963 5463 1058 5516 καὶ
1115 5463 1400 5536 πράγματι
1446 5466 1703 5539 φοϐῆσαι.
1757 5455 1848 5525 Διὸ

232 5546 370 5621 ,καὶ
404 5547 762 5620 σφοδρότερον
802 5550 962 5606 τοῦτο
1006 5553 1197 5618 εἰπὼν,
1250 5555 1323 5609 Τὸ
1372 5551 1512 5628 αἷμα
1555 5560 1709 5630 ὑμῶν
1754 5563 1847 5617 ἐπὶ

269 5637 372 5709 τὴν
406 5640 649 5713 κεφαλὴν
684 5642 857 5711 ὑμῶν,
895 5644 1188 5713 ἀφίσταται
1232 5646 1430 5702 αὐτῶν.
1488 5650 1553 5702 Ὃ
1598 5650 1654 5704 δὲ
1697 5651 1846 5721 λέγει

266 5731 515 5785 τοιοῦτόν
539 5733 691 5788 ἑστιν
722 5750 736 5766 ο
772 5735 1043 5802 Ἕκαστος
1072 5737 1181 5790 τῶν
1224 5739 1675 5796 ἁποστατούντων
1708 5745 1846 5817 Χρι-

273 5816 425 5887 στοῦ,
452 5825 511 5890 ὃς
541 5826 659 5879 ἐστι
691 5827 827 5899 ζωὴ,
878 5829 1027 5884 δοκεῖ
1054 5830 1245 5886 ἑαυτὸν
1278 5832 1546 5902 φονεύειν,
1593 5837 1700 5890 ἀπὸ
1744 5841 1843 5909 τῆς

231 5904 239 5910 ’
264 5916 416 5989 ζωῆς
454 5918 800 5989 μεταϐαίνων
826 5924 903 5986 εἰς
928 5923 1172 5994 θάνατον,
1197 5925 1256 5979 τὸ
1278 5920 1415 5998 αἷμα
1443 5928 1604 5984 αὑτοῦ
1635 5904 1834 6005 τρόπον

1967 3291 1986 3325 ι
2016 3272 2166 3327 venit
2206 3269 2573 3325 Corinthum:
2618 3277 2675 3323 et
2724 3280 2921 3324 nactus
2975 3270 3249 3340 quendam
3283 3269 3532 3325 Judaeum

1966 3385 1985 3418 ι
2023 3366 2243 3421 nomine
2291 3365 2545 3435 Aquilam
2598 3365 2888 3420 Ponticum
2937 3378 3160 3433 genere,
3210 3362 3305 3432 qui
3356 3377 3545 3432 nuper:

1966 3478 1984 3510 ι
2021 3466 2245 3513 venerat
2282 3458 2351 3512 ab
2382 3457 2560 3522 Italia,
2598 3466 2650 3514 et
2678 3456 2985 3513 Priscillam
3016 3469 3242 3510 uxorem
3268 3456 3387 3526 ejus
3411 3494 3426 3519 ,
3465 3469 3534 3511 eo

1954 3534 1983 3603 ἰ
2022 3548 2167 3621 quod
2201 3550 2549 3620 praecepisset
2581 3540 2843 3605 Claudius
2892 3563 3084 3603 omnes
3113 3546 3331 3602 Iudaeos
3358 3547 3543 3610 Roma,

1965 3660 1984 3692 ι
2017 3639 2324 3694 decedere:
2364 3639 2596 3703 accessit
2624 3639 2693 3693 ad
2729 3654 2845 3705 eos,
2877 3648 2932 3693 et
2970 3637 3100 3708 quia
3130 3637 3377 3709 ejusdem
3414 3644 3535 3693 erat

1952 3716 1982 3782 λι
2015 3728 2256 3795 artiﬁcii,
2288 3729 2546 3785 manebat
2570 3730 2715 3799 apud
2740 3731 2889 3799 ipsos
2914 3738 2970 3785 et
2998 3728 3349 3799 operabatur.
3401 3728 3535 3806 Erat

1964 3842 1983 3875 ι
2028 3830 2211 3878 autem
2236 3837 2326 3877 ars
2346 3821 2564 3886 illorum
2592 3830 2774 3877 texere
2807 3822 3180 3878 tabernacula.
3206 3822 3533 3892 Disputabat

1958 3935 1983 3973 ι
2004 3911 2007 3914 ’
2026 3933 2158 3973 vero
2187 3933 2286 3987 per
2313 3933 2475 3972 omne
2511 3918 2808 3971 Sabbatum
2838 3916 2893 3970 in
2916 3934 3207 3990 synagoga,
3236 3915 3530 3970 suadebat-

1962 4029 1982 4063 ι
2015 4026 2121 4082 que
2143 4011 2346 4068 Iudaeis
2368 4018 2424 4064 et
2452 4007 2678 4064 Graecis.
2703 4009 2838 4063 Cum
2861 4020 3045 4065 autem
3081 4012 3238 4083 140
3250 4009 3531 4066 venissent

1962 4122 1980 4155 ι
2022 4120 2053 4161 e
2080 4102 2395 4158 Macedonia
2418 4102 2559 4157 Silas
2573 4109 2629 4156 et
2662 4101 3011 4170 Timotheus,
3042 4103 3394 4159 coartabatur
3418 4097 3530 4172 Spi-

1963 4216 1982 4250 ι
2020 4197 2129 4251 ritu
2172 4195 2376 4252 Paulus
2420 4194 2723 4251 testiﬁcans
2751 4194 2956 4252 Iudaeis
2985 4196 3174 4253 Iesum
3206 4210 3326 4251 esse
3362 4195 3529 4260 Chri-

1961 4307 1981 4341 ι
2018 4296 2182 4343 stum.
2205 4286 2728 4344 Contradicentibus
2754 4293 2936 4341 autem
2963 4286 3096 4358 ipsis
3120 4301 3184 4342 ac
3208 4285 3546 4356 blaspheme

1963 4398 1997 4457 c
2019 4379 2399 4451 loquentibus,
2430 4378 2679 4437 excussis
2704 4376 3070 4444 vestimentis,
3100 4364 3240 4433 dixit
3277 4374 3346 4431 ad
3390 4390 3525 4430 eos:

1940 4491 1982 4539 γι
2018 4472 2250 4545 Sanguis
2286 4483 2470 4529 vester
2515 4488 2682 4544 super
2732 4479 2897 4542 caput
2950 4478 3193 4527 vestrum
3224 4476 3258 4525 :'
3286 4468 3526 4523 mundus

1961 4583 1980 4618 ι
2014 4580 2115 4636 ego
2146 4566 2375 4636 posthac
2434 4564 2503 4619 ad
2532 4573 2724 4636 gentes
2757 4564 2973 4618 vadam.
3028 4562 3095 4616 Et
3128 4561 3372 4632 migrans
3397 4558 3525 4614 inde

1962 4675 1981 4708 ι
2010 4655 2234 4711 intravit
2263 4656 2321 4710 in
2342 4656 2565 4710 domum
2588 4655 2871 4726 cujusdam
2889 4652 3109 4708 nomine
3133 4651 3273 4708 Justi
3290 4649 3525 4705 colentis

1961 4726 1987 4799 ξ
2009 4748 2204 4814 Deum,
2232 4747 2390 4818 cujus
2406 4747 2601 4801 domus
2625 4755 2744 4801 erat
2761 4747 3017 4823 contigua
3041 4757 3343 4816 synagoga.
3373 4740 3525 4797 Cris-

1960 4855 1978 4887 ι
2010 4852 2114 4907 pus
2152 4851 2284 4892 vero
2332 4836 2796 4908 archisynagogus
2827 4833 3065 4890 credidit
3116 4833 3350 4888 Domino
3397 4848 3522 4886 cum

1959 4948 1977 4981 ι
2021 4935 2135 4983 tota
2165 4926 2330 4983 domo
2359 4942 2479 4994 sua,
2506 4927 2778 4998 multique
2802 4924 3216 4983 Corinthiorum
3237 4923 3533 4992 audientes

1959 5038 1978 5072 ι
2012 5019 2311 5076 credebant
2340 5033 2405 5075 ac
2436 5016 2875 5091 baptizabantur.
2916 5036 2935 5069 ι

2027 5308 2044 5340 ι
2068 5287 2302 5362 Sanguis
2330 5296 2513 5344 vester
2532 5303 2700 5359 super
2716 5299 2881 5360 caput
2897 5296 3163 5345 vestrum.
3190 5307 3209 5342 ι
3249 5289 3364 5346 Hoc
3383 5289 3522 5355 dixit

1950 5380 2406 5437 Paulusexcussis
2427 5380 2693 5442 vestibus,
2723 5390 2907 5436 utnon
2927 5382 3098 5438 verbo
3121 5382 3322 5446 solum,
3342 5382 3437 5437 sed
3464 5392 3521 5436 et

1948 5487 2115 5542 opere
2148 5488 2245 5529 eos
2275 5482 2548 5540 terreret,
2578 5473 2815 5544 ideoque
2846 5489 2973 5529 cum
3000 5469 3116 5529 hoc
3136 5474 3521 5530 vehementius

1948 5569 2290 5638 protulisset,
2312 5568 2547 5639 Sanguis
2575 5577 2759 5624 vester
2783 5585 2948 5640 super
2969 5579 3133 5640 caput
3158 5578 3425 5632 vestrum,
3448 5568 3519 5622 ab

1949 5660 2031 5715 eis
2059 5659 2313 5714 discedit.
2367 5657 2463 5715 Est
2494 5671 2677 5715 autem
2700 5676 2762 5715 ac
2786 5660 2830 5713 si
2849 5660 3094 5715 diceret:
3124 5660 3519 5729 Unusquisque

1948 5765 2158 5816 eorum,
2197 5750 2349 5821 quia
2386 5749 2625 5813 Christo,
2666 5750 2759 5820 qui
2785 5751 2894 5804 vita
2928 5759 3031 5815 est,
3064 5749 3377 5816 discedunt,
3433 5764 3517 5803 sc-

1951 5844 2131 5914 ipsum
2155 5844 2435 5913 judicatur
2465 5843 2737 5908 occidere,
2776 5841 3046 5897 transiens
3080 5858 3109 5896 a
3141 5841 3250 5897 vita
3281 5842 3348 5897 ad
3368 5859 3516 5897 mor-

1942 5946 2091 5994 tem:
2148 5939 2467 6009 sanguinem
2501 5954 2659 5994 suum
2692 5937 3093 6009 quodammodo
3128 5937 3363 5995 fundens
3417 5956 3521 6012 per,
