4024 6574
386 312 419 325 κ

259 462 364 530 245

1210 469 1597 546 COMMENT.
1644 469 1727 531 IN
1766 466 1955 528 ACTA
1991 467 2587 531 APOSTOLORUM.

3393 466 3500 532 2&6

267 599 286 632 α
330 596 397 648 με
431 578 652 645 πάντως
682 580 783 654 τὴν
811 582 1006 657 ιορτὴν
1030 582 1454 657 τὴνέρχομένην
1485 585 1708 656 ποιῆσαι
1747 584 1827 646 είς

1997 597 2084 637 ωε
2117 583 2317 639 festum
2356 581 2506 652 quod
2552 580 2721 635 instat
2779 592 2942 649 agere
2982 577 3355 651 Jerosolymis,
3404 583 3502 637 sed

266 686 289 721 ι
342 667 691 743 Ἰεροσόλυμα
712 690 726 705 ·
761 674 925 745 πάλιν
954 676 1012 730 δέ
1049 677 1359 749 ἀνακάμψω
1395 681 1533 750 πρὸς
1564 678 1707 747 ὑμᾶς
1733 676 1826 729 τοῦ

266 777 289 815 ι
330 761 468 818 θεοῦ
498 763 779 831 ςθιλοντος.
815 768 926 823 Καὶ
968 768 1175 841 ἀνήχθη
1213 770 1322 823 ἀπὸ
1364 771 1465 842 τῆς
1509 770 1753 838 Ἐφέσου.
1806 787 1826 822 ι

332 856 475 920 Τοὺς
500 859 632 930 περὶ
672 859 923 927 Ἀκύλαν,
959 862 1113 932 φησι,
1147 862 1443 917 κατέλιπεν
1487 863 1568 927 είς
1598 863 1833 932 ’Ἔφεσον

258 943 446 1019 [τοῦτο
471 948 530 1004 δὲ
554 950 813 1022 ἐποίησεν
840 952 1088 1026 εἰκότως]
1103 953 1178 1018 ὡς
1198 953 1537 1019 διδάξαντας.
1567 952 1833 1008 Τοσοῦτον

258 1042 371 1112 γὰρ
416 1041 569 1113 αὐτῷ
599 1044 984 1116 συγγενόμενοι
1032 1044 1691 1116 χρόνονγπολλά-ἐμαθον.
1725 1044 1835 1100 Καὶ

259 1132 417 1203 ὅμως
436 1133 536 1203 τῆς
581 1134 871 1205 συνηθείας
921 1136 1118 1200 αὐτοὺς
1168 1136 1269 1191 οὐκ
1306 1138 1597 1209 ἀπήγαγεν
1625 1139 1836 1195 οὐδέπω

257 1222 709 1295 τῆςζἸουδαῖκῆς.
738 1225 803 1279 Τί
823 1225 883 1297 δή
908 1243 1058 1294 ποτε,
1096 1229 1385 1299 προφήτης
1414 1226 1511 1293 ὢν,
1542 1230 1571 1282 ὁ
1600 1228 1831 1294 Παῦλος,

256 1317 356 1369 καὶ
389 1314 547 1378 εἰδὼς
572 1316 652 1370 ὃτι
689 1316 915 1388 ἔμελλεν
936 1319 1320 1390 ἀναστρέφειν,
1342 1321 1450 1391 ,οὐχ
1482 1320 1667 1383 ἁπλῶς
1698 1321 1838 1375 ἀνα-

259 1405 527 1475 στρέφειν
568 1408 966 1477 ἐπηγγείλατο,
1001 1410 1135 1465 ἀλλὰ
1184 1411 1530 1482 προστιθεὶς,
1560 1410 1654 1466 τοῦ
1702 1409 1837 1467 Θεοῦ

254 1496 544 1565 θέλοντοςς
591 1498 773 1571 Ἠμᾶς
795 1500 1035 1555 διδάσκει
1065 1503 1232 1575 μηδὲν
1256 1504 1513 1575 περὶτῶν
1538 1503 1838 1573 μελλόντων

252 1591 644 1661 ὑπισχνεῖσθαι
677 1596 870 1659 ποιεῖν,
903 1594 1027 1667 δίχα
1056 1594 1151 1648 τοῦ
1184 1595 1360 1649 εἰπεῖν
1380 1638 1394 1661 ,
1430 1595 1524 1650 τοῦ
1568 1593 1702 1649 Θεοῦ
1751 1594 1841 1647 θέ-

253 1682 469 1748 λοντος.
504 1686 578 1743 Οὐ
605 1687 715 1757 γάρ
746 1704 833 1751 τις
863 1683 971 1740 οἶδε
1001 1689 1054 1741 τί
1077 1685 1289 1753 τέξεται
1320 1686 1604 1760 ἡέπιοῦσα
1628 1686 1837 1759 ἡμέρα.

331 1794 353 1828 ε
400 1776 514 1831 Καὶ
538 1778 816 1834 κατελθὼν
837 1780 917 1847 εἰς
941 1778 1521 1851 Καισάρειαν,ἀνα6ὰς
1546 1779 1641 1835 καὶ
1660 1779 1837 1833 ἀσπαο

257 1884 281 1919 ε
326 1868 567 1937 σάμενος
608 1870 711 1942 τὴν
754 1871 1073 1943 ἐκκλησίαν,
1110 1871 1316 1942 κατέϐη
1367 1872 1447 1936 είς
1485 1869 1837 1941 Ἀντιόχειαν.

257 1975 282 2010 ε
327 1960 444 2013 Καὶ
495 1961 731 2031 ποιήσας
782 1962 975 2032 χρόνον
1043 1962 1199 2028 τινὰ,
1256 1961 1467 2032 ἐξῆλθε,
1497 1961 1841 2033 διερχόμενος

256 2064 284 2102 ε
331 2050 575 2121 καθεξῆς
597 2051 696 2124 την
720 2054 1032 2125 Γαλατικὴν
1064 2054 1248 2127 χώραν
1310 2055 1406 2110 καὶ
1436 2055 1695 2127 Φρυγίαν,
1725 2054 1843 2107 ἐπι-

257 2155 282 2191 ε
331 2138 611 2211 στηρίζων
638 2141 843 2207 πάντας
889 2145 1017 2207 τοὺς
1062 2143 1334 2214 μαθητάς.
1393 2144 1642 2208 Ἰουδαῖος
1677 2142 1732 2196 δέ
1759 2160 1843 2207 τις

258 2249 283 2283 ε
340 2231 619 2297 ’Δπολλὼς
653 2232 899 2303 ὀνόματι,
949 2236 1331 2307 Ἀλεξανδρεὺς
1368 2235 1445 2306 τῷ
1492 2235 1676 2306 γένει,
1709 2234 1843 2308 ἀνὴρ

259 2341 282 2375 ε
327 2323 553 2393 λόγιος,
601 2326 944 2398 κατήντησεν
984 2331 1063 2392 εἰς
1106 2329 1362 2398 Ἔφεσον,
1399 2329 1624 2393 δυνατὸς
1663 2326 1740 2382 ὣν
1789 2331 1846 2383 ἐν

262 2430 287 2462 ι
331 2417 460 2479 ταῖς
505 2416 769 2485 Γραφαῖς.
826 2410 996 2482 Οὗτος
1028 2413 1095 2490 ἦν
1147 2418 1526 2490 κατηχημένος
1580 2421 1680 2491 τὴν
1731 2419 1847 2473 ἁδὺν

259 2522 286 2558 ε
333 2503 433 2561 τοῦ
479 2507 721 2579 Κυρίου,
754 2510 850 2564 καὶ
882 2510 1019 2577 ζέων
1067 2511 1143 2581 τῷ
1187 2510 1461 2583 πνεύματι
1508 2511 1706 2578 ἐλάλει,
1752 2509 1847 2565 καὶ⁵

261 2615 287 2650 ε
330 2598 613 2654 ἐδίδασκεν
663 2601 909 2673 ἀκριϐῶς
934 2605 1005 2659 τὰ
1027 2604 1154 2673 περὶ
1187 2605 1282 2658 τοῦ
1351 2602 1577 2676 Κυρίου,
1623 2602 1880 2658 ὲπιστάοι

261 2707 287 2741 ε
342 2706 512 2759 μενος
557 2690 717 2762 μόνον
780 2691 840 2745 τὸ
899 2691 1181 2764 βάπτισμα
1237 2693 1510 2748 Ἰωάννου.
1564 2685 1731 2755 Οὗτός
1787 2709 1847 2746 τε

266 2799 288 2830 ι
338 2780 550 2852 ἦρξατο
585 2782 1065 2854 παρρησιάζεσθαι
1106 2786 1165 2837 ἐν
1193 2787 1259 2855 τῇ
1307 2781 1617 2856 συναγωγῇ.
1661 2782 1851 2838 Ἀκού-

265 2888 289 2923 σ
340 2889 534 2935 σαντες
561 2871 616 2926 δέ
636 2873 801 2927 αὑτοῦ
843 2872 1072 2937 Ἀκύλας
1107 2876 1201 2928 καὶ
1228 2874 1545 2947 Πρίσκιλλα,
1581 2872 1849 2945 προσελά-

266 2981 289 3015 ‹
339 2961 502 3019 ϐοντο
522 2963 701 3028 αὑτὸν,
745 2965 842 3020 καὶ
868 2965 1253 3039 ἀκριϐέστερον
1297 2966 1449 3037 αὐτῷ
1485 2966 1728 3032 ἐξέθεντο
1753 2966 1851 3038 τὴν

269 3073 294 3107 ο
342 3055 443 3109 τοῦ
482 3055 620 3110 Θεοῦ
665 3056 803 3113 ὁδόν.
837 3058 1168 3129 Βουλομένου
1201 3059 1257 3113 δέ
1290 3057 1459 3114 αὐτοῦ
1506 3059 1733 3113 διελθεῖν
1773 3060 1851 3122 εἰς

270 3164 290 3198 ι
333 3146 673 3216 τὴνἎχαῖαν
695 3148 1133 3218 προτρεψάμενοι
1155 3149 1205 3201 οἱ
1226 3148 1445 3219 άδελέροὶ
1468 3147 1713 3217 ἔγραψαν
1739 3151 1852 3210 τοῖς

1939 692 1958 727 ι
1999 674 2202 729 iterum
2252 681 2496 728 revertar
2528 670 2597 726 ad
2635 685 2753 739 vos,
2799 669 2912 725 Deo
2937 667 3178 726 volente.
3228 670 3297 725 Et
3341 670 3507 727 solvit

1939 785 1958 820 ι
2000 766 2238 836 Epheso.
2280 785 2299 818 ι

2002 859 2325 925 Priscillam,
2344 857 2542 927 inquit,
2559 866 2616 912 et
2629 857 2879 927 Aquilam
2913 858 3133 928 reliquit
3155 856 3378 927 Ephesi,
3399 856 3509 913 hoc

1936 963 2121 1013 autem
2140 952 2339 1008 merito
2356 950 2506 1015 fecit,
2529 960 2787 1022 tanquam
2813 952 2889 1006 ibi
2904 952 3187 1009 docentes.
3201 950 3338 1007 Cum
3355 950 3508 1006 enim

1937 1056 2091 1105 tanto
2116 1056 2360 1115 tempore
2389 1057 2515 1099 cum
2544 1059 2610 1099 eo
2636 1043 2836 1105 versati
2861 1052 3066 1111 essent,
3090 1043 3247 1126 142
3269 1043 3508 1113 plurima

1939 1140 2284 1196 didicerant:
2339 1154 2442 1194 nec
2487 1148 2672 1195 tamen
2721 1154 2753 1193 a
2817 1137 3048 1193 Iudaica
3106 1134 3509 1194 consuetudine

1939 1234 2089 1305 ipsos
2120 1235 2300 1289 adhuc
2328 1235 2600 1291 abducere
2627 1239 2905 1302 potuerat.
2964 1230 3137 1297 Quam
3179 1229 3250 1285 ob
3265 1243 3506 1294 causam,

1940 1341 2068 1382 cum
2118 1326 2382 1396 propheta
2421 1334 2568 1382 esset
2600 1324 2819 1387 Paulus,
2857 1321 3135 1391 sciretque
3160 1337 3218 1376 se
3253 1336 3513 1377 reversu«

1941 1431 2086 1481 rum,
2133 1432 2243 1471 non
2272 1415 2594 1487 simpliciter
2618 1413 2872 1486 promisit
2919 1429 2978 1469 se
3008 1426 3382 1479 reversurum,
3414 1411 3513 1468 sed

1942 1507 2176 1575 addidit,
2205 1508 2316 1563 Deo
2340 1509 2559 1564 volente
2585 1507 2608 1561 ?
2642 1506 2853 1577 Nempe
2891 1505 3100 1562 docens
3131 1520 3232 1559 nos
3262 1520 3331 1559 ne
3379 1501 3519 1574 quid

1943 1599 2012 1655 de
2056 1599 2256 1667 futuris
2281 1600 2641 1670 polliceamur
2677 1599 2784 1654 nisi
2817 1598 3105 1664 addentes,
3131 1596 3245 1652 Deo
3271 1595 3514 1653 volente.

1942 1690 2116 1746 Nemo
2138 1690 2284 1746 enim
2308 1690 2462 1745 novit
2490 1689 2623 1761 quid
2657 1691 2937 1760 pariturus
2967 1688 3424 1759 insequensdies.

2015 1781 2203 1848 XVIII,
2232 1781 2425 1837 22-28.
2478 1801 2495 1834 ι
2524 1781 2773 1853 Cumque
2814 1780 3189 1837 descendisset
3213 1780 3516 1841 Cresaream

1953 1894 1970 1926 ι
2006 1883 2062 1929 ει
2092 1874 2429 1930 ascendisset
2450 1889 2514 1931 ac
2543 1874 2837 1930 salutasset
2878 1871 3189 1937 ecclesiam,
3234 1871 3521 1928 descendit

1949 1967 2369 2022 (Antiochiam.
2407 1967 2475 2021 Et
2504 1974 2878 2023 commoratus
2904 1964 2978 2025 ibi
3006 1965 3349 2039 aliquantum
3379 1971 3521 2018 tem-

1950 2074 1968 2107 ι
2003 2056 2171 2127 poris,
2204 2056 2486 2127 profectus
2513 2063 2619 2122 est,
2664 2055 3056 2127 perambulans
3081 2071 3149 2111 ex
3189 2054 3387 2115 Ordine
3416 2052 3522 2110 Ga-

1949 2168 1969 2201 ι
2000 2148 2217 2215 laticam
2253 2151 2529 2221 regionem
2576 2165 2640 2205 ac
2675 2149 2989 2222 Phrygiam,
3033 2149 3365 2204 conﬁrmans
3398 2163 3520 2204 om-

1952 2262 1969 2292 ι
2009 2257 2106 2297 nes
2135 2241 2461 2314 discipulos.
2510 2243 2735 2298 Iudaeus
2784 2251 2969 2297 autem
3020 2242 3245 2312 quidam
3295 2240 3522 2310 Apollos

1955 2352 1972 2384 ι
2015 2332 2257 2398 nomine,
2287 2332 2690 2387 Alexandrinus
2725 2347 2950 2403 genere,
2981 2332 3064 2386 vir
3099 2333 3384 2403 eloquens,
3419 2330 3519 2388 de-

1954 2442 1970 2475 ι
2007 2424 2153 2478 venit
2188 2423 2504 2494 Ephesum,
2554 2432 2751 2494 potens
2797 2424 2852 2478 in
2893 2422 3213 2493 Scripturis.
3259 2422 3360 2477 llic
3402 2431 3523 2477 erat

1954 2533 1973 2566 ι
2011 2515 2297 2571 institutus
2341 2516 2395 2570 in
2446 2517 2530 2571 via
2565 2515 2808 2577 Domini,
2853 2522 2909 2570 et
2948 2515 3167 2570 fervens
3188 2514 3384 2584 spiritu
3440 2513 3523 2568 lo-

1956 2624 1973 2657 ‹
2006 2605 2311 2675 quebatur,
2364 2620 2428 2660 ac
2475 2605 2713 2659 docebat
2767 2604 3062 2676 diligenter
3112 2619 3178 2660 ea
3224 2619 3346 2675 qua:
3394 2612 3525 2660 sunt

1956 2719 1973 2751 ι
2011 2698 2245 2763 Domini,
2269 2696 2449 2753 sciens
2483 2706 2694 2753 tantum
2724 2698 2995 2769 baptisma
3022 2698 3266 2754 Joannis.
3312 2697 3380 2755 Et
3432 2699 3524 2753 hic

1956 2808 1975 2841 ι
2010 2789 2178 2858 εωρίι
2203 2788 2545 2858 libercloqui
2574 2789 2630 2843 in
2662 2804 2952 2860 synagoga.
2980 2786 3152 2856 Quem
3189 2803 3312 2844 cum
3338 2788 3527 2847 audis-

1956 2902 1975 2933 ‹
2011 2890 2132 2937 sent
2154 2881 2399 2937 Priscilla
2420 2882 2710 2953 etAquila,
2745 2893 3161 2953 assumpserum
3182 2899 3331 2947 eum,
3360 2881 3538 2956 atque”

1958 2994 1977 3029 ι
2014 2975 2259 3031 exactius
2316 2982 2691 3045 exposuerunt
2744 2975 2794 3030 ei
2858 2976 3003 3029 viam
3063 2974 3305 3030 Domini.
3382 2974 3523 3030 Cum

1960 3087 1977 3120 ι
2019 3076 2202 3123 autem
2253 3066 2418 3122 vellet
2449 3066 2529 3121 ire
2579 3067 2635 3123 in
2679 3066 2945 3121 Achaiam
3001 3066 3275 3122 cxhortati
3321 3065 3523 3125 fratres

1960 3177 1978 3212 ι
2010 3159 2354 3229 scripserunt
2391 3157 2698 3228 discipulis,
2750 3167 2811 3212 ut
2838 3157 3184 3233 susciperent
3213 3173 3363 3215 eum.
3421 3157 3526 3226 Qui

269 3255 293 3290 ε
344 3238 1026 3324 μαθηταῖς,,ἀποδέξασθαι
1056 3239 1237 3294 αὐτόν.
1277 3241 1372 3305 Ὃς
1400 3241 1841 3313 παραγενόμενος

1958 3273 1972 3306 ι
2009 3268 2133 3310 cum
2163 3251 2425 3318 venisset,
2449 3250 2682 3307 contulit
2704 3251 2934 3305 multum
2956 3251 3044 3304 his
3060 3249 3153 3319 qui
3183 3249 3532 3306 crediderant

268 3351 291 3384 ι
344 3331 674 3385 συνεϐάλετο
704 3331 838 3385 πολὺ
868 3334 978 3395 τοῖς
1011 3334 1401 3388 πεπιστευκόσι
1440 3333 1528 3388 διὰ
1559 3334 1656 3403 τῆς
1686 3333 1847 3405 χάρι-

270 3439 294 3473 ‹
337 3437 462 3484 τος·
494 3421 727 3485 εὐτόνως
750 3419 860 3493 γὰρ
889 3423 1003 3485 τοῖς
1061 3422 1335 3486 Ἰουδαίοις
1374 3422 1852 3495 διακατηλέγχετο,

271 3533 293 3566 ‹
340 3512 583 3586 δημοσίᾳ
602 3513 907 3577 ἐπιδεικνὺς
938 3513 1025 3568 διὰ
1056 3513 1165 3570 τῶν
1188 3516 1418 3587 Γραφῶν
1445 3513 1582 3571 εἶναι
1610 3517 1699 3570 τὸν
1723 3510 1857 3588 Χριί

273 3633 295 3659 ι
353 3605 476 3662 στὸν
516 3604 740 3677 Ἰησοῦν.
782 3623 801 3658 ι
878 3592 885 3595 ’

345 3699 509 3762 τινές
548 3717 732 3770 φασιν,
758 3700 833 3765 ὡς
861 3701 888 3754 ὁ
928 3698 1202 3765 Ἀπολλὼς
1232 3694 1389 3764 οὗτος
1439 3703 1466 3755 ὁ
1512 3701 1674 3765 αὐτός
1708 3701 1856 3755 ἐστιν

283 3790 555 3860 ’Δπελλῆς
574 3793 603 3845 ὁ
628 3792 737 3845 τῶν
762 3791 1058 3863 Κορινθίων
1085 3794 1402 3856 ἐπίσκοπος,
1434 3793 1563 3865 περὶ
1592 3784 1653 3845 οὗ
1688 3810 1857 3863 φησιν

272 3868 548 3953 ἀλλαχοῦ·
601 3902 618 3933 ι
679 3883 823 3951 Ἐγὼ
865 3883 1161 3953 ἐφύτευσα,
1201 3883 1479 3947 Ἀπολλὼς
1516 3884 1791 3939 ἐπότισεν.
1833 3903 1853 3937 ι

276 3976 352 4029 Ἥ
387 3975 571 4028 τοίνυν
618 3972 885 4044 διώνυμος
937 3979 964 4029 ὁ
1007 3975 1227 4049 ἀνὴρ,ξῆ
1267 3975 1473 4043 ἄλλως,
1522 3975 1857 4047 μετεποιήθη

274 4069 514 4140 θάτερον
537 4067 646 4120 τῶν
677 4068 986 4138 ὀνομάτων,
1032 4070 1109 4132 εἰς
1140 4070 1201 4123 τὸ
1238 4069 1443 4124 λοιπόν.
1485 4087 1503 4121 ι
1525 4069 1858 4141 Ἐπιστάμε-

272 4177 366 4222 νος
399 4159 565 4230 μόνον
604 4159 665 4212 τὸ
706 4158 986 4230 βάπτισμα
1031 4160 1297 4218 Ἰωάννου.
1338 4178 1358 4213 ι
1400 4161 1582 4227 ’Ἄξιον
1625 4160 1860 4233 ζητῆσαι

277 4252 421 4314 πῶς,
442 4253 492 4305 εἰ
518 4252 576 4306 τὸ
602 4253 882 4324 βάπτισμα
907 4254 1065 4323 μόνον
1092 4250 1335 4308 Ἰωάννου
1364 4253 1653 4323 ἠπίστατο,
1687 4253 1861 4317 οῦτως

270 4344 360 4417 τῷ
392 4345 671 4415 Πνεύματι
693 4345 822 4412 ἕξει.
843 4345 915 4399 Τὸ
945 4346 1053 4418 γὰρ
1077 4346 1299 4417 Πνεῦμα
1327 4345 1426 4417 οὐχ
1446 4344 1619 4410 οὕτως
1640 4345 1858 4409 ἐδίδοτο.

276 4439 396 4494 Καὶ
420 4440 470 4492 εί
500 4441 551 4492 οἱ
584 4440 722 4509 μετά
770 4438 964 4493 τοῦτον
1004 4439 1306 4512 ἐδεήθησαν
1343 4440 1436 4494 τοῦ
1487 4437 1863 4510 βαπτίσματος

275 4532 377 4586 τοῦ
416 4530 677 4603 Χριστοῦ,
717 4530 898 4602 πολλῷ
925 4522 1123 4603 μᾶλλον
1156 4534 1250 4587 καὶ
1272 4524 1428 4597 οὗτος
1455 4530 1649 4603 ἐδεήθη
1678 4531 1766 4587 ἄν.
1794 4529 1861 4584 Τί

1960 3361 1982 3394 ι
2016 3355 2115 3412 per
2146 3339 2376 3411 gratiam
2402 3356 2418 3393 :
2469 3339 2829 3395 vehementer
2854 3337 3002 3393 enim
3026 3336 3245 3393 Iudaeos
3275 3337 3530 3393 revince-

1963 3449 1980 3483 ι
2015 3431 2129 3496 bat,
2158 3430 2376 3500 publice
2403 3429 2696 3487 ostendens
2736 3444 2835 3501 per
2864 3428 3174 3500 Scripturas
3197 3428 3381 3486 Jesum
3410 3444 3531 3487 esse

1964 3540 1983 3573 ι
2010 3520 2320 3587 Christum.
2344 3540 2364 3574 ι

2026 3698 2261 3766 Quidam
2310 3698 2505 3755 dicunt
2527 3698 2677 3770 quod
2730 3698 2825 3754 hic
2868 3698 3096 3768 Apollas
3120 3698 3535 3770 IucritApelles

1957 3790 2373 3848 Corinthiorum
2409 3792 2726 3863 episcopus,
2774 3790 2845 3847 de
2868 3806 2982 3862 quo
3014 3791 3094 3848 ait
3145 3793 3315 3853 alibi:
3371 3812 3391 3845 ι
3420 3794 3534 3865 Ego

1959 3884 2224 3956 plantavi,
2262 3885 2486 3955 Apollas
2549 3883 2750 3955 rigavit
2789 3887 2876 3940 ":
2911 3903 2930 3937 ι
3001 3883 3305 3942 binominis
3340 3887 3535 3957 itaque

1959 3979 2045 4033 vir
2090 3989 2227 4034 erat.
2282 3977 2391 4032 Aut
2421 3977 2602 4032 aliter.
2642 3977 2990 4035 Translatum
3024 3989 3109 4036 est
3155 3981 3390 4035 alterum
3432 3994 3536 4035 no.

1958 4085 2086 4125 men
2123 4070 2177 4124 in
2208 4069 2265 4124 id
2295 4068 2443 4138 quod
2463 4068 2739 4140 posterius
2764 4069 2981 4126 habuit.
3039 4089 3058 4124 ι
3099 4070 3294 4125 Sciens
3316 4079 3532 4125 tantum

1959 4162 2232 4233 baptisma
2252 4158 2503 4215 Joannis.
2533 4179 2553 4214 ι
2580 4161 2813 4232 Dignum
2836 4170 2922 4217 est
2944 4172 3004 4217 ut
3035 4162 3373 4233 inquiramus
3399 4178 3539 4234 quo-

1963 4256 2147 4320 modo,
2197 4256 2243 4312 si
2286 4254 2560 4326 baptisma
2604 4262 2815 4310 tantum
2847 4256 3077 4313 Joannis
3115 4256 3350 4324 sciebat,
3398 4256 3538 4311 adeo

1962 4348 2160 4420 Spiritu
2209 4347 2498 4403 fervebat?
2534 4363 2645 4403 non
2682 4348 2832 4403 enim
2866 4347 3111 4421 Spiritus
3135 4364 3202 4403 eo
3242 4348 3404 4403 modo
3440 4349 3540 4403 da-

1963 4442 2148 4498 batur.
2176 4441 2446 4497 Praeterea
2476 4442 2519 4497 si
2555 4441 2885 4511 quibusdam
2936 4449 3059 4512 post
3089 4450 3405 4511 susceptum
3443 4438 3542 4494 Ju-

1965 4534 2126 4588 annis
2150 4532 2426 4604 baptisma
2459 4546 2599 4604 opus
2622 4530 2726 4586 fuit
2751 4531 2955 4587 Christi
2982 4530 3319 4603 baptismati,
3352 4530 3540 4599 utique

272 4622 379 4677 οὖν
420 4622 569 4677 ἔστιν
615 4625 821 4692 εἱπεῖν;
873 4623 992 4676 οὐδὲ
1032 4625 1139 4695 γάρ
1200 4626 1382 4689 ἁπλῶς
1422 4626 1621 4698 ἐφεξῆς
1660 4626 1850 4698 ἔθηκεν

1962 4624 2137 4680 multo
2166 4624 2341 4697 magis
2367 4623 2499 4680 huic
2521 4639 2660 4694 opus
2681 4622 2903 4679 fuisset.
2932 4623 3074 4690 Quid
3096 4638 3227 4694 ergo
3248 4621 3540 4676 dicendum

278 4716 593 4787 ἀμφότερα.
624 4718 783 4769 Δοκεῖ
821 4715 1000 4770 τοίνυν
1037 4712 1191 4781 οὗτος
1219 4713 1355 4771 εἶναι
1390 4719 1499 4772 τῶν
1544 4719 1738 4773 ἑκατὸν
1779 4719 1861 4774 et-

278 4825 430 4871 κοσι,
464 4808 572 4860 τῶν
616 4807 765 4877 μετᾶ
796 4806 904 4861 τῶν
956 4808 1269 4863 ἀποστόλων
1318 4809 1747 4882 βαπτισθέντων.
1787 4812 1860 4865 Ἦ

280 4903 334 4955 εἰ
369 4900 445 4971 μὴ
470 4898 649 4963 τοῦτο,
681 4900 818 4971 ὅπερ
865 4900 961 4955 ἐπὶ
993 4900 1087 4955 τοῦ
1122 4902 1426 4974 Κορνηλίου
1453 4903 1669 4972 γέγονε,
1696 4903 1859 4972 γεγέ-

280 5009 446 5060 νηται
477 4993 570 5045 καὶ
594 4992 685 5044 ἐπὶ
714 4993 912 5062 τούτῳ.
948 4992 1086 5047 Ἀλλ’
1125 4993 1245 5048 οὐδὲ
1287 4993 1628 5065 βαπτίζεται.
1655 4994 1861 5050 Τούτου

278 5084 382 5140 οὖν
406 5084 654 5158 ἀκριϐῶς
676 5083 1073 5152 ἐξετασθέντος,
1096 5086 1244 5141 δοκεῖ
1265 5088 1423 5143 τοῦτο
1454 5088 1531 5162 μὴ
1563 5085 1703 5143 εἶναι
1723 5128 1739 5153 ,
1780 5089 1866 5144 ὅτι

280 5178 384 5232 καὶ
415 5178 782 5249 βαπτισθῆναι
805 5179 964 5234 αὐτὸν
994 5180 1121 5235 ἔδει.
1150 5180 1303 5235 Ἐπεὶ
1323 5182 1372 5235 ot
1397 5181 1602 5237 δώδεκα
1625 5184 1672 5237 οἱ
1689 5181 1864 5248 ἄλλοι,

281 5270 443 5323 οὐδὲν
473 5270 692 5341 ⁴ᾔδεισαν
743 5270 1008 5343 ἀκριϐῶς,
1042 5272 1163 5326 οὐδὲ
1191 5271 1263 5325 τά
1310 5272 1439 5344 περὶ⁴
1479 5271 1676 5345 Ἰησοῦ.
1705 5271 1867 5337 Εἰκὸς

280 5365 346 5421 δὲ
387 5364 554 5418 αὐτὸν
599 5366 694 5419 καὶ
726 5364 1109 5436 βαπτισθῆναι.
1144 5367 1207 5420 Εἰ
1240 5366 1298 5420 δὲ
1325 5358 1473 5420 οὗτοι
1506 5360 1555 5420 oi
1595 5364 1865 5432 Ἰωάννου,

288 5457 433 5531 μετά
459 5457 520 5510 τὸ
557 5456 840 5528 βάπτισμα
865 5457 1026 5515 πάλιν
1059 5457 1410 5524 ἐϐαπτίζοντο
1459 5458 1569 5513 ἔδει
1606 5458 1700 5513 καλ⁸
1745 5459 1871 5524 τοὺς

287 5549 550 5621 μαθητάς
579 5548 739 5603 τοῦτο
766 5550 1010 5622 ποιῆσαι.

1967 4718 2092 4773 est?
2140 4733 2320 4789 neque
2350 4717 2499 4772 enim
2531 4724 2739 4772 temere
2777 4730 2948 4770 unum
2992 4724 3116 4787 post
3152 4714 3303 4770 aliud
3336 4716 3541 4784 posuit.

1969 4808 2202 4865 Videtur
2234 4824 2367 4881 ergo
2389 4824 2534 4863 unus
2548 4822 2672 4875 esse
2700 4822 2767 4862 ex
2806 4816 3026 4861 centum
3058 4806 3271 4878 viginti,
3309 4806 3402 4877 qui
3436 4821 3542 4861 una

1969 4918 2095 4960 cum
2122 4901 2385 4974 apostolis
2402 4901 2612 4971 Spiritu
2630 4899 2888 4971 baptizati
2910 4908 3054 4955 sunt.
3081 4899 3236 4972 143
3257 4901 3364 4955 Aut
3380 4900 3422 4955 si
3440 4900 3546 4955 hoc

1969 5012 2083 5054 non
2112 4996 2314 5067 placet,
2340 4993 2395 5049 id
2424 4992 2571 5063 quod
2599 4993 2654 5047 in
2677 4991 2941 5049 Cornelio
2970 4991 3175 5048 factum
3215 5001 3319 5057 est,
3377 4992 3544 5047 etiam

1974 5091 2032 5146 in
2052 5090 2159 5145 hoc
2187 5087 2410 5144 accidit.
2443 5085 2610 5156 Atqui
2640 5100 2752 5140 non
2782 5084 3116 5155 baptizatur.
3145 5085 3203 5141 Si
3233 5096 3415 5141 tamen
3442 5087 3548 5143 hoc

1974 5190 2168 5238 exacte
2225 5178 2586 5248 disquiratur,
2644 5185 2874 5247 apparet
2926 5192 3038 5232 non
3093 5177 3168 5233 ita
3220 5192 3366 5243 esse,
3418 5178 3546 5248 quia

1976 5273 2144 5331 etiam
2188 5254 2525 5341 baptizatum
2556 5268 2737 5336 ipsum
2762 5267 2935 5323 fuisse
2971 5269 3239 5338 oportuit.
3284 5268 3549 5337 Quando-

1976 5364 2201 5436 quidem
2227 5361 2521 5418 duodecim
2557 5358 2649 5415 alii
2695 5359 2786 5432 (de
2815 5360 3019 5431 quibus
3051 5360 3238 5415 statim
3272 5361 3550 5433 sequitur)

1977 5457 2120 5512 nihil
2150 5462 2341 5512 exacte
2368 5459 2660 5517 noverant,
2684 5466 2754 5507 ne
2768 5451 2840 5507 de
2870 5452 2957 5508 his
2972 5452 3196 5523 quidem
3218 5468 3340 5523 qua:
3361 5452 3547 5510 Iesum

1977 5554 2397 5606 coneernerent.
2424 5544 2737 5601 Verisimile
2775 5553 2956 5600 tamen
2984 5552 3072 5600 est
3101 5552 3158 5600 et
3194 5544 3342 5600 hunc
3371 5542 3520 5614 bapti
3542 5570 3555 5582 -

287 5649 475 5695 zatum
526 5637 721 5695 fuisse.
779 5641 912 5696 Nam
965 5642 1012 5699 si
1070 5642 1141 5711 hi
1181 5640 1278 5714 qui
1321 5641 1549 5698 Joannis
1604 5639 1863 5712 discipuli
1901 5649 2082 5707 erant,
2123 5639 2450 5697 accedentes
2481 5632 2551 5689 ad
2584 5635 2747 5693 ﬁdem
2793 5636 2903 5694 etsi
2959 5635 3229 5705 baptisma
3289 5649 3555 5709 suscepe-

285 5742 440 5799 rant,
487 5748 713 5789 rursum
743 5732 1183 5809 baptizabantur,
1230 5735 1521 5808 oportebat
1563 5733 1866 5808 discipulos
1893 5752 2111 5811 quoque
2143 5737 2380 5810 idipsum
2411 5735 2612 5790 facere.

368 5914 413 5951 ⁸⁷
435 5914 457 5971 I
478 5915 610 5974 Cor.
639 5932 725 5983 ιιι,
751 5919 805 5976 6.
