4024 6612
453 478 463 491 ’
539 509 640 572 247

1070 623 1294 680 CAPUT
1345 624 1578 678 XXVIII.

539 717 614 771 Ile
651 719 966 783 baptismate
998 729 1045 771 et
1078 718 1281 786 Spiritu
1310 718 1480 769 sancti
1510 718 1645 770 dono
1676 734 1768 786 per
1793 716 1951 772 Pauli
1983 718 2113 770 ado-

609 791 869 842 rationem
913 789 1039 841 dato
1096 790 1174 842 his
1212 788 1301 858 qui
1351 787 1540 856 Ephesi
1584 789 1939 851 crediderant,
1978 791 2117 841 etde

604 859 779 912 salute
827 858 1050 929 populi:
1090 861 1145 912 in
1195 875 1298 928 quo
1342 868 1603 913 narratur
1660 860 1824 913 etiam
1865 860 1929 912 de
1986 859 2114 926 ﬁliis

609 929 818 985 Scevw:
883 939 932 982 ct
976 930 1114 999 quod
1164 946 1268 983 non
1308 938 1551 997 oporteat
1600 930 1669 983 ad
1702 930 1998 983 incredulos
2025 946 2115 983 ac-

607 1000 807 1057 cedere.
841 998 1029 1070 eosque
1061 1001 1150 1069 qui
1183 1016 1239 1053 se
1284 998 1628 1070 reddiderunt
1670 1000 1774 1067 ﬁde
1830 1001 2114 1070 indignos:

606 1073 731 1123 item
777 1070 841 1123 de
890 1069 1216 1140 confessione
1263 1069 1610 1141 credentium.
1643 1072 1887 1130 de.mota
1921 1069 2115 1141 Ephesi

606 1140 858 1264 scditiope
912 1158 947 1195 ο
995 1139 1267 1195 Demetrio
1321 1139 1472 1210 fabro
1516 1143 1820 1213 argentario
1863 1139 2113 1196 adversus

608 1220 792 1264 θυοδίο
819 1227 897 1264 os.
2110 1246 2113 1254 ι

608 1220 897 1279 apostolos.

606 1365 750 1429 XIX,
788 1368 904 1422 1-5.
960 1388 978 1421 ι
1015 1370 1229 1426 Accidit
1278 1380 1462 1427 autem
1515 1387 1641 1426 cum
1697 1372 1922 1444 Apollos
1967 1379 2115 1426 esset

542 1479 560 1508 ι
598 1456 853 1514 Corinthi
882 1497 898 1523 ,
950 1469 1012 1515 ut
1062 1462 1265 1517 Paulus
1326 1463 1669 1535 peragratis,
1726 1463 2113 1534 superioribus

541 1571 557 1600 ι
598 1551 847 1621 partibus
871 1553 1087 1610 veniret
1111 1554 1409 1625 Ephesum,
1439 1565 1495 1611 et
1526 1557 1762 1626 repertis
1782 1556 2111 1627 quibusdam

540 1662 559 1694 ι
596 1643 881 1714 discipulis
915 1644 1056 1702 dixit
1096 1647 1163 1702 ad
1211 1664 1309 1705 eos
1345 1667 1356 1702 :
1390 1648 1532 1704 Num
1560 1648 1827 1719 Spiritum
1860 1659 2112 1705 sanctum

543 1756 559 1781 ι
597 1737 889 1808 accepistis
946 1747 1306 1811 posteaquam
1340 1741 1697 1797 credidistis?
1742 1744 1812 1797 At
1847 1742 1926 1797 illi
1965 1742 2112 1797 dixe.

540 1844 557 1876 ι
597 1836 725 1881 runt
757 1827 825 1883 ad
852 1844 978 1884 eum
1006 1847 1021 1884 :
1046 1830 1161 1886 lmo
1203 1847 1383 1903 neque
1426 1832 1569 1889 sitne
1616 1832 1859 1904 Spiritus
1893 1846 2117 1891 sanctus

540 1937 557 1967 ο
596 1919 930 1977 audivimus.
987 1922 1056 1978 Et
1093 1923 1171 1979 ait
1209 1924 1278 1980 ad
1308 1925 1471 1983 illos:
1517 1925 1637 1992 Quo
1680 1941 1813 1997 ergo
1847 1918 2111 1998 baptizati

546 2030 563 2059 ι
604 2012 777 2066 estis?
829 2012 912 2067 Illi
945 2029 1078 2069 vero
1105 2014 1402 2073 dixerunt:
1444 2016 1675 2072 Joannis
1694 2016 2041 2087 baptismate.
2092 2039 2110 2070 ι

505 2129 520 2137 -
605 2102 760 2159 Unde
783 2104 863 2171 bi,
900 2122 1028 2162 cum
1059 2107 1259 2178 Ephesi
1290 2108 1728 2181 habitarent-(1),
1758 2109 1985 2167 Joannis
2014 2112 2113 2167 ha-

531 2196 737 2254 bebant
751 2199 1054 2269 baptisma?
1071 2202 1342 2258 Fortassis
1355 2211 1520 2257 antea
1534 2203 1763 2274 profecti
1782 2214 1941 2258 erant
1958 2204 2115 2260 Jero-

530 2291 740 2362 solyma
772 2302 828 2347 et
852 2294 1121 2351 Joannem
1159 2304 1509 2352 accesserant
1547 2313 1611 2352 ac
1643 2297 1903 2369 baptizati
1935 2308 2113 2364 erant,

532 2400 711 2454 neque
766 2387 955 2444 Jesum
1017 2399 1329 2454 noverant,
1385 2391 1621 2461 ideoque
1666 2408 1776 2447 non
1826 2393 1962 2448 dicit
2012 2395 2113 2458 eis,

528 2476 768 2534 Creditis
799 2478 855 2533 in
882 2479 1069 2535 Jesum
1097 2482 1119 2534 ?
1147 2481 1266 2545 sed,
1295 2482 1438 2536 Num
1481 2482 1748 2553 Spiritum
1780 2484 2115 2554 accepistis?

534 2567 699 2636 idque
727 2584 852 2623 cum
887 2570 1060 2626 sciret
1094 2586 1192 2626 eos
1229 2568 1347 2626 non
1382 2570 1629 2627 habere:
1668 2573 1763 2628 sed
1804 2575 1923 2628 vult
1966 2573 2116 2644 ipsos

534 2664 638 2716 hoc
698 2662 906 2730 dicere,
961 2675 1026 2719 ut
1078 2666 1180 2720 ubi.
1231 2667 1593 2738 cognoverint
1622 2667 1823 2736 quibus
1866 2679 2111 2736 careant,

530 2758 720 2812 statim
756 2774 819 2813 ea
851 2768 1131 2830 expetant.

606 2848 766 2923 1M
798 2851 940 2916 XIX,
994 2853 1114 2908 4-8.
1176 2874 1193 2905 ε
1242 2855 1588 2913 Dixitautem
1612 2856 2113 2914 PauluszJoannes

536 2963 553 2994 ι
590 2944 815 3014 quidem
876 2946 1177 3016 baptizavit
1208 2949 1479 3020 baptismo
1527 2951 1885 3021 poenitentiae,
1912 2954 2113 3023 populo

535 3057 556 3088 ι
597 3036 848 3105 loquens,
878 3046 937 3093 ut
962 3039 1019 3095 in
1047 3055 1197 3106 eum,
1222 3041 1317 3111 qui
1345 3050 1468 3112 post
1494 3043 1671 3112 ipsum
1700 3052 1966 3101 venturus
1991 3056 2113 3101 erat

537 3149 555 3177 ‹
585 3128 901 3196 crederent,
933 3130 1040 3186 hoc
1068 3140 1154 3187 est
1180 3131 1246 3186 in
1267 3133 1550 3189 Christum
1577 3135 1789 3191 Jesum.
1858 3138 1957 3192 llis
2007 3154 2110 3194 au-

499 3247 551 3298 ἰ
603 3222 760 3290 ditis,
788 3224 1053 3296 baptizati
1113 3236 1244 3282 sunt
1300 3228 1357 3282 in
1407 3228 1632 3283 nomine
1684 3230 1902 3286 Domini
1952 3232 2108 3288 Jesu.

1622 510 2016 572 (ECUMENII
2050 511 2339 575 TIUCCE
2369 518 2709 583 EPISCOPI

3674 514 3761 579 248

2802 630 3050 685 ΚΕΦΑᾹ.
3090 628 3222 683 κη’.

2220 723 2359 794 Περὶ
2376 724 2799 794 ,βαπτίσματος
2823 724 2919 778 καὶ
2948 721 3056 791 τῆς
3089 720 3198 775 τοῦ
3249 720 3767 794 ἀγλίου-Πξέὑματος

2290 793 2517 862 δωρεᾶς
2571 788 2855 863 δοθείσὴς
2890 795 2987 847 διὰ
3008 788 3374 860 ’προσευχῆς
3401 788 3640 863 Παύλου
3665 788 3766 860 τοῖς

2290 860 2379 917 ἐν’
2420 866 2656 934 Ἐφέσῳ
2677 860 3102 934 “mensuum,
3138 863 3235 934 καὶ
3283 860 3415 929 περὶ
3445 860 3652 934 lavem;
3682 866 3768 919 τοῦ

2289 928 2635 991 .2αοῦ.”Εν’
2663 930 2712 1004 ᾦ
2765 936 2900 1003 ,περὶ
2948 934 3068 988 τῶν
3118 932 3263 987 υἱῶν
3295 928 3658 1004 Σκευᾶς-καὶ
3695 934 3769 1004 ὅτι

2287 1006 2358 1076 οὐ
2387 1005 2484 1058 δεῖ
2505 999 2882 1076 προσὶωρεῗν
2920 1005 3203 1069 ἀπίστοις
3234 999 3642 1076 παίμὰναξίοις
3676 1003 3769 1073 τῆς

2289 1071 2954 1147 πίστεωέτεειὲὸιὶένοιςο
2990 1076 3090 1147 καί
3138 1073 3273 1147 {rapi
3301 1071 3767 1147 ἐξομολογήσεως
3844 1106 3849 1115 -

2289 1144 2407 1199 τῶν
2444 1143 2879 1213 πιστευόἆτων,
2916 1145 3048 1214 περὶ
3096 1143 3206 1210 τῆς
3244 1143 3316 1197 ἐν
3354 1143 3579 1214 Ἐςοᾷσῳ
3627 1162 3772 1210 κινη-

2290 1216 2501 1284 θείσης
2545 1218 2821 1284 στάσεως
2857 1212 3345 1284 ὑπδΔημητρίου
3392 1212 3498 1267 τοῦ
3546 1213 3771 1284 ἀργυρο-

2290 1287 2481 1343 κόπου
2510 1289 2663 1342 κατὰ
2687 1286 2805 1342 τῶν
2833 1286 3218 1342 ἀποστόλων.

2297 1396 2315 1430 ι
2350 1378 2596 1448 Ἐγένετο
2621 1378 2678 1433 δὲ
2704 1379 2762 1433 ὲν
2778 1378 2857 1452 τῷ
2881 1377 2974 1432 τὸν
3019 1374 3264 1431 ’Δπολλὼ
3286 1370 3429 1430 εἶναι
3449 1372 3508 1428 ὲν
3528 1374 3771 1446 Κορίνθῳ,

2227 1490 2244 1520 ι
2292 1469 2502 1525 Παῦλον
2541 1466 2816 1525 διελθόντα
2847 1469 2917 1525 τὰ
2956 1468 3262 1541 ἀνωτερικὰ
3315 1467 3479 1539 μέρη,
3523 1464 3685 1520 ἐλθεῖν
3710 1468 3774 1532 είς

2223 1581 2242 1613 ι
2294 1564 2551 1628 Ἔφεσον·
2586 1563 2683 1617 καὶ
2711 1561 2887 1635 εὑρών
2917 1579 3068 1625 τινας
3102 1558 3351 1632 μαθητὰς
3390 1554 3514 1612 εἷπε
3544 1557 3676 1628 πρὸς
3693 1560 3775 1611 αὑ-

2227 1672 2243 1703 (
2289 1653 2438 1718 τούς·
2472 1655 2535 1708 Et
2570 1654 2795 1725 Πνεῦμα
2825 1653 2978 1723 ἅγιον
3010 1652 3232 1707 ἐλάϐετε
3288 1649 3697 1716 πιστεύσαντες;
3725 1652 3776 1705 οι

2224 1764 2241 1796 ι
2284 1745 2339 1799 δὲ
2389 1741 2543 1800 εἷπον
2597 1747 2736 1819 πρὸς
2765 1748 2949 1801 αὐτόν·
2989 1746 3130 1800 Ἀλλ’
3155 1744 3277 1798 οὐδὲ
3318 1745 3368 1798 εί
3397 1742 3618 1814 Πνεῦμα
3648 1745 3779 1813 ἅγιον

2223 1859 2240 1889 ι
2290 1839 2438 1895 ἔστιν
2485 1840 2823 1912 ἠκούσαμεν.
2873 1836 3010 1894 Εἷπέ
3059 1856 3119 1893 τε
3170 1839 3308 1912 πρὸς
3348 1836 3576 1901 αὐτούς’
3610 1837 3698 1900 Εἰς
3737 1836 3780 1890 τί

2223 1949 2243 1980 ‹
2289 1927 2381 1984 οῦν
2429 1932 2832 2003 ὲ6απτίσθητε;
2866 1933 2928 1986 Οἱ
2988 1931 3044 1985 δὲ
3098 1927 3289 1983 εἶπον
3322 1930 3417 1992 Εἰς
3462 1927 3525 1982 τὸ
3561 1927 3780 1983 Ἰωάννου

2225 2043 2241 2075 ι
2290 2023 2591 2094 βάπτισμα.
2618 2044 2637 2077 ι

2278 2114 2701 2190 Ἰζπιστάμενος
2729 2118 2891 2190 μόνον
2918 2117 2980 2171 τὸ
3010 2115 3295 2189 βάπτισμα
3323 2114 3596 2169 Ἰωάννου.
3623 2111 3781 2178 ’Ἄξιον

2219 2209 2453 2282 ζητῆσαι
2491 2209 2643 2277 πῶς,
2676 2210 2726 2262 εί
2755 2207 2816 2262 τὸ
2850 2208 3134 2280 βάπτισμα
3175 2206 3335 2280 μόνον
3377 2204 3625 2259 Ἰωάννου
3668 2202 3783 2273 ἡπί-

2219 2318 2406 2369 στατο,
2433 2299 2607 2364 οὕτως
2638 2299 2718 2372 τῷ
2743 2298 3017 2369 πνεύματι
3043 2295 3155 2362 ἔξει
3176 2310 3191 2326 ⁸
3216 2296 3276 2351 τὸ
3304 2295 3413 2367 γὰρ
3439 2293 3657 2364 πνεῦμα
3696 2293 3783 2375 οὑχ

2230 2393 2409 2457 οὓτως
2450 2391 2676 2447 ἐδίδοτο.
2702 2392 2813 2446 Καὶ
2836 2393 2885 2445 εί
2912 2392 2960 2445 οἱ
2990 2389 3130 2462 μετά
3162 2388 3353 2443 τοῦτον
3382 2386 3680 2457 ἐδεήθησαν
3706 2381 3785 2437 τοῦ

2218 2485 2596 2558 βαπτίσματος
2646 2484 2739 2539 τοῦ
2786 2483 3048 2556 Χριστοῦ,
3080 2480 3262 2553 πολλῷ
3291 2479 3497 2552 μᾶλλον
3535 2478 3628 2533 καὶ
3651 2473 3784 2541 οὗτος

2214 2580 2413 2652 ἐδεήθη
2437 2580 2523 2635 ἄν.
2552 2578 2617 2633 Τί
2645 2572 2737 2633 οῦν
2763 2576 2910 2632 ἐστιν
2946 2577 3157 2644 εἰπεῖν;
3188 2574 3308 2629 οὐδὲ
3340 2573 3446 2644 γὰρ
3492 2571 3675 2635 ἁπλῶς
3705 2573 3787 2639 ἐφ-

2215 2672 2313 2742 ξῆς
2350 2671 2547 2742 ἔθηκεν
2582 2672 2890 2742 ἀμφότερα.
2920 2670 3079 2741 Δοκεῖ
3103 2657 3297 2722 ’τοίνυν
3335 2658 3673 2730 οὗτος-ἐἷναι
3694 2662 3787 2718 τῶν

2215 2763 2413 2819 ἑκατὸν
2425 2763 2621 2830 εἴκοσι,
2638 2763 2747 2817 τῶν
2764 2763 2903 2835 μετὰ
2920 2761 3028 2815 τῶν
3048 2760 3363 2815 ἀποστόλων
3376 2758 3785 2830 βαπτισθέντων.

2294 2878 2313 2937 ς
2347 2853 2485 2912 Εἷπε
2517 2858 2573 2911 δὲ
2596 2856 2812 2920 Παῦλος
2836 2873 2849 2886 υ
2897 2856 3150 2927 Ἰωάννης
3181 2854 3281 2924 μὲν
3308 2853 3574 2907 scamna
3619 2852 3788 2925 βάπτι-

2220 2970 2238 3002 ι
2290 2968 2404 3021 σμα
2437 2950 2749 3018 μετανοίας,
2782 2949 2862 3019 τῷ
2893 2947 3009 3019 λαῷ
3036 2947 3245 3017 λέγων,
3283 2948 3363 3010 είς
3391 2945 3489 2999 τὸν
3514 2944 3788 3016 ἐρχόμενον

2219 3066 2236 3096 ι
2290 3043 2408 3114 μετ’
2440 3043 2605 3097 αὑτὸν
2628 3042 2717 3095 ἵνα
2748 3040 3104 3107 πιστεύσωσι,
3135 3041 3414 3094 τουτέστιν
3435 3040 3521 3104 εἰς
3556 3037 3645 3092 τὸν
3672 3038 3787 3108 Χριο

2220 3157 2238 3189 ι
2281 3138 2403 3191 στ’»ν
2445 3136 2688 3207 Ἰησοῦν..
2706 3134 3061 3200 Ἀκούσαντες
3090 3134 3145 3188 δὲ
3176 3132 3591 3202 ἐϐαπτίσθησαν
3614 3132 3691 3195 είς
3725 3130 3777 3184 τὸ

2221 3252 2238 3283 ι
2282 3233 2453 3303 ὄνομα
2494 3230 2590 3285 τοῦ
2637 3231 2842 3301 Κυρίου
2888 3228 3087 3300 Ἰησοῦ.
3135 3229 3248 3284 Ka‘t
3281 3228 3574 3292 ἐπιθέντος
3620 3226 3786 3287 αὐτοῖς

532 3336 553 3366 ι
591 3315 841 3387 Cumque
890 3318 1245 3390 imposuisset
1280 3322 1392 3377 illis
1446 3339 1643 3379 manus
1693 3324 1916 3391 Paulus,
1957 3327 2107 3382 venit

2220 3345 2237 3376 ι
2280 3323 2372 3378 τοῦ
2426 3323 2640 3378 Παύλου
2690 3323 2789 3386 τὰς
2840 3324 3062 3394 χεῖρας,
3122 3317 3255 3394 ἦλθε
3326 3321 3387 3375 τὺ
3453 3320 3684 3391 Πνεῦμα
3736 3316 3791 3370 τὸ

533 3429 552 3458 ι
585 3404 829 3481 Spiritus
876 3421 1101 3469 sanctus
1151 3429 1317 3484 super
1349 3430 1469 3481 eos,
1515 3426 1572 3472 et
1599 3418 1971 3487 loquebantur
1998 3418 2109 3475 lin-

534 3525 551 3553 ι
593 3505 716 3574 guis
773 3519 840 3560 ac
894 3507 1319 3577 prophetabant.
1362 3510 1534 3565 Erant
1565 3520 1748 3567 autem
1777 3527 1971 3568 omnes
2001 3513 2106 3568 viri

533 3607 561 3642 c‘
596 3595 713 3649 fere
769 3595 1086 3651 duodecim.
1164 3598 1450 3670 Ingressus
1521 3610 1707 3656 autem
1778 3618 2106 3675 synagogam

533 3707 551 3737 ι
588 3688 762 3744 libere
810 3688 1164 3759 loquebatur,
1204 3692 1271 3748 ad
1313 3702 1425 3751 tres
1470 3710 1690 3750 menses
1736 3687 2026 3766 disputans
2054 3707 2109 3751 ct

497 3835 503 3841 ,
531 3801 548 3831 σ
587 3781 837 3837 suadens
858 3781 927 3837 de
957 3798 1129 3854 regno
1155 3784 1275 3840 Dei.
1303 3802 1326 3841 ι

596 3876 643 3928 Α
675 3875 904 3931 Joannis
922 3875 1253 3948 baptismate
1276 3878 1629 3946 vaticinatur,
1659 3895 1866 3950 eosque
1897 3881 2109 3937 inducit

526 3966 723 4022 dicens
762 3967 909 4038 quod
943 3967 1050 4024 hoc
1078 3969 1245 4024 vellet
1285 3970 1516 4026 Joannis
1559 3970 1854 4042 baptisma.
1896 3973 2107 4028 Deinde

524 4058 840 4114 ostenditur
867 4061 1020 4132 parvi
1050 4063 1317 4117 momenti
1346 4062 1520 4118 fuisse
1547 4062 1819 4134 baptisma
1854 4063 2104 4120 Joannis.

522 4151 713 4222 Neque
747 4153 896 4209 enim
934 4154 1073 4209 dixit
1096 4156 1439 4219 remissionis
1475 4156 1668 4221 fuisse,
1705 4157 1802 4212 sed
1832 4157 2109 4228 poeniten-

522 4243 631 4300 tiae.
672 4244 1029 4301 Postmodum
1064 4246 1370 4318 baptizatos
1398 4261 1495 4303 eos
1517 4247 1573 4302 in
1607 4248 1831 4304 nomine
1865 4248 2105 4312 Domini,

520 4335 657 4391 dicit
689 4337 792 4391 sub
822 4337 1080 4393 manibus
1110 4338 1266 4393 Pauli
1296 4337 1565 4408 Spiritum
1611 4339 1797 4395 statim
1834 4340 2105 4409 accipere.

520 4430 684 4485 llunc
733 4438 921 4485 autem
956 4446 1068 4484 non
1127 4429 1429 4496 videbant,
1481 4446 1610 4485 nam
1656 4430 1954 4487 invisibilis
1997 4440 2102 4499 est,

521 4520 785 4576 sensibile
818 4528 1004 4575 tamen
1041 4520 1190 4574 illius
1219 4519 1477 4576 eiiicaciat
1517 4528 1904 4591 argumentum
1940 4520 2107 4575 dabat

519 4598 825 4685 gratia..Et
846 4630 988 4671 unus
1017 4613 1240 4684 quidem
1284 4613 1581 4670 Persarum
1621 4612 1809 4685 lingua
1852 4611 2105 4682 protinus

2218 3438 2236 3471 ι
2282 3418 2436 3487 ἆγιον
2466 3417 2553 3471 ἐπ’
2583 3417 2802 3481 αὐτοὺς,
2839 3415 3067 3470 ἐλάλουν
3096 3431 3157 3468 τε
3180 3410 3507 3484 γλώσσαις,¹
3537 3413 3633 3467 καὶ
3668 3426 3788 3482 προ·

2217 3526 2235 3557 ι
2286 3507 2569 3575 εφήτευον.
2597 3501 2778 3560 ’Ἦσαν
2800 3504 2859 3558 δὲ
2898 3506 2947 3558 οι
2985 3504 3186 3568 πάντες
3240 3502 3432 3575 ἄνδρες
3491 3502 3630 3557 ὡσεὶ
3674 3501 3788 3555 δέκα

2220 3622 2236 3650 ι
2283 3599 2399 3656 δύο.
2437 3596 2708 3652 Εἰσελθὼν
2729 3597 2787 3652 δὲ
2817 3599 2897 3661 είς
2930 3598 3031 3667 τὴν
3067 3596 3415 3667 συναγωγὴν,
3462 3593 3788 3668 tacemus-

2220 3711 2237 3742 ι
2286 3691 2429 3757 ζετο,
2460 3691 2555 3743 ἐπὶ
2606 3691 2783 3761 μῆνας
2834 3691 2983 3760 τρεῖς
3031 3687 3413 3757 διαλεγόμενος
3460 3686 3561 3743 καὶ
3602 3686 3790 3740 πείθων

2220 3802 2237 3834 ι
2283 3781 2351 3836 τὰ
2378 3782 2508 3853 περὶ
2535 3784 2634 3853 τῆς
2669 3780 2952 3852 βασιλείας
2983 3779 3078 3834 τοῦ
3105 3778 3264 3835 θεοῦ.
3307 3798 3327 3832 ι

2295 3874 2431 3929 Ἀπὸ
2466 3874 2560 3928 τοῦ
2593 3874 2969 3947 βαπτίσματος
3022 3873 3271 3927 Ἰωάννου
3313 3889 3676 3944 προφητευει,
3705 3870 3790 3924 καὶ

2211 3968 2397 4038 ἐνάγει
2420 3968 2616 4032 αὐτοὺς
2631 3968 2713 4020 ὅτι
2735 3966 2893 4021 τοῦτο
2918 3966 3166 4036 βούλεται
3195 3965 3255 4019 τὸ
3288 3966 3586 4037 βάπτισμα
3618 3963 3786 4017 Ἰωὰν-

2212 4080 2327 4117 νου.
2375 4059 2656 4116 Ἐντεῦθεν
2685 4060 2741 4114 δὲ
2771 4060 3045 4114 δείκνυται
3073 4061 3156 4114 ὅτι
3189 4058 3384 4123 ἀτελὲς
3410 4053 3483 4129 ἦν
3513 4059 3577 4111 τὸ
3602 4058 3788 4129 βάπτι-

2213 4172 2327 4226 σμα
2365 4153 2633 4210 Ἰωάννου.
2669 4153 2745 4208 Οὐ
2781 4152 2892 4225 γὰρ
2919 4148 3074 4207 εἶπεν
3120 4151 3392 4221 ἀφέσεως,
3434 4151 3581 4205 ἀλλὰ
3630 4165 3788 4220 μετα-

2212 4247 2362 4310 νοίας
2384 4242 2545 4303 εἶναι.
2583 4241 2718 4301 Εἶτα
2744 4245 3142 4317 βαπτισθέντας
3189 4245 3391 4308 αὐτοὺς
3412 4244 3498 4308 εἰς
3533 4242 3595 4296 τὺ
3630 4243 3790 4311 ὄνομα

2209 4339 2305 4393 τοῦ
2336 4339 2562 4409 Κυρίου,
2596 4340 2763 4409 φησὶν
2800 4337 2906 4392 ὑπὸ
2953 4337 3063 4391 τῶν
3108 4335 3311 4409 χειρῶν
3341 4335 3566 4390 Παύλου
3598 4332 3790 4392 εὐθέως

2214 4431 2278 4486 τὸ
2313 4431 2540 4503 Πνεῦμα
2576 4427 3087 4500 λαμϐάνειν.Τοῦτο
3115 4428 3175 4481 δὲ
3203 4429 3302 4498 οὐχ
3325 4427 3553 4496 stirpem"
3575 4426 3793 4498 ἀόρατον

2209 4526 2321 4598 γάρ
2352 4523 2801 4595 ἐστιν.Αίσθητὸν
2831 4523 2886 4577 δὲ
2919 4523 3069 4593 ὅμως
3093 4521 3219 4576 τινὰ
3245 4521 3469 4591 ἔλεγχον
3499 4519 3676 4576 ἐδίδου
3701 4516 3792 4582 τῆς

2175 4635 2180 4640 ·
2207 4614 2489 4687 ἐνεργείας
2523 4614 2736 4685 ἐκείνης
2766 4615 2801 4684 ἡ
2830 4614 3009 4683 χάρις.
3056 4611 3168 4666 Καὶ
3196 4614 3224 4667 ὁ
3253 4611 3352 4682 μὲν
3377 4614 3442 4683 τῇ
3486 4608 3740 4682 Περσῶν,
3770 4607 3795 4659 ὁ

519 4708 872 4779 loquebatur,
914 4707 1053 4763 alter
1077 4715 1260 4763 autem
1301 4707 1697 4770 Romanorum,
1734 4706 1931 4769 tertius
1966 4720 2100 4759 vero

2218 4708 2262 4762 Βὲ
2285 4710 2351 4778 τῇ
2391 4707 2701 4778 Ῥωμαίων,
2728 4706 2758 4758 ὁ
2786 4705 2843 4759 δὲ
2867 4707 2934 4776 τῇ
2972 4704 3170 4773 Ἰνδῶν,
3199 4707 3226 4759 ὁ
3251 4704 3308 4758 δὲ
3346 4704 3518 4776 ἑτέρᾳ
3543 4703 3650 4756 τινὶ
3681 4719 3790 4755 τοι-

518 4802 801 4866 lndorum.
853 4814 908 4859 et
955 4803 1101 4857 alius
1148 4800 1405 4855 similiter
1450 4799 1556 4853 alia
1598 4798 1874 4869 quadam:
1931 4797 2099 4868 idque

2218 4800 2349 4874 κύτη
2376 4800 2579 4865 εὐθέως
2600 4800 2901 4870 ἐφθέγγετο
2929 4798 3176 4871 γλώσσῃ.
3207 4799 3317 4853 Καὶ
3338 4797 3508 4853 τοῦτο
3533 4797 3796 4867 ἐφανέρου

516 4896 760 4950 externis
788 4894 1107 4965 propalabat
1130 4891 1396 4961 Spiritum
1428 4891 1483 4946 in
1524 4906 1590 4945 eo
1612 4905 1756 4955 esse,
1788 4889 1880 4960 qui
1903 4889 2099 4960 loque~

2218 4897 2318 4959 τοῖς
2351 4893 2574 4962 ἔξωθεν,
2611 4895 2693 4948 ὅτι
2721 4894 2783 4947 τὸ
2816 4891 3045 4962 Πνεῦμά
3075 4893 3223 4947 ἐστιν
3251 4892 3311 4944 ὲν
3340 4891 3495 4961 αὐτῷ
3524 4890 3606 4960 τῷ
3638 4889 3793 4960 φθεγο

518 4993 681 5042 batur
701 5006 725 5041 :.
770 4987 1095 5042 ostendente
1138 4986 1263 5040 Deo
1292 4984 1441 5055 quod
1472 4983 1711 5054 Spiritus
1741 4982 1973 5039 haberet
2006 4982 2097 5038 hic

2218 4989 2445 5059 γομένῳ,
2473 4986 2687 5048 δεικνὺς
2715 4987 2744 5040 ὁ
2790 4984 2924 5049 Θεὸς
2952 4984 3035 5038 ὅτι
3067 4983 3224 5037 τοῦτό
3266 4983 3382 5038 ἐστι
3412 4984 3517 5054 τῆς
3550 4980 3795 5050 ἐξουσίας

516 5083 767 5137 intimam
800 5087 1153 5149 potestatem.
1470 5125 1485 5138 ,

2218 5082 2305 5149 τῆς
2340 5078 2624 5138 ἀνωτάτω.

583 5173 916 5235 XIX..9.10.
957 5193 976 5225 ι
1010 5172 1151 5228 Cum
1191 5182 1376 5228 autem
1428 5172 1649 5243 quidam
1698 5171 2093 5227 indurarentur

2282 5190 2303 5224 ι
2354 5169 2442 5234 Ὦς
2478 5169 2537 5224 δέ
2563 5185 2706 5233 τινες
2736 5169 3132 5241 ἐσκληρύνοντο
3165 5166 3261 5221 καὶ
3293 5166 3602 5237 ἠπείθουν,
3633 5182 3793 5221 κακοο

519 5290 537 5319 ς
568 5284 671 5323 nec
726 5265 1040 5329 crederent,
1074 5265 1471 5321 maledicentes
1512 5265 1616 5319 via:
1649 5262 1866 5319 Domini
1906 5276 2092 5319 coram

518 5385 534 5412 ο
566 5360 941 5429 multitudine,
963 5359 1242 5432 digressus
1270 5360 1340 5414 ab
1372 5359 1480 5413 illis
1512 5357 1820 5429 segregavit
1845 5356 2092 5427 discipu-

517 5476 533 5505 ι
565 5455 669 5520 los,
691 5453 939 5524 quotidie
956 5453 1248 5524 disputans
1264 5452 1319 5506 in
1337 5451 1527 5508 schola
1539 5450 1822 5522 cujusdam
1850 5448 2086 5521 tyranni.

514 5568 531 5596 ι
570 5547 752 5617 ldqne‘
777 5546 984 5600 factum
1018 5556 1105 5600 est
1140 5560 1236 5616 per
1286 5544 1617 5599 biennium:
1668 5543 1745 5598 ita
1790 5551 1853 5597 ut
1897 5556 2091 5596 omnes

514 5664 530 5689 ο
569 5639 662 5709 qui
699 5639 1025 5694 habitabant
1058 5640 1111 5693 in
1167 5639 1297 5693 Asia
1344 5636 1602 5693 audirent
1653 5649 1965 5691 sermonem
2022 5633 2090 5688 de

513 5753 533 5782 σ
572 5733 801 5787 Domino
822 5733 972 5796 Jesu,
995 5732 1170 5788 Judzni
1190 5733 1350 5787 simul
1376 5731 1663 5787 etC-neci-
1688 5749 1703 5779 ι

583 5841 601 5872 σ
636 5822 1026 5878 Maledicentes
1068 5824 1188 5877 τῖλε.
1218 5842 1234 5874 ι
1288 5824 1443 5878 Viam
1488 5822 1625 5877 dicit
1657 5820 1939 5877 Christum
1991 5828 2089 5873 aut

2210 5288 2230 5322 ‹
2273 5264 2559 5336 λογοῦντες
2589 5264 2688 5336 τὴν
2720 5262 2836 5317 ὁδὸν
2867 5263 3098 5317 ἐνώπιον
3123 5260 3216 5314 τοῦ
3256 5260 3525 5332 πλήθους,
3553 5260 3795 5320 ἀποστὰς

2209 5378 2227 5410 ι
2275 5358 2369 5413 ἀπ’
2409 5355 2610 5421 αὐτῶν,
2643 5354 2889 5425 ἀφώρισε
2929 5354 3056 5417 τοὺς
3101 5350 3372 5424 μαθητὰς,
3413 5345 3549 5406 καθ’
3588 5351 3795 5425 ἡμέραν

2209 5475 2227 5507 ι
2273 5450 2652 5521 διαλεγόμενος
2695 5450 2752 5501 ἐν
2780 5450 2843 5519 τῇ
2887 5448 3051 5518 σχολῇ
3099 5446 3367 5516 τυράννου
3410 5447 3590 5511 τινός.
3629 5445 3795 5499 Τοῦτο

2208 5567 2225 5600 ι
2267 5547 2324 5601 δὲ
2365 5545 2582 5613 ἐγένετο
2607 5542 2701 5595 ἐπὶ
2731 5541 2841 5613 ἔτηΔ
2866 5541 2991 5596 δύοο
3013 5523 3159 5595 ὥστε
3191 5543 3398 5605 πάντας
3428 5541 3572 5605 τοὺς
3618 5555 3794 5594 κατοι-

2207 5660 2224 5691 ι
2267 5639 2498 5702 κοῦντας
2523 5636 2617 5708 τὴν
2659 5636 2865 5699 Ἀσίαν,
2897 5636 3133 5691 ἀκοῦσαι
3160 5638 3251 5692 τὸν
3272 5638 3428 5706 λόγον
3453 5635 3557 5689 τοῦ
3590 5634 3793 5705 Κυρίου

2206 5754 2224 5786 ι
2267 5730 2466 5801 Ἰησοῦ,
2510 5729 2793 5791 Ἰουδαίους
2818 5746 2877 5781 τε
2912 5731 3006 5783 καὶ
3040 5731 3329 5801 Ἕλληνας.
3376 5748 3392 5780 ι
3722 5781 3726 5784 .

2275 5828 2299 5871 ι’
2334 5817 2775 5886 Κακολογοῦντες
2816 5818 2917 5889 τὴν
2962 5820 3100 5874 ὁδόν.
3145 5840 3164 5873 ι
3208 5822 3279 5874 Ἢ
3316 5820 3434 5874 ὁδὸν
3501 5819 3662 5888 λέγει
3709 5816 3797 5869 τὶν

567 5962 639 6023 (1)
670 5963 808 6012 Unde
830 5966 936 6011 haec
959 5961 1185 6011 habuerit
1217 5960 1516 6012 lieinlenius
1541 5960 1795 6023 interpres
1837 5973 1933 6010 non
1961 5940 2201 6008 videmus.
2230 5956 2395 6004 [πίοι-ει
2425 5968 2449 6003 εδ
2484 5950 2690 6015 regione
2719 5949 2877 6014 posita
2925 5966 3023 6003 non
3050 5953 3353 6015 respondent
3386 5954 3441 6002 et
3467 5951 3581 6014 jam
3621 5949 3806 6016 pagina

510 6023 756 6091 superiori
782 6029 1037 6077 locuntur.
1068 6024 1205 6075 Ευιτ.
