4024 6584
355 480 466 577 2m

1327 480 1712 543 COMMENT.
1761 482 1845 544 IN
1900 483 2087 544 ACTA
2128 443 2707 547 APOSTOLORUM.

3504 483 3613 547 250

350 590 612 662 Χριστὸν,
642 589 675 662 ἥ
705 589 804 662 τὴν
830 589 1013 644 πίστιν
1046 589 1143 664 τὴν
1180 590 1372 663 ἀληθῆ.
1396 592 1543 665 Αὕτη
1578 593 1685 666 γάρ
1716 595 1863 647 ἐστιν
1894 595 1926 662 ἡ

2048 594 2193 649 idem
2226 612 2409 650 veram
2447 614 2460 648 ι
2511 612 2639 650 nam
2674 595 2790 650 hac
2820 593 2904 649 via
2948 601 3054 657 est.
3108 609 3230 665 quae
3281 591 3506 650 deducit
3546 596 3617 651 ad

352 685 471 746 ὁδὸς
500 684 534 754 ἡ
580 683 869 752 ἀπάγουσα
919 685 999 749 είς
1044 684 1141 756 τὴν
1193 685 1471 759 βασιλείαν
1510 687 1620 739 τῶν
1665 687 1929 759 οὐρανῶν.

366 774 652 828 Ἐντεῦθεν
681 775 739 829 δὲ
776 774 1021 829 διδάσκει
1056 777 1227 847 ἡμᾶς,
1269 778 1376 830 ἀπὸ
1404 779 1511 832 τῶν
1549 779 1934 850 βλασφημούν-

350 884 465 920 των
500 867 592 922 τδν
621 866 749 921 Υίδν
791 868 886 921 τοῦ
925 867 1060 922 Θεοῦ
1108 869 1439 941 χωρίζεσθαι
1496 871 1623 935 τοὺς
1664 875 1744 938 εἰς
1773 873 1935 927 αὐτὸν

353 974 738 1024 πιστεύοντας.

429 1071 450 1103 ‹
481 1052 753 1123 Δυνάμεις
780 1070 841 1106 τε
868 1054 929 1107 ού
962 1054 1061 1119 τὰς
1097 1055 1365 1125 τυχούσας
1395 1056 1621 1112 ἐποίειό
1665 1059 1797 1123 Θεὸς
1847 1058 1938 1114 διὰ

362 1162 380 1195 ι
425 1144 539 1197 τῶν
561 1146 762 1217 χειρῶν
780 1147 1014 1201 ῐίαύλουο
1033 1147 1175 1202 ὥστε
1192 1151 1286 1203 καὶ
1304 1149 1395 1203 ἐπὶ
1425 1151 1551 1215 τοὺς
1576 1150 1937 1217 ἀσθενοῦντας

363 1257 381 1287 ι
427 1238 796 1309 ἐπιφέρεσθαι
820 1241 928 1293 ἀπὸ
955 1241 1051 1295 τοῦ
1070 1243 1279 1313 χρωτὸς
1297 1244 1463 1296 αὑτοῦ
1488 1244 1767 1317 σουδάρια,
1791 1245 1824 1316 ἢ
1852 1262 1937 1298 σιο-

362 1350 380 1380 ι
430 1331 700 1400 μικίνθια,
724 1333 817 1386 καὶ
836 1334 1281 1390 ἀπαλλάσσεσθαι
1300 1339 1394 1390 ἀπ’
1415 1339 1593 1392 αὐτῶν
1614 1340 1708 1401 τὰς
1727 1340 1936 1405 νόσους,

361 1440 381 1471 ι
436 1421 583 1475 τάτε
607 1423 895 1495 πνεύματα
913 1425 983 1480 τὰ
1000 1428 1213 1498 πονηρὰ
1230 1430 1548 1501 ὲξέρχεσθαι
1569 1431 1662 1486 ἀπ’
1685 1433 1884 1487 αὐτῶν.
1914 1452 1932 1485 ι

432 1532 454 1564 ι
485 1513 752 1587 Σουδάρια
781 1518 875 1571 καὶ
920 1519 1243 1590 σιμικίνθια.
1301 1541 1321 1573 ι
1356 1523 1670 1595 Ἀμφότεροι
1727 1501 1943 1595 νομίζω

352 1605 592 1679 λινοειδῆ
630 1603 771 1664 εἶναι
791 1624 807 1641 ·
834 1610 973 1683 πλὴν
990 1614 1057 1667 τὰ
1094 1616 1193 1684 μέν
1227 1616 1486 1687 σουδάρια
1511 1618 1605 1671 ἐπὶ
1638 1620 1736 1689 τῆς
1767 1636 1940 1687 κεφα-

353 1697 458 1769 λῆς
492 1701 866 1770 ὲπιὸάλλεται,
894 1705 963 1758 τὰ
988 1706 1044 1759 δὲ
1075 1707 1377 1777 σιμικίνθια
1407 1709 1463 1762 ἐν
1481 1711 1595 1773 ταῖς
1622 1710 1779 1780 χερσὶ
1804 1727 1953 1775 κατ-ν

354 1798 582 1861 έχουσιν
617 1795 667 1847 οί
700 1794 775 1867 μὴ
824 1796 1113 1868 δυνάμενοι
1151 1800 1365 1872 ώράρια
1398 1801 1648 1870 φορέσαι,
1672 1796 1775 1854 οἷοί
1800 1804 1938 1857 εἰσιν

349 1883 402 1934 οἱ
429 1882 728 1954 φοροῦντες
755 1886 1028 1952 ὑπατικὰς
1059 1890 1249 1955 στολὰς
1274 1892 1307 1962 ἢ
1340 1892 1533 1960 γουϐία
1555 1894 1691 1963 πρὸς
1714 1894 1773 1948 τὸ
1805 1896 1940 1948 ἀπο-

2040 704 2269 758 regnum
2298 690 2585 743 etelorum.
2624 688 2763 742 Hinc
2784 695 2966 741 autem
2992 685 3155 741 docet
3176 700 3295 748 nos,
3335 690 3394 739 ut
3430 685 3500 740 ab
3526 685 3616 751 iis,

2036 782 2129 851 qui
2165 780 2412 836 convicia
2440 783 2649 849 jactant
2682 781 2735 835 in
2759 780 2957 835 Filium
2979 779 3113 851 lDei,
3169 789 3495 850 separemur
3520 780 3616 850 qui

2037 873 2092 928 in
2121 889 2247 928 eum
2284 874 2539 930 credunt.

2106 1050 2250 1117 XIX,
2282 1054 2367 1118 ll,
2416 1054 2501 1108 l2.
2545 1070 2563 1105 ι
2599 1054 2957 1123 Virtutesque
2995 1067 3104 1108 non
3137 1052 3393 1124 vulgares
3417 1050 3619 1107 edebat

2045 1166 2062 1198 ι
2098 1146 2245 1201 Deus
2277 1162 2375 1217 per
2400 1162 2596 1202 manus
2618 1146 2812 1201 Pauli:
2861 1147 2936 1200 ita
2979 1155 3038 1200 ut
3079 1146 3245 1201 etiam
3273 1161 3440 1216 super
3465 1144 3621 1199 inﬁr-

2044 1259 2062 1292 ι
2094 1255 2211 1296 mos
2240 1239 2592 1297 deferrentur
2614 1257 2645 1295 a
2677 1255 2913 1310 corpore
2944 1241 3066 1312 ejus
3090 1239 3314 1293 sudaria
3356 1246 3412 1294 et
3457 1237 3620 1303 semi-

2046 1351 2064 1384 ι
2101 1333 2324 1400 cinctia,
2342 1346 2399 1389 et
2418 1335 2680 1391 cederent
2704 1333 2861 1407 145
2883 1335 2951 1389 ab
2967 1333 3048 1390 cis
3061 1333 3262 1399 morbi,
3280 1332 3621 1406 spiritusque

2046 1445 2063 1477 ι
2102 1428 2252 1497 pravi
2278 1427 2685 1497 egrederemur
2718 1428 2787 1483 ab
2815 1427 2917 1483 eis.
2952 1447 2972 1480 ι
3134 1426 3147 1438 ⁸
3380 1426 3381 1429 “

2119 1541 2137 1572 ι
2176 1520 2408 1575 Sudaria
2464 1530 2520 1576 et
2582 1519 2948 1575 semicinctia.
2983 1538 3001 1571 ι
3064 1519 3308 1589 Utraque
3363 1519 3621 1574 existimo

2038 1612 2168 1668 linei
2194 1613 2412 1684 generis
2438 1611 2643 1667 fuisse:
2673 1620 2912 1667 attamen
2948 1610 3171 1667 sudaria
3204 1610 3427 1681 quidem
3454 1627 3620 1680 super

2040 1713 2204 1775 caput
2258 1705 2602 1770 tenduntur,
2654 1704 2999 1759 semicinctia
3053 1718 3187 1759 vero
3246 1703 3304 1756 iu
3365 1701 3623 1757 manibus

2042 1806 2230 1853 tenent
2266 1798 2361 1868 qui
2385 1796 2602 1853 horaria
2631 1806 2847 1868 gestare
2869 1812 2980 1851 non
3002 1804 3255 1866 possunt,
3278 1794 3453 1850 veluti
3491 1803 3622 1849 sunt

2041 1892 2137 1961 qui
2163 1892 2482 1948 consulares
2517 1900 2733 1960 gestant
2777 1891 2943 1947 stolas
2971 1898 3067 1944 aut
3098 1889 3260 1959 gubia
3298 1888 3368 1943 ad
3406 1887 3622 1944 abster-

355 1977 663 2044 μάττεσθαι
690 1980 791 2045 τὰς
818 1982 1122 2053 ὑγρότητας
1147 1984 1241 2037 τοῦ
1267 1984 1581 2056 προσώπου,
1605 1981 1737 2054 οἷον,
1779 1986 1938 2057 ἱδρῶ-

2048 1984 2252 2055 gendos
2276 2001 2308 2040 a
2338 1985 2475 2040 facie
2506 1985 2790 2052 humores,
2838 1998 3035 2053 nempe
3073 1982 3327 2045 sudores,
3364 1980 3619 2043 salivam,

349 2085 480 2138 τας,
511 2066 762 2141 πτύελον,
803 2075 1055 2146 δάκρυον,
1088 2077 1183 2130 καὶ
1214 2079 1283 2132 τὰ
1315 2080 1494 2150 ὃμοια.

437 2181 460 2215 c
507 2165 906 2240 Ἐπεχείρησαν
936 2168 993 2221 δέ
1019 2185 1164 2232 τινες
1214 2169 1323 2225 ἀπὸ
1356 2170 1465 2224 τῶν
1497 2171 1937 2244 περιερχομένων

355 2274 375 2305 ι
417 2255 694 2310 Ἰουδαίων
728 2258 1082 2329 ἐξορκιστῶν,
1111 2259 1399 2331 ὀνομάζειν
1437 2261 1531 2315 ἐπὶ
1561 2263 1690 2326 τοὺς
1715 2262 1937 2333 ἔχοντας

356 2363 377 2394 ι
422 2344 494 2397 τὰ
518 2345 806 2417 πνεύματα
829 2347 897 2401 τά
924 2348 1154 2420 πονηρὰ,
1184 2350 1244 2404 τὸ
1263 2351 1433 2421 ὄνομα
1461 2352 1555 2406 τοῦ
1591 2353 1796 2425 Κυρίου
1831 2354 1937 2425 Ἰη·

358 2453 380 2486 ε
422 2435 549 2500 σοῦ,
582 2436 858 2506 λέγοντες·
896 2440 1218 2512 Ὀρκίζομεν
1241 2443 1384 2512 ὑμᾶς
1440 2444 1532 2498 τὸν
1563 2443 1789 2516 Ἰησοῦν,
1820 2445 1878 2498 ὃν
1908 2444 1936 2496 ὁ

358 2546 377 2575 ι
419 2526 635 2591 Παῦλος
665 2530 948 2600 κηρύσσει.
971 2527 1155 2588 Ἦσαν
1178 2534 1235 2587 δέ
1268 2553 1411 2600 τινες
1458 2537 1566 2590 υἱοὶ
1590 2540 1771 2593 Σκευᾶ
1800 2539 1931 2593 Ἰου-

359 2639 379 2669 ι
427 2621 582 2675 δαίου
605 2624 907 2697 ἀρχιερέως
937 2629 1095 2696 ἑπτὰ,
1134 2631 1183 2683 οί
1231 2630 1390 2684 τοῦτο
1428 2633 1727 2692 ποιοῦντες.
1780 2634 1950 2687 Ἀπο-’

318 2731 378 2789 ἡ(
421 2715 613 2783 κριθὲν
638 2717 694 2770 δὲ
728 2718 789 2772 τὸ
814 2720 1034 2792 πνεῦμα
1075 2724 1137 2777 τὸ
1196 2724 1449 2794 πονηρὸν,
1482 2721 1604 2778 εἷπε
1626 2742 1640 2755 ·
1675 2727 1777 2781 Τὸν
1827 2729 1936 2797 ’1η-

352 2821 375 2855 σ
425 2803 554 2858 σοῦν
584 2806 856 2874 γινώσκω,
883 2811 1091 2865 καὶτὸν
1143 2813 1352 2865 Παῦλον
1396 2815 1715 2885 ἐπίσταμαι,
1777 2816 1937 2883 ὑμεῖς

354 2913 378 2944 α
423 2895 482 2948 δὲ
503 2897 647 2963 τίνες
669 2899 829 2967 ἐστέ;
863 2903 968 2955 Καὶ
1014 2903 1374 2973 ἐφαλλόμενος
1408 2905 1496 2959 ἐπ’
1557 2909 1754 2972 αὐτοὺς
1788 2911 1816 2962 δ
1844 2909 1936 2964 ἇν-

355 3006 379 3038 ἰ
419 2988 640 3058 θρωπος
664 2993 721 3044 ἐν
745 2984 789 3059 ᾧ
813 2988 880 3063 ἦν
901 2994 961 3047 τὸ
982 2994 1202 3065 πνεῦμα
1232 2997 1293 3050 τὸ
1344 2998 1604 3070 πονηρὸν,
1638 3001 1729 3055 καὶ
1761 3018 1934 3056 κατα-

357 3098 381 3129 σ
424 3080 722 3151 κυριεύσας
754 3083 967 3151 αὐτῶν,
1015 3085 1232 3155 ἴσχυσεν
1278 3087 1365 3142 ἐπ’
1412 3089 1610 3156 αὐτῶν,
1652 3089 1792 3144 ώστε
1842 3109 1939 3160 γυ-

358 3190 381 3220 σ
437 3171 606 3238 μνοὺς
649 3172 745 3227 καὶ
772 3178 1345 3247 τετραυματισμένους
1375 3180 1634 3248 ἐκφυγεῖν
1658 3181 1721 3233 ὲκ
1741 3179 1834 3234 τοῦ
1862 3182 1937 3235 of-

360 3280 384 3312 ι
426 3279 526 3315 κου
582 3264 812 3321 ἐκείνου.
880 3267 1051 3321 Τοῦτο
1098 3269 1155 3321 δὲ
1198 3270 1414 3338 ἐγένετο
1464 3271 1702 3339 γνωστὸν
1769 3274 1936 3327 πᾶσιν

361 3374 386 3405 ο
428 3354 704 3420 Ἰουδαίοις
749 3376 811 3411 τε
870 3360 964 3414 καὶ
1026 3361 1253 3432 Ἕλλησι
1312 3366 1426 3428 τοῖς
1483 3362 1794 3417 κατοικοῦσι
1844 3366 1938 3435 τὴν

2054 3394 2071 3427 ι
2112 3372 2437 3428 habitabant
2500 3365 2706 3437 Ephesi

363 3467 386 3497 σ
429 3449 682 3516 Ἔφεσον.
710 3451 822 3505 Καὶ
844 3452 1081 3507 ἐπέπεσε
1115 3455 1279 3525 φόϐος
1309 3457 1403 3510 ἐπὶ
1462 3458 1672 3523 πάντας
1720 3459 1941 3523 αὐτοὺς,

365 3561 389 3592 σ
430 3543 523 3596 καὶ
545 3542 909 3612 ἐμεγαλύνετο
939 3544 1000 3599 τδ
1027 3546 1198 3617 ὄνομα
1220 3547 1313 3600 τοῦ
1339 3549 1542 3620 Κυρίου
1573 3549 1772 3619 Ἰησοῦ.
1809 3571 1827 3604 ι

437 3653 458 3685 ι
500 3635 776 3689 ἰουδαίων
806 3636 1158 3708 ἐξορκιστῶν.
1207 3657 1225 3690 ι
1255 3639 1402 3710 Αὐτὴ
1431 3643 1462 3710 ἡ
1498 3640 1642 3706 λέξις
1663 3642 1938 3698 δείκνυσιν

361 3726 451 3778 ὅτι
503 3727 602 3796 οὐχ
656 3726 732 3791 ώς
780 3729 1126 3794 πιστεύοντες
1157 3731 1234 3803 τῷ
1297 3733 1474 3804 Ἰησοῦ
1538 3736 1587 3788 οἱ
1635 3737 1944 3808 ἐξορκισταὶ

360 3818 665 3890 ἐξώρκιζον
689 3820 755 3873 τὰ
783 3821 1069 3893 ἀκάθαρτα
1120 3827 1425 3895 πνεύματα
1451 3828 1528 3900 τῷ
1577 3830 1800 3900 ὀνόματι
1846 3831 1941 3885 τοῦ

360 3914 599 3983 Κυρίου,
650 3913 788 3967 ἀλλὰ
842 3913 1213 3986 πειράζοντες.
1238 3916 1316 3972 Δι’
1353 3918 1381 3971 ὃ
1409 3921 1502 3974 καὶ
1540 3922 1612 3986 ὡς
1661 3922 1735 3993 μὴ
1787 3923 1940 3987 ὄντες

360 4006 572 4071 πιστοὶ,
600 4005 675 4069 ὡς
702 4006 763 4061 τὸ
791 4007 1097 4079 ἀκάθαρτον
1130 4008 1346 4077 πνεῦμά
1374 4029 1528 4081 φησι,
1587 4016 1685 4081 τῆς
1729 4031 1940 4082 προπε-

361 4099 518 4160 τείας
548 4096 816 4151 δεδώκασι
846 4099 980 4169 πρὸς
1007 4099 1187 4170 ὀλίγον
1208 4101 1383 4173 δίκην.
1415 4102 1670 4175 Διήλεγξε
1702 4105 1810 4178 γὰρ
1839 4106 1938 4157 αύ-

359 4194 514 4255 τοῦς,
545 4192 641 4244 καὶ
663 4189 760 4262 τὴν
789 4191 994 4262 σκηνὴν
1023 4192 1203 4247 αὐτῶν
1233 4194 1475 4265 φανερὰν
1528 4195 1752 4264 ἐποίησε
1811 4198 1941 4266 σφό-

361 4284 471 4356 δρα
495 4285 769 4354 θυμωθεὶς
791 4286 819 4339 ὁ
849 4283 1076 4355 δαίμων,
1113 4284 1189 4350 ώς
1212 4285 1277 4338 ἂν
1304 4286 1357 4340 εί
1380 4304 1463 4348 τις
1494 4290 1621 4358 περὶ
1653 4288 1758 4340 τῶν
1784 4290 1942 4359 ἐσχά-

361 4394 474 4431 των
505 4376 838 4431 κινδυνεύων
873 4376 979 4431 ὑπό
1011 4394 1157 4442 τινος
1192 4377 1391 4450 ἐχθροῦ
1444 4377 1791 4449 διελέγχοιτο,
1839 4382 1936 4435 καὶ

363 4468 544 4539 πάντα
571 4470 650 4533 εἰς
679 4471 886 4525 ἐκεῖνον
911 4471 1126 4540 ἀφεῖναι
1149 4469 1390 4541 βούλοιτο
1419 4470 1505 4524 τὸν
1538 4470 1728 4541 θυμόν.

438 4581 459 4610 σ
490 4561 684 4613 Πολλοί
717 4578 774 4614 τε
803 4561 910 4615 τῶν
944 4561 1389 4617 πεπιστευκότων
1426 4563 1658 4634 ἡρχοντο
1685 4562 1936 4634 ἐξομολοσ

2042 2077 2331 2147 lacrymas,
2365 2092 2431 2132 ac
2452 2076 2674 2133 similia.

2118 2193 2139 2227 ι
2183 2169 2328 2236 XIX,
2372 2170 2559 2226 15-17.
2618 2168 2993 2226 Tentaverunt
3042 2173 3228 2221 autem
3273 2162 3500 2234 quidam
3554 2175 3623 2217 ex

2048 2285 2067 2318 ι
2109 2262 2589 2323 circumeuntibus
2626 2260 2830 2317 Iudaeis
2871 2257 3184 2324 exorcistis,
3222 2257 3482 2311 invocare
3525 2270 3618 2309 suv

2047 2378 2066 2412 ι
2111 2374 2211 2430 per
2257 2373 2353 2413 eos
2415 2355 2508 2426 qui
2566 2369 2769 2425 pravos
2817 2353 3098 2407 habebant
3144 2350 3396 2421 spiritus,
3420 2361 3622 2402 nomen

2049 2472 2066 2504 ς
2110 2449 2327 2505 Domini
2382 2448 2556 2513 .Jesu,
2611 2446 2861 2502 dicentes
2912 2462 2925 2498 :
2983 2442 3320 2513 Adjuramus
3368 2453 3470 2492 vos
3528 2452 3626 2506 per

2049 2564 2066 2595 ι
2112 2542 2338 2607 Jesum,
2406 2554 2571 2610 quem
2628 2539 2832 2593 Paulus
2890 2536 3167 2606 praedicat.
3219 2534 3391 2587 Erant
3439 2535 3622 2586 autem

2049 2654 2067 2686 ι
2107 2635 2330 2707 quidam
2372 2633 2468 2688 filii
2516 2630 2700 2688 Scevte
2745 2627 2918 2684 Judaei
2965 2624 3235 2697 principis
3278 2619 3624 2677 sacerdotum

2049 2742 2068 2776 ι
2109 2733 2345 2793 septem,
2381 2721 2477 2792 qui
2528 2722 2632 2775 hoc
2676 2718 2972 2774 faciebant.
3028 2713 3392 2785 Respondeas
3439 2718 3624 2765 autem

2049 2839 2067 2870 ι
2111 2818 2343 2889 spiritus
2388 2817 2588 2880 malus,
2642 2812 2782 2868 dixit
2818 2832 2830 2865 :
2863 2811 3052 2867 Jesum
3097 2807 3248 2872 novi,
3295 2814 3350 2860 et
3398 2803 3626 2858 Paulum
3700 2860 3701 2869 χ

2049 2931 2067 2963 ι
2109 2909 2246 2975 scio,
2290 2924 2389 2964 vos
2439 2915 2623 2963 autem
2671 2905 2894 2976 quinam
2940 2900 3113 2956 estis?
3151 2900 3221 2954 Et
3272 2895 3522 2951 insiliens
3572 2893 3626 2947 in

2048 3024 2067 3057 ι
2107 3018 2204 3059 eos
2244 3003 2408 3057 homo
2441 3001 2495 3055 in
2530 3015 2642 3070 quo
2671 3007 2793 3054 erat
2821 2996 3048 3066 spiritus
3074 2982 3272 3055 malus,
3303 2988 3494 3058 eisque
3523 2985 3627 3039 do-

2051 3119 2069 3153 ι
2114 3099 2378 3162 minatus,
2408 3094 2642 3150 invaluit
2670 3098 2865 3147 contra
2889 3103 3005 3151 eos,
3040 3087 3114 3141 ita
3146 3094 3208 3139 ut
3243 3081 3380 3137 nudi
3409 3088 3467 3135 et
3503 3076 3627 3132 vul»

2050 3212 2065 3243 ι
2113 3191 2298 3247 nerati
2325 3187 2637 3257 effugerent
2678 3182 2747 3238 de
2774 3181 2941 3237 domo
2964 3178 3077 3233 illa.
3106 3175 3223 3231 lioc
3242 3180 3436 3226 autem
3464 3168 3630 3257 innof

2050 3302 2068 3333 ‹
2116 3281 2221 3337 tuit
2289 3253 2550 3333 omnibus
2623 3270 2830 3328 Iudaeis
2900 3265 3065 3323 simul
3132 3271 3191 3318 et
3262 3257 3465 3316 Graecis
3533 3253 3628 3324 qui

2783 3380 2798 3417 :
2866 3358 3179 3427 ceciditque
3227 3354 3394 3408 timor
3462 3364 3630 3418 super

2052 3483 2071 3515 ι
2106 3477 2306 3518 omnes
2355 3460 2501 3524 illos,
2548 3436 2614 3512 ac
2660 3448 3118 3524 magnificabatur
3161 3457 3368 3500 nomen
3409 3436 3629 3509 Domini

2049 3754 2161 3794 non
2194 3747 2458 3806 tanquam
2484 3733 2774 3789 exorcistae
2806 3728 2861 3783 in
2891 3727 3079 3783 Iesum
3106 3719 3419 3785 credentes,
3447 3714 3631 3806 impu-

2043 3847 2136 3888 ros
2180 3830 2411 3901 spiritus
2460 3825 2791 3897 adjurabant
2838 3821 2896 3875 in
2940 3816 3163 3873 nomine
3209 3808 3470 3872 Domini,
3525 3805 3623 3862 sed

2045 3931 2320 3980 tentantes
2363 3938 2378 3974 :
2414 3927 2640 3991 propter
2679 3913 2828 3986 quod
2865 3911 3056 3973 etiam.
3090 3922 3217 3963 cum
3271 3902 3464 3958 fideles
3515 3914 3629 3953 non

2043 4023 2253 4076 essent,
2286 3990 2431 4069 sicut
2477 4011 2731 4080 impurus
2760 4004 2991 4075 spiritus
3020 4000 3176 4064 dicit,
3205 4012 3319 4052 suae
3354 3990 3634 4049 temerita-

2044 4109 2118 4164 tis
2145 4105 2299 4162 brevi
2327 4117 2518 4174 paenas
2546 4099 2842 4155 dederunt.
2871 4090 3192 4150 Confutavit
3218 4088 3366 4143 enim
3396 4085 3541 4148 illos,
3568 4096 3633 4135 ac

2042 4198 2294 4256 fraudem
2340 4209 2531 4251 eorum
2580 4199 2826 4261 apertam
2871 4183 3096 4240 omnino
3140 4179 3271 4235 fecit
3324 4182 3635 4231 commotus

2042 4292 2125 4347 ira
2152 4289 2384 4362 spiritus
2416 4305 2430 4342 :
2460 4284 2630 4340 veluti
2666 4282 2712 4337 si
2746 4278 2874 4350 quis
2908 4274 3122 4346 positus
3161 4271 3218 4325 in
3248 4265 3515 4326 extremis
3540 4278 3637 4362 pe-

2042 4385 2235 4440 riculis
2274 4382 2344 4437 ab
2389 4381 2577 4449 aliquo
2620 4374 2847 4431 inimico
2883 4374 3173 4442 arguatur,
3205 4372 3537 4430 omnemque
3577 4355 3633 4409 in

2041 4478 2195 4533 illum
2224 4474 2512 4531 effundere
2542 4471 2672 4526 velit
2694 4469 2959 4523 furorem.

2121 4589 2139 4622 ι
2176 4568 2329 4632 XIX,
2382 4565 2571 4620 l8-Zd.
2621 4560 2888 4629 Multique
2937 4552 3285 4611 credentium
3333 4545 3634 4602 veniebant

367 4670 386 4702 ι
424 4652 683 4722 γούμενοι
715 4654 810 4707 καλ⁵
838 4654 1261 4723 ἀναγγέλλοντες
1310 4655 1409 4719 τὰς
1454 4656 1683 4727 πράξεις
1735 4658 1933 4711 αὐτῶν.

2050 4678 2067 4711 ι
2115 4658 2505 4724 eonfirmantcs
2565 4664 2622 4710 et
2679 4650 3077 4707 annuntiantes
3123 4644 3267 4699 facta
3314 4654 3433 4694 sua.
3476 4635 3633 4691 Multi

366 4763 385 4794 ι
431 4743 634 4798 Ἱκανολ¹
664 4744 720 4798 δὲ
743 4744 850 4798 τῶν
876 4746 943 4800 τὰ
972 4747 1242 4820 περίεργα
1270 4746 1620 4819 πραξάντων,
1680 4749 1935 4818 συνενέγ-

366 4855 386 4887 ‹
426 4853 622 4900 καντες
678 4837 775 4901 τὰς
804 4837 1016 4909 βίϐλους
1038 4840 1327 4894 κατέκαιον
1381 4840 1610 4893 ἐνώπιον
1673 4841 1889 4896 πάντων
1920 4857 1936 4872 ·

362 4945 383 4976 «
426 4928 526 4980 καὶ
556 4926 927 4997 συνεψήφισαν
949 4930 1046 4991 τὰς
1070 4929 1239 4999 τιμὰς,
1273 4928 1475 4995 αὐτῶν,
1503 4930 1595 4982 καὶ
1656 4922 1812 5001 εὗρον
1841 4930 1939 4999 ἀρ-

366 5038 384 5069 ι
428 5018 622 5090 γυρίου
652 5021 917 5091 μυριάδας
945 5020 1125 5074 πέντε.
1158 5019 1347 5084 Οὕτως
1393 5021 1534 5075 κατὰ
1559 5021 1759 5093 κράτος
1788 5023 1816 5074 ό
1844 5022 1935 5075 λό-

365 5132 383 5162 σ
425 5129 522 5178 γος
556 5111 653 5165 τοῦ
690 5113 895 5183 Κυρίου
918 5112 1112 5184 ηύξανε
1174 5113 1269 5166 καὶ
1311 5114 1511 5184 ἴσχυεν.
1560 5114 1647 5177 Ὠς
1684 5114 1740 5166 δὲ
1773 5114 1938 5185 ἐπλη-

364 5224 385 5255 ‹
430 5204 579 5275 ρώθη
604 5205 797 5268 ταῦτα,
822 5204 971 5258 ἔθετο
1002 5207 1030 5259 ὁ
1064 5205 1273 5269 Παῦλος
1305 5207 1363 5258 ἐν
1397 5204 1474 5276 τῷ
1496 5206 1767 5276 πνεύματι
1795 5206 1935 5258 διελ-

363 5318 380 5349 σ
419 5296 531 5351 θὼν
558 5298 658 5368 τὴν
678 5297 1015 5352 Μακεδονίαν
1045 5301 1137 5352 καὶ
1180 5300 1423 5369 Ἀχαΐαν,
1478 5297 1803 5369 πορεύεσθαι
1858 5301 1937 5362 εἰς

363 5410 383 5441 ι
436 5389 813 5461 Ἰερουσαλὴμ,
862 5389 1069 5457 εἰπὼν,
1108 5393 1188 5446 ὃτι
1239 5390 1397 5447 Μετὰ
1449 5391 1511 5444 τὸ
1561 5390 1817 5459 γενέσθαι
1870 5396 1979 5462 με

364 5501 382 5531 ι
427 5481 563 5543 ἐκεῖ,
599 5482 679 5533 δεῖ
710 5499 777 5550 με
804 5484 898 5535 καὶ
931 5481 1151 5554 Ῥώμην
1197 5487 1343 5539 ἰδεῖν.
1384 5484 1737 5548 ’Δποστείλας
1761 5484 1817 5538 δὲ
1857 5487 1937 5547 είς

365 5594 385 5626 ς
423 5572 524 5643 τὴν
540 5573 876 5628 Μακεδονίαν
908 5575 999 5629 δύο
1029 5576 1136 5629 τών
1190 5577 1577 5632 διακονούντων
1621 5576 1790 5648 αὐτῷ,
1844 5577 1937 5629 Τι-

364 5685 385 5717 ι
427 5665 623 5736 μόθεον
649 5667 742 5719 καὶ
769 5668 1058 5740 Ἔραστον,
1090 5668 1252 5731 αὖτδς
1282 5672 1478 5741 ἐπέσχε
1512 5670 1702 5740 χρόνον
1732 5671 1812 5733 εἰς
1840 5672 1936 5742 τὴν

364 5778 383 5810 ι
428 5758 638 5818 Ἀσίαν.
671 5759 917 5829 Ἐγένετο
946 5763 1001 5816 δὲ
1034 5763 1175 5815 κατὰ
1206 5763 1295 5815 τὸν
1332 5766 1520 5834 καιρδν
1546 5765 1752 5817 ἐκεῖνον
1770 5766 1937 5835 τάρκ-

365 5870 385 5901 σ
427 5870 521 5922 χος
543 5854 643 5908 οὐκ
672 5854 851 5921 ὀλίγος
883 5854 1012 5924 περὶ
1051 5857 1150 5924 τῆς
1179 5853 1324 5907 ὁδοῦ.
1363 5856 1671 5925 Δημήτριος
1709 5856 1815 5925 γάρ
1854 5875 1936 5919 τις

370 5965 389 5998 ι
425 5945 673 6017 ὀνόματι,
702 5945 1102 6018 ἀργυροκόπος,
1137 5946 1305 5999 ποιῶν
1338 5947 1491 6009 ναοὺς
1514 5947 1786 6019 ἀργυροῦς
1811 5950 1931 6017 Ἀρι

2048 4773 2068 4805 ι
2111 4760 2331 4823 quoque
2378 4766 2446 4806 ex
2488 4748 2560 4804 iis
2603 4747 2699 4819 qui
2739 4745 2990 4801 curiosas
3045 4749 3196 4795 artes
3246 4739 3631 4823 exercuerant,

2047 4863 2066 4895 ¢
2108 4818 2481 4912 comportatos
2501 4838 2676 4893 libros
2699 4834 2861 4908 146
2888 4833 3219 4887 exusserant
3247 4838 3431 4880 coram
3454 4818 3635 4876 omni-

2045 4953 2063 4986 ι
2106 4935 2211 4990 bus
2244 4940 2334 4988 :et
2357 4930 2670 5002 supputatis
2695 4929 2917 4983 illorum
2947 4921 3162 4995 pretiis,
3188 4920 3522 4974 invenerunt
3549 4931 3637 4970 ar-

2047 5046 2066 5078 ‹
2105 5025 2253 5096 genti
2298 5019 2695 5094 quinquaginta
2736 5017 2932 5072 millia.
2975 5015 3058 5071 Ita
3095 5012 3316 5067 fortiter
3349 5005 3636 5063 crescebat

2045 5137 2062 5170 ι
2107 5118 2338 5173 verbum
2398 5111 2616 5171 Domini
2674 5126 2738 5165 ac
2794 5107 3245 5164 confirmabatur.
3301 5100 3400 5157 His
3449 5106 3633 5155 autem

2047 5232 2064 5263 ι
2102 5209 2337 5281 expletis
2356 5205 2643 5279 proposuit
2667 5203 2870 5260 Paulus
2898 5203 2953 5256 in
2979 5199 3178 5271 spiritu
3204 5194 3433 5252 transita
3458 5192 3638 5247 Mace-

2045 5324 2062 5354 ι
2106 5301 2268 5359 donia
2315 5310 2372 5357 et
2417 5298 2623 5354 Achaia
2674 5293 2947 5368 proficisci
2996 5290 3356 5361 Jerosolyma,
3383 5285 3575 5341 dicens
3617 5299 3632 5338 :

2046 5414 2064 5447 ι
2112 5397 2406 5464 Postquam
2429 5393 2506 5448 ibi
2523 5392 2702 5453 fuero,
2731 5395 2949 5459 oportet
2976 5402 3065 5440 me
3089 5394 3144 5439 et
3167 5384 3396 5437 Romam
3422 5376 3632 5433 videre.

2047 5507 2064 5539 ι
2112 5487 2289 5542 Missis
2311 5495 2492 5541 autem
2528 5483 2743 5538 duobus
2772 5498 2837 5534 ex
2866 5479 2934 5535 iis
2962 5476 3056 5548 qui
3088 5467 3196 5531 sibi
3225 5468 3632 5531 ministrabant,

2046 5598 2064 5631 ι
2106 5578 2360 5635 videlicet
2377 5576 2667 5632 Timotheo
2686 5575 2967 5635 etErasto,
2985 5570 3100 5640 ipse
3119 5567 3320 5624 mansit
3335 5563 3401 5620 ad
3422 5574 3647 5631 tempus

2047 5691 2065 5725 ι
2108 5672 2164 5727 in
2212 5672 2360 5726 Asia.
2393 5671 2560 5725 Ortus
2597 5675 2681 5723 est
2710 5674 2893 5720 autem
2937 5662 3032 5715 illo
3074 5670 3322 5729 tempore
3361 5655 3630 5710 tumultus

2047 5785 2065 5816 r
2103 5780 2212 5818 non
2254 5762 2490 5832 exiguus
2526 5760 2594 5814 de
2637 5773 2755 5828 Ipsa
2795 5756 2901 5810 via.
2942 5751 3174 5818 Quidam
3216 5748 3361 5803 enim
3405 5746 3637 5801 nomine

2047 5879 2063 5910 ι
2109 5854 2424 5912 Demetrius
2449 5852 2602 5907 faber
2632 5845 2998 5918 argentarius,
3017 5841 3113 5911 qui
3144 5838 3381 5894 faciebat
3405 5836 3641 5891 delubra

2050 5971 2066 6003 ι
2107 5958 2368 6018 argentea
2418 5946 2624 6007 Dianae,
2663 5937 2953 6011 praestabat
2996 5933 3302 5990 artificibus
3340 5947 3449 5986 non
3501 5945 3623 5998 par-
