  <div class='ocr_page' id='page_1' title='image "/cluster/home/n/w/nwhite01/storage/ocr_20150623/118/hvd.32044019208149/143.png"; bbox 0 0 4024 6700; ppageno 0'>
   <div class='ocr_carea' id='block_1_1' title="bbox 1794 288 1823 304">
    <p class='ocr_par' dir='ltr' id='par_1_1' title="bbox 1794 288 1823 304">
     <span class='ocr_line' id='line_1_1' title="bbox 1794 288 1823 304; baseline 0 0"><span class='ocrx_word' id='word_1_1' title='bbox 1794 288 1823 304; x_wconf 55' lang='grc' dir='ltr'>χ</span> 
     </span>
    </p>
   </div>
   <div class='ocr_carea' id='block_1_2' title="bbox 435 463 542 531">
    <p class='ocr_par' dir='ltr' id='par_1_2' title="bbox 435 463 542 531">
     <span class='ocr_line' id='line_1_2' title="bbox 435 463 542 531; baseline -0.019 0"><span class='ocrx_word' id='word_1_2' title='bbox 435 463 542 531; x_wconf 76' lang='grc'><strong>251</strong></span> 
     </span>
    </p>
   </div>
   <div class='ocr_carea' id='block_1_3' title="bbox 1527 454 2617 522">
    <p class='ocr_par' dir='ltr' id='par_1_3' title="bbox 1527 454 2617 522">
     <span class='ocr_line' id='line_1_3' title="bbox 1527 454 2617 522; baseline -0.003 -2"><span class='ocrx_word' id='word_1_3' title='bbox 1527 459 1859 522; x_wconf 78' lang='lat' dir='ltr'><strong>(ECUMEN</strong></span> <span class='ocrx_word' id='word_1_4' title='bbox 1865 458 1923 517; x_wconf 88' lang='grc' dir='ltr'><strong>ΙΙ</strong></span> <span class='ocrx_word' id='word_1_5' title='bbox 1947 454 2242 518; x_wconf 63' lang='lat' dir='ltr'><strong>TRIGCE</strong></span> <span class='ocrx_word' id='word_1_6' title='bbox 2274 454 2617 519; x_wconf 66' lang='lat' dir='ltr'><strong>EPLSCOPI</strong></span> 
     </span>
    </p>
   </div>
   <div class='ocr_carea' id='block_1_4' title="bbox 3585 445 3709 510">
    <p class='ocr_par' dir='ltr' id='par_1_4' title="bbox 3585 445 3709 510">
     <span class='ocr_line' id='line_1_4' title="bbox 3585 445 3709 510; baseline 0 0"><span class='ocrx_word' id='word_1_7' title='bbox 3585 445 3709 510; x_wconf 74' lang='lat'><strong>252</strong></span> 
     </span>
    </p>
   </div>
   <div class='ocr_carea' id='block_1_5' title="bbox 440 563 2056 649">
    <p class='ocr_par' dir='ltr' id='par_1_5' title="bbox 440 566 2056 646">
     <span class='ocr_line' id='line_1_5' title="bbox 440 566 2056 646; baseline -0.004 -16"><span class='ocrx_word' id='word_1_8' title='bbox 440 599 462 630; x_wconf 74' lang='grc' dir='ltr'><strong>ι</strong></span> <span class='ocrx_word' id='word_1_9' title='bbox 512 589 638 631; x_wconf 77' lang='lat' dir='ltr'><strong>vum</strong></span> <span class='ocrx_word' id='word_1_10' title='bbox 669 582 939 646; x_wconf 42' lang='lat' dir='ltr'><strong>quaestum</strong></span> <span class='ocrx_word' id='word_1_11' title='bbox 965 573 1199 645; x_wconf 61' lang='lat' dir='ltr'><strong>{quibus</strong></span> <span class='ocrx_word' id='word_1_12' title='bbox 1221 572 1533 629; x_wconf 74' lang='lat' dir='ltr'><strong>convocatis</strong></span> <span class='ocrx_word' id='word_1_13' title='bbox 1560 580 1614 626; x_wconf 91' lang='lat' dir='ltr'><strong>et</strong></span> <span class='ocrx_word' id='word_1_14' title='bbox 1638 571 1727 626; x_wconf 89' lang='lat' dir='ltr'><strong>his</strong></span> <span class='ocrx_word' id='word_1_15' title='bbox 1748 584 1842 641; x_wconf 85' lang='lat' dir='ltr'><strong>qut</strong></span> <span class='ocrx_word' id='word_1_16' title='bbox 1862 566 2016 623; x_wconf 86' lang='lat' dir='ltr'><strong>suni-</strong></span> <span class='ocrx_word' id='word_1_17' title='bbox 2046 586 2056 624; x_wconf 60' lang='grc' dir='ltr'><strong>ι</strong></span> 
     </span>
    </p>
   </div>
   <div class='ocr_carea' id='block_1_6' title="bbox 2160 563 3709 649">
    <p class='ocr_par' dir='ltr' id='par_1_6' title="bbox 2185 563 3709 649">
     <span class='ocr_line' id='line_1_6' title="bbox 2185 563 3709 649; baseline -0.004 -24"><span class='ocrx_word' id='word_1_18' title='bbox 2185 572 2419 643; x_wconf 82' lang='grc' dir='ltr'>τέμιδος,</span> <span class='ocrx_word' id='word_1_19' title='bbox 2472 570 2762 649; x_wconf 77' lang='grc' dir='ltr'>παρείχετο</span> <span class='ocrx_word' id='word_1_20' title='bbox 2812 570 2926 630; x_wconf 75' lang='grc' dir='ltr'>τοῖς</span> <span class='ocrx_word' id='word_1_21' title='bbox 2967 566 3238 638; x_wconf 72' lang='grc' dir='ltr'>τεχνίταις</span> <span class='ocrx_word' id='word_1_22' title='bbox 3278 563 3546 636; x_wconf 73' lang='grc' dir='ltr'><strong>ἐργασίαν</strong></span> <span class='ocrx_word' id='word_1_23' title='bbox 3589 567 3709 619; x_wconf 68' lang='grc' dir='ltr'><strong>οὐκ</strong></span> 
     </span>
    </p>
   </div>
   <div class='ocr_carea' id='block_1_7' title="bbox 444 658 2022 735">
    <p class='ocr_par' dir='ltr' id='par_1_7' title="bbox 444 658 2022 735">
     <span class='ocr_line' id='line_1_7' title="bbox 444 658 2022 735; baseline -0.004 -15"><span class='ocrx_word' id='word_1_24' title='bbox 444 688 464 720; x_wconf 79' lang='grc' dir='ltr'><strong>ι</strong></span> <span class='ocrx_word' id='word_1_25' title='bbox 505 667 642 723; x_wconf 88' lang='lat' dir='ltr'><strong>lium</strong></span> <span class='ocrx_word' id='word_1_26' title='bbox 674 682 858 722; x_wconf 89' lang='lat' dir='ltr'><strong>rerum</strong></span> <span class='ocrx_word' id='word_1_27' title='bbox 886 674 1043 721; x_wconf 87' lang='lat' dir='ltr'><strong>erant</strong></span> <span class='ocrx_word' id='word_1_28' title='bbox 1066 663 1309 735; x_wconf 83' lang='lat' dir='ltr'><strong>Opifices,</strong></span> <span class='ocrx_word' id='word_1_29' title='bbox 1336 663 1506 718; x_wconf 83' lang='lat' dir='ltr'><strong>dixit:</strong></span> <span class='ocrx_word' id='word_1_30' title='bbox 1528 663 1666 727; x_wconf 77' lang='lat' dir='ltr'><strong>Viri,</strong></span> <span class='ocrx_word' id='word_1_31' title='bbox 1688 662 1843 718; x_wconf 89' lang='lat' dir='ltr'><strong>scitis</strong></span> <span class='ocrx_word' id='word_1_32' title='bbox 1872 658 2022 731; x_wconf 86' lang='lat' dir='ltr'><strong>quod</strong></span> 
     </span>
    </p>
   </div>
   <div class='ocr_carea' id='block_1_8' title="bbox 450 755 2026 829">
    <p class='ocr_par' dir='ltr' id='par_1_8' title="bbox 450 755 2026 829">
     <span class='ocr_line' id='line_1_8' title="bbox 450 755 2026 829; baseline -0.002 -16"><span class='ocrx_word' id='word_1_33' title='bbox 450 782 468 813; x_wconf 77' lang='grc' dir='ltr'><strong>ι</strong></span> <span class='ocrx_word' id='word_1_34' title='bbox 508 777 577 818; x_wconf 78' lang='lat' dir='ltr'><strong>ex</strong></span> <span class='ocrx_word' id='word_1_35' title='bbox 622 760 728 815; x_wconf 91' lang='lat' dir='ltr'><strong>hoc</strong></span> <span class='ocrx_word' id='word_1_36' title='bbox 773 758 995 829; x_wconf 81' lang='lat' dir='ltr'><strong>Opiﬁeio</strong></span> <span class='ocrx_word' id='word_1_37' title='bbox 1025 768 1267 827; x_wconf 68' lang='lat' dir='ltr'><strong>qumstus</strong></span> <span class='ocrx_word' id='word_1_38' title='bbox 1296 757 1456 811; x_wconf 85' lang='lat' dir='ltr'><strong>nobis</strong></span> <span class='ocrx_word' id='word_1_39' title='bbox 1483 766 1607 811; x_wconf 89' lang='lat' dir='ltr'><strong>est:</strong></span> <span class='ocrx_word' id='word_1_40' title='bbox 1635 768 1689 811; x_wconf 89' lang='lat' dir='ltr'><strong>et</strong></span> <span class='ocrx_word' id='word_1_41' title='bbox 1733 755 1934 811; x_wconf 79' lang='lat' dir='ltr'><strong>videtis</strong></span> <span class='ocrx_word' id='word_1_42' title='bbox 1960 769 2026 810; x_wconf 90' lang='lat' dir='ltr'><strong>ac</strong></span> 
     </span>
    </p>
   </div>
   <div class='ocr_carea' id='block_1_9' title="bbox 451 850 2026 922">
    <p class='ocr_par' dir='ltr' id='par_1_9' title="bbox 451 850 2026 922">
     <span class='ocr_line' id='line_1_9' title="bbox 451 850 2026 922; baseline -0.004 -14"><span class='ocrx_word' id='word_1_43' title='bbox 451 876 472 908; x_wconf 82' lang='grc'>‹</span> <span class='ocrx_word' id='word_1_44' title='bbox 512 853 738 920; x_wconf 78' lang='lat' dir='ltr'><strong>auditis,</strong></span> <span class='ocrx_word' id='word_1_45' title='bbox 782 852 927 922; x_wconf 89' lang='lat' dir='ltr'><strong>quod</strong></span> <span class='ocrx_word' id='word_1_46' title='bbox 961 867 1066 906; x_wconf 90' lang='lat' dir='ltr'><strong>non</strong></span> <span class='ocrx_word' id='word_1_47' title='bbox 1110 852 1286 906; x_wconf 92' lang='lat' dir='ltr'><strong>solum</strong></span> <span class='ocrx_word' id='word_1_48' title='bbox 1322 850 1546 921; x_wconf 82' lang='lat' dir='ltr'><strong>Ephesi,</strong></span> <span class='ocrx_word' id='word_1_49' title='bbox 1585 850 1681 906; x_wconf 88' lang='lat' dir='ltr'><strong>sed</strong></span> <span class='ocrx_word' id='word_1_50' title='bbox 1720 865 1820 920; x_wconf 88' lang='lat' dir='ltr'><strong>per</strong></span> <span class='ocrx_word' id='word_1_51' title='bbox 1852 857 2026 904; x_wconf 90' lang='lat' dir='ltr'><strong>totam</strong></span> 
     </span>
    </p>
   </div>
   <div class='ocr_carea' id='block_1_10' title="bbox 455 942 2027 1017">
    <p class='ocr_par' dir='ltr' id='par_1_10' title="bbox 455 942 2027 1017">
     <span class='ocr_line' id='line_1_10' title="bbox 455 942 2027 1017; baseline -0.001 -19"><span class='ocrx_word' id='word_1_52' title='bbox 455 967 472 998; x_wconf 74' lang='grc' dir='ltr'><strong><em>ο</em></strong></span> <span class='ocrx_word' id='word_1_53' title='bbox 522 962 662 1017; x_wconf 86' lang='lat' dir='ltr'><strong>pene</strong></span> <span class='ocrx_word' id='word_1_54' title='bbox 712 945 896 1000; x_wconf 85' lang='lat' dir='ltr'><strong>Asiam</strong></span> <span class='ocrx_word' id='word_1_55' title='bbox 954 945 1158 999; x_wconf 81' lang='lat' dir='ltr'><strong>Paulus</strong></span> <span class='ocrx_word' id='word_1_56' title='bbox 1211 943 1303 998; x_wconf 88' lang='lat' dir='ltr'><strong>hic</strong></span> <span class='ocrx_word' id='word_1_57' title='bbox 1357 942 1667 1013; x_wconf 84' lang='lat' dir='ltr'><strong>persuasit,</strong></span> <span class='ocrx_word' id='word_1_58' title='bbox 1717 943 2027 1011; x_wconf 78' lang='lat' dir='ltr'><strong>avertitque</strong></span> 
     </span>
    </p>
   </div>
   <div class='ocr_carea' id='block_1_11' title="bbox 453 1032 2031 1109">
    <p class='ocr_par' dir='ltr' id='par_1_11' title="bbox 453 1032 2031 1109">
     <span class='ocr_line' id='line_1_11' title="bbox 453 1032 2031 1109; baseline 0.001 -23"><span class='ocrx_word' id='word_1_59' title='bbox 453 1057 471 1086; x_wconf 72' lang='grc' dir='ltr'><strong>ι</strong></span> <span class='ocrx_word' id='word_1_60' title='bbox 516 1036 744 1097; x_wconf 89' lang='lat' dir='ltr'><strong>multam</strong></span> <span class='ocrx_word' id='word_1_61' title='bbox 776 1035 1017 1109; x_wconf 74' lang='lat' dir='ltr'><strong>turbam,</strong></span> <span class='ocrx_word' id='word_1_62' title='bbox 1049 1034 1243 1088; x_wconf 85' lang='lat' dir='ltr'><strong>dicens</strong></span> <span class='ocrx_word' id='word_1_63' title='bbox 1274 1051 1287 1086; x_wconf 90' lang='lat'><strong>:</strong></span> <span class='ocrx_word' id='word_1_64' title='bbox 1323 1033 1442 1088; x_wconf 80' lang='lat' dir='ltr'><strong>Non</strong></span> <span class='ocrx_word' id='word_1_65' title='bbox 1473 1042 1603 1087; x_wconf 89' lang='lat' dir='ltr'><strong>sunt</strong></span> <span class='ocrx_word' id='word_1_66' title='bbox 1634 1032 1708 1087; x_wconf 91' lang='lat' dir='ltr'><strong>dii</strong></span> <span class='ocrx_word' id='word_1_67' title='bbox 1734 1033 1826 1103; x_wconf 89' lang='lat' dir='ltr'><strong>qui</strong></span> <span class='ocrx_word' id='word_1_68' title='bbox 1855 1034 2031 1087; x_wconf 85' lang='lat' dir='ltr'><strong>mani-</strong></span> 
     </span>
    </p>
   </div>
   <div class='ocr_carea' id='block_1_12' title="bbox 461 1123 2031 1196">
    <p class='ocr_par' dir='ltr' id='par_1_12' title="bbox 461 1123 2031 1196">
     <span class='ocr_line' id='line_1_12' title="bbox 461 1123 2031 1196; baseline 0.001 -17"><span class='ocrx_word' id='word_1_69' title='bbox 461 1148 478 1179; x_wconf 77' lang='grc' dir='ltr'>σ</span> <span class='ocrx_word' id='word_1_70' title='bbox 520 1127 620 1182; x_wconf 90' lang='lat' dir='ltr'><strong>bus</strong></span> <span class='ocrx_word' id='word_1_71' title='bbox 658 1125 816 1181; x_wconf 76' lang='lat' dir='ltr'><strong>(inm.</strong></span> <span class='ocrx_word' id='word_1_72' title='bbox 848 1126 968 1181; x_wconf 83' lang='lat' dir='ltr'><strong>Non</strong></span> <span class='ocrx_word' id='word_1_73' title='bbox 1005 1125 1181 1181; x_wconf 89' lang='lat' dir='ltr'><strong>solum</strong></span> <span class='ocrx_word' id='word_1_74' title='bbox 1223 1135 1406 1181; x_wconf 90' lang='lat' dir='ltr'><strong>autem</strong></span> <span class='ocrx_word' id='word_1_75' title='bbox 1451 1123 1569 1180; x_wconf 58' lang='lat' dir='ltr'><strong>haec</strong></span> <span class='ocrx_word' id='word_1_76' title='bbox 1608 1140 1737 1196; x_wconf 91' lang='lat' dir='ltr'><strong>pars</strong></span> <span class='ocrx_word' id='word_1_77' title='bbox 1773 1125 1931 1180; x_wconf 87' lang='lat' dir='ltr'><strong>nobis</strong></span> <span class='ocrx_word' id='word_1_78' title='bbox 1973 1124 2031 1180; x_wconf 86' lang='lat' dir='ltr'><strong>in</strong></span> 
     </span>
    </p>
   </div>
   <div class='ocr_carea' id='block_1_13' title="bbox 457 1217 2031 1289">
    <p class='ocr_par' dir='ltr' id='par_1_13' title="bbox 457 1217 2031 1289">
     <span class='ocr_line' id='line_1_13' title="bbox 457 1217 2031 1289; baseline 0.002 -19"><span class='ocrx_word' id='word_1_79' title='bbox 457 1239 474 1270; x_wconf 77' lang='grc' dir='ltr'><strong>ι</strong></span> <span class='ocrx_word' id='word_1_80' title='bbox 519 1218 827 1289; x_wconf 89' lang='lat' dir='ltr'><strong>periculum</strong></span> <span class='ocrx_word' id='word_1_81' title='bbox 876 1217 1028 1272; x_wconf 84' lang='lat' dir='ltr'><strong>venit</strong></span> <span class='ocrx_word' id='word_1_82' title='bbox 1068 1233 1138 1272; x_wconf 92' lang='lat' dir='ltr'><strong>ne</strong></span> <span class='ocrx_word' id='word_1_83' title='bbox 1176 1217 1519 1288; x_wconf 86' lang='lat' dir='ltr'><strong>reprobctur,</strong></span> <span class='ocrx_word' id='word_1_84' title='bbox 1545 1234 1735 1273; x_wconf 83' lang='lat' dir='ltr'><strong>verum</strong></span> <span class='ocrx_word' id='word_1_85' title='bbox 1764 1218 1927 1273; x_wconf 89' lang='lat' dir='ltr'><strong>etiam</strong></span> <span class='ocrx_word' id='word_1_86' title='bbox 1963 1234 2031 1273; x_wconf 93' lang='lat' dir='ltr'><strong>ne</strong></span> 
     </span>
    </p>
   </div>
   <div class='ocr_carea' id='block_1_14' title="bbox 458 1305 2041 1379">
    <p class='ocr_par' dir='ltr' id='par_1_14' title="bbox 458 1305 2041 1379">
     <span class='ocr_line' id='line_1_14' title="bbox 458 1305 2041 1379; baseline 0.006 -24"><span class='ocrx_word' id='word_1_87' title='bbox 458 1324 475 1355; x_wconf 75' lang='grc' dir='ltr'><strong>ι</strong></span> <span class='ocrx_word' id='word_1_88' title='bbox 520 1320 729 1377; x_wconf 63' lang='lat' dir='ltr'><strong>magna:</strong></span> <span class='ocrx_word' id='word_1_89' title='bbox 778 1305 964 1359; x_wconf 73' lang='lat' dir='ltr'><strong>Diana:</strong></span> <span class='ocrx_word' id='word_1_90' title='bbox 1019 1305 1283 1375; x_wconf 86' lang='lat' dir='ltr'><strong>templum</strong></span> <span class='ocrx_word' id='word_1_91' title='bbox 1335 1306 1392 1360; x_wconf 88' lang='lat' dir='ltr'><strong>in</strong></span> <span class='ocrx_word' id='word_1_92' title='bbox 1437 1306 1669 1361; x_wconf 83' lang='lat' dir='ltr'><strong>nihilum</strong></span> <span class='ocrx_word' id='word_1_93' title='bbox 1722 1318 2041 1379; x_wconf 86' lang='lat' dir='ltr'><strong>reputetur,_</strong></span> 
     </span>
    </p>
   </div>
   <div class='ocr_carea' id='block_1_15' title="bbox 460 1395 2031 1481">
    <p class='ocr_par' dir='ltr' id='par_1_15' title="bbox 460 1395 2031 1481">
     <span class='ocr_line' id='line_1_15' title="bbox 460 1395 2031 1481; baseline 0.003 -34"><span class='ocrx_word' id='word_1_94' title='bbox 460 1417 477 1447; x_wconf 81' lang='grc' dir='ltr'><strong>ι</strong></span> <span class='ocrx_word' id='word_1_95' title='bbox 520 1395 881 1470; x_wconf 76' lang='lat' dir='ltr'><strong>futurumque</strong></span> <span class='ocrx_word' id='word_1_96' title='bbox 905 1396 1060 1450; x_wconf 89' lang='lat' dir='ltr'><strong>situt</strong></span> <span class='ocrx_word' id='word_1_97' title='bbox 1085 1398 1249 1451; x_wconf 91' lang='lat' dir='ltr'><strong>etiam</strong></span> <span class='ocrx_word' id='word_1_98' title='bbox 1281 1398 1599 1453; x_wconf 84' lang='lat' dir='ltr'><strong>destruatur</strong></span> <span class='ocrx_word' id='word_1_99' title='bbox 1620 1399 1873 1468; x_wconf 89' lang='lat' dir='ltr'><strong>majestas</strong></span> <span class='ocrx_word' id='word_1_100' title='bbox 1891 1400 2031 1481; x_wconf 84' lang='lat' dir='ltr'><strong>ejus,</strong></span> 
     </span>
    </p>
   </div>
   <div class='ocr_carea' id='block_1_16' title="bbox 461 1489 2036 1561">
    <p class='ocr_par' dir='ltr' id='par_1_16' title="bbox 461 1489 2036 1561">
     <span class='ocr_line' id='line_1_16' title="bbox 461 1489 2036 1561; baseline 0.006 -24"><span class='ocrx_word' id='word_1_101' title='bbox 461 1510 478 1537; x_wconf 77' lang='grc' dir='ltr'>σ</span> <span class='ocrx_word' id='word_1_102' title='bbox 521 1505 685 1558; x_wconf 84' lang='lat' dir='ltr'><strong>quam</strong></span> <span class='ocrx_word' id='word_1_103' title='bbox 728 1497 846 1544; x_wconf 88' lang='lat' dir='ltr'><strong>tota</strong></span> <span class='ocrx_word' id='word_1_104' title='bbox 873 1489 999 1545; x_wconf 86' lang='lat' dir='ltr'><strong>Asia</strong></span> <span class='ocrx_word' id='word_1_105' title='bbox 1026 1500 1080 1544; x_wconf 89' lang='lat' dir='ltr'><strong>et</strong></span> <span class='ocrx_word' id='word_1_106' title='bbox 1109 1490 1260 1545; x_wconf 90' lang='lat' dir='ltr'><strong>orbis</strong></span> <span class='ocrx_word' id='word_1_107' title='bbox 1292 1490 1441 1546; x_wconf 87' lang='lat' dir='ltr'><strong>colit.</strong></span> <span class='ocrx_word' id='word_1_108' title='bbox 1476 1491 1572 1547; x_wconf 83' lang='lat' dir='ltr'><strong>His</strong></span> <span class='ocrx_word' id='word_1_109' title='bbox 1602 1491 1808 1547; x_wconf 89' lang='lat' dir='ltr'><strong>auditis</strong></span> <span class='ocrx_word' id='word_1_110' title='bbox 1841 1492 2036 1561; x_wconf 83' lang='lat' dir='ltr'><strong>repleti</strong></span> 
     </span>
    </p>
   </div>
   <div class='ocr_carea' id='block_1_17' title="bbox 462 1580 2036 1652">
    <p class='ocr_par' dir='ltr' id='par_1_17' title="bbox 462 1580 2036 1652">
     <span class='ocr_line' id='line_1_17' title="bbox 462 1580 2036 1652; baseline 0.004 -22"><span class='ocrx_word' id='word_1_111' title='bbox 462 1596 480 1629; x_wconf 81' lang='grc' dir='ltr'><strong>ι</strong></span> <span class='ocrx_word' id='word_1_112' title='bbox 523 1589 653 1633; x_wconf 88' lang='lat' dir='ltr'><strong>sunt</strong></span> <span class='ocrx_word' id='word_1_113' title='bbox 705 1580 823 1645; x_wconf 90' lang='lat' dir='ltr'><strong>ira,</strong></span> <span class='ocrx_word' id='word_1_114' title='bbox 867 1588 925 1635; x_wconf 89' lang='lat' dir='ltr'><strong>et</strong></span> <span class='ocrx_word' id='word_1_115' title='bbox 967 1581 1451 1647; x_wconf 78' lang='lat' dir='ltr'><strong>exclamaverunt,</strong></span> <span class='ocrx_word' id='word_1_116' title='bbox 1497 1581 1745 1637; x_wconf 90' lang='lat' dir='ltr'><strong>dicentes</strong></span> <span class='ocrx_word' id='word_1_117' title='bbox 1789 1599 1802 1636; x_wconf 91' lang='lat'><strong>:</strong></span> <span class='ocrx_word' id='word_1_118' title='bbox 1847 1581 2036 1652; x_wconf 82' lang='lat' dir='ltr'><strong>Magna</strong></span> 
     </span>
    </p>
   </div>
   <div class='ocr_carea' id='block_1_18' title="bbox 464 1672 2041 1745">
    <p class='ocr_par' dir='ltr' id='par_1_18' title="bbox 464 1672 2041 1745">
     <span class='ocr_line' id='line_1_18' title="bbox 464 1672 2041 1745; baseline 0.006 -22"><span class='ocrx_word' id='word_1_119' title='bbox 464 1691 480 1721; x_wconf 79' lang='grc' dir='ltr'><strong>ι</strong></span> <span class='ocrx_word' id='word_1_120' title='bbox 530 1672 699 1726; x_wconf 87' lang='lat' dir='ltr'><strong>Diana</strong></span> <span class='ocrx_word' id='word_1_121' title='bbox 732 1673 1143 1742; x_wconf 87' lang='lat' dir='ltr'><strong>Ephesiorum!</strong></span> <span class='ocrx_word' id='word_1_122' title='bbox 1195 1673 1530 1745; x_wconf 85' lang='lat' dir='ltr'><strong>Impletaque</strong></span> <span class='ocrx_word' id='word_1_123' title='bbox 1567 1684 1651 1731; x_wconf 87' lang='lat' dir='ltr'><strong>est</strong></span> <span class='ocrx_word' id='word_1_124' title='bbox 1694 1684 1803 1731; x_wconf 90' lang='lat' dir='ltr'><strong>tota</strong></span> <span class='ocrx_word' id='word_1_125' title='bbox 1846 1676 2041 1732; x_wconf 82' lang='lat' dir='ltr'><strong>civitas</strong></span> 
     </span>
    </p>
   </div>
   <div class='ocr_carea' id='block_1_19' title="bbox 466 1764 2039 1835">
    <p class='ocr_par' dir='ltr' id='par_1_19' title="bbox 466 1764 2039 1835">
     <span class='ocr_line' id='line_1_19' title="bbox 466 1764 2039 1835; baseline 0.002 -18"><span class='ocrx_word' id='word_1_126' title='bbox 466 1783 483 1811; x_wconf 76' lang='grc' dir='ltr'><strong>ι</strong></span> <span class='ocrx_word' id='word_1_127' title='bbox 527 1764 873 1830; x_wconf 88' lang='lat' dir='ltr'><strong>confusione,</strong></span> <span class='ocrx_word' id='word_1_128' title='bbox 912 1775 968 1819; x_wconf 77' lang='lat' dir='ltr'><strong>et</strong></span> <span class='ocrx_word' id='word_1_129' title='bbox 1013 1765 1281 1835; x_wconf 87' lang='lat' dir='ltr'><strong>impetum</strong></span> <span class='ocrx_word' id='word_1_130' title='bbox 1326 1765 1576 1821; x_wconf 88' lang='lat' dir='ltr'><strong>fecerunt</strong></span> <span class='ocrx_word' id='word_1_131' title='bbox 1608 1782 1719 1820; x_wconf 90' lang='lat' dir='ltr'><strong>uno</strong></span> <span class='ocrx_word' id='word_1_132' title='bbox 1759 1768 1942 1821; x_wconf 88' lang='lat' dir='ltr'><strong>animo</strong></span> <span class='ocrx_word' id='word_1_133' title='bbox 1983 1767 2039 1821; x_wconf 88' lang='lat' dir='ltr'><strong>in</strong></span> 
     </span>
    </p>
   </div>
   <div class='ocr_carea' id='block_1_20' title="bbox 468 1854 2039 1928">
    <p class='ocr_par' dir='ltr' id='par_1_20' title="bbox 468 1854 2039 1928">
     <span class='ocr_line' id='line_1_20' title="bbox 468 1854 2039 1928; baseline 0.006 -24"><span class='ocrx_word' id='word_1_134' title='bbox 468 1873 487 1904; x_wconf 75' lang='grc' dir='ltr'><strong>ι</strong></span> <span class='ocrx_word' id='word_1_135' title='bbox 531 1854 829 1921; x_wconf 88' lang='lat' dir='ltr'><strong>theatrum,</strong></span> <span class='ocrx_word' id='word_1_136' title='bbox 868 1866 1125 1928; x_wconf 89' lang='lat' dir='ltr'><strong>correpto</strong></span> <span class='ocrx_word' id='word_1_137' title='bbox 1153 1858 1286 1913; x_wconf 86' lang='lat' dir='ltr'><strong>Caio</strong></span> <span class='ocrx_word' id='word_1_138' title='bbox 1327 1865 1385 1913; x_wconf 83' lang='lat' dir='ltr'><strong>et</strong></span> <span class='ocrx_word' id='word_1_139' title='bbox 1428 1859 1750 1914; x_wconf 81' lang='lat' dir='ltr'><strong>Aristarcho</strong></span> <span class='ocrx_word' id='word_1_140' title='bbox 1787 1858 2039 1919; x_wconf 79' lang='lat' dir='ltr'><strong>Maccdo-</strong></span> 
     </span>
    </p>
   </div>
   <div class='ocr_carea' id='block_1_21' title="bbox 364 1945 2044 2019">
    <p class='ocr_par' dir='ltr' id='par_1_21' title="bbox 364 1945 2044 2019">
     <span class='ocr_line' id='line_1_21' title="bbox 364 1945 2044 2019; baseline 0.005 -22"><span class='ocrx_word' id='word_1_141' title='bbox 364 1998 373 2005; x_wconf 74' lang='grc'>,</span> <span class='ocrx_word' id='word_1_142' title='bbox 468 1965 487 1995; x_wconf 79' lang='grc' dir='ltr'><strong>ι</strong></span> <span class='ocrx_word' id='word_1_143' title='bbox 529 1945 695 2000; x_wconf 83' lang='lat' dir='ltr'><strong>nibus</strong></span> <span class='ocrx_word' id='word_1_144' title='bbox 748 1946 1043 2003; x_wconf 87' lang='lat' dir='ltr'><strong>comitibus</strong></span> <span class='ocrx_word' id='word_1_145' title='bbox 1090 1948 1265 2003; x_wconf 85' lang='lat' dir='ltr'><strong>Pauli.</strong></span> <span class='ocrx_word' id='word_1_146' title='bbox 1317 1948 1567 2019; x_wconf 87' lang='lat' dir='ltr'><strong>Cumque</strong></span> <span class='ocrx_word' id='word_1_147' title='bbox 1623 1950 1791 2006; x_wconf 86' lang='lat' dir='ltr'><strong>vellet</strong></span> <span class='ocrx_word' id='word_1_148' title='bbox 1842 1951 2044 2006; x_wconf 88' lang='lat' dir='ltr'><strong>Paulus</strong></span> 
     </span>
    </p>
   </div>
   <div class='ocr_carea' id='block_1_22' title="bbox 467 2037 2040 2115">
    <p class='ocr_par' dir='ltr' id='par_1_22' title="bbox 467 2037 2040 2115">
     <span class='ocr_line' id='line_1_22' title="bbox 467 2037 2040 2115; baseline 0.008 -26"><span class='ocrx_word' id='word_1_149' title='bbox 467 2056 486 2089; x_wconf 79' lang='grc' dir='ltr'><strong>ι</strong></span> <span class='ocrx_word' id='word_1_150' title='bbox 540 2037 743 2094; x_wconf 88' lang='lat' dir='ltr'><strong>intrare</strong></span> <span class='ocrx_word' id='word_1_151' title='bbox 784 2040 850 2095; x_wconf 87' lang='lat' dir='ltr'><strong>ad</strong></span> <span class='ocrx_word' id='word_1_152' title='bbox 900 2041 1188 2111; x_wconf 81' lang='lat' dir='ltr'><strong>populum,</strong></span> <span class='ocrx_word' id='word_1_153' title='bbox 1238 2059 1348 2097; x_wconf 91' lang='lat' dir='ltr'><strong>non</strong></span> <span class='ocrx_word' id='word_1_154' title='bbox 1398 2043 1543 2113; x_wconf 88' lang='lat' dir='ltr'><strong>passi</strong></span> <span class='ocrx_word' id='word_1_155' title='bbox 1593 2052 1722 2099; x_wconf 87' lang='lat' dir='ltr'><strong>sunt</strong></span> <span class='ocrx_word' id='word_1_156' title='bbox 1762 2043 2040 2115; x_wconf 90' lang='lat' dir='ltr'><strong>discipuli.</strong></span> 
     </span>
    </p>
   </div>
   <div class='ocr_carea' id='block_1_23' title="bbox 468 2130 2047 2206">
    <p class='ocr_par' dir='ltr' id='par_1_23' title="bbox 468 2130 2047 2206">
     <span class='ocr_line' id='line_1_23' title="bbox 468 2130 2047 2206; baseline 0.006 -24"><span class='ocrx_word' id='word_1_157' title='bbox 468 2149 488 2182; x_wconf 80' lang='grc' dir='ltr'><strong>ι</strong></span> <span class='ocrx_word' id='word_1_158' title='bbox 538 2130 772 2198; x_wconf 86' lang='lat' dir='ltr'><strong>Quidam</strong></span> <span class='ocrx_word' id='word_1_159' title='bbox 823 2141 1009 2187; x_wconf 90' lang='lat' dir='ltr'><strong>autem</strong></span> <span class='ocrx_word' id='word_1_160' title='bbox 1055 2150 1123 2189; x_wconf 82' lang='lat' dir='ltr'><strong>ex</strong></span> <span class='ocrx_word' id='word_1_161' title='bbox 1170 2136 1313 2190; x_wconf 71' lang='lat' dir='ltr'><strong>Asia:</strong></span> <span class='ocrx_word' id='word_1_162' title='bbox 1359 2136 1699 2206; x_wconf 91' lang='lat' dir='ltr'><strong>primoribus</strong></span> <span class='ocrx_word' id='word_1_163' title='bbox 1740 2138 1839 2206; x_wconf 85' lang='lat' dir='ltr'><strong>qui</strong></span> <span class='ocrx_word' id='word_1_164' title='bbox 1889 2144 2047 2192; x_wconf 89' lang='lat' dir='ltr'><strong>erant</strong></span> 
     </span>
    </p>
   </div>
   <div class='ocr_carea' id='block_1_24' title="bbox 470 2222 2046 2300">
    <p class='ocr_par' dir='ltr' id='par_1_24' title="bbox 470 2222 2046 2300">
     <span class='ocr_line' id='line_1_24' title="bbox 470 2222 2046 2300; baseline 0.006 -26"><span class='ocrx_word' id='word_1_165' title='bbox 470 2241 489 2272; x_wconf 75' lang='grc' dir='ltr'><strong>ι</strong></span> <span class='ocrx_word' id='word_1_166' title='bbox 535 2222 698 2277; x_wconf 90' lang='lat' dir='ltr'><strong>amici</strong></span> <span class='ocrx_word' id='word_1_167' title='bbox 748 2224 887 2293; x_wconf 88' lang='lat' dir='ltr'><strong>ejus,</strong></span> <span class='ocrx_word' id='word_1_168' title='bbox 925 2225 1096 2278; x_wconf 86' lang='lat' dir='ltr'><strong>misso</strong></span> <span class='ocrx_word' id='word_1_169' title='bbox 1147 2224 1215 2279; x_wconf 91' lang='lat' dir='ltr'><strong>ad</strong></span> <span class='ocrx_word' id='word_1_170' title='bbox 1265 2242 1391 2280; x_wconf 87' lang='lat' dir='ltr'><strong>cum</strong></span> <span class='ocrx_word' id='word_1_171' title='bbox 1432 2226 1647 2291; x_wconf 89' lang='lat' dir='ltr'><strong>nuntio,</strong></span> <span class='ocrx_word' id='word_1_172' title='bbox 1680 2228 1944 2300; x_wconf 79' lang='lat' dir='ltr'><strong>rogabant</strong></span> <span class='ocrx_word' id='word_1_173' title='bbox 1976 2244 2046 2284; x_wconf 88' lang='lat' dir='ltr'><strong>ne</strong></span> 
     </span>
    </p>
   </div>
   <div class='ocr_carea' id='block_1_25' title="bbox 470 2313 2045 2389">
    <p class='ocr_par' dir='ltr' id='par_1_25' title="bbox 470 2313 2045 2389">
     <span class='ocr_line' id='line_1_25' title="bbox 470 2313 2045 2389; baseline 0.006 -23"><span class='ocrx_word' id='word_1_174' title='bbox 470 2332 490 2365; x_wconf 76' lang='grc' dir='ltr'><strong>ι</strong></span> <span class='ocrx_word' id='word_1_175' title='bbox 532 2329 589 2368; x_wconf 82' lang='lat' dir='ltr'><strong>se</strong></span> <span class='ocrx_word' id='word_1_176' title='bbox 615 2313 773 2369; x_wconf 89' lang='lat' dir='ltr'><strong>daret</strong></span> <span class='ocrx_word' id='word_1_177' title='bbox 797 2313 852 2369; x_wconf 86' lang='lat' dir='ltr'><strong>in</strong></span> <span class='ocrx_word' id='word_1_178' title='bbox 879 2315 1177 2371; x_wconf 87' lang='lat' dir='ltr'><strong>theatrum.</strong></span> <span class='ocrx_word' id='word_1_179' title='bbox 1200 2316 1305 2371; x_wconf 80' lang='lat' dir='ltr'><strong>Alii</strong></span> <span class='ocrx_word' id='word_1_180' title='bbox 1333 2315 1517 2389; x_wconf 83' lang='lat' dir='ltr'><strong>itaque</strong></span> <span class='ocrx_word' id='word_1_181' title='bbox 1541 2318 1690 2373; x_wconf 90' lang='lat' dir='ltr'><strong>aliud</strong></span> <span class='ocrx_word' id='word_1_182' title='bbox 1715 2319 2045 2375; x_wconf 83' lang='lat' dir='ltr'><strong>clamabant.</strong></span> 
     </span>
    </p>
   </div>
   <div class='ocr_carea' id='block_1_26' title="bbox 471 2394 2048 2481">
    <p class='ocr_par' dir='ltr' id='par_1_26' title="bbox 471 2394 2048 2481">
     <span class='ocr_line' id='line_1_26' title="bbox 471 2394 2048 2481; baseline 0.004 -22"><span class='ocrx_word' id='word_1_183' title='bbox 471 2428 489 2458; x_wconf 74' lang='grc' dir='ltr'><strong>ι</strong></span> <span class='ocrx_word' id='word_1_184' title='bbox 537 2405 670 2461; x_wconf 84' lang='lat' dir='ltr'><strong>Erat</strong></span> <span class='ocrx_word' id='word_1_185' title='bbox 710 2408 861 2462; x_wconf 90' lang='lat' dir='ltr'><strong>enim</strong></span> <span class='ocrx_word' id='word_1_186' title='bbox 908 2408 1102 2463; x_wconf 89' lang='lat' dir='ltr'><strong>concio</strong></span> <span class='ocrx_word' id='word_1_187' title='bbox 1143 2409 1395 2476; x_wconf 91' lang='lat' dir='ltr'><strong>confusa,</strong></span> <span class='ocrx_word' id='word_1_188' title='bbox 1426 2419 1484 2465; x_wconf 84' lang='lat' dir='ltr'><strong>et</strong></span> <span class='ocrx_word' id='word_1_189' title='bbox 1536 2410 1788 2481; x_wconf 87' lang='lat' dir='ltr'><strong>plerique</strong></span> <span class='ocrx_word' id='word_1_190' title='bbox 1831 2394 2048 2466; x_wconf 66' lang='lat' dir='ltr'><strong>nescie-</strong></span> 
     </span>
    </p>
   </div>
   <div class='ocr_carea' id='block_1_27' title="bbox 472 2499 2049 2570">
    <p class='ocr_par' dir='ltr' id='par_1_27' title="bbox 472 2499 2049 2570">
     <span class='ocr_line' id='line_1_27' title="bbox 472 2499 2049 2570; baseline 0.004 -18"><span class='ocrx_word' id='word_1_191' title='bbox 472 2520 491 2551; x_wconf 76' lang='grc' dir='ltr'><strong>ι</strong></span> <span class='ocrx_word' id='word_1_192' title='bbox 533 2499 665 2554; x_wconf 90' lang='lat' dir='ltr'><strong>bant</strong></span> <span class='ocrx_word' id='word_1_193' title='bbox 690 2516 798 2570; x_wconf 89' lang='lat' dir='ltr'><strong>qua</strong></span> <span class='ocrx_word' id='word_1_194' title='bbox 831 2516 898 2556; x_wconf 82' lang='lat' dir='ltr'><strong>ex</strong></span> <span class='ocrx_word' id='word_1_195' title='bbox 930 2516 1093 2556; x_wconf 89' lang='lat' dir='ltr'><strong>causa</strong></span> <span class='ocrx_word' id='word_1_196' title='bbox 1121 2504 1534 2559; x_wconf 85' lang='lat' dir='ltr'><strong>convenissent.</strong></span> <span class='ocrx_word' id='word_1_197' title='bbox 1565 2504 1642 2558; x_wconf 89' lang='lat' dir='ltr'><strong>De</strong></span> <span class='ocrx_word' id='word_1_198' title='bbox 1676 2505 1837 2558; x_wconf 90' lang='lat' dir='ltr'><strong>turba</strong></span> <span class='ocrx_word' id='word_1_199' title='bbox 1864 2511 2049 2559; x_wconf 89' lang='lat' dir='ltr'><strong>autem</strong></span> 
     </span>
    </p>
   </div>
   <div class='ocr_carea' id='block_1_28' title="bbox 473 2592 2048 2664">
    <p class='ocr_par' dir='ltr' id='par_1_28' title="bbox 473 2592 2048 2664">
     <span class='ocr_line' id='line_1_28' title="bbox 473 2592 2048 2664; baseline 0.004 -23"><span class='ocrx_word' id='word_1_200' title='bbox 473 2611 494 2641; x_wconf 74' lang='grc' dir='ltr'><strong>ι</strong></span> <span class='ocrx_word' id='word_1_201' title='bbox 535 2598 928 2661; x_wconf 80' lang='lat' dir='ltr'><strong>protraxerunt</strong></span> <span class='ocrx_word' id='word_1_202' title='bbox 980 2592 1354 2647; x_wconf 79' lang='lat' dir='ltr'><strong>Alexandrum</strong></span> <span class='ocrx_word' id='word_1_203' title='bbox 1380 2634 1394 2658; x_wconf 96' lang='lat'><strong>,</strong></span> <span class='ocrx_word' id='word_1_204' title='bbox 1444 2594 1881 2664; x_wconf 86' lang='lat' dir='ltr'><strong>propellentibus</strong></span> <span class='ocrx_word' id='word_1_205' title='bbox 1921 2609 2048 2649; x_wconf 90' lang='lat' dir='ltr'><strong>eum</strong></span> 
     </span>
    </p>
   </div>
   <div class='ocr_carea' id='block_1_29' title="bbox 475 2684 2049 2756">
    <p class='ocr_par' dir='ltr' id='par_1_29' title="bbox 475 2684 2049 2756">
     <span class='ocr_line' id='line_1_29' title="bbox 475 2684 2049 2756; baseline 0.004 -21"><span class='ocrx_word' id='word_1_206' title='bbox 475 2704 494 2735; x_wconf 76' lang='grc' dir='ltr'><strong>ι</strong></span> <span class='ocrx_word' id='word_1_207' title='bbox 540 2684 763 2740; x_wconf 67' lang='lat' dir='ltr'><strong>Iudaeis.</strong></span> <span class='ocrx_word' id='word_1_208' title='bbox 792 2684 1106 2740; x_wconf 74' lang='lat' dir='ltr'><strong>Alexander</strong></span> <span class='ocrx_word' id='word_1_209' title='bbox 1139 2701 1275 2740; x_wconf 85' lang='lat' dir='ltr'><strong>vero</strong></span> <span class='ocrx_word' id='word_1_210' title='bbox 1308 2688 1584 2756; x_wconf 86' lang='lat' dir='ltr'><strong>postulato</strong></span> <span class='ocrx_word' id='word_1_211' title='bbox 1615 2702 1781 2742; x_wconf 90' lang='lat' dir='ltr'><strong>manu</strong></span> <span class='ocrx_word' id='word_1_212' title='bbox 1808 2686 2049 2752; x_wconf 88' lang='lat' dir='ltr'><strong>silentio,</strong></span> 
     </span>
    </p>
   </div>
   <div class='ocr_carea' id='block_1_30' title="bbox 478 2773 2052 2847">
    <p class='ocr_par' dir='ltr' id='par_1_30' title="bbox 478 2773 2052 2847">
     <span class='ocr_line' id='line_1_30' title="bbox 478 2773 2052 2847; baseline 0.003 -19"><span class='ocrx_word' id='word_1_213' title='bbox 478 2793 498 2827; x_wconf 79' lang='grc' dir='ltr'><strong>ι</strong></span> <span class='ocrx_word' id='word_1_214' title='bbox 538 2773 758 2828; x_wconf 83' lang='lat' dir='ltr'><strong>volebat</strong></span> <span class='ocrx_word' id='word_1_215' title='bbox 792 2773 1061 2830; x_wconf 86' lang='lat' dir='ltr'><strong>rationem</strong></span> <span class='ocrx_word' id='word_1_216' title='bbox 1101 2774 1332 2829; x_wconf 89' lang='lat' dir='ltr'><strong>reddere</strong></span> <span class='ocrx_word' id='word_1_217' title='bbox 1372 2776 1599 2845; x_wconf 90' lang='lat' dir='ltr'><strong>populo.</strong></span> <span class='ocrx_word' id='word_1_218' title='bbox 1623 2775 1780 2847; x_wconf 70' lang='grc'><strong>147</strong></span> <span class='ocrx_word' id='word_1_219' title='bbox 1801 2776 2052 2846; x_wconf 91' lang='lat' dir='ltr'><strong>Cumque</strong></span> 
     </span>
    </p>
   </div>
   <div class='ocr_carea' id='block_1_31' title="bbox 479 2866 2055 2936">
    <p class='ocr_par' dir='ltr' id='par_1_31' title="bbox 479 2866 2055 2936">
     <span class='ocr_line' id='line_1_31' title="bbox 479 2866 2055 2936; baseline 0.003 -19"><span class='ocrx_word' id='word_1_220' title='bbox 479 2884 498 2917; x_wconf 78' lang='grc' dir='ltr'><strong>ι</strong></span> <span class='ocrx_word' id='word_1_221' title='bbox 542 2866 927 2936; x_wconf 68' lang='lat' dir='ltr'><strong>cognovissent</strong></span> <span class='ocrx_word' id='word_1_222' title='bbox 979 2882 1104 2922; x_wconf 91' lang='lat' dir='ltr'><strong>eum</strong></span> <span class='ocrx_word' id='word_1_223' title='bbox 1159 2882 1280 2922; x_wconf 86' lang='lat' dir='ltr'><strong>esse</strong></span> <span class='ocrx_word' id='word_1_224' title='bbox 1325 2866 1597 2932; x_wconf 76' lang='lat' dir='ltr'><strong>Juda-nm,</strong></span> <span class='ocrx_word' id='word_1_225' title='bbox 1644 2883 1749 2923; x_wconf 77' lang='lat' dir='ltr'><strong>vox</strong></span> <span class='ocrx_word' id='word_1_226' title='bbox 1800 2878 1919 2924; x_wconf 90' lang='lat' dir='ltr'><strong>orta</strong></span> <span class='ocrx_word' id='word_1_227' title='bbox 1968 2875 2055 2924; x_wconf 87' lang='lat' dir='ltr'><strong>est</strong></span> 
     </span>
    </p>
   </div>
   <div class='ocr_carea' id='block_1_32' title="bbox 480 2946 2052 3019">
    <p class='ocr_par' dir='ltr' id='par_1_32' title="bbox 480 2946 2052 3019">
     <span class='ocr_line' id='line_1_32' title="bbox 480 2946 2052 3019; baseline 0.004 -8"><span class='ocrx_word' id='word_1_228' title='bbox 480 2976 501 3011; x_wconf 79' lang='grc' dir='ltr'><strong>ι</strong></span> <span class='ocrx_word' id='word_1_229' title='bbox 544 2946 649 3014; x_wconf 71' lang='lat' dir='ltr'><strong>una</strong></span> <span class='ocrx_word' id='word_1_230' title='bbox 694 2959 764 3013; x_wconf 90' lang='lat' dir='ltr'><strong>ab</strong></span> <span class='ocrx_word' id='word_1_231' title='bbox 797 2959 1055 3014; x_wconf 87' lang='lat' dir='ltr'><strong>omnibus</strong></span> <span class='ocrx_word' id='word_1_232' title='bbox 1091 2959 1263 3014; x_wconf 90' lang='lat' dir='ltr'><strong>ferme</strong></span> <span class='ocrx_word' id='word_1_233' title='bbox 1294 2959 1360 3014; x_wconf 91' lang='lat' dir='ltr'><strong>ad</strong></span> <span class='ocrx_word' id='word_1_234' title='bbox 1390 2960 1554 3015; x_wconf 88' lang='lat' dir='ltr'><strong>horas</strong></span> <span class='ocrx_word' id='word_1_235' title='bbox 1582 2961 1733 3019; x_wconf 67' lang='lat' dir='ltr'><strong>duas</strong></span> <span class='ocrx_word' id='word_1_236' title='bbox 1762 2961 2052 3018; x_wconf 88' lang='lat' dir='ltr'><strong>clamanti-</strong></span> 
     </span>
    </p>
   </div>
   <div class='ocr_carea' id='block_1_33' title="bbox 482 3050 1598 3124">
    <p class='ocr_par' dir='ltr' id='par_1_33' title="bbox 482 3050 1598 3124">
     <span class='ocr_line' id='line_1_33' title="bbox 482 3050 1598 3124; baseline 0.003 -20"><span class='ocrx_word' id='word_1_237' title='bbox 482 3071 500 3104; x_wconf 81' lang='grc' dir='ltr'><strong>ι</strong></span> <span class='ocrx_word' id='word_1_238' title='bbox 538 3050 669 3117; x_wconf 87' lang='lat' dir='ltr'><strong>bus,</strong></span> <span class='ocrx_word' id='word_1_239' title='bbox 703 3051 890 3124; x_wconf 73' lang='lat' dir='ltr'><strong>Magna</strong></span> <span class='ocrx_word' id='word_1_240' title='bbox 922 3051 1090 3107; x_wconf 89' lang='lat' dir='ltr'><strong>Diana</strong></span> <span class='ocrx_word' id='word_1_241' title='bbox 1128 3051 1493 3123; x_wconf 87' lang='lat' dir='ltr'><strong>Ephesiorum</strong></span> <span class='ocrx_word' id='word_1_242' title='bbox 1526 3055 1538 3106; x_wconf 78' lang='grc' dir='ltr'>ί</span> <span class='ocrx_word' id='word_1_243' title='bbox 1579 3071 1598 3107; x_wconf 72' lang='grc' dir='ltr'><strong>ι</strong></span> 
     </span>
    </p>
   </div>
   <div class='ocr_carea' id='block_1_34' title="bbox 554 3312 2063 3400">
    <p class='ocr_par' dir='ltr' id='par_1_34' title="bbox 554 3312 2063 3400">
     <span class='ocr_line' id='line_1_34' title="bbox 554 3312 2063 3400; baseline 0.015 -33"><span class='ocrx_word' id='word_1_244' title='bbox 554 3332 574 3367; x_wconf 79' lang='grc' dir='ltr'><strong>ι</strong></span> <span class='ocrx_word' id='word_1_245' title='bbox 606 3312 944 3373; x_wconf 70' lang='lat' dir='ltr'><strong>Confitentes</strong></span> <span class='ocrx_word' id='word_1_246' title='bbox 995 3326 1051 3373; x_wconf 78' lang='lat' dir='ltr'><strong>et</strong></span> <span class='ocrx_word' id='word_1_247' title='bbox 1111 3322 1503 3379; x_wconf 88' lang='lat' dir='ltr'><strong>annuntiantes</strong></span> <span class='ocrx_word' id='word_1_248' title='bbox 1563 3324 1727 3382; x_wconf 88' lang='lat' dir='ltr'><strong>facta.</strong></span> <span class='ocrx_word' id='word_1_249' title='bbox 1762 3344 1780 3379; x_wconf 76' lang='grc' dir='ltr'><strong>ι</strong></span> <span class='ocrx_word' id='word_1_250' title='bbox 1829 3329 2063 3400; x_wconf 89' lang='lat' dir='ltr'><strong>Oportet</strong></span> 
     </span>
    </p>
   </div>
   <div class='ocr_carea' id='block_1_35' title="bbox 481 3408 2063 3484">
    <p class='ocr_par' dir='ltr' id='par_1_35' title="bbox 481 3408 2063 3484">
     <span class='ocr_line' id='line_1_35' title="bbox 481 3408 2063 3484; baseline 0.013 -25"><span class='ocrx_word' id='word_1_251' title='bbox 481 3421 760 3477; x_wconf 89' lang='lat' dir='ltr'><strong>quemque</strong></span> <span class='ocrx_word' id='word_1_252' title='bbox 810 3408 1028 3464; x_wconf 86' lang='lat' dir='ltr'><strong>fidelem</strong></span> <span class='ocrx_word' id='word_1_253' title='bbox 1060 3411 1244 3468; x_wconf 91' lang='lat' dir='ltr'><strong>dicere</strong></span> <span class='ocrx_word' id='word_1_254' title='bbox 1294 3425 1517 3484; x_wconf 86' lang='lat' dir='ltr'><strong>peccata</strong></span> <span class='ocrx_word' id='word_1_255' title='bbox 1547 3433 1645 3472; x_wconf 86' lang='lat' dir='ltr'><strong>sua</strong></span> <span class='ocrx_word' id='word_1_256' title='bbox 1674 3434 1738 3475; x_wconf 90' lang='lat' dir='ltr'><strong>ac</strong></span> <span class='ocrx_word' id='word_1_257' title='bbox 1769 3419 2063 3481; x_wconf 87' lang='lat' dir='ltr'><strong>demittere</strong></span> 
     </span>
    </p>
   </div>
   <div class='ocr_carea' id='block_1_36' title="bbox 472 3498 2062 3583">
    <p class='ocr_par' dir='ltr' id='par_1_36' title="bbox 472 3498 2062 3583">
     <span class='ocr_line' id='line_1_36' title="bbox 472 3498 2062 3583; baseline 0.01 -28"><span class='ocrx_word' id='word_1_258' title='bbox 472 3498 728 3569; x_wconf 38' lang='lat' dir='ltr'><strong>&#39;seipsum</strong></span> <span class='ocrx_word' id='word_1_259' title='bbox 761 3502 1136 3572; x_wconf 80' lang='lat' dir='ltr'><strong>coarguendo,</strong></span> <span class='ocrx_word' id='word_1_260' title='bbox 1160 3505 1238 3559; x_wconf 90' lang='lat' dir='ltr'><strong>sic</strong></span> <span class='ocrx_word' id='word_1_261' title='bbox 1268 3516 1329 3560; x_wconf 89' lang='lat' dir='ltr'><strong>ut</strong></span> <span class='ocrx_word' id='word_1_262' title='bbox 1358 3523 1466 3562; x_wconf 89' lang='lat' dir='ltr'><strong>non</strong></span> <span class='ocrx_word' id='word_1_263' title='bbox 1496 3511 1732 3580; x_wconf 88' lang='lat' dir='ltr'><strong>amplius</strong></span> <span class='ocrx_word' id='word_1_264' title='bbox 1762 3512 1857 3567; x_wconf 82' lang='lat' dir='ltr'><strong>illa‘</strong></span> <span class='ocrx_word' id='word_1_265' title='bbox 1878 3514 2062 3583; x_wconf 81' lang='lat' dir='ltr'><strong>faciat,</strong></span> 
     </span>
    </p>
   </div>
   <div class='ocr_carea' id='block_1_37' title="bbox 477 3589 2065 3667">
    <p class='ocr_par' dir='ltr' id='par_1_37' title="bbox 477 3589 2065 3667">
     <span class='ocr_line' id='line_1_37' title="bbox 477 3589 2065 3667; baseline 0.012 -23"><span class='ocrx_word' id='word_1_266' title='bbox 477 3597 547 3644; x_wconf 81' lang='lat' dir='ltr'><strong>ut</strong></span> <span class='ocrx_word' id='word_1_267' title='bbox 572 3590 908 3659; x_wconf 80' lang='lat' dir='ltr'><strong>iustiﬁcetur</strong></span> <span class='ocrx_word' id='word_1_268' title='bbox 947 3594 1103 3664; x_wconf 80' lang='lat' dir='ltr'><strong>juxta</strong></span> <span class='ocrx_word' id='word_1_269' title='bbox 1147 3589 1199 3650; x_wconf 87' lang='lat' dir='ltr'><strong>id</strong></span> <span class='ocrx_word' id='word_1_270' title='bbox 1245 3599 1392 3667; x_wconf 89' lang='lat' dir='ltr'><strong>quod</strong></span> <span class='ocrx_word' id='word_1_271' title='bbox 1422 3600 1630 3655; x_wconf 91' lang='lat' dir='ltr'><strong>dictum</strong></span> <span class='ocrx_word' id='word_1_272' title='bbox 1665 3613 1789 3660; x_wconf 89' lang='lat' dir='ltr'><strong>est:</strong></span> <span class='ocrx_word' id='word_1_273' title='bbox 1823 3624 1842 3657; x_wconf 78' lang='grc' dir='ltr'><strong>ι</strong></span> <span class='ocrx_word' id='word_1_274' title='bbox 1878 3607 1976 3662; x_wconf 89' lang='lat' dir='ltr'><strong>Dic</strong></span> <span class='ocrx_word' id='word_1_275' title='bbox 2008 3616 2065 3663; x_wconf 91' lang='lat' dir='ltr'><strong>tu</strong></span> 
     </span>
    </p>
   </div>
   <div class='ocr_carea' id='block_1_38' title="bbox 488 3680 2066 3759">
    <p class='ocr_par' dir='ltr' id='par_1_38' title="bbox 488 3680 2066 3759">
     <span class='ocr_line' id='line_1_38' title="bbox 488 3680 2066 3759; baseline 0.015 -27"><span class='ocrx_word' id='word_1_276' title='bbox 488 3680 726 3748; x_wconf 88' lang='lat' dir='ltr'><strong>primum</strong></span> <span class='ocrx_word' id='word_1_277' title='bbox 758 3682 1081 3752; x_wconf 82' lang='lat' dir='ltr'><strong>iniquitates</strong></span> <span class='ocrx_word' id='word_1_278' title='bbox 1112 3694 1252 3752; x_wconf 88' lang='lat' dir='ltr'><strong>tuas,</strong></span> <span class='ocrx_word' id='word_1_279' title='bbox 1285 3698 1342 3743; x_wconf 90' lang='lat' dir='ltr'><strong>ut</strong></span> <span class='ocrx_word' id='word_1_280' title='bbox 1365 3690 1770 3759; x_wconf 71' lang='lat' dir='ltr'><strong>justiﬂccris&quot;.</strong></span> <span class='ocrx_word' id='word_1_281' title='bbox 1812 3714 1830 3748; x_wconf 78' lang='grc' dir='ltr'><strong>ι</strong></span> <span class='ocrx_word' id='word_1_282' title='bbox 1858 3697 2066 3754; x_wconf 88' lang='lat' dir='ltr'><strong>Notan-</strong></span> 
     </span>
    </p>
   </div>
   <div class='ocr_carea' id='block_1_39' title="bbox 482 3770 2068 3859">
    <p class='ocr_par' dir='ltr' id='par_1_39' title="bbox 482 3770 2068 3859">
     <span class='ocr_line' id='line_1_39' title="bbox 482 3770 2068 3859; baseline 0.013 -34"><span class='ocrx_word' id='word_1_283' title='bbox 482 3770 618 3826; x_wconf 83' lang='lat' dir='ltr'><strong>dum</strong></span> <span class='ocrx_word' id='word_1_284' title='bbox 667 3788 800 3829; x_wconf 86' lang='lat' dir='ltr'><strong>vero</strong></span> <span class='ocrx_word' id='word_1_285' title='bbox 837 3776 1001 3830; x_wconf 86' lang='lat' dir='ltr'><strong>etiam</strong></span> <span class='ocrx_word' id='word_1_286' title='bbox 1050 3778 1105 3833; x_wconf 88' lang='lat' dir='ltr'><strong>in</strong></span> <span class='ocrx_word' id='word_1_287' title='bbox 1149 3781 1512 3849; x_wconf 85' lang='lat' dir='ltr'><strong>sequentibus</strong></span> <span class='ocrx_word' id='word_1_288' title='bbox 1557 3785 1702 3854; x_wconf 92' lang='lat' dir='ltr'><strong>quod</strong></span> <span class='ocrx_word' id='word_1_289' title='bbox 1751 3787 1829 3853; x_wconf 90' lang='lat' dir='ltr'><strong>bi,</strong></span> <span class='ocrx_word' id='word_1_290' title='bbox 1874 3789 1967 3859; x_wconf 90' lang='lat' dir='ltr'><strong>qui</strong></span> <span class='ocrx_word' id='word_1_291' title='bbox 2012 3790 2068 3845; x_wconf 90' lang='lat' dir='ltr'><strong>in</strong></span> 
     </span>
    </p>
   </div>
   <div class='ocr_carea' id='block_1_40' title="bbox 474 3862 2072 3944">
    <p class='ocr_par' dir='ltr' id='par_1_40' title="bbox 474 3862 2072 3944">
     <span class='ocr_line' id='line_1_40' title="bbox 474 3862 2072 3944; baseline 0.011 -24"><span class='ocrx_word' id='word_1_292' title='bbox 474 3862 768 3921; x_wconf 75' lang='lat' dir='ltr'><strong>Christum</strong></span> <span class='ocrx_word' id='word_1_293' title='bbox 823 3868 1205 3936; x_wconf 89' lang='lat' dir='ltr'><strong>crediderunt,</strong></span> <span class='ocrx_word' id='word_1_294' title='bbox 1262 3874 1502 3944; x_wconf 79' lang='lat' dir='ltr'><strong>magicos</strong></span> <span class='ocrx_word' id='word_1_295' title='bbox 1568 3875 1743 3933; x_wconf 90' lang='lat' dir='ltr'><strong>libros</strong></span> <span class='ocrx_word' id='word_1_296' title='bbox 1799 3895 1909 3935; x_wconf 89' lang='lat' dir='ltr'><strong>non</strong></span> <span class='ocrx_word' id='word_1_297' title='bbox 1961 3883 2072 3939; x_wconf 89' lang='lat' dir='ltr'><strong>dis-</strong></span> 
     </span>
    </p>
   </div>
   <div class='ocr_carea' id='block_1_41' title="bbox 490 3947 2074 4045">
    <p class='ocr_par' dir='ltr' id='par_1_41' title="bbox 490 3947 2074 4045">
     <span class='ocr_line' id='line_1_41' title="bbox 490 3947 2074 4045; baseline 0.012 -34"><span class='ocrx_word' id='word_1_298' title='bbox 490 3965 779 4012; x_wconf 79' lang='lat' dir='ltr'><strong>traxerunt</strong></span> <span class='ocrx_word' id='word_1_299' title='bbox 813 3976 1127 4032; x_wconf 87' lang='lat' dir='ltr'><strong>quanquam</strong></span> <span class='ocrx_word' id='word_1_300' title='bbox 1172 3947 1401 4033; x_wconf 73' lang='grc' dir='ltr'><strong>ι)τέιίοεί</strong></span> <span class='ocrx_word' id='word_1_301' title='bbox 1448 3978 1671 4034; x_wconf 87' lang='lat' dir='ltr'><strong>essent,</strong></span> <span class='ocrx_word' id='word_1_302' title='bbox 1719 3981 1778 4024; x_wconf 92' lang='lat' dir='ltr'><strong>ut</strong></span> <span class='ocrx_word' id='word_1_303' title='bbox 1811 3973 1906 4042; x_wconf 89' lang='lat' dir='ltr'><strong>qui</strong></span> <span class='ocrx_word' id='word_1_304' title='bbox 1949 3975 2074 4045; x_wconf 87' lang='lat' dir='ltr'><strong>pul-</strong></span> 
     </span>
    </p>
   </div>
   <div class='ocr_carea' id='block_1_42' title="bbox 478 4051 2072 4139">
    <p class='ocr_par' dir='ltr' id='par_1_42' title="bbox 478 4051 2072 4139">
     <span class='ocr_line' id='line_1_42' title="bbox 478 4051 2072 4139; baseline 0.009 -28"><span class='ocrx_word' id='word_1_305' title='bbox 478 4051 763 4113; x_wconf 75' lang='lat' dir='ltr'><strong>cherrima</strong></span> <span class='ocrx_word' id='word_1_306' title='bbox 806 4073 1039 4129; x_wconf 72' lang='lat' dir='ltr'><strong>quaeque</strong></span> <span class='ocrx_word' id='word_1_307' title='bbox 1081 4075 1275 4118; x_wconf 91' lang='lat' dir='ltr'><strong>eorum</strong></span> <span class='ocrx_word' id='word_1_308' title='bbox 1314 4079 1437 4133; x_wconf 73' lang='lat' dir='ltr'><strong>quae</strong></span> <span class='ocrx_word' id='word_1_309' title='bbox 1486 4065 1540 4119; x_wconf 91' lang='lat' dir='ltr'><strong>in</strong></span> <span class='ocrx_word' id='word_1_310' title='bbox 1585 4066 1696 4121; x_wconf 87' lang='lat' dir='ltr'><strong>vita</strong></span> <span class='ocrx_word' id='word_1_311' title='bbox 1738 4070 2072 4139; x_wconf 81' lang='lat' dir='ltr'><strong>gerebantur</strong></span> 
     </span>
    </p>
   </div>
   <div class='ocr_carea' id='block_1_43' title="bbox 485 4149 2072 4232">
    <p class='ocr_par' dir='ltr' id='par_1_43' title="bbox 485 4149 2072 4232">
     <span class='ocr_line' id='line_1_43' title="bbox 485 4149 2072 4232; baseline 0.011 -30"><span class='ocrx_word' id='word_1_312' title='bbox 485 4149 867 4216; x_wconf 74' lang='lat' dir='ltr'><strong>continebant,</strong></span> <span class='ocrx_word' id='word_1_313' title='bbox 900 4152 996 4207; x_wconf 90' lang='lat' dir='ltr'><strong>sed</strong></span> <span class='ocrx_word' id='word_1_314' title='bbox 1039 4164 1371 4211; x_wconf 82' lang='lat' dir='ltr'><strong>exusserunt</strong></span> <span class='ocrx_word' id='word_1_315' title='bbox 1406 4173 1419 4211; x_wconf 94' lang='lat'>:</span> <span class='ocrx_word' id='word_1_316' title='bbox 1449 4154 1581 4215; x_wconf 73' lang='lat' dir='ltr'><strong>licet</strong></span> <span class='ocrx_word' id='word_1_317' title='bbox 1610 4159 1701 4213; x_wconf 89' lang='lat' dir='ltr'><strong>alii</strong></span> <span class='ocrx_word' id='word_1_318' title='bbox 1750 4160 2072 4232; x_wconf 90' lang='lat' dir='ltr'><strong>hujusmodi</strong></span> 
     </span>
    </p>
   </div>
   <div class='ocr_carea' id='block_1_44' title="bbox 490 4240 2073 4320">
    <p class='ocr_par' dir='ltr' id='par_1_44' title="bbox 490 4240 2073 4320">
     <span class='ocr_line' id='line_1_44' title="bbox 490 4240 2073 4320; baseline 0.006 -26"><span class='ocrx_word' id='word_1_319' title='bbox 490 4240 567 4295; x_wconf 87' lang='lat' dir='ltr'><strong>ibi</strong></span> <span class='ocrx_word' id='word_1_320' title='bbox 614 4241 892 4306; x_wconf 88' lang='lat' dir='ltr'><strong>adessent.</strong></span> <span class='ocrx_word' id='word_1_321' title='bbox 942 4245 1039 4315; x_wconf 86' lang='lat' dir='ltr'><strong>qui</strong></span> <span class='ocrx_word' id='word_1_322' title='bbox 1086 4261 1183 4302; x_wconf 87' lang='lat' dir='ltr'><strong>eos</strong></span> <span class='ocrx_word' id='word_1_323' title='bbox 1225 4247 1400 4303; x_wconf 86' lang='lat' dir='ltr'><strong>libros</strong></span> <span class='ocrx_word' id='word_1_324' title='bbox 1445 4249 1550 4304; x_wconf 90' lang='lat' dir='ltr'><strong>sibi</strong></span> <span class='ocrx_word' id='word_1_325' title='bbox 1600 4266 1796 4320; x_wconf 88' lang='lat' dir='ltr'><strong>parare</strong></span> <span class='ocrx_word' id='word_1_326' title='bbox 1846 4253 2073 4317; x_wconf 77' lang='lat' dir='ltr'><strong>vellent.</strong></span> 
     </span>
    </p>
   </div>
   <div class='ocr_carea' id='block_1_45' title="bbox 418 4323 2077 4416">
    <p class='ocr_par' dir='ltr' id='par_1_45' title="bbox 418 4323 2077 4416">
     <span class='ocr_line' id='line_1_45' title="bbox 418 4323 2077 4416; baseline 0.008 -28"><span class='ocrx_word' id='word_1_327' title='bbox 418 4323 431 4333; x_wconf 78' lang='grc'><strong>’</strong></span> <span class='ocrx_word' id='word_1_328' title='bbox 491 4334 737 4390; x_wconf 84' lang='lat' dir='ltr'><strong>Primum</strong></span> <span class='ocrx_word' id='word_1_329' title='bbox 769 4338 989 4407; x_wconf 88' lang='lat' dir='ltr'><strong>quidem</strong></span> <span class='ocrx_word' id='word_1_330' title='bbox 1030 4355 1100 4394; x_wconf 92' lang='lat' dir='ltr'><strong>ne</strong></span> <span class='ocrx_word' id='word_1_331' title='bbox 1124 4340 1249 4410; x_wconf 87' lang='lat' dir='ltr'><strong>quis</strong></span> <span class='ocrx_word' id='word_1_332' title='bbox 1276 4341 1502 4397; x_wconf 69' lang='lat' dir='ltr'><strong>letiferm</strong></span> <span class='ocrx_word' id='word_1_333' title='bbox 1536 4345 1929 4414; x_wconf 79' lang='lat' dir='ltr'><strong>corruptionis,</strong></span> <span class='ocrx_word' id='word_1_334' title='bbox 1955 4362 2077 4416; x_wconf 71' lang='lat' dir='ltr'><strong>qua:</strong></span> 
     </span>
    </p>
   </div>
   <div class='ocr_carea' id='block_1_46' title="bbox 491 4426 2076 4503">
    <p class='ocr_par' dir='ltr' id='par_1_46' title="bbox 491 4426 2076 4503">
     <span class='ocr_line' id='line_1_46' title="bbox 491 4426 2076 4503; baseline 0.008 -22"><span class='ocrx_word' id='word_1_335' title='bbox 491 4427 561 4482; x_wconf 91' lang='lat' dir='ltr'><strong>ab</strong></span> <span class='ocrx_word' id='word_1_336' title='bbox 596 4426 708 4482; x_wconf 88' lang='lat' dir='ltr'><strong>illis</strong></span> <span class='ocrx_word' id='word_1_337' title='bbox 751 4429 1088 4498; x_wconf 73' lang='lat' dir='ltr'><strong>procedebat</strong></span> <span class='ocrx_word' id='word_1_338' title='bbox 1131 4434 1409 4503; x_wconf 84' lang='lat' dir='ltr'><strong>particeps</strong></span> <span class='ocrx_word' id='word_1_339' title='bbox 1457 4434 1637 4490; x_wconf 83' lang='lat' dir='ltr'><strong>ﬁeret.</strong></span> <span class='ocrx_word' id='word_1_340' title='bbox 1689 4436 1898 4492; x_wconf 88' lang='lat' dir='ltr'><strong>Deinde</strong></span> <span class='ocrx_word' id='word_1_341' title='bbox 1944 4453 2076 4493; x_wconf 86' lang='lat' dir='ltr'><strong>vero</strong></span> 
     </span>
    </p>
   </div>
   <div class='ocr_carea' id='block_1_47' title="bbox 491 4524 2077 4605">
    <p class='ocr_par' dir='ltr' id='par_1_47' title="bbox 491 4524 2077 4605">
     <span class='ocr_line' id='line_1_47' title="bbox 491 4524 2077 4605; baseline 0.007 -27"><span class='ocrx_word' id='word_1_342' title='bbox 491 4538 562 4578; x_wconf 88' lang='lat' dir='ltr'><strong>ne</strong></span> <span class='ocrx_word' id='word_1_343' title='bbox 599 4524 882 4593; x_wconf 87' lang='lat' dir='ltr'><strong>quidpiam</strong></span> <span class='ocrx_word' id='word_1_344' title='bbox 931 4541 999 4581; x_wconf 86' lang='lat' dir='ltr'><strong>ex</strong></span> <span class='ocrx_word' id='word_1_345' title='bbox 1044 4526 1361 4595; x_wconf 89' lang='lat' dir='ltr'><strong>hujusmodi</strong></span> <span class='ocrx_word' id='word_1_346' title='bbox 1391 4529 1645 4585; x_wconf 87' lang='lat' dir='ltr'><strong>criminis</strong></span> <span class='ocrx_word' id='word_1_347' title='bbox 1676 4532 1854 4602; x_wconf 89' lang='lat' dir='ltr'><strong>pretio</strong></span> <span class='ocrx_word' id='word_1_348' title='bbox 1885 4534 2077 4605; x_wconf 89' lang='lat' dir='ltr'><strong>acqui-</strong></span> 
     </span>
    </p>
   </div>
   <div class='ocr_carea' id='block_1_48' title="bbox 2132 658 3706 735">
    <p class='ocr_par' dir='ltr' id='par_1_48' title="bbox 2132 658 3706 735">
     <span class='ocr_line' id='line_1_48' title="bbox 2132 658 3706 735; baseline -0.005 -16"><span class='ocrx_word' id='word_1_349' title='bbox 2132 687 2151 719; x_wconf 78' lang='grc' dir='ltr'><strong>ι</strong></span> <span class='ocrx_word' id='word_1_350' title='bbox 2184 667 2371 735; x_wconf 83' lang='grc' dir='ltr'>ὀλίγην</span> <span class='ocrx_word' id='word_1_351' title='bbox 2394 683 2407 696; x_wconf 92' lang='grc'><strong>·</strong></span> <span class='ocrx_word' id='word_1_352' title='bbox 2430 665 2523 729; x_wconf 82' lang='grc' dir='ltr'>οὓς</span> <span class='ocrx_word' id='word_1_353' title='bbox 2546 664 2709 719; x_wconf 70' lang='lat' dir='ltr'><strong>cava-’3</strong></span> <span class='ocrx_word' id='word_1_354' title='bbox 2722 662 2927 733; x_wconf 88' lang='grc' dir='ltr'>ροίσας,</span> <span class='ocrx_word' id='word_1_355' title='bbox 2954 661 3195 723; x_wconf 71' lang='grc' dir='ltr'>καὶτοὺς</span> <span class='ocrx_word' id='word_1_356' title='bbox 3223 659 3351 730; x_wconf 75' lang='grc' dir='ltr'>περὶ</span> <span class='ocrx_word' id='word_1_357' title='bbox 3374 658 3443 712; x_wconf 77' lang='grc' dir='ltr'>τὰ</span> <span class='ocrx_word' id='word_1_358' title='bbox 3465 658 3706 712; x_wconf 80' lang='grc' dir='ltr'>τοιαῦτα</span> 
     </span>
    </p>
   </div>
   <div class='ocr_carea' id='block_1_49' title="bbox 2134 751 3703 830">
    <p class='ocr_par' dir='ltr' id='par_1_49' title="bbox 2134 751 3703 830">
     <span class='ocr_line' id='line_1_49' title="bbox 2134 751 3703 830; baseline -0.005 -18"><span class='ocrx_word' id='word_1_359' title='bbox 2134 780 2152 813; x_wconf 80' lang='grc' dir='ltr'><strong>ι</strong></span> <span class='ocrx_word' id='word_1_360' title='bbox 2194 759 2447 830; x_wconf 77' lang='grc' dir='ltr'><strong>ἐργάτας,</strong></span> <span class='ocrx_word' id='word_1_361' title='bbox 2485 754 2637 810; x_wconf 71' lang='grc' dir='ltr'>εἶπεν</span> <span class='ocrx_word' id='word_1_362' title='bbox 2661 773 2676 787; x_wconf 74' lang='grc' dir='ltr'><strong>ο</strong></span> <span class='ocrx_word' id='word_1_363' title='bbox 2721 755 2969 826; x_wconf 76' lang='grc' dir='ltr'>Ἀνδρες,</span> <span class='ocrx_word' id='word_1_364' title='bbox 3006 753 3321 817; x_wconf 70' lang='grc' dir='ltr'>ἐπίστασθε,</span> <span class='ocrx_word' id='word_1_365' title='bbox 3349 753 3432 805; x_wconf 81' lang='grc' dir='ltr'>ὅτι</span> <span class='ocrx_word' id='word_1_366' title='bbox 3466 751 3530 805; x_wconf 83' lang='grc' dir='ltr'>ὲκ</span> <span class='ocrx_word' id='word_1_367' title='bbox 3555 751 3703 804; x_wconf 84' lang='grc' dir='ltr'>ταύ-</span> 
     </span>
    </p>
   </div>
   <div class='ocr_carea' id='block_1_50' title="bbox 2135 842 3706 920">
    <p class='ocr_par' dir='ltr' id='par_1_50' title="bbox 2135 842 3706 920">
     <span class='ocr_line' id='line_1_50' title="bbox 2135 842 3706 920; baseline -0.006 -17"><span class='ocrx_word' id='word_1_368' title='bbox 2135 872 2152 903; x_wconf 82' lang='grc' dir='ltr'><strong>ι</strong></span> <span class='ocrx_word' id='word_1_369' title='bbox 2192 869 2287 920; x_wconf 88' lang='grc' dir='ltr'><strong>της</strong></span> <span class='ocrx_word' id='word_1_370' title='bbox 2310 851 2406 920; x_wconf 81' lang='grc' dir='ltr'>τῆς</span> <span class='ocrx_word' id='word_1_371' title='bbox 2427 849 2686 920; x_wconf 70' lang='grc' dir='ltr'>ἐργασίας</span> <span class='ocrx_word' id='word_1_372' title='bbox 2718 849 2752 919; x_wconf 83' lang='grc' dir='ltr'><strong>ή</strong></span> <span class='ocrx_word' id='word_1_373' title='bbox 2780 846 3011 915; x_wconf 76' lang='grc' dir='ltr'>εὐπορία</span> <span class='ocrx_word' id='word_1_374' title='bbox 3034 844 3191 917; x_wconf 83' lang='grc' dir='ltr'>ἡμῶν</span> <span class='ocrx_word' id='word_1_375' title='bbox 3218 845 3366 897; x_wconf 75' lang='grc' dir='ltr'>ἔστι·</span> <span class='ocrx_word' id='word_1_376' title='bbox 3414 842 3509 897; x_wconf 74' lang='grc' dir='ltr'><strong>καὶ</strong></span> <span class='ocrx_word' id='word_1_377' title='bbox 3559 842 3706 895; x_wconf 79' lang='grc' dir='ltr'>θεω-</span> 
     </span>
    </p>
   </div>
   <div class='ocr_carea' id='block_1_51' title="bbox 2136 931 3708 1014">
    <p class='ocr_par' dir='ltr' id='par_1_51' title="bbox 2136 931 3708 1014">
     <span class='ocr_line' id='line_1_51' title="bbox 2136 931 3708 1014; baseline -0.007 -18"><span class='ocrx_word' id='word_1_378' title='bbox 2136 961 2154 995; x_wconf 76' lang='grc' dir='ltr'><strong>ι</strong></span> <span class='ocrx_word' id='word_1_379' title='bbox 2196 944 2338 1014; x_wconf 85' lang='grc' dir='ltr'>ρεῖτε</span> <span class='ocrx_word' id='word_1_380' title='bbox 2388 940 2482 994; x_wconf 82' lang='grc' dir='ltr'>καὶ</span> <span class='ocrx_word' id='word_1_381' title='bbox 2533 938 2781 1003; x_wconf 80' lang='grc' dir='ltr'>ἀκούετε,</span> <span class='ocrx_word' id='word_1_382' title='bbox 2832 938 2913 991; x_wconf 84' lang='grc' dir='ltr'><strong>ὅτι</strong></span> <span class='ocrx_word' id='word_1_383' title='bbox 2956 938 3015 989; x_wconf 76' lang='grc' dir='ltr'>οὗ</span> <span class='ocrx_word' id='word_1_384' title='bbox 3071 934 3266 1005; x_wconf 84' lang='grc' dir='ltr'>μόνον’</span> <span class='ocrx_word' id='word_1_385' title='bbox 3295 934 3529 1001; x_wconf 69' lang='grc' dir='ltr'>Εερέσου,</span> <span class='ocrx_word' id='word_1_386' title='bbox 3559 931 3708 986; x_wconf 60' lang='grc' dir='ltr'>ἀλλὰ</span> 
     </span>
    </p>
   </div>
   <div class='ocr_carea' id='block_1_52' title="bbox 2137 1019 3715 1103">
    <p class='ocr_par' dir='ltr' id='par_1_52' title="bbox 2137 1019 3715 1103">
     <span class='ocr_line' id='line_1_52' title="bbox 2137 1019 3715 1103; baseline -0.005 -18"><span class='ocrx_word' id='word_1_387' title='bbox 2137 1052 2155 1085; x_wconf 81' lang='grc' dir='ltr'><strong>ι</strong></span> <span class='ocrx_word' id='word_1_388' title='bbox 2196 1033 2380 1103; x_wconf 78' lang='grc' dir='ltr'>σχεδὸν</span> <span class='ocrx_word' id='word_1_389' title='bbox 2407 1032 2585 1103; x_wconf 80' lang='grc' dir='ltr'>πάσης</span> <span class='ocrx_word' id='word_1_390' title='bbox 2613 1032 2709 1101; x_wconf 85' lang='grc' dir='ltr'>τῆς</span> <span class='ocrx_word' id='word_1_391' title='bbox 2768 1029 2952 1090; x_wconf 80' lang='grc' dir='ltr'>Ἀσίας</span> <span class='ocrx_word' id='word_1_392' title='bbox 2975 1029 3004 1081; x_wconf 83' lang='grc' dir='ltr'><strong>ό</strong></span> <span class='ocrx_word' id='word_1_393' title='bbox 3034 1027 3251 1091; x_wconf 75' lang='grc' dir='ltr'>,Παῦλος</span> <span class='ocrx_word' id='word_1_394' title='bbox 3305 1019 3461 1090; x_wconf 72' lang='grc' dir='ltr'>οὗτος</span> <span class='ocrx_word' id='word_1_395' title='bbox 3504 1026 3715 1089; x_wconf 74' lang='grc' dir='ltr'>πείσας</span> 
     </span>
    </p>
   </div>
   <div class='ocr_carea' id='block_1_53' title="bbox 2138 1118 3715 1198">
    <p class='ocr_par' dir='ltr' id='par_1_53' title="bbox 2138 1118 3715 1198">
     <span class='ocr_line' id='line_1_53' title="bbox 2138 1118 3715 1198; baseline -0.006 -17"><span class='ocrx_word' id='word_1_396' title='bbox 2138 1147 2157 1181; x_wconf 80' lang='grc' dir='ltr'><strong>ι</strong></span> <span class='ocrx_word' id='word_1_397' title='bbox 2195 1127 2524 1198; x_wconf 83' lang='grc' dir='ltr'><strong>μετέστησεν</strong></span> <span class='ocrx_word' id='word_1_398' title='bbox 2554 1118 2958 1193; x_wconf 56' lang='grc' dir='ltr'>ίκανδνᾚχλον,</span> <span class='ocrx_word' id='word_1_399' title='bbox 3031 1120 3249 1188; x_wconf 84' lang='grc' dir='ltr'>λέγων,</span> <span class='ocrx_word' id='word_1_400' title='bbox 3307 1121 3389 1175; x_wconf 84' lang='grc' dir='ltr'><strong>ὅτι</strong></span> <span class='ocrx_word' id='word_1_401' title='bbox 3431 1120 3546 1174; x_wconf 83' lang='grc' dir='ltr'><strong>Ούκ</strong></span> <span class='ocrx_word' id='word_1_402' title='bbox 3593 1119 3715 1173; x_wconf 67' lang='grc' dir='ltr'>εἰσὶ</span> 
     </span>
    </p>
   </div>
   <div class='ocr_carea' id='block_1_54' title="bbox 2140 1208 3717 1287">
    <p class='ocr_par' dir='ltr' id='par_1_54' title="bbox 2140 1208 3717 1287">
     <span class='ocr_line' id='line_1_54' title="bbox 2140 1208 3717 1287; baseline -0.006 -15"><span class='ocrx_word' id='word_1_403' title='bbox 2140 1239 2157 1272; x_wconf 83' lang='grc' dir='ltr'><strong>ι</strong></span> <span class='ocrx_word' id='word_1_404' title='bbox 2195 1220 2305 1273; x_wconf 68' lang='grc' dir='ltr'>Οεοὶ</span> <span class='ocrx_word' id='word_1_405' title='bbox 2334 1219 2405 1271; x_wconf 78' lang='grc' dir='ltr'><strong>ὀἱ</strong></span> <span class='ocrx_word' id='word_1_406' title='bbox 2446 1216 2533 1270; x_wconf 84' lang='grc' dir='ltr'><strong>διὰ</strong></span> <span class='ocrx_word' id='word_1_407' title='bbox 2586 1214 2787 1287; x_wconf 84' lang='grc' dir='ltr'>χειρῶν</span> <span class='ocrx_word' id='word_1_408' title='bbox 2830 1214 3128 1284; x_wconf 85' lang='grc' dir='ltr'>γινόμενοι.</span> <span class='ocrx_word' id='word_1_409' title='bbox 3155 1212 3230 1266; x_wconf 86' lang='grc' dir='ltr'>Ού</span> <span class='ocrx_word' id='word_1_410' title='bbox 3280 1211 3439 1283; x_wconf 85' lang='grc' dir='ltr'>μόνον</span> <span class='ocrx_word' id='word_1_411' title='bbox 3459 1210 3516 1264; x_wconf 74' lang='grc' dir='ltr'><strong>δὲ</strong></span> <span class='ocrx_word' id='word_1_412' title='bbox 3542 1208 3717 1263; x_wconf 76' lang='grc' dir='ltr'>τοῦτο</span> 
     </span>
    </p>
   </div>
   <div class='ocr_carea' id='block_1_55' title="bbox 2141 1302 3714 1379">
    <p class='ocr_par' dir='ltr' id='par_1_55' title="bbox 2141 1302 3714 1379">
     <span class='ocr_line' id='line_1_55' title="bbox 2141 1302 3714 1379; baseline -0.007 -14"><span class='ocrx_word' id='word_1_413' title='bbox 2141 1334 2159 1365; x_wconf 80' lang='grc' dir='ltr'><strong>ι</strong></span> <span class='ocrx_word' id='word_1_414' title='bbox 2198 1308 2496 1365; x_wconf 83' lang='grc' dir='ltr'><strong>κινδυνεύει</strong></span> <span class='ocrx_word' id='word_1_415' title='bbox 2526 1311 2657 1378; x_wconf 83' lang='grc' dir='ltr'>ἡμῖν</span> <span class='ocrx_word' id='word_1_416' title='bbox 2700 1308 2761 1362; x_wconf 76' lang='grc' dir='ltr'><strong>τὸ</strong></span> <span class='ocrx_word' id='word_1_417' title='bbox 2814 1306 2977 1379; x_wconf 81' lang='grc' dir='ltr'><strong>μέρος</strong></span> <span class='ocrx_word' id='word_1_418' title='bbox 3024 1306 3104 1370; x_wconf 84' lang='grc' dir='ltr'>είς</span> <span class='ocrx_word' id='word_1_419' title='bbox 3149 1302 3459 1375; x_wconf 86' lang='grc' dir='ltr'>ἀπελεγμδν</span> <span class='ocrx_word' id='word_1_420' title='bbox 3506 1302 3714 1368; x_wconf 77' lang='grc' dir='ltr'>ἐλθεῖν,</span> 
     </span>
    </p>
   </div>
   <div class='ocr_carea' id='block_1_56' title="bbox 2143 1392 3719 1479">
    <p class='ocr_par' dir='ltr' id='par_1_56' title="bbox 2143 1392 3719 1479">
     <span class='ocr_line' id='line_1_56' title="bbox 2143 1392 3719 1479; baseline -0.007 -23"><span class='ocrx_word' id='word_1_421' title='bbox 2143 1424 2160 1456; x_wconf 81' lang='grc' dir='ltr'><strong>ι</strong></span> <span class='ocrx_word' id='word_1_422' title='bbox 2192 1402 2325 1457; x_wconf 83' lang='grc' dir='ltr'><strong>ἀλλά</strong></span> <span class='ocrx_word' id='word_1_423' title='bbox 2360 1401 2458 1455; x_wconf 70' lang='grc' dir='ltr'>καὶ</span> <span class='ocrx_word' id='word_1_424' title='bbox 2491 1402 2551 1455; x_wconf 82' lang='grc' dir='ltr'>τὸ</span> <span class='ocrx_word' id='word_1_425' title='bbox 2581 1401 2679 1471; x_wconf 78' lang='grc' dir='ltr'>τῆς</span> <span class='ocrx_word' id='word_1_426' title='bbox 2712 1399 2954 1471; x_wconf 82' lang='grc' dir='ltr'><strong>μεγάλης</strong></span> <span class='ocrx_word' id='word_1_427' title='bbox 3005 1397 3133 1459; x_wconf 78' lang='grc' dir='ltr'>θεᾶς</span> <span class='ocrx_word' id='word_1_428' title='bbox 3189 1395 3509 1466; x_wconf 79' lang='grc' dir='ltr'>Ἀρτέμιδος</span> <span class='ocrx_word' id='word_1_429' title='bbox 3556 1392 3719 1479; x_wconf 66' lang='grc' dir='ltr'>ίερδν</span> 
     </span>
    </p>
   </div>
   <div class='ocr_carea' id='block_1_57' title="bbox 2144 1486 3720 1564">
    <p class='ocr_par' dir='ltr' id='par_1_57' title="bbox 2144 1486 3720 1564">
     <span class='ocr_line' id='line_1_57' title="bbox 2144 1486 3720 1564; baseline -0.008 -13"><span class='ocrx_word' id='word_1_430' title='bbox 2144 1518 2162 1551; x_wconf 83' lang='grc' dir='ltr'><strong>ι</strong></span> <span class='ocrx_word' id='word_1_431' title='bbox 2200 1501 2278 1562; x_wconf 87' lang='grc' dir='ltr'><strong>είς</strong></span> <span class='ocrx_word' id='word_1_432' title='bbox 2302 1495 2455 1549; x_wconf 70' lang='grc' dir='ltr'><strong>οὐδὲν</strong></span> <span class='ocrx_word' id='word_1_433' title='bbox 2474 1492 2815 1564; x_wconf 74' lang='grc' dir='ltr'>λογισθῆναι,</span> <span class='ocrx_word' id='word_1_434' title='bbox 2852 1490 3068 1562; x_wconf 78' lang='grc' dir='ltr'>μέλλειν</span> <span class='ocrx_word' id='word_1_435' title='bbox 3101 1506 3161 1543; x_wconf 87' lang='grc' dir='ltr'>τε</span> <span class='ocrx_word' id='word_1_436' title='bbox 3189 1490 3282 1544; x_wconf 71' lang='grc' dir='ltr'><strong>καὶ</strong></span> <span class='ocrx_word' id='word_1_437' title='bbox 3330 1486 3720 1557; x_wconf 75' lang='grc' dir='ltr'><strong>καθαιρεῖσθαι</strong></span> 
     </span>
    </p>
   </div>
   <div class='ocr_carea' id='block_1_58' title="bbox 2142 1578 3721 1660">
    <p class='ocr_par' dir='ltr' id='par_1_58' title="bbox 2142 1578 3721 1660">
     <span class='ocr_line' id='line_1_58' title="bbox 2142 1578 3721 1660; baseline -0.008 -17"><span class='ocrx_word' id='word_1_438' title='bbox 2142 1610 2160 1642; x_wconf 82' lang='grc' dir='ltr'><strong>ι</strong></span> <span class='ocrx_word' id='word_1_439' title='bbox 2198 1589 2299 1660; x_wconf 85' lang='grc' dir='ltr'><strong>τὴν</strong></span> <span class='ocrx_word' id='word_1_440' title='bbox 2330 1587 2727 1659; x_wconf 86' lang='grc' dir='ltr'>μεγαλειότητα</span> <span class='ocrx_word' id='word_1_441' title='bbox 2749 1584 2940 1653; x_wconf 76' lang='grc' dir='ltr'>αὐτῆς,</span> <span class='ocrx_word' id='word_1_442' title='bbox 2962 1582 3029 1654; x_wconf 80' lang='grc' dir='ltr'>ἢν</span> <span class='ocrx_word' id='word_1_443' title='bbox 3057 1581 3154 1650; x_wconf 81' lang='grc' dir='ltr'><strong>ὅλη</strong></span> <span class='ocrx_word' id='word_1_444' title='bbox 3180 1581 3212 1651; x_wconf 78' lang='grc' dir='ltr'>ἡ</span> <span class='ocrx_word' id='word_1_445' title='bbox 3239 1578 3396 1633; x_wconf 80' lang='grc' dir='ltr'>Ἀσία</span> <span class='ocrx_word' id='word_1_446' title='bbox 3417 1581 3511 1633; x_wconf 72' lang='grc' dir='ltr'>καὶ</span> <span class='ocrx_word' id='word_1_447' title='bbox 3538 1578 3575 1650; x_wconf 83' lang='grc' dir='ltr'><strong>ή</strong></span> <span class='ocrx_word' id='word_1_448' title='bbox 3627 1578 3721 1635; x_wconf 73' lang='lat' dir='ltr'><strong>ol-</strong></span> 
     </span>
    </p>
   </div>
   <div class='ocr_carea' id='block_1_59' title="bbox 2147 1669 3721 1755">
    <p class='ocr_par' dir='ltr' id='par_1_59' title="bbox 2147 1669 3721 1755">
     <span class='ocr_line' id='line_1_59' title="bbox 2147 1669 3721 1755; baseline -0.008 -22"><span class='ocrx_word' id='word_1_449' title='bbox 2147 1700 2164 1733; x_wconf 82' lang='grc' dir='ltr'><strong>ι</strong></span> <span class='ocrx_word' id='word_1_450' title='bbox 2202 1678 2440 1751; x_wconf 82' lang='grc' dir='ltr'>κουμένη</span> <span class='ocrx_word' id='word_1_451' title='bbox 2473 1677 2710 1730; x_wconf 83' lang='grc' dir='ltr'>σέϐεται.</span> <span class='ocrx_word' id='word_1_452' title='bbox 2759 1673 3119 1735; x_wconf 79' lang='grc' dir='ltr'><strong>Ἀκούσαντες</strong></span> <span class='ocrx_word' id='word_1_453' title='bbox 3170 1671 3227 1725; x_wconf 78' lang='grc' dir='ltr'><strong>δὲ</strong></span> <span class='ocrx_word' id='word_1_454' title='bbox 3276 1671 3372 1725; x_wconf 73' lang='grc' dir='ltr'><strong>καὶ</strong></span> <span class='ocrx_word' id='word_1_455' title='bbox 3426 1669 3721 1755; x_wconf 79' lang='grc' dir='ltr'>γενόμενοι</span> 
     </span>
    </p>
   </div>
   <div class='ocr_carea' id='block_1_60' title="bbox 2148 1761 3727 1842">
    <p class='ocr_par' dir='ltr' id='par_1_60' title="bbox 2148 1761 3727 1842">
     <span class='ocr_line' id='line_1_60' title="bbox 2148 1761 3727 1842; baseline -0.008 -17"><span class='ocrx_word' id='word_1_456' title='bbox 2148 1793 2166 1825; x_wconf 77' lang='grc' dir='ltr'><strong>ι</strong></span> <span class='ocrx_word' id='word_1_457' title='bbox 2205 1772 2428 1842; x_wconf 77' lang='grc' dir='ltr'>πλήρεις</span> <span class='ocrx_word' id='word_1_458' title='bbox 2453 1768 2624 1840; x_wconf 77' lang='grc' dir='ltr'><strong>Θυμοῦ</strong></span> <span class='ocrx_word' id='word_1_459' title='bbox 2656 1766 2886 1834; x_wconf 78' lang='grc' dir='ltr'><strong>ἔκραζον</strong></span> <span class='ocrx_word' id='word_1_460' title='bbox 2920 1764 3203 1832; x_wconf 85' lang='grc' dir='ltr'>λέγοντες’</span> <span class='ocrx_word' id='word_1_461' title='bbox 3252 1761 3479 1829; x_wconf 71' lang='grc' dir='ltr'>Μεγάλη</span> <span class='ocrx_word' id='word_1_462' title='bbox 3518 1761 3551 1830; x_wconf 80' lang='grc' dir='ltr'><strong>ἡ</strong></span> <span class='ocrx_word' id='word_1_463' title='bbox 3584 1761 3727 1830; x_wconf 74' lang='grc' dir='ltr'><strong>Ἀρ-</strong></span> 
     </span>
    </p>
   </div>
   <div class='ocr_carea' id='block_1_61' title="bbox 2150 1852 3726 1935">
    <p class='ocr_par' dir='ltr' id='par_1_61' title="bbox 2150 1852 3726 1935">
     <span class='ocr_line' id='line_1_61' title="bbox 2150 1852 3726 1935; baseline -0.008 -18"><span class='ocrx_word' id='word_1_464' title='bbox 2150 1886 2168 1917; x_wconf 74' lang='grc' dir='ltr'><strong>ι</strong></span> <span class='ocrx_word' id='word_1_465' title='bbox 2204 1882 2361 1935; x_wconf 81' lang='grc' dir='ltr'>τεμις</span> <span class='ocrx_word' id='word_1_466' title='bbox 2392 1852 2659 1930; x_wconf 78' lang='grc' dir='ltr'>Ἐφεσίων</span> <span class='ocrx_word' id='word_1_467' title='bbox 2688 1860 2703 1913; x_wconf 86' lang='lat' dir='ltr'><strong>l</strong></span> <span class='ocrx_word' id='word_1_468' title='bbox 2735 1857 2848 1912; x_wconf 72' lang='grc' dir='ltr'><strong>Καὶ</strong></span> <span class='ocrx_word' id='word_1_469' title='bbox 2910 1855 3155 1926; x_wconf 72' lang='grc' dir='ltr'>ἐπλήσθη</span> <span class='ocrx_word' id='word_1_470' title='bbox 3204 1856 3238 1925; x_wconf 80' lang='grc' dir='ltr'>ἡ</span> <span class='ocrx_word' id='word_1_471' title='bbox 3274 1854 3428 1917; x_wconf 85' lang='grc' dir='ltr'>πόλις</span> <span class='ocrx_word' id='word_1_472' title='bbox 3464 1853 3563 1922; x_wconf 83' lang='grc' dir='ltr'>ὅλη</span> <span class='ocrx_word' id='word_1_473' title='bbox 3616 1852 3726 1919; x_wconf 80' lang='grc' dir='ltr'>τῆς</span> 
     </span>
    </p>
   </div>
   <div class='ocr_carea' id='block_1_62' title="bbox 2154 1944 3726 2027">
    <p class='ocr_par' dir='ltr' id='par_1_62' title="bbox 2154 1944 3726 2027">
     <span class='ocr_line' id='line_1_62' title="bbox 2154 1944 3726 2027; baseline -0.008 -15"><span class='ocrx_word' id='word_1_474' title='bbox 2154 1979 2171 2011; x_wconf 82' lang='grc' dir='ltr'><strong>ι</strong></span> <span class='ocrx_word' id='word_1_475' title='bbox 2224 1956 2561 2027; x_wconf 85' lang='grc' dir='ltr'>συγχύσεως,</span> <span class='ocrx_word' id='word_1_476' title='bbox 2593 1952 2863 2024; x_wconf 75' lang='grc' dir='ltr'>ὥρμησάν</span> <span class='ocrx_word' id='word_1_477' title='bbox 2884 1967 2942 2003; x_wconf 86' lang='grc' dir='ltr'><strong>τε</strong></span> <span class='ocrx_word' id='word_1_478' title='bbox 2972 1948 3311 2019; x_wconf 74' lang='grc' dir='ltr'><strong>ὁμοθυμαδὸν</strong></span> <span class='ocrx_word' id='word_1_479' title='bbox 3340 1948 3419 2011; x_wconf 87' lang='grc' dir='ltr'>είς</span> <span class='ocrx_word' id='word_1_480' title='bbox 3472 1945 3534 1999; x_wconf 75' lang='grc' dir='ltr'><strong>τὸ</strong></span> <span class='ocrx_word' id='word_1_481' title='bbox 3590 1944 3726 2000; x_wconf 68' lang='grc' dir='ltr'>θέα-</span> 
     </span>
    </p>
   </div>
   <div class='ocr_carea' id='block_1_63' title="bbox 2156 2040 3729 2122">
    <p class='ocr_par' dir='ltr' id='par_1_63' title="bbox 2156 2040 3729 2122">
     <span class='ocr_line' id='line_1_63' title="bbox 2156 2040 3729 2122; baseline -0.008 -18"><span class='ocrx_word' id='word_1_482' title='bbox 2156 2072 2174 2104; x_wconf 82' lang='grc' dir='ltr'><strong>ι</strong></span> <span class='ocrx_word' id='word_1_483' title='bbox 2208 2068 2334 2122; x_wconf 86' lang='grc' dir='ltr'>τρον</span> <span class='ocrx_word' id='word_1_484' title='bbox 2405 2048 2850 2118; x_wconf 83' lang='grc' dir='ltr'>συναρπάσαντες</span> <span class='ocrx_word' id='word_1_485' title='bbox 2936 2042 3096 2096; x_wconf 77' lang='grc' dir='ltr'>Γαῖον</span> <span class='ocrx_word' id='word_1_486' title='bbox 3180 2041 3275 2099; x_wconf 78' lang='grc' dir='ltr'><strong>καὶ</strong></span> <span class='ocrx_word' id='word_1_487' title='bbox 3361 2040 3729 2111; x_wconf 78' lang='grc' dir='ltr'>Ἀρίσταρχον</span> 
     </span>
    </p>
   </div>
   <div class='ocr_carea' id='block_1_64' title="bbox 2154 2130 3729 2205">
    <p class='ocr_par' dir='ltr' id='par_1_64' title="bbox 2154 2130 3729 2205">
     <span class='ocr_line' id='line_1_64' title="bbox 2154 2130 3729 2205; baseline -0.01 -9"><span class='ocrx_word' id='word_1_488' title='bbox 2154 2164 2172 2196; x_wconf 79' lang='grc' dir='ltr'><strong>ι</strong></span> <span class='ocrx_word' id='word_1_489' title='bbox 2208 2140 2525 2203; x_wconf 79' lang='grc' dir='ltr'><strong>Μακεδόνας</strong></span> <span class='ocrx_word' id='word_1_490' title='bbox 2552 2134 2921 2205; x_wconf 73' lang='grc' dir='ltr'>συνεκδήμους</span> <span class='ocrx_word' id='word_1_491' title='bbox 2948 2132 3040 2187; x_wconf 76' lang='grc' dir='ltr'><strong>τοῦ</strong></span> <span class='ocrx_word' id='word_1_492' title='bbox 3062 2131 3294 2186; x_wconf 78' lang='grc' dir='ltr'>Παύλου.</span> <span class='ocrx_word' id='word_1_493' title='bbox 3314 2130 3420 2184; x_wconf 79' lang='grc' dir='ltr'><strong>Τοῦ</strong></span> <span class='ocrx_word' id='word_1_494' title='bbox 3433 2131 3489 2182; x_wconf 80' lang='grc' dir='ltr'>δὲ</span> <span class='ocrx_word' id='word_1_495' title='bbox 3506 2130 3729 2185; x_wconf 82' lang='grc' dir='ltr'>Παύλου</span> 
     </span>
    </p>
   </div>
   <div class='ocr_carea' id='block_1_65' title="bbox 2156 2221 3732 2307">
    <p class='ocr_par' dir='ltr' id='par_1_65' title="bbox 2156 2221 3732 2307">
     <span class='ocr_line' id='line_1_65' title="bbox 2156 2221 3732 2307; baseline -0.011 -16"><span class='ocrx_word' id='word_1_496' title='bbox 2156 2258 2174 2291; x_wconf 80' lang='grc' dir='ltr'><strong>ι</strong></span> <span class='ocrx_word' id='word_1_497' title='bbox 2212 2234 2536 2307; x_wconf 77' lang='grc' dir='ltr'>βουλομένου</span> <span class='ocrx_word' id='word_1_498' title='bbox 2571 2229 2832 2285; x_wconf 75' lang='grc' dir='ltr'>εἰσελθεῖν</span> <span class='ocrx_word' id='word_1_499' title='bbox 2850 2228 2928 2291; x_wconf 89' lang='grc' dir='ltr'>είς</span> <span class='ocrx_word' id='word_1_500' title='bbox 2945 2227 3036 2280; x_wconf 70' lang='grc' dir='ltr'>τὸν</span> <span class='ocrx_word' id='word_1_501' title='bbox 3060 2226 3254 2296; x_wconf 78' lang='grc' dir='ltr'>δῆμον,</span> <span class='ocrx_word' id='word_1_502' title='bbox 3284 2224 3384 2277; x_wconf 72' lang='grc' dir='ltr'>οὐκ</span> <span class='ocrx_word' id='word_1_503' title='bbox 3416 2225 3542 2278; x_wconf 85' lang='grc' dir='ltr'>είων</span> <span class='ocrx_word' id='word_1_504' title='bbox 3561 2221 3732 2276; x_wconf 72' lang='grc' dir='ltr'>αὐτὸν</span> 
     </span>
    </p>
   </div>
   <div class='ocr_carea' id='block_1_66' title="bbox 2156 2312 3733 2398">
    <p class='ocr_par' dir='ltr' id='par_1_66' title="bbox 2156 2312 3733 2398">
     <span class='ocr_line' id='line_1_66' title="bbox 2156 2312 3733 2398; baseline -0.012 -15"><span class='ocrx_word' id='word_1_505' title='bbox 2156 2350 2173 2383; x_wconf 79' lang='grc' dir='ltr'><strong>ι</strong></span> <span class='ocrx_word' id='word_1_506' title='bbox 2212 2330 2260 2383; x_wconf 83' lang='grc' dir='ltr'>οἱ</span> <span class='ocrx_word' id='word_1_507' title='bbox 2292 2325 2548 2398; x_wconf 80' lang='grc' dir='ltr'>μαθηταί.</span> <span class='ocrx_word' id='word_1_508' title='bbox 2610 2322 2767 2385; x_wconf 80' lang='grc' dir='ltr'>Τινὲς</span> <span class='ocrx_word' id='word_1_509' title='bbox 2801 2320 2860 2374; x_wconf 81' lang='grc' dir='ltr'><strong>δὲ</strong></span> <span class='ocrx_word' id='word_1_510' title='bbox 2896 2320 2988 2375; x_wconf 70' lang='grc' dir='ltr'><strong>καὶ</strong></span> <span class='ocrx_word' id='word_1_511' title='bbox 3038 2318 3146 2370; x_wconf 82' lang='grc' dir='ltr'><strong>τῶν</strong></span> <span class='ocrx_word' id='word_1_512' title='bbox 3184 2312 3516 2387; x_wconf 83' lang='grc' dir='ltr'>Ἀσιαρχῶν,</span> <span class='ocrx_word' id='word_1_513' title='bbox 3570 2312 3733 2376; x_wconf 72' lang='grc' dir='ltr'>ὅντες</span> 
     </span>
    </p>
   </div>
   <div class='ocr_carea' id='block_1_67' title="bbox 2156 2406 3732 2489">
    <p class='ocr_par' dir='ltr' id='par_1_67' title="bbox 2156 2406 3732 2489">
     <span class='ocr_line' id='line_1_67' title="bbox 2156 2406 3732 2489; baseline -0.01 -16"><span class='ocrx_word' id='word_1_514' title='bbox 2156 2440 2175 2473; x_wconf 76' lang='grc' dir='ltr'><strong>ι</strong></span> <span class='ocrx_word' id='word_1_515' title='bbox 2209 2419 2358 2489; x_wconf 75' lang='grc' dir='ltr'>αὐτῷ</span> <span class='ocrx_word' id='word_1_516' title='bbox 2384 2418 2547 2485; x_wconf 83' lang='grc' dir='ltr'>φίλοι,</span> <span class='ocrx_word' id='word_1_517' title='bbox 2582 2413 2905 2483; x_wconf 69' lang='grc' dir='ltr'>πέμψαντες</span> <span class='ocrx_word' id='word_1_518' title='bbox 2942 2410 3078 2481; x_wconf 78' lang='grc' dir='ltr'>πρὸς</span> <span class='ocrx_word' id='word_1_519' title='bbox 3108 2407 3298 2474; x_wconf 78' lang='grc' dir='ltr'>αὑτὸν,</span> <span class='ocrx_word' id='word_1_520' title='bbox 3355 2406 3732 2475; x_wconf 76' lang='grc' dir='ltr'>παρεκάλουν,</span> 
     </span>
    </p>
   </div>
   <div class='ocr_carea' id='block_1_68' title="bbox 2158 2494 3737 2584">
    <p class='ocr_par' dir='ltr' id='par_1_68' title="bbox 2158 2494 3737 2584">
     <span class='ocr_line' id='line_1_68' title="bbox 2158 2494 3737 2584; baseline -0.01 -17"><span class='ocrx_word' id='word_1_521' title='bbox 2158 2534 2177 2567; x_wconf 80' lang='grc' dir='ltr'><strong>ι</strong></span> <span class='ocrx_word' id='word_1_522' title='bbox 2226 2513 2301 2584; x_wconf 82' lang='grc' dir='ltr'><strong>μὴ</strong></span> <span class='ocrx_word' id='word_1_523' title='bbox 2334 2510 2515 2566; x_wconf 81' lang='grc' dir='ltr'>δοῦναι</span> <span class='ocrx_word' id='word_1_524' title='bbox 2548 2506 2740 2563; x_wconf 72' lang='grc' dir='ltr'>ἑαυτὸν</span> <span class='ocrx_word' id='word_1_525' title='bbox 2771 2506 2851 2568; x_wconf 85' lang='grc' dir='ltr'>εἰς</span> <span class='ocrx_word' id='word_1_526' title='bbox 2875 2505 2934 2557; x_wconf 74' lang='grc' dir='ltr'>τὺ</span> <span class='ocrx_word' id='word_1_527' title='bbox 2967 2502 3215 2572; x_wconf 80' lang='grc' dir='ltr'>θέατρον.</span> <span class='ocrx_word' id='word_1_528' title='bbox 3275 2498 3455 2554; x_wconf 73' lang='grc' dir='ltr'>Ἄλλοι</span> <span class='ocrx_word' id='word_1_529' title='bbox 3505 2498 3607 2568; x_wconf 80' lang='grc' dir='ltr'>μὲν</span> <span class='ocrx_word' id='word_1_530' title='bbox 3635 2494 3737 2552; x_wconf 72' lang='grc' dir='ltr'>οὖν</span> 
     </span>
    </p>
   </div>
   <div class='ocr_carea' id='block_1_69' title="bbox 2160 2592 3736 2674">
    <p class='ocr_par' dir='ltr' id='par_1_69' title="bbox 2160 2592 3736 2674">
     <span class='ocr_line' id='line_1_69' title="bbox 2160 2592 3736 2674; baseline -0.012 -13"><span class='ocrx_word' id='word_1_531' title='bbox 2160 2631 2177 2660; x_wconf 87' lang='grc'><strong><em>‹</em></strong></span> <span class='ocrx_word' id='word_1_532' title='bbox 2218 2606 2346 2661; x_wconf 75' lang='grc' dir='ltr'>ἄλλο</span> <span class='ocrx_word' id='word_1_533' title='bbox 2372 2623 2423 2658; x_wconf 87' lang='grc' dir='ltr'><strong>τι</strong></span> <span class='ocrx_word' id='word_1_534' title='bbox 2450 2599 2701 2674; x_wconf 75' lang='grc' dir='ltr'><strong>ἔκραζον.</strong></span> <span class='ocrx_word' id='word_1_535' title='bbox 2727 2592 2837 2651; x_wconf 81' lang='grc' dir='ltr'><strong>Ἦν</strong></span> <span class='ocrx_word' id='word_1_536' title='bbox 2885 2594 2993 2667; x_wconf 77' lang='grc' dir='ltr'>γὰρ</span> <span class='ocrx_word' id='word_1_537' title='bbox 3038 2596 3071 2664; x_wconf 84' lang='grc' dir='ltr'>ἡ</span> <span class='ocrx_word' id='word_1_538' title='bbox 3124 2592 3393 2662; x_wconf 77' lang='grc' dir='ltr'><strong>ἐκκλησία</strong></span> <span class='ocrx_word' id='word_1_539' title='bbox 3448 2607 3736 2660; x_wconf 71' lang='grc' dir='ltr'>,συγκεχυ-</span> 
     </span>
    </p>
   </div>
   <div class='ocr_carea' id='block_1_70' title="bbox 2159 2682 3737 2771">
    <p class='ocr_par' dir='ltr' id='par_1_70' title="bbox 2159 2682 3737 2771">
     <span class='ocr_line' id='line_1_70' title="bbox 2159 2682 3737 2771; baseline -0.012 -19"><span class='ocrx_word' id='word_1_540' title='bbox 2159 2719 2176 2751; x_wconf 80' lang='grc' dir='ltr'><strong>ι</strong></span> <span class='ocrx_word' id='word_1_541' title='bbox 2216 2699 2373 2771; x_wconf 84' lang='grc' dir='ltr'>μένη.</span> <span class='ocrx_word' id='word_1_542' title='bbox 2409 2695 2520 2750; x_wconf 73' lang='grc' dir='ltr'><strong>Καὶ</strong></span> <span class='ocrx_word' id='word_1_543' title='bbox 2553 2693 2605 2747; x_wconf 71' lang='lat' dir='ltr'><strong>oi</strong></span> <span class='ocrx_word' id='word_1_544' title='bbox 2656 2690 2878 2753; x_wconf 82' lang='grc' dir='ltr'>πλείους</span> <span class='ocrx_word' id='word_1_545' title='bbox 2920 2688 3018 2740; x_wconf 85' lang='grc' dir='ltr'>ούκ</span> <span class='ocrx_word' id='word_1_546' title='bbox 3057 2686 3300 2757; x_wconf 73' lang='grc' dir='ltr'>ᾔδεισαν,</span> <span class='ocrx_word' id='word_1_547' title='bbox 3348 2682 3493 2744; x_wconf 84' lang='grc' dir='ltr'>τίνος</span> <span class='ocrx_word' id='word_1_548' title='bbox 3542 2682 3737 2734; x_wconf 73' lang='grc' dir='ltr'>ἕνεκεν</span> 
     </span>
    </p>
   </div>
   <div class='ocr_carea' id='block_1_71' title="bbox 2160 2772 3738 2859">
    <p class='ocr_par' dir='ltr' id='par_1_71' title="bbox 2160 2772 3738 2859">
     <span class='ocr_line' id='line_1_71' title="bbox 2160 2772 3738 2859; baseline -0.015 -15"><span class='ocrx_word' id='word_1_549' title='bbox 2160 2810 2178 2844; x_wconf 79' lang='grc' dir='ltr'><strong>ι</strong></span> <span class='ocrx_word' id='word_1_550' title='bbox 2219 2787 2664 2859; x_wconf 75' lang='grc' dir='ltr'>συνεληλύθεσαν.</span> <span class='ocrx_word' id='word_1_551' title='bbox 2722 2784 2820 2835; x_wconf 83' lang='grc' dir='ltr'><strong>Ἐκ</strong></span> <span class='ocrx_word' id='word_1_552' title='bbox 2875 2780 2931 2834; x_wconf 82' lang='grc' dir='ltr'><strong>δὲ</strong></span> <span class='ocrx_word' id='word_1_553' title='bbox 2990 2778 3083 2835; x_wconf 74' lang='grc' dir='ltr'>τοῦ</span> <span class='ocrx_word' id='word_1_554' title='bbox 3134 2777 3295 2848; x_wconf 70' lang='grc' dir='ltr'>ὖχλοθ.)</span> <span class='ocrx_word' id='word_1_555' title='bbox 3361 2772 3738 2844; x_wconf 81' lang='grc' dir='ltr'>προεϐίϐασαν</span> 
     </span>
    </p>
   </div>
   <div class='ocr_carea' id='block_1_72' title="bbox 2161 2863 3740 2950">
    <p class='ocr_par' dir='ltr' id='par_1_72' title="bbox 2161 2863 3740 2950">
     <span class='ocr_line' id='line_1_72' title="bbox 2161 2863 3740 2950; baseline -0.013 -13"><span class='ocrx_word' id='word_1_556' title='bbox 2161 2903 2177 2936; x_wconf 83' lang='grc' dir='ltr'><strong>ι</strong></span> <span class='ocrx_word' id='word_1_557' title='bbox 2216 2880 2586 2950; x_wconf 75' lang='grc' dir='ltr'>Ἀλέξανδρον,</span> <span class='ocrx_word' id='word_1_558' title='bbox 2608 2874 2988 2947; x_wconf 80' lang='grc' dir='ltr'>προϐαλόντων</span> <span class='ocrx_word' id='word_1_559' title='bbox 3014 2870 3176 2924; x_wconf 72' lang='grc' dir='ltr'>αὑτὸν</span> <span class='ocrx_word' id='word_1_560' title='bbox 3208 2868 3316 2922; x_wconf 80' lang='grc' dir='ltr'>τῶν</span> <span class='ocrx_word' id='word_1_561' title='bbox 3340 2866 3635 2920; x_wconf 73' lang='grc' dir='ltr'><strong>Ἰουδαίων.</strong></span> <span class='ocrx_word' id='word_1_562' title='bbox 3675 2863 3740 2918; x_wconf 87' lang='lat'><strong>&#39;0</strong></span> 
     </span>
    </p>
   </div>
   <div class='ocr_carea' id='block_1_73' title="bbox 2162 2958 3743 3041">
    <p class='ocr_par' dir='ltr' id='par_1_73' title="bbox 2162 2958 3743 3041">
     <span class='ocr_line' id='line_1_73' title="bbox 2162 2958 3743 3041; baseline -0.015 -9"><span class='ocrx_word' id='word_1_563' title='bbox 2162 3000 2179 3031; x_wconf 79' lang='grc' dir='ltr'><strong>ι</strong></span> <span class='ocrx_word' id='word_1_564' title='bbox 2218 2978 2277 3032; x_wconf 81' lang='grc' dir='ltr'><strong>δὲ</strong></span> <span class='ocrx_word' id='word_1_565' title='bbox 2293 2972 2643 3041; x_wconf 77' lang='grc' dir='ltr'>Ἀλέξανδρος</span> <span class='ocrx_word' id='word_1_566' title='bbox 2666 2966 2994 3027; x_wconf 71' lang='grc' dir='ltr'>κατασείσας</span> <span class='ocrx_word' id='word_1_567' title='bbox 3041 2962 3138 3033; x_wconf 74' lang='grc' dir='ltr'><strong>τὴν</strong></span> <span class='ocrx_word' id='word_1_568' title='bbox 3165 2964 3344 3033; x_wconf 78' lang='grc' dir='ltr'>χεῖρα,</span> <span class='ocrx_word' id='word_1_569' title='bbox 3380 2958 3570 3031; x_wconf 70' lang='grc' dir='ltr'>ἢθελεν</span> <span class='ocrx_word' id='word_1_570' title='bbox 3597 2958 3743 3010; x_wconf 84' lang='grc' dir='ltr'>ἀπο-</span> 
     </span>
    </p>
   </div>
   <div class='ocr_carea' id='block_1_74' title="bbox 2164 3046 3738 3133">
    <p class='ocr_par' dir='ltr' id='par_1_74' title="bbox 2164 3046 3738 3133">
     <span class='ocr_line' id='line_1_74' title="bbox 2164 3046 3738 3133; baseline -0.014 -13"><span class='ocrx_word' id='word_1_571' title='bbox 2164 3087 2181 3120; x_wconf 77' lang='grc' dir='ltr'><strong>ι</strong></span> <span class='ocrx_word' id='word_1_572' title='bbox 2225 3062 2501 3133; x_wconf 81' lang='grc' dir='ltr'>λογεῖσοαι</span> <span class='ocrx_word' id='word_1_573' title='bbox 2531 3059 2608 3130; x_wconf 79' lang='grc' dir='ltr'>τῷ</span> <span class='ocrx_word' id='word_1_574' title='bbox 2632 3059 2813 3127; x_wconf 77' lang='grc' dir='ltr'>δήμῳ.</span> <span class='ocrx_word' id='word_1_575' title='bbox 2859 3053 3223 3119; x_wconf 80' lang='grc' dir='ltr'>Ἐπιγνὸντων</span> <span class='ocrx_word' id='word_1_576' title='bbox 3291 3051 3346 3105; x_wconf 83' lang='grc' dir='ltr'><strong>δὲ</strong></span> <span class='ocrx_word' id='word_1_577' title='bbox 3371 3050 3452 3102; x_wconf 79' lang='grc' dir='ltr'>ὅτι</span> <span class='ocrx_word' id='word_1_578' title='bbox 3481 3046 3738 3104; x_wconf 78' lang='grc' dir='ltr'>Ἰουδαῖός</span> 
     </span>
    </p>
   </div>
   <div class='ocr_carea' id='block_1_75' title="bbox 2163 3138 3744 3223">
    <p class='ocr_par' dir='ltr' id='par_1_75' title="bbox 2163 3138 3744 3223">
     <span class='ocr_line' id='line_1_75' title="bbox 2163 3138 3744 3223; baseline -0.015 -11"><span class='ocrx_word' id='word_1_579' title='bbox 2163 3178 2181 3210; x_wconf 77' lang='grc' dir='ltr'><strong>ι</strong></span> <span class='ocrx_word' id='word_1_580' title='bbox 2218 3160 2354 3220; x_wconf 68' lang='grc' dir='ltr'>ἐστι,</span> <span class='ocrx_word' id='word_1_581' title='bbox 2388 3154 2538 3223; x_wconf 83' lang='grc' dir='ltr'>φωνὴ</span> <span class='ocrx_word' id='word_1_582' title='bbox 2574 3150 2787 3218; x_wconf 76' lang='grc' dir='ltr'>ἐγένετο</span> <span class='ocrx_word' id='word_1_583' title='bbox 2819 3146 2916 3215; x_wconf 79' lang='grc' dir='ltr'>μία</span> <span class='ocrx_word' id='word_1_584' title='bbox 2968 3146 3031 3197; x_wconf 75' lang='grc' dir='ltr'>ἐκ</span> <span class='ocrx_word' id='word_1_585' title='bbox 3078 3146 3317 3205; x_wconf 77' lang='grc' dir='ltr'>πάντων,</span> <span class='ocrx_word' id='word_1_586' title='bbox 3347 3141 3420 3204; x_wconf 83' lang='grc' dir='ltr'><strong>ὼς</strong></span> <span class='ocrx_word' id='word_1_587' title='bbox 3475 3138 3566 3193; x_wconf 71' lang='grc' dir='ltr'>ἐπὶ</span> <span class='ocrx_word' id='word_1_588' title='bbox 3588 3139 3744 3206; x_wconf 80' lang='grc' dir='ltr'>ὥρας</span> 
     </span>
    </p>
   </div>
   <div class='ocr_carea' id='block_1_76' title="bbox 2068 3230 3658 3319">
    <p class='ocr_par' dir='ltr' id='par_1_76' title="bbox 2068 3230 3658 3319">
     <span class='ocr_line' id='line_1_76' title="bbox 2068 3230 3658 3319; baseline -0.016 -11"><span class='ocrx_word' id='word_1_589' title='bbox 2068 3254 2116 3319; x_wconf 82' lang='lat' dir='ltr'>C</span> <span class='ocrx_word' id='word_1_590' title='bbox 2155 3274 2174 3308; x_wconf 78' lang='grc' dir='ltr'><strong>ι</strong></span> <span class='ocrx_word' id='word_1_591' title='bbox 2212 3250 2305 3307; x_wconf 82' lang='grc' dir='ltr'><strong>δύο</strong></span> <span class='ocrx_word' id='word_1_592' title='bbox 2332 3245 2662 3316; x_wconf 76' lang='grc' dir='ltr'><strong>κραζόντων·</strong></span> <span class='ocrx_word' id='word_1_593' title='bbox 2692 3238 2919 3307; x_wconf 77' lang='grc' dir='ltr'>Μεγάλη</span> <span class='ocrx_word' id='word_1_594' title='bbox 2945 3238 2983 3305; x_wconf 78' lang='grc' dir='ltr'>ἡ</span> <span class='ocrx_word' id='word_1_595' title='bbox 3004 3236 3265 3305; x_wconf 65' lang='grc' dir='ltr'>Ἄρτεμις</span> <span class='ocrx_word' id='word_1_596' title='bbox 3304 3231 3566 3301; x_wconf 73' lang='grc' dir='ltr'>Ἐφεσίων</span> <span class='ocrx_word' id='word_1_597' title='bbox 3594 3230 3607 3283; x_wconf 89' lang='lat'><strong>!</strong></span> <span class='ocrx_word' id='word_1_598' title='bbox 3638 3249 3658 3282; x_wconf 72' lang='grc' dir='ltr'><strong>ι</strong></span> 
     </span>
    </p>
   </div>
   <div class='ocr_carea' id='block_1_77' title="bbox 2247 3320 3744 3408">
    <p class='ocr_par' dir='ltr' id='par_1_77' title="bbox 2247 3320 3744 3408">
     <span class='ocr_line' id='line_1_77' title="bbox 2247 3320 3744 3408; baseline -0.022 -13"><span class='ocrx_word' id='word_1_599' title='bbox 2247 3361 2266 3396; x_wconf 81' lang='grc' dir='ltr'><strong>ι</strong></span> <span class='ocrx_word' id='word_1_600' title='bbox 2303 3332 2820 3408; x_wconf 79' lang='grc' dir='ltr'>Ἐξομολογούμενοι</span> <span class='ocrx_word' id='word_1_601' title='bbox 2856 3329 2949 3380; x_wconf 65' lang='grc' dir='ltr'>καὶ</span> <span class='ocrx_word' id='word_1_602' title='bbox 2978 3323 3404 3392; x_wconf 78' lang='grc' dir='ltr'>ἀναγγέλλοντες</span> <span class='ocrx_word' id='word_1_603' title='bbox 3439 3322 3539 3385; x_wconf 78' lang='grc' dir='ltr'><strong>τὰς</strong></span> <span class='ocrx_word' id='word_1_604' title='bbox 3596 3320 3744 3391; x_wconf 76' lang='grc' dir='ltr'><strong>πρά.</strong></span> 
     </span>
    </p>
   </div>
   <div class='ocr_carea' id='block_1_78' title="bbox 2167 3411 3742 3502">
    <p class='ocr_par' dir='ltr' id='par_1_78' title="bbox 2167 3411 3742 3502">
     <span class='ocr_line' id='line_1_78' title="bbox 2167 3411 3742 3502; baseline -0.018 -12"><span class='ocrx_word' id='word_1_605' title='bbox 2167 3436 2297 3502; x_wconf 82' lang='grc' dir='ltr'>ξεις.</span> <span class='ocrx_word' id='word_1_606' title='bbox 2342 3450 2360 3484; x_wconf 79' lang='grc' dir='ltr'><strong>ι</strong></span> <span class='ocrx_word' id='word_1_607' title='bbox 2398 3430 2488 3482; x_wconf 81' lang='grc' dir='ltr'><strong>Δεῖ</strong></span> <span class='ocrx_word' id='word_1_608' title='bbox 2511 3426 2691 3479; x_wconf 85' lang='grc' dir='ltr'>πάντα</span> <span class='ocrx_word' id='word_1_609' title='bbox 2731 3420 2919 3475; x_wconf 72' lang='grc' dir='ltr'>πιστὸν</span> <span class='ocrx_word' id='word_1_610' title='bbox 2967 3418 3148 3487; x_wconf 83' lang='grc' dir='ltr'>λέγειν</span> <span class='ocrx_word' id='word_1_611' title='bbox 3178 3415 3275 3480; x_wconf 72' lang='grc' dir='ltr'>τὰς</span> <span class='ocrx_word' id='word_1_612' title='bbox 3307 3411 3503 3468; x_wconf 76' lang='grc' dir='ltr'>ἑαυτοῦ</span> <span class='ocrx_word' id='word_1_613' title='bbox 3557 3413 3742 3484; x_wconf 84' lang='grc' dir='ltr'>ἀμαρ-</span> 
     </span>
    </p>
   </div>
   <div class='ocr_carea' id='block_1_79' title="bbox 2166 3506 3742 3590">
    <p class='ocr_par' dir='ltr' id='par_1_79' title="bbox 2166 3506 3742 3590">
     <span class='ocr_line' id='line_1_79' title="bbox 2166 3506 3742 3590; baseline -0.018 -7"><span class='ocrx_word' id='word_1_614' title='bbox 2166 3529 2307 3590; x_wconf 77' lang='grc' dir='ltr'>τίας,</span> <span class='ocrx_word' id='word_1_615' title='bbox 2339 3523 2436 3578; x_wconf 82' lang='grc' dir='ltr'><strong>καὶ</strong></span> <span class='ocrx_word' id='word_1_616' title='bbox 2461 3514 2860 3575; x_wconf 85' lang='grc' dir='ltr'>ἀποτάττεσθαι</span> <span class='ocrx_word' id='word_1_617' title='bbox 2891 3510 2982 3565; x_wconf 74' lang='grc' dir='ltr'><strong>διὰ</strong></span> <span class='ocrx_word' id='word_1_618' title='bbox 3009 3510 3101 3564; x_wconf 83' lang='grc' dir='ltr'>τοῦ</span> <span class='ocrx_word' id='word_1_619' title='bbox 3134 3508 3324 3563; x_wconf 73' lang='grc' dir='ltr'>ἑαυτὸν</span> <span class='ocrx_word' id='word_1_620' title='bbox 3353 3506 3621 3576; x_wconf 72' lang='grc' dir='ltr'>ἐλέγχειν,</span> <span class='ocrx_word' id='word_1_621' title='bbox 3647 3506 3742 3557; x_wconf 73' lang='grc' dir='ltr'>τοῦ</span> 
     </span>
    </p>
   </div>
   <div class='ocr_carea' id='block_1_80' title="bbox 2170 3594 3743 3689">
    <p class='ocr_par' dir='ltr' id='par_1_80' title="bbox 2170 3594 3743 3689">
     <span class='ocr_line' id='line_1_80' title="bbox 2170 3594 3743 3689; baseline -0.018 -19"><span class='ocrx_word' id='word_1_622' title='bbox 2170 3614 2373 3689; x_wconf 80' lang='grc' dir='ltr'>μηκέτι</span> <span class='ocrx_word' id='word_1_623' title='bbox 2404 3610 2579 3665; x_wconf 79' lang='grc' dir='ltr'>ποιεῖν</span> <span class='ocrx_word' id='word_1_624' title='bbox 2607 3605 2675 3659; x_wconf 79' lang='grc' dir='ltr'>τὰ</span> <span class='ocrx_word' id='word_1_625' title='bbox 2704 3602 2865 3666; x_wconf 80' lang='grc' dir='ltr'>αὐτὰ,</span> <span class='ocrx_word' id='word_1_626' title='bbox 2890 3600 2976 3653; x_wconf 82' lang='grc' dir='ltr'><strong>ἴνα</strong></span> <span class='ocrx_word' id='word_1_627' title='bbox 3016 3595 3279 3689; x_wconf 79' lang='grc' dir='ltr'>δικαιωθῇ</span> <span class='ocrx_word' id='word_1_628' title='bbox 3308 3595 3449 3689; x_wconf 72' lang='grc' dir='ltr'>κατὰ</span> <span class='ocrx_word' id='word_1_629' title='bbox 3480 3595 3543 3689; x_wconf 60' lang='grc' dir='ltr'><strong>το</strong></span> <span class='ocrx_word' id='word_1_630' title='bbox 3586 3594 3743 3689; x_wconf 70' lang='grc' dir='ltr'>είρη-</span> 
     </span>
    </p>
   </div>
   <div class='ocr_carea' id='block_1_81' title="bbox 2174 3684 3744 3781">
    <p class='ocr_par' dir='ltr' id='par_1_81' title="bbox 2174 3684 3744 3781">
     <span class='ocr_line' id='line_1_81' title="bbox 2174 3684 3744 3781; baseline -0.017 -19"><span class='ocrx_word' id='word_1_631' title='bbox 2174 3684 2364 3781; x_wconf 57' lang='grc' dir='ltr'>μένον</span> <span class='ocrx_word' id='word_1_632' title='bbox 2411 3722 2431 3755; x_wconf 78' lang='grc' dir='ltr'><strong>ι</strong></span> <span class='ocrx_word' id='word_1_633' title='bbox 2474 3699 2619 3768; x_wconf 78' lang='grc' dir='ltr'>Λέγε</span> <span class='ocrx_word' id='word_1_634' title='bbox 2654 3696 2717 3750; x_wconf 82' lang='grc' dir='ltr'>σὺ</span> <span class='ocrx_word' id='word_1_635' title='bbox 2780 3691 2993 3763; x_wconf 79' lang='grc' dir='ltr'>πρῶτος</span> <span class='ocrx_word' id='word_1_636' title='bbox 3025 3688 3123 3752; x_wconf 78' lang='grc' dir='ltr'>τὰς</span> <span class='ocrx_word' id='word_1_637' title='bbox 3171 3686 3467 3781; x_wconf 73' lang='grc' dir='ltr'>ἁμαρτίας,</span> <span class='ocrx_word' id='word_1_638' title='bbox 3519 3684 3606 3781; x_wconf 71' lang='grc' dir='ltr'>ίνα</span> <span class='ocrx_word' id='word_1_639' title='bbox 3649 3685 3744 3781; x_wconf 21' lang='grc' dir='ltr'><strong>δι*-</strong></span> 
     </span>
    </p>
   </div>
   <div class='ocr_carea' id='block_1_82' title="bbox 2171 3778 3745 3868">
    <p class='ocr_par' dir='ltr' id='par_1_82' title="bbox 2171 3778 3745 3868">
     <span class='ocr_line' id='line_1_82' title="bbox 2171 3778 3745 3868; baseline -0.022 -12"><span class='ocrx_word' id='word_1_640' title='bbox 2171 3778 2463 3868; x_wconf 74' lang='grc' dir='ltr'><strong>καιωῦῇς.›</strong></span> <span class='ocrx_word' id='word_1_641' title='bbox 2499 3787 2841 3864; x_wconf 79' lang='grc' dir='ltr'>Σημειωτέον</span> <span class='ocrx_word' id='word_1_642' title='bbox 2868 3785 2924 3839; x_wconf 78' lang='grc' dir='ltr'><strong>δὲ</strong></span> <span class='ocrx_word' id='word_1_643' title='bbox 2956 3784 3049 3837; x_wconf 80' lang='grc' dir='ltr'>καὶ</span> <span class='ocrx_word' id='word_1_644' title='bbox 3082 3784 3138 3836; x_wconf 85' lang='grc' dir='ltr'><strong>ὲν</strong></span> <span class='ocrx_word' id='word_1_645' title='bbox 3159 3784 3272 3845; x_wconf 84' lang='grc' dir='ltr'>τοῖς</span> <span class='ocrx_word' id='word_1_646' title='bbox 3305 3778 3501 3850; x_wconf 77' lang='grc' dir='ltr'>ἐφεξῆς</span> <span class='ocrx_word' id='word_1_647' title='bbox 3521 3778 3745 3833; x_wconf 77' lang='grc' dir='ltr'>ὅτικαε-</span> 
     </span>
    </p>
   </div>
   <div class='ocr_carea' id='block_1_83' title="bbox 2169 3870 3740 3957">
    <p class='ocr_par' dir='ltr' id='par_1_83' title="bbox 2169 3870 3740 3957">
     <span class='ocr_line' id='line_1_83' title="bbox 2169 3870 3740 3957; baseline -0.015 -9"><span class='ocrx_word' id='word_1_648' title='bbox 2169 3912 2253 3949; x_wconf 84' lang='grc' dir='ltr'><strong>τοι</strong></span> <span class='ocrx_word' id='word_1_649' title='bbox 2287 3889 2619 3957; x_wconf 87' lang='grc' dir='ltr'>πολυτίμους</span> <span class='ocrx_word' id='word_1_650' title='bbox 2651 3882 2817 3944; x_wconf 75' lang='grc' dir='ltr'>οὔσας</span> <span class='ocrx_word' id='word_1_651' title='bbox 2851 3879 2950 3943; x_wconf 84' lang='grc' dir='ltr'><strong>τὰς</strong></span> <span class='ocrx_word' id='word_1_652' title='bbox 2985 3874 3247 3946; x_wconf 86' lang='grc' dir='ltr'>γοητικάς</span> <span class='ocrx_word' id='word_1_653' title='bbox 3278 3873 3459 3927; x_wconf 84' lang='grc' dir='ltr'>αὐτῶν</span> <span class='ocrx_word' id='word_1_654' title='bbox 3501 3870 3740 3942; x_wconf 83' lang='grc' dir='ltr'>βίϐλους,</span> 
     </span>
    </p>
   </div>
   <div class='ocr_carea' id='block_1_84' title="bbox 2170 3959 3745 4051">
    <p class='ocr_par' dir='ltr' id='par_1_84' title="bbox 2170 3959 3745 4051">
     <span class='ocr_line' id='line_1_84' title="bbox 2170 3959 3745 4051; baseline -0.015 -14"><span class='ocrx_word' id='word_1_655' title='bbox 2170 3986 2244 4048; x_wconf 80' lang='grc' dir='ltr'><strong>ὡς</strong></span> <span class='ocrx_word' id='word_1_656' title='bbox 2274 3981 2381 4035; x_wconf 84' lang='grc' dir='ltr'><strong>τῶν</strong></span> <span class='ocrx_word' id='word_1_657' title='bbox 2413 3981 2470 4031; x_wconf 84' lang='grc' dir='ltr'><strong>ὲν</strong></span> <span class='ocrx_word' id='word_1_658' title='bbox 2506 3976 2607 4046; x_wconf 85' lang='grc' dir='ltr'>βίῳ</span> <span class='ocrx_word' id='word_1_659' title='bbox 2630 3969 2867 4051; x_wconf 68' lang='grc' dir='ltr'>ἐχουσῶν</span> <span class='ocrx_word' id='word_1_660' title='bbox 2895 3967 2965 4021; x_wconf 81' lang='grc' dir='ltr'>τὰ</span> <span class='ocrx_word' id='word_1_661' title='bbox 3007 3965 3290 4051; x_wconf 78' lang='grc' dir='ltr'>κάλλιστα,</span> <span class='ocrx_word' id='word_1_662' title='bbox 3324 3962 3374 4015; x_wconf 90' lang='grc' dir='ltr'><strong>οί</strong></span> <span class='ocrx_word' id='word_1_663' title='bbox 3400 3963 3480 4023; x_wconf 89' lang='grc' dir='ltr'>είς</span> <span class='ocrx_word' id='word_1_664' title='bbox 3506 3959 3745 4031; x_wconf 75' lang='grc' dir='ltr'>Χριστὸν</span> 
     </span>
    </p>
   </div>
   <div class='ocr_carea' id='block_1_85' title="bbox 2174 4049 3747 4130">
    <p class='ocr_par' dir='ltr' id='par_1_85' title="bbox 2174 4049 3747 4130">
     <span class='ocr_line' id='line_1_85' title="bbox 2174 4049 3747 4130; baseline -0.02 -1"><span class='ocrx_word' id='word_1_665' title='bbox 2174 4070 2580 4130; x_wconf 78' lang='grc' dir='ltr'>πιστεύσαντες,</span> <span class='ocrx_word' id='word_1_666' title='bbox 2649 4049 2760 4117; x_wconf 79' lang='grc' dir='ltr'>οὐκ</span> <span class='ocrx_word' id='word_1_667' title='bbox 2794 4057 3102 4129; x_wconf 82' lang='grc' dir='ltr'>ὲπὼλησαν,</span> <span class='ocrx_word' id='word_1_668' title='bbox 3126 4049 3135 4053; x_wconf 65' lang='grc'><strong>’</strong></span> <span class='ocrx_word' id='word_1_669' title='bbox 3157 4053 3270 4107; x_wconf 83' lang='grc' dir='ltr'>ἀλλ’</span> <span class='ocrx_word' id='word_1_670' title='bbox 3295 4051 3309 4078; x_wconf 86' lang='grc'><strong><em>⁸</em></strong></span> <span class='ocrx_word' id='word_1_671' title='bbox 3336 4051 3602 4114; x_wconf 70' lang='grc' dir='ltr'>ἔκαυσαν,</span> <span class='ocrx_word' id='word_1_672' title='bbox 3627 4051 3747 4103; x_wconf 80' lang='grc' dir='ltr'>καί-</span> 
     </span>
    </p>
   </div>
   <div class='ocr_carea' id='block_1_86' title="bbox 2173 4141 3747 4232">
    <p class='ocr_par' dir='ltr' id='par_1_86' title="bbox 2173 4141 3747 4232">
     <span class='ocr_line' id='line_1_86' title="bbox 2173 4141 3747 4232; baseline -0.018 -12"><span class='ocrx_word' id='word_1_673' title='bbox 2173 4181 2321 4232; x_wconf 87' lang='grc' dir='ltr'>τοιγε</span> <span class='ocrx_word' id='word_1_674' title='bbox 2381 4159 2559 4215; x_wconf 76' lang='grc' dir='ltr'>ἄλλων</span> <span class='ocrx_word' id='word_1_675' title='bbox 2608 4156 2786 4210; x_wconf 70' lang='grc' dir='ltr'>ἐκεῖσε</span> <span class='ocrx_word' id='word_1_676' title='bbox 2829 4149 3086 4203; x_wconf 83' lang='grc' dir='ltr'>τοιούτων</span> <span class='ocrx_word' id='word_1_677' title='bbox 3144 4144 3315 4199; x_wconf 80' lang='grc' dir='ltr'>όντων</span> <span class='ocrx_word' id='word_1_678' title='bbox 3346 4142 3455 4196; x_wconf 85' lang='grc' dir='ltr'>τῶν</span> <span class='ocrx_word' id='word_1_679' title='bbox 3487 4141 3747 4214; x_wconf 51' lang='grc' dir='ltr'>θελόντων</span> 
     </span>
    </p>
   </div>
   <div class='ocr_carea' id='block_1_87' title="bbox 2175 4233 3747 4325">
    <p class='ocr_par' dir='ltr' id='par_1_87' title="bbox 2175 4233 3747 4325">
     <span class='ocr_line' id='line_1_87' title="bbox 2175 4233 3747 4325; baseline -0.019 -14"><span class='ocrx_word' id='word_1_680' title='bbox 2175 4256 2272 4319; x_wconf 72' lang='grc' dir='ltr'><strong>τὰς</strong></span> <span class='ocrx_word' id='word_1_681' title='bbox 2296 4253 2508 4325; x_wconf 84' lang='grc' dir='ltr'>βίϐλους</span> <span class='ocrx_word' id='word_1_682' title='bbox 2535 4243 2862 4317; x_wconf 76' lang='grc' dir='ltr'>κτήσασθαι,</span> <span class='ocrx_word' id='word_1_683' title='bbox 2898 4238 3116 4310; x_wconf 78' lang='grc' dir='ltr'>πρῶτον</span> <span class='ocrx_word' id='word_1_684' title='bbox 3164 4236 3277 4307; x_wconf 65' lang='grc' dir='ltr'>,μὲν</span> <span class='ocrx_word' id='word_1_685' title='bbox 3326 4235 3414 4289; x_wconf 87' lang='grc' dir='ltr'><strong>ῐνα</strong></span> <span class='ocrx_word' id='word_1_686' title='bbox 3438 4233 3614 4304; x_wconf 86' lang='grc' dir='ltr'>μήτις</span> <span class='ocrx_word' id='word_1_687' title='bbox 3652 4249 3747 4325; x_wconf 75' lang='grc' dir='ltr'><strong>με-</strong></span> 
     </span>
    </p>
   </div>
   <div class='ocr_carea' id='block_1_88' title="bbox 2175 4323 3744 4418">
    <p class='ocr_par' dir='ltr' id='par_1_88' title="bbox 2175 4323 3744 4418">
     <span class='ocr_line' id='line_1_88' title="bbox 2175 4323 3744 4418; baseline -0.017 -16"><span class='ocrx_word' id='word_1_688' title='bbox 2175 4323 2349 4418; x_wconf 79' lang='grc' dir='ltr'>τάσχῃ</span> <span class='ocrx_word' id='word_1_689' title='bbox 2370 4345 2467 4413; x_wconf 77' lang='grc' dir='ltr'><strong>τῆς</strong></span> <span class='ocrx_word' id='word_1_690' title='bbox 2489 4340 2582 4395; x_wconf 81' lang='grc' dir='ltr'>ἀπ’</span> <span class='ocrx_word' id='word_1_691' title='bbox 2607 4335 2786 4393; x_wconf 83' lang='grc' dir='ltr'>αὐτῶν</span> <span class='ocrx_word' id='word_1_692' title='bbox 2832 4330 3174 4403; x_wconf 76' lang='grc' dir='ltr'>ψυχοφθόρου</span> <span class='ocrx_word' id='word_1_693' title='bbox 3205 4327 3406 4418; x_wconf 80' lang='grc' dir='ltr'>λύμης,</span> <span class='ocrx_word' id='word_1_694' title='bbox 3450 4325 3642 4418; x_wconf 75' lang='grc' dir='ltr'>ἔπειτα</span> <span class='ocrx_word' id='word_1_695' title='bbox 3689 4323 3744 4377; x_wconf 78' lang='grc' dir='ltr'><strong>δὲ</strong></span> 
     </span>
    </p>
   </div>
   <div class='ocr_carea' id='block_1_89' title="bbox 2178 4416 3746 4507">
    <p class='ocr_par' dir='ltr' id='par_1_89' title="bbox 2178 4416 3746 4507">
     <span class='ocr_line' id='line_1_89' title="bbox 2178 4416 3746 4507; baseline -0.017 -13"><span class='ocrx_word' id='word_1_696' title='bbox 2178 4416 2377 4507; x_wconf 31' lang='grc' dir='ltr'>ἴνα-μὴ</span> <span class='ocrx_word' id='word_1_697' title='bbox 2407 4433 2515 4489; x_wconf 80' lang='grc' dir='ltr'><strong>ἀπὸ</strong></span> <span class='ocrx_word' id='word_1_698' title='bbox 2548 4427 2800 4499; x_wconf 85' lang='grc' dir='ltr'>τοιαύτης</span> <span class='ocrx_word' id='word_1_699' title='bbox 2827 4424 3008 4487; x_wconf 76' lang='grc' dir='ltr'>αἰτίας</span> <span class='ocrx_word' id='word_1_700' title='bbox 3065 4416 3379 4491; x_wconf 76' lang='grc' dir='ltr'>κτήσωνται</span> <span class='ocrx_word' id='word_1_701' title='bbox 3406 4434 3479 4479; x_wconf 80' lang='grc' dir='ltr'>τι.</span> <span class='ocrx_word' id='word_1_702' title='bbox 3537 4416 3746 4485; x_wconf 82' lang='grc' dir='ltr'>Ὠσπερ</span> 
     </span>
    </p>
   </div>
   <div class='ocr_carea' id='block_1_90' title="bbox 2178 4515 3748 4606">
    <p class='ocr_par' dir='ltr' id='par_1_90' title="bbox 2178 4515 3748 4606">
     <span class='ocr_line' id='line_1_90' title="bbox 2178 4515 3748 4606; baseline -0.015 -17"><span class='ocrx_word' id='word_1_703' title='bbox 2178 4536 2286 4604; x_wconf 71' lang='grc' dir='ltr'><strong>γὰρ</strong></span> <span class='ocrx_word' id='word_1_704' title='bbox 2320 4532 2382 4606; x_wconf 68' lang='grc' dir='ltr'>τὸ</span> <span class='ocrx_word' id='word_1_705' title='bbox 2408 4529 2515 4584; x_wconf 79' lang='grc' dir='ltr'><strong>ἀπὸ</strong></span> <span class='ocrx_word' id='word_1_706' title='bbox 2543 4525 2794 4597; x_wconf 85' lang='grc' dir='ltr'>πορνείας</span> <span class='ocrx_word' id='word_1_707' title='bbox 2836 4522 3025 4594; x_wconf 74' lang='grc' dir='ltr'>κέρδος</span> <span class='ocrx_word' id='word_1_708' title='bbox 3042 4518 3425 4589; x_wconf 84' lang='grc' dir='ltr'>ἀπηγόρευται</span> <span class='ocrx_word' id='word_1_709' title='bbox 3448 4515 3748 4587; x_wconf 81' lang='grc' dir='ltr'>προσάγειν</span> 
     </span>
    </p>
   </div>
   <div class='ocr_carea' id='block_1_91' title="bbox 492 4607 2056 4697">
    <p class='ocr_par' dir='ltr' id='par_1_91' title="bbox 492 4618 2056 4691">
     <span class='ocr_line' id='line_1_91' title="bbox 492 4618 2056 4691; baseline 0.004 -18"><span class='ocrx_word' id='word_1_710' title='bbox 492 4626 699 4674; x_wconf 87' lang='lat' dir='ltr'><strong>rcrent.</strong></span> <span class='ocrx_word' id='word_1_711' title='bbox 724 4618 1195 4686; x_wconf 85' lang='lat' dir='ltr'><strong>Quemadmodum</strong></span> <span class='ocrx_word' id='word_1_712' title='bbox 1231 4620 1379 4675; x_wconf 91' lang='lat' dir='ltr'><strong>enim</strong></span> <span class='ocrx_word' id='word_1_713' title='bbox 1421 4621 1779 4677; x_wconf 86' lang='lat' dir='ltr'><strong>interdictum</strong></span> <span class='ocrx_word' id='word_1_714' title='bbox 1826 4635 1967 4691; x_wconf 88' lang='lat' dir='ltr'><strong>erat,</strong></span> <span class='ocrx_word' id='word_1_715' title='bbox 2002 4641 2056 4680; x_wconf 78' lang='grc' dir='ltr'><strong>ιιι</strong></span> 
     </span>
    </p>
   </div>
   <div class='ocr_carea' id='block_1_92' title="bbox 2160 4607 3748 4697">
    <p class='ocr_par' dir='ltr' id='par_1_92' title="bbox 2174 4607 3748 4697">
     <span class='ocr_line' id='line_1_92' title="bbox 2174 4607 3748 4697; baseline -0.014 -16"><span class='ocrx_word' id='word_1_716' title='bbox 2174 4626 2313 4697; x_wconf 84' lang='grc' dir='ltr'>Θεῷ,</span> <span class='ocrx_word' id='word_1_717' title='bbox 2336 4625 2509 4688; x_wconf 68' lang='grc' dir='ltr'>οὕτως</span> <span class='ocrx_word' id='word_1_718' title='bbox 2553 4621 2670 4675; x_wconf 77' lang='grc' dir='ltr'>οὐδὲ</span> <span class='ocrx_word' id='word_1_719' title='bbox 2701 4617 2761 4672; x_wconf 82' lang='grc' dir='ltr'>τδ</span> <span class='ocrx_word' id='word_1_720' title='bbox 2784 4616 2882 4686; x_wconf 77' lang='grc' dir='ltr'>τῆς</span> <span class='ocrx_word' id='word_1_721' title='bbox 2916 4612 3098 4674; x_wconf 89' lang='grc' dir='ltr'>αίτίας</span> <span class='ocrx_word' id='word_1_722' title='bbox 3135 4611 3339 4680; x_wconf 84' lang='grc' dir='ltr'>ταύτης</span> <span class='ocrx_word' id='word_1_723' title='bbox 3364 4607 3630 4679; x_wconf 91' lang='grc' dir='ltr'>ἀργύριον</span> <span class='ocrx_word' id='word_1_724' title='bbox 3660 4624 3748 4661; x_wconf 81' lang='grc' dir='ltr'><strong>τε·</strong></span> 
     </span>
    </p>
   </div>
   <div class='ocr_carea' id='block_1_93' title="bbox 492 4710 2075 4783">
    <p class='ocr_par' dir='ltr' id='par_1_93' title="bbox 492 4710 2075 4783">
     <span class='ocr_line' id='line_1_93' title="bbox 492 4710 2075 4783; baseline 0.006 -18"><span class='ocrx_word' id='word_1_725' title='bbox 492 4710 709 4766; x_wconf 88' lang='lat' dir='ltr'><strong>lucrum</strong></span> <span class='ocrx_word' id='word_1_726' title='bbox 747 4725 778 4765; x_wconf 91' lang='lat' dir='ltr'><strong>a</strong></span> <span class='ocrx_word' id='word_1_727' title='bbox 817 4711 1183 4767; x_wconf 78' lang='lat' dir='ltr'><strong>fornicatione</strong></span> <span class='ocrx_word' id='word_1_728' title='bbox 1214 4722 1435 4783; x_wconf 87' lang='lat' dir='ltr'><strong>partum</strong></span> <span class='ocrx_word' id='word_1_729' title='bbox 1480 4713 1590 4768; x_wconf 91' lang='lat' dir='ltr'><strong>Deo</strong></span> <span class='ocrx_word' id='word_1_730' title='bbox 1619 4713 1916 4771; x_wconf 75' lang='lat' dir='ltr'><strong>offerretur</strong></span> <span class='ocrx_word' id='word_1_731' title='bbox 1948 4735 1961 4772; x_wconf 90' lang='lat'>:</span> <span class='ocrx_word' id='word_1_732' title='bbox 1999 4718 2075 4774; x_wconf 86' lang='lat' dir='ltr'><strong>ita</strong></span> 
     </span>
    </p>
   </div>
   <div class='ocr_carea' id='block_1_94' title="bbox 493 4801 2077 4878">
    <p class='ocr_par' dir='ltr' id='par_1_94' title="bbox 493 4801 2077 4878">
     <span class='ocr_line' id='line_1_94' title="bbox 493 4801 2077 4878; baseline 0.005 -22"><span class='ocrx_word' id='word_1_733' title='bbox 493 4816 676 4873; x_wconf 78' lang='lat' dir='ltr'><strong>neque</strong></span> <span class='ocrx_word' id='word_1_734' title='bbox 706 4801 1022 4872; x_wconf 85' lang='lat' dir='ltr'><strong>hujusmodi</strong></span> <span class='ocrx_word' id='word_1_735' title='bbox 1066 4802 1291 4858; x_wconf 88' lang='lat' dir='ltr'><strong>sceleris</strong></span> <span class='ocrx_word' id='word_1_736' title='bbox 1328 4812 1613 4874; x_wconf 82' lang='lat' dir='ltr'><strong>argentum</strong></span> <span class='ocrx_word' id='word_1_737' title='bbox 1644 4804 1774 4874; x_wconf 88' lang='lat' dir='ltr'><strong>poni</strong></span> <span class='ocrx_word' id='word_1_738' title='bbox 1807 4806 1872 4861; x_wconf 93' lang='lat' dir='ltr'><strong>ad</strong></span> <span class='ocrx_word' id='word_1_739' title='bbox 1906 4806 2077 4878; x_wconf 83' lang='lat' dir='ltr'><strong>pedes</strong></span> 
     </span>
    </p>
   </div>
   <div class='ocr_carea' id='block_1_95' title="bbox 490 4894 2079 4968">
    <p class='ocr_par' dir='ltr' id='par_1_95' title="bbox 490 4894 2079 4968">
     <span class='ocr_line' id='line_1_95' title="bbox 490 4894 2079 4968; baseline 0.004 -17"><span class='ocrx_word' id='word_1_740' title='bbox 490 4894 871 4965; x_wconf 76' lang='lat' dir='ltr'><strong>apostolorum</strong></span> <span class='ocrx_word' id='word_1_741' title='bbox 903 4896 1114 4968; x_wconf 83' lang='lat' dir='ltr'><strong>justum</strong></span> <span class='ocrx_word' id='word_1_742' title='bbox 1154 4894 1498 4967; x_wconf 87' lang='lat' dir='ltr'><strong>judicabant,</strong></span> <span class='ocrx_word' id='word_1_743' title='bbox 1549 4905 1645 4951; x_wconf 89' lang='lat' dir='ltr'><strong>aut</strong></span> <span class='ocrx_word' id='word_1_744' title='bbox 1689 4896 1849 4954; x_wconf 85' lang='lat' dir='ltr'><strong>facile</strong></span> <span class='ocrx_word' id='word_1_745' title='bbox 1900 4900 2079 4956; x_wconf 82' lang='lat' dir='ltr'><strong>susci-</strong></span> 
     </span>
    </p>
   </div>
   <div class='ocr_carea' id='block_1_96' title="bbox 492 4984 1977 5063">
    <p class='ocr_par' dir='ltr' id='par_1_96' title="bbox 492 4984 1977 5063">
     <span class='ocr_line' id='line_1_96' title="bbox 492 4984 1977 5063; baseline 0.009 -26"><span class='ocrx_word' id='word_1_746' title='bbox 492 4984 782 5058; x_wconf 82' lang='lat' dir='ltr'><strong>piendum.</strong></span> <span class='ocrx_word' id='word_1_747' title='bbox 1960 5050 1977 5063; x_wconf 72' lang='lat'><strong>,</strong></span> 
     </span>
    </p>
   </div>
   <div class='ocr_carea' id='block_1_97' title="bbox 566 5076 2074 5152">
    <p class='ocr_par' dir='ltr' id='par_1_97' title="bbox 566 5076 2074 5152">
     <span class='ocr_line' id='line_1_97' title="bbox 566 5076 2074 5152; baseline 0.005 -19"><span class='ocrx_word' id='word_1_748' title='bbox 566 5076 931 5143; x_wconf 63' lang='grc' dir='ltr'><strong>Χιχίδδ-ιο.</strong></span> <span class='ocrx_word' id='word_1_749' title='bbox 976 5099 994 5131; x_wconf 79' lang='grc' dir='ltr'><strong>ι</strong></span> <span class='ocrx_word' id='word_1_750' title='bbox 1034 5081 1103 5135; x_wconf 83' lang='lat' dir='ltr'><strong>Et</strong></span> <span class='ocrx_word' id='word_1_751' title='bbox 1151 5096 1276 5137; x_wconf 91' lang='lat' dir='ltr'><strong>cum</strong></span> <span class='ocrx_word' id='word_1_752' title='bbox 1322 5081 1569 5137; x_wconf 82' lang='lat' dir='ltr'><strong>sedasset</strong></span> <span class='ocrx_word' id='word_1_753' title='bbox 1610 5084 1791 5141; x_wconf 90' lang='lat' dir='ltr'><strong>scriba</strong></span> <span class='ocrx_word' id='word_1_754' title='bbox 1830 5085 2074 5152; x_wconf 80' lang='lat' dir='ltr'><strong>turbam,</strong></span> 
     </span>
    </p>
   </div>
   <div class='ocr_carea' id='block_1_98' title="bbox 496 5170 2074 5245">
    <p class='ocr_par' dir='ltr' id='par_1_98' title="bbox 496 5170 2074 5245">
     <span class='ocr_line' id='line_1_98' title="bbox 496 5170 2074 5245; baseline 0.003 -18"><span class='ocrx_word' id='word_1_755' title='bbox 496 5190 527 5227; x_wconf 60' lang='grc' dir='ltr'><strong>ιι</strong></span> <span class='ocrx_word' id='word_1_756' title='bbox 571 5170 711 5226; x_wconf 82' lang='lat' dir='ltr'><strong>dixit</strong></span> <span class='ocrx_word' id='word_1_757' title='bbox 752 5186 768 5226; x_wconf 91' lang='lat'><strong>:</strong></span> <span class='ocrx_word' id='word_1_758' title='bbox 807 5171 922 5227; x_wconf 84' lang='lat' dir='ltr'><strong>Viri</strong></span> <span class='ocrx_word' id='word_1_759' title='bbox 968 5172 1215 5242; x_wconf 86' lang='lat' dir='ltr'><strong>Ephesii,</strong></span> <span class='ocrx_word' id='word_1_760' title='bbox 1262 5173 1387 5243; x_wconf 88' lang='lat' dir='ltr'><strong>quis</strong></span> <span class='ocrx_word' id='word_1_761' title='bbox 1431 5175 1579 5228; x_wconf 87' lang='lat' dir='ltr'><strong>enim</strong></span> <span class='ocrx_word' id='word_1_762' title='bbox 1627 5185 1713 5232; x_wconf 90' lang='lat' dir='ltr'><strong>est</strong></span> <span class='ocrx_word' id='word_1_763' title='bbox 1758 5177 2074 5245; x_wconf 85' lang='lat' dir='ltr'><strong>hominum,</strong></span> 
     </span>
    </p>
   </div>
   <div class='ocr_carea' id='block_1_99' title="bbox 498 5263 2079 5334">
    <p class='ocr_par' dir='ltr' id='par_1_99' title="bbox 498 5263 2079 5334">
     <span class='ocr_line' id='line_1_99' title="bbox 498 5263 2079 5334; baseline 0.006 -17"><span class='ocrx_word' id='word_1_764' title='bbox 498 5281 528 5317; x_wconf 66' lang='grc' dir='ltr'><em>ι</em></span> <span class='ocrx_word' id='word_1_765' title='bbox 574 5263 669 5333; x_wconf 74' lang='lat' dir='ltr'><strong>qui</strong></span> <span class='ocrx_word' id='word_1_766' title='bbox 702 5263 911 5319; x_wconf 90' lang='lat' dir='ltr'><strong>nesciat</strong></span> <span class='ocrx_word' id='word_1_767' title='bbox 942 5263 1305 5334; x_wconf 81' lang='lat' dir='ltr'><strong>Ephesiorum</strong></span> <span class='ocrx_word' id='word_1_768' title='bbox 1341 5266 1619 5321; x_wconf 82' lang='lat' dir='ltr'><strong>civitatem</strong></span> <span class='ocrx_word' id='word_1_769' title='bbox 1660 5268 1915 5324; x_wconf 82' lang='lat' dir='ltr'><strong>:edituam</strong></span> <span class='ocrx_word' id='word_1_770' title='bbox 1956 5286 2079 5326; x_wconf 91' lang='lat' dir='ltr'><strong>esse</strong></span> 
     </span>
    </p>
   </div>
   <div class='ocr_carea' id='block_1_100' title="bbox 444 5347 2097 5432">
    <p class='ocr_par' dir='ltr' id='par_1_100' title="bbox 444 5347 2097 5432">
     <span class='ocr_line' id='line_1_100' title="bbox 444 5347 2097 5432; baseline 0.002 -21"><span class='ocrx_word' id='word_1_771' title='bbox 444 5368 451 5373; x_wconf 81' lang='lat'><strong>&#39;</strong></span> <span class='ocrx_word' id='word_1_772' title='bbox 504 5375 529 5411; x_wconf 71' lang='grc' dir='ltr'><em>ι</em></span> <span class='ocrx_word' id='word_1_773' title='bbox 571 5369 778 5425; x_wconf 73' lang='lat' dir='ltr'><strong>magna:</strong></span> <span class='ocrx_word' id='word_1_774' title='bbox 802 5353 986 5411; x_wconf 68' lang='lat' dir='ltr'><strong>Dianae</strong></span> <span class='ocrx_word' id='word_1_775' title='bbox 1012 5347 1137 5411; x_wconf 57' lang='lat' dir='ltr'><strong>dea;</strong></span> <span class='ocrx_word' id='word_1_776' title='bbox 1168 5364 1224 5411; x_wconf 90' lang='lat' dir='ltr'><strong>et</strong></span> <span class='ocrx_word' id='word_1_777' title='bbox 1254 5371 1283 5411; x_wconf 88' lang='lat' dir='ltr'><strong>a</strong></span> <span class='ocrx_word' id='word_1_778' title='bbox 1313 5357 1447 5413; x_wconf 82' lang='lat' dir='ltr'><strong>Jove</strong></span> <span class='ocrx_word' id='word_1_779' title='bbox 1481 5358 1750 5429; x_wconf 68' lang='lat' dir='ltr'><strong>delapsm?</strong></span> <span class='ocrx_word' id='word_1_780' title='bbox 1787 5359 1923 5415; x_wconf 91' lang='lat' dir='ltr'><strong>Cum</strong></span> <span class='ocrx_word' id='word_1_781' title='bbox 1970 5362 2097 5432; x_wconf 51' lang='grc' dir='ltr'><strong>ἱεὶς</strong></span> 
     </span>
    </p>
   </div>
   <div class='ocr_carea' id='block_1_101' title="bbox 502 5446 2081 5520">
    <p class='ocr_par' dir='ltr' id='par_1_101' title="bbox 502 5446 2081 5520">
     <span class='ocr_line' id='line_1_101' title="bbox 502 5446 2081 5520; baseline 0.005 -21"><span class='ocrx_word' id='word_1_782' title='bbox 502 5468 529 5498; x_wconf 69' lang='grc' dir='ltr'><strong>ε</strong></span> <span class='ocrx_word' id='word_1_783' title='bbox 575 5454 665 5502; x_wconf 92' lang='lat' dir='ltr'><strong>tur</strong></span> <span class='ocrx_word' id='word_1_784' title='bbox 705 5446 793 5502; x_wconf 73' lang='lat' dir='ltr'><strong>his</strong></span> <span class='ocrx_word' id='word_1_785' title='bbox 827 5462 1002 5503; x_wconf 70' lang='lat' dir='ltr'><strong>nemo</strong></span> <span class='ocrx_word' id='word_1_786' title='bbox 1044 5448 1404 5514; x_wconf 85' lang='lat' dir='ltr'><strong>contradicat,</strong></span> <span class='ocrx_word' id='word_1_787' title='bbox 1457 5459 1674 5520; x_wconf 91' lang='lat' dir='ltr'><strong>oportet</strong></span> <span class='ocrx_word' id='word_1_788' title='bbox 1720 5466 1820 5506; x_wconf 85' lang='lat' dir='ltr'><strong>vos</strong></span> <span class='ocrx_word' id='word_1_789' title='bbox 1861 5451 2081 5508; x_wconf 80' lang='lat' dir='ltr'><strong>sedatos</strong></span> 
     </span>
    </p>
   </div>
   <div class='ocr_carea' id='block_1_102' title="bbox 506 5541 2083 5625">
    <p class='ocr_par' dir='ltr' id='par_1_102' title="bbox 506 5541 2083 5625">
     <span class='ocr_line' id='line_1_102' title="bbox 506 5541 2083 5625; baseline 0.005 -32"><span class='ocrx_word' id='word_1_790' title='bbox 506 5561 529 5593; x_wconf 75' lang='grc' dir='ltr'><strong>ι</strong></span> <span class='ocrx_word' id='word_1_791' title='bbox 575 5555 729 5603; x_wconf 82' lang='lat' dir='ltr'><strong>esse,</strong></span> <span class='ocrx_word' id='word_1_792' title='bbox 771 5541 1019 5612; x_wconf 89' lang='lat' dir='ltr'><strong>nihilque</strong></span> <span class='ocrx_word' id='word_1_793' title='bbox 1068 5542 1476 5612; x_wconf 69' lang='lat' dir='ltr'><strong>pnecipitanter</strong></span> <span class='ocrx_word' id='word_1_794' title='bbox 1527 5558 1709 5625; x_wconf 75' lang='lat' dir='ltr'><strong>agere.</strong></span> <span class='ocrx_word' id='word_1_795' title='bbox 1761 5543 2083 5601; x_wconf 80' lang='lat' dir='ltr'><strong>Adduxistis</strong></span> 
     </span>
    </p>
   </div>
   <div class='ocr_carea' id='block_1_103' title="bbox 508 5636 2081 5709">
    <p class='ocr_par' dir='ltr' id='par_1_103' title="bbox 508 5636 2081 5709">
     <span class='ocr_line' id='line_1_103' title="bbox 508 5636 2081 5709; baseline 0.003 -19"><span class='ocrx_word' id='word_1_796' title='bbox 508 5657 532 5690; x_wconf 72' lang='grc' dir='ltr'><strong>ι</strong></span> <span class='ocrx_word' id='word_1_797' title='bbox 578 5636 726 5692; x_wconf 89' lang='lat' dir='ltr'><strong>enim</strong></span> <span class='ocrx_word' id='word_1_798' title='bbox 757 5636 1009 5691; x_wconf 85' lang='lat' dir='ltr'><strong>homines</strong></span> <span class='ocrx_word' id='word_1_799' title='bbox 1041 5636 1177 5692; x_wconf 86' lang='lat' dir='ltr'><strong>istns</strong></span> <span class='ocrx_word' id='word_1_800' title='bbox 1207 5652 1386 5707; x_wconf 90' lang='lat' dir='ltr'><strong>neque</strong></span> <span class='ocrx_word' id='word_1_801' title='bbox 1416 5638 1712 5709; x_wconf 81' lang='lat' dir='ltr'><strong>sacrilegos</strong></span> <span class='ocrx_word' id='word_1_802' title='bbox 1740 5653 1922 5708; x_wconf 89' lang='lat' dir='ltr'><strong>neque</strong></span> <span class='ocrx_word' id='word_1_803' title='bbox 1948 5653 2081 5694; x_wconf 87' lang='lat' dir='ltr'><strong>con-</strong></span> 
     </span>
    </p>
   </div>
   <div class='ocr_carea' id='block_1_104' title="bbox 508 5729 2082 5802">
    <p class='ocr_par' dir='ltr' id='par_1_104' title="bbox 508 5729 2082 5802">
     <span class='ocr_line' id='line_1_104' title="bbox 508 5729 2082 5802; baseline 0.001 -17"><span class='ocrx_word' id='word_1_804' title='bbox 508 5750 536 5785; x_wconf 71' lang='grc' dir='ltr'><strong><em>ι</em></strong></span> <span class='ocrx_word' id='word_1_805' title='bbox 584 5729 907 5787; x_wconf 85' lang='lat' dir='ltr'><strong>tumeliosos</strong></span> <span class='ocrx_word' id='word_1_806' title='bbox 934 5730 989 5785; x_wconf 91' lang='lat' dir='ltr'><strong>in</strong></span> <span class='ocrx_word' id='word_1_807' title='bbox 1019 5730 1177 5797; x_wconf 83' lang='lat' dir='ltr'><strong>deam</strong></span> <span class='ocrx_word' id='word_1_808' title='bbox 1210 5738 1471 5789; x_wconf 84' lang='lat' dir='ltr'><strong>vestram.</strong></span> <span class='ocrx_word' id='word_1_809' title='bbox 1529 5730 1737 5802; x_wconf 85' lang='lat' dir='ltr'><strong>Quodsi</strong></span> <span class='ocrx_word' id='word_1_810' title='bbox 1771 5730 2082 5787; x_wconf 87' lang='lat' dir='ltr'><strong>Demetrius</strong></span> 
     </span>
    </p>
   </div>
   <div class='ocr_carea' id='block_1_105' title="bbox 587 5909 1033 5977">
    <p class='ocr_par' dir='ltr' id='par_1_105' title="bbox 587 5909 1033 5977">
     <span class='ocr_line' id='line_1_105' title="bbox 587 5909 1033 5977; baseline -0.004 -10"><span class='ocrx_word' id='word_1_811' title='bbox 587 5909 634 5944; x_wconf 81' lang='lat'>&quot;</span> <span class='ocrx_word' id='word_1_812' title='bbox 656 5912 761 5967; x_wconf 79' lang='lat' dir='ltr'><strong>lsa.</strong></span> <span class='ocrx_word' id='word_1_813' title='bbox 794 5923 949 5977; x_wconf 76' lang='lat' dir='ltr'><strong>mn,</strong></span> <span class='ocrx_word' id='word_1_814' title='bbox 975 5910 1033 5965; x_wconf 82' lang='lat'><strong>9.</strong></span> 
     </span>
    </p>
   </div>
   <div class='ocr_carea' id='block_1_106' title="bbox 2179 4699 3749 4790">
    <p class='ocr_par' dir='ltr' id='par_1_106' title="bbox 2179 4699 3749 4790">
     <span class='ocr_line' id='line_1_106' title="bbox 2179 4699 3749 4790; baseline -0.014 -18"><span class='ocrx_word' id='word_1_815' title='bbox 2179 4718 2336 4790; x_wconf 82' lang='grc' dir='ltr'>Θῆναι</span> <span class='ocrx_word' id='word_1_816' title='bbox 2365 4715 2515 4786; x_wconf 86' lang='grc' dir='ltr'><strong>παρά</strong></span> <span class='ocrx_word' id='word_1_817' title='bbox 2545 4714 2671 4775; x_wconf 80' lang='grc' dir='ltr'>τοὺς</span> <span class='ocrx_word' id='word_1_818' title='bbox 2699 4708 2807 4763; x_wconf 83' lang='grc' dir='ltr'>τῶν</span> <span class='ocrx_word' id='word_1_819' title='bbox 2836 4704 3150 4762; x_wconf 82' lang='grc' dir='ltr'>ἀποστόλων</span> <span class='ocrx_word' id='word_1_820' title='bbox 3180 4702 3347 4766; x_wconf 83' lang='grc' dir='ltr'>πόδας</span> <span class='ocrx_word' id='word_1_821' title='bbox 3374 4700 3578 4783; x_wconf 82' lang='grc' dir='ltr'>δίκαιον</span> <span class='ocrx_word' id='word_1_822' title='bbox 3599 4699 3749 4771; x_wconf 77' lang='grc' dir='ltr'>ἐκρι-</span> 
     </span>
    </p>
   </div>
   <div class='ocr_carea' id='block_1_107' title="bbox 2177 4804 2779 4881">
    <p class='ocr_par' dir='ltr' id='par_1_107' title="bbox 2177 4804 2779 4881">
     <span class='ocr_line' id='line_1_107' title="bbox 2177 4804 2779 4881; baseline -0.012 -17"><span class='ocrx_word' id='word_1_823' title='bbox 2177 4826 2276 4864; x_wconf 90' lang='grc' dir='ltr'>ναν</span> <span class='ocrx_word' id='word_1_824' title='bbox 2316 4808 2350 4881; x_wconf 85' lang='grc' dir='ltr'>ἢ</span> <span class='ocrx_word' id='word_1_825' title='bbox 2402 4804 2779 4860; x_wconf 79' lang='grc' dir='ltr'>εὐαπόδεκτον.</span> 
     </span>
    </p>
   </div>
   <div class='ocr_carea' id='block_1_108' title="bbox 2256 5054 3749 5132">
    <p class='ocr_par' dir='ltr' id='par_1_108' title="bbox 2256 5054 3749 5132">
     <span class='ocr_line' id='line_1_108' title="bbox 2256 5054 3749 5132; baseline -0.017 -5"><span class='ocrx_word' id='word_1_826' title='bbox 2256 5093 2275 5127; x_wconf 82' lang='grc' dir='ltr'><strong>ι</strong></span> <span class='ocrx_word' id='word_1_827' title='bbox 2312 5067 2689 5128; x_wconf 87' lang='grc' dir='ltr'>Καταστείλας</span> <span class='ocrx_word' id='word_1_828' title='bbox 2712 5062 2769 5117; x_wconf 79' lang='grc' dir='ltr'><strong>δὲ</strong></span> <span class='ocrx_word' id='word_1_829' title='bbox 2798 5063 2826 5117; x_wconf 87' lang='grc' dir='ltr'><strong>ὁ</strong></span> <span class='ocrx_word' id='word_1_830' title='bbox 2860 5058 3227 5132; x_wconf 75' lang='grc' dir='ltr'>γραμματεὺς</span> <span class='ocrx_word' id='word_1_831' title='bbox 3282 5056 3377 5111; x_wconf 78' lang='grc' dir='ltr'><strong>τὸν</strong></span> <span class='ocrx_word' id='word_1_832' title='bbox 3404 5054 3586 5126; x_wconf 71' lang='grc' dir='ltr'>ὄχλον,</span> <span class='ocrx_word' id='word_1_833' title='bbox 3645 5069 3749 5123; x_wconf 81' lang='grc' dir='ltr'><strong>φη-</strong></span> 
     </span>
    </p>
   </div>
   <div class='ocr_carea' id='block_1_109' title="bbox 2186 5145 3750 5229">
    <p class='ocr_par' dir='ltr' id='par_1_109' title="bbox 2186 5145 3750 5229">
     <span class='ocr_line' id='line_1_109' title="bbox 2186 5145 3750 5229; baseline -0.017 -7"><span class='ocrx_word' id='word_1_834' title='bbox 2186 5187 2206 5222; x_wconf 79' lang='grc' dir='ltr'><strong>ι</strong></span> <span class='ocrx_word' id='word_1_835' title='bbox 2243 5165 2361 5221; x_wconf 80' lang='grc' dir='ltr'>σίν⁸</span> <span class='ocrx_word' id='word_1_836' title='bbox 2398 5160 2621 5229; x_wconf 82' lang='grc' dir='ltr'>Ἀνδρες</span> <span class='ocrx_word' id='word_1_837' title='bbox 2653 5155 2918 5224; x_wconf 61' lang='grc' dir='ltr'>Ἐφέσιοι,</span> <span class='ocrx_word' id='word_1_838' title='bbox 2958 5151 3042 5215; x_wconf 86' lang='grc' dir='ltr'><strong>τίς</strong></span> <span class='ocrx_word' id='word_1_839' title='bbox 3100 5151 3209 5219; x_wconf 83' lang='grc' dir='ltr'><strong>γάρ</strong></span> <span class='ocrx_word' id='word_1_840' title='bbox 3262 5149 3408 5202; x_wconf 76' lang='grc' dir='ltr'>ἐστιν</span> <span class='ocrx_word' id='word_1_841' title='bbox 3471 5145 3750 5216; x_wconf 79' lang='grc' dir='ltr'>ἄνθρωπος</span> 
     </span>
    </p>
   </div>
   <div class='ocr_carea' id='block_1_110' title="bbox 2188 5231 3750 5323">
    <p class='ocr_par' dir='ltr' id='par_1_110' title="bbox 2188 5231 3750 5323">
     <span class='ocr_line' id='line_1_110' title="bbox 2188 5231 3750 5323; baseline -0.016 -9"><span class='ocrx_word' id='word_1_842' title='bbox 2188 5279 2207 5314; x_wconf 78' lang='grc' dir='ltr'><strong>ι</strong></span> <span class='ocrx_word' id='word_1_843' title='bbox 2243 5259 2302 5322; x_wconf 84' lang='grc' dir='ltr'>ὃς</span> <span class='ocrx_word' id='word_1_844' title='bbox 2334 5257 2395 5311; x_wconf 79' lang='grc' dir='ltr'><strong>οὐ</strong></span> <span class='ocrx_word' id='word_1_845' title='bbox 2417 5252 2675 5323; x_wconf 85' lang='grc' dir='ltr'>γινώσκει</span> <span class='ocrx_word' id='word_1_846' title='bbox 2712 5248 2811 5318; x_wconf 78' lang='grc' dir='ltr'><strong>τὴν</strong></span> <span class='ocrx_word' id='word_1_847' title='bbox 2843 5246 3109 5315; x_wconf 78' lang='grc' dir='ltr'>Ἐφεσίων</span> <span class='ocrx_word' id='word_1_848' title='bbox 3143 5242 3298 5297; x_wconf 87' lang='grc' dir='ltr'>πόλιν</span> <span class='ocrx_word' id='word_1_849' title='bbox 3338 5238 3613 5310; x_wconf 83' lang='grc' dir='ltr'>νεωκόρον</span> <span class='ocrx_word' id='word_1_850' title='bbox 3662 5231 3750 5291; x_wconf 76' lang='grc' dir='ltr'><strong>οὗ-</strong></span> 
     </span>
    </p>
   </div>
   <div class='ocr_carea' id='block_1_111' title="bbox 2190 5333 3751 5418">
    <p class='ocr_par' dir='ltr' id='par_1_111' title="bbox 2190 5333 3751 5418">
     <span class='ocr_line' id='line_1_111' title="bbox 2190 5333 3751 5418; baseline -0.019 -10"><span class='ocrx_word' id='word_1_851' title='bbox 2190 5374 2208 5407; x_wconf 84' lang='grc' dir='ltr'><strong>ι</strong></span> <span class='ocrx_word' id='word_1_852' title='bbox 2255 5369 2352 5407; x_wconf 89' lang='grc' dir='ltr'>σαν</span> <span class='ocrx_word' id='word_1_853' title='bbox 2373 5344 2481 5418; x_wconf 77' lang='grc' dir='ltr'>τῆς</span> <span class='ocrx_word' id='word_1_854' title='bbox 2510 5344 2753 5417; x_wconf 79' lang='grc' dir='ltr'>μεγάλης</span> <span class='ocrx_word' id='word_1_855' title='bbox 2783 5341 2912 5405; x_wconf 77' lang='grc' dir='ltr'>θεᾶς</span> <span class='ocrx_word' id='word_1_856' title='bbox 2929 5336 3245 5410; x_wconf 76' lang='grc' dir='ltr'>’Ᾱρτέμιδος</span> <span class='ocrx_word' id='word_1_857' title='bbox 3286 5334 3383 5389; x_wconf 66' lang='grc' dir='ltr'><strong>καλ⁸</strong></span> <span class='ocrx_word' id='word_1_858' title='bbox 3412 5334 3505 5387; x_wconf 74' lang='grc' dir='ltr'>τοῦ</span> <span class='ocrx_word' id='word_1_859' title='bbox 3566 5333 3751 5385; x_wconf 82' lang='grc' dir='ltr'>Διοπε.</span> 
     </span>
    </p>
   </div>
   <div class='ocr_carea' id='block_1_112' title="bbox 2191 5424 3750 5512">
    <p class='ocr_par' dir='ltr' id='par_1_112' title="bbox 2191 5424 3750 5512">
     <span class='ocr_line' id='line_1_112' title="bbox 2191 5424 3750 5512; baseline -0.016 -11"><span class='ocrx_word' id='word_1_860' title='bbox 2191 5467 2210 5500; x_wconf 77' lang='grc' dir='ltr'><strong>ι</strong></span> <span class='ocrx_word' id='word_1_861' title='bbox 2241 5446 2400 5512; x_wconf 74' lang='grc' dir='ltr'><strong>τοῦςς</strong></span> <span class='ocrx_word' id='word_1_862' title='bbox 2431 5436 2864 5511; x_wconf 72' lang='grc' dir='ltr'>Ἀναντιρῤήτων</span> <span class='ocrx_word' id='word_1_863' title='bbox 2895 5428 2988 5487; x_wconf 77' lang='grc' dir='ltr'><strong>οὖν</strong></span> <span class='ocrx_word' id='word_1_864' title='bbox 3022 5431 3188 5485; x_wconf 83' lang='grc' dir='ltr'>όντων</span> <span class='ocrx_word' id='word_1_865' title='bbox 3217 5428 3440 5492; x_wconf 85' lang='grc' dir='ltr'>τούτων,</span> <span class='ocrx_word' id='word_1_866' title='bbox 3476 5425 3594 5479; x_wconf 85' lang='grc' dir='ltr'>δέον</span> <span class='ocrx_word' id='word_1_867' title='bbox 3608 5424 3750 5478; x_wconf 73' lang='grc' dir='ltr'>ἐστὶν</span> 
     </span>
    </p>
   </div>
   <div class='ocr_carea' id='block_1_113' title="bbox 2196 5519 3747 5609">
    <p class='ocr_par' dir='ltr' id='par_1_113' title="bbox 2196 5519 3747 5609">
     <span class='ocr_line' id='line_1_113' title="bbox 2196 5519 3747 5609; baseline -0.018 -12"><span class='ocrx_word' id='word_1_868' title='bbox 2196 5560 2216 5597; x_wconf 80' lang='grc' dir='ltr'><strong>ι</strong></span> <span class='ocrx_word' id='word_1_869' title='bbox 2252 5539 2393 5609; x_wconf 80' lang='grc' dir='ltr'>ὑμᾶς</span> <span class='ocrx_word' id='word_1_870' title='bbox 2428 5527 2897 5599; x_wconf 84' lang='grc' dir='ltr'>κατεσταλμένους</span> <span class='ocrx_word' id='word_1_871' title='bbox 2922 5525 3205 5597; x_wconf 79' lang='grc' dir='ltr'>ὑπάρχειν,</span> <span class='ocrx_word' id='word_1_872' title='bbox 3232 5522 3326 5576; x_wconf 76' lang='grc' dir='ltr'><strong>καὶ</strong></span> <span class='ocrx_word' id='word_1_873' title='bbox 3351 5519 3517 5591; x_wconf 79' lang='grc' dir='ltr'>μηδὲν</span> <span class='ocrx_word' id='word_1_874' title='bbox 3540 5534 3747 5609; x_wconf 82' lang='grc' dir='ltr'>προπε-</span> 
     </span>
    </p>
   </div>
   <div class='ocr_carea' id='block_1_114' title="bbox 2196 5607 3752 5699">
    <p class='ocr_par' dir='ltr' id='par_1_114' title="bbox 2196 5607 3752 5699">
     <span class='ocr_line' id='line_1_114' title="bbox 2196 5607 3752 5699; baseline -0.018 -11"><span class='ocrx_word' id='word_1_875' title='bbox 2196 5653 2215 5688; x_wconf 80' lang='grc' dir='ltr'><strong>ι</strong></span> <span class='ocrx_word' id='word_1_876' title='bbox 2252 5607 2341 5694; x_wconf 70' lang='grc' dir='ltr'><strong>τες</strong></span> <span class='ocrx_word' id='word_1_877' title='bbox 2366 5627 2649 5699; x_wconf 85' lang='grc' dir='ltr'>πράσσειν.</span> <span class='ocrx_word' id='word_1_878' title='bbox 2686 5619 2952 5691; x_wconf 67' lang='grc' dir='ltr'>Ἠγάγετο</span> <span class='ocrx_word' id='word_1_879' title='bbox 2989 5618 3098 5686; x_wconf 80' lang='grc' dir='ltr'>γὰρ</span> <span class='ocrx_word' id='word_1_880' title='bbox 3134 5613 3260 5677; x_wconf 78' lang='grc' dir='ltr'>τοὺς</span> <span class='ocrx_word' id='word_1_881' title='bbox 3282 5611 3482 5684; x_wconf 75' lang='grc' dir='ltr'>ἄνδρας</span> <span class='ocrx_word' id='word_1_882' title='bbox 3510 5607 3752 5683; x_wconf 76' lang='grc' dir='ltr'>τούτους,</span> 
     </span>
    </p>
   </div>
   <div class='ocr_carea' id='block_1_115' title="bbox 2196 5699 3752 5793">
    <p class='ocr_par' dir='ltr' id='par_1_115' title="bbox 2196 5699 3752 5793">
     <span class='ocr_line' id='line_1_115' title="bbox 2196 5699 3752 5793; baseline -0.017 -12"><span class='ocrx_word' id='word_1_883' title='bbox 2196 5748 2213 5780; x_wconf 79' lang='grc' dir='ltr'><strong>ι</strong></span> <span class='ocrx_word' id='word_1_884' title='bbox 2247 5724 2368 5781; x_wconf 72' lang='grc' dir='ltr'>οὕτε</span> <span class='ocrx_word' id='word_1_885' title='bbox 2430 5716 2764 5793; x_wconf 77' lang='grc' dir='ltr'>ἱεροσύλους,</span> <span class='ocrx_word' id='word_1_886' title='bbox 2810 5711 2932 5766; x_wconf 76' lang='grc' dir='ltr'>οὗτε</span> <span class='ocrx_word' id='word_1_887' title='bbox 2984 5704 3441 5781; x_wconf 80' lang='grc' dir='ltr'>βλασφημοῦντας</span> <span class='ocrx_word' id='word_1_888' title='bbox 3500 5701 3601 5775; x_wconf 81' lang='grc' dir='ltr'><strong>τὴν</strong></span> <span class='ocrx_word' id='word_1_889' title='bbox 3631 5699 3752 5765; x_wconf 74' lang='grc' dir='ltr'>θεὰν</span> 
     </span>
    </p>
   </div>
  </div>
