4024 6618
444 443 580 507 '255
1378 442 1383 447 ·
1568 437 2291 502 fECUMENiITRICC/B
2321 436 2661 499 EPISCOPI
3061 492 3067 499 .
3193 408 3198 417 ’
3652 428 3764 497 526

477 579 496 611 ι
542 557 700 612 rebat
728 553 811 610 eis
836 551 1186 623 profecturus
1204 546 1495 621 postridie,
1532 548 1910 619 protraxitque
1938 564 2056 603 ser-

2170 564 2184 598 ι
2220 547 2419 613 ἐξιέναι
2440 550 2505 617 τῇ
2538 547 2798 616 ἐπαύριον
2819 561 2832 576 ·
2879 542 3241 618 παρέτεινέτε
3258 542 3347 599 τὸν
3383 543 3567 614 λόγον
3588 545 3759 617 μέχρι

478 673 496 703 ι
540 663 759 705 monem
804 661 979 716 usque
1020 645 1076 699 in
1122 643 1358 698 mediam
1391 649 1631 696 noctem.
1665 641 1835 695 Erant
1865 650 2050 695 autem

2175 657 2179 687 Ι
2216 638 2593 706 μεσονυκτίου.
2638 633 2819 691 Ἦσαν
2874 636 2931 689 δὲ
2973 635 3254 706 λαμπάδες
3309 636 3509 690 ίκαναὶ
3567 636 3633 688 ἐν
3684 636 3764 706 τῷ

479 764 495 794 ι
539 742 777 796 lucernae
828 739 1011 792 multa:
1045 737 1099 791 in
1145 734 1452 799 caenaculo,
1482 733 1578 787 ubi
1618 741 1774 788 erant
1819 748 2053 802 congre-

2173 744 2180 777 l
2220 728 2474 799 ὑπερῴῳ,
2506 722 2566 782 οὗ
2593 724 2733 799 ἦσαν
2765 726 3120 797 συνηγμένοι.
3167 725 3512 797 Καθήμενος
3572 724 3637 779 δέ
3675 742 3762 791 τις

482 855 500 885 ι
546 835 675 903 gati.
714 832 924 887 Sedens
972 827 1422 899 autem'quidam
1464 826 1783 881 adolescens
1833 826 2054 881 nomine

2172 843 2180 874 l
2221 822 2438 884 νεανίας
2473 820 2698 903 ὀνόματι
2725 818 2964 890 Εὔτυχος
3003 820 3096 872 ἐπὶ
3124 818 3223 888 τῆς
3262 819 3513 890 θυρίδος,
3573 835 3761 872 κατα-

480 947 497 976 (
542 925 821 994 Eutychus
868 922 924 976 in
977 921 1238 985 fenestra,
1267 935 1392 974 cum
1444 918 1833 989 degravaretur
1861 931 2055 971 somno

2172 935 2180 966 i
2211 915 2507 984 φερόμενος
2532 900 2695 983 ὕπνῳ’
2714 912 2883 982 βαθεῖ,
2909 912 3292 980 διαλεγομένου
3342 911 3442 964 τοῦ
3497 909 3761 973 Παύλου,

482 1038 498 1065 ι
547 1014 914 1086 profundiori,
948 1013 1253 1068 disserente
1277 1012 1371 1065 diu
1401 1010 1593 1075 Paulo,
1623 1008 1795 1078 magis
1824 1009 2052 1078 depres-

2243 1006 2311 1058 ,πὶ
2362 1004 2545 1056 πλεῖον
2612 1002 2957 1073 κατενεχθεὶς
2994 1001 3099 1055 ύπδ
3153 1000 3249 1054 τοῦ
3277 1000 3480 1065 ὕπνου,
3548 999 3764 1053 ἔπεσεν
3828 1012 3832 1019 ’

483 1128 499 1157 ι
542 1123 636 1162 sus
699 1106 907 1162 decidit
979 1120 1048 1159 ex
1117 1103 1285 1159 tertio
1342 1103 1626 1158 ccenaculo
1673 1102 1952 1160 deorsum.
2000 1109 2058 1155 et

2172 1120 2183 1151 ι
2225 1097 2331 1154 άπὸ
2351 1097 2445 1151 τοῦ
2475 1096 2764 1168 τριστέγου
2793 1096 2964 1162 κάτω,
2986 1096 3078 1149 καὶ
3102 1094 3243 1167 ἤρθη
3282 1094 3511 1165 νεκρός.
3553 1094 3761 1147 Κατα-

482 1220 497 1249 ι
546 1197 796 1254 sublatus
887 1207 973 1252 est
1070 1204 1345 1250 mortuus.
1433 1193 1571 1249 Cum
1680 1192 2059 1247 descendisset

2177 1209 2185 1242 i
2217 1190 2315 1253 ϐάς
2336 1189 2393 1242 δὲ
2412 1190 2441 1242 6
2465 1188 2678 1251 Παῦλος
2707 1187 2973 1241 ἐπέπεσεν
3008 1186 3158 1256 αὐτῷ
3187 1204 3203 1220 ο
3233 1186 3328 1240 καὶ
3382 1187 3766 1255 συμπεριλα-

484 1312 500 1342 σ
540 1299 722 1346 autem
750 1291 953 1345 Paulus
1000 1289 1249 1345 incubuit
1283 1303 1451 1358 super
1484 1302 1611 1342 eum
1654 1295 1710 1341 et
1743 1284 2060 1354 complexus

2175 1302 2182 1333 !
2222 1282 2353 1348 ϐὼν,
2386 1278 2541 1335 εἴπεο
2592 1279 2683 1349 Μὴ
2716 1277 3054 1350 θορυϐεῖσθε.
3094 1278 3161 1332 Ἡ
3213 1278 3323 1348 γὰρ
3365 1276 3532 1348 ψυχὴ
3589 1276 3764 1331 αὐτοῦ

486 1404 503 1434 ι
549 1385 689 1440 dixit
739 1403 753 1438 :
794 1384 980 1439 Nolite
1026 1381 1260 1447 turbari,
1298 1381 1480 1435 anima
1523 1381 1670 1434 enim
1703 1379 1822 1450 ejus
1853 1378 1909 1431 in
1940 1377 2059 1447 ipso

2177 1395 2186 1428 l
2230 1377 2287 1429 ὲν
2313 1374 2462 1444 αὐτῷ
2491 1376 2658 1429 ἐστιν.
2684 1371 2952 1437 Ἀναστὰς
2985 1372 3045 1425 δὲ
3079 1372 3174 1426 καὶ
3213 1371 3422 1433 κλάσας
3450 1371 3641 1441 ἄρτον
3666 1370 3766 1424 καὶ

487 1494 504 1524 ι
548 1482 650 1529 est.
679 1475 941 1544 Cumque
970 1472 1307 1528 ascendisset
1345 1482 1401 1527 et
1440 1471 1692 1538 fregisset
1742 1483 1937 1539 panem
1996 1484 2060 1523 ac

2173 1486 2185 1516 ι
2222 1465 2580 1533 γευσάμενος,
2611 1461 2698 1531 ἐφ’
2730 1461 2913 1515 ἱκανόν
2951 1474 3010 1515 τε
3052 1461 3320 1531 ὁμιλήσας
3372 1462 3515 1530 ἄχρι
3557 1460 3762 1530 αὐγῆς,

487 1585 504 1615 ι
546 1565 917 1634 degustasset,
953 1563 1048 1618 diu
1079 1564 1385 1618 collocutus
1410 1577 1583 1631 usque
1624 1560 1691 1615 ad
1732 1559 2058 1622 diluculum,

2179 1575 2186 1607 ι
2233 1554 2405 1617 οὕτως
2441 1553 2683 1624 ἐξῆλθεν.
2721 1554 2967 1621 Ἦγαγον
2989 1551 3047 1605 δὲ
3088 1551 3179 1605 τδν
3196 1551 3361 1605 παῖδα
3386 1551 3617 1616 ζῶντα,
3670 1551 3768 1604 καὶ

487 1678 503 1707 ι
544 1659 618 1714 ita
672 1657 894 1713 demum
947 1656 1228 1726 profectus
1295 1665 1398 1710 est.
1460 1655 1820 1709 Adduxerunt
1877 1661 2059 1708 autem

2178 1669 2191 1700 ι
2231 1646 2655 1719 παρεκλήθησαν
2678 1646 2738 1701 οὐ
2764 1644 3252 1717 μετρίως.ιἮμεῖς
3281 1643 3340 1697 δὲ
3379 1641 3767 1714 προελθόντες

490 1770 507 1800 ι
554 1764 788 1819 puerum
821 1748 1118 1813 viventem,
1157 1758 1213 1803 et
1242 1746 1673 1802 consolationem
1705 1761 1817 1800 non
1849 1744 2061 1799 medio-

2177 1747 2209 1795 ι’
2234 1744 2324 1796 ἐπὶ
2358 1743 2420 1795 τὸ
2446 1741 2648 1807 πλοῖον,
2688 1739 3006 1811 ἀνήχθημεν
3033 1740 3113 1802 είς
3140 1738 3240 1808 τὴν
3279 1739 3514 1803 Ἄσσον,
3542 1735 3766 1790 ἐκεῖθεν

491 1862 507 1890 ι
550 1856 702 1897 crem
731 1851 1085 1911 acceperunt.
1117 1841 1227 1896 Nos
1251 1849 1432 1895 autem
1463 1855 1764 1895 conscensa
1790 1838 1915 1893 navi
1948 1837 2062 1893 sol-

2176 1858 2193 1888 ι
2234 1837 2517 1907 μέλλοντες
2546 1834 2953 1904 ἀναλαμϐάνειν
2984 1832 3076 1887 τὸν
3110 1832 3325 1887 Παῦλον
3355 1847 3370 1863 ⁸
3410 1829 3611 1893 οὕτως
3655 1826 3765 1900 γὰρ

493 1953 510 1980 σ
550 1932 734 1986 vimus
758 1947 952 1986 versus
988 1933 1187 1997 Asson,
1215 1931 1343 1985 inde
1368 1930 1648 2000 excepturi
1675 1929 1905 1984 Paulum
1940 1947 1954 1983 :
1987 1931 2061 1985 ita

2174 1953 2187 1982 ι
2227 1898 2292 2003 ἦν
2319 1898 2760 2000 διατεταγμένος,
2791 1927 3001 1998 μέλλων
3024 1927 3197 1991 αὐτὸς
3238 1924 3525 1991 πεζεύειν.
3573 1924 3671 1986 Ὠς

491 2048 507 2077 ι
551 2028 699 2081 enim
775 2027 1140 2082 constituerat
1199 2026 1338 2095 ipse,
1402 2032 1547 2081 terra
1614 2025 1720 2081 iter
1790 2023 2061 2080 facturus.

2176 2044 2189 2075 r
2233 2021 2522 2077 συνέϐαλεν
2553 2022 2685 2091 ἡμῖν
2721 2020 2801 2082 είς
2833 2019 2930 2090 τὴν
2960 2018 3188 2084 ΙἌσσον,
3237 2014 3619 2077 ἀναλαϐόντες
3667 2010 3765 2066 αύ-

491 2142 508 2171 ‹
551 2120 690 2176 Cum
737 2129 919 2175 autem
957 2119 1309 2175 convenisset
1355 2117 1423 2173 ad
1470 2132 1573 2173 nos
1609 2117 1808 2182 Asson,
1842 2127 2064 2188 recepto

2174 2133 2193 2165 ι
2216 2106 2336 2177 τὸν,
2371 2112 2608 2182 ἤλθομεν
2639 2111 3093 2182 είςΜιτυλήνην·
3140 2108 3402 2165 κάκεῖθεν
3470 2103 3763 2162 ἀποπλεύ-

492 2232 510 2264 σ
546 2228 612 2267 eo
684 2213 940 2268 venimus
997 2211 1313 2282 Mitylenem
1363 2226 1378 2264 :
1421 2217 1477 2264 et
1547 2209 1678 2264 inde
1743 2210 2065 2287 navigantes

2174 2225 2193 2258 ι
2227 2223 2438 2269 σαντες,
2481 2209 2546 2277 τῇ
2594 2204 2823 2275 ἐπιούσῃ
2852 2203 3278 2273 κατηντήσαμεν
3326 2202 3574 2271 άντικρυ
3598 2197 3757 2252 Χίου.

492 2325 510 2355 ε
547 2305 797 2374 sequenti
843 2305 933 2360 die
987 2303 1240 2358 venimus
1282 2312 1475 2358 contra
1523 2301 1744 2358 Chium.
1792 2301 2066 2357 Postridie

2173 2317 2192 2351 ι
2230 2301 2308 2371 Τῇ
2343 2299 2398 2353 δὲ
2418 2299 2582 2369 ἑτέρᾳ
2617 2297 2999 2368 παρεϐάλομεν
3054 2298 3134 2359 εἰς
3187 2295 3410 2365 Σάμον·
3482 2293 3587 2347 καὶ
3640 2289 3760 2362 μείο

490 2417 507 2447 ι
556 2412 689 2451 vero
719 2396 1041 2466 appulimus
1069 2394 1313 2458 Samum,
1346 2400 1403 2448 et
1427 2392 1751 2448 commorati
1780 2391 2064 2462 Trogyllii,

2175 2408 2193 2441 ι
2230 2406 2420 2453 ναντες
2480 2391 2537 2442 ὲν
2582 2387 2935 2458 Τρωγυλλίῳ,
2977 2389 3041 2457 τῇ
3101 2384 3334 2456 ἐχομένῃ
3374 2382 3632 2454 ήλθομεν
3682 2381 3761 2445 είς

493 2508 509 2536 ι
550 2488 800 2556 proximo
832 2487 923 2541 die
948 2487 1204 2541 venimus
1232 2483 1498 2539 Miletum.
1523 2484 1892 2551 Proposuerat
1917 2480 2065 2535 enim

2176 2502 2196 2535 ι
2232 2483 2495 2553 Μίλητον.
2525 2481 2747 2552 ’Ἑκρινε
2778 2481 2887 2549 γὰρ
2919 2481 2946 2532 ὁ
2973 2478 3183 2540 Παῦλος
3229 2475 3631 2547 παραπλεῦσαι
3662 2473 3760 2544 τὴν

495 2597 513 2627 ι
556 2577 761 2631 Paulus
793 2574 1254 2646 prmternavigare
1280 2573 1583 2642 Ephesum,
1616 2585 1687 2626 ne
1714 2585 2068 2625 commoran-

2175 2593 2194 2627 ι
2234 2576 2488 2643 Ἔφεσον,
2510 2575 2659 2636 ὅπως
2680 2572 2753 2643 μὴ
2774 2574 2999 2642 γένηται
3040 2570 3188 2640 αύτῷ
3216 2569 3659 2640 χρονοτριϐῆσαι
3702 2567 3760 2621 ἔν

493 2687 512 2721 ι
555 2668 686 2723 dum
718 2670 768 2724 ci
796 2678 942 2724 esset
966 2669 1020 2722 in
1051 2668 1199 2723 Asia.
1236 2667 1552 2722 Festinabat
1577 2667 1725 2721 enim
1760 2673 1821 2719 ιιι
1857 2682 1903 2720 ει
1942 2680 2070 2735 pos-

2176 2686 2195 2721 t
2234 2670 2298 2736 τῇ
2326 2666 2502 2738 Ἀσίᾳ.
2536 2665 2826 2730 Ἕσπευδε,
2857 2666 2966 2735 γὰρ
2993 2665 3037 2716 εί
3069 2662 3289 2716 δυνατὸν
3328 2650 3395 2734 ἦν
3417 2661 3603 2732 αὐτῷ,
3659 2659 3758 2731 τὴν

493 2780 512 2811 ι
556 2760 717 2814 sibile
745 2760 847 2816 sibi
876 2766 1045 2825 esset,
1079 2759 1227 2821 diem
1254 2760 1610 2814 Pentecostes
1638 2766 1826 2830 ageret
1847 2758 2073 2814 Jcroso-

2179 2778 2197 2813 ι
2233 2759 2446 2830 ἡμέραν
2496 2759 2597 2829 τῆς
2635 2757 3014 2828 Πεντηκοστῆς
3057 2754 3313 2825 γενέσθαι
3372 2755 3455 2817 είς
3524 2748 3757 2823 Ἰεροσό-

498 2872 516 2903 ι
557 2852 739 2924 lymis.
777 2873 796 2905 ι

2177 2872 2196 2906 ι
2231 2853 2395 2922 λυμα.
2445 2871 2465 2905 ι

564 2943 724 3013 150
745 2962 763 2995 ι
786 2942 951 2999 Caius
972 2942 1231 3000 Derbaeus
1250 2959 1315 2999 ac
1330 2943 1707 2999 Timotheus.»
1730 2942 2070 2999 Cmterorum

2249 2968 2267 3001 ι
2302 2948 2461 3013 Γάϊος
2491 2947 2753 3018 Δερϐαῖος
2781 2947 2875 3001 καὶ
2921 2945 3207 3016 Τιμόθεος.
3239 2964 3258 2998 ι
3303 2945 3423 3000 Τῶν
3450 2944 3559 3015 μὲν
3584 2943 3758 3000 ἄλλων

491 3035 718 3104 quidem
759 3036 966 3105 patrias
995 3037 1143 3091 unde
1188 3037 1297 3091 orti
1326 3043 1484 3092 erant
1513 3036 1793 3106 exprimit,
1823 3036 2071 3092 notiores

2172 3042 2268 3095 καὶ
2294 3041 2393 3105 τὰς
2418 3040 2683 3113 πατρίδας
2705 3039 2875 3107 λέγει,
2915 3038 3038 3092 ὅθεν
3085 3018 3247 3110 ἦσαν,
3291 3037 3756 3110 γνωριμωτέρους

488 3141 588 3182 eos
618 3125 858 3182 reddens
896 3145 908 3180 :
939 3127 995 3181 in
1027 3128 1319 3182 Timotheo
1353 3142 1486 3182 vero
1523 3127 1643 3182 solo
1683 3127 1906 3182 nomine
1936 3143 2069 3182 con-

2173 3133 2422 3188 ὲντεῦθεν
2458 3132 2647 3188 ποιῶν.
2691 3131 2819 3186 Ἐπὶ
2848 3131 2905 3185 δὲ
2928 3129 3179 3201 Τιμοθέῳ
3207 3130 3452 3201 ἠρκέσθη
3506 3129 3659 3201 μόνῳ
3682 3127 3756 3198 τῷ

490 3224 678 3272 tentus
708 3226 814 3283 est,
839 3218 986 3287 quod
1024 3218 1115 3273 hic
1141 3232 1170 3271 a
1195 3217 1310 3272 suis
1341 3217 1591 3272 moribus
1617 3227 1674 3272 et
1712 3217 1918 3272 virtute
1951 3217 2066 3273 θυῖε

2172 3227 2416 3297 ὀνόματι,
2450 3227 2532 3279 ὅτι
2563 3243 2621 3279 τε
2645 3224 2807 3288 αὐτὸς
2847 3226 2911 3278 ἐκ
2939 3224 3047 3278 τῶν
3077 3223 3242 3277 αὐτοῦ
3277 3222 3503 3294 τρόπων
3537 3221 3635 3275 καὶ
3658 3219 3754 3290 τῆς

490 3306 684 3362 ficiens
750 3308 981 3363 haberet
1038 3307 1368 3378 cognitionis
1430 3307 1693 3362 indicium
1744 3327 1758 3362 ι
1810 3317 1867 3364 et
1916 3307 2065 3378 quod

2174 3322 2375 3393 ἀρετῆς
2403 3321 2667 3394 ἐξαρκοῦν
2696 3317 2809 3393 εἶχε
2839 3322 2901 3376 τὸ
2920 3320 3230 3393 γνώρισμα,
3264 3321 3359 3373 καὶ
3388 3320 3475 3374 ὅτι
3512 3316 3611 3373 καὶ
3630 3315 3754 3389 πρὶν

488 3400 659 3455 etiam
706 3409 866 3456 antea
901 3401 1095 3471 patriae
1128 3401 1277 3455 illius
1305 3400 1527 3455 fecisset
1548 3400 1909 3465 mentionem,
1941 3415 2067 3454 cum

2178 3416 2397 3487 μνήμην
2418 3415 2583 3468 αὑτοῦ
2615 3417 2714 3486 τῆς
2748 3413 3006 3485 πατρίδος
3035 3414 3349 3485 ἐποιήσατο,
3374 3414 3432 3465 ὲν
3460 3405 3548 3475 οἷς
3578 3411 3746 3478 ἔλεγε·

491 3494 703 3551 diceret
737 3513 751 3550 :
789 3495 1048 3550 Pervenit
1101 3503 1287 3549 autem
1329 3495 1546 3549 Derben
1599 3509 1664 3549 ac
1713 3493 1983 3565 Lystram,
2015 3502 2069 3548 et

2174 3504 2496 3576 Κατήντησε
2524 3502 2579 3557 δὲ
2609 3504 2689 3567 είς
2713 3503 2924 3574 Δέρϐην
2960 3504 3055 3557 καὶ
3077 3503 3353 3573 Λύστραν,
3383 3501 3485 3556 καὶ
3516 3501 3628 3555 ίδοῦ
3651 3516 3750 3571 μα-

494 3601 624 3640 ccce
665 3586 972 3655 discipulus
1015 3596 1136 3642 erat
1174 3586 1250 3641 ibi
1283 3588 1505 3641 nomine
1536 3586 1881 3640 Timotheus.
1912 3585 2067 3652 Quod

2177 3593 2346 3665 θητής
2399 3612 2483 3658 τις
2535 3589 2604 3664 ἦν
2636 3596 2754 3647 ἐκεῖ
2781 3593 3006 3664 ὀνόματι
3057 3593 3340 3664 Τιμόθεος.
3392 3592 3458 3646 Et
3488 3590 3546 3644 δὲ
3578 3590 3669 3644 καὶ
3696 3587 3751 3644 τὸ

495 3679 541 3732 si
576 3677 839 3732 Dcrbzeus
866 3678 1207 3748 gentilicium
1236 3694 1383 3732 nunc
1412 3687 1495 3732 est
1531 3686 1588 3732 et
1620 3693 1728 3732 non
1759 3679 2066 3749 proprium;

2197 3686 2435 3756 ispGai‘o;
2465 3684 2560 3740 νῦν
2615 3685 2825 3740 ἑθνικόν
2860 3686 2973 3738 ἐστι
3007 3685 3101 3739 καὶ
3153 3685 3227 3755 μὴ
3246 3684 3493 3756 κύριον.
3519 3682 3620 3737 καὶ
3660 3680 3751 3737 νῦν
3780 3718 3786 3721 -

498 3782 631 3827 tunc
677 3770 843 3827 etiam
893 3771 1000 3826 hoc
1047 3771 1172 3827 loco
1218 3770 1467 3827 fortassis
1509 3772 1638 3827 fecit
1686 3772 1875 3842 patriae
1914 3787 2072 3827 men--

1603 3773 1638 3827 it
1686 3772 1875 3842 patria:
1914 3787 2072 3827 men--
2176 3779 2317 3849 τάχα
2353 3779 2450 3848 τῆς
2473 3778 2729 3848 πατρίδος
2762 3777 3192 3849 ἐμνημόνευσεν.

462 3880 465 3887 ³
496 3865 727 3920 tionem.

565 3957 685 4021 XX,
717 3957 898 4013 17-21.
936 3976 955 4009 ι
1019 3957 1057 4012 Α
1089 3958 1275 4013 Mileto
1340 3966 1523 4013 autem
1570 3958 1754 4015 missis
1789 3958 2068 4030 Ephesum

2256 3976 2274 4009 ι
2310 3956 2440 4010 ’Λπδ
2464 3957 2521 4010 δὲ
2543 3957 2638 4027 τῆς
2663 3957 2904 4027 Μιλήτου
2950 3956 3173 4028 πέμψας
3214 3959 3294 4021 είς
3335 3956 3593 4026 Ἔφεσον,
3619 3970 3741 4028 μετ-

504 4069 522 4101 «
563 4049 794 4116 nuntiis,
836 4050 1129 4105 accersivit
1180 4049 1535 4122 presbyteros
1571 4050 1855 4107 Ecclesiae.
1905 4046 2070 4107 Cum;

2185 4067 2205 4101 ι
2243 4050 2540 4104 εκαλέσατο
2567 4050 2693 4114 τοὺς
2724 4050 3126 4120 πρεσϐυτέρους
3154 4050 3251 4121 τῆς
3284 4050 3636 4122 Ἑκκλησίας.
3661 4045 3743 4110 Ὧς

503 4158 521 4189 ι
564 4153 671 4209 que
702 4139 1087 4208 pervenissent
1120 4140 1184 4192 ad
1219 4141 1421 4209 ipsum,
1458 4139 1599 4195 dixit
1630 4140 1747 4196 eis:
1781 4142 1890 4197 Vos
1918 4141 2073 4197 scitis

2184 4160 2203 4193 ι
2235 4141 2293 4195 δὲ
2324 4140 2690 4212 παρεγένοντο
2733 4141 2867 4211 πρὸς
2895 4141 3078 4206 αὐτὸν,
3127 4138 3283 4195 εἶπεν
3309 4142 3518 4207 αὐτοῖς⁶
3567 4139 3743 4211 Ὑμεῖς

502 4248 520 4280 ι
562 4244 592 4283 a
624 4229 805 4298 primo
834 4228 924 4284 die
948 4229 1080 4283 dum
1111 4228 1396 4300 ingressus
1418 4246 1539 4285 sum
1562 4230 1771 4296 Asiam,
1794 4231 2072 4300 quomodo

2187 4252 2205 4285 ι
2242 4232 2535 4286 ἐπίστασθε
2568 4232 2673 4286 ἀπὸ
2703 4231 2929 4303 πρώτης
2956 4232 3187 4305 ἡμέρας,
3223 4234 3315 4304 ἀφ’
3345 4229 3415 4308 ἧς
3440 4233 3648 4306 ἐπέϐην
3668 4232 3741 4292 είς

502 4340 526 4374 ι
561 4321 845 4389 vobiscum
866 4322 1015 4376 omni
1045 4331 1291 4391 tempore
1322 4322 1518 4376 fuerim
1558 4323 1809 4376 serviens
1839 4323 2074 4377 Domino

2185 4340 2206 4375 ι
2238 4322 2336 4393 τὴν
2381 4322 2585 4388 Ἀσίαν,
2616 4322 2733 4386 πῶς
2764 4323 2884 4392 μεθ’
2906 4323 3059 4394 ὑμῶν
3080 4324 3173 4377 τὸν
3202 4326 3379 4379 πάντα
3408 4326 3602 4396 χρόνον
3626 4324 3736 4390 ἐγε-

504 4433 524 4465 ‹
566 4429 689 4469 cum
732 4414 882 4468 omni
922 4412 1092 4467 animi
1149 4413 1439 4478 modestia,
1475 4411 1773 4482 multisque
1820 4413 2073 4485 lacrymis

2187 4433 2207 4467 ι
2244 4416 2437 4486 νόμην,
2484 4414 2751 4469 δουλεύων
2792 4415 2869 4486 τῷ
2895 4416 3087 4486 Κυρίῳ
3120 4416 3269 4487 μετά
3289 4416 3469 4488 πάσης
3499 4426 3740 4469 ταπεινο-

503 4524 521 4557 1
562 4520 626 4559 ac
674 4504 1095 4568 tentationibus,
1142 4521 1265 4574 qua:
1311 4504 1443 4558 mihi
1479 4503 1805 4560 acciderunt
1834 4520 1900 4560 ex
1934 4506 2072 4561 insi-

2187 4524 2207 4558 ι
2241 4505 2534 4577 φροσύνης,
2587 4506 2680 4560 καὶ
2720 4505 2929 4560 πολλῶν
2980 4506 3232 4580 δακρύων
3281 4508 3374 4562 καὶ
3422 4502 3737 4577 πειρασμῶν

505 4615 524 4647 ι
564 4595 672 4650 diis
695 4594 1055 4651 Iudaeorum:
1092 4602 1152 4648 ut
1184 4595 1321 4648 nihil
1368 4594 1690 4666 sufiugerim
1723 4611 1917 4651 eorum
1945 4613 2068 4667 qua:

2144 4618 2145 4621 η
2177 4616 2198 4650 ι
2231 4597 2340 4651 τῶν
2392 4597 2715 4668 συμϐάντων
2746 4615 2834 4668 μοι
2873 4599 2932 4651 ὲν
2962 4600 3082 4662 ταῖς
3133 4599 3444 4663 ἐπιϐουλαῖς
3468 4598 3574 4651 τῶν
3611 4597 3733 4648 Ἰου-

502 4704 522 4737 ι
570 4687 726 4741 vobis
778 4687 934 4742 utilia
961 4695 1170 4751 essent,
1204 4688 1339 4756 quin
1377 4688 1768 4743 annuuliarem
1805 4689 1986 4755 vobis,
2017 4697 2074 4744 ot

2181 4710 2202 4744 ι
2233 4690 2419 4756 δαίων,
2449 4690 2524 4754 ὡς
2550 4689 2704 4743 οὐδὲν
2737 4690 3145 4763 ὑπεστειλάμην
3184 4690 3295 4744 τῶν
3335 4688 3734 4761 συμφερόντων,

505 4794 526 4828 ι
565 4776 822 4831 docerem
856 4792 955 4832 vos
987 4776 1208 4847 publice
1232 4793 1296 4832 ac
1319 4793 1420 4847 per
1455 4778 1698 4849 singulas
1724 4779 1939 4845 domos,
1990 4788 2074 4834 te-

2184 4805 2204 4838 ι
2237 4783 2332 4837 τοῦ
2358 4784 2432 4854 μὴ
2461 4783 2779 4852 ἀναγγεῖλαι
2813 4785 2942 4854 ὑμῖν
2965 4824 2982 4849 ,
3023 4781 3118 4837 καλ⁵
3158 4782 3369 4850 διδάξαι
3403 4783 3548 4852 ὑμᾶς
3580 4779 3733 4848 δημοσ

508 4886 527 4919 ι
571 4867 814 4922 stiiicans
841 4868 1047 4924 Iudaeis
1097 4868 1260 4924 simul
1290 4878 1347 4923 et
1377 4870 1581 4925 Grzecis
1627 4886 1746 4925 eam
1795 4887 1917 4941 quae
1946 4886 2075 4943 erga

2182 4895 2202 4928 ι
2241 4877 2332 4948 σίᾳ
2363 4875 2457 4929 καὶ
2485 4875 2602 4930 κατ’
2631 4876 2830 4942 οἴκους,
2856 4876 3358 4948 διαμαρτυρόμενος
3396 4873 3664 4934 Ἰουδαίοις
3682 4883 3734 4920 τε

508 4978 528 5010 ι
569 4960 742 5013 Deum
771 4969 857 5015 est
879 4960 1262 5031 penitentiam
1318 4976 1383 5017 ac
1416 4961 1579 5017 fidem
1610 4971 1739 5034 erga
1782 4964 2075 5019 Dominum

2184 4989 2202 5022 ι
2238 4970 2331 5024 καὶ
2359 4969 2527 5039 Ἕλλη
2539 4986 2589 5021 σι
2612 4967 2708 5038 τὴν
2728 4969 2806 5031 είς
2832 4967 2925 5021 τὸν
2950 4968 3084 5021 Θεδν
3113 4970 3423 5039 μετάνοιαν,
3455 4967 3546 5021 καὶ
3568 4963 3731 5017 πίστιν

510 5071 530 5105 ι
571 5062 823 5109 nostrum
858 5054 1069 5109 Jesum.
1112 5074 1131 5106 ι
1547 5050 1555 5073 '

2184 5073 2205 5108 ι
2239 5056 2338 5126 τὴν
2363 5056 2443 5117 εἰς
2470 5054 2563 5108 τὸν
2591 5053 2797 5126 Κύριον
2825 5055 2983 5126 ἡμῶν
3021 5056 3252 5125 Ἰησοῦν.
3289 5076 3307 5109 ι

474 5170 481 5173 -
573 5144 844 5212 Quoniam
874 5145 1033 5200 multi
1086 5145 1350 5216 loquendi
1387 5145 1613 5201 modum
1661 5146 1935 5218 ignorant,
1963 5161 2063 5202 ma-

2262 5145 2481 5216 Ἐπειδὴ
2511 5144 2762 5198 λανθάνει
2791 5146 2916 5209 τοὺς
2946 5146 3177 5209 πολλοὺς
3203 5148 3237 5217 ή
3274 5145 3554 5217 συνήθεια,
3588 5139 3730 5214 μάλι-

502 5237 649 5293 xime
695 5236 827 5291 novi
873 5237 1209 5303 testamenti,
1268 5252 1381 5308 quo
1418 5238 1666 5309 episcopi
1720 5236 2079 5294 nominantur

2181 5255 2284 5293 στα
2314 5241 2412 5309 τῆς
2445 5237 2655 5309 Καινῆς
2684 5236 2981 5308 Διαθήκης,
3012 5238 3137 5300 τοὺς
3158 5238 3487 5302 ἐπισκόπους
3513 5229 3730 5306 πρεσϐυ-

505 5328 841 5400 presbyteri,
870 5344 935 5384 ac
968 5328 1282 5401 presbyteri
1312 5330 1560 5400 episcOpi
1602 5349 1616 5385 :
1652 5330 1759 5385 hoc
1789 5339 1905 5385 tum
1946 5330 2079 5385 hinc

2180 5333 2371 5403 τέρους
2392 5332 2753 5402 ὀνομάζουσα,
2795 5332 2891 5385 καὶ
2917 5331 3045 5394 τοὺς
3075 5328 3486 5402 πρεσϐυτέρους
3529 5319 3730 5380 ἐπισκό-

507 5420 870 5477 animadverti
903 5428 1103 5491 potest,
1128 5429 1242 5475 tum
1263 5437 1331 5478 ex
1356 5422 1597 5491 Epistola
1620 5422 1689 5479 ad
1720 5422 1996 5485 Titum,et
2014 5436 2081 5476 ex

2182 5442 2338 5487 πους.
2370 5423 2705 5495 σημειωτέον
2736 5422 2895 5476 τοῦτο
2944 5420 3217 5487 ἐντεῦθεν,
3271 5420 3366 5475 καὶ
3394 5422 3458 5474 ὲκ
3487 5420 3581 5491 τῆς
3612 5411 3730 5486 πρὸς

505 5528 574 5567 ea
625 5528 749 5582 quae
792 5521 875 5568 est
902 5513 969 5568 ad
1008 5514 1414 5586 Philippenses,
1439 5514 1736 5586 prioreque
1794 5514 1863 5569 ad
1895 5514 2081 5568 Timo-

2182 5516 2341 5570 Τίτον
2381 5514 2719 5585 Ἐπιστολῆς,
2753 5514 2833 5567 ἔτι
2858 5512 2914 5566 δὲ
2936 5513 3030 5567 καὶ
3059 5512 3199 5584 πρὸς
3220 5511 3626 5582 Φιλιππτισίους,
3646 5500 3728 5556 καὶ

508 5601 722 5657 theum.
762 5603 843 5657 Ex
871 5602 977 5658 hoc
1010 5604 1195 5673 itaque
1225 5604 1487 5663 Actorum
1516 5605 1639 5659 loco
1691 5602 1761 5659 de
1790 5618 1856 5658 ea
1889 5618 1951 5658 re
1979 5617 2082 5672 po-

2146 5660 2159 5681 ,
2186 5609 2252 5660 ἐκ
2281 5608 2382 5676 τῆς
2408 5606 2545 5680 πρὸς
2571 5605 2835 5675 Τιμόθεον
2889 5603 3137 5676 πρώτης.
3184 5603 3317 5657 Ἀπὸ
3349 5604 3445 5673 μὲν
3473 5600 3562 5655 οὖν
3602 5590 3729 5665 Πρά-

511 5702 622 5748 test
644 5694 833 5749 haberi
863 5710 1015 5751 eerta
1044 5697 1350 5766 persuasio;
1378 5697 1454 5751 ita
1485 5697 1634 5753 enim
1654 5695 1923 5765 scriptum
1949 5702 2031 5749 est
2062 5714 2077 5748 :

2187 5697 2322 5763 ξεων
2348 5696 2596 5749 ἐντεῦθεν
2627 5696 2741 5749 ἔστι
2781 5695 3065 5765 πεισθῆναι
3096 5695 3226 5766 περὶ
3280 5693 3489 5747 τούτου.
3539 5689 3724 5756 Γέγραο

510 5788 557 5843 Δ
592 5788 777 5844 Mileto
800 5797 982 5845 autem
1012 5791 1200 5846 missis
1230 5792 1506 5862 Ephesum
1530 5791 1761 5857 nuntiis,
1794 5789 2085 5845 accersivit

2187 5807 2316 5843 πται
2367 5790 2473 5861 γὰρ
2516 5790 2705 5850 οὕτως·
2751 5787 2885 5841 Ἀπὸ
2912 5787 2969 5841 δὲ
3015 5790 3112 5858 τῆς
3143 5786 3384 5857 Μιλήτου
3434 5782 3640 5855 πέμψας
3659 5776 3724 5837 εἰς

511 5880 861 5954 presbyteros
936 5883 1213 5950 Ecclesizc,
1269 5893 1327 5941 et
1396 5881 1703 5941 non'dixit
1766 5884 2080 5953 episcopos.

2193 5882 2446 5951 Ἔφεσον,
2486 5880 2885 5952 μετεκαλέσατο
2912 5881 3037 5945 τοὺς
3067 5878 3468 5953 πρεσϐυτέρους
3496 5876 3587 5947 τῆς
3620 5870 3722 5925 ἘΡ
