4024 6626
352 438 458 501 257

1345 441 1736 502 COMMENT.
1774 441 1851 500 IN
1895 442 2078 499 ACTA
2110 441 2684 504 AI’OSTOIDRUM.

3497 449 3608 511 238

356 551 607 622 κληοίας,
631 552 725 604 καὶ
757 552 855 605 οὐκ
888 552 1071 622 είρηκε
1099 552 1222 614 τοὺς
1254 552 1605 615 ἐπισκόπους.
1641 547 1776 606 Εἶτα
1805 553 1923 604 ἐπι-

2045 550 2231 607 )eiude
2295 554 2574 624 subjungit
2607 574 2621 608 :
2664 572 2682 605 ι
2723 554 2784 609 In
2817 571 2927 625 quo
2975 570 3072 611 vos
3116 556 3359 627 Spiritus
3386 575 3611 618 sanctus

353 644 513 712 φέρει
532 658 547 671 ·
569 660 589 693 ι
624 642 714 695 Ἐν
733 636 779 709 ᾧ
794 644 938 713 ὑμᾶς
963 643 1023 695 τὸ
1047 641 1267 714 Πνεῦμα
1288 644 1348 695 τὸ
1370 644 1526 711 ἅγιον
1543 642 1694 696 ἔθετο
1712 644 1934 696 ἐπισκό-

353 749 514 797 πους,
549 734 864 801 ποιμαίνειν
894 734 1369 804 τὴν,Ὲκκλησίαν.
1399 753 1417 785 ι
1439 735 1571 789 Ἀπὸ
1596 735 1653 788 δὲ
1679 735 1774 801 τῆς
1797 736 1935 806 πρὸς

353 823 518 877 Τίτον
565 824 912 892 Ἐπιστολῆς,
946 845 965 878 ι
998 827 1377 897 Καταστήοεις
1416 827 1559 882 κατὰ
1615 827 1772 880 πόλιν
1807 844 1939 898 πρε-

354 915 682 986 σϐυτέρους,
713 918 791 981 ὡς
818 917 931 986 ἐγώ
966 936 1048 973 σοι
1077 918 1431 989 διεταξάμην.
1471 939 1491 972 ι
1556 920 1687 972 Ἀπὸ
1744 919 1801 973 δὲ
1838 921 1937 991 τῆς

353 1007 496 1075 πρὸς
516 1007 918 1079 Φιλιππηοίους
940 1025 953 1040 ·
989 1028 1007 1061 ι
1050 1011 1178 1075 Τοῖς
1222 1010 1374 1065 οὖσιν
1403 1015 1463 1065 ἐν
1513 1012 1803 1078 Φιλίπποις
1839 1012 1935 1067 σὺν

354 1099 681 1162 ἐπισκόποις
710 1103 804 1154 καὶ
829 1100 1117 1165 διακόνοις.
1157 1120 1177 1154 ι
1237 1098 1404 1173 Οἶμαι
1430 1103 1486 1157 δὲ
1514 1104 1598 1157 ὅτι
1626 1105 1722 1159 καὶ
1745 1105 1811 1159 ὲκ
1839 1105 1938 1176 τῆς

355 1190 638 1262 προτέρας
661 1192 799 1262 ¹πρὸς
823 1193 1087 1263 Τιμόθεον
1106 1195 1564 1265 ἀναλογισάμενον
1593 1196 1749 1250 τοῦτο
1772 1197 1935 1251 ἐκλα-

355 1280 475 1334 ϐεῖν
503 1282 644 1336 εστι.
683 1301 703 1335 ι
738 1283 807 1338 Εἴ
835 1302 919 1348 τις
946 1285 1073 1357 γάρ,
1110 1286 1297 1356 φησιν,
1330 1287 1637 1357 ἐπισκοπῆς
1659 1287 1935 1361 ὀρέγεται,

358 1374 528 1427 καλοῦ
552 1374 717 1446 ἔργου
750 1375 1025 1448 δπιθυμεῖ.
1056 1378 1148 1430 Δεῖ
1173 1372 1267 1432 οὗν
1294 1378 1385 1431 τὸν
1404 1380 1704 1432 ἐπίσκοπον
1741 1380 1935 1435 ἀνεπί-

357 1465 567 1536 ληπτον
589 1463 795 1533 εἶναι.)
816 1468 928 1521 Kal
957 1468 1075 1538 μετ’
1095 1468 1251 1537 ὀλίγα
1275 1486 1289 1500 ·
1318 1489 1338 1523 ι
1369 1471 1526 1541 Χήρα
1554 1471 1937 1541 καταλεγέσθω

361 1558 698 1628 μὴ,ἑλάττων
728 1560 863 1614 ἐτῶν
884 1561 1171 1631 ἐξήκοντα.
1215 1579 1236 1615 ι
1265 1562 1462 1617 Κανὼν
1490 1564 1598 1634 γάρ
1627 1565 1773 1618 ἐστιν
1810 1566 1937 1619 Ἐκ-

354 1652 613 1721 κλησίας,
666 1654 982 1726 διαγράφων
1018 1656 1201 1710 ὁποῖον
1256 1650 1397 1710 εἶναι
1424 1656 1508 1710 δεῖ
1557 1656 1650 1711 τὸν
1671 1657 1935 1719 τοιοῦτον.

362 1762 382 1794 ι
415 1744 576 1798 Μετά
639 1745 821 1815 πάσης
876 1746 1381 1819 ταπεινοφροσύνης
1421 1749 1516 1803 καὶ
1579 1750 1789 1803 πολλῶν
1838 1751 1938 1805 δα-

355 1834 564 1903 κρύων.
599 1853 619 1887 ι
654 1836 923 1891 Ἐνταῦθα
952 1839 1277 1911 χαρακτῆρα
1303 1839 1650 1905 διδασκαλίας
1672 1841 1933 1908 δείκνυσι,

353 1925 417 1977 τὸ
454 1925 709 1995 ἄφθονον,
762 1927 825 1981 τὸ
858 1929 1071 1997 άοκνον,
1124 1930 1306 1985 καὶτὸ
1356 1931 1659 2003 συμπαθές.
1687 1932 1935 2005 Ἐπαοχε

355 2017 467 2088 γὰρ
497 2018 643 2091 ὑπὲρ
676 2019 786 2075 τῶν
823 2019 1238 2093 ἀπολλυμένων,
1268 2024 1408 2095 ὑπὲρ
1434 2025 1542 2080 τῶν
1566 2026 1932 2082 ἀπολλύντων.

355 2111 469 2164 Καὶ
487 2111 552 2166 τὸ
583 2112 861 2178 ταπεινὸν,
895 2115 990 2169 καὶ
1004 2115 1103 2186 οὐχ
1136 2116 1345 2180 ἁπλῶς,
1375 2116 1514 2171 ἀλλά
1549 2118 1687 2188 μετὰ
1728 2118 1934 2188 πάσης,

354 2204 517 2274 φησὶ,
541 2206 1076 2279 ταπεινοφροσύνης·
1109 2207 1279 2264 πολλά
1322 2209 1425 2280 γάρ
1462 2210 1577 2280 εἴδη
1606 2212 1705 2280 τῆς
1749 2226 1939 2267 ταπει-

352 2296 722 2369 νοφροσύνης,
756 2298 813 2353 ἐν
846 2299 1015 2370 λόγῳ,
1050 2300 1106 2354 ἐν
1128 2299 1297 2372 ἔργῳ,
1330 2301 1467 2373 πρὸς
1494 2302 1783 2374 ἄρχοντας,
1800 2302 1938 2374 πρὸς

355 2388 719 2458 ἀρχομένους.
767 2410 784 2442 ι
814 2392 922 2446 Kal
947 2392 1008 2447 τὸ
1057 2393 1123 2447 τὰ
1154 2395 1503 2466 συμφέροντα
1532 2395 1730 2464 λέγειν.
1776 2415 1795 2448 ι
1829 2391 1938 2450 Ἦν

354 2481 467 2552 γάρ
502 2482 540 2536 ἃ
562 2482 663 2536 ούκ
682 2483 790 2538 ἔδει
822 2484 1035 2555 μαθεῖν.
1077 2487 1288 2558 ’Ὠσπερ
1316 2488 1425 2560 γὰρ
1453 2488 1517 2542 τό
1557 2506 1680 2543 τινα
1702 2490 1955 2561 κρύπτε-’

356 2571 488 2625 σθαι
521 2572 742 2643 φθόνου,
766 2574 912 2630 οὕτω
938 2576 999 2631 τὸ
1049 2577 1111 2631 τὺ
1141 2580 1249 2632 πᾶν
1271 2578 1452 2647 λέγειν
1494 2580 1697 2645 αὐτοῖς,
1733 2580 1935 2643 ἀνοίας.

355 2665 475 2718 Καὶ
504 2666 596 2719 διὰ
642 2666 804 2722 τοῦτο
833 2669 1141 2741 προσέθηκε
1163 2687 1177 2700 ·
1237 2671 1360 2725 Τῶν
1391 2672 1801 2743 συμφερόντων,
1836 2674 1940 2728 οὐκ

350 2760 540 2813 εἰπεῖν
566 2760 752 2831 μόνον,
782 2761 921 2817 ἀλλά
946 2762 1042 2817 καὶ
1079 2760 1309 2829 διδάξαι.

440 3041 460 3076 ι
488 3024 601 3079 Καὶ
624 3025 719 3080 νῦν
741 3028 851 3083 ίδοὺ
876 3029 988 3098 ἑγὼ
1011 3030 1292 3102 δεδεμένος
1316 3033 1395 3105 τῷ
1420 3033 1691 3105 πνεύματι
1716 3035 1943 3103 negatio-

359 3134 384 3169 ι
430 3134 533 3187 μαι
585 3120 667 3184 εἰς
704 3120 1210 3195 Ἰερουσαλὴμ,τά
1267 3125 1327 3178 ἐν
1356 3125 1493 3197 αὐτῇ
1540 3128 1944 3198 συναντήσοντά

2037 644 2224 712 posuit
2255 646 2549 716 episcopos
2573 646 2641 700 ad
2666 646 2964 716 regendum
2993 648 3303 710 Ecclesiam
3339 651 3458 707 Dei.
3487 671 3505 704 ι
3530 653 3610 708 Ex

2038 736 2282 805 Epistola
2312 753 2444 791 vero
2478 738 2546 791 ad
2577 738 2762 792 Titum
2799 753 2813 790 :
2858 758 2875 789 ι
2914 740 2980 793 Et
3013 741 3320 796 constitues
3362 758 3463 812 per
3490 744 3611 798 sin-

2036 826 2193 896 gulas
2226 827 2478 881 civitates
2518 828 2871 899 presbyteros
2919 814 3071 885 sicut
3111 847 3212 902 ego
3243 832 3341 887 tibi
3391 835 3613 889 ordina‘

2038 933 2156 972 ram
2199 918 2262 974 ¹⁹.
2304 938 2323 970 ›
2362 917 2439 971 Ex
2462 917 2708 988 Epistola
2743 920 2810 974 ad
2840 922 3253 992 Philippenses:
3299 944 3317 976 ι
3346 925 3455 992 Qui
3484 935 3614 982 sunt

2038 1008 2310 1079 Philippis
2363 1025 2472 1064 una
2501 1025 2626 1065 cum
2659 1012 2934 1084 episcopis
2958 1030 3020 1069 ac
3049 1015 3293 1072 diacouis
3321 1019 3384 1073 ὀ.
3426 1036 3445 1071 ι
3481 1017 3610 1089 Opi-

2038 1116 2142 1155 nor
2162 1108 2347 1156 autem
2380 1102 2526 1172 quod
2561 1118 2629 1156 ex
2666 1103 2847 1173 priore
2879 1121 3101 1176 quoque
3147 1108 3214 1163 ad
3258 1109 3606 1167 Timotheum

2037 1208 2069 1248 a
2093 1193 2409 1264 conjectura
2439 1194 2679 1264 idipsum
2714 1194 2944 1267 intelligi
2968 1206 3169 1267 potest.
3205 1220 3223 1251 ι
3258 1200 3314 1256 Si
3340 1203 3485 1271 quis,
3522 1203 3611 1257 in-

2037 1284 2179 1351 quit,
2212 1282 2590 1354 episcopatum
2615 1286 2845 1355 appetit,
2878 1286 3170 1343 honestum
3217 1305 3356 1361 opus
3386 1292 3609 1348 deside-

2038 1385 2142 1429 rat.
2189 1374 2421 1445 Oportet
2467 1376 2635 1447 igitur
2684 1378 3007 1449 episcopum
3062 1381 3609 1452 irreprehensibilem

2037 1469 2247 1522 esse“.
2278 1487 2297 1518 ι
2333 1467 2486 1537 151
2507 1468 2575 1522 Et
2606 1475 2730 1538 post
2755 1484 2963 1539 pauca:
3008 1490 3026 1523 ι
3048 1472 3225 1528 Vidua
3247 1476 3481 1546 eligatur
3499 1493 3611 1531 non

2039 1560 2219 1614 minor
2240 1561 2524 1631 sexaginta
2559 1560 2737 1616 annis.
2773 1582 2792 1614 ι
2820 1562 2916 1617 Est
2945 1563 3093 1618 enim
3120 1565 3380 1622 Ecclesiae
3399 1569 3609 1639 regula,
3702 1558 3713 1563 ’

2038 1653 2360 1709 describens
2381 1654 2599 1723 qualem
2619 1669 2739 1709 esse
2760 1656 2983 1725 oportea
2997 1665 3169 1723 teum,
3187 1659 3282 1728 qui
3298 1659 3612 1730 hujusmodi

2038 1755 2144 1801 est.
2181 1764 2199 1798 ι
2239 1746 2378 1802 Cum
2423 1747 2575 1802 omni
2599 1746 2772 1801 animi
2804 1748 3075 1803 modestia
3098 1750 3398 1820 multisque
3429 1752 3610 1823 lacry-

2040 1839 2166 1894 mis.
2198 1857 2216 1890 ι
2246 1838 2361 1893 Ηοο
2377 1838 2501 1893 loco
2518 1839 2736 1910 signum
2752 1839 3015 1895 doctrina:
3031 1840 3393 1907 demonstrat,
3414 1858 3613 1911 nempe

2039 1931 2247 1987 invidia
2268 1932 2524 2003 fastuque
2544 1948 2732 1989 carere
2760 1949 2825 1989 ac
2848 1934 3262 1990 condolescere.
3300 1934 3613 1991 Patiebatur

2037 2039 2276 2093 namque
2296 2068 2312 2090 ,
2345 2034 2402 2079 et
2432 2039 2535 2094 pro
2562 2025 2929 2095 pereuntibus
2959 2036 3017 2081 et
3043 2042 3145 2096 pro
3175 2027 3263 2082 his
3280 2026 3377 2099 qui
3417 2027 3616 2097 perdo-

2039 2115 2192 2170 bant.
2218 2114 2287 2169 Et
2316 2114 2449 2169 item
2485 2114 2771 2170 humilitas
2795 2132 2897 2171 nec
2915 2117 3332 2188 qualiscunque,
3368 2120 3463 2175 sed
3489 2135 3612 2176 cum

2039 2205 2214 2270 omni,
2238 2206 2439 2276 inquit,
2469 2206 2638 2260 animi
2665 2206 2933 2262 modestia
2951 2208 3069 2263 sive
3085 2209 3393 2264 humilitate
3427 2227 3440 2264 :
3474 2211 3616 2264 mul-

2040 2304 2108 2352 tae
2151 2298 2299 2353 enim
2360 2305 2491 2353 sunt
2533 2297 2864 2353 humilitatis
2894 2299 3130 2368 species,
3155 2315 3352 2370 nempe
3392 2300 3447 2355 in
3499 2317 3617 2356 ser-

2038 2405 2224 2457 mone,
2250 2390 2307 2443 in
2333 2405 2522 2459 Opere,
2550 2390 2619 2444 ad
2661 2391 2959 2460 principes,
2990 2391 3058 2446 ad
3080 2407 3178 2447 eos
3199 2393 3291 2463 qui
3314 2392 3617 2463 gubernan-

2041 2491 2151 2538 tur.
2190 2501 2208 2533 ι
2240 2482 2451 2551 Eorum
2482 2498 2605 2552 qua:
2626 2482 2785 2539 vobis
2808 2482 2964 2538 utilia
2998 2490 3205 2539 essent.
3241 2502 3259 2534 ι
3286 2483 3423 2537 Nam
3456 2495 3618 2538 erant

2040 2588 2161 2644 quae
2195 2589 2306 2628 non
2334 2574 2660 2644 expediebat
2689 2574 2930 2630 discere.
2969 2575 3125 2630 Sicut
3154 2576 3404 2645 quaedam
3434 2578 3620 2631 occul-

2041 2678 2158 2722 tare
2178 2666 2344 2721 datur
2371 2666 2616 2730 invidiae,
2648 2667 2723 2723 ita
2754 2672 2974 2722 rursum
3007 2683 3122 2723 rem
3147 2683 3366 2723 omnem
3387 2669 3470 2724 eis
3488 2685 3619 2740 ape-

2042 2759 2175 2825 rire,
2202 2760 2552 2829 insipientia).
2583 2760 2650 2813 Et
2679 2768 2971 2830 propterea
3005 2760 3251 2816 addidit:
3274 2762 3476 2819 Eorum
3496 2778 3619 2832 quae

2041 2850 2200 2905 vobis
2233 2850 2389 2904 utilia
2412 2856 2620 2914 essent,
2652 2863 2717 2904 ea
2748 2848 2973 2919 inquam
3005 2863 3115 2904 non
3146 2848 3334 2905 dicere
3382 2857 3616 2912 tantum,

2045 2955 2233 2996 verum
2266 2941 2433 2996 etiam
2468 2940 2702 2996 docere.
3188 2934 3195 2943 “

2113 3031 2233 3095 XX.
2265 3032 2460 3087 22-27.
2494 3051 2510 3083 ι
2556 3031 2627 3086 Et
2665 3046 2817 3087 nunc
2846 3046 2978 3087 ecce
2997 3046 3099 3102 ego
3127 3032 3384 3102 alligatus
3410 3030 3615 3102 Spiritu

2052 3144 2071 3178 ι
2111 3123 2439 3195 proﬁciscor
2465 3124 2793 3190 Jerusalem,
2818 3138 2939 3194 qua:
2969 3123 3026 3178 in
3063 3139 3129 3179 ea
3147 3124 3280 3177 mihi
3312 3124 3620 3179 obventura

360 3233 385 3267 ε
424 3232 518 3286 μοι
543 3216 618 3286 μὴ
650 3217 826 3284 εἰδὼς,
866 3218 1006 3290 πλὴν
1043 3219 1211 3274 ὅτιτὸ
1242 3220 1467 3292 Πνεῦμα
1520 3222 1582 3274 τδ
1612 3221 1767 3291 ἅγιον
1800 3222 1939 3277 κατά

2051 3237 2071 3271 ι
2112 3225 2243 3274 sunt
2297 3218 2579 3289 ignorans,
2639 3216 2746 3271 nisi
2797 3216 2945 3286 quod
2993 3216 3232 3285 Spiritus
3269 3225 3493 3271 sanctus
3521 3230 3622 3285 per

361 3325 385 3360 ε
428 3308 580 3363 πόλιν
603 3308 1029 3382 διαμαρτύρεται
1069 3313 1247 3382 λέγον,
1303 3314 1385 3367 ὅτι
1409 3313 1583 3383 δεσμά
1619 3331 1688 3385 με
1712 3318 1804 3368 καὶ
1830 3315 1942 3368 θλί-

358 3418 385 3451 ι
424 3398 549 3468 ψεις
582 3402 855 3471 μένουσιν.
901 3403 1042 3457 Ἀλλ’
1061 3405 1274 3469 οὐδενὸς
1304 3405 1462 3475 λόγον
1493 3405 1779 3476 ποιοῦμαι.
1804 3407 1941 3461 Οὐδὲ

359 3512 383 3543 ε
428 3493 542 3564 ἔχω
569 3494 669 3566 τὴν
689 3496 870 3567 ψυχήν
898 3515 1001 3567 μου
1032 3498 1227 3569 τιμίαν
1254 3500 1501 3571 ἐμαυτῷ,
1540 3499 1617 3564 ὡς
1652 3499 1938 3554 τελειῶσαι

364 3604 390 3634 ι
424 3586 522 3639 τὸν
550 3585 755 3658 δρόμον
785 3605 886 3658 μου
919 3590 1057 3658 μετά
1083 3592 1259 3661 χαρᾶς
1288 3592 1384 3645 καὶ
1407 3591 1507 3663 τὴν
1539 3592 1839 3657 διακονίαν,
1873 3592 1939 3663 ἢν

365 3696 388 3730 ε
430 3677 625 3732 ἔλαϐον
670 3679 824 3751 παρά
861 3682 954 3735 τοῦ
990 3684 1197 3752 Κυρίου
1234 3681 1433 3752 Ἰησοῦ,
1464 3682 1941 3753 διαμαρτύρασθαι

362 3788 389 3819 ι
426 3768 490 3821 τὸ
512 3770 843 3839 Εὑαγγέλιον
873 3771 971 3842 τῆς
1009 3774 1229 3844 χάριτος
1262 3774 1357 3828 τοῦ
1377 3774 1535 3829 θεοῦ.
1571 3774 1684 3828 Καὶ
1708 3772 1801 3827 νῦν
1830 3775 1938 3827 ἰδοὺ

368 3881 391 3912 ς
434 3860 549 3930 ἐγὼ
598 3858 739 3929 οἶδα,
788 3864 870 3917 ὅτι
898 3865 998 3918 οὐκ
1052 3865 1133 3918 ἔτι
1188 3865 1385 3935 ὄψεσθε
1418 3866 1479 3919 τὸ
1506 3865 1799 3937 πρόσωπόν
1837 3882 1940 3936 μου

366 3974 389 4005 ε
428 3955 587 4025 ὑμεῖς
629 3955 831 4019 πάντες
882 3957 941 4010 ἐν
962 3950 1047 4021 οἷς
1080 3955 1316 4028 διῆλθον,
1347 3955 1638 4027 κηρύσσων
1666 3956 1765 4028 τὴν
1797 3956 1943 4027 βασι·

368 4065 392 4098 ι
427 4047 580 4101 λείαν
603 4047 697 4101 τοῦ
722 4046 881 4102 Θεοῦ.
917 4046 1374 4120 Διαμαρτύρομαι
1406 4049 1535 4119 ὑμῖν
1568 4048 1629 4102 ἑν
1669 4051 1737 4120 τῇ
1772 4049 1944 4117 σήμε-

369 4158 394 4192 ε
435 4157 530 4211 ρον
555 4140 757 4211 ἡμέρᾳ,
785 4142 868 4195 ὅτι
898 4141 1137 4212 καθαρὸς
1161 4140 1270 4210 ἐγὼ
1293 4140 1399 4194 ἀπὸ
1421 4139 1514 4195 τοῦ
1550 4140 1782 4210 αἵματος
1805 4141 1942 4193 πάν-

373 4248 397 4285 ε
426 4249 556 4287 των.
587 4233 664 4287 Οὐ
695 4233 803 4303 γὰρ
834 4232 1243 4304 ὑπεστειλάμην
1277 4233 1406 4303 ὑμῖν
1438 4232 1533 4287 τοῦ
1567 4233 1642 4304 μὴ
1685 4234 1941 4301 ἀναγγεῖ-

375 4343 394 4376 ι
429 4324 520 4378 λαι
553 4326 739 4379 πᾶσαν
766 4324 862 4395 τὴν
888 4324 1086 4397 βουλὴν
1112 4323 1208 4378 τοῦ
1242 4324 1400 4379 Θεοῦ.
1432 4342 1451 4377 ι

455 4418 725 4475 Ἐνταῦοα
758 4420 838 4483 εἰς
866 4418 949 4485 τὸ,
984 4418 1299 4490 Δεδεμένος,
1324 4418 1406 4472 δεῖ
1456 4416 1760 4484 ὑποστίξαι,
1786 4417 1873 4471 ἵνα

2051 3331 2070 3363 ι
2109 3310 2417 3382 singulares
2440 3310 2696 3366 civitates
2722 3309 3069 3374 testiﬁcatur,
3107 3309 3300 3363 dicens
3326 3306 3471 3378 quod
3501 3307 3622 3362 vin-

2050 3422 2069 3455 ‹
2105 3403 2230 3459 cula
2257 3412 2317 3459 et
2350 3402 2678 3457 aﬁlictiones
2708 3416 2795 3456 me
2827 3408 3107 3456 maneant.
3137 3400 3342 3455 Verum
3371 3399 3509 3453 nihil
3532 3412 3620 3453 me

2050 3514 2069 3546 ι
2114 3502 2319 3549 movet.
2373 3494 2564 3564 Neque
2614 3494 2785 3548 vitam
2838 3509 3013 3548 meam
3043 3492 3222 3547 habeo
3252 3491 3388 3546 mihi
3418 3491 3472 3545 in
3507 3492 3621 3546 ullo

2050 3607 2068 3639 ι
2108 3588 2289 3657 pretio
2318 3606 2332 3643 :
2366 3596 2429 3642 ut
2452 3602 2832 3643 consummem
2865 3602 3086 3641 cursum
3117 3601 3300 3641 meum
3336 3600 3461 3640 cum
3488 3599 3623 3654 gau-

2048 3700 2068 3732 ‹
2110 3680 2224 3743 dio,
2252 3691 2309 3734 et
2334 3679 2704 3733 ministerium
2735 3677 2883 3748 quod
2913 3676 3102 3747 accepi
3133 3693 3163 3732 a
3196 3677 3432 3731 Domino
3462 3676 3619 3740 Jesu,

2049 3790 2067 3823 ι
2108 3770 2177 3826 ad
2204 3770 2610 3826 testiﬁcandum
2631 3770 2989 3841 Evangelium
3018 3768 3206 3840 gratia:
3232 3767 3352 3823 Dei.
3383 3768 3453 3822 Et
3475 3780 3623 3823 nunc

2049 3881 2068 3914 ι
2109 3876 2239 3917 ecce
2262 3876 2363 3932 ego
2400 3862 2514 3917 scio
2537 3860 2685 3930 quod
2719 3860 2949 3931 posthac
2978 3876 3087 3913 non
3120 3858 3380 3913 videbitis
3424 3858 3620 3911 faciem

2049 3972 2069 4005 ι
2110 3968 2291 4008 meam
2340 3967 2440 4007 vos
2490 3966 2685 4007 omnes
2738 3966 2836 4020 per
2865 3964 3005 4019 quos
3039 3947 3267 4003 transivi
3316 3945 3625 4016 praedicans

2049 4065 2068 4096 ι
2110 4058 2341 4115 regnum
2366 4043 2489 4099 Dei.
2517 4042 2868 4112 Quapropter
2912 4049 3197 4097 contestor
3216 4055 3317 4095 vos
3352 4027 3623 4095 hodierno

2048 4156 2068 4190 ι
2112 4138 2223 4202 die,
2270 4136 2419 4207 quod
2448 4137 2688 4190 mundus
2711 4150 2812 4206 ego
2847 4134 2952 4189 sim
2986 4150 3016 4189 a
3038 4135 3306 4204 sanguine
3350 4131 3620 4187 omnium.

2050 4251 2068 4283 ι
2112 4230 2230 4285 Non
2275 4230 2422 4284 enim
2468 4225 2780 4296 subterfugi
2831 4240 2942 4295 quo
2990 4224 3176 4279 minus
3231 4222 3619 4279 annuntiarem

2049 4342 2069 4376 ι
2105 4323 2265 4378 vobis
2292 4336 2455 4377 omne
2479 4318 2771 4375 consilium
2800 4318 2919 4373 Dei.
2951 4338 2971 4370 ι

2114 4410 2521 4469 Subdistinctio
2549 4410 2657 4465 hoc
2683 4409 2809 4464 loco
2843 4406 3100 4478 ponenda
3150 4414 3238 4463 est
3264 4412 3396 4476 post
3424 4404 3623 4460 dietio-

364 4510 580 4566 διάνοια
608 4509 833 4582 τοιαύτη
855 4527 870 4543 ·
901 4511 1211 4583 Ιιορεύομαι
1240 4511 1321 4575 είς
1381 4508 1763 4581 Ἰερουσαλὴμ,
1809 4525 1939 4580 προ-

2045 4522 2191 4571 nem,
2218 4505 2510 4576 Alligatus,
2526 4513 2587 4558 ut
2610 4502 2681 4558 sit
2704 4501 2823 4557 haec
2842 4500 3117 4557 sententia
3150 4498 3506 4568 :_Proﬁciscor
3531 4496 3622 4552 Je-

368 4602 532 4671 γνοὺς
552 4602 644 4656 διά
674 4600 771 4657 τοῦ
799 4581 1121 4672 πνεύματος
1142 4603 1212 4657 τά
1236 4601 1493 4672 ἐσόμενα,
1529 4600 1831 4673 πορεύομαι
1882 4600 1939 4655 δὲ

2045 4600 2283 4654 rusalem
2331 4598 2595 4668 przescius
2640 4611 2739 4667 per
2782 4594 3051 4665 Spiritum
3081 4608 3204 4663 qua:
3223 4590 3360 4647 mihi
3389 4598 3622 4644 ventura

364 4695 592 4766 δέσμιος
617 4694 714 4749 ὢν.
746 4690 880 4749 Εἶτα
911 4696 999 4750 ἵνα
1031 4696 1107 4767 μὴ
1138 4694 1337 4767 δεσμὸν
1382 4694 1416 4765 ἢ
1450 4695 1695 4766 ἀνάγκην
1748 4694 1941 4766 νομίσῃ

367 4804 475 4850 τις,
520 4788 617 4841 καὶ
664 4787 752 4842 ῖνα
779 4787 929 4860 δείξῃ
965 4788 1048 4842 ὅτι
1080 4787 1222 4842 ἑκὼν
1268 4786 1592 4861 ἀπέρχεται,
1645 4787 1833 4858 φησὶν,
1858 4787 1942 4840 ὅτι

368 4880 528 4934 Κατά
567 4879 724 4933 πόλιν
752 4879 926 4951 δεσμά
952 4898 1022 4950 με
1051 4880 1147 4935 καὶ
1170 4879 1379 4951 θλίψεις
1399 4880 1671 4951 μένουσιν.
1706 4897 1725 4931 ι
1759 4877 1941 4932 Καθα-

371 4971 465 5041 po;
490 4973 633 5041 είμι,
678 4972 863 5042 φησὶν,
889 4972 998 5026 ἀπὸ
1040 4972 1135 5026 τοῦ
1171 4972 1401 5043 αἵματος
1437 4971 1676 5037 πάντων,
1713 4989 1733 5022 ι
1770 4971 1818 5023 εί
1848 4987 1942 5023 νυ-

368 5067 669 5131 οτάξαντες
700 5046 1011 5135 ἀποθάνητε
1038 5065 1147 5120 ἀπὸ
1172 5064 1264 5119 τοῦ
1296 5062 1555 5134 φονευτοῦ
1596 5062 1705 5117 τῶν
1732 5061 1943 5132 ψυχῶν·

368 5160 551 5230 τὸγὰρ
565 5161 659 5215 τοῦ
674 5161 1015 5229 διδασκάλου,
1034 5160 1189 5230 φησὶ,
1212 5157 1506 5230 πεποίηκα,
1522 5156 1599 5228 τῷ
1617 5156 1947 5226 ἀπαγγεῖλαι

371 5256 507 5325 ύμῖν
537 5253 639 5325 τὴν
677 5252 874 5324 βουλὴν
906 5254 999 5306 τεῦ
1022 5237 1179 5306 Θεοῦ.
1212 5252 1356 5322 ’Δρα
1387 5251 1416 5304 ὁ
1453 5250 1530 5320 μὴ
1563 5249 1758 5318 λέγων,
1787 5247 1949 5302 ὑπεύ·

371 5347 533 5409 θυνος
562 5344 657 5399 τοῦ
684 5344 911 5415 αἵματός
932 5345 1069 5408 ἐστι,
1096 5342 1342 5397 τουτέστι
1373 5342 1476 5413 τῆς
1496 5340 1713 5411 σφαγῆς
1743 5339 1946 5396 αὐτῶν.

371 5436 627 5490 Δείκνυσι
648 5437 827 5489 τοίνυν
856 5436 939 5488 ὅτι
967 5435 1209 5488 κάκεῖνοι
1240 5433 1307 5488 ἂν
1340 5432 1414 5503 μὴ
1437 5432 1683 5497 ποιῶσιν,
1711 5430 1950 5484 ὑπεύθυ-

371 5530 456 5586 νοί
477 5531 585 5584 είσι
608 5529 703 5583 τοῦ
734 5528 869 5583 ίδίου
904 5527 1136 5599 αἶματος
1155 5543 1170 5558 ·
1193 5525 1260 5579 δι’
1287 5525 1315 5577 ὃ
1346 5526 1440 5578 καὶ
1468 5523 1624 5595 φοὸεῖ
1654 5522 1875 5587 αὐτούς.

452 5730 474 5765 ε
509 5710 812 5782 Προσέχετε
838 5704 932 5764 οὖν
956 5709 1163 5771 ἑαυτοῖς
1192 5707 1285 5761 καὶ
1311 5704 1472 5759 παντὶ
1491 5704 1567 5775 τῷ
1595 5704 1855 5775 ποιμνίῳ,
1883 5706 1941 5761 ὲν

444 5902 492 5938 ι’
521 5898 668 5959 Tim.
706 5914 746 5969 ι,
775 5898 826 5957 5.
901 5898 949 5932 '°
972 5896 1211 5968 Philipp.
1234 5912 1273 5964 ι,
1315 5894 1367 5949 i.
1445 5891 1534 5947 ³⁸1
1570 5889 1715 5949 Tim.
1754 5904 1839 5947 ut.

2047 4693 2181 4755 sint,
2217 4690 2542 4762 proﬁciscor
2581 4698 2765 4746 autem
2796 4687 3074 4757 alligatus.
3129 4683 3338 4739 Deinde
3366 4695 3457 4737 .ne
3497 4681 3622 4751 quis

2045 4794 2245 4841 catena
2288 4791 2388 4841 aut
2435 4782 2764 4838 necessitate
2809 4780 3090 4850 alligatum
3119 4776 3418 4838 existimet,
3452 4782 3623 4843 utque

2046 4878 2307 4934 ostendat
2353 4876 2502 4946 quod
2535 4883 2732 4945 sponte
2776 4872 3197 4943 proﬁciscatur:
3226 4868 3330 4923 Per
3355 4867 3619 4938 singulas,

2047 4969 2251 5039 inquit,
2279 4968 2535 5024 civitates
2559 4966 2777 5021 vincula
2807 4974 2862 5018 et
2890 4956 3214 5018 aﬁlicti‘ones
3249 4975 3337 5016 me
3374 4968 3617 5014 manent.

2059 5080 2078 5113 ι
2126 5060 2365 5115 Mundus
2393 5075 2425 5114 a
2458 5058 2724 5129 sanguine
2754 5056 3025 5119 omnium,
3059 5074 3079 5106 ι
3117 5054 3163 5110 si
3210 5052 3622 5108 obdormientes

2052 5152 2382 5209 occidamini
2432 5151 2500 5206 ab
2551 5149 2826 5205 homicida
2880 5148 3237 5204 animarum:
3281 5144 3425 5215 quod
3471 5143 3618 5199 enim

2048 5243 2406 5315 praeceptoris
2425 5252 2509 5297 est
2536 5241 2745 5313 peregi,
2776 5256 2971 5310 nempe
3005 5247 3064 5293 ut
3115 5238 3499 5294 annuntiarcm
3527 5250 3622 5288 vo-

2049 5338 2137 5393 bis
2169 5336 2267 5392 Dei
2314 5335 2634 5392 consilium.
2660 5335 2850 5404 Itaque
2894 5333 2986 5403 qui
3015 5347 3125 5386 non
3150 5328 3460 5391 annuntiat,
3493 5341 3621 5381 reus
3704 5358 3717 5371 κ

2047 5429 2331 5500 sanguinis
2358 5436 2462 5493 est,
2512 5426 2669 5497 152
2701 5426 2806 5481 hoc
2837 5437 2919 5481 est
2942 5424 3106 5479 caedis
3125 5436 3336 5476 eorum.
3371 5416 3620 5473 Ostendit

2052 5522 2222 5593 igitur
2256 5522 2381 5576 illos
2410 5536 2655 5591 quoque.
2687 5518 2791 5574 nisi
2811 5534 2873 5573 ca
2903 5514 3318 5586 compleverint,
3346 5526 3469 5564 reos
3497 5524 3620 5576 pro-

2049 5616 2160 5686 prii
2187 5615 2306 5670 fore
2335 5614 2619 5685 sanguinis
2657 5632 2669 5667 :
2702 5622 2927 5683 propter
2950 5609 3095 5679 quod
3122 5607 3285 5663 etiam
3308 5610 3478 5658 terret
3501 5615 3615 5655 eos.

2116 5707 2234 5773 XX,
2250 5706 2440 5763 23-32.
2466 5724 2484 5756 ι
2510 5704 2785 5761 Αιιοηιιίιο
2804 5702 2971 5773 igitur
2996 5698 3155 5755 vobis
3173 5705 3477 5762 cunctaque
3492 5704 3622 5761 gis-
