4024 6592
489 421 598 485 259

1593 405 1993 472 (ECUMENII
2032 404 2323 467 TRlCCrlZ
2364 403 2703 468 EPISCOPI
3675 402 3707 465 Ξ

502 547 527 582 ι’
564 544 614 601 gi
636 547 649 582 :
675 527 729 581 in
755 540 865 598 quo
882 540 977 579 vos
1005 522 1245 593 Spiritus
1261 526 1485 575 sanctus
1503 519 1684 589 posuit
1706 518 1998 588 episcopos
2013 516 2080 571 ad

2194 535 2213 568 ι
2249 508 2292 584 ᾧ
2326 515 2468 585 ὑμᾶς
2497 516 2808 586 τὸὲΠνεῦμα
2838 516 2897 570 τὸ
2926 517 3077 585 ἅγιον
3108 517 3259 571 ἔθετο
3284 515 3637 581 ἐπισκόπους
3658 535 3773 573 ποι-

503 641 521 673 ι
560 619 860 693 regendum
912 618 1212 673 Ecclesiam
1249 614 1368 676 Dei.
1398 628 1562 682 quam
1614 611 1908 681 acquisivit
1946 626 2075 665 san-

504 734 522 766 ι
565 715 731 785 guine
762 725 883 765 suo.
918 709 1031 778 Ego
1065 705 1213 761 enim
1264 703 1392 758 novi
1432 702 1559 768 hoc,
1594 700 1743 771 quod
1774 698 2074 771 ingressuri

505 823 523 856 ι
559 804 672 859 sint
720 808 840 873 post
873 800 1180 853 disceSsum
1238 809 1421 849 meum
1474 792 1592 862 lupi
1623 805 1817 862 graves
1859 790 1916 844 in
1952 804 2079 855 vos,

505 914 524 947 ι
564 908 674 949 non
703 901 991 964 parcentes
1018 889 1187 960 gregi.
1216 886 1285 941 Et
1306 901 1373 941 ex
1401 886 1560 940 vobis
1593 884 1725 954 ipsis
1756 880 2076 939 exdi'ientur

506 1008 525 1040 ι
573 988 675 1041 viri
704 987 992 1055 loquentes
1044 994 1324 1052 perversa,
1356 987 1416 1033 ut
1458 977 1737 1033 abducant
1774 976 2075 1045 discipulos

507 1103 526 1136 ι
573 1088 697 1154 post
749 1095 829 1135 se.
889 1078 1099 1133 Idcirco
1148 1076 1390 1145 vigilate,
1451 1087 1725 1128 memores
1778 1071 1926 1142 quod
1979 1083 2076 1139 per

507 1196 526 1227 ι
565 1172 861 1228 triennium
894 1178 1056 1225 nocte
1103 1182 1167 1223 ac
1196 1167 1287 1221 die
1314 1180 1425 1219 non
1456 1164 1789 1219 cessaverim
1827 1178 1950 1217 cum
1995 1164 2074 1215 la-

507 1286 526 1318 ι
563 1264 765 1336 crymis
822 1262 1047 1317 monere
1122 1272 1594 1328 unumquemque.
1629 1257 1697 1311 Et
1734 1271 1882 1311 nunc
1926 1269 2077 1310 com-

507 1376 527 1407 ‹
566 1357 768 1412 mendo
799 1370 896 1409 vos
926 1354 1123 1407 fratres
1155 1352 1269 1407 Deo
1301 1359 1357 1405 ει
1386 1349 1628 1405 sermoni
1657 1348 1845 1418 gratiae
1876 1347 2070 1416 ipsius,

506 1467 527 1501 ι
564 1450 657 1518 qui
688 1458 883 1518 potens
911 1456 995 1501 est
1028 1453 1419 1514 superstruere
1442 1451 1499 1497 et
1520 1442 1651 1501 dare
1696 1439 2074 1495 litereditatem

507 1559 527 1592 ι
572 1541 718 1596 inter
745 1538 1120 1594 sanctificatos
1153 1551 1367 1591 omnes.
1416 1556 1435 1588 ι

572 1717 691 1770 Duo
709 1712 959 1785 praecipit
986 1721 1046 1766 ut
1076 1710 1278 1767 faciant
1296 1715 1685 1782 praeceptores.
1717 1708 1907 1778 Neque
1925 1706 2073 1761 enim

498 1807 717 1862 lucrum
771 1804 932 1859 aﬂ'ert
969 1802 1109 1857 alios
1158 1810 1372 1855 tantum
1398 1798 1718 1870 corrigere:
1744 1812 1924 1867 neque
1961 1795 2077 1851 sui-

2186 627 2203 659 ι
2242 606 2453 678 μαίνειν
2481 608 2580 678 τὴν
2609 607 2936 680 Ἐκκλησίαν
2957 609 3050 662 τοῦ
3077 609 3313 681 Θεοῦ,ἢν
3331 609 3775 680 περιεποιήσατο

2184 718 2203 751 ι
2241 699 2328 753 διὰ
2380 682 2476 753 τοῦ
2533 699 2665 754 ίδίου
2709 700 2968 771 αἵματος.
3011 701 3152 769 Ἐγὼ
3183 701 3293 771 γάρ
3325 696 3447 754 οἰδα
3473 699 3665 758 τοῦτο,
3693 702 3771 756 ὅτι

2184 809 2203 844 ι
2234 791 2629 846 εἰσελεύσονται
2656 793 2794 863 μετὰ
2821 793 2920 863 τὴν
2942 791 3125 862 ἄφιξίν
3159 809 3262 864 μου
3280 792 3437 846 λύκοι
3466 791 3666 863 βαρεῖς
3698 794 3775 857 εἰς

2184 901 2203 934 ι
2236 884 2400 953 ὑμᾶς,
2439 884 2513 951 μὴ
2551 885 2855 956 φειδόμενοι
2912 884 3009 938 τοῦ
3062 886 3340 957 ποιμνίου.
3369 886 3490 939 Καὶ
3534 883 3601 949 ἐξ
3624 884 3773 956 ὑμῶν

2184 993 2203 1027 ι
2235 974 2415 1028 αὐτῶν
2445 975 2843 1046 ἀναστήσονται
2894 978 3085 1045 ἄνδρες
3126 977 3415 1041 λαλοῦντες
3467 977 3774 1048 διεστραμ-

2183 1082 2203 1116 ι
2239 1063 2505 1133 μένακτοῦ
2532 1066 2786 1137 ἀποσπᾷν
2816 1067 2943 1130 τοὺς
2970 1066 3218 1138 μαθητάς
3249 1067 3430 1120 ὀπίσω
3452 1065 3670 1120 αὐτῶν.
3696 1066 3774 1120 Δι’

2182 1174 2204 1207 ι
2231 1154 2260 1207 ὃ
2288 1159 2632 1228 γρηγορεῖτε,
2666 1156 3118 1228 μνημονεύοντες,
3172 1160 3253 1211 ὅτι
3299 1158 3562 1229 τριετίαν
3600 1156 3773 1212 νύκτα

2185 1265 2203 1299 ι
2243 1249 2339 1301 καὶ
2364 1249 2574 1319 ἡμέραν
2609 1249 2710 1302 οὐκ
2748 1249 3078 1320 ἐπαυσάμην
3113 1250 3255 1320 μετὰ
3277 1248 3540 1321 δακρύων
3587 1248 3773 1302 νουθε-

2182 1356 2204 1390 ι
2237 1339 2346 1392 τῶν
2405 1340 2504 1393 ἕνα
2535 1340 2784 1395 ἕκαστον.
2821 1341 2929 1394 Καὶ
2975 1340 3043 1394 τὰ
3082 1341 3177 1393 νῦν
3224 1336 3582 1411 παρατίθημι
3634 1339 3773 1409 ὑμᾶς

2182 1449 2203 1482 ι
2239 1431 2478 1502 ἀδελφοὶ,
2504 1433 2582 1502 τῷ
2604 1432 2744 1503 Θεῷ,
2784 1435 2879 1488 καὶ
2909 1432 2987 1503 τῷ
3020 1431 3161 1505 λόγῳ
3191 1433 3288 1504 τῆς
3317 1433 3554 1503 χάριτος
3588 1430 3773 1497 αὐτοῦ,

2183 1541 2205 1576 ι
2236 1523 2315 1595 τῷ
2347 1524 2629 1595 δυναμένῳ
2662 1525 3092 1597 ἐποικοδομῆσαι
3129 1524 3226 1579 καὶ
3252 1525 3444 1579 δοῦναι
3476 1525 3616 1594 ὑμῖν
3638 1524 3769 1594 κλη-

2184 1635 2205 1669 ι
2241 1619 2494 1690 ρονομέαν
2526 1619 2584 1673 ἐν
2616 1619 2727 1682 τοῖς
2764 1620 3325 1689 ἡγιασμένοιςπᾶσιν.
3349 1636 3370 1669 ι

2246 1709 2352 1763 Δύο
2382 1710 2677 1781 προτάσσει
2700 1711 2875 1765 ποιεῖν
2900 1712 3027 1774 τοὺς
3072 1710 3453 1773 διδασκάλους.
3494 1706 3640 1764 Οὔτε
3666 1709 3770 1782 γὰρ

2177 1802 2238 1856 τδ
2262 1803 2484 1873 ἐτέρους
2505 1802 2804 1875 κατορθοῦν
2833 1803 2993 1875 μόνον
3018 1802 3133 1875 ἔχει
3155 1803 3366 1876 κέρδος,
3398 1801 3534 1856 οὔτε
3569 1802 3632 1856 τὺ
3648 1803 3770 1857 ἐαυ-

498 1899 675 1969 ip‘sius
711 1912 899 1952 curam
933 1905 1145 1951 tantum
1175 1894 1407 1959 habere,
1443 1891 1762 1963 bujusmodi
1784 1890 1933 1945 enim
1962 1887 2078 1944 sui-

2188 1895 2273 1951 τοῦ
2304 1895 2464 1967 μόνου
2492 1874 2920 1967 ἐπιμελεῖσθαιο
2948 1896 2978 1950 δ
3032 1898 3147 1969 γάρ
3194 1874 3438 1959 τοιοῦτος
3488 1895 3768 1966 φίλαυτος.

502 1990 677 2059 ipsius
714 1999 927 2044 tantum
958 1996 1116 2041 amor
1138 1994 1240 2041 est.
1266 1983 1685 2040 Advertendum
1722 1991 1904 2036 autem
1931 1977 2079 2049 quod

499 2098 598 2138 eos
629 2083 868 2152 appellet
911 2095 1060 2135 nunc
1087 2081 1396 2150 episcopos,
1420 2091 1561 2148 quos
1598 2075 1655 2130 in
1704 2072 2083 2145 superioribus

502 2174 642 2228 dixit
664 2174 1018 2245 presbyteros
1052 2191 1065 2227 :
1100 2182 1195 2227 aut
1222 2172 1347 2226 ideo
1379 2169 1528 2241 quod
1553 2183 1779 2224 necesse
1807 2175 1894 2223 est
1912 2182 2082 2236 super

446 2294 461 2303 -
504 2267 802 2322 rationales
827 2266 1089 2322 Ecclesiae
1115 2279 1309 2335 greges
1328 2265 1384 2318 in
1412 2263 1632 2333 specula
1652 2276 1773 2317 esse
1806 2276 1822 2314 :
1856 2275 1925 2315 ne
1956 2260 2081 2329 quis

502 2360 610 2415 fide
631 2368 883 2431 aegrotet,
906 2374 977 2413 ne
1003 2359 1130 2429 quis
1151 2358 1359 2414 esuriat
1388 2367 1484 2411 aut
1507 2356 1680 2420 sitiat,
1713 2370 1782 2409 an
1806 2353 2080 2424 quispiam

503 2452 938 2522 reprehensione
976 2461 1136 2523 egeat
1166 2451 1249 2505 vel
1270 2451 1628 2506 coercitione.
1663 2449 1771 2504 Aut
1795 2450 2084 2519 episcOpos

503 2553 664 2601 vocat
689 2545 780 2600 hic
806 2558 902 2599 eos
930 2549 1025 2614 qui
1050 2559 1181 2598 vere
1209 2551 1337 2597 sunt
1363 2543 1627 2612 episcopi.

576 2630 696 2701 XX,
723 2637 793 2690 5‘5
818 2635 907 2691 58.
943 2655 961 2686 ι
998 2637 1302 2705 Argentum
1325 2644 1590 2689 etaurum
1616 2640 1711 2689 aut
1734 2640 1942 2689 vestem
1962 2634 2085 2688 nul-

512 2745 534 2780 ι
569 2727 678 2782 lius
720 2725 1014 2795 concupivi
1049 2743 1064 2779 :
1094 2706 1191 2780 sed
1223 2725 1325 2795 ipsi
1353 2725 1508 2780 scitis
1538 2725 1685 2795 quod
1741 2724 2087 2780 necessitati-

511 2834 535 2871 ι
578 2819 683 2873 bus
710 2818 869 2883 meis,
894 2828 950 2872 et
975 2817 1181 2887 bisqui
1213 2823 1435 2883 mecum
1457 2825 1585 2871 sunt
1608 2816 2085 2886 suppeditaverint

513 2930 531 2961 ι
570 2912 898 2966 manusbae.
931 2910 1129 2967 Omnia
1154 2913 1585 2967 commonstravi
1608 2912 1797 2975 vobis,
1827 2912 1975 2981 quod
2004 2911 2084 2966 sic

376 3041 398 3062 κ
512 3023 533 3057 ι
553 2991 889 3060 Ίιώοτουιεε
914 3007 1167 3075 operteat
1215 3005 1500 3075 suscipere
1528 3005 1854 3070 imbecilles,
1879 3020 1944 3059 ac
1966 3020 2085 3060 me-

513 3112 534 3147 ι
574 3095 800 3151 minisse
851 3097 1148 3151 verborum
1183 3092 1406 3151 Domini
1442 3096 1605 3171 Jesu,
1654 3098 1914 3167 quoniam
1965 3097 2083 3168 ipse

2182 1990 2522 2060 Σημειωτέον
2551 1991 2607 2044 δέ
2654 1992 2735 2045 ὅτι
2786 1990 2887 2056 οῦς
2914 1988 3091 2046 ὀπίσω
3146 1994 3282 2064 φησι
3330 1989 3766 2063 πρεσϐυτέρους,

2179 2075 2282 2136 ὧδε
2306 2082 2634 2148 ἐπισκόπους
2652 2084 2829 2149 καλεῖ,
2856 2084 2977 2156 ἦτοι
3004 2085 3093 2139 διὰ
3120 2085 3183 2139 τὸ
3209 2086 3337 2148 τοῦς
3356 2082 3766 2154 πρεσϐυτέρους

2182 2175 2428 2246 ἀνάγκην
2460 2177 2602 2248 ἔχειν
2623 2178 2947 2232 ἐποπτεύειν
2970 2178 3037 2233 τὰ
3067 2180 3164 2249 τῆς
3207 2179 3548 2250 Ἐκκλησίας
3581 2177 3766 2246 λογικὰ

2181 2270 2430 2338 ποίμνια,
2474 2271 2548 2343 μή
2583 2288 2669 2336 τις
2706 2271 2908 2344 ὰσθενῇ
2946 2276 3012 2345 τῇ
3049 2274 3254 2339 πίστει,
3308 2274 3387 2344 μή
3416 2288 3507 2335 τις
3538 2273 3697 2343 πεινᾷ
3732 2272 3763 2343 ᾖ

2181 2360 2333 2433 διψᾷ,
2366 2364 2414 2416 εί
2447 2362 2671 2433 ἐλέγχου
2703 2364 2800 2417 καὶ
2832 2365 3169 2437 ἐπιστροφῆς
3198 2365 3394 2422 δεῖται.
3440 2366 3519 2420 Ἦ
3546 2364 3765 2419 ἐπισκό-

2185 2470 2321 2518 πους
2342 2446 2445 2508 ὧδε
2466 2455 2596 2520 τοὺς
2623 2455 2795 2521 ὅντως
2824 2456 3156 2522 ἐπισκόπους
3182 2457 3363 2514 καλεῖ.

2263 2646 2283 2680 ι
2325 2627 2615 2700 Ἀργυρίου
2641 2632 2736 2684 καὶ
2762 2632 2991 2702 χρυσίου
3027 2632 3061 2704 ἢ
3098 2630 3400 2706 ἱματισμοῦ
3428 2634 3648 2697 οὐδενὸς
3679 2635 3763 2688 ἐπ-

2193 2739 2213 2772 ι
2250 2720 2500 2791 εθύμησα
2518 2734 2533 2750 ·
2571 2722 2727 2776 αὐτοὶ
2753 2724 2808 2777 δέ
2831 2723 3131 2793 γινώσκετε
3166 2726 3250 2781 ὅτι
3278 2729 3401 2791 ταῖς
3426 2728 3645 2799 χρείαις
3669 2743 3762 2797 μου

2192 2831 2211 2863 ι
2244 2812 2334 2865 καὶ
2367 2814 2477 2875 τοῖς
2530 2810 2651 2867 οὖσι
2707 2814 2828 2884 μετ’
2884 2816 3020 2887 ἐμοῦ
3063 2817 3423 2889 ὑπηρέτησαν
3478 2821 3538 2873 αί
3594 2822 3763 2890 χεῖρες

2192 2922 2211 2954 ι
2249 2895 2430 2957 αὗται.
2458 2905 2642 2958 Πάντα
2674 2906 2928 2971 ὑπέδειξα
2975 2908 3125 2978 ὑμῖν,
3150 2910 3232 2962 ὅτι
3259 2908 3437 2974 οὕτως
3463 2911 3761 2974 κοπιῶντας

2194 3012 2211 3044 ι
2245 2994 2325 3049 δεῖ
2337 2994 2829 3066 ἀντιλαμϐάνεσθαι
2845 2994 2957 3051 τῶν
2973 2993 3364 3055 ἀσθενούντων.
3385 3002 3515 3072 Μνη
3525 2999 3762 3069 μονεύειν

2194 3104 2212 3138 ι
2249 3103 2309 3139 τε
2337 3088 2444 3141 τῶν
2470 3087 2645 3157 λόγων
2675 3089 2772 3142 τοῦ
2813 3091 3020 3162 Κυρίου
3058 3091 3255 3162 Ἰησοῦ,
3299 3095 3384 3147 ὅτι
3432 3094 3601 3158 αὐτὸς
3626 3090 3758 3147 εἷπε

514 3205 536 3237 ι
576 3186 765 3242 dixit:
798 3187 1028 3244 Beatum
1070 3197 1156 3245 est
1179 3188 1315 3245 dare
1366 3190 1552 3260 potius
1607 3205 1771 3260 quam
1801 3191 2080 3261 accipere.

2192 3197 2213 3231 ι
2247 3179 2535 3251 Μακάριόν
2568 3181 2687 3234 ἐστι
2731 3180 2933 3236 διδόναι
2978 3184 3236 3257 μᾶλλονῆ
3280 3186 3613 3255 λαμϐάνειν.
3660 3187 3760 3240 Καὶ

514 3295 534 3329 ι
570 3277 820 3350 Cumque
852 3280 968 3336 haec
1005 3280 1255 3346 dixisset,
1284 3282 1478 3352 positis
1509 3282 1745 3352 genibus
1766 3283 1884 3338 suis
1905 3284 2082 3337 oravit

2193 3287 2210 3320 ι
2245 3271 2416 3322 ταῦτα
2445 3269 2636 3336 είπὼν,
2669 3270 2784 3333 θεὶς
2808 3274 2876 3327 τὰ
2903 3274 3105 3342 γόνατα
3129 3276 3317 3344 αὐτοῦ,
3346 3278 3449 3331 σὺν
3472 3279 3639 3332 πᾶσιν
3668 3278 3760 3331 αύ-

514 3386 534 3421 ι
579 3373 980 3427 cum'omnibus
1011 3373 1141 3427 illis.
1187 3373 1412 3444 Magnus
1438 3383 1623 3429 autem
1657 3372 1819 3430 fletus
1860 3382 2086 3429 coortos

512 3479 532 3516 ι
570 3472 655 3518 εει
686 3465 958 3529 omnium,
989 3474 1045 3521 et
1083 3476 1310 3529 ruentes
1339 3466 1397 3521 in
1444 3468 1646 3522 collum
1686 3464 1840 3523 Pauli
1870 3468 2087 3523 oscula-

514 3576 532 3610 ι
577 3558 782 3613 bantur
840 3576 971 3615 eum
1019 3561 1293 3628 dolentes,
1351 3562 1587 3617 maxime
1645 3563 1717 3618 ob
1771 3568 2084 3617 sermonem

512 3666 536 3699 ‹
580 3656 744 3719 quem
774 3649 1010 3716 dixerat,
1043 3651 1191 3721 quod
1223 3652 1460 3721 amplius
1477 3652 1672 3707 faciem
1693 3653 1814 3723 ejus
1838 3667 1951 3706 non
1992 3662 2083 3706 es-

509 3757 536 3790 4
574 3728 922 3795 εειιίγίειιτὶ.
950 3741 1020 3796 Ει
1051 3741 1401 3797 deducebant
1421 3758 1548 3798 eum
1572 3743 1641 3798 ad
1664 3759 1881 3819 navem.
1909 3744 1991 3798 ιθ

585 3912 748 3984 153
779 3932 799 3965 ι
834 3914 1134 3985 Argentum
1172 3921 1228 3969 et
1264 3929 1482 3979 aurum,
1521 3934 1541 3968 ι
1575 3927 1680 3972 etc.
1708 3919 1971 3975 Maiorum
1996 3932 2085 3976 ra-

494 4006 684 4062 dicem
707 4006 867 4072 tollit,
895 4020 1092 4077 nempe
1116 4009 1422 4064 avaritiam.
1445 4006 1634 4079 Neque
1655 4013 1802 4066 enim
1830 4012 2089 4084 si‘m’piici-

423 4117 435 4128 δ
497 4105 597 4154 σεε
616 4098 773 4165 dicit,
796 4098 914 4153 Non
933 4100 1140 4169 accepi,
1163 4100 1283 4166 sed,
1299 4101 1488 4172 Neque
1511 4105 1827 4173 concupivi.
1876 4105 2087 4162 Deinde

512 4190 757 4244 ostendit
788 4192 939 4259 quod
966 4206 1093 4246 vera
1138 4193 1490 4264 eleem'osyna
1518 4204 1587 4249 ex‘
1612 4196 1852 4265 propriis
1882 4190 2089 4252 labori-

506 4283 612 4338 bus
641 4282 757 4336 fieri
781 4282 979 4337 debeat
1005 4284 1296 4353 egentibus
1317 4301 1330 4336 :
1348 4298 1417 4339 ex
1438 4284 1631 4339 alienis
1658 4282 1929 4355 siquidem
1948 4284 2089 4344 dare

506 4390 617 4429 non
651 4374 735 4429 es't
763 4374 1079 4430 honestum.
1106 4376 1464 4431 Post‘modum
1491 4378 1558 4432 ad
1589 4370 1939 4448 hujus'etiam
1957 4395 2091 4436 con-

506 4463 907 4529 ﬁrmatitmem,
939 4465 1277 4522 vaticinium
1302 4460 1521 4522 Domini
1549 4470 1688 4523 voce‘
1712 4467 1931 4525 dictum
1964 4482 2088 4529 esse

2193 3379 2211 3413 t
2250 3364 2362 3424 τοῖς
2383 3362 2749 3432 προσηύξατο.
2785 3363 2990 3431 Ἱκανὸς
3011 3366 3070 3420 δέ
3093 3367 3317 3437 ἐγένετο
3333 3369 3618 3443 κλαυθμὸς
3635 3370 3759 3424 πάν-

2192 3471 2212 3505 ι
2246 3469 2375 3508 των.
2417 3454 2523 3507 Καὶ
2549 3455 2905 3520 ἐπιπεσόντες
2926 3459 3020 3513 ἐπὶ
3049 3460 3142 3513 τὸν
3182 3461 3462 3533 τράχηλον
3489 3463 3586 3517 τοῦ
3631 3460 3761 3516 [lmi-

2192 3564 2213 3598 ι
2247 3545 2689 3615 λου,κατεφίλουν
2715 3549 2899 3613 αὐτὸν,
2926 3550 3255 3622 ὀδυνώμενοι
3280 3553 3525 3625 μάλιστα
3554 3550 3644 3608 ἐπὶ
3687 3551 3759 3622 τῷ

2194 3658 2211 3690 ι
2249 3631 2462 3709 λόγῳ,ᾧ
2489 3640 2724 3711 εἰρήκει,
2754 3641 2955 3697 ὃτιούκ
2986 3643 3068 3698 ἔτι
3100 3645 3357 3715 μέλλουσι
3389 3647 3453 3701 τὸ
3481 3647 3757 3718 πρόσωπον

2200 3749 2219 3782 ι
2252 3730 2421 3783 αὑτοῦ
2476 3731 2721 3803 θεωρεῖν.

2191 3839 2212 3872 ι
2245 3819 2446 3874 πλοῖον.
2492 3840 2513 3873 ι

2263 3930 2299 3965 ιι
2324 3913 2614 3985 Ἀργυρίου
2643 3914 2676 3985 ἢ
2712 3916 2961 3986 χρυσίου,
2989 3937 3010 3971 ι
3042 3919 3138 3973 καὶ
3170 3918 3239 3973 τά
3274 3918 3426 3990 ἐξῆς.
3468 3921 3580 3992 Τὴν
3610 3918 3755 3990 ῥίζαν

2187 4004 2408 4076 ἀναιρεῖ
2442 4008 2551 4060 τῶν
2584 4008 2771 4061 κακῶν
2793 4009 2892 4081 τὴν
2921 4010 3308 4084 φιλαργυρίαν.
3343 4013 3419 4067 Ού
3452 4014 3563 4084 γάρ
3584 4011 3752 4073 ἁπλῶς

2186 4115 2376 4169 φησιν,
2435 4100 2551 4154 Οὐκ
2601 4101 2814 4168 ἔλαϐον,
2871 4104 3009 4170 ἀλλ’,
3039 4106 3174 4159 Οὐδὲ
3224 4094 3572 4180 ἐπεθύμησα.
3634 4103 3753 4159 Εἶτα

2186 4192 2461 4246 δείκνυσιν
2501 4195 2584 4247 ὅτι
2624 4194 2657 4265 ἡ
2698 4195 2905 4268 ἀληθὴς
2960 4198 3302 4272 ἐλεημοσύνη
3350 4203 3415 4256 ἐκ
3467 4201 3576 4254 τῶν
3622 4200 3750 4254 ίδέων

2188 4285 2373 4339 κόπων
2404 4286 2608 4356 ὀφείλει
2645 4288 2894 4357 γίνεσθαι
2940 4296 3053 4358 τοῖς
3101 4295 3357 4360 ἐνδεέσιν,
3417 4298 3538 4350 ἐπεὶ
3568 4298 3629 4350 ἐκ
3656 4294 3752 4348 τῶν

2189 4377 2492 4449 ἀλλοτρίων
2522 4378 2723 4435 διδόναι
2748 4384 2808 4436 ού
2835 4380 3018 4438 καλόν.
3043 4384 3177 4440 Εἶτα
3204 4390 3298 4442 καὶ
3326 4389 3527 4460 χρῆσιν
3556 4391 3630 4451 εἰς
3663 4403 3747 4440 κα-

2796 3734 3164 3807 Ιίροέπεμπον
3226 3737 3286 3792 δέ
3347 3739 3518 3793 αὐτὸν
3568 3738 3647 3801 είς
3703 3734 3757 3790 τδ

2164 4471 2458 4541 ’τασκευὴν
2490 4471 2682 4526 τούτου
2732 4474 2821 4528 διὰ
2876 4472 3067 4547 φωνῆς
3108 4478 3204 4532 τοῦ
3257 4481 3466 4550 Κυρίου
3518 4475 3749 4551 εἰρῆσθαί

505 4554 920 4626 asserit,quod
940 4567 1088 4613 nunc
1132 4557 1190 4611 in
1220 4558 1510 4628 Scriptura
1539 4573 1650 4614 non
1685 4560 1998 4617 invenitur:
2032 4554 2082 4618 ei

2191 4574 2379 4633 φησιν,
2410 4565 2555 4637 ὅπερ
2579 4566 2676 4622 νῦν
2709 4568 2808 4640 οὐχ
2852 4568 3080 4643 εὕρηται
3132 4576 3190 4626 ἐν
3233 4574 3427 4647 Γραφῇ
3448 4592 3465 4609 ’
3499 4574 3592 4630 καὶ
3635 4573 3749 4633 ταὼς

506 4646 764 4703 fortassis
787 4645 857 4702 id'
878 4640 1086 4718 absque
1142 4649 1416 4719 scriptura
1450 4648 1797 4707 tradiderunt
1830 4652 2083 4723 apottdli.

506 4740 768 4796 Aut‘id'eo
808 4740 971 4810 quod‘
1031 4738 1429 4797 ratiocinaudo
1452 4742 1726 4813 quispiam
1753 4743 1958 4801 habere
1996 4760 2089 4817 po.

509 4838 625 4885 tesr
649 4822 860 4887 dictum
910 4838 1035 4888 esse
1068 4833 1193 4888 aliis
1220 4833 1408 4897 verbis
1447 4834 1693 4906 idips'um‘
1726 4836 2085 4908 signiﬁcanti-

507 4921 797 4977 bus.rNon
825 4924 969 4978 dixit
987 4933 1181 4979 autem
1206 4924 1421 4980 malum
1443 4938 1566 4981 esse
1599 4925 1879 4998 accepisse
1907 4937 1963 4984 et
2009 4930 2084 4984 ita

506 5014 755 5087 elargiri,
798 5016 894 5070 sed
943 5016 1099 5086 quod
1122 5016 1325 5071 melius
1370 5013 1589 5073 sitinon'
1627 5016 1925 5092 accepisse.
1971 5020 2088 5078 Hoc

505 5104 675 5163 enim‘
697 5109 1100 5178 compassionis
1124 5123 1212 5165 est
1237 5108 1379 5180 erga
1414 5108 1741 5168 imbecilles.
1775 5111 1913 5168 Nam
1952 5113 2085 5169 dare

507 5216 577 5257 ea
619 5201 840 5267 alienis,
898 5214 968 5258 ne
1002 5203 1311 5260 bonestum'
1347 5205 1570 5275 quidem
1617 5216 1725 5263 est.
1765 5207 1859 5265 Est
1899 5208 2085 5280 itaque

502 5294 955 5367 .primus'gradus
993 5304 1093 5350 sua
1136 5296 1414 5369 abjiccre':
1443 5299 1722 5355 secvndus
1771 5295 2085 5357 necessaria

501 5385 1022 5458 sibi'suppedita're,
1056 5390 1256 5444 tertius
1287 5388 1463 5446 etiam
1487 5388 1650 5447 aliis:
1697 5401 1931 5462 quartus
1957 5401 2087 5447 eum

507 5476 604 5546 qui
637 5477 913 5546 pradicat,
945 5487 1001 5533 et
1032 5480 1105 5536 ita
1147 5481 1455 5553 accipiendi
1491 5491 1824 5554 potestatem
1890 5480 2081 5550 habet,

502 5573 621 5624 non
671 5571 942 5640 accipere.
992 5572 1091 5629 llic
1141 5573 1328 5646 itaque
1370 5577 1548 5633 multo
1573 5578 1770 5634 melior
1830 5585 1916 5632 est
1964 5576 2086 5632 ino-

501 5658 691 5729 pibus.

582 5749 724 5816 XXI,
758 5751 872 5809 1-4.
912 5774 933 5809 ι
966 5756 1104 5812 Cum
1128 5767 1313 5816 autem
1359 5761 1686 5833 contigisset
1734 5775 1839 5816 nos
1867 5759 1936 5815 ab
2000 5760 2085 5815 eis

489 5854 524 5891 ¢
552 5842 776 5901 avulsus
807 5848 1064 5919 solvisse.
1100 5862 1252 5911 recto
1295 5870 1461 5912 cursu
1494 5854 1987 5919 venimus‘Coum,
2027 5861 2086 5908 et

2189 4651 2455 4726 ἀγράφως
2493 4654 2823 4731 παρέδωκαν
2860 4665 2911 4718 oi
2941 4664 3251 4722 ἀπόστολοι.
3285 4654 3357 4723 Ἣ
3384 4670 3446 4736 ἐξ
3470 4663 3547 4726 ὧν
3577 4667 3640 4724 ἂν
3674 4678 3750 4726 τις

2191 4744 2567 4816 συλλογίσαιτο
2611 4753 2860 4810 δυνατὸν·
2887 4748 3138 4829 ιίρῆσθαι
3180 4760 3249 4813 δι’
3307 4763 3512 4834 ἐτέρων
3567 4757 3747 4826 “Etth

2188 4839 2348 4893 ττῦτο
2395 4840 2694 4911 δηλουσῶν.
2749 4848 2827 4902 Ού
2876 4849 3037 4904 τοῦτο
3079 4852 3135 4905 δέ
3188 4870 3353 4925 φησιν
3388 4854 3473 4909 ὅτι
3507 4848 3747 4909 κακὺντὲ

2190 4929 2375 4987 λαϐεῖν
2398 4935 2494 4989 καὶ
2530 4940 2896 5008 μἐταδιδὸναι,
2927 4932 3062 4998 ἀλλὰ
3102 4944 3313 5014 suum
3355 4948 3417 5001 τδ
3456 4947 3532 5019 μὴ
3559 4940 3739 4998 λαϐεῖν.

2190 5026 2361 5080 Τοῦτο
2400 5029 2508 5100 γὰρ
2562 5022 2909 5101 συμπαθείας
2939 5036 3047 5105 τῆς
3070 5038 3208 5109 πρδς
3242 5041 3369 5103 τούς
3401 5039 3658 5100 ἀσθενεῖς.
3681 5030 3745 5084 Τδ

2187 5115 2299 5192 γάρ
2331 5123 2409 5175 ἐκ·
2434 5123 2544 5176 τῶν
2592 5123 2891 5197 ἀλλοτρίων
2919 5128 3120 5185 διδόναι
3145 5133 3208 5185 ού
3239 5132 3426 5189 καλόν,
3467 5132 3618 5186 Ἔστι
3642 5123 3740 5178 τοί-

2187 5230 2284 5267 νυν
2336 5208 2437 5301 ei".
2474 5208 2699 5288 βαθμδς
2743 5209 2898 5290 ῥίψαι
2944 5222 3016 5276 τά
3062 5223 3250 5291 αὑτοῦ,
3294 5226 3544 5297 δεύτερος
3585 5213 3742 5280 ἐαυτῷ

2189 5307 2477 5375 ἐπαρκεῖν,
2504 5309 2691 5380 τρίτος
2722 5313 2819 5365 καὶ
2847 5313 3079 5386 ἑτέροις,
3109 5317 3406 5387 τέταρτος,
3435 5317 3498 5372 τὸ
3524 5313 3614 5369 καὶ
3649 5324 3738 5376 κη-

2191 5390 2457 5470 ρύττοντά
2502 5401 2601 5455 καὶ
2645 5400 2899 5468 ἐξουσίαν
2945 5407 3139 5476 ἔχοντα
3162 5408 3489 5477 λαμϐάνειν,
3524 5406 3596 5478 μὴ
3620 5404 3740 5470 λαμ·

2189 5493 2398 5546 ϐάνειν.
2428 5492 2595 5547 Ὥστε
2650 5496 2784 5550 πολὺ
2837 5497 2947 5551 τῶν
2993 5501 3323 5571 ὰκτημόνων
3354 5496 3509 5565 οὗτος
3539 5492 3737 5570 βελτίων

2187 5582 2323 5637 ἐστί.

2267 5782 2286 5814 ι
2330 5762 2418 5826 Ὠς
2453 5762 2509 5815 δὲ
2543 5762 2762 5831 ἐγένετο
2791 5764 3092 5837 ἀναχθῆναι
3140 5771 3288 5840 ἡμᾶς
3316 5766 3735 5826 ἀποσπασθέντας

2198 5871 2216 5905 ι
2256 5853 2354 5908 ἀπ’
2384 5850 2591 5924 αὐτῶν,
2619 5854 3126 5931 εὐθυδρομήσαντες
3157 5856 3393 5935 ἤλθομεν
3423 5865 3499 5928 είς
3516 5860 3608 5931 τὴν
3632 5850 3730 5913 Κῶο
