4024 6546
472 382 576 451 ’267

1560 374 1962 438 (ECUMENII
1992 378 2286 440 TRICfle
2320 381 2663 443 EPISCOPI

3648 381 3762 447 268

473 521 562 562 tra
601 500 891 560 Dominum
934 519 944 554 :
983 498 1156 562 Tolle,
1199 494 1348 559 tolle,
1377 490 1482 546 hoc
1527 498 1613 546 est
1662 490 1818 546 aufer
1851 506 1978 545 eum
2025 507 2057 547 e

2176 496 2390 569 Κυρίου,
2419 516 2436 549 ι
2468 493 2597 568 Αἶρε
2624 494 2946 560 αύτὸν,ἀντὶ
2970 492 3085 561 τοῦ,
3120 495 3364 566 Ἐπαρον
3384 492 3547 551 αὑτὸν
3563 493 3630 550 ἐκ
3648 496 3761 550 τῶν

473 600 638 655 vivis.
665 597 771 653 Alii
815 610 948 652 vero
975 592 1169 648 dicunt
1198 589 1303 644 hoc
1322 601 1443 643 esse
1472 584 1622 658 quod
1649 584 1898 640 Romana
1928 601 2061 641 con-

476 692 772 750 suetudine
798 687 944 761 apud
980 701 1084 742 nos
1112 684 1307 739 dicunt
1339 681 1523 737 :Inter
1544 679 1698 752 signa
1722 696 1848 736 eum
1873 680 2058 753 injiec.

483 808 500 840 ι
543 788 737 843 Nonne
769 793 827 838 tu
854 798 916 838 es
943 781 1033 837 ille
1055 776 1383 851 Egyptius?
1413 795 1433 827 ι
1460 774 1561 831 Hic
1588 773 1874 846 {Egyptius
1895 774 2063 830 homo

476 880 704 950 quidam
731 886 852 934 erat
882 889 1067 929 rerum
1100 886 1367 927 novarum
1392 868 1674 926 studiosus
1704 877 1758 923 ct
1794 868 2064 938 impostor

475 986 542 1025 ac.
569 967 960 1040 pratstigiator.
1011 964 1215 1021 Volens
1252 977 1386 1034 ergo
1422 961 1682 1018 diabolus
1709 962 1941 1017 Paulum
1977 962 2063 1017 fa-

476 1076 602 1116 cere
642 1058 965 1130 participem
1016 1054 1311 1111 criminum
1346 1069 1469 1123 qua:
1517 1052 1623 1108 sibi
1661 1052 2060 1125 congruebant,

476 1151 943 1225 quemadmodum
972 1150 1137 1205 etiam
1166 1146 1269 1204 sub
1296 1146 1515 1204 Christe
1546 1155 1795 1218 tempore
1824 1146 1942 1211 illo,
1980 1147 2065 1201 in-

477 1248 668 1305 citavit
686 1244 865 1318 ipsum
889 1252 950 1299 ut
973 1250 1292 1315 portentosa
1308 1247 1634 1311 operaretur
1658 1238 1802 1294 inter
1820 1236 2060 1294 Judaaos.

479 1339 751 1407 Quoniam
787 1347 971 1393 autem
1002 1335 1139 1390 dicit
1185 1333 1444 1389 tribunus
1480 1332 1716 1387 :Nonne
1762 1340 1817 1384 tu
1868 1346 1929 1385 es
1970 1329 2063 1385 ille

474 1431 787 1505 Egyptius,
821 1432 966 1486 hanc
996 1427 1250 1499 protinus
1287 1426 1660 1498 suspicionem
1705 1441 1736 1479 a
1769 1439 1827 1480 se
1872 1424 2065 1494 reiecit

476 1525 759 1580 declarato
815 1536 1018 1593 genere
1065 1535 1130 1575 ac
1180 1519 1469 1591 religione.
1506 1518 1722 1572 Etenim
1753 1515 1885 1571 alibi
1928 1514 2064 1570 dicit

475 1633 597 1674 sese
628 1615 935 1687 legitimum
952 1613 1161 1670 Christi
1185 1612 1764 1668 cultorem.\'ocantur
1786 1617 1970 1663 autem
1988 1607 2065 1663 si-

476 1711 614 1767 carii
638 1709 903 1774 latrones,
930 1721 1133 1778 genere
1168 1704 1386 1760 ensium
1427 1713 1648 1759 utentes
1680 1702 1776 1773 qui
1812 1701 2064 1772 proxime

476 1805 544 1860 ad
575 1816 771 1859 eorum
802 1798 1074 1855 accedunt
1104 1797 1545 1869 magnitudinem
1570 1811 1711 1867 quos
1736 1796 1917 1870 Persa:
1945 1793 2065 1849 aci-

2167 587 2405 653 ζὼντων.
2444 589 2625 645 ’Λλλοι
2659 590 2715 645 δὲ
2744 586 2889 644 οὕτω
2918 588 3076 659 φασὶ,
3094 587 3379 644 τουτέστιν
3407 586 3437 641 6
3467 586 3599 659 παρ’
3622 588 3762 658 ἡμῖν

2166 682 2387 765 λέγουσι
2438 682 2579 737 κατὰ
2625 682 2725 755 τὴν
2784 683 3107 755 Ῥωμαϊκὴν
3157 681 3469 753 συνήθειανο
3507 679 3600 735 Ἐν
3645 681 3764 744 τοῖς

2168 778 2371 846 σίγνοις
2404 779 2568 833 αὐτὸν
2597 778 2828 851 εμῦαλε.
2867 796 2885 830 ι
2919 777 3033 831 Ούκ
3059 775 3167 848 ἄρα
3197 776 3262 831 σὺ
3279 771 3373 831 εῐὸ
3397 774 3757 845 Αἰγύπτιος.»

2166 864 2338 936 Οὗτος
2401 874 2429 926 6
2480 871 2801 942 Αἰγύπτιος,
2833 868 3121 941 ἄνθρωπός
3160 886 3245 933 τις
3263 863 3332 941 ἦν
3366 864 3766 938 νεωτεροποιὸς

2167 965 2264 1018 καὶ
2290 963 2621 1035 στατιαστὴς
2668 965 2763 1019 καὶ
2787 962 3046 1018 ἀπατεὼν
3076 964 3170 1016 καὶ
3204 962 3359 1033 γόης.
3396 962 3508 1016 Καὶ
3532 960 3708 1015 θέλων
3737 961 3768 1013 6

2165 1056 2413 1121 διάϐολος
2441 1057 2701 1112 κοινωνδν
2752 1059 2929 1112 ποιεῖν
2966 1054 3178 1111 Παῦλον
3205 1055 3316 1109 τῶν
3352 1055 3550 1125 ἐκείνῳ
3583 1069 3767 1126 προσ-

2168 1147 2414 1219 ηκόντων
2438 1148 2830 1221 ἐγκλημάτων,
2888 1149 3080 1221 ὥσπερ
3130 1147 3226 1203 καὶ
3258 1148 3352 1202 ἐπὶ
3392 1146 3487 1202 τοῦ
3518 1142 3768 1217 Χριστοῦ

2168 1242 2309 1295 κατά
2339 1241 2430 1296 τὸν
2459 1244 2653 1314 καιρὸν
2685 1244 2916 1308 ἐκεῖνον,
2959 1242 3239 1314 διήγειρεν
3267 1240 3431 1295 αύτδν
3468 1238 3770 1311 τερατεύεο

2172 1333 2296 1386 σθαι
2331 1334 2388 1384 ἐν
2418 1337 2534 1398 τοῖς
2579 1335 2872 1399 Ἰουδαίοις.
2941 1334 3165 1403 Ἐπειδὴ
3204 1334 3261 1388 δέ
3296 1350 3462 1403 φησιν
3489 1334 3518 1386 6
3548 1330 3772 1403 χιλίαρ-

2168 1442 2284 1495 χος,
2325 1426 2398 1481 Σὺ
2448 1422 2499 1479 εἴ
2527 1428 2555 1479 6
2579 1428 2923 1496 ιΑίγύπτιος,
2975 1428 3183 1492 εὐθέως
3221 1430 3385 1484 αὐτὸν
3417 1427 3623 1500 ταύτης
3649 1428 3769 1482 ἀπ-

2169 1516 2344 1586 ήγαγε
2388 1517 2485 1588 τῆς
2538 1518 2797 1590 ὑποψίας.
2847 1521 2943 1574 καὶ
2996 1519 3056 1575 τὸ
3114 1520 3267 1585 ἔθνος
3299 1520 3493 1585 εἰπὼν,
3535 1521 3632 1575 καὶ
3660 1520 3769 1589 τὴν

2170 1609 2488 1680 θρησκείαν.
2545 1611 2656 1663 Καὶ
2699 1612 2809 1683 γὰρ
2858 1611 3098 1683 ἀλλαχοῦ
3150 1612 3377 1683 ἔννομον
3418 1612 3614 1666 ἐαυτὸν
3662 1610 3769 1664 τοῦ

2169 1699 2408 1774 Χριστοῦ
2440 1704 2617 1758 καλεῖ.
2676 1705 2927 1777 Σικάριοι
2954 1705 3009 1759 δὲ
3049 1706 3301 1776 λέγονται
3356 1704 3548 1779 λῃσταὶ
3583 1704 3770 1775 ξίφει-

2168 1793 2299 1859 δίοις
2356 1794 2651 1867 χρώμενοι,
2707 1797 3120 1870 παραπλησίοις
3160 1798 3258 1871 μὲν
3295 1799 3357 1853 τὸ
3388 1797 3620 1869 μέγεθος
3647 1798 3772 1860 τοῖς

475 1912 644 1953 nacas
668 1896 861 1950 dicunt
896 1910 908 1946 :
940 1889 1236 1947 inflexione
1280 1905 1417 1945 vero
1451 1905 1516 1944 ac
1556 1896 1856 1944 curvatura
1891 1887 1958 1942 iis
1991 1886 2059 1941 si-

2176 1890 2276 1945 τῶν
2310 1890 2535 1960 Περσῶν
2573 1891 2886 1957 ἀκινάκαις,
2943 1893 3290 1964 ἐπικαμπέσι
3319 1893 3377 1948 δὲ
3426 1893 3520 1947 καὶ
3549 1891 3771 1961 ὁμοίοις

476 1990 639 2046 miles
660 1997 793 2044 sunt
814 2002 955 2058 quos
989 1985 1224 2042 Romani
1259 1985 1404 2041 sicas
1432 1984 1716 2055 appellant
1745 2000 1758 2036 :
1791 1999 1821 2039 a
1857 1981 2062 2053 quibus

475 2084 642 2140 etiam
666 2081 745 2137 illi
772 2079 1127 2136 latrocinium
1160 2088 1487 2133 exercentes
1515 2077 1947 2157 appellationem
1973 2090 2064 2129 ac-

473 2185 761 2249 ceperunt.
788 2174 893 2229 Alii
931 2188 1065 2230 vero
1099 2181 1306 2229 sectam
1336 2171 1636 2242 quamdam
1660 2169 1806 2242 apud
1839 2167 2064 2225 Iudaeos

472 2287 595 2327 esse
637 2269 919 2325 dicebant.
967 2268 1107 2323 Tres
1143 2266 1419 2337 siquidem
1464 2264 1610 2337 apud
1650 2263 1868 2321 Iudaeos
1899 2272 2064 2319 sectae

473 2370 632 2417 erant
661 2360 716 2415 in
740 2375 967 2432 genere,
1008 2373 1206 2428 nempe
1236 2356 1520 2421 Pharisaei,
1546 2354 1833 2411 Sadducaei
1885 2363 1941 2411 et
1964 2353 2065 2409 Es-

473 2454 592 2511 seni
626 2473 639 2508 :
677 2453 848 2523 hique
879 2451 1049 2506 vitam
1104 2450 1443 2505 severiorem
1478 2448 1778 2514 ducebant,
1823 2448 2063 2503 invicem

474 2546 796 2618 diligentes.
829 2558 893 2597 ac.
923 2550 1230 2612 temperate
1274 2538 1573 2593 admodum
1602 2538 1854 2594 virentes
1890 2554 1904 2592 :
1936 2536 2064 2592 ideo

474 2653 699 2710 quoque
749 2633 945 2690 Esseni
990 2631 1321 2687 dicebantur
1360 2629 1513 2701 quasi
1550 2629 1706 2694 ὅσιοι,
1752 2628 1787 2683 i.
1838 2627 2060 2683 sancti:

482 2729 576 2785 alti
615 2742 748 2782 vero
786 2723 1031 2780 Sicarios
1068 2721 1219 2791 ipsos
1260 2720 1632 2790 appellabant,
1666 2720 1781 2775 sive
1832 2720 2059 2773 zelotas.

550 2817 712 2892 159
757 2816 905 2882 XXI,
938 2815 1032 2882 59,
1064 2814 1175 2880 40;
1213 2813 1382 2877 XXII,
1421 2811 1571 2867 1-29.
1611 2833 1628 2861 ι
1673 2811 1822 2866 Dixit
1878 2818 2062 2866 autem

479 2936 498 2967 ι
542 2915 747 2972 Paulus
767 2931 779 2967 :
797 2913 911 2985 Ego
937 2911 1161 2984 quidem
1183 2910 1349 2966 homo
1372 2925 1490 2963 sutn
1510 2906 1731 2962 Judmus
1752 2906 2061 2972 Tarsensis,

481 3030 498 3061 ι
540 3024 652 3064 non
683 3006 933 3063 obscurae
968 3004 1201 3061 Cilicum
1226 3003 1475 3059 civitatis
1510 3001 1665 3056 civis.
1692 3001 1844 3071 Rogo
1880 3008 2064 3056 autem

478 3121 499 3153 ε
544 3110 618 3169 te,
636 3100 895 3172 permitte
924 3099 1058 3155 mihi
1096 3098 1248 3169 loqui
1276 3098 1342 3153 ad
1376 3098 1659 3168 populum.
1692 3095 1942 3165 Cumque
1974 3092 2064 3148 ille

480 3217 499 3248 ‹
538 3194 926 3268 permisisset,
974 3194 1179 3249 Paulus
1231 3201 1381 3249 stans
1439 3193 1490 3246 in
1546 3190 1827 3263 gradibus,
1869 3187 2065 3243 annuit

480 3308 499 3343 ι
542 3305 709 3344 manu
742 3288 809 3343 ad
844 3287 1064 3358 plebem
1102 3305 1115 3342 :
1156 3296 1205 3342 et
1248 3302 1444 3358 magno
1483 3284 1704 3341 silentio
1748 3283 1889 3339 facto
1930 3280 2068 3336 allo-

478 3401 494 3431 ι
537 3380 812 3453 quebatur
839 3380 1025 3451 lingua
1059 3378 1310 3443 Ilebnna,
1347 3379 1541 3433 dicens
1572 3394 1583 3430 :
1635 3375 1748 3431 Viri
1784 3377 1983 3430 fratres
2012 3382 2070 3430 et

411 3471 424 3484 ⁶
478 3495 496 3526 ι
542 3485 747 3545 patres.
781 3472 970 3529 audite
1029 3488 1208 3527 meam
1256 3487 1420 3541 quam
1456 3487 1604 3525 nunc
1646 3472 1710 3524 atl
1742 3485 1841 3525 vos
1872 3471 2069 3540 loquor

480 3589 499 3619 ι
538 3567 975 3623 excusationem.
1027 3565 1165 3621 Cum
1212 3574 1396 3620 autem
1441 3564 1723 3619 audissent
1755 3561 1902 3634 quod
1961 3561 2067 3615 lle-

480 3678 497 3712 ι
540 3659 685 3714 ὴι-ωο
710 3659 899 3729 lingua
941 3656 1045 3712 sibi
1087 3656 1432 3727 loqueretur,
1474 3655 1646 3726 magis
1689 3653 2068 3724 praestiterunt

481 3774 496 3803 ι
541 3752 846 3815 silentium,
875 3760 931 3807 et
960 3750 1129 3805 dixit:
1160 3750 1272 3821 Ego
1299 3748 1522 3820 quidem
1553 3763 1674 3804 sum
1708 3747 1792 3803 vir
1824 3745 2064 3811 ludzeus,

481 3865 498 3895 ι
544 3856 706 3899 natus
727 3845 782 3898 in
817 3844 990 3899 Tarso
1019 3842 1246 3908 Cilicize,
1278 3849 1535 3896 caeterum
1568 3838 1838 3895 educatus
1872 3837 1925 3892 in
1963 3836 2067 3893 hac

480 3959 498 3991 ι
539 3938 765 3993 civitate
799 3937 866 3992 ad
904 3936 1071 4008 pedes
1098 3934 1432 3999 Gamalielis,
1471 3934 1762 3991 institutus
1808 3940 2067 3987 accurate

477 4053 495 4083 ι
538 4033 597 4088 in
628 4032 800 4103 patria
828 4032 969 4103 lege,
997 4030 1093 4086 Dei
1121 4029 1239 4085 zelo
1266 4030 1485 4093 ductus,
1502 4028 1647 4083 sicut
1671 4037 1728 4081 et
1752 4040 1849 4081 vos
1873 4040 2067 4081 omnes

477 4148 494 4179 ι
536 4128 671 4184 estis
702 4126 866 4183 hodie
899 4144 912 4181 :
945 4126 1042 4198 qui
1076 4125 1223 4181 hanc
1280 4124 1428 4179 viam
1467 4131 1795 4195 persecutus
1826 4135 1948 4176 sum
1982 4134 2067 4174 us-

476 4241 493 4272 ι
537 4238 646 4292 que
670 4222 736 4277 ad
766 4230 1022 4284 mortem,
1047 4219 1281 4290 alligans
1341 4218 1674 4287 tradensque
1719 4215 1774 4270 in
1808 4227 2067 4268 carceres

476 4334 494 4366 ι
533 4314 686 4369 vires
725 4313 932 4384 pariter
956 4327 1022 4368 ac
1053 4311 1359 4367 mulieres:
1405 4308 1549 4365 sicut
1587 4316 1640 4364 el
1682 4309 1941 4379 princeps
1974 4322 2066 4362 sa-

475 4423 493 4456 ι
534 4406 822 4461 eerdotum
867 4403 1005 4460 mihi
1056 4402 1214 4460 testis
1252 4409 1337 4458 est
1384 4409 1441 4456 et
1479 4400 1733 4455 universa
1782 4400 2064 4473 seniorum

477 4517 496 4549 ι
539 4497 896 4569 congregatio
926 4516 938 4551 :
977 4512 1007 4550 a
1040 4496 1248 4567 quibus
1283 4494 1452 4551 etiam
1485 4492 1735 4563 epistolis
1761 4492 1832 4548 ad
1868 4491 2068 4555 fratres

2169 1985 2289 2049 ταῖς
2318 1984 2425 2037 ύπὸ
2456 1985 2745 2056 Ῥωμαίων
2791 1985 3153 2058 καλουμέναις
3201 1986 3401 2050 σίκαις,
3448 1985 3541 2055 ἀφ’
3562 1976 3639 2038 ὧν
3667 1985 3771 2038 καὶ

2170 2076 2269 2147 τὴν
2298 2077 2674 2149 προσηγορίαν
2725 2077 2775 2131 οί
2822 2076 3178 2151 λῃστεύοντες
3232 2077 3445 2131 ἕλαδον.
3477 2076 3659 2131 Ἀλλοι
3709 2074 3771 2127 δέ

2172 2163 2385 2234 αἵρεσίν
2406 2181 2529 2218 τινα
2553 2165 2706 2237 παρὰ
2747 2166 3019 2228 Ἰουδαίοις
3049 2166 3259 2237 ἔφασαν
3276 2164 3440 2225 εἶναι.
3462 2168 3625 2238 Τρεῖς
3653 2165 3773 2235 γάρ

2172 2257 2307 2312 εἰσιν
2342 2258 2587 2330 αἱρέσεις
2637 2262 2855 2328 γενικαί¹
2907 2261 3058 2332 παρὰ
3126 2261 3425 2326 Ἰουδαίοις,
3454 2262 3770 2329 Φαρισαῖοι,

2173 2350 2541 2416 Σαδδουκαῖοι,
2568 2353 2665 2407 καὶ
2698 2353 2951 2425 Ἐσσηνοί
2970 2371 2984 2387 ο
3016 2347 3163 2408 οῦτοι
3184 2356 3276 2409 τὸν
3300 2355 3416 2427 βίον
3436 2355 3775 2426 σεμνότερον

2173 2442 2427 2510 ἀσκοῦσι,
2455 2444 2773 2517 φιλάλληλοι
2833 2447 2989 2512 ὄντες
3036 2450 3133 2502 καὶ
3178 2449 3471 2519 ἐγκρατεῖς
3502 2464 3517 2477 ·
3562 2447 3643 2501 διδ
3671 2446 3776 2501 καὶ

2187 2538 2436 2611 Ἐσσηνοὶ
2483 2542 3008 2611 προσαγορεύονται,
3070 2545 3241 2614 ἤγουν
3294 2543 3433 2598 ὅσιοι
3462 2560 3477 2576 ⁵
3531 2541 3683 2597 ἄλλοι
3712 2541 3777 2594 δέ

2176 2633 2374 2699 αὐτοὺς
2405 2634 2703 2707 Σικαρίους
2734 2637 3212 2708 ἐκάλεσανβγγουν
3239 2636 3513 2708 ζηλωτάς.

2252 2839 2269 2869 ι
2305 2815 2441 2873 Είπε
2488 2820 2545 2875 δὲ
2593 2823 2620 2877 6
2662 2821 2906 2887 Παῦλος·
2959 2822 3104 2894 Ἐγὼ
3147 2822 3438 2897 ἄνθρωπος
3491 2822 3593 2894 μέν
3644 2822 3777 2892 εἰμι

2182 2932 2199 2963 ι
2238 2912 2491 2979 Ἰουδαῖος
2534 2916 2805 2987 Ταρσεὺς,
2831 2916 2932 2986 τῆς
2970 2916 3227 2982 Κιλικίας
3259 2918 3360 2971 ούκ
3400 2917 3621 2987 ἀσήμου
3667 2916 3777 2968 πό-

2183 3024 2199 3056 ι
2240 3004 2381 3070 λεως
2413 3006 2655 3079 πολίτης.
2691 3008 2894 3078 Δέομαι
2924 3008 2983 3061 δέ
3011 3026 3128 3074 σου,
3158 3008 3450 3082 ἐπίτρεψόν
3481 3025 3574 3078 μοι
3596 3006 3777 3077 λαλῆ-

2182 3116 2201 3149 ι
2245 3114 2332 3152 σαι
2366 3098 2501 3170 πρὸς
2520 3098 2612 3152 τὸν
2636 3099 2784 3157 λαόν.
2818 3100 3244 3173 Ἐπιτρέψαντος
3266 3101 3319 3155 δὲ
3350 3100 3538 3167 αύτοῦ,
3562 3104 3591 3155 6
3620 3101 3777 3154 Παῦ-

2180 3208 2200 3242 ι
2243 3189 2331 3254 λος
2359 3191 2531 3257 ἑστὼς
2561 3192 2786 3247 ἐπὶτῶν
2818 3194 3173 3265 ἀναϐαθμῶν,
3201 3195 3487 3249 κατέσεισε
3520 3196 3588 3266 τῇ
3620 3193 3778 3264 χειρὶ

2179 3301 2198 3336 ι
2238 3281 2316 3354 τῷ
2345 3282 2479 3355 λαῷ.
2525 3282 2733 3355 Πολλῆς
2762 3284 2819 3340 δέ
2860 3286 3019 3356 σιγῆς
3065 3286 3387 3356 γενομένης,
3425 3283 3779 3357 προσεςρώνει

2178 3396 2196 3429 ι
2238 3378 2304 3448 τῇ
2346 3376 2587 3448 Ἐὕραῖδι
2638 3376 2936 3450 διαλέκτῳ·
2974 3378 3202 3449 Ἄνδρες
3246 3377 3468 3446 ἀδελφοὶ
3514 3378 3609 3431 καὶ
3657 3393 3778 3430 παι

2177 3488 2195 3521 ι
2234 3469 2415 3541 τέρες,
2446 3468 2719 3524 ἀκούσατέ
2751 3488 2852 3542 μου
2876 3471 3128 3543 τῆςξπρὸς
3149 3472 3293 3543 ὑμᾶς
3321 3470 3416 3526 νῦν
3439 3469 3772 3538 ἀπολογίας.

2180 3582 2197 3614 ι
2243 3564 2604 3629 ’Δκούσαντες
2635 3563 2693 3618 δὲ
2736 3566 2818 3619 ὅτι
2858 3565 3102 3640 Ἐΰραῖδι
3136 3566 3405 3639 διαλέκτῳ
3449 3565 3779 3637 προσφωνεῖ

2177 3675 2195 3707 ι
2236 3655 2442 3721 αὐτοῖς,
2469 3655 2675 3726 μᾶλλον
2692 3657 2969 3730 παρέσχον
2994 3659 3252 3731 ἡσυχίαν,
3276 3658 3372 3713 καί
3401 3673 3595 3729 φησιν’
3620 3654 3778 3724 ἐγὼ

2178 3769 2197 3801 ι
2238 3751 2338 3822 μέν
2368 3753 2486 3822 είμι
2518 3752 2663 3823 ἀνὴρ
2702 3752 2978 3818 Ἰουδαῖος,
3010 3753 3419 3825 γεγεννημένος
3470 3754 3531 3806 ἐν
3560 3750 3776 3821 Ταρσῷ

2180 3859 2196 3891 ι
2237 3843 2337 3911 τῆς
2382 3842 2674 3909 Κιλικίας,
2721 3844 3208 3918 ἀνατεθραμμένος
3270 3846 3327 3901 δὲ
3380 3848 3440 3899 ἐν
3494 3848 3562 3917 τῇ
3612 3846 3778 3898 πόλει

2179 3952 2197 3985 ι
2239 3934 2413 4007 ταύτῃ
2444 3937 2597 4008 παρά
2624 3938 2751 4003 τοὺς
2791 3937 2957 4004 πόδας
2993 3939 3297 4010 Γαμαλιήλ,
3330 3937 3776 4009 πεπαιδευμένος

2178 4047 2196 4080 ι
2239 4030 2382 4084 κατά
2438 4028 2729 4101 ἀκρίϐειαν
2786 4031 2880 4085 τοῦ
2943 4032 3198 4104 πατρῴου
3248 4033 3453 4103 νόμου,
3513 4030 3776 4102 ζηλωτὴς

2179 4142 2196 4174 ι
2237 4122 2499 4195 ὑπάρχων
2531 4122 2626 4177 τοῦ
2660 4124 2817 4192 Θεοῦ,
2848 4125 3030 4190 καθὼς
3060 4127 3259 4191 πάντες
3301 4128 3459 4197 ὑμεῖς
3505 4128 3631 4178 ἐστε
3666 4137 3773 4189 ση-

2178 4234 2197 4267 ι
2239 4233 2442 4288 μερον·
2481 4217 2541 4282 ὃς
2586 4219 2789 4290 ταύτην
2820 4221 2919 4289 τὴν
2958 4220 3074 4274 666v
3101 4220 3300 4287 ἐδίωξα
3336 4220 3461 4289 ἄχρι
3500 4214 3766 4273 θανάτου.

2176 4327 2193 4361 ι
2238 4307 2519 4379 δεσμεύων
2558 4310 2651 4363 καὶ
2688 4310 3015 4380 παραδιδοὺς
3055 4313 3135 4376 είς
3168 4305 3411 4380 (pulsarit,
3450 4303 3653 4374 ἄνδρας
3699 4320 3768 4356 τε

2178 4423 2195 4454 ι
2238 4405 2333 4457 καὶ
2375 4392 2677 4473 γυναῖκας’
2707 4408 2781 4471 ᾡς
2826 4407 2921 4461 καὶ
2950 4408 2979 4461 6
3027 4403 3317 4474 ἀρχιερεὺς
3354 4401 3772 4470 μαρτυρεῖιιιοι

2178 4516 2196 4549 ι
2237 4498 2333 4551 καὶ
2363 4499 2472 4553 πᾶν
2502 4499 2564 4553 τὸ
2595 4500 3011 4572 πρεσϐυτέριον.
3045 4496 3184 4568 Παρ’
3223 4489 3299 4549 ὧν
3343 4494 3440 4548 καὶ
3464 4492 3773 4555 ἐπιστολὰς

475 4611 493 4642 ‹
531 4592 776 4662 acceptis
818 4591 1148 4645 Damascum
1190 4586 1608 4658 proficiscebar,
1640 4585 1986 4641 adducturus
2007 4591 2064 4640 et

2178 4607 2195 4639 ι
2231 4587 2527 4659 δεξάμενος
2552 4591 2694 4661 πρὸς
2720 4590 2844 4653 τοὺς
2870 4587 3155 4658 ἀδελφοὺς,
3188 4589 3269 4650 εἰς
3300 4584 3596 4655 Δαμασκὸν
3627 4585 3770 4636 ἐπο-

474 4704 491 4733 ‹
535 4682 660 4738 illos
688 4681 785 4753 qui
812 4678 889 4736 ibi
916 4686 1107 4735 essent
1128 4677 1347 4734 vinctos
1372 4675 1676 4733 Jerusalem
1704 4685 1768 4731 ut
1796 4675 2067 4746 puniren-

472 4794 489 4823 ι
538 4783 649 4829 tur.
675 4772 892 4829 Accidit
918 4779 1105 4827 autem
1138 4771 1243 4825 iter
1270 4767 1497 4824 facienti
1525 4775 1583 4824 et
1603 4766 2065 4839 appropinquanti

472 4886 490 4919 ι
531 4868 797 4923 Datuasco
850 4866 1077 4922 circiter
1123 4864 1438 4928 meridiem,
1493 4874 1556 4920 ut
1600 4861 1785 4918 subito
1813 4861 1882 4917 de
1912 4861 2066 4932 ξοωιο

473 4979 489 5009 ι
537 4959 993 5028 circumfulgeret
1038 4972 1126 5015 me
1167 4957 1263 5011 lux
1310 4955 1503 5020 multa,
1538 4953 1827 5025 cecidique
1873 4952 1930 5008 in
1976 4967 2068 5008 so-

381 5110 391 5119 .
473 5072 489 5100 ι
534 5051 670 5114 lum,
701 5060 759 5105 et
781 5050 968 5106 audivi
992 5064 1185 5105 vocem
1215 5047 1493 5104 dicentem
1523 5045 1659 5102 mihi
1693 5064 1708 5102 :
1741 5044 2062 5112 Saul,Saul,

474 5162 492 5195 ι
532 5143 666 5214 quid
695 5159 782 5198 me
816 5141 1225 5213 persequeris?
1263 5141 1377 5212 Ego
1415 5155 1549 5196 vero
1580 5140 1842 5211 respondi
1873 5156 1887 5194 :
1928 5138 2066 5206 Quis

473 5256 490 5287 ι
530 5251 613 5301 es,
643 5235 918 5291 Domine?
963 5234 1219 5306 Dixitque
1251 5235 1318 5289 ad
1375 5248 1512 5289 me:
1555 5233 1669 5303 Ego
1723 5247 1847 5288 sum
1902 5233 2066 5293 Jesus

472 5344 489 5376 ι
531 5326 874 5393 Nazarenus,
905 5343 1071 5398 quem
1113 5341 1169 5382 tu
1203 5325 1576 5398 persequeris.
1606 5324 1673 5379 Et
1715 5325 1810 5395 qui
1845 5340 2065 5381 mecum

476 5438 493 5468 ‹
534 5425 714 5484 erant,
748 5420 934 5475 lumen
980 5420 1203 5491 quidem
1232 5419 1496 5475 viderunt
1523 5431 1579 5473 et
1616 5417 1867 5474 exterriti
1911 5425 2063 5483 sunt,

477 5528 495 5561 ι
535 5520 731 5567 vocem
766 5522 951 5568 autem
982 5527 1094 5569 non
1117 5512 1415 5569 audierunt
1447 5513 1569 5583 ejus
1602 5512 1695 5583 qui
1734 5512 2067 5583 loquebatur

474 5623 493 5654 ι
514 5600 772 5659 ‘mecum.
803 5605 923 5659 Dixi
957 5614 1141 5661 autem
1172 5623 1187 5660 :
1216 5606 1358 5673 QuFd
1391 5604 1611 5673 faciam,
1645 5604 1875 5661 Domine
1901 5606 1924 5659 ?
1954 5605 2065 5659 Do~

472 5716 489 5747 ι
528 5697 716 5753 minus
770 5707 956 5755 autem
1003 5700 1145 5757 dixit
1182 5701 1316 5756 mihi
1347 5717 1361 5756 :
1402 5701 1578 5773 Surge
1612 5710 1669 5758 ct
1699 5700 1836 5756 vade
1863 5701 2064 5755 Dama-

473 5807 491 5841 ι
532 5801 711 5855 scum,
731 5799 788 5847 et
816 5791 895 5847 ibi
918 5791 1136 5849 dicetur
1155 5792 1253 5849 tibi
1285 5794 1351 5850 de
1373 5793 1634 5850 omnibus
1665 5807 1788 5864 qua:
1812 5790 2066 5848 ordinata

474 5900 495 5935 ι
532 5891 663 5940 sunt
707 5894 768 5943 ut
816 5893 873 5943 tu
928 5887 1118 5945 facias.
1174 5887 1425 5962 Cumque
1483 5903 1595 5946 non
1650 5887 1899 5945 viderem
1949 5902 2065 5960 prae

2179 4700 2196 4733 ι
2242 4683 2503 4752 ρευόμην,
2529 4680 2673 4748 ἄξων
2710 4682 2806 4736 καὶ
2839 4682 2966 4746 τοὺς
3022 4683 3203 4735 ἐκεῖσε
3250 4678 3411 4742 ὄντας
3436 4676 3773 4747 δεδεμένους

2177 4794 2195 4823 ι
2236 4775 2315 4838 εἰς
2349 4773 2711 4851 Ἰερουσαλὴμ
2738 4774 2826 4828 ἵνα
2851 4772 3265 4844 τιμωρηθῶσιν.
3297 4769 3549 4837 Ἐγένετο
3578 4768 3638 4823 δέ
3668 4785 3771 4839 μοι

2176 4886 2193 4918 ι
2236 4868 2588 4939 πορευομένῳ
2619 4869 2715 4922 καὶ
2759 4866 3034 4936 ἐγγίζοντι
3064 4868 3130 4937 τῇ
3188 4864 3470 4937 Δαμασκῷ
3501 4863 3636 4936 περὶ
3663 4880 3774 4933 μεθ

2173 4979 2191 5010 ι
2233 4958 2533 5031 ammplam
2564 4959 2827 5030 ἐξαίφνης
2860 4961 2925 5013 ἐκ
2954 4958 3049 5013 τοῦ
3075 4957 3310 5030 ούρανοῦ
3343 4955 3770 5027 περιαπρὲψαι

2175 5072 2193 5103 ‹
2240 5052 2356 5122 φῶς
2388 5052 2597 5108 »ἱκανὸν
2647 5054 2777 5123 περὶ
2805 5053 2939 5124 ἐμέο
2975 5051 3173 5106 ἔπεσόν
3206 5068 3267 5105 τε
3304 5052 3385 5113 είς
3415 5048 3477 5102 τὸ
3540 5048 3769 5118 ἔδαφος,

2175 5166 2192 5196 ι
2234 5146 2325 5199 καὶ
2362 5145 2571 5216 ἤκουσα
2606 5144 2793 5214 φωνῆς
2840 5143 3108 5214 λεγούσης
3145 5159 3270 5214 μοι·
3318 5141 3515 5207 Σαοὺλ,
3561 5141 3769 5207 Σαοὺλ,

2173 5257 2190 5289 ι
2233 5238 2284 5291 τί
2320 5255 2386 5311 με
2423 5237 2675 5303 διώκεις;
2706 5237 2851 5306 Ἐγὼ
2883 5238 2940 5292 δὲ
2969 5237 3298 5308 ἀπεκρίθην,
3321 5236 3419 5301 Τίς
3445 5233 3519 5299 εί,
3548 5235 3667 5305 Κύρ
3680 5253 3771 5303 ts;

2176 5347 2193 5381 ι
2233 5325 2371 5385 Εἰπέ
2396 5347 2455 5384 τε
2482 5332 2619 5402 πρός
2653 5347 2751 5403 με’
2784 5331 2928 5399 Ἐγὼ
2959 5332 3075 5401 εἰμι
3104 5329 3319 5402 Ἰησοῦς
3344 5331 3372 5383 6
3410 5329 3775 5401 Ναζωραῖος,

2174 5442 2191 5472 ι
2234 5422 2294 5478 ὃν
2328 5423 2392 5477 σὺ
2427 5423 2664 5489 διώκεις.
2701 5426 2763 5480 υί
2796 5425 2852 5479 δὲ
2900 5425 2998 5480 σὺν
3032 5426 3157 5496 ἐμοὶ
3189 5423 3342 5488 ὅντες
3370 5423 3435 5478 τὸ
3499 5423 3605 5492 μὲν
3648 5423 3776 5492 φῶς

2177 5537 2194 5568 ι
2236 5516 2549 5584 ἐθεάσαντο,
2581 5518 2674 5571 καὶ
2702 5517 2958 5589 ,ἔμφοϐοι
3000 5519 3290 5587 ἐγένοντο,
3342 5515 3441 5586 τὴν
3472 5515 3533 5570 δὲ
3577 5514 3777 5586 φωνὴν

2176 5630 2191 5659 ι
2234 5608 2335 5661 ούκ
2393 5609 2635 5681 ἥκουσαν
2698 5604 2792 5663 τοῦ
2853 5609 3149 5674 λαλοῦντός
3201 5628 3315 5682 μοι.
3368 5605 3546 5662 Εἶπον
3584 5608 3669 5671 δὲ,
3701 5606 3776 5659 Τί

2176 5721 2194 5753 ι
2237 5702 2470 5773 ποιήσω,
2502 5703 2712 5775 Κύριε;
2756 5702 2815 5757 ὐ
2850 5702 2907 5758 δέ
2936 5703 3140 5775 Κύριος
3173 5704 3312 5775 πρός
3346 5720 3414 5774 με
3439 5718 3456 5734 ’
3493 5700 3779 5763 ’Δνασ-τὰς

2178 5814 2196 5846 ι
2242 5793 2480 5863 πορεύου
2528 5796 2610 5860 εἰς
2654 5795 2989 5866 Δαμασκὸν,
3036 5797 3202 5851 κάκεῖ
3257 5813 3342 5850 σοι
3392 5793 3775 5865 λαληθήσεται

2180 5906 2199 5942 ι
2243 5887 2373 5959 περὶ
2418 5888 2662 5958 πάντων,
2708 5883 2783 5947 ὦν
2829 5889 3090 5946 τέτακταί
3130 5907 3213 5946 σοι
3262 5889 3514 5957 ποιῆσαι.
3560 5886 3652 5951 Ὧς
3706 5886 3775 5940 δὲ
