4024 6552
269 377 373 442 269

1236 391 1628 457 COMMENT.
1673 395 1754 457 IN
1796 395 1980 455 ACTA
2025 395 2604 462 APOSTOLORUM.

3417 409 3524 474 270

279 522 298 554 ι
338 502 442 558 οὐκ
468 503 756 560 ἐνέϐλεπον
798 509 908 564 ἀπὸ
948 510 1046 582 τῆς
1070 511 1225 584 δόξης
1264 515 1356 569 τοῦ
1395 517 1572 586 φωτὸς
1609 518 1836 584 ἐκείνου,

1957 534 1973 567 1
2016 517 2264 574 claritate
2297 535 2360 575 ac
2407 519 2616 592 fulgore
2661 519 2888 578 luminis
2939 521 3108 589 illius,
3158 538 3257 595 per
3305 541 3528 587 manum

274 613 292 644 1
333 597 848 671 χειραγωγούμενος
873 601 980 656 ύπὺ
1001 603 1110 660 τῶν
1141 606 1409 663 συνόντων
1447 626 1557 680 μοι,
1581 605 1740 682 ἦλθον
1768 614 1848 676 είς

1957 612 2341 668 11leductusa
2394 614 2689 670 comitibus
2740 615 2834 686 qui
2888 631 3106 673 mecum
3156 629 3348 687 erant,
3400 625 3529 680 veni

271 705 291 738 1
333 689 646 758 Δαμασκόν.
678 691 929 758 Ἀνανίας
952 695 1010 749 δέ
1033 713 1118 760 τις
1145 697 1286 770 ἀνὴρ
1308 699 1562 772 εὐσεϐὴς,
1590 703 1728 757 κατά
1755 704 1836 760 τοι

1956 722 1974 754 1
2015 703 2362 761 Damascum.
2393 705 2636 762 Ananias
2657 715 2842 762 autem
2867 708 2954 764 vir
2980 708 3291 782 religiosus,
3330 729 3531 771 secun-

268 797 288 828 1
331 778 500 850 νόμον
534 788 984 858 μαρτυρούμενος
1004 783 1110 841 ὑπὸ
1144 789 1366 846 πάντων
1391 793 1502 848 τῶν
1532 797 1849 852 κατοικούν-

266 889 288 922 1
327 889 441 926 των
474 875 769 942 Ἰουδαίων,
813 879 984 934 ἐλθὼν
1019 882 1157 952 πρός
1201 886 1394 955 μεικαὶ
1440 886 1689 955 ἐπιστὰς,
1725 889 1848 947 εἶπέ

264 980 286 1012 1
328 979 462 1032 μοι’
515 955 688 1021 Σαοὺλ
746 969 966 1039 ἀδελφὲ,
1013 971 1338 1044 ἀνάὁλεψον.
1373 976 1544 1047 Κάγὼ
1594 981 1732 1053 αὐτῇ
1777 983 1845 1054 τῇ

260 1073 284 1105 1
325 1054 450 1128 ὥρᾳ
481 1056 757 1130 ἀνέϐλεψα
788 1061 870 1125 είς
898 1061 1083 1118 αὐτόν.
1115 1062 1174 1118 '0
1200 1064 1258 1119 δὲ
1283 1061 1456 1121 εἶπεν·
1490 1067 1548 1122 ’0
1575 1069 1708 1136 Θεὸς
1737 1071 1846 1127 τῶν

261 1162 283 1196 1
329 1146 589 1218 πατέριον
610 1149 768 1219 ἡμῶν
787 1152 1216 1223 προεχειρίσατό
1238 1171 1296 1208 σε
1319 1155 1526 1225 γνῶναι
1551 1159 1611 1213 τὸ
1634 1159 1847 1232 θέλημα

260 1254 280 1289 1
325 1237 522 1302 αὐτοῦ,
552 1241 647 1295 καὶ
688 1241 817 1296 ἰδεῖν
849 1246 908 1296 τὸ
933 1247 1163 1313 δίκαιον,
1191 1249 1288 1303 καὶ
1315 1249 1546 1305 ἀκοῦσαι
1571 1254 1754 1325 φωνὴν
1781 1256 1846 1310 ὲκ

262 1348 282 1381 1
311 1330 413 1384 τοῦ
440 1333 709 1403 στόματος
727 1334 914 1403 αὑτοῦ,
929 1337 1010 1391 ὅτι
1025 1335 1123 1410 ἔσῃ
1147 1338 1358 1412 μάρτυς
1378 1341 1529 1415 αὐτῷ
1550 1343 1686 1416 πρὸς
1707 1345 1846 1400 πάν-

255 1439 278 1473 1
319 1441 427 1489 τας
455 1424 798 1496 ἀνθρώπους,
823 1421 898 1488 ὧν
928 1429 1180 1503 ἑώρακας
1201 1433 1297 1487 καὶ
1321 1434 1581 1506 ἤκουσας.
1611 1439 1721 1492 Καὶ
1747 1438 1843 1494 νῦν

255 1533 277 1566 1
322 1517 380 1570 τί
410 1518 662 1588 μέλλεις;
693 1520 957 1585 Ἀναστὰς
994 1523 1257 1594 βάπτισαι
1295 1527 1390 1581 καὶ
1416 1528 1712 1585 ἀπόλουσαι
1743 1531 1844 1596 τὰς

252 1624 274 1658 1
315 1608 603 1681 ἁμαρτίας
616 1628 708 1666 σου
738 1614 1204 1690 ἐπικαλεσάμενος
1227 1617 1286 1672 τὸ
1306 1617 1476 1691 ὄνομα
1495 1619 1589 1675 τοῦ
1612 1621 1838 1695 Κυρίου.

256 1718 274 1751 1
319 1701 577 1771 Ἐγένετο
625 1705 683 1758 δέ
732 1724 826 1777 μοι
868 1707 1276 1781 ὑποστρέψαντι
1325 1713 1407 1777 είς
1461 1712 1837 1789 Ἰερουσαλὴμ,

260 1811 282 1842 1
323 1793 429 1847 καὶ
463 1799 905 1870 προσευχομένου
943 1817 1047 1872 μου
1081 1803 1140 1857 ὲν
1184 1801 1262 1874 τῷ
1305 1803 1456 1876 ἱερῷ,
1489 1805 1740 1876 γενέσθαι
1771 1826 1840 1880 με

1955 816 1973 848 1
2017 796 2148 852 dum
2173 797 2351 868 legem
2374 799 2687 855 testimonio
2709 801 2970 871 probatus
2991 804 3239 860 omnium
3271 805 3530 864 habitan-

1952 907 1972 940 1
2017 888 2154 944 tium
2195 887 2307 944 illic
2335 889 2670 956 Iudaeorum,
2713 892 2943 949 veniens
2989 894 3063 949 ad
3102 909 3192 952 mo
3221 905 3280 952 et
3317 906 3529 965 astans.

1954 998 1973 1032 1
2013 979 2152 1036 dixit
2171 980 2306 1036 mihi
2335 998 2348 1035 :
2398 981 2527 1037 Saul
2559 982 2752 1052 frater,
2779 985 2962 1055 recipe
2987 986 3186 1042 visum.
3210 986 3280 1044 Et
3299 1004 3401 1060 ego
3433 1005 3531 1046 ea-

1953 1089 1972 1124 1
2013 1071 2140 1128 dem
2163 1073 2323 1139 hora,
2354 1073 2476 1128 visu
2512 1083 2758 1145 recepto,
2788 1074 2904 1138 vidi
2926 1076 3193 1133 illum.At
3222 1078 3314 1134 ille
3339 1079 3479 1135 dixit
3510 1098 3528 1136 :

1951 1184 1968 1215 1
2008 1166 2154 1220 Deus
2176 1174 2396 1235 patrum
2438 1173 2758 1222 nostrorum
2794 1168 3122 1238 prmparavit
3150 1177 3200 1224 te
3234 1178 3294 1224 ut
3321 1186 3528 1244 cogno-

1955 1277 1971 1308 1
2011 1271 2195 1313 sceres
2225 1256 2724 1328 lGOvoluntatem
2750 1273 2929 1326 suam,
2951 1259 3280 1332 videresque
3303 1262 3358 1318 id
3378 1265 3527 1334 quod

1951 1367 1970 1400 1
2006 1348 2219 1418 justum
2244 1359 2352 1415 est,
2393 1358 2450 1405 et
2474 1350 2699 1406 audires
2738 1365 2931 1408 vocem
2970 1367 3037 1408 ex
3069 1368 3167 1409 ore
3211 1355 3333 1427 ejus
3362 1373 3376 1410 :
3411 1357 3526 1411 eris

1950 1458 1968 1491 1
2011 1440 2158 1494 enim
2187 1440 2264 1495 illi
2305 1441 2460 1497 testis
2499 1441 2645 1513 apud
2676 1456 2870 1500 omnes
2898 1442 3152 1501 homines
3180 1461 3376 1502 eorum
3403 1463 3528 1518 quae

1952 1549 1970 1583 1
2010 1531 2197 1587 vidisti
2219 1543 2276 1588 et
2302 1533 2602 1591 audisti.Et
2623 1551 2772 1592 nunc
2798 1535 2930 1606 quid
2949 1538 3254 1594 cunctaris?
3273 1539 3526 1612 Exsurge

1951 1642 1969 1676 1
2008 1633 2064 1680 et
2092 1623 2375 1696 baptizare
2398 1666 2414 1693 ,
2444 1641 2510 1682 ac
2537 1634 2766 1698 peccata
2794 1634 2890 1683 tua
2921 1628 3085 1685 ablue
3129 1629 3382 1686 invocato
3422 1648 3527 1688 no-

1951 1737 1968 1768 1
2009 1717 2158 1773 mine
2182 1717 2424 1774 Domini.
2451 1717 2666 1776 Accidit
2693 1728 2878 1775 autem
2911 1736 3038 1776 cum
3070 1737 3323 1780 reversus
3345 1739 3524 1781 essem

1949 1828 1967 1861 1
2002 1808 2308 1866 Jerusalem
2341 1820 2398 1868 et
2429 1826 2646 1868 orarem
2674 1811 2731 1866 in
2765 1815 2988 1884 templo,
3021 1823 3084 1870 ut
3117 1831 3342 1887 raperer
3371 1825 3526 1874 extra

254 1903 274 1935 1
321 1887 384 1938 ὲν
414 1888 693 1958 ἐκστάσει,
724 1894 820 1946 καὶ
847 1894 975 1949 ἰδεῖν
1003 1895 1165 1952 αὑτὸν
1185 1897 1414 1968 λέγοντά
1439 1917 1567 1973 μοι’
1595 1902 1836 1958 Σπεῦσον

1948 1921 1964 1952 1
2006 1917 2117 1969 me,
2148 1909 2206 1958 et
2226 1901 2471 1958 viderem
2500 1918 2648 1970 eum,
2678 1903 2954 1962 dicentem
2991 1906 3128 1962 mihi
3162 1923 3177 1962 :
3214 1908 3435 1965 Festina
3470 1921 3527 1966 et

251 1995 273 2028 1
318 1979 421 2031 καὶ
458 1980 641 2046 ἔξελθε
672 1985 731 2037 ἐν
773 1985 931 2058 τάχει
960 1988 1020 2055 ἐξ
1051 1988 1436 2064 Ἰερουσαλὴμ,
1474 1994 1610 2049 διότι
1642 1997 1704 2051 οὐ
1737 2014 1839 2054 πα-

250 2083 271 2116 1
318 2069 644 2138 ραδέξονταί
678 2090 775 2128 σου
812 2077 912 2147 τὴν
959 2081 1267 2152 μαρτυρίαν
1297 2085 1425 2155 περὶ
1460 2085 1619 2155 ἐμοῦ.
1669 2087 1840 2158 Κάγὼ

251 2177 274 2210 1
313 2157 516 2217 εἷπον·
568 2165 771 2238 Κύριε,
831 2171 987 2225 αὐτοὶ
1017 2173 1362 2243 ἐπίστανται,
1404 2177 1486 2232 ὅτι
1535 2178 1648 2248 ἐγὼ
1691 2181 1841 2254 ἦμην

253 2271 274 2302 1
320 2255 642 2322 φυλακίζων
685 2261 782 2316 καὶ
811 2262 984 2335 δέρων
1015 2266 1158 2323 κατά
1195 2268 1295 2334 τὰς
1358 2275 1683 2345 συναγωγὰς
1711 2280 1840 2345 τοὺς

248 2363 272 2395 1
320 2346 686 2417 πιστεύοντας
725 2354 819 2407 ἐπὶ
838 2359 919 2412 σέ.
946 2358 1057 2414 Καὶ
1082 2359 1172 2415 ὅτε
1205 2362 1445 2435 ἐξεχεῖτο
1470 2367 1532 2422 τὸ
1551 2364 1833 2441 αἷμάΣτε-

255 2456 282 2488 1
324 2437 500 2508 φάνου
533 2441 627 2497 τοῦ
657 2446 935 2521 μάρτυρός
958 2467 1073 2519 σου,
1096 2453 1192 2507 καὶ
1224 2455 1389 2524 αὐτὸς
1412 2457 1562 2532 ἢμην
1599 2437 1840 2532 ἐφεστὼς

250 2551 278 2585 1
315 2535 420 2591 καὶ
476 2540 816 2598 συνευδοκῶν
861 2548 928 2620 τῇ
981 2547 1260 2622 ἀναιρέσει
1310 2553 1500 2621 αὐτοῦ,
1548 2559 1839 2628 φυλάσσων

251 2643 277 2678 1
316 2627 391 2682 τά
427 2631 621 2702 ἱμάτια
640 2635 752 2690 τῶν
782 2637 1154 2712 ἀναιρούντων
1182 2644 1366 2702 αὐτόν.
1398 2647 1508 2704 Καὶ
1547 2647 1671 2706 εἷπε
1697 2655 1836 2727 πρός

249 2737 278 2770 1
320 2737 418 2792 με’
446 2725 709 2796 Πορεύου,
732 2728 816 2782 ὅτι
845 2729 955 2800 ἐγὼ
975 2733 1054 2797 είς
1087 2733 1214 2807 ἔθνη
1241 2739 1463 2811 μακρὰν
1491 2725 1837 2809 ἐξαποστελῶ

253 2831 276 2863 1
303 2816 638 2872 σε.Ἦκουον
656 2818 712 2872 δὲ
735 2820 898 2876 αὑτοῦ
920 2823 1047 2897 ἄχρι
1065 2827 1252 2883 τούτου
1275 2830 1369 2885 τοῦ
1390 2831 1573 2902 λόγου,
1602 2837 1697 2891 καὶ
1742 2839 1838 2892 ἐπ-

252 2924 276 2956 1
316 2909 464 2977 ἦραν
482 2908 581 2982 τὴν
599 2913 784 2984 φωνὴν
805 2915 1004 2983 αὐτῶν,
1030 2917 1302 2988 λέγοντες·
1323 2919 1456 2996 Αῐρε
1487 2927 1596 2980 ἀπὸ
1618 2929 1717 3001 τῆς
1734 2932 1837 3002 γῆς

247 3014 273 3047 1
312 2999 412 3052 τὸν
437 3002 678 3058 τοιοῦτον
705 3021 720 3035 ⁸
750 3007 811 3060 ού
841 3009 950 3079 γάρ
975 3011 1219 3082 καθῆκον
1247 3015 1410 3071 αὐτὸν
1443 3017 1562 3090 ζῇν.
1589 2999 1838 3092 κραζόν-

252 3111 272 3143 1
313 3109 430 3146 των
455 3093 514 3148 δὲ
538 3095 741 3162 αὐτῶν,
783 3101 878 3154 καὶ
911 3103 1213 3174 ριπτόντων
1257 3108 1325 3162 τὰ
1368 3110 1581 3181 ἱμάτια,
1621 3116 1714 3168 καὶ
1744 3133 1838 3171 κοο

1951 2013 1969 2046 1
2009 1997 2096 2051 exi
2128 1995 2392 2051 velociter
2413 1996 2791 2069 Jerosolymis,
2823 1998 3084 2069 quoniam
3116 2015 3228 2056 non
3255 1996 3528 2072 recipient

1951 2105 1968 2138 1
2010 2087 2384 2143 testimonium
2417 2097 2572 2144 tuum
2601 2090 2669 2145 de
2697 2104 2806 2145 me.
2837 2089 2905 2146 Et
2934 2107 3036 2163 ego
3073 2092 3187 2148 dixi
3221 2112 3234 2149 :
3267 2094 3524 2160 Domine.

1952 2197 1969 2230 1
2009 2179 2115 2250 ipsi
2143 2183 2328 2236 sciunt
2354 2182 2500 2254 quod
2525 2196 2625 2254 ego
2638 2183 3028 2254 pertrabebam
3061 2183 3118 2239 in
3143 2199 3444 2254 carcerem,
3467 2198 3524 2244 et

1951 2288 1968 2323 1
2009 2271 2286 2328 caedebam
2313 2273 2369 2328 in
2395 2272 2628 2344 singulis
2658 2274 2948 2346 synagogis
2973 2289 3070 2332 eos
3089 2277 3187 2346 qui
3222 2278 3524 2333 credebant

1950 2381 1967 2415 1
2007 2364 2060 2418 in
2092 2371 2167 2420 te.
2200 2365 2268 2419 Et
2293 2379 2422 2420 cum
2449 2364 2776 2424 funderetur
2803 2369 3027 2440 sanguis
3065 2368 3332 2441 Stephani
3367 2371 3528 2426 testis

1949 2472 1966 2504 1
2007 2455 2110 2521 tui,
2135 2471 2238 2527 ego
2267 2470 2488 2528 quoque
2524 2457 2872 2526 assistebam,
2901 2468 2958 2514 et
2980 2461 3326 2516 assentiebar
3356 2465 3522 2516 morti

1948 2564 1966 2598 1
2009 2546 2178 2613 illius,
2202 2558 2258 2603 et
2289 2547 2671 2605 custodiebam
2701 2549 3029 2606 vestimenta
3071 2552 3524 2609 interﬁcientium

1946 2653 1963 2686 1
2007 2636 2182 2693 illum.
2216 2636 2286 2694 Et
2332 2639 2472 2694 dixit
2511 2640 2581 2696 ad
2615 2655 2702 2696 me
2736 2658 2751 2695 ε
2802 2643 2948 2698 Vade
2985 2644 3247 2714 quoniam
3295 2660 3398 2717 ego
3454 2647 3523 2702 ad

1948 2748 1965 2781 1
2005 2738 2198 2801 gentes
2226 2733 2417 2802 procul
2457 2735 2671 2789 mittam
2708 2744 2782 2790 te.
2825 2736 3139 2793 Audiebant
3172 2747 3356 2794 autem
3390 2754 3523 2795 eum

1948 2839 1966 2872 1
2009 2836 2182 2891 usque
2207 2822 2276 2876 ad
2307 2823 2414 2880 hoc
2435 2825 2687 2892 verbum,
2718 2834 2776 2881 et
2802 2827 3153 2885 sustulerunt
3178 2843 3344 2885 voces
3371 2844 3521 2896 suas,

1945 2930 1963 2963 1
2008 2913 2296 2970 dicentes:
2353 2915 2507 2972 Tolle
2549 2917 2618 2973 de
2659 2927 2804 2973 terra
2850 2919 3135 2976 hominem
3180 2921 3522 2990 istiusmodi,

1946 3024 1965 3056 1
2010 3021 2120 3061 non
2148 3006 2294 3062 cnitn
2333 3007 2414 3063 l‘as
2453 3018 2538 3064 est
2565 3026 2690 3064 eum
2725 3011 2932 3067 vivere.
2974 3013 3221 3084 Cumque
3254 3014 3523 3070 vocifera-

1949 3115 1966 3149 1
2010 3107 2202 3154 rentur
2247 3109 2304 3154 et
2344 3103 2683 3171 projicerent
2733 3104 3060 3161 vestimenta
3116 3121 3184 3160 ac
3235 3106 3522 3176 pulverem

249 3203 272 3235 1
315 3185 536 3257 νιορτὸν
591 3187 900 3259 βαλλόντων
938 3196 1018 3259 είς
1042 3196 1134 3252 τὸν
1170 3198 1327 3270 ἀέρα,
1362 3203 1648 3259 ἐκέλευσεν
1674 3207 1836 3262 αὐτὸν

1949 3209 1965 3239 1
2001 3190 2276 3260 jactarent
2303 3191 2358 3245 in
2384 3209 2590 3260 aerem,
2618 3195 2782 3266 jussit
2802 3197 3058 3253 tribunus
3083 3214 3212 3254 eum
3243 3201 3430 3256 induci
3465 3202 3522 3256 in

254 3293 274 3325 1
313 3277 345 3328 ὁ
397 3276 682 3352 χιλίαρχος
732 3282 964 3352 ἄγεσθαι
994 3287 1074 3351 είς
1105 3289 1204 3361 τὴν
1230 3294 1604 3367 παρεμϐολὴν,
1639 3297 1831 3367 εἰπὼν,

251 3386 273 3418 1
320 3368 582 3438 μάστιξιν
632 3372 995 3438 ἀνετάζεσθαι
1043 3380 1241 3447 αὐτὸν,
1283 3385 1370 3437 ἵνα
1413 3387 1622 3460 ἐπιγνῷ
1661 3390 1730 3445 δι’
1765 3391 1834 3462 ἢν

253 3475 272 3509 1
316 3459 504 3515 αίτίαν
532 3462 704 3530 οὕτως
736 3465 1055 3537 ἐπεφώνουν
1082 3472 1251 3544 αὐτῷ.
1301 3475 1388 3540 Ὠς
1418 3477 1474 3532 δὲ
1516 3459 1834 3552 προέτεινεν

252 3570 272 3602 1
313 3552 488 3608 αύτδν
519 3558 632 3620 τοῖς
668 3559 849 3629 ἱμᾶσι,
874 3555 996 3616 εἷπε
1027 3565 1164 3636 πρὸς
1190 3567 1280 3621 τὸν
1318 3569 1531 3628 ἑστῶτα
1573 3573 1833 3631 ἑκατόντο

249 3661 272 3693 1
309 3659 490 3715 αρχον
534 3649 564 3701 ό
619 3649 862 3716 Παῦλος⁴
934 3655 998 3708 Ei
1058 3655 1344 3731 ἄνθρωπον
1407 3661 1680 3736 Ῥωμαῖον
1739 3670 1836 3724 καὶ

252 3751 271 3783 1
313 3735 693 3809 ἀκατάκριτον
737 3741 948 3808 ἔξεστιν
1007 3747 1136 3818 ύμῖν
1188 3753 1474 3820 μαστίζειν
1499 3735 1531 3823 ;7
1566 3756 1834 3827 Ἀκούσας

246 3842 268 3873 1
307 3824 372 3878 δὲ
412 3827 442 3880 ό
471 3828 898 3903 ἑκατόνταρχος,
941 3837 1260 3907 προσελθὼν
1305 3843 1612 3915 ἀπήγγειλε
1646 3848 1726 3920 τῷ
1753 3824 1835 3923 χιἐ

248 3931 269 3966 1
310 3915 549 3990 λιάρχῳ,
577 3920 786 3990 λέγων·
821 3925 967 3998 Ὅρα
1011 3928 1065 3982 τί
1109 3930 1322 4000 μέλλεις
1367 3939 1580 3990 ποιεῖν’
1648 3915 1830 4016 όνγάρ

247 4027 270 4060 ‹
313 4010 609 4082 ἄνθρωπος
651 4009 806 4080 οὗτος
847 4018 1120 4091 Ῥωμαῖός
1167 4024 1305 4078 ἐστι.
1340 4026 1662 4098 Ιιροσελθὼν
1797 4009 1834 4090 *ὁ

245 4120 269 4154 1
310 4103 620 4175 χιλίαρχος,
656 4104 813 4163 εἶπεν
847 4111 996 4182 αὐτῷ
1019 4128 1037 4144 ⁸
1066 4114 1208 4184 Λέγε
1240 4134 1354 4188 μοι,
1381 4120 1431 4174 εί
1467 4121 1531 4176 σὺ
1563 4121 1834 4194 Ῥωμαῖος

245 4207 271 4240 4
313 4191 404 4256 εἷ;
435 4196 575 4287 Ὅῌδὲ
603 4198 732 4270 ἔφη,
755 4201 886 4258 Ναί.
908 4203 1205 4279 Ἀπεκρίθη
1231 4226 1288 4262 τε
1315 4211 1344 4264 ό
1365 4191 1834 4287 χιλίαρχος-Ἐγὼ

245 4301 270 4335 1
316 4282 522 4338 πολλοῦ
555 4293 856 4377 κεφαλαίου
901 4295 1000 4368 τὴν
1044 4299 1322 4356 πολιτείαν
1365 4282 1582 4377 ταύτην
1600 4282 1834 4381 ἐκτησά-

247 4393 270 4427 1
315 4393 448 4473 μην.
489 4377 548 4432 '0
665 4383 876 4452 Παῦλος
904 4388 1040 4460 ἔφη’
1075 4392 1220 4462 Ἐγὼ
1251 4394 1307 4448 δὲ
1346 4397 1441 4450 καὶ
1470 4368 1830 4473 γεγέννημαι.

251 4485 271 4519 1
313 4468 540 4562 Εύθέως
579 4469 674 4528 οὖν
719 4476 1038 4553 ἀπέστησαν
1095 4485 1193 4540 ἀπ’
1237 4487 1406 4542 αὐτοῦ
1439 4491 1488 4545 oi
1551 4468 1832 4562 μέλλοντες

1946 3301 1963 3333 1
2003 3292 2202 3350 castra,
2249 3295 2306 3340 et
2333 3286 2625 3356 imperavit
2667 3304 2794 3345 eum
2834 3291 3018 3363 ﬂagris
3064 3294 3407 3360 examinari,
3461 3304 3522 3350 ut

1945 3391 1963 3424 1
2003 3373 2169 3428 sciret
2196 3386 2424 3445 propter
2453 3391 2616 3446 quam
2645 3391 2866 3434 causam
2893 3379 2969 3435 ita
2999 3381 3301 3437 clamarent
3325 3383 3524 3438 adver-

1944 3485 1961 3516 1
2005 3480 2101 3521 sus
2149 3481 2297 3521 eum.
2345 3468 2414 3522 Et
2459 3468 2553 3524 ubi
2603 3469 2740 3526 loris
2776 3486 2906 3527 eum
2954 3475 3323 3543 astrinxisset,
3378 3477 3522 3534 dixit

1943 3578 1960 3610 1
2001 3563 2201 3616 astanti
2245 3560 2354 3616 sibi
2388 3563 2700 3619 centurioni
2748 3565 2951 3623 Paulus
2975 3585 2995 3623 ι
3051 3567 3192 3625 Num
3233 3571 3518 3628 hominem

1945 3669 1962 3701 1
2004 3651 2312 3708 Romanum
2339 3670 2406 3710 ac
2442 3655 2822 3713 indemnatum
2851 3657 2983 3716 licet
3011 3661 3171 3718 vobis
3197 3660 3473 3734 ﬂagellare
3498 3667 3520 3718 γ

1945 3757 1962 3793 1
2001 3740 2123 3810 Quo
2169 3745 2380 3812 audito,
2401 3749 2660 3804 centurio
2707 3752 2942 3808 accessit
2993 3753 3067 3810 ad
3115 3755 3424 3824 tribunum,
3463 3770 3520 3813 et

1943 3849 1961 3881 1
2003 3830 2280 3889 nuntiavit
2322 3834 2395 3901 ei,
2430 3836 2622 3897 dicens
2659 3859 2673 3896 :
2735 3842 2871 3900 Vide
2916 3843 3052 3914 quid
3099 3845 3351 3905 facturus
3392 3849 3470 3906 sis
3503 3869 3517 3904 :

1942 3943 1959 3974 1
2000 3924 2090 3980 hic
2138 3926 2286 3982 enim
2339 3926 2502 3986 homo
2546 3931 2829 3990 Romanus
2875 3945 2980 3992 est.
3018 3937 3302 3997 Accedens
3332 3952 3516 3999 autem

1937 4035 1959 4067 1
2001 4017 2258 4074 tribunus
2285 4019 2424 4076 dixit
2454 4021 2566 4077 illi:
2614 4025 2712 4081 Dic
2738 4026 2916 4082 mihi:
2963 4043 3096 4082 num
3125 4039 3186 4085 tu
3233 4031 3519 4089 Romanus

1941 4126 1958 4158 1
1998 4123 2060 4163 es
2087 4109 2111 4163 ?
2134 4110 2204 4166 At
2231 4110 2325 4168 ille
2355 4112 2495 4168 dixit
2527 4132 2540 4168 :
2572 4115 2767 4172 Etiam.
2793 4117 2862 4173 Et
2893 4122 3181 4192 respondit
3216 4125 3474 4182 tribunus
3502 4147 3514 4180 :

1941 4219 1959 4254 1
1999 4202 2116 4274 Ego
2146 4205 2316 4262 multa
2347 4221 2560 4264 summa
2581 4209 2674 4282 jus
2697 4211 2936 4270 civitatis
2974 4214 3145 4288 bujus
3178 4221 3510 4289 comparavi.

1941 4313 1958 4347 1
1995 4295 2202 4353 Paulus
2231 4309 2415 4356 autem
2435 4302 2516 4358 ait
2543 4319 2557 4357 :
2580 4305 2694 4376 Ego
2724 4321 2852 4362 vero
2880 4317 2936 4364 et
2964 4318 3129 4366 natus
3156 4326 3300 4368 sum.
3333 4311 3514 4367 Proti-

1941 4409 1958 4440 1
2001 4407 2106 4448 nus
2152 4408 2285 4465 ergo
2331 4395 2706 4455 discesserunt
2755 4402 2825 4456 ab
2873 4403 2969 4459 illo
2995 4405 3092 4476 qui
3130 4422 3258 4462 eum
3297 4406 3515 4464 fuerant

1941 4501 1959 4534 1
2000 4485 2388 4544 examinaturi.
2421 4489 2705 4548 Tribunus
2750 4509 2972 4566 quoque
3009 4498 3195 4556 timuit
3218 4499 3308 4555 ubi
3340 4502 3512 4557 resci-

252 4578 272 4613 ι
315 4561 482 4617 αὐτὸν
506 4564 811 4635 ἀνετάζειν.
843 4573 954 4628 και
983 4575 1012 4629 δ
1041 4577 1322 4650 χιλίαρχος
1353 4580 1409 4635 δι
1434 4583 1676 4658 ἐφοϐήθη
1708 4587 1830 4643 tm.

1944 4577 2078 4630 1vit
2147 4580 2293 4650 quod
2348 4581 2633 4640 Romanus
2694 4561 2982 4654 esset,_et
3034 4592 3182 4662 quod
3251 4592 3514 4648 vinxisst-t

252 4671 274 4702 1
317 4656 506 4722 γνοὺς,
537 4657 619 4712 ὅτι
663 4659 934 4734 Ῥωμαῖός
965 4668 1106 4728 ἐστι,
1153 4671 1248 4724 καὶ
1278 4671 1360 4725 ὅτι
1388 4667 1457 4745 ἦν
1486 4656 1829 4736 αύτδνῖδεδεο

254 4762 275 4797 1
314 4763 451 4810 κως.
485 4767 507 4802 1

322 4838 450 4901 Πῶς
487 4858 655 4910 φησιν
683 4861 710 4900 ο
753 4847 984 4919 Παῦλος,
1021 4873 1041 4906 1
1064 4854 1208 4928 Ἐγὼ
1257 4861 1358 4930 μέν
1388 4865 1501 4936 εἰμι
1532 4865 1668 4939 ἀνὴρ
1694 4869 1830 4922 Ἰου-

247 4929 400 4994 δαῖος
446 4932 719 5005 Ταρσεὺς,
764 4941 865 5012 τῆς
917 4946 1172 5013 Κιλικίας
1218 4929 1316 5006 ούκ
1359 4929 1574 5028 ἀσημου
1621 4929 1830 5025 πόλεως

248 5020 501 5120 πολίτης,
541 5045 562 5080 Δι
614 5031 708 5083 καὶ
759 5033 898 5102 μετά
944 5040 1173 5110 μικρόν·
1217 5063 1235 5096 1
1261 5045 1322 5097 Ei
1370 5020 1655 5120 ἄνθρωπον
1693 5020 1830 5107 Ῥω;

251 5114 420 5183 μαῖον
461 5120 991 5210 καὶᾲάκατάκριτον,
1029 5151 1046 5183 ι
1101 5135 1196 5188 καὶ
1235 5137 1302 5190 τά
1353 5114 1514 5210 ἑξῆς-ς
1561 5143 1685 5207 Πῶς
1737 5144 1829 5198 οὖν

247 5205 426 5260 ταῦτα
464 5208 658 5274 είπὼν,
685 5215 806 5270 οὐδὲ
851 5219 909 5272 ἐν
943 5221 1114 5295 ἑτέρῳ
1165 5229 1362 5300 καιρῷ,
1419 5233 1535 5286 ἀλλ’
1579 5236 1636 5286 ἐν
1681 5236 1830 5305 αύτῷ

247 5297 429 5371 τούτῳ
459 5302 520 5355 ἐν
567 5297 614 5372 ᾧ
657 5307 829 5362 ταῦτα
885 5311 1060 5383 ἔλεγε,
1115 5319 1212 5372 καὶ
1265 5297 1404 5392 πρὸς
1454 5326 1576 5389 τοὺς
1631 5297 1828 5391 αὐτοὺς

245 5389 533 5462 ἀκροατάς
568 5414 732 5469 φησιν
758 5417 772 5430 °
805 5403 866 5457 Εί
923 5405 1212 5478 ἄνθρωπον
1265 5389 1532 5484 Ῥωμαῖον
1569 5417 1660 5471 καὶ
1692 5389 1829 5474 ἀκαέ

245 5484 514 5582 τάκριτον
539 5487 753 5554 ἔξεστιν
777 5494 905 5560 ὑμῖν
933 5499 1251 5568 μαστίζειν;
1287 5505 1395 5558 Καὶ
1421 5505 1513 5560 τοῦ
1547 5508 1826 5582 χιλιάρχου

248 5574 660 5650 πυνθανομένου
701 5601 715 5613 ·
744 5585 808 5638 Ei
849 5586 912 5639 σὺ
953 5587 1220 5659 Ῥωμαῖος
1250 5588 1319 5656 εί,
1354 5574 1828 5654 διεόεϐαιοῦτούτι

255 5668 530 5739 Ῥωμαίος
572 5670 664 5745 ἦν,
714 5679 808 5732 καὶ
857 5681 954 5752 ούχ
1007 5683 1196 5748 ἁπλῶς
1247 5685 1406 5740 τοῦτο
1445 5690 1644 5759 λέγων,
1691 5677 1847 5749 duci.

248 5777 438 5832 ᾳησιν,
469 5764 552 5820 ὅτι
581 5787 602 5822 1
634 5769 778 5840 Ἐγὼ
806 5773 902 5826 καὶ
937 5775 1304 5848 γεγέννημαι;
1336 5799 1354 5832 ι
1393 5773 1483 5846 Ἓξ
1517 5784 1681 5838 αὐτοῦ
1707 5788 1828 5842 τού-

251 5869 342 5909 του
381 5857 623 5930 μάλιστα
665 5864 825 5935 δῆλον
863 5868 945 5921 ὅτι
979 5867 1265 5940 ἠλήθευεν.
1321 5873 1383 5929 Ei
1444 5875 1550 5948 γὰρ
1587 5879 1646 5933 ἐν
1683 5879 1828 5953 ἄλλῳ

1943 4685 1962 4718 ί
2003 4684 2152 4726 eum.
2184 4690 2206 4722 ι

2003 4853 2420 4921 Quonammodo
2461 4857 2598 4913 dicit
2641 4859 2867 4923 Paulus,
2906 4879 2924 4914 1
2957 4861 3070 4933 Ego
3098 4862 3320 4934 quidem
3351 4866 3504 4938 161

1930 4965 2054 5004 sum
2076 4949 2300 5006 Judazus
2315 4951 2738 5013 Tarsensismon
2755 4955 3005 5011 obscura:
3024 4956 3256 5013 Cilicum
3269 4945 3510 5016 civitaiis

1928 5041 2088 5108 civis,
2129 5063 2146 5094 ο
2186 5052 2240 5098 et
2267 5044 2431 5114 paulo
2456 5053 2610 5115 post;
2650 5065 2667 5098 1
2700 5045 2842 5101 Num
2879 5048 3156 5104 hominem
3200 5049 3508 5106 Romanum

1929 5148 1997 5189 ac
2033 5135 2407 5191 indemnatum
2439 5137 2462 5189 ?
2493 5157 2512 5189 ι
2569 5147 2675 5194 etc.
2717 5137 3000 5206 Quomodo
3037 5157 3171 5214 ergo
3213 5159 3340 5200 cum
3392 5146 3509 5201 haec

1932 5225 2160 5282 dixisset
2210 5243 2320 5282 non
2351 5227 2460 5284 alio
2501 5237 2768 5302 tempore,
2801 5233 2897 5288 sed
2934 5249 3002 5290 eo
3053 5235 3172 5306 ipso
3231 5253 3340 5307 quo
3392 5239 3511 5294 haec

1932 5317 2142 5374 dixerat
2173 5329 2223 5374 et
2257 5334 2440 5376 coram
2470 5321 2679 5379 eisdem
2707 5325 3055 5383 auditoribus
3083 5329 3162 5382 ait
3189 5346 3202 5381 :
3237 5329 3376 5385 Num
3411 5330 3510 5386 bo-

1935 5409 2138 5466 tnincm
2181 5409 2490 5468 Romanum
2522 5430 2587 5471 ac
2614 5415 2992 5473 indemnatum
3040 5418 3170 5474 licet
3212 5421 3368 5476 vobis
3414 5422 3511 5478 ila-

1927 5504 2178 5574 gellare?
2208 5507 2276 5561 Et
2297 5507 2668 5580 interrogante
2694 5511 2917 5566 tribuno
2942 5530 2955 5564 :
2987 5511 3128 5566 Num
3152 5522 3206 5567 tu
3231 5514 3510 5571 Romanus

1930 5597 2038 5652 es?
2073 5598 2376 5656 Romanum
2409 5616 2468 5657 se
2504 5616 2624 5657 esse
2661 5602 3007 5658 confirmavit
3035 5621 3047 5658 :
3075 5620 3180 5660 nec
3212 5606 3264 5660 id
3299 5606 3511 5678 simpli-

1931 5691 2069 5746 citer
2119 5693 2330 5758 dicens,
2368 5695 2462 5750 sed
2511 5697 2679 5751 etiam
2710 5697 2786 5750 ait
2819 5714 2832 5750 :
2881 5717 2898 5748 1
2930 5697 3043 5768 Ego
3071 5713 3204 5752 vero
3250 5707 3307 5754 et
3346 5710 3509 5756 natus

1930 5785 2203 5841 sum?1Ex
2227 5787 2332 5843 hoc
2357 5803 2488 5858 ergo
2513 5787 2858 5858 potissimum
2881 5787 3230 5845 manifestum
3253 5801 3339 5847 est
3359 5793 3508 5862 quod

1933 5892 2125 5934 verum
2148 5879 2386 5937 dicebat.
2418 5879 2554 5935 Nam
2586 5880 2632 5936 si
2666 5883 2774 5936 alio
2813 5879 3036 5951 quidem
3089 5891 3336 5955 tempore
3376 5885 3512 5942 Tar-
