4024 6610
455 481 466 495 ’
541 513 643 575 247

1073 627 1297 683 CAPUT
1347 627 1581 681 XXVlil.

541 721 617 777 De
653 723 968 787 baptismate
1002 732 1048 775 et
1080 720 1285 790 Spiritu
1312 721 1482 772 smuti
1513 721 1648 773 dono
1679 737 1771 789 per
1796 719 1954 775 Pauli
1986 721 2116 773 ado-

613 795 871 845 ratiouem
916 792 1041 845 dato
1099 794 1176 846 his
1214 791 1304 861 qui
1352 791 1543 859 Ephesi
1587 792 1941 853 crediderant.
1980 802 2029 844 et
2056 794 2120 844 de

607 863 781 916 salute
829 862 1054 932 populi:
1093 864 1147 916 in
1197 878 1300 932 quo
1345 872 1606 916 narratur
1663 864 1826 916 etiam
1868 863 1931 916 de
1989 861 2117 928 ﬁliis

611 934 821 988 Scevw:
885 942 934 986 et
979 933 1117 1002 quod
1166 949 1271 986 non
1311 942 1555 1000 oporteat
1603 933 1672 986 ad
1705 933 2000 986 incredulos
2027 949 2118 985 ac-

610 1004 810 1062 cedere.
844 1019 1031 1073 eosque
1064 1005 1153 1073 qui
1186 1019 1242 1057 se
1287 1002 1631 1057 reddiderunt
1672 1003 1777 1071 ﬁde
1832 1003 2116 1073 indignos:

609 1077 734 1127 item
779 1074 844 1127 de
893 1072 1218 1143 confessione
1266 1073 1613 1144 credentium,
1646 1075 1889 1133 de.mota
1924 1072 2117 1144 Ephesi

608 1144 861 1267 seditioiw
915 1162 951 1199 a
996 1141 1270 1199 Demetrio
1323 1141 1475 1214 fabro
1519 1146 1822 1217 argentario
1866 1141 2116 1199 adversus

610 1223 795 1267 «uasto
822 1230 900 1267 os.
2114 1251 2116 1256 ι

610 1223 900 1283 apostolos.
2114 1250 2117 1257 ς

608 1369 753 1433 XIX,
792 1371 907 1426 1-5.
963 1392 980 1424 ι
1018 1372 1232 1429 Accidit
1282 1384 1465 1430 autem
1517 1390 1643 1430 cum
1699 1375 1924 1447 Apollas
1970 1382 2118 1429 esset

545 1483 562 1512 ι
602 1461 901 1527 Corinthi,
953 1472 1016 1519 ut
1064 1466 1268 1521 Paulus
1329 1467 1671 1538 peragratis,
1729 1466 2116 1538 superioribus

544 1574 560 1604 ι
601 1554 851 1625 partibus
874 1556 1091 1613 veniret
1114 1558 1413 1628 Ephesum,
1442 1568 1499 1614 et
1529 1559 1765 1629 repertis
1785 1559 2115 1630 quibusdam

543 1665 561 1697 ι
600 1647 885 1717 discipulis
918 1648 1059 1705 dixit
1099 1650 1167 1705 ad
1215 1667 1312 1708 eos
1348 1670 1360 1705 :
1392 1652 1535 1708 Num
1563 1651 1830 1723 Spiritum
1862 1662 2116 1707 sanetum

546 1760 562 1785 ε
600 1740 892 1812 accepistis
951 1750 1309 1814 posteaquam
1343 1744 1700 1800 credidistis?
1745 1747 1814 1800 At
1850 1744 1929 1800 illi
1968 1745 2116 1800 dixe-

543 1848 561 1879 ι
600 1839 727 1885 runt.
761 1831 828 1886 ad
855 1847 982 1888 eum
1009 1850 1024 1887 :
1049 1834 1165 1890 lmo
1206 1851 1387 1906 neque
1430 1836 1572 1892 sitne
1619 1836 1863 1907 Spiritus
1896 1849 2119 1893 sanctus

543 1941 560 1971 ο
599 1922 934 1980 audivimus.
990 1926 1059 1981 Et
1096 1926 1175 1982 ait
1213 1927 1281 1983 ad
1313 1928 1475 1986 illos:
1520 1928 1640 1995 Quo
1683 1944 1816 2001 ergo
1851 1919 2115 2000 baptizati

549 2034 566 2063 ι
608 2015 781 2070 estis?
833 2015 916 2070 Illi
949 2033 1081 2073 vero
1108 2017 1406 2076 dixerunt:
1448 2019 1678 2075 Joannis
1698 2019 2045 2090 baptismate.
2095 2041 2114 2073 ι

508 2132 523 2141 ο
608 2105 764 2162 Unde
786 2107 867 2174 hi,
904 2125 1031 2165 cum
1062 2111 1263 2180 Ephesi
1294 2111 1732 2184 habitarent“),
1761 2112 1989 2169 Joannis
2017 2114 2117 2170 ha-

535 2199 740 2256 bebant
754 2202 1058 2273 baptisma?
1074 2205 1345 2260 Fortassis
1358 2214 1523 2261 antea
1538 2205 1766 2276 profecti
1785 2217 1944 2261 erant
1961 2207 2119 2263 Jero-

534 2295 743 2366 solyma
776 2305 831 2351 et
855 2298 1124 2354 Joannem
1162 2306 1512 2355 accesserant
1551 2316 1615 2355 ac
1646 2300 1906 2371 baptizati
1938 2311 2116 2368 erant,

535 2404 714 2458 neque
770 2390 959 2446 Jesum
1020 2402 1333 2457 noverant,
1388 2393 1624 2465 ideoque
1670 2411 1779 2450 non
1829 2395 1965 2451 dicit
2016 2398 2117 2462 eis,

532 2479 772 2537 Creditis
802 2481 859 2536 in
886 2482 1072 2539 Jesum
1100 2485 1122 2538 ?
1151 2484 1270 2547 sed,
1298 2485 1442 2539 Num
1485 2485 1751 2556 Spiritum
1783 2486 2118 2557 accepistis?

537 2570 703 2640 idque
730 2587 855 2626 cum
890 2573 1064 2628 sciret
1097 2589 1196 2629 cos
1233 2572 1350 2629 non
1386 2573 1632 2629 habere:
1671 2575 1767 2630 sed
1807 2578 1926 2630 vult
1969 2576 2120 2646 ipsos

537 2667 641 2719 hoc
702 2665 909 2732 dicere,
965 2678 1029 2722 ut
1083 2668 1183 2722 ubi~
1234 2669 1595 2740 cognoverint
1626 2669 1827 2738 quibus
1869 2681 2115 2739 careant,

534 2761 723 2815 statim
760 2777 822 2816 ea
854 2771 1134 2833 expetant.

609 2851 770 2926 144
801 2854 943 2919 XIX,
997 2856 1117 2911 4-8.
1179 2876 1197 2907 ι
1246 2858 1591 2917 Dixitautem
1615 2859 2118 2917 PauluszJoannes

539 2966 556 2997 ι
593 2947 819 3017 quidem
880 2948 1181 3020 baptizavit
1211 2951 1483 3022 baptismo
1530 2953 1889 3024 poenitentiae,
1915 2956 2117 3025 populo

539 3060 559 3091 ι
600 3040 852 3109 loquens,
882 3049 941 3096 ut
967 3042 1023 3097 in
1051 3058 1201 3109 eum,
1225 3044 1320 3115 qui
1348 3053 1472 3115 post
1497 3046 1675 3115 ipsum
1704 3056 1971 3102 venturus
1995 3058 2118 3103 erat

541 3151 558 3180 ι
589 3131 905 3200 crederent,
937 3133 1045 3189 hoc
1071 3143 1158 3190 est
1184 3134 1249 3189 in.
1270 3136 1555 3192 Christum
1580 3137 1792 3194 Jesum.
1863 3140 1961 3194 llis
2011 3156 2114 3196 au-

503 3249 554 3301 ’t
607 3226 764 3293 ditis,
792 3227 1057 3299 baptizati
1117 3238 1249 3284 sunt
1304 3230 1359 3285 in
1410 3231 1635 3286 nomine
1689 3233 1906 3288 Domini
1956 3234 2112 3290 Jesu.

1625 515 2017 575 (ECUMENII
2053 515 2341 595 TlilCCJﬁ
2371 521 2713 585 EPISCOPI

3679 514 3768 580 243

2804 632 3052 687 ΚΕΦΑᾹ.
3093 630 3224 685 ΚΠ’.

2223 726 2801 797 Περὶβαίπτίσματος
2825 726 2921 781 καὶ
2950 723 3059 793 τῆς
3092 723 3200 778 τοῦ
3251 721 3775 797 άγῇουῃηγεὺματος

2293 790 2519 864 δωρεᾶς
2573 790 2856 866 δοθείσὴς
2892 798 2989 850 διὰ
3010 790 3377 866 ’προσευχῆς
3403 790 3644 866 Παύλου
3669 794 3772 860 τοῖς

2293 862 2382 942 ἐν’
2420 862 3104 942 Ἐφέσῳ-πιστεύσασι,
3142 865 3239 942 καί
3286 862 3418 942 {api
3448 862 3658 942 ίρσεως
3687 866 3774 942 τοῦ

2292 933 2635 993 λαοῦᾙἜκ
2665 933 2714 1007 ᾧ
2768 938 2902 1006 περὶ
2950 937 3071 990 τῶν
3121 935 3266 989 υἱῶν
3298 933 3661 1007 {navatam
3701 934 3776 1007 Bri

2290 1009 2360 1079 ού
2390 1008 2486 1061 δεῖ
2507 1002 2884 1079 προσᾷίωρεῗν
2922 1007 3205 1079 ἀπίστοις
3237 1002 3646 1079 καίμάναξίοις
3681 1004 3775 1073 τῆς

2292 1073 2956 1149 πίστεως⁷γενίὸιὶἐνοιςο
2992 1077 3093 1149 καί
3140 1075 3275 1149 {rapi
3303 1073 3773 1149 ἐξομολογήσεως
3850 1106 3856 1115 ι

2292 1147 2410 1202 τῶν
2446 1144 2881 1215 πιστευόἆ-των,
2918 1147 3049 1216 περὶ
3098 1145 3209 1212 τῆς
3247 1145 3319 1199 ἐν
3357 1144 3583 1216 Ἐφέσῳ
3631 1163 3778 1211 κινη-

2293 1220 2503 1287 θείσης
2548 1220 2824 1286 στάσεως
2859 1214 3349 1286 ὑπὸήΔημητρίου
3395 1214 3501 1269 τοῦ
3550 1214 3777 1286 ἀργυρο-

2292 1290 2485 1345 κόπου
2512 1291 2665 1345 κατὰ
2689 1288 2807 1344 τῶν
2836 1288 3221 1344 ἀποστόλων.

2299 1400 2318 1433 ι
2353 1380 2599 1450 Ἐγένετο
2624 1380 2681 1436 δὲ
2707 1382 2765 1435 ἐν
2781 1380 2860 1454 τῷ
2884 1379 2977 1434 τδν
3021 1376 3267 1433 Ἀπολλὼ
3290 1372 3432 1432 εἶναι
3452 1375 3510 1430 ἐν
3531 1374 3777 1447 Κορίνθῳ,

2230 1493 2247 1525 ι
2294 1471 2505 1528 Παῦλον
2544 1468 2819 1528 διελθόντα
2850 1472 2920 1527 τά
2959 1470 3265 1543 ἀνωτερικὰ
3319 1469 3482 1541 μέρη,
3526 1466 3690 1521 ἐλθεῖν
3716 1468 3780 1533 είς

2227 1583 2245 1616 ι
2297 1566 2554 1631 Ἔφεσον·
2590 1566 2686 1619 καὶ
2714 1563 2890 1637 εὑρών
2920 1581 3070 1627 τινας
3104 1560 3354 1634 μαθητάς
3393 1557 3518 1614 εἶπε
3548 1559 3681 1630 πρὸς
3698 1560 3780 1613 αὑ-

2229 1675 2247 1706 (
2292 1655 2440 1721 τούς·
2475 1658 2538 1711 Ei
2572 1656 2798 1727 Πνεῦμα
2827 1656 2980 1725 ἅγιον
3012 1654 3235 1709 ἐλάϐετε
3291 1651 3702 1718 πιστεύσαντεςς
3731 1653 3782 1706 Οί

2227 1766 2244 1799 ι
2287 1748 2342 1801 δὲ
2392 1743 2546 1802 εἷπον
2600 1750 2738 1821 πρὸς
2768 1750 2953 1804 αὐτόν*
2992 1748 3133 1802 Ἀλλ’
3158 1747 3280 1801 οὐδέ
3321 1747 3371 1800 εί
3401 1744 3623 1817 Πνεῦμα
3653 1747 3784 1814 ἅγιον

2227 1862 2243 1892 ι
2293 1842 2441 1897 ἔστιν
2487 1842 2826 1914 ἠκούσαμεν.
2876 1838 3012 1896 Εἶπέ
3062 1858 3122 1895 τε
3173 1841 3311 1914 πρὸς
3351 1838 3580 1904 αὐτούς·
3615 1839 3702 1902 Εἰς
3741 1837 3786 1892 τί

2227 1952 2246 1984 ι
2292 1929 2384 1987 οῦν
2432 1934 2836 2006 ἐδαπτίσθητε;
2869 1936 2932 1989 Οἱ
2990 1932 3046 1987 δὲ
3101 1929 3291 1985 εἶπον·
3326 1932 3421 1995 Εἰς
3465 1930 3529 1984 τδ
3565 1929 3784 1984 Ἰωάννου

2228 2046 2244 2076 ι
2293 2025 2595 2097 βάπτισμα.
2621 2046 2640 2079 ι

2286 2121 2704 2193 Ἒπιστάμενος
2732 2120 2894 2192 μόνον
2921 2119 2983 2174 τὸ
3013 2118 3298 2191 βάπτισμα
3327 2116 3600 2171 Ἰωάννου.
3627 2113 3785 2180 Ἄξιον

2223 2212 2457 2284 ζητῆσαι
2495 2212 2647 2279 πῶς,
2679 2213 2729 2265 εί
2758 2210 2819 2265 τὸ
2853 2210 3137 2283 βάπτισμα
3178 2208 3339 2282 μόνον
3381 2207 3629 2261 Ἰωάννου
3671 2203 3787 2275 ἠπί-

2222 2320 2409 2372 στατο,
2436 2302 2610 2366 οὕτως
2641 2301 2722 2375 τῷ
2746 2301 3020 2372 πνεύματι
3046 2298 3158 2364 ἐζει
3179 2312 3195 2328 ⁸
3220 2298 3279 2353 τὸ
3308 2297 3417 2368 γὰρ
3442 2295 3661 2367 πνεῦμα
3701 2295 3786 2377 οὐχ

2233 2396 2413 2459 οὕτως
2453 2393 2679 2449 ἐδίδοτο.
2706 2394 2817 2448 Καὶ
2840 2395 2889 2447 εί
2915 2394 2964 2447 oi
2994 2391 3133 2465 μετά
3166 2390 3357 2445 τοῦτον
3386 2388 3683 2459 ἐδεήθησαν
3709 2384 3788 2439 τοῦ

2221 2488 2599 2560 βαπτίσματος
2649 2486 2742 2541 τοῦ
2789 2484 3051 2558 Χριστοῦ,
3084 2482 3265 2555 πολλῷ
3294 2481 3499 2555 μᾶλλον
3539 2481 3631 2536 καὶ
3655 2475 3788 2543 οὗτος

2218 2582 2416 2654 ἐδεήθη
2441 2583 2526 2637 ἄν.
2555 2581 2621 2635 Τί
2649 2574 2741 2635 οὖν
2767 2579 2913 2634 ἐστιν
2950 2580 3161 2646 είπεῖν;
3192 2577 3313 2631 οὐδὲ
3343 2576 3451 2647 γὰρ
3493 2574 3678 2638 ἁπλῶς
3708 2575 3789 2642 ἐφο

2219 2675 2317 2744 ξῆς
2353 2673 2550 2744 ἔθηκεν
2585 2674 2893 2744 ἀμφότερα.
2924 2672 3082 2745 Δοκεῖ
3107 2659 3300 2724 ’τοίνυν
3339 2660 3674 2733 οῦτοςέἷναι
3697 2665 3790 2720 τῶν

2220 2765 2416 2820 ἑκατὸν
2429 2765 2625 2832 εἴκοσι,
2642 2766 2750 2819 τῶν
2767 2765 2906 2837 μετὰ
2924 2763 3032 2818 τῶν
3052 2762 3366 2817 ἀποστόλων
3380 2761 3786 2833 βαπτισθέντων.

2298 2880 2317 2929 ι
2351 2855 2489 2914 Εἷπε
2521 2860 2577 2913 δὲ
2600 2859 2815 2922 Παῦλος
2840 2874 2852 2888 ·
2900 2858 3154 2929 Ἰωάννης
3185 2856 3285 2926 μὲν
3312 2855 3577 2910 ἐϐάπτισε
3620 2854 3791 2926 βάπτιο

2224 2972 2242 3004 ι
2293 2927 2408 3023 σμα
2441 2951 2753 3020 μετανοίας,
2786 2951 2866 3021 τῷ
2897 2950 3013 3021 λαῷ
3040 2927 3248 3020 λέγων,
3287 2950 3367 3013 είς
3395 2947 3489 3002 τὸν
3516 2946 3789 3018 ἐρχόμενον

2223 3069 2240 3098 ι
2294 3045 2412 3116 μετ’
2443 3045 2609 3099 αὐτὸν
2631 3044 2720 3097 ἴνα
2752 3042 3108 3110 πιστεύσωσι,
3139 3042 3418 3096 τουτέστιν
3439 3043 3523 3107 εἰς
3558 3040 3646 3094 τὸν
3674 3041 3789 3112 Χρι-

2224 3158 2242 3191 σ
2285 3140 2407 3193 στὶν
2448 3138 2692 3209 Ἰησοῦν..
2710 3136 3066 3202 Ἀκούσαντες
3093 3136 3150 3190 δὲ
3180 3134 3592 3204 ἐϐαπτίσθησαν
3615 3135 3691 3198 είς
3726 3133 3777 3186 τὸ
3804 3176 3807 3181 λ

2225 3254 2242 3287 ι
2286 3235 2457 3305 ὄνομα
2498 3232 2594 3287 τοῦ
2641 3233 2846 3303 Κυρίου
2892 3230 3090 3303 Ἰησοῦ.
3139 3231 3252 3286 Ka‘t
3285 3230 3576 3295 ἐπιθέντος
3621 3229 3787 3291 αὐτοῖς

536 3339 557 3369 ι
594 3319 845 3390 Cumque
894 3321 1249 3393 imposuisset
1284 3325 1395 3381 illis
1450 3342 1647 3382 manus
1696 3328 1920 3393 Paulus,
1961 3329 2111 3384 venit

2224 3347 2241 3377 ι
2284 3326 2376 3381 τοῦ
2429 3325 2644 3380 Παύλου
2694 3325 2794 3388 τὰς
2844 3326 3066 3397 χεῖρας,
3126 3320 3259 3396 ἦλθε
3330 3322 3391 3377 τὸ
3457 3322 3683 3394 Πνεῦμα
3736 3317 3791 3373 τὺ

537 3432 555 3462 ο
589 3408 832 3484 Spiritus
879 3424 1105 3473 sanctus
1155 3432 1321 3488 super
1353 3434 1473 3484 eos,
1518 3429 1576 3475 et
1603 3421 1976 3491 loquebantur
2002 3420 2113 3477 lin-

537 3528 555 3556 ι
596 3508 719 3577 guis
777 3522 844 3564 ac
898 3510 1323 3580 prephetabant.
1366 3513 1539 3569 Erant
1569 3522 1752 3569 autem
1781 3530 1975 3570 omnes
2005 3515 2111 3569 viri

537 3618 553 3646 ι
599 3592 717 3652 fere
773 3598 1089 3654 duodecim.
1168 3601 1455 3672 Ingressus
1526 3612 1712 3658 autem
1782 3620 2111 3677 synagogam

536 3710 554 3740 ι
593 3691 767 3746 libere
814 3691 1168 3762 loquebatur,
1209 3695 1276 3750 ad
1317 3704 1429 3752 tres
1474 3711 1694 3753 menses
1741 3689 2030 3768 disputans
2058 3708 2113 3753 et

501 3840 506 3846 ε
535 3803 552 3833 ι
591 3784 840 3839 suadens
861 3784 929 3840 de
961 3800 1132 3856 regno
1160 3786 1279 3843 Dei.
1309 3804 1331 3843 ι

600 3879 647 3930 Α
678 3877 908 3933 Joannis
925 3878 1258 3949 baptismate
1282 3879 1633 3949 vaticinatur,
1663 3897 1870 3953 eosque
1902 3883 2113 3939 inducit

530 3969 727 4024 dicens
766 3970 913 4040 quod
947 3969 1054 4026 hoc
1083 3971 1250 4026 vellet
1290 3972 1521 4029 Joannis
1563 3973 1858 4044 baptisma.
1900 3975 2111 4031 Deinde

528 4061 844 4117 ostenditur
871 4063 1024 4134 parvi
1054 4064 1321 4119 momenti
1350 4064 1523 4121 fuisse
1551 4065 1823 4137 baptisma
1858 4066 2108 4123 Joannis.

526 4154 718 4225 Neque
752 4156 900 4212 enim
938 4156 1078 4212 dixit
1100 4158 1443 4222 remissionis
1479 4158 1671 4225 fuisse,
1709 4159 1806 4215 sed
1837 4160 2113 4231 paeniten-

527 4247 636 4303 tim.
676 4247 1033 4304 Postmodum
1069 4249 1374 4320 baptizatos
1402 4263 1499 4306 eos
1521 4250 1578 4304 in
1610 4250 1835 4307 nomine
1868 4250 2109 4314 Domini.

525 4338 662 4394 dicit
693 4340 797 4395 sub
826 4340 1084 4396 manibus
1113 4341 1270 4396 Pauli
1300 4340 1569 4411 Spiritum
1615 4342 1801 4397 statim
1838 4342 2109 4412 accipere.

524 4433 689 4488 Hunc
738 4440 925 4488 autem
961 4449 1071 4488 non
1130 4432 1433 4498 videbant,
1485 4448 1614 4488 nam
1660 4432 1958 4489 invisibilis
2000 4442 2106 4500 est,

526 4523 790 4579 sensibile
823 4531 1008 4578 tamen
1045 4523 1194 4577 illius
1223 4522 1480 4579 efﬁcacia:
1521 4530 1908 4593 argumentum
1945 4522 2110 4577 dabat

524 4618 722 4688 gratia.
754 4618 829 4672 Et
850 4632 993 4673 unus
1020 4616 1244 4687 quidem
1288 4616 1584 4672 Persarum
1624 4615 1812 4688 lingua
1857 4614 2109 4685 protinus

2223 3441 2240 3473 ι
2285 3421 2440 3489 ἆγιον
2470 3419 2557 3473 ἐπ’
2588 3419 2806 3484 αὐτοὺς,
2843 3417 3072 3472 ἐλάλουν
3100 3433 3160 3470 τε
3185 3412 3509 3487 γλώσσαις(
3538 3415 3634 3469 καὶ
3668 3430 3788 3485 προ·

2222 3528 2239 3559 ι
2289 3510 2573 3578 εφήτευον.
2602 3503 2782 3562 ’Ἦσαν
2804 3506 2863 3560 δέ
2902 3507 2951 3560 oi
2989 3507 3190 3571 πάντες
3244 3505 3436 3577 ἄνδρες
3491 3504 3630 3559 ὡσεὶ
3673 3505 3787 3558 δέκα

2224 3624 2241 3651 c
2288 3601 2403 3658 δύο.
2441 3598 2713 3654 Εἰσελθὼν
2734 3599 2791 3654 δέ
2822 3601 2901 3663 είς
2934 3600 3035 3670 τὴν
3071 3598 3419 3670 συναγωγὴν,
3463 3596 3787 3672 ἐπαρρησιά-

2224 3712 2242 3744 ι
2290 3693 2433 3758 ζετο,
2464 3693 2559 3745 ἐπὶ
2611 3692 2787 3763 μῆνας
2839 3693 2987 3762 τρεῖς
3035 3690 3417 3759 διαλεγόμενος
3461 3690 3561 3745 καὶ
3602 3689 3788 3743 πείθων

2225 3804 2241 3836 ι
2288 3783 2356 3839 τά
2382 3783 2512 3855 περὶ
2539 3786 2639 3855 τῆς
2673 3782 2956 3854 βασιλείας
2987 3781 3083 3836 τοῦ
3109 3780 3268 3838 Θεοῦ.
3311 3801 3331 3834 ι

2300 3876 2435 3931 ’Δπδ
2470 3875 2565 3930 τοῦ
2596 3876 2973 3949 βαπτίσματος
3026 3875 3275 3929 Ἰωάννου
3318 3882 3674 3946 προφητευει,
3702 3873 3787 3927 καὶ

2215 3970 2401 4040 ἐνάγει
2424 3970 2620 4034 αὐτοὺς
2635 3970 2717 4023 ὅτι
2739 3969 2897 4023 τοῦτο
2922 3968 3171 4039 βούλεται
3199 3967 3259 4022 τὸ
3292 3968 3584 4039 βάπτισμα
3617 3966 3783 4020 Ἰωάν⁶

2216 4082 2331 4120 νου.
2379 4062 2660 4119 Ἐντεῦθεν
2688 4062 2745 4116 δὲ
2775 4062 3049 4116 δείκνυται
3076 4063 3160 4116 ὅτι
3194 4060 3387 4125 ἀτελὲς
3414 4056 3484 4131 ἦν
3512 4061 3576 4114 τὸ
3600 4061 3785 4133 βάπτι-

2217 4174 2331 4229 σμα
2369 4156 2637 4212 Ἰωάννου.
2672 4155 2749 4210 Ού
2785 4154 2896 4227 γὰρ
2924 4150 3077 4209 εἶπεν
3125 4153 3395 4223 ἀφέσεως,
3438 4153 3579 4207 ἀλλὰ
3628 4169 3785 4224 μετα-

2216 4249 2366 4313 νοίας
2387 4244 2549 4307 εἶναι.
2587 4243 2721 4303 Εἶτα
2748 4247 3147 4318 βαπτισθέντας
3193 4247 3395 4310 αὐτοὺς
3416 4246 3498 4310 είς
3532 4246 3593 4299 τὺ
3627 4246 3787 4315 ὄνομα

2213 4341 2309 4396 τοῦ
2340 4342 2566 4412 Κυρίου,
2600 4342 2767 4412 φησὶν
2804 4339 2910 4395 ὑπὸ
2957 4340 3067 4393 τῶν
3112 4338 3315 4411 χειρῶν
3345 4337 3564 4392 Παύλου
3596 4335 3787 4397 εὐθέως

2218 4434 2282 4489 τὸ
2317 4433 2544 4505 Πνεῦμα
2580 4428 3091 4503 λαμϐάνειν.Τοῦτο
3120 4430 3178 4484 δέ
3208 4432 3307 4501 οὐχ
3329 4430 3550 4499 ἐώρων⁹’
3571 4430 3789 4502 ἀόρατον

2213 4528 2325 4600 γάρ
2356 4526 2805 4597 ἐστιν.Αἰσθητὸν
2835 4526 2891 4579 δὲ
2924 4526 3072 4595 ὅμως
3098 4524 3224 4579 τινὰ
3248 4523 3469 4594 ἔλεγχον
3498 4523 3671 4579 ἐδίδου
3697 4519 3788 4588 τῆς

2178 4637 2185 4643 '
2212 4617 2493 4689 ἐνεργείας
2526 4617 2740 4688 ἐκείνης
2769 4617 2805 4687 ἡ
2834 4616 3014 4686 χάρις.
3061 4614 3172 4669 Καὶ
3200 4617 3228 4669 ὁ
3257 4614 3356 4684 μὲν
3381 4617 3446 4685 τῇ
3486 4613 3734 4685 Περσῶν,
3765 4612 3790 4663 ὁ

523 4711 876 4781 loquebatur,
919 4709 1057 4765 alter
1081 4717 1265 4765 autem
1305 4709 1701 4773 Romanorum,
1738 4709 1935 4771 tertius
1971 4723 2104 4762 vero

2223 4711 2266 4765 δὲ
2290 4713 2355 4781 τῇ
2395 4710 2705 4781 Ῥωμαίων,
2732 4709 2762 4761 ὁ
2790 4708 2846 4763 δέ
2870 4710 2939 4780 τῇ
2976 4706 3174 4775 Ἰνδῶν,
3204 4710 3231 4761 ὁ
3255 4707 3313 4761 δὲ
3350 4707 3515 4779 ἑτέρα
3538 4706 3645 4759 τινὶ
3675 4722 3785 4758 τοι-

523 4805 806 4867 lndorum.
856 4815 912 4861 et
959 4805 1105 4859 alius
1152 4803 1409 4858 similiter
1454 4802 1560 4857 alia
1603 4802 1879 4872 quadam:
1935 4800 2103 4871 idque

2223 4803 2353 4877 κύτῃ
2380 4803 2582 4868 εὐθέως
2604 4802 2906 4872 ἐφθέγγετο
2933 4801 3180 4874 γλώσσῃ.
3212 4803 3321 4856 Καὶ
3342 4800 3507 4854 τοῦτο
3529 4801 3790 4871 ἐφανέρου

521 4898 764 4953 externis
792 4895 1113 4968 propalabat
1134 4894 1401 4964 Spiritum
1430 4894 1487 4949 in
1527 4909 1593 4948 eo
1616 4909 1760 4958 esse,
1792 4893 1884 4963 qui
1908 4893 2103 4963 loque~

2223 4900 2323 4961 τοῖς
2355 4896 2578 4965 ἔξωθεν,
2615 4897 2697 4951 ὅτι
2725 4897 2787 4950 τὸ
2820 4894 3050 4966 Πνεῦμά
3080 4896 3227 4949 ἐστιν
3256 4895 3314 4947 ἐν
3345 4893 3495 4964 αὐτῷ
3521 4893 3601 4963 τῷ
3632 4891 3788 4962 φθεγ-

522 4995 731 5045 batur:.
773 4990 1100 5046 ostendente
1143 4990 1267 5044 Deo
1297 4987 1445 5059 quod
1476 4986 1715 5058 Spiritus
1745 4984 1977 5042 haberet
2011 4985 2102 5041 hic

2223 4991 2449 5062 γομένῳ,
2477 4989 2691 5051 δεικνὺς
2719 4990 2748 5043 ὁ
2794 4987 2928 5053 Θεὸς
2955 4987 3040 5041 ὅτι
3072 4986 3228 5040 τοῦτό
3271 4986 3387 5040 ἐστι
3416 4987 3515 5056 τῆς
3544 4985 3789 5052 ἐξουσίας

521 5086 772 5140 intimam
804 5091 1158 5153 potestatem.
1474 5129 1491 5143 ,

2223 5085 2309 5152 τῆς
2345 5081 2628 5141 ἀνωτάτω.

588 5177 921 5237 Χ1Χ.,9.10.
962 5196 981 5229 ι
1015 5176 1156 5232 Cum
1197 5186 1380 5232 autem
1432 5175 1652 5247 quidam
1700 5173 2098 5230 indurarentur

2286 5193 2309 5227 r
2358 5173 2446 5237 Ὠς
2483 5173 2541 5227 δέ
2568 5188 2711 5237 τινες
2741 5172 3136 5245 ἐσκληρύνοντο
3170 5169 3265 5224 καὶ
3298 5170 3559 5240 ἠπείθουν
3578 5211 3594 5237 ,
3624 5186 3787 5224 κακο-

524 5293 541 5322 ιι
574 5286 676 5326 uec
732 5268 1045 5332 crederent,
1080 5268 1475 5325 maledicentes
1515 5268 1619 5323 vim
1652 5264 1871 5323 Domini
1911 5280 2097 5321 coram

523 5387 538 5415 ι
570 5363 947 5431 multitudine,
968 5363 1247 5434 digressus
1275 5362 1345 5416 ab
1376 5362 1485 5416 illis
1516 5360 1825 5432 segregavit
1850 5359 2097 5429 discipu-

522 5479 538 5509 ι
570 5458 675 5523 los,
697 5456 945 5528 quotidie
962 5455 1252 5525 disputans
1268 5454 1324 5509 in
1341 5453 1531 5511 schola
1543 5452 1826 5525 cujusdam
1854 5451 2091 5525 tyranni.

518 5572 536 5600 ι
575 5551 757 5620 idque“
781 5550 991 5605 factum
1025 5558 1112 5603 est
1146 5563 1242 5618 per
1291 5547 1620 5603 biennium:
1672 5546 1749 5601 ita
1794 5554 1857 5600 ut
1902 5560 2095 5599 omnes

518 5668 534 5693 ο
574 5643 667 5713 qui
704 5642 1031 5698 habitabant
1064 5642 1117 5696 in
1172 5641 1298 5695 Asia
1348 5640 1606 5696 audirent
1656 5654 1969 5695 sermonem
2026 5638 2094 5692 de

517 5757 536 5785 ι
576 5736 807 5791 Domino
828 5736 978 5800 Jesu,
1000 5735 1176 5791 Judaei
1195 5736 1355 5789 simul
1381 5735 1665 5791 etGraeci..
1690 5754 1707 5784 ο

587 5845 604 5876 ι
641 5825 1032 5882 Malediccntes
1074 5828 1193 5881 viae.
1223 5845 1239 5878 ι
1294 5827 1447 5881 Viam
1493 5826 1628 5881 dicit
1660 5826 1943 5882 Christum
1996 5832 2093 5878 aut

2214 5290 2234 5324 ι
2278 5266 2563 5339 λογοῦντες
2594 5267 2693 5340 τὴν
2725 5266 2841 5320 ὁδὸν
2871 5266 3102 5321 ἐνώπιον
3127 5263 3221 5317 τοῦ
3260 5263 3519 5335 πλήθους,
3547 5263 3789 5324 ἀποστὰς

2213 5380 2232 5413 ι
2279 5360 2373 5415 ἀπ’
2413 5358 2614 5425 αὐτῶν,
2648 5358 2894 5429 ἀφώρισε
2932 5358 3060 5421 τοὺς
3105 5353 3377 5426 μαθητὰς,
3418 5348 3541 5408 καθ’
3580 5355 3790 5427 ἡμέραν

2214 5477 2231 5509 ι
2278 5453 2657 5524 διαλεγόμενος
2699 5454 2757 5505 ἐν
2783 5454 2848 5524 τῇ
2892 5452 3055 5522 σχολῇ
3103 5449 3371 5519 τυράννου
3415 5449 3581 5513 τινός.
3620 5448 3788 5502 Τοῦτο

2213 5570 2229 5603 ι
2271 5550 2329 5604 δὲ
2370 5548 2587 5616 ἐγένετο
2612 5546 2706 5599 ἐπὶ
2735 5545 2847 5616 ἔτη,
2871 5545 2995 5599 δύο·
3017 5526 3163 5599 ὥστε
3195 5546 3402 5609 πάντας
3434 5543 3562 5607 τοὺς
3608 5559 3787 5596 κατοι-

2211 5664 2228 5696 ι
2272 5643 2503 5706 κοῦντας
2528 5640 2622 5712 τὴν
2664 5639 2870 5703 Ἀσίαν,
2902 5640 3137 5695 ἀκοῦσαι
3164 5642 3256 5696 τὸν
3276 5642 3434 5710 λόγον
3456 5637 3547 5691 τοῦ
3580 5637 3786 5709 Κυρίου

2210 5758 2227 5790 ι
2271 5734 2470 5805 Ἰησοῦ,
2515 5732 2798 5795 Ἰουδαίους
2823 5749 2882 5785 τε
2918 5735 3011 5787 καὶ
3045 5735 3334 5805 Ἕλληνας.
3380 5753 3397 5783 ι
3712 5782 3715 5785 λ

2279 5832 2303 5875 ι’
2338 5820 2780 5890 Κακολογοῦντες
2822 5821 2922 5893 τὴν
2967 5824 3105 5877 ὁδόν.
3149 5844 3168 5877 ι
3212 5826 3282 5878 Ἢ
3320 5823 3439 5877 ὁδὸν
3497 5820 3650 5890 λέγει
3698 5818 3789 5871 τὸν

572 5965 644 6025 (ι)
675 5966 814 6015 Unde
836 5970 941 6014 ham:
965 5964 1190 6014 habuerit
1220 5963 1520 6015 lleintenius
1545 5965 1798 6026 interpres
1841 5977 1937 6014 non
1965 5962 2205 6012 videmus.
2233 5959 2399 6009 Graeca
2429 5972 2453 6006 ρ
2488 5954 2695 6019 regione
2725 5952 2882 6016 posita
2931 5969 3029 6005 non
3056 5956 3358 6018 respondent
3392 5959 3445 6007 et
3467 5954 3567 6018 jam
3608 5952 3797 6017 pagina

515 6027 762 6094 superiori
788 6032 1043 6081 lcuuutur.
1072 6028 1209 6079 Eutr.
