4024 6588
365 474 480 573 2m

1343 472 1726 536 COMMENT.
1775 475 1859 537 IN
1914 475 2103 559 ACTA
2144 436 2722 539 APOSTOLORUM.

3520 474 3628 539 250

361 567 627 656 Χριστὸν,
656 582 691 656 ἢ
721 583 819 656 τὴν
845 583 1028 638 πίστιν
1062 582 1159 657 τὴν
1194 583 1386 656 ἀληθῆ.
1411 585 1558 657 Αὕτη
1593 586 1700 658 γάρ
1731 588 1878 640 ἐστιν
1910 556 1955 654 ἡ*

2066 586 2209 641 idem
2241 604 2425 641 veram
2462 606 2476 640 τ
2527 603 2654 641 nam
2690 587 2805 642 haec
2835 585 2919 641 via
2963 593 3070 648 est.
3123 601 3246 657 quae
3297 583 3522 641 deducit
3562 586 3632 642 ad

364 678 488 739 ὁδὸς
516 678 550 748 ἡ
594 677 883 746 ἀπάγουσα
934 679 1014 743 είς
1059 677 1156 749 τὴν
1208 678 1487 752 βασιλείαν
1526 679 1635 732 τῶν
1680 680 1944 752 οὐρανῶν.

382 768 667 822 Ἐντεῦθεν
696 768 754 823 δὲ
791 768 1037 823 διδάσκει
1071 770 1242 840 ἡμᾶς,
1285 771 1392 823 ἀπὸ
1419 772 1527 825 τῶν
1564 772 1949 843 βλασφημούν-

366 877 482 914 των
516 860 607 915 τον
636 860 765 914 Υίδν
806 861 902 915 τοῦ
941 861 1075 915 Θεοῦ
1123 862 1454 933 χωρίζεσθαι
1511 864 1639 929 τοὺς
1679 867 1759 930 εἰς
1787 865 1951 921 αὐτὸν

371 968 754 1017 πιστευοντας.

448 1065 468 1097 ‹
498 1046 769 1117 Δυνάμεις
795 1064 856 1099 τε
884 1047 945 1100 ού
978 1047 1076 1120 τὰς
1113 1049 1381 1118 τυχούσας
1411 1049 1584 1104 ἐποίει
1606 1051 1636 1104 6
1680 1051 1812 1117 Θεὸς
1862 1052 1953 1107 διὰ

378 1156 398 1189 ι
444 1137 555 1191 τῶν
577 1139 777 1210 χειρῶν
795 1140 1029 1194 Παύλου·
1049 1140 1190 1195 ὥστε
1208 1143 1302 1196 καὶ
1319 1142 1411 1196 ἐπὶ
1440 1144 1567 1208 τοὺς
1591 1144 1952 1210 ἀσθενοῦντας

380 1250 398 1281 ι
446 1231 811 1303 ἐπιφέρεσθαι
836 1234 943 1286 ἀπὸ
970 1234 1067 1288 τοῦ
1086 1235 1295 1305 χρωτὸς
1312 1237 1478 1289 αὑτοῦ
1503 1237 1782 1309 σουδάρια,
1806 1238 1839 1309 ἢ
1867 1255 1952 1291 σι-

379 1343 397 1373 c
447 1324 716 1394 μικίνθια,
740 1326 833 1380 καὶ
852 1326 1297 1383 ἀπαλλάσσεσθαι
1315 1332 1409 1383 ἀπ’
1430 1331 1609 1391 αὐτῶν
1629 1333 1724 1393 τὰς
1742 1333 1951 1398 νόσους,

379 1434 398 1465 ι
454 1415 599 1469 τάτε
623 1416 911 1488 πνεύματα
928 1418 999 1473 τὰ
1016 1422 1229 1491 πονηρὰ
1245 1423 1564 1494 ἐξέρχεσθαι
1584 1424 1677 1478 ἀπ’
1701 1425 1900 1479 αὐτῶν.
1929 1445 1948 1477 ι

450 1526 471 1558 ι
503 1507 768 1580 Σουδάρια
798 1511 891 1564 καὶ
936 1512 1259 1583 σιμικίνθια.
1316 1533 1338 1566 ι
1371 1515 1685 1588 Ἀμφότερα
1743 1494 1958 1587 νομίζω

370 1599 608 1672 λινοειὸἦ
647 1596 787 1657 εῖναι
807 1618 823 1635 ⁸
851 1603 990 1676 πλὴν
1006 1607 1073 1660 τὰ
1110 1609 1209 1677 μὲν
1242 1608 1501 1680 σουδάρια
1527 1610 1621 1663 ἐπὶ
1654 1613 1753 1682 τῆς
1783 1628 1955 1680 κεφα-

370 1690 475 1762 λῆς
510 1695 882 1762 ἐπιϐάλλεται,
910 1698 978 1752 τὰ
1004 1698 1060 1751 δὲ
1090 1700 1393 1769 σιμικίνθια
1422 1702 1479 1755 ἐν
1496 1703 1611 1766 ταῖς
1638 1702 1794 1773 χερσὶ
1821 1720 1969 1767 κατ--

372 1791 599 1854 έχουσιν
634 1788 683 1840 οί
716 1787 791 1860 μὴ
840 1789 1130 1861 δυνάμενοι
1168 1792 1381 1864 ώράρια
1415 1793 1665 1863 φορέσαι,
1688 1788 1791 1847 οἷοί
1816 1797 1954 1849 εἰσιν

368 1877 419 1928 οἱ
446 1875 744 1948 φοροῦντες
772 1880 1044 1945 ὑπατικὰς
1075 1883 1265 1947 στολὰς
1291 1884 1323 1955 ἢ
1356 1884 1549 1952 γουϐία
1572 1886 1707 1955 πρὸς
1731 1886 1789 1940 τὸ
1822 1888 1956 1940 ἀπο·

2055 697 2284 751 regnum
2313 682 2600 735 crelorum.
2639 680 2779 734 Ilinc
2800 687 2981 733 autem
3008 677 3171 733 docet
3192 692 3311 740 nos,
3350 682 3410 731 ut
3446 676 3516 731 ab
3542 676 3631 743 iis,

2051 774 2144 844 qui
2180 772 2428 828 convicia
2456 775 2664 841 jactant
2697 773 2751 827 in
2774 772 2973 826 Filium
2994 770 3130 843 1ῡεί,
3185 781 3511 842 separentur
3536 771 3632 842 qui

2052 866 2108 921 in
2136 881 2263 920 eum
2300 866 2554 922 credunt.

2122 1043 2266 1110 XIX,
2298 1046 2383 1110 ll,
2432 1046 2517 1100 12.
2560 1063 2579 1097 ι
2614 1047 2973 1115 Virtutesque
3012 1059 3120 1099 non
3153 1045 3408 1115 vulgares
3434 1041 3635 1098 edebat

2060 1159 2077 1190 ι
2114 1139 2261 1193 Deus
2293 1154 2391 1209 per
2416 1154 2612 1194 manus
2634 1138 2828 1193 Pauli:
2877 1138 2951 1192 ita
2995 1148 3054 1192 ut
3095 1137 3262 1193 etiam
3290 1152 3457 1207 super
3482 1135 3637 1191 inﬁr-

2060 1252 2078 1285 ι
2110 1248 2227 1288 mos
2256 1232 2608 1289 deferrentur
2631 1248 2661 1287 a
2693 1247 2928 1301 corpore
2960 1232 3082 1303 ejus
3107 1231 3330 1285 sudaria
3372 1237 3429 1286 et
3472 1228 3636 1295 semi-

2061 1344 2079 1377 ι
2117 1326 2340 1393 cinctia,
2358 1338 2414 1381 et
2434 1327 2696 1383 cederent
2720 1326 2876 1398 145
2899 1326 2967 1380 ab
2982 1325 3064 1381 eis
3076 1325 3279 1391 morbi,
3296 1324 3637 1397 spiritusque

2061 1437 2078 1469 ι
2118 1420 2268 1489 pravi
2294 1419 2700 1489 egrederentur
2734 1420 2802 1474 ab
2831 1419 2933 1474 eis.
2969 1439 2988 1471 ι
3150 1418 3163 1430 ⁸
3396 1418 3399 1419 ⁷

2135 1533 2153 1565 ‹
2191 1512 2424 1568 Sudaria
2480 1522 2536 1568 et
2598 1511 2964 1567 semicinctia.
2999 1529 3017 1562 ι
3080 1511 3324 1581 Utraque
3379 1511 3637 1566 existimo

2054 1605 2183 1660 linei
2210 1604 2427 1677 generis
2454 1603 2658 1659 fuisse:
2688 1613 2928 1658 attamen
2964 1602 3187 1659 sudaria
3221 1602 3443 1673 quidem
3471 1618 3637 1672 super

2056 1706 2220 1768 caput
2275 1697 2618 1762 tenduntur,
2670 1696 3016 1751 semicinctia
3069 1710 3203 1773 vero
3263 1695 3321 1748 in
3382 1693 3639 1749 manibus

2059 1798 2246 1846 tenent
2282 1790 2376 1860 qui
2400 1788 2618 1844 horaria
2648 1798 2863 1860 gestare
2886 1804 2996 1843 non
3019 1796 3272 1858 possunt,
3295 1786 3470 1841 veluti
3507 1795 3638 1840 sunt

2057 1884 2152 1954 qui
2179 1885 2498 1940 consulares
2533 1891 2749 1952 gestant
2794 1883 2959 1939 stolas
2988 1890 3084 1937 aut
3114 1881 3277 1951 gubia
3315 1880 3384 1934 ad
3423 1880 3639 1935 abster-

375 1970 679 2038 μάττεσθαι
707 1973 807 2038 τὰς
835 1975 1138 2045 ὑγρότητας
1163 1976 1257 2029 τοῦ
1284 1977 1597 2049 προσώπου,
1621 1973 1754 2046 οἷον,
1796 1978 1955 2049 ἱδρῶ-

2066 1976 2268 2047 gendos
2292 1993 2324 2032 ιι
2353 1976 2492 2032 facie
2523 1976 2806 2044 humores,
2856 1989 3052 2045 nempe
3090 1974 3344 2037 sudores,
3380 1971 3636 2035 salivam,

370 2079 497 2132 τας,
528 2060 779 2134 πτύελον,
819 2068 1071 2139 δάκρυον,
1104 2071 1200 2123 καὶ
1231 2071 1300 2125 τὰ
1332 2073 1510 2142 ὅμοια.

455 2175 476 2208 ε
523 2158 925 2233 Ἐπεχείρησαν·
952 2161 1009 2214 δέ
1034 2178 1180 2225 τινες
1231 2162 1339 2217 ἀπὸ
1372 2162 1481 2217 τῶν
1513 2163 1953 2236 περιερχομένων

377 2267 395 2299 ι
435 2248 710 2303 Ἰουδαίων
744 2251 1098 2323 ἐξορκιστῶν,
1127 2252 1415 2323 ὀνομάζειν
1454 2253 1547 2307 ἐπὶ
1578 2255 1706 2319 τοὺς
1732 2254 1954 2325 ἔχοντας

376 2356 397 2388 ι
440 2337 511 2390 τὰ
534 2338 822 2410 πνεύματα
846 2340 913 2395 τά
940 2342 1171 2413 πονηρὰ,
1200 2343 1261 2397 τὸ
1280 2344 1449 2414 ὄνομα
1477 2345 1572 2398 τοῦ
1606 2346 1812 2417 Κυρίου
1848 2347 1953 2417 ’1η-

376 2446 398 2480 ι
442 2428 565 2492 σοῦ,
599 2429 874 2499 λέγοντες·
913 2432 1234 2505 Ὀρκίζομεν
1257 2435 1400 2504 ὑμᾶς
1457 2437 1549 2490 τὸν
1580 2436 1806 2508 Ἰησοῦν,
1837 2438 1895 2490 ὃν
1924 2436 1952 2488 6

376 2539 394 2568 ι
436 2518 652 2584 Παῦλος
682 2522 965 2593 κηρύσσει.
988 2520 1171 2580 Ἦσαν
1194 2527 1251 2579 δέ
1284 2545 1427 2592 τινες
1475 2530 1582 2583 υἱοὶ
1608 2532 1789 2586 Σκευᾶ
1817 2532 1947 2585 Ἰου-

375 2632 396 2662 ι
443 2614 599 2668 δαίου
622 2617 924 2690 ἀρχιερέως
953 2622 1112 2688 ἐπτά,
1150 2623 1200 2675 οἱ
1248 2622 1406 2677 τοῦτο
1445 2626 1744 2685 ποιοῦντες.
1797 2627 1956 2680 Ἀπο-

336 2724 393 2783 εσ
437 2708 629 2777 κριθὲν
655 2710 711 2763 δέ
744 2710 805 2765 τὸ
830 2713 1051 2785 πνεῦμα
1092 2716 1154 2770 τὸ
1213 2716 1465 2787 πονηρὸν,
1500 2713 1657 2770 εἴπε’
1692 2719 1794 2772 Τὸν
1844 2722 1953 2789 Ἰη-

368 2815 391 2848 e
440 2797 571 2852 σοῦν
601 2799 873 2868 γινώσκω,
901 2803 994 2856 καὶ
1015 2803 1108 2857 τὸν
1159 2805 1369 2858 Παῦλον
1413 2807 1733 2877 ἐπίσταμαι,
1794 2808 1954 2875 ὑμεῖς

369 2907 392 2937 ι
438 2888 497 2942 δέ
518 2890 663 2956 τίνες
686 2893 845 2960 ἐστέ;
879 2895 985 2948 Καὶ
1031 2896 1392 2966 ἐφαλλόμενος
1425 2898 1513 2952 ἐπ’
1574 2901 1771 2964 αὐτοὺς
1806 2902 1834 2953 6
1862 2901 1954 2955 ἄν·

370 2999 393 3031 ‹
435 2981 656 3051 θρωπος
680 2986 737 3037 ἐν
761 2977 805 3052 ᾧ
829 2981 897 3056 ἦν
919 2987 977 3040 τὸ
998 2986 1219 3059 πνεῦμα
1249 2989 1310 3043 τὸ
1361 2990 1621 3063 πονηρὸν,
1656 2993 1747 3046 καὶ
1778 3010 1951 3048 κατα-

371 3091 396 3124 σ
438 3073 737 3144 κυριεύσας
770 3076 984 3145 αὐτῶν,
1032 3079 1249 3148 ἴσχυσεν
1295 3079 1382 3134 ἐπ’
1428 3081 1628 3148 αὐτῶν,
1669 3081 1809 3135 ὥστε
1860 3100 1957 3152 γυ-

373 3183 396 3213 (
451 3164 623 3231 μνοὺς
665 3166 761 3219 καὶ
790 3170 1363 3240 τετραυματισμένους
1392 3172 1651 3240 ἐκφυγεῖν
1675 3173 1739 3225 ἐκ
1758 3171 1852 3225 τοῦ
1879 3174 1955 3226 of-

373 3274 398 3305 ι
439 3271 541 3308 κου
598 3257 829 3314 ἐκείνου.
897 3259 1068 3313 Τοῦτο
1115 3262 1172 3314 δέ
1215 3262 1431 3331 ἐγένετο
1481 3263 1720 3331 γνωστὸν
1787 3267 1954 3320 πᾶσιν

376 3367 400 3398 σ
442 3346 720 3413 Ἰουδαίοις
766 3368 827 3404 τε
887 3354 981 3406 καὶ
1043 3354 1271 3424 Ἕλλησι
1329 3359 1443 3420 τοῖς
1500 3355 1812 3410 κατοικοῦσι
1862 3358 1955 3428 τὴν

2072 3387 2090 3420 ι
2130 3364 2456 3420 habitabant
2518 3357 2724 3430 Ephesi

378 3458 400 3490 ι
442 3441 700 3509 Ἔφεσον.
727 3444 839 3498 Καὶ¹
861 3445 1098 3500 ἐπέπεσε
1132 3448 1296 3517 φόϐος
1326 3449 1420 3502 ἐπὶ
1479 3452 1689 3515 πάντας
1738 3452 1960 3516 αὐτοὺς,

380 3552 405 3585 ι
445 3535 539 3588 καὶ
562 3535 927 3605 ἐμεγαλύνετο
956 3537 1017 3592 τὸ
1045 3538 1215 3609 ὄνομα
1238 3540 1331 3593 τοῦ
1357 3542 1559 3613 Κυρίου
1591 3543 1790 3612 Ἰησοῦ.
1827 3564 1845 3597 ι

454 3646 474 3678 ι
517 3627 793 3682 ἰουδαίων
823 3629 1175 3700 ἐξορκιστῶν.
1224 3650 1242 3683 ι
1273 3631 1419 3703 Αὐτὴ
1448 3635 1479 3703 ἡ
1515 3633 1660 3700 λέξις
1681 3635 1956 3690 δείκνυσιν

379 3719 469 3771 ὅτι
520 3720 619 3790 οίιχ
673 3719 749 3783 ὡς
798 3722 1143 3787 πιστεύοντες
1174 3724 1251 3795 τῷ
1315 3725 1491 3796 Ἰησοῦ
1555 3729 1605 3781 οἱ
1653 3730 1963 3801 ἐξορκισταὶ

378 3812 682 3883 ἐξώρκιζον
706 3813 773 3866 τά
801 3814 1087 3886 ἀκάθαρτα
1137 3819 1422 3889 πνεύματα
1469 3820 1546 3892 τῷ
1595 3823 1817 3893 ὀνόματι
1864 3824 1960 3877 τοῦ

380 3907 616 3976 Κυρίου,
667 3906 806 3959 ἀλλά
860 3906 1231 3978 πειράζοντες.
1256 3910 1334 3964 Δι’
1370 3911 1399 3964 ὃ
1426 3913 1520 3967 καὶ
1558 3913 1631 3978 ὡς
1680 3915 1753 3986 μὴ
1805 3916 1958 3981 ὄντες

380 3999 589 4064 πιστοὶ,
617 3998 693 4062 ὡς
720 3999 780 4052 τὸ
808 3999 1115 4071 ἀκάθαρτον
1147 4001 1364 4070 πνεῦμά
1392 4022 1546 4074 φησι,
1606 4008 1704 4074 τῆς
1748 4024 1958 4075 προπε-

380 4092 535 4152 τείας
566 4088 834 4143 δεδώκασι
863 4091 997 4162 πρὸς
1025 4090 1205 4161 ὀλίγον
1226 4093 1401 4164 δίκην.
1433 4094 1689 4167 Διὴλεγξε
1721 4098 1828 4170 γὰρ
1858 4099 1956 4150 αύ-

377 4187 532 4249 τοίις,
563 4185 657 4238 καὶ
680 4182 777 4255 τὴν
807 4183 1011 4256 σκηνὴν
1041 4185 1221 4241 αὐτῶν
1251 4186 1493 4258 φανερὰν
1545 4188 1772 4256 ἐποίησε
1830 4190 1960 4258 σφό-

380 4278 489 4350 δρα
513 4278 787 4347 θυμωθεὶς
808 4280 836 4332 6
867 4276 1094 4348 δαίμων,
1130 4278 1206 4343 ὡς
1230 4279 1296 4332 ἂν
1322 4279 1376 4333 εῐ
1398 4297 1481 4342 τις
1512 4282 1639 4351 περὶ⁵
1672 4280 1778 4333 τῶν
1803 4283 1960 4352 ἐσχά-

378 4388 492 4424 των
524 4371 855 4426 κινδυνεύων
890 4370 997 4425 ὑπό
1029 4388 1175 4435 τινος
1210 4371 1409 4443 ἐχθροῦ
1462 4371 1810 4442 διελέγχοιτο,
1857 4374 1954 4427 καὶ

380 4463 562 4517 πάντα
589 4464 669 4527 είς
697 4465 904 4519 ἐκεῖνον
929 4464 1144 4534 ἀφεῖναι
1167 4462 1409 4535 βούλοιτο
1437 4464 1523 4517 τὸν
1557 4464 1746 4535 θυμόν.

457 4574 478 4604 ι
511 4555 702 4608 Πολλοί
735 4572 792 4609 τε
820 4556 928 4610 τῶν
962 4554 1407 4610 πεπιστευκότων
1445 4557 1677 4628 ἤρχοντο
1703 4555 1955 4627 ἐξομολο-

2058 2069 2348 2139 laerymas,
2381 2084 2447 2125 ac
2468 2068 2691 2125 similia.

2135 2185 2155 2219 ι
2199 2162 2344 2228 XIX,
2388 2162 2575 2218 15-17.
2634 2159 3011 2218 Tentaverunt
3059 2164 3245 2212 autem
3290 2154 3517 2225 quidam
3571 2167 3640 2209 ex

2065 2277 2084 2309 ο
2126 2255 2606 2314 eircumeuntibus
2643 2252 2847 2310 Judmis
2887 2249 3200 2315 exorcistis,
3238 2248 3499 2302 invocare
3543 2262 3635 2301 su-

2064 2370 2083 2403 ε
2128 2367 2227 2421 per
2274 2365 2370 2405 eos
2431 2347 2526 2419 qui
2582 2361 2785 2418 pravos
2834 2345 3114 2399 habebant
3161 2342 3412 2412 spiritus,
3437 2352 3639 2393 nomen

2066 2465 2084 2496 ι
2126 2441 2345 2498 Domini
2400 2440 2573 2505 .Jesu,
2627 2439 2878 2494 dicentes
2929 2454 2942 2490 :
2999 2434 3337 2505 Adjuramus
3386 2444 3487 2484 vos
3545 2443 3643 2497 per

2066 2556 2083 2588 ι
2129 2535 2355 2599 Iesum,
2423 2547 2589 2603 quem
2644 2531 2849 2586 Paulus
2907 2527 3183 2598 praedicat.
3236 2526 3408 2580 Erant
3456 2527 3640 2578 autem

2066 2646 2084 2679 ι
2124 2627 2347 2699 quidam
2390 2625 2485 2679 filii
2533 2623 2717 2681 Saeva:
2762 2620 2935 2677 Judaei
2982 2616 3252 2689 principis
3295 2611 3640 2668 sacerdotum

2067 2734 2086 2769 ι
2127 2725 2363 2786 septem,
2399 2713 2494 2785 qui
2545 2714 2648 2767 hoc
2692 2711 2989 2766 faciebant.
3046 2704 3409 2776 Respondens
3456 2710 3641 2756 autem

2066 2831 2084 2863 ι
2129 2810 2360 2881 spiritus
2405 2809 2605 2873 malus,
2659 2804 2798 2860 dixit
2835 2824 2847 2858 :
2880 2803 3069 2860 Iesum
3114 2798 3265 2864 novi,
3311 2805 3368 2852 et
3415 2795 3642 2850 Paulum

2066 2923 2085 2955 ι
2126 2901 2264 2967 scio,
2308 2917 2407 2956 vos
2456 2908 2640 2955 autem
2689 2898 2911 2969 quinam
2957 2893 3130 2949 estis?
3169 2892 3237 2946 Et
3289 2886 3539 2943 insiliens
3589 2885 3643 2938 in

2067 3016 2085 3049 ε
2125 3011 2221 3051 eos
2262 2995 2426 3049 homo
2458 2993 2513 3047 in
2547 3008 2658 3063 quo
2688 3000 2809 3047 erat
2838 2988 3065 3059 spiritus
3090 2975 3289 3047 malus,
3320 2980 3512 3049 eisque
3540 2976 3645 3031 do-

2069 3111 2088 3144 c
2132 3091 2396 3153 minatus,
2425 3086 2660 3142 invaluit
2688 3091 2882 3140 contra
2906 3096 3023 3144 eos,
3057 3080 3131 3133 ita
3162 3086 3224 3132 ut
3260 3073 3397 3129 nudi
3426 3080 3484 3127 et
3519 3068 3644 3124 vul»

2068 3203 2084 3235 ι
2131 3182 2316 3238 nerati
2343 3180 2655 3250 effugerent
2696 3176 2764 3231 de
2792 3174 2958 3230 domo
2981 3172 3093 3226 illa.
3124 3168 3239 3225 Iloc
3268 3172 3453 3220 autem
3481 3160 3648 3250 iuno-

2068 3294 2086 3325 ι
2134 3273 2239 3330 tuit
2307 3245 2568 3326 omnibus
2642 3263 2848 3321 Judaais
2918 3258 3082 3316 simul
3149 3264 3208 3311 et
3279 3250 3482 3309 Graecis
3550 3245 3645 3316 qui

2801 3372 2816 3409 :
2884 3350 3196 3419 ceciditque
3244 3347 3410 3401 timor
3479 3356 3647 3410 super

2071 3476 2089 3508 ε
2130 3469 2325 3511 omnes
2374 3452 2520 3516 illos,
2567 3428 2632 3504 ac
2678 3441 3135 3516 magnificabatur
3178 3449 3385 3491 nomen
3426 3428 3646 3500 Domini

2071 3564 2088 3596 ι
2129 3545 2280 3602 Jcsu.
2326 3563 2344 3595 ι

2139 3657 2158 3689 ι
2200 3636 2405 3693 ,ιιιᾱιείε
2445 3630 2756 3689 cxorcistis.
2802 3647 2819 3680 ι
2864 3624 2991 3681 Hmc
3022 3619 3192 3677 dictio
3226 3614 3471 3674 ostendit
3498 3611 3647 3683 quod

2068 3746 2179 3787 non
2213 3740 2476 3799 tanquam
2503 3723 2792 3781 exorcistaz
2824 3719 2879 3774 in
2909 3718 3097 3774 Iesum
3124 3711 3436 3774 credentes,
3465 3707 3649 3775 impu-

2061 3839 2154 3880 ros
2198 3796 2428 3893 Spiritus
2478 3817 2808 3890 adjurabant
2856 3812 2915 3866 in
2958 3808 3181 3864 nomine
3226 3799 3487 3864 Domini,
3542 3796 3640 3854 sed

2064 3924 2338 3973 tentantes
2382 3930 2396 3966 :
2433 3920 2658 3983 propter
2697 3905 2846 3978 quod
2884 3903 3074 3964 etiam,
3108 3913 3235 3954 cum
3288 3893 3482 3949 fideles
3533 3905 3647 3944 non

2062 4016 2271 4069 essent.
2304 4006 2450 4061 sicut
2496 4003 2749 4072 impurus
2778 3996 3009 4067 spiritus
3038 3991 3194 4055 dicit,
3223 4003 3336 4045 suae
3370 3983 3651 4040 temerita—

2062 4102 2136 4156 tis
2164 4098 2317 4154 brevi
2345 4110 2536 4167 pmnas
2565 4092 2860 4147 dederunt.
2889 4082 3210 4142 Confutavit
3236 4079 3385 4135 enim
3414 4076 3560 4139 illos,
3587 4088 3651 4127 ac

2060 4191 2314 4249 fraudem
2358 4202 2549 4243 eorum
2599 4192 2844 4254 apertam
2888 4175 3114 4233 omnino
3158 4171 3290 4227 fecit
3342 4174 3653 4223 commotus

2060 4285 2143 4339 ira
2170 4281 2402 4354 spiritus
2435 4297 2448 4334 :
2479 4276 2649 4332 veluti
2685 4274 2731 4329 si
2764 4271 2892 4342 quis
2926 4266 3140 4339 positus
3178 4264 3236 4317 in
3266 4257 3534 4317 extremis
3558 4270 3654 4359 pe-

2059 4377 2253 4433 riculis
2292 4374 2362 4429 ab
2407 4373 2596 4441 aliquo
2639 4366 2865 4423 inimico
2901 4366 3190 4434 arguatur,
3222 4363 3554 4421 omnemque
3595 4363 3650 4401 ιιι

2060 4472 2214 4526 illum
2243 4466 2529 4523 effundere
2560 4463 2690 4519 velit
2713 4461 2978 4514 furorem.

2138 4582 2157 4614 ι
2195 4561 2348 4625 XIX,
2400 4558 2590 4613 t8-Zl.
2640 4552 2907 4621 Multique
2956 4544 3303 4603 credentium
3351 4537 3652 4595 veniebant

384 4665 404 4697 ι
443 4647 701 4716 γούμενοι
732 4649 827 4702 καὶ
855 4648 1279 4718 ἀναγγέλλοντες
1328 4649 1427 4713 τὰς
1473 4649 1701 4720 πράξεις
1754 4650 1951 4704 αὐτῶν.

2067 4672 2085 4704 ι
2133 4651 2524 4716 conﬁrmantes
2583 4656 2640 4703 et
2697 4642 3095 4699 annuntiantes
3142 4636 3286 4691 facta
3332 4647 3451 4687 sua.
3495 4627 3651 4683 Multi

384 4757 403 4788 ε
450 4737 652 4791 Ἰκανοὶ
681 4738 738 4791 δὲ
760 4739 875 4791 τῶν
893 4739 960 4793 τὰ
990 4740 1260 4813 περίεργα
1289 4739 1639 4812 πραξάντων,
1699 4743 1953 4811 συνενέγ-

384 4849 404 4880 σ
445 4846 641 4893 καντες
696 4830 793 4893 τὰς
821 4830 1033 4902 βίϐλους
1055 4832 1346 4887 κατέκαιον
1400 4833 1629 4887 ἐνώπιον
1691 4834 1908 4889 πάντων
1939 4851 1955 4866 ·

382 4938 402 4970 ι
446 4922 545 4973 καὶ
575 4920 944 4991 συνεψήφισαν
966 4922 1064 4985 τὰς
1087 4921 1258 4992 τιμὰς
1293 4921 1493 4988 αὐτῶν,
1521 4923 1613 4975 καὶ
1674 4917 1831 4994 εὗρον
1859 4923 1958 4993 ἁρ-

386 5031 404 5062 ι
449 5012 640 5082 γυρίου
669 5014 935 5083 μυριάδας
963 5014 1143 5069 πέντε.
1177 5014 1366 5079 Οὕτως
1412 5015 1552 5069 κατά
1577 5014 1777 5087 κράτος
1806 5016 1834 5068 6
1863 5016 1954 5069 λό-

386 5125 403 5155 c
445 5122 541 5171 γος
575 5104 669 5157 τοῦ
707 5106 913 5176 Κυρίου
937 5107 1130 5179 ηὔξανε
1193 5108 1288 5161 καὶ
1330 5109 1529 5178 ἴσχυεν.
1578 5108 1665 5171 Ὠς
1702 5107 1759 5160 δὲ
1792 5108 1957 5178 ἐπλη-

385 5216 405 5247 ‹
449 5196 598 5267 ρώθη
622 5198 814 5262 ταῦτα,
840 5198 991 5251 ἐθετο
1021 5202 1049 5252 6
1082 5200 1292 5263 Παῦλος
1324 5202 1381 5252 ἐν
1415 5198 1492 5269 τῷ
1515 5199 1784 5269 πνεύματι
1814 5199 1955 5251 διελ-

384 5310 402 5341 ι
439 5287 550 5343 θὼν
578 5290 676 5361 τὴν
696 5291 1034 5346 Μακεδονίαν
1064 5294 1157 5345 καὶ
1199 5292 1441 5362 Ἀχαΐαν,
1496 5291 1821 5363 πορεύεσθαι
1877 5294 1956 5354 είς

383 5402 404 5434 ι
455 5382 832 5455 Ἰερουσαλὴμ,
882 5383 1086 5449 εἰπὼν,
1126 5385 1209 5437 ὅτι
1259 5384 1416 5439 Μετὰ
1469 5384 1530 5436 τὸ
1580 5384 1835 5452 γενέσθαι
1888 5388 1999 5456 με’

385 5494 403 5524 ι
446 5475 584 5537 ἐκεῖ,
619 5476 699 5528 δεῖ
729 5494 796 5545 με
823 5478 916 5530 καὶ
950 5475 1170 5547 Ῥώμην
1217 5478 1363 5529 ίδεῖν.
1403 5477 1755 5541 Ἀποστείλας
1779 5478 1835 5531 δέ
1875 5480 1955 5540 είς

388 5589 406 5621 ‹
443 5567 544 5639 τὴν
559 5569 894 5622 Μακεδονίαν
926 5569 1016 5624 δύο
1046 5570 1153 5623 τῶν
1207 5570 1595 5623 διακονούντων
1639 5569 1808 5641 αὐτῷ,
1862 5569 1955 5622 Τι-

388 5681 407 5712 ι
447 5661 642 5732 μόθεον
668 5662 759 5714 καὶ
788 5663 1076 5733 Ἔραστον,
1107 5663 1270 5726 αὐτὸς
1300 5663 1499 5732 ἐπέσχε
1531 5663 1721 5732 χρόνον
1750 5663 1830 5725 εἰς
1858 5664 1954 5734 τὴν

387 5774 405 5803 ι
447 5753 657 5811 Ἀσίαν.
690 5754 935 5822 Ἐγένετο
963 5757 1019 5809 δὲ
1052 5757 1192 5809 κατὰ
1222 5758 1312 5809 τὸν
1350 5757 1540 5825 καιρδν
1566 5758 1770 5809 ἐκεῖνον
1789 5758 1955 5827 τάρκ-

388 5864 407 5895 σ
447 5863 540 5917 χος
562 5847 662 5900 οὐκ
692 5847 869 5915 ὀλίγος
901 5848 1031 5917 περὶ
1070 5850 1168 5917 τῆς
1197 5848 1341 5902 ὁδοῦ.
1380 5847 1691 5918 Δημήτριος
1727 5848 1833 5917 γάρ
1872 5866 1955 5910 τις

393 5959 410 5992 ι
446 5938 693 6009 ὀνόματι,
721 5939 1121 6010 ἀργυροκόπος,
1156 5939 1321 5993 ποιῶν
1354 5940 1510 6003 ναοὺς
1533 5939 1803 6012 ἀργυροῦς
1829 5942 1882 5991 Ἀ
1897 5960 1949 6009 ρ-

2067 4766 2086 4799 ι
2129 4753 2349 4817 quoque
2396 4759 2464 4798 ex
2507 4740 2579 4796 iis
2621 4740 2718 4811 qui
2757 4738 3008 4793 curiosas
3064 4741 3215 4787 artes
3265 4731 3649 4824 exercuerant,

2065 4857 2084 4889 ς
2126 4841 2499 4904 coruportatos
2520 4831 2695 4886 libros
2719 4827 2879 4899 146
2906 4825 3238 4879 exusscrunt
3265 4830 3449 4872 coram
3472 4827 3654 4867 omm-

2063 4947 2081 4979 ι
2124 4928 2229 4983 bus
2262 4933 2351 4981 :et
2375 4922 2689 4995 supputatis
2713 4921 2936 4975 illorum
2965 4913 3180 4987 pretiis,
3208 4912 3541 4967 invenerunt
3568 4922 3655 4962 ar-

2065 5039 2084 5072 (
2123 5018 2270 5090 genti
2316 5013 2714 5086 quinquaginta
2755 5010 2950 5064 millia.
2994 5007 3076 5063 Ita
3112 5004 3334 5060 fortiter
3368 4998 3654 5056 crescebat

2063 5131 2080 5165 ι
2124 5111 2357 5167 verbum
2417 5105 2634 5164 Domini
2692 5118 2756 5158 ac
2813 5099 3264 5157 confirmabatur.
3320 5093 3418 5149 His
3468 5098 3652 5148 autem

2065 5226 2082 5256 ‹
2119 5202 2354 5274 expletis
2374 5198 2662 5271 proposuit
2686 5197 2889 5253 Paulus
2916 5195 2971 5248 in
2998 5191 3197 5263 spiritu
3222 5185 3451 5245 transita
3477 5184 3656 5239 Mace-

2064 5316 2081 5347 ι
2125 5294 2285 5351 donia
2333 5302 2390 5348 et
2435 5291 2641 5345 Achaia
2692 5286 2966 5360 proficisci
3014 5282 3375 5354 Jerosolyma,
3402 5276 3594 5333 dicens
3635 5291 3651 5330 :

2065 5407 2083 5439 ι
2130 5389 2424 5457 Postquam
2448 5384 2721 5444 ibifuero,
2750 5386 2966 5451 oportet
2994 5394 3083 5432 me
3109 5387 3163 5431 et
3187 5376 3416 5430 Romam
3442 5368 3651 5425 videre.

2066 5500 2083 5531 ι
2130 5479 2307 5534 Missis
2329 5487 2511 5533 autem
2546 5475 2762 5530 duobus
2791 5489 2855 5527 ex
2884 5471 2952 5526 iis
2981 5468 3075 5541 qui
3107 5466 3214 5524 sibi
3244 5461 3652 5524 ministrabant,

2065 5590 2083 5623 ι
2124 5568 2377 5627 videlicet
2395 5568 2686 5624 Timotheo
2705 5567 2984 5626 etErasto,
3003 5563 3119 5633 ipse
3138 5559 3339 5617 mansit
3353 5556 3422 5612 ad
3440 5566 3667 5624 tempus

2066 5684 2083 5717 ι
2126 5664 2182 5719 ἰη
2230 5663 2378 5718 Asia.
2411 5663 2578 5717 Ortus
2616 5668 2700 5715 est
2729 5666 2913 5712 autem
2956 5655 3050 5708 illo
3093 5662 3341 5722 tempore
3380 5647 3651 5703 tumultus

2066 5777 2083 5808 ι
2122 5772 2230 5810 non
2272 5755 2508 5825 exiguus
2544 5751 2612 5807 de
2656 5765 2773 5820 Ipsa
2815 5749 2921 5804 via.
2962 5744 3193 5812 Quidam
3235 5741 3381 5797 enim
3425 5739 3659 5794 nomine

2066 5870 2083 5901 ι
2127 5847 2442 5903 Demetrius
2466 5844 2621 5900 faber
2651 5835 3131 5913 argentarius,qui
3163 5832 3400 5888 faciebat
3424 5829 3662 5884 delubra

2069 5963 2086 5995 ι
2126 5951 2387 6009 argentea
2438 5940 2643 6002 Dianae,
2683 5932 2971 6006 praestabat
3016 5926 3321 5983 artificibus
3359 5940 3467 5980 non
3521 5939 3645 5992 par-
