4024 6624
1804 268 1833 285 \

446 441 553 510 251

1538 438 1936 503 CECUMENII
1959 435 2254 499 TRIGCE
2285 435 2629 500 EPLSCOPI

3594 429 3707 494 252

452 578 474 609 ι
522 568 649 610 vum
681 562 949 626 quaestum
976 552 1211 624 :quibus
1232 552 1545 611 convocatis
1572 561 1625 607 et
1651 552 1738 606 his
1760 565 1854 621 qut
1873 546 2028 604 suni-
2056 564 2065 605 τ

2197 553 2431 623 τέμιδος,
2483 552 2774 631 παρείχετο
2823 552 2936 613 τοῖς
2977 548 3248 621 τεχνίταις
3288 546 3556 619 ἐργασίαν
3599 550 3707 602 οὐκ

456 667 475 698 ι
517 646 653 702 lium
685 662 870 701 rerum
898 653 1055 700 erant
1078 643 1320 715 Opifices,
1347 643 1517 699 dixit:
1540 644 1677 708 Viri,
1699 643 1854 699 scitis
1883 639 2034 712 quod

462 760 479 792 ι
519 756 589 796 ex
632 739 739 794 hoc
785 737 1006 809 Opiﬁcio
1036 748 1278 807 quaestus
1306 737 1468 791 nobis
1494 746 1578 792 est
1605 756 1618 792 :
1647 748 1700 792 et
1745 736 1945 792 videtis
1971 751 2037 792 ac

462 854 483 887 ‹
524 833 749 899 auditis,
794 831 938 902 quod
972 847 1077 886 non
1121 832 1297 886 solum
1334 831 1557 901 Ephesi,
1596 831 1692 887 sed
1731 846 1831 901 per
1863 838 2037 885 totam

466 946 483 976 ι
533 941 673 996 pene
723 924 907 979 Asiam
965 924 1168 978 Paulus
1222 923 1314 978 hie
1368 923 1677 993 persuasit,
1727 924 2038 993 avertitque

464 1036 482 1065 ε
526 1015 754 1077 multam
787 1014 1027 1091 turbam,
1060 1014 1255 1081 dicens
1286 1031 1297 1066 :
1334 1014 1452 1069 Non
1484 1022 1613 1069 sunt
1644 1013 1718 1069 dii
1745 1014 1837 1085 qui
1865 1015 2042 1068 mani-

471 1127 488 1158 ι
530 1107 631 1161 bus
669 1105 827 1160 ﬁunt.
859 1105 978 1161 Non
1016 1105 1192 1161 solum
1234 1115 1417 1161 autem
1462 1102 1580 1161 haec
1616 1121 1748 1176 pars
1783 1106 1942 1162 nobis
1984 1105 2040 1161 in

467 1218 485 1249 ι
529 1198 838 1268 periculum
888 1197 1039 1252 venit
1079 1212 1148 1251 ne
1187 1197 1530 1268 reprobetur,
1556 1215 1745 1254 verum
1775 1199 1937 1255 etiam
1974 1215 2042 1254 ne

468 1303 485 1334 ι
531 1298 740 1355 magnae
788 1284 974 1339 Diana:
1030 1284 1294 1354 templum
1345 1286 1402 1340 in
1448 1287 1679 1343 nihilum
1733 1298 2052 1361 reputetur,

471 1396 487 1426 ι
530 1375 892 1450 futurumque
916 1376 989 1431 sit
1011 1384 1071 1430 ut
1095 1378 1260 1431 etiam
1291 1378 1609 1434 destruatur
1630 1380 1883 1449 majestas
1901 1381 2042 1461 ejus,

471 1489 489 1516 ι
532 1484 695 1538 quam
739 1478 856 1523 tota
883 1469 1008 1525 Asia
1036 1480 1091 1525 et
1119 1470 1270 1525 orbis
1302 1471 1451 1527 colit.
1486 1472 1583 1527 His
1613 1472 1818 1529 auditis
1850 1473 2047 1541 repleti

2143 668 2162 701 ι
2195 648 2382 717 ὀλίγην
2405 665 2418 677 ·
2441 646 2534 710 οὒς
2558 644 2937 715 συναθροίσας,
2964 644 3057 697 καί
3078 644 3205 706 τοὺς
3234 642 3361 712 περὶ
3385 641 3453 695 τὰ
3475 641 3709 695 τοιαῦτα

2145 761 2163 794 ι
2205 740 2458 812 ἐργάτας,
2496 735 2649 793 εἶπεν
2673 755 2686 769 ·
2733 738 2979 808 Ἄνδρες,
3016 735 3331 800 ἐπίστασθε,
3359 735 3442 788 ὃτι
3475 734 3540 787 ὲκ
3564 734 3706 787 ταύ-

2146 853 2163 884 ι
2203 850 2298 901 της
2321 833 2417 902 τῆς
2438 831 2697 903 ἐργασίας
2729 832 2762 902 ἡ
2791 828 3021 897 εὐπορία
3045 826 3201 899 ἡμῶν
3228 827 3376 879 ἐστι’
3424 824 3519 880 καὶ
3569 825 3710 878 θεω-

2147 942 2165 976 ι
2206 926 2348 995 ρεῖτε
2399 922 2493 977 καὶ
2543 921 2791 985 ἀκούετε,
2843 920 2924 974 ὅτι
2966 919 3025 971 ού
3081 916 3276 988 μόνον’
3305 916 3539 984 Εφέσου,
3569 914 3713 970 ἀλλὰ

2147 1033 2166 1066 ι
2206 1014 2391 1084 σχεδὸν
2414 1013 2596 1085 πάσης
2623 1013 2720 1083 τῆς
2778 1011 2962 1072 Ἀσίας
2985 1011 3014 1063 ὁ
3046 1009 3261 1074 Παῦλος
3315 1002 3471 1073 οὗτος
3514 1008 3721 1072 πείσας

2149 1128 2168 1162 ι
2206 1108 2535 1179 μετέστησεν
2564 1100 2968 1175 ίκανδνᾚχλον,
3042 1101 3218 1170 λέγων
3243 1141 3259 1168 ,
3316 1104 3399 1157 ὅτι
3442 1103 3556 1157 Οὐκ
3604 1101 3721 1157 είσὶ

2150 1221 2167 1253 ι
2206 1201 2316 1255 θεοὶ
2344 1201 2416 1252 λοὶ
2456 1197 2543 1252 διὰ
2596 1196 2797 1269 χειρῶν
2841 1196 3138 1266 γινόμενοι.
3165 1195 3240 1249 Οὐ
3291 1193 3450 1265 μόνον
3469 1193 3526 1246 δὲ
3552 1191 3724 1269 τοῦτο

2152 1315 2169 1347 ι
2209 1290 2506 1347 κινδυνεύει
2536 1293 2667 1360 ἡμῖν
2709 1290 2771 1344 τὸ
2824 1289 2987 1361 μέρος
3035 1289 3114 1352 είς
3159 1286 3469 1357 ἀπελεγμὸν
3517 1285 3721 1350 ἐλθεῖν,

2153 1406 2170 1437 ι
2203 1384 2335 1438 ἀλλὰ
2370 1382 2469 1437 καὶ
2501 1383 2561 1436 τὺ
2591 1383 2689 1453 τῆς
2721 1380 2965 1453 μεγάλης
3016 1379 3143 1442 θεᾶς
3198 1377 3519 1450 Ἀρτέμιδος
3566 1375 3726 1463 ξερὸν

2154 1499 2173 1533 ι
2209 1481 2288 1543 είς
2312 1476 2465 1531 οὐδὲν
2483 1475 2824 1545 λογισθῆναι,
2861 1472 3078 1544 μέλλειν
3111 1489 3170 1525 τε
3199 1471 3292 1526 καὶ
3340 1469 3728 1541 καθαιρεῖσθαι

472 1575 490 1607 ι
533 1569 663 1612 sunt
714 1559 833 1625 ira,
877 1568 935 1615 et
977 1561 1461 1627 exclamaverunt,
1507 1562 1755 1619 dicentes
1799 1580 1812 1616 :
1857 1562 2046 1633 Magna

2204 1569 2309 1642 τὴν
2340 1568 2737 1641 μεγαλειότητα
2759 1566 2950 1635 αὐτῆς,
2972 1565 3040 1637 ἢν
3067 1563 3164 1641 ὅλη
3189 1565 3222 1633 ἡ
3249 1561 3405 1615 Ἀσία
3427 1563 3521 1616 καὶ
3547 1561 3585 1633 ἡ
3637 1560 3751 1619 οἱς

474 1670 490 1700 ι
540 1651 709 1705 Diana
742 1653 1107 1722 Ephesiorum
1141 1657 1153 1708 ί
1204 1654 1540 1725 lmpletaque
1577 1664 1661 1712 est
1703 1666 1813 1712 tota
1856 1658 2051 1713 civitas

2169 1659 2451 1732 πκουμένη
2482 1658 2719 1712 σέϐεται.
2768 1655 3129 1718 ’Δκούσαντες
3179 1653 3236 1709 δὲ
3286 1653 3382 1708 καὶ
3435 1652 3731 1737 γενόμενοι

475 1761 492 1791 ι
536 1743 883 1811 confusione,
922 1754 978 1799 et
1023 1745 1291 1815 impetum
1335 1745 1585 1802 fecerunt
1618 1763 1728 1801 uno
1768 1748 1952 1801 animo
1992 1748 2049 1802 in

2169 1775 2175 1805 l
2215 1753 2438 1823 πλήρεις
2463 1749 2634 1821 θυμοῦ
2666 1748 2895 1817 ἔκραζον
2929 1746 3179 1814 λέγοντες
3200 1760 3212 1774 ·
3261 1744 3489 1812 Μεγάλη
3528 1744 3561 1813 ἡ
3593 1743 3737 1814 Ἀρ-

478 1852 497 1883 ‹
540 1834 839 1901 theatrum,
878 1846 1134 1908 correpto
1163 1838 1296 1893 Caio
1337 1845 1394 1893 et
1438 1840 1759 1894 Aristarcho
1796 1840 2049 1897 Macedo-

2169 1867 2178 1898 .
2214 1863 2370 1916 τεμις
2402 1834 2668 1912 Ἐφεσίων
2697 1841 2712 1896 l
2742 1839 2858 1894 Kal.
2919 1838 3164 1909 ἐπλήσθη
3214 1838 3248 1908 ή
3283 1837 3438 1901 πόλις
3474 1835 3573 1905 ὅλη
3626 1835 3735 1903 τῆς

374 1977 381 1984 _
478 1943 496 1974 ι
538 1924 704 1980 nibus
757 1899 1057 1982 comitibus
1100 1928 1275 1983 Pauli.
1326 1928 1577 2000 Cumque
1632 1930 1801 1987 vellet
1851 1931 2053 1989 Paulus
2083 1899 2127 1954 Β

477 2036 496 2068 ι
550 2017 752 2072 intrare
793 2019 860 2074 ad
909 2019 1197 2090 populum,
1247 2026 1357 2077 non
1406 2024 1552 2093 passi
1602 2033 1731 2079 sunt
1771 2024 2050 2096 discipuli.

477 2127 497 2161 ι
547 2109 782 2177 Quidam
832 2120 1018 2167 autem
1064 2129 1132 2168 ex
1178 2116 1322 2170 Asiae
1369 2116 1708 2186 primoribus
1748 2119 1848 2187 qui
1898 2125 2057 2173 erant

479 2220 498 2251 ι
544 2200 708 2255 amici
757 2203 896 2272 ejus,
935 2204 1106 2258 misso
1156 2204 1225 2259 ad
1274 2222 1400 2261 eum
1441 2207 1657 2271 nuntio,
1691 2209 1954 2280 rogabant
1985 2225 2055 2264 ne

479 2310 499 2344 ς
541 2309 598 2347 se
625 2292 781 2348 daret
806 2293 861 2348 in
888 2294 1186 2351 theatrum.
1209 2296 1314 2351 Alii
1342 2296 1526 2370 itaque
1550 2298 1699 2353 aliud
1725 2299 2054 2356 clamabant.

480 2406 498 2437 ι
546 2384 679 2440 Erat
719 2387 870 2441 enim
917 2388 1111 2443 concio
1152 2389 1403 2456 confusa,
1435 2399 1493 2446 et
1544 2390 1797 2462 plerique
1839 2374 2056 2459 nescie-

481 2498 500 2529 ι
542 2479 674 2533 bant
699 2495 806 2549 qua
839 2495 907 2535 ex
938 2496 1102 2536 causa
1130 2484 1543 2539 convenissent.
1574 2484 1651 2539 De
1685 2485 1847 2539 turba
1873 2492 2058 2540 autem

483 2590 502 2620 ι
544 2577 936 2640 protraxerunt
989 2572 1362 2627 Alexandrum
1388 2614 1403 2638 ,
1453 2574 1889 2644 propellentibus
1930 2591 2057 2630 eum

484 2683 502 2715 ι
548 2663 772 2719 ιυὰτεὶε.
800 2664 1114 2719 Alexander
1148 2681 1283 2720 vero
1316 2668 1592 2737 postulato
1624 2683 1788 2722 manu
1816 2667 2058 2733 silentio,

486 2771 506 2805 ι
546 2752 766 2808 volebat
800 2753 1069 2810 rationem
1109 2754 1340 2809 reddere
1380 2757 1607 2825 populo.
1632 2756 1788 2828 14⁸1
1809 2756 2060 2828 Cumque

487 2846 935 2919 «cognovissent
987 2862 1113 2902 eum
1167 2861 1289 2902 esse
1333 2846 1606 2913 Judzrtim,
1652 2865 1757 2903 vox
1808 2859 1927 2905 orta
1976 2856 2063 2905 est

488 2955 509 2991 ι
551 2925 658 2993 una
702 2938 772 2992 ab
805 2938 1063 2994 omnibus
1100 2939 1271 2994 ferme
1302 2940 1368 2994 ad
1398 2940 1562 2995 horas
1590 2942 1741 3011 duas
1770 2942 2060 2999 clamanti-

490 3049 508 3083 ι
547 3029 677 3096 bus,
712 3031 898 3103 Magna
930 3031 1098 3087 Diana
1137 3031 1501 3103 Ephesiorum
1534 3034 1547 3087 ί
1588 3051 1606 3086 ο

561 3312 582 3347 ι
614 3291 952 3352 Conﬁtentes
1003 3306 1059 3352 et
1119 3302 1511 3359 annuntiantes
1571 3304 1734 3362 facta.
1769 3325 1788 3360 ι
1837 3309 2071 3380 Oportet

488 3400 769 3456 quemque
817 3387 1036 3444 ﬁdelem
1068 3391 1252 3448 dicere
1301 3405 1525 3464 peccata
1554 3414 1651 3453 sua
1682 3415 1745 3455 ac
1777 3400 2071 3462 demittere

479 3477 736 3548 seipsum
768 3482 1143 3552 coarguendo,
1168 3485 1245 3539 sic
1275 3496 1336 3540 ut
1365 3503 1473 3543 non
1503 3492 1739 3561 amplius
1768 3492 1865 3548 illa‘
1886 3495 2069 3564 faciat,

492 3577 555 3624 ut
579 3569 915 3639 justiﬁcetur
955 3574 1109 3644 juxta
1155 3569 1206 3630 id
1253 3579 1399 3648 quod
1429 3580 1637 3635 dictum
1672 3593 1796 3640 est:
1831 3606 1849 3638 ι
1885 3588 1982 3644 Dic
2015 3597 2073 3644 tu

495 3660 733 3737 primum
764 3661 1088 3732 iniquitates
1119 3675 1260 3731 tuas,
1292 3678 1349 3722 ut
1372 3670 1778 3739 justificeris".
1820 3695 1837 3729 ι
1864 3678 2073 3735 Notan-

492 3749 625 3805 dum
674 3768 807 3808 vero
844 3756 1009 3810 etiam
1057 3758 1113 3813 in
1157 3761 1520 3829 sequentibus
1564 3765 1710 3834 quod
1757 3767 1836 3833 bi,
1881 3770 1974 3839 qui
2018 3771 2077 3826 in

480 3842 774 3900 Christum
829 3848 1213 3916 crediderunt,
1268 3854 1508 3924 magicos
1575 3855 1750 3913 libros
1806 3875 1916 3915 non
1968 3863 2080 3919 dis-

497 3945 786 3991 traxerunt
821 3955 1135 4011 quanquam
1179 3927 1409 4013 prEtiosi
1455 3950 1678 4014 essent,
1725 3961 1785 4004 ut
1818 3954 1913 4022 qui
1956 3956 2081 4026 pul-

482 4031 770 4092 cherrima
813 4053 1045 4108 qumque
1088 4055 1282 4098 eorum
1322 4059 1444 4114 qua:
1493 4045 1547 4099 in
1592 4046 1704 4102 vita
1745 4050 2079 4119 gerebantur

493 4127 874 4195 continebant,
907 4131 1003 4186 sed
1047 4144 1379 4190 exusserant
1413 4153 1426 4191 :
1457 4137 1587 4194 licet
1616 4138 1707 4193 alii
1757 4140 2078 4212 hujusmodi

497 4219 574 4273 ibi
620 4220 899 4286 adessent.
949 4225 1047 4294 qui
1093 4241 1190 4282 eos
1232 4227 1407 4284 libros
1452 4229 1557 4284 sibi
1607 4246 1803 4301 parare
1853 4233 2079 4297 vellent.

424 4301 437 4312 ’
498 4313 744 4369 Primum
775 4317 996 4386 quidem
1038 4333 1107 4373 ne
1130 4320 1255 4390 quis
1282 4321 1509 4376 letiferae
1543 4325 1936 4394 corruptionis,
1961 4343 2083 4397 qua:

498 4406 567 4461 ab
603 4406 714 4462 illis
758 4409 1094 4478 procedebat
1139 4414 1415 4483 particeps
1465 4414 1644 4471 fieret.
1696 4416 1904 4473 Deinde
1950 4435 2083 4474 vero

497 4517 569 4557 ne
606 4503 888 4573 quidpiam
938 4520 1004 4560 ex
1051 4506 1368 4575 hujusmodi
1398 4509 1651 4566 criminis
1682 4514 1861 4583 pretio
1891 4515 2083 4586 acqui-

2164 1960 2181 1992 ‹
2234 1937 2571 2009 συγχύσεως,
2602 1933 2872 2006 ὥρμησαν
2893 1949 2951 1985 τε
2982 1931 3320 2002 ὁμοθυμαδὸν
3350 1930 3429 1994 είς
3481 1929 3544 1982 τὸ
3601 1927 3736 1983 θέα-

2165 2053 2183 2086 ι
2217 2049 2344 2103 τρον
2415 2029 2860 2099 συναρπάσαντες
2945 2024 3105 2077 Γάϊον
3190 2023 3284 2079 καὶ
3370 2022 3739 2094 Ἀρίσταρχον

2164 2145 2181 2178 ι
2216 2122 2534 2185 Μακεδόνας
2561 2116 2931 2187 συνεκδήμους
2958 2115 3049 2169 τοῦ
3072 2113 3303 2174 Παύλου.
3324 2113 3429 2167 Τοῦ
3442 2114 3497 2166 δὲ
3516 2112 3738 2168 Παύλου

2165 2239 2183 2272 ι
2221 2216 2545 2288 βουλομένου
2580 2211 2841 2267 εἰσελθεῖν
2858 2210 2938 2273 είς
2954 2209 3045 2262 τὸν
3069 2209 3264 2278 δῆμον,
3293 2207 3393 2261 οὐκ
3425 2207 3551 2260 είων
3572 2204 3742 2259 αὐτὸν

2164 2331 2182 2364 ι
2221 2312 2269 2365 οί
2301 2306 2557 2380 μαθηταί.
2619 2304 2776 2367 Τινὲς
2811 2302 2869 2356 δὲ
2906 2302 2997 2357 καὶ
3047 2301 3155 2353 τῶν
3193 2295 3525 2370 Ἀσιαρχῶν,
3580 2296 3743 2360 ὄντες

2165 2421 2184 2454 ι
2218 2401 2367 2471 αὐτῷ
2393 2399 2556 2466 φίλοι,
2591 2395 2913 2465 πέμψαντες
2951 2392 3086 2464 πρὸς
3117 2390 3306 2457 αὐτὸν,
3364 2388 3742 2459 παρεκάλουν,

2167 2515 2185 2548 ι
2234 2495 2310 2565 μὴ
2343 2491 2524 2547 δοῦναι
2557 2488 2748 2544 ὲαυτόν
2780 2488 2860 2550 εἰς
2884 2487 2943 2539 τὸ
2975 2485 3224 2555 θέατρον.
3283 2482 3464 2536 Ἀλλοι
3514 2481 3616 2551 μὲν
3643 2477 3745 2535 οὗν

2168 2612 2186 2641 ‹
2227 2587 2355 2643 ἄλλο
2380 2604 2431 2639 τι
2458 2581 2710 2655 ἔκραζον.
2736 2575 2846 2633 Ἦν
2894 2576 3002 2649 γὰρ
3047 2578 3080 2647 ὴ
3133 2574 3402 2645 ἐκκλησία
3456 2590 3745 2643 ⁸συγκεχυς-

2167 2700 2185 2731 ι
2225 2680 2381 2751 μένη.
2418 2677 2528 2731 Καὶ
2562 2675 2613 2728 οἱ
2666 2672 2886 2735 πλείους
2929 2670 3026 2723 οὐκ
3065 2668 3309 2740 ᾔδεισαν,
3357 2665 3501 2727 τίνος
3550 2664 3746 2717 ἕνεκεν

2168 2792 2186 2825 ι
2227 2769 2673 2841 συνεληλύθεσαν.
2731 2765 2829 2817 Ἐκ
2883 2762 2939 2817 δὲ
2999 2760 3091 2817 τοῦ
3143 2759 3304 2830 ὄχλου
3370 2755 3746 2828 προεϐίϐασαν

2168 2884 2186 2917 ι
2225 2861 2594 2930 Ἀλέξανδρον,
2617 2856 2996 2929 προϐαλόντων
3022 2852 3184 2906 αὐτὸν
3216 2851 3324 2904 τῶν
3348 2849 3643 2903 Ἰουδαίων.
3682 2846 3748 2901 ’0

2170 2981 2188 3012 ι
2229 2959 2285 3012 δὲ
2302 2954 2651 3024 Ἀλέξανδρος
2674 2948 3002 3009 κατασείσας
3049 2944 3146 3015 τὴν
3173 2947 3352 3016 χεῖρα,
3388 2941 3579 3014 ἢθελεν
3606 2941 3749 2993 ἀπο-

2172 3068 2189 3101 ι
2233 3043 2509 3115 λογεῖσοαι
2540 3040 2616 3112 τῷ
2640 3041 2821 3109 δήμῳ.
2867 3035 3232 3101 Ἐπιγνὸντων
3299 3033 3354 3088 δὲ
3379 3033 3460 3085 ὅτι
3489 3029 3745 3088 Ἰουδαῖἇς

2171 3159 2189 3191 ι
2224 3142 2361 3201 ἐστι,
2396 3136 2546 3205 φωνὴ
2582 3132 2795 3200 ἐγένετο
2827 3128 2924 3197 μία
2976 3128 3039 3179 ἐκ
3086 3128 3324 3188 πάντων,
3355 3124 3428 3187 ὡς
3482 3122 3574 3176 ἐπὶ
3597 3122 3751 3189 ὥρας

2076 3236 2123 3301 C
2163 3255 2182 3289 ‹
2219 3231 2312 3289 δύο
2339 3227 2669 3298 κραζόντων·
2700 3220 2927 3289 Μεγάλη
2952 3221 2985 3288 ὴ
3011 3218 3274 3287 Ἄρτεμις
3311 3214 3575 3284 Ἐφεσίων
3603 3214 3616 3266 !
3647 3232 3666 3265 ι

2254 3343 2273 3378 ι
2310 3313 2828 3390 Ἐξομολογούμενοι
2863 3310 2956 3362 καὶ
2986 3305 3412 3375 ἀναγγέλλοντες
3447 3305 3547 3369 τὰς
3605 3302 3751 3374 πρά.

2174 3417 2305 3484 ξεις.
2350 3432 2368 3465 ι
2405 3412 2496 3464 Δεῖ
2518 3408 2699 3461 πάντα
2738 3402 2927 3456 πιστὸν
2974 3400 3155 3468 λέγειν
3186 3397 3282 3463 τὰς
3314 3394 3510 3451 ἑαυτοῦ
3565 3396 3749 3467 ἁμαρ-

2174 3510 2314 3571 τίας,
2347 3505 2443 3560 καὶ⁸
2468 3495 2867 3557 ἁποτάττεσθαι
2899 3493 2990 3547 διὰ
3017 3492 3108 3546 τοῦ
3142 3490 3331 3546 ἐαυτὸν
3360 3489 3630 3558 ἐλέγχειν,
3656 3489 3749 3540 τοῦ

2178 3563 2381 3670 μηκέτι
2412 3592 2585 3645 ποιεῖν
2614 3587 2682 3641 τὰ
2711 3584 2872 3648 αὐτὰ,
2898 3582 2984 3636 ἵνα
3023 3578 3287 3650 δικαιωθῇ
3315 3578 3456 3631 κατὰ
3488 3578 3550 3670 το
3595 3578 3750 3670 εἶρη-

2181 3667 2371 3762 μένον
2419 3703 2438 3737 ι
2480 3681 2626 3749 Λέγε
2661 3678 2724 3731 σὺ
2787 3674 3001 3745 πρῶτος
3032 3671 3129 3735 τὰς
3178 3670 3474 3762 ἁμαρτίας,
3527 3667 3615 3721 ἵνα
3658 3669 3751 3721 δι-

2179 3780 2471 3849 καιωθῇς.)
2506 3769 2848 3846 Σημειωτέον
2875 3767 2931 3821 δὲ
2963 3766 3056 3820 καὶ
3088 3766 3145 3818 ὲν
3166 3767 3279 3828 τοῖς
3312 3761 3508 3833 ἐφεξῆς
3529 3761 3753 3817 ὅτικαξ-

2177 3893 2261 3929 τοι
2294 3870 2626 3939 πολυτίμους
2658 3863 2824 3926 οὔσας
2858 3861 2956 3925 τὰς
2992 3856 3254 3928 γοητικὰς
3285 3856 3467 3910 αὐτῶν
3509 3853 3748 3925 βίϐλους,

2178 3966 2252 4029 ὡς
2281 3962 2388 4016 τῶν
2420 3962 2478 4012 ὲν
2513 3957 2613 4028 βίῳ
2637 3951 2874 4033 ἐχουρῶν
2902 3948 2971 4002 τὰ
3013 3947 3297 4033 κάλλιστα,
3331 3945 3381 3998 οἱ
3407 3946 3487 4006 είς
3514 3944 3753 4014 Χριστὸν

2182 4051 2587 4111 πιστεύσαντες,
2656 4031 2765 4098 οὐκ
2801 4039 3109 4111 ὲπὼλησαν,
3133 4031 3143 4035 ’
3164 4036 3277 4090 ἀλλ’
3301 4033 3316 4061 ⁸
3343 4034 3611 4098 ἔκαυσαν,
3636 4034 3755 4087 καί-

2180 4162 2328 4213 τοιγε
2389 4141 2565 4197 ἄλλων
2615 4138 2792 4191 ἐκεῖσε
2835 4130 3093 4185 τοιούτων
3150 4127 3322 4182 όντων
3353 4124 3462 4178 τῶν
3493 4125 3755 4197 θελόντων

2182 4237 2279 4300 τὰς
2303 4234 2515 4306 βίϐλους
2541 4224 2869 4299 κτήσασθαι,
2905 4221 3122 4292 πρῶτον
3185 4219 3283 4289 μὲν
3332 4217 3421 4272 ἵνα
3445 4217 3622 4287 μήτις
3661 4233 3755 4286 με-

2182 4329 2356 4399 τάσχῃ
2377 4327 2473 4395 τῆς
2495 4322 2588 4377 ἀπ’
2612 4317 2792 4374 αὐτῶν
2838 4313 3179 4385 ψυχοφθόρου
3212 4309 3412 4381 λύμης,
3457 4308 3650 4362 ἔπειτα
3699 4307 3753 4361 δὲ

2184 4421 2272 4475 ἵνα
2309 4417 2383 4489 μὴ
2414 4415 2521 4470 ἀπὸ
2554 4409 2806 4480 τοιαύτης
2833 4406 3014 4468 αίτίας
3072 4400 3385 4473 κτήσωνταί
3412 4417 3486 4461 τι,
3544 4399 3756 4468 Ὠσπερ

2184 4516 2292 4586 γὰρ
2326 4514 2389 4587 τὸ
2414 4510 2521 4566 ἀπὸ
2549 4506 2811 4579 πορνείας
2843 4503 3030 4576 κέρδος
3048 4500 3431 4572 ἀπηγόρευται
3455 4498 3758 4569 προσάγειν

499 4604 704 4653 rerent.
731 4597 1201 4665 Quemadmodum
1237 4600 1385 4655 enim
1427 4602 1785 4659 interdictum
1833 4616 1974 4671 erat,
2008 4622 2065 4661 ne

2180 4608 2319 4678 Θεῷ,
2342 4606 2515 4669 οὔτως
2558 4602 2676 4656 οὐδὲ
2707 4599 2766 4653 τὸ
2790 4598 2888 4668 τῆς
2923 4594 3104 4657 αἰτίας
3141 4593 3345 4663 ταύτης
3370 4590 3637 4662 ἀργύριον
3668 4608 3758 4644 τε-

499 4689 715 4745 lncrum
754 4705 784 4745 a
824 4690 1189 4746 fornicatione
1219 4703 1440 4763 partum
1486 4694 1596 4749 Deo
1626 4694 1922 4752 offerretur
1954 4716 1966 4753 :
2006 4698 2081 4755 ita

498 4795 682 4851 neque
712 4780 1028 4852 hujusmodi
1073 4782 1297 4839 sceleris
1334 4793 1619 4855 argentum
1650 4785 1780 4855 poni
1812 4787 1879 4841 ad
1912 4788 2082 4859 pedes

496 4873 877 4944 apostolorum
909 4876 1121 4948 justum
1160 4875 1505 4947 judicabant.
1554 4886 1651 4932 aut
1694 4877 1855 4935 facile
1906 4881 2085 4937 susci-

498 4964 788 5037 piendum.
1966 5032 1983 5045 I

572 5056 937 5123 XlX,’55-40.
982 5079 1000 5111 ι
1040 5060 1107 5115 Ει
1155 5076 1281 5116 cum
1328 5061 1574 5118 sedasset
1615 5064 1797 5121 scriba
1835 5066 2079 5133 turbam,

503 5169 533 5205 ιι
578 5149 717 5205 dixit
758 5166 774 5206 :
813 5151 927 5207 Viri
973 5152 1221 5221 Ephesii,
1267 5154 1392 5223 quis
1437 5156 1585 5209 enim
1633 5166 1718 5213 est
1763 5158 2079 5226 hominum,

504 5261 534 5294 ι
580 5241 675 5312 qui
708 5243 917 5298 nesciat
947 5243 1311 5314 Ephesiorum
1346 5246 1625 5302 civitatem
1665 5249 1927 5305 acdituam‘
1961 5267 2084 5307 esse

510 5353 535 5389 ι
577 5348 784 5404 magna:
807 5333 992 5390 Dianae
1017 5326 1141 5390 dea!
1173 5344 1229 5391 et
1259 5352 1287 5390 a
1318 5337 1453 5393 Jove
1486 5338 1756 5409 delapsae?
1793 5340 1928 5396 Cum
1976 5343 2082 5414 igi-

508 5446 534 5476 ι
581 5432 671 5480 tur
712 5424 799 5481 bis
832 5441 1007 5482 “nemo
1048 5428 1410 5493 contradicat,
1462 5438 1679 5501 oportet
1726 5447 1824 5487 vos
1866 5432 2085 5488 sedatos

512 5539 534 5570 ι
581 5534 735 5581 esse,
776 5519 1025 5591 nihilque
1073 5522 1481 5592 praecipitanter
1533 5539 1714 5605 agere.
1765 5525 2087 5582 Adduxistis

513 5636 537 5667 ι
583 5615 731 5671 enim
762 5614 1014 5670 homines
1046 5615 1183 5671 istos
1212 5632 1392 5686 neque
1421 5618 1717 5688 sacrilegos
1745 5634 1926 5689 neque
1952 5634 2085 5675 con-

513 5728 541 5771 ι
588 5708 912 5765 tumeliosos
940 5709 994 5764 in
1024 5709 1182 5775 deam
1215 5718 1476 5769 vestram.
1534 5710 1742 5779 Quodsi
1775 5711 2086 5768 Demetrius

592 5887 638 5923 “
660 5890 765 5945 lsa.
799 5902 954 5956 nm,
981 5889 1038 5944 9.

2184 4699 2342 4770 θῆναι
2371 4696 2521 4767 παρὰ
2551 4696 2676 4757 τοὺς
2704 4690 2812 4745 τῶν
2842 4686 3156 4743 ἀποστόλων
3186 4683 3353 4749 πόδας
3380 4683 3585 4768 δίκαιον
3607 4683 3760 4754 ἔκρι-

2183 4808 2281 4845 ναν
2321 4788 2355 4862 ἢ
2407 4786 2784 4841 εύαπόδεκτον.

2261 5074 2279 5107 ι
2316 5049 2694 5111 Καταστείλας
2716 5044 2774 5099 δὲ
2803 5046 2831 5099 ὁ
2865 5040 3232 5114 γραμματεὺς
3288 5040 3383 5093 τὸν
3410 5037 3593 5108 όχΑον,
3651 5052 3758 5107 φη-

2191 5168 2211 5203 (
2248 5147 2366 5202 σίν·
2402 5142 2626 5210 Ἀνδρες
2658 5137 2922 5206 Ἐφέσιοι,
2963 5134 3046 5198 τίς
3105 5133 3215 5202 γάρ
3267 5131 3414 5185 ἐστιν
3477 5128 3757 5201 ἄνθρωπος

2192 5260 2212 5294 ι
2248 5240 2307 5304 ὃς
2338 5239 2400 5293 ού
2422 5234 2680 5304 γινώσκει
2718 5230 2815 5300 τὴν
2847 5228 3114 5297 Ἐφεσίων
3148 5224 3303 5279 πόλιν
3344 5222 3618 5294 νεωκόρον
3666 5214 3756 5274 οὗ·

2195 5355 2213 5388 ι
2259 5351 2357 5388 σαν
2378 5332 2478 5400 τῆς
2515 5326 2757 5399 μεγάλης
2788 5319 3251 5393 θεᾶςἈρτέμιδος
3291 5317 3389 5372 καὶ
3418 5317 3511 5370 τού
3572 5316 3756 5369 Διοπε-

2195 5449 2214 5481 ι
2246 5428 2404 5493 τοῦςς
2436 5419 2868 5493 Ἀναντιρρήτων
2899 5411 2992 5469 οὖν
3026 5414 3193 5468 ὄντων
3222 5410 3447 5477 τούτων,
3482 5407 3753 5463 δέονὲστὶν

2200 5542 2220 5578 ι
2256 5521 2398 5591 ὑμᾶς
2433 5508 2901 5581 κατεσταλμένους
2926 5507 3210 5579 ὑπάρχειν.
3237 5505 3332 5559 καὶ
3356 5502 3523 5574 μηδὲν
3546 5516 3748 5572 προπε-

2200 5635 2219 5669 ι
2256 5612 2346 5676 τὲς
2371 5608 2653 5681 πράσσειν.
2691 5601 2955 5672 Ἠγάγετε
2993 5600 3103 5668 γὰρ
3139 5596 3265 5660 τοὺς
3288 5595 3489 5668 ἄνδρας
3517 5592 3751 5665 τούτους,

2200 5730 2217 5762 ι
2251 5705 2373 5763 οὔτε
2434 5698 2768 5774 ἱεροσύλους,
2814 5693 2936 5749 οὒτε
2988 5687 3446 5765 βλασφημοῦντας
3506 5685 3606 5759 την
3634 5682 3750 5751 θεὰν
