4024 6616
442 446 449 453 ’
469 443 578 507 255

1566 440 1968 502 (ECUMENII
1996 439 2289 501 ΤΒῙΟΟᾸΞ
2319 437 2660 501 EPISCOPI

3685 425 3786 494 526

476 579 494 609 ι
541 556 698 611 rebat
727 553 809 610 eis
835 552 1185 623 profecturus
1203 547 1492 621 postridie,
1531 549 1909 619 protraxitque
1937 565 2054 605 ser-

2171 565 2183 598 ι
2219 549 2418 614 ἐξιέναι
2438 551 2503 619 τῇ
2536 548 2797 618 ἐπαύριον
2817 562 2831 577 ο
2877 543 3169 619 παρέτεινέ
3192 561 3263 599 τε
3284 541 3391 597 τὸν
3434 539 3609 610 λόγον
3628 543 3784 615 μέχρι

476 672 494 703 ε
539 663 759 705 monem
804 661 977 716 usque
1018 645 1075 699 in
1121 644 1357 699 mediam
1390 650 1629 696 noctem.
1663 642 1834 696 Erant
1863 651 2049 696 autem

478 764 494 793 ι
537 743 775 796 lucernae
826 739 1009 792 multae
1043 738 1097 791 in
1143 735 1450 801 caenaculo,
1480 734 1576 788 ubi
1616 742 1773 789 erant
1817 748 2051 805 congre-

480 855 499 885 ε
544 835 673 902 gati.
713 832 923 887 Sedens
970 839 1153 885 autem
1197 828 1421 899 quidam
1462 828 1781 882 adolescens
1831 828 2052 882 nomine

478 947 496 976 ι
540 925 819 994 Eutychus
866 922 923 976 in
975 922 1237 987 fenestra,
1265 935 1390 974 cum
1443 919 1830 990 degravaretur
1859 933 2053 972 somno

480 1037 496 1067 ι
545 1014 912 1086 profundiori,
945 1013 1251 1068 disserente
1275 1013 1369 1066 diu
1400 1011 1591 1077 Paulo,
1621 1009 1792 1079 magis
1821 1010 2050 1079 deprcs-

480 1127 498 1158 ι
541 1123 634 1162 sus
697 1106 905 1162 decidit
977 1121 1047 1159 ex
1114 1103 1283 1160 tertio
1340 1103 1624 1159 cmnaculo
1671 1103 1949 1162 deorsum.
1997 1110 2056 1155 et

480 1219 496 1249 ι
544 1197 793 1253 sublatus
885 1207 970 1252 est
1067 1204 1343 1250 mortuus.
1431 1194 1569 1249 Cum
1678 1193 2056 1249 descendisset

482 1312 498 1341 ι
539 1299 719 1345 autem
748 1290 951 1345 Paulus
997 1289 1247 1345 incubuit
1281 1304 1448 1358 super
1482 1302 1608 1343 eum
1652 1296 1708 1342 et
1740 1286 2057 1355 complexus

484 1404 501 1433 ε
547 1384 686 1440 dixit
737 1402 750 1438 :
792 1384 977 1438 Nolite
1024 1382 1258 1447 turbari,
1297 1382 1478 1436 anima
1520 1381 1667 1435 enim
1700 1381 1820 1451 ejus
1851 1379 1906 1432 in
1939 1378 2056 1448 ipso

485 1494 500 1524 ι
546 1483 648 1529 est.
676 1474 937 1544 Cumque
968 1473 1306 1528 ascendisset
1343 1482 1398 1527 et
1438 1471 1690 1539 fregisset
1738 1485 1935 1540 panem
1994 1485 2058 1525 ac

484 1584 501 1615 ι
544 1565 914 1634 degustasset,
951 1564 1046 1618 diu
1076 1564 1383 1619 collocutus
1410 1578 1582 1632 usque
1622 1562 1689 1615 ad
1730 1560 2056 1624 diluculum,

485 1678 501 1706 ι
542 1659 615 1713 ita
670 1658 890 1713 demum
944 1657 1225 1726 profectus
1292 1665 1396 1711 est.
1458 1656 1818 1711 Adduxerunt
1874 1662 2057 1709 autem

486 1769 503 1799 ι
552 1764 785 1819 puerum
818 1748 1116 1813 viventem,
1154 1759 1211 1804 et
1240 1748 1669 1803 consolationem
1702 1762 1814 1801 non
1847 1746 2059 1800 medio-

488 1862 505 1891 α
547 1856 699 1896 crcm
728 1851 1082 1911 acceperunt.
1114 1842 1225 1897 Nos
1249 1850 1430 1896 autem
1460 1856 1761 1896 conscensa
1786 1840 1912 1894 navi
1946 1838 2059 1894 sol-

2159 657 2177 689 ι
2214 639 2592 707 μεσονυκτίου.
2637 635 2818 693 Ἷισαν
2873 638 2929 691 δέ
2971 637 3277 708 λαμπάδες
3344 633 3555 687 ἱκαναὶ
3607 632 3668 686 ἐν
3713 634 3787 706 τῷ

2160 746 2178 778 ι
2219 730 2472 801 ὑπερῴῳ,
2504 725 2565 784 οὗ
2591 725 2731 800 ἦσαν
2763 728 3116 799 συνηγμένοι.
3172 724 3363 795 Kasz
3375 740 3555 796 μενος
3612 723 3671 778 δέ
3706 740 3785 790 τις

2160 844 2178 875 ι
2218 823 2436 885 νεανίας
2471 822 2696 891 ὀνόματι
2724 820 2962 893 Εὖτυχος
3001 822 3093 874 ἐπὶ
3121 820 3237 890 τῆς
3283 816 3557 889 θυρίδος,
3612 833 3783 871 κατα-

2161 936 2177 967 ι
2209 916 2505 985 φερόμενος
2529 902 2693 984 ὕπνῳ’
2712 913 2882 985 βαθεῖ,
2906 913 3320 983 διαλεγομένου
3379 908 3490 963 τοῦ
3541 909 3785 972 Παύλου,

2162 1026 2179 1058 ι
2219 1008 2309 1059 ἐπὶ
2360 1006 2543 1058 πλεῖον
2609 1004 2956 1074 κατενεχθεὶς
2992 1003 3096 1057 ὑπὸ
3150 1001 3266 1056 τοῦ
3300 999 3523 1062 ὕπνου,
3587 999 3786 1053 ἔπεσεν
3843 1014 3849 1019 '

2162 1120 2182 1152 ι
2222 1098 2329 1155 ἀπὸ
2349 1099 2443 1152 τοῦ
2473 1098 2763 1168 τριστέγου
2791 1097 2961 1164 κάτω,
2984 1098 3076 1151 καὶ
3100 1095 3258 1168 ἤρθη
3306 1092 3551 1164 νεκρός.
3590 1094 3784 1147 Κατα-

2163 1210 2182 1243 ι
2215 1192 2313 1254 ϐὰς
2334 1190 2439 1244 δὲό
2462 1190 2676 1253 Παῦλος
2704 1189 2971 1243 ἐπέπεσεν
3006 1188 3155 1258 αὐτῷ
3189 1205 3209 1221 ’
3244 1186 3358 1241 καὶ⁸
3424 1186 3787 1255 συμπεριλα-

2163 1304 2180 1335 ι
2219 1284 2350 1348 ϐὼν,
2384 1279 2539 1337 εἷπεο
2589 1281 2681 1350 Μὴ
2714 1279 3052 1352 θορυϐεῖσθε.
3091 1280 3158 1334 Ἦ
3220 1279 3351 1349 γὰρ
3401 1275 3568 1347 ψυχὴ
3620 1276 3785 1330 αὐτοῦ

2165 1396 2183 1430 ι
2227 1378 2285 1431 ἐν
2311 1376 2460 1446 αὐτῷ
2489 1377 2656 1431 ἐστιν.
2682 1373 2950 1439 Ἀναστὰς
2982 1373 3043 1427 δέ
3076 1374 3171 1427 καὶ
3218 1372 3465 1432 κλάσας
3492 1370 3669 1440 ἄρτον
3694 1370 3787 1424 καὶ

2165 1487 2182 1517 ι
2219 1467 2577 1535 γευσάμενος,
2609 1462 2696 1533 ἐφ’
2728 1463 2910 1517 ἱκανόν
2949 1476 3008 1517 τε
3050 1463 3346 1533 ὁμιλήσας
3405 1460 3549 1530 ἄχρι
3588 1460 3783 1531 αὐγῆς,

2166 1577 2184 1609 ι
2230 1557 2402 1619 οὕτως
2439 1555 2681 1626 ἐξῆλθεν.
2720 1556 2964 1622 Ἤγαγον
2986 1553 3044 1607 δέ
3086 1553 3177 1607 τὸν
3196 1551 3392 1606 παῖδα
3422 1551 3645 1616 ζῶντα,
3695 1550 3788 1605 καὶ

2170 1670 2188 1702 ι
2228 1648 2652 1721 παρεκλήθησαν
2675 1647 2736 1702 ού
2762 1646 3261 1719 μετρίωςμἮμεϊς
3297 1644 3366 1698 δὲ
3412 1642 3783 1714 προελθόντες

2169 1748 2211 1796 ι’
2230 1746 2321 1797 ἐπὶ
2355 1744 2417 1796 τὸ
2444 1742 2645 1809 πλοῖον,
2685 1741 3004 1813 ἀνήχθημεν
3032 1742 3111 1804 εἰς
3138 1740 3245 1811 τὴν
3293 1739 3546 1803 Ἄσσον,
3573 1736 3785 1790 ἐκεῖθεν

2172 1859 2189 1889 ι
2231 1838 2514 1908 μέλλοντες
2544 1836 2950 1906 ἀναλαμϐάνειν
2981 1834 3073 1889 τὸν
3108 1834 3345 1889 Παῦλον
3380 1848 3398 1863 ⁸
3442 1829 3634 1894 οὕτως
3676 1827 3781 1901 γὰρ

490 1952 507 1979 ι
546 1931 731 1986 vimus
756 1947 950 1987 versus
986 1933 1185 1997 Asson,
1212 1932 1340 1986 inde
1365 1931 1646 2001 excepturi
1673 1930 1902 1986 Paulum
1938 1948 1951 1984 :
1984 1932 2058 1986 ita

2171 1955 2184 1983 ι
2224 1899 2289 2004 ἦν
2316 1899 2757 2001 διατεταγμένος,
2788 1929 2998 2000 μέλλων
3021 1929 3195 1992 αὐτὸς
3243 1925 3554 1992 πεζεύειν.
3599 1925 3692 1986 Ὦς

488 2047 505 2076 ι
548 2028 697 2081 enim
772 2028 1137 2082 constituerat
1197 2026 1335 2096 ipse,
1399 2034 1544 2082 terra
1612 2026 1718 2082 iter
1788 2024 2058 2081 facturus.

488 2141 505 2171 ι
548 2119 687 2175 Cum
734 2129 917 2175 autem
954 2119 1306 2175 convenisset
1352 2118 1420 2173 ad
1467 2133 1570 2174 nos
1606 2118 1805 2183 Asson,
1839 2128 2060 2189 recepto

489 2231 507 2263 ι
542 2227 608 2266 eo
682 2213 937 2268 venimus
995 2211 1311 2283 Mitylenem
1359 2227 1375 2265 :
1419 2218 1475 2265 et
1545 2209 1675 2265 inde
1740 2210 2062 2287 navigantes

489 2324 507 2354 ‹
544 2305 794 2374 sequenti
841 2305 931 2360 die
984 2304 1238 2359 venimus
1279 2312 1471 2359 contra
1520 2302 1741 2359 Chium.
1789 2302 2062 2357 Postridie

488 2417 504 2447 ι
554 2412 687 2451 vero
716 2396 1037 2466 appulimus
1066 2394 1309 2459 Samum,
1343 2402 1399 2449 et
1423 2393 1748 2449 commorati
1776 2392 2060 2463 Trogyllii,

490 2507 507 2536 ι
546 2488 798 2556 proximo
829 2487 919 2541 die
946 2487 1201 2541 venimus
1228 2484 1494 2540 Miletum.
1519 2484 1888 2553 Proposuerat
1914 2481 2060 2535 cnim

492 2596 511 2627 ι
554 2577 758 2631 Paulus
789 2575 1250 2646 przeternavigare
1276 2573 1579 2643 Ephesum,
1612 2587 1683 2628 ne
1711 2586 2065 2627 commoran-

490 2687 509 2721 ι
552 2668 683 2722 dum
715 2670 766 2724 ei
793 2678 938 2724 esset
962 2669 1016 2723 in
1047 2668 1195 2723 Asia.
1234 2667 1549 2723 Festinabat
1574 2668 1722 2722 enim
1756 2674 1818 2720 ut
1853 2684 1900 2721 s1
1938 2682 2066 2736 pos-

491 2779 509 2810 ι
553 2759 713 2814 sibile
742 2760 843 2816 sibi
872 2767 1041 2826 esset,
1076 2759 1223 2822 diem
1250 2760 1606 2815 Pentecostes
1634 2767 1822 2831 ageret
1844 2760 2069 2815 Jeroso-

494 2872 513 2903 ι
555 2852 735 2923 lymis.
774 2873 792 2904 ι

561 2943 720 3012 150
742 2962 761 2994 ι
783 2942 947 2998 Caius
968 2943 1227 2999 Derbteus
1247 2959 1311 2999 ac
1326 2944 1703 2999 Timotheus.)
1726 2943 2065 2999 Czeterorum

487 3034 715 3103 quidem
755 3035 962 3104 patrias
991 3036 1140 3091 unde
1184 3037 1293 3091 orti
1322 3044 1480 3092 erant
1509 3036 1789 3106 exprimit,
1820 3037 2067 3092 notiores

484 3140 584 3181 eos
615 3125 854 3181 reddens
892 3145 904 3180 :
934 3127 990 3181 in
1024 3127 1316 3182 Timotheo
1348 3142 1482 3182 vero
1519 3128 1639 3183 solo
1678 3128 1902 3183 nomine
1931 3144 2065 3183 con-

2167 2046 2186 2077 ¢
2230 2022 2518 2078 συνέϐαλεν
2550 2023 2682 2093 ἡμῖν
2719 2022 2798 2084 εἰς
2830 2021 2927 2092 τὴν
2958 2020 3186 2086 Ἄσσον,
3238 2015 3641 2079 ἀναλαϐόντες
3686 2011 3780 2068 αύ-

2169 2134 2190 2167 ι
2220 2112 2332 2179 τὸν,
2367 2113 2604 2183 ἤλθομεν
2636 2112 3054 2184 εῑςΜιτυλήνην
3074 2127 3090 2142 ⁸
3137 2108 3430 2168 κάκεῖθεν
3498 2104 3781 2163 ἀποπλεύ-

2171 2227 2190 2259 ι
2224 2224 2434 2271 σαντες.
2478 2210 2543 2278 τῇ
2591 2206 2819 2277 ἐπιούσῃ
2849 2205 3286 2275 κατηντήσαμεν
3343 2204 3595 2272 ἄντικρυ
3620 2198 3770 2254 Χίου.

2170 2319 2189 2353 ι
2226 2302 2304 2373 Τῇ
2340 2300 2395 2354 δὲ
2415 2300 2579 2370 ἑτέρα
2613 2299 2997 2370 παρεϐάλομεν
3051 2300 3131 2361 εἰς
3184 2297 3389 2367 Σάμον
3419 2311 3437 2326 ⁶
3507 2294 3609 2348 καὶ
3659 2290 3776 2362 μεί-

2170 2409 2190 2442 ι
2226 2408 2416 2455 ναντες
2477 2393 2534 2444 ἐν
2578 2389 2931 2459 Τρωγυλλίῳ,
2974 2391 3038 2458 τῇ
3098 2387 3347 2457 ἐχομένῃ
3395 2384 3649 2456 ἤλθομεν
3696 2382 3774 2447 εις

2172 2503 2191 2537 ι
2228 2484 2491 2554 Μίλητον.
2522 2482 2744 2553 Ἔκρινε
2775 2483 2884 2551 γὰρ
2915 2483 2942 2534 ό
2970 2480 3179 2541 Παῦλος
3228 2477 3648 2548 παραπλεῦσαι
3679 2475 3774 2545 τὴν

2172 2594 2191 2628 ι
2230 2578 2484 2645 Ἔφεσον,
2507 2577 2655 2638 ὅπως
2676 2574 2750 2645 μὴ
2771 2576 2995 2643 γένηται
3036 2572 3185 2642 αὐτῷ
3213 2571 3672 2643 χρονοτριϐῆσαι
3713 2568 3771 2622 ἓν

2172 2687 2191 2721 ι
2230 2671 2295 2738 τῇ
2322 2667 2499 2740 Ἀσίᾳ.
2532 2666 2822 2732 ’Ἑσπευδε,
2854 2668 2962 2737 γὰρ
2988 2667 3034 2718 εί
3065 2664 3293 2718 δυνατὸν
3337 2652 3413 2736 ἦν
3437 2662 3619 2733 αὐτῷ,
3674 2660 3772 2733 τὴν

2175 2780 2193 2813 ι
2229 2760 2442 2831 ἡμέραν
2493 2760 2593 2831 τῆς
2631 2759 3011 2830 Πεντηκοστῆς
3054 2756 3319 2827 γενέσθαι
3386 2756 3474 2819 είς
3542 2749 3767 2824 ’Ῑεροσόο

2173 2873 2193 2907 ι
2227 2854 2392 2923 λυμα.
2441 2872 2462 2906 ι

2245 2968 2263 3002 ι
2297 2949 2457 3014 Γάϊος
2487 2948 2749 3019 Δερϐαῖος
2777 2949 2871 3003 καὶ
2917 2948 3203 3029 Τιμόθεος.
3237 2967 3256 3001 ι
3306 2948 3441 3002 Τῶν
3465 2946 3572 3017 μὲν
3596 2944 3767 3002 ἄλλων

2168 3043 2264 3096 καὶ
2291 3042 2389 3106 τὰς
2414 3042 2680 3114 πατρίδας
2701 3041 2870 3110 λέγει,
2911 3041 3034 3094 ὅθεν
3081 3036 3245 3112 ἦσαν,
3292 3039 3766 3112 γνωριμωτέρους

2168 3134 2418 3189 ἐντεῦθεν
2453 3134 2644 3190 ποιῶν.
2687 3132 2815 3188 Ἐπὶ
2844 3133 2901 3188 δέ
2924 3131 3175 3203 Τιμοθέῳ
3203 3132 3465 3203 ἠρκέσθη
3516 3130 3668 3203 μόνῳ
3689 3127 3765 3200 τῷ

484 3224 674 3272 tentus
704 3224 810 3283 est,
836 3218 982 3287 quod
1019 3218 1111 3272 hic
1137 3233 1166 3271 a
1191 3217 1306 3273 suis
1336 3218 1586 3273 moribus
1613 3228 1670 3273 et
1707 3218 1914 3273 virtute
1946 3218 2062 3273 sui.

2171 3229 2411 3299 ὀνόματι,
2445 3229 2528 3281 ὅτι
2558 3245 2617 3280 τε
2641 3226 2802 3290 αὐτὸς
2843 3228 2907 3280 ἐκ
2936 3225 3043 3280 τῶν
3074 3225 3238 3280 αὐτοῦ
3275 3226 3517 3298 τρόπων
3547 3222 3642 3277 κού⁸
3665 3220 3761 3291 τῆς

486 3307 680 3362 ﬁciens
746 3308 977 3363 haberet
1033 3307 1364 3379 cognitionis
1426 3307 1689 3363 indicium
1740 3327 1753 3363 :
1805 3318 1862 3365 et
1913 3309 2061 3379 quod

483 3401 655 3455 etiam
701 3409 862 3456 antea
897 3401 1091 3471 patriae
1124 3400 1272 3455 illius
1300 3400 1522 3456 fecisset
1544 3401 1905 3467 mentionem,
1936 3416 2063 3456 cum

487 3495 699 3552 diceret
733 3513 746 3550 :
785 3495 1043 3550 Pervenit
1097 3503 1282 3550 autem
1325 3495 1542 3550 Derben
1595 3510 1659 3549 ac
1708 3494 1979 3565 Lystram,
2011 3503 2065 3550 et

489 3600 618 3640 ecce
660 3585 967 3655 discipulus
1010 3595 1132 3641 erat
1169 3587 1246 3641 ibi
1278 3588 1500 3642 nomine
1531 3587 1876 3642 Timotheus.
1907 3586 2062 3653 Quod

491 3678 537 3732 si
571 3677 833 3732 Derbacus
860 3678 1202 3747 gentilicium
1230 3694 1378 3732 nunc
1407 3687 1489 3733 est
1526 3688 1582 3733 ct
1616 3693 1722 3732 non
1755 3679 2061 3749 proprium;

492 3782 626 3826 tunc
672 3770 838 3826 etiam
887 3771 994 3826 boc
1042 3771 1167 3827 loco
1213 3771 1461 3828 fortassis
1504 3772 1632 3828 fecit
1681 3772 1870 3842 patria
1909 3788 2067 3828 men--

458 3880 461 3885 '
492 3865 722 3919 tionem.

560 3956 680 4021 XX,
712 3956 892 4013 17-21.
931 3976 949 4009 ι
1014 3957 1052 4011 Α
1083 3958 1270 4013 Mileto
1335 3966 1518 4013 autem
1564 3959 1749 4014 missis
1784 3960 2064 4030 Ephesum

499 4068 517 4101 ι
558 4048 789 4116 nuntiis,
832 4050 1123 4105 accersivit
1174 4050 1530 4122 presbyteros
1567 4050 1850 4108 Ecclesia.
1900 4048 2064 4107 Cum2

498 4158 517 4188 ι
560 4152 667 4207 que
697 4139 1081 4207 pervenissent
1115 4139 1179 4193 ad
1213 4141 1416 4209 ipsum,
1454 4140 1594 4195 dixit
1624 4140 1742 4196 eis:
1776 4142 1885 4198 Vos
1913 4142 2068 4198 scitis

497 4247 516 4279 ι
558 4243 588 4282 a
620 4229 801 4298 primo
830 4228 919 4283 die
944 4229 1076 4283 dum
1106 4227 1391 4300 ingressus
1414 4245 1534 4284 sum
1556 4230 1766 4297 Asiam,
1788 4232 2067 4301 quomodo

498 4339 522 4373 ο
558 4320 841 4388 vobiscum
862 4321 1009 4377 omni
1039 4330 1286 4392 tempore
1318 4322 1513 4376 fuerim
1553 4323 1803 4378 serviens
1833 4324 2069 4378 Domino

500 4432 519 4464 ι
561 4429 685 4468 cum
728 4414 878 4467 omni
917 4412 1086 4467 animi
1143 4413 1434 4478 modestia,
1470 4412 1768 4483 multisque
1813 4414 2068 4486 lacrymis

498 4524 517 4556 ι
558 4519 623 4558 ac
670 4503 1090 4569 tentationibus,
1137 4520 1259 4574 qua:
1305 4504 1438 4558 mihi
1473 4504 1800 4561 acciderunt
1827 4521 1895 4561 ex
1928 4508 2067 4562 insi-

2170 3324 2371 3395 ἀρετῆς
2398 3323 2662 3396 ἐξαρκοῦν
2691 3319 2805 3395 εἶχε
2834 3324 2896 3377 τδ
2916 3322 3226 3394 γνώρισμα,
3262 3323 3365 3376 καὶ⁵
3396 3322 3485 3376 ὅτι
3520 3318 3619 3375 καὶ
3638 3316 3760 3391 πρὶν

2174 3418 2392 3488 μνήμην
2413 3416 2579 3470 αὐτοῦ
2611 3419 2709 3487 τῆς
2744 3415 3001 3487 πατρίδος
3030 3416 3352 3487 ἐποιήσατο,
3381 3416 3443 3468 ἐν
3469 3407 3554 3477 οἷς
3585 3412 3751 3480 ἔλεγε·

2117 3545 2120 3548 .
2170 3506 2491 3577 Κατήντησε
2519 3504 2575 3559 δέ
2604 3506 2685 3568 εἰς
2709 3505 2920 3576 Δέρϐην
2955 3506 3051 3559 καὶ
3072 3505 3355 3576 Λύστραν,
3390 3503 3492 3559 κοιλ⁵
3523 3501 3633 3556 ἰδοὺ
3654 3516 3754 3571 μα-

2172 3595 2341 3666 θητής
2395 3613 2479 3660 τις
2530 3591 2599 3666 ἦν
2632 3598 2749 3649 ἐκεῖ
2777 3594 3001 3666 ὀνόματι
3053 3595 3340 3665 Τιμόθεος.
3398 3594 3466 3649 Εἰ
3493 3592 3551 3646 δέ
3581 3591 3672 3644 καὶ
3698 3588 3755 3645 τδ

2173 3687 2430 3757 Δερϐαῖος
2460 3686 2555 3741 νῦν
2609 3687 2819 3742 ἐθνικόν
2855 3688 2968 3740 ἐστι
3002 3687 3097 3740 καὶ
3148 3687 3223 3758 μὴ
3242 3687 3498 3758 κύριον.
3522 3683 3624 3739 καὶ
3664 3680 3754 3737 νῦν
3782 3717 3795 3721 -

2171 3780 2312 3849 τάχα
2348 3780 2445 3850 τῆς
2468 3780 2725 3850 πατρίδος
2756 3779 3188 3851 ἐμνημόνευσεν.

2251 3976 2269 4009 ι
2305 3957 2435 4011 una
2459 3959 2516 4011 δὲ
2538 3959 2633 4029 τῆς
2657 3959 2898 4029 Μιλήτου
2945 3958 3167 4031 πέμψας
3210 3961 3290 4023 είς
3335 3959 3595 4030 Ἔφεσον,
3622 3971 3745 4029 μετα

2180 4069 2200 4102 t
2238 4051 2535 4105 εκαλέσατο
2562 4052 2688 4115 τοὺς
2718 4052 3121 4122 πρεσϐυτέρους
3149 4053 3246 4123 τῆς
3280 4051 3637 4123 Ἐκκλησίας.
3663 4045 3747 4111 Ὦς

2179 4161 2198 4194 ι
2229 4142 2287 4197 δὲ
2319 4142 2685 4213 παρεγένοντο
2728 4142 2862 4213 πρὸς
2890 4143 3072 4209 αὑτὸν,
3122 4140 3279 4198 εἶπεν
3304 4146 3519 4209 αὐτοῖς·
3567 4140 3743 4211 Ὑμεῖς

2181 4253 2200 4287 ι
2235 4234 2530 4288 ἐπίστασθε
2562 4233 2668 4288 ἀπὸ
2698 4233 2923 4305 πρώτης
2951 4234 3181 4307 ἡμέρας,
3217 4237 3310 4306 ἀφ’
3343 4233 3417 4311 ἦς
3443 4235 3648 4306 ἐπέϐην
3669 4232 3743 4292 είς

2179 4342 2200 4377 ι
2232 4323 2331 4394 τὴν
2375 4324 2580 4390 Ἀσίαν,
2610 4324 2727 4388 πῶς
2758 4325 2879 4394 μεθ’
2901 4325 3053 4397 ὑμῶν
3075 4326 3167 4379 τὸν
3196 4328 3377 4382 πάντα
3409 4327 3601 4399 χρόνον
3624 4326 3735 4391 ἐγε·

2181 4434 2200 4468 ι
2238 4418 2431 4489 νόμην,
2478 4415 2744 4470 δουλεύων
2786 4417 2864 4488 τῷ
2890 4418 3082 4487 Κυρίῳ
3115 4418 3265 4489 μετὰ’
3283 4419 3471 4490 πάσης
3498 4426 3742 4470 ταπεινο-

2181 4526 2201 4560 ι
2235 4507 2529 4579 φροσύνης,
2581 4507 2674 4561 καὶ
2714 4507 2923 4562 πολλῶν
2975 4508 3226 4582 δακρύων
3276 4511 3371 4565 καὶ
3421 4503 3735 4578 πειρασμῶν

500 4614 520 4647 ι
561 4594 669 4650 diis
691 4593 1050 4650 Judaorum:
1088 4603 1146 4649 ut
1178 4596 1316 4649 nihil
1362 4594 1685 4667 sutIugerim
1717 4612 1911 4652 eorum
1939 4614 2062 4669 qua:

2171 4618 2191 4652 ι
2226 4599 2334 4652 τῶν
2386 4599 2709 4670 συμϐάντων
2740 4617 2829 4670 μοι
2867 4601 2926 4653 ἐν
2957 4603 3077 4664 ταῖς
3127 4601 3442 4665 ἐπιϐουλαῖς
3466 4599 3573 4653 τῶν
3609 4598 3734 4649 Ἰου-

497 4704 517 4737 ‹
566 4686 721 4741 vobis
773 4686 929 4741 utilia
956 4696 1165 4749 essent.
1198 4688 1333 4757 quin
1372 4690 1762 4744 annuntiarem
1799 4690 1980 4757 vobis,
2011 4699 2068 4745 et

501 4793 521 4827 ι
560 4775 817 4831 docerem
850 4792 950 4831 vos
982 4776 1203 4847 publice
1226 4793 1290 4831 ac
1314 4793 1414 4848 per
1449 4779 1692 4850 singulas
1718 4781 1933 4847 domos,
1983 4789 2067 4836 tc-

503 4885 522 4918 ι
566 4866 809 4922 stiticans
836 4868 1042 4924 Iudaeis
1092 4868 1254 4924 simul
1284 4878 1342 4922 et
1372 4870 1576 4925 Graecis
1621 4887 1740 4926 eam
1789 4887 1911 4941 quae
1941 4888 2069 4944 erga

504 4977 522 5008 ι
564 4959 737 5013 Deum
766 4969 853 5015 est
874 4960 1257 5030 paenitentiam
1312 4976 1378 5016 ac
1411 4961 1573 5017 ﬁdem
1605 4971 1733 5035 erga
1776 4965 2068 5020 Dominum

505 5071 524 5104 ι
566 5061 817 5108 nostrum
853 5053 1064 5109 Jesum.
1107 5074 1127 5106 ι
1542 5050 1550 5071 ³

470 5170 477 5173 -
568 5143 839 5211 Quoniam
869 5145 1027 5199 multi
1080 5145 1345 5215 loquendi
1383 5145 1608 5201 modum
1655 5146 1929 5218 ignorant,
1956 5163 2073 5203 ma-

496 5236 645 5292 xime
690 5235 823 5291 novi
869 5236 1204 5302 testamenti,
1263 5252 1376 5309 quo
1413 5237 1660 5308 episcopi
1714 5237 2072 5295 nominantur

500 5327 836 5399 presbyteri,
865 5343 929 5383 ac
962 5328 1277 5400 presbyteri
1307 5330 1555 5400 episcopi
1596 5349 1610 5384 :
1646 5330 1753 5385 hoc
1783 5340 1899 5385 tum
1940 5330 2072 5386 hinc

502 5419 866 5475 animadverti
897 5426 1098 5490 potest,
1123 5428 1237 5475 tum
1257 5436 1324 5477 ex
1350 5422 1591 5491 Epistola
1615 5421 1684 5479 ad
1713 5422 1989 5486 Titum,et
2007 5437 2074 5478 ex

501 5528 569 5567 ea
620 5528 744 5582 quae
787 5512 965 5567 estad
1003 5514 1408 5585 Philippenses,
1433 5514 1729 5585 prioreque
1788 5514 1857 5569 ad
1888 5515 2074 5570 Timo-

504 5601 717 5656 theum.
757 5602 837 5656 Ex
866 5602 973 5657 hoc
1006 5603 1189 5672 itaque
1219 5604 1481 5662 Actorum
1509 5604 1632 5659 loco
1685 5602 1755 5659 de
1784 5618 1849 5658 ea
1884 5618 1944 5658 re
1971 5618 2075 5672 po-

506 5700 618 5747 test
638 5693 828 5747 baberi
858 5709 1011 5749 certa
1039 5695 1344 5765 persuasio;
1372 5696 1447 5750 ita
1479 5697 1627 5752 enim
1648 5696 1917 5766 scriptum
1942 5704 2025 5750 est
2055 5715 2070 5749 :

506 5786 552 5841 A
587 5787 772 5842 Mileto
795 5796 977 5843 autem
1007 5790 1194 5845 missis
1224 5790 1500 5861 Ephesum
1523 5792 1755 5857 nuntiis,
1787 5790 2078 5846 accersivit

506 5878 857 5951 presbyteros
931 5881 1207 5949 Ecclesim,
1264 5892 1321 5940 ct
1390 5900 1497 5940 non
1528 5881 1695 5941 'dixit
1758 5884 2073 5953 episcopos.

2175 4711 2195 4746 ¢
2227 4692 2413 4758 δαίων,
2442 4692 2518 4756 ὡς
2544 4691 2698 4745 οὐδὲν
2732 4691 3139 4764 ὑπεστειλάμην
3179 4692 3289 4746 τῶν
3329 4689 3730 4763 συμφερόντων,

2178 4806 2197 4841 ι
2231 4785 2326 4839 τοῦ
2352 4785 2426 4856 μὴ
2455 4785 2773 4854 ἀναγγεῖλαι
2807 4787 2936 4856 ὑμῖν
2960 4825 2975 4851 ,
3017 4783 3113 4839 καὶ
3152 4784 3363 4852 διδάξαι
3399 4784 3543 4855 ὑμᾶς
3577 4781 3732 4849 δημο-

2176 4897 2195 4930 ι
2235 4879 2326 4950 atq.
2357 4877 2450 4931 καὶ
2479 4876 2596 4932 κατ’
2624 4878 2824 4943 οἴκους,
2850 4879 3352 4950 διαμαρτυρόμενος
3392 4873 3660 4935 Ἰουδαίοις
3677 4884 3730 4920 τε

2178 4991 2195 5023 ι
2232 4972 2324 5025 καὶ
2353 4971 2520 5041 Ἕλλη
2532 4988 2583 5024 σι
2605 4969 2701 5041 τὴν
2722 4972 2801 5033 εἰς
2826 4970 2919 5023 τὸν
2945 4970 3078 5024 Θεὸν
3107 4972 3417 5041 μετάνοιαν,
3450 4968 3540 5023 καὶ
3562 4963 3728 5017 πίστιν

2178 5075 2199 5110 ε
2233 5058 2331 5128 τὴν
2356 5059 2437 5119 εἰς
2463 5057 2556 5110 τὸν
2584 5056 2790 5128 Κύριον
2819 5057 2977 5128 ἡμῶν
3016 5059 3246 5127 Ἰησοῦν.
3283 5078 3302 5111 ι

2256 5147 2474 5218 Ἐπειδὴ
2505 5147 2755 5201 λανθάνει
2784 5148 2910 5211 τοὺς
2940 5148 3170 5211 πολλοὺς
3197 5150 3231 5219 ἡ
3269 5147 3547 5220 συνήθεια,
3582 5139 3726 5214 μάλι-

2174 5256 2277 5294 στα
2308 5242 2405 5310 τῆς
2438 5239 2648 5310 Καινῆς
2678 5235 2974 5311 Διαθήκής,
3005 5240 3130 5303 τοὺς
3151 5240 3481 5303 ἐπισκόπους
3507 5230 3725 5307 πρεσϐυ-

2174 5334 2365 5405 τέρους
2386 5334 2746 5404 όνομάζουσα,
2789 5334 2884 5387 καὶ
2911 5333 3038 5397 τοὺς
3069 5330 3479 5404 πρεσϐυτέρους
3522 5319 3725 5381 ἐπισκό-

2175 5444 2331 5490 πους,
2364 5424 2697 5497 σημειωτέον
2728 5423 2888 5478 τοῦτο
2938 5422 3209 5489 ἐντεῦθεν,
3264 5424 3359 5477 καὶ
3388 5424 3451 5476 ἐκ
3479 5420 3573 5491 τῆς
3605 5412 3726 5486 πρὸς

2175 5517 2335 5572 Τίτον
2374 5516 2712 5586 Ἐπιστολῆς,
2746 5516 2827 5569 ἔτι
2851 5515 2908 5568 δὲ
2930 5515 3024 5570 καὶ
3052 5515 3192 5587 πρὸς
3213 5511 3617 5583 Φιλιππησίους,
3639 5500 3722 5556 καὶ

2139 5664 2153 5683 1
2179 5611 2244 5663 ἐκ
2275 5609 2374 5678 τῆς
2401 5607 2537 5681 πρὸς
2563 5608 2828 5677 Τιμόθεον
2883 5605 3129 5679 πρώτης.
3177 5605 3309 5659 Ἀπδ
3341 5606 3437 5676 μέν
3464 5601 3553 5655 οὖν
3593 5591 3724 5666 Πρά-

2179 5699 2314 5766 ξεων
2340 5697 2588 5751 ἐντεῦθεν
2619 5698 2734 5751 ἐστι
2774 5697 3059 5767 πεισθῆναι
3089 5698 3219 5768 περὶ
3272 5696 3480 5750 τούτου.
3529 5689 3717 5757 Γέγρα-

2180 5809 2309 5845 πται
2359 5792 2465 5863 γὰρ
2508 5792 2698 5854 οὔτως·
2745 5790 2878 5844 Ἀπὸ
2905 5790 2962 5843 δὲ
3008 5792 3105 5862 τῆς
3136 5788 3376 5861 Μιλήτου
3425 5783 3632 5856 πέμψας
3651 5777 3719 5838 εἰς

2186 5884 2438 5954 Ἔφεσον,
2478 5884 2879 5955 μετεκαλέσατο
2905 5884 3030 5948 τοὺς
3061 5882 3459 5955 πρεσϐυτέρους
3485 5877 3576 5949 τῆς
3609 5871 3715 5926 Ἕκ⁶
