4024 6606
342 426 452 489 2.37

1339 428 1729 489 COMMENT.
1767 429 1844 487 IN
1888 429 2071 486 ACTA
2104 429 2677 492 APOSTOLORUM.

3491 436 3600 498 2138

347 539 601 610 κλησίας,
626 540 718 591 καὶ
750 540 849 593 οὐκ
882 540 1065 610 εἴρηκε
1093 540 1216 602 τοὺς
1248 539 1599 602 ἐπισκόπους.
1636 535 1769 593 Εἶτα
1798 540 1916 591 ἐπι-

2039 538 2225 593 )einde
2289 542 2614 611 subjungit:
2657 560 2675 593 ι
2717 542 2776 596 ln
2811 558 2920 612 quo
2969 558 3065 599 vos
3109 544 3353 614 Spiritus
3380 562 3604 604 sanctus

346 632 507 700 φέρει
526 646 541 659 ·
564 649 583 680 ι
618 630 708 683 Ἑν
727 623 772 696 ᾦ
787 631 931 701 ὑμᾶς
957 630 1017 683 τὸ
1041 628 1261 700 Πνεῦμα
1281 631 1342 683 τὸ
1364 632 1519 699 ἅγιον
1537 630 1687 683 ἔθετο
1705 631 1926 683 ἐπισκό-

346 737 509 785 πους,
543 722 858 789 ποιμαίνειν
888 721 1363 792 τὴν,“Εκκλησίαν.
1393 740 1410 772 ι
1433 722 1565 776 Ἀπὸ
1590 722 1646 775 δὲ
1672 723 1768 789 τῆς
1790 724 1929 793 πρὸς

347 812 513 865 Τίτον
558 812 906 880 Ἐπιστολῆς,
941 833 959 866 ι
992 814 1371 884 Καταστήσεις
1409 814 1552 869 κατὰ
1609 814 1765 868 πόλιν
1801 832 1933 885 πρε-

348 903 676 974 σϐυτέρους,
707 905 784 969 ὡς
811 905 924 973 ἐγώ
960 923 1042 961 σοι
1071 906 1425 977 διεταξάμην.
1465 925 1485 960 ι
1550 908 1681 959 Ἀπὸ
1738 907 1795 960 δὲ
1831 908 1931 978 τῆς

347 995 489 1063 πρὸς
510 995 912 1066 ⁴ἰνιλιππησίους
933 1014 948 1028 ’
983 1015 1001 1048 ι
1044 998 1172 1063 Τοῖς
1216 998 1367 1053 οὖσιν
1397 1002 1457 1053 ἐν
1507 1000 1796 1065 Φιλίπποις
1832 999 1929 1055 σὺν

347 1086 675 1150 ἐπισκόποις
704 1090 797 1141 καὶ
823 1087 1110 1152 διακόνοις.
1152 1107 1171 1142 ι
1230 1085 1398 1160 Οἶμαι
1423 1091 1479 1144 δὲ
1507 1092 1591 1145 ὅτι
1620 1092 1715 1147 καὶ
1739 1092 1804 1146 ὲκ
1833 1093 1932 1163 τῆς

348 1178 631 1250 προτέρας
656 1179 794 1250 ¹ιινρδς
817 1180 1080 1251 Τιμόθεον
1100 1182 1557 1253 ἀναλογισάμενον
1587 1183 1742 1238 τοῦτο
1766 1184 1929 1238 ὲκλα·

348 1268 469 1322 σεῖν
498 1270 638 1324 ἔστι.
677 1289 698 1323 ι
731 1272 801 1325 Et
828 1289 913 1336 τις
940 1273 1066 1345 γὰρ,
1104 1273 1291 1344 φησὶν,
1324 1274 1630 1344 ἐπισκοπῆς
1654 1275 1929 1348 ὀρέγεται,

351 1361 523 1415 καλοῦ
547 1363 711 1434 ἔργου
744 1363 1019 1435 ἐπιθυμεῖ.
1049 1366 1141 1417 Δεῖ
1167 1359 1260 1419 οὖν
1288 1366 1379 1419 τὸν
1398 1367 1697 1420 ἐπίσκοπον
1735 1367 1929 1422 ἀνεπί-

351 1452 561 1524 ληπτον
583 1451 788 1520 εἶναι.)
810 1456 922 1509 Kal
951 1456 1069 1526 μετ’
1088 1456 1245 1525 ὀλίγα
1268 1474 1283 1487 ο
1313 1476 1332 1510 ι
1363 1458 1521 1529 Χήρα
1548 1459 1931 1528 καταλεγέσθω

355 1546 692 1616 μὴὲλάττων
722 1548 857 1601 ἑτῶν
878 1549 1165 1619 ἐξήκοντα.
1209 1567 1229 1601 ι
1259 1549 1456 1604 Κανὼν
1483 1552 1592 1622 γάρ
1621 1553 1767 1605 ἐστιν
1804 1553 1931 1606 Ἐκα-

349 1640 606 1709 κλησίας,
660 1641 975 1713 διαγράφων
1012 1643 1194 1697 ὁποῖον
1250 1638 1391 1698 εἷναι
1418 1643 1502 1697 δεῖ
1552 1643 1643 1698 τὸν
1665 1644 1929 1706 τοιοῦτον.

357 1750 376 1781 ι
410 1732 570 1785 Μετὰ
633 1732 816 1802 πάσης
870 1734 1374 1806 ταπεινοφροσύνης
1415 1737 1509 1790 καὶ
1573 1737 1784 1791 πολλῶν
1833 1738 1932 1792 δα-

350 1822 558 1892 κρύων.
593 1841 612 1874 ι
647 1824 918 1879 Ἐνταῦθα
946 1826 1271 1898 χαρακτῆρα
1297 1826 1644 1892 διδασκαλίας
1666 1828 1927 1896 δείκνυσι,

349 1913 413 1965 τὸ
450 1913 702 1983 ἄφθονον,
756 1915 819 1968 τὸ
852 1916 1065 1984 ἄοκνον,
1119 1918 1300 1973 καὶτὸ
1350 1919 1653 1990 συμπαθές.
1682 1920 1929 1992 Ἐπασχε

351 2004 464 2076 γὰρ
493 2005 636 2078 ὑπὲρ
669 2007 780 2063 τῶν
817 2007 1232 2080 ἀπολλυμένων,
1263 2011 1402 2083 ὑπὲρ
1428 2012 1536 2068 τῶν
1560 2013 1926 2069 ἀπολλύντων.

351 2099 464 2151 Καὶ
482 2099 546 2153 τὸ
576 2100 856 2166 ταπεινὸν,
889 2103 984 2156 καὶ
998 2102 1096 2174 οὐχ
1130 2103 1339 2167 ἁπλῶς,
1369 2104 1508 2159 ἀλλὰ
1543 2105 1681 2175 μετὰ
1722 2105 1927 2174 πάσης,

349 2192 512 2262 φησὶ,
535 2193 1070 2267 ταπεινοφροσύνης·
1103 2195 1273 2250 πολλὰ
1316 2196 1419 2267 γὰρ
1457 2197 1570 2267 εἴδη
1600 2198 1699 2267 τῆς
1743 2214 1933 2253 ταπει-

348 2283 715 2356 νοφροσύνης,
749 2286 808 2340 ὲν
841 2286 1009 2358 λόγῳ,
1044 2288 1100 2341 ὲν
1122 2286 1290 2359 ἔργῳ,
1325 2288 1461 2360 πρὸς
1489 2289 1777 2361 ἄρχοντας,
1794 2290 1932 2361 πρὸς

349 2376 713 2446 ἀρχομένους.
760 2397 779 2429 ι
808 2379 916 2433 Kal
941 2379 1001 2433 τὸ
1051 2380 1118 2434 τὰ
1149 2382 1497 2453 συμφέροντα
1526 2382 1724 2451 λέγειν.
1770 2402 1789 2434 ι
1823 2378 1933 2437 Ἦν

350 2469 462 2539 γὰρ
498 2469 535 2524 ἃ
556 2470 657 2523 οὐκ
676 2470 783 2525 ἔδει
816 2471 1029 2543 μαθεῖν.
1071 2474 1282 2546 ’Ὠσπερ
1310 2475 1418 2547 γὰρ
1447 2475 1511 2529 τό
1551 2493 1673 2530 τινα
1696 2478 1949 2547 κρύπτε-⁸

352 2559 483 2613 σθαι
516 2560 736 2629 φθόνου,
760 2561 906 2617 οὕτω
931 2564 993 2618 τὸ
1044 2565 1107 2618 τὸ
1137 2567 1243 2620 πᾶν
1265 2565 1446 2635 λέγειν
1488 2567 1691 2632 αὐτοῖς,
1727 2567 1930 2630 ἀνοίας.

350 2652 470 2706 Kal
499 2654 591 2707 διὰ
636 2653 797 2709 τοῦτο
827 2657 1135 2728 προσέθηκε
1157 2674 1171 2687 ·
1231 2658 1353 2712 Τῶν
1384 2660 1795 2730 συμφερόντων,
1831 2661 1934 2714 οὐκ

345 2747 533 2801 εἰπεῖν
561 2747 746 2819 μόνον,
775 2748 915 2804 ἀλλὰ
939 2749 1036 2804 καὶ
1074 2748 1303 2817 διδάξαι.

434 3029 454 3063 ι
482 3012 595 3067 Kal
618 3012 713 3068 νῦν
734 3015 845 3071 ἰδοὺ
870 3016 982 3085 ἐγὼ
1005 3017 1286 3089 δεδεμένος
1310 3020 1389 3092 τῷ
1414 3020 1685 3093 πνεύματι
1710 3022 1937 3090 πορεύο-

355 3122 379 3156 ε
425 3122 527 3174 μαι
579 3107 661 3172 είς
698 3108 1076 3182 Ἰερουσαλὴμ,
1133 3110 1204 3165 τὰ
1262 3113 1321 3165 ἐν
1350 3112 1487 3184 αὐτῇ
1534 3115 1938 3186 συναντήσοντά

2031 631 2217 700 posuit
2249 634 2543 703 episcopos
2567 633 2635 686 ad
2660 633 2957 703 regendum
2986 634 3297 697 Ecclesiam
3333 638 3452 694 Dei.
3480 658 3499 690 ι
3524 640 3603 694 Ex

2031 724 2276 793 Epistola
2305 740 2438 779 vero
2472 725 2540 779 ad
2571 724 2756 780 Titum
2792 740 2806 777 :
2850 744 2868 776 ι
2907 727 2973 780 Et
3006 728 3313 783 constitues
3357 745 3457 799 per
3483 731 3605 785 sin-

2029 813 2186 883 gulas
2220 814 2472 869 civitates
2512 815 2864 886 presbyteros
2913 817 3055 871 sicut
3104 834 3205 889 ego
3237 819 3334 874 tibi
3384 822 3608 875 ordina~

2032 920 2149 959 ram
2193 905 2256 960 “.
2298 925 2317 957 ι
2355 904 2432 958 Ex
2456 904 2701 975 Epistola
2737 907 2804 961 ad
2834 908 3247 979 Philippenses:
3292 932 3310 963 ι
3338 912 3448 979 Qui
3477 921 3607 969 sunt

2032 995 2304 1066 Philippis
2358 1012 2466 1051 una
2495 1012 2619 1052 cum
2652 998 2927 1070 episcopis
2951 1017 3014 1056 ac
3043 1002 3286 1058 diaconis
3314 1005 3377 1060 ³ο.
3419 1024 3439 1057 ι
3475 1004 3604 1076 0ρί-

2032 1103 2136 1143 nor
2156 1095 2341 1143 autem
2374 1089 2520 1158 quod
2554 1105 2622 1143 ex
2659 1090 2841 1161 priore
2872 1108 3093 1163 quoque
3140 1094 3207 1149 ad
3251 1096 3600 1153 Timotheum

2031 1195 2063 1235 a
2087 1180 2403 1251 conjectura
2433 1180 2672 1251 idipsum
2708 1182 2937 1254 intelligi
2962 1193 3162 1254 potest.
3199 1206 3216 1238 ‹
3252 1187 3307 1243 Si
3333 1190 3478 1259 quis,
3515 1190 3605 1243 in-

2031 1271 2173 1338 quit,
2206 1270 2584 1341 episcopatum
2609 1273 2839 1342 appetit,
2872 1274 3163 1330 honestum
3210 1293 3349 1348 opus
3379 1279 3603 1335 deside-

2032 1372 2136 1417 rat.
2183 1362 2414 1432 Oportet
2461 1363 2629 1434 igitur
2678 1364 3000 1435 episcopum
3054 1367 3603 1438 irreprehensibilem

2032 1456 2240 1510 esse“.
2271 1474 2291 1506 ι
2327 1454 2480 1525 151
2501 1455 2568 1510 Et
2599 1463 2724 1526 post
2748 1471 2920 1526 pauca
2944 1475 2957 1512 :
3002 1477 3020 1510 ι
3041 1459 3218 1514 Vidua
3240 1463 3474 1533 eligatur
3492 1479 3605 1518 non

2033 1548 2213 1601 minor
2234 1548 2518 1619 sexaginta
2552 1547 2731 1603 annis.
2766 1568 2786 1601 ι
2814 1549 2910 1604 Est
2939 1550 3086 1605 enim
3114 1552 3373 1608 Ecclesia
3392 1556 3603 1626 regula,
3696 1544 3707 1551 ’

2032 1640 2353 1696 describens
2375 1641 2592 1710 qualem
2612 1656 2732 1696 esse
2753 1642 2976 1712 oportea
2990 1652 3162 1710 teum,
3181 1646 3275 1715 qui
3292 1646 3605 1717 hujusmodi

2032 1742 2137 1788 est.
2175 1751 2193 1785 ι
2233 1733 2372 1789 Cum
2418 1734 2568 1788 omni
2593 1733 2766 1788 animi
2797 1734 3069 1790 modestia
3092 1737 3392 1807 multisque
3424 1740 3604 1810 lacry-

2033 1827 2160 1880 mis.
2192 1844 2209 1878 ι
2240 1824 2355 1881 Hoc
2371 1825 2494 1879 loco
2512 1826 2730 1897 signum
2746 1826 3007 1882 doctrina:
3025 1828 3387 1894 demonstrat,
3409 1844 3607 1898 nempe

2033 1918 2241 1974 invidia
2263 1919 2518 1990 fastuque
2538 1935 2725 1975 carere
2754 1936 2818 1975 ac
2843 1921 3255 1977 condolescere.
3293 1921 3607 1977 Patiebatur

2030 2027 2270 2080 namque
2290 2055 2305 2077 ,
2339 2020 2395 2066 et
2426 2026 2528 2081 pro
2557 2012 2923 2081 pereuntibus
2953 2023 3011 2068 et
3037 2029 3139 2083 pro
3168 2014 3257 2069 his
3274 2014 3370 2086 qui
3411 2014 3609 2084 perde—

2033 2102 2186 2159 bant.
2213 2101 2281 2155 Et
2310 2100 2442 2156 item
2479 2101 2764 2157 humilitas
2788 2118 2891 2158 nec
2909 2104 3326 2175 qualiscunque,
3362 2107 3458 2162 sed
3483 2122 3605 2163 cum

2033 2192 2208 2257 omni,
2233 2192 2433 2263 inquit,
2462 2192 2632 2247 animi
2658 2193 2927 2249 modestia
2946 2195 3062 2249 sive
3079 2196 3387 2251 humilitate
3421 2214 3434 2251 :
3468 2198 3610 2251 mul—

2033 2291 2102 2339 ta:
2145 2285 2293 2339 enim
2354 2292 2485 2340 sunt
2526 2284 2858 2340 humilitatis
2888 2286 3124 2356 species,
3149 2302 3346 2357 nempe
3386 2288 3441 2341 in
3493 2303 3610 2343 ser-

2033 2392 2218 2444 mone,
2244 2377 2301 2430 in
2327 2391 2515 2446 Opere,
2544 2376 2612 2431 ad
2655 2378 2953 2447 principes,
2984 2378 3052 2433 ad
3074 2394 3172 2433 eos
3193 2380 3285 2449 qui
3308 2379 3611 2449 gubernant-

2034 2478 2145 2524 tur.
2184 2488 2201 2520 ι
2232 2469 2446 2538 Eorum
2476 2485 2599 2539 quae
2620 2469 2779 2525 vobis
2802 2469 2958 2525 utilia
2992 2477 3198 2525 essent.
3235 2490 3252 2521 ι
3280 2470 3416 2524 Nam
3450 2482 3612 2525 erant

2033 2576 2155 2631 qna:
2189 2576 2301 2615 non
2328 2561 2654 2630 expediebat
2683 2562 2924 2616 discere.
2963 2562 3119 2617 Sicut
3148 2563 3399 2631 quaedam
3428 2564 3614 2618 occul-

2036 2666 2152 2709 tare
2173 2652 2337 2708 datur
2366 2653 2610 2717 invidiae,
2642 2654 2716 2709 ita
2748 2660 2968 2709 rursum
3001 2670 3115 2709 rem
3141 2670 3359 2710 omnem
3381 2656 3464 2711 eis
3482 2672 3613 2726 ape-

2036 2745 2169 2811 rire,
2197 2747 2547 2817 insipientia}.
2576 2747 2644 2800 Et
2673 2756 2964 2817 propterea
2999 2746 3245 2802 addidit:
3268 2748 3470 2805 Eorum
3491 2765 3613 2819 quae

2035 2837 2194 2891 vobis
2226 2836 2384 2891 utilia
2407 2843 2614 2901 essent,
2646 2850 2711 2891 ea
2741 2834 2966 2906 inquam
2998 2851 3109 2891 non
3140 2835 3328 2892 dicere
3376 2844 3609 2899 tantum,

2039 2942 2227 2984 verum
2260 2928 2427 2983 etiam
2462 2927 2696 2983 docere.

2107 3018 2227 3081 XX,
2260 3019 2455 3073 22-?7.
2488 3039 2504 3070 ι
2550 3019 2621 3073 Ει
2659 3033 2811 3074 nunc
2840 3034 2971 3074 ecce
2991 3033 3093 3090 ego
3121 3018 3378 3089 alligatus
3404 3017 3609 3089 Spiritu

2046 3132 2065 3165 ι
2105 3111 2433 3182 proﬁciscor
2459 3110 2786 3177 Jerusalem,
2812 3125 2933 3181 quae
2964 3111 3022 3164 in
3058 3127 3122 3166 ea
3141 3110 3274 3164 mihi
3306 3110 3614 3165 obventura

356 3220 381 3255 ε
420 3219 512 3273 μοι
536 3204 613 3273 μὴ
643 3204 819 3271 εἰδὼς,
861 3205 1000 3277 πλὴν
1037 3207 1119 3261 ὅτι
1144 3207 1206 3260 τὸ
1236 3206 1462 3279 Πνεῦμα
1514 3209 1576 3261 τὸ
1607 3208 1761 3278 ἅγιον
1795 3210 1933 3264 κατᾶ

2046 3224 2065 3257 ι
2105 3212 2237 3261 sunt
2291 3205 2573 3276 ignorans,
2632 3203 2740 3258 nisi
2791 3204 2939 3273 quod
2987 3203 3224 3273 Spiritus
3263 3212 3486 3257 sanctus
3516 3217 3616 3272 per

357 3312 380 3347 ε
422 3295 574 3350 πόλιν
597 3295 1023 3369 διαμαρτύρεται
1063 3300 1242 3369 λέγον,
1298 3301 1380 3354 ὃτι
1404 3299 1578 3369 δεσμά
1614 3318 1683 3372 με
1706 3305 1799 3355 καὶ
1823 3302 1937 3355 θλί-

357 3405 382 3438 ι
418 3386 543 3455 ψεις
575 3388 849 3458 μένουσιν.
894 3390 1037 3444 Ἀλλ’
1055 3392 1269 3456 οὐδενὸς
1299 3392 1456 3461 λόγον
1488 3392 1773 3464 ποιοῦμαι.
1799 3394 1935 3448 Οὐδὲ

355 3499 378 3530 ι
422 3480 536 3551 ἔχω
563 3482 664 3553 τὴν
683 3484 864 3553 ψυχήν
892 3501 995 3554 μου
1027 3485 1221 3556 τιμίαν
1249 3486 1495 3557 ἐμαυτῷ,
1535 3485 1612 3550 ὡς
1647 3486 1931 3541 τελειῶσαι

360 3591 385 3621 ι
418 3572 516 3626 τὸν
544 3572 749 3644 δρόμον
778 3592 879 3645 μου
913 3577 1051 3645 μετὰ
1078 3579 1254 3648 χαρᾶς
1283 3579 1378 3632 καὶ
1402 3578 1501 3650 τὴν
1533 3579 1833 3644 διακονίαν,
1867 3579 1934 3651 ἦν

361 3684 383 3717 ι
424 3664 620 3719 ἔλαϐον
665 3666 817 3738 παρὰ
854 3669 948 3721 τοῦ
984 3670 1191 3739 Κυρίου
1228 3669 1426 3739 Ἰησοῦ,
1459 3670 1936 3740 διαμαρτύρασθαι

358 3774 385 3806 ι
421 3756 485 3809 τὸ
506 3757 836 3826 Εὐαγγέλιον
866 3759 966 3829 τῆς
1003 3761 1223 3831 χάριτος
1257 3761 1351 3815 τοῦ
1371 3760 1529 3816 Θεοῦ.
1565 3761 1679 3815 Kal
1702 3759 1796 3814 νῦν
1824 3762 1932 3814 ἰδοὺ

364 3868 387 3899 ε
429 3847 544 3917 ἐγὼ
593 3845 732 3916 οἶδα,
782 3851 864 3905 ὅτι
891 3853 992 3906 οὐκ
1045 3852 1127 3904 ἔτι
1183 3851 1379 3922 ὄψεσθε
1413 3854 1473 3906 τὸ
1501 3851 1793 3923 πρόσωπόν
1832 3869 1934 3923 μου

364 3961 385 3991 ε
423 3942 583 4011 ὑμεῖς
624 3942 824 4007 πάντες
875 3944 935 3998 ἐν
956 3937 1040 4009 οἷς
1074 3942 1311 4015 διῆλθον,
1341 3942 1632 4014 κηρύσσων
1660 3942 1759 4014 τὴν
1791 3943 1937 4013 βασι-

364 4052 387 4085 ε
422 4033 575 4088 λείαν
597 4034 692 4088 τοῦ
716 4034 875 4089 Θεοῦ.
911 4034 1367 4107 Διαμαρτύρομαι
1401 4036 1529 4105 ὑμῖν
1563 4035 1624 4089 ὲν
1664 4037 1731 4106 τῇ
1766 4036 1939 4105 σήμε-

366 4144 389 4179 ‹
431 4144 525 4198 ρον
550 4127 751 4198 ἡμέρᾳ,
779 4129 862 4182 ὅτι
892 4128 1131 4199 καθαρὸς
1155 4128 1265 4197 ἐγὼ
1288 4127 1393 4182 ἀπὸ
1415 4126 1509 4182 τοῦ
1543 4126 1777 4197 αἵματος
1800 4128 1937 4180 πάν-

370 4235 391 4272 ι
422 4236 550 4273 των.
582 4220 658 4274 Οὐ
689 4220 798 4291 γὰρ
828 4220 1237 4291 ὑπεστειλάμην
1272 4221 1400 4290 ὑμῖν
1432 4219 1527 4274 τοῦ
1561 4220 1636 4291 μὴ
1678 4221 1936 4288 ἀναγγεῖ-

370 4330 389 4363 ι
424 4311 515 4365 λαι
548 4313 733 4366 πᾶσαν
760 4311 857 4382 τὴν
882 4310 1079 4383 βουλὴν
1106 4310 1202 4365 τοῦ
1236 4311 1394 4366 Θεοῦ.
1427 4330 1445 4364 ι

451 4405 720 4462 Ἐνταῦοα
753 4406 833 4470 εἱς
861 4405 943 4471 τὺ,
978 4405 1293 4477 Δεδεμένος,
1318 4405 1400 4459 δεῖ
1450 4404 1754 4471 ὑποστίξαι,
1780 4404 1867 4458 ἵνα

358 4498 575 4554 διάνοια
602 4497 828 4569 τοιαύτη
850 4513 864 4529 ·
894 4497 1205 4569 Πορεύομαι
1234 4498 1315 4562 εἰς
1375 4495 1758 4568 Ἰερουσαλὴμ,
1804 4512 1938 4567 προ-

2045 3318 2064 3350 ‹
2103 3298 2411 3369 singulares
2434 3297 2690 3353 civitates
2716 3296 3063 3361 testiﬁcatur,
3102 3296 3294 3350 dicens
3320 3293 3466 3364 quod
3495 3294 3617 3349 vin-

2044 3409 2063 3442 ι
2100 3391 2224 3445 cula
2251 3399 2309 3445 et
2345 3389 2672 3444 atllictiones
2702 3403 2789 3443 me
2822 3396 3100 3443 maneant.
3132 3388 3335 3442 Verum
3365 3386 3504 3440 nihil
3527 3400 3614 3440 me

2045 3500 2064 3532 ι
2108 3490 2313 3537 movet.
2368 3481 2557 3551 Neque
2608 3481 2780 3535 vitam
2832 3496 3007 3535 meam
3038 3479 3215 3534 habeo
3246 3478 3382 3533 mihi
3412 3477 3467 3532 in
3500 3478 3615 3533 ullo

2044 3595 2063 3626 ε
2103 3576 2283 3645 pretio
2312 3594 2326 3631 :
2361 3583 2423 3630 ut
2447 3589 2826 3630 consummem
2859 3589 3080 3628 cursum
3112 3588 3294 3627 meum
3330 3587 3454 3627 cum
3482 3586 3617 3641 gau-

2043 3686 2062 3718 ε
2105 3667 2218 3731 dio,
2246 3678 2303 3721 et
2328 3666 2698 3721 ministerium
2730 3664 2877 3735 quod
2907 3664 3096 3734 accepi
3126 3680 3156 3719 a
3190 3663 3426 3717 Domino
3456 3663 3613 3727 Jesu,

2044 3777 2061 3810 ι
2103 3758 2171 3813 ad
2198 3758 2604 3813 testiﬁcandum
2626 3757 2983 3828 Evangelium
3012 3755 3200 3826 gratia:
3227 3754 3346 3810 Dei.
3378 3755 3447 3809 Et
3469 3767 3617 3809 nunc

2044 3869 2063 3901 ι
2104 3864 2233 3904 ecce
2256 3864 2358 3919 ego
2395 3849 2509 3904 scio
2532 3848 2680 3917 quod
2713 3848 2943 3918 posthac
2971 3863 3081 3901 non
3114 3845 3374 3900 videbitis
3418 3844 3615 3899 faciem

2044 3959 2063 3992 ι
2104 3954 2285 3995 meam
2334 3954 2434 3994 vos
2485 3953 2679 3994 omnes
2732 3953 2830 4007 per
2860 3951 2999 4006 quos
3032 3934 3261 3990 transivi
3310 3933 3619 4003 prmdicans

2044 4051 2063 4082 ‹
2105 4045 2335 4102 regnum
2362 4030 2483 4086 Dei.
2512 4030 2862 4100 Quapropter
2906 4036 3191 4084 contestor
3211 4043 3311 4082 vos
3346 4014 3617 4082 hodierno

2043 4144 2062 4177 ι
2106 4125 2217 4190 die,
2265 4122 2413 4195 quod
2444 4124 2682 4177 mundus
2706 4137 2806 4192 ego
2842 4121 2947 4176 sim
2980 4136 3010 4176 a
3032 4122 3300 4191 sanguine
3343 4119 3615 4174 omnium.

2045 4238 2063 4269 ε
2106 4217 2225 4272 Non
2270 4217 2417 4271 enim
2462 4212 2774 4283 subterfugi
2825 4227 2936 4282 quo
2985 4211 3170 4266 minus
3226 4209 3613 4265 annuntiarem

2044 4330 2063 4363 ι
2099 4310 2259 4366 vobis
2287 4323 2450 4364 omne
2474 4306 2765 4362 consilium
2795 4305 2913 4360 Dei.
2946 4325 2966 4357 ι

2108 4398 2515 4457 Subdistinctio
2544 4397 2651 4452 hoc
2677 4396 2803 4451 loco
2836 4393 3094 4465 ponenda
3144 4400 3232 4449 est
3259 4399 3390 4463 post
3418 4390 3617 4447 di'ctio-

2037 4509 2186 4558 nem,
2213 4492 2504 4563 Alligatus,
2522 4500 2581 4545 ut
2605 4489 2676 4545 sit
2698 4488 2817 4544 haec
2836 4487 3110 4544 sententia
3145 4485 3500 4555 {Proﬁciscor
3525 4482 3616 4538 Je-

362 4590 527 4657 τνοὺς
546 4589 638 4643 διὰ
668 4588 765 4644 τοῦ
794 4568 1104 4659 πνεύματος
1136 4590 1206 4644 τὰ
1231 4588 1488 4659 ἐσόμενα,
1524 4588 1825 4661 πορεύομαι
1877 4588 1933 4642 δὲ

2039 4587 2277 4642 rusalem
2326 4585 2590 4655 praescius
2634 4599 2733 4653 per
2776 4582 3045 4652 Spiritum
3075 4595 3198 4650 quae
3217 4577 3354 4633 mihi
3383 4584 3616 4631 ventura

358 4682 586 4753 δέσμιος
610 4680 708 4736 ὧν.
741 4677 874 4736 Εἶτα
905 4683 993 4736 ἴνα
1025 4682 1101 4754 μὴ
1132 4682 1331 4754 δεσμὸν
1376 4681 1410 4753 ἢ
1444 4682 1689 4753 ἀνάγκην
1742 4681 1935 4753 νομίσῃ

361 4791 469 4837 τις,
514 4776 611 4828 καὶ
658 4774 746 4830 ἵνα
773 4774 923 4848 δείξῃ
959 4775 1042 4830 ὅτι
1074 4774 1215 4829 ἑκὼν
1262 4773 1586 4847 ἀπέρχεται,
1639 4774 1827 4845 φησὶν,
1853 4774 1936 4828 ὅτι

361 4867 523 4921 Κατὰ
560 4866 719 4919 πόλιν
746 4866 920 4938 δεσμά
946 4884 1016 4937 με
1045 4867 1140 4921 καὶ
1164 4866 1372 4937 θλίψεις
1394 4867 1665 4937 μένουσιν.
1701 4884 1720 4917 ι
1754 4864 1935 4920 Καθα-

366 4958 460 5029 ρός
484 4960 627 5029 είμι,
673 4959 857 5029 φησὶν,
883 4959 992 5013 ἀπὸ
1034 4959 1129 5013 τοῦ
1164 4959 1396 5030 αἵματος
1431 4958 1671 5024 πάντων,
1708 4976 1727 5009 ι
1764 4959 1812 5010 εί
1843 4974 1937 5010 νυ-

363 5053 662 5118 στάξαντες
694 5052 1005 5122 ἀποθάνητε
1031 5052 1140 5107 ἀπὸ
1166 5051 1258 5106 τοῦ
1290 5049 1549 5121 φονευτοῦ
1591 5049 1700 5104 τῶν
1727 5048 1938 5119 ψυχῶνο

363 5146 543 5218 τὸγὰρ
558 5147 653 5202 τοῦ
667 5147 1009 5215 διδασκάλου,
1028 5147 1184 5216 φησὶ,
1205 5145 1499 5218 πεποίηκα,
1516 5143 1593 5215 τῷ
1611 5144 1941 5213 ἀπαγγεῖλαι

366 5242 499 5311 ὑμῖν
529 5240 631 5311 τὴν
670 5239 868 5311 βουλὴν
900 5240 993 5292 τοῦ
1016 5222 1174 5293 Θεοῦ.
1206 5238 1350 5309 Ἀρα
1381 5238 1410 5290 ὁ
1447 5237 1524 5307 μὴ
1557 5236 1752 5305 λέγων,
1782 5233 1943 5289 ὑπεύ-

366 5334 526 5396 θυνος
554 5331 651 5386 τοῦ
678 5330 905 5402 αἵματός
927 5332 1063 5395 ἐστι,
1091 5328 1337 5383 τουτέστι
1368 5329 1470 5399 τῆς
1491 5327 1707 5397 σφαγῆς
1738 5326 1940 5383 αὐτῶν.

368 5423 621 5476 Δείκνυσι
642 5423 821 5476 τοίνυν
851 5423 933 5475 ὅτι
962 5422 1203 5475 κάκεῖνοι
1235 5420 1301 5475 ἂν
1334 5419 1408 5490 μὴ
1431 5419 1678 5483 ποιῶσιν,
1705 5417 1944 5471 ὑπεύθυ-

367 5517 451 5572 νοί
471 5517 578 5571 είσι
603 5515 698 5570 τοῦ
729 5514 863 5569 ίδίου
899 5514 1130 5586 αἵματος
1149 5530 1164 5546 ο
1187 5513 1254 5566 δι’
1281 5512 1309 5564 ὃ
1341 5514 1434 5566 καὶ
1462 5510 1618 5582 φοδεί
1648 5509 1869 5574 αὐτούς.

447 5716 468 5751 ι
503 5696 807 5768 Προσέχετε
834 5690 926 5750 οὖν
951 5696 1158 5758 ἑαυτοῖς
1187 5693 1279 5747 καὶ
1306 5690 1466 5746 παντὶ
1486 5691 1561 5761 τῷ
1590 5664 1849 5761 ποιμνίῳ,
1877 5693 1935 5747 ἐν

441 5888 488 5925 υ
517 5885 663 5945 Tim.
700 5901 740 5955 ι,
770 5884 821 5944 5.
896 5882 1268 5954 “Philipp.|,
1310 5880 1361 5935 ι.
1440 5876 1709 5935 “l’l‘im.
1748 5890 1834 5934 ιιι.

2041 4681 2175 4743 sint,
2211 4678 2536 4750 proﬁciscor
2575 4686 2759 4733 autem
2790 4674 3069 4744 alligatus.
3123 4669 3332 4726 Deinde
3361 4682 3450 4723 -ne
3491 4668 3616 4737 quis

2040 4782 2239 4828 catena
2282 4779 2383 4827 aut
2429 4769 2758 4826 necessitate
2804 4768 3085 4837 alligatum
3113 4762 3412 4823 existimet,
3447 4769 3617 4829 utque

2041 4865 2301 4921 ostendat
2348 4864 2496 4934 quod
2529 4870 2726 4933 sponte
2770 4859 3153 4930 proﬁciscatur
3178 4872 3191 4909 :
3220 4855 3324 4910 Per
3349 4853 3612 4924 singulas,

2041 4956 2245 5026 inquit,
2273 4956 2529 5012 civitates
2554 4954 2771 5008 vincula
2801 4961 2857 5005 et
2884 4943 3208 5004 atllictiones
3243 4962 3331 5002 me
3368 4954 3611 5000 manent.

2053 5067 2072 5100 ι
2119 5047 2359 5102 Mundus
2388 5062 2420 5102 a
2452 5045 2719 5115 sanguine
2748 5043 3019 5105 onmium,
3053 5061 3073 5093 ι
3111 5040 3158 5096 si
3204 5038 3615 5095 obdormientes

2045 5139 2377 5196 occidamini
2426 5138 2495 5193 ab
2546 5136 2820 5192 homicida
2874 5135 3231 5191 animarum:
3275 5130 3419 5202 quod
3466 5129 3612 5185 enim

2043 5230 2399 5302 prmeeptoris
2419 5239 2503 5284 est
2530 5228 2739 5299 peregi,
2770 5243 2965 5297 nempe
2999 5234 3058 5280 ut
3110 5224 3493 5280 annuntiarem
3520 5235 3617 5274 vo-

2043 5325 2131 5379 bis
2162 5324 2260 5378 Dei
2308 5322 2628 5379 consilium.
2655 5321 2845 5391 Itaque
2888 5320 2980 5389 qui
3009 5334 3120 5373 non
3144 5314 3455 5379 annuntiat,
3487 5328 3615 5367 reus
3698 5344 3711 5357 κ

2041 5415 2325 5486 sanguinis
2352 5423 2456 5480 est,
2506 5413 2662 5484 152
2695 5413 2800 5468 hoc
2831 5424 2914 5467 est
2937 5410 3100 5466 caedis
3119 5423 3330 5463 eorum.
3367 5402 3615 5460 Ostendit

2045 5509 2215 5580 igitur
2251 5509 2375 5563 illos
2405 5522 2650 5577 quoque.
2680 5505 2785 5561 nisi
2805 5520 2867 5560 ea
2897 5501 3313 5572 compleverint,
3340 5512 3463 5551 reos
3491 5510 3614 5563 pro-

2043 5602 2154 5673 prii
2182 5601 2300 5656 fore
2329 5600 2613 5671 sanguinis
2651 5618 2662 5653 :
2696 5609 2921 5669 propter
2944 5595 3089 5666 quod
3116 5594 3279 5649 etiam
3304 5598 3472 5645 terret
3496 5602 3610 5641 eos.

2110 5694 2228 5761 XX,
2243 5692 2434 5749 23-32.
2460 5710 2478 5743 ι
2503 5690 2779 5747 Attendite
2799 5688 2965 5760 igitur
2990 5685 3150 5742 vobis
3167 5692 3471 5749 cunctaque
3487 5691 3616 5748 διες
