4024 6606
438 431 547 496 259

1542 414 1942 481 (ECUMENII
1981 414 2273 476 TRICCB
2313 412 2652 478 EPISCOPI

3604 410 3722 478 £60

451 558 470 592 ι
513 548 564 611 gl
586 558 598 592 :
624 537 679 592 in
704 550 815 608 quo
832 550 928 590 vos
954 532 1195 604 Spiritus
1211 536 1433 585 sanctus
1452 529 1633 599 posuit
1655 528 1946 597 episcopos
1962 525 2029 580 ad

2144 544 2162 577 ι
2198 517 2241 592 ᾧ
2275 524 2417 595 ὑμᾶς
2445 526 2757 596 τὸ-Πνεῦμα
2786 525 2846 580 τὸ
2875 526 3027 594 ἅγιον
3057 526 3208 580 ἔθετο
3233 525 3567 592 ἐπισκόπους
3588 544 3720 582 1:0:-

453 651 471 683 ι
509 630 809 703 regendum
861 628 1162 682 Ecclesiam
1199 624 1316 686 Dei,
1347 637 1510 691 quam
1563 620 1857 691 acquisivit
1895 635 2024 674 san-

454 744 472 777 ι
515 725 681 795 guine
711 735 833 775 suo.
869 719 980 789 Ego
1014 714 1163 771 enim
1213 711 1342 767 novi
1381 712 1508 777 hoc,
1543 710 1691 781 quod
1722 707 2023 780 ingressuri

455 833 473 866 ι
509 814 622 869 sint
670 819 790 884 post
823 810 1130 864 discessum
1187 819 1371 859 meum
1424 801 1541 871 lupi
1573 815 1766 872 graves
1808 799 1866 853 in
1902 813 2025 865 vos,

455 925 474 958 ι
514 918 624 959 non
653 910 941 975 parcentes
968 898 1137 971 gregi.
1166 897 1235 951 Et
1255 911 1323 950 ex
1350 895 1510 949 vobis
1541 894 1674 964 ipsis
1705 890 2025 947 exorientur

456 1019 475 1050 ‹
522 998 625 1051 viri
653 998 942 1065 loquentes
995 1004 1273 1062 perversa,
1305 996 1365 1043 ut
1407 986 1685 1042 abducant
1723 984 2024 1054 discipulos

456 1113 476 1146 ι
523 1098 647 1164 post
699 1105 778 1145 se.
838 1087 1048 1143 Idcirco
1097 1085 1339 1155 vigilate,
1400 1096 1674 1137 memores
1726 1079 1874 1151 quod
1927 1093 2025 1149 per

458 1205 476 1236 ι
515 1182 811 1238 triennium
844 1187 1005 1235 nocte
1053 1191 1115 1232 ac
1145 1176 1236 1230 die
1263 1189 1375 1229 non
1406 1173 1737 1229 cessaverim
1776 1187 1900 1226 cum
1944 1173 2023 1224 la-

456 1296 475 1327 ι
512 1274 714 1345 crymis
772 1270 997 1326 monere
1070 1282 1543 1338 unumquemque.
1577 1266 1645 1320 Et
1683 1280 1831 1319 nunc
1876 1278 2026 1320 com-

457 1386 477 1417 ‹
517 1367 718 1422 mendo
748 1380 846 1419 vos
876 1364 1072 1417 fratres
1106 1362 1218 1416 Deo
1250 1369 1306 1415 et
1335 1358 1577 1414 sermoni
1605 1358 1793 1427 gratia:
1826 1356 2020 1425 ipsius,

457 1477 477 1511 ι
514 1460 607 1528 qui
638 1467 833 1527 potens
861 1465 944 1511 est
978 1462 1369 1523 superstruere
1391 1459 1448 1506 et
1469 1451 1600 1509 dare
1646 1448 2022 1505 hzeredita‘tem

458 1569 479 1602 ι
522 1551 668 1606 inter
695 1548 1070 1603 sanetillcatos
1103 1560 1317 1600 omnes.
1365 1564 1384 1597 ι

521 1726 641 1780 Duo
659 1722 909 1795 prmcipit
936 1730 996 1776 ut
1026 1719 1227 1777 faciant
1245 1725 1634 1791 praeceptores.
1666 1717 1855 1787 Neque
1874 1714 2022 1771 enim

448 1817 667 1872 lucrum
721 1814 882 1869 aﬂ‘ert
919 1812 1058 1867 alios
1108 1820 1321 1865 tantum
1348 1808 1667 1879 corrigere:
1693 1821 1873 1876 neque
1910 1804 2026 1860 sui-

2134 636 2152 667 ι
2191 616 2401 687 μαίνειν
2431 617 2528 687 τὴν
2558 617 2885 689 Ἐκκλησίαν
2906 618 2999 671 τοῦ
3026 619 3263 690 Θεοῦ,ἢν
3281 619 3721 689 περιεποιήσατο

2134 728 2152 761 ι
2189 708 2277 762 διὰ
2330 691 2425 762 τού
2482 709 2614 762 ἰδίου
2658 709 2916 780 αἵματος.
2960 709 3100 778 Ἐγὼ
3132 709 3242 780 γὰρ
3274 705 3391 763 οἰδα
3415 709 3595 767 τοῦτο.
3623 712 3717 764 ὅτι

2133 818 2152 853 ι
2183 800 2578 855 εἰσελεύσονται
2605 802 2743 872 μετὰ
2770 802 2869 873 τὴν
2891 800 3073 871 ἄφιξίν
3107 816 3211 872 μου
3230 802 3382 855 λύκοι
3408 801 3595 873 βαρεῖς
3625 803 3721 866 εἰς

2132 910 2153 942 ι
2185 893 2349 962 ὑμᾶς,
2387 893 2462 960 μὴ
2500 894 2805 965 φειδόμενοι
2861 893 2958 947 τοῦ
3010 895 3288 965 ποιμνίου.
3319 896 3429 949 Καὶ
3470 894 3531 959 ἐξ
3553 893 3719 965 ὑμῶν

2133 1002 2152 1036 ι
2185 983 2363 1037 αὐτῶν
2394 984 2792 1055 ἀναστήσονται
2843 986 3033 1053 ἄνδρες
3075 986 3363 1050 λαλοῦντες
3409 986 3719 1058 διεστραμο

2132 1092 2152 1125 ι
2187 1073 2453 1142 μέναητοῦ
2482 1074 2735 1146 ἀποσπᾷν
2765 1076 2892 1139 τοὺς
2919 1075 3167 1147 μαθητὰς
3197 1076 3376 1129 ὀπίσω
3396 1075 3599 1130 αὐτῶν.
3625 1074 3721 1130 Δι’

2131 1183 2153 1216 ι
2180 1163 2208 1216 δ
2237 1167 2581 1236 γρηγορεῖτε,
2615 1165 3066 1237 μνημονεύοντες,
3121 1168 3202 1220 ὅτι
3248 1168 3495 1238 τριετίαν
3532 1166 3720 1221 νύκτα

2133 1274 2152 1307 ι
2192 1257 2287 1310 καὶ
2312 1258 2524 1328 ἡμέραν
2557 1258 2659 1311 οὐκ
2697 1258 3026 1329 ἐπαυσάμην
3061 1259 3203 1329 μετὰ
3226 1258 3475 1331 δακρύων
3518 1258 3720 1312 νουθε-

2132 1364 2152 1399 ι
2186 1347 2295 1401 τῶν
2354 1349 2452 1402 ἕνα
2482 1349 2733 1403 ἕκαστον.
2770 1350 2878 1403 Καὶ
2924 1349 2991 1402 τὰ
3031 1349 3127 1402 νῦν
3173 1344 3514 1420 παρατίθημι
3564 1349 3721 1419 ὑμᾶς

2131 1458 2151 1491 ι
2187 1440 2426 1511 ἀδελφοὶ,
2452 1442 2531 1511 τῷ
2553 1440 2693 1512 Θεῷ,
2733 1443 2827 1497 καὶ
2858 1441 2936 1512 τῷ
2968 1440 3110 1513 λόγῳ
3139 1443 3237 1512 τῆς
3266 1442 3487 1512 χάριτος
3518 1440 3721 1506 αὑτοῦ,

2132 1550 2154 1585 ι
2185 1532 2263 1605 τῷ
2296 1533 2577 1603 δυναμένῳ
2611 1534 3041 1606 ἐποικοδομῆσαι
3078 1533 3174 1588 καὶ
3201 1534 3388 1587 δοῦναι
3418 1534 3547 1605 ὑμῖν
3569 1534 3718 1604 κλη-

2132 1644 2154 1678 ι
2190 1628 2443 1698 ρονομέαν
2475 1629 2532 1682 ἐν
2564 1628 2675 1691 τοῖς
2713 1628 3062 1698 ἡγιασμένοις
3089 1629 3274 1681 πᾶσιν.
3298 1645 3318 1679 ι

2195 1718 2301 1771 Δύο
2331 1719 2626 1790 προτάσσει
2648 1720 2824 1774 ποιεῖν
2849 1721 2975 1783 τοὺς
3021 1719 3396 1783 διδασκάλους.
3433 1716 3572 1773 Οὔτε
3598 1719 3719 1792 γὰρ

2126 1810 2187 1865 τὸ
2211 1811 2433 1882 ἐτέρους
2454 1811 2753 1884 κατορθοῦν
2782 1812 2942 1883 μόνον
2966 1811 3089 1883 ἔχει
3104 1811 3313 1884 κέρδος,
3346 1810 3470 1866 οὔτε
3503 1812 3562 1866 τὸ
3579 1813 3719 1867 ἐαυ-

448 1909 624 1979 ip'sius
661 1922 849 1962 curam
882 1914 1094 1960 tantum
1125 1903 1356 1969 habere,
1393 1900 1711 1973 bujusmodi
1733 1899 1881 1955 enim
1910 1896 2027 1953 sui-

2136 1904 2221 1960 τοῦ
2253 1904 2413 1977 μόνου
2442 1903 2870 1975 ἐπιμελεῖσθαιύ
2897 1905 2927 1959 ό
2982 1906 3096 1977 γὰρ·
3143 1883 3383 1969 τοιοῦτος
3429 1905 3717 1975 φίλαυτος.

451 2000 627 2069 ipsius
664 2009 875 2053 tantum
908 2005 1064 2051 amor
1087 2003 1189 2050 est.
1215 1993 1634 2049 Advertendum
1671 2000 1853 2046 autem
1880 1986 2028 2059 quod

449 2108 548 2147 eos
578 2092 817 2162 appellet
860 2105 1010 2144 nunc
1036 2090 1346 2159 episcopos,
1369 2100 1510 2157 quos
1547 2084 1605 2139 in
1652 2081 2032 2154 superioribus

452 2184 590 2239 dixit
614 2184 967 2255 presbyteros
1002 2201 1015 2237 :
1050 2192 1144 2237 aut
1171 2181 1297 2235 ideo
1328 2179 1477 2250 quod
1503 2192 1727 2234 necesse
1755 2185 1843 2231 est
1862 2191 2030 2245 super

396 2304 411 2313 ο
454 2277 751 2332 rationales
777 2276 1039 2332 Ecclesiae
1063 2288 1258 2345 greges
1277 2274 1333 2327 in
1360 2272 1582 2342 specula
1600 2285 1722 2327 esse
1755 2285 1770 2323 :
1804 2285 1874 2325 ne
1904 2269 2030 2339 quis

452 2370 560 2424 tide
581 2378 833 2440 aegrotet,
855 2383 925 2423 ne
952 2368 1079 2439 quis
1099 2367 1309 2423 esuriat
1337 2376 1433 2421 aut
1456 2365 1629 2429 sitiat,
1662 2379 1731 2418 an
1755 2363 2029 2433 quispiam

454 2462 887 2531 reprehensione
925 2470 1091 2533 egeat
1115 2461 1198 2515 vel
1219 2460 1577 2515 coercitione.
1612 2458 1720 2513 Aut
1743 2459 2032 2527 episc0pos

453 2562 614 2610 vocat
638 2554 729 2609 hic
756 2567 852 2608 eos
879 2558 973 2624 qui
998 2569 1130 2607 vere
1158 2561 1286 2607 sunt
1312 2551 1576 2621 episcopi.

526 2644 645 2710 XX,
672 2646 742 2699 3’5
768 2645 857 2700 58.
892 2664 910 2695 ι
948 2645 1251 2714 Argentum
1274 2652 1538 2698 etaurum
1564 2649 1660 2698 aut
1683 2638 1890 2698 vestem
1911 2643 2033 2697 nul-

462 2754 483 2789 ι
519 2736 635 2790 lius
670 2730 963 2804 concupivi
998 2752 1013 2788 :
1043 2718 1143 2789 sed
1172 2734 1273 2804 ipsi
1301 2734 1456 2789 scitis
1486 2733 1633 2804 quod
1689 2733 2035 2789 necessitati-

460 2843 485 2880 ι
528 2828 632 2881 bus
659 2826 818 2892 meis,
843 2836 899 2881 et
924 2826 1015 2880 bis’
1037 2827 1130 2896 qui
1161 2834 1385 2881 meeum
1405 2835 1534 2880 sunt
1557 2825 2034 2896 suppeditavcrint

463 2939 481 2971 ι
521 2920 847 2975 ωαηυε-τιω.
881 2919 1078 2975 Omnia
1104 2922 1533 2975 commonstravi
1557 2921 1745 2984 vobis,
1775 2921 1923 2991 quod
1953 2920 2033 2975 sic

328 3049 349 3071 κ
462 3032 483 3066 ι
504 3001 839 3069 Ίιὼοτοηιρε
863 3014 1116 3084 oporteat
1164 3014 1448 3084 suscipere
1476 3014 1802 3079 imbecilles,
1827 3029 1892 3069 ac
1914 3029 2033 3069 me-

463 3121 484 3156 ι
524 3103 750 3160 minisse
801 3106 1097 3160 verborum
1132 3101 1355 3160 Domini
1392 3106 1553 3181 Jesu,
1602 3108 1862 3177 quoniam
1913 3106 2031 3177 ipSe

464 3214 487 3246 σ
526 3195 667 3250 dixit
699 3213 715 3251 :
747 3197 978 3253 Beatum
1020 3206 1105 3254 est
1128 3197 1264 3254 dare
1314 3199 1500 3270 potius
1555 3214 1719 3270 quam
1750 3200 2028 3270 accipere.
2057 3226 2101 3284 ο

465 3304 485 3339 ι
520 3286 770 3359 Cumque
802 3290 917 3345 haec
954 3289 1204 3355 dixisset,
1233 3292 1426 3361 positis
1458 3292 1693 3362 genibus
1714 3293 1832 3347 suis
1853 3293 2033 3347 oravit

464 3384 501 3431 ι
530 3382 929 3436 cum‘omnibus
960 3382 1090 3437 illis.
1136 3383 1361 3454 Magnus
1386 3392 1572 3438 autem
1606 3380 1767 3439 ﬂetus
1808 3391 2034 3439 coortus

462 3489 482 3525 ι
520 3481 606 3527 est
636 3475 907 3539 omnium,
938 3483 995 3530 et
1033 3485 1259 3537 ruentes
1288 3476 1346 3530 in
1393 3477 1594 3531 collum
1635 3474 1789 3532 Pauli
1818 3478 2035 3533 oscula-

464 3585 483 3620 ι
528 3567 731 3622 bantur
789 3584 920 3625 eum
968 3570 1242 3638 dolentes,
1300 3572 1535 3627 maxime
1593 3572 1665 3627 ob
1719 3576 2032 3627 sermonem

462 3675 486 3708 ι
530 3666 694 3728 quem
723 3658 960 3726 dixerat,
993 3660 1140 3730 quod
1172 3661 1409 3731 amplius
1425 3661 1621 3716 faciem
1642 3662 1762 3732 ejus
1785 3677 1898 3716 uon
1941 3672 2030 3716 cs-

460 3765 487 3799 (
525 3736 872 3804 εθιιίγὶειιίύ.
900 3750 969 3805 Ει
1000 3751 1350 3807 deducebant
1370 3767 1497 3809 eum
1521 3752 1593 3809 ad
1612 3769 1829 3830 navem.
1857 3753 1939 3808 i'“

536 3921 749 3992 153-1
784 3923 1084 3994 Argentum
1121 3930 1178 3979 et
1213 3936 1431 3989 aurum,
1470 3945 1490 3978 ι
1524 3936 1629 3982 etc.
1657 3929 2033 3986 Maiorum‘ra-

445 4015 635 4071 dicem
658 4016 818 4081 tollit,
846 4020 1042 4087 nempe
1066 4018 1371 4074 avaritiam.
1394 4018 1583 4090 Neque
1604 4023 1751 4076 enim
1778 4022 2037 4094 simplici-

375 4125 387 4137 ·
450 4114 547 4163 ιρι·
568 4107 724 4174 dicit,
746 4108 865 4163 Non
884 4110 1091 4179 accepi,
1113 4110 1232 4174 sed,
1248 4111 1437 4182 Neque
1460 4116 1777 4183 concupivi.
1825 4115 2037 4173 Deinde

465 4199 708 4254 ostendit
740 4202 891 4269 quod
916 4215 1043 4255 vera
1088 4203 1439 4274 eleem‘osyua
1468 4216 1537 4259 ex
1560 4206 1801 4275 propriis
1830 4200 2038 4262 labori-

459 4291 564 4346 bus
593 4292 709 4345 iieri
732 4291 929 4347 debeat
955 4293 1245 4363 egentibus
1266 4310 1279 4346 :
1297 4308 1367 4349 ex
1387 4294 1580 4350 alienis
1606 4292 1878 4366 siquidem
1898 4296 2037 4355 dare

459 4398 570 4438 non
603 4384 686 4439 es’t
714 4385 1028 4440 honestum.
1056 4386 1412 4442 Post‘modum
1440 4389 1506 4443 ad
1538 4382 1889 4460 hujus'etirm
1907 4407 2039 4447 con-

460 4472 857 4540 firmationem,
888 4475 1217 4534 vaticinium
1251 4479 1471 4533 Domini
1498 4481 1637 4535 voce'
1660 4478 1881 4537 dictum
1912 4492 2036 4541 esSe

2130 1998 2470 2069 Σημειωτέον
2499 1999 2556 2053 δὲ
2603 2000 2684 2053 ὅτι
2735 2000 2828 2064 οὓς
2863 1996 3040 2055 ὀπίσω
3095 2003 3231 2073 φησὶ
3279 1992 3714 2073 πρεσϐυτέρους,

2128 2084 2582 2156 ὄιδείέπισκόπους
2600 2092 2777 2157 καλεῖ,
2805 2093 2925 2164 ἦτοι
2953 2086 3041 2147 διὰ
3069 2094 3132 2148 τὸ
3159 2096 3286 2157 τοὺς
3304 2092 3717 2164 πρεσϐυτέρους

2130 2184 2376 2255 ἀνάγκην
2408 2186 2550 2257 ἔχειν
2571 2187 2896 2241 ἐποπτεύειν
2919 2187 2987 2241 τὰ
3015 2189 3113 2258 τῆς
3156 2189 3484 2259 Ἐκκλησίας
3516 2186 3717 2257 λογικὰ

2130 2279 2379 2348 ποίμνια,
2422 2280 2497 2352 μή
2531 2297 2617 2345 τις
2655 2280 2857 2353 ἀσθενῇ
2895 2284 2961 2354 τῇ
2998 2283 3202 2349 πίστει,
3255 2283 3337 2354 μή
3363 2299 3446 2346 τις
3476 2283 3634 2353 πεινᾷ
3673 2283 3714 2354 ᾖ

2129 2369 2281 2441 διψᾷ,
2314 2372 2362 2425 εί
2395 2370 2620 2442 ἐλέγχου
2652 2374 2749 2426 καὶ
2781 2366 3118 2447 ἐπιστροφῆς
3147 2375 3341 2431 δεῖται.
3384 2377 3456 2431 Ἦ
3483 2374 3716 2430 ἐπισκό-

2133 2479 2268 2526 πους
2290 2455 2393 2518 ὧδε
2415 2465 2544 2529 τοὺς
2572 2464 2744 2530 ὅντως
2774 2465 3105 2532 ἐπισκόπους
3131 2466 3311 2523 καλεῖ.

2212 2655 2231 2689 ι
2273 2636 2563 2708 Ἀργυρίου
2589 2641 2685 2693 καὶ
2710 2640 2939 2711 χρυσίου
2976 2641 3010 2713 η
3047 2640 3346 2715 ἱματισμοῦ
3373 2645 3586 2709 οὐδενὸς
3619 2646 3717 2700 ἐπ⁹

2142 2748 2162 2782 ι
2199 2729 2448 2800 εθύμησα
2466 2743 2481 2759 '
2520 2731 2676 2786 αὐτοὶ
2702 2732 2757 2786 δέ
2780 2733 3080 2801 γινώσκετε
3116 2736 3199 2790 ὅτι
3227 2739 3347 2801 ταῖς
3370 2738 3583 2809 χρείαις
3610 2755 3716 2808 μου

2141 2840 2159 2872 ι
2193 2821 2426 2884 καὶτοῖς
2478 2819 2600 2875 οὖσι
2656 2823 2777 2893 μετ’
2833 2825 2969 2896 ἐμοῦ
3012 2827 3368 2899 ὑπηρέτησαν
3420 2832 3478 2883 αἱ
3532 2833 3718 2901 χεῖρες

2140 2932 2159 2962 ι
2198 2904 2379 2966 αὗται.
2406 2913 2591 2967 Πάντα
2622 2915 2876 2981 ὑπέδειξα
2924 2917 3074 2987 ὑμῖν,
3099 2919 3181 2973 ὅτι
3207 2918 3381 2983 οὕτως
3406 2922 3717 2987 κοπιῶντας

2142 3021 2160 3052 ι
2193 3003 2274 3057 δεῖ
2285 3002 2777 3075 ἀντιλαμϐάνεσθαι
2794 3003 2905 3060 τῶν
2922 3002 3313 3067 ἀσθενούντων.
3332 3012 3455 3083 Μνη
3466 3011 3719 3079 μονεύειν

2142 3113 2161 3147 ι
2197 3113 2257 3149 τε
2285 3098 2393 3150 τῶν
2418 3096 2594 3166 λόγων
2624 3098 2720 3151 τοῦ
2762 3100 2969 3171 Κυρίου
3006 3101 3203 3172 Ἰησοῦ,
3247 3104 3331 3157 ὃτι
3375 3105 3541 3169 αὐτὸς
3567 3101 3714 3159 εἷπε·

2141 3206 2161 3241 ι
2195 3189 2482 3260 Μακάριόν
2517 3191 2636 3244 ἐστι
2679 3191 2881 3245 διδόναι
2927 3194 3184 3267 μᾶλλονῆ
3229 3195 3555 3266 λαμϐάνειν.
3604 3199 3719 3252 Καὶ

2140 3297 2158 3329 ι
2192 3280 2365 3331 ταῦτα
2393 3279 2585 3345 εἰπὼν,
2618 3279 2733 3343 θεὶς
2757 3283 2825 3336 τὰ
2852 3283 3054 3352 γόνατα
3078 3287 3265 3354 αὑτοῦ,
3295 3289 3392 3341 σὺν
3414 3289 3581 3342 πᾶσιν
3613 3290 3718 3343 αύ-

2141 3389 2159 3422 ι
2198 3374 2311 3434 τοῖς
2331 3372 2698 3441 προσηύξατο.
2734 3373 2938 3441 Ἰκανδς
2959 3376 3019 3431 δέ
3042 3378 3265 3447 ἐγένετο
3281 3380 3561 3453 κλαυθμὸς
3577 3382 3719 3436 πᾶν·

2140 3481 2160 3515 ι
2194 3479 2324 3517 των.
2364 3463 2471 3516 Καὶ
2497 3464 2854 3530 ἐπιπεσόντες
2875 3469 2968 3522 ἐπὶ
2998 3469 3091 3523 τὸν
3131 3470 3405 3544 τράχηλον
3431 3474 3528 3529 τοῦ
3575 3472 3720 3529 Παύ-

2140 3574 2160 3608 ι
2196 3554 2638 3625 λου,κατεφίλουν
2663 3560 2848 3623 αὑτὸν,
2875 3561 3204 3633 ὀδυνώμενοι
3228 3563 3466 3636 μάλιστα
3495 3562 3589 3620 ἐπὶ
3637 3566 3718 3637 τῷ

2142 3668 2161 3700 ι
2197 3641 2410 3719 λόγῳ,ᾧ
2438 3650 2672 3721 εἰρήκει,
2703 3651 2904 3707 δτιούκ
2935 3653 3017 3709 ἔτι
3049 3655 3306 3726 μέλλουσι
3336 3658 3396 3711 τὸ
3424 3659 3717 3730 πρόσωπον

2149 3758 2168 3791 ι
2200 3740 2377 3793 αὐτοῦ
2424 3740 2669 3813 θεωρεῖν.
2744 3744 3113 3817 Προέπεμπω
3175 3748 3234 3803 δέ
3295 3749 3461 3804 αὐτὸν
3510 3751 3594 3815 είς
3656 3750 3717 3805 τὸ

2139 3849 2160 3881 ι
2194 3829 2394 3885 πλοῖον.
2440 3850 2461 3884 ι
2716 3884 2725 3891 .

2212 3940 2247 3976 ιι
2272 3924 2561 3996 Ἀργυρίου
2591 3925 2624 3996 ἢ
2660 3927 2909 3997 χρυσίου.
2937 3948 2958 3982 ι
2991 3930 3086 3984 καὶ
3119 3929 3188 3984 τὰ
3223 3930 3371 4001 ἐξῆς.
3411 3933 3524 4004 Τὴν
3557 3933 3714 4004 ῥίζαν

2134 4014 2355 4087 ἀναιρεῖ
2390 4019 2499 4071 τῶν
2532 4019 2720 4073 κακῶν
2741 4020 2841 4093 τὴν
2870 4021 3255 4095 φιλαργυρίαν.
3291 4024 3365 4078 Ού
3395 4025 3507 4095 γὰρ
3528 4027 3713 4091 ἁπλῶς

2134 4126 2324 4180 φησιν,
2383 4111 2499 4165 Ούκ
2550 4112 2762 4179 ἔλαϐον,
2819 4115 2956 4181 ἀλλ’,
2987 4118 3122 4171 Οὐδὲ
3172 4119 3517 4191 ἐπεθύμησα.
3582 4118 3713 4175 Εἶτα

2134 4203 2409 4257 δείκνυσιν
2449 4206 2532 4259 ὅτι
2573 4206 2605 4277 ἡ
2646 4206 2853 4279 ἀληθὴς
2909 4210 3250 4284 ἐλεημοσύνη
3297 4214 3361 4267 ἐκ
3411 4214 3521 4267 τῶν
3571 4216 3713 4269 ίδὲων

2137 4297 2321 4351 κόπων
2352 4298 2556 4368 ὀφείλει
2593 4299 2843 4369 γίνεσθαι
2890 4307 3001 4370 τοῖς
3049 4307 3304 4371 ἐνδεέσιν,
3362 4309 3483 4361 ἐπεὶ
3513 4311 3579 4364 ἐκ
3607 4311 3714 4365 τῶν

2137 4388 2440 4461 ἀλλοτρίων
2471 4390 2672 4447 διδόναι
2697 4396 2758 4448 ού
2784 4392 2966 4451 καλόν.
2991 4396 3125 4452 Ε’ίτα
3152 4401 3245 4453 καὶ
3273 4401 3472 4471 χρῆσιν
3501 4405 3581 4467 εἰς
3616 4421 3710 4457 κα·

2112 4483 2406 4553 ’τασκευὴν
2438 4483 2630 4538 τούτου
2681 4486 2770 4541 διὰ
2824 4488 3015 4559 φωνῆς
3056 4490 3152 4544 τοῦ
3204 4493 3412 4563 Κυρίου
3463 4494 3713 4566 εἰρῆσθαί

459 4565 691 4630 asserit,
710 4560 869 4635 quod
889 4578 1036 4624 nunc
1081 4568 1138 4622 in
1168 4569 1459 4639 Scriptura
1488 4582 1611 4626 non
1633 4572 1947 4629 invenitur:
1980 4582 2032 4630 el

2140 4586 2327 4645 φησιν,
2358 4578 2505 4649 ὅπερ
2527 4579 2624 4634 νῦν
2657 4581 2759 4653 οὐχ
2800 4580 3028 4655 εὓρηται
3080 4588 3139 4638 ἐν
3181 4560 3373 4659 Γραιρῇ
3394 4604 3410 4621 ο
3444 4560 3541 4643 καί
3572 4560 3715 4653 ’ἴσως

459 4654 714 4712 fortassis
738 4655 806 4712 id'
828 4650 1034 4729 absque
1090 4661 1364 4730 scriptura
1398 4659 1745 4719 tradiderunt
1779 4664 2032 4735 apoStOli.

459 4747 719 4804 Aut‘id'eo
759 4751 919 4819 quod
979 4748 1363 4809 ratiocinaudo
1400 4755 1675 4826 quispiam
1701 4756 1906 4813 habere
1944 4772 2038 4829 po-

462 4847 578 4893 test
601 4832 810 4896 dictum
861 4852 983 4899 esse
1017 4846 1141 4900 aliis
1168 4846 1355 4911 verbis
1396 4847 1643 4918 idips’um‘
1674 4848 2033 4920 signiﬁcanti-

460 4929 748 4987 bus/Non
776 4934 919 4988 dixit
936 4944 1121 4991 autem
1154 4937 1368 4992 malum
1391 4950 1515 4994 esse
1547 4937 1827 5010 accepisse
1855 4950 1912 4996 et
1958 4942 2033 4997 ita

459 5022 706 5097 elargiri,
748 5026 844 5081 sed
893 5028 1047 5098 quod
1072 5029 1273 5084 melius
1318 5026 1537 5086 sitnon
1576 5029 1874 5104 accepisse.
1920 5034 2037 5091 Hoc

458 5114 626 5172 enim‘
648 5121 1050 5189 compassionis
1073 5135 1160 5177 est
1186 5120 1314 5193 erga
1363 5120 1689 5181 imbecilles.
1724 5125 1862 5181 Nam
1900 5126 2034 5182 dare

460 5226 530 5266 ex
571 5212 791 5278 alienis,
848 5226 919 5270 ne
952 5215 1259 5272 bonestum‘
1295 5218 1519 5289 quidem
1567 5229 1674 5275 est.
1714 5220 1808 5278 Est
1847 5221 2034 5293 itaque

454 5304 905 5378 .primus'gradus
944 5316 1044 5362 sua
1086 5309 1363 5382 abjiccre':
1392 5312 1672 5367 secundus
1719 5307 2034 5370 necessaria

454 5395 568 5452 sibi
598 5398 973 5469 suppeditare,
1008 5402 1206 5456 tertius
1237 5401 1407 5457 etiam
1437 5399 1599 5458 aliis:
1647 5413 1880 5474 quartus
1905 5414 2035 5460 eum

458 5487 555 5557 qui
588 5488 865 5557 praedicat,
896 5499 953 5544 et
983 5491 1057 5547 ita
1098 5492 1406 5563 accipiendi
1442 5503 1774 5565 potestatem
1839 5494 2030 5563 habet,

452 5584 573 5635 non
621 5582 893 5653 accipere.
944 5583 1043 5639 Hic
1093 5584 1279 5656 itaque
1322 5588 1500 5643 multo
1523 5589 1721 5645 melior
1780 5599 1866 5645 est
1910 5590 2034 5645 ino-

452 5669 641 5741 νίδυει.

531 5760 674 5828 )tXl,
709 5762 823 5819 1-4.
865 5784 884 5818 ι
918 5767 1056 5822 Cum
1080 5777 1265 5825 autem
1311 5771 1638 5843 contigisset
1686 5787 1790 5828 nos
1818 5772 1887 5827 ab
1950 5773 2034 5829 eis

440 5867 474 5903 ιι
502 5855 726 5913 avulsus
758 5858 1017 5928 solvisse.
1053 5871 1205 5919 recto
1248 5878 1415 5919 cursu
1447 5864 1937 5933 venimus'Coum,
1976 5874 2035 5921 et

2138 4664 2403 4739 ἀγράφως
2441 4668 2771 4743 παρέδωκαν
2808 4677 2859 4731 oi
2889 4677 3199 4734 ἀπόστολοι.
3233 4681 3305 4735 Ἥ
3331 4681 3392 4748 ἐξ
3415 4675 3494 4738 ὧν
3524 4683 3592 4738 ἄν
3629 4697 3716 4747 τις

2139 4756 2515 4829 συλλογίσαιτο
2559 4766 2808 4823 δυνατὸν.
2835 4761 3087 4841 είρῆσθαι
3128 4772 3196 4826 δι’
3255 4775 3458 4846 ἐτέρων
3516 4774 3715 4843 λέξεων

2136 4852 2297 4908 cati-co
2343 4854 2642 4925 δηλουσῶν.
2697 4861 2779 4915 Ού
2823 4862 2984 4917 τοῦτο
3026 4864 3083 4918 δέ
3136 4882 3300 4937 φησιν
3334 4866 3419 4922 ὅτι
3452 4868 3629 4925 κακὸν
3655 4869 3714 4925 τι

2138 4943 2323 5000 λαϐεῖν
2346 4950 2441 5003 καὶ
2477 4953 2844 5022 μεταδιδόναι,
2875 4946 3011 5011 ἀλλᾶ
3051 4957 3260 5026 βέλτιον
3303 4960 3364 5014 τὸ
3402 4961 3480 5032 μὴ
3508 4961 3708 5016 λαϐεῖν.

2138 5032 2308 5094 Τοῦτο
2348 5042 2456 5115 γὰρ
2510 5036 2859 5115 συμπαθείας
2887 5049 2995 5118 τῆς
3018 5051 3156 5122 πρδς
3190 5053 3315 5115 τοῦς
3348 5053 3614 5118 ἀσθενεῖς.
3640 5053 3715 5106 Ti

2136 5128 2247 5206 γὰρ
2279 5137 2492 5191 ἐκτῶν
2539 5138 2839 5211 ἀλλοτρίων
2858 5142 3069 5198 διδόναι
3094 5145 3156 5198 ού
3187 5145 3373 5201 καλόν.
3414 5146 3572 5200 Ἔστι
3599 5146 3712 5199 τοί-

2135 5243 2232 5281 νυν
2284 5222 2385 5315 ek"
2422 5224 2645 5303 suam:
2690 5224 2846 5305 ῥίψαι
2893 5235 2964 5291 τὰ
3010 5236 3198 5305 αὑτοῦ,
3242 5239 3493 5311 δεύτερος
3536 5238 3713 5305 ἑαυτῷ

2137 5321 2425 5389 ἐπαρκεῖν,
2453 5325 2637 5395 τρίτος
2670 5328 2766 5380 καὶ
2794 5328 3028 5401 ἑτέροις,
3057 5331 3354 5402 τέταρτος,⁹
3381 5332 3445 5386 τὸ
3473 5332 3569 5386 καὶ
3608 5348 3711 5401 κη-

2140 5402 2404 5484 ρύττοντα
2449 5416 2549 5470 καὶ
2593 5417 2847 5483 ἐξουσίαν
2893 5421 3088 5491 ἔχοντα
3110 5422 3437 5491 λαμϐάνειν,
3473 5424 3549 5496 μὴ
3576 5424 3712 5495 λαμο

2138 5508 2346 5561 ϐάνειν.
2376 5507 2542 5562 Ὠστε
2596 5512 2732 5566 πολὺ
2784 5513 2895 5567 τῶν
2942 5516 3271 5587 ἀκτημόνων
3300 5510 3458 5581 οὗτος
3489 5516 3711 5588 βελτίων

2136 5598 2271 5653 ἐοτί.

2215 5798 2233 5829 ι
2278 5779 2366 5843 Ὧς
2401 5778 2457 5832 δὲ
2491 5780 2711 5849 ἐγένετο
2739 5782 3040 5854 ἀναχθῆναι
3088 5786 3237 5856 ἡμᾶς
3263 5787 3710 5853 ἀποσπασθέντας

2146 5885 2164 5920 ι
2204 5868 2302 5923 ἀπ’
2332 5866 2539 5941 αὐτῶν,
2567 5870 3075 5948 εὐθυδρομήσαντες
3105 5877 3339 5951 ἤλθομεν
3369 5881 3449 5946 είς
3467 5880 3567 5952 τὴν
3594 5878 3706 5944 Κῶ.
