4024 6616
421 399 527 462 263
1519 377 1918 441 (ECUM‘ENII
1950 372 2243 433 TRICCAE
2281 366 2621 449 EI’ISCOPi
2840 448 2845 462 Ι
3640 348 3749 413 204

405 516 451 564 ἰ
494 509 655 582 155
687 507 813 570 dmi,
845 503 1169 570 tradentque
1223 497 1277 551 in
1312 509 1507 549 manus
1550 495 1816 563 gentium.
1845 488 2012 542 Cum-
2045 495 2078 547 Λ

2191 487 2423 552 Βήσουσιν
2459 483 2516 534 ἐν
2584 448 2939 547 Ἰερουσαλὴμ
2982 473 3257 537 Ἰουδαῖοι,
3320 467 3425 520 καὶ
3487 463 3756 536 παραδώ-

443 563 448 564 ν
494 563 653 582 -..-
802 563 812 570 .
1082 563 1095 570 .

436 623 453 656 ι
494 618 603 674 que
630 602 747 655 haec
779 595 1206 656 audivisscmus,
1239 586 1569 659 rogabamus
1597 593 1653 638 et
1706 598 1806 636 nos
1830 590 1886 634 et
1913 578 2007 648 qui

2191 593 2358 629 τοισιν
2390 576 2467 637 εἰς
2499 575 2684 643 χεῖρας
2716 568 2907 623 ἐθνῶν.
2953 567 3039 630 Ὣς
3071 566 3127 618 δὲ
3149 563 3517 635 ἠκούσαμεν
3549 576 3753 626 ταυτα,

2398 668 2411 674 ι
2461 666 2487 674 ρ.
2636 665 2650 674 ι
2737 664 2759 674 ιι
2982 662 2992 674 ι
3083 660 3095 674 ο
3154 660 3167 674 1
3235 673 3238 674 ,
3268 654 3288 674 Ι
3313 673 3334 674 ,,
3353 669 3424 674 ___
3518 649 3618 674 ..-π
3683 652 3751 674 --Δ

436 716 453 747 ι
496 649 647 749 illius
669 690 773 745 loci
805 693 985 749 erant,
1014 698 1084 737 ne
1130 677 1461 735 ascenderet
1498 674 1826 731 Jerusalem.
1857 671 2014 724 Tunc

2191 666 2596 740 παρεκαλοῦμεν
2628 664 2787 734 ἡμεῖς
2815 678 2874 714 τε
2907 662 3001 714 καὶ
3048 660 3097 711 οἱ
3151 654 3458 715 ἐντόπιοι,
3515 649 3619 704 τοῦ
3680 652 3755 724 μὴ

437 744 455 837 ᾧ
488 744 776 854 respondit
803 744 1025 838 Paulus,
1061 788 1125 828 ae
1159 770 1333 824 dixit:
1368 766 1510 835 Quid
1544 764 1725 820 facitis
1743 762 1938 817 ﬂentes
1959 769 2016 814 et

2191 760 2494 816 ἀναϐαίνειν
2526 756 2690 810 αὐτὸν
2740 756 2820 818 είς
2882 751 3279 823 Ἰερουσαλήμ.
3324 744 3667 815 Ἀπεκρίθη
3695 762 3755 798 τε

439 897 457 928 ι
494 834 797 943 amigentes
836 883 932 922 cor
977 861 1198 919 meum?
1253 861 1366 931 Ego
1414 874 1524 915 non
1581 856 1758 911 solum
1791 851 2016 918 vinciri,

2191 854 2210 907 5
2242 850 2474 915 Παῦλος,
2504 849 2570 902 Τί
2605 849 2809 901 ποιεῖτε
2866 844 3144 906 κλαίοντες
3174 839 3282 896 καὶ
3353 835 3503 889 συνθ
3516 834 3757 906 ρύπτον-

447 990 465 1020 σ
501 966 597 1022 sed
625 974 678 1019 et
708 960 846 1016 mori
879 966 1100 1029 paratus
1122 969 1243 1011 sum
1275 949 1631 1023 Jerosolymis
1670 963 1771 1019 pro
1797 944 2019 1001 nomine

2191 947 2273 1010 τές
2310 962 2412 1016 μου
2444 946 2539 1012 τὴν
2566 940 2831 1012 καρδίαν;
2863 935 3008 1005 Ἐγὼ
3042 936 3151 1007 γάρ
3178 934 3246 987 οὐ
3287 930 3478 1002 μόνον
3496 928 3754 997 δεθῆναι,

448 1080 466 1109 ι
510 1054 729 1112 Domini
771 1019 925 1108 Jesu.
989 1049 1059 1104 Et
1097 1062 1223 1102 cum
1270 1045 1370 1099 ille
1408 1019 1519 1097 non
1572 1037 2020 1111 persuaderetur,

2196 1037 2333 1093 ἀλλὰ
2367 1037 2458 1090 καὶ
2493 1032 2784 1088 ἀποθανεῖν
2812 1031 2891 1094 είς
2933 1025 3313 1100 Ἰερουσαλὴμ
3362 1022 3625 1092 ἑτοίμως
3649 1019 3758 1091 ἔχω

443 1171 461 1204 ι
494 1147 872 1220 acquievimus
892 1142 1185 1200 dicentes:
1217 1137 1437 1194 Domini
1468 1138 1723 1191 voluntas
1752 1132 1862 1187 ﬁat.
1895 1151 1913 1183 ι

2191 1131 2328 1202 ὑπὲρ
2351 1126 2443 1184 τοῦ
2475 1127 2739 1196 ὀνόματος
2768 1122 2863 1178 τοῦ
2898 1121 3101 1194 Κυρίου
3134 1114 3360 1189 Ἰησοῦ.
3399 1113 3504 1186 Μὴ
3543 1112 3759 1220 Λπειθο-

2136 1245 2154 1275 ι
2199 1223 2360 1294 μένου
2391 1222 2447 1275 δὲ
2478 1217 2666 1285 αὑτοῦ,
2698 1214 3076 1287 ἡσυχάσαμεν,
3104 1210 3397 1270 είπόντεςυ
3430 1206 3515 1258 Τδ
3542 1202 3761 1275 θέλημα

2137 1339 2154 1369 ι
2197 1316 2288 1371 τοῦ
2318 1312 2526 1384 Κυρίου
2561 1310 2825 1381 γενέσθω.
2860 1328 2878 1359 ι

1014 1449 1240 1508 CAPUT
1275 1447 1469 1504 XXXI.

2718 1448 2975 1504 ΚΕΦΑΔ.
3000 1446 3130 1500 AA'.

449 1592 767 1649 Adhartatio
792 1588 980 1645 Jacobi
1018 1588 1088 1643 ad
1115 1585 1371 1650 Paulum,
1401 1600 1460 1639 eo
1487 1583 1627 1655 quod
1655 1580 1858 1655 Paulus
1898 1580 2037 1633 dice-

1467 1583 1627 1667 ,(1³⁸οά
1655 1580 1858 1667 fudi,“
1898 1580 2037 1633 ἀίσε-
2139 1592 2501 1667 Παραίνεσις
2523 1585 2835 1667 ξιαθςῴ-ὁςου.
2858 1582 3009 1651 πρὸς
3033 1580 3309 1667 Παῦτίον.
3350 1577 3504 1667 is?!
3540 1574 3651 1629 τοῦ
3676 1574 3759 1645 μὴ

588 1670 735 1716 retur
764 1677 867 1715 non
894 1661 1135 1730 judicare
1160 1658 1405 1712 Hebraeos
1432 1653 1898 1709 circumcidenda.

2377 1651 2584 1714 δοκεῖν
2632 1656 2945 1728 Ἐϐραίους
2992 1651 3509 1721 περιτέμνεσθαι.

500 1788 669 1863 ⁸ΧΧΙ,
720 1797 906 1852 15-25.
947 1758 985 1849 ι.
1003 1797 1135 1851 Post
1175 1795 1277 1849 hos
1310 1802 1495 1849 autem
1530 1790 1650 1845 dies
1697 1788 1873 1860 parati
1908 1802 2040 1843 eon-

461 1909 479 1941 ι
522 1888 923 1943 scendcbamus
967 1884 1297 1941 Jerusalem.
1345 1882 1636 1938 Venerunt
1689 1885 1876 1933 autem
1931 1889 2039 1928 una
2077 1893 2078 1903 π

2210 1886 2668 1960 ἁνεὸαίνομενϊίς
2708 1882 3089 1956 Ἰερουσαλήμ,
3120 1880 3412 1950 Συνῆλθον
3433 1877 3496 1931 δὲ
3524 1876 3628 1930 καὶ
3656 1876 3761 1929 τῶν

462 2002 480 2034 ι
519 1980 744 2052 quidam
785 1994 851 2034 ex
880 1976 1170 2047 discipulis
1201 1992 1231 2030 a
1251 1975 1497 2031 Caesarea
1526 1971 1835 2034 nobiscum,
1866 1966 2040 2023 addu-

2211 1980 2471 2054 μαθητῶν
2485 1979 2593 2032 ἀπὸ
2624 1975 2962 2045 Καισαρείας
2996 1973 3261 2042 σὺνὴμῖν,
3293 1968 3547 2038 ἄγοντες
3571 1960 3764 2039 παρ“ᾧ

466 2092 484 2124 ι
522 2080 714 2147 centes
741 2084 949 2125 secum‘
971 2068 1116 2138 apud
1156 2082 1324 2137 quem
1372 2064 1807 2135 bospi’taremur,
1841 2060 2049 2114 Mnasoc

2211 2073 2568 2144 ξενισθῶμεν,
2586 2068 2848 2126 Μνάσωνί
2869 2085 2974 2122 τινι
2992 2067 3227 2139 Κυπρίῳ
3247 2062 3491 2135 ἀρχαίῳ
3516 2060 3757 2145 μαθητῇ.
3780 2134 3791 2141 .

2221 1821 2239 1855 ι
2276 1799 2432 1855 Μετά
2459 1798 2517 1852 δὲ
2544 1794 2643 1860 τὰς
2676 1796 2890 1865 ἡμερας
2937 1790 3141 1854 ταύτας
3183 1781 3760 1859 ἐπισκευασάμενοι,

467 2184 485 2216 ι
528 2180 653 2219 nem
704 2161 997 2233 quemdam
1059 2160 1301 2231 Cyprum
1370 2167 1613 2213 veterem
1691 2153 2045 2224 discipulum.

467 2277 485 2308 ι
522 2255 776 2326 Cumque
822 2253 1174 2309 venissemus
1211 2251 1576 2322 Jernsolyma,
1618 2246 1858 2325 libenter
1886 2257 2049 2299 exoc-

468 2365 487 2399 ι
526 2328 730 2417 perunt
773 2360 875 2400 nos
909 2344 1135 2399 fratres.
1198 2342 1427 2398 Postero
1472 2355 1610 2396 vero
1655 2338 1745 2393 die
1788 2334 2053 2391 introibat

471 2460 489 2492 ι
530 2440 734 2495 Paulus
755 2439 1043 2494 nobiscum
1078 2435 1145 2491 ad
1172 2432 1462 2498 Iacobum,
1504 2444 1808 2500 omnesque
1849 2442 2052 2484 conve-

472 2551 489 2582 ι
530 2540 734 2586 nerunt
767 2529 1101 2601 presbyteri.
1139 2527 1287 2595 Quos
1323 2526 1416 2581 ubi
1451 2526 1763 2589 salutasset,
1796 2520 2057 2577 narrabat

487 2642 503 2673 ι
549 2638 645 2692 per
690 2620 931 2691 singula,
973 2635 1097 2689 quae
1119 2619 1266 2673 Deus
1308 2617 1534 2672 fecisset
1576 2616 1634 2670 in
1666 2612 1925 2687 gentibus
1957 2627 2057 2682 per

2158 2189 2175 2222 ι
2213 2167 2528 2238 Γενομένων
2551 2164 2608 2218 δὲ
2634 2161 2793 2234 ἡμῶν
2820 2163 2900 2225 είς
2936 2159 3318 2233 Ἰεροσόλυμα,
3352 2155 3633 2225 ἀσμένως
3656 2152 3765 2205 εδιο

2160 2282 2177 2314 ι
2215 2261 2416 2330 ξαντοή
2427 2260 2531 2330 μᾶς
2550 2259 2599 2311 οί
2630 2255 2870 2325 ἀδελφοί.
2890 2254 2970 2325 Τῇ
2987 2253 3042 2307 δὲ
3075 2251 3316 2324 ἐπιούσῃ
3337 2248 3531 2321 εἰσῄει
3558 2248 3587 2300 ὁ
3614 2244 3760 2299 Παῦ-

2161 2374 2181 2407 ι
2218 2355 2307 2418 λος
2331 2354 2427 2407 σὺν
2444 2352 2577 2423 ἡμῖν
2600 2349 2739 2420 πρὸς
2774 2345 3051 2411 Ἰάκωϐον,
3070 2344 3275 2407 πάντες
3296 2359 3364 2396 τε
3390 2340 3764 2412 παρεγένοντο

2162 2466 2179 2497 ι
2216 2448 2266 2500 oi
2291 2442 2676 2516 πρεσϐύτεροι.
2698 2440 2806 2493 Καὶ
2828 2437 3217 2508 ἀσπασάμενος
3244 2435 3488 2498 αὐτοὺς,
3514 2432 3761 2501 ἐξηγεῖτο

2168 2559 2185 2591 ι
2225 2537 2346 2591 καθ’
2374 2536 2431 2589 ἒν
2458 2535 2712 2598 ἕκαστον,
2737 2525 2814 2588 ὧν
2852 2530 3153 2602 ἐποίησενὸ
3182 2528 3324 2592 Θεὸς
3342 2529 3407 2581 ὲν
3438 2529 3560 2591 τοῖς
3590 2525 3764 2579 ἔθνεσι

2166 2648 2184 2681 ι
2223 2627 2308 2681 διὰ
2330 2627 2427 2695 τῆς
2441 2622 2720 2686 διακονίας
2740 2620 2930 2676 αὐτοῦ.
2946 2620 3012 2673 Οἱ
3033 2618 3089 2672 δὲ
3111 2616 3488 2682 ἀκούσαντες,
3516 2612 3763 2683 ἐδόξαζον

479 2734 495 2765 ι
545 2713 917 2768 ministerium
946 2712 1141 2782 ipsius.
1169 2711 1239 2765 At
1262 2710 1341 2765 illi
1371 2725 1495 2765 cum
1524 2708 1832 2774 audissent,
1854 2705 2060 2778 gloriﬁ—

479 2827 496 2860 ι
535 2806 737 2861 cubant
789 2806 984 2870 Deum,
1029 2804 1402 2874 dixeruntque
1452 2802 1504 2857 ei
1549 2821 1562 2857 :
1610 2800 1795 2863 Vides,
1868 2798 2059 2863 frater,

479 2916 498 2948 ι
539 2905 675 2968 quot
707 2895 880 2949 millia
907 2894 1018 2949 sint
1039 2892 1356 2949 Iudaeorum
1390 2892 1485 2963 qui
1515 2889 1920 2947 crediderunt?
1946 2902 2064 2942 om-

484 3010 503 3040 ι
546 3003 757 3059 nesque
786 2987 1023 3042 studiosi
1064 2994 1370 3042 sectatores
1403 2995 1532 3040 sunt
1566 2984 1725 3055 legis.
1755 2982 2067 3038 Audierunt

2191 3018 2194 3049 :
2232 2997 2405 3066 θησαν
2438 2995 2497 3049 δὲ
2523 2992 2653 3065 περὶ
2674 2992 2796 3059 σοῦ,
2832 2991 2916 3045 ὅτι
2945 2987 3287 3044 ἀποστασίαν
3343 2985 3633 3045 διδάσκεις
3662 2979 3762 3035 ἀπὸ

482 3100 500 3131 ι
538 3088 744 3153 autem,
774 3079 843 3133 de
895 3088 948 3159 te
995 3076 1141 3148 quod
1187 3076 1555 3132 defectionem
1598 3075 1799 3130 doceas
1844 3089 1875 3128 ο
1917 3073 2066 3128 Mose

2191 3111 2193 3142 ἰ
2237 3087 2508 3155 Μωσέως,
2547 3087 2674 3150 τοὺς
2728 3084 2872 3140 κατά
2902 3085 2971 3138 τά
3020 3081 3151 3152 ἔθνη
3190 3083 3414 3143 πάντας
3458 3076 3760 3135 Ἰουδαίους.

484 3178 509 3224 ι’
542 3186 739 3228 omnes
769 3170 864 3241 qui
892 3169 1038 3225 inter
1067 3177 1259 3240 gentes
1284 3175 1415 3239 sunt
1442 3166 1682 3233 Iudaeos,
1714 3165 1928 3230 dicens,
1956 3180 2065 3220 non

2191 3202 2198 3235 l
2237 3183 2435 3251 λέγων,
2469 3181 2544 3253 μὴ
2571 3178 2925 3250 περιτέμνειν
2941 3177 3139 3240 αὐτοὺς
3169 3175 3238 3230 τά
3256 3175 3458 3240 τέκνα,
3499 3169 3637 3243 μηδὲ
3660 3169 3763 3228 τοῖς

2166 2739 2185 2772 ι
2227 2721 2316 2775 τὸν
2334 2718 2561 2789 Κύριον,
2584 2712 2738 2770 εἶπόν
2764 2732 2823 2769 τε
2845 2712 2995 2783 αὐτῷ
3010 2727 3027 2743 ⁸
3050 2711 3314 2783 Θεωρεῖς,
3339 2709 3575 2778 ἀδελφὲ,
3603 2707 3762 2761 πόσαι

2169 2831 2188 2865 ι
2230 2810 2489 2883 μυριάδες
2517 2807 2656 2862 εἰσιν
2696 2805 2969 2860 Ἰουδαίων
3000 2802 3113 2857 τῶν
3134 2800 3645 2865 πεπιστευκότων;
3672 2797 3762 2850 καὶ

2173 2925 2191 2957 ι
2234 2904 2438 2966 πάντες
2464 2900 2707 2973 ζηλωταὶ
2752 2897 2849 2952 τοῦ
2904 2897 3070 2966 νόμου
3118 2895 3470 2964 ὑπάρχουσι.
3506 2887 3762 2958 Κατηχή-

489 3286 506 3318 ι
549 3265 752 3320 debere
794 3278 892 3319 eos
931 3260 1333 3319 circumcidere
1364 3259 1527 3323 ﬁlios,
1562 3273 1742 3329 neque
1763 3256 2067 3313 secundum

489 3378 507 3409 ι
550 3358 809 3414 instituta
834 3357 1045 3411 vivere.
1086 3353 1229 3421 Quid
1263 3362 1348 3409 est
1377 3353 1548 3424 ergo?
1581 3351 1820 3408 Omnino
1852 3357 2072 3418 Oportet

491 3472 508 3502 ι
551 3449 851 3505 convenire
896 3446 1313 3502 multitudinem
1358 3464 1371 3500 :
1410 3444 1640 3499 audient
1685 3445 1835 3499 enim
1880 3452 1934 3498 te
1976 3457 2074 3496 ve-

490 3560 511 3593 ι
550 3541 721 3596 nisse.
748 3540 864 3594 Hoc
884 3554 1017 3610 ergo
1046 3538 1134 3592 fac
1159 3537 1307 3607 quod
1331 3537 1429 3590 tibi
1454 3535 1711 3591 dicimus.
1745 3534 1885 3590 Sunt
1914 3532 2075 3587 nobis

493 3651 512 3682 ι
546 3638 784 3702 quatuor
804 3628 906 3684 viri
929 3635 1117 3683 votum
1143 3628 1411 3682 habentes
1435 3641 1603 3696 super
1628 3642 1684 3681 se
1719 3644 1732 3680 :
1762 3626 1844 3681 his
1866 3640 2077 3680 assum-

495 3743 515 3776 ι
563 3723 675 3794 ptis
718 3721 880 3792 156
905 3719 1139 3792 purifica
1188 3728 1239 3774 te
1272 3733 1399 3774 cum
1443 3717 1573 3782 illis,
1605 3729 1661 3773 et
1694 3717 1950 3787 impende
1980 3732 2077 3771 su-

499 3838 515 3867 ι
555 3831 656 3887 per
714 3815 848 3880 illis,
906 3822 968 3869 ut
1030 3812 1477 3882 radant-eapita,
1546 3812 1837 3880 sciantque
1885 3824 2080 3865 omnes

497 3927 522 3963 ι
560 3907 709 3980 quod
750 3923 872 3978 qua:
893 3906 962 3963 de
995 3914 1048 3963 te
1072 3906 1370 3961 audierunt
1399 3905 1541 3959 nihil
1576 3911 1726 3969 sunt,
1757 3903 1854 3959 sed
1882 3901 2078 3957 ambu-

497 4019 517 4052 ι
551 4002 633 4055 las
659 4007 716 4055 et
738 4001 856 4071 ipse
896 3998 1230 4056 custodiens
1266 3999 1465 4069 legem.
1502 4000 1577 4052 De
1609 3997 1867 4068 gentibus
1896 4004 2081 4050 autem

499 4117 516 4147 ι
555 4110 678 4166 qua:
702 4093 1063 4150 crediderunt
1089 4106 1193 4148 nos
1213 4090 1671 4162 signiﬁcavimus,
1694 4089 2078 4151 decernentes.

500 4206 521 4242 ι
559 4204 629 4244 ne
668 4187 803 4259 quid
842 4185 1161 4260 huiusmodi
1189 4186 1488 4241 observent
1524 4183 1633 4238 nisi
1662 4193 1723 4237 ut
1749 4189 1980 4238 caveant
2014 4181 2083 4236 ab

502 4300 520 4333 ι
558 4280 884 4353 idolothytis
929 4287 987 4335 et
1027 4278 1318 4351 sanguine,
1367 4286 1424 4334 et
1462 4276 1755 4342 suffocato,
1786 4284 1842 4331 et
1875 4283 2085 4331 scorta-

500 4390 522 4426 ι
563 4372 734 4429 tione.
769 4390 788 4425 ι

573 4484 592 4516 ι
643 4464 1198 4535 Ἐπισκευασάμενοι.
1261 4483 1281 4517 ι
1322 4464 1439 4519 Hoc
1471 4472 1577 4530 est,
1609 4478 1734 4519 cum
1768 4477 1834 4517 ea
1866 4476 1989 4532 qua:
2016 4459 2085 4517 ad

2183 3292 2201 3327 ι
2241 3274 2390 3327 ἔθεσι
2425 3272 2778 3342 περιπατεῖν.
2802 3268 2867 3323 Τί
2895 3267 2989 3322 οὖν
3023 3269 3169 3334 ὲστις
3198 3265 3439 3328 Πάντως
3467 3262 3550 3316 δεῖ
3570 3258 3764 3328 πλῆθος

2180 3386 2200 3419 ι
2243 3358 2558 3420 συνελθεῖν·
2609 3361 2941 3417 ἀκούσονται
2996 3358 3107 3431 γὰρ
3132 3359 3215 3412 ὅτι
3248 3356 3553 3429 ἐλήλυθας.
3607 3349 3764 3404 Τοῦτο

2184 3476 2202 3507 ‹
2237 3455 2330 3510 οὖν
2375 3453 2622 3526 ποίησον,
2685 3454 2839 3508 ὅσσοι
2869 3452 3126 3521 λέγομεν.
3186 3450 3343 3504 Εἰσὶν
3389 3450 3529 3519 ἡμῖν
3586 3443 3762 3513 ἄνδρες

2185 3566 2203 3598 ι
2241 3546 2507 3615 τέσσαρες
2561 3544 2730 3615 εὐχὴν
2789 3543 3008 3614 ἔχοντες
3073 3543 3166 3611 ἀφ’
3227 3542 3490 3596 ἑαυτῶν·
3552 3536 3764 3594 τούτους

2186 3656 2203 3689 ι
2242 3633 2599 3707 παραλαϐὼν,
2622 3634 2911 3706 ἁγνίσθητι
2944 3636 3041 3688 σὺν
3065 3635 3272 3701 αὐτοῖς,
3313 3633 3416 3687 καὶ
3463 3630 3760 3696 δαπάνησον

2186 3747 2205 3780 ι
2246 3731 2334 3783 ἐπ’
2352 3729 2561 3795 αὐτοῖς,
2582 3729 2668 3782 ἵνα
2699 3728 3043 3799 ξυρήσωνται
3066 3727 3163 3797 τὴν
3189 3727 3461 3798 κεφαλὴν,
3491 3725 3589 3778 καὶ
3609 3719 3762 3797 γνῶσὶ

2188 3839 2208 3874 ι
2250 3821 2474 3885 πάντες,
2505 3821 2587 3874 ὅτι
2640 3813 2716 3874 ὧν
2744 3819 3086 3891 κατήχηνται
3117 3820 3247 3890 περὶ
3279 3818 3378 3872 σοῦ
3413 3816 3571 3872 οὐδέν
3603 3815 3760 3872 ἐστιν,

2188 3930 2208 3963 ι
2247 3911 2387 3966 ἀλλὰ
2427 3914 2661 3982 στοιχεῖς
2686 3912 2784 3965 καὶ
2813 3910 2976 3975 αὐτὸς
2999 3911 3091 3965 τὸν
3102 3911 3269 3981 νόμον
3294 3909 3616 3979 φυλάσσων.
3639 3900 3763 3971 Περὶ

2192 4024 2209 4056 ι
2251 4003 2310 4058 δὲ
2346 4002 2457 4058 τῶν
2486 4004 2929 4057 πεπιστευκότων
2961 4000 3134 4056 ἐθνῶν
3161 4002 3322 4073 ἡμεῖς
3350 3997 3759 4066 επεστείλαμεν.

2191 4116 2210 4148 ι
2257 4097 2567 4168 κρίναντες,
2620 4096 2789 4168 μηδὲν
2842 4095 3088 4149 τοιοῦτον
3128 4097 3319 4166 τηρεῖν
3348 4094 3577 4155 αὐτοὺς,
3618 4091 3665 4142 εί
3693 4087 3759 4157 μὴ

2192 4208 2211 4241 ι
2250 4187 2623 4260 φυλάσσεσθαι
2640 4187 2836 4251 αὐτοὺς
2853 4188 2913 4242 τό
2932 4205 2992 4241 τε
3024 4187 3397 4256 εἰδωλόθυτον,
3417 4187 3516 4240 καὶ
3540 4184 3600 4238 τὸ
3613 4176 3758 4250 αἷμα,

2199 4304 2218 4336 ι
2260 4283 2352 4337 καὶ
2376 4282 2622 4347 πνικτὸν,
2665 4283 2761 4335 καὶ
2786 4281 3063 4352 πορνείαν.
3103 4301 3124 4334 ι

2270 4482 2289 4516 ι
2332 4462 2884 4533 Ἐπισκευασάμενοι.
2921 4482 2940 4514 ι
2969 4462 3253 4527 Τουτέστι,
3300 4461 3372 4516 τά
3409 4457 3547 4531 πρὸς
3578 4455 3761 4509 ὁδοιπο-

502 4560 613 4611 iter
654 4556 971 4612 necessaria
1008 4566 1167 4612 erant
1195 4557 1623 4627 accepissemus.
1650 4576 1668 4607 ι
1692 4555 1880 4621 Vides,
1902 4555 2078 4611 frater.

2205 4556 2325 4626 ρίαν
2347 4554 2625 4625 λαϐόντες.
2664 4574 2682 4608 ι
2707 4556 2967 4628 Θεωρεῖς,
2999 4555 3216 4625 ἀδελφὲ,
3247 4554 3413 4608 πόσαι
3434 4548 3702 4623 μυριάδες·
3734 4561 3751 4594 ⁸

501 4658 642 4719 quot
664 4649 861 4704 millia.
899 4667 917 4701 ι
959 4649 1266 4704 Consilium
1292 4648 1343 4703 ei
1370 4648 1504 4703 dant
1537 4658 1595 4704 et
1629 4664 1742 4702 non
1767 4650 1963 4720 jubent
1997 4649 2092 4705 Ja-

502 4738 674 4791 cobus
712 4746 769 4791 et
812 4737 909 4807 qui
951 4752 1079 4792 cum
1118 4751 1186 4792 eo
1239 4745 1422 4801 erant,
1471 4745 1699 4807 propter
1735 4737 1885 4808 quod
1926 4739 2093 4793 etiam

504 4828 761 4884 suadent.
785 4829 919 4884 Nam
938 4829 1370 4901 dispensationis
1400 4838 1522 4886 erat
1549 4830 1641 4885 illa
1673 4831 2093 4897 condescensio,

510 4937 627 4977 non
660 4921 1048 4991 legislationis.
1074 4921 1267 4992 Itaque
1293 4921 1707 4991 praedicationis
1732 4922 1967 4978 offensio
2003 4931 2100 4977 aut

509 5011 970 5081 impedimentum
1005 5026 1118 5067 non
1138 5021 1281 5077 erat,
1311 5010 1410 5065 sed
1443 5010 1803 5081 dispensatio.
1835 5012 1974 5068 Nam
2002 5013 2100 5083 qui

508 5105 866 5176 Jerosolymis
894 5120 964 5160 ex
992 5104 1199 5161 Judaeis
1221 5104 1600 5171 crediderant,
1625 5106 1879 5162 instituta
1907 5107 2101 5178 legalia

512 5198 695 5252 adhuc
739 5212 965 5253 servare
1010 5197 1292 5252 volebant.
1336 5218 1354 5249 ‹
1390 5198 1485 5252 llis
1530 5200 1825 5269 assumptis
1865 5201 2098 5270 purifica

512 5300 568 5345 te
618 5304 743 5344 cum
799 5288 929 5343 illis.
976 5308 994 5341 ι
1041 5287 1290 5344 Suadent
1326 5289 1378 5343 ci
1419 5297 1478 5343 ut
1510 5305 1680 5359 opere
1721 5288 2099 5347 defensionem

514 5391 693 5453 paret,
725 5396 836 5436 non
859 5397 1134 5438 sermone.
1158 5383 1273 5437 Hoc
1293 5383 1475 5453 itaque
1499 5382 1724 5438 dicunt:
1750 5382 1831 5437 Tu
1859 5383 2098 5455 porrige,

514 5469 637 5546 quze
674 5476 829 5546 juxta
868 5475 1043 5545 legem
1085 5475 1397 5531 offeruntur
1448 5492 1549 5547 pro
1577 5477 1679 5541 eis,
1724 5477 1933 5533 hostias
1981 5496 1993 5531 :
2045 5487 2104 5533 ut

518 5569 896 5640 suspicionem
947 5569 1151 5637 solvas,
1192 5580 1249 5625 et
1300 5571 1562 5627 ostendas
1595 5571 1744 5642 quod
1782 5588 1893 5626 non
1925 5572 2103 5626 solum

522 5677 635 5716 non
663 5662 865 5718 doceas
893 5679 1015 5734 quae
1049 5664 1156 5735 legi
1204 5665 1482 5722 contraria
1536 5673 1688 5727 sunt,
1724 5665 1835 5719 imo
1863 5663 2011 5732 quod
2052 5671 2108 5718 et

526 5755 640 5824 ipse
675 5771 862 5811 serves
886 5773 1019 5827 quae.
1040 5758 1095 5812 in
1126 5759 1245 5829 lege
1270 5758 1561 5830 jubentur.
1598 5758 1677 5813 Ne
1711 5766 1893 5811 autem
1936 5755 2105 5821 dicat,

526 5845 583 5901 Si
618 5854 808 5917 gentes
829 5848 933 5905 hoc
958 5849 1275 5922 didicerint,
1309 5849 1705 5907 offendiculum
1738 5848 1864 5906 inde
1891 5848 2109 5918 patien-

2203 4645 2696 4717 Συμσουλεύουσιν,
2731 4647 2832 4701 οὐκ
2860 4647 3207 4702 ἐπιτάττουσι
3240 4644 3415 4716 τούτῳ
3439 4644 3490 4697 οἱ
3526 4640 3647 4713 περὶ
3680 4634 3758 4688 τὸν

2218 4737 2472 4791 Ἰάκωϐον
2495 4754 2509 4769 ⁸
2539 4738 2662 4792 ὅθεν
2718 4739 2814 4792 καὶ
2858 4737 3164 4793 πείθουσιν.
3218 4735 3544 4806 Οἱκονομίας
3573 4731 3675 4801 γὰρ
3697 4721 3756 4795 ἦν

2207 4832 2243 4901 ή
2268 4830 2698 4899 συγκατάϐασις,
2728 4832 2789 4885 ού
2813 4830 3153 4902 νομοθεσίας.
3187 4831 3302 4885 Οὐκ
3330 4830 3441 4900 ἄρα
3462 4821 3665 4896 ἐγκοπὴ
3676 4817 3757 4874 τοῦ

2211 4923 2568 4995 κηρύγματος
2617 4923 2773 4977 τοῦτο
2818 4919 2910 4996 ἦν,
2980 4924 3095 4978 ἀλλ’
3126 4924 3440 4995 ¹οίκονομία.
3479 4922 3540 4974 Οἱ
3580 4916 3679 4987 γὰρ
3707 4914 3757 4963 έν

2223 5014 2620 5086 Ἰεροσολύμοις
2676 5014 3068 5078 πιστεύσαντες
3121 5015 3231 5069 ἀπὸ
3273 5012 3560 5076 Ἰουδαίων,
3587 5005 3654 5061 τὰ
3674 5000 3757 5067 ἔθη

2210 5105 2279 5159 τὰ
2319 5107 2520 5177 νομικὰ
2551 5105 2743 5178 ἡθελον
2768 5106 2851 5160 ἔτι
2885 5108 3195 5176 φυλάττειν.
3227 5124 3246 5158 ι
3282 5105 3518 5166 Τούτους
3538 5093 3755 5168 παραλα-

2213 5196 2324 5251 ϐὼν
2354 5198 2638 5270 ἁγνίσθητι
2677 5200 2775 5254 σὺν
2815 5200 3023 5264 αὐτοῖς,
3053 5218 3072 5252 ι
3112 5196 3436 5270 Ἐργῳιτὴν
3494 5183 3755 5254 ἀπολογίαν

2216 5290 2439 5361 ποιῆσαι
2495 5290 2643 5360 αύτῷ
2703 5290 3183 5361 συμϐουλεύουσιν,
3220 5290 3279 5342 οὐ
3306 5289 3469 5359 λόγῳ.
3504 5281 3655 5336 Τοῦτο
3677 5271 3753 5326 οὖν

2215 5399 2374 5451 (μα’
2434 5382 2544 5445 Τὰς
2589 5384 3043 5454 προσφερομένας
3104 5383 3246 5455 ὑπὲρ
3308 5382 3487 5435 αὐτῶν
3523 5371 3651 5432 κατὰ
3678 5365 3753 5419 τὸν

2216 5475 2378 5544 νόμον
2406 5474 2621 5541 θυσίας,
2655 5477 2720 5528 σὺ
2770 5476 3043 5546 πάρασχε,
3081 5477 3166 5528 ἵνα
3199 5476 3366 5549 λύσῃς
3397 5474 3492 5544 τὴν
3527 5462 3748 5531 ὑποψίαν.

2218 5570 2313 5624 καὶ
2330 5568 2535 5640 δείξῃς,
2562 5570 2646 5621 ὅτι
2679 5570 2740 5621 οὐ
2784 5570 2945 5637 μόνον
2966 5571 3027 5623 οὐ
3054 5570 3323 5632 διδάσκεις
3344 5568 3448 5633 ἔξω
3476 5560 3563 5619 τοῦ
3592 5557 3750 5626 νόμους

2219 5662 2334 5715 ἀλλ’
2363 5663 2446 5715 δτι
2473 5663 2568 5715 καὶ
2589 5662 2751 5725 αὐτὸς
2786 5662 3074 5731 φυλάττεις
3095 5663 3163 5715 τὰ
3189 5663 3246 5716 ὲν
3285 5662 3363 5733 τῷ
3402 5659 3562 5727 νόμῳ.
3586 5650 3684 5703 Ἵνα
3701 5641 3748 5695 δὲ

2224 5755 2300 5826 μὴ
2323 5755 2478 5824 λέγῃ,
2505 5755 2588 5811 ὅτι
2625 5755 2723 5808 "Av
2752 5755 2820 5808 τά
2869 5754 2999 5826 ἔθνη
3046 5754 3205 5808 τοῦτο
3230 5753 3464 5825 μάθωσι,
3503 5739 3747 5799 σκανδαλι-

2223 5849 2535 5922 σθήσονται,
2575 5850 2771 5921 ἐπάγει
2794 5850 2979 5906 λοιπόν
3009 5869 3019 5879 ·
3054 5871 3070 5903 ι
3116 5851 3246 5919 Περὶ
3288 5850 3343 5903 δὲ
3373 5847 3474 5902 τῶν
3504 5846 3747 5895 πεπιστευ·
