4024 6566
282 428 392 493 265

282 540 461 594 κότων
486 539 656 592 ἐθνῶν
687 540 845 611 ἡμεῖς
880 538 1294 612 ἐπεστείλαμεν,
1347 546 1500 615 φησὶ,
1537 546 1706 617 μηδὲν
1749 564 1857 600 τοι·

276 632 442 686 οὖτον
468 635 657 705 τηρεῖν
696 633 913 697 αὐτούς.
941 634 1154 706 ’Ὠσπερ
1185 631 1279 689 οὖν
1315 638 1476 707 ἡμεῖς
1509 640 1737 703 ἐκείνοις
1762 642 1857 693 ἑπ-

278 724 575 795 ετάξαμεν,
629 725 806 779 καίτοι
853 726 1127 791 Ἰουδαίοις
1172 708 1564 800 ῗιηρύττοντες,
1598 732 1740 786 οὕτω
1764 733 1860 785 καὶ

279 817 349 871 σὺ
370 819 484 880 τοῖς
514 818 693 871 ἔθνεσι
749 818 1058 888 κηρύττων,
1096 819 1416 891 σύμπραξον
1455 824 1605 893 ἡμῖν.
1647 825 1860 893 Συγκα-

273 907 508 971 τὰϐασις
538 909 648 978 γὰρ
678 908 839 963 τοῦτὸ
867 913 1004 971 ἐστι,
1047 911 1214 981 μηδὲν
1241 912 1611 989 ὑποπτεύσῃς.
1663 917 1773 971 Καὶ
1801 917 1862 970 τὸ

274 1000 340 1052 ἐν
382 1000 782 1071 Ἱεροσολύμοις
816 1003 872 1056 δὲ
916 1002 1075 1056 τοῦτο
1128 1007 1302 1059 ποιεῖν
1332 1007 1587 1079 φορητόν.
1627 1009 1861 1079 Ποίησον

268 1094 371 1148 οὖν
406 1097 569 1150 τοῦτο
594 1097 853 1162 ἐνταῦθα,
905 1099 992 1152 ἴνα
1036 1099 1130 1173 ἐξῇ
1177 1118 1258 1155 σοι
1299 1100 1403 1167 ἔξω
1438 1107 1614 1159 ποιεῖν
1662 1106 1857 1161 ἐκεῖνο.

274 1187 411 1243 Εἶτα
452 1190 682 1261 ἐπείσθη
733 1192 938 1257 αὐτοῖς,
978 1193 1073 1246 καὶ
1119 1194 1348 1267 ἐξυρᾶτο
1397 1197 1491 1250 καὶ
1525 1197 1721 1265 ,πάντα
1790 1200 1860 1255 τὰ

288 1281 559 1336 Ἰουδαϊκὰ
584 1283 926 1339 ἐπετέλεσεν.

857 1469 1107 1526 ΚΕΦᾹΛ.
1138 1471 1263 1527 ΔΒ’.

270 1580 565 1654 Περὶλτῆς
596 1594 667 1654 εν
721 1584 1105 1654 Ιερουσαλὴμ
1133 1583 1283 1639 κατὰ
1305 1585 1411 1639 τοῦ
1436 1586 1677 1641 Παύλου
1695 1604 1861 1654 κινη-

343 1651 557 1725 θείσης
606 1652 893 1725 similae.
932 1651 1094 1725 (huic
1147 1672 1212 1710 te
1251 1655 1439 1725 af)ng
1475 1659 1510 1710 ὁ
1548 1651 1861 1725 χιλίαρχος

346 1722 457 1775 τοῦ
503 1723 779 1790 πλήθους
837 1719 1174 1792 ἐξαιρεῖται.
1213 1719 1384 1792 Ἑνῷ
1411 1719 1655 1781 Παύξὶυυ
1687 1719 1859 1781 αἱάὲάέ

342 1807 568 1865 στᾳσις
586 1794 723 1865 περὶ
750 1792 1087 1865 ἐαυτοῦξκαὶ
1117 1795 1231 1865 τῆς
1252 1799 1339 1862 εις
1365 1797 1722 1865 ἀποστολὴν
1755 1800 1861 1852 αὐ-

344 1863 463 1934 τοῦ
480 1857 780 1929 κλήσὲως.
797 1867 933 1932 Περὶ
952 1857 1086 1920 ὧνό
1115 1857 1396 1934 Ἀἷανίὶις
1415 1862 1545 1920 εἶπε
1573 1857 1725 1934 πρὸς
1756 1869 1860 1921 τὸν

344 1885 458 1916 του
480 1885 933 1932 κλησεωςαιερι
952 1885 1085 1920 coro
1120 1885 1396 1934 'Arartac
1415 1885 1545 1920 ειπε
1573 1885 1616 1920 π
1657 1885 1725 1934 ος
1756 1885 1816 1921 το

341 1933 597 2014 quam
626 1934 698 1986 ἐν
725 1934 1040 2014 domum},
1076 1937 1380 2014 ὀπτασίας
1412 1952 1497 2014 τε,
1526 1885 1822 2014 χαῖροννῇ

343 2004 501 2076 ξεοῦ
527 2004 861 2076 γενομένης
888 2006 1036 2060 ποτὲ
1062 2010 1214 2075 πρὸς
1238 2008 1428 2062 αὐτὸν
1469 2008 1544 2062 ἐν
1582 2004 1666 2073 τῶ
1683 2007 1818 2076 ιερῷ
1839 2025 1854 2040 ν

342 2073 440 2153 ὅτι
463 2071 837 2153 μέλειωξ-ἐπὶ
886 2071 1123 2153 τούτοιξι
1220 2077 1464 2153 liuida;
1507 2071 1857 2145 τύπτεοῖθαι,

341 2144 537 2197 ειπὼν
567 2144 978 2214 ὄτι”Ρωμαῖός
1006 2150 1143 2217 ειμι,
1168 2146 1375 2216 ἀνέθη.

347 2254 369 2287 ι
414 2236 551 2289 Τότε
573 2239 601 2290 6
624 2236 861 2303 Παῦλος,
891 2238 1225 2310 παραλαϐὼν
1244 2241 1371 2304 τοὺς
1397 2239 1621 2313 ἄνδρας,
1648 2243 1714 2313 τῇ
1742 2241 1860 2312 ἐχο-

270 2346 293 2377 s
337 2328 484 2400 μένῃ
529 2329 714 2401 ἡμέρᾳ
753 2330 850 2384 σὺν
893 2331 1077 2395 αὐτοῖς
1120 2331 1399 2402 ἁγνισθεὶς
1450 2334 1625 2406 εἰσῄει
1674 2336 1758 2397 εἰς
1798 2331 1860 2388 τὸ

270 2448 293 2478 ι
342 2426 517 2497 ἱερὸν,
542 2426 876 2496 διαγγέλλων
939 2428 1041 2500 τὴν
1094 2429 1446 2504 ἐκπλήρωσιν
1495 2431 1605 2486 τῶν
1635 2430 1859 2504 ἡμερῶν

269 2536 295 2568 s
332 2514 436 2569 τοῦ
459 2517 754 2587 ἁγνισμοῦ,
783 2517 889 2583 ἓως
919 2513 982 2574 οὗ
1010 2520 1357 2593 προσηνέχθη
1390 2522 1533 2594 ὑπὲρ
1566 2522 1686 2588 ἐνὸς
1725 2524 1858 2578 ἐκά-

273 2628 295 2661 s
339 2626 471 2664 στου
508 2608 689 2662 αὐτῶν
736 2611 771 2681 ἠ
812 2613 1118 2683 προσφορά,
1160 2613 1248 2678 Ὠς
1292 2612 1350 2667 δὲ
1392 2611 1618 2686 ἔμελλον
1640 2615 1696 2669 αἱ
1719 2615 1859 2671 ἐτττᾶ

274 2716 298 2748 s
340 2697 555 2769 ἡμέραι
581 2699 976 2766 συντελεῖσθαι,
1008 2702 1057 2755 ol
1097 2702 1207 2756 ἀπὸ
1228 2703 1329 2775 τῆς
1367 2704 1556 2769 Ἀσίας
1582 2705 1856 2773 Ἰουδαῖοι,

274 2808 299 2840 s
339 2789 673 2861 θεασάμενοι
694 2792 857 2846 αὑτὸν
885 2793 943 2846 ἐν
971 2792 1050 2866 τῷ
1079 2794 1123 2847 ίε
1134 2794 1231 2867 ρῷ,
1273 2795 1529 2867 συνέχεον
1557 2798 1736 2852 πάντα
1768 2798 1859 2854 τὸν

276 2901 299 2934 s
334 2882 522 2954 ὄχλον,
547 2885 645 2938 καὶ
676 2884 943 2939 ἐπέϐαλον
966 2885 1067 2951 τὰς
1094 2888 1288 2959 χεῖρας
1309 2887 1397 2942 ἐπ’
1418 2888 1601 2957 αὐτὸν,
1627 2891 1859 2963 κράζον-

273 2997 297 3028 s
338 2994 472 3041 τεςο
502 2977 729 3050 ’Δνδρες
776 2979 1131 3052 Ἰσραηλῖται,
1178 2979 1445 3054 βοηθεῖτε.
1498 2979 1671 3048 οὗτός
1708 2987 1857 3041 ἐστιν

277 3089 300 3122 s
335 3072 366 3123 6
389 3069 698 3142 ἄνθρωπος,
730 3074 760 3127 6
792 3073 935 3128 κατὰ
966 3074 1060 3128 τοῦ
1088 3073 1244 3143 λαοῦ,
1280 3076 1375 3130 καὶ
1411 3076 1507 3132 τοῦ
1536 3078 1728 3149 νόμου,
1761 3078 1859 3133 καὶ

276 3181 299 3214 s
339 3162 441 3216 τοῦ
506 3164 675 3218 τόπου
727 3165 919 3220 τούτου
966 3168 1177 3233 πάντας
1242 3169 1522 3241 πανταχοῦ
1569 3169 1856 3225 διδάσκων.

1243 432 1626 496 COMMENT.
1673 435 1752 496 ΙΝ
1786 436 1968 497 ACTA
2015 435 2587 499 APOSTOLORUM.

1895 1953 1934 2007 Β
2034 1981 2155 2017 eum
2177 1964 2443 2033 quondam
2476 1965 2531 2017 in
2559 1953 2752 2033 templo

3429 439 3532 505 266

1959 557 2067 609 tur,
2099 547 2359 618 deinceps
2413 546 2696 617 subiungit
2734 563 2747 601 :
2783 544 2859 603 De
2908 547 3164 617 gentibus
3200 558 3383 604 autem
3413 569 3533 622 qua:

1965 644 2321 699 crediderunt
2367 660 2467 700 nos
2501 645 2933 716 significavimus
2959 660 3028 699 ne
3051 645 3184 716 quid
3216 646 3535 719 hujusmodi

1966 737 2281 791 observent.
2313 736 2782 803 Quemadmodum
2810 752 2939 808 ergo
2958 751 3063 793 nos
3088 738 3197 794 illis
3219 738 3336 795 haec
3362 741 3535 811 jussi-

1965 843 2115 893 mus,
2150 844 2277 884 cum
2311 837 2489 883 tamen
2516 829 2719 885 Judaeis
2755 829 3140 900 praedicemus,
3169 830 3244 886 ita
3272 838 3329 887 et
3353 841 3411 886 tu
3440 832 3536 903 qui

1964 920 2222 991 gentibus
2262 920 2548 991 praedicas,
2598 922 2870 992 Opitulare
2915 922 3095 979 nobis.
3126 922 3536 980 Condescensio

1965 1015 2078 1069 haec
2096 1024 2201 1079 est,
2235 1030 2303 1069 ne
2328 1014 2458 1085 quid
2486 1014 2747 1070 verearis.
2773 1016 2840 1070 Et
2862 1016 2966 1070 hoc
2986 1014 3339 1088 Jerosolymis
3353 1015 3539 1072 facere

1966 1106 2252 1161 tolerabile
2277 1115 2382 1161 est.
2419 1106 2519 1162 llic
2548 1122 2679 1178 ergo
2724 1107 2811 1163 fac
2861 1108 3028 1174 istud,
3058 1116 3119 1163 ut
3162 1108 3262 1162 tibi
3295 1106 3432 1164 foris
3470 1108 3538 1162 li-

1965 1206 2087 1251 ceat
2128 1197 2261 1251 illud
2312 1198 2515 1254 facere.
2562 1198 2807 1253 Tandem
2861 1214 3157 1268 persuasus
3206 1208 3294 1255 est
3336 1200 3407 1255 ab
3454 1199 3539 1254 eis

1964 1298 2020 1343 et
2068 1288 2298 1345 abrasus
2355 1299 2461 1358 est,
2508 1291 2802 1361 omniaque
2855 1291 3084 1347 Judaica
3125 1292 3374 1347 instituta
3411 1305 3538 1363 per-

1964 1383 2116 1440 fecit.

2411 1496 2569 1569 157
2607 1495 2837 1554 CAPUT
2875 1494 3095 1551 xxx".

1965 1610 2040 1664 De
2072 1613 2418 1667 commotione
2449 1621 2593 1667 mota
2618 1611 2964 1683 Jerosolymis
2998 1612 3248 1683 adversus
3276 1612 3536 1674 Paulum.

2034 1691 2085 1765 et
2120 1687 2378 1767 quomodo
2420 1685 2593 1765 ipsum
2622 1682 2862 1736 tribunus
2893 1701 2935 1767 ,α
2964 1682 3302 1767 multitudine
3328 1685 3541 1767 eripue-

2037 1754 2107 1805 rit
2133 1752 2151 1807 ξ
2181 1755 2235 1807 in
2266 1770 2367 1825 quo
2401 1752 2559 1806 etiam
2582 1761 2776 1825 narrat
2809 1753 2992 1806 ordine
3026 1752 3229 1825 Paulus
3254 1753 3320 1806 de
3346 1752 3539 1824 seipse.

2032 1826 2248 1893 suisque
2278 1822 2349 1877 od
2382 1822 2740 1893 apostolatum
2768 1825 3061 1877 vocatione.
3103 1822 3180 1877 De
3212 1824 3294 1878 liis
3327 1822 3446 1893 quae
3471 1826 3542 1877 ad

2031 1893 2262 1948 Paulum
2284 1895 2417 1948 dixit
2443 1894 2704 1957 Ananias,
2744 1909 2807 1948 ac
2835 1893 3032 1948 visione
3071 1909 3293 1961 voceque
3339 1893 3435 1959 Dei
3470 1896 3541 1947 ad

2779 1963 2920 2034 facta
2952 1978 2970 2017 :
2997 1970 3045 2016 et
3067 1979 3184 2034 cum
3218 1970 3332 2034 post
3350 1964 3459 2017 lucc
3476 1962 3542 2017 ab

2035 2036 2108 2088 eis
2130 2034 2487 2088 verberandus
2517 2042 2646 2087 esset
2664 2033 2889 2100 Paulus,
2920 2035 3008 2088 ubi
3024 2049 3080 2087 se
3110 2033 3408 2088 Romanum
3431 2047 3542 2087 esse

2032 2105 2250 2159 dixisset
2289 2104 2545 2160 liberatus
2571 2114 2667 2159 est.

2033 2256 2175 2325 XXI,
2199 2257 2394 2312 26-58.
2432 2276 2452 2310 ‹
2503 2256 2658 2313 Tunc
2703 2257 2928 2327 Paulus,
2956 2255 3255 2328 assumptis
3288 2256 3442 2325 viris,
3479 2256 3539 2312 in

1967 2365 1986 2401 ι
2027 2348 2281 2419 sequenti
2308 2347 2397 2404 die
2418 2362 2543 2402 cum
2575 2346 2659 2403 eis
2686 2347 3013 2429 puriﬁcatus
3048 2346 3275 2400 intravit
3310 2345 3366 2400 in
3398 2354 3539 2400 tem-

1966 2457 1986 2492 s
2028 2439 2201 2509 plum,
2234 2438 2570 2494 annuntians
2608 2437 2979 2508 expletionem
3022 2436 3238 2492 dierum
3276 2433 3542 2506 puriﬁca-

1966 2544 1986 2579 s
2026 2527 2211 2594 tionis,
2256 2527 2434 2583 donec
2474 2527 2775 2584 offerretur
2820 2542 2921 2598 pro
2961 2541 3295 2598 unoquoque
3342 2542 3537 2581 eorum

1966 2639 1986 2673 ι
2020 2619 2250 2677 oblatio.
2279 2619 2419 2675 Dum
2446 2626 2630 2675 autem
2647 2619 2761 2691 jam
2784 2628 2995 2690 septem
3025 2618 3145 2674 dies
3168 2632 3308 2689 pene
3336 2617 3540 2689 expleti

1966 2729 1986 2765 ι
2021 2720 2228 2779 essent,
2261 2710 2436 2768 Judaei
2467 2710 2561 2807 qui
2601 2709 2671 2765 ab
2711 2708 2840 2765 Asia
2876 2716 3056 2775 erant,
3099 2724 3227 2764 cum
3267 2707 3542 2764 vidissent

1966 2821 1985 2856 ι
2022 2818 2149 2859 eum
2183 2802 2240 2858 in
2270 2797 2499 2872 templo;
2528 2800 2936 2857 conturbat-unt
2956 2808 3132 2855 totum
3160 2797 3453 2870 populum,
3481 2807 3542 2851 et

1964 2915 1983 2950 ι
2017 2896 2329 2968 iniecerunt
2359 2894 2415 2949 in
2448 2908 2575 2950 eum
2605 2907 2802 2949 manus
2830 2892 3130 2947 clamantes
3163 2908 3177 2945 :
3209 2889 3322 2945 Viri
3364 2889 3543 2945 lsrae-

1966 3000 1986 3034 ι
2025 2982 2159 3047 lita,
2185 2981 2498 3037 succurrite
2534 2992 2549 3036 :
2585 2978 2687 3036 llic
2719 2990 2805 3037 est
2838 2980 3005 3035 homo
3037 2978 3132 3050 qui
3154 2978 3419 3034 adversus
3442 2993 3545 3048 po-

1969 3093 1988 3127 ι
2023 3073 2214 3144 pulum
2262 3081 2320 3129 et
2364 3073 2563 3144 legem,
2608 3079 2666 3129 et
2710 3072 2893 3128 locum
2922 3072 3072 3128 hunc
3106 3085 3301 3127 omnes
3330 3070 3539 3146 ubique

1969 3184 1989 3219 s
2024 3165 2220 3222 docet:
2249 3164 2476 3236 insuper
2511 3175 2567 3220 et
2596 3163 2817 3221 Graecos
2855 3163 3072 3220 induxit
3092 3164 3148 3219 in
3179 3163 3542 3235 templum,et

278 3272 302 3306 s
341 3255 469 3309 Ἔτι
503 3272 562 3309 τε
587 3254 685 3310 καὶ
717 3256 986 3331 Ἕλληνας
1019 3258 1311 3331 εἰσήγαγεν
1342 3262 1422 3325 τίς
1449 3260 1511 3314 τὺ
1556 3258 1724 3332 ἱερὸν,
1763 3259 1858 3314 καὶ

1971 3278 1989 3311 ι
2026 3256 2335 3329 profanavit
2350 3265 2601 3312 sanctum
2626 3256 2809 3312 locum
2828 3256 2996 3312 hunc.
3017 3255 3283 3312 Viderunt
3302 3270 3541 3326 namque

279 3363 298 3396 ι
338 3346 641 3401 κεκοίνωκε
664 3347 755 3404 τὸν
783 3349 938 3420 ἄτιον
975 3350 1142 3406 τόπον
1178 3349 1389 3408 τοῦτον.
1417 3345 1598 3406 Ἦσαν
1619 3353 1730 3423 γὰρ
1754 3351 1857 3405 ἐω-

281 3459 300 3491 s
343 3442 579 3512 ρακότες
631 3443 912 3515 Τρόφιμον
965 3443 1056 3499 τὸν
1089 3444 1339 3515 Ἐφέσιον
1368 3447 1427 3500 δν
1469 3448 1536 3517 τῇ
1569 3445 1723 3499 πόλει
1758 3444 1858 3499 σὺν

279 3551 299 3583 s
341 3532 520 3605 αὐτῷ,
583 3534 644 3590 δν
691 3536 964 3608 ἐνόμιζον,
1000 3538 1083 3592 ὃτι
1115 3540 1196 3604 είς
1233 3537 1298 3593 τὸ
1331 3538 1476 3611 ἱερὸν
1504 3539 1802 3611 εισήγαγεν
1829 3539 1859 3593 6

278 3644 299 3675 ι
344 3626 581 3691 Παῦλος.
618 3628 873 3699 Ἐκινήθη
898 3646 958 3684 τε
984 3631 1018 3701 ἡ
1044 3629 1195 3694 πόλις
1223 3628 1341 3700 ὅλη,
1368 3632 1461 3685 καὶ
1491 3629 1710 3699 ἐγένετο
1732 3648 1859 3685 συν-

280 3736 299 3766 s
341 3715 523 3788 δρομὴ
578 3718 672 3772 τοῦ
724 3719 1015 3775 λαοῦ’καὶ
1059 3720 1442 3795 ἐπιλαϐόμενοι
1482 3721 1578 3777 τοῦ
1619 3721 1856 3791 Παύλου,

276 3825 297 3856 ι
332 3801 522 3861 εἷλκον
543 3810 704 3868 αὐτὸν
728 3812 833 3877 ἔξω
853 3812 945 3865 τοῦ
972 3812 1142 3885 ίεροῦ,
1169 3814 1264 3867 καὶ
1280 3814 1484 3878 εὐθέως
1500 3814 1860 3885 ἐκλείσθησαν

278 3917 299 3950 s
340 3902 403 3953 al
430 3900 613 3972 θύραι.
640 3904 955 3974 Ζητούντων
988 3905 1044 3959 δὲ
1091 3905 1255 3959 αὐτδν
1291 3907 1651 3973 ἀποκτεῖναι,
1690 3906 1858 3978 ἀνέϐη

275 4011 295 4041 s
339 3995 512 4062 φάσις
551 3994 630 4065 τῷ
665 3995 932 4069 χιλιάρχῳ
980 3997 1083 4069 τῆς
1124 3998 1379 4069 σπείρας,
1408 4000 1491 4053 ὅτι
1528 3999 1623 4071 ὅλη
1659 4001 1859 4069 συγκέ-

273 4105 295 4136 s
332 4104 501 4157 χυται
542 4087 915 4160 Ἰερουσαλήμ.
952 4092 1049 4153 '0;
1088 4090 1319 4161 ἐξαυτῆς
1342 4092 1676 4163 παραλαϐὼν
1694 4111 1859 4166 στραο

280 4193 300 4225 ι
343 4178 546 4243 Win-ot;
569 4183 664 4235 καὶ
684 4182 1139 4253 ἑκατοντάρχους,
1160 4185 1506 4256 κατέδραμεν
1527 4187 1615 4239 ἐπ’
1636 4185 1860 4250 αὐτούς.

279 4281 300 4313 s
342 4263 411 4317 Ol
436 4263 495 4316 δέ
527 4270 722 4335 ἰδόντες
763 4271 855 4324 τὸν
905 4272 1184 4344 χιλίαρχον
1217 4272 1312 4328 καλ⁸
1340 4274 1465 4339 τοὺς
1499 4274 1857 4347 στρατιώτας,

279 4377 304 4409 s
349 4356 664 4413 ἐπαύσαντο
709 4364 1003 4430 τύπτοντες
1051 4366 1142 4419 τὸν
1184 4366 1419 4421 Παῦλον.
1461 4366 1721 4437 Ἒγγίσας
1747 4367 1805 4422 δὲ
1832 4370 1862 4421 6

278 4468 300 4500 s
342 4449 627 4522 χιλὲαρχος
672 4452 968 4507 ἐπελάϐετο
999 4457 1184 4525 αὐτοῦ,
1217 4459 1310 4512 καὶ
1346 4457 1600 4512 ἐκέλευσε
1641 4458 1861 4529 δεθῆναι

277 4564 299 4595 s
341 4542 570 4596 ἁλύσεσι
590 4543 730 4610 δυσὶ,
756 4546 850 4598 καὶ
871 4546 1202 4603 ἐπυνθάνετο
1219 4549 1303 4615 τίς
1324 4550 1390 4605 ἂν
1416 4550 1524 4622 εἴη,
1549 4554 1644 4605 καὶ
1665 4551 1717 4605 τί
1744 4552 1859 4604 ἐστι

1970 3370 1988 3403 ι
2024 3349 2387 3422 Trophimum
2402 3347 2741 3420 Ephesinum
2764 3348 2822 3405 in
2841 3348 3065 3405 civitate
3080 3364 3204 3405 cum
3220 3348 3360 3419 ipso,
3373 3363 3540 3419 quem

1968 3460 1986 3493 ι
2022 3441 2408 3497 existimarunt
2441 3437 2668 3510 quodin
2692 3439 2956 3511 templum
2980 3439 3286 3496 induxisset
3312 3438 3536 3496 Paulus.

1967 3554 1985 3586 ι
2022 3532 2422 3603 Commotaque
2457 3539 2542 3589 est
2585 3532 2846 3588 universa
2888 3532 3109 3599 civitas,
3142 3539 3199 3588 ct
3232 3532 3412 3588 factus
3453 3542 3541 3588 est

1967 3647 1985 3678 ‹
2012 3640 2315 3682 concursus
2335 3624 2543 3697 populi,
2572 3632 2628 3680 et
2657 3624 3062 3696 apprehensum
3078 3625 3306 3679 Paulum
3325 3633 3541 3694 protra-

1968 3740 1986 3772 ι
2030 3719 2235 3776 hebant
2266 3735 2297 3775 e
2332 3719 2562 3789 templo,
2614 3718 2916 3788 statimque
2967 3716 3167 3772 clausae
3196 3724 3324 3771 sunt
3368 3713 3541 3791 iores.

1968 3831 1986 3863 ι
2023 3812 2408 3880 Quaerentibus
2469 3821 2653 3867 autem
2703 3810 2855 3865 illum
2898 3809 3174 3875 occidere,
3221 3808 3538 3879 nuntiatum

1967 3923 1986 3955 ι
2022 3912 2106 3960 est
2138 3904 2364 3959 tribuno
2397 3902 2661 3968 cohortis,
2695 3902 2842 3971 quod
2876 3909 2988 3956 tota
3035 3899 3363 3955 conturbata
3392 3908 3539 3953 esset

1966 4014 1985 4048 ι
2025 3995 2351 4052 Jerusalem.
2395 3993 2499 4062 Qui
2556 3994 2744 4049 statim
2798 3992 3098 4062 assumptis
3150 3990 3421 4045 militibus
3473 4005 3538 4044 ac

1969 4107 1987 4139 s
2031 4086 2477 4151 centurionibus,
2504 4085 2750 4141 decurrit
2776 4084 2842 4139 ad
2874 4084 3036 4154 158
3068 4084 3211 4137 illos.
3239 4082 3319 4136 Illi
3352 4090 3537 4136 autem

1969 4200 1987 4232 ι
2025 4196 2151 4237 cum
2183 4179 2454 4236 vidissent
2498 4178 2782 4234 tribunum
2816 4191 2880 4232 ac
2920 4176 3144 4240 milites,
3184 4182 3540 4229 cessaverunt

1968 4294 1985 4325 ι
2023 4281 2315 4344 percutere
2348 4272 2601 4327 Paulum.
2636 4269 2793 4326 Tunc
2833 4267 3103 4323 accedens
3138 4266 3397 4322 tribunus
3438 4279 3539 4334 αμο-

1969 4385 1986 4416 σ
2025 4363 2317 4436 prehendit
2341 4377 2490 4426 eum,
2513 4361 2787 4434 iussitque
2819 4357 3034 4430 alligari
3058 4357 3272 4412 catenis
3300 4354 3539 4420 duabus,

1970 4476 1988 4511 ι
2027 4467 2083 4513 et
2106 4456 2483 4528 interrogabat
2510 4454 2767 4526 quisnam
2807 4460 2976 4517 esset,
3018 4459 3074 4506 et
3116 4446 3251 4519 quid
3291 4447 3536 4503 fecisset.

1970 4567 1989 4599 ι
2026 4547 2132 4601 Alii
2171 4555 2356 4601 autem
2399 4545 2547 4600 aliud
2595 4543 2907 4599 clamabant
2956 4539 3016 4595 in
3068 4538 3251 4596 turba.
3289 4536 3539 4606 Cumque

280 4657 300 4687 ι
341 4632 686 4705 πεποιηκὼς.
718 4638 900 4693 Ἀλλοι
950 4640 1008 4695 δὲ
1060 4641 1189 4697 ἄλλο
1208 4659 1264 4696 τι
1299 4642 1469 4697 ἐϐόων
1495 4647 1554 4697 ἐν
1582 4643 1662 4715 τῷ
1690 4645 1855 4717 ὄχλῳ.

1971 4659 1990 4692 ι
2027 4639 2169 4695 nihil
2198 4639 2335 4695 certi
2380 4651 2712 4709 cognoscere
2744 4641 2927 4704 posset
2952 4648 3064 4703 pne
3088 4630 3351 4695 tumultu,
3374 4626 3541 4700 jussit

277 4746 298 4776 ι
344 4724 439 4795 Μὴ
477 4726 777 4798 δυνάμενος
800 4729 858 4782 δέ
886 4730 1091 4799 γνῶναί
1125 4749 1175 4785 τι
1205 4733 1446 4802 ἀσφαλὲς
1465 4733 1553 4787 διὰ
1583 4732 1674 4789 τὸν
1692 4735 1855 4805 θόρυ-

278 4835 301 4866 s
346 4815 463 4878 ϐον,
490 4817 771 4871 ἐκέλευσεν
799 4818 1029 4889 ἄγεσθαι
1053 4821 1218 4876 αὐτὸν
1244 4825 1324 4887 είς
1358 4825 1453 4894 τὴν
1476 4824 1852 4896 παρεμϐολήν.

275 4930 298 4961 1
350 4911 483 4961 ὀῖε
516 4909 574 4963 δὲ
600 4910 816 4980 ἐγένετο
848 4914 941 4967 ἐπὶ
978 4915 1104 4977 τοὺς
1129 4914 1499 4986 ἀναϐαθμοὺς,
1530 4915 1730 4988 συνέϐη
1761 4917 1856 4987 βα-

276 5021 299 5051 s
345 5001 643 5064 στάζεσθαι
687 5003 850 5057 αὑτὸν
897 5004 1003 5058 ὑπὸ
1052 5006 1164 5060 τῶν
1221 5006 1591 5076 στρατιωτῶν,
1623 5007 1711 5061 διὰ
1755 5008 1857 5077 τὴν

280 5116 302 5148 s
347 5095 472 5165 βίαν
497 5094 593 5147 τοῦ
614 5095 792 5164 δχλου.
813 5096 1130 5152 Ἠκολούθει
1154 5097 1263 5170 γὰρ
1287 5099 1348 5153 τδ
1360 5099 1677 5172 πλῆθοςτοῦ
1700 5100 1855 5163 λαοῦ,

278 5209 301 5241 ι
342 5188 549 5259 κρᾶζον
574 5205 587 5218 ο
620 5184 752 5259 Αἶρε
811 5190 997 5245 αὐτόν.
1051 5191 1278 5245 Μέλλων
1316 5208 1377 5244 τε
1418 5191 1739 5261 εἰσάγεσθαι
1779 5194 1860 5256 είς

280 5301 303 5333 ι
341 5283 445 5351 τὴν
467 5279 822 5352 παρεμϐολὴν
864 5283 893 5335 6
929 5282 1163 5346 Παῦλος,
1188 5282 1336 5351 λέγει
1364 5282 1443 5353 τῷ
1462 5284 1729 5354 χιλιάρχῳ
1753 5300 1769 5315 σ
1799 5284 1859 5337 ΕΞ

277 5394 298 5426 s
342 5373 524 5439 ἒξεστί
550 5389 641 5443 μοι
673 5374 848 5426 εἰπεῖν
871 5374 1006 5444 πρὸς
1060 5374 1157 5441 σέ;
1197 5373 1262 5430 '0
1290 5373 1347 5427 δὲ
1389 5373 1517 5445 ἔφη.
1553 5373 1860 5443 Ἑλληνιστὶ

277 5485 298 5516 s
345 5466 637 5533 γινώσκεις
659 5482 676 5531 ;
709 5466 824 5520 Οὐκ
859 5465 968 5536 ἄρα
998 5468 1063 5520 σὺ
1092 5461 1146 5520 εἴ
1164 5467 1194 5520 6
1219 5466 1537 5535 Αἰγύπτιος,
1560 5466 1588 5519 6
1610 5463 1717 5535 πρὸ
1735 5463 1860 5518 τούο

1971 4752 1988 4783 ι
2034 4731 2160 4786 duci
2190 4744 2317 4785 eum
2355 4730 2411 4784 in
2443 4740 2645 4783 castra.
2678 4726 2746 4782 Et
2788 4742 2913 4780 cum
2940 4724 3185 4779 venisset
3221 4721 3287 4775 ad
3312 4718 3538 4790 gradus,

1972 4845 1988 4876 ι
2027 4823 2258 4895 contigit
2288 4829 2349 4877 ut
2369 4826 2689 4893 portaretur
2715 4833 2745 4873 a
2778 4816 3053 4872 militibus
3073 4822 3302 4884 propter
3325 4809 3539 4865 violen-

1972 4936 1989 4967 ι
2029 4917 2160 4970 tiam
2201 4914 2393 4970 turbae.
2443 4911 2791 4983 Sequebatur
2824 4907 2971 4963 enim
3011 4902 3199 4977 populi
3246 4897 3542 4956 multitudo

1973 5026 1990 5058 ι
2027 5007 2311 5063 clamans:
2354 5003 2507 5058 Tolle
2545 5017 2694 5056 eum.
2741 5000 2808 5054 Et
2854 4999 2987 5052 dum
3026 4995 3285 5066 coepisset
3312 4991 3440 5046 duci
3482 4989 3537 5043 in

1971 5117 1989 5148 ι
2025 5075 2202 5153 castra
2229 5096 2456 5156 Paulus.
2483 5094 2560 5149 ait
2582 5094 2808 5147 tribuno
2834 5109 2847 5144 :
2872 5089 3098 5144 Licetne
3126 5085 3260 5141 mihi
3291 5081 3443 5154 loqui
3470 5079 3539 5151 ad

1971 5209 1989 5241 ι
2029 5191 2123 5246 te?
2156 5189 2258 5257 Qui
2296 5189 2440 5243 dixit
2484 5204 2497 5243 :
2542 5186 2730 5242 Graace
2778 5183 2964 5240 nosti?
2996 5182 3191 5237 Nonne
3238 5188 3296 5232 tu
3339 5193 3402 5231 es
3449 5174 3541 5228 ille

1971 5301 1990 5334 ε
2035 5282 2343 5354 Egyptius,
2381 5282 2475 5352 qui
2518 5288 2645 5335 ante
2695 5279 2796 5334 hos
2843 5277 2964 5333 dies
3021 5272 3315 5330 tumultum
3354 5267 3541 5323 conci-

1970 5393 1989 5426 ι
2034 5378 2156 5430 tasti
2180 5386 2237 5430 et
2260 5375 2498 5431 eduxisti
2532 5374 2589 5428 in
2609 5374 2888 5428 desertum
2919 5378 3155 5441 quatuor
3190 5364 3362 5419 millia
3394 5359 3541 5415 viro-

1975 5486 1994 5519 s
2035 5484 2156 5523 rum
2176 5468 2542 5524 sicariorum?
2575 5487 2593 5519 ι

276 5578 300 5609 s
343 5575 453 5612 των
490 5561 601 5614 τῶν
621 5561 847 5633 ἡμερῶν
871 5548 1281 5627 ἀναστατώσας,
1311 5561 1405 5615 καὶ
1442 5558 1731 5628 ἐξαγαγὼν
1779 5559 1858 5623 είς
1896 5560 1995 5635 τὴν
2049 5562 2255 5635 ἔρημον
2302 5562 2429 5626 τοῦς
2457 5558 2925 5633 τετρακισχιλίους
2949 5555 3148 5625 ἄνδρας
3201 5548 3312 5604 τῶν
3375 5545 3538 5598 Σικα-

280 5671 304 5704 s
346 5652 567 5708 οιωνει

383 5671 479 5708 ιων
498 5672 512 5684 ·
546 5672 567 5705 ι

346 5671 380 5796 ﬁ
415 5695 551 5815 Alps
584 5746 768 5801 αὐτόν.
808 5765 826 5798 ι
858 5745 1022 5812 Ἔθος
1073 5750 1185 5811 τοῖς
1225 5746 1500 5810 Ἰουδαίοις
1531 5745 1739 5817 ταύτην
1770 5745 1860 5799 λέ-

277 5852 401 5908 γειν
420 5838 523 5911 τὴν
550 5839 732 5910 φωνὴν
758 5838 905 5893 κατὰ
936 5839 1044 5894 τῶν
1072 5840 1319 5907 δικαίων,
1349 5839 1425 5905 ὡς
1465 5839 1564 5897 καὶ
1593 5838 1736 5895 κατὰ
1757 5838 1853 5894 τοῦ

575 5933 846 5996 Ρλτιιοι..
893 5937 1013 6000 Gn.
1058 5937 1331 6008 CXVIII.

2051 5762 2069 5795 ι
2104 5742 2257 5797 Tolle
2294 5756 2443 5796 eum.
2486 5759 2505 5792 ι
2552 5739 2706 5793 lianc
2736 5750 2928 5789 vocem
2971 5730 3143 5786 moris
3183 5736 3300 5782 erat
3335 5719 3539 5779 ludatis

1962 5814 2149 5893 dicere
2173 5834 2438 5891 adversus
2468 5832 2649 5903 iustos
2676 5846 2688 5882 :
2720 5822 3186 5897 quemadmodum
3207 5817 3373 5873 etiam
3397 5825 3536 5868 con~

3148 5912 3183 5975 9
