4024 6536
554 373 658 441 267

1641 365 2043 429 (ECUMENII
2073 368 2145 428 TI

2256 370 2367 430 (UE
2401 371 2743 433 EPISCOPI
3127 385 3133 391 ’
3714 378 3804 447 268

555 512 643 553 tra
683 490 973 550 Dominum
1015 508 1026 544 :
1065 488 1238 553 Tolle,
1280 485 1429 550 tolle,
1459 481 1564 537 hoc
1609 489 1694 536 est
1744 480 1899 537 aufer
1932 496 2060 535 eum
2106 498 2138 537 e

2255 486 2471 559 Κυρίου,
2500 506 2517 540 ι
2549 483 2678 559 Δῖρε
2706 485 3028 550 αύτδν,ἀντὶ
3052 483 3166 551 τοῦ,
3201 486 3446 557 Ἐπαρον
3466 484 3624 544 αὐτὸν
3639 488 3698 546 ἐκ
3714 494 3803 547 τῶν

555 591 719 646 vivis.
747 587 853 643 Alii
898 600 1030 642 vero
1057 582 1251 638 dicunt
1280 579 1385 634 hoc
1403 592 1524 633 esse
1554 574 1703 648 quod
1730 575 1978 631 Romana
2009 591 2143 631 con-

557 682 855 740 suetudine
880 677 1026 752 apud
1061 692 1165 732 nos
1194 674 1388 730 dicunt
1421 690 1434 725 :
1458 672 1604 728 Inter
1626 670 1779 741 signa
1803 685 1928 726 cum
1954 670 2139 743 injicc.

565 799 582 831 ‹
624 778 819 833 Nonne
851 783 909 829 tu
936 788 997 829 es
1024 771 1115 827 ille
1137 767 1464 841 Egyptius?
1495 786 1514 818 ι
1541 765 1642 820 Hic
1668 764 1955 836 {Egyptius
1978 765 2144 820 homo

558 870 786 941 quidam
813 876 933 924 erat
964 879 1149 920 rerum
1182 876 1449 918 novarum
1473 858 1756 916 studiosus
1786 867 1839 914 et
1875 858 2145 928 impostor

557 975 623 1015 ac
651 958 1042 1030 prastigiator.
1092 955 1297 1012 Volens
1334 968 1467 1024 ergo
1505 951 1764 1009 diabolus
1791 951 2022 1007 Paulum
2059 952 2144 1007 t‘ao

558 1067 683 1107 cere
723 1048 1047 1120 participem
1099 1044 1393 1102 criminum
1428 1059 1551 1115 qua:
1598 1042 1705 1099 sibi
1743 1042 2142 1115 congruebant,

557 1141 1025 1216 quemadmodum
1054 1141 1220 1196 etiam
1248 1136 1351 1194 sub
1379 1137 1599 1194 Christe
1628 1146 1876 1208 tempore
1906 1135 2024 1201 illo,
2062 1136 2146 1190 in-

559 1239 750 1295 citavit
767 1235 946 1308 ipsum
971 1243 1033 1289 ut
1054 1240 1373 1305 portentosa
1390 1237 1716 1301 operaretur
1739 1228 1884 1284 inter
1902 1226 2142 1284 Judazos.

560 1330 832 1398 Quoniam
868 1337 1053 1384 autem
1084 1325 1221 1380 dicit
1267 1323 1526 1379 tribunus
1563 1322 1797 1377 :Nonne
1844 1330 1898 1374 tu
1950 1336 2010 1374 es
2052 1319 2144 1375 ille

556 1421 868 1495 Egyptius,
902 1422 1048 1476 hanc
1077 1417 1331 1490 protinus
1369 1416 1741 1489 suspicionem
1787 1430 1817 1469 a
1850 1429 1908 1469 se
1954 1413 2146 1484 rejecit

558 1515 840 1570 declarato
896 1525 1099 1583 genere
1147 1526 1211 1565 ac
1262 1509 1551 1581 religione.
1587 1507 1803 1562 Etenim
1834 1505 1966 1561 alibi
2010 1503 2146 1560 dicit

557 1623 678 1664 sese
708 1606 1017 1677 legitimum
1034 1603 1242 1660 Christi
1267 1602 1846 1658 cultorem.\'ocantur
1868 1607 2051 1653 autem
2070 1597 2146 1653 si-

557 1701 695 1757 carii
720 1699 985 1764 latrones,
1012 1712 1214 1768 genere
1249 1695 1468 1751 ensium
1508 1703 1729 1749 utentes
1761 1692 1857 1763 qui
1893 1691 2145 1762 proxime

557 1795 625 1850 ad
656 1806 853 1849 eorum
884 1789 1156 1845 accedunt
1185 1786 1627 1859 magnitudinem
1652 1802 1793 1857 quos
1817 1786 1998 1859 Persa:
2027 1783 2146 1839 aci-

2248 578 2486 643 ζώντων.
2526 580 2707 635 ’Λλλοι
2740 580 2795 635 δὲ
2825 576 2971 634 οὕτω
3000 578 3461 649 φασὶ,τουτέστιν
3490 579 3519 633 ὃ
3549 581 3671 653 παρ’
3691 586 3803 654 ἡμῖν

2248 671 2468 736 λέγουσι
2519 672 2660 727 κατὰ
2706 673 2806 745 τὴν
2866 672 3189 745 Ῥωμαϊκὴν
3239 671 3551 743 συνήθειαν*
3586 673 3672 729 Ἐν
3711 679 3805 743 τοῖς

2250 750 2453 835 σίγνοις
2485 768 2649 822 αὑτὸν
2678 768 2910 840 ἔμϐαλε.
2948 786 2967 820 ι
3000 767 3115 822 Ούκ
3140 766 3249 839 ἄρα
3279 767 3344 822 σὺ
3361 762 3455 821 aio
3480 767 3799 838 Αἰγύπτιος.»

2248 854 2419 925 Οὗτος
2482 863 2510 916 ὁ
2561 861 2883 931 Αἰγύπτιος,
2915 858 3203 931 ἄνθρωπός
3242 876 3327 924 τις
3345 853 3413 931 ἦν
3448 862 3807 931 νεωτεροποιὸς

2249 955 2345 1008 καὶ
2371 953 2702 1025 στατιαστὴς
2750 955 2845 1009 καὶ
2869 952 3128 1008 ἀπατεὼν
3157 953 3252 1007 καὶ
3286 953 3440 1024 γύης.
3478 954 3588 1008 Kal
3611 954 3763 1009 θέλων
3784 960 3809 1011 ὁ

2246 1045 2494 1110 διάϐολος
2523 1047 2782 1102 κοινωνὸν
2834 1050 3011 1102 ποιεῖν
3048 1045 3260 1102 Παῦλον
3287 1045 3397 1099 τῶν
3434 1046 3628 1117 ἐκείνῳ
3658 1065 3808 1120 προσ-

2249 1137 2496 1209 ηκόντων
2520 1138 2912 1211 ἐγκλημάτων,
2969 1139 3162 1211 ὥσπερ
3212 1138 3308 1193 καὶ
3339 1139 3433 1193 ἐπὶ
3475 1138 3570 1193 τοῦ
3597 1140 3809 1210 Χριστοῦ

2249 1232 2391 1286 κατὰ
2420 1231 2512 1286 τὸν
2540 1234 2735 1304 καιρὸν
2766 1234 2998 1298 ἐκεῖνον,
3041 1233 3320 1304 διήγειρεν
3349 1231 3515 1286 αὐτὸν
3551 1233 3809 1303 τερατεύε-

2253 1323 2377 1377 σθαι
2414 1325 2470 1375 ἐν
2500 1328 2615 1388 τοῖς
2660 1325 2954 1390 Ἰουδαίοις.
3023 1324 3246 1394 Ἐπειδὴ
3285 1324 3343 1378 δέ
3377 1341 3545 1394 φησιν
3572 1327 3599 1379 ὁ
3627 1325 3811 1398 χιλίαρο

2250 1432 2366 1485 χος,
2406 1416 2479 1471 Σὺ
2529 1411 2580 1469 εἶ
2608 1418 2636 1470 ὁ
2661 1418 3005 1487 Αἰγύπτιος,
3057 1419 3264 1483 εὐθέως
3302 1420 3468 1474 αὑτὸν
3500 1420 3695 1493 ταύτης
3718 1423 3810 1476 ἀπ-

2251 1507 2426 1576 ήγαγε
2469 1507 2566 1577 τῆς
2620 1508 2879 1580 ὑποψίας,
2929 1511 3025 1565 καὶ
3077 1510 3138 1565 τὸ
3196 1512 3348 1576 ἔθνος
3380 1511 3574 1577 εἰπὼν,
3616 1514 3702 1569 καὶ
3727 1515 3809 1584 τὴν

2252 1599 2569 1671 θρησκείαν.
2626 1601 2737 1654 Καὶ
2780 1602 2891 1673 γὰρ
2940 1601 3179 1674 ἀλλαχοῦ
3231 1602 3460 1674 ἔννομον
3502 1604 3687 1659 ἑαυτὸν
3729 1604 3809 1659 τοῦ

2251 1688 2490 1763 Χριστοῦ
2522 1694 2698 1748 καλεῖ.
2758 1695 3008 1767 Σικάριοι
3035 1696 3091 1749 δὲ
3131 1696 3382 1767 λέγονται
3439 1695 3627 1770 λῃσταὶ
3659 1697 3809 1768 523:5:-

2249 1783 2381 1849 δίοις
2438 1784 2733 1857 χρώμενοι,
2789 1787 3202 1860 παραπλησίοις
3240 1788 3340 1861 μὲν
3376 1790 3440 1843 τὺ
3472 1788 3693 1860 μέγεθος
3716 1792 3811 1854 τοῖς

555 1902 726 1943 nacas
749 1886 943 1940 dicunt
977 1900 990 1937 :
1023 1880 1319 1937 inﬂexione
1362 1895 1499 1935 vero
1533 1895 1598 1935 ac
1638 1886 1937 1934 curvatura
1972 1877 2040 1932 iis
2072 1876 2140 1932 si-

2255 1879 2357 1935 τῶν
2390 1880 2616 1950 Περσῶν
2654 1881 2967 1947 ἀκινάκαις,
3025 1884 3371 1954 ἐπικαμπέσι
3402 1884 3460 1939 δὲ
3509 1885 3600 1938 καὶ
3629 1884 3809 1953 ὁμοίοις

557 1980 720 2036 miles
741 1987 874 2035 sunt
895 1992 1036 2048 quos
1071 1975 1307 2032 Romani
1340 1976 1486 2032 sicas
1514 1973 1796 2045 appellant
1827 1990 1840 2027 :
1872 1990 1902 2028 a
1939 1971 2144 2043 quibus

556 2074 723 2130 etiam
747 2070 826 2127 illi
854 2069 1209 2126 latrocinium
1241 2078 1568 2123 exercentes
1596 2066 2028 2147 appellationem
2054 2079 2146 2120 ac-

554 2175 841 2239 ceperunt.
869 2164 974 2219 Alii
1012 2179 1146 2220 vero
1180 2171 1387 2219 sectam
1418 2161 1717 2233 quamdam
1742 2159 1887 2231 apud
1920 2157 2145 2215 Judaeos

553 2277 676 2317 esse
718 2259 1000 2315 dicebant.
1048 2257 1188 2312 Tres
1224 2255 1501 2327 siquidem
1546 2254 1691 2327 apud
1731 2252 1949 2311 Iudaeos
1981 2261 2146 2309 secta:

554 2360 714 2408 erant
742 2350 797 2405 in
821 2364 1048 2422 genere,
1089 2364 1287 2418 nempe
1316 2346 1601 2411 Pharisaei,
1627 2345 1915 2400 Sadducaei
1966 2352 2022 2401 et
2045 2344 2146 2399 Es-

554 2444 674 2501 scni
707 2462 721 2498 :
758 2443 929 2513 hique
959 2441 1130 2496 vitam
1185 2440 1523 2495 severiorem
1560 2437 1859 2504 ducebant,
1904 2437 2144 2493 invicem

555 2537 877 2609 diligentes,
910 2548 974 2588 ac
1004 2539 1311 2601 temperate
1355 2527 1654 2583 admodum
1682 2528 1935 2583 viventes
1970 2544 1986 2581 :
2017 2526 2146 2582 ideo

555 2642 780 2700 quoque
830 2623 1025 2679 Esseni
1071 2621 1402 2677 dicebantur
1441 2620 1595 2691 quasi
1630 2620 1787 2683 ὅσιοι,
1833 2618 1868 2673 i.
1919 2618 2141 2673 sancti:

562 2719 656 2775 alii
695 2732 829 2772 vero
867 2713 1112 2770 Sicarios
1148 2712 1300 2781 ipsos
1341 2711 1713 2781 appellabant,
1747 2710 1863 2765 sive
1914 2710 2140 2764 zelotas.

632 2808 793 2883 159
839 2806 987 2873 XXI,
1019 2806 1113 2873 59,
1146 2804 1257 2871 40;
1294 2803 1463 2869 XXII,
1502 2801 1652 2858 1-29.
1692 2823 1709 2853 ‹
1754 2802 1903 2857 Dixit
1959 2809 2143 2857 autem

560 2926 580 2958 ι
623 2906 828 2962 Paulus
848 2923 859 2958 :
878 2904 993 2977 Ego
1019 2902 1243 2975 quidem
1264 2901 1429 2956 homo
1452 2916 1571 2954 sum
1591 2897 1813 2952 Judarus
1833 2896 2142 2962 Tarsensis,

563 3021 579 3052 ι
622 3015 733 3055 non
764 2998 1014 3054 obscurae
1049 2995 1282 3051 Cilicum
1307 2993 1555 3049 civitatis
1591 2992 1745 3047 civis.
1774 2990 1925 3062 Rogo
1961 2999 2146 3046 autem

560 3112 580 3144 ι
626 3091 976 3163 te,permittc
1005 3089 1139 3145 mihi
1177 3088 1329 3160 loqui
1357 3088 1423 3143 ad
1456 3088 1740 3159 populum.
1773 3086 2023 3155 Cumque
2054 3082 2145 3138 ille

562 3207 580 3237 ι
619 3185 1007 3258 permisisset,
1055 3184 1261 3240 Paulus
1312 3191 1463 3240 stans
1519 3184 1572 3237 in
1626 3181 1908 3253 gradibus,
1950 3176 2146 3233 annuit

562 3299 580 3333 ι
624 3295 790 3334 manu
822 3278 891 3333 ad
925 3277 1145 3349 plebem
1183 3296 1196 3332 :
1237 3286 1286 3333 et
1328 3292 1524 3349 magno
1563 3275 1785 3331 siientio
1829 3274 1970 3329 facto
2010 3271 2149 3327 allo-

559 3392 575 3421 ι
618 3371 893 3443 quebatur
919 3370 1107 3441 lingua
1140 3369 1391 3434 Hebraea,
1428 3370 1621 3424 dicens
1652 3386 1664 3421 :
1716 3366 1829 3422 Viri
1865 3367 2064 3421 fratres
2093 3372 2151 3420 ct

492 3460 505 3474 '
559 3485 578 3516 ι
623 3476 828 3535 patres.
862 3463 1050 3520 audite
1110 3478 1289 3518 meam
1337 3478 1501 3532 quam
1537 3478 1684 3516 nunc
1726 3462 1791 3516 ad
1822 3476 1921 3516 vos
1952 3462 2150 3530 loquor

562 3579 580 3609 ι
620 3558 1055 3613 excusationem.
1107 3556 1246 3612 Cum
1292 3564 1478 3610 autem
1522 3555 1804 3610 audissent
1835 3552 1984 3625 quod
2042 3552 2149 3607 lle-

562 3669 579 3702 ι
622 3650 765 3705 διωιι
790 3650 979 3719 lingua
1021 3647 1126 3704 sibi
1166 3647 1513 3717 loqueretur,
1554 3647 1726 3717 magis
1769 3645 2149 3716 praestiterunt

563 3764 578 3793 ι
623 3742 926 3805 silentium,
956 3751 1012 3798 et
1040 3741 1210 3796 dixit:
1241 3741 1353 3812 Ego
1380 3739 1603 3811 quidem
1633 3755 1755 3795 sum
1789 3740 1872 3795 vir
1904 3739 2144 3803 Iudaeus,

562 3855 581 3884 ι
625 3846 787 3891 natus
809 3836 864 3889 in
898 3834 1070 3889 Tarso
1099 3833 1327 3898 Cilicize,
1359 3840 1617 3887 czctcrum
1649 3830 1919 3887 educatus
1952 3829 2006 3883 in
2043 3828 2148 3884 hac

562 3949 580 3981 ι
621 3928 845 3983 civitate
880 3927 947 3982 ad
985 3926 1151 3998 pedes
1179 3926 1514 3992 Gamalielis,
1552 3927 1842 3982 institutus
1887 3931 2148 3979 accurate

559 4042 577 4072 ι
619 4022 679 4077 in
709 4022 882 4093 patria
909 4022 1051 4093 lege,
1078 4021 1174 4077 Dei
1203 4020 1320 4076 zelo
1347 4022 1565 4085 ductus,
1583 4020 1727 4075 sicut
1752 4028 1809 4073 et
1833 4032 1929 4073 vos
1953 4032 2147 4072 omnes

559 4138 576 4169 ι
618 4118 753 4174 estis
784 4117 947 4173 hodie
981 4135 994 4172 :
1026 4116 1124 4188 qui
1157 4116 1304 4172 hanc
1362 4114 1509 4170 viam
1548 4122 1876 4186 persecutus
1907 4125 2028 4167 sum
2062 4124 2147 4165 us-

558 4230 575 4261 ι
619 4228 727 4282 que
751 4212 818 4267 ad
848 4220 1103 4275 mortem,
1128 4210 1362 4281 alligans
1423 4209 1755 4278 tradensque
1799 4206 1854 4260 in
1888 4217 2147 4259 carceres

558 4322 576 4355 ι
616 4303 769 4358 viros
807 4304 1013 4374 pariter
1038 4317 1103 4358 ac
1134 4302 1439 4358 mulieres:
1487 4299 1631 4356 sicut
1668 4307 1720 4355 et
1763 4299 2022 4369 princeps
2055 4313 2147 4353 sa-

557 4413 575 4446 σ
616 4395 904 4451 cerdotum
949 4394 1086 4450 mihi
1138 4392 1295 4450 testis
1332 4400 1417 4449 est
1465 4400 1521 4448 et
1560 4391 1813 4447 universa
1862 4391 2145 4463 seniorum

560 4507 579 4539 ι
621 4488 978 4559 congregatio
1008 4506 1020 4543 :
1059 4502 1089 4542 a
1122 4487 1329 4558 quibus
1364 4486 1533 4542 etiam
1565 4484 1815 4555 epistolis
1841 4483 1912 4539 ad
1948 4483 2147 4547 fratres

2250 1975 2371 2039 ταῖς
2400 1974 2506 2027 ὑπὸ
2537 1975 2826 2047 Ῥωμαίων
2873 1975 3235 2047 καλουμέναις
3282 1976 3485 2041 σίκαις,
3531 1977 3621 2046 ἀφ’
3641 1969 3709 2030 ὧν
3733 1978 3810 2031 καὶ

2251 2066 2351 2137 τὴν
2379 2066 2755 2139 προσηγορίαν
2806 2067 2856 2121 oi
2903 2067 3260 2142 λῃστεύοντες
3313 2067 3527 2123 ἔλαϐον.
3560 2068 3725 2123 Ἄλλοι
3762 2067 3809 2120 δὲ

2254 2153 2466 2224 αἵρεσίν
2488 2171 2610 2207 τινα
2634 2155 2786 2227 παρὰ
2828 2156 3101 2218 Ἰουδαίοις
3131 2156 3340 2227 ἔφασαν
3356 2154 3524 2215 εἶναι.
3545 2160 3695 2229 Τρεῖς
3721 2158 3811 2227 γάρ

2254 2247 2389 2302 εἰσιν
2423 2248 2668 2320 αἱρέσεις
2719 2251 2936 2318 γενικαὶ
2988 2250 3139 2321 παρὰ
3206 2251 3509 2317 Ἰουδαίοις,
3537 2253 3808 2320 Φαρισαῖοι,

2254 2340 2622 2407 Σαδδουκαῖοι,
2648 2343 2746 2397 καὶ
2779 2343 3032 2414 Ἐσσηνοί
3051 2361 3065 2377 ⁸
3097 2337 3244 2398 οὗτοι
3265 2346 3358 2400 τὸν
3382 2346 3500 2417 βίον
3520 2346 3811 2417 σεμνότερον

2254 2432 2509 2499 ἀσκοῦσι,
2536 2434 2854 2507 φιλάλληλοι
2914 2438 3070 2502 ὄντες
3118 2440 3214 2493 καὶ
3259 2440 3554 2510 ἐγκρατεῖς
3584 2455 3597 2468 '
3640 2437 3809 2492 διὸκαὶ

2268 2528 2517 2601 Ἐσσηνοὶ
2564 2532 3089 2601 προσαγορεύονται,
3151 2535 3321 2605 ἤγουν
3375 2534 3516 2589 ὅσιοι
3545 2551 3560 2567 ο
3610 2533 3742 2588 ἄλλοι
3764 2533 3810 2584 δὲ

2256 2623 2455 2688 αὐτοὺς
2487 2624 2784 2696 Σικαρίους
2816 2627 3293 2699 ἐκάλεσαν,ήγουν
3319 2627 3593 2699 ζηλωτάς.

2333 2829 2351 2859 ι
2387 2804 2522 2863 Eine
2569 2810 2627 2864 δὲ
2673 2812 2702 2866 ὁ
2743 2811 2987 2877 Παῦλος·
3040 2813 3185 2885 Ἐγὼ
3228 2813 3522 2887 ἄνθρωπος
3572 2813 3666 2885 μέν
3710 2812 3807 2882 εἰμι

2264 2922 2280 2954 ι
2319 2902 2573 2969 Ἰουδαῖος
2616 2906 2885 2977 Ταρσεὺς,
2913 2906 3013 2976 τῆς
3051 2907 3308 2973 Κιλικίας
3339 2909 3443 2962 οὐκ
3483 2908 3691 2978 ἀσήμου
3729 2905 3808 2957 πό·

2264 3014 2280 3046 ι
2322 2993 2461 3060 λεως
2494 2996 2736 3069 πολίτης.
2772 2998 2975 3068 Δέομαι
3006 2998 3064 3052 δέ
3092 3017 3209 3065 σου,
3238 2999 3533 3074 ἐπίτρεψόν
3562 3015 3649 3069 μοι
3668 2996 3807 3064 λαλῆ-

2263 3106 2281 3139 ι
2325 3105 2413 3142 σαι
2446 3088 2582 3161 πρὸς
2601 3088 2693 3143 τὸν
2717 3089 2865 3146 λαόν.
2898 3090 3324 3163 Ἐπιτρέψαντος
3346 3093 3400 3147 δὲ
3432 3091 3615 3158 αὐτοῦ,
3638 3094 3663 3145 ὁ
3688 3089 3806 3143 [ἰαῦ-

2261 3198 2280 3233 ι
2323 3180 2411 3245 λος
2440 3182 2612 3247 ἑστὼς
2641 3182 2867 3237 ἐπὶτῶν
2898 3184 3254 3256 ἀναϐαθμῶν,
3282 3187 3568 3241 κατέσεισε
3599 3186 3661 3257 τῇ
3687 3181 3806 3254 χειρὶ

2260 3292 2279 3327 ι
2318 3272 2397 3345 τῷ
2425 3272 2560 3346 λαῷ.
2606 3273 2815 3346 Πολλῆς
2843 3275 2900 3331 δὲ
2941 3276 3100 3347 σιγῆς
3146 3277 3471 3349 γενομένης,
3507 3272 3807 3349 προσεσώνει

2259 3386 2277 3419 ι
2319 3369 2385 3439 τῇ
2426 3367 2667 3440 Ἐϐραΐδι
2718 3368 3017 3442 διαλέκτῳ·
3055 3370 3283 3441 ’Ἄνδρες
3328 3370 3549 3439 ἀδελφοὶ
3592 3367 3678 3421 καὶ
3720 3380 3805 3417 πα·

2258 3479 2276 3512 ι
2315 3461 2496 3532 τέρες,
2526 3461 2800 3517 ἀκούσατὲ
2831 3480 2933 3535 μου
2957 3464 3209 3535 τῆςξπρδς
3230 3465 3374 3536 ὑμᾶς
3402 3464 3498 3519 νῦν
3521 3457 3801 3527 ἀπολογίαςο

2261 3574 2279 3606 ι
2324 3556 2684 3621 Ἀκούσαντες
2716 3556 2772 3610 δὲ
2816 3558 2898 3612 ὃτι
2939 3557 3183 3632 Ἐϐραΐδι
3217 3558 3488 3632 διαλέκτῳ
3531 3549 3807 3627 προσφωνεί

2258 3668 2276 3700 ι
2317 3647 2522 3713 αὐτοῖς,
2550 3647 2754 3718 μᾶλλον
2772 3649 3049 3722 παρέσχον
3075 3651 3332 3724 ἡσυχίαν,
3356 3650 3455 3705 καί
3483 3663 3664 3721 φησιν·
3686 3637 3805 3710 Ἐγὼ

2259 3760 2277 3793 ι
2318 3743 2418 3814 μέν
2448 3745 2566 3814 είμι
2599 3744 2743 3816 ἀνὴρ
2782 3744 3058 3810 Ἰουδαῖος,
3091 3745 3500 3817 γεγεννημένος
3550 3744 3607 3796 ὲν
3634 3733 3803 3808 Τσρσῷ

2260 3851 2276 3884 ι
2316 3834 2417 3903 τῆς
2462 3834 2754 3900 Κιλικίας,
2801 3836 3289 3909 ἀνατεθραμμένος
3350 3838 3407 3892 δὲ
3463 3840 3521 3892 ὲν
3573 3837 3635 3906 τῇ
3678 3831 3804 3884 πόλει

2259 3944 2278 3976 ι
2319 3926 2493 3999 ταύτῃ
2525 3928 2677 3999 παρὰ
2704 3929 2831 3993 τοὺς
2871 3928 3037 3995 πόδας
3073 3931 3377 4003 Γαμαλιήλ,
3410 3923 3802 3996 πεπαιδευμένος

2258 4038 2276 4071 ι
2319 4021 2462 4075 κατὰ
2518 4020 2809 4092 ἀκρίϐειαν
2866 4022 2960 4076 τοῦ
3023 4024 3278 4096 πατρῴου
3328 4026 3533 4095 νόμου,
3588 4013 3801 4090 ζηλωτὴς

2259 4133 2275 4165 ι
2317 4113 2579 4186 ὑπάρχων
2611 4114 2706 4169 τοῦ
2740 4115 2897 4184 Θεοῦ,
2928 4116 3110 4181 καθὼς
3141 4119 3338 4182 πάντες
3381 4120 3538 4189 ὑμεῖς
3580 4118 3693 4168 ἐστε
3723 4118 3800 4170 ⁸η-

2258 4224 2277 4258 (
2319 4224 2522 4279 μερον·
2562 4208 2622 4273 ὃς
2666 4210 2870 4281 ταύτην
2900 4212 2999 4281 τὴν
3038 4211 3154 4265 ὁδὸν
3181 4211 3380 4279 ἐδίωξα
3417 4212 3539 4282 ἄχρι
3577 4199 3793 4253 ϐανὲτουι

2256 4318 2273 4351 ι
2318 4299 2599 4370 δεσμεύων
2638 4302 2731 4355 καὶ
2768 4302 3095 4373 παραδιδοὺς
3135 4305 3215 4369 είς
3249 4297 3491 4373 (pulsati,
3528 4292 3712 4362 ἄνδρας
3746 4299 3795 4336 τε

2257 4414 2275 4446 ι
2318 4396 2412 4449 καὶ
2455 4384 2759 4465 γυναῖκας’
2787 4400 2861 4464 ᾡς
2907 4400 3002 4454 καὶ
3030 4401 3059 4453 ὁ
3107 4395 3396 4467 ἀρχιερεὺς
3434 4386 3797 4464 μαρτυρεῖόιθι

2258 4508 2276 4541 ι
2317 4491 2413 4544 καὶ
2443 4492 2552 4545 πᾶν
2582 4492 2643 4545 τὸ
2675 4492 3091 4565 πρεσϐυτέριον.
3125 4490 3264 4561 Παρ’
3303 4482 3379 4543 ὧν
3423 4487 3518 4541 καὶ
3542 4472 3798 4538 ἐπιστολὰς

557 4600 575 4632 ι
613 4582 859 4652 acceptis
902 4582 1228 4636 Damascum
1272 4578 1687 4650 proﬁciscebar,
1720 4576 2067 4633 adducturus
2087 4583 2144 4633 et

2258 4599 2275 4631 ‘
2311 4579 2607 4652 δεξάμενος
2632 4583 2775 4653 πρὸς
2800 4583 2924 4646 τοὺς
2951 4580 3235 4652 ἀδελφοὺς,
3267 4582 3347 4642 εἰς
3379 4572 3661 4649 Δαμασκὸν
3687 4569 3795 4619 ὲπο-

557 4693 575 4723 ι
618 4672 743 4729 illos
771 4671 867 4743 qui
895 4670 971 4726 ibi
999 4678 1187 4726 essent
1208 4670 1427 4726 vinctos
1452 4668 1756 4725 Jerusalem
1784 4677 1848 4724 ut
1876 4667 2147 4737 puniren-

555 4784 572 4813 ι
621 4773 732 4819 tur.
758 4763 975 4823 Accidit
1000 4770 1186 4819 autem
1219 4763 1325 4817 iter
1351 4760 1577 4817 facienti
1605 4768 1663 4816 et
1682 4759 2145 4840 appropinquanti

555 4877 573 4910 ι
614 4859 879 4914 Damasco
933 4858 1158 4914 circiter
1204 4856 1519 4922 meridiem,
1574 4867 1636 4913 ut
1679 4854 1864 4911 subito
1892 4854 1962 4910 de
1992 4854 2145 4925 ﬁctelo

556 4971 572 5000 ι
620 4949 1075 5020 circumfulgcret
1119 4964 1207 5007 me
1248 4949 1344 5004 lux
1392 4948 1584 5013 multa,
1618 4946 1907 5018 cecidique
1952 4946 2010 5002 iu
2056 4960 2147 5001 so-

464 5101 474 5110 .
555 5062 571 5091 ι
616 5042 752 5106 lum,
784 5051 841 5097 et
864 5042 1050 5097 audivi
1074 5056 1267 5097 vocem
1297 5040 1574 5096 dicentem
1603 5038 1738 5094 mihi
1773 5056 1787 5095 :
1821 5038 2142 5105 Saul,Saul,

557 5153 574 5186 ι
614 5134 748 5205 quid
777 5149 864 5189 me
898 5133 1307 5205 persequeris?
1344 5134 1458 5205 Ego
1495 5147 1629 5189 vero
1660 5133 1921 5204 respondi
1953 5150 1966 5186 :
2008 5131 2146 5199 Quis

555 5247 573 5277 ι
613 5242 695 5292 es,
726 5226 1000 5282 Domine?
1045 5226 1300 5297 Dixitque
1332 5228 1400 5281 ad
1456 5241 1592 5282 me:
1635 5226 1748 5296 Ego
1802 5240 1926 5281 sum
1981 5226 2146 5285 Jesus

554 5336 571 5367 ι
613 5316 956 5383 Nazarenus,
987 5334 1152 5388 quem
1194 5332 1252 5374 tu
1286 5318 1656 5390 persequeris.
1686 5316 1752 5372 Et
1794 5319 1889 5389 qui
1925 5333 2145 5375 mecum

558 5429 574 5460 ι
615 5416 797 5476 erant,
831 5410 1016 5466 lumen
1062 5411 1286 5482 quidem
1314 5411 1576 5467 viderunt
1604 5424 1659 5466 et
1696 5411 1946 5468 exterriti
1992 5420 2142 5478 sunt,

558 5520 577 5553 ι
616 5512 812 5559 vocem
847 5513 1034 5559 autem
1066 5518 1177 5560 non
1200 5504 1496 5561 audierunt
1529 5505 1648 5576 ejus
1682 5506 1774 5576 qui
1814 5506 2146 5577 loquebatur

555 5592 854 5651 (mecum.
886 5596 1006 5651 Dixi
1040 5607 1224 5652 autem
1255 5614 1270 5651 :
1298 5597 1441 5665 Quid
1474 5596 1691 5666 faciam,
1726 5598 2005 5654 Domine?
2033 5600 2145 5654 Do-

553 5708 571 5739 ι
610 5688 798 5745 minus
853 5699 1038 5747 autem
1086 5691 1227 5748 dixit
1265 5692 1445 5748 mihi:
1485 5693 1660 5765 Surge
1693 5703 1749 5750 et
1780 5694 1917 5750 vade
1944 5695 2144 5749 Dama-

554 5799 573 5833 ι
614 5794 793 5848 scum,
814 5792 870 5839 et
899 5783 977 5839 ibi
1001 5783 1219 5840 dicetur
1239 5783 1337 5841 tibi
1369 5786 1435 5841 de
1458 5785 1716 5841 omnibus
1747 5800 1868 5856 quae
1893 5783 2146 5843 ordinata

556 5892 577 5927 ι
614 5884 745 5933 sunt
790 5886 850 5935 ut
899 5885 955 5935 tu
1011 5878 1202 5936 facias.
1258 5879 1510 5952 Cumque
1567 5894 1678 5936 non
1733 5879 1979 5938 viderem
2029 5897 2145 5954 pra:

2259 4692 2277 4725 ‘
2322 4675 2583 4745 ρευόμην.
2609 4674 2753 4741 ἄξων
2791 4674 2886 4730 καὶ
2920 4676 3046 4739 τοὺς
3101 4676 3283 4728 ἐκεῖσε
3329 4671 3489 4736 ὄντας
3514 4663 3797 4734 δεδεμένους

2256 4786 2274 4817 ι
2315 4768 2395 4830 εἰς
2429 4766 2791 4839 Ἰερουσαλὴμ
2818 4768 2906 4822 ἵνα
2932 4765 3343 4838 τιμωρηθῶσιν.
3376 4763 3618 4832 Ἐγένετο
3643 4752 3694 4806 δέ
3720 4760 3794 4820 μοι

2256 4880 2272 4912 ι
2315 4862 2668 4933 πορευομένῳ
2699 4863 2795 4917 καὶ
2840 4860 3113 4930 ἐγγίζοντι
3144 4862 3210 4931 τῇ
3267 4856 3547 4929 Δαμασκῷ
3575 4847 3692 4920 περὶ
3714 4858 3796 4913 με’

2253 4973 2271 5005 ι
2313 4952 2612 5026 σημϐρίαν,
2645 4953 2907 5024 ἐξαίφνης
2940 4955 3004 5007 ἐκ
3034 4951 3130 5006 τοῦ
3154 4951 3388 5023 ούρανοῦ
3422 4934 3792 5020 ἰτεριαστρέιίναι

2255 5066 2272 5097 ι
2320 5047 2436 5116 φῶς
2465 5046 2677 5103 ·ἱκανὸν
2727 5048 2858 5118 περὶ
2885 5046 3019 5117 ἐμέο
3055 5045 3252 5100 ἔπεσόν
3285 5061 3346 5098 τε
3383 5046 3464 5107 εἰς
3493 5039 3552 5094 τὸ
3608 5032 3791 5118 ἔδαφοῖο

2254 5160 2272 5190 ι
2313 5115 2405 5193 καὶ
2442 5139 2651 5210 ηκουσα
2685 5115 2873 5209 φωνῆς
2919 5115 3188 5208 λεγούσης
3224 5152 3349 5208 μοι’
3396 5131 3585 5195 Σαοὺλ,
3626 5115 3789 5179 Σιοδλν

2252 5251 2270 5283 ι
2312 5232 2364 5285 τί
2399 5249 2466 5305 με
2503 5232 2754 5299 διώκειςς
2786 5232 2931 5301 Ἐγὼ
2963 5232 3020 5287 δὲ
3048 5232 3377 5304 ἀπεκρίθην,
3400 5230 3496 5295 Τίς
3520 5222 3589 5288 ei,
3613 5216 3790 5284 Κύριεὲ

2256 5342 2273 5376 ι
2313 5320 2451 5381 Eine
2476 5342 2534 5380 τε
2561 5327 2699 5397 πρός
2732 5343 2830 5398 με’
2863 5326 3008 5395 Ἐγώ
3038 5327 3155 5397 εἰμι
3184 5324 3397 5397 Ἰησοῦς
3422 5326 3450 5378 ὁ
3487 5307 3790 5406 Ναζωρίτῖς⁹

2254 5436 2271 5467 ι
2314 5417 2373 5474 ὃν
2409 5419 2472 5472 σὺ
2506 5419 2744 5485 διώκεις.
2781 5422 2843 5475 υι
2875 5421 2932 5475 δὲ
2980 5421 3078 5475 σῦν
3112 5421 3237 5492 ἐμοὶ
3268 5418 3420 5483 ὅντες
3447 5417 3510 5472 τδ
3570 5408 3661 5481 μὲν
3695 5408 3790 5492 si“

2256 5532 2273 5563 ι
2315 5512 2628 5581 ἐθεάσαντο,
2660 5514 2753 5568 καὶ
2780 5513 3038 5587 εέμφοϐοι
3080 5486 3368 5583 ἐγένοντο,
3419 5510 3515 5581 τὴν
3544 5505 3597 5558 δὲ
3637 5486 3790 5587 (FW?

2255 5626 2271 5655 ι
2314 5604 2415 5658 οὐκ
2474 5573 2714 5677 ἥκουσαν
2777 5573 3227 5670 τοῦ-λαλοῦντός
3280 5573 3393 5677 μοι.
3445 5573 3609 5657 Ιεξῖπον
3642 5573 3790 5677 δὲβξί

2256 5716 2274 5750 ⁸
2317 5670 2550 5770 ποιήσώ,
2581 5700 2791 5772 Κύριε;
2835 5700 2895 5754 ὐ
2930 5699 2986 5755 δὲ
3016 5699 3220 5771 Κύριος
3252 5670 3389 5771 πρός
3423 5713 3489 5770 με
3512 5709 3528 5726 ⁸
3562 5670 3790 5742 ’Δναστάς

2258 5810 2276 5843 ι
2322 5790 2559 5861 πορεύου
2608 5794 2689 5858 εἰς
2733 5793 3069 5864 Δαμασκὸν,
3114 5794 3280 5847 κάκεῖ
3335 5809 3419 5846 σοι
3467 5775 3787 5864 Minois“?

2260 5902 2279 5938 ⁸
2323 5851 2453 5956 πεὲῖ
2498 5851 2741 5956 πάντων,
2787 5851 2863 5945 div
2909 5851 3169 5943 τέτακταί
3209 5904 3291 5943 σοι
3340 5884 3578 5953 ποιῆσαι.
3619 5866 3696 5925 Ὠς
3738 5851 3787 5906 δὲ
