4024 6546
199 481 313 548 273

1170 499 1557 567 COMMENT.
1598 501 1683 564 IN
1716 500 1902 562 ACTA
1928 500 2519 564 APOSTOLORUM.

3360 496 3471 559 974

205 600 330 665 βαι·
371 614 392 650 ³
436 598 551 654 οὐκ
598 601 658 657 δν
699 606 766 677 τῇ
803 599 992 680 Ῥώίῖΐι
1024 605 1106 678 (οὗ
1130 609 1239 682 γὰρ
1266 611 1422 666 τοῦτο
1460 607 1614 666 εἶπεν
1642 613 1670 665 6
1714 625 1793 680 χι-

1905 608 2163 674 civitatis,
2198 610 2387 679 utique
2413 623 2521 663 non
2553 608 2801 673 Romam,
2835 607 2930 664 scd
2962 608 3218 663 Romanae
3244 605 3483 667 civitatis

198 684 448 757 λίαρχος,
494 690 579 743 ὅτι
609 693 815 748 Πολλοῦ
845 696 1139 766 κεφαλαίου
1182 701 1551 773 ἐκτησάμην),
1584 700 1698 755 ἀλλ’
1725 700 1781 752 ὲν

197 780 269 847 τῇ
307 778 601 856 Ῥωμαϊκῇ
642 785 888 860 πολιτείᾳ
917 790 1009 844 καὶ
1040 794 1198 863 τιμῇ,
1227 791 1415 865 ὥσπερ
1446 794 1541 847 καὶ
1578 793 1782 864 κτήσα-

1892 702 1984 772 jus
2014 701 2297 772 subjunxit
2323 721 2336 757 :
2370 702 2481 771 Ego
2508 716 2639 755 vero
2664 710 2720 756 et
2746 710 2907 758 natus
2933 714 3054 756 sum
3091 716 3106 753 :
3158 714 3268 754 non
3294 699 3481 754 Romae

1891 794 2095 864 (neque
2138 794 2286 849 enim
2338 794 2593 849 tribunus
2642 795 2746 849 hoc
2774 809 2831 849 se
2863 794 3033 849 multa
3069 808 3284 849 summa
3329 807 3482 847 com-

201 871 335 925 σθαι
393 874 570 945 ἔλεγε.
622 878 749 943 Πῶς
799 877 893 937 οὖν
949 884 1213 957 ἐγεννήθη
1267 885 1325 939 ὲν
1376 888 1441 956 τῇ
1500 887 1784 957 Ῥωμαῖκῇ

1905 903 2111 942 )arasse
2139 887 2418 958 dicit),sed
2451 885 2709 942 Romana:
2738 885 2978 942 civitatis
2999 886 3089 957 jus
3114 901 3177 940 ac
3205 885 3473 941 honorem

204 962 487 1038 πολιτείᾳ,
533 970 582 1022 εί
612 970 689 1041 μὴ
731 974 793 1026 ἐν
850 974 1041 1049 Ῥώμῃ
1086 977 1393 1049 ἐγεννήθης
1431 980 1551 1033 Ὅτι
1587 996 1788 1050 κτησα-

203 1053 378 1122 μένου
410 1058 524 1145 .τοῦ
571 1064 782 1131 πατρὸς
833 1065 998 1119 αὐτοῦ
1043 1067 1143 1138 τὴν
1197 1070 1363 1139 τιμὴν
1412 1068 1650 1138 ταύτην,
1694 1069 1789 1121 καὶ

200 1148 384 1222 ταύτῃ
446 1153 849 1224 σεμνυνομένου
902 1159 996 1212 καὶ
1052 1158 1335 1230 περιδόξου
1384 1161 1571 1227 ὄντος,
1629 1159 1791 1225 αὐτὸς

200 1239 476 1313 ἐγεννήθη
494 1244 662 1316 αὐτῷ.
696 1247 769 1301 Τὸ
794 1244 909 1312 οῦν,
946 1268 964 1302 ι
999 1250 1143 1321 Ἐγὼ
1164 1252 1222 1307 δὲ
1270 1253 1364 1307 καὶ
1389 1255 1784 1324 γεγέννημαι.»

201 1330 400 1400 φησὶν,
431 1333 517 1386 ὅτι
555 1335 727 1400 Αὐτὸς
778 1340 877 1408 μὲν
907 1341 1225 1413 πρόσφατον
1254 1342 1398 1414 ἔχεις
1446 1346 1545 1418 τὴν
1601 1345 1789 1418 τιμὴν,

208 1422 381 1485 αὐτὸς
425 1426 598 1497 αὐτὴν
653 1431 1015 1502 κτησάμενος,
1074 1435 1187 1503 ἐγὼ
1219 1435 1276 1490 δὲ
1332 1436 1607 1508 πατρικὴν
1642 1437 1794 1511 φέρω

201 1514 305 1585 τὴν
348 1516 515 1583 δόξαν
550 1520 644 1574 καὶ
685 1524 1179 1595 συναποτεχοεῖσάν
1214 1545 1328 1599 μοι.
1374 1529 1474 1584 Διὰ
1506 1528 1662 1584 τοῦτό
1689 1546 1794 1600 φη·

204 1618 313 1655 σιν’
357 1624 379 1656 ι
413 1604 558 1675 Ἐγὼ
588 1607 646 1661 δὲ
689 1609 784 1665 καὶ
810 1612 1162 1685 γεγέννημαι.
1194 1634 1213 1668 ι

282 1881 394 1937 Kal
425 1882 649 1952 ἄλλως.
682 1888 798 1944 Οὐκ
820 1890 1086 1962 ἐψεύσατο
1110 1895 1321 1961 Παῦλος
1365 1898 1629 1970 Ῥωμαῖον
1659 1904 1789 1957 ἑαυ-

1889 979 2177 1034 obtinens:
2205 979 2352 1049 quod
2380 980 2545 1035 etiam
2572 979 2662 1033 ille
2686 995 2714 1033 a
2740 995 2766 1034 s
2822 986 3065 1049 emptum
3091 993 3212 1033 esse
3238 976 3483 1034 dicebat.

1893 1072 2183 1124 Quomodo
2216 1072 2381 1124 igitur
2406 1073 2664 1124 Romanae.
2697 995 2938 1124 civitatis
2967 1072 3054 1124 ius
3080 1070 3290 1124 habens
3322 1080 3483 1123 natus

1893 1072 2183 1138 Quomodo
2216 1072 2381 1144 igitur
2406 1073 2664 1128 Romanae
2697 1070 2938 1126 civilatis
2961 1072 3054 1141 jus
3080 1070 3290 1124 habens
3322 1080 3484 1123 natus

1892 1172 1999 1227 est,
2036 1163 2081 1218 si
2105 1162 2295 1218 Romae
2326 1171 2489 1218 natus
2520 1178 2629 1217 non
2667 1162 2795 1217 est?
2825 1162 2964 1228 Quia
2987 1177 3112 1215 cum
3154 1170 3310 1230 pater
3346 1174 3482 1214 suus

1897 1256 2164 1311 honorem
2196 1256 2346 1311 hunc
2377 1264 2770 1325 comparasset,
2815 1262 2873 1309 et
2911 1269 3011 1324 per
3041 1269 3168 1309 eum
3210 1268 3482 1308 veneran-

1895 1348 1998 1404 dus
2030 1363 2095 1403 ac
2123 1349 2396 1420 gloriosus
2437 1347 2651 1414 fuisset,
2684 1348 2800 1418 ipse
2830 1348 2887 1402 in
2913 1362 2980 1401 eo
3010 1354 3173 1401 natus
3206 1354 3310 1401 est.
3347 1345 3484 1401 Cum

1896 1440 2082 1510 itaque
2111 1440 2189 1496 ait
2222 1459 2235 1495 :
2268 1440 2381 1511 Ego
2414 1456 2549 1496 vero
2580 1447 2637 1494 et
2678 1450 2842 1495 natus
2873 1455 3018 1505 sum,
3053 1438 3376 1493 tantundem
3399 1446 3486 1493 est

1896 1549 1961 1590 ac
1983 1534 2028 1588 si
2053 1533 2199 1588 dicat
2228 1550 2242 1588 :
2293 1533 2375 1588 'I‘u
2403 1532 2624 1603 quidem
2660 1540 2937 1588 recentem
2973 1531 3148 1586 habes
3186 1530 3476 1591 honorem,

1896 1622 1991 1693 qui
2022 1623 2140 1693 ipse
2171 1622 2324 1677 illum
2356 1623 2712 1692 comparasti,
2754 1638 2857 1693 ego
2900 1638 3034 1677 vero
3069 1628 3356 1692 paternam
3385 1618 3485 1673 ba-

1896 1716 2001 1771 beo
2024 1714 2276 1786 gloriam,
2302 1725 2360 1772 et
2389 1731 2511 1786 quae
2543 1716 2678 1770 mihi
2721 1715 3013 1787 congenita
3037 1720 3145 1771 est.
3186 1713 3487 1783 Propterea

1898 1806 2072 1861 dicit:
2103 1807 2216 1876 Ego
2242 1821 2374 1861 vero
2397 1816 2452 1862 et
2475 1815 2638 1861 natus
2667 1822 2811 1862 sum.

1975 1897 2131 1968 163
2152 1896 2269 1951 Alio
2294 1896 2495 1969 quoque
2523 1897 2696 1951 modo.
2725 1897 2844 1952 Non
2876 1897 3144 1954 mentitus
3168 1907 3255 1954 est
3281 1899 3485 1955 Paulus

205 1971 299 2026 τὶν
330 1973 593 2040 καλέσας.
641 1981 819 2034 καίτοι
853 1982 1104 2050 Ἰουδαῖος
1145 1988 1426 2060 ὑπάρχων,
1477 1992 1552 2058 ὡς
1575 1994 1667 2047 καὶ
1687 1995 1784 2048 αὺ-

1905 1987 2200 2041 Romanum
2234 2002 2292 2042 se
2326 1987 2536 2051 dicens,
2556 1988 2922 2058 cumﬁJudaeus
2939 1997 3106 2054 esset,
3136 2002 3303 2059 prout
3336 1990 3484 2047 idem

205 2064 301 2128 τὸς
355 2067 464 2137 πρὸ
495 2069 677 2138 ὀλίγου
736 2072 862 2145 ἔφη.
908 2078 1043 2132 Ἀπὸ
1097 2080 1206 2151 γὰρ
1253 2083 1526 2155 Ἀδριανοῦ
1585 2088 1786 2158 συνέϐη

204 2160 425 2225 πάντας
477 2158 618 2218 εἶναι
662 2166 984 2239 Ῥωμαίους.
1016 2174 1274 2246 Μεγάλην
1312 2179 1422 2250 γὰρ
1467 2177 1612 2251 εἶχον
1662 2183 1787 2237 τότε

202 2252 473 2321 πρόνοιαν
506 2259 555 2310 oi
585 2257 759 2325 οὕτως
802 2263 1110 2335 ἀξιούμενοι
1163 2269 1464 2329 καλεῖσθαι.
1491 2274 1677 2330 Ταῦτα
1729 2276 1787 2331 δέ

204 2360 380 2437 Euam
436 2347 523 2401 ἵνα
554 2349 627 2420 μὴ
666 2355 985 2425 μαστιχθεὶς
1018 2359 1491 2433 εὐκαταφρόνητος
1537 2367 1787 2437 γένηται.

206 2433 293 2533 ΕΞ-
325 2438 785 2533 γαρΑὲμάστιξαν,
838 2449 933 2501 καὶ
988 2452 1335 2525 παρέτρεψαν
1369 2456 1436 2511 ἂν
1466 2458 1527 2512 τὸ
1554 2433 1789 2533 πραγμα

202 2528 305 2579 καὶ
346 2530 680 2624 απέκτειναν
706 2537 773 2591 ἂν
802 2539 982 2598 αὐτόν.
1017 2543 1130 2598 Νῦν
1159 2546 1215 2602 δὲ
1249 2550 1300 2602 εί
1341 2550 1436 2604 καὶ
1468 2552 1543 2624 μὴ
1574 2528 1641 2608 δι’
1671 2528 1791 2609 trs-

201 2637 330 2688 ρον,
360 2622 499 2677 ἀλλά
529 2643 594 2696 γε
625 2626 692 2681 δι’
718 2631 850 2685 αὐτὸ
877 2633 939 2688 οὐ
971 2636 1132 2705 μόνον
1170 2640 1270 2694 οὐκ
1302 2622 1620 2714 ἐμάστιξαν,
1651 2646 1788 2705 ἀλλὰ

200 2716 305 2810 καὶ
334 2718 636 2810 απέλυσαν.
686 2724 972 2780 Δαίκνιίσιν
1000 2723 1094 2783 οῦν
1117 2731 1147 2782 6
1176 2732 1408 2799 Παῦλος,
1436 2736 1518 2790 ὅτι
1555 2738 1585 2791 6
1604 2739 1789 2810 πατὴρ

201 2806 380 2900 cii-3:66
446 2811 716 2883 Ῥωμαῖος
764 2812 853 2889 ἦν.
886 2819 997 2890 Πρὸ
1025 2822 1135 2894 γὰρ
1178 2824 1273 2878 τοῦ
1333 2824 1657 2900 γεννηθῆναι

202 2896 449 2963 Παῦλον,
473 2906 846 2976 γεγενημένης
899 2909 998 2979 τῆς
1052 2912 1305 2979 Κιλικίας
1334 2917 1437 2970 ὑπὸ
1478 2896 1787 2990 Ῥωμαίοις,

200 2990 432 3064 ἀνάγκη
466 2996 562 3048 καὶ
587 2998 748 3053 αὐτὸν
777 3000 853 3064 ὡς
885 3001 1015 3059 ὄντα
1043 3004 1134 3059 ὑπ’
1165 3008 1384 3077 αὐτοὺς,
1423 3010 1690 3081 Ῥωμαῖον
1713 3009 1791 3067 εἷ-

202 3101 322 3139 ναι.
361 3087 515 3153 Τέως
538 3090 595 3144 δὲ
625 3094 766 3149 κατά
795 3095 893 3168 τὴν
917 3102 1253 3173 προφητείαν
1277 3104 1576 3177 ἐδεσμεύθη
1601 3110 1657 3162 ὲν
1695 3109 1792 3161 Ἰε-

209 3178 530 3251 ρουσαλήμ.
557 3183 623 3236 Τί
652 3184 745 3240 οὖν
789 3188 899 3243 ἀπὸ
928 3189 1121 3246 τούτου
1154 3194 1407 3263 γίνεται;
1439 3197 1630 3263 Λύσας
1658 3217 1793 3259 κατ-

207 3270 429 3373 ηγαγεν
467 3274 629 3373 {grav
653 3278 789 3373 πρὸς
816 3282 942 3347 τοὺς
973 3284 1283 3352 Ἰουδαίους.
1311 3289 1426 3344 Οὐκ
1464 3290 1572 3362 ἄρα
1597 3292 1789 3363 ψεῦδος
1822 3310 1867 3373 ο

205 3357 301 3431 ἦν.
342 3364 617 3441 Ἐφοδὴθη
660 3370 789 3443 γὰρ,
831 3376 1017 3445 φησὶν,
1064 3379 1093 3432 6
1120 3378 1399 3452 χιλίαρχος
1431 3357 1690 3454 ἐπιγνοὺς
1712 3357 1795 3441 ὅτι

210 3456 502 3526 Ῥωμαῖός
524 3462 658 3530 ἐστι,
688 3467 963 3524 τουτέστιν
980 3470 1352 3541 ἀξιωματικοῦ
1391 3475 1601 3545 γένους.

805 3642 1053 3698 ΚΕΦΑΛ.
1095 3608 1218 3702 AI".

211 3728 377 3783 Ὀσα
496 3734 752 3812 Παῦλος.
765 3739 1027 3812 καταϐὰς
1082 3742 1169 3806 εἰς
1193 3742 1259 3794 τὸ
1294 3744 1620 3812 συνέδριον
1647 3745 1795 3803 ἐπα-

394 3802 463 3855 θέ
486 3820 548 3857 τε
570 3806 668 3858 καὶ
693 3801 846 3872 εἷπε,
868 3811 966 3863 καὶ
998 3801 1339 3879 regem“
1370 3801 1615 3883 ἔπραξε.

293 3907 313 3941 ι
340 3892 423 3963 Τῇ
453 3893 511 3947 δὲ
540 3896 803 3968 ἐπαύριον
852 3898 1176 3971 βουλόμενος
1193 3903 1400 3972 γνῶναι
1424 3906 1485 3960 τὸ
1531 3908 1793 3979 ἀσφαλὲς,

218 4000 240 4032 σ
262 3983 344 4048 τὸ,
359 3984 413 4036 τί
442 3991 828 4061 κατηγορεῖται
855 3994 1011 4066 παρὰ
1031 3994 1140 4049 τῶν
1164 3995 1453 4065 Ἰουδαίων,
1480 3997 1668 4055 ἔλυσεν
1697 4002 1796 4056 αύ-

216 4093 241 4127 σ
261 4079 490 4133 τὸνὰπδ
522 4082 629 4136 τῶν
658 4084 893 4157 δεσμῶν,
918 4088 1012 4141 καὶ
1038 4087 1322 4145 ἐκέλευσεν
1351 4090 1525 4146 ἐλθεῖν
1546 4094 1671 4159 τοὺς
1693 4094 1795 4167 ἀρ-

219 4186 242 4219 e
261 4174 492 4238 χιερεῖς,
516 4172 610 4227 καὶ
636 4175 756 4229 ὅλον
786 4176 847 4230 τὸ
873 4177 1149 4249 συνέδριον
1180 4181 1379 4238 αὐτῶν.
1409 4183 1519 4237 Καὶ
1553 4202 1799 4257 καταγα-

222 4281 244 4312 ι
271 4261 388 4329 γὼν
423 4265 513 4315 τον
546 4266 781 4333 Παῦλον,
840 4269 1068 4342 ἔστησεν
1122 4276 1203 4337 εἰς
1242 4275 1459 4339 αὐτούς.
1518 4278 1798 4345 Ἀτενίσας

218 4374 241 4407 ι
263 4356 321 4408 δὲ
357 4355 387 4407 6
418 4356 625 4423 Παῦλος
644 4361 723 4430 τῷ
758 4364 1038 4437 συνεδρίῳ,
1067 4362 1249 4422 εἶπενο
1286 4369 1510 4442 Ἄνδρες
1552 4372 1794 4444 ἀδελφοὶ,

222 4466 245 4498 ι
271 4446 385 4516 ἐγὼ
413 4449 566 4522 πάσῃ
603 4453 903 4524 συνειδήσει
936 4458 1115 4529 ἀγαθῇ
1142 4460 1536 4533 πεπολίτευμαι
1570 4463 1646 4533 τῷ
1681 4463 1797 4536 Θεῷ

223 4542 397 4611 «ἄχρι
450 4542 657 4613 ταύτης
708 4547 939 4619 ἡμέρας.
996 4551 1056 4605 '0
1102 4552 1159 4606 δὲ
1206 4555 1498 4625 ἀρχιερεὺς
1546 4557 1796 4623 Ἀνανίας

1895 2080 2012 2148 ipse
2044 2087 2171 2134 ante
2211 2093 2387 2149 pauca
2430 2079 2600 2133 verba
2641 2079 2874 2133 dixerat.
2922 2079 3007 2134 Ab
3049 2078 3296 2136 Adriano
3332 2080 3484 2137 enim
3532 2108 3535 2109 ν

1894 2170 2125 2240 contigit
2155 2183 2217 2225 ut
2248 2185 2439 2225 omnes
2473 2170 2709 2225 Romani
2735 2178 2943 2226 essent.
2970 2171 3166 2242 Magna
3200 2171 3483 2242 siquidem

1894 2261 2035 2316 ratio
2063 2261 2369 2317 habebatur
2392 2276 2583 2318 eorum
2616 2262 2714 2334 qui
2757 2263 2907 2334 digni
2948 2262 3288 2319 haberentur
3321 2272 3381 2321 ut
3406 2264 3484 2319 ita

1895 2352 2327 2423 appellarentur.
2352 2353 2495 2409 {Iace
2540 2362 2725 2409 autem
2759 2353 2839 2408 ait
2872 2368 2943 2409 ne
2976 2352 3281 2423 ﬂagellatus
3323 2354 3485 2411 facile

1895 2445 2185 2516 despectui
2237 2445 2559 2503 haberetur.
2614 2445 2750 2502 Nam
2797 2446 2843 2500 si
2887 2445 3273 2516 ﬂagellasseut,
3317 2446 3484 2501 etiam

1895 2552 2012 2595 rem
2034 2551 2253 2593 omnem
2268 2546 2585 2607 pervertere
2599 2536 2931 2608 potuissent,
2948 2553 3186 2607 eumque
3206 2536 3485 2592 occidere-

1895 2629 2049 2685 Nune
2100 2644 2235 2684 vero
2286 2629 2392 2684 etsi
2441 2645 2554 2684 non
2617 2630 2689 2685 ob
2724 2629 2895 2694 aliud,
2956 2628 3051 2685 sed
3100 2638 3326 2700 propter
3382 2628 3488 2684 hoc

1897 2721 2098 2792 ipsum,
2182 2738 2296 2776 non
2360 2721 2525 2776 modo
2589 2737 2699 2777 non
2760 2720 3197 2791 ﬂagellaverunt,
3284 2735 3481 2776 verum

1896 2814 2063 2875 etiam
2145 2813 2498 2871 dimiserunt.
2588 2812 2844 2869 Ostendit
2911 2829 3043 2884 ergo
3106 2813 3312 2870 Paulus
3386 2828 3485 2882 pa-

1900 2915 2037 2963 trem
2106 2922 2268 2964 suum
2324 2908 2632 2962 Romanum
2710 2908 2899 2964 fuisse.
2959 2909 3286 2978 Priusquam
3339 2908 3487 2963 enim

1896 3008 2221 3056 nasceretur
2260 3000 2484 3067 Paulus,
2531 3000 2781 3071 subjecta
2827 3000 3089 3056 Romanis
3134 2999 3350 3064 Cilicia,
3392 3014 3489 3054 ue-

1899 3107 2054 3149 cesse
2089 3102 2210 3148 erat
2254 3092 2437 3164 ipsum
2479 3108 2720 3163 quoque,
2775 3101 2968 3163 utpote
3018 3092 3125 3148 illis
3176 3091 3483 3152 subditum,

1898 3200 2019 3241 esse
2046 3185 2378 3240 Romanum.
2407 3184 2635 3240 Interim
2670 3200 2806 3240 vero
2834 3185 2991 3255 juxta
3029 3183 3378 3255 prophetiam
3402 3183 3487 3237 al-

1900 3277 2098 3348 ligatus
2122 3285 2207 3332 est
2234 3276 2613 3347 Jerosolymis.
2644 3276 2785 3342 Quid
2822 3276 2992 3347 igitur
3018 3274 3369 3346 postmodum
3401 3289 3488 3329 ac-

1898 3369 2065 3427 cidit?
2082 3368 2332 3424 Solutum
2348 3369 2577 3424 deduxit
2593 3368 2660 3424 ad
2678 3368 2915 3426 Iudaeos.
2935 3368 3055 3424 Non
3077 3366 3484 3439 igiturmendax

1897 3472 2036 3518 erat.
2056 3461 2265 3516 Timuit
2280 3462 2429 3517 enim
2449 3462 2727 3528 tribunus,
2755 3463 2956 3532 inquit,
2979 3461 3072 3517 ubi
3096 3460 3317 3516 rescivit
3335 3459 3483 3529 quod

1898 3557 2178 3613 Romanus
2197 3565 2363 3622 esset,
2400 3556 2506 3611 hoc
2529 3566 2615 3613 est
2645 3572 2711 3610 ex
2738 3571 2939 3625 genere
2974 3554 3243 3625 dignitate
3269 3553 3420 3607 claro
3508 3582 3519 3597 ο

2426 3646 2653 3707 CAPUT
2696 3650 2939 3704 XXXIII.

1897 3745 1975 3800 De
2000 3746 2079 3800 his
2118 3760 2238 3814 qua:
2270 3743 2473 3800 Paulus
2518 3745 2831 3799 descendens
2878 3746 2930 3797 in
2977 3743 3257 3797 concilium
3301 3758 3486 3809 passus

2216 3823 2313 3880 est,
2340 3824 2388 3869 et
2428 3823 2561 3869 recte
2590 3815 2686 3869 sibi
2714 3814 2991 3869 consulens
3020 3816 3166 3884 fecit.

1968 3906 2137 3974 XXII,
2181 3906 2286 3973 50;
2333 3906 2526 3971 XXIII,
2554 3907 2675 3961 1-5.
2713 3925 2731 3957 ι
2765 3907 2994 3962 Postero
3042 3915 3224 3961 autem
3269 3905 3357 3960 die
3393 3920 3487 3959 vo-

1906 4020 1924 4051 (
1960 4001 2080 4055 lens
2108 3997 2388 4069 quidpiam
2428 3996 2565 4053 certi
2602 4010 2954 4066 cognoscere,
2977 3994 3047 4049 ob
3070 4010 3233 4064 quam
3264 4009 3484 4049 causam

1907 4112 1925 4144 ι
1960 4098 2314 4147 accusaretur
2336 4105 2366 4145 a
2384 4088 2609 4152 Judazis,
2635 4088 2799 4143 solvit
2826 4102 2952 4142 cum
2974 4102 3004 4141 a
3031 4086 3285 4150 vinculis,
3302 4086 3485 4157 etjus-

1907 4203 1925 4235 ι
1965 4184 2035 4239 sit
2052 4182 2330 4253 principes
2349 4180 2694 4237 sacerdotum
2712 4178 3027 4244 convenire,
3051 4186 3335 4248 totumque
3353 4193 3486 4231 cou-

1908 4294 1926 4326 ι
1966 4273 2176 4340 cilium,
2202 4287 2265 4328 ac
2294 4271 2592 4326 deductum
2632 4269 2859 4325 Paulum
2886 4268 3115 4326 sistebat
3139 4283 3325 4323 coram
3353 4266 3482 4320 illis.

1908 4386 1926 4419 ι
1967 4366 2198 4422 Intentis
2236 4373 2418 4420 autem
2463 4363 2665 4418 Paulus
2721 4362 2776 4416 in
2804 4360 3103 4416 concilium
3151 4358 3346 4421 oculis,
3374 4357 3481 4412 ait:

1908 4478 1925 4511 ι
1965 4458 2079 4514 Viri
2118 4457 2336 4519 fratres,
2367 4470 2468 4525 ego
2503 4454 2651 4509 omni
2690 4452 3029 4519 conscientia
3068 4452 3211 4507 bona
3248 4465 3475 4505 conver-

1908 4568 1927 4601 ι
1969 4556 2119 4603 satus
2147 4562 2267 4602 sum
2294 4561 2487 4600 coram
2514 4545 2635 4599 Deo.
2660 4560 2830 4614 usque
2865 4543 2919 4597 in
2949 4542 3277 4597 hodiernum
3315 4541 3481 4594 diem.

222 4655 244 4687 ι
272 4635 506 4701 ἐπέταξε
537 4640 650 4704 τοῖς
678 4643 1026 4713 παρεστῶσιν
1058 4646 1225 4716 αὐτῷ,
1266 4648 1491 4704 τύπτειν
1520 4650 1685 4705 αὐτοῦ
1735 4653 1794 4706 τὸ

1910 4660 1926 4693 ι
1971 4638 2131 4710 164
2166 4637 2429 4707 Princeps
2455 4644 2638 4689 autem
2678 4635 3023 4689 sacerdotum
3058 4633 3301 4690 Ananias
3347 4646 3485 4700 prae-

226 4744 247 4777 ο
271 4726 471 4794 στόμα.
496 4728 629 4783 Τότε
650 4731 679 4783 6
707 4731 918 4796 Παῦλος
946 4735 1083 4805 πρὸς
1102 4735 1263 4791 αὑτὸν
1285 4733 1406 4791 εἶπε
1430 4752 1444 4768 ⁸
1477 4740 1713 4795 Τύπτειν
1738 4760 1797 4796 σε

217 4834 245 4863 ε
267 4818 503 4898 μέλλειρ
531 4820 685 4889 Θεὸς,
708 4826 854 4895 τοῖχε
887 4836 1258 4900 κεκονιαμένε.
1285 4831 1395 4884 Καὶ
1420 4832 1483 4886 σὺ
1508 4832 1648 4906 κάθῃ
1675 4835 1798 4907 κρί-

224 4936 243 4960 ι
265 4925 377 4961 νων
411 4927 480 4980 με
505 4912 647 4966 κατὰ
699 4915 790 4969 τὸν
818 4918 1004 4987 νόμον,
1046 4922 1139 4974 καὶ
1169 4922 1318 4993 παρὰ
1352 4924 1515 4994 νόμον
1557 4926 1799 4993 κελεύεις

223 5020 244 5054 ι
273 5019 345 5070 με
395 5002 721 5074 τύπτεσθαι;
761 5008 822 5061 Ol
856 5010 913 5063 δὲ
944 5014 1290 5085 παρεστῶτες
1336 5011 1489 5069 εἷπον
1512 5034 1523 5046 '
1566 5020 1668 5073 Τὸν
1700 5021 1798 5091 ἀρ-

224 5111 243 5143 ι
270 5094 461 5163 χτερέα
480 5094 572 5148 τοῦ
607 5096 742 5173 Θεοῦ
764 5099 1059 5170 λοιδορεῖς;
1099 5105 1243 5176 Ἐ’ρη
1274 5122 1331 5159 τε
1361 5106 1389 5157 6
1419 5107 1654 5172 Παῦλος·
1686 5111 1798 5165 Οὐκ

226 5184 448 5254 «ᾔδειν,
500 5187 740 5259 ἀδελφοὶ,
791 5191 873 5244 ὅτι
926 5194 1074 5245 ἐστὶν
1122 5195 1433 5265 ἀρχιερεύς.
1480 5183 1796 5268 Γέγραπται

226 5292 245 5324 ι
269 5276 377 5348 γάρ
399 5294 411 5309 ο
453 5277 723 5351 ’Ἄρχοντα
753 5280 847 5337 τοῦ
879 5282 1008 5340 λαοῦ
1037 5302 1130 5339 σου
1170 5286 1269 5341 οὐκ
1291 5288 1435 5357 ἐρεῖς
1464 5288 1666 5353 κακῶς.
1693 5310 1710 5341 ι

296 5575 317 5608 ι
346 5557 587 5612 Τύπτειν
620 5576 678 5611 σε
723 5560 907 5629 μέλλει
939 5563 966 5614 6
998 5562 1149 5625 Θεὸς,
1170 5564 1316 5633 τοῖχε
1361 5564 1736 5635 κεκονιαμένε.
1778 5586 1795 5617 ι

225 5648 411 5713 Ἀξιον
439 5650 675 5721 ζητῆσαι
704 5651 820 5717 πῶς
849 5653 877 5704 6
911 5652 1074 5717 αὐτὸς
1113 5654 1346 5726 ἀλλαχοῦ
1377 5656 1569 5721 εἰπὼν,
1590 5658 1803 5711 «Λοιδο-

224 5741 484 5811 Ροῦμενοι
519 5742 874 5814 εὐλογοῦμεν,
923 5745 1409 5817 βλασφημούμενοι
1444 5747 1803 5817 παρακαλοῦ-

227 5852 345 5906 μεν,
378 5852 397 5887 ι
458 5835 693 5890 ἐνταῦθα
723 5837 1054 5907 τούναντίον,
1104 5842 1160 5896 οὔ
1202 5842 1637 5913 μόνον).οιδ;ρεῖ,
1669 5843 1803 5897 ἀλλὰ
1915 5840 2150 5898 dicimus
2207 5856 2219 5892 :

293 5978 338 6008 "
360 5975 536 6032 Exod.
568 5992 696 6036 uti.
724 5975 819 6032 ‘28.

1915 4751 1931 4782 ι
1974 4730 2120 4799 cepit
2165 4727 2475 4784 astantibus
2524 4728 2652 4790 sibi,
2710 4736 2771 4781 ut
2815 4734 3169 4796 pereuterent
3211 4741 3273 4779 os
3345 4728 3484 4796 ejus.

1915 4843 1934 4875 ‹
1973 4823 2130 4876 Tunc
2157 4821 2359 4876 Paulus
2384 4819 2523 4875 dixit
2556 4818 2623 4875 ad
2651 4834 2777 4873 eum
2813 4836 2825 4870 :
2863 4819 3133 4871 Futurum
3160 4826 3245 4870 cst
3272 4828 3330 4871 ut
3359 4833 3484 4886 per-

1916 4933 1932 4964 ι
1972 4914 2145 4970 cutiat
2170 4920 2221 4967 te
2252 4913 2417 4977 Deus,
2454 4912 2633 4981 paries
2650 4910 2922 4965 dealbate.
2954 4910 3022 4963 Et
3062 4918 3117 4963 tu
3152 4911 3484 4981 scdesjudi-

1915 5026 1932 5056 ‹
1972 5022 2103 5062 cans
2117 5022 2202 5060 me
2219 5005 2522 5060 secundum
2542 5005 2737 5074 legem,
2755 5012 2808 5057 et
2828 5012 3015 5058 contra
3035 5003 3207 5075 legem
3221 5004 3384 5074 jubcs
3401 5014 3484 5059 me

1915 5117 1932 5148 ι
1975 5096 2229 5165 percuti?
2262 5095 2364 5161 Qui
2388 5103 2570 5149 autem
2609 5094 2885 5161 astabant,
2919 5094 3176 5149 dixerunt
3209 5113 3221 5149 :
3256 5095 3483 5151 Summo

1915 5210 1932 5240 ι
1974 5189 2242 5244 sacerdoti
2264 5186 2356 5242 Dei
2371 5186 2689 5241 maledicis?
2706 5180 3241 5243 Aitautem‘l’aulus:
3264 5187 3484 5242 Nescie-

1916 5303 1931 5333 ι
1970 5283 2118 5349 bum,
2162 5280 2377 5346 fratres,
2402 5279 2547 5350 quod
2585 5295 2833 5336 summus
2854 5281 3111 5336 sacerdos
3135 5289 3296 5335 esset.
3339 5279 3484 5336 Scri-

1915 5398 1930 5428 ι
1966 5384 2119 5446 ptqu
2153 5380 2237 5427 est
2280 5371 2427 5426 enim
2466 5391 2477 5425 :
2517 5370 2757 5441 Principi
2802 5371 2988 5441 populi
3040 5371 3114 5424 tui
3155 5387 3262 5425 non
3316 5371 3486 5425 male-

1912 5493 1928 5525 ι
1967 5469 2201 5525 dices“.
2240 5485 2257 5517 ι

1986 5586 2002 5615 ι
2039 5565 2305 5619 Futurum
2338 5568 2423 5615 est
2470 5567 2528 5613 ut
2573 5558 2845 5629 percutiat
2877 5566 2927 5612 lc
2963 5559 3125 5621 Deus,
3162 5555 3343 5628 paries
3384 5555 3481 5608 de-
3568 5573 3579 5585 ί

1906 5659 2106 5713 albate.
2194 5674 2211 5705 ι
2288 5653 2522 5723 Dignum
2607 5660 2691 5705 est
2760 5659 2819 5704 ut
2912 5651 3276 5720 inquiramus,
3345 5666 3481 5718 quo-

1907 5747 2071 5802 modo
2108 5761 2231 5800 eum
2270 5743 2396 5798 alibi
2440 5741 2642 5796 dixerit
2688 5757 2700 5794 :
2740 5760 2756 5791 ‹
2792 5740 2929 5795 Male
2976 5739 3284 5804 audientes,
3316 5738 3483 5793 bene-

2276 5833 2540 5892 conviciis
2594 5833 2798 5901 allecti,
2869 5831 3275 5887 obsecramus:
3333 5850 3349 5885 ι
3392 5830 3481 5887 hic
