4024 6544
347 466 419 532 77
1272 479 1655 544 COMMENT.
1703 481 1788 544 IN
1828 482 2022 542 ACTA
2056 479 2637 545 APOSTOLORUM.

3360 486 3369 498 “
3472 486 3580 550 278

320 597 339 629 ι
373 578 581 651 αὐτῶν,
631 582 911 638 ἐκέλευσε
938 583 1001 641 rb
1077 586 1392 659 στράτευμα
1445 591 1755 663 καταϐῆναι
1799 594 1889 646 καὶ

2005 612 2023 645 ‹
2059 601 2285 663 peretur
2311 591 2512 649 Paulus
2536 592 2604 648 ab
2634 590 2786 663 ipsis,
2812 590 2979 662 jussit
3012 591 3216 649 milites
3237 592 3581 654 descendere

320 693 338 726 ι
371 676 626 750 ἀρπάσαι
680 680 843 734 αὑτὸν
880 682 946 737 ἐκ
978 682 1143 755 μέσου
1177 685 1378 765 αὐτῶν,
1407 688 1561 757 ἄγειν
1599 706 1656 743 τε
1680 690 1759 754 είς
1793 690 1892 762 τὴν

320 784 340 818 ι
376 767 753 842 παρεμϐολήν.
782 771 862 844 Τῇ
888 771 946 825 δὲ
975 771 1206 846 ἐπιούσῃ
1235 776 1391 830 νυκτὶ
1421 777 1652 841 ὲπιστάς
1694 775 1844 849 αὐτῷ
1866 778 1894 830 δ

320 875 337 905 ο
370 857 599 931 Κύριος,
623 854 768 913 εἴπεο
798 859 1024 934 Θάρσει,
1061 863 1262 919 Παῦλε.
1309 864 1397 928 Ὠς
1414 864 1521 936 γὰρ
1544 867 1894 939 διεμαρτύρω

319 967 337 997 ι
377 948 447 1002 τὰ
478 951 612 1023 περὶ
637 950 770 1024 ἐμοῦ
803 953 884 1018 είς
915 953 1292 1028 Ἰερουσαλὴμ,
1320 955 1492 1022 οὕτως
1516 976 1574 1013 σε
1598 959 1790 1015 δεῖκαὶ
1815 960 1894 1021 είς

319 1059 337 1091 ι
376 1039 605 1114 Ῥώμην
640 1048 1016 1118 μαρτυρῆσαι.
1058 1066 1077 1099 ι

391 1151 411 1184 ι
444 1134 508 1186 Et
537 1134 594 1188 δὲ
615 1134 834 1206 πνεῦμα
850 1136 1109 1210 ἐλάλησεν
1136 1138 1335 1210 αὐτῷ.»
1364 1140 1541 1212 Διχῶς
1562 1140 1677 1196 ἔστι
1699 1143 1892 1214 νοῆσαι

309 1223 372 1275 τὸ
403 1225 719 1297 εἰρημένον.
761 1228 833 1281 Ἦ
865 1228 975 1301 γάρ
1003 1229 1179 1285 λείπει
1212 1248 1265 1285 τι
1297 1231 1448 1302 αὐτῷ
1479 1232 1614 1304 πρὸς
1649 1233 1894 1304 ἀναπλή-

309 1332 487 1385 ρωσιν
522 1315 615 1372 τοῦ
641 1319 933 1391 νοήματος,
992 1321 1078 1376 ἵνα
1170 1321 1364 1387 οὕτως’
1407 1324 1472 1377 Εἰ
1525 1325 1582 1380 δὲ
1610 1325 1827 1397 πνεῦμα
1857 1326 1891 1399 ἢ

307 1405 553 1474 ἄγγελος
597 1409 856 1483 ἐλάλησεν
896 1414 1063 1485 αὐτῷ,
1112 1414 1328 1486 ἄδηλον,
1362 1416 1547 1488 φησίν·
1608 1418 1641 1490 ἦ
1686 1420 1764 1484 ὡς
1788 1419 1895 1474 ἀπὸ

306 1498 424 1553 τῶν
452 1502 766 1572 Φαρισαίων
791 1505 851 1558 τὸ
880 1506 1032 1578 ῥῆμα
1066 1506 1308 1562 λεκτέονο
1344 1510 1404 1564 El
1430 1511 1487 1564 δὲ
1521 1509 1740 1581 πνεῦμα
1768 1511 1896 1567 ἐλά-

308 1588 480 1659 λησεν
514 1592 721 1667 αὐτῷῆ
765 1595 1017 1665 ἄγγελος,
1064 1598 1187 1652 ἀντὶ
1211 1598 1327 1666 τοῦ,
1359 1600 1490 1654 Ἰδοὺ
1526 1601 1593 1655 τὰ
1615 1602 1743 1674 περὶ
1767 1603 1897 1657 ἀνα-

311 1680 566 1747 στάσεως
592 1682 790 1750 λαλῶν,
816 1685 973 1758 δῆλός
1020 1689 1167 1744 ἐστιν
1198 1690 1229 1762 ἢ
1260 1691 1348 1745 διὰ
1373 1692 1689 1763 Πνεύματος
1714 1692 1894 1765 ἁγίου,

307 1772 344 1842 ἢ
376 1772 449 1826 δι’
480 1773 719 1845 ἀγγέλου
768 1779 1105 1851 κατηχηθεῖς
1156 1782 1249 1839 τὸν
1278 1782 1377 1855 τῆς
1411 1786 1762 1852 ἀναστάσεως
1805 1788 1896 1842 λό-

308 1877 436 1928 γον.

895 2047 1148 2105 ΚΕΦΔΛ.
1197 2002 1319 2106 AA".

303 2128 476 2220 Περὶ
484 2130 817 2220 ξξιϐουλῆς
842 2141 1276 2220 μελετωμένηςΔ
1288 2146 1409 2220 ὑπὸ
1425 2146 1730 2220 Ἰουδαίων
1745 2150 1898 2206 κατὰ

380 2202 655 2291 ρςιιξλευυ
715 2202 813 2261 κάλ
836 2202 1404 2291 ὶιῃνύετέιιέςῌᾶρεῆς
1450 2219 1601 2291 me
1626 2202 1893 2276 war:

380 2271 461 2360 ti:
480 2271 531 2340 ᾧ
557 2272 648 2358 δτι
669 2271 1062 2360 ,παρεπέμφθη
1095 2271 1395 2360 ῥ’Παῦλέςῖ
1427 2271 1896 2360 τιῖῖί

382 2344 755 2464 Ιιὲαισάρειαν
803 2344 960 2417 μετά
1019 2344 1401 2411 ἁτοατιωτῶὶο
1464 2344 1570 2414 5ιαὶ
1585 2344 1597 2360 ’
1628 2344 1895 2421 raedae:

382 2427 419 2464 τ
452 2430 558 2464 ων.

382 2427 558 2470 τεων.

386 2521 409 2553 ι
446 2504 755 2581 Γένομενης
802 2509 859 2565 δὲ
892 2512 1127 2586 ἡμέρας,
1193 2518 1523 2592 ποιήσαντές
1579 2539 1725 2589 τινες
1786 2525 1896 2580 τῶν

308 2613 330 2645 ι
383 2594 661 2654 Ἰουδαίων
706 2606 1038 2677 συστροφὴν,
1070 2608 1474 2682 ἀνεθεμάτισαν
1533 2615 1780 2684 ἑαυτοὺς,
1802 2618 1893 2673 λέ-

307 2704 331 2737 c
370 2703 566 2757 γοντες
586 2731 603 2760 ,
634 2693 775 2765 μήτε
809 2698 1027 2766 φαγεῖν,
1060 2700 1199 2772 μήτε
1227 2704 1390 2770 πιεῖν,
1423 2704 1527 2770 ἕως
1549 2700 1609 2761 οὗ
1634 2709 1894 2764 ἀποκτεί-

308 2797 331 2831 σ
360 2796 504 2835 νωσι
527 2784 619 2837 τὸν
644 2785 879 2843 Παῦλον.
895 2788 1078 2846 Ἦσαν
1099 2791 1156 2846 δὲ
1178 2793 1395 2861 πλείους
1416 2799 1826 2873 τεσσαράκοντα
1844 2806 1892 2859 οί

309 2888 332 2920 σ
364 2872 576 2946 ταύτην
627 2876 727 2949 τὴν
793 2882 1137 2952 συνωμοσίαν
1218 2872 1601 2959 πεποιηκότες,
1683 2893 1894 2960 Οίτινες

309 2980 332 3013 σ
368 2967 761 3068 προσελθόντες
784 2973 930 3068 ’τοῖς
964 2975 1280 3068 ἀρχιερεῦσι
1316 2980 1411 3033 καὶ
1454 2983 1567 3048 τοῖς
1590 2985 1893 3055 πρεσϐυτέ-

309 3074 333 3104 σ
378 3072 497 3125 ροις
553 3055 736 3116 εἶπονο
784 3055 1110 3138 Ἀναθέματι
1149 3070 1628 3146 ἀνεθεματίσαμεν
1664 3079 1892 3145 ἑαυτοὺς

307 3165 332 3197 ι
368 3148 600 3219 μηδενὸς
631 3155 928 3223 γεύσασθαι
957 3159 1063 3223 ἕως
1081 3155 1144 3216 οὗ
1178 3165 1591 3239 ἀποκτείνωμεν
1619 3170 1711 3225 τὸν
1742 3172 1895 3228 Παῦ-

2006 703 2024 735 ‹
2057 692 2113 740 et
2150 699 2345 756 rapere
2368 701 2493 740 eum
2519 684 2587 739 de
2611 682 2792 742 medio
2810 699 3034 763 eorum,
3058 700 3121 742 ac
3150 685 3425 744 deducere
3454 705 3579 745 eum

2006 793 2025 828 ι
2065 776 2120 830 in
2160 786 2358 831 castra.
2396 776 2661 847 Sequenti
2708 793 2839 833 vero
2870 788 3030 833 nocte
3079 777 3344 835 assistens
3379 780 3429 836 ei
3477 781 3582 836 Do-

2005 886 2024 918 ι
2064 868 2249 924 minus
2285 870 2360 925 ait
2403 885 2417 923 :
2452 870 2604 924 Bono
2653 871 2837 926 animo
2864 880 3003 937 esto,
3038 870 3205 927 Paule
3253 890 3267 927 :
3318 882 3379 928 ut
3432 873 3580 929 enim

2005 983 2023 1015 ι
2061 962 2387 1019 testiﬁcatus
2430 979 2491 1021 es
2517 963 2584 1019 de
2615 981 2702 1021 me
2743 965 3123 1038 Jerosolymis,
3162 967 3241 1022 sic
3268 975 3320 1022 te
3362 977 3583 1040 oportet

2004 1072 2023 1104 ι
2067 1062 2122 1108 et
2151 1053 2337 1109 Roma:
2362 1054 2667 1111 testiﬁcari.
2702 1074 2722 1108 ι

2075 1167 2093 1198 ι
2131 1145 2189 1203 Si
2245 1157 2427 1202 autem
2486 1149 2716 1220 spiritus
2763 1151 2985 1207 locutus
3033 1160 3119 1210 est
3167 1153 3237 1209 ei.
3297 1176 3314 1205 ι
3365 1155 3579 1227 Duplici

1997 1237 2160 1294 modo
2194 1239 2429 1313 intelligi
2481 1250 2663 1313 potest
2706 1244 2852 1314 quod
2892 1244 3100 1300 dictum
3138 1254 3243 1303 est.
3281 1248 3390 1302 Aut
3431 1248 3578 1302 enim

1996 1330 2152 1389 deest
2185 1333 2470 1404 quidpiam
2516 1335 2584 1390 ad
2625 1336 2913 1393 sententia:
2957 1338 3345 1409 expletionem,
3396 1351 3457 1396 ut
3504 1343 3579 1396 ita

1996 1421 2214 1479 dicatur
2242 1441 2259 1480 :
2289 1425 2449 1498 166
2483 1425 2540 1482 Si
2570 1436 2753 1484 autem
2787 1427 3026 1500 Spiritus
3040 1441 3134 1485 aut
3165 1429 3392 1503 angelus
3424 1433 3579 1489 locuo

1998 1524 2088 1570 tus
2140 1524 2225 1572 est
2271 1518 2348 1583 ei,
2380 1518 2655 1576 incertum
2696 1530 2799 1588 est,
2858 1522 3056 1594 inquit.
3088 1523 3198 1579 Ant
3246 1533 3505 1596 tanquam
3549 1542 3581 1581 a

1996 1606 2294 1666 Pbarisaeis
2338 1611 2631 1669 dicendum
2677 1625 2764 1670 est
2806 1630 2927 1672 esse
2964 1614 3198 1671 verbum
3230 1617 3344 1673 :.Si
3394 1626 3579 1677 autem

1999 1699 2228 1772 spiritus
2268 1703 2354 1758 vel
2386 1705 2635 1776 angelus,
2669 1705 2895 1775 locutus‘
2914 1716 2999 1763 est
3026 1706 3078 1763 ei
3113 1725 3127 1763 :
3162 1707 3268 1763 hoc
3301 1718 3405 1774 est,
3438 1710 3581 1766 Ecce

1998 1807 2120 1862 qua:
2165 1796 2234 1849 de
2288 1797 2696 1854 resurrectione
2757 1798 3006 1869 loquitur
3069 1800 3422 1857 manifestum
3469 1810 3577 1866 est,

1999 1883 2148 1953 quod
2182 1896 2278 1941 aut
2305 1902 2406 1958 per
2441 1888 2709 1959 Spiritum
2745 1898 3020 1959 sanctum,
3053 1901 3150 1947 aut
3188 1908 3290 1964 per
3322 1893 3579 1965 angelum

1998 1972 2252 2030 eruditus
2285 1978 2357 2033 sit
2389 1978 2814 2034 resurrectionis
2850 1995 3187 2037 sermonem.
3391 1998 3399 2004 '

2525 2069 2751 2127 CAPUT
2792 2071 3031 2130 XXXIV.

1997 2158 2297 2252 Dejnﬁidi‘is
2324 2159 2498 2252 Ρᾳιιίο
2534 2163 2806 2246 intentatis
2836 2182 2867 2218 a
2897 2164 3115 2252 Iudicis,
3158 2174 3206 2252 et
3238 2168 3375 2252 quod
3409 2168 3577 2252 Lysia:

2066 2231 2316 2303 indigam;
2341 2232 2446 2303 sint
2480 2249 2498 2287 :
2534 2233 2588 2286 in
2629 2250 2731 2303 quo
2766 2244 3026 2288 narratur
3057 2237 3198 2303 quod
3238 2231 3577 2292 transmissus

2066 2301 2134 2422 si;
2164 2300 2366 2425 Ραίιίίιιε
2404 2300 2707 2358 Cwsaredm
2738 2305 2808 2358 ad
2850 2300 3125 2374 pra'sidein
3162 2321 3281 2361 cum
3326 2307 3577 2362 militibus

2068 2386 2096 2423 e
2147 2386 2230 2425 scr
2285 2388 2350 2425 ιε.

2068 2386 2119 2423 ει
2147 2386 2350 2426 δεηοιε.

2068 2525 2259 2591 XXIII,
2296 2528 2480 2585 12-55.
2522 2549 2541 2582 ι
2578 2530 2743 2587 Facto
2774 2542 2958 2588 autem
3000 2533 3110 2599 die,
3147 2535 3489 2608 collegerunt
3517 2553 3576 2594 se

2004 2638 2021 2669 ι
2056 2618 2280 2690 quidam
2331 2636 2399 2676 ex
2442 2621 2667 2691 ludatis,
2711 2632 2768 2680 et
2804 2623 3149 2682 devoverunt
3176 2629 3271 2698 ﬁse,
3303 2628 3574 2698 dicentes,

2002 2730 2020 2761 ι
2063 2726 2243 2782 neque
2277 2728 2472 2770 esuros
2501 2730 2581 2782 se,
2610 2730 2788 2787 neque
2823 2716 3119 2786 bibituros,
3152 2719 3329 2778 donec
3356 2723 3577 2779 occide-

2003 2822 2020 2854 ι
2059 2811 2184 2858 rent
2217 2803 2472 2861 Paulum.
2508 2806 2678 2863 Erant
2707 2820 2893 2866 autem
2926 2811 3116 2883 plures
3144 2829 3312 2885 quam
3333 2816 3573 2887 quadra-

2004 2916 2020 2947 ι
2059 2896 2209 2968 ginta
2241 2897 2344 2953 viri
2384 2898 2480 2969 qui
2516 2899 2659 2956 hanc
2697 2902 3133 2973 conjurationem
3158 2904 3405 2962 fecerant
3434 2926 3450 2977 γε
3477 2908 3573 2978 qui

2004 3004 2021 3035 ι
2067 2996 2418 3043 accesserunt
2442 2988 2508 3043 ad
2535 2988 2817 3062 principes
2840 2992 3188 3048 sacerdotum
3212 3008 3277 3049 ac
3293 2994 3568 3059 seniores,

2002 3096 2020 3127 ι
2055 3087 2111 3132 et
2167 3077 2478 3135 dixerunt:
2530 3081 2832 3137 Devotione
2899 3083 3221 3140 devovimus
3279 3101 3381 3143 nos
3433 3086 3573 3141 nihil

2003 3188 2021 3219 ‹
2062 3177 2380 3240 gustaturos
2422 3171 2598 3228 donec
2644 3174 2959 3231 oceidamus
2980 3176 3233 3231 Paulum.
3262 3177 3420 3233 Nunc
3441 3192 3572 3249 ergo

310 3257 331 3290 ς
367 3240 485 3343 lo‘v.
513 3242 626 3298 Νῦν
654 3245 748 3300 οῦν
778 3248 936 3319 ὑμεῖς
975 3252 1317 3323 ἐμφανίσατε
1365 3257 1443 3331 τῷ
1482 3260 1747 3336 χιλιάρχῳ
1797 3265 1889 3320 καὶ

2005 3281 2023 3313 ι
2064 3276 2164 3318 vos
2190 3263 2496 3335 signiﬁcate
2541 3266 2764 3322 tribuno
2801 3275 2855 3322 et
2894 3267 3149 3335 concilio,
3190 3279 3249 3325 ut
3294 3285 3415 3324 cras
3444 3285 3575 3340 pro-

310 3349 334 3383 ι
486 3337 768 3412 συνεδρίῳ,
804 3341 953 3407 ὅπως
981 3342 1172 3415 αὔριον
1202 3347 1364 3402 αὐτὸν
1415 3332 1730 3428 καταγάγγγ
1753 3358 1890 3428 πρὸς

309 3445 331 3477 ι
367 3426 539 3521 ἡμεῖς,
560 3428 637 3493 ὡς
664 3431 963 3502 μέλλοντας
991 3436 1370 3508 διαγινώσκειν
1402 3426 1892 3521 ἀκριϐέστεροντά

314 3536 333 3570 ι
366 3519 499 3589 περὶ
536 3521 722 3578 αὑτοῦ.
788 3524 983 3598 Ἡμεῖς
1029 3529 1087 3583 δὲ
1124 3531 1232 3604 πρὸ
1278 3533 1371 3588 τοῦ
1424 3538 1647 3606 ἐγγίσαι
1702 3519 1887 3609 αὐτὸν,

309 3628 332 3661 ε
365 3610 582 3681 ἕτοιμοί
612 3615 780 3686 ὲσμεν
817 3618 912 3672 τοῦ
968 3621 1179 3677 ἀνελεῖν
1213 3625 1397 3682 αὐτόν.
1443 3630 1710 3696 Ἀκούσας
1756 3634 1814 3689 δὲ
1863 3638 1892 3690 δ

312 3720 336 3756 ε
369 3702 488 3768 υίὸς
512 3706 610 3778 τῆς
640 3708 877 3784 ἀδελφῆς
905 3712 1118 3769 Παύλου
1144 3716 1205 3770 τὺ
1238 3717 1471 3791 ἔνεδρον,
1508 3726 1892 3798 παραγενόμε-

308 3814 330 3849 ‹
364 3813 457 3890 νος
490 3802 585 3854 καὶ
623 3803 881 3859 εἰσελθὼν
910 3807 990 3871 είς
1018 3809 1118 3881 τὴν
1167 3813 1546 3886 παρεμϐολὴν,
1584 3818 1889 3890 ἀπήγγειλε

309 3906 331 3939 ι
361 3889 441 3959 τῷ
469 3893 689 3967 Παύλῳ.
725 3896 1243 3974 Προσκαλεσάμενος
1281 3905 1337 3959 δὲ
1367 3908 1395 3959 ὁ
1420 3906 1632 3971 Παῦλος
1662 3889 1757 3965 ἕνα
1780 3911 1890 3967 τῶν

308 4000 330 4031 ι
365 3981 804 4058 ἑκατοντάρχων,
837 3990 970 4063 ἔφη·
1003 3994 1106 4047 Τὸν
1144 3997 1363 4053 νεανίαν
1399 3999 1589 4054 τοῦτον
1633 4003 1888 4075 ἀπάγαγε

308 4094 330 4126 ι
366 4076 507 4168 πρὸς
532 4078 625 4132 τὸν
651 4083 947 4155 χιλίαρχον·
975 4086 1088 4158 ἔχει
1115 4089 1224 4161 γάρ
1250 4107 1304 4144 τι
1343 4092 1675 4164 ἀπαγγεῖλαι
1717 4097 1885 4168 αὐτῷ.

307 4184 331 4219 ε
463 4170 563 4238 μὲν
595 4168 689 4226 οὖν
727 4176 1061 4246 παραλαϐὼν
1093 4180 1252 4235 αὐτὸν
1282 4183 1460 4254 ἤγαγε
1493 4187 1632 4257 πρδν
1676 4188 1768 4243 τὸν
1806 4167 1890 4262 χι·-

312 4275 332 4307 ι
367 4257 613 4351 λίαρχον,
650 4264 745 4318 καί
775 4283 969 4338 φησιν·
1014 4269 1071 4324 '0
1121 4271 1343 4343 δέσμιος
1373 4274 1587 4341 Παῦλος
1642 4257 1882 4351 προσκα·

310 4368 331 4399 ι
366 4350 671 4421 λεσάμενός
704 4373 794 4426 με,
857 4359 1111 4433 ἠρώτησε
1138 4363 1327 4419 τοῦτον
1376 4366 1469 4421 τὸν
1504 4350 1724 4425 νεανίαν
1753 4374 1891 4441 ἀγα-

309 4460 331 4493 ι
365 4444 487 4536 γεῖν
521 4446 658 4517 πρὸς
689 4449 750 4501 σὲ
777 4449 970 4521 ἔχοντά
997 4471 1051 4508 τι
1078 4455 1310 4528 λαλῆσαί
1347 4476 1449 4515 σοι.
1470 4461 1889 4536 Ἑπιλαϐόμενος

312 4553 332 4586 ι
361 4535 418 4589 δὲ
441 4536 554 4629 τῆς.
568 4541 749 4629 χειρὸς
785 4544 949 4599 αὐτοῦ
975 4547 1004 4599 ὁ
1053 4548 1364 4621 χιλίαρχος,
1402 4554 1497 4607 καὶ
1527 4556 1890 4629 ἀναχωρήσας

1999 3374 2016 3405 ι
2054 3352 2219 3409 ducat
2248 3353 2404 3410 illum
2430 3355 2498 3411 ad
2528 3372 2650 3424 nos,
2687 3365 2945 3430 tanquam
2973 3359 3178 3439 aliquid
3231 3361 3436 3417 certius
3478 3377 3572 3417 co-

1999 3466 2017 3497 ι
2057 3447 2310 3517 gnituros
2336 3450 2404 3506 de
2455 3466 2542 3507 eo.
2573 3451 2685 3509 Nos
2727 3470 2861 3511 vero
2911 3453 3227 3525 priusquam
3269 3457 3569 3528 appropin-

1999 3557 2017 3587 ¢
2055 3546 2207 3608 quet,
2235 3542 2410 3611 parati
2436 3558 2625 3599 sumus
2664 3543 2973 3601 interﬁcere
2998 3548 3173 3602 illum.
3195 3546 3443 3619 Cumque
3469 3565 3569 3603 au-

1999 3648 2017 3680 ι
2053 3628 2224 3687 disset
2258 3632 2404 3689 ﬁlius
2449 3635 2657 3693 sororis
2707 3637 2861 3694 Pauli
2908 3638 3159 3705 insidias,
3198 3640 3347 3698 venit
3390 3650 3446 3697 et
3484 3642 3573 3699 in.

2000 3738 2017 3770 ι
2058 3720 2222 3776 travit
2302 3732 2506 3792 castra,
2592 3726 2981 3801 nuntiavitque
3043 3730 3232 3785 Paulo.
3288 3720 3572 3786 Accersito

2000 3833 2016 3865 ι
2055 3824 2239 3870 autem
2276 3816 2476 3873 Paulus
2520 3818 2589 3873 ad
2629 3835 2689 3874 se
2726 3835 2838 3875 uno
2889 3836 2957 3875 ex
2991 3822 3412 3879 centurionibus
3451 3823 3571 3878 ait:

1998 3925 2016 3956 ι
2056 3906 2473 3964 Adolescentem
2513 3910 2664 3966 hunc
2710 3911 2888 3968 abduc
2938 3912 3006 3968 ad
3053 3914 3359 3983 tribunum,
3405 3898 3575 3972 habet

1998 4017 2015 4048 ι
2052 3998 2199 4054 enim
2227 3998 2372 4069 quod
2404 4002 2683 4057 renuntiet
2710 4002 2808 4057 illi.
2836 4002 2905 4059 Et
2927 4003 3019 4060 ille
3042 4006 3266 4075 quidem
3285 4022 3574 4064 assumens

1999 4110 2016 4140 ι
2052 4105 2179 4146 eum
2215 4091 2372 4146 duxit
2418 4093 2482 4147 ad
2517 4092 2821 4156 tribunum,
2850 4104 2904 4149 et
2932 4095 3009 4150 ait
3041 4116 3054 4152 :
3096 4098 3324 4155 Vinctus
3370 4100 3575 4157 Paulus

1997 4202 2014 4232 ι
2058 4183 2384 4239 accersitum
2408 4199 2494 4240 me
2512 4186 2740 4256 rogavit,
2768 4194 2826 4240 ut
2850 4186 2994 4242 hunc
3019 4187 3421 4244 adolescentem
3444 4206 3565 4262 per-

1999 4295 2018 4328 ‹
2057 4276 2316 4333 ducerem
2352 4276 2419 4332 ad
2457 4287 2509 4333 te
2539 4277 2832 4335 habentem
2881 4279 3087 4350 aliquid
3120 4280 3269 4352 quod
3310 4283 3569 4353 loquatur

2000 4386 2019 4420 ι
2054 4368 2174 4423 tibi.
2229 4369 2588 4439 Apprehensa
2652 4382 2837 4426 autem
2881 4372 3138 4428 tribunus
3184 4388 3353 4429 manu
3396 4374 3567 4442 illius,

2000 4481 2018 4513 ι
2059 4462 2290 4517 secessit
2314 4478 2438 4518 cum
2462 4480 2529 4520 eo
2556 4465 2783 4519 seorsim
2808 4476 2863 4520 et
2884 4475 3240 4536 percontatus
3261 4477 3348 4523 est
3372 4468 3523 4523 illum
3552 4486 3565 4521 :

2003 4573 2021 4605 ι
2061 4551 2202 4620 Quid
2230 4555 2484 4625 estquod
2521 4556 2692 4611 habes
2718 4556 3141 4629 signiﬁcandum
3176 4559 3310 4615 mihi
3332 4560 3354 4613 ?
3375 4561 3446 4614 At
3479 4560 3571 4616 ille

310 4638 332 4672 ι
367 4625 490 4676 κατ’
512 4625 1025 4702 ὶδὶαν,ὲπυνθάνετο,
1052 4636 1117 4689 Τί
1148 4640 1294 4693 ἐστιν
1323 4640 1351 4694 ὃ
1380 4640 1525 4713 ἔχεις
1553 4625 1883 4715 ἀπαγγεῖλαί

2002 4650 2029 4696 ι’
2050 4646 2187 4701 dixit
2218 4664 2232 4700 :
2261 4646 2418 4718 167
2444 4647 2618 4703 Judaei
2647 4625 3056 4705 constituerunt
3096 4651 3176 4706 nti
3202 4660 3458 4722 rogarent
3493 4662 3566 4719 te,

310 4732 332 4765 ι
365 4732 483 4813 μοι.
530 4716 667 4813 Eine
687 4721 765 4788 δὲ,
786 4723 875 4813 ὅτι
896 4727 945 4779 οί
973 4728 1216 4785 Ἰουδαῖοι
1252 4734 1538 4790 συνέθεντο
1559 4737 1653 4791 τοῦ
1679 4741 1886 4813 ἐρωτῆ-

312 4824 333 4857 ι
368 4805 464 4903 σαι
493 4810 772 4903 σε,ῌὸπως
815 4812 1004 4886 αὔριον
1059 4821 1139 4884 είς
1169 4821 1228 4875 τὸ
1260 4824 1535 4896 συνέδριον
1566 4805 1886 4903 mra-ydng

311 4916 334 4949 ι
488 4900 725 4994 Παῦλον,
775 4903 850 4970 ὡς
882 4909 1173 4979 μέλλοντες
1220 4931 1272 4968 τι
1324 4916 1716 4994 ἀκριϐέστερον
1751 4898 1885 4979 πυν-

312 5008 334 5042 ε
363 4989 625 5047 θάνεσθαι
648 4997 780 5067 περ)⁵
804 4999 992 5057 αὐτοῦ.
1026 5002 1099 5055 Σὺ
1152 5004 1247 5058 οὖν
1280 5006 1355 5078 μὴ
1406 4989 1637 5082 πεισθῇς
1678 5014 1882 5079 αὐτοῖς.

311 5098 332 5132 ι
375 5082 752 5154 Ἑνεδρεύουσι
785 5088 895 5162 γὰρ
925 5090 1089 5147 αὑτὸν
1122 5095 1180 5162 ἐξ
1209 5096 1390 5151 αὐτῶν
1441 5098 1634 5172 ἄνδρες
1664 5103 1886 5170 πλείους

308 5193 332 5226 σ
358 5179 804 5254 τεσσαράκοντα,
821 5182 1015 5249 οἵτινες
1045 5186 1440 5259 ἀνεθεμάτισαν
1463 5194 1691 5260 ἑαυτοὺς
1745 5198 1884 5267 μήτε

310 5288 329 5320 ι
362 5272 561 5338 φαγεῖν
621 5273 757 5343 μήτε
792 5279 936 5331 πιεῖν
979 5277 1084 5342 ἓως
1137 5274 1198 5335 οὗ
1232 5282 1496 5339 ἀνέλωσιν
1542 5288 1738 5343 αὐτόν’
1788 5291 1884 5347 καὶ

307 5380 327 5410 ι
360 5360 458 5452 νῦν
488 5361 701 5432 ἕτοιμοί
723 5367 828 5420 είσι
858 5370 1285 5443 προσδεχόμενοι
1326 5377 1423 5448 τὴν
1446 5380 1553 5434 ἀπὸ
1588 5380 1684 5435 σοῦ
1717 5383 1883 5452 ὲπαγ-

310 5469 329 5501 ι
356 5450 569 5519 γελίαν.
612 5452 669 5507 '0
697 5454 799 5525 μὲν
822 5456 914 5511 οὖν
939 5459 1217 5533 χιλίαρχος
1245 5466 1483 5522 ἀπέλυσε
1515 5470 1608 5524 τὸν
1638 5450 1884 5538 νεανίαν,

307 5560 325 5592 ι
358 5545 740 5615 παραγγείλας
779 5550 970 5621 μηδενὶ
999 5554 1326 5627 ἐκλαλῆσαι,
1364 5560 1448 5614 ὃτι
1479 5563 1654 5619 ταῦτα
1682 5567 1881 5636 ἐνεφά-

306 5652 325 5685 ι
358 5653 516 5701 νισας
552 5639 691 5709 πρός
733 5657 823 5709 με.
852 5644 965 5696 Καὶ
1015 5649 1533 5721 προσκαλεσάμενος
1587 5654 1681 5709 δύο
1724 5660 1881 5725 τινάς

304 5744 323 5777 ι
348 5726 459 5780 τῶν
490 5728 931 5802 ἑκατοντάρχων,
950 5729 1133 5791 εἶπενο
1163 5739 1522 5812 Ἑτοιμάσατε
1542 5747 1881 5817 στρατιώτας

304 5840 320 5871 ι
346 5818 682 5887 διακοσίους,
711 5823 857 5889 ὅπως
887 5830 1230 5899 πορευθῶσιν
1256 5833 1359 5898 ἕως
1382 5837 1744 5908 Καισαρείας,
1788 5843 1881 5896 καὶ

308 5930 325 5963 ι
358 5912 550 5979 ἱππεῖς
583 5914 977 5990 ἑϐδομήκοντα,
1012 5922 1104 5978 καὶ
1150 5924 1491 5994 δεξιολάϐους
1547 5929 1877 6000 διακοσίους,

2001 4757 2019 4789 ι
2052 4747 2113 4793 ut
2139 4739 2384 4794 crastino
2449 4740 2539 4796 die
2591 4741 2794 4797 educas
2850 4740 3079 4797 Paulum
3132 4743 3187 4797 in
3245 4744 3564 4811 concilium,

2000 4847 2018 4880 ι
2050 4830 2207 4900 quasi
2237 4831 2446 4902 aliquid
2482 4832 2691 4889 certius
2735 4833 3053 4903 inquisituri
3098 4835 3209 4889 sint
3238 4834 3303 4890 de
3338 4834 3452 4890 illo.
3484 4836 3565 4892 Tu

2000 4936 2019 4969 ι
2059 4934 2191 4974 vero
2227 4935 2298 4975 ne
2347 4921 2736 4990 persuadearis
2779 4921 2849 4975 ab
2886 4921 2989 4977 eis.
3030 4922 3365 4978 lnsidiantur
3414 4924 3565 4979 enim

2000 5030 2018 5061 ι
2060 5011 2138 5066 illi
2169 5027 2238 5067 ex
2276 5012 2357 5068 eis
2398 5012 2503 5067 viri
2549 5013 2737 5084 plures
2783 5013 3167 5085 quadraginta,
3207 5014 3301 5086 qui
3352 5015 3565 5087 seipsos

2003 5123 2021 5156 ι
2061 5104 2407 5160 devoverunt
2446 5120 2516 5161 ne
2559 5105 2648 5161 vel
2678 5105 2866 5173 edant,
2900 5108 2987 5162 vel
3033 5107 3227 5163 bibant
3269 5108 3447 5165 donec
3477 5109 3565 5164 in-

1997 5214 2016 5246 ι
2057 5197 2331 5252 terﬁciant
2375 5197 2527 5251 illum
2573 5214 2587 5250 :
2639 5207 2696 5254 et
2740 5214 2888 5255 nunc
2958 5199 3137 5269 parati
3196 5208 3323 5255 sunt
3371 5215 3565 5270 exspe-

1995 5307 2013 5339 ι
2052 5298 2265 5344 ctantes
2293 5298 2351 5344 ut
2374 5290 2679 5359 promittas.
2708 5289 2986 5346 Tribunus
3014 5290 3178 5369 igitur
3199 5291 3407 5347 dimisit
3429 5294 3562 5347 ado-

1997 5399 2013 5430 ι
2053 5380 2376 5447 lescentem,
2437 5382 2811 5454 praecepitque
2866 5382 2915 5438 ei
2972 5398 2985 5436 :
3047 5382 3127 5437 Ne
3182 5382 3273 5437 cui
3318 5382 3559 5447 eﬁ‘utias,

1994 5489 2012 5522 ι
2059 5471 2337 5542 inquiens,
2377 5475 2522 5542 quod
2560 5473 2676 5528 haec
2722 5473 3053 5527 iudicaveris
3085 5473 3239 5527 mihi.
3274 5472 3340 5528 Et
3371 5489 3560 5528 accer-

1995 5579 2014 5611 ‹
2053 5560 2173 5615 sitis
2222 5559 2438 5615 duobus
2474 5556 2802 5631 quibusdam
2860 5561 3300 5623 centurionibus,
3357 5562 3491 5615 dixit
3546 5579 3559 5615 :

1994 5672 2013 5704 ι
2054 5650 2246 5707 Parate
2285 5652 2490 5706 milites
2549 5652 2815 5707 ducentos
2858 5658 2918 5705 nt
2956 5659 3083 5705 eant
3132 5651 3455 5714 Caesaream,
3507 5661 3563 5705 et

1996 5764 2013 5797 ι
2051 5746 2268 5816 equites
2317 5744 2682 5816 septuaginta,
2746 5753 2800 5799 et
2847 5743 3154 5797 lancearios
3206 5743 3473 5797 ducentos
3529 5761 3558 5796 a

1994 5861 2012 5893 ι
2051 5840 2211 5896 tertia
2255 5839 2388 5893 hora
2428 5837 2609 5893 noctis
2646 5856 2660 5891 :
2705 5845 2759 5891 et
2785 5838 3033 5907 jnmenta
3066 5835 3323 5905 prmbete.
3364 5844 3423 5889 ut
3453 5837 3556 5890 im—

1996 5954 2010 5987 ι
2046 5934 2286 6003 positum
2330 5932 2558 5987 Paulum
2601 5930 2810 5986 salvum
2860 5928 3159 5999 perducant
3202 5929 3269 5986 ad
3317 5928 3554 5986 Felicem
