4024 6542
509 426 621 494 279
1574 420 1907 485 (ECUMEN
1919 420 1977 480 ll
2006 414 2298 481 'l'RlCCJ‘.I
2330 414 2673 478 EPISCOPI
3656 406 3751 475 280

513 547 532 577 '
577 538 887 612 praesidem,
915 537 1137 609 scriptis
1161 536 1358 595 litteris
1388 537 1442 593 in
1471 537 1612 593 hanc
1630 536 1861 592 formam
1892 534 2094 592 :Clau-

2251 531 2360 587 άπὸ
2381 529 2572 601 τρίτης
2594 526 2743 599 ὧρας
2764 523 2863 595 τῆς
2879 520 3092 588 νυκτὸς,
3116 519 3292 592 κτήνη
3309 534 3369 612 τε
3388 517 3747 590 παραστῆσαι,

516 651 539 686 ι
576 610 704 688 dius
728 630 925 703 Lysias
947 630 1180 687 maxime
1207 637 1435 686 strenuo
1473 629 1692 700 praesidi
1718 627 1888 685 Felici
1933 627 2085 683 salu-

2252 624 2340 679 ἵνα
2358 619 2778 682 ἐπιϐιϐάσαντες
2808 616 2900 671 τὸν
2929 614 3140 669 Παῦλον
3169 611 3476 668 διασώσωσι
3507 610 3639 681 πρὸς
3655 613 3749 681 Φή-

518 743 537 773 :
574 733 707 780 tem.
731 701 924 780 Virum
973 722 1121 780 hunc
1153 722 1613 793 comprehensum
1644 737 1675 777 a
1711 719 1940 786 Judzeis,
1964 735 2089 775 cum

2244 714 2371 768 λικα
2404 712 2497 767 τόν
2523 709 2787 783 ἡγεμόνα,
2841 705 3057 778 γράψας
3086 702 3375 774 ἐπιστολὴν
3406 701 3750 775 περιέχουσαν

520 833 543 869 ι
570 814 682 886 iam
730 819 878 871 esset
915 812 985 869 ab
1034 812 1118 871 eis
1160 792 1577 870 interﬁciendos
1610 852 1625 879 ,
1688 810 2093 883 superveniens

2248 806 2338 860 τὸν
2378 804 2548 859 τύπον
2580 801 2791 856 τοῦτον·
2828 798 3097 862 Κλαύδιος
3129 795 3337 859 Λυσίας
3367 794 3447 865 τῷ
3487 792 3751 864 κρατίστῳ

523 927 541 959 ‹
573 883 707 960 ⁷(ιιιιη
769 904 1018 962 exercitu
1089 904 1295 978 eripui,
1347 905 1569 975 cognito
1612 903 1760 976 quod
1814 903 2097 962 Romanus

2251 895 2477 969 ἡγεμόνι
2504 894 2699 967 Φήλικι
2730 893 2964 965 χαίρειν.
2986 890 3091 945 Τὸν
3136 889 3309 978 ἄνδρα
3331 884 3546 978 τοῦτον-
3569 883 3751 978 συλλη-

520 1017 537 1048 ι
578 1003 724 1053 esset
757 1013 772 1051 :
806 995 1108 1066 volensque
1132 974 1277 1051 scire
1319 974 1540 1051 cansam
1571 974 1644 1050 ob
1682 1009 1845 1065 quam
1870 1007 2097 1050 accusa-

2254 987 2456 1057 φθέντα
2490 984 2596 1039 ὑπὸ
2623 984 2733 1038 τῶν
2771 980 3062 1045 Ἰουδαίων,
3096 978 3193 1033 καὶ
3228 975 3493 1048 μέλλοντα
3524 974 3752 1066 ἀναιρεϊο

521 1107 540 1138 ι
577 1096 701 1142 rent
743 1086 923 1153 illum,
970 1085 1173 1142 deduxi
1214 1101 1343 1142 eum
1391 1085 1447 1141 in
1488 1062 1786 1141 concilium
1824 1083 2093 1161 ipsorum.

2250 1078 2373 1132 σθαι
2399 1077 2491 1133 ὑπ’
2519 1076 2722 1143 αὐτῶν,
2748 1073 2976 1135 ἐπιστὰς
3006 1071 3103 1125 σῦν
3125 1068 3202 1142 τῷ
3233 1066 3600 1140 στρατεύματι
3628 1062 3756 1129 ἐξει-

519 1196 537 1226 ι
578 1176 751 1245 Quem
803 1176 1053 1247 comperi
1096 1175 1347 1232 accusari
1393 1175 1463 1232 de
1505 1174 1907 1247 quaestionibus
1963 1157 2099 1243 lepis

2254 1169 2450 1242 λόμην,
2485 1166 2673 1239 μαθὼν
2726 1166 2810 1220 ὅτι
2843 1163 3113 1235 Ῥωμαῖός
3160 1163 3299 1217 ἐστι.
3351 1157 3677 1228 Βουλόμενος
3705 1157 3756 1209 δὲ

521 1288 542 1322 ι
574 1284 791 1335 eorum,
826 1269 1041 1324 nullum
1064 1276 1249 1326 autem
1280 1268 1504 1340 dignum
1526 1278 1702 1324 morte
1735 1276 1830 1323 aut
1863 1266 2100 1323 vinculis

523 1379 539 1407 ι
588 1358 800 1416 crimen
866 1358 1187 1416 habentem.
1252 1358 1504 1430 Cumque
1566 1357 1870 1414 indicatum
1950 1366 2101 1414 esset

522 1469 541 1500 ι
576 1448 713 1505 mihi
747 1450 816 1506 de
845 1449 1063 1506 insidiis
1103 1466 1243 1523 quas
1268 1451 1347 1507 illi
1375 1458 1711 1523 paraverant
1740 1448 1935 1515 Judazi,
1972 1463 2102 1519 pro-

523 1560 541 1591 ‹
578 1539 730 1597 tinus
763 1541 888 1600 misi
933 1543 1087 1599 illum
1121 1544 1188 1599 ad
1242 1552 1317 1610 te,
1352 1553 1624 1616 praecepto
1661 1544 1790 1599 dato
1814 1543 1978 1600 etiam
2006 1559 2099 1599 ac-

520 1647 542 1677 ο
579 1629 950 1695 cusatoribus,
974 1639 1038 1686 ut
1069 1647 1190 1700 qua:
1219 1630 1425 1687 habent
1446 1631 1714 1687 adversus
1742 1648 1871 1688 eum
1910 1632 2097 1687 dicant

526 1738 546 1768 ο
586 1717 731 1790 apud
776 1727 850 1775 te.
890 1719 1044 1776 Vale.
1077 1721 1278 1777 Milites
1321 1737 1476 1790 vero,
1511 1723 1661 1795 iuxta
1690 1723 1839 1795 quod
1879 1721 1985 1778 sibi
2015 1722 2100 1777 in-

2204 1284 2221 1315 ι
2256 1262 2456 1332 γνῶναι
2485 1260 2584 1331 τὴν
2632 1257 2835 1326 αἰτίαν,
2862 1256 2931 1311 δι’
2963 1258 3029 1327 ῆν
3093 1252 3383 1307 ἐνεκάλουν
3420 1249 3593 1321 αὐτῷ,
3635 1266 3756 1301 κατ-

2205 1370 2224 1405 ι
2267 1354 2477 1425 ἡγαγον
2507 1348 2672 1405 αὐτὸν
2706 1349 2787 1412 είς
2814 1345 2876 1401 τὸ
2906 1345 3184 1416 συνέδριον
3230 1343 3431 1398 αὐτῶν.
3469 1342 3567 1395 Ὃν
3613 1332 3759 1410 εὗρον

2201 1466 2219 1499 α
2255 1444 2658 1516 ἐγκαλούμενον
2695 1441 2825 1512 περὶ
2867 1440 3198 1511 ζητημάτων
3245 1436 3337 1492 τοῦ
3368 1435 3536 1507 νόμου
3568 1433 3756 1496 αὐτῶν,

2202 1559 2220 1591 ι
2256 1538 2420 1611 μηδὲν
2444 1538 2499 1591 δὲ
2518 1536 2667 1604 ἀξιον
2695 1533 2927 1589 Θανάτου
2969 1534 3002 1605 ἢ
3029 1529 3246 1602 δεσμῶν
3275 1526 3532 1598 ἔγκλημα
3558 1525 3757 1594 ἔχοντα.

2201 1650 2220 1685 ι
2251 1629 2602 1702 Μηνυθείσης
2633 1627 2690 1682 δέ
2723 1644 2813 1699 μοι
2866 1623 3160 1693 ἐπιϐουλῆς
3212 1622 3293 1685 είς
3320 1620 3411 1673 τὸν
3451 1618 3616 1688 ἄνδρα
3650 1617 3761 1686 μέλε

2204 1740 2222 1774 ι
2256 1721 2370 1775 λειν
2398 1718 2616 1773 ἔσεσθαι
2645 1716 2752 1771 ἀπὸ
2777 1714 2886 1769 τῶν
2934 1712 3225 1776 Ἰουδαίων,
3288 1708 3520 1777 ἐξαυτῆς
3553 1705 3759 1775 Empire

527 1832 545 1862 ο
581 1812 838 1885 junctum
880 1820 1020 1880 erat,
1072 1822 1356 1885 receptum
1402 1814 1637 1885 Paulum
1683 1816 1964 1872 duxerunt
2000 1830 2099 1885 per

2221 1835 2222 1842 η
2253 1813 2390 1887 πρὸς
2416 1812 2496 1880 σέ,
2526 1809 2903 1883 παραγγείλας
2956 1807 3050 1860 καὶ
3083 1807 3196 1869 τοῖς
3233 1800 3561 1872 κατηγόροις
3598 1797 3760 1863 λέγειν

525 1923 547 1953 ‹
581 1872 801 1978 noctem
827 1872 1251 1979 Antipatridem.
1276 1872 1507 1963 Postero
1532 1917 1712 1964 autem
1745 1907 1832 1963 die
1857 1872 2096 1964 dimissis

2221 1925 2226 1958 ι
2258 1872 2326 1960 τά
2354 1872 2495 1977 πρὸς
2518 1872 2802 1958 αὑτὸν-ἐπὶ
2836 1900 2952 1954 σοῦ.
2988 1900 3261 1971 Ἐρρωσο.
3285 1897 3350 1950 Oi
3375 1894 3477 1964 μὲν
3507 1890 3598 1946 οὖν
3616 1907 3761 1961 στρα-

527 2014 545 2043 ο
588 1995 874 2065 equitibus
896 2005 958 2052 ut
984 2013 1110 2054 cum
1140 2014 1208 2055 eo
1234 1999 1398 2066 irent,
1423 2000 1630 2057 reversi
1653 2009 1786 2056 sunt
1813 2000 1867 2056 in
1891 2008 2091 2057 castra.

2221 2016 2227 2048 ι
2255 1996 2441 2051 τιῶται
2484 1994 2625 2049 κατὰ
2644 1993 2704 2047 τὸ
2724 1992 3147 2062 διατεταγμένον
3172 1989 3375 2054 αὐτοῖς,
3413 1983 3761 2044 ἀναλαϐόντες

527 2105 546 2136 ι
584 2084 691 2153 Qui
739 2102 865 2143 cum
915 2089 1199 2146 venissent
1251 2090 1554 2147 Caesaream
1611 2108 1677 2149 ac
1740 2092 2097 2150 tradidissent

2221 2112 2228 2144 ι
2257 2090 2347 2145 τὸν
2377 2088 2606 2154 Παῦλον,
2665 2089 2874 2159 ἤγαγον
2920 2086 3006 2140 διὰ
3040 2084 3140 2153 τῆς
3174 2080 3371 2145 νυκτὸς
3397 2080 3477 2142 είς
3528 2077 3626 2147 τῆν
3659 2075 3763 2127 Ἀν-

528 2197 547 2229 ι
588 2177 811 2249 praesidi
834 2179 1148 2251 epistolam,
1175 2190 1488 2239 statuerunt
1513 2198 1699 2240 coram
1741 2200 1811 2240 eo
1858 2183 2093 2241 etPau-

2221 2205 2227 2237 ι
2256 2182 2568 2254 τιπατρίδα.
2630 2181 2709 2250 Τῇ
2747 2179 2805 2233 δὲ
2835 2176 3097 2247 ἐπαύριον
3132 2174 3389 2235 ἐάσαντες
3432 2169 3560 2232 τοὺς
3594 2167 3762 2226 ἱππεῖς

528 2289 556 2322 ι
587 2271 724 2328 lum.
750 2271 1002 2343 Cumque
1028 2273 1254 2345 legisset
1282 2291 1486 2345 praeses
1513 2285 1571 2332 et
1602 2277 1997 2348 interrogasset
2028 2293 2098 2334 ex

2221 2297 2230 2330 ι
2263 2275 2592 2348 πορεύεσθαι
2638 2275 2736 2327 σὺν
2785 2269 2956 2340 αὐτῷ,
2989 2265 3335 2338 ὑπέστρεψαν
3368 2266 3448 2325 είς
3484 2261 3584 2330 τὴν
3637 2274 3759 2327 παρ·

530 2379 549 2409 ι
584 2375 695 2429 qua
736 2361 1026 2431 provincia
1074 2375 1240 2431 esset,
1281 2364 1378 2420 ubi
1426 2366 1776 2437 cognovisset
1818 2367 1967 2438 quod
2028 2383 2095 2423 ex

532 2468 550 2500 ι
590 2450 782 2508 Cilicia
838 2471 854 2509 :
905 2454 1140 2511 Audiam
1185 2465 1260 2523 te,
1305 2457 1507 2528 inquit,
1568 2474 1694 2514 cum
1747 2471 2097 2517 accusatores

531 2561 551 2591 ι
588 2558 809 2614 quoque
835 2545 914 2600 tui
946 2546 1298 2615 advenerint,
1323 2549 1599 2623 iussitque
1622 2549 1677 2608 in
1707 2552 1966 2624 praetorio
1990 2552 2096 2609 He-

531 2653 556 2686 σ
586 2633 737 2691 rodis
765 2637 1033 2694 custodiri
1062 2654 1211 2696 eum.
1239 2659 1262 2696 ι

2212 2390 2230 2422 ι
2260 2367 2517 2440 εμϐολὴν,
2551 2366 2749 2428 οἵτινες
2787 2361 3120 2423 είσελθόντες
3155 2361 3237 2421 είς
3284 2356 3384 2426 τὴν
3417 2352 3762 2419 Καισάρειαν.

2211 2482 2228 2514 ι
2261 2460 2355 2515 καὶ
2387 2459 2682 2520 ἀναδόντες
2701 2455 2801 2527 τὴν
2819 2452 3109 2523 ἐπιστολὴν
3130 2450 3206 2520 τῷ
3227 2448 3480 2520 ἡγεμόνι,
3515 2442 3765 2515 παρέστηο

2209 2572 2227 2605 ι
2270 2570 2369 2607 σαν
2403 2552 2498 2605 καὶ
2526 2551 2618 2605 τὸν
2651 2546 2865 2602 Παῦλον
2907 2543 3079 2615 αύτῷ.
3139 2539 3435 2610 Ἀναγνοὺς
3482 2537 3541 2590 δὲ
3576 2536 3604 2589 ό
3653 2535 3765 2604 ἠγε-

2214 2665 2236 2699 t
2266 2647 2401 2717 μὼν,
2432 2644 2528 2698 καὶ
2553 2638 2913 2712 ἐπερωτήσας
2963 2638 3028 2691 ἐκ
3085 2633 3247 2698 ποίας
3306 2627 3582 2701 ἐπαρχίας
3640 2621 3764 2692 ἐστὶ,

531 2742 553 2778 ε
587 2724 683 2781 καὶ
738 2726 1043 2800 πυθόμενος
1090 2730 1175 2785 δτι
1227 2730 1340 2787 ἀπδ
1388 2732 1662 2801 Κιλικίας,
1700 2736 2070 2808 Διακούσομαί
2126 2754 2241 2804 σου,
2270 2737 2398 2809 ἔφη,
2432 2735 2561 2791 ὅταν
2598 2732 2695 2788 καὶ
2739 2732 2790 2788 οἱ
2841 2725 3134 2801 κατήγοροί
3186 2741 3278 2779 σου
3327 2720 3763 2797 παραγένωνται⁶

532 2817 843 2873 «ἐκέλευσε
869 2837 929 2875 τε
955 2821 1118 2877 αὐτὸν
1162 2823 1222 2879 ἐν
1254 2823 1333 2896 τῷ
1406 2826 1728 2899 πραιτωρίῳ
1793 2827 2034 2898 Ἡρώδου
2101 2828 2498 2900 φυλάσσεσθαι.
2541 2845 2563 2881 ι

604 2911 765 2983 168
796 2930 816 2964 ι
862 2912 1285 2987 ’Ᾱνεθεμάτισαν
1327 2919 1576 2990 ἑαυτούς,
1604 2940 1623 2973 ι
1668 2921 1708 2979 i.
1765 2922 2107 2979 devoverant

529 3002 763 3074 seipsos,
793 3005 900 3061 hoc
923 3015 1029 3076 est,
1060 3016 1214 3064 extra
1241 3009 1339 3066 Dei
1361 3011 1523 3068 ﬁdem
1556 3027 1678 3069 sese
1700 3028 1821 3069 esse
1850 3013 2109 3071 dixerunt

530 3095 645 3152 nisi
721 3095 968 3155 facerent
1013 3115 1138 3173 quae
1173 3102 1580 3174 judicaverant.
1631 3104 1757 3161 Sive
1802 3121 1936 3177 ergo
1972 3120 2107 3178 pro-

534 3188 799 3247 missione
842 3189 1262 3262 frustrarentur,
1302 3196 1447 3252 sicut
1484 3198 1650 3253 etiam
1680 3198 1925 3255 frustrati
1956 3208 2106 3267 sunt,

535 3283 828 3343 anathema
857 3295 1016 3342 erant
1048 3304 1061 3343 :
1100 3287 1216 3344 sive
1240 3288 1406 3344 etiam
1440 3288 1761 3362 contigisset
1793 3289 1901 3347 illis
1930 3298 1991 3344 ut
2017 3305 2110 3346 oc-

535 3375 806 3445 ciderent,
836 3392 1034 3435 rursus
1087 3388 1183 3436 aut
1226 3379 1326 3451 ipsi
1358 3352 1621 3451 tanquam
1654 3379 1944 3437 homicidae
1976 3396 2110 3436 ana-
2135 3352 2179 3413 θ

537 3465 727 3522 thema
768 3481 890 3527 sese
938 3468 1273 3539 elﬁciebant,
1323 3481 1421 3527 aut
1449 3472 1596 3527 Deus
1620 3472 1757 3543 ipse,
1797 3485 2112 3543 quanquam

538 3557 833 3635 pontiﬁces
856 3560 1292 3619 dissimularent.
1329 3562 1519 3635 itaque
1544 3563 1747 3634 duplex
1776 3573 1860 3620 est
1885 3564 2115 3619 anathe-

540 3663 632 3704 ma
662 3665 688 3703 :-
709 3664 882 3711 unum
930 3649 1154 3725 quidem
1189 3659 1449 3724 tanquam
1490 3653 1752 3709 omnibus
1788 3663 1885 3709 aut
1927 3652 2116 3708 multis

542 3739 1123 3812 maccessum'solique
1152 3743 1266 3798 Deo
1304 3742 1649 3817 repositum}:
1686 3746 1917 3800 alterum
1958 3745 2117 3815 quasi

543 3830 614 3888 ab
647 3831 803 3887 omni
820 3842 1075 3890 creatura
1094 3834 1409 3906 sanctisque
1433 3836 1800 3910 potestatibus
1828 3836 2116 3903 intactum,

544 3934 603 3980 et
643 3939 675 3980 a
733 3925 850 3981 Deo
891 3925 1164 4004 alienum,
1211 3937 1472 4000 tanquam
1528 3929 1752 3989 diabolo
1796 3928 2117 4002 repositum,

545 4024 774 4093 propter
804 4018 1194 4081 alienationem
1241 4020 1391 4077 bono
1435 4022 1833 4095 impermistam
1878 4032 1984 4082 :et
2011 4021 2120 4076 hu-

542 4111 794 4187 iusmodi
831 4128 981 4170 nunc
1022 4114 1359 4171 anathemati
1395 4113 1451 4170 hi
1480 4130 1602 4172 sese
1638 4115 1957 4187 subjiciunt.
2005 4115 2123 4171 Hoc

546 4211 732 4260 autem
778 4204 979 4279 sapius
1035 4222 1134 4279 per
1174 4207 1450 4277 epitasim,
1508 4206 1560 4262 id
1591 4216 1694 4270 est,
1748 4206 2121 4262 inteusionem

547 4295 657 4355 dici
685 4296 1023 4355 arbitramur
1058 4299 1368 4372 κατάθεμα,
1392 4300 1499 4354 hoc
1527 4309 1613 4354 est
1636 4300 1902 4371 rejectum
1931 4316 1945 4351 :
1975 4299 2123 4370 quod

549 4390 700 4445 enim
736 4389 1054 4461 huiusmodi
1089 4398 1173 4447 est
1214 4406 1323 4446 non
1358 4391 1648 4464 reponitur
1670 4399 1767 4445 aut
1805 4391 2124 4461 deponitur,

552 4480 649 4539 sed
678 4481 947 4555 rejicitur,
978 4483 1201 4540 diabolo
1238 4482 1545 4556 subjectum
1590 4484 1776 4551 simul,
1801 4493 1857 4538 et
1890 4499 2019 4541 cum
2059 4499 2127 4540 eo

553 4569 1007 4633 condemnatum.

1102 4684 1327 4745 CAPUT
1357 4684 1573 4743 XXXV.

558 4778 780 4838 Tertutli
803 4782 1068 4839 accusatio
1099 4782 1349 4835 adversus
1372 4779 1625 4846 Paulum,
1648 4788 1697 4834 et
1715 4779 1873 4847 ipsius
1894 4778 1962 4833 ad
1983 4791 2124 4847 pra:-

1108 4851 1276 4905 sidem
1320 4851 1569 4921 defensio.

630 4940 821 5007 XXIV,
863 4941 1010 4996 1-21.
1051 4961 1070 4994 ι
1110 4942 1241 4996 Post
1270 4940 1515 5010 quinque
1542 4948 1726 4995 autem
1753 4938 1872 4994 dies
1898 4937 2126 4993 descen-

568 5055 585 5086 ι
625 5033 705 5089 dit
732 5032 989 5104 princeps
1022 5032 1368 5088 sacerdotum
1395 5032 1637 5087 Auanias
1662 5046 1786 5086 cum
1816 5029 2131 5085 senioribus

571 5144 599 5181 ι,
626 5133 683 5179 et
714 5121 964 5179 Tertullo
1000 5122 1243 5195 quodam
1290 5131 1533 5187 oratore,
1574 5122 1673 5188 qui
1701 5128 2132 5191 comparuerant

572 5238 589 5267 ι
623 5233 807 5274 coram
833 5215 1066 5287 praeside
1094 5216 1358 5271 adversus
1386 5214 1637 5274 Paulum,
1660 5212 1938 5281 citatoque
1961 5209 2132 5265 Paulo

573 5329 591 5359 ι
626 5308 794 5382 capit
817 5307 1096 5367 Tertullus
1119 5320 1399 5370 accusare,
1441 5304 1632 5360 dicens
1668 5320 1682 5357 :
1714 5302 1850 5359 Cum
1882 5304 1937 5357 in
1964 5302 2134 5355 multa

576 5421 593 5449 ι
633 5414 765 5473 pace
799 5414 1022 5471 agamus
1091 5414 1192 5471 per
1222 5406 1294 5462 te,
1354 5405 1410 5452 et
1454 5397 1624 5451 multa
1664 5405 1814 5449 recte
1874 5401 2135 5464 gerantur

576 5513 607 5551 ι
630 5494 686 5553 in
714 5494 915 5566 populo
939 5492 1044 5549 hoc
1068 5508 1168 5564 per
1194 5499 1342 5547 tuam
1370 5488 1791 5560 providentiam,
1819 5494 1874 5541 et
1897 5499 2133 5553 semper,

575 5604 595 5637 ι
630 5593 693 5644 ct_
715 5584 920 5657 ubique
966 5583 1408 5653 comprobamus,
1459 5574 1907 5648 przcstanlissime
1966 5573 2135 5634 Felix,

576 5700 596 5733 ι
633 5694 757 5734 cum
792 5677 939 5736 omni
970 5676 1266 5748 gratiarum
1295 5672 1531 5728 actione.
1569 5667 1676 5724 Sed
1707 5683 1776 5721 ne
1829 5666 2038 5719 diutius
2085 5672 2137 5717 te

579 5792 599 5829 ι
633 5772 930 5836 detineam,
959 5783 1058 5824 oro
1084 5776 1136 5823 te
1161 5778 1221 5822 ut
1261 5764 1452 5819 audias
1497 5776 1599 5817 nos
1654 5757 1845 5830 paucis
1900 5767 1997 5824 pro
2046 5765 2135 5809 tua

582 5887 608 5925 ε
642 5865 999 5926 inmanitate.
1037 5861 1192 5920 Nacti
1243 5859 1389 5914 enim
1418 5872 1607 5914 sumus
1653 5854 1801 5910 hunc
1834 5853 2007 5904 virum
2045 5862 2138 5920 pe-

2158 4708 2205 4763 D

2289 2943 2309 2977 ι
2354 2920 2785 2992 Ἀνεθεμάτισαν
2841 2916 3091 2981 ἑαυτοὺς,
3126 2932 3144 2966 ι
3195 2910 3475 2967 τουτέστιν
3505 2905 3609 2963 ἔξω
3643 2892 3768 2956 εἶναιι

2211 3014 2311 3088 τῆς
2337 3014 2480 3070 κατᾶ
2508 3012 2641 3067 Θεὸν
2701 3022 2938 3073 πιστεως
2964 3003 3121 3061 εἷπον
3153 3004 3402 3066 ἑαυτοὺς,
3436 3001 3485 3055 εἰ
3518 2997 3591 3069 μὴ
3624 2994 3767 3063 ποιή-

2214 3125 2366 3164 σειαν
2385 3108 2453 3163 τά
2478 3106 2728 3174 δόξαντα.
2761 3103 2885 3157 Elite
2906 3098 3001 3155 οὖν
3022 3097 3320 3170 ἐψεύσαντο
3351 3093 3451 3163 τὴν
3494 3090 3768 3158 ὑπόσχεσιν

2213 3204 2290 3269 ὡς
2322 3203 2417 3257 καὶ
2470 3199 2793 3272 ἐψεύσαντο,
2850 3192 3101 3264 ἀνάθεμά
3121 3193 3291 3246 είσινο
3322 3187 3434 3242 εἴτε
3484 3183 3581 3240 καὶ
3604 3182 3766 3249 ἐξεγε-

2211 3295 2360 3365 γόνει
2413 3295 2600 3357 αὐτοῖς
2649 3291 2931 3362 φονεῦσαι,
2985 3287 3148 3342 πάλιν
3180 3284 3259 3349 ὡς
3303 3280 3488 3351 φονεῖς
3541 3273 3769 3341 ἀνάθεμα

2213 3389 2439 3453 ἑαυτοὺς
2496 3385 2735 3447 ἐποίουν,
2781 3383 2902 3455 ἦτοι
2946 3379 3157 3443 όΘεδς,
3190 3378 3239 3430 εί
3267 3374 3370 3428 καὶ
3421 3366 3771 3441 παρεσιώπων

2211 3482 2262 3534 οἱ
2290 3482 2589 3552 ἀρχιερεῖς.
2616 3475 2722 3531 Τοῦ
2746 3474 2911 3530 ἀναθέ
2921 3488 3089 3543 ματος
3117 3466 3213 3522 οῦν
3249 3461 3435 3520 δισσοῦ
3458 3457 3767 3555 ,νοουμένονί

2211 3572 2306 3625 τοῦ
2330 3546 2477 3640 ’ῥινζ
2507 3568 2583 3629 ὡς
2614 3569 2726 3630 τοῖς
2778 3567 2944 3620 πᾶσιν
2977 3562 3011 3634 ἢ
3045 3559 3262 3623 πολλοῖς
3309 3553 3626 3625 ἀνεφίκτου,
3665 3546 3771 3640 Θεῷ

2213 3662 2273 3717 δὲ
2304 3638 2448 3734 μόνῳ
2502 3655 2919 3728 ἀνατιθεμένου,
2976 3653 3072 3707 τοῦ
3119 3651 3176 3704 δὲ
3202 3648 3278 3713 ὡς
3308 3647 3457 3718 πάσῃ
3519 3645 3585 3714 τῇ
3618 3638 3771 3734 κτίσει⁵

2218 3728 2317 3810 καί
2367 3728 2488 3815 ταῖς
2560 3752 2742 3820 ἁγίαις
2792 3745 3089 3817 δυνάμεσιν
3144 3742 3424 3813 ἀψαύστου
3452 3776 3469 3804 ,
3534 3735 3626 3789 καὶ
3668 3728 3772 3799 Θεῷ

2219 3843 2527 3916 ἀλλοτρίου,
2574 3842 2648 3906 ὡς
2679 3840 2758 3911 τῷ
2818 3837 3050 3908 διαϐόλῳ
3118 3831 3506 3902 ἀνακειμένου,
3558 3826 3640 3879 διὰ
3675 3821 3773 3916 ’τὴν

2219 3937 2394 4009 ἀμιγῆ
2417 3934 2510 3989 τοῦ
2543 3933 2708 3988 καλοῦ
2735 3929 3111 4001 ἀλλοτρίωσιν,
3149 3925 3376 3994 τοιούτῳ
3404 3921 3503 3975 νῦν
3533 3918 3625 3972 καὶ
3646 3909 3773 3969 οὗτοι

2221 4002 2615 4083 ὑποϐάλλουσιν
2674 4024 2900 4085 ἑαυτοὺς
2933 4019 3255 4089 άναθέματι.
3290 4011 3448 4068 Τοῦτ’
3474 4006 3569 4065 οὖν
3593 4002 3772 4060 πολλά-

2222 4137 2309 4185 κις
2353 4118 2474 4174 κατ’
2528 4116 2778 4171 ἐπίτασιν
2832 4111 3084 4184 εἰρῆσθαι
3140 4106 3436 4178 νομίζομεν
3480 4097 3769 4165 κατάθεμα.

2223 4210 2314 4282 Τῷ
2346 4209 2453 4283 γὰρ
2508 4208 2624 4262 ὄντι
2652 4207 2711 4261 τὸ
2741 4203 2978 4259 τοιοῦτον
3017 4202 3116 4255 οὐκ
3172 4196 3511 4258 ἀνατίθεται,
3540 4189 3670 4247 ἀλλά
3693 4199 3777 4237 κίτ-

2224 4300 2504 4355 τατίθεται
2528 4298 2607 4371 τῷ
2633 4298 2864 4371 διαϐόλῳ
2921 4293 3357 4365 ὑποταττόμενον
3386 4288 3483 4343 καὶ
3517 4293 3769 4352 συγκατα-

2224 4391 2601 4461 δικαζόμενον.

2832 4675 3081 4729 ΚΕΦΑΛ.
3112 4670 3236 4725 AE'.

2236 4772 2573 4842 Τερτύλλου
2640 4770 2771 4837 περὶ
2800 4839 2809 4842 _
2836 4769 3455 4842 Ilqs‘v.lov_xa_tnropm,
3487 4772 3581 4810 και
3612 4746 3777 4805 αὐτοῦ

2548 4833 2849 4908 ἀπολογία
2882 4837 2981 4890 ἐπὶ
3019 4835 3123 4889 τοῦ
3177 4833 3494 4901 ἡγεμόνος.

2306 4956 2324 4989 ι
2365 4933 2521 4991 Μετὰ
2580 4932 2638 4987 δὲ
2685 4930 2846 4984 πέντε
2898 4927 3110 4998 ἡμέρας
3167 4922 3375 4988 κατέϐη
3425 4921 3455 4971 ό
3513 4909 3777 4988 ἀρχιερεὺς

2237 5043 2256 5075 ι
2307 5022 2557 5083 Ἀνανίας
2611 5019 2749 5090 μετά
2797 5015 2906 5070 τῶν
2961 5011 3370 5083 πρεσϐυτέρων,
3417 5008 3511 5060 καὶ
3574 5006 3776 5090 ῥήτορος

2240 5131 2256 5164 ι
2300 5088 2623 5182 Τερτύλλου⁷
2660 5106 2824 5168 τινός.
2862 5104 3070 5163 υἰτινες
3117 5101 3439 5168 ἐνεφάνισαν
3468 5095 3544 5167 τῷ
3571 5088 3774 5182 ἡγεμόνι

2240 5222 2259 5255 ι
2300 5179 2440 5255 κατὰ
2473 5200 2567 5253 τοῦ
2624 5197 2865 5252 Παύλου.
2917 5191 3225 5264 κληθέντος
3254 5189 3311 5243 δὲ
3356 5187 3541 5249 αὐτοῦ,
3600 5179 3777 5251 ἤρξατο

2241 5314 2258 5347 ι
2298 5294 2621 5362 κατηγορεῖν
2650 5292 2678 5343 ό
2714 5286 3040 5358 Τέρτυλλος,
3086 5284 3259 5351 λέγων
3283 5297 3296 5312 ·
3326 5279 3536 5347 Πολλῆς
3580 5272 3777 5362 εἰρήνης

2242 5408 2261 5439 ι
2302 5400 2663 5457 τυγχανοντες
2709 5381 2796 5434 διὰ
2843 5379 2960 5440 σοῦ,
2992 5378 3087 5430 καὶ
3116 5372 3555 5444 κατορθωμάτων
3584 5358 3778 5435 γινομέ-

2245 5494 2263 5527 ι
2302 5493 2405 5527 νων
2434 5472 2510 5543 τῷ
2527 5471 2668 5524 έθνει
2720 5469 2894 5539 τούτῳ
2943 5466 3032 5520 διὰ
3059 5468 3155 5537 τῆς
3181 5467 3278 5534 σῆς
3319 5460 3590 5533 προνοίας,
3623 5451 3776 5543 πὰνῖη

2247 5586 2265 5619 ι
2305 5583 2361 5619 τε
2391 5565 2486 5618 καὶ
2547 5561 2820 5632 πανταχοῦ
2882 5556 3281 5628 ἀποδεχόμεθα,
3311 5554 3567 5623 κράτιστε
3612 5537 3773 5608 Φῆλιξ.

2247 5681 2264 5712 ι
2308 5659 2443 5730 μετά
2492 5656 2671 5726 πάσης
2719 5630 3093 5724 εὔχαριστίας.
3128 5651 3247 5703 Ἵνα
3274 5648 3331 5701 δὲ
3364 5645 3439 5717 μὴ
3482 5644 3571 5697 ἐπὶ
3616 5630 3775 5730 πλεῖόν

2248 5772 2264 5801 ι
2306 5768 2364 5803 σε
2389 5750 2659 5817 ἐγκόπτω,
2690 5743 2992 5816 παρακαλῶ
3019 5741 3249 5797 ἀκοῦσαί
3274 5756 3332 5792 σε
3357 5736 3512 5809 ἡμῶν
3529 5726 3775 5794 συντόμως

2250 5865 2267 5895 ι
2308 5845 2378 5916 τῇ
2406 5843 2470 5910 σῇ
2507 5838 2797 5909 ἐπιεικείᾳο
2848 5836 3111 5907 Εὑρὸντες
3159 5832 3268 5905 γὰρ
3298 5831 3388 5885 τὸν
3416 5829 3576 5898 ἄνδρα
3613 5817 3777 5875 τοῦτον
3832 5866 3839 5873 .
