4024 6542
318 438 429 531 εει

1282 441 1677 505 COMMENT.
1710 440 1793 503 IN
1824 441 2011 503 ACTA
2047 441 2625 507 APOSTOLORUM.

3467 446 3573 511 Q82

323 573 345 605 ε
384 555 597 625 λοιμὸν,
632 554 728 610 καὶ
773 554 1029 613 κινοῦντα
1045 557 1264 624 στάσεις
1294 560 1430 613 πᾶσι
1465 560 1579 622 τοῖς
1618 556 1896 618 Ἰουδαίοις

2022 560 2309 616 :stiferum
2355 570 2412 617 et
2463 560 2833 618 concitantem
2913 560 3246 618 seditionem
3308 564 3570 621 omnibus

324 663 344 696 ι
382 647 500 710 τοῖς
525 646 672 701 κατὰ
719 647 821 719 τήν
867 649 1214 722 οἰκουμένην,
1276 651 1672 722 πρωτοστάτην
1700 666 1760 704 τε
1799 651 1898 719 τῆς

326 755 346 788 ι
389 737 502 793 τῶν
552 738 893 811 Ναζωραίων
939 743 1228 814 αἱρέσεως,
1263 743 1322 807 ὃς
1353 744 1447 799 καὶ
1479 742 1542 797 τὸ
1575 742 1722 812 ἱερὸν
1747 740 1897 796 ἐπεί-

324 847 346 880 ι
392 844 532 898 paco
592 830 928 901 βεϐηλῶσαι,
987 833 1372 905 ἐκρατήσαμεν
1428 834 1613 900 αὑτὸν,
1639 832 1903 889 καὶκατὰ

324 940 345 974 ε
387 921 485 975 τὸν
499 922 774 994 ήμέτερον
799 924 963 994 νόμον
986 925 1338 996 ἠθελήσαμεν
1359 926 1586 997 κρίνειν.
1612 925 1902 998 Παρελθὼν

323 1033 343 1063 ι
385 1013 448 1068 δὲ
480 1014 690 1077 Λυσίας
718 1016 748 1069 6
776 1015 1055 1088 χιλίαρχος
1102 1018 1239 1088 μετὰ
1291 1018 1493 1088 πολλῆς
1546 1017 1666 1089 βίας
1693 1019 1759 1071 ἐκ
1792 1016 1902 1071 τῶν
1938 1046 1943 1061 ι

324 1123 344 1156 ι
388 1105 595 1177 χειρῶν
623 1106 783 1177 ήμῶν
799 1109 1108 1177 ἀπήγαγεν,
1136 1108 1373 1164 κελεύων
1402 1111 1528 1173 τοὺς
1556 1108 1901 1179 κατηγόρους

325 1214 346 1244 ι
390 1194 564 1249 αὐτοῦ
620 1195 874 1267 ἔρχεσθαι
941 1198 1034 1251 ἐπὶ
1063 1198 1159 1251 σέο
1192 1199 1326 1267 παρ’
1348 1194 1409 1253 οὗ
1457 1198 1687 1252 δύνασαι
1733 1197 1903 1260 αὐτὸς

325 1305 345 1337 ε
392 1287 697 1358 ἀνακρίνας
744 1290 875 1359 περὶ
922 1289 1140 1344 πάντων
1189 1290 1396 1360 τούτων
1445 1289 1766 1358 ἐπιγνῶναι,
1825 1282 1903 1343 ὧν

323 1395 344 1428 ι
392 1379 561 1449 ἡμεῖς
611 1379 1026 1451 κατηγοροῦμεν
1071 1381 1260 1436 αὐτοῦ.
1310 1381 1604 1436 Συνέθεντο
1649 1382 1705 1435 δὲ
1735 1381 1828 1435 καὶ
1853 1382 1903 1435 οἱ

323 1488 345 1520 ι
400 1471 657 1525 Ἰουδαῖοι
688 1474 988 1540 φάσκοντες
1014 1472 1382 1536 ταῦταὀὖτως
1399 1472 1564 1543 ἔχειν.
1606 1472 1903 1544 ’Δπεκρίθη

322 1580 344 1612 ι
386 1561 448 1616 δέ
477 1562 507 1615 6
536 1562 764 1629 Παῦλος,
816 1565 1101 1627 νεύσαντος
1167 1562 1330 1618 αὑτοῦ
1372 1565 1467 1618 τοῦ
1500 1564 1769 1636 ἡγεμόνος
1819 1563 1907 1617 λέ-

324 1674 345 1704 ι
389 1670 538 1722 γειν·
568 1654 667 1709 Ἐκ
691 1653 901 1707 πολλῶν
952 1655 1092 1707 ἐτῶν
1143 1655 1272 1708 ὅντα
1301 1672 1360 1709 σε
1405 1656 1599 1727 κριτὴν
1653 1655 1730 1726 τῷ
1761 1655 1904 1710 ἔθνει

324 1766 344 1797 ε
388 1746 573 1815 τούτῳ
602 1747 985 1819 ἐπιστάμενος,
1030 1747 1393 1819 εὐθυμότερον
1415 1746 1484 1802 τὰ
1506 1747 1633 1818 περὶ
1668 1746 1939 1817 ἐμαυτοῦ

323 1856 345 1888 ι
396 1837 827 1908 ἀπολογοῦμαι,
891 1836 1193 1908 δυναμένου
1249 1854 1343 1891 σου
1415 1836 1667 1905 γνῶναι,
1716 1837 1799 1890 ὃτι
1843 1836 1904 1889 οὐ

324 1951 346 1982 ε
392 1929 619 1993 πλείους
670 1928 809 1984 εἰσίν
850 1946 941 1998 μοι
992 1928 1198 1999 ἡμέραι
1227 1927 1530 1999 ἢδεκαδύο,
1563 1927 1656 1995 ἀφ’
1685 1922 1754 1999 ἦς
1817 1928 1907 1981 ἀν-
1942 1909 1980 1962 Β

322 2041 345 2073 ε
393 2022 533 2090 ἔϐην
552 2024 945 2093 προσκυνήσων
993 2020 1446 2094 ἐνἸερουσαλὴμ,
1472 2021 1564 2073 καὶ
1589 2019 1711 2074 οὔτε
1750 2021 1808 2073 ἐν
1831 2018 1911 2090 τῷ

324 2133 344 2165 ε
397 2114 536 2186 ἱερῷ
588 2107 745 2185 εὗρόν
775 2131 844 2184 με
878 2113 1012 2185 πρός
1052 2131 1173 2167 τινα
1212 2112 1615 2181 διαλεγόμενον,
1643 2111 1678 2182 ἦ
1710 2111 1905 2166 ἐπισύ-

323 2226 344 2257 ε
396 2223 592 2259 στασιν
628 2203 887 2258 ποιοῦντα
923 2204 1103 2274 ὄχλου,
1136 2203 1261 2258 οὔτε
1294 2206 1351 2258 ὲν
1379 2205 1499 2267 ταῖς
1541 2205 1909 2272 συναγωγαῖς,

324 2316 345 2350 ε
394 2296 525 2351 οῦτε
593 2299 735 2351 κατὰ
761 2297 916 2350 πόλιν
946 2312 960 2326 ⁸
992 2295 1121 2350 οὔτε
1154 2295 1504 2369 παραστῆναι
1535 2312 1598 2365 με
1630 2295 1906 2359 δύνανται,

324 2410 347 2441 c
400 2393 536 2463 περὶ
558 2384 634 2445 ὧν
661 2390 1030 2461 κατηγοροῦσί
1068 2407 1192 2460 μου.
1232 2388 1513 2460 Ὀμολογῶ
1535 2388 1591 2441 δέ
1618 2386 1776 2441 τοῦτό
1802 2405 1907 2452 σοι,

329 2504 350 2536 ι
398 2486 482 2538 ὅτι
531 2484 673 2539 κατὰ
730 2484 827 2555 τὴν
858 2484 1001 2549 ὁδὸν,
1056 2483 1124 2554 ἢν
1162 2481 1414 2551 λέγουσιν
1466 2482 1701 2552 αἵρεσιν,
1732 2479 1908 2544 οὕτως

332 2594 355 2626 ι
403 2575 656 2648 λατρεύω
680 2575 760 2647 τῷ
782 2574 1019 2648 πατρῴῳ
1073 2573 1211 2645 Θεῷ,
1273 2575 1549 2627 πιστεύων
1612 2574 1747 2626 πᾶσι
1800 2573 1913 2635 τοῖς

334 2688 357 2720 ε
406 2670 549 2723 κατὰ
575 2670 664 2723 τὸν
692 2670 858 2741 νόμον
882 2670 975 2724 καὶ
1000 2670 1114 2733 τοῖς
1144 2670 1451 2739 προφήταις
1480 2666 1909 2738 γεγραμμένοις,

332 2780 356 2816 ε
406 2762 600 2816 ἐλπίδα
645 2762 785 2832 ἔχων
837 2762 919 2825 εἰς
968 2761 1059 2816 τὸν
1116 2761 1271 2827 Θεὸν,
1297 2761 1365 2833 ἢν
1410 2761 1504 2814 καὶ
1558 2759 1714 2815 αὐτοὶ
1767 2754 1913 2814 οὗτοι

334 2872 358 2905 ε
406 2851 811 2924 προσδέχονται,
844 2852 1140 2907 ἀνάστασιν
1177 2852 1391 2924 μέλλειν
1429 2851 1646 2905 ἔσεσθαι
1678 2851 1910 2922 νεκρῶν,

334 2966 357 2998 ε
404 2945 632 3002 δικαίων
655 2962 714 2999 τε
743 2945 838 2999 καὶ
860 2944 1082 3003 ἀδίκων.
1113 2945 1208 2999 Ἔν
1236 2944 1410 3015 τούτῳ
1454 2942 1513 2997 δέ
1546 2942 1706 3006 αὐτὸς
1736 2940 1912 3006 ἀσκῶ,

334 3057 361 3090 ε
402 3036 751 3111 ἀπρόσκοπον
804 3036 1108 3107 συνείδησιν
1154 3036 1299 3107 ἐχειν
1350 3035 1487 3105 πρὸς
1544 3033 1635 3089 τὸν
1662 3032 1793 3087 Θεὸν
1822 3032 1915 3086 καὶ

337 3151 362 3184 ε
406 3132 534 3194 τοὺς
591 3127 915 3200 ἀνθρώπους
954 3127 1269 3191 διαπαντός.
1304 3128 1382 3179 Δι’
1412 3125 1551 3178 ἐτῶν
1576 3124 1632 3178 δέ
1652 3122 1915 3177 πλειόνων

2010 675 2028 708 ι
2057 655 2262 711 Judaeis
2292 654 2349 710 in
2376 654 2633 710 universo
2663 653 2818 717 orbe,
2882 663 2940 710 et
3002 664 3284 711 auctorem
3342 657 3571 713 haeresis

2010 768 2028 803 ι
2062 749 2493 815 Nazarenorum,
2561 748 2657 818 qui
2706 746 2872 803 etiam
2933 749 3199 819 templum
3274 749 3569 820 profanare

2010 861 2030 894 ι
2067 841 2298 898 tentavit
2337 857 2352 896 :
2388 855 2553 911 quem
2579 848 2636 895 et
2667 839 3074 909 apprehensum
3095 840 3375 897 voluimus
3416 843 3572 913 juxta

2011 951 2030 985 ι
2066 934 2240 1002 legem
2270 940 2515 987 nostram
2536 931 2810 1001 judicare.
2866 930 2978 987 Sed
3021 932 3422 1001 superveniens
3465 933 3573 988 tri-

2011 1043 2030 1078 ι
2078 1024 2261 1080 bunus
2282 1021 2473 1095 Lysias
2498 1037 2626 1078 cum
2656 1037 2850 1092 magna
2884 1021 2938 1075 vi
2968 1022 3128 1092 169
3154 1022 3361 1093 eripuit
3382 1038 3507 1078 eum
3540 1040 3571 1078 ιι

2010 1138 2030 1171 ι
2066 1116 2322 1172 manibus
2345 1112 2569 1178 nostris,
2601 1112 2805 1183 jubens
2858 1122 3206 1169 accusatores
3232 1115 3352 1184 ejus
3398 1113 3467 1168 ad
3520 1121 3573 1169 te

2012 1229 2030 1262 ι
2067 1208 2277 1274 venire,
2313 1223 2381 1262 ex
2409 1220 2521 1276 quo
2553 1204 2761 1275 poteris
2789 1203 2910 1273 ipse
2931 1203 3075 1258 facta
3107 1204 3468 1274 inquisitione
3492 1206 3561 1261 de

2012 1319 2030 1353 ι
2071 1298 2332 1355 omnibus
2366 1296 2486 1351 istis
2517 1309 2871 1364 cognoscere,
2919 1292 2987 1347 de
3028 1294 3231 1363 quibus
3259 1309 3362 1350 nos
3409 1310 3572 1349 accu-

2013 1411 2032 1444 ι
2062 1405 2248 1446 samus
2276 1404 2425 1444 eum.
2451 1387 2787 1457 Adjecerunt
2814 1393 2997 1440 autem
3018 1394 3072 1440 et
3095 1385 3290 1451 Judaei,
3324 1385 3574 1442 dicentes

2013 1501 2031 1534 ι
2064 1483 2182 1539 haec
2208 1481 2283 1537 ita
2313 1496 2371 1537 se
2401 1478 2628 1534 habere.
2658 1476 2964 1547 Respondit
2991 1482 3174 1530 autem
3202 1476 3422 1538 Paulus,
3446 1492 3571 1531 cum

2013 1595 2032 1628 ι
2072 1561 2358 1631 annuisset
2380 1572 2495 1642 ipse
2519 1585 2722 1641 praeses
2743 1578 2804 1624 ut
2826 1568 3035 1624 diceret
3072 1566 3371 1637 z/Equiore
3390 1568 3577 1622 animo

2013 1687 2033 1719 ε
2077 1682 2177 1738 pro
2205 1664 2416 1735 meipso
2443 1660 2773 1732 respondeo,
2806 1675 2929 1715 cum
2959 1660 3127 1715 sciam
3179 1668 3230 1713 te
3257 1658 3444 1713 multis
3461 1660 3574 1729 jam

2015 1777 2034 1810 ι
2074 1756 2233 1812 annis
2255 1754 2498 1827 judicem
2526 1750 2697 1807 fuisse
2743 1749 2891 1820 genti
2947 1748 3080 1802 huic
3115 1764 3128 1801 :
3170 1747 3263 1817 qui
3293 1756 3451 1817 potes
3483 1762 3577 1801 co-

2016 1869 2034 1902 ι
2072 1862 2361 1921 gnoscere,
2387 1845 2536 1916 quod
2580 1859 2690 1899 non
2714 1843 2902 1913 plures
2930 1849 3058 1896 sunt
3084 1840 3220 1895 mihi
3252 1840 3390 1905 dies,
3414 1853 3576 1909 quam

2018 1960 2036 1991 ι
2072 1937 2386 2003 duodecim,
2421 1952 2489 1993 ex
2522 1950 2632 2006 quo
2663 1933 2886 1989 ascendi
2939 1932 3270 1987 adoraturus
3299 1931 3576 2001 Jerosolyo

2020 2051 2036 2083 ι
2074 2045 2217 2085 mam
2250 2046 2265 2082 :
2294 2040 2350 2083 et
2371 2042 2551 2097 neque
2574 2025 2628 2080 in
2663 2024 2867 2094 templo
2900 2031 3291 2093 compererunt
3316 2037 3401 2076 me
3450 2036 3577 2075 cum

2020 2143 2037 2176 ι
2073 2123 2259 2193 aliquo
2284 2121 2682 2189 disputantem,
2739 2125 2834 2170 aut
2902 2130 3232 2170 concursum
3287 2114 3579 2168 facientem

2020 2237 2038 2269 ι
2078 2215 2274 2279 turbae,
2303 2226 2482 2282 neque
2528 2210 2585 2265 in
2621 2208 2932 2281 synagogis,
2997 2221 3179 2275 neque
3224 2205 3280 2259 in
3334 2205 3578 2267 civitate,

2020 2329 2037 2361 ι
2074 2322 2252 2377 neque
2276 2303 2508 2370 probare
2543 2309 2779 2371 possunt
2807 2314 2873 2353 ea
2925 2296 2994 2352 de
3044 2295 3248 2366 quibus
3269 2308 3357 2348 me
3412 2308 3580 2348 accu-

2020 2418 2037 2450 1
2074 2405 2215 2453 sant.
2252 2392 2534 2451 Conﬁteor
2564 2398 2749 2444 autem
2778 2388 2884 2442 hoc
2941 2385 3039 2440 tibi
3074 2383 3221 2455 quod
3244 2384 3398 2454 juxta
3436 2382 3579 2436 viam

2020 2511 2038 2543 ι
2077 2503 2240 2561 quam
2270 2491 2469 2541 vocant
2512 2480 2768 2537 haaresim
2816 2480 2899 2534 sic
2950 2478 3073 2534 colo
3118 2476 3354 2547 patrium
3388 2475 3581 2538 Deum,

2021 2603 2039 2635 ε
2072 2580 2304 2639 credens
2326 2576 2586 2633 omnibus
2614 2588 2737 2644 quae
2771 2573 2827 2626 in
2850 2572 2968 2642 lege
2989 2578 3043 2626 et
3066 2568 3352 2640 prophetis
3379 2565 3581 2635 scripta

2021 2695 2039 2728 ι
2076 2682 2205 2730 sunt
2235 2688 2249 2725 :
2281 2684 2433 2741 spem
2464 2668 2674 2722 habens
2702 2666 2755 2720 in
2781 2665 2956 2719 Deum
2988 2661 3127 2726 fore,
3188 2672 3354 2729 quam
3411 2664 3467 2712 ct
3523 2656 3580 2710 hi

2021 2784 2039 2816 ι
2075 2767 2412 2832 exspectant,
2444 2754 2907 2815 resurrectionem
2937 2759 3281 2806 mortuorum
3304 2746 3578 2815 iustorum

2022 2873 2040 2906 ι
2077 2830 2322 2908 simulet
2365 2848 2721 2921 injustorum.
2755 2843 2813 2898 In
2846 2843 2953 2897 hoc
2985 2848 3170 2895 autem
3223 2838 3339 2907 ipse
3392 2830 3587 2887 studeo

2023 2965 2041 2997 ι
2078 2945 2197 3001 sine
2227 2940 2559 2998 oﬂ‘endiculo
2582 2933 2975 2993 conscientiam
3004 2930 3209 2986 habere
3252 2943 3380 2996 erga
3408 2926 3584 2980 Deum

2022 3058 2041 3091 ι
2075 3046 2132 3092 et
2154 3034 2408 3091 homines
2438 3046 2676 3101 semper.
2705 3029 2834 3082 Post
2866 3038 3042 3080 annos
3067 3030 3249 3078 autem
3276 3019 3465 3090 plures
3493 3029 3575 3069 aco

2024 3148 2042 3181 ι
2078 3126 2219 3183 cessi
2251 3124 2631 3193 eleemosynas
2660 3116 3011 3174 exhibiturus
3046 3114 3102 3168 in
3153 3120 3369 3182 gentem
3407 3120 3584 3161 meam

332 3242 358 3276 ε
406 3197 809 3294 παρεγενόμην,
873 3220 1242 3293 ἐλεημοσύνας
1275 3220 1516 3288 ποιήσων
1545 3218 1626 3280 εἰς
1654 3216 1716 3269 τὸ
1744 3216 1906 3280 ἔθνος

2024 3239 2042 3272 ι
2076 3228 2133 3275 et
2163 3216 2491 3279 oblationes,
2526 3213 2582 3267 in
2609 3210 2811 3282 quibus
2858 3210 3252 3276 compererunt
3303 3215 3390 3256 me
3428 3197 3585 3268 puri-

333 3334 356 3368 ε
406 3332 509 3385 μου
541 3314 637 3368 καὶ
691 3312 1028 3384 προσφορὰς.
1061 3313 1118 3366 ἐν
1144 3306 1228 3375 οἷς
1275 3304 1435 3382 εὗρόν
1496 3326 1563 3380 με
1588 3307 1916 3379 ἡγνισμένον

333 3421 359 3456 ε
405 3404 464 3457 ἐν
499 3402 576 3474 τῷ
609 3402 760 3475 ἱερῷ,
784 3403 846 3457 οὐ
881 3401 1020 3473 μετὰ
1071 3402 1252 3472 δχλου,
1288 3400 1411 3455 οὐδὲ
1451 3402 1590 3470 μετὰ
1642 3398 1900 3471 θορύϐου.

335 3513 359 3547 ε
406 3493 564 3558 Τινὲς
590 3495 646 3549 δὲ
675 3495 782 3549 ἀπὸ
823 3495 922 3563 τῆς
978 3494 1163 3558 Ἀσίας
1220 3493 1491 3558 Ἰουδαῖοι,
1538 3489 1631 3553 οὒς
1683 3490 1767 3544 δεῖ
1823 3491 1917 3544 ἐπὶ

336 3605 359 3640 ε
406 3585 501 3642 σοῦ
529 3588 782 3658 παρεῖναι
833 3588 927 3641 καὶ
976 3589 1322 3658 κατηγορεῖν,
1359 3585 1414 3639 εἴ
1439 3603 1492 3639 τι
1549 3584 1731 3655 ἔχοιεν
1780 3583 1918 3655 πρός

335 3695 359 3729 ι
412 3694 504 3749 με,
530 3677 565 3748 ἢ
591 3679 742 3732 αὐτοὶ
783 3669 930 3731 οὗτοι
955 3677 1292 3742 εἰπάτωσαν,
1347 3674 1402 3729 εῐ
1427 3691 1480 3727 τι
1514 3667 1674 3745 εὖρον
1703 3673 1760 3725 ἐν
1786 3672 1916 3743 ἐμοὶ

339 3793 362 3824 ε
404 3772 678 3842 ἀδίκημα,
735 3770 960 3834 στάντος
1008 3787 1110 3841 μου
1139 3769 1232 3822 ἐπὶ
1252 3766 1346 3820 τοῦ
1376 3764 1681 3836 συνεδρίου,
1716 3765 1750 3837 ἢ
1781 3762 1915 3833 περὶ

338 3884 362 3916 ε
407 3865 537 3934 μιᾶς
593 3862 796 3933 ταύτης
851 3861 1036 3932 φωνῆς
1072 3900 1089 3927 ,
1149 3852 1217 3930 ἧς
1279 3857 1555 3930 ἐκέκραξα
1630 3854 1802 3919 ἐστὼς
1858 3856 1916 3908 ἐν

339 3973 365 4007 ι
404 3956 612 4019 αὐτοῖς,
650 3954 733 4008 ὅτι
764 3954 895 4024 περὶ
934 3951 1288 4016 ἀναστάσεως
1322 3948 1531 4023 νεκρῶν
1571 3946 1684 4018 ἐγὼ
1732 3946 1915 4020 κρίνο-

341 4066 365 4101 ε
409 4064 511 4118 μαι
535 4048 775 4117 σήμερον
804 4043 1091 4115 ὑφ’ύμῶν.
1123 4062 1143 4094 ι
1853 4048 1866 4080 θ

414 4155 435 4189 ι
473 4137 598 4190 ὀτι
624 4135 766 4190 κατὰ
807 4135 907 4205 τὴν
934 4134 1075 4196 ὁδὸν,
1108 4135 1175 4205 ἥν
1199 4131 1450 4201 λέγουσιν
1496 4134 1730 4207 αἵρεσιν,
1776 4129 1918 4186 οῦτω

335 4225 592 4299 λατρεύω
615 4225 695 4297 τῷ
720 4224 959 4298 πατρῴῳ
1004 4224 1144 4295 Θεῷ.
1172 4245 1190 4278 ι
1223 4226 1380 4280 Μετὰ
1431 4225 1531 4297 τὴν
1600 4225 1793 4297 κλῆσιν
1821 4222 1916 4276 τοῦ

337 4314 482 4374 εἶναι
518 4317 817 4383 ἀπόστολος
867 4317 1107 4390 Χριστοῦ
1158 4317 1331 4385 λέγων
1384 4316 1670 4390 λατρεύειν
1725 4314 1918 4387 Κυρίῳ

338 4410 587 4483 πατρῴῳ
613 4410 733 4482 Θεῷ
753 4410 1024 4465 δείκνυσιν
1044 4410 1140 4464 ἐνα
1166 4410 1295 4471 ὄντα
1314 4409 1446 4463 Θεὸν
1475 4410 1715 4473 Παλαιᾶς
1745 4426 1805 4461 τε
1826 4408 1918 4461 καὶ

340 4504 512 4568 Νέας,
549 4502 609 4557 δν
639 4504 690 4556 οἱ
719 4503 998 4575 προφῆται
1061 4503 1156 4556 καὶ
1181 4504 1209 4557 6
1236 4503 1399 4573 νόμος
1439 4501 1834 4574 κατήγγειλαν,
1858 4500 1918 4553 ὸν

338 4600 369 4651 6
399 4595 613 4660 Παῦλος
656 4568 959 4667 ἐκήρυσσεν
1003 4593 1172 4648 εἰπὼν
1203 4633 1219 4658 ,
1273 4568 1744 4648 πιστεύωννπᾶσι
1803 4593 1917 4654 τοῖς
1951 4568 1994 4624 Ῑ)

342 4689 489 4744 κατὰ
564 4688 729 4760 νόμον
783 4687 881 4742 καὶ
929 4689 1045 4749 τοῖς
1109 4687 1417 4758 προφήταις
1478 4686 1914 4756 γεγραμμένοις.

341 4780 506 4836 Κατὰ
530 4780 593 4834 τὸ
627 4777 984 4849 σιωπώμενον
1026 4779 1083 4832 δὲ
1118 4778 1401 4832 κάνταῦθα
1420 4777 1509 4831 τὸν
1537 4777 1775 4849 Χριστὸν
1810 4778 1919 4831 εἰσ-

340 4874 571 4942 ήγαγεν,
603 4868 739 4923 ἀλλὰ
788 4870 926 4933 τέως
952 4869 1028 4940 τῷ
1055 4869 1154 4939 τῆς
1199 4867 1551 4929 ἀναστάσεως
1588 4867 1917 4940 ἐνδιατρίϐει

339 4963 509 5033 λόγῳ,
532 4961 590 5016 δν
646 4952 879 5026 οὗτοιέξ
907 4963 1083 5033 ἀρχῆς
1131 4960 1492 5017 διεπονοῦντο.
1547 4959 1750 5012 Τούτου
1809 4958 1919 5030 γὰρ

338 5052 643 5124 δειχθέντος
676 5052 915 5119 εὐκόλως
945 5055 1040 5107 καὶ
1068 5052 1138 5106 τὰ
1168 5051 1260 5107 τοῦ
1296 5049 1532 5123 Χριστοῦ
1566 5052 1918 5123 ἐπεισήγετο,

340 5146 428 5198 ὅτι
460 5144 688 5215 ἀνέστη.

416 5254 439 5288 ε
477 5237 745 5302 Ἀκούσας
796 5238 852 5291 δὲ
883 5235 1056 5292 ταῦτα
1086 5237 1113 5290 6
1141 5235 1306 5307 Φήλιξ
1364 5236 1626 5289 ἁνέϐαλεν
1695 5239 1918 5301 αὐτοὺς,

343 5347 365 5380 ι
407 5328 801 5399 ἀκριϐέστερον
832 5328 985 5392 εἰδὼς
1003 5328 1070 5382 τὰ
1096 5329 1224 5400 περὶ
1252 5328 1352 5398 τῆς
1379 5329 1521 5395 ὁδοῦ,
1546 5328 1913 5399 εἰπών”Όταν

345 5438 365 5471 ι
413 5419 624 5483 Λυσίας
655 5422 682 5473 6
703 5420 983 5493 χιλίαρχος
1015 5421 1250 5491 καταϐῇ,
1300 5418 1672 5489 διαγνώσομαι
1698 5419 1768 5473 τὰ
1799 5419 1920 5472 καθ’

347 5527 368 5560 ε
417 5509 585 5579 ὑμᾶς.
618 5509 1018 5580 Διαταξάμενός
1048 5526 1104 5563 τε
1130 5508 1205 5580 τῷ
1228 5509 1611 5579 ἐκατοντάρχῳ
1638 5507 1921 5579 τηρεῖσθαι

348 5622 370 5656 ε
411 5601 509 5656 τὸν
547 5602 783 5667 Παῦλον,
835 5602 979 5673 ἔχειν
1008 5619 1066 5654 τε
1095 5601 1299 5659 ἄνεσιν,
1327 5601 1422 5653 καὶ
1458 5600 1660 5670 μηδένα
1692 5600 1922 5654 κωλύειν

351 5712 373 5748 ε
417 5711 526 5746 των
558 5692 707 5746 ῐδίων
732 5692 897 5747 αὐτοῦ
926 5692 1273 5764 ὑπηρετεῖνῆ
1310 5691 1709 5764 προσέρχεσθαι
1742 5691 1913 5763 αύτῷ.

347 5804 369 5839 ε
420 5784 578 5840 Μετὰ
604 5784 660 5838 δὲ
686 5784 901 5857 ἡμέρας
922 5786 1072 5850 τινὲς
1106 5786 1545 5857 παραγενόμενος
1574 5785 1603 5835 ό
1621 5781 1791 5853 Φῆλιξ
1822 5785 1920 5837 σὺν

346 5898 368 5933 ι
412 5877 721 5953 Δρουσίλλῃ
743 5880 808 5950 τῇ
838 5881 1052 5948 γυναικὶ
1109 5878 1421 5953 αὐτοῦοῦσῃ
1480 5877 1735 5949 Ἰουδαίᾳ,
1795 5895 1919 5950 μετ-

2024 3331 2042 3363 (
2079 3311 2297 3365 iicatum
2328 3307 2386 3361 in
2438 3303 2662 3373 templo,
2689 3298 2838 3355 haud
2872 3313 2997 3354 cum
3034 3295 3195 3350 turba
3228 3306 3407 3362 neque
3462 3304 3585 3345 cum

2025 3422 2043 3454 ε
2080 3401 2339 3457 tumultu.
2375 3395 2610 3463 Quidam
2665 3401 2848 3448 autem
2908 3405 2977 3445 ex
3034 3387 3162 3442 Asia
3193 3384 3389 3452 Judaei,
3449 3398 3590 3453 quos

2025 3513 2044 3546 ι
2089 3490 2382 3563 oportebat
2414 3485 2562 3557 apud
2626 3491 2680 3538 te
2716 3491 2916 3552 praesto
2958 3494 3079 3534 esse
3119 3486 3175 3532 et
3207 3473 3489 3539 accusare,
3542 3473 3590 3528 si

2028 3605 2045 3637 ‹
2084 3583 2216 3656 quid
2244 3580 2516 3637 haberent
2561 3576 2854 3632 adversum
2914 3586 3001 3626 me
3040 3587 3054 3625 :
3095 3577 3192 3624 aut
3247 3567 3304 3621 hi
3358 3564 3461 3636 ipsi
3504 3563 3590 3618 di-

2026 3699 2044 3731 c
2080 3685 2226 3743 eant,
2254 3675 2300 3731 si
2330 3671 2464 3745 quid
2510 3666 2999 3741 deprehenderunt
3035 3664 3092 3719 in
3130 3678 3217 3718 me
3258 3660 3588 3730 iniquitatis,

2028 3792 2045 3824 ‹
2078 3785 2202 3826 cum
2237 3777 2378 3825 stem
2412 3766 2468 3819 in
2520 3763 2755 3819 concilio
2790 3779 2804 3815 :
2843 3759 2952 3815 nisi
3007 3758 3075 3815 de
3133 3772 3241 3812 una
3285 3754 3389 3809 hac
3432 3766 3588 3815 voce,

2028 3884 2046 3917 ε
2084 3878 2191 3935 qua
2220 3859 2450 3917 clamavi
2504 3857 2652 3913 inter
2703 3869 2772 3910 eo
2830 3862 3000 3908 stans.
3058 3850 3135 3904 De
3190 3842 3592 3902 resurrectione

2027 3978 2045 4009 ε
2084 3965 2428 4012 mortuorum
2459 3966 2561 4021 ego
2581 3942 2803 4021 judicor
2838 3944 3005 4000 hodie
3041 3958 3071 3997 a
3103 3940 3285 3996 vobis.
3320 3958 3338 3990 ι

2098 4158 2116 4191 ι
2152 4136 2313 4193 Juxta
2344 4132 2489 4187 viam
2531 4143 2696 4200 quam
2725 4133 2926 4180 vocant
2958 4121 3210 4178 haeresim
3240 4119 3318 4173 sic
3342 4116 3464 4171 colo
3493 4130 3588 4185 pa-

2022 4230 2190 4287 trium
2225 4228 2420 4284 Deum.
2458 4243 2476 4275 ι
2523 4221 2723 4277 Dicens
2777 4232 2835 4272 se
2896 4216 3065 4270 Deum
3110 4211 3352 4281 patrium
3411 4207 3595 4262 colere

2021 4329 2145 4391 post
2173 4316 2369 4371 factam
2402 4310 2747 4367 vocationem
2780 4315 2840 4362 ut
2866 4310 3058 4361 essent
3108 4299 3366 4372 apostoli,
3406 4306 3594 4352 osten-

2022 4388 2103 4466 dit
2131 4408 2389 4464 eumdem
2450 4418 2571 4460 esse
2616 4402 2789 4457 Deum
2836 4394 3049 4454 Veteris
3099 4409 3162 4448 ac
3199 4389 3340 4446 Novi
3403 4388 3595 4443 Testa-

2024 4502 2218 4567 menti,
2292 4513 2458 4569 quem
2516 4497 2605 4551 lex
2651 4502 2706 4548 et
2769 4491 3050 4563 prophetae
3076 4482 3591 4542 annuntiaverunt:

2020 4608 2186 4663 quem
2242 4589 2447 4646 Paulus
2520 4583 2883 4657 priedieabat,
2952 4579 3144 4635 dicens
3213 4591 3271 4630 se
3322 4570 3593 4627 universis

2023 4683 2252 4740 credere
2302 4696 2423 4751 qua:
2470 4678 2524 4733 in
2576 4678 2695 4747 lege
2748 4688 2812 4729 ac
2866 4668 3146 4743 prophetis
3193 4665 3396 4734 seripla
3443 4669 3592 4717 sunt.

2021 4776 2285 4831 Latenter
2312 4782 2495 4839 autem
2522 4770 2806 4836 Christum
2830 4765 2998 4820 etiam
3041 4761 3133 4815 hic
3164 4756 3404 4816 induxit,
3437 4752 3597 4821 17o

2022 4868 2118 4924 sed
2151 4865 2375 4921 interim
2400 4864 2454 4918 in
2483 4876 2739 4918 sermone
2780 4858 2847 4912 de
2876 4851 3288 4910 resurrectione
3321 4852 3592 4906 versatur,

2022 4976 2186 5033 quem
2244 4958 2301 5012 hi
2348 4957 2417 5011 ab
2488 4953 2718 5010 exordio
2784 4945 3177 5019 oppugnabant
3223 4960 3235 4996 :
3297 4941 3403 4995 hoc
3448 4938 3594 5033 enim

2022 5024 2263 5113 ostenso,
2289 5046 2448 5101 facile
2481 5042 2644 5098 etiam
2668 5055 2788 5110 qua:
2813 5037 2879 5091 de
2898 5035 3117 5091 Christo
3150 5036 3278 5087 sunt
3334 5024 3594 5097 superin-
3664 5031 3669 5037 '

2024 5143 2269 5204 duceret,
2299 5149 2497 5205 nempe
2524 5132 2671 5203 quod
2708 5127 3098 5185 resurrexcrit.
3438 5132 3441 5133 '

2091 5232 2282 5295 XXIV,
2315 5229 2510 5284 22-27.
2545 5245 2564 5279 ι
2603 5222 2816 5280 Auditis
2839 5230 3021 5276 autem
3054 5219 3171 5282 his,
3206 5216 3358 5272 Felix
3382 5209 3600 5268 distulit

2030 5347 2048 5378 ‹
2086 5325 2231 5387 illos,
2260 5336 2385 5377 cum
2408 5327 2561 5375 certo
2584 5316 2751 5373 sciret
2780 5329 2901 5386 qua:
2924 5313 2989 5367 ad
3038 5327 3156 5366 eam
3204 5307 3351 5361 viam
3397 5303 3598 5359 attine—

2030 5439 2048 5471 ι
2088 5420 2238 5483 bant,
2275 5415 2464 5470 dicens
2499 5429 2512 5466 :
2544 5409 2679 5467 Cutn
2708 5406 2987 5481 .tribunus
3016 5402 3204 5472 Lysias
3231 5392 3598 5453 descenderit,

2034 5529 2051 5560 ι
2094 5520 2419 5578 pernoscam
2475 5516 2700 5558 causam
2782 5504 3023 5551 vestram
3083 5509 3096 5545 :
3148 5488 3419 5561 iussitque
3474 5498 3605 5538 cen-

2032 5620 2050 5652 ι
2093 5598 2297 5654 turioni
2331 5606 2389 5651 ut
2444 5593 2751 5650 custodiret
2804 5588 3055 5663 Paulum,
3107 5582 3421 5646 sineretque
3470 5589 3604 5629 eum

2032 5712 2049 5743 ‹
2088 5688 2349 5755 relaxari,
2381 5697 2436 5744 et
2483 5702 2552 5741 ne
2608 5697 2772 5754 quem
2802 5696 2869 5736 ex
2909 5680 3058 5733 illius
3110 5669 3473 5729 familiaribus
3504 5680 3601 5719 ve-

2034 5804 2051 5836 ε
2090 5792 2230 5838 taret
2254 5778 2676 5836 subministrare
2723 5776 2797 5839 ei,
2829 5780 2924 5826 aut
2959 5769 3110 5824 adire
3144 5781 3293 5822 eum.
3332 5763 3460 5817 Post
3500 5757 3608 5812 ali.-

2033 5895 2049 5927 ‹
2082 5883 2213 5946 quot
2245 5882 2427 5928 autem
2460 5870 2575 5925 dies
2600 5882 2722 5924 eum
2749 5864 3060 5920 advenisset
3091 5858 3241 5916 Felix
3287 5869 3413 5910 eum
3457 5850 3603 5907 Dro-
