4024 6546
427 442 538 510 283
1525 436 1927 504 (ECUMENII
1958 438 2249 503 TRICCxE
2279 440 2621 504 EPISCOPI
3600 442 3712 507 284

443 579 461 609 ι
500 556 622 613 silla
669 570 841 613 uxore
906 570 1027 621 sua,
1096 569 1218 626 quae
1282 562 1402 610 erat
1456 554 1667 622 Iudaea,
1727 554 2014 612 accersivit

2127 571 2145 606 ι
2193 551 2448 626 πέμψατο
2473 554 2566 610 τὸν
2602 553 2837 610 Παῦλον.
2867 553 2978 609 Καὶ
2993 555 3225 628 ἤκουσεν
3252 553 3416 609 αὐτοῦ
3449 554 3583 627 περὶ
3608 545 3710 617 τῆς

445 671 464 701 ι
498 650 752 716 Paulum,
787 659 842 705 et
871 648 1084 705 audivit
1105 648 1175 703 ab
1205 662 1273 703 eo
1298 646 1624 719 ﬁdem,qua3
1651 657 1737 704 est
1771 648 1828 703 in
1856 647 2019 705 Chri-

444 761 464 794 ι
507 750 674 798 stum.
705 739 1031 811 Disputante
1062 747 1246 794 autem
1279 739 1374 795 illo
1404 739 1475 795 de
1518 739 1735 813 iustitia
1776 748 1834 795 et
1882 749 2021 795 tem-

446 852 466 887 ι
507 832 779 905 perantia,
810 841 867 887 et
890 831 960 888 de
979 830 1193 904 judicio
1224 830 1436 899 futuro,
1471 831 1828 890 tremefactus
1866 832 2021 890 Felix

445 946 464 978 ι
506 924 793 996 respondit
822 944 834 981 :
864 924 925 980 in
956 925 1249 996 praesentia
1271 924 1387 990 abi,
1412 934 1673 982 caeterum
1700 933 1899 982 nactus
1922 942 2022 998 op—

446 1037 465 1067 ι
502 1016 902 1087 portunitatem
949 1031 1228 1073 accersam
1280 1026 1333 1073 te
1373 1035 1386 1072 :
1423 1018 1586 1073 simul
1629 1028 1687 1076 et
1724 1019 1858 1075 illud
1893 1036 2021 1090 spe-

446 1126 463 1158 ι
510 1120 640 1162 rans
670 1105 787 1162 fore
842 1114 905 1162 ut
941 1107 1178 1178 pecunia
1226 1108 1334 1164 sibi
1384 1108 1612 1165 daretur
1641 1126 1673 1166 a
1712 1109 1881 1166 Paulo
1908 1126 2020 1182 quo

444 1217 462 1247 ι
498 1198 740 1254 solveret
767 1197 971 1269 ipsum,
1020 1209 1250 1271 propter
1274 1201 1420 1272 quod
1470 1203 1636 1259 etiam
1696 1203 2021 1276 frequenter

445 1311 462 1343 ι
499 1305 796 1347 accersens
830 1306 981 1358 eum,
1007 1292 1343 1363 loquebatur
1366 1311 1492 1350 cum
1523 1311 1611 1351 eo.
1649 1314 1667 1348 ι

513 1402 533 1435 ι
568 1383 788 1439 Auditis
810 1384 899 1441 bis
931 1385 1105 1441 Felix.
1149 1405 1168 1439 ι
1203 1385 1616 1443 Advertendum
1671 1390 1820 1461 quod
1866 1392 2019 1448 Felix

434 1483 665 1530 noverat
695 1475 881 1542 tidem,
904 1476 1197 1548 diligenter
1220 1480 1520 1535 instructus
1539 1494 1606 1534 ex
1631 1482 1804 1539 veteri
1825 1483 2020 1541 Testa-

436 1575 627 1623 mento
658 1568 712 1623 in
750 1568 838 1624 his
865 1586 990 1641 quae
1018 1569 1225 1627 Christi
1278 1582 1409 1628 sunt
1456 1592 1471 1631 :
1506 1583 1563 1631 et
1589 1576 1657 1631 ad
1702 1576 2020 1635 Judworum

435 1659 670 1730 gratiam
705 1676 815 1717 non
846 1663 1079 1718 absolvit
1102 1665 1357 1733 Paulum,
1390 1675 1487 1721 aut
1507 1668 1672 1724 etiam
1702 1676 1765 1725 ut
1788 1686 2020 1727 munera

436 1751 736 1821 acciperet,
776 1756 1243 1823 quemadmodum
1299 1760 1648 1831 subsequens
1690 1778 1872 1819 sermo
1922 1763 2021 1819 de-

436 1852 727 1901 monstrat.
764 1846 1013 1904 Noverat
1047 1867 1268 1922 quoque
1300 1853 1425 1920 ista,
1482 1869 1550 1911 eo
1587 1855 1736 1927 quod
1788 1873 2018 1914 uxorem

436 1934 669 1993 haberet
723 1938 989 2009 Judmam,
1040 1958 1069 1998 a
1110 1960 1218 2014 qua
1266 1946 1383 2001 haec
1416 1949 1679 2004 continue
1729 1950 2011 2008 audiebat.

435 2027 564 2084 llam
613 2038 797 2086 autem
849 2042 1050 2104 praeter
1109 2037 1287 2107 legem
1346 2038 1449 2110 ipsi
1502 2042 1799 2112 conjuncta
1872 2054 2012 2110 erat,

435 2134 635 2190 nempe
663 2121 851 2180 Iudaea
877 2123 1089 2183 Graeco.
1132 2128 1241 2184 Aut
1292 2129 1542 2187 fortassis
1567 2133 1755 2189 Judaea
1789 2134 2014 2206 quidem

432 2219 574 2280 erat,
611 2224 877 2285 nupserat
907 2227 1090 2275 tamen
1136 2220 1214 2277 illi
1250 2233 1363 2277 tum
1406 2239 1531 2279 cum
1581 2225 1773 2283 Graeca
1819 2239 2010 2286 esset:

433 2315 662 2374 propter
694 2308 842 2379 quod
892 2311 1058 2365 etiam
1090 2311 1311 2370 dicebat
1349 2315 1454 2386 ipsi
1483 2333 1639 2373 suam
1663 2318 1851 2387 ﬁdem,
1886 2336 2015 2377 sua-

432 2394 571 2451 dens
600 2405 660 2453 ut
688 2398 773 2455 vir
799 2415 1020 2473 quoque
1045 2402 1111 2458 ad
1142 2420 1264 2460 eam
1295 2407 1557 2465 transiret
1587 2408 1782 2467 relicta
1831 2411 2015 2469 idolo-

432 2485 617 2545 latria.

969 2583 1195 2642 CAPUT
1228 2587 1469 2647 XXXVI.

442 2691 596 2781 17!
633 2694 707 2781 De
737 2695 925 2781 Felicis
952 2701 1302 2781 defunctione,
1328 2703 1570 2779 Festique
1595 2710 1938 2781 successione,
1964 2724 2016 2772 et

541 2763 705 2820 Pauli
755 2768 817 2822 ab
856 2786 915 2823 eo
961 2763 1380 2845 interrogatione
1413 2763 1904 2848 et'prmédiiéiiél

498 2941 688 3009 XXIV,
719 2948 828 3015 27;
859 2948 1027 3015 XXV,
1058 2951 1208 3009 L12.
1240 2973 1258 3007 ι
1301 2955 1530 3015 Biennio
1564 2971 1748 3018 autem
1792 2966 2013 3037 expleto

437 3052 459 3086 ι
497 3039 712 3107 accepit
738 3055 1115 3098 successorem
1154 3046 1307 3102 Felix
1352 3048 1600 3106 Portium
1637 3053 1881 3110 Festntn.
1911 3056 2015 3114 Vo-

439 3145 459 3176 ι
497 3126 616 3183 lens
640 3138 825 3185 autem
862 3134 1093 3204 gratiam
1120 3149 1386 3207 praestare
1410 3137 1617 3199 Iudaeis
1656 3146 1831 3212 Felix,
1880 3148 2013 3205 reli-

438 3238 458 3269 ι
493 3219 862 3288 quitPaulum
892 3227 1161 3285 vinctum.
1199 3230 1400 3290 Festus
1428 3250 1560 3307 ergo
1588 3249 1844 3310 suscepta
1886 3256 2016 3312 pro-

438 3330 456 3363 ι
498 3312 699 3379 vincia,
720 3325 843 3387 post
872 3319 1113 3375 triduum
1141 3326 1391 3381 ascendit
1411 3328 1754 3403 Jerosolyma
1782 3333 1851 3389 ab
1874 3334 2013 3392 urbe

438 3424 458 3458 ι
495 3406 767 3466 Caesarea.
796 3410 1380 3487 Signiﬁcaveruntque
1407 3421 1485 3475 illi
1511 3423 1795 3496 principes
1826 3443 2015 3485 sacer-

438 3517 457 3549 ι
490 3499 680 3554 dotum
706 3516 770 3558 ac
791 3505 1065 3573 primores
1111 3508 1427 3566 Judaaorum
1456 3513 1526 3569 de
1574 3514 1746 3573 Paulo
1778 3535 1794 3573 :
1825 3527 1882 3575 et
1932 3538 2016 3583 ro-g

438 3605 457 3637 ι
495 3588 700 3658 gabant
728 3606 881 3656 cum,
909 3598 1258 3664 postulantes
1306 3599 1551 3657 favorem
1609 3606 1878 3666 adversus
1926 3611 2011 3683 ip-

438 3695 458 3729 ι
498 3693 645 3746 ευηι,
707 3692 770 3737 ut
822 3696 1135 3743 accerseret
1177 3690 1332 3745 illum
1391 3693 1719 3768 Jerusalem,
1785 3701 2014 3760 insidias

437 3791 457 3824 ι
503 3773 815 3839 tendentes.
864 3787 922 3833 ut
952 3779 1336 3841 interficerent
1367 3801 1493 3843 eum
1546 3790 1600 3845 in
1651 3790 1763 3846 via.
1817 3792 2013 3852 Festus

438 3882 456 3912 ι
489 3873 675 3921 autem
734 3870 1024 3940 respondit
1054 3882 1112 3929 ut
1164 3889 1480 3934 servaretur
1532 3882 1753 3952 quidem
1810 3884 2013 3943 Paulus

438 3978 456 4006 ι
499 3955 760 4016 Caesareae
800 3980 813 4017 :
848 3980 908 4022 se
960 3982 1094 4025 vero
1123 3970 1278 4027 brevi
1335 3972 1429 4029 illo
1478 3975 1876 4045 profecturum.
1905 3980 2010 4047 Qui

436 4067 456 4100 ι
496 4066 649 4123 ergo,
712 4056 912 4128 inquit,
972 4062 1118 4117 inter
1173 4080 1273 4120 vos
1326 4076 1582 4137 potentes
1640 4079 1792 4138 sunt,
1847 4072 2011 4129 simul

435 4162 457 4196 ι
502 4143 923 4219 descendentes,
951 4155 997 4211 si
1046 4157 1195 4227 quod
1223 4168 1308 4213 est
1337 4158 1393 4214 in
1421 4161 1542 4216 viro
1575 4164 1809 4232 crimen,
1848 4180 2013 4222 accu-

435 4256 455 4290 ι
489 4249 614 4296 sent
640 4257 789 4298 eum.
815 4246 1145 4304 Demoratus
1172 4260 1359 4307 autem
1384 4253 1531 4309 inter
1550 4269 1649 4310 eos
1676 4254 1877 4312 diebus
1901 4273 2013 4313 am-

436 4350 455 4383 ι
490 4333 640 4403 plius
664 4351 829 4406 quam
858 4339 1074 4404 decem,
1106 4343 1400 4400 descendit
1447 4346 1781 4415 Caesaream,
1813 4357 1872 4405 et
1907 4366 2008 4422 ρο-

437 4446 456 4478 ι
493 4436 646 4484 stero
673 4430 763 4486 die
796 4433 940 4488 sedit
974 4451 1073 4505 pro
1127 4437 1415 4505 tribunali,
1444 4441 1721 4512 jussitque
1778 4443 2010 4500 Paulum

433 4534 453 4569 ι
489 4517 712 4573 adduci.
740 4519 842 4586 Qui
871 4538 997 4576 cum
1018 4525 1318 4595 perductus
1337 4538 1502 4593 esset,
1520 4532 2011 4592 circumsteterunt

2128 668 2145 701 ι
2188 651 2267 714 είς
2297 650 2535 722 Χριστὸν
2581 650 2839 715 πίστεως.
2864 649 3261 721 Διαλεγομένου
3288 650 3345 705 δὲ
3372 651 3541 705 αὐτοῦ
3573 653 3709 725 περὶ

2122 759 2143 793 ι
2185 741 2534 814 δικαιοσύνης
2594 743 2692 796 καὶ
2743 742 3078 814 ἐγκρατείας
3133 744 3229 798 καὶ
3283 744 3380 800 τοῦ
3431 746 3710 818 κρίματος

2126 850 2145 885 ι
2186 831 2280 902 τοῦ
2313 832 2600 904 μέλλοντος
2631 834 2872 902 ἔσεσθαι,
2898 834 3138 905 ἔμφοϐος
3163 834 3458 906 γενόμενος
3488 835 3711 904 ὁΦῆλιξ

2127 944 2146 978 ι
2187 925 2464 998 ἀπεκρίθη
2490 944 2505 960 ·
2540 927 2614 982 Τὸ
2637 927 2734 981 νῦν
2766 927 2888 999 ἕχον
2930 927 3192 1001 πορεύου,
3225 929 3419 1001 καιρὸν
3447 929 3506 983 δὲ
3533 946 3712 1000 μετα⁸

2127 1035 2146 1067 ι
2188 1015 2370 1071 λαϐὼν
2420 1018 2864 1091 μετακαλέσομαί
2921 1036 3001 1084 σε,
3059 1019 3177 1088 ἅμα
3226 1018 3281 1073 δὲ
3317 1019 3412 1072 καὶ
3441 1017 3712 1083 ἐλπίζων,

2128 1126 2147 1159 ι
2189 1109 2270 1164 δτι
2321 1111 2583 1181 χρήματα
2638 1110 2924 1182 δοθήσεται
2980 1111 3132 1183 αὐτῷ
3185 1111 3290 1166 ὑπὸ
3316 1110 3411 1166 τοῦ
3463 1111 3710 1179 Παύλου,

2127 1221 2146 1254 ι
2187 1202 2337 1266 ὅπως
2375 1201 2516 1278 λύσῃ
2537 1203 2721 1260 αὐτόν.
2759 1205 2838 1258 Δι’
2864 1204 2893 1259 6
2922 1205 3018 1260 καὶ
3044 1205 3378 1278 πυκνότερον
3405 1203 3571 1261 αὐτὸν
3602 1223 3716 1278 με-

2128 1313 2146 1345 ι
2188 1294 2610 1366 ταπεμπόμενος
2636 1296 2829 1367 ὡμίλει
2859 1296 3031 1367 αύτῷ.
3069 1315 3088 1350 ι

2197 1406 2218 1439 ι
2253 1387 2520 1453 Ἀκούσας
2569 1389 2741 1445 ταῦτα
2761 1390 2791 1444 6
2822 1388 3009 1460 Φῆλιξ.
3040 1408 3059 1441 ι
3104 1390 3448 1460 Σημειωτέον
3475 1391 3560 1445 ὅτι
3583 1391 3716 1463 ᾔδει

2121 1481 2149 1534 6
2180 1480 2351 1552 Φῆλιξ
2392 1480 2493 1552 τὴν
2537 1482 2747 1547 πίστιν,
2807 1482 3055 1554 ἀκριϐῶς
3126 1482 3462 1555 κατηχηθεὶς
3503 1486 3568 1539 ἐκ
3600 1484 3716 1554 τῆς

2122 1571 2369 1636 Παλαιᾶς
2390 1573 2460 1627 τὰ
2491 1573 2621 1644 περὶ
2650 1572 2747 1627 τοῦ
2795 1572 3061 1646 Χριστοῦ,
3094 1577 3189 1629 καὶ
3219 1575 3358 1647 πρὸς
3383 1574 3543 1647 χάριν
3571 1576 3715 1630 Ἰου·

2120 1665 2289 1719 δαίων
2339 1666 2440 1720 οὐκ
2486 1666 2727 1721 ἀπέλυσε
2771 1666 2862 1721 τὸν
2897 1668 3134 1735 Παῦλον,
3163 1670 3196 1742 ἢ
3225 1670 3317 1723 καὶ
3362 1670 3451 1722 διά
3473 1670 3719 1741 δωροληο

2119 1757 2272 1829 ψίαν,
2299 1758 2374 1824 ὡς
2410 1759 2769 1831 παρακατιὼν
2795 1764 2824 1815 6
2851 1761 3009 1829 λόγος
3065 1762 3289 1828 ἔδειξεν.
3342 1764 3496 1818 Ἔδει
3529 1764 3585 1817 δὲ
3611 1764 3718 1817 καὶ

2122 1851 2199 1914 ὡς
2219 1851 2358 1922 ἔχων
2386 1855 2621 1921 γυναῖκα
2671 1852 2957 1920 Ἰουδαίαν,
3019 1855 3150 1926 παρ’
3181 1850 3248 1928 ἧς
3277 1856 3516 1927 συνεχῶς
3539 1856 3715 1928 ἤκουε

2122 1944 2313 1999 ταῦτα.
2376 1944 2522 2015 Λῦτη
2554 1946 2611 2000 δὲ
2643 1946 2794 2018 παρά
2843 1947 2935 2001 τδν
2983 1947 3146 2017 νόμον
3215 1948 3461 2019 συνήφθη
3527 1948 3711 2018 αὐτῷ,

2134 2035 2365 2089 Ἰουδαία
2389 2031 2552 2091 οῦσαξ
2578 2037 2848 2109 [Έλληνι.
2881 2040 2953 2092 Ἥ
2975 2040 3116 2110 τάχα
3168 2034 3237 2112 ἦν
3295 2042 3396 2110 μὲν
3444 2039 3713 2106 Ἰουδαία,

2120 2128 2433 2199 γαμηθεῖσα
2464 2130 2521 2184 δὲ
2556 2131 2707 2203 αὐτῷ
2741 2131 2960 2202 ἐγένετο
2986 2132 3260 2205 Ἑλληνίς·
3315 2134 3383 2187 δι’
3408 2133 3436 2188 ὃ
3468 2134 3561 2188 καὶ
3588 2133 3717 2187 ἔλε-

2122 2237 2219 2290 γεν
2241 2220 2391 2292 αὐτῷ
2424 2221 2524 2292 τὴν
2555 2223 2757 2293 ἑαυτῆς
2788 2223 2993 2290 πίστιν,
3024 2224 3289 2280 πείθουσα
3305 2226 3399 2279 καὶ
3418 2227 3507 2280 τὸν
3535 2225 3719 2297 ἄνδρα

2123 2311 2452 2385 παραϐάτην
2482 2312 2759 2384 γενέσθαι.

2686 2574 2938 2631 ΚΕΦΑΔ.
2992 2573 3134 2643 Aq'.

2122 2685 2263 2757 Περὶ
2308 2686 2420 2757 τῆς
2483 2686 2747 2758 {mutator-
2793 2686 3105 2758 διαδοχῆς.
3159 2685 3259 2741 καὶ
3304 2685 3412 2755 τῆς
3458 2684 3715 2754 Φήστου

2193 2756 2564 2829 προαγωγῆς,
2588 2757 2699 2828 τῆς
2724 2774 2789 2813 τε
2808 2759 2903 2813 ἐπ’
2929 2756 3117 2814 αὐτοῦ
3136 2759 3515 2827 ἀνακρίσεως
3546 2759 3710 2813 Hac}-

2196 2831 2308 2889 ,λου
2338 2830 2436 2883 καί
2460 2829 2748 2899 ἐφέσεως.

2199 2963 2219 2997 ι
2247 2943 2462 3009 Διετίας
2495 2945 2554 2999 δέ.
2585 2944 2970 3017 πληρωθείσης
3007 2944 3189 2999 ’ἔλαϐε
3247 2932 3489 3016 διάδοχον
3523 2948 3552 2999 6
3598 2946 3714 3019 Φῆ·

2128 3053 2149 3088 ι
2192 3034 2279 3104 λιξ
2330 3037 2566 3110 Πόρκιον
2627 3039 2857 3110 Φῆστον.
2883 3019 3067 3093 Θέλων
3103 3056 3163 3092 τε
3197 3038 3431 3111 χάριτας
3461 3040 3713 3094 καταθέ-

2127 3143 2148 3178 ι
2192 3125 2315 3180 σθαι
2337 3130 2446 3193 τοῖς
2477 3127 2757 3193 Ἰουδαίοις⁵
2780 3131 2809 3183 6
2832 3128 3023 3200 Φῆλιξ,
3072 3129 3334 3183 κατέλιπε
3364 3129 3454 3183 τὸν
3486 3130 3709 3186 Παῦλον

2130 3238 2149 3271 ι
2189 3217 2492 3291 δεδεμένον.
2534 3220 2742 3292 Φῆστος
2769 3220 2862 3274 οῦν
2901 3221 3098 3287 ἐπιϐὰς
3149 3224 3215 3294 τῇ
3248 3222 3505 3295 ἐπαρχίᾳ,
3559 3222 3712 3294 μετὰ

2125 3330 2144 3363 ι
2190 3312 2593 3386 τρεῖςιήμέρας
2640 3314 2811 3384 ἀνέϐη
2848 3315 2925 3378 είς
2974 3312 3323 3387 Ἰεροσόλυμα
3356 3316 3462 3381 ἀπὸ
3492 3318 3711 3371 Καισα-

2122 3418 2142 3452 ι
2186 3401 2357 3472 ρείας.
2395 3404 2768 3474 Ἑνεφάνησάν
2800 3421 2859 3458 τε
2918 3404 3070 3477 αὐτῷ
3095 3405 3124 3459 6
3151 3407 3446 3478 ἀρχιερεὺς
3491 3410 3588 3462 καὶ
3652 3410 3710 3462 οί

2121 3509 2141 3544 ι
2184 3492 2389 3563 πρῶτοι
2444 3493 2557 3548 τῶν
2607 3494 2878 3548 Ἰουδαίων
2933 3495 3077 3550 κατά
3142 3494 3239 3550 τοῦ
3290 3482 3540 3562 Παύλου,
3600 3498 3710 3552 καὶ

2122 3601 2141 3634 ι
2184 3584 2528 3655 παρεκάλουν
2581 3586 2766 3652 αὑτὸν,
2826 3585 3141 3657 αἰτούμενοι
3170 3588 3331 3658 χάριν
3362 3589 3483 3642 κατ’
3507 3588 3707 3659 αὑτοῦ,

2122 3695 2140 3728 ι
2183 3677 2331 3743 ὅπως
2391 3678 2816 3751 μεταπέμψηται
2878 3679 3043 3734 αὐτὸν
3097 3680 3569 3754 είςἹερουσαλὴμ,
3610 3681 3709 3734 ἐν-

2120 3789 2143 3838 ι
2179 3770 2342 3842 εδραν
2392 3771 2695 3840 ποιοῦντες,
2720 3772 2933 3827 ἀνελεῖν
2983 3774 3147 3829 αὐτὸν
3172 3777 3315 3829 κατά
3334 3774 3433 3848 τὴν
3460 3776 3599 3831 ὁδόν.
3644 3776 3711 3830 ὀ

2121 3880 2140 3914 ι
2183 3862 2283 3934 μὲν
2311 3861 2405 3919 οῦν
2453 3865 2666 3935 Φῆστος
2716 3865 2994 3938 ἀπεκρίθη
3052 3866 3339 3938 τηρεῖσθαι
3363 3868 3455 3921 τον
3485 3867 3708 3923 Παῦλον

2120 3974 2138 4007 ι
2180 3957 2240 4010 ὲν
2291 3957 2620 4030 Καισαρείᾳ,
2678 3958 2869 4012 ἑαυτὸν
2892 3958 2947 4013 δὲ
2981 3960 3196 4031 μέλλειν
3246 3961 3304 4014 ὲν
3330 3961 3484 4032 τάχει
3529 3963 3708 4015 67.no-

2120 4070 2138 4101 ι
2183 4049 2461 4121 ρεύεσθαι.
2498 4050 2562 4105 Oi
2587 4050 2680 4106 οῦν
2707 4050 2925 4106 δυνατοὶ
2960 4053 3201 4123 ἐν’ύμῖν,
3230 4053 3387 4125 φησὶ,
3427 4069 3713 4122 συγκατα-

2118 4160 2137 4192 ι
2182 4141 2395 4210 ϐάντες,
2432 4142 2486 4196 εί
2509 4159 2562 4197 τι
2608 4144 2757 4199 ἐστὶν
2787 4146 2844 4198 ἐν
2873 4143 2951 4215 τῷ
2975 4145 3132 4218 ἀνδρὶ⁵
3162 4145 3338 4218 τούτῳ
3368 4146 3706 4219 κατηγορεί-

2068 4246 2073 4251 ‘
2119 4255 2137 4288 ι
2179 4253 2361 4290 τωσαν
2410 4237 2599 4294 αὐτοῦ.
2671 4239 2971 4311 Διατρίψας
3021 4238 3079 4293 δὲ
3131 4238 3189 4293 ὲν
3242 4238 3429 4303 αὐτοῖς
3482 4241 3709 4312 ἡμέρας

2118 4347 2137 4380 ι
2187 4328 2404 4393 πλείους
2429 4329 2460 4400 ἢ
2484 4330 2638 4395 δέκα,
2668 4331 2913 4395 καταϐὰς
2935 4333 3013 4394 εἰς
3041 4333 3400 4403 Καισάρειαν,
3428 4336 3493 4404 τῇ
3525 4334 3707 4387 ὲπαύο

2119 4438 2138 4471 ι
2183 4438 2299 4493 ριον
2318 4424 2567 4490 ,καθίσας
2594 4424 2689 4477 ἐπὶ
2712 4423 2808 4478 τοῦ
2839 4423 3105 4496 βήματος,
3140 4425 3395 4479 ἐκέλευσε
3423 4425 3512 4479 τὸν
3544 4426 3705 4480 Παῦ-

2119 4534 2137 4568 ι
2179 4516 2269 4570 λον
2295 4516 2550 4587 ἀχθῆναι.
2578 4519 3032 4591 Παραγενομένου
3067 4517 3126 4571 δὲ
3170 4517 3362 4580 αὐτοῦ,
3398 4518 3705 4591 περιέστη-

433 4625 454 4658 ι
490 4623 615 4662 eum
631 4610 724 4678 qui
745 4611 812 4667 ab
833 4610 1186 4686 Jerosolymis
1207 4617 1821 4688 (lescenderantJudaai,
1840 4624 2011 4680 multa

2127 4625 2143 4657 ι
2187 4625 2288 4661 σαν
2315 4610 2361 4661 οἱ
2393 4609 2500 4688 ἀπο
2542 4609 2932 4680 Ἰεροσολύμων
2962 4607 3403 4680 καταϐεϐηκότες
3443 4608 3705 4675 Ιουδαῖοι,

429 4718 453 4751 ‹
488 4711 544 4756 et
575 4705 761 4773 gravia
787 4704 1017 4763 crimina
1067 4709 1419 4769 intendentes
1457 4712 1725 4769 adversus
1750 4715 2006 4784 Paulum,

432 4811 454 4845 ι
490 4810 613 4865 quae
634 4812 746 4853 non
767 4809 1022 4870 poterant
1060 4804 1311 4873 probare,
1353 4805 1523 4860 Paulo
1551 4821 1652 4877 pro
1690 4823 1749 4862 se
1780 4824 2011 4879 respon«

2118 4719 2136 4752 ι
2182 4700 2352 4755 πολλά
2403 4686 2498 4755 καὶ
2552 4701 2726 4773 βαρέα
2773 4701 3078 4773 αἰτιάματα
3133 4700 3394 4772 φέροντες
3434 4700 3577 4755 κατὰ
3601 4703 3705 4756 τοῦ

2117 4810 2136 4845 ι
2180 4793 2396 4848 Παύλου
2434 4835 2450 4859 ,
2506 4793 2543 4848 ἃ
2605 4794 2706 4847 οὐκ
2763 4794 2948 4864 ίσχυον
3006 4793 3288 4858 ἀποδεῖξαι
3323 4836 3338 4859 ,
3391 4793 3706 4861 ἀπολογου-

434 4906 451 4936 ι
487 4885 676 4954 dente,
715 4891 864 4960 quod
905 4908 1086 4965 neque
1115 4895 1173 4949 in
1212 4895 1390 4967 legem
1440 4896 1783 4965 Iudaeorum,
1826 4917 2009 4972 neque

2127 4906 2135 4939 ι
2185 4886 2345 4958 μένου
2366 4886 2554 4952 αὐτοῦ,
2582 4889 2664 4942 ὅτι
2687 4887 2827 4941 Οὔτε
2855 4888 2935 4950 είς
2970 4885 3061 4941 τὸν
3082 4884 3245 4958 νόμόν
3270 4887 3379 4941 τῶν
3396 4887 3699 4953 Ἰουδαίων,

432 4997 451 5028 ι
489 4978 546 5033 in
573 4980 860 5050 templum,
914 4998 1096 5054 neque
1121 4984 1177 5039 in
1204 4984 1479 5042 Caesarem
1526 4989 1827 5060 quidquam
1877 5007 2009 5062 pec-

2127 5000 2135 5031 ι
2177 4978 2299 5034 οὔτε
2329 4982 2409 5045 εἰς
2434 4980 2495 5034 τὸ
2522 4980 2688 5053 ἱερὸν,
2752 4979 2878 5034 οὔτε
2916 4982 2998 5044 είς
3045 4980 3303 5053 Καίσαρά
3330 4998 3384 5033 τι
3416 4980 3701 5052 ἥμαρτον.

433 5092 451 5123 ι
487 5083 692 5129 casset.
733 5074 929 5131 Festus
968 5086 1155 5134 autem
1198 5080 1391 5137 volens
1434 5081 1730 5153 gratiﬁcari
1779 5083 2006 5153 Judreis,

2127 5092 2133 5126 ι
2189 5075 2246 5129 '0
2274 5076 2481 5145 Φῆστος
2528 5074 2585 5128 δὲ
2609 5076 2722 5138 τοῖς
2747 5072 3029 5137 Ἰουδαίοις
3072 5072 3245 5127 θέλων
3267 5073 3430 5146 χάριν
3455 5073 3701 5126 καταθέ-

432 5185 451 5218 ι
486 5165 826 5236 respondens
889 5168 1103 5233 Paulo.
1167 5170 1306 5229 dixit
1356 5189 1372 5227 :
1432 5173 1528 5230 Vis
1609 5175 2005 5249 Jcrosolymam

2127 5187 2132 5217 ι
2179 5165 2322 5232 σθαι,
2356 5165 2679 5238 ἀποκριθεὶς
2703 5165 2780 5236 τῷ
2800 5165 3021 5238 Παύλῳ,
3049 5161 3194 5219 εἶπε·
3221 5166 3411 5229 Θέλεις
3427 5168 3506 5230 είς
3524 5165 3700 5238 Ίερο⁹

431 5278 450 5310 ι
486 5259 808 5327 ascendere,
853 5271 911 5317 et
935 5261 1013 5317 ibi
1036 5261 1106 5318 de
1135 5262 1223 5319 his
1251 5263 1487 5335 judicari
1520 5265 1665 5338 apud
1702 5268 1829 5322 me?
1857 5266 2008 5324 Dixit

2127 5279 2133 5311 l
2183 5260 2391 5331 σόλυμα
2423 5259 2656 5324 ἀναϐὰς,
2685 5260 2803 5312 ἐκεῖ
2847 5258 2976 5330 περὶ
3012 5257 3219 5312 τούτων
3269 5256 3555 5330 κρίνεσθαι
3600 5258 3695 5312 ἐπ’

430 5374 448 5406 ι
486 5362 672 5410 autem
696 5354 900 5412 Paulus
931 5373 944 5409 :
982 5356 1064 5412 Ad
1102 5357 1346 5413 tribunal
1372 5359 1605 5415 Cmsaris
1635 5370 1740 5425 sto,
1795 5361 1889 5416 ubi
1916 5376 2003 5417 me

2127 5372 2132 5404 ι
2178 5353 2343 5424 ὲμοῦς
2367 5349 2502 5406 Eine
2515 5352 2615 5420 66,6
2635 5353 2863 5416 Παῦλος·
2882 5353 3005 5406 Ἐπὶ
3024 5351 3118 5405 τοῦ
3146 5351 3389 5423 βήματος
3411 5351 3701 5422 Καίσαρος

429 5464 447 5495 ι
494 5453 714 5516 oportet
737 5446 999 5519 judicari.
1049 5447 1255 5505 Iudaeis
1307 5447 1517 5504 nullam
1566 5448 1672 5505 feci
1719 5450 2001 5523 injuriam,

2127 5465 2133 5497 ι
2181 5443 2355 5510 ἑστώς
2403 5446 2542 5516 είμι,
2577 5440 2638 5499 οῦ
2671 5463 2739 5516 με
2756 5445 2836 5499 δεῖ
2861 5444 3170 5517 κρίνεσθαι.
3216 5444 3507 5507 Ἰουδαίους
3535 5443 3696 5497 οὐδὲν

427 5555 447 5587 ι
493 5538 641 5594 sicut
662 5545 718 5593 et
746 5546 802 5592 tu
831 5539 1029 5595 melius
1071 5539 1239 5596 nosti.
1274 5537 1331 5595 Si
1358 5540 1507 5596 enim
1555 5541 1816 5614 injuriam
1869 5541 2000 5611 feci,

2127 5559 2132 5592 ι
2177 5538 2434 5611 ἠδίκησα,
2487 5538 2564 5602 ὡς
2588 5539 2684 5592 ml.
2705 5539 2768 5592 σῦ
2802 5538 3023 5592 κάλλιον
3052 5537 3460 5607 ἐπιγινώσκεις.
3493 5537 3556 5590 EE
3588 5535 3697 5606 μὲν

428 5652 446 5683 ι
487 5640 584 5688 aut
614 5632 897 5703 quidpiam
931 5633 1159 5705 dignum
1189 5643 1368 5691 morte
1402 5635 1743 5707 perpetravi,
1774 5652 1884 5691 non
1913 5652 2003 5691 re-

2127 5651 2130 5684 ι
2174 5629 2284 5704 γὰρ
2326 5630 2522 5697 ἀδικῶ,
2576 5631 2671 5684 καὶ
2720 5630 2872 5695 ἀξιον
2917 5631 3151 5685 θανάτου
3202 5629 3461 5703 πέπραχά
3508 5647 3584 5695 τι,
3625 5631 3693 5683 οῦ

426 5746 445 5776 ι
483 5742 619 5781 cuso
647 5727 810 5781 mori.
844 5725 901 5782 Si
945 5743 1080 5783 vero
1109 5728 1247 5783 nihil
1293 5737 1379 5784 est
1426 5744 1619 5785 eorum
1683 5729 1751 5784 de
1797 5726 2002 5799 quibus

2127 5747 2129 5774 :
2180 5725 2551 5797 παραιτοῦμαι
2581 5726 2642 5779 τὸ
2670 5726 2986 5779 ἀποθανεῖν.
3036 5726 3099 5779 Εἰ
3134 5726 3191 5779 δὲ
3221 5725 3374 5779 οὐδέν
3430 5726 3580 5778 ἐστιν
3613 5717 3694 5777 ὧν

426 5838 444 5869 ι
495 5819 652 5889 172
681 5818 736 5874 hi
771 5830 1040 5875 accusant
1072 5837 1181 5883 me.
1220 5838 1384 5878 nemo
1412 5830 1595 5892 potest
1617 5839 1703 5878 me
1752 5822 1863 5878 illis
1895 5823 1997 5879 do-

2127 5841 2131 5870 :
2170 5813 2316 5874 οὗτοι
2362 5818 2731 5891 κατηγοροῦσί
2788 5836 2913 5890 μου,
2954 5818 3130 5883 οὐδείς
3162 5820 3471 5890 μεδύναται
3503 5819 3693 5881 αὐτοῖς

425 5929 445 5965 ι
479 5928 628 5968 nare.
662 5912 929 5971 Caesarem
957 5915 1192 5985 appello.
1221 5916 1374 5972 Tunc
1398 5916 1590 5972 Festus
1615 5932 1738 5971 cum
1769 5916 1999 5973 consilio

2175 5913 2524 5984 χαρίσασθαι.
2578 5912 2834 5984 Καίσαρα
2893 5912 3285 5981 ἐπικαλοῦμαι.
3321 5913 3452 5967 Τότε
3503 5912 3531 5964 6
3577 5912 3690 5976 Φῆ-

3994 2710 4005 2783 ί

3996 2788 4007 2849 Ξ

3992 2854 4007 2927 ἲ

4000 2934 4007 2965 Ι
