4024 6542
372 482 481 551 285

1358 484 1752 549 COMMENT.
1808 483 1893 547 IN
1925 481 2113 545 ACTA
2152 482 2739 547 APOSTOLORUM.

3520 479 3628 545 286

380 611 401 643 ι
443 608 572 657 στος
607 590 945 663 συλλαλήσας
981 590 1119 663 μετὰ
1145 590 1239 646 τοῦ
1269 590 1623 663 συμϐουλίου,
1652 591 1948 662 ἀπεκρίθην

2124 590 2453 653 collocutus,
2511 585 2840 662 respondit:
2881 585 3149 644 Caesarem
3181 585 3517 657 appellasti?
3558 586 3630 644 ad

382 701 403 735 ι
447 684 711 755 Καίσαρα
754 682 1151 754 ὲπικέκλησαιίς
1190 681 1283 736 ἐπὶ
1309 682 1571 754 Καίσαρα
1626 682 1889 756 πορεύσῃ.
1930 702 1949 736 ι

448 777 545 847 Τὸ,
566 796 587 831 ι
609 778 734 833 Ἐπὶ
753 779 848 833 τοῦ
876 778 1116 851 βήματος
1146 777 1424 850 Καίσαρος
1453 779 1626 844 ἑστώς
1649 780 1819 850 sint,»
1851 778 1958 850 ἔφη

375 873 407 926 δ
444 868 677 933 Παῦλος.
705 868 1024 940 βουλόμενος
1048 868 1146 931 τὰς
1193 867 1301 923 τῶν
1338 868 1613 924 Ἰουδαίων
1640 870 1833 941 χεῖρας
1860 871 1957 923 ἐκ·

377 958 600 1029 φυγεῖν,
631 956 912 1010 τουτέστιν
932 959 990 1010 ὲν
1018 959 1087 1028 τῇ
1130 955 1319 1028 Ῥώμῃ
1348 956 1488 1011 θέλω
1516 957 1771 1012 ἀπελθεῖν
1806 956 1958 1030 παρὰ

379 1049 462 1119 τῷ
484 1048 717 1120 βασιλεῖ,
745 1048 907 1102 κάκεί
934 1047 1281 1103 δικάσασθαι.
1300 1047 1669 1119 Ἐκκαλοῦμαί
1692 1065 1774 1114 σε,
1797 1046 1953 1120 φησί.

377 1143 458 1196 To
490 1140 624 1213 γάρ,
648 1140 1089 1212 Καῖσαρ,ὅνομα,
1131 1129 1451 1213 Ῥωμαϊστί,
1472 1141 1742 1206 ,βασιλέα
1765 1141 1962 1213 σημαί-

378 1231 590 1300 νει,ὠς
650 1230 817 1304 κοινῷ
872 1230 1100 1302 ὀνόματι
1147 1232 1360 1296 πάντας
1389 1231 1633 1304 βασιλεῖς
1671 1231 1959 1305 Ῥωμαίων

379 1323 674 1394 Καίσαρας
711 1323 813 1394 μὲν
835 1322 1144 1391 καλεῖσθαι,
1176 1323 1315 1378 καθὸ
1349 1324 1412 1395 δὴ
1468 1324 1729 1396 βασιλεῖς,
1762 1324 1821 1378 ού
1855 1324 1962 1397 μὴν

381 1414 483 1470 καὶ
517 1414 660 1469 tam
684 1415 866 1469 αὐτῶν
893 1413 1137 1486 ὀνόματα
1168 1412 1310 1471 εἶναι
1339 1414 1535 1472 ταῦτα.
1559 1415 1687 1472 Ἐπὶ
1734 1412 1833 1489 μὲν
1853 1416 1962 1490 γὰρ

379 1504 490 1573 τῆς
516 1504 611 1560 τοῦ
631 1504 868 1576 Χριστοῦ
890 1506 1197 1579 γεννήσεως
1218 1509 1247 1562 ό
1269 1507 1393 1562 τότε
1417 1506 1719 1579 βασιλεύων
1743 1509 1963 1582 Καῖσαρ

378 1594 699 1664 Αὔγουστος
726 1596 973 1651 ἐκαλεῖτο
998 1613 1012 1628 ο
1072 1596 1244 1652 ἔπαθε
1263 1597 1321 1652 δὲ
1351 1598 1444 1653 ἐπὶ
1467 1598 1720 1670 Τιϐερίου
1752 1599 1963 1655 Καίσα-

383 1703 506 1758 ρος.
537 1686 599 1739 '0
618 1685 676 1739 δὲ
708 1686 983 1758 μακάριος
1027 1687 1245 1754 Παῦλος
1288 1688 1385 1743 ἰπὶ
1412 1689 1664 1763 Νέρωνος
1688 1689 1965 1763 Καίσαρος

383 1780 700 1851 ἀναιρεῖται
727 1780 787 1834 ὲν
818 1778 1034 1852 Ῥώμῃ.

969 1871 1221 1928 ΚΕΦΑΛ.
1255 1873 1379 1929 ΔΖ’.

398 1982 689 2076 Ἀγρίππα
722 1984 1544 2076 καιηΒςρῖίκηςῇπιεροκσίαθ
1585 1988 1683 2076 ua!
1718 1988 1966 2076 περσςις
1993 1938 2041 1995 Β

457 2051 759 2128 miracqu
812 2051 1302 2128 Παῦλοτςζέενῷ
1340 2051 1603 2111 Παύλου
1649 2051 1949 2128 ἀπολογία

460 2123 558 2195 ἑπξ
591 2122 791 2195 αὺτῷν
814 2124 950 2194 περὶ
983 2124 1094 2192 τῆς
1113 2122 1372 2195 ἐννόμου
1407 2127 1733 2193 θρησκείας
1779 2122 1967 2182 αὐτοῦ

459 2193 564 2265 καὶ
612 2193 897 2265 κῳλήσεῳςί
934 2196 1044 2260 χείς
1089 2194 1158 2248 τὸ
1194 2193 1576 2265 Εὗαγγέλιον
1599 2213 1613 2228 ·
1666 2197 1747 2263 ὡς
1782 2196 1968 2252 οὐδὲν

460 2261 1009 2398 ἓιῗὲξξιουδαίους
1034 2265 1065 2319 ό
1091 2261 1346 2332 Παῦλοςξ
1359 2261 1701 2336 Ἀγρίππας,
1724 2261 1851 2338 ἔφη
1889 2265 1970 2334 τῷ

558 2347 706 2399 στῳ.

476 2443 498 2477 ι
521 2425 773 2497 Ἢμερῶν
800 2426 857 2481 δὲ
879 2426 1276 2500 διαγενομένων
1298 2427 1461 2483 τινῶν
1482 2428 1791 2499 Ἀγρίππας
1816 2430 1843 2483 ὁ
1876 2428 1971 2499 βα-

398 2536 421 2571 ι
465 2518 651 2583 σιλεὺς
689 2520 783 2573 καὶ
808 2518 1076 2590 Βερενίκη
1101 2513 1453 2590 κατήντησαν
1475 2523 1556 2583 εἰς
1589 2504 1959 2592 Καισάρειαν,

402 2630 421 2663 ι
462 2609 840 2682 ἀσπασόμενοι
868 2609 962 2664 τὸν
1010 2610 1240 2679 Φῆστον.
1277 2609 1367 2673 Ὠς
1392 2609 1451 2663 δὲ
1498 2611 1718 2675 πλείους
1755 2610 1970 2682 ἡμέρας

400 2724 422 2760 ι
462 2703 735 2776 διέτριϐεν
793 2705 931 2768 ἐκεῖ,
960 2701 1221 2772 suam;
1267 2700 1346 2773 τῷ
1405 2699 1616 2772 βασιλεῖ
1652 2701 1872 2756 ἀνέθετο
1902 2702 1971 2757 τὰ

399 2815 422 2850 ¢
469 2796 615 2852 κατά
658 2795 749 2850 τὸν
796 2794 1031 2862 Παῦλον,
1068 2794 1284 2864 λέγων·
1352 2795 1515 2867 Ἀνήρ
1541 2794 1626 2859 τίς
1648 2795 1765 2850 έστι
1804 2813 1973 2851 κατα-

402 2907 423 2941 ι
466 2887 821 2957 λελειμμένος
845 2886 950 2940 ὑπὸ
977 2886 1210 2958 Φήλικος
1235 2886 1476 2958 δέσμιος,
1493 2886 1623 2956 περὶ
1656 2881 1717 2942 οὗ
1745 2887 1976 2958 γενομέ-

409 2999 430 3032 σ
473 2997 570 3033 νου
608 2994 711 3049 μου
752 2977 1215 3050 είςἹεροσόλυμα,
1249 2977 1587 3048 ὲνεφάνησαν
1616 2979 1665 3031 οἱ
1696 2978 1977 3048 ἀρχιερεῖς

402 3089 423 3123 ι
465 3073 564 3125 καὶ
627 3070 680 3125 οἱ
737 3069 1099 3141 πρεσϐύτεροι
1160 3068 1270 3122 τῶν
1329 3069 1621 3134 Ἰουδαίων,
1665 3068 1976 3139 αἰτούμενοι

404 3182 425 3216 ι
466 3162 594 3218 κατ’
650 3161 815 3216 αὐτοῦ
875 3161 1054 3232 δίκην.
1099 3160 1243 3232 Πρὸς
1264 3157 1360 3224 οὒς
1407 3157 1738 3230 ἀπεκρίθην,
1770 3156 1977 3212 ὅτιούκ

2065 701 2083 733 ι
2112 681 2380 738 Caesarem
2404 681 2532 737 ibis.
2564 700 2583 735 ι

2136 791 2156 824 ι
2189 771 2273 828 Ad
2304 772 2546 828 tribunal
2570 770 2801 828 Cesaris
2843 782 2952 836 sto,
2993 789 3011 822 ι
3046 769 3124 825 ait
3148 768 3378 835 Paulus,
3436 768 3630 824 volens

2056 863 2376 921 Iudaeorum
2406 879 2603 920 manus
2632 862 2898 934 effugere,
2933 861 3040 918 hoc
3095 872 3200 925 est,
3238 861 3365 916 volo
3397 861 3630 916 Romam

2058 956 2335 1028 proﬁcisci
2363 956 2431 1011 ad
2460 956 2869 1027 imperatorem,
2897 964 2954 1010 et
2980 953 3056 1009 ibi
3076 948 3313 1025 judicari
3341 991 3356 1006 .
3385 952 3634 1007 Provoco

2063 1056 2141 1115 te,
2170 1048 2371 1120 inquit.
2419 1047 2631 1103 Nomen
2668 1045 2854 1102 Caesar
2914 1046 3160 1101 Romana
3212 1044 3400 1115 lingua.
3446 1058 3634 1114 regem

2060 1155 2158 1197 seu
2218 1141 2609 1212 imperatorem
2672 1137 2944 1209 signiﬁcat
3001 1137 3189 1194 :adeo
3238 1145 3302 1191 ut
3354 1134 3636 1193 communi

2059 1232 2285 1289 nomine
2326 1247 2523 1288 omnes
2550 1230 2914 1302 imperatores
2964 1227 3335 1285 Romanorum
3391 1226 3637 1284 Caesares

2060 1334 2349 1395 vocentur,
2383 1334 2640 1396 tanquam
2687 1322 2840 1379 dicas
2885 1337 3050 1392 reges
3108 1323 3199 1377 vel
3249 1322 3633 1393 imperatores.

2061 1416 2228 1489 Atqui
2257 1418 2375 1474 hac
2402 1417 2522 1473 non
2543 1425 2703 1472 erant
2740 1414 2961 1486 propria
2987 1429 3182 1471 eorum
3215 1415 3462 1470 nomina.
3519 1412 3636 1469 Sub

2062 1509 2270 1569 Christi
2295 1510 2446 1567 enim
2476 1510 2784 1577 nativitate,
2822 1509 2917 1581 qui
2944 1520 3077 1565 tunc
3108 1507 3416 1579 imperabat
3452 1506 3637 1563 Caesar

2063 1602 2348 1675 Augustus
2405 1601 2707 1658 vocabatur
2738 1619 2751 1656 :
2784 1617 2979 1673 passus
3005 1608 3090 1656 est
3120 1607 3304 1655 autem
3334 1598 3436 1655 sub
3467 1597 3637 1653 Tibe-

2064 1692 2150 1748 rio
2173 1691 2405 1749 Caesarc.
2436 1692 2640 1748 Paulus
2665 1706 2800 1748 vero
2828 1691 2931 1748 sub
2958 1691 3178 1747 Nerone
3207 1689 3422 1747 Caesare
3451 1690 3639 1745 Romae

2067 1782 2420 1840 interﬁcitur.
3324 1783 3329 1787 ’

2569 1872 2793 1932 CAPUT
2819 1871 3080 1929 XXXVII.

2066 1986 2313 2060 Agrippa:
2335 1995 2385 2041 et
2417 1985 2665 2060 Bernicia:
2704 1988 2979 2053 adventus,
3010 2004 3071 2060 a_c
3097 1988 3549 2060 interrogationes,
3568 1987 3632 2041 de

2137 2056 2289 2112 rebus
2340 2072 2461 2127 quq:
2489 2056 2721 2111 Paulum
2769 2057 3151 2112 concernebant
3181 2073 3200 2113 :
3230 2056 3433 2127 in'quo
3480 2058 3645 2127 etiam

2138 2125 2399 2181 narratur
2428 2126 2588 2181 Pauli
2612 2128 2683 2181 ad
2705 2143 2769 2182 ea
2793 2129 3084 2197 responsio,
3122 2127 3185 2180 de
3220 2125 3452 2197 legitimo
3490 2126 3643 2180 cultu

2139 2212 2237 2279 suo
2281 2204 2331 2279 et
2372 2197 2650 2279 uacatione
2680 2197 2753 2279 _ad
2783 2195 3136 2279 Eydnge‘llium
3167 2195 3352 2279 {quod
3396 2195 3645 2279 .Agrippg

2139 2266 2333 2406 (Itinera
2364 2264 2518 2322 Festo
2549 2265 2784 2323 Paulum
2823 2267 2879 2322 in
2915 2264 3064 2321 nullo
3090 2264 3303 2322 Iudicas
3329 2264 3646 2337 injuria'of—

2165 2353 2342 2391 casse.

2165 2353 2342 2391 801888.

2140 2427 2308 2494 XXV,
2340 2428 2439 2484 l5—
2466 2427 2556 2483 ﬁ7.
2594 2446 2613 2479 ι
2648 2428 2717 2484 Et
2775 2442 2900 2483 cum
2956 2426 3077 2483 dies
3133 2426 3345 2497 aliquot
3384 2424 3648 2482 transacti

2081 2538 2098 2571 ι
2137 2518 2641 2592 essent:Agrippa‘
2691 2535 2790 2575 rex
2842 2527 2899 2575 et
2956 2519 3185 2576 Bernice
3234 2517 3649 2576 descenderunt

2083 2630 2099 2661 ι
2127 2608 2454 2679 Caesaream,
2481 2610 2773 2666 salutaturi
2810 2610 3054 2668 Festum.
3106 2609 3354 2680 Cumque
3398 2609 3649 2680 pluribus

2082 2721 2100 2755 ι
2137 2702 2333 2758 diebus
2362 2703 2438 2759 ibi
2468 2710 2965 2770 commorarentnr,
3001 2701 3198 2758 Festus
3257 2701 3370 2773 regi
3423 2716 3645 2757 causam

2083 2814 2101 2847 ι
2143 2794 2295 2850 Pauli
2331 2795 2546 2863 retulit,
2596 2796 2791 2852 dicens
2819 2812 2834 2851 :
2862 2795 2961 2853 Vir
2994 2794 3219 2866 quidam
3248 2803 3334 2850 est
3364 2793 3591 2849 relictus
3616 2809 3646 2847 a

2084 2910 2102 2941 ι
2147 2890 2329 2945 Felice
2378 2888 2618 2953 vinctus,
2643 2888 2713 2944 de
2745 2903 2878 2959 quo,
2905 2903 3031 2944 cum
3065 2887 3338 2944 venissem
3369 2870 3648 2964 Jerosoly-

2085 2997 2103 3030 ι
2152 2993 2314 3043 mam,
2348 2976 2805 3049 signiﬁcaverunt
2829 2975 2962 3030 mihi
2993 2974 3272 3046 principes
3296 2973 3646 3028 sacerdotum

2085 3086 2106 3120 ι
2149 3082 2211 3123 ac
2238 3065 2486 3123 seniores
2530 3064 2871 3129 Iudaeorum,
2911 3063 3254 3134 postulantes
3284 3060 3547 3117 adversus
3579 3061 3648 3114 il-

2088 3177 2106 3210 ι
2139 3158 2254 3213 lum
2317 3156 2674 3213 sententiam.
2737 3154 2951 3222 Quibus
3014 3152 3297 3225 respondi,
3360 3168 3471 3208 non
3530 3166 3653 3207 esse

403 3275 427 3310 ι
471 3255 623 3310 ἔστιν
673 3254 794 3319 ἔθος
835 3252 1131 3323 Ῥωμαίοις
1164 3250 1490 3323 χαρίζεσθαί
1537 3266 1661 3304 τινα
1690 3248 1976 3323 ἄνθρωπον

2089 3270 2106 3303 ‹
2140 3249 2402 3305 Romanis
2438 3247 2901 3304 consuetudinem
2934 3245 3006 3301 ob
3040 3246 3271 3318 gratiam
3310 3243 3517 3300 donare
3550 3243 3652 3299 ali-

404 3367 428 3402 e
467 3348 552 3412 εις
588 3345 865 3401 ἀπώλειαν
892 3385 909 3413 ,
956 3344 1088 3417 πρὶν
1136 3344 1171 3416 ἢ
1223 3343 1253 3397 δ
1297 3342 1770 3415 κατηγορούμενος
1835 3343 1977 3397 κατὰ

404 3458 429 3495 σ
471 3439 765 3513 πρόσωπον
797 3437 912 3511 ἔχοι
954 3439 1082 3502 τοὺς
1110 3437 1471 3508 κατηγόρους,
1505 3437 1671 3490 τόπον
1695 3452 1756 3489 τε
1783 3436 1978 3490 ἀπολο-

402 3553 424 3588 ι
466 3533 594 3603 γίας
624 3532 777 3588 λάϐοι
799 3532 927 3601 περὶ
954 3531 1048 3585 τοῦ
1086 3530 1450 3602 ἐγκλήματος.
1480 3528 1850 3584 Συνελθόντων
1881 3522 1976 3582 οῦν

406 3642 429 3680 ι
467 3623 647 3679 αὐτῶν
704 3623 913 3690 ἐνθάδε,
947 3621 1217 3693 ἀναϐολὴν
1271 3621 1551 3694 μηδεμίαν
1580 3620 1975 3691 ποιησάμενος,

403 3736 429 3772 τ
470 3718 538 3790 τῇ
557 3716 687 3787 ἑξῆς
709 3715 938 3778 καθίσας
970 3713 1063 3768 ἐπὶ
1088 3713 1183 3768 τοῦ
1216 3716 1480 3786 βήματος,
1510 3713 1773 3769 ἐκέλευσα
1807 3712 1978 3785 ἀχθῆ-

404 3822 428 3857 ι
469 3821 557 3859 ναι
587 3805 681 3859 τὸν
729 3806 920 3876 ἄνδρα.
994 3805 1132 3875 Περὶ
1159 3800 1223 3858 οῦ
1256 3802 1545 3868 σταθέντες
1569 3804 1619 3858 οἱ
1644 3804 1977 3876 κατήγοροι,

404 3915 428 3950 ‹
475 3896 735 3967 οὐδεμίαν
790 3895 973 3952 αΞτίαν
1029 3895 1298 3968 ἐπέφερον
1326 3890 1400 3951 ὧν
1435 3895 1697 3950 ὑπενόουν
1720 3895 1852 3967 ἐγὼ.
1876 3897 1980 3968 Ζηο

407 4006 429 4040 σ
475 3988 700 4059 τήματα
739 3987 798 4041 δέ
854 4003 977 4042 τινα
1030 3987 1160 4058 περὶ
1208 3988 1312 4056 τῆς
1371 3987 1508 4052 ιδίας
1561 3988 1983 4060 δεισιδαιμονίας

406 4096 429 4132 ι
477 4073 625 4148 εἶχον
685 4078 823 4149 πρὸς
876 4078 1063 4143 αὑτὸν,
1118 4079 1214 4131 καὶ
1245 4078 1374 4148 περί
1403 4094 1551 4141 τινος
1584 4075 1765 4148 Ἰησοῦ
1789 4077 1983 4147 τεθνη-

408 4186 432 4219 σ
476 4168 656 4234 κότος,
688 4167 748 4223 δν
770 4169 1008 4239 ἔφασκεν
1032 4168 1060 4222 ὁ
1094 4168 1305 4233 Παῦλος
1330 4169 1451 4241 ζῇν.
1486 4168 1892 4242 Ἀπορούμενος
1924 4168 1984 4222 δὲ

408 4277 431 4312 ι
485 4258 598 4329 ἐγὼ
626 4258 728 4330 τὴν
751 4258 881 4331 περὶ
908 4258 1101 4313 τούτου
1133 4260 1381 4332 ζήτησιν,
1409 4258 1616 4329 ελεγον,
1665 4261 1714 4314 εἰ
1742 4258 1986 4332 βούλοιτο

411 4371 434 4403 ι
476 4350 806 4424 πορεύεσθαι
827 4351 907 4416 είς
939 4351 1313 4423 Ἰερουσαλὴμ,
1348 4353 1515 4407 κάκεῖ
1543 4346 1827 4426 κρίνεσθαι
1858 4352 1987 4425 περὶ

408 4460 436 4496 σ
473 4442 705 4497 τούτων.
751 4440 859 4496 Τοῦ
912 4441 971 4496 δὲ
1018 4440 1231 4496 Παύλου
1272 4441 1768 4512 ἐπικαλεσαμένου,
1810 4459 1987 4515 τηρη-

410 4554 432 4588 ι
477 4535 641 4607 θῆναι
687 4532 852 4587 αὑτὸν
904 4532 984 4597 είς
1045 4530 1146 4602 τὴν
1192 4531 1288 4586 τοῦ
1341 4531 1619 4586 Σεϐαστοῦ
1670 4531 1985 4601 διάγνωσιν,

2087 3360 2105 3394 ι
2144 3357 2308 3412 quem
2338 3339 2616 3395 hominem
2649 3339 2805 3410 173
2845 3348 2905 3393 ut
2928 3344 3135 3409 pereat,
3162 3337 3316 3408 prius
3364 3350 3527 3407 quam
3582 3335 3651 3402 is,

2089 3453 2107 3484 ‹
2143 3433 2239 3504 qui
2299 3439 2618 3497 accusatur,
2673 3441 2975 3501 praesentes
3027 3429 3230 3485 habeat
3282 3435 3653 3494 accusatores,

2086 3544 2105 3576 ‹
2144 3525 2433 3594 locumque
2466 3520 2799 3580 defendendi
2832 3519 3067 3591 accipiat
3103 3520 3171 3576 de
3218 3518 3477 3575 crimine.
3514 3517 3650 3575 Cum

2087 3636 2105 3669 ι
2145 3631 2277 3688 ergo
2311 3615 2423 3670 huc
2454 3612 2871 3676 convenissent,
2928 3611 3049 3667 sine
3084 3611 3197 3666 ulla
3249 3610 3513 3666 dilatione
3563 3625 3653 3665 se-

2087 3730 2105 3762 c
2146 3709 2336 3781 quenti
2366 3695 2471 3764 die.
2501 3706 2702 3763 sedens
2727 3719 2830 3776 pro
2857 3703 3145 3768 tribunali,
3168 3702 3308 3775 jussi
3338 3702 3538 3758 adduci
3570 3703 3655 3757 vi-

2087 3820 2107 3854 ι
2147 3816 2291 3856 rum.
2321 3800 2398 3855 De
2428 3813 2539 3870 quo
2572 3812 2697 3853 cum
2732 3795 3017 3852 stetissent
3037 3802 3408 3859 accusatores,
3435 3792 3648 3848 nullum

2089 3910 2107 3945 ι
2145 3891 2353 3946 crimen
2387 3887 2752 3944 intendebant
2775 3899 2948 3956 super
2974 3884 3129 3939 hisce
3155 3883 3343 3950 rebus,
3368 3881 3436 3937 de
3454 3881 3660 3952 quibus

2090 4002 2108 4035 ι
2145 3998 2245 4054 ego
2276 3979 2598 4050 suspicabar
2633 3995 2647 4032 :
2685 3977 2781 4033 sed
2813 3977 3146 4047 quaestiones
3165 3974 3429 4047 quasdam
3461 3973 3529 4028 de
3559 3987 3659 4027 sua

2090 4089 2109 4124 ι
2153 4069 2545 4141 superstitione
2578 4066 2857 4121 habebant
2884 4066 3150 4121 adversus
3168 4079 3318 4129 eum,
3343 4073 3400 4119 et
3421 4063 3489 4118 de
3519 4076 3659 4134 quo-

2091 4181 2110 4215 ‹
2147 4162 2270 4217 dam
2297 4160 2427 4217 Jesu
2463 4156 2744 4221 defuncto,
2776 4169 2942 4226 quem
2983 4155 3296 4209 aﬂirmabat
3348 4153 3554 4209 Paulus
3579 4152 3662 4205 vi—

2091 4271 2109 4305 ι
2145 4266 2295 4307 vere.
2344 4248 2618 4304 Haesitans
2664 4253 2848 4301 autem
2879 4259 2979 4316 ego
3030 4243 3100 4299 de
3147 4240 3462 4314 huiusmodi
3512 4255 3664 4311 qua:-

2093 4364 2112 4398 ι
2150 4345 2352 4411 stione,
2377 4340 2652 4406 dicebam,
2686 4352 2820 4393 num
2864 4336 3033 4393 vellet
3060 4334 3143 4390 ire
3188 4333 3547 4405 Jerosolyma,
3606 4337 3664 4386 et

2095 4455 2114 4489 ι
2156 4437 2233 4492 ibi
2261 4451 2433 4505 super
2487 4433 2574 4488 his
2603 4431 2865 4505 iudicari.
2920 4429 3059 4486 Cum
3095 4437 3277 4485 autem
3331 4426 3536 4481 Paulus
3566 4440 3666 4494 ap-

2095 4549 2114 4582 ‹
2157 4529 2839 4600 pellassetutservaretur
2877 4521 3113 4603 Augusti
3164 4518 3485 4590 cognitioni,
3526 4515 3665 4588 jussi

411 4643 437 4680 ε
475 4624 739 4680 ἐκέλευσα
792 4622 1080 4695 τηρεῖσθαι
1120 4622 1282 4677 αὐτὸν
1329 4622 1436 4687 ἕως
1470 4616 1532 4677 οὗ
1560 4623 1761 4694 πέμψω
1819 4622 1976 4677 αὐτὸν

2096 4640 2114 4673 ι
2149 4621 2357 4677 servari
2382 4634 2532 4684 eum,
2559 4618 2735 4672 donec
2756 4617 3033 4671 mitterem
3058 4614 3238 4684 ipsum
3265 4610 3333 4666 ad
3362 4609 3659 4666 Caesarem.

414 4736 438 4773 ι
480 4717 620 4790 πρὸς
678 4715 955 4788 Καίσαρα.
1003 4714 1315 4787 ’Δγρίππας
1361 4715 1419 4770 δὲ
1474 4716 1613 4787 πρὸς
1660 4714 1751 4769 τὸν
1777 4715 1984 4785 Φῆστον

415 4828 439 4864 ι
477 4809 606 4880 ἔφη·
623 4806 960 4879 Ἐϐουλόμην
983 4808 1078 4860 καὶ
1105 4805 1268 4871 αὐτὸς
1288 4805 1384 4861 τοῦ
1415 4806 1704 4878 ἀνθρώπου
1726 4804 1981 4863 ἀκοῦσαι.

417 4923 438 4955 ι
492 4902 553 4956 '0
574 4900 650 4967 δὲ,
674 4899 893 4971 Αὔριον,
916 4900 1104 4972 φησὶν,
1136 4898 1346 4971 ἀκούσῃ
1378 4897 1564 4955 αὐτοῦ.
1587 4900 1667 4972 Τῇ
1686 4898 1780 4954 οῦν
1809 4898 1986 4954 ἐπαύ-

419 5015 441 5050 c
486 5012 603 5069 ριον
657 4993 905 5056 ἑλθόντος
955 4992 1051 5046 τοῦ
1094 4992 1374 5062 Ἀγρίππα
1408 4991 1503 5047 καὶ
1533 4990 1635 5062 τῆς
1689 4990 1987 5062 Βερενίκης

419 5108 439 5139 ι
485 5086 627 5158 μετά
682 5084 888 5154 πολλῆς
927 5082 1252 5154 φαντασίας,
1304 5084 1398 5138 καὶ
1455 5082 1802 5136 εἰσελθόντων
1824 5083 1904 5145 είς
1925 5080 1986 5133 τὸ

416 5197 438 5231 ι
483 5177 850 5251 ἀκροατήριον
882 5175 979 5229 σύν
1038 5192 1099 5257 τε
1128 5178 1240 5239 τοῖς
1290 5174 1591 5247 χιλιάρχοις
1640 5174 1735 5228 καὶ
1760 5174 1987 5246 ἀνδράσι

418 5289 440 5323 ι
480 5272 595 5332 τοῖς
647 5266 769 5322 κατ’
818 5265 1012 5338 ἐξοχὴν
1037 5265 1156 5321 οῦσι
1178 5268 1276 5339 τῆς
1309 5267 1536 5333 πόλεως,
1564 5267 1658 5321 καὶ
1692 5266 1987 5321 κελεύσειν·

418 5379 438 5414 ι
478 5370 584 5423 τος
632 5358 726 5413 τοῦ
769 5358 1002 5427 Φήστου,
1060 5357 1201 5429 ἢχθη
1229 5361 1258 5412 ὁ
1310 5357 1542 5421 Παῦλος.
1594 5357 1703 5412 Καί
1757 5375 1920 5430 φησιν
1960 5358 1988 5413 ὁ

421 5474 440 5508 ι
477 5454 725 5525 ⁶Ινὶτιστος·
763 5451 1047 5523 ’Δγρίππα
1091 5450 1336 5521 βασιλεῦ,
1403 5450 1496 5504 καὶ
1540 5450 1738 5515 πάντες
1766 5452 1816 5505 οἱ
1848 5469 1988 5521 συμ-

420 5566 441 5599 ι
488 5544 758 5618 παρόντες
781 5544 911 5614 ἡμῖν
931 5541 1144 5613 ἄνδρες,
1167 5542 1423 5612 θεωρεῖτε
1445 5539 1668 5608 τοῦτον;
1702 5542 1831 5612 περὶ
1859 5541 1987 5597 τού-

422 5654 442 5687 ι
482 5652 578 5689 του
630 5635 741 5687 πᾶν
761 5633 822 5686 τὸ
854 5631 1057 5701 πλῆθος
1108 5630 1218 5683 τῶν
1270 5630 1546 5685 Ἰουδαίων
1591 5632 1840 5702 ἐνέτυχόν
1876 5650 1988 5703 μοι,

424 5748 444 5781 ι
486 5728 545 5782 ἔν
582 5743 644 5781 τε
676 5723 1071 5797 σιεροσολύμοις
1120 5723 1217 5777 καὶ
1268 5723 1479 5787 ἐνθάδε,
1522 5722 1855 5788 ἐπιϐοῶντες
1914 5726 1989 5798 μὴ

427 5838 448 5872 ι
486 5819 595 5873 δεῖν
624 5816 725 5887 ζῇν
783 5813 945 5870 αὐτὸν
989 5813 1203 5886 μηκέτι.
1257 5812 1401 5883 Ἐγὼ
1438 5813 1497 5867 δὲ
1550 5814 1992 5885 καταλαϐόμενος

427 5933 447 5965 ι
498 5911 665 5984 μηδὲν
689 5908 837 5975 ἀξιον
868 5906 1099 5963 θανάτου
1129 5906 1288 5965 αὐτὸν
1312 5905 1675 5979 πεπραχέναι,
1707 5908 1797 5963 καὶ
1824 5906 1989 5965 αὐτοῦ

2095 4732 2113 4766 ι
2149 4712 2386 4784 Agrippa
2411 4719 2595 4766 autem
2623 4708 2762 4763 dixit
2784 4706 2853 4762 ad
2874 4705 3102 4761 Festum
3133 4722 3148 4759 :
3177 4701 3442 4758 Volebam
3467 4707 3525 4754 et
3552 4697 3668 4769 ipse

2094 4822 2113 4856 ι
2150 4801 2435 4858 hominem
2462 4798 2679 4854 audire.
2733 4796 2890 4862 Cras,
2918 4793 3118 4864 inquit,
3151 4790 3345 4846 audies
3368 4804 3518 4844 eum.
3560 4788 3669 4843 Po-

2095 4916 2114 4950 ‹
2159 4904 2309 4952 stero
2336 4909 2473 4950 vero
2498 4893 2588 4949 die
2634 4906 2762 4947 cum
2797 4886 3045 4945 venisset
3073 4885 3315 4957 Agrippa
3356 4890 3412 4940 et
3439 4881 3693 4939 Bernice

2095 5009 2113 5041 ι
2150 5003 2274 5044 cum
2300 4974 2474 5043 multo
2499 4991 2787 5054 apparatu,
2833 4990 2891 5037 et
2945 4978 3269 5034 introissent
3339 4976 3397 5032 in
3451 4974 3673 5031 audito-

2096 5101 2114 5134 ι
2157 5081 2300 5135 rium
2359 5092 2484 5134 cum
2521 5075 2763 5132 tribunis
2794 5080 2852 5130 et
2900 5071 3198 5144 praecipuis
3243 5068 3384 5125 viris
3411 5065 3691 5133 civitatis,

2095 5192 2115 5225 ι
2147 5170 2377 5244 jubente
2412 5168 2599 5233 Festo,
2627 5165 2902 5222 adductus
2952 5171 3039 5221 est
3076 5162 3301 5218 Paulus.
3342 5161 3412 5216 Et
3460 5160 3538 5216 ait
3573 5158 3679 5215 Fe~

2097 5284 2116 5317 ‹
2150 5274 2270 5322 stus
2303 5280 2318 5318 :
2355 5262 2599 5334 Agrippa
2643 5276 2740 5315 rex
2777 5271 3079 5328 omnesque
3114 5255 3208 5327 qui
3247 5253 3408 5310 simul
3465 5252 3692 5308 adestis.

2097 5376 2115 5409 ί
2155 5354 2443 5411 nobiscum
2472 5351 2597 5419 viri,
2621 5350 2818 5406 videtis
2846 5350 2993 5404 hunc
3015 5347 3321 5411 hominem,
3339 5344 3534 5414 dequo
3557 5354 3686 5398 om-

2097 5468 2120 5500 ο
2151 5448 2239 5503 nis
2263 5445 2558 5502 multitudo
2582 5443 2897 5502 Iudaeorum
2934 5438 3311 5512 interpellavit
3327 5452 3416 5491 me
3439 5444 3553 5491 tum
3582 5434 3692 5490 10-—

2098 5557 2116 5589 ι
2153 5534 2440 5605 rosolymis
2468 5543 2581 5589 tum
2594 5532 2711 5597 hic,
2725 5532 3120 5594 acclamantes,
3136 5533 3516 5596 nomoportere
3546 5538 3695 5578 eum:

2100 5649 2117 5681 ι
2153 5627 2339 5683 vivere
2372 5625 2628 5696 amplius.
2672 5625 2787 5696 Ego
2808 5637 2943 5679 vero
2973 5619 3215 5690 comperi
3250 5617 3389 5672 nihil
3450 5615 3692 5686 dignum.

2101 5740 2118 5773 ‹
2156 5727 2333 5775 morte
2369 5735 2499 5775 eum
2537 5717 2859 5773 admisisse-
2884 5713 3157 5769 Caeterum
3197 5725 3321 5765 cum
3352 5708 3399 5763 is
3428 5707 3548 5778 ipse
3577 5723 3689 5777 ap~

2102 5832 2119 5864 ι
2165 5812 2424 5882 pellasset
2452 5809 2782 5879 Augustum,
2820 5804 2988 5861 statui
3017 5802 3236 5858 mittere
3259 5815 3386 5855 eum
3417 5817 3431 5853 :
3464 5799 3531 5855 de
3557 5815 3683 5870 quos

2104 5924 2120 5958 ι
2161 5902 2308 5974 quod
2346 5908 2497 5960 certo
2515 5897 2755 5955 scribam
2809 5895 3032 5951 domino
3057 5934 3070 5960 ,
3128 5907 3237 5948 non
3279 5891 3477 5947 habeo.
3536 5889 3672 5957 Qua.
