4024 6590
354 449 459 520 287

1346 520 1363 527 ,
1435 451 1833 515 (ECUMENII
1872 450 2164 539 TRICCM;
2210 450 2553 512 EPISCOPI

3509 441 3620 510 288

363 584 381 616 ι
422 570 648 636 propter
691 562 928 636 produxi
953 578 1082 619 eum
1112 562 1180 618 ad
1215 578 1335 629 vos,
1367 571 1424 618 et
1467 564 1701 619 maxime
1738 563 1805 618 ad
1853 572 1926 625 te.

2046 582 2055 614 ι
2099 562 2152 615 δὲ
2181 561 2372 617 τούτου
2414 557 2885 630 ἐπικαλεσαμένου
2938 557 3031 611 τὸν
3079 554 3368 620 Σεδαστᾌν,
3425 554 3623 625 ἔκρινα

363 676 382 707 ε
424 671 516 710 rex
539 656 799 726 Agrippa,
828 666 910 720 ut,
929 655 1331 711 examinatione
1351 655 1514 719 facta,
1538 656 1768 713 habeam
1787 656 1936 727 quod

365 767 381 797 ι
421 747 681 802 scribam.
738 748 1017 817 Iniquum“
1050 748 1197 803 enim
1244 748 1381 803 milii
1431 748 1652 804 videtur
1718 751 1937 805 mittere

366 857 383 889 ι
423 840 690 906 vinctum,
726 851 784 894 et
809 839 1048 894 crimina
1076 839 1143 894 de
1167 841 1373 911 quibus
1396 849 1690 897 accusatur
1719 858 1831 898 non
1857 843 1935 899 si-

364 950 383 982 ι
424 931 704 1003 gnificare.
744 952 763 984 ι

417 1210 452 1266 ἰ
489 1191 729 1262 Agrippa
769 1208 886 1251 rex.
928 1212 946 1247 ι
975 1193 1084 1249 Aut
1128 1196 1274 1268 regis
1304 1174 1527 1253 nomine
1578 1197 1942 1254 descenderat

356 1268 596 1354 Agrippa
631 1283 687 1337 in
719 1283 1058 1354 provincias,
1116 1295 1171 1341 et
1218 1295 1511 1358 propterea
1563 1302 1661 1342 rex
1722 1302 1942 1358 quoque

357 1373 895 1443 appellabaturzaut
937 1375 1186 1432 fortassis
1235 1379 1351 1448 ipse
1404 1393 1624 1449 quoque
1670 1395 1764 1435 rex
1824 1388 1944 1435 erat

358 1467 599 1535 partium
667 1468 1048 1536 orientalium,
1115 1485 1241 1524 cum
1296 1470 1442 1526 Nero
1496 1472 1941 1527 occidentalibus

356 1557 673 1627 imperaret,
711 1574 775 1613 ac
811 1559 1069 1615 Romanae
1128 1562 1415 1618 resideret.
1465 1584 1483 1616 ι
1521 1564 1593 1621 Ut
1626 1574 1944 1620 servaretur

357 1650 589 1720 Augusti
624 1650 943 1722 cognitioni.
968 1672 986 1705 ι
1025 1653 1184 1726 174
1202 1654 1473 1709 Σεϐαστὸν
1490 1656 1789 1728 improprie
1808 1657 1943 1713 dicit

357 1756 542 1812 regem
566 1757 664 1798 seu
682 1743 1556 1818 imperatorem,quemadmodum
1580 1750 1746 1805 etiam
1767 1751 1942 1806 Caesa-

360 1850 518 1890 rem:
553 1851 717 1907 quem
741 1836 882 1893 infra
928 1837 1213 1895 dominum
1261 1857 1480 1912 quoque
1508 1852 1686 1909 vocat,
1715 1844 1937 1899 dicens:

2045 673 2064 707 ε
2110 654 2347 725 πέμπειν
2393 653 2744 725 αὑτόν-περὶ
2789 646 2851 708 οῦ
2894 649 3135 721 ἀσφαλές
3180 666 3232 702 τι
3281 646 3492 720 γράψαι
3540 645 3621 714 τῷ

2046 765 2064 799 ι
2111 745 2286 819 κυρίῳ
2334 747 2434 800 οὐκ
2468 746 2596 817 ἔχω.
2629 745 2706 798 Δι’
2727 745 2754 797 ὃ
2790 744 3106 814 προήγαγον
3136 741 3299 795 αὐτὸν
3322 740 3408 810 ἐφ’
3434 738 3617 810 ὑμῶν,

2046 859 2064 892 ι
2108 840 2203 892 καὶ
2234 838 2471 910 μάλιστα
2500 825 2592 892 ἐπὶ
2626 836 2743 902 σοῦ,
2768 835 2989 908 βασιλεῦ
3015 833 3313 904 Ἀγρίππα,
3342 834 3491 895 ὅπως
3520 831 3623 901 τῆς

2044 950 2063 984 σ
2105 932 2443 1003 ἀνακρίσεως
2494 929 2815 1000 γενομένης.
2866 927 2977 998 σχῶ
3007 943 3059 978 τι
3089 924 3323 995 γράψαι.
3388 924 3624 989 Ἀλογον

2045 1042 2067 1080 ε
2106 1024 2214 1096 γάρ
2268 1040 2357 1095 μοι
2401 1023 2549 1076 δοκεῖ
2601 1020 2889 1091 πέμποντα
2938 1019 3180 1089 δέσμιον,
3242 1016 3318 1088 μὴ
3369 1014 3466 1069 καὶ
3522 1014 3625 1077 τὰς

2047 1135 2066 1170 ι
2112 1118 2229 1171 κατ’
2255 1116 2418 1170 αὐτοῦ
2448 1115 2625 1179 αἰτίας
2651 1116 2911 1184 σημᾶναι.
2948 1131 2969 1163 ι

2118 1229 2138 1262 ι
2186 1204 2846 1279 Ἀγρίππαςρβασιλεύς.
2882 1222 2901 1256 ι
2946 1204 3104 1258 Ἤτοι
3151 1202 3231 1265 είς
3262 1199 3415 1266 τάξιν
3458 1199 3621 1270 βασι·
3718 1244 3727 1255 ,

2041 1302 2177 1367 λὲως
2208 1301 2400 1374 κατῄει
2445 1303 2502 1354 ἐν
2529 1302 2650 1363 ταῖς
2693 1298 2984 1370 ἐπαρχίαις
3026 1298 3054 1350 ὁ
3122 1296 3461 1366 Ἀγρίππας,
3527 1291 3627 1345 καὶ

2040 1395 2129 1449 διὰ
2159 1394 2316 1448 τοῦτο
2345 1393 2440 1447 καὶ
2489 1392 2740 1463 βασιλεὺς
2774 1388 3144 1461 ἐχρημάτιζεν
3180 1405 3196 1420 ο
3228 1388 3262 1459 ἢ
3296 1388 3437 1456 τάχα
3468 1384 3627 1454 βασι-

2041 1482 2168 1552 λεὺς
2192 1482 2261 1557 ἦν
2294 1486 2391 1541 καὶ
2421 1485 2583 1549 αὐτὸς
2619 1484 2729 1538 τῶν
2759 1482 3093 1538 ἀνατολικῶν
3127 1479 3331 1551 μερῶν,
3357 1478 3453 1531 τοῦ
3510 1476 3625 1530 Νέ-

2046 1598 2214 1653 ρωνος
2248 1580 2356 1634 τῶν
2386 1578 2620 1633 δυτικῶν
2664 1577 2946 1649 ἄρχοντος,
2981 1575 3074 1629 καὶ
3126 1574 3277 1634 ὄντος
3310 1575 3368 1625 ἐν
3409 1570 3622 1641 Ῥώμῃ.

2048 1690 2068 1724 ι
2115 1672 2210 1736 Εἰς
2241 1670 2338 1741 τὴν
2371 1667 2465 1724 τοῦ
2496 1666 2772 1722 Σεϐαστοῦ
2800 1667 3111 1735 διάγνωσιν.
3152 1682 3172 1716 ι
3206 1660 3476 1715 Σεὸαστὸν
3516 1676 3591 1713 κα
3619 1686 3625 1691 η

2043 1761 2423 1833 ταχρηστικῶς
2456 1762 2547 1815 τὸν
2583 1759 2805 1831 βασιλέα
2837 1759 3014 1823 καλεῖ,
3047 1757 3238 1826 ῶσπερ
3267 1757 3361 1810 καὶ
3402 1752 3621 1806 Καίσα-

2048 1869 2144 1923 ραο
2179 1852 2238 1905 ὃν
2260 1848 2614 1921 παρακατιὼν
2634 1851 2728 1904 καὶ
2759 1849 2961 1919 Κύριον
2992 1848 3165 1912 καλεῖ,
3194 1846 3366 1914 λέγων
3394 1861 3407 1874 ·
3436 1862 3453 1897 ι
3485 1843 3626 1914 Περὶ

366 1945 385 1977 ι
433 1927 509 1983 De
578 1943 688 1999 quo
763 1929 911 2000 quod
982 1941 1135 1988 certo
1208 1934 1444 1988 scribam
1520 1936 1744 1991 domino
1828 1952 1940 1991 non

2046 1934 2104 1995 οῦ
2140 1941 2380 2011 ἀσφαλές
2405 1959 2458 1994 τι
2486 1940 2696 2013 γράψαι
2719 1940 2797 2012 τῷ
2828 1943 3001 2011 κυρίῳ
3023 1940 3122 1993 οὐκ
3140 1938 3267 2011 ἔχω.
3302 1957 3319 1989 ι

354 2019 557 2075 habeo.
581 2040 599 2072 ι

432 2110 619 2179 XXVI,
676 2113 819 2171 l-li.
885 2136 902 2169 ι
938 2115 1177 2187 Agrippa
1229 2133 1362 2173 vero
1402 2118 1469 2174 ad
1523 2119 1749 2175 Paulum
1814 2119 1938 2191 ait:

361 2222 384 2255 ι
431 2205 775 2262 Permittitur
804 2208 903 2263 tibi
928 2209 1076 2279 loqui
1103 2226 1203 2279 pro
1234 2211 1542 2280 temetipso.
1590 2211 1746 2266 Tunc
1793 2212 1936 2266 Pau-

362 2316 385 2346 ι
427 2298 512 2353 lus
549 2307 767 2354 extenta
788 2315 952 2356 manu
978 2318 1077 2372 pro
1100 2318 1158 2358 se
1185 2303 1404 2359 dicebat
1432 2322 1444 2358 :
1471 2306 1650 2376 Super
1679 2308 1937 2364 omnibus

366 2411 385 2441 ε
426 2392 491 2447 de
542 2392 745 2462 quibus
777 2409 807 2448 a
838 2394 1042 2452 Judmis
1084 2413 1333 2465 accusor,
1366 2415 1460 2453 rex
1521 2400 1775 2481 Agrippa,
1824 2402 1942 2456 exi-

362 2505 383 2535 ‹
426 2486 589 2540 stimo
623 2502 709 2542 me
732 2487 980 2551 beatum,
1018 2489 1113 2559 qui
1143 2505 1363 2545 causam
1394 2491 1644 2548 dicturus
1667 2494 1769 2548 sim
1793 2494 1941 2564 apud

367 2595 385 2627 ι
424 2586 475 2631 te
514 2577 702 2645 hodie,
734 2595 858 2634 cum
888 2589 942 2635 tu
968 2582 1201 2637 maxime
1233 2584 1309 2638 sis
1333 2600 1535 2654 gnarus
1585 2601 1775 2641 earum
1817 2602 1940 2656 quae

368 2688 386 2718 σ
431 2669 574 2739 apud
595 2670 812 2728 Judaeos
861 2682 991 2728 sunt
1054 2682 1110 2728 et
1166 2677 1628 2732 consuetudinum
1684 2686 1740 2734 et
1788 2693 1941 2749 qure-

367 2778 386 2810 c
423 2760 690 2817 stionum.
721 2762 1069 2835 Quapropter
1091 2764 1325 2822 obsecro
1352 2776 1404 2822 te
1462 2775 1522 2823 ut
1556 2766 1832 2840 patienter
1853 2785 1941 2825 me

364 2868 383 2902 θ
424 2850 634 2908 audias.
657 2852 847 2924 Itaque
872 2855 1038 2914 vitam
1072 2857 1293 2928 quidem
1341 2875 1518 2916 meam
1546 2878 1708 2933 quam
1733 2862 1819 2934 egi
1873 2862 1942 2918 ab

367 2962 385 2994 ι
418 2942 807 3013 adolescentia,
840 2964 962 3020 quae
1009 2949 1114 3005 fuit
1179 2950 1248 3007 ab
1306 2951 1544 3017 initioin
1606 2962 1768 3026 gente
1818 2969 1941 3009 mea

366 3053 385 3086 ι
423 3035 799 3109 Jerosolymis,
850 3051 1129 3098 noverunt
1174 3059 1365 3101 omnes
1406 3044 1719 3117 Judaei,qui
1786 3049 1943 3117 prius

364 3144 386 3179 σ
429 3139 695 3186 noverant
716 3147 802 3187 me
825 3132 895 3188 ab
916 3133 1093 3201 initio,
1118 3134 1162 3191 si
1184 3136 1354 3192 velint
1375 3137 1750 3193 testimonium
1770 3139 1956 3217 ferre,.

366 3238 384 3273 ι
426 3222 572 3291 quod
598 3225 905 3282 secundum
947 3228 1431 3298 exquisitissimam
1482 3240 1687 3287 sectam
1736 3242 1939 3289 nostra:

2121 2054 2138 2086 ι
2209 2032 2520 2105 Ἀγρίππας
2545 2034 2598 2087 δὲ
2624 2033 2760 2105 πρὸς
2808 2034 2900 2086 τὸν
2931 2032 3141 2086 Παῦλον
3169 2031 3271 2102 ἔφη
3297 2047 3312 2061 ο
3358 2029 3621 2099 Ἐπιτρέ-

2022 2110 2064 2177 ίι
2109 2126 2266 2179 πεταί
2298 2141 2382 2179 σοι
2404 2126 2543 2197 ὑπὲρ
2563 2123 2793 2179 σεαυτοῦ
2825 2124 3027 2192 λέγειν.
3048 2123 3180 2176 Τότε
3206 2124 3234 2175 ὁ
3257 2120 3470 2199 Παῦλος
3484 2121 3625 2174 άπε-

2045 2234 2063 2267 ι
2105 2216 2315 2285 λογεῖτο
2348 2216 2596 2279 ἐκτείνας
2624 2216 2725 2286 τὴν
2755 2218 2936 2286 χεῖρον
2972 2213 3108 2283 Περὶ
3151 2212 3367 2265 πάντων
3395 2205 3469 2264 ὧν
3523 2211 3625 2278 ἐγ-

2041 2327 2059 2358 (
2102 2308 2373 2378 καλοῦμαι
2396 2308 2499 2361 ύπδ
2530 2306 2821 2371 Ἰουδαίων,
2845 2304 3065 2377 βασιλεῦ
3095 2302 3626 2375 ’Δγρίππα,ἦγημαι

2047 2422 2065 2454 ‹
2107 2402 2340 2473 ἐμαυτὸν
2356 2401 2650 2473 μακάριον,
2667 2400 2878 2468 μέλλων
2896 2396 3280 2466 ἀπολογεῖσθαι
3297 2396 3390 2449 ἐπὶ
3409 2394 3502 2447 σοῦ
3527 2395 3629 2465 σή·-

2044 2512 2064 2545 ι
2108 2511 2294 2565 μερον,
2321 2493 2559 2564 μάλιστα
2581 2492 2830 2564 γνώστην
2851 2492 2980 2546 ὄντα
3017 2508 3077 2544 σε
3104 2490 3320 2544 πάντων
3351 2488 3460 2542 τῶν
3481 2488 3628 2542 κατὰ

2047 2606 2065 2639 ι
2121 2587 2410 2651 Ἰουδαίους
2429 2587 2576 2658 ἠθῶν
2600 2604 2662 2641 τε
2682 2587 2776 2642 καὶ
2792 2587 3122 2658 ζητημάτων
3139 2582 3519 2653 ἐπιστάμενος.
3544 2582 3629 2634 Δι’

2044 2700 2063 2733 ι
2102 2679 2342 2750 δδέομαί
2375 2696 2493 2748 σου,
2525 2680 2896 2752 μακροθύμως
2937 2677 3169 2732 ἀκοῦσαί
3203 2693 3328 2747 μου.
3376 2677 3486 2742 Τὴν
3521 2676 3629 2745 μὲν

2051 2792 2069 2825 ι
2110 2768 2202 2826 οῦν
2233 2771 2421 2843 βίωσίν
2474 2789 2579 2843 μου
2612 2771 2711 2843 τὴν
2741 2774 2805 2825 ἐκ
2859 2771 3132 2841 νεότητος.
3180 2770 3277 2841 τὴν
3323 2769 3416 2822 ἀπ’
3448 2769 3630 2838 ἀρχῆς

2043 2883 2063 2917 ι
2104 2865 2399 2937 γενομένην
2434 2865 2493 2918 ἐν
2536 2865 2612 2936 τῷ
2647 2864 2787 2918 ἐθνει
2812 2881 2911 2931 μου
2935 2865 2993 2917 ἐν
3026 2860 3441 2935 Ἱεροσολύμοις,
3474 2860 3628 2912 ἴσασι

2046 2975 2063 3006 ι
2106 2955 2305 3021 πάντες
2331 2958 2381 3010 οί
2411 2956 2677 3021 Ἰουδαῖοι,
2700 2954 3164 3028 προγινώσκοντές
3191 2973 3256 3026 με
3271 2952 3499 3016 ἄνωθεν,
3521 2952 3624 3006 ἐὰν

2044 3066 2063 3098 ε
2106 3048 2301 3103 Οέλωσι
2326 3051 2645 3121 μαρτυρεῖν.
2669 3050 2750 3104 ὃτι
2771 3050 2909 3102 κατά
2928 3049 3030 3116 τὴν
3047 3047 3446 3119 ἀκρίδεστάτην
3471 3045 3629 3115 αἶρε·

2044 3155 2064 3191 ι
2108 3156 2191 3191 σιν
2208 3140 2305 3208 τῆς
2324 3141 2602 3211 ἡμετέρας
2629 3137 2947 3212 θρησκείας,
2976 3138 3147 3209 ἔζησα
3172 3139 3483 3210 Φαρισαῖος.
3507 3134 3623 3188 Καὶ

2046 3247 2063 3279 ι
2112 3228 2206 3282 νῦν
2229 3227 2318 3282 ἐπ’
2344 3228 2519 3283 ἐλπίδι
2541 3230 2641 3298 τῆς
2680 3228 2815 3300 πρὸς
2838 3228 2965 3291 τοὺς
2995 3228 3237 3295 πατέρας
3278 3222 3613 3291 ἐπαγγελίας

366 3334 384 3364 ι
422 3315 703 3387 religionis
724 3317 955 3375 vixerim
985 3319 1313 3377 Pharisazus.
1349 3323 1417 3377 Et
1449 3340 1595 3379 nunc
1650 3325 1721 3381 ob
1782 3342 1936 3396 spem

2048 3342 2065 3374 ι
2108 3321 2408 3393 γενομένης
2428 3322 2531 3376 ὑπὸ
2542 3294 2635 3375 τοῦ
2650 3294 2808 3387 Θεοῦ,
2827 3321 3032 3392 ἐστηκα
3051 3294 3367 3389 κρινόμενος
3386 3318 3462 3379 είς
3474 3317 3539 3386 ἢν
3562 3314 3625 3367 τὸ

364 3425 384 3458 ι
425 3410 894 3480 repromissionis,
931 3429 1054 3484 quin
1076 3414 1145 3469 ad
1182 3424 1366 3485 patres
1399 3425 1618 3474 nostros
1672 3418 1815 3474 facta
1854 3428 1939 3475 est

364 3517 382 3549 ι
422 3514 451 3553 a
478 3499 613 3566 Deo,
645 3511 729 3556 sto
753 3502 965 3572 judicio
994 3504 1297 3575 subjectus.
1342 3507 1410 3561 ad
1438 3524 1602 3578 quam
1646 3508 1938 3565 duodecim

363 3608 383 3642 ι
426 3590 602 3647 tribus
657 3603 859 3650 nostra:
926 3595 1198 3652 instanter
1233 3599 1322 3654 die
1388 3615 1452 3654 ac
1511 3612 1672 3657 nocte
1697 3602 1941 3660 colentes

364 3702 383 3732 ι
419 3683 610 3748 Deum,
640 3695 864 3754 sperant
897 3703 955 3742 se
983 3697 1347 3758 perventuras
1374 3708 1388 3743 :
1418 3690 1485 3767 de
1528 3708 1636 3763 qua
1697 3708 1792 3764 spe
1846 3711 1941 3749 ac-

364 3793 383 3824 c
420 3790 604 3843 cusor,
634 3792 733 3832 rex
761 3777 1023 3850 Agrippa,
1050 3796 1081 3836 a
1101 3781 1596 3851 Judaeis.Quid?an
1619 3785 1941 3843 incredibile

363 3886 380 3916 ι
418 3867 699 3937 judicatur
728 3885 758 3925 a
782 3871 941 3928 vobis
965 3873 1111 3943 quod
1168 3874 1313 3931 Deus
1360 3884 1612 3933 mortuos
1663 3880 1941 3936 suscitet?

363 3978 381 4009 ι
420 3959 487 4014 Et
533 3975 634 4031 ego
682 3962 905 4032 quidem
957 3965 1337 4023 existimabam
1388 3968 1679 4025 adversum
1736 3988 1939 4027 nomen

362 4070 380 4101 ε
418 4050 548 4107 Iesu
576 4052 844 4109 Nazareni
875 4064 1131 4126 oportere
1158 4066 1217 4111 ut
1241 4058 1411 4113 multa
1461 4060 1821 4132 repugnando
1854 4062 1941 4118 fa-

363 4160 380 4185 σ
419 4156 620 4209 eerem,
649 4146 794 4216 quod
823 4155 878 4203 et
905 4147 1010 4204 feci
1052 4149 1412 4221 Jerosolymis
1446 4160 1541 4207 :et
1576 4154 1780 4209 multos
1813 4170 1942 4210 san-

360 4256 376 4286 ι
419 4244 634 4292 ctorum
692 4254 794 4311 ego
849 4242 1168 4298 carceribus
1238 4244 1462 4308 inclusi,
1507 4260 1537 4299 a
1592 4247 1941 4317 principibus

361 4347 380 4377 ι
421 4331 767 4387 sacerdotum
788 4342 1056 4404 potestate
1079 4345 1301 4406 accepta
1326 4355 1339 4391 :
1364 4352 1599 4407 cumque
1620 4339 1910 4398 occideren
1926 4370 1942 4381 -

360 4438 379 4470 ς
419 4429 526 4489 tur,
563 4422 734 4478 detuli
783 4428 1130 4482 sententiam.
1181 4429 1247 4483 Et
1277 4444 1374 4499 per
1403 4445 1594 4484 omnes
1630 4447 1942 4502 synagogas

361 4513 741 4585 «frequenter
785 4518 1026 4587 puniens
1083 4533 1201 4585 eos,
1272 4521 1940 4594 compellebamblaspbe-

359 4622 379 4654 ι
418 4620 568 4659 mare
603 4614 697 4661 :et
740 4608 977 4677 amplius
1036 4610 1315 4665 insaniens
1343 4611 1398 4664 in
1425 4627 1539 4677 eos,
1574 4615 1941 4685 persequebar
1972 4633 2017 4687 ι)

363 4719 379 4748 ι
412 4698 574 4777 etiam
600 4699 652 4753 in
699 4708 917 4756 exteras
969 4718 1142 4772 usque
1186 4703 1459 4769 civitates.
1496 4725 1516 4758 ›

363 4810 379 4840 ι
419 4790 583 4855 Quid,
608 4807 677 4846 an
705 4792 1028 4850 incredibile
1049 4795 1332 4865 judicatur
1354 4813 1384 4851 a
1418 4799 1578 4853 vobis
1598 4800 1743 4868 quod
1796 4801 1940 4855 Deus

355 4892 606 4937 mortuos
668 4885 933 4941 suscitet?
999 4906 1017 4938 ι
1078 4887 1221 4943 Duas
1282 4889 1440 4959 ponit
1496 4890 1643 4944 circa
1687 4906 1939 4948 resurre-

356 4973 562 5028 tionem
624 4974 1110 5033 ratiocinationes:
1183 4994 1343 5034 unam
1404 4980 1627 5050 quidem
1685 4997 1714 5035 a
1805 4997 1937 5052 pro-

354 5064 591 5135 phetis:
652 5081 759 5122 nec
783 5075 966 5123 tamen
1029 5069 1254 5126 adducit
1312 5072 1661 5142 prophetam,
1707 5073 1804 5129 sed
1857 5074 1940 5144 ip-

355 5174 470 5214 sam
505 5157 822 5215 Iudaeorum
853 5175 1203 5218 communem
1222 5163 1538 5234 opinionem
1571 5182 1585 5218 :
1620 5165 1780 5219 aliam
1806 5181 1939 5222 vero

354 5251 663 5316 fortiorem,
689 5267 814 5322 quas
854 5262 939 5308 est
971 5253 1041 5308 ab
1076 5255 1210 5324 ipsis
1245 5255 1429 5321 rebus,
1460 5257 1718 5327 quoniam
1742 5256 1940 5327 proba-

359 5352 473 5397 tum
501 5353 585 5399 est
609 5345 677 5399 ab
698 5360 764 5401 eo
792 5348 939 5418 quod
962 5347 1215 5404 Christus
1237 5367 1359 5406 resu
1371 5351 1598 5406 rrexerit
1618 5368 1647 5406 a
1670 5351 1935 5409 mortuis:

355 5440 413 5490 et
435 5433 578 5490 hanc
608 5451 827 5506 quoque
855 5438 1163 5495 rationibus
1193 5439 1500 5494 confirmat.
1523 5441 1703 5497 Prima
1743 5442 1882 5498 ratio
1918 5458 1933 5495 :

366 5544 384 5578 ι
425 5526 589 5592 Quid,
622 5527 951 5584 incredibile
999 5530 1269 5601 est175
1301 5531 1446 5601 quod
1494 5532 1639 5587 Deus
1691 5542 1938 5589 mortuos

358 5619 620 5675 suscitet?
646 5641 664 5674 ι
689 5621 820 5677 ltem
846 5622 983 5678 alia:
1006 5624 1157 5679 Anne
1180 5624 1494 5696 hujusmodi
1520 5627 1767 5681 doctrina
1795 5635 1933 5691 erat,

359 5723 531 5778 caque
560 5709 812 5781 dogmata
836 5713 891 5767 in
918 5714 1120 5784 quibus
1140 5715 1527 5772 educatierant
1554 5720 1577 5768 ’ί
1603 5718 1733 5782 Quis
1753 5725 1935 5773 autem

370 5817 478 5857 non
503 5803 743 5875 suscepit
766 5821 1075 5863 sermonem
1103 5824 1267 5880 quem
1301 5808 1353 5864 in
1375 5810 1614 5865 medium
1646 5809 1877 5873 adduxit
1912 5811 1934 5863 ?

366 5892 542 5962 Super
567 5894 689 5963 hoc,
726 5895 923 5967 inquit,
957 5898 1183 5955 decreto
1233 5909 1489 5971 tanquam
1522 5900 1587 5954 de
1622 5900 1817 5955 Ιιτντρεί
1842 5916 1931 5955 ac-

2053 3432 2069 3464 ι
2118 3413 2497 3484 δωδεκάφυλον
2526 3414 2683 3485 ἡμῶν
2717 3414 2775 3466 ἐν
2798 3412 3045 3483 ἐκτενείᾳ
3066 3410 3237 3465 νύκτα
3267 3410 3363 3463 καὶ
3404 3408 3624 3478 ἡμέραν

2047 3523 2065 3555 ι
2107 3504 2368 3573 λατρεῦον
2418 3503 2626 3568 ἐλπίζει
2679 3503 3053 3571 καταντῆσαι·
3118 3499 3245 3571 περὶ
3278 3495 3349 3571 ἦς
3404 3497 3621 3559 ἐλπίδος

2048 3615 2067 3647 ι
2116 3596 2476 3666 ἐγκαλοῦμαι,
2499 3594 2720 3667 βασιλεῦ
2738 3595 3038 3667 Ἀγρίππα,
3064 3594 3169 3647 ὑπὸ
3185 3593 3291 3647 τῶν
3327 3590 3617 3645 Ἰουδαίων.

2049 3709 2068 3743 ι
2116 3692 2178 3744 Τί
2206 3708 2220 3757 ;
2244 3691 2474 3746 ἄπιστον
2491 3690 2734 3763 κρίνεται
2763 3689 2893 3760 παρ’
2925 3689 3074 3759 ὑμῖν,
3104 3689 3196 3740 sib
3216 3686 3348 3750 Θεὸς
3388 3684 3621 3755 νεκροὺς

2049 3801 2067 3834 ι
2114 3782 2314 3854 ἐγείρει
2339 3800 2352 3849 ;
2395 3782 2537 3851 Ἐγὼ
2568 3781 2667 3852 μὲν
2696 3781 2789 3835 οῦν
2817 3780 2972 3845 ἔδοξα
2998 3779 3218 3851 ἐμαυτῷ
3250 3775 3387 3849 πρὸς
3411 3776 3472 3829 τὸ
3507 3776 3623 3829 bvo-

2049 3894 2065 3926 ι
2117 3892 2190 3944 μα
2228 3874 2403 3945 Ἰησοῦ
2437 3872 2537 3926 τοῦ
2559 3872 2881 3943 Ναζωραίου
2915 3872 3024 3925 δεῖν
3048 3871 3217 3924 πολλὰ
3240 3869 3458 3925 ἐναντία
3479 3870 3624 3940 πρᾶ-

2049 3986 2066 4018 ι
2115 3970 2223 4033 Sat,
2255 3967 2282 4021 ὂ
2309 3968 2403 4022 καὶ
2429 3968 2663 4038 ἐποίησα
2697 3969 2756 4019 ἐν
2805 3965 3216 4037 Ἱεροσολύμοις.
3248 3965 3357 4018 Καὶ
3391 3965 3620 4027 πολλοὺς

2052 4080 2069 4112 ι
2132 4059 2239 4112 τῶν
2260 4059 2432 4127 ἁγίων
2462 4057 2573 4127 ἐγὼ
2618 4058 2890 4127 φυλακαῖς
2922 4056 3269 4124 κατέκλεισα,
3312 4057 3409 4128 τὴν
3471 4055 3621 4125 παρά

2049 4171 2067 4203 ι
2115 4151 2219 4205 τῶν
2247 4150 2550 4223 ἀρχιερέων
2595 4150 2841 4218 ἐξουσίαν
2861 4149 3060 4204 λαϐών.
3104 4149 3532 4221 Ἀναιρουμένων
3556 4165 3621 4202 τε

2050 4264 2068 4295 ι
2113 4245 2325 4309 αὐτῶν,
2358 4245 2673 4315 κατήνεγκα
2702 4243 2905 4313 ψῆφον.
2970 4245 3077 4298 Καὶ
3103 4244 3240 4298 κατὰ
3289 4242 3470 4305 πάσας
3518 4242 3620 4307 τὰς

2050 4355 2067 4388 ι
2114 4334 2433 4404 συναγωγάς
2461 4335 2721 4398 πολλάκις
2761 4332 3020 4405 τιμωρῶν
3065 4332 3281 4399 αὐτοὺς,
3313 4332 3622 4402 ἠνάγκαζον

2052 4449 2069 4481 ι
2116 4430 2492 4499 βλασφημεῖν
2519 4428 2798 4500 περισσῶς
2855 4444 2915 4481 τε
2963 4428 3363 4497 ἐμμαινόμενος
3408 4426 3615 4491 αὐτοῖς,

2052 4541 2070 4574 ι
2114 4521 2338 4575 ἐδίωκον
2367 4521 2469 4585 ’ἐως
2494 4522 2585 4576 καὶ
2615 4522 2694 4585 είς
2718 4521 2815 4585 τὰς
2840 4518 2944 4586 ἔξω
2977 4519 3183 4585 πόλεις.
3206 4537 3226 4572 ι

2117 4808 2135 4840 ι
2175 4789 2268 4855 Τίς
2326 4787 2553 4841 ἄπιστον
2598 4788 2844 4857 κρίνεται
2882 4789 3013 4858 παρ’
3038 4787 3189 4858 ύμῖν,
3224 4789 3272 4842 εί
3298 4791 3327 4844 ὁ
3354 4789 3486 4853 Θεὸς
3529 4806 3621 4844 νε-

2042 4882 2207 4953 κροὺς
2228 4880 2466 4949 ἐγείρει;
2505 4900 2524 4933 ι
2564 4880 2669 4933 Δύο
2697 4880 2875 4949 τίθησι
2926 4880 3055 4951 περὶ
3083 4882 3429 4944 ἀναστάσεως
3468 4881 3620 4950 λογι-

2043 4977 2233 5047 σμοὺς,
2250 4975 2345 5028 ἕνα
2369 4976 2465 5045 μὲν
2481 4975 2571 5028 τὸν
2598 4974 2703 5027 ἀπὸ
2724 4973 2832 5026 τῶν
2868 4974 3163 5043 προφητῶν
3189 4990 3200 5002 ’
3234 4976 3327 5027 καὶ
3356 4975 3415 5027 ού
3473 4992 3618 5045 παρ-

2040 5070 2167 5138 άγει
2200 5070 2511 5139 προφήτην,
2535 5067 2651 5121 ἀλλ’
2674 5066 2843 5137 αὐτὴν
2869 5066 2976 5118 τῶν
3013 5066 3280 5120 Ἰουδαίων
3300 5067 3398 5139 τὴν
3425 5067 3582 5133 δόξαν
3599 5086 3613 5099 ·

2040 5162 2197 5215 ἄλλον
2227 5161 2283 5214 δὲ
2308 5165 2399 5214 τὸν
2458 5159 2822 5231 ἰσχυρότερον,
2857 5158 2949 5212 τὸν
2977 5157 3088 5212 άπὸ
3141 5161 3504 5228 πραγμάτων,
3530 5162 3618 5213 ὅτι

2040 5255 2287 5325 διελέχθη
2318 5253 2511 5322 αὐτῷὁ
2564 5252 2798 5322 Χριστὸς
2852 5252 3099 5314 ἀναστὰς
3124 5252 3188 5304 ἐκ
3241 5252 3618 5323 νεκρῶνμΚαὶ

2041 5346 2440 5407 κατασκευάζει
2470 5346 2564 5399 καὶ
2593 5342 2783 5397 τοῦτον
2811 5342 2921 5398 ἀπὸ
2945 5343 3243 5412 λογισμῶν,
3283 5344 3382 5415 τὴν
3415 5345 3614 5412 προτέ-

2042 5455 2140 5511 ραν
2174 5436 2343 5491 αὐτοῦ
2381 5436 2576 5506 μανίαν
2628 5436 3005 5506 διηγούμενος.
3061 5434 3281 5506 Πρῶτος
3333 5435 3613 5506 λογισμές·

2047 5548 2064 5580 ι
2089 5528 2172 5597 Τί,
2198 5528 2422 5581 ἄπιστον
2439 5529 2487 5579 εί
2511 5526 2682 5590 ὁΘεὺς
2713 5527 2937 5598 νεκροὺς
2969 5526 3202 5597 ἐγείρας
3234 5546 3252 5576 ι
3282 5528 3376 5580 καὶ
3405 5527 3563 5588 ἄλλος
3597 5545 3613 5560 ο

2042 5622 2129 5687 Μὴ
2161 5621 2383 5690 τοιαύτη
2417 5619 2544 5684 δόξα
2577 5614 2666 5690 ἦν,
2697 5617 2811 5687 εἴγε
2847 5619 2920 5688 μὴ
2948 5616 3422 5689 άνατεθραμμένοι
3470 5612 3616 5689 ἦσαν

2038 5717 2095 5768 ὲν
2125 5713 2330 5774 τούτοις
2351 5714 2459 5774 τοῖς
2475 5713 2705 5781 δόγμασι
2730 5729 2745 5777 ;
2770 5713 2866 5764 ’⁸ον
2881 5710 2938 5763 δὲ
2957 5709 3288 5784 εἰσεφέρετο,
3311 5710 3393 5773 τίς
3422 5711 3520 5763 οὐκ
3546 5712 3618 5765 ἂν

2040 5807 2260 5871 ἐδέξατο
2285 5806 2373 5858 τὸν
2430 5804 2635 5872 λόγον;
2685 5804 2854 5875 Ὑπὲρ
2914 5804 3011 5875 τῆς
3060 5804 3325 5875 αἱρέσεως
3380 5802 3606 5871 ταύτης,

2040 5901 2225 5971 φησὶν,
2264 5898 2632 5969 ἐγκαλοῦμαι·
2669 5898 2759 5951 καὶ
2784 5897 2921 5969 αὕτη
2954 5899 3083 5971 παρ’
3109 5899 3289 5961 αὐτοῖς
3309 5895 3605 5968 πρεσῦεύε-
