4024 6542
357 429 479 493 τες)

1332 420 1723 482 COMMENT.
1757 419 1837 480 IN
1870 418 2060 478 ACTA
2101 418 2680 481 APOSTOLORUM.

3523 424 3627 487 2Γο

352 559 472 597 ται.
505 539 605 594 Διά
635 539 839 611 ταύτην
864 535 1245 610 εὖχονται,ζδιὰ
1288 534 1490 607 ταύτην
1537 535 1889 607 λατρεύουσιν
1920 575 1933 597 ,

2051 548 2203 589 eusor
2228 552 2240 587 :
2268 550 2390 590 cum
2410 535 2552 606 apud
2571 551 2666 591 eos
2683 536 2821 593 nihil
2843 537 2947 594 hac
2967 538 3224 610 opinione
3242 537 3519 610 antiquius
3535 540 3625 593 ha.

358 634 451 688 ἵνα
483 632 693 705 ταύτην
720 633 943 704 τύχωσι.
964 633 1073 687 Καὶ
1097 630 1301 702 ταύτην
1334 628 1444 700 ἐγὼ
1478 629 1850 699 καταγγέλλω.

440 835 462 869 r
516 818 605 871 Ἐν
630 812 711 879 οἷς
748 816 842 869 καὶ¹
876 815 1246 886 πορευόμενος
1274 814 1355 877 εἰς
1377 812 1475 886 τὴν
1498 810 1788 883 Δαμασκὸν
1823 808 1940 881 μετ’

328 890 331 893 λ
362 928 383 960 ε
433 908 684 974 ἐξουσίας
707 909 803 960 καὶ
833 909 1132 979 ἐπιτροπῆς
1164 907 1260 976 τῆς
1293 907 1444 977 παρὰ
1476 907 1584 960 τῶν
1616 904 1937 977 ἀρχιερέων,

358 1022 378 1054 ι
434 1003 647 1074 ἡμέρας
672 1002 867 1074 μέσης,
900 999 1144 1072 βασιλεῦ,
1175 999 1317 1053 κατὰ
1345 1000 1443 1069 τὴν
1464 998 1581 1053 ὁδὸν
1601 993 1743 1051 εἶδον
1774 998 1940 1067 οὐρα-

360 1112 379 1144 ι
433 1092 610 1155 νόθεν,
650 1092 789 1161 ὑπὲρ
821 1092 919 1162 τὴν
965 1090 1328 1161 λαμπρότητα
1367 1088 1460 1142 τοῦ
1489 1088 1641 1160 ἡλίου
1670 1085 1940 1158 περιλάμ-

358 1204 379 1238 c
434 1184 547 1254 ψαν
600 1200 666 1255 με
698 1183 835 1251 φῶς,
903 1184 1152 1247 καὶτοὺς
1187 1182 1283 1235 σὺν
1330 1182 1454 1250 ἐμοὶ
1514 1181 1935 1252 πορευομένους.

359 1296 380 1327 ι
433 1277 660 1330 Πάντων
693 1275 751 1327 δὲ
778 1274 1200 1329 καταπεσόντων
1219 1273 1377 1345 ἡμῶν
1404 1273 1485 1338 είς
1513 1273 1613 1345 τὴν
1629 1273 1755 1344 γῆν,
1776 1274 1940 1345 ἠκου-

361 1388 397 1422 ι.
435 1385 506 1426 σα
549 1369 733 1440 φωνὴν
770 1368 1036 1422 λαλοῦσαν
1096 1367 1233 1438 πρός
1287 1384 1376 1438 με,
1408 1368 1502 1420 καὶ
1555 1364 1819 1434 λέγουσαν
1873 1367 1937 1436 τῇ

358 1483 380 1515 ι
442 1463 686 1533 Ἐϐραΐδι
715 1462 981 1530 διαλέκτῳ
1002 1476 1015 1490 ·
1049 1462 1242 1529 Σαοὺλ,
1275 1460 1471 1524 Σαοὺλ,
1506 1460 1558 1513 τί
1590 1477 1659 1530 με
1684 1459 1937 1523 διώκειςς

358 1574 380 1607 ι
432 1555 668 1626 σκληρόν
700 1571 781 1609 σοι
825 1554 960 1626 πρὸς
1003 1555 1206 1625 κέντρα
1247 1554 1548 1619 λακτίζειν.
1599 1551 1742 1624 Ἐγὼ
1770 1552 1828 1607 δὲ
1862 1548 1941 1606 εῖ-

362 1664 384 1697 ι
437 1662 542 1698 πον
561 1645 688 1708 ’Τίς
717 1639 788 1710 εἴ,
809 1644 979 1714 Κύριε
1003 1661 1018 1710 ;
1052 1645 1112 1699 Ὀ
1128 1644 1183 1698 δὲ
1212 1640 1386 1698 εἶπενο
1418 1643 1560 1714 Ἐγώ
1581 1644 1696 1712 εἰμι
1734 1641 1939 1712 Ἰησοῦς

361 1756 382 1789 ι
423 1737 484 1790 ὃν
506 1737 573 1791 σὺ
590 1736 830 1803 διώκεις.
849 1737 1011 1815 Ἀλλὰ
1028 1736 1412 1806 ἁνάστηθι,κα“ι
1430 1735 1586 1805 στῆθι
1604 1737 1694 1789 ἐπὶ
1709 1736 1939 1799 τυὺςπό-

358 1848 382 1881 ι
431 1829 532 1892 δας
549 1846 667 1882 σου.
697 1829 790 1892 El;
826 1828 985 1882 τοῦτο
1004 1829 1114 1900 γὰρ
1154 1827 1340 1899 ὤφθην
1366 1845 1447 1880 σοι
1484 1824 1939 1898 προχειρίσασθαί

2049 622 2268 686 beatur,
2314 638 2535 694 propter
2586 616 2739 682 hanc
2774 628 3100 698 gloriantur,
3146 630 3216 685 ob
3268 629 3411 686 hanc
3457 634 3627 687 Deum

2049 713 2239 767 colunt
2272 722 2332 767 ut
2349 729 2468 768 eam
2489 728 2923 786 consequantur.
2962 719 3031 774 Et
3057 720 3200 775 hanc
3217 736 3318 791 ego
3336 721 3626 776 annuntio.

2116 802 2285 856 XXVI
2305 843 2318 867 ,
2350 804 2536 858 12-18.
2596 824 2613 856 ‹
2641 805 2738 860 llis
2763 807 2930 862 rebus
2956 808 3229 875 intentus,
3259 825 3383 864 Clllll
3406 811 3619 881 prolici-

2055 913 2074 945 (
2115 910 2299 948 scerer
2314 894 2649 955 Damascum
2699 914 2823 952 cum
2864 901 3190 956 auctoritate
3244 903 3627 974 permissuque

2055 1003 2073 1035 ι
2114 986 2425 1055 principum
2465 977 2834 1057 sacerdotum,
2894 991 2982 1046 die
3039 994 3262 1060 medio,
3290 1011 3407 1061 rex,
3452 997 3563 1051 vidi
3596 1013 3627 1053 e

2055 1096 2074 1128 ‹
2111 1079 2254 1132 cmlo
2280 1094 2454 1149 supra
2509 1080 2644 1136 solis
2670 1083 3019 1152 splendorem
3054 1086 3488 1143 circumlulsisse
3540 1104 3627 1143 me

2054 1188 2072 1221 ‹
2106 1170 2315 1237 lumen,
2351 1181 2407 1226 et
2440 1187 2536 1226 eos
2561 1177 2655 1243 qui
2686 1190 2900 1230 mecum
2926 1176 3199 1232 faciebant
3230 1187 3352 1234 iter.
3379 1179 3628 1251 Cumque

2054 1283 2073 1316 ι
2109 1280 2301 1320 onmes
2334 1281 2434 1321 nos
2456 1266 2852 1324 decidissemus
2884 1269 2938 1323 in
2969 1280 3190 1337 terram,
3222 1273 3408 1327 audivi
3434 1289 3625 1328 vocem

2055 1378 2073 1409 ι
2109 1359 2426 1429 loquentem
2448 1360 2516 1414 ad
2546 1376 2656 1426 me,
2687 1376 2753 1415 ac
2777 1362 3049 1418 dicentem
3083 1364 3268 1435 lingua
3318 1365 3582 1421 Hebraica
3612 1382 3627 1420 :

2054 1470 2073 1503 ι
2112 1450 2264 1516 Saul,
2297 1451 2447 1519 Saul,
2477 1453 2609 1524 quid
2650 1469 2736 1509 me
2772 1457 3158 1526 persequeris?
3185 1458 3385 1513 durum
3416 1470 3502 1515 est
3529 1460 3628 1514 tibi

2056 1563 2073 1595 ί
2111 1557 2304 1600 contra
2365 1546 2619 1601 stimulos
2678 1548 2984 1603 caleitrare.
3053 1549 3167 1620 Ego
3234 1560 3415 1604 autem
3478 1551 3627 1605 dixi:

2056 1654 2073 1685 ι
2113 1634 2247 1701 Quis
2284 1649 2365 1700 es,
2400 1635 2669 1693 Domine?
2706 1638 2775 1691 At
2798 1638 2890 1692 ille
2920 1638 3098 1692 dixit;
3130 1639 3245 1709 Ego
3276 1655 3398 1693 sum
3446 1640 3627 1705 Jesus,

2054 1745 2074 1778 ι
2103 1743 2264 1797 quem
2293 1737 2349 1781 tu
2378 1728 2748 1799 persequeris.
2789 1729 2898 1784 Sed
2952 1745 3184 1801 exsurge
3228 1743 3285 1785 et
3332 1739 3417 1786 sta
3461 1747 3630 1802 super

2055 1838 2074 1872 ε
2108 1821 2288 1891 pedes
2310 1829 2454 1876 tuos.
2489 1822 2572 1875 Ad
2606 1821 2711 1877 hoc
2734 1822 2881 1877 enim
2910 1824 3139 1893 apparui
3193 1824 3316 1890 tibi,
3375 1832 3437 1879 ut
3492 1840 3630 1880 con-
3673 1824 3699 1839 °

356 1939 380 1972 ι
434 1938 496 1975 σε
531 1921 812 1993 ὑπηρέτην
851 1921 947 1976 καὶ
979 1921 1258 1992 μάρτυρα,
1287 1914 1362 1975 ὧν
1401 1936 1462 1973 τε
1491 1917 1651 1983 εἶδες,
1681 1913 1760 1973 ὧν
1801 1936 1861 1972 τε
1889 1918 1944 1971 ό-

2055 1929 2072 1962 (
2109 1909 2333 1967 ειὶιυαιιι
2362 1921 2413 1967 te
2436 1912 2748 1968 ministrum
2772 1930 2838 1969 ac
2889 1923 3106 1982 testem,
3153 1926 3209 1972 et
3251 1933 3445 1973 eorum
3508 1933 3630 1989 qua}

359 2029 388 2066 ι
428 2012 713 2083 φθήσομαί
736 2012 1239 2084 σοι,ὲξαιρούμενός
1262 2028 1321 2064 σε
1353 2013 1418 2064 ὲκ
1443 2010 1536 2064 τοῦ
1555 2010 1684 2064 λαοῦ
1717 2017 1810 2065 καὶ
1835 2009 1944 2065 τῶν

359 2121 383 2154 ι
434 2103 628 2168 ἐθνῶν,
648 2105 725 2167 είς
742 2102 836 2168 οὓς
856 2103 948 2158 νῦν
975 2120 1030 2157 σε
1050 2102 1385 2168 ἀποστέλλω,
1405 2102 1616 2167 ἀνοῖξαι
1633 2102 1944 2172 ὀφθαλμοὺς

360 2213 382 2247 ι
433 2193 640 2262 αὐτῶν,
670 2193 767 2247 τοῦ
793 2195 1134 2266 ὑποστρέψαι
1155 2197 1262 2247 ἀπὸ
1294 2195 1519 2258 σκότους
1549 2197 1629 2257 είς
1657 2194 1794 2271 φῶς,
1851 2193 1945 2247 καὶ

356 2307 381 2340 ι
432 2291 534 2357 τῆς
568 2286 815 2354 ἐξουσίας
835 2287 929 2341 τοῦ
965 2288 1182 2341 Σατανᾶ
1204 2288 1298 2340 ἐπὶ
1329 2288 1421 2341 τὸν
1455 2286 1612 2352 Θεὸν,
1637 2285 1732 2339 τοῦ
1757 2284 1943 2339 λαϐεῖν

358 2397 383 2431 ι
435 2378 636 2444 αὐτοὺς
679 2377 874 2447 ἄφεσιν
924 2378 1233 2450 ἁμαρτιῶν,
1291 2378 1391 2432 καὶ
1450 2378 1657 2451 κλῆρον
1716 2378 1776 2431 ὲν
1828 2380 1943 2440 τοῖς

359 2487 386 2522 ι
430 2469 791 2541 ἡγιασμένοις
822 2468 1005 2522 πίστει
1034 2471 1101 2539 τῇ
1129 2469 1209 2532 είς
1242 2468 1366 2539 ἐμέ.
1400 2486 1421 2521 ι

442 2668 462 2702 ι
500 2646 672 2720 ’Υπὲρ
705 2645 803 2719 τὴν
834 2647 1194 2719 λαμπρότητα
1220 2645 1315 2700 τοῦ
1344 2644 1517 2717 ἡλίου.
1550 2665 1570 2698 ι
1606 2646 1729 2701 Τῶν
1753 2647 1943 2720 αἰσθη-

360 2741 478 2794 τῶν
508 2740 568 2792 τὸ
623 2740 1015 2808 φωτεινότατον
1047 2740 1336 2811 παράγων,
1365 2739 1461 2794 καὶ
1513 2738 1588 2812 μὴ
1641 2741 1941 2812 δυνάμενος

359 2829 758 2900 ἀντισῶσαιτῷ
786 2830 926 2900 φωτὶ
953 2829 1146 2901 ἐκείνῳ
1177 2830 1235 2882 τὸ
1262 2829 1360 2884 τοῦ
1395 2830 1572 2901 Ἰησοῦ
1591 2830 1726 2901 φῶς,
1753 2831 1940 2896 καθὼς

361 2923 597 2975 δύναται
628 2920 1036 2991 παραδέξασθαι
1068 2920 1206 2991 ἀκοὴ
1228 2921 1516 2993 ἀνθρώπου
1537 2921 1743 2991 λαλεῖν,
1772 2923 1942 2998 ὑπερ-

370 3015 530 3086 δικᾷν
561 3012 623 3067 τὸ
657 3013 882 3085 ἡλιακὸν
904 3012 1024 3093 φῶς
1060 3012 1233 3067 ἐκεῖνό
1256 3031 1409 3084 φησι.

2052 2023 2072 2055 ι
2107 2004 2318 2070 vidisti,
2343 2012 2400 2060 et
2432 2020 2624 2060 eorum
2669 2006 2726 2061 in
2780 2008 2984 2077 quibus
3019 2014 3153 2079 ego”
3181 2011 3462 2081 apparebo
3497 2012 3626 2076 tibi,

2054 2114 2073 2147 ι
2106 2095 2426 2165 cripienste
2464 2112 2494 2150 a
2518 2098 2723 2170 populo
2753 2107 2810 2153 et
2832 2100 3111 2169 gentibus,
3136 2100 3193 2155 in
3221 2118 3358 2172 quas
3401 2119 3550 2159 nunc
3576 2113 3629 2160 te

2060 2204 2079 2238 ι
2116 2187 2299 2253 mitto,
2332 2197 2394 2242 ut
2423 2190 2643 2259 aperias
2689 2191 2882 2245 oculos
2909 2201 3205 2259 eorum,ut
3231 2203 3627 2250 convertantur

2053 2298 2071 2332 ι
2114 2294 2146 2334 a
2177 2281 2420 2337 tenebris
2459 2282 2528 2336 ad
2560 2282 2764 2347 lucem,
2812 2293 2921 2338 eta
2979 2295 3250 2355 patestate
3304 2286 3516 2342 Satanae
3554 2287 3626 2342 ad

2052 2391 2071 2425 ι
2103 2373 2296 2439 Deum,
2321 2383 2382 2429 ut
2426 2375 2700 2446 accipiant
2737 2378 3119 2433 remissionem
3156 2390 3531 2450 peccatorum,
3569 2391 3627 2437 et

2052 2484 2071 2517 α
2108 2476 2313 2522 sortem
2332 2471 2478 2523 inter
2500 2485 2597 2524 eos
2619 2470 2714 2540 qui
2760 2470 3083 2527 sanctiﬁcati
3122 2482 3272 2539 sunt,
3327 2489 3426 2545 per
3460 2474 3625 2530 fidem

2051 2581 2070 2614 ί
2106 2578 2229 2633 qua:
2244 2572 2325 2618 est
2349 2578 2477 2635 erga
2503 2579 2610 2619 me.
2654 2583 2672 2617 ι

2122 2673 2141 2706 ‹
2167 2653 2344 2725 Supra
2365 2657 2495 2710 solis
2518 2656 2890 2726 splendorem.
2919 2676 2937 2711 ι
2963 2656 3213 2715 All‘erens
3232 2658 3286 2714 in
3304 2659 3545 2716 medium
3568 2661 3624 2717 id

2043 2748 2192 2820 quod
2223 2748 2371 2804 inter
2408 2750 2692 2805 sensibilia
2732 2750 3136 2807 lucidissimum
3177 2760 3285 2820 est,
3334 2768 3459 2809 cum
3511 2770 3624 2810 non

2043 2848 2230 2912 posset
2259 2840 2337 2895 illi
2367 2841 2497 2896 Jesu
2525 2841 2705 2897 lucem
2725 2857 2966 2913 aequare,
2991 2859 3113 2913 quae
3132 2844 3291 2915 longe
3320 2845 3494 2916 major
3516 2853 3621 2909 est,

2043 2939 2107 2987 ut
2127 2945 2195 2986 eo
2222 2930 2388 2987 modo
2410 2931 2689 3003 loquatur,
2711 2948 2823 3003 quo
2876 2935 3051 3004 possit
3105 2934 3347 2990 hominis
3400 2935 3624 2990 auditus

2045 3024 2355 3095 suscipere,
2390 3025 2470 3080 ait
2502 3026 2685 3081 lucem
2714 3026 2864 3083 illam
2891 3041 3158 3099 superare
3193 3027 3327 3084 solis
3363 3028 3650 3099 splendo-‘

2042 3132 2184 3171 rem.

448 3229 470 3266 ι
513 3210 702 3279 Ὅθεν,
729 3208 948 3283 βασιλεῦ
987 3209 1287 3283 Ἀγρίππα,
1318 3209 1422 3265 οὑκ
1472 3209 1741 3282 ἐγενόμην
1786 3209 1942 3267 ἀπει-

2115 3211 2306 3279 XXVI,
2334 3212 2397 3269 l9
2432 3212 2636 3279 «Unde,
2661 3226 2757 3266 rex
2776 3211 3036 3285 Agrippa,
3058 3228 3172 3269 non
3189 3211 3271 3269 fui
3295 3212 3623 3273 inobediens

366 3302 473 3377 θὴς
504 3306 571 3375 τῇ
595 3303 832 3376 οὐρανίῳ
861 3303 1118 3374 ὀπτασίᾳ.
1150 3322 1170 3355 ι
1634 3362 1637 3365 ν

452 3395 718 3450 Ὀπτασία
751 3396 900 3450 ἐστὶν
926 3398 959 3468 ἡ
993 3395 1210 3466 καθαρὰ
1237 3394 1335 3450 θέα
1359 3397 1391 3467 ἡ
1422 3398 1828 3469 ὑπερϐαίνουσα
1847 3398 1943 3453 ἄν-

368 3486 612 3559 θρωπον.
643 3488 818 3560 Ὅπερ
846 3505 928 3553 τις
957 3490 1017 3543 ὲν
1041 3489 1203 3560 σαρκί⁵
1235 3487 1332 3555 ὣν,
1381 3488 1504 3559 δίχα
1521 3490 1616 3542 τοῦ
1664 3490 1942 3544 ἀποκαλυο

367 3582 575 3653 ςθῆναι
612 3580 776 3634 αὑτοῦ
798 3582 920 3645 τοὺς
943 3580 1278 3652 ὀφθαλμοὺς,
1301 3582 1401 3635 οὐκ
1431 3582 1580 3636 ἔστιν
1628 3582 1756 3636 ίδεῖν
1781 3582 1942 3639 δυνα-

362 3676 485 3739 τάς.

448 3784 469 3818 ι
520 3763 684 3818 Ἀλλὰ
704 3767 815 3827 τοῖς
844 3766 902 3818 ἐν
951 3763 1228 3836 Δαμασκῷ
1271 3763 1485 3837 πρῶτον
1512 3765 1609 3819 καὶ
1651 3765 1944 3838 Ἱεροσολύ-

376 3873 396 3907 σ
444 3871 590 3926 μοις,
616 3856 694 3917 εἰς
722 3855 901 3909 πᾶσαν
921 3871 980 3909 τε
1005 3855 1103 3925 τὴν
1132 3854 1316 3927 χώραν
1351 3855 1451 3925 τῆς
1511 3855 1770 3920 Ἰουδαίας
1788 3895 1803 3921 ,
1848 3857 1943 3912 καὶ

376 3966 395 3999 ι
434 3948 551 4010 τοῖς
579 3945 786 3999 ἔθνεσιν
810 3946 1171 4015 ἀπαγγέλλων
1228 3951 1529 4019 μετανοεῖν,
1553 3950 1650 4003 καὶ
1686 3950 1943 4021 ἐπιστρέ-

375 4057 396 4091 ¢
442 4054 567 4106 φειν
594 4037 687 4091 ἐπὶ
702 4037 796 4091 τὸν
819 4038 971 4103 Θεὸν,
1004 4037 1128 4104 ἄξια
1153 4039 1249 4110 τῆς
1276 4041 1570 4110 μετανοίας
1598 4041 1735 4113 ἔργα
1764 4041 1943 4112 πράσ-

376 4150 396 4183 ι
437 4147 651 4193 σοντας.
714 4131 915 4184 Ἕνεκα
966 4130 1171 4184 τούτων
1205 4150 1273 4203 με
1301 4137 1349 4187 οί
1408 4133 1647 4187 Ἰουδαῖοι
1684 4131 1945 4188 συλλαδό-

376 4239 397 4273 ι
446 4237 600 4291 μενοι
628 4220 687 4274 ἐν
718 4221 795 4292 τῷ
825 4221 975 4293 ἱερῷ,
991 4223 1288 4295 ἐπειρῶντο
1316 4224 1771 4295 διαχειρίσασθαι.
1802 4226 1945 4279 Ἐπι-

377 4332 396 4365 ι
437 4312 665 4383 κουρίας
696 4310 788 4366 οὖν
813 4312 991 4384 τυχὼν
1022 4315 1123 4385 τῆς
1164 4316 1316 4385 παρὰ
1342 4315 1434 4368 τοῦ
1486 4315 1649 4382 Θεοῦ,
1677 4316 1804 4387 ἄχρι
1844 4319 1943 4389 τῆς
1994 4334 2003 4342 '

376 4423 396 4455 ι
432 4406 650 4474 ἡμέρας
674 4404 878 4477 ταύτης
924 4405 1153 4477 ἕστηκα,
1187 4406 1629 4481 μαρτυρούμενος
1671 4409 1856 4481 μικρῷ
1882 4427 1942 4463 τε

376 4514 397 4547 ι
442 4495 538 4548 καὶ
566 4495 805 4569 μεγάλῳ,
825 4497 976 4551 οὐδὲν
1002 4498 1157 4562 ἐκτὸς
1184 4499 1379 4569 λέγων,
1408 4492 1482 4554 ὧν
1510 4517 1569 4555 τε
1591 4501 1640 4555 οί
1667 4503 1942 4574 προφῆται

2052 3324 2070 3357 ‹
2109 3305 2317 3360 caelesti
2348 3304 2569 3359 \‘iSiODi.
2602 3322 2620 3355 ι

2124 3400 2386 3456 Ὀπτασία
2403 3416 2540 3472 pura
2564 3384 2799 3456 visioést
2817 3416 2938 3471 qua:
2958 3400 3251 3459 humanam
3266 3400 3625 3475 supergredi-

2044 3504 2135 3553 tur
2160 3508 2414 3551 naturam
2450 3495 2600 3550 illius
2631 3495 2713 3549 rei
2746 3512 2910 3565 quam
2953 3512 3067 3551 non
3113 3505 3298 3566 potest
3320 3495 3617 3566 quispiam,

2043 3587 2174 3643 dum
2199 3587 2253 3640 in
2274 3601 2438 3642 carne
2463 3596 2567 3651 est,
2602 3584 2812 3652 videre,
2840 3585 2948 3641 nisi
2980 3587 3155 3656 ipsius
3175 3585 3322 3640 oculi
3352 3584 3622 3641 divinitus

2044 3679 2381 3735 revelentur.

2117 3771 2512 3839 XXVIﬁZO-Q5.
2540 3794 2558 3823 ‹
2598 3771 2704 3828 Sed
2726 3772 2813 3828 his
2842 3771 2938 3843 qui
2959 3782 3088 3828 sunt
3111 3772 3362 3828 Damasci
3385 3773 3622 3845 primum

2051 3885 2070 3918 ι
2101 3877 2154 3921 et
2179 3866 2552 3939 Jerosolymis,
2578 3882 2642 3921 ac
2670 3882 2769 3937 per
2805 3881 3023 3922 omnem
3049 3866 3249 3921 Judaeaa
3297 3866 3576 3937 regionem
3601 3903 3619 3932 ,
3661 3931 3671 3941 .

2052 3978 2070 4010 ι
2109 3959 2270 4030 176
2296 3957 2498 4012 deinde
2527 3973 2745 4028 quoque
2778 3944 3061 4027 gentibus
3109 3957 3509 4012 annuntiabam
3564 3967 3623 4011 ut

2050 4071 2070 4104 ‹
2100 4050 2492 4121 resipiscerent
2536 4058 2592 4105 et
2617 4059 3071 4105 converterentur
3120 4050 3190 4104 ad
3215 4050 3410 4115 Deum,
3455 4064 3623 4119 opera

2052 4163 2072 4198 ‹
2107 4144 2373 4201 facientes
2398 4144 2562 4214 digna
2598 4143 3020 4213 resipiscentiae.
3049 4142 3162 4198 llae
3187 4158 3254 4197 ex
3278 4141 3623 4197 causaJutla-i

2053 4257 2072 4292 ι
2103 4253 2189 4292 me
2219 4238 2275 4292 in
2299 4237 2501 4307 templo
2530 4235 2990 4306 comprehensum
3040 4242 3391 4291 tentaverunt
3448 4234 3625 4288 inter-

2054 4351 2074 4384 ι
2112 4332 2295 4388 licere.
2321 4332 2419 4387 Dei
2449 4331 2635 4402 itaque
2658 4338 2853 4387 nactus
2881 4328 3173 4396 auxilium,
3229 4343 3404 4398 usque
3439 4327 3495 4382 in
3518 4327 3623 4381 ho-

2053 4443 2072 4477 ‹
2109 4424 2364 4479 diernum
2397 4423 2543 4479 diem
2587 4429 2694 4489 sto,
2754 4422 3055 4478 testiﬁcaris
3084 4431 3201 4477 tum
3253 4434 3444 4491 parvo,
3509 4428 3626 4474 tum

2053 4531 2072 4565 ι
2106 4527 2325 4583 magno,
2354 4512 2493 4567 nihil
2516 4511 2666 4568 aliud
2696 4512 2888 4568 dicens
2914 4527 3079 4583 quam
3107 4526 3171 4568 ea
3198 4526 3320 4582 quae
3342 4509 3624 4581 praphete

374 4606 395 4639 ι
436 4586 706 4657 ἐλάλησαν
738 4589 1038 4659 μελλόντων
1058 4590 1320 4660 γίνεσθαι,
1347 4597 1439 4645 καὶ
1469 4593 1733 4664 Μωῡσῆς,
1760 4597 1809 4647 εί
1840 4613 1944 4649 πα-

2056 4625 2074 4659 (
2113 4606 2365 4661 dixerant
2383 4605 2568 4661 futura
2592 4620 2736 4671 esse,
2769 4616 2826 4661 et
2854 4604 3051 4671 Moses,
3080 4619 3147 4658 an
3173 4618 3434 4674 passurus
3459 4600 3625 4657 fuerit

375 4698 396 4731 ι
442 4678 605 4749 θητὸς
630 4682 658 4733 ό
687 4681 941 4752 Χριστὸς,
974 4683 1023 4735 εἰ
1051 4682 1269 4751 πρῶτος
1294 4683 1353 4750 ἐξ
1369 4684 1715 4749 ἀναστάσεως
1737 4685 1945 4758 νεκρῶν

374 4791 396 4825 ί
442 4773 560 4842 φῶς
603 4772 786 4843 μέλλει
834 4775 1226 4845 καταγγέλλειν
1272 4777 1350 4847 τῷ
1382 4777 1500 4847 λαῷ
1543 4779 1637 4831 καὶ
1693 4781 1807 4842 τοῖς
1857 4777 1947 4834 ἔθ-

378 4883 398 4918 (
440 4881 575 4919 νεσι.
608 4883 628 4915 ι
1551 4900 1561 4911 .

454 4974 472 5006 ι
506 4951 609 5008 Ὧν
636 4973 698 5009 τε
726 4957 775 5010 οἱ
819 4958 1095 5029 προφῆται
1149 4957 1436 5030 ἐλάλησαν.
1473 4982 1493 5014 ι
1530 4958 1649 5018 Ἵνα
1695 4964 1781 5036 pili
1820 4964 1945 5038 δόξῃ

369 5047 540 5109 αὐτὸς
572 5047 897 5114 δ.δάσκαλος
935 5045 1072 5104 εἶναι
1099 5050 1312 5115 τούτου,
1356 5052 1552 5121 ἐπάγει
1577 5055 1707 5118 τοὺς
1729 5057 1946 5129 προφή-

367 5154 473 5201 τας
501 5139 593 5190 καὶ
623 5138 714 5192 τὸν
737 5140 939 5194 Μωσέα
964 5140 1209 5211 λέγοντα
1233 5161 1251 5194 ι
1289 5143 1338 5196 εί
1365 5143 1608 5216 παθητὸς
1636 5148 1663 5199 ό
1683 5147 1940 5216 Χριστὸς,

370 5233 425 5283 εἰ
451 5228 668 5302 πρῶτος
702 5231 762 5297 ἐξ
782 5233 1128 5298 ἀναστάσεως
1159 5236 1390 5305 νεκρῶν,
1420 5255 1440 5290 ι
1469 5238 1563 5291 καὶ
1596 5238 1666 5292 τὰ
1703 5239 1849 5311 ἑξῆς.
1875 5239 1950 5293 Τὸ

371 5323 453 5388 δὲ,
486 5325 554 5388 εί,
588 5324 710 5379 ἀντὶ
737 5325 853 5391 τοῦ,
883 5326 987 5393 ὅτι,
1016 5326 1154 5383 ἐστί.
1202 5329 1425 5399 Μωσῆς,
1453 5332 1638 5401 φησὶν,
1681 5326 1836 5388 εἶπεν
1864 5333 1948 5386 ὅτι

374 5413 621 5480 παθητὸς
641 5415 670 5467 ὁ
696 5415 950 5486 Χριστὸς,
984 5416 1199 5489 πρῶτος
1238 5417 1298 5485 ὲξ
1327 5419 1695 5485 ἀναστάσεως.
1728 5422 1949 5494 Πρῶτος

371 5506 486 5577 γὰρ
514 5502 669 5570 οὗτος
699 5507 922 5580 ἀνέστη,
959 5510 1053 5563 καὶ
1106 5511 1207 5565 οὑκ
1239 5511 1321 5564 ἔτι
1352 5512 1706 5586 ἀποθνήσκει.
1745 5517 1807 5570 Οί
1841 5518 1949 5588 γὰρ

373 5598 709 5662 ἀναστάντες
736 5598 803 5653 δι’
835 5598 998 5655 αὑτοῦ
1020 5601 1053 5673 ἢ
1077 5600 1185 5656 τῶν
1213 5603 1493 5676 μαθητῶν,
1534 5607 1629 5659 καὶ
1653 5607 1704 5660 οί
1733 5607 1820 5661 διὰ
1842 5610 1950 5666 τῶν

337 5772 341 5778 _
372 5693 695 5761 προφητῶν.
745 5692 907 5746 πάλιν
937 5695 1209 5751 ἀπέθανον
1228 5736 1245 5766 ,
1285 5696 1391 5764 ἕως
1412 5696 1514 5770 τῆς
1555 5698 1783 5756 καθόλου
1812 5702 1947 5759 ἀνα-

373 5787 619 5849 στάσεως
654 5786 931 5857 μένοντες.

2055 4717 2073 4750 ε
2104 4695 2357 4753 Christus
2382 4739 2399 4763 ,
2425 4713 2494 4753 an
2520 4697 2730 4767 primus
2758 4713 2827 4752 ex
2854 4696 3262 4752 resurrectione
3279 4701 3624 4749 mortuorum

2055 4810 2073 4843 ι
2113 4791 2299 4847 lumen
2331 4789 2759 4846 annuntiaturus
2791 4789 2864 4845 sit
2895 4788 3098 4860 populo
3119 4795 3177 4842 et
3200 4785 3478 4858 gentibus.
3527 4803 3547 4837 ι

2126 4987 2145 5021 ι
2184 4968 2332 5024 Nihil
2359 4966 2510 5023 aliud
2536 4964 2729 5022 dicens
2751 4979 2914 5036 quam
2941 4979 3006 5021 ea
3060 4980 3184 5035 quae
3208 4964 3494 5035 propheta:
3539 4964 3626 5020 di-

2047 5068 2267 5117 xerunt.
2308 5080 2326 5112 ι
2353 5059 2432 5115 Ne
2458 5059 2620 5130 hujus
2651 5058 2733 5114 rei
2777 5059 2971 5116 doctor
2998 5058 3287 5125 habeatur,
3331 5057 3627 5128 prophetas

2048 5151 2277 5207 adducit
2329 5164 2393 5205 ac
2436 5150 2622 5205 Mosen
2679 5150 2976 5216 dicentem,
3041 5165 3110 5206 an
3163 5165 3428 5221 passurus
3460 5149 3629 5205 luerit

2048 5244 2320 5309 Christus,
2348 5258 2416 5298 an
2438 5244 2652 5314 primus
2672 5259 2740 5298 ex
2800 5244 3206 5300 resurrectione
3259 5254 3627 5304 mortuorum.

2051 5348 2184 5404 etc.;
2219 5339 2268 5389 ει
2301 5351 2449 5401 vero,
2480 5335 2643 5409 idest
2662 5352 2753 5402 an,
2779 5337 2996 5407 capitur
3021 5351 3122 5408 pro
3151 5335 3234 5390 ὅτι
3264 5336 3318 5390 id
3347 5344 3432 5391 est
3456 5335 3628 5406 quod.

2053 5428 2250 5495 Moses,
2279 5427 2480 5498 inquit,
2515 5420 2654 5484 dixit
2685 5427 2833 5499 quod
2857 5444 3122 5499 passurus
3155 5438 3302 5484 esset
3347 5428 3624 5492 Christus,

2052 5520 2268 5591 primus
2304 5535 2371 5574 ex
2396 5522 2823 5576 resurrectione.
2858 5521 3076 5577 Primus
3099 5521 3370 5592 siquidem
3396 5520 3486 5574 hic
3536 5534 3627 5575 re-

2052 5611 2293 5666 surrexit
2321 5626 2425 5667 nec
2446 5611 2684 5683 amplius
2705 5612 2943 5668 moritur
2976 5630 2989 5666 :
3023 5629 3148 5668 cum
3197 5613 3344 5668 enim
3387 5622 3482 5667 aut
3529 5627 3629 5682 per

2052 5718 2201 5779 eum,
2236 5713 2331 5759 aut
2351 5720 2451 5774 per
2477 5704 2796 5775 discipulos,
2819 5705 3071 5761 similiter
3091 5712 3146 5759 et
3166 5720 3267 5775 per
3309 5705 3628 5775 prophetas,
3667 5711 3677 5720 ‘

2054 5796 2392 5867 aliiquidam
2449 5788 2891 5865 resurrexerant,
2938 5812 3159 5852 rursum
3215 5797 3420 5853 mortui
3476 5806 3626 5865 sunt,

2055 5898 2440 5961 exspectantes
2462 5890 2828 5947 universalem
2859 5890 3342 5951 resurrectionem.
