4024 6542
504 350 608 418 εει

1602 344 1997 408 (ECUMENII
2025 345 2314 408 TRICCE
2346 345 2685 409 EPISCOPI

3660 352 3753 417 292

580 467 772 533 XXVI,
813 464 1002 521 24-52.
1035 483 1051 514 ι
1088 463 1213 519 llaec
1243 468 1429 517 autem
1483 477 1608 517 cum
1638 479 1738 534 pro
1769 479 1826 519 se
1857 463 2085 526 diceret,

2274 481 2290 514 ι
2327 461 2513 517 Ταῦτα
2554 463 2610 515 δὲ
2625 460 2790 516 αὐτοῦ
2834 459 3102 530 ἀπολογοῦ
3111 458 3296 530 μένου,
3317 463 3346 516 ὀ
3363 462 3567 534 Φῆστος
3592 470 3753 538 μεγά-

514 581 532 611 ι
575 559 770 615 Festus
793 569 987 627 magna
1025 568 1159 608 voce
1189 552 1300 607 ait:
1331 552 1565 618 insanis,
1589 552 1778 616 Paule,
1825 552 2009 607 multa:
2036 560 2088 607 te

512 669 531 702 ι
569 651 764 705 littera:
785 647 853 703 ad
887 646 1156 702 insaniam
1187 652 1542 699 convertunt.
1576 644 1645 699 Et
1688 644 1893 700 Paulus
1921 661 1933 698 :
1967 644 2086 699 Non

513 760 533 792 ι
569 739 803 804 insanio,
845 737 1047 808 inquit,
1080 735 1538 806 praestantissime
1581 734 1763 801 Feste,
1791 734 1886 791 sed
1942 734 2089 790 veri-

513 854 531 887 ι
575 835 702 890 tatis
729 843 784 889 et
815 831 1136 888 sobrietatis
1157 831 1325 885 verba
1355 831 1611 901 eloquor.
1665 830 1782 886 Scit
1831 830 1980 886 enim
2019 829 2088 886 de

513 947 531 978 σ
564 927 652 981 his
692 943 806 993 rex,
839 925 906 979 ad
939 939 1102 994 quem
1130 933 1186 979 et
1208 923 1386 978 libere
1424 924 1641 993 loquor.
1707 922 1906 979 Latere
1958 937 2087 978 eum

514 1038 532 1070 ι
569 1018 938 1073 nihilhorum
971 1016 1233 1071 arbitror.
1285 1013 1569 1086 Siquidem
1622 1031 1801 1086 neque
1865 1015 1972 1071 hoc
2028 1015 2087 1070 in

466 1158 470 1182 γ
513 1132 531 1162 ι
572 1112 773 1182 angulo
812 1118 1027 1182 gestum
1060 1119 1166 1165 est.
1231 1107 1448 1173 Credis,
1476 1124 1573 1163 rex
1637 1106 1898 1179 Agrippa,
1954 1121 2085 1178 pro-

465 1198 472 1213 "
511 1222 529 1254 ι
569 1202 751 1273 phetis
768 1203 792 1256 ?
809 1201 935 1257 Scio
953 1200 1100 1272 quod
1128 1200 1340 1256 credas.
1390 1200 1629 1272 Agrippa
1651 1209 1833 1255 autem
1855 1199 1922 1255 ad
1941 1198 2085 1254 Pau-

512 1312 531 1344 ι
574 1294 689 1348 lum
714 1294 793 1348 ait
822 1310 835 1346 :
864 1292 1062 1347 Paucis
1082 1293 1281 1348 suades
1313 1292 1445 1347 mihi
1478 1306 1539 1347 ut
1567 1291 1920 1347 Christianus
1969 1291 2086 1347 ellio

511 1403 529 1436 ι
563 1384 696 1439 ciar.
719 1384 923 1439 Paulus
947 1399 1081 1439 vero
1117 1383 1256 1439 dixit
1285 1401 1299 1439 :
1333 1382 1580 1453 Optarim
1626 1397 1761 1439 sane
1790 1398 1820 1438 a
1868 1382 1982 1438 Deo
2030 1391 2088 1438 et

511 1495 529 1526 ι
564 1476 756 1545 paucis
783 1486 840 1531 et
871 1475 1081 1541 multis,
1107 1490 1217 1529 non
1252 1484 1304 1531 te
1342 1474 1546 1540 solum,
1580 1474 1677 1530 sed
1700 1474 1865 1529 etiam
1892 1489 2085 1529 omnes

511 1587 529 1617 ι
570 1568 663 1637 qui
699 1568 936 1623 audiunt
969 1567 1157 1633 hodie,
1182 1582 1306 1623 esse
1359 1568 1495 1623 tales
1558 1567 1739 1638 qualis
1790 1581 1893 1637 ego
1937 1581 2083 1631 sum,

510 1680 530 1711 ι
568 1660 814 1731 exceptis
834 1660 1069 1715 vinculis
1090 1659 1198 1716 his.
1227 1658 1478 1730 Cumque
1503 1660 1621 1714 haec
1651 1659 1871 1714 loeutus
1916 1666 2081 1724 esset,

511 1771 529 1801 ι
572 1753 812 1807 surrexit
837 1767 936 1808 rex
964 1766 1028 1807 ac
1054 1766 1257 1822 praeses
1283 1761 1337 1806 et
1359 1751 1589 1807 Bernice
1609 1750 1817 1821 quique
1867 1747 2083 1804 asside-

2201 574 2217 606 ι
2262 555 2328 626 λῃ
2341 557 2404 627 τῇ
2424 557 2574 627 φωνῇ
2595 553 2699 625 ἔφη
2729 569 2743 584 ο
2773 552 2976 627 Μαίνῃ,
2998 551 3211 619 Παῦλε,
3227 551 3297 608 τά
3324 554 3496 611 πολλά
3514 573 3572 610 σε
3590 560 3754 633 γράμ-

2198 667 2216 700 ι
2266 665 2411 718 ματα
2431 648 2510 712 εἰς
2547 647 2748 716 μανίαν
2775 646 3121 718 περιτρέπει.
3174 646 3232 700 Ὀ
3255 646 3334 713 δὲ,
3354 647 3432 702 Οὐ
3485 649 3751 723 μαίνομαι,

2201 758 2217 790 ι
2274 737 2430 809 φησὶ,
2458 738 2719 808 κράτιστε
2745 737 2943 808 Φῆστε,
2984 736 3120 791 ἀλλὰ
3150 737 3408 809 ἀληθείας
3432 741 3527 793 καὶ
3555 758 3754 814 σωφρο-

2196 848 2214 883 ι
2255 830 2420 902 σύνης
2454 831 2673 901 ῥήματα
2692 828 3137 900 ἀποφθέγγομαι.
3156 829 3479 887 Ἐπίσταται
3511 832 3619 904 γάρ
3639 835 3754 908 περὶ

2197 941 2215 974 ι
2252 921 2507 977 τούτωνό
2534 920 2808 992 βασιλεὺς,
2841 922 2982 991 πρὸς
3016 920 3076 975 δν
3114 920 3208 976 καὶ
3252 923 3754 995 παρρησιαζόμενος

2196 1032 2216 1065 ι
2252 1012 2419 1068 λαλῶ.
2450 1011 2751 1067 Δανθάνειν
2801 1011 2911 1083 γὰρ
2960 1011 3126 1066 αὐτόν
3178 1029 3232 1068 τι
3264 1015 3490 1082 τούτων,
3535 1017 3597 1070 οὐ
3648 1018 3756 1073 πεί-

2195 1121 2215 1156 t
2251 1101 2416 1173 θομαι
2472 1100 2649 1155 οὐδέν.
2702 1100 2776 1154 Οὐ
2833 1100 2943 1170 γάρ
2993 1101 3143 1153 ἔστιν
3202 1099 3262 1153 ὲν
3295 1100 3467 1173 γωνίᾳ
3520 1118 3759 1174 πεπραγ-

2194 1215 2214 1248 ι
2255 1195 2416 1266 μένον
2445 1194 2626 1249 τοῦτο.
2679 1193 2991 1258 Πιστεύεις,
3041 1192 3267 1265 βασιλεῦ
3309 1193 3613 1265 ’Δγρίππα,
3652 1200 3756 1261 τοῖς

2195 1307 2214 1341 ι
2252 1289 2601 1360 προφήταις;
2633 1282 2762 1340 Οἶδα
2787 1287 2868 1341 ὅτι
2908 1285 3207 1351 πιστεύεις.
3250 1287 3312 1341 '0
3342 1287 3399 1342 δὲ
3456 1287 3755 1359 ’Δγρίππας

2196 1399 2214 1432 ι
2257 1380 2393 1449 πρὸς
2419 1380 2508 1434 τὸν
2533 1378 2748 1434 Παῦλον
2776 1378 2881 1450 ἔφη
2906 1393 2923 1413 ⁶
2959 1379 3048 1433 Ἐν
3070 1378 3236 1449 ὀλίγῳ
3269 1396 3337 1449 με
3392 1378 3603 1444 πείθεις
3631 1380 3756 1450 Χρι·

2195 1490 2214 1522 ι
2259 1468 2473 1525 στιανὸν
2530 1469 2808 1540 γενέσθαι.
2846 1469 2906 1523 '0
2955 1470 3013 1524 δὲ
3043 1470 3255 1534 Παῦλος
3315 1467 3468 1524 εἶπεν
3504 1486 3520 1503 ’
3570 1470 3753 1536 Εὐξαί-

2196 1581 2214 1614 ι
2259 1579 2367 1633 μην
2400 1561 2467 1618 ἂν
2495 1563 2573 1634 τῷ
2600 1561 2720 1635 Θεῷ
2751 1563 2844 1617 καὶ
2892 1565 2951 1616 έν
2980 1562 3150 1635 ὀλίγῳ
3206 1565 3302 1617 καὶ
3346 1564 3405 1617 ἐν
3460 1563 3642 1635 πολλῷ
3698 1565 3753 1618 οὐ

2195 1672 2213 1706 ι
2258 1654 2418 1724 μόνον
2452 1653 2511 1708 σὲ
2533 1695 2550 1721 ,
2601 1653 2735 1709 ἀλλὰ
2759 1654 2852 1710 καὶ
2880 1656 3088 1719 πάντας
3135 1656 3262 1720 τούς
3309 1654 3607 1720 ἀκούοντάς
3665 1673 3755 1728 μου

2196 1764 2215 1796 ι
2260 1747 2500 1819 σήμερον
2531 1788 2547 1813 ,
2595 1748 2851 1816 γενέσθαι
2887 1734 3187 1813 τοιούτους,
3237 1748 3420 1812 όποίος
3473 1750 3627 1817 κάγώ
3684 1750 3757 1802 εἱ-

509 1863 526 1893 ι
565 1843 718 1898 bant.
743 1844 811 1900 Et
837 1861 963 1900 cum
988 1844 1371 1907 secessissent,
1403 1842 1772 1914 loquebantur
1813 1842 1961 1897 inter
1991 1857 2071 1907 se,

2193 1858 2211 1891 ι
2258 1856 2341 1910 μι,
2376 1838 2653 1911 παρεκτὸς
2706 1840 2816 1895 τῶν
2844 1838 3061 1911 δεσμῶν
3084 1838 3311 1894 τούτων.
3350 1840 3461 1894 Καὶ
3491 1838 3662 1893 ταῦτα
3687 1840 3757 1893 εί-

508 1956 525 1986 ι
568 1935 816 1993 dicentes
845 1955 858 1992 :
889 1937 1035 1992 Nihil
1071 1945 1246 1992 morte
1282 1936 1634 1991 autvinculis
1682 1934 1909 2006 dignum
1948 1933 2081 1989 facit

508 2047 525 2077 ι
569 2027 733 2083 homo
771 2028 894 2083 iste.
926 2028 1169 2098 Agrippa
1195 2042 1325 2082 vero
1348 2026 1510 2082 Festo
1536 2026 1675 2082 dixit
1701 2044 1714 2078 :
1746 2024 1956 2081 Dimitti
1983 2040 2082 2095 po-

509 2139 527 2170 ι
569 2127 710 2175 terat
732 2120 824 2177 hic
854 2121 1041 2188 homo,
1076 2120 1121 2176 si
1152 2136 1263 2175 non
1290 2120 1619 2191 appellasset
1652 2119 1943 2175 Caasarem.
1976 2137 1995 2170 ›

2200 1951 2219 1983 ι
2256 1932 2450 1997 πόντος
2487 1930 2654 1987 αὐτοῦ
2680 1974 2695 1998 ,
2728 1931 2927 2004 ἀνέστη
2976 1933 3005 1986 ὀ
3035 1931 3288 2003 βασιλεὺς
3329 1931 3424 1986 καὶ
3458 1931 3489 1985 ό
3520 1929 3752 2003 ἡγεμὼν.

2195 2043 2213 2075 ι
2253 2023 2288 2094 ἦ
2320 2040 2379 2077 τε
2412 2024 2679 2094 Βερενίκη
2719 2023 2814 2077 καὶ
2846 2026 2895 2077 οἱ
2956 2022 3366 2095 συγκαθήμενοι
3419 2024 3624 2087 αὐτοῖς.
3661 2021 3758 2077 Καὶ

2195 2133 2213 2165 ι
2252 2113 2709 2185 ἀναχωρήσαντες
2730 2154 2744 2178 ,
2776 2113 3001 2169 ἐλάλουν
3038 2112 3175 2185 πρὸς
3202 2113 3466 2185 άλλήλου;
3497 2113 3754 2182 λέγοντες,

509 2231 525 2262 ι
562 2214 643 2267 ὅτι
670 2214 835 2268 Οὐδὲν
882 2214 1115 2269 θανάτου
1169 2213 1318 2281 ἄξιον
1360 2213 1643 2287 ἦδεσμῶν
1678 2214 1911 2285 πράσσει
1956 2214 1984 2267 ό
2012 2209 2301 2280 ἄνθρωπος
2359 2201 2534 2272 οὗτος.
2566 2208 2879 2280 Ἀγρίππας
2905 2208 2961 2261 δὲ
3022 2206 3100 2277 τῷ
3161 2206 3357 2279 Φήστῳ
3413 2206 3545 2277 ἔφη*
3609 2205 3757 2259 Ἀπο-

508 2325 526 2356 ι
570 2304 820 2360 λελύσθαι
852 2306 1075 2362 ἐδύνατο
1101 2308 1129 2361 ὀ
1169 2305 1456 2376 ἄνθρωπος
1489 2300 1665 2371 οὗτος,
1716 2307 1763 2358 εί
1802 2309 1880 2378 μὴ
1909 2301 2244 2373 ἐπεκέκλητο
2275 2298 2552 2371 Καίσαρα.
2589 2317 2607 2351 ι

582 2419 743 2490 177
766 2418 1056 2486 Quoniam
1084 2419 1151 2475 ad
1187 2435 1373 2491 regem
1406 2432 1626 2487 semper
1674 2419 1846 2474 verba
1875 2417 2083 2489 dirige-

496 2511 610 2578 bat,
637 2524 948 2568 commotus
967 2522 1049 2567 est
1068 2513 1414 2581 aliquantum
1445 2510 1662 2576 Festus,
1685 2520 1741 2566 et
1764 2511 2078 2565 libertatem

498 2600 755 2666 intuitus,
788 2616 855 2656 ex
894 2600 1064 2656 animi
1088 2600 1505 2671 perturbatione
1544 2608 1604 2656 et
1671 2601 1786 2656 ira:
1850 2601 2086 2666 Insanis,

496 2692 699 2764 inquit.
729 2692 935 2749 Paulus
958 2708 1090 2750 vero
1121 2708 1344 2749 causam
1376 2692 1559 2757 docet,
1620 2708 1720 2748 cur
1774 2692 1844 2748 ad
1894 2708 2080 2765 regem

495 2787 729 2843 verbum
783 2794 1088 2842 convertat.
1130 2786 1339 2843 Deinde
1385 2785 1686 2843 ostendens
1746 2784 1892 2857 quod
1966 2793 2083 2840 toto

497 2886 770 2933 terrarum
793 2879 925 2934 orbe
943 2878 1049 2934 hoc
1077 2878 1275 2951 dogma
1306 2879 1378 2935 sit
1403 2877 1739 2949 dispersum,
1758 2876 2079 2949 subjungit:

505 2989 524 3021 ι
561 2970 843 3040 Siquidem
870 2986 1047 3041 neque
1096 2972 1204 3026 hoc
1253 2971 1310 3027 in
1366 2971 1569 3041 angulo
1624 2979 1839 3041 gestum
1893 2977 2013 3025 est:
2055 2988 2074 3021 ι

497 3064 566 3118 de
583 3078 746 3118 cruce
762 3078 827 3117 ac
853 3063 1261 3118 resurrectione
1285 3061 1494 3118 Christi
1518 3062 1769 3132 loquens.
1786 3062 1874 3115 Ἑν
1896 3061 2081 3132 ὀλίγῳ,

492 3164 608 3210 hoc
653 3161 741 3208 est
786 3153 1076 3224 perpaucis
1119 3153 1326 3235 verbis,
1389 3152 1657 3209 brevibus
1708 3152 2082 3218 sermonibus,

503 3246 719 3301 modica
743 3244 1016 3311 doctrina,
1041 3244 1250 3315 absque
1270 3259 1467 3316 magno
1486 3243 1676 3299 labore
1709 3244 2083 3315 continuaque

496 3335 892 3407 disputatione.
926 3336 1159 3407 Propter
1201 3335 1351 3407 quod
1383 3335 1550 3391 etiam
1606 3335 1809 3392 Paulus
1836 3335 2075 3391 vicissim
2114 3370 2157 3429 Ο

494 3445 564 3485 ac
594 3430 990 3485 convenienter
1021 3431 1099 3484 ait
1125 3430 1193 3484 ad
1218 3430 1373 3484 illum
1401 3446 1415 3483 :
1439 3448 1457 3481 ι
1484 3429 1732 3501 Optarim
1755 3444 1888 3483 sane
1908 3447 1939 3483 a
1972 3429 2082 3482 Deo

492 3527 554 3574 et
579 3519 769 3589 paucis
791 3527 847 3574 et
868 3519 1094 3587 multis;
1131 3538 1150 3570 ι
1188 3534 1252 3574 ac
1276 3518 1323 3574 si
1354 3518 1504 3574 dicat
1538 3536 1552 3573 :
1582 3517 1697 3573 lloc
1716 3533 1914 3588 nempe
1951 3517 2087 3572 mihi

501 3610 691 3665 studio
717 3619 823 3675 est,
854 3618 916 3665 ut
938 3624 1132 3665 omnes
1162 3609 1473 3666 eﬂiciantur
1502 3608 1828 3675 Christiani,
1872 3619 1930 3665 et
1980 3609 2086 3666 hoc

500 3696 639 3751 mihi
658 3696 713 3751 in
735 3697 881 3752 votis
900 3707 986 3754 est
1004 3712 1177 3769 eaque
1194 3700 1441 3768 precatio
1462 3714 1647 3754 coram
1667 3699 1778 3756 Deo
1802 3718 1814 3754 :
1839 3699 2088 3771 quando-

500 3788 723 3857 quidem
738 3796 963 3857 paratus
984 3803 1129 3854 sum,
1150 3788 1409 3844 etmultis
1431 3788 1806 3852 sermonibus,
1826 3790 2088 3861 etpaucis

498 3881 704 3938 Christi
731 3881 1032 3953 praedicare
1064 3881 1251 3951 Mem,
1278 3882 1453 3938 multo
1472 3881 1638 3937 etiam
1658 3881 1988 3938 cumlabore
2023 3897 2087 3938 ac

513 3972 788 4036 molestia,
808 3971 975 4043 idque
994 3972 1267 4044 protinus.
1283 3970 1640 4042 Nequaquam
1663 3972 1811 4027 enim
1844 3972 2085 4028 laborem

501 4072 598 4120 aut
624 4064 932 4121 molestiam
970 4065 1028 4121 in
1086 4066 1337 4121 doctrina
1371 4080 1437 4121 ac
1476 4065 1872 4136 praedicatione
1906 4065 2085 4121 inesse

499 4156 804 4213 arbitrarer
828 4174 842 4212 :
871 4157 965 4213 sed
990 4156 1219 4229 perinde
1237 4157 1373 4211 mihi
1396 4166 1541 4213 esset
1562 4156 1870 4227 defatigari,
1893 4172 1957 4213 ac
1976 4172 2087 4214 non

501 4248 811 4322 defatigari,
843 4250 1079 4305 multum
1115 4256 1336 4320 tempus
1366 4247 1650 4305 insumere
1680 4249 1828 4305 sicut
1860 4265 2108 4324 parum,_

510 4342 676 4397 modo
696 4342 999 4399 nonnullos
1023 4341 1240 4398 videam
1259 4344 1353 4412 qui
1386 4340 1453 4396 ad
1478 4340 1651 4396 Deum
1663 4349 2083 4398 convertantur.

500 4433 627 4489 Ilazc
646 4441 830 4490 autem
855 4434 1074 4491 dicebat
1101 4434 1264 4490 simul
1283 4434 1507 4506 quidem
1524 4450 1678 4490 suam
1696 4435 2092 4505 promptitudi-

446 4514 447 4517 “
500 4539 627 4579 nem
645 4532 809 4596 atque
835 4518 1110 4581 fervorem
1130 4526 1720 4593 demonstrans,,simul
1738 4526 1906 4581 etiam
1932 4526 2088 4582 illum

501 4633 831 4689 provocans,
859 4628 919 4674 ut
950 4618 995 4674 si
1020 4618 1184 4674 vellet
1206 4618 1365 4688 plura
1382 4617 1575 4674 audire
1594 4626 1652 4674 et
1694 4617 1949 4689 ampliori
1976 4618 2087 4675 [mi

2266 2413 2485 2484 Ἐπειδὴ
2517 2413 2607 2468 ἀεὶ
2653 2413 2789 2485 πρὸς
2818 2411 2910 2465 τὸν
2956 2412 3181 2484 βασιλέα
3232 2412 3539 2482 διελέγετο,
3582 2412 3754 2485 ῶσπερ

2185 2504 2356 2560 ἔπαθέ
2400 2523 2454 2560 τι
2500 2506 2529 2558 ὀ
2578 2506 2807 2577 Φῆστος,
2841 2505 2937 2558 καὶ
2971 2503 3095 2559 ἰδὼν
3149 2505 3247 2576 τὴν
3297 2504 3754 2578 παρῤησίαν,άπὸ

2190 2601 2367 2674 θυμοῦ
2398 2601 2494 2655 καὶ
2535 2600 2729 2673 ὀργῆς.
2774 2601 2979 2672 Μαίνῃ,
3001 2600 3187 2672 φησίν.
3228 2600 3289 2654 '0
3344 2600 3400 2654 δὲ
3430 2598 3642 2663 Παῦλος
3664 2600 3753 2670 τὴν

2190 2694 2373 2749 αἰτίαν
2402 2692 2667 2759 διδάσκει,
2696 2692 2765 2747 δι’
2802 2692 2872 2764 ἢν
2899 2691 3039 2764 πρὸς
3083 2692 3175 2745 τὸν
3219 2690 3445 2762 βασιλέα
3477 2690 3569 2745 τὸν
3607 2689 3753 2760 λόγον

2193 2769 2559 2858 ἀπέστρεψεν.
2596 2769 2734 2841 Εῐτα
2760 2785 2977 2849 δεικνὺς
3010 2784 3093 2838 ὅτι
3134 2781 3413 2855 πανταχοῦ
3451 2782 3554 2853 τῆς
3587 2784 3752 2836 οἰκου-

2194 2876 2365 2949 μένης
2392 2876 2553 2932 τοῦτο
2573 2877 2764 2947 γέγονε
2794 2875 2856 2929 τὸ
2900 2875 3096 2946 δόγμα,
3128 2875 3407 2943 ἐπήγαγεν
3430 2890 3445 2904 ·
3484 2892 3505 2924 ι
3544 2874 3618 2927 Οὐ
3653 2872 3753 2942 γάρ

2190 2965 2251 3018 ὲν
2279 2964 2453 3036 γωνίᾳ
2476 2964 2867 3037 πεπραγμένον
2896 2962 3056 3017 τοῦτο
3077 2982 3124 3029 ,ι
3158 2963 3217 3018 τὸ
3236 2963 3367 3035 περὶ
3399 2963 3634 3032 σταυροῦ
3676 2960 3755 3015 λέ-

2191 3074 2327 3127 γων,
2355 3059 2448 3111 καὶ
2472 3058 2569 3127 τῆς
2595 3056 2948 3118 ἀναστάσεως
2976 3053 3074 3107 τοῦ
3128 3053 3391 3125 Χριστοῦ.
3448 3054 3540 3106 Ἑν
3565 3051 3721 3122 ὀλίγῳ
3738 3066 3750 3081 ⁸

2189 3148 2435 3201 τουτέστι
2460 3146 2529 3201 δι’
2547 3147 2743 3217 ὀλίγων
2776 3146 3063 3221 ῥημάτων,
3095 3148 3153 3200 ὲν
3181 3145 3411 3218 βραχέσι
3455 3145 3655 3214 λόγοις,
3700 3144 3752 3196 ἒν

2188 3239 2346 3314 ὀλίγῃ
2369 3240 2708 3313 διδασκαλίᾳ,
2730 3242 2899 3312 χωρὶς
2932 3240 3130 3294 πολλοῦ
3166 3240 3330 3294 πόνου
3381 3239 3477 3294 καὶ
3510 3238 3752 3311 συνεχοῦς

2189 3331 2495 3397 διαλέξεως.
2529 3333 2607 3385 Δι’
2635 3332 2662 3385 ὃ
2692 3332 2786 3387 καὶ⁸
2820 3333 2958 3405 πρὸς
2990 3332 3153 3387 αὐτὸν
3176 3330 3535 3402 καταλλήλως
3565 3333 3592 3385 ό
3616 3329 3752 3385 Παῦ-

2191 3420 2283 3487 λός
2321 3440 2485 3495 φησιν
2507 3440 2523 3455 ·
2562 3440 2580 3476 ι
2610 3423 2891 3495 Εὐξαίμην
2919 3424 2985 3479 ἂν
3032 3424 3109 3496 τῷ
3142 3422 3262 3497 Θεῷ
3300 3425 3395 3477 καὶ
3432 3426 3493 3478 ὲν
3517 3423 3695 3496 ὀλίγῳ,
3729 3440 3748 3476 ι

2191 3515 2287 3568 καὶ
2316 3513 2385 3568 τὰ
2411 3514 2557 3585 ἑξῆς.
2583 3513 2731 3583 Οἷον,
2759 3517 2842 3571 ὅτι
2884 3516 3040 3588 Ἐμοὶ
3076 3516 3235 3571 τοῦτο
3288 3515 3495 3589 σπουδὴ
3527 3516 3586 3570 τὸ
3615 3516 3753 3586 γενέ-

2194 3610 2317 3661 σθαι
2351 3608 2560 3672 πάντας
2596 3608 2983 3681 Χριστιανοὺς,
3014 3627 3110 3664 και
3134 3609 3294 3664 τοῦτό
3323 3609 3413 3679 μοί
3447 3611 3598 3664 ἐστιν
3632 3605 3751 3677 εὐχῆ

2191 3698 2329 3771 πρὸς
2357 3698 2510 3756 Θεόν.
2574 3700 2732 3755 Ἐπεὶ
2759 3700 2976 3773 ἕτοιμός
3008 3701 3125 3772 είμι
3158 3701 3255 3756 καὶ
3308 3700 3397 3756 διὰ
3431 3700 3642 3755 πολλῶν
3674 3698 3752 3755 λό-

2191 3810 2324 3863 γων,
2355 3792 2451 3847 καὶ
2471 3791 2539 3847 δι’
2558 3792 2762 3864 ὀλίγων
2778 3793 2878 3867 τὴν
2902 3795 2960 3849 ὲν
2988 3792 3210 3867 Χριστῷ
3228 3792 3532 3866 κηρύσσειν
3562 3792 3751 3857 πίστιν,

2194 3882 2292 3938 καὶ
2328 3882 2470 3954 μετὰ
2503 3884 2673 3938 κόπου
2712 3882 2807 3938 καὶ
2834 3883 3023 3951 πόνου,
3059 3882 3155 3939 καὶ
3183 3883 3248 3938 ὲκ
3273 3883 3368 3938 τοῦ
3401 3884 3751 3957 παραχρῆμα.

2192 3976 2376 4041 Κόπος
2413 3975 2522 4048 γὰρ
2546 3976 2640 4031 καὶ¹
2669 3975 2831 4042 πόνος
2855 3975 2914 4031 ὲν
2941 3977 3012 4050 τῇ
3054 3974 3373 4047 διδασκαλίᾳ
3411 3977 3506 4031 καὶ
3539 3976 3614 4047 τῷ
3660 3992 3751 4044 κη-

2192 4066 2431 4139 ρύγματι
2489 4067 2742 4139 οὐδαμῶς
2799 4065 3077 4137 λογίζεταί
3138 4086 3250 4138 μοι,
3303 4068 3419 4123 ἀλλ’
3481 4066 3597 4123 ἴσον
3644 4066 3751 4120 ἐστὶ

2189 4161 2387 4233 κοπιᾷν
2431 4160 2526 4214 καὶ
2559 4158 2655 4232 μὴ,
2725 4159 2820 4214 καὶ
2870 4158 3039 4214 πολὺν
3070 4159 3263 4233 χρόνον
3300 4158 3510 4231 τρίϐειν
3560 4156 3751 4230 κηρύτ-

2186 4268 2351 4306 τοντα
2389 4251 2485 4305 καὶ
2515 4250 2717 4319 ὀλίγον,
2759 4252 2918 4323 μόνον
2940 4252 2995 4305 εῐ
3020 4269 3171 4316 τινας
3195 4250 3311 4324 όρῶ
3349 4251 3486 4324 πρὸς
3512 4251 3604 4307 τὸν
3627 4251 3752 4323 Χρι-

2191 4343 2315 4399 στὸν
2344 4343 2802 4416 ἐπιστρέφοντας.
2847 4342 3034 4398 Ταῦτα
3081 4343 3137 4397 δὲ
3189 4342 3377 4412 ἔλεγεν
3422 4342 3543 4414 ἅμα
3574 4341 3670 4414 μὲν
3696 4340 3752 4395 τὸ

2187 4434 2353 4491 αὐτοῦ
2385 4436 2662 4509 πρόθυμον
2694 4437 2787 4490 καὶ
2820 4436 3083 4508 διάπυρον
3106 4435 3539 4508 ἐνδεικνύμενος,
3562 4435 3674 4507 ἅμα
3700 4432 3751 4486 δι

2188 4529 2442 4582 κάκεῖνον
2476 4527 2900 4600 ἐκκαλούμενος,
2931 4528 3007 4593 ὡς
3039 4530 3088 4582 εί
3126 4526 3370 4601 βούλοιτο
3407 4527 3503 4582 καὶ
3543 4526 3751 4581 πλείονα

2189 4619 2442 4688 ἀκοῦσαι,
2474 4621 2572 4676 καὶ
2597 4621 2923 4694 πλειοτέρας
2960 4621 3310 4687 διδασκαλίας
3337 4618 3669 4685 ἀπολαῦσαι,
3693 4617 3750 4672 οὐ

499 4710 772 4775 doctrina,
798 4726 911 4766 non
945 4711 1110 4767 modo
1130 4711 1272 4767 nihil
1293 4719 1673 4778 cunctaretur,
1697 4726 1891 4768 verum
1906 4712 2076 4768 etiam

2191 4710 2351 4781 μόνον
2388 4709 2542 4764 οὐδὲν
2587 4711 2914 4784 άποκνήσει,
2947 4712 3062 4768 ἀλλ’
3104 4712 3277 4778 οὕτως
3316 4715 3435 4768 ἐστὶ
3464 4712 3748 4786 πρόθυμος,

501 4800 638 4856 adeo
670 4809 959 4872 promptus
991 4810 1138 4857 esset
1176 4798 1244 4856 ad
1280 4800 1656 4856 exhibendum
1712 4814 1771 4857 se
1828 4808 2081 4872 paratum

501 4908 567 4947 ac
591 4893 850 4960 alacrem,
884 4902 945 4947 ut
977 4893 1142 4948 etiam
1163 4908 1304 4965 opus
1330 4893 1466 4948 illud
1501 4892 1609 4950 sibi
1635 4892 1694 4949 in
1717 4893 1864 4950 votis
1913 4902 2082 4962 esset,

501 4984 800 5040 dummodo
846 4999 1075 5056 scopum
1104 4993 1516 5055 assequeretur.
1559 4985 1799 5058 Agrippa
1858 4986 2082 5058 quidem

475 5084 791 5147 .acceperat
810 5078 867 5130 ὲν
897 5076 1062 5145 ὀλὶγω
1088 5116 1104 5141 ,
1130 5084 1192 5132 ut
1224 5076 1556 5148 signiﬁcaret
1574 5078 1766 5148 paucis
1794 5092 1933 5148 opus
1963 5093 2083 5134 esse

496 5177 600 5224 aut
629 5183 823 5239 parum
850 5167 1063 5225 abesse.
1091 5169 1296 5225 Paulus
1323 5185 1457 5226 vero
1485 5179 1601 5225 tum
1620 5169 1675 5225 in
1703 5168 1927 5235 divinis,
1959 5178 2072 5226 tum

500 5261 560 5316 iu
605 5259 885 5325 humanis,
928 5260 1395 5330 prudentissimus
1453 5276 1517 5317 ac
1568 5261 1960 5327 astutissimus,
2031 5261 2078 5317 si

501 5352 773 5424 quispiam
801 5352 964 5415 alius,
996 5360 1090 5408 aut
1121 5352 1304 5408 oblata
1342 5369 1480 5410 usus
1521 5353 1788 5420 dictione,
1839 5364 1936 5409 aut
2000 5354 2078 5410 si-

499 5446 757 5522 guiticato
776 5445 844 5501 ad
874 5444 928 5500 id
952 5444 1099 5515 quod
1121 5445 1238 5501 suis
1260 5446 1614 5501 sermonibus
1636 5455 1755 5501 erat
1779 5446 2079 5516 expediens

496 5536 770 5609 adiunxit,
799 5537 857 5589 έν
872 5536 1037 5606 ὀλίγῳ
1063 5535 1155 5590 καὶ
1173 5537 1229 5590 ὲν
1251 5535 1450 5608 πολλῷ,
1473 5551 1536 5591 ac
1556 5537 1599 5591 si
1622 5537 1850 5592 dixisset
1871 5558 1883 5592 :
1902 5536 2079 5591 Parvo

495 5644 817 5684 sermonum
847 5643 1041 5700 agone,
1069 5640 1166 5684 aut
1212 5629 1259 5685 si
1310 5644 1450 5700 opus
1487 5639 1635 5684 esset
1663 5629 1827 5684 etiam
1856 5629 2073 5701 majori,

493 5719 735 5790 optarim
771 5726 821 5775 te
876 5718 1253 5777 Christianum
1311 5719 1454 5775 ﬁeri.
1500 5716 1739 5776 Omnino
1791 5728 2077 5792 promptus

496 5825 622 5868 sum
646 5813 829 5869 omnia
862 5811 1041 5871 facere
1065 5810 1165 5887 pro
1187 5814 1382 5888 salute,
1411 5828 1521 5871 nou
1558 5822 1671 5893 tua
1720 5814 1922 5883 solum,
1954 5803 2077 5871 ~vc-

2185 4801 2403 4874 ἒτοιμον
2432 4801 2611 4857 καὶτὸ
2633 4803 2916 4876 πρόθυμον
2957 4806 3239 4878 παρέχων,
3278 4805 3420 4859 ὥστε
3476 4805 3573 4860 καὶ
3592 4801 3749 4875 εὐχῆς

2183 4893 2346 4965 ἔργον
2366 4894 2498 4949 αὐτὸ
2529 4897 2824 4962 ποιεῖσθαι,
2852 4896 2920 4953 ἂν
2944 4897 3105 4969 μόνον
3122 4897 3366 4971 τυγχάνῃ
3393 4896 3488 4952 τοῦ
3526 4893 3741 4954 σκοποῦ.

2185 4985 2357 5050 Τό,”ἑν
2382 4984 2571 5056 ὀλίγῳ,
2588 4985 2894 5059 ’Δγρίππας
2915 4986 3013 5059 μὲν
3038 4986 3159 5041 ἀντὶ
3178 4985 3439 5058 τοῦ,παρ⁹
3460 4985 3749 5055 ὀλίγον,μι-

2186 5076 2321 5147 κροῦ
2376 5076 2616 5143 δέοντος,
2681 5076 2928 5151 εἴληφεν.
2968 5079 3027 5132 '0
3056 5077 3113 5132 δὲ
3141 5078 3301 5150 εἴπερ
3332 5095 3417 5142 τις
3460 5078 3620 5141 ἀλλος
3663 5091 3746 5128 σο-

2186 5165 2284 5236 φὸς
2310 5166 2380 5220 τὰ
2419 5168 2540 5223 θεῖα
2563 5166 2775 5234 Παῦλος
2809 5170 2902 5223 καὶ
2930 5169 3000 5223 τά
3029 5169 3368 5244 ἀνθρώπινα,
3390 5170 3457 5241 τῇ
3506 5165 3743 5241 προφορᾷ

2187 5258 2389 5328 μᾶλλον
2419 5259 2518 5329 τῆς
2546 5260 2746 5326 λέξεως
2778 5262 2808 5334 ἢ
2836 5263 2915 5334 τῷ
2953 5263 3342 5334 σημαινομένῳ
3388 5260 3525 5334 πρὸς
3549 5261 3608 5317 τὸ
3645 5258 3743 5313 τῶν

2184 5349 2358 5419 λόγων
2385 5352 2663 5424 συμφέρον
2685 5354 3052 5426 χρησάμενος,
3077 5358 3157 5421 τὸ,
3180 5359 3238 5411 ὲν
3254 5358 3420 5430 ὀλίγῳ
3442 5358 3535 5413 καὶ
3550 5357 3606 5410 έν
3627 5351 3742 5408 πολι

2183 5438 2282 5511 λῷ,
2302 5441 2423 5494 ἀντὶ
2446 5441 2560 5509 τοῦ,
2578 5442 2665 5498 Ἐν
2680 5443 2846 5517 ὀλίγῳ
2878 5445 3054 5515 λόγων
3086 5446 3279 5517 ἀγῶνι,
3305 5448 3354 5502 εί
3370 5449 3476 5502 δέοι
3506 5446 3561 5501 δὲ
3584 5444 3667 5499 καὶ
3689 5441 3742 5493 ὲν

2189 5534 2417 5596 πλείονι,
2450 5536 2716 5607 εὐξαίμην
2732 5537 2797 5591 ἄν
2814 5555 2872 5591 σε
2899 5539 3227 5609 Χριστιανὸν
3265 5538 3540 5608 γενέσθαι,
3604 5551 3732 5606 προ·

2181 5623 2536 5694 ήιεγκεν.Ἵν’
2568 5629 2718 5699 εἴπῃ,
2739 5631 2849 5683 Καὶ
2869 5630 2935 5685 δι’
2952 5629 3147 5700 ὀλίγων
3176 5629 3373 5699 λόγων,
3396 5630 3511 5697 καὶ,
3530 5628 3613 5683 διά
3625 5624 3739 5680 πολ-

2183 5715 2291 5770 λῶν
2322 5716 2591 5791 εὐξαίμην
2621 5721 2687 5776 άν
2716 5738 2775 5775 σε
2811 5723 3137 5794 Χριστιανὸν
3179 5724 3453 5794 γενέσθαι.
3481 5725 3578 5777 Δια
3616 5719 3738 5774 πάν-

2184 5828 2293 5866 των
2326 5804 2606 5885 πρόθυμός
2636 5815 2752 5887 είμι
2783 5815 2961 5873 πάντα
2989 5815 3250 5888 πράττειν
3279 5816 3373 5873 ἐπὶ
3397 5818 3464 5889 τῆ
3495 5816 3559 5887 σῇ
3583 5827 3737 5874 σωτη-
