4024 6546
293 390 408 454 ἓθῖ

1290 388 1682 450 COMMENT.
1719 386 1802 449 ΙΝ
1845 386 2035 447 ACTA
2075 385 2653 451 APOSTOLORUM.

3472 388 3581 453 294

292 505 414 579 ρίᾳ,
475 504 538 557 ού
570 505 634 574 τῇ
679 505 744 573 σῇ
792 502 848 555 δὲ
902 501 1258 573 μόνον,ἁλλ5ι
1307 503 1401 555 καὶ
1436 501 1543 556 τῶν
1600 501 1888 555 συνόντων.

2002 517 2121 556 rum
2157 502 2324 557 etiam
2361 517 2555 557 eorum
2613 498 2711 573 qui
2739 511 3038 573 prmsentes
3087 511 3235 559 sunt.
3271 524 3289 555 ι
3325 504 3587 579 Exceptis

296 615 322 647 ι
366 595 647 665 Παρεκτὸς
678 594 787 647 τῶν
810 593 1027 665 δεσμῶν
1058 593 1285 648 τούτων.
1321 613 1338 647 ι
1375 595 1491 647 Οὐκ
1511 592 1887 664 ἁπευχόμενος

286 690 481 759 ἑαυτῴ
501 690 571 743 τὰ
620 689 817 757 δεσμὰ,
853 688 975 741 οὑδὲ
1032 688 1448 758 αἰσχυνόμενος,
1493 687 1652 741 τοῦτο
1706 687 1884 756 ἔλεγε.

287 782 473 836 Τοῦτο
496 782 606 852 γὰρ
630 777 699 852 ἦν
729 779 901 851 αὐτῷ,
927 782 1090 852 εἰπερ
1134 780 1263 835 ἄλλο
1296 798 1371 845 τι,
1395 780 1546 847 ἄξιον
1586 779 1746 851 δόξης
1792 779 1889 833 καὶ

287 876 591 945 καύχημα,
618 874 756 926 ἀλλὰ
788 874 928 945 πρὸς
958 874 1059 945 τὴν
1091 872 1319 927 ἐκείνων
1351 873 1622 944 ὑπόληψιν
1644 871 1886 945 ἀφορῶν,

284 968 393 1021 καὶ
433 969 500 1039 τῇ
551 966 780 1020 ἐκείνων
820 966 1075 1037 ἀσθενείᾳ
1123 965 1635 1035 συγκαταϐαίνων⁶“’
1673 965 1890 1020 Γένοιτὸ

294 1076 419 1131 μοι,
447 1059 607 1131 φησὶ,
639 1060 849 1123 πάντας
877 1058 1100 1122 τούτους
1131 1057 1588 1130 γενέσθαι,χιι›ρὶς
1628 1058 1737 1113 τῶν
1798 1058 1887 1112 δε-

293 1168 481 1222 σμων.

870 1267 1125 1323 ΚΕΦΛΛ.
1161 1269 1292 1324 ΑΠ’.

289 1380 510 1445 Πλοῦς
525 1382 771 1436 Παύλου
790 1380 888 1453 ἐπὶ
918 1382 1172 1453 Ῥώμην,
1193 1374 1489 1453 κινδύνωί·
1506 1401 1568 1437 τε
1587 1382 1891 1436 πλείστων

365 1453 471 1506 καὶ
501 1453 806 1523 μεγίστων
833 1448 1129 1521 ἐμπλεὶυρ.
1160 1448 1327 1521 Ἔνῷ
1355 1456 1708 1522 παραίνεσις
1731 1454 1891 1505 Παύ-

367 1529 492 1577 λου
552 1523 703 1591 πρὸς
733 1524 874 1589 τοὺς
908 1524 1032 1577 σὺν
1075 1523 1238 1589 αὐτῷ
1299 1526 1433 1593 περὶ
1477 1523 1729 1590 ἐλπίδος
1772 1537 1889 1577 σω-

367 1594 603 1662 τηρίας.
621 1594 928 1663 Ναυάγιον
943 1595 1213 1657 Παύλου,
1241 1594 1402 1663 ὅπως
1426 1613 1488 1649 τε
1510 1593 1891 1661 διεσώθησαν

368 1668 463 1731 εἰς
522 1665 789 1730 Μελίτην
843 1665 960 1731 τὴν
1013 1664 1215 1732 νῆσον
1297 1668 1394 1719 καὶ
1421 1668 1537 1720 ὅσα
1569 1665 1639 1718 ἐν
1675 1663 1828 1733 αὐτῇ
1857 1667 1890 1719 ὁ

368 1734 620 1801 Παῦλος
645 1735 1235 1805 ἑθαυματούργησεν.

1995 597 2240 655 vinculis
2272 598 2383 655 his.
2446 620 2464 651 ι
2499 597 2619 654 Non
2657 599 2763 655 sibi
2790 599 3010 655 vincula
3038 616 3355 669 exsecraris,
3388 610 3485 657 aut
3511 603 3585 658 oh

1990 706 2055 746 ea
2085 691 2297 761 pudore
2328 692 2573 748 suffusus
2600 693 2706 748 hoc
2739 694 2958 750 dicebat
3001 711 3015 748 :
3048 710 3174 749 nam
3212 693 3340 758 hoc,
3381 695 3428 750 si
3451 695 3588 767 quid

1991 783 2169 850 aliud,
2200 785 2381 856 gloria
2410 797 2466 840 et
2495 789 2863 842 exsultatione
2922 787 3148 860 dignum
3199 787 3346 859 apud
3403 789 3588 860 ipsum

1991 876 2319 942 habebatur,
2364 879 2524 949 178
2572 879 2667 934 sed
2729 879 2797 934 ad
2854 879 3073 935 illorum
3118 881 3587 937 existimationem

1990 968 2316 1040 respiciens,
2345 980 2400 1027 et
2429 971 2496 1025 ad
2524 986 2718 1026 eorum
2753 973 3187 1030 imbecillitatem
3210 968 3340 1030 sese
3378 975 3583 1031 demit-

1992 1073 2136 1120 tens.
2167 1061 2465 1134 Contingat
2490 1063 2651 1128 mihi,
2684 1064 2885 1135 inquit,
2920 1073 2980 1120 ut
3030 1080 3225 1121 omnes
3273 1065 3584 1122 elﬁciantur

1991 1156 2127 1212 mihi
2159 1156 2388 1223 similes,
2418 1165 2785 1229 praeterquam
2845 1160 2900 1214 in
2931 1159 3304 1226 his,vinculis.

2494 1269 2720 1327 CAPUT
2758 1257 3050 1328 XXXVIII.

1995 1384 2155 1462 Pauli
2186 1384 2405 1462 Romam
2431 1403 2619 1462 persas
2641 1387 2928 1458 'navigatio
2951 1387 3202 1462 plurimis
3227 1391 3582 1462 maximisque

2064 1456 2221 1527 plena
2240 1455 2525 1526 periculis:
2558 1460 2612 1513 in
2641 1473 2745 1528 quo
2775 1455 3035 1513 narratur
3060 1461 3221 1514 etiam
3276 1461 3438 1516 Pauli
3486 1455 3582 1515 ea;-

2062 1529 2292 1601 hortatio
2326 1528 2407 1601 ad
2439 1544 2524 1601 eos
2571 1529 2660 1601 qui
2707 1544 2883 1582 secum
2938 1539 3090 1583 erant
3123 1531 3321 1601 degspe
3369 1532 3580 1587 salutis.

2070 1597 2428 1669 Naufragium
2459 1595 2636 1662 Pauli,
2679 1606 2853 1669 etquo
2886 1601 3040 1655 modo
3063 1595 3351 1656 incolumes
3401 1619 3582 1657 evase-

2066 1666 2204 1740 runt
2230 1666 2522 1722 in'Meliten
2545 1668 2804 1733 insulam,
2840 1686 3020 1740 qua've
3058 1671 3321 1726 miracula
3376 1671 3581 1727 Paulus

2065 1739 2122 1791 in
2159 1754 2220 1792 ea
2252 1748 2500 1810 operatus
2524 1741 2612 1794 sit.

375 1847 398 1880 ι
450 1828 542 1892 Ὠς
572 1827 628 1880 δέ
654 1826 871 1898 ἐκρίθη,
902 1827 995 1881 τοῦ
1024 1828 1290 1882 ἀποπλεῖν
1319 1829 1470 1900 ἡμᾶς
1500 1829 1578 1894 είς
1608 1827 1704 1900 τὴν
1749 1828 1884 1882 Ἰτα-

2063 1828 2279 1896 XXVII,
2318 1830 2499 1886 l-20.«
2536 1832 2833 1903 Postquam
2865 1842 3049 1890 autem
3085 1833 3369 1892 decretum
3404 1844 3575 1893 estut

292 1939 314 1973 ι
363 1920 514 1985 λίαν,
544 1918 863 1990 παρεδίδουν
915 1920 1006 1973 τόν
1036 1937 1093 1973 τε
1130 1920 1342 1975 Παῦλον
1370 1922 1464 1974 καί
1492 1939 1644 1984 τινας
1665 1921 1885 1992 ἐτέρους

2002 1939 2014 1971 ι
2051 1934 2154 1974 nos
2179 1920 2563 1992 navigaremus
2590 1922 2644 1976 in
2670 1922 2904 1991 Italiam,
2941 1925 3290 1982 tradiderunt
3322 1935 3379 1983 et
3432 1930 3580 1983 Pau-

294 2030 315 2064 ι
362 2009 655 2082 δεσμώτας
686 2011 1346 2084 ἐκατοντάρχῳχόνόματι
1388 2013 1614 2085 Ἰουλίῳ,
1650 2014 1886 2084 σπείρης

293 2123 314 2156 ι
365 2103 674 2174 Σεϐαστῆς.
734 2103 1057 2167 Ἐπιδάντες
1118 2105 1174 2159 δὲ
1234 2104 1402 2175 πλοίῳ
1458 2105 1886 2177 Ἀδραμυττηνῷ

293 2215 313 2247 ε
361 2195 659 2267 μέλλοντες
684 2196 837 2249 πλεῖν
865 2196 990 2258 τοὺς
1021 2195 1160 2249 κατὰ
1185 2195 1283 2268 τὴν
1302 2196 1492 2252 Ἀσίαν
1544 2198 1742 2261 τόπους
1791 2199 1886 2250 ἁν-

291 2308 313 2342 ι
360 2288 636 2361 ἠχθημεν,
669 2288 824 2352 ὄντος
858 2290 955 2343 σὺν
1004 2291 1138 2360 ἡμῖν
1164 2290 1524 2362 Ἀριστάρχου
1576 2290 1885 2354 Μακεδόνος

293 2399 313 2431 ι
358 2378 836 2444 Θεσσαλονικέως.
879 2380 958 2450 Τῇ
982 2396 1039 2433 τε
1067 2379 1231 2450 ἑτέρᾳ
1255 2381 1613 2451 κατήχθημεν
1659 2381 1738 2443 εἰς
1790 2381 1885 2434 Σι·

290 2492 311 2523 ι
359 2471 533 2527 δῶνα.
592 2470 999 2543 Φιλανθρώπως
1057 2490 1117 2525 τε
1179 2475 1208 2526 6
1263 2472 1486 2534 Ἰούλιος
1535 2469 1615 2543 τῷ
1685 2470 1886 2542 Παύλῳ

290 2584 311 2617 ι
360 2566 737 2638 χρησάμενος,
772 2565 1041 2637 ἐπέτρεψε
1102 2569 1241 2639 πρὸς
1269 2567 1395 2629 τοὺς
1448 2565 1636 2635 φίλους
1684 2583 1883 2636 πορευι-

293 2682 315 2715 ί
362 2663 530 2717 θέντα
585 2663 905 2734 ἐπιμελείας
972 2664 1177 2733 τυχεῖν.
1240 2660 1509 2715 Κάκεῖθεν
1554 2660 1886 2732 ἀναχθέντες

292 2774 315 2807 ι
362 2755 796 2827 ὑπεπλεύσαμεν
844 2753 942 2827 τὴν
964 2752 1193 2823 Κύπρον
1241 2752 1419 2807 διὰτὸ
1472 2753 1600 2816 τοὺς
1647 2752 1884 2823 ἀνέμους

292 2868 315 2900 σ
359 2842 510 2902 εἶναι
537 2847 835 2912 ἐναντίους.
854 2849 926 2901 Τό
951 2864 1010 2901 τε
1031 2847 1266 2916 πέλαγος
1287 2848 1347 2900 τὸ
1370 2845 1511 2901 κατὰ
1539 2845 1637 2917 τὴν
1668 2846 1887 2901 Κιλικία

296 2962 315 2993 ι
360 2959 432 2996 αν
463 2940 559 2995 καὶ
587 2939 916 3012 Παμφυλίαν
940 2936 1387 3003 διαπλεύσαντες,
1423 2936 1780 3008 κατήχθημεν
1799 2938 1881 3000 είς

291 3052 311 3085 ι
360 3030 537 3103 Μύρα
586 3031 688 3103 τῆς
744 3030 950 3096 Λυκίας
971 3047 985 3062 ο
1014 3031 1180 3084 κάκεῖ
1215 3028 1393 3100 εὑρὼν
1423 3028 1452 3080 6
1485 3029 1886 3100 ἑκατόνταρχος

295 3142 317 3173 ι
368 3122 560 3176 πλοῖον
591 3120 995 3192 Ἀλεξανδρινὸν
1025 3119 1186 3174 πλέον
1218 3120 1297 3183 είς
1351 3118 1451 3191 τὴν
1494 3118 1748 3188 Ἰταλίαν,
1799 3121 1885 3172 ἐν·

1994 2032 2013 2066 ι
2058 2013 2175 2068 lum
2195 2020 2252 2067 et
2273 2014 2541 2083 quosdam
2566 2016 2705 2071 alios
2727 2002 2948 2074 vinctos
2979 2019 3315 2086 centurioni,
3358 2021 3582 2077 nomine

1996 2126 2013 2157 ι
2049 2106 2218 2173 Iulio,
2246 2107 2494 2163 cohortis
2526 2107 2806 2180 Augustae.
2853 2109 3165 2167 Conscensa
3214 2121 3399 2167 autem
3439 2127 3583 2172 nave

1994 2216 2015 2251 ι
2043 2190 2440 2271 Adramyttina,
2459 2201 2773 2271 navigaturi
2796 2204 2953 2274 juxta
2973 2204 3116 2258 Asia:
3129 2204 3270 2270 loca,
3290 2205 3582 2273 solvimus,

1996 2307 2014 2338 ι
2054 2298 2442 2358 perseverante
2538 2290 2831 2346 nobiscum
2890 2293 3214 2349 Aristarcho
3283 2294 3582 2351 Macedone

1995 2399 2014 2433 σ
2051 2380 2550 2438 Thessalonicensi.
2600 2381 2863 2454 Sequenti
2910 2396 3095 2442 autem
3127 2387 3217 2442 die
3265 2388 3581 2459 appulimus

1998 2492 2017 2524 ι
2056 2471 2342 2529 Sidonem.
2379 2474 2448 2529 Et
2483 2475 2671 2531 Julius
2710 2476 3034 2535 humaniter
3096 2489 3327 2536 tractato
3383 2481 3578 2547 Paulo,

1995 2582 2014 2615 ι
2050 2563 2301 2633 permisit
2321 2573 2381 2619 ut
2402 2565 2469 2620 ad
2497 2567 2704 2623 amicos
2725 2569 3026 2636 profectus,
3052 2569 3249 2625 abillis
3271 2581 3580 2627 curaretur.

1993 2676 2011 2708 ι
2048 2656 2296 2726 Cumque
2318 2656 2449 2713 inde
2483 2658 2863 2724 solvissemus,
2897 2661 3395 2733 subnavigavimus
3419 2663 3579 2734 juxta

1995 2766 2013 2798 ι
2055 2746 2319 2819 Cyprum.
2357 2760 2649 2820 propterea
2679 2750 2829 2821 quod
2867 2760 3054 2807 essent
3104 2753 3252 2809 venti
3287 2757 3578 2811 contrarii.

1995 2859 2013 2891 ι
2050 2839 2119 2895 Et
2148 2842 2359 2896 emensi
2390 2842 2641 2914 pelagus,
2675 2843 2823 2912 quod
2853 2850 2936 2899 est
2986 2854 3180 2900 contra
3229 2846 3475 2902 Ciliciam
3526 2858 3584 2903 et

1994 2952 2012 2984 ‹
2044 2933 2443 3006 Pamphyliam,
2473 2936 2836 3006 pervenimus
2866 2936 3073 3009 Myram
3104 2955 3227 3009 qua:
3254 2947 3339 2995 est
3364 2939 3576 3012 Lycim:

1995 3046 2013 3078 ι
2049 3038 2105 3083 et
2155 3029 2231 3082 ibi
2265 3039 2461 3085 nactus
2494 3029 2752 3085 centurio
2778 3046 2975 3086 navem
3014 3031 3448 3088 Alexandrinam
3477 3051 3578 3090 na-

1994 3138 2013 3171 ι
2051 3120 2325 3191 vigantem
2362 3121 2417 3175 in
2451 3121 2686 3190 Italiam,
2719 3122 2982 3193 imposuit
3004 3140 3104 3180 nos
3138 3125 3192 3179 in
3216 3141 3358 3181 eam.
3405 3126 3577 3182 Cum-

293 3233 315 3267 σ
370 3212 633 3269 εσίδασεν
675 3214 827 3284 ἡμᾶς
872 3215 951 3277 εἰς
996 3212 1148 3267 αύτό.
1185 3206 1277 3266 Ἐν
1308 3213 1519 3275 ἱκαναῖς
1542 3210 1598 3264 δὲ
1648 3210 1887 3283 ἡμέραις

2002 3231 2017 3264 ι
2058 3227 2165 3282 que
2199 3211 2392 3268 multis
2417 3212 2617 3269 diebus
2648 3213 2804 3270 tarde
2833 3215 3243 3287 navigaremus,
3277 3224 3335 3273 et
3365 3218 3453 3272 vix
3481 3219 3581 3274 de-

295 3325 316 3359 r
373 3303 867 3377 βραδυπλοοῦντες,
911 3303 1009 3358 καὶ
1069 3304 1227 3373 μόλις
1285 3301 1572 3373 γενόμενοι
1617 3302 1760 3356 κατὰ
1782 3300 1882 3373 τὴν

296 3417 318 3450 ι
368 3397 592 3463 Κνίδον,
629 3395 706 3468 μὴ
740 3394 1084 3468 προσεῶντος
1115 3394 1266 3466 ήμᾶς
1327 3393 1423 3446 τοῦ
1474 3392 1680 3464 ἀνέμου
1715 3434 1731 3460 ,
1776 3393 1883 3447 ὑπ-

293 3510 315 3544 c
364 3488 721 3562 επλεύσαμεν
746 3487 848 3559 τὴν
876 3487 1100 3558 Κρήτην
1124 3483 1265 3539 κατὰ
1287 3483 1605 3555 Σαλμώνην.
1627 3483 1795 3547 Μόλις
1823 3500 1884 3536 τε

293 3604 317 3639 ι
364 3581 811 3655 παραλεγόμενοι
843 3578 1041 3650 αὐτὴν,
1068 3577 1306 3650 ήλθομεν
1334 3578 1414 3641 είς
1440 3576 1607 3630 τόπον
1628 3576 1747 3631 τινὰ
1783 3593 1885 3630 κχ-

294 3697 317 3730 ‹
355 3675 627 3748 λούμενον
660 3673 877 3737 Καλοὺς
907 3671 1156 3744 λιμένας,
1188 3663 1233 3740 ᾧ
1256 3671 1424 3740 ἐγγὺς
1456 3665 1526 3741 ἦν
1570 3669 1731 3733 πόλις
1766 3670 1883 3723 Λα-

298 3791 318 3823 c
365 3770 517 3824 σαία.
536 3766 749 3822 Ἰκανοῦ
765 3766 825 3820 δέ
842 3764 1037 3838 χρόνου
1063 3762 1472 3833 διαγενομένου,
1493 3761 1587 3814 καὶ
1606 3759 1760 3824 ὄντος
1781 3759 1884 3831 ήδη

296 3888 316 3920 ι
370 3864 709 3934 ἐπισφαλοῦς
732 3862 827 3917 τοῦ
856 3862 1019 3926 πλοὸς
1037 3860 1126 3914 διὰ
1153 3859 1214 3912 τὸ
1236 3859 1331 3912 καὶ
1372 3857 1473 3929 τὴν
1499 3855 1755 3927 νηστείαν
1781 3853 1881 3925 ήδη

297 3978 321 4014 τ
365 3954 1102 4031 παρεληλυθέναι,παρῄνει
1135 3954 1162 4006 6
1196 3948 1406 4014 Παῦλος
1450 3948 1623 4014 λέγων
1675 3947 1881 4010 αὐτοῖς*

299 4074 322 4105 ι
370 4052 627 4123 Ἄνδρες,
643 4049 834 4121 θεωρῶ
853 4049 936 4101 ὅτι
962 4046 1101 4116 μετὰ
1116 4045 1324 4116 ὕϐρεως
1347 4044 1443 4098 καὶ
1461 4042 1665 4108 πολλῆς
1682 4042 1887 4113 ζημίας

298 4168 318 4201 ι
364 4148 428 4200 ού
450 4146 609 4217 μόνον
625 4143 719 4197 τοῦ
743 4142 942 4212 φόρτου
958 4140 1050 4193 καὶ
1070 4138 1164 4192 τοῦ
1179 4138 1390 4204 πλοίου,
1404 4136 1540 4190 ἀλλὰ
1558 4135 1778 4190 καὶτῶν
1792 4135 1887 4207 ψυ-

299 4260 320 4293 ι
366 4239 481 4313 χῶν
498 4239 532 4308 ἡ
540 4238 660 4308 μῶν
674 4234 861 4307 μέλλει
878 4232 1096 4286 ἔσεσθαι
1109 4230 1201 4285 τὸν
1216 4228 1404 4282 πλοῦν.
1421 4227 1478 4282 ’0
1500 4227 1554 4280 δέ
1568 4224 1890 4296 ἑκατόνταρ-

303 4352 324 4385 ι
368 4348 465 4403 lo;
484 4329 566 4400 τῷ
583 4327 896 4398 κυϐερνήτῃ
919 4324 1015 4378 καὶ
1043 4322 1118 4394 τῷ
1142 4321 1444 4392 ναυκλήρῳ
1473 4318 1720 4372 ἐπείθετο
1751 4316 1887 4386 μᾶλ-

303 4442 323 4475 τ
364 4424 479 4489 λον,
497 4421 533 4492 ἦ
547 4421 659 4484 τοῖς
676 4418 782 4473 ὑπὸ
795 4417 889 4470 τοῦ
908 4414 1120 4470 Παύλου
1138 4413 1478 4483 λεγομένοις.
1503 4408 1818 4463 Ἀνευθέτου
1831 4407 1889 4462 δὲ

303 4535 326 4569 α
368 4513 468 4568 τοῦ
520 4512 744 4583 λιμένος
785 4509 1122 4581 ὑπάρχοντος
1155 4507 1291 4576 πρὶς
1328 4502 1796 4575 παραχειμασίαν,
1835 4502 1886 4553 οἱ

303 4627 326 4662 ι
367 4607 589 4670 πλείους
622 4604 806 4659 ἔθεντο
853 4601 1050 4675 βουλὴν
1070 4597 1372 4671 ἀναχθῆναι
1412 4596 1689 4660 κάκεῖθεν,
1718 4593 1888 4658 εῖπως

303 4718 327 4753 ε
370 4699 640 4764 δύναιντο,
656 4694 1096 4765 καταντήσαντες
1112 4692 1190 4755 εἰς
1202 4690 1425 4744 Φοίνικα
1450 4687 1887 4761 παραχειμάσαι,

305 4811 329 4846 ι
376 4790 578 4862 λιμένα
597 4789 696 4852 τῆς
715 4786 944 4860 Κρήτης
979 4784 1245 4855 βλέποντα
1282 4782 1427 4837 κατὰ
1451 4780 1592 4835 Λίϐα
1627 4781 1722 4833 καὶ
1746 4775 1891 4832 κατά

307 4905 329 4940 ι
368 4886 584 4956 Χῶρον.
601 4878 1075 4942 Ὑποπνεύσαντος
1089 4878 1145 4932 δὲ
1167 4877 1361 4942 Νότου,
1376 4875 1625 4943 δόξαντες
1642 4872 1740 4944 τῆς
1759 4888 1889 4943 προ-

305 4995 330 5030 (
370 4975 577 5038 θέσεως
599 4967 1269 5044 κεκρατηκέναι,ἄραντες
1298 4968 1497 5021 Ἀσσον
1522 4963 1892 5037 παρελέγοντο

310 5091 332 5126 ι
371 5068 477 5145 τὴν
511 5068 757 5141 Κρήτην.
791 5063 926 5119 Μετ’
959 5064 1022 5117 ού
1075 5062 1210 5117 πολὺ
1240 5061 1297 5115 δὲ
1338 5060 1498 5115 ἐδαλε
1542 5058 1664 5113 κατ’
1719 5055 1892 5127 αὐτῆς

309 5186 331 5219 ι
371 5164 577 5235 ἄνεμος
594 5158 933 5232 Τυφωνικὺς,
958 5160 987 5213 6
1002 5156 1335 5228 καλούμενος
1357 5151 1735 5226 Εύροκλύδων.
1760 5150 1894 5206 Συν-

316 5277 337 5313 ι
390 5255 777 5330 αρπασθέντος
792 5253 850 5308 δέ
873 5252 967 5307 τοῦ
993 5250 1204 5316 πλοίου,
1228 5248 1323 5303 καὶ
1345 5246 1421 5320 μὴ
1449 5244 1750 5318 δυναμένου
1766 5243 1894 5298 ἀντ·

308 5369 332 5405 ι
369 5349 671 5423 οφθαλμεῖν
716 5344 795 5418 τῷ
824 5347 1032 5417 ἀνέμῳ,
1077 5342 1355 5405 ἐπιδόντες
1412 5336 1743 5411 ἐφερόμεθα.
1776 5336 1893 5409 Νη-

310 5466 335 5501 (
376 5425 497 5501 σίον
525 5445 584 5502 δέ
604 5462 658 5499 τι
688 5439 1095 5514 ὑποδραμόντες
1119 5435 1455 5507 καλούμενον
1484 5430 1759 5502 Κλαύδην,
1795 5429 1894 5500 μό-

311 5559 331 5592 ι
378 5539 465 5604 λις
490 5538 794 5609 ἰσχύσαμεν
826 5531 1183 5603 περικρατεῖς
1211 5526 1464 5597 γενέσθαι
1502 5525 1602 5595 τῆς
1651 5521 1887 5591 σκάφης.

310 5654 330 5686 ι
378 5633 487 5685 Ἦν
516 5630 747 5701 ἄραντες
775 5625 1051 5697 βοηθείαις
1074 5620 1345 5693 ἐχρῶντο,
1378 5613 1789 5680 ὑποζωννύντες
1831 5611 1892 5664 τὸ

307 5744 329 5778 ι
380 5720 591 5785 πλοῖον,
623 5716 947 5789 φοϐούμενοί
969 5733 1030 5769 τε
1064 5713 1141 5786 μὴ
1171 5712 1250 5774 είς
1274 5710 1372 5781 τὴν
1408 5707 1606 5778 Σύρτιν
1644 5703 1894 5758 ἐκπέσω-

309 5841 332 5875 ‹
379 5837 458 5884 σι,
514 5816 851 5889 χαλάσαντες
877 5813 940 5867 τὸ
972 5809 1168 5875 σκεῦος
1219 5807 1393 5870 οὕτως
1448 5802 1723 5874 ἐφέροντο.
1742 5796 1893 5889 Σφο-

309 5931 330 5966 ι
374 5888 545 5982 δρῶς
572 5906 630 5960 δὲ
672 5898 1294 5994 χειμαζομένωνήμῶν
1321 5937 1336 5964 ,
1387 5897 1453 5968 τῇ
1491 5894 1617 5965 ἑξῆς
1663 5888 1891 5990 ἐκϐολὴν
1942 5983 1949 5988 Δ

1993 3321 2011 3354 ι
2047 3301 2396 3359 venissemus
2424 3319 2618 3360 versus
2639 3303 2901 3367 Cnidum,
2931 3306 3263 3377 prohibente
3289 3324 3391 3362 nos
3411 3319 3579 3363 venlo

1994 3412 2012 3444 ι
2051 3391 2503 3464 adnavigavimus
2534 3391 2713 3450 Cretae
2751 3395 2907 3466 juxta
2967 3395 3302 3452 Sulmonem.
3361 3399 3578 3470 Vixque

1990 3503 2010 3536 ι
2052 3485 2201 3540 illam
2222 3486 2688 3558 prater-legentes,
2710 3486 3066 3557 pervenimus
3101 3488 3156 3544 in
3178 3490 3359 3545 locum
3382 3507 3581 3561 quemv

1992 3597 2011 3628 ι
2055 3576 2203 3642 dam,
2236 3578 2330 3648 qui
2353 3587 2586 3634 vocatur
2614 3579 3057 3653 Pulchriportus,
3091 3583 3182 3637 cui
3230 3582 3412 3637 vicina
3459 3592 3582 3638 erat

1995 3689 2013 3722 ‹
2049 3669 2244 3726 civitas
2268 3669 2475 3726 Lasaea.
2498 3669 2669 3726 Multo
2686 3681 2871 3728 autem
2895 3682 3141 3744 tempore
3161 3675 3582 3746 peracto,179

1993 3781 2011 3816 ι
2051 3771 2258 3820 etcum
2292 3764 2404 3836 iam
2429 3771 2579 3819 esset
2619 3763 2934 3836 periculosa
2960 3765 3261 3838 navigatio,
3293 3767 3440 3837 quod
3464 3769 3578 3838 jam

1993 3872 2013 3907 ι
2043 3854 2243 3926 jejunii
2274 3870 2496 3927 quoque
2549 3863 2773 3928 tempus
2829 3857 3198 3928 praeterisset,
3247 3858 3581 3912 admonebat

1994 3964 2014 3998 ι
2054 3961 2150 4002 eos
2168 3947 2391 4013 Paulus,
2422 3947 2615 4002 dicens
2645 3966 2659 4003 :
2688 3947 2829 4013 Viri,
2852 3949 3015 4004 video
3050 3949 3197 4020 quod
3223 3938 3346 4004 cum
3377 3950 3580 4022 injuria

1994 4057 2014 4091 ι
2047 4039 2334 4110 multoque
2366 4039 2591 4107 damno,
2625 4055 2737 4094 non
2773 4041 2951 4095 solum
2978 4041 3168 4097 oneris
3196 4053 3253 4098 et
3274 4043 3450 4104 navis,
3484 4043 3580 4099 sed

1995 4149 2015 4183 ι
2052 4134 2220 4187 etiam
2242 4131 2548 4187 animarum
2603 4139 2922 4187 nostrarum
2960 4133 3148 4189 futura
3179 4133 3250 4188 sit
3280 4134 3574 4205 navigatio.

1997 4243 2015 4277 ι
2052 4223 2321 4281 Centurio
2372 4240 2505 4281 vero
2549 4224 2913 4297 gubernatori
2971 4237 3028 4280 et
3088 4226 3351 4283 nauclero
3407 4226 3581 4297 magis

1996 4335 2016 4371 ι
2059 4318 2348 4385 credebat,
2402 4334 2568 4390 quam
2619 4318 2709 4374 his
2768 4333 2890 4390 qua:
2933 4333 2964 4373 a
2997 4318 3169 4374 Paulo
3226 4318 3577 4374 dicebantur.

1995 4428 2016 4465 ι
2055 4409 2303 4481 Cumque
2333 4419 2495 4481 aptus
2523 4420 2717 4482 portus
2736 4426 2848 4466 non
2878 4421 3027 4465 esset
3052 4410 3117 4466 ad
3147 4409 3576 4477 hibernandum,

2000 4518 2020 4554 ι
2059 4501 2373 4571 complures
2409 4511 2698 4572 casperunt
2750 4502 3042 4557 consilium
3097 4501 3351 4557 solvendi
3402 4500 3577 4565 illinc,

2003 4613 2022 4647 ι
2062 4595 2110 4650 si
2143 4610 2254 4665 quo
2286 4594 2449 4651 modo
2499 4605 2725 4665 possent
2772 4595 3019 4665 pervecti
3080 4595 3398 4652 Phoenicem
3467 4594 3580 4649 illic

2002 4706 2021 4740 ι
2059 4686 2378 4743 hibernare.
2445 4687 2496 4742 Is
2548 4695 2632 4743 est
2700 4696 2895 4758 portus
2950 4686 3127 4742 Cretae
3179 4695 3436 4755 spectans
3507 4685 3578 4739 ad

2005 4801 2024 4833 ι
2064 4780 2367 4852 Aphricum
2389 4789 2444 4836 et
2467 4779 2536 4834 ad
2558 4779 2823 4837 Chorum.
2842 4779 3137 4850 Aspirante
3163 4787 3348 4834 autem
3367 4786 3578 4839 austro.

1998 4891 2021 4927 ι
2061 4873 2163 4928 rati
2195 4888 2255 4929 se
2285 4872 2553 4944 propositi
2579 4877 2884 4941 compotes,
2919 4885 3044 4926 cum
3071 4869 3575 4931 solvissentAsson,

2004 4984 2023 5017 ι
2065 4964 2527 5037 prasterlegebant
2547 4962 2792 5018 Cretam.
2816 4960 3027 5029 Verum
3056 4961 3205 5017 haud
3242 4960 3417 5015 multo
3455 4968 3582 5031 post

2004 5077 2024 5110 ι
2064 5067 2289 5115 coortus
2330 5067 2416 5115 est
2468 5065 2662 5112 contra
2714 5055 2890 5127 ipsam
2949 5063 3152 5112 ventus
3203 5051 3576 5126 Typhonicus,

2004 5170 2023 5203 ι
2062 5152 2159 5222 qui
2186 5159 2416 5207 vocatur
2444 5148 2802 5220 Euroaquilo.
2835 5146 3084 5218 Cumque
3120 5156 3379 5215 correpta
3431 5154 3581 5200 esset

2003 5262 2022 5296 ι
2059 5243 2243 5310 navis,
2276 5258 2381 5299 nec
2401 5251 2590 5314 posset
2617 5240 2796 5296 obniti
2833 5249 3020 5303 vento.
3072 5238 3200 5295 data
3252 5253 3393 5294 nave
3432 5235 3579 5292 ﬂati-

2004 5355 2024 5390 ι
2062 5335 2189 5403 bus,
2238 5332 2575 5390 ferebamur.
2627 5332 2689 5387 ln
2745 5330 2981 5387 insulam
3045 5339 3230 5384 autem
3284 5326 3581 5399 quamdam

2002 5449 2021 5484 ι
2061 5428 2298 5495 devecti,
2331 5443 2453 5498 quae
2482 5433 2713 5482 vocatur
2737 5423 2964 5487 Clauda,
2989 5422 3080 5477 vix
3118 5421 3403 5494 potuimus
3434 5418 3581 5475 obti-

2003 5543 2021 5577 ‹
2066 5537 2200 5580 nere
2230 5521 2512 5592 scapham.
2549 5520 2666 5587 Qua
2692 5517 2905 5574 sublata
2932 5513 3225 5587 adjutoriis
3259 5513 3577 5577 utebantur,

2004 5636 2021 5670 ι
2063 5613 2451 5685 succingentes
2480 5625 2702 5673 navem,
2732 5617 2788 5663 et
2833 5607 3093 5662 timentes
3122 5620 3191 5659 ne
3240 5603 3296 5657 in
3364 5598 3572 5673 Syrtim

2004 5727 2023 5761 ι
2067 5705 2399 5772 inciderent,
2425 5702 2667 5760 demisso
2694 5717 2822 5758 vase
2858 5700 2940 5755 sic
2960 5692 3303 5754 ferebantur.
3328 5692 3398 5748 Et
3447 5707 3577 5749 cum

2007 5819 2025 5852 ι
2069 5797 2383 5855 vehementi
2407 5802 2731 5867 tempestate
2775 5796 3131 5866 jactaremnr,
3181 5788 3433 5860 sequenti
3487 5786 3580 5842 die

2009 5913 2027 5948 ι
2070 5889 2586 5970 jactumlecerunt,
2619 5903 2682 5946 ac
2716 5885 2881 5944 tertio
2929 5884 3019 5957 die
3072 5884 3283 5941 nostris
3313 5879 3577 5937 manibus
