4024 6550
526 372 632 433 295

1623 372 1953 434 (ECUMEN
1969 374 2021 431 ll
2054 374 2345 433 TlllCCr‘E
2384 374 2732 436 EPlSCUPl

3682 370 3781 436 296

531 509 550 543 ι
589 497 926 543 armamenta
962 488 1116 543 navis
1146 486 1497 560 projecimus.
1546 488 1717 542 Porro
1766 505 1947 559 neque
1994 489 2100 542 sole

2223 504 2240 536 ι
2288 486 2587 539 ἐποιοῦντο.
2618 487 2728 540 Καὶ
2748 489 2812 557 τῇ
2837 486 2994 557 τρίτῃ
3018 485 3329 554 αὐτόχειρες
3346 483 3443 556 τὴν
3459 484 3667 556 σκευὴν
3696 490 3782 541 τοῦ

533 601 550 630 ι
591 595 770 650 neque
804 579 1080 634 sideribus
1102 578 1497 649 apparentibus
1521 577 1588 633 ad
1624 579 1935 649 complures
1962 580 2103 642 dies,

534 693 551 724 ι
589 679 646 729 ει
672 681 992 743 tempestate
1021 687 1131 726 non
1163 672 1358 743 exigua
1391 670 1739 737 imminente,
1764 673 1877 743 jam
1926 673 2107 728 ablata

537 781 554 813 ι
593 771 709 817 erat
736 765 917 817 omnis
942 776 1069 832 spes
1097 760 1291 816 salutis
1311 767 1532 817 nostra.
1564 780 1584 812 ι

603 965 622 997 ε
659 945 813 1012 Quod
855 945 966 1015 jam
988 944 1184 1015 jejunii
1215 960 1437 1015 quoque
1470 954 1686 1016 tempus
1711 948 2100 1017 przeterisseta

525 1037 802 1108 Jejunium
830 1038 967 1092 dicit
1003 1038 1095 1093 hic
1161 1037 1500 1094 Judteorum.
1535 1040 1669 1093 Nam
1734 1049 1858 1108 post
1908 1039 2108 1095 Pente-

527 1143 712 1188 costcn
740 1135 902 1205 longo
931 1143 1177 1205 tempore
1205 1134 1332 1190 inde
1388 1149 1644 1205 egressus
1695 1144 1801 1200 est,
1858 1135 1997 1191 adeo
2049 1144 2110 1191 ut

526 1226 698 1281 ferme
743 1226 907 1281 fuerit
946 1227 1143 1291 hiems,
1182 1241 1310 1281 cum
1357 1226 1424 1281 ad
1463 1237 1647 1296 partes
1670 1225 1845 1281 Creta:
1878 1228 2108 1282 accede-

528 1325 629 1370 ret.
683 1316 823 1370 Ecce
866 1332 1015 1370 nune
1044 1332 1265 1387 quoque
1295 1317 1636 1372 vaticinatur
1660 1317 1884 1382 Paulus,
1919 1317 2108 1372 dicens

526 1408 608 1461 eis
641 1407 789 1477 quod
816 1406 1163 1477 naufragium
1194 1407 1458 1463 facerent.
1498 1408 1566 1463 Et
1620 1408 1748 1465 licet
1776 1425 1885 1464 non
1930 1410 2109 1463 conti-

468 1536 485 1555 .
525 1502 669 1572 gerit
726 1500 808 1556 eis
852 1499 1195 1571 naufragium
1227 1516 1352 1556 cum
1383 1500 1583 1556 damno
1611 1500 1919 1555 animarum
1953 1502 2106 1571 juxta

524 1593 700 1663 ipsius
732 1607 1040 1647 sermonem
1072 1611 1084 1646 :
1115 1592 1221 1648 hoc
1260 1603 1440 1648 tamen
1464 1602 1672 1648 natura:
1696 1609 1861 1665 cursu
1891 1594 2107 1649 evenis-

524 1693 630 1748 set,
659 1682 767 1737 nisi
805 1683 950 1738 Deus
988 1694 1377 1752 praeservasset
1421 1701 1436 1739 :
1470 1691 1696 1754 propter
1742 1683 1918 1753 ipsum
1953 1683 2105 1737 enim

524 1776 655 1831 fecit
673 1785 736 1830 ut
768 1776 843 1830 illi
870 1792 1089 1846 quoque
1111 1777 1245 1832 salvi
1277 1784 1487 1832 essent.
1526 1776 1686 1846 180
1713 1775 1759 1830 Α
1783 1783 2105 1845 tempestate

525 1866 710 1936 itaque
742 1865 948 1920 factum
982 1873 1068 1920 est
1105 1863 1475 1935 naufragium,
1513 1862 1776 1934 quoniam
1804 1862 2105 1917 vehemens

523 1969 644 2013 erat
678 1959 941 2029 procella.
974 1960 1149 2030 Majus
1180 1969 1365 2015 autem
1411 1957 1516 2014 fuit
1544 1957 1894 2023 miraculum,
1955 1954 2105 2026 quod

524 2050 619 2105 tali
654 2060 899 2122 tempore
925 2067 955 2107 e
982 2051 1181 2107 mediis
1218 2052 1418 2107 servati
1452 2050 1568 2106 sint
1605 2049 1887 2121 periculis,
1908 2057 1964 2104 et
1989 2049 2106 2118 ipse

523 2145 819 2214 Apostolus
845 2155 903 2200 et
937 2158 1163 2215 prepter
1204 2160 1331 2200 eum
1359 2144 1565 2199 caeteri.
1602 2143 1720 2200 Non
1751 2158 1883 2214 ergo
1902 2140 2105 2197 menti-

521 2246 611 2291 tus
656 2244 760 2291 est.
823 2256 841 2289 ι
880 2236 1149 2293 Centurio
1180 2252 1312 2292 vero
1359 2236 1715 2307 gubernatori
1740 2246 1798 2291 et
1843 2234 2106 2290 nauclero

524 2330 694 2399 magis
729 2328 1009 2384 Credebat.
1049 2349 1067 2380 ι
1117 2328 1240 2383 Non
1259 2327 1489 2383 adhibet
1546 2327 1795 2382 animum
1848 2326 2106 2382 centurio

521 2417 607 2472 bis
668 2434 791 2488 quae
821 2434 850 2472 a
888 2418 1059 2473 Paulo
1089 2417 1447 2483 dicebantur,
1474 2417 1707 2473 credens
1727 2416 1811 2472 eis
1840 2416 1936 2488 qui
1968 2417 2105 2471 artis

521 2505 811 2578 navigandi
832 2507 989 2576 periti
1010 2515 1196 2561 essent
1216 2508 1389 2579 magis
1406 2523 1569 2577 quam
1588 2506 1792 2562 vectori
1818 2506 2105 2577 inexperto

522 2598 602 2653 rei
645 2598 899 2665 nauticae,
928 2608 1075 2654 etex
1127 2599 1232 2654 hoc
1256 2598 1421 2654 docet
1469 2600 1617 2670 quod
1666 2600 1871 2655 mentis
1920 2601 2106 2671 potius

519 2705 678 2745 error
747 2699 896 2745 esset
944 2706 1110 2761 quam
1168 2691 1422 2748 fortunat.
1469 2691 1607 2747 Cum
1654 2693 1802 2747 enim
1852 2694 2104 2749 naturale

519 2782 720 2851 cuique
763 2782 837 2837 sit
866 2781 1110 2838 devitarc
1137 2782 1406 2854 pericula,
1433 2784 1595 2841 docet
1610 2785 1726 2855 ipsa
1750 2786 2098 2857 experientia

519 2888 589 2928 ne
608 2873 850 2944 scipsum
892 2875 1168 2946 quispiam
1195 2875 1540 2946 praecipitet,
1576 2891 1704 2933 cum
1744 2893 1832 2934 res
1851 2888 2104 2949 apertum

518 2963 1037 3035 afertpericnlum,
1084 2978 1140 3022 et
1172 2965 1395 3021 fortuna
1416 2981 1480 3022 ae
1511 2966 1682 3023 fatum
1736 2968 1805 3023 ad
1850 2968 1906 3024 id
1954 2969 2105 3040 quod

519 3058 814 3127 praevisum
857 3067 942 3114 est
996 3058 1311 3115 obdormiat
1363 3077 1378 3115 :
1417 3060 1565 3131 quod
1595 3061 1642 3117 si
1684 3062 1850 3117 etiam
1892 3063 2102 3134 vigilet,

2218 593 2235 626 ι
2274 574 2459 629 πλοίου
2487 576 2819 647 ὲρρίψαμεν.
2868 578 3023 647 Μήτε
3074 577 3132 629 δὲ
3196 576 3347 648 ἡλίου
3396 577 3536 647 μήτε
3569 575 3777 647 ἄστρων

2216 686 2235 722 ι
2278 669 2716 737 ἐπιφαινομένων
2745 670 2838 721 ἐπὶ
2862 669 3115 732 πλείονας
3156 668 3400 739 ἡμέρας,
3433 667 3704 738 χειμῶνός
3730 686 3783 724 τε

2218 777 2236 810 ι
2275 758 2377 813 οὐκ
2407 760 2591 827 ὀλίγου
2627 761 2979 827 ἐπικειμένου
3010 803 3025 827 ,
3059 760 3246 814 λοιπὸν
3274 763 3595 831 περιῃρεῖτο
3643 761 3784 814 πᾶσα

2215 868 2235 902 ι
2279 852 2433 914 ἐλπὶς
2462 851 2556 904 τοῦ
2586 850 2855 915 σώζεσθαι
2885 854 3085 923 ἡμᾶς.»

2285 964 2306 997 ι
2346 945 2445 998 Διά
2476 945 2537 998 τὸ
2581 945 2676 999 καὶ
2700 946 2799 1015 τὴν
2845 945 3099 1015 νηστείαν
3132 945 3231 1015 ῆδη
3262 943 3722 1013 παρεληλυθέναι.
3761 964 3778 997 ο

2210 1037 2482 1108 Νηστείαν
2506 1037 2740 1091 ἐνταῦθα
2764 1039 2862 1108 τὴν
2881 1037 2990 1091 τῶν
3012 1037 3288 1091 Ἰουδαίων
3316 1038 3485 1104 λέγει.
3502 1036 3665 1090 Μετά
3685 1038 3785 1108 γὰρ

2210 1130 2310 1201 τὴν
2340 1130 2718 1203 Πεντηκοστὴν
2748 1131 2969 1201 ἐξῆλθεν
2989 1130 3197 1183 ἐκεῖθεν
3220 1129 3360 1200 μετά
3385 1130 3554 1183 πολὺν
3577 1130 3781 1199 χρόνεν,

2211 1223 2286 1285 ὼς
2323 1224 2381 1276 ὲν
2411 1224 2558 1294 αύτῷ
2588 1224 2773 1295 σχεδὸν
2802 1224 2878 1294 τῷ
2906 1222 3136 1295 χειμῶνι
3170 1222 3579 1291 παραγενέσθαι
3610 1223 3691 1285 εἰς
3718 1224 3782 1275 τὰ

2215 1316 2355 1388 μέρη
2384 1317 2486 1387 τῆς
2526 1318 2770 1389 Κρήτης.
2806 1317 2939 1369 Ἰδοὺ
2974 1316 3309 1387 προφητεύει
3333 1315 3429 1369 καὶ
3460 1314 3559 1369 νῦν
3592 1318 3621 1369 6
3648 1315 3785 1370 Παῦο

2210 1408 2321 1472 λος,
2350 1412 2666 1478 ναυαγῆσαι
2694 1408 2867 1477 λέγων
2889 1410 3094 1471 αὐτοῖς.
3139 1408 3199 1460 El
3220 1409 3313 1461 καὶ
3346 1407 3404 1461 ού
3431 1409 3658 1477 γέγονεν
3697 1408 3786 1461 αὖ·

2208 1502 2320 1562 τοῖς
2335 1500 2471 1570 μετά
2503 1500 2706 1571 ζημίας
2728 1500 2915 1570 ψυχῶν
2945 1500 3007 1553 τὸ
3035 1500 3294 1568 ναυάγιον
3325 1500 3465 1553 κατά
3494 1499 3591 1552 τὸν
3639 1499 3785 1567 λόγον

2209 1592 2395 1647 αὐτοῦ.
2426 1590 2597 1646 Τοῦτο
2624 1593 2722 1663 μὲν
2750 1592 2858 1663 γὰρ
2881 1593 3004 1645 ὅσον
3034 1591 3175 1644 κατά
3207 1592 3308 1659 τὴν
3339 1592 3502 1660 φύσιν
3525 1590 3625 1644 τοῦ
3654 1593 3785 1661 πρά·

2208 1700 2417 1755 γματος
2442 1686 2660 1753 ἐγένετο
2696 1684 2784 1752 ἂν,
2819 1687 2868 1739 εί
2915 1688 2989 1756 μὴ
3028 1687 3056 1739 6
3086 1687 3218 1751 Θεὸς
3242 1686 3485 1740 διέσωσε.
3521 1687 3600 1737 Δι’
3633 1685 3783 1739 αὐτὸν

2210 1777 2320 1849 γὰρ
2348 1778 2440 1830 καὶ
2476 1776 2719 1842 ἐκείνους
2752 1778 3086 1849 διασωθῆναι
3121 1779 3399 1847 ἐποίησεν.
3431 1777 3505 1830 Τδ
3544 1777 3645 1846 μὲν
3696 1773 3782 1829 οὖν

2134 1845 2181 1904 Β
2208 1845 2501 1938 γενόμενον
2534 1868 2798 1936 ναυάγιον
2824 1866 2931 1921 ἀπὸ
2963 1845 3058 1919 τοῦ
3094 1845 3289 1938 καιρού
3320 1845 3564 1933 ἐγένετο,
3603 1862 3781 1930 ἐπειδὴ

2209 1960 2383 2030 μέγας
2412 1955 2480 2032 ἦν
2502 1962 2531 2014 6
2557 1959 2787 2031 χειμών.
2808 1959 2881 2012 Τὸ
2898 1958 2953 2012 δὲ
2983 1958 3168 2030 θαῦμα
3199 1958 3401 2028 μεῖζον,
3427 1957 3511 2009 ὅτι
3532 1958 3593 2009 ὲν
3617 1952 3783 2025 καιρῷ

2204 2051 2429 2123 τοιούτῳ
2455 2054 2520 2105 ὲκ
2557 2050 2737 2122 μέσων
2766 2050 3052 2120 ἐσώθησαν
3081 2048 3189 2104 τῶν
3217 2047 3500 2111 κινδύνων,
3538 2046 3703 2109 αὐτός
3727 2063 3780 2099 τε

2204 2145 2233 2197 6
2261 2144 2602 2209 ’Λπόστολος,
2637 2143 2731 2198 καὶ
2765 2142 2833 2197 δι’
2882 2141 3045 2196 αὑτὸν
3094 2142 3144 2194 οἱ
3174 2140 3373 2194 λοιποί.
3401 2139 3572 2192 Ὥστε
3617 2136 3677 2190 οὐ
3707 2136 3783 2189 δι-

2207 2237 2521 2307 έψευσται.‹
2546 2237 2670 2291 Ὀδὲ
2700 2234 3104 2306 ἑκατοντάρχης
3128 2233 3204 2305 τῷ
3231 2232 3544 2303 κυϐερνήτῃ
3585 2232 3679 2284 καὶ
3708 2228 3780 2299 τῷ

2205 2328 2497 2400 ναυκλήρῳ
2519 2328 2786 2383 ἐπείθετο.
2819 2346 2837 2379 ι
2872 2327 2946 2381 Οὐ
2970 2326 3228 2397 προσέχει
3248 2327 3359 2387 τοῖς
3389 2323 3493 2377 ὑπὸ
3525 2321 3623 2375 τοῦ
3650 2321 3782 2374 Παύκ

2204 2423 2297 2475 λου
2324 2422 2639 2493 λεγομένοις
2673 2422 2703 2474 6
2728 2418 3155 2490 ἑκατοντάρχης,
3191 2417 3513 2486 πειθόμενος
3549 2418 3663 2477 τοῖς
3691 2415 3783 2485 6p-

2206 2514 2416 2586 πείρως
2463 2513 2645 2585 ἔχουσι
2683 2512 2882 2583 μᾶλλον
2938 2510 3078 2582 πρὸς
3113 2509 3175 2562 τὸ
3241 2508 3418 2572 πλεῖν,
3472 2505 3507 2578 ῆ
3549 2504 3779 2574 ἕπιὸάτη

2205 2607 2421 2679 ἀπείρῳ
2446 2606 2728 2676 ναυτικῆς.
2761 2605 2872 2658 Kal.
2900 2605 2964 2658 ὲκ
2991 2602 3185 2657 τούτου
3216 2602 3481 2662 διδάσκει,
3507 2599 3599 2653 ὅτι
3641 2595 3778 2666 γνώ-

2209 2717 2317 2771 μης
2356 2698 2475 2751 ἐστὶ
2507 2697 2602 2751 καὶ
2636 2697 2698 2751 οὐ
2730 2696 2902 2768 τύχης
2924 2694 2984 2749 τὸ
3007 2694 3335 2765 ἁμάρτημα.
3366 2691 3494 2745 Ὀτι
3529 2689 3645 2761 γὰρ
3674 2687 3781 2741 ἐστι

2211 2793 2356 2850 κατά
2388 2793 2551 2863 φύσιν
2586 2794 2849 2863 ἐκφυγεῖν
2880 2790 3142 2854 κίνδυνον,
3178 2787 3317 2858 αύτή
3356 2788 3390 2857 ἡ
3444 2785 3614 2856 πεῖρα
3642 2780 3780 2834 διδά-

2207 2903 2330 2941 σκει
2368 2886 2445 2957 μὴ
2474 2885 2947 2956 κατακρημνίζειν
2979 2882 3173 2938 ἑαυτόν
3193 2896 3337 2946 τινα,
3367 2878 3443 2941 ὡς
3480 2873 3780 2945 ἀναμφιδό-

2205 2983 2314 3047 λως
2358 2982 2453 3037 τοῦ
2488 2982 2817 3053 πράγματος
2868 2978 3118 3034 κίνδυνον
3156 2974 3442 3047 φέροντος,
3477 2972 3586 3043 τῆς
3615 2969 3780 3039 τύχης

2208 3074 2665 3146 καλεὶμαρμένης
2718 3069 2955 3128 ἐπὶτῶν
2996 3068 3292 3142 προῦπτων
3319 3063 3694 3136 κοιμωμένης,
3738 3059 3770 3131 ἢ

517 3148 657 3204 nihil
688 3158 869 3206 tamen
893 3150 1109 3221 operari
1135 3159 1314 3221 potest
1358 3150 1625 3208 adversus
1672 3150 1957 3208 hominum
2007 3170 2100 3210 vo-

2210 3159 2605 3241 γρηγορούσηέ
2633 3166 2754 3237 μὲν,
2813 3162 2979 3237 μηδὲν
3011 3164 3069 3217 δὲ
3111 3160 3415 3252 δυναμένης
3445 3153 3778 3252 ἀντιπράξαο

515 3238 785 3295 luntatem
815 3250 873 3296 et
905 3240 1237 3297 electionem
1273 3257 1422 3312 :qua
1472 3257 1663 3314 opera,
1700 3258 1824 3315 quae
1873 3260 1933 3300 se
1975 3260 2110 3301 con-

2219 3261 2345 3316 σθαι
2373 3260 2517 3315 κατά
2547 3260 2646 3331 τῆς
2680 3257 3056 3329 προαιρέσεως
3078 3254 3185 3309 τῶν
3211 3251 3538 3323 ἀνθρώπων,
3582 3246 3700 3302 καθ’
3719 3247 3778 3315 ἢν

520 3341 781 3397 cernunt,
859 3332 1362 3403 quomodocunque
1420 3333 1702 3391 voluerint
1779 3335 1991 3392 ducunt
2041 3354 2100 3393 ac

2211 3353 2287 3418 ὡς
2309 3352 2375 3408 ἂν
2402 3352 2698 3424 βούλωνται
2725 3352 2794 3404 τά
2830 3350 2915 3420 ἐφ’
2951 3349 3166 3411 ἑαυτοῖς
3226 3346 3533 3415 πράγματα
3570 3342 3775 3410 ἄγουσι,

520 3423 774 3492 rapiunt:
816 3424 1279 3494 quemadmodum
1307 3424 1472 3479 etiam
1560 3425 1599 3481 ii
1632 3426 1879 3498 quicum
1931 3428 2102 3486 Paulo

517 3530 748 3585 peregre
779 3516 1034 3586 agebant.
1066 3516 1219 3572 Adeo
1249 3518 1398 3573 enim
1431 3518 1508 3573 illi
1550 3535 1618 3575 ex
1656 3519 1942 3577 voluntate
1959 3538 2097 3594 ope-

520 3607 895 3673 rabantur,ut
943 3607 1231 3663 confestim
1282 3618 1504 3663 ventum
1541 3610 1682 3666 nacti
1750 3628 2097 3684 prosperum,

520 3698 825 3768 gaudentes
857 3700 1136 3769 prosecuti
1189 3699 1747 3773 sintnavigationem.
1800 3705 2098 3763 Sciendum

518 3800 704 3845 autem
767 3792 917 3863 quod
969 3792 1199 3848 verbum
1265 3793 1661 3867 ἀντοφθαλμεῖν
1727 3797 1896 3869 (quod
1930 3810 2101 3856 meta-

520 3884 749 3954 phorice
783 3884 1053 3941 vertimus
1090 3886 1288 3951 obniti,
1327 3887 1553 3957 proprie
1580 3899 1765 3944 autem
1825 3891 2101 3963 significat

517 3991 583 4030 ex
625 3975 857 4031 adverso
885 3977 1141 4042 intueri),
1175 3994 1241 4033 ex
1292 3978 1553 4035 dictionis
1600 3982 1957 4053 proprietate,
1987 4001 2100 4041 non

2209 3446 2303 3498 καὶ
2333 3444 2617 3516 φέρουσιν,
2641 3442 2717 3506 ὡς
2738 3442 2833 3496 καὶ
2861 3442 2911 3495 oi
2946 3441 3045 3495 σὺν
3072 3438 3150 3509 τῷ
3181 3435 3378 3507 Παύλῳ
3400 3432 3774 3504 ἐκδημοῦντες.

2208 3535 2365 3591 Οὕτω
2410 3536 2520 3607 γάρ
2572 3536 2715 3591 κατά
2749 3534 3070 3606 προαίρεσιν
3109 3531 3399 3602 ἔπραττον,
3457 3528 3540 3580 ὅτι
3585 3523 3777 3582 εὐθέως

2209 3629 2515 3700 ἐπιτηδείου
2547 3628 2807 3698 τυχόντες
2861 3627 3063 3698 ἀνέμου
3096 3623 3379 3696 χαίροντες
3438 3621 3660 3690 διήνυον
3692 3614 3776 3667 τὸν

2208 3719 2397 3773 πλοῦν.
2441 3719 2639 3773 ’ἰστέον
2666 3719 2723 3772 δὲ
2756 3718 2839 3772 ὅτι
2865 3718 2926 3771 τὸ
2982 3711 3431 3784 ἀντοφθαλμεῖν
3456 3712 3556 3763 ἐπὶ
3592 3705 3772 3762 πλοίου

2208 3811 2386 3881 λέγειν
2413 3812 2514 3866 οὐκ
2547 3811 2662 3866 ἔστι
2705 3810 3069 3884 κυριολεξίας.
3099 3807 3271 3862 Τοῦτο
3302 3805 3410 3875 γάρ
3456 3804 3552 3857 ἐπὶ
3577 3798 3780 3871 ἀνθρὼ-

2209 3918 2312 3955 που
2352 3902 2513 3974 μόνον
2547 3901 2803 3974 ἁρμόζει.
2830 3901 2998 3954 Ὥστε
3028 3899 3089 3953 ού
3123 3898 3204 3951 δεῖ
3227 3893 3603 3967 κυριολεκτεῖν
3624 3891 3779 3945 ἀπαι-

2208 3995 2321 4046 τεῖν
2345 3993 2435 4048 ἀεὶ
2460 3994 2558 4062 τὴν
2593 3994 2841 4065 Γραφην.

518 4068 720 4123 dicitur
740 4069 808 4124 de
833 4070 1067 4141 navigio,
1092 4070 1188 4126 sed
1221 4071 1433 4139 homini
1471 4080 1684 4128 tantum
1739 4078 2018 4148 congruit.
2058 4081 2249 4156 Itaque
2274 4101 2386 4141 nou
2418 4093 2927 4158 oportetperoetuo
2953 4081 3294 4154 Seripturam
3323 4094 3391 4134 ex
3442 4076 3776 4151 proprietate

517 4180 713 4220 vocum
760 4167 1096 4223 examinare.

585 4255 802 4322 XXVII,
849 4258 1034 4313 21-41.
1071 4277 1090 4310 ι
1130 4257 1268 4314 Cum
1336 4269 1520 4316 autem
1572 4261 1748 4317 multa
1786 4265 1898 4335 jam
1951 4278 2099 4325 esset

522 4369 541 4403 ι
577 4350 784 4414 inedia,
839 4360 974 4406 tunc
1032 4359 1187 4406 stans
1245 4350 1451 4407 Paulus
1504 4352 1561 4407 in
1624 4354 1808 4411 medio
1850 4372 2042 4414 eorum
2077 4398 2095 4427 ,

523 4464 542 4495 σ
574 4445 753 4500 dixit:
798 4442 1101 4515 Oportebat
1145 4445 1393 4515 quidem,
1422 4461 1454 4501 ο
1481 4446 1609 4511 viri,
1648 4447 1839 4505 audito
1870 4466 1955 4507 me
1980 4469 2094 4509 non

523 4553 542 4588 ι
575 4536 792 4595 solvere
821 4550 853 4589 a
911 4534 1100 4600 Creta,
1155 4550 1258 4590 nec
1309 4552 1595 4592 accersere
1640 4539 1803 4595 nobis
1837 4541 2094 4613 injuriam

523 4645 542 4678 ι
579 4627 721 4682 hanc
760 4636 816 4684 et
838 4627 1135 4698 jacturam.
1160 4628 1228 4682 Et
1257 4644 1405 4682 nunc
1428 4628 1625 4685 hortor
1653 4640 1713 4685 ut
1743 4630 1888 4689 bono
1912 4634 2095 4690 animo

523 4736 541 4770 ι
582 4718 741 4775 sitis:
770 4719 985 4790 jactura
1033 4718 1181 4773 enim
1213 4719 1420 4774 nullius
1448 4720 1645 4776 anima:
1684 4723 1869 4778 eritex
1894 4724 2049 4780 vobis
2077 4765 2092 4790 ,

524 4824 541 4856 ι
575 4805 672 4860 sed
728 4818 939 4867 tantum
983 4808 1161 4864 navis.
1223 4808 1411 4865 Asnitit
1454 4811 1600 4865 enim
1648 4813 1909 4869 mihihac
1935 4825 2095 4870 nocte

523 4915 541 4946 ι
578 4897 807 4968 angelus
853 4899 973 4963 Dei,
1017 4900 1175 4971 cujus
1220 4916 1340 4955 sum
1387 4916 1489 4973 ego
1544 4912 1599 4957 et
1626 4919 1789 4973 quem
1828 4905 1971 4970 Culo,
2006 4905 2093 4960 di-

524 5004 543 5037 (
578 5002 710 5041 cens
743 5007 755 5041 :
800 4988 877 5043 Ne
910 4989 1127 5056 timeas,
1169 4990 1358 5055 Paule,
1380 4990 1582 5047 Caesari
1627 5002 1678 5048 te
1701 4994 1820 5050 sisti
1857 5005 2091 5066 oportet.

522 5097 541 5127 ι
576 5075 644 5132 Ει
675 5092 802 5132 ecce
850 5078 1074 5133 donavit
1104 5080 1203 5133 tibi
1249 5081 1393 5136 Deus
1434 5082 1650 5138 'omnes
1695 5084 1789 5155 qui
1836 5086 2095 5156 navigant

523 5189 540 5221 ι
578 5179 755 5224 tecum
788 5188 801 5223 :
831 5180 1059 5240 propter
1108 5173 1255 5242 quod
1310 5173 1456 5228 bono
1510 5175 1697 5229 animo
1741 5184 1939 5240 estote,
1966 5178 2090 5232 viri.

522 5284 539 5313 ι
576 5261 754 5317 Credo
777 5262 922 5315 enim
969 5262 1081 5318 Deo
1111 5264 1258 5332 quod
1288 5265 1369 5320 sic
1436 5266 1568 5333 erit,
1628 5268 2094 5337 quemadmodum

521 5374 539 5404 ι
577 5354 783 5409 dictum
826 5363 910 5408 est
962 5355 1120 5411 mihi.
1159 5357 1217 5412 ln
1266 5358 1561 5428 quamdam
1612 5369 1796 5415 autem
1855 5363 2094 5417 insulam

521 5460 539 5492 ι
590 5452 809 5512 oportet
865 5459 966 5500 nos
1008 5446 1153 5517 ejici.
1207 5446 1313 5503 Sed
1372 5456 1734 5519 posteaquam
1790 5453 2094 5522 quartade-

518 5553 535 5580 ι
574 5533 715 5588 cinia
758 5550 866 5589 nox
936 5539 1281 5607 supervenit,
1349 5539 1738 5611 navigantibus
1818 5542 1981 5598 nobis
2036 5544 2094 5598 in

520 5643 538 5675 ι
573 5624 738 5682 Adria
782 5628 930 5683 circa
955 5630 1194 5684 medium
1225 5633 1424 5695 noctis,
1465 5632 1892 5703 suspicabantur
1914 5642 2094 5690 nauta:

519 5734 538 5767 ι
581 5717 737 5788 181
778 5735 1044 5791 apparere
1098 5722 1203 5777 sibi
1253 5724 1491 5797 aliquam
1545 5725 1989 5797 regionem:qui
2036 5736 2094 5782 et

518 5826 537 5861 ι
574 5808 811 5867 demissa
852 5812 1037 5870 bolide
1100 5826 1429 5889 repererunt
1476 5834 1673 5891 passus
1732 5819 1972 5892 viginti:
2018 5835 2092 5896 ac

2282 4290 2301 4322 ι
2355 4266 2566 4336 Πολλῆς
2605 4265 2663 4320 δὲ
2692 4264 2908 4329 ἀσιτίας
2934 4261 3312 4334 ὑπαρχούσης,
3357 4259 3482 4314 τότε
3511 4257 3724 4321 σταθεὶς
3747 4259 3773 4313 6

2209 4382 2229 4414 ι
2273 4358 2483 4424 Παῦλος
2505 4361 2562 4413 ὲν
2587 4359 2739 4430 μέσῳ
2764 4354 2965 4421 αὐτῶν,
2986 4352 3161 4409 εἶπεν·
3186 4353 3334 4407 Ἔδει
3356 4353 3475 4424 μὲν,
3498 4344 3545 4404 ὦ
3567 4350 3770 4421 ἄνδρες.

2207 4468 2228 4501 ι
2270 4449 2747 4520 πειθαρχήσαντάς
2779 4464 2871 4517 μοι
2908 4446 2983 4518 μὴ
3013 4444 3313 4514 ἀνάγεσθαι
3348 4444 3458 4498 ἀπὸ
3499 4444 3600 4512 τῆς
3632 4442 3774 4510 Κρή-

2210 4558 2230 4591 ι
2269 4556 2392 4605 της,
2412 4539 2676 4610 κερδῆσαί
2704 4556 2763 4591 τε
2783 4537 2880 4609 τὴν
2905 4536 3064 4609 ὓϐριν
3082 4536 3289 4608 ταύτην
3313 4539 3408 4590 καὶ
3424 4534 3523 4607 τὴν
3555 4532 3769 4605 ζημίαν.

2210 4649 2229 4685 ι
2271 4630 2381 4684 Καὶ
2432 4631 2499 4684 τά
2531 4629 2627 4684 νῦν
2677 4630 2931 4700 παραινῶ
2982 4628 3127 4701 ὑμᾶς
3184 4628 3463 4699 εὐθυμεῖν.
3512 4621 3772 4693 ’Δποὸολὴ

2208 4745 2226 4776 ι
2265 4723 2373 4795 γὰρ
2399 4723 2575 4794 ψυχῆς
2591 4722 2711 4778 οὐδὲ
2733 4722 2827 4793 μία
2846 4721 3000 4775 ἔσται
3030 4719 3089 4785 ἐξ
3108 4720 3281 4791 ὑμῶν,
3299 4718 3437 4791 πλὴν
3452 4717 3547 4771 τοῦ
3571 4714 3767 4769 πλοίου.

2210 4840 2227 4871 ι
2270 4818 2525 4889 Παρέστη
2575 4819 2684 4887 γάρ
2745 4820 2931 4887 μοιτῇ
2988 4818 3145 4869 νυκτὶ
3191 4813 3367 4885 ταύτῃ
3419 4812 3650 4880 ἄγγελος
3680 4805 3767 4861 τοῦ

2209 4929 2226 4962 ι
2268 4908 2424 4972 Θεοῦ,
2455 4903 2514 4963 οὗ
2537 4911 2675 4978 εἰμι,
2711 4902 2754 4977 ᾧ
2796 4909 2891 4961 καὶ
2911 4905 3180 4979 λατρεύω,
3211 4905 3389 4974 λέγων
3410 4922 3425 4938 ·
3456 4904 3548 4975 Μὴ
3579 4899 3760 4971 φοϐοῦ,

2210 5019 2226 5049 ι
2271 4999 2472 5063 Παῦλε,
2505 5000 2746 5068 Καίσαρί
2775 5015 2833 5051 σε
2874 4998 2955 5050 δεῖ
2988 4998 3361 5068 παραστῆναι.
3400 4998 3508 5051 Καὶ
3542 4996 3649 5050 ίδου
3686 4992 3768 5047 κει

2208 5108 2226 5139 ι
2272 5088 2529 5160 χάρισταί
2565 5106 2647 5141 σοι
2693 5088 2721 5141 ό
2750 5086 2885 5149 Θεὸς
2916 5087 3125 5150 πάντας
3160 5086 3287 5150 τοὺς
3339 5087 3603 5150 πλέοντας
3638 5080 3766 5155 μετά

2208 5202 2226 5234 ι
2270 5180 2387 5236 σοῦ.
2418 5183 2510 5233 Διὸ
2537 5180 2847 5250 εὐθυμεῖτε,
2874 5180 3088 5251 ἄνδρες.
3114 5180 3364 5235 Πιστεύω
3392 5182 3502 5251 γάρ
3533 5178 3611 5249 τῷ
3635 5175 3764 5246 Θεῷ,

2208 5293 2226 5325 ι
2267 5274 2348 5327 ὅτι
2381 5272 2556 5335 οὕτως
2601 5271 2777 5334 ἔσται,
2823 5269 2946 5325 καθ’
3002 5270 3062 5324 δν
3086 5270 3288 5341 τρόπον
3335 5267 3625 5339 λελάληταί
3660 5281 3761 5339 μοι.

2210 5383 2227 5416 ι
2270 5365 2362 5428 Εἰς
2390 5364 2553 5433 νῆσον
2578 5362 2637 5416 δέ
2665 5379 2787 5415 τινα
2815 5361 2898 5415 δεῖ
2917 5364 3064 5433 ἡμᾶς
3089 5363 3363 5416 ἐκπεσεῖν.
3398 5362 3488 5425 Ὠς
3506 5361 3561 5414 δὲ
3585 5374 3766 5413 τεσσα-

2208 5477 2226 5509 ι
2269 5454 2673 5528 ρεσκαιδεκάτη
2704 5455 2801 5522 νὺξ
2825 5456 3064 5522 ἐγένετο,
3093 5455 3505 5526 διαφερομένων
3533 5438 3685 5522 ἡμῶν
3712 5450 3764 5501 ἓν

2207 5565 2225 5597 ι
2273 5546 2351 5617 τῷ
2371 5545 2561 5618 Ἀδρίᾳ
2613 5547 2755 5601 κατά
2793 5547 2963 5617 μέσον
2995 5548 3094 5618 τῆς
3146 5547 3360 5610 νυκτὸς,
3412 5545 3669 5599 ὑπενόουν
3715 5540 3760 5592 οἱ

2208 5659 2226 5692 ι
2274 5640 2469 5694 ναῦται
2499 5641 2792 5711 προσάγειν
2826 5640 2950 5693 τινὰ
2978 5641 3163 5705 αὐτοῖς
3219 5638 3427 5710 χώραν.
3479 5638 3588 5691 Καὶ
3629 5632 3763 5706 βολί-

2206 5751 2225 5784 ι
2276 5748 2490 5795 σαντες,
2521 5724 2679 5803 εὗρον
2710 5731 2941 5802 ὀργυιὰς
2971 5733 3166 5787 είκοσι.
3222 5732 3403 5803 Βραχὺ
3453 5731 3510 5784 δὲ
3551 5727 3761 5796 διαστή-

2208 5844 2228 5915 ι
2272 5841 2487 5897 σαντες,
2520 5825 2614 5879 καὶ
2647 5824 2809 5881 πάλιν
2838 5824 3152 5896 βολίσαντες
3180 5820 3339 5896 εὗρον
3368 5825 3592 5896 ὀργυιὰς
3612 5824 3760 5876 δεκάς
