4024 6550
281 404 394 472 2‘37

1248 403 1638 467 COMMENT.
1673 402 1757 462 1N
1799 401 1985 462 ACTA
2017 401 2591 466 APOSTOLORUM.

3423 407 3531 471 298

289 545 312 574 ε
361 524 550 578 πέντε.
587 519 918 593 Φοϐούμενοί
939 537 996 575 τε
1029 521 1101 592 μή
1137 539 1254 584 πως
1307 523 1385 584 εἰς
1415 523 1634 592 τραχεῖς
1683 520 1860 573 τόπους

1991 537 2009 569 ‹
2046 527 2169 588 post
2195 520 2455 589 pusillum
2504 520 2630 575 inde
2663 518 2915 590 digressi,
2950 533 3276 591 rursumque
3311 522 3548 582 demissa

287 634 310 665 ι
358 615 695 678 ἐκπέσωσιν,
734 617 798 666 ὲκ
853 613 1110 684 πρύμνης
1178 614 1432 684 ῥίψαντες
1462 613 1708 684 ἀγκύρας
1734 614 1858 666 τέσ-

287 723 313 757 ι
355 708 505 776 σαρα
540 747 556 772 ,
580 703 816 774 ηὔχοντο
851 705 1062 776 ἡμέραν
1092 706 1371 773 γενέσθαι.
1429 705 1548 757 Τῶν
1572 706 1628 757 δὲ
1650 704 1861 758 ναυτῶν

286 813 312 844 ε
356 795 673 863 ζητούντων
703 797 894 863 φυγεῖν
917 797 980 848 ἐκ
1016 795 1110 848 τοῦ
1137 794 1345 861 πλοίου,
1388 801 1482 849 καὶ
1508 796 1862 866 χαλασάντων

283 904 306 933 α
351 887 457 954 τὴν
489 885 702 956 σκάφην
759 888 839 950 είς
867 887 967 957 τὴν
997 887 1297 951 θάλασσαν,
1388 888 1660 960 προφάσει
1690 889 1766 952 ὠς
1799 891 1865 940 ὲκ

283 997 308 1028 ι
352 981 584 1047 πρώρας
641 977 947 1046 μελλόντων
1002 977 1249 1050 ἀγκύρας
1294 980 1577 1045 ἐκτείνειν,
1636 976 1790 1033 εἶπεν
1837 982 1866 1032 ὁ

282 1087 305 1116 ι
357 1067 574 1130 Παῦλος
627 1067 708 1137 τῷ
737 1069 1114 1142 ἑκατοντάρχῃ
1157 1071 1250 1122 καὶ
1301 1072 1415 1134 τοῖς
1471 1070 1862 1141 στρατιώταις’

284 1178 308 1209 ι
354 1159 488 1210 Ἐὰν
521 1158 595 1229 μὴ
629 1152 776 1213 οὗτοι
809 1159 1065 1229 μείνωσιν
1096 1165 1154 1212 ἐν
1174 1159 1252 1230 τῷ
1278 1160 1471 1232 πλοίφι
1497 1163 1656 1231 ὑμεῖς
1697 1162 1870 1231 ⁸⁸⁸⁸³θῆ⁶

282 1270 306 1301 c
353 1269 447 1304 ναι
472 1252 534 1303 ού
563 1252 826 1305 δύνασθε.
879 1252 1013 1304 Τότε
1046 1253 1095 1305 οί
1125 1253 1459 1324 στρατιῶται
1491 1254 1773 1325 ἀπέκοψαν
1803 1255 1871 1308 τά

283 1361 307 1393 ε
352 1343 570 1413 σχοινία
600 1342 700 1410 τῆς
727 1346 962 1413 σκάφης,
996 1344 1091 1397 καὶ
1125 1345 1312 1398 εῖασαν
1359 1345 1531 1415 αὐτὴν
1583 1349 1866 1400 ἐκπεσεῖν.

281 1452 303 1482 ε
352 1433 528 1502 Ἀχρι
557 1431 610 1484 δὲ
641 1425 702 1485 οὗ
727 1430 951 1500 ἔμελλεν
989 1431 1172 1502 ἡμέρα
1211 1431 1486 1498 γίνεσθαι,
1518 1431 1819 1502 παρεκάλει
1843 1433 1872 1485 6

286 1545 308 1575 ι
353 1525 572 1586 Παῦλος
602 1525 851 1587 ἃπαντας
883 1524 1210 1595 μεταλαϐεῖν
1231 1525 1463 1594 τροφῆς,
1490 1525 1666 1593 λέγων
1686 1540 1700 1554 ο
1737 1525 1874 1578 Τεσ-

287 1635 307 1667 ι
355 1616 873 1688 σαρεσκαιδεκάτην
923 1616 1165 1688 σήμερον
1210 1617 1429 1688 ἡμέραν
1463 1618 1874 1689 προσδοκῶντες

287 1725 307 1756 ε
349 1707 533 1764 ἄσιτοι
548 1708 862 1773 διατελεῖτε,
887 1709 1050 1778 μηδὲν
1078 1709 1527 1781 προσλαϐόμενοι.
1548 1711 1628 1764 Δι’
1646 1710 1674 1763 6
1694 1727 1874 1780 παρα-

284 1817 304 1848 ε
351 1798 511 1851 καλῶ
553 1800 694 1868 ὑμᾶς
720 1800 1045 1870 προσλαϐεῖν
1061 1802 1287 1872 τροφῆς.
1307 1801 1480 1856 Τοῦτο
1491 1801 1600 1872 γὰρ
1625 1801 1760 1873 πρὸς
1781 1803 1877 1874 τῆς

1973 629 1990 659 ι
2027 609 2230 675 bolide,
2292 623 2621 682 repererunt
2672 627 2868 682 passus
2917 612 3288 682 quindecim:
3347 618 3546 673 timen-

1971 719 1988 750 ι
2025 709 2215 769 tesque
2241 715 2310 755 ne
2341 706 2396 754 in
2445 717 2641 774 aspera
2701 703 2822 758 loca
2859 702 3194 770 inciderent,
3254 706 3323 762 de
3369 717 3543 781 puppl

1971 790 2182 860 «jactis
2234 791 2494 847 anchoris
2548 801 2806 862 quatuor,
2865 794 3136 864 optabant
3181 796 3328 854 diem
3377 801 3544 856 oriri.

1972 899 1991 932 ι
2028 880 2222 936 Nautis
2255 896 2386 936 vero
2417 885 2794 951 quaerentibus
2853 884 3041 957 fugere
3077 901 3145 941 ex
3200 889 3350 955 navi,
3417 906 3545 945 cum

1974 987 1992 1019 ι
2029 968 2380 1024 demisissent
2407 971 2664 1040 scapham
2690 972 2745 1025 in
2774 987 2942 1038 mare,
2977 974 3079 1029 sub
3100 985 3364 1046 praetextu
3395 978 3548 1034 velut

1975 1079 1993 1112 ι
2033 1075 2064 1115 ο
2098 1076 2262 1130 prora
2300 1062 2570 1116 anchoras
2587 1064 2892 1128 extensuri,
2926 1065 3064 1120 dixit
3090 1068 3293 1123 Paulus
3349 1080 3545 1125 centu-

1977 1169 1994 1200 ι
2029 1150 2171 1204 rioni
2221 1159 2278 1205 et
2318 1151 2633 1208 militibus:
2686 1154 2802 1209 Nisi
2847 1154 2903 1208 hi
2935 1155 2989 1209 in
3041 1158 3166 1212 navi
3214 1161 3543 1226 manserint,

1977 1259 1995 1292 ι
2046 1257 2144 1296 vos
2165 1241 2303 1296 salvi
2359 1241 2473 1298 ﬁeri
2519 1259 2629 1298 non
2679 1245 2929 1313 potestis.
2976 1247 3131 1303 Tunc
3198 1248 3550 1306 absciderunt

1978 1349 1997 1382 ι
2036 1333 2241 1388 milites
2283 1333 2444 1389 funes
2493 1335 2728 1405 scaphae,
2783 1337 3042 1408 passique
3091 1350 3220 1395 sunt
3246 1355 3366 1395 eam
3401 1342 3551 1397 exci-

1979 1439 1998 1471 ‹
2030 1421 2182 1478 dere.
2230 1423 2478 1495 Cumque
2508 1425 2627 1481 dies
2649 1425 2920 1496 inciperet
2963 1443 3256 1498 apparere,
3282 1430 3547 1486 hortaba-

1980 1532 1999 1566 ι
2042 1522 2130 1568 tur
2154 1498 2358 1572 Paulus
2385 1532 2578 1572 omnes
2607 1532 2824 1574 sumere
2867 1519 3077 1585 cibum,
3136 1520 3326 1577 dicens
3362 1541 3376 1576 :
3422 1524 3550 1580 Dies

1982 1625 2000 1658 ι
2045 1606 2139 1662 hic
2171 1607 2420 1665 decimus
2450 1619 2681 1681 quartus
2699 1619 2806 1676 est,
2853 1612 3000 1682 quod
3034 1624 3415 1684 exspectantes
3460 1619 3549 1690 je~

1983 1697 2146 1768 «juni
2224 1698 2562 1766 permanetis
2645 1699 2785 1755 nihil
2855 1702 3192 1772 accipientes
3261 1714 3549 1774 :propter

1985 1806 2004 1838 ι
2036 1789 2182 1858 quod
2217 1790 2410 1846 hortor
2438 1807 2555 1855 vos,
2586 1801 2648 1846 ut
2669 1793 2896 1848 sumatis
2927 1794 3112 1849 cibum
3141 1813 3155 1849 :
3182 1795 3286 1851 hoc
3305 1797 3450 1852 enim
3478 1796 3548 1852 ad

285 1908 306 1940 ι
352 1890 632 1960 ὑμετέρας
653 1891 927 1963 σωτηρίας
941 1891 1200 1964 ὑπάρχει.
1217 1893 1444 1955 Οὐδενὸς
1461 1895 1571 1965 γὰρ
1583 1894 1613 1947 ὑ
1621 1895 1737 1966 μῶν
1751 1894 1860 1966 θρὶξ

1981 1895 1998 1928 ι
2034 1879 2268 1934 salutem
2300 1890 2537 1936 vestram
2569 1883 2847 1951 pertinet:
2884 1885 3012 1952 quia
3070 1887 3276 1942 nullius
3303 1897 3548 1944 vestrum

285 2000 308 2034 ε
350 1985 423 2035 ἐκ
443 1982 542 2051 τῆς
569 1983 812 2052 κεφαλῆς
837 1987 1110 2038 πεσεῖται.
1141 1985 1326 2038 Εἰπὼν
1351 1987 1408 2040 δὲ
1439 1987 1614 2040 ταῦτα
1639 1988 1734 2040 καί
1766 1987 1863 2040 λα-

285 2092 305 2124 c
350 2072 468 2125 ϐὼν
489 2075 677 2145 ἄρτον,
702 2075 1070 2146 εύχαρίστησε
1100 2075 1181 2147 τῷ
1203 2077 1324 2147 Θεῷ
1351 2076 1587 2132 ὲνῶπιον
1621 2079 1860 2133 πάντων·

283 2182 303 2216 ι
352 2166 461 2218 καὶ
491 2165 722 2232 κλάσας,
777 2169 980 2239 ἦρξατο
1032 2170 1255 2224 ἐσθίειν.
1282 2170 1526 2242 Εὕθυμοι
1554 2172 1611 2224 δὲ
1641 2172 1866 2242 γενόμε-

283 2273 304 2305 ι
350 2273 440 2309 νοι
461 2256 683 2322 πάντες,
705 2260 798 2312 καὶ
831 2261 985 2314 αὐτοὶ
1019 2261 1420 2330 προσελάϐοντο
1451 2260 1864 2334 τροφῆςῙΗμεν

283 2364 305 2398 ε
347 2346 414 2398 δὲ
447 2349 508 2400 ὲν
530 2348 606 2418 τῷ
638 2349 808 2418 πλοίῳ
836 2353 892 2403 αἱ
924 2353 1096 2406 πᾶσαι
1128 2352 1299 2424 ψυχαὶ
1329 2354 1602 2408 διακόσιαι
1629 2354 1864 2426 ἑϐδομή-

282 2455 304 2488 ε
351 2456 522 2492 κοντα
567 2440 646 2505 ἐξ.
687 2443 1056 2512 Κορεσθέντες
1108 2445 1163 2496 δὲ
1209 2445 1416 2515 τροφῆς
1458 2445 1744 2514 ἐκούφιζον
1801 2447 1863 2499 τὸ

283 2545 306 2580 ε
347 2528 561 2593 πλοῖον,
589 2529 978 2601 ἐκϐαλλόμενοι
1013 2532 1104 2584 τὸν
1152 2536 1297 2586 σῖτον
1319 2536 1400 2597 είς
1432 2535 1531 2602 τὴν
1562 2533 1858 2588 θάλασσαν.

283 2637 306 2670 ι
347 2620 486 2673 Ὀτε
516 2622 572 2675 δὲ
596 2623 778 2693 ἡμέρα
805 2624 1042 2692 ἐγένετο,
1065 2625 1165 2690 τὴν
1184 2625 1287 2693 γῆν
1315 2626 1417 2679 οὐκ
1449 2626 1821 2695 ἐπεγίνωσκον
1843 2645 1856 2658 ·

283 2729 306 2763 ε
357 2713 563 2766 κόλπον
583 2713 639 2766 δέ
663 2731 788 2768 τινα
815 2716 1105 2770 κατενόουν
1148 2717 1340 2787 ἔχοντα
1393 2717 1660 2786 αἰγιαλὸν,
1689 2720 1769 2781 είς
1800 2718 1859 2772 ὂν

282 2820 306 2854 ι
349 2803 769 2871 ἐϐουλεύσαντο,
805 2809 855 2860 εί
896 2807 1141 2874 δυνατὸν,
1166 2808 1362 2872 ἐξῶσαι
1392 2809 1452 2862 τδ
1499 2808 1701 2865 πλοῖον.
1747 2813 1859 2866 Καὶ

284 2914 306 2947 ι
348 2896 454 2959 τὰς
483 2897 730 2969 ἀγκύρας
763 2899 1127 2968 περιελόντες,
1160 2901 1286 2954 εῐων
1312 2901 1522 2974 είςμτὴν
1555 2902 1855 2970 θάλασσαν,

283 3005 306 3039 ε
353 2988 477 3056 ἅμα
507 2989 725 3052 ἀνέντες
773 2991 873 3054 τὰς
917 2989 1248 3062 ζευκτηρίας
1284 2993 1394 3046 τῶν
1426 2993 1726 3065 πηδαλίων,
1762 2996 1858 3049 καὶ

286 3101 307 3135 ι
349 3085 660 3154 ἐπάραντες
688 3088 779 3142 τὸν
802 3090 1080 3162 ἀρτέμονα
1116 3093 1181 3162 τῇ
1218 3091 1474 3164 πνεούσῃ,
1501 3095 1750 3164 κατεῖχον
1777 3094 1857 3156 είς

285 3191 310 3226 ι
350 3175 447 3228 τὸν
475 3178 743 3245 αίγιαλόν.
767 3181 1165 3251 Περιπεσόντες
1193 3182 1250 3236 δὲ
1290 3184 1368 3246 είς
1400 3187 1564 3238 τόπον
1599 3186 1856 3244 διθάλασ-

1975 1988 1994 2021 ι
2031 1971 2263 2041 capillus
2291 1972 2360 2027 de
2414 1973 2592 2042 capite
2642 1974 2822 2028 cadet.
2868 1975 2936 2030 Et
2964 1977 3094 2031 dum
3134 1978 3249 2033 haec
3299 1979 3547 2044 dixisset,

1975 2079 1994 2112 ι
2027 2071 2246 2130 sumpto
2295 2078 2432 2132 pane
2467 2063 2671 2133 gratias
2699 2064 2812 2134 egit
2851 2065 2962 2120 Deo
3010 2067 3065 2120 in
3089 2079 3384 2139 conspectu
3425 2087 3548 2125 om-

1975 2171 1994 2205 (
2028 2153 2206 2219 nium,
2267 2170 2502 2225 cumque
2563 2156 2838 2228 fregisset,
2891 2159 3058 2229 coepit
3107 2161 3296 2217 edere.
3378 2164 3550 2220 Porro

1973 2265 1992 2298 ‹
2022 2247 2224 2302 animis
2241 2249 2351 2319 jam
2375 2249 2622 2305 omnium
2656 2252 2941 2316 recreatis,
2969 2263 3322 2324 sumpserunt
3347 2265 3403 2311 et
3443 2257 3547 2328 ipsi

1972 2359 1992 2393 ι
2023 2340 2230 2396 cibum.
2284 2343 2521 2398 Eramus
2581 2360 2715 2400 vero
2752 2346 3024 2402 universae
3083 2349 3279 2403 animae
3331 2350 3384 2404 in
3417 2351 3544 2405 navi

1970 2451 1990 2485 ‹
2031 2433 2283 2489 ducenta:
2310 2435 2655 2505 septuaginta
2705 2451 2821 2491 sex.
2875 2437 3122 2509 Ciboque
3172 2439 3354 2494 satiati
3412 2442 3549 2497 alle-

1970 2545 1987 2575 ι
2018 2525 2219 2581 vabant
2266 2541 2483 2591 navem,
2509 2529 2794 2598 ejicientes
2830 2530 3074 2586 triticum
3107 2533 3159 2586 in
3198 2548 3368 2588 mare.
3398 2533 3538 2590 Cum

1969 2635 1988 2668 ε
2025 2626 2207 2672 autem
2236 2617 2356 2672 dies
2380 2627 2546 2685 esset,
2569 2628 2769 2674 terram
2798 2637 2907 2676 non
2928 2622 3333 2693 agnoscebant:
3364 2625 3546 2680 sinum

1968 2725 1987 2758 ι
2024 2722 2156 2762 vero
2169 2709 2460 2778 quemdam
2481 2711 2913 2782 conspiciebant,
2933 2713 2985 2768 in
3008 2715 3152 2783 quod
3167 2715 3549 2791 decreverant,

1967 2815 1986 2848 ι
2019 2797 2064 2851 si
2113 2798 2228 2852 ﬁeri
2259 2808 2466 2868 posset,
2521 2800 2820 2872 impingere
2873 2819 3088 2858 navem.
3153 2803 3401 2875 Cumque
3446 2823 3548 2862 an-

1966 2905 1986 2939 ι
2027 2887 2228 2944 cboras
2247 2890 2631 2956 sustulis<ent,
2665 2894 3085 2948 committebant
3111 2909 3169 2948 se
3195 2896 3354 2960 mari,
3381 2897 3546 2952 simul

1967 2997 1988 3031 ι
2018 2980 2211 3035 laxatis
2246 2981 2525 3052 juncturis
2587 2983 3128 3052 gubernaculorum:
3201 2997 3258 3041 et
3331 2987 3548 3050 sublato

1966 3088 1985 3121 ι
2021 3080 2307 3128 artemone
2341 3074 2405 3126 ad
2439 3089 2586 3128 aura:
2640 3073 2847 3138 ﬂatum,
2904 3077 3200 3132 tendebant
3249 3078 3316 3133 ad
3367 3081 3546 3140 littus.-

1967 3181 1986 3214 ι
2023 3164 2090 3217 Et
2127 3180 2249 3218 cum
2282 3165 2604 3220 incidissent
2652 3167 2707 3220 in
2752 3169 2931 3223 locum
2965 3169 3253 3237 bimarem,
3292 3172 3534 3244 impege-

287 3283 311 3316 ι
355 3283 474 3332 σον,
502 3266 807 3325 ἐπώκειλαν
829 3247 926 3343 τὴν
953 3273 1106 3328 ναῦν.
1139 3274 1252 3327 Καὶ
1281 3277 1316 3347 ἡ
1345 3276 1445 3346 μὲν
1469 3278 1666 3350 πρὼρα
1709 3280 1854 3352 ὲρεί-

1973 3272 1992 3305 ι
2032 3262 2159 3309 runt
2186 3271 2402 3310 navem.
2438 3259 2517 3312 Ac
2563 3274 2724 3329 prora
2777 3259 3000 3329 quidem
3035 3262 3291 3318 manebat
3345 3266 3542 3320 immo-

287 3372 312 3406 ε
359 3372 525 3421 σασα,
554 3358 771 3429 ἔμεινεν
795 3361 1109 3429 ἀσάλευτος,
1150 3365 1184 3436 ἡ
1221 3365 1279 3418 δὲ
1303 3365 1527 3437 πρύμνα
1550 3367 1736 3422 ἐλύετο
1754 3370 1859 3424 ὑπὸ

288 3465 310 3499 ε
353 3447 453 3518 τῆς
486 3449 606 3519 βίας
631 3451 740 3506 τῶν
765 3456 1044 3524 κυμάτων.
1089 3475 1108 3508 ι

368 3557 390 3590 ι
425 3541 541 3594 Καὶ
596 3543 706 3598 ιδοὺ
763 3548 1089 3619 κεχάρισταί
1139 3569 1221 3606 σοι
1250 3553 1280 3606 6
1325 3552 1479 3615 οεός.
1515 3571 1534 3604 ι
1579 3551 1858 3607 Ἐντεῦθεν

281 3629 564 3685 δείκνυται
611 3633 814 3706 ψευδὴς
846 3640 875 3690 6
906 3641 1035 3711 περὶ
1077 3643 1179 3712 τῆς
1229 3643 1575 3716 εἱμαρμένης
1606 3644 1642 3717 ἢ
1685 3645 1858 3716 τύχης

283 3723 468 3790 λόγος.
505 3724 635 3780 Ἰδοὺ
667 3727 774 3798 γὰρ
804 3732 853 3782 εἰ
878 3730 1060 3802 μὴδιά
1086 3735 1301 3790 Παύλου
1325 3736 1632 3807 ἐσώθησαν,
1657 3738 1858 3803 πάντες

286 3819 360 3870 ἂν
402 3813 550 3887 εῐχον
585 3821 645 3872 ὲν
677 3821 755 3893 τῷ
785 3824 956 3896 πλοίῳ
981 3827 1300 3897 ἀπολέσθαι,
1355 3830 1450 3884 τοῦ
1509 3832 1644 3887 Θεοῦ
1698 3833 1858 3888 τοῦτο

283 3906 681 3979 δωρησαμένου
709 3918 842 3986 τιμῇ
901 3916 996 3970 τοῦ
1029 3919 1260 3976 δικαίου.
1303 3923 1413 3978 Καὶ
1465 3917 1569 3978 ὦδε
1621 3928 1721 3996 μὲν
1767 3927 1856 3980 διὰ

284 4000 382 4051 τὸν
405 4001 613 4055 δίκαιον
635 4003 800 4067 ζῶσιν
837 4010 886 4060 οί
910 4010 1147 4077 ἀσεϐεῖς,
1173 4013 1290 4067 ἔστι
1320 4016 1375 4068 δὲ
1398 4017 1484 4068 ὅτε
1506 4017 1563 4069 τὸ
1589 4019 1854 4081 ἐναντίον,

287 4093 387 4145 καὶ
433 4093 540 4163 πρὸ
594 4095 744 4166 ῶρας
771 4101 800 4152 ό
827 4101 1040 4172 ἀσεϐὴς
1083 4105 1382 4159 ἀπόλλυται
1409 4109 1497 4161 διὰ
1525 4109 1623 4178 τὴν
1663 4111 1855 4165 ἑαυτοῦ

287 4183 513 4251 κακίαν,
545 4189 688 4241 κατά
741 4191 798 4242 τὸ
829 4193 1121 4262 εἰρημένον
1148 4211 1164 4227 ⁸
1202 4197 1293 4268 Μὴ
1318 4199 1520 4270 ἀσεϐὴς
1573 4198 1641 4273 ᾖς
1697 4202 1853 4268 πολὺ,

291 4274 431 4344 μηδὲ
464 4275 613 4340 γίνου
650 4281 905 4350 σκληρὸς,
963 4284 1047 4338 ἵνα
1078 4287 1152 4356 μὴ
1179 4289 1454 4363 ἀποθάνῃς
1489 4295 1546 4344 ἐν
1589 4293 1650 4345 ού
1677 4293 1856 4364 καιρῷ

290 4380 409 4454 σου.
431 4365 505 4418 Τδ
535 4367 612 4433 δὲ,
647 4388 666 4420 ι
711 4371 838 4425 Ἐὰν
884 4376 957 4444 μὴ
990 4370 1134 4430 οὗτοι
1171 4379 1429 4449 μείνωσιν
1458 4384 1515 4434 ὲν
1545 4383 1623 4454 τῷ
1662 4384 1852 4454 πλοίῳ,

287 4452 447 4521 ὑμεῖς
477 4455 534 4506 ού
567 4458 798 4512 δύνασθε
836 4461 1093 4534 σωθῆναι,
1153 4487 1172 4518 ι
1210 4470 1569 4538 οἰκονομικῶς
1595 4452 1850 4543 ήὲλεγενήό

290 4543 675 4652 Ila-316;,qu
710 4554 953 4623 κατάσχῃ
993 4556 1212 4622 αὐτοὺς,
1247 4564 1340 4612 καὶ
1402 4563 1477 4632 μὴ
1533 4562 1767 4638 διαπέσῃ
1817 4567 1851 4636 ἡ
1888 4594 1932 4652 ο

287 4637 616 4704 προφητεία.
653 4639 782 4693 Ὅτε
810 4643 902 4696 οὖν
927 4643 1087 4709 εἶδον,
1116 4649 1197 4702 ὅτι
1229 4651 1262 4720 ἠ
1314 4651 1538 4705 ἀϐουλία
1585 4637 1764 4711 αὐτῶν
1795 4660 1853 4710 ἐ-

289 4725 516 4792 ποίησεν
577 4729 773 4795 αὐτοὺς
826 4736 1192 4805 κινδυνεῦσαι,
1248 4742 1371 4796 τότε
1425 4746 1655 4816 ἤρξαντο
1705 4749 1853 4820 αύτῷ

289 4815 594 4871 πείθεσθαι.
623 4821 684 4873 Et
705 4823 812 4892 γάρ
847 4827 1153 4902 εἱμαρμένῃ
1182 4815 1478 4900 ἐπείθοντο,
1509 4839 1682 4892 καίτοι
1702 4815 1854 4905 ὄντες

288 4905 516 4971 ἐθνικοὶ,
561 4915 879 4982 παριδόντες
937 4920 1004 4972 ἂν
1056 4922 1152 4992 τὴν
1197 4925 1289 4977 τοῦ
1312 4927 1468 4994 άγίου
1517 4931 1849 5004 συμϐουλὴν,

286 4999 416 5050 εἴων
445 5000 700 5056 ἀπελθεῖν
731 5009 858 5073 τοὺς
878 5012 1099 5077 ναύτας.
1149 5033 1168 5066 ι
1204 5017 1282 5069 Δι’
1311 5019 1338 5070 ὃ
1380 4999 1681 5091 παρακαλῶ
1712 4999 1857 5095 ὑμᾶς

290 5091 620 5156 μεταλαϐεῖν
641 5099 862 5166 τροφῆς.
905 5121 924 5152 ι
954 5104 1221 5174 Παραινεῖ
1241 5110 1268 5160 6
1290 5109 1498 5175 Παῦλος
1529 5091 1856 5181 μεταλαϐεῖν

283 5182 519 5250 τροφῆς,
556 5189 649 5240 καὶ
685 5191 845 5254 αὐτὸς
885 5193 1100 5262 πρῶτος
1135 5201 1562 5270 μεταλαμϐάνει,
1594 5207 1656 5259 οὐ
1713 5209 1854 5281 λόγῳ

223 5329 236 5354 ξ,
283 5275 403 5326 ἀλλ’
435 5277 580 5350 ἔργῳ
597 5281 855 5339 πείθων.‹
893 5289 1063 5342 Τοῦτο
1088 5294 1218 5363 γὰρ,
1246 5299 1400 5365 φησὶ,
1436 5302 1570 5370 πρὸς
1592 5302 1688 5372 τῆς
1717 5275 1850 5371 ὑμεζ

281 5367 450 5464 τέρας
479 5374 749 5464 σωτηρίας
785 5379 921 5441 ἐστὶ,
961 5399 980 5430 ι
1019 5385 1264 5438 τουτέστι
1300 5389 1358 5440 τὸ
1383 5367 1599 5456 φαγεῖν,
1622 5367 1846 5464 μήποτε

277 5455 360 5558 re?
387 5457 533 5558 λιμῷ
559 5461 912 5558 διαφθαρῆτε.
942 5471 1016 5524 Ού
1047 5474 1156 5543 γάρ
1181 5472 1247 5547 ἦν
1275 5455 1456 5543 αὐτοῖς
1485 5455 1703 5552 φροντὶς
1722 5504 1844 5558 τρο-

278 5548 412 5617 φῆς,
447 5550 543 5604 ἅτε
569 5554 630 5607 ού
654 5561 780 5628 περὶ
807 5562 916 5614 τῶν
945 5567 1217 5636 τυχόντων
1252 5571 1404 5638 δντος
1439 5579 1534 5629 τοῦ
1569 5581 1837 5637 κινδύνου.

275 5639 451 5694 Πόθεν
477 5641 535 5696 δὲ
583 5647 804 5715 γέγονεν
832 5654 1015 5720 αὐτοῖς
1073 5658 1229 5727 δῆλος

339 5817 392 5850 ⁸³
432 5818 616 5876 Eccle.
643 5826 717 5889 iv,
753 5827 819 5882 16

641 5916 909 5984 Pyrum"
937 5926 1050 5986 Gn.
1107 5923 1210 5988 CX
1224 5928 1392 5991 Vlll.

1968 3363 1986 3397 ι
2023 3345 2168 3410 bilis,
2200 3349 2398 3418 puppis
2446 3365 2578 3404 vero
2639 3350 2956 3406 solvebatur
3012 3368 3040 3406 a
3077 3354 3127 3408 vi
3170 3355 3464 3437 undarum.
3511 3376 3529 3408 ι

3098 3447 3132 3486 1,

2038 3540 2056 3572 ι
2104 3522 2172 3577 Et
2225 3538 2355 3579 ecce
2396 3523 2621 3579 donavit
2651 3525 2748 3580 tibi
2785 3527 2948 3582 Deus.
2983 3546 3000 3579 ι
3047 3487 3187 3586 Hine
3208 3530 3377 3589 falsus
3407 3550 3530 3592 esse

1962 3613 2278 3668 ostenditur
2319 3630 2502 3669 sermo
2526 3617 2621 3686 qui
2654 3617 2721 3671 de
2756 3617 2869 3671 fato
2902 3618 3016 3674 dici
3048 3622 3217 3676 solet:
3249 3628 3542 3682 ecceenim

1961 3703 2068 3758 nisi
2099 3720 2196 3777 per
2242 3707 2470 3761 Paulum
2508 3709 2710 3763 servati
2771 3709 3025 3777 fuissent,
3086 3730 3276 3771 omnes
3329 3719 3422 3788 qui
3485 3722 3540 3775 in

1957 3795 2082 3848 navi
2131 3805 2290 3850 erant
2318 3799 2500 3866 perire
2541 3800 2807 3868 oportuit,
2874 3811 2931 3856 at
2969 3805 3195 3862 donavit
3252 3808 3357 3864 hoc
3396 3811 3540 3868 Deus

1963 3885 2121 3953 182
2134 3885 2327 3940 honori
2348 3888 2500 3956 justi.
2528 3888 2595 3942 Et
2620 3889 2707 3944 hic
2727 3892 2946 3960 quidem
2975 3897 3295 3966 perjustum
3315 3916 3541 3957 servan-

1960 3985 2046 4028 tur
2059 3984 2115 4030 et
2135 3976 2287 4045 impii
2321 3979 2678 4048 :quandoque
2713 3996 2840 4035 vero
2865 3998 2896 4037 e
2921 3984 3140 4042 diverso
3170 3992 3456 4062 contingit,
3481 4005 3540 4050 et

1959 4075 2085 4121 ante
2119 4068 2454 4136 praefinitum
2491 4081 2708 4140 tempus
2739 4074 2880 4141 perit
2905 4074 3106 4144 impius
3134 4092 3358 4150 propter
3379 4099 3535 4140 suam

1960 4159 2242 4222 malitiam,
2263 4162 2414 4230 juxta
2447 4161 2500 4215 id
2561 4164 2709 4231 quod
2742 4163 2950 4218 dictum
2979 4176 3063 4220 est
3088 4186 3102 4222 :
3129 4169 3208 4223 Ne
3233 4172 3309 4226 sis
3335 4173 3537 4243 impius

1958 4252 2190 4305 multum
2221 4268 2400 4322 neque
2424 4253 2597 4308 durus
2621 4254 2894 4319 eﬂiciaris,
2930 4273 2998 4312 ne
3018 4261 3271 4318 moriaris
3310 4265 3363 4318 in
3397 4276 3538 4321 tem-

1956 4353 2090 4406 pore
2154 4357 2264 4396 non
2305 4353 2403 4397 tuo
2442 4345 2505 4397 “.
2542 4345 2698 4410 Quod
2742 4356 2924 4402 autem
2981 4349 3123 4405 dixit
3161 4369 3176 4406 :
3217 4372 3236 4405 ι
3293 4356 3410 4412 Nisi
3472 4360 3531 4414 lii

1964 4428 2021 4480 in
2058 4431 2182 4484 navi
2219 4433 2544 4495 manserint.
2569 4451 2666 4489 vos
2696 4437 2829 4491 salvi
2860 4437 2975 4492 fieri
3029 4456 3138 4497 non
3187 4449 3436 4513 potestis,
3505 4470 3524 4501 ι

1957 4519 2361 4589 dispensatorie
2389 4526 2526 4580 dixit
2559 4527 2784 4592 Paulus,
2815 4538 2878 4583 ut
2923 4532 3283 4592 confunderet
3327 4554 3442 4604 eos,
3477 4550 3534 4596 et

1961 4625 2029 4664 ne
2060 4612 2337 4670 excideret
2391 4617 2700 4686 prophetia.
2728 4617 2864 4674 Cum
2892 4637 3021 4692 ergo
3071 4625 3361 4693 viderunt,
3385 4632 3532 4700 quod

1961 4699 2206 4770 ineptum
2270 4706 2564 4762 consilium
2591 4724 2752 4762 suum
2776 4713 3028 4779 exposuit
3072 4714 3220 4782 ipsos
3263 4699 3530 4787 periculo.

1962 4800 2092 4847 tunc
2114 4793 2166 4848 ei
2185 4795 2411 4852 credere
2441 4809 2743 4867 ceperunt.
2809 4800 2867 4853 Si
2907 4802 3054 4855 enim
3104 4803 3216 4860 fato
3265 4809 3530 4864 credidis-

1958 4891 2102 4947 sent,
2161 4900 2284 4938 cum
2309 4889 2740 4952 essentethnici,
2779 4892 3114 4960 sprevissent
3156 4898 3345 4968 utique
3376 4902 3528 4957 Pauli

1957 4975 2269 5040 consilium,
2339 4993 2404 5032 ac
2494 4992 2688 5034 nautas
2766 4983 3051 5040 discedere
3126 4992 3525 5056 permisissent.

1963 5080 1981 5112 ι
2012 5063 2242 5134 Propter
2267 5067 2413 5135 quod
2479 5068 2673 5129 hortor
2704 5085 2799 5126 vos
2860 5081 2922 5127 ut
2977 5078 3208 5133 sumatis
3262 5082 3470 5145 cibum,
3503 5107 3518 5136 ι

1954 5152 2177 5222 ipseque
2204 5159 2418 5225 primus
2451 5161 2652 5224 sumit,
2684 5177 2791 5217 non
2824 5164 2993 5219 verbo
3029 5174 3262 5235 tantum,
3321 5175 3414 5228 sed
3470 5186 3528 5229 et

1952 5253 2119 5307 opere
2169 5243 2428 5298 suadens.
2491 5246 2626 5301 Nam
2679 5250 2811 5304 illud
2873 5262 2956 5308 est
3007 5257 3152 5324 quod
3177 5259 3254 5312 ait
3301 5278 3315 5314 :
3359 5281 3376 5312 ι
3411 5263 3526 5321 Hoc

1951 5327 2098 5380 enim
2130 5329 2196 5382 ad
2227 5333 2457 5388 salutem
2486 5346 2724 5393 vestram
2759 5342 3017 5410 pertinet,
3051 5363 3070 5396 ι
3108 5363 3305 5419 nempe
3330 5354 3517 5419 edere,

1947 5432 2015 5472 ne
2052 5421 2273 5488 quando
2319 5422 2459 5478 fame
2518 5433 2919 5488 consumamini
2949 5451 3164 5506 :neque
3207 5443 3354 5496 enim
3413 5446 3524 5502 illis

1951 5507 2060 5562 cibi
2090 5525 2221 5565 cura
2247 5523 2388 5578 erat,
2443 5527 2630 5586 utpote
2670 5536 2776 5576 non
2812 5523 3026 5580 sinente
3080 5529 3328 5596 periculo
3355 5548 3522 5589 occu~

1944 5597 2063 5662 pari
2095 5598 2241 5654 circa
2290 5615 2378 5656 res
2418 5607 2696 5674 vulgares.
2754 5608 2909 5665 Unde
2954 5621 3138 5671 autem
3197 5621 3521 5678 manifestus

1261 5664 1367 5716 τῶν
1397 5670 1784 5737 συμπλεόντων
1810 5678 1838 5728 ὁ

1966 5696 2116 5743 actus
2159 5700 2240 5746 est
2271 5710 2536 5751 numerus
2574 5713 2785 5766 eorum,
2836 5703 2929 5770 qui
2957 5703 3119 5760 simul
3161 5711 3522 5780 navigabant?

3083 5972 3158 6038 10
