4024 6540
534 342 658 407 3299

1643 361 2041 427 CECUMENII
2071 367 2360 429 TRICCJE
2398 369 2747 433 EPISCOPI

3685 380 3783 443 3th

551 459 870 519 "Verisimile
904 470 989 519 est
1010 479 1107 520 eos
1140 481 1363 523 causam
1420 469 1786 544 interrogasse
1838 492 1937 531 cur
1970 479 2118 532 navi-

2229 478 2460 548 ἀριθμός
2488 497 2503 546 ;
2543 480 2702 544 Εἰκὸς
2726 475 2796 552 ἦν
2828 481 3025 546 αὐτοὺς
3055 483 3267 555 ἐρωτᾷν
3296 484 3396 556 τὴν
3415 483 3592 539 αἰτίαν
3625 488 3691 541 δι’
3719 494 3779 562 ἣν

549 563 842 625 garent,et
868 556 942 611 ita
963 559 1148 614 omnia
1174 558 1456 617 didicisse.

614 694 829 761 XXVII,
851 695 1045 763 δειλός
1060 694 1342 760 XXXVIII,
1362 697 1789 756 I-UMMiIitum
1804 712 1985 759 autem
2003 721 2128 759 con-

553 811 573 843 c
602 793 943 856 sillum'erat,
964 798 1026 846 ut
1055 791 1269 847 vinctos
1324 792 1660 860 occiderent,
1708 810 1781 849 ne
1802 796 1949 865 quis,
1998 812 2122 850 cum

552 902 572 934 ε
607 882 1209 954 enatasset,eﬂ’ugeret.
1240 885 1315 940 At
1352 883 1608 940 centurio
1664 885 1856 942 volens
1902 900 2123 940 servare

551 992 571 1027 ι
607 974 1210 1046 Paulum,compescuit
1231 991 1326 1033 eos
1347 993 1377 1031 a
1394 977 1651 1033 consilio:
1667 977 1936 1050 iussitque
1956 986 2015 1032 ut
2029 979 2121 1049 qui

532 1086 569 1118 ι
606 1068 1377 1140 possentnatare,abjicerent
1404 1084 1464 1125 se
1486 1069 1715 1140 primos,
1734 1078 1789 1125 et
1823 1071 1876 1125 in
1916 1079 2121 1125 terram

552 1176 572 1211 ι
610 1159 933 1225 evaderent,
963 1160 1258 1231 creterique
1288 1161 1489 1231 partim
1516 1160 1571 1215 in
1598 1160 1820 1225 tabulis,
1845 1161 2041 1231 partim
2066 1161 2120 1216 in

552 1268 569 1302 ι
614 1251 949 1321 quibusdam
985 1252 1144 1307 navis
1168 1251 1506 1323 fragmentis.
1536 1251 1606 1307 Et
1650 1252 1730 1307 sic
1763 1250 1965 1307 factum
2015 1262 2118 1318 est,

551 1360 570 1393 ι
613 1351 673 1396 ιιι
690 1357 882 1398 omnes
909 1342 1213 1399 incolumes
1227 1343 1528 1399 evaderent
1553 1342 1609 1398 in
1633 1352 1855 1399 terram.
1873 1341 2121 1414 Cumque

548 1453 566 1484 ο
604 1436 930 1500 evasissent,
962 1445 1094 1492 tunc
1121 1443 1497 1507 cognoverunt
1530 1434 1676 1507 quod
1703 1435 1887 1493 Melite
1941 1436 2117 1493 insula

547 1545 567 1579 ι
606 1537 914 1581 vocaretur.
939 1527 1162 1582 Barbari
1192 1543 1322 1583 vero
1353 1527 1683 1599 praestabant
1699 1543 1810 1584 non
1835 1530 2116 1601 vulgarem

549 1638 566 1669 ι
604 1618 1001 1674 humanitatem
1031 1620 1212 1676 nobis.
1255 1619 1497 1677 Accensa
1550 1635 1787 1693 namque
1814 1637 1946 1695 pyra
1977 1624 2119 1679 reci-

550 1731 567 1762 ι
605 1710 827 1774 olebant
849 1727 955 1766 nos
980 1726 1193 1777 omnes,
1225 1720 1454 1784 propter
1479 1713 1714 1770 imbrem
1764 1713 1859 1788 qui
1888 1714 2120 1786 impres-

545 1822 567 1855 ι
601 1812 745 1857 serat
771 1820 891 1868 nos,
916 1815 971 1859 et
998 1813 1223 1874 pr0pter
1251 1805 1442 1877 frigus.
1464 1803 1710 1878 Cumque
1736 1817 2119 1880 congregasset
2151 1845 2192 1901 Β

549 1914 568 1945 ε
605 1895 809 1950 Paulus
862 1908 1271 1952 sarmentorum
1330 1897 1763 1967 multitudinem,
1823 1907 1881 1955 et
1937 1900 2114 1972 impo-

549 2009 566 2036 ε
601 1988 803 2043 suisset
853 1991 907 2043 in
938 1988 1139 2060 ignem,
1197 1991 1385 2061 vipera
1418 2006 1446 2044 a
1480 1991 1662 2047 calore
1695 2007 1999 2064 prorepens
2028 1992 2115 2047 in-

548 2098 568 2128 ‹
601 2080 739 2135 vasit
773 2093 996 2133 manum
1039 2080 1181 2150 ejus.
1210 2080 1281 2137 Ut
1344 2091 1528 2137 autem
1556 2081 1839 2138 ‘viderunt
1887 2083 2116 2139 Barbari

548 2188 567 2220 ι
605 2168 931 2239 pendentem
1001 2171 1232 2226 bestiam
1291 2171 1361 2226 de
1406 2188 1573 2228 manu
1624 2175 1766 2247 ejus,
1807 2173 1953 2230 inter
1996 2190 2118 2231 sese

547 2282 565 2313 ι
605 2261 864 2317 dicebant
897 2282 910 2317 :
939 2262 1169 2319 Omnino
1194 2265 1470 2322 homicida
1501 2275 1585 2322 est
1615 2266 1779 2322 homo
1809 2268 1920 2329 hic.
1952 2284 2115 2339 quem

548 2372 565 2402 ι
604 2362 880 2407 servatum
908 2369 937 2408 e
963 2354 1101 2409 mari
1157 2355 1296 2411 ultio
1329 2372 1438 2411 non
1470 2357 1603 2412 sinit
1623 2357 1829 2412 vivere.
1863 2358 2022 2430 183
2052 2360 2119 2414 Et

548 2442 689 2499 «ille
752 2444 975 2514 quidem
1030 2461 1261 2501 excussa
1332 2447 1386 2500 in
1463 2448 1642 2519 ignem
1717 2448 1927 2519 vipera,
1979 2450 2115 2504 nihil

546 2549 566 2583 ι
605 2534 732 2588 mali
785 2549 978 2605 passus
1017 2544 1123 2591 est.
1174 2537 1247 2592 At
1298 2537 1377 2592 illi
1416 2537 1806 2594 existimabant
1845 2539 2113 2605 futurum,

550 2642 570 2677 ι
608 2634 669 2679 ut
695 2625 1086 2682 incenderetur
1110 2635 1205 2682 aut
1241 2627 1559 2687 concideret
1582 2638 1808 2701 repente
1842 2643 2113 2688 mortuus.

547 2732 568 2769 ι
605 2717 707 2773 Diu
755 2727 941 2774 autem
997 2719 1107 2775 illis
1154 2714 1607 2793 exspectantibus
1654 2739 1719 2779 ac
1769 2718 2117 2782 intuentibus

550 2826 569 2859 ι
606 2808 745 2862 nihil
780 2808 908 2863 mali
942 2808 1018 2864 illi
1043 2808 1319 2875 accidere,
1374 2820 1582 2868 mutata
1626 2822 1809 2869 mente
1861 2814 2117 2870 dicebant

546 2918 565 2951 ε
602 2900 782 2970 ipsum
802 2915 923 2956 esse
946 2898 1143 2956 Deum.
1172 2902 1232 2957 ln
1278 2903 1416 2960 locis
1469 2913 1648 2960 autem
1674 2906 1783 2961 illis
1805 2915 1963 2962 erant
1984 2923 2117 2977 prae-

544 3010 565 3045 ι
600 2990 691 3047 dia
735 2993 956 3062 primati
983 2993 1179 3049 insulae
1204 2994 1429 3051 nomine
1450 2994 1666 3062 Publio,
1715 2998 1811 3068 qui
1840 3012 2115 3053 nosexcc-

542 3090 563 3134 ἃ
601 3093 726 3154 ptos
768 3084 952 3140 triduo
976 3086 1212 3158 benigne
1268 3089 1523 3143 tractavit
1556 3089 1817 3160 hospitio.
1875 3087 2117 3161 Contigit

2232 570 2478 639 πλέουσι,
2510 570 2607 627 καὶ
2642 570 2835 642 μαθεῖν
2860 574 3059 628 πάντα.

2306 719 2324 753 ι
2361 701 2483 755 τῶν
2508 702 2565 756 δὲ
2594 704 2946 775 στρατιωτῶν
2971 703 3134 777 βουλὴ
3165 706 3403 775 ἐγίνετο,
3429 706 3517 761 ἵνα
3551 708 3677 773 τοὺς
3695 710 3776 764 δε-

2234 811 2252 843 ι
2294 793 2516 863 σμὼτας
2531 795 2915 862 ἀποκτείνωσι,
2946 800 3019 869 μή
3041 815 3125 862 τις
3148 800 3572 872 ἰκκολυμϐἠσας
3595 801 3780 872 διαφύ-

2232 906 2252 938 ι
2290 903 2399 954 γοι.
2440 886 2502 939 ’0
2527 885 2585 939 δὲ
2616 886 3017 959 ἑκατόνταρχος
3050 889 3379 960 βουλόμενος
3414 890 3673 946 διασῶσαι
3699 896 3781 948 τόν

2233 992 2252 1030 ι
2294 977 2525 1041 Παῦλον,
2572 978 2844 1032 έκὼλυσεν
2872 981 3074 1045 αὐτοὺς
3097 981 3195 1036 τοῦ
3228 981 3592 1054 βουλήματος.
3636 987 3779 1040 Ἐκέ-

2231 1090 2249 1123 ι
2286 1069 2445 1125 λευσέ
2469 1087 2529 1125 τε
2561 1073 2689 1135 τοὺς
2703 1071 3042 1141 δυναμένους
3070 1073 3351 1146 κολυμϐᾷν
3380 1076 3782 1149 ἀπορρίψαντας

2231 1180 2247 1213 ι
2288 1161 2543 1233 πρώτους
2577 1162 2671 1217 επὶ
2705 1163 2806 1236 τὴν
2847 1163 2951 1235 γῆν
2983 1163 3207 1230 ἰξιέναι,
3244 1168 3340 1220 καὶ
3368 1167 3496 1233 τοὺς
3547 1169 3778 1238 λοιπούς,

2229 1266 2250 1300 ι
2287 1248 2382 1314 οὓς
2411 1250 2512 1322 μὲν
2560 1251 2654 1305 ἀπὶ
2701 1253 2935 1319 σανίσιν,
2966 1252 3061 1319 οὓς
3089 1254 3147 1308 δὲ
3178 1255 3273 1310 ἔπι
3332 1273 3499 1311 τινων
3545 1260 3656 1313 τῶν
3684 1264 3782 1317 ἀπὸ

2231 1359 2248 1391 ι
2285 1339 2381 1395 τοῦ
2416 1341 2626 1399 πλοίου.
2654 1344 2767 1398 Kal.
2786 1342 2960 1409 οὕτως
2989 1344 3207 1413 έγίνετο
3232 1347 3445 1412 πάντας
3462 1347 3779 1421 διασωθῆναι

2231 1450 2251 1484 r
2289 1432 2385 1485 ἐπὶ
2414 1431 2515 1505 τὴν
2565 1436 2691 1506 γῆν.
2720 1434 2832 1489 Kal.
2883 1436 3265 1504 διασωθέντες,
3296 1439 3421 1492 τότε
3456 1441 3779 1509 ἐπέγνωσαν,

2228 1540 2247 1574 t
2284 1524 2367 1577 δτι
2389 1524 2597 1595 Μελίτη
2620 1526 2654 1597 ἡ
2682 1526 2845 1597 νῆσος
2867 1527 3135 1583 καλεῖται.
3170 1529 3235 1583 0i
3262 1529 3321 1583 δὲ
3346 1530 3625 1602 Βάρϐαροι
3648 1552 3781 1604 παρ-

2227 1632 2247 1666 ι
2285 1616 2431 1685 εῖχον
2478 1616 2540 1669 ού
2565 1614 2664 1687 τὴν
2708 1617 2981 1688 τυχοῦσαν
3039 1620 3452 1692 φιλανθρωπίαν
3483 1625 3637 1695 ἡμῖν.
3670 1628 3782 1680 Ἀν-

2228 1723 2247 1757 ι
2291 1705 2530 1776 ἅψαντες
2566 1707 2676 1778 γὰρ
2706 1709 2907 1781 πυρὰν,
2940 1711 3343 1791 προσελάϐοντο
3371 1715 3579 1780 πάντας
3622 1718 3778 1788 ἡμᾶς,

2226 1814 2246 1849 ι
2280 1796 2371 1851 διὰ
2425 1798 2518 1852 τὸν
2549 1799 2704 1853 ύετδν
2737 1801 3041 1869 ἑφεστῶτα,
3084 1803 3177 1857 καὶ
3225 1804 3314 1857 διὰ
3371 1805 3434 1859 τὸ
3470 1806 3663 1879 ψύχος.
3689 1811 3782 1864 Συ-

2226 1907 2248 1941 ι
2289 1889 2623 1961 στρέψαντος
2648 1891 2707 1946 δὲ
2734 1893 2830 1947 τοῦ
2863 1892 3078 1949 Παύλου
3112 1896 3412 1966 φρυγάνων
3442 1898 3667 1969 πλῆθος,
3697 1904 3779 1954 καὶ

2227 1998 2247 2032 ι
2280 1980 2561 2047 ἐπιθέντος
2600 1983 2693 2037 ἰπὶ
2721 1983 2823 2055 τὴν
2862 1985 3066 2057 πυρὰν,
3113 1986 3300 2058 ἔχιδνα
3335 1990 3400 2043 ἐκ
3432 1989 3532 2060 τῆς
3582 1990 3779 2062 θέρμης

2174 2092 2181 2097 ·
2226 2092 2245 2126 ι
2281 2072 2592 2140 δξελθοῦσα,
2626 2075 2841 2148 καθῆψε
2881 2078 2984 2147 τῆς
3011 2079 3191 2151 χειρὸς
3227 2080 3414 2134 αὐτοῦ.
3457 2081 3547 2145 Ὠς
3574 2081 3630 2135 δὲ
3655 2079 3779 2136 εἶδον

2226 2184 2246 2219 ι
2283 2168 2332 2221 oi
2365 2166 2640 2239 Βάρϐαροι
2669 2168 3020 2240 κρεμάμενον
3049 2171 3111 2223 τὸ
3138 2170 3329 2242 θηρίον
3361 2174 3426 2225 ὲκ
3469 2173 3578 2242 τῆς
3612 2174 3779 2243 χειρὸς

2226 2274 2246 2307 r
2284 2255 2474 2321 αὐτοῦ,
2534 2257 2724 2326 ελεγον
2762 2261 2900 2331 πρὸς
2954 2262 3250 2333 ἀλλήλους⁸
3314 2264 3546 2329 Πάντως
3602 2267 3779 2335 φονεύς

2224 2367 2244 2401 ι
2284 2351 2432 2402 ἐστιν
2452 2352 2481 2403 ὁ
2502 2350 2789 2421 άνθρωπος
2816 2348 2992 2418 οὗτος,
3013 2355 3074 2408 ὃν
3104 2355 3442 2410 διασωθέντα
3468 2357 3536 2410 ὲκ
3563 2357 3661 2425 τῆς
3688 2358 3774 2409 Oa-

2226 2457 2244 2490 ι
2285 2439 2495 2511 λὰσσης
2547 2442 2580 2512 ἡ
2613 2441 2736 2511 δίκη
2758 2442 2858 2515 ζῇν
2888 2446 2990 2497 ούκ
3021 2445 3224 2501 εῖασεν.
3270 2446 3333 2500 ’0
3386 2446 3490 2518 μὲν
3541 2442 3633 2501 οὗν
3657 2449 3778 2500 ἀπο-

2224 2549 2244 2582 (
2280 2531 2502 2597 τινάξας
2523 2534 2585 2587 τὸ
2613 2533 2801 2606 θηρίον
2828 2538 2907 2598 είς
2930 2536 2991 2589 τὸ
3025 2536 3160 2607 πῦρ,
3184 2537 3391 2592 ιπαθεν
3415 2538 3573 2592 οὐδὲν
3598 2540 3771 2592 κακόν.

2224 2641 2245 2675 ε
2279 2625 2342 2678 οι
2373 2624 2433 2679 δι
2463 2626 2810 2698 προσεδόκων
2866 2629 3032 2683 αὐτὸν
3084 2630 3301 2699 μέλλειν
3361 2631 3691 2701 πίπρασθαι,
3745 2630 3774 2702 ἦ

2225 2734 2245 2769 ι
2283 2721 2654 2773 καταπίπτειν
2704 2720 2857 2790 ἄφνω
2911 2721 3123 2793 νεκρόν.
3162 2722 3288 2775 Ἐπὶ
3340 2721 3478 2775 πολὺ
3514 2721 3571 2774 δὲ
3610 2705 3774 2773 αύτῶν

2233 2829 2253 2860 ε
2292 2809 2741 2881 προσδοκώντων,
2766 2812 2861 2866 καὶ
2893 2812 3246 2883 θεωρούντων
3278 2813 3445 2884 μηδὲν
3484 2814 3682 2867 ἄτοπον
3705 2816 3774 2875 εἰς

2228 2918 2248 2951 ι
2290 2900 2457 2955 αύτδν
2482 2903 2783 2974 γινόμενον,
2819 2904 3277 2974 μεταϐαλλόμενοι
3322 2905 3513 2973 ελεγον
3539 2905 3666 2958 Θεὸν
3692 2907 3775 2957 ai-

2226 3009 2245 3042 ι
2285 2992 2378 3047 τὸν
2425 2989 2587 3047 εἶναι.
2627 2995 2717 3048 Ἑν
2762 2995 2821 3049 δὲ
2865 2999 2978 3059 τοῖς
3035 2997 3161 3068 περὶ
3214 2997 3305 3050 τὸν
3341 2997 3511 3051 τόπον
3563 2998 3772 3061 ἐκεῖνον,

2237 3103 2256 3135 ι
2300 3086 2516 3157 ὑπῆρχε
2550 3087 2724 3157 χωρία
2754 3088 2834 3160 τῷ
2857 3087 3060 3161 πρώτῳ
3093 3090 3191 3160 τῆς
3226 3090 3412 3159 νήσου,
3433 3091 3656 3160 ὀνόματι
3677 3088 3771 3141 Πο-

542 3194 563 3224 ε
604 3186 787 3231 autem
844 3186 1055 3247 patrem
1132 3180 1309 3235 Publii
1370 3179 1616 3238 febribus
1672 3197 1735 3237 ac
1792 3182 2118 3255 dysenteriis

2230 3195 2249 3228 ι
2293 3176 2456 3248 πλίῳ,
2485 3178 2548 3242 ὃς
2577 3178 2976 3248 ἀναδεξάμενος
3005 3183 3154 3252 ἡμᾶς
3182 3180 3331 3252 τρεῖς
3366 3182 3602 3253 ἡμέρας,
3643 3181 3773 3249 φιλο-

546 3287 564 3317 ι
606 3277 858 3323 vexatum
907 3267 1265 3325 decumbere.
1312 3271 1392 3325 Ad
1436 3287 1601 3342 quem
1638 3272 1843 3329 Paulus
1865 3273 2109 3338 intravit,

546 3378 565 3411 ι
601 3373 840 3429 cumque
861 3369 1092 3423 orasset.
1126 3369 1184 3417 et
1207 3376 1403 3417 manus
1418 3363 1469 3417 ei
1497 3362 1869 3433 imposuisset,
1900 3362 2114 3417 sanavit

544 3470 565 3504 ι
592 3466 740 3507 eum.
764 3452 881 3509 lloc
907 3452 1076 3526 igitur
1103 3456 1246 3510 t'acto
1272 3454 1453 3510 caeteri
1476 3469 1698 3524 quoque
1727 3454 1819 3524 qui
1838 3454 2114 3510 habebant

543 3562 561 3596 ι
595 3543 943 3600 inﬁrmitates
986 3545 1040 3601 in
1076 3545 1278 3611 insula,
1308 3544 1647 3599 accedebant
1668 3554 1722 3600 et
1754 3545 2111 3609 sanabantur,

542 3656 562 3688 ε
606 3636 701 3706 qui
754 3637 919 3691 etiam
960 3636 1147 3691 multis
1204 3636 1512 3692 honoribus
1560 3652 1661 3692 nos
1707 3638 2115 3693 honoraverunt

544 3747 563 3780 ι
600 3736 657 3782 et
726 3728 1070 3783 solventibus
1149 3729 1529 3798 imposuerunt
1602 3744 1725 3800 quae
1805 3730 2114 3786 necessaria

540 3838 563 3873 ι
592 3827 805 3874 θωπί.»

608 4066 631 4102 ε
662 4047 894 4104 Militum
944 4054 1129 4102 autem
1179 4042 1471 4099 consilium
1494 4050 1632 4108 erat,
1682 4060 1701 4094 ι
1732 4050 1842 4098 etc.
1872 4042 2113 4098 Rursum

2224 3287 2243 3321 σ
2278 3268 2492 3341 φρόνως
2520 3269 2783 3335 ἐξένισεν.
2814 3270 3063 3341 Ἐγένετο
3084 3274 3142 3326 δὲ
3175 3274 3267 3326 τὸν
3300 3274 3521 3344 πατέρα
3563 3272 3653 3325 τοῦ
3681 3271 3773 3324 Πο-

2221 3375 2240 3411 ι
2279 3359 2439 3412 πλίου
2466 3360 2722 3430 πυρετοῖς
2755 3360 2849 3413 καὶ
2878 3360 3197 3431 δυσεντερίᾳ
3225 3360 3592 3431 συνεχόμενον
3620 3375 3774 3411 κατα·-

2222 3467 2241 3501 ι
2285 3450 2521 3505 κεῖσθαι.
2558 3451 2700 3523 Πρὸς
2727 3452 2786 3505 ὃν
2818 3454 2846 3504 ὁ
2869 3451 3381 3516 Παῦλοςνείσελθὼν
3419 3453 3521 3506 καὶ
3547 3468 3764 3521 προσευ-

2223 3560 2241 3591 ε
2278 3541 2529 3613 ξάμενος,
2567 3541 2776 3607 ἐπιθεὶς
2806 3544 2908 3607 τὰς
2940 3546 3129 3616 χεῖρας
3177 3544 3348 3614 αύτῷ,
3382 3544 3575 3598 ἰάσατο
3603 3544 3769 3595 αὐτόν.

2221 3650 2240 3684 ι
2282 3634 2485 3687 Τούτου
2517 3629 2611 3688 οῦν
2639 3634 2936 3703 γενομένου
2996 3635 3093 3689 καὶ
3141 3634 3192 3689 oi
3244 3636 3424 3689 λοιποὶ
3475 3638 3525 3688 οἱ
3576 3635 3770 3705 ἔχοντες

2222 3746 2239 3779 ι
2279 3726 2567 3790 ἀσθενείας
2595 3729 2656 3781 ιν
2713 3730 2780 3799 τῇ
2812 3728 2987 3798 νήσῳ,
3041 3730 3418 3800 προσήρχοντο
3451 3729 3550 3781 καὶ
3598 3728 3767 3794 ὲθεραη

2219 3836 2238 3870 ι
2286 3821 2543 3884 πεύοντο,
2600 3818 2649 3873 οῖ
2679 3820 2774 3873 καὶ
2817 3818 3041 3885 πολλαῖς
3070 3825 3261 3892 τιμαῖς
3313 3822 3586 3891 ἐτίμησαν
3614 3820 3766 3890 ἡμᾶς·

2222 3927 2241 3962 ι
2282 3911 2390 3966 Kal.
2415 3912 2773 3982 ἀναγομένοις
2816 3910 3074 3965 ἐπέθεντο
3106 3912 3175 3966 τά
3205 3912 3343 3984 πρὸς
3380 3912 3482 3982 τὴν
3520 3911 3717 3982 χρείαν.
3749 3925 3765 3957 ι

2292 4066 2310 4098 ι
2344 4047 2464 4102 Τῶν
2493 4047 2550 4102 δὲ
2583 4048 2932 4133 στρατιωτῶν
2973 4048 3140 4122 βουλή
3173 4049 3410 4117 ἐγένετο.
3456 4067 3476 4101 ι
3526 4048 3685 4102 Πάλιν
3711 4044 3768 4099 ὲκ

531 4156 602 4198 ει
633 4140 741 4196 hoc
766 4136 1079 4195 ostenditur
1108 4134 1255 4207 quod
1282 4135 1454 4190 Paulo
1475 4134 1663 4190 donati
1693 4134 1824 4201 sint,
1848 4134 2112 4204 quoniam

2224 4139 2404 4194 τούτου
2434 4139 2733 4204 δείκνυται,
2765 4141 2850 4194 ὅτι
2878 4140 2956 4211 τῷ
3012 4140 3212 4213 Παύλῳ
3264 4138 3655 4212 ἑχαρίσθησαν,
3696 4136 3765 4190 δτι

526 4231 633 4287 etsi
650 4228 917 4303 quosdam
932 4227 1139 4284 vellent
1164 4226 1502 4290 interimere,
1521 4240 1592 4280 ne
1616 4224 1770 4280 Pauli
1787 4223 2111 4280 vaticinium

2224 4227 2391 4282 καίτοι
2425 4226 2764 4299 βουλομένων
2809 4230 2959 4293 τινὰς
3013 4229 3281 4298 ἀναιρεῖν,
3321 4231 3416 4285 ἶνα
3451 4231 3530 4301 μὴ
3556 4227 3767 4299 διαπέσῃ

531 4322 840 4387 excideret,
890 4336 1001 4376 non
1034 4318 1289 4390 permisit
1329 4332 1429 4373 eos
1453 4316 1633 4373 occidi
1665 4318 1939 4383 centurio,
2000 4332 2112 4387 quo

2224 4319 2247 4389 ἢ
2284 4318 2585 4392 προφητεία
2608 4319 2846 4385 Παύλου,
2869 4322 2970 4375 οὐκ
2994 4322 3178 4375 εῖασεν
3200 4322 3400 4386 αὐτοὺς
3428 4320 3766 4394 ἀναιρεθῆναι

529 4413 759 4470 Paulum
797 4419 1066 4466 servaret.
1126 4429 1149 4460 ε
1187 4409 1440 4479 Viperaa
1488 4410 1671 4464 calore
1716 4424 2034 4480 prorepens.
2086 4430 2106 4461 ι

2224 4410 2241 4462 5
2268 4411 2687 4481 ἑκατόνταρχος,
2722 4410 2808 4464 ἵνα
2840 4409 2931 4465 τὸν
2961 4411 3173 4467 Παῦλον
3197 4414 3370 4487 σώσῃ.
3410 4430 3431 4464 ι
3471 4412 3687 4482 Ἔχιδνα
3711 4408 3767 4460 ἐκ

530 4507 731 4578 Vipera
789 4507 1008 4576 injectis
1069 4504 1257 4558 manui
1340 4502 1574 4572 apostoli
1636 4502 1915 4568 dentibus,
1981 4519 2107 4559 cum

2224 4502 2311 4571 τῆς
2337 4500 2548 4572 θέρμης
2578 4501 2891 4568 ἐξελθοῦσα.
2925 4522 2944 4555 ι
2992 4504 3058 4557 Ἦ
3085 4503 3199 4576 ἔχις
3226 4506 3293 4577 τῇ
3331 4503 3426 4559 τοῦ
3487 4501 3766 4592 ἀποστόλου

529 4598 745 4671 peccati
777 4597 1068 4654 mollitiem
1095 4611 1207 4651 non
1240 4594 1561 4665 reperisset,
1593 4595 1849 4664 protinus
1876 4596 2111 4651 resilivit

2224 4596 2357 4667 χειρὶ
2412 4594 2538 4659 τοῦς
2600 4595 2823 4659 ὀδόντας
2854 4595 3187 4666 ἐμϐαλοῦσα,
3216 4598 3313 4651 καὶ
3362 4596 3424 4650 τὸ
3460 4597 3652 4669 χαῦνον
3681 4590 3766 4661 τῆς

528 4707 594 4747 ac
620 4690 676 4746 in
703 4690 884 4764 ignem
916 4688 1082 4752 saliit,
1145 4696 1403 4755 tanquam
1453 4685 1557 4740 sibi
1592 4681 1695 4755 ﬁsi
1756 4700 1972 4756 pcenam
2024 4686 2111 4739 in-

2224 4686 2494 4757 ἁμαρτίας
2530 4686 2630 4756 ούχ
2670 4686 2928 4758 εὑροῦσα,
2957 4687 3274 4760 ἀπεπήδησε
3309 4687 3647 4759 παραυτίκα,
3684 4681 3767 4736 καὶ

529 4783 743 4853 ﬂigens,
793 4781 941 4852 quod
964 4794 1179 4849 corpus
1210 4776 1317 4832 sibi
1371 4775 1522 4830 nullo
1573 4776 1740 4832 modo
1775 4777 2110 4833 eomeniens

2224 4778 2354 4832 μιατά
2377 4778 2474 4848 τῆς
2496 4781 2678 4850 πυρᾶς
2699 4780 2887 4851 ἥλατο,
2913 4780 3103 4854 ὥσπερ
3131 4781 3284 4844 δίκας
3306 4781 3506 4852 ἑαυτὴν
3524 4782 3766 4847 εἰσπρατ-

531 4874 775 4945 petiisset
816 4889 881 4929 ac
903 4879 1294 4942 oppugnasset.
1327 4869 1438 4925 Nos
1472 4877 1661 4924 autem
1717 4867 1860 4924 feras
1911 4870 2110 4925 metui-

2224 4874 2436 4945 εομένη,
2464 4877 2547 4929 ότι
2607 4874 2687 4944 τῷ
2729 4873 3045 4946 μηδαμόθεν
3101 4875 3434 4946 προσήκοντι
3483 4867 3763 4944 προσέϐαλε

530 4977 672 5027 mus,
702 4963 962 5032 quoniam
999 4963 1267 5016 virtutum
1316 4960 1626 5030 panopliam
1669 4974 1779 5014 non
1818 4959 2106 5015 habemus.

2224 4965 2446 5035 πώματι.
2497 4966 2688 5036 Ἡμεῖς
2747 4966 2804 5027 δὲ
2850 4967 2921 5020 τὰ
2975 4966 3139 5038 θηρία
3186 4966 3533 5037 δεδοίκαμεν.
3594 4959 3763 5029 ἐπειδὴ

532 5058 645 5113 Hoc
662 5056 847 5125 itaque
893 5054 1081 5109 intuiti
1112 5053 1360 5117 Barbari,
1386 5067 1512 5108 eum
1533 5068 1754 5122 quoque
1774 5052 1869 5124 qui
1896 5060 2106 5107 certam

2224 5056 2306 5125 τῆς
2341 5056 2543 5128 ἀρετῆς
2578 5057 2676 5127 τὴν
2703 5058 3007 5111 πανοπλίαν
3036 5059 3137 5111 ούκ
3168 5058 3387 5128 ἔχομεν.
3440 5059 3654 5119 ’ἰδόντες
3680 5049 3762 5106 οἷν

531 5154 764 5202 mortem
797 5153 1080 5208 evaserat,
1107 5145 1279 5199 Deum
1303 5159 1426 5200 esse
1450 5143 1746 5209 ducebant,
1801 5151 1862 5198 ut
1905 5143 2109 5214 quibus

2224 5146 2366 5200 τοῦτο
2396 5148 2444 5200 oi
2476 5146 2770 5218 Βάρεαροι,
2826 5149 2919 5201 καὶ
2955 5149 3263 5218 ἐκφυγόντα
3294 5148 3385 5202 τὸν
3417 5145 3761 5218 ἀναμςίῦολον

528 5238 702 5294 moris
742 5246 864 5293 erat
917 5251 1161 5299 omnem,
1205 5238 1299 5307 qui
1342 5237 1641 5308 gloriosum
1698 5236 1922 5307 aliquod
1967 5251 2107 5307 opus

2224 5238 2453 5301 la'va'rov,
2481 5238 2612 5292 Θεὸν
2639 5242 2801 5294 αὑτὸν
2827 5242 3084 5311 ἐνόμισαν
3111 5238 3274 5307 εἶναι,
3306 5243 3382 5307 ὡς
3398 5243 3610 5314 ἔχοντες
3633 5239 3759 5301 ἔθος.

528 5340 834 5403 ιιπεειαιει,
860 5331 1032 5385 Deum
1063 5329 1379 5385 existimare
1407 5344 1420 5380 :
1450 5328 1913 5399 quemadmodum
1936 5328 2106 5383 etiam

2224 5326 2387 5378 πάντα
2419 5326 2674 5380 ποιοῦντά
2697 5346 2750 5382 τι
2775 5331 3098 5400 παράδοξον,
3127 5332 3263 5385 θεὸν
3296 5334 3537 5403 νομίζειν
3558 5350 3569 5363 ·
3592 5331 3760 5396 ὥσπερ

529 5434 745 5479 veteres
779 5422 913 5478 deos
932 5420 1311 5485 nominabant,
1341 5430 1434 5476 ant
1460 5435 1556 5477 eos
1605 5420 1700 5491 qui
1731 5420 1941 5490 aliquid
1969 5435 2102 5490 ope-

2224 5418 2302 5469 cal
2338 5418 2459 5481 τοὺς
2499 5418 2759 5483 παλαιοὺς
2801 5421 2957 5484 θεοὺς
2990 5421 3294 5493 ὠνόμαζον,
3322 5425 3356 5495 ἢ
3388 5424 3454 5478 δι’
3505 5423 3651 5494 ἰσχὺν
3678 5433 3760 5472 πί-

2210 5506 2395 5577 ρισσόν
2431 5507 2623 5560 τιτῶν
2667 5511 2788 5563 καθ’
2840 5511 3068 5573 ἑαυτοὺς
3126 5513 3435 5577 ποιοῦντας,
3489 5508 3597 5575 οἷος
3644 5503 3755 5581 ἧνό

2219 5597 2495 5669 Ἡρακλῆς
2518 5615 2530 5627 ⁸
2564 5598 2596 5669 ἢ
2626 5600 2714 5652 διὰ
2750 5588 2984 5668 μαγείας
3020 5603 3400 5669 ἐξιστάνοντας
3432 5608 3555 5666 τοὺς
3604 5597 3757 5669 ὁρῶν·

2207 5708 2325 5757 τας,
2366 5686 2476 5756 οἷος
2509 5686 2575 5763 ἦν
2603 5695 2628 5747 ὀ
2669 5694 2725 5744 ἐν
2748 5694 3027 5762 Σαμαρᾳέᾳ
3048 5695 3249 5765 Σίμων.

532 5524 810 5580 rarenter,
860 5514 1007 5585 quod
1062 5513 1481 5584 viresripsorum
1528 5528 1867 5583 suorumque
1894 5528 2107 5566 coaevo-

525 5624 649 5664 rum
682 5606 994 5673 excederet,
1044 5606 1224 5678 qualis
1244 5615 1363 5662 erat
1404 5605 1669 5662 Hercules
1705 5623 1720 5661 :
1749 5605 2106 5674 autquiprae—

527 5699 813 5769 stigiatnra
884 5697 1162 5754 intuentes
1218 5698 1274 5752 in
1338 5697 1757 5753 admirationem
1823 5705 2102 5767 raperent,

528 5792 708 5859 qualis
735 5792 837 5844 t'uit
860 5791 1046 5846 Simon
1074 5792 1129 5846 in
1154 5791 1420 5846 Samaria.
