4024 6578
333 441 440 506 301
967 397 980 403 ”
1300 433 1682 495 COMMENT.
1714 433 1792 493 IN
1827 434 2014 494 ACTA
2069 434 2640 497 APOSTOLORUM.
3483 431 3588 498 302

925 545 1177 600 κΕοΑΑ.
1220 545 1342 598 Αθν.
1948 555 1993 609 Α
2479 547 2639 620 194
2666 545 2889 603 CAPUT
2946 545 3190 602 xxxrx.
3454 589 3462 598 .

338 644 544 705 Ὅπως
590 639 708 693 ἀπὸ
737 634 1394 760 ΜελίτηςηεῖςλῬὼμην
1448 635 1828 704 κατήντησεν
1876 638 1908 689 ὁ

1041 721 1120 759 av
1163 723 1252 770 ος.

1902 638 1908 682 ε
2164 635 2436 701 Quomodo
2454 655 2484 691 a
2512 638 2691 692 Melite
2717 635 2938 692 Romam
2969 639 3199 709 pervenit
3228 635 3450 696 Paulus.
3479 685 3491 694 .

420 822 438 855 ι
475 802 633 857 Μετὰ
663 799 722 854 δὲ
751 801 903 870 τρεῖς
927 799 1126 869 μῆνας,
1150 796 1468 867 ἀνήχθημεν
1493 800 1551 851 ὲν
1581 798 1773 870 πλοίῳ,
1804 816 1912 853 πα-

2093 797 2324 864 XXVIII,
2361 799 2550 854 "-16.
2604 819 2624 850 ι
2663 801 2791 856 Post
2819 815 3039 856 menses
3077 809 3259 856 autem
3281 809 3392 856 tres
3441 801 3595 856 navi-

345 914 366 945 ι
407 893 837 966 ρακεχειμακότι
877 894 934 946 ὲν
969 893 1034 961 τῇ
1059 891 1231 961 νήσῳ,
1270 887 1685 962 Ἀλεξανδρίνῳ,
1730 908 1914 962 παρα-

2029 909 2047 941 (
2078 891 2324 961 gavimus
2352 890 2409 945 in
2450 891 2576 945 navi
2599 892 2988 958 Alexandrina,
3035 909 3155 963 qua:
3181 897 3236 948 in
3279 881 3458 949 insula
3507 893 3594 948 hi-

347 1003 366 1035 ι
409 985 566 1055 σήμῳ
596 979 962 1050 Διοσκούροις.
1027 978 1139 1032 Καὶ
1207 979 1574 1049 καταχθέντες
1613 982 1696 1044 είς
1744 981 1917 1050 Συρα-

2028 1000 2046 1032 ι
2089 981 2438 1046 bernaverat,
2482 982 2571 1036 cui
2602 991 2722 1037 erat
2749 983 2962 1054 insigne
2982 982 3297 1040 Castorum.
3349 984 3597 1055 Cumque

345 1094 366 1127 ι
411 1075 634 1140 κούσας,
660 1071 1030 1142 ἐπεμείναμεν
1057 1070 1272 1140 ἡμέρας
1302 1072 1472 1140 τρεῖς.
1508 1070 1671 1123 Ὅθεν
1702 1069 1917 1142 περιελ-

2029 1091 2047 1122 ι
2090 1072 2432 1128 venissemus
2457 1071 2773 1143 Syracusas,
2805 1075 3104 1130 mansimus
3135 1075 3210 1130 ibi
3241 1076 3442 1131 triduo.
3468 1075 3597 1132 Inde

347 1183 369 1218 ι
415 1165 604 1228 θόντες
639 1163 1060 1233 κατηντήσαμεν
1088 1162 1170 1224 εἰς
1202 1161 1444 1232 Ῥήγιον.
1472 1162 1584 1216 Καὶ
1617 1161 1755 1232 μετὰ
1791 1161 1918 1232 μίαν

2030 1180 2048 1214 ι
2087 1162 2544 1234 circumlegentes
2617 1163 2945 1220 devenimus
2998 1165 3291 1238 Rhegium,
3350 1175 3405 1221 et
3475 1175 3601 1237 post

346 1275 366 1308 ι
415 1255 633 1326 ἡμέραν
677 1250 1070 1321 ἐπιγενομένου
1126 1251 1325 1313 Νότου,
1354 1252 1657 1322 δευτεραῖοι
1685 1251 1920 1322 ιἤλθομεν

2032 1271 2051 1305 ι
2101 1269 2272 1310 unum
2311 1253 2459 1309 diem
2499 1253 2715 1309 amante
2753 1254 2976 1322 Austro,
3025 1255 3292 1326 postridie
3347 1255 3600 1312 venimus

353 1369 373 1400 ι
419 1351 501 1412 εἰς
553 1345 863 1408 Ποτιόλους.
915 1338 978 1396 οὒ
1021 1343 1276 1413 εὑρόντες
1305 1342 1590 1412 ἀδελφοὺς,
1643 1344 1920 1416 παρεκλή-

2034 1366 2052 1398 ‹
2090 1346 2368 1412 Puteolos,
2402 1347 2496 1403 ubi
2528 1347 2763 1418 repertis
2813 1347 3096 1414 fratribus,
3156 1349 3328 1420 rogati
3389 1363 3600 1414 sumus,

349 1459 371 1493 ι
416 1439 589 1510 θημεν
614 1436 702 1492 ἐπ’
726 1437 913 1498 αὐτοῖς
941 1437 1216 1505 ἐπιμεῖναι
1265 1434 1480 1505 ἡμέρας
1511 1435 1673 1499 ἑπτὰ,
1704 1435 1796 1488 καὶ
1827 1435 1921 1489 οῦ·-

2035 1455 2054 1490 ι
2101 1449 2532 1497 utmanerem-us
2564 1438 2710 1508 apud
2749 1449 2848 1494 eos
2899 1438 3095 1495 diebus
3144 1447 3374 1509 septem,
3421 1448 3478 1495 et
3525 1440 3602 1494 sic

349 1550 372 1584 ι
416 1549 524 1596 τως
556 1531 636 1594 είς
662 1529 761 1601 τὴν
794 1528 1017 1599 Ῥώμην
1040 1526 1294 1599 ἡλθομεν.
1332 1524 1607 1581 Κάκεῖθεν
1631 1526 1682 1580 οι
1703 1525 1924 1596 ἀδελφοὶ

2038 1549 2056 1580 ι
2091 1528 2346 1584 venimus
2375 1529 2626 1584 Romam.
2669 1527 2737 1584 Et
2782 1529 2909 1584 inde
2932 1543 3056 1584 cum
3087 1528 3372 1584 audissent
3407 1528 3603 1584 fratres

350 1642 373 1675 ι
417 1624 751 1687 ἀκούσαντες
777 1623 846 1675 τὰ
884 1621 1011 1690 περὶ
1032 1617 1213 1690 ἡμῶν,
1248 1618 1472 1689 ἐξῆλθον
1505 1618 1587 1682 εἰς
1615 1618 1926 1688 ἀπάντησιν

2041 1639 2060 1669 ‹
2096 1619 2165 1675 de
2195 1619 2377 1685 nobis,
2407 1620 2612 1691 egressi
2663 1629 2795 1676 sunt
2835 1621 2893 1675 in
2917 1635 3207 1676 occursum
3239 1620 3400 1675 nobis
3430 1637 3603 1691 usque

352 1735 374 1768 ι
415 1717 570 1785 ἡμῖν,
621 1715 781 1785 ἄχρις
807 1712 1043 1768 Ἀππίου
1079 1713 1246 1781 φόρου
1279 1711 1375 1766 καὶ
1397 1711 1578 1780 Τριῶν
1607 1710 1922 1780 Ταϐερνῶν.

2043 1727 2060 1761 ‹
2091 1708 2162 1766 ad
2209 1709 2373 1780 Appii
2428 1710 2611 1765 forum
2661 1724 2727 1766 ac
2759 1708 2897 1766 Tres
2949 1708 3247 1765 Tabernas.
3303 1709 3452 1776 Quos
3510 1709 3605 1764 ubi

354 1826 375 1859 ι
425 1807 530 1870 Οὓς
568 1807 691 1860 ἰδὼν
739 1807 770 1858 ὁ
803 1805 1039 1871 Παῦλος,
1065 1804 1466 1876 εὐχαριστήσας
1494 1803 1572 1873 τῷ
1606 1803 1746 1876 Θεῷ,
1767 1804 1926 1860 ἔλασε

2043 1823 2061 1856 ι
2091 1803 2322 1860 vidisset
2347 1804 2576 1869 Paulus,
2644 1802 2783 1858 actis
2832 1803 2944 1858 Deo
2968 1803 3160 1873 gratiis
3198 1802 3432 1872 sumpsit
3471 1801 3603 1857 fidu-

359 1917 377 1950 ι
421 1898 782 1968 θάρσος.⁹υτε
828 1897 887 1950 δὲ
917 1897 1153 1967 ῆλθομεν
1178 1897 1258 1959 εἰς
1294 1895 1538 1968 Ῥώμην,
1561 1897 1590 1949 ὁ
1611 1898 1935 1968 ἑκατόνταρ-

2045 1916 2063 1948 ι
2093 1897 2257 1952 ciam.
2299 1894 2438 1951 Cum
2491 1904 2675 1951 autem
2698 1895 3046 1950 venissemus
3077 1895 3326 1959 Romam,
3354 1895 3607 1949 centurio

356 2009 378 2041 ι
424 2006 519 2059 χος
550 1988 834 2058 παρέδωκε
872 1989 1000 2051 τοὺς
1035 1987 1298 2058 δεσμίους
1347 1985 1425 2058 τῷ
1452 1987 1926 2060 στρατοπεδάρχῃ.

2043 2006 2060 2038 ι
2093 1985 2324 2042 tradidit
2351 1987 2564 2042 vinctos
2587 1986 2822 2057 principi
2848 1986 3146 2041 exercitus.
3170 1985 3504 2041 Permissum
3526 1995 3610 2041 est

358 2101 378 2134 ι
423 2081 514 2152 Τῷ
535 2080 591 2134 δὲ
622 2081 818 2151 Παύλῳ
842 2082 1126 2152 ἐπετράπη
1153 2081 1336 2152 μένειν
1363 2081 1482 2136 καθ’
1503 2082 1696 2138 ἑαυτὸν
1725 2085 1822 2138 σὺν
1851 2085 1930 2153 τῷ

2041 2102 2060 2132 ι
2098 2090 2281 2136 autem
2310 2081 2503 2146 Paulo,
2531 2089 2593 2135 ut
2622 2081 2774 2134 solus
2813 2088 3066 2135 maneret
3099 2094 3225 2134 cum
3262 2078 3609 2134 custodiente

357 2193 379 2225 ι
423 2173 753 2241 φυλάσσοντι
784 2173 946 2226 αὐτὸν
977 2171 1304 2246 στρατιώτῃ.
1337 2191 1355 2224 ι

977 2171 1304 2246 στρατιώτῃ.
1337 2191 1355 2224 ι
2043 2192 2060 2224 ι
2093 2175 2272 2244 ipsum
2299 2173 2497 2229 milite.
2535 2192 2552 2224 ι

435 2284 454 2316 ι
489 2266 809 2336 Παρασήμῳ
837 2265 1206 2336 Διοσκούροις.
1240 2265 1434 2331 »Ἐθος
1461 2265 1549 2320 ἀει
1583 2285 1702 2331 πως
1729 2269 1789 2320 ἐν
1812 2271 1932 2332 ταῖς

2112 2283 2132 2316 ι
2170 2265 2388 2335 insigne
2407 2263 2720 2322 Castorum.
2763 2284 2782 2314 ι
2838 2263 3115 2334 Perpetuo
3157 2262 3327 2318 moris
3352 2271 3437 2318 est
3458 2261 3611 2318 navi-

351 2355 750 2428 Ἀλεξανδρέων
776 2356 1010 2426 μάλιστα
1033 2357 1191 2410 ναυσὶ
1218 2355 1354 2427 πρός
1380 2373 1444 2424 γε
1466 2361 1532 2429 τῇ
1561 2357 1762 2430 πρώρᾳ
1781 2359 1934 2426 δεξιά

2034 2358 2141 2414 bus
2166 2357 2512 2428 potissimum
2555 2354 2966 2422 Alexandrinis,
2991 2355 3056 2409 ad
3085 2370 3303 2426 proram
3333 2355 3527 2411 dextra
3549 2369 3611 2408 ac

352 2463 417 2499 τε
453 2447 546 2498 καὶ
575 2445 833 2512 εὐώνυμα
879 2445 1098 2515 γραφὰς
1139 2441 1282 2500 εἶναι
1315 2446 1596 2511 τοιαύτας.
1627 2447 1846 2519 Ἐπειδὴ
1875 2449 1932 2503 δὲ

2035 2450 2260 2506 sinistra
2290 2448 2608 2519 huiusmodi
2641 2463 2764 2503 esse
2798 2447 3066 2514 picturas.
3095 2445 3364 2514 Quoniam
3405 2456 3609 2510 autem,

351 2533 427 2608 ἦν
479 2537 626 2597 εἰκὸς
673 2536 1120 2605 εἰδωλολατρείας
1153 2536 1462 2608 κρατούσης
1514 2539 1694 2592 ἐκεῖνο
1739 2540 1931 2610 καιροῦ

2035 2540 2413 2595 utverisimile
2451 2546 2557 2605 est,
2583 2535 2898 2593 idololatria
2933 2553 3000 2593 eo
3027 2549 3273 2608 tempore
3307 2539 3611 2593 dominium

353 2627 679 2699 γεγράφθαι
703 2632 770 2700 τῇ
810 2627 905 2698 νηῒ
946 2630 1072 2690 τοὺς
1106 2627 1488 2701 Διοσκούρους,
1523 2631 1620 2686 κα)⁸
1643 2631 1709 2685 ὲκ
1739 2632 1931 2686 τούτου

2035 2633 2346 2696 obtinente,
2379 2631 2584 2702 depicti
2621 2641 2786 2686 erant
2831 2631 2886 2684 in
2903 2629 3030 2684 navi
3073 2629 3268 2686 Castor
3296 2645 3360 2686 ac
3398 2632 3609 2694 Pollux,

354 2725 504 2774 νοεῖν
533 2722 848 2786 ἀκόλουθον,
881 2722 1179 2790 ἀλλόφυλον
1213 2718 1377 2786 εἶναι,
1406 2722 1689 2778 τουτέστιν
1717 2724 1934 2780 είδωλο-

2110 2740 2379 2796 nsequens
2401 2726 2566 2780 etiam
2587 2734 2671 2780 est
2701 2731 2762 2778 ut
2792 2723 3159 2796 intelligamus
3183 2725 3610 2796 alienigenarum
3681 2707 3699 2725 ⁸

352 2815 570 2887 λάτριν.
606 2817 741 2886 Περὶ
766 2815 958 2870 τούτου
983 2817 1078 2868 καὶ
1117 2815 1339 2878 Ἡσαΐας
1369 2812 1509 2884 ἔφη’
1557 2815 1934 2888 Πετασθήσον-

2034 2815 2203 2872 fuisse
2231 2829 2450 2876 navem,
2485 2813 2591 2869 hoc
2625 2821 2713 2868 est
2743 2811 3182 2877 idololatrarum,
3214 2813 3282 2866 de
3321 2828 3426 2882 qua
3479 2811 3616 2866 dicit

350 2923 452 2960 ται
481 2910 539 2960 έν
568 2907 740 2978 πλοίῳ
769 2907 1075 2978 ἀλλοφύλῳ,
1101 2907 1413 2962 θάλασσσαν
1461 2907 1579 2977 ἅμα
1630 2907 1936 2979 προνομεύ-

2034 2889 2237 2960 lsaias:
2303 2904 2582 2959 Volabunt
2640 2903 2698 2958 in
2759 2902 2886 2958 navi
2948 2901 3406 2973 alienigenarum,
3466 2895 3617 2960 mare

357 3013 568 3050 σονσιν.
608 3015 627 3048 ι
664 2998 856 3068 Ἀχρις
907 2997 1143 3052 ’Δππιου
1173 2997 1340 3066 φόρου
1377 2998 1472 3052 καὶ
1501 2997 1682 3068 Τριῶν
1727 2997 1934 3070 Ταὸερ-

2035 2995 2199 3052 simul
2227 2995 2624 3066 pmdabuntur
2682 2995 2750 3050 ⁸⁸.
2802 3013 2821 3047 ι
2861 2993 3047 3065 Usque
3083 2993 3150 3049 ad
3213 2995 3375 3065 Appii
3436 2994 3616 3052 forum

356 3085 491 3138 νῶν.
529 3105 548 3136 ι
582 3085 790 3152 Τόπους
809 3087 961 3148 τινὰς
983 3088 1404 3158 ἐπισημαίνεται
1433 3088 1542 3158 πρὸ
1561 3087 1662 3159 τῆς
1691 3087 1931 3160 Ῥώμης,

2035 3102 2101 3142 ac
2143 3087 2282 3143 Tres
2334 3088 2636 3144 Tabernas.
2669 3107 2688 3140 ι
2713 3087 2873 3143 'Loca
2901 3086 3147 3158 quaedam
3191 3087 3438 3159 designat
3492 3097 3618 3144 ante

359 3177 458 3228 τὸν
490 3177 588 3246 μὲν
614 3177 802 3231 εἰκόνα
843 3178 970 3232 τινὰ
997 3177 1237 3232 Ἀππίου
1288 3177 1499 3248 ἔχοντα,
1527 3177 1605 3242 ώς
1638 3178 1809 3245 είκδς,
1839 3181 1936 3232 καὶ

2038 3185 2228 3240 Romae
2261 3185 2571 3256 ingressum
2598 3184 2874 3255 :priorem
2899 3182 3122 3254 quidem
3139 3182 3431 3238 habentem
3456 3183 3619 3254 Appii

358 3270 531 3339 φόρον
563 3269 772 3322 ἐκείνου
803 3269 1166 3340 καλουμένην,
1204 3268 1280 3332 ὡς
1344 3269 1509 3340 μέχρι
1572 3269 1668 3324 νῦν
1708 3271 1768 3324 αἱ
1820 3269 1930 3324 τῶν

2030 3283 2286 3340 statuam,
2324 3285 2385 3330 ut
2415 3273 2713 3329 verisimile
2746 3281 2852 3338 est,
2895 3281 2952 3327 et
2974 3271 3186 3328 dictum
3211 3271 3362 3328 illius
3392 3272 3571 3328 forum
3603 3292 3614 3327 :

362 3359 632 3428 βασιλέων
664 3361 872 3426 εἰκόνες
913 3362 1066 3432 παρὰ
1107 3360 1402 3430 Ῥωμαίοις
1451 3363 1625 3430 φόροι
1666 3379 1938 3432 προσαγοη

2043 3365 2510 3436 quemadmodum
2571 3365 2639 3420 ad
2678 3364 2784 3420 hoc
2831 3378 3006 3434 usque
3058 3375 3276 3434 tempus
3311 3379 3500 3436 regum
3525 3373 3621 3420 aut

367 3450 638 3517 οεύονται,
670 3452 741 3506 τὰ
769 3453 827 3505 δὲ
865 3453 972 3508 τῶν
1001 3451 1304 3524 ταϐερνῶν,
1332 3455 1667 3526 πανδοχείων
1689 3457 1872 3522 τινῶν,
1899 3459 1933 3529 ἢ

2045 3457 2439 3527 imperatorum
2471 3457 2738 3528 imagines
2761 3456 2907 3527 apud
2944 3457 3220 3513 Romanos
3247 3457 3406 3528 φόροι
3434 3458 3622 3529 appel-

365 3543 680 3612 καπηλείων
704 3546 901 3616 χρῆσιν
959 3544 1322 3611 αίνίσσονται,
1347 3547 1414 3616 τῇ
1457 3544 1750 3617 Ῥωμαίων
1783 3552 1936 3619 φωνῇ

2044 3549 2248 3604 lantur.
2267 3549 2411 3604 Loca
2439 3564 2570 3604 vero
2596 3548 2970 3616 tabernarum,
2989 3564 3150 3604 usum
3171 3548 3460 3606 insinuant
3480 3566 3621 3621 quo-

361 3635 539 3700 οῦτως
568 3637 966 3709 ὀνομαζόμενα.

2047 3641 2296 3696 rumdam
2318 3641 2752 3697 diversoriorum
2782 3649 2879 3696 aut
2910 3655 3305 3712 cauponarum,
3337 3657 3458 3713 quae
3509 3643 3619 3697 Ilo-

2049 3743 2336 3784 manorum
2383 3729 2568 3800 lingua
2614 3730 2687 3784 ita
2725 3729 3094 3800 appellantur.

959 3837 1208 3893 ΚΕΦΛΛ.
1237 3840 1306 3892 Μ’
1862 3885 1865 3889 .
2510 3847 2548 3916 ι

1862 3885 1865 3889 .
2510 3845 2672 3918 135
2703 3845 2932 3903 CAPUT
2977 3845 3091 3902 XL.

365 3949 507 4018 Περὶ
536 3950 856 4018 διαλέξει-ως
877 3953 1267 4078 timidior)ng
1300 3953 1446 4023 πρὸς
1473 3954 1615 4022 τοὺς
1638 3956 1708 4010 ἐν
1751 3957 1939 4026 Ῥώμῃ

1053 4041 1124 4077 ου
1165 4041 1204 4077 α
1229 4042 1356 4090 ους.

2052 3958 2126 4013 De
2159 3959 2317 4013 Pauli
2356 3961 2604 4014 concione
2631 3959 2702 4014 ad
2722 3958 2960 4024 Judwos,
2993 3960 3085 4028 qui
3128 3958 3310 4014 Romae
3339 3959 3621 4031 degebant.

442 4129 460 4160 ι
505 4112 754 4179 Ἐγένετο
800 4113 857 4167 δὲ
896 4115 1034 4184 μετὰ
1083 4117 1298 4189 ἡμέρας
1326 4119 1479 4188 τρεῖς
1507 4117 1943 4186 συγκαλέσασθαι

2123 4112 2361 4178 XXVIII,
2397 4113 2582 4168 17-24.
2635 4129 2654 4164 ι
2705 4111 2948 4183 Contigit
2989 4121 3173 4167 autem
3231 4122 3292 4168 ut
3343 4124 3468 4184 post
3513 4125 3626 4169 tres

375 4217 396 4250 ι
424 4201 514 4252 τὸν
565 4203 774 4258 Παῦλον
804 4207 929 4270 τοὺς
979 4207 1138 4268 ὄντας
1183 4209 1290 4261 τῶν
1333 4209 1606 4264 Ἰουδαίων
1657 4207 1941 4277 πρώτους·

2059 4227 2076 4260 ι
2118 4208 2241 4263 dies
2299 4215 2637 4263 convocaret
2699 4207 2898 4261 Paulus
2947 4206 3263 4262 Judarorum
3317 4207 3623 4277 primores:

377 4309 396 4340 ι
427 4291 788 4347 συνελθόντων
816 4294 872 4347 δὲ
903 4296 1103 4362 αὐτῶν,
1130 4296 1280 4366 ἔλεγε
1303 4297 1440 4369 πρὸς
1473 4297 1692 4362 αὐτούς’
1721 4298 1948 4369 ’Ἄνδρες

2061 4319 2080 4352 ι
2108 4315 2344 4370 cumque
2369 4301 2668 4364 venissent,
2692 4295 2831 4353 dixit
2857 4297 2924 4353 ad
2950 4313 3080 4354 eos:
3113 4299 3243 4369 Ego,
3273 4299 3377 4353 viri
3404 4298 3625 4360 fratres.

377 4399 398 4436 ι
441 4383 682 4452 ἀδελφοὶ,
736 4386 849 4455 ἐγὼ
884 4387 1034 4441 οὐδὲν
1069 4388 1311 4442 ἐναντίον
1357 4391 1592 4461 ποιήσας
1645 4387 1721 4460 τῷ
1770 4391 1945 4462 λοιῷῆ

2062 4409 2080 4444 ι
2113 4407 2238 4446 cum
2269 4391 2409 4446 nihil
2436 4391 2660 4445 fecerim
2694 4391 2960 4448 adversus
2982 4390 3202 4460 plebem
3244 4398 3339 4445 aut
3374 4390 3627 4446 instituta

380 4491 400 4524 ι
462 4477 576 4537 τοῖς
605 4475 749 4530 ἔθεσι
797 4481 910 4541 τοῖς
960 4478 1255 4550 πατρῴοις,
1288 4481 1508 4552 δέσμιος
1555 4481 1616 4546 ἐξ
1650 4482 1947 4552 Ἰεροσολύ-

2064 4501 2082 4532 ι
2119 4484 2412 4554 majorum,
2444 4483 2664 4536 vinctus
2698 4481 2766 4536 ab
2805 4481 3203 4553 Hierosolymis
3232 4481 3468 4536 traditus
3505 4496 3626 4537 sum

377 4581 398 4615 ι
437 4582 554 4635 μων
608 4568 922 4638 παρεδόθην
977 4571 1056 4633 είς
1100 4573 1200 4634 τὰς
1274 4573 1462 4643 χεῖρας
1494 4571 1603 4625 τῶν
1642 4572 1946 4643 Ῥωμαίων.

2064 4591 2082 4621 ι
2122 4573 2176 4626 ἱη
2205 4587 2400 4626 manus
2448 4572 2857 4626 Romanorum:
2903 4570 2998 4640 qui
3049 4587 3174 4626 cum
3219 4570 3627 4625 cxaminassent

380 4674 400 4707 ι
427 4629 643 4721 ὸῖτινες
694 4629 1093 4730 ’ἀνακρίναντές
1124 4629 1213 4732 με,
1241 4629 1523 4718 ἐξούλοντο
1552 4629 1843 4729 ἀπολῦσαι,
1865 4665 1952 4717 διὰ

2065 4680 2081 4709 ι
2124 4676 2237 4726 me,
2287 4662 2585 4716 voluerunt
2623 4660 2926 4725 dimittere,
2974 4675 3041 4715 eo
3088 4659 3236 4729 quod
3284 4660 3432 4714 nulla
3462 4675 3627 4716 causa

381 4767 400 4799 ι
441 4749 502 4800 τὸ
559 4750 826 4821 μηδεμίαν
879 4753 1060 4806 αἰτίαν
1102 4755 1332 4808 θανάτου
1377 4756 1644 4827 ὑπάρχειν
1694 4759 1752 4809 έν
1803 4757 1948 4826 ἐμοί.

2063 4769 2082 4801 ι
2123 4753 2315 4806 mortis
2334 4761 2481 4807 esset
2520 4752 2577 4806 in
2607 4767 2715 4805 me.
2749 4749 2855 4806 Sed
2885 4751 3396 4805 contradicentibus
3423 4749 3627 4807 Judzeis

376 4857 397 4892 ι
449 4840 862 4910 ’Λντιλεγόντων
886 4845 942 4898 δὲ
965 4846 1072 4898 τῶν
1107 4847 1400 4913 Ἰουδαίων,
1431 4849 1788 4920 ἠναγκάσθην
1827 4851 1950 4902 ἐπι-

2064 4861 2081 4893 (
2121 4856 2345 4897 coactus
2375 4857 2494 4898 sum
2545 4842 2822 4911 appellare
2854 4841 3146 4904 Caesarem,
3197 4856 3306 4896 non
3330 4843 3490 4911 quasi
3531 4843 3628 4897 ba-

381 4951 401 4984 ι
441 4935 776 4989 καλέσασθαι
808 4938 1081 5009 Καίσαρα,
1104 4940 1201 5010 οὐχ
1222 4939 1296 5002 ὡς
1334 4939 1430 4992 τοῦ
1457 4941 1643 5004 ἔθνους
1677 4959 1778 5011 μου
1812 4940 1951 5012 ἔχων

2065 4953 2083 4984 ι
2120 4935 2278 4988 beam
2321 4934 2390 4987 de
2437 4948 2547 5004 quo
2579 4942 2796 5002 gentem
2843 4947 3021 4986 meam
3071 4948 3346 4988 accusem.
3397 4933 3627 5005 Propter

381 5045 400 5076 ι
441 5043 494 5078 τι
530 5029 925 5097 κατηγορῆσαι.
960 5033 1058 5084 Διὰ
1087 5032 1289 5101 ταύτην
1341 5028 1434 5086 οὖν
1463 5033 1560 5103 τὴν
1586 5033 1767 5086 αἰτίαν
1813 5052 1952 5102 παρ-

2065 5047 2080 5078 ‹
2127 5028 2268 5080 hanc
2301 5025 2469 5096 igitur
2503 5039 2725 5079 causam
2758 5023 3020 5078 advocavi
3051 5039 3170 5090 vos,
3205 5034 3265 5079 ut
3298 5026 3542 5082 viderem
3575 5036 3629 5081 et

385 5137 403 5168 ι
437 5120 674 5174 εκάλεσα
708 5122 871 5191 ὑμᾶς,
903 5123 1029 5176 ἰδεῖν
1055 5123 1561 5196 καὶιπροσλαλῆσαι.
1581 5126 1806 5178 Ἕνεκεν
1844 5127 1953 5194 γὰρ

2064 5138 2080 5168 ι
2115 5119 2480 5186 colloquerer.
2508 5115 2740 5185 Propter
2769 5131 2920 5183 spem
2945 5114 3093 5170 enim
3117 5116 3282 5171 lsrael
3307 5126 3496 5172 catena
3528 5111 3629 5172 hac

383 5227 402 5260 ι
442 5211 539 5280 τῆς
567 5210 776 5276 ἐλπίδος
816 5213 909 5266 τοῦ
957 5214 1174 5285 Ἰσραὴλ
1207 5217 1303 5287 τὴν
1333 5217 1520 5270 ἅλυσιν
1570 5215 1771 5287 ταύτην
1801 5218 1955 5287 περί-

2068 5229 2084 5260 ι
2120 5207 2494 5264 circumdatus
2533 5222 2673 5260 sum.
2711 5206 2778 5260 At
2813 5207 2887 5260 illi
2932 5207 3280 5262 dixeruntad
3307 5224 3466 5264 eum:
3520 5208 3629 5263 Nos

383 5319 403 5352 ι
445 5317 654 5371 κειμαι.
687 5305 750 5355 Οἱ
771 5305 827 5357 δὲ
857 5306 990 5375 πρδς
1015 5307 1178 5359 αὑτὸν
1199 5304 1348 5360 εἷπον
1370 5323 1383 5336 ⁸
1417 5308 1606 5376 Ἡμεῖς
1628 5309 1749 5360 οὕτε
1781 5311 1955 5378 γράμ-

2067 5321 2084 5352 ι
2131 5316 2310 5370 neque
2355 5300 2566 5353 litteras
2596 5300 2918 5368 accepimus
2952 5298 3018 5354 de
3053 5308 3103 5353 te
3145 5318 3173 5354 ει
3209 5300 3417 5365 Judaea,
3450 5316 3628 5370 neque

383 5409 404 5442 ι
445 5409 592 5462 ματα
655 5396 782 5463 περὶ
845 5395 937 5446 τοῦ
1002 5395 1301 5466 ἐδεξάμεθα
1347 5398 1456 5449 ἀπὸ
1507 5398 1600 5467 τῆς
1673 5397 1950 5460 Ἰουδαίας,

2067 5412 2084 5444 ι
2120 5393 2416 5446 adveniens
2439 5391 2636 5461 aliquis
2669 5390 2898 5445 fratrum
2957 5392 3232 5446 nuntiavit
3273 5402 3368 5446 aut
3413 5393 3629 5447 locutus

387 5500 404 5532 ι
449 5481 572 5532 οὗτε
603 5483 1038 5552 παραγενόμενός
1066 5501 1149 5547 τις
1195 5487 1302 5537 τῶν
1345 5483 1589 5552 ἀδελφῶν
1622 5485 1954 5554 ἀπήγγειλεν

2069 5505 2086 5536 ι
2126 5493 2209 5537 est
2237 5484 2441 5552 aliquid
2477 5485 2544 5538 de
2572 5494 2621 5539 te
2654 5485 2803 5538 mali.
2842 5483 3110 5539 Volumus
3147 5494 3417 5538 antemex
3453 5493 3503 5538 te
3537 5501 3631 5537 an-

387 5592 406 5624 σ
456 5574 488 5642 ἢ
517 5573 744 5642 suam:
773 5591 824 5627 τι
851 5579 975 5644 περὶ
1000 5577 1093 5629 σοῦ
1127 5578 1379 5648 πονηρόν.
1414 5575 1768 5648 ’Λξιοῦμενδὲ
1810 5577 1954 5644 παρὰ

2069 5597 2085 5627 ι
2118 5577 2236 5629 dire
2279 5591 2401 5645 qua:
2435 5575 2661 5630 sentias.
2699 5576 2829 5628 Nam
2871 5576 2938 5630 dc
2989 5584 3139 5629 secta
3176 5576 3279 5629 ista
3325 5584 3511 5628 notum
3547 5583 3630 5628 est

383 5684 404 5718 ι
442 5667 537 5718 σοῦ
561 5668 1100 5738 ἀκοῦσσιᾶφρονεῖς.
1133 5671 1264 5740 Περὶ
1297 5673 1397 5739 μὲν
1425 5672 1532 5740 γὰρ
1561 5670 1656 5736 τῆς
1689 5668 1954 5737 αἱρέσεως

2069 5687 2086 5718 ι
2123 5667 2281 5720 nobis
2319 5667 2465 5735 quod
2523 5665 2728 5735 ubique
2785 5661 2834 5720 ei
2885 5668 3314 5722 contradicatur.
3381 5664 3629 5736 Cumque

451 5845 496 5873 ’δ
524 5845 628 5898 lsa.
684 5864 758 5911 xl,
792 5847 878 5901 H.
