4024 6574
442 392 565 452 303

1537 389 1932 450 (ECUMENH
1971 386 2262 446 Τηιαςκιῖ
2299 386 2643 448 EPISCOP'I

3592 387 3706 449 30-1

464 522 492 557 ι
531 505 946 560 constituissent
977 505 1054 558 illi
1077 504 1242 566 diem,
1281 515 1548 558 venerunt
1574 505 1639 559 ad
1663 521 1789 559 eum
1822 504 1873 558 in
1896 504 2025 557 hos—

2150 525 2154 553 I
2183 501 2402 573 ταύτης,
2427 518 2665 570 γνωστον
2692 505 2838 557 ἐστιν
2861 503 3014 573 ἡμῖν,
3039 503 3120 557 ὃτι
3151 501 3424 572 πανταχοῦ
3441 503 3720 570 ἀντιλέγε-

467 618 483 646 ι
527 597 722 669 pllium
756 597 1103 666 complures:
1147 595 1350 665 quibus
1378 596 1691 666 exponebat
1726 597 2028 651 testilicans

469 709 485 739 ι
522 699 756 763 replum
786 689 902 750 Dei,
939 687 1286 757 suadensque
1311 687 1392 742 eis
1408 687 1476 741 de
1501 687 1631 742 Jesu
1660 702 1728 742 ex
1747 687 1864 758 lege
1891 687 2026 742 Mosi

471 802 487 833 ι
525 788 584 840 et
605 780 891 852 prophetis
922 793 951 833 a
978 793 1136 833 mane
1168 793 1341 848 usque
1367 778 1434 832 ad
1465 793 1772 847 vesperam.
1805 778 1874 832 Et
1902 777 2028 847 qui-

471 895 487 925 ι
527 874 651 930 dam
676 871 974 928 credebant
1003 871 1089 925 his
1120 887 1241 941 qua:
1269 869 1616 935 dicebantur,
1645 869 1869 939 quidam
1895 883 2029 924 vero

471 986 487 1016 ι
530 981 652 1020 non-
665 962 985 1022 credebant.
1029 981 1049 1014 ι

536 1143 729 1199 Sciens
758 1140 976 1198 3Paulus
1024 1141 1252 1196 omnino
1296 1140 1598 1196 absurdum
1649 1155 1771 1196 esse
1819 1139 2030 1211 judicio

465 1231 823 1299 contendere,
855 1230 1019 1302 idque
1053 1231 1286 1286 maxime
1317 1230 1460 1301 apud
1487 1229 1756 1297 inﬁdeles,
1784 1231 1853 1286 de
1877 1238 2031 1285 utro—

465 1340 571 1394 que
595 1322 971 1378 defensionem
1011 1330 1188 1390 parat,
1221 1338 1291 1377 ne
1318 1336 1512 1377 eorum
1541 1337 1706 1378 aures
1742 1337 2030 1392 praeoccu-

467 1423 690 1485 pentur.
716 1415 947 1484 Propter
983 1413 1146 1478 hanc,
1167 1413 1364 1484 inquit,
1389 1428 1608 1468 causam
1645 1412 1895 1468 volebam
1935 1427 2030 1468 vos

468 1506 679 1568 videre.
707 1521 777 1560 ne
805 1505 894 1559 cui
919 1504 1112 1560 liceret
1138 1520 1223 1560 me
1249 1519 1529 1560 accusare.
1554 1505 1622 1559 Et
1653 1519 1716 1559 ea
1753 1503 1888 1560 dicit
1910 1519 2033 1574 qua

469 1599 572 1653 sibi
595 1607 786 1652 mutuo
809 1604 1063 1652 conStant
1088 1638 1102 1659 ,
1134 1612 1348 1667 nempe:
1381 1597 1572 1652 Manus
1601 1598 1820 1652 illorum
1842 1598 2033 1654 volens

469 1691 734 1762 ellugere,
767 1699 990 1746 coaetus
1024 1705 1143 1745 sum
1201 1689 1474 1746 Caesarem
1511 1691 1810 1761 appellare,
1874 1691 2036 1762 186

471 1800 580 1837 non
611 1800 721 1853 quo
745 1783 868 1838 aliis
897 1783 1038 1837 mala
1062 1781 1339 1846 aﬂ‘errem,
1389 1782 1484 1838 sed
1521 1792 1581 1837 ut
1610 1784 1725 1852 ipse
1759 1782 1901 1838 mala
1934 1784 2033 1837 de-

2140 613 2158 646 ι
2196 611 2306 650 ται.
2340 593 2646 664 Ταξάμενοι
2685 593 2744 647 δέ
2770 593 2920 665 αύτῷ
2953 594 3186 664 ἡμέραν,
3214 590 3349 666 ἦκον
3382 594 3519 665 πρὸς
3551 595 3718 648 αὑτὸν

2137 705 2156 739 ι
2197 688 2276 750 εἰς
2298 687 2396 758 τὴν
2426 688 2603 752 ξενίαν
2627 687 2894 753 πλείονες,
2917 681 2998 751 οἷς
3049 687 3317 752 ἐξετίθετο
3335 687 3716 758 διαμαρτυρό-

2137 795 2156 829 ι
2195 794 2352 847 μενος
2382 777 2480 847 τὴν
2521 776 2806 848 βασιλείαν
2835 776 2929 830 τοῦ
2979 777 3138 842 Θεοῦ,
3175 776 3376 830 πείθων
3424 793 3481 829 τε
3513 776 3720 837 αὐτοὺς

2137 889 2157 922 ι
2195 869 2264 923 τά
2289 869 2535 940 περὶτοῦ
2574 869 2749 940 Ἰησοῦ
2781 869 2892 923 ἀπό
2921 886 2980 923 τε
3013 869 3107 922 τοῦ
3147 870 3312 940 νόμου
3339 868 3590 929 Μωσέως
3625 867 3722 919 καὶ

2137 980 2164 1038 ς
2187 961 2294 1015 τῶν
2320 962 2633 1033 προφητῶν,
2654 961 2762 1015 ἀπὸ
2793 960 2937 1032 πρωῒ
2966 962 3070 1024 ἓως
3104 961 3362 1032 ἑσπέρας.
3388 960 3497 1014 Καὶ
3525 960 3579 1012 οἰ
3622 960 3721 1030 μὲν

2135 1072 2156 1106 ι
2198 1054 2474 1108 ἐπείθοντο
2493 1056 2606 1116 τοῖς
2634 1052 2975 1123 λεγομένοις,
3014 1053 3064 1105 οἰ
3093 1053 3148 1106 δέ
3174 1052 3458 1121 ἠπίστουν.

2204 1145 2373 1209 Εἰδὼς
2410 1146 2439 1198 ὁ
2468 1146 2680 1209 Παῦλος
2711 1147 2792 1199 ὅτι
2841 1144 3040 1199 ἄτοπον
3074 1141 3141 1216 ἦν
3166 1145 3302 1207 δλως
3359 1143 3419 1196 τὸ
3473 1143 3716 1195 δικάσα-

2147 1236 2293 1301 σθαι,
2324 1238 2418 1291 καὶ
2454 1237 2687 1309 μάλιστα
2732 1235 2884 1307 παρά
2916 1235 3186 1299 ἀπίστοις,
3227 1235 3353 1304 περὶ
3384 1233 3722 1304 ἀμφοτέρων

2132 1329 2498 1398 ἀπολογεῖται,
2523 1329 2664 1382 ὥστε
2689 1328 2764 1400 μὴ
2794 1327 3168 1400 προληφθῆναι
3195 1326 3372 1380 αὐτῶν
3393 1326 3490 1388 τὰς
3512 1327 3712 1388 ἀκοάς.

2132 1422 2230 1474 Διά
2261 1421 2464 1492 ταύτην
2499 1421 2630 1489 γὰρ,
2667 1420 2823 1490 φησὶ,
2845 1419 2942 1490 τὴν
2989 1418 3166 1474 αἰτίαν
3216 1416 3520 1486 ἐϐουλόμην
3573 1417 3722 1483 ὑμᾶς

2133 1512 2282 1576 ἰδεῖν,
2313 1511 2454 1565 ὥστε
2493 1511 2567 1582 μὴ
2590 1511 2793 1578 ἐξεῖναί
2811 1528 2918 1564 τινι
2949 1511 3296 1580 κατηγορεῖν.
3330 1508 3438 1561 Καὶ
3468 1509 3542 1561 τὸ.
3575 1524 3722 1575 παρ-

2132 1603 2398 1674 ιστὰμενα
2428 1603 2601 1672 λέγει,
2658 1604 2740 1656 ὅτι
2769 1601 2834 1674 δὴ
2863 1603 2976 1666 Τὰς
3006 1604 3194 1672 χεῖρας
3221 1600 3402 1655 αὐτῶν
3428 1599 3721 1667 διαφυγεῖν

2136 1694 2481 1766 βουλόμενος,
2522 1695 2874 1765 ἠναγκάσθην
2929 1693 3359 1748 ἐπικαλέσασθαι
3429 1693 3718 1762 Καίσαρα,

2130 1783 2229 1854 ούχ
2243 1785 2317 1848 ὡς
2338 1785 2542 1857 ἑτέροις
2557 1786 2729 1849 διδοὺς
2754 1786 2920 1848 κακὰ,
2949 1785 3086 1839 ἀλλά
3106 1785 3268 1849 αὐτὸς
3296 1785 3510 1854 φεύγων
3543 1785 3718 1837 κακά.

471 1876 722 1927 vitarem.
791 1891 809 1924 ι
850 1872 982 1927 Nam
1020 1872 1087 1926 de
1122 1879 1268 1927 secta
1313 1872 1436 1936 ista,
1474 1891 1492 1923 ι
1544 1881 1652 1928 etc.
1707 1873 2032 1943 Priusquam

2150 1895 2160 1928 I
2196 1876 2330 1948 Περὶ
2358 1877 2455 1948 μὲν
2483 1877 2592 1950 γὰρ
2617 1877 2718 1947 τῆς
2741 1875 3008 1948 αἱρέσεως
3033 1876 3258 1947 ταύτης,
3285 1894 3303 1928 ›
3344 1877 3438 1930 καὶ
3466 1875 3538 1928 τὰ
3565 1873 3717 1942 ἐξῆς.

479 1964 676 2018 E'aulus
709 1965 935 2018 Romam
985 1964 1293 2029 accederet,
1343 1963 1611 2020 admoniti
1653 1976 1812 2020 erant
1837 1964 2034 2031 Judaai,

566 2057 1010 2124 praedicationem
1047 2057 1114 2112 de
1138 2057 1358 2111 Christo
1386 2056 1753 2127 susciperent,
1794 2072 1899 2112 nec
1932 2057 2035 2128 ipsi

475 2149 598 2213 soli,
633 2150 733 2204 sed
765 2144 1080 2220 ubicunque
1116 2158 1387 2204 terrarum
1421 2148 1654 2218 dispersi
1678 2157 1855 2203 erant.
1880 2147 2036 2204 Unde

472 2251 658 2295 autem
687 2243 738 2295 id
764 2241 1111 2297 manifestum
1146 2256 1266 2297 esse
1303 2240 1542 2311 poterit?
1567 2241 1722 2295 Nacti
1741 2256 1932 2296 sumus
1955 2241 2038 2294 in-

455 2319 556 2388 'ler
596 2343 845 2388 veterum
891 2334 1309 2398 commentaria,
1347 2349 1587 2404 quonam
1640 2343 1801 2404 pacto
1855 2349 2036 2389 sacer-

481 2429 639 2482 dotes
665 2427 757 2497 qui
794 2427 1226 2498 Hierosolymam
1254 2427 1568 2482 inhabitant
1613 2443 1720 2481 una
1751 2441 1876 2481 cum
1899 2426 2039 2482 scri-

475 2519 558 2573 bis
590 2534 654 2573 ac
679 2519 990 2572 senioribus
1019 2519 1228 2574 litteras
1272 2519 1638 2583 exaraverint,
1668 2533 1809 2588 quas
1840 2518 1894 2572 in
1925 2533 2040 2572 om-

477 2625 576 2664 nes
618 2621 809 2680 gentes
848 2610 914 2663 ad
963 2609 1181 2664 Judaeos
1239 2608 1671 2674 transmiserint,
1725 2609 2039 2678 ubicunque

476 2702 710 2779 dispersi
754 2709 960 2767 essent,
1003 2700 1208 2757 Christi
1251 2700 1566 2757 doctrinam
1617 2702 2038 2766 calumniantes,

478 2803 737 2863 tanquam
761 2808 791 2846 a
822 2793 931 2847 Deo
960 2793 1230 2848 alienam:
1267 2791 1672 2846 admonuerunt
1721 2801 1903 2847 autem
1943 2807 2042 2862 per

467 2886 760 2956 epistolas,
787 2900 856 2940 ne
879 2900 998 2939 eam
1024 2884 1387 2954 susciperent.
1419 2885 1596 2953 Atque
1640 2883 1878 2953 idipsum
1910 2898 2040 2938 sane

478 2976 694 3031 videtur
733 2975 888 3031 Isaiae
931 2976 1220 3046 prophetia
1267 2975 1509 3030 indicare
1553 2992 1677 3030 cum
1723 2976 1802 3030 ait
1843 2992 1857 3028 :
1894 2994 1912 3026 ι
1950 2975 2042 3030 ναι

478 3076 664 3133 terrae,
684 3067 907 3122 navium
936 3068 1055 3130 alae,
1083 3075 1232 3122 trans
1273 3066 1498 3122 ﬂumina
1539 3065 1852 3137 Ethiopiae,
1881 3067 2041 3138 (ἁπο-

473 3159 733 3230 στέλλων)
775 3160 868 3230 qui
908 3160 1074 3214 mittit
1114 3175 1213 3228 per
1241 3175 1390 3215 mare
1423 3158 1646 3214 obsides
1683 3168 1741 3215 et
1779 3158 2040 3228 epistolas

2139 1967 2276 2037 Πρὶν
2317 1967 2650 2038 ἐπιδημῆσαι
2695 1968 2907 2023 Παῦλον
2941 1970 3000 2022 ἐν
3039 1971 3106 2039 τῇ
3145 1967 3354 2038 Ῥώμῃ,
3395 1965 3721 2036 παρηγγελ-

2141 2055 2466 2131 μένοιλῆσαν
2511 2062 2561 2114 οι
2607 2061 2873 2124 Ἰουδαῖοι,
2914 2060 2988 2130 μὴ
3047 2055 3458 2128 παραδέξασθαι
3490 2057 3558 2110 τὸ
3593 2056 3722 2126 περὶ

2136 2151 2371 2222 Χριστοῦ
2399 2155 2678 2224 κήρυγμα,
2715 2152 2816 2206 οὐκ
2853 2151 3006 2205 αὐτοὶ
3031 2151 3087 2203 δὲ
3123 2150 3296 2221 μόνοι,
3331 2148 3467 2202 ἀλλά
3513 2147 3616 2199 καὶ
3672 2149 3720 2198 οί

2137 2243 2413 2314 πανταχοῦ
2475 2245 2600 2313 γῆς.
2645 2243 2814 2298 Πόθεν
2875 2242 2931 2295 δέ
2979 2241 3172 2312 δῆλον;
3213 2239 3460 2312 Εῦρομεν
3515 2242 3577 2290 ἐν
3609 2241 3724 2301 τοῖς

2137 2334 2244 2388 τῶν
2275 2333 2518 2386 παλαιῶν
2554 2332 3004 2404 συγγράμμασιν,
3039 2331 3113 2395 ὡς
3140 2332 3191 2384 οἰ
3223 2331 3324 2400 τὴν
3361 2327 3722 2400 Ἰερουσαλὴμ

2139 2428 2415 2492 οἰκοῦντες
2463 2429 2627 2499 ἰερεϊς
2657 2429 2754 2482 καὶ
2807 2429 3157 2498 γραμματεῖς
3210 2425 3306 2480 καὶ
3345 2423 3720 2494 πρεσϐύτεροι

2139 2520 2443 2590 γράμματα
2469 2518 2915 2588 διαχαράξαντες,
2944 2519 3024 2581 εἰς
3045 2517 3221 2571 πάντα
3249 2514 3628 2586 διεπέμψαντο
3655 2514 3721 2565 τὰ

2140 2611 2267 2682 ἔθνη
2316 2614 2427 2675 τοῖς
2479 2609 2794 2680 ἁπανταχοῦ
2848 2609 3142 2674 Ἰουδαίοις,
3193 2607 3578 2670 διαϐάλλοντες
3629 2605 3722 2674 τὴν

2139 2705 2234 2758 τοῦ
2259 2704 2492 2775 Χριστοῦ
2535 2702 2904 2769 διδασκαλίαν,
2957 2703 3030 2766 ὼς
3079 2701 3366 2774 ἀλλοτρίαν
3417 2699 3513 2753 τοῦ
3563 2698 3718 2759 Θεοῦ,

2142 2794 2521 2866 παρήγγελλόν
2549 2813 2609 2849 τε
2641 2797 2711 2850 δι’
2729 2792 3028 2848 ἐπιστολῶν
3069 2793 3142 2863 μὴ
3175 2790 3587 2862 παραδέξασθαι
3623 2789 3720 2842 αύ-

2141 2886 2263 2955 τήν.
2298 2887 2468 2940 Τοῦτο
2496 2887 2558 2955 δὴ
2589 2887 2721 2940 αὐτὸ
2769 2885 3058 2956 σημαίνειν
3087 2884 3236 2937 ἔοικε
3277 2884 3373 2937 καὶ
3400 2884 3434 2952 ἡ
3475 2881 3718 2949 λέγουσα

2141 2979 2444 3052 προφητεία
2479 2978 2701 3032 Ἡσαΐου
2725 2993 2738 3006 ⁸
2771 2997 2789 3030 ι
2825 2978 2961 3032 Οὐαὶ
2999 2976 3122 3047 γῆς,
3178 2975 3378 3029 πλοίων
3415 2974 3714 3043 πτέρυγες,

2143 3071 2396 3126 ἐπέκεινα
2415 3071 2672 3138 ποταμῶν
2687 3069 2990 3132 Αἰθιοπίας,
3017 3067 3363 3122 ἀποστέλλων
3388 3068 3446 3119 ἐν
3467 3065 3718 3138 θαλάσσῃ

2143 3163 2347 3232 ὅμηρα,
2378 3161 2472 3215 καὶ
2499 3161 2787 3222 ἐπιστολὰς
2828 3159 3082 3229 βυϐλίνας
3124 3158 3308 3212 ἐπάνω
3335 3158 3426 3210 τοῦ
3447 3156 3664 3218 ὕδατος.
3695 3175 3715 3208 ι

470 3217 810 3325 papyraceas
855 3268 1018 3322 super
1045 3217 1244 3324 aquam
1271 3253 1338 3306 ".
1377 3270 1395 3304 ι
1440 3253 1543 3307 Per
1575 3251 1723 3321 quod
1772 3217 2042 3321 signiﬁcat

2152 3217 2313 3308 ἀέὲδ
2336 3217 2603 3322 ’σημαίνει
2633 3253 2708 3316 ὡς
2752 3217 2846 3305 καί
2881 3217 3182 3322 πέραν-τῆς
3216 3249 3487 3303 Αἰθιόπων
3537 3250 3723 3319 χώρας

473 3345 631 3414 ,ιιυοιί
678 3345 821 3399 ultra
851 3343 1174 3415 [Ethiopum
1215 3360 1435 3415 quoque
1478 3345 1730 3415 regiones
1762 3358 1825 3398 ac
1858 3344 2044 3398 novis-

2150 3344 2366 3397 καὶτῶν
2416 3343 2678 3414 ἐσχατιῶν
2721 3343 2818 3413 τῆς
2849 3343 2951 3412 γῆς
2981 3343 3007 3394 δ
3027 3342 3125 3410 τῆς
3157 3341 3418 3412 πονηρίας
3445 3335 3582 3410 ἦχος
3611 3337 3718 3390 τῶν

481 3435 617 3489 sima
646 3445 804 3490 terrae
835 3435 974 3500 loca,
1001 3451 1170 3489 sonus
1197 3435 1416 3489 malitiae
1445 3449 1658 3499 eorum,
1689 3432 2044 3503 quiJuda‘am

2150 3437 2244 3507 τὴν
2283 3435 2538 3489 Ἰουδαίαν
2554 3433 2844 3488 οἰκούντων
2872 3433 2961 3486 διά
2991 3449 3152 3484 τινων
3181 3432 3368 3501 ὥσπερ
3393 3429 3711 3500 ίπταμένων

461 3527 792 3580 inhabitant
840 3541 938 3595 per
993 3527 1244 3595 quredam
1303 3526 1456 3579 velut
1503 3524 1783 3577 volitantia
1831 3523 2044 3592 navigia

2150 3527 2350 3580 πλοίων
2385 3525 2686 3597 προῆλθεν,
2717 3524 2774 3576 οἴ
2811 3541 2870 3576 τε
2896 3523 3184 3576 ἀπόστολοι
3214 3522 3394 3574 αὐτῶν
3425 3518 3720 3580 ἐπιστολὰς

483 3614 846 3683 processerit:
900 3622 956 3666 et
1002 3627 1195 3666 eorum
1224 3612 1468 3681 .apostoli
1513 3611 1776 3681 epistolas
1819 3625 2048 3681 papyre-

484 3721 611 3760 ccas
631 3704 964 3766 deferentes,
1011 3713 1067 3758 et
1103 3718 1270 3773 super
1292 3718 1463 3774 aquas
1506 3703 1846 3773 navigantes,
1869 3719 2048 3758 mare-

461 3812 592 3868 sque
625 3797 804 3867 ipsum
858 3796 1174 3864 implentes,
1226 3796 1430 3864 ubique
1465 3804 1738 3849 terrarum
1776 3795 2048 3850 discurre-

485 3892 638 3953 bant,
663 3903 948 3945 sermones
971 3887 1354 3942 de'Salva‘tore
1401 3897 1594 3942 nostro
1629 3888 2045 3944 calumniantes.

475 3977 690 4032 ludat-is
730 3991 863 4031 vero
916 3991 1066 4030 nunc
1104 3989 1325 4045 quoque
1365 3976 1537 4031 moris
1605 3984 1708 4038 est,
1757 3991 1854 4032 eos
1889 3976 1980 4046 qui
2019 3991 2049 4029 a

492 4067 842 4138 principibus
857 4066 1177 4138 quotidiana
1198 4066 1453 4122 deferunt
1481 4066 1755 4138 epistolia,
1771 4069 2052 4139 apostolos

475 4160 790 4230 appellare.

564 4249 800 4315 XXVIII,
843 4251 1039 4306 2545i.
1099 4271 1116 4303 ι
1151 4251 1400 4322 Cumque
1447 4253 1592 4306 inter
1632 4267 1691 4306 se
1749 4251 2053 4308 concordes

481 4357 510 4388 -ι
549 4355 657 4394 non
691 4351 899 4404 essent,
934 4341 1309 4406 discedebant,
1346 4357 1515 4395 unum
1567 4342 1795 4397 verbum
1839 4343 2054 4398 dicente

477 4431 739 4486 «Paulo.
800 4431 944 4486 Bene
982 4433 1238 4502 Spiritus
1294 4441 1517 4488 sanctus
1572 4434 1791 4488 locutus
1827 4443 1911 4488 est
1957 4449 2055 4504 per

2151 3618 2403 3688 βυϐλίνας
2465 3616 2928 3687 ἐπικομιζόμενοι,
2966 3616 3218 3685 ὑπεράνω
3260 3631 3318 3666 τε
3364 3613 3474 3666 τῶν
3515 3612 3723 3666 ὑδάτων

2155 3709 2582 3779 ναυτιλλόμενοι,
2620 3708 2714 3761 καί⁵
2746 3708 2844 3777 τὴν
2883 3706 3157 3759 θάλασσαν
3202 3705 3557 3784 ἐμπλέοντες,
3593 3721 3726 3756 παν-

2149 3801 2316 3870 ταχοῦ
2358 3802 2460 3872 γῆς
2497 3801 2794 3870 διέτρεχον,
2844 3799 2936 3852 τὸν
2971 3800 3095 3868 περὶ
3136 3798 3228 3850 τοῦ
3280 3798 3535 3868 Σωτῆρος
3568 3795 3722 3866 ἡμῶν

2149 3890 2519 3954 διαϐάλλοντες
2563 3890 2740 3958 λόγον.
2804 3888 3155 3950 Ἀποστόλους
3187 3887 3242 3940 δὲ
3287 3889 3452 3940 εἰσέτι
3489 3887 3588 3940 καὶ
3623 3885 3716 3938 νῦν

2152 3981 2270 4045 ἔθος
2289 3981 2437 4035 ἐστὶν
2467 3980 2749 4042 ’ἰουδαίοις
2766 3979 3052 4047 ὀνομάζειν
3081 3981 3206 4043 τοὺς
3234 3979 3498 4046 ἐγκύκλια
3547 3979 3724 4049 γράμ-

2159 4090 2306 4147 ματα
2345 4073 2496 4144 ποιρά
2531 4073 2636 4125 τῶν
2671 4073 2951 4143 ἀρχόντων
3005 4071 3185 4126 αὐτῶν
3213 4069 3721 4140 ἐπικομιζομένους.

2231 4269 2249 4304 ι
2299 4251 2642 4320 ’Δσύμφωνοι
2668 4251 2724 4304 δέ
2753 4249 2902 4313 ὅντες
2935 4248 3070 4320 πρὸς
3091 4247 3377 4318 ἀλλήλους,
3411 4245 3723 4303 ἀπελύοντο,

2161 4361 2180 4395 ι
2225 4343 2469 4405 εἰπόντος
2526 4339 2622 4393 τοῦ
2676 4339 2888 4394 Παύλου
2942 4341 3094 4410 ῥῆμα
3144 4339 3222 4391 ἐν.
3281 4339 3404 4390 Ὅτι
3454 4335 3639 4398 καλῶς
3669 4334 3726 4386 τὸ

2163 4452 2181 4486 ι
2219 4433 2442 4504 Πνεῦμα
2465 4432 2526 4486 τὸ
2555 4433 2710 4501 ἅγιον
2748 4432 2975 4501 ἐλάλησε
3004 4431 3092 4484 διὰ
3139 4428 3362 4482 Ἡσαΐου
3391 4427 3487 4480 τοῦ
3524 4425 3732 4496 προφή-

482 4538 512 4571 ιι
556 4521 749 4576 Isaiam
808 4522 1130 4592 prophetam
1191 4523 1260 4578 ad
1324 4531 1510 4594 patres
1559 4533 1779 4578 nostros
1831 4526 2044 4579 dicens:

2167 4544 2183 4576 ι
2218 4540 2310 4575 του
2357 4521 2494 4592 πρδς
2536 4521 2663 4584 τοὺς
2699 4519 2943 4591 πατέρας
2982 4519 3159 4590 ήμῶν,
3187 4517 3376 4585 λέγον·
3427 4514 3727 4586 Πορεύθητι

491 4631 512 4663 ε
547 4613 695 4668 Vade
729 4613 795 4668 ad
829 4614 1095 4684 populum
1117 4615 1303 4678 istum,
1325 4622 1380 4668 et
1408 4615 1528 4670 die:
1555 4615 1796 4670 Auribus
1819 4615 2055 4670 audietis

487 4724 512 4756 τ
545 4715 602 4759 et
631 4721 753 4760 ‘non
804 4707 1143 4777 intelligatis,
1187 4716 1249 4760 et
1299 4707 1549 4783 videntes
1574 4706 1834 4761 videbitis
1859 4716 1914 4760 et
1946 4721 2058 4761 non

489 4815 512 4846 τ
558 4798 896 4866 perpiciatis.
937 4799 1302 4852 lnerassatum
1361 4807 1445 4852 est
1484 4799 1632 4852 enim
1695 4814 1790 4852 cor
1870 4799 2058 4868 populi

503 4905 524 4935 ε
570 4887 756 4957 hujus,
807 4897 862 4941 et
907 4887 1136 4942 auribus
1176 4887 1417 4958 graviter
1465 4887 1785 4952 audierunt,
1821 4902 2056 4957 suosque

499 4995 519 5027 ι
555 4977 746 5030 oculos
779 4978 1121 5042 clauserunt,
1174 4993 1244 5031 ne
1289 4981 1510 5046 quando
1542 4979 1762 5033 videant
1791 4979 1965 5034 oculis
2003 4987 2060 5035 et

497 5091 514 5118 ι
559 5069 787 5123 auribus
835 5071 1083 5135 audiant,
1159 5077 1215 5125 et
1268 5069 1436 5125 corde
1483 5070 1810 5142 intelligant,
1847 5081 1903 5127 et
1933 5086 2063 5128 con-

496 5179 516 5212 ι
557 5170 848 5215 vertantur
898 5170 954 5216 et
983 5175 1169 5215 sanem
1197 5175 1311 5215 eos.
1360 5161 1561 5217 Notum
1601 5178 1732 5234 ergo
1787 5163 1857 5219 sit
1881 5163 2059 5228 vobis,

499 5273 516 5302 ε
554 5253 700 5322 quod
745 5251 999 5321 gentibus
1050 5253 1277 5307 missum
1309 5262 1395 5307 est
1431 5253 1534 5308 hoc
1581 5255 1818 5309 salutare
1844 5254 1962 5318 Dei,
2007 5263 2064 5309 et

499 5361 516 5393 ι
557 5342 657 5411 ipsi
685 5341 927 5396 audient.
948 5340 1194 5412 Cumque
1217 5342 1328 5398 haec
1347 5342 1592 5409 dixisset,
1623 5344 1827 5414 egressi
1843 5353 1968 5397 sunt
1989 5342 2060 5398 ab

506 5449 523 5482 ι
551 5446 618 5485 eo
639 5431 832 5494 Judrei,
867 5432 1093 5486 multam
1140 5431 1407 5488 habentes
1442 5433 1587 5487 inter
1618 5449 1675 5489 se
1711 5433 2061 5503 disceptatio-

501 5541 519 5575 ι
557 5538 703 5578 nem.
734 5523 892 5592 187
927 5522 1319 5579 Mansitautem
1345 5525 1547 5581 Paulus
1585 5526 1810 5582 biennio
1865 5535 1978 5578 toto
2007 5523 2061 5578 in

499 5630 520 5666 ι
556 5629 656 5669 suo
683 5613 1406 5686 conducto:etsuscipiebat
1447 5632 1638 5673 omnes
1658 5616 1751 5686 qui
1785 5615 2059 5686 ingredie-

569 5797 611 5827 "
648 5795 750 5850 lsa.
777 5809 930 5859 xvnt,
974 5795 1078 5860 1,“).

2167 4633 2184 4666 ι
2211 4614 2346 4683 πρὸς
2367 4614 2456 4666 τὸν
2473 4614 2599 4666 λαὸν
2630 4613 2841 4679 τοῦτον,
2858 4613 2953 4664 καὶ
2981 4610 3104 4663 εἰπέ
3125 4628 3137 4641 ·
3159 4609 3334 4683 ,Ἀκοῇ
3352 4608 3616 4660 ἀκούσετε
3639 4604 3728 4656 καὶ

2168 4725 2186 4757 ι
2213 4706 2273 4758 οὐ
2315 4706 2389 4776 μὴ
2421 4704 2641 4773 συνῆτε,
2677 4703 2776 4756 καὶ
2816 4703 3106 4773 βλέποντες
3133 4699 3356 4770 βλέψετε
3403 4700 3497 4752 καὶ
3552 4699 3612 4751 οὐ
3657 4696 3728 4765 μὴ

2169 4817 2185 4849 ι
2222 4797 2388 4867 ίδητε.
2437 4794 2746 4866 Ἐπαχύνθη
2775 4794 2882 4864 γάρ
2927 4795 2960 4863 ἡ
2995 4793 3191 4862 καρδία
3220 4792 3312 4846 τοῦ
3346 4790 3479 4844 λαοῦ
3515 4789 3725 4848 τούτου,

2166 4905 2182 4938 ι
2227 4889 2320 4938 καὶ
2347 4887 2456 4948 τοῖς
2472 4883 2575 4936 ὠσὶ
2605 4883 2815 4954 βαρέως
2839 4883 3077 4953 ἥκουσαν
3099 4898 3112 4912 ·
3142 4881 3268 4944 τοὺς
3292 4879 3608 4949 ὀφθαλμοὺς
3637 4877 3728 4928 αὐ-

2167 4996 2184 5027 ι
2227 4975 2336 5028 τῶν
2383 4971 2731 5045 ἐκάμμυσαν,
2768 4975 2844 5042 μή
2892 4989 3020 5025 ποτε
3067 4972 3220 5026 ἴδωσι
3257 4973 3368 5033 τοῖς
3413 4969 3724 5039 ὀφθαλμοῖς,

2167 5088 2184 5121 ι
2223 5070 2314 5121 καὶ
2363 5069 2474 5129 τοῖς
2523 5065 2654 5118 ὠσὶν
2701 5063 2998 5126 ἀκούσωσι,
3040 5064 3136 5116 καὶ
3178 5065 3244 5132 τῇ
3277 5062 3473 5130 καρδία
3510 5059 3725 5117 συνῶσι,

2168 5179 2186 5211 ι
2224 5159 2319 5212 καὶ
2347 5154 2731 5226 ἐπιστρέψωσι,
2753 5156 2845 5206 καὶ
2876 5153 3114 5221 ίάσωμαι
3134 5150 3354 5212 αὐτούς.
3377 5147 3620 5202 Γνωστὸν
3641 5141 3726 5198 οὖν

2174 5270 2191 5300 ι
2230 5250 2370 5303 ἔστω
2400 5249 2544 5317 ὑμῖν,
2576 5249 2656 5299 ὅτι
2689 5247 2798 5308 τοῖς
2825 5243 3032 5296 ἔθνεσιν
3061 5243 3339 5311 ἀπεστάλη
3371 5242 3432 5292 τὸ
3464 5240 3724 5308 σωτήριον

2177 5361 2193 5392 ι
2233 5340 2328 5393 τοῦ
2361 5337 2518 5401 Θεοῦ,
2553 5336 2705 5390 αὐτοὶ
2730 5335 2823 5386 καὶ
2845 5333 3188 5387 ἀκούσονται.
3222 5333 3331 5384 Kal.
3368 5330 3540 5384 ταῦτα
3571 5323 3722 5379 αὑτοῦ

2176 5450 2192 5482 ι
2234 5428 2500 5488 εἰπόντος,
2539 5423 2778 5488 ἀπῆλθον
2809 5425 2857 5474 οἱ
2896 5423 3136 5476 Ἰουδαῖοι
3188 5422 3389 5489 πολλὴν
3418 5420 3629 5489 ἔχοντες
3675 5416 3727 5466 ἐν

2177 5540 2194 5570 ι
2241 5519 2449 5579 ἑαυτοῖς
2500 5515 2815 5582 συζήτησιν.
2859 5513 3081 5583 Ἔμεινε
3111 5513 3166 5564 δέ
3213 5515 3241 5564 ό
3275 5510 3484 5570 Παῦλος
3537 5503 3726 5560 διετίαν

2179 5631 2195 5662 ι
2251 5610 2377 5680 ὃλην
2410 5612 2467 5660 ἐν
2520 5606 2633 5674 ίδίῳ
2663 5603 2993 5675 μισθώματι.
3043 5604 3150 5657 Καὶ
3195 5602 3488 5672 ἀπεδέχετο
3532 5597 3726 5652 πάντας
