4024 6542
336 451 449 513 2ῡό

1301 466 1688 533 COMMENT.
1734 473 1813 534 IN
1852 474 2042 533 ACTA
2078 476 2653 547 APOSTOLORUM.

3492 492 3611 555 306i

337 565 360 600 ι
385 562 515 666 τοῦς
532 563 1020 638 εἰσπορευομένους
1046 571 1182 644 πρὸς
1201 575 1682 651 αὐτὸν,κηρῦσσων
1703 580 1802 652 τὴν
1819 581 1909 653 βα-

2023 600 2040 633 ι
2080 585 2271 642 bantur
2316 588 2385 644 ad
2410 589 2587 661 ipsum
2615 607 2629 645 :
2663 591 2965 662 praedicans
2994 610 3221 666 regnum
3252 596 3369 663 Dei,
3407 614 3471 656 ac
3499 600 3607 654 ἀοι

339 672 360 703 ι
390 651 601 745 σιλείαν
626 656 722 710 τοῦ
752 658 910 724 Θεοῦ,
940 662 1035 715 καὶ
1052 662 1318 721 διδάσκων
1348 668 1417 723 τά
1439 672 1566 739 περὶ
1590 670 1685 725 τοῦ
1712 651 1916 745 κυρίου

341 761 361 792 ι
412 743 591 814 Ἰησοῦ
625 748 763 817 μετὰ
804 751 985 824 πάσης
1017 757 1329 828 παρρησίας
1355 760 1671 827 ἀκωλύτως.
1712 784 1732 816 ι

416 854 437 888 ε
474 838 548 891 Τὸ
596 839 819 910 Πνεῦμα
843 842 904 896 τὸ
938 844 1094 914 ἆγιον
1141 849 1370 921 ὲλάλησε
1419 852 1508 907 διὰ
1545 854 1768 910 Ἡσαΐου
1821 856 1917 910 τοῦ

246 936 251 937 ⁷
335 928 654 999 προφήτου,
686 949 706 982 ι
738 932 832 986 καὶ
852 934 922 989 τά
940 937 1086 1007 ἑξῆς.
1118 941 1241 1005 Tol;
1272 943 1545 1015 ὑπουργὸν
1572 947 1791 1015 λέγουσι
1824 947 1918 1002 τοῦ

332 1019 553 1089 Harpe;
580 1022 643 1075 τὸ
666 1023 891 1095 Πνεῦμα
947 1028 1006 1081 τὸ
1027 1029 1181 1099 ἅγιον
1213 1033 1241 1086 ό
1273 1036 1485 1101 Παῦλος
1513 1038 1751 1093 ἐνταῦθα
1785 1058 1915 1095 και-

333 1110 460 1204 ρίαν
497 1112 681 1167 δίδωσι
717 1115 952 1188 πληγὴν.
981 1121 1084 1174 Τὸν
1114 1123 1223 1196 γὰρ
1261 1126 1463 1198 Κύριον
1498 1130 1586 1183 τὸν
1614 1132 1920 1204 καθήμενον

331 1202 434 1292 επὶ
460 1203 653 1274 θρόνου
679 1207 884 1279 ὑψηλοῦ
915 1213 1366 1289 καϊὲπηρμένου,
1401 1220 1460 1276 ὃν
1487 1217 1626 1277 ειδεν
1665 1202 1918 1292 Ἡσαΐας,

331 1286 444 1389 ὧδε
474 1296 622 1364 λέγει
652 1299 713 1352 τὸ
743 1300 966 1371 Πνεῦμα
991 1305 1052 1361 τὸ
1084 1286 1261 1377 ἅγιον.
1304 1310 1622 1383 Ὀμοούσιον
1653 1316 1762 1389 γάρ

328 1385 417 1478 τῷ
446 1388 621 1460 Πατρὶ
641 1391 735 1444 καὶ
756 1391 833 1462 τῷ
862 1394 995 1466 Υίῷ,
1019 1397 1114 1452 καὶ
1140 1402 1238 1471 τῆς
1265 1400 1383 1472 ῐσης
1405 1402 1654 1469 ἐξουσίας
1678 1385 1918 1478 μετέχει.

330 1477 453 1531 Καὶ
523 1481 682 1536 τοῦτο
740 1485 802 1538 τὸ
869 1488 1038 1559 ῥητὸν
1110 1490 1202 1546 τὸν
1273 1497 1563 1567 προφήτην
1607 1497 1683 1563 ὡς
1738 1477 1922 1555 θεόθεν

331 1570 826 1644 ἀποφθεγγόμενον
859 1579 989 1651 περὶ
1013 1581 1123 1636 τῶν
1167 1584 1309 1639 κατὰ
1357 1586 1450 1641 τὸν
1493 1589 1700 1660 Ἰησοῦν
1743 1589 1921 1660 λέγειν

331 1667 769 1756 παρασκευάζει,
819 1673 1051 1747 ἐπείπερ
1079 1677 1311 1748 ἤκουσεν
1337 1680 1366 1735 ό
1425 1681 1553 1747 λαδς
1586 1683 1691 1737 τῶν
1735 1684 1914 1756 Ὶησοῦ

329 1752 537 1844 λόγων,
562 1759 655 1811 καὶ
678 1759 740 1813 οὐ
770 1764 991 1833 συνῆκε,
1027 1768 1122 1821 καὶ
1159 1768 1372 1840 βλέπων
1405 1772 1476 1827 τὰ
1502 1774 1605 1828 ὑπ’
1628 1752 1810 1831 αὐτοῦ-
1831 1794 1922 1844 γι·-

330 1840 544 1936 νόμενα
562 1851 843 1917 τεράστια,
865 1850 965 1922 οὐχ
985 1852 1152 1925 ἐώρα.
1180 1857 1275 1920 Εἰς
1301 1859 1564 1927 μέλλοντα
1584 1863 1695 1935 γὰρ
1731 1840 1922 1936 χρόνον

2028 694 2047 726 ι
2087 693 2217 734 cens
2251 680 2318 736 de
2350 682 2581 738 Domino
2608 683 2738 740 Jesu
2776 701 2904 742 eum
2928 687 3079 743 omni
3118 687 3338 754 ﬁducia,
3375 690 3611 748 nemine.

2028 786 2047 818 ι
2086 769 2435 839 prohibente.
2480 791 2500 824 ι

2099 878 2117 910 ι
2150 857 2409 929 Spiritus
2442 872 2668 918 sanctus
2698 863 2916 919 loeutus
2950 874 3034 920 est
3076 881 3174 935 per
3218 867 3413 922 lsaiam
3464 883 3598 940 pro-

2019 946 2265 1016 phetam,
2303 966 2321 1000 ι
2353 956 2463 1005 etc.
2517 951 2625 1006 Eos
2672 953 2768 1023 qui
2802 953 3070 1025 Spiritum
3120 968 3371 1012 sanctum
3414 960 3611 1014 Patris-

2020 1037 2217 1095 dicunt
2248 1056 2369 1098 esse
2411 1042 2722 1099 ministrum
2737 1046 2938 1101 Paulus
2964 1048 3190 1103 vulnere
3225 1049 3354 1104 [erit
3380 1051 3607 1108 lethali..

2023 1129 2307 1201 Siquidem
2341 1147 2469 1188 eum
2498 1149 2662 1204 quem
2701 1135 2841 1192 vidit
2871 1136 3038 1193 Isaias
3074 1136 3361 1193 Dominum
3391 1140 3594 1195 seden-

2023 1230 2134 1278 tem
2172 1240 2340 1295 super
2380 1225 2640 1281 thronum
2676 1228 2954 1283 excelsum
3002 1239 3059 1286 et
3100 1231 3393 1297 elevalum,
3437 1244 3607 1288 vocat

2020 1314 2129 1371 hoc
2161 1317 2284 1372 loco
2316 1317 2584 1389 Spiritum
2614 1330 2883 1376 sanctum.
2917 1321 3172 1392 Ejusdem
3200 1339 3435 1395 namque
3467 1326 3596 1381 sub-

2019 1407 2238 1463 stantiae
2274 1418 2361 1465 est
2395 1425 2520 1465 cum
2548 1411 2716 1468 Patre
2749 1422 2805 1467 et
2844 1412 3003 1477 Filio,
3032 1422 3088 1470 et
3131 1415 3399 1484 atqualem
3428 1417 3602 1472 simul.

2023 1497 2269 1568 possidet
2316 1508 2662 1569 potestatem.
2716 1501 2785 1557 Et
2822 1501 2929 1556 hoc
2981 1501 3189 1558 dictum
3232 1505 3427 1561 asserit
3473 1522 3596 1576 pru-

2021 1585 2241 1656 pltetam
2274 1586 2542 1644 divinitus
2562 1589 2806 1644 locutum
2840 1590 2907 1646 de
2937 1591 3064 1647 Jesu
3098 1592 3300 1648 dixisse
3323 1596 3594 1664 :quamlo-

2023 1675 2246 1746 quidem
2278 1677 2490 1733 audivit
2520 1680 2756 1750 populus
2785 1696 3071 1737 sermones
3093 1682 3245 1749 Jesu,
3282 1695 3340 1739 et
3370 1701 3478 1739 non
3512 1687 3596 1740 iu-

2025 1769 2235 1827 tellexit
2261 1787 2273 1824 :
2304 1786 2539 1843 cumque
2575 1772 2789 1830 videret
2816 1775 3087 1848 prodigia,
3123 1793 3249 1847 quae
3279 1778 3347 1833 ab
3379 1795 3446 1834 eo
3469 1782 3598 1836 cde-

2023 1863 2249 1932 bantur,
2286 1880 2398 1922 non
2445 1867 2839 1938 perspiciebat.
2895 1870 3029 1925 Nam
3087 1871 3298 1927 dictum
3334 1873 3466 1929 illud
3527 1876 3610 1929 ad“

332 1931 606 2035 ιῖκλίνων
626 1936 688 1990 τὸ
706 1939 891 2009 ῥητὸν,
913 1943 1166 2012 ἐμφαίνει
1191 1946 1288 2018 τὴν
1305 1949 1385 2012 εἰς
1411 1931 1676 2022 ὑστέρους
1696 1931 1921 2023 χρόνους

2023 1955 2271 2013 futurum
2303 1931 2520 2030 tempus
2560 1931 2867 2029 declinans,
2902 1964 3216 2019 manifestat
3248 1982 3440 2021 eorum
3476 1985 3617 2037 quae

331 2022 981 2116 ἷῶνᾉπροφητευομένων
1018 2036 1313 2109 ἀναφοράν.
1351 2042 1555 2096 Σκόπει
1584 2043 1643 2098 δὲ
1822 2046 1918 2100 τοῦ

334 2113 660 2208 Festina-ro;
684 2123 991 2193 ἀκρίϐειαν.
1015 2128 1132 2182 Οὐκ
1153 2126 1294 2195 εἷπε,
1324 2132 1432 2185 Καὶ
1457 2134 1519 2187 οὐ
1560 2134 1635 2207 μὴ
1673 2113 1919 2208 βλέψετε,

330 2206 482 2273 ἀλλ’,
512 2208 593 2264 ὅτι
620 2212 921 2283 Βλέψητε,
940 2217 1038 2272 καὶ
1059 2222 1132 2275 οὐ
1146 2221 1233 2291 μὴ
1265 2223 1451 2292 hints.
1482 2206 1652 2293 Οὐδὲ,
1676 2206 1788 2282 Ϋότιτ
1806 2231 1921 2284 Οὐκ

330 2296 661 2370 ἀκούσεσθε,
713 2305 827 2361 ἀλλ’
858 2308 942 2361 ὅτι
991 2309 1320 2378 Ἀκούσετε,
1361 2316 1640 2387 καὶούμὴ
1658 2319 1915 2391 συνῆτε.

330 2391 508 2479 Αὐτοὶ
554 2394 777 2460 ἑαυτοὺς
799 2399 1018 2468 ἀφεῖλον
1030 2404 1264 2473 πρῶτον,
1278 2407 1346 2460 τά
1359 2401 1473 2462 ὦτα
1495 2407 1920 2479 βύσαντες,τοὺς

332 2478 656 2572 όφθαλμοῦς
688 2487 1104 2556 καμμύσαντες,
1132 2491 1234 2564 τὴν
1277 2478 1507 2568 καρδίαν
1558 2478 1915 2572 βαρύναντες.

455 2572 562 2665 γάρ
597 2576 756 2644 μόνον
787 2581 888 2635 οὐκ
913 2581 1133 2652 ἢκουον,
1160 2585 1298 2641 ἀλλὰ
1333 2589 1429 2642 καὶ
1459 2570 1670 2662 βαρέως
1697 2593 1913 2665 ἦκουον.

349 2662 650 2736 Ἐποίησαν
678 2668 734 2722 δὲ
760 2670 941 2738 τοῦτο,
975 2676 1127 2747 φησὶ,
1157 2678 1230 2750 μή
1260 2697 1390 2734 ποτε
1418 2662 1791 2755 ἐπιστρέψωσι
1819 2687 1916 2741 καὶ

339 2755 587 2828 ίάσωμαι
614 2762 833 2828 αὐτοὺς,
858 2767 1258 2843 ἐπιτεταμένην
1285 2773 1468 2829 αὐτῶν
1493 2777 1670 2846 λέγων
1690 2780 1790 2849 τὴν
1817 2797 1915 2833 πο-

339 2850 542 2919 νηρίαν
562 2853 654 2906 καὶ
676 2858 817 2924 μετὰ
844 2859 1081 2930 σπουδῆς
1106 2862 1478 2937 ἀποστροφήν.
1521 2869 1630 2922 Kal.
1647 2869 1805 2924 τοῦτο
1832 2870 1917 2924 λέ-

337 2957 438 3009 γει
457 2942 815 3015 ἐφελκόμενος
838 2949 932 3003 καὶ
949 2951 1227 3022 ἐρεθίζων,
1243 2959 1337 3012 καὶ
1352 2958 1588 3024 δεικνὺς,
1610 2961 1693 3015 ὃτι
1713 2961 1778 3016 ἂν
1796 2966 1915 3018 ὲπιο

338 3032 672 3102 στρέφωσιν,
696 3037 905 3094 ίάσεται
921 3041 1342 3106 αὑτοῦς.⁹ῐστέον
1358 3047 1415 3101 δὲ
1431 3049 1513 3103 ὅτι
1536 3050 1701 3122 μέχρι
1722 3052 1913 3108 τούτου

337 3124 552 3196 ιστορεί
570 3128 784 3194 Λουκᾶς
802 3132 871 3184 τὰ
893 3149 961 3186 πε
969 3135 1023 3205 pl.
1040 3136 1132 3190 τὸν
1167 3139 1438 3211 μακάριον
1467 3141 1687 3197 Παῦλον
1709 3146 1768 3199 ὲν
1795 3147 1915 3211 ταῖς

341 3216 586 3308 Ιξράξεσι
626 3220 736 3275 τῶν
771 3223 1105 3293 ἀποστόλων,
1157 3232 1278 3284 κατ’
1307 3232 1487 3287 ἐκεῖνο
1519 3234 1715 3306 καιροῦ
1744 3236 1803 3290 rb
1833 3235 1916 3308 βι-

340 3306 497 3398 ϐλίον
540 3314 1012 3386 συγγραψάμενος,
1061 3322 1157 3374 καὶ
1190 3323 1259 3376 τὰ
1302 3323 1538 3396 καθεξῆς
1571 3303 1772 3398 ἥκιστα
1825 3303 1913 3397 *ξιι-
1941 3303 1987 3365 C

339 3397 591 3493 νῷσκων.
635 3405 769 3460 Οὐδὲ
808 3407 871 3460 τὸ
911 3403 1212 3482 μαρτύριον
1253 3415 1442 3469 τούτου
1476 3418 1802 3487 ἐγκατέθετο
1847 3423 1912 3493 τῇ

342 3489 540 3564 βίϐλῳ.
586 3497 989 3566 Καταλιπόντες
1018 3503 1128 3575 γὰρ
1169 3506 1332 3565 αὑτὸν
1373 3509 1551 3564 ἐκεῖσε
1588 3512 1806 3577 Λουκᾶς
1853 3489 1914 3567 τὲ

342 3588 441 3639 καί
463 3586 815 3662 Ἀρίσταρχος
836 3592 1076 3665 ἐξῆλθον.
1103 3597 1362 3665 Εῦσέὄιος
1386 3601 1448 3654 δὲ
1473 3603 1600 3667 τοὺς
1623 3604 1916 3674 μετέπειτα

342 3676 571 3747 χρόνους
598 3680 882 3755 ἱστόρησεν
909 3686 1172 3757 ἀκριϐῶς,
1228 3689 1349 3744 τότε
1388 3692 1485 3763 μὲν
1529 3693 1621 3747 ἐπὶ
1666 3695 1917 3768 Νέρωνος

341 3769 829 3859 ἀπολογησάμενον
857 3776 948 3829 τὸν
999 3778 1211 3835 Παῦλον
1244 3781 1398 3848 αὖθις
1427 3785 1520 3838 ἐπὶ
1548 3786 1648 3858 τὴν
1679 3787 1775 3841 τοῦ
1812 3806 1918 3859 κη-

344 3858 627 3931 ρύγματος
689 3864 965 3933 διακονίαν
1039 3869 1373 3939 στείλασθαι,
1442 3874 1579 3946 πρὸς
1642 3858 1919 3949 Καίσαρος

342 3951 702 4020 ἀπολυθέντα,
754 3956 850 4010 καὶ
908 3960 1361 4028 εὐαγγελίσασθαι
1410 3966 1495 4036 ἐφ’
1519 3966 1729 4037 ἑτέροις
1786 3967 1957 4022 δέκα“

344 4041 546 4099 ἔτεσιν.
598 4045 692 4109 El;
734 4046 902 4118 άκρον
939 4049 997 4103 δὲ
1044 4051 1240 4120 μανίας
1272 4054 1300 4107 ό
1345 4054 1537 4127 Νέρων
1586 4060 1917 4129 ἀφικόμενος

344 4137 442 4190 ἐπὶ
476 4135 574 4200 τὰς
604 4137 710 4190 τῶν
739 4138 1048 4194 ἀποστόλων
1075 4142 1219 4214 ἤρθη
1253 4146 1486 4214 σφαγάς.
1538 4149 1915 4206 Μεταστειλά-

349 4246 511 4298 μενος
535 4229 642 4302 γὰρ
673 4231 765 4283 τὸν
787 4231 997 4287 Παῦλον
1024 4237 1332 4307 τριακοστῷ
1358 4237 1505 4309 ἕκτῳ
1538 4240 1646 4294 ἔτει
1682 4241 1776 4296 τοῦ
1806 4260 1914 4298 σω·-

341 4321 537 4392 τηρίου
584 4322 810 4386 πάθους,
854 4326 1290 4398 τρισκαιδεκάτῳ
1317 4328 1374 4381 δὲ
1404 4330 1599 4384 ἑαυτοῦ
1631 4371 1646 4397 ,
1698 4333 1921 4405 εποίησε

349 4415 701 4483 μαρτυρῆσαι
750 4414 892 4483 ξίφει
922 4415 1019 4488 τὴν
1047 4419 1290 4488 κεφαλὴν
1324 4419 1732 4493 άποτμηθέντα.
1761 4426 1920 4481 Ἔστι

342 4505 526 4557 τοίνυν
555 4505 663 4558 ἀπὸ
685 4505 779 4560 τοῦ
813 4507 1294 4564 ὲννεακαιδεκάτου
1326 4510 1480 4575 ἔτους
1496 4513 1748 4586 Τιϐερίου
1780 4517 1920 4572 Καί-

350 4610 515 4665 σαρος
538 4635 555 4659 ,
576 4594 827 4668 δευτέρου
857 4596 913 4651 δὲ
935 4596 1087 4662 ἔτους
1116 4599 1211 4652 τοῦ
1241 4603 1511 4673 σωτηρίου
1546 4602 1752 4671 πάθους
1775 4606 1834 4674 ἑξ
1854 4603 1917 4663 οῦ

345 4685 645 4757 κηρύσσειν
666 4687 729 4740 τὺ
778 4688 1106 4756 Εὑαγγέλιον
1138 4691 1361 4763 ἤρξατο,
1391 4694 1499 4758 ἕως
1525 4696 1774 4751 είκοστοῦ
1795 4698 1919 4753 δευ-
1950 4676 1996 4733 D

343 4778 507 4848 τέρου
527 4778 621 4831 τοῦ
648 4777 812 4831 αὐτοῦ
835 4779 963 4832 Τισε
971 4780 1087 4850 ρίου
1103 4822 1119 4847 ,
1142 4781 1237 4853 ἐτη
1262 4784 1523 4856 τέσσαρα.
1549 4787 1658 4841 Καὶ
1673 4790 1740 4843 τὰ
1753 4789 1917 4845 Γαΐου

345 4871 403 4925 δὲ
434 4869 696 4935 ὡσαύτως
727 4870 823 4938 ἐτη
853 4872 1111 4945 τέσσαρα.
1146 4875 1310 4940 Αὖθις
1344 4877 1401 4931 δὲ
1431 4882 1524 4933 καὶ
1553 4881 1622 4936 τὰ
1653 4882 1918 4938 Κλαυδίου

346 4963 444 5031 ἐτη
486 4965 1015 5033 τεσσαρεσκαίδεκα,
1067 4966 1126 5020 ὃν
1171 4967 1553 5040 διαδεξάμενος
1597 4972 1790 5044 Νέρων
1842 4974 1920 5047 τῷ

344 5056 783 5129 τρισκαιδεκάτῳ
813 5055 921 5112 ἔτει
954 5060 1053 5129 τῆς
1072 5058 1234 5113 αὐτοῦ
1252 5061 1447 5132 ἀρχῆς,
1473 5063 1564 5117 τδν
1592 5065 1917 5121 Ἀπόστολον

344 5147 579 5199 ἀνεῖλεν.
616 5148 772 5200 Ἔστι
807 5147 988 5201 τοίνυν
1019 5151 1047 5202 ό
1087 5150 1195 5212 πᾶς
1227 5151 1415 5222 χρόνος
1442 5153 1536 5207 τοῦ
1563 5154 1917 5226 κηρύγματος

345 5240 566 5294 Πεὺλου
599 5243 772 5294 εἰκοσι
820 5242 912 5296 καὶ
957 5239 1015 5294 ἓν
1058 5238 1176 5306 ἔτος
1205 5256 1220 5272 ·
1254 5243 1350 5296 καλ⁵
1400 5244 1564 5315 ἕτερα
1592 5245 1686 5299 δύο
1728 5239 1846 5318 ἔτη,
1881 5245 1918 5301 ἃ.

341 5331 646 5384 διετέλεσεν
666 5333 721 5383 ὲν
749 5330 826 5403 τῷ
851 5330 993 5386 κατὰ
1014 5332 1350 5403 Καισάρειαν
1365 5334 1741 5407 δεσμωτηρίῳ.
1778 5338 1919 5409 Πρὸς

340 5425 401 5477 δὲ
445 5424 657 5489 τούτοις
682 5425 864 5491 πάλιν,
890 5426 959 5480 τὰ
983 5428 1041 5480 ὲν
1070 5425 1262 5500 Ῥώμῃ
1294 5428 1531 5502 πρότερα
1560 5431 1651 5487 δύο
1678 5432 1794 5505 ἐτη,
1828 5436 1922 5489 καὶ

340 5519 416 5571 τὰ
447 5518 731 5572 τελευταῖα
755 5520 810 5573 δὲ
833 5520 926 5583 ἔτη
957 5521 1090 5575 δέκα
1112 5562 1127 5585 ,
1152 5520 1292 5575 ὥστε
1322 5518 1465 5577 εἶναι
1493 5524 1668 5579 πάντα
1697 5527 1792 5599 ἔτη
1815 5528 1924 5582 ἀπὸ

341 5610 451 5678 τῆς
505 5610 750 5678 κλήσεως
796 5612 962 5665 αὐτοῦ
1017 5613 1177 5684 μέχρι
1224 5618 1323 5685 τῆς
1363 5615 1695 5681 τελειώσεως
1737 5620 1920 5686 αὑτοῦ,

342 5699 649 5770 τριάκοντα
705 5702 799 5755 καὶ
884 5702 1066 5759 πέντε.
1133 5704 1267 5758 Ἀπὸ
1349 5706 1406 5759 δὲ
1485 5706 1580 5760 τοῦ
1656 5711 1921 5780 σωτηρίου

341 5789 585 5853 πάθοκ,
636 5793 927 5859 τριάκοντα
993 5792 1073 5859 ἐξ.
1135 5796 1288 5849 Μετὰ
1345 5795 1453 5868 γὰρ
1507 5798 1603 5867 τὴν
1659 5797 1750 5852 τοῦ
1813 5802 1924 5854 Ku-

348 5884 474 5957 ρίου
530 5882 831 5953 ἀνάληψιν,
893 5884 1008 5956 μεθ’
1068 5887 1278 5954 ἡμέρας
1342 5888 1488 5954 τινὰς
1533 5889 1752 5961 ὀλίγας,
1797 5909 1923 5964 προ-

2026 2051 2288 2107 vaticinio
2312 2051 2578 2109 dicuntur
2612 2055 2939 2112 relationem
2964 2057 3032 2113 ad
3079 2067 3296 2130 tempus
3326 2060 3593 2115 futurum.

2024 2139 2327 2197 Considera
2357 2158 2488 2198 vero
2512 2153 2758 2199 exactam
2785 2144 3028 2215 Spiritus
3057 2163 3266 2203 curam.
3296 2135 3415 2204 Non
3446 2152 3595 2205 enim

2025 2227 2304 2292 dixit..xat
2334 2232 2396 2286 οὐ
2427 2233 2501 2303 μὴ
2548 2232 2804 2305 βλέψητε,
2851 2235 2907 2290 id
2938 2245 3044 2301 est,
3070 2245 3127 2291 et
3178 2253 3288 2292 non
3337 2238 3615 2294 videbitis.

2027 2320 2196 2392 (quod
2228 2324 2462 2378 verbum
2503 2325 2924 2398 praeposuerat),
2956 2328 3052 2383 sed
3089 2327 3371 2395 videbitis,
3398 2338 3454 2385 et
3485 2346 3615 2384 non:

2027 2410 2197 2482 ἴδητε,
2240 2413 2296 2468 id
2322 2421 2429 2480 est,
2469 2417 2837 2485 perspiciatis.
2882 2417 3073 2486 Neque
3123 2418 3300 2475 dixit:
3335 2422 3452 2476 Non
3499 2437 3599 2476 au-

2024 2503 2220 2561 dietis:
2254 2506 2372 2572 sed,
2407 2506 2662 2564 Audietis
2691 2518 2748 2564 et
2779 2524 2891 2565 non
2933 2510 3275 2582 intelligetis.
3309 2513 3413 2583 Ipsi
3463 2514 3599 2568 sibi-

2025 2594 2161 2665 ipsis
2183 2596 2581 2671 impedimento
2608 2599 3153 2669 iuerunt,'obturatis
3183 2603 3419 2675 primum
3448 2606 3597 2661 auria

2024 2687 2149 2753 bus,
2185 2689 2363 2745 oculis
2404 2690 2630 2757 clausis,
2664 2693 2831 2750 corde
2861 2706 3176 2768 aggravata.
3212 2696 3402 2767 Neque
3447 2698 3620 2753 enim-

2010 2781 2201 2837 solum
2230 2796 2344 2837 non
2386 2783 2725 2851 audiebant,
2765 2785 2860 2843 sed
2891 2795 2945 2842 et
2987 2788 3226 2858 graviter
3272 2789 3595 2844 audiebant.

2023 2870 2138 2926 [loc
2157 2880 2339 2927 autem
2367 2872 2640 2937 fecerunt.
2655 2873 2858 2945 inquit,
2880 2877 3180 2947 nequando
3197 2886 3614 2934 convertantur-

2021 2974 2079 3020 et
2103 2978 2291 3020 sanem
2319 2980 2436 3033 eos,
2457 2975 2838 3038 exaggeratam
2873 2979 2930 3024 et
2960 2968 3233 3024 intensam
3257 2970 3450 3025 dicens
3474 2986 3614 3025 esse”

2021 3070 2214 3111 eorum
2274 3055 2539 3111 malitiam
2588 3058 3015 3115 etaversionem
3063 3059 3249 3115 studio
3287 3061 3592 3130 quaesitam.

2022 3144 2368 3216 idque-dicit
2407 3148 2695 3205 attraltens
2736 3158 2791 3205 et
2837 3151 3109 3216 excitans,
3159 3167 3225 3208 ac
3286 3151 3615 3207 OSlettdcns-

2023 3238 2171 3309 quod
2200 3237 2244 3293 si
2273 3220 2752 3306 converterentur,
2783 3255 2880 3296 eos
2897 3241 3080 3295 adhuc
3104 3251 3252 3297 esset
3279 3252 3592 3298 sanaturus.

2023 3326 2320 3383 Sciendum
2353 3336 2537 3384 autem
2568 3328 2719 3399 quod
2754 3328 2865 3384 huc
2890 3345 3065 3400 usque
3095 3330 3302 3386 scribat
3332 3331 3511 3387 Lucas
3538 3333 3591 3387 in

2020 3417 2174 3474 Actis
2204 3418 2600 3489 apostolorum,
2626 3434 2748 3491 quas
2773 3420 2918 3476 circa
2952 3420 3172 3476 beatum
3210 3423 3438 3477 Paulum
3464 3441 3594 3479 (ama

2023 3510 2285 3582 tigerunt,
2320 3525 2445 3566 cum
2477 3524 2544 3567 eo
2577 3518 2823 3582 tempore
2851 3511 3054 3568 librum
3092 3515 3509 3586 conscripsisset
3541 3526 3600 3569 rt

2021 3617 2143 3672 qua:
2190 3602 2456 3672 deinceps
2517 3603 2705 3659 futura
2759 3612 2919 3660 erant
2951 3604 3177 3661 minime
3234 3622 3590 3679 cognoscens.

2021 3707 2202 3762 neque
2252 3693 2427 3763 ipsihs
2467 3693 2796 3765 martyrium
2842 3693 2952 3749 hoc
2986 3694 3133 3750 iibro
3169 3710 3467 3765 reponens.
3514 3695 3591 3748 Eo

2020 3783 2167 3839 enim
2207 3784 2414 3840 ibidem
2461 3784 2656 3840 relicto
2700 3780 2881 3841 Lucas
2918 3792 2975 3840 et
3002 3783 3351 3840 Aristarchus
3386 3787 3605 3856 egressi

2022 3884 2172 3934 sunt.
2210 3876 2485 3932 Eusebius
2514 3892 2650 3933 vero
2687 3877 2742 3932 in
2781 3878 3073 3948 sequentia
3112 3887 3360 3948 tempora
3403 3890 3593 3931 exarto

2022 3968 2351 4038 conscripsit
2376 3984 2390 4022 :
2421 3976 2552 4023 tunc
2578 3968 2802 4038 quidem
2841 3969 2936 4022 ubi
2966 3983 3065 4038 pro
3096 3984 3155 4024 se
3179 3968 3408 4023 dixisset
3457 3970 3595 4023 Pau-

2021 4059 2129 4119 hts,
2166 4074 2360 4114 rursus
2381 4059 2447 4113 ad
2471 4059 2880 4130 praedicationis
2912 4060 3280 4115 ministerium
3314 4075 3435 4114 esse
3464 4061 3599 4115 mis-

2022 4167 2165 4216 sum,
2191 4166 2318 4207 cum
2341 4169 2373 4207 a
2409 4151 2625 4209 Caesare
2679 4151 2969 4208 absolutus
2999 4162 3148 4208 esset
3177 4171 3190 4208 :
3230 4151 3465 4222 aliisque
3497 4152 3595 4207 ἀοι-

2022 4259 2140 4298 cem
2172 4244 2334 4299 annis
2364 4244 2721 4315 Evangelium
2776 4243 3124 4315 pradicasse.
3175 4242 3418 4298 Tandem
3464 4259 3597 4297 vero

2026 4335 2118 4390 ubi
2171 4335 2317 4390 Nero
2362 4335 2431 4390 ad
2475 4344 2784 4391 extremum
2831 4335 3057 4392 insaniae
3110 4335 3472 4405 pervenisset,
3526 4334 3595 4388 ad

2022 4427 2199 4482 caedes
2243 4429 2618 4497 apostolorum
2651 4428 2941 4499 processit.
2970 4428 3135 4499 188
3162 4427 3449 4497 Siquidem
3500 4443 3593 4481 ac-

2022 4521 2226 4576 cersito
2255 4521 2426 4576 Paulo
2451 4536 2595 4577 anno
2612 4537 2643 4576 a
2671 4535 2832 4592 passo
2857 4519 3079 4576 CbriSto
3104 4521 3384 4575 tricesimo
3413 4527 3591 4583 sexto»,

2023 4612 2108 4669 sui
2127 4613 2492 4684 veroimperii
2524 4614 2690 4669 tertio
2706 4613 2942 4679 decimo,
2970 4613 3147 4683 ipsum
3177 4612 3611 4683 ad'martyrinm.

2026 4704 2229 4777 adegit,
2256 4705 2435 4776 capite
2465 4703 2645 4775 gladio
2671 4710 2974 4774 amputato.
3006 4702 3147 4758 Sunt
3182 4701 3365 4770 itaque
3411 4718 3440 4754 a
3493 4700 3590 4754 de-

2026 4803 2172 4857 cimo
2214 4816 2362 4856 nono
2413 4796 2620 4855 Tiberii
2665 4798 2896 4855 Ctesaris
2925 4813 3092 4859 anno,
3131 4795 3376 4852 secundo
3407 4810 3607 4850 verna

2025 4891 2248 4945 Christo
2301 4904 2482 4961 passo,
2527 4903 2650 4943 eum
2699 4886 3056 4957 Evangelium
3091 4885 3386 4956 praedicare
3428 4886 3595 4953 coepit

2028 4997 2201 5052 usque
2238 4980 2303 5034 ad
2344 4979 2666 5034 vicesimum
2713 4976 3016 5031 secundum
3080 4975 3328 5046 ejusdem
3384 4974 3594 5033 Tiberii

2029 5074 2158 5131 anni
2188 5082 2456 5143 quatuor:
2493 5079 2549 5125 et
2570 5070 2698 5125 anni
2724 5069 2839 5124 Caii
2878 5068 3137 5123 similiter
3164 5077 3437 5138 quatuor:
3466 5082 3595 5124 rur-

1971 5190 1987 5199 ο
2027 5180 2150 5221 sum
2175 5164 2305 5218 anni
2337 5161 2553 5216 Claudii
2602 5160 3045 5231 quatuordecim,
3098 5174 3261 5230 quem
3310 5159 3595 5217 insecutus

2028 5257 2172 5312 Nero
2199 5254 2362 5309 tcrtio
2383 5252 2601 5309 decimo
2623 5252 2705 5307 sui
2733 5252 3074 5322 principatus
3096 5265 3262 5311 anno,
3283 5249 3590 5321 apostolum

2030 5345 2330 5402 interemit.
2406 5345 2504 5400 ESt
2600 5344 2766 5415 igitur
2845 5358 3007 5399 omne
3081 5354 3296 5412 tempus
3396 5344 3601 5411 priori!

2031 5437 2182 5494 Pauli
2228 5435 2636 5507 praedicationis
2693 5450 2837 5488 unus
2865 5444 2922 5489 et
2952 5434 3140 5504 viginti
3187 5433 3353 5486 anni:
3416 5441 3471 5486 et
3502 5430 3593 5486 alii

2030 5529 2142 5583 duo
2178 5528 2326 5591 anni.
2356 5542 2496 5598 quos
2534 5526 2588 5581 in
2612 5540 2834 5582 carcere
2865 5527 3007 5596 apud
3045 5526 3347 5581 Cmsaream
3379 5536 3596 5578 transec

2030 5620 2113 5691 git
2141 5619 2373 5674 :ad‘ltzec
2404 5634 2622 5672 rursum
2656 5617 2767 5671 duo
2800 5617 3010 5686 priores
3044 5615 3170 5669 anni
3204 5616 3388 5668 Bonae
3420 5623 3596 5666 trans-

2028 5711 2172 5766 acti:
2207 5718 2263 5766 et
2316 5707 2598 5765 novissimi
2632 5707 2820 5762 decem
2851 5705 3000 5759 anni.
3050 5706 3131 5759 lta
3176 5715 3231 5757 ut
3263 5704 3369 5758 sint
3403 5720 3595 5758 omnes

2030 5801 2155 5855 armi
2183 5801 2251 5854 ab
2275 5801 2393 5869 ejus
2423 5798 2708 5853 vocatione
2735 5797 2801 5851 ad
2831 5809 3060 5852 mortem
3092 5812 3260 5864 usque
3296 5796 3468 5867 ipsius
3496 5798 3594 5852 tri-

2036 5894 2183 5964 ginta
2212 5893 2491 5962 quinque;
2534 5908 2561 5941 ιι
2599 5889 2849 5958 passione
2880 5898 3062 5941 autem
3100 5889 3322 5943 salutari
3374 5890 3595 5962 triginta
