4024 6586
507 411 611 478 307

1585 421 1984 482 (ECUMENII
2014 421 2306 483 TRICC/E
2344 424 2689 487 EPISCOPI

3628 430 3720 496 308

507 538 625 582 sex.
657 510 939 597 Siquidem
971 542 1000 581 a
1037 528 1241 583 Christi
1298 532 1670 601 assumptione
1702 543 1825 603 post
1870 550 2065 604 paucos

2176 536 2505 607 χειρίζονται
2561 540 2611 591 οἱ
2669 537 2955 593 ἀπόστολοι
3012 541 3092 602 εις
3151 537 3425 592 διακονίαν
3482 538 3722 610 Στέφανον

509 614 728 687 aliquot
749 617 870 673 dies
901 628 1091 675 creant
1118 620 1347 689 apostoli
1394 620 1733 693 Stephanum
1779 633 1835 680 et
1859 641 1957 682 cos
1981 633 2065 699 qui

2188 627 2429 693 καὶτοὺς
2461 629 2603 699 ἀμφὶ
2643 627 2824 683 αὐτόν.
2861 628 3091 682 Ἔπειτα
3120 628 3212 682 τὸν
3240 627 3505 698 Στέφανον
3544 632 3723 699 εὐθέως

508 719 636 759 cum
660 721 729 761 eo
762 717 921 763 erant
950 709 1005 763 in
1034 709 1426 765 ministerium.
1466 712 1675 768 Deinde
1709 716 1891 771 statim
1918 735 2077 791 repe-

2185 721 2512 792 εύρίσκομεν
2556 722 2927 792 λιθαζόμενον,
2977 721 3070 775 καὶ
3118 722 3208 774 τδν
3242 719 3450 774 Παῦλον
3498 723 3724 777 συνευδο-

509 796 685 852 rimus
729 796 1066 869 Stephanum
1114 800 1394 872 lapidibus
1440 804 1700 859 obrutum
1750 816 1806 862 et
1845 809 2065 865 Paulum

2183 812 2381 867 κοῦντα
2407 812 2483 885 τῷ
2529 814 2696 885 φόνῳ,
2738 816 2833 877 ⁸ος
2863 813 3059 884 μικρὸν
3085 810 3310 883 ὕστερον
3336 813 3415 876 είς
3458 813 3723 883 Δαμασκὸν

507 888 642 945 caedi
674 892 1146 948 consentientem:
1194 895 1287 965 qui
1322 897 1672 965 postmodum
1706 899 2065 970 proﬁciscitur

2179 906 2322 976 ὁρμᾷ
2343 945 2357 971 ,
2384 904 2460 969 ὡς
2485 908 2610 970 τοὺς
2636 908 2811 959 ἐκεῖσε
2829 905 2991 970 ὄντας
3017 904 3208 973 ἁγίους
3237 905 3564 975 ἀναιρήσων.
3588 905 3726 960 Κατὰ

506 982 851 1049 Damascum,
887 992 1146 1054 tanquam
1183 998 1405 1044 sanctos
1433 988 1529 1058 qui
1562 989 1769 1047 ibidem
1800 992 2071 1065 degebant

2183 997 2353 1068 μέσην
2381 997 2437 1053 δὲ
2481 999 2579 1067 τὴν
2606 997 2723 1052 ὁδὸν
2775 999 2809 1067 ἡ
2853 997 3045 1068 κλῆσις
3077 996 3227 1067 αὐτῷ
3264 997 3550 1066 γεγένηται
3592 995 3726 1066 παρὰ

839 1038 851 1049 ,
931 1038 935 1039 ν
968 1038 1041 1054 τ
1066 1038 1143 1040 η
1184 1038 1403 1044 ____---_
1438 1038 1529 1058 Ἰ--
1562 1038 1769 1047 .-η-ν-..
1802 1038 1867 1048 ,η
1908 1038 2065 1051 νη...

507 1071 961 1144 interempturus.
995 1075 1174 1131 Medio
1203 1086 1386 1134 autem
1418 1079 1617 1137 itinere
1640 1083 1857 1139 voeatio
1871 1038 2008 1157 1ἒξῙιιε
2041 1106 2065 1144 a

510 1165 622 1221 Deo
644 1165 783 1222 facta
806 1176 911 1233 est,
941 1179 1002 1223 ut
1024 1170 1112 1225 vix
1134 1170 1297 1226 fuerit
1319 1188 1495 1229 annus
1522 1173 1613 1230 ille
1632 1176 1901 1247 expletus.
1930 1175 2065 1233 Com

509 1254 689 1301 restim
722 1266 903 1301 αιιῑιηη
939 1261 1235 1301 ηναηὶἰρονο
1286 1264 1452 1301 omnis
1506 1267 1932 1301 αιιιηοιηωπίοηιη
1977 1269 2065 1301 Αηί

2183 1038 2351 1068 ι”””’Ἰ’
2381 1038 2437 1053 ‘”’
2490 1038 2576 1067 "l'
2606 1038 2720 1052 """'
2781 1038 2809 1067 Ἰ
2854 1038 3042 1068 ”’“’6“’ν
3078 1038 3226 1067 ’⁸⁷’Υ
3276 1038 3550 1066 l'l"'|""
3600 1038 3726 1066 ”’Ἰ’““
3777 1061 3782 1065 .

2178 1089 2346 1154 Θεοῦ,
2397 1089 2471 1152 ὡς
2513 1089 2692 1160 μικρῷ
2740 1088 3231 1159 προσαναλωθῆναι
3276 1086 3338 1141 τὺ
3383 1086 3502 1151 ἔτος
3549 1089 3722 1141 ἐκεῖνο.
3762 1108 3778 1131 -’

2178 1178 2390 1241 Εὐθέως
2405 1178 2461 1232 δὲ
2478 1178 2680 1251 ἦρξατο
2701 1179 2996 1250 κηρύσσειν
3032 1178 3424 1250 ἐπιλαϐομένου
3474 1182 3720 1232 ἐννεακαιι

2176 1268 2404 1301 κερέα-Α..
2434 1270 2586 1301 8-....-
2621 1269 2870 1301 σικκηι-..
2908 1271 3189 1301 ιτ..ι-..,...-
3242 1270 3334 1301 ..-ι
3376 1269 3454 1301 ,ει
3500 1287 3699 1301 --.ι-υ...

510 1165 622 1221 Deo
644 1165 783 1222 facta
806 1176 911 1233 est,
941 1179 1002 1223 ut
1024 1170 1112 1225 vix
1134 1170 1297 1226 fuerit
1319 1188 1495 1229 annus
1522 1173 1613 1230 ille
1632 1176 1901 1247 expletus.
1930 1175 2073 1233 Con-

509 1254 689 1311 festim
722 1266 903 1314 autem
939 1261 1235 1329 praedicare
1286 1264 1455 1335 cmpit
1505 1267 1933 1337 superveniente
1976 1269 2072 1325 dc-

506 1346 652 1403 cimo
680 1364 826 1405 nono
875 1350 1082 1407 Tiberii
1107 1351 1334 1411 Caesaris
1364 1371 1545 1413 anno:
1572 1373 1635 1414 ac
1676 1360 2073 1417 tertiodecimo

507 1437 742 1496 Neronis
769 1456 916 1498 anno
939 1441 1295 1513 interimitur,
1320 1447 1496 1519 capite
1540 1450 1723 1520 gladio
1750 1460 2057 1523 amputato.

543 1661 1641 1681 τηαν-ω

2178 1178 2390 1241 Εὐθέως
2405 1178 2461 1232 δὲ
2478 1178 2680 1251 ἦρξατο
2701 1179 2996 1250 κηρύσσειν
3032 1178 3424 1250 ἐπιλαϐομένου
3474 1182 3720 1232 ἐννεακαιι

2176 1268 2404 1322 δεκάτου
2433 1270 2586 1334 ἔτους
2621 1269 2871 1343 Τιϐερίου
2908 1271 3220 1341 Καίσαρος,
3242 1270 3338 1324 καὶ
3376 1269 3455 1342 τῷ
3500 1287 3702 1341 τρισκαι

2173 1360 2382 1432 δεκάτῳ
2416 1363 2525 1416 ἔτει
2553 1362 2813 1433 Νέρωνος
2848 1362 3173 1428 τελειοῦται,
3203 1362 3348 1431 ξίφει
3381 1362 3480 1433 τὴν
3508 1361 3725 1432 κεφαλὴν

2174 1454 2537 1525 ἀποτμηθείς.

1644 1827 2585 1989 ΔΙΗΓΗΣΙΣ

2040 2050 2204 2105 ΠΕΡΙ

1138 2212 1369 2300 ΤΟΥ
1453 2214 1791 2303 ΑΓΙΟΥ
1844 2215 2065 2305 ΑΠΟ

2169 2216 2528 2307 ΓΟΛΟΥ
2591 2174 3093 2312 mmor.

1724 2575 2459 2690 NARRATIO

1262 2808 1411 2901 DE
1457 2805 1757 2904 οινο
1827 2809 2222 2903 PAULO
2295 2810 2960 2915 APOSTOLO.

609 3176 770 3250 139
801 3175 1124 3234 EUTHALII
1162 3176 1437 3236 omcom
1473 3180 1955 3258 pnoaocusm.

568 3297 773 3355 Paulus
804 3298 1089 3369 apostolus
1125 3297 1391 3357 Hebraeus
1421 3300 1647 3371 quidem
1678 3310 1799 3359 erat
1840 3318 2065 3375 genere,

496 3406 566 3447 ex
609 3390 759 3446 tribu
817 3389 1124 3463 Beniamin,
1184 3390 1525 3463 professione
1579 3394 1913 3461 Pharisaus,
1964 3395 2068 3454 sub

497 3492 836 3554 praeceptore
872 3481 1020 3539 ﬁdeli
1049 3480 1350 3539 Gamaliele
1402 3482 1570 3558 Moysi
1605 3485 1782 3556 legem
1817 3485 2068 3544 edoctus.

501 3573 608 3650 Ad»
635 3574 752 3630 haec
808 3573 1043 3629 Tarsum
1088 3588 1214 3645 qua
1285 3572 1495 3631 Ciliciae
1531 3576 1728 3633 oculus
1771 3587 1857 3633 est
1900 3578 2066 3650 (quod

498 3648 678 3736 aiunt)
716 3664 1055 3723 inhabitans.
1085 3665 1530 3736 Persequebatur
1567 3678 1749 3724 autem
1793 3679 1850 3725 et
1891 3648 2068 3741 impu-

496 3758 702 3829 gnabat
747 3757 845 3813 Dei
868 3757 1166 3815 Ecclesiam
1206 3774 1221 3812 :
1254 3757 1490 3829 ideoque
1533 3758 1798 3830 Stephani
1835 3762 2069 3833 apostoli

495 3860 553 3907 et
582 3850 837 3923 martyris
864 3850 999 3907 cadi
1023 3851 1308 3919 intererat,
1335 3867 1399 3908 ac
1418 3851 1705 3908 homicidii
1735 3862 1866 3909 tunc
1891 3855 2065 3924 parti-

497 3958 629 4013 ceps
660 3950 800 4007 erat,
825 3941 1098 4013 susceptis
1130 3942 1188 3999 in
1217 3943 1521 4001 custodiam
1549 3945 1768 4001 cunctis
1798 3945 1953 4001 illum
1986 3946 2066 4002 la-

497 4033 806 4106 pidantinm
848 4034 1208 4098 indumentis,
1251 4046 1314 4092 ut
1374 4037 1620 4091 omnium
1673 4037 1931 4093 manibus
1995 4037 2065 4093 ad

496 4130 700 4186 caedem
730 4136 978 4185 uteretur
1003 4146 1017 4184 :
1046 4129 1366 4201 primusque
1387 4144 1513 4185 cum
1540 4128 1628 4185 his
1648 4130 1741 4199 qui
1766 4129 2066 4185 seditiones

495 4220 793 4277 movebant
831 4219 1298 4291 conspiciebatur,
1346 4219 1579 4290 perdere
1630 4220 1835 4289 ubique
1882 4221 2066 4277 nitens

492 4314 738 4369 delectos
784 4312 1005 4382 pietatis
1052 4313 1312 4368 cultores.
1370 4311 1535 4366 Multa
1588 4311 1776 4382 itaque
1823 4318 1953 4367 sunt
2000 4326 2065 4366 ac

495 4419 691 4475 magna
732 4419 855 4473 quae
891 4404 1157 4460 adversus
1196 4403 1501 4460 Ecclesiam
1545 4402 1614 4458 ab
1646 4417 1714 4457 co
1747 4411 2060 4472 perpetrata

493 4503 623 4552 sunt
660 4514 674 4550 :
718 4494 967 4564 nihilque
1010 4493 1079 4549 ad
1118 4493 1497 4550 incredibilem
1564 4507 1738 4562 usque
1788 4490 2057 4546 insaniam
2090 4539 2131 4564 μ

495 4587 866 4658 praetermisit.
899 4585 1034 4643 Nam
1071 4587 1127 4641 in
1153 4586 1260 4645 hoc
1288 4601 1348 4641 se
1373 4586 1543 4641 Deum
1567 4584 1747 4641 colere
1777 4599 1841 4639 ac
1870 4584 2064 4639 rectis-

494 4680 629 4734 sime
656 4694 817 4750 agere
842 4678 1234 4744 arbitrabatur,
1258 4678 1404 4735 sicut
1435 4677 1552 4748 ipse
1574 4677 1630 4732 in
1650 4676 1898 4746 epistolis
1923 4693 2059 4733 eon-

496 4771 700 4833 litetur,
734 4777 793 4824 et
821 4768 996 4825 Lucas
1032 4766 1276 4825 secundo
1310 4781 1411 4823 suo
1442 4765 1587 4821 libro
1613 4764 1827 4821 scribit.
1871 4764 2062 4835 Neque

494 4861 643 4916 enim
689 4860 870 4916 solum
913 4860 1112 4927 hic,ut
1159 4857 1386 4930 plurimi
1428 4857 1766 4924 Iudaeorum,
1815 4855 2063 4912 veritatis

495 4951 943 5025 pradicationem
983 4951 1308 5023 jamdudum
1344 4950 1537 5006 oderat
1572 4958 1629 5005 et
1679 4947 2055 5013 aversabatur,

494 5060 685 5102 verum
717 5043 885 5099 etiam
925 5045 1186 5116 majorem
1241 5043 1454 5100 ferebat
1474 5042 1613 5098 iram
1644 5057 1813 5113 quam
1853 5042 2062 5113 quaevis

494 5153 630 5211 gens
643 5136 1012 5195 ethnicorum.
1034 5136 1108 5193 Ut
1134 5151 1266 5206 ergo
1296 5134 1434 5190 vidit
1457 5133 1837 5204 splendentem
1863 5132 2063 5204 praedi-

490 5229 784 5299 cationem,
818 5243 882 5283 ac
904 5227 1163 5284 ﬂoridum
1196 5227 1442 5284 veritatis
1481 5241 1788 5283 sermonem
1828 5226 2062 5294 majores

468 5323 772 5393 «suscipere
829 5321 994 5385 vires,
1052 5320 1211 5391 190
1260 5335 1425 5390 quam
1477 5319 1725 5374 doctrina
1767 5316 1997 5374 Judaica
2045 5337 2059 5372 :

488 5423 799 5470 commotus
850 5413 903 5467 in
948 5412 1073 5475 hoc,
1128 5425 1194 5466 ac
1246 5410 1500 5482 iniuriam
1563 5409 1865 5465 arbitratus
1932 5409 2050 5465 lieri

491 5506 802 5571 maximam,
846 5505 991 5575 quod
1028 5504 1246 5559 illorum
1290 5502 1537 5559 doctrina
1572 5501 1787 5557 veniret
1831 5502 1888 5556 in
1922 5516 2058 5557 con-

493 5607 781 5671 templum.
813 5598 962 5655 omni
1000 5596 1433 5669 promptitudine
1461 5611 1525 5652 ac
1572 5594 1755 5651 studio
1795 5592 2062 5650 adversus

2381 3187 2726 3244 ΕΥΘΑΛΙΟΥ
2762 3187 3113 3243 ΔῘΔΚΟΝΟΥ
3149 3187 3511 3243 ΠΡΟΔΟΙὈΣ

2241 3301 2456 3364 Παῦλος
2485 3304 2514 3357 ὁ
2544 3301 2866 3370 ἀπόστολος,
2916 3300 3166 3373 Ἐϐραῖος
3200 3301 3301 3373 μὲν
3346 3296 3416 3374 ἦν
3462 3304 3523 3357 τὸ
3553 3303 3721 3368 γένος,

2169 3397 2234 3451 lx
2272 3392 2447 3466 φυλῆς
2480 3394 2762 3466 Βενιαμὶν,
2792 3394 3084 3467 Φαρισαῖος
3118 3392 3175 3446 δὲ
3220 3392 3323 3462 τὴν
3356 3394 3592 3465 αἵρεσιν,
3630 3393 3726 3448 ὑπὸ

2167 3487 2470 3559 διδασκάλῳ
2524 3502 2583 3541 τε
2622 3485 2802 3556 πιστῷ
2831 3484 2910 3556 τῷ
2956 3483 3264 3557 Γαμαλιὴλ,
3315 3484 3408 3539 τὸν
3462 3486 3727 3549 Μωῦσέως

2168 3578 2332 3649 νόμον
2382 3574 2906 3647 ἔκπεπαιδευμένος.
2956 3574 3101 3646 Πρὸς
3140 3574 3197 3628 δὲ
3245 3574 3478 3641 τούτοις,
3504 3576 3593 3629 τδν
3637 3574 3727 3643 τῆς

2170 3668 2425 3733 Κιλικίας
2476 3667 2756 3739 ὀφθαλμὸν
2804 3666 2990 3735 οἰκῶν,
3019 3666 3119 3738 τὴν
3166 3667 3403 3739 Ταρσὸν,
3434 3667 3645 3722 διώκων
3676 3665 3728 3720 δὲ

2169 3763 2261 3815 καὶ
2306 3761 2525 3832 πορθῶν
2554 3760 2651 3831 τὴν
2685 3760 3018 3831 Ἐκκλησίαν
3060 3758 3154 3814 τοῦ
3210 3758 3372 3814 Θεοῦ.
3419 3759 3513 3813 Διὸ
3541 3760 3606 3830 δὴ
3646 3757 3728 3812 καὶ

2168 3853 2467 3925 συμπαρῆν
2492 3855 2560 3926 τῇ
2587 3852 2865 3922 ἀναιρέσει
2894 3850 3170 3921 Στεφάνου
3192 3848 3288 3905 τοῦ
3323 3851 3622 3905 ἀποστόλου
3644 3848 3730 3903 καὶ

2168 3948 2467 4019 μάρτυρος,
2494 3945 2752 4009 κοινωνός
2777 3963 2837 3998 τε
2870 3939 2937 4017 ἦν
2966 3943 3087 3999 τότε
3112 3942 3204 3998 τοῦ
3231 3943 3413 4013 φόνου,
3448 3944 3519 3998 τὰ
3566 3945 3729 3997 πάντα

2170 4040 2366 4110 ἱμάτια
2388 4040 2497 4093 τῶν
2524 4036 2943 4092 λιθοϐολούντων
2976 4034 3139 4089 αὑτὸν
3171 4032 3605 4104 καταδεξάμενος
3636 4049 3729 4101 φυ-

2166 4131 2402 4195 λάττειν,
2445 4130 2532 4184 ἵνα
2577 4130 2698 4193 ταῖς
2741 4129 2956 4183 πάντων
2978 4128 3135 4199 χερσὶ
3157 4127 3432 4198 χρήσηται
3467 4125 3600 4197 πρὸς
3627 4125 3710 4177 τὸν

2167 4224 2347 4294 φόνον.
2383 4223 2496 4277 Καὶ
2525 4220 2738 4293 πρῶτος
2772 4220 2829 4273 δὲ
2865 4218 3008 4286 μετὰ
3037 4217 3149 4271 τῶν
3203 4215 3606 4280 στασιαζόντων
3639 4215 3731 4268 ὲωο

2168 4318 2324 4389 ρᾶτο.
2363 4311 2643 4381 πανταχοῦ
2678 4309 2994 4375 σπουδάζων
3033 4308 3322 4379 καθαιρεῖν
3350 4308 3482 4371 τοὺς
3524 4307 3625 4376 τῆς
3644 4305 3728 4358 εὖ·

2168 4406 2387 4473 σεϐείας
2411 4404 2663 4473 λογάδας.
2696 4401 2873 4456 Πολλά
2898 4416 2960 4453 τε
2987 4394 3054 4471 ἦν
3088 4399 3183 4452 καὶ
3229 4398 3439 4469 μεγάλα
3491 4398 3561 4452 τὰ
3607 4396 3727 4466 παρ’

2167 4495 2331 4550 αὑτοῦ
2370 4493 2511 4549 κατὰ
2538 4494 2637 4563 τῆς
2676 4490 3007 4560 Ἐκκλησίας
3033 4489 3316 4560 γινόμενα,
3346 4489 3441 4543 καὶ
3467 4487 3620 4542 οὐδὲν
3658 4485 3730 4547 είς

2172 4588 2481 4661 ὑπερϐολὴν
2510 4584 2705 4658 μανίας
2729 4583 2993 4637 ἐνέλιπεν.
3026 4583 3116 4635 Ἐν
3148 4579 3321 4652 τούτῳ
3353 4579 3462 4650 γὰρ
3496 4577 3731 4633 εὐσεϐεῖν

2172 4680 2267 4734 καλ⁸
2297 4677 2368 4733 τὰ
2409 4677 2643 4748 μέγιστα
2673 4674 2974 4744 κατορθοῦν
3002 4673 3238 4744 ἐνόμιζε,
3275 4670 3455 4734 καθὼς
3491 4671 3652 4731 αὐτός
3676 4683 3731 4719 τε

2170 4773 2230 4826 ὲν
2254 4770 2374 4833 ταῖς
2404 4767 2717 4830 ἐπιστολαῖς
2755 4766 3030 4837 ὁμολογεῖ,
3066 4765 3160 4818 καὶ
3205 4764 3419 4826 Λουκᾶς
3450 4762 3651 4833 ἱστορεῖ
3678 4760 3730 4812 ὲν

2169 4866 2236 4935 τῇ
2258 4863 2487 4933 δευτέρᾳ
2514 4860 2679 4931 βίϐλῳ
2706 4858 2922 4912 ἑαυτοῦ.
2956 4856 3031 4911 Οὐ
3062 4856 3219 4925 μόνον
3248 4854 3354 4927 γὰρ
3392 4848 3547 4916 οὗτος
3571 4851 3729 4905 πάλαι

2170 4955 2312 5010 κατὰ
2340 4954 2472 5017 τοὺς
2505 4950 2732 5014 πολλοὺς
2784 4949 2894 5003 τῶν
2924 4947 3194 5001 Ἰουδαίων
3226 4946 3403 5015 ἐμίσει
3431 4962 3490 4998 τε
3520 4944 3615 4998 καὶ
3633 4945 3729 4997 ἀπ-

2168 5046 2460 5118 εστρέφετο
2489 5043 2552 5098 τὸ
2600 5045 2697 5113 τῆς
2748 5040 3006 5112 ἀληθείας
3051 5038 3331 5110 κήρυγμα,
3362 5034 3496 5089 ἀλλᾶ
3542 5035 3606 5106 δὴ
3642 5032 3729 5086 καὶ

2171 5140 2396 5212 μείζονα
2426 5136 2627 5200 παντὸς
2661 5135 2755 5188 τοῦ
2789 5133 2975 5197 ἔθνους
3002 5131 3171 5205 ὀργὴν
3201 5132 3455 5184 ἐποιεῖτο.
3502 5129 3591 5192 Ὠς
3625 5125 3725 5194 γὰρ

2169 5229 2275 5287 εἶδε
2301 5230 2363 5285 τὸ
2403 5229 2668 5299 κήρυγμα
2701 5225 3028 5295 διαλάμψαν,
3062 5223 3157 5277 καὶ
3198 5222 3291 5274 τὸν
3332 5221 3433 5292 τῆς
3477 5218 3725 5289 ἀληθείας

2164 5321 2365 5391 εὐθαλῆ
2417 5318 2575 5387 λόγον
2624 5315 3082 5387 ἐπικρατέστερον
3117 5311 3219 5378 τῆς
3245 5307 3547 5378 Ἰουδαϊκῆς
3591 5305 3727 5359 διδα-

2164 5412 2388 5475 σκαλίας
2416 5411 2722 5479 γινόμενον,
2753 5406 2943 5461 παθὼν
2986 5406 3121 5476 προς
3148 5404 3329 5468 τοῦτο,
3373 5403 3465 5456 καὶ
3505 5399 3724 5470 νομίσας

2162 5498 2464 5556 ἀδικεῖσθαι
2488 5496 2556 5550 τὰ
2591 5497 2844 5567 μέγιστα,
2882 5495 2979 5565 τῆς
3005 5492 3350 5556 διδασκαλίας
3394 5488 3569 5546 αὐτῶν
3595 5491 3720 5543 ἀνα-

2162 5590 2525 5667 τρεπομένης,
2559 5590 2739 5645 πᾶσαν
2788 5586 3101 5661 προθυμίαν
3162 5583 3257 5638 καὶ
3309 5580 3544 5648 σπουδὴν
3590 5574 3724 5631 κατὰ

562 5806 638 5876 (I)
667 5806 1035 5885 βξξιιει-ορυιε
1065 5799 1737 5885 ξιιψειιίιιψδῡίοοοηωῖι,
1770 5799 1824 5853 ἰη
1845 5798 1973 5885 eius
2027 5797 2349 5853 recensione
2405 5793 2771 5865 Epistolarum
2802 5791 2860 5848 S.
2890 5789 3075 5856 Pauli,
3121 5788 3352 5860 hujusce
3410 5783 3721 5855 Patrolpgiaz

498 5869 634 5936 tom.
665 5869 1056 5943 ιῚθΧΧνίοοΙ.
1091 5874 1216 5942 695,
1244 5871 1336 5928 sed
1366 5869 1490 5927 ciim
1522 5886 1714 5940 magna
1742 5869 2025 5925 varietate.

3745 1300 3758 1348 ί
