4024 6544
281 446 391 509 309

1327 449 1706 510 COMMENT.
1753 446 1828 507 IN
1868 445 2109 511 EPISTZ
2149 452 2256 511 AD’
2286 451 2466 511 ΗΘΜ.

3427 433 3534 498 311)

278 558 393 610 τῶν
420 559 515 626 τῆς
547 558 870 629 Ἐκκλησίας
888 561 1217 632 θρεμμάτων
1238 562 1491 629 ἐποιεῖτο,
1512 563 1658 625 ὅπως
1678 562 1741 616 ἂν
1765 561 1861 613 αὐ-

1975 564 2499 620 Ερυίυεὶιεάιυιιιιιοε
2520 561 2922 623 coneitabatur,
2948 571 3056 628 quo
3082 554 3164 611 vel
3197 548 3319 608 illus
3349 566 3532 607 a‘vera

279 651 417 713 ⁸τοὺς
457 648 488 719 ἦ
530 651 627 721 τῆς
672 650 905 722 ἀληθοῦς
937 653 1285 716 διδασκαλίας
1314 655 1690 726 ἀποστήσειεν,
1719 656 1752 724 ἢ
1786 652 1855 706 δίο

280 757 395 812 κην
436 742 593 807 ἑξίαν
614 743 711 810 τῆς
740 744 819 806 είς
842 743 933 795 τὸν
964 744 1194 812 Χριστὸν
1220 745 1451 807 πίστεως
1498 743 1859 815 εἰσπράξειεν.

276 833 677 902 Κομισάμενος
734 834 866 891 δὲνὸ
916 835 1128 899 Παῦλος
1175 836 1328 907 παρά
1378 836 1486 891 τῶν
1547 838 1738 908 ἱερέων
1770 838 1864 890 καὶ

275 923 630 978 διδασκάλων
661 924 951 989 ἐπιστολὰς
990 926 1110 980 κατ’
1135 930 1313 982 ἐκεῖνο
1348 929 1483 1001 πρὸς
1528 928 1653 993 τούς
1681 931 1736 983 ἐν
1761 932 1865 983 Aa-

278 1016 489 1086 μασκῷ
518 1017 824 1083 Ἰουδαίους,
856 1018 1082 1095 ὥρμησε
1111 1023 1407 1093 μορμύρων
1435 1022 1622 1093 ὥσπερ
1647 1041 1728 1085 τις
1747 1024 1863 1095 χεί-

281 1111 506 1181 μειῤῥος
532 1109 752 1180 λάϐρος,
786 1111 1135 1182 περικλύσειν
1163 1112 1338 1167 δοκῶν
1360 1115 1487 1178 τοὺς
1512 1116 1568 1167 ἐν
1590 1117 1867 1187 Δαμασκῷ

286 1200 565 1271 μαθητὰς,
604 1202 700 1255 καὶ
730 1203 811 1266 είς
841 1203 901 1257 τὸ
931 1203 1032 1274 τῆς
1061 1204 1337 1269 ἀπωλείας
1372 1207 1570 1270 αὐτοὺς
1594 1207 1868 1279 βάραθρον

283 1290 625 1359 ἐκπέμψειν.
656 1292 823 1357 Γνοὺς
854 1293 911 1347 δὲ
944 1296 972 1348 6
1006 1292 1209 1365 Κύριος
1235 1297 1316 1351 ὅτι
1345 1296 1528 1351 ἄδικον
1562 1298 1780 1367 μανίαν,
1813 1299 1868 1350 ὲν

282 1379 483 1451 δικαίᾳ
503 1382 662 1453 δῆθεν
690 1385 1028 1455 προαιρέσει,
1059 1386 1341 1454 ἐκέκτητο,
1373 1390 1431 1441 ὲν
1465 1388 1607 1461 μέσῃ
1652 1392 1718 1460 τῇ

284 1474 599 1540 ἐπιφανεὶς,
631 1476 969 1549 ἀπεστέρησε
1016 1480 1116 1550 μὲν
1149 1480 1308 1534 αὐτὸν
1333 1484 1430 1552 τῆς
1466 1481 1642 1551 ὅψεως
1666 1481 1743 1553 τῷ
1773 1501 1867 1554 μευ

286 1564 446 1633 γέθει
469 1566 564 1619 τοῦ
592 1567 791 1634 φωτός.
822 1570 931 1623 Καὶ
965 1569 1215 1624 τοσοῦτον
1239 1572 1294 1625 δὲ
1329 1571 1588 1642 μέτεισιν,
1612 1572 1752 1626 ὥστε
1778 1573 1871 1628 τδν

291 1657 465 1712 πάλαι
491 1658 640 1713 οὐδὲν
667 1662 697 1714 ὃ
725 1661 902 1715 τιτῶν
923 1662 1113 1717 δεινῶν
1146 1664 1288 1717 κατά
1310 1665 1408 1735 τῆς
1424 1664 1746 1736 Ἑκκλησίας
1773 1667 1873 1720 οὐκ

293 1751 639 1810 ἐπινοοῦντα,
669 1751 766 1822 καὶ
797 1754 1005 1818 πάντας
1028 1754 1155 1817 τοὺς
1199 1755 1449 1827 μαθητάς
1481 1757 1742 1812 ἀπολέσει
1772 1758 1874 1831 ἄρ-

290 1839 392 1909 δην
425 1840 845 1911 προσδοκῶντα,
874 1843 1074 1898 αὐτίκα
1091 1846 1154 1919 δὴ
1180 1846 1365 1900 τοῦτον
1393 1848 1484 1901 καὶ
1507 1850 1871 1920 παραχρῆμα,

290 1932 583 2003 ἀγαπητὸν
649 1935 847 1990 ἑαυτοῦ
900 1937 1225 1991 πιστότατον
1274 1940 1607 2010 ἡγήσασθαι.
1665 1939 1872 2012 Ἱκέτης

294 2023 415 2093 γάρ
438 2023 598 2086 εὐθὺς
620 2024 718 2078 τοῦ
747 2025 906 2092 Θεοῦ,
939 2029 967 2081 6
1002 2028 1258 2099 πολέμιος
1293 2029 1524 2098 γίνεται,
1559 2032 1872 2102 παραυτίκα

288 2114 358 2168 τὸ
415 2115 699 2187 σύνταγμα
726 2119 828 2189 τῆς
879 2119 1077 2190 μανίας
1103 2112 1571 2191 ἀπορῤιψάμενος,
1602 2124 1681 2187 εἰς
1739 2142 1873 2191 πρε-

294 2206 496 2261 σϐείαν
528 2207 745 2280 ἐχώρει,
781 2210 876 2264 καὶ⁸
912 2212 1012 2281 τὴν
1038 2214 1118 2277 εἰς
1151 2213 1386 2283 Χριστὸν
1431 2216 1714 2271 εὐσέϐειαν
1742 2221 1873 2287 ὁμο-

292 2297 476 2364 λογεῖ,
508 2300 602 2355 καὶ
637 2301 916 2372 πέμπεται
949 2303 1083 2376 πρὸς
1110 2303 1362 2357 Ἀνανίαν
1386 2305 1506 2359 τινὰ
1540 2306 1789 2380 μαθητὴν
1817 2310 1875 2362 ὲν

290 2390 600 2461 Δαμασκῷ.
634 2391 781 2445 Ἰδὼν
814 2393 870 2446 δὲ
903 2396 931 2447 6
968 2396 1066 2467 τῆς
1093 2396 1344 2466 ἀληθείας
1395 2396 1689 2469 ἐξεταστὴς
1744 2400 1877 2465 Θεὸς

294 2483 742 2551 σωφρονισθέντα
774 2486 864 2538 τὸν
889 2486 1079 2557 ἄνδρα,
1106 2488 1200 2542 καὶ
1233 2487 1429 2557 βελτίω
1453 2494 1517 2543 ὲκ
1547 2490 1658 2544 τῶν
1688 2492 1876 2547 κακῶν

291 2572 586 2638 γεγονότα,
628 2575 725 2645 οὐχ
770 2575 973 2647 ἑτέρως
1022 2578 1237 2651 αὐτὺνῆ
1268 2579 1443 2643 οὕτως
1487 2578 1875 2653 ἀπαλλαγήσε-

293 2662 433 2714 σθαι
461 2663 557 2731 τῆς
597 2664 870 2735 τιμωρίας
897 2667 1024 2736 ἔφη.
1066 2669 1401 2735 Βαπτίζεται
1433 2670 1563 2741 γοῦν
1594 2672 1871 2741 ἀπελθὼν,

293 2751 403 2803 καὶ
435 2753 541 2804 τῶν
576 2755 906 2827 ἀπορρήτων
959 2759 1276 2829 μυστηρίων
1326 2763 1539 2830 γίνεται
1597 2766 1873 2832 κοινωνὸς,

292 2844 403 2895 καὶ
436 2845 722 2917 σύμμαχος
747 2848 1044 2920 ἀξιόχρεως
1070 2850 1164 2905 τοῦ
1206 2853 1579 2925 κηρύγματος.
1612 2858 1724 2911 Καὶ
1753 2876 1876 2913 και-

293 2935 397 2987 νδν
424 2938 684 3009 κήρυγμα
717 2941 1102 3010 ὲμπιστευθεὶς
1131 2945 1284 3014 παρά
1321 2945 1414 3000 τοῦ
1444 2948 1602 3014 Θεοῦ,
1630 2951 1877 3005 καινοτέ-

293 3045 409 3099 ραν
441 3022 554 3099 εἶχε
584 3031 682 3095 τῆς
726 3032 1000 3103 σωτηρίας
1028 3033 1127 3106 τὴν
1167 3036 1442 3109 ἀφορμήν.
1475 3039 1758 3110 Τοσαύτην
1785 3038 1877 3096 οῦν

298 3120 612 3191 μεταϐολὴν
638 3124 668 3177 6
709 3125 980 3196 μακάριος
1031 3124 1243 3192 Παῦλος
1282 3128 1551 3197 ἐσχηκὼς,
1587 3127 1752 3183 ἔτιδὲ
1783 3133 1876 3185 καὶ

1964 662 2211 717 doctrina
2247 667 2549 722 revocaret,
2578 657 2661 711 vel
2704 655 2772 709 ab
2808 652 2889 708 eis
2916 648 3142 705 meritas
3175 645 3247 701 ob
3282 643 3443 699 ﬁdem
3477 642 3534 696 in

1964 750 2242 808 Christum
2259 766 2446 821 pcenas
2473 748 2733 818 exigeret.
2755 743 2892 800 Cum
2910 757 3040 813 ergo
3068 738 3372 809 accepisset
3394 736 3540 790 Pau-

1966 844 2052 898 lus
2076 859 2141 897 eo
2163 852 2405 912 tempore
2427 839 2685 911 epistolas
2707 856 2735 892 a
2754 833 3132 893 sacerdotibus
3155 840 3209 886 et
3240 828 3537 899 magistris,
3562 872 3565 876 λ

1967 935 2033 990 ad
2064 935 2283 990 Iudaeos
2329 934 2421 1004 qui
2450 932 2773 987 habitabant
2802 927 3074 991 Damasci,
3100 938 3299 995 magno
3330 922 3563 992 impetm

1969 1044 2034 1083 ac
2061 1028 2274 1082 fervore
2303 1026 2580 1082 ferebatur
2606 1025 2663 1080 in
2685 1023 2908 1079 modum
2940 1019 3088 1093 pleni
3111 1016 3395 1090 cujusdam
3422 1022 3539 1069 tor-

1971 1123 2161 1183 rentis,
2195 1118 2289 1189 qui
2320 1119 2637 1174 habitantes
2654 1114 2902 1172 Damasci
2926 1112 3225 1183 discipulos
3250 1109 3539 1164 demersu-

1972 1228 2065 1267 rus
2090 1209 2399 1275 videbatur,
2425 1218 2589 1279 atque
2622 1208 2676 1262 in
2706 1204 3035 1278 perditionis
3064 1202 3388 1259 barathrum
3420 1199 3563 1253 illos,

1971 1302 2328 1357 dimissurus.
2362 1300 2498 1358 Cum
2538 1310 2720 1355 autem
2749 1297 2963 1353 viderat
2991 1296 3258 1350 Dominus
3280 1291 3427 1364 quod
3459 1290 3542 1344 in-

1968 1395 2171 1467 justam
2201 1393 2489 1458 insaniam,
2528 1392 2582 1445 in
2608 1389 2756 1463 justa
2786 1388 3040 1443 videlicet
3075 1386 3376 1448 voluntate,
3423 1397 3539 1436 ser—

1973 1491 2147 1547 varet,
2177 1483 2231 1537 in
2267 1480 2447 1536 medio
2482 1480 2581 1535 viae
2615 1493 2906 1550 apparens,
2957 1491 3068 1548 prae
3102 1474 3240 1530 lucis
3267 1472 3544 1544 magnitu-

1975 1575 2125 1640 dine,
2172 1574 2456 1630 oculorum
2508 1581 2735 1643 aspectu
2780 1560 3038 1642 privavit,
3097 1576 3151 1624 et
3205 1574 3359 1621 tanto
3396 1564 3545 1619 hunc

1974 1665 2289 1739 aggreditur
2315 1664 2544 1735 impetu,
2567 1674 2629 1720 ut
2660 1679 2810 1729 eum,
2851 1662 2943 1733 qui
2976 1659 3129 1732 prius
3162 1658 3426 1714 adversus
3446 1657 3547 1711 Ec-

1976 1758 2196 1814 clesiam
2228 1756 2527 1829 grassande
2558 1757 2771 1811 nullum
2800 1755 3112 1810 adverteret
3142 1759 3237 1807 aut
3269 1750 3546 1806 detrecta-

1978 1862 2062 1907 ret
2116 1851 2447 1922 periculum,
2496 1866 2797 1920 omnesque
2856 1847 3062 1904 Christi
3121 1844 3424 1916 discipulos
3486 1859 3545 1897 se

1974 1943 2221 1999 funditus
2241 1943 2584 2014 perditurum
2607 1949 2874 2013 speraret,
2894 1942 3004 2012 jam
3023 1940 3207 1995 statim
3232 1954 3297 1992 ac
3319 1945 3547 2006 repente

1976 2035 2355 2092 ﬁdelissimum
2401 2034 2487 2090 sui
2541 2023 2845 2089 amatorem
2908 2032 3227 2088 instrueret.
3288 2028 3547 2086 Protinus

1975 2128 2121 2184 enim
2153 2144 2218 2184 ex
2260 2127 2416 2182 hoste
2447 2125 2625 2181 factus
2650 2135 2736 2180 est
2758 2124 2851 2179 Dei
2882 2123 3155 2186 minister,
3181 2131 3239 2176 et
3272 2120 3420 2174 illico
3443 2118 3544 2173 ab-

1970 2225 2116 2294 jeeta
2151 2223 2442 2277 dementia:
2477 2221 2635 2293 copia
2668 2219 2914 2284 militari,
2955 2217 3020 2273 ad
3048 2216 3383 2288 legationem
3414 2231 3555 2284 pro-7

1977 2314 2144 2379 cedit,
2174 2313 2488 2384 Christique
2529 2312 2819 2382 proﬁtetur
2858 2309 3094 2373 cultum,
3124 2323 3189 2363 ac
3216 2306 3449 2362 mittitur
3478 2305 3561 2360 ad-

1978 2405 2242 2458 Ananiam
2277 2401 2566 2473 quemdam
2614 2401 3008 2455 Damasccnum
3055 2397 3405 2467 discipulum.
3454 2395 3546 2449 ln-

1980 2496 2152 2551 tuitus
2197 2504 2380 2549 autem
2426 2492 2676 2548 veritatis
2718 2489 3005 2561 indagator
3051 2488 3198 2543 Deus
3237 2485 3546 2540 modestum

1972 2587 2083 2658 jam
2120 2584 2399 2639 redditum
2438 2582 2639 2646 virum,
2690 2579 3009 2649 relictisque
3057 2576 3217 2631 malis
3263 2573 3548 2630 meliorem

1976 2676 2257 2740 ell'ectum,
2288 2692 2398 2730 non
2433 2675 2592 2730 aliter
2623 2674 2775 2728 illum
2807 2687 2971 2743 quam
3007 2672 3117 2726 hoc
3148 2670 3310 2724 modo
3342 2677 3401 2722 ut
3433 2669 3551 2736 ipse

1978 2767 2309 2837 supplicium
2375 2765 2633 2820 evaderet
2700 2764 2968 2819 decrevit.
3032 2762 3301 2833 Egressus
3365 2758 3550 2829 itaque

1979 2861 2287 2933 baptizatur
2309 2876 2373 2915 ac
2392 2858 2755 2915 ineli‘abilium
2782 2854 3164 2929 mysteriorum
3191 2852 3251 2907 lit
3276 2851 3551 2921 particeps

1977 2963 2035 3008 et
2078 2952 2310 3007 idoneus
2349 2949 2671 3013 commilito,
2706 2963 2771 3002 ac
2805 2952 3177 3018 propugnator
3207 2940 3555 3014 praedicatio-

1980 3044 2072 3099 nis
2107 3060 2123 3099 :
2159 3059 2393 3113 eumque
2445 3057 2647 3096 nomm
2692 3056 2863 3112 genus
2912 3036 3327 3110 przedicationis
3372 3048 3402 3087 a
3435 3033 3555 3086 Deo

1980 3136 2085 3206 ipsi
2110 3135 2459 3191 commissum
2490 3140 2655 3198 esset,
2679 3146 2881 3188 novum
2910 3128 3148 3183 habebat
3177 3124 3368 3181 salutis
3389 3139 3561 3195 argu~

294 3207 403 3262 τοῦ
429 3210 594 3279 νόμον
620 3211 961 3290 μεταϐαλὼν,
982 3216 1074 3267 καὶ
1101 3214 1274 3279 οὕτως
1301 3217 1381 3280 είς
1403 3217 1569 3288 ἀκρον
1599 3218 1874 3287 εὐσεϐείας

1984 3235 2248 3280 mentum.
2280 3225 2623 3293 Quapropter
2658 3227 2807 3275 tanta
2838 3219 2893 3274 in
2927 3217 3097 3273 Paulo
3126 3215 3265 3270 facta
3298 3214 3552 3268 immuta-

295 3300 471 3372 ζῆλον
500 3303 839 3374 μετατεθεὶς,
866 3304 1005 3360 ὥστε
1032 3307 1155 3370 τοὺς
1193 3308 1450 3380 ἀληθείας
1494 3312 1767 3383 μαθητὰς,
1796 3316 1877 3368 εῖ-

298 3408 440 3445 mu
494 3392 695 3464 συνέϐη
741 3394 904 3451 αὐτὸν
951 3396 1382 3469 ἀπολειφθῆναι,
1412 3401 1501 3456 διά
1531 3406 1876 3477 γραμμάτων

297 3482 582 3551 ἐϐεϐαίου,
617 3484 708 3540 ἶνα
740 3487 817 3558 μὴ
844 3488 1003 3558 μόνον
1023 3490 1123 3560 τὴν
1149 3490 1236 3544 διά
1264 3492 1371 3545 τῶν
1397 3491 1591 3564 ἔργων,
1620 3497 1754 3549 ἀλλά
1781 3500 1877 3552 καὶ

297 3576 404 3648 τὴν
436 3578 499 3629 ὲκ
534 3577 644 3632 τῶν
672 3578 848 3647 λόγων
871 3580 950 3644 είς
976 3580 1037 3633 τδ
1070 3582 1364 3652 μετέπειτα
1389 3586 1695 3656 κτήσωνται
1726 3588 1875 3642 διδα-

302 3668 557 3734 σκαλίαν,
592 3670 689 3724 καὶ
744 3671 1131 3744 ἀμφοτέρωθεν
1183 3673 1573 3746 ὀχυρωθέντες,
1628 3678 1877 3736 ἄσειστον

300 3758 366 3812 τὸ
393 3759 495 3829 τῆς
532 3761 820 3827 εὐσεϐείας
871 3763 1053 3834 Ερυμα
1090 3768 1147 3820 ὲν
1193 3768 1259 3839 τῇ
1301 3766 1445 3840 ψυχῇ
1507 3773 1872 3841 περιψέροιεν.

298 3853 464 3906 Μετά
491 3853 547 3907 δέ
569 3870 691 3909 τινα
716 3856 907 3928 χρόνον
931 3859 1010 3921 είς
1035 3858 1390 3931 Ἰερουσαλὴμ
1420 3862 1582 3916 πάλιν
1611 3865 1638 3916 6
1667 3865 1877 3930 Παῦλος

300 3938 575 4009 ἐκτρέχει,
605 3940 869 4012 ὀψόμενος
903 3943 992 3998 τὸν
1022 3946 1247 4019 Πέτρον,
1294 3947 1423 4003 ἔνθα
1595 3954 1687 4005 καὶ
1737 3955 1875 4008 διαι-

303 4028 530 4100 ροῦνται
562 4033 696 4103 πρὸς
720 4033 982 4105 ἀλλήλους
1014 4035 1231 4091 ἃπασαν
1259 4038 1357 4110 τὴν
1389 4041 1734 4114 οἰκουμένην.
1766 4044 1874 4101 Καὶ

303 4121 405 4190 τὴν
436 4121 548 4175 τῶν
586 4122 757 4178 ἐθνῶν
790 4126 985 4197 μερίδα
1040 4128 1251 4194 Παῦλος
1302 4130 1504 4199 λαϐὼν,
1546 4134 1621 4198 ὡς
1666 4136 1731 4208 δὴ
1783 4140 1874 4192 τοῦ

306 4212 522 4282 Πέτρου
543 4214 604 4267 τὸ
645 4215 933 4270 Ἰουδαϊκὸν
961 4217 1212 4293 λαχόντος
1235 4219 1526 4288 διδάσκειν,
1560 4224 1755 4290 πολλάς
1780 4229 1878 4298 μὲν

306 4305 517 4371 πόλεις,
549 4307 749 4372 πολλὰς
781 4308 838 4363 δὲ
880 4311 1060 4380 χώρας
1116 4314 1523 4385 περιενόστησε.
1563 4319 1777 4389 Μικροῦ
1820 4323 1877 4376 δὲ

305 4398 370 4450 ἰδ
394 4398 690 4470 Ἰλλυρικὸν
730 4400 874 4455 ἅπαν
923 4403 1033 4455 τῶν
1066 4404 1161 4473 τῆς
1196 4406 1277 4468 είς
1333 4407 1568 4477 Χριστὸν
1598 4412 1875 4475 εὐσεϐείας

306 4491 598 4563 δογμάτων
641 4493 924 4564 ἐνέπλησε.
972 4497 1157 4565 Μυρία
1213 4498 1344 4568 γοῦν
1382 4500 1635 4556 πάνδεινα
1688 4506 1875 4559 παθὼν

310 4584 405 4636 καὶ
436 4586 676 4648 ὑποστὰς
708 4585 848 4656 ὑπὲρ
877 4588 973 4657 τῆς
991 4589 1068 4651 είς
1098 4589 1330 4658 Χριστὸν
1364 4593 1622 4658 πίστεως,
1649 4596 1876 4663 πολλοὺς

308 4694 369 4729 τε
403 4676 498 4731 καὶ
528 4677 820 4749 διαφόρους
855 4680 1158 4745 κινδύνους,
1185 4681 1342 4746 ὅσους
1372 4684 1532 4748 αὐτὸς
1563 4688 1875 4760 ἀναγράφεο

307 4784 424 4831 ται,
452 4767 591 4838 ὑπὲρ
617 4770 709 4821 τοῦ
732 4768 1091 4838 Εὐαγγελίου,
1129 4770 1221 4825 καὶ
1244 4772 1398 4836 ὅλους
1428 4775 1624 4841 αὐτοὺς
1650 4781 1878 4850 νικήσας

308 4859 403 4911 καὶ
439 4857 943 4929 ἐξαγκωνισάμενος
979 4860 1160 4913 πίστει
1185 4865 1294 4930 (είς
1334 4865 1421 4917 ὅτε
1452 4865 1560 4937 γὰρ
1580 4867 1699 4921 τότε
1721 4869 1878 4940 ήθελε

308 4949 545 5015 Παῦλος,
574 4951 602 5002 6
630 4950 763 5015 Θεὸς
798 4951 891 5005 xal.
934 4950 1496 5027 ήπροθεσμία,αὐτοῦ
1527 4956 1714 5013 τοῦτον
1754 4979 1881 5016 κατ-

314 5045 435 5114 εῖχε
465 5042 673 5113 διάγειν
722 5041 866 5114 μετά
916 5043 1239 5116 ἀνθρώπων,
1277 5048 1356 5111 είς
1393 5048 1481 5102 ὅτε
1528 5067 1585 5103 τε
1638 5052 1879 5124 Εὐαγγέ-

304 5135 424 5190 λιον
454 5134 628 5190 ἅπασι
680 5138 793 5199 τοῖς
848 5134 1026 5190 ἔθνεσι
1087 5137 1360 5209 κηρύξει),
1398 5140 1497 5209 ὀψὲ
1545 5142 1611 5211 δή
1641 5162 1742 5198 που
1782 5146 1883 5217 τῆς

305 5224 480 5296 ὧρας,
511 5220 664 5291 αὖθις
711 5227 740 5280 6
796 5226 1004 5292 Παῦλος
1053 5228 1330 5284 ἐπάνεισιν
1380 5233 1461 5295 εἰς
1515 5234 1881 5305 Ἰεροσόλυμα,

303 5319 437 5381 τούς
489 5319 666 5372 ἐκεῖσε
719 5319 907 5387 ἁγίους
954 5321 1403 5392 ἐπισκεψόμενος,
1452 5325 1545 5378 καὶ
1594 5330 1706 5390 τοῖς
1757 5329 1882 5399 τῇδε

305 5411 549 5477 πτωχοῖς
578 5410 975 5479 ἐπικουρήσων.
1006 5411 1097 5462 Ἐν
1122 5410 1178 5464 δὲ
1204 5412 1281 5480 τῷ
1324 5412 1549 5481 μεταξὺ,
1580 5416 1771 5479 στάσις
1797 5434 1883 5480 τις

307 5500 628 5568 κατειλήφει
678 5498 776 5570 τὴν
826 5502 1003 5565 πόλιν,
1057 5502 1152 5554 καί⁵
1201 5505 1228 5556 6
1260 5503 1426 5574 δῆμος
1460 5501 1529 5575 ἦν
1575 5509 1633 5560 ἐν
1667 5508 1884 5580 θορύϐῳ

306 5589 515 5661 πολλῷ,
548 5592 820 5646 Ἰουδαίων
844 5594 1221 5664 ταραττόντων
1245 5595 1305 5649 τὸ
1335 5597 1532 5651 κοινόν.
1567 5599 1749 5654 Δεινὸν
1776 5601 1881 5673 γὰρ

307 5681 408 5736 καὶ
444 5680 585 5752 βαρύ
616 5683 891 5753 ἡγήσαντο
920 5683 1228 5757 κατήγορον
1257 5686 1402 5758 ἔχειν
1431 5688 1522 5742 τὸν
1552 5688 1721 5745 πάλαι
1753 5710 1885 5765 προ-

305 5777 517 5844 στάτην
541 5773 634 5827 καὶ
664 5776 916 5830 κοινωνὸν
947 5775 1125 5831 αὐτῶν
1146 5777 1243 5848 τῆς
1279 5779 1494 5849 μανίας,
1531 5782 1625 5837 καὶ
1656 5784 1883 5839 κτείνειν

302 5868 473 5923 αὐτὸν
522 5867 871 5933 ἐσπούδαζον.
905 5868 1045 5921 Ἀλλ’
1080 5869 1239 5935 εὐθὺς
1288 5873 1314 5925 6
1366 5871 1638 5945 χιλίαρχος
1689 5874 1873 5932 τοῦτον

1980 3316 2152 3382 tione,
2199 3315 2342 3371 circa
2385 3314 2559 3385 legem
2595 3325 2813 3383 quoque
2851 3309 3185 3364 immutatus.
3215 3313 3299 3361 est
3330 3342 3348 3369 ,
3384 3312 3576 3373 atque

1978 3408 2117 3464 adeo
2144 3407 2199 3462 in
2224 3418 2528 3463 extremum
2567 3402 2790 3475 pietatis
2818 3401 2997 3457 zelum
3029 3399 3332 3461 traductus,
3363 3405 3425 3451 ut
3447 3410 3547 3450 vc-

1979 3496 2158 3554 ritatis
2173 3494 2492 3565 discipulos,
2518 3492 2563 3549 si
2584 3490 2804 3562 quando
2821 3504 2946 3544 eum
2967 3487 3160 3542 abesse
3179 3483 3569 3553 contingeret,

1978 3587 2180 3646 litteris
2205 3584 2577 3650 conllrmaret,
2599 3599 2668 3638 ne
2693 3583 2762 3637 ab
2793 3579 3054 3652 cperihus
3076 3576 3277 3640 solum,
3304 3572 3400 3631 sed
3433 3588 3565 3628 ser--

1979 3679 2237 3735 monibus
2266 3690 2485 3749 quoque
2515 3673 2571 3729 in
2603 3683 2885 3745 posterum
2912 3670 3217 3726 doctrinam
3248 3666 3352 3723 sibi
3385 3665 3455 3721 ab
3483 3678 3553 3720 eo

1978 3778 2362 3842 compararent
2414 3785 2428 3824 :
2475 3782 2539 3823 ac
2590 3767 2850 3836 utrinque
2910 3762 3108 3819 muniti
3159 3760 3549 3816 inconcussum

1980 3860 2199 3931 pietatis
2259 3856 2728 3930 propugnaculum
2772 3855 2827 3910 in
2873 3853 3054 3909 anima
3107 3852 3547 3908 circuml‘erreut.

1980 3952 2108 4006 Post
2137 3950 2481 4019 aliquantum
2514 3962 2647 4001 vero
2673 3945 2936 4015 temporis
2972 3957 3191 3998 rursum
3225 3939 3430 3995 Paulus
3457 3938 3552 3993 Je-

1981 4042 2217 4097 rusalem
2245 4039 2563 4104 revertitur,
2582 4039 2805 4093 visurus
2826 4037 3073 4098 Petrum,
3097 4034 3190 4089 ubi
3213 4033 3379 4089 etiam
3403 4032 3551 4086 inter

1979 4152 2038 4191 se
2083 4133 2237 4206 191
2270 4131 2584 4205 partiuntur
2650 4128 2971 4184 universum
3034 4125 3249 4180 orbem.
3298 4123 3549 4191 Cumque

1980 4234 2190 4297 partem
2224 4224 2468 4296 gentium
2510 4220 2708 4276 Paulus
2738 4218 3061 4289 accepisset,
3093 4215 3259 4270 Petro
3293 4227 3421 4269 sane
3453 4211 3552 4265 Ju-

1981 4319 2196 4375 daicum
2225 4316 2485 4388 populum
2529 4312 2725 4370 sortito
2763 4309 3098 4373 docendum,
3128 4304 3395 4378 plurimas
3435 4314 3557 4357 tum»

1968 4406 2230 4465 civitates
2271 4415 2389 4462 tum
2428 4405 2680 4477 regiones
2708 4398 3345 4475 peragravitzbrevique
3373 4403 3560 4450 totum

1981 4499 2258 4571 Illyricum
2297 4498 2565 4569 dogmatis
2595 4496 2663 4551 de
2691 4493 2894 4551 Christi
2928 4492 3075 4547 cultu
3114 4489 3361 4560 replevit.
3388 4488 3554 4542 Inuu-

1985 4609 2132 4648 mera
2165 4591 2330 4662 igitur
2365 4604 2556 4658 passus
2579 4586 2904 4649 certamina,
2933 4600 2997 4639 ac
3016 4583 3297 4637 sustinens
3319 4594 3419 4648 pro
3449 4576 3553 4630 fide

1979 4685 2184 4742 Christi
2212 4693 2267 4739 et
2301 4698 2400 4753 pro
2441 4678 2737 4751 Evangelia
2774 4678 2943 4734 multa
2979 4674 3239 4744 variaque
3279 4672 3548 4742 pericula,

1982 4795 2102 4849 qua:
2130 4777 2246 4848 ipse
2284 4773 2551 4831 describit
2585 4791 2596 4826 :
2630 4787 2753 4827 eum
2784 4769 3036 4825 universa
3063 4765 3375 4825 devicisset,
3414 4761 3551 4816 lide-

1983 4886 2090 4940 que
2143 4876 2458 4938 superasset
2506 4862 2771 4935 (quandiu
2832 4861 2979 4917 enim
3046 4856 3265 4912 volebat
3325 4856 3557 4917 Paulus,

1982 4960 2126 5014 Deus
2157 4958 2224 5012 ad
2270 4955 2558 5010 deﬁnitum
2602 4952 2702 5023 ipsi
2744 4962 2980 5020 tempus,
3016 4957 3073 5002 ut
3115 4947 3259 5001 inter
3303 4946 3553 5000 homines

1984 5050 2228 5120 degeret,
2260 5047 2410 5102 hunc
2448 5042 2744 5104 retinebat,
2776 5040 2951 5095 donec
2987 5037 3256 5094 universis
3297 5035 3554 5108 gentibus

1983 5139 2340 5213 Evangelium
2380 5135 2748 5207 praedicaret),
2775 5132 3086 5188 declinante
3112 5130 3374 5185 nimirum
3416 5138 3554 5182 tem-

1921 5252 2139 5309 ὧροι-θ,
2189 5246 2411 5289 rursum
2468 5226 2671 5283 Paulus
2716 5225 3092 5296 Hierosolyma
3138 5222 3457 5284 revertitur;
3497 5229 3555 5272 ut

1984 5335 2203 5380 sanctos
2256 5322 2349 5391 qui
2392 5320 2596 5375 ibidem
2645 5318 2877 5389 agebant
2929 5316 3209 5380 inviseret,
3256 5311 3555 5385 cgenisquc

1986 5414 2250 5471 auxilium
2288 5414 2480 5468 ferret.
2520 5410 2745 5466 Interim
2783 5425 2915 5464 vero
2952 5406 3148 5462 seditio
3182 5404 3429 5475 quaedam
3461 5418 3555 5456 ec-

1985 5506 2211 5577 eupavit
2256 5503 2557 5566 civitatem,
2590 5511 2644 5556 et
2678 5499 2915 5571 populus
2960 5498 3016 5552 in
3059 5496 3354 5551 tumultum
3388 5494 3555 5546 vehe-

1989 5606 2229 5654 mentem
2256 5610 2452 5653 vcrsus
2477 5601 2616 5654 erat,
2643 5590 2847 5648 Iudaeis
2878 5588 3095 5659 plebem
3128 5584 3573 5640 concitantibus-

1984 5692 2276 5765 Indignum
2301 5688 2449 5745 enim
2483 5696 2538 5742 et
2559 5699 2723 5757 grave
2748 5681 3025 5737 ducebant
3052 5686 3426 5733 accusatorem
3457 5675 3556 5728 ha.-

1987 5788 2119 5842 bcrc
2149 5800 2298 5844 eum.
2327 5780 2420 5851 qui
2456 5779 2586 5835 olim
2621 5776 2734 5835 dux
2764 5775 2897 5845 ipsis
2929 5780 3047 5827 erat
3076 5788 3137 5825 ac
3171 5767 3445 5839 particeps
3476 5768 3573 5822 ium

1930 5889 1944 5903 '
1984 5877 2153 5935 sauia:
2229 5876 2497 5945 ipsorum,
2583 5883 2821 5939 rumque
2882 5863 3134 5919 occidere
3204 5858 3555 5916 festinabant.
