4024 6552
530 386 632 452 311

1617 390 1948 452 (ΕΟΠΜΕΝ
1957 389 2017 447 11
2045 386 2340 447 TIUCCAZ
2379 391 2714 451 EPISCOPI

3660 391 3750 454 312

531 509 736 563 Verum
767 505 1022 560 tribunus
1044 504 1226 558 statim
1249 519 1373 558 cum
1400 503 1624 574 eripuit,
1655 513 1711 558 et
1732 519 1857 559 cum
1877 500 2100 557 militari

2220 500 2520 573 εξαιρεῖται,
2554 504 2647 557 καὶ
2677 502 2816 572 μετὰ
2845 500 3246 573 στρατιωτικῆς
3286 499 3535 572 βοηθείας
3562 502 3634 563 είς
3666 503 3749 564 τὴν

533 600 739 654 auxilio
760 598 937 668 ipsum
962 596 1265 653 Caesaream
1297 595 1365 651 ad
1395 596 1682 666 praesidem
1719 595 1906 650 mittit.
1930 597 2102 650 Acce-

533 701 734 762 perunt
758 707 888 761 crgo
928 690 1106 760 ipsum
1143 700 1200 745 et
1230 690 1297 745 ad
1321 691 1506 744 ducem
1530 690 1776 760 gentium
1820 687 2101 743 duxerunt

532 786 626 855 qui
666 786 860 842 Festus
893 785 1200 840 dicebatur.
1229 784 1364 840 Cum
1403 793 1585 840 autem
1637 785 1869 840 sentiret
1895 784 2102 838 Paulus

533 886 864 947 praeparatas
891 876 1152 932 adversus
1181 892 1240 932 se
1277 876 1503 931 insidias
1531 893 1561 931 a
1582 877 1804 938 Iudaeis,
1829 875 2010 931 statim
2033 877 2100 928 ad

534 967 772 1020 tribunal
799 973 952 1020 Stans
979 964 1248 1021 Caasarem
1283 966 1520 1035 appellat
1553 983 1566 1019 :
1599 975 1655 1020 et
1694 965 1946 1020 redditur
1974 964 2100 1034 qui-

533 1055 657 1108 dem
689 1053 907 1109 interim
929 1052 1051 1108 loro
1063 1053 1333 1124 judiciali,
1356 1054 1569 1122 quievit
1595 1065 1775 1108 tamen
1801 1052 2098 1112 accusatio.

533 1158 654 1210 quae
693 1141 958 1196 adversus
989 1143 1167 1211 ipsum
1202 1158 1230 1196 a
1271 1141 1474 1197 Judmis
1502 1142 1805 1212 excogitata
1841 1151 1960 1196 erat
1992 1158 2005 1194 :
2039 1158 2103 1196 ac

535 1233 882 1302 postmodum
938 1235 1163 1288 Romam
1207 1249 1238 1288 a
1283 1234 1695 1304 magistratibus
1745 1233 1989 1288 mittitur
2033 1233 2100 1288 ad

532 1326 800 1380 C:esarem
841 1344 853 1380 :
887 1326 980 1380 ubi
1017 1341 1142 1380 cum
1177 1325 1368 1379 eadem
1405 1326 1703 1380 certamina
1746 1325 2099 1395 suscepisset,

533 1434 598 1472 ac
646 1434 744 1488 pro
791 1418 998 1473 eisdem
1044 1417 1280 1486 praemiis
1315 1416 1638 1482 laborasset,
1679 1417 1898 1471 tandem
1931 1434 1962 1473 e
1994 1419 2102 1472 vita

535 1523 757 1577 quoque
789 1523 887 1577 pro
929 1508 1181 1562 veritatis
1214 1507 1561 1578 dogmatibus
1599 1508 1833 1563 excessit
1862 1527 1874 1561 :
1907 1509 2099 1563 melioo

536 1614 651 1652 rem
680 1613 800 1652 esse
821 1597 1097 1668 judicans,
1127 1613 1248 1666 quae
1278 1613 1402 1651 cum
1437 1596 1657 1652 Christo
1693 1606 1841 1652 esset
1867 1612 2100 1653 conver—

535 1690 832 1753 sationem,
880 1689 1093 1744 mortali
1134 1690 1234 1744 hac
1273 1700 1331 1744 et
1375 1689 1552 1759 fragili
1585 1690 1716 1744 vita.
1762 1690 1895 1745 Nam
1937 1691 2102 1761 paulo

535 1792 662 1850 post
687 1782 876 1834 volens
903 1781 1054 1835 illum
1089 1781 1271 1836 Cmsar
1296 1781 1443 1836 Nero
1473 1783 1541 1835 ab
1574 1782 1677 1838 hac
1707 1783 1817 1836 vita
1841 1783 2098 1849 educere,

535 1888 720 1926 veram
751 1872 876 1941 ipsi,
907 1887 1138 1942 quaeque
1164 1873 1277 1927 sola
1303 1888 1430 1926 vera
1451 1873 1558 1927 vita
1587 1881 1691 1936 est,
1718 1873 1962 1937 donavit,
1992 1889 2106 1929 cor.-

537 1963 691 2032 lique
746 1963 1016 2019 haeredem
1068 1963 1374 2041 constituit,
1427 1981 1589 2035 quem
1641 1974 1786 2020 terra
1847 1967 2107 2036 privavit.

540 2057 682 2110 Sunt
712 2055 894 2126 itaque
928 2057 1197 2120 civitates,
1241 2072 1376 2125 quas
1420 2072 1516 2110 sua
1556 2057 1944 2126 pragdicatione
1983 2072 2112 2126 per-

539 2147 794 2202 lustravit
826 2146 1233 2201 illustrissimus
1265 2146 1470 2201 Christi
1495 2149 1776 2216 apostolus
1801 2149 2022 2216 Paulus,
2051 2157 2112 2205 ut

540 2239 595 2293 in
621 2239 1006 2307 compendium
1031 2239 1332 2294 referamus
1351 2255 1472 2309 qua:
1498 2249 1827 2308 sequuntur.

647 2330 804 2398 192
843 2329 1353 2385 PEREGRINATIO
1393 2329 1596 2384 PAULI
1635 2329 1992 2386 APOSTOLI.

616 2423 655 2474 A
686 2423 948 2476 Damasco
978 2423 1163 2491 cmpit,
1182 2422 1540 2493 ascenditque
1555 2423 1950 2495 Hierosolyma,
1983 2425 2110 2479 inde

542 2510 797 2574 Tarsum,
821 2521 876 2565 et
904 2509 974 2564 ab
1013 2525 1081 2565 eo
1114 2511 1235 2566 loco
1271 2510 1639 2577 Antiochiam,
1666 2528 1994 2583 rursumque
2022 2529 2110 2569 se-

543 2600 726 2656 cundo
759 2601 1154 2672 Hierosolyma,
1195 2617 1259 2657 ac
1288 2601 1468 2658 denuo
1494 2603 1862 2671 Antiochiam,
1894 2614 1951 2660 et
1983 2605 2112 2661 inde

545 2708 672 2747 cum
712 2692 958 2748 Barnaba
998 2703 1283 2764 separatus
1326 2695 1381 2749 in
1427 2695 1792 2766 apostolatum
1828 2698 2111 2753 descendit

545 2783 876 2851 Seleuciam,
935 2785 1133 2841 deinde
1181 2785 1440 2857 Cyprum,
1497 2786 1589 2842 ubi
1649 2796 1705 2842 et
1759 2789 1960 2844 Paulus
2003 2789 2112 2845 dici

548 2883 763 2943 coeptus
792 2885 896 2942 est,
923 2877 1268 2946 postmodum
1291 2877 1522 2948 Pergen,
1541 2878 1739 2933 deinde
1764 2879 2113 2935 Antiochiam

549 2965 788 3030 Pisidiae,
833 2967 959 3023 inde
1005 2967 1272 3038 Iconium,
1311 2967 1442 3024 hinc
1488 2969 1735 3042 Lystram
1786 2987 1849 3026 ac
1898 2971 2111 3028 Derben

551 3055 857 3136 Lycaoniae.
885 3057 1239 3112 Postmodum
1267 3059 1324 3113 in
1350 3059 1732 3130 Pamphiliam,
1760 3060 1959 3116 deinde
1985 3063 2115 3118 Per-

548 3165 673 3214 gen,
706 3148 836 3203 hinc
876 3149 1153 3214 Attaliam,
1195 3167 1414 3207 rursum
1447 3152 1610 3207 tertio
1638 3151 1984 3208 Antiochiam
2015 3153 2116 3226 Sy-
2144 3189 2190 3251 ο

548 3239 664 3293 riae.
705 3239 1058 3296 Postmodum
1110 3243 1274 3299 tertio
1322 3258 1545 3298 rursum
1595 3243 1968 3316 Hierosolyma
2008 3246 2117 3302 cir-

547 3330 902 3387 cumcisionis
944 3349 1106 3389 causa
1142 3352 1155 3388 :
1207 3335 1405 3390 deinde
1447 3336 1646 3391 iterum
1692 3349 1890 3408 quarto
1921 3339 2116 3394 Antio-

548 3422 746 3476 chiam.
823 3422 964 3477 Tum
1023 3425 1378 3494 pertransivit
1444 3426 1655 3498 Syriam
1714 3443 1779 3484 ac
1845 3427 2116 3484 Ciliciam.

550 3518 790 3571 Rursum
839 3518 1083 3573 secundo
1117 3519 1338 3574 Derben
1383 3535 1448 3576 ac
1490 3519 1766 3593 Lystram,
1807 3523 1900 3576 ubi
1935 3522 2121 3578 Timo-

551 3611 744 3663 theum
785 3610 1152 3666 circumcidit.
1202 3611 1262 3665 In
1307 3612 1620 3684 Phrygiam,
1667 3613 2017 3684 postmodum
2064 3623 2122 3671 et

550 3699 847 3755 Galaticam
873 3701 1172 3770 regionem,
1209 3702 1336 3758 inde
1363 3703 1420 3758 in
1459 3704 1706 3774 Mysiam.
1728 3715 1917 3775 postea
1949 3705 2122 3761 Troa-

553 3792 700 3854 dem,
723 3799 779 3846 et
812 3791 938 3846 inde
965 3791 1270 3862 Neapolim.
1301 3792 1442 3850 Hinc
1469 3793 1772 3864 Philippos,
1796 3795 2124 3851 Macedoniae

557 3881 773 3944 urbem,
805 3880 1008 3937 deinde
1077 3881 1447 3954 Amphipolim
1491 3884 1946 3955 Apolloniamque
1999 3900 2124 3955 per-

559 3973 841 4029 transiens
889 3975 1037 4030 venit
1093 3975 1539 4032 Thessalonicam
1579 3995 1593 4032 :
1643 3977 1789 4032 unde
1850 3978 2120 4034 Beroeam.

555 4063 695 4119 Hinc
713 4065 954 4122 secundo
976 4066 1322 4123 Antiochiam
1353 4067 1588 4125 Pisidiae.
1613 4069 1852 4124 Rursum
1885 4070 1941 4124 in
1964 4069 2126 4126 Gala-

556 4156 717 4210 ticam
759 4157 1036 4228 regionem
1080 4174 1144 4214 ac
1179 4159 1470 4232 Phrygiam
1509 4179 1522 4215 :
1572 4161 1771 4216 deinde
1806 4161 2005 4216 iterum
2039 4177 2127 4217 se-

555 4247 738 4302 cundo
772 4248 1048 4319 Ephesum
1086 4269 1098 4303 :
1142 4251 1288 4307 unde
1329 4251 1704 4321 pertransiens
1753 4251 2124 4306 Macedoniam

558 4339 711 4394 venit
756 4339 813 4393 in
847 4339 1112 4396 Graeciam
1162 4359 1174 4394 :
1224 4349 1282 4396 et
1329 4323 1765 4410 inde'pragteiita
1808 4342 2128 4398 Macedonia

559 4445 782 4485 rursum
810 4429 1114 4500 Philippos,
1139 4442 1196 4488 et
1216 4447 1246 4487 a
1275 4432 1541 4502 Philippis
1569 4433 1860 4498 Troadem,
1892 4435 1985 4489 ubi
2017 4437 2126 4490 Eu-

2208 593 2551 664 Καισάρειαν
2605 595 2740 664 πρὸς
2788 593 2880 646 τὸν
2928 593 3173 664 ἡγεμόνα
3203 592 3435 663 πέμπει.
3486 593 3748 649 Συνέλαῦον

2205 682 2302 739 οὖν
2333 686 2515 748 αὐτὸν,
2547 686 2642 739 καὶ⁸
2670 685 2810 755 πρὸς
2835 684 2926 738 τὸν
2949 685 3220 755 ἐθνάρχην
3245 679 3405 754 ἦγον,
3432 685 3628 753 Φῆστος
3649 685 3749 739 ὅνο-

2212 795 2290 848 μα
2321 776 2491 847 αὐτῷ.
2523 775 2854 845 Αίσθόμενος
2885 776 2963 840 δὲ,
3012 775 3281 844 συσκευὴν
3315 774 3438 828 κατ’
3466 774 3622 827 αὐτοῦ
3650 793 3753 832 τινα

2203 869 2499 940 γινομένην
2527 869 2629 922 ὑπὸ
2661 867 2932 921 Ἰουδαίων
2974 867 3205 933 Παῦλος,
3246 867 3408 929 εὐθὺς
3433 866 3522 918 ἐπὶ
3543 867 3630 919 τοῦ
3665 868 3750 938 βή-

2210 977 2386 1032 ματος
2444 960 2788 1013 ἐπικαλεῖται
2825 960 2916 1012 τδν
2952 957 3230 1029 Καίσαρα.
3275 959 3384 1010 Καὶ
3423 957 3623 1010 ἀνίεται
3661 961 3747 1026 μὲν

2203 1051 2339 1114 τέως
2363 1049 2458 1104 τοῦ
2489 1050 2796 1121 κριτηρίου,
2833 1051 2992 1120 ἀργεῖ
3013 1050 3069 1102 δὲ
3090 1053 3122 1119 ή
3151 1050 3268 1102 κατ’
3306 1048 3469 1102 αὐτοῦ
3501 1051 3607 1112 τοῖς
3633 1051 3750 1102 ἰου-

2204 1144 2378 1206 δαίοις
2423 1143 2773 1214 μελετωμένη
2839 1142 3122 1212 ἐπιϐουλὴ,
3163 1142 3258 1195 καὶ
3305 1140 3493 1194 λοιπὸν
3555 1143 3629 1204 είς
3675 1145 3754 1212 τὴν

2216 1235 2433 1306 Ῥώμην
2445 1235 2548 1288 ὑπὸ
2565 1235 2673 1288 τῶν
2693 1234 2967 1305 ἀρχόντων
2985 1234 3330 1303 ἐκπέμπεται
3356 1232 3490 1302 πρὸς
3511 1234 3754 1302 Καίσαρι.

2205 1326 2444 1378 Κάκεῖσε
2466 1327 2591 1387 τοὺς
2612 1325 2809 1387 αὐτοὺς
2833 1323 3048 1390 ἀγῶνας
3071 1323 3482 1391 ὲπιδεξὰμενος,
3513 1322 3604 1373 καὶ⁵
3637 1322 3756 1390 ὑπὲρ

2202 1417 2313 1469 τῶν
2341 1415 2518 1468 αὐτῶν
2536 1415 2713 1470 ἄθλων
2744 1414 2996 1477 πονέσας,
3021 1415 3173 1476 τέλος
3202 1414 3293 1465 καὶ
3323 1413 3491 1482 αὐτῆς
3519 1411 3612 1480 τῆς
3636 1409 3760 1480 ζωῆς

2204 1509 2343 1579 ὑπὲρ
2360 1509 2465 1561 τῶν
2484 1508 2582 1576 τῆς
2599 1506 2854 1578 ἀληθείας
2882 1505 3167 1572 δογμάτων
3185 1502 3399 1572 ἐξέστη,
3424 1503 3619 1573 βέλτιον
3640 1496 3760 1553 εἶναι

2203 1599 2395 1670 κρίνας
2408 1598 2506 1669 τὴν
2531 1597 2668 1668 μετὰ
2683 1595 2918 1668 Χριστοῦ
2935 1595 3230 1664 διαγωγὴν,
3253 1597 3349 1662 τῆς
3369 1594 3562 1664 θνητῆς
3584 1593 3760 1661 ταύτης

2204 1690 2298 1742 καὶ
2314 1688 2579 1759 έπικήρου
2601 1688 2765 1756 ζωῆς.
2793 1685 3004 1754 Μικρὸν
3020 1685 3127 1754 γὰρ
3157 1684 3382 1755 ὕστερον
3403 1685 3430 1736 ὁ
3453 1684 3654 1752 Καῖσαρ
3677 1683 3762 1734 Νέ-

2210 1796 2318 1852 ρων
2359 1778 2639 1849 βουληθεὶς
2695 1777 2860 1830 αὑτὸν
2895 1777 2992 1845 τῆς
3044 1774 3188 1846 ζωῆς
3228 1773 3434 1843 ταύτης
3482 1773 3759 1840 ἐξαγαγεῖν,

2215 1871 2316 1936 τὴν
2347 1869 2609 1941 ἀληθινὴν
2631 1868 2780 1937 αὐτῷ
2822 1869 2913 1920 καὶ
2955 1867 3126 1930 ὅντως
3173 1867 3318 1936 ζωὴν
3351 1865 3652 1936 ἐχαρίσατο,
3682 1863 3762 1917 καὶ

2218 1963 2453 2034 καθιστᾷ
2493 1961 2727 2032 οὐρανοῦ
2771 1959 3132 2030 κληρονόμον,
3173 1957 3231 2010 ὃν
3274 1957 3375 2026 τῆς
3411 1956 3515 2024 γῆς
3559 1955 3761 2008 ἀπεστέ-

2220 2072 2406 2128 ρησεν.
2458 2055 2611 2106 Εἰσὶν
2661 2051 2754 2105 οῦν
2804 2053 2862 2104 αἱ
2903 2051 3191 2112 πολιτεῖαι,
3247 2049 3314 2111 ἃς
3354 2049 3432 2119 τῷ
3475 2047 3761 2116 κηρύγματι

2219 2141 2514 2213 περιῆλθεν
2569 2141 2598 2193 ὀ
2648 2140 3006 2211 πανεύςρημος
3057 2139 3150 2191 τοῦ
3205 2137 3445 2208 Χριστοῦ
3500 2137 3762 2200 ἀπόστολος

2218 2231 2451 2296 Παῦλος,
2487 2231 2561 2294 ὼς
2596 2231 2654 2282 ὲν
2699 2230 2949 2300 συντόμῳ
2989 2231 3182 2292 εἰπεῖν,
3234 2221 3399 2282 αὗται
3429 2245 3440 2259 ·

2321 2322 2698 2376 ΑΠΟΔΗΜΙΑΙ
2747 2321 3034 2375 ΠΑΥΛΟΥ
3083 2321 3219 2373 ΤΟΥ
3258 2321 3674 2375 ΑΠΟΣΤΟΛΟΥ.

2301 2415 2434 2468 Ἀπὸ
2458 2412 2751 2483 Δαμασκοῦ
2777 2413 3001 2484 ἤρξατο,
3034 2414 3132 2466 καὶ
3158 2412 3386 2483 ἀνῆλθεν
3407 2414 3488 2476 είς
3522 2413 3763 2482 Ἰερουσα-

2218 2508 2353 2577 λήμ.
2383 2505 2626 2560 Ἐκεῖθεν
2655 2508 2734 2567 είς
2762 2505 2996 2574 Ταρσόν.
3035 2505 3304 2559 Κάκεῖθεν
3335 2507 3414 2568 είς
3444 2505 3762 2574 Ἀντιόχειαν.

2219 2601 2332 2654 Καὶ
2363 2599 2524 2654 πάλιν
2558 2599 2638 2662 είς
2686 2598 3063 2671 Ἰερουσαλὴμ,
3106 2599 3204 2652 καὶ
3238 2599 3402 2652 πάλιν
3429 2597 3664 2668 δεύτερον
3697 2596 3763 2659 είς

2232 2691 2583 2762 Ἀντιόχειαν.
2633 2690 2904 2744 Κάκεῖθεν
2955 2691 3274 2762 ἀφορισθεὶς
3347 2689 3483 2760 μετὰ
3535 2687 3759 2752 Βαρνάϐα

2221 2785 2302 2847 είς
2348 2784 2445 2856 τὴν
2493 2783 2800 2856 ἀποστολὴν
2850 2782 3119 2853 κατῆλθεν
3150 2783 3230 2846 είς
3260 2781 3599 2835 Σελεύκειαν.
3643 2775 3758 2832 Είτα

2221 2878 2302 2942 εἰς
2328 2877 2576 2948 Κύπρον,
2608 2875 2736 2930 ἔνθα
2756 2877 2848 2929 καὶ
2867 2874 3079 2938 Παῦλος
3102 2874 3305 2945 ἤρξατο
3329 2871 3623 2940 καλεῖσθαι.
3650 2867 3761 2922 Είτα

2223 2971 2306 3030 είς
2347 2969 2591 3039 Πέργην,
2621 2963 2741 3021 εἶτα
2766 2969 2845 3031 είς
2877 2967 3212 3037 Ἀντιόχειαν
3235 2965 3338 3036 τῆς
3365 2965 3620 3026 Πισιδίας.
3649 2957 3761 3015 Εἶτα

2223 3061 2304 3123 εἰς
2347 3059 2590 3113 Ἰκόνιον.
2653 3054 2786 3110 Εἶτα
2841 3059 2920 3120 είς
2975 3057 3246 3127 Λύστραν,
3307 3057 3402 3109 καὶ
3453 3054 3648 3126 Δέρῦην
3679 3052 3760 3120 τῆς

2222 3151 2546 3213 Λυκαονίας.
2591 3144 2730 3203 Εἶτα
2770 3149 2848 3212 είς
2884 3148 3233 3220 Παμφυλίαν.
3266 3142 3405 3201 Είτα
3441 3148 3518 3207 είς
3551 3144 3760 3213 Πέργην.

2220 3239 2356 3295 Εἶτα
2398 3241 2478 3304 είς
2503 3239 2838 3296 Ἀττάλειαν.
2883 3235 3018 3293 Εἶτα
3063 3240 3226 3293 πάλιν
3254 3238 3440 3309 τρίτον
3470 3239 3546 3300 είς
3586 3234 3764 3288 Ἀντιό-

2219 3350 2374 3404 χειαν
2402 3333 2503 3404 τῆς
2542 3333 2765 3404 Συρίας.
2819 3327 2952 3384 Εἶτα
3001 3330 3164 3384 πάλιν
3191 3329 3378 3400 τρίτον
3411 3333 3490 3390 είς
3529 3329 3764 3398 Ἰερουσα-

2219 3425 2353 3495 λὴμ,
2387 3424 2476 3477 διὰ
2515 3423 2614 3496 τὴν
2647 3423 2970 3493 περιτομήν.
3017 3417 3150 3476 Εἶτα
3195 3422 3358 3475 πάλιν
3410 3421 3654 3490 τέταρτον
3698 3418 3764 3480 είς

2235 3516 2586 3585 Ἀντιόχειαν.
2618 3513 2752 3568 Είτα
2797 3513 2980 3585 διῆλθε
3016 3514 3116 3586 τὴν
3148 3512 3346 3584 Συρίαν
3387 3513 3481 3566 καὶ
3511 3512 3605 3581 τὴν
3635 3508 3765 3562 Κιλι-

2223 3608 2370 3662 κίαν.
2397 3603 2532 3662 Εἶτα
2561 3607 2722 3662 πάλιν
2753 3605 3005 3678 δεύτερον
3035 3609 3113 3668 είς
3141 3607 3351 3678 Δέρϐην
3389 3606 3482 3660 καὶ
3510 3603 3763 3673 Λύστραν,

2223 3700 2353 3754 ἔνθα
2396 3699 2661 3770 Τιμόθεον
2713 3698 3063 3770 περιέτεμεν.
3107 3694 3364 3762 Εἷταείς
3415 3695 3643 3767 Φρυγίαν
3690 3692 3766 3745 καὶ

2221 3791 2322 3861 τὴν
2352 3790 2657 3861 Γαλατικὴν
2683 3789 2885 3864 χώραν.
2948 3785 3083 3842 Εἶτα
3135 3789 3217 3851 είς
3271 3787 3512 3842 Μυσίαν.
3545 3781 3665 3839 Εἶτα
3701 3784 3768 3844 εἰς

2224 3883 2480 3955 Τρωάδα.
2520 3882 2790 3936 Κάκεῖθεν
2846 3882 2928 3945 εἰς
2955 3880 3253 3935 Νεάπολιν.
3305 3877 3442 3934 Εἶτα
3488 3880 3566 3941 είς
3610 3873 3768 3928 Φιλίπ-

2227 3993 2360 4040 πους
2395 3975 2493 4044 τῆς
2523 3973 2886 4038 Μακεδονίας.
2945 3969 3080 4028 Εἶτα
3138 3971 3358 4026 διελθὼν
3398 3973 3498 4042 τὴν
3531 3966 3768 4038 ’Δμφίποσ

2225 4067 2311 4120 λιν
2349 4067 2444 4119 καὶ
2485 4063 2872 4131 ’Δπολλωνίαν,
2901 4059 3061 4136 ἦλθεν
3109 4063 3188 4127 είς
3217 4062 3632 4131 Θεσσαλονίκην.
3657 4055 3768 4110 Είτα

2226 4156 2308 4218 είς
2337 4155 2586 4225 Βέροιαν.
2624 4151 2756 4209 Εἶτα
2782 4154 3037 4224 δεύτερον
3073 4155 3152 4218 είς
3175 4153 3512 4226 Ἀντιόχειαν
3557 4152 3649 4221 τῆς
3688 4149 3768 4202 Πι-

2230 4247 2422 4311 σιδίας.
2455 4243 2588 4300 Εἶτα
2614 4249 2694 4310 είς
2729 4246 2825 4319 τὴν
2847 4245 3154 4317 Γαλατικὴν
3206 4244 3391 4318 χώραν
3417 4246 3513 4299 καὶ
3537 4242 3765 4313 Φρυγίαν.

2229 4335 2362 4394 Εἶτα
2410 4339 2570 4393 πάλιν
2599 4338 2850 4410 δεύτερον
2878 4338 2959 4401 είς
2995 4338 3249 4405 Ἔφεσον.
3287 4333 3423 4390 Εἶτα
3451 4335 3664 4388 διελθὼν
3687 4329 3767 4400 τὴν

2232 4428 2592 4492 Μακεδονίαν,
2621 4423 2783 4499 ἦλθεν
2835 4429 2917 4490 είς
2979 4427 3225 4481 Ἐλλάδα.
3282 4426 3548 4480 Κάκεῖθεν
3576 4419 3768 4477 διελθὼν

559 4521 803 4591 tychum,
829 4521 921 4590 qui
956 4536 984 4574 a
1017 4523 1304 4578 caenaculo
1321 4523 1616 4590 ceciderat,
1652 4525 1957 4580 suscitavit.
1987 4525 2116 4582 Hinc

2231 4514 2330 4586 τὴν
2354 4513 2716 4581 Μακεδονίαν,
2747 4510 2878 4584 ἦλθε
2904 4513 3066 4567 πάλιν
3087 4514 3340 4585 δεύτερον
3367 4517 3448 4576 είς
3477 4513 3767 4570 Φιλίππους.

558 4614 754 4675 Asson,
793 4624 850 4668 et
889 4613 1234 4683 postmodum
1273 4614 1605 4686 Mytilenem,
1638 4617 1836 4672 deinde
1866 4617 1919 4672 in
1948 4627 2130 4688 partes

557 4718 680 4771 quae
705 4703 823 4757 sitae
855 4711 983 4758 sunt
1008 4711 1199 4758 contra
1229 4703 1448 4768 Chium,
1475 4707 1618 4760 unde
1645 4706 1864 4762 Samum
1895 4725 1907 4761 :
1942 4718 2129 4778 postea

559 4793 826 4860 Miletum,
859 4795 1003 4850 unde
1048 4793 1331 4850 advocatis
1364 4795 1452 4850 his
1481 4796 1575 4866 qui
1608 4797 1808 4867 Ephesi
1834 4798 2127 4869 degebant,

559 4885 779 4938 loeutus
801 4894 886 4940 est
919 4900 1043 4940 cum
1067 4885 1150 4941 eis
1183 4902 1195 4938 :
1227 4885 1356 4941 hinc
1379 4885 1573 4951 Coum,
1605 4890 1951 4959 postmodum
1982 4893 2129 4946 Rho-

561 4975 693 5028 dum
747 4991 762 5028 :
815 4983 870 5029 et
919 4975 1048 5032 inde
1107 4977 1382 5041 Pataram,
1437 4980 1582 5035 unde
1634 4980 1861 5051 Tyrum.
1920 4983 2127 5039 Deinde

561 5066 975 5131 Ptolemaidem,
1016 5067 1252 5137 indeque
1300 5068 1729 5145 CasareamnEt
1769 5072 1898 5128 hinc
1931 5087 2126 5144 quarto

564 5173 779 5212 rursum
837 5159 1084 5214 ascendit
1140 5160 1535 5232 Hierosolyma,
1590 5163 1734 5217 unde
1793 5165 1992 5219 missus
2043 5176 2128 5221 est

560 5248 864 5303 Cassaream
900 5268 912 5303 :
946 5266 1010 5306 ac
1039 5251 1389 5320 postmodum
1437 5253 1657 5308 vinctus
1695 5253 1945 5308 Romam.
1982 5255 2061 5309 Ita
2096 5274 2126 5310 a

559 5338 807 5399 Caesarea
838 5341 988 5395 venit
1011 5341 1270 5397 Sidonem
1301 5351 1358 5397 et
1392 5343 1518 5399 inde
1546 5344 1691 5415 Myra
1714 5346 1911 5418 Lycia},
1939 5357 2126 5418 postea

561 5430 794 5487 Cnidum
840 5451 852 5486 :
893 5443 950 5489 et
993 5434 1122 5489 hinc
1170 5435 1338 5490 multa
1377 5452 1567 5506 passus
1597 5437 1648 5491 in
1691 5439 1924 5494 insulam
1958 5441 2125 5504 venit,

567 5523 657 5578 ubi
697 5525 880 5595 vipera
909 5542 1127 5582 manum
1158 5527 1276 5600 ejus
1308 5528 1690 5600 apprehendit,
1722 5530 2027 5600 mansitque
2060 5531 2125 5584 il-

560 5615 740 5671 laesus.

2232 4607 2342 4660 Καὶ
2368 4606 2479 4659 ἀπὸ
2521 4606 2804 4660 Φιλίππων
2862 4607 2943 4669 είς
2992 4606 3240 4676 Τρωάδα,
3281 4605 3412 4660 ἔνθα
3445 4606 3536 4658 τὸν
3561 4603 3768 4670 Εὔτυχον

2229 4698 2421 4770 ἤγειρε
2453 4699 2711 4752 πεσόντα.
2741 4693 2873 4751 Εῐτα
2904 4699 2985 4762 είς
3022 4699 3121 4769 τὴν
3154 4701 3378 4754 Ἀσσον.
3408 4697 3540 4751 Είτα
3585 4697 3658 4756 είς
3682 4693 3769 4747 Μι-

2227 4789 2482 4861 τυλήνην.
2516 4784 2648 4842 Εἶτα
2679 4791 2758 4852 είς
2791 4792 2860 4841 τὰ
2889 4789 3116 4860 ἀντικρὺ
3149 4790 3304 4843 Χίου.
3336 4784 3469 4842 Εἶτα
3497 4789 3572 4850 είς
3592 4787 3766 4854 Σάμον.

2231 4887 2500 4942 Κάκεῖθεν
2548 4886 2627 4951 είς
2681 4886 2944 4956 Μίλητον.
3010 4886 3251 4939 Ἐκεῖθεν
3303 4883 3768 4956 μεταπεμψάμενος

2229 4981 2356 5043 τοὺς
2385 4982 2442 5032 ὲν
2476 4980 2712 5047 Ἐφέσῳ,
2747 4979 3024 5049 ὡμίλησεν
3061 4979 3266 5042 αὐτοῖς.
3320 4975 3454 5032 Εἶτα
3512 4977 3590 5039 είς
3640 4972 3763 5025 Κῶν.

2233 5066 2366 5124 Εἶτα
2394 5071 2474 5132 είς
2511 5070 2711 5125 Ῥόδον.
2733 5071 3003 5122 Κάκεῖθεν
3029 5072 3108 5133 είς
3140 5071 3386 5139 Πάταρα.
3420 5065 3676 5122 Κάκεῖθεν
3700 5061 3767 5120 είς

2230 5161 2424 5230 Τύρον.
2459 5157 2596 5215 Εἶτα
2642 5163 2720 5224 είς
2770 5161 3132 5231 Πτολεμαΐδα.
3165 5162 3431 5214 Κάκεῖθεν
3460 5163 3540 5222 είς
3582 5155 3766 5211 Καισά-

2233 5272 2407 5326 ρειαν.
2427 5255 2698 5308 Κάκεῖθεν
2727 5254 2924 5324 ἀνῆλθε
2943 5255 3197 5322 τέταρτον
3231 5249 3391 5308 πάλιν
3414 5257 3492 5317 είς
3529 5251 3766 5320 Ἰερουσα-

2233 5349 2364 5418 λήμ.
2410 5347 2683 5401 Κάκεῖθεν
2735 5348 3109 5418 παρεπέμφθη
3164 5351 3243 5410 είς
3299 5351 3641 5418 Καισάρειαν.
3673 5339 3766 5396 Καὶ

2230 5438 2415 5492 λοιπὸν
2446 5438 2666 5507 δέσμιος
2701 5440 2796 5491 ἐπὶ
2839 5437 3080 5508 Ῥώμην,
3111 5438 3285 5499 οὕτως
3315 5439 3419 5491 ἀπὸ
3439 5432 3760 5504 Καισαρείας.

2228 5526 2394 5600 ἦλθεν
2423 5531 2502 5593 είς
2534 5529 2762 5583 Σιδῶνα.
2809 5529 3079 5583 Κάκεῖθεν
3113 5531 3194 5592 είς
3229 5531 3393 5599 Μύρα
3442 5533 3538 5598 τῆς
3563 5523 3759 5580 Λυκίας.

2230 5617 2365 5676 Εἶτα
2399 5623 2478 5684 εἰς
2511 5620 2723 5674 Κνίδον.
2757 5620 3026 5674 Κάκεῖθεν
3074 5620 3244 5674 πολλὰ
3294 5619 3501 5678 παθὼν,
3525 5615 3673 5688 ἦλθεν
3697 5614 3762 5672 εὶς

2231 5713 2330 5780 τὴν
2357 5715 2540 5782 νῆσον,
2559 5710 2739 5782 ἔνθαή
2764 5711 2942 5781 ἔχιδνα
2966 5711 3246 5783 καθήψατο
3275 5711 3374 5784 τῆς
3405 5710 3580 5784 χειρὸς
3599 5702 3759 5766 αὑτοῦ.

2136 5869 2154 5886 ⁸
2238 5802 2326 5855 καὶ
2362 5801 2570 5871 ἔμεινεν
2600 5801 2856 5872 ἀϐλαϐής.
