4024 6542
1555 198 1582 218 Ὁ

300 397 414 461 313
509 395 517 401 ’

1339 409 1723 471 COMMENT.
1770 413 1852 472 IN
1889 415 2131 476 EPIST.
2175 417 2274 476 AD
2314 417 2496 478 ROM.

3461 423 3566 483 314

370 510 506 567 Εἶτα
537 517 616 578 είς
653 518 1024 588 Συρακούσας.
1061 516 1187 573 Εἶτα
1218 521 1297 584 είς
1353 521 1588 592 Ῥήγιον.
1622 526 1887 579 Κάκεῖθεν

2068 531 2223 600 193
2254 534 2462 589 Dehine
2491 534 2811 601 Syracusas,
2837 537 2964 592 inde
2988 539 3260 608 Rhegium
3298 555 3310 590 :
3343 547 3398 591 et
3435 539 3567 594 hinc

305 609 389 670 εἰς
425 608 737 672 Ποτιόλους.
765 612 1029 664 Κάκεῖθεν
1065 613 1227 676 πεζὸς
1260 613 1488 682 ἀνῆλθεν
1523 617 1599 677 εἰς
1635 615 1874 685 Ῥώμην,

308 700 749 768 ἀπαντησάντων
777 703 926 772 αὐτῷ
955 705 1062 757 τῶν
1093 705 1360 773 ἀδελφῶν,
1396 709 1473 769 είς
1517 707 1748 761 Ἀππίου
1789 711 1884 779 φό-

308 806 410 859 ρον
466 791 558 843 καὶ
588 791 749 861 Τρεῖς
784 794 1086 862 Ταδέρνας,
1123 798 1215 850 καὶ
1260 797 1446 850 λοιπὸν
1487 800 1744 854 εἰσελθὼν
1804 803 1885 866 είς

321 880 566 952 Ῥώμην,
603 885 698 936 καὶ
723 885 938 949 διδάξας
966 887 1154 956 χρόνον
1199 891 1402 948 ἰκανὸν.
1437 889 1666 961 ὕστερον
1695 891 1754 944 ἐν
1789 894 1886 946 αῦ-

305 975 376 1040 τῇ
408 976 476 1042 τῇ
517 973 704 1046 Ῥώμῃ
731 977 1136 1046 ἐμαρτύρησεν,
1169 979 1358 1032 αὐτόθι
1390 981 1482 1035 τὸν
1509 983 1674 1036 καλὸν
1700 984 1885 1051 ἀγῶνα

308 1065 749 1136 ἀγωνισάμενος.
793 1067 1130 1139 Ῥωμαῖοιδέ
1165 1073 1549 1142 περικαλλέσιν
1593 1077 1759 1140 οἴκοις
1792 1081 1887 1130 καὶ

310 1154 616 1223 βασιλείοις
645 1158 712 1210 τά
742 1158 970 1228 λείψανα
993 1163 1181 1216 τούτου
1209 1164 1618 1236 καθείρξαντες,
1643 1170 1886 1222 ἐπέτειον

311 1246 468 1314 αὐτῷ
503 1249 724 1318 μνήμης
747 1251 960 1319 ἡμέραν
987 1255 1451 1324 πανηγυρίζουσι,
1491 1260 1558 1326 τῇ
1592 1259 1697 1325 πρὸ
1720 1259 1886 1328 τριῶν

310 1337 603 1390 καλανδῶν
643 1339 877 1394 Ἰουλίων
903 1342 1066 1395 αὑτοῦ
1093 1343 1154 1396 τὸ
1182 1345 1480 1418 μαρτύριον
1513 1349 1882 1418 ἑορτάζοντες.

309 1428 529 1491 Πολλὰς
560 1429 616 1482 δὲ
641 1432 736 1482 καὶ
769 1433 876 1501 πρὸ
903 1433 1093 1490 τούτου
1129 1436 1227 1507 ἤδη
1276 1440 1623 1507 παραινέσεις
1661 1443 1802 1512 ὑπέρ
1825 1460 1885 1495 τε

305 1517 434 1586 βίου
459 1521 554 1572 καὶ
586 1521 806 1591 ἀρετῆς,
846 1524 875 1576 6
913 1526 1182 1596 μακάριος
1226 1529 1542 1598 ἐποιήσατο,
1571 1533 1665 1583 καὶ
1715 1532 1886 1584 πολλὰ

308 1612 447 1679 περὶ
500 1612 608 1664 τῶν
665 1617 953 1684 πρακτέων
1004 1620 1118 1680 τοῖς
1171 1618 1482 1688 ἀνθρώποις
1527 1622 1881 1692 εἰσηγήσατο.

308 1705 444 1756 Ἔτι
493 1705 550 1757 δὲ
601 1707 692 1759 καὶ
726 1707 862 1769 ὅλως
897 1707 984 1760 διὰ
1033 1707 1135 1778 τῆς
1170 1709 1310 1779 ὑφῆς
1336 1710 1445 1762 τῶν
1474 1711 1885 1782 δεκατεσσάρων

306 1795 615 1849 ἐπιστολῶν
659 1798 890 1862 τούτων,
949 1799 1048 1870 τὴν
1099 1799 1226 1871 ὃλην
1270 1801 1578 1871 ἀνθρώποις
1620 1803 1882 1872 διεγραιῷε

305 1885 613 1942 πολιτείαν.
661 1888 981 1958 Ἀναγκαῖον
1033 1891 1090 1944 δὲ
1122 1892 1416 1963 ἡγησάμην
1450 1895 1507 1945 ἐν
1552 1893 1745 1964 βραχεῖ
1788 1897 1883 1948 καὶ
1915 1876 1956 1932 Β

304 1977 411 2028 τὸν
444 1979 634 2046 χρόνον
669 1979 1178 2050 ἐπισημειὼσασθαι
1218 1983 1314 2034 τοῦ
1349 1983 1701 2054 κηρύγματος
1735 1985 1884 2040 Παύ-

304 2073 433 2136 λου,
462 2077 527 2126 ἐκ
565 2074 675 2128 τῶν
713 2077 982 2146 χρονικῶν
1016 2078 1256 2133 κανόνων
1285 2079 1544 2133 Εὐσεϐίου
1579 2081 1674 2134 τοῦ
1724 2083 1884 2151 Παμ-

307 2167 476 2232 φίλου
535 2167 633 2238 τὴν
687 2169 1158 2238 ἀνακεφαλαίωσιν
1217 2171 1562 2241 ποιούμενος.
1607 2175 1773 2227 Ἔνθα
1821 2173 1885 2245 δὴ

305 2258 417 2326 τὴν
447 2256 630 2325 βίϐλον
661 2259 800 2327 μετὰ
829 2262 1019 2330 χεῖρας
1062 2260 1322 2331 εἰληφὼς,
1375 2264 1470 2316 καὶ
1521 2265 1723 2334 ταύτην
1751 2266 1884 2318 ἀνα·

309 2345 548 2411 πτύξας,
597 2349 839 2418 εὑρίσκω
890 2350 946 2403 τὲ
992 2350 1167 2414 πάθος
1191 2351 1285 2404 τοῦ
1310 2352 1568 2422 Σωτῆρος
1600 2354 1760 2424 ἡμῶν
1788 2354 1885 2408 καὶ

307 2437 524 2505 Κυρίου
571 2438 750 2507 Ἰησοῦ
782 2439 1016 2511 Χριστοῦ
1059 2442 1114 2496 ἐν
1142 2441 1596 2515 ὀκτωκαιδεκάτῳ
1648 2445 1756 2499 ἔτει
1783 2447 1883 2498 Τι-

307 2525 502 2596 ϐερίου
530 2529 808 2598 Καίσαρος
831 2530 1214 2600 γεγενημένον,
1248 2533 1344 2585 καὶ
1372 2533 1470 2601 τὴν
1498 2536 1800 2604 τριήμερόν
1827 2535 1885 2589 δὲ

310 2616 481 2679 εὐθὺς
510 2618 829 2684 ἀνάστασιν,
868 2622 963 2674 καὶ
1009 2621 1171 2674 πάλιν
1213 2622 1313 2692 τὴν
1346 2624 1427 2688 είς
1461 2625 1723 2694 οὐρανοὺς
1759 2629 1885 2683 ἀνά-

309 2703 481 2774 ληψιν
516 2708 611 2762 τοῦ
644 2709 902 2780 Χριστοῦ.
950 2712 1058 2765 Καὶ
1092 2711 1210 2782 μεθ’
1242 2713 1454 2784 ἡμέρας
1489 2715 1642 2778 τινάς
1673 2716 1882 2785 ὀλίγας,

309 2793 458 2851 εἶδον
503 2801 618 2852 ἐκεῖ
665 2801 794 2865 τοὺς
844 2803 1176 2865 ἀποστόλους
1234 2806 1751 2876 προχειριζομένους
1805 2810 1885 2873 είς

307 2891 598 2946 διακονίαν
646 2894 737 2946 τὸν
791 2895 1246 2967 αὑτοφερώνυμον
1303 2897 1592 2966 Στέφανον,
1639 2901 1886 2964 καὶτοὺς

311 2984 461 3051 ἀμφ’
507 2985 691 3040 αὐτόν.
726 2986 839 3039 Καὶ
868 2987 1164 3057 μετέπειτα
1195 2988 1385 3042 στάσιν
1418 2989 1689 3044 Ἰουδαίων
1723 2992 1886 3045 πάλιν

313 3075 748 3145 καταλαμϐάνω,
781 3077 962 3142 καθὼς
987 3079 1087 3148 ήδη
1121 3079 1480 3150 προείπομεν,
1510 3081 1605 3134 καὶ
1643 3081 1736 3136 τὸν
1757 3083 1885 3136 Στέ-

313 3185 491 3236 φανον
537 3169 938 3240 ἀγωνιζόμενον
991 3172 1193 3235 ἐκεῖσε,
1230 3172 1324 3225 καὶ
1370 3172 1463 3225 τὸν
1493 3164 1704 3226 Παῦλον
1758 3189 1882 3227 συν-

311 3259 646 3313 ειδοκοῦντα
674 3261 814 3315 πάνυ
861 3262 939 3331 τῷ
965 3262 1132 3334 φόνῳ.
1163 3265 1257 3326 Ὃς
1293 3264 1486 3334 μικρὸν
1516 3263 1742 3333 ὕστερον
1770 3267 1883 3329 τοῖς

315 3352 548 3420 ἄρχουσι
575 3354 682 3406 τῶν
717 3355 990 3408 Ἰουδαίων
1034 3356 1345 3427 παραστὰς,
1378 3356 1666 3420 ἐπιστολὰς
1695 3358 1886 3428 ἐκομί-

315 3445 446 3508 ζετο
489 3445 624 3516 πρδς
671 3446 796 3510 τοὺς
855 3447 915 3500 ἐν
961 3446 1240 3517 Δαμασκῷ
1281 3447 1568 3508 Ἰουδαίους
1600 3447 1741 3500 κατὰ
1778 3447 1886 3500 τῶν

320 3535 604 3604 μαθητῶν.
653 3536 811 3592 Κατὰ
845 3537 903 3591 δέ
943 3541 1113 3608 μέσην
1140 3539 1240 3608 τὴν
1273 3538 1410 3603 ὁδὸν,
1453 3539 1486 3607 ἠ
1521 3539 1707 3610 κλῆσις
1739 3538 1887 3610 αὐτῷ

315 3629 613 3696 γεγένηται
637 3628 788 3699 παρὰ
817 3628 910 3682 τοῦ
943 3627 1080 3682 Θεοῦ
1104 3670 1118 3692 ,
1148 3629 1223 3692 ὡς
1251 3629 1432 3700 μικρῷ
1462 3630 1888 3700 προσανάλωθῆ-

316 3737 407 3772 ναι
456 3719 517 3771 τὸ
562 3719 680 3777 ἔτος
718 3721 916 3774 ἐκεῖνο.
952 3721 1384 3790 Ἐπιλαδομένου
1415 3723 1550 3792 δῆτα
1583 3723 1677 3776 τοῦ
1707 3724 1890 3776 ἐννεα-

317 3808 645 3862 καιδεκάτου
672 3809 824 3872 ἔτους
852 3808 1102 3880 Τιϐερίου
1154 3810 1453 3882 Καίσαρος,
1505 3812 1887 3882 κατάρξασθαι

317 3902 411 3954 τὸν
442 3901 662 3954 Παῦλον
710 3901 807 3956 τοῦ
842 3901 1222 3981 κηρυγματος,
1253 3904 1418 3972 φησὶν
1449 3906 1482 3973 ἡ
1521 3904 1730 3973 ἱστορία
1752 3919 1766 3934 ⁸
1794 3903 1889 3958 καὶ

321 3993 425 4064 τὴν
459 3996 680 4050 ἃπασαν
726 3995 1053 4064 οἰκουμένην
1095 3995 1432 4066 διαδραμεῖν,
1470 3997 1891 4066 εὐαγγελιζόμε-

320 4105 412 4142 νον
442 4086 542 4157 τὴν
571 4087 650 4149 είς
679 4087 911 4157 Χριστὸν
940 4087 1249 4148 εὐσέϐειαν,
1303 4087 1466 4156 μέχρι
1496 4087 1888 4156 τρισκαιδεκά-

319 4196 416 4233 του
448 4178 601 4240 ἔτους
635 4177 902 4231 Κλαυδίου
938 4178 1213 4249 Καίσαρος
1238 4217 1252 4238 ,
1302 4179 1730 4247 ἡγεμονεύοντος
1763 4179 1887 4232 τότε

318 4271 421 4339 τῆς
492 4270 751 4335 Ἰουδαίας
807 4269 1072 4338 Φήλικος·
1120 4269 1204 4338 ἐφ’
1245 4263 1306 4321 οὗ
1339 4269 1738 4339 κατηγορηθεὶς
1787 4269 1890 4322 ὑπ’)

338 4363 632 4424 Ἰουδαίων,
665 4363 765 4432 τὴν
794 4362 1088 4430 ἀπολογίαν
1118 4362 1415 4430 ἐποιήσατο
1445 4360 1671 4422 Παῦλος.
1705 4361 1800 4422 Ὃς
1827 4360 1892 4432 δὴ

322 4452 416 4504 τὸν
448 4451 742 4505 ἀπόστολον
781 4453 859 4514 είς
882 4451 942 4503 τὸ
969 4450 1109 4504 κατά
1143 4450 1483 4518 Καισάρειαν
1513 4450 1891 4520 δεσμωτήριον

1984 623 2266 686 Puteolos,
2298 627 2444 680 unde
2473 628 2640 695 pedes
2660 630 2906 684 ascendit
2938 631 3188 691 Romam,
3216 634 3562 686 occurrenti-

1985 709 2090 765 bus
2154 712 2229 766 illi
2287 714 2554 772 fratribus
2610 717 2674 771 ad
2724 719 2880 788 Appii
2940 720 3118 774 forum
3173 737 3236 776 ac
3261 722 3398 784 Tres
3456 724 3562 777 Ta-

1984 801 2203 867 bernas,
2259 816 2316 860 et
2361 817 2553 875 postea
2624 809 2852 864 Romam
2910 811 3194 882 ingressus
3272 814 3562 884 multoque

1987 901 2231 960 tempore
2251 893 2474 956 docens,
2506 899 2722 952 tandem
2759 899 2812 953 in
2838 900 2952 969 ipsa
2983 902 3120 956 urbe
3154 903 3326 958 Roma
3353 917 3562 974 marty-

1987 985 2072 1039 rio
2092 987 2258 1040 vitam
2289 987 2490 1050 ﬁnivit,
2516 1005 2639 1043 cum
2668 991 2874 1045 ibidem
2911 992 3113 1047 bonum
3141 1005 3416 1050 certamen
3443 1013 3562 1050 cer-

1988 1087 2173 1132 lasset.
2206 1079 2432 1133 Romani
2471 1096 2601 1134 vero
2627 1082 2855 1138 inclusis
2888 1085 3006 1153 ejus
3037 1086 3286 1154 reliquiis
3319 1087 3562 1155 pulchris

1987 1182 2051 1220 ac
2079 1170 2356 1238 argenteis
2385 1171 2578 1235 thecis,
2616 1189 2860 1234 annuum
2892 1176 2941 1229 ei
2980 1177 3260 1231 memoriae
3289 1177 3432 1231 diem
3462 1194 3558 1231 co-

1985 1258 2126 1320 lunt,
2187 1259 2252 1312 lll
2299 1259 2569 1315 Kalendas
2640 1261 2770 1316 Julii
2839 1266 3164 1335 martyrium
3222 1269 3341 1336 ejus
3411 1268 3556 1322 cele-

1988 1346 2228 1402 brantes.
2271 1347 2451 1402 Multis
2491 1361 2670 1405 autem
2708 1361 2866 1406 antea
2898 1354 3058 1408 divus
3094 1355 3295 1409 Paulus
3329 1371 3455 1409 rum
3484 1356 3553 1409 de

1986 1439 2097 1493 vita
2139 1449 2251 1492 tum
2283 1438 2349 1492 de
2389 1440 2594 1496 virtute
2627 1441 2952 1498 adhortatus
2985 1454 3128 1508 erat,
3172 1447 3451 1514 multaque
3489 1447 3556 1502 de

1988 1531 2074 1585 his
2105 1547 2226 1601 quae
2252 1533 2464 1602 agenda
2493 1543 2642 1597 sunt,
2678 1534 2932 1594 homines
2965 1537 3248 1592 docuerat.
3283 1537 3558 1592 Prseterea

1986 1631 2170 1677 autem
2214 1630 2272 1678 et
2319 1639 2420 1692 per
2471 1624 2663 1679 barum
2719 1627 3135 1695 quatuordecim
3193 1628 3556 1697 epistolarum

1986 1721 2301 1768 contextum
2347 1714 2573 1770 omnino
2603 1717 2937 1786 prazscripsit
2977 1719 3297 1774 hominibus
3340 1720 3559 1774 univer-

1986 1818 2098 1857 sam
2135 1805 2626 1861 conversationem.
2659 1805 3041 1861 Necessarium
3074 1819 3262 1863 autem
3301 1811 3453 1872 duxi,
3498 1819 3560 1864 ut

1986 1894 2173 1963 paucis
2193 1894 2379 1949 verbis
2404 1903 2619 1964 tempus
2651 1896 3060 1964 praedicationis
3091 1897 3241 1951 Pauli
3269 1899 3552 1966 signiﬁca-

1987 2001 2102 2039 rem
2133 2001 2202 2039 ex
2232 1986 2536 2041 canonibus
2575 1997 2883 2056 temporum
2921 1987 3146 2042 Eusebii
3191 1989 3460 2058 Pamphili
3503 1991 3557 2043 in

1985 2075 2368 2144 compendium
2425 2077 2679 2139 redactis,
2732 2079 2826 2132 ubi
2878 2087 3027 2132 certe
3079 2078 3219 2132 libro
3269 2080 3323 2132 in
3366 2096 3559 2134 uianus

1985 2176 2204 2235 sumpto
2235 2181 2410 2235 eoque
2433 2177 2624 2235 aperto
2654 2169 2964 2236 passionem
3003 2168 3224 2223 invenio
3256 2168 3557 2225 Salvatoris

1983 2257 2158 2312 nostri
2183 2268 2237 2312 et
2263 2259 2480 2313 Domini
2523 2260 2650 2314 Jesu
2689 2260 2895 2314 Christi
2927 2259 3144 2315 decimo
3173 2271 3368 2316 octavo
3393 2262 3560 2316 Tibe-

1984 2349 2055 2404 rii
2099 2348 2331 2404 Caesaris
2359 2365 2504 2404 anno
2540 2350 2828 2414 accidisse,
2867 2352 3167 2421 statimque
3202 2351 3364 2406 tertio
3411 2360 3561 2421 post-

1986 2442 2208 2496 modum
2235 2442 2323 2497 die
2359 2443 2842 2508 resurrectionem,
2885 2459 2950 2499 ac
2993 2459 3212 2497 rursum
3251 2444 3454 2499 Christi
3500 2445 3556 2500 in

1985 2532 2154 2588 cmlos
2185 2533 2635 2602 assumptionem.
2667 2534 2937 2590 Praeterea
2969 2534 3152 2589 inveni
3188 2535 3391 2589 ibidem
3425 2552 3558 2605 apo-

1931 2657 1956 2671 -.
1985 2625 2156 2679 stolos
2184 2631 2309 2694 post
2337 2640 2541 2694 paucos
2576 2625 2785 2695 aliquot
2809 2626 2932 2681 dies
2961 2625 3016 2680 in
3049 2626 3418 2681 ministerium
3457 2627 3558 2682 de-

1982 2715 2181 2785 legisse
2211 2715 2576 2785 Stephanum.
2601 2716 2695 2785 qui
2728 2719 3017 2787 proprium
3050 2717 3154 2772 sibi
3174 2733 3379 2776 nortien
3417 2717 3563 2772 fere-

1984 2806 2079 2861 bat
2140 2821 2153 2858 :
2205 2822 2269 2861 ac
2327 2806 2524 2861 deinde
2572 2807 2892 2862 Judazorum
2950 2808 3276 2862 seditionem
3333 2823 3553 2862 rursum

1984 2895 2361 2964 deprehendo,
2393 2895 2534 2950 sicut
2570 2897 2680 2964 jam
2718 2896 3090 2965 praediximus,
3131 2912 3462 2965 passamque
3499 2897 3558 2950 in

1982 3002 2048 3042 ea
2081 2987 2438 3056 Stephanum,
2473 3001 2536 3041 ac
2561 2986 2788 3041 Paulum
2822 2987 2877 3041 in
2912 2997 3142 3042 mortem
3175 2990 3294 3059 ejus
3325 3004 3561 3044 consen-

1984 3079 2230 3134 tientem.
2255 3079 2359 3145 Qui
2387 3079 2547 3148 paulo
2578 3087 2701 3148 post
2728 3079 2795 3134 ad
2817 3079 3130 3135 Iudaeorum
3158 3081 3436 3150 principes
3463 3097 3561 3135 ac.

1988 3173 2211 3234 cedens,
2256 3171 2468 3224 litteras
2515 3170 2725 3239 accepit
2767 3171 2834 3226 ad
2885 3171 3124 3236 Iudaeos,
3172 3172 3266 3241 qui
3309 3172 3560 3226 Damasci

1988 3261 2276 3330 degebant,
2292 3260 2580 3314 adversum
2601 3260 2914 3330 discipulos.
2937 3260 3096 3316 Juxta
3117 3261 3353 3316 medium
3378 3270 3562 3317 autem

1987 3352 2202 3408 itineris
2235 3351 2374 3407 facta
2407 3360 2492 3407 est
2526 3352 2700 3421 ipsius
2731 3369 2762 3407 a
2808 3353 2922 3409 Deo
2970 3353 3208 3416 vocatio,
3237 3355 3401 3424 paulo
3433 3364 3563 3408 ante

1988 3445 2150 3500 linem
2176 3444 2324 3499 illius
2355 3443 2506 3498 anni.
2541 3443 2704 3500 Certe
2732 3459 2857 3499 cum
2889 3451 3111 3513 emptus
3132 3455 3280 3499 esset
3313 3444 3564 3499 decimus

1985 3552 2168 3592 nonus
2215 3535 2422 3591 Tiberii
2466 3534 2699 3590 Caesaris
2751 3550 2952 3600 annus,
2987 3536 3217 3591 Paulum
3275 3537 3564 3591 inchoasse

1985 3630 2428 3703 praedicationem
2483 3630 2678 3686 scribit
2737 3631 2966 3686 historia
3038 3647 3053 3684 :
3109 3646 3174 3686 ac
3237 3631 3562 3686 universum

1989 3702 2331 3792 percurrisse
2379 3720 2572 3775 orbem
2627 3719 3037 3775 disseminando
3076 3718 3282 3774 Christi
3333 3719 3562 3781 cultum.

1988 3827 2160 3880 usque
2191 3811 2258 3864 ad
2289 3810 2510 3866 tertium
2541 3809 3043 3866 decimumClaudii
3069 3810 3305 3865 Caesaris
3333 3824 3562 3870 annum.

1989 3903 2222 3973 preside
2253 3903 2452 3958 Iudaea:
2474 3903 2654 3957 Felice
2683 3921 2696 3956 :
2725 3902 2828 3957 sub
2847 3918 2956 3971 quo
2975 3917 3005 3957 a
3027 3895 3233 3958 ludatis
3273 3913 3564 3957 accusatus

1988 4009 2088 4064 pro
2128 4010 2186 4049 se
2228 3995 2513 4063 respondit
2559 3995 2782 4058 Paulus,
2827 3995 2920 4063 qui
2971 4010 3102 4049 sane
3141 3995 3452 4064 apostolum
3510 3994 3566 4047 in

1991 4099 2212 4140 carcere
2256 4085 2414 4156 194,
2445 4085 2660 4138 duobus
2683 4085 2844 4139 annis
2877 4085 3100 4139 inclusit
3121 4084 3403 4139 Cmsareaa.
3437 4085 3568 4138 Post

1991 4192 2155 4245 quem
2213 4184 2466 4245 suscepto
2523 4174 2743 4229 Portius
2788 4175 2984 4229 Festus
3019 4174 3332 4243 principatu
3380 4173 3566 4228 statim

1993 4269 2298 4339 apostolum
2323 4269 2572 4339 judicare
2611 4282 2900 4337 aggressus
2924 4277 3029 4330 est,
3056 4275 3116 4320 ut
3139 4265 3429 4320 maximam
3461 4265 3569 4319 hoc

1995 4360 2137 4414 facto
2158 4359 2385 4429 gratiam
2422 4359 2564 4427 apud
2591 4357 2807 4412 Judmos
2848 4358 3034 4411 iniret.
3063 4355 3220 4410 Tunc
3253 4371 3384 4424 ergo
3411 4352 3565 4408 arbi-

1996 4459 2172 4505 tratus
2205 4451 2397 4506 beatus
2430 4449 2633 4504 Paulus
2665 4447 2812 4517 quod
2853 4448 2962 4502 alio
3002 4447 3166 4501 modo
3198 4445 3422 4500 insidias
3466 4444 3565 4498 (lc--

325 4539 610 4610 καθεῖρξεν
666 4541 758 4592 ἐπὶ
817 4539 968 4594 δυσὶν
1015 4539 1182 4595 ἔτεσι.
1234 4539 1366 4593 Μεθ’
1401 4540 1460 4592 ὃν
1516 4540 1889 4610 διαδεξάμενος

1997 4541 2202 4596 clinare
2234 4556 2342 4594 non
2376 4549 2558 4609 posset
2591 4539 2696 4594 nisi
2731 4538 3002 4593 Caesarem
3041 4537 3365 4605 appellaret,
3417 4543 3570 4589 stans

324 4631 427 4702 τὴν
459 4632 634 4700 ἀρχὴν
667 4631 895 4698 Πόρκιος
921 4631 1151 4700 Φῆστος,
1210 4630 1370 4690 εὐθὺς
1427 4631 1737 4699 ἀνακρίνειν
1784 4631 1894 4702 ὦρ-

327 4739 472 4792 μησε
505 4721 597 4773 τὸν
626 4721 969 4785 Ἀπόστολον,
993 4723 1106 4782 τοῖς
1148 4719 1416 4782 Ἰουδαίοις
1446 4719 1712 4790 μεγίστην
1738 4720 1898 4789 χάριν

325 4818 384 4866 ἐν
415 4817 591 4881 τούτῳ
619 4813 1064 4881 κατατιθέμενος.
1093 4811 1226 4863 Τότε
1257 4807 1349 4865 οὖν
1381 4813 1408 4863 6
1446 4812 1717 4881 μακάριος
1745 4812 1898 4882 νομί-

325 4919 429 4961 σας
481 4903 582 4954 οῦκ
633 4903 807 4963 ἄλλως
838 4902 1324 4971 ἀπαλλαγήσεσθαι
1371 4903 1468 4972 τῆς
1521 4902 1894 4973 ἐπιϐουλῆς,ἢ

327 4993 588 5061 Καίσαρα
625 4993 1112 5062 ἐπικαλεσάμενος,
1163 4992 1337 5054 ἐστὼξ⁵
1368 4995 1459 5044 ἐπὶ
1501 4993 1595 5046 τοῦ
1655 4992 1898 5063 βήματος

332 5087 657 5138 ἐπεκαλεῖτο
689 5084 962 5157 Καίσαρα,
1015 5087 1109 5138 κοιλ⁵
1157 5086 1236 5148 είς
1285 5084 1501 5154 Ῥώμην
1530 5086 1898 5155 ἐκπέμπεται,

324 5177 465 5246 πρὸς
508 5178 762 5245 Καίσαρα
792 5177 1037 5246 Νέρωνα.
1073 5177 1246 5246 Συνῆν
1277 5177 1334 5230 δὲ
1364 5177 1516 5247 αὑτῷ
1548 5177 1644 5230 καὶ
1690 5178 1900 5247 Ἀρίστ-

263 5271 270 5274 ’
326 5257 522 5337 αρ’χοξ,
558 5269 616 5321 ὃν
644 5271 738 5321 καὶ
769 5270 994 5331 εἰκότως
1023 5269 1468 5338 συναιχμάλωτόν
1514 5287 1616 5321 που
1643 5269 1752 5321 τῶν
1779 5271 1898 5321 ἐπι-

326 5360 536 5412 στολῶν
583 5361 867 5422 ἀποκαλεῖ,
924 5361 1019 5413 καὶ
1052 5361 1264 5422 Λουκᾶς
1306 5363 1334 5412 ὁ
1371 5361 1468 5422 τὰς
1516 5360 1748 5431 Πράξεις
1789 5359 1898 5413 τῶν

326 5452 648 5506 ἀποστόλων
680 5455 872 5522 γραφῇ
907 5452 1206 5520 παραδούς.
1243 5452 1482 5505 Κάκεῖσε
1506 5449 1598 5506 οὖν
1626 5454 1654 5505 6
1688 5451 1898 5513 Παῦλος

328 5548 425 5598 ἐπὶ
451 5545 550 5614 τῆς
594 5544 880 5614 Ῥωμαίων
941 5543 1147 5596 διετίαν
1173 5543 1300 5612 ὃλην
1335 5543 1681 5609 ἐφυλάττετο.
1716 5544 1900 5596 Ταῦτα

326 5638 442 5706 γάρ
472 5635 566 5688 καὶ
598 5635 759 5704 μέχρι
789 5634 993 5686 τούτων
1029 5634 1232 5704 ἱστορεῖ
1259 5636 1471 5693 Λουκᾶς
1501 5637 1559 5687 ἐν
1592 5636 1711 5695 ταῖς
1752 5634 1902 5702 Πρά-

328 5730 449 5792 ξεσι
482 5725 590 5778 τῶν
611 5723 952 5788 ἀποστόλων,
986 5723 1104 5776 κατ’
1134 5725 1308 5776 ἐκεῖνο
1357 5722 1548 5792 καιροῦ
1593 5722 1654 5774 τὸ
1696 5721 1898 5791 βιϐλίον

334 5817 830 5890 συγγραψάμενος,
864 5816 952 5870 καὶ
989 5816 1057 5871 τὰ
1103 5813 1332 5885 καθεξῆς
1362 5816 1560 5886 ἣκιστα
1591 5815 1704 5870 τότε
1739 5813 1898 5885 γινω-

1999 4631 2064 4686 ad
2097 4630 2338 4685 tribunal
2369 4629 2634 4685 Caesarem
2665 4627 2981 4698 appellavit,
3015 4635 3072 4681 et
3095 4627 3324 4680 Romam
3354 4626 3419 4678 ad
3455 4623 3571 4678 Cte-

1999 4737 2175 4778 sarem
2201 4722 2474 4776 Neronem
2509 4718 2825 4774 dimittitur.
2855 4718 2990 4772 Erat
3013 4725 3201 4770 autem
3235 4714 3399 4767 simul
3444 4727 3570 4766 cum

1998 4830 2066 4870 eo
2093 4823 2149 4868 et
2169 4812 2522 4868 Aristarchus
2544 4811 2726 4882 (quem
2753 4809 2917 4864 etiam
2946 4806 3145 4862 merito
3179 4804 3569 4874 concaptivum

1998 4905 2232 4974 quodam
2261 4903 2615 4972 epistolarum
2639 4901 2762 4954 loco
2788 4898 3066 4968 appellat),
3097 4897 3432 4964 et_similiter
3457 4894 3572 4949 Lu-

2001 5011 2112 5060 cas,
2151 4995 2242 5063 qui
2273 4996 2405 5047 Acta
2448 4991 2823 5061 apostolorum
2865 4987 3156 5058 scriptura:
3196 4987 3440 5042 tradidit.
3491 4984 3571 5038 lbi

1999 5100 2129 5155 ergo
2157 5085 2356 5138 Paulus
2392 5083 2495 5137 sub
2521 5083 2891 5136 Romanorum
2925 5079 3173 5133 custodia
3205 5087 3378 5132 totum
3407 5076 3567 5130 bien-

2001 5175 2155 5228 nium
2202 5178 2510 5226 asservatus
2545 5177 2651 5224 est.
2700 5169 2833 5223 Nam
2897 5167 3013 5222 haac
3053 5178 3110 5222 ct
3148 5182 3319 5235 usque
3364 5165 3428 5219 ad
3470 5164 3573 5218 ista

2001 5266 2194 5321 scribit
2226 5264 2401 5317 Lucas
2433 5263 2486 5316 in
2515 5261 2668 5316 Actis
2695 5261 3090 5329 apostolorum,
3120 5260 3212 5328 qui
3255 5259 3399 5312 circa
3439 5255 3570 5309 illud

2004 5367 2218 5426 tempus
2242 5355 2445 5409 librum
2493 5353 2841 5422 conscripsit,
2884 5367 3120 5420 cumque
3173 5358 3304 5404 tunc
3341 5363 3404 5403 ea
3449 5362 3571 5417 qua:

2001 5447 2185 5502 futura
2250 5454 2434 5500 essent
2505 5444 2729 5498 minime
2771 5450 3148 5510 cognosceret,
3222 5455 3569 5509 nequaquam

2004 5538 2323 5609 martyrium
2363 5537 2484 5606 ejus
2526 5534 2803 5603 ascripsit.
2832 5534 2930 5587 lllo
2959 5532 3106 5586 enim
3138 5530 3339 5583 ibidem
3376 5528 3572 5582 relicto

2005 5631 2177 5685 Lucas
2221 5637 2277 5683 et
2311 5627 2656 5682 Aristarchus
2709 5623 3016 5678 redierunt.
3072 5620 3344 5675 Eusebius
3383 5627 3570 5671 autent

2005 5719 2286 5790 sequentia
2330 5728 2572 5788 tempora
2609 5716 2901 5787 diligenter
2951 5713 3296 5783 perquirens,
3350 5709 3573 5778 scripsit

2007 5814 2163 5868 nobis
2207 5811 2446 5867 secundo
2485 5807 2870 5864 ecclesiastica:
2913 5803 3166 5905 Hist‘oria)
3222 5802 3363 5858 libro
3407 5801 3571 5872 hujus
