4024 6574
517 424 622 489 315

1601 432 1998 492 (ECUMENll
2028 429 2320 490 TRICCE
2348 429 2691 489 EPISCOPI

3654 421 3751 485 316

521 539 688 593 etiam
739 541 1084 610 martyrium,
1120 539 1418 594 ostendens
1450 551 1506 594 et
1550 540 1778 595 Paulum
1810 541 1864 594 in
1902 542 2090 610 quiete

2195 555 2340 591 σκων
2389 538 2512 591 οὐδὲ
2546 538 2607 591 τὸ
2640 536 2938 608 μαρτύριον
2987 535 3152 588 αὑτοῦ
3217 534 3557 602 ἐγκατέθετο
3585 539 3649 606 τῇ
3681 537 3755 606 βί-

519 629 906 699 permansisse,
940 640 995 683 et
1032 629 1125 684 Dei
1157 629 1386 683 verbum
1422 629 1574 683 nullo
1605 630 1936 699 prohibente
1969 631 2083 685 dis-

517 718 837 775 seminasse.
866 719 1148 788 Siquidem
1181 720 1348 774 habet
1372 720 1624 788 historia,
1653 722 1798 791 quod
1829 723 1924 776 ubi
1954 730 2085 776 tunc

517 808 619 862 sub
643 809 860 864 Nerone
888 810 1262 879 respondisset
1287 811 1488 865 Paulus
1511 819 1616 866 eta
1649 811 1864 868 Caesare
1894 813 2087 868 fuisset

517 898 821 961 absolutus,
868 901 934 953 ad
996 900 1401 970 praedicationis
1457 902 1828 958 ministerium
1895 919 2086 958 rursus

517 988 779 1042 emissum
807 987 996 1049 fuisse,
1015 990 1246 1059 aliisque
1267 991 1456 1046 decem
1484 994 1643 1047 annis
1668 995 1942 1064 Evangelii
1967 1011 2088 1050 ver-

518 1079 648 1133 bum
683 1078 1086 1135 disseminasse.
1119 1080 1256 1136 Cum
1293 1090 1478 1138 autem
1506 1083 1570 1136 ad
1602 1093 1908 1139 extremum
1940 1087 2087 1141 insa-

517 1171 622 1224 niae
663 1170 808 1224 Nero
839 1172 1205 1240 pervenisset,
1258 1174 1498 1242 primum
1539 1177 1764 1244 quidem
1811 1178 2090 1233 interfecit

515 1261 867 1332 Agrippinam
908 1265 1191 1334 propriam
1223 1274 1474 1331 matrem,
1521 1276 1784 1337 praeterea
1829 1280 1882 1324 et
1918 1270 2091 1339 patris

516 1368 784 1421 sororem,
819 1354 1100 1410 Octaviam
1125 1372 1345 1427 quoque
1369 1374 1523 1412 suam
1558 1375 1808 1425 uxorem,
1841 1361 2090 1430 aliosque

517 1451 837 1505 innumeros
876 1468 1077 1522 genere
1122 1452 1299 1522 ipsum
1340 1454 1723 1524 contingentes
1757 1474 1769 1508 :
1805 1456 2003 1511 deinde
2036 1465 2092 1512 et

516 1541 883 1596 universalem
915 1541 1105 1599 movit.
1125 1543 1415 1604 adversum
1452 1544 1796 1598 Christianos
1828 1561 2083 1614 persecu-

519 1630 746 1696 tionem,
770 1639 826 1687 et
855 1633 929 1687 ita
962 1634 1029 1687 ad
1058 1635 1432 1703 apostolorum
1461 1635 1636 1690 caedes
1667 1638 1940 1706 pervenit.
1971 1637 2093 1692 Sta-

2189 631 2316 699 6λῳ.
2355 631 2757 691 Καταλιπόντες
2784 628 2892 697 γὰρ
2931 627 3094 679 αὑτὸν
3123 627 3298 679 ἐκεῖσε
3334 627 3559 686 Λουκᾶς
3588 644 3645 680 τε
3675 632 3757 681 καὶ

2199 721 2571 791 ’Λρὶσταρχος,
2620 715 2804 788 ἦλθον.
2862 718 3120 780 Εὐσέϐιος
3158 717 3215 770 δὲ
3269 721 3404 780 τοὺς
3469 719 3750 788 μετέπειτα

2188 812 2412 879 χρόνους
2452 809 2697 878 ἀκριϐῶς
2751 807 3277 878 περιεργασάμενος,
3318 809 3615 878 ἱστόρησεν
3639 813 3757 880 ἡμῖν

2189 901 2245 952 έν
2267 900 2343 970 τῷ
2371 900 2608 970 δευτέρῳ
2657 899 2806 968 τόμῳ
2852 899 2953 967 τῆς
2993 898 3498 968 Ἐκκλησιαστικῆς
3528 900 3755 972 ἱστορίας

2187 991 2377 1045 τούτου
2437 992 2628 1045 καὶτὸ
2675 990 2991 1062 μαρτύριον,
3038 992 3134 1043 καὶ
3179 991 3270 1043 τὸν
3328 990 3553 1044 Παῦλον
3586 993 3760 1046 άνετον

2189 1084 2500 1154 διατρίψαι,
2533 1082 2629 1136 καὶ
2660 1083 2754 1134 τὸν
2783 1081 2876 1135 τοῦ
2900 1081 3034 1135 θεοῦ
3068 1083 3226 1149 λόγον
3264 1082 3575 1146 ἀκωλύτως
3605 1087 3762 1154 κηρύ-

2192 1176 2278 1241 ξαι
2333 1176 2834 1246 ἐπισημηνάμενος.
2890 1175 3024 1228 Τότε
3082 1176 3180 1246 μὲν
3223 1170 3319 1228 οὖν
3377 1175 3474 1227 ἐπὶ
3525 1176 3760 1245 Νέρωνος

2191 1269 2673 1340 ἀπολογησάμενον
2695 1267 2787 1320 τὸν
2820 1267 3051 1332 Παῦλον,
3080 1266 3234 1330 αὖθις
3279 1267 3376 1320 ἐπὶ
3402 1267 3506 1333 τὴν
3541 1267 3631 1320 τοῦ
3675 1286 3763 1336 κη-

2196 1361 2474 1431 ρύγματος
2507 1359 2783 1413 διακονίαν
2811 1358 2969 1426 λόγος
3004 1359 3116 1427 ἔχει
3149 1359 3471 1412 στείλασθαι
3507 1359 3612 1411 ὑπὸ
3641 1361 3763 1412 Καί-

2195 1471 2361 1526 σαρος
2386 1451 2744 1517 ἅπολυθέντα,
2781 1449 3240 1519 εὐαγγελίσασθαι
3277 1450 3365 1516 ἐφ’
3409 1450 3618 1518 ἑτέροις
3644 1450 3762 1503 δέκα

2193 1547 2388 1598 ἔτεσιν.
2445 1543 2540 1606 Εἰς
2579 1541 2747 1612 ἀκρον
2791 1542 2847 1594 δὲ
2896 1541 3093 1610 μανίας
3126 1541 3154 1592 ό
3183 1540 3380 1610 Νέρων
3419 1541 3761 1609 ἀφικόμενος,

2193 1635 2370 1687 ἀνεῖλε
2402 1631 2502 1701 μὲν
2535 1631 2900 1702 Ἀγριππίναν
2945 1629 3137 1701 πρῶτα
3186 1627 3290 1699 τὴν
3341 1629 3486 1681 ίδίαν
3543 1629 3761 1699 μητέρα,

519 1726 616 1780 tim
646 1725 793 1781 enim
818 1727 1148 1781 accersitum
1189 1728 1416 1782 Paulum
1451 1729 1593 1784 stitit
1637 1730 1918 1786 tribunali.
1945 1730 2090 1785 Rur-

2197 1725 2281 1779 ἑτι
2309 1725 2366 1778 δὲ
2395 1723 2491 1776 καὶ
2522 1725 2620 1792 τὴν
2645 1721 2882 1790 ἀδελφὴν
2929 1719 3022 1773 τοῦ
3074 1721 3281 1790 πατρὸς
3301 1761 3315 1784 ,
3351 1721 3449 1772 καὶ
3476 1720 3762 1773 Ὀκταυῖαν

517 1831 639 1871 sum
651 1826 835 1872 autem
855 1818 906 1873 ei
926 1819 1102 1873 Lucas
1115 1820 1446 1889 coniunctus
1463 1831 1575 1874 est:
1592 1821 1682 1875 ubi
1703 1829 1850 1876 certe
1863 1822 2090 1893 contigit

2196 1817 2296 1886 τὴν
2327 1813 2521 1868 ἑαυτοῦ
2553 1815 2807 1881 γυναῖκα,
2841 1814 2934 1865 καὶ
2985 1811 3182 1876 ἄλλους
3228 1811 3464 1881 μυρίους
3515 1811 3591 1881 τῷ
3633 1811 3764 1878 γένει

521 1907 748 1960 Paulum
789 1922 934 1961 auuo
978 1907 1255 1962 tricesimo
1295 1920 1451 1964 sexto
1481 1926 1509 1963 a
1546 1911 1828 1966 Salvatore
1877 1924 2037 1981 passo
2066 1952 2080 1978 ,

2195 1907 2586 1977 προσήκοντας.
2677 1903 2987 1957 Μετέπειτα
3051 1902 3106 1955 δὲ
3191 1901 3489 1955 καθολικὸν
3560 1903 3762 1972 ἐκίνησε

520 1998 686 2051 tertio
699 1997 910 2052 decimo
937 2008 1119 2053 autem
1147 1999 1907 2075 imperiiNeronis,martyrio
1929 2004 2090 2059 vitam

2198 1996 2437 2067 διωγμὸν
2483 1995 2623 2052 κατά
2667 1995 2775 2048 τῶν
2800 1994 3148 2065 Χριστιανῶν
3169 2036 3182 2060 ,
3212 1995 3308 2047 καὶ
3339 1992 3522 2055 οὕτως
3560 1994 3648 2046 ἐπὶ
3681 1994 3764 2056 τὰς

519 2085 724 2149 ﬁnisse.
744 2089 923 2157 capite
948 2089 1207 2144 videlicet
1227 2090 1407 2158 gladio
1437 2102 1737 2160 amputato.
1764 2092 1900 2148 Sunt
1933 2095 2090 2166 igitur

2196 2088 2306 2144 τῶν
2327 2087 2642 2143 ἀποστόλων
2672 2081 2804 2157 ἦλθε
2846 2087 3084 2154 σφαγάς.
3117 2084 3634 2152 Μεταστειλάμενος
3667 2084 3762 2154 γὰρ

516 2176 587 2231 ab
627 2193 772 2232 anno
805 2178 1014 2234 Tiberii
1044 2179 1275 2234 Caesaris
1316 2181 1533 2236 decimo
1575 2198 1744 2249 nono,
1772 2200 1882 2254 quo
1915 2186 2095 2240 Evan-

515 2270 720 2340 gelium
745 2273 911 2342 coepit
932 2273 1252 2342 praedicare,
1279 2289 1453 2344 usque
1473 2275 1538 2330 ad
1571 2291 1776 2331 annum
1805 2280 1925 2349 ejus
1949 2279 2096 2334 vice-

517 2359 718 2416 simum
758 2362 1084 2425 secundum,
1133 2365 1260 2417 anni
1295 2373 1559 2434 quatuor,
1595 2377 1650 2420 et
1691 2367 1809 2422 Caii
1841 2369 2093 2425 similiter

515 2452 644 2505 anni
669 2463 908 2521 quatuor
948 2472 962 2507 :
997 2470 1216 2507 rursum
1247 2471 1379 2509 vero
1415 2465 1470 2510 et
1502 2455 1716 2511 Claudii
1757 2461 1884 2513 anni
1931 2461 2093 2530 paulo

517 2543 701 2597 minus
745 2545 1192 2613 quatuordecim,
1231 2562 1393 2616 quem
1439 2549 1721 2604 insecutus
1750 2551 1893 2606 Nero
1928 2555 2093 2608 tertio

517 2632 735 2687 decimo
757 2635 843 2688 sui
869 2635 1026 2705 195
1077 2636 1418 2704 principatus
1473 2654 1619 2693 anno
1669 2642 1974 2709 apostolum
2011 2643 2094 2696 in-

517 2726 759 2779 teremit.
823 2726 948 2782 Hac
1017 2738 1202 2783 autem
1245 2729 1313 2783 de
1363 2730 1540 2798 prima
1586 2747 1684 2786 sua
1734 2734 2091 2802 responsione

515 2815 709 2870 scribit
730 2816 845 2886 ipse
867 2818 1067 2872 Paulus
1102 2819 1382 2888 apostolus
1417 2819 1746 2877 Timotheo:
1777 2841 1794 2874 ι
1830 2821 1884 2876 In
1915 2824 2090 2892 prima

514 2923 636 2962 mea
672 2910 1030 2978 responsione
1047 2911 1233 2966 nullus
1267 2912 1403 2966 mihi
1438 2911 1634 2978 adfuit,
1662 2915 1755 2968 sed
1781 2930 1972 2970 omnes
2003 2931 2092 2970 me

515 2999 935 3071 dereliquerunt
971 3020 984 3056 :
1016 3018 1125 3059 non
1158 3005 1268 3060 illis
1310 3006 1614 3075 imputetur
1655 3023 1669 3060 :
1697 3007 1964 3062 Dominus
1992 3023 2092 3061 au-

518 3102 626 3148 tem
657 3093 835 3150 adfuit
863 3095 998 3150 mihi
1029 3105 1085 3152 et
1107 3096 1455 3153 conﬁrmavit
1488 3112 1595 3162 me,
1630 3107 1690 3152 ut
1715 3113 1814 3167 per
1842 3113 1928 3153 me
1955 3114 2094 3168 prae-

514 3184 720 3241 dicatio
766 3187 992 3243 certiori
1037 3187 1142 3245 ﬁde
1189 3191 1663 3259 comprobaretur,
1721 3191 2090 3261 audirentque

513 3289 708 3332 (mnes
737 3286 930 3348 gentes
971 3297 985 3333 :
1015 3288 1074 3334 et
1102 3279 1369 3334 liberatus
1397 3295 1518 3334 sum
1539 3280 1607 3336 de
1651 3295 1746 3335 ore
1795 3280 2030 3346 leonis‘,
2063 3300 2081 3334 ι

517 3363 626 3419 hoc
648 3366 874 3423 nomine
898 3367 1174 3424 Neronem
1202 3369 1539 3440 signiﬁcans.
1569 3369 1645 3424 De
1669 3370 1910 3425 secunda
1933 3386 2086 3437 vero,

516 3455 571 3510 in
604 3471 713 3525 qua
743 3465 799 3511 ct
831 3459 1094 3530 martyrio
1110 3474 1265 3515 suam
1290 3460 1466 3515 ﬁnivit
1495 3461 1684 3528 vitam,
1714 3463 1793 3518 ait
1835 3481 1847 3516 :
1888 3481 1906 3513 ι
1932 3461 2091 3517 Mini-

516 3546 748 3601 sterium
796 3555 953 3604 tuum
998 3549 1205 3605 bonum
1249 3552 1457 3606 certius
1499 3551 1756 3622 adimple.
1797 3553 1911 3624 Ego
1944 3554 2092 3608 enim

517 3637 626 3709 iam
653 3637 1196 3710 dclibor,ettempus
1217 3657 1349 3696 mea:
1379 3642 1762 3699 dissolutionis
1795 3645 2092 3700 instatJEt

517 3730 647 3797 quia
677 3729 850 3786 Lucas
883 3748 1099 3787 rursum
1127 3742 1250 3789 erat
1278 3749 1404 3788 cum
1427 3751 1516 3801 eo,
1537 3746 1663 3805 post
1683 3751 1853 3806 pauca
1881 3739 2090 3807 episto-

516 3817 584 3874 ,ιε
625 3821 794 3875 verba
839 3838 853 3876 :
893 3822 1142 3878 «Salutat
1171 3834 1244 3892 te,
1274 3825 1473 3896 inquit,
1514 3827 1710 3892 Lucas,
1755 3829 1848 3898 qui
1877 3845 2090 3883 mecum

519 3919 622 3964 est.
657 3929 674 3962 ο
711 3911 903 3969 Totius
946 3914 1114 3984 igitur
1151 3915 1356 3985 prioris
1394 3919 1804 3989 praedicationis
1855 3919 2092 3990 apostoli

521 4011 739 4071 tempus
781 4014 866 4060 est
902 4007 1068 4062 unius
1099 4017 1155 4062 et
1197 4009 1386 4078 viginti
1426 4026 1696 4065 annorum
1727 4019 1927 4080 praeter
1957 4012 2094 4067 alios

517 4094 658 4150 duos
693 4112 867 4153 annos
907 4115 1046 4169 quos
1067 4101 1211 4170 apud
1235 4101 1536 4157 Caesaream
1565 4104 1620 4158 in
1651 4119 1874 4160 carcere
1912 4115 2093 4160 trans-

516 4184 647 4254 egit.
675 4185 770 4241 His
794 4204 1009 4243 rursum
1032 4190 1304 4245 addantur
1326 4192 1436 4246 duo
1453 4193 1612 4262 primi
1638 4195 1765 4248 anni
1797 4203 2088 4264 postquam

518 4277 746 4332 Romam
786 4293 1133 4349 pervenerat,
1172 4283 1473 4352 decemque
1505 4285 1682 4339 ultimi
1721 4304 1734 4340 :
1768 4287 1840 4341 ita
1873 4294 1934 4340 ut
1968 4287 2091 4340 fue-

518 4368 632 4424 rint
659 4385 853 4426 omnes
879 4374 1009 4427 anui
1039 4375 1109 4428 ab
1141 4376 1260 4445 ejus
1285 4377 1575 4431 vocatione
1606 4393 1779 4448 usque
1811 4378 1875 4432 ad
1913 4377 2086 4448 ipsius

519 4469 755 4515 mortem
784 4464 1006 4533 tri-ginta
1031 4466 1298 4535 quinque.

2193 2180 2286 2234 τὸν
2315 2178 2526 2236 Παῦλον
2581 2177 2741 2241 αὖθις
2793 2177 2872 2246 τῷ
2905 2178 3108 2248 βήματι
3153 2179 3424 2248 παριστᾷ.
3456 2175 3688 2244 Συνῆλθε
3711 2177 3762 2228 δὲ

2197 2270 2359 2325 πάλιν
2381 2273 2411 2325 ὁ
2438 2271 2653 2333 Λουκᾶς
2688 2267 2860 2338 αὐτῷ.
2893 2268 3064 2321 Ἔνθα
3089 2267 3150 2338 δὴ
3180 2268 3382 2338 συνέϐη
3416 2267 3510 2319 τὸν
3549 2266 3758 2330 Παῦλον,

2193 2361 2504 2432 τριακοστῷ
2551 2360 2698 2430 ἕκτῳ
2753 2357 2863 2411 ἔτει
2916 2356 3012 2411 τοῦ
3049 2358 3320 2427 σωτηρίου
3360 2357 3590 2419 πάθους,
3620 2373 3759 2425 τρισ-

2199 2456 2507 2524 καιδεκάτῳ
2539 2453 2596 2506 δὲ
2627 2452 2882 2522 Νέρωνος
2938 2449 3323 2522 μαρτυρῆσαι,
3381 2449 3524 2518 Elpei
3556 2450 3648 2518 τὴν
3677 2465 3756 2500 κε-

2196 2543 2370 2614 φαλὴν
2419 2543 2830 2614 άποτμηθέντα..
2865 2542 3020 2594 Ἐστι
3051 2541 3232 2594 τοίνυν
3281 2540 3396 2593 ἀπὸ
3441 2538 3536 2592 τοῦ
3581 2541 3748 2591 ἐννεα-

2195 2637 2515 2689 καιδεκάτου
2550 2636 2705 2698 ετους
2755 2633 3008 2704 Τιϐερίου
3038 2633 3356 2702 Καίσαρος,
3389 2633 3449 2696 ἑξ
3483 2625 3544 2685 οῦ
3574 2629 3758 2700 κηρύσ·

2195 2744 2312 2780 σειν
2335 2726 2394 2780 τὸ
2424 2726 2996 2796 Εὑαγγέλιονήρξατο,
3031 2725 3136 2787 ἕως
3161 2723 3254 2777 τοῦ
3297 2723 3554 2776 εἰκοστοῦ
3584 2722 3756 2774 δευτέ-

2197 2836 2291 2889 ρου
2325 2818 2498 2884 ἔτους,
2537 2819 2632 2890 ἔτη
2657 2820 2900 2889 τέσσαρα
2920 2834 2933 2847 ’
2978 2817 3072 2870 καὶ
3101 2817 3169 2869 τά
3203 2817 3371 2870 Γαΐου
3407 2816 3463 2868 δὲ
3493 2813 3752 2876 ὡσαύτως,

2195 2909 2292 2980 ἐτη
2329 2910 2592 2981 τέσσαρα.
2625 2907 2792 2974 Αὖθις
2820 2911 2876 2963 δὲ
2906 2910 2998 2963 καὶ
3031 2909 3100 2962 τὰ
3130 2908 3402 2962 Κλαυδίου
3437 2908 3553 2975 ἔτη,
3581 2905 3756 2975 μικρὸν

2193 3004 2436 3065 ἐλάττω,
2489 3005 2885 3072 δεκατέσσαρα.
2948 3004 3046 3056 Ὃν
3115 3001 3502 3070 διαδεξάμενος
3561 3000 3751 3068 Νέρων,

2191 3093 2624 3164 τρισκαιδεκάτῳ
2651 3093 2759 3146 ἔτει
2781 3092 2879 3163 τῆς
2910 3091 3102 3144 ἑαυτοῦ
3131 3091 3325 3162 ἀρχῆς,
3344 3087 3753 3143 τὸνἊπόστολον

2192 3185 2423 3240 ἀνεῖλεν.
2450 3185 2655 3254 Γράφει
2681 3183 2812 3254 γοῦν
2855 3187 2884 3237 ὁ
2913 3184 3076 3247 αὐτὸς
3107 3181 3408 3243 ἀπόστολος
3443 3179 3645 3239 Παῦλος
3675 3176 3754 3227 Τι-

2206 3277 2409 3349 μοθέῳ,
2436 3278 2564 3348 περὶ
2595 3276 2694 3346 μὲν
2719 3277 2817 3346 τῆς
2841 3275 3066 3347 πρώτης
3097 3273 3264 3328 αὐτοῦ
3292 3273 3587 3341 ἀπολογίας
3612 3269 3752 3323 τάδε’

2202 3388 2222 3423 ι
2244 3371 2334 3426 Ἑν
2359 3373 2424 3442 τῇ
2453 3368 2642 3441 πρώτῃ
2673 3386 2774 3439 μου
2795 3367 3062 3436 ἀπολογίᾳ
3121 3365 3294 3428 οὐδείς
3317 3360 3756 3435 μοι’συμπαρεγέ-

2198 3479 2340 3527 νετο,
2373 3461 2512 3516 ἀλλὰ
2541 3463 2738 3524 πάντες
2794 3477 2861 3529 με
2893 3458 3272 3528 ἐγκατέλιπον.
3325 3457 3420 3527 Μὴ
3473 3455 3649 3516 αὐτοῖς
3679 3452 3754 3502 λο-

2197 3552 2510 3626 γισθείη.⁹0
2534 3553 2592 3607 δὲ
2625 3553 2827 3623 Κύριός
2860 3569 2949 3622 μοι
2984 3551 3232 3622 παρέστη
3264 3551 3360 3603 καὶ
3395 3543 3749 3612 ὲνεδυνὰμωσέ

2200 3661 2288 3715 με,
2349 3643 2436 3697 ῐνα
2486 3642 2556 3696 δι’
2600 3642 2733 3714 ἐμοῦ
2782 3642 2844 3695 τὸ
2905 3643 3169 3712 κήρυγμα
3215 3637 3629 3707 πληροφορηθῇ,
3671 3634 3750 3687 καὶ

2198 3735 2471 3789 ἀκούσωσι
2507 3737 2685 3789 πάντα
2717 3735 2784 3788 τὰ
2811 3733 2960 3805 ἔθνη.
2992 3733 3102 3787 Καὶ
3139 3730 3418 3803 ὲρρύσθην
3461 3730 3526 3781 ὲκ
3567 3725 3750 3793 στόμα-

2195 3846 2286 3891 τος
2315 3828 2556 3891 λέοντος⁸
2597 3847 2614 3878 ι
2650 3825 2839 3880 τοῦτον
2862 3825 3039 3895 λέγων
3070 3819 3212 3877 εἶναι
3233 3823 3324 3876 τὸν
3358 3822 3608 3893 Νέρωνα.
3636 3815 3751 3887 Περὶ⁸

2195 3918 2254 3972 δὲ
2283 3919 2382 3989 τῆς
2411 3918 2672 3988 δευτέρας
2706 3910 2821 3989 ὲ.νῇ
2851 3917 2946 3968 καὶ
2986 3913 3288 3967 τελειοῦται
3322 3913 3403 3982 τῷ
3452 3912 3571 3966 κατ’
3607 3905 3749 3962 αὐτὸν

2199 4009 2501 4081 μαρτυρίῳ,
2548 4009 2703 4079 φησί·
2735 4027 2752 4060 ι
2781 4008 2894 4078 Τὴν
2915 4005 3085 4077 καλὴν
3119 4003 3395 4058 διακονίαν
3419 4021 3514 4056 σου
3570 3999 3748 4068 πληρο-

2196 4103 2457 4173 φόρησον.
2483 4099 2628 4169 Ἐγὼ
2657 4098 2767 4171 γὰρ
2794 4099 2892 4168 ἤδη
2925 4097 3247 4164 σπένδομαι,
3279 4097 3374 4149 καὶ
3403 4097 3432 4148 ὁ
3457 4089 3640 4163 καιρὸς
3664 4087 3746 4150 τῆς

2195 4189 2504 4252 ἀναλύσεώς
2535 4206 2636 4259 μου
2669 4189 2995 4261 ὲφέστηκε.ι
3025 4189 3134 4240 Καὶ
3164 4189 3245 4240 ὃτι
3265 4188 3480 4248 Λουκᾶς
3511 4180 3576 4254 ἦν
3606 4179 3745 4234 πάλιν

2196 4286 2291 4338 σὺν
2316 4282 2483 4354 αὐτῷ,
2518 4283 2634 4353 μετ’
2655 4282 2812 4350 ὀλίγα
2837 4280 3290 4352 τῆςὲπιστολῆς,ι
3325 4275 3654 4342 ⁹Αστιτάζειιτοιί
3674 4288 3742 4334 σε,

2191 4377 2462 4449 γράφει,ιὸ
2484 4377 2696 4438 Λουκᾶς
2727 4379 2754 4428 ὁ
2779 4375 2874 4428 σὺν
2901 4375 3044 4443 ἐμοί.
3065 4393 3083 4424 ι
3119 4375 3306 4426 Ἔστιν
3329 4372 3423 4426 οὖν
3448 4376 3476 4426 ὁ
3511 4373 3613 4431 πᾶς
3634 4364 3742 4436 κρό-

2192 4486 2284 4534 voc;
2303 4469 2397 4523 τοῦ
2427 4469 2782 4540 κηρύγματος
2815 4466 3052 4532 Παύλου,
3090 4468 3263 4519 εἴκοσι
3291 4467 3385 4518 καὶ
3410 4465 3472 4518 ἒν
3499 4465 3627 4521 ἔτος.
3650 4456 3744 4510 Καὶ

515 4551 677 4621 ἔτερα
697 4553 793 4607 δύο
825 4555 944 4619 ἔτη.
967 4555 1004 4608 ὃ.
1037 4556 1336 4611 διετέλεσεν
1376 4559 1434 4610 ἐν
1461 4559 1539 4629 τῷ
1571 4559 1712 4613 κατὰ
1747 4559 2085 4628 Καισάρειαν
2117 4560 2495 4632 δεσμωτηρίῳ.
2549 4561 2693 4630 Πρὸς
2733 4557 2790 4611 δὲ
2855 4557 3068 4621 τούτοις
3104 4557 3286 4620 πάλιν,
3339 4559 3410 4611 τά
3477 4559 3532 4609 ὲν
3581 4551 3743 4617 Ῥώμῃ

517 4645 760 4715 πρότερα
780 4647 873 4700 δύο
901 4647 1018 4718 ἔτη,
1055 4648 1239 4702 καὶτὰ
1267 4651 1548 4704 τελευταῖα
1577 4653 1633 4705 δὲ
1674 4653 1770 4724 ἐτη
1839 4653 1970 4706 δέκα
1999 4669 2013 4682 ο
2077 4652 2219 4706 ὥστε
2264 4649 2404 4706 εἶναι
2452 4655 2631 4707 πάντα
2661 4653 2728 4705 τά
2757 4651 2851 4721 ἔτη
2882 4649 2987 4703 ἀπὸ
3013 4649 3112 4718 τῆς
3142 4650 3384 4719 κλήσεως
3416 4646 3574 4703 αὑτοῦ
3604 4643 3742 4713 μέχρι

516 4738 616 4807 τῆς
643 4738 975 4804 τελειώσεως
1010 4742 1196 4807 αὐτοῦ,
1229 4745 1522 4815 τριάκοντα
1550 4746 1642 4799 καὶ
1674 4746 1854 4804 πέντε.

823 4853 1239 4914 MARTYRIUM
1265 4857 1468 4915 PAULI
1497 4857 1853 4915 APOSTOLI.

590 4962 703 5019 Sub
730 4966 946 5022 Nerone
992 4969 1366 5025 Romanorum
1414 4971 1771 5042 imperatore,
1827 4982 2090 5045 martyrio

519 5054 685 5108 \itam
721 5055 923 5110 ibidem
966 5058 1142 5113 ﬁnivit
1176 5059 1380 5116 Paulus
1436 5061 1738 5131 apostolus,
1772 5062 1951 5133 capite
1977 5064 2090 5134 gla-

519 5147 612 5201 dio
657 5155 959 5217 amputato,
1000 5166 1146 5205 anno
1174 5167 1206 5206 a
1245 5153 1470 5208 salutari
1507 5154 1764 5225 passione
1812 5155 2091 5212 tricesimo

519 5248 672 5292 sexto
700 5249 985 5309 postquam
1020 5242 1206 5296 Romae
1230 5243 1434 5298 bonum
1461 5254 1763 5301 certaverat
1788 5256 2090 5314 certamen,

518 5331 712 5400 quinto
741 5331 830 5388 die
864 5335 1071 5390 mensis
1095 5335 1340 5400 Panemi,
1373 5338 1468 5407 qui
1498 5339 1616 5393 dies
1639 5339 1783 5410 apud
1819 5340 2094 5395 Romanos

517 5421 722 5478 dicitur
777 5424 974 5480 tertius
1017 5425 1383 5483 Kalendarum
1428 5429 1586 5494 Julii,
1640 5446 1749 5500 quo
1801 5432 2095 5501 complevit

517 5512 678 5570 divus
699 5517 993 5586 Apostolus
1015 5533 1176 5573 suum
1213 5521 1556 5592 martyrium,
1573 5522 1909 5592 sexagesimo
1947 5537 2095 5578 nono

518 5620 663 5662 anno
687 5608 960 5664 adventus
993 5610 1292 5667 Salvatoris
1323 5613 1495 5669 nostri
1528 5613 1657 5672 Jesu
1690 5613 1915 5670 Christi.

595 5829 678 5885 'll
704 5831 840 5888 Tim.
878 5849 949 5896 tv,
990 5832 1073 5912 16,
1120 5834 1202 5886 l7.

2129 4853 2176 4910 D

2325 4853 2728 4910 ΜΑΡΤΥΡΙΟΝ
2761 4853 3041 4904 ιιΛΥᾹΟΥ
3069 4853 3154 4903 ἰὐ
3167 4851 3204 4902 ι’
3232 4845 3650 4904 ΑΠΟΣΤΟΛυΥ.

2281 4970 2404 5024 Ἐπὶ
2452 4969 2701 5040 Νέρωνος
2729 4965 2823 5020 τοῦ
2876 4967 3156 5034 Καίσαρος
3191 4965 3496 5036 Ῥωμαίων,
3525 4957 3741 5032 ἐμαρτύ-

2199 5081 2366 5135 ρησεν
2402 5062 2589 5116 αὐτόθι
2625 5061 2834 5123 Παῦλος
2874 5062 2902 5113 ὁ
2932 5059 3231 5121 ἀπόστολος
3252 5102 3265 5123 ,
3299 5060 3446 5127 ξίφει
3471 5057 3564 5128 τὴν
3592 5067 3740 5146 mea:

2197 5155 2294 5224 λὴν
2321 5153 2676 5223 ἀποτμηθεὶς,
2709 5155 2767 5204 ὲν
2793 5150 2872 5220 τῷ
2900 5150 3211 5220 τριακοστῷ
3238 5149 3330 5202 καὶ
3366 5151 3508 5220 ἕκτῳ
3540 5146 3639 5199 ἔτει
3658 5155 3736 5191 του

2199 5245 2466 5315 σωτηρίου
2488 5244 2710 5309 πάθους,
2742 5241 2831 5294 τὸν
2865 5242 3034 5296 καλὸν
3060 5242 3248 5309 ἀγῶνα
3277 5241 3668 5310 ἀγωνισάμενος
3689 5231 3738 5282 έν

2209 5336 2666 5408 Ῥώμῃ,πέμπτῃ
2695 5337 2883 5406 ἡμέρᾳ⁴
2919 5336 3170 5404 Πανέμου
3204 5333 3392 5404 μηνὸς,
3414 5335 3531 5404 ἥτις
3551 5329 3734 5394 λέγεται

2201 5427 2353 5496 παρὰ
2395 5424 2704 5494 Ῥωμαίοις,
2737 5427 2802 5493 τῇ
2837 5423 2941 5492 πρὸ
2983 5423 3150 5494 τριῶν
3180 5420 3473 5476 Καλανδῶν
3511 5415 3732 5472 Ἰουλίων.

2201 5519 2322 5574 καθ’
2355 5519 2422 5589 ἣν
2446 5517 2734 5586 ἐτελειώθη
2773 5519 2800 5568 ὁ
2834 5517 2988 5583 ᾰγιος
3033 5516 3356 5578 ’Δπόστολος
3403 5514 3478 5585 τῷ
3507 5509 3618 5564 κατ’
3647 5503 3729 5595 at}:

2199 5613 2289 5665 τὸν
2320 5608 2621 5680 μαρτυρίῳ,
2659 5605 2936 5676 ἑξηκοστῷ
2987 5605 3082 5659 καὶ
3120 5605 3326 5676 ὲννάτῳ
3372 5605 3479 5659 ἔτει
3523 5601 3610 5670 τῆς
3652 5608 3731 5646 TW

2197 5703 2443 5773 Σωτῆρος
2472 5700 2623 5770 ἡμῶν
2661 5698 2834 5753 Ἰτςοῦ
2868 5697 3104 5766 Χριστοῦ
3140 5700 3462 5760 παρουσίας.
