4024 6606
286 442 402 506 317

374 645 449 699 Ἦ
499 647 557 700 δὲ
600 647 737 718 πρὸς
795 646 1098 715 Ῥωμαίους
1158 649 1415 719 ἐπιστολὴ
1479 651 1726 720 περιέχει
1775 650 1873 719 τὴν

287 738 437 807 πρὸς
466 738 558 792 τὸν
584 739 821 809 Χριστὸν
848 739 1226 810 παρασκευὴν,
1261 738 1501 809 μάλιστα
1532 745 1644 804 τοίς
1670 744 1732 795 ἐκ
1768 742 1873 810 φύ-

284 847 442 893 σεως
477 830 764 900 λογισμοῖς
802 830 1180 901 ἐλεγχθεῖσαν,
1209 833 1302 886 καὶ
1330 831 1419 885 διὰ
1445 832 1604 885 τοῦτο
1638 834 1876 903 προτάτ-

278 937 457 975 τεται
488 921 678 982 ἄλλαις
709 923 976 988 ἁπάσαις,
1012 923 1088 985 ὡς
1129 923 1192 992 δὴ
1226 923 1363 992 πρὸς
1391 924 1589 986 αὐτοὺς
1622 940 1862 995 γεγραμ-

285 1014 442 1085 μένη
471 1016 599 1077 τοὺς
633 1015 738 1085 san
767 1014 838 1069 τὰ
881 1016 1002 1070 θεῖα
1036 1015 1474 1087 προμυηθέντας.
1505 1016 1722 1086 Ταύτην
1752 1020 1874 1072 ἐπι-

285 1104 516 1156 στέλλει
564 1105 675 1159 ἀπὸ
721 1104 1009 1177 Κορίνθου,
1073 1108 1242 1176 μήπω
1296 1107 1395 1176 μὲν
1429 1106 1691 1179 ἑωρακὼς
1735 1110 1863 1163 Ῥω-

287 1195 524 1265 μαίους,
588 1196 805 1250 ἀκούων
865 1197 921 1250 δὲ
984 1198 1117 1268 περὶ
1168 1199 1370 1265 αὐτῶν,
1431 1199 1528 1255 καὶ
1592 1201 1870 1255 ἐπιποθῶν

287 1290 504 1352 αὐτοὺς
558 1291 709 1346 ίδεῖν.
756 1290 869 1345 Καὶ
920 1291 1139 1363 πρῶτον
1187 1293 1287 1363 μὲν
1327 1293 1686 1365 ἀποδέχεσθαι
1732 1311 1867 1364 φησι

282 1381 397 1452 τὴν
444 1383 627 1436 πίστιν
666 1381 870 1447 αὐτῶν,
923 1381 1436 1453 καταγγελλομένην
1472 1383 1616 1454 δρῶν
1663 1400 1871 1438 παντα-

284 1472 419 1541 χοῦ.
457 1475 691 1528 Ἔπειτα
717 1475 974 1545 σημαίνει
1007 1474 1270 1538 πολλάκις
1315 1475 1508 1530 ἑαυτὸν
1536 1474 1871 1546 προθέμενον

288 1563 501 1632 ἐλθεῖν,
532 1563 622 1617 διά
643 1565 735 1617 τὸν
767 1565 849 1628 είς
900 1565 1097 1628 αὐτοὺς
1127 1565 1311 1633 πόθον,
1363 1566 1505 1630 τέως
1553 1566 1627 1637 μὴ
1655 1566 1872 1635 δεδυνῆ-

294 1654 448 1710 σθαι.
482 1655 597 1709 Καὶ
623 1655 809 1712 λοιπὸν
837 1654 1222 1727 διδασκαλικὴν
1250 1656 1349 1722 τὴν
1376 1657 1670 1729 ἐπιστολὴν
1696 1661 1869 1713 ποιεῖ-

290 1764 411 1811 ται,
445 1747 574 1817 περὶ
606 1748 850 1818 κλήσεως
885 1748 1076 1803 ἐθνῶν.
1122 1749 1232 1803 Καὶ
1264 1750 1346 1803 ὅτι
1387 1750 1421 1820 ἡ
1457 1749 1732 1822 περιτομὴ
1762 1750 1870 1815 ἕως

293 1837 495 1907 καιροῦ
528 1835 617 1908 ἦν,
648 1841 745 1895 καὶ
769 1838 865 1894 νῦν
887 1840 1183 1896 πέπαυται.
1223 1842 1336 1897 Καὶ
1375 1843 1458 1895 ὅτι
1487 1841 1574 1896 διὰ
1607 1841 1704 1895 τοῦ
1728 1844 1865 1912 Χρι-

295 1928 435 1982 στοῦ
462 1928 682 1984 λέλυται
713 1929 775 1984 τὸ
810 1930 1162 2001 παράπτωμα
1186 1932 1280 1986 τοῦ
1325 1931 1518 2001 Ἀδὰμ,
1549 1933 1643 1986 καὶ
1669 1934 1706 2003 ἡ
1732 1932 1863 1986 σκιὰ

292 2020 393 2073 τοῦ
431 2022 596 2091 νόμου
622 2022 896 2092 παρῆλθε.
929 2024 1040 2093 Τὴν
1075 2023 1172 2093 μὲν
1196 2023 1288 2078 οὖν
1316 2025 1512 2095 κλῆσιν
1554 2025 1662 2079 τῶν
1696 2025 1869 2080 ἐθνῶν

292 2112 608 2176 ἀκολούθως
646 2114 1051 2179 κατασκευάζει
1100 2114 1295 2184 οὕτως,
1346 2117 1666 2181 ἀποδεικνὺς
1702 2121 1868 2177 πᾶσιν

294 2204 614 2275 ἀνθρώποις
671 2206 912 2277 ἔμφυτον
948 2202 1091 2264 εἶναι
1137 2209 1226 2263 τὸν
1277 2210 1462 2279 νόμον,
1512 2211 1607 2266 καὶ
1662 2212 1868 2277 πάντας

292 2295 571 2366 ἀδιδάκτῳ
592 2312 650 2351 τε
679 2299 747 2367 τῇ
778 2297 960 2366 φύσει,
994 2299 1089 2352 καὶ
1139 2299 1235 2353 ἀπ’
1277 2299 1445 2370 αὐτῆς
1487 2303 1589 2372 τῆς
1637 2302 1867 2368 κτίσεως

290 2382 564 2439 δύνασθαι
585 2385 878 2454 γινώσκειν
907 2387 1000 2442 τὸν
1045 2387 1200 2444 Θεόν.
1257 2389 1349 2443 Διὸ
1390 2389 1485 2444 καὶ
1531 2390 1756 2455 εἰκότως
1786 2393 1869 2447 aio

289 2477 483 2530 τιᾶται
508 2479 724 2548 πρῶτον
746 2479 1042 2550 Ἕλληνας,
1087 2481 1163 2545 ὡς
1197 2480 1298 2552 μὲν
1329 2481 1425 2536 τοῦ
1448 2481 1586 2538 Θεοῦ
1620 2484 1869 2556 φανερώ-

293 2585 497 2630 σαντος
526 2570 709 2634 αὐτοῖς
745 2571 811 2624 ἐκ
848 2572 957 2625 τῶν
1006 2574 1328 2644 ποιημάτων
1361 2571 1456 2627 τοῦ
1505 2575 1711 2645 κόσμου
1769 2578 1868 2645 τὴν

289 2661 433 2729 περὶ
461 2661 656 2716 ἑαυτοῦ
680 2663 881 2730 γνῶσιν
915 2665 1008 2717 καὶ
1039 2664 1140 2734 τῆς
1171 2665 1346 2719 ἀϊδίου
1367 2665 1652 2738 δυνάμεως
1677 2668 1863 2735 αὑτοῦ,

288 2752 424 2821 ῆτις
450 2754 599 2807 ἐστὶν
625 2753 654 2806 δ
684 2753 843 2823 λόγος
873 2754 1062 2818 αὐτοῦ,
1106 2756 1164 2809 ἐν
1207 2748 1251 2824 ᾧ
1283 2758 1378 2812 καὶ
1408 2757 1477 2811 δι’
1502 2753 1563 2811 οὗ
1584 2760 1655 2813 τὰ
1691 2760 1868 2814 πάντα

294 2845 625 2911 πεποίηκεν,
675 2844 874 2908 αὐτοὺς
903 2845 979 2912 δὲ,
1033 2847 1108 2918 μὴ
1157 2849 1455 2916 ἐγνωκέναι
1507 2851 1605 2920 μὲν
1639 2853 1705 2904 ἐκ
1758 2851 1868 2906 τῶν

289 2935 621 3004 κτισμάτων
644 2930 786 2988 εἶναι
815 2933 949 2989 Θεὸν
974 2935 1065 2989 τὸν
1087 2937 1293 2991 τούτων
1330 2940 1690 3010 Δημιουργὸν,
1715 2940 1784 2994 τά
1810 2940 1868 2994 δὲ

290 3026 584 3097 ποιήματα
614 3025 1060 3100 θεοποιήσαντας,
1113 3029 1208 3084 καὶ
1254 3033 1320 3103 τῇ
1368 3033 1545 3086 κτίσει
1592 3033 1793 3104 μᾶλλον
1829 3036 1864 3108 ἢ

290 3118 454 3188 αὗτῷ
483 3119 910 3193 λατρεύσαντας.
943 3123 1192 3177 Αίτιᾶται
1220 3122 1278 3177 δέ
1306 3124 1401 3178 καὶ
1441 3125 1749 3191 Ἰουδαίους,
1789 3127 1868 3192 ὡς

295 3210 383 3280 μὴ
405 3208 746 3304 Nam“
771 3210 881 3304 1‘”?
905 3212 1088 3285 νδμονν
1114 3212 1251 3304 me
1279 3214 1377 3268 καὶ
1418 3213 1618 3284 μᾶλλον
1646 3217 1736 3272 διὰ
1765 3216 1865 3288 τῆς
1889 3241 1937 3304 c

295 3299 672 3366 παραϐάσεως
702 3300 796 3355 τοῦ
827 3302 1126 3374 νόμου,τδν
1155 3303 1289 3357 Θεὸν
1325 3306 1722 3375 ἀτιμάσαντας.
1756 3309 1868 3364 Καὶ

292 3386 476 3452 οὕτως
503 3390 791 3461 ἀμφότερα
813 3391 883 3446 τά
911 3391 1146 3462 μέγιστα
1184 3392 1473 3458 Ἰουδαίους
1500 3394 1868 3466 καὶἜλληνας

296 3477 581 3545 συγκλείει
606 3482 702 3534 καλ⁸
732 3480 945 3551 ἐλέγχει
975 3482 1066 3535 ἐπὶ
1103 3484 1424 3556 παρανομίᾳ
1447 3524 1462 3546 ,
1493 3484 1580 3539 ἵνα
1605 3484 1752 3555 δείξῃ
1784 3487 1868 3538 ὅτι

293 3570 413 3623 ὅσοι
438 3572 722 3641 γενόμενοι
751 3574 803 3625 oi
833 3573 1050 3639 πάντες,
1083 3573 1282 3645 ἐπίσης
1314 3574 1391 3638 ὡς
1432 3575 1742 3637 ὑπεύθυνοι,
1773 3576 1865 3630 τοῦ

291 3659 671 3730 λυτρουμένου
711 3663 940 3717 δέονται.
967 3663 1079 3733 Τῆς
1110 3663 1165 3717 δὲ
1182 3664 1402 3735 χάριτος
1429 3666 1523 3719 καὶ
1549 3667 1868 3738 λυτρώσεως

293 3751 497 3819 ἐπίσης
524 3755 636 3814 τοῖς
683 3753 958 3818 Ἰουδαίοις
996 3755 1292 3826 γενομένης
1340 3757 1431 3810 καὶ
1478 3758 1569 3809 ἐπὶ
1597 3758 1665 3809 τὰ
1716 3758 1864 3829 ἔθνη,

293 3844 525 3907 εἰκότως
564 3846 659 3897 καὶ
699 3846 733 3917 ἡ
785 3846 975 3917 κλῆσις
1019 3848 1211 3917 γέγονε
1262 3846 1373 3903 τῶν
1415 3849 1604 3915 ἐθνῶν,
1653 3848 1763 3918 Τῆς
1809 3849 1866 3902 δὲ

294 3935 544 4007 κλήσεως
569 3936 676 3990 τῶν
704 3937 874 3993 ἐθνῶν
906 3940 1231 4011 γενομένης,
1264 3938 1322 4006 ἐξ
1364 3938 1609 4010 ἀνάγκης
1653 3943 1867 3996 πέπαυ-

292 4046 386 4081 ται
414 4029 449 4097 ἠ
484 4030 775 4099 περιτομὴ,
831 4031 925 4083 καὶ
974 4032 1008 4101 ἡ
1045 4031 1102 4083 ἐν
1147 4029 1222 4101 τῷ
1274 4031 1423 4101 νόμῳ
1467 4033 1612 4087 σκιά.
1652 4032 1708 4087 '0
1757 4034 1866 4105 γὰρ

296 4119 547 4189 ’Δϐραμ,
564 4119 748 4191 φησιν,
777 4121 880 4175 οὐκ
904 4123 962 4174 ἐν
994 4123 1285 4193 περιτομῇ,
1302 4121 1437 4176 ἀλλὰ
1459 4124 1563 4192 πρὸ
1591 4126 1691 4196 τῆς
1717 4143 1869 4196 περιι-

292 4211 476 4281 τομῆς
503 4210 838 4277 δικαιωθεὶς,
894 4215 1287 4284 μετωνομάσθη
1331 4214 1430 4286 μὲν
1470 4216 1748 4287 Ἀϐραὰμ,
1782 4219 1866 4272 ὅτι

294 4301 482 4372 πατὴρ
511 4302 723 4357 πολλῶν
756 4303 928 4358 ἐθνῶν
952 4304 1181 4372 ἔμελλεν
1207 4302 1370 4374 εἶναι,
1405 4307 1543 4362 κατά
1583 4309 1681 4381 τὴν
1712 4313 1769 4363 ἐν
1795 4313 1862 4382 τῇ

293 4394 633 4467 ἀκροϐυστίᾳ
656 4396 866 4450 πίστιν.
901 4398 1101 4455 Ἐλαϐε
1132 4399 1189 4452 δὲ
1237 4399 1379 4473 μετὰ
1411 4399 1472 4454 τὸ
1511 4401 1865 4473 δικαιωθῆναι

294 4486 389 4537 καὶ
433 4486 534 4556 τὴν
586 4488 892 4560 περιτομὴν
932 4491 990 4542 ἐν
1034 4491 1236 4563 σαρκὶ,
1285 4491 1374 4544 ἴνα
1418 4494 1640 4562 σημεῖον
1754 4496 1865 4558 τοῖς

1350 445 1736 506 COMMENT.
1774 446 1853 505 ΙΝ
1888 444 2127 507 El’lS'I‘.
2163 449 2262 508 AD
2314 451 2497 512 RDM.

283 555 644 611 ΥΠΟΘΕΣίΣ
684 556 821 609 ΤΗΣ
863 556 1042 610 ΠΡΟΣ
1083 556 1435 613 ΡΩΜΑΙΟΥΣ
1470 557 1872 614 ΕΠΙΣΤΟΛΗΣ.
1904 558 1952 614 Α

3447 445 3555 508 318

2085 558 2565 618 ARGUMENTUM
2591 559 2947 617 EPISTULA;
2974 559 3065 613 AD
3096 557 3441 613 ROMANOS.

2046 650 2289 719 Epistula
2307 651 2374 705 ad
2406 652 2681 708 Ronuanos
2711 652 3096 723 complectitur
3126 650 3547 706 instructionem

1975 742 2044 799 ad
2073 742 2378 808 Christum,
2413 754 2469 798 et
2506 744 2739 800 maxime
2771 760 2869 814 per
2908 742 3240 798 naturalium
3277 742 3550 795 rationum

1974 834 2503 890 demonstrationem
2532 853 2546 889 :
2585 834 2995 906 196ide0que
3021 833 3236 889 caeteris
3259 832 3548 901 preposita

1972 934 2081 991 est,
2113 934 2375 997 tanquam
2402 936 2556 981 certe
2595 926 2664 980 ad
2713 941 2810 982 eos
2839 926 3043 995 scripta
3066 924 3160 993 qui
3192 923 3259 977 ad
3294 923 3547 977 divinum

1972 1020 2185 1076 cultum
2233 1019 2348 1090 jam
2388 1018 2667 1074 habebant
2696 1018 3051 1089 principium.
3098 1017 3252 1071 Hanc
3279 1026 3464 1070 autem
3517 1032 3546 1068 a

1971 1111 2241 1168 Corintho
2290 1111 2484 1174 mittit,
2526 1124 2654 1165 cum
2695 1109 2931 1165 necdum
2978 1110 3255 1165 Romanos
3298 1106 3546 1170 vidisset,

1972 1201 2072 1259 sed
2097 1203 2165 1258 de
2186 1202 2321 1272 ipsis
2345 1200 2617 1267 audisset,
2645 1214 2851 1268 eosque
2874 1197 3097 1253 videndi
3122 1198 3357 1268 cupidus
3378 1205 3546 1252 esset.

1972 1293 2041 1347 Et
2071 1291 2312 1362 primum
2362 1289 2588 1361 quidem
2646 1287 2727 1343 ait
2762 1287 2866 1342 sibi
2907 1296 3115 1358 gratam
3160 1302 3282 1342 esse
3328 1287 3549 1340 illorum

1971 1382 2137 1437 ﬁdem
2203 1396 2369 1452 quam
2444 1379 2653 1450 ubique
2714 1379 2963 1433 locorum
3022 1377 3295 1445 divulgari
3368 1376 3543 1432 videt.

1971 1473 2179 1530 Deinde
2240 1472 2518 1544 signiﬁcat
2556 1470 2707 1541 quod
2746 1470 3071 1539 frequenter
3110 1469 3455 1539 proposuerit
3481 1470 3549 1524 ad

1974 1565 2122 1634 ipsos
2172 1564 2401 1628 venire,
2453 1577 2720 1617 accensus
2768 1577 2962 1616 eorum
3010 1560 3324 1625 desiderio,
3367 1560 3549 1614 adhuc

1972 1664 2155 1711 tamen
2190 1670 2299 1709 non
2335 1653 2601 1724 potuerit.
2650 1653 2719 1707 Et
2757 1651 3021 1721 deinceps
3067 1650 3404 1706 eruditionis
3430 1651 3548 1719 ple-

1969 1763 2097 1803 nam
2128 1745 2432 1803 conscribit
2476 1745 2789 1814 epistolam,
2828 1744 2894 1799 de
2930 1742 3222 1798 vocatione
3278 1743 3547 1812 gentium,

1971 1840 2229 1912 quodque
2252 1838 2604 1896 circumcisio
2632 1838 2809 1893 solum
2840 1835 2908 1893 ad
2928 1846 3145 1905 tempus
3174 1836 3351 1904 posita
3377 1845 3498 1890 erat
3529 1875 3546 1898 ,

1983 1939 2115 1988 tunc
2151 1941 2334 1986 autem
2380 1938 2713 1993 cessaverat,
2744 1935 2801 1983 et
2827 1927 2972 1999 quod
3009 1943 3105 1998 per
3137 1926 3414 1985 Christum
3432 1929 3551 1981 eral

1970 2023 2212 2079 deletum
2242 2021 2371 2077 Adae
2398 2028 2708 2092 peccatum,
2729 2019 3035 2089 umbraque
3061 2018 3199 2089 legis
3233 2018 3546 2073 transierat.

1970 2113 2323 2169 Vocationem
2353 2112 2539 2183 itaque
2580 2111 2826 2183 gentium
2874 2120 3280 2180 consequenter
3306 2108 3381 2163 ita
3413 2123 3548 2163 con-

1968 2205 2171 2271 ﬁrmat,
2207 2205 2507 2262 ostendens
2527 2205 2744 2261 cunctis
2771 2202 3091 2259 hominibus
3119 2202 3390 2257 consitam
3423 2215 3549 2258 esse

1968 2299 2166 2370 legem,
2203 2312 2507 2369 omnesque
2544 2304 2603 2354 et
2641 2307 2840 2353 natura
2874 2295 3041 2351 rudes
3084 2309 3229 2359 esse,
3258 2301 3315 2348 et
3362 2302 3547 2348 tamen

1968 2390 2038 2446 ab
2054 2391 2190 2461 ipsis
2206 2390 2477 2445 creaturis
2506 2404 2665 2460 posse
2690 2388 2861 2444 Deum
2887 2385 3545 2457 cognoscerePropterca

1968 2484 2167 2539 merito
2188 2482 2393 2554 arguit,
2425 2482 2664 2552 primum
2706 2480 2930 2550 quidem
2969 2478 3206 2544 Gmcos,
3235 2478 3381 2548 quod
3420 2493 3545 2531 cum

1970 2578 2079 2633 illis
2110 2578 2257 2632 Deus
2297 2591 2363 2631 ex
2409 2574 2681 2630 creaturis
2715 2573 2928 2635 mundi,
2954 2575 3038 2628 sui
3071 2572 3243 2643 ipsius
3276 2570 3545 2641 cognitio-

1967 2685 2093 2725 nem
2146 2668 2574 2732 manifestasset,
2636 2681 2906 2736 suamque
2944 2666 3205 2719 virtutem
3260 2673 3544 2723 aeternam.

1967 2775 2089 2830 quae
2120 2767 2205 2815 est
2229 2758 2474 2815 Verbum
2513 2757 2659 2826 ejus,
2706 2757 2763 2815 in
2794 2772 2905 2828 quo
2930 2766 2987 2810 et
3028 2771 3126 2826 per
3150 2772 3312 2826 quem
3361 2754 3547 2810 omnia

1967 2851 2199 2917 creavit,
2263 2851 2342 2905 illi
2380 2859 2561 2906 tamen
2618 2866 2650 2904 a
2694 2847 2968 2905 creaturis
3019 2862 3129 2902 non
3174 2854 3548 2916 cognoverant

1966 2941 2162 3008 Deum,
2219 2939 2314 3011 qui
2364 2938 2467 2995 ista
2527 2939 2880 3002 formaverat,
2940 2937 3034 2991 sed
3091 2936 3235 3006 ipsas
3264 2943 3547 2989 creaturas

1967 3032 2098 3087 deos
2117 3012 2383 3091 fecerant.
2414 3044 2478 3087 ac
2511 3028 2796 3085 coluerant
2833 3036 3141 3082 creaturam
3174 3025 3356 3095 potius
3377 3040 3544 3095 quam

1966 3121 2303 3178 Creatorem.
2347 3120 2541 3192 Arguit
2577 3130 2760 3175 autem
2789 3127 2846 3174 et
2883 3117 3103 3175 Judaens
3137 3127 3199 3172 ut
3240 3117 3334 3187 qui
3369 3117 3545 3186 legem

1965 3226 2076 3267 non
2097 3221 2429 3276 servassent,
2450 3211 2547 3266 sed
2568 3226 2663 3281 per
2693 3210 2828 3281 legis
2854 3208 3344 3279 transgressionem
3368 3208 3544 3263 Deum

1968 3302 2427 3372 inhonorassenﬁ:
2454 3301 2601 3369 etita
2621 3311 2880 3371 utrosque
2910 3311 3024 3358 tum
3037 3299 3257 3357 Iudaeos
3276 3307 3390 3354 tum
3405 3297 3549 3355 Graec

1966 3407 2063 3449 cos
2095 3392 2333 3449 maxime
2365 3391 2645 3448 convincit
2684 3408 2749 3448 ac
2783 3390 3236 3462 transgressionis
3276 3397 3495 3446 accusat
3525 3406 3542 3446 :

1968 3494 2029 3539 ut
2059 3483 2314 3539 ostendat
2351 3483 2499 3555 quod
2528 3484 2846 3555 quicunque
2893 3481 3008 3539 nati
3053 3489 3203 3547 sunt,
3238 3496 3430 3537 omnes
3476 3496 3547 3536 ex

1915 3602 1923 3611 -
1965 3589 2125 3645 :uquo
2158 3581 2355 3645 egeant
2397 3573 2785 3645 Redemptore,
2812 3583 3005 3645 utpote
3046 3571 3270 3628 obnoxii
3305 3590 3319 3626 :
3367 3570 3545 3642 gratia
3646 3588 3649 3593 ·

1965 3680 2095 3720 vero
2114 3672 2167 3719 et
2185 3665 2562 3737 redemptione
2584 3664 2790 3722 Iudaeis
2811 3681 2874 3720 ac
2904 3664 3160 3736 gentibus
3186 3679 3252 3719 ex
3283 3678 3441 3735 aequo
3467 3662 3546 3718 fa-

1965 3761 2075 3819 cta,
2104 3753 2302 3807 merito
2338 3752 2503 3809 etiam
2547 3756 2792 3824 gentium
2822 3755 2963 3810 facta
2996 3753 3066 3810 sit
3099 3754 3319 3808 vocatio
3354 3769 3369 3807 :
3403 3752 3546 3807 facta

1964 3850 2147 3896 autem
2190 3841 2435 3913 gentium
2467 3842 2780 3907 vocatione,
2813 3842 3124 3899 necessario
3165 3842 3407 3899 cessavit
3437 3842 3546 3898 cir-

1964 3932 2229 3988 cumcisio
2252 3948 2317 3988 ac
2347 3934 2540 3988 umbra
2572 3950 2693 4002 quae
2723 3935 2778 3988 in
2806 3934 2924 4005 lege
2964 3943 3104 3989 erat.
3150 3934 3348 3989 Abram
3395 3934 3545 3989 enim

1965 4037 2077 4077 non
2104 4023 2161 4077 in
2187 4022 2630 4089 circumcisione,
2659 4025 2857 4094 inquit,
2884 4025 2980 4081 sed
3009 4036 3136 4081 ante
3162 4025 3543 4081 circumcisio-

1963 4129 2092 4168 nem
2116 4113 2471 4185 justiﬁeatus,
2503 4115 2743 4170 nominis
2771 4116 3228 4171 transmutatione
3255 4117 3437 4171 dictus
3461 4127 3547 4173 est

1962 4204 2262 4268 Abraham,
2303 4205 2451 4276 quod
2506 4213 2663 4276 pater
2700 4206 2998 4262 multarum
3036 4207 3280 4278 gentium
3325 4207 3561 4264 futurus.

1962 4303 2129 4360 esset,
2153 4295 2457 4352 secundum
2487 4296 2650 4352 ﬁdem
2676 4312 2841 4368 quam
2871 4297 2924 4351 in
2949 4296 3221 4368 praeputio
3254 4297 3541 4352 habuerat.

1965 4384 2212 4456 Sumpsit
2245 4397 2428 4442 autem
2464 4397 2755 4459 postquam
2781 4387 3118 4457 justiﬁeatus
3137 4397 3224 4444 est
3246 4388 3542 4443 circumci-

1963 4479 2175 4534 sionem
2225 4479 2282 4534 in
2321 4495 2506 4545 carne,
2543 4488 2604 4535 ut
2652 4481 2868 4552 signum
2905 4490 3051 4537 esset
3085 4481 3170 4535 his
3199 4480 3292 4551 qui
3341 4495 3542 4537 secun-

293 4573 440 4627 κατά
467 4575 645 4644 σάρκα
673 4577 1032 4647 γεννωμένοις
1075 4577 1135 4644 ἐξ
1157 4578 1348 4644 αὐτοῦ,
1391 4580 1699 4637 παύσεσθαι
1733 4601 1862 4638 ποτε
1888 4586 1942 4646 D
1967 4569 2095 4625 d'lm
2139 4586 2359 4626 carnem
2386 4572 2454 4625 ab
2474 4587 2542 4626 θο
2574 4583 3035 4642 ῐπορδεεπεηιιιτο
3070 4572 3415 4628 οεδδπυτδῐη
3446 4587 3545 4626 au‘

290 4666 394 4734 τὴν
444 4666 779 4739 περιτομὴν,
819 4668 950 4723 ὅταν
991 4668 1059 4724 τὰ
1103 4670 1229 4742 ἔθνη
1276 4671 1503 4745 γένηται
1560 4677 1728 4731 τέκνα
1766 4675 1862 4730 τοῦ

306 4758 590 4830 Ἀϐραὰμ,
625 4760 911 4833 ἀρξάμενα
944 4762 1326 4819 πολιτεύεσθαι
1376 4767 1519 4821 κατὰ
1556 4768 1654 4838 τὴν
1686 4769 1863 4823 πίστιν

291 4848 387 4901 τοῦ
431 4848 701 4923 Ἁϐραάμ,
733 4851 793 4905 ἐν
826 4846 860 4927 ᾗ
890 4853 1178 4926 ἐδικαιώθη
1204 4856 1293 4911 ὅτε
1323 4850 1391 4928 ἦν
1418 4859 1477 4912 ἐν
1504 4858 1860 4933 ἀκροϐυστία.

291 4940 512 4993 Τούτων
546 4941 656 5013 γὰρ
687 4943 846 5015 χάριν
879 4946 1274 5018 μετωνομάσθη
1300 4948 1578 5020 Ἀϐραάμ.

358 5117 599 5190 Ἀνάγκη
628 5120 711 5186 δέ,
737 5120 999 5177 ἐλθόντων
1027 5123 1134 5178 τῶν
1174 5126 1613 5196 σημαινομένων,
1648 5128 1848 5183 παύσα·

289 5210 492 5265 σασθαι
525 5212 585 5265 τὸ
624 5216 906 5283 σημαῐνον.
941 5216 1003 5270 Εἰ
1050 5217 1147 5287 μὲν
1185 5216 1277 5270 οὖν
1346 5218 1416 5272 τά
1449 5219 1575 5289 ἔθνη
1617 5221 1859 5290 ἀναγκά-

286 5300 442 5363 ζουσι
491 5305 935 5374 περιτέμνεσθαι,
993 5307 1321 5363 παυὲτωσαν
1358 5310 1451 5364 καὶ
1479 5312 1541 5364 τὸ
1570 5311 1743 5381 ὄνομα
1766 5311 1858 5365 τοῦ

283 5389 564 5461 Ἀϐραὰμ,
626 5395 720 5448 καὶ
796 5396 1065 5452 καλείσθω
1124 5399 1368 5471 ’Δϐραμ.
1419 5402 1483 5455 Ei
1525 5400 1581 5455 δὲ
1607 5401 1859 5475 Ἀϐραάμ

281 5481 442 5553 παρὰ
467 5482 603 5536 Θεοῦ
631 5488 1045 5558 μετωνομάσθη,
1087 5490 1146 5543 οὐ
1181 5492 1263 5546 δεῖ
1310 5492 1736 5562 περιτέμνεσθαι
1788 5494 1858 5549 τά

280 5573 412 5643 ἔθνη
441 5616 459 5640 ,
494 5575 611 5629 ἀλλ’
637 5577 759 5631 οὐδὲ
790 5580 987 5645 αὐτοὺς
1013 5580 1091 5635 ἔτι
1123 5583 1249 5646 τοὺς
1303 5584 1444 5637 κατὰ
1487 5584 1668 5654 σάρκα
1717 5586 1854 5638 Ἰουο

277 5663 485 5729 δαίους,
545 5666 628 5720 ἵνα
669 5662 790 5739 ᾗτδ
834 5668 1000 5740 δνομα
1036 5670 1271 5741 βέϐαιον,
1310 5674 1403 5726 καὶ
1460 5675 1642 5743 πατὴρ
1686 5674 1855 5728 ἐθνῶν

281 5754 498 5810 πολλῶν
530 5758 778 5827 καλῆται.
818 5761 929 5814 Καὶ
962 5762 1069 5832 γάρ
1094 5763 1155 5816 οὐ
1178 5764 1366 5834 χρείαν
1396 5765 1509 5833 ἔχει
1538 5764 1724 5818 λοιπόν
1770 5783 1852 5827 τις

278 5848 735 5918 περιτέμνεσθαι,
762 5852 1101 5923 ἀρκούμενος
1125 5857 1189 5926 τῇ
1239 5855 1418 5910 πίστει
1445 5855 1536 5909 τοῦ
1570 5856 1847 5926 Ἁϐραάμ,

1948 4671 2076 4727 ¹ιειιι
2135 4673 2266 4719 tunc
2319 4663 2455 4719 dicit
2507 4664 3003 4729 circumcisionem,
3056 4681 3180 4718 cum
3211 4674 3397 4735 gentes
3445 4662 3543 4719 ﬁlii

1963 4756 2169 4812 fuerint
2202 4756 2453 4821 Abrahae,
2496 4772 2731 4828 quorum
2758 4758 2869 4828 jam
2911 4766 3155 4825 cmperat
3192 4756 3541 4810 conversatio

1964 4849 2019 4902 in
2052 4847 2157 4903 ﬁde
2191 4847 2348 4918 197
2377 4848 2674 4911 Abraham,
2708 4847 2762 4901 in
2802 4862 2908 4916 qua
2939 4846 3272 4918 justiﬁcatus
3297 4857 3382 4902 est
3414 4862 3540 4901 cum

1963 4950 2109 4998 esset
2153 4940 2208 4994 in
2249 4939 2517 5010 praeputio
2545 4957 2559 4992 :
2592 4939 2716 4993 ideo
2739 4938 2884 4992 enim
2919 4947 3285 4993 transmutata
3315 4939 3542 4993 neruine

1962 5034 2143 5088 dictus
2167 5040 2252 5087 est
2283 5031 2577 5085 Abraham.

2033 5126 2264 5180 Necesse
2294 5131 2376 5178 est
2404 5131 2588 5178 autem
2621 5122 3048 5178 succedentibus
3075 5121 3394 5192 significatis
3423 5137 3540 5178 ces-

1960 5233 2081 5272 sare
2112 5217 2346 5287 signum.
2378 5215 2434 5271 Si
2452 5231 2594 5284 ergo
2624 5226 2817 5286 gentes
2846 5228 3073 5270 necesse
3090 5223 3175 5270 est
3193 5215 3537 5278 circumcidi,

1963 5317 2143 5364 cesset
2180 5315 2235 5360 et
2268 5322 2466 5361 nomen
2503 5307 2798 5372 Abraham,
2842 5318 3179 5377 voceturque
3204 5307 3408 5362 Abram
3440 5325 3453 5361 :
3486 5308 3537 5362 si

1959 5416 2091 5454 vero
2111 5399 2385 5455 Abraham
2410 5414 2439 5452 a
2466 5399 2578 5454 Deo
2604 5399 2838 5454 nominis
2878 5400 3179 5455 mutatione
3215 5400 3398 5456 dictus
3430 5409 3535 5464 est,

1959 5508 2069 5547 non
2101 5506 2241 5561 opus
2268 5499 2354 5545 est
2393 5500 2586 5560 gentes
2613 5490 2933 5545 circumcidi
2974 5506 2987 5541 :
3031 5491 3141 5543 imo
3170 5506 3349 5560 neque
3381 5489 3539 5545 dein-
3588 5562 3599 5572 λ

1958 5600 2088 5654 ceps
2115 5599 2213 5638 eos
2239 5583 2333 5653 qui
2358 5583 2533 5639 Judaei
2562 5591 2692 5638 sunt
2719 5581 3025 5639 secundum
3061 5597 3283 5637 carnem
3316 5600 3331 5635 :
3376 5591 3436 5635 ut
3461 5580 3536 5635 sit

1957 5692 2156 5732 nomen
2192 5675 2410 5731 ﬁrmum
2439 5685 2494 5730 et
2521 5675 2999 5745 patenmultarum
3029 5672 3274 5743 gentium
3318 5685 3532 5724 nuncu-

1958 5778 2138 5837 pctur.
2179 5769 2396 5824 Etenim
2438 5784 2546 5823 non
2582 5783 2806 5837 necesse
2852 5779 2959 5829 est,
3005 5775 3064 5819 ut
3108 5763 3233 5832 quis
3273 5762 3529 5833 deinceps

1954 5835 2398 5924 circumcidatur,
2435 5874 2559 5912 cum
2587 5858 2661 5912 illi
2684 5835 2923 5912 sumciat
2951 5856 3085 5909 lides
3115 5856 3349 5910 Abrahae
3378 5872 3391 5907 :
3427 5871 3529 5910 nec

278 5936 405 5994 οὑδὲ
453 5938 552 6011 τῆς
592 5940 757 6015 ἄλλης
805 5942 862 5998 δέ
891 5947 986 6017 τῆς
1026 5949 1080 6001 ἐν
1111 5946 1258 6017 νόμῳ
1296 5948 1470 6012 σκιᾶς.
1509 5946 1581 6003 Οὐ
1611 5947 1717 6019 γὰρ
1770 5949 1830 6000 ἐκ

1966 5956 1999 6003 ιι
2026 5949 2275 6004 observet
2312 5949 2470 6003 aliam
2508 5947 2643 6016 legis
2684 5945 2947 6000 umbram.
2992 5942 3109 6001 Son
3146 5945 3292 6003 cnim
3325 5962 3390 6002 cx
3418 5948 3497 6000 his
