4024 6618
519 450 628 517 319
722 514 733 523 .

1611 446 2007 508 (ECUMENII
2042 447 2335 509 TRICCIE
2377 446 2723 510 EPISCUPI

3699 446 3797 507 30

523 563 621 621 sed
646 580 715 619 ex
744 562 853 619 ﬁde
870 560 1204 634 justiﬁeatur
1230 557 1525 629 quispiam,
1558 557 2021 628 quemadmodum
2050 566 2108 614 et

2222 556 2437 620 τούτων,
2464 555 2579 610 ἀλλ’
2613 538 2677 610 ὲκ
2736 554 2972 618 πίστεως
3024 553 3325 608 δικαιοῦται
3380 569 3502 618 τις,
3552 553 3798 612 καθάπερ

524 655 825 713 Abraham.
856 653 952 708 llis
976 653 1047 707 ita
1067 650 1423 715 conﬁrmatis,
1449 648 1690 704 ostendit
1710 666 1929 706 rursum
1957 650 2105 721 quod

526 747 689 802 aliter
728 745 847 801 ﬁeri
880 752 1115 814 nequeat
1152 743 1458 811 redemptio
1480 742 1768 812 autgratia
1806 740 1989 796 lsraeli
2020 740 2106 796 vel

526 838 819 910 gentibus,
857 837 963 892 nisi
990 836 1235 892 solvatur
1270 845 1428 890 vetus
1463 834 1591 892 Δότε
1624 844 1928 904 peccatum,
1960 834 2108 904 quod

528 930 595 985 ad
629 945 823 985 omnes
854 929 1173 984 dimanavit.
1216 929 1322 983 Per
1363 929 1530 982 alium
1577 937 1760 983 autem
1804 944 1914 983 non
1946 942 2108 997 posse

527 1021 698 1076 deleri
727 1022 861 1075 dicit
882 1020 986 1074 nisi
1012 1036 1107 1089 per
1129 1020 1408 1075 Christum
1430 1019 1622 1083 Deum,
1646 1035 1744 1090 per
1760 1035 1924 1090 quem
1940 1020 2105 1074 etiam

530 1128 559 1166 a
587 1111 859 1181 principio
886 1111 1026 1165 facta
1057 1121 1142 1166 est
1166 1110 1517 1165 maledictio:
1552 1126 1731 1181 neque
1751 1111 1898 1165 enim
1926 1118 2109 1180 posset

528 1201 670 1254 alius
713 1200 928 1255 solvere
980 1209 1288 1270 peccatum.
1341 1200 1549 1255 Deinde
1599 1200 1954 1270 scribitquod
2002 1199 2109 1255 hoc

531 1291 693 1346 aliter
722 1306 833 1346 non
869 1292 961 1347 [lat
990 1291 1099 1347 nisi
1131 1292 1303 1347 Filius
1327 1293 1422 1346 Dei
1454 1307 1655 1362 corpus
1685 1291 1896 1357 induat,
1930 1307 1995 1348 ac
2018 1291 2111 1347 ﬁat

530 1379 698 1435 homo
732 1399 746 1435 :
780 1390 840 1435 ut
864 1396 988 1436 cum
1014 1382 1149 1437 illud
1181 1398 1282 1452 pro
1309 1382 1570 1437 omnibus
1598 1381 1883 1449 obtulerit,
1918 1398 2110 1438 omnes

530 1487 562 1526 a
598 1480 774 1527 morte
807 1472 1005 1527 liberet
1032 1489 1046 1526 :
1077 1480 1133 1528 et
1162 1473 1304 1529 sicut
1332 1480 1431 1543 per
1453 1489 1577 1529 eum
1608 1474 1884 1529 hominem
1918 1489 2111 1543 pecca-

534 1573 649 1618 tum
682 1564 736 1618 in
764 1563 1032 1618 mundum
1056 1563 1326 1629 introivit,
1346 1564 1486 1620 itaet
1511 1580 1612 1635 per
1640 1582 1811 1620 unum
1829 1566 2109 1622 hominem

534 1658 709 1729 gratia
741 1658 1018 1714 succedat.
1063 1658 1306 1714 Tandem
1337 1674 1489 1714 more
1525 1660 1681 1730 probi
1710 1660 1982 1715 meonomi
2014 1658 2112 1715 Ju-

533 1749 682 1804 dams
711 1749 933 1820 quidem
969 1751 1304 1817 consolatur,
1331 1750 1523 1807 dicens
1555 1770 1568 1806 :
1612 1770 1631 1803 ι
1663 1751 1783 1806 Non
1811 1751 1947 1807 estis
1975 1750 2111 1822 legis

2210 646 2307 700 καὶ
2331 646 2361 700 ὁ
2389 645 2663 717 ’Δὸραάμ.
2694 643 2879 698 Ταῦτα
2924 644 3101 708 οὕτως
3145 643 3609 705 κατασκευάσας.
3668 644 3798 697 ἀπο-

2206 736 2443 791 δείκνυσι
2468 736 2630 792 πάλιν
2663 736 2745 790 ὃτι
2794 736 2971 801 ἄλλως
3015 736 3117 790 οὐκ
3145 735 3212 790 ἂν
3241 736 3468 805 γένοιτο
3530 733 3799 805 λύτρωσις

2208 829 2304 882 καὶ
2351 829 2513 899 χάρις
2545 827 2639 882 τοῦ
2668 827 2889 899 Ἰσραὴλ
2919 828 3155 893 καὶτοῖς
3201 827 3442 891 εθνισιν,
3476 828 3529 880 ei
3561 827 3641 897 μὴ
3671 827 3797 897 λυθῇ

2206 920 2468 993 ήὰρχαία
2498 921 2745 993 ἁμαρτία
2791 920 2888 975 τοῦ
2920 919 3114 991 Ἀδὰμ,
3171 921 3206 991 ἡ
3247 922 3326 984 εις
3375 919 3607 982 πάντας
3658 934 3801 986 γενο-

2211 1017 2370 1088 μένη.
2406 1017 2485 1069 Δι’
2515 1015 2677 1071 ἄλλου
2710 1016 2769 1070 δὲ
2808 1015 3014 1089 ταύτην
3038 1016 3113 1088 μὴ
3155 1015 3429 1070 δύνασθαι
3468 1013 3797 1085 ἐξαλειφθῆ-

2207 1107 2295 1161 ναί
2342 1124 2528 1178 φησιν,
2564 1108 2737 1179 ἀλλ’ἢ
2767 1109 2855 1163 διὰ
2881 1107 3119 1179 Χριστοῦ
3170 1108 3266 1163 τοῦ
3297 1107 3468 1172 Θεοῦ,
3494 1106 3569 1160 δι’
3602 1100 3668 1161 οὗ
3711 1108 3797 1160 καὶ

2209 1198 2270 1265 ἐξ
2300 1199 2476 1269 ἀρχῆς
2497 1199 2716 1270 κατάρα
2748 1199 2994 1270 γέγονεν.
3031 1199 3107 1253 Οὐ
3136 1199 3245 1271 γὰρ
3263 1197 3506 1253 δυνατὸν
3534 1191 3631 1269 ἦν,
3651 1196 3800 1250 ἄλλον

2206 1289 2365 1344 λῦσαι
2390 1290 2453 1344 τὸ
2484 1290 2857 1363 παράπτωμα.
2892 1287 3030 1347 Εἶτα
3053 1291 3257 1364 γράφει
3285 1292 3370 1345 δτι
3424 1290 3621 1352 ἄλλως
3642 1289 3798 1343 τοῦτο

2206 1380 2269 1434 οὐ
2299 1382 2374 1452 μὴ
2400 1381 2650 1450 γένηται,
2679 1384 2734 1436 εἰ
2770 1382 2848 1455 μὴ
2879 1383 3039 1454 σῶμα
3074 1384 3280 1457 φορέσῃ
3310 1383 3340 1436 ὁ
3366 1383 3512 1445 Υῑδς
3528 1380 3630 1435 τοῦ
3644 1380 3796 1444 Θεοῦ,

2208 1469 2302 1522 καὶ
2325 1469 2548 1541 γένηται
2580 1460 2889 1540 ἄνθρωπος,
2926 1472 3013 1526 ἵνα
3040 1472 3200 1527 τοῦτο
3247 1470 3648 1544 προσενέγκας
3669 1470 3799 1542 ὑπὲρ

2209 1562 2450 1625 πάντων,
2483 1564 2614 1627 τοὺς
2634 1564 2847 1627 πάντας
2886 1564 3229 1638 ἐλευθερώσῃ
3255 1564 3364 1618 ἀπὸ
3407 1564 3513 1619 τοῦ
3537 1562 3794 1617 θανάτου.

2211 1653 2324 1708 Καὶ
2351 1653 2540 1725 ὥσπερ
2575 1654 2642 1709 δι’
2677 1655 2796 1719 ἑνὸς
2811 1654 3151 1727 ἀνθρώπουὴ
3186 1654 3436 1727 ἁμαρτία
3467 1657 3555 1719 είς
3590 1655 3683 1707 τὸν
3710 1653 3797 1708 κό-

2217 1760 2354 1815 σμον
2382 1745 2653 1814 εἰσῆλθεν,
2684 1744 2860 1811 οὕτως
2890 1746 2983 1801 καὶ
3009 1746 3079 1801 δι’
3099 1747 3219 1811 ἐνὸς
3246 1746 3554 1817 ἀνθρώπου
3578 1749 3614 1817 ἡ
3647 1746 3799 1816 χάρις

536 1851 972 1912 transgressores
1018 1841 1063 1895 si
1110 1840 1166 1895 in
1194 1841 1473 1897 Christum
1519 1841 1906 1909 credideritis;
1947 1862 1966 1895 ›
2014 1857 2112 1898 eos

2222 1834 2457 1905 γένηται.
2494 1836 2607 1890 Καὶ
2632 1835 2819 1891 λοιπὸν
2841 1837 2919 1901 ὡς
2983 1837 3150 1902 καλὸς
3180 1838 3499 1908 οἰκονόμος,
3534 1838 3668 1900 τοὺς
3706 1836 3797 1907 μὲν

532 1946 669 1986 vero
702 1932 796 2001 qui
832 1947 864 1987 a
898 1932 1155 2003 gentibus
1188 1932 1566 1998 crediderunt,
1620 1933 1879 1990 admonet
1912 1949 1982 1989 ne
2019 1949 2114 1989 ex-

2222 1926 2502 1992 Ἰουδαίους
2528 1929 2972 2001 παραμυθεῖται,
3005 1929 3087 1983 ὅτι
3155 1946 3176 1982 ι
3217 1931 3293 1984 Οὐ
3346 1905 3684 2002 παραϐάται
3709 1905 3794 1998 ‘7!-

536 2024 800 2079 tollantur
823 2024 1089 2082 adversus
1119 2026 1394 2092 lsraelem,
1423 2026 1521 2082 sed
1549 2035 1848 2098 agnoscant
1876 2026 2023 2097 quod
2052 2036 2114 2084 ut

534 2117 677 2171 rami
724 2131 890 2186 super
937 2118 1201 2180 radicem,
1241 2117 1316 2173 ita
1351 2127 1408 2173 et
1438 2119 1542 2189 ipsi
1571 2133 1738 2188 super
1763 2118 1887 2174 illos
1920 2119 2112 2174 inserti

534 2208 668 2264 sint.
700 2210 831 2265 Post
850 2209 966 2265 haec
997 2218 1180 2266 autem
1224 2211 1315 2267 ubi
1347 2211 1658 2267 monitoriis
1703 2211 1890 2269 verbis
1915 2226 2012 2268 eos
2039 2210 2109 2268 de

533 2301 780 2357 moribus
816 2301 1059 2371 edocuit,
1098 2303 1383 2374 epistolam
1417 2302 1719 2360 concludit.

596 2782 759 2856 198
800 2779 1178 2842 ΕΡιδΤοιΑΞ
1208 2785 1305 2842 AD
1342 2785 1674 2846 ROMANOS
1712 2787 2067 2847 CAPITULA

577 2942 630 2997 1.
682 2940 1008 3013 Euangelica
1037 2943 1278 3000 doctrina
1299 2944 1364 2999 de
1392 2946 1471 3001 his
1492 2946 1582 3018 qui
1603 2953 1756 3004 extra
1788 2947 1983 3005 Christi
2004 2966 2125 3022 gra,

678 3033 809 3088 tiam
836 3034 1034 3100 vivunt,
1068 3045 1117 3091 et
1137 3036 1202 3090 de
1231 3037 1312 3091 his
1348 3039 1439 3109 qui
1479 3040 1536 3094 in
1560 3041 1740 3111 gratia
1768 3057 1788 3097 :
1832 3059 1898 3097 ac
1926 3042 1992 3097 de
2033 3059 2126 3115 spe

677 3126 1049 3199 spiritualique
1076 3131 1488 3186 conversatione.

574 3215 630 3270 2.
688 3216 766 3271 De
801 3217 1029 3288 judicio,
1071 3220 1212 3290 quod
1255 3221 1427 3292 fertur
1476 3224 1728 3281 adversus
1773 3235 1972 3300 gentes,
2014 3245 2121 3285 non

683 3320 952 3366 servantes
981 3329 1043 3368 ea
1070 3330 1189 3384 qua:
1211 3332 1243 3369 a
1270 3325 1469 3372 natura
1493 3326 1636 3373 sunt.

2216 2017 2375 2071 νεσθε
2398 2017 2494 2072 τοῦ
2520 2018 2711 2090 νόμου,
2739 2020 2835 2075 ἐὰν
2858 2022 2940 2085 εἰς
2960 2021 3053 2076 τὸν
3096 2022 3334 2092 Χριστὸν
3373 2020 3741 2090 πιστεύσητε.
3774 2039 3792 2072 ι

2215 2108 2415 2173 Τοῖςδὲ
2447 2108 2556 2164 ἀπὸ
2585 2110 2695 2165 τῶν
2754 2111 2928 2166 ἐθνῶν
2987 2112 3297 2183 παρεγγυᾷ,
3350 2111 3432 2182 μὴ
3477 2109 3793 2180 ἐπαίρεσθαι

2215 2198 2480 2275 κατατοῦ
2511 2198 2751 2271 Ἰσραὴλ,
2788 2201 2925 2255 ἀλλὰ
2974 2202 3264 2270 γινώσκειν
3317 2200 3402 2253 ὃτι
3469 2198 3553 2262 ὡς
3612 2198 3793 2263 κλάδος

2215 2290 2309 2343 ἰπὶ
2331 2289 2430 2363 τὴν
2458 2290 2635 2362 ῥίζαν,
2656 2291 2831 2357 οὕτως
2861 2293 2949 2347 ἐπ’
2992 2292 3235 2356 ἐκείνους
3281 2288 3790 2362 ἐνεκεντρίσοηταν.

2228 2381 2385 2436 Μετὰ
2411 2382 2469 2437 δὲ
2508 2382 2682 2437 ταῦτα
2711 2386 3132 2456 παραινετικοὺς
3152 2384 3346 2454 λόγους
3374 2384 3463 2447 εἰς
3494 2383 3567 2437 τὰ
3590 2381 3695 2453 ἤθη
3720 2380 3796 2434 δι-

2209 2472 2397 2542 δάξας,
2430 2473 2633 2530 τελειοῖ
2660 2475 2758 2548 τὴν
2782 2476 3094 2548 ἐπιστολήν.

2437 2789 2801 2845 ΚΕΦΑΛΑῙΑ
2837 2794 2975 2846 ΤΗΣ
3006 2792 3194 2846 ΠΡΟΣ
3222 2788 3601 2845 ΡΩΜΑΙΟΥΣ

2744 2914 2751 2921 .
2805 2860 3238 2916 ΕΠΙΣΤΟΛΗΣ.

2256 2948 2328 3009 α’.
2362 2951 2735 3022 Edam-sduci;
2762 2950 3127 3008 διδασκαλία
3155 2953 3289 3022 περί
3321 2969 3388 3023 γε
3410 2949 3536 3006 τῶν
3555 2949 3670 3016 ἔξω
3691 2948 3784 3019 za-

2365 3061 2532 3115 ριτος
2554 3046 2835 3115 Χριστοῦ,
2878 3045 2977 3099 καὶ
3025 3043 3146 3100 τῶν
3177 3044 3248 3099 ἐν
3278 3044 3503 3114 χάριτι,
3538 3042 3637 3098 καὶ
3669 3040 3785 3111 περὶ

2365 3136 2615 3204 ἐλπίδος
2641 3136 2739 3192 καί
2774 3138 3081 3204 πολιτείας
3109 3136 3546 3207 πνευματικῆς.

2245 3225 2327 3293 β’.
2354 3228 2503 3296 Περὶ
2532 3229 2786 3298 κρίσεως
2811 3225 2919 3297 τῆς
2956 3226 3108 3282 κατὰ
3155 3226 3368 3294 ἐθνῶν,
3408 3224 3535 3282 τῶν
3573 3224 3644 3281 οὐ
3686 3238 3782 3293 scu-

2364 3318 2732 3373 λασσόντων
2755 3318 2828 3372 τὰ
2842 3316 3096 3388 φυσικά.

576 3401 630 3457 5.
685 3401 762 3456 De
799 3404 1022 3471 judicio,
1054 3407 1193 3476 quod
1223 3408 1393 3477 fertur
1437 3409 1689 3466 adversus
1727 3410 2008 3468 Israelita:
2040 3412 2114 3467 le-

2251 3408 2319 3482 γ’.
2352 3410 2494 3479 Περὶ
2534 3411 2788 3480 κρίσεως
2811 3410 2921 3480 τῆς
2950 3411 3101 3466 κατὰ
3126 3409 3234 3466 τοῦ
3262 3407 3545 3479 Ἰσραὴλ,
3583 3404 3687 3461 τοῦ
3712 3402 3781 3473 μὴ

687 3492 836 3566 galia
872 3510 974 3549 non
1002 3505 1290 3551 servantes.

578 3586 634 3642 4.
697 3587 770 3641 De
792 3587 1166 3643 Israelitarum
1196 3593 1570 3663 praerogativa,
1611 3595 1702 3666 qui
1720 3597 2120 3667 promissionem

688 3681 951 3734 consecuti
985 3687 1130 3734 sunt.

581 3767 635 3823 5.
689 3768 766 3822 De
788 3773 986 3840 gratia,
1015 3789 1120 3842 qua
1157 3774 1274 3830 sola
1311 3774 1543 3832 homines
1564 3777 1954 3848 justiﬁcantur,
1993 3780 2120 3835 nul-

688 3861 796 3916 lum
853 3862 1193 3921 discernenda
1246 3884 1409 3939 genus
1434 3908 1449 3934 ,
1493 3870 1586 3925 sed
1636 3870 1734 3926 Dei
1773 3873 1909 3928 dono
1955 3874 2121 3945 juxta
2171 3868 2177 3875 ’

672 3951 914 4041 Abrahae
946 3964 1127 4028 typum
1154 3957 1431 4030 wqualiter
1451 3960 1801 4017 honorantur.

584 4128 620 4184 6
702 4128 776 4183 De
809 4134 1036 4203 reposita
1061 4151 1172 4206 spe.

578 4218 632 4274 7.
702 4218 971 4286 Quomodo
990 4241 1084 4279 nos
1102 4225 1450 4284 introduxerit
1472 4230 1542 4285 ad
1563 4231 1793 4287 salutem
1805 4232 1956 4289 Iesus
1972 4232 2125 4290 Chri-

685 4321 798 4366 stus
845 4314 1015 4384 factus
1059 4318 1210 4373 homo
1238 4336 1333 4391 pro
1370 4322 1637 4394 terrigena
1674 4324 1868 4391 Adam,
1919 4326 2009 4397 qui
2055 4326 2120 4381 ab

689 4405 839 4459 initio
860 4408 1138 4464 ceciderat.

584 4491 636 4547 8.
696 4493 773 4547 De
807 4495 1061 4553 bonorum
1091 4517 1305 4571 operum
1335 4505 1537 4559 actione
1558 4544 1573 4573 ,
1603 4522 1723 4577 quae
1750 4506 1909 4577 ﬁdem
1938 4506 2122 4564 debent

696 4591 959 4649 comitari.

585 4685 638 4738 9.
680 4683 937 4753 Repetitio
962 4685 1027 4738 de
1051 4685 1179 4749 vita,
1209 4701 1326 4757 qua:
1355 4696 1430 4742 est
1461 4689 1516 4743 in
1546 4690 1827 4747 charitate.

2362 3499 2795 3570 φυλάσσοντος
2819 3500 2891 3556 τὰ
2916 3502 3158 3571 νόμιμα.

2247 3588 2320 3645 δ’.
2351 3590 2491 3661 Περὶ
2526 3591 2834 3663 ὑπεροχῆς
2878 3592 3132 3663 Ἰσραὴλ
3157 3633 3172 3660 ,
3233 3591 3339 3648 τοῦ
3391 3591 3781 3664 τυγχάνοντος

2365 3681 2474 3755 τῆς
2504 3685 2864 3757 ἐπαγγελίας

2255 3783 2319 3834 ε’.
2358 3778 2498 3846 Περὶ
2559 3778 2820 3849 χάριτος,
2876 3778 2951 3834 δι’
2997 3773 3072 3851 ἧς
3113 3777 3411 3849 ἄνθρωποι
3472 3778 3664 3849 μόνον
3706 3781 3779 3825 dt-

2366 3867 2700 3934 καιοῦνται,
2747 3870 2820 3924 οὐ
2876 3869 3027 3925 κατὰ
3079 3869 3254 3940 γένος
3298 3868 3776 3939 διακεκριμένως.

2367 3962 2527 4017 ἀλλά
2548 3962 2699 4017 κατὰ
2732 3962 2881 4019 Θεοῦ
2932 3962 3111 4019 δόσιν
3148 3963 3431 4033 ἰσοτίμως
3489 3960 3638 4017 κατὰ
3689 3957 3779 4011 τὸν

2370 4052 2421 4107 Ἀ
2429 4055 2623 4124 ὄραὰμ
2654 4055 2867 4110 τύπον.

2254 4150 2331 4210 ς’.
2354 4144 2488 4212 Περὶ
2518 4144 2630 4213 τῆς
2657 4145 3052 4217 ἀποκειμένης
3089 4145 3358 4212 ἐλπίδος.

2250 4236 2312 4300 ζ’.
2350 4237 2489 4305 Περὶ
2547 4238 2883 4311 εἰσαγωγῆς
2923 4239 3032 4295 τοῦ
3089 4238 3241 4307 πρὸς
3294 4239 3601 4308 σωτηρίαν
3629 4232 3773 4306 ἡμῶν

2364 4327 2682 4398 ἀνθρώπου
2716 4330 2924 4399 Ἰησοῦ
2954 4330 3236 4399 Χριστοῦ,
3260 4330 3401 4387 ἀντὶ
3432 4330 3540 4386 τοῦ
3578 4326 3773 4384 πεσόν·

2364 4435 2468 4485 τος
2489 4418 2559 4485 ἐξ
2579 4418 2779 4489 ἀρχῆς
2807 4420 3105 4490 γηγενοῦς
3133 4418 3341 4491 ’Δδάιιο

2254 4508 2328 4578 η’.
2362 4510 2498 4578 Περὶ
2518 4509 2629 4579 τῆς
2652 4511 3046 4582 ὀφειλομένης
3067 4511 3168 4566 ἐπὶ
3191 4510 3266 4581 τῇ
3297 4512 3503 4567 πίστει
3529 4508 3770 4579 πράξεως

2367 4600 2620 4671 ἀγαθῆς.

2250 4689 2318 4746 θ’.
2351 4690 2768 4763 Ἐπανὰληψις
2797 4694 2931 4762 περὶ
2957 4692 3068 4762 τῆς
3094 4710 3165 4748 εν
3183 4690 3379 4763 χάριτι
3411 4691 3582 4761 ζωῆς.

552 4775 637 4829 10.
678 4775 753 4829 De
799 4778 1230 4831 condemnationc
1256 4819 1270 4843 ,
1304 4795 1422 4850 qua:
1452 4789 1665 4852 propter
1699 4792 1969 4854 peccatum
2007 4796 2114 4841 erat

2256 4786 2314 4836 t'.
2358 4783 2500 4851 Περὶ
2535 4781 2644 4851 τῆς
2671 4784 2790 4840 ὑπὸ
2834 4786 3022 4855 νόμου
3054 4785 3461 4853 κατακρίσεως
3526 4780 3618 4835 διὰ
3674 4776 3767 4844 τὴν

691 4869 786 4922 sub
813 4868 946 4941 lege.

554 4961 641 5014 11.
678 4959 769 5033 De
803 4962 1067 5032 affectibus
1092 4964 1340 5021 humana:
1364 4976 1593 5035 naturaz,
1617 4985 1735 5039 quae
1756 4971 2123 5044 impossibilem

692 5051 918 5104 reddunt
938 5054 1356 5123 conformitatem
1389 5057 1460 5111 ad
1483 5057 1670 5130 legem.

559 5223 833 5294 19913.
891 5223 969 5279 De
1033 5231 1418 5297 permutatione
1460 5233 1791 5291 naturalium
1846 5238 2123 5309 affectuum

696 5336 788 5388 per
808 5319 1276 5388 conformationem
1304 5324 1375 5377 ad
1399 5325 1663 5395 spiritum.

561 5408 645 5462 13.
690 5408 938 5477 Repetitio
962 5411 1025 5463 de
1047 5409 1240 5482 gloria,
1290 5430 1407 5484 qua:
1426 5418 1621 5472 sanctis
1653 5420 1881 5490 reposita
1920 5429 2016 5475 est.

563 5590 650 5644 14.
693 5588 768 5643 De
794 5606 974 5644 amore
1005 5592 1096 5662 qui
1125 5591 1328 5648 Christo
1353 5595 1587 5650 debetur.

564 5680 650 5735 15.
692 5679 770 5734 De
817 5698 942 5736 casu
979 5682 1301 5752 adjectorum
1344 5685 1747 5754 Israelitarum,
1792 5709 1856 5747 ac
1888 5710 2127 5749 verorum

704 5774 1043 5841 ret'ocatione,
1071 5777 1161 5847 qui
1182 5793 1298 5833 cum
1322 5779 1555 5850 gentibus
1582 5782 1864 5838 introducti
1889 5794 2027 5840 sunt.

2368 4874 2679 4943 ἁμαρτίαν.

2226 4969 2318 5017 ια’.
2349 4964 2488 5032 Περὶ
2523 4963 2644 5018 τῶν
2676 4965 2750 5019 ἐν
2777 4965 3123 5036 ἀνθρωπίνῃ
3173 4966 3359 5036 φύσει
3395 4964 3615 5029 παθῶν,
3643 4957 3763 5016 ἁδύ·

2364 5071 2551 5110 νατον
2594 5058 2931 5155 ποιοιζντων
2982 5056 3098 5128 τὴν
3142 5060 3295 5128 πρὸς
3326 5058 3515 5129 νόμον
3548 5068 3763 5124 συμφω·

2368 5146 2529 5203 νίαν.

2225 5239 2322 5305 ιβ’.
2359 5238 2499 5308 Περὶ
2541 5239 2891 5309 ἀποδόσεως
2948 5240 3065 5297 τῶν
3099 5241 3380 5312 φυσικῶν
3414 5237 3759 5309 παθημάτων.

2369 5328 2467 5383 διὰ
2483 5328 2591 5397 τῆς
2622 5330 2772 5399 πρὸς
2805 5332 2873 5386 τὸ
2897 5333 3132 5404 πνεῦμα
3169 5335 3541 5404 συμφωνίας.

2230 5415 2322 5490 ιγ’.
2358 5420 2782 5491 Ἐπανὰληψις
2845 5423 2980 5494 περὶ
3045 5423 3155 5495 τῆς
3214 5425 3606 5497 ἀποκειμένης
3656 5416 3759 5478 τοῖς

2372 5513 2560 5582 ἁγίοις
2582 5513 2786 5583 δόξης.

2233 5604 2324 5658 ιδ’.
2360 5604 2498 5674 Περὶ
2536 5603 2646 5673 τῆς
2675 5607 3070 5678 ὀφειλομένης
3100 5607 3336 5677 ἀγάπης
3374 5604 3639 5676 Χριστοῦ.

2235 5703 2315 5751 ιε’.
2363 5699 2503 5764 Περὶ
2525 5697 2874 5767 ἐκπτώσεως
2902 5700 3144 5770 Ἰσραὴλ
3188 5701 3296 5756 τοῦ
3329 5696 3750 5767 ὰποόληθέντοςι

2371 5787 2469 5841 καὶ
2501 5788 2775 5858 κλήσεως
2809 5791 2913 5848 τοῦ
2947 5793 3237 5864 ἀληθοῦς,
3268 5793 3375 5849 τοῦ
3409 5784 3753 5861 εἰσαχθέντος

2373 5880 2516 5948 μετὰ
2542 5880 2749 5939 ἐθνῶν.
