4024 6568
303 377 409 440 321

1383 374 1767 435 COMMENT.
1803 373 1884 433 IN
1920 372 2160 433 EPIST.
2198 368 2297 432 AD
2329 369 2510 431 ROM.

3455 359 3564 424 σεε

296 499 404 558 ις’.
443 492 583 545 Ὅτε
605 491 757 544 κατὰ
785 489 1076 544 ἀπιστίαν
1109 489 1145 555 τ’]
1186 487 1481 554 ἔκπτωσις·
1507 488 1606 542 διὰ
1658 487 1767 556 τῆς
1795 491 1882 552 εις

1993 485 2074 540 16.
2119 485 2343 551 Quando
2361 485 2520 555 juxta
2559 479 2980 536 incredulitatem
3016 477 3114 548 fuit
3157 492 3306 530 casus
3346 474 3563 531 Judwo-

447 583 700 652 ἄγνοιαν
734 580 1126 648 καταλήψεως
1163 580 1262 635 καί
1285 580 1391 634 τοῦ
1409 580 1494 649 μὴ
1524 579 1880 649 ἁρμόζοντος

445 673 652 739 αὐτοῖς
685 673 1084 741 κηρύγματος.

291 763 385 825 ιζ’.
443 766 582 833 Περὶ
605 765 709 818 τοῦ
739 764 977 818 σκοποῦ
1011 764 1140 818 καθ’
1166 765 1238 818 ὃν
1260 765 1705 834 ἐξεϐλήθησαν,
1725 763 1881 818 ὥστε

442 855 727 924 δεύτερον
754 854 1120 908 ἐπανελθεῖν
1161 855 1318 922 ζήλῳ
1365 855 1484 909 τῶν
1521 855 1881 925 τιμηθέντων

444 948 642 1003 ἐθνῶν
664 945 1091 1015 συναχθέντων
1119 945 1370 1001 πιστῶν.

281 1037 395 1106 ιη’.
438 1037 801 1105 Παραίνεσις
845 1034 978 1104 περὶ
1018 1033 1234 1103 ἀρετῆς
1256 1035 1364 1104 τῆς
1404 1037 1553 1105 πρὸς
1583 1035 1734 1090 Θεὸν
1782 1036 1880 1088 καὶ

445 1127 824 1196 ἀνθρώπους.

283 1309 390 1364 ια’.
429 1309 575 1378 Περὶ
606 1307 921 1378 μιμήσεως
953 1306 1060 1376 τῆς
1089 1307 1346 1377 Χριστοῦ
1364 1307 1773 1372 ἀνεξικακιας.

318 1398 394 1453 κ’.
433 1399 573 1467 Περὶ
593 1398 968 1468 λειτουργίας
987 1399 1195 1465 αὐτοῦ,
1233 1398 1343 1468 τῆς
1372 1399 1441 1452 ἐν
1466 1399 1739 1468 ἀνατολῇ
1780 1399 1880 1453 καὶ

443 1491 640 1547 δύσει.

920 1760 1244 1816 ΣΧΟΛΙΟΝ.

369 1877 514 1946 Πρὶν
541 1876 873 1945 ἐπιδημῆσαι
903 1875 1118 1928 Παῦλον
1183 1876 1243 1928 ἐν
1297 1878 1363 1947 τῇ
1406 1874 1620 1948 Ῥώμῃ,
1669 1893 1882 1946 παρηγο

2139 595 2256 631 rum
2287 594 2379 647 per
2412 576 2683 630 scientiam
2722 588 3020 638 erroneam,
3056 579 3104 624 et
3141 571 3562 640 prwdicationem

2134 686 2248 738 quce
2277 669 2385 722 illis
2418 685 2518 722 non
2549 666 2908 720 conveniebat.

1986 761 2069 813 17.
2114 760 2186 812 De
2232 774 2386 828 scapo
2428 763 2712 811 secundum
2749 771 2902 826 quem
2950 755 3102 821 ejecti
3143 761 3285 814 sunt,
3339 761 3392 804 ut
3425 760 3565 818 post-

2125 850 2332 903 modum
2359 856 2738 902 reverterentur
2766 847 3057 900 imitatione
3079 847 3309 915 gentium
3332 845 3563 896 honora-

2123 953 2322 1005 tarum,
2356 943 2449 993 hor
2497 948 2569 992 est
2612 938 2872 1008 ﬁdelium,
2911 953 3026 1008 qua:
3069 938 3124 989 in
3161 935 3264 1003 ﬁde
3314 951 3564 988 convene—

2129 1039 2276 1085 runt.

1993 1123 2078 1178 18.
2120 1123 2430 1177 Adhortatio
2461 1122 2529 1174 ad
2575 1121 2840 1184 virtutem,
2882 1134 2999 1188 qua:
3028 1133 3154 1187 erga
3188 1117 3349 1170 Deum
3394 1125 3468 1170 est
3513 1125 3562 1168 et

2132 1216 2385 1268 homines.

1998 1306 2082 1360 19.
2122 1306 2200 1359 De
2229 1305 2522 1358 imitatione
2547 1302 2836 1357 dementire
2862 1299 3073 1355 Christi.

1993 1399 2082 1452 20.
2126 1398 2201 1450 De
2227 1397 2513 1450 ministerio
2536 1396 2697 1466 ipsius
2723 1391 2886 1446 Pauli
2908 1393 2964 1445 in
2997 1391 3232 1461 partibus
3267 1389 3494 1444 Orientis
3514 1395 3562 1442 et

2124 1488 2434 1545 Occidentis.

2501 1760 2664 1830 200
2695 1721 3068 1815 'SCHOLIUM.

2057 1877 2382 1945 Priusquam
2433 1869 2638 1928 Paulus
2671 1875 2897 1928 Romam
2946 1872 3258 1937 accederet,
3297 1871 3562 1926 admoniti

297 1942 558 2039 γελμένοι
601 1942 741 2039 ἦσαν
768 1942 832 2020 τοί
894 1967 1143 2021 Ἰουδαῖοι
1173 2006 1188 2032 ,
1241 1967 1315 2038 μὴ
1337 1942 1780 2040 --παραδέξασθαι
1807 1942 1879 2022 ’τὸ

1985 1978 2142 2024 erant
2170 1942 2364 2031 Judaei,
2392 1981 2460 2021 ne
2492 1965 2935 2036 przedicationem
2966 1964 3034 2019 de
3063 1963 3282 2019 Christo
3315 1964 3564 2032 suscipe-

301 2061 442 2128 περὶ
489 2058 582 2111 τοῦ
631 2056 866 2128 Χριστοῦ
927 2059 1204 2128 κήρυγμα.
1241 2059 1354 2112 Οὐκ
1408 2061 1564 2113 αὐτοὶ
1616 2060 1674 2113 δὲ
1705 2061 1876 2130 μόνοι,

303 2148 452 2202 ἀλλὰ
481 2149 575 2200 καὶ
604 2149 652 2199 οἱ
678 2147 952 2216 πανταχοῦ
984 2148 1107 2218 γῆς.
1145 2147 1312 2200 Πόθεν
1337 2150 1496 2219 δῆλον
1545 2151 1730 2216 τοῦτο;
1786 2151 1881 2204 Εὖ-

303 2254 477 2308 ρομεν
505 2239 564 2290 ἐν
584 2239 694 2300 τοῖς
720 2238 827 2289 τῶν
857 2238 1106 2290 παλαιῶν
1135 2241 1584 2310 συγγράμμασιν,
1609 2241 1685 2306 ὡς
1711 2245 1762 2296 οἱ
1781 2242 1880 2313 τὴν

311 2327 676 2397 Ἰερουσαλὴμ
729 2323 1004 2392 οἰκοῦντες
1054 2329 1220 2400 ἱερεῖς
1252 2331 1347 2383 καὶ
1391 2336 1740 2402 γραμματεῖς
1787 2335 1882 2388 καὶ

301 2419 692 2489 πρεσϐύτεροι,
720 2419 1026 2490 γράμματα
1080 2420 1526 2492 διαχαράξαντες,
1569 2427 1650 2487 είς
1703 2426 1881 2480 πάντα.

298 2508 680 2578 διεπέμψαντο
725 2509 794 2562 τὰ
843 2509 994 2579 ἔθνη,
1045 2512 1160 2574 τοῖς
1205 2513 1519 2582 ἁπανταχοῦ
1578 2515 1876 2582 Ἰουδαίοις,

298 2601 688 2664 διαϐάλλοντες
710 2603 810 2672 τὴν
834 2601 928 2654 τοῦ
961 2602 1198 2673 Χριστοῦ
1224 2603 1597 2668 διδασκαλίαν,
1621 2605 1696 2669 ὡς
1725 2607 1882 2658 ἁλλο-

298 2693 466 2760 τρίαν
512 2692 606 2746 τοῦ
663 2692 818 2746 Θεοῦ.
855 2693 1240 2764 Πιρήγγελλόν
1265 2711 1323 2748 τε
1349 2695 1415 2748 δι’
1448 2698 1768 2762 ἐπιστολῶν,
1804 2699 1878 2770 μὴ

303 2781 715 2852 παραδέξασθαι
742 2783 930 2852 αὑτήν.
963 2784 1133 2837 Τοῦτο
1161 2784 1225 2853 δὴ
1255 2785 1386 2838 αὐτὸ
1442 2788 1683 2856 σημᾶναι
1733 2788 1878 2840 ἔοικε

300 2873 403 2924 καὶ
456 2873 489 2935 ἡ
539 2871 770 2939 λέγουσα
832 2873 1140 2943 προιρητεία
1203 2874 1462 2928 Ἰίσαῖου·
1501 2893 1520 2926 ι
1557 2878 1696 2930 Οὐαὶ
1744 2878 1871 2945 γῆς,

302 2962 515 3014 πλοίων
567 2963 855 3033 πτέρυγες,
915 2965 1173 3019 ἐπέκεινα
1231 2967 1489 3035 ποταμῶν
1513 2968 1816 3030 Αἰθιοπίας,
1853 2971 1880 3021 ὁ

303 3052 664 3106 ἀποστέλλων
696 3055 752 3104 ἐν
783 3053 1028 3126 θαλάσσῃ
1054 3056 1259 3126 ὅμηρα,
1294 3058 1390 3111 καὶ
1455 3058 1743 3119 ἐπιστολὰς
1787 3057 1880 3127 βυ-

303 3143 498 3204 ϐλίνας
527 3145 712 3197 ἐπάνω
735 3143 828 3197 τοῦ
855 3143 1064 3209 ὓδατος.
1102 3165 1121 3197 ι
1159 3149 1238 3200 Δι’
1275 3141 1348 3201 ὧν
1377 3147 1654 3217 σημαίνει,
1680 3147 1755 3212 ὡς
1786 3147 1881 3200 καὶ

1982 2065 2108 2113 rent
2142 2075 2154 2110 :
2189 2073 2293 2111 nec
2325 2056 2428 2110 soli
2466 2055 2591 2126 ipsi,
2627 2055 2718 2109 sed
2751 2065 2806 2109 et
2835 2070 3026 2109 omnes
3059 2054 3153 2123 qui
3187 2054 3389 2123 ubique
3414 2054 3565 2107 loco-

1981 2165 2101 2204 rum
2149 2149 2402 2219 agebant.
2457 2149 2662 2202 Verum
2721 2145 2867 2200 unde
2912 2145 2964 2199 id
3014 2145 3363 2199 manifestum
3416 2144 3564 2199 est?

1980 2240 2295 2294 Invenimus
2342 2239 2398 2292 in
2458 2247 2712 2292 veterum
2757 2236 3166 2291 commentariis
3208 2237 3349 2304 quod
3382 2250 3563 2290 sacer-

1979 2331 2136 2386 dotes
2197 2341 2252 2385 et
2311 2331 2503 2385 scribae
2568 2345 2633 2384 ac
2698 2329 2966 2384 seniores.
3015 2329 3110 2398 qui
3188 2328 3561 2398 Hierosolyma

1981 2421 2385 2483 inhabitabant,
2410 2428 2660 2474 exaratas
2706 2421 2920 2474 litteras
2969 2420 3036 2473 ad
3086 2434 3276 2474 omnes
3309 2419 3562 2472 nationes

1983 2511 2400 2566 transmiserant
2421 2509 2645 2573 Judaais,
2679 2508 2994 2578 ubicunque
3021 2518 3297 2562 terrarum
3326 2507 3561 2576 dispersi

1982 2612 2188 2664 essent,
2218 2600 2423 2655 Christi
2449 2600 2754 2654 doctrinam
2791 2599 3209 2662 calumniantes,
3239 2606 3497 2666 tanquam
3529 2613 3559 2651 a

1982 2693 2092 2746 Deo
2117 2693 2374 2758 alienam,
2411 2698 2575 2761 atque
2607 2691 2858 2760 epistolis
2889 2689 3279 2753 admonebant,
3312 2705 3382 2743 ne
3415 2689 3560 2742 illam

1981 2785 2345 2853 susciperent.
2399 2783 2515 2838 llnc
2553 2783 2734 2853 ipsum
2785 2792 2935 2838 certe
2982 2782 3204 2837 videtur
3247 2782 3397 2836 Isaiae
3430 2796 3561 2851 pro-

1980 2875 2167 2944 phetia
2213 2873 2523 2944 signiﬁcare
2565 2889 2685 2942 quae
2733 2873 2813 2929 sic
2862 2872 3140 2928 habebat:
3193 2891 3210 2923 ι
3259 2873 3350 2928 Vae
3380 2884 3559 2934 terrae,

1981 2966 2202 3020 navium
2237 2966 2356 3029 alae,
2395 2977 2544 3019 trans
2575 2963 2798 3018 ﬂumina
2847 2963 3158 3034 Ethiopize,
3199 2965 3268 3032 (ὁ
3300 2963 3564 3015 ἀποστελ-

1980 3058 2106 3126 λων)
2131 3057 2225 3126 qui
2250 3056 2420 3111 mittit
2443 3073 2540 3126 per
2566 3071 2714 3110 mare
2742 3055 2965 3109 obsides
2991 3072 3052 3109 ac
3086 3055 3300 3108 litteras
3329 3068 3565 3124 papyia-

1982 3165 2107 3204 ceas
2152 3164 2318 3218 super
2363 3163 2560 3216 aquam
2591 3150 2633 3202 ⁸.
2675 3167 2693 3198 ι
2749 3147 2844 3200 llis
2895 3146 3174 3217 signiﬁcat
3223 3145 3372 3215 quod
3418 3146 3564 3199 ultra

305 3234 489 3303 πέραν
536 3233 634 3302 τῆς
669 3233 944 3322 Αἰθιόπων
971 3236 1179 3306 χώρας,
1209 3238 1303 3290 καὶ
1331 3237 1441 3290 τῶν
1465 3237 1734 3308 ὲσχατιῶν
1780 3238 1880 3304 τῆς

1985 3239 2306 3309 Αῐιὴὶοριιῐη
2348 3253 2566 3308 quoque
2620 3237 2870 3308 regiones
2918 3247 2974 3292 et
3020 3237 3351 3291 novissimos
3403 3246 3566 3291 terra:

305 3324 440 3394 τῆς,
471 3326 499 3378 ὁ
531 3325 626 3394 τῆς
655 3327 918 3396 πονηρίας
991 3324 1123 3399 ἦχος
1166 3329 1276 3382 τῶν
1342 3331 1440 3400 τὴν
1493 3330 1755 3384 Ἰουδαίαν
1806 3330 1883 3382 ol-

1992 3331 2148 3396 lines,
2201 3344 2370 3385 sonus
2415 3329 2635 3382 malitiae
2667 3343 2858 3382 eorum
2894 3327 2987 3397 qui
3026 3327 3264 3382 Judaeam
3293 3327 3567 3380 inhabita-

306 3414 576 3478 κοὺντων,
609 3417 698 3471 διά
729 3435 890 3471 τινων
906 3418 1095 3490 ὥσπερ
1115 3421 1426 3491 ἱπταμένων
1447 3421 1646 3475 πλοίων
1683 3421 1889 3492 προῆλ-

309 3508 432 3560 θεν.
467 3508 610 3561 (lite
639 3509 926 3563 ἀπόστολοι
959 3513 1158 3573 αὐτῶν,
1189 3513 1478 3578 ἐπιστολὰς
1501 3513 1750 3585 βυϐλίνας
1772 3516 1891 3568 ἐπι-

306 3600 686 3670 κομιζόμενοι,
713 3601 969 3672 ὑπεράνω
1013 3621 1073 3656 τε
1099 3605 1209 3657 τῶν
1233 3605 1442 3660 ὑδάτων
1485 3607 1888 3678 ναυτιλλόμενοι

311 3692 412 3744 καὶ
431 3691 532 3760 τὴν
559 3691 835 3746 θάλασσαν
867 3694 1138 3759 πλέοντες,
1159 3699 1434 3768 πανταχοῦ
1460 3697 1565 3768 γῆς
1589 3699 1884 3770 διέτρεχον,

313 3783 410 3836 τὸν
463 3784 595 3854 περὶ
657 3784 750 3836 τοῦ
809 3785 1061 3856 Σωτῆρος
1108 3788 1264 3858 ἡμῶν
1310 3789 1682 3853 διαϐάλλοντες
1709 3790 1885 3859 λόγον.

314 3873 684 3937 ’Δποστόλους
703 3876 760 3929 δὲ
796 3877 874 3940 είς
908 3876 988 3930 ἔτι
1017 3879 1109 3933 καὶ
1144 3879 1240 3933 νῦν
1271 3880 1390 3944 ἔθος
1433 3882 1582 3935 ἐστὶν
1613 3881 1888 3945 Ἰουδαίοις

312 3964 628 4036 ὀνομάζειν,
663 3969 787 4030 τοὺς
813 3969 1077 4035 ἐγκύκλια
1134 3971 1441 4042 γράμματα
1477 3972 1628 4044 παρὰ
1658 3973 1767 4026 τῶν
1791 3975 1889 4045 ἀρ-

312 4058 523 4127 χόντων
579 4058 758 4112 αὐτῶν
807 4061 1320 4133 ἐπικομιζομένους·
1378 4066 1451 4118 Τὸ
1501 4065 1560 4118 δὲ
1609 4065 1736 4136 ἑξῆς
1789 4067 1888 4136 τῆς

316 4148 682 4218 προφητείας,
740 4151 869 4221 περὶ
899 4152 1008 4204 τῶν
1073 4153 1329 4225 μαθητῶν
1371 4155 1466 4208 τοῦ
1498 4157 1704 4228 Κυρίου
1731 4157 1888 4226 ἡμῶν

315 4240 415 4292 καί
446 4241 697 4309 Σωτῆρος
736 4243 914 4312 Ἰησοῦ
964 4245 1203 4316 Χριστοῦ
1247 4247 1521 4318 εἰρῆσθαι.
1553 4248 1660 4310 Οὓς
1703 4248 1796 4301 διὰ.
1830 4248 1890 4302 τὸ

317 4333 486 4384 πᾶσιν
514 4331 822 4403 ἀνθρώποις
855 4334 1076 4402 ἀγαθῶν
1135 4338 1526 4406 εὐαγγελιστάς
1579 4334 1742 4404 εῖναι,
1786 4341 1890 4408 ἀγ-

317 4422 515 4489 γέλους
559 4423 793 4492 κούφους
823 4424 1096 4496 ὠνόμασε,
1156 4429 1295 4499 πρὸς
1359 4429 1766 4500 ἀντιδιαστολὴν
1813 4424 1889 4484 ὧν

315 4511 591 4580 ἐδήλωσεν
619 4513 923 4569 Ἰουδαϊκῶν
951 4517 1284 4576 ἀποστόλων.
1489 4506 1491 4508 ’

386 4696 408 4728 ⁸
447 4694 552 4750 lsa.
585 4710 740 4762 xvm,
766 4695 818 4764 1,
846 4696 901 4750 2.

1989 3423 2144 3486 bant,
2176 3437 2275 3492 per
2309 3421 2555 3492 quaedam
2591 3421 2758 3475 veluti
2784 3420 2922 3473 alata
2956 3417 3166 3489 navigia
3189 3418 3516 3488 processerit
3546 3434 3564 3472 :

1988 3525 2046 3572 et
2087 3516 2306 3570 illorum
2340 3513 2570 3584 apostoli
2614 3512 2826 3567 litteras
2863 3526 3195 3582 papyraceas
3232 3509 3564 3574 deterentes,

1991 3623 2157 3678 super
2187 3621 2358 3676 aquas
2391 3605 2728 3674 navigantes,
2780 3618 3041 3672 mareque
3073 3611 3418 3656 transeuntes
3445 3601 3569 3655 ubi-

1991 3715 2098 3770 que
2136 3709 2406 3754 tcrrarum
2442 3696 2848 3760 discurrebant,
2877 3709 3185 3750 sermonem
3217 3694 3310 3762 qui
3343 3693 3411 3747 de
3445 3692 3570 3747 Sal-

1991 3800 2177 3844 vatore
2215 3798 2403 3843 nostro
2427 3795 2546 3841 erat
2582 3785 3001 3840 calumniantes.
3035 3784 3206 3838 Porro
3235 3783 3300 3836 ad
3337 3782 3442 3836 hoc
3471 3800 3568 3834 ns—

1989 3898 2094 3952 que
2141 3891 2358 3949 tempus
2389 3879 2558 3933 moris
2594 3886 2678 3932 est
2717 3877 2923 3932 Judaais
2971 3876 3249 3946 apostolos
3292 3874 3567 3943 appellare

1992 3975 2138 4038 illos,
2164 3973 2257 4043 qui
2279 3970 2600 4041 quotidiana
2630 3968 2881 4039 epistolia
2911 3968 2979 4022 ab
3012 3967 3251 4037 ipsorum
3282 3968 3569 4036 magistra-

1990 4067 2140 4122 tibus
2171 4065 2450 4120 deferunt.
2487 4061 2643 4128 Quod
2677 4069 2859 4114 autem
2899 4060 2953 4113 in
2981 4059 3266 4128 prophetia
3291 4059 3567 4127 sequitur,
3655 4097 3664 4103 .

1988 4159 2056 4214 de
2082 4157 2368 4227 discipulis
2396 4153 2691 4210 Dominiac
2713 4152 3014 4208 Salvatoris
3048 4149 3218 4204 nostri
3247 4149 3376 4204 Jesu
3407 4148 3568 4203 Chri-

1989 4251 2060 4306 sti
2086 4249 2312 4313 dicitur,
2341 4262 2481 4318 quos
2505 4261 2572 4300 eo
2597 4243 2744 4314 quod
2767 4243 3025 4298 omnibus
3043 4241 3360 4296 hominibus
3391 4240 3566 4293 bono-

1989 4354 2110 4395 rum
2137 4337 2604 4408 evangelizatores
2646 4333 2762 4388 sive
2793 4330 2976 4385 nuntii
3007 4329 3136 4394 sint,
3168 4327 3390 4397 angelos
3419 4325 3568 4378 leves

1989 4430 2306 4501 appellavit,
2361 4426 2430 4482 ad
2460 4440 2652 4480 eorum
2700 4421 3113 4479 distinctionem
3139 4435 3276 4490 quos
3310 4415 3567 4474 Judaicos

1990 4520 2268 4593 apostolos
2297 4517 2723 4592 signiﬁcaverat.
