4024 6550
270 373 380 438 325

1357 380 1740 440 COMMENT.
1779 382 1854 439 ΙΝ
1895 382 2129 442 EPIST.
2159 383 2258 442 AD
2289 381 2471 442 ROM.

3417 377 3521 442 326

269 489 421 551 σοῦς,
471 485 531 539 τὸ
565 483 906 557 ἀνθρώπινον
958 485 1127 557 δηλοῖ,
1180 485 1276 556 τὴν
1303 487 1359 539 δὲ
1403 487 1496 540 τοῦ
1530 486 1849 556 Πνεύματος

1957 488 2180 544 sationis
2223 497 2284 543 ut
2311 489 2384 542 ita
2411 488 2586 552 ﬁeret,
2616 500 2686 541 ne
2709 485 2990 541 videretur
3011 495 3067 541 et
3090 485 3194 541 hoc
3221 487 3526 545 obtinuisse

269 583 454 654 κρίσιν
477 579 540 632 τὸ
567 579 822 650 Χριστός.

347 855 579 923 κλητὸς
613 853 976 920 ἀπόστολος,
1033 853 1447 924 ἀφωρισμένος
1478 858 1564 921 εἷς
1593 858 1854 925 Εὐαγγέ-

267 949 414 1000 λιον
443 946 611 1007 Θεοῦ,
642 945 675 998 ὃ
704 945 1216 1014 προεπηγγείλατο
1251 945 1348 1000 διὰ
1373 944 1492 999 τῶν
1533 947 1853 1016 προφητῶν

266 1035 462 1090 αὐτοῦ
501 1035 572 1087 ἐν
611 1033 878 1104 Γραφαῒς
906 1034 1123 1101 ἁγίαις,
1175 1033 1307 1103 περὶ
1340 1033 1446 1088 τοῦ
1500 1035 1635 1088 Υιοῦ
1664 1035 1852 1089 αὐτοῦ

275 1127 384 1182 τοῦ
409 1123 732 1195 γενομένου
757 1129 825 1179 ἐκ
849 1124 1191 1195 σπέρματος
1222 1125 1402 1179 Δαυῒδ
1441 1125 1594 1180 κατὰ
1618 1125 1818 1194 σάρκα
1837 1139 1851 1156 ο

270 1219 382 1273 τοῦ
449 1216 796 1288 ὁρισθέντος
846 1216 981 1270 Ποῦ
1027 1217 1178 1272 Θεοῦ
1243 1219 1314 1272 ἐν
1364 1217 1638 1286 δυνάμει,
1702 1217 1856 1271 κατὰ

271 1310 520 1380 Πνεῦμα
550 1310 910 1380 ἁγιωσύνης,
942 1310 1012 1374 ἐξ
1040 1309 1436 1376 ἀναστάσεως
1467 1308 1702 1380 νεκρῶν
1751 1310 1855 1377 ἰη-

271 1402 396 1458 σοῦ
419 1403 680 1472 Χριστοῦ
713 1402 818 1457 τοῦ
849 1403 1070 1470 Κυρίου
1091 1401 1283 1471 ἡμῶν.

348 1493 726 1563 Εὑγνωμόνως
769 1492 1044 1564 ὁμολογεῖ,
1088 1495 1172 1548 ὅτι
1221 1493 1320 1565 οὐχ
1355 1492 1499 1547 ἑκὼν
1531 1494 1852 1566 προσῆλθεν,

268 1587 416 1642 ά).λά
467 1585 710 1656 κληθείς.
777 1586 1010 1658 Κληθεὶς
1059 1588 1137 1652 δὲ,
1179 1588 1300 1642 οὐκ
1329 1590 1411 1651 είς
1451 1588 1636 1641 πίστιν
1672 1588 1852 1657 μόνον,

1954 581 2193 635 humana
2217 581 2522 651 diligentia.
2567 599 2585 632 ι
2619 580 2750 635 .lesu
2778 577 3006 634 Christi.
3036 599 3053 631 ι
3083 578 3244 634 Jesus
3272 580 3530 636 humani-

1955 680 2125 728 tatem
2169 671 2444 743 signiﬁcat
2495 689 2508 726 :
2562 671 2818 726 Christus
2865 686 2998 726 vero
3031 670 3270 741 Spiritus
3315 675 3526 728 unctio-

1951 779 2100 818 nem.

2028 856 2068 917 l,
2108 857 2220 910 1-4.
2261 856 2481 910 Vocatus
2521 855 2826 926 Apostolus,
2863 865 3166 926 segregatus
3196 856 3250 908 in
3279 855 3530 926 Evange-

1956 951 2084 1005 lium
2123 951 2254 1013 Dei,
2306 951 2444 1022 quod
2489 961 2614 1004 ante
2655 952 2972 1021 promiserat
3010 965 3105 1019 per
3150 951 3429 1020 prophetas
3473 951 3530 1003 in

1956 1044 2241 1115 Scripturis
2267 1045 2465 1098 sanctis
2495 1043 2558 1098 de
2586 1045 2700 1114 ipso
2731 1042 2862 1096 Filio
2893 1058 2988 1096 suo
3017 1059 3034 1097 :
3061 1043 3152 1111 qui
3180 1042 3346 1110 {actus
3377 1052 3451 1095 est
3484 1041 3531 1093 ei

1955 1152 2020 1190 ex
2053 1137 2250 1190 semine
2274 1135 2464 1199 David,
2488 1136 2773 1190 secundum
2815 1150 3050 1188 carnem.
3093 1133 3194 1198 Qui
3229 1133 3529 1187 declaratus

1956 1235 2032 1280 est
2077 1226 2244 1280 Filius
2301 1225 2396 1280 Dei
2455 1241 2548 1296 per
2604 1227 2882 1289 virtutem,
2935 1225 3221 1278 secundum
3269 1223 3530 1294 Spiritum

1955 1318 2422 1386 sanctiﬁcationis,
2478 1334 2543 1372 ea:
2595 1317 2978 1372 resurrectione
3030 1325 3359 1369 mortuorum
3405 1315 3531 1369 Iesu

1957 1410 2150 1466 Christi
2187 1410 2395 1465 Domini
2425 1410 2612 1464 nostri.

2028 1501 2272 1556 Modeste
2296 1501 2592 1556 conﬁtetur
2617 1498 2764 1569 quod
2795 1513 2907 1553 non
2937 1497 3225 1552 ultroneus
3248 1497 3531 1559 acceserit,

1957 1592 2055 1648 sed
2083 1604 2328 1647 vocatus.
2363 1594 2601 1648 Vocatus
2638 1601 2824 1648 autem
2856 1606 2967 1646 non
2997 1598 3208 1646 tantum
3244 1589 3309 1644 ad
3347 1589 3533 1651 ﬁdem,

269 1680 416 1734 ἀλλὰ
450 1680 542 1734 καὶ
574 1679 653 1742 εἰς
676 1679 1008 1750 ἀποστολήν.
1055 1679 1460 1751 Ἀφωρισμένος
1498 1681 1578 1744 είς
1611 1678 1857 1748 Εὐαγγέ-

1959 1683 2054 1738 sed
2085 1682 2251 1738 etiam
2305 1682 2373 1737 ad
2414 1684 2801 1752 apostolatum.
2847 1701 2864 1735 ι
2899 1681 3228 1752 Segregatus
3261 1679 3316 1734 in
3351 1679 3532 1734 Evan-

270 1773 389 1825 λιον
424 1771 580 1826 Θεοῦ.
608 1790 626 1822 ι
653 1771 846 1836 Ἄλλος
883 1771 1008 1842 μὲν,
1035 1772 1225 1843 φησὶν,
1253 1774 1310 1825 ὲν
1337 1771 1537 1836 ἄλλοις,
1558 1769 1670 1840 ἑγὼ
1697 1771 1753 1825 δὲ
1772 1770 1852 1834 εἰς

270 1864 610 1934 Εὐαγγὲλιον
665 1864 1023 1936 ἀφώρισμαι,
1051 1866 1185 1936 ὅπερ
1224 1865 1356 1918 Θεὸν
1415 1865 1543 1918 ὅντα
1582 1865 1674 1918 τὸν
1714 1865 1851 1935 Χρι-

269 1957 424 2019 στὸν,
474 1955 882 2026 εὐηγγελίζετο.
911 1955 1016 2008 Τὸν
1047 1955 1154 2024 γὰρ
1191 1954 1415 2026 Πατέρα
1448 1953 1754 2026 προῄδεσαν
1788 1955 1852 2009 ὲκ

265 2047 375 2115 τῆς
397 2047 657 2108 Παλαιᾶς.
680 2045 844 2098 Οὐδὲν
871 2045 949 2112 δὲ,
978 2046 1166 2116 φησὶν,
1199 2045 1311 2116 ἐρῶ
1335 2045 1676 2116 σκυθρωπὸν,
1703 2045 1778 2109 ὡς
1803 2046 1851 2098 ci

269 2141 577 2210 προφῆται,
601 2137 715 2192 ἀλλ’
757 2138 1185 2208 εὐαγγελίζομαι
1215 2138 1347 2192 Θεὸν
1368 2137 1850 2210 ὲνηνθρωπηκότα.

274 2234 383 2286 «Ὃ
414 2232 910 2303 προεπηγγείλατο.
939 2249 956 2281 s
1017 2231 1246 2300 Μηδεὶς,
1301 2230 1455 2300 φησὶ,
1513 2233 1853 2301 καινοτομεῖν

271 2341 343 2390 με
376 2325 596 2395 νομίσῃ,
640 2322 808 2376 πάλαι
853 2321 1160 2393 ιπήγγελτο
1202 2319 1361 2375 τοῦτο
1391 2320 1453 2374 τὸ
1498 2321 1854 2390 Εὑαγγέλιον.

268 2418 349 2471 Τὸ
380 2419 460 2481 δὲ,
503 2419 590 2470 ιὲν
631 2418 898 2488 Γραφαῖς,
936 2437 954 2469 ι
989 2417 1160 2488 δηλοῖ,
1185 2418 1267 2471 ὃτι
1295 2420 1354 2471 οὐ
1389 2419 1548 2488 μόνον
1578 2418 1760 2485 ἔλεγον
1803 2419 1855 2472 oi

269 2511 579 2581 προφῆται,
629 2511 765 2565 ἀλλὰ
806 2513 900 2565 καὶ
939 2511 1201 2581 ἔγραφον.
1235 2511 1349 2565 Οὐκ
1369 2507 1512 2572 εἷπε,
1554 2509 1686 2578 περὶ
1717 2508 1853 2564 me

266 2602 487 2667 αὑτοῦ,
528 2603 686 2665 ἀλλὰ,
724 2603 832 2656 Τοῦ
863 2602 994 2656 Υίοῦ
1039 2602 1229 2664 αὐτοῦ,
1273 2609 1367 2658 τδν
1408 2602 1569 2672 φύσει
1619 2603 1713 2656 καὶ
1756 2602 1854 2656 ἕνα

268 2697 377 2748 καὶ
398 2696 600 2766 κυρίως
635 2695 764 2748 Υἱον
799 2696 895 2749 καὶ
924 2696 1207 2766 Μονογενῆ
1233 2696 1432 2766 δηλῶν.
1483 2715 1502 2748 ι
1524 2695 1680 2749 Κατὰ
1724 2695 1853 2766 σάρ-

270 2804 405 2840 κα.»
441 2787 598 2841 Κατὰ
644 2788 755 2856 γὰρ
805 2787 1044 2858 πνεῦμα,
1089 2786 1215 2852 Υἱὸς
1259 2785 1396 2840 Θεοῦ
1439 2782 1529 2858 ἦν.
1569 2785 1714 2839 «Τοῦ
1741 2786 1855 2858 ὁρι-

271 2877 524 2940 σθέντος.
548 2897 569 2930 s
599 2878 705 2931 Τοῦ
748 2877 1158 2948 ἀποδειχθέντος
1203 2877 1298 2932 καὶ
1336 2875 1741 2946 άποφανθέντος
1767 2875 1855 2930 διά

267 2988 334 3024 τε
373 2971 483 3024 τῶν
506 2969 822 3041 προφητῶν,
850 2971 940 3024 διά
959 2987 1019 3024 τε
1052 2969 1161 3022 τῶν
1187 2969 1458 3024 τοσούτων
1492 2966 1850 3038 θεοσημειῶν,

1955 1773 2158 1844 gelinm
2195 1773 2313 1828 Dei.
2350 1793 2370 1824 ι
2419 1773 2576 1828 Alius
2616 1773 2839 1844 quidem
2887 1773 2955 1827 ad
2997 1773 3126 1837 alia,
3161 1786 3262 1842 ego
3295 1785 3428 1824 vero
3465 1770 3531 1823 ad

1955 1864 2334 1934 Evangelium,
2367 1864 2565 1934 inquit,
2605 1872 2923 1936 segregatus
2959 1879 3101 1925 sum,
3138 1872 3199 1917 ut
3230 1861 3532 1925 Christum,

1953 1957 2049 2027 qui
2079 1957 2224 2012 Deus
2247 1966 2355 2020 est,
2385 1958 2796 2012 annuntiarem.
2861 1957 3075 2010 Patrem
3108 1969 3344 2024 namque
3371 1969 3400 2006 a
3427 1970 3535 2008 ve-

1953 2050 2058 2106 teri
2097 2049 2216 2120 lcge
2257 2065 2762 2120 praecognoverant.
2804 2049 2950 2104 Nihil
2996 2059 3179 2102 autem
3224 2049 3379 2102 triste
3409 2047 3535 2101 dico

1954 2155 2108 2195 more
2148 2141 2566 2210 prophetarum,
2603 2141 2700 2196 sed
2740 2142 2912 2195 Deum
2956 2139 3157 2194 factum
3188 2154 3309 2193 esse
3343 2139 3536 2192 homi-

1953 2246 2080 2286 nem
2117 2233 2407 2286 annuntio.
2451 2252 2468 2282 ι
2503 2233 2659 2298 Quod
2703 2243 2831 2286 ante
2865 2233 3212 2301 promiserat.
3256 2250 3273 2282 ι
3316 2231 3532 2290 Nullus.

1955 2325 2155 2395 inquit.
2199 2340 2287 2381 me
2332 2341 2420 2380 res
2457 2340 2631 2380 novas
2672 2325 2852 2379 moliri
2895 2325 3216 2379 arbitretur.
3259 2323 3400 2378 Olim
3439 2340 3539 2376 an-

1955 2418 2266 2473 uuntiatum
2291 2427 2374 2474 est
2399 2418 2776 2488 Evangelium.
2803 2417 2958 2483 Quod
2991 2425 3172 2471 autem
3200 2416 3373 2478 addit,
3417 2435 3435 2466 ι
3477 2417 3536 2470 In

1957 2507 2277 2579 Scripturis,
2310 2531 2327 2558 ι
2374 2509 2647 2581 signiﬁcat
2693 2511 2841 2580 quod
2887 2525 2997 2564 non
3053 2511 3230 2564 solum
3279 2509 3538 2563 dicebant

1955 2602 2262 2670 prophetae,
2291 2603 2387 2657 sed
2417 2612 2473 2657 et
2502 2602 2842 2657 scribebant.
2873 2602 2981 2657 Nec
3015 2601 3342 2671 simpliciter
3375 2601 3534 2663 dixit,

1953 2693 2031 2748 De
2059 2693 2222 2756 Filio,
2257 2693 2351 2748 sed
2383 2694 2510 2764 περὶ
2538 2693 2632 2747 τοῦ
2663 2693 2794 2746 Υίοῦ
2829 2692 3016 2758 αὑτοῦ,
3042 2692 3230 2746 addito
3259 2691 3494 2746 articulo
3519 2706 3534 2755 ;

1956 2784 2011 2840 id
2037 2796 2142 2850 est,
2168 2785 2236 2840 de
2265 2787 2384 2856 ipso
2416 2786 2556 2841 Filio
2588 2801 2721 2851 suo,
2749 2802 2876 2842 eum
2909 2785 3168 2840 videlicet
3197 2783 3536 2856 signiﬁcans,

1954 2879 2050 2949 qui
2077 2888 2276 2934 natura
2295 2886 2351 2933 et
2381 2878 2542 2948 203
2568 2893 2731 2944 unus,
2749 2878 3080 2948 proprieque
3109 2877 3284 2930 Filius
3304 2884 3451 2930 esset
3475 2889 3541 2931 ac

1955 2969 2304 3041 Unigenitus.
2347 2989 2365 3021 ι
2395 2969 2710 3024 Secundum
2743 2984 2985 3024 carnem.
3020 2987 3038 3020 ι
3070 2968 3205 3022 Nam
3233 2965 3536 3022 secundum

269 3063 371 3117 διά
399 3081 456 3116 τε
491 3063 589 3132 τῆς
618 3063 984 3126 ἀναστάσεως.
1020 3061 1237 3116 Τούτων
1262 3061 1371 3132 γὰρ
1394 3063 1427 3132 ἡ
1452 3060 1750 3132 συνδρομὴ,
1783 3059 1857 3112 δι-

1965 3063 2220 3133 spiritnm
2243 3063 2416 3117 Filius
2437 3061 2531 3116 Dei
2559 3069 2696 3116 erat.
2727 3080 2744 3112 ι
2771 3061 2875 3127 Qui
2928 3060 3244 3115 declaratus
3265 3068 3368 3114 est.
3389 3077 3406 3110 ι
3433 3058 3538 3124 Qui

269 3152 454 3224 ορίζει
489 3151 650 3206 αὑτὸν
678 3153 743 3204 ὲκ
771 3151 882 3204 τῶν
909 3151 1084 3206 ἄλλων
1114 3153 1368 3205 ἁπάντων
1395 3151 1504 3204 τῶν
1521 3153 1662 3205 κατὰ
1695 3151 1856 3222 χάριν

270 3242 591 3312 κληθέντων
626 3242 778 3297 υἱῶν.
819 3241 908 3294 Διὸ
940 3241 1032 3294 καί
1058 3259 1164 3304 τις,
1209 3241 1306 3294 τοῦ
1355 3241 1720 3310 ὁρισθέντος,
1757 3241 1854 3294 τοῦ

272 3335 736 3403 ἐπιγνωσθέντος,
774 3334 928 3404 φησὶ,
953 3333 1048 3388 καὶ
1088 3336 1169 3397 εἰς
1205 3333 1406 3402 γνῶσιν
1430 3333 1738 3404 ἀνθρώποις
1768 3333 1857 3388 ὲλο

271 3430 486 3496 δέν-τος.
537 3428 822 3499 Εἱώθαμεν
863 3429 968 3499 γάρ
1018 3427 1090 3480 δι’
1133 3427 1397 3497 ὁρισμῶν
1448 3445 1624 3482 τινων
1677 3427 1857 3494 ἐπιγι-

275 3521 537 3588 νώσκειν,
591 3519 627 3576 ἃ
660 3520 892 3591 βεϐαίως
928 3520 1023 3574 καὶ
1067 3520 1168 3574 οῦκ
1209 3523 1266 3573 ὲν
1291 3519 1576 3591 δισταγμῷ
1623 3520 1855 3574 ἐπιστά-

277 3617 442 3687 μεθα.
495 3615 626 3669 «Ἐν
678 3615 959 3685 δυνάμει.»
1012 3615 1323 3678 Τουτέστιν,
1367 3615 1426 3667 οὐ
1479 3613 1786 3686 χάριτι,ὡς
1808 3614 1856 3666 οί

273 3708 487 3772 πολλοὶ,
515 3706 649 3760 ἀλλὰ
673 3706 901 3776 δυνάμει
939 3706 1136 3776 οἰκείᾳ,
1169 3707 1236 3776 ἣν
1261 3707 1482 3778 ἐνήργει
1510 3707 1568 3758 ἐν
1597 3708 1715 3769 ταῖς
1741 3707 1859 3757 θεο-

1959 3155 2367 3210 demonstratus
2397 3163 2481 3209 est
2513 3169 2612 3224 per
2644 3154 2965 3228 prophetas.
3012 3162 3066 3207 et
3107 3167 3205 3222 per
3241 3161 3318 3206 tot
3351 3151 3539 3206 divina

1958 3247 2132 3317 signa,
2173 3256 2229 3301 et
2267 3262 2367 3316 per
2405 3246 2897 3301 resurrectionem.
2965 3245 3169 3298 Horum
3215 3244 3360 3297 enim
3403 3259 3538 3296 con-

1959 3352 2154 3392 cursus
2192 3346 2441 3408 segregat
2485 3337 2662 3406 ipsum
2708 3336 2777 3390 ab
2817 3335 2938 3390 aliis
2977 3333 3254 3393 omnibus.
3295 3335 3388 3402 qni
3440 3348 3538 3400 per

1959 3429 2190 3499 gratiam
2229 3429 2408 3483 vocati
2446 3437 2594 3481 sunt.
2644 3427 2772 3481 ldeo
2822 3425 2988 3479 etiam
3029 3425 3249 3494 quidam
3297 3424 3539 3495 ὁρισθέν-

1957 3537 2048 3581 τος
2081 3519 2286 3591 cogniti
2319 3520 2738 3590 interpretatur,
2773 3527 2831 3572 et
2870 3517 2927 3571 in
2962 3516 3248 3570 hominum
3287 3515 3536 3568 notitiam

1959 3610 2251 3666 venientis.
2281 3608 2533 3664 Solemus
2564 3607 2714 3662 enim
2743 3607 2811 3660 δι’
2837 3604 3082 3677 ὁρισμῶν
3113 3621 3294 3666 τινων,
3318 3603 3423 3656 hoc
3453 3611 3538 3656 est

1959 3717 2058 3771 per
2089 3699 2438 3755 deﬁnitiones
2467 3699 2755 3769 quasdam,
2787 3709 3119 3767 cognoscere
3151 3709 3273 3764 quas
3310 3693 3540 3746 ﬁrmiter

275 3801 560 3871 σημείαις.
594 3817 611 3850 ι
640 3800 794 3852 Κατὰ
842 3799 1066 3870 Πνεῦμα
1109 3799 1473 3868 ἁγιωσύνης.»
1523 3800 1634 3852 Καὶ
1667 3800 1731 3851 ἐκ
1762 3797 1856 3850 τοῦ

1959 3803 2016 3850 et
2058 3809 2166 3848 non
2211 3792 2540 3864 ambigendo
2576 3791 2956 3862 cognovimus.
2997 3807 3015 3840 ι
3056 3789 3160 3842 Per
3188 3787 3470 3841 virtutem.
3514 3808 3532 3837 ι

276 3893 438 3961 ἁγίου
489 3891 836 3960 Πνεῦματος,
870 3891 1062 3962 φησὶν,
1102 3893 1130 3945 ὃ
1161 3891 1388 3962 παρέχει
1420 3893 1532 3954 τοῖς
1583 3892 1662 3953 είς
1693 3890 1857 3944 αὐτὸν

1961 3887 2075 3943 Hoc
2103 3895 2209 3950 est,
2245 3901 2355 3940 non
2395 3885 2590 3956 gratia,
2633 3892 2695 3938 ut
2739 3883 2919 3945 multi,
2949 3881 3046 3936 scd
3079 3881 3281 3935 virtute
3318 3881 3540 3950 pmpria

273 3981 654 4037 πιστεύουσιν.
692 4001 712 4032 ι
735 3980 824 4046 Ἐξ
849 3982 1251 4045 ἀναστάσεως.»
1276 3981 1386 4034 Καὶ
1412 3983 1476 4034 ἐκ
1499 3981 1598 4050 τῆς
1619 3980 1857 4035 ἀναστά-

1960 3994 2123 4048 quam
2157 3977 2214 4031 in
2250 3976 2452 4032 divinis
2481 3976 2652 4046 signis
2674 3975 2984 4031 exserebat.
3014 3991 3031 4024 ι
3066 3971 3379 4026 Secundum
3414 3971 3538 4038 Spi-

278 4090 446 4136 σεως,
483 4073 637 4141 φησὶ,
695 4071 912 4142 καὶτῆς
939 4072 1032 4126 τοῦ
1054 4073 1282 4127 Θανάτου
1295 4071 1660 4134 καταλύσεως.
1707 4071 1857 4124 Ἀνα-

1963 4069 2128 4123 ritum
2147 4065 2618 4122 sanctiﬁcationis.
2663 4082 2680 4116 ι
2710 4063 2777 4117 Ει
2803 4077 2870 4118 ex
2899 4059 3416 4131 Spiritu,ait,quem
3445 4057 3540 4111 dat

275 4166 523 4229 στάσεως
553 4165 630 4231 δὲ,
663 4159 727 4236 ἧς
759 4164 920 4229 αὐτὸς
952 4165 1152 4234 ἀνέστη
1180 4166 1208 4218 ὁ
1233 4165 1436 4235 Κύριος
1465 4163 1622 4235 ἡμῶν
1655 4161 1857 4233 Ἰησοῦς

1964 4163 2016 4216 iu
2053 4176 2110 4216 se
2150 4157 2526 4215 credentibus.
2559 4177 2578 4210 ι
2609 4157 2677 4212 Ει
2711 4154 3150 4211 resurrectione.
3188 4170 3207 4202 ι
3252 4151 3321 4206 Ει
3349 4166 3414 4204 ex
3445 4164 3536 4202 re-

273 4255 538 4327 Χριστός·
1963 4254 2331 4318 surrectione,
2357 4251 2556 4320 inquit.
2581 4249 2887 4317 mortisque
2913 4245 3291 4300 destructione
3316 4259 3329 4295 :
3354 4256 3538 4295 resur-

1883 4396 1938 4456 Β
1964 4346 2210 4404 rectione
2240 4354 2424 4401 autem
2463 4360 2570 4415 qua
2609 4341 2849 4397 surrexit
2891 4339 3008 4409 ipse
3053 4335 3318 4391 Dominus
3349 4341 3540 4388 noster

1962 4439 2120 4494 Iesus
2148 4437 2422 4492 Christus.

359 4533 443 4588 Δι’
473 4527 545 4589 οὗ
575 4531 872 4602 ἐλάϐομεν
909 4530 1086 4602 χάριν
1109 4532 1206 4585 καί
1230 4530 1589 4600 ἀποστολὴν
1637 4533 1724 4596 εις
1749 4532 1857 4586 ὑπ-

2036 4529 2078 4594 l,
2110 4529 2230 4584 5-7.
2274 4527 2377 4580 Per
2408 4542 2563 4597 quem
2596 4524 2888 4593 accepimus
2921 4521 3153 4593 gratiam
3187 4524 3235 4570 et
3272 4513 3540 4586 apostola-

279 4628 481 4697 ακοὴν
521 4627 780 4696 πίστεως
805 4627 874 4680 ἐν
923 4625 1073 4680 πᾶσι
1110 4625 1234 4690 τοῖς
1275 4625 1535 4689 ἔθνεσιν,
1569 4623 1722 4691 ὑπὲρ
1755 4621 1857 4676 τοῦ

1967 4629 2077 4674 tum
2109 4620 2176 4674 ad
2204 4617 2544 4674 obedientium
2565 4616 2690 4684 ﬁdei
2715 4630 2808 4685 per
2835 4627 3012 4666 omnes
3035 4617 3234 4681 gentes,
3266 4620 3424 4697 super
3442 4619 3544 4697 nae

281 4694 580 4790 ὀνόματος
617 4694 826 4772 αὐτοῦ.
881 4719 977 4770 Ἐν
1005 4713 1096 4782 οἷς
1141 4719 1281 4770 ἐστε
1312 4717 1406 4769 καί
1448 4715 1616 4784 ὑμεῖς
1651 4715 1857 4782 κλητοὶ

1966 4714 2107 4766 mine
2145 4711 2281 4781 ejus,
2315 4711 2455 4764 inter
2476 4725 2608 4779 quas
2638 4707 2759 4760 estis
2793 4714 2840 4757 et
2876 4719 2960 4757 vos
2987 4700 3157 4755 vocati
3181 4697 3305 4752 Iesu
3329 4694 3540 4750 Christi.

296 4813 508 4881 Ἰησοῦ
548 4812 826 4881 Χριστοῦ.
857 4809 1012 4864 Πὰσι
1041 4809 1166 4874 τοῖς
1192 4804 1374 4862 οὖσιν
1401 4808 1470 4860 ἐν
1515 4801 1696 4876 Ῥώμῃ
1723 4808 1865 4875 ἀγα·

284 4905 503 4975 πητοῖς
558 4903 705 4959 Θεοῦ
761 4901 1007 4970 κλητοῖς
1061 4901 1290 4970 ἁγίοις·
1353 4899 1525 4969 χάρις
1575 4900 1716 4968 ὑμῖν
1768 4897 1866 4951 καὶ

283 4997 498 5066 εἰρήνη
564 4995 683 5050 ἀπὸ
733 4993 883 5049 Θεοῦ
914 4993 1146 5062 Πατρὸς
1168 4990 1334 5062 ἡμῶν
1359 4991 1455 5046 καὶ
1488 4991 1707 5060 Κυρίου
1749 4992 1866 5059 ’1η-

287 5091 406 5144 σοῦ
436 5088 716 5157 Χριστοῦ.

360 5183 479 5236 οὐκ
508 5181 570 5245 ἐξ
605 5179 841 5244 οἰκείων,
880 5179 1035 5248 φησὶ,
1061 5177 1459 5251 κατορθώματα
1475 5176 1741 5245 ἐλάϐομεν
1770 5175 1868 5247 τὴν

287 5273 615 5343 ἀποστολὴν.
655 5272 794 5325 ἀλλὰ
825 5272 885 5324 τὸ
932 5274 1037 5325 πᾶν
1068 5271 1290 5342 χάριτος
1339 5269 1430 5323 καὶ
1469 5271 1677 5339 δωρεᾶς
1730 5271 1865 5323 ἐστι.

295 5385 315 5417 ι
340 5367 520 5434 Χάριν
564 5365 659 5417 καὶ
710 5363 1037 5433 ἀποστολὴν,
1069 5381 1087 5416 s
1136 5361 1257 5415 ἀντὶ
1288 5360 1407 5424 τοῦ,
1443 5361 1602 5432 χάριν
1626 5363 1706 5424 είς
1734 5361 1868 5413 άπο-

293 5457 512 5526 στολήν.
543 5456 735 5508 Καίτοι
783 5453 875 5506 τοῦ
938 5453 1252 5524 Πνεῦματος
1291 5455 1322 5522 ή
1375 5452 1643 5522 ἀποστολὴ
1682 5451 1867 5514 αὐτοῦ,

288 5549 367 5609 ὡς
404 5549 463 5598 ὲν
491 5548 612 5608 ταῖς
639 5545 878 5617 Πράξεσι
927 5547 1123 5600 κεῖται.
1172 5544 1330 5597 Ἀλλὰ
1358 5544 1534 5597 πάντα
1566 5545 1720 5596 κοινά
1765 5539 1871 5594 οἶδε

287 5637 357 5690 τὰ
391 5635 493 5704 τῆς
519 5636 675 5703 ἁγίας
707 5636 952 5704 Τριάὸος.
985 5654 1002 5686 ι
1027 5633 1117 5697 Ei;
1157 5633 1402 5704 ὑπακοὴν
1426 5634 1682 5695 πίστεως.
1713 5652 1730 5682 s
1764 5634 1868 5685 Καὶ

285 5730 400 5800 γὰρ
419 5729 479 5780 οὐ
510 5728 590 5780 δεῖ
616 5727 1088 5797 πολυπραγμονεῖν
1113 5725 1368 5796 γέννησιν
1389 5726 1480 5778 καὶ
1497 5725 1687 5778 οὐσίαν
1709 5723 1864 5784 Θεοῦ,

296 5821 438 5874 άλλὰ
475 5821 635 5888 μόνον
657 5820 970 5873 ὑπακούειν.
1016 5838 1034 5872 ι
1060 5820 1145 5872 Ἐν
1177 5820 1309 5871 eam
1346 5820 1457 5878 τοῖς
1497 5817 1723 5872 ἔθνεσιν.
1749 5835 1765 5866 ι
1807 5817 1866 5868 lii

1967 4804 2216 4860 Omnibus
2237 4805 2326 4874 qui
2345 4804 2467 4856 estis
2490 4801 2687 4864 Romae,
2718 4797 2922 4852 dilectis
2953 4795 3066 4858 Dei,
3095 4793 3291 4846 vocatis
3315 4785 3538 4851 sanctis,

1967 4898 2145 4968 gratia
2186 4895 2325 4950 vobis
2353 4905 2401 4948 et
2444 4909 2551 4964 pax
2581 4910 2613 4946 a
2665 4891 2769 4943 Deo
2812 4888 2973 4941 Patre
3016 4893 3194 4938 nostra
3232 4889 3279 4934 et
3320 4879 3541 4933 Domino

1966 4990 2093 5043 Jesu
2119 4988 2345 5045 Christo.

2037 5170 2156 5226 Non
2187 5185 2255 5226 ex
2281 5166 2538 5239 propriis,
2555 5162 2754 5233 inquit,
2776 5161 2938 5216 bonis
2971 5155 3234 5228 operibus
3262 5151 3543 5223 apostola-

1971 5275 2085 5319 tum
2111 5260 2446 5330 accepimus,
2471 5256 2568 5312 sed
2604 5249 2876 5324 quidquid
2936 5249 2990 5304 id
3024 5255 3129 5311 est,
3161 5243 3332 5314 gratia
3370 5249 3454 5296 est
3488 5246 3546 5294 et

1970 5359 2199 5413 donum.
2249 5372 2268 5404 ι
2300 5351 2542 5408 Gratiam
2573 5356 2630 5403 et
2660 5345 3048 5417 apostolatum,
3087 5359 3106 5392 ι
3154 5338 3262 5393 hoc
3301 5341 3386 5390 est
3421 5347 3545 5403 gra-

1973 5449 2101 5503 tiam
2133 5445 2199 5499 ad
2233 5441 2622 5513 apostolatum.
2653 5436 2818 5508 Atqui
2845 5432 3187 5505 apostolatus
3215 5429 3336 5498 ejus
3367 5423 3546 5494 Spiri-

1971 5547 2062 5592 tus
2091 5533 2267 5590 sancti
2297 5540 2404 5597 est,
2444 5531 2587 5586 sicut
2619 5531 2675 5584 in
2719 5527 2868 5582 Actis
2909 5523 3145 5578 habetur
3180 5536 3194 5572 :
3237 5515 3331 5572 sed
3360 5514 3545 5569 omnia

1972 5635 2174 5683 sancta:
2204 5625 2495 5680 Trinitatis
2521 5637 2685 5693 opera
2722 5620 2876 5676 novit
2905 5631 3027 5672 esse
3050 5608 3383 5669 communia.
3417 5622 3434 5654 ι
3462 5603 3543 5658 Ad

1973 5717 2341 5773 obediendum
2370 5715 2549 5770 ﬁdei.»
2572 5713 2757 5783 Neque
2785 5711 2931 5766 enim
2959 5711 3176 5776 oportet
3202 5699 3294 5755 Dei
3319 5708 3547 5767 genera-

1979 5813 2184 5868 tionem
2222 5810 2307 5865 vel
2341 5807 2707 5865 substantiam
2740 5804 2958 5859 curiose
2993 5793 3248 5856 scrutari,
3289 5789 3385 5846 sed
3427 5795 3546 5840 tan-
