3978 6542
521 377 634 441 327
1571 373 1968 434 GZCUMENII
2003 372 2093 431 ΤΕ

2196 372 2300 430 (DE
2340 372 2679 432 EPISCOPI
3654 377 3742 440 328

520 492 638 540 tum
679 481 926 538 obedire.
964 499 981 531 ι
1020 480 1124 536 Per
1161 493 1355 535 omnes
1387 490 1595 551 gentes.
1629 501 1646 532 ι
1687 481 1819 535 Nam
1850 481 1950 534 etsi
1985 481 2093 550 ipse

2203 479 2312 550 γὰρ
2343 480 2436 532 καί⁸
2470 481 2545 552 μὴ
2577 481 2738 543 αὐτὸς
2787 480 2963 533 πάντα
2996 479 3308 551 περιῆλθεν,
3343 480 3479 535 ἀλλά
3513 484 3601 536 καὶ
3624 486 3745 541 οὕτω

520 591 631 629 non
658 575 838 628 omnis
865 575 1172 641 circuierit,
1199 574 1563 630 nihilominus
1594 573 1851 627 omnibus
1883 588 2098 626 annun-

525 668 718 722 tiatum
751 676 833 722 est
869 667 1250 737 Evangelium,
1285 683 1383 736 per
1415 675 1642 721 ett-teres
1671 664 1927 720 videlicet
1967 679 2098 734 apo-

521 761 711 815 stolos.
752 779 769 810 ι
805 759 982 829 Super
1022 761 1243 814 nomine
1277 761 1417 830 ejus.
1462 778 1480 809 ι
1519 758 1680 814 Fides
1710 758 1854 812 enim
1902 757 1955 812 in
1997 772 2098 812 no-

522 865 646 904 men
679 850 798 920 ejus
825 849 951 904 fuit.
981 849 1116 904 Nam
1146 849 1324 920 ipsum
1351 857 1541 920 gentes
1563 865 1670 902 non
1700 848 1976 912 viderunt,
2000 847 2098 902 sed

519 941 639 996 solo
679 942 798 1010 ejus
843 941 1065 995 nomine
1113 941 1391 1013 divulgato
1437 941 1815 995 crediderunt.
1864 940 1931 994 Et
1969 954 2098 994 vere

517 1031 689 1101 gratia
733 1032 891 1100 plena
924 1041 1042 1087 erat
1082 1033 1384 1102 apostolica
1424 1031 1636 1086 functio
1677 1031 2098 1100 discipulorum,

516 1122 644 1191 quia
715 1132 1109 1191 persuaserunt
1175 1123 1474 1193 gentibus,
1559 1134 1618 1176 ut
1679 1121 1968 1176 obedirent
2035 1135 2100 1176 ac

515 1213 808 1268 crederent
878 1214 931 1268 in
997 1214 1324 1276 Christum,
1384 1214 1548 1284 idque
1616 1230 1740 1268 cum
1801 1213 2100 1282 piscatores

513 1316 700 1360 essent
749 1322 814 1361 ac
865 1307 1176 1362 litterarum
1241 1308 1436 1378 ignari.
1505 1327 1522 1360 «
1571 1309 1719 1364 Inter
1775 1323 1910 1378 quas
1964 1308 2099 1362 estis

513 1407 571 1450 et
600 1413 716 1452 vos.
757 1417 774 1450 ι
815 1399 927 1453 lloc
963 1408 1067 1464 est,
1105 1415 1228 1452 cum
1260 1399 1464 1469 quibus
1491 1401 1748 1471 gentibus
1784 1406 1842 1454 et
1872 1414 1968 1454 vos
1999 1414 2097 1452 vo-

515 1494 622 1547 cati
655 1491 804 1546 estis.
843 1491 1030 1561 Neque
1054 1492 1198 1547 enim
1234 1509 1264 1547 a
1297 1493 1452 1547 vobis
1476 1493 1611 1562 ipsis
1646 1491 1893 1546 venistis.
1936 1489 2098 1546 Com-

515 1584 707 1653 primit
744 1583 906 1654 204
937 1593 1119 1638 autem
1150 1584 1351 1639 fastum
1385 1585 1630 1648 illorum,
1661 1599 1724 1637 ac
1754 1583 1798 1637 si
1832 1582 2043 1637 diceret
2078 1598 2091 1636 :

516 1674 599 1728 Ne
643 1678 848 1743 putetis
891 1675 1094 1746 regiam
1141 1690 1205 1730 ac
1243 1675 1619 1729 dominantem
1661 1675 1940 1729 civitatem
1981 1689 2096 1727 am-

516 1767 662 1835 plius
689 1767 968 1836 quidpiam
1014 1767 1116 1822 hac
1151 1767 1205 1821 in
1242 1783 1302 1822 re
1343 1767 1548 1823 habere
1585 1782 1698 1836 prie
1733 1768 1967 1828 caeteris,
1997 1767 2092 1822 sed

515 1872 641 1911 cum
675 1859 901 1923 reliquis
940 1859 1197 1928 gentibus
1235 1860 1415 1914 vocati
1459 1860 1608 1914 estis.
1651 1879 1669 1910 «
1699 1858 1969 1915 Omnibus
1995 1859 2088 1929 qui
2126 1837 2165 1892 Β

515 1952 651 2005 estis
681 1952 887 2016 Romae,
927 1953 1146 2007 dilectis
1176 1952 1326 2007 Dei.»
1365 1952 1646 2022 Siquidem
1681 1967 1792 2006 non
1823 1961 1908 2007 est
1945 1953 2090 2022 apud

519 2042 689 2096 Deum
716 2043 978 2097 discretio
1005 2044 1191 2099 divitis
1223 2061 1251 2099 a
1281 2059 1542 2114 paupere.
1569 2043 1774 2098 Deinde
1803 2053 2089 2114 postquam

514 2133 675 2196 dixit,
713 2153 730 2185 ι
768 2133 1056 2197 Omnibus.
1091 2154 1109 2187 ι
1141 2151 1208 2190 ne
1245 2136 1430 2191 dicant
1472 2151 1486 2187 ι
1521 2134 1660 2202 Quid
1698 2136 1871 2206 ergo?
1899 2151 2091 2191 omnes

513 2227 708 2296 aequali
741 2227 906 2282 habet
934 2227 990 2282 in
1019 2228 1249 2292 honore,
1289 2228 1462 2283 bonos
1493 2243 1558 2282 ac
1587 2228 1780 2292 malos,
1809 2227 1998 2282 fideles
2027 2243 2092 2283 ac

514 2319 803 2374 inﬁdeles?
831 2321 1134 2392 subjunxit,
1171 2322 1418 2377 «Vocatis
1449 2322 1703 2376 sanctis.»
1737 2321 1868 2376 Nam
1899 2337 2093 2376 omnes

513 2410 687 2464 sancti
713 2411 910 2479 :equali
943 2419 1075 2465 sunt
1101 2411 1154 2465 in
1187 2411 1398 2465 honore
1423 2411 1567 2480 apud
1600 2410 1774 2473 illum,
1807 2425 1910 2465 nec
1945 2409 2090 2466 inter

512 2498 663 2568 ipsos
698 2509 782 2554 est
817 2501 1120 2554 distinctio.
1153 2501 1399 2555 Primum
1429 2512 1610 2554 autem
1642 2518 1660 2550 ι
1694 2499 1918 2554 Dilectis
1943 2500 2037 2554 Dei
2064 2518 2082 2551 ι

513 2592 718 2659 posuit,
754 2592 951 2646 deinde
973 2612 991 2642 «
1012 2593 1227 2646 Vocatis
1251 2593 1454 2648 sanctis
1484 2610 1530 2646 τι
1565 2591 1739 2658 Unde,
1766 2593 1964 2662 inquit,
1991 2607 2089 2648 vo-

513 2682 621 2737 cati
669 2683 841 2738 estis?
903 2699 969 2737 ex
1024 2683 1226 2753 quibus
1264 2683 1583 2739 laboribus?
1617 2700 1713 2753 per
1770 2701 1892 2754 quze
1931 2701 2090 2756 egre-

513 2775 599 2846 gia
665 2775 956 2830 facinora?
993 2777 1139 2832 unde
1183 2778 1356 2832 sancti
1388 2778 1564 2832 estis?
1602 2777 1812 2846 Nempe
1859 2792 1924 2831 ex
1976 2777 2090 2832 sola

513 2864 610 2920 Dei
649 2865 943 2920 dilectione
998 2882 1011 2917 :
1061 2881 1184 2920 cum
1235 2865 1381 2920 enim
1429 2866 1598 2935 gratis
1644 2865 1924 2920 dilexisset
1967 2881 2087 2930 nos,

512 2970 786 3026 suumque
819 2958 1142 3028 sanguinem
1175 2973 1276 3028 pro
1310 2957 1470 3012 nobis
1501 2956 1754 3020 fudisset,
1789 2957 1855 3010 ad
1888 2958 2091 3012 sancti-

512 3044 824 3100 ﬁcationem
865 3063 966 3102 nos
995 3049 1234 3112 vocavit,
1267 3049 1463 3117 suique
1502 3047 1656 3117 regni
1687 3047 2088 3102 lnnreditariam

513 3137 941 3206 possessionem.
973 3140 1212 3210 Ideoque
1242 3140 1446 3210 ubique
1482 3141 1732 3196 locorum
1769 3159 1787 3190 «
1817 3141 2033 3195 Vocatis
2063 3159 2080 3191 ι

512 3229 667 3297 dicit,
700 3231 951 3288 beneficii
996 3233 1088 3288 Dei
1125 3232 1362 3290 reddens
1393 3248 1492 3288 nos
1526 3247 1818 3288 memores.
1851 3251 1869 3283 «
1902 3231 2087 3287 Gratia

511 3321 687 3377 vobis.
740 3341 758 3375 ι
826 3324 999 3379 Nemo
1059 3325 1207 3380 enim
1279 3340 1348 3380 ex
1402 3325 1667 3393 operibus
1727 3324 1912 3379 salvus
1969 3323 2086 3379 ﬁeri

511 3421 713 3484 potest,
775 3415 976 3485 inquit.
1054 3435 1072 3468 ι
1120 3418 1166 3470 Α
1224 3417 1336 3471 Deo
1391 3417 1571 3471 Patre.
1621 3435 1638 3468 ι
1709 3416 1845 3472 Nam
1909 3419 2082 3488 gratia

2203 575 2402 636 πάντες
2428 573 2896 644 εὐηγγελίσθησαν
2938 572 3027 626 διά
3055 573 3163 626 τῶν
3197 575 3397 627 λοιπῶν
3433 575 3744 633 ἀποστόλων.

2207 684 2225 716 ι
2251 662 2420 734 ’Υπὲρ
2455 665 2546 718 τοῦ
2596 666 2857 734 ὀνόματος
2895 665 3081 718 αὐτοῦ.
3120 684 3137 715 ι
3192 665 3255 717 Ἡ
3288 665 3394 735 γὰρ
3462 667 3638 731 πίστις
3681 672 3748 733 εἰς

2201 757 2260 810 τὸ
2306 757 2476 825 ὅνομα
2527 756 2692 810 αὐτοῦ
2736 757 2982 826 γέγονεν.
3031 756 3204 809 Αὐτὸν
3241 758 3352 826 γάρ
3400 758 3469 810 τά
3510 757 3630 828 ἔθνη
3663 761 3749 814 οὐκ

2199 850 2480 910 ἐθεάσατο.
2522 848 2658 902 ἀλλά
2707 849 2869 918 μόνου
2917 849 3318 920 κηρυττομένου
3364 849 3458 902 τοῦ
3489 850 3746 919 ὀνόματος,

2199 943 2397 994 ἐκεῖνοι
2457 941 2762 994 ἐπίστευον.
2815 942 3024 1004 Ὄντως
3079 940 3293 1011 πλήρης
3347 936 3414 1010 ἦν
3472 941 3747 1012 χάριτοςή

2200 1032 2471 1103 ἀποστολὴ
2515 1031 2623 1084 τῶν
2659 1031 2936 1102 μαθητῶν,
2962 1033 3046 1084 ὅτι
3077 1032 3302 1084 ἔπεισαν
3343 1031 3643 1084 ὑπακοῦσαι
3669 1035 3750 1086 καὶ

2199 1121 2490 1174 πιστεῦσαι
2521 1121 2588 1174 τά
2616 1121 2744 1192 ἔθνη
2778 1123 2854 1192 τῷ
2880 1122 3122 1193 Χριστῷ,
3159 1125 3253 1176 καὶ
3290 1123 3461 1175 ταῦτα
3497 1123 3749 1195 ἄνθρωποι

2197 1212 2370 1275 ἁλιεῖς
2419 1213 2514 1266 καὶ
2547 1212 2922 1282 ἀγράμματοι,
2970 1229 2989 1264 «
3011 1213 3102 1266 Ἐν
3135 1208 3219 1276 οἷς
3250 1214 3371 1264 ἐστε
3403 1214 3499 1265 καὶ
3543 1213 3706 1282 ὑμεῖς.
3729 1233 3745 1265 ι

2199 1305 2457 1360 Τουτέστι
2489 1304 2607 1374 μεθῖ
2634 1298 2709 1359 ὧν
2739 1304 2907 1358 ἐθνῶν
2932 1307 3029 1358 καὶ
3052 1305 3211 1374 ὑμεῖς
3235 1303 3522 1374 ἐκλήθητε.
3561 1307 3631 1358 Οὐ
3658 1309 3749 1375 γᾶρ

2195 1397 2288 1466 ἀφ’
2323 1397 2533 1451 ἑαυτῶν
2579 1397 2764 1468 ἥκετε.
2807 1397 3176 1450 Καταστέλλει
3222 1395 3277 1448 δὲ
3307 1396 3487 1449 αὐτῶν
3532 1396 3592 1449 τὸ
3639 1397 3750 1463 φρό-

2195 1507 2366 1560 νημα,
2416 1490 2549 1544 ὡσεὶ
2597 1490 2782 1557 ἔλεγεν
2808 1507 2822 1521 ο
2853 1489 2944 1560 Μὴ
2991 1489 3245 1560 νομίσητε
3272 1529 3287 1553 ,
3309 1489 3382 1552 ὡς
3417 1489 3749 1558 βασιλεύουσα

2196 1581 2372 1646 πόλις,
2401 1581 2563 1636 πλέον
2591 1600 2645 1635 τι
2691 1581 2800 1635 τῶν
2855 1583 3031 1636 ἄλλων
3071 1581 3238 1652 ἔχειν,
3286 1582 3422 1635 ἀλλά
3485 1583 3620 1652 μετά
3655 1583 3748 1633 τῶν

2194 1675 2400 1728 λοιπῶν
2427 1675 2597 1729 ἐθνῶν
2629 1675 2914 1746 ἐκλήθητε.
2959 1694 2979 1727 «
3006 1677 3148 1730 Πᾶσι
3193 1678 3305 1739 τοῖς
3337 1671 3491 1728 οὖσιν
3533 1676 3589 1726 ἐν
3631 1674 3749 1726 Ῥώ-

2199 1781 2278 1838 μῃ
2309 1766 2615 1836 ἀγαπητοῖς
2659 1766 2818 1820 Θεοῦ.
2851 1785 2870 1818 ι
2909 1767 2982 1820 Οὐ
3017 1768 3126 1835 γάρ
3161 1767 3277 1819 ἐστι
3308 1765 3440 1836 παρ’
3471 1764 3615 1835 αὐτῷ
3646 1764 3748 1818 δια·-

2197 1857 2358 1929 στολὴ
2398 1858 2653 1911 πλουσίου
2683 1857 2777 1911 καὶ
2793 1857 3044 1924 πένητος.
3072 1856 3203 1911 Εἶτα
3225 1857 3416 1927 ἐπειδὴ
3440 1850 3579 1922 εἶπε,
3618 1875 3635 1906 «
3654 1857 3748 1910 [Ii-

2199 1967 2334 2015 σιν,ι
2372 1951 2462 2004 ἴνα
2489 1950 2563 2021 μὴ
2592 1950 2809 2004 εἴπωσι.
2842 1949 2908 2004 Τί
2936 1945 3064 2017 οῦν;
3093 1950 3300 2014 πάντας
3319 1949 3607 2020 ὁμοτίμους
3632 1950 3745 2020 ἡγῇ,

2197 2041 2292 2095 καὶ
2319 2041 2557 2110 ἀγαθοὺς
2577 2041 2674 2095 καὶ
2703 2041 2962 2111 φαύλους,
2979 2043 3073 2094 καὶ
3097 2045 3321 2104 πιστοὺς
3343 2041 3442 2096 καὶ
3469 2042 3742 2105 ἀπίστουςς

2196 2132 2499 2203 ἐπισυνῆψε
2521 2145 2534 2159 ·
2570 2151 2587 2183 «
2616 2133 2847 2203 Κλητοῖς
2890 2131 3084 2200 ἁγίοις.
3117 2151 3134 2182 ι
3178 2132 3452 2195 Ἅπαντες
3500 2133 3603 2201 γὰρ
3619 2131 3744 2200 αὐτῷ

2197 2226 2244 2278 oi
2278 2225 2423 2294 ἆγιοι
2468 2225 2742 2295 ὁμότιμοι,
2776 2225 2869 2278 καὶ
2909 2225 3162 2296 διαστολὴ
3188 2224 3288 2278 οὐκ
3313 2223 3465 2277 ἐστιν
3487 2225 3543 2276 ἐν
3564 2224 3741 2286 αὐτοῖς.

2199 2318 2420 2388 Πρῶτον
2447 2317 2503 2370 δὲ
2557 2316 2640 2380 τὸ,
2673 2337 2692 2370 «
2727 2317 3056 2386 ’Λγαπητοῖς
3086 2315 3242 2378 Θεοῦ,
3268 2335 3285 2367 ι
3345 2315 3606 2378 τέθεικεν,
3645 2311 3744 2367 εἶτα

2196 2410 2278 2472 τὸ,
2320 2410 2593 2478 «Κλητοτς
2622 2409 2816 2477 ἁγίοις.
2855 2428 2872 2460 ι
2903 2408 3073 2461 Πόθεν
3123 2407 3412 2478 ὲκλήθητε,
3453 2407 3644 2475 φησίν;
3693 2407 3746 2459 ἐκ

2197 2502 2367 2556 ποίων
2397 2501 2608 2566 πόνων;
2643 2501 2706 2554 ὲκ
2735 2499 2904 2553 ποίων
2935 2497 3412 2571 κατορθωμάτωνς
3463 2497 3619 2551 πόθεν
3641 2496 3746 2549 ἐστὶ

2197 2599 2342 2667 ἆγιοι
2360 2641 2374 2663 ,
2409 2597 2522 2652 ἀλλ’
2550 2597 2582 2667 ἢ
2610 2597 2672 2649 ἐκ
2705 2595 2872 2666 μόνης
2901 2595 2996 2664 τῆς
3029 2593 3248 2663 ἀγάπης
3275 2591 3412 2646 Θεοῦ
3431 2609 3447 2658 ;
3467 2590 3630 2654 Αὐτὸς
3655 2589 3747 2659 γάρ

2195 2690 2404 2758 δωρεὰν
2441 2689 2733 2760 ἀγαπήσας
2774 2689 2940 2758 ἡμᾶς,
2985 2687 3080 2740 καὶ
3122 2685 3186 2738 τὸ
3228 2680 3366 2754 αἷμα
3418 2683 3584 2738 αὐτοῦ
3627 2683 3746 2750 ὑπὲρ

2197 2780 2354 2851 ήμῶν
2379 2777 2576 2848 ἐκχέας
2596 2817 2612 2841 ,
2649 2778 2910 2832 ἐκάλεσεν
2938 2777 3085 2847 ἡμᾶς
3107 2776 3186 2840 εἰς
3221 2776 3495 2845 άγιασμδν
3521 2773 3608 2828 καὶ
3635 2772 3745 2842 κλη-

2199 2870 2457 2942 ρονομίαν
2506 2869 2606 2937 τῆς
2659 2869 2928 2940 βασιλείας
2960 2867 3146 2921 αὐτοῦ.
3189 2865 3280 2920 Διὸ
3318 2867 3414 2919 καὶ
3468 2863 3741 2934 πανταχοῦ,

2204 2983 2222 3017 «
2250 2964 2504 3034 Κλητοῖς,
2538 2982 2556 3014 ι
2590 2963 2786 3031 λέγων,
2824 2963 2924 3033 τῆς
2965 2960 3061 3014 τοῦ
3098 2961 3234 3014 Θεοῦ
3264 2961 3414 3031 ἡμᾶς
3461 2957 3745 3028 εὐεργεσίας

2198 3051 2623 3122 ἀναμιμνήσκει.
2665 3051 2874 3119 «Χάρις
2897 3050 3077 3118 ὑμῖν.»
3115 3049 3301 3112 Οὐδεὶς
3331 3050 3465 3118 γὰρ.
3498 3049 3670 3116 φησιν,
3697 3044 3746 3108 ἐξ

2197 3142 2376 3214 ἔργων
2419 3142 2642 3196 δύναται
2686 3143 2939 3214 σωθῆναι.
2991 3142 3163 3195 «Ἀπο
3203 3141 3336 3195 Θεοῦ
3390 3141 3642 3211 Πατρός.»
3690 3139 3744 3190 Ἢ

2196 3235 2305 3306 γάρ
2334 3234 2442 3290 ἀπὸ
2475 3233 2612 3288 Θεοῦ
2664 3235 2823 3307 χάρις
2873 3236 2966 3289 καὶ
3009 3235 3197 3306 εἰρήνη
3257 3234 3318 3285 τὸ
3367 3232 3588 3302 βέσαιον
3631 3230 3743 3301 ἔχει.

2195 3328 2268 3380 Τὸ
2318 3327 2408 3391 δὲ,
2463 3346 2482 3379 «
2529 3329 2660 3382 Ἀπὸ
2689 3328 2930 3400 Πατρὸς,
2966 3346 2983 3378 ι
3023 3327 3122 3398 τὴν
3178 3325 3452 3379 υἱοθεσίαν
3506 3324 3745 3378 ἐνδείκνυ-

2191 3435 2301 3471 ται.

509 3517 566 3563 et
627 3522 728 3577 pax
789 3525 910 3579 quae
969 3525 999 3563 a
1057 3509 1169 3564 Deo
1235 3518 1355 3576 est,
1427 3511 1778 3566 stabilitatem
1851 3511 2035 3566 habet.
2101 3510 2253 3577 Quod
2327 3522 2510 3567 autem
2583 3512 2804 3567 additur
2871 3532 2889 3563 «
2942 3515 3138 3579 Patre,
3193 3533 3211 3564 ι
3274 3527 3620 3585 auopuonem
3668 3510 3746 3564 de-

509 3613 798 3660 monstrat.

580 3698 623 3761 l,
652 3697 806 3751 8-10.
853 3695 1094 3750 Primum
1136 3697 1343 3768 quidem
1393 3699 1595 3767 gratias
1647 3705 1746 3767 ago
1797 3696 1905 3750 Deo
1952 3713 2086 3759 meo.

511 3805 605 3860 per
641 3787 825 3841 Iesum
871 3787 1136 3844 Christum
1183 3804 1278 3858 pro
1316 3789 1456 3842 vobis
1503 3789 1761 3852 omnibus,
1797 3789 1918 3860 quia
1961 3787 2092 3855 ﬁdes

510 3889 683 3934 vestra
719 3881 1075 3932 annuntiatur
1115 3879 1170 3932 in
1209 3879 1451 3932 universo
1495 3879 1709 3932 mundo.
1756 3879 1919 3934 Testis
1950 3877 2090 3932 enim

511 3973 639 4026 mihi
667 3980 741 4024 est
775 3970 931 4036 Deus,
966 3987 1120 4040 quem
1148 3971 1260 4025 colo
1291 3973 1345 4025 in
1374 3972 1563 4041 spiritu
1595 3987 1728 4033 meo,
1753 3971 1810 4024 in
1845 3969 2090 4040 Evange-

513 4063 584 4117 lio
611 4063 734 4117 Filii
759 4063 892 4133 ejus,
925 4063 1063 4134 quod
1089 4063 1446 4117 indesinenter
1475 4064 1789 4117 mentionem
1825 4063 1979 4117 vestri
2010 4063 2093 4132 [α-

509 4158 650 4210 ciam
692 4171 710 4210 :
744 4172 951 4222 semper
980 4156 1035 4209 in
1069 4157 1306 4226 precibus
1340 4157 1468 4210 meis
1500 4172 1658 4210 orans
1702 4157 1747 4210 si
1793 4172 1894 4226 quo
1935 4155 2089 4208 modo

500 4247 621 4317 jam
645 4247 858 4300 tandem
882 4263 1189 4318 prosperum
1215 4248 1342 4300 mihi
1365 4247 1634 4317 contingat
1657 4247 1760 4299 iter
1783 4261 1878 4316 per
1899 4245 2090 4300 volun-

509 4348 675 4395 tatem
710 4337 806 4392 Dei
835 4339 1076 4392 veniendi
1101 4344 1170 4392 ad
1191 4355 1302 4394 eos.

579 4517 838 4588 Oportuit
878 4520 1027 4574 enim
1070 4536 1098 4574 a
1148 4519 1446 4590 gratiarum
1494 4521 1711 4576 actione
1756 4523 2086 4590 prooemium
2121 4507 2165 4561 Ὀ

509 4623 812 4674 assumere,
852 4619 908 4663 et
953 4609 1158 4679 gratias
1200 4625 1384 4680 agere,
1425 4624 1535 4664 non
1579 4626 1680 4680 pro
1723 4612 1838 4667 suis
1879 4622 2089 4666 tantum

509 4700 833 4763 virtutibus,
865 4715 1057 4754 verum
1093 4700 1261 4753 etiam
1307 4715 1405 4769 pro
1441 4701 1524 4755 his
1555 4717 1676 4771 qua:
1709 4703 2088 4772 proximorum

510 4804 640 4850 sunt
668 4811 680 4847 :
714 4811 839 4848 nam
874 4796 924 4848 id
955 4795 1241 4848 charitatis
1265 4804 1369 4849 est.
1402 4814 1420 4846 «
1450 4796 1560 4850 Deo
1593 4811 1735 4851 meo.
1770 4816 1787 4848 ι
1824 4797 2088 4853 Dilectio-

509 4886 598 4941 nis
625 4895 681 4940 et
707 4887 912 4940 amoris
940 4885 1204 4940 indicium
1235 4895 1350 4949 est;
1388 4902 1512 4940 nam
1550 4903 1676 4942 eum
1733 4889 1828 4958 qui
1858 4899 2088 4944 cuncto-

509 4993 631 5034 rum
671 4979 818 5034 Dens
852 4987 939 5031 est
975 4977 1076 5033 sibi
1119 4978 1401 5048 propatnm
1443 4979 1590 5032 facit.
1623 4997 1641 5030 ι
1667 4979 1774 5034 Per
1811 4980 2024 5035 Iesum.
2061 5002 2078 5032 ι

511 5071 631 5140 Ipse
679 5069 902 5140 quidem
947 5069 1106 5124 nobis
1151 5085 1313 5124 causa
1360 5078 1448 5124 est
1497 5070 1798 5140 gratiarum
1846 5072 2086 5127 actionis

509 5177 637 5231 erga
673 5160 889 5214 Patrem
936 5176 950 5211 :
999 5159 1094 5229 qui
1145 5170 1201 5214 et
1244 5175 1346 5215 nos
1390 5162 1685 5230 assumpsit
1723 5170 1779 5216 et
1818 5178 1919 5216 suo
1958 5179 2086 5217 san-

509 5252 674 5320 guine
716 5266 818 5305 nos
855 5250 931 5304 illi
972 5250 1370 5305 reconciliavit.
1417 5269 1436 5302 «
1471 5250 1607 5316 Quia
1646 5251 1782 5307 fides
1819 5262 2022 5308 vestra.
2064 5273 2082 5303 ι

513 5339 825 5395 Verisimile
859 5339 1004 5393 enim
1035 5347 1152 5394 erat
1182 5338 1325 5408 apud
1357 5354 1548 5394 omnes
1585 5341 1784 5408 passim
1815 5340 2086 5411 divulgari

511 5429 672 5484 fidem
703 5429 1094 5483 Romanorum.
1133 5447 1150 5480 ι
1182 5428 1360 5483 Testis
1383 5429 1584 5484 enim.»
1618 5429 1812 5485 Merito
1839 5431 2006 5485 Deum
2034 5431 2087 5484 in

511 5513 706 5574 testem
737 5519 990 5583 adducit,
1027 5534 1153 5574 cum
1204 5519 1534 5588 persuadere
1569 5521 1733 5574 vellet
1775 5520 2092 5575 hominibus

509 5612 714 5680 quibus
759 5610 978 5665 didieile
1028 5621 1175 5666 esset
1229 5612 1390 5683 205
1439 5613 1793 5683 persuadere.
1855 5630 1873 5662 «
1915 5611 2087 5678 Quem

509 5706 653 5760 colo.
688 5726 704 5754 ι
747 5704 859 5759 lloc
889 5705 1098 5770 est,cui
1133 5706 1336 5760 servio.
1380 5705 1558 5760 Multa:
1595 5713 1723 5759 sunt
1754 5713 1935 5758 autem
1969 5704 2087 5757 cnl-

510 5807 598 5851 tus
628 5797 858 5866 species.
899 5797 1181 5867 Siquidem
1212 5806 1267 5853 ct
1299 5798 1392 5868 qui
1428 5805 1705 5867 precatur,
1737 5803 1790 5850 et
1818 5795 1910 5864 qui
1939 5794 2085 5864 jeju-

2269 3697 2509 3766 Πρῶτον
2530 3699 2648 3768 μὲν
2675 3697 3011 3767 εὐχαριστῶ
3030 3698 3112 3764 τῷ
3143 3698 3264 3765 Θεῷ
3289 3717 3411 3768 μου
3441 3701 3538 3754 διὰ
3568 3697 3744 3766 Ἰησοῦ

2197 3790 2454 3858 Χριστοῦ
2484 3790 2640 3860 ὑπὲρ
2679 3789 2923 3844 πάντων
2949 3789 3136 3860 ὑμῶν,
3167 3791 3257 3844 ὅτι
3288 3793 3327 3860 ἡ
3376 3795 3580 3859 πίστις
3604 3789 3746 3860 ὑμῶν

2197 3879 2661 3950 καταγγέλλεται
2697 3881 2768 3934 ἐν
2819 3880 2941 3948 ὅλῳ
2977 3880 3056 3945 τῷ
3092 3881 3318 3950 κόσμῳ.
3375 3881 3614 3950 Μάρτυς
3653 3878 3744 3949 γάρ

2193 3970 2314 4038 μού
2339 3970 2513 4024 ἐστιν
2544 3973 2577 4024 ό
2621 3971 2784 4036 Θεὸς,
2815 3964 2864 4038 ᾧ
2909 3972 3175 4039 ,λατρεύω
3211 3962 3294 4025 ’ἐν
3342 3971 3425 4038 τῷ
3482 3969 3746 4040 πνεύματί

2191 4078 2332 4129 μου,
2373 4061 2443 4114 ἐν
2476 4061 2556 4126 τῷ
2586 4063 2929 4130 Εὐαγγε.1[‹ρ
2965 4062 3074 4116 τοῦ
3095 4062 3232 4117 Υίοῦ
3257 4065 3470 4128 αὐτοῦ,
3498 4065 3574 4130 ὠς
3597 4063 3740 4117 ἀδια-

2193 4154 2450 4217 λείπτως
2465 4153 2683 4220 μνείαν
2705 4151 2874 4220 ὑμῶν
2898 4153 3176 4219 ποιοῦμαι
3201 4170 3214 4182 ⁸
3250 4154 3509 4208 πάντοτε
3529 4153 3620 4207 ἐπί
3645 4149 3744 4207 τῶν⁹

2195 4241 2556 4311 προσευχῶν
2576 4259 2696 4310 μου
2731 4242 3010 4311 δεόμενος
3043 4243 3225 4308 εῑπως
3251 4243 3366 4312 ἤδη
3397 4243 3544 4298 ποτὲ
3559 4241 3744 4298 εὐοδω-

2195 4334 2451 4403 θήσομαι
2497 4333 2567 4387 ἐν
2610 4333 2691 4400 τῷ
2722 4335 3003 4403 θελήματι
3043 4335 3144 4388 τοῦ
3185 4335 3333 4389 Θεοῦ
3375 4336 3575 4390 ἐλθεῖν
3616 4333 3744 4399 πρὸς

2195 4424 2374 4495 ὑμᾶς.

2271 4517 2418 4570 Ἔδει
2478 4517 2588 4587 γὰρ
2631 4516 2690 4583 ἐξ
2733 4518 3083 4588 εὐχαριστίας
3122 4520 3616 4591 προοιμιάσασθαι,
3666 4516 3739 4568 εὐ-

2196 4609 2477 4679 χαριστεῖν
2510 4607 2588 4672 δὲ,
2629 4609 2689 4661 οὐ
2735 4609 2894 4678 μόνον
2920 4611 3062 4682 ὑπὲρ
3096 4613 3206 4664 τῶν
3233 4612 3381 4665 ἰδίων
3407 4608 3740 4681 κατορθωμά-

2196 4719 2323 4768 των,
2353 4703 2491 4756 ἀλλά
2539 4704 2633 4756 καὶ
2681 4703 2822 4772 ὑπὲρ
2863 4703 2972 4754 τῶν
3005 4703 3099 4755 τοῦ
3155 4703 3406 4775 πλησίον.
3454 4704 3616 4758 Τοῦτο
3652 4703 3742 4769 γὰρ

2195 4794 2436 4864 ἀγάπης.
2494 4795 2627 4865 «Τῷ
2674 4795 2794 4865 Θεῷ
2858 4812 3013 4865 μου.»
3070 4796 3317 4866 Ἀγάπης
3374 4799 3610 4868 σημεῖον.
3656 4793 3742 4845 Τὸν

2194 4887 2304 4954 γὰρ
2329 4884 2584 4939 ἁπάντων
2629 4884 2761 4938 Θεὸν
2804 4885 3158 4940 ίδιοποιεῖται.
3201 4887 3342 4941 «Διὰ
3384 4886 3608 4957 Ἰησοῦ..
3649 4882 3742 4937 Ab-

2194 4978 2286 5038 τὸς
2314 4976 2422 5047 γάρ
2463 4977 2595 5047 ἡμῖν
2623 4975 2794 5040 αἴτιος
2814 4976 2912 5046 τῆς
2941 4977 3019 5040 είς
3043 4977 3134 5030 τὸν
3157 4979 3378 5049 Πατέρα
3401 4975 3740 5048 εὐχαριστίας,

2195 5067 2223 5118 ὁ
2257 5067 2350 5117 καὶ
2382 5065 2820 5134 προσλαᾶῦμενος
2851 5068 3018 5136 ἡμᾶς,
3045 5067 3234 5139 καὶτῷ
3268 5068 3384 5138 ίδίῳ
3406 5069 3593 5140 αἵματι
3625 5063 3740 5134 πρὸς
3833 5051 3843 5067 ’

2196 5157 2370 5209 ἐκεῖνο
2399 5157 2763 5220 χαταλλάξας.
2813 5159 2967 5212 «Ὅτι
2993 5160 3025 5228 ἡ
3058 5159 3242 5222 πίστις
3271 5159 3478 5230 ὑμῶν.»
3518 5159 3620 5230 Τὴν
3647 5158 3739 5224 γὰρ

2194 5247 2304 5299 τῶν
2356 5248 2644 5316 Ῥωμαίων
2685 5248 2868 5301 πίστιν
2919 5249 3016 5302 οὐκ
3064 5251 3293 5315 ἀπεικὸς
3362 5248 3430 5323 ἦν
3490 5248 3738 5303 λαλεῖσθαι

2197 5334 2350 5404 παρά
2397 5335 2635 5388 πάντων.
2697 5336 2951 5404 «Μάρτυς
3008 5339 3170 5408 γάρ.»
3219 5340 3455 5404 Είκότως
3495 5339 3584 5393 τὸν
3628 5336 3740 5390 Θεὸν

2195 5427 2318 5494 ἄγει
2348 5426 2621 5497 μάρτυρα,
2649 5428 2956 5493 ἀγνώστους
2983 5429 3304 5500 ἀνθρώπους
3351 5433 3554 5486 πείθειν
3575 5427 3738 5501 βουλό·

2196 5535 2377 5589 μενος.
2432 5537 2450 5570 «
2476 5512 2546 5589 ᾯ
2588 5519 2852 5588 λατρεύω.
2885 5541 2902 5572 ι
2933 5516 3080 5586 Οἷον,
3121 5523 3376 5578 δουλεύω.
3441 5523 3606 5578 Πολλά
3644 5521 3736 5588 γὰρ

2194 5612 2307 5679 είδη
2337 5611 2612 5682 λατρείας.
2648 5612 2754 5663 Καὶ
2801 5613 2908 5683 γὰρ
2943 5617 3036 5667 καὶ
3064 5616 3093 5668 ὁ
3125 5619 3574 5687 προσευχόμενος,
3607 5613 3689 5666 καὶ
3711 5612 3736 5662 ό

2193 5703 2414 5771 νηστείᾳ
2446 5699 2746 5771 χρώμενος,
2769 5701 2863 5756 καὶ
2883 5703 3033 5767 ὸτοῖς
3057 5705 3223 5769 θείοις
3248 5707 3429 5774 λόγοις
3452 5704 3730 5776 προσέχων.

2193 5796 2286 5845 καὶ
2351 5794 2529 5862 μέντοι
2569 5795 2661 5846 καὶ
2708 5795 2736 5846 ό
2768 5796 2866 5862 τῆς
2910 5795 3016 5848 τῶν
3049 5795 3214 5860 ξένων
3247 5798 3538 5870 θεραπείας
3569 5799 3733 5860 ἐπιμε-
