3978 6556
304 384 423 453 329
1387 386 1777 449 COMMENT.
1814 386 1893 448 IN
1928 384 2170 447 EPlST.
2203 386 2304 446 AD
2344 380 2528 446 ROM.
3469 367 3600 448 .330

307 497 607 569 λούμενος,
639 496 762 571 Θεῷ
790 496 1067 570 λατρεύει.
1113 495 1175 554 Ὀ
1221 495 1278 552 δέ
1323 515 1386 567 γε
1411 499 1554 564 Gaio;
1587 499 1906 564 Ἀπόστολος

2032 498 2107 552 tio
2135 513 2338 568 corpus
2368 495 2577 568 afﬂigit,
2620 503 2677 551 et
2719 492 2814 566 qui
2852 492 3057 550 divinis
3097 474 3338 550 mentem
3370 492 3601 551 adhibet

309 590 607 661 λατρεύειν
656 590 828 662 ἔφησε
870 590 1010 662 Θεῷ,
1043 590 1103 644 τδ
1134 590 1230 645 τοῦ
1274 590 1409 645 Υἱοῦ
1440 593 1766 664 προσφέρων
1793 593 1905 657 τοῖς

2032 590 2390 657 sermonibus,
2435 598 2701 661 praeterea
2731 598 2786 643 et
2818 587 2912 659 qui
2949 588 3243 643 ministerii
3282 588 3604 661 peregrino-

312 683 534 735 ἔθνεσιν
562 683 918 751 Εὑαγγὲλιον.
967 682 1076 734 Kal.
1103 681 1386 752 λατρεύειν
1413 683 1470 735 ὲν
1500 681 1578 754 τῷ
1613 683 1903 755 πνεύματι,

2015 699 2138 738 rum
2185 698 2376 738 curam
2420 683 2584 753 gerit,
2633 681 2724 736 hic
2775 682 2949 736 Deum
2997 682 3150 736 colit.
3210 681 3379 737 Divus
3416 690 3601 735 autem

310 775 600 828 τουτέστιν
629 775 687 826 ἐν
712 773 790 843 τῷ
821 773 1087 845 διδομένῳ
1115 773 1436 844 χαρίσματι.
1472 772 1564 839 Ἢ,
1591 777 1675 829 ὅτι
1722 775 1797 829 Οὑ
1838 778 1904 848 τῇ

2032 776 2314 847 \postolus
2345 775 2517 830 Deum
2554 790 2610 830 se
2643 775 2826 830 coli-re
2864 775 3024 840 dixit,
3061 774 3208 845 quod
3243 774 3603 846 Evangelium

313 867 430 935 ἐμῇ
458 866 662 936 σπουδῇ
709 865 922 936 ὑπῆρξὲ
965 882 1054 935 μοι
1088 866 1148 919 τὸ
1176 865 1461 938 λατρεύειν
1497 864 1638 939 Θεῷ,
1671 866 1806 921 ἀλλὰ
1838 870 1906 940 τῇ

313 958 415 1010 τοῦ
448 956 763 1028 Πνεύματος
787 958 991 1029 χάριτι.
1031 959 1123 1021 Ἦ,
1149 959 1231 1012 ὅτι
1256 960 1329 1012 Οὐ
1358 961 1593 1031 σαρκική
1630 959 1732 1030 μού
1760 960 1910 1013 ἐστιν

316 1051 353 1120 ἡ
388 1050 640 1120 λατρεία,
694 1051 830 1104 ἀλλὰ
880 1052 1253 1123 πνευματική.
1296 1051 1391 1104 Ἐκ
1436 1050 1627 1105 τούτου
1667 1050 1909 1105 δείκνυσι

316 1142 471 1197 κατὰ
519 1144 579 1196 τὸ
619 1145 916 1212 ἀναγκαῖον
963 1145 1245 1215 μεριμνῶν
1296 1144 1437 1218 ὑπὲρ
1473 1144 1674 1212 αὑτῶν,
1702 1144 1779 1208 ὡς
1819 1144 1912 1197 τὸν

314 1235 486 1306 λόγον
514 1236 846 1307 δεξαμένων,
885 1237 982 1289 καὶ
1012 1237 1266 1309 δέχεσθαι
1312 1235 1635 1307 μελλόντων.
1668 1255 1686 1286 ι
1709 1236 1797 1289 Ἐν
1834 1234 1912 1306 τῷ

316 1327 652 1401 Εὑαγγελξῳ
680 1329 775 1382 τοῦ
810 1328 944 1382 Υῖοῦ
981 1329 1169 1384 αὑτοῦ.
1199 1345 1217 1381 ›
1264 1330 1430 1401 Ὁρᾷς
1456 1328 1538 1383 ὅτι
1573 1327 1687 1382 ἄνω
1718 1327 1908 1394 εἰπὼν,

315 1422 407 1483 εἰς
459 1420 792 1489 Εὑαγγέλιον
846 1418 1006 1484 Θεοῦ,
1055 1418 1150 1473 τοῦ
1200 1416 1440 1491 Χριστοῦ
1494 1416 1715 1486 ἔλεγεν;
1770 1434 1790 1468 ι
1822 1416 1913 1479 Ὠς

315 1512 759 1576 ἁδιαλεῖπτως,›
817 1512 913 1566 καὶ
961 1512 1029 1565 τὰ
1082 1509 1229 1582 ἑξῆς.
1290 1509 1537 1580 ’Δγάπης
1583 1506 1913 1580 εἰλικρινοῦς

316 1605 385 1658 τὸ
457 1605 552 1658 καὶ
605 1605 940 1677 μεμνῆσθαι,
977 1605 1072 1658 καὶ
1114 1603 1478 1667 ἀδιαλείπτως
1513 1602 1674 1656 τοῦτο
1717 1605 1913 1669 ποιεῖν,

320 1697 423 1751 καὶ
461 1698 695 1768 μάλιστα
718 1699 775 1750 ὲν
806 1699 1159 1769 προσευχαῖς.
1191 1714 1209 1747 ι
1231 1695 1497 1765 Δεόμενος
1520 1694 1574 1747 εἴ
1588 1710 1757 1759 πως.)
1802 1695 1914 1748 Καὶ

319 1789 441 1859 γὰρ
474 1789 648 1841 ἐλθεῖν
694 1788 980 1859 ἠπείγετο,
1020 1788 1114 1841 καὶ
1145 1786 1295 1858 παρὰ
1320 1786 1381 1839 τὸ
1403 1784 1617 1856 θέλημα
1653 1783 1746 1837 τοῦ
1777 1782 1913 1838 Θεοῦ

2015 868 2138 923 Filii
2181 867 2356 943 ipsius
2382 867 2642 939 gentibus
2671 866 2998 937 prgcdicaret
3036 883 3049 918 :
3090 875 3146 921 et
3183 866 3367 921 colere
3399 868 3453 920 in
3487 867 3602 938 spi-

2019 962 2150 1027 ritu,
2182 960 2290 1017 hoc
2323 969 2408 1015 est
2440 962 2492 1014 in
2527 960 2654 1014 dato
2682 959 2787 1015 sibi
2821 960 2989 1015 dono.
3017 959 3138 1024 Vel,
3181 959 3299 1014 Non
3336 974 3482 1023 meo,
3522 959 3610 1013 in-‘

2018 1050 2160 1121 quit,
2199 1059 2402 1105 conatu
2449 1049 2682 1120 contigit
2724 1049 2854 1103 mihi
2902 1050 3073 1104 Deum
3121 1049 3324 1114 colere,
3367 1046 3463 1103 sed
3511 1065 3611 1119 per

2021 1143 2251 1215 gratiam
2274 1142 2532 1213 Spiritus.
2561 1144 2669 1198 Aut
2705 1142 2810 1198 hoc
2835 1142 2969 1197 dicit
3000 1158 3013 1194 :
3044 1141 3162 1197 Non
3199 1141 3333 1196 mihi
3370 1141 3610 1196 carnalis

2020 1236 2206 1292 cultus
2232 1245 2338 1303 est,
2365 1237 2460 1291 sed
2491 1235 2816 1307 spiritualis.
2851 1235 2919 1291 Et
2946 1252 3014 1292 ex
3048 1237 3153 1292 hoc
3183 1234 3430 1292 ostendit
3456 1234 3609 1306 quod

2020 1330 2336 1386 necessario
2370 1347 2557 1386 curam
2606 1331 2829 1385 illorum
2876 1328 3095 1392 habeat.
3138 1338 3198 1386 ut
3240 1330 3335 1402 qui
3375 1330 3607 1385 verbum

2022 1426 2400 1495 suscepissent
2438 1424 2865 1494 suscepturique
2900 1432 3105 1480 essent.
3146 1442 3164 1474 ι
3206 1423 3265 1478 In
3310 1422 3609 1494 Evangelio

2022 1515 2145 1571 Filii
2170 1518 2308 1588 ejus.
2333 1536 2351 1568 ι
2376 1514 2543 1571 Vides
2563 1514 2710 1587 quod
2743 1515 2799 1570 in
2833 1514 3274 1586 praaeedentibus
3304 1529 3427 1569 cum
3459 1513 3613 1569 dice-

2022 1620 2108 1665 rct
2146 1627 2159 1663 :
2217 1629 2235 1662 ι
2277 1611 2335 1665 ln
2383 1608 2740 1681 Evangelium
2789 1608 2908 1674 Dei,
2952 1627 2970 1660 ι
3027 1608 3231 1663 dixerit
3279 1606 3612 1663 Christum?

2031 1722 2048 1755 ι
2081 1703 2239 1770 Quod
2273 1703 2676 1767 indesinenter,
2716 1722 2735 1755 ι
2774 1712 2883 1758 etc.
2916 1702 3159 1760 Sincera;
3186 1700 3472 1757 cbaritatis
3502 1707 3610 1765 est,

2021 1809 2078 1852 et
2107 1797 2442 1852 mentionem
2480 1796 2684 1863 facere,
2715 1804 2772 1852 et
2803 1811 3021 1866 semper
3057 1795 3161 1849 hoc
3194 1793 3375 1849 facere
3395 1835 3410 1861 ,
3447 1791 3614 1863 idque

318 1882 493 1935 τοῦτο
524 1881 731 1953 πρᾶξαι
783 1882 884 1935 οὐκ
930 1880 1203 1935 ἐϐούλετο.
1229 1880 1303 1932 Τὸ
1335 1877 1414 1946 δὲ,
1459 1878 1560 1950 ήδη
1602 1877 1755 1944 ποτὲ,
1797 1878 1920 1932 ἀντὶ

2032 1889 2260 1943 maxime
2302 1888 2355 1943 in
2395 1888 2829 1959 precationibus.
2876 1908 2894 1940 ι
2929 1888 3108 1944 Orans
3138 1887 3183 1943 si
3216 1901 3325 1957 quo
3368 1885 3555 1941 modo.
3585 1902 3606 1936 ι

319 1974 467 2042 τοῦ,
525 1975 624 2045 ὀψέ
659 1992 813 2029 ποτε.
840 1976 1017 2047 Ὅπερ
1088 1974 1208 2028 ἐστὶ
1271 1972 1481 2047 σφόδρα
1532 1971 1915 2044 ἐπειγομένου.

324 2086 348 2119 ι
383 2068 847 2140 Εὑωδωθήσομαι.
885 2087 905 2121 ι
945 2067 1233 2136 Εὑκολίαν,
1266 2067 1420 2140 φησὶ,
1460 2065 1671 2139 σχοίην,
1704 2067 1796 2121 καὶ
1822 2066 1917 2120 ἐπὶ

320 2159 482 2228 καλῷ
514 2160 611 2231 τὴν
643 2162 782 2232 πρὸς
812 2161 957 2232 ὑμᾶς
991 2161 1126 2215 ὁδόν.

2021 1979 2240 2034 Etenim
2276 1980 2550 2050 proticisci
2586 1979 2939 2050 properabat,
2971 1987 3023 2033 et
3068 1988 3267 2049 prmter
3299 1977 3396 2033 Dei
3423 1976 3617 2031 vol'un-

2025 2082 2195 2130 tatem
2234 2072 2289 2128 id
2321 2074 2505 2129 l'acere
2549 2074 2794 2128 nolebat.
2840 2071 2980 2129 Illud
3013 2087 3169 2139 vero,
3208 2072 3329 2127 .lam
3366 2068 3612 2131 tandem,

2024 2163 2130 2219 hoc
2167 2172 2254 2220 est
2287 2179 2413 2220 sero
2494 2163 2745 2229 tandem,
2779 2162 3141 2218 vehementer
3184 2159 3531 2232 properantis
3558 2173 3620 2233 et

320 2255 577 2322 aptantis
616 2262 720 2308 est.
764 2273 783 2307 ι
824 2256 1161 2325 Prosperum
1210 2254 1346 2310 mihi
1395 2254 1682 2326 contingat
1726 2253 1854 2310 iter.
1893 2275 1911 2306 ι
1959 2256 2325 2327 Facilitatem,
2350 2257 2552 2331 inquit,
2586 2258 2843 2326 habeam,
2875 2262 2933 2313 et
2960 2255 3028 2313 ad
3090 2255 3255 2311 linem
3320 2255 3618 2311 honestum

319 2349 440 2404 iter
473 2347 543 2402 ad
574 2364 692 2403 vos.

415 2446 711 2501 Ἐπιποοῶ
750 2448 861 2518 γὰρ
907 2448 1057 2504 ἰδεῖν
1084 2448 1261 2519 ὑμᾶς,
1291 2450 1393 2505 ἵνα
1416 2467 1471 2504 τι
1491 2448 1726 2522 μεταδῶ
1741 2450 1908 2522 χάρι-

321 2555 458 2610 σμα
485 2540 630 2610 ὑμῖν
644 2541 1076 2611 πνευματικὸν,
1105 2545 1195 2609 εις
1214 2544 1281 2597 τὸ
1311 2541 1709 2612 στηριχθῆναι
1734 2541 1887 2615 ὑμᾶς
1904 2558 1920 2579 ⁸

320 2632 511 2687 τοῦτο
564 2634 633 2688 δέ
676 2635 834 2698 ἐστι.
881 2634 1473 2705 συμπαρακληθῆναι
1526 2636 1601 2689 ἐν
1649 2635 1794 2707 ὑμῖν
1824 2635 1924 2692 διὰ

322 2726 447 2795 τῆς
493 2727 565 2780 ἐν
606 2727 901 2796 ἀλλήλοις
974 2728 1255 2794 πίστεως,
1320 2725 1490 2797 ὑμῶν
1525 2744 1590 2782 τε
1623 2726 1723 2782 καὶ
1750 2726 1921 2798 ἐμοῦ.

404 2819 521 2888 Οὐχ
549 2819 735 2884 ἁπλῶς
757 2821 835 2885 δὲ,
856 2821 1015 2893 φησὶ,
1041 2820 1137 2875 καὶ
1154 2822 1426 2891 ἀνονήτως
1448 2820 1575 2875 ἰδεῖν
1597 2821 1740 2890 ὑμᾶς
1760 2838 1924 2876 σπου-

322 2909 503 2976 ϐάζω,
526 2910 641 2964 ἀλλ’
676 2909 819 2965 ὥστε
848 2913 1099 2984 χάρισμα
1134 2909 1479 2984 μεταδοῦναι.
1507 2911 1673 2980 Λέγει
1711 2912 1769 2965 δὲ
1819 2909 1919 2984 τὴν

322 3000 556 3072 διδαχὴν
582 3004 678 3056 καὶ
709 3004 810 3075 τὴν
840 3006 1171 3075 κατήχησιν.
1197 3004 1370 3058 Τοῦτο
1393 3004 1500 3075 γὰρ
1528 3004 1589 3058 τὸ
1623 3004 1921 3077 στηριχθῆ-

325 3111 448 3160 ναι,
471 3095 549 3159 ὡς
580 3096 750 3163 εἰκὸς,
767 3098 954 3170 ἀκμὴν
974 3096 1356 3167 σαλευομένων
1382 3096 1584 3152 αὐτῶν.
1614 3098 1687 3151 Τὸ
1704 3099 1761 3153 δὲ
1781 3118 1800 3150 ι
1833 3098 1921 3152 ἵνα

2086 2457 2129 2518 1.
2155 2457 2180 2511 1
2198 2457 2243 2525 1,
2272 2457 2355 2513 12.
2372 2455 2619 2512 Desidere
2635 2456 2776 2510 enim
2793 2453 2966 2511 videre
2986 2469 3096 2519 vos,
3114 2460 3173 2506 ut
3185 2449 3388 2522 aliquid
3403 2448 3618 2506 tradam

2029 2551 2170 2606 vobis
2182 2552 2373 2623 gratim
2387 2550 2711 2624 spiritualis,
2731 2550 2803 2605 ad
2819 2547 3244 2619 conﬁrmandum
3262 2562 3350 2602 vos
3368 2562 3385 2600 :
3402 2546 3497 2603 hoc
3516 2551 3617 2612 est,

2030 2650 2089 2696 ut
2134 2639 2299 2696 simul
2333 2640 2751 2697 consolationem
2785 2640 3047 2710 accipiam
3080 2639 3137 2693 in
3178 2637 3319 2693 vobis
3358 2653 3453 2709 per
3500 2652 3621 2693 mu-

2030 2744 2181 2790 tuam
2204 2733 2366 2803 ﬁdem
2392 2742 2622 2789 vestram
2643 2730 2806 2788 simul
2832 2738 2881 2785 et
2920 2747 3115 2785 meam.

2100 2826 2223 2881 Non
2253 2824 2488 2897 vulgari,
2529 2824 2733 2896 inquit,
2785 2823 2952 2879 modo
2968 2833 3024 2878 et
3054 2822 3177 2878 sine
3209 2820 3395 2877 fructu
3428 2820 3621 2877 videre

2027 2933 2127 2974 vos
2171 2916 2359 2989 cupio,
2410 2915 2507 2973 sed
2558 2925 2617 2971 ut
2669 2915 2898 2987 gratiam
2952 2913 3190 2968 tradam.
3243 2913 3387 2968 Dicit
3429 2918 3619 2967 autem

2028 3010 2337 3066 doctrinam
2365 3018 2420 3065 et
2443 3008 2870 3064 institutionem.
2887 3006 3023 3062 Nam
3042 3005 3149 3060 hoc
3165 3011 3251 3060 est
3275 3002 3618 3073 confirmari,

2032 3109 2093 3156 ut
2153 3100 2455 3157 verisimile
2503 3099 2673 3156 fuerit
2713 3099 2863 3169 ipsos
2923 3096 3281 3153 vehementer
3323 3094 3617 3153 ﬂuctuare.

327 3203 409 3249 τι,
437 3204 459 3238 ι
504 3188 883 3258 μετριάζοντός
907 3190 1078 3256 ἐστιν,
1100 3187 1233 3242 ὡσεὶ
1262 3183 1440 3257 εἶπεν,
1468 3188 1583 3244 Ἵνα
1616 3188 1814 3260 μικρόν
1842 3205 1918 3242 τι.

2032 3192 2169 3249 lllud
2192 3208 2326 3249 vero
2351 3232 2365 3256 ,
2395 3211 2414 3244 ι
2451 3201 2513 3248 ιιι
2546 3189 2780 3261 aliquid,
2823 3206 2841 3242 ι
2865 3188 3102 3246 modesti
3126 3188 3297 3263 animi
3341 3195 3447 3255 est,
3477 3204 3541 3243 ac
3568 3187 3619 3243 si

329 3277 415 3333 Τὸ
440 3278 501 3331 δὲ
534 3298 553 3331 ι
586 3280 820 3335 Μεταδῶ
854 3299 873 3334 ι
906 3281 1078 3352 δηλοῖ,
1101 3283 1183 3336 ὅτι
1215 3281 1332 3335 Οὑκ
1362 3282 1496 3351 ἐμόν
1523 3300 1575 3334 τι
1602 3281 1784 3347 δώσω,
1808 3278 1924 3334 ἀλλ’

2029 3282 2306 3341 dicatzUt
2334 3282 2615 3337 modicum
2644 3280 2948 3351 quippiam.
3008 3279 3167 3348 Quod
3219 3287 3406 3335 autem
3463 3279 3619 3334 addit

330 3384 477 3440 amp
504 3370 599 3423 καὶ
626 3369 741 3438 ἐγὼ
764 3370 978 3426 ἔλαϐον.
1017 3391 1037 3424 ι
1077 3373 1170 3435 Εἰς
1208 3372 1270 3425 τὸ
1300 3372 1659 3442 στηριχθῆναι
1698 3374 1865 3444 ὑμᾶς.
1897 3391 1918 3425 ι

2032 3375 2267 3447 μεταδῶ,
2333 3394 2351 3426 ι
2392 3373 2652 3442 Τιόύωο,
2688 3393 2706 3426 ι
2734 3373 3032 3446 signiﬁcat.
3059 3372 3209 3430 Nihil
3241 3374 3390 3444 quod
3429 3389 3617 3429 meum

330 3457 417 3513 Οὐ
447 3461 558 3531 γὰρ
613 3463 811 3533 μικρὸν
849 3463 1116 3534 χάρισμα,
1152 3463 1214 3517 τὸ
1259 3464 1337 3534 μὴ
1383 3463 1705 3520 σαλεύεσθαι
1730 3468 1798 3538 τῇ
1832 3467 1924 3521 πῖ-

2032 3467 2101 3525 sit
2126 3467 2293 3536 dabo,
2331 3467 2426 3523 sed
2456 3467 2606 3538 quod
2653 3476 2710 3522 et
2731 3482 2836 3538 ego
2872 3465 3084 3537 accepi.
3122 3486 3140 3520 ι
3177 3466 3258 3521 Ad
3288 3467 3619 3522 conﬁrman-

333 3569 477 3606 στει.
545 3572 564 3605 ε
622 3554 1191 3626 Συμπαρακληθῆναι.
1258 3574 1276 3608 t
1343 3556 1561 3627 Ἐπειδὴ
1620 3560 1924 3631 στηριγμοῦ

2032 3560 2162 3617 dum
2189 3575 2307 3617 vos.
2354 3579 2373 3612 ι
2409 3560 2603 3631 Neque
2636 3561 2784 3616 enim
2842 3575 3075 3632 parvum
3118 3559 3328 3615 donum
3373 3568 3459 3615 est
3506 3577 3617 3627 non

332 3645 610 3717 ἐμνήσθη,
648 3647 735 3701 ἵνα
770 3648 846 3719 μὴ
876 3648 1097 3722 λυπήσῃ
1125 3648 1321 3712 αὐτοὺς
1362 3648 1438 3713 ὼς
1473 3648 1554 3703 ὅτι
1581 3650 1923 3718 σαλεύονται,

2032 3654 2298 3711 ﬂuctuare
2326 3653 2384 3709 in
2435 3652 2569 3710 ﬁde.
2607 3674 2626 3706 ι
2660 3654 2732 3711 Ut
2779 3653 2944 3709 simul
2981 3654 3421 3709 consolationem
3469 3655 3618 3709 acci-

332 3740 537 3808 ἑπάγει
588 3739 673 3794 τό·
706 3759 726 3792 ι
755 3741 1326 3812 Συμπαρακληθῆναι,
1360 3759 1380 3793 ι
1414 3741 1692 3796 τουτέστιν
1723 3742 1811 3798 ἶνα
1832 3745 1924 3800 καὶ

2032 3750 2197 3820 piam.
2245 3768 2263 3801 ι
2336 3750 2635 3820 Postquam
2701 3747 3141 3804 conﬁrmationis
3208 3750 3482 3814 meminit,
3550 3765 3619 3804 ne

332 3832 451 3902 ἐγὼ
479 3833 647 3904 ὑμᾶς,
672 3833 770 3887 καὶ
833 3833 992 3904 ὑμεῖς
1037 3835 1138 3905 ἐμὲ
1189 3833 1636 3906 παρακαλέσητε.
1673 3834 1785 3906 Τῆς
1818 3836 1924 3910 γὰρ

2032 3843 2325 3899 contristet
2381 3859 2480 3900 eos
2525 3842 2683 3914 quasi
2736 3842 3009 3899 ﬂuctuare
3053 3843 3336 3907 dicantur,
3388 3843 3616 3898 subdit:

330 3925 606 3996 ἀλλήλων,
634 3926 791 4000 φησὶ,
825 3925 1059 3997 δεόμεθα
1088 3926 1514 3999 παρακλήσεως,
1532 3926 1621 3980 διὰ
1643 3926 1745 3999 τῆς
1775 3928 1929 3983 ἑνού-

334 4035 438 4090 aq;
470 4018 605 4089 ἡμῖν
635 4019 896 4082 πίστεως.
920 4019 1134 4092 Σφόδρα
1159 4020 1215 4072 δὲ
1251 4018 1555 4090 μετριάζει.
1595 4019 1715 4073 ’Ένι
1740 4020 1800 4074 δὲ
1837 4023 1931 4075 καλ⁸

332 4112 513 4175 οὕτως
543 4112 737 4184 νοῆσαι
758 4111 858 4183 τὴν
889 4111 1258 4184 παράκλησιν,
1281 4111 1422 4178 Ἵνα,
1447 4113 1636 4185 φησιν,
1652 4113 1809 4185 ὑμεῖς
1829 4114 1930 4185 μὲν

333 4211 473 4280 παρ’
512 4207 648 4278 ἐμοῦ
676 4208 754 4272 εις
780 4211 880 4279 τὴν
908 4210 1096 4262 πίστιν
1145 4207 1566 4281 παρακληθῆτε,
1617 4208 1730 4278 ἐγὼ
1765 4208 1822 4261 δὲ
1850 4209 1930 4272 εἰς

333 4302 710 4374 εὐφροσύνην,
730 4303 872 4374 δρῶν
896 4303 1040 4373 ὑμᾶς
1072 4304 1607 4366 πεπιστευκότας.”11
1633 4301 1829 4367 οὕτως·
1857 4302 1932 4355 Τὸ

338 4394 673 4465 μεταδοῦναι
697 4397 827 4466 ὑμῖν
855 4397 1119 4467 χάρισμα,
1142 4396 1241 4449 οὑκ
1270 4396 1422 4449 ἐστιν
1438 4394 1570 4467 ὲμδν
1600 4394 1804 4466 μόνονῆ
1833 4395 1933 4466 τῆς

336 4488 485 4561 ἐμῆς
507 4492 886 4562 προαιρέσεως
906 4491 999 4545 καὶ
1019 4490 1318 4556 διακονίας,
1353 4489 1488 4543 ἀλλὰ
1502 4488 1680 4543 κοινὸν
1713 4487 1849 4559 ἐμοῦ
1871 4505 1932 4542 τε

2037 3940 2057 3989 c‘
2088 3937 2160 3994 Ut
2186 3936 2350 3992 simul
2381 3935 2818 3992 consolationem
2852 3936 3141 4005 accipiam,
3171 3955 3191 3987 ι
3219 3936 3324 3992 hoc
3352 3946 3459 4001 est,
3484 3945 3624 3995 utet

2030 4045 2133 4100 ego
2165 4044 2284 4095 vos,
2314 4036 2372 4084 et
2396 4043 2495 4084 vos
2525 4043 2613 4084 me
2646 4028 3049 4095 consolemini;
3078 4038 3272 4084 mutua
3306 4029 3456 4084 enim
3494 4044 3625 4100 egeo

2032 4137 2157 4176 mus
2187 4120 2594 4187 consolatione,
2638 4134 2763 4190 quae
2786 4119 2883 4174 ﬂat
2928 4134 3028 4190 per
3085 4120 3503 4176 inexsistentem
3548 4121 3621 4175 in

2032 4212 2196 4267 nobis
2228 4211 2416 4268 (idem.
2458 4210 2706 4282 Magnam
2745 4217 2933 4266 autem
2975 4210 3225 4267 ostendit
3270 4210 3621 4266 modestiam.

2032 4305 2225 4361 Potest
2248 4304 2356 4361 hoc
2401 4319 2625 4376 quoque
2655 4302 2823 4359 modo
2867 4304 3177 4360 consolatio
3202 4304 3320 4359 haec
3344 4303 3621 4374 intelligi:

2037 4396 2110 4454 Ut
2130 4414 2227 4453 vos
2238 4396 2465 4468 quidem
2483 4413 2516 4452 a
2531 4412 2619 4453 me
2639 4396 2708 4452 ad
2724 4396 2889 4453 (idem
2913 4393 3294 4452 consolatione
3308 4394 3621 4461 ducamini,

2034 4492 2201 4564 206
2226 4507 2330 4563 ego
2385 4506 2518 4549 vero
2543 4491 2614 4547 ad
2654 4490 3088 4547 oblectationem
3110 4488 3347 4556 alliciar,
3373 4505 3499 4545 cum
3524 4506 3625 4544 vos

336 4583 626 4654 καὶὺμῶν.
650 4584 763 4655 Τῆς
786 4583 1063 4647 διακονίας
1079 4584 1179 4654 μὲν
1200 4583 1299 4653 τῆς
1328 4582 1487 4654 ἐμῆς,
1513 4581 1612 4650 τῆς
1632 4580 1689 4635 δὲ
1723 4582 1924 4653 ὑπουρ·

2037 4585 2331 4642 credentes
2353 4585 2593 4641 videam.
2624 4583 2721 4641 Vel
2748 4584 2857 4640 ita:
2893 4582 3136 4639 Tradere
3185 4584 3345 4640 vobis
3393 4584 3626 4655 gratiam

339 4675 471 4743 γίας
489 4678 592 4743 τῆς
604 4676 895 4746 ὑμετέρας.
919 4675 1031 4728 Καὶ
1057 4674 1181 4729 οὑδὲ
1202 4674 1323 4728 τότε
1346 4673 1556 4740 ἁπλῶς,
1575 4672 1711 4727 ἀλλὰ
1733 4672 1822 4726 διὰ
1833 4674 1932 4744 τῆς

336 4773 398 4822 ὲν
420 4769 677 4839 ἀλλήλοις
694 4770 944 4834 πίστεως.
960 4769 1085 4832 Πῶς
1108 4768 1203 4822 καὶ
1219 4769 1340 4823 τινα
1367 4768 1605 4838 τρόπον,
1639 4766 1765 4821 Ἐὰν
1779 4767 1933 4821 αὑτοὶ

340 4864 536 4935 ἔχητε,
579 4866 734 4934 φησὶ,
775 4864 963 4918 πίστιν
995 4860 1093 4918 τοῦ
1124 4864 1311 4918 λαϐεῖν
1337 4862 1399 4918 τὸ
1430 4863 1700 4936 χάρισμα,
1729 4861 1841 4933 ἐγώ
1873 4878 1934 4917 τε

343 4959 515 5013 πάλιν
569 4958 753 5013 πίστιν
789 4957 884 5014 τοῦ
932 4958 1117 5013 δοῦναι
1167 4958 1319 5030 ὑμῖν.
1355 4957 1482 5011 Ἐὰν
1531 4957 1642 5029 γὰρ
1689 4956 1800 5025 ἐγὼ
1835 4956 1934 5028 μὲν

344 5054 542 5107 πίστιν
569 5051 680 5123 ἔχω
708 5051 804 5106 τοῦ
833 5053 1040 5118 δοῦναι,
1085 5053 1180 5107 καὶ
1206 5051 1377 5105 πολὺν
1401 5050 1589 5120 ἀγῶνα
1632 5050 1728 5104 καὶ⁹
1762 5067 1937 5104 σπου-

345 5146 471 5218 δὴν,
502 5146 661 5218 ὑμεῖς
679 5146 736 5200 δὲ
763 5146 865 5200 οὑκ
893 5146 1056 5219 ἔχητε
1084 5146 1267 5200 πίστιν
1294 5143 1388 5198 τοῦ
1426 5143 1635 5209 λαϐεῖν,
1667 5143 1777 5198 οὐδ’
1814 5144 1937 5196 ἔπι-

345 5240 559 5312 θυμιαν
587 5239 682 5294 καὶ
706 5239 1027 5311 ἐπιμέλειαν
1051 5238 1180 5309 περὶ
1201 5237 1262 5291 τὸ
1299 5236 1509 5300 λαϐεῖν,
1541 5235 1601 5288 οὑ
1631 5234 1934 5307 παραγίνε·

344 5352 438 5387 ται
470 5334 623 5404 ὑμῖν,
657 5331 761 5387 κᾶν
800 5333 912 5402 ἐγὼ
942 5332 1244 5404 βούλωμαι,
1270 5331 1333 5384 τὸ
1357 5332 1605 5403 χάρισμα
1619 5331 1681 5383 τὸ
1699 5346 1939 5400 πνευμα-

345 5429 526 5482 τικόν.
558 5431 652 5480 Δεῖ
670 5423 764 5482 οὖν
796 5428 1083 5498 ἀμφότερα
1124 5426 1471 5496 συνδραμεῖν,
1504 5425 1599 5478 καὶ
1616 5423 1677 5477 τὸ
1696 5422 1758 5489 ἐξ
1779 5423 1935 5494 ζεμοῦ,

346 5525 448 5577 καὶ
494 5522 559 5574 τὸ
614 5519 676 5585 ἐξ
722 5519 896 5589 ὑμῶν.
929 5519 1065 5571 Τότε
1103 5518 1213 5589 γὰρ
1248 5518 1404 5571 αὐτοὶ
1443 5517 1627 5569 πίστιν
1663 5516 1814 5579 ἕξετε
1844 5513 1937 5568 τοῦ

346 5613 543 5669 λαϐεῖν
595 5614 689 5667 καὶ
741 5611 1062 5681 ἐπιθυμίαν,
1109 5613 1199 5664 ὅτε
1244 5610 1431 5674 ἀξίους
1483 5609 1711 5669 ἑαυτοὺς
1754 5624 1938 5680 παρα-

347 5709 655 5764 σκευασετε
700 5707 800 5775 τῆς
844 5706 1055 5775 δωρεᾶς
1115 5702 1181 5757 δι’
1218 5702 1394 5776 ἔργων
1428 5702 1670 5773 ἀγαθῶν.
1711 5701 1941 5772 Λαμϐα-

345 5802 558 5857 νόντων
582 5799 641 5853 δὲ
670 5800 698 5850 ὑ
709 5799 824 5868 μῶν
854 5799 914 5851 τὸ
943 5799 1211 5868 χάρισμα,
1266 5797 1428 5866 δῆλον
1465 5798 1548 5853 ὅτι
1578 5792 1940 5867 ,παρακαλού-

348 5892 499 5967 μεθα
550 5894 646 5947 καὶ
690 5888 1095 5960 εὐφραινόμεθα
1123 5891 1179 5942 ὲν
1231 5889 1479 5960 ἀλλήλοις
1499 5905 1514 5920 ⁸
1544 5887 1724 5944 κοινὸν
1752 5886 1862 5961 γὰρ
1880 5887 1941 5941 τὸ

679 5990 952 6052 Psrnon.
981 5991 1098 6051 Gn.
1135 5986 1414 6053 CXVIII.

2035 4692 2146 4733 non
2174 4693 2361 4733 meum
2397 4678 2579 4734 solum
2604 4687 2693 4734 est
2726 4687 2824 4732 aut
2847 4692 2983 4733 mea:
3013 4676 3316 4732 voluntatis
3348 4692 3414 4731 ac
3460 4677 3627 4731 mini-

2038 4772 2221 4837 sterii,
2255 4771 2355 4827 sed
2384 4771 2521 4827 mihi
2560 4770 2834 4840 vobisque
2868 4785 3164 4825 commune
3203 4778 3322 4824 est:
3359 4769 3467 4824 mei
3497 4772 3619 4838 qui'

2037 4863 2163 4919 dem
2194 4863 2514 4928 ministerii,
2565 4861 2736 4917 vestri
2763 4869 2948 4916 autem
2998 4858 3265 4925 subsidii;
3300 4870 3355 4915 et
3398 4876 3468 4917 ne
3496 4870 3627 4914 tunc

2038 4952 2267 5024 quidem
2299 4965 2606 5022 utcunque,
2658 4951 2755 5007 sed
2805 4967 2907 5022 per
2955 4961 3204 5007 mutuam
3254 4951 3445 5006 ﬁdem.
3504 4952 3627 5017 Quo

2039 5044 2206 5101 modo
2231 5060 2364 5116 ergo
2397 5044 2453 5099 id
2479 5043 2613 5099 (iet?
2632 5042 2688 5099 Si
2721 5042 2851 5113 ipsi,
2870 5042 3263 5112 inqttit,*ﬁdem
3294 5042 3543 5097 habeatis
3559 5045 3625 5096 ad

2039 5138 2422 5209 accipiendam
2448 5138 2703 5209 gratiam,
2739 5151 2844 5208 ego
2868 5151 3007 5191 vero
3038 5135 3201 5191 ﬁdem
3253 5152 3479 5196 rursum
3528 5136 3629 5191 ha-

2008 5232 2200 5288 .beam
2231 5231 2299 5286 ad
2342 5231 2495 5286 illam
2533 5230 2695 5286 vobis
2717 5229 3066 5286 tradendam.
3100 5229 3236 5284 Nam
3266 5228 3313 5283 si
3345 5242 3450 5300 ego
3495 5230 3625 5300 qui-

2039 5326 2166 5381 dem
2240 5324 2405 5380 ﬁdem
2480 5324 2713 5379 habeam
2782 5323 2852 5379 ad
2904 5321 3217 5388 dandum,
3251 5336 3626 5393 magnumque

2041 5418 2287 5474 laborem
2322 5432 2389 5473 ac
2442 5415 2711 5482 studium,
2760 5430 2863 5471 vos
2908 5425 3094 5471 autem
3143 5422 3256 5470 non
3318 5414 3625 5469 habueritis

2043 5512 2207 5567 ﬁdem
2238 5513 2306 5566 ad
2337 5510 2761 5581 accipiendum:
2805 5523 2919 5565 non
2950 5509 3234 5580 continget
3261 5507 3424 5563 vobis
3442 5506 3628 5579 gratia

2043 5602 2372 5676 spiritualis,
2400 5603 2568 5657 etiam
2598 5601 2641 5656 si
2660 5615 2773 5671 ego
2786 5600 2970 5655 velim.
3011 5599 3319 5667 Utrumque
3336 5611 3468 5667 ergo
3489 5611 3639 5651 COD-1.

2043 5710 2272 5754 currere
2306 5702 2544 5766 oportet,
2576 5702 2635 5748 et
2658 5691 2808 5762 quod
2843 5707 2875 5744 a
2909 5705 2995 5744 me
3024 5690 3302 5759 praebetur
3328 5697 3388 5743 et
3414 5688 3573 5758 quod
3594 5705 3629 5746 a

2042 5790 2224 5845 vobis.
2258 5788 2419 5843 Tunc
2463 5786 2611 5842 enim
2663 5784 2827 5838 tidem
2876 5798 2942 5837 ac
2981 5782 3322 5837 desiderium
3370 5780 3626 5851 accipere

2044 5883 2323 5957 poteritis,
2355 5878 2578 5951 quando
2636 5875 2797 5933 bonis
2834 5874 3094 5946 operibus
3116 5873 3314 5945 dignos
3341 5874 3450 5932 hoc
3477 5872 3627 5930 dono

3171 5965 3239 6031 11
