3978 6548
294 353 411 416 333

1390 349 1782 413 COMMENT.‘
1820 347 1897 408 IN
1932 347 2172 411 EPIST.
2211 350 2310 410 AD
2347 353 2534 414 ROM.

3480 356 3586 424 3M

297 464 746 537 παρειληφότας,
778 462 1024 520 τοιοῦτον
1052 464 1111 520 ἐν
1133 463 1285 537 αὐτῷ
1310 463 1582 538 θηρᾶσθαι
1618 463 1713 518 τὸν
1740 460 1886 516 νοῦν.

1995 462 2224 522 tiiicatio
2247 469 2665 527 ostendebatur.
2684 472 2754 529 Et
2772 472 2890 531 huc
2918 474 3149 547 quidm
3177 477 3254 537 ita
3270 496 3334 538 se
3351 476 3582 541 habent.

306 558 637 630 Ἐκωλύθην
677 561 805 631 ἄχρι
853 558 947 617 τοῦ
1004 557 1187 629 δεῦρο.
1237 559 1425 627 Διατί;
1456 558 1642 629 φησίν.
1669 557 1788 610 Ἵνα
1821 555 1897 628 μὴ

2005 556 2303 615 Possumus
2332 572 2517 618 autem
2554 571 2614 618 et
2642 564 2827 621 locum
2858 567 3009 623 hunc
3042 586 3155 628 non
3179 587 3281 643 per
3306 573 3585 646 hyperba—

298 651 503 705 θᾶττον
527 650 725 716 ἐλθὼν,
758 651 1041 722 ἀκάρπους
1069 653 1214 722 ὑμᾶς
1239 652 1318 705 ἐτι
1342 651 1655 705 καταλάϐω.
1681 649 1772 703 Διὸ
1801 648 1890 702 καὶ

2001 658 2095 704 ton
2123 652 2398 723 accipere,
2429 655 2526 710 sed
2551 657 2749 715 ordine
2775 676 2887 730 quo
2922 662 3136 730 positus
3162 676 3248 721 est
3295 683 3586 725 assumen-

292 744 657 814 ἐνεϐαλόμην
678 744 780 815 τὴν
808 745 1137 814 παρουσίαν,
1167 744 1272 808 ἕως
1300 738 1361 799 οὗ
1382 743 1480 797 καὶ
1513 744 1573 799 ἐν
1598 743 1726 811 ὑμῖν
1760 759 1897 811 καρ-

292 836 403 889 πόν
434 852 557 890 τινα
606 835 978 906 βλαστάνοντα
1003 835 1102 905 τῆς
1132 834 1368 898 πίστεως
1396 834 1546 902 ἄξιον
1572 834 1670 888 καὶ
1697 833 1889 887 τελεσ-

292 927 643 1001 φορούμενον
686 928 863 999 μάθω.
917 928 1074 982 Ἐστι
1121 928 1179 982 δέ
1245 931 1337 981 καὶ
1378 927 1556 991 ἄλλως
1602 930 1665 980 τὸ
1713 927 1893 996 νόημα

299 1022 557 1074 συνιδεῖν.
575 1019 891 1092 Ἐκωλύθην
919 1021 1049 1092 ἄχρι
1071 1019 1166 1073 τοῦ
1191 1018 1372 1090 δεῦρο.
1391 1018 1580 1086 Διατί;
1608 1018 1733 1072 Ὅτι
1755 1032 1898 1085 καρ-

296 1110 409 1166 πόν
446 1129 570 1166 τινα
598 1111 681 1165 ἔτι
738 1129 833 1183 μοι
872 1113 1162 1181 συνέλεγον
1211 1112 1490 1167 λείποντα.
1532 1113 1643 1166 Καὶ
1681 1111 1897 1180 ταύτην

290 1204 401 1277 τὴν
433 1205 643 1260 ἔννοιαν
705 1206 800 1260 ἐπὶ
829 1205 977 1260 τέλει
1010 1207 1111 1276 τῆς
1153 1202 1445 1275 ἐπιστολῆς
1478 1204 1595 1260 εστι
1641 1204 1895 1276 βεϐαιου-

1998 749 2102 808 tes,
2133 744 2299 799 talem
2323 761 2391 801 ex
2419 762 2488 802 eo
2513 748 2734 806 sensum
2764 753 3127 811 venabimur:
3149 757 3426 815 Hactenus
3451 776 3583 832 pro-

1998 835 2211 893 hibitus
2243 853 2387 893 sum.
2405 840 2608 909 Quare,
2638 843 2854 914 inquit?
2878 846 2954 903 Ne
2983 848 3150 905 citius
3175 854 3463 921 accedens,
3487 870 3585 911 vos

1999 928 2182 985 adhuc
2232 929 2611 991 infructuosos
2660 936 3172 1007 deprehendercm;
3212 944 3449 1016 ideoque
3489 951 3587 1004 ad-

1996 1030 2227 1078 ventum
2261 1024 2475 1090 distuli,
2502 1042 2791 1100 quousque
2823 1032 2990 1087 etiam
3063 1034 3119 1090 in
3150 1037 3309 1093 vobis
3342 1038 3583 1096 fructum

1994 1112 2234 1184 aliquem
2271 1118 2675 1187 germinantem
2711 1122 2859 1192 quod
2888 1122 2996 1180 ﬁde
3021 1124 3273 1197 dignum,
3310 1142 3479 1195 esset,
3528 1141 3585 1185 ct

1990 1207 2103 1278 jam
2132 1209 2464 1279 productum
2498 1215 2865 1284 perciperem.
2913 1217 3100 1275 Potest
3133 1229 3319 1276 autem
3364 1231 3422 1278 et
3475 1224 3585 1278 alio

298 1300 479 1370 μένην
510 1299 658 1363 ίδεῖν,
721 1299 910 1371 ὥσπερ
957 1299 1402 1370 ἐπιλογιζομένου
1432 1299 1526 1354 τοῦ
1569 1300 1890 1355 Ἀποστόλου

1998 1300 2165 1356 modo
2216 1316 2414 1357 sensus
2459 1304 2701 1376 concipi.
2741 1305 3020 1364 Hactenus
3064 1296 3388 1380 prohibitus
3435 1329 3580 1370 sum.

294 1393 369 1446 τὰ
398 1391 886 1463 προοιμιασθὼτα.
916 1394 1028 1447 Καὶ
1051 1394 1160 1463 γάρ
1181 1409 1336 1463 φησι⁹
1364 1394 1455 1448 Διδ
1479 1394 1572 1448 καὶ
1600 1394 1890 1449 ἐνεκοπτό-

1996 1389 2219 1457 Quare?
2242 1392 2380 1460 Quia
2406 1394 2648 1451 fructum
2684 1397 2924 1475 aliquem
2950 1401 3088 1455 mihi
3112 1402 3297 1460 adhuc.
3325 1405 3581 1462 relictum

298 1500 416 1554 μην
442 1483 621 1537 ἐλθεῖν
652 1483 792 1555 πρὸς
847 1483 1016 1554 ὑμᾶς,
1050 1484 1170 1537 νυνὶ
1215 1484 1273 1538 δὲ
1304 1485 1502 1556 μηκέτι
1555 1485 1696 1555 ἔχων
1729 1487 1890 1541 τόπον

1995 1484 2343 1557 colligebam.
2402 1489 2471 1544 Et
2537 1489 2684 1546 hanc
2730 1493 3059 1550 sententiam
3084 1495 3141 1550 in
3177 1495 3285 1552 fine
3334 1498 3585 1569 epistolas

293 1579 356 1630 ἐν
386 1579 504 1640 τοῖς
540 1576 768 1647 κλίμασι
800 1576 1033 1643 τούτοις,
1063 1578 1357 1650 ἐλεύσομαι
1378 1579 1513 1650 πρὸς
1533 1580 1697 1651 ὑμᾶς.
1727 1579 1890 1633 Ὥστε

1998 1573 2383 1631 conﬁrmatam
2408 1579 2601 1634 videre
2637 1581 2806 1637 licet:
2855 1585 3013 1654 quasi
3060 1588 3346 1644 reminisci
3392 1591 3584 1647 videa-

290 1670 323 1721 ὁ
354 1668 466 1732 ἕως
487 1669 583 1723 τοῦ
639 1668 736 1723 νῦν
785 1669 1148 1742 ἐλπιζόμενος
1175 1673 1258 1736 είς
1300 1671 1567 1741 συλλογὴν
1593 1671 1808 1743 καρπὸς
1834 1673 1890 1726 ἐν

1996 1675 2087 1720 tur
2138 1668 2434 1738 Apostolus
2491 1685 2721 1739 eorum,
2775 1689 2899 1745 quae
2939 1675 3199 1747 prmfatus
3246 1678 3455 1737 fuerat.
3491 1682 3584 1737 Ait

290 1764 416 1827 τοῖς
459 1761 643 1826 ἄλλοις
696 1761 982 1833 κλίμασιν,
1022 1763 1303 1819 ἐκώλυσεν
1342 1764 1507 1818 αὐτὸν
1538 1762 1633 1817 ετιι
1673 1763 1890 1834 Ῥώμην

1996 1756 2179 1813 enim:
2232 1759 2582 1834 Quapropter
2628 1765 2797 1821 etiam
2844 1768 3191 1839 impcdiebar
3238 1771 3578 1843 frequenter,

288 1855 550 1927 δραμεῖν,
603 1854 899 1910 ἀτέλεστον
957 1858 1019 1909 ἐν
1069 1855 1300 1921 ἐκείνοις
1350 1856 1410 1909 τὸ
1464 1856 1625 1928 ἔργον
1665 1857 1892 1912 καταλι-

290 1946 490 2001 πόντα.
514 1942 646 1999 Εἶτα
672 1946 735 1999 τό
755 1963 769 1978 ο
804 1966 824 1997 ‹
848 1948 957 2001 Καὶ
991 1948 1050 2001 ἐν
1074 1948 1222 2019 ὑμῖν,
1258 1966 1278 1999 ι
1310 1949 1405 2001 καὶ
1431 1948 1500 2002 τὰ
1528 1949 1674 2021 ἑξῆς,
1703 1947 1893 2022 ὥσπερ

290 2040 716 2104 ἀντιπίπτοντος
740 2039 895 2104 λύσις
925 2039 1093 2095 ἐστίν.
1120 2038 1265 2108 Οἷον,
1287 2040 1375 2105 Τί,
1399 2042 1584 2115 φησὶν,
1599 2042 1658 2095 ἐν
1674 2044 1810 2113 ἡμῖν
1830 2043 1891 2095 οὐ

290 2132 486 2203 μέλλει
517 2148 600 2185 σοι
614 2131 832 2203 καρπὸν
847 2135 995 2204 σχεῖν
1019 2149 1034 2199 ;
1063 2132 1477 2204 Ναὶ,φησὶ,καὶ
1500 2136 1559 2187 ἐν
1578 2135 1708 2202 ὑμῖν
1735 2134 1894 2189 τοῦτο

288 2221 535 2289 σπεύδω,
566 2221 726 2277 τοῦτο
756 2223 1026 2292 ἐπιζητῶ,
1043 2223 1328 2295 ὀφειλέτης
1343 2226 1482 2296 εἰμὶ,
1502 2224 1768 2296 χρεωστῶ
1789 2228 1893 2279 πᾶα

289 2332 406 2370 σιν.
447 2334 466 2367 ι
498 2315 695 2380 Καθὼς
733 2317 828 2370 καὶ
854 2318 913 2371 ἐν
936 2318 1048 2380 τοῖς
1077 2316 1288 2380 λοιποῖς
1328 2318 1561 2376 ἔθνεσιν.
1601 2336 1622 2371 ι
1663 2317 1892 2390 Τῷσυν-

287 2409 436 2463 άπτε
445 2426 492 2461 ιν
510 2409 712 2472 αὐτοὺς
724 2411 836 2473 τοῖς
853 2408 1081 2474 λοιποῖς,
1105 2410 1463 2464 καταστέλλει
1480 2411 1662 2465 αὐτῶν
1677 2410 1739 2464 τὸ
1760 2411 1891 2481 φρό-

286 2520 356 2571 νη
366 2518 465 2571 μα.
479 2519 499 2553 ι
510 2501 740 2572 Ἕλλησί
755 2520 813 2556 τε
829 2503 921 2556 καὶ
939 2504 1270 2574 Βαρσάροις.
1285 2523 1303 2555 ι
1314 2505 1485 2557 Ὤσπε
1496 2523 1544 2575 ρ,
1563 2523 1637 2576 φη
1645 2504 1889 2571 σὶν,’Έ).-

287 2594 424 2666 λησι
456 2596 553 2648 καὶ
586 2594 919 2667 Βαρϐἁροις,
942 2595 1086 2649 οὕτω
1112 2595 1210 2650 καὶ
1252 2597 1382 2668 ύμῖν
1413 2596 1699 2668 ὀφειλέτης
1745 2598 1886 2667 εἰμί.

295 2706 315 2739 ι
357 2687 677 2759 Ὀφειλέτης
704 2689 844 2759 εἰμί.
866 2707 884 2739 ι
921 2689 1091 2743 οὐδὲν
1109 2690 1262 2755 ἴδιον,
1284 2690 1673 2761 φησὶ,δίδωμι.
1707 2692 1891 2759 Ὀςρει-

284 2781 453 2853 λὲτης
470 2783 587 2852 εἰμὶ
604 2784 770 2836 πᾶσιν
786 2782 1264 2852 εὐαγγελίσασθαι,
1284 2785 1380 2838 καὶ
1391 2785 1497 2854 πλη
1508 2785 1677 2854 ρῶσαι
1694 2785 1789 2856 τὴν
1802 2784 1889 2839 δο-

287 2875 486 2930 θεῖσάν
517 2893 606 2946 μοι
635 2876 875 2947 ἐντολήν.
904 2895 923 2929 ι
960 2876 1118 2931 Οὓτω
1147 2879 1257 2948 γὰρ
1290 2877 1415 2932 κατ’
1444 2881 1466 2930 ἐ
1477 2879 1563 2948 μέ,
1604 2897 1622 2931 ι
1650 2879 1887 2951 Ὠσπερ,

288 2971 487 3041 φησιν,
514 2968 745 3038 Ἕλλησι
764 2969 862 3022 καὶ
879 2970 1209 3043 Βαρὸἀροις,
1233 2973 1416 3042 σοφοῖς
1436 2987 1492 3025 τε
1510 2973 1604 3025 καὶ
1624 2972 1877 3042 ἀνοήτοις

285 3061 586 3133 ὀφειλέτης
600 3064 739 3134 εἰμὶ,
754 3061 950 3131 οὕτως,
972 3065 1098 3118 ὅσον
1112 3059 1249 3135 ἧκεν
1267 3067 1346 3129 είς
1360 3065 1455 3136 τὴν
1473 3066 1497 3117 ἐ
1505 3065 1611 3137 μὴν
1640 3065 1884 3137 σπουδὴν

1998 1850 2300 1918 quominus
2332 1854 2581 1910 venirem
2621 1855 2689 1911 ad
2737 1872 2858 1914 vos.
2914 1857 3074 1914 Nunc
3122 1876 3254 1917 vero
3306 1878 3430 1918 cum
3469 1879 3582 1921 non

1999 1943 2238 2013 amplius
2272 1944 2508 2001 habeam
2548 1947 2735 2004 locum
2774 1951 2830 2005 in
2891 1952 2982 2007 his
3027 1953 3385 2025 regionibus,
3416 1958 3584 2029 208

1995 2036 2215 2090 veniam
2243 2037 2311 2091 ad
2345 2054 2464 2094 vos.
2500 2038 2639 2111 Spes
2666 2042 2850 2113 itaque
2882 2043 3122 2099 fructum
3147 2046 3214 2101 ad
3250 2046 3357 2102 hoc
3403 2064 3580 2119 usque

1999 2134 2217 2199 tempus
2261 2131 2561 2203 colligendi
2617 2134 2671 2188 in
2718 2135 2846 2190 aliis
2900 2136 3244 2208 regionibus,
3293 2140 3581 2209 prohibuit

1995 2235 2122 2275 eum
2152 2221 2383 2277 Romam
2412 2240 2657 2291 currere,
2684 2241 2810 2282 cum
2837 2227 2954 2284 ﬁeri
2977 2245 3085 2284 non
3110 2241 3295 2301 posset
3350 2243 3412 2288 ut
3459 2250 3577 2289 conv

2000 2320 2154 2381 ptum
2185 2312 2331 2382 apud
2360 2314 2485 2369 illos
2524 2330 2666 2386 opus
2698 2317 2999 2377 desereret.
3049 2322 3258 2378 Deinde
3305 2326 3452 2395 quod
3482 2327 3579 2381 ad-

1993 2404 2076 2458 dit
2106 2422 2119 2457 :
2152 2422 2172 2455 ι
2209 2405 2388 2460 Etiam
2414 2407 2469 2462 in
2505 2408 2666 2465 vobis
2708 2429 2727 2461 ι
2765 2421 2897 2477 etc.,
2929 2424 3189 2486 tanquam
3247 2418 3579 2489 objectionis

1993 2494 2198 2551 solutio
2221 2509 2327 2553 est.
2360 2499 2525 2566 Quid,
2559 2501 2833 2572 inquient,
2875 2506 2927 2560 in
2960 2508 3124 2563 nobis
3172 2510 3412 2565 fructum
3467 2527 3579 2568 non

1993 2604 2054 2644 es
2085 2590 2657 2665 habiturusﬂltique.
2678 2596 2776 2662 ait,
2808 2598 2975 2653 etiam
3004 2598 3059 2655 in
3084 2602 3245 2658 vobis
3270 2604 3376 2660 hoc
3403 2606 3575 2673 nitor,

1993 2681 2100 2738 hoc
2132 2684 2382 2754 requiro,
2442 2686 2663 2743 debitor
2723 2705 2866 2754 sum,
2910 2694 3006 2762 qui
3063 2696 3325 2752 omnillus
3373 2699 3574 2758 debeo.

1999 2794 2019 2827 ι
2045 2776 2202 2832 Sicut
2224 2777 2389 2833 etiam
2429 2779 2484 2834 in
2500 2782 2715 2837 caeteris
2734 2785 3008 2854 gentibus.
3038 2804 3056 2837 ι
3077 2787 3304 2844 (laeteris
3322 2803 3418 2844 eos
3439 2806 3577 2846 cono

1987 2868 2223 2941 iungens
2240 2872 2499 2941 gentibus
2515 2873 2712 2929 fastum
2739 2878 2992 2947 reprimit
3015 2878 3266 2936 illorum:
3292 2883 3576 2953 magisque

1994 2963 2046 3017 in
2081 2978 2150 3019 eo
2194 2965 2341 3034 quod
2402 2968 2692 3038 sequitur:
2750 2989 2768 3021 ι
2806 2970 2873 3025 Ει
2902 2969 3106 3028 Graecis
3148 2980 3206 3028 et
3239 2973 3517 3029 Barbaris.
3550 2994 3568 3025 ι

1992 3053 2108 3110 iloc
2130 3062 2236 3119 est,
2260 3056 2404 3112 sicut
2428 3058 2631 3114 Graecis
2679 3074 2743 3114 ac
2785 3060 3064 3123 Barbaris,
3093 3061 3169 3116 ita
3192 3069 3249 3116 et
3281 3062 3438 3118 vobis
3470 3064 3573 3119 de-

291 3155 393 3209 xa‘t
407 3155 742 3226 προθυμίαν,
760 3155 854 3208 καὶ
883 3155 1010 3226 ὑμῖν
1035 3155 1497 3225 εὐαγγελίσασθαι
1513 3155 1881 3227 χρεωστῶ.Τδ

1993 3144 2140 3200 bitor
2169 3161 2312 3201 sum.
2352 3166 2370 3198 ι
2409 3148 2637 3203 Debitor
2664 3164 2807 3204 sum.
2844 3169 2862 3201 ι
2900 3151 3047 3206 Nihil
3075 3154 3356 3223 proprium
3389 3154 3569 3222 trado,

287 3248 459 3317 τὰρ,‹
480 3246 949 3317 ’θ’ρειλέτηςείμὶ,
977 3266 995 3299 ι
1015 3248 1123 3300 ἀπὸ
1150 3248 1331 3301 κοινοῦ
1357 3246 1591 3301 δεκτέον.
1621 3265 1640 3299 t
1673 3249 1745 3302 υύ
1775 3246 1885 3320 γὰρ

291 3337 727 3410 ἐπαισχύνομαι.
760 3358 779 3391 ι
818 3339 975 3394 Ἐπεί⁸
1004 3340 1059 3393 δὲ
1093 3341 1204 3405 τοῖς
1234 3341 1487 3404 ἀπίστοις
1523 3339 1693 3394 πολλὰ
1723 3339 1886 3404 ἄδοξα

289 3432 447 3486 δοκεῖ
468 3429 612 3486 εἶναι
646 3434 705 3486 ἐν
736 3431 818 3504 τῷ
862 3433 1207 3504 Εὑαγγελίῳ,
1238 3428 1351 3487 οἷον
1379 3433 1407 3486 ὁ
1435 3432 1690 3502 σταυρὸς,
1719 3436 1746 3487 ὁ
1786 3432 1885 3486 θά-

290 3539 483 3586 νατος,
508 3523 543 3593 ή
566 3522 676 3576 τῶν
709 3522 982 3577 Ἰουδαίων
1023 3522 1312 3592 παροινία,
1337 3523 1475 3587 τέως
1503 3522 1701 3586 αὐτοὺς
1725 3523 1886 3577 τοῦτο

291 3614 565 3680 διδάσκει,
629 3616 798 3687 μηδὲν
852 3617 912 3668 ἐν
955 3614 1108 3685 αύτῷ
1151 3615 1339 3681 ἄδοξον
1375 3616 1643 3682 ὑπονοεῖν,
1675 3617 1768 3669 καὶ
1796 3616 1885 3670 διὰ

292 3707 458 3763 τοῦτο
481 3708 863 3779 αἰσχύνεσθαι·
889 3708 1011 3762 εἶτα
1059 3708 1243 3761 λοιπὸν
1308 3708 1625 3781 προϐαίνων
1654 3709 1749 3763 καὶ
1794 3708 1886 3777 ἐξ-

296 3802 446 3875 αίρει
497 3802 562 3855 τὸ
616 3802 977 3871 Εὐαγγέλιον.
1008 3803 1119 3855 Καὶ
1161 3799 1362 3866 ἄλλως.
1404 3801 1630 3874 Ἐπειδὴ
1667 3801 1884 3867 πολλοῖς

296 3897 718 3966 προτερήμασιν
785 3894 835 3948 oi
909 3895 1172 3965 Ῥωμαῖοι
1239 3894 1382 3964 μέγα
1431 3895 1716 3965 ἐφρόνουν,
1773 3889 1887 3948 οἷον

296 3984 539 4057 πλούτῳ,
563 3986 874 4057 δυναστείᾳ,
903 3989 1088 4058 σοφίᾳ,
1104 3987 1294 4058 Ὑμεῖς
1313 3988 1433 4059 μὲν,
1455 3990 1748 4058 φησὶν,ἐπὶ
1766 3989 1889 4043 τού-

294 4096 413 4145 τοις
443 4080 592 4150 μέγα
651 4083 930 4149 φρονεῖτν
961 4079 1160 4149 eyes:
1181 4080 1319 4134 Θεὸν
1368 4080 1624 4152 κηρύξων
1654 4082 1886 4152 ἔρχομαι

297 4172 358 4225 ἐν
385 4173 541 4243 μέσῳ
565 4171 744 4243 ὑμῶν,
771 4173 872 4227 καὶ
898 4173 999 4226 οὐκ
1024 4172 1379 4243 αἰσχύνομαι.
1407 4175 1560 4227 Διατί
1585 4191 1602 4241 ;
1645 4173 1887 4244 Δύναμις

294 4266 409 4337 γὰρ
433 4265 573 4319 Θεοῦ
595 4267 765 4329 ἐστιν,
791 4267 871 4328 εἰς
895 4266 1170 4336 σωτηρίαν
1196 4265 1308 4318 τῶν
1330 4265 1659 4336 δεχομένων.
1691 4266 1887 4327 Καλῶς

296 4360 352 4413 δὲ
386 4359 475 4423 τὸ,
512 4378 531 4410 ι
567 4360 661 4423 Εἰς
714 4359 1013 4430 σωτηρίαν.
1047 4377 1066 4410 ι
1097 4358 1219 4411 "Evt
1252 4357 1362 4428 γὰρ
1393 4359 1472 4420 είς
1506 4358 1777 4429 τιμωρίαν
1798 4358 1891 4412 δύο

1987 3237 2209 3291 debitor
2236 3246 2455 3303 sum,ut
2477 3240 2831 3311 Evangelium
2854 3244 3117 3298 omnibus
3136 3246 3483 3312 annuntiem,
3513 3257 3573 3304 et

1987 3327 2292 3396 compleam
2327 3329 2518 3385 datum
2552 3331 2688 3385 mihi
2722 3343 3077 3403 praeceptum.
3123 3353 3141 3387 ι
3183 3336 3274 3392 Sic
3298 3347 3570 3407 quantum

1988 3416 2045 3472 in
2087 3433 2175 3472 me
2222 3429 2327 3474 est.
2365 3436 2385 3471 ι
2436 3420 2936 3491 Quemadmodum,
2992 3426 3194 3497 inquit,
3247 3428 3471 3486 Graecis
3503 3447 3571 3487 ac

1988 3509 2269 3576 Barbaris,
2329 3513 2675 3582 sapientibus
2737 3531 2801 3573 ac
2849 3502 3282 3588 insipientibus,
3349 3522 3572 3580 debitor

1987 3613 2132 3666 sum,
2174 3601 2251 3656 ita
2278 3611 2545 3673 quantum
2579 3606 2646 3660 ad
2684 3621 2866 3662 meum
2898 3610 3144 3664 studium
3195 3626 3260 3667 ac
3291 3616 3570 3685 prompt'h

1987 3692 2236 3748 tudinem
2260 3705 2493 3765 spectat,
2512 3698 2680 3753 etiam
2708 3692 3237 3773 vobiSEvaugclium
3271 3706 3572 3775 praedicare

1987 3784 2187 3842 debeo.
2210 3786 2295 3842 Ab
2320 3788 2408 3844 his
2431 3790 2579 3845 enim
2613 3807 2737 3862 qua:
2773 3805 3177 3864 princesserunt
3205 3798 3570 3868 repetendum

1987 3888 2092 3946 est,
2115 3880 2342 3935 Debitor
2368 3897 2513 3937 sum.
2553 3902 2573 3935 ι
2612 3885 2729 3940 Νοη
2744 3886 2891 3945 enim
2915 3889 3081 3956 pudet
3104 3904 3246 3942 me.»
3278 3889 3417 3956 Quia
3441 3906 3574 3947 vero

1989 3972 2292 4028 incredulis
2314 3976 2483 4030 multa
2498 3976 2552 4030 in
2575 3977 2871 4048 Evangelia
2886 3979 3098 4050 abjecta
3117 3996 3236 4036 esse
3251 3993 3570 4045 censentur.

1989 4075 2118 4137 puta
2135 4083 2293 4131 crus,
2310 4068 2797 4133 mors,Judaeorum
2816 4070 3175 4129 debacchatio
3195 4090 3208 4128 :
3229 4074 3335 4130 hoc
3353 4076 3573 4133 interim

1990 4162 2115 4216 illos
2147 4161 2330 4224 docet,
2362 4177 2431 4216 ne
2460 4142 2759 4233 quidquam
2791 4179 2912 4218 esse
2945 4167 2998 4219 in
3033 4181 3103 4221 eo
3126 4167 3235 4222 vile
3277 4169 3574 4238 suspici-lt-

1992 4263 2105 4321 tur,
2128 4263 2295 4325 atque
2340 4254 2550 4311 idcirco
2574 4257 2778 4326 pudeat
2798 4257 2932 4312 illud
2965 4261 3282 4329 suscipere:
3311 4277 3376 4315 ac
3407 4262 3571 4318 dein.

1992 4361 2122 4417 ceps
2146 4347 2505 4417 progrediens
2525 4348 2882 4419 Erangelium
2920 4351 3086 4407 etiam
3133 4351 3369 4407 extollit.
3428 4353 3575 4409 Prat-

299 4472 469 4525 ναμις
504 4454 667 4510 Θεοῦ.
721 4452 817 4517 Ei;
872 4454 1150 4524 σωτηρίαν
1180 4454 1259 4514 δὲ,
1289 4453 1351 4506 ού
1403 4452 1588 4513 παντὶ,
1630 4453 1765 4506 ἀλλὰ
1810 4453 1888 4523 τῷ

1994 4449 2143 4493 terea
2194 4448 2250 4493 et
2275 4438 2454 4493 aliter.
2488 4439 2628 4507 Quia
2658 4442 2854 4495 cristas
2891 4442 3181 4513 erigebant
3213 4443 3444 4498 Romani
3499 4444 3572 4499 ob

300 4547 641 4600 πιστεύοντι.
678 4546 805 4607 Τοῖς
838 4548 950 4618 γὰρ
996 4545 1282 4599 ἀπειθοῦσι
1319 4545 1543 4599 κόλασιν
1596 4545 1812 4599 ἀπειλεῖ
1831 4548 1890 4601 τὸ

1997 4533 2170 4587 multa
2203 4533 2408 4602 quibus
2431 4533 2648 4587 caeteris
2671 4535 3085 4603 pra'stantiores
3114 4544 3296 4599 erant,
3329 4545 3457 4606 puta
3481 4532 3537 4590 di
3549 4565 3571 4576 -

299 4637 667 4707 Εὑαγγέλιον.
703 4655 724 4688 ι
763 4636 1033 4690 Ἰουδαίων
1057 4653 1115 4689 τε
1142 4638 1378 4703 ⁴πρῶτον.
1418 4655 1439 4689 ι
1483 4637 1756 4708 Ῥήματος
1797 4639 1895 4708 μό-

297 4748 393 4785 νον
439 4729 578 4799 τιμὴ
625 4730 687 4782 τὸ
728 4748 747 4782 ι
803 4730 1045 4800 Πρῶτον,
1085 4747 1105 4781 ι
1144 4733 1205 4781 οὐ
1259 4730 1481 4800 χάριτος
1529 4731 1890 4800 πλεονασμός.

311 4821 374 4875 ’0
409 4821 522 4893 γὰρ
561 4820 820 4881 Ἰουδαῖος
845 4821 1163 4873 ἁπαιτεῖται
1214 4820 1432 4892 πρῶτον
1464 4820 1763 4886 πιστεύειν,
1796 4822 1892 4876 ἅτε

298 4912 368 4984 δὴ
398 4910 786 4981 κατηχημένος
828 4910 898 4964 τὰ
928 4912 1057 4981 περὶ
1092 4911 1186 4964 τοῦ
1222 4911 1464 4982 Χριστοῦ
1493 4912 1560 4965 ἐκ
1596 4913 1765 4983 νόμου
1799 4913 1891 4966 καὶ

300 5003 416 5057 τῶν
438 5001 760 5073 προφητῶν,
819 5001 1023 5071 μᾶλλον
1063 5000 1175 5053 τῶν
1224 5000 1414 5055 ἐθνῶν.
1456 5002 1566 5055 Καὶ
1608 5002 1692 5054 δτι
1721 5003 1769 5054 εί
1803 4996 1899 5056 καί

302 5096 402 5151 ἐπὶ
423 5099 580 5166 κοινῇ
608 5092 701 5148 τοῦ
729 5094 919 5162 γένους
937 5093 1183 5165 σωτηρίᾳ
1208 5094 1556 5164 ἐπεδήμησεν
1585 5096 1613 5147 ὁ
1639 5095 1899 5162 Χριστδς,

305 5189 428 5244 ἀλλ’
450 5184 548 5244 οὖν
575 5190 634 5241 ἐν
667 5190 782 5250 τοῖς
820 5186 1098 5249 Ἰουδαίοις
1145 5187 1240 5240 καὶ
1278 5185 1543 5257 ἐγεννήθη
1575 5189 1670 5239 καὶ
1720 5187 1899 5240 ἐπολι-

304 5280 566 5346 τεύσατο,
609 5281 707 5333 καὶ
732 5278 963 5346 ἐδίδαξε,
996 5280 1093 5331 καὶ
1122 5279 1223 5342 τὰς
1256 5277 1584 5349 θεοσημείας
1612 5280 1674 5330 ἐν
1717 5280 1901 5342 αὐτοῖς

304 5376 633 5448 εἰργάσατο,
655 5374 723 5427 δι’
745 5372 782 5428 ἅ
808 5376 984 5426 nivea
1012 5373 1287 5442 ὀφειλέται
1316 5372 1453 5425 είσῖν
1481 5370 1724 5424 Ἰουδαῖοι
1746 5373 1898 5442 πρῶ-

301 5485 389 5521 τοι
426 5465 707 5519 πιστεύειν
733 5468 812 5529 εἰς
846 5465 1097 5535 Χριστὸν,
1126 5465 1268 5535 ήπερ
1289 5464 1359 5516 τὰ
1386 5462 1536 5533 ἔθνη.

1994 4626 2179 4689 vitias,
2219 4626 2548 4695 potentiam,
2579 4634 2637 4680 et
2690 4626 3059 4696 sapientiam:
3112 4642 3212 4682 vos
3262 4627 3571 4705 quidemin

1994 4717 2104 4780 his,
2136 4718 2338 4789 inquit,
2369 4711 2667 4773 eﬂ'erimini
2693 4735 2706 4772 :
2733 4733 2835 4788 ego
2861 4727 3046 4773 autem
3072 4718 3245 4774 Deum
3280 4720 3336 4774 in
3389 4721 3574 4777 medio

1998 4820 2240 4865 vestrum
2293 4809 2699 4880 praedicaturus
2748 4810 3046 4865 accedam:
3096 4824 3202 4866 nec
3263 4824 3351 4866 me
3408 4811 3575 4884 huius

1994 4902 2184 4973 pudet.
2211 4903 2624 4970 Quamobrem?
2685 4902 2823 4970 Quia
2857 4903 3100 4974 potentia
3134 4903 3233 4958 Del
3265 4913 3350 4958 est
3380 4904 3448 4959 ad
3476 4916 3570 4960 sa-

1987 4998 2160 5054 lutem
2206 4995 2649 5067 suscipientium.
2693 4995 2932 5054 Pulchre
2959 5006 3143 5051 autem
3202 4996 3377 5052 addit:
3433 4995 3572 5053 [ΑΛ

1990 5089 2245 5146 salutem.
2286 5107 2305 5140 ι
2342 5088 2477 5144 Nam
2504 5095 2589 5141 est
2616 5093 2673 5143 et
2721 5084 2789 5142 ad
2830 5086 3099 5143 ultionem
3148 5088 3394 5158 potentia
3447 5088 3572 5145 Dei.

1995 5177 2074 5232 Ad
2106 5177 2339 5231 salutem
2374 5176 2560 5246 itaque
2592 5187 2704 5230 non
2730 5174 2979 5240 cuilibet,
3005 5174 3102 5231 sed
3133 5175 3384 5234 credenti
3404 5217 3419 5232 .
3452 5177 3575 5234 Non

1996 5269 2355 5326 credentibus
2391 5268 2538 5321 enim
2584 5266 2921 5338 supplicium
2952 5268 3345 5325 interminatur
3391 5269 3575 5326 Eun-

1997 5362 2221 5434 gelium.
2262 5379 2282 5412 ι
2315 5359 2631 5416 Judzeorum
2659 5358 2920 5430 primum.
2954 5376 2974 5413 ι
2999 5360 3179 5417 Dictio
3204 5378 3224 5414 t
3251 5361 3521 5426 Primum.
3548 5380 3567 5414 ι

2001 5460 2154 5516 verbi
2187 5458 2364 5513 solum
2404 5456 2668 5512 honorem
2690 5454 2924 5519 confert,
2950 5466 3059 5511 non
3083 5455 3270 5526 gratiae
3290 5454 3575 5511 abundan-

309 5561 473 5619 tiam.
505 5561 753 5616 Primum
785 5561 933 5616 enim
967 5576 997 5615 a
1026 5559 1218 5617 Iudaeo
1248 5558 1561 5629 postulatur
1582 5563 1648 5612 ut
1676 5556 1888 5623 credat,
1929 5563 2120 5629 utpote
2151 5554 2244 5626 qui
2279 5553 2390 5623 jam
2418 5566 2483 5606 ca
2517 5564 2639 5621 qua
2664 5548 2734 5605 de
2763 5546 3004 5605 Christo-
3046 5556 3198 5611 sunt,
3233 5563 3300 5604 ex
3348 5550 3470 5618 lege
3514 5554 3574 5600 et

304 5656 598 5732 prophetis
622 5656 862 5714 edoctus
885 5655 958 5711 sit
984 5654 1157 5725 magis
1182 5669 1345 5724 quam
1378 5660 1593 5723 gentes.
1659 5649 1930 5704 Praeterea
1967 5650 2099 5705 licet
2132 5647 2201 5702 ad
2231 5659 2580 5702 communem
2612 5642 2832 5711 generis
2890 5641 3119 5697 humani
3141 5643 3373 5696 salutem
3405 5655 3573 5698 vene-

301 5760 399 5810 rat
455 5750 738 5812 Christus.
792 5758 974 5804 tamen
1031 5747 1176 5802 inter
1225 5744 1445 5800 Iudaeos
1496 5752 1553 5797 et
1617 5750 1784 5799 natus
1839 5751 1897 5797 et
1929 5749 2290 5798 conversatus
2316 5737 2847 5803 fuerat,doeuerat,
2914 5735 3210 5804 divinaque
3281 5733 3428 5789 inter
3475 5750 3573 5792 eos

300 5846 465 5915 signa
487 5852 754 5912 operatus
780 5849 933 5897 erat:
960 5846 1190 5911 propter
1266 5849 1391 5909 quae
1448 5834 1631 5889 omnia
1682 5831 1968 5890 debitores
2003 5842 2164 5889 erant
2194 5830 2392 5898 Judaai,
2425 5838 2486 5887 ut
2511 5828 2674 5900 primi
2702 5829 2755 5883 in
2783 5826 3060 5884 Christum
3087 5825 3379 5882 crederent
3404 5840 3569 5896 supra

299 5944 541 5993 caeteras
567 5943 781 6005 gentes.
