3978 6552
504 352 627 420 ’335

1584 340 2015 405 έἘΕΟΠΜΕΝΙΙ
2048 341 2120 403 Tl

2224 342 2345 403 ιειιι
2382 340 2729 402 EPISCOPI
3649 351 3733 418 336

592 461 824 535 209⁸1,
864 459 1196 515 v7.1uuitia
1238 440 1579 510 cnim’Deiin
1604 455 1717 525 ipso
1747 450 2018 508 reveletur
2051 467 2116 506 ea:

2291 451 2650 519 Δικαιοσύνη
2690 450 2803 522 γὰρ
2831 450 2981 506 Θεοῦ
3013 451 3269 519 ἐντινύτῷ
3302 453 3735 519 ἀποκαλύπτεται

514 556 626 627 ﬁde
649 556 703 609 in
725 552 907 621 ﬁdem,
939 552 1071 606 sicut
1095 548 1349 619 scriptum
1369 553 1443 599 est
1469 560 1487 598 :
1513 543 1696 600 Jusms
1720 552 1897 600 autem
1919 560 1985 599 ea:
2010 542 2115 613 ﬁde

518 645 675 700 vivet.

592 731 673 787 Nc
705 745 830 785 eum
891 728 1128 783 salutem
1161 739 1226 779 ac
1274 721 1551 794 justitiam
1604 720 1786 784 audis,
1845 733 1967 775 eam
2021 716 2113 772 hic

523 826 704 882 solum
738 822 1060 891 contingere
1085 816 1387 883 existimes,
1419 815 1637 871 subdit:
1680 833 1698 865 ι
1730 812 2049 876 Revelatur,
2083 827 2104 863 ι

523 918 672 990 quod
702 931 824 972 eam
855 911 1129 985 signiﬁcat
1158 926 1281 982 qua:
1303 919 1388 964 est
1413 907 1470 963 in
1502 907 1693 963 futuro
1733 905 2111 972 saeculo,tan-

523 1025 689 1082 quam
721 1020 869 1061 nunc
899 1020 1010 1059 non
1041 1012 1151 1059 tota
1203 1000 1670 1056 manifestalasit.
1706 1019 1724 1051 ι
1748 998 1825 1053 ηΙιι
1851 997 1970 1068 ipso
2024 1010 2113 1051 re-

521 1106 758 1161 velatur.
802 1120 820 1153 ι
844 1096 1352 1166 «PutaEvangelio.
1384 1091 1518 1147 Nam
1545 1091 1665 1156 Dei,
1690 1089 1899 1160 inquit,
1944 1086 2111 1160 justi-

430 1221 443 1232 ~
523 1197 600 1251 tia
636 1194 690 1248 in
720 1190 1017 1260 Evangelia
1054 1185 1370 1241 revelatur:
1399 1182 1507 1237 hoc
1556 1188 1663 1245 est,
1699 1177 1881 1235 omnis
1930 1178 2114 1232 virtus

523 1305 624 1361 per
668 1282 1027 1354 Evangelium
1066 1277 1394 1348 perﬁcitur.
1450 1270 1851 1345 Namijustitia
1910 1270 2113 1341 saepius

522 1396 749 1438 omnem
778 1378 1044 1432 virtutem
1074 1368 1387 1443 signiﬁcare
1417 1368 1578 1423 solet.
1614 1362 1904 1432 Quomodo
1923 1369 2112 1418 autem

507 1480 578 1527 et
610 1481 901 1541 quousque
925 1460 1232 1521 reveletur?
1255 1446 1358 1516 llis
1383 1457 1479 1529 qui
1510 1473 1577 1513 ex
1605 1455 1712 1511 ﬁde
1740 1454 1811 1511 ad
1859 1455 2112 1525 Evange-

520 1565 660 1620 lium
692 1560 986 1617 accedunt.
1004 1553 1375 1626 .Evangelium
1429 1551 1580 1608 enim
1610 1550 1877 1605 virtutem
1926 1546 2110 1603 omni-

523 1653 631 1707 bus
665 1648 951 1722 praedicat,
978 1657 1282 1715 omnesque
1311 1642 1643 1697 adhortatur
1685 1638 1949 1695 virtutem
1996 1652 2115 1692 am-

524 1744 719 1815 plecti.
755 1741 869 1797 lllis
893 1748 1080 1795 autem
1110 1734 1338 1791 virtutis
1363 1730 1842 1805 pulchritudinem
1866 1727 2109 1792 revelat,

2219 542 2288 597 ὲκ
2316 542 2580 608 πίστεως
2610 544 2700 608 είς
2747 542 2977 608 πίστιν,
3007 541 3203 609 καθὼς
3238 543 3576 614 rimantur
3610 550 3663 606 '0
3683 553 3736 608 δὲ

2218 634 2453 698 δίκαιος
2477 631 2548 687 ἐκ
2576 633 2835 699 πίστεως
2869 630 3131 695 ζήσεται.

2291 725 2413 780 Ἵνα
2445 724 2553 795 γὰρ
2589 725 2664 794 μὴ
2701 722 2978 794 σωτηρίαν
3022 723 3118 775 καὶ
3162 722 3505 795 δικαιοσύνην
3543 727 3736 797 ἀκούων,

2216 818 2454 874 ἐνταῦθα
2507 818 2669 889 μόνον
2718 817 2889 888 αὐτὴν
2931 816 3252 885 συμϐαίνειν
3296 817 3535 889 νομίσῃς,
3581 821 3739 892 ἐπάγει

2214 912 2301 976 τὸ,
2344 931 2363 965 ι
2388 909 2859 975 ἀποκαλύπτεται,
2901 927 2920 961 ι
2964 908 3103 978 ὅπερ
3128 908 3229 977 τὴν
3255 908 3371 961 ἐκεῖ
3391 907 3550 980 δηλοῖ,
3579 911 3644 975 ὡς
3669 914 3741 968 νῦν

2216 1003 2391 1074 αὐτῆς
2442 1003 2520 1075 μὴ
2552 1003 2734 1072 πάσης
2784 1000 3270 1072 πεφανερωμένης.
3309 1018 3327 1051 ι
3355 1000 3441 1054 Ἐν
3475 1002 3610 1073 αὐτῷ
3634 1005 3742 1060 ἀπο-

2213 1096 2574 1152 καλύπτεται.
2605 1113 2626 1147 ι
2659 1093 2750 1165 Τῷ
2785 1093 3106 1164 Εὑαγγελίῳ
3153 1091 3417 1164 δηλονότι.
3467 1095 3740 1168 Δικαιοσύνη

2215 1190 2326 1262 γὰρ
2351 1187 2510 1254 Θεοῦ,
2547 1185 2744 1258 φησὶν,
2792 1188 2850 1241 ὲν
2880 1185 2958 1257 τῷ
2984 1184 3306 1255 Εύαγγελίῳ
3331 1186 3742 1245 ἀποκαλύπτεται.

2216 1281 2537 1349 Τουτέστιν,
2575 1279 2765 1335 ἀπασα
2795 1279 2830 1350 ὴ
2873 1276 3046 1351 ἀρετὴ
3073 1277 3164 1332 διὰ
3212 1276 3306 1331 τοῦ
3343 1278 3652 1347 Εὑαγγελίου
3676 1299 3745 1335 τε-

2198 1373 2480 1429 λειοῦται.
2551 1370 2888 1441 Δικαιοσύνη
2966 1370 3078 1443 γὰρ
3133 1369 3397 1435 πολλάκις
3456 1371 3602 1426 εἴωθε
3656 1375 3743 1427 πᾶ-

2214 1482 2317 1521 σαν
2384 1464 2566 1536 λέγειν
2624 1462 2725 1534 τὴν
2780 1461 3003 1533 ἀρετήν.
3064 1461 3189 1527 Πῶς
3217 1462 3276 1515 δὲ
3323 1461 3743 1530 ἀποκαλύπτεται,

2198 1559 2311 1613 ,ικαὶ
2335 1556 2450 1612 τίσι
2477 1573 2492 1623 ;
2518 1556 2649 1621 Τοῖς
2664 1556 2732 1609 ὲκ
2759 1555 2999 1619 πίστεως
3025 1553 3103 1624 τῷ
3132 1553 3450 1625 Εὑαγγελίῳ
3482 1555 3743 1622 προσιοῦσι.

2214 1651 2357 1705 nam
2395 1649 2494 1720 μὲν
2526 1649 2636 1721 γὰρ
2682 1648 2948 1720 κηρύττει
2985 1646 3084 1719 τὴν
3117 1646 3323 1718 ἀρετὴν
3350 1645 3411 1701 τὸ
3442 1647 3746 1716 Εὑαγγέλιον,

2215 1745 2313 1799 καὶ
2344 1746 2481 1798 πᾶσι
2510 1745 2773 1815 παραινεῖ
2802 1740 3126 1813 ἀντέχεσθαι
3160 1743 3263 1812 τῆς
3287 1741 3503 1812 ἀρετῆς.
3532 1742 3749 1807 Ἐκείνοις

525 1835 759 1905 ejusque
782 1831 912 1886 facit
962 1835 1259 1890 amatores,
1311 1825 1408 1895 qui
1436 1838 1554 1894 ,ρετ
1585 1822 1748 1878 ﬁdem
1786 1819 2109 1877 accedunt.

2224 1837 2274 1892 δὲ
2299 1835 2682 1900 ἀποκαλύπτει
2711 1835 2775 1889 τὸ
2808 1835 3008 1900 κάλλος
3045 1835 3145 1906 τῆς
3182 1833 3408 1906 ἀρετῆς,
3442 1834 3527 1888 καὶ
3550 1834 3749 1899 ἐκείνους

525 1925 671 1994 Quid
706 1923 878 1995 ergo?
900 1921 1091 1979 Cessat
1112 1919 1291 1975 virtus
1322 1917 1417 1972 ubi
1448 1917 1577 1987 quis
1597 1913 1818 1987 egregie
1846 1912 2111 1969 virtutem

523 2028 816 2076 assecutus
847 2016 968 2072 est?
1002 2014 1400 2084 Nequaquam:
1436 2010 1573 2081 quin
1596 2007 1782 2080 patius
1838 2004 2114 2077 inperfe-

519 2113 676 2170 ctius
696 2125 766 2166 ac
792 2107 1090 2164 sublimius
1119 2103 1316 2160 tendit.
1346 2101 1565 2157 Etenim
1603 2098 1782 2171 prima
1798 2097 1936 2155 ﬁdes
1964 2110 2117 2152 eom-

529 2206 757 2279 punetio
786 2201 1040 2275 quaedam
1061 2208 1183 2257 erat
1212 2197 1519 2266 animaque
1548 2190 1952 2265 promptitudo.
1985 2189 2117 2257 Quae

527 2315 664 2357 vero
688 2313 817 2355 cum
838 2294 1165 2368 operatione
1187 2290 1456 2352 virtutum
1480 2294 1713 2344 eoaueta
1765 2292 1822 2340 et
1870 2281 2115 2354 perfecta

528 2392 669 2447 ﬁdes
696 2394 803 2453 est,
833 2382 1184 2442 conﬁrmatio
1229 2376 1595 2435 immutabilis
1641 2383 1748 2439 est,
1803 2371 2117 2440 mentisque

526 2477 933 2538 certitudo..Et
972 2476 1068 2530 illa
1090 2471 1323 2544 quidem
1357 2468 1588 2526 seminis
1620 2464 1889 2522 decisioni
1920 2461 2118 2518 similis

529 2582 638 2639 est,
668 2572 934 2627 virtutum
976 2576 1177 2622 autem
1235 2548 1509 2635 operatio,
1562 2555 2010 2615 fructiﬁcationi:
2061 2561 2120 2611 et

532 2667 629 2722 illa
655 2677 904 2735 quaeper
939 2676 1033 2717 eas
1055 2656 1343 2731 perﬁcitur
1399 2652 1559 2717 ﬁdes,
1592 2648 1842 2705 lruitioui
1868 2662 1935 2703 ac
1985 2647 2120 2702 bea-

534 2753 783 2812 titudini.
812 2752 892 2807 lta
913 2765 1046 2822 ergo
1065 2746 1284 2821 justitia
1315 2745 1413 2800 Dei
1439 2744 1720 2799 reveletur
1743 2741 1797 2795 in
1821 2738 2119 2810 Evangelia

530 2866 604 2907 ex
642 2848 750 2905 ﬁde
776 2849 833 2904 in
860 2846 1047 2903 ﬁdem.
1080 2845 1250 2901 Vocat
1279 2852 1464 2898 autem
1489 2841 1588 2897 Dei
1615 2838 1886 2913 justitiam
1939 2837 2120 2891 virtu-

536 2952 668 3009 tem,
702 2940 850 3013 quod
900 2940 1151 2998 divinum
1190 2936 1452 3009 quiddam
1507 2935 1580 2991 sit
1603 2934 1802 2996 virtus,
1861 2929 2121 3002 quodque

512 3037 720 3092 -omnia
750 3036 895 3091 bona
917 3049 985 3089 ex
1003 3033 1114 3087 Deo
1140 3031 1271 3085 sint.
1303 3049 1321 3081 ι
1352 3029 1432 3084 Ex
1454 3026 1562 3083 ﬁde
1589 3028 1647 3081 in
1673 3025 1859 3081 ﬁdem.
1891 3042 1910 3076 ι
1935 3024 1982 3077 A
2014 3020 2120 3076 ﬁde

480 3128 750 3202 incipit,
780 3138 837 3184 et
874 3127 930 3182 in
981 3125 1196 3181 ﬁdelem
1242 3139 1340 3179 seu
1382 3121 1702 3177 credentem
1749 3117 1971 3173 desinit.
2023 3113 2120 3170 Vel

510 3179 681 3297 .qui;
698 3234 756 3279 et
784 3221 841 3277 in
866 3220 974 3275 ﬁde
1001 3217 1196 3289 incipit
1217 3224 1275 3272 et
1305 3216 1363 3270 in
1398 3213 1561 3269 ﬁdem
1596 3210 1883 3267 terminari
1920 3207 2117 3263 debet:
2148 3179 2194 3241 c

537 3316 688 3387 quod
728 3330 832 3369 nos
863 3328 973 3368 non
1002 3318 1257 3382 oporteat
1305 3314 1512 3363 cuncta
1544 3320 1668 3375 quae
1707 3303 1764 3357 in
1803 3316 1872 3357 eo
1909 3300 2115 3355 baben-

537 3418 631 3464 tur
674 3406 894 3464 curiose
941 3403 1204 3460 scrutari.
1263 3401 1374 3456 Aut
1430 3400 1537 3454 hoc
1584 3396 1768 3452 modo:
1830 3392 2124 3464 Prophetis

510 3500 781 3557 -credere
808 3504 1049 3568 oportet,
1086 3504 1144 3551 et
1169 3510 1272 3565 per
1296 3493 1423 3547 illos
1461 3492 1529 3545 ad
1556 3488 1927 3559 Evangelium
1960 3485 2124 3540 ﬁdem

537 3591 693 3648 duci.
726 3591 999 3645 Praeterea
1032 3596 1089 3642 et
1118 3586 1312 3641 aliter.
1350 3584 1451 3651 Qui
1478 3583 1705 3639 Christo
1737 3579 1974 3635 Domino
1991 3591 2125 3633 tere-

511 3717 517 3723 ι
541 3685 624 3739 dit
644 3693 701 3739 et
725 3681 982 3752 baptismi
1009 3678 1242 3751 gratiam
1265 3675 1530 3746 suscepit,
1555 3689 1656 3744 per
1688 3672 1807 3728 haec
1830 3669 2125 3726 deducitur

540 3777 613 3832 ad
649 3774 990 3831 credendum
1050 3772 1235 3827 futura
1280 3770 1447 3834 bona,
1481 3776 1611 3838 puta
1665 3762 2125 3821 resurrectionem

543 3887 614 3926 ex
646 3868 905 3933 mortuis,
941 3864 1109 3921 vitam
1129 3873 1418 3929 aeternam,
1448 3872 1790 3932 regnumque
1835 3856 2125 3914 caelorum.

542 3957 787 4017 Credere
809 3955 958 4012 enim
987 3962 1209 4026 oportet
1235 3951 1384 4025 quod
1404 3950 1660 4008 Christus
1685 3956 1939 4020 suscepta
1961 3960 2127 4003 carne

546 4053 603 4108 in
649 4059 795 4107 terra
825 4047 1104 4120 apparuit,
1132 4045 1278 4117 quod
1304 4043 1638 4116 principium
1667 4050 1753 4098 est
1777 4059 1791 4096 :
1819 4049 1878 4097 et
1908 4054 2128 4096 rursum

543 4142 692 4213 quod
712 4156 942 4213 regnum
963 4139 1229 4196 caelorum
1251 4134 1610 4192 credentibus
1656 4135 1713 4190 in
1748 4133 2127 4190 haereditatem

539 4232 823 4299 succedet,
847 4230 996 4302 quod
1020 4228 1146 4284 ﬁnis
1171 4235 1255 4284 est
1280 4226 1429 4283 ﬁdei.
1466 4227 1629 4297 210
1678 4226 1772 4282 Vel
1798 4225 1906 4281 hoc
1926 4223 2126 4280 modo:

534 4325 733 4383 Judan
750 4322 974 4393 quidem
1002 4337 1070 4377 ex
1101 4319 1207 4374 ﬁde
1232 4318 1372 4389 legis
1396 4317 1454 4371 in
1484 4316 1671 4382 ﬁdem,
1700 4329 1823 4385 qua!
1840 4330 1941 4385 per
1964 4313 2127 4370 Chri-

508 4460 511 4467 ,
545 4426 692 4472 stum
731 4412 1062 4469 est:Cra:co
1109 4425 1242 4466 vero
1268 4425 1335 4464 ex
1368 4408 1476 4464 ﬁde
1531 4407 1770 4462 naturali
1794 4405 1852 4460 in
1875 4405 2127 4463 eamdem

2219 1931 2365 1986 ποιεῖ
2398 1928 2636 2002 ὲραστάς
2667 1928 2862 1999 αὐτῆς,
2897 1928 3029 1991 τοὺς
3075 1926 3214 1997 μετά
3271 1925 3506 1990 πίστεως
3540 1927 3748 1996 προσιόν-

2217 2043 2336 2091 τας.
2368 2025 2433 2080 Τί
2471 2019 2603 2092 οὖνς
2636 2024 2871 2078 παύεται
2898 2024 2936 2094 ἡ
2980 2021 3165 2085 πίστις
3202 2021 3306 2092 τῆς
3356 2018 3551 2091 ἀρετῆς
3591 2034 3751 2090 κατορ-

2218 2118 2528 2189 θουμένης;
2564 2113 2879 2185 (οὐμενοῦν.
2915 2112 3081 2168 Ἃ).λά
3119 2114 3215 2166 καὶ
3260 2112 3345 2177 είς
3372 2111 3433 2166 τὸ
3466 2110 3752 2180 τελειότερον

2200 2211 2313 2265 -καὶ
2340 2208 2678 2281 ὑψηλότερον
2706 2205 2976 2279 πρόεισιν.
3025 2205 3091 2258 Ἡ
3119 2203 3218 2276 μὲν
3247 2203 3360 2276 γὰρ
3390 2201 3574 2276 πρώτη
3607 2201 3753 2265 πίστις

2206 2301 2513 2368 Διιατάνυξίς
2537 2318 2622 2365 τις
2643 2297 2711 2371 ἦν
2734 2298 2834 2354 καὶ
2862 2297 3146 2371 προθυμία
3166 2296 3371 2369 ψυχῆς.
3409 2295 3477 2350 Ἦ
3508 2295 3562 2349 δὲ
3583 2297 3641 2365 τῇ
3668 2294 3753 2348 τῶν

2219 2393 2434 2466 ἀρετῶν
2486 2392 2725 2464 ἐργασίᾳ
2760 2390 3169 2462 αυναυξηθείσα
3196 2389 3295 2444 καὶ
3331 2387 3657 2442 τελειωθεϊσα
3681 2386 3754 2440 πί·

2221 2502 2359 2552 στις,
2383 2484 2676 2556 βεϐαίωσίς
2705 2486 2855 2538 εστιν
2880 2482 3285 2554 ἀμετάπειστος
3320 2480 3416 2535 καὶ
3437 2477 3752 2550 πληροφορὶα.

2221 2577 2334 2633 Καὶ
2363 2578 2396 2649 ἡ
2428 2577 2528 2648 μὲν
2546 2576 2688 2631 ἔοικε
2716 2574 2993 2647 καταϐολῇ
3018 2574 3403 2645 σπέρματος,ὴ
3430 2571 3488 2626 δὲ
3519 2585 3754 2641 καρποφο-

2225 2669 2336 2741 ρίᾳ,
2366 2672 2400 2741 ὴ
2426 2669 2536 2722 τῶν
2563 2668 2774 2740 ἀρετῶν
2804 2668 3061 2740 ἐργασία,
3095 2667 3129 2738 ἡ
3198 2666 3255 2721 δὲ
3284 2664 3357 2720 δι’
3385 2665 3557 2719 αὐτῶν
3580 2661 3757 2716 τελειω-

2222 2764 2379 2818 θεϊσα
2407 2761 2612 2825 πίστις,
2648 2760 2958 2817 ἀπολαύσει
2985 2760 3088 2814 ικαὶ
3122 2757 3462 2830 εὐδαιμονίᾳ.
3501 2754 3666 2818 Οὕτως
3685 2751 3757 2806 οῦν

2220 2856 2537 2928 δικαιοσύνη
2565 2857 2702 2912 Θεοῦ
2728 2855 3173 2911 ἀποκαλύπτεται
3210 2857 3270 2909 ἐν
3305 2853 3387 2924 τῷ
3413 2850 3697 2921 Εὐαγγελίῳ
3708 2850 3759 2902 ὲκ

2224 2951 2464 3015 πίστεως
2499 2953 2579 3014 είς
2618 2950 2822 3005 πίστιν.
2856 2948 3031 3004 Καλεϊ
3055 2948 3114 3003 δὲ
3140 2945 3277 3002 Θεοῦ
3323 2943 3650 3015 δικαιοσύνην
3683 2941 3758 3011 τὴν

2222 3042 2447 3114 ἀρετὴν,
2479 3042 2563 3096 ὄτι
2584 3041 2733 3096 θεῖόν
2756 3040 2809 3095 τί
2836 3043 2984 3096 ἐστιν
3016 3042 3050 3111 ἡ
3076 3040 3270 3113 ἀρετὴ,
3294 3039 3393 3094 καὶ
3420 3039 3501 3093 ὅτι
3532 3036 3687 3091 πάντα
3707 3034 3759 3086 τὰ

2225 3130 2406 3201 ἀγαθά
2451 3132 2516 3185 ὲκ
2566 3131 2726 3186 Θεοῦ.
2760 3151 2779 3183 ι
2807 3130 2904 3185 Ἐκ
2936 3132 3175 3195 πίστεως
3224 3130 3310 3194 είς
3367 3129 3564 3183 πίστιν.
3598 3143 3615 3177 ι
3654 3122 3761 3178 Ἀπὸ

2228 3223 2464 3285 πίστεως
2508 3221 2759 3293 ἀρχετσι,
2815 3223 2912 3275 καὶ⁵
2945 3222 3027 3285 είς
3077 3222 3169 3276 τὸν
3211 3221 3578 3275 πιστεύσαντα
3614 3217 3759 3288 λήγει.

2228 3316 2300 3370 Ἣ
2324 3318 2403 3371 ὅτι
2436 3318 2500 3368 ὲκ
2531 3313 2768 3379 πίστεώς
2793 3332 2853 3370 τε
2884 3317 3134 3386 ἄρχεται,
3166 3316 3261 3368 καὶ
3290 3315 3375 3379 είς
3396 3313 3575 3367 πίστιν
3596 3307 3762 3379 ὀφείλει

2226 3408 2405 3479 λῆξαι.
2457 3408 2542 3471 Ὠς
2577 3408 2677 3461 οὐκ
2710 3407 3037 3475 ὀφειλόντων
3060 3407 3219 3478 ήμῶν
3246 3406 3466 3461 ἅπαντα
3485 3405 3549 3460 τά
3569 3406 3619 3457 ὲν
3645 3398 3765 3470 αὐτῷ

2226 3500 2717 3572 περιεργάζεσθαι.
2751 3500 2821 3553 Ἤ
2851 3498 3046 3562 οὕτως·
3079 3501 3171 3552 Δεῖ
3211 3498 3503 3552 πιστεῦσαι
3526 3498 3627 3558 τοῖς
3659 3507 3765 3563 προ-

2228 3596 2447 3666 φήταις,
2480 3594 2573 3646 καὶ
2605 3594 2674 3646 δι’
2699 3593 2928 3647 ἐκείνων
2962 3595 3043 3656 είς
3082 3592 3181 3663 τὴν
3215 3589 3314 3645 τοῦ
3358 3588 3669 3659 Εὑαγγελίου
3696 3583 3765 3637 πί-

2230 3703 2347 3740 στιν
2386 3685 2780 3757 ποδηγηθῆναι.
2808 3685 3041 3749 Ἄλλως.
3077 3685 3138 3740 '0
3180 3684 3291 3756 γάρ
3334 3683 3413 3753 τῷ
3444 3682 3670 3750 Δεσπὸτῃ
3696 3693 3766 3729 πι-

2231 3777 2440 3832 στεύων
2487 3777 2748 3850 Χριστῷ,
2795 3778 2890 3832 atat
2942 3778 3038 3832 τοῦ
3093 3776 3472 3848 βαπτίσματος
3506 3773 3597 3844 τὴν
3638 3769 3766 3842 χάριν

2228 3869 2546 3942 δεξάμενος,
2589 3868 2910 3941 ποδηγεϊται
2958 3868 3048 3923 διὰ
3075 3868 3282 3923 τούτων
3312 3869 3394 3932 είς
3434 3869 3493 3920 τδ
3521 3860 3765 3917 πιστεῦσαι

2228 3964 2343 4027 τοῖς
2385 3961 2675 4032 μέλλουσιν
2725 3961 2975 4031 ἀγαθοῖς,
3010 3963 3079 4033 τῇ
3128 3962 3196 4016 ὲκ
3247 3960 3460 4033 νεκρῶν
3495 3955 3766 4016 ἀναστάσει,

2229 4056 2297 4126 τῇ
2335 4054 2542 4126 αίωνίῳ
2569 4053 2706 4126 ζωῇ,
2746 4054 2840 4108 καὶ
2868 4057 2934 4127 τῇ
2977 4054 3231 4127 βασιλείᾳ
3269 4054 3384 4110 τῶν
3407 4050 3657 4125 οὐρανῶν.
3688 4044 3766 4098 Πι-

2232 4143 2445 4199 στεύειν
2473 4146 2583 4216 γὰρ
2619 4144 2703 4198 δεῖ
2742 4145 2825 4198 ὅτι
2859 4143 2994 4208 Θεὸς
3040 4143 3218 4215 ὲιράνη
3257 4143 3353 4197 ἐπὶ
3377 4146 3482 4215 γῆς
3509 4137 3639 4213 μετὰ
3665 4150 3769 4207 σαρ-

2232 4236 2346 4303 κὸς,
2373 4236 2512 4307 ὅπερ
2547 4237 2696 4291 εστὶν
2730 4237 2894 4308 ἀρχὴ,
2927 4238 3022 4291 καὶ
3067 4236 3230 4292 πάλιν
3270 4237 3356 4291 ὅτι
3393 4226 3557 4290 ἔσται
3578 4234 3678 4294 τοῖς
3699 4243 3768 4281 πι-

2233 4328 2524 4383 στεύσασιν
2546 4330 2626 4394 είς
2654 4328 2856 4403 κλῆρον
2901 4331 2935 4400 η
2962 4328 3212 4401 βασιλεία
3244 4328 3355 4384 τῶν
3379 4324 3634 4399 οὐρανῶν,
3660 4321 3768 4389 ὅπερ

2232 4423 2351 4476 ἐστὶ
2389 4421 2623 4486 πίστεως
2644 4421 2815 4485 τέλος.
2858 4421 2929 4475 Ἣ
2951 4420 3144 4486 οὕτως.
3180 4416 3570 4494 [ἈΚΔΚΚΟΥ]
3585 4413 3665 4485 Τῷ
3690 4410 3768 4484 μὲν

537 4511 671 4568 Jesu
687 4507 893 4564 Christi
914 4505 1097 4561 ﬁdem.
1116 4524 1134 4558 ι
1161 4503 1314 4558 Sicut
1340 4502 1606 4572 scriptum
1622 4509 1724 4557 est.
1740 4521 1757 4555 ι
1775 4500 2010 4558 Neenim
2039 4500 2120 4556 in-

2250 4514 2490 4587 Ἰουδαίῳ
2539 4517 2604 4568 ὲκ
2650 4514 2754 4586 τῆς
2782 4513 2877 4568 τοῦ
2921 4515 3088 4586 νόμου
3136 4514 3398 4579 πίστεως,
3453 4511 3532 4575 είς
3579 4506 3666 4579 τὴν
3701 4499 3771 4557 διὰ

543 4601 813 4659 credibile
839 4598 1115 4663 videatur,
1139 4595 1291 4666 quod
1318 4594 1455 4650 ﬁdes
1484 4594 1717 4649 salutem
1739 4593 1937 4649 datura
1962 4594 2035 4649 sit
2061 4608 2127 4651 ac

544 4694 844 4766 justitiam,
868 4703 1064 4747 eorum
1091 4702 1215 4759 qua:
1265 4687 1414 4742 dicta
1434 4695 1564 4742 sunt
1598 4685 1974 4743 testimonium
1998 4700 2130 4757 pro—

500 4788 700 4843 xdueit
726 4801 793 4842 ac
817 4783 1199 4855 probationem
1224 4779 1558 4844 evidentem,
1615 4794 1816 4849 nempe
1837 4778 2132 4850 propheti-

547 4890 676 4932 cum
719 4873 979 4928 Habeam:
1027 4871 1276 4927 dictum:
1336 4884 1402 4925 ac
1431 4869 1476 4924 si
1534 4867 1779 4925 diceret:
1816 4868 1962 4924 Bene
2015 4868 2130 4925 dixi

549 4967 781 5040 probum
846 4967 1027 5022 virum
1081 4981 1151 5022 ex
1204 4964 1312 5020 ﬁde
1368 4964 1424 5018 in
1486 4961 1648 5018 ﬁdem
1705 4977 1806 5032 per
1870 4962 2130 5019 virtutem

553 5055 866 5135 procedere.
897 5056 1181 5127 Siquidem
1227 5056 1506 5123 Habaoue,
1542 5054 1744 5125 inquit,
1776 5055 1893 5111 hoc
1914 5054 2133 5112 caelitus

551 5167 648 5225 per
682 5149 942 5221 spiritum
985 5149 1207 5210 clamat.
1257 5149 1406 5218 quod
1448 5149 1615 5204 homo
1666 5148 1879 5218 probus
1928 5164 1996 5204 ex
2022 5148 2131 5205 ﬁde

545 5245 706 5309 vivit,
740 5243 850 5299 hoc
873 5249 980 5308 est,
1013 5256 1234 5301 omnem
1268 5257 1424 5298 suam
1450 5243 1616 5297 vitam
1637 5241 1755 5321 ﬁde
1806 5242 2130 5314 productam

547 5338 736 5397 habet.
773 5335 873 5393 νει
897 5336 1068 5426 magis
1098 5334 1355 5405 proprie:
1380 5335 1538 5391 Justo
1567 5351 1696 5392 vera
1728 5335 1837 5391 vita
1874 5343 1961 5392 est
2003 5351 2132 5407 ger-

547 5430 762 5488 minare
819 5440 884 5484 ac
940 5426 1276 5484 reviviscere
1336 5427 1392 5482 in
1440 5427 1788 5498 possessione
1835 5429 2127 5483 virtutum.

543 5524 757 5588 Justus,
796 5521 999 5593 inquit,
1031 5520 1146 5576 sive
1170 5520 1382 5591 probus
1415 5520 1581 5575 homo
1603 5536 1672 5576 ex
1705 5520 1810 5576 ﬁde
1844 5523 1995 5578 vivet
2018 5523 2127 5578 vita

545 5632 670 5688 qua:
727 5613 1034 5671 secundum
1092 5614 1329 5669 virtutes
1374 5623 1481 5669 est.
1548 5614 1788 5668 Rursum
1834 5615 1982 5685 quod
2028 5615 2126 5681 ait,

549 5728 572 5760 ε
608 5709 801 5765 iustus
830 5722 899 5764 ex
927 5706 1034 5763 ﬁde
1066 5705 1235 5774 vivet,
1267 5724 1288 5758 ι
1327 5705 1642 5777 appositum
1685 5720 1805 5762 esse
1832 5714 2013 5776 potest
2057 5708 2127 5764 ad

548 5802 603 5858 id
641 5800 789 5872 quod
813 5799 1022 5856 dictum
1050 5808 1172 5857 est:
1207 5819 1225 5853 ι
1267 5798 1569 5856 Revelatur
1597 5798 1811 5870 justitia
1843 5814 1911 5856 ex
1938 5799 2063 5858 ﬁde.
2099 5822 2118 5857 ι

2245 4605 2421 4679 Ἰησοῦ
2449 4607 2712 4679 Χριστοῦ,
2757 4606 2834 4678 τῷ
2865 4607 2925 4662 δὲ
2953 4606 3198 4679 Ἕλληνι,
3227 4608 3289 4661 ὲκ
3322 4607 3425 4677 τῆς
3458 4603 3546 4658 τοῦ
3577 4594 3769 4670 φυσικοῦ

2231 4700 2311 4766 είς
2339 4701 2436 4773 τὴν
2472 4700 2644 4773 αὐτὴν
2672 4699 2848 4772 Ἰησοῦ
2890 4700 3130 4772 Χριστοῦ
3170 4701 3378 4754 πίστιν.
3410 4717 3432 4750 ι
3484 4692 3670 4756 Καθὼς
3695 4687 3770 4759 γί-

2231 4806 2502 4861 Ὑραπται-
2541 4809 2561 4844 ι
2622 4790 2743 4845 Ἵνα
2791 4789 2900 4862 γὰρ
2949 4791 3028 4861 μὴ
3073 4789 3201 4861 δόξῃ
3253 4788 3518 4843 ἀπίθανον
3559 4780 3684 4838 εἶναι
3724 4776 3772 4829 τδ

2236 4882 2409 4953 ῥῆμα,
2465 4882 2549 4935 ὅτι
2595 4881 2781 4946 πίστις
2841 4880 3117 4953 σωτηρίαν
3160 4881 3417 4953 δωρεῖται
3466 4878 3558 4933 καὶ
3601 4875 3773 4929 δίκαιον

2236 4975 2426 5045 σύνην,
2465 4973 2775 5046 μαρτυρίαν
2806 4974 3046 5045 παράγει
3081 4972 3191 5027 τῶν
3220 4971 3528 5044 εἰρημένων
3560 4968 3642 5021 καὶ
3665 4960 3772 5016 ἀπό-

2233 5066 2432 5134 δειξιν,
2481 5065 2581 5137 τὴν
2635 5065 2982 5138 προφητικὴν
3015 5065 3174 5136 ῥῆσιν
3224 5063 3323 5134 τὴν
3375 5060 3454 5132 τῷ
3497 5051 3770 5118 Ἀίὸαιωῦμ

2234 5160 2557 5230 εἰρημένην.
2590 5157 2845 5211 Τοιοῦτον
2876 5157 2933 5211 δέ
2988 5156 3042 5209 τί
3077 5172 3263 5227 φησιν’
3312 5154 3506 5217 Καλῶς
3537 5146 3675 5204 εἷπον
3701 5142 3770 5195 τὸν

2236 5249 2524 5302 σπουδαῖον
2547 5251 2611 5301 ὲκ
2643 5246 2879 5311 πίστεως
2902 5248 2982 5310 είς
3009 5246 3194 5299 πίστιν
3219 5243 3467 5316 προϊέναι
3494 5240 3558 5294 δι’
3581 5231 3768 5308 ἀρετῆς·

2237 5339 2349 5392 Καὶ
2372 5339 2481 5411 γὰρ
2504 5342 2532 5393 ὁ
2565 5338 2906 5410 Ἀὅϐακοὺμ,
2941 5338 3130 5409 φησὶν,
3157 5337 3363 5407 ἀνωθεν
3397 5334 3554 5387 τοῦτο
3594 5328 3675 5382 διά
3693 5317 3769 5376 τοῦ

2236 5433 2402 5486 αὐτοῦ
2442 5432 2755 5502 πνεύματος
2788 5423 2908 5503 βοᾷ,
2947 5433 3031 5484 ὅτι
3067 5431 3096 5482 ὁ
3120 5429 3405 5492 σπουδαῖος
3432 5425 3696 5494 ἄνθρωποί
3720 5416 3771 5468 ἐκ

2237 5526 2471 5591 πίστεως
2496 5526 2583 5597 ζῇ,
2623 5526 2872 5579 τουτέστι
2904 5526 3083 5579 πᾶσαν
3112 5525 3210 5594 τὴν
3231 5521 3373 5594 ζωὴν
3407 5516 3569 5574 αὐτοῦ
3620 5512 3770 5565 πίστει

2235 5620 2712 5689 παρατεινομένην
2767 5618 2902 5688 ἔχει.
2939 5619 3007 5670 Ἠ
3065 5616 3421 5685 οἰκειότερον·
3486 5606 3631 5663 Ἐπεὶ
3677 5596 3771 5666 ζωὴ

2235 5709 2464 5779 ἀληθινὴ
2495 5709 2573 5780 τῷ
2619 5708 2815 5780 δικαίῳ
2863 5708 2925 5762 τδ
2971 5707 3186 5762 θάλλειν
3239 5707 3335 5761 και
3388 5701 3592 5772 ἀναζῇν
3642 5691 3768 5759 mi

2233 5803 2426 5875 κτήσει
2457 5802 2566 5859 τῶν
2600 5802 2831 5873 ἀρετῶν,
2862 5803 2889 5855 ὁ
2919 5801 3150 5869 δῖκαιος,
3182 5799 3366 5871 φησιν,
3426 5797 3543 5866 ἦτοι
3578 5793 3605 5845 ὁ
3632 5799 3771 5842 amr

3890 2818 3903 3179 ’
