3978 6542
280 503 396 567 337

1378 512 1762 575 COMMENT.
1800 514 1882 577 IN
1919 514 2159 577 EPIST.
2186 516 2286 577 ΑΙ)
2324 515 2505 578 ROM.

3470 512 3581 576 338

283 615 467 679 δαῖος,
531 612 597 665 ὲκ
639 612 876 677 πίστεως
921 612 1147 686 ζήσεται
1190 614 1289 687 τὴν
1330 618 1473 671 κατὰ
1527 619 1627 682 τΞις
1678 617 1887 689 ἀρετὰς

1995 618 2094 677 Sed
2117 620 2235 677 haec
2270 621 2495 693 quidem
2526 620 2601 677 ita
2631 620 2763 678 sint.
2814 622 3016 678 Verum
3055 621 3101 679 si
3148 622 3418 696 justitiam
3471 626 3567 683 Dei

284 700 463 778 ζωήν.
513 706 624 760 Kal
667 707 750 777 εῖη
800 707 866 762 ἀν
899 709 980 762 τό·
1020 728 1040 762 ι
1083 708 1141 763 '0
1179 709 1244 764 δὲλ
1274 710 1489 775 δίκαιος
1526 712 1591 766 ὲκ
1636 711 1880 778 πίστεως

290 797 551 867 ζήσεται,
588 816 609 847 ι
648 798 1158 852 κατασκευαστικὸν
1196 799 1314 865 τοῦ,
1352 819 1372 851 ι
1404 800 1886 856 Ἀποκαλύπτεται

282 889 611 960 δικαιοσύνη
643 892 706 943 ὲκ
758 891 1015 955 πίστεως.
1048 912 1066 945 ι
1098 892 1241 947 Ἀλλ’
1269 891 1413 947 οὕτω
1460 895 1559 965 μὲν
1589 893 1784 951 ταῦτα.
1824 895 1888 949 Et

284 984 350 1037 δὲ
376 983 442 1037 τὸ
474 981 791 1052 δικαιοσύνη
816 983 977 1047 Θεοῦ,
1006 984 1130 1055 οὐχὶ
1177 984 1276 1056 τὴν
1318 987 1376 1040 έν
1416 966 1693 1057 ἀνθρώπω
1734 982 1889 1055 παρά

284 1075 431 1128 Θεοῦ
465 1075 755 1146 διδομένην
790 1075 1011 1130 ὲκλὰϐοι
1048 1094 1152 1141 τις,
1185 1078 1301 1133 ἀλλ’
1337 1077 1635 1150 ἐγγύτερον
1663 1077 1763 1149 τῆς
1794 1077 1887 1131 λέέ

286 1167 434 1233 ξεως
458 1169 559 1240 τὴν
583 1168 814 1222 ἐνοῦσαν
838 1168 915 1240 τῷ
940 1168 1080 1242 Θεῷ,
1112 1170 1206 1224 καὶ
1233 1170 1636 1242 ἐνεργουμένην
1665 1170 1884 1225 ὑπἀὐ-

282 1261 412 1325 τοῦ,
438 1260 679 1316 τοιοῦτόν
710 1263 835 1317 τινά
871 1280 963 1333 μοι
989 1262 1138 1317 δοκεῖ
1176 1263 1582 1319 ἀνακαλύπτειν
1609 1262 1755 1329 νοῦν,
1802 1263 1884 1316 ὅτι

297 1355 333 1424 ἠ
357 1353 458 1408 τοῦ
493 1353 631 1408 Θεοῦ
683 1355 1020 1426 δικαιοσύνη,
1051 1355 1120 1429 ἣν
1153 1356 1282 1426 περὶ
1313 1357 1463 1427 ἡμᾶς
1493 1355 1882 1419 ἐπιδείκνυται,

284 1445 706 1518 φιλανθρωπίας
729 1447 840 1519 ὅρῳ
859 1447 953 1502 καὶ
973 1447 1145 1519 νόμῳ,
1166 1449 1224 1500 ὲν
1247 1447 1325 1519 τῷ
1344 1445 1664 1516 Εύατγελίῳ
1716 1445 1882 1501 αὐτοῦ

1992 718 2175 767 sumat
2207 712 2508 783 quispiam,
2544 727 2656 768 non
2686 727 2795 784 pro
2817 728 2885 769 ea
2913 729 3035 784 quae
3081 713 3295 770 homini
3345 715 3508 771 datur
3549 731 3587 772 α

1990 804 2125 870 Deo,
2159 805 2279 871 sed,
2316 805 2465 876 quod
2500 804 2568 860 ad
2608 820 2799 865 vocem
2835 805 3064 875 propius
3097 805 3328 873 accedit,
3384 820 3486 877 pro
3520 822 3583 862 ea

1998 914 2121 969 qua:
2148 897 2204 953 in
2235 898 2351 954 Deo
2407 907 2515 965 est,
2568 913 2847 969 quamque
2895 899 3012 969 ipse
3064 907 3357 970 operatur:
3417 900 3582 973 talem

1989 991 2285 1063 quemdam
2332 1006 2555 1047 sensum
2587 990 2943 1047 manifestare
2979 991 3114 1046 mihi
3150 991 3395 1059 videtur,
3433 990 3603 1063 quod?

1988 1082 2085 1138 Dei
2112 1081 2329 1153 iustitia
2363 1097 2527 1154 quam
2556 1082 2703 1138 circa
2738 1097 2840 1138 nos
2865 1082 3119 1150 exhibet,
3150 1085 3393 1141 termino
3432 1084 3584 1156 lege-

1989 1190 2100 1246 que
2130 1174 2495 1247 benignitatis
2542 1175 2596 1231 in
2624 1175 2746 1246 ejus
2786 1175 3088 1247 Evangelia
3146 1174 3583 1233 demonstratur.

1986 1267 2238 1336 Qualiter
2283 1274 2470 1323 autem
2501 1275 2557 1322 et
2596 1265 2874 1336 quomodo
2901 1265 2979 1320 id'
3012 1264 3286 1321 efﬁcitur?
3325 1264 3467 1332 Quia
3516 1281 3586 1321 ex
3630 1258 3633 1259 ⁷

1988 1360 2107 1416 sola
2135 1360 2242 1416 ﬁde
2267 1375 2371 1416 nos
2396 1360 2579 1416 salvos
2605 1357 2759 1423 facit,
2774 1358 3000 1430 jamque
3024 1367 3277 1414 mortuos
3309 1357 3583 1421 viviﬁcat,

1985 1468 2110 1508 cum
2133 1453 2288 1524 prius
2312 1468 2425 1508 non
2452 1450 2873 1508 exbibuerimns
2904 1464 3094 1520 opera.
3124 1449 3297 1520 quue
3353 1449 3590 1504 manife-

288 1539 593 1594 δείκνυται.
631 1538 758 1602 Πῶς
795 1540 890 1593 καὶ
926 1540 1046 1593 τίνα
1080 1540 1283 1612 τρόπον
1307 1557 1323 1606 ;
1351 1540 1475 1594 Ὀτι
1505 1540 1570 1593 ἐκ
1594 1537 1763 1610 μόνης
1796 1538 1885 1592 πί-

289 1647 469 1695 στεως
513 1631 662 1701 ἡμᾶς
692 1630 883 1697 σώζει,
918 1631 1011 1684 καὶ
1036 1631 1414 1702 νεκρωθέντας
1444 1631 1548 1703 ἢδη
1606 1629 1878 1696 ζωοποιεῖ,

1986 1547 2131 1601 stius
2154 1546 2211 1600 in
2233 1542 3128 1618 progressudemonstratPaulus
3155 1557 3281 1598 cum
3315 1541 3423 1596 ait:
3467 1559 3486 1594 ι
3521 1542 3588 1598 Et
3626 1593 3631 1603 ι

1978 1638 2291 1712 justiﬁcans
2355 1655 2506 1706 eum,
2533 1639 2628 1710 qui
2674 1648 2760 1694 est
2816 1653 2881 1693 ex
2939 1637 3066 1693 ﬁde.
3105 1656 3124 1690 ι
3182 1637 3583 1705 Rursumque:

290 1724 371 1795 μὴ
410 1722 969 1795 προεπιδειξαμένους
998 1723 1159 1797 ἔργα.
1190 1724 1301 1778 Καὶ
1331 1722 1491 1778 τοῦτο
1529 1721 1740 1794 προῖὼν
1789 1721 1881 1776 καὶ

1995 1750 2010 1783 ι
2051 1731 2348 1788 JustiﬁCati
2382 1731 2554 1804 igitur
2574 1746 2642 1788 ex
2674 1728 2805 1787 ﬁde.
2838 1750 2857 1784 ι
2891 1730 2958 1785 Et
2991 1730 3228 1786 iterum:
3273 1747 3292 1781 ι
3330 1727 3389 1783 Si
3440 1742 3579 1783 con-

281 1819 313 1871 ὁ
340 1816 558 1882 Παῦλος
585 1817 992 1888 ἐμφανέστερον
1020 1818 1264 1888 παριστᾷ
1291 1817 1351 1871 ὲν
1376 1810 1457 1879 οἷς
1498 1832 1690 1887 φησιν,
1726 1834 1745 1868 ι
1769 1816 1881 1869 Kal.

1995 1820 2162 1878 lessus
2197 1821 2372 1879 fueris
2401 1838 2499 1879 ore
2530 1829 2626 1878 tuo
2648 1820 2944 1877 Dominum
2981 1820 3204 1886 Jesum,
3263 1817 3467 1875 deinde
3530 1827 3587 1873 et

279 1909 608 1963 δικαιοῦντα
644 1909 741 1963 τὸν
771 1909 1126 1973 ὲκπίστεως.
1161 1927 1180 1962 ι
1211 1909 1323 1963 Kal.
1373 1908 1558 1963 πάλιν·
1596 1926 1615 1960 ι
1646 1909 1882 1961 Δικαιω-

1995 1913 2289 1971 credideris
2314 1915 2371 1971 in
2426 1915 2596 1973 corde
2643 1925 2759 1983 tuo,
2817 1915 3005 1971 salvus
3042 1914 3176 1971 eris.
3213 1932 3233 1968 ι
3291 1912 3409 1969 Hoc
3451 1926 3587 1983 ergo

284 2002 493 2068 θέντες
514 1998 610 2057 οὗν
648 2004 713 2058 ἔκ
741 2002 1007 2066 πίστεως.
1039 2020 1059 2053 ι
1096 2001 1211 2057 Καὶ
1240 2001 1436 2056 πάλιν·
1476 2018 1495 2053 ι
1529 1999 1661 2054 Ἐὰν
1690 1998 1886 2071 ὁμολο-

1995 2007 2088 2062 Dei
2108 2007 2343 2080 iustitia:
2374 2019 2459 2066 est
2482 2009 2783 2065 humanam
2812 2008 3214 2080 benignitatem
3240 2004 3586 2068 excedentis,

281 2100 487 2171 111cm:
511 2100 569 2152 ὲν
597 2097 677 2168 τῷ
722 2096 954 2169 στόματί
997 2113 1094 2151 σου
1124 2096 1331 2169 Κύριον
1359 2092 1595 2168 Ἰησοῦν,
1637 2090 1757 2148 εἶτα
1787 2094 1885 2148 καὶ

1995 2111 2060 2153 ex
2114 2098 2231 2153 sola
2268 2099 2527 2155 videlicet
2580 2100 2687 2156 ﬁde
2734 2115 2837 2156 nos
2867 2098 3113 2170 peccatis
3166 2099 3281 2169 jam
3335 2104 3587 2152 mortuos

284 2189 600 2262 πιστεύσῃς
648 2191 709 2243 ὲν
744 2192 813 2261 τῇ
858 2189 1061 2261 καρδίᾳ
1092 2206 1208 2256 σου,
1255 2188 1498 2263 σωθήσῃ.
1532 2206 1551 2240 ι
1589 2187 1760 2241 Τοῦτο
1792 2182 1887 2241 οὖν

1995 2188 2270 2245 viviﬁcare
2308 2207 2373 2247 ac
2406 2193 2696 2248 suscitare.
2730 2192 2878 2249 Bene
2900 2194 3088 2264 itaque
3118 2191 3377 2264 praedixit
3433 2189 3601 2262 quod‘

280 2282 647 2353 δικαιοσύνης
676 2281 837 2349 Θεοῦ,
875 2281 1114 2352 νικώσης
1152 2280 1568 2351 φιλανθρωπίαν
1602 2278 1884 2352 ἀνθρωπί-

1995 2282 2360 2353 Evangelium
2389 2286 2639 2357 potentia
2674 2284 2747 2342 sit
2781 2283 2848 2341 ad
2881 2285 3117 2342 salutem
3137 2283 3410 2342 credenti.
3436 2281 3586 2339 Con-

283 2391 414 2446 νην,
465 2375 529 2428 τὸ
574 2377 639 2429 ὲκ
674 2375 845 2445 μόνης
883 2375 1116 2439 πίστεως
1155 2374 1531 2446 νεκρωθέντας
1575 2374 1726 2444 ἡμᾶς
1760 2375 1884 2437 ταῖς

1995 2377 2239 2435 ﬁrmatur
2255 2394 2493 2450 namque
2512 2379 2559 2434 is
2577 2380 2672 2449 qui
2698 2379 2937 2435 credidit
2956 2396 3056 2450 per
3074 2379 3370 2451 justitiam,
3394 2392 3516 2447 qua:
3530 2375 3588 2430 in

281 2466 595 2538 ἁμαρτίαις
634 2466 737 2537 ἥδη
807 2468 1085 2539 ἀνεγεῖραι
1134 2468 1230 2521 καὶ
1267 2466 1627 2537 ζωοποιῆσαι.
1692 2465 1789 2529 Ὠς
1821 2481 1881 2519 τε

1995 2484 2045 2526 to
2065 2470 2364 2526 reveletur.
2393 2471 2497 2526 Per
2512 2470 2802 2526 credentes
2825 2479 3008 2526 autem
3035 2469 3313 2526 revelatur
3332 2476 3388 2523 et
3411 2468 3585 2522 inani-

277 2558 477 2623 καλῶς
511 2561 776 2630 προεῖπεν
804 2560 887 2613 ὅτι
925 2558 1158 2631 δύναμίς
1189 2560 1307 2612 ἐστι
1341 2557 1403 2612 τὸ
1437 2557 1771 2628 Εὐαγγέλιον
1801 2560 1882 2622 είς

1995 2561 2227 2617 'estatur.
2260 2564 2461 2620 Verum
2481 2564 2546 2618 ad
2569 2563 2703 2634 quid
2728 2562 3057 2629 viviﬁcatur,
3077 2560 3383 2634 inquit,qui
3408 2560 3589 2619 credi-

282 2651 575 2722 σωτηρίαν
600 2651 677 2723 τῷ
705 2651 1039 2707 πιστεύοντι.
1066 2653 1177 2707 Kal
1214 2650 1327 2724 γὰρ
1369 2649 1704 2722 δυναμοῦται
1733 2652 1761 2703 ό
1791 2668 1881 2705 πιο

1995 2653 2058 2710 lit
2074 2654 2189 2712 lAd
2209 2657 2666 2728 perfectissimam
2686 2655 2850 2713 ﬁdem
2875 2665 2930 2713 et
2947 2657 3347 2712 immutabilem
3364 2654 3590 2710 habitus

284 2744 553 2812 στεύσας,
589 2744 676 2800 διὰ
711 2745 814 2815 τῆς
835 2747 894 2800 ὲν
923 2744 1072 2814 αὒτῷ
1112 2742 1644 2814 ἀποκαλυπτομένης
1674 2741 1879 2796 δικαιο-

1995 2745 2379 2805 'ortitudinem.
2410 2750 2545 2806 Nam
2575 2766 2641 2805 ex
2675 2749 2779 2805 ﬁde
2810 2750 2899 2830 in.
2926 2749 3093 2806 ﬁdem
3140 2758 3226 2805 est
3258 2746 3581 2804 viviﬁcatio.

283 2837 485 2910 σύνης.
516 2841 617 2896 Διὰ
638 2839 697 2894 δὲ
725 2838 837 2893 τῶν
865 2838 1253 2906 πιστευόντων,
1296 2837 1747 2894 ἀποκαλύπτεται
1785 2836 1883 2890 καὶ
1922 2845 2281 2915 φανεροῦται.
2305 2846 2448 2900 Ἀλλ’
2474 2848 2555 2911 εἰς
2578 2847 2628 2901 τί
2665 2848 3034 2912 ζωοποιεῖται,
3066 2845 3254 2918 φησὶν,
3307 2846 3335 2897 ό
3368 2842 3590 2896 πιστεύ-

285 2950 429 2999 σαςς
458 2933 556 2997 Εἰς
631 2932 732 3005 τὴν
783 2930 1132 3007 τελειοτάτην
1179 2933 1275 2988 καὶ
1332 2930 1478 2989 κατά
1557 2929 1959 3003 ἀμετάσειστον
1996 2931 2165 3002 ἕξεως
2210 2940 2365 3011 ἰσχὺν
2398 2938 2600 2995 πίστιν,
2657 2940 2755 2994 Ἐκ
2783 2940 2892 3012 γὰρ
2926 2939 3163 3002 πίστεως
3210 2938 3291 3002 εἰς
3334 2937 3517 2990 πίστιν
3554 2919 3588 2990 ἡ

283 3025 645 3099 ζωποίηοςις.

364 3211 600 3265 Δυνατὶν
628 3210 687 3265 δὲ
714 3210 809 3265 καὶ
830 3211 1005 3274 ἄλλως
1027 3209 1240 3281 νοῆσαι.
1288 3210 1352 3263 Ἦ
1376 3209 1472 3264 τοῦ
1503 3209 1643 3264 Θεοῦ
1671 3209 1881 3263 δικαιο-

2038 3216 2141 3287 21
2155 3216 2198 3286 ι
2217 3216 2516 3272 Possumus
2529 3223 2710 3271 autem
2732 3225 2787 3273 et
2809 3214 2917 3271 alio
2932 3212 3094 3269 modo
3119 3212 3449 3283 intelligere.
3494 3209 3593 3264 Jua-

293 3303 441 3375 σΰνη
484 3303 573 3358 διὰ
627 3303 724 3358 τοῦ
754 3303 1090 3373 Εὑαγγελίου
1120 3302 1589 3367 ἀποκαλύπτεται,
1626 3304 1707 3357 ὅτι
1736 3301 1881 3372 λαμ-

290 3398 482 3453 ϐάνων
507 3398 643 3470 παρ’
665 3398 825 3470 ἡμῶν
856 3399 1032 3471 ἀρχὴν
1056 3399 1219 3471 μόνον
1242 3400 1336 3455 καὶ
1371 3400 1593 3472 σπέρμα
1624 3398 1884 3463 πίστεως,

293 3491 466 3555 αὐτὸς
496 3490 718 3556 αὐξάνει
751 3493 849 3546 καὶ
886 3491 1105 3563 ἐδράζει
1138 3493 1233 3546 καὶ
1275 3494 1601 3547 τελειοποιεῖ
1636 3493 1787 3564 ἡμᾶς
1809 3492 1890 3556 εἰς

294 3585 478 3657 αὐτὴν
507 3584 738 3655 ταύτην.
789 3583 961 3639 Τοῦτο
1011 3584 1326 3657 δικαιοσύνη
1355 3585 1432 3649 ὡς
1464 3583 1683 3655 άληθῶς
1727 3582 1888 3649 Θεοῦ,

291 3676 358 3732 τὸ
417 3675 583 3750 μόνον
637 3675 897 3747 ἀφορμὴν
962 3678 1340 3749 προαιρέσεως
1397 3677 1672 3740 λαϐόντα,
1726 3675 1891 3730 αὐτὸν

296 3769 606 3842 ἀπαρτίσαι
635 3772 698 3822 τὸ
729 3770 859 3824 πᾶν.
910 3769 1193 3839 Ἀνωτέρω
1213 3768 1322 3840 γὰρ
1346 3767 1598 3838 λέγοντος
1619 3766 1713 3822 τοῦ
1744 3765 1891 3821 Παύ-

293 3862 409 3924 λου,
447 3863 528 3916 ὃτι
558 3881 578 3914 ι
619 3861 857 3932 Δύναμίς
890 3865 1006 3915 ἐστι
1063 3861 1140 3933 τῷ
1170 3860 1478 3915 πιστεύοντι
1508 3864 1585 3921 είς
1614 3860 1890 3931 σωτηρίαν

293 3955 358 4009 τὸ
406 3954 767 4024 Εὐαγγέλιον,
828 3975 845 4006 ι
903 3955 993 4008 ἵνα
1065 3955 1142 4026 μή
1198 3971 1285 4020 τις
1337 3954 1629 4026 εῐπῃ·Καὶ
1664 3952 1779 4017 πῶς
1809 3950 1890 4005 ενι

295 4047 592 4102 πιστεῦσαι
653 4036 923 4103 ἀκούοντα
983 4047 1238 4119 σταυρὸν,
1298 4046 1568 4101 ἀκούοντα
1623 4045 1886 4110 θάνατον,

295 4139 576 4193 ἀκούοντα
605 4137 789 4207 πάθης
840 4139 1042 4209 ἐπάγει
1087 4139 1171 4205 τὸ,
1232 4158 1251 4192 ι
1286 4139 1616 4212 Δικαιοσύνη
1664 4138 1801 4194 Θεοῦ
1835 4141 1893 4192 ὲν

295 4229 454 4301 αὐτῷ
501 4230 974 4287 ἀποκαλύπτεται.
1014 4250 1034 4284 ι
1083 4231 1176 4303 Μὴ
1217 4225 1336 4300 οὖν,
1373 4233 1531 4305 φησὶ,
1558 4231 1734 4287 ταῦτα
1764 4247 1894 4302 προσ

296 4322 557 4392 φασίζου.
596 4322 723 4377 Ἐὰν
755 4322 863 4394 γὰρ
897 4323 1060 4394 μόνον
1112 4322 1454 4395 προαιρεθῇς
1478 4364 1494 4390 ,
1536 4324 1660 4377 τότε
1686 4322 1892 4393 μᾶλλον

297 4411 390 4483 ἔχε
401 4428 453 4475 ις
488 4412 768 4483 θαυμάσαι
800 4413 902 4485 τὴν
925 4413 1019 4467 τοῦ
1050 4413 1185 4468 Θεοῦ
1209 4413 1339 4486 περὶ
1363 4414 1423 4468 σὲ
1447 4414 1775 4485 κηδεμονίαν
1799 4415 1896 4468 καὶ

297 4504 588 4577 πρόνοιαν,
619 4506 701 4559 ὅτι
732 4505 831 4578 τὴν
860 4504 971 4561 ἀπὸ
1008 4505 1235 4577 γνώμης
1265 4505 1451 4561 πίστιν
1495 4504 1699 4570 λαϐὼν,
1730 4504 1896 4570 αὐτός

301 4615 387 4652 σοι
419 4600 655 4669 χορηγεῖ
680 4596 780 4669 τὴν
810 4600 875 4652 ὲκ
900 4598 1274 4671 πληροφορίας
1314 4597 1499 4653 πίστιν
1526 4598 1620 4651 καὶ
1664 4596 1897 4667 βεϐαιώ-

1990 3309 2141 3364 stitia
2170 3308 2263 3364 Dei
2294 3324 2392 3379 per
2417 3307 2795 3379 Evangelinm,
2816 3308 3112 3363 revelatur.
3145 3306 3290 3360 Dens
3317 3303 3464 3359 enim
3493 3302 3588 3372 qui

1996 3401 2175 3457 solum
2206 3401 2427 3456 initium
2469 3400 2641 3456 sumit
2670 3416 2701 3456 a
2733 3399 2896 3455 nobis
2942 3412 3246 3469 semenque
3283 3395 3435 3461 ﬁdei,
3471 3395 3593 3464 ipse

1997 3504 2163 3567 auget
2190 3504 2247 3551 et
2279 3495 2505 3552 roborat
2536 3509 2601 3550 ac
2630 3492 2848 3564 perﬁcit
2875 3498 2976 3547 no‘s
3006 3489 3074 3545 ad
3110 3489 3286 3560 ipsam
3312 3485 3589 3542 eamdem.

1998 3587 2058 3644 Id
2081 3604 2216 3645 vere
2240 3588 2459 3661 iustitia
2493 3587 2589 3644 Dei
2626 3596 2734 3656 est,
2772 3585 2921 3659 quod
2975 3584 3091 3640 sola
3145 3579 3452 3637 voluntatis
3498 3594 3597 3634 oc-

1995 3681 2218 3738 casione
2248 3696 2279 3736 a
2308 3681 2472 3737 nobis
2501 3689 2744 3752 sumpta,
2770 3680 2894 3750 ipse
2930 3686 3113 3733 totum
3144 3690 3284 3746 opus
3311 3671 3583 3728 absolvat.

1996 3773 2283 3846 Siquidem
2306 3789 2432 3829 cum
2474 3774 2734 3844 superius
2789 3772 3021 3827 dixisset
3069 3769 3277 3826 Paulus
3310 3785 3324 3823 :
3361 3785 3381 3819 ι
3412 3766 3592 3821 Evan-

1994 3867 2200 3937 gelium
2240 3867 2491 3936 potentia
2523 3865 2616 3920 Dei
2654 3873 2737 3919 est
2764 3862 3014 3919 credenti
3038 3859 3105 3916 ad
3156 3860 3429 3921 salutem,
3464 3875 3482 3908 ι
3521 3870 3587 3910 ne

1995 3959 2124 4030 quis
2155 3959 2348 4013 dicat:
2380 3958 2445 4013 Et
2500 3955 2782 4027 quomodo
2820 3946 3001 4025 μοις-ει
3046 3954 3273 4008 credere
3309 3950 3406 4020 qui
3462 3965 3592 4005 cru:

1997 4066 2118 4107 cem
2147 4050 2324 4114 audit,
2350 4049 2446 4121 qui
2476 4057 2712 4103 mortem
2777 4046 2953 4110 audit,
2984 4047 3079 4116 qui
3133 4043 3456 4099 aﬁlietiones
3486 4056 3588 4095 au-

1997 4139 2119 4195 dit?
2153 4139 2343 4195 subdit
2381 4156 2396 4194 :
2451 4158 2468 4190 (
2496 4138 2722 4195 Justitia
2756 4136 2852 4193 Dei
2889 4137 2944 4193 in
2976 4151 3044 4191 eo
3094 4135 3393 4189 revelatur.
3432 4150 3451 4183 ι
3508 4130 3592 4186 Ne

1997 4248 2132 4304 ergo
2160 4239 2454 4304 praetexas,
2488 4230 2692 4301 inquit,
2743 4228 3178 4285 excusationem.
3211 4225 3343 4279 Nam
3374 4224 3419 4279 si
3445 4223 3591 4278 dun-

2002 4335 2153 4382 taxat
2203 4322 2607 4397 proposueris,
2642 4332 2776 4378 tunc
2839 4318 3103 4377 admirari
3160 4317 3336 4388 magis
3386 4316 3594 4386 poteris

2001 4416 2097 4472 Dei
2131 4431 2262 4487 erga
2290 4425 2342 4471 te
2369 4415 2827 4487 gubernationem
2853 4428 2916 4468 ac
2952 4409 3355 4483 providentiam
3399 4424 3412 4461 :
3443 4405 3596 4477 quod

2002 4517 2222 4580 sumpta
2246 4509 2317 4564 ab
2348 4507 2704 4570 ani'moﬁde,
2741 4507 2856 4576 ipse
2890 4506 2988 4561 tibi
3011 4503 3329 4575 suppeditat
3350 4500 3587 4555 ccrtitu-

2002 4602 2152 4658 dinis
2173 4617 2237 4658 ac
2270 4600 2711 4657 conﬁrmationis
2743 4598 2930 4653 ﬁdem.
2963 4596 3173 4652 Deinde
3204 4609 3271 4648 ne
3307 4591 3619 4655 existimesj

300 4708 465 4753 σεως.
496 4687 637 4743 Εἶτα
668 4691 756 4743 ἵνα
798 4690 873 4762 μὴ
909 4690 1140 4764 νομίσῃς
1190 4690 1272 4744 ὅτι
1323 4689 1514 4746 καινόν
1538 4707 1592 4744 τι
1620 4689 1770 4760 λέγει
1799 4691 1890 4745 καί

2003 4695 2151 4766 quod
2183 4710 2387 4751 novum
2418 4692 2627 4764 aliquid
2667 4692 2815 4746 dicat
2841 4700 2937 4745 aut
2980 4689 3315 4747 inauditum,
3346 4682 3585 4754 prophe-

300 4783 646 4854 πρόσφατον,
709 4787 798 4838 τὸν
860 4784 1146 4855 προφήτην
1192 4783 1432 4856 παράγει
1482 4783 1759 4855 μάρτυρα.
1816 4781 1892 4835 To

299 4875 441 4929 αὐτό
485 4873 576 4941 μοί
609 4891 741 4944 φησι
767 4874 861 4927 καὶ
891 4874 919 4926 ὁ
956 4875 1243 4945 προφήτης
1272 4872 1596 4943 Ἀϐϐακοὺμ
1624 4871 1907 4935 ἔκπαλαι,

299 4972 386 5022 ὅτι
434 4969 466 5037 ἡ
508 4966 604 5019 τοῦ
635 4967 848 5021 δικαίου
899 4965 1015 5037 ζωὴ
1076 4966 1257 5019 πίστει
1289 4965 1764 5037 περιλαμϐάνεται
1794 4967 1893 5020 xal

301 5058 665 5127 περατοῦται,
716 5058 999 5131 ἀρχομένη
1043 5058 1141 5129 μὲν
1179 5059 1289 5111 ἀπὸ
1322 5059 1422 5126 τῆς
1454 5057 1598 5112 κατά
1627 5058 1892 5130 προαίρε-

304 5170 392 5204 σιν
436 5153 699 5215 πὶστεως,
750 5150 1103 5221 τεληειουμένη
1147 5149 1207 5204 δὲ
1245 5150 1338 5203 καὶ
1362 5148 1630 5222 προϊοῦσα
1679 5153 1761 5213 είς
1793 5149 1893 5219 τὴν

301 5244 452 5296 κατά
484 5243 638 5296 θείαν
665 5243 986 5312 συνέργειαν
1009 5243 1103 5295 καὶ
1123 5241 1469 5311 ἀποκάλυψιν
1493 5242 1700 5296 πίστιν.
1734 5260 1753 5293 ι
1781 5241 1895 5295 Διό-

302 5352 417 5405 περ
449 5336 536 5388 ἀεὶ
568 5337 595 5387 ὁ
635 5336 842 5399 δῐκιιος
892 5337 955 5388 ὲκ
991 5335 1228 5401 πίστεως
1264 5333 1351 5407 ζῇ.
1407 5354 1425 5388 ι
1462 5334 1537 5388 Τὸ
1572 5334 1628 5387 δὲ
1664 5354 1683 5385 ι
1725 5335 1889 5404 Ζήσεο

300 5443 424 5491 ται,
460 5445 479 5477 ι
515 5426 696 5489 καλῶς
742 5426 980 5496 εἴρηται.
1031 5424 1345 5488 Τουτέστιν,
1385 5424 1448 5478 '0
1477 5423 1687 5488 δίκαιος
1725 5424 1787 5478 ού
1827 5423 1894 5496 ζῇ

308 5520 418 5592 μὲν
448 5522 515 5574 ὲκ
546 5520 808 5581 πίστεως,
839 5518 1076 5572 παύεται
1104 5518 1186 5582 δὲ,
1222 5516 1360 5571 ἀλλὰ
1400 5515 1695 5580 διαπαντὸς
1729 5516 1897 5586 ζήσε-

304 5630 407 5668 ται
443 5613 503 5667 ὲν
526 5612 663 5683 αὐτῇ
698 5611 1025 5681 προκόπτων
1068 5611 1165 5663 καὶ
1215 5610 1628 5681 στηριζόμενος.
1664 5609 1898 5678 Ζήσεται

311 5706 404 5771 δὲ,
441 5699 585 5771 εἷπε,
619 5704 715 5758 καὶ
739 5702 842 5757 οὐκ
871 5703 1000 5758 ἀλλο
1043 5719 1115 5769 τι,
1148 5696 1262 5756 οἷον
1292 5702 1594 5775 προκόπτει
1632 5701 1666 5770 ἢ
1703 5700 1898 5771 στηρί-

313 5799 531 5870 ζεταιῆ
567 5797 696 5853 ἀλλο
726 5813 801 5861 τι,
828 5796 929 5867 τὴν
952 5796 1387 5867 ὲπιτεταγμένην
1419 5794 1662 5850 διάθεσιν
1696 5793 1896 5870 δηλῶν,

305 5891 401 5946 δτι
430 5868 554 5943 οὐδὲ
607 5889 707 5955 Civ
759 5889 1070 5960 αἱρήσεται,
1128 5886 1241 5942 οὐδ’
1285 5888 1547 5942 ἀναπνεῖν
1592 5868 1898 5959 χωρὶς-πίε

305 5999 510 6047 στεως.

2004 4798 2111 4843 tam
2138 4788 2193 4841 in
2228 4795 2426 4842 testem
2459 4784 2740 4856 producit.
2794 4781 2910 4837 Hoc
2931 4783 3113 4852 ipsum
3137 4781 3250 4850 jam
3301 4777 3433 4832 olim
3464 4785 3591 4829 ante

1997 4894 2086 4936 me
2111 4879 2363 4950 praedixit
2388 4888 2443 4933 et
2462 4878 2728 4948 propheta
2751 4876 3027 4937 Habacnc,
3053 4872 3197 4944 quod
3215 4878 3395 4944 justus
3422 4871 3589 4926 vitam

1999 4970 2105 5024 ﬁde
2139 4968 2493 5039 amplectitur
2522 4982 2587 5022 ac
2621 4968 2896 5029 terminat,
2926 4964 3204 5032 inceptam
3238 4961 3460 5030 quidem
3490 4973 3589 5029 per

1999 5063 2159 5119 ﬁdem
2179 5077 2342 5133 quaaa
2358 5060 2641 5114 voluntate
2662 5066 2768 5124 est,
2790 5055 3134 5112 terminatam
3162 5068 3289 5107 vero
3306 5068 3369 5107 ac
3391 5066 3593 5122 proce-

1999 5156 2219 5212 dentem
2253 5156 2308 5209 in
2332 5152 2514 5214 ﬁdem,
2548 5167 2669 5221 quae
2695 5149 3020 5221 producitur
3050 5163 3078 5201 a
3103 5144 3290 5200 divina
3322 5158 3585 5214 coopera-

2002 5247 2150 5302 tione
2180 5261 2243 5300 ac
2275 5243 2631 5300 rcvelatione.
2691 5260 2710 5292 ι
2740 5240 2869 5296 Ideo
2916 5254 3136 5309 semper
3168 5238 3350 5309 justus
3379 5250 3447 5289 ex
3478 5233 3589 5288 ﬁde

2000 5335 2157 5391 vivit.
2198 5353 2218 5387 ι
2255 5334 2399 5389 Bene
2426 5340 2609 5387 autem
2638 5329 2851 5386 dictum
2875 5337 2962 5384 est
2993 5351 3011 5379 ι
3050 5327 3227 5386 Vivet.
3265 5343 3284 5376 ι
3321 5324 3427 5378 hoc
3453 5333 3540 5378 est
3567 5328 3603 5375 :‘

2000 5429 2121 5485 Non
2152 5427 2226 5482 ita
2249 5427 2431 5498 justus
2462 5440 2529 5481 ex
2561 5423 2668 5478 ﬁde
2689 5422 2825 5478 vivit
2868 5429 2933 5475 ut
2983 5417 3200 5474 desinat
3234 5424 3347 5470 aut
3380 5418 3585 5476 cesset,

2002 5521 2100 5579 sed
2132 5535 2355 5589 semper
2374 5518 2525 5573 vivet
2552 5516 2608 5571 in
2640 5531 2703 5572 ea
2733 5511 3049 5584 proﬁciens
3082 5525 3148 5564 ac
3201 5504 3584 5562 conﬁrmatus.

2001 5617 2149 5673 Dixit
2177 5625 2360 5671 autem
2395 5632 2414 5666 ι
2436 5614 2614 5678 Vivet,
2648 5631 2667 5662 ι
2697 5620 2755 5665 et
2784 5623 2896 5663 non
2913 5606 3063 5663 aliud
3088 5603 3395 5676 quidpiam,
3424 5609 3589 5672 puta,

2006 5707 2224 5779 proﬁcit
2252 5713 2347 5760 aut
2384 5703 2746 5761 conﬁrmatur
2810 5715 2909 5756 seu
2953 5697 3103 5754 aliud
3146 5693 3368 5766 quidvis
3402 5712 3415 5747 :
3445 5691 3581 5747 sub-

2004 5801 2182 5856 ditum
2214 5798 2533 5870 signiﬁcans
2579 5794 2837 5850 aﬁ‘ectum
2860 5790 3016 5862 quasi
3048 5801 3231 5859 neque
3257 5785 3444 5842 vivere
3473 5783 3582 5843 eli.-

2003 5906 2110 5965 ειη,
2144 5900 2237 5948 aut
2261 5890 2436 5962 possit
2473 5889 2552 5943 vel
2582 5888 2847 5958 respirare
2878 5884 2997 5941 sine
3024 5881 3150 5940 ﬁde.
