3978 6552
285 471 395 539 3i»!

1379 470 1769 532 COMMENT.
1816 465 1903 530 ΙΝ
1944 466 2185 531 EPIST.
2217 470 2317 530 ΑΙ)
2342 466 2527 532 RUM.

3463 480 3584 544 342'

292 604 439 656 σμου
465 585 547 648 είς
587 583 805 654 γένεσιν
862 582 1234 657 παραχθέντα.
1271 582 1342 637 'll
1370 582 1480 639 ἀπὸ
1520 582 1620 655 τῆς
1649 581 1745 637 τοῦ
1794 580 1886 635 κό-

1990 597 2161 652 porca
2187 583 2212 636 ?
2240 582 2375 649 Qua:
2400 599 2466 639 ex
2489 583 2697 639 mundi
2737 585 3019 642 creatione
3052 585 3120 643 ad
3152 603 3277 645 esse
3298 589 3568 660 perducta

294 696 445 751 σμου
474 677 714 742 κτίσεως
742 677 1224 748 καταλαμϐάνεται
1255 678 1349 729 καὶ⁷
1369 676 1693 747 καθορᾶται.
1729 672 1883 740 Πῶς;

291 771 400 825 sui.
437 767 578 822 αὐτὰ
610 769 669 821 ὲν
704 769 820 830 τοῖς
876 769 1144 838 ποιήμασι
1192 767 1462 839 νοούμενα
1520 768 1617 821 καὶ
1662 782 1886 836 συναρι-

292 860 609 929 θμούμενα.
632 858 774 913 Καθ’
818 859 1125 932 ὑπερὸατὸν
1156 859 1252 914 οὖν
1284 862 1317 932 ἠ
1359 858 1634 925 σύνταξις.
1671 858 1743 911 Ἦ
1776 860 1888 922 τοῖς

292 956 577 1025 ποιήμασι
608 951 899 1022 νοούμενα,
927 954 1054 1006 ἀντὶ
1082 952 1177 1006 τοῦ
1201 956 1257 1006 ὲν
1276 955 1461 1018 αὐτοῖς
1497 956 1611 1018 τοῖς
1648 954 1887 1024 ποιήμα-

292 1062 389 1099 σιν
420 1046 643 1110 ἐνεῖναι,
667 1045 763 1098 καὶ
782 1047 849 1115 τῇ
882 1044 975 1099 τοῦ
1015 1044 1426 1119 Θεοῦζβουλήσει
1454 1046 1768 1118 ὑπηρετεῖν,
1794 1045 1888 1099 καὶ

290 1137 545 1210 πληροῦν
575 1137 646 1192 τὰ
675 1136 1027 1209 κελευόμενα.
1066 1141 1136 1193 Ἣ
1167 1139 1376 1212 ἀόρατα
1397 1140 1559 1195 αὐτοῦ
1586 1141 1733 1208 λέγει
1758 1138 1889 1194 αὐτὸ

290 1228 362 1282 τὸ
408 1230 638 1300 ἀόρατον
670 1228 836 1284 αὐτοῦ
866 1231 966 1302 τῆς
1000 1231 1205 1297 οὐσίας.
1237 1234 1346 1288 Καὶ
1374 1234 1491 1295 πῶς
1508 1233 1608 1301 ἔνι,
1646 1234 1800 1306 φησὶ,
1829 1233 1890 1287 τδ

292 1319 449 1375 θεῖον
467 1322 702 1392 ἀόρατον
724 1321 784 1375 ὃν
816 1323 1054 1377 κατιδεῖν
1086 1325 1182 1379 καὶ
1212 1325 1579 1396 κατανοῆσαι;
1607 1324 1715 1380 Ναὶ
1749 1325 1885 1392 ἐστι,

292 1415 464 1483 φησὶ,
495 1414 592 1468 καὶ
624 1415 734 1469 ἀπὸ
762 1415 871 1469 τῶν
893 1416 1211 1486 κτισμάτων
1245 1414 1411 1473 αὐτοῦ
1445 1418 1687 1472 κατιδεῖν
1720 1417 1887 1473 αὑτοῦ

287 1505 403 1577 τὴν
430 1508 659 1578 θεότητα
705 1509 801 1562 καὶ
832 1508 932 1581 τὴν
977 1508 1231 1581 δύναμιν.
1280 1529 1298 1563 t
1339 1511 1477 1565 Ἥτε
1518 1510 1689 1576 ἁῖδιδς
1721 1511 1888 1565 αὐτοῦ

289 1599 531 1671 δῦναμις
568 1603 665 1655 καὶ
693 1602 926 1673 θειότης.
967 1620 986 1653 ι
1015 1632 1085 1645 -
1106 1601 1322 1677 [ΚΥΡ.]
1367 1604 1499 1659 Ἀπὸ
1530 1602 1713 1658 κοινοῦ
1740 1622 1888 1658 νοου-

204 1766 213 1770 σ
293 1691 471 1763 μένου
501 1691 596 1747 τοῦ
636 1693 965 1766 καθορᾶται.
994 1695 1121 1759 Πῶς
1164 1695 1222 1748 δὲ
1271 1695 1603 1764 γινώσκεται
1658 1696 1749 1750 διὰ
1788 1697 1886 1766 τῆς

288 1783 661 1856 δημιουργίας
710 1786 744 1853 ή
780 1785 956 1850 ἀΐδιος
987 1784 1152 1839 αὐτοῦ
1177 1784 1406 1857 δύναμις
1431 1803 1449 1854 ;
1479 1786 1602 1840 Ὀτι
1642 1785 1888 1856 φθαρτὴν

290 1877 535 1949 ιχόντων
561 1879 661 1950 τὴν
687 1877 851 1948 φύσιν
881 1878 994 1934 τῶν
1019 1879 1392 1951 παρηγμένων
1421 1879 1502 1945 είς
1525 1879 1759 1949 γένεσιν,
1793 1880 1887 1934 καὶ

291 1971 656 2042 κεκλημένων
686 1973 743 2025 ἐν
770 1973 949 2045 χρόνῳ
985 1974 1120 2045 πρὸς
1143 1973 1397 2046 ὓπαρξιν,
1425 1973 1581 2029 ἔσται
1615 1991 1717 2030 που
1752 1976 1887 2029 πάν-

287 2081 410 2128 τως
440 2068 470 2119 ὀ
529 2065 740 2120 τούτων
788 2066 1134 2139 Δημιουργδς
1162 2068 1442 2138 ἄφθαρτος
1471 2068 1567 2123 καὶ
1594 2068 1784 2133 ἀίδιος.
1818 2097 1889 2110 -

289 2154 504 2230 [1³012]
530 2155 807 2223 Ἥοῦτωςο
826 2158 958 2213 Ἀπ’)
972 2159 1071 2229 τῆς
1087 2160 1183 2214 τοῦ
1206 2160 1415 2232 κόσμου
1443 2162 1673 2223 κτίσεως
1700 2163 1734 2232 ἡ
1755 2161 1889 2216 θειόο

285 2263 400 2315 της
424 2246 518 2301 τοῦ
547 2246 684 2301 Θεοῦ
703 2249 796 2302 καὶ
825 2248 994 2314 ἀΐδιος
1015 2249 1247 2322 δύναμις
1266 2250 1622 2317 γινώσκεται.
1660 2246 1781 2304 Εἷόἐ
1803 2268 1889 2314 τις

286 2340 394 2394 τὸν
424 2341 626 2410 κόσμον
646 2342 829 2396 καὶτὰ
848 2344 908 2396 ὲν
932 2343 1104 2414 αὐτῷ,
1123 2344 1252 2399 ἀττέ
1261 2362 1368 2416 ρων
1389 2343 1563 2417 κάλλη
1595 2343 1690 2399 καὶ
1726 2343 1890 2415 μέγε-

246 2466 257 2471 -
291 2434 415 2500 θος,
473 2433 672 2505 δρόμον
714 2434 948 2507 σελήνης
988 2438 1083 2490 καὶ
1134 2435 1309 2507 ἡλίου,
1366 2437 1523 2505 τάξιν
1552 2436 1650 2492 καὶ
1695 2438 1889 2508 είρμδν

290 2525 682 2597 ἀπαράϐατον.
735 2525 849 2597 Οὐχ
903 2528 1124 2598 ἡμέραν
1178 2526 1376 2599 σελήνη
1426 2529 1604 2597 ποιεί,
1638 2528 1761 2583 οὐδὲ
1789 2531 1888 2600 τὴν

216 2630 223 2634 “
291 2618 474 2674 νύκτα
499 2619 673 2690 ἥλιος.
726 2619 787 2673 '0
832 2619 998 2691 αἰθὴρ
1024 2620 1118 2679 τὸν
1159 2622 1358 2676 οίκετον
1389 2622 1556 2677 τόπον
1600 2622 1884 2691 φυλάττει,

292 2712 446 2767 καὶὸ
479 2712 589 2785 ἀὴρ
628 2712 850 2785 ὁμοίως.
902 2715 1178 2785 Ἕστηκεν
1227 2716 1260 2786 ή
1298 2714 1396 2786 γῆ,
1435 2716 1539 2769 οὐκ
1568 2715 1768 2787 ἔχουσα
1798 2717 1886 2769 τὸν

293 2805 662 2876 ὕπερείδοντα
688 2806 859 2878 βάρος
878 2806 1131 2879 ἄπειρον,
1161 2808 1457 2877 ἐγκέχυται
1482 2808 1619 2881 αὐτῇ
1649 2808 1711 2862 τὸ
1742 2808 1886 2879 ὕδωρ

293 2899 398 2951 καὶ
430 2896 809 2968 περικέχυται,
852 2897 1051 2968 βάρους
1077 2898 1523 2971 προσθήκη,ἀλλ’
1542 2901 1694 2969 ὅμως
1722 2899 1887 2972 ἔστην

294 3005 400 3045 κεν
430 2989 709 3061 ἀκίνητος,
744 2990 844 3061 τὴν
875 2992 1214 3062 κατέχουσαν
1244 2992 1698 3064 ἀνακηρύττουσα
1728 2993 1889 3050 δύνα-

298 3099 420 3155 μιν.
449 3084 613 3155 Φέρει
640 3084 893 3154 καρποὺς
938 3086 1190 3157 μυρίους,
1231 3086 1326 3141 καὶ
1371 3087 1541 3152 ἰδέαις
1593 3087 1691 3141 καὶ
1719 3088 1884 3144 δυνά-

200 3215 211 3224 .
298 3188 435 3243 μεσι
461 3174 842 3261 διαφόροντας.
879 3176 995 3229 Μία
1031 3172 1190 3239 οὖσα,
1221 3177 1293 3248 γῆ
1315 3174 1477 3242 οὖσα,
1507 3178 1698 3249 τρέφει
1729 3178 1885 3243 ζώων

1989 683 2120 731 sunt
2155 717 2171 741 ,
2207 688 2303 732 aut
2351 692 2419 732 ex
2454 678 2738 734 creatione
2769 679 2964 735 mundi
3018 683 3571 754 comprehenduntur

1987 777 2044 824 et
2074 770 2517 840 conspiciuntur.
2579 771 2828 840 Quonam
2867 766 3074 828 modo?
3125 774 3299 831 Etiam
3342 777 3458 848 ipsa
3492 780 3575 833 in.

1991 870 2076 916 ter
2104 876 2169 917 ca
2197 878 2319 932 quae
2352 862 2493 917 facta
2522 873 2653 919 sunt
2709 864 2991 921 intellecta
3047 876 3104 922 ct
3147 883 3567 928 connumerata.

1988 953 2086 1008 Est
2111 970 2241 1027 ergo
2267 970 2364 1025 per
2386 955 2730 1027 hyperbaton
2761 958 2961 1013 littera:
2981 958 3281 1016 ordinatio.
3312 962 3409 1017 Vel
3439 980 3573 1034 ope—

1990 1046 2146 1102 ribus
2201 1048 2500 1114 intellecta,
2526 1048 2633 1105 hoc
2658 1059 2743 1105 est
2781 1049 2836 1105 in
2874 1050 3009 1120 ipsis
3047 1052 3313 1121 operibus
3366 1055 3571 1111 inexsi-

1988 1140 2213 1207 stentia,
2249 1149 2420 1212 utque
2468 1142 2563 1197 Dei
2612 1143 2881 1197 voluntati
2935 1144 3305 1208 subserviaut,
3350 1156 3406 1202 et
3453 1164 3576 1215 qual

1984 1231 2146 1304 jubet
2195 1234 2531 1308 compleant.
2564 1236 2673 1290 Aut
2729 1235 3199 1310 invisibiliaejus
3225 1240 3362 1296 dicit
3401 1241 3573 1311 ipsam

1991 1325 2328 1382 invisibilem
2378 1329 2501 1400 ejus
2538 1328 2930 1386 substantiam.
2990 1331 3058 1387 Et
3117 1332 3399 1402 quomodo
3443 1333 3577 1388 dicit

1990 1418 2315 1492 contingere
2343 1429 2403 1475 ut
2447 1420 2747 1479 invisibilis
2800 1421 3066 1479 divinitas
3103 1425 3471 1496 perspiciatur
3513 1438 3581 1481 ac

1992 1508 2374 1581 intelligatur?
2402 1511 2628 1582 Utique,
2659 1511 2861 1582 inquit,
2900 1512 3033 1570 licet
3056 1514 3223 1569 etiam
3250 1529 3283 1569 a
3307 1513 3593 1571 creaturis-

1990 1601 2112 1671 cjus
2134 1601 2450 1673 perspicere
2494 1602 2669 1672 ipsius
2718 1603 3069 1660 divinitatem
3131 1621 3196 1662 ac
3250 1608 3575 1676 potentiam.

1998 1713 2015 1745 ι
2051 1693 2395 1764 Sempitcrna
2410 1695 2532 1767 ejus
2552 1696 2801 1766 potentia
2824 1696 3218 1752 acdivinitasa
3246 1728 3315 1739 -
3334 1698 3577 1769 Repete:

1989 1776 2365 1854 Conspicitur.
2399 1784 2691 1852 Quomodo
2717 1802 2851 1859 ergo
2880 1803 2980 1858 per
3008 1787 3351 1845 creationem
3375 1791 3582 1861 sempi-

1999 1884 2155 1930 terna
2186 1874 2307 1947 ejus
2333 1876 2513 1932 virtus
2546 1877 2904 1949 cognoscitur
2932 1878 2955 1934 ’ί
2984 1876 3125 1946 Quia
3168 1895 3292 1935 cum
3347 1896 3412 1935 ea
3458 1895 3582 1951 qua:

1996 1967 2065 2022 ad
2102 1982 2225 2024 esse
2258 1968 2532 2038 producta
2585 1980 2737 2036 sunt,
2798 1972 3217 2042 corruptibilem
3277 1974 3581 2028 sortiantur

1993 2070 2273 2129 naturam,
2299 2078 2364 2118 ac
2401 2063 2455 2118 in
2492 2073 2742 2135 tempore
2768 2064 2837 2120 ad
2867 2065 3037 2120 vitam
3064 2074 3257 2122 vocata
3287 2067 3419 2128 sint,
3467 2068 3580 2121 utio

1994 2168 2104 2223 que
2129 2152 2329 2209 horum
2366 2152 2600 2210 Creator
2647 2155 3090 2227 incorruptibilis
3112 2157 3219 2213 erit
3268 2172 3332 2212 ac
3378 2163 3582 2229 sempi-

1996 2256 2206 2304 ternus.
2238 2278 2307 2288 —
2336 2247 2444 2303 Aut
2478 2248 2586 2304 hoc
2612 2248 2777 2305 modo
2804 2267 2819 2305 :
2852 2248 2930 2305 Ex
2954 2251 3240 2306 creatione
3264 2251 3455 2305 mundi
3498 2251 3581 2306 di-

1991 2339 2199 2396 vinitas
2250 2340 2349 2396 Dei
2398 2340 2853 2411 sempiternaque
2914 2340 3162 2411 potentia
3209 2341 3581 2411 cognoscitur.

1989 2429 2154 2486 Novit
2179 2429 2303 2501 quis
2331 2429 2597 2485 mundum
2616 2439 2671 2485 et
2696 2444 2761 2485 ea
2783 2446 2906 2501 quae
2933 2429 2987 2485 in
3020 2445 3088 2485 eo
3121 2439 3271 2495 sunt,
3302 2438 3579 2486 astrorum

1990 2521 2462 2591 pulchritudinem
2509 2537 2575 2577 ac
2622 2522 3060 2593 magnitudinem
3092 2562 3109 2587 ,
3143 2522 3289 2577 luna:
3337 2522 3584 2592 solisque

1989 2630 2235 2681 cursum,
2269 2614 2522 2669 ordinem
2548 2631 2612 2670 ac
2636 2616 2838 2670 seriem
2864 2616 3377 2671 incommutabilem
3397 2633 3414 2682 ;
3434 2618 3580 2686 quod

1988 2707 2135 2763 diem
2157 2709 2285 2763 luna
2319 2723 2430 2763 non
2451 2707 2668 2773 alliciat,
2685 2725 2862 2779 neque
2886 2709 2965 2765 sol
2987 2719 3205 2765 noctem
3227 2726 3240 2764 :
3264 2711 3438 2764 aether
3459 2723 3576 2779 pro-

1988 2802 2172 2872 prium
2198 2811 2384 2858 servat
2410 2802 2593 2857 locum
2621 2811 2677 2857 et
2707 2817 2803 2858 aer
2826 2802 3087 2857 similiter
3117 2822 3131 2858 :
3167 2810 3275 2857 stat
3315 2802 3372 2857 in
3398 2803 3585 2858 medio

1992 2904 2136 2951 terra
2158 2896 2298 2950 nihil
2343 2895 2556 2950 habens
2600 2896 2748 2966 quod
2795 2911 2953 2950 suam
3004 2897 3332 2950 immensam
3392 2894 3587 2951 iniciat

1987 2988 2309 3059 gravitatem
2347 3004 2361 3041 :
2396 2986 2575 3042 infusa
2596 2995 2683 3041 est
2710 3002 2810 3056 per
2837 2987 2989 3042 illam
3043 3002 3208 3058 aqua,
3247 2988 3356 3041 imo
3387 2987 3443 3040 in
3471 2986 3579 3041 εἰναι

1988 3082 2143 3137 cuitu
2175 3080 2379 3136 diti’usa
2416 3097 2539 3151 qua:
2564 3082 2895 3150 gravitatem
2920 3080 3165 3152 adjiciat.
3201 3088 3442 3136 attamen
3477 3081 3581 3136 im-

1989 3177 2210 3233 mobilis
2232 3187 2569 3248 pcrseverat,
2600 3191 2721 3231 eam
2748 3190 2872 3245 qua:
2905 3177 3154 3231 continet
3208 3176 3568 3247 promulgans

296 3271 437 3339 γένη
482 3270 711 3339 ἄπειρα.
753 3270 915 3324 Ἀλλὰ
940 3273 1037 3325 καὶ
1068 3272 1279 3343 καιρῶν
1318 3272 1620 3337 εὐτάκτους
1647 3272 1883 3343 μεταδο-

1990 3269 2290 3342 potentiam
2318 3287 2333 3323 :
2365 3268 2473 3324 l‘ert
2507 3270 2724 3324 fructus
2748 3270 3073 3324 innumeros
3103 3269 3219 3324 suis
3249 3269 3571 3324 diti'ercntes

293 3363 417 3433 λὰς,
459 3364 555 3418 καὶ
611 3366 804 3429 ὑετοὺς
852 3366 1125 3437 ἐτησίους,
1178 3369 1275 3422 καὶ
1309 3370 1380 3422 τὰ
1407 3367 1672 3423 δοκοῦντα
1703 3368 1881 3438 πάθη,

84 3454 101 3465 ’
174 3510 180 3515 ,
298 3450 584 3527 αισμοῦς,
629 3460 952 3531 κεραυνοὺς,
979 3461 1073 3514 καὶ
1115 3462 1167 3513 εἴ
1184 3478 1239 3514 τι
1266 3460 1474 3515 τούτων
1493 3462 1888 3533 ὲπισκοπήσεις

297 3553 384 3614 είς
411 3551 505 3603 τὸν
538 3552 882 3623 Δημιουργδν
923 3553 1292 3623 παραπέμπει
1313 3552 1407 3607 τὸν
1433 3553 1789 3624 προσέχοντα.
1823 3552 1889 3607 Τί

298 3644 363 3696 τὸ
410 3644 658 3714 συνέχον,
688 3644 741 3698 τί
767 3644 829 3699 τὸ
866 3644 1141 3717 κρατοῦν;
1179 3646 1369 3699 Ἔστιν
1411 3644 1522 3717 ἄρα
1552 3646 1758 3715 γνῶναι
1790 3663 1887 3701 aa-

303 3734 422 3805 φῶς
448 3735 558 3789 ἀπὸ
583 3736 683 3806 τῆς
711 3736 962 3802 κτίσεως,
995 3726 1074 3792 ὅτι
1099 3736 1219 3799 ἐστι
1242 3738 1610 3810 Δημιουργδς,
1644 3740 1728 3794 ὅτι
1753 3756 1890 3812 προ.

301 3826 540 3898 νοητῆς,
599 3828 683 3881 ὅτι
752 3829 1189 3900 παντοδύναμος,
1246 3831 1331 3884 ὄτι
1383 3830 1592 3900 ἀγαθὸς
1652 3832 1886 3902 (ἀγαθοῦ

299 3919 463 3992 γὰρή
490 3920 824 3994 δημιουργία
852 3922 946 3976 καὶ
973 3924 1005 3992 ἡ
1039 3924 1307 3995 πρόνοια),
1336 3925 1421 3979 ὅτι
1444 3925 1635 3985 ἀΐδιος.
1668 3926 1759 3996 Τῷ
1777 3926 1888 3998 γὰρ

300 4011 706 4083 παντοδυνάμῳ
724 4012 809 4073 τίς
831 4012 1246 4081 ἐπιϐουλεύσει;
1281 4013 1469 4079 Οὕτως
1491 4014 1587 4068 οὖν
1609 4017 1642 4087 ἡ
1674 4015 1890 4088 θειότης

300 4101 469 4158 αὑτοῦ
501 4103 598 4154 καὶ
646 4102 816 4166 ἀΐδιος
849 4101 1078 4174 δύναμις
1106 4105 1165 4158 ὲν
1199 4108 1310 4170 τοῖς
1343 4107 1613 4177 ποιήμασι
1644 4108 1888 4180 καθορᾶ-

298 4211 416 4256 ται,
448 4193 621 4258 οὕτως
650 4194 760 4248 ἀπὸ
794 4195 895 4265 τῆς
918 4195 1013 4249 τοῦ
1044 4196 1254 4266 κόσμου
1281 4198 1536 4264 κτίσεως,
1568 4200 1602 4269 ἡ
1626 4199 1722 4254 τοῦ
1751 4202 1888 4256 Θεοῦ

301 4289 509 4358 γνῶσις
545 4290 658 4351 τοῖς
707 4286 1019 4358 ἀνθρώποις
1043 4289 1341 4361 ιγγίνεται.
1374 4290 1534 4345 Οὕτω
1557 4291 1620 4345 τδ
1647 4294 1890 4362 γνωστὸν

300 4376 472 4433 αὐτοῦ
508 4380 567 4432 ὲν
613 4379 781 4432 πᾶσιν
826 4377 1163 4449 ἐφανέρωσε.
1214 4379 1291 4432 Τὸ
1338 4379 1447 4451 γὰρ
1504 4380 1748 4449 γνωστὸν
1794 4378 1890 4433 τοῦ

298 4469 464 4533 Θεοῦ,
501 4469 675 4524 ταῦτα
728 4469 823 4524 καὶ
854 4469 923 4524 τὰ
961 4470 1188 4525 τοιαῦτα
1243 4473 1419 4527 ἐστιν.
1453 4472 1626 4526 Οὒσία
1680 4472 1737 4527 δὲ
1796 4476 1892 4528 καὶ

1990 3361 2319 3426 virtutibus,
2361 3376 2488 3416 cum
2516 3377 2625 3417 una
2652 3360 2746 3420 sit.
2771 3376 2898 3415 cum
2929 3370 3078 3416 terra
3099 3362 3194 3427 sit,
3216 3361 3454 3432 plurima
3477 3378 3582 3416 nu-

1992 3453 2088 3508 trit
2144 3452 2464 3508 animalium
2502 3467 2751 3523 genera:
2784 3451 2881 3507 sed
2928 3459 2985 3508 et
3031 3461 3347 3523 temporum
3389 3454 3560 3524 probe

1989 3547 2296 3604 constituas
2353 3550 2711 3612 mutatibnes,
2768 3546 2985 3617 pluvias
3038 3561 3273 3608 annuas,
3339 3560 3581 3617 quaeque

1989 3639 2371 3710 percipiuntur
2386 3640 2691 3708 passiones,
2730 3645 2863 3707 puta
2890 3645 3057 3692 terrae!
3071 3646 3275 3700 motus,
3307 3638 3535 3693 fulmina
3565 3654 3583 3693 :

1987 3730 2546 3801 ctquidquidhorum
2565 3727 3101 3793 consideraveris,,in
3119 3730 3437 3785 Creatorem
3470 3737 3585 3783 tra-

1988 3821 2137 3878 duclt
2168 3837 2296 3876 eum
2317 3822 2410 3891 qui
2435 3820 2845 3875 animadvertit.
2873 3818 3014 3887 Quid
3032 3821 3164 3875 illud
3190 3836 3320 3892 ergo
3336 3821 3605 3892 estquod.

1989 3917 2091 3973 ista
2121 3917 2393 3979 continet,
2419 3915 2553 3987 quid
2570 3914 2718 3986 quod
2757 3916 3295 3987 gubernatiUtique
3322 3917 3455 3972 licet
3471 3933 3571 3970 ma.

1987 4009 2185 4064 nit‘este
2212 4024 2280 4063 ex
2337 4008 2619 4063 creatione
2654 4023 2989 4077 cognoscere
3027 4009 3175 4080 quod
3201 4010 3276 4064 sit
3330 4011 3581 4068 Creator.

1988 4101 2134 4172 quod
2148 4101 2502 4173 gubernator,
2518 4100 2663 4172 quod
2678 4101 3047 4171 omnipotens.
3075 4101 3222 4171 quod
3246 4101 3423 4157 bonus
3437 4104 3591 4172 (nam

1990 4194 2120 4250 boni
2172 4204 2258 4251 est
2283 4209 2475 4250 creare
2498 4210 2567 4250 ac
2593 4177 2956 4267 gubernare),
2989 4194 3137 4265 quod
3178 4194 3581 4264 sempiternus.

1989 4288 2156 4362 214
2187 4287 2569 4359 Οωέιίροιεηιὶ
2597 4287 2749 4344 enim
2789 4288 2916 4358 quis
2938 4297 3120 4344 struet
3166 4288 3444 4345 insidias?
3494 4288 3569 4344 Ita

1990 4394 2122 4451 ergo
2135 4379 2409 4437 divinitas
2431 4381 2554 4451 ejus
2595 4379 3055 4451 sempiternaque
3080 4379 3325 4451 potentia
3356 4380 3415 4437 in
3444 4396 3581 4452 ope-

1993 4472 2151 4527 ribus
2183 4472 2549 4544 conspicltur,
2572 4473 2646 4528 ita
2662 4489 2727 4527 cx
2754 4472 2945 4528 mundi
2972 4475 3255 4529 creatione
3273 4473 3371 4529 Dei
3394 4473 3587 4545 cogni-

299 4562 470 4632 φύσις
500 4562 778 4627 παντελῶς
805 4566 971 4618 πᾶσιν
1002 4564 1241 4635 ᾶληπτα.
1276 4565 1464 4620 Ταῦτα
1498 4567 1594 4619 καὶ
1626 4566 1887 4639 Ἕλληνες

1994 4564 2070 4618 tio
2102 4565 2373 4636 contingit
2427 4564 2769 4621 horninibus.
2812 4563 2929 4619 Hoc
2980 4565 3144 4619 modo
3176 4563 3309 4619 illud
3338 4564 3486 4634 quod
3514 4564 3587 4619 de

298 4659 573 4727 ἔγνωσαν.
614 4657 775 4712 Ἀλλὰ
807 4659 1050 4727 γνόντες,
1073 4661 1171 4730 οὐχ
1191 4659 1268 4723 ὡς
1292 4658 1426 4714 Θεὸν
1452 4660 1733 4727 ἐδόξασαν.
1758 4678 1778 4712 ι
1798 4660 1893 4725 Et;

1997 4654 2117 4727 ipso
2147 4656 2520 4728 cognoscibile
2550 4666 2654 4722 est,
2679 4657 2732 4711 in
2751 4656 3010 4712 omnibus
3027 4670 3147 4712 sese.
3160 4654 3403 4726 prodidit
3421 4672 3456 4713 :.
3472 4656 3588 4712 haec

298 4752 370 4804 τὸ
395 4746 538 4803 εἶναι
564 4750 763 4814 αὐτοὺς
791 4749 1252 4820 ἀναπολογήτους.
1267 4751 1580 4806 »Τοσούτων
1599 4752 1712 4822 γὰρ
1727 4751 1887 4807 ὅντων

1995 4749 2143 4804 enim
2160 4760 2288 4804 sunt
2308 4765 2429 4820 quae
2442 4750 2509 4805 de
2531 4750 2643 4805 Deo
2670 4748 3066 4820 cognoscibilia
3088 4754 3255 4803 sunt:
3275 4748 3596 4803 substantia

300 4842 419 4896 τῶν
451 4842 783 4897 δεικνύντων
809 4842 871 4897 τὸ
895 4841 990 4896 τοῦ
1017 4843 1157 4897 Θεοῦ
1188 4845 1503 4915 μεγαλεῖον,
1533 4845 1587 4899 τί
1619 4846 1887 4916 ἀπολογή·

1998 4856 2239 4911 namque
2263 4851 2320 4896 et
2342 4848 2542 4896 natura
2554 4841 2819 4896 omnibus
2840 4838 3071 4895 omnino
3105 4848 3240 4894 sunt
3268 4839 3597 4910 incompre-

301 4951 496 4990 σονται
550 4938 601 4991 οί
660 4935 878 5002 ἑκόντες
925 4936 1409 5006 ἀποτυφλωθέντες
1440 4954 1456 5002 ;
1486 4938 1599 5007 Οὐχ
1643 4937 1784 5009 αὕτη
1841 4939 1887 4993 δί

2000 4933 2326 4990 hensibiles.
2361 4934 2486 4989 Haec
2508 4943 2576 4989 et.
2600 4932 2774 4987 Graeci
2803 4942 3201 5003 cognoverant,
3240 4947 3431 4988 verum
3457 4947 3586 4988 cum

302 5031 515 5103 σπουδὴ
532 5030 609 5103 τῷ
640 5031 762 5101 θεῷ
787 5030 1032 5101 γέγονεν,
1063 5031 1266 5100 ἄπαγε,
1308 5034 1356 5085 εί
1382 5032 1476 5085 καὶ
1503 5030 1681 5095 οὓτως
1713 5030 1887 5103 ὲξίδη.

2003 5031 2414 5102 cognovissent,
2443 5045 2553 5084 non
2580 5029 2723 5084 sicut
2763 5028 2937 5084 Deum
2957 5027 3426 5100 gloriﬁcaverunt.
3464 5045 3484 5079 ι
3516 5025 3590 5084 Ut

302 5130 423 5184 sint
475 5129 579 5199 ipsi
626 5129 1053 5185 inexcusabiles.
1098 5149 1116 5181 ι
1177 5128 1311 5184 Nam
1362 5143 1491 5184 cum
1564 5136 1717 5186 tanta
1769 5130 1883 5185 sint
1912 5144 2037 5201 quze
2098 5126 2672 5200 Deimagnitudiuem
2712 5125 3119 5193 demonstrent,
3187 5126 3323 5198 quid
3364 5140 3607 5196 responr

300 5221 525 5278 debnnt
573 5223 667 5293 qui
723 5238 823 5279 sua
884 5233 1079 5294 sponte
1113 5225 1370 5279 excaecati
1405 5224 1721 5280 sunti'Non
1773 5232 1957 5282 tamen
2016 5223 2068 5279 id
2116 5223 2339 5280 curavit
2392 5222 2559 5288 Deus,
2616 5220 2764 5277 absit
2801 5238 2816 5276 :
2847 5236 3164 5292 quanquam
3198 5221 3271 5276 ita
3297 5221 3584 5277 acciderit-

379 5312 539 5365 Διότι
580 5312 826 5380 γνόντες
862 5313 969 5366 τὸν
998 5313 1168 5377 Θεὸν,
1201 5316 1315 5383 οὐχ
1354 5315 1438 5380 ὠς
1484 5315 1640 5368 Θεὸν
1688 5313 1887 5379 ἐδόεα·

2078 5314 2246 5379 κει,
2277 5312 2368 5367 2‘2.
2392 5311 2532 5367 Nam
2554 5329 2672 5367 cum
2700 5311 2868 5366 Deum
2898 5314 3283 5384 cognovissent.
3317 5329 3422 5368 non
3455 5315 3603 5368 sicui

302 5417 457 5465 σαν,
508 5401 551 5472 ἢ
597 5402 1076 5472 εὐχαρίστησαν·
1128 5404 1268 5458 ἀλλ’
1319 5404 1780 5474 ἐματαιώθησαν
1830 5404 1887 5459 ἐν

2007 5411 2177 5469 Deum
2208 5405 2666 5480 giariﬁcavcrunt,
2692 5415 2788 5460 aut
2816 5412 3023 5478 gratias
3055 5415 3295 5478 egerunt,-
3337 5404 3430 5460 sed
3458 5421 3587 5460 van—

306 5494 440 5561 τοῖς
470 5494 886 5565 διαλογισμοῖς
934 5494 1151 5561 αὐτῶν,
1195 5494 1294 5553 καί
1320 5496 1652 5565 ἐσκοτίσθη
1683 5496 1722 5563 ἡ
1745 5497 1887 5552 ἀσύ-

2006 5504 2278 5575 fuctisnnt
2316 5502 2369 5554 in
2392 5500 2796 5571 cogitationibus
2820 5501 2953 5565 suis,
2989 5506 3039 5554 et
3090 5500 3486 5555 obtenebratnm
3513 5507 3605 5551 cst-

309 5604 494 5655 νετος
551 5587 754 5643 αὐτῶν
798 5590 1035 5660 καρδία.
1082 5589 1431 5657 Φάσκοντες
1490 5587 1646 5644 εἶναι
1694 5590 1887 5660 σοφοί.

2006 5596 2256 5667 insipiens
2274 5610 2362 5649 cor
2402 5609 2607 5647 eorum.
2639 5590 2893 5647 Putantes
2916 5607 2973 5646 se
2998 5607 3107 5649 esse
3125 5593 3413 5662 sapientes,
3438 5592 3591 5646 stulti

308 5679 777 5751 ἐμωράνθησαν.

2010 5688 2141 5759 {acti
2159 5695 2307 5742 sunt.

388 5767 592 5843 [0012]
626 5770 913 5840 Ἐγνωσαν
945 5773 1055 5844 γὰρ
1088 5772 1177 5827 διὰ
1212 5774 1312 5844 τῆς
1341 5773 1593 5838 κτίσεως.
1625 5793 1643 5825 ι
1677 5773 1887 5838 Γνόντες

2071 5779 2461 5851 Cognoverant
2492 5778 2642 5835 enim
2676 5780 2850 5839 Deum
2876 5794 2976 5849 per
3004 5776 3370 5833 creationem.
3402 5797 3423 5833 ι
3445 5777 3601 5838 (ἴση

310 5863 415 5920 τὸν
435 5863 589 5919 Θεόν.
622 5883 642 5916 ο
691 5863 953 5919 Τουτίστι
986 5866 1040 5919 τί
1089 5866 1221 5921 ποτε
1255 5867 1373 5920 ἐστι
1413 5865 1569 5931 Θεὸς,
1620 5867 1673 5921 τί
1700 5868 1887 5938 ὀφεὶλει

2003 5872 2177 5927 Deum
2209 5871 2597 5943 cognovissent
2644 5888 2660 5925 :
2694 5890 2712 5923 ι
2747 5870 2854 5927 hoc
2887 5879 2994 5935 est,
3018 5868 3284 5941 quidnam
3315 5872 3389 5928 sit
3418 5874 3583 5935 Deus.

315 5954 803 6028 ὣτολαμθάνεσθαι
840 5956 996 6021 Θεός.
1021 5957 1194 6012 Τοῦτο
1219 5959 1461 6029 γνόντες,
1493 5959 1710 6026 ἑκόντες
1730 5960 1887 6034 ἐσφά-

2003 5962 2136 6033 quid
2166 5978 2263 6035 pro
2297 5962 2413 6018 Deo
2454 5956 2651 6018 haberi
2675 5960 2875 6017 debeat
2916 5977 2932 6014 :
2981 5975 3107 6016 cum
3153 5956 3261 6016 hoc
3303 5964 3589 6034 cognoris
