3978 6574
287 516 416 580 345

1405 510 1789 574 COMMENT.
1820 508 1900 569 IN
1937 506 2176 568 EPIST.
2205 505 2305 565 AD
2335 502 2521 564 ROM.

3465 492 3576 559 346

285 624 700 695 μετήλῖαξαν
729 624 842 691 τὴν
870 623 1160 692 ἀλήθειαν
1190 622 1294 679 τοῦ
1325 623 1473 678 Θεοῦ
1500 624 1571 676 ὲν
1620 620 1702 686 τῷ
1745 620 1892 689 ψεύ-

2011 616 2291 681 mendacio,
2317 622 2367 669 et
2395 620 2667 668 conterunt
2706 620 2756 667 et
2794 611 3087 666 servierunt
3112 613 3369 662 creatum
3393 606 3573 678 potius

303 713 419 778 ἱει.
449 716 550 771 καὶ
584 715 1014 783 ἐσεϐάσθησαν
1060 716 1154 769 καὶ
1185 713 1563 783 ἐλάτρευσαν
1588 711 1662 780 τῇ
1696 712 1888 766 κτίσει

2011 724 2149 777 μιιιηι
2182 705 2445 773 Creatori,
2481 698 2575 779 qui
2606 712 2682 760 est
2714 704 3011 760 benedictus
3054 703 3107 756 in
3131 698 3348 756 sarcula.
3379 698 3570 755 Amen.

298 807 473 874 παρὰ
494 808 603 862 τὸν
638 808 969 874 κτίσαντα,
990 806 1057 871 ὃς
1072 798 1255 860 ἐστιν
1272 805 1602 877 εὐλογητὸς
1634 805 1722 868 είς
1748 800 1887 868 τοὺς

296 897 555 965 αἰῶνας.
600 898 798 968 Ἀμήν.

387 1010 409 1042 ι
444 994 536 1044 Διὸ
582 993 677 1045 καὶ
726 991 1062 1061 παρέδωκεν.
1104 1010 1123 1043 ι
1181 992 1296 1045 Οὐκ
1361 991 1524 1055 αὐτὸς
1587 988 1886 1061 παραδοὺς.

296 1083 519 1151 ἄπαγε,
547 1083 663 1136 ἀλλ’
692 1084 858 1147 αὐτὸς
882 1085 981 1154 μὲν
1015 1084 1199 1138 αὐτῶν
1225 1084 1522 1153 ἠμέλησεν,
1552 1084 1627 1148 ὡς
1654 1082 1890 1147 ἀναξίων

296 1176 493 1253 ὄντων,
509 1176 857 1245 κηδεμονίας.
897 1177 1097 1231 Λοιπὸν
1122 1177 1179 1230 δὲ
1205 1175 1386 1230 λαϐὼν
1415 1177 1612 1237 αὐτοὺς
1658 1176 1686 1228 ὁ
1715 1176 1893 1255 Σατα-

298 1270 440 1331 νᾶς,
476 1268 792 1338 παρέδωκεν
822 1271 902 1331 είς
926 1269 963 1322 ἃ.
991 1268 1332 1338 παρέδωκεν.
1382 1268 1493 1335 Τὴν
1542 1265 1892 1336 συγχώρησιν

297 1359 413 1412 οὖν
436 1359 533 1412 ’τοῦ
558 1359 693 1413 Θεοῦ
724 1361 1020 1429 παράδοσιν
1049 1360 1291 1429 λέγει.--
1306 1357 1507 1431 [ΦΩΤ.]
1533 1359 1607 1411 Τὸ
1638 1358 1719 1423 δὲ,
1749 1375 1892 1428 παρ·

301 1451 521 1505 ἐδωκεν
543 1452 740 1515 αὐτοὺς
757 1454 787 1506 ὁ
809 1452 962 1517 Θεὸς,
993 1454 1280 1506 τουτέστιν
1311 1453 1344 1522 ἡ
1375 1454 1453 1514 εἰς
1479 1451 1612 1505 Θεὸν
1637 1450 1893 1519 πλημμέ-

298 1542 437 1594 λεια
468 1545 562 1597 καὶ
583 1544 859 1614 παροινία,
891 1544 923 1613 ὴ
951 1542 1127 1597 οἰκεία
1152 1544 1329 1597 αὐτῶν
1354 1542 1573 1613 πρᾶξις,
1595 1543 1626 1611 ή
1652 1541 1894 1603 ἑκούσιος

304 1632 602 1704 πώρωσις,
627 1634 766 1704 αὐτὴ
792 1635 1105 1704 παρέδωκεν
1134 1634 1334 1699 αὐτοὺς
1356 1637 1436 1698 εἰς
1460 1636 1530 1688 τὰ
1552 1634 1652 1702 τῆς
1673 1632 1896 1703 ἀτιμίας

305 1726 493 1794 πάθη.
524 1724 637 1779 Καὶ
668 1726 763 1778 ἐπὶ
798 1725 896 1779 τοῦ
950 1724 1198 1779 ἐναντίου
1229 1725 1339 1798 γὰρ
1392 1724 1664 1797 εἰώθαμεν
1692 1723 1892 1792 λέγειν,

303 1816 405 1868 ὅτι
433 1813 713 1869 ἀπώλεσεν
746 1817 908 1870 αὐτὸν
950 1817 1013 1869 τὸ
1053 1817 1344 1889 ἀργύριον.
1367 1816 1559 1870 Καίτοι
1597 1816 1659 1869 οὗ
1710 1815 1770 1869 τὺ
1801 1815 1896 1885 ἀρ-

304 1906 515 1977 γύριον
539 1907 854 1972 ἀπόλλυσιν,
886 1908 1001 1962 ἀλλ’
1027 1911 1061 1978 ἡ
1092 1909 1301 1973 ἄσωτος
1313 1907 1479 1963 αὑτοῦ
1511 1910 1603 1962 καὶ
1630 1908 1723 1961 ἐπὶ
1742 1906 1895 1977 κακῷ

308 2001 541 2070 χρῆσις.
574 2000 705 2063 Καὶ,
725 2001 1045 2073 Διὲφθειρεν
1075 2001 1238 2055 αὐτὸν
1270 2002 1377 2055 τῶν
1394 2000 1642 2055 κολάκων
1672 2001 1734 2053 τὸ
1756 2000 1895 2072 πλῆ-

308 2088 433 2151 θος.
467 2089 659 2143 Καίτοι
680 2092 780 2144 οὐκ
807 2093 1003 2145 ἐκεῖνοι
1025 2091 1447 2163 διαφθείρουσιν,
1473 2092 1608 2146 ἀλλὰ
1637 2091 1693 2144 τὸ
1727 2108 1896 2162 προσ-

309 2182 469 2251 ἐχειν
500 2182 594 2236 καὶ
654 2183 936 2238 πείθεσθαι
966 2184 1196 2250 τούτοις,
1240 2186 1377 2256 ὅπερ
1402 2185 1550 2239 ἐστὶν
1576 2186 1633 2238 ὲν
1661 2187 1727 2256 τῇ
1758 2183 1898 2253 γνώ-

313 2290 404 2344 μῖι
430 2278 498 2346 τῇ
540 2278 667 2347 ἐμῇ,
721 2276 783 2329 τὸ
837 2277 1120 2331 πείθεσθαι
1178 2276 1209 2347 ἢ
1248 2278 1347 2348 μή.
1395 2277 1462 2331 Ἢ
1493 2276 1631 2346 τάχα
1674 2277 1901 2339 ἑαυτοὺς

312 2367 668 2436 παρέδωκαν,
719 2370 909 2440 ἐπειδὴ
938 2369 1099 2423 τοῦτο
1150 2369 1480 2440 ἐπεθύμουν.
1524 2370 1613 2423 Ἐν
1638 2368 1746 2438 γὰρ
1777 2370 1898 2432 ταῖς

311 2457 644 2528 ἐπιθυμίαις
700 2460 813 2515 τῶν
868 2460 1104 2531 καρδιῶν
1146 2461 1351 2525 αὐτῶν,
1413 2460 1596 2531 φησίν.
1646 2480 1664 2514 ι
1694 2461 1901 2523 Οἶτινες

316 2550 716 2620 μετήλλαξαν.»
751 2551 1392 2625 -[01ΚοΥΜΕΝΙΟΥ.]
1432 2553 1592 2624 Ὁρᾷς
1627 2552 1787 2605 πάλιν
1820 2553 1900 2617 τὸ,

314 2641 707 2711 Μστήλλαξαν,
753 2647 1016 2716 σημαῖνον
1033 2645 1114 2698 ὃτι
1147 2643 1489 2714 κατέἵδησιν
1534 2642 1895 2713 μετήλλαξαν.

325 2750 353 2785 ο
393 2731 680 2804 ’Δλήθειαν
715 2736 807 2789 τοῦ
836 2736 970 2790 Θεοῦ
1019 2737 1077 2790 ἐν
1106 2735 1184 2806 τῷ
1212 2734 1417 2801 ψεύδει.
1461 2753 1481 2787 ι
1521 2734 1800 2798 Τουτέστι,
1831 2733 1901 2787 τὰ

324 2824 550 2895 ἀληθῶς
584 2828 675 2880 ἐπὶ
708 2827 844 2881 Θεοῦ
896 2826 1153 2895 λέγεσθαι
1196 2827 1288 2881 καὶ
1343 2826 1581 2879 νοεῖσθαι
1628 2824 1903 2893 δυνάμενα

323 2916 674 2989 πξριέθηκαν
712 2917 789 2989 τῷ
835 2918 1045 2988 ψεύδει.
1090 2918 1371 2984 Τουτέστι,
1401 2919 1511 2981 τοῖς
1550 2915 1808 2979 εἰδώλοις.
1835 2946 1906 2956 --

324 3006 831 3083 [ΘΕΟΔΩΡΙΤΟΥ.]
864 3011 934 3062 Ἢ
959 3009 1219 3078 ἀλήθειαν
1251 3008 1386 3061 Θεοῦ
1411 3008 1589 3074 καλεῖ,
1632 3004 1717 3072 Eb,
1738 3006 1900 3069 Θεὸς,

324 3099 523 3170 ὄνομα.
548 3101 759 3164 Ψεῦδος
787 3103 864 3167 δὲ,
888 3101 950 3155 τὸ
978 3102 1360 3172 χειροποίητον
1380 3102 1615 3155 εἴδωλον.
1639 3102 1768 3154 Δέον
1801 3101 1901 3152 αὐ-

325 3194 458 3256 τοὺς
488 3194 576 3248 τὸν
597 3194 773 3264 ἀληθῆ
800 3195 1175 3264 προσκυνῆσαι
1201 3196 1356 3256 Θεὸν,
1378 3197 1446 3264 τῇ
1477 3195 1655 3247 κτίσει
1674 3194 1734 3247 τὸ
1760 3193 1902 3246 θεῖον

2070 1017 2088 1051 ι
2126 999 2337 1055 Idcirco
2373 997 2616 1053 tradidit.
2654 1017 2673 1051 ι
2701 998 2821 1052 Non
2851 996 2969 1065 ipse
3005 993 3250 1057 tradidit,
3281 990 3445 1053 absit,
3478 988 3573 1044 sed

1995 1090 2111 1162 ipse
2134 1091 2356 1161 quidem
2387 1106 2484 1146 eos
2503 1090 2745 1161 neglexit
2764 1099 3022 1158 tanquam
3050 1101 3147 1141 sua
3172 1082 3576 1155 gubernatione

1994 1184 2266 1255 indignos.
2297 1182 2507 1238 Deinde
2550 1196 2683 1237 vero
2734 1180 2963 1236 Satanas
3000 1185 3255 1248 acceptos
3304 1176 3429 1230 illos
3463 1186 3575 1230 tra-

1996 1275 2140 1331 didit
2169 1275 2223 1329 in
2249 1289 2314 1330 ea
2344 1274 2398 1328 in
2435 1289 2558 1343 quae
2586 1271 2778 1327 traditi
2808 1280 2958 1327 sunt.
2989 1271 3177 1340 Itaque
3204 1269 3299 1323 Dei
3337 1266 3576 1338 permis-

1995 1366 2206 1423 sionem
2266 1372 2428 1421 vocat
2499 1364 2875 1419 traditionem.
2929 1362 3093 1432 216
3146 1359 3399 1415 Tradidit
3453 1358 3578 1413 illos

1995 1460 2163 1523 Deus,
2207 1458 2314 1514 hoc
2339 1464 2425 1513 est
2460 1455 2721 1512 delictum
2759 1470 2825 1511 ac
2861 1451 3218 1509 debacchatio
3267 1451 3340 1521 in_
3376 1451 3574 1514 Deum,

1996 1549 2330 1621 propriaque
2360 1549 2579 1604 illorum
2614 1546 2884 1618 operatio,
2917 1554 3011 1600 aut
3044 1546 3294 1601 ultronea
3349 1543 3575 1598 caecitas

1999 1643 2092 1699 illa
2129 1642 2356 1698 tradidit
2400 1656 2497 1697 eos
2541 1641 2599 1696 in
2633 1640 2863 1697 affectus
2896 1636 3232 1709 ignominiae.
3261 1634 3478 1690 Etenim
3520 1633 3578 1688 in

1997 1736 2336 1791 contrarium
2375 1734 2563 1789 dicere
2599 1732 2842 1788 solemus
2871 1746 2884 1784 :
2911 1727 3159 1785 Perdidit
3202 1726 3353 1781 illum
3385 1739 3582 1794 argen-

2000 1835 2137 1882 tum.
2170 1825 2337 1896 Atqui
2369 1832 2656 1896 argentum
2680 1838 2790 1877 non
2813 1820 3016 1892 perdit,
3039 1817 3134 1875 sed
3169 1817 3290 1888 ejus
3318 1813 3580 1885 prodigus

2000 1920 2286 1989 malusque
2331 1932 2485 1974 usus.
2520 1916 2656 1972 Item
2690 1933 2704 1969 :
2752 1913 3013 1982 Corrupit
3055 1925 3184 1966 eum
3239 1907 3578 1964 adulantium

1998 2013 2312 2068 multitudo.
2330 2011 2497 2082 Atqui
2517 2026 2625 2066 non
2651 2010 3135 2077 illicorrumpnnt,
3171 2004 3263 2061 sed
3295 1996 3377 2058 eis
3399 2000 3583 2056 adlue-

1996 2120 2120 2161 rere
2136 2114 2301 2174 atque
2313 2103 2717 2172 obtemperare,
2733 2100 2881 2172 quod
2899 2101 2951 2154 in
2968 2114 3089 2155 mea
3106 2098 3272 2154 situm
3289 2104 3374 2150 est
3391 2093 3583 2147 volun-

1999 2204 2131 2261 tate,
2175 2195 2624 2264 utipsispaream
2654 2201 2750 2247 aut
2773 2207 2909 2247 non.
2959 2191 3056 2246 Vel
3092 2187 3344 2243 fortassis
3370 2183 3586 2253 seipsos

1996 2285 2423 2340 tradiderunteo
2439 2286 2583 2353 quod
2609 2284 2713 2337 hoc
2731 2282 3119 2337 desiderarunt
3146 2295 3161 2344 ;
3186 2278 3263 2332 ait
3297 2276 3479 2330 enim:
3524 2273 3582 2327 In

1996 2377 2273 2433 desideria
2311 2376 2560 2432 cordium
2589 2390 2836 2431 suorum.
2864 2393 2882 2425 ι
2918 2370 3026 2438 Qui
3047 2375 3576 2427 commulaverunt.»

1998 2470 2164 2526 Vides
2186 2485 2428 2535 rursum,
2444 2468 2957 2524 Commutaverunt.
2978 2465 3111 2520 Nam
3136 2461 3408 2533 signiﬁcat
3435 2457 3584 2529 quod

1998 2563 2241 2617 scientes
2273 2568 2708 2616 commutarunt.
2748 2578 2766 2610 ι
2805 2559 3103 2613 Veritatem
3135 2554 3232 2609 Dei
3267 2555 3321 2607 in
3353 2552 3583 2607 menda-

1999 2653 2109 2707 cio.
2135 2671 2154 2704 ι
2190 2653 2304 2707 Ηοο
2333 2660 2438 2715 est,
2479 2666 2601 2720 quae
2624 2666 2752 2704 vere
2778 2650 2847 2704 de
2890 2650 3001 2705 Deo
3036 2648 3143 2701 dici
3183 2654 3239 2701 et
3271 2643 3425 2701 credi
3457 2657 3586 2711 pos-

1999 2749 2123 2795 sent
2154 2741 2221 2796 ad
2249 2740 2595 2795 mendacium
2632 2738 3015 2801 traduxerunt,
3054 2736 3109 2789 id
3155 2744 3260 2799 est,
3293 2732 3361 2787 ad
3412 2731 3583 2791 idola-

2001 2831 2101 2887 Vel
2128 2829 2427 2885 veritatem
2463 2828 2557 2883 Dei
2602 2836 2762 2881 vocat
2792 2827 3015 2880 utDcns
3052 2839 3235 2878 verum
3267 2836 3465 2876 nomen
3491 2818 3586 2882 sit,

2003 2921 2350 2978 mendacium
2414 2935 2546 2974 vero
2590 2918 2797 2972 is'olum
2840 2916 3241 2973 manufactum'.
3279 2927 3403 2966 cum
3454 2924 3588 2976 ergo

2003 3015 2127 3071 illos
2171 3020 2455 3084 oporteret
2503 3010 2672 3065 Deum
2732 3008 2989 3071 adorare,
3048 3005 3300 3060 divinum
3369 3001 3580 3055 cultum

2004 3113 2273 3160 creaturae
2311 3103 2655 3158 obtulerunt.
2695 3099 2789 3154 Vel
2838 3098 2965 3167 quia
3009 3098 3156 3150 Deus
3184 3092 3411 3163 quidem
3459 3104 3591 3144 vere

2004 3197 2149 3251 Deus
2174 3204 2280 3259 est,
2313 3193 2455 3248 idola
2483 3208 2613 3249 vero
2642 3207 2763 3261 qua:
2784 3191 3106 3250 adorarunt,
3142 3184 3482 3239 mendaciter
3511 3181 3588 3236 dii

328 3282 499 3345 σίδας
554 3287 955 3355 προσήνεγκαν.
1000 3314 1070 3324 -
1123 3283 1634 3356 [ΣΕΥΗΡΙΑΝΟΥ.]
1672 3286 1742 3337 Ἦ
1772 3286 1902 3337 ὅτιὸ

2011 3287 2371 3357 appellantur.
2409 3305 2427 3335 ι
2459 3286 2527 3339 Et
2552 3284 2846 3341 coluerunt
2885 3289 2942 3336 et
2969 3278 3305 3334 servierunt.
3335 3295 3355 3327 ι
3387 3274 3590 3330 Colac-

332 3371 436 3441 μὲν
464 3371 595 3436 Θεὸς
650 3372 866 3443 ἀληθῶς
905 3374 1020 3426 ὲστι
1036 3372 1190 3437 Θεὸς,
1207 3372 1277 3427 τὰ
1304 3373 1359 3426 δὲ
1389 3372 1586 3426 εἴδωλα
1614 3370 1695 3436 οἷς
1724 3389 1902 3445 προσ-

333 3459 606 3533 εκύνησαν
638 3503 654 3529 ,
707 3463 922 3533 ψευδῶς
982 3464 1480 3535 προσαγορεύονται
1536 3463 1668 3519 θεοί.
1739 3481 1759 3515 ι
1794 3464 1908 3517 Καὶ

332 3554 705 3627 ἐσεϐάσθησαν
749 3556 845 3608 καὶ
898 3555 1248 3625 ἐλάτρευσαν.
1285 3575 1306 3608 ι
1366 3556 1623 3619 Σέϐοντες
1674 3555 1753 3623 δὲ,
1808 3556 1909 3609 λαη

332 3647 615 3718 τρεύοντες
634 3648 959 3701 διετέλεσαν.
987 3665 1008 3699 ι
1038 3648 1117 3719 Τῇ
1147 3649 1323 3701 κτίσει
1368 3648 1520 3720 παρὰ
1544 3649 1636 3703 τὸν
1665 3648 1903 3703 Κτίσαν-

331 3754 424 3792 τα.
455 3757 474 3789 ι
524 3738 638 3791 Ἀεὶ
669 3740 735 3809 τῇ
785 3739 1072 3809 συγκρίσει
1106 3737 1483 3810 φοϐερώτερον
1524 3741 1670 3793 ποιεῖ
1691 3738 1782 3793 τὸν
1818 3740 1907 3793 λό-

332 3848 454 3899 γον.
489 3850 510 3883 ι
546 3830 641 3894 Ὃς
680 3832 831 3885 ἔστιν
856 3830 1147 3901 εὐλογητὸς
1181 3830 1263 3894 εἰς
1291 3831 1415 3896 τοὺς
1444 3831 1665 3896 αἰῶνας.
1697 3850 1716 3884 ι
1768 3831 1908 3885 Ἀλλ’

335 3921 396 3975 οὐ
426 3923 579 3992 παρὰ
608 3921 764 3976 τοῦτο
812 3921 1132 3995 παρεΰλάόη
1153 3936 1205 3977 τι
1231 3924 1260 3976 ὁ
1288 3921 1441 3988 Θεὸς,
1478 3924 1666 3993 φησὶν,
1693 3925 1773 3986 εἰς
1813 3921 1910 3994 τὴν

336 4014 547 4067 οἰκείαν
575 4011 753 4076 δόξαν.
789 4012 849 4067 Ὃ
880 4014 977 4085 μὲν
1008 4013 1118 4085 γὰρ
1141 4014 1324 4083 ἔμεινε
1348 4014 1444 4068 καὶ
1479 4012 1653 4077 οὕτως
1681 4014 1911 4082 εὐλογη-

333 4107 433 4171 τδς
457 4108 537 4170 εις
562 4107 688 4170 τοὺς
716 4105 949 4170 αἰῶναςο
980 4108 1159 4162 αὐτῶν
1189 4108 1247 4162 δὲ
1276 4110 1331 4162 αἱ
1356 4106 1913 4181 προλεχθεῖσαιὰμοι-

338 4195 457 4260 δαὶ,
480 4197 574 4250 καὶ
607 4197 662 4249 αἱ
690 4195 1109 4269 λεχθησόμεναι,
1157 4198 1372 4270 ἀτιμίαι
1406 4197 1501 4253 τοῦ
1532 4196 1786 4269 σώματος
1817 4198 1914 4252 καὶ

336 4288 659 4352 ἀντιδόσεις.

409 4381 514 4434 Διὰ
548 4383 721 4436 τοῦτο
751 4382 1097 4452 παρέδωκεν
1117 4382 1337 4449 αὐτοὺς
1363 4386 1395 4437 ό
1442 4382 1589 4450 Θεὸς
1632 4384 1721 4450 είς
1754 4382 1914 4451 πάθη

332 4474 607 4542 ἀτιμίας-ο
640 4476 704 4529 al
742 4493 807 4530 τε
840 4480 951 4547 γὰρ
1001 4476 1233 4543 θήλειαι
1284 4477 1484 4531 αὐτῶν
1525 4476 1917 4546 μετήλλαξαν

257 4554 283 4578 ⁸
332 4564 457 4633 τὴν
469 4565 743 4634 φυσικὴν
758 4565 981 4636 χρῆσιν
1000 4570 1088 4633 εις
1104 4568 1219 4635 τὴν
1250 4566 1409 4636 παρὰ
1426 4568 1639 4637 φύσιν.
1672 4566 1917 4636 Ὁμοίως

2009 3390 2140 3434 runt
2161 3377 2407 3447 quidem,
2440 3376 2537 3431 sed
2570 3373 2862 3429 serviendo
2897 3377 3324 3441 perseverarunt
3357 3379 3591 3434 remque

2009 3471 2395 3540 expleverunt.
2425 3487 2443 3520 ι
2472 3468 2752 3522 Creatura:
2782 3463 3004 3535 (inquit)
3028 3461 3212 3531 potius
3234 3473 3397 3529 quam
3418 3456 3589 3511 Crea-

2008 3562 2137 3627 tori,
2179 3581 2197 3612 ι
2230 3569 2287 3616 ct
2324 3560 2396 3614 ita
2421 3574 2638 3629 semper
2661 3556 3072 3626 comparatione
3099 3548 3590 3607 formidabiliorcm

2008 3654 2137 3708 facit
2166 3666 2502 3708 sermonem.
2544 3669 2562 3700 ι
2600 3649 2704 3716 Qui
2733 3655 2817 3702 est
2850 3645 3178 3702 benedictus
3217 3643 3274 3697 in
3306 3639 3522 3713 saecula.
3565 3656 3586 3690 ι

2008 3744 2211 3800 Verum
2258 3759 2368 3797 non
2409 3741 2480 3797 ob
2521 3740 2816 3810 id,inquit,
2858 3740 3005 3793 Deus
3049 3738 3103 3791 in
3145 3732 3366 3805 propria
3421 3730 3594 3804 gloria

2010 3839 2271 3893 damnum
2301 3836 2474 3889 ullum
2503 3833 2748 3903 suscepit
2782 3850 2795 3886 :
2822 3830 3094 3902 siquidem
3133 3829 3227 3884 ille
3258 3842 3413 3898 aeque
3441 3839 3596 3880 man.

2010 3930 2081 3985 sit
2124 3927 2452 3983 benedictus
2502 3926 2560 3980 in
2593 3924 2791 3980 szecula
2833 3941 2848 3977 :
2894 3922 3138 3992 ipsorum
3183 3928 3368 3975 autem
3416 3931 3594 3988 pmnae

2016 4021 2316 4092 praedictae,
2342 4033 2572 4087 qumque
2603 4016 2882 4082 dicentur,
2919 4021 3048 4069 sunt
3075 4012 3327 4083 corporis
3364 4008 3598 4082 ignomi-

2011 4114 2116 4168 niae
2148 4127 2211 4167 ac
2238 4109 2652 4167 retributiones.

2083 4390 2126 4453 Ι,
2174 4388 2367 4443 24-97.
2415 4385 2702 4456 Propterea
2748 4381 2969 4437 tradidit
3016 4379 3136 4433 illos
3180 4377 3319 4433 Deus
3371 4380 3427 4432 in
3467 4379 3595 4449 alre-

2014 4477 2545 4549 ctionesignominiaa.
2570 4475 2712 4530 Nam
2742 4475 2951 4544 femime
2983 4487 3165 4524 eorum
3187 4471 3599 4524 immutaverunt

2017 4568 2318 4627 naturalem
2366 4568 2609 4621 usumin
2664 4581 2782 4618 eum
2817 4563 2905 4632 qui
2959 4569 3034 4617 est
3081 4567 3275 4632 prater
3321 4567 3600 4613 naturam.

332 4672 404 4711 τε
432 4656 531 4710 καί
563 4660 616 4710 οἱ
643 4657 918 4727 ἄρσενες,
940 4658 1195 4728 ἀφέντες
1227 4659 1343 4726 τὴν
1365 4659 1634 4729 φυσικὴν
1689 4658 1903 4730 χρῆσιν

2018 4660 2269 4716 Similiter
2307 4664 2354 4711 et
2384 4654 2628 4719 masculi,
2662 4654 2843 4708 relicto
2899 4651 3143 4705 naturali
3192 4663 3289 4700 usu
3363 4644 3598 4714 femina;

332 4747 452 4816 τῆς
503 4750 767 4813 θηλείας,
821 4749 1236 4819 ἐξεκαύθησαν
1277 4751 1346 4805 ἐν
1375 4750 1449 4820 τῇ
1491 4752 1684 4820 ὀρέξει
1714 4752 1915 4807 αὐτῶν

333 4842 430 4907 είς
454 4839 791 4908 ἀλλήλους,
828 4842 1081 4910 ἄρσενες
1125 4844 1196 4898 ἐν
1250 4845 1469 4912 ἄρσεσι
1501 4846 1615 4910 τὴν
1644 4846 1914 4914 ἀσχημο-

333 4933 546 4999 σύνην
592 4932 1094 5003 κατεργαζόμενοι,
1151 4935 1248 4988 καὶ
1281 4935 1398 5003 τὴν
1426 4936 1807 5005 ἀντιμισθίαν
1835 4934 1916 5003 ἣν

332 5022 463 5078 ἔδει
520 5022 631 5093 τῆς
681 5024 919 5092 πλάνης
961 5025 1161 5080 αὐτῶν
1191 5026 1259 5080 ἐν
1296 5025 1532 5091 ἑαυτοῖς
1573 5025 1916 5095 ἀπολαμϐά-

329 5131 574 5182 νοντες.
896 5144 901 5148 ι

419 5226 438 5260 ι
471 5210 571 5261 Διά
597 5207 774 5264 τοῦτο.
820 5229 838 5263 ι
876 5211 1062 5279 Ποῖον;
1108 5211 1327 5283 Ἐπειδὴ
1356 5193 1692 5281 ἐλάτρευσαν
1713 5212 1776 5281 τῇ
1799 5209 1916 5264 κτί-

338 5316 428 5353 σει
459 5300 611 5371 παρὰ
641 5301 734 5354 τὸν
768 5302 1064 5356 κτίσαντα.
1117 5321 1135 5355 ι
1170 5302 1530 5373 Μετήλλαξαν
1550 5303 1650 5373 τὴν
1679 5301 1916 5372 φυσικὴν

338 5389 560 5460 χρῆσιν.
597 5407 617 5441 ι
682 5391 938 5460 Ἔχοντες
998 5392 1110 5462 γὰρ
1171 5394 1239 5447 ἐκ
1300 5393 1520 5462 φύσεως
1600 5392 1745 5463 μῖξιν
1823 5392 1884 5445 νό

343 5496 538 5550 μιμον.
608 5483 948 5551 μετήλλαξαν
1022 5486 1193 5557 αὐτὴν
1236 5475 1348 5549 ἐἰς
1414 5487 1512 5556 τὴν
1541 5485 1694 5557 παρὰ
1733 5485 1915 5553 φύσιν.

338 5573 713 5643 Αἱσγρὸτατόν
734 5591 786 5629 τι
807 5574 954 5643 λέγει
984 5577 1524 5649 ἐπικεκαλυμμένως.
1542 5579 1821 5631 Δείκνυσιν
1836 5577 1918 5630 ὅτι

341 5665 407 5718 οὐ
458 5665 619 5734 μόνον
674 5668 788 5731 τοῖς
821 5666 986 5732 θείοις
1014 5668 1220 5739 νόμοις,
1251 5667 1388 5721 ἀλλὰ
1416 5668 1508 5721 καὶ
1536 5669 1646 5730 τοῖς
1682 5667 1785 5738 τῆς
1818 5665 1919 5735 φῦ-

344 5771 488 5816 σεως
535 5756 718 5826 νόμοις
749 5758 1072 5826 ἐπολέμουν.
1103 5760 1178 5813 Τὸ
1216 5760 1298 5822 δὲ,
1358 5778 1377 5811 ι
1427 5758 1854 5828 Ἐξεκαύθησαν,
1895 5777 1913 5809 ι

345 5847 555 5918 πολλὴν
585 5851 783 5917 μανίαν
800 5852 893 5906 καὶ
908 5832 1121 5922 οἶστρον
1149 5851 1301 5923 δηλοῖ
1320 5867 1333 5881 ·
1364 5850 1465 5907 καὶ,
1502 5850 1603 5903 οὐκ
1638 5845 1781 5915 εἷπε,
1809 5849 1921 5921 Τὴν

342 5941 648 6015 ἐπιθυμίαν
682 5946 861 6001 αὐτῶν
885 5946 1371 6019 κατεργαζόμενοι,
1403 5946 1559 6014 ἀλλὰ,
1586 5965 1603 5999 ι
1624 5945 1733 6014 Τὴν
1754 5946 1921 6014 davn-

2016 4757 2330 4807 exarserunt
2374 4765 2466 4819 per
2514 4745 2872 4817 appetentiam
2920 4757 3074 4796 suam
3118 4742 3255 4793 inter
3293 4753 3349 4791 se
3392 4743 3603 4795 mutuo,

2018 4841 2236 4897 ntasculi
2258 4842 2313 4895 in
2344 4838 2599 4895 masculos
2632 4837 2920 4905 foeditatem
2959 4837 3343 4902 perpetrantes,
3383 4834 3431 4881 et
3463 4841 3599 4896 pra:-

2018 4935 2181 4990 mium
2212 4932 2369 5005 (quod
2408 4928 2660 5000 oportuit)
2692 4926 2886 4980 erroris
2915 4924 2999 4979 sui
3030 4923 3086 4976 in
3122 4935 3234 4975 sese
3270 4920 3599 4989 recipientes.

2095 5229 2113 5261 ι
2154 5208 2467 5277 PrOpterea.
2500 5222 2518 5254 ι
2557 5199 2784 5268 Quare?
2816 5196 2958 5264 Quia
2990 5192 3306 5251 servierunt
3338 5200 3603 5247 creatura:

2019 5302 2215 5374 potius
2241 5312 2405 5368 quam
2427 5293 2695 5349 Creatori.
2728 5311 2745 5342 ι
2775 5290 3268 5346 Commutaverunt
3297 5282 3601 5338 naturalem

2022 5409 2237 5450 usum.»
2272 5390 2408 5445 Cum
2441 5388 2588 5442 enim
2616 5385 2775 5457 217
2793 5400 2859 5439 ex
2880 5394 3078 5437 natura
3108 5379 3349 5434 habeant
3376 5384 3598 5430 natura-

2018 5485 2126 5541 lem
2156 5480 2617 5543 commistionem,
2655 5478 3139 5532 commutaverunt
3184 5469 3332 5524 illam
3374 5467 3430 5521 in
3475 5481 3602 5520 eum

2020 5575 2116 5647 qui
2138 5584 2223 5630 est
2250 5583 2450 5645 praeter
2474 5577 2750 5629 naturam.
2785 5566 3012 5622 Obtecte
3045 5577 3159 5618 rem
3193 5559 3373 5614 innuit
3397 5557 3602 5626 turpis-

2022 5643 2214 5723 simam
2245 5643 2344 5717 {et
2365 5658 2604 5715 ostendit
2635 5654 2782 5727 quod
2821 5669 2930 5708 non
2976 5650 3154 5706 solum
3203 5648 3259 5701 in
3296 5644 3391 5698 Dei
3431 5643 3601 5712 leges,

2024 5758 2122 5816 sed
2156 5758 2214 5812 in
2260 5764 2473 5810 natura:
2501 5764 2721 5820 quoque
2762 5747 2913 5816 leges
2961 5737 3402 5813 propugnabant.
3445 5732 3604 5800 Quod

2026 5859 2209 5907 autem
2260 5844 2465 5907 subdit,
2500 5861 2517 5893 ι
2560 5841 2919 5900 Exarserunt,
2960 5852 2979 5885 ι
3035 5841 3284 5902 magnam
3333 5824 3604 5882 insaniam

2025 5960 2089 6000 ac
2121 5949 2345 5999 (nstrum
2376 5932 2647 6007 signiﬁcat
2678 5949 2693 5986 :
2742 5944 2843 5986 nec
2888 5925 3024 5982 dixit
3050 5942 3064 5977 :
3089 5918 3602 5993 Concupisccntiam
