3978 6610
338 503 464 574 349

1445 507 1836 572 COMMENT.
1871 510 1951 571 IN
1993 511 2232 574 EPIST.
2266 511 2362 571 AD
2397 510 2583 575 ROM.

3528 510 3636 573 350

335 623 479 683 τοὺς
504 620 601 675 καὶ
620 619 783 691 μέχρι
816 618 923 674 τῶν
935 617 1135 685 γονέων
1152 616 1493 688 ἀγνώμονας.
1514 619 1830 684 Ἀσυνέτους
1858 619 1937 684 δὲ,

2054 620 2102 676 in
2151 622 2240 676 his
2285 638 2408 693 qua:
2456 623 2663 678 habent
2710 620 3024 678 cﬂoruntur
3073 619 3342 677 adversus
3383 620 3508 677 illos
3545 620 3641 692 qui

338 715 488 776 τοὺς
512 711 923 782 ἀσυνειδήτως,
952 704 1028 765 ὧν
1049 710 1203 764 οὐδὲν
1241 712 1661 780 ἁφρονέστερον.
1694 711 1950 765 Ἀσυνθέ-

334 818 484 863 τους
517 799 598 863 δὲ,
638 801 766 863 τοὺς
789 802 909 864 ταῖς
941 799 1234 870 συνθήκαις
1280 799 1354 871 μὴ
1384 801 1746 871 ἐμμένοντας,
1785 802 1850 866 ἃς
1879 801 1947 855 ἂν

335 892 497 963 πρός
510 909 665 955 τινας
691 892 1021 946 σύνθωνται·
1045 893 1347 963 ἀστόργους
1368 893 1447 956 δὲ,
1463 893 1590 957 τοὺς
1609 895 1837 965 ἀπηνεῖς
1851 893 1945 948 καὶ

352 985 583 1051 τ.ρίλους
602 1001 618 1015 ·
648 985 950 1048 ἀσπόνδους
975 986 1056 1051 δι,
1103 986 1229 1048 τοὺς
1258 985 1651 1049 ἀδιαλλάκτους
1677 987 1771 1040 καὶ
1808 1006 1945 1058 μνη-

350 1098 383 1121 ῖ·
403 1081 622 1142 κάκους
646 1096 662 1110 ’
705 1077 1080 1148 ἀνελεήμονας
1110 1077 1190 1137 δὲ.
1213 1078 1341 1142 τοὺς
1371 1079 1653 1148 ἁκαμπεῖς
1683 1081 1776 1132 καὶ
1800 1082 1947 1134 ανενρ

331 1170 539 1233 ὤτους
568 1170 705 1239 πρὸς
729 1169 895 1224 ἔλεον.
921 1188 940 1221 ι
973 1169 1323 1233 Ἀλαζόνας.»
1364 1171 1426 1223 ΕΞ
1446 1170 1556 1242 γὰρ
1579 1171 1606 1223 ό
1637 1171 1944 1242 κατορθῶν,

333 1266 415 1331 τῇ
453 1261 741 1334 ἀλαζονείᾳ
765 1264 1115 1335 χρησάμενος
1137 1264 1372 1316 ἑκένωσε
1397 1264 1466 1316 τὰ
1501 1265 1944 1336 κατορθωθέντα,

334 1358 514 1419 ποίας
542 1356 608 1409 ἂν
629 1357 715 1427 εἴη
733 1356 1002 1427 τιμωρίας
1017 1355 1162 1421 ἄξιος
1182 1358 1211 1410 ὁ
1224 1359 1283 1410 ὲν
1302 1357 1600 1427 ἁμαρτίαις
1622 1357 1947 1421 ἀλαζονευό-

338 1464 560 1517 μενοςς
591 1468 609 1499 ι
645 1449 977 1521 Ἐφευρετάς
1006 1450 1244 1505 κακῶν.»
1265 1451 1444 1521 Ὅπερ
1475 1449 1826 1521 μελετώντων
1856 1450 1949 1502 καὶ

339 1540 768 1606 σπουδαζόντων
814 1542 964 1608 ibim,
995 1543 1056 1597 ού
1119 1543 1226 1615 μὴν
1279 1542 1639 1611 ἀγνοούντων.
1676 1560 1694 1594 ι
1758 1543 1949 1595 Ἀσυν-

338 1632 563 1698 θὲτους,
579 1633 771 1704 ἀνελεή
781 1650 969 1703 μονας.
995 1651 1018 1687 ι
1047 1634 1558 1705 ’Δποσχοινίζοντας
1580 1632 1690 1687 ἀπὸ
1707 1634 1947 1698 πάντων,

337 1726 627 1790 τουτέστι,
662 1726 876 1791 πάντας
926 1726 1223 1798 μισοῦντας
1264 1728 1359 1781 καὶ
1415 1725 1948 1796 ἀποστρεφομένους.

2055 730 2164 770 non
2212 714 2460 769 habent:
2498 714 2767 785 gloriosos
2814 730 2950 770 vero
2983 714 3079 785 qui
3127 714 3196 770 de
3239 714 3326 769 his
3365 728 3490 785 quae
3529 729 3641 768 non

2052 805 2262 861 habent
2311 806 2619 877 gloriantur
2653 820 2717 862 ac
2756 806 2801 861 si
2842 822 2908 861 ea
2952 807 3320 877 possiderent.
3365 804 3639 860 Praeterea

2054 897 2376 954 inventores
2415 900 2688 953 malorum
2738 913 2834 955 eos
2866 899 2960 970 qui
2998 908 3198 970 praeter
3244 906 3432 954 vetera
3476 899 3642 963 mala,

2052 991 2158 1047 alia
2218 991 2446 1062 insuper
2482 992 2624 1047 mala
2672 992 2983 1063 designant.
3022 993 3103 1047 Ad
3157 992 3275 1046 hinc
3316 990 3644 1061 parentibus

2052 1083 2435 1138 inobedientes
2464 1084 2558 1153 qui
2603 1099 2671 1138 eo
2712 1099 2888 1153 usque
2922 1083 3189 1137 malorum
3234 1082 3637 1152 pervenissent,

2051 1184 2112 1231 ut
2158 1178 2325 1232 etiam
2357 1193 2486 1247 erga
2524 1184 2782 1247 parentes
2814 1176 3013 1246 perlldi
3054 1184 3262 1231 essent.
3310 1174 3643 1243 lnsipientes

2052 1276 2237 1323 autem
2311 1267 2690 1334 intelligentiae
2744 1276 3022 1337 expertes,
3082 1267 3288 1336 quibus
3340 1265 3477 1320 nihil
3555 1271 3642 1318 est

2051 1359 2300 1414 stultius.
2344 1358 2683 1429 Fcedil'ragos
2727 1372 2863 1412 vero
2908 1356 3003 1427 qui
3046 1357 3221 1427 pactis
3272 1373 3382 1411 non
3416 1362 3642 1409 manent

2053 1466 2178 1522 qum
2212 1464 2337 1507 cum
2375 1451 2656 1505 nonnullis
2693 1450 3027 1521 pepigerint.
3089 1449 3395 1504 Charitatis
3439 1448 3641 1503 affectu

2055 1542 2271 1598 alienos
2313 1552 2470 1598 vocat
2521 1556 2697 1597 saevos
2748 1541 2843 1612 qui
2900 1542 3087 1596 nullos
3128 1541 3338 1596 habent
3380 1541 3447 1596 ad
3502 1555 3643 1610 quos

2055 1633 2367 1690 adiciantur
2403 1635 2633 1691 amicos.
2658 1635 3162 1690 lrreconciliabiles
3190 1636 3286 1706 qui
3321 1634 3522 1689 mutari
3545 1647 3644 1689 ne-

2060 1735 2272 1796 queunt
2297 1733 2353 1782 et
2393 1727 2663 1781 malorum
2696 1740 2761 1782 ac
2810 1725 3138 1797 iniuriarum
3191 1740 3411 1797 semper
3447 1723 3647 1779 memi-

335 1827 580 1874 nerunt.
622 1819 851 1873 Demum
889 1819 1360 1875 immisericordes
1409 1819 1545 1874 dicit
1588 1817 1940 1880 inﬂexibiles,
1982 1817 2264 1888 durosque
2316 1819 2385 1873 ad
2466 1817 2926 1875 misericordiam.
2957 1837 2977 1869 ι
3029 1818 3290 1875 Gloriosi.
3329 1838 3347 1870 ι
3426 1818 3559 1873 Nam
3600 1817 3646 1870 si

338 1911 523 1966 etiam
584 1910 631 1965 is
674 1910 768 1981 qui
816 1919 971 1965 recte
1027 1912 1160 1982 agit,
1214 1927 1317 1981 per
1371 1913 1741 1984 arrogantiam
1808 1926 1935 1965 sese
1969 1911 2229 1980 jactando
2266 1913 2334 1966 ad
2365 1912 2603 1966 nihilum
2628 1913 2827 1985 redigit
2847 1931 2911 1971 ea
2951 1929 3077 1986 quae
3105 1928 3137 1968 a
3210 1928 3270 1968 se
3345 1920 3497 1967 recte
3526 1918 3648 1964 acta

341 2015 535 2071 erant,
564 2021 801 2076 quonam
830 2007 1108 2080 supplicio
1178 2006 1380 2079 dignus
1444 2008 1575 2072 erit,
1645 2010 1742 2079 qui
1783 2010 1837 2063 in
1864 2005 2106 2077 peccatis
2133 2005 2441 2074 gloriatur?
2470 2026 2488 2057 ι
2520 2006 2843 2064 lnvcnlores
2866 2009 3154 2063 malorum.
3224 2026 3242 2059 ι
3265 2005 3420 2073 Quod
3452 2018 3648 2060 eorum

344 2102 640 2172 proprium
691 2115 775 2158 est
816 2105 912 2174 qui
976 2119 1109 2159 cura
1150 2118 1215 2156 ac
1266 2102 1452 2157 studio
1510 2111 1763 2167 utuntur,
1814 2115 1925 2154 non
1965 2112 2157 2151 eorum
2202 2099 2295 2168 qui
2335 2099 2609 2170 ignorant.
2655 2120 2673 2153 ι
2721 2102 3014 2157 Charitatis
3049 2100 3250 2157 aﬂ‘cctu
3350 2099 3581 2154 alienos.
3621 2116 3642 2151 ι

344 2191 473 2248 Hoc
505 2203 586 2250 est
622 2193 690 2249 ab
724 2194 988 2250 omnibus
1028 2193 1382 2259 dissidentes,
1412 2209 1606 2249 omnes
1630 2192 1761 2248 odio
1815 2196 2213 2260 prosequentes
2243 2199 2302 2245 et
2329 2202 2669 2249 aversantes.

419 2286 651 2351 Οῗτινες
687 2287 753 2339 τὸ
781 2286 1067 2355 δικαίωμα
1094 2285 1202 2340 τοῦ
1252 2284 1403 2340 Θεοῦ
1427 2285 1779 2353 ἐπιγνόντες
1827 2283 1943 2353 (ὅτι

2120 2281 2165 2348 Ι,
2222 2282 2311 2338 32.
2363 2282 2465 2349 Qui
2506 2286 2715 2355 cognita
2777 2285 2872 2339 Dei
2905 2285 3142 2355 justitia,
3190 2286 3328 2355 quod
3375 2283 3467 2353 qui
3508 2281 3653 2341 talia

348 2381 415 2435 οι
441 2380 518 2434 τὰ
546 2380 793 2433 τοιαῦτα
828 2378 1213 2447 πράσσοντες
1255 2378 1412 2445 ἄξιοι
1438 2378 1699 2433 θανάτου
1727 2377 1932 2443 εἰσιν),

343 2474 430 2526 σὺ
441 2473 638 2542 μόνον
667 2471 821 2526 αὐτὰ
845 2471 1148 2538 ποιοῦσιν,
1182 2471 1343 2526 ἀλλὰ
1369 2468 1467 2525 καί
1494 2470 1943 2526 συνευδοκοῦσι

347 2562 482 2630 τοῖς
519 2563 895 2634 πράσσουσι.

388 2712 391 2713 ν
428 2651 603 2706 Πάλιν
629 2652 902 2708 δείκνυσιν
936 2654 1138 2719 αὐτοὺς
1176 2656 1234 2709 ὲν
1262 2655 1466 2724 γνώσει
1498 2655 1938 2729 ἁμαρτάνοντας.

348 2743 650 2816 Δικαίωμα
707 2745 765 2800 δὲ
817 2746 917 2808 τὰς
970 2747 1190 2811 ἐντολὰς
1224 2748 1394 2817 λέγει.
1435 2748 1495 2802 ’0
1536 2748 1647 2817 γὰρ
1695 2749 1860 2817 νόμος
1910 2749 1938 2802 ό

351 2838 655 2901 Βιωσαῖκδς
674 2837 888 2909 τρανῶς
913 2840 1006 2891 καὶ
1031 2840 1327 2911 ἀποτόμοις
1349 2840 1741 2904 διακελεύεται,
1757 2840 1942 2905 ἀξίους

356 2925 595 2981 θανάτου
640 2928 841 2995 κρίνων
874 2930 1000 2992 τοὺς
1027 2929 1097 2984 τὰ
1130 2931 1357 2985 τοιαῦτα
1388 2931 1748 3003 πράττοντας.
1770 2932 1942 2987 Τοῦτο

354 3020 470 3091 γάρ
512 3020 631 3072 ἔστι
663 3020 724 3074 τὸ
757 3020 1034 3093 δικαίωμα
1080 3025 1175 3075 καὶ
1209 3024 1242 3094 ἡ
1291 3024 1476 3094 ἐντολὴ
1511 3024 1605 3078 τοῦ
1648 3024 1803 3079 Θεοῦ.
1838 3023 1943 3079 Δύο

353 3116 576 3186 τίθησιν
619 3116 969 3187 ἐγκλήματα,
999 3116 1060 3170 τὸ
1110 3120 1285 3172 ποιεῖν
1317 3135 1375 3171 τε
1433 3120 1528 3171 καὶ
1564 3118 1942 3188 συμπράττειν

355 3208 473 3270 τοῖς
495 3205 730 3268 ποιοῦσι,
765 3207 861 3260 καὶ
893 3210 972 3267 εἰς
1001 3208 1063 3261 τὸ
1094 3208 1265 3261 κακὸν
1306 3207 1648 3278 παρακαλεῖν
1681 3207 1772 3262 τὸν
1804 3209 1942 3278 πλη-

358 3299 498 3353 σίον.
531 3297 919 3373 [1ΣΙΔΩΡΟΥ.]
979 3300 1137 3365 Τινὲς
1160 3301 1217 3354 δὲ
1255 3300 1329 3372 μὴ
1377 3302 1666 3371 νοήσαντες
1696 3300 1757 3354 τὸ
1786 3304 1938 3372 εἰρη-

363 3399 550 3470 μένον.
578 3400 713 3453 ἀλλὰ
735 3400 1189 3471 διαπορήσαντες,
1217 3401 1311 3453 καὶ
1336 3398 1819 3469 παραπεποιησθαι
1848 3400 1943 3463 τὰς

359 3492 724 3556 ἀποστολικὰς
750 3490 926 3557 λέξεις
961 3493 1308 3563 νομίσαντες,
1351 3490 1525 3554 οὕτως
1558 3491 1731 3554 αὑτὰς
1761 3492 1946 3561 ἡρμὴ-

355 3600 580 3636 νευσανο
627 3584 704 3637 Οὐ
750 3584 912 3654 μόνον
953 3584 1003 3636 0i
1056 3581 1343 3646 ποιοῦντες
1379 3583 1539 3649 αὐτὰ,
1569 3583 1706 3636 ἀλλὰ
1751 3583 1845 3638 καὶ
1894 3585 1943 3636 οἱ

357 3675 807 3739 συνευδοκοῦντες
856 3675 970 3738 τοῖς
1018 3676 1372 3746 πράττουσιν.
1406 3675 1594 3740 Οὕτως
1645 3675 1754 3746 γὰρ
1803 3676 1948 3747 ἔχειν

355 3770 573 3834 ἔφασαν
629 3766 688 3819 τὸ
732 3766 966 3820 παλαιὸν
1026 3766 1384 3838 ἀντίγραφον,
1438 3768 1526 3821 ἵνα
1566 3768 1749 3837 μεῖζον
1889 3770 1950 3822 τὸ

354 3860 572 3923 ποιεῖν,
638 3860 733 3911 καὶ
776 3857 1001 3912 ἔλαττον
1030 3860 1093 3911 τὸ
1126 3859 1488 3914 συνευδοκεῖν.
1532 3858 1675 3928 Ἐγὼ
1717 3860 1775 3913 δὲ
1826 3859 1949 3914 οὔτε

350 3948 713 4021 ἡμαρτῆσθαι
758 3950 817 4003 ἐν
842 3949 1021 4020 τούτῳ
1056 3950 1237 4022 φήσας
1266 3950 1335 4003 τὰ
1369 3950 1706 4005 ἀποστολικα
1745 3950 1949 4021 βιϐλία,

352 4041 485 4097 οὔτε
527 4044 906 4115 καταδραμεῖν
940 4043 1049 4098 τῶν
1091 4044 1165 4116 μὴ
1197 4044 1535 4114 νενοηκότων
1567 4046 1804 4116 φράσας,
1837 4048 1951 4110 τοῖς

350 4134 779 4203 ιντευξαμένοις
807 4135 1091 4206 ἐπιτρέψω
1119 4136 1220 4205 τὴν
1253 4136 1453 4206 ψῆφον.
1488 4139 1638 4207 Φημὶ
1658 4138 1836 4191 τοίνυν
1866 4140 1950 4191 ὅτι

352 4227 552 4296 ἐπειδὴ
592 4225 683 4280 τοῦ
732 4226 1081 4299 πλημμελεῖν
1121 4228 1182 4281 τὸ
1216 4229 1463 4282 ἐπαινεῖν
1514 4231 1641 4296 τοὺς
1691 4232 1950 4302 πλημμε-

349 4317 588 4380 λοῦντας
648 4316 830 4387 πολλῷ
876 4316 1288 4388 ἀργαλεώτερον
1323 4321 1440 4372 ἐστι
1481 4320 1577 4372 καὶ
1629 4322 1813 4391 μεῖζον
1871 4323 1951 4386 είς

351 4408 637 4470 κὺλάσεως
686 4408 867 4475 λόγον,
917 4410 1145 4473 εἰκότως
1194 4410 1422 4480 εῖρεται,
1481 4411 1555 4464 Ού
1600 4412 1760 4483 μόνον
1810 4414 1949 4467 αὐτὰ
1992 4415 2001 4425 ’

354 4498 637 4563 ποιοῦσιν,
684 4500 824 4553 ἀλλὰ
870 4503 965 4554 καὶ
999 4500 1379 4554 συνευδοκοῦσι
1421 4506 1533 4566 τοῖς
1591 4504 1948 4574 πράσσουσιν.

364 4589 429 4645 '0
466 4590 567 4661 μὲν
589 4593 696 4664 γὰρ
732 4593 870 4663 μετᾶ
893 4592 983 4647 τοῦ
1012 4592 1359 4665 πλημμελεῖν
1395 4593 1824 4663 καταγινώσκων
1853 4589 1951 4666 τῆς

352 4685 643 4757 ἁμαρτίας
681 4684 974 4756 δυνήσεται
1014 4687 1194 4758 χρόνῳ
1227 4685 1356 4739 ποτὲ
1407 4687 1602 4742 ἑαυτὸν
1639 4691 1951 4760 ἀνακτήσα-

357 4778 514 4842 σθαι,
556 4780 820 4853 μεγίστην
870 4781 1125 4852 βοήθειαν
1170 4783 1310 4852 ἔχων
1359 4783 1442 4845 εἰς
1475 4782 1538 4836 τδ
1586 4785 1947 4853 μετανοῆσαι,

353 4871 461 4943 τὴν
498 4873 844 4941 κατάγνωσιν
877 4876 977 4946 τῆς
1027 4874 1324 4945 ἁμαρτιας.
1378 4874 1438 4928 '0
1489 4875 1544 4928 δὲ
1578 4873 1820 4928 ἐπαινῶν
1851 4876 1949 4943 τὴν

2047 2383 2214 2447 agunt
2242 2377 2391 2449 digni
2434 2388 2555 2431 sunt
2597 2386 2784 2443 morte,
2853 2395 2957 2432 non
2986 2377 3159 2432 solum
3200 2393 3262 2431 ea
3296 2376 3520 2446 faciunt,
3556 2391 3647 2431 ue-

2047 2484 2166 2523 rum
2197 2471 2360 2525 etiam
2392 2470 2757 2527 assentiuntur
2783 2470 3231 2541 perpetrantibus.

2115 2657 2282 2728 219
2294 2658 2533 2712 Rursum
2554 2653 2800 2710 ostendit
2815 2669 2910 2710 eos
2924 2653 3236 2725 cognitione
3254 2665 3483 2723 peccare
3503 2669 3515 2705 :
3548 2650 3653 2723 "ju-

2048 2754 2257 2811 stitiam
2286 2756 2653 2820 autemxvocat
2676 2753 2770 2807 Dei
2794 2760 3092 2822 praecepta:
3114 2752 3201 2806 lex
3228 2752 3375 2807 enim
3406 2752 3647 2808 Mosaica

2049 2846 2347 2918 perspicue
2392 2860 2456 2900 ac
2490 2844 2632 2899 dure
2670 2843 2739 2899 de
2778 2844 2866 2898 his
2910 2843 3192 2907 admonet,
3238 2841 3435 2913 dignos
3465 2851 3657 2897 morte

2045 2936 2304 3009 judicans
2329 2936 2424 3007 qui
2459 2936 2587 2990 talia
2630 2945 2970 3006 perpetrant.
3002 2936 3059 2990 Id
3104 2935 3251 2989 enim
3302 2944 3387 2989 est
3431 2933 3648 3006 iustitia

2050 3030 2260 3100 Deique
2311 3037 2669 3100 praeceptum.
2717 3029 2836 3083 Duo
2873 3029 3030 3098 ponit
3064 3027 3324 3090 crimina,
3371 3035 3429 3081 et
3464 3026 3648 3081 facere

2048 3130 2104 3177 et
2145 3120 2436 3191 cooperari
2479 3120 2833 3184 facientibus,
2872 3135 2936 3174 ac
2981 3118 3300 3190 proximum
3339 3117 3407 3171 ad
3439 3118 3647 3171 malum

2047 3210 2352 3266 adhortari.
2398 3209 2633 3276 Quidam
2676 3218 2860 3264 autem
2888 3208 2952 3263 id
2995 3209 3142 3279 quod
3174 3208 3383 3263 dictum
3412 3215 3499 3263 est
3531 3223 3646 3263 non

2050 3303 2312 3365 assecuti,
2344 3312 2400 3358 et
2425 3302 2673 3373 Apostoli
2706 3302 2873 3357 verba
2904 3303 3252 3372 suspicantes
3285 3302 3456 3356 fuisse
3487 3299 3649 3355 adul-

2052 3402 2248 3460 terata,
2293 3396 2403 3450 hoc
2448 3394 2615 3450 modo
2659 3394 2752 3450 illa
2794 3395 3238 3465 interpretantur
3269 3411 3281 3448 :
3309 3393 3431 3450 Non
3465 3396 3647 3448 solum

2048 3488 2144 3559 qui
2177 3488 2703 3554 iaciuntea,verum
2718 3488 2883 3543 etiam
2909 3488 3003 3559 qui
3030 3488 3414 3544 assentiuntur
3442 3500 3648 3557 perpe-

2053 3581 2356 3636 trantibus:
2399 3596 2526 3635 nam
2552 3581 2626 3636 ita
2648 3580 2909 3637 habuisse
2930 3580 3124 3637 dicunt
3148 3590 3307 3636 vetus
3323 3581 3607 3651 exemplar
3625 3596 3646 3637 :

2052 3684 2113 3729 ut
2137 3674 2315 3745 majus
2335 3674 2408 3729 sit
2429 3673 2633 3736 facere,
2662 3674 2847 3730 minus
2868 3689 2999 3728 vero
3027 3673 3306 3729 assentiri.
3332 3674 3445 3745 Ego
3461 3683 3646 3729 autem

2049 3783 2231 3838 neque
2261 3768 2317 3823 in
2356 3768 2463 3824 hoc
2492 3768 2823 3837 depravatos
2855 3766 3026 3822 fuisse
3061 3766 3398 3836 apostolicos
3422 3765 3650 3821 codices

2050 3876 2328 3927 asserens,
2353 3876 2534 3931 neque
2563 3876 2689 3916 cum
2714 3861 2805 3916 his
2826 3860 2921 3931 qui
2952 3876 3062 3915 non
3096 3860 3491 3915 intellexerunt
3518 3874 3653 3914 cnn-

2052 3955 2282 4010 tendere
2312 3955 2526 4020 volens,
2576 3954 2880 4010 lectoribus
2913 3954 3097 4008 isthuc
3124 3952 3485 4024 iudicandum
3521 3965 3649 4021 per—

2051 4047 2293 4103 mittam.
2322 4046 2457 4101 Dico
2486 4062 2619 4117 ergo
2648 4046 2796 4116 quod
2833 4061 2959 4100 cum
2987 4060 3085 4100 eos
3129 4046 3224 4115 qui
3267 4054 3498 4114 peccant
3532 4043 3651 4097 col-

2049 4139 2276 4195 laudare
2318 4140 2478 4210 longe
2522 4139 2812 4209 operosius
2842 4139 2936 4202 sit,
2973 4154 3037 4193 ac
3069 4139 3250 4208 majus
3291 4136 3358 4191 ad
3391 4135 3647 4205 supplicii

2050 4232 2323 4287 rationem
2355 4239 2697 4285 momentum
2736 4230 2939 4285 habeat
2966 4244 3130 4298 quam
3161 4243 3414 4298 peccare,
3446 4226 3647 4280 merito

2049 4322 2259 4379 dictum
2310 4331 2397 4379 est
2435 4341 2448 4378 :
2504 4322 2625 4378 Non
2673 4323 2851 4378 solum
2882 4337 2947 4377 ea
2978 4320 3208 4382 iaciunt,
3256 4333 3448 4374 verum
3477 4317 3644 4371 etiam

2049 4416 2364 4472 assentiunt
2412 4415 2883 4486 perpetrantibus.
2914 4413 3051 4468 Nam
3081 4411 3128 4466 is
3151 4409 3246 4481 qui
3279 4410 3409 4465 dum
3435 4418 3646 4479 peccat,

2048 4509 2212 4564 simul
2263 4509 2431 4564 etiam
2477 4515 2766 4579 peccatum
2818 4505 3178 4569 condemnat,
3225 4504 3272 4560 is
3315 4501 3649 4573 quandoque

2051 4600 2316 4670 temporis
2344 4614 2603 4656 successu
2634 4598 2877 4669 seipsum
2906 4612 3238 4667 recuperare
3267 4595 3492 4667 poterit,
3520 4608 3646 4648 cum

2052 4694 2349 4749 maximum
2385 4694 2587 4749 habeat
2618 4691 2684 4747 ad
2710 4691 3151 4762 resipiscentiam
3186 4687 3479 4751 auxilium,
3516 4701 3650 4755 pec-

2050 4789 2156 4843 cati
2192 4787 2453 4843 videlicet
2481 4784 3002 4843 condemnationem
3036 4791 3094 4837 et
3125 4781 3337 4837 odium.
3369 4778 3474 4847 Qui
3514 4792 3650 4831 vero

2051 4881 2379 4949 pravitatem
2427 4878 2728 4942 collaudat,
2787 4875 2834 4929 is
2891 4889 3012 4930 sese
3072 4872 3140 4928 ad
3204 4868 3646 4942 resipiscendum

357 4966 653 5035 πονηρίαν,
684 4969 785 5037 τῆς
826 4970 892 5021 ὲκ
938 4967 1033 5021 τοῦ
1067 4968 1403 5040 μετανοῆσαι
1450 4967 1703 5038 βοηθείας
1756 4968 1947 5022 ἑαυτὸν

2054 4971 2259 5027 auxilio
2303 4970 2502 5040 privat.
2534 4967 2673 5024 Cum
2713 4983 2849 5038 ergo
2892 4965 3166 5037 judicium
3216 4965 3324 5019 hoc
3373 4972 3649 5032 corrupta:

358 5057 677 5128 ἀποστερεῖ.
711 5058 867 5112 Ἐπεὶ
897 5059 1075 5113 τοίνυν
1104 5058 1512 5131 διεφθαρμένης
1555 5060 1673 5113 ἐστὶ
1695 5058 1946 5129 γνώμης,

357 5149 462 5202 καὶ
490 5148 667 5220 ψυχῆς
727 5150 924 5205 ἀνίατα
955 5151 1219 5224 νοσούσης
1249 5151 1387 5221 αὕτη
1428 5154 1463 5223 ἠ
1494 5153 1695 5223 ψῆφος,
1722 5153 1950 5216 εἰκότως

355 5239 459 5294 τοῦ
503 5241 950 5312 πλημμελοῦντος
969 5247 998 5299 ό
1030 5244 1129 5315 τὴν
1171 5244 1449 5317 ἁμαρτίαν
1480 5245 1741 5311 ἐπαινῶν,
1769 5243 1951 5315 πολλῷ

356 5331 830 5406 παρανομώτερος
856 5336 1130 5408 κέκριται.
1518 5408 1557 5415 θ’

432 5424 535 5481 Διὸ
561 5426 1017 5499 ἀναπολόγητος
1036 5426 1111 5497 εἲ,
1129 5427 1175 5486 ὤ
1196 5430 1469 5500 ἄνθρωπε
1495 5430 1613 5500 πᾶς
1640 5434 1674 5487 ὁ
1701 5429 1943 5499 κρίνων.

368 5520 476 5575 Ἔν
497 5513 547 5590 ᾧ
574 5522 684 5591 γὰρ
714 5525 938 5592 κρίνεις
974 5527 1078 5581 τὸν
1099 5526 1327 5597 ἕτερον,
1368 5529 1634 5585 σεαυτὸν
1670 5525 1948 5594 natarpr-

359 5629 490 5679 νεις
511 5629 524 5642 ·
559 5614 632 5667 τὰ
663 5615 776 5685 γὰρ
815 5617 965 5672 αὐτὰ
1003 5617 1302 5688 πράσσεις
1332 5623 1366 5676 ό
1408 5622 1649 5690 κρίνων.
1688 5617 1951 5687 οἴδαμεν

358 5703 435 5760 δὲ
478 5706 567 5760 ὅτι
604 5707 670 5762 τὸ
716 5708 895 5780 κρῆια
940 5711 1045 5766 τοῦ
1080 5714 1229 5768 Θεοῦ
1271 5714 1404 5768 ἐστι
1455 5713 1608 5768 κατὰ
1658 5710 1951 5779 ἀλήθειαν

356 5797 464 5853 ἐπὶ
511 5800 654 5866 τοὺς
710 5800 782 5856 τὰ
836 5804 1077 5860 τοιαῦτα
1137 5804 1553 5876 πράσσοντας.
1616 5802 1829 5874 Λοτιζῃ
1880 5802 1951 5859 δὲ

359 5895 563 5961 τοῦτο,
598 5893 648 5955 ὦ
697 5899 970 5971 ἄνθρωπε
1018 5904 1051 5957 δ
1105 5906 1328 5973 κρίνων
1382 5903 1525 5970 τοὺς
1589 5901 1659 5956 τὰ
1708 5899 1950 5956 τοιαῦτα

357 5989 776 6061 πράσσοντας,
818 5995 916 6049 καί
951 5994 1326 6064 ποιῶναύτὰ,
1359 5994 1448 6051 ὅτι
1478 5995 1557 6051 σὺ
1583 5994 1847 6066 ἐκφεύξῃ
1878 5993 1945 6047 τὸ

359 6080 547 6152 κρῖμα
576 6083 682 6138 τοῦ
716 6083 898 6149 Θεοῦ;

2053 5063 2258 5119 mentis
2291 5063 2356 5117 sit
2391 5103 2404 5125 ,
2444 5061 2751 5128 animaeque
2795 5056 3281 5112 immedicabiliter
3307 5053 3645 5127 aegrotantis,

2050 5173 2164 5212 non
2215 5153 2496 5210 immerito
2542 5151 2636 5222 qui
2685 5158 2974 5221 peccatum
3026 5147 3306 5204 collaudat
3337 5148 3499 5219 longe
3535 5145 3645 5200 ini-

2053 5248 2218 5320 quior
2255 5245 2540 5320 judicatus
2568 5253 2653 5299 est
2699 5258 2766 5298 eo
2797 5241 2892 5312 qui
2928 5238 3221 5311 delinquit.

2126 5433 2193 5499 ll,
2229 5432 2342 5487 I—3.
2373 5430 2708 5503 Quapropter
2733 5425 3106 5482 inexcusabilis
3127 5441 3201 5485 es.
3228 5440 3259 5476 ο
3289 5423 3443 5477 homo
3472 5419 3646 5474 omnis

2056 5530 2148 5601 qui
2178 5527 2402 5593 iudicas.
2429 5523 2569 5580 Nam
2596 5524 2690 5578 hoc
2716 5523 2829 5591 ipso
2858 5520 2999 5591 quod
3047 5517 3278 5572 alterum
3296 5513 3531 5583 judicas,
3561 5519 3642 5564 te-

2053 5623 2230 5694 ipsum
2258 5619 2575 5674 condemnas
2593 5615 2810 5671 :eadem
2838 5615 2977 5668 enim
3003 5616 3278 5682 perpetrat
3302 5616 3359 5661 tu
3384 5606 3475 5676 qui
3488 5602 3644 5674 judi-

2057 5733 2165 5772 σοι.
2198 5714 2403 5771 Scimus
2444 5712 2586 5765 enim
2632 5710 2770 5781 quod
2794 5707 3061 5776 judicium
3094 5702 3190 5757 Dei
3235 5708 3311 5755 est
3352 5699 3644 5754 secundum

2055 5809 2398 5866 veritatemin
2425 5822 2509 5859 eos
2533 5804 2624 5875 qui
2646 5802 2776 5857 (alia
2807 5808 2993 5871 agunt.
3010 5795 3300 5853 Existimas
3330 5796 3640 5861 antemnae,

2057 5918 2088 5957 0
2117 5903 2269 5956 homo
2299 5899 2388 5969 qui
2405 5896 2617 5969 judicas
2646 5910 2730 5948 eos
2767 5893 2857 5963 qui
2895 5889 3030 5946 talia
3060 5893 3392 5960 perpetrant,
3426 5890 3478 5936 et
3506 5888 3641 5952 lacu

2056 6012 2142 6062 ea,
2176 5993 2315 6065 quod
2345 6000 2401 6045 tu
2433 5988 2644 6061 eﬁ‘ugies
2668 5985 2934 6056 judicium
2969 5981 3062 6038 Dei
3091 5980 3118 6035 ?
