3978 6578
414 476 561 546 331’

1506 478 1909 542 (ECUMENII
1946 477 2242 540 TRICCE
2281 475 2626 539 EPISCOPI

3572 480 3692 549 -352

488 592 728 649 Noverat
748 589 873 648 urbi
896 589 1253 647 commissum
1277 605 1397 647 esse
1415 590 1568 646 orbis
1594 591 1966 663 principatum
1993 606 2007 644 :

2187 589 2341 661 ᾜδει
2398 591 2466 660 τῇ
2518 587 2671 642 πόλει
2709 586 3144 658 ἐγχειρισθεῖσαν
3187 586 3284 642 τοῦ
3336 587 3551 657 κόσμου
3602 590 3695 659 τὴν

418 685 655 756 posthac
688 684 860 755 igitur
888 697 1199 740 sermonem
1226 682 1292 737 ad
1323 682 1607 753 principes
1639 682 1851 752 dirigit,
1893 688 2014 748 pot-

419 783 507 831 est
545 782 726 830 tamen
760 773 904 828 idem
948 772 1179 843 privatis
1227 787 1450 843 quoque
1499 772 1819 829 convenire.
1869 772 2014 828 Dicit

422 874 610 919 autem
662 863 1116 934 transgressionis
1148 863 1610 934 magnitudinem.
1640 862 1710 919 Et
1756 862 1884 934 ipsi,
1929 861 2013 918 in-

425 955 567 1024 quit,
602 955 994 1025 perpetrabant
1017 954 1204 1026 iniqua
1235 965 1291 1011 et
1328 956 1490 1010 simul
1521 970 1647 1012 cum
1681 962 2014 1027 perpetran-

426 1047 575 1103 tibus
606 1046 927 1102 currebant.
964 1046 1066 1103 Ubi
1102 1048 1250 1103 enim
1277 1048 1552 1119 quispiam
1588 1048 1659 1104 ab
1685 1048 1795 1103 alio
1821 1062 2011 1104 corre-

423 1146 551 1209 ptus
574 1136 639 1192 ad
656 1138 925 1210 judicium
951 1139 1273 1206 duceretur,
1307 1140 1408 1211 ipsi
1438 1140 1725 1208 sedebant,
1744 1141 2013 1212 illumque

421 1229 866 1286 condemnabant
893 1247 909 1297 ;
936 1247 1061 1287 cum
1094 1232 1199 1303 ipsi
1226 1233 1461 1303 aequalia
1493 1242 1925 1306 perpetrassent,
1954 1243 2015 1292 et

422 1339 550 1379 cum
595 1338 664 1380 eo
705 1322 774 1378 ad
825 1325 1263 1395 perpetrandum
1317 1326 1732 1383 concurrissent
1774 1343 1790 1382 :
1850 1327 2014 1398 220

420 1421 479 1470 et
523 1424 709 1470 tamen
746 1415 1218 1471 condemnabant.
1250 1417 1327 1471 Ita
1354 1423 1624 1472 noverant
1642 1417 1788 1488 quod
1817 1432 2015 1488 pecca-

376 1558 377 1563 η
422 1515 570 1570 rent,
606 1521 840 1577 seseque
878 1507 1056 1563 multo
1098 1507 1274 1578 magis
1305 1507 1762 1564 condemnarent.
1815 1527 1834 1561 ι
1874 1508 2012 1564 Nam

423 1597 533 1653 hec
568 1600 687 1669 ipso
716 1599 866 1670 quod
907 1600 1147 1655 alterum
1189 1598 1425 1672 judicas.
1462 1618 1480 1652 ι
1531 1598 1635 1667 Qui
1682 1600 1833 1656 enim
1870 1600 2014 1657 male

422 1692 557 1762 agit,
613 1701 672 1747 et
717 1702 899 1749 tamen
949 1691 1151 1749 similia
1202 1700 1587 1764 perpeti-antes
1637 1693 2012 1760 condemnat,

2112 680 2432 752 ἡγεμονίαν.
2462 679 2570 733 Kal
2617 678 2804 733 λοιπὸν
2834 679 2975 751 πρὸς
3012 681 3140 745 τοὺς
3168 682 3445 753 ἄρχοντας
3480 681 3695 734 ﬁmus-

2113 790 2283 827 νεται.
2329 772 2389 827 '0
2420 772 2477 826 δὲ
2500 773 2665 838 αὐτὸς
2701 772 2799 828 καὶ
2825 773 2962 845 πρὸς
3011 773 3227 839 ἰδιώτας
3258 773 3504 847 ἁρμόζει
3525 775 3693 843 λόγος.

2116 862 2316 937 [ΦΩΤ.]
2345 864 2691 937 Ὑπερὸολὴν
2714 865 2775 919 δὲ
2800 866 3149 937 παρανομίας
3168 866 3345 935 λέγει.
3369 866 3481 919 Kal
3506 866 3698 937 ἐπρατ-

2112 974 2228 1025 τον,
2248 958 2441 1028 φησὶν,
2473 958 2629 1013 αὐτοὶ
2676 958 2747 1013 τὰ
2766 959 3084 1030 παράνομα,
3119 961 3213 1015 καὶ
3232 961 3562 1030 συνέτρεχον
3594 965 3699 1026 τοῖς

2114 1049 2437 1121 πράττουσι.
2471 1049 2583 1105 Kal
2620 1050 2813 1122 ἐπειδὴ
2848 1052 2915 1107 ἁν
2943 1069 3026 1116 τις
3058 1052 3219 1117 ἁλοὺς
3259 1052 3379 1107 ὑπό
3423 1071 3574 1116 τινος
3615 1055 3700 1109 ἐπὶ

2113 1142 2298 1213 κρίσιν
2327 1142 2514 1213 ἥγετο,
2536 1143 2693 1198 αὐτοὶ
2724 1144 3052 1211 ἐκαθέζοντο
3081 1148 3176 1201 καὶ
3208 1148 3540 1219 κατέκρινον
3568 1150 3699 1202 ἐκεῖ·

2093 1229 2227 1301 νον,
2261 1226 2322 1287 οὗ
2354 1233 2425 1287 τὰ
2457 1232 2549 1289 ῐσα
2591 1235 2749 1290 αὐτοὶ
2776 1236 3069 1308 ἔπραττον.
3101 1238 3212 1292 Καὶ
3236 1230 3281 1307 ᾧ
3314 1240 3399 1302 εἰς
3439 1238 3503 1297 τὸ
3534 1239 3697 1308 πράτ-

2114 1343 2229 1380 τειν
2260 1326 2605 1400 συνέτρεχον,
2637 1328 2734 1385 καὶ
2764 1330 2917 1400 ὅμως
2947 1330 3295 1402 κατέκρινον.
3334 1330 3528 1395 Οὕτως
3560 1331 3695 1403 ﬁdet-

2118 1436 2218 1473 σαν
2243 1421 2328 1474 ὅτι
2361 1420 2794 1492 ἁμαρτάνουσιν,
2824 1420 2968 1477 ὥστε
3009 1423 3192 1495 πολλῷ
3234 1423 3448 1496 μᾶλλον
3481 1423 3701 1488 ἑαυτοὺς

2119 1512 2577 1585 προκατέκρινον.
2625 1532 2646 1567 ι
2692 1515 2783 1570 Ἐν
2818 1508 2862 1584 ᾧ
2901 1514 3010 1587 γὰρ
3057 1516 3269 1588 κρίνεις
3303 1516 3400 1570 τὸν
3445 1516 3648 1588 ἕτερον.
3676 1534 3697 1570 ι

2129 1603 2188 1656 '0
2219 1604 2329 1675 γὰρ
2362 1604 2434 1659 τὰ
2484 1605 2635 1660 κακὰ
2664 1606 2951 1679 πράσσων,
2995 1608 3347 1678 κατακρίνων
3397 1607 3457 1662 δὲ
3490 1608 3612 1672 τοὺς
3639 1606 3706 1661 τὰ

2117 1697 2282 1769 ὃμοια
2334 1699 2707 1770 πράσσοντας,
2746 1699 2872 1755 καθ’
2917 1701 3110 1755 ἑαυτοῦ
3145 1701 3370 1773 πρώτου
3406 1701 3509 1774 τὴν
3542 1701 3694 1756 κατά-

424 1784 691 1842 adversus
729 1786 971 1856 seipsum
1002 1785 1112 1841 l'ert
1154 1786 1695 1842 condemnationem.
1733 1804 1753 1838 ι
1795 1785 2017 1842 Scimus

2129 1806 2302 1863 κρισιν
2343 1789 2525 1862 φέρει.
2573 1809 2592 1845 ι
2628 1792 2864 1863 Οἴδαμεν
2890 1792 2970 1860 δὲ,
3002 1793 3087 1848 ὅτι
3124 1793 3187 1848 τὸ
3217 1796 3402 1866 κρῖμα
3449 1793 3546 1847 τοῦ
3575 1792 3704 1848 Θεοῦ

422 1879 574 1936 enim
601 1882 746 1950 quod
769 1880 1040 1952 judicium
1072 1880 1170 1937 Dei
1199 1890 1285 1938 est
1313 1880 1618 1937 secundum
1644 1881 1956 1936 veritatem.
1987 1898 2006 1932 ι

2129 1884 2238 1939 ἐστι
2269 1882 2413 1939 κατὰ
2443 1883 2726 1956 ἀλήθειαν.
2767 1904 2787 1938 ι
2818 1879 2947 1940 Ὧδε
2990 1886 3091 1959 μὲν
3115 1887 3226 1958 γὰρ
3293 1887 3360 1941 οὗ
3406 1887 3547 1942 κατὰ
3576 1887 3700 1958 ἁλή-

425 1971 820 2042 Siquidemhic
833 1990 943 2029 non
958 1973 1265 2030 secundum
1287 1973 1577 2030 veritatem
1598 1981 1685 2030 est
1698 1972 1973 2044 judicium
1995 2014 2012 2039 ,

2129 1975 2272 2032 θειὰν
2306 1978 2425 2031 ἐστι
2460 1976 2522 2030 τὸ
2545 1979 2755 2049 κρῖμα·
2789 1978 2975 2033 πολλοῖ⁵
3011 1981 3120 2052 γὰρ
3150 1979 3247 2033 καὶ
3282 1978 3465 2050 ἔνοχοι
3488 1980 3701 2050 διαφεύ-

427 2080 556 2121 nam
601 2075 658 2122 et
684 2066 844 2122 multi
873 2067 952 2123 rei
994 2066 1360 2123 absolvuntur
1388 2076 1446 2122 et
1470 2067 1717 2125 insontes
1754 2066 2017 2122 condem-

2129 2085 2312 2139 γουσι,
2354 2070 2451 2125 καὶ
2505 2069 2675 2124 nemo:
2748 2072 3196 2143 κατακρίνοντω.
3252 2072 3412 2126 Ἐκεῖ
3456 2072 3511 2126 δὲ
3570 2073 3700 2127 κατὰ

426 2166 630 2214 nantur
666 2176 680 2221 ;
708 2158 761 2213 in
796 2159 984 2214 futuro
1018 2167 1200 2215 autem
1224 2160 1525 2213 secundum
1559 2157 1848 2219 veritatem
1881 2159 2013 2214 erit.

2129 2159 2380 2231 ὶλήθειάν
2431 2163 2572 2215 ἐστι.
2604 2162 2713 2215 Kal
2752 2155 2857 2216 ὧδε
2916 2163 2977 2217 τὸ
3035 2161 3130 2216 τοῦ
3163 2161 3303 2215 Θεοῦ
3363 2165 3543 2233 κρῖμα
3585 2160 3698 2217 οὔτε

426 2251 543 2309 lmo
571 2261 627 2307 et
654 2252 744 2307 hic
770 2252 868 2308 Dei
897 2252 1168 2325 judicium
1199 2267 1381 2322 neque
1408 2250 1732 2322 injustitiam
1757 2250 2014 2317 absolvit,

2129 2253 2307 2308 Ξδικον
2335 2253 2526 2318 ἁθωοί,
2552 2252 2678 2308 οὔτε
2703 2254 2912 2309 δίκαιον
2943 2254 3290 2327 κατακρίνει,
3314 2255 3446 2309 ὅταν
3482 2257 3561 2319 είς
3590 2255 3698 2325 κρί-

426 2360 609 2416 neque
635 2346 846 2417 justum
878 2347 1233 2411 condemnat,
1261 2360 1385 2400 cum
1426 2345 1519 2400 hic
1559 2346 1624 2400 ad
1650 2344 1921 2416 judicium
1960 2344 2015 2398 in

2129 2363 2207 2400 σιν
2242 2347 2334 2400 καὶ
2369 2347 2606 2402 ἐνταῦθα
2642 2350 2889 2420 καταστῇ
2929 2366 3095 2404 τισιν.
3143 2366 3164 2399 ‹
3192 2349 3405 2420 Λογίζῃ
3441 2348 3499 2403 δὲ
3529 2348 3697 2415 τοῦτο,

425 2438 695 2508 quosdam
752 2438 1123 2495 descenderit.
1174 2458 1191 2490 ι
1232 2438 1527 2493 Existimas
1583 2445 1765 2491 autem
1818 2436 1949 2497 hoc.
1983 2450 2018 2491 0

2129 2434 2164 2493 ὣ
2210 2439 2486 2512 ἄνθρωπε.
2529 2459 2548 2492 ι
2596 2441 2791 2495 Πολλοὶ
2817 2440 2925 2510 γὰρ
2971 2440 3255 2512 ἡγοῦνται,
3286 2441 3372 2495 ὅτι
3417 2441 3535 2495 Κᾶν
3560 2438 3694 2508 ἐγὼ,

426 2530 614 2586 homo.
649 2551 667 2582 ι
706 2531 858 2587 Multi
892 2546 1128 2601 namque
1186 2530 1548 2586 arbitrantur.
1598 2530 1713 2584 Etsi
1760 2544 1882 2600 ego,
1931 2528 2020 2581 in-

2129 2533 2308 2602 φησιν,
2343 2533 2682 2603 ἁμαρτάνω,
2738 2533 2935 2594 ἄλλους
2982 2534 3037 2587 δὲ
3096 2533 3293 2587 κωλύω
3348 2532 3695 2602 ἁμαρτάνειν,

428 2622 650 2692 quiunt,
683 2636 873 2692 pecco,
900 2636 1024 2675 cum
1054 2621 1194 2676 alios
1228 2635 1458 2691 peccare
1481 2620 1832 2691 prohibeam.
1869 2636 2017 2676 mer-

2129 2627 2313 2696 μισθδν
2364 2629 2428 2680 ὲκ
2444 2626 2633 2680 τούτου
2682 2626 2808 2698 ἔχω.
2840 2627 2981 2681 Ἀλλ’
3014 2626 3312 2681 ἀκούσεται
3350 2625 3435 2692 τὸ,
3472 2644 3490 2677 ι
3516 2623 3695 2692 ’[ατρὲ,

428 2716 619 2771 cedem
655 2730 721 2769 cx
746 2714 853 2769 boc
886 2714 1082 2769 habeo.
1110 2713 1461 2770 Verumillud
1476 2714 1665 2769 audiet
1691 2732 1703 2769 :
1734 2733 1751 2765 ι
1782 2712 2014 2776 Modice.

428 2821 562 2862 cura
609 2807 843 2875 tcipsum
877 2806 920 2861 ⁸.
950 2826 968 2857 ι
994 2806 1239 2861 Primum
1295 2805 1442 2860 enim
1500 2806 2018 2862 condemnationem

429 2899 483 2954 in
521 2897 756 2968 teipsum
786 2897 1073 2954 induxisti.

502 2992 569 3051 ll.
597 2994 717 3048 4-6.
750 2993 853 3049 Aut
882 2994 1095 3049 divitias
1111 2994 1453 3066 benignitatis
1475 2993 1621 3050 illius
1644 3003 1693 3048 et
1724 2994 2023 3049 tolerantia?

430 3103 496 3141 ac
525 3086 950 3157 ionganimitatis
971 3089 1258 3142 contemnis
1285 3089 1311 3142 ?
1360 3087 1624 3159 Ignorans
1654 3088 1795 3158 quod
1834 3086 2023 3142 lenitas

430 3175 530 3231 Dei
582 3175 652 3228 ad
694 3178 1056 3247 paenitentiam
1113 3187 1163 3233 te
1216 3178 1399 3234 invitet
1446 3179 1471 3233 7
1522 3176 1819 3234 Secundum
1874 3190 2023 3234 tuam

430 3279 608 3326 niuem
647 3270 924 3335 duritiam,
959 3281 1006 3325 et
1050 3288 1140 3325 cor
1176 3273 1428 3343 pmnitere
1476 3273 1730 3336 nesciens,
1786 3272 2022 3326 recondis

430 3363 525 3419 tibi
542 3366 643 3446 ipsi
679 3365 816 3419 iram
842 3365 895 3419 in
921 3366 1004 3419 die
1032 3366 1127 3421 irw
1152 3373 1201 3419 et
1236 3364 1571 3420 reuelationis
1605 3373 1653 3419 et
1683 3365 1818 3435 justi
1831 3364 2022 3435 judicii

432 3456 563 3524 Dei,
589 3459 679 3529 qui
709 3458 887 3514 reddet
922 3458 1206 3528 unicuique
1225 3458 1383 3530 juxta
1418 3475 1578 3530 opera
1611 3475 1733 3514 sua.

503 3735 861 3807 Longanimis
902 3735 1130 3807 quidem
1164 3745 1270 3801 est,
1307 3744 1550 3792 attamen
1583 3733 1692 3791 nisi
1729 3743 2024 3791 converta-

435 3846 582 3898 mur,
607 3846 797 3886 ensem
827 3845 988 3886 suum
1017 3829 1284 3886 vibrabit.
1321 3849 1340 3881 ‹
1364 3830 1627 3901 Ignorans
1655 3828 1801 3900 quod
1828 3829 2027 3885 lenitas

438 3925 558 3980 Dei.
603 3943 622 3978 ι
680 3925 979 3995 Propterea
1031 3924 1174 3980 lenis
1242 3932 1366 3988 est,
1409 3939 1522 3979 non
1569 3932 1630 3978 ut
1678 3922 1904 3978 lenitate
1956 3921 2024 3977 ad

439 4015 667 4087 majoris
687 4015 980 4073 dementia:
996 4018 1346 4072 occasionem
1373 4016 1564 4082 utaris,
1585 4015 1683 4071 sed
1709 4024 1765 4068 ut
1785 4015 2026 4086 spatium

432 4109 775 4180 paenitentia:
800 4110 1079 4180 accipias;
1111 4111 1298 4180 itaque
1323 4124 1686 4180 perseverans
1709 4108 1762 4162 in
1787 4107 2028 4178 pravita-

433 4213 489 4260 te
514 4203 971 4274 deprehenderis.
1031 4222 1049 4255 ι
1097 4202 1416 4259 Secundum
1455 4212 1605 4257 luam
1640 4209 1827 4256 autem
1873 4201 2027 4254 duri-

435 4295 588 4349 tiam.
630 4314 648 4346 ι
682 4294 821 4351 Cum
893 4294 1042 4350 enim
1104 4293 1380 4365 quispiam
1430 4307 1613 4362 neque
1687 4291 2028 4361 benignitate

432 4387 670 4443 emolliri
724 4395 926 4457 potest,
959 4401 1142 4457 neque
1167 4387 1304 4440 iram
1345 4384 1522 4450 timet,
1550 4383 1684 4454 quid
1732 4399 1801 4439 eo
1832 4382 2029 4441 durius

430 4496 556 4537 esse
584 4480 819 4552 potest?
857 4499 875 4530 ι
907 4478 1206 4534 Recondis.
1243 4497 1261 4530 ι
1312 4476 1597 4548 Significat
1634 4477 1779 4548 quod
1835 4479 2029 4532 certis-

434 4571 577 4627 simo
616 4570 950 4633 servabitur,
987 4579 1045 4625 et
1077 4568 1225 4639 quod
1255 4575 1313 4622 tu
1347 4567 1449 4623 tibi
1473 4583 1638 4623 causa
1666 4567 1742 4622 sis
1773 4585 1787 4622 :
1816 4584 1940 4623 nam
1970 4576 2025 4622 tu

2123 2719 2460 2790 θεράπευσον
2492 2722 2741 2774 σεαυτόν.
2769 2739 2787 2772 ι
2826 2721 2937 2792 Τὴν
2955 2722 3062 2793 γὰρ
3084 2720 3415 2791 καταδίκην,
3455 2717 3605 2789 φησὶ,
3639 2720 3696 2770 σὺ

2125 2812 2312 2884 σαύτῷ
2341 2815 2622 2883 ἐπήγαγες
2660 2813 2897 2882 πρῶτον.

2202 3002 2275 3056 Ἢ
2317 2999 2425 3056 τοῦ
2458 3000 2729 3054 πλούτου
2766 3000 2877 3068 τῆς
2921 3003 3340 3069 χρηστότητος
3378 2998 3564 3055 αὑτοῦ
3608 2996 3696 3051 καὶ

2121 3093 2236 3164 τῆς
2268 3092 2500 3162 ἀνοχῆς
2541 3093 2640 3148 καί
2685 3092 2798 3161 τῆς
2827 3094 3243 3164 μακροθυμίας
3281 3089 3696 3162 καταφρονεῖα

2123 3184 2361 3255 ἀγνοῶν
2390 3184 2481 3239 ὅτι
2521 3184 2588 3238 τὸ
2629 3186 2903 3254 χρηστὸν
2936 3185 3043 3240 τοῦ
3083 3184 3233 3240 Θεοῦ
3267 3189 3359 3249 εις
3391 3181 3696 3255 μετάνοιάν

2129 3295 2202 3333 σε
2258 3278 2424 3346 ἄγευ
2473 3276 2631 3333 Κατὰ
2687 3278 2756 3331 δὲ
2803 3276 2919 3344 τὴν
2972 3279 3363 3344 σκληρότητά
3437 3293 3552 3332 σου
3610 3273 3696 3328 καί

2128 3371 2541 3439 ἀμετανόητον
2581 3369 2870 3437 καρδ.ἀν,
2914 3369 3290 3438 θησαυρίζεις
3339 3365 3571 3433 σεαυτῷ
3611 3366 3695 3432 ὀρ-

2126 3462 2245 3534 γὴν
2266 3465 2335 3518 ἐν
2361 3461 2551 3532 ἡμέρᾳ
2576 3461 2760 3532 ὀργῆς
2789 3462 2888 3517 καί
2927 3463 3372 3532 ἀποκαλύψεως
3398 3461 3697 3529 δικαιοκρι-

2130 3556 2275 3621 σίας
2323 3553 2431 3609 τοῦ
2501 3554 2674 3620 Θεοῦ,
2715 3553 2784 3620 ὃς
2818 3553 3123 3610 ἀποδώσει
3163 3554 3405 3623 ἑκάστῳ
3444 3554 3588 3608 κατὰ
3634 3550 3697 3604 τὰ

2127 3645 2272 3715 ἔργα
2298 3644 2508 3700 αὐτοῦ.

2199 3735 2570 3806 Μακροθυμεῖ
2618 3734 2738 3804 μὲν,
2794 3734 2937 3806 πλὴν
2986 3734 3083 3789 ἐὰν
3143 3736 3218 3808 μὴ
3261 3732 3693 3807 ὲπιστραφῶμεν,

2126 3828 2231 3898 τὴν
2278 3826 2553 3899 ῥομφαίαν
2602 3826 2769 3881 αὐτοῦ
2823 3826 3135 3884 πιλὸώσει.
3204 3827 3488 3895 «Ἂγνοῶν
3534 3827 3610 3880 ὅτι
3642 3820 3695 3873 τὸ

2098 3917 2363 3993 ’χρηστὸν
2391 3919 2485 3974 τοῦ
2515 3920 2672 3974 Θεοῦ.
2710 3939 2728 3972 ι
2767 3920 2867 3973 Διὰ
2891 3921 3047 3974 τοῦτο
3076 3921 3186 3989 γὰρ
3224 3919 3584 3990 μακροθυμεῖ,
3609 3915 3695 3982 οὐχ

2131 4016 2218 4070 ἵνα
2270 4017 2333 4086 τῇ
2398 4013 2756 4085 μακροθυμίᾳ
2808 4014 2989 4085 χρήσῃ
3042 4015 3123 4077 εἰς
3176 4013 3436 4084 ἀφορμὴν
3472 4009 3694 4081 μείζονος

2129 4108 2616 4176 καταφρονήσεως,
2652 4104 2769 4158 ἀλλ’
2791 4106 2876 4157 ἵνα
2896 4105 3173 4173 διάστημα
3203 4104 3492 4174 μετανοίας
3521 4100 3691 4170 λάϐῃς.

2144 4199 2458 4271 Ἐπιμένων
2485 4196 2578 4253 οὖν
2606 4196 2887 4270 ἀπολήψῃ.
2926 4217 2944 4248 ι
2976 4198 3132 4251 Κατὰ
3159 4196 3215 4251 δὲ
3250 4196 3350 4269 τὴν
3375 4188 3693 4265 σκληρότητά

2131 4310 2247 4347 σου.
2278 4312 2296 4346 ι
2326 4292 2499 4346 Ὅταν
2537 4289 2646 4360 γάρ
2678 4309 2762 4355 τις
2801 4292 2938 4361 μήτε
2978 4290 3314 4361 χρηστότητι
3347 4288 3693 4361 μαλάσσηται,

2135 4384 2269 4457 μήτε
2295 4383 2465 4456 ὀργὴν
2490 4383 2685 4454 δειλιᾷ,
2709 4382 2763 4436 τί
2785 4383 2978 4436 τούτου
3008 4382 3373 4452 σκληρότερον
3398 4400 3412 4449 ;
3452 4400 3469 4432 ι
3497 4380 3691 4448 Gnaeu-

2133 4477 2323 4550 ρίζεις.
2351 4496 2369 4529 ι
2408 4477 2483 4530 Τδ
2508 4476 2728 4538 πάντως
2760 4474 3247 4545 φυλαχθησόμενον
3281 4475 3451 4544 δηλοῖ.
3493 4470 3595 4525 Kal
3623 4469 3693 4520 ὅτι

2134 4571 2197 4624 σὺ
2224 4567 2406 4639 σαυτῷ
2439 4567 2637 4631 αἴτιος.
2666 4567 2738 4620 Σὺ
2773 4565 2883 4636 γὰρ
2915 4566 3181 4637 ἁποτίθης
3212 4567 3306 4619 καὶ
3342 4561 3691 4637 θησαυρίζεῑςο

438 4662 538 4718 tibi
567 4663 791 4734 reponis
814 4678 880 4719 ac
908 4662 1186 4717 recondis.
1225 4680 1242 4713 ι
1278 4660 1344 4716 Ει
1375 4660 1751 4717 revelationis.
1783 4680 1801 4712 ι
1825 4660 1903 4715 Ne
1929 4660 2023 4716 Dei

2138 4682 2157 4715 ι
2187 4664 2296 4716 Kal
2324 4661 2750 4732 ἀποκαλύψεως.
2787 4681 2806 4714 ι
2848 4662 2969 4715 Ἵνα
3006 4660 3079 4732 μὴ
3114 4659 3284 4732 ὀργὴν
3313 4658 3448 4711 Θεοῦ
3502 4650 3690 4708 ἀκούων

438 4757 578 4812 iram
625 4757 861 4813 audiens
897 4757 1159 4812 allectum
1200 4755 1510 4817 arbitreris,
1563 4754 1813 4810 subdidit
1847 4772 1859 4808 :
1903 4774 1921 4806 ι
1962 4755 2030 4810 Et

436 4849 797 4906 revelationis
818 4849 951 4920 justi
974 4848 1205 4920 judicii;
1236 4868 1255 4901 ›
1293 4849 1386 4904 ubi
1423 4848 1800 4920 cnimjustum
1836 4856 1921 4904 est
1945 4850 2031 4920 ju-

436 4940 668 5005 dicium,
710 4939 786 4997 ibi
843 4958 954 4997 non
991 4950 1078 4997 est
1124 4940 1376 4997 affectus.
1418 4940 1555 4996 Nam
1611 4951 1741 4997 tunc
1796 4943 2032 4998 maxime

433 5036 643 5107 justum
669 5035 935 5106 judicium
968 5035 1266 5099 revelatur,
1317 5033 1544 5106 quando
1579 5034 1762 5090 reddit
1807 5034 2028 5089 unicui-

438 5145 548 5198 que
576 5129 733 5199 juxta
759 5143 931 5200 opera
967 5144 1087 5185 sua.
1134 5149 1152 5182 ‹
1183 5129 1404 5200 Etjusti
1442 5128 1636 5199 judicii
1678 5127 1797 5183 Dei.
1828 5147 1846 5179 ι
1882 5126 2032 5182 Tan-

438 5237 603 5290 quam
637 5221 703 5275 ad
733 5221 1164 5278 declarationem
1197 5221 1573 5291 interponitur
1597 5222 1709 5286 καὶ,
1747 5228 1821 5275 et.

514 5314 579 5378 11,
621 5314 651 5366 7
690 5316 777 5369 Η.
832 5315 926 5370 His
973 5315 1181 5386 quidem
1215 5316 1305 5387 qui
1344 5314 1633 5370 secundum
1685 5313 2030 5370 tolerantiam

440 5410 616 5478 aperis
651 5408 772 5463 boni
818 5407 1048 5480 gloriam
1078 5417 1129 5463 et
1187 5410 1437 5462 honorem
1485 5424 1547 5460 ac
1586 5407 2034 5477 incorruptionem

444 5510 711 5572 quaerunt,
763 5504 927 5558 vitam
963 5511 1239 5558 cateruam.
1269 5500 1345 5556 Iis
1379 5515 1502 5554 vero
1538 5500 1626 5570 qui
1661 5507 1784 5553 sunt
1819 5508 2036 5553 conten-

447 5597 586 5658 tiosi,
630 5605 679 5650 et
724 5596 936 5650 veritati
974 5595 1184 5667 quidem
1238 5610 1343 5649 non
1389 5593 1785 5663 obtemperant,
1848 5600 2037 5663 parent

448 5696 630 5742 autem
661 5688 960 5757 injustitia’,
1008 5687 1304 5757 indignatio
1333 5693 1383 5740 et
1412 5687 1520 5751 ira,
1552 5683 1827 5739 tribulatio
1860 5691 1911 5736 et
1938 5699 2038 5737 an-

445 5781 647 5848 gustia.
666 5797 825 5854 super
849 5794 1054 5836 onmem
1079 5782 1317 5836 animam
1344 5780 1502 5851 221
1518 5779 1745 5834 hominis
1769 5778 2038 5850 operantis

521 5958 547 5995 ³
575 5957 713 6017 Luc.
735 5975 806 6027 IV,
848 5959 939 6016 25.

2133 4756 2305 4821 πάθος
2332 4755 2582 4826 νομίσῃς,
2630 4755 2936 4825 ἐπήγαγεν·
2978 4773 2999 4806 ι
3035 4753 3466 4823 Ἀποκαλίιψεως
3514 4747 3691 4800 δικαιες

2133 4849 2374 4921 κρισίας.
2410 4869 2429 4900 ι
2472 4848 2643 4903 Ἔνθα
2677 4848 2787 4918 γὰρ
2820 4847 3212 4918 δικαιοκρισὶα,
3252 4846 3352 4899 οὐκ
3383 4845 3493 4898 ἔστι
3524 4836 3691 4896 πάθος·

2134 4943 2209 4996 Τό
2239 4960 2297 4995 τε
2332 4943 2442 5014 γὰρ
2488 4941 2728 5010 μάλιστα
2763 4942 2797 5010 ἡ
2835 4939 3207 5010 δικαιοκρισία
3247 4935 3688 4992 ἀποκαλύπτεται.

2134 5038 2266 5091 ὅταν
2296 5036 2624 5091 ἀποδίδωσιν
2656 5034 2874 5105 ἑκάστῳ
2898 5034 3042 5089 κατὰ
3067 5032 3137 5087 τὰ
3172 5032 3310 5105 ἔργα
3343 5027 3524 5086 αὐτοῦ.
3559 5043 3575 5075 ι
3597 5018 3686 5073 Kal

2132 5125 2534 5195 δικαιοκρισίας
2575 5123 2669 5179 τοῦ
2705 5124 2865 5178 Θεοῦ.
2902 5144 2921 5177 ι
2970 5124 3243 5196 Ὠςπρὸς
3284 5123 3382 5193 τὴν
3423 5113 3687 5193 ἑρμηνείαν

2147 5216 2209 5272 τὸ
2237 5217 2337 5271 καὶ
2374 5216 2739 5288 παρέλκεται.

2210 5309 2336 5376 Τοῖς
2370 5307 2489 5379 μὲν
2515 5308 2646 5362 καθ’
2678 5307 3020 5379 ὑπομονὴν,
3059 5307 3238 5377 ἔργου
3273 5301 3494 5376 ἀγαθοῦ
3526 5293 3686 5359 δόξαν

2138 5404 2241 5459 καὶ
2269 5403 2450 5474 τιμὴν
2476 5402 2574 5458 καί
2605 5403 2952 5473 ἀφθαρσίαν
2981 5400 3245 5468 ζητοῦσι,
3282 5398 3433 5466 ζωὴν
3455 5391 3684 5447 αἰώνιον·

2143 5496 2274 5564 Τοῖς
2299 5495 2367 5550 δὲ
2409 5495 2479 5561 ἐξ
2514 5495 2795 5563 ἐριθείας,
2833 5494 2933 5548 καί
2964 5491 3283 5548 ἀπειθοῦσι
3309 5489 3426 5560 μὲν
3464 5482 3534 5552 τῇ
3558 5479 3686 5551 ἀλη-

2139 5591 2289 5658 θείᾳ,
2325 5590 2703 5655 πειθομένοις
2736 5585 2804 5641 δὲ
2827 5585 2903 5655 τῇ
2944 5585 3168 5653 ἀδικίᾳ.
3204 5582 3391 5652 θυμὸς
3418 5576 3509 5632 καί
3540 5565 3682 5658 ὀργή.

2144 5682 2362 5749 autem
2414 5679 2513 5733 καὶ
2550 5678 2921 5747 στενοχωρία
2967 5674 3065 5730 ἐπὶ
3117 5672 3326 5727 πᾶσαν
3372 5663 3571 5738 ψυχὴν
3597 5657 3686 5710 ἀνο-

2144 5772 2380 5845 θρώπου
2413 5771 2519 5828 τοῦ
2562 5766 3070 5843 κατεργαζομένου
3103 5767 3170 5821 τὸ
3203 5763 3413 5832 κακὸν,
3433 5749 3684 5815 Ἰουδαίου
