3978 6548
486 333 594 397 εδδ

1548 320 1877 382 (ECUMEN
1888 319 1946 379 II
1978 315 2273 378 TllICC/E
2304 313 2642 375 EPISCOPI

3609 322 3700 386 356

548 439 856 498 Ostendere
878 437 997 495 vult
1018 435 1164 507 quod
1190 450 1317 491 cum
1342 435 1451 490 duo
1476 432 1841 505 peccaverint,
1864 445 2050 501 nempe

2231 429 2411 492 Δεῖξαι
2459 425 2602 480 θέλει
2644 426 2702 479 ἐν
2735 425 2829 479 δύο
2860 424 3262 495 ἁμαρτήσασιν,
3282 426 3521 501 Ἰουδαίῳ
3546 446 3598 484 τε
3623 433 3703 490 καὶ

476 535 703 595 ludens
752 548 819 590 ac
865 534 1247 603 praeputiatus,
1294 529 1517 600 gravius
1551 528 1778 597 punitur
1810 525 2054 584 Iudaeus.

480 641 548 683 eo
578 625 746 697 quod,
780 625 945 680 etiam
983 623 1156 691 legem
1198 620 1406 674 habens
1436 620 1560 674 vita:
1609 622 1824 677 ducem.
1866 631 2058 685 pecca-

481 715 622 770 verit
652 733 666 769 :
702 713 1085 783 praeputiatum
1118 724 1251 764 vero
1284 708 1495 762 inducit
1529 708 1645 762 siue
1675 708 1793 776 lege
1827 721 2058 776 peccan-

484 816 616 870 tem,
660 804 754 874 qui
793 803 911 857 sine
953 802 1095 871 lege,
1126 800 1325 869 inquit,
1353 798 1601 868 peribit:
1653 798 1757 851 hoc
1794 805 1899 861 est,
1946 810 2057 849 non

475 900 631 970 juxta
659 897 794 966 legis
816 893 1183 955 exactionem,
1226 892 1374 959 quod
1408 894 1741 946 moderatam
1785 887 2058 960 signiﬁcat

481 988 894 1058 perditionem:
955 985 1205 1039 Judmum
1258 998 1392 1037 vero
1447 999 1514 1038 ex
1566 980 1883 1052 praescripto
1923 980 2059 1049 legis

483 1078 617 1135 dicit
650 1078 1148 1148 praevaricatorem,
1179 1076 1273 1145 qui
1306 1090 1404 1145 per
1441 1075 1638 1145 legem,
1668 1073 1865 1142 inquit,
1892 1088 2054 1141 quam

484 1183 860 1241 tranSgrcssus
888 1178 974 1224 est
1008 1169 1350 1240 judicabitur
1376 1185 1392 1233 ;
1433 1168 1540 1224 hoc
1572 1177 1756 1222 autem
1786 1165 2058 1236 signiﬁcat

480 1263 749 1319 acriorem
774 1259 1361 1332 perditionem.lpsum
1388 1274 1519 1314 vero
1531 1259 1770 1328 appellat
1789 1256 2055 1327 judicium

478 1370 588 1409 non
621 1354 1010 1423 perditionem,
1043 1367 1109 1407 eo
1142 1351 1287 1422 quod
1311 1358 1567 1420 tanquam
1593 1349 1769 1403 forum
1793 1348 2057 1420 judiciale

480 1443 843 1498 existimetur.
877 1444 1081 1498 Verum
1098 1443 1144 1496 si
1172 1442 1392 1511 gravius
1415 1441 1643 1511 punitur
1664 1440 1886 1496 Judaaus
1898 1440 2052 1510 juxta

478 1535 946 1605 praescriptionem
969 1571 986 1595 ,
1033 1537 1309 1603 quomodo
1339 1534 1406 1588 de
1439 1530 1628 1589 Graeco
1660 1532 1879 1602 quidem
1916 1532 2057 1585 dixit

485 1646 503 1678 ι
540 1626 826 1692 Peribunt,
868 1644 887 1677 ι
922 1628 988 1681 de
1012 1625 1200 1681 Ju'laeo
1231 1635 1438 1689 autem,
1479 1643 1497 1675 ι
1539 1623 1992 1680 Judicabuntur?
2026 1642 2046 1675 ι

2161 519 2503 591 ἀκροϐύστῳ,
2558 520 2741 589 χεῖρον
2783 517 2876 572 τὸν
2920 516 3175 572 Ἰουδαῖον
3216 521 3586 591 τιμωρεῖσθαι,
3609 525 3703 600 ὅσῳ

2161 615 2250 664 καλ
2315 612 2479 682 νόμου
2523 610 2719 680 ὁδηγοῦ
2763 611 3071 683 εὐπορήσας
3115 613 3398 682 ἥμαρτενο
3429 616 3629 686 ἀνόμως
3656 619 3705 675 δὲ

2161 702 2546 773 ἁμαρτάνοντα
2592 703 2805 771 εἰσάγει
2853 703 2948 755 τὸν
2999 705 3358 774 ἀκρόδυστον,
3411 707 3490 774 ὃς,
3538 714 3701 781 φησιν,

2159 793 2377 863 ἀνόμως
2432 793 2745 848 ἀπολεῖται·
2806 796 3103 862 τουτέστιν,
3132 797 3192 850 οὐ
3250 799 3391 866 μετά
3440 800 3702 869 ἀκριϐείας

2158 882 2345 952 νόμου,
2377 882 2406 936 ὃ
2454 883 2607 951 δηλοῖ
2646 884 2744 954 τὴν
2773 885 3090 956 σύμμετρον
3128 886 3425 943 ἀπώλειαν.
3465 890 3705 962 Ἑννέμιες

2158 972 2214 1026 δὲ
2246 974 2563 1045 ἁμαρτόντα
2595 974 2747 1044 λέγει
2783 976 2874 1029 τὸν
2912 975 3183 1039 Ἰουδαῖον,
3215 978 3295 1043 ὃς,
3330 982 3483 1051 φησὶ,
3513 982 3592 1036 διά
3621 985 3703 1038 τοῦ

2158 1065 2323 1134 νόμου
2343 1065 2403 1119 ὃν
2435 1065 2794 1138 παραδέδηκε
2825 1067 3165 1138 κριθήσεται,
3189 1073 3432 1123 τουτέστι
3471 1088 3705 1147 κατακρι-

2158 1159 2402 1230 Θήσεται.
2437 1160 2598 1229 Δηλοῖ
2623 1159 2679 1212 δὲ
2715 1160 2873 1213 τοῦτο
2901 1159 3000 1230 τὴν
3026 1160 3243 1230 χείρονα
3268 1161 3557 1218 ἀπώλειαν.
3587 1168 3705 1236 Κρί-

2158 1270 2242 1306 σιν
2265 1253 2320 1306 δὲ
2338 1252 2503 1323 αὐτὴν
2521 1253 2696 1319 καλεῖ,
2721 1252 2816 1306 καὶ
2845 1252 2946 1306 οὐκ
2967 1252 3265 1316 ἀπώλειαν,
3295 1254 3382 1307 διὰ
3402 1253 3461 1308 τὸ
3480 1257 3705 1326 ἡγεῖσθαι

2157 1344 2217 1397 τὸ
2246 1343 2617 1415 δικαστήριον.
2652 1343 2715 1397 El
2743 1345 2928 1414 χεῖρον
2955 1338 3049 1397 οὖν
3073 1345 3101 1396 ὁ
3126 1341 3380 1406 Ἰουδαῖος
3411 1348 3703 1416 τιμωρεῖται

2158 1438 2297 1490 κατὰ
2333 1436 2433 1505 τὴν
2463 1433 2862 1506 παραγραφὴν,
2895 1434 3010 1498 πῶς
3036 1434 3132 1487 ἐπὶ
3189 1434 3291 1503 μὲν
3330 1434 3423 1487 τοῦ
3449 1435 3701 1505 Ἕλληνος,

2163 1547 2181 1580 ι
2212 1527 2588 1589 Ἀπολοῦνται,
2623 1545 2642 1577 ι
2687 1522 2860 1591 εἶπεν,
2891 1525 2986 1578 ἐπὶ
3017 1524 3075 1578 δὲ
3102 1524 3196 1578 τοῦ
3226 1525 3506 1590 Ἰουδαίου,
3539 1546 3558 1578 ι
3587 1529 3703 1599 Κρι-

2156 1618 2446 1689 οήσονταις
2480 1636 2499 1669 ι
2547 1610 2648 1669 Ὧν
2699 1615 2761 1669 τὸ
2806 1615 2904 1687 μὲν
2950 1616 3321 1686 ἀναμφίδολον
3370 1617 3535 1670 κακὸν
3581 1615 3703 1673 εἷναι

478 1716 723 1785 Quorum
749 1718 880 1772 illud
906 1716 1217 1773 indubitsto
1245 1717 1448 1771 malum
1480 1731 1602 1771 esse
1628 1717 1867 1779 videtur,
1902 1714 2047 1769 istud

2152 1707 2319 1770 δοκεῖ,
2350 1707 2411 1760 τὸ
2440 1705 2495 1760 δὲ
2537 1705 2873 1778 ἀμφίϐολονς
2903 1706 3066 1760 Ἀλλά
3100 1707 3340 1778 πρόσχες
3363 1723 3379 1738 ο
3412 1727 3431 1760 ι
3471 1710 3643 1781 Κρῖμα
3675 1729 3694 1763 ›

476 1825 609 1864 vero
648 1809 704 1865 in
735 1810 964 1864 dubium
997 1809 1192 1866 referri
1224 1809 1445 1879 potest?
1499 1806 1604 1864 Sed
1649 1808 1872 1862 adverte
1901 1805 2049 1876 quod

2152 1797 2386 1853 ἐνταῦθα
2434 1800 2496 1852 τὸ
2552 1800 2870 1870 κατάκριμα
2920 1798 3091 1865 λέγει,
3142 1798 3396 1853 τουτέστι
3425 1800 3521 1873 τὴν
3546 1802 3702 1871 ἀναμ-

484 1918 502 1952 ι
533 1900 809 1956 Iudicium
845 1919 864 1952 ι
917 1912 1073 1956 vocat
1112 1900 1203 1956 hic
1236 1899 1754 1956 condemnationem
1777 1939 1792 1960 ,
1830 1898 1936 1952 hoc
1965 1906 2053 1953 est

478 1992 839 2048 indubitatam
870 1992 1234 2063 perditionem
1268 2008 1285 2059 ;
1319 2001 1405 2047 est
1437 2000 1620 2047 autem
1648 1990 1864 2061 punitio
1884 2005 2061 2059 supra

478 2083 865 2157 punitionemg,
920 2091 976 2138 et
1037 2092 1337 2153 utrumque
1405 2082 1645 2138 indubia
1699 2080 2050 2152 perditionis,

473 2174 664 2231 Aliter.
709 2175 824 2231 Hoc
854 2175 979 2230 loco
1002 2191 1111 2230 non
1154 2175 1418 2245 aequalem
1458 2175 1701 2231 ostendit
1725 2174 2050 2244 dignitatem

470 2266 645 2324 Judaei
679 2278 735 2322 et
762 2267 956 2331 Graeci,
991 2268 1085 2322 sed
1109 2266 1358 2322 Judaeum
1384 2282 1413 2321 a
1444 2267 1580 2336 legis
1609 2266 1832 2321 datioue
1860 2264 2050 2319 admo-

473 2360 604 2414 dum
645 2374 766 2414 esse
807 2359 971 2415 etiam
1016 2367 1323 2428 gravatum.
1362 2358 1523 2427 223
1562 2355 1781 2413 Graecus
1814 2370 2051 2425 namque

472 2448 592 2503 sine
646 2449 766 2519 lege
810 2449 1108 2519 judicatur.
1166 2449 1322 2515 Quod
1373 2457 1558 2503 autem
1596 2448 1759 2503 habet
1788 2447 1897 2512 hic,
1930 2447 2051 2502 sine

472 2539 616 2608 lege.
649 2555 758 2593 non
801 2540 1023 2609 gravius
1053 2539 1214 2605 dicit,
1251 2539 1348 2594 sed
1377 2539 1565 2594 mitius
1598 2554 1614 2592 :
1672 2538 1777 2593 hoc
1803 2547 1908 2602 est,
1938 2552 2050 2593 non

472 2630 641 2686 habet
660 2639 1011 2686 accusantem
1037 2632 1233 2702 legem.
1257 2632 1390 2686 Nam
1419 2632 1537 2686 sine
1566 2630 1705 2702 lege,
1729 2630 1783 2685 id
1817 2638 1901 2686 est
1920 2631 2049 2685 abs-

471 2736 579 2793 que
610 2721 758 2778 illius
786 2722 1270 2789 condemnatione,
1303 2739 1335 2778 a
1362 2733 1578 2778 naturae
1612 2722 1790 2778 solum
1824 2722 2050 2776 ratioci-

473 2814 796 2869 nationibus
818 2815 1220 2870 condemnatur
1243 2834 1256 2869 :
1294 2814 1519 2871 Iudaeus
1544 2830 1677 2870 vero
1693 2814 2049 2869 confurmiter

472 2903 541 2959 ad
569 2905 741 2975 legem
767 2922 781 2958 :
810 2905 914 2959 hoc
935 2913 1021 2960 est
1062 2905 1180 2976 lege
1204 2905 1372 2959 simul
1398 2919 1522 2960 cum
1556 2912 1756 2958 natura
1789 2903 2050 2958 condent-

472 3003 637 3050 nante
666 3012 682 3062 ;
742 2996 947 3050 etenim
993 3009 1106 3064 quo
1160 2996 1336 3066 major
1363 2995 1431 3049 de
1463 3009 1531 3049 eo
1554 3009 1690 3048 cura
1717 2992 2045 3059 habebatur,

475 3097 635 3143 tanto
672 3089 908 3159 majores
953 3088 1107 3148 dabit
1133 3104 1346 3158 pinnas.
1382 3107 1400 3140 ι
1435 3087 1553 3142 Νοη
1576 3086 1724 3141 enim
1764 3085 2047 3140 auditores

2153 1890 2371 1960 φί6ο>.ον
2417 1892 2696 1946 ἀπώλειαν
2742 1891 2918 1962 δηλοῖ⁸
2952 1891 3088 1946 ἀλλά
3138 1892 3218 1946 ενι
3271 1892 3509 1964 τιμωρία
3567 1894 3698 1963 παρὰ

2149 1984 2444 2055 τιμωρίαν,
2471 1983 2567 2039 καὶ
2600 1983 2672 2037 τά
2718 1982 2812 2038 δύο
2848 1985 2948 2039 οὐκ
2992 1984 3294 2056 ἀμφίϐολον
3338 1985 3619 2047 ἀπωλείας.
3643 2017 3700 2029 -—

2154 2076 2404 2143 Ἄλλως.
2460 2076 2726 2131 Ἐνταῦθα
2777 2078 2840 2131 οὐ
2909 2077 3069 2148 μόνον
3124 2077 3403 2147 ἰσοτιμίαν
3452 2078 3699 2132 δείκνυσιν

2163 2167 2422 2223 Ἰουδαίου
2454 2186 2514 2222 τε
2551 2169 2649 2223 καὶ
2680 2169 2963 2241 Ἕλληνος,
2997 2170 3135 2224 ἀλλὰ
3166 2171 3261 2224 καὶ
3297 2171 3433 2225 πολὺ
3471 2171 3556 2224 τὸν
3586 2172 3700 2224 Ἰου-

2152 2258 2301 2313 δαῖον
2334 2260 2675 2332 βαρούμενον
2705 2261 2815 2316 ἀπὸ
2841 2262 2938 2332 τῆς
2970 2262 3065 2317 τοῦ
3098 2262 3261 2331 νόμου
3293 2262 3512 2324 δόσεως.
3541 2265 3594 2318 Ὀ
3615 2265 3699 2334 μὲν

2151 2353 2261 2422 γὰρ
2294 2353 2497 2423 ’Ἕλλην
2542 2353 2761 2421 ἀνόμως
2834 2352 3104 2423 κρίνεται.
3141 2354 3214 2407 Τὸ
3259 2354 3589 2425 δὲ,ἁνόμως,
3628 2356 3699 2407 ὲν-

2150 2445 2326 2498 ταῦθα
2404 2447 2465 2498 οὐ
2514 2445 2575 2499 τὸ
2620 2445 3021 2516 χαλεπώτερον,
3075 2445 3216 2500 ἀλλά
3267 2446 3332 2500 τὸ
3377 2448 3696 2517 ἡμερώτερον

2150 2534 2320 2602 λέγει,
2350 2536 2649 2602 τουτέστιν,
2686 2538 2787 2590 οὐκ
2815 2537 2927 2606 ἔχει
2954 2537 3370 2609 κατηγοροῦντα
3415 2539 3506 2591 τὸν
3531 2540 3696 2609 νόμον.

2151 2628 2224 2682 Τὸ
2255 2628 2386 2699 γὰρ,
2417 2627 2657 2698 ἀνόμως,
2685 2630 2952 2691 τουτέστι,
2976 2632 3145 2700 χωρὶς
3178 2630 3276 2699 τῆς
3312 2630 3518 2684 ἐκείνου
3550 2649 3697 2685 κατα-

2152 2718 2406 2787 κρίσεως,
2435 2717 2543 2771 ἀπὸ
2580 2718 2689 2771 τῶν
2721 2719 2819 2789 τῆς
2857 2719 3073 2788 φύσεως
3104 2720 3387 2790 λογισμῶν
3434 2722 3696 2775 καταδικά-

2151 2809 2301 2873 ζεται
2358 2808 2538 2880 μόνον,
2559 2811 2588 2864 ό
2630 2810 2688 2862 δὲ
2715 2810 2965 2875 Ἰουδαῖος
2989 2812 3250 2882 ἐννόμως,
3288 2815 3549 2877 τουτέστι,
3578 2813 3695 2881 μετά

2150 2902 2251 2969 τῆς
2294 2900 2529 2970 φύσεως,
2571 2902 2665 2955 καὶ
2709 2900 2804 2954 τοῦ
2857 2903 3022 2974 νόμου
3083 2903 3536 2974 κατηγοροῦντος.
3568 2905 3695 2974 Ὀσῳ

2149 2992 2258 3062 γᾶρ
2294 2992 2538 3054 πλείονος
2589 2992 2906 3062 ἀπήλαυσεν
2951 2993 3292 3062 ἐπιμελείας,
3331 2995 3562 3064 τοσούτῳ
3589 2997 3693 3065 psi-

2150 3081 2277 3144 ζονα
2310 3082 2469 3137 δώσει
2498 3083 2675 3154 δίκην.
2711 3103 2730 3136 ι
2758 3084 2832 3138 Ui)
2861 3089 2970 3156 γὰρ
2992 3085 3043 3138 οἱ
3067 3086 3341 3156 ἀκροαταὶ
3362 3086 3454 3139 τοῦ
3475 3088 3644 3156 νόμου.
3670 3104 3688 3139 ι

472 3182 659 3252 legis.»
692 3145 1023 3252 Si'quidem'
1058 3145 1376 3236 hominibus
1414 3179 1661 3234 fortassis
1709 3178 2042 3248 imponunt,

2154 3175 2314 3235 Ἴσως
2377 3174 2484 3244 γὰρ
2536 3145 2885 3243 ἀνὸρώπους-
2933 3145 3246 3239 ⁸ιτλανῶιίιν,
3322 3174 3435 3228 ἀλλ’
3483 3145 3550 3227 οὐ.
3586 3174 3694 3236 τοὺς

474 3290 668 3331 verum
700 3277 846 3330 Deus
893 3290 1004 3329 non
1064 3288 1180 3339 eos,
1217 3273 1310 3345 qui
1351 3272 1527 3343 legem
1599 3270 1833 3326 audiunt
1867 3270 2048 3340 justus

470 3365 657 3431 habet,
685 3365 781 3422 sed
823 3365 946 3420 illos
977 3363 1071 3433 qui
1106 3362 1266 3419 factis
1298 3364 1635 3433 exprimunt.

542 3457 607 3519 ll,
647 3455 827 3510 M-l6.
873 3455 1010 3510 Nam
1052 3469 1170 3509 eum
1213 3462 1390 3525 gentes
1434 3451 1599 3523 legem
1640 3467 1745 3505 non
1777 3450 2044 3515 habentes,

471 3555 666 3601 natura
702 3546 832 3600 duce
875 3562 992 3617 qua:
1034 3547 1162 3617 legis
1196 3557 1340 3609 sunt,
1371 3544 1609 3615 fecerint,
1652 3544 1706 3597 Iri
1742 3542 1907 3612 legem
1942 3559 2047 3596 non

470 3637 714 3694 habentes
747 3637 845 3691 sibi
868 3638 992 3707 ipsis
1022 3646 1145 3691 sunt
1180 3636 1267 3691 lex
1293 3654 1312 3690 :
1337 3636 1427 3706 qui
1462 3635 1743 3689 ostendunt
1760 3650 1888 3704 opus
1920 3632 2046 3703 legis

468 3728 723 3794 scriptum
758 3725 812 3778 in
856 3727 1093 3779 cordibus
1135 3726 1267 3789 suis,
1310 3723 1470 3778 simul
1512 3731 1795 3779 attestante
1832 3722 2047 3777 illorum

469 3816 810 3881 conscientia,
865 3825 913 3870 et
957 3816 1355 3888 cogitationibus
1400 3816 1541 3869 inter
1580 3832 1636 3869 se
1684 3815 2047 3870 accusantibus

472 3914 567 3962 aut
597 3908 756 3960 etiam
787 3909 1172 3973 excusantibus,
1200 3909 1256 3962 in
1285 3907 1369 3961 die
1395 3907 1604 3978 quando
1624 3907 1880 3977 judicabit
1912 3906 2047 3961 Deus

471 3996 680 4052 occulta
714 4000 990 4053 hominum
1019 3999 1308 4055 secundum
1336 3997 1688 4070 Evangelium
1725 4014 1917 4063 meum,
1952 4014 2048 4068 per

466 4087 649 4144 Iesum
677 4089 962 4145 Christum.

549 4287 568 4319 ι
606 4269 736 4335 Quae
765 4269 901 4342 legis
931 4280 1060 4325 sunt
1087 4270 1342 4326 fecerint.
1375 4288 1392 4321 ι
1428 4269 1647 4324 Naturae
1677 4269 2048 4324 ratiocinatio-

470 4361 638 4418 nibus
664 4364 731 4416 ad
764 4362 892 4416 boui
923 4364 1301 4434 operationem
1337 4371 1577 4417 utentes.
1603 4362 1921 4416 Admirandi
1952 4377 2048 4415 au-

2151 3262 2431 3333 ἀκροατάς
2467 3261 2561 3316 τοῦ
2590 3263 2756 3334 νόμου
2791 3263 2993 3318 δικαιοῖ
3014 3264 3043 3316 ό
3060 3262 3213 3329 Θεδς,
3244 3262 3384 3318 ἀλλά
3409 3264 3530 3327 τοὺς
3557 3280 3694 3334 ποιηο

2147 3352 2265 3415 τάς.

2222 3445 2401 3498 Ὅταν
2430 3444 2536 3514 τὰρ
2564 3445 2709 3513 ἔθνη
2730 3445 2901 3516 τὰμή
2924 3447 3113 3517 νόμον
3156 3445 3406 3514 ἔχοντα,
3433 3448 3600 3517 φύσει
3631 3445 3692 3500 τὰ

2147 3536 2253 3590 τοῦ
2280 3538 2466 3606 νόμου
2482 3536 2645 3606 ποιῇ,
2681 3534 2847 3594 οὗτοι
2878 3539 3063 3608 νόμον
3076 3537 3164 3608 μὴ
3195 3539 3464 3606 ἔχοντες,
3487 3536 3694 3602 ἐαυτο”ς

2147 3632 2264 3683 εισι
2292 3631 2494 3698 νόμος.
2552 3630 2781 3697 Οἵτινες
2854 3630 3273 3685 ἐνδείκνυνται
3322 3632 3388 3685 τό
3417 3632 3584 3701 ἔργον
3604 3628 3693 3683 τοῦ

2147 3723 2335 3790 νόμου
2375 3724 2642 3791 γραπτὸν
2661 3723 2731 3776 ἐν
2749 3721 2878 3788 ταῖς
2903 3722 3178 3790 καρδίαις
3196 3722 3420 3789 αὐτῶν,
3452 3737 3694 3791 συμμαρ-

2147 3813 2451 3881 τιιρούσης
2490 3812 2691 3867 αὐτῶν
2735 3812 2847 3882 τῆς
2884 3812 3316 3879 συνειδήσεως,
3359 3815 3458 3868 καί
3492 3811 3693 3882 μεταξὺ

2146 3903 2436 3972 ἀλλήλων
2478 3903 2600 3957 τῶν
2633 3903 2944 3974 λογισμῶν
2985 3905 3497 3973 κατηγορούντων,
3532 3901 3568 3971 ἢ
3609 3899 3693 3956 καί

2145 3992 2673 4063 ἀπολογουμένων,
2724 3993 2795 4048 ἐν
2873 3994 3063 4064 ᾑμέρᾳ
3129 3994 3228 4048 ὅτε
3273 3994 3463 4063 κρινεῖ
3502 3998 3533 4048 ὀ
3569 3993 3693 4052 Θεὸς

2145 4087 2218 4139 τὰ
2246 4087 2481 4155 κρυπτὰ
2511 4085 2629 4139 τῶν
2655 4084 3004 4154 ἀνθρώπων,
3033 4087 3186 4141 κατὰ
3233 4088 3302 4142 τὸ
3351 4085 3692 4156 Εὐαγγέλιόν

2142 4192 2283 4245 μου,
2314 4174 2409 4228 διὰ
2445 4175 2640 4242 Ἰησοῦ
2675 4176 2953 4244 Χριστοῦ.

2224 4286 2243 4319 ι
2278 4267 2360 4319 Τά
2409 4267 2505 4319 τοῦ
2550 4268 2715 4337 νόμου
2756 4270 2908 4338 ποιῇ.
2943 4288 2963 4320 s
3014 4270 3139 4330 Τοῖς
3164 4268 3260 4339 τῆς
3293 4269 3507 4335 φύσεως
3559 4268 3688 4333 λογι-

2150 4359 2306 4426 σμοῖς
2331 4356 2589 4428 χρώμενα
2618 4358 2752 4426 πρὸς
2805 4358 3247 4429 δικαιοπραγίαν.
3287 4360 3580 4429 Θαυμάσιοι
3613 4352 3692 4410 οὖν

471 4459 584 4505 tem
624 4461 757 4505 sunt
812 4451 867 4505 hi
912 4452 1007 4520 qui
1051 4452 1171 4520 lege
1222 4452 1516 4521 paedagogo
1565 4466 1674 4504 non
1720 4462 1904 4522 egent,
1948 4450 2045 4506 sed

2152 4443 2289 4500 οῦτοι
2326 4446 2675 4517 παιδαγωγοῦ
2713 4448 2785 4516 μὴ
2810 4448 3112 4517 δεηθέντες,
3148 4453 3301 4504 αὐτοὶ
3342 4450 3612 4521 νομοθέται
3640 4463 3690 4499 τε

469 4543 574 4598 sibi
621 4542 755 4613 ipsis
800 4542 973 4612 legem
1001 4541 1206 4606 ferunt,
1237 4557 1299 4596 ac
1334 4542 1497 4596 latam
1532 4543 1811 4611 complent
1845 4544 2043 4614 legem.

479 4653 498 4686 ι
556 4634 837 4703 Scriptura
900 4633 958 4686 in
1032 4632 1317 4688 cordibus.
1371 4651 1389 4684 ι
1470 4633 1659 4702 Neque
1726 4635 1875 4688 enim
1939 4633 2050 4689 illis

470 4741 611 4795 opus
677 4734 782 4791 est,
855 4723 1054 4795 inquit,
1121 4723 1321 4778 litteris
1369 4722 1506 4794 legis
1542 4739 1776 4792 quorum
1821 4739 1917 4779 cor
1962 4724 2048 4779 in-

471 4818 735 4887 scriptum
787 4825 881 4873 est
924 4817 1271 4872 considerata
1321 4815 1460 4886 lege.
1520 4834 1539 4867 ι
1576 4815 1881 4871 Attcstante
1929 4816 2049 4873 illo-

473 4922 596 4981 rum
650 4907 1010 4963 conscientia.
1070 4925 1090 4959 ι
1154 4906 1289 4962 Nam
1336 4907 1469 4961 satis
1511 4915 1595 4961 est
1640 4906 1748 4962 illis
1787 4924 1885 4977 pro
1932 4908 2050 4978 lege

473 4999 753 5069 prepriam
801 4999 1007 5055 habere
1049 5007 1402 5053 altestantem
1449 4998 1866 5055 conscientiam.
1923 5016 1941 5049 ι
1982 4999 2051 5054 Et

473 5087 909 5157 cogitationibus
969 5088 1112 5142 inter
1165 5103 1245 5143 se.
1296 5106 1315 5139 ι
1402 5087 1459 5141 In
1519 5102 1587 5142 eo
1642 5087 1787 5141 enim
1841 5086 2051 5158 judicio

473 5194 587 5237 non
652 5188 738 5235 est
798 5179 960 5235 nobis
1021 5195 1162 5249 opus
1226 5179 1556 5235 extrinsecis
1613 5178 1694 5234 vel
1763 5190 2049 5235 accusato-

473 5272 629 5328 ribus
660 5273 747 5328 vel
780 5271 939 5327 utilia
983 5271 1144 5328 nobis
1193 5272 1506 5327 testimonia
1548 5271 1851 5326 ferentibus
1893 5287 1907 5324 :
1954 5270 2049 5327 sed

474 5365 742 5438 cujusque
780 5364 1141 5436 cogitationes
1174 5379 1238 5420 ac
1271 5362 1611 5420 conscientia
1653 5364 1739 5419 vel
1771 5363 2053 5420 accusabit

475 5456 563 5512 vel
586 5454 893 5511 excusabit.
922 5486 990 5496 --
1015 5455 1171 5524 Quod
1198 5463 1380 5510 autem
1427 5455 1529 5521 ait,
1565 5474 1583 5506 ι
1613 5455 2051 5526 Cogitationibus

477 5547 624 5606 inter
651 5562 734 5615 se,
757 5567 775 5602 ι
810 5562 910 5620 per
930 5548 1268 5619 hyperbaton
1297 5548 1501 5604 dictum
1532 5556 1619 5604 est
1650 5566 1663 5602 :
1697 5548 2052 5619 consequitur

479 5655 717 5709 namque
738 5640 804 5694 ad
824 5639 878 5694 id
911 5640 1058 5709 quod
1086 5638 1395 5710 praecessit:
1420 5660 1435 5691 ι
1457 5641 1575 5694 Non
1598 5641 1744 5696 enim
1771 5640 2050 5696 auditores

479 5729 617 5801 legis
644 5732 777 5802 justi
811 5738 940 5788 sunt
972 5729 1118 5801 apud
1160 5730 1354 5797 Deum,
1402 5731 1496 5787 sed
1535 5732 1629 5802 qui
1674 5734 1845 5803 legem
1891 5731 2048 5787 tactis

2150 4539 2284 4589 εἰσὶν
2306 4538 2533 4601 ἑαυτῶν,
2571 4538 2665 4591 καὶ
2700 4538 2988 4609 πληρωταὶ
3020 4539 3119 4611 τῆς
3148 4540 3490 4610 νομοθεσίας.
3528 4559 3545 4591 ι
3571 4538 3691 4608 Γρα·

2152 4630 2283 4681 πτὸν
2337 4629 2396 4681 ἐν
2448 4631 2569 4693 ταῖς
2620 4629 2889 4700 καρδίαις.
2927 4649 2945 4681 ι
2982 4631 3056 4685 Οὐ
3106 4631 3215 4701 γὰρ
3260 4631 3466 4685 δέονται
3515 4629 3602 4683 τοῦ
3643 4630 3692 4681 iv

2150 4722 2439 4791 γράμμασι
2474 4721 2663 4792 νόμου,
2698 4724 2883 4791 φησὶν,
2920 4722 3053 4776 ἀλλά
3069 4722 3337 4795 τούτοιςή
3371 4723 3576 4795 καρδία,
3604 4720 3692 4788 ιγ.

2150 4828 2393 4883 γραπτον
2422 4812 2533 4883 ἔχει
2558 4811 2991 4883 κατανοοῦμενον
3022 4814 3111 4866 τὸν
3132 4815 3313 4883 νόμον.
3351 4834 3370 4865 ι
3394 4816 3691 4884 Συμμσρτυ-

2155 4903 2353 4976 ρούσης
2384 4903 2564 4958 αὐτῶν
2607 4903 2706 4974 τῆς
2742 4904 3116 4973 συνειδήσεως.
3155 4924 3176 4958 ι
3234 4907 3416 4980 ’Δρκεῖ
3463 4907 3563 4976 γὰρ
3588 4900 3691 4957 ἀντὶ

2149 4996 2243 5049 τοῦ
2278 4998 2443 5067 νόμου
2497 4996 2595 5067 τὴν
2651 4996 2858 5050 οἰκείαν
2893 4996 3196 5068 συνείδησιν
3233 4999 3377 5071 ἔχειν
3407 4995 3687 5070 μαρτυροῦ-

2151 5105 2273 5142 σαν.
2320 5107 2338 5139 ι
2368 5088 2476 5141 Καὶ
2540 5086 2743 5158 μεταξῦ
2789 5087 3032 5160 αλλήλων
3090 5090 3197 5143 τῶν
3230 5092 3519 5161 λογισμῶν.
3555 5108 3572 5141 ι
3616 5084 3690 5139 Ἐν

2152 5179 2342 5248 ἐκείνῳ
2370 5178 2479 5250 γὰρ
2512 5178 2587 5250 τῷ
2639 5180 2928 5251 κριτηρίῳ,
2979 5181 3043 5233 οὐ
3096 5180 3328 5253 δεόμεθα
3357 5182 3464 5235 τῶν
3494 5178 3689 5247 ἔξωθεν.

2150 5268 2183 5340 ἢ
2216 5269 2683 5339 κατηγορούντων,
2721 5268 2754 5341 ἢ
2787 5270 3204 5342 μαρτυρούντων
3234 5274 3363 5344 ημῖν
3389 5273 3455 5327 τΞι
3485 5268 3689 5344 χρηστά»

2151 5362 2266 5416 ἀλλ’
2314 5361 2365 5415 οι
2413 5362 2644 5415 ἑκάστου
2692 5362 2944 5434 λογισμοὶ
2976 5365 3068 5417 καὶ
3104 5366 3164 5418 τὸ
3196 5366 3451 5429 συνειδὸς,
3481 5364 3511 5432 ἦ
3540 5375 3687 5426 κατη-

2150 5454 2303 5524 γορεῖ
2333 5450 2366 5522 ἢ
2395 5451 2761 5521 ἀπολογεῖται.
2792 5451 2993 5526 [ΦΩΤ.]
3026 5454 3099 5508 Τδ
3133 5455 3212 5522 δὲ,
3244 5455 3442 5527 μεταξὺ
3477 5450 3689 5520 ἀλλήλων

2150 5542 2260 5596 τῶν
2289 5540 2587 5613 λογισμῶν,
2639 5544 2761 5597 καθ’
2814 5545 3126 5616 ὑπερϐατὸν
3176 5548 3406 5617 εἴρηται.
3447 5539 3689 5614 Ἐφ⁹ἐξῆς

2150 5634 2258 5706 γάρ
2292 5633 2406 5687 ἐστι
2435 5620 2552 5701 τοῦ,
2586 5654 2605 5686 ι
2630 5636 2701 5689 Οὐ
2733 5636 2906 5708 γάροὶ
2935 5639 3202 5708 ἀκροαταὶ
3222 5638 3492 5708 τοῦνόμου
3519 5635 3687 5689 δίκαιοι

2151 5726 2302 5797 παρὰ
2330 5724 2407 5800 τῷ
2439 5725 2580 5797 Θεῷ,
2617 5727 2732 5782 ἀλλ’
2766 5730 2814 5782 οἱ
2843 5730 3064 5799 ποιηταὶ
3089 5730 3183 5783 τοῦ
3221 5731 3386 5802 νόμου
3424 5723 3686 5791 δικαιωθίΓ
