3978 6546
290 344 415 410 357

1346 334 1734 401 causam.
1777 332 1864 397 IN
1907 332 2151 395 EPIST.
2183 335 2282 395 AD
2312 280 2498 396 non.

3487 331 3596 396 3.33

292 476 516 514 σονται.
559 478 577 510 ι
616 454 919 528 Ἐρμηνεία
964 453 1076 526 γᾶρ
1114 454 1238 507 ’ἐστι
1266 454 1389 517 πῶς
1417 454 1465 505 ei
1496 450 1594 522 μὲν
1618 447 1898 504 ·δ;κ;ιιοῦν-

2017 447 2351 517 :xprimunt,
2376 447 2508 519 justi
2536 444 2909 507 habebuntur.
2944 463 2962 497 ι
2991 442 3276 515 Siquidem
3300 443 3597 501 dcclaratia

294 567 421 617 ται,
449 553 501 607 oi
528 552 586 606 δὲ
622 550 685 605 οὗ
756 546 1114 603 δικαιοῦνται.
1146 546 1254 601 Καί
1283 563 1468 617 φησιν,
1495 546 1578 599 ὃτι
1607 544 1666 598 οὐ
1694 542 1902 613 δεομέ-

298 660 405 696 νου
458 641 555 695 τοῦ
576 641 871 712 ⁴κριτηρίου
897 635 1214 709 μαρτύρων,
1239 636 1301 689 οῦ
1334 635 1500 690 τινῶν
1527 633 1728 699 ἔξωθεν
1759 633 1899 685 ἀπο-

292 732 550 798 δείξεων,
585 729 704 785 ἀλλ’
720 729 947 784 οἴκοθεν
998 728 1059 795 ἐξ
1106 727 1289 782 αὐτῶν
1337 727 1450 781 τῶν
1500 724 1780 795 λογισμῶν
1806 722 1901 777 καὶ

300 827 333 896 ἡ
384 822 637 896 ἁμαρτία
684 821 1051 893 παρίσταταιξ
1072 822 1168 874 καὶ
1199 821 1232 891 ὴ
1265 819 1437 891 αρετὴ
1470 818 1724 887 ἐπίδηλος
1752 814 1900 885 γίνε-

302 933 425 972 ται.
454 915 546 969 Διὸ
574 914 682 969 κᾶν
723 915 774 967 oi
809 911 1088 985 ἄνθρωποι
1134 912 1370 966 ἐνταῦθα
1416 910 1689 974 ἁθωῶσιν,
1722 911 1780 963 ού
1818 910 1902 964 δεῖ

304 1007 534 1068 τούτους
580 1004 844 1076 θαρρεἰνο
893 1001 1048 1055 οὐδὲν
1096 1000 1207 1072 γὰρ
1266 1000 1478 1053 ἐκεῖθεν
1532 997 1897 1068 ὠφελήσουσι,

300 1100 430 1152 Κᾶν
456 1098 619 1151 πάλιν
648 1093 1075 1167 κατακρίνωσιν,
1121 1094 1183 1147 ού
1230 1092 1338 1165 χρὴ
1372 1088 1702 1163 φροντίζειν.
1733 1088 1901 1144 Οὐδὲν

298 1190 423 1261 γὰρ
454 1190 571 1243 ἐκεῖ
593 1187 912 1260 βλάψουσιν,
945 1184 1061 1240 ἀλλ’
1089 1186 1252 1253 ἀρκεῖ
1295 1185 1391 1239 καὶ⁸
1441 1185 1522 1247 είς
1569 1185 1900 1254 κατάκρισιν

299 1285 410 1340 καὶ
435 1282 514 1348 είς
547 1280 820 1348 ἀθὼωσιν,
852 1281 887 1352 ἡ
932 1279 1042 1333 τῶν
1091 1279 1309 1332 οίκείων
1366 1276 1648 1348 λογισμῶν
1714 1275 1902 1329 συναί-

317 1374 637 1447 σθησιςνκαὶ
662 1372 960 1445 μαρτυρία.
987 1371 1141 1425 Atad
1162 1370 1223 1423 δὲ
1246 1370 1436 1424 εἰπών’
1466 1389 1484 1423 ι
1522 1368 1905 1440 Κατηγορούν·

296 1493 420 1531 των
479 1476 590 1529 τῶν
637 1471 939 1544 λογισμῶν,
979 1491 998 1523 ι
1034 1471 1135 1525 οῦκ
1198 1466 1342 1537 εἶπε,
1383 1487 1402 1520 ι
1433 1468 1835 1534 Δικαιούντων;
1876 1484 1897 1520 ι

300 1567 489 1631 οὕτως
511 1567 622 1638 γὰρ
646 1566 713 1620 ἀν
739 1563 1044 1635 ἔδηλοῦντο,
1095 1564 1145 1616 ai
1173 1560 1532 1633 κολαζόμενοι
1570 1579 1631 1615 τε
1660 1561 1750 1615 διὰ
1781 1558 1901 1625 τοῦ,

309 1679 334 1713 ι
350 1656 847 1730 Κατηγορούντων,
870 1676 889 1710 ι
912 1657 1006 1710 καὶ
1022 1655 1071 1710 ei
1084 1654 1384 1726 σωζόμενοι
1400 1653 1486 1708 διὰ
1500 1652 1907 1718 τοῦ,Δικαιούν-

2007 546 2093 593 est
2121 538 2400 608 quomodo
2437 538 2495 594 hi
2525 537 2920 609 justiﬁcantur.
2966 536 3043 592 illi
3081 551 3214 592 vero
3253 552 3382 592 non.
3413 536 3483 593 Et
3518 538 3598 592 ait

2007 631 2158 699 quod
2187 629 2308 684 foro
2333 645 2446 685 non
2470 637 2664 699 egente
2698 628 2951 693 testibus,
2980 644 3089 683 non
3117 627 3443 683 extrinsecis
3471 628 3598 699 qui-

2008 718 2201 776 busvis
2230 719 2824 781 demonstrationibus.
2857 719 2953 774 sed
2995 719 3146 775 intus
3180 720 3245 772 ab
3281 718 3413 789 ipsis
3443 720 3597 790 cogi-

2006 812 2337 874 tationibus,
2377 811 2753 866 testimonium
2795 810 3112 875 adducitur,
3155 810 3441 879 virtusque
3473 810 3599 864 lau-

2008 904 2191 958 datur.
2234 903 2446 959 ldcirco
2477 918 2790 972 quanquam
2818 902 2987 974 224
3019 902 3108 956 hic
3139 901 3390 956 homines
3416 900 3601 955 absol-

2005 996 2213 1059 verint,
2245 1011 2356 1049 non
2389 1002 2608 1064 oportet
2650 994 2753 1049 hos
2785 1009 2907 1049 esse
2947 1008 3174 1050 securos
3216 1010 3231 1046 :
3272 992 3412 1046 nihil
3449 991 3599 1047 enim

2007 1088 2141 1144 inde
2188 1086 2557 1159 juvabuntur.
2634 1087 2877 1141 Rursum
2929 1085 3623 1147 clsicondcmnaverint,‘

2009 1195 2125 1235 non
2168 1179 2464 1234 admodum
2509 1177 2636 1248 angi
2683 1185 2906 1248 oportet
2944 1193 2958 1230 :
2996 1175 3042 1230 si
3083 1176 3306 1247 quidem
3343 1176 3483 1231 nihil
3522 1173 3599 1230 ibi

2008 1273 2313 1339 nocebunt,
2349 1271 2446 1328 sed
2484 1273 2618 1328 satis
2658 1279 2743 1326 cst
2781 1280 2836 1327 et
2876 1271 2946 1325 ad
2988 1269 3508 1325 condemnationem
3543 1278 3601 1325 et

2008 1366 2079 1422 ad
2113 1365 2518 1423 ahSolutionem
2556 1364 2836 1434 propriam
2871 1362 3268 1434 cogitationum
3306 1360 3604 1417 conscien-

2004 1458 2088 1514 tia
2118 1459 2206 1514 vel
2240 1456 2641 1514 testimonium.
2675 1456 2878 1510 Verum
2908 1436 3034 1509 cum
3067 1452 3299 1508 dixisset
3331 1470 3345 1505 :
3385 1473 3400 1502 ι
3434 1451 3601 1523 Cogi-

2012 1551 2319 1609 tationibus
2385 1548 2817 1611 accusantibus,
2867 1566 2886 1598 ι
2952 1560 3125 1616 quare
3195 1559 3304 1599 non
3365 1532 3599 1617 addidit,

2016 1667 2037 1701 ι
2070 1644 2561 1705 Justilicantibus?
2590 1663 2609 1694 ι
2651 1642 2728 1698 lta
2778 1640 2926 1697 enim
2977 1637 3255 1693 manifesti
3306 1637 3506 1692 ﬁerent
3546 1641 3605 1693 et

303 1769 444 1806 των.
472 1724 665 1805 Νῦν-δὲ
686 1749 764 1813 ὡς
791 1749 884 1803 ἐπὶ
925 1749 1045 1813 ὲνος
1079 1750 1177 1803 καὶ
1210 1724 1306 1802 τοῦ
1338 1745 1504 1803 αὐτοῦ
1529 1746 1904 1819 προτρέπεται

2017 1737 2106 1808 qui
2144 1735 2453 1807 puniuntur
2492 1747 2591 1803 per
2616 1731 2722 1785 hoc
2760 1727 2910 1800 quod
2937 1726 3173 1791 dicitur,
3221 1744 3240 1775 ι
3275 1724 3605 1780 Accusanti-

302 1846 457 1899 νοεῖν
478 1844 513 1914 ἡ
536 1840 853 1902 ἀκολουθία.
874 1842 967 1895 καὶ
990 1841 1073 1905 τδ,
1105 1838 1628 1913 «Κατηγορούντων,
1673 1858 1692 1892 ι
1716 1838 1807 1891 καὶ
1824 1838 1905 1902 τὸ,

2017 1828 2135 1894 bus,
2168 1846 2188 1880 ι
2224 1835 2282 1883 et
2310 1826 2406 1897 qui
2449 1826 2583 1880 salvi
2628 1822 2767 1878 (lunt
2806 1837 2906 1893 per
2947 1821 3053 1876 hoc
3087 1817 3238 1890 quod
3281 1817 3602 1882 adderetur,

316 1954 341 1989 ι
366 1933 865 2004 Ἀπολογουμένων.
892 1949 915 1983 η»
934 1931 1120 2002 Φαμὲν
1135 1930 1247 1995 οὖν,
1269 1931 1352 1984 ὅτι
1374 1929 1434 1984 οὐ
1457 1930 1536 1983 δεῖ
1558 1930 1652 1982 ἐπὶ
1674 1927 1768 1982 τοῦ
1790 1927 1909 1991 ἑνὸς

311 2031 418 2084 καὶ
431 2027 528 2082 τοῦ
557 2025 723 2080 αὐτοῦ
751 2025 1039 2098 ἀμφότερα
1064 2023 1270 2091 λαϐεῖν,
1298 2023 1435 2077 ἀλλὰ
1456 2019 1909 2091 κατηγορούντων

313 2121 425 2192 μὲν
458 2119 567 2174 τῶν
612 2116 891 2189 λογισμῶν
921 2117 1009 2187 ἐφ’
1057 2116 1285 2187 ἑτέρων,
1339 2117 1459 2187 ἦτοι
1497 2113 1606 2168 τῶν
1635 2111 1908 2183 κολασθη-

310 2212 585 2283 σομένων,
633 2211 1093 2282 ἀπολογουμένων
1146 2209 1206 2264 δὲ
1261 2208 1348 2278 ἐφ’
1398 2207 1626 2280 ἐτέρων,
1652 2206 1773 2278 ἦτοι
1802 2205 1911 2259 τῶν

313 2304 749 2375 σωθησομένων.
792 2303 951 2359 Διατί
979 2302 1037 2356 δὲ
1063 2302 1164 2356 οὐκ
1197 2295 1319 2356 εἷπε
1345 2317 1360 2332 ο
1401 2301 1514 2355 Καὶ
1559 2300 1912 2354 δικαιούντων

312 2399 417 2452 καὶ
442 2398 935 2469 κατακρινόντωνς
975 2397 1102 2450 "Ott
1157 2394 1219 2449 οὐ
1272 2392 1572 2448 δικαιοῦσιν
1615 2384 1763 2447 οῦτοι
1791 2391 1912 2445 οὐδὲ

310 2488 717 2560 τιμωροῦνται,
772 2487 912 2543 ἀλλά
959 2485 1330 2559 κατηγοροῦσι
1363 2485 1463 2556 μὲν
1504 2485 1538 2557 ἢ
1584 2483 1914 2553 ἀπολογοῦνο

311 2599 437 2636 ται.
474 2582 591 2654 Τὴν
623 2582 679 2636 δὲ
708 2581 891 2653 κρίσιν
914 2582 1014 2653 τῆς
1057 2580 1330 2653 τιμωρίας
1357 2579 1391 2651 ἢ
1426 2578 1526 2650 τῆς
1576 2576 1915 2640 δικαιώσεως

314 2673 355 2726 ὁ
383 2672 583 2743 κριτὴς
629 2672 849 2741 ἐπάγει.
898 2671 1095 2734 Καλῶς
1139 2668 1439 2740 οῦνςφησι,
1497 2667 1608 2722 τῶν
1635 2667 1914 2738 λογισμῶν

320 2762 786 2833 κατηγορούντων
832 2761 868 2833 ἢ
902 2762 998 2816 καὶ
1049 2759 1524 2831 ἀπολογουμένων.
1561 2757 1729 2813 Πάλιν
1766 2758 1916 2812 ἔστιν

321 2857 529 2910 εἰπεῖν’
559 2855 624 2908 Τί
651 2850 775 2921 οὖν;
807 2854 925 2919 πῶς
946 2852 1361 2922 ἀπολογοῦνται,
1411 2851 1638 2923 μηδενὸς
1679 2867 1918 2922 κατηγο-

335 2946 564 3019 ροῦντος
592 2963 607 3013 ;
647 2946 723 2999 Τὸ
755 2945 885 3017 γὰρ,
927 2943 1401 3017 κατηγορούντων,
1441 2942 1681 3014 εἴρηται,
1710 2943 1793 2996 ὅτι
1821 2944 1914 3000 ἐπὶ

322 3039 440 3092 τῶν
466 3037 960 3109 κολασθησομένων
996 3037 1079 3091 δεῖ
1114 3035 1321 3100 λαὸεῖν,
1358 3034 1419 3089 τδ
1450 3035 1507 3089 δὲ
1540 3034 1915 3106 ἀπολογουμέ-

325 3148 463 3222 νων,
491 3130 586 3222 επὶ
610 3127 718 3182 τῶν
765 3128 1300 3199 δικαιωθησομένων,
1341 3127 1436 3181 καὶ
1463 3126 1645 3191 καλῶς
1675 3127 1911 3198 εἴρηται,
1941 3163 1985 3222 c

326 3221 454 3285 πῶς
483 3219 876 3289 ἀπολογοῦνται
927 3218 1154 3291 μηδενὸς
1197 3217 1667 3289 κατηγοροῦντοςς
1731 3220 1918 3288 Κατη-

328 3313 557 3387 γοροῦσι
594 3314 691 3368 καὶ
740 3312 995 3368 ἐνταῦθα.
1032 3313 1108 3367 Oti
1142 3312 1252 3382 γὰρ
1288 3313 1459 3379 ἔστιν,
1502 3313 1602 3365 ούκ
1628 3311 1776 3366 ἔστιν
1822 3312 1917 3367 ἆν-

328 3406 553 3478 θρωπον
597 3405 728 3460 ἄνευ
780 3405 1053 3477 ἁμαρτίας
1106 3404 1317 3458 ἐκεῖθεν
1367 3404 1620 3476 ὀφθῆναι.
1683 3405 1824 3459 Ἀλλ’
1882 3407 1916 3477 ἡ

330 3497 662 3569 κατηγορία,
715 3499 839 3551 ἐπεὶ
888 3498 989 3551 οὐκ
1038 3496 1155 3551 ἐστι
1188 3496 1353 3568 βάρος
1392 3497 1588 3565 ἔχοντα
1618 3496 1716 3550 καὶ
1755 3497 1917 3565 ῦγκον

327 3590 398 3644 τά
416 3592 822 3661 ἁμαρτήματα,
843 3590 945 3644 οὐκ
967 3590 1082 3644 ἐστι
1100 3590 1302 3661 σφοδρὰ
1318 3588 1439 3643 οὐδὲ
1458 3588 1912 3661 ἀπαράγραπτος,

327 3682 470 3736 ἀλλά
497 3681 794 3751 ἀπολογίαν
831 3682 1134 3752 προάγουσι
1174 3683 1315 3754 πρὸς
1348 3679 1518 3752 αὐτὴν
1555 3682 1605 3734 oi
1637 3680 1914 3751 λογισμοὶ,

326 3776 391 3828 το
425 3773 704 3828 εῦόλισθον
726 3773 827 3844 τῆς
858 3773 1097 3842 φύσεως,
1138 3773 1199 3827 τὸ
1248 3771 1497 3838 ἀσθενὲς,
1526 3773 1628 3843 τὴν
1653 3771 1747 3827 τοῦ
1780 3772 1914 3825 Θεοῦ

326 3866 768 3938 φιλανθρωπίαν,
819 3865 914 3920 τὸν
956 3865 1126 3920 ἔλεον.
1163 3865 1277 3920 Καὶ
1316 3864 1550 3919 παύεται
1580 3864 1682 3934 μὲν
1707 3865 1913 3937 ἐκείνη,

324 3960 541 4032 mea;
566 3960 602 4031 ἡ
648 3958 935 4028 ἀπολογία.
1001 3957 1135 4012 Ἀπὸ
1184 3958 1285 4029 τῆς
1337 3956 1633 4026 ἀπολογίας
1659 3951 1754 4011 οὖν
1784 3959 1912 4023 είσι,

324 4053 440 4106 κᾶν
497 4053 537 4124 ἡ
580 4051 886 4123 κατηγορία
922 4051 1300 4123 προηγήσατο,
1353 4049 1495 4115 ἄξιοι
1532 4043 1679 4104 οὗτοι
1713 4049 1917 4121 σημαί-

325 4144 543 4201 νεσθαι.
585 4144 810 4215 Ἐπειδὴ
850 4144 907 4199 δὲ
941 4146 999 4198 ὲν
1037 4146 1151 4208 τοῖς
1183 4142 1577 4214 ἀπολλυμένοις
1606 4142 1783 4197 ἄτοπα
1815 4143 1915 4213 μὲν

326 4238 435 4294 καὶ
459 4236 676 4309 χαλεπά
697 4235 770 4290 τὰ
802 4236 1205 4307 ἁμαρτήματα,
1236 4234 1443 4306 σφοδρά
1469 4235 1525 4288 δὲ
1552 4234 1644 4288 καὶ
1675 4235 1915 4306 ἀπαραί-

323 4347 499 4401 τητος
519 4331 553 4399 ἡ
579 4330 907 4400 κατηγορία,
937 4326 1176 4400 οὒδαμοῦ
1214 4327 1272 4382 δὲ
1297 4328 1331 4397 ἡ
1369 4326 1660 4395 ἀπολογία,
1700 4326 1913 4397 τίθησιν

323 4422 424 4477 ἐπ’
479 4421 660 4476 αὐτῶν
708 4421 871 4476 πάλιν
928 4420 1088 4491 μόνον
1119 4419 1198 4484 τὸ,
1260 4418 1736 4489 κατηγορούντων.
1793 4419 1914 4472 Etsi.

2006 1917 2473 1977 Justilieantibus.
2498 1915 2659 1970 Nunc
2680 1921 2863 1968 autem
2892 1910 3048 1982 quasi
3071 1908 3141 1965 de
3166 1924 3274 1964 uno
3300 1917 3359 1964 et
3381 1907 3603 1973 eodem,

2009 2007 2331 2067 consecutio
2378 2004 2652 2062 sermonis
2708 2001 3022 2070 intelligere
3083 2015 3184 2054 nos
3233 1998 3497 2054 admonet
3546 2006 3605 2053 et

2020 2119 2039 2152 ι
2090 2098 2499 2155 Aceusantibus
2544 2115 2563 2148 ι
2618 2102 2675 2150 et
2725 2112 2751 2146 τ
2802 2091 3229 2148 Excusantibus.
3276 2110 3294 2142 ι
3358 2089 3607 2144 Dicimus

2010 2202 2195 2249 autem
2225 2190 2375 2263 quod
2405 2204 2515 2244 non
2542 2193 2799 2258 oporteat
2829 2183 2896 2239 de
2930 2198 3044 2237 uno
3073 2192 3132 2238 et
3166 2180 3361 2236 eodem
3390 2190 3605 2235 utrum-

2012 2300 2122 2356 que
2151 2283 2406 2353 accipere
2439 2298 2451 2333 :
2485 2279 2581 2336 sed
2617 2275 3010 2333 accusantibus
3037 2275 3262 2345 quidem
3291 2272 3360 2327 de
3389 2271 3602 2336 alteris,

2013 2385 2146 2448 puta
2176 2373 2507 2447 puniendis;
2539 2368 2937 2427 excusantibus
2962 2381 3098 2422 vero
3124 2366 3191 2420 de
3223 2364 3437 2426 alteris,
3469 2371 3604 2432 puta

1949 2468 1978 2482 ”’
2013 2468 2311 2527 solvendis.
2344 2466 2452 2523 Sed
2495 2480 2594 2519 cur
2626 2479 2735 2519 non
2771 2461 2933 2526 dixit,
2981 2460 3051 2515 Et
3079 2455 3512 2529 justiﬁeantibus
3549 2461 3606 2508 et

2015 2558 2553 2619 condemnantibus?
2579 2556 2716 2623 Quia
2753 2554 2837 2609 hee
2870 2567 3052 2622 neque
3079 2547 3386 2622 justiﬁeant
3420 2559 3603 2613 neque

2015 2656 2277 2726 puniunt,
2320 2652 2417 2707 sed
2460 2656 2726 2706 accusant
2764 2646 3130 2717 cogitationes
3172 2640 3258 2696 vel
3295 2644 3600 2703 excusant;

2010 2744 2283 2818 judicium
2322 2759 2455 2798 vero
2513 2738 2817 2812 punitionis
2875 2738 2960 2791 vel
3017 2731 3435 2806 justilicationis
3494 2728 3606 2783 fert

2012 2837 2205 2911 judex.
2240 2835 2387 2890 Bene
2421 2848 2552 2904 ergo
2582 2832 2661 2886 ait
2693 2848 2706 2882 :
2738 2826 3184 2898 Cogitationibus
3212 2820 3605 2877 accusantibus

2019 2931 2105 2986 vel
2151 2928 2316 2985 etiam
2362 2925 2774 2983 excusantibus.
2816 2922 3057 2977 Rursum
3103 2926 3288 2989 posset
3329 2914 3602 2984 quispiam

2018 3026 2205 3082 dicere
2253 3041 2266 3077 :
2316 3020 2461 3089 Quid
2510 3017 2711 3090 igitur?
2758 3013 3037 3087 quomodo
3084 3017 3349 3065 excusant
3381 3005 3606 3061 nctnino

2021 3115 2354 3173 accusante?
2392 3113 2613 3167 Dictum
2645 3108 2793 3163 enim
2827 3116 2933 3168 est,
2957 3098 3604 3158 accusantibi.s.det'on-

2019 3206 2347 3266 demnandis
2388 3204 2530 3258 sumi
2578 3210 2877 3271 oportere;
2909 3192 3325 3256 excusantibus,
3353 3203 3487 3243 vero
3533 3186 3604 3242 de

2018 3299 2321 3362 salvandis,
2357 3305 2415 3353 et
2453 3296 2596 3350 bene
2633 3293 2843 3348 dictum
2883 3299 2988 3352 est,
3023 3284 3304 3357 quomodo
3337 3288 3606 3337 excusant

2019 3393 2240 3449 nemine
2269 3387 2604 3445 accusante?
2635 3387 2913 3441 Accusant
2941 3381 3104 3436 etiam
3141 3377 3249 3432 hic.
3296 3375 3418 3431 Non
3453 3373 3604 3427 enim

2017 3494 2220 3559 potest.
2260 3484 2507 3553 inquam,
2542 3480 2636 3535 hic
2676 3478 2843 3533 homo
2887 3487 3077 3530 carere
3123 3479 3371 3542 peccato,
3410 3481 3603 3521 verum

2018 3558 2322 3640 accusatio,
2362 3590 2488 3631 cum
2530 3582 2753 3644 peccata
2780 3566 2966 3639 gravia
3002 3579 3109 3619 non
3143 3563 3256 3617 siut
3297 3567 3394 3616 aut
3421 3558 3604 3629 magni

2018 3671 2302 3744 ponderis,
2327 3685 2436 3724 non
2464 3675 2547 3723 est
2573 3664 2870 3720 vehemens
2895 3669 2992 3715 aut
3017 3657 3284 3728 legitima.
3310 3654 3407 3708 sed
3439 3668 3605 3709 excu-

2017 3765 2286 3820 sationem
2317 3759 2384 3815 ad
2420 3773 2540 3813 eam
2573 3755 2873 3827 praeferunt
2906 3749 3295 3821 cogitationes,
3336 3754 3466 3815 puta
3510 3759 3605 3797 na-

2019 3866 2156 3913 tum
2184 3852 2556 3910 lubricitatem
2578 3863 2644 3902 ac
2660 3846 3059 3906 inﬁmitatem,
3077 3840 3172 3896 Dei
3204 3855 3333 3910 erga
3350 3837 3608 3892 homines

2017 3964 2263 4006 amorem
2290 3962 2353 4001 ac
2378 3940 2812 3999 misericordiam
2848 3947 2948 3991 :et
2989 3937 3081 3990 illa
3125 3933 3349 4003 quidem
3403 3939 3603 3995 cessat,

2015 4041 2298 4100 excusatio
2336 4046 2520 4092 autem
2564 4033 2754 4088 vineit.
2796 4030 2937 4084 Sunt
2975 4028 3140 4099 igitur
3175 4026 3257 4079 hae
3315 4024 3608 4093 cogitatio-

2013 4148 2116 4190 nes
2136 4131 2333 4187 merito
2353 4126 2650 4197 designatae
2672 4122 2742 4176 ab
2763 4119 3145 4182 excusatione,
3168 4116 3297 4169 licet
3326 4112 3605 4188 accusatio

2015 4220 2376 4298 praecesserit.
2402 4218 2461 4273 In
2492 4217 2580 4271 his
2599 4229 2731 4269 vero
2756 4212 2849 4283 qui
2881 4216 3118 4281 pereunt
3140 4246 3155 4270 ,
3177 4206 3306 4276 quia
3365 4203 3605 4257 absurda

2015 4296 2145 4374 sunt
2176 4323 2231 4371 et
2263 4310 2449 4385 gravia
2484 4305 3155 4380 peecata,vehemensque
3182 4309 3238 4355 et
3266 4296 3605 4351 inevitabilis

2016 4408 2316 4472 accusatio,
2339 4403 2623 4461 excusatio
2681 4409 2865 4455 autem
2894 4410 3274 4466 nequaquam,
3325 4390 3378 4444 in
3411 4391 3487 4443 eis
3513 4404 3604 4442 so—

325 4514 392 4570 δὲ
429 4514 753 4583 συγγνωπά
805 4486 941 4581 μὲν,
973 4511 1010 4566 ἃ
1046 4510 1189 4566 κατά
1233 4486 1525 4581 λογισμοῦς
1574 4510 1912 4580 ἡμάρτομεν,

2025 4512 2141 4566 lum
2165 4502 2348 4573 ponit,
2399 4518 2418 4551 ι
2463 4493 2888 4552 Accusantibus.
2923 4510 2941 4542 ι
2987 4490 3255 4544 Praeterea
3281 4486 3440 4554 digna
3477 4494 3604 4536 sunt

326 4603 702 4673 ἀαύγγνωστα
737 4604 815 4669 δὲ,
852 4603 889 4658 ἀ
938 4604 1100 4674 μέχρι
1140 4600 1393 4672 πράξεων
1446 4598 1914 4670 παρειλκύσαμεν.

329 4697 451 4749 Καὶ
489 4695 649 4749 πάλιν
700 4695 1025 4763 συγγνωστὰ
1061 4694 1182 4764 μὲν,
1221 4691 1259 4747 ἃ.
1304 4691 1393 4746 διὰ
1442 4691 1735 4762 μετανοίας
1780 4690 1919 4745 καθ-

330 4785 618 4857 ηράμεθα,
654 4785 1017 4855 ἀσύγγνωστα
1041 4782 1120 4847 δι.
1174 4777 1257 4846 οἷς
1294 4781 1427 4853 μηδὲ
1471 4780 1534 4834 τὸ
1569 4780 1659 4834 διὰ
1712 4779 1917 4851 ταύτης

332 4878 591 4948 ίατήριον
611 4876 711 4931 καὶ
736 4876 837 4947 τὴν
866 4874 1167 4947 θεραπείαν
1201 4869 1704 4944 προσενηνόχαμεν.

409 5062 642 5117 Δύναται
664 5062 722 5116 δὶ
752 5060 842 5119 καὶ
870 5059 948 5126 ὡς
977 5059 1090 5132 εχει
1115 5058 1323 5125 τάξεως
1355 5060 1389 5131 ἠ
1417 5057 1584 5126 λέξις,
1627 5055 1722 5110 τοῦ
1754 5054 1920 5128 ῥητοῦ

338 5157 372 5226 ἢ
429 5155 641 5209 διάνοια
690 5152 1137 5225 παραληφθῆναι.
1171 5148 1300 5205 Οἷον
1349 5151 1401 5204 οί
1458 5150 1561 5222 μὲν
1610 5151 1704 5206 τὸν
1755 5151 1922 5221 νόμον

333 5248 621 5314 Λαϐόντες,
661 5246 759 5302 καὶ
798 5245 888 5301 τὸν
919 5245 1084 5317 νόμον
1116 5244 1210 5299 καὶ
1247 5244 1347 5314 τὴν
1379 5242 1684 5315 συνείδησιν
1725 5241 1810 5313 ἐφ’
1841 5234 1923 5305 οἷς

332 5340 721 5412 ἁμαρτάνουσι
743 5336 1183 5409 κατηγοροῦσαν.
1215 5336 1280 5389 Οἱ
1304 5336 1361 5391 δδ
1397 5336 1472 5407 μὴ
1497 5335 1921 5408 παρειληφότες,

334 5434 505 5504 φησι,
532 5433 626 5486 τὸν
664 5432 852 5502 νόμον,
889 5428 1222 5500 πράττοντες
1246 5427 1301 5482 δὲ
1323 5428 1432 5482 ἀπὸ
1471 5427 1828 5498 συνειδήσεως
1851 5428 1921 5482 τὰ

333 5521 439 5579 τοῦ
461 5523 652 5593 νόμου,
682 5514 827 5575 οὗτοι
862 5520 960 5592 τὴν
993 5518 1300 5590 συνείδησιν
1351 5517 1746 5590 προϐάλλονται
1791 5518 1924 5589 μάρ-

330 5632 485 5688 ¹ιιυρα.
508 5615 610 5686 τῆς
645 5612 1033 5686 ἁγαθοεργίας.
1084 5611 1203 5666 Ἵνα
1247 5613 1357 5682 γὰρ
1401 5607 1476 5683 μή
1513 5628 1596 5674 τις
1630 5612 1781 5684 εἶπεν
1813 5612 1920 5665 Οὐ-

335 5707 476 5764 κοῦν
504 5706 648 5762 κατά
670 5705 841 5776 τύχην
874 5705 1173 5776 πράττουσι
1214 5703 1278 5758 τὸ
1317 5702 1539 5774 ἀγαθὸν,
1576 5704 1625 5756 εί
1672 5702 1747 5775 μὴ
1776 5705 1925 5774 νόμῳ

334 5799 708 5874 πράττουσιν·
761 5798 1060 5870 Ούμενοῦν,
1109 5792 1296 5869 φησὶν,
1347 5793 1482 5851 ἀλλὰ
1512 5795 1651 5869 μετὰ
1684 5794 1925 5867 συνειδή-

2020 4592 2504 4654 condemnatione,
2557 4604 2680 4658 quae
2727 4581 3157 4656 cogitationibus
3209 4578 3541 4647 deliquimus
3590 4593 3600 4623 :

2022 4704 2215 4746 verum
2251 4701 2364 4740 non
2400 4691 2686 4738 merentur
2719 4678 2938 4734 veniam
2975 4690 3096 4745 quae
3114 4673 3179 4725 ad
3226 4685 3393 4740 opera
3434 4684 3604 4736 usque

2022 4779 2414 4853 protraximus.
2435 4776 2504 4831 Et
2529 4787 2745 4828 rursum
2771 4760 3111 4841 ignoSeibilia
3137 4771 3406 4832 suntquae
3433 4762 3609 4830 [Hnni-

2022 4874 2200 4930 tentia
2238 4869 2581 4930 delevimus,
2624 4879 2689 4920 ea
2729 4874 2910 4917 autem
2946 4856 3299 4913 condemnari
3329 4862 3609 4923 nequeunt

2025 4965 2223 5036 quibus
2245 4976 2435 5018 curam
2463 4973 2526 5014 ac
2557 4958 2789 5011 salutem
2825 4968 2924 5021 per
2956 4950 3097 5005 hanc
3125 4963 3234 5002 non
3266 4946 3572 5000 attulimus.

2094 5055 2258 5127 225
2291 5055 2480 5109 Potest
2525 5062 2746 5119 quoque
2794 5045 2931 5101 dicti
2974 5058 3172 5099 sensus
3214 5039 3411 5109 accipi,
3457 5042 3607 5089 veiut

2023 5150 2191 5205 habet
2218 5146 2356 5203 ordo
2385 5142 2716 5207 dictionum,
2752 5147 2884 5210 puta
2914 5136 3009 5208 qui
3041 5136 3217 5206 legem
3248 5138 3604 5201 acceperunt.

2025 5251 2085 5297 et
2108 5241 2288 5312 legem
2311 5236 2543 5299 habent,
2572 5243 2629 5289 et
2649 5230 3069 5293 conscientiam,
3100 5227 3169 5282 de
3199 5225 3286 5280 his
3318 5238 3437 5293 qua:
3468 5221 3608 5275 deli-

2026 5339 2306 5404 querunt,
2352 5332 2703 5384 accusantem
2742 5342 2755 5378 :
2793 5322 2888 5394 qui
2928 5337 3061 5376 vero
3109 5319 3282 5389 legem
3304 5328 3414 5370 non
3448 5326 3608 5367 acce-

2022 5433 2250 5497 perunt,
2290 5420 2387 5478 sed
2419 5436 2485 5477 ex
2523 5417 2864 5476 conscientia
2893 5430 3015 5487 quze
3049 5412 3186 5484 legis
3215 5421 3345 5465 sunt
3374 5404 3602 5465 faciunt,

2029 5494 2086 5572 hi
2133 5512 2527 5572 conscientiam
2574 5511 2733 5567 bonae
2777 5506 3114 5578 operationis
3155 5509 3348 5559 testem
3402 5494 3606 5567 prodo.

2028 5618 2183 5665 cunt.
2215 5607 2296 5663 Ne
2326 5606 2453 5678 quis
2483 5605 2630 5660 enim
2669 5603 2815 5657 dicat
2847 5620 2860 5655 :
2887 5602 3194 5669 Casu’ergo
3220 5592 3367 5665 quod
3403 5592 3607 5643 bonum

2026 5710 2109 5756 est
2139 5705 2329 5770 agunt,
2365 5699 2413 5752 si
2439 5712 2548 5751 non
2587 5696 2705 5765 lege
2734 5701 2903 5764 agunt
2937 5709 2952 5744 :
2989 5690 3363 5757 Nequaquam.
3401 5680 3601 5749 inquit,

2028 5791 2126 5848 Sed
2157 5790 2298 5846 duce
2329 5786 2690 5854 conscientia,
2717 5785 2860 5840 hanc
2893 5789 3285 5854 praeceptorem
3318 5789 3383 5830 ac
3410 5783 3605 5830 testem
