  <div class='ocr_page' id='page_1' title='image "/cluster/home/n/w/nwhite01/storage/ocr_20150623/118/hvd.32044019208149/209.png"; bbox 0 0 3978 6542; ppageno 0'>
   <div class='ocr_carea' id='block_1_1' title="bbox 512 318 3734 396">
    <p class='ocr_par' dir='ltr' id='par_1_1' title="bbox 512 318 3734 396">
     <span class='ocr_line' id='line_1_1' title="bbox 512 318 3734 396; baseline -0.001 -11"><span class='ocrx_word' id='word_1_1' title='bbox 512 318 624 385; x_wconf 79' lang='lat'><strong>359</strong></span> <span class='ocrx_word' id='word_1_2' title='bbox 1608 320 2012 384; x_wconf 54' lang='lat' dir='ltr'><strong>&#39;(ECUMthI</strong></span> <span class='ocrx_word' id='word_1_3' title='bbox 2050 321 2342 385; x_wconf 68' lang='lat' dir='ltr'><strong>TRICCJE</strong></span> <span class='ocrx_word' id='word_1_4' title='bbox 2373 322 2715 385; x_wconf 85' lang='lat' dir='ltr'><strong>EPISCOPI</strong></span> <span class='ocrx_word' id='word_1_5' title='bbox 3645 331 3734 396; x_wconf 71' lang='lat'><strong>360</strong></span> 
     </span>
    </p>
   </div>
   <div class='ocr_carea' id='block_1_2' title="bbox 516 438 2081 545">
    <p class='ocr_par' dir='ltr' id='par_1_2' title="bbox 516 438 2081 511">
     <span class='ocr_line' id='line_1_2' title="bbox 516 438 2081 511; baseline 0.001 -16"><span class='ocrx_word' id='word_1_6' title='bbox 516 439 813 501; x_wconf 86' lang='lat' dir='ltr'><strong>habentes,</strong></span> <span class='ocrx_word' id='word_1_7' title='bbox 859 438 1093 509; x_wconf 80' lang='lat' dir='ltr'><strong>ideoque</strong></span> <span class='ocrx_word' id='word_1_8' title='bbox 1148 440 1350 511; x_wconf 76' lang='lat' dir='ltr'><strong>majore</strong></span> <span class='ocrx_word' id='word_1_9' title='bbox 1398 439 1548 511; x_wconf 82' lang='lat' dir='ltr'><strong>digni</strong></span> <span class='ocrx_word' id='word_1_10' title='bbox 1597 450 1727 496; x_wconf 84' lang='lat' dir='ltr'><strong>sunt</strong></span> <span class='ocrx_word' id='word_1_11' title='bbox 1776 456 2081 496; x_wconf 81' lang='lat' dir='ltr'><strong>remunera-</strong></span> 
     </span>
    </p>
   </div>
   <div class='ocr_carea' id='block_1_3' title="bbox 2183 438 3736 545">
    <p class='ocr_par' dir='ltr' id='par_1_3' title="bbox 2196 438 3736 519">
     <span class='ocr_line' id='line_1_3' title="bbox 2196 438 3736 519; baseline 0.003 -25"><span class='ocrx_word' id='word_1_12' title='bbox 2196 458 2353 506; x_wconf 86' lang='grc' dir='ltr'>σεως,</span> <span class='ocrx_word' id='word_1_13' title='bbox 2383 441 2702 495; x_wconf 82' lang='grc' dir='ltr'>διδάσκαλον</span> <span class='ocrx_word' id='word_1_14' title='bbox 2733 439 2940 509; x_wconf 82' lang='grc' dir='ltr'>ταύτην</span> <span class='ocrx_word' id='word_1_15' title='bbox 2992 438 3087 493; x_wconf 72' lang='grc' dir='ltr'>καὶ</span> <span class='ocrx_word' id='word_1_16' title='bbox 3124 439 3383 513; x_wconf 78' lang='grc' dir='ltr'>μάρτυρα</span> <span class='ocrx_word' id='word_1_17' title='bbox 3416 440 3617 513; x_wconf 77' lang='grc' dir='ltr'>ἔχοντες</span> <span class='ocrx_word' id='word_1_18' title='bbox 3652 448 3736 519; x_wconf 74' lang='grc' dir='ltr'>τῆς</span> 
     </span>
    </p>
   </div>
   <div class='ocr_carea' id='block_1_4' title="bbox 515 529 2081 604">
    <p class='ocr_par' dir='ltr' id='par_1_4' title="bbox 515 532 2081 603">
     <span class='ocr_line' id='line_1_4' title="bbox 515 532 2081 603; baseline 0.001 -18"><span class='ocrx_word' id='word_1_19' title='bbox 515 532 689 595; x_wconf 93' lang='lat' dir='ltr'><strong>tione,</strong></span> <span class='ocrx_word' id='word_1_20' title='bbox 729 532 1101 603; x_wconf 74' lang='lat' dir='ltr'><strong>maioremque</strong></span> <span class='ocrx_word' id='word_1_21' title='bbox 1132 532 1403 587; x_wconf 88' lang='lat' dir='ltr'><strong>inducunt</strong></span> <span class='ocrx_word' id='word_1_22' title='bbox 1434 533 1866 588; x_wconf 81' lang='lat' dir='ltr'><strong>conlutationem</strong></span> <span class='ocrx_word' id='word_1_23' title='bbox 1900 534 2081 588; x_wconf 84' lang='lat' dir='ltr'><strong>adver-</strong></span> 
     </span>
    </p>
   </div>
   <div class='ocr_carea' id='block_1_5' title="bbox 2183 529 3736 604">
    <p class='ocr_par' dir='ltr' id='par_1_5' title="bbox 2199 529 3736 604">
     <span class='ocr_line' id='line_1_5' title="bbox 2199 529 3736 604; baseline 0.003 -16"><span class='ocrx_word' id='word_1_24' title='bbox 2199 534 2591 604; x_wconf 77' lang='grc' dir='ltr'>ἀγαθοεργίας.</span> <span class='ocrx_word' id='word_1_25' title='bbox 2632 532 2723 584; x_wconf 82' lang='grc' dir='ltr'><strong>Διὸ</strong></span> <span class='ocrx_word' id='word_1_26' title='bbox 2772 532 2867 585; x_wconf 79' lang='grc' dir='ltr'>καὶ</span> <span class='ocrx_word' id='word_1_27' title='bbox 2899 531 3144 602; x_wconf 78' lang='grc' dir='ltr'><strong>μείζονος</strong></span> <span class='ocrx_word' id='word_1_28' title='bbox 3179 529 3319 596; x_wconf 79' lang='grc' dir='ltr'>ἄξιοι</span> <span class='ocrx_word' id='word_1_29' title='bbox 3355 532 3632 604; x_wconf 74' lang='grc' dir='ltr'>ἀποδοχῆς,</span> <span class='ocrx_word' id='word_1_30' title='bbox 3658 540 3736 593; x_wconf 79' lang='grc' dir='ltr'>καὶ</span> 
     </span>
    </p>
   </div>
   <div class='ocr_carea' id='block_1_6' title="bbox 515 623 2081 698">
    <p class='ocr_par' dir='ltr' id='par_1_6' title="bbox 515 626 2081 695">
     <span class='ocr_line' id='line_1_6' title="bbox 515 626 2081 695; baseline 0.001 -16"><span class='ocrx_word' id='word_1_31' title='bbox 515 641 609 679; x_wconf 90' lang='lat' dir='ltr'><strong>sus</strong></span> <span class='ocrx_word' id='word_1_32' title='bbox 634 640 733 679; x_wconf 91' lang='lat' dir='ltr'><strong>eos</strong></span> <span class='ocrx_word' id='word_1_33' title='bbox 808 626 902 694; x_wconf 85' lang='lat' dir='ltr'><strong>qui</strong></span> <span class='ocrx_word' id='word_1_34' title='bbox 946 626 1130 679; x_wconf 85' lang='lat' dir='ltr'><strong>habita</strong></span> <span class='ocrx_word' id='word_1_35' title='bbox 1168 626 1286 695; x_wconf 81' lang='lat' dir='ltr'><strong>lege</strong></span> <span class='ocrx_word' id='word_1_36' title='bbox 1314 626 1690 695; x_wconf 88' lang='lat' dir='ltr'><strong>deliquerunt.</strong></span> <span class='ocrx_word' id='word_1_37' title='bbox 1733 627 1939 681; x_wconf 87' lang='lat' dir='ltr'><strong>Deinde</strong></span> <span class='ocrx_word' id='word_1_38' title='bbox 1965 626 2081 695; x_wconf 78' lang='lat' dir='ltr'><strong>quia</strong></span> 
     </span>
    </p>
   </div>
   <div class='ocr_carea' id='block_1_7' title="bbox 2183 623 3733 698">
    <p class='ocr_par' dir='ltr' id='par_1_7' title="bbox 2199 623 3733 698">
     <span class='ocr_line' id='line_1_7' title="bbox 2199 623 3733 698; baseline -0.005 -19"><span class='ocrx_word' id='word_1_39' title='bbox 2199 626 2427 697; x_wconf 77' lang='grc' dir='ltr'>μείζονα</span> <span class='ocrx_word' id='word_1_40' title='bbox 2453 626 2544 679; x_wconf 81' lang='grc' dir='ltr'>τὸν</span> <span class='ocrx_word' id='word_1_41' title='bbox 2585 625 2805 695; x_wconf 73' lang='grc' dir='ltr'>ἔλεγχον</span> <span class='ocrx_word' id='word_1_42' title='bbox 2836 624 2978 678; x_wconf 80' lang='grc' dir='ltr'>κατὰ</span> <span class='ocrx_word' id='word_1_43' title='bbox 3002 623 3110 678; x_wconf 88' lang='grc' dir='ltr'><strong>τῶν</strong></span> <span class='ocrx_word' id='word_1_44' title='bbox 3141 624 3277 694; x_wconf 83' lang='grc' dir='ltr'>μετὰ</span> <span class='ocrx_word' id='word_1_45' title='bbox 3325 625 3490 695; x_wconf 82' lang='grc' dir='ltr'>νόμου</span> <span class='ocrx_word' id='word_1_46' title='bbox 3514 627 3733 698; x_wconf 65' lang='grc' dir='ltr'>ἅμαρτε-</span> 
     </span>
    </p>
   </div>
   <div class='ocr_carea' id='block_1_8' title="bbox 515 709 2081 820">
    <p class='ocr_par' dir='ltr' id='par_1_8' title="bbox 515 716 2081 789">
     <span class='ocr_line' id='line_1_8' title="bbox 515 716 2081 789; baseline 0.005 -21"><span class='ocrx_word' id='word_1_47' title='bbox 515 732 621 769; x_wconf 90' lang='lat' dir='ltr'><strong>non</strong></span> <span class='ocrx_word' id='word_1_48' title='bbox 671 732 863 770; x_wconf 85' lang='lat' dir='ltr'><strong>omnes</strong></span> <span class='ocrx_word' id='word_1_49' title='bbox 905 716 997 785; x_wconf 86' lang='lat' dir='ltr'><strong>qui</strong></span> <span class='ocrx_word' id='word_1_50' title='bbox 1029 716 1146 786; x_wconf 89' lang='lat' dir='ltr'><strong>lege</strong></span> <span class='ocrx_word' id='word_1_51' title='bbox 1185 724 1394 774; x_wconf 84' lang='lat' dir='ltr'><strong>carent.</strong></span> <span class='ocrx_word' id='word_1_52' title='bbox 1442 717 1581 772; x_wconf 87' lang='lat' dir='ltr'><strong>bene</strong></span> <span class='ocrx_word' id='word_1_53' title='bbox 1622 729 1945 789; x_wconf 80' lang='lat' dir='ltr'><strong>operantur,</strong></span> <span class='ocrx_word' id='word_1_54' title='bbox 1984 721 2081 776; x_wconf 73' lang='lat' dir='ltr'><strong>imt</strong></span> 
     </span>
    </p>
   </div>
   <div class='ocr_carea' id='block_1_9' title="bbox 2183 709 3737 820">
    <p class='ocr_par' dir='ltr' id='par_1_9' title="bbox 2195 709 3737 787">
     <span class='ocr_line' id='line_1_9' title="bbox 2195 709 3737 787; baseline 0.002 -18"><span class='ocrx_word' id='word_1_55' title='bbox 2195 716 2392 769; x_wconf 77' lang='grc' dir='ltr'>νὸντων</span> <span class='ocrx_word' id='word_1_56' title='bbox 2425 716 2739 783; x_wconf 86' lang='grc' dir='ltr'>ἐπάγονται.</span> <span class='ocrx_word' id='word_1_57' title='bbox 2776 709 2910 767; x_wconf 76' lang='grc' dir='ltr'>Εἶτα</span> <span class='ocrx_word' id='word_1_58' title='bbox 2962 713 3150 786; x_wconf 82' lang='grc' dir='ltr'>ἐπειδὴ</span> <span class='ocrx_word' id='word_1_59' title='bbox 3191 714 3252 766; x_wconf 80' lang='grc' dir='ltr'>οὐ</span> <span class='ocrx_word' id='word_1_60' title='bbox 3300 716 3498 778; x_wconf 86' lang='grc' dir='ltr'>πάντες</span> <span class='ocrx_word' id='word_1_61' title='bbox 3526 718 3571 769; x_wconf 88' lang='grc' dir='ltr'>οἱ</span> <span class='ocrx_word' id='word_1_62' title='bbox 3597 722 3737 787; x_wconf 77' lang='grc' dir='ltr'>χωρὶς</span> 
     </span>
    </p>
   </div>
   <div class='ocr_carea' id='block_1_10' title="bbox 512 804 2081 916">
    <p class='ocr_par' dir='ltr' id='par_1_10' title="bbox 512 808 2081 882">
     <span class='ocr_line' id='line_1_10' title="bbox 512 808 2081 882; baseline 0.006 -24"><span class='ocrx_word' id='word_1_63' title='bbox 512 820 646 862; x_wconf 76' lang='lat' dir='ltr'><strong>sunt</strong></span> <span class='ocrx_word' id='word_1_64' title='bbox 672 809 766 876; x_wconf 90' lang='lat' dir='ltr'><strong>qui</strong></span> <span class='ocrx_word' id='word_1_65' title='bbox 802 809 966 863; x_wconf 87' lang='lat' dir='ltr'><strong>etiam</strong></span> <span class='ocrx_word' id='word_1_66' title='bbox 1001 808 1329 877; x_wconf 87' lang='lat' dir='ltr'><strong>delinquunt</strong></span> <span class='ocrx_word' id='word_1_67' title='bbox 1355 826 1366 861; x_wconf 94' lang='lat'>:</span> <span class='ocrx_word' id='word_1_68' title='bbox 1397 811 1638 864; x_wconf 86' lang='lat' dir='ltr'><strong>ostendit</strong></span> <span class='ocrx_word' id='word_1_69' title='bbox 1665 827 1846 882; x_wconf 89' lang='lat' dir='ltr'><strong>neque</strong></span> <span class='ocrx_word' id='word_1_70' title='bbox 1875 811 1975 867; x_wconf 92' lang='lat' dir='ltr'><strong>hos</strong></span> <span class='ocrx_word' id='word_1_71' title='bbox 2004 812 2081 866; x_wconf 79' lang='lat' dir='ltr'><strong>fu-</strong></span> 
     </span>
    </p>
   </div>
   <div class='ocr_carea' id='block_1_11' title="bbox 2183 804 3735 916">
    <p class='ocr_par' dir='ltr' id='par_1_11' title="bbox 2197 804 3735 876">
     <span class='ocr_line' id='line_1_11' title="bbox 2197 804 3735 876; baseline 0.003 -17"><span class='ocrx_word' id='word_1_72' title='bbox 2197 807 2360 875; x_wconf 83' lang='grc' dir='ltr'>νόμου</span> <span class='ocrx_word' id='word_1_73' title='bbox 2389 804 2834 876; x_wconf 84' lang='grc' dir='ltr'>ἀγαθοεργοῦσιν,</span> <span class='ocrx_word' id='word_1_74' title='bbox 2869 805 2983 858; x_wconf 83' lang='grc' dir='ltr'>ἀλλ’</span> <span class='ocrx_word' id='word_1_75' title='bbox 3008 806 3146 858; x_wconf 79' lang='grc' dir='ltr'>εἰσὶν</span> <span class='ocrx_word' id='word_1_76' title='bbox 3170 805 3218 858; x_wconf 77' lang='grc' dir='ltr'>οἳ</span> <span class='ocrx_word' id='word_1_77' title='bbox 3248 805 3344 858; x_wconf 81' lang='grc' dir='ltr'>καὶ</span> <span class='ocrx_word' id='word_1_78' title='bbox 3368 807 3735 876; x_wconf 82' lang='grc' dir='ltr'>πλημμελοῦσι,</span> 
     </span>
    </p>
   </div>
   <div class='ocr_carea' id='block_1_12' title="bbox 514 897 2081 1001">
    <p class='ocr_par' dir='ltr' id='par_1_12' title="bbox 514 899 2081 974">
     <span class='ocr_line' id='line_1_12' title="bbox 514 899 2081 974; baseline 0.005 -25"><span class='ocrx_word' id='word_1_79' title='bbox 514 909 567 949; x_wconf 80' lang='lat' dir='ltr'><strong>tu</strong></span> <span class='ocrx_word' id='word_1_80' title='bbox 582 914 673 952; x_wconf 86' lang='lat' dir='ltr'><strong>ros</strong></span> <span class='ocrx_word' id='word_1_81' title='bbox 702 900 1021 968; x_wconf 84' lang='lat' dir='ltr'><strong>impunitos.</strong></span> <span class='ocrx_word' id='word_1_82' title='bbox 1046 899 1366 969; x_wconf 79' lang='lat' dir='ltr'><strong>Quanquam</strong></span> <span class='ocrx_word' id='word_1_83' title='bbox 1388 902 1535 955; x_wconf 88' lang='lat' dir='ltr'><strong>enim</strong></span> <span class='ocrx_word' id='word_1_84' title='bbox 1552 903 1751 973; x_wconf 81' lang='lat' dir='ltr'><strong>legem,</strong></span> <span class='ocrx_word' id='word_1_85' title='bbox 1771 903 1966 974; x_wconf 90' lang='lat' dir='ltr'><strong>inquit,</strong></span> <span class='ocrx_word' id='word_1_86' title='bbox 1986 918 2081 957; x_wconf 79' lang='lat' dir='ltr'><strong>non</strong></span> 
     </span>
    </p>
   </div>
   <div class='ocr_carea' id='block_1_13' title="bbox 2183 897 3736 1001">
    <p class='ocr_par' dir='ltr' id='par_1_13' title="bbox 2195 897 3736 966">
     <span class='ocr_line' id='line_1_13' title="bbox 2195 897 3736 966; baseline 0.001 -15"><span class='ocrx_word' id='word_1_87' title='bbox 2195 898 2467 951; x_wconf 84' lang='grc' dir='ltr'>δείκνυσιν</span> <span class='ocrx_word' id='word_1_88' title='bbox 2505 898 2613 951; x_wconf 79' lang='grc' dir='ltr'>οὐδ’</span> <span class='ocrx_word' id='word_1_89' title='bbox 2679 898 2878 959; x_wconf 58' lang='grc' dir='ltr'>αὐτοὺς</span> <span class='ocrx_word' id='word_1_90' title='bbox 2920 897 3210 966; x_wconf 77' lang='grc' dir='ltr'><strong>ἐσομένους</strong></span> <span class='ocrx_word' id='word_1_91' title='bbox 3261 898 3649 966; x_wconf 81' lang='grc' dir='ltr'>ἀτιμωρήτους.</span> <span class='ocrx_word' id='word_1_92' title='bbox 3685 901 3736 953; x_wconf 79' lang='lat' dir='ltr'><strong>Ei</strong></span> 
     </span>
    </p>
   </div>
   <div class='ocr_carea' id='block_1_14' title="bbox 518 988 2081 1095">
    <p class='ocr_par' dir='ltr' id='par_1_14' title="bbox 518 988 2081 1066">
     <span class='ocr_line' id='line_1_14' title="bbox 518 988 2081 1066; baseline 0.006 -24"><span class='ocrx_word' id='word_1_93' title='bbox 518 988 751 1043; x_wconf 78' lang='lat' dir='ltr'><strong>habeam</strong></span> <span class='ocrx_word' id='word_1_94' title='bbox 802 1000 1187 1057; x_wconf 75' lang='lat' dir='ltr'><strong>accusantem,</strong></span> <span class='ocrx_word' id='word_1_95' title='bbox 1246 993 1607 1048; x_wconf 85' lang='lat' dir='ltr'><strong>nihilominus</strong></span> <span class='ocrx_word' id='word_1_96' title='bbox 1666 1003 1847 1049; x_wconf 87' lang='lat' dir='ltr'><strong>tamen</strong></span> <span class='ocrx_word' id='word_1_97' title='bbox 1902 1011 2081 1066; x_wconf 72' lang='lat' dir='ltr'><strong>poenas</strong></span> 
     </span>
    </p>
   </div>
   <div class='ocr_carea' id='block_1_15' title="bbox 2183 988 3734 1095">
    <p class='ocr_par' dir='ltr' id='par_1_15' title="bbox 2195 988 3734 1095">
     <span class='ocr_line' id='line_1_15' title="bbox 2195 988 3734 1095; baseline -0.001 -51"><span class='ocrx_word' id='word_1_98' title='bbox 2195 991 2305 1062; x_wconf 78' lang='grc' dir='ltr'>γὰρ</span> <span class='ocrx_word' id='word_1_99' title='bbox 2336 992 2430 1045; x_wconf 79' lang='grc' dir='ltr'>καὶ</span> <span class='ocrx_word' id='word_1_100' title='bbox 2473 990 2548 1059; x_wconf 84' lang='grc' dir='ltr'>μὴ</span> <span class='ocrx_word' id='word_1_101' title='bbox 2577 991 2738 1059; x_wconf 85' lang='grc' dir='ltr'>νόμον</span> <span class='ocrx_word' id='word_1_102' title='bbox 2769 988 2974 1058; x_wconf 79' lang='grc' dir='ltr'>έχουσι,</span> <span class='ocrx_word' id='word_1_103' title='bbox 3013 989 3170 1058; x_wconf 66' lang='grc' dir='ltr'>φησι,</span> <span class='ocrx_word' id='word_1_104' title='bbox 3215 988 3734 1095; x_wconf 37' lang='grc' dir='ltr'>τὸνρκαττγγοροῦντα,</span> 
     </span>
    </p>
   </div>
   <div class='ocr_carea' id='block_1_16' title="bbox 515 1077 2081 1156">
    <p class='ocr_par' dir='ltr' id='par_1_16' title="bbox 515 1081 2081 1156">
     <span class='ocr_line' id='line_1_16' title="bbox 515 1081 2081 1156; baseline 0.006 -23"><span class='ocrx_word' id='word_1_105' title='bbox 515 1081 740 1137; x_wconf 88' lang='lat' dir='ltr'><strong>dabunt.</strong></span> <span class='ocrx_word' id='word_1_106' title='bbox 772 1082 1198 1147; x_wconf 70' lang='lat' dir='ltr'><strong>cogitationibus</strong></span> <span class='ocrx_word' id='word_1_107' title='bbox 1226 1085 1372 1138; x_wconf 89' lang='lat' dir='ltr'><strong>inter</strong></span> <span class='ocrx_word' id='word_1_108' title='bbox 1407 1102 1465 1140; x_wconf 83' lang='lat' dir='ltr'><strong>se</strong></span> <span class='ocrx_word' id='word_1_109' title='bbox 1495 1089 1904 1143; x_wconf 88' lang='lat' dir='ltr'><strong>accusantibus.</strong></span> <span class='ocrx_word' id='word_1_110' title='bbox 1937 1089 2081 1156; x_wconf 80' lang='lat' dir='ltr'><strong>Quod</strong></span> 
     </span>
    </p>
   </div>
   <div class='ocr_carea' id='block_1_17' title="bbox 2183 1077 3737 1156">
    <p class='ocr_par' dir='ltr' id='par_1_17' title="bbox 2194 1077 3737 1147">
     <span class='ocr_line' id='line_1_17' title="bbox 2194 1077 3737 1147; baseline -0.001 -11"><span class='ocrx_word' id='word_1_111' title='bbox 2194 1080 2333 1136; x_wconf 78' lang='grc' dir='ltr'>ἀλλὰ</span> <span class='ocrx_word' id='word_1_112' title='bbox 2356 1082 2450 1133; x_wconf 74' lang='grc' dir='ltr'>καὶ</span> <span class='ocrx_word' id='word_1_113' title='bbox 2476 1080 2655 1143; x_wconf 77' lang='grc' dir='ltr'>οὕτως</span> <span class='ocrx_word' id='word_1_114' title='bbox 2679 1079 2835 1142; x_wconf 79' lang='grc' dir='ltr'>δίκας</span> <span class='ocrx_word' id='word_1_115' title='bbox 2865 1078 3141 1147; x_wconf 79' lang='grc' dir='ltr'><strong>ὑφέξουσι,</strong></span> <span class='ocrx_word' id='word_1_116' title='bbox 3171 1077 3374 1147; x_wconf 78' lang='grc' dir='ltr'>μεταξὺ</span> <span class='ocrx_word' id='word_1_117' title='bbox 3395 1077 3627 1147; x_wconf 83' lang='grc' dir='ltr'>ἀλλήλων</span> <span class='ocrx_word' id='word_1_118' title='bbox 3649 1082 3737 1135; x_wconf 78' lang='grc' dir='ltr'><strong>τῶν</strong></span> 
     </span>
    </p>
   </div>
   <div class='ocr_carea' id='block_1_18' title="bbox 516 1168 2081 1243">
    <p class='ocr_par' dir='ltr' id='par_1_18' title="bbox 516 1169 2081 1242">
     <span class='ocr_line' id='line_1_18' title="bbox 516 1169 2081 1242; baseline 0.007 -20"><span class='ocrx_word' id='word_1_119' title='bbox 516 1180 696 1222; x_wconf 87' lang='lat' dir='ltr'><strong>autem</strong></span> <span class='ocrx_word' id='word_1_120' title='bbox 734 1169 976 1235; x_wconf 83' lang='lat' dir='ltr'><strong>additur,</strong></span> <span class='ocrx_word' id='word_1_121' title='bbox 1015 1172 1096 1224; x_wconf 90' lang='lat' dir='ltr'><strong>vel</strong></span> <span class='ocrx_word' id='word_1_122' title='bbox 1131 1173 1294 1226; x_wconf 86' lang='lat' dir='ltr'><strong>etiam</strong></span> <span class='ocrx_word' id='word_1_123' title='bbox 1330 1176 1746 1242; x_wconf 65' lang='lat' dir='ltr'><strong>excusantibus,</strong></span> <span class='ocrx_word' id='word_1_124' title='bbox 1775 1193 1844 1231; x_wconf 78' lang='lat' dir='ltr'><strong>ex</strong></span> <span class='ocrx_word' id='word_1_125' title='bbox 1876 1188 2081 1233; x_wconf 87' lang='lat' dir='ltr'><strong>contra-</strong></span> 
     </span>
    </p>
   </div>
   <div class='ocr_carea' id='block_1_19' title="bbox 2183 1168 3735 1243">
    <p class='ocr_par' dir='ltr' id='par_1_19' title="bbox 2195 1168 3735 1243">
     <span class='ocr_line' id='line_1_19' title="bbox 2195 1168 3735 1243; baseline -0.001 -18"><span class='ocrx_word' id='word_1_126' title='bbox 2195 1172 2479 1243; x_wconf 81' lang='grc' dir='ltr'>λογισμῶν</span> <span class='ocrx_word' id='word_1_127' title='bbox 2507 1169 2978 1241; x_wconf 76' lang='grc' dir='ltr'><strong>κατηγορούντων.</strong></span> <span class='ocrx_word' id='word_1_128' title='bbox 3006 1168 3079 1221; x_wconf 86' lang='grc' dir='ltr'><strong>Τὸ</strong></span> <span class='ocrx_word' id='word_1_129' title='bbox 3106 1169 3183 1235; x_wconf 72' lang='grc' dir='ltr'>δὲ,</span> <span class='ocrx_word' id='word_1_130' title='bbox 3206 1169 3237 1239; x_wconf 82' lang='grc' dir='ltr'><strong>ἢ</strong></span> <span class='ocrx_word' id='word_1_131' title='bbox 3275 1168 3370 1221; x_wconf 72' lang='grc' dir='ltr'>καὶ</span> <span class='ocrx_word' id='word_1_132' title='bbox 3394 1169 3735 1237; x_wconf 78' lang='grc' dir='ltr'>ἀπολογουμέο</span> 
     </span>
    </p>
   </div>
   <div class='ocr_carea' id='block_1_20' title="bbox 2193 1259 3734 1331">
    <p class='ocr_par' dir='ltr' id='par_1_20' title="bbox 2193 1259 3734 1331">
     <span class='ocr_line' id='line_1_20' title="bbox 2193 1259 3734 1331; baseline -0.002 -14"><span class='ocrx_word' id='word_1_133' title='bbox 2193 1281 2319 1329; x_wconf 88' lang='grc' dir='ltr'>νων,</span> <span class='ocrx_word' id='word_1_134' title='bbox 2374 1262 2637 1326; x_wconf 76' lang='grc' dir='ltr'>πίστωσες</span> <span class='ocrx_word' id='word_1_135' title='bbox 2683 1264 2833 1315; x_wconf 84' lang='grc' dir='ltr'>ἐστιν</span> <span class='ocrx_word' id='word_1_136' title='bbox 2891 1263 2956 1313; x_wconf 81' lang='grc' dir='ltr'><strong>ἐκ</strong></span> <span class='ocrx_word' id='word_1_137' title='bbox 3004 1259 3099 1313; x_wconf 80' lang='grc' dir='ltr'>τοῦ</span> <span class='ocrx_word' id='word_1_138' title='bbox 3144 1261 3392 1313; x_wconf 76' lang='grc' dir='ltr'><strong>ἐναντίου</strong></span> <span class='ocrx_word' id='word_1_139' title='bbox 3434 1260 3734 1331; x_wconf 74' lang='grc' dir='ltr'>ἐπαγομένη.</span> 
     </span>
    </p>
   </div>
   <div class='ocr_carea' id='block_1_21' title="bbox 2207 1351 3735 1422">
    <p class='ocr_par' dir='ltr' id='par_1_21' title="bbox 2207 1351 3735 1422">
     <span class='ocr_line' id='line_1_21' title="bbox 2207 1351 3735 1422; baseline -0.001 -13"><span class='ocrx_word' id='word_1_140' title='bbox 2207 1355 2420 1410; x_wconf 76' lang='grc' dir='ltr'>Ὦσανεὶ</span> <span class='ocrx_word' id='word_1_141' title='bbox 2464 1355 2668 1422; x_wconf 72' lang='grc' dir='ltr'>ἔλεγεν,</span> <span class='ocrx_word' id='word_1_142' title='bbox 2703 1355 2786 1407; x_wconf 83' lang='grc' dir='ltr'>ὅτι</span> <span class='ocrx_word' id='word_1_143' title='bbox 2821 1352 3033 1422; x_wconf 83' lang='grc' dir='ltr'>Ὥσπερ</span> <span class='ocrx_word' id='word_1_144' title='bbox 3065 1351 3515 1422; x_wconf 73' lang='grc' dir='ltr'>ἀπολογουμένων</span> <span class='ocrx_word' id='word_1_145' title='bbox 3544 1352 3735 1407; x_wconf 57' lang='lat' dir='ltr'><strong>savio-</strong></span> 
     </span>
    </p>
   </div>
   <div class='ocr_carea' id='block_1_22' title="bbox 2191 1442 3733 1519">
    <p class='ocr_par' dir='ltr' id='par_1_22' title="bbox 2191 1442 3733 1519">
     <span class='ocr_line' id='line_1_22' title="bbox 2191 1442 3733 1519; baseline -0.003 -18"><span class='ocrx_word' id='word_1_146' title='bbox 2191 1446 2697 1519; x_wconf 82' lang='grc' dir='ltr'>γισμῶν,’ἀθώωσις</span> <span class='ocrx_word' id='word_1_147' title='bbox 2719 1446 3004 1500; x_wconf 79' lang='grc' dir='ltr'>ἀκολουθεῖ</span> <span class='ocrx_word' id='word_1_148' title='bbox 3030 1446 3122 1498; x_wconf 83' lang='grc' dir='ltr'>τοῦ</span> <span class='ocrx_word' id='word_1_149' title='bbox 3151 1443 3317 1514; x_wconf 85' lang='grc' dir='ltr'>νόμου</span> <span class='ocrx_word' id='word_1_150' title='bbox 3370 1443 3558 1514; x_wconf 76' lang='grc' dir='ltr'>χωρὶς,</span> <span class='ocrx_word' id='word_1_151' title='bbox 3589 1442 3733 1508; x_wconf 73' lang='grc' dir='ltr'>οὓτως</span> 
     </span>
    </p>
   </div>
   <div class='ocr_carea' id='block_1_23' title="bbox 2192 1535 3733 1611">
    <p class='ocr_par' dir='ltr' id='par_1_23' title="bbox 2192 1535 3733 1611">
     <span class='ocr_line' id='line_1_23' title="bbox 2192 1535 3733 1611; baseline -0.006 -16"><span class='ocrx_word' id='word_1_152' title='bbox 2192 1538 2662 1611; x_wconf 84' lang='grc' dir='ltr'>κατηγορούντων,</span> <span class='ocrx_word' id='word_1_153' title='bbox 2682 1538 2841 1592; x_wconf 86' lang='grc' dir='ltr'>πάλιν</span> <span class='ocrx_word' id='word_1_154' title='bbox 2860 1536 3029 1609; x_wconf 75' lang='grc' dir='ltr'>χωρὶς</span> <span class='ocrx_word' id='word_1_155' title='bbox 3060 1535 3151 1590; x_wconf 76' lang='grc' dir='ltr'>τοῦ</span> <span class='ocrx_word' id='word_1_156' title='bbox 3178 1535 3367 1604; x_wconf 85' lang='grc' dir='ltr'>νόμου.</span> <span class='ocrx_word' id='word_1_157' title='bbox 3389 1537 3421 1599; x_wconf 93' lang='grc' dir='ltr'><strong>ή</strong></span> <span class='ocrx_word' id='word_1_158' title='bbox 3445 1535 3733 1605; x_wconf 74' lang='grc' dir='ltr'>κατάκρισις</span> 
     </span>
    </p>
   </div>
   <div class='ocr_carea' id='block_1_24' title="bbox 2178 1627 3731 1700">
    <p class='ocr_par' dir='ltr' id='par_1_24' title="bbox 2178 1627 3731 1700">
     <span class='ocr_line' id='line_1_24' title="bbox 2178 1627 3731 1700; baseline -0.001 -14"><span class='ocrx_word' id='word_1_159' title='bbox 2178 1634 2407 1687; x_wconf 76' lang='grc' dir='ltr'>-ἒπεται,</span> <span class='ocrx_word' id='word_1_160' title='bbox 2441 1633 2579 1685; x_wconf 81' lang='grc' dir='ltr'>Πότε</span> <span class='ocrx_word' id='word_1_161' title='bbox 2611 1630 2668 1685; x_wconf 81' lang='grc' dir='ltr'>δὲ</span> <span class='ocrx_word' id='word_1_162' title='bbox 2695 1630 2865 1684; x_wconf 80' lang='grc' dir='ltr'>ταῦτα</span> <span class='ocrx_word' id='word_1_163' title='bbox 2895 1647 2910 1697; x_wconf 88' lang='grc'>;</span> <span class='ocrx_word' id='word_1_164' title='bbox 2968 1629 3058 1682; x_wconf 83' lang='grc' dir='ltr'>Ἐν</span> <span class='ocrx_word' id='word_1_165' title='bbox 3112 1630 3177 1699; x_wconf 80' lang='grc' dir='ltr'>τῇ</span> <span class='ocrx_word' id='word_1_166' title='bbox 3219 1627 3446 1700; x_wconf 69' lang='grc' dir='ltr'>δευτέρα</span> <span class='ocrx_word' id='word_1_167' title='bbox 3477 1629 3731 1698; x_wconf 73' lang='grc' dir='ltr'><strong>παρουσίᾳ.</strong></span> 
     </span>
    </p>
   </div>
   <div class='ocr_carea' id='block_1_25' title="bbox 524 1717 2081 1823">
    <p class='ocr_par' dir='ltr' id='par_1_25' title="bbox 524 1721 2081 1791">
     <span class='ocr_line' id='line_1_25' title="bbox 524 1721 2081 1791; baseline 0.006 -19"><span class='ocrx_word' id='word_1_168' title='bbox 524 1740 543 1772; x_wconf 77' lang='grc' dir='ltr'><strong>ι</strong></span> <span class='ocrx_word' id='word_1_169' title='bbox 579 1721 809 1787; x_wconf 79' lang='lat' dir='ltr'><strong>Quando</strong></span> <span class='ocrx_word' id='word_1_170' title='bbox 851 1722 1121 1791; x_wconf 86' lang='lat' dir='ltr'><strong>judicabit</strong></span> <span class='ocrx_word' id='word_1_171' title='bbox 1160 1723 1305 1777; x_wconf 87' lang='lat' dir='ltr'><strong>Deus</strong></span> <span class='ocrx_word' id='word_1_172' title='bbox 1351 1724 1564 1779; x_wconf 88' lang='lat' dir='ltr'><strong>occulta</strong></span> <span class='ocrx_word' id='word_1_173' title='bbox 1601 1725 1905 1780; x_wconf 86' lang='lat' dir='ltr'><strong>hominum.</strong></span> <span class='ocrx_word' id='word_1_174' title='bbox 1944 1745 1963 1777; x_wconf 72' lang='grc' dir='ltr'><strong>ι</strong></span> <span class='ocrx_word' id='word_1_175' title='bbox 1999 1725 2081 1781; x_wconf 89' lang='lat' dir='ltr'><strong>Si-</strong></span> 
     </span>
    </p>
   </div>
   <div class='ocr_carea' id='block_1_26' title="bbox 2183 1717 3730 1823">
    <p class='ocr_par' dir='ltr' id='par_1_26' title="bbox 2199 1717 3730 1794">
     <span class='ocr_line' id='line_1_26' title="bbox 2199 1717 3730 1794; baseline -0.006 -15"><span class='ocrx_word' id='word_1_176' title='bbox 2199 1744 2218 1778; x_wconf 81' lang='lat' dir='ltr'><strong>t</strong></span> <span class='ocrx_word' id='word_1_177' title='bbox 2245 1727 2376 1778; x_wconf 85' lang='grc' dir='ltr'>Ὅτε</span> <span class='ocrx_word' id='word_1_178' title='bbox 2435 1726 2612 1794; x_wconf 81' lang='grc' dir='ltr'>κρινεῖ</span> <span class='ocrx_word' id='word_1_179' title='bbox 2639 1726 2666 1777; x_wconf 89' lang='grc' dir='ltr'>ὁ</span> <span class='ocrx_word' id='word_1_180' title='bbox 2696 1723 2825 1788; x_wconf 79' lang='grc' dir='ltr'>Θεὸς</span> <span class='ocrx_word' id='word_1_181' title='bbox 2855 1722 2924 1775; x_wconf 65' lang='grc' dir='ltr'><strong>τά</strong></span> <span class='ocrx_word' id='word_1_182' title='bbox 2962 1720 3183 1790; x_wconf 71' lang='grc' dir='ltr'>κρυπτὰ</span> <span class='ocrx_word' id='word_1_183' title='bbox 3230 1720 3343 1773; x_wconf 85' lang='grc' dir='ltr'><strong>τῶν</strong></span> <span class='ocrx_word' id='word_1_184' title='bbox 3387 1717 3686 1788; x_wconf 81' lang='grc' dir='ltr'>ἀνθρώπων.</span> <span class='ocrx_word' id='word_1_185' title='bbox 3714 1739 3730 1770; x_wconf 78' lang='grc' dir='ltr'><strong>ι</strong></span> 
     </span>
    </p>
   </div>
   <div class='ocr_carea' id='block_1_27' title="bbox 517 1803 2081 1913">
    <p class='ocr_par' dir='ltr' id='par_1_27' title="bbox 517 1814 2081 1882">
     <span class='ocr_line' id='line_1_27' title="bbox 517 1814 2081 1882; baseline 0.004 -14"><span class='ocrx_word' id='word_1_186' title='bbox 517 1815 741 1882; x_wconf 87' lang='lat' dir='ltr'><strong>quidem</strong></span> <span class='ocrx_word' id='word_1_187' title='bbox 776 1814 1032 1868; x_wconf 89' lang='lat' dir='ltr'><strong>homines</strong></span> <span class='ocrx_word' id='word_1_188' title='bbox 1066 1815 1354 1870; x_wconf 80' lang='lat' dir='ltr'><strong>manifesta</strong></span> <span class='ocrx_word' id='word_1_189' title='bbox 1384 1816 1593 1882; x_wconf 88' lang='lat' dir='ltr'><strong>vident,</strong></span> <span class='ocrx_word' id='word_1_190' title='bbox 1641 1818 1786 1872; x_wconf 87' lang='lat' dir='ltr'><strong>Deus</strong></span> <span class='ocrx_word' id='word_1_191' title='bbox 1826 1835 1960 1873; x_wconf 87' lang='lat' dir='ltr'><strong>vero</strong></span> <span class='ocrx_word' id='word_1_192' title='bbox 1997 1834 2081 1874; x_wconf 91' lang='lat' dir='ltr'><strong>oc-</strong></span> 
     </span>
    </p>
   </div>
   <div class='ocr_carea' id='block_1_28' title="bbox 2183 1803 3733 1913">
    <p class='ocr_par' dir='ltr' id='par_1_28' title="bbox 2192 1812 3733 1913">
     <span class='ocr_line' id='line_1_28' title="bbox 2192 1812 3733 1913; baseline -0.004 -44"><span class='ocrx_word' id='word_1_193' title='bbox 2192 1817 2255 1869; x_wconf 88' lang='lat' dir='ltr'><strong>Ol</strong></span> <span class='ocrx_word' id='word_1_194' title='bbox 2296 1816 2397 1886; x_wconf 82' lang='grc' dir='ltr'>μὲν</span> <span class='ocrx_word' id='word_1_195' title='bbox 2420 1816 2529 1885; x_wconf 78' lang='grc' dir='ltr'><strong>γάρ</strong></span> <span class='ocrx_word' id='word_1_196' title='bbox 2576 1814 2851 1886; x_wconf 76' lang='grc' dir='ltr'>ἄνθρωποι</span> <span class='ocrx_word' id='word_1_197' title='bbox 2892 1814 2960 1869; x_wconf 75' lang='grc' dir='ltr'><strong>τὰ</strong></span> <span class='ocrx_word' id='word_1_198' title='bbox 3019 1813 3271 1913; x_wconf 55' lang='grc' dir='ltr'>φανερὰ,.</span> <span class='ocrx_word' id='word_1_199' title='bbox 3307 1814 3337 1866; x_wconf 89' lang='grc' dir='ltr'>ὁ</span> <span class='ocrx_word' id='word_1_200' title='bbox 3383 1812 3609 1913; x_wconf 39' lang='grc' dir='ltr'>,δὲ-’Θεὸς</span> <span class='ocrx_word' id='word_1_201' title='bbox 3643 1813 3733 1911; x_wconf 67' lang='grc' dir='ltr'><strong>τῶν</strong></span> 
     </span>
    </p>
   </div>
   <div class='ocr_carea' id='block_1_29' title="bbox 517 1902 2081 2007">
    <p class='ocr_par' dir='ltr' id='par_1_29' title="bbox 517 1905 2081 1966">
     <span class='ocr_line' id='line_1_29' title="bbox 517 1905 2081 1966; baseline 0.005 -8"><span class='ocrx_word' id='word_1_202' title='bbox 517 1905 790 1958; x_wconf 86' lang='lat' dir='ltr'><strong>cultorum</strong></span> <span class='ocrx_word' id='word_1_203' title='bbox 836 1915 1113 1960; x_wconf 75' lang='lat' dir='ltr'><strong>scrutator</strong></span> <span class='ocrx_word' id='word_1_204' title='bbox 1149 1916 1253 1962; x_wconf 90' lang='lat' dir='ltr'><strong>est.</strong></span> <span class='ocrx_word' id='word_1_205' title='bbox 1299 1928 1316 1958; x_wconf 77' lang='grc' dir='ltr'><strong>ι</strong></span> <span class='ocrx_word' id='word_1_206' title='bbox 1353 1908 1458 1962; x_wconf 84' lang='lat' dir='ltr'><strong>Per</strong></span> <span class='ocrx_word' id='word_1_207' title='bbox 1501 1910 1685 1965; x_wconf 84' lang='lat' dir='ltr'><strong>Jesum</strong></span> <span class='ocrx_word' id='word_1_208' title='bbox 1725 1909 2025 1966; x_wconf 88' lang='lat' dir='ltr'><strong>Christum.</strong></span> <span class='ocrx_word' id='word_1_209' title='bbox 2063 1931 2081 1965; x_wconf 73' lang='grc' dir='ltr'><strong>ι</strong></span> 
     </span>
    </p>
   </div>
   <div class='ocr_carea' id='block_1_30' title="bbox 2183 1902 3728 2007">
    <p class='ocr_par' dir='ltr' id='par_1_30' title="bbox 2192 1902 3728 2007">
     <span class='ocr_line' id='line_1_30' title="bbox 2192 1902 3728 2007; baseline -0.004 -47"><span class='ocrx_word' id='word_1_210' title='bbox 2192 1907 2452 1980; x_wconf 78' lang='grc' dir='ltr'>κρυπτῶν</span> <span class='ocrx_word' id='word_1_211' title='bbox 2473 1908 2626 1960; x_wconf 81' lang='grc' dir='ltr'>ἐστιν</span> <span class='ocrx_word' id='word_1_212' title='bbox 2650 1907 2969 1976; x_wconf 74' lang='grc' dir='ltr'>ἐξεταστὴς.</span> <span class='ocrx_word' id='word_1_213' title='bbox 3031 1922 3048 1955; x_wconf 85' lang='grc' dir='ltr'><strong>ι</strong></span> <span class='ocrx_word' id='word_1_214' title='bbox 3087 1904 3188 1956; x_wconf 84' lang='grc' dir='ltr'><strong>Διὰ</strong></span> <span class='ocrx_word' id='word_1_215' title='bbox 3235 1902 3411 1972; x_wconf 82' lang='grc' dir='ltr'><strong>Ἰησοῦ</strong></span> <span class='ocrx_word' id='word_1_216' title='bbox 3448 1902 3728 2007; x_wconf 48' lang='grc' dir='ltr'>Χριστοῦ..)</span> 
     </span>
    </p>
   </div>
   <div class='ocr_carea' id='block_1_31' title="bbox 515 1994 2081 2076">
    <p class='ocr_par' dir='ltr' id='par_1_31' title="bbox 515 1995 2081 2073">
     <span class='ocr_line' id='line_1_31' title="bbox 515 1995 2081 2073; baseline 0.009 -28"><span class='ocrx_word' id='word_1_217' title='bbox 515 2026 589 2035; x_wconf 89' lang='grc'><strong>-</strong></span> <span class='ocrx_word' id='word_1_218' title='bbox 618 2014 637 2046; x_wconf 79' lang='grc' dir='ltr'><strong>ι</strong></span> <span class='ocrx_word' id='word_1_219' title='bbox 672 1995 803 2050; x_wconf 85' lang='lat' dir='ltr'><strong>Nam</strong></span> <span class='ocrx_word' id='word_1_220' title='bbox 847 1996 1027 2061; x_wconf 73' lang='lat' dir='ltr'><strong>Pater,</strong></span> <span class='ocrx_word' id='word_1_221' title='bbox 1064 1998 1164 2059; x_wconf 86' lang='lat' dir='ltr'><strong>ait,</strong></span> <span class='ocrx_word' id='word_1_222' title='bbox 1202 2015 1312 2052; x_wconf 89' lang='lat' dir='ltr'><strong>non</strong></span> <span class='ocrx_word' id='word_1_223' title='bbox 1345 2000 1554 2071; x_wconf 87' lang='lat' dir='ltr'><strong>judicat</strong></span> <span class='ocrx_word' id='word_1_224' title='bbox 1594 2017 1948 2073; x_wconf 87' lang='lat' dir='ltr'><strong>quemquam,</strong></span> <span class='ocrx_word' id='word_1_225' title='bbox 1993 2004 2081 2060; x_wconf 86' lang='lat' dir='ltr'><strong>sed</strong></span> 
     </span>
    </p>
   </div>
   <div class='ocr_carea' id='block_1_32' title="bbox 2183 1994 3734 2076">
    <p class='ocr_par' dir='ltr' id='par_1_32' title="bbox 2189 1994 3734 2076">
     <span class='ocr_line' id='line_1_32' title="bbox 2189 1994 3734 2076; baseline -0.005 -24"><span class='ocrx_word' id='word_1_226' title='bbox 2189 2020 2304 2076; x_wconf 76' lang='grc' dir='ltr'>-ι</span> <span class='ocrx_word' id='word_1_227' title='bbox 2333 2000 2391 2053; x_wconf 88' lang='lat'><strong>&#39;0</strong></span> <span class='ocrx_word' id='word_1_228' title='bbox 2418 1999 2527 2072; x_wconf 83' lang='grc' dir='ltr'><strong>γὰρ</strong></span> <span class='ocrx_word' id='word_1_229' title='bbox 2552 1999 2763 2070; x_wconf 75' lang='grc' dir='ltr'>Πατὴρ,</span> <span class='ocrx_word' id='word_1_230' title='bbox 2806 2000 2960 2069; x_wconf 68' lang='grc' dir='ltr'>φησι,</span> <span class='ocrx_word' id='word_1_231' title='bbox 3002 2001 3181 2071; x_wconf 84' lang='grc' dir='ltr'>κρινεῖ</span> <span class='ocrx_word' id='word_1_232' title='bbox 3212 1996 3422 2060; x_wconf 82' lang='grc' dir='ltr'>οὐδένα,</span> <span class='ocrx_word' id='word_1_233' title='bbox 3480 1995 3607 2049; x_wconf 74' lang='grc' dir='ltr'>ἀλλὰ</span> <span class='ocrx_word' id='word_1_234' title='bbox 3655 1994 3734 2067; x_wconf 71' lang='grc' dir='ltr'>τὴν</span> 
     </span>
    </p>
   </div>
   <div class='ocr_carea' id='block_1_33' title="bbox 515 2088 2081 2162">
    <p class='ocr_par' dir='ltr' id='par_1_33' title="bbox 515 2089 1481 2158">
     <span class='ocr_line' id='line_1_33' title="bbox 515 2089 1481 2158; baseline 0.005 -19"><span class='ocrx_word' id='word_1_235' title='bbox 515 2103 680 2141; x_wconf 89' lang='lat' dir='ltr'><strong>omne</strong></span> <span class='ocrx_word' id='word_1_236' title='bbox 709 2089 976 2158; x_wconf 84' lang='lat' dir='ltr'><strong>judicium</strong></span> <span class='ocrx_word' id='word_1_237' title='bbox 1012 2090 1161 2145; x_wconf 87' lang='lat' dir='ltr'><strong>dedit</strong></span> <span class='ocrx_word' id='word_1_238' title='bbox 1196 2091 1336 2146; x_wconf 83' lang='lat' dir='ltr'><strong>Filio</strong></span> <span class='ocrx_word' id='word_1_239' title='bbox 1358 2094 1424 2147; x_wconf 84' lang='lat'><strong>&quot;.</strong></span> <span class='ocrx_word' id='word_1_240' title='bbox 1462 2112 1481 2144; x_wconf 75' lang='grc' dir='ltr'><strong>ι</strong></span> 
     </span>
    </p>
   </div>
   <div class='ocr_carea' id='block_1_34' title="bbox 2183 2088 3162 2162">
    <p class='ocr_par' dir='ltr' id='par_1_34' title="bbox 2191 2088 3162 2162">
     <span class='ocr_line' id='line_1_34' title="bbox 2191 2088 3162 2162; baseline -0.003 -18"><span class='ocrx_word' id='word_1_241' title='bbox 2191 2090 2374 2162; x_wconf 75' lang='grc' dir='ltr'>κρίσιν</span> <span class='ocrx_word' id='word_1_242' title='bbox 2402 2092 2582 2144; x_wconf 80' lang='grc' dir='ltr'>πᾶσαν</span> <span class='ocrx_word' id='word_1_243' title='bbox 2614 2089 2813 2143; x_wconf 82' lang='grc' dir='ltr'>δέδωκε</span> <span class='ocrx_word' id='word_1_244' title='bbox 2850 2090 2926 2159; x_wconf 82' lang='grc' dir='ltr'><strong>τῷ</strong></span> <span class='ocrx_word' id='word_1_245' title='bbox 2965 2088 3102 2160; x_wconf 76' lang='grc' dir='ltr'><strong>Υιῷ.</strong></span> <span class='ocrx_word' id='word_1_246' title='bbox 3143 2108 3162 2141; x_wconf 76' lang='grc' dir='ltr'><strong>ι</strong></span> 
     </span>
    </p>
   </div>
   <div class='ocr_carea' id='block_1_35' title="bbox 517 1261 2095 1332">
    <p class='ocr_par' dir='ltr' id='par_1_35' title="bbox 517 1261 2095 1332">
     <span class='ocr_line' id='line_1_35' title="bbox 517 1261 2095 1332; baseline 0.006 -19"><span class='ocrx_word' id='word_1_247' title='bbox 517 1262 602 1314; x_wconf 92' lang='lat' dir='ltr'><strong>rio</strong></span> <span class='ocrx_word' id='word_1_248' title='bbox 638 1261 799 1314; x_wconf 79' lang='lat' dir='ltr'><strong>(idem</strong></span> <span class='ocrx_word' id='word_1_249' title='bbox 836 1261 989 1323; x_wconf 81' lang='lat' dir='ltr'><strong>facit,</strong></span> <span class='ocrx_word' id='word_1_250' title='bbox 1029 1277 1089 1316; x_wconf 41' lang='lat' dir='ltr'><strong>:lc</strong></span> <span class='ocrx_word' id='word_1_251' title='bbox 1121 1264 1163 1318; x_wconf 91' lang='lat' dir='ltr'><strong>si</strong></span> <span class='ocrx_word' id='word_1_252' title='bbox 1207 1264 1416 1319; x_wconf 84' lang='lat' dir='ltr'><strong>diceret</strong></span> <span class='ocrx_word' id='word_1_253' title='bbox 1452 1283 1464 1317; x_wconf 87' lang='lat'><strong>:</strong></span> <span class='ocrx_word' id='word_1_254' title='bbox 1496 1266 1969 1332; x_wconf 85' lang='lat' dir='ltr'><strong>Quemadmodum</strong></span> <span class='ocrx_word' id='word_1_255' title='bbox 1999 1285 2095 1323; x_wconf 83' lang='lat' dir='ltr'><strong>ex-</strong></span> 
     </span>
    </p>
   </div>
   <div class='ocr_carea' id='block_1_36' title="bbox 516 1354 2093 1431">
    <p class='ocr_par' dir='ltr' id='par_1_36' title="bbox 516 1354 2093 1431">
     <span class='ocr_line' id='line_1_36' title="bbox 516 1354 2093 1431; baseline 0.006 -25"><span class='ocrx_word' id='word_1_256' title='bbox 516 1354 839 1408; x_wconf 88' lang='lat' dir='ltr'><strong>cusantibus</strong></span> <span class='ocrx_word' id='word_1_257' title='bbox 871 1355 1299 1425; x_wconf 79' lang='lat' dir='ltr'><strong>cogitationibus</strong></span> <span class='ocrx_word' id='word_1_258' title='bbox 1328 1356 1535 1427; x_wconf 85' lang='lat' dir='ltr'><strong>absque</strong></span> <span class='ocrx_word' id='word_1_259' title='bbox 1578 1359 1697 1430; x_wconf 90' lang='lat' dir='ltr'><strong>lege</strong></span> <span class='ocrx_word' id='word_1_260' title='bbox 1735 1362 2093 1431; x_wconf 88' lang='lat' dir='ltr'><strong>consequitur</strong></span> 
     </span>
    </p>
   </div>
   <div class='ocr_carea' id='block_1_37' title="bbox 517 1446 2091 1516">
    <p class='ocr_par' dir='ltr' id='par_1_37' title="bbox 517 1446 2091 1516">
     <span class='ocr_line' id='line_1_37' title="bbox 517 1446 2091 1516; baseline 0.006 -17"><span class='ocrx_word' id='word_1_261' title='bbox 517 1446 814 1511; x_wconf 86' lang='lat' dir='ltr'><strong>absolutio,</strong></span> <span class='ocrx_word' id='word_1_262' title='bbox 859 1462 1142 1516; x_wconf 73' lang='lat' dir='ltr'><strong>pmnacque</strong></span> <span class='ocrx_word' id='word_1_263' title='bbox 1185 1447 1542 1514; x_wconf 86' lang='lat' dir='ltr'><strong>immunitas;</strong></span> <span class='ocrx_word' id='word_1_264' title='bbox 1591 1450 1667 1505; x_wconf 86' lang='lat' dir='ltr'><strong>ita</strong></span> <span class='ocrx_word' id='word_1_265' title='bbox 1713 1467 1930 1507; x_wconf 87' lang='lat' dir='ltr'><strong>rursum</strong></span> <span class='ocrx_word' id='word_1_266' title='bbox 1971 1453 2091 1509; x_wconf 88' lang='lat' dir='ltr'><strong>sine</strong></span> 
     </span>
    </p>
   </div>
   <div class='ocr_carea' id='block_1_38' title="bbox 517 1540 2089 1609">
    <p class='ocr_par' dir='ltr' id='par_1_38' title="bbox 517 1540 2089 1609">
     <span class='ocr_line' id='line_1_38' title="bbox 517 1540 2089 1609; baseline 0.004 -16"><span class='ocrx_word' id='word_1_267' title='bbox 517 1540 636 1607; x_wconf 79' lang='lat' dir='ltr'><strong>lege</strong></span> <span class='ocrx_word' id='word_1_268' title='bbox 686 1540 1096 1602; x_wconf 78' lang='lat' dir='ltr'><strong>accusantibus,</strong></span> <span class='ocrx_word' id='word_1_269' title='bbox 1148 1542 1398 1609; x_wconf 89' lang='lat' dir='ltr'><strong>sequitur</strong></span> <span class='ocrx_word' id='word_1_270' title='bbox 1443 1542 1847 1597; x_wconf 85' lang='lat' dir='ltr'><strong>condemnatio.</strong></span> <span class='ocrx_word' id='word_1_271' title='bbox 1889 1544 2089 1600; x_wconf 77' lang='lat' dir='ltr'><strong>Verum</strong></span> 
     </span>
    </p>
   </div>
   <div class='ocr_carea' id='block_1_39' title="bbox 517 1632 2085 1708">
    <p class='ocr_par' dir='ltr' id='par_1_39' title="bbox 517 1632 2085 1708">
     <span class='ocr_line' id='line_1_39' title="bbox 517 1632 2085 1708; baseline 0.004 -23"><span class='ocrx_word' id='word_1_272' title='bbox 517 1633 736 1701; x_wconf 88' lang='lat' dir='ltr'><strong>quando</strong></span> <span class='ocrx_word' id='word_1_273' title='bbox 778 1632 894 1687; x_wconf 73' lang='lat' dir='ltr'><strong>haec</strong></span> <span class='ocrx_word' id='word_1_274' title='bbox 937 1634 1140 1686; x_wconf 83' lang='lat' dir='ltr'><strong>erunt?</strong></span> <span class='ocrx_word' id='word_1_275' title='bbox 1190 1634 1245 1687; x_wconf 84' lang='lat' dir='ltr'><strong>lu</strong></span> <span class='ocrx_word' id='word_1_276' title='bbox 1288 1636 1533 1689; x_wconf 83' lang='lat' dir='ltr'><strong>secundo</strong></span> <span class='ocrx_word' id='word_1_277' title='bbox 1577 1636 1839 1702; x_wconf 86' lang='lat' dir='ltr'><strong>adventu,</strong></span> <span class='ocrx_word' id='word_1_278' title='bbox 1887 1637 2085 1708; x_wconf 90' lang='lat' dir='ltr'><strong>inquit.</strong></span> 
     </span>
    </p>
   </div>
   <div class='ocr_carea' id='block_1_40' title="bbox 585 2178 2090 2257">
    <p class='ocr_par' dir='ltr' id='par_1_40' title="bbox 585 2178 2090 2257">
     <span class='ocr_line' id='line_1_40' title="bbox 585 2178 2090 2257; baseline 0.009 -27"><span class='ocrx_word' id='word_1_279' title='bbox 585 2178 651 2243; x_wconf 90' lang='lat' dir='ltr'><strong>ll,</strong></span> <span class='ocrx_word' id='word_1_280' title='bbox 701 2179 882 2232; x_wconf 71' lang='lat'><strong>17-20.</strong></span> <span class='ocrx_word' id='word_1_281' title='bbox 942 2179 1074 2234; x_wconf 83' lang='lat' dir='ltr'><strong>Ecce</strong></span> <span class='ocrx_word' id='word_1_282' title='bbox 1109 2189 1164 2235; x_wconf 84' lang='lat' dir='ltr'><strong>tu</strong></span> <span class='ocrx_word' id='word_1_283' title='bbox 1206 2182 1422 2238; x_wconf 72' lang='lat' dir='ltr'><strong>Iudaeus</strong></span> <span class='ocrx_word' id='word_1_284' title='bbox 1474 2187 1861 2257; x_wconf 85' lang='lat' dir='ltr'><strong>cognominaris</strong></span> <span class='ocrx_word' id='word_1_285' title='bbox 1910 2196 1959 2241; x_wconf 82' lang='lat' dir='ltr'><strong>et</strong></span> <span class='ocrx_word' id='word_1_286' title='bbox 2005 2204 2090 2242; x_wconf 85' lang='lat' dir='ltr'><strong>re-</strong></span> 
     </span>
    </p>
   </div>
   <div class='ocr_carea' id='block_1_41' title="bbox 482 2272 2093 2351">
    <p class='ocr_par' dir='ltr' id='par_1_41' title="bbox 482 2272 2093 2351">
     <span class='ocr_line' id='line_1_41' title="bbox 482 2272 2093 2351; baseline 0.009 -28"><span class='ocrx_word' id='word_1_287' title='bbox 482 2296 487 2301; x_wconf 54' lang='grc' dir='ltr'><strong>λ</strong></span> <span class='ocrx_word' id='word_1_288' title='bbox 516 2272 736 2340; x_wconf 82' lang='lat' dir='ltr'><strong>quiescis</strong></span> <span class='ocrx_word' id='word_1_289' title='bbox 768 2272 824 2326; x_wconf 88' lang='lat' dir='ltr'><strong>in</strong></span> <span class='ocrx_word' id='word_1_290' title='bbox 859 2272 990 2344; x_wconf 83' lang='lat' dir='ltr'><strong>lege,</strong></span> <span class='ocrx_word' id='word_1_291' title='bbox 1021 2284 1070 2327; x_wconf 83' lang='lat' dir='ltr'><strong>et</strong></span> <span class='ocrx_word' id='word_1_292' title='bbox 1099 2273 1349 2344; x_wconf 85' lang='lat' dir='ltr'><strong>gloriaris</strong></span> <span class='ocrx_word' id='word_1_293' title='bbox 1378 2278 1434 2331; x_wconf 85' lang='lat' dir='ltr'><strong>in</strong></span> <span class='ocrx_word' id='word_1_294' title='bbox 1460 2277 1589 2343; x_wconf 87' lang='lat' dir='ltr'><strong>Deo,</strong></span> <span class='ocrx_word' id='word_1_295' title='bbox 1624 2285 1672 2332; x_wconf 88' lang='lat' dir='ltr'><strong>et</strong></span> <span class='ocrx_word' id='word_1_296' title='bbox 1707 2282 1968 2351; x_wconf 74' lang='lat' dir='ltr'><strong>cognoscis</strong></span> <span class='ocrx_word' id='word_1_297' title='bbox 2001 2298 2093 2336; x_wconf 78' lang='lat' dir='ltr'><strong>vo-</strong></span> 
     </span>
    </p>
   </div>
   <div class='ocr_carea' id='block_1_42' title="bbox 517 2363 2088 2445">
    <p class='ocr_par' dir='ltr' id='par_1_42' title="bbox 517 2363 2088 2445">
     <span class='ocr_line' id='line_1_42' title="bbox 517 2363 2088 2445; baseline 0.009 -30"><span class='ocrx_word' id='word_1_298' title='bbox 517 2363 799 2430; x_wconf 84' lang='lat' dir='ltr'><strong>luntatem,</strong></span> <span class='ocrx_word' id='word_1_299' title='bbox 851 2381 913 2419; x_wconf 87' lang='lat' dir='ltr'><strong>ac</strong></span> <span class='ocrx_word' id='word_1_300' title='bbox 962 2366 1152 2437; x_wconf 84' lang='lat' dir='ltr'><strong>probas</strong></span> <span class='ocrx_word' id='word_1_301' title='bbox 1201 2369 1393 2424; x_wconf 75' lang='lat' dir='ltr'><strong>eximia</strong></span> <span class='ocrx_word' id='word_1_302' title='bbox 1445 2372 1713 2426; x_wconf 84' lang='lat' dir='ltr'><strong>institutus</strong></span> <span class='ocrx_word' id='word_1_303' title='bbox 1760 2389 1853 2444; x_wconf 82' lang='lat' dir='ltr'><strong>per</strong></span> <span class='ocrx_word' id='word_1_304' title='bbox 1901 2373 2088 2445; x_wconf 80' lang='lat' dir='ltr'><strong>legem,</strong></span> 
     </span>
    </p>
   </div>
   <div class='ocr_carea' id='block_1_43' title="bbox 516 2452 2089 2527">
    <p class='ocr_par' dir='ltr' id='par_1_43' title="bbox 516 2452 2089 2527">
     <span class='ocr_line' id='line_1_43' title="bbox 516 2452 2089 2527; baseline 0.009 -23"><span class='ocrx_word' id='word_1_305' title='bbox 516 2452 840 2523; x_wconf 78' lang='lat' dir='ltr'><strong>conﬁdisque</strong></span> <span class='ocrx_word' id='word_1_306' title='bbox 875 2457 1098 2525; x_wconf 80' lang='lat' dir='ltr'><strong>teipsum</strong></span> <span class='ocrx_word' id='word_1_307' title='bbox 1137 2457 1321 2512; x_wconf 86' lang='lat' dir='ltr'><strong>ducem</strong></span> <span class='ocrx_word' id='word_1_308' title='bbox 1364 2475 1473 2513; x_wconf 82' lang='lat' dir='ltr'><strong>esse</strong></span> <span class='ocrx_word' id='word_1_309' title='bbox 1507 2476 1781 2527; x_wconf 72' lang='lat' dir='ltr'><strong>meorum,</strong></span> <span class='ocrx_word' id='word_1_310' title='bbox 1824 2462 2000 2517; x_wconf 85' lang='lat' dir='ltr'><strong>lumen</strong></span> <span class='ocrx_word' id='word_1_311' title='bbox 2033 2466 2089 2519; x_wconf 82' lang='lat' dir='ltr'><strong>in</strong></span> 
     </span>
    </p>
   </div>
   <div class='ocr_carea' id='block_1_44' title="bbox 519 2544 2091 2623">
    <p class='ocr_par' dir='ltr' id='par_1_44' title="bbox 519 2544 2091 2623">
     <span class='ocr_line' id='line_1_44' title="bbox 519 2544 2091 2623; baseline 0.011 -30"><span class='ocrx_word' id='word_1_312' title='bbox 519 2544 743 2597; x_wconf 74' lang='lat' dir='ltr'><strong>tenebris</strong></span> <span class='ocrx_word' id='word_1_313' title='bbox 780 2547 1127 2611; x_wconf 68' lang='lat' dir='ltr'><strong>venantium,</strong></span> <span class='ocrx_word' id='word_1_314' title='bbox 1155 2550 1471 2604; x_wconf 80' lang='lat' dir='ltr'><strong>erndilorem</strong></span> <span class='ocrx_word' id='word_1_315' title='bbox 1503 2552 1881 2623; x_wconf 84' lang='lat' dir='ltr'><strong>insipientium,</strong></span> <span class='ocrx_word' id='word_1_316' title='bbox 1913 2556 2091 2609; x_wconf 78' lang='lat' dir='ltr'><strong>docto-</strong></span> 
     </span>
    </p>
   </div>
   <div class='ocr_carea' id='block_1_45' title="bbox 2274 2199 3730 2273">
    <p class='ocr_par' dir='ltr' id='par_1_45' title="bbox 2274 2199 3730 2273">
     <span class='ocr_line' id='line_1_45' title="bbox 2274 2199 3730 2273; baseline -0.006 -13"><span class='ocrx_word' id='word_1_317' title='bbox 2274 2205 2388 2260; x_wconf 83' lang='grc' dir='ltr'><strong>’1δέ</strong></span> <span class='ocrx_word' id='word_1_318' title='bbox 2419 2203 2502 2258; x_wconf 84' lang='grc' dir='ltr'>σὺ</span> <span class='ocrx_word' id='word_1_319' title='bbox 2548 2204 2839 2270; x_wconf 81' lang='grc' dir='ltr'>Ἰουδαῖος</span> <span class='ocrx_word' id='word_1_320' title='bbox 2878 2200 3235 2273; x_wconf 77' lang='grc' dir='ltr'><strong>ἐπονομάζῃ,</strong></span> <span class='ocrx_word' id='word_1_321' title='bbox 3282 2199 3385 2257; x_wconf 74' lang='grc' dir='ltr'>καὶ</span> <span class='ocrx_word' id='word_1_322' title='bbox 3412 2199 3730 2267; x_wconf 77' lang='grc' dir='ltr'><strong>ἐπαναπαύῃ</strong></span> 
     </span>
    </p>
   </div>
   <div class='ocr_carea' id='block_1_46' title="bbox 2190 2293 3730 2366">
    <p class='ocr_par' dir='ltr' id='par_1_46' title="bbox 2190 2293 3730 2366">
     <span class='ocr_line' id='line_1_46' title="bbox 2190 2293 3730 2366; baseline -0.005 -15"><span class='ocrx_word' id='word_1_323' title='bbox 2190 2296 2271 2363; x_wconf 83' lang='grc' dir='ltr'>τῷ</span> <span class='ocrx_word' id='word_1_324' title='bbox 2304 2300 2491 2366; x_wconf 80' lang='grc' dir='ltr'>νόμῳ,</span> <span class='ocrx_word' id='word_1_325' title='bbox 2523 2298 2621 2351; x_wconf 83' lang='grc' dir='ltr'>καὶ</span> <span class='ocrx_word' id='word_1_326' title='bbox 2657 2295 2966 2365; x_wconf 80' lang='grc' dir='ltr'><strong>καυχᾶσαι</strong></span> <span class='ocrx_word' id='word_1_327' title='bbox 3000 2296 3069 2349; x_wconf 82' lang='grc' dir='ltr'>ἐν</span> <span class='ocrx_word' id='word_1_328' title='bbox 3117 2293 3256 2360; x_wconf 83' lang='grc' dir='ltr'>Θεῷ,</span> <span class='ocrx_word' id='word_1_329' title='bbox 3298 2293 3400 2347; x_wconf 75' lang='grc' dir='ltr'>καὶ</span> <span class='ocrx_word' id='word_1_330' title='bbox 3458 2293 3730 2363; x_wconf 79' lang='grc' dir='ltr'>γινώσκεις</span> 
     </span>
    </p>
   </div>
   <div class='ocr_carea' id='block_1_47' title="bbox 2189 2383 3729 2459">
    <p class='ocr_par' dir='ltr' id='par_1_47' title="bbox 2189 2383 3729 2459">
     <span class='ocr_line' id='line_1_47' title="bbox 2189 2383 3729 2459; baseline -0.007 -13"><span class='ocrx_word' id='word_1_331' title='bbox 2189 2391 2256 2446; x_wconf 83' lang='grc' dir='ltr'>τὸ</span> <span class='ocrx_word' id='word_1_332' title='bbox 2283 2390 2534 2459; x_wconf 74' lang='grc' dir='ltr'>θέλημα,</span> <span class='ocrx_word' id='word_1_333' title='bbox 2584 2388 2685 2442; x_wconf 81' lang='grc' dir='ltr'><strong>και</strong></span> <span class='ocrx_word' id='word_1_334' title='bbox 2731 2386 3061 2457; x_wconf 77' lang='grc' dir='ltr'><strong>δοκιμάζεις</strong></span> <span class='ocrx_word' id='word_1_335' title='bbox 3102 2386 3175 2440; x_wconf 80' lang='grc' dir='ltr'>τὰ</span> <span class='ocrx_word' id='word_1_336' title='bbox 3220 2383 3592 2455; x_wconf 73' lang='grc' dir='ltr'>διαφέροντα,</span> <span class='ocrx_word' id='word_1_337' title='bbox 3615 2399 3729 2436; x_wconf 80' lang='grc' dir='ltr'>κοτ-</span> 
     </span>
    </p>
   </div>
   <div class='ocr_carea' id='block_1_48' title="bbox 2190 2475 3729 2549">
    <p class='ocr_par' dir='ltr' id='par_1_48' title="bbox 2190 2475 3729 2549">
     <span class='ocr_line' id='line_1_48' title="bbox 2190 2475 3729 2549; baseline -0.006 -14"><span class='ocrx_word' id='word_1_338' title='bbox 2190 2482 2523 2549; x_wconf 74' lang='grc' dir='ltr'>ηχούμενος</span> <span class='ocrx_word' id='word_1_339' title='bbox 2573 2480 2641 2534; x_wconf 77' lang='grc' dir='ltr'>ἐκ</span> <span class='ocrx_word' id='word_1_340' title='bbox 2675 2478 2780 2533; x_wconf 86' lang='grc' dir='ltr'>τοῦ</span> <span class='ocrx_word' id='word_1_341' title='bbox 2806 2480 2997 2548; x_wconf 83' lang='grc' dir='ltr'>νόμου</span> <span class='ocrx_word' id='word_1_342' title='bbox 3026 2494 3043 2511; x_wconf 78' lang='grc' dir='ltr'><strong><em>ο</em></strong></span> <span class='ocrx_word' id='word_1_343' title='bbox 3074 2475 3370 2542; x_wconf 74' lang='grc' dir='ltr'>πέποιθάς</span> <span class='ocrx_word' id='word_1_344' title='bbox 3398 2492 3461 2530; x_wconf 79' lang='grc' dir='ltr'><strong>τε</strong></span> <span class='ocrx_word' id='word_1_345' title='bbox 3503 2476 3729 2531; x_wconf 72' lang='grc' dir='ltr'>σεαυτὸν</span> 
     </span>
    </p>
   </div>
   <div class='ocr_carea' id='block_1_49' title="bbox 2191 2566 3728 2639">
    <p class='ocr_par' dir='ltr' id='par_1_49' title="bbox 2191 2566 3728 2639">
     <span class='ocr_line' id='line_1_49' title="bbox 2191 2566 3728 2639; baseline -0.006 -13"><span class='ocrx_word' id='word_1_346' title='bbox 2191 2570 2414 2639; x_wconf 78' lang='grc' dir='ltr'>ὁδηγὸν</span> <span class='ocrx_word' id='word_1_347' title='bbox 2450 2566 2602 2625; x_wconf 76' lang='grc' dir='ltr'>εἶναι</span> <span class='ocrx_word' id='word_1_348' title='bbox 2652 2569 2918 2639; x_wconf 74' lang='grc' dir='ltr'>τυφλῶν,</span> <span class='ocrx_word' id='word_1_349' title='bbox 2951 2566 3078 2638; x_wconf 71' lang='grc' dir='ltr'>φῶς</span> <span class='ocrx_word' id='word_1_350' title='bbox 3104 2566 3222 2621; x_wconf 87' lang='grc' dir='ltr'><strong>τῶν</strong></span> <span class='ocrx_word' id='word_1_351' title='bbox 3248 2568 3322 2621; x_wconf 80' lang='grc' dir='ltr'>ἐν</span> <span class='ocrx_word' id='word_1_352' title='bbox 3357 2567 3573 2631; x_wconf 78' lang='grc' dir='ltr'><strong>σκότει,</strong></span> <span class='ocrx_word' id='word_1_353' title='bbox 3615 2581 3728 2619; x_wconf 72' lang='grc' dir='ltr'>παι-</span> 
     </span>
    </p>
   </div>
   <div class='ocr_carea' id='block_1_50' title="bbox 2191 2658 3727 2732">
    <p class='ocr_par' dir='ltr' id='par_1_50' title="bbox 2191 2658 3727 2732">
     <span class='ocr_line' id='line_1_50' title="bbox 2191 2658 3727 2732; baseline -0.005 -15"><span class='ocrx_word' id='word_1_354' title='bbox 2191 2662 2416 2731; x_wconf 77' lang='grc' dir='ltr'>δευτὴν</span> <span class='ocrx_word' id='word_1_355' title='bbox 2461 2663 2760 2732; x_wconf 73' lang='grc' dir='ltr'>ἀφρόνων,</span> <span class='ocrx_word' id='word_1_356' title='bbox 2815 2660 3194 2716; x_wconf 75' lang='grc' dir='ltr'>διδάσκαλον</span> <span class='ocrx_word' id='word_1_357' title='bbox 3243 2660 3499 2728; x_wconf 78' lang='grc' dir='ltr'>νηπίων,</span> <span class='ocrx_word' id='word_1_358' title='bbox 3540 2658 3727 2727; x_wconf 76' lang='grc' dir='ltr'>ἔχοντα</span> 
     </span>
    </p>
   </div>
   <div class='ocr_carea' id='block_1_51' title="bbox 2191 2750 3727 2823">
    <p class='ocr_par' dir='ltr' id='par_1_51' title="bbox 2191 2750 3727 2823">
     <span class='ocr_line' id='line_1_51' title="bbox 2191 2750 3727 2823; baseline -0.005 -16"><span class='ocrx_word' id='word_1_359' title='bbox 2191 2753 2307 2821; x_wconf 82' lang='grc' dir='ltr'>τὴν</span> <span class='ocrx_word' id='word_1_360' title='bbox 2360 2755 2676 2823; x_wconf 69' lang='grc' dir='ltr'>μόρφωσιν</span> <span class='ocrx_word' id='word_1_361' title='bbox 2699 2750 2809 2821; x_wconf 82' lang='grc' dir='ltr'>τῆς</span> <span class='ocrx_word' id='word_1_362' title='bbox 2857 2752 3131 2821; x_wconf 77' lang='grc' dir='ltr'>γνώσεως</span> <span class='ocrx_word' id='word_1_363' title='bbox 3179 2750 3278 2805; x_wconf 79' lang='grc' dir='ltr'>καὶ</span> <span class='ocrx_word' id='word_1_364' title='bbox 3331 2750 3441 2819; x_wconf 82' lang='grc' dir='ltr'>τῆς</span> <span class='ocrx_word' id='word_1_365' title='bbox 3479 2750 3727 2816; x_wconf 72' lang='grc' dir='ltr'>ἀληθείας</span> 
     </span>
    </p>
   </div>
   <div class='ocr_carea' id='block_1_52' title="bbox 2188 2842 2566 2912">
    <p class='ocr_par' dir='ltr' id='par_1_52' title="bbox 2188 2842 2566 2912">
     <span class='ocr_line' id='line_1_52' title="bbox 2188 2842 2566 2912; baseline 0.003 -14"><span class='ocrx_word' id='word_1_366' title='bbox 2188 2843 2259 2898; x_wconf 78' lang='grc' dir='ltr'>ἐν</span> <span class='ocrx_word' id='word_1_367' title='bbox 2283 2842 2362 2908; x_wconf 84' lang='grc' dir='ltr'>τῷ</span> <span class='ocrx_word' id='word_1_368' title='bbox 2385 2845 2566 2912; x_wconf 81' lang='grc' dir='ltr'>νόμῳ.</span> 
     </span>
    </p>
   </div>
   <div class='ocr_carea' id='block_1_53' title="bbox 2260 2929 3723 3006">
    <p class='ocr_par' dir='ltr' id='par_1_53' title="bbox 2260 2929 3723 3006">
     <span class='ocr_line' id='line_1_53' title="bbox 2260 2929 3723 3006; baseline -0.004 -16"><span class='ocrx_word' id='word_1_369' title='bbox 2260 2934 2444 2990; x_wconf 75' lang='grc' dir='ltr'>Εἰπὼν</span> <span class='ocrx_word' id='word_1_370' title='bbox 2475 2937 2556 2989; x_wconf 82' lang='grc' dir='ltr'>ὅτι</span> <span class='ocrx_word' id='word_1_371' title='bbox 2600 2935 2751 2989; x_wconf 75' lang='grc' dir='ltr'>οὐδὲν</span> <span class='ocrx_word' id='word_1_372' title='bbox 2785 2933 2863 3006; x_wconf 83' lang='grc' dir='ltr'><strong>τῷ</strong></span> <span class='ocrx_word' id='word_1_373' title='bbox 2894 2934 3138 2988; x_wconf 77' lang='grc' dir='ltr'>θεοσεϐεῖ</span> <span class='ocrx_word' id='word_1_374' title='bbox 3178 2934 3299 3004; x_wconf 75' lang='grc' dir='ltr'>μὲν,</span> <span class='ocrx_word' id='word_1_375' title='bbox 3335 2932 3639 3005; x_wconf 77' lang='grc' dir='ltr'>ἀκροϐύστῳ</span> <span class='ocrx_word' id='word_1_376' title='bbox 3659 2929 3723 2996; x_wconf 71' lang='grc' dir='ltr'><strong>δέ,</strong></span> 
     </span>
    </p>
   </div>
   <div class='ocr_carea' id='block_1_54' title="bbox 519 2636 2091 2716">
    <p class='ocr_par' dir='ltr' id='par_1_54' title="bbox 519 2636 2091 2716">
     <span class='ocr_line' id='line_1_54' title="bbox 519 2636 2091 2716; baseline 0.011 -31"><span class='ocrx_word' id='word_1_377' title='bbox 519 2649 630 2686; x_wconf 89' lang='lat' dir='ltr'><strong>rem</strong></span> <span class='ocrx_word' id='word_1_378' title='bbox 669 2636 1054 2706; x_wconf 84' lang='lat' dir='ltr'><strong>imperitorum,</strong></span> <span class='ocrx_word' id='word_1_379' title='bbox 1093 2640 1364 2694; x_wconf 75' lang='lat' dir='ltr'><strong>habentem</strong></span> <span class='ocrx_word' id='word_1_380' title='bbox 1404 2642 1632 2712; x_wconf 79' lang='lat' dir='ltr'><strong>formam</strong></span> <span class='ocrx_word' id='word_1_381' title='bbox 1673 2647 1980 2716; x_wconf 77' lang='lat' dir='ltr'><strong>cognitionis</strong></span> <span class='ocrx_word' id='word_1_382' title='bbox 2027 2665 2091 2703; x_wconf 86' lang='lat' dir='ltr'><strong>ac</strong></span> 
     </span>
    </p>
   </div>
   <div class='ocr_carea' id='block_1_55' title="bbox 518 2726 1259 2800">
    <p class='ocr_par' dir='ltr' id='par_1_55' title="bbox 518 2726 1259 2800">
     <span class='ocr_line' id='line_1_55' title="bbox 518 2726 1259 2800; baseline 0.009 -22"><span class='ocrx_word' id='word_1_383' title='bbox 518 2726 754 2779; x_wconf 79' lang='lat' dir='ltr'><strong>veritatis</strong></span> <span class='ocrx_word' id='word_1_384' title='bbox 785 2744 902 2796; x_wconf 74' lang='lat' dir='ltr'><strong>qua:</strong></span> <span class='ocrx_word' id='word_1_385' title='bbox 936 2730 989 2782; x_wconf 88' lang='lat' dir='ltr'><strong>in</strong></span> <span class='ocrx_word' id='word_1_386' title='bbox 1025 2729 1134 2800; x_wconf 87' lang='lat' dir='ltr'><strong>lege</strong></span> <span class='ocrx_word' id='word_1_387' title='bbox 1164 2740 1259 2785; x_wconf 86' lang='lat' dir='ltr'><strong>est.</strong></span> 
     </span>
    </p>
   </div>
   <div class='ocr_carea' id='block_1_56' title="bbox 586 2908 2089 2994">
    <p class='ocr_par' dir='ltr' id='par_1_56' title="bbox 586 2908 2089 2994">
     <span class='ocr_line' id='line_1_56' title="bbox 586 2908 2089 2994; baseline 0.013 -32"><span class='ocrx_word' id='word_1_388' title='bbox 586 2908 724 2964; x_wconf 83' lang='lat' dir='ltr'><strong>Cum</strong></span> <span class='ocrx_word' id='word_1_389' title='bbox 766 2911 993 2967; x_wconf 79' lang='lat' dir='ltr'><strong>dixisset</strong></span> <span class='ocrx_word' id='word_1_390' title='bbox 1023 2915 1163 2970; x_wconf 90' lang='lat' dir='ltr'><strong>nihil</strong></span> <span class='ocrx_word' id='word_1_391' title='bbox 1197 2916 1292 2971; x_wconf 90' lang='lat' dir='ltr'><strong>Dei</strong></span> <span class='ocrx_word' id='word_1_392' title='bbox 1325 2918 1541 2982; x_wconf 83' lang='lat' dir='ltr'><strong>cultori,</strong></span> <span class='ocrx_word' id='word_1_393' title='bbox 1577 2921 1703 2977; x_wconf 88' lang='lat' dir='ltr'><strong>licet</strong></span> <span class='ocrx_word' id='word_1_394' title='bbox 1736 2924 2089 2994; x_wconf 73' lang='lat' dir='ltr'><strong>prmputiatus</strong></span> 
     </span>
    </p>
   </div>
   <div class='ocr_carea' id='block_1_57' title="bbox 517 2998 2090 3085">
    <p class='ocr_par' dir='ltr' id='par_1_57' title="bbox 517 2998 2090 3085">
     <span class='ocr_line' id='line_1_57' title="bbox 517 2998 2090 3085; baseline 0.015 -33"><span class='ocrx_word' id='word_1_395' title='bbox 517 2998 610 3064; x_wconf 92' lang='lat' dir='ltr'><strong>sit,</strong></span> <span class='ocrx_word' id='word_1_396' title='bbox 640 3000 853 3083; x_wconf 83' lang='lat' dir='ltr'><strong>deesse,</strong></span> <span class='ocrx_word' id='word_1_397' title='bbox 885 3018 994 3072; x_wconf 90' lang='lat' dir='ltr'><strong>quo</strong></span> <span class='ocrx_word' id='word_1_398' title='bbox 1025 3005 1207 3062; x_wconf 88' lang='lat' dir='ltr'><strong>minus</strong></span> <span class='ocrx_word' id='word_1_399' title='bbox 1239 3010 1422 3066; x_wconf 84' lang='lat' dir='ltr'><strong>salvus</strong></span> <span class='ocrx_word' id='word_1_400' title='bbox 1454 3012 1568 3066; x_wconf 87' lang='lat' dir='ltr'><strong>lleri</strong></span> <span class='ocrx_word' id='word_1_401' title='bbox 1604 3016 1793 3085; x_wconf 87' lang='lat' dir='ltr'><strong>possit,</strong></span> <span class='ocrx_word' id='word_1_402' title='bbox 1821 3018 1984 3072; x_wconf 91' lang='lat' dir='ltr'><strong>modo</strong></span> <span class='ocrx_word' id='word_1_403' title='bbox 2012 3019 2090 3074; x_wconf 85' lang='lat' dir='ltr'><strong>le-</strong></span> 
     </span>
    </p>
   </div>
   <div class='ocr_carea' id='block_1_58' title="bbox 2190 3022 3723 3101">
    <p class='ocr_par' dir='ltr' id='par_1_58' title="bbox 2190 3022 3723 3101">
     <span class='ocr_line' id='line_1_58' title="bbox 2190 3022 3723 3101; baseline -0.003 -21"><span class='ocrx_word' id='word_1_404' title='bbox 2190 3027 2365 3081; x_wconf 80' lang='grc' dir='ltr'>λείπει</span> <span class='ocrx_word' id='word_1_405' title='bbox 2416 3027 2553 3100; x_wconf 80' lang='grc' dir='ltr'>πρὸς</span> <span class='ocrx_word' id='word_1_406' title='bbox 2596 3027 2658 3082; x_wconf 85' lang='grc' dir='ltr'><strong>τδ</strong></span> <span class='ocrx_word' id='word_1_407' title='bbox 2694 3026 2955 3094; x_wconf 80' lang='grc' dir='ltr'>σωθῆναι,</span> <span class='ocrx_word' id='word_1_408' title='bbox 3006 3022 3175 3101; x_wconf 80' lang='grc' dir='ltr'><strong>ὲάνῇ</strong></span> <span class='ocrx_word' id='word_1_409' title='bbox 3231 3026 3393 3097; x_wconf 86' lang='grc' dir='ltr'>μόνον</span> <span class='ocrx_word' id='word_1_410' title='bbox 3449 3026 3537 3080; x_wconf 78' lang='grc' dir='ltr'>τοῦ</span> <span class='ocrx_word' id='word_1_411' title='bbox 3587 3025 3723 3094; x_wconf 77' lang='grc' dir='ltr'>νόμου</span> 
     </span>
    </p>
   </div>
   <div class='ocr_carea' id='block_1_59' title="bbox 490 3082 2081 3191">
    <p class='ocr_par' dir='ltr' id='par_1_59' title="bbox 490 3082 2081 3180">
     <span class='ocr_line' id='line_1_59' title="bbox 490 3082 2081 3180; baseline 0.013 -36"><span class='ocrx_word' id='word_1_412' title='bbox 490 3106 635 3161; x_wconf 81' lang='lat' dir='ltr'><strong>gem</strong></span> <span class='ocrx_word' id='word_1_413' title='bbox 668 3082 827 3148; x_wconf 83' lang='lat' dir='ltr'><strong>lactis</strong></span> <span class='ocrx_word' id='word_1_414' title='bbox 858 3099 1127 3165; x_wconf 85' lang='lat' dir='ltr'><strong>exprimat</strong></span> <span class='ocrx_word' id='word_1_415' title='bbox 1163 3116 1176 3152; x_wconf 91' lang='lat'>:</span> <span class='ocrx_word' id='word_1_416' title='bbox 1210 3102 1367 3169; x_wconf 89' lang='lat' dir='ltr'><strong>ponit</strong></span> <span class='ocrx_word' id='word_1_417' title='bbox 1400 3082 1661 3176; x_wconf 83' lang='lat' dir='ltr'><strong>deinceps</strong></span> <span class='ocrx_word' id='word_1_418' title='bbox 1697 3122 1759 3162; x_wconf 90' lang='lat' dir='ltr'><strong>ea</strong></span> <span class='ocrx_word' id='word_1_419' title='bbox 1798 3107 1850 3162; x_wconf 90' lang='lat' dir='ltr'><strong>in</strong></span> <span class='ocrx_word' id='word_1_420' title='bbox 1886 3110 2081 3180; x_wconf 77' lang='lat' dir='ltr'><strong>quibus</strong></span> 
     </span>
    </p>
   </div>
   <div class='ocr_carea' id='block_1_60' title="bbox 2183 3082 3719 3191">
    <p class='ocr_par' dir='ltr' id='par_1_60' title="bbox 2203 3082 3719 3191">
     <span class='ocr_line' id='line_1_60' title="bbox 2203 3082 3719 3191; baseline -0.003 -18"><span class='ocrx_word' id='word_1_421' title='bbox 2203 3082 2666 3191; x_wconf 45' lang='lat' dir='ltr'><strong>natqrh;,.&#39;rl&#39;0&#39;qct</strong></span> <span class='ocrx_word' id='word_1_422' title='bbox 2704 3082 2892 3172; x_wconf 65' lang='grc' dir='ltr'>λοιπδν</span> <span class='ocrx_word' id='word_1_423' title='bbox 2937 3082 3032 3172; x_wconf 77' lang='grc' dir='ltr'>καὶ</span> <span class='ocrx_word' id='word_1_424' title='bbox 3061 3082 3275 3188; x_wconf 45' lang='grc' dir='ltr'><strong>ὲφίιοξς</strong></span> <span class='ocrx_word' id='word_1_425' title='bbox 3309 3118 3451 3188; x_wconf 91' lang='grc' dir='ltr'>μέγα</span> <span class='ocrx_word' id='word_1_426' title='bbox 3497 3082 3719 3187; x_wconf 68' lang='grc' dir='ltr'>ἐφρόνουν</span> 
     </span>
    </p>
   </div>
   <div class='ocr_carea' id='block_1_61' title="bbox 514 3185 2081 3265">
    <p class='ocr_par' dir='ltr' id='par_1_61' title="bbox 514 3185 2081 3265">
     <span class='ocr_line' id='line_1_61' title="bbox 514 3185 2081 3265; baseline 0.013 -29"><span class='ocrx_word' id='word_1_427' title='bbox 514 3185 922 3241; x_wconf 77' lang='lat' dir='ltr'><strong>extollebantur</strong></span> <span class='ocrx_word' id='word_1_428' title='bbox 950 3188 1143 3256; x_wconf 79' lang='lat' dir='ltr'><strong>Judaei,</strong></span> <span class='ocrx_word' id='word_1_429' title='bbox 1178 3194 1474 3250; x_wconf 89' lang='lat' dir='ltr'><strong>ostendens</strong></span> <span class='ocrx_word' id='word_1_430' title='bbox 1505 3197 1649 3265; x_wconf 86' lang='lat' dir='ltr'><strong>quod</strong></span> <span class='ocrx_word' id='word_1_431' title='bbox 1684 3200 1830 3253; x_wconf 86' lang='lat' dir='ltr'><strong>nulla</strong></span> <span class='ocrx_word' id='word_1_432' title='bbox 1869 3201 1941 3255; x_wconf 90' lang='lat' dir='ltr'><strong>sit</strong></span> <span class='ocrx_word' id='word_1_433' title='bbox 1982 3202 2081 3255; x_wconf 85' lang='lat' dir='ltr'><strong>ho-</strong></span> 
     </span>
    </p>
   </div>
   <div class='ocr_carea' id='block_1_62' title="bbox 516 3279 2080 3363">
    <p class='ocr_par' dir='ltr' id='par_1_62' title="bbox 516 3279 2080 3363">
     <span class='ocr_line' id='line_1_62' title="bbox 516 3279 2080 3363; baseline 0.014 -35"><span class='ocrx_word' id='word_1_434' title='bbox 516 3292 635 3329; x_wconf 87' lang='lat' dir='ltr'><strong>rum</strong></span> <span class='ocrx_word' id='word_1_435' title='bbox 667 3279 875 3334; x_wconf 88' lang='lat' dir='ltr'><strong>utilitas</strong></span> <span class='ocrx_word' id='word_1_436' title='bbox 918 3296 1026 3337; x_wconf 90' lang='lat' dir='ltr'><strong>non</strong></span> <span class='ocrx_word' id='word_1_437' title='bbox 1066 3294 1213 3339; x_wconf 89' lang='lat' dir='ltr'><strong>recte</strong></span> <span class='ocrx_word' id='word_1_438' title='bbox 1254 3285 1481 3351; x_wconf 89' lang='lat' dir='ltr'><strong>viventi,</strong></span> <span class='ocrx_word' id='word_1_439' title='bbox 1518 3289 1866 3361; x_wconf 86' lang='lat' dir='ltr'><strong>primumque</strong></span> <span class='ocrx_word' id='word_1_440' title='bbox 1903 3293 2080 3363; x_wconf 85' lang='lat' dir='ltr'><strong>ipsum</strong></span> 
     </span>
    </p>
   </div>
   <div class='ocr_carea' id='block_1_63' title="bbox 512 3370 2077 3453">
    <p class='ocr_par' dir='ltr' id='par_1_63' title="bbox 512 3370 2077 3453">
     <span class='ocr_line' id='line_1_63' title="bbox 512 3370 2077 3453; baseline 0.015 -35"><span class='ocrx_word' id='word_1_441' title='bbox 512 3370 669 3438; x_wconf 84' lang='lat' dir='ltr'><strong>ponit</strong></span> <span class='ocrx_word' id='word_1_442' title='bbox 701 3386 918 3427; x_wconf 91' lang='lat' dir='ltr'><strong>nomen.</strong></span> <span class='ocrx_word' id='word_1_443' title='bbox 936 3373 1095 3437; x_wconf 85' lang='lat' dir='ltr'><strong>Ecce,</strong></span> <span class='ocrx_word' id='word_1_444' title='bbox 1112 3376 1311 3446; x_wconf 88' lang='lat' dir='ltr'><strong>inquit,</strong></span> <span class='ocrx_word' id='word_1_445' title='bbox 1333 3386 1387 3433; x_wconf 88' lang='lat' dir='ltr'><strong>tu</strong></span> <span class='ocrx_word' id='word_1_446' title='bbox 1408 3379 1628 3435; x_wconf 70' lang='lat' dir='ltr'><strong>Iudaeus</strong></span> <span class='ocrx_word' id='word_1_447' title='bbox 1653 3384 2077 3453; x_wconf 89' lang='lat' dir='ltr'><strong>cognominaris.</strong></span> 
     </span>
    </p>
   </div>
   <div class='ocr_carea' id='block_1_64' title="bbox 520 3460 2078 3546">
    <p class='ocr_par' dir='ltr' id='par_1_64' title="bbox 520 3460 2078 3546">
     <span class='ocr_line' id='line_1_64' title="bbox 520 3460 2078 3546; baseline 0.013 -34"><span class='ocrx_word' id='word_1_448' title='bbox 520 3460 704 3529; x_wconf 87' lang='lat' dir='ltr'><strong>Ipsum</strong></span> <span class='ocrx_word' id='word_1_449' title='bbox 744 3462 1011 3532; x_wconf 85' lang='lat' dir='ltr'><strong>siquidem</strong></span> <span class='ocrx_word' id='word_1_450' title='bbox 1058 3481 1260 3522; x_wconf 87' lang='lat' dir='ltr'><strong>nomen</strong></span> <span class='ocrx_word' id='word_1_451' title='bbox 1312 3468 1476 3541; x_wconf 71' lang='lat'><strong>226</strong></span> <span class='ocrx_word' id='word_1_452' title='bbox 1521 3488 1775 3543; x_wconf 88' lang='lat' dir='ltr'><strong>magnum</strong></span> <span class='ocrx_word' id='word_1_453' title='bbox 1822 3477 2078 3546; x_wconf 84' lang='lat' dir='ltr'><strong>quiddam</strong></span> 
     </span>
    </p>
   </div>
   <div class='ocr_carea' id='block_1_65' title="bbox 512 3552 2083 3622">
    <p class='ocr_par' dir='ltr' id='par_1_65' title="bbox 512 3552 2083 3622">
     <span class='ocr_line' id='line_1_65' title="bbox 512 3552 2083 3622; baseline 0.011 -18"><span class='ocrx_word' id='word_1_454' title='bbox 512 3565 634 3605; x_wconf 87' lang='lat' dir='ltr'><strong>esse</strong></span> <span class='ocrx_word' id='word_1_455' title='bbox 665 3552 975 3621; x_wconf 77' lang='lat' dir='ltr'><strong>videbatur,</strong></span> <span class='ocrx_word' id='word_1_456' title='bbox 1011 3557 1182 3611; x_wconf 87' lang='lat' dir='ltr'><strong>veluti</strong></span> <span class='ocrx_word' id='word_1_457' title='bbox 1220 3574 1372 3614; x_wconf 89' lang='lat' dir='ltr'><strong>nunc</strong></span> <span class='ocrx_word' id='word_1_458' title='bbox 1397 3568 1482 3616; x_wconf 85' lang='lat' dir='ltr'><strong>est</strong></span> <span class='ocrx_word' id='word_1_459' title='bbox 1509 3577 1709 3618; x_wconf 85' lang='lat' dir='ltr'><strong>nomen</strong></span> <span class='ocrx_word' id='word_1_460' title='bbox 1742 3563 2083 3622; x_wconf 88' lang='lat' dir='ltr'><strong>Christiano-</strong></span> 
     </span>
    </p>
   </div>
   <div class='ocr_carea' id='block_1_66' title="bbox 514 3644 2080 3723">
    <p class='ocr_par' dir='ltr' id='par_1_66' title="bbox 514 3644 2080 3723">
     <span class='ocr_line' id='line_1_66' title="bbox 514 3644 2080 3723; baseline 0.013 -29"><span class='ocrx_word' id='word_1_461' title='bbox 514 3656 656 3697; x_wconf 91' lang='lat' dir='ltr'><strong>rum.</strong></span> <span class='ocrx_word' id='word_1_462' title='bbox 698 3661 717 3693; x_wconf 82' lang='grc' dir='ltr'><strong>ι</strong></span> <span class='ocrx_word' id='word_1_463' title='bbox 759 3644 1194 3715; x_wconf 83' lang='lat' dir='ltr'><strong>Cognominaris.</strong></span> <span class='ocrx_word' id='word_1_464' title='bbox 1239 3668 1259 3700; x_wconf 74' lang='grc' dir='ltr'><strong>ι</strong></span> <span class='ocrx_word' id='word_1_465' title='bbox 1306 3650 1493 3721; x_wconf 87' lang='lat' dir='ltr'><strong>Neque</strong></span> <span class='ocrx_word' id='word_1_466' title='bbox 1545 3653 1693 3710; x_wconf 90' lang='lat' dir='ltr'><strong>enim</strong></span> <span class='ocrx_word' id='word_1_467' title='bbox 1731 3671 1791 3711; x_wconf 89' lang='lat' dir='ltr'><strong>re</strong></span> <span class='ocrx_word' id='word_1_468' title='bbox 1833 3673 1963 3712; x_wconf 85' lang='lat' dir='ltr'><strong>vera</strong></span> <span class='ocrx_word' id='word_1_469' title='bbox 1996 3673 2080 3723; x_wconf 89' lang='lat' dir='ltr'><strong>es,</strong></span> 
     </span>
    </p>
   </div>
   <div class='ocr_carea' id='block_1_67' title="bbox 513 3732 2080 3817">
    <p class='ocr_par' dir='ltr' id='par_1_67' title="bbox 513 3732 2080 3817">
     <span class='ocr_line' id='line_1_67' title="bbox 513 3732 2080 3817; baseline 0.012 -33"><span class='ocrx_word' id='word_1_470' title='bbox 513 3732 619 3817; x_wconf 77' lang='lat' dir='ltr'><strong>nisi</strong></span> <span class='ocrx_word' id='word_1_471' title='bbox 649 3733 822 3803; x_wconf 88' lang='lat' dir='ltr'><strong>legem</strong></span> <span class='ocrx_word' id='word_1_472' title='bbox 855 3737 1151 3805; x_wconf 81' lang='lat' dir='ltr'><strong>compleas.</strong></span> <span class='ocrx_word' id='word_1_473' title='bbox 1179 3755 1198 3789; x_wconf 85' lang='grc' dir='ltr'><strong>ι</strong></span> <span class='ocrx_word' id='word_1_474' title='bbox 1230 3739 1299 3795; x_wconf 87' lang='lat' dir='ltr'><strong>Et</strong></span> <span class='ocrx_word' id='word_1_475' title='bbox 1328 3742 1629 3812; x_wconf 88' lang='lat' dir='ltr'><strong>requiescis</strong></span> <span class='ocrx_word' id='word_1_476' title='bbox 1661 3744 1715 3799; x_wconf 92' lang='lat' dir='ltr'><strong>in</strong></span> <span class='ocrx_word' id='word_1_477' title='bbox 1747 3746 1881 3817; x_wconf 86' lang='lat' dir='ltr'><strong>lege.</strong></span> <span class='ocrx_word' id='word_1_478' title='bbox 1909 3767 1928 3799; x_wconf 74' lang='grc' dir='ltr'><strong>ι</strong></span> <span class='ocrx_word' id='word_1_479' title='bbox 1962 3748 2080 3804; x_wconf 88' lang='lat' dir='ltr'><strong>Non</strong></span> 
     </span>
    </p>
   </div>
   <div class='ocr_carea' id='block_1_68' title="bbox 511 3812 2082 3907">
    <p class='ocr_par' dir='ltr' id='par_1_68' title="bbox 511 3812 2082 3907">
     <span class='ocr_line' id='line_1_68' title="bbox 511 3812 2082 3907; baseline 0.013 -30"><span class='ocrx_word' id='word_1_480' title='bbox 511 3812 659 3879; x_wconf 55' lang='lat' dir='ltr'><strong>enim</strong></span> <span class='ocrx_word' id='word_1_481' title='bbox 702 3826 942 3892; x_wconf 85' lang='lat' dir='ltr'><strong>laboras,</strong></span> <span class='ocrx_word' id='word_1_482' title='bbox 978 3828 1177 3899; x_wconf 88' lang='lat' dir='ltr'><strong>inquit,</strong></span> <span class='ocrx_word' id='word_1_483' title='bbox 1219 3832 1362 3887; x_wconf 88' lang='lat' dir='ltr'><strong>sicut</strong></span> <span class='ocrx_word' id='word_1_484' title='bbox 1405 3834 1484 3890; x_wconf 92' lang='lat' dir='ltr'><strong>illi</strong></span> <span class='ocrx_word' id='word_1_485' title='bbox 1520 3837 1614 3907; x_wconf 89' lang='lat' dir='ltr'><strong>qui</strong></span> <span class='ocrx_word' id='word_1_486' title='bbox 1649 3847 1779 3893; x_wconf 88' lang='lat' dir='ltr'><strong>sunt</strong></span> <span class='ocrx_word' id='word_1_487' title='bbox 1812 3849 1964 3895; x_wconf 75' lang='lat' dir='ltr'><strong>extra</strong></span> <span class='ocrx_word' id='word_1_488' title='bbox 2000 3842 2082 3897; x_wconf 83' lang='lat' dir='ltr'><strong>le-</strong></span> 
     </span>
    </p>
   </div>
   <div class='ocr_carea' id='block_1_69' title="bbox 510 3916 2083 4002">
    <p class='ocr_par' dir='ltr' id='par_1_69' title="bbox 510 3916 2083 4002">
     <span class='ocr_line' id='line_1_69' title="bbox 510 3916 2083 4002; baseline 0.014 -35"><span class='ocrx_word' id='word_1_489' title='bbox 510 3930 657 3986; x_wconf 81' lang='lat' dir='ltr'><strong>gem,</strong></span> <span class='ocrx_word' id='word_1_490' title='bbox 689 3916 1018 3987; x_wconf 85' lang='lat' dir='ltr'><strong>inquirendo</strong></span> <span class='ocrx_word' id='word_1_491' title='bbox 1046 3922 1176 3990; x_wconf 91' lang='lat' dir='ltr'><strong>quid</strong></span> <span class='ocrx_word' id='word_1_492' title='bbox 1209 3923 1281 3978; x_wconf 91' lang='lat' dir='ltr'><strong>sit</strong></span> <span class='ocrx_word' id='word_1_493' title='bbox 1311 3926 1601 3995; x_wconf 85' lang='lat' dir='ltr'><strong>agendum,</strong></span> <span class='ocrx_word' id='word_1_494' title='bbox 1644 3929 1739 3984; x_wconf 85' lang='lat' dir='ltr'><strong>sed</strong></span> <span class='ocrx_word' id='word_1_495' title='bbox 1773 3931 1947 4002; x_wconf 90' lang='lat' dir='ltr'><strong>legem</strong></span> <span class='ocrx_word' id='word_1_496' title='bbox 1986 3932 2083 3987; x_wconf 88' lang='lat' dir='ltr'><strong>ha-</strong></span> 
     </span>
    </p>
   </div>
   <div class='ocr_carea' id='block_1_70' title="bbox 512 4006 2077 4079">
    <p class='ocr_par' dir='ltr' id='par_1_70' title="bbox 512 4006 2077 4079">
     <span class='ocr_line' id='line_1_70' title="bbox 512 4006 2077 4079; baseline 0.014 -22"><span class='ocrx_word' id='word_1_497' title='bbox 512 4006 608 4059; x_wconf 85' lang='lat' dir='ltr'><strong>bes</strong></span> <span class='ocrx_word' id='word_1_498' title='bbox 641 4008 824 4062; x_wconf 89' lang='lat' dir='ltr'><strong>omnia</strong></span> <span class='ocrx_word' id='word_1_499' title='bbox 860 4018 911 4064; x_wconf 90' lang='lat' dir='ltr'><strong>te</strong></span> <span class='ocrx_word' id='word_1_500' title='bbox 951 4012 1239 4068; x_wconf 80' lang='lat' dir='ltr'><strong>manifeste</strong></span> <span class='ocrx_word' id='word_1_501' title='bbox 1273 4014 1582 4073; x_wconf 88' lang='lat' dir='ltr'><strong>docentem.</strong></span> <span class='ocrx_word' id='word_1_502' title='bbox 1616 4019 1714 4075; x_wconf 82' lang='lat' dir='ltr'><strong>Vel</strong></span> <span class='ocrx_word' id='word_1_503' title='bbox 1752 4021 1858 4077; x_wconf 89' lang='lat' dir='ltr'><strong>hoc</strong></span> <span class='ocrx_word' id='word_1_504' title='bbox 1895 4026 2077 4079; x_wconf 85' lang='lat' dir='ltr'><strong>modo.</strong></span> 
     </span>
    </p>
   </div>
   <div class='ocr_carea' id='block_1_71' title="bbox 510 4096 2078 4184">
    <p class='ocr_par' dir='ltr' id='par_1_71' title="bbox 510 4096 2078 4184">
     <span class='ocr_line' id='line_1_71' title="bbox 510 4096 2078 4184; baseline 0.014 -35"><span class='ocrx_word' id='word_1_505' title='bbox 510 4096 738 4152; x_wconf 81' lang='lat' dir='ltr'><strong>Multum</strong></span> <span class='ocrx_word' id='word_1_506' title='bbox 778 4099 835 4154; x_wconf 91' lang='lat' dir='ltr'><strong>in</strong></span> <span class='ocrx_word' id='word_1_507' title='bbox 877 4100 995 4171; x_wconf 86' lang='lat' dir='ltr'><strong>lege</strong></span> <span class='ocrx_word' id='word_1_508' title='bbox 1038 4104 1341 4171; x_wconf 82' lang='lat' dir='ltr'><strong>extolleris,</strong></span> <span class='ocrx_word' id='word_1_509' title='bbox 1374 4107 1575 4179; x_wconf 87' lang='lat' dir='ltr'><strong>illaque</strong></span> <span class='ocrx_word' id='word_1_510' title='bbox 1618 4120 1670 4166; x_wconf 87' lang='lat' dir='ltr'><strong>te</strong></span> <span class='ocrx_word' id='word_1_511' title='bbox 1706 4111 1892 4181; x_wconf 80' lang='lat' dir='ltr'><strong>eﬂ‘ers,</strong></span> <span class='ocrx_word' id='word_1_512' title='bbox 1933 4114 2078 4184; x_wconf 81' lang='lat' dir='ltr'><strong>quod</strong></span> 
     </span>
    </p>
   </div>
   <div class='ocr_carea' id='block_1_72' title="bbox 508 4193 2084 4273">
    <p class='ocr_par' dir='ltr' id='par_1_72' title="bbox 508 4193 2084 4273">
     <span class='ocr_line' id='line_1_72' title="bbox 508 4193 2084 4273; baseline 0.013 -31"><span class='ocrx_word' id='word_1_513' title='bbox 508 4203 678 4258; x_wconf 86' lang='lat' dir='ltr'><strong>supra</strong></span> <span class='ocrx_word' id='word_1_514' title='bbox 704 4200 933 4248; x_wconf 71' lang='lat' dir='ltr'><strong>caeteros</strong></span> <span class='ocrx_word' id='word_1_515' title='bbox 961 4193 1203 4250; x_wconf 85' lang='lat' dir='ltr'><strong>divinam</strong></span> <span class='ocrx_word' id='word_1_516' title='bbox 1229 4201 1509 4268; x_wconf 88' lang='lat' dir='ltr'><strong>acceperis</strong></span> <span class='ocrx_word' id='word_1_517' title='bbox 1535 4201 1730 4273; x_wconf 88' lang='lat' dir='ltr'><strong>legem.</strong></span> <span class='ocrx_word' id='word_1_518' title='bbox 1761 4205 1958 4261; x_wconf 88' lang='lat' dir='ltr'><strong>Dicens</strong></span> <span class='ocrx_word' id='word_1_519' title='bbox 1985 4222 2084 4262; x_wconf 85' lang='lat' dir='ltr'><strong>au-</strong></span> 
     </span>
    </p>
   </div>
   <div class='ocr_carea' id='block_1_73' title="bbox 510 4284 2080 4363">
    <p class='ocr_par' dir='ltr' id='par_1_73' title="bbox 510 4284 2080 4363">
     <span class='ocr_line' id='line_1_73' title="bbox 510 4284 2080 4363; baseline 0.013 -29"><span class='ocrx_word' id='word_1_520' title='bbox 510 4290 640 4347; x_wconf 88' lang='lat' dir='ltr'><strong>tem,</strong></span> <span class='ocrx_word' id='word_1_521' title='bbox 680 4301 699 4333; x_wconf 83' lang='grc' dir='ltr'><strong>ι</strong></span> <span class='ocrx_word' id='word_1_522' title='bbox 739 4284 1083 4354; x_wconf 87' lang='lat' dir='ltr'><strong>Requiescis,</strong></span> <span class='ocrx_word' id='word_1_523' title='bbox 1118 4306 1137 4340; x_wconf 76' lang='grc' dir='ltr'><strong>ι</strong></span> <span class='ocrx_word' id='word_1_524' title='bbox 1169 4289 1444 4360; x_wconf 77' lang='lat' dir='ltr'><strong>signiﬁcat</strong></span> <span class='ocrx_word' id='word_1_525' title='bbox 1476 4294 1622 4363; x_wconf 89' lang='lat' dir='ltr'><strong>quod</strong></span> <span class='ocrx_word' id='word_1_526' title='bbox 1656 4311 1766 4351; x_wconf 88' lang='lat' dir='ltr'><strong>non</strong></span> <span class='ocrx_word' id='word_1_527' title='bbox 1794 4297 1982 4354; x_wconf 87' lang='lat' dir='ltr'><strong>labore</strong></span> <span class='ocrx_word' id='word_1_528' title='bbox 2010 4300 2080 4354; x_wconf 92' lang='lat' dir='ltr'><strong>il-</strong></span> 
     </span>
    </p>
   </div>
   <div class='ocr_carea' id='block_1_74' title="bbox 507 4373 2079 4453">
    <p class='ocr_par' dir='ltr' id='par_1_74' title="bbox 507 4373 2079 4453">
     <span class='ocr_line' id='line_1_74' title="bbox 507 4373 2079 4453; baseline 0.013 -26"><span class='ocrx_word' id='word_1_529' title='bbox 507 4373 684 4427; x_wconf 89' lang='lat' dir='ltr'><strong>lorum</strong></span> <span class='ocrx_word' id='word_1_530' title='bbox 715 4376 1058 4447; x_wconf 84' lang='lat' dir='ltr'><strong>egregiisque</strong></span> <span class='ocrx_word' id='word_1_531' title='bbox 1100 4378 1441 4438; x_wconf 81' lang='lat' dir='ltr'><strong>facinoribus</strong></span> <span class='ocrx_word' id='word_1_532' title='bbox 1471 4383 1597 4439; x_wconf 88' lang='lat' dir='ltr'><strong>data</strong></span> <span class='ocrx_word' id='word_1_533' title='bbox 1640 4386 1732 4453; x_wconf 86' lang='lat' dir='ltr'><strong>sit,</strong></span> <span class='ocrx_word' id='word_1_534' title='bbox 1763 4389 1857 4444; x_wconf 83' lang='lat' dir='ltr'><strong>sed</strong></span> <span class='ocrx_word' id='word_1_535' title='bbox 1893 4390 2079 4448; x_wconf 87' lang='lat' dir='ltr'><strong>divina</strong></span> 
     </span>
    </p>
   </div>
   <div class='ocr_carea' id='block_1_75' title="bbox 2182 3206 3723 3279">
    <p class='ocr_par' dir='ltr' id='par_1_75' title="bbox 2182 3206 3723 3279">
     <span class='ocr_line' id='line_1_75' title="bbox 2182 3206 3723 3279; baseline -0.004 -14"><span class='ocrx_word' id='word_1_536' title='bbox 2182 3209 2444 3275; x_wconf 83' lang='grc' dir='ltr'>Ίουδαῖοι,</span> <span class='ocrx_word' id='word_1_537' title='bbox 2474 3211 2684 3273; x_wconf 80' lang='grc' dir='ltr'>δεικνὺς</span> <span class='ocrx_word' id='word_1_538' title='bbox 2708 3211 2788 3265; x_wconf 87' lang='grc' dir='ltr'>ὃτι</span> <span class='ocrx_word' id='word_1_539' title='bbox 2810 3211 2959 3264; x_wconf 76' lang='grc' dir='ltr'>οὐδὲν</span> <span class='ocrx_word' id='word_1_540' title='bbox 2987 3208 3189 3264; x_wconf 79' lang='grc' dir='ltr'>τούτων</span> <span class='ocrx_word' id='word_1_541' title='bbox 3218 3209 3421 3278; x_wconf 82' lang='grc' dir='ltr'>ὠφελεῖ</span> <span class='ocrx_word' id='word_1_542' title='bbox 3448 3208 3533 3263; x_wconf 71' lang='grc' dir='ltr'><strong>τὸν</strong></span> <span class='ocrx_word' id='word_1_543' title='bbox 3560 3206 3626 3279; x_wconf 77' lang='grc' dir='ltr'>μὴ</span> <span class='ocrx_word' id='word_1_544' title='bbox 3647 3208 3723 3277; x_wconf 79' lang='lat'><strong>69-</strong></span> 
     </span>
    </p>
   </div>
   <div class='ocr_carea' id='block_1_76' title="bbox 2184 3300 3719 3372">
    <p class='ocr_par' dir='ltr' id='par_1_76' title="bbox 2184 3300 3719 3372">
     <span class='ocr_line' id='line_1_76' title="bbox 2184 3300 3719 3372; baseline -0.006 -15"><span class='ocrx_word' id='word_1_545' title='bbox 2184 3302 2293 3366; x_wconf 83' lang='grc' dir='ltr'><strong>θῶς</strong></span> <span class='ocrx_word' id='word_1_546' title='bbox 2342 3301 2579 3372; x_wconf 79' lang='grc' dir='ltr'>βιοῦντα.</span> <span class='ocrx_word' id='word_1_547' title='bbox 2615 3302 2727 3355; x_wconf 97' lang='lat' dir='ltr'><strong>Kal</strong></span> <span class='ocrx_word' id='word_1_548' title='bbox 2776 3301 2991 3371; x_wconf 89' lang='grc' dir='ltr'>πρῶτον</span> <span class='ocrx_word' id='word_1_549' title='bbox 3024 3301 3158 3356; x_wconf 80' lang='grc' dir='ltr'>αὐτὸ</span> <span class='ocrx_word' id='word_1_550' title='bbox 3208 3300 3269 3354; x_wconf 85' lang='grc' dir='ltr'><strong>τὺ</strong></span> <span class='ocrx_word' id='word_1_551' title='bbox 3300 3301 3468 3370; x_wconf 71' lang='grc' dir='ltr'>ὄνομα</span> <span class='ocrx_word' id='word_1_552' title='bbox 3496 3301 3719 3352; x_wconf 73' lang='grc' dir='ltr'>τέθεικεν.</span> 
     </span>
    </p>
   </div>
   <div class='ocr_carea' id='block_1_77' title="bbox 2185 3388 3723 3464">
    <p class='ocr_par' dir='ltr' id='par_1_77' title="bbox 2185 3388 3723 3464">
     <span class='ocr_line' id='line_1_77' title="bbox 2185 3388 3723 3464; baseline -0.006 -17"><span class='ocrx_word' id='word_1_553' title='bbox 2185 3394 2290 3448; x_wconf 80' lang='grc' dir='ltr'>’Ῑδε</span> <span class='ocrx_word' id='word_1_554' title='bbox 2320 3394 2405 3461; x_wconf 82' lang='grc' dir='ltr'>σὺ,</span> <span class='ocrx_word' id='word_1_555' title='bbox 2448 3394 2630 3464; x_wconf 59' lang='grc' dir='ltr'>φησιν,</span> <span class='ocrx_word' id='word_1_556' title='bbox 2654 3391 2903 3456; x_wconf 80' lang='grc' dir='ltr'>Ἰουδαῖος</span> <span class='ocrx_word' id='word_1_557' title='bbox 2927 3391 3255 3464; x_wconf 75' lang='grc' dir='ltr'>ἐπονομάζῃ.</span> <span class='ocrx_word' id='word_1_558' title='bbox 3284 3389 3492 3445; x_wconf 81' lang='grc' dir='ltr'>Ἐδόκει</span> <span class='ocrx_word' id='word_1_559' title='bbox 3532 3392 3628 3460; x_wconf 80' lang='grc' dir='ltr'>γὰρ</span> <span class='ocrx_word' id='word_1_560' title='bbox 3647 3388 3723 3440; x_wconf 77' lang='grc' dir='ltr'>καὶ</span> 
     </span>
    </p>
   </div>
   <div class='ocr_carea' id='block_1_78' title="bbox 2180 3479 3722 3555">
    <p class='ocr_par' dir='ltr' id='par_1_78' title="bbox 2180 3479 3722 3555">
     <span class='ocr_line' id='line_1_78' title="bbox 2180 3479 3722 3555; baseline -0.005 -16"><span class='ocrx_word' id='word_1_561' title='bbox 2180 3485 2311 3539; x_wconf 69' lang='grc' dir='ltr'>αὐτὸ</span> <span class='ocrx_word' id='word_1_562' title='bbox 2341 3484 2402 3539; x_wconf 79' lang='grc' dir='ltr'><strong>τὺ</strong></span> <span class='ocrx_word' id='word_1_563' title='bbox 2430 3485 2601 3555; x_wconf 74' lang='grc' dir='ltr'>ὄνομα</span> <span class='ocrx_word' id='word_1_564' title='bbox 2629 3485 2779 3554; x_wconf 81' lang='grc' dir='ltr'>μέγα</span> <span class='ocrx_word' id='word_1_565' title='bbox 2804 3479 2968 3549; x_wconf 75' lang='grc' dir='ltr'>εἶναι,</span> <span class='ocrx_word' id='word_1_566' title='bbox 3001 3482 3075 3547; x_wconf 87' lang='grc' dir='ltr'><strong>ώς</strong></span> <span class='ocrx_word' id='word_1_567' title='bbox 3111 3483 3205 3537; x_wconf 79' lang='grc' dir='ltr'>νῦν</span> <span class='ocrx_word' id='word_1_568' title='bbox 3242 3485 3303 3536; x_wconf 82' lang='grc' dir='ltr'>τὸ</span> <span class='ocrx_word' id='word_1_569' title='bbox 3353 3483 3460 3536; x_wconf 90' lang='grc' dir='ltr'><strong>τῶν</strong></span> <span class='ocrx_word' id='word_1_570' title='bbox 3498 3483 3722 3552; x_wconf 79' lang='grc' dir='ltr'>Χριστια-</span> 
     </span>
    </p>
   </div>
   <div class='ocr_carea' id='block_1_79' title="bbox 2180 3571 3718 3648">
    <p class='ocr_par' dir='ltr' id='par_1_79' title="bbox 2180 3571 3718 3648">
     <span class='ocr_line' id='line_1_79' title="bbox 2180 3571 3718 3648; baseline -0.007 -17"><span class='ocrx_word' id='word_1_571' title='bbox 2180 3576 2306 3631; x_wconf 88' lang='grc' dir='ltr'>νῶν.</span> <span class='ocrx_word' id='word_1_572' title='bbox 2362 3595 2381 3630; x_wconf 82' lang='grc' dir='ltr'><strong>ι</strong></span> <span class='ocrx_word' id='word_1_573' title='bbox 2411 3577 2787 3648; x_wconf 78' lang='grc' dir='ltr'>Ἐπονομάζῃ.</span> <span class='ocrx_word' id='word_1_574' title='bbox 2826 3595 2847 3628; x_wconf 72' lang='grc' dir='ltr'><strong>ι</strong></span> <span class='ocrx_word' id='word_1_575' title='bbox 2900 3576 2975 3630; x_wconf 80' lang='grc' dir='ltr'>υὺ</span> <span class='ocrx_word' id='word_1_576' title='bbox 3026 3576 3135 3647; x_wconf 85' lang='grc' dir='ltr'>γὰρ</span> <span class='ocrx_word' id='word_1_577' title='bbox 3192 3571 3242 3628; x_wconf 76' lang='grc' dir='ltr'>εἴ</span> <span class='ocrx_word' id='word_1_578' title='bbox 3288 3575 3429 3629; x_wconf 76' lang='grc' dir='ltr'>κατὰ</span> <span class='ocrx_word' id='word_1_579' title='bbox 3479 3573 3718 3642; x_wconf 72' lang='grc' dir='ltr'>ἀλήθειαν,</span> 
     </span>
    </p>
   </div>
   <div class='ocr_carea' id='block_1_80' title="bbox 2180 3662 3720 3743">
    <p class='ocr_par' dir='ltr' id='par_1_80' title="bbox 2180 3662 3720 3743">
     <span class='ocr_line' id='line_1_80' title="bbox 2180 3662 3720 3743; baseline -0.011 -13"><span class='ocrx_word' id='word_1_580' title='bbox 2180 3673 2230 3725; x_wconf 75' lang='grc' dir='ltr'>εἰ</span> <span class='ocrx_word' id='word_1_581' title='bbox 2276 3670 2352 3743; x_wconf 81' lang='grc' dir='ltr'>μὴ</span> <span class='ocrx_word' id='word_1_582' title='bbox 2408 3671 2635 3742; x_wconf 76' lang='grc' dir='ltr'>πληροῖς</span> <span class='ocrx_word' id='word_1_583' title='bbox 2684 3670 2776 3724; x_wconf 79' lang='grc' dir='ltr'>τὸν</span> <span class='ocrx_word' id='word_1_584' title='bbox 2838 3670 3026 3739; x_wconf 88' lang='grc' dir='ltr'>νόμον.</span> <span class='ocrx_word' id='word_1_585' title='bbox 3086 3688 3106 3721; x_wconf 81' lang='grc' dir='ltr'><strong>ι</strong></span> <span class='ocrx_word' id='word_1_586' title='bbox 3143 3669 3252 3721; x_wconf 86' lang='lat' dir='ltr'><strong>Kal</strong></span> <span class='ocrx_word' id='word_1_587' title='bbox 3303 3667 3615 3737; x_wconf 79' lang='grc' dir='ltr'>ἐπαναπαύῃ</span> <span class='ocrx_word' id='word_1_588' title='bbox 3658 3662 3720 3732; x_wconf 80' lang='grc' dir='ltr'>τῷ</span> 
     </span>
    </p>
   </div>
   <div class='ocr_carea' id='block_1_81' title="bbox 2180 3754 3716 3834">
    <p class='ocr_par' dir='ltr' id='par_1_81' title="bbox 2180 3754 3716 3834">
     <span class='ocr_line' id='line_1_81' title="bbox 2180 3754 3716 3834; baseline -0.006 -18"><span class='ocrx_word' id='word_1_589' title='bbox 2180 3763 2350 3834; x_wconf 87' lang='grc' dir='ltr'>νόμῳ.</span> <span class='ocrx_word' id='word_1_590' title='bbox 2388 3780 2408 3815; x_wconf 67' lang='grc' dir='ltr'><strong>ε</strong></span> <span class='ocrx_word' id='word_1_591' title='bbox 2441 3763 2514 3816; x_wconf 85' lang='grc' dir='ltr'><strong>Οὐ</strong></span> <span class='ocrx_word' id='word_1_592' title='bbox 2541 3763 2651 3832; x_wconf 78' lang='grc' dir='ltr'><strong>γάρ</strong></span> <span class='ocrx_word' id='word_1_593' title='bbox 2678 3761 2929 3832; x_wconf 76' lang='grc' dir='ltr'>κάμνεις,</span> <span class='ocrx_word' id='word_1_594' title='bbox 2955 3760 3141 3831; x_wconf 76' lang='grc' dir='ltr'>φησὶν,</span> <span class='ocrx_word' id='word_1_595' title='bbox 3173 3761 3246 3824; x_wconf 89' lang='grc' dir='ltr'><strong>ώς</strong></span> <span class='ocrx_word' id='word_1_596' title='bbox 3273 3759 3380 3824; x_wconf 78' lang='grc' dir='ltr'><strong>ἔξω</strong></span> <span class='ocrx_word' id='word_1_597' title='bbox 3405 3760 3563 3828; x_wconf 85' lang='grc' dir='ltr'>νόμου</span> <span class='ocrx_word' id='word_1_598' title='bbox 3591 3754 3716 3809; x_wconf 81' lang='grc' dir='ltr'>πολι-</span> 
     </span>
    </p>
   </div>
   <div class='ocr_carea' id='block_1_82' title="bbox 2179 3849 3721 3926">
    <p class='ocr_par' dir='ltr' id='par_1_82' title="bbox 2179 3849 3721 3926">
     <span class='ocr_line' id='line_1_82' title="bbox 2179 3849 3721 3926; baseline -0.006 -18"><span class='ocrx_word' id='word_1_599' title='bbox 2179 3854 2497 3926; x_wconf 83' lang='grc' dir='ltr'>τευόμενος,</span> <span class='ocrx_word' id='word_1_600' title='bbox 2533 3853 2594 3908; x_wconf 82' lang='grc' dir='ltr'>τὸ</span> <span class='ocrx_word' id='word_1_601' title='bbox 2650 3854 2922 3924; x_wconf 79' lang='grc' dir='ltr'>πρακτέον</span> <span class='ocrx_word' id='word_1_602' title='bbox 2963 3853 3263 3923; x_wconf 82' lang='grc' dir='ltr'>ἐπιζητῶν,</span> <span class='ocrx_word' id='word_1_603' title='bbox 3321 3852 3436 3906; x_wconf 83' lang='grc' dir='ltr'>ἀλλ’</span> <span class='ocrx_word' id='word_1_604' title='bbox 3481 3852 3612 3922; x_wconf 77' lang='grc' dir='ltr'>ἔχεις</span> <span class='ocrx_word' id='word_1_605' title='bbox 3646 3849 3721 3900; x_wconf 73' lang='grc' dir='ltr'>τὶν</span> 
     </span>
    </p>
   </div>
   <div class='ocr_carea' id='block_1_83' title="bbox 2180 3937 3717 4015">
    <p class='ocr_par' dir='ltr' id='par_1_83' title="bbox 2180 3937 3717 4015">
     <span class='ocr_line' id='line_1_83' title="bbox 2180 3937 3717 4015; baseline -0.007 -17"><span class='ocrx_word' id='word_1_606' title='bbox 2180 3944 2365 4015; x_wconf 88' lang='grc' dir='ltr'>νόμον,</span> <span class='ocrx_word' id='word_1_607' title='bbox 2423 3945 2611 4013; x_wconf 84' lang='grc' dir='ltr'>σαφῶς</span> <span class='ocrx_word' id='word_1_608' title='bbox 2660 3943 2877 3997; x_wconf 77' lang='grc' dir='ltr'>ἆπαντά</span> <span class='ocrx_word' id='word_1_609' title='bbox 2930 3960 2990 3996; x_wconf 89' lang='grc' dir='ltr'><strong>σε</strong></span> <span class='ocrx_word' id='word_1_610' title='bbox 3045 3942 3386 3996; x_wconf 79' lang='grc' dir='ltr'>διδάσκοντα.</span> <span class='ocrx_word' id='word_1_611' title='bbox 3439 3941 3507 3993; x_wconf 80' lang='grc' dir='ltr'><em>Ἢ</em></span> <span class='ocrx_word' id='word_1_612' title='bbox 3551 3937 3717 3996; x_wconf 71' lang='grc' dir='ltr'>οὕτως’</span> 
     </span>
    </p>
   </div>
   <div class='ocr_carea' id='block_1_84' title="bbox 2179 4028 3720 4108">
    <p class='ocr_par' dir='ltr' id='par_1_84' title="bbox 2179 4028 3720 4108">
     <span class='ocr_line' id='line_1_84' title="bbox 2179 4028 3720 4108; baseline -0.004 -17"><span class='ocrx_word' id='word_1_613' title='bbox 2179 4036 2362 4105; x_wconf 83' lang='grc' dir='ltr'>Μέγα,</span> <span class='ocrx_word' id='word_1_614' title='bbox 2401 4037 2588 4107; x_wconf 68' lang='grc' dir='ltr'>φησιν,</span> <span class='ocrx_word' id='word_1_615' title='bbox 2633 4036 2728 4090; x_wconf 75' lang='grc' dir='ltr'>ἐπὶ</span> <span class='ocrx_word' id='word_1_616' title='bbox 2758 4035 2836 4108; x_wconf 83' lang='grc' dir='ltr'>τῷ</span> <span class='ocrx_word' id='word_1_617' title='bbox 2865 4035 3016 4106; x_wconf 83' lang='grc' dir='ltr'>νόμῳ</span> <span class='ocrx_word' id='word_1_618' title='bbox 3054 4037 3288 4106; x_wconf 76' lang='grc' dir='ltr'>φρονεῖς,</span> <span class='ocrx_word' id='word_1_619' title='bbox 3343 4032 3437 4086; x_wconf 88' lang='grc' dir='ltr'>καὶ</span> <span class='ocrx_word' id='word_1_620' title='bbox 3485 4028 3720 4099; x_wconf 59' lang='grc' dir='ltr'>ἐντρυφᾷ-ς</span> 
     </span>
    </p>
   </div>
   <div class='ocr_carea' id='block_1_85' title="bbox 2181 4119 3716 4199">
    <p class='ocr_par' dir='ltr' id='par_1_85' title="bbox 2181 4119 3716 4199">
     <span class='ocr_line' id='line_1_85' title="bbox 2181 4119 3716 4199; baseline -0.007 -17"><span class='ocrx_word' id='word_1_621' title='bbox 2181 4127 2351 4199; x_wconf 80' lang='grc' dir='ltr'>αὐτῷ,</span> <span class='ocrx_word' id='word_1_622' title='bbox 2378 4126 2455 4191; x_wconf 83' lang='grc' dir='ltr'><strong>ὡς</strong></span> <span class='ocrx_word' id='word_1_623' title='bbox 2480 4127 2781 4198; x_wconf 78' lang='grc' dir='ltr'>ἠξιωμένος</span> <span class='ocrx_word' id='word_1_624' title='bbox 2803 4127 2968 4199; x_wconf 89' lang='grc' dir='ltr'>νόμου</span> <span class='ocrx_word' id='word_1_625' title='bbox 2995 4127 3140 4182; x_wconf 84' lang='grc' dir='ltr'>θείου</span> <span class='ocrx_word' id='word_1_626' title='bbox 3181 4128 3334 4198; x_wconf 69' lang='grc' dir='ltr'>παρὰ</span> <span class='ocrx_word' id='word_1_627' title='bbox 3366 4127 3486 4188; x_wconf 75' lang='grc' dir='ltr'>τοὺς</span> <span class='ocrx_word' id='word_1_628' title='bbox 3510 4119 3716 4182; x_wconf 81' lang='grc' dir='ltr'>λοιπούς.</span> 
     </span>
    </p>
   </div>
   <div class='ocr_carea' id='block_1_86' title="bbox 2180 4210 3719 4290">
    <p class='ocr_par' dir='ltr' id='par_1_86' title="bbox 2180 4210 3719 4290">
     <span class='ocr_line' id='line_1_86' title="bbox 2180 4210 3719 4290; baseline -0.006 -19"><span class='ocrx_word' id='word_1_629' title='bbox 2180 4218 2253 4271; x_wconf 81' lang='grc' dir='ltr'><strong>Τὸ</strong></span> <span class='ocrx_word' id='word_1_630' title='bbox 2280 4219 2359 4283; x_wconf 79' lang='grc' dir='ltr'>δὲ,</span> <span class='ocrx_word' id='word_1_631' title='bbox 2399 4236 2416 4271; x_wconf 82' lang='grc' dir='ltr'><strong>ι</strong></span> <span class='ocrx_word' id='word_1_632' title='bbox 2452 4216 2814 4290; x_wconf 77' lang='grc' dir='ltr'>Ἐπαναπαύῃ</span> <span class='ocrx_word' id='word_1_633' title='bbox 2871 4235 2890 4269; x_wconf 71' lang='grc' dir='ltr'><strong>ι</strong></span> <span class='ocrx_word' id='word_1_634' title='bbox 2917 4217 3086 4287; x_wconf 84' lang='grc' dir='ltr'>δηλοῖ,</span> <span class='ocrx_word' id='word_1_635' title='bbox 3113 4217 3194 4271; x_wconf 83' lang='grc' dir='ltr'>ὅτι</span> <span class='ocrx_word' id='word_1_636' title='bbox 3226 4217 3286 4269; x_wconf 80' lang='grc' dir='ltr'>οὐ</span> <span class='ocrx_word' id='word_1_637' title='bbox 3322 4217 3542 4285; x_wconf 84' lang='grc' dir='ltr'>καμάτῳ</span> <span class='ocrx_word' id='word_1_638' title='bbox 3568 4210 3719 4265; x_wconf 82' lang='grc' dir='ltr'>αὐτῶν</span> 
     </span>
    </p>
   </div>
   <div class='ocr_carea' id='block_1_87' title="bbox 2179 4306 3719 4382">
    <p class='ocr_par' dir='ltr' id='par_1_87' title="bbox 2179 4306 3719 4382">
     <span class='ocr_line' id='line_1_87' title="bbox 2179 4306 3719 4382; baseline -0.006 -19"><span class='ocrx_word' id='word_1_639' title='bbox 2179 4310 2212 4382; x_wconf 79' lang='grc' dir='ltr'>ἢ</span> <span class='ocrx_word' id='word_1_640' title='bbox 2241 4308 2628 4381; x_wconf 85' lang='grc' dir='ltr'>κατορθώματι</span> <span class='ocrx_word' id='word_1_641' title='bbox 2666 4308 2846 4379; x_wconf 82' lang='grc' dir='ltr'>ἐδόθη,</span> <span class='ocrx_word' id='word_1_642' title='bbox 2874 4308 3009 4362; x_wconf 72' lang='grc' dir='ltr'>ἀλλὰ</span> <span class='ocrx_word' id='word_1_643' title='bbox 3043 4308 3225 4379; x_wconf 85' lang='grc' dir='ltr'>χάριτι</span> <span class='ocrx_word' id='word_1_644' title='bbox 3251 4307 3389 4380; x_wconf 78' lang='grc' dir='ltr'>θείᾳ.</span> <span class='ocrx_word' id='word_1_645' title='bbox 3432 4326 3451 4357; x_wconf 83' lang='grc' dir='ltr'><strong>ι</strong></span> <span class='ocrx_word' id='word_1_646' title='bbox 3482 4306 3590 4360; x_wconf 75' lang='lat' dir='ltr'><strong>Kal</strong></span> <span class='ocrx_word' id='word_1_647' title='bbox 3610 4319 3719 4356; x_wconf 82' lang='grc' dir='ltr'>καυ-</span> 
     </span>
    </p>
   </div>
   <div class='ocr_carea' id='block_1_88' title="bbox 2181 4396 3718 4473">
    <p class='ocr_par' dir='ltr' id='par_1_88' title="bbox 2181 4396 3718 4473">
     <span class='ocr_line' id='line_1_88' title="bbox 2181 4396 3718 4473; baseline -0.004 -19"><span class='ocrx_word' id='word_1_648' title='bbox 2181 4403 2348 4469; x_wconf 83' lang='grc' dir='ltr'>χᾶσαι</span> <span class='ocrx_word' id='word_1_649' title='bbox 2377 4404 2434 4454; x_wconf 88' lang='grc' dir='ltr'><strong>ἐν</strong></span> <span class='ocrx_word' id='word_1_650' title='bbox 2485 4400 2625 4473; x_wconf 82' lang='grc' dir='ltr'>Θεῷ.</span> <span class='ocrx_word' id='word_1_651' title='bbox 2671 4419 2690 4453; x_wconf 77' lang='grc' dir='ltr'><strong>ι</strong></span> <span class='ocrx_word' id='word_1_652' title='bbox 2742 4399 2828 4463; x_wconf 82' lang='grc' dir='ltr'>Ὦς</span> <span class='ocrx_word' id='word_1_653' title='bbox 2878 4400 3036 4470; x_wconf 83' lang='grc' dir='ltr'>μόνος</span> <span class='ocrx_word' id='word_1_654' title='bbox 3090 4399 3400 4471; x_wconf 78' lang='grc' dir='ltr'>ἀγαπηθεὶς</span> <span class='ocrx_word' id='word_1_655' title='bbox 3453 4396 3594 4469; x_wconf 74' lang='grc' dir='ltr'>παρὰ</span> <span class='ocrx_word' id='word_1_656' title='bbox 3614 4396 3718 4457; x_wconf 73' lang='grc' dir='ltr'>τοὺς</span> 
     </span>
    </p>
   </div>
   <div class='ocr_carea' id='block_1_89' title="bbox 506 4465 2081 4563">
    <p class='ocr_par' dir='ltr' id='par_1_89' title="bbox 506 4465 2076 4554">
     <span class='ocr_line' id='line_1_89' title="bbox 506 4465 2076 4554; baseline 0.016 -39"><span class='ocrx_word' id='word_1_657' title='bbox 506 4465 703 4533; x_wconf 86' lang='lat' dir='ltr'><strong>gratia.</strong></span> <span class='ocrx_word' id='word_1_658' title='bbox 750 4485 768 4517; x_wconf 87' lang='grc' dir='ltr'><strong>ι</strong></span> <span class='ocrx_word' id='word_1_659' title='bbox 793 4467 861 4521; x_wconf 85' lang='grc' dir='ltr'><strong>Ει</strong></span> <span class='ocrx_word' id='word_1_660' title='bbox 890 4469 1145 4538; x_wconf 86' lang='lat' dir='ltr'><strong>gloriaris</strong></span> <span class='ocrx_word' id='word_1_661' title='bbox 1187 4472 1245 4527; x_wconf 89' lang='lat' dir='ltr'><strong>in</strong></span> <span class='ocrx_word' id='word_1_662' title='bbox 1283 4475 1420 4530; x_wconf 89' lang='lat' dir='ltr'><strong>Deo.</strong></span> <span class='ocrx_word' id='word_1_663' title='bbox 1454 4494 1474 4528; x_wconf 70' lang='grc' dir='ltr'><strong>ι</strong></span> <span class='ocrx_word' id='word_1_664' title='bbox 1512 4476 1593 4532; x_wconf 81' lang='lat' dir='ltr'><strong>Ac</strong></span> <span class='ocrx_word' id='word_1_665' title='bbox 1633 4479 1681 4534; x_wconf 89' lang='lat' dir='ltr'><strong>si</strong></span> <span class='ocrx_word' id='word_1_666' title='bbox 1722 4481 1872 4538; x_wconf 90' lang='lat' dir='ltr'><strong>solus</strong></span> <span class='ocrx_word' id='word_1_667' title='bbox 1910 4498 2076 4554; x_wconf 88' lang='lat' dir='ltr'><strong>supra</strong></span> 
     </span>
    </p>
   </div>
   <div class='ocr_carea' id='block_1_90' title="bbox 2183 4465 3715 4563">
    <p class='ocr_par' dir='ltr' id='par_1_90' title="bbox 2183 4465 3715 4563">
     <span class='ocr_line' id='line_1_90' title="bbox 2183 4465 3715 4563; baseline -0.006 -17"><span class='ocrx_word' id='word_1_668' title='bbox 2183 4465 2401 4556; x_wconf 69' lang='grc' dir='ltr'>λοιποὺς</span> <span class='ocrx_word' id='word_1_669' title='bbox 2445 4465 2788 4563; x_wconf 69' lang='grc' dir='ltr'>ἀνθρώπους.</span> <span class='ocrx_word' id='word_1_670' title='bbox 2846 4465 3004 4544; x_wconf 76' lang='grc' dir='ltr'>Δοκεῖ</span> <span class='ocrx_word' id='word_1_671' title='bbox 3046 4489 3103 4543; x_wconf 70' lang='grc' dir='ltr'>δὲ</span> <span class='ocrx_word' id='word_1_672' title='bbox 3140 4465 3358 4556; x_wconf 29' lang='grc' dir='ltr'>*αὐτοὺς</span> <span class='ocrx_word' id='word_1_673' title='bbox 3394 4490 3484 4544; x_wconf 78' lang='grc' dir='ltr'><strong>καὶ</strong></span> <span class='ocrx_word' id='word_1_674' title='bbox 3507 4465 3577 4551; x_wconf 77' lang='lat' dir='ltr'><strong>si;</strong></span> <span class='ocrx_word' id='word_1_675' title='bbox 3605 4483 3715 4539; x_wconf 78' lang='grc' dir='ltr'>ἀπό-</span> 
     </span>
    </p>
   </div>
   <div class='ocr_carea' id='block_1_91' title="bbox 506 4557 2077 4632">
    <p class='ocr_par' dir='ltr' id='par_1_91' title="bbox 506 4557 2077 4632">
     <span class='ocr_line' id='line_1_91' title="bbox 506 4557 2077 4632; baseline 0.014 -23"><span class='ocrx_word' id='word_1_676' title='bbox 506 4564 736 4610; x_wconf 79' lang='lat' dir='ltr'><strong>caeteros</strong></span> <span class='ocrx_word' id='word_1_677' title='bbox 773 4557 1026 4614; x_wconf 89' lang='lat' dir='ltr'><strong>homines</strong></span> <span class='ocrx_word' id='word_1_678' title='bbox 1064 4560 1297 4619; x_wconf 89' lang='lat' dir='ltr'><strong>dilectus</strong></span> <span class='ocrx_word' id='word_1_679' title='bbox 1326 4564 1419 4621; x_wconf 89' lang='lat' dir='ltr'><strong>sis.</strong></span> <span class='ocrx_word' id='word_1_680' title='bbox 1457 4567 1689 4624; x_wconf 85' lang='lat' dir='ltr'><strong>Videtur</strong></span> <span class='ocrx_word' id='word_1_681' title='bbox 1727 4580 1907 4628; x_wconf 89' lang='lat' dir='ltr'><strong>autem</strong></span> <span class='ocrx_word' id='word_1_682' title='bbox 1952 4574 2077 4632; x_wconf 87' lang='lat' dir='ltr'><strong>illos</strong></span> 
     </span>
    </p>
   </div>
   <div class='ocr_carea' id='block_1_92' title="bbox 508 4647 2075 4735">
    <p class='ocr_par' dir='ltr' id='par_1_92' title="bbox 508 4647 2075 4735">
     <span class='ocr_line' id='line_1_92' title="bbox 508 4647 2075 4735; baseline 0.015 -36"><span class='ocrx_word' id='word_1_683' title='bbox 508 4647 722 4717; x_wconf 82' lang='lat' dir='ltr'><strong>objecta</strong></span> <span class='ocrx_word' id='word_1_684' title='bbox 765 4665 984 4720; x_wconf 89' lang='lat' dir='ltr'><strong>quoque</strong></span> <span class='ocrx_word' id='word_1_685' title='bbox 1034 4654 1288 4709; x_wconf 87' lang='lat' dir='ltr'><strong>vecordia</strong></span> <span class='ocrx_word' id='word_1_686' title='bbox 1336 4657 1593 4715; x_wconf 86' lang='lat' dir='ltr'><strong>irridere.</strong></span> <span class='ocrx_word' id='word_1_687' title='bbox 1634 4680 1655 4712; x_wconf 83' lang='grc' dir='ltr'><strong>ι</strong></span> <span class='ocrx_word' id='word_1_688' title='bbox 1687 4662 1755 4717; x_wconf 83' lang='grc' dir='ltr'>Ει</span> <span class='ocrx_word' id='word_1_689' title='bbox 1788 4667 2075 4735; x_wconf 87' lang='lat' dir='ltr'><strong>cognoscis</strong></span> 
     </span>
    </p>
   </div>
   <div class='ocr_carea' id='block_1_93' title="bbox 507 4740 2076 4825">
    <p class='ocr_par' dir='ltr' id='par_1_93' title="bbox 507 4740 2076 4825">
     <span class='ocr_line' id='line_1_93' title="bbox 507 4740 2076 4825; baseline 0.015 -36"><span class='ocrx_word' id='word_1_690' title='bbox 507 4740 866 4795; x_wconf 84' lang='lat' dir='ltr'><strong>voluntatem.</strong></span> <span class='ocrx_word' id='word_1_691' title='bbox 898 4760 915 4792; x_wconf 75' lang='grc' dir='ltr'><strong>ι</strong></span> <span class='ocrx_word' id='word_1_692' title='bbox 951 4743 1116 4813; x_wconf 84' lang='lat' dir='ltr'><strong>Atqui</strong></span> <span class='ocrx_word' id='word_1_693' title='bbox 1145 4758 1479 4816; x_wconf 87' lang='lat' dir='ltr'><strong>cognoscere</strong></span> <span class='ocrx_word' id='word_1_694' title='bbox 1511 4765 1615 4806; x_wconf 89' lang='lat' dir='ltr'><strong>nec</strong></span> <span class='ocrx_word' id='word_1_695' title='bbox 1646 4751 1824 4810; x_wconf 81' lang='lat' dir='ltr'><strong>facere</strong></span> <span class='ocrx_word' id='word_1_696' title='bbox 1857 4757 2076 4825; x_wconf 78' lang='lat' dir='ltr'><strong>gravius</strong></span> 
     </span>
    </p>
   </div>
   <div class='ocr_carea' id='block_1_94' title="bbox 507 4830 2076 4916">
    <p class='ocr_par' dir='ltr' id='par_1_94' title="bbox 507 4830 2076 4916">
     <span class='ocr_line' id='line_1_94' title="bbox 507 4830 2076 4916; baseline 0.013 -34"><span class='ocrx_word' id='word_1_697' title='bbox 507 4830 732 4885; x_wconf 86' lang='lat' dir='ltr'><strong>advehit</strong></span> <span class='ocrx_word' id='word_1_698' title='bbox 760 4833 1090 4902; x_wconf 87' lang='lat' dir='ltr'><strong>supplicium</strong></span> <span class='ocrx_word' id='word_1_699' title='bbox 1124 4852 1138 4889; x_wconf 91' lang='lat'><strong>:</strong></span> <span class='ocrx_word' id='word_1_700' title='bbox 1168 4847 1410 4895; x_wconf 90' lang='lat' dir='ltr'><strong>attamen</strong></span> <span class='ocrx_word' id='word_1_701' title='bbox 1440 4841 1496 4895; x_wconf 93' lang='lat' dir='ltr'><strong>in</strong></span> <span class='ocrx_word' id='word_1_702' title='bbox 1527 4841 1632 4899; x_wconf 89' lang='lat' dir='ltr'><strong>hoc</strong></span> <span class='ocrx_word' id='word_1_703' title='bbox 1656 4860 1875 4916; x_wconf 89' lang='lat' dir='ltr'><strong>quoque</strong></span> <span class='ocrx_word' id='word_1_704' title='bbox 1900 4847 2076 4902; x_wconf 68' lang='lat' dir='ltr'><strong>extol-</strong></span> 
     </span>
    </p>
   </div>
   <div class='ocr_carea' id='block_1_95' title="bbox 505 4918 2077 5004">
    <p class='ocr_par' dir='ltr' id='par_1_95' title="bbox 505 4918 2077 5004">
     <span class='ocr_line' id='line_1_95' title="bbox 505 4918 2077 5004; baseline 0.015 -33"><span class='ocrx_word' id='word_1_705' title='bbox 505 4918 781 4974; x_wconf 83' lang='lat' dir='ltr'><strong>lcbatttur.</strong></span> <span class='ocrx_word' id='word_1_706' title='bbox 802 4922 955 4978; x_wconf 87' lang='lat' dir='ltr'><strong>Unde</strong></span> <span class='ocrx_word' id='word_1_707' title='bbox 968 4940 1076 4979; x_wconf 89' lang='lat' dir='ltr'><strong>non</strong></span> <span class='ocrx_word' id='word_1_708' title='bbox 1104 4926 1257 4986; x_wconf 88' lang='lat' dir='ltr'><strong>dicit.</strong></span> <span class='ocrx_word' id='word_1_709' title='bbox 1272 4927 1429 4995; x_wconf 79' lang='lat' dir='ltr'><strong>facis,</strong></span> <span class='ocrx_word' id='word_1_710' title='bbox 1462 4930 1581 4996; x_wconf 90' lang='lat' dir='ltr'><strong>sed,</strong></span> <span class='ocrx_word' id='word_1_711' title='bbox 1613 4951 1632 4983; x_wconf 81' lang='grc' dir='ltr'><strong>ι</strong></span> <span class='ocrx_word' id='word_1_712' title='bbox 1659 4932 1954 5004; x_wconf 82' lang='lat' dir='ltr'><strong>Cognoscis</strong></span> <span class='ocrx_word' id='word_1_713' title='bbox 1982 4936 2077 4994; x_wconf 87' lang='lat' dir='ltr'><strong>Dei</strong></span> 
     </span>
    </p>
   </div>
   <div class='ocr_carea' id='block_1_96' title="bbox 505 5011 2077 5100">
    <p class='ocr_par' dir='ltr' id='par_1_96' title="bbox 505 5011 2077 5100">
     <span class='ocr_line' id='line_1_96' title="bbox 505 5011 2077 5100; baseline 0.014 -38"><span class='ocrx_word' id='word_1_714' title='bbox 505 5011 863 5067; x_wconf 87' lang='lat' dir='ltr'><strong>voluntatem.</strong></span> <span class='ocrx_word' id='word_1_715' title='bbox 894 5035 914 5066; x_wconf 71' lang='grc' dir='ltr'><strong>ι</strong></span> <span class='ocrx_word' id='word_1_716' title='bbox 944 5046 1015 5056; x_wconf 91' lang='grc'><strong>-</strong></span> <span class='ocrx_word' id='word_1_717' title='bbox 1047 5038 1064 5069; x_wconf 79' lang='grc' dir='ltr'><strong>ι</strong></span> <span class='ocrx_word' id='word_1_718' title='bbox 1098 5020 1175 5074; x_wconf 83' lang='lat' dir='ltr'><strong>Ac</strong></span> <span class='ocrx_word' id='word_1_719' title='bbox 1202 5022 1404 5090; x_wconf 85' lang='lat' dir='ltr'><strong>probas</strong></span> <span class='ocrx_word' id='word_1_720' title='bbox 1431 5024 1630 5079; x_wconf 82' lang='lat' dir='ltr'><strong>eximia</strong></span> <span class='ocrx_word' id='word_1_721' title='bbox 1662 5024 1948 5084; x_wconf 86' lang='lat' dir='ltr'><strong>institutus</strong></span> <span class='ocrx_word' id='word_1_722' title='bbox 1976 5045 2077 5100; x_wconf 90' lang='lat' dir='ltr'><strong>per</strong></span> 
     </span>
    </p>
   </div>
   <div class='ocr_carea' id='block_1_97' title="bbox 2182 4573 3706 4655">
    <p class='ocr_par' dir='ltr' id='par_1_97' title="bbox 2182 4573 3706 4655">
     <span class='ocr_line' id='line_1_97' title="bbox 2182 4573 3706 4655; baseline -0.005 -19"><span class='ocrx_word' id='word_1_723' title='bbox 2182 4599 2330 4636; x_wconf 91' lang='grc' dir='ltr'>νοιαν</span> <span class='ocrx_word' id='word_1_724' title='bbox 2361 4581 2651 4637; x_wconf 80' lang='grc' dir='ltr'>σκώπτειν.</span> <span class='ocrx_word' id='word_1_725' title='bbox 2691 4599 2712 4633; x_wconf 83' lang='grc' dir='ltr'><strong>ι</strong></span> <span class='ocrx_word' id='word_1_726' title='bbox 2741 4581 2851 4636; x_wconf 84' lang='lat' dir='ltr'><strong>Kal</strong></span> <span class='ocrx_word' id='word_1_727' title='bbox 2877 4581 3165 4650; x_wconf 84' lang='grc' dir='ltr'>γινώσκεις</span> <span class='ocrx_word' id='word_1_728' title='bbox 3192 4582 3251 4655; x_wconf 73' lang='grc' dir='ltr'>τὸ</span> <span class='ocrx_word' id='word_1_729' title='bbox 3286 4581 3514 4652; x_wconf 84' lang='grc' dir='ltr'>θέλημα.</span> <span class='ocrx_word' id='word_1_730' title='bbox 3552 4597 3569 4630; x_wconf 74' lang='grc' dir='ltr'><strong>ι</strong></span> <span class='ocrx_word' id='word_1_731' title='bbox 3600 4573 3706 4631; x_wconf 81' lang='grc' dir='ltr'><strong>Καί-</strong></span> 
     </span>
    </p>
   </div>
   <div class='ocr_carea' id='block_1_98' title="bbox 2179 4672 3714 4745">
    <p class='ocr_par' dir='ltr' id='par_1_98' title="bbox 2179 4672 3714 4745">
     <span class='ocr_line' id='line_1_98' title="bbox 2179 4672 3714 4745; baseline -0.005 -17"><span class='ocrx_word' id='word_1_732' title='bbox 2179 4691 2262 4728; x_wconf 83' lang='grc' dir='ltr'><strong>τοι</strong></span> <span class='ocrx_word' id='word_1_733' title='bbox 2289 4673 2350 4727; x_wconf 82' lang='grc' dir='ltr'>τὸ</span> <span class='ocrx_word' id='word_1_734' title='bbox 2378 4673 2665 4743; x_wconf 85' lang='grc' dir='ltr'>γινώσκειν</span> <span class='ocrx_word' id='word_1_735' title='bbox 2704 4672 2824 4744; x_wconf 80' lang='grc' dir='ltr'>μὲν,</span> <span class='ocrx_word' id='word_1_736' title='bbox 2860 4672 2936 4745; x_wconf 86' lang='grc' dir='ltr'>μὴ</span> <span class='ocrx_word' id='word_1_737' title='bbox 2970 4676 3142 4728; x_wconf 82' lang='grc' dir='ltr'>ποιεῖν</span> <span class='ocrx_word' id='word_1_738' title='bbox 3190 4674 3268 4740; x_wconf 81' lang='grc' dir='ltr'>δὲ,</span> <span class='ocrx_word' id='word_1_739' title='bbox 3324 4673 3538 4727; x_wconf 80' lang='grc' dir='ltr'>πλείονα</span> <span class='ocrx_word' id='word_1_740' title='bbox 3564 4683 3714 4739; x_wconf 82' lang='grc' dir='ltr'>παρα-</span> 
     </span>
    </p>
   </div>
   <div class='ocr_carea' id='block_1_99' title="bbox 2183 4761 3713 4836">
    <p class='ocr_par' dir='ltr' id='par_1_99' title="bbox 2183 4761 3713 4836">
     <span class='ocr_line' id='line_1_99' title="bbox 2183 4761 3713 4836; baseline -0.003 -18"><span class='ocrx_word' id='word_1_741' title='bbox 2183 4762 2442 4829; x_wconf 81' lang='grc' dir='ltr'>σκευάζει</span> <span class='ocrx_word' id='word_1_742' title='bbox 2492 4764 2595 4835; x_wconf 76' lang='grc' dir='ltr'>τὴν</span> <span class='ocrx_word' id='word_1_743' title='bbox 2641 4764 2883 4819; x_wconf 82' lang='grc' dir='ltr'>κόλασιν.</span> <span class='ocrx_word' id='word_1_744' title='bbox 2919 4764 3059 4820; x_wconf 81' lang='grc' dir='ltr'>Ἀλλ’</span> <span class='ocrx_word' id='word_1_745' title='bbox 3099 4766 3248 4836; x_wconf 84' lang='grc' dir='ltr'>ὅμως</span> <span class='ocrx_word' id='word_1_746' title='bbox 3295 4767 3392 4819; x_wconf 74' lang='grc' dir='ltr'>καὶ</span> <span class='ocrx_word' id='word_1_747' title='bbox 3438 4764 3528 4817; x_wconf 75' lang='grc' dir='ltr'>ἐπὶ</span> <span class='ocrx_word' id='word_1_748' title='bbox 3566 4761 3713 4827; x_wconf 82' lang='grc' dir='ltr'>τούτῳ</span> 
     </span>
    </p>
   </div>
   <div class='ocr_carea' id='block_1_100' title="bbox 2183 4836 3711 4927">
    <p class='ocr_par' dir='ltr' id='par_1_100' title="bbox 2183 4836 3711 4927">
     <span class='ocr_line' id='line_1_100' title="bbox 2183 4836 3711 4927; baseline -0.004 -18"><span class='ocrx_word' id='word_1_749' title='bbox 2183 4855 2327 4927; x_wconf 88' lang='grc' dir='ltr'>μέγα</span> <span class='ocrx_word' id='word_1_750' title='bbox 2355 4836 2641 4926; x_wconf 61' lang='grc' dir='ltr'>ἐφρόνουν.</span> <span class='ocrx_word' id='word_1_751' title='bbox 2664 4854 2826 4909; x_wconf 88' lang='grc' dir='ltr'>’Ὀθεν</span> <span class='ocrx_word' id='word_1_752' title='bbox 2858 4856 2918 4909; x_wconf 85' lang='grc' dir='ltr'>οὐ</span> <span class='ocrx_word' id='word_1_753' title='bbox 2937 4855 3106 4926; x_wconf 86' lang='grc' dir='ltr'>λέγει,</span> <span class='ocrx_word' id='word_1_754' title='bbox 3123 4859 3317 4922; x_wconf 77' lang='grc' dir='ltr'>ποιεῖς,</span> <span class='ocrx_word' id='word_1_755' title='bbox 3343 4856 3496 4921; x_wconf 82' lang='grc' dir='ltr'>ἀλλὰ,</span> <span class='ocrx_word' id='word_1_756' title='bbox 3530 4873 3549 4906; x_wconf 83' lang='grc' dir='ltr'><strong>ι</strong></span> <span class='ocrx_word' id='word_1_757' title='bbox 3571 4853 3607 4906; x_wconf 86' lang='grc' dir='ltr'><strong>Γ</strong></span> <span class='ocrx_word' id='word_1_758' title='bbox 3610 4849 3711 4905; x_wconf 84' lang='grc' dir='ltr'><strong>ινώ-</strong></span> 
     </span>
    </p>
   </div>
   <div class='ocr_carea' id='block_1_101' title="bbox 2179 4938 3712 5018">
    <p class='ocr_par' dir='ltr' id='par_1_101' title="bbox 2179 4938 3712 5018">
     <span class='ocr_line' id='line_1_101' title="bbox 2179 4938 3712 5018; baseline -0.005 -18"><span class='ocrx_word' id='word_1_759' title='bbox 2179 4962 2331 5009; x_wconf 89' lang='grc' dir='ltr'>σκεις</span> <span class='ocrx_word' id='word_1_760' title='bbox 2357 4945 2417 4999; x_wconf 82' lang='grc' dir='ltr'>τὸ</span> <span class='ocrx_word' id='word_1_761' title='bbox 2442 4944 2535 4999; x_wconf 83' lang='grc' dir='ltr'><strong>τοῦ</strong></span> <span class='ocrx_word' id='word_1_762' title='bbox 2592 4944 2729 4998; x_wconf 80' lang='grc' dir='ltr'>Θεοῦ</span> <span class='ocrx_word' id='word_1_763' title='bbox 2765 4944 2997 5018; x_wconf 80' lang='grc' dir='ltr'>θέλημα.</span> <span class='ocrx_word' id='word_1_764' title='bbox 3036 4965 3057 5000; x_wconf 72' lang='grc' dir='ltr'><strong>ε</strong></span> <span class='ocrx_word' id='word_1_765' title='bbox 3112 4966 3131 5001; x_wconf 86' lang='grc' dir='ltr'><strong>ι</strong></span> <span class='ocrx_word' id='word_1_766' title='bbox 3171 4949 3280 5001; x_wconf 89' lang='lat' dir='ltr'><strong>Kal</strong></span> <span class='ocrx_word' id='word_1_767' title='bbox 3319 4946 3614 5018; x_wconf 81' lang='grc' dir='ltr'>δοκιμάζεις</span> <span class='ocrx_word' id='word_1_768' title='bbox 3656 4938 3712 4993; x_wconf 70' lang='grc' dir='ltr'><strong>τὰ</strong></span> 
     </span>
    </p>
   </div>
   <div class='ocr_carea' id='block_1_102' title="bbox 2175 5031 3711 5108">
    <p class='ocr_par' dir='ltr' id='par_1_102' title="bbox 2175 5031 3711 5108">
     <span class='ocr_line' id='line_1_102' title="bbox 2175 5031 3711 5108; baseline -0.002 -18"><span class='ocrx_word' id='word_1_769' title='bbox 2175 5035 2505 5107; x_wconf 84' lang='grc' dir='ltr'>διαφέροντα</span> <span class='ocrx_word' id='word_1_770' title='bbox 2552 5036 2959 5108; x_wconf 81' lang='grc' dir='ltr'>κατηχούμενος</span> <span class='ocrx_word' id='word_1_771' title='bbox 2995 5038 3060 5090; x_wconf 87' lang='grc' dir='ltr'><strong>ἐκ</strong></span> <span class='ocrx_word' id='word_1_772' title='bbox 3103 5037 3197 5091; x_wconf 83' lang='grc' dir='ltr'>τοῦ</span> <span class='ocrx_word' id='word_1_773' title='bbox 3248 5039 3434 5108; x_wconf 87' lang='grc' dir='ltr'>νόμου.</span> <span class='ocrx_word' id='word_1_774' title='bbox 3468 5056 3487 5090; x_wconf 72' lang='grc' dir='ltr'><strong>ι</strong></span> <span class='ocrx_word' id='word_1_775' title='bbox 3532 5035 3594 5088; x_wconf 88' lang='lat' dir='ltr'><strong>&#39;ll</strong></span> <span class='ocrx_word' id='word_1_776' title='bbox 3622 5031 3711 5099; x_wconf 72' lang='grc' dir='ltr'>γὰρ</span> 
     </span>
    </p>
   </div>
   <div class='ocr_carea' id='block_1_103' title="bbox 503 5101 2081 5202">
    <p class='ocr_par' dir='ltr' id='par_1_103' title="bbox 503 5101 2074 5179">
     <span class='ocr_line' id='line_1_103' title="bbox 503 5101 2074 5179; baseline 0.017 -26"><span class='ocrx_word' id='word_1_777' title='bbox 503 5101 702 5171; x_wconf 85' lang='lat' dir='ltr'><strong>legem.</strong></span> <span class='ocrx_word' id='word_1_778' title='bbox 741 5122 760 5155; x_wconf 72' lang='grc' dir='ltr'><strong>ι</strong></span> <span class='ocrx_word' id='word_1_779' title='bbox 802 5104 961 5177; x_wconf 87' lang='lat' dir='ltr'><strong>Legis</strong></span> <span class='ocrx_word' id='word_1_780' title='bbox 995 5109 1143 5164; x_wconf 88' lang='lat' dir='ltr'><strong>enim</strong></span> <span class='ocrx_word' id='word_1_781' title='bbox 1182 5114 1420 5169; x_wconf 90' lang='lat' dir='ltr'><strong>eruditio</strong></span> <span class='ocrx_word' id='word_1_782' title='bbox 1464 5117 1617 5171; x_wconf 87' lang='lat' dir='ltr'><strong>novit</strong></span> <span class='ocrx_word' id='word_1_783' title='bbox 1646 5128 1835 5176; x_wconf 84' lang='lat' dir='ltr'><strong>exacte</strong></span> <span class='ocrx_word' id='word_1_784' title='bbox 1876 5120 2074 5179; x_wconf 88' lang='lat' dir='ltr'><strong>docere</strong></span> 
     </span>
    </p>
   </div>
   <div class='ocr_carea' id='block_1_104' title="bbox 2183 5101 3708 5202">
    <p class='ocr_par' dir='ltr' id='par_1_104' title="bbox 2183 5101 3708 5202">
     <span class='ocr_line' id='line_1_104' title="bbox 2183 5101 3708 5202; baseline 0.004 -19"><span class='ocrx_word' id='word_1_785' title='bbox 2183 5130 2266 5183; x_wconf 82' lang='grc' dir='ltr'>τοῦ</span> <span class='ocrx_word' id='word_1_786' title='bbox 2281 5101 2460 5200; x_wconf 26' lang='grc' dir='ltr'>*νόμου</span> <span class='ocrx_word' id='word_1_787' title='bbox 2488 5101 2813 5200; x_wconf 37' lang='grc' dir='ltr'>κατήχτῖσις.</span> <span class='ocrx_word' id='word_1_788' title='bbox 2848 5126 2959 5185; x_wconf 74' lang='grc' dir='ltr'>οἵδε</span> <span class='ocrx_word' id='word_1_789' title='bbox 2992 5131 3102 5184; x_wconf 89' lang='grc' dir='ltr'><strong>τῶν</strong></span> <span class='ocrx_word' id='word_1_790' title='bbox 3135 5101 3512 5202; x_wconf 69' lang='grc' dir='ltr'>συμφερόντων</span> <span class='ocrx_word' id='word_1_791' title='bbox 3536 5124 3708 5195; x_wconf 74' lang='grc' dir='ltr'>ἀκριδῆ</span> 
     </span>
    </p>
   </div>
   <div class='ocr_carea' id='block_1_105' title="bbox 503 5192 2081 5294">
    <p class='ocr_par' dir='ltr' id='par_1_105' title="bbox 503 5192 2071 5271">
     <span class='ocr_line' id='line_1_105' title="bbox 503 5192 2071 5271; baseline 0.017 -27"><span class='ocrx_word' id='word_1_792' title='bbox 503 5192 935 5260; x_wconf 83' lang='lat' dir='ltr'><strong>explorationem</strong></span> <span class='ocrx_word' id='word_1_793' title='bbox 967 5213 1161 5254; x_wconf 86' lang='lat' dir='ltr'><strong>eorum</strong></span> <span class='ocrx_word' id='word_1_794' title='bbox 1189 5217 1308 5271; x_wconf 64' lang='lat' dir='ltr'><strong>quae</strong></span> <span class='ocrx_word' id='word_1_795' title='bbox 1336 5204 1648 5263; x_wconf 84' lang='lat' dir='ltr'><strong>conferunt.</strong></span> <span class='ocrx_word' id='word_1_796' title='bbox 1684 5209 1750 5265; x_wconf 79' lang='lat' dir='ltr'><strong>lli</strong></span> <span class='ocrx_word' id='word_1_797' title='bbox 1779 5227 1913 5268; x_wconf 90' lang='lat' dir='ltr'><strong>vero</strong></span> <span class='ocrx_word' id='word_1_798' title='bbox 1946 5227 2071 5268; x_wconf 87' lang='lat' dir='ltr'><strong>cum</strong></span> 
     </span>
    </p>
   </div>
   <div class='ocr_carea' id='block_1_106' title="bbox 2183 5192 3708 5294">
    <p class='ocr_par' dir='ltr' id='par_1_106' title="bbox 2183 5192 3708 5294">
     <span class='ocr_line' id='line_1_106' title="bbox 2183 5192 3708 5294; baseline -0.005 -18"><span class='ocrx_word' id='word_1_799' title='bbox 2183 5192 2501 5292; x_wconf 65' lang='grc' dir='ltr'>δοκιμασίαν</span> <span class='ocrx_word' id='word_1_800' title='bbox 2542 5192 2838 5289; x_wconf 58' lang='grc' dir='ltr'>ἐκδιδάξαι.</span> <span class='ocrx_word' id='word_1_801' title='bbox 2888 5217 3047 5278; x_wconf 76' lang='grc' dir='ltr'>Οὗτοι</span> <span class='ocrx_word' id='word_1_802' title='bbox 3080 5224 3137 5277; x_wconf 72' lang='grc' dir='ltr'>δὲ</span> <span class='ocrx_word' id='word_1_803' title='bbox 3186 5192 3270 5294; x_wconf 45' lang='grc' dir='ltr'><strong>μὴ.</strong></span> <span class='ocrx_word' id='word_1_804' title='bbox 3318 5192 3613 5282; x_wconf 68' lang='grc' dir='ltr'>ποιοῦντες,</span> <span class='ocrx_word' id='word_1_805' title='bbox 3632 5222 3708 5269; x_wconf 75' lang='grc' dir='ltr'>καὶ</span> 
     </span>
    </p>
   </div>
   <div class='ocr_carea' id='block_1_107' title="bbox 502 5288 2069 5375">
    <p class='ocr_par' dir='ltr' id='par_1_107' title="bbox 502 5288 2069 5375">
     <span class='ocr_line' id='line_1_107' title="bbox 502 5288 2069 5375; baseline 0.017 -40"><span class='ocrx_word' id='word_1_806' title='bbox 502 5296 615 5337; x_wconf 87' lang='lat' dir='ltr'><strong>non</strong></span> <span class='ocrx_word' id='word_1_807' title='bbox 659 5294 1005 5354; x_wconf 65' lang='lat' dir='ltr'><strong>praestarent,</strong></span> <span class='ocrx_word' id='word_1_808' title='bbox 1045 5288 1101 5345; x_wconf 89' lang='lat' dir='ltr'><strong>in</strong></span> <span class='ocrx_word' id='word_1_809' title='bbox 1149 5291 1253 5348; x_wconf 89' lang='lat' dir='ltr'><strong>hoc</strong></span> <span class='ocrx_word' id='word_1_810' title='bbox 1288 5295 1453 5351; x_wconf 89' lang='lat' dir='ltr'><strong>etiam</strong></span> <span class='ocrx_word' id='word_1_811' title='bbox 1499 5300 1890 5369; x_wconf 82' lang='lat' dir='ltr'><strong>eﬂ&#39;erebantur,</strong></span> <span class='ocrx_word' id='word_1_812' title='bbox 1921 5305 2069 5375; x_wconf 90' lang='lat' dir='ltr'><strong>quod</strong></span> 
     </span>
    </p>
   </div>
   <div class='ocr_carea' id='block_1_108' title="bbox 505 5374 2062 5464">
    <p class='ocr_par' dir='ltr' id='par_1_108' title="bbox 505 5374 2062 5464">
     <span class='ocr_line' id='line_1_108' title="bbox 505 5374 2062 5464; baseline 0.013 -36"><span class='ocrx_word' id='word_1_813' title='bbox 505 5374 722 5431; x_wconf 89' lang='lat' dir='ltr'><strong>utilium</strong></span> <span class='ocrx_word' id='word_1_814' title='bbox 780 5392 1006 5435; x_wconf 88' lang='lat' dir='ltr'><strong>nossent</strong></span> <span class='ocrx_word' id='word_1_815' title='bbox 1055 5383 1510 5453; x_wconf 75' lang='lat' dir='ltr'><strong>explorationem.</strong></span> <span class='ocrx_word' id='word_1_816' title='bbox 1563 5408 1580 5441; x_wconf 84' lang='grc' dir='ltr'><strong>ι</strong></span> <span class='ocrx_word' id='word_1_817' title='bbox 1627 5374 1999 5464; x_wconf 74' lang='lat' dir='ltr'><strong>Confidisque.</strong></span> <span class='ocrx_word' id='word_1_818' title='bbox 2041 5414 2062 5449; x_wconf 74' lang='grc' dir='ltr'><strong>ι</strong></span> 
     </span>
    </p>
   </div>
   <div class='ocr_carea' id='block_1_109' title="bbox 500 5464 2069 5554">
    <p class='ocr_par' dir='ltr' id='par_1_109' title="bbox 500 5464 2069 5554">
     <span class='ocr_line' id='line_1_109' title="bbox 500 5464 2069 5554; baseline 0.014 -35"><span class='ocrx_word' id='word_1_819' title='bbox 500 5464 621 5521; x_wconf 85' lang='lat' dir='ltr'><strong>Non</strong></span> <span class='ocrx_word' id='word_1_820' title='bbox 649 5481 730 5534; x_wconf 89' lang='lat' dir='ltr'><strong>es,</strong></span> <span class='ocrx_word' id='word_1_821' title='bbox 758 5468 957 5539; x_wconf 85' lang='lat' dir='ltr'><strong>inquit,</strong></span> <span class='ocrx_word' id='word_1_822' title='bbox 990 5472 1100 5527; x_wconf 70' lang='lat' dir='ltr'><strong>dux</strong></span> <span class='ocrx_word' id='word_1_823' title='bbox 1134 5490 1425 5543; x_wconf 83' lang='lat' dir='ltr'><strong>caecorum,</strong></span> <span class='ocrx_word' id='word_1_824' title='bbox 1451 5479 1545 5535; x_wconf 90' lang='lat' dir='ltr'><strong>sed</strong></span> <span class='ocrx_word' id='word_1_825' title='bbox 1575 5480 1649 5535; x_wconf 88' lang='lat' dir='ltr'><strong>ita</strong></span> <span class='ocrx_word' id='word_1_826' title='bbox 1677 5483 1744 5538; x_wconf 83' lang='lat' dir='ltr'><strong>de</strong></span> <span class='ocrx_word' id='word_1_827' title='bbox 1780 5485 1954 5554; x_wconf 84' lang='lat' dir='ltr'><strong>teipso</strong></span> <span class='ocrx_word' id='word_1_828' title='bbox 1980 5502 2069 5541; x_wconf 89' lang='lat' dir='ltr'><strong>ar-</strong></span> 
     </span>
    </p>
   </div>
   <div class='ocr_carea' id='block_1_110' title="bbox 500 5554 2069 5643">
    <p class='ocr_par' dir='ltr' id='par_1_110' title="bbox 500 5554 2069 5643">
     <span class='ocr_line' id='line_1_110' title="bbox 500 5554 2069 5643; baseline 0.015 -32"><span class='ocrx_word' id='word_1_829' title='bbox 500 5554 744 5613; x_wconf 82' lang='lat' dir='ltr'><strong>bitraris.</strong></span> <span class='ocrx_word' id='word_1_830' title='bbox 782 5558 971 5618; x_wconf 68' lang='lat' dir='ltr'><strong>Caecos</strong></span> <span class='ocrx_word' id='word_1_831' title='bbox 1008 5573 1190 5621; x_wconf 87' lang='lat' dir='ltr'><strong>autem</strong></span> <span class='ocrx_word' id='word_1_832' title='bbox 1239 5579 1399 5625; x_wconf 90' lang='lat' dir='ltr'><strong>vocat</strong></span> <span class='ocrx_word' id='word_1_833' title='bbox 1440 5585 1556 5640; x_wconf 89' lang='lat' dir='ltr'><strong>eos,</strong></span> <span class='ocrx_word' id='word_1_834' title='bbox 1599 5574 1693 5643; x_wconf 91' lang='lat' dir='ltr'><strong>qui</strong></span> <span class='ocrx_word' id='word_1_835' title='bbox 1732 5575 1790 5630; x_wconf 92' lang='lat' dir='ltr'><strong>in</strong></span> <span class='ocrx_word' id='word_1_836' title='bbox 1825 5578 2069 5635; x_wconf 89' lang='lat' dir='ltr'><strong>tenebris</strong></span> 
     </span>
    </p>
   </div>
   <div class='ocr_carea' id='block_1_111' title="bbox 570 5727 982 5800">
    <p class='ocr_par' dir='ltr' id='par_1_111' title="bbox 570 5727 982 5800">
     <span class='ocr_line' id='line_1_111' title="bbox 570 5727 982 5800; baseline 0.002 -12"><span class='ocrx_word' id='word_1_837' title='bbox 570 5727 592 5760; x_wconf 70' lang='grc'><strong><em>⁵</em></strong></span> <span class='ocrx_word' id='word_1_838' title='bbox 618 5728 779 5788; x_wconf 79' lang='lat' dir='ltr'><strong>Joan.</strong></span> <span class='ocrx_word' id='word_1_839' title='bbox 801 5749 853 5800; x_wconf 88' lang='lat' dir='ltr'><strong>v,</strong></span> <span class='ocrx_word' id='word_1_840' title='bbox 890 5734 982 5789; x_wconf 73' lang='grc'><strong>22.</strong></span> 
     </span>
    </p>
   </div>
   <div class='ocr_carea' id='block_1_112' title="bbox 2180 5307 3707 5385">
    <p class='ocr_par' dir='ltr' id='par_1_112' title="bbox 2180 5307 3707 5385">
     <span class='ocr_line' id='line_1_112' title="bbox 2180 5307 3707 5385; baseline -0.003 -20"><span class='ocrx_word' id='word_1_841' title='bbox 2180 5311 2273 5365; x_wconf 80' lang='grc' dir='ltr'>ἐπὶ</span> <span class='ocrx_word' id='word_1_842' title='bbox 2305 5312 2386 5380; x_wconf 84' lang='grc' dir='ltr'>τῷ</span> <span class='ocrx_word' id='word_1_843' title='bbox 2438 5312 2638 5365; x_wconf 77' lang='grc' dir='ltr'>εἰδέναι</span> <span class='ocrx_word' id='word_1_844' title='bbox 2669 5312 2770 5381; x_wconf 73' lang='grc' dir='ltr'>τὴν</span> <span class='ocrx_word' id='word_1_845' title='bbox 2822 5313 2934 5367; x_wconf 86' lang='grc' dir='ltr'><strong>τῶν</strong></span> <span class='ocrx_word' id='word_1_846' title='bbox 2991 5315 3376 5385; x_wconf 81' lang='grc' dir='ltr'>συμφερόντων</span> <span class='ocrx_word' id='word_1_847' title='bbox 3420 5307 3707 5380; x_wconf 83' lang='grc' dir='ltr'>δοκιμασίαν</span> 
     </span>
    </p>
   </div>
   <div class='ocr_carea' id='block_1_113' title="bbox 2178 5397 3704 5472">
    <p class='ocr_par' dir='ltr' id='par_1_113' title="bbox 2178 5397 3704 5472">
     <span class='ocr_line' id='line_1_113' title="bbox 2178 5397 3704 5472; baseline 0.003 -19"><span class='ocrx_word' id='word_1_848' title='bbox 2178 5401 2322 5472; x_wconf 87' lang='grc' dir='ltr'>μέγα</span> <span class='ocrx_word' id='word_1_849' title='bbox 2377 5403 2655 5471; x_wconf 78' lang='grc' dir='ltr'>ἐφρόνουν.</span> <span class='ocrx_word' id='word_1_850' title='bbox 2695 5420 2714 5453; x_wconf 81' lang='grc' dir='ltr'><strong>ι</strong></span> <span class='ocrx_word' id='word_1_851' title='bbox 2752 5402 3025 5467; x_wconf 86' lang='grc' dir='ltr'>Πέποιθάς</span> <span class='ocrx_word' id='word_1_852' title='bbox 3081 5420 3160 5458; x_wconf 84' lang='grc' dir='ltr'><strong>τε.</strong></span> <span class='ocrx_word' id='word_1_853' title='bbox 3199 5424 3217 5456; x_wconf 74' lang='grc' dir='ltr'><strong>ι</strong></span> <span class='ocrx_word' id='word_1_854' title='bbox 3273 5405 3385 5458; x_wconf 84' lang='grc' dir='ltr'><strong>Οὐκ</strong></span> <span class='ocrx_word' id='word_1_855' title='bbox 3431 5397 3498 5465; x_wconf 78' lang='grc' dir='ltr'>εἶ,</span> <span class='ocrx_word' id='word_1_856' title='bbox 3550 5398 3704 5468; x_wconf 57' lang='grc' dir='ltr'><strong>φησὶν,</strong></span> 
     </span>
    </p>
   </div>
   <div class='ocr_carea' id='block_1_114' title="bbox 2174 5484 3704 5566">
    <p class='ocr_par' dir='ltr' id='par_1_114' title="bbox 2174 5484 3704 5566">
     <span class='ocr_line' id='line_1_114' title="bbox 2174 5484 3704 5566; baseline 0.006 -25"><span class='ocrx_word' id='word_1_857' title='bbox 2174 5491 2365 5561; x_wconf 58' lang='lat' dir='ltr'><strong>tam;</strong></span> <span class='ocrx_word' id='word_1_858' title='bbox 2417 5491 2655 5560; x_wconf 84' lang='grc' dir='ltr'>τυφλῶν,</span> <span class='ocrx_word' id='word_1_859' title='bbox 2703 5492 2821 5547; x_wconf 79' lang='grc' dir='ltr'>ἀλλ’</span> <span class='ocrx_word' id='word_1_860' title='bbox 2880 5493 3021 5548; x_wconf 71' lang='grc' dir='ltr'>οὕτω</span> <span class='ocrx_word' id='word_1_861' title='bbox 3070 5495 3200 5566; x_wconf 77' lang='grc' dir='ltr'>περὶ</span> <span class='ocrx_word' id='word_1_862' title='bbox 3252 5492 3474 5548; x_wconf 88' lang='grc' dir='ltr'>σεαυτοῦ</span> <span class='ocrx_word' id='word_1_863' title='bbox 3524 5484 3704 5557; x_wconf 66' lang='grc' dir='ltr'>λογίξῠ-</span> 
     </span>
    </p>
   </div>
   <div class='ocr_carea' id='block_1_115' title="bbox 2176 5574 3703 5657">
    <p class='ocr_par' dir='ltr' id='par_1_115' title="bbox 2176 5574 3703 5657">
     <span class='ocr_line' id='line_1_115' title="bbox 2176 5574 3703 5657; baseline 0.007 -20"><span class='ocrx_word' id='word_1_864' title='bbox 2176 5583 2425 5655; x_wconf 79' lang='grc' dir='ltr'>Τυφλοὺς</span> <span class='ocrx_word' id='word_1_865' title='bbox 2451 5584 2509 5639; x_wconf 76' lang='grc' dir='ltr'>δὲ</span> <span class='ocrx_word' id='word_1_866' title='bbox 2540 5584 2690 5655; x_wconf 88' lang='grc' dir='ltr'>λέγει</span> <span class='ocrx_word' id='word_1_867' title='bbox 2731 5586 2826 5641; x_wconf 72' lang='grc' dir='ltr'>καὶ</span> <span class='ocrx_word' id='word_1_868' title='bbox 2856 5587 2914 5642; x_wconf 79' lang='grc' dir='ltr'><strong>ἐν</strong></span> <span class='ocrx_word' id='word_1_869' title='bbox 2959 5588 3161 5657; x_wconf 88' lang='grc' dir='ltr'>σκότει,</span> <span class='ocrx_word' id='word_1_870' title='bbox 3221 5589 3314 5644; x_wconf 72' lang='grc' dir='ltr'>καὶ</span> <span class='ocrx_word' id='word_1_871' title='bbox 3359 5588 3604 5657; x_wconf 72' lang='grc' dir='ltr'>ἄφρονας,</span> <span class='ocrx_word' id='word_1_872' title='bbox 3628 5574 3703 5633; x_wconf 61' lang='grc' dir='ltr'><strong>καὶ</strong></span> 
     </span>
    </p>
   </div>
  </div>
