3978 6578
3466 379 3575 443 352

289 386 401 452 3&1
1285 368 1293 382 '
1353 386 1741 449 COMMEXT.
1783 386 1861 447 ΙΝ
1895 384 2137 445 EPIST.
2179 385 2279 445 AD
2319 383 2502 444 non.

293 501 552 569 νηπίους,
576 498 702 563 τοὺς
729 496 1255 569 προσκολλωμένουςι
1277 498 1460 560 αὐτοῖς
1490 495 1886 568 προσηλύτους,

2019 502 2282 550 'crsantur
2317 512 2329 547 :
2359 502 2416 547 et
2449 491 2772 562 insipientes
2801 507 2865 547 ac
2896 490 3182 562 imperitos
3208 490 3344 547 dicit
3369 491 3577 551 ludatis

294 591 349 644 οἳ
384 589 543 643 οὔπω
576 590 783 658 εἴδησιν
815 585 961 658 εἶχον
988 588 1083 642 τοῦ
1129 586 1317 658 νόμον.
1360 586 1584 650 Τούτοις
1628 586 1737 655 γὰρ
1776 586 1890 647 τοῖς

2019 587 2341 643 idhaerentes
2383 587 2692 658 proselytos
2729 587 2821 656 qui
2862 586 2999 657 legis
3032 585 3399 657 cognitionem
3442 602 3583 642 non-

293 682 565 751 ὀνόμασιν
610 681 718 735 ἀπὺ
764 678 1072 744 κενοδοξίας
1123 678 1281 733 αὐτοὶ
1333 677 1462 742 τοὺς
1514 675 1892 746 προσηλύτους

2019 680 2123 735 lum
2171 680 2466 735 habebant.
2512 678 2607 734 llis
2654 694 2889 749 namque
2930 679 3246 734 nominibus
3286 694 3395 749 prae
3429 678 3582 735 inani

292 775 557 829 ἐκάλουν.
602 774 695 827 Διὸ
740 774 837 827 καὶ
869 773 1032 837 αὐτὸς
1064 773 1249 843 ἡρέμα
1305 771 1675 835 ὲπονειδίζων,
1708 769 1892 831 αὐτοῖς

2019 773 2165 843 gloria
2227 773 2534 843 proselytos
2594 773 2985 843 appellabant,
3052 771 3289 842 ideoque
3346 773 3586 842 Aposto-

297 868 515 930 τούτοις
551 869 663 931 τοῖς
696 866 961 931 τοιούτοις
985 868 1243 937 ὀνόμασιν
1270 865 1565 936 ἐχρήσατο.
1603 880 1621 915 ι
1653 862 1892 932 Ἐχοντα

2019 881 2083 921 us
2115 865 2276 920 tacite
2307 865 2395 920 his
2422 865 2558 935 ipsis
2584 865 2948 935 exprobrans,
2978 863 3298 935 hujusmodi
3332 879 3468 920 usus
3495 871 3585 920 est

298 961 404 1031 τὴν
463 960 747 1030 μόρφωσιν
799 963 899 1031 τῆς
949 957 1204 1029 γνώσεως
1248 960 1344 1012 καί
1380 958 1482 1028 τῆς
1545 955 1821 1027 ἀληθείας.
1867 973 1887 1007 ο

2019 958 2349 1013 nominibus:
2379 978 2397 1010 ι
2422 957 2729 1013 llabentem
2766 958 2996 1013 formam
3030 958 3359 1027 cognitionis
3395 973 3460 1013 ac
3490 972 3587 1013 ve-

302 1052 536 1120 Εὑφυῶς
559 1047 681 1104 εἷπε
740 1069 759 1103 ι
798 1051 1099 1121 Μόρφωσιν
1124 1049 1380 1120 γνώσεως
1406 1049 1500 1103 καὶ
1533 1046 1837 1111 εὐσεϐείας,
1869 1064 1890 1099 ι

2019 1050 2199 1105 'itatis.
2238 1069 2257 1102 ι
2291 1050 2439 1105 Scite
2463 1049 2623 1117 dixit,
2653 1049 2907 1105 Formam
2938 1049 3270 1120 cognitionis
3299 1049 3585 1120 divinique

294 1144 484 1214 δηλῶν
512 1146 591 1198 ὅτι
622 1144 723 1196 ούκ
762 1143 935 1213 αὐτὴν
988 1144 1171 1214 έχουσι
1228 1143 1327 1214 τὴν
1357 1142 1533 1213 ἅληθῆ
1563 1141 1767 1210 γνῶσιν
1803 1139 1897 1192 καὶ

296 1236 617 1298 εὐσέϐειαν,
648 1236 766 1288 ἀλλ’
803 1237 1141 1290 ἐπίπλαστον
1176 1236 1363 1290 εἰκόνα
1391 1234 1536 1300 τινὰ,
1572 1235 1760 1305 σχῆμα
1797 1232 1897 1305 μὲν

301 1329 543 1397 ἔχουσαν
572 1329 852 1399 ἀληθείας,
876 1330 977 1383 οὐκ
1003 1325 1169 1384 οὖσαν
1190 1328 1268 1385 δέ.
1297 1328 1494 1392 Καλῶς
1522 1328 1579 1381 δὲ
1609 1330 1785 1381 κεῖται
1814 1327 1896 1390 τὸ,

305 1441 330 1473 σ
372 1421 465 1473 Ἐν
495 1420 572 1491 τῷ
609 1422 780 1490 νόμῳ.
822 1440 840 1472 ι
874 1419 1021 1473 Ἔδει
1053 1420 1161 1489 γὰρ
1183 1421 1286 1490 τὴν
1320 1421 1507 1474 εἰκόνα
1554 1419 1653 1489 τὴν
1696 1417 1897 1488 ἀληθῇ

299 1514 369 1566 ἑν
403 1512 484 1583 τῷ
534 1512 798 1565 συνειδότι
850 1511 949 1564 καὶ
993 1513 1050 1565 ὲν
1082 1517 1202 1574 ταῖς
1262 1510 1495 1582 πράξεσι
1557 1510 1895 1581 κεκτῆσθαι·

305 1607 378 1660 σὺ
401 1606 481 1669 δὲ,
504 1605 661 1674 φησι,
692 1604 835 1673 μέγα
868 1606 1104 1676 φρονεῖς,
1150 1602 1226 1667 ὡς
1279 1604 1361 1658 ὅτι
1403 1603 1432 1656 6
1470 1602 1631 1674 νόμος
1663 1602 1773 1672 ἔχει
1802 1603 1901 1672 τὴν

302 1699 501 1752 εἰκόνα
525 1698 752 1767 ταύτην,
805 1696 918 1748 ἀλλ’
969 1696 1124 1750 οὐδὲν
1179 1694 1340 1749 τοῦτο
1376 1695 1513 1766 πρὸς
1548 1694 1643 1759 σὲ,
1674 1694 1796 1747 ἐπεὶ
1826 1693 1902 1767 μὴ

307 1790 546 1861 ποιητὴς
576 1784 627 1843 εί
656 1788 753 1842 τοῦ
779 1790 1298 1859 νόμω-Ἄλλως.
1344 1787 1545 1861 [ΦΩΤ.]
1581 1786 1902 1858 λίορφοῦται

304 1875 414 1943 τὴν
469 1875 755 1946 μόρφωσιν
807 1874 906 1944 τῆς
953 1873 1210 1943 γνώσεως
1264 1874 1357 1927 καὶ
1410 1876 1509 1944 τῆς
1543 1875 1601 1926 ὲν
1636 1871 1715 1942 τῷ
1753 1872 1903 1943 νόμῳ

307 1966 600 2036 ἀληθείας,
634 1969 663 2020 6
692 1966 849 2029 εἰδὼς
877 1967 1041 2021 αύτδν
1067 1968 1160 2020 καὶ
1193 1965 1612 2036 πολιτευόμενος
1642 1965 1765 2020 κατ’
1802 1965 1902 2016 αύ-

303 2060 427 2112 τόν.
455 2061 680 2113 Τέθεικε
709 2060 839 2130 γὰρ,
872 2059 932 2113 τὸ
960 2059 1061 2130 μὲν
1095 2078 1115 2112 ι
1162 2059 1443 2132 μόρφωσιν
1470 2056 1778 2126 γνὼσεως,ι
1808 2058 1903 2109 ἐπὶ

304 2151 409 2206 τοῦ
435 2152 657 2217 εἰδέναι,
676 2153 736 2206 τὸ
753 2152 809 2206 δε
826 2171 844 2203 ι
868 2153 1147 2224 μόρφωσιν
1170 2151 1449 2223 ἀληθείας,
1465 2171 1486 2205 s
1511 2151 1604 2204 ἐπὶ
1616 2148 1711 2204 τοῦ
1729 2149 1905 2221 πράτ-

308 2260 461 2301 τειν.
502 2244 741 2309 Ἐκεῖνος
774 2246 886 2316 γὰρ
914 2247 1089 2318 ἀληθῆ
1127 2247 1227 2318 τὴν
1284 2249 1343 2300 ὲν
1399 2245 1480 2318 τῷ
1524 2246 1675 2316 νόμῳ
1704 2246 1906 2314 γνῶσιν

307 2335 632 2401 δεικνύει,ό
658 2336 747 2389 διὰ
796 2336 907 2390 τῶν
953 2336 1133 2407 ἔργων
1183 2336 1410 2409 πληρῶν
1463 2337 1658 2408 αὐτὴν,
1700 2337 1908 2399 ἐκεῖνος

313 2427 544 2496 πιστήν.
570 2427 641 2480 Σὺ
665 2427 744 2493 δὲ,
773 2426 933 2497 φησὶ,
953 2427 1220 2493 πέποιθας
1251 2428 1477 2483 σεαυτὸν
1514 2423 1653 2483 εἶναι
1689 2429 1911 2482 παιδευ-

314 2523 425 2589 τὴν
483 2519 579 2572 καὶ
628 2519 821 2589 ὁδηγὸν
872 2521 967 2572 καὶ
1009 2520 1353 2585 διδάσκαλον,
1386 2521 1484 2591 οὐχ
1520 2519 1731 2587 ἁπλῶς,
1792 2518 1908 2572 ἀλλ’

314 2612 520 2681 ἔχοντα
549 2610 648 2682 τὴν
683 2611 965 2681 μόρφωσιν
994 2614 1092 2682 τῆς
1122 2613 1181 2668 ὲν
1212 2611 1290 2682 τῷ
1319 2611 1468 2682 νόμῳ
1497 2611 1775 2680 γνώσεως,
1816 2611 1910 2663 καὶ

314 2702 425 2772 τῆς
456 2705 515 2755 ὲν
543 2701 622 2771 τῷ
653 2702 804 2774 νόμῳ
856 2702 1115 2772 ἀληθείας
1147 2721 1160 2735 ’
1221 2703 1394 2766 οὕτως
1435 2702 1492 2756 δὲ
1524 2703 1804 2775 πολιτεύῃ,
1835 2701 1911 2766 ὡς

321 2794 469 2865 μηδὲ
493 2794 848 2858 διδασκαλίας
899 2794 1127 2866 νομικῆς
1164 2812 1253 2849 πω
1301 2795 1563 2859 ἀκούσας.
1606 2796 1666 2850 '0
1697 2794 1788 2849 οὖν
1815 2795 1911 2867 τὴν

321 2888 618 2957 μόρφωσιν
682 2886 960 2950 πεποιθὼς
1012 2887 1157 2959 ἔχειν
1204 2886 1306 2957 τῆς
1359 2886 1617 2957 γνώσεως
1672 2888 1769 2942 καὶ
1813 2889 1913 2959 τῆς

318 2979 610 3048 ἀληθείας,
665 2981 693 3034 6
739 2981 849 3034 τῶν
884 2981 1137 3052 ἀφρόνων
1168 2979 1484 3051 παιδευτὴς,
1527 2981 1556 3035 6
1610 2980 1825 3050 ὁδηγδς,
1885 2982 1913 3033 ὁ

316 3072 646 3135 διδασκαλος
698 3069 839 3128 εἶναι
892 3071 1190 3139 πεποιθὼς,
1225 3074 1443 3146 πρῶτον
1500 3075 1723 3129 σεαυτὸν
1770 3074 1915 3129 δίδα-

1999 1144 2203 1208 cultus,
2238 1141 2556 1213 signiﬁcans
2589 1140 2737 1211 quod
2782 1140 2954 1210 ipsam
2992 1156 3177 1195 veram
3212 1139 3585 1211 cognitionem

1999 1235 2361 1305 divinumque
2384 1233 2594 1289 cultum
2619 1248 2730 1287 non
2757 1232 3045 1293 haberent.
3071 1231 3165 1286 sed
3190 1231 3422 1287 elIictam
3451 1232 3588 1287 ima-

2000 1329 2180 1399 ginem
2212 1328 2526 1397 qnamdam,
2545 1324 2775 1380 formam
2805 1325 3028 1395 quidem
3062 1324 3358 1380 habentem
3388 1325 3591 1380 verita-

2005 1420 2095 1478 tis,
2120 1434 2241 1488 quae
2270 1427 2454 1473 tamen
2488 1433 2600 1472 non
2624 1426 2787 1472 esset.
2815 1416 2960 1471 Bene
2984 1423 3171 1470 autem
3195 1416 3348 1470 addit
3374 1433 3387 1469 :
3423 1415 3591 1483 «Qum

2006 1512 2060 1566 in
2098 1511 2216 1581 lege
2252 1520 2355 1565 est.
2393 1528 2412 1562 ι
2453 1508 2738 1579 Siqui:'em
2778 1508 3025 1578 Oportuit
3064 1523 3251 1563 veram
3294 1508 3588 1579 imaginem

2006 1602 2060 1656 in
2107 1601 2449 1658 conscientia
2495 1600 2771 1671 bonisque
2808 1600 3076 1670 operibus
3116 1601 3279 1655 sitam
3316 1615 3438 1654 esse
3480 1616 3495 1652 :
3529 1607 3589 1654 tu

2004 1711 2140 1751 vero
2161 1695 2460 1759 extolleris,
2494 1693 2709 1765 inquit:
2734 1702 2925 1763 utpote
2949 1692 3095 1763 quod
3120 1691 3417 1762 imaginem
3447 1691 3593 1747 hanc

2005 1790 2094 1846 lex
2125 1788 2346 1852 habeat,
2391 1804 2584 1843 verum
2623 1786 2678 1841 id
2720 1786 2858 1842 nihil
2902 1785 2968 1841 ad
3006 1794 3060 1839 te
3101 1784 3193 1855 qui
3241 1785 3377 1856 legis
3417 1784 3592 1840 factor

2006 1897 2117 1936 non
2146 1881 2240 1937 sis.
2275 1879 2395 1935 Alio
2423 1880 2598 1935 modo.
2632 1878 2887 1934 Formam
2926 1876 3260 1947 cognitionis
3289 1891 3355 1932 ac
3384 1877 3592 1931 verita-

2008 1974 2078 2028 tis
2121 1988 2245 2044 qute
2291 1972 2347 2027 in
2390 1972 2510 2043 lege
2551 1979 2636 2027 est
2678 1970 2879 2026 etﬁeiat
2917 1970 2987 2034 is,
3011 1969 3105 2040 qui
3139 1969 3313 2040 legem
3349 1970 3505 2024 novit
3536 1977 3595 2024 ct

2001 2067 2160 2137 juxta
2197 2080 2319 2120 eam
2360 2071 2743 2119 conversatur.
2792 2062 3049 2118 Formam
3087 2062 3233 2117 enim
3272 2062 3456 2133 posuit
3492 2077 3590 2117 co-

2007 2158 2270 2231 gnitionis
2293 2157 2362 2212 ad
2393 2155 2833 2227 intelligendum,
2874 2155 3107 2210 formam
3140 2164 3324 2211 autem
3348 2156 3596 2211 veritatis

2009 2250 2075 2305 ad
2105 2247 2470 2319 operaudum.
2507 2247 2603 2302 Ille
2634 2263 2869 2316 namque
2898 2262 3086 2302 veram
3118 2262 3240 2317 quae
3272 2246 3328 2300 in
3361 2246 3479 2315 lege
3509 2255 3598 2300 est

2010 2342 2380 2412 cognitionem
2412 2339 2679 2402 ostendit,
2709 2339 2805 2409 qui
2839 2338 3014 2409 ipsam
3046 2339 3309 2405 operibus
3334 2337 3593 2406 complet,

2011 2433 2173 2502 227
2213 2432 2305 2486 ille
2339 2446 2461 2486 eam
2514 2430 2732 2486 ﬁdelem
2774 2430 3039 2485 ostendit.
3077 2430 3161 2484 Tu
3194 2444 3350 2494 vero,
3391 2428 3593 2498 inquit,

2012 2525 2245 2584 conﬁdis
2275 2535 2327 2581 te
2357 2540 2476 2581 esse
2502 2524 2698 2580 ducem
2725 2533 2780 2579 et
2802 2523 3143 2579 eruditorem
3174 2538 3239 2577 ac
3265 2521 3551 2576 doctorem
3576 2536 3593 2573 :

2011 2635 2115 2674 nec
2147 2618 2201 2672 id
2227 2618 2437 2689 vulgari
2471 2616 2655 2682 modo,
2692 2616 2788 2671 sed
2816 2616 3113 2670 habentem
3146 2614 3380 2670 formam
3408 2614 3601 2684 cogni-

2014 2710 2199 2775 tionis,
2219 2725 2341 2780 qua:
2374 2709 2427 2764 in
2462 2709 2581 2779 lege
2609 2717 2714 2773 est,
2739 2717 2795 2763 et
2814 2707 3065 2763 veritatis
3094 2722 3215 2777 qua:
3242 2707 3297 2761 in
3326 2707 3445 2776 lege
3471 2714 3557 2761 est
3582 2723 3596 2757 :

2013 2801 2090 2857 ita
2130 2810 2313 2856 tamen
2354 2800 2703 2856 conversaris
2740 2799 2897 2870 quasi
2939 2799 3077 2869 legis
3118 2797 3429 2852 doctrinam
3459 2811 3602 2850 non-

2014 2894 2145 2950 dum
2175 2892 2441 2949 audieris.
2489 2891 2594 2959 Qui
2625 2907 2758 2963 ergo
2782 2891 3013 2946 lormam
3048 2898 3100 2944 te
3131 2889 3333 2945 habere
3365 2887 3602 2943 conﬁdis

2014 2974 2349 3059 cognitionis
2379 3002 2443 3042 ac
2467 2986 2714 3041 veritatis
2742 3003 2756 3039 :
2784 2985 2880 3055 qui
2919 2994 2973 3039 te
2998 2983 3381 3054 insipientium
3410 2981 3603 3037 erudi«

2016 3090 2192 3136 torem
2219 3090 2275 3135 et
2299 3079 2496 3135 ducem
2522 3095 2587 3135 ac
2609 3078 2892 3135 doctorem
2922 3092 3044 3133 esse
3069 3075 3321 3141 conﬁdis,
3360 3076 3600 3146 teipsum

322 3164 443 3230 ξον.
476 3167 718 3231 Διδὰξεις
751 3168 831 3234 δὲ,
858 3169 947 3221 ὅτε
983 3167 1077 3220 ἐπὶ
1106 3169 1218 3233 τοῖς
1244 3168 1425 3240 ἔργοις
1457 3167 1651 3235 δείξεις
1685 3168 1912 3239 ἀληθεύ-

2019 3172 2218 3229 doceas
2241 3174 2481 3244 primum
2508 3193 2521 3228 :
2549 3172 2775 3228 docebis
2803 3180 2988 3226 autem
3016 3170 3238 3242 quando
3265 3167 3598 3232 doctrinam,

315 3275 496 3312 ουσαν
527 3261 625 3329 τὴν
647 3259 1019 3314 διδασκαλίαν.

414 3354 480 3407 '0
515 3349 630 3408 οὖν
651 3352 958 3407 διδάσκων
1012 3353 1243 3423 ἕτερον,
1301 3354 1564 3409 σεαυτὸν
1617 3357 1691 3410 οὐ
1754 3355 1918 3410 διδά-

320 3461 546 3512 σκεις;
574 3449 606 3499 ὁ
635 3446 967 3513 κηρύσσων
1008 3445 1093 3517 μὴ
1136 3450 1443 3511 κλέπτειν,
1497 3446 1779 3513 κλέπτεις
1807 3465 1826 3513 ;
1862 3448 1915 3503 '0

323 3540 528 3608 λέγων
549 3538 636 3608 μὴ
665 3539 995 3609 μοιχεύειν,
1034 3541 1337 3611 μοιχεύεις
1367 3556 1385 3605 ;
1420 3541 1453 3594 ό
1490 3540 1918 3611 ,ϐδελυσσίζμε-

322 3650 439 3699 νος
461 3631 532 3686 τὰ
559 3633 797 3697 εἴδωλα,
832 3633 1206 3702 ἱεροσυλεῖς
1244 3636 1348 3699 “Oc
1383 3634 1454 3687 ἐν
1480 3633 1643 3702 νόμῳ
1696 3634 1920 3704 καυχᾶ-

323 3741 460 3787 σαι,
512 3724 611 3779 διὰ
672 3725 783 3794 τῆς
812 3725 1204 3794 παραϐάσεως
1244 3725 1350 3780 τοῦ
1382 3727 1572 3796 νόμου
1611 3727 1719 3780 τὸν
1771 3728 1920 3782 Θεὸν

328 3815 635 3886 ἀτιμάζεις
655 3835 674 3882 ;
704 3819 775 3873 Τὸ
796 3818 906 3887 γὰρ
928 3818 1115 3888 ὄνομα
1149 3817 1256 3873 τοῦ
1281 3818 1430 3872 Θεοῦ
1462 3819 1537 3872 δι’
1555 3818 1710 3887 ὑμᾶς
1723 3821 1921 3884 ﬂlac-

321 3907 613 3979 φημεῖται
643 3908 712 3961 ἐν
739 3907 865 3972 τοῖς
883 3907 1109 3971 ἔθνεσι,
1137 3907 1330 3971 καθὼς
1347 3914 1692 3979 γέπφιιπται.

404 3997 546 4055 Εἶτα
576 3999 874 4053 ἀκόλουθον
902 3995 970 4069 ἦν
1004 4002 1200 4065 εἰπεῖν,
1231 4001 1312 4053 ὅτι
1342 4002 1391 4054 οἱ
1422 3998 1735 4055 τὰτοιαῦτα
1770 4002 1922 4067 παρὰ

325 4091 474 4145 Θεοῦ
513 4090 792 4156 λαδόντες,
840 4091 934 4144 καὶ
982 4091 1056 4162 μὴ
1091 4089 1453 4158 φυλάττοντες
1479 4093 1641 4156 αὐτὰ,
1677 4092 1923 4162 μείζονος

326 4183 556 4235 ἔσονται
584 4181 859 4251 τιμωρίας
884 4180 1206 4254 ἕνοχοι,ὅσῳ
1236 4184 1331 4234 καὶ
1358 4182 1415 4234 ὲν
1446 4184 1645 4251 γνώσει
1677 4185 1710 4254 ὴ
1741 4184 1921 4255 ἁμαρ-

323 4274 449 4326 τία.
490 4272 651 4325 Ἀλλὰ
674 4271 812 4334 τέως
839 4270 900 4323 ού
943 4271 1148 4341 σφόδρα
1180 4271 1359 4324 αὐτῶν
1403 4271 1764 4336 καθάπτεται,
1790 4273 1924 4326 ἀλλὰ

325 4363 459 4415 κατ’
487 4360 757 4431 ἐρώτησιν
811 4361 1069 4431 προάγων
1119 4360 1213 4414 τὸν
1257 4361 1437 4429 λόγον,
1467 4362 1626 4416 τοῦτο
1656 4364 1788 4416 αὐτὸ
1834 4365 1923 4416 ὲν-

323 4456 638 4509 δείκνυται.
671 4453 829 4517 Τινὲς
871 4453 927 4507 δὲ
980 4454 1180 4524 μᾶλλον
1238 4454 1622 4523 ἀποφαντικῶς
1679 4457 1926 4523 ἀναγνω-

2018 3268 2280 3339 operibus
2307 3284 2372 3324 ea
2404 3284 2525 3339 qua:
2555 3267 2694 3322 dicis
2719 3276 3089 3338 prmstantem,
3126 3263 3457 3320 ostenderis.

2088 3360 2154 3422 ll,
2212 3359 2405 3413 9.1-9.4.
2463 3356 2567 3424 Qui
2609 3375 2732 3429 ergo
2772 3357 2940 3413 alium
2986 3357 3156 3422 doces,
3209 3357 3435 3426 teipsum
3494 3371 3600 3408 non

2017 3451 2211 3505 doces?
2264 3451 2355 3522 qui
2395 3452 2654 3522 prwdicas
2711 3467 2817 3504 non
2868 3449 3179 3521 furandum,
3227 3446 3471 3517 furoris?
3507 3447 3601 3517 qui

2019 3543 2146 3595 dicis
2181 3558 2286 3596 non
2332 3540 2767 3606 adulterandum,
2809 3542 3092 3596 committis
3126 3539 3487 3595 adulterium?
3510 3541 3604 3610 qui

2016 3637 2307 3692 simulacra
2353 3637 2661 3701 exsecraris,
2702 3633 3044 3706 sacrilegium
3079 3633 3401 3688 committis?
3426 3634 3517 3702 qui
3546 3634 3603 3686 in

2021 3733 2134 3806 {ego
2157 3731 2429 3803 gloriaris,
2454 3748 2550 3803 per
2575 3731 2705 3801 legis
2739 3730 3214 3801 transgressionem
3250 3726 3418 3781 Deum
3447 3727 3602 3781 iulio-

2021 3825 2218 3880 που·οεῖ
2271 3823 2475 3878 Nomen
2524 3824 2665 3877 enim
2711 3821 2809 3876 Dei
2858 3828 3075 3892 prapter
3128 3836 3218 3874 vos
3264 3818 3603 3889 blasphemiis

2022 3917 2250 3988 a/ﬂcitur
2278 3916 2421 3968 inter
2442 3922 2646 3985 gentes,
2672 3915 2806 3968 sicut
2835 3913 3092 3982 scriptum
3114 3920 3208 3966 est.

2091 4007 2451 4076 Consequens
2492 4005 2693 4060 deinde
2737 4013 2857 4059 erat
2902 4012 2962 4058 ut
3015 4002 3248 4067 diceret,
3301 4001 3452 4072 quod
3504 4001 3602 4070 qui

2025 4099 2153 4155 talia
2203 4114 2234 4153 a
2282 4100 2395 4153 Deo
2438 4096 2784 4165 accepissent
2830 4109 2934 4149 nec
2982 4109 3046 4149 ea
3085 4100 3396 4156 servarent,
3449 4100 3603 4145 tanto

2024 4191 2216 4262 majori
2237 4187 2687 4245 condemnationi
2716 4185 2939 4240 obnoxii
2967 4182 3141 4238 futuri
3160 4190 3367 4244 essent,
3394 4189 3604 4251 quanto

2025 4285 2204 4354 majus
2228 4291 2374 4338 esset
2403 4290 2714 4352 peccatum,
2740 4277 2888 4350 quod
2913 4293 2943 4332 a
2974 4275 3205 4332 scientia
3235 4273 3600 4345 procederet:

2024 4376 2248 4431 interim
2294 4385 2476 4430 tamen
2517 4387 2614 4428 eos
2645 4388 2754 4426 non
2793 4370 2996 4425 acriter
3032 4368 3320 4439 objurgat,
3353 4366 3447 4421 sed
3482 4380 3605 4419 ser-

2028 4485 2246 4523 monem
2274 4484 2372 4538 per
2399 4466 2887 4536 interrogationem
2924 4462 3257 4533 producens,
3284 4460 3388 4514 hoc
3422 4458 3603 4528 ipsum

329 4547 494 4599 στέον
519 4545 684 4614 φασίν
719 4560 734 4574 ⁸
784 4546 842 4598 '0
900 4544 1325 4615 βδελυσσόμενος
1365 4547 1434 4600 τὰ
1465 4545 1678 4611 εἴδωλα,
1717 4547 1912 4617 ἱεροσυ-

2028 4559 2290 4616 ostendit.
2317 4557 2549 4624 Quidam
2570 4571 2705 4612 vero
2730 4554 3076 4610 ennntiative
3105 4554 3289 4624 potius
3309 4551 3601 4622 legendum

325 4637 488 4701 isig;
528 4636 587 4689 'O
615 4636 714 4704 μὲν
743 4636 906 4706 νόμος
934 4636 1028 4689 καὶ
1073 4636 1143 4688 τὰ
1176 4638 1234 4688 ἐν
1281 4639 1393 4700 τοῖς
1435 4636 1728 4700 είδωλείοις
1779 4641 1917 4709 χρῄ-

328 4749 486 4802 ματα
546 4729 810 4800 βδελυκτὰ
870 4725 1120 4799 εἶχε,διὰ
1156 4728 1217 4781 τὸ
1264 4729 1513 4799 δαίμοσιν
1565 4730 1915 4799 ἀνατεθῆναι.

339 4822 540 4891 ’Υμεῖς
565 4820 642 4881 δὲ,
673 4820 828 4891 φησὶ,
870 4820 937 4871 τὰ
979 4819 1076 4889 μὲν
1106 4818 1301 4873 εἴδωλα
1329 4819 1719 4890 βδελύσσεσθαι
1756 4838 1915 4889 φατε,

324 4919 400 4969 τὰ
430 4914 487 4965 δὲ
520 4913 605 4965 ἐπ’
637 4914 819 4975 αὐτοῖς
850 4913 1106 4984 χρήματα
1140 4912 1439 4983 ἁρπάζετε.
1475 4913 1619 4984 "Agat
1661 4912 1773 4977 οὖν,
1796 4913 1918 4966 οὐδὲ

325 5008 402 5061 τὰ
435 5003 629 5059 εἴδωλα
658 5005 800 5057 κατὰ
862 5004 1119 5074 ἀλήθειαν
1183 5004 1561 5075 βδελύσσεσθε.
1600 5003 1799 5077 [ΦΩΤ.]
1852 5006 1918 5060 Εἰ

328 5102 449 5172 γάρ
495 5116 579 5162 τις
629 5097 979 5169 βδελύσσεται
1014 5098 1085 5151 τὰ
1118 5098 1333 5165 εἴδωλα,
1402 5099 1479 5162 ὡς
1532 5100 1641 5152 τῶν
1705 5099 1919 5153 οἰκείων

325 5192 480 5246 ἐθῶν
506 5193 599 5245 καὶ
628 5190 875 5259 νομίμων
903 5192 997 5243 καὶ
1042 5191 1201 5261 ἱερῶν
1226 5191 1461 5262 ἀκριϐὴς
1497 5188 1691 5259 φύλαξ,
1726 5191 1917 5243 ἔπειτα

324 5286 404 5338 τὰ
428 5286 605 5338 οἰκεῖα
635 5284 757 5355 ἱερὰ
786 5283 1054 5354 ἁποσυλᾷ,
1084 5284 1257 5350 πόσης
1292 5277 1447 5346 οὗτος
1481 5283 1581 5337 οὐκ
1609 5282 1757 5337 ἐστιν
1771 5282 1918 5346 ἄξιος

325 5378 645 5447 τιμωρίας;
698 5375 766 5430 δι’
790 5368 867 5431 ὧν
907 5375 1006 5447 μὲν
1041 5379 1419 5446 προσποιεῖται
1473 5375 1918 5448 ἀποστρέφεσθαι

325 5472 406 5524 τὰ
437 5469 654 5532 εἴδωλα,
679 5470 847 5541 τιμᾷν
872 5471 965 5523 καὶ
990 5470 1456 5539 περιπτύσσεσθαι
1483 5469 1674 5540 1,δοκῶν
1703 5469 1800 5541 τὴν
1842 5470 1919 5523 οἱ·

331 5562 498 5618 κείαν
535 5562 817 5633 λατρείαν,
871 5562 965 5615 καὶ
1003 5562 1072 5615 τὰ
1102 5564 1231 5634 περὶ
1278 5563 1447 5633 αὐτὴν
1489 5562 1630 5632 ἱερὰ,
1680 5556 1836 5615 δι’ὧν
1862 5561 1920 5614 δὲ

325 5653 626 5724 τολμηρὰν
659 5653 754 5706 καὶ
786 5653 1122 5707 κλέπτουσαν
1177 5656 1334 5725 χεῖρα
1367 5654 1664 5725 ἐπαφίησιν
1712 5654 1916 5717 αὐτοῖς,

334 5746 552 5819 μᾶλλον
576 5745 690 5798 τῶν
727 5743 963 5798 εἰδώλων
990 5744 1291 5817 ὲξυῦρίζων
1341 5746 1437 5800 καὶ
1489 5748 1569 5806 si;
1633 5746 1696 5799 τὸ
1754 5745 1920 5815 μηδὲν

324 5838 639 5913 ἡγούμενος
667 5836 832 5902 αὐτὰ,
866 5837 1250 5909 παραπλήσιός
1281 5839 1431 5894 ἐστιν
1482 5831 1640 5904 οὗτος
1670 5837 1745 5902 ὡς
1779 5837 1916 5910 ἀληο

572 5935 855 5997 Pauca.
900 5934 1019 5995 Gn.
1065 5931 1345 5995 CXVIII.

2024 4667 2145 4708 esse
2167 4651 2381 4707 dicunt.
2412 4670 2430 4702 ι
2458 4649 2562 4716 Qui
2590 4648 2886 4704 simulacra
2915 4644 3253 4702 exsecraris?
3280 4663 3296 4696 ι
3327 4643 3437 4697 Lex
3450 4650 3604 4697 certe

2026 4758 2220 4799 omnes
2264 4742 2429 4797 etiam
2479 4757 2571 4795 res
2600 4756 2722 4811 quae
2771 4739 2827 4794 in
2863 4737 3138 4793 idolorum
3171 4733 3387 4804 templis
3417 4741 3600 4799 erant,

2025 4834 2394 4890 exsecrandas
2409 4832 2651 4896 dicebat,
2678 4846 2744 4885 eo
2772 4829 2921 4900 quod
2949 4826 3295 4883 daemonibus
3319 4825 3603 4881 essentdi-

2027 4935 2183 4980 catae.
2218 4923 2328 4978 Vos
2366 4931 2574 4986 autem,
2615 4921 2816 4990 inquit,
2848 4918 3142 4974 simulacra
3170 4925 3227 4971 et
3268 4914 3413 4970 idola
3441 4929 3603 4970 esse-

2026 5014 2169 5069 crari
2199 5012 2422 5082 quidem
2463 5027 2560 5065 vos
2588 5010 2801 5073 dicitis,
2833 5018 2890 5064 et
2938 5017 3117 5063 tamen
3158 5005 3427 5077 repositas
3469 5004 3605 5075 ipsis

2026 5107 2314 5162 facultates
2372 5104 2584 5173 rapitis.
2641 5102 2832 5173 Itaque
2887 5116 3066 5172 neque
3125 5116 3253 5155 vere
3306 5098 3602 5154 simulacra

2026 5196 2409 5253 exsecramini.
2436 5195 2575 5250 Nam
2614 5195 2660 5250 si
2707 5195 2980 5265 quispiam
3017 5193 3314 5249 simulacra
3350 5205 3606 5246 exsecre-

2030 5300 2140 5353 tur,
2175 5300 2433 5360 tanquam
2464 5288 2811 5359 propriarum
2833 5286 3297 5342 consuetudinum
3331 5282 3605 5354 legitima-

2027 5398 2262 5453 rumque
2305 5390 2363 5436 et
2401 5396 2686 5437 sacrarum
2730 5388 2957 5435 exactus
2989 5378 3335 5434 observator.
3384 5373 3605 5428 interim

2028 5482 2213 5530 autem
2247 5473 2474 5544 propria
2507 5473 2707 5543 templa
2738 5471 3111 5541 depraedatur,
3144 5483 3255 5539 quo
3287 5465 3376 5521 hic
3404 5465 3606 5535 dignus

2026 5583 2136 5621 non
2178 5577 2262 5622 est
2308 5567 2621 5638 supplicio?
2653 5565 2756 5632 Qui
2807 5565 2939 5618 hinc
2982 5578 3042 5618 se
3089 5561 3245 5631 ﬁngit
3294 5555 3602 5612 abominari

2028 5657 2195 5721 idola,
2230 5657 2516 5728 proprium
2544 5659 2754 5712 cultum
2790 5657 3062 5710 honorare
3089 5653 3241 5708 visus
3267 5661 3324 5705 et
3344 5647 3601 5717 amplecti

2027 5764 2092 5802 ac
2131 5763 2306 5811 sacra.
2353 5764 2476 5818 quae
2519 5748 2664 5803 circa
2710 5747 2867 5801 illum
2917 5745 3190 5799 habentur
3223 5759 3234 5794 :
3270 5739 3423 5793 illinc
3469 5752 3604 5791 vero

2029 5839 2383 5896 temerariam
2444 5838 2800 5909 furacemque
2848 5850 3067 5891 manum
3114 5833 3184 5888 ad
3229 5846 3295 5887 ea
3329 5828 3599 5894 exteu'lit,

3130 5923 3200 5985 1?.
