3978 6550
482 373 605 438 ara
1593 371 2001 435 (ECUMENII
2029 372 2323 433 TRICC/E
2365 373 2709 435 EPlSCOPI
2773 345 2785 359 ’
3652 381 3743 447 35/,

497 502 614 560 Ipsa
648 486 843 558 majori
875 486 1120 544 alliciens
1156 485 1356 558 injuria
1376 501 1541 558 quam
1569 487 1711 542 idola
1739 502 1915 557 caque
1945 487 2082 542 nihil

2191 486 2320 553 θὼς,
2353 486 2430 559 τῷ
2455 487 2664 557 λέγοντι
2700 488 2797 559 μὲν
2830 486 3041 560 ἑτέροις
3069 487 3145 560 μὴ
3161 487 3272 543 δεῖν
3298 489 3565 556 κλέπτειν,
3590 494 3742 566 πράτ-

494 596 728 637 oucens.
764 580 907 637 Vere
937 581 1086 636 enim
1119 580 1212 635 hic
1244 580 1323 635 illi
1353 580 1617 636 assimilis
1641 580 1843 652 estqui
1867 568 2082 636 caneris

2192 598 2337 633 τοντι
2359 581 2416 634 δὲ
2443 582 2512 633 τὰ
2559 581 2669 634 τῶν
2697 582 3060 637 κλεπτόντων.
3091 581 3305 654 Ὠσπερ
3333 583 3439 654 γὰρ
3469 584 3653 649 ἐκεῖνος
3672 589 3742 641 ὲν-

496 691 605 729 non
639 674 935 730 furandum
974 673 1128 738 dicit,
1164 673 1284 744 ipse
1327 673 1549 728 interim
1583 690 1706 744 qua:
1736 673 1918 729 iurum
1955 682 2082 728 sunt

2195 672 2358 725 αντὲα
2397 673 2510 734 τοῖς
2544 671 2727 740 λόγοις
2750 671 2838 725 διὰ
2882 672 2991 726 τῶν
3021 671 3200 743 ἔργων
3262 675 3522 744 πράττειν
3567 677 3741 732 ἐπιδεί-

486 776 842 838 perpetrans.
886 767 1020 822 Nam
1070 767 1215 822 sicut
1259 764 1351 821 ille
1408 767 1687 822 contraria
1732 766 2082 823 sermonibus

2193 781 2406 829 κνυται,
2439 764 2610 829 οὕτως
2641 766 2737 819 καὶ
2757 759 2912 831 οὗτος
2942 766 3161 820 ἐναντία
3190 765 3288 820 τοῦ
3310 766 3744 838 βδελύσσεσθαιτὰ

496 857 678 911 facere
718 856 1032 911 ostenditur
1068 871 1169 926 per
1198 870 1369 926 opera
1412 873 1425 910 :
1464 856 1631 926 228
1665 856 1740 911 ita
1776 866 1832 911 ct
1864 856 1955 911 hic
1989 856 2084 927 qui

493 950 848 1019 sacrilegium
898 957 1204 1021 perpetrat,
1260 949 1540 1004 contraria
1571 949 1684 1020 agit
1715 950 1789 1015 ei,
1820 949 1967 1020 quod
2001 960 2087 1006 est

494 1043 642 1097 ilola
673 1043 1008 1109 abominari,
1049 1058 1148 1113 per
1177 1041 1385 1097 furtum
1418 1041 1789 1114 injuriamque
1820 1043 1873 1098 in
1906 1058 2081 1108 sacra,

492 1136 774 1190 daemones
816 1136 1026 1202 colens,
1073 1151 1312 1206 quorum
1359 1136 1505 1191 idola
1559 1145 1717 1191 erant
1746 1136 2084 1192 habitacula.

425 1241 428 1244 '
501 1251 518 1280 ι
558 1230 660 1297 Qui
693 1230 749 1283 in
787 1229 906 1299 lege
938 1229 1214 1299 gloriaris.
1259 1248 1277 1282 ι
1316 1228 1606 1294 Gloriaris,
1639 1231 1797 1300 quasi
1822 1246 1851 1285 a
1886 1231 1998 1286 Deo
2030 1232 2087 1286 in

496 1324 707 1378 lmnorc
744 1323 969 1379 habitus
1001 1331 1231 1393 propter
1266 1322 1464 1394 legem,
1503 1337 1606 1377 cur
1631 1337 1762 1393 ergo
1786 1330 2089 1394 transgres-

496 1417 651 1471 sione
668 1416 845 1487 legem
875 1414 1493 1484 inhonoras,simulque
1519 1422 1576 1467 et
1598 1412 1814 1468 Deum?
1839 1433 1856 1464 ι
1874 1412 2087 1468 Nomen

494 1510 646 1564 enim
688 1510 803 1562 Dci.
848 1526 867 1560 ι
904 1506 1042 1563 Cum
1085 1506 1236 1561 enim
1281 1521 1446 1577 grave
1490 1514 1638 1561 esset
1670 1505 1818 1575 quod
1850 1505 2086 1573 dixerat,

500 1624 518 1652 ι
554 1604 727 1657 Deum
750 1602 1081 1679 inhonoras.
1114 1619 1132 1652 ι
1170 1599 1498 1672 prophetam
1532 1599 1590 1654 in
1638 1606 1834 1654 testem
1884 1600 2091 1670 produ-

496 1692 573 1747 cit
624 1692 669 1753 ",
726 1705 789 1745 ac
833 1689 885 1745 si
927 1688 1141 1744 diceret
1181 1706 1196 1742 :
1230 1687 1350 1743 Non
1400 1702 1561 1742 meus
1608 1701 1791 1742 sermo
1834 1696 1939 1753 est,
1991 1687 2089 1743 sed

2194 856 2393 909 εἴδωλα
2424 856 2493 910 δι’
2525 849 2601 911 ὧν
2663 856 2935 928 ίεροσυλεϊ
2964 857 3378 929 διαπράττεται,
3407 858 3494 912 διὰ
3553 861 3643 931 τῆς
3680 865 3743 928 εἰς

2191 949 2260 1002 τὰ
2290 949 2411 1019 ἱερὰ
2430 949 2635 1020 κλοπῆς
2659 950 2752 1004 καὶ
2771 949 2980 1021 ὕϐρεως
2995 949 3317 1019 θεραπεύων
3341 953 3464 1015 τοὺς
3492 953 3741 1024 δαίμονας,

2195 1034 2272 1095 ὧν
2295 1037 2438 1114 ἦσαν
2460 1042 2527 1096 τὰ
2562 1042 2759 1097 εἴδωλα
2788 1044 3103 1114 οἰκητήρια.
3140 1063 3159 1096 ι
3199 1044 3296 1107 Ὅς
3316 1045 3373 1097 ὲν
3395 1046 3541 1117 νόμῳ
3571 1051 3746 1117 καυχᾶ-

2197 1151 2309 1189 σαι.
2355 1154 2373 1187 ι
2442 1138 2733 1207 Καυχᾶσαι
2791 1136 2866 1200 ὼς
2922 1136 3180 1207 τιμηθεὶς
3220 1137 3372 1207 παρὰ
3412 1138 3503 1191 τοῦ
3529 1138 3649 1193 Θεοῦ
3678 1140 3748 1194 δεὰ

2194 1226 2286 1280 τὸν
2349 1227 2535 1299 νόμον.
2576 1229 2641 1281 Τί
2697 1228 2880 1281 τοίνυν
2905 1229 2972 1300 τῇ
3008 1228 3323 1298 παραϐάσει
3366 1230 3639 1299 ἀτιμάζεις
3672 1233 3748 1285 τὸν

2196 1317 2380 1389 νόμον,
2407 1322 2502 1374 καὶ
2535 1321 2935 1392 συνατιμάζεις
2971 1322 3065 1376 τὸν
3098 1322 3273 1390 Θεόνς
3318 1341 3339 1376 ι
3377 1323 3450 1376 Τὸ
3466 1325 3569 1393 γὰρ
3595 1324 3740 1395 ὄνομα

2196 1408 2291 1462 τοῦ
2349 1409 2507 1464 Θεοῦ.
2540 1430 2558 1463 ι
2610 1411 2831 1483 Ἐπειδὴ
2890 1412 3029 1485 βαρὺ
3084 1408 3263 1478 εἶπεν,
3316 1413 3398 1467 ὅτι
3434 1431 3452 1464 ι
3508 1415 3606 1467 Τὸν
3640 1416 3749 1470 Θεὸν

2197 1502 2508 1574 ἀτιμάζεις,
2544 1523 2563 1557 ι
2599 1504 2690 1559 τὸν
2721 1508 3011 1579 προφήτην
3037 1507 3281 1578 παράγει
3337 1507 3603 1579 μάρτυρα,
3624 1507 3687 1571 ὡς
3711 1512 3748 1564 εί

2198 1591 2373 1662 εἶπεν,
2399 1597 2514 1651 Οὐκ
2545 1597 2676 1669 ἐμὸς
2720 1598 2946 1667 ὁλόγος,
2982 1599 3118 1653 ἀλλὰ
3157 1599 3253 1653 τοῦ
3296 1599 3540 1654 Ἡσαΐου.
3564 1602 3621 1654 0i
3662 1602 3748 1672 γὰρ

2198 1688 2260 1755 ἐξ
2292 1688 2464 1744 ἐθνῶν
2488 1691 2724 1761 ὁρῶντες
2755 1692 2952 1757 αὐτοὺς
2969 1691 3160 1757 κακῶς
3190 1692 3649 1764 πολιτευομένους,
3686 1696 3749 1758 είς

498 1782 673 1838 ιεοίιο.
718 1781 857 1836 Nam
901 1780 998 1852 qui
1045 1795 1114 1836 ex
1155 1779 1414 1851 gentibus
1466 1786 1649 1847 erant,
1691 1778 1948 1835 videntes
1989 1795 2082 1839 eos

2201 1781 2550 1853 βλασφημίας
2564 1781 2907 1857 ἐξεφέροντο,
2938 1786 3198 1853 Τούτους,
3214 1786 3492 1857 λέγοντες,
3518 1787 3618 1841 ἔδει
3638 1790 3751 1857 ἀγα-

496 1888 669 1946 prave
725 1873 1081 1937 conversari,
1135 1872 1191 1927 in
1241 1870 1618 1941 blasphemias
1664 1870 2082 1941 efferebantur,

2202 1874 2483 1947 πῆσσιτδν
2512 1875 2647 1931 Θεὸν
2684 1878 2716 1949 ἢ
2744 1876 2929 1932 δοῦναί
2950 1895 3004 1932 τι
3050 1880 3235 1942 αὐτοῖς
3262 1897 3277 1947 ;
3307 1881 3409 1934 οὐκ
3439 1880 3551 1952 ᾔδει
3575 1880 3748 1943 κακοὺς

496 1968 787 2024 dicentes:
823 1965 965 2022 Num
985 1966 1251 2037 oportuit,
1285 1973 1346 2021 ut
1375 1965 1478 2021 bos
1509 1966 1655 2021 Deus
1686 1965 1963 2037 diligeret,
1991 1975 2082 2022 aut

2192 1967 2354 2033 ὄντας
2384 1970 2480 2023 καὶ
2501 1969 2831 2040 ἐσομένουςς
2872 1989 2890 2023 ι
2930 1970 3021 2026 Ἔν
3046 1975 3158 2037 τοϊς
3188 1972 3391 2026 ἔθνεσι.
3434 1990 3454 2024 ι
3485 1972 3558 2026 υίι
3597 1974 3750 2043 nim,

496 2059 782 2130 quidpiam
806 2059 889 2115 eis
913 2058 1189 2114 donaret?
1216 2073 1287 2113 an
1322 2072 1391 2113 ne
1418 2058 1521 2113 bos
1554 2067 1610 2113 et
1634 2073 1756 2115 esse
1784 2067 1842 2114 et
1871 2058 2082 2117 futuros

2197 2063 2366 2132 φησὶν
2414 2061 2573 2131 ὑμεῖς
2606 2060 2908 2133 ἀτιμάζετε
2948 2063 3037 2118 τὸν
3060 2065 3215 2131 Θεὸν,
3274 2064 3414 2121 ἀλλὰ
3467 2065 3557 2119 καὶ
3595 2064 3747 2128 ἀλλοις

494 2154 671 2208 malos
700 2152 1191 2225 prmeognoverat?
1227 2172 1245 2204 ι
1276 2152 1428 2208 Inter
1449 2160 1662 2224 gentes.
1698 2172 1717 2205 ι
1750 2152 1871 2208 Non
1905 2154 2083 2209 solum

496 2262 617 2311 vos,
653 2246 854 2318 inquit,
886 2246 1058 2301 Deum
1092 2244 1461 2312 inbonoratis,
1492 2244 1588 2301 sed
1620 2246 1747 2303 aliis
1776 2264 1999 2320 quoque
2028 2248 2083 2305 id

431 2338 434 2342 ’
492 2340 691 2410 agendi
719 2340 1070 2396 occasionem
1112 2339 1391 2410 praebetis.

563 2433 631 2499 ll,
650 2434 742 2488 23.
774 2432 1115 2488 Circumcisio
1137 2432 1394 2503 siquidem
1412 2433 1644 2504 prodest,
1665 2433 1711 2488 si
1735 2432 1901 2505 legem
1928 2433 2084 2505 factis

494 2528 806 2598 exprimas:
830 2525 969 2596 quod
996 2527 1042 2579 si
1075 2524 1204 2596 legis
1235 2532 1600 2597 transgressor
1633 2526 1817 2597 fueris,
1855 2529 2084 2583 circum-

494 2620 621 2674 cisio
650 2625 741 2672 tua
767 2619 1089 2691 praeputium
1110 2619 1253 2689 facta
1284 2627 1380 2673 est.

566 2710 707 2777 Quia
755 2725 1015 2781 magnum
1058 2709 1323 2779 quiddam
1376 2708 1675 2766 videbatur
1708 2711 2081 2780 circumcisio,

496 2802 563 2858 ad
598 2819 719 2858 eam
752 2802 973 2857 tandem
1013 2802 1188 2867 venit,
1221 2810 1277 2858 et
1305 2804 1384 2858 ait
1413 2819 1426 2856 :
1460 2803 1666 2859 Verum
1703 2805 2085 2867 circumcisio-

494 2912 622 2952 ncm
642 2896 840 2951 dicetis
869 2911 1119 2967 magnam
1140 2896 1448 2966 utilemque
1476 2912 1591 2952 rem
1615 2899 1909 2969 quamdam
1937 2916 2081 2956 esse.

495 2987 723 3057 Utique.
784 2987 986 3057 inquit,
1037 2986 1266 3042 fateor:
1304 2986 1401 3042 sed
1454 2997 1587 3043 tunc
1633 2990 1856 3060 quando
1908 2992 2083 3063 legem

494 3081 655 3136 factis
701 3081 989 3151 exprimis.
1049 3099 1067 3131 ι
1115 3078 1276 3146 Quod
1324 3079 1371 3136 si
1435 3089 1828 3154 transgressor.
1884 3103 1902 3135 ›
1956 3085 2086 3140 Vult

493 3173 788 3229 ostendere
808 3172 1289 3227 circumcisionem
1306 3187 1428 3228 esse
1446 3173 1898 3244 intellectualem,
1922 3180 2081 3250 cujus

494 3276 660 3338 typus
711 3273 796 3321 est
820 3281 884 3320 ea
925 3280 1046 3336 qua:
1084 3280 1250 3320 sensu
1297 3266 1623 3337 percipitur,
1655 3284 1853 3340 nempe
1884 3271 2081 3341 purili~

495 3367 679 3413 catum
726 3370 846 3412 esse
876 3357 1139 3412 resecatis
1179 3356 1495 3428 superﬂuis.
1528 3360 1627 3415 Est
1662 3370 1847 3416 autem
1883 3378 2078 3433 super-

494 3451 692 3518 ﬂuum,
738 3450 1009 3520 quidquid
1044 3450 1301 3520 displicet
1336 3451 1471 3507 Deo.
1518 3452 1845 3525 Hujusmodi
1893 3456 2080 3526 itaque

494 3545 979 3601 circumcisionem
1004 3543 1211 3597 habere
1236 3552 1417 3614 potest
1441 3545 1643 3615 aliquis
1662 3547 1827 3601 etiam
1850 3563 2082 3618 corpore

496 3635 896 3690 circumcisus:
928 3648 1260 3704 rursumque
1285 3650 1518 3705 corpore
1541 3636 1900 3694 circumcisus
1936 3655 2078 3709 esse,

496 3728 683 3783 animo
711 3741 842 3780 vero
870 3724 1305 3781 incircumcisus.
1326 3726 1660 3797 Pracputium
1691 3740 1872 3786 autem
1892 3742 1947 3787 et
1971 3733 2081 3787 cir-

498 3817 894 3873 cumcisionem
904 3857 918 3882 ,
932 3831 1132 3888 nempe
1148 3833 1335 3874 veram
1345 3820 1525 3885 ,bona:
1536 3837 1827 3894 pravaeque
1836 3825 2082 3881 actiones

496 3908 952 3982 designant.Cum
964 3925 1101 3982 ergo
1110 3910 1461 3970 circumcisio
1471 3914 1687 3986 signum
1699 3916 1771 3973 sit
1785 3918 2083 3973 evcisionis

496 4003 795 4059 all‘eclunm
814 4020 827 4056 :
846 4003 939 4074 qui
957 4018 1066 4058 non
1088 4003 1573 4063 habueritexcisos
1589 4008 1937 4077 aliectus,hic
1949 4026 2080 4067 sane

495 4095 858 4169 praeputiatus
874 4104 979 4161 est,
1005 4112 1317 4169 quanquam
1334 4098 1551 4169 signum
1564 4116 1799 4172 corpore
1824 4102 1982 4157 ferat.
2009 4103 2083 4157 A-

495 4188 672 4259 lioqui
705 4187 853 4243 enim
885 4203 994 4242 non
1011 4188 1189 4243 solum
1217 4191 1320 4245 iste
1347 4192 1485 4246 nihil
1508 4192 1635 4247 inde
1652 4193 1955 4264 adjumenti
1991 4210 2083 4251 ac-

496 4280 825 4352 ciperet.sed
849 4289 905 4335 ct
928 4282 1104 4350 majus
1126 4291 1542 4347 nocumentum,
1562 4299 1692 4337 vera
1711 4286 1961 4355 privatus
1974 4286 2081 4340 cir-

495 4373 857 4432 cumcisione.
881 4372 1040 4442 cujus
1055 4372 1270 4441 signum
1286 4374 1603 4429 eratcarnis
1616 4374 1985 4442 circumcisio,
2019 4393 2082 4433 e-

494 4465 629 4519 tiam
646 4465 789 4519 hanc
805 4464 979 4533 ipsam
1004 4464 1204 4534 injuria
1220 4462 1483 4531 alliciens,
1507 4474 1672 4538 atque
1691 4468 1941 4523 inutilem
1959 4470 2083 4525 red-

2189 2152 2467 2226 πρόφασιν
2506 2155 2800 2227 παρέχετε.

2255 2433 2550 2505 Περιτομὴ
2561 2437 2680 2505 μὲν
2709 2434 2817 2507 γὰρ
2836 2435 3075 2506 ὠφελεῖ,
3112 2437 3222 2492 ἐὰν
3238 2437 3431 2507 νόμον
3454 2436 3711 2509 πράσσῃς
3730 2452 3743 2469 ’

2184 2527 2294 2583 ἐὰν
2354 2527 2423 2581 δὲ
2464 2530 2809 2599 παραϐάτης
2861 2534 3050 2601 νόμου
3100 2524 3197 2601 ᾖς,
3245 2529 3284 2599 ἠ
3327 2530 3605 2601 περιτομή
3650 2547 3747 2585 σου

2184 2615 2554 2685 ἀκροϐυστία
2597 2618 2861 2689 γέγονεν.

2265 2707 2483 2781 Ἐπειδὴ
2516 2710 2659 2780 μέγα
2688 2728 2741 2763 τι
2772 2711 2948 2764 ἐδόκει
2974 2711 3321 2783 ἠπεριτομὴ,
3352 2712 3648 2769 τελευταῖον
3665 2712 3739 2766 ἐπ’

2185 2797 2355 2870 αὐτὴν
2383 2794 2537 2871 ἦλθε,
2571 2800 2665 2853 καί
2697 2818 2866 2871 φησιν
2887 2818 2899 2831 ·
2926 2801 3091 2867 Ἀλλ’,
3115 2804 3312 2874 ἐρεῖτε,
3347 2804 3494 2874 μέγα
3525 2804 3607 2857 καὶ
3627 2802 3746 2873 ὠφέο

2183 2890 2343 2963 λιμόν
2368 2910 2421 2946 τι
2445 2893 2698 2966 χρῆμαή
2737 2894 3036 2965 περιτομή.
3078 2895 3359 2966 Είσκρίνει
3395 2896 3504 2967 γάρ
3528 2895 3599 2965 τῷ
3649 2894 3744 2965 λαῷ

2191 2984 2287 3040 τοῦ
2317 2985 2476 3043 Θεοῦ.
2508 2982 2841 3056 Ναὶ,φησ“ιν,
2866 2986 3134 3057 ὁμολογῶ,
3162 2987 3297 3041 ἀλλά
3331 2989 3478 3053 τότε,
3520 2989 3637 3042 ὅταν
3678 2989 3746 3041 νό-

2191 3094 2291 3147 μον
2328 3077 2602 3149 πράσσῃς.
2637 3095 2655 3129 ι
2705 3078 2832 3131 Ἐὰν
2860 3078 2917 3132 δὲ
2953 3078 3300 3149 παραϐάτης.
3332 3099 3351 3132 ι
3387 3080 3635 3133 Βούλεται
3658 3079 3746 3132 δεῖ·

2190 3171 2279 3238 ξαι
2304 3171 2386 3224 ὅτι
2417 3170 2532 3223 ἔστι
2564 3171 2836 3243 περιτομὴ
2865 3172 3052 3244 νοητὴ,
3086 3167 3152 3244 ἦς
3217 3174 3390 3236 τύπος
3439 3174 3470 3244 η
3522 3170 3743 3241 αἰσθητὴ,

2189 3262 2532 3333 κεκαθάρθαι
2564 3263 2749 3317 καὶτὰ
2775 3264 3003 3332 περιττὰ
3032 3265 3492 3336 περιτετμῆσθαι.
3522 3264 3744 3335 Περιττὲν

2182 3356 2239 3413 δὲ
2264 3359 2371 3409 πᾶν
2394 3357 2517 3410 ὅσον
2544 3357 2604 3411 οὐ
2662 3356 2817 3425 φίλον
2849 3357 2989 3425 Θεῷ.
3039 3358 3132 3411 Ἕκ
3158 3358 3213 3411 δὲ
3263 3359 3479 3422 τούτου,
3528 3360 3632 3412 ἔστι
3678 3373 3745 3420 τις

2183 3448 2525 3519 ἁκρόδυστος
2551 3449 2650 3518 μὲν
2673 3450 2734 3501 τὸ
2758 3449 2939 3520 σῶμα,
2964 3451 3064 3520 τὴν
3092 3450 3147 3503 δὲ
3170 3452 3430 3522 τοιαύτην
3458 3452 3590 3523 ἔχων
3607 3467 3740 3519 περιρ

2182 3541 2377 3613 τομήν.
2406 3542 2516 3596 Καὶ
2547 3540 2709 3594 πάλιν
2739 3542 3110 3613 ὲμπερίτομος
3132 3544 3231 3613 μὲν
3255 3544 3316 3595 τὸ
3336 3543 3514 3613 σῶμα,
3533 3540 3740 3615 ἁκρόὸυ-

2185 3653 2306 3697 στος
2329 3635 2497 3707 δὲτὴν
2529 3635 2728 3707 ψυχήν.
2766 3633 3159 3706 Ἀκροὸυστίαν
3179 3636 3233 3690 δὲ
3258 3638 3347 3690 καὶ
3372 3632 3745 3707 περιτομὴντὴν

2183 3725 2361 3797 ἀληθῆ
2384 3726 2629 3797 δηλονότι
2656 3727 2712 3780 αί
2735 3726 2938 3794 ἁγαθαὶ
2953 3729 3050 3780 καὶ
3080 3729 3313 3799 πονηραὶ
3328 3727 3556 3799 πράξεις
3603 3740 3746 3797 χορα-

2183 3817 2849 3892 κτηρίζουσιν.-[ΦΩΤ.]
2867 3818 3019 3872 Ἐπεὶ
3043 3814 3138 3873 οὖν
3153 3821 3379 3891 σημεῖόν
3410 3820 3593 3888 ἐστινὴ
3613 3834 3745 3887 περε-

2181 3910 2324 3983 τομὴ
2357 3910 2545 3964 παθῶν
2575 3912 2845 3980 ὲκκοπῆς,
2892 3911 2949 3964 εί
2972 3928 3055 3976 τις
3072 3913 3173 3966 οὐκ
3208 3913 3543 3965 ἐκκέκοπται
3571 3910 3630 3963 τὰ
3655 3909 3745 3961 πά-

2183 4002 2274 4075 θη,
2298 4004 2545 4075 δηλονότι
2561 4003 2902 4075 άκρὸδυστός
2953 4006 3094 4071 ἐστι,
3117 4003 3296 4058 κᾶντὸ
3324 4007 3544 4076 σημεῖον
3564 4002 3646 4055 ἐπὶ
3670 3997 3746 4052 τοῦ

2186 4098 2435 4169 σώματος
2464 4096 2965 4170 φέρῃ.Ἰ”οὑναντίον
2991 4097 3101 4169 γὰρ
3128 4095 3189 4149 οὗ
3217 4097 3379 4166 μόνον
3424 4094 3572 4149 οὐξὲν
3618 4092 3743 4160 ὠφε-

2182 4189 2357 4244 λεῖται
2377 4185 2552 4254 οὗτος,
2575 4189 2713 4244 ἀλλὰ
2730 4191 2822 4243 καὶ
2851 4189 3015 4243 πλέον
3033 4187 3352 4259 βλάπτεται,
3371 4187 3683 4259 ψευδόμενός
3697 4201 3743 4236 τε

2182 4285 2321 4340 κατὰ
2348 4285 2448 4353 τῆς
2473 4282 2706 4356 ἀληθοῦς
2734 4282 3059 4355 περιτομῆς,
3084 4277 3151 4354 ἧς
3181 4277 3248 4353 ἦν
3278 4280 3545 4351 σύμόολον
3581 4274 3745 4350 ηκατὰ

2184 4380 2383 4452 σάρκα,
2403 4378 2501 4431 καὶ⁵
2528 4378 2697 4448 αὐτὴν
2726 4376 2934 4448 ταύτην
2988 4376 3311 4446 ἐνυϐρίζων,
3362 4376 3457 4429 καὶ
3507 4376 3743 4445 ἄχρηστον

2185 4474 2376 4537 ποιῶν,
2400 4472 2495 4526 καὶ
2552 4472 2719 4543 μηδὲν
2751 4471 3149 4542 σημαίνουσαν,
3177 4462 3251 4522 ὧν
3280 4469 3436 4541 ἐδόθη
3463 4468 3672 4537 σημεῖον
3689 4457 3744 4515 εἷ·

493 4555 655 4617 dens,
688 4554 940 4625 nihilque
964 4554 1366 4626 signiﬁcantem
1392 4571 1585 4611 eorum
1614 4556 1683 4611 ad
1708 4572 1831 4627 qua:
1858 4557 1985 4612 data
2003 4568 2082 4614 est

2193 4579 2303 4617 ναι.
2320 4561 2381 4613 Εἰ
2404 4561 2459 4613 δέ
2479 4577 2560 4624 τις
2592 4559 2928 4612 ἐκκέκοπται
2949 4558 3018 4611 τὰ
3039 4557 3208 4626 πάθη,
3233 4556 3336 4611 κᾶν
3356 4557 3417 4609 τὸ
3438 4557 3648 4626 σημεῖον
3663 4551 3743 4605 οὐκ

497 4653 557 4697 ιιι
581 4644 798 4716 signum
825 4652 990 4700 esset.
1026 4645 1194 4715 229
1210 4644 1268 4701 Si
1286 4646 1412 4717 quis
1438 4656 1623 4702 autem
1648 4648 1815 4702 habet
1846 4649 2082 4708 affectus

495 4736 733 4801 excisos,
764 4752 1082 4807 quanquam
1118 4752 1287 4793 carne
1319 4752 1427 4792 non
1461 4737 1535 4794 sit
1564 4739 1950 4806 circumcisus,
1994 4742 2083 4796 ni-

496 4828 799 4883 hilominus
842 4837 1028 4885 tamen
1061 4845 1189 4885 vera
1241 4838 1490 4886 resectus
1525 4839 1611 4887 est
1637 4832 2082 4902 circumcisione,

495 4935 675 4990 eoque
705 4922 900 4992 magis,
928 4938 1040 4993 quo
1083 4924 1269 4979 minus
1311 4934 1437 4995 eget
1479 4924 1749 4990 sensibili,
1790 4941 1913 4996 quae
1961 4942 2079 4982 me-

494 5012 690 5067 moria)
726 5013 979 5085 signique
1004 5017 1176 5086 gratia
1224 5017 1630 5073 assumebatnr.
1681 5034 1699 5069 ι
1742 5017 2079 5089 Ριιιιριιῑίυπι

495 5104 641 5158 facta
676 5114 780 5158 est.
816 5123 833 5155 ι
874 5104 990 5160 Hoc
1020 5117 1107 5162 est
1135 5107 1505 5165 abominanda
1538 5123 1626 5163 res
1653 5109 1803 5181 juxta
1837 5120 2077 5165 mentem

493 5208 708 5250 eorum.
740 5194 958 5250 Etenim
993 5198 1093 5267 ipsi
1131 5199 1520 5268 prmputiatum
1566 5198 1846 5255 ducebant
1871 5200 2082 5255 abomi-

492 5285 760 5341 nandum.
805 5287 862 5342 Si
907 5303 1039 5359 ergo
1080 5305 1193 5343 non
1235 5291 1546 5346 servaveris
1592 5308 1774 5363 neque
1819 5302 2081 5363 cperatus

490 5378 670 5435 fueris
712 5394 835 5450 quae
866 5380 1001 5450 legis
1047 5391 1197 5447 sunt,
1243 5381 1591 5438 circumcisio
1639 5394 1753 5449 tua,
1799 5400 1922 5455 quae
1966 5386 2080 5440 Deo

492 5480 647 5543 grata
692 5480 834 5536 erat,
874 5471 1249 5527 abominanda
1294 5473 1437 5529 facta
1463 5484 1549 5530 est
1578 5483 1633 5531 et
1658 5477 1885 5547 rcjccta.
1920 5475 2079 5542 Quod

493 5564 540 5619 si
574 5565 939 5635 praeputiatus
958 5567 1177 5638 egregia
1198 5568 1334 5639 legis
1361 5584 1527 5639 opera
1550 5569 1890 5639 praestiterit.
1916 5570 2083 5640 hujus

492 5659 997 5735 praeputiumtquod
1031 5676 1120 5716 res
1154 5661 1525 5718 abominanda
1546 5672 1684 5731 erat,
1718 5662 1830 5718 Deo
1861 5672 2077 5736 gratum

568 5838 588 5871 "
613 5836 717 5895 lsa.
753 5856 850 5911 ιιι,
893 5841 948 5899 5.

2189 4652 2564 4706 ὲντετύπωται
2610 4653 2679 4723 τῇ
2718 4649 2907 4722 σαρκὶ,
2968 4650 3123 4703 οὐδὲν
3169 4644 3333 4720 ἦττον
3381 4648 3742 4718 περιτέτμηται

2188 4744 2288 4816 τὴν
2320 4743 2581 4815 ἀληθινὴν
2625 4741 2945 4814 περιτομὴν,
2981 4743 3029 4795 εί
3089 4739 3166 4813 μὴ
3219 4741 3316 4795 καὶ
3374 4740 3591 4812 μᾶλλον,
3654 4737 3742 4803 ὅσῳ

2193 4834 2334 4907 μηδὲ
2369 4833 2585 4905 δεηθεὶς
2611 4833 2713 4903 τῆς
2744 4832 3032 4903 αἰσθητῆς,
3069 4832 3194 4904 ἥτις
3221 4831 3383 4903 χάριν
3416 4824 3742 4900 παρελαμσάο

2195 4945 2316 4985 νετο
2345 4929 2566 4998 μνήμης
2592 4925 2687 4979 καὶ⁵
2714 4924 3009 4996 συμϐόλου.
3053 4942 3072 4975 ι
3103 4922 3474 4995 ’Δκροὸυστία
3507 4920 3695 4989 γέγονε.
3720 4931 3736 4965 ι

2186 5020 2441 5093 -ίΤΟΥ
2499 5016 2759 5091 ΑΥΤΟΥ]
2825 5016 3085 5070 Τουτέστι
3131 5016 3439 5087 βδελυκτδν,
3497 5012 3628 5066 κατὰ
3668 5007 3741 5060 τίν

2188 5114 2417 5168 ἐκείνων
2444 5109 2589 5166 νοῦν.
2620 5109 2920 5163 Βδελυκτδν
2950 5108 3060 5179 γὰρ
3084 5111 3282 5162 ἐκεῖνοι
3310 5109 3399 5160 τδν
3434 5102 3738 5176 άκρόόυστον

2189 5206 2440 5278 ἡγοῦντο.
2469 5203 2599 5257 Ἐὰν
2630 5201 2746 5269 οὖν,
2776 5202 2963 5272 φησὶν,
3003 5202 3064 5254 οὐ
3087 5199 3359 5272 φυλάττῃς
3380 5199 3499 5252 οὐδὲ
3526 5194 3739 5266 πράττῃς

2187 5301 2255 5354 τὲ
2280 5298 2373 5352 τοῦ
2396 5298 2585 5368 νόμου,
2622 5297 2655 5368 ἡ
2688 5296 2960 5367 περιτομή
3014 5311 3133 5359 σου,
3156 5295 3295 5364 ὅπερ
3341 5289 3407 5363 ἦν
3458 5291 3736 5357 θεάῃεστονν

2188 5390 2381 5458 γέγονε
2411 5385 2697 5456 βὸελυκτὸν
2719 5383 2814 5438 καὶ
2849 5382 3177 5454 ἀπόϐλητον.
3207 5381 3335 5435 Ἐὰν
3356 5380 3411 5434 δὲ
3463 5381 3491 5433 ὁ
3534 5372 3738 5444 ἀκροϐυ·

2191 5496 2312 5543 στος
2343 5478 2412 5531 τὰ
2432 5476 2779 5547 δικαιώματα
2807 5474 3051 5546 φυλάττῃ
3076 5472 3172 5527 τοῦ
3206 5474 3394 5543 νόμου,
3444 5472 3477 5541 ἡ
3532 5461 3736 5535 άκροόυ·

2188 5571 2314 5625 στία
2349 5568 2536 5637 αὐτοῦ,
2577 5570 2715 5639 ὅπερ
2762 5564 2830 5641 ἦν
2870 5565 3180 5639 βδελυκτὸν,
3206 5567 3495 5637 θεάρεστον
3540 5555 3739 5613 καὶθεο·

2187 5663 2339 5734 φιλὲς
2353 5661 2738 5735 λογισθήσεται
2759 5660 2906 5733 αὐτῷ
2922 5659 2996 5732 τῷ
3019 5659 3286 5734 νομοθέτῃ
3309 5658 3402 5714 καὶ
3414 5642 3734 5728 Δημιουρῖῷο
