3978 6570
329 446 439 509 3C5

1403 439 1791 502 COMMENT.
1833 435 1916 499 IN
1949 434 2190 498 EPIST.
2231 438 2330 499 AD
2359 437 2543 500 ROM.

3513 437 3618 501 33'6

331 559 448 616 Kal.
498 555 756 612 τοσοῦτον
816 553 1111 625 θεάρεστον
1143 550 1238 605 καὶ
1270 550 1591 616 ἀποδεκτδν,
1644 549 1770 603 ὅσον
1833 543 1926 600 καὶ

2040 552 2087 598 et
2120 545 2384 602 dilectum
2417 547 2522 618 ipsi
2551 546 2805 604 Creatori
2829 561 2894 602 ac
2922 545 3225 618 legislatori
3250 549 3618 618 reputabitur,

335 650 396 705 σὲ
423 649 490 704 δι’
518 647 690 702 αὐτοῦ
722 646 1047 717 ἐλέγχεσθαι
1094 642 1190 699 καὶ
1226 642 1681 712 κατακρίνεσοαι.
1726 638 1928 693 Σκόπει

343 745 402 799 δὲ
434 744 554 808 πῶς
587 742 770 812 σοφῶς
799 741 896 795 καὶ
920 737 1156 810 δριμέως
1180 737 1368 808 φησιν,
1393 754 1412 789 ι
1435 734 1562 790 Ἐὰν
1581 730 1675 790 οὖν
1705 735 1738 805 ἡ
1763 734 1930 803 ἀκρο-

333 835 536 889 ϐυστία
567 834 640 887 τὰ
669 829 1017 904 δικαιώματα
1072 828 1167 884 τοῦ
1227 829 1396 901 νόμου
1443 827 1718 902 φυλάσσῃ,
1759 846 1778 878 ι
1836 827 1929 882 καὶ

333 933 437 986 οὐκ
466 926 589 982 εἰπε
623 945 638 959 ·
675 928 804 981 Ἐὰν
851 927 945 980 τὸν
985 925 1148 997 νόμον
1213 922 1488 995 φυλάσσῃ.
1543 922 1663 975 Ἵνα
1698 920 1809 993 γὰρ
1851 919 1926 992 μὴ

333 1025 464 1093 εἴπῃ
505 1024 534 1075 ὁ
558 1021 815 1084 Ἰουδαῖος
845 1036 859 1050 ο
893 1018 999 1073 Καὶ
1029 1017 1146 1080 πῶς
1171 1016 1252 1070 ενι
1306 1014 1397 1068 τὸν
1436 1012 1774 1084 ἀκρόϐυστον
1828 1028 1929 1080 φυ-

333 1117 555 1169 λάττειν
577 1113 669 1166 τὸν
703 1113 892 1180 νόμον,
937 1109 1087 1181 αὐτῷ
1147 1108 1322 1180 τούτῳ
1375 1105 1784 1178 παραϐαίνοντα
1835 1104 1927 1158 τὸν

333 1209 520 1273 νὸμον,
553 1205 629 1275 τῷ
653 1203 989 1274 ἁκρόϐυστον
1036 1198 1177 1255 εἶναι
1214 1218 1230 1268 ;
1261 1201 1352 1254 ἴνα
1383 1199 1478 1254 οὖν
1520 1197 1642 1270 μηδ’
1661 1199 1722 1250 ἐν
1751 1195 1926 1264 τούτῳ

331 1300 410 1370 δῷ
446 1300 636 1363 αὐτοῖς
663 1298 861 1369 λαϐὴν,
892 1297 992 1368 οὐχ
1037 1295 1211 1359 οὕτως
1241 1295 1432 1366 φησὶν,
1484 1293 1642 1357 ἀλλὰ.
1679 1310 1699 1344 ι
1740 1290 1820 1344 Τὰ
1845 1291 1926 1343 δι-

332 1393 637 1463 καιώματα
653 1391 748 1445 τοῦ
774 1391 961 1461 νόμου.
1005 1409 1023 1441 ι
1055 1390 1165 1443 Καὶ
1199 1387 1294 1442 ἐπὶ
1321 1386 1422 1460 μὲν
1463 1385 1644 1440 αὐτῶν
1673 1384 1922 1448 ἐκείνων,

327 1489 422 1541 τὸν
460 1489 630 1556 νόμον
647 1485 839 1555 φησιν,
873 1483 967 1536 ἐπὶ
993 1483 1048 1536 δὲ
1104 1482 1214 1536 τῶν
1269 1481 1646 1552 ἀκροϐύστων,
1686 1497 1705 1532 ι
1742 1478 1810 1532 τὰ
1845 1477 1920 1531 διο

329 1578 629 1646 καιώματα
651 1576 745 1629 τοῦ
777 1576 996 1646 νόμου.»
1023 1573 1096 1626 Οὐ
1123 1573 1319 1638 πάντα,
1351 1572 1504 1644 φησὶ,
1534 1570 1627 1623 τὸν
1654 1569 1821 1636 νόμον
1848 1563 1925 1621 εἷ-

333 1687 458 1730 πον,
485 1669 626 1722 and:
659 1668 728 1721 τὰ
755 1664 1070 1720 δικαιοῦντα
1123 1665 1308 1734 μόνον,
1347 1665 1464 1735 ἅμα
1519 1661 1700 1732 σοφῶς
1742 1661 1924 1731 ὑπεμ-

331 1761 567 1830 φαίνων,
613 1759 771 1834 ὅτι,οὑ
808 1756 986 1810 πάντα
1017 1755 1086 1810 τὰ
1114 1757 1172 1808 ὲν
1215 1753 1293 1825 τῷ
1342 1755 1494 1824 νόμῳ
1568 1738 1710 1822 ἦσαν
1745 1750 1922 1803 δικαι-

333 1854 519 1908 οῦντα.
577 1851 740 1904 Ἀλλὰ
785 1850 853 1904 τὰ
907 1850 1008 1922 μὲν
1058 1847 1406 1920 δικαιώματα
1465 1842 1608 1917 ἦσαν
1667 1846 1761 1898 καὶ
1815 1844 1922 1896 ἐδι-

335 1948 552 2011 καίουν,
577 1947 680 2000 ὅσα
712 1942 1011 2013 συνεφώνει
1047 1945 1112 2014 τῇ
1167 1943 1374 2013 χάριτι,
1413 1941 1480 1995 τὰ
1531 1939 1611 2003 δὲ,
1638 1938 1801 1991 ἕνεκα
1829 1935 1928 2007 μό-

333 2057 432 2110 νης
456 2039 556 2110 τῆς
581 2037 804 2091 ἐκείνων
820 2036 1106 2098 ἀσθενείας
1126 2031 1267 2106 ἦσαν
1283 2032 1566 2104 δεδομένα.
1580 2061 1652 2072 ——
1671 2032 1926 2094 Ἄλλως·

336 2132 431 2194 Είς
469 2131 668 2202 νοητὴν
700 2127 1087 2201 ἀκροϐυστίαν,
1142 2125 1298 2196 φησὶ,
1340 2122 1784 2196 μεταπεφοίτηκέ
1833 2136 1929 2172 σου

335 2226 369 2293 ή
398 2223 699 2294 περιτομὴ,
731 2222 820 2276 διὰ
851 2222 912 2274 σὲ
950 2220 1042 2274 τὸν
1067 2219 1252 2282 κακῶς
1282 2217 1590 2291 χρώμενον.
1640 2214 1790 2278 Τέως
1819 2213 1929 2284 γὰρ

334 2317 396 2369 οὐ
434 2315 686 2385 βούλεται
723 2312 972 2386 φανερῶς
1001 2312 1264 2383 ἀτιμάσαι
1297 2313 1398 2382 τὴν
1424 2308 1752 2380 περιτομήν.

419 2474 569 2528 Ἐὰν
593 2467 710 2528 οὖν
738 2473 776 2541 ἡ
797 2469 1172 2541 ἀκροϐυστία
1199 2469 1269 2524 τὰ
1299 2467 1662 2536 δικαιώματα
1685 2464 1790 2520 τοῦ
1825 2464 1932 2519 νό-

331 2584 454 2638 μου
484 2566 809 2636 φυλάσσῃ,
847 2563 986 2634 οὐχὶ
1016 2565 1054 2633 ἡ
1094 2563 1469 2632 ἀκροϐυστία
1505 2558 1694 2614 αὐτοῦ
1717 2560 1804 2624 είς
1825 2575 1930 2612 πει

331 2661 595 2731 ριτομὴν
620 2660 1053 2730 λογισθήσεται
1082 2656 1239 2724 ;Kal
1266 2655 1458 2726 κρινεῖ
1515 2657 1552 2724 ἡ
1583 2655 1654 2708 ἐκ
1689 2654 1932 2723 φύσεως

337 2756 713 2826 ἀκροϐυστία
732 2753 840 2808 τὸν
857 2753 1048 2822 νόμον
1069 2749 1358 2814 τελοῦσα,
1391 2747 1466 2802 σὲ
1495 2747 1603 2800 τὸν
1627 2745 1724 2800 διὰ
1748 2744 1931 2816 πράμ-

335 2867 528 2921 ιιατος
544 2847 648 2903 καί
677 2846 1003 2916 περιτομῆς
1030 2841 1384 2914 παραϐάτην
1407 2845 1598 2912 νόμου
1627 2858 1646 2907 ;

416 2962 436 2996 ι
492 2943 624 2996 Ἐὰν
672 2937 766 2995 οὖν
820 2941 854 3010 ἡ
907 2937 1268 3011 ἀκροϐυστία.
1309 2955 1329 2989 ι
1391 2937 1685 2990 Τουτέστιν
1734 2935 1786 2988 oi
1833 2932 1934 3003 τὴν

341 3031 713 3104 ἀκροϐυστίαν
768 3030 987 3102 ἔχοντες
1068 3027 1294 3082 ἐθνικοί.
1359 3045 1378 3080 ι
1417 3025 1859 3096 Λογισθήσεται;
1908 3042 1927 3076 ι

341 3129 459 3181 Οὖκ
483 3121 666 3190 εἶπεν,
701 3125 784 3177 ὅτι
819 3123 968 3192 Νικᾷ
992 3121 1092 3193 τὴν
1138 3120 1443 3193 περιτομὴν
1491 3119 1650 3190 (τέως
1677 3117 1786 3188 γὰρ
1832 3117 1934 3169 ὲπ-

2035 637 2285 709 adeoque
2319 640 2433 694 Deo
2463 648 2680 711 gratum
2710 648 2764 696 et
2799 648 3111 710 acceptum,
3149 651 3208 695 ut
3245 642 3414 697 etiam
3445 651 3495 698 te
3522 660 3622 714 per

2033 729 2212 799 ipsum
2237 741 2464 788 accuset
2497 747 2562 787 ac
2584 733 2936 788 condemnet.
2961 731 3267 789 Considera
3299 750 3432 807 ergo
3453 752 3620 806 quam

2031 822 2312 892 sapienter
2333 825 2648 896 acriterque
2680 824 2872 881 dicat:
2911 846 2930 879 ι
2977 827 3034 883 Si
3071 827 3241 898 igitur
3284 829 3618 900 praeputium

2026 915 2453 986 justiﬁeationes
2476 918 2613 990 legis
2643 920 2985 986 servaverit;
3029 939 3046 971 ι
3079 937 3187 976 non
3217 929 3401 976 autem
3431 922 3570 977 dixit
3602 939 3618 976 :

2033 1004 2092 1059 Si
2138 1005 2312 1076 legem
2349 1010 2677 1064 servaverit.
2719 1009 3004 1081 Siquidem
3036 1027 3107 1066 ne
3135 1012 3285 1068 dicat
3339 1013 3568 1070 Judaeus
3601 1032 3614 1067 :

2027 1100 2097 1156 Et
2134 1101 2413 1172 quomodo
2461 1101 2580 1157 ﬁeri
2631 1113 2836 1174 potest,
2895 1113 2956 1160 ut
3012 1107 3378 1177 praeputiatus
3434 1117 3622 1164 servet

2028 1196 2220 1267 legem,
2269 1197 2362 1266 qui
2419 1197 2526 1252 hoc
2574 1197 2695 1267 ipso
2742 1198 2879 1270 legis
2929 1206 3305 1272 transgressor
3344 1210 3428 1256 est
3469 1203 3620 1272 quod

2027 1291 2390 1359 praeputiatus
2434 1290 2556 1344 est?
2611 1289 2689 1344 Ne
2739 1307 2872 1362 ergo
2925 1291 2979 1346 in
3026 1293 3133 1347 hoc
3163 1293 3250 1348 vel
3305 1309 3496 1350 ansam
3537 1296 3621 1350 eis

2026 1383 2286 1452 przebeat,
2319 1399 2427 1439 non
2455 1385 2529 1438 ita
2557 1383 2712 1448 dicit,
2751 1385 2844 1440 sed
2879 1405 2897 1436 ι
2932 1386 3370 1443 Justiﬁcationcs
3394 1388 3552 1459 legis.
3592 1409 3612 1442 ι

2025 1476 2094 1530 Ει
2132 1475 2201 1532 de
2249 1476 2387 1547 ipsis
2417 1477 2640 1547 quidem
2676 1477 2883 1533 Iudaeis
2908 1479 3084 1550 legem
3112 1480 3268 1547 dicit,
3299 1482 3369 1536 de
3400 1498 3620 1553 praepu-

2028 1570 2176 1625 tiatis
2210 1585 2382 1626 vero:
2412 1589 2431 1622 ι
2463 1571 2900 1627 Justiticationes
2946 1572 3101 1644 legis.
3148 1592 3167 1624 ›
3213 1573 3334 1628 Non
3374 1590 3618 1641 omnem,

2027 1660 2228 1730 inquit,
2261 1662 2436 1732 legem
2474 1661 2610 1726 dixi,
2647 1663 2742 1717 sed
2781 1679 2844 1717 ea
2882 1671 3095 1718 tantum
3131 1680 3254 1734 quae
3289 1665 3617 1737 justiﬁcant.

2025 1752 2323 1824 Sapienter
2346 1754 2536 1810 itidem
2566 1755 2945 1822 subindicans,
2977 1757 3124 1826 quod
3149 1772 3262 1812 non
3292 1760 3476 1814 omnia
3499 1775 3622 1831 qua:

2034 1846 2105 1900 in‘
2121 1847 2241 1919 lege
2282 1854 2441 1903 erant
2477 1847 2856 1918 justiﬁcabant
2890 1866 2902 1902 :
2935 1849 3030 1903 sed
3060 1850 3312 1920 quaedam
3367 1867 3499 1908 sane
3535 1857 3623 1924 ju-

2036 1938 2402 1996 stiﬁcationes
2419 1950 2598 2003 erant,
2623 1942 2909 2013 justosque
2926 1941 3254 2009 reddebant,
3278 1960 3622 2017 quaecunque

2031 2029 2289 2085 videlicet
2315 2033 2502 2102 gratiae
2528 2032 2833 2088 conformia
2854 2042 3015 2088 erant
3037 2052 3052 2101 ;
3081 2035 3184 2089 alia
3201 2050 3334 2089 vero
3357 2037 3428 2090 ob
3451 2037 3624 2092 solius

2033 2122 2254 2177 illorum
2298 2123 2698 2180 imbecillitatis
2747 2141 2972 2180 causam
3020 2125 3146 2181 data
3195 2136 3376 2182 erant.
3425 2128 3620 2184 Aliter.

2032 2215 2114 2269 Ad
2135 2215 2639 2282 intellectuale,ait,
2663 2218 2994 2288 praeputium
3025 2226 3388 2273 transmutata
3415 2229 3500 2275 est
3531 2229 3622 2278 tua

2032 2312 2409 2376 circumcisio,
2426 2329 2494 2368 eo
2517 2315 2666 2384 quod
2689 2323 2746 2370 tu
2764 2316 2906 2372 male
2929 2316 3102 2372 utaris
3132 2333 3146 2370 :
3175 2317 3370 2373 nolens
3398 2317 3621 2372 interim

2031 2405 2514 2461 circumcisionem
2546 2408 2838 2464 manifeste
2866 2409 3202 2480 vituperare.

2101 2498 2167 2560 ll,
2201 2499 2291 2562 26,
2314 2498 2404 2553 27.
2438 2497 2498 2554 Si
2527 2501 3036 2572 igitur-prwputium
3063 2502 3188 2573 legis
3209 2503 3622 2574 justiﬁcationes

2031 2593 2344 2656 servaverit,
2378 2610 2448 2647 an
2485 2609 2591 2647 non
2622 2595 2783 2665 hujus
2819 2595 3140 2666 praeputium
3182 2596 3236 2649 in
3263 2597 3622 2650 circumcisio-

2033 2700 2153 2739 nem
2183 2685 2922 2758 reputabitur?Etjudicabit
2962 2686 3017 2741 id
3051 2687 3190 2758 quod
3223 2703 3287 2742 ea:
3316 2696 3514 2742 natura
3547 2696 3625 2743 est

2034 2779 2355 2848 praeputium
2389 2778 2558 2850 legem
2601 2781 2876 2850 perﬁciens
2908 2789 2958 2834 te
2994 2779 3122 2851 legis
3149 2787 3620 2852 transgressorem.

2033 2870 2128 2940 qui
2153 2885 2216 2923 ea:
2244 2869 2422 2924 littera
2457 2887 2508 2925 es
2529 2880 2579 2924 et
2612 2873 3028 2926 circumcisione.

2112 2983 2130 3015 ι
2173 2962 2229 3018 Si
2262 2963 2430 3035 igitur
2459 2964 2810 3034 praeputium,
2853 2983 2872 3016 ι
2916 2965 3023 3020 hoc
3045 2972 3130 3019 est
3157 2963 3366 3019 ethnici
3399 2979 3620 3034 praepu-

2037 3054 2175 3109 tium
2201 3055 2472 3111 habentes
2497 3056 2614 3111 sive
2653 3056 2909 3127 gentiles.
2950 3074 2968 3106 ι
3004 3054 3422 3124 Reputabitur?
3452 3073 3469 3106 ι
3499 3053 3620 3109 Νοη

2038 3147 2218 3201 dixit:
2257 3146 2493 3216 Superat
2551 3146 3032 3201 circumcisionem
3062 3144 3266 3218 (adhuc
3318 3145 3466 3199 enim
3505 3144 3612 3200 hoc

338 3219 510 3289 αχθὲς
539 3214 880 3290 ἦν),ἀλλ’ὄτι
905 3219 985 3279 εἰς
1021 3215 1323 3288 περιτομὴν
1352 3214 1754 3284 λογισθήσεται,
1784 3213 1931 3282 παρά

2040 3254 2206 3310 grave
2238 3238 2477 3306 fuisset),
2519 3237 2616 3292 sed
2652 3237 2798 3308 quod
2837 3238 2895 3292 in
2940 3237 3420 3293 circumcisionem
3453 3251 3622 3304 repu-

337 3318 418 3383 sip
437 3314 558 3384 Θεῷ
581 3313 845 3382 δηλόνοτι.
881 3329 902 3364 ‹
957 3310 1068 3366 Καὶ
1115 3312 1311 3382 κρινεῖ.
1370 3327 1390 3360 ι
1444 3308 1703 3362 Τουτέστι
1763 3322 1932 3360 κατα-

338 3408 562 3479 κρινεῖ·
606 3405 682 3470 ὡς
703 3404 798 3459 καὶ
829 3405 1081 3475 εἴρηται·
1127 3421 1147 3455 ι
1183 3401 1411 3470 ’Ἄνδρες
1465 3398 1747 3454 Νινευῖται
1797 3399 1932 3453 ἀνα-

338 3500 781 3570 στήσονται,καὶ
824 3495 1072 3569 κρινοῦσι
1130 3493 1230 3566 τὴν
1288 3493 1485 3563 γενεὰν
1525 3491 1755 3563 ταύτην.
1799 3510 1816 3543 ι
1861 3491 1933 3544 Ἦ

336 3593 560 3660 ἐλέγξει
592 3609 674 3657 σε,
707 3590 952 3662 φησινίὸ
981 3589 1043 3642 τὸ
1074 3589 1305 3659 σημεῖον
1366 3586 1466 3657 μὲν
1493 3585 1569 3658 μὴ
1595 3585 1755 3657 ἔχων,
1787 3583 1856 3638 τὰ
1875 3583 1934 3637 δὲ

336 3687 441 3740 τοῦ
476 3686 710 3757 σημείου
731 3683 1108 3754 κατορθώσας,
1127 3683 1204 3747 ὼς
1231 3680 1306 3754 μὴ
1331 3680 1777 3752 κατορθώσαντα.
1798 3677 1937 3733 Καί-

335 3797 430 3834 τοι
445 3780 590 3846 δέον,
621 3777 744 3831 ἐπεὶ
769 3777 866 3832 καὶ
893 3777 1131 3847 ὑπέσχου
1163 3775 1253 3829 διὰ
1273 3773 1368 3828 τοῦ
1421 3773 1676 3846 σημείου,
1735 3771 1935 3843 μᾶλλον

337 3871 564 3924 ἐκείνου
585 3870 646 3924 τὸ
678 3869 1013 3941 κατόρθωμα
1044 3867 1437 3922 ἐπιδεικνύναι.
1472 3884 1492 3918 ι
1540 3865 1604 3919 Ἦ
1625 3867 1689 3918 ὲκ
1715 3862 1936 3934 φύσεως

337 3963 709 4038 ἀκροϐυστία.
759 3983 777 4017 ι
819 3964 912 4018 Ἐκ
936 3962 1150 4033 φύσεως
1189 3959 1555 4034 ἀκροϐυστίαν
1587 3958 1736 4028 λέγει
1757 3957 1848 4015 τὸν
1879 3959 1937 4011 ὲν

340 4058 520 4129 σαρκὶ
551 4057 911 4129 ἀκρόϐυστον.
939 4048 1108 4119 Οὗτος
1138 4053 1430 4126 τοιγαροῦν
1459 4055 1683 4127 πληρῶν
1723 4053 1794 4108 τὰ
1830 4052 1939 4107 ἀπὸ

337 4151 445 4205 τοῦ
475 4153 660 4221 νόμου,
696 4151 1018 4222 κατακρινεῖ
1047 4167 1107 4202 σε
1136 4149 1228 4202 τὸν
1267 4149 1572 4221 περιτομὴν
1600 4147 1812 4218 ἔχοντα,
1843 4147 1939 4201 καὶ

338 4246 474 4298 ὅσον
499 4239 634 4316 ἧκεν
656 4246 736 4306 είς
751 4242 812 4297 τὸ
841 4243 1096 4314 γράμμα,
1117 4241 1210 4294 τὸν
1242 4242 1428 4312 νόμον,
1460 4242 1581 4302 ταῖς
1617 4240 1674 4292 δὲ
1707 4238 1940 4310 πράξεσι

338 4335 759 4406 παραϐαίνοντα
785 4336 970 4390 αὐτόν.
1007 4355 1025 4387 ι
1050 4335 1156 4389 Τὸν
1189 4334 1355 4405 νόμον
1420 4333 1673 4389 τελοῦσα.
1720 4352 1739 4384 ι
1791 4332 1936 4386 Κατ’

342 4431 536 4482 ἐκεῖνο
581 4428 847 4500 δηλονότι,
873 4428 992 4483 καθ’
1010 4428 1039 4482 ὅ
1062 4429 1130 4482 τὰ
1153 4426 1501 4498 δικαιώματα
1533 4427 1702 4482 αὑτοῦ
1732 4427 1939 4498 φυλάτ-

343 4538 458 4575 τει.
485 4521 686 4575 Σκόπει
711 4522 790 4576 δέ·
824 4523 1047 4593 Πρῶτον
1074 4523 1172 4594 μὲν
1188 4523 1534 4593 δικαιώματα
1561 4522 1726 4594 νόμου
1747 4521 1939 4587 είπὼν,

2041 3329 2269 3395 tabitur,
2306 3343 2504 3398 nempe
2543 3327 2688 3398 apud
2736 3328 2930 3382 Deum.
2965 3346 2983 3378 ι
3015 3328 3082 3382 Ει
3103 3326 3393 3399 iudicabit.
3445 3345 3464 3377 ι
3507 3326 3624 3383 lloc

2035 3431 2122 3478 est
2164 3421 2563 3478 condemnabit
2604 3437 2616 3474 :
2658 3420 2823 3490 230
2860 3420 3006 3475 sicut
3035 3421 3202 3475 etiam
3240 3419 3450 3474 dictum
3487 3425 3574 3474 est
3605 3434 3621 3472 :

2044 3532 2062 3565 ι
2099 3512 2216 3568 Viri
2242 3512 2504 3568 Ninivitae
2529 3521 2757 3582 surgent
2783 3511 2838 3565 in
2859 3511 3070 3582 judicio
3091 3517 3148 3566 et
3170 3508 3626 3565 condemnabunt

2037 3604 2448 3677 generationem
2477 3603 2620 3658 banc
2645 3603 2688 3656 ⁸.
2737 3621 2758 3656 ι
2790 3603 3128 3674 \‘el'arguct,
3175 3601 3378 3672 inquit,
3431 3601 3478 3656 is
3528 3601 3625 3672 qui

2039 3695 2258 3766 signum
2294 3693 2429 3748 illud
2466 3709 2577 3748 non
2604 3692 2838 3756 habens,
2867 3707 2930 3746 ea
2965 3707 3086 3762 quae
3116 3701 3260 3747 notae
3289 3691 3440 3746 illius
3474 3700 3623 3756 sunt,

2039 3789 2262 3859 egregie
2291 3788 2632 3859 praestiterit,
2669 3803 2796 3843 eum
2821 3786 3103 3852 videlicet,
3137 3785 3233 3857 qui
3258 3800 3370 3840 non
3407 3785 3626 3855 praesti-

2041 3881 2127 3936 tit.
2178 3880 2345 3950 Atqui
2391 3880 2658 3950 oportuit.
2711 3895 2838 3934 cum
2893 3894 2996 3950 per
3045 3878 3188 3950 signi
3248 3878 3624 3948 acceptionem

2039 3973 2414 4046 promisisses,
2475 3973 2861 4044 praestantiora
2921 3986 3087 4041 quam
3145 3970 3301 4024 illum
3361 3970 3626 4026 exhibere

2040 4080 2232 4134 opera.
2283 4082 2300 4114 ι
2341 4063 2400 4116 ld
2427 4063 2573 4132 quod
2598 4078 2666 4116 ex
2723 4071 2919 4116 natura
2968 4070 3054 4116 est
3099 4061 3453 4132 praeputium.
3487 4080 3507 4113 ι
3549 4062 3627 4115 Ex

2040 4168 2241 4213 natura
2270 4156 2602 4228 praeputium
2627 4163 2789 4210 vocat
2821 4170 2971 4220 eum,
3003 4155 3100 4224 qui
3132 4155 3186 4209 in
3208 4169 3376 4208 carne
3405 4168 3626 4224 praepu-

2045 4250 2212 4305 tiatus
2248 4261 2352 4304 est.
2389 4249 2490 4304 Hic
2530 4261 2662 4319 ergo
2707 4246 2992 4316 complens
3027 4261 3092 4301 ea
3132 4261 3254 4316 qua:
3296 4247 3434 4316 legis
3475 4253 3626 4310 sunt,

2043 4341 2431 4397 condemnabit
2475 4348 2527 4396 te
2565 4339 2659 4410 qui
2687 4323 3169 4394 circumcisionem
3201 4337 3394 4403 habes,
3431 4336 3541 4391 imo
3573 4347 3630 4390 et

2043 4433 2218 4505 legem
2241 4432 2390 4502 quod
2437 4431 2678 4486 litteram
2712 4437 2945 4500 spectat,
2984 4438 3229 4484 attamen
3273 4429 3448 4500 legem
3482 4443 3630 4499 ope-

2045 4526 2202 4580 ribus
2244 4523 2669 4595 transgrederis.
2745 4541 2763 4574 ι
2820 4523 3022 4594 Legem
3070 4522 3382 4592 perliciens.
3421 4541 3440 4574 ι
3477 4521 3627 4589 Quo-

345 4615 561 4670 καὶούκ
595 4616 760 4670 αὑτὸν
788 4616 879 4670 τὸν
895 4616 1081 4687 νόμον,
1117 4617 1212 4671 νῦν
1248 4617 1411 4670 αὐτὸν
1437 4617 1528 4671 τὸν
1558 4617 1720 4687 νόμον
1757 4617 1931 4672 τελεῖν

2045 4619 2114 4676 ad
2156 4620 2263 4673 hoc
2291 4617 2554 4672 videlicet
2587 4616 2736 4687 quod
2780 4616 2920 4687 legis
2958 4626 3144 4671 servat
3177 4614 3627 4686 justiﬁcationes.

345 4724 540 4778 φησιν,
579 4707 864 4778 ὑποδηλῶν
903 4709 986 4762 ὅτι
1024 4709 1199 4764 ταῦτά
1227 4712 1343 4764 ἐστι
1380 4711 1588 4781 κυρίως
1638 4712 1826 4782 νόμος,
1867 4711 1933 4764 Ἡ

342 4801 410 4853 δὲ
437 4801 713 4872 περιτομὴ
735 4803 830 4855 καὶ
842 4801 911 4855 τὰ
939 4801 1186 4868 τοιαῦτα,
1222 4803 1342 4856 οὐδὲ
1371 4803 1579 4874 κυρίως
1597 4803 1786 4875 νόμος.
1819 4823 1837 4856 ι
1867 4802 1935 4856 Σὲ

352 4893 447 4947 τὸν
476 4894 565 4947 διὰ
600 4894 932 4965 γράμματος
981 4897 1077 4949 καὶ
1103 4896 1426 4967 περιτομῆς.
1465 4915 1484 4949 ι
1515 4896 1615 4950 Διὰ
1632 4897 1741 4968 γὰρ
1770 4897 1937 4967 νόμου

343 4987 600 5056 γραπτοῦ
643 4991 740 5042 καὶ
772 4993 1076 5062 περιτομῆς
1123 4989 1440 5063 προαχθεὶς,
1469 4992 1676 5062 ⁸ἐγένου
1722 4991 1943 5046 πάντων

345 5081 700 5152 παραϐάτης.

416 5369 505 5420 οὐ
539 5367 649 5437 γὰρ
677 5371 710 5422 ὀ
737 5366 907 5435 ἐνεῷ
929 5369 1191 5440 φανερῷ,
1222 5369 1519 5438 Ἰουδαῖός
1537 5371 1712 5427 ἐστιν
1738 5389 1753 5403 ο
1795 5373 1940 5428 οὐδὲ

345 5459 390 5526 ἦ
418 5458 493 5512 ἐν
520 5457 602 5521 τῷ
633 5458 894 5529 φανερῶ,
921 5460 992 5514 ἐν
1022 5461 1227 5530 σαρκὶ,
1289 5463 1601 5534 περιτομήο
1635 5464 1773 5518 ἀλλ’
1810 5469 1844 5519 ὁ
1865 5465 1937 5518 ἐν

344 5550 431 5614 τῷ
464 5551 708 5618 κρυπτῷ
763 5551 1074 5619 Ἰουδαῖος,
1108 5553 1211 5609 καὶ
1241 5555 1528 5626 περιτομὴ
1561 5557 1835 5626 καρδίας,
1867 5558 1938 5612 ἐν

347 5642 672 5711 πνεύματι,
690 5645 762 5698 οὺ
780 5645 1072 5714 γράμματι
1087 5662 1119 5706 ,⁸
1169 5640 1242 5702 οὗ
1271 5650 1303 5702 ὀ
1325 5646 1572 5715 ἔπαινος
1599 5651 1708 5704 οὐκ
1736 5649 1804 5715 ἐξ
1832 5649 1936 5704 ἀν-

347 5734 624 5803 θρώπων,
645 5735 785 5790 ἀλλ’
839 5737 907 5792 ἐκ
944 5738 1051 5792 τοῦ
1077 5738 1249 5796 Θεοῦ.

460 5936 486 5970 ⁸
517 5937 654 5994 Luc.
688 5955 766 6006 ιι,
800 5939 888 5995 52.

2040 4713 2342 4768 Considera
2372 4727 2507 4767 vero
2537 4711 2682 4781 quod
2709 4726 2835 4766 cum
2862 4709 3019 4780 prius
3047 4707 3185 4779 legis
3201 4707 3630 4778 iustiﬁcationes

2041 4807 2272 4864 dixisset
2319 4816 2376 4862 et
2416 4821 2529 4861 non
2577 4805 2752 4875 legem
2791 4803 2964 4873 ipsam
3013 4801 3091 4856 ait
3135 4816 3260 4856 eum
3307 4800 3626 4871 perlicere:

2044 4901 2407 4958 subindicans
2449 4939 2464 4963 ,
2496 4897 2644 4968 quod
2676 4897 2795 4951 haec
2834 4894 3057 4966 proprie
3090 4895 3201 4949 sint
3243 4894 3352 4958 lex,
3387 4894 3631 4949 circum-

2046 4996 2182 5052 cisio
2211 5009 2342 5050 vero
2380 4993 2598 5061 aliaque
2631 4988 2976 5062 huiusmodi,
3010 4989 3335 5060 improprie.
3370 5008 3387 5042 ι
3423 4989 3528 5056 Qui
3563 5003 3631 5042 ex

2045 5089 2233 5144 littera
2288 5102 2350 5142 es
2395 5094 2452 5141 et
2499 5082 2948 5140 circumcisione.
3007 5101 3025 5134 ι
3059 5082 3196 5138 Nam
3233 5097 3332 5152 per
3367 5081 3630 5152 scriptam

2044 5183 2220 5253 legem
2255 5195 2320 5235 ac
2361 5177 2852 5234 circumcisionem
2883 5185 3133 5243 evectus,
3171 5175 3420 5230 omnium
3447 5186 3631 5231 trans-

2043 5289 2265 5346 gressor
2298 5271 2477 5326 factus
2498 5284 2582 5324 es.

2116 5366 2184 5430 ll,
2213 5366 2308 5430 28,
2343 5363 2436 5420 ‘29.
2465 5362 2584 5417 Non
2600 5360 2743 5417 enim
2769 5362 2813 5417 is
2830 5378 2950 5418 vere
2963 5361 3180 5418 Iudaeus
3199 5373 3295 5428 est,
3317 5362 3407 5436 qui
3429 5364 3483 5416 in
3511 5378 3630 5416 mae

2046 5461 2234 5531 nifesto
2256 5457 2473 5513 Iudicas
2523 5466 2634 5510 est:
2667 5471 2760 5509 nec
2787 5470 2851 5509 ea
2883 5469 3003 5511 vere
3028 5463 3105 5509 est
3139 5455 3486 5516 circumcisio,
3512 5468 3630 5523 qua:

2045 5555 2102 5606 in
2137 5549 2418 5620 manifesto
2461 5547 2516 5602 in
2557 5563 2718 5601 carne
2754 5558 2829 5602 est
2866 5547 3194 5602 circumcisio
3239 5563 3257 5601 :
3304 5547 3397 5601 sed
3439 5545 3531 5616 qui
3574 5547 3630 5598 in

2047 5645 2249 5700 occulto
2277 5643 2494 5698 Judwus
2536 5649 2632 5705 est,
2672 5643 2716 5694 is
2757 5655 2876 5694 vere
2906 5640 3124 5695 Iudaeus
3166 5649 3241 5693 est
3271 5656 3289 5692 :
3327 5645 3378 5691 et
3402 5637 3630 5691 circum—

2047 5739 2174 5794 cisio
2200 5735 2372 5791 cordis
2391 5735 2445 5789 in
2467 5733 2681 5806 spiriru,
2707 5749 2810 5787 non
2838 5732 3040 5798 littera,
3060 5749 3122 5787 ea
3149 5748 3273 5787 vera
3306 5732 3629 5785 circumcisio

2050 5841 2148 5900 est,
2177 5834 2330 5902 cujus
2364 5829 2479 5883 laus
2509 5843 2612 5882 non
2635 5840 2699 5881 ea:
2731 5825 3028 5881 hominibus
3058 5831 3154 5892 est,
3186 5817 3276 5880 sed
3301 5841 3364 5879 ex
3393 5824 3522 5880 Deo.
