3978 6548
442 431 571 495 τδιι

1550 423 1957 486 '(ECUMENII
2001 424 2290 485 TRlCCE
2330 426 2667 487 EPISCOPI
3594 436 3681 498 368

536 544 808 614 Deinceps
827 540 1022 597 deﬁnit
1042 539 1166 610 quis
1187 552 1317 592 vere
1336 536 1556 592 Judaeus
1586 536 1658 592 sit
1677 546 1733 591 et
1759 537 1883 606 quis
1910 551 2033 591 vere

2208 538 2410 590 Λοιπὸν
2437 538 2608 609 ὁρίζει
2660 538 2745 601 τίς
2774 540 2803 592 ὁ
2835 537 3004 601 ὅντως
3036 538 3310 606 Ἰουδαῖος,
3346 539 3439 592 καὶ
3466 541 3541 605 τίς
3563 544 3587 596 ὁ
3612 546 3687 599 ὃν·

464 636 845 707 pracputiatus.
880 634 947 688 Et
980 631 1200 686 videtur
1224 643 1335 682 non
1361 627 1600 698 abjicere
1629 627 1901 689 .ludmum,
1932 625 2034 679 sed

466 740 927 799 transgressorem
967 741 981 777 :
1017 723 1316 793 plurimum
1358 727 1539 774 tamen
1583 718 1707 773 illos
1749 717 2035 787 deprimit,

446 821 779 891 signiﬁcans
820 833 917 873 eos
971 815 1153 870 facere
1206 812 1390 867 omnia
1447 811 1516 866 ad
1581 810 2033 865 ostentationem.

470 932 489 964 ι
520 912 652 979 Quae
675 912 730 965 in
760 908 1050 964 manifesto
1075 907 1129 961 in
1153 921 1320 961 carne
1348 910 1434 960 est
1457 901 1822 958 circumcisio.
1849 919 1866 951 ι
1899 899 2035 954 Cum

464 1010 569 1058 hoc
611 1003 768 1065 dixit,
795 1000 1000 1054 'omnia
1048 996 1360 1067 corporalia
1405 994 1628 1063 abiecit.
1667 1011 1685 1043 ι
1722 991 1780 1045 In
1816 989 2036 1044 occulto

461 1096 698 1152 Iudaeus.
731 1113 749 1145 ›
779 1094 914 1148 Puta
941 1088 1349 1145 intellectualis.
1372 1083 1769 1141 «Circumeisio
1783 1081 1986 1137 cordis.
2010 1100 2029 1132 ν

461 1189 622 1243 Nulla
669 1185 816 1239 enim
866 1182 1169 1238 necessitas
1194 1190 1299 1244 est,
1334 1179 1533 1249 inquit,
1575 1177 1759 1231 carnis
1787 1188 2035 1229 resecare

463 1278 815 1348 praeputium,
851 1274 945 1330 sed
981 1289 1077 1329 cor
1112 1273 1291 1342 ipsum
1319 1286 1349 1324 a
1384 1269 1569 1340 pravis
1597 1265 2032 1337 operationibus.

462 1371 660 1424 Dicens
701 1378 887 1423 autem
939 1385 954 1420 :
1003 1366 1063 1419 In
1110 1364 1334 1435 spiritu,
1378 1362 1524 1416 viam
1564 1366 1837 1430 praeparat
1883 1355 2031 1410 ﬁdei.

460 1464 596 1518 Nam
634 1461 826 1516 ﬁdeles
853 1457 1238 1531 perSpiritum
1269 1463 1521 1511 sanctum
1545 1450 2031 1506 eireumcisionem

460 1555 668 1610 habent
706 1561 1056 1623 peccatorum
1085 1566 1097 1602 :
1131 1548 1225 1619 qui
1268 1546 1456 1611 corde,
1493 1544 1589 1610 ait,
1628 1551 1933 1623 .reseeatusA
1951 1549 2037 1595 est

460 1647 609 1701 omni
660 1645 1003 1716 impuritate.
1071 1641 1173 1696 Hic
1217 1639 1366 1695 enim
1429 1652 1595 1693 verus
1636 1644 1720 1691 est
1783 1616 2033 1699 Judéus,

460 1740 556 1808 qui
584 1739 758 1808 legem
785 1736 1024 1805 complet
1059 1749 1123 1789 ac
1156 1740 1359 1789 servat.
1404 1749 1422 1783 ι
1467 1729 1638 1799 Cujus
1672 1728 1792 1781 laus
1823 1741 1935 1781 non
1966 1741 2034 1780 ex

462 1828 785 1884 hominibus
811 1834 917 1893 est,
951 1825 1045 1881 sed
1077 1841 1145 1881 ex
1181 1825 1315 1879 Deo.
1354 1842 1373 1875 ι
1414 1822 1570 1892 231
1603 1820 1846 1876 Occultze
1874 1833 2035 1873 nam-

2142 646 2250 691 τως
2274 629 2632 699 ἀκρόδυστος.
2668 630 2776 684 Καὶ
2813 630 2961 682 δοκεῖ
3022 631 3123 700 μὲν
3173 630 3247 703 μὴ
3299 631 3566 687 ἐκϐάλλειν
3610 638 3687 693 τὸν

2145 719 2422 785 Ἰουδαῖον,
2459 720 2594 774 ἀλλᾶ
2610 722 2701 773 τὸν
2738 721 3092 790 παραϐάτην·
3140 722 3273 774 πολὺ
3303 722 3359 775 δὲ
3385 725 3685 783 καταϐάλλει

2143 812 2362 877 αὐτοὺς,
2440 813 2721 885 σημαίνων
2790 814 2967 867 πάντα
3038 813 3174 883 πρὸς
3223 814 3475 880 ἐπίδειξιν
3518 818 3688 886 αὖτοὺς

2143 901 2451 962 ποιοῦντας.
2490 921 2508 953 ι
2543 902 2734 973 Οὐδὲή
2768 902 2826 954 ὲν
2866 902 2943 970 τῷ
2973 901 3192 973 φανερῷ
3242 904 3300 957 ἑν
3351 906 3509 974 σαρκὶ
3555 923 3689 980 περι-

2142 994 2302 1061 τομή.
2345 1010 2362 1042 ι
2401 991 2571 1044 Τοῦτο
2599 991 2769 1044 είπὼν
2823 991 3044 1060 ἐξέϐαλε
3088 993 3157 1047 τὰ
3205 995 3485 1064 σωματικὰ
3515 998 3689 1054 πάντα.

2150 1100 2169 1133 ι
2193 1082 2282 1135 Ἐν
2304 1082 2381 1152 τῷ
2404 1082 2632 1154 κρυπτῷ
2658 1085 2938 1147 Ἰουῖαῑος.
2978 1106 2997 1138 ι
3020 1082 3144 1138 Οἷον
3171 1088 3197 1140 ὁ
3216 1087 3419 1157 νοητός.
3451 1106 3467 1137 ι
3489 1089 3589 1141 Καὶ
3613 1106 3692 1143 πε-

2146 1176 2362 1246 ριτομή.
2404 1195 2421 1226 ι
2463 1178 2537 1229 Οὔ
2565 1176 2673 1244 γὰρ
2694 1178 2874 1248 χρεία,
2903 1181 3066 1247 φησὶ,
3100 1179 3200 1248 τὴν
3243 1178 3506 1249 σαρκικὴν
3559 1197 3691 1251 περιο

2143 1266 2367 1335 τέμνειν
2399 1269 2790 1339 ἀκροϐυστίαν,
2824 1270 2959 1323 ἀλλὰ
2989 1271 3091 1338 τὴν
3121 1270 3352 1340 καρδίαν
3388 1274 3451 1325 ὲκ
3475 1271 3574 1323 τῶν
3609 1290 3691 1325 και

2143 1359 2256 1411 κῶν
2286 1358 2756 1429 πράξεων.Εἱπὼν
2783 1361 2863 1424 δὲ,
2886 1362 3003 1415 «Ἐν
3026 1362 3352 1431 seminata,»
3375 1362 3687 1431 tpoﬁomisi

2141 1452 2208 1520 τῇ
2229 1451 2428 1504 πίστει.
2467 1453 2531 1505 0i
2557 1452 2666 1524 γὰρ
2697 1455 2878 1506 πιστοὶ
2934 1454 3022 1506 διὰ
3081 1454 3394 1523 Πνεύματος
3447 1453 3589 1522 ἁγίου
3609 1454 3693 1523 τὴν

2143 1542 2446 1612 περιτομὴν
2495 1542 2675 1614 ἔχουσι
2726 1545 2831 1599 τῶν
2891 1544 3195 1613 ἁμαρτιῶν.
3238 1544 3295 1597 Ὀ
3328 1544 3426 1615 τὴν
3466 1545 3689 1614 καρδίαν,

2145 1634 2304 1700 φησι,
2329 1635 2671 1703 τετμημένος
2704 1635 2811 1688 ἀπὸ
2842 1637 3021 1706 πάσης
3045 1635 3406 1706 ἀκαθαρσίας.
3428 1627 3583 1694 Οὗτος
3602 1636 3693 1706 γὰρ

2141 1722 2169 1774 ὁ
2203 1721 2417 1791 ἀληθῶς
2475 1724 2752 1788 Ἰουδαῖος.
2803 1726 2832 1777 ὁ
2892 1726 2986 1778 τὸν
3031 1726 3196 1793 νόμον
3244 1724 3529 1795 πληρῶν.‹
3566 1720 3632 1779 Ού
3669 1728 3692 1779 ὁ

2142 1811 2364 1875 ἔπαινος
2389 1815 2490 1866 οὐκ
2518 1816 2577 1881 ἐξ
2599 1816 2926 1886 ἀνθρώπων,
2946 1815 3058 1871 ἀλλ’
3090 1818 3155 1870 ὲκ
3183 1816 3278 1869 τοῦ
3319 1815 3474 1871 Θεοῦ.
3511 1834 3529 1866 ι
3591 1816 3688 1885 Τῆς

459 1937 569 1991 que
602 1918 1041 1975 circumeisionis
1068 1925 1124 1972 et
1163 1931 1285 1987 quae
1312 1916 1366 1970 in
1397 1915 1562 1970 corde
1589 1922 1693 1979 est,
1729 1928 1839 1968 non
1871 1910 2033 1964 homo

2141 1902 2250 1973 γὰρ
2330 1906 2582 1976 κρυπτῆς
2641 1908 2734 1961 καὶ
2807 1911 2866 1962 ἐν
2940 1909 3138 1980 καρδίᾳ
3215 1908 3536 1978 περιτομῆς,
3607 1909 3689 1961 οὐκ

460 2015 713 2069 laudator
762 2021 868 2081 est,
925 2012 1018 2069 sed
1073 2010 1169 2082 qui
1227 2008 1395 2065 corda
1442 2013 1725 2064 scrutatur
1764 2012 1821 2060 et
1874 2017 2033 2058 renes

2139 1993 2606 2077 ἓσταιὲπαινέτης
2633 1999 2939 2072 ἄνθρωπος,
2974 2001 3090 2057 ἀλλ’
3145 2004 3175 2055 ὀ
3225 1999 3437 2067 ὲτάζων
3494 1998 3692 2070 καρδίας

458 2108 625 2164 [δρας.
998 2114 1002 2118 ι
2139 2089 2233 2142 καὶ
2260 2090 2491 2159 νεφροὺς
2512 2090 2665 2155 Θεός.

1015 2254 1239 2313 CAPUT
1312 2255 1378 2311 ν.

2760 2242 3013 2296 ΚΕΦΑΛ.
3037 2244 3107 2298 Δ’.

458 2388 535 2442 De
583 2386 955 2443 Israelitarum
985 2387 1362 2457 praerogativa,
1386 2386 1474 2457 qui
1498 2383 1896 2455 promissionem
1915 2395 2039 2433 con-

1026 2458 1191 2510 secuti
1222 2463 1369 2535 sunt;

529 2569 621 2633 111,
658 2570 708 2632 1,
739 2554 793 2620 2.
821 2566 949 2633 Quae
986 2566 1152 2636 igitur
1207 2548 1517 2617 excellentia
1578 2571 1653 2616 est
1691 2560 1902 2615 Judaei?
1944 2567 2038 2613 aut

457 2678 576 2733 qua
606 2659 810 2715 utilitas
864 2657 1271 2712 circumcisionis
1296 2656 1320 2708 ?
1349 2654 1518 2710 Multa
1564 2670 1656 2725 per
1696 2668 1902 2707 omnem
1928 2667 2039 2704 uio-

460 2757 608 2810 dum.

528 2845 735 2918 Objieit
773 2844 877 2900 sibi
931 2844 1056 2915 ipsi.
1105 2843 1163 2898 Si
1221 2858 1376 2914 ergo,
1434 2840 1636 2911 inquit,
1685 2839 1841 2909 juxta
1885 2846 2038 2890 tuum

456 2951 795 3002 sermonem,
834 2935 975 2990 nihil
1032 2934 1258 3005 prodest
1313 2933 1402 2988 vel
1478 2930 1729 2987 Judaeum
1783 2944 1905 2983 esse
1953 2925 2039 2981 vel

458 3027 804 3093 circumcidi,
838 3026 973 3097 quin
1008 3026 1194 3097 potius
1223 3033 1405 3090 nocet,
1441 3038 1564 3078 cum
1604 3031 2040 3088 transgressores

461 3120 667 3190 majore
714 3119 825 3173 sint
862 3116 1012 3184 digni
1069 3114 1363 3186 supplicio.
1420 3111 1502 3167 Ad
1530 3110 1660 3182 quid
1724 3110 1893 3181 igitur
1938 3123 2033 3163 nos

2141 3122 2330 3169 νοντας
2368 3108 2614 3177 μείζονος
2658 3105 2799 3163 εἶναι
2843 3112 3113 3181 τιμωρίας
3144 3111 3356 3179 ἀξίους,
3390 3112 3441 3164 τί
3481 3111 3541 3182 δή
3576 3125 3686 3162 ποτε

456 3188 622 3280 elegit
665 3210 833 3274 Deus,
905 3217 1003 3263 aut
1040 3223 1140 3262 cur
1199 3221 1302 3260 nos
1346 3203 1668 3259 circumcidi
1734 3200 2033 3272 praecepit?

2143 3201 2289 3270 ἡμᾶς
2322 3204 2413 3254 καὶ
2456 3201 2738 3269 ἐξελέξατο
2762 3206 2790 3252 ὁ
2813 3203 2946 3267 Θεός
2981 3220 2997 3269 ;
3023 3190 3162 3257 διατί
3191 3203 3249 3257 δὲ
3268 3188 3365 3258 καὶ
3388 3205 3681 3276 περιτέμνε-

458 3279 679 3359 Poterat
711 3301 894 3370 itaque
944 3300 1009 3356 ad
1061 3299 1428 3370 objectionem
1471 3297 1658 3352 dicere
1719 3294 1868 3365 quod
1932 3293 2014 3349 cir

2147 3294 2269 3347 σθαι
2313 3294 2681 3365 προσέταξενς
2745 3291 2854 3349 Ἦν
2907 3296 3006 3365 μὲν
3037 3292 3131 3349 οὖν
3155 3296 3295 3366 πρὸς
3330 3296 3425 3366 τὴν
3448 3295 3688 3349 ἀντίθεσιν

457 3394 726 3450 eumeisio
760 3406 923 3464 typus
1000 3400 1119 3447 erat
1172 3392 1337 3462 hujus
1384 3405 1507 3460 quae
1582 3404 1683 3459 per
1733 3386 1900 3442 ﬁdem
1955 3394 2033 3441 est

2140 3387 2334 3451 εἰπεῖν,
2357 3386 2438 3440 ὃτι
2480 3387 2650 3449 τύπος
2697 3384 2767 3456 ἦν
2794 3389 2828 3458 ἡ
2864 3388 3160 3458 περιτομὴ,
3220 3389 3429 3459 ταύτης
3477 3388 3568 3455 τῆς
3613 3386 3688 3438 διὰ

456 3486 811 3542 circumcisio
840 3487 894 3540 in
923 3485 1156 3555 spiritu:
1182 3484 1426 3552 itemque
1453 3481 1678 3537 Iudaeus
1701 3520 1715 3545 ,
1774 3479 2033 3548 spiritua-

2141 3477 2378 3541 πίστεως
2408 3481 2466 3531 ὲν
2495 3478 2769 3549 πνεύματι
2831 3480 3157 3549 περιτομῆς,
3203 3480 3302 3534 καὶ⁸
3334 3480 3580 3542 Ἰουδαῖος
3608 3477 3687 3532 τ>ῦ

456 3574 530 3629 lis
557 3573 731 3628 Judaei
763 3574 855 3643 qui
890 3573 1061 3627 Deum
1090 3571 1406 3626 conﬁtetur.
1447 3570 1620 3626 ludas
1649 3568 1924 3639 siquidem
1955 3566 2033 3621 in-

2138 3569 2333 3637 νοητοῦ
2365 3568 2624 3623 Ἰουδαίου
2669 3569 2765 3623 τοῦ
2802 3570 3303 3640 ὲξομολογουμένου
3333 3572 3472 3642 Θεῷ.
3507 3570 3687 3632 Ἰούδας

460 3665 855 3736 terpretatione
960 3665 1342 3735 confessionem
1405 3662 1746 3733 isigniﬁcat.
1833 3663 2033 3717 Verum

2138 3663 2247 3730 γὰρ
2270 3662 2709 3730 ἐξομολόγησις
2731 3662 3115 3733 ἑρμηνεύεται.
3135 3664 3299 3716 Ἀλλὰ
3358 3665 3554 3733 ταύτην
3570 3662 3689 3724 τέως

459 3759 566 3813 liae
624 3757 844 3812 interim
881 3756 1072 3811 relicta
1104 3755 1402 3823 solutione,
1429 3770 1551 3825 quae
1584 3753 1831 3809 nondum
1863 3752 2033 3823 recipi

2139 3754 2301 3822 ἀφεὶς
2327 3754 2426 3824 τὴν
2459 3754 2613 3806 λύσιν
2634 3754 3017 3822 ἀπαράδεκτον
3047 3756 3128 3808 ἔτι
3166 3751 3363 3822 οὖσαν,
3407 3758 3483 3821 είς
3518 3757 3690 3826 ἑτέραν

459 3861 697 3922 poterat,
716 3850 782 3905 ad
800 3850 963 3907 aliam
978 3850 1147 3904 venit.
1173 3849 1403 3905 Prodest
1427 3847 1573 3903 enim
1590 3847 1906 3903 Judaismus
1932 3863 1945 3899 :
1971 3861 2033 3899 ex

2138 3840 2321 3916 ἦλθεν,
2346 3845 2427 3898 ὅτι
2452 3844 2651 3913 ὠφελεί
2675 3848 2703 3898 ὁ
2732 3845 3083 3916 Ἰουδαῖσμός.
3114 3848 3270 3901 Κατὰ
3301 3848 3459 3901 τοῦτο
3482 3889 3495 3914 ,
3522 3849 3687 3919 φησιν,

457 3942 566 3996 hoc
593 3944 741 3997 enim
766 3942 904 3996 viam
935 3942 1129 3996 salutis
1157 3941 1497 4005 didicerunt,
1523 3941 1698 4012 legem
1730 3940 1927 3995 ducem
1967 3938 2033 3993 ad

2138 3937 2340 4009 ἔμαθον
2387 3938 2507 3991 ὁδὸν
2544 3939 2841 4011 σωτηρίας,
2900 3937 3093 3993 ἔλαϐον
3144 3940 3315 4011 νόμον
3365 3942 3552 4011 ὁδηγὸν
3584 3938 3683 3993 τῶν

454 4049 522 4088 ea
554 4049 675 4103 quae
719 4032 927 4105 agenda
976 4042 1136 4087 erant
1197 4042 1551 4104 acceperunt.
1623 4032 1781 4099 Quod
1823 4032 1868 4086 si
1925 4046 2033 4087 non

2138 4031 2451 4103 πρακτέων.
2493 4032 2554 4084 Ei
2579 4031 2636 4085 δὲ
2666 4033 2743 4102 μὴ
2769 4031 3065 4102 ἐφύλαξαν,
3124 4033 3341 4098 ἑαυτοῖς
3377 4033 3690 4105 μεμφέσθω-

456 4134 771 4192 servarunt,
819 4125 925 4181 sibi
957 4126 1089 4196 ipsis
1132 4126 1507 4197 indignentur.
1566 4125 1702 4181 Nam
1741 4125 1897 4190 mihi,
1954 4122 2033 4179 in-

2140 4140 2262 4178 σαν.
2303 4123 2456 4194 Ἐμοὶ
2516 4123 2624 4195 γὰρ
2677 4125 2837 4188 τέως.
2897 4126 3051 4194 φησὶ,
3087 4126 3225 4195 προς
3272 4126 3403 4187 τοὺς
3425 4126 3497 4196 μὴ
3529 4140 3688 4194 παρα-

457 4219 600 4291 quit,
656 4219 726 4274 ad
774 4234 872 4275 eos
924 4217 1020 4288 qui
1088 4234 1199 4274 non
1275 4226 1406 4274 sunt
1482 4216 1808 4288 transgressi
1893 4217 2033 4271 inte-

2138 4215 2420 4279 σαίνοντας
2440 4217 2468 4268 ὁ
2490 4214 2666 4284 λόγος.
2694 4246 2765 4257 --
2790 4217 3041 4282 Ἄλλως.
3070 4215 3560 4289 [ΘΕΟΔΩΡΙΊῸΥ.]
3593 4215 3689 4285 Τὴν

456 4311 562 4365 rim
636 4324 821 4365 sermo
865 4319 972 4365 est.
1040 4340 1109 4350 -—
1173 4307 1294 4363 Alio
1344 4308 1518 4364 modo.
1589 4308 1694 4363 Ubi
1743 4307 2033 4363 Iudaicum

2149 4308 2444 4378 Ἰουδαῖκὴν
2492 4310 2854 4373 καταστείλας
2910 4310 3103 4380 ὀφρὺν,
3170 4311 3265 4364 καὶ
3286 4311 3470 4377 δείξας
3532 4309 3689 4381 μάτην

457 4403 824 4474 depressisset
886 4401 1270 4471 supercilium.
1301 4401 1747 4470 ostendissetque
1777 4416 1873 4455 eos
1896 4415 2033 4455 vane

2138 4404 2335 4468 αὐτοὺς
2376 4405 2469 4459 ἐπὶ
2518 4407 2582 4475 τῇ
2613 4405 2881 4474 περιτομῇ
2944 4403 3037 4456 καὶ
3090 4402 3167 4473 τῷ
3233 4403 3387 4474 νόμῳ
3417 4442 3431 4466 ,
3488 4401 3577 4454 καὶ
3628 4399 3688 4467 τῇ

457 4496 526 4552 de
561 4492 984 4549 circumcisione
1042 4506 1107 4546 ac
1130 4491 1271 4561 lege,
1321 4490 1608 4561 Judzeique
1669 4490 2033 4561 appellatione

2148 4495 2402 4548 Ἰουδαίου
2427 4494 2768 4566 προσηγορίᾳ
2797 4493 3365 4564 μεγαλαυχουμένους,
3399 4494 3485 4546 ἵνα
3524 4492 3591 4563 μή
3616 4502 3688 4550 τις

1389 4586 1702 4653 suspicetur
1767 4582 1896 4638 odio
1971 4598 2033 4638 ac

2139 4585 2381 4657 ὑπολάϐῃ
2422 4586 2715 4657 δυσμενείᾳ
2752 4584 2912 4639 τοῦτο
2936 4591 3030 4641 καὶ
3057 4585 3327 4658 ἀπεχθείᾳ
3358 4590 3548 4648 ποιεῖν,
3604 4584 3689 4635 eu-

2139 4676 2264 4745 ἀγει
2299 4694 2312 4708 ·
2358 4696 2375 4728 ι
2407 4676 2474 4730 Τί
2499 4677 2558 4732 τὸ
2584 4678 2845 4747 περισσὸν
2886 4678 2981 4730 τοῦ
3013 4676 3293 4741 Ἰουδαίου,
3331 4676 3468 4747 ἥτίς
3496 4677 3527 4744 ἡ
3561 4671 3690 4740 diei.

2134 4768 2252 4823 λεια
2282 4770 2380 4841 τῆς
2440 4769 2781 4840 περιτομῆςς
2816 4788 2835 4821 ι
2867 4770 2930 4822 El
2977 4769 3087 4822 τῶν
3150 4769 3491 4838 ἀλλοφύλων,
3521 4765 3687 4835 φησὶν.

2135 4862 2306 4915 ἐθνῶν
2367 4879 2518 4925 τινες
2548 4862 2827 4932 Θεοσεδείᾳ
2856 4863 2952 4915 καὶ
2981 4863 3148 4933 ἀρετῇ
3181 4860 3565 4930 κοσμούμενοι,
3594 4852 3689 4907 τῶν

2134 4955 2295 5010 θείων
2343 4955 2701 5027 ἀναρξήσεων
2756 4954 3132 5019 ἀπολαύουσι,
3189 4954 3243 5007 τί
3293 4955 3359 5024 δή
3415 4968 3542 5005 ποτε
3591 4947 3686 5001 τῶν

2133 5032 2317 5102 ἐθνῶν.
2346 5046 2577 5119 ἐχώρισε
2605 5048 2695 5099 τὸν
2720 5047 2941 5120 Ἰσραὴλ
2970 5050 2998 5101 ὁ
3034 5048 3188 5111 Θεὸς,
3224 5049 3319 5099 καὶ
3357 5047 3456 5115 τὴν
3482 5055 3685 5113 περιτο-

2137 5141 2245 5213 μὴν
2264 5141 2448 5205 αὐτοῖς
2479 5141 2738 5206 δέδωκενς
2771 5140 2839 5193 τὸ
2872 5142 2982 5211 γὰρ
3016 5141 3318 5209 περισσὸν
3377 5138 3480 5193 τοῦ
3553 5137 3682 5191 Ἰου-

2133 5235 2328 5302 δαίου,
2386 5236 2486 5306 τὴν
2530 5234 2833 5305 περιτομὴν
2883 5235 3051 5303 λέγει.
3099 5229 3232 5287 Εἶτα
3293 5234 3521 5303 ἐπάγει·
3560 5226 3682 5282 Πολὺ

2134 5326 2276 5383 κατὰ
2319 5326 2496 5380 πάντα
2539 5327 2761 5396 τρόπον.
2824 5325 3139 5392 Ἐξελέξατο
3188 5327 3298 5398 γὰρ
3356 5323 3533 5380 αὐτῶν
3573 5318 3682 5378 τοὺς

2132 5420 2454 5491 προγόνους.
2502 5418 2614 5490 Τῆς
2642 5419 2958 5487 Αἰγυπτίων
2992 5418 3339 5489 ἠλευθέρωσε
3362 5413 3678 5471 (“invecta-55;.

2132 5512 2607 5581 Πολυθρυλλήτους
2627 5511 2714 5565 διὰ
2757 5512 2855 5575 τὰς
2878 5510 3226 5574 παντοδαπὰς
3259 5502 3679 5579 θαυματουργίας

2130 5605 2398 5675 ἀπέφηνε.
2447 5605 2630 5675 Νόμον
2688 5604 2888 5657 ἔδωκεν
2947 5604 3025 5677 είς
3076 5603 3349 5674 βοήθειαν,
3416 5597 3677 5669 προφήτας

2130 5697 2438 5751 ἀπέστειλε.
2467 5697 2639 5750 Τοῦτο
2664 5684 2668 5688 ’
2694 5696 2804 5767 γὰρ
2831 5696 3016 5764 λέγει,
3065 5715 3083 5747 ι
3125 5696 3268 5749 Πολὺ
3323 5694 3460 5748 κατὰ
3521 5687 3677 5742 πάντα

2128 5789 2353 5858 τρόπον.
2392 5806 2410 5838 ι
2448 5787 2630 5840 Ταῦτα
2666 5786 2849 5857 μέντοι
2893 5789 3069 5840 πάντα
3115 5787 3362 5858 σιγήσας,
3410 5780 3501 5834 τοῦ
3530 5777 3673 5843 νόμον

2130 5881 2225 5954 τὴν
2286 5881 2441 5935 θέσιν
2497 5880 2680 5952 τίθησι
2726 5882 2906 5954 μόνον.
2946 5880 3167 5953 Πρῶτον
3203 5864 3671 5954 μὲν,ὃτιὲπιστεύο

2142 2367 2278 2438 Περὶ
2313 2366 2620 2438 ὑπεροχῆς
2674 2371 2934 2438 Ἰσραὴλ,
2976 2372 3085 2425 τοῦ
3134 2344 3541 2441 τυγχάνοντος
3600 2370 3692 2440 τῆς

2717 2442 3083 2511 ἐπαγγελίας
3096 2482 3109 2497 .

2218 2553 2278 2606 Τί
2325 2547 2440 2607 οὖν
2479 2552 2546 2606 τὸ
2584 2553 2884 2621 περισσὸν·
2938 2552 3049 2607 τοῦ
3105 2552 3439 2616 Ἰουδαιόυ;
3471 2552 3506 2619 ἢ
3541 2552 3621 2618 τίς
3657 2552 3689 2620 ἠ

2139 2643 2399 2713 ὠφέλεια
2456 2643 2568 2713 τῆς
2603 2642 2961 2714 «summie;
2997 2644 3157 2698 πολὺ
3188 2644 3344 2698 κατὰ
3370 2644 3557 2697 πάντα
3575 2646 3688 2712 τρό-

2140 2752 2279 2792 πον.

2224 2834 2585 2905 Ἀντιτίθησιν
2609 2837 2809 2909 ἐαυτῷ.
2836 2837 2896 2890 ΕΞ
2917 2832 3028 2901 οὖν,
3055 2838 3209 2908 φησι,
3239 2838 3384 2892 κατὰ
3410 2838 3497 2892 τὸν
3514 2837 3595 2891 σδν
3620 2837 3691 2891 λό·

2140 2940 2237 2991 γον
2261 2925 2413 2978 οὐδὲν
2436 2927 2659 2995 ὠφελεῖ,
2682 2928 2805 2981 οὒτε
2836 2929 2894 2981 τὸ
2914 2926 3051 2981 εἶναι
3076 2930 3358 2995 Ἰουδαῖον,
3396 2928 3516 2983 οὔτε
3555 2946 3689 2999 περι-

2140 3016 2453 3084 τέμνεσθαι,
2513 3018 2648 3072 ἀλλα
2682 3020 2776 3071 καὶ
2819 3019 3067 3090 βλάπτει,
3119 3018 3196 3083 ὡς
3253 3022 3387 3084 τοὺς
3440 3018 3687 3091 παραϐαί-

455 4586 680 4657 gloriari
743 4603 761 4640 :
816 4599 886 4640 ne
943 4583 1069 4655 quis
1150 4597 1278 4638 eum

452 4680 760 4737 invidentia
792 4678 848 4734 id
872 4694 1056 4749 agere,
1089 4676 1278 4732 subdit
1312 4693 1323 4730 :
1365 4694 1383 4728 ι
1423 4676 1555 4744 Quae
1588 4678 1913 4733 excellentia
1947 4687 2033 4734 est

454 4775 650 4841 Judaei,
682 4783 778 4829 aut
806 4789 928 4844 qua:
947 4772 1158 4827 utilitas
1182 4770 1629 4826 circumeisionis
1656 4770 1752 4827 ?Si
1784 4772 2030 4842 quidam,

454 4866 658 4936 inquit,
688 4864 930 4936 gentium
961 4865 1399 4934 alienigenarum
1435 4861 1626 4919 divino
1673 4863 1822 4918 cultu
1853 4862 2032 4918 virtu-

457 4967 623 5026 teque
657 4955 858 5021 ornati,
889 4954 1075 5009 divina
1108 4953 1370 5010 fruuntur
1414 4954 1705 5021 electione,
1770 4954 1839 5009 ad
1898 4954 2030 5025 quid

451 5049 622 5118 igitur
648 5045 867 5101 tandem
908 5061 937 5099 a
960 5046 1216 5114 gentibus
1243 5046 1550 5119 segregavit
1573 5047 1719 5103 Deus
1750 5046 2028 5113 lsraelem,

456 5150 552 5195 aut
579 5137 1297 5195 curcircumeisioncmillis
1310 5138 1500 5195 dedit?
1526 5155 1653 5194 nam
1674 5137 1732 5192 τὸ
1769 5139 2030 5211 περισσὸν

454 5232 549 5287 τοῦ
592 5231 848 5286 Ἰουδαίου
885 5231 1019 5285 dicit
1047 5232 1545 5287 circumeisionem.
1583 5233 1789 5289 Deinde
1836 5232 2026 5287 addit:

453 5323 623 5378 Multa
661 5337 761 5393 per
808 5336 1028 5376 omnem
1078 5320 1322 5375 modum.
1383 5321 1561 5393 Elegit
1617 5324 1764 5377 enim
1810 5322 2028 5378 illorum

452 5414 837 5487 progenitores
869 5431 881 5468 :
915 5414 985 5469 ab
1009 5412 1391 5485 Egyptiorum
1418 5413 1680 5471 violentia
1735 5431 1801 5470 ac
1834 5426 2030 5486 poten-

455 5518 572 5566 tatu
601 5507 857 5564 liberavit
890 5518 904 5561 :
964 5506 1202 5578 inelytos
1234 5522 1333 5577 per
1364 5506 1693 5576 multiplicia
1730 5506 1882 5579 signa
1933 5507 2029 5563 de-

453 5599 800 5664 monstravit,
827 5598 1002 5669 legem
1030 5598 1087 5652 in
1118 5598 1385 5653 auxilium
1416 5597 1589 5663 dedit,
1620 5598 1915 5669 prophetas
1958 5588 2057 5653 ad-

450 5706 548 5748 eos
573 5691 717 5749 misit
759 5712 771 5748 :
804 5692 966 5766 232
998 5692 1274 5763 siquidem
1306 5693 1717 5765 hocuignitieat,
1748 5694 2027 5765 Multapcr

450 5800 672 5840 omnem
692 5784 934 5842 modum.
974 5784 1068 5840 llis
1095 5796 1276 5840 tamen
1328 5786 1586 5841 omnibus
1633 5785 1852 5841 silentio
1885 5802 2025 5856 pra:-

450 5875 625 5933 teritis
659 5876 827 5932 solam
856 5878 1037 5947 posuit
1074 5877 1493 5949 legislationem.
1531 5878 1773 5935 Primum
1800 5878 2024 5951 quidem
