3978 6564
345 373 455 436 3(ῖῦ

1419 380 1811 442 COMMENT.
1846 382 1929 443 IN
1966 383 2206 445 EPIST.
2248 386 2348 447 AD
2394 386 2580 447 R031.

3523 383 3630 443 37h

351 491 532 558 θησαν
557 489 626 542 τὰ
651 490 827 560 Arique.
849 492 942 546 τοῦ
964 493 1121 555 Θεοῦ,
1156 495 1290 548 πολὺ
1326 495 1468 549 κατὰ
1496 495 1672 549 πάντα
1698 497 1936 550 συντίθε-

2070 501 2171 565 {uia
2205 502 2522 557 concredita
2584 508 2715 557 sunt
2769 498 2877 555 illis
2932 495 3152 567 eloquia
3213 495 3332 559 Dei,
3394 496 3629 551 multum

349 600 443 637 ται
473 580 613 638 εἶναι
660 585 723 638 τδ
764 588 1028 657 περισσὸν
1066 590 1159 643 καὶ
1192 588 1492 661 ὠφέλιμον.

426 762 675 831 Πρῶτον
700 764 819 833 μὲν
852 767 961 836 γὰρ
1020 767 1109 821 ὅτι
1156 766 1609 834 ἐπιστευθησαν
1633 768 1706 821 τὰ
1757 769 1940 837 Λόγιιι

355 856 462 910 τοῦ
517 856 690 911 Θεοῦ.
751 859 812 911 Τι’
875 859 1002 927 γὰρ,
1036 862 1087 914 ει
1135 858 1497 927 ἠπίστησάν
1537 877 1731 924 τινεςς
1770 859 1857 929 μὴ
1898 861 1936 928 ἡ

353 949 609 1003 ἀπιστία
639 948 842 1005 αὐτῶν
870 952 986 1019 τὴν
1004 953 1213 1006 πίστιν
1240 952 1345 1007 τοῦ
1368 950 1516 1005 Θεοῦ
1531 952 1897 1022 καταργήσει
1921 969 1940 1018 ;

355 1039 454 1102 Μὴ
482 1042 718 1105 γένοιτο
742 1043 765 1096 .'

432 1133 557 1186 Ὅτι
582 1134 741 1199 ὅλως,
775 1138 958 1207 φησὶν,
980 1137 1422 1213 ἐνεχειρίσθησαν
1451 1144 1543 1197 τὶν
1569 1143 1752 1213 νόμον.
1774 1134 1944 1205 Οὗτος

359 1225 472 1297 γὲρ
517 1226 588 1279 τὰ
620 1228 796 1295 Λόγια
847 1230 941 1284 τοῦ
990 1231 1147 1286 Θεοῦ.
1190 1252 1208 1283 ι
1240 1235 1305 1286 Τί
1330 1237 1440 1306 γὰρ
1465 1237 1511 1288 εί
1539 1234 1850 1305 ἠπίστησάν
1867 1250 1946 1286 τι-

359 1334 450 1371 vs:
484 1336 500 1385 ;
529 1337 548 1370 ν
596 1316 730 1373 Εἶτα
751 1320 838 1375 ἶνα
866 1322 940 1394 μὴ
969 1322 1191 1391 λέγωσι,
1213 1326 1342 1392 Ναὶ,
1376 1327 1569 1396 φησὶν,
1610 1326 1945 1395 ἐνεχείρισεν

361 1411 496 1479 ἡμῖν
514 1414 541 1464 ὁ
567 1412 700 1474 Θεὸς
748 1413 841 1466 τὸν
902 1414 1086 1484 νόμον.
1151 1419 1248 1470 καὶ
1277 1417 1361 1482 τίς
1390 1417 1631 1489 ὠφέλεια
1657 1419 1750 1471 τοῦ
1772 1417 1943 1486 νόμον

363 1503 811 1574 ἐγχειρισθῆναι,
845 1506 1009 1559 ὁπότε
1037 1508 1223 1561 πολλοὶ
1259 1509 1362 1562 οὑκ
1389 1509 1723 1563 ἐπίστευσαν
1765 1504 1969 1577 αὑτιῖ>ς⁸

364 1596 478 1649 Καὶ
498 1596 573 1661 τί,
603 1599 765 1668 φησὶ,
806 1600 941 1668 προς
989 1600 1081 1652 τὸν
1113 1599 1266 1664 Θεὸν,
1293 1602 1341 1652 εί
1372 1602 1530 1670 ὑμεῖς
1556 1600 1898 1670 ἡπιστὴσατε
1931 1617 1947 1666 ;

366 1689 443 1759 μὴ
477 1690 590 1760 γὰρ
615 1690 832 1764 ἀνάγκῃ
875 1691 1049 1745 σῶσαι
1073 1693 1217 1762 ὑμᾶς
1240 1688 1385 1764 εἶχεν
1425 1695 1453 1746 ὁ
1490 1692 1622 1757 Θεὸς
1676 1694 1947 1759 άκοντας;

366 1782 445 1850 μὴ
476 1780 589 1851 γὰρ
634 1782 844 1853 ἐπειδὴ,
878 1785 1034 1851 φησὶ,
1073 1784 1215 1847 τινὲς
1246 1785 1580 1855 ἠπίστησαν,
1613 1785 1763 1853 παρὰ
1792 1784 1951 1838 τοῦτο

2044 607 2143 661 per
2186 606 2408 646 onmem
2476 593 2701 647 modum
2752 589 3113 647 constituitur
3167 601 3288 641 esse
3342 585 3406 639 τὸ
3445 601 3633 657 περισ-

2046 683 2157 747 σὶν,
2195 683 2301 739 hoc
2324 693 2406 739 est
2426 685 2747 740 excellentia
2781 692 2836 738 et
2875 697 2964 737 res
3002 680 3170 734 utilis.

2114 778 2205 837 lll,
2237 778 2292 839 ‘2,
2323 779 2378 832 5.
2417 778 2658 832 Primum
2708 777 2921 848 quidem
2979 775 3105 845 quia
3166 772 3463 827 concredita
3509 778 3635 823 sunt

2046 869 2154 925 illis
2188 868 2397 940 eloquia
2432 870 2543 923 Dei.
2578 869 2718 933 Quid
2735 870 2913 922 enim?
2932 866 3212 930 siquida‘m
3237 860 3494 917 increduli
3520 861 3636 930 {ue-

2050 966 2224 1019 runl?
2261 962 2403 1017 Num
2424 962 2645 1016 illorum
2672 960 3026 1015 incredulitas
3063 959 3227 1026 ﬁdem
3283 956 3380 1010 Dei
3419 955 3635 1009 irritam

2050 1055 2204 1125 faciet
2228 1054 2256 1107 ε
2278 1053 2460 1108 Absit!

2121 1145 2393 1213 Quoniam
2416 1146 2665 1211 omnino,
2712 1144 2916 1216 inquit,
2953 1143 3156 1198 tradita
3209 1150 3299 1198 est
3368 1138 3479 1195 illis
3521 1139 3632 1192 lex».

2050 1241 2188 1296 Nam
2225 1240 2333 1295 hoc
2363 1241 2487 1294 loco
2510 1240 2715 1295 dicitur
2746 1239 2835 1293 lex
2862 1236 3081 1307 eloquia
3105 1236 3226 1290 Dei.
3265 1253 3283 1287 ι
3321 1232 3463 1300 Quid
3484 1232 3636 1286 enim

2053 1331 2100 1386 si
2130 1330 2353 1400 quidam
2383 1330 2655 1386 increduli
2686 1328 2914 1384 fuerunt
2940 1326 2966 1380 ἲ
2994 1347 3013 1379 ι
3044 1326 3257 1382 Deinde
3313 1340 3386 1379 ne
3424 1323 3634 1385 dicant,

2057 1422 2258 1493 Utique
2282 1422 2691 1478 tradiditnobis
2722 1423 2868 1478 Deus
2896 1421 3097 1492 legem,
3119 1419 3214 1475 sed
3245 1433 3379 1488 qua:-
3394 1414 3638 1472 estinde

2057 1516 2289 1580 utilitas,
2324 1532 2449 1571 cum
2483 1516 2640 1570 multi
2668 1530 2780 1568 non
2802 1511 3151 1569 crediderint
3196 1510 3328 1565 illi?
3382 1511 3450 1564 Et
3498 1506 3638 1577 quid

2056 1608 2161 1664 hoc
2182 1608 2248 1663 ad
2275 1609 2447 1664 Deum
2498 1607 2700 1678 inquit,
2737 1608 2782 1662 si
2814 1622 2915 1661 vos
2943 1604 3214 1661 increduli
3240 1600 3424 1657 fuistis
3455 1601 3479 1654 ?
3505 1614 3638 1654 num

2056 1701 2205 1755 enim
2250 1700 2430 1755 salvos
2475 1699 2658 1754 facere
2683 1699 2865 1770 potuit
2890 1712 2989 1753 vos
3036 1697 3186 1752 Deus
3227 1694 3467 1749 invitos?
3506 1706 3640 1746 num

2057 1791 2206 1846 enim
2261 1790 2390 1861 quia
2417 1790 2585 1861 aliqui
2617 1788 2846 1845 fuerunt
2876 1787 3171 1852 increduli,
3208 1786 3371 1841 ﬁdem
3390 1783 3510 1847 Dei,
3535 1781 3643 1836 hoc

367 1877 469 1946 τὴν
513 1878 702 1931 πίστιν
757 1877 851 1931 τοῦ
884 1877 1042 1943 Θεοῦ,
1065 1877 1316 1931 τουτέστι
1339 1877 1440 1950 τὴν
1469 1877 1793 1948 εὐεργεσίαν
1821 1892 1952 1928 κατα

2070 1892 2137 1938 :st
2162 1882 2583 1938 beneficentiam
2603 1882 2957 1952 promissam,
2981 1881 3054 1936 ob
3085 1879 3141 1934 id
3176 1878 3394 1933 irritam
3421 1883 3519 1931 aut
3544 1887 3643 1928 va-

370 1972 621 2041 ήργησαν
668 1970 765 2024 καὶ
820 1971 1327 2040 ὲματα·οποίησαν;
1380 1969 1681 2040 Οὑμενοῦν.
1730 1969 1793 2021 Εἰ
1846 1968 1956 2037 γὰρ

369 2067 466 2117 καὶ
527 2064 680 2117 αὐτοὶ
728 2064 828 2117 οὑκ
877 2064 1281 2134 ἠϐουλήθησαν,
1315 2063 1551 2133 ὀμέντοι
1600 2062 1732 2126 Θεὸς
1753 2061 1814 2114 τὸ
1848 2061 1953 2114 αὑ-

368 2155 464 2207 τοῦ
491 2156 817 2225 πεποίηκεν.
843 2187 912 2196 —-—
935 2157 1180 2222 Ἄλλως.
1206 2154 1405 2227 [ΦΩΤ.]
1443 2156 1792 2227 Ἀντιπῖπτον
1818 2151 1956 2207 λύει.

373 2248 439 2300 Τί
486 2246 597 2318 γὰρ
618 2250 668 2301 εἰ
706 2247 1021 2318 ἠπίστησάν
1075 2265 1257 2313 τινεςς
1300 2240 1597 2317 ἀπορήσειε
1627 2244 1738 2315 γάρ
1761 2245 1826 2300 ἄν
1853 2261 1958 2309 τις,

369 2338 453 2390 ὅτι
503 2338 964 2409 ὲνεπιστεύθησαν
1015 2340 1113 2409 μὲν
1152 2341 1219 2393 τὰ
1256 2340 1428 2408 Λόγια
1464 2338 1556 2392 τοῦ
1607 2337 1742 2391 Θεοῦ
1766 2352 1780 2367 °
1810 2337 1877 2390 τὰ
1902 2336 1961 2389 δὲ

370 2428 545 2497 Λόγια
568 2429 658 2482 τοῦ
676 2430 832 2493 Θεοῦ.
871 2433 1112 2501 μεγάλας
1142 2431 1241 2501 μὲν
1266 2431 1473 2502 δωρεὰς
1505 2431 1603 2484 καὶ
1641 2429 1961 2498 εὐεργεσίας

375 2523 740 2593 ὑπισχνεῖται,
756 2523 868 2576 ἀλλ’
896 2526 951 2577 ὲν
972 2527 1037 2594 τῇ
1056 2524 1163 2576 τῶν
1182 2522 1645 2593 παραδεξαμένων
1665 2521 1847 2574 πίστει
1866 2519 1962 2574 καὶ

378 2612 748 2684 παραφυλακῇ
813 2608 974 2667 αὗται
1006 2618 1105 2681 τὴν
1162 2616 1460 2669 ὑπόστασιν
1486 2614 1580 2667 καὶ
1604 2613 1702 2683 τὴν
1736 2612 1962 2668 ἔκϐασιν

375 2703 540 2777 ετχον.
596 2708 815 2759 Πολλῶν
845 2709 900 2761 δὲ
932 2710 1356 2779 ἀπιστησάντων
1416 2710 1512 2762 καὶ
1574 2707 1961 2778 παραϐεϐηκό-

376 2816 507 2861 των,
563 2799 855 2853 ἀκόλουθον
922 2801 1269 2855 κεκωλῦσθαι
1336 2801 1436 2871 μὲν
1492 2800 1593 2864 τὰς
1639 2799 1962 2871 ὑποσχέσεις

377 2893 459 2955 εἰς
490 2890 666 2960 πέρας
696 2891 957 2955 ἐξελθεῖν,
998 2893 1177 2963 μάτην
1204 2893 1258 2946 δὲ
1284 2886 1357 2946 τὰ
1378 2894 1549 2960 Λὸγια
1576 2892 1670 2946 τοῦ
1694 2890 1828 2947 Θεοῦ
1860 2910 1963 2947 κα-

378 2985 810 3052 ταπιστευθῆναι
835 2984 1045 3049 τούτοις
1095 2987 1175 3048 εἰς
1205 2985 1370 3056 μηδὲν
1417 2988 1709 3057 χρήσιμον,
1739 2986 1834 3038 καὶ
1864 2985 1963 3055 τὴν

380 3076 685 3150 περιτομὴν
747 3079 1154 3149 ἐξελεγχθῆναι,
1207 3080 1323 3149 εἴγε
1350 3082 1384 3150 ή
1410 3081 1510 3150 μὲν
1556 3079 1850 3151 περιτομὴ,
1877 3079 1965 3135 διὰ

376 3173 649 3239 τὶΛὸγια,
673 3174 741 3227 τὰ
764 3174 820 3227 δὲ
858 3175 1153 3244 Λὸγια,διὰ
1175 3174 1270 3237 τὰς
1310 3174 1541 3244 δωρεὰς,
1572 3174 1705 3228 αἰδὲ
1738 3173 1960 3243 δωρεαὶ,

378 3264 467 3316 διὰ
514 3263 619 3333 τῆς
672 3265 908 3329 πίστεως
956 3266 1262 3337 ἐλάμϐανον
1312 3265 1509 3338 πέρας,
1570 3266 1668 3334 τὴν
1695 3264 1877 3319 πίστιν
1905 3265 1962 3321 δὲ

376 3354 657 3427 ἠθέτησαν
687 3358 737 3410 οἱ
777 3358 1247 3428 παραϐεϐηκότες.
1287 3359 1451 3412 Ὥστε
1479 3357 1728 3428 οὐδεμία,
1772 3358 1960 3429 φησὶν,

376 3447 623 3516 ὠφέλεια
676 3448 773 3520 τῆς
827 3450 1152 3520 περιτομῆς.
1209 3449 1426 3521 Ταύτην
1473 3448 1566 3505 οὖν
1608 3442 1966 3517 ἐπιλησόμενος

377 3537 481 3608 τὴν
516 3538 751 3610 ἀπορίαν
782 3541 945 3609 φησίν
979 3558 992 3570 ·
1035 3560 1053 3594 ι
1097 3543 1162 3595 Τί
1184 3541 1294 3612 γὰρ
1325 3545 1373 3595 εί
1404 3542 1714 3613 ⁴ιγιτίνι-τινισάν
1761 3560 1905 3606 τινες
1938 3558 1953 3609 ;

381 3631 465 3700 μὴ
484 3634 518 3702 ἡ
540 3634 766 3686 ἀπιστία
822 3633 1001 3688 αὐτῶν
1028 3635 1135 3705 τὴν
1183 3636 1365 3689 πίστιν
1395 3635 1489 3689 τοῦ
1518 3635 1654 3689 Θεοῦ
1680 3638 1966 3708 καταργή-

378 3742 516 3788 σει;
558 3742 577 3773 ι
610 3727 853 3781 τουτέστι
881 3727 942 3780 τὸ
973 3727 1163 3781 πιστὸν
1217 3728 1325 3782 τῶν
1391 3728 1740 3800 ὑποσχέσεων
1776 3728 1964 3793 αὑτοῦ,

376 3816 448 3869 τὸ
487 3818 707 3888 ἀληθὲς,
756 3819 816 3872 τὸ
874 3820 1244 3889 ἁμετάθετον;
1275 3823 1365 3892 Μὴ
1398 3823 1626 3890 γένοιτο,
1678 3823 1831 3894 φησὶ,
1878 3821 1968 3876 διὰ

378 3910 486 3979 τὴν
504 3910 728 3963 ἐκείνων
751 3912 1027 3978 ἀπιστίαν,
1051 3914 1083 3985 ἢ
1107 3914 1166 3968 τὸ
1189 3917 1245 3968 ὲν
1274 3919 1396 3976 ταῖς
1419 3917 1778 3988 ὑποσχέσεσιν
1801 3917 1964 3971 αὑτοῦ

379 4002 583 4056 πιστὸν
634 4005 727 4056 καὶ
766 4004 985 4075 ἀληθὲς,
1042 4007 1270 4076 μάταιον
1319 4008 1748 4080 ἀπελεγχθῆναι,
1808 4010 1969 4080 ἢτῆς

380 4098 698 4166 περιτομῆς
733 4098 831 4168 τὴν
857 4100 1181 4168 νομοθεσίαν
1215 4102 1295 4165 είς
1330 4102 1496 4171 μηδὲν
1523 4101 1802 4172 ὠφέλιμον
1827 4120 1969 4172 χρη-

389 4187 644 4257 ματίται.
675 4189 786 4261 Τὴν
836 4180 957 4263 γὰρ
990 4192 1171 4246 αἰτίαν
1230 4192 1375 4265 ἔχειν
1417 4194 1517 4246 οὑκ
1561 4194 1742 4257 ἄλλος,
1779 4195 1897 4248 ἀλλ’
1920 4199 1969 4250 οἱ

384 4281 840 4352 παραϐεϐηκότες
889 4285 995 4338 είσὶ
1051 4286 1269 4340 δίκαιοι.
1334 4287 1549 4340 Μᾶλλον
1604 4286 1820 4350 οὕτως·
1877 4290 1967 4358 Μὴ

382 4374 603 4443 γένοιτο
637 4375 997 4446 ὑπερισχύσαι
1058 4379 1156 4448 τὴν
1215 4380 1471 4432 ἀπιστίαν
1531 4381 1779 4441 ἐκείνων,
1828 4381 1970 4435 ὥστε

384 4467 459 4521 δι’
483 4467 710 4521 ἐκείνων
745 4471 1181 4540 καταργηθῆναι,
1213 4473 1308 4527 καὶ
1338 4471 1525 4535 ἀτελὲς
1547 4471 1640 4525 καὶ
1669 4470 1971 4528 άνέκϐατον

384 4560 647 4630 ὀφθῆναι,
679 4562 738 4615 τὸ
786 4565 841 4615 ἐν
886 4567 1005 4627 ταῖς
1034 4565 1392 4637 ὑποσχέσεσιν
1419 4565 1584 4619 αὑτοῦ
1637 4567 1826 4621 πιστὸν
1873 4568 1968 4621 καὶ

388 4651 721 4723 παναληθες.
785 4654 903 4708 Κᾶν
959 4656 1069 4726 γὰρ
1136 4659 1334 4710 ἐκεῖνοι
1389 4658 1702 4727 ἠπίστησαν
1731 4699 1747 4725 ,
1806 4658 1969 4724 αὐτὸς

387 4745 551 4798 οὐδὲν
616 4746 834 4799 ἔλαττον
868 4748 928 4800 τὸ
979 4749 1175 4803 ἑαυτοῦ
1207 4751 1433 4822 ἐποίησε
1481 4754 1575 4806 καὶ
1599 4753 1697 4815 τὰς
1731 4755 1975 4821 ἐπαγγε-

387 4838 517 4901 λίας
576 4837 942 4909 ἐξεπλήρωσε.
972 4843 1207 4896 Δυνατδν
1237 4844 1293 4896 δὲ
1325 4844 1510 4897 πίστιν
1542 4844 1680 4898 Θεοῦ
1720 4845 1974 4899 ἐκλαϐεῖν

390 4932 490 4984 καὶ
512 4931 611 5003 τὴν
636 4935 694 4985 ἐν
735 4936 845 4994 τοῖς
901 4934 975 5003 μὴ
1005 4934 1420 5006 παραϐεϐηκόσι
1484 4936 1840 5006 διαμείνασαν
1885 4938 1976 4990 πί-

395 5040 539 5076 στιν.
591 5024 741 5095 Δῦτη
769 5024 878 5095 γάρ
900 5024 1036 5078 Θεοῦ
1090 5026 1292 5090 πίστις,
1315 5026 1389 5090 ὡς
1421 5028 1500 5087 εἰς
1533 5027 1667 5081 Θεὸν
1699 5023 1856 5092 οὖσα,
1878 5028 1976 5082 καὶ

394 5117 462 5168 ἐκ
482 5115 616 5169 Θεοῦ
651 5117 837 5179 αὐτοῖς
883 5117 1332 5193 διαφυλαχθεῖσα.
1378 5120 1443 5172 Ἡ
1473 5120 1575 5190 μὲν
1603 5120 1712 5192 γὰρ
1741 5122 1974 5176 ἀπιστία

392 5209 497 5276 τῆς
546 5210 850 5281 μοχθηρίας
899 5210 1012 5263 τῶν
1074 5212 1517 5280 ἀπιστησάντων,
1550 5214 1583 5281 ἡ
1613 5213 1672 5266 δὲ
1700 5214 1885 5277 πίστις
1909 5216 1975 5267 ἐκ

392 5300 534 5354 Θεοῦ
566 5300 854 5372 ὲδράζεται
883 5304 997 5366 τοῖς
1021 5302 1211 5367 ἀξίοις.
1242 5304 1305 5356 Ἥ
1339 5301 1432 5358 οὖν
1463 5305 1686 5357 ἐκείνων
1721 5306 1971 5370 ἀπιστία,

398 5395 476 5466 μὴ
511 5395 742 5463 γένοιτο,
798 5396 984 5465 φησὶν,
1019 5397 1098 5449 ὅτι
1134 5398 1329 5468 ἐκνικᾷ
1355 5398 1456 5466 τὴν
1485 5397 1563 5459 είς
1595 5397 1730 5453 Θεὸν
1754 5400 1848 5451 καὶ
1886 5396 1975 5451 διὰ

393 5484 532 5539 Θεοῦ
580 5489 957 5555 μεμενηκυῖαν
1014 5485 1217 5541 πίστιν.
1267 5486 1430 5539 Ὥστε
1486 5488 1639 5550 τέλος
1672 5487 1885 5552 ἕξουσιν
1919 5490 1978 5542 αι

393 5579 746 5646 ἐπαγγελίαι,
812 5577 952 5631 ὥστε
1014 5577 1160 5633 ἔστιν
1216 5579 1457 5648 ὠφέλεια
1500 5581 1723 5651 καὶτῆς
1760 5597 1976 5651 περιτοο

396 5687 531 5740 Pri;-

470 5854 522 5907 Γ
524 5852 739 5908 ινέσθω
778 5851 845 5907 δὲ
888 5855 919 5909 ὀ
946 5854 1091 5920 Θεὸς
1145 5856 1401 5925 ἀληθὴς,
1460 5856 1577 5923 πᾶς
1638 5858 1705 5913 δὲ
1750 5861 1976 5925 ἅνθρω-

2061 1989 2188 2028 nam
2223 1974 2531 2030 ell'ecerunt
2559 1974 2992 2044 iNequaquam.
3023 1971 3160 2026 Nam
3190 1967 3295 2023 etsi
3340 1967 3396 2022 hi
3432 1965 3644 2021 noluis-

2060 2074 2207 2130 sent,
2235 2067 2382 2120 Deus
2421 2073 2604 2121 tamen
2636 2065 2786 2135 quod
2808 2081 2971 2121 suum
3002 2073 3088 2119 est
3119 2062 3418 2119 effecisset.
3442 2090 3499 2101 -
3524 2059 3644 2113 Alio

2062 2155 2240 2210 modo.
2268 2154 2610 2210 lneidentem
2662 2155 2829 2210 solvit
2861 2155 3253 2225 objectionem.
3295 2150 3438 2220 Quid
3494 2151 3650 2207 enim

2061 2246 2107 2301 si
2133 2246 2363 2303 fuerunt
2416 2246 2641 2316 quidam
2686 2246 2993 2303 increduli?
3045 2260 3171 2301 nam
3203 2253 3391 2316 posset
3443 2242 3648 2313 aliquis

2062 2339 2321 2395 dubitare
2347 2354 2410 2396 ac
2440 2339 2647 2401 dicere,
2677 2340 2826 2411 quod
2886 2339 3201 2395 concredita
3232 2337 3459 2408 quidem
3517 2344 3650 2392 sunt

2060 2433 2279 2503 eloquia
2326 2434 2465 2489 Dei:
2498 2432 2721 2503 eloquia
2761 2440 2946 2488 autem
2994 2432 3091 2487 Dei
3149 2447 3344 2502 magna
3399 2430 3543 2484 dona
3582 2442 3652 2483 ao

2062 2523 2333 2583 beneﬁcia
2364 2527 2971 2596 promittunteverum
3022 2525 3140 2580 haec
3183 2524 3242 2579 in
3284 2537 3479 2579 eorum
3523 2536 3650 2592 quas

2060 2630 2317 2689 suscepta
2344 2619 2624 2675 erantﬁde
2650 2635 2717 2676 ac
2738 2619 3126 2675 observatione
3150 2617 3261 2673 vim
3294 2633 3359 2674 ac
3382 2624 3655 2672 eventum

2062 2712 2364 2768 habebant.
2398 2712 2537 2768 Cum
2568 2722 2761 2767 autem
2790 2712 2949 2766 multi
2984 2711 3219 2767 fuissent
3246 2709 3522 2766 increduli
3584 2723 3651 2762 ae

2062 2812 2517 2874 transgressores
2555 2823 2568 2859 :
2602 2820 2951 2876 consequens
2995 2819 3139 2874 ergo
3201 2811 3287 2858 est
3341 2800 3650 2873 prohibitus

2065 2895 2236 2952 fuisse
2264 2898 2685 2967 promissiones,
2723 2913 2793 2952 ne
2822 2898 2889 2953 ad
2943 2896 3107 2953 ﬁnem
3159 2895 3597 2967 perducerentur
3629 2911 3643 2946 :

2065 2990 2271 3060 Deique
2295 2992 2518 3060 eloquia
2582 3006 2722 3046 vane
2746 2990 2871 3046 'illis
2905 2998 2963 3045 et
3004 2991 3154 3046 nulla
3181 2987 3418 3043 utilitate
3473 2985 3651 3041 fuisse

2065 3069 2405 3146 concredita,
2447 3098 2510 3138 ae
2538 3083 2872 3153 reprehendi
2902 3081 3407 3144 circumcisionem,
3441 3078 3487 3134 si
3529 3076 3659 3148 ipsa

2067 3174 2292 3243 quidem
2336 3176 2693 3231 circumcisio
2722 3185 2949 3246 propter
2996 3174 3238 3246 eloquia,
3263 3172 3483 3244 eloquia
3514 3186 3650 3226 vero

2067 3274 2293 3336 propter
2351 3266 2516 3331 dona,
2582 3282 2751 3336 porro
2803 3266 2947 3322 dona
3006 3282 3103 3337 per
3164 3265 3327 3320 ﬁnem
3350 3270 3651 3319 erantter-

2067 3357 2277 3412 minam
2312 3358 2573 3413 sortitura
2609 3375 2624 3413 :
2654 3359 2748 3415 sed
2791 3360 2954 3415 ﬁdem
2990 3358 3266 3430 aspernati
3309 3365 3439 3412 sunt
3466 3363 3647 3409 trans-

2067 3466 2353 3522 gressores
2382 3471 2395 3506 :
2430 3453 2617 3523 itaque
2670 3452 2821 3508 nulla
2848 3462 2933 3509 est
2960 3444 3400 3508 eireumeisionis
3416 3447 3646 3502 utilitas.

2068 3543 2223 3598 Hane
2248 3560 2380 3615 ergo
2395 3544 2796 3601 dubitationem
2825 3545 3152 3610 dissolvens,
3189 3542 3295 3597 ait:
3328 3540 3471 3609 Quid
3499 3539 3665 3595 enim

2068 3636 2116 3691 si
2140 3636 2614 3706 quidam'iuerunt
2645 3638 2951 3694 increduli?
2974 3638 3112 3693 Num
3145 3636 3364 3691 illorum
3391 3627 3652 3689 incredu-

2069 3727 2196 3784 litas
2223 3729 2383 3785 ﬁdem
2408 3729 2504 3786 Dei
2534 3731 2746 3787 irritam
2778 3729 2991 3787 faciet?
3016 3748 3035 3781 ι
3071 3730 3177 3785 hoc
3198 3739 3285 3784 est
3330 3727 3653 3783 ﬁdelitatem

2070 3826 2501 3895 promissionum
2531 3828 2671 3897 ejus,
2717 3826 3005 3880 veritatem
3033 3831 3090 3877 et
3123 3821 3653 3878 immutabilitatcm.

2068 3913 2251 3980 Absit,
2288 3915 2491 3985 inquit,
2511 3925 2565 3970 ul
2592 3930 2690 3985 per
2716 3915 2936 3970 illorum
2978 3913 3446 3977 incredulitatem,
3473 3911 3655 3966 ﬁdeli-

2073 4014 2158 4061 tas
2178 4021 2241 4060 ac
2259 4008 2465 4062 veritas
2495 4023 2616 4076 qua:
2637 4015 2721 4061 est
2744 4006 2799 4061 in
2831 4007 3297 4077 promissionibus
3319 4004 3495 4076 ipsius
3514 4019 3655 4058 vana

2072 4114 2192 4155 esse
2212 4099 2661 4163 convinceretur,
2693 4099 2781 4153 vel
2807 4098 3250 4155 eireumeisionis
3267 4097 3562 4170 legislatio,
3584 4094 3653 4150 ad

2071 4190 2281 4245 nullam
2304 4190 2595 4246 utili-tatem
2623 4190 3225 4261 saneita,alioquienim
3238 4191 3423 4245 nullus
3443 4190 3653 4244 crimen

2073 4284 2326 4347 haberet,
2360 4284 2519 4355 233
2553 4285 2650 4340 sed
2689 4295 3128 4356 transgressores
3148 4283 3281 4354 justi
3313 4288 3523 4336 essent.
3553 4281 3653 4336 Vel

2072 4379 2391 4447 potiushoc
2422 4379 2605 4435 modo.
2668 4379 2828 4434 Absit
2905 4386 2966 4433 ut
3030 4378 3248 4432 illorum
3296 4375 3656 4431 incredulitas

2074 4471 2427 4539 praevaluerit
2467 4482 2571 4526 :et
2608 4471 2909 4527 credulitas
2952 4486 3018 4525 ac
3072 4469 3390 4525 omnimoda
3450 4468 3657 4521 veritas

2074 4578 2197 4631 quae
2225 4573 2312 4617 est
2345 4563 2399 4616 in
2426 4564 2548 4634 ejus
2604 4564 3088 4634 promissionibus,
3122 4562 3239 4616 visa
3293 4562 3365 4615 sit
3394 4575 3494 4630 per
3531 4559 3675 4614 illos-

2078 4657 2234 4711 irrita
2265 4657 2436 4713 fuisse
2474 4666 2533 4713 et
2563 4657 2905 4727 imperfecta,
2932 4673 3036 4712 nec
3065 4671 3227 4711 suum
3258 4638 3451 4710 sortita
3483 4668 3655 4707 even-

2078 4756 2234 4802 tum:
2262 4764 2390 4803 nam
2420 4750 2524 4804 etsi
2553 4750 2632 4803 illi
2674 4750 2883 4805 fuerint
2943 4748 3242 4807 increduli.
3298 4748 3414 4817 ipse
3448 4746 3656 4802 nihilo-

2078 4839 2264 4894 minus
2290 4838 2438 4909 quod
2465 4854 2627 4894 suum
2655 4848 2742 4895 est
2770 4840 2921 4901 fecit.
2955 4855 3020 4895 ac
3066 4838 3463 4910 promissiones
3501 4853 3656 4892 eom-

2078 4932 2269 5002 plevit.
2317 4933 2508 4988 Potest
2535 4949 2755 5004 quoque
2781 4934 2878 4988 Dei
2904 4932 3040 4988 ﬁdes
3065 4932 3239 5003 aeeipi
3269 4946 3371 5003 pro
3400 4930 3509 4986 ﬁde
3534 4946 3677 5001 quas

2078 5027 2136 5081 in
2160 5027 2268 5083 illis
2306 5029 2611 5099 permansit
2644 5026 2738 5097 qui
2769 5041 2880 5081 non
2926 5025 3153 5081 fuerunt
3199 5035 3655 5095 transgressores.

2079 5116 2206 5173 Haec
2237 5119 2385 5173 enim
2406 5118 2502 5172 Dei
2532 5117 2668 5172 ﬁdes
2689 5124 2794 5181 est,
2828 5116 3005 5184 utqui
3031 5116 3085 5170 in
3120 5117 3292 5171 Deum
3308 5123 3506 5171 erat-et
3534 5129 3660 5184 quae

2080 5225 2110 5263 a
2139 5211 2251 5264 Deo
2272 5209 2382 5264 illis
2405 5216 2621 5262 servata
2638 5217 2779 5262 erat.
2844 5207 3130 5278 Siquidem
3183 5207 3658 5263 incredulitasnc-

2080 5299 2271 5369 quitia:
2297 5308 2381 5353 est
2409 5298 2847 5359 ineredulorum.
2883 5298 3021 5354 ﬁdes
3052 5309 3237 5354 autem
3267 5314 3295 5353 ιι
3320 5299 3433 5353 Deo
3464 5298 3655 5352 ﬁrma-

2081 5398 2171 5444 tur
2204 5390 2259 5444 in
2286 5389 2480 5460 bisqui
2531 5389 2684 5460 digni
2725 5399 2875 5446 sunt.
2923 5389 3084 5444 Absit
3140 5398 3292 5458 ergo,
3344 5389 3544 5458 inquit,
3600 5397 3662 5442 ut

2080 5481 2687 5538 illorumiucredulitas
2736 5482 2984 5536 vinceret
3028 5488 3341 5556 manentem
3398 5481 3450 5533 in
3483 5480 3659 5534 Deum

2077 5582 2135 5628 et
2160 5589 2259 5643 per
2288 5574 2462 5633 Deum
2489 5574 2675 5631 ﬁdem.
2705 5574 2895 5644 Itaque
2946 5572 3111 5627 ﬁnem
3154 5587 3219 5626 ae
3263 5570 3658 5641 perfectionem
3714 5569 3723 5579 ⁵

2080 5670 2367 5726 habebunt
2413 5668 2826 5740 promissioncs,
2870 5668 3055 5737 itaque
3100 5666 3307 5721 utilitas
3357 5671 3444 5719 est
3492 5664 3659 5719 etiam

2081 5763 2545 5819 eireumeisionis.

2151 5858 2242 5925 lll,
2279 5860 2329 5913 ιι.
2353 5857 2432 5913 Sit
2461 5866 2636 5912 mtrem
2676 5857 2812 5912 Deus
2856 5872 3038 5921 verax,
3067 5854 3236 5910 omnis
3275 5861 3450 5908 autem
3506 5851 3658 5906 Immo
