3978 6542
443 360 544 425 371

1541 367 1938 428 (ECUMENII
1963 369 2259 430 TRICC/E
2299 370 2642 433 EPISCOPI

3609 375 3702 438 372

441 477 696 544 mendax,
717 477 853 532 sicut
882 479 1139 550 scriptum
1166 489 1240 533 est
1271 496 1286 532 :
1323 479 1385 534 Ut
1409 481 1718 550 justificeris
1754 485 1807 537 iu
1834 500 2004 538 sermo

2130 500 2245 554 πος
2273 490 2566 557 ψεύστης,
2588 488 2784 553 καθὼς
2799 487 3142 558 γέγραπται·
3175 487 3368 556 Ὅπως
3392 486 3469 544 ἂν
3489 488 3704 547 δικαιωο

439 569 593 625 uibus
627 571 752 637 tuis,
782 579 831 624 et
861 572 1046 626 uincas
1076 587 1193 624 cum
1231 571 1513 642 judicaris.

507 753 684 818 Licet,
721 753 923 824 inquit,
966 752 1238 808 increduli
1271 754 1691 824 fuerintJudzei,
1721 774 1830 813 non
1888 776 2014 830 pro-

435 855 627 918 pterea
653 847 860 901 donum
885 848 980 902 Dei
1015 848 1231 918 accepit
1263 850 1908 921 u!lumimpedimentum
1929 861 2025 908 aut

433 941 768 995 diminutum
811 949 896 995 est
925 958 938 993 :
968 939 1067 995 sed
1114 942 1301 996 omnia
1333 941 1476 997 facta
1501 952 1629 997 sunt
1664 955 1724 998 ut
1756 961 2027 1016 ,compro-

433 1033 665 1086 baretur
696 1033 862 1087 etiam
887 1032 981 1087 Dei
1022 1033 1230 1088 veritas
1262 1034 1316 1088 in
1336 1035 1423 1090 his
1457 1051 1579 1105 qua:
1611 1037 1712 1107 ipsi
1743 1038 2022 1094 Abraham

431 1125 712 1194 promisit,
751 1125 1158 1194 hominumque
1177 1127 1551 1181 mendacium.
1582 1129 1692 1184 Sua
1746 1130 1893 1184 enim
1936 1131 2024 1185 in-

430 1217 785 1280 credulitate,
820 1217 876 1272 in
914 1218 1089 1272 Deum
1138 1218 1355 1273 mentiti
1397 1230 1549 1285 sunt,
1583 1215 1828 1276 colentes
1885 1221 2026 1277 deos

430 1307 817 1362 acdazrnones.
851 1336 918 1348 ——
976 1307 1170 1362 Aliter.
1218 1306 1302 1362 Sit
1379 1309 1556 1376 vobis,
1623 1310 1825 1382 inquit,
1864 1312 2012 1367 Deus

428 1415 599 1454 verax
659 1408 972 1470 reputetur,
1028 1400 1392 1471 intelligatur,
1468 1402 1815 1472 concipiatur
1873 1404 2021 1474 quod

428 1492 578 1546 Deus
602 1508 772 1548 verax
797 1501 901 1560 est,
935 1501 992 1547 et
1022 1493 1206 1547 omnis
1253 1493 1420 1548 homo
1452 1497 1687 1549 mendax
1736 1513 1750 1550 :
1779 1497 1927 1566 quod
1975 1497 2019 1551 si

428 1585 509 1638 ita
559 1583 677 1648 sit,
735 1599 1053 1653 quanquam
1108 1584 1362 1638 nonnulli
1422 1584 1647 1640 fuerunt
1701 1587 2018 1653 increduli,

423 1676 792 1731 nihilominus
847 1692 969 1746 qua:
1011 1677 1158 1732 Deus
1203 1677 1307 1746 ipsi
1335 1677 1614 1733 Abraham
1662 1680 1939 1750 promisit,
1958 1680 2027 1735 ad

424 1770 823 1840 perfectionem
851 1769 1091 1826 deducet
1118 1771 1429 1842 :qnomodo
1454 1787 1584 1844 ergo
1600 1773 1872 1829 increduli
1899 1783 2030 1830 sunt

424 1868 481 1914 et
543 1859 680 1926 legis
728 1863 1206 1930 transgressores?
1233 1861 1347 1927 Nm,
1408 1863 1626 1932 inquit,
1665 1879 1792 1920 suas
1843 1864 2019 1935 ipsius

422 1951 824 2020 promissiones
879 1953 1236 2020 adducendo,
1265 1955 1396 2009 licet.
1455 1955 1534 2010 illi
1595 1965 2028 2028 transgressores

422 2041 634 2096 fuerint
659 2052 715 2099 et
735 2053 1078 2113 peccatores,
1110 2047 1399 2116 perﬁdiam
1420 2049 1593 2119 magis
1611 2035 1838 2104 illorum
1867 2066 2025 2106 coar-

421 2131 541 2200 guit
579 2147 643 2188 ac
713 2133 1195 2204 ingratitudinem.
1227 2134 1723 2194 Verumenimvero
1751 2140 2026 2196 excellen-

422 2223 500 2279 tia
529 2239 750 2294 quoque
778 2225 1164 2284 beneficentiae
1198 2244 1263 2286 ac
1285 2231 1537 2287 veritatis
1568 2232 2016 2306 divinasjustitire

420 2317 666 2386 amplius
713 2317 1102 2375 manifestatur
1138 2337 1202 2377 ac
1241 2321 1676 2387 demonstratur,
1735 2333 1791 2380 et
1829 2327 2019 2397 splen-

419 2407 548 2463 dida
575 2409 626 2463 ei
651 2409 863 2466 accedit
890 2427 958 2466 ex
981 2412 1087 2468 hoc
1101 2413 1356 2481 victoria,
1376 2415 1548 2470 veluti
1577 2417 1745 2471 etiam
1781 2427 2018 2473 testatur

418 2498 620 2562 David,
656 2498 849 2556 dicens
879 2519 893 2556 :
936 2502 1006 2558 Ut
1029 2502 1356 2573 justiﬁceris
1386 2505 1443 2559 in
1475 2508 1830 2563 sermonibus
1881 2510 2012 2576 tuis,

417 2600 475 2644 et
505 2590 696 2645 vincas
739 2605 865 2647 cum
891 2591 1160 2662 iudicaris
1189 2594 1230 2648 '.
1264 2594 1453 2666 Itaque
1477 2596 1522 2651 si
1547 2612 1613 2651 ex
1646 2599 2013 2668 promissione

418 2683 602 2737 oritur
632 2684 836 2740 veritas
867 2685 1274 2754 promissionis,
1316 2688 1457 2743 hanc
1493 2698 1678 2745 autem
1711 2690 1816 2746 sibi
1844 2693 2013 2747 tradi-

417 2782 528 2828 tam
564 2783 898 2844 acceperunt
921 2775 1130 2830 Judzei:
1160 2777 1394 2831 multum
1417 2793 1514 2848 per
1534 2794 1755 2836 omnem
1782 2782 2006 2837 modum

414 2874 501 2920 est
523 2865 584 2920 τὸ
641 2867 924 2937 περισσὴν,
960 2868 1064 2923 hoc
1093 2877 1178 2925 est
1206 2871 1534 2927 excellentia
1564 2880 1620 2927 et
1653 2874 2006 2931 circumcisio

413 2958 611 3028 Judaei,
630 2961 761 3017 licet
780 2962 1008 3032 quidam
1030 2963 1278 3034 ipsorum
1307 2964 1521 3020 fuerint
1545 2975 2003 3038 transgressores.

413 3051 578 3123 234,
612 3053 842 3121 Deinde,
869 3055 1004 3124 quid
1027 3071 1178 3126 ergo,
1209 3056 1409 3126 inquit,
1443 3058 1489 3112 si
1529 3074 1598 3114 ex
1650 3069 1835 3116 nostra
1861 3061 2004 3132 inju-

2138 577 2250 647 θῇς
2272 581 2342 632 ἐν
2360 581 2485 647 τοῖς
2503 581 2711 652 λόγοις
2734 595 2874 650 σου,
2905 580 3006 636 καὶ
3031 581 3315 654 ,νικήσῃς
3367 582 3440 636 ἐν
3483 581 3562 648 τῷ
3591 587 3702 653 κρί-

2139 675 2355 731 νεσθαί
2403 692 2498 730 σε.

2203 768 2318 820 Οὐκ
2357 765 2570 839 ἐπειδὴ,
2593 766 2758 839 φησὶν
2775 807 2790 833 ,
2817 765 3128 838 ἠπείθησαν
3151 761 3425 829 Ἰουδαῖοι,
3447 766 3537 820 διὰ
3563 767 3705 822 τοῦτο

2133 858 2451 931 παρεϐλάὃη
2480 877 2532 913 τι
2553 861 2587 930 ὴ
2614 859 2794 930 δωρεά
2823 858 2918 912 τοῦ
2961 858 3122 927 Θεοῦ,
3149 860 3182 932 ἢ
3211 856 3498 930 ἠλαττώθη
3528 876 3542 889 ⁸
3577 861 3702 916 ἀλλά

2133 951 2312 1006 πάντα
2329 953 2552 1021 γέγονεν
2579 952 2666 1005 ἵνα
2692 951 2977 1023 διελεγχθῇ
3009 951 3220 1005 καὶτοῦ
3252 949 3388 1003 Θεοῦ
3415 951 3475 1002 τδ
3498 951 3700 1021 ἀληθὲς,

2133 1042 2216 1108 ἐφ’
2247 1036 2328 1103 οἷς
2380 1041 2751 1112 ἐπηγγείλατο
2800 1044 2914 1106 τοῖς
2960 1042 3106 1113 ἀμφὶ
3158 1041 3250 1094 τὸν
3289 1040 3560 1111 Ἀϐραὰμ,
3621 1044 3705 1097 καὶ

2131 1136 2240 1188 τῶν
2291 1133 2597 1206 ἀνθρώπων
2647 1135 2708 1188 τὸ
2751 1134 2963 1203 ψευδές.
3033 1165 3102 1178 -
3151 1133 3697 1206 [ΟΙΚΟΥΜΕΝΙΟΥ.]

2145 1225 2479 1295 Ἑψεύσαντο
2532 1227 2640 1297 γὰρ
2699 1229 2764 1298 τῇ
2818 1227 3049 1299 ἀπιστίᾳ
3113 1226 3206 1280 τὴν
3267 1224 3422 1290 Θεὸν,
3457 1225 3595 1287 θεοῖς
3621 1229 3706 1279 λα-

2130 1318 2465 1390 τρεύσαντες
2507 1319 2603 1372 καὶ
2632 1319 2907 1389 δαίμοσιν.
2941 1348 3006 1359 --
3036 1319 3293 1383 Ἀλλως.
3331 1315 3534 1388 [ΦΩΤᾸ
3566 1317 3703 1370 Γινέ-

2136 1411 2246 1464 σθω
2283 1412 2414 1483 ὑμῖν
2439 1453 2453 1475 ,
2488 1412 2677 1482 φησὶν,
2715 1414 2743 1465 6
2775 1411 2910 1475 Θεὸς
2938 1410 3166 1482 ἀληθὴς,
3217 1409 3539 1479 λογιζέσθω,
3577 1411 3704 1465 νοεί-

2133 1503 2265 1571 σθω,
2292 1504 2622 1576 φρονείσθω,
2678 1505 2760 1557 ὅτι
2797 1503 2985 1566 ὁΘεδς
3041 1501 3269 1574 ἀληθὴς,
3326 1502 3420 1556 καὶ
3468 1503 3546 1556 ὅτι
3605 1506 3701 1569 πᾶς

2132 1595 2422 1667 ἄνθρωπος
2450 1595 2713 1667 ψεύστης.
2753 1596 2814 1649 Εἰ
2844 1590 2938 1650 οῦν
2965 1594 3145 1657 τοῦτο.
3176 1597 3225 1648 εί
3255 1593 3350 1647 καί
3383 1611 3530 1657 τινες
3555 1595 3699 1664 ἠπεί-

2135 1687 2350 1758 θησαν,
2435 1687 2588 1742 οὐδὲν
2644 1683 2807 1759 ἦττον
2861 1691 2890 1742 6
2939 1688 3073 1751 Θεὸς
3135 1685 3171 1741 ἃ
3225 1687 3590 1757 ἐπηγγείλατο
3632 1685 3702 1758 τῷ

2147 1780 2400 1851 Ἀϐραὰμ
2456 1782 2537 1843 εἰς
2580 1779 2732 1844 τέλος
2767 1779 2906 1846 ἄξει.
2939 1779 3064 1841 Πῶς
3086 1775 3201 1845 οῦν,
3244 1778 3401 1848 φησι,
3460 1779 3554 1832 καὶ
3587 1780 3701 1832 ἀπι-

2135 1872 2320 1928 στοῦσι
2343 1871 2438 1926 καὶ
2469 1871 2882 1945 παρανομοῦσι;
2914 1871 3043 1937 Ναὶ,
3067 1871 3220 1940 φησί·
3251 1871 3352 1934 τὰς
3383 1871 3492 1942 γὰρ
3515 1870 3700 1936 οἰκείας

2131 1965 2467 2036 ἐπαγγελίας
2497 1963 2662 2018 αὑτοῦ
2700 1964 2944 2033 ἐπάγων,
2969 1963 3192 2017 ἐκείνων
3220 1961 3695 2034 παραϐεϐηκότων,

2129 2059 2224 2114 καὶ
2276 2059 2338 2113 τδ
2394 2059 2620 2113 ἐκείνων
2659 2058 2916 2130 ἄγνωμον
2984 2059 3078 2112 καὶ
3155 2057 3461 2128 ἀχάριστον
3515 2057 3696 2128 μᾶλλον

2126 2153 2427 2225 ἐλέγχεται.
2480 2152 2556 2206 Οὐ
2618 2151 2724 2223 μὴν
2770 2151 2909 2205 ἀλλά
2957 2153 3052 2204 καὶ
3077 2150 3139 2204 τὸ
3199 2149 3552 2221 ὑπερϐάλλον
3606 2152 3695 2218 τῆς

2123 2245 2446 2316 εὐεργεσίας
2489 2244 2582 2296 καὶ
2609 2243 2870 2314 ἀληθείας
2898 2243 2994 2297 τοῦ
3031 2242 3167 2297 Θεοῦ
3207 2243 3581 2313 δικαιοσύνης,
3615 2242 3696 2296 ἐπὶ

2123 2336 2312 2390 πλέον·
2346 2337 2763 2409 ἀπογυμνοῦται
2821 2336 2918 2391 καὶ
2978 2337 3378 2400 ἐπιδείκνυται,
3427 2337 3520 2390 καὶ
3583 2335 3694 2403 νίκη

2120 2427 2271 2497 αὐτῷ
2329 2428 2559 2499 λαμπρά
2591 2430 2654 2482 ἐκ
2714 2427 2906 2481 τούτου
2964 2427 3352 2498 περιγίνεται,
3420 2425 3498 2490 ὡς
3563 2427 3692 2479 καὶὸ

2116 2517 2279 2574 Δαυτδ
2309 2521 2579 2591 μαρτυρεῖ
2609 2518 2785 2584 λέγων
2809 2535 2823 2550 ⁸
2863 2519 3085 2582 «Ὅπως
3116 2519 3181 2572 ἂν
3196 2517 3495 2590 δικαιωθῇς
3525 2519 3692 2580 ἐντοῖς

2113 2609 2291 2679 λόγοις
2338 2628 2454 2675 σου,
2485 2611 2580 2664 καὶ
2607 2612 2836 2682 νικήσῃς
2862 2611 2920 2663 ὲν
2949 2610 3027 2682 τῷ
3055 2609 3338 2681 κρίνεσθαί
3373 2625 3489 2662 σε.»
3539 2608 3690 2660 ’Ὥστε

2114 2705 2164 2758 εί
2201 2707 2264 2758 ἐκ
2321 2705 2422 2774 τῆς
2478 2704 2816 2772 ἐπαγγελίας
2846 2704 2908 2758 τὸ
2939 2705 3118 2776 πέρας
3157 2703 3522 2772 ἐπαγγελίας,
3569 2700 3688 2755 ταύ-

2109 2815 2210 2868 την
2241 2797 2298 2851 δὲ
2321 2797 2899 2868 κατεπιστεύθησανζοί
2915 2797 3176 2862 Ἰουδαῖοι,
3198 2796 3332 2850 πολὺ
3371 2796 3510 2850 κατά
3533 2795 3688 2848 πάντα

2108 2890 2168 2943 τὸ
2201 2889 2404 2961 τρόπον
2438 2889 2699 2960 περισσὸν
2725 2890 2820 2943 τοῦ
2838 2889 3120 2955 Ἰουδαίου,
3143 2890 3192 2943 εί
3222 2888 3317 2943 καί
3349 2905 3496 2953 τινες
3524 2887 3685 2942 αὐτῶν

2105 2981 2364 3051 γεγόνασι
2388 2981 2722 3052 παραϐάται.
2752 2978 2906 3048 Εἶτα,
2935 2979 3002 3034 Τί
3034 2979 3156 3046 οὖν,
3191 2980 3384 3051 φησὶν,
3413 2982 3462 3034 εί
3495 2981 3556 3032 ἐκ
3599 2978 3686 3048 τῆς

2105 3073 2318 3137 ἀδικίας
2369 3075 2530 3144 ἡμῶν
2589 3073 2716 3143 νίκη
2767 3074 2981 3142 γίνεται
3022 3072 3098 3144 τῷ
3154 3071 3319 3143 Θεῷ;

3404 3071 3499 3125 καὶ
3547 3071 3680 3139 ἑξῆς.

411 3142 561 3196 stitia
591 3142 703 3197 Deo
735 3144 1004 3200 accrescit
1048 3146 1302 3211 victoria,
1335 3157 1441 3202 etc.
1481 3168 1497 3200 ι
1541 3148 1695 3205 Sicut
1730 3153 1997 3221 scriptum

2115 3165 2336 3230 [Καθὼς
2367 3142 2739 3238 γέγραπται.»
2773 3168 3021 3238 Παράγει
3052 3142 3148 3220 καὶ
3177 3142 3268 3219 τὸν
3291 3165 3464 3219 Δαυῖδ
3490 3165 3548 3217 τὸ
3566 3151 3683 3216 αὐτδ

414 3242 519 3291 est.
560 3253 579 3286 ι
627 3235 868 3292 Adducit
898 3246 955 3292 et
979 3238 1150 3293 David
1176 3238 1418 3309 idipsum
1447 3241 1746 3298 dicentem.
1768 3245 2002 3316 Propter

415 3324 542 3392 hoc,
566 3326 769 3398 inquit,
802 3331 969 3385 etiam
1005 3331 1247 3403 indignis
1276 3343 1500 3402 praestat
1533 3337 1678 3392 Deus
1708 3338 2001 3408 beneﬁcia,

411 3427 475 3474 ut
509 3419 730 3476 bonitas
758 3423 878 3493 ejus
900 3426 1247 3491 ostendatur,
1286 3438 1458 3497 utque
1487 3428 1674 3484 vincat
1732 3431 1826 3485 ubi
1874 3447 2002 3487 cum

407 3509 730 3566 hominibus
762 3512 816 3566 in
837 3513 1107 3582 judicium
1134 3517 1520 3587 congreditur.

486 3602 572 3666 Ill,
611 3602 664 3667 5,
693 3602 747 3657 6.
776 3602 836 3658 Si
876 3613 1054 3660 autem
1103 3609 1371 3678 injustitia
1399 3618 1582 3664 nostra
1612 3611 1710 3667 Dei
1731 3614 2003 3683 justitiam

407 3695 699 3760 constituit,
740 3697 868 3765 quid
905 3697 1139 3752 dicemus
1169 3700 1194 3752 ἱ)
1245 3699 1386 3754 Num
1426 3702 1655 3772 ittjustus
1722 3703 1865 3759 Deus
1912 3708 2002 3778 qui

408 3787 608 3840 induci:
637 3788 777 3842 iram
804 3788 829 3842 Ρ
851 3787 1098 3845 Humano
1125 3808 1270 3846 more
1297 3791 1501 3865 loquor.
1520 3795 1666 3850 Absit
1697 3796 1719 3850 .’

483 3973 742 4044 Objectio.
808 3975 992 4042 Deus,
1051 3978 1252 4050 inquit,
1306 3981 1452 4038 bona
1505 3985 1666 4040 nobis
1720 3989 1996 4058 pratstitit,

408 4081 512 4120 nos
535 4075 721 4122 autem
753 4069 805 4124 ei
833 4070 1050 4127 mentiti
1075 4087 1267 4130 sumus
1300 4094 1314 4130 :
1367 4085 1669 4149 nostraque
1724 4084 1998 4150 pravitate

414 4165 571 4214 tanto
615 4162 794 4232 magis
843 4163 1164 4220 misericors
1226 4169 1502 4238 apparuit,
1567 4182 1776 4241 quanto
1829 4175 1996 4231 etiam

405 4251 648 4322 indignis
709 4255 851 4309 bona
881 4257 1136 4326 praestitit
1167 4259 1276 4316 :ob
1311 4261 1418 4316 hoc
1459 4279 1590 4335 ergo
1618 4266 1786 4320 etiam
1822 4267 1998 4324 vincit

404 4343 460 4397 in
493 4345 727 4414 judicio.
758 4348 868 4403 Nos
903 4349 1070 4419 igitur
1088 4351 1182 4420 qui
1205 4367 1335 4423 erga
1365 4369 1493 4409 eum
1524 4357 1720 4426 perfidi
1750 4357 1955 4415 fuimus
1977 4403 1993 4428 ,

400 4435 652 4490 victoriae
682 4439 1034 4495 occasionem
1069 4443 1404 4500 tribuimus:
1431 4463 1604 4516 quare
1663 4465 1794 4520 ergo
1836 4453 1995 4522 punit

2105 3258 2354 3328 λέγοντα.
2381 3261 2502 3313 Ὅτι
2529 3261 2617 3314 διὰ
2653 3259 2826 3325 τοῦτο,
2879 3260 3037 3332 φησὶ,
3068 3260 3166 3314 κα)⁸
3223 3259 3480 3325 ἀναξίους
3539 3260 3681 3326 εὐερ-

2105 3353 2256 3420 γετεῖ
2279 3351 2307 3403 6
2343 3350 2497 3415 Θεὸς,
2557 3352 2646 3405 ἵνα
2695 3351 2879 3423 δειχθῇ
2914 3350 3080 3406 αὐτοῦ
3107 3351 3167 3403 τὸ
3205 3349 3436 3419 ἀγαθὸν,
3471 3349 3571 3419 καὶ,
3602 3347 3680 3400 ἵνα

2105 3445 2324 3517 νικήσῃ,
2358 3446 2439 3509 είς
2487 3445 2667 3518 κρίσιν
2690 3448 2802 3510 τοῖς
2833 3443 3144 3516 ἀνθρώποις
3181 3443 3488 3508 καταστάς.

2173 3633 2246 3685 Ei
2279 3629 2344 3684 δὲ
2371 3631 2408 3700 ἡ
2443 3629 2648 3686 ἀδικία
2705 3631 2876 3702 ἡμῶν
2911 3631 3061 3688 Θεοῦ
3100 3632 3503 3700 δικαιοσύνην
3543 3646 3676 3687 συν-

2104 3724 2335 3792 ίστησι,
2377 3726 2434 3779 τί
2451 3725 2711 3796 ἐροῦμεν
2728 3743 2748 3791 ;
2762 3727 2850 3796 μὴ
2887 3724 3092 3792 ἄδικος
3114 3727 3146 3779 ὀ
3171 3724 3315 3791 Θεὸς
3334 3727 3372 3780 ό
3398 3724 3676 3793 ἐπιφέρων

2101 3815 2218 3882 τὴν
2278 3816 2500 3887 ὀρτήν;
2572 3815 2723 3888 (κατ’
2791 3817 3110 3887 ἄνθρωπον
3171 3815 3396 3888 λέγω.)
3451 3815 3544 3886 Μὴ
3593 3813 3676 3886 τέ-

2100 3923 2286 3962 νοιτο.

2183 3998 2534 4066 Ἀντίθεσις.
2573 4001 2630 4054 Ὀ
2665 4001 2818 4068 Θεὸς,
2862 4005 3048 4072 φησὶν,
3082 4001 3488 4074 εὐηργέτησεν,
3525 3999 3672 4071 ἡμεῖς

2100 4088 2156 4142 δὲ
2191 4089 2356 4142 αὑτὸν
2407 4089 2780 4161 ἐψευσὰμεθα.
2813 4093 2924 4146 Καὶ
2955 4093 3041 4146 διὰ
3061 4092 3162 4164 τὴν
3183 4093 3466 4164 ἡμετέραν
3489 4089 3670 4144 κακίαν

2099 4178 2253 4251 ὥρθη
2290 4181 2490 4251 μᾶλλον
2524 4183 2793 4254 ἐλεήμων,
2822 4185 2932 4255 ὅσῳ
2967 4186 3061 4238 καὶ
3080 4183 3339 4249 ἀναξίους
3385 4181 3665 4252 εὐεργετεῖ.

2099 4276 2198 4328 Διά
2243 4275 2406 4328 τοῦτο
2455 4276 2756 4348 τοιγαροῦν
2783 4278 2876 4332 καὶ
2905 4279 3034 4350 νικᾷ
3058 4279 3116 4332 ἐν
3144 4281 3210 4350 τῇ
3244 4278 3446 4349 κρίσει.
3491 4277 3667 4344 Ἡμεῖς

2097 4363 2190 4422 οὖν
2215 4368 2366 4439 αὒτῷ
2397 4369 2906 4441 ἀγνωμονήσαντες,
2966 4371 3066 4441 τὴν
3098 4371 3378 4443 πρόφασιν
3403 4371 3498 4441 τῆς
3526 4369 3666 4438 νίκης

2099 4463 2468 4534 παρέσχομεν.
2518 4463 2672 4516 Διατί
2718 4457 2812 4516 οὖν
2845 4462 3063 4529 κολάζει
3104 4465 3282 4534 ἡμᾶς,
3305 4463 3377 4517 δι’
3405 4462 3495 4526 οὓς
3522 4459 3662 4530 ὤφθη

397 4543 500 4583 nos
533 4543 635 4599 per
689 4545 832 4599 quos
885 4532 1106 4589 vincere
1143 4535 1296 4591 visus
1319 4538 1451 4592 est?
1481 4538 1694 4596 Saturio
1728 4542 1983 4613 objectio-

2115 4532 2263 4609 itit—6V
2281 4532 2540 4623 ,AtﬁUtc.
2569 4556 2632 4609 Ei
2657 4555 2827 4619 αἴτιος
2851 4555 3001 4627 αὐτῷ
3029 4557 3094 4610 σὺ
3118 4556 3219 4626 τῆς
3249 4555 3429 4626 νίκης,
3461 4552 3662 4614 κολάζει

399 4621 505 4676 uis.
556 4621 612 4676 Si
643 4631 700 4676 tu
743 4621 822 4678 illi
854 4639 1020 4680 causa
1040 4641 1100 4681 es
1125 4627 1371 4684 victoriae
1397 4638 1454 4684 et.
1484 4639 1665 4687 tamen
1718 4635 1878 4703 punit
1909 4645 1982 4702 te,

398 4712 604 4782 injuste
632 4715 744 4786 agit
773 4734 787 4771 :
816 4717 966 4788 quod
1015 4718 1063 4773 si
1106 4718 1345 4791 injustus
1391 4738 1504 4779 non
1553 4733 1638 4780 est
1691 4733 1749 4781 et
1803 4729 1984 4797 punit,

397 4804 592 4875 utique
635 4816 692 4862 tu
728 4810 807 4864 illi
841 4826 955 4866 non
988 4827 1050 4868 es
1081 4827 1250 4869 causa
1273 4814 1541 4880 victoriae,
1563 4833 1691 4874 nam
1722 4820 1987 4891 alioque-

395 4913 504 4967 que
539 4899 704 4955 modo
733 4902 785 4956 ei
812 4903 1046 4960 dabatur
1079 4906 1307 4962 vincere
1330 4924 1644 4981 quanquam
1673 4922 1730 4967 tu
1754 4930 1864 4971 non
1885 4931 1986 4985 ap-

279 5028 281 5030 .
395 4990 680 5060 paruisses
709 4994 887 5050 malus
920 5012 934 5049 :
979 5012 1160 5066 neque
1192 4999 1340 5054 enim
1373 5002 1466 5070 qui
1520 5003 1699 5060 malus
1741 5021 1851 5061 non
1877 5015 1984 5073 est,

396 5084 664 5139 continuo
692 5085 857 5140 etiam
890 5087 1090 5158 dignus
1115 5099 1200 5146 est
1241 5093 1335 5162 qui
1369 5093 1466 5149 Dei
1513 5096 1806 5150 contrahat
1832 5113 1984 5153 amo-

397 5193 538 5231 rem.
576 5177 825 5248 Magnam
878 5190 1062 5238 autem
1095 5199 1165 5240 ex
1195 5185 1283 5240 his
1353 5197 1536 5243 movet
1579 5190 1980 5247 dubitationem

395 5277 563 5337 atque
627 5271 905 5340 sapienter
964 5273 1259 5331 admodum
1315 5294 1378 5334 ac
1427 5281 1730 5350 prudenter
1797 5285 1978 5339 diluit.

392 5359 648 5427 Quidam,
680 5362 883 5434 inquit,
917 5365 1115 5422 dicunt
1148 5387 1160 5422 :
1204 5370 1261 5426 Si
1301 5373 1438 5427 nulli
1499 5387 1840 5443 peccassent,
1877 5394 1977 5433 ne-

390 5471 666 5525 quaquam
720 5458 865 5514 Deus
892 5476 1059 5516 verax
1083 5450 1451 5532 apparuisset.
1477 5483 1823 5538 nequaquam
1879 5472 1972 5542 ju-

359 5555 530 5612 ‘stus,
558 5564 904 5621 nequaquam
926 5555 1171 5612 vicisset.
1209 5559 1425 5625 Quibus
1458 5577 1559 5616 nos
1591 5562 1840 5618 dicamus
1874 5583 1886 5617 :
1915 5565 1969 5619 Si

389 5644 444 5686 tu
473 5635 573 5706 ipsi
621 5653 785 5697 causa
818 5657 880 5698 es
910 5646 1152 5703 victoria:
1181 5659 1236 5705 et
1275 5651 1523 5708 veritatis
1580 5669 1642 5709 ac
1697 5656 1920 5726 iustitiae
1956 5697 1968 5721 ,

457 5815 480 5847 ⁹
512 5815 658 5874 l’sal.
695 5838 745 5882 ι..
779 5825 831 5879 6.

2091 4648 2150 4702 δέ
2179 4666 2259 4710 σε,
2288 4648 2482 4702 ἀδικεῖ.
2516 4649 2580 4701 Ei
2614 4648 2669 4701 δὲ
2708 4648 2892 4712 ἄδικος
2923 4650 3022 4702 οὐκ
3045 4647 3182 4713 ἐστι,
3201 4647 3423 4711 κολάζει
3453 4647 3535 4710 δὲ,
3565 4644 3662 4716 ἄρα

2093 4739 2154 4792 ού
2195 4741 2260 4792 σὺ
2288 4739 2437 4810 αὐτῷ
2464 4739 2563 4810 τῆς
2610 4740 2768 4812 νίκης
2826 4741 3019 4804 αἴτιος.
3071 4740 3235 4809 Ἐνῆν
3256 4740 3363 4809 γὰρ
3401 4737 3658 4807 αὐτῷκαὶ

2092 4831 2269 4895 ἄλλως
2289 4833 2466 4904 νικᾷν,
2502 4832 2606 4885 κᾶν
2643 4833 2708 4885 σὺ
2748 4833 2823 4904 μὴ
2849 4831 3040 4904 ὤφθης
3074 4832 3267 4895 κακός.
3297 4833 3372 4885 Οὐ
3409 4831 3512 4902 γὰρ
3533 4833 3559 4883 6
3589 4827 3657 4899 μὴ

2095 4925 2286 4990 κακὸς,
2319 4925 2420 4996 ἠδη
2472 4927 2566 4979 καὶ
2619 4926 2768 4991 ἄξιος
2814 4926 3036 4996 ἀγάπην
3065 4924 3203 4979 Θεοῦ
3234 4923 3651 4980 ἐπισπάσασθαι.

2107 5019 2368 5088 ’Δπορίαν
2390 5019 2445 5073 δὲ
2470 5019 2558 5074 διὰ
2578 5020 2783 5074 τούτων
2826 5019 3074 5091 μεγάλην
3102 5020 3370 5085 ἀνακινεῖ,
3405 5017 3498 5073 καὶ
3539 5019 3652 5070 ἐπι-

2087 5106 2276 5161 λύεται
2335 5108 2459 5161 λίαν
2493 5109 2676 5178 σοφῶς
2711 5109 2803 5163 καὶ
2833 5109 3142 5180 ἐμφρόνως.
3190 5109 3252 5163 Et
3284 5109 3359 5180 μὴ
3394 5110 3648 5180 ἥμαρτον,

2087 5197 2274 5268 φησὶν,
2309 5198 2492 5270 ἐροῦσί
2537 5217 2703 5265 τινες,
2738 5201 2837 5253 οὐκ
2857 5199 2924 5253 ἂν
2947 5203 2974 5254 6
3008 5201 3143 5264 Θεὸς
3201 5201 3376 5269 ἐφάνη
3435 5197 3647 5267 ἀληθὴς,

2083 5291 2183 5342 οὐκ
2213 5290 2278 5344 ἂν
2305 5291 2534 5356 δίκαιος,
2560 5291 2658 5345 οὐκ
2695 5291 2761 5346 ἂν
2789 5292 3032 5363 ἐνίκησε.
3075 5293 3221 5363 Πρὸς
3263 5291 3357 5356 οὒς
3380 5291 3644 5361 λέγωμεν·

2082 5382 2144 5435 Ei
2173 5383 2236 5435 σὺ
2259 5383 2358 5452 τῆς
2410 5383 2568 5454 νίκης
2613 5383 2761 5455 αύτῴ
2821 5385 2914 5438 καὶ
2962 5386 3060 5457 τῆς
3119 5386 3378 5456 ἀληθείας
3419 5383 3509 5437 καὶ
3557 5383 3646 5450 τῆς

2081 5476 2429 5544 δικαιοσύνης
2475 5477 2669 5542 αἴτιος,
2705 5479 2821 5542 πῶς
2850 5496 2910 5532 σε
2964 5478 3183 5543 κολάζει
3238 5477 3642 5550 ἁμαρτάνοντα;

2086 5569 2204 5631 πῶς
2243 5585 2302 5621 σε
2336 5573 2692 5639 τιμωρεῖται;
2757 5572 2849 5643 Μὴ
2893 5571 3079 5628 ἄδικον
3128 5571 3292 5625 αὑτὸν
3344 5572 3522 5640 ἐρεῖ;;
3561 5563 3642 5618 καὶ

2084 5658 2242 5722 ποίας
2285 5660 2636 5734 δικαιοσύνης
2695 5662 2860 5717 αὐτοῦ
2941 5663 3141 5720 σαυτὸν
3191 5663 3377 5732 ἔλεγες
3432 5660 3635 5720 αῖτιον;
