3978 6610
243 477 359 541 273
1326 477 1715 539 COMMENT.
1750 478 1831 539 IN
1866 481 2105 543 EPIST.
2135 483 2235 542 AD
2278 481 2466 541 110M.
3421 475 3545 539 37L

239 594 404 650 τοῦτο
460 593 570 664 γάρ
627 590 784 665 οἶμαι
856 593 1053 666 δηλοῦν
1120 595 1305 660 αὐτὸν,
1349 595 1442 651 διὰ
1484 599 1581 650 τοῦ
1611 598 1872 661 εἰπεῖν’4

1979 601 2214 657 uomodo
2237 610 2288 655 te
2323 601 2484 671 punit
2513 597 2875 669 peccantem?
2930 594 3209 666 quomodo
3269 602 3321 651 te
3354 599 3532 666 pm..is
3569 640 3581 654 .

253 709 274 740 ι
317 687 477 741 Ἐπεὶ
505 688 624 751 πῶς
660 689 843 757 κρινεῖ
862 687 890 740 6
924 688 1059 753 Θεὸς
1087 688 1179 742 τὸν
1202 690 1442 759 κόσμονς
1483 708 1501 742 ι
1554 689 1703 743 Ἀντὶ
1725 692 1842 756 τοῦ,

244 782 378 846 Πῶς
437 780 601 835 αὐτὸν
658 780 870 835 δίκαιον
899 779 1084 849 ἔλεγες
1125 781 1218 836 καὶ
1266 783 1501 853 κριτήνς
1534 783 1613 835 Δι’
1640 776 1716 838 ῶν
1738 784 1847 855 γὰρ

248 873 453 927 σαυτὸν
474 874 646 928 αἴτιον
674 872 860 943 ἔλεγες
894 874 994 946 τῆς
1032 872 1381 945 δικαιοσύνης
1426 875 1616 940 αὐτοῦ,
1650 877 1845 948 κριτὴν

250 965 324 1018 ἂν
353 966 655 1038 ὡμολόγεις
698 966 794 1019 καὶ
839 967 1072 1022 δίκαιον.
1126 966 1454 1040 Δικαιοσύνη
1503 969 1634 1040 γάρ,
1687 969 1845 1034 τέλος

249 1060 529 1133 κρίσεως”
577 1061 628 1113 εί
673 1055 767 1114 οῦν
812 1061 1007 1129 ἐπάγει
1061 1059 1231 1132 ὀργὴν
1283 1061 1397 1125 τοῖς
1440 1060 1842 1130 ἁμαρτάνουσι,

252 1157 377 1220 πῶς
426 1155 588 1209 αττιοι
641 1154 745 1227 τῆς
804 1155 1152 1226 δικαιοσύνης
1211 1154 1414 1221 αύτοῦ;
1450 1153 1587 1209 ἀλλὰ
1635 1154 1844 1208 δίκαιον

244 1250 426 1318 ἐρεῖς,
474 1247 686 1317 φησίνς
739 1246 878 1302 Ἀλλ’
923 1249 1024 1302 οὐκ
1072 1247 1216 1319 ἔχεις
1249 1250 1445 1305 εἰπεῖν.
1486 1247 1706 1302 Δίκαιον
1736 1246 1845 1316 γὰρ

250 1342 323 1394 δι’
352 1334 431 1395 ὧν
477 1341 708 1412 ἠπόρεις
775 1343 1226 1413 ἀνωμολόγησας,
1272 1342 1436 1395 Ὥστε
1498 1341 1599 1396 οὐκ
1626 1340 1765 1393 είσὶν
1793 1341 1845 1393 oi

253 1434 668 1504 ἁμαρτάνοντες
694 1433 816 1488 οὔτε
860 1435 1041 1505 νίκης,
1096 1433 1222 1488 οὔτε
1252 1435 1351 1506 τῆς
1387 1433 1691 1504 Ἀληθείας,
1714 1432 1840 1485 οὔτε

251 1528 355 1598 τῆς
385 1528 736 1598 δικαιοσύνης
772 1529 960 1582 αἴτιοι.
1007 1524 1142 1581 Εἶτα
1176 1527 1409 1598 προάγει
1441 1526 1535 1580 καὶ
1563 1526 1765 1596 ἑτέρως
1786 1509 1862 1579 τδ

258 1620 627 1690 ἐπιχείρημα.
679 1621 741 1674 ΕΞ
785 1619 875 1673 διὰ
929 1618 1024 1673 τοῦ
1077 1618 1214 1691 ἐμοῦ
1256 1617 1510 1689 ψεύδους.
1538 1618 1614 1682 ὡς
1640 1617 1843 1686 λέγεις.

254 1709 752 1776 δοξάζεταιδθεδς
811 1711 1040 1784 ἀληθὴς,
1099 1712 1161 1766 ού
1220 1711 1601 1783 κατακρίσεως
1639 1752 1654 1776 ,
1707 1709 1847 1763 ἀλλὰ

254 1805 428 1873 τιμῆς
461 1804 763 1858 ἀπολαύειν
794 1804 997 1874 μᾶλλον
1028 1803 1283 1875 ὤφειλον.
1309 1802 1421 1857 Καὶ
1448 1803 1610 1855 πλέον
1651 1801 1846 1872 ψεύδε-

259 1898 387 1950 σθαι
441 1898 536 1951 καὶ
592 1898 932 1969 ἁμαρτάνειν
966 1897 1076 1953 ἔδει
1128 1914 1218 1969 με,
1246 1896 1333 1950 ἴνα
1359 1894 1521 1950 πλέον
1550 1894 1842 1966 δοξάζηται

258 1990 286 2043 6
315 1988 470 2054 Θεὸς,
502 1992 600 2044 καὶ
632 1991 792 2045 πλέον
818 1990 1103 2062 ἁπήλαυον
1169 1988 1280 2058 ἐγὼ
1305 1987 1411 2043 τῶν
1440 1986 1685 2056 ἀγαθῶν.

1949 692 2352 747 addicit?num
2402 692 2558 746 illum
2626 689 2781 746 dices
2828 688 3138 762 injustam?
3169 689 3236 744 Ει
3258 688 3417 759 cujus
3445 688 3533 757 iu-

1948 781 2113 838 stitiae
2138 782 2311 854 ipsius
2340 789 2392 837 te
2422 797 2645 837 causam
2673 780 2842 837 fuisse
2902 779 3175 836 dicebas?
3243 779 3376 834 Nam
3429 780 3537 835 hoc

1949 875 2276 946 Apostolum
2312 874 2625 946 signiﬁcare
2655 875 2876 942 Opinor,
2909 888 3034 928 cum
3064 873 3179 929 ait:
3216 873 3378 928 iNam
3403 888 3538 942 quo-

1948 966 2114 1021 modo
2140 966 2414 1038 judicabit
2462 968 2610 1021 Deus
2638 966 2906 1021 mundum
2931 965 2954 1020 ?
2983 965 3092 1021 hoc
3120 976 3225 1031 est,
3256 966 3539 1036 quomodo

1947 1076 2074 1117 eum
2112 1059 2384 1132 injustum
2411 1060 2630 1116 diceres
2658 1060 3017 1131 etjudicem?
3049 1060 3156 1116 hoc
3219 1060 3340 1130 ipso
3382 1058 3534 1114 enim

1947 1152 2096 1223 quod
2122 1154 2356 1224 teipsum
2381 1168 2604 1209 causam
2635 1152 2850 1209 diceres
2898 1152 3129 1224 justitiae
3159 1152 3353 1222 ipsius,
3383 1151 3533 1222 judi-

1948 1244 2347 1301 cemiatereris
2376 1260 2442 1301 ac
2489 1245 2702 1316 justum
2763 1262 2778 1300 :
2838 1260 2964 1300 nam
3019 1244 3234 1317 justitia
3280 1242 3406 1298 ﬁnis
3443 1252 3531 1298 est

1941 1337 2137 1409 judicii
2159 1355 2172 1403 ;
2193 1337 2338 1408 quod
2354 1336 2399 1392 si
2426 1337 2563 1392 iram
2582 1337 2870 1394 inducitin
2917 1346 3226 1407 peccantes.
3252 1335 3533 1407 quomodo

1948 1431 2030 1486 illi
2061 1447 2229 1487 causa
2262 1438 2392 1487 sunt
2416 1430 2646 1502 justitiae
2678 1430 2899 1502 ipsius?
2924 1431 3007 1486 An
3042 1446 3175 1500 ergo
3216 1432 3427 1501 justum
3455 1429 3539 1484 di-

1948 1538 2063 1586 ces,
2120 1523 2301 1593 inquit
2324 1524 2347 1578 ?
2369 1524 2574 1580 Verum
2613 1523 2669 1579 id
2709 1539 2820 1579 non
2844 1531 3003 1593 potes
3031 1521 3218 1578 dicere
3246 1539 3260 1576 :
3290 1537 3416 1576 nam
3443 1536 3544 1591 per

1949 1615 2097 1670 eain
2132 1615 2341 1686 quibus
2362 1615 2635 1681 ha’rebas,
2681 1614 2894 1686 justum
2940 1629 3062 1669 esse
3112 1612 3402 1669 confessus
3458 1628 3542 1667 es.

1947 1707 2069 1763 Non
2101 1716 2231 1763 sunt
2257 1708 2442 1779 itaque
2493 1716 2816 1778 peccatores
2846 1707 3089 1763 \ictoria:
3151 1713 3249 1761 aut
3289 1703 3547 1760 veritatis

1948 1800 2285 1871 autjustitire
2306 1815 2492 1856 causa.
2519 1799 2731 1856 Deinde
2786 1798 3048 1870 producit
3103 1808 3162 1854 et
3218 1798 3331 1853 alio
3380 1796 3548 1852 modo

1948 1904 2359 1966 argumentum.
2387 1895 2444 1950 Si
2469 1910 2567 1965 per
2586 1909 2771 1951 meum
2800 1893 3174 1960 mendacium,
3209 1902 3273 1949 ut
3300 1891 3404 1956 ais,
3430 1891 3550 1963 glo-

1880 1964 1919 2021 Β
1952 1986 2202 2043 riﬁcatur
2216 2003 2387 2043 verax
2408 1986 2573 2053 Deus,
2596 2004 2707 2044 non
2729 1986 3276 2050 condemnationem,
3303 1985 3397 2040 sed
3419 1985 3541 2056 glo-

264 2086 410 2138 riam
442 2085 699 2156 accipere
722 2085 1049 2153 debueram,
1077 2084 1239 2157 235
1262 2092 1319 2140 et
1339 2098 1427 2140 me
1457 2082 1697 2154 amplius
1713 2081 1942 2138 mentiri
1965 2098 2029 2139 ac
2055 2097 2289 2154 peccare
2319 2083 2593 2154 oportuit,
2656 2098 2770 2154 quo
2834 2081 3079 2152 amplius
3143 2080 3553 2153 gloriﬁcaretur

261 2181 432 2245 Deus,
455 2190 511 2236 et
535 2198 637 2252 ego
664 2182 825 2238 bonis
845 2182 1083 2253 amplius
1110 2181 1359 2237 fruerer.

346 2272 511 2327 Ἀλλὰ
577 2274 683 2347 μὴν
741 2274 916 2339 οὐδεὶς
949 2275 1016 2329 ἂν
1074 2276 1233 2330 τοῦτο
1287 2276 1583 2348 τολμήσειε
1620 2275 1805 2343 λέγειν
1840 2292 1855 2307 ο

265 2364 432 2434 δῆλον
463 2365 574 2436 γὰρ
599 2366 658 2419 τὸ
687 2364 912 2421 ἄτοπον.
938 2366 1030 2420 Διὸ
1053 2368 1146 2421 καὶ
1178 2366 1233 2419 εἴ
1269 2384 1413 2432 τινες
1474 2368 1696 2437 λέγουσι
1731 2367 1863 2439 ’περὶ⁵

266 2457 456 2529 ἡμῶν,
520 2459 605 2511 ὅτι
664 2458 973 2529 φρονοῦμεν
1020 2458 1096 2523 ὡς
1129 2461 1187 2514 ὲν
1214 2463 1279 2534 τῇ
1312 2460 1508 2531 πράξει
1542 2460 1650 2516 τῶν
1676 2462 1864 2516 κακῶν

267 2548 492 2621 ἔρχεται
517 2551 647 2621 ἡμῖν
680 2550 750 2603 τὰ
781 2552 984 2618 ἀγαθὰ,
1014 2551 1389 2623 ἀπαραίτητον
1423 2555 1602 2625 κρῖμα
1624 2553 1863 2620 ἕξουσιν,

196 2663 211 2673 ·
266 2643 355 2696 ὃτι
385 2644 468 2705 είς
504 2642 840 2714 τηλικαύτην
888 2645 1263 2715 ’συκοφαντίαν
1316 2646 1465 2715 ἡμᾶς
1523 2645 1863 2718 διασύρουσι.

274 2735 390 2790 Καὶ
443 2736 548 2808 ὅρα
608 2736 822 2805 σοφίαν.
874 2737 1123 2808 Αύξῆσαι
1176 2740 1286 2811 γὰρ
1339 2738 1512 2794 θέλων
1541 2739 1603 2794 τὸ
1632 2741 1858 2808 ἄτοπον,

270 2827 397 2881 οὐδὲ
454 2828 583 2892 τοὺς
615 2828 952 2898 ἀποροῦντας
1007 2830 1180 2885 ταῦτα
1217 2831 1374 2886 τοῦτο
1424 2832 1684 2903 λέγοντας
1732 2836 1859 2887 είσ-

272 2923 428 2989 άγει,
451 2920 567 2974 ἀλλ’
586 2922 807 2993 ἑτέρους
830 2922 1002 2987 τινὰς,
1039 2924 1131 2976 καὶ
1163 2922 1512 2995 βλασφημίαν
1538 2924 1666 2979 αὐτὸ
1689 2925 1866 2982 καλεῖ.

270 3010 481 3070 Καθὼς
512 3013 641 3083 γάρ,
667 3012 824 3082 φησὶ,
846 3013 1332 3087 βλασφημούμεθα.
1355 3017 1416 3070 Ei
1443 3015 1534 3070 οῦν
1550 3018 1601 3071 οἱ
1623 3016 1876 3086 λέγοντες

270 3104 442 3159 τοῦτο
492 3105 618 3160 καθ’
665 3106 824 3178 ήμῶν
876 3108 1252 3181 ἀπαραίτητον
1316 3108 1498 3174 ἕξουσι
1559 3109 1658 3181 τὴν
1687 3110 1866 3180 δίκην,

274 3195 464 3267 πολλῷ
529 3197 729 3268 μᾶλλον
780 3199 880 3253 οὐκ
915 3198 982 3254 ἂν
1021 3200 1399 3273 τολμήσαιμεν
1440 3204 1604 3274 ἡμεῖς
1638 3202 1746 3258 οὐδ’
1791 3205 1871 3267 εἰς

2030 2276 2195 2347 Atqui
2231 2274 2285 2330 id
2318 2290 2482 2332 nemo
2519 2274 2708 2331 dicere
2752 2273 3021 2330 audebit:
3061 2272 3358 2330 manifeste
3400 2276 3563 2329 enim-

1966 2368 2276 2425 absurdum
2304 2376 2410 2425 est.
2465 2368 2596 2424 ideo
2627 2368 2760 2423 licet
2789 2367 3016 2437 quidam
3047 2366 3116 2422 de
3144 2366 3309 2422 nobis
3339 2367 3561 2432 dicant,

1964 2461 2119 2532 quod
2141 2460 2418 2517 sentimus
2450 2476 2550 2531 per
2576 2461 2853 2516 actionem
2882 2459 3156 2514 malorum
3182 2468 3421 2517 ventura
3451 2473 3554 2515 no-

1963 2552 2052 2609 bis
2070 2568 2192 2609 esse
2226 2552 2392 2615 bona,
2422 2552 2742 2608 inevitabile
2775 2551 3067 2608 habebunt
3098 2552 3394 2623 judicium,
3423 2552 3555 2623 quia

1968 2645 2039 2702 ad
2072 2654 2277 2702 tantam
2310 2661 2415 2702 nos
2452 2645 2788 2716 pertrahunt
2828 2645 3272 2718 sycophantiam.
3323 2645 3394 2701 Et
3428 2644 3558 2701 vide

1971 2738 2188 2793 consilii
2218 2738 2611 2808 prudentiam:
2646 2752 2774 2792 nam
2805 2736 2885 2793 rei
2920 2737 3321 2793 absurditatem
3352 2752 3556 2809 augere

1972 2830 2184 2898 volens,
2232 2846 2344 2885 non
2370 2831 2518 2901 ipsos
2543 2830 2639 2901 qui
2686 2829 3009 2886 h:esitarent
3043 2830 3258 2885 inducit
3308 2830 3425 2886 haec
3473 2832 3560 2885 di-

1975 2930 2192 2987 centes,
2241 2922 2339 2978 sed
2384 2923 2523 2978 alios
2554 2922 2848 2993 quosdam,
2891 2929 2948 2976 et
2993 2922 3389 2992 blasphemiam
3421 2921 3563 2980 illud

1978 3014 2237 3084 appellat.
2296 3013 2474 3079 Sicut,
2518 3013 2720 3085 inquit,
2778 3012 3140 3083 blasphemiis
3192 3014 3427 3085 iactatur
3490 3013 3574 3069 de~

1975 3106 2158 3162 nobis.
2201 3105 2359 3173 Quod
2406 3105 2453 3162 si
2490 3106 2741 3163 dicentes
2799 3107 2908 3164 hoc
2950 3107 3020 3163 de
3068 3106 3231 3162 nobis
3275 3107 3571 3165 habebunt-

1979 3198 2300 3254 inevitabile
2332 3198 2650 3270 judicium:
2688 3214 2870 3270 neque
2902 3215 3007 3256 nos
3032 3201 3365 3257 auderemus
3408 3218 3477 3257 ne
3506 3202 3564 3258 in

275 3289 414 3343 νοῦν
463 3291 896 3361 παραδέξασθαι,
932 3294 1015 3348 ὅτι
1073 3297 1134 3350 ἐν
1186 3297 1254 3369 τῇ
1310 3296 1510 3368 πράξει
1547 3296 1658 3352 τῶν
1688 3296 1872 3352 κακῶν

1981 3301 2225 3349 mentem
2253 3293 2480 3365 quidem
2521 3294 2823 3365 suscipere,
2865 3294 3014 3365 quod
3036 3310 3136 3366 per
3167 3296 3441 3351 malorum
3468 3311 3565 3352 ac-

275 3379 659 3452 παραγίνεται
682 3382 751 3435 τὰ
778 3383 979 3452 ἀγαθά.
1013 3384 1077 3438 El
1110 3384 1169 3440 δὲ
1210 3386 1287 3457 μὴ
1319 3385 1501 3449 τοῦτο,
1527 3386 1637 3441 οὐδ’
1670 3388 1754 3442 ὃτι
1779 3387 1872 3441 ἐπὶ

1982 3385 2189 3442 tionem
2241 3385 2543 3442 adveniant
2587 3387 2776 3442 bona:
2827 3387 2978 3456 quod
3030 3386 3078 3441 si
3127 3402 3239 3441 non
3267 3385 3560 3451 audemus,

278 3474 449 3529 πλέον
476 3477 814 3547 ἁμαρτάνειν
840 3478 941 3545 δεῖ,
967 3478 1055 3533 ἵνα
1109 3479 1293 3534 πλεῖον
1323 3478 1555 3552 δοξασθῇ
1580 3482 1609 3535 6
1629 3480 1782 3544 Θεός.
1810 3478 1874 3533 Ei

271 3567 336 3622 δὲ
368 3569 507 3638 μηδὲ
529 3568 708 3635 τοῦτο,
740 3569 900 3639 δῆλον
932 3570 1010 3633 ὡς
1033 3570 1151 3624 οὐδὲ
1183 3571 1245 3624 τδ
1273 3570 1475 3639 λέγειν,
1510 3572 1592 3625 ὃτι
1619 3571 1720 3625 Διὰ
1770 3569 1868 3625 τοῦ

277 3660 427 3730 ἐμοῦ
458 3661 776 3732 ψεύσματος
801 3659 1084 3728 δοξάζεται
1113 3664 1142 3716 ὁ
1166 3662 1301 3729 Θεὸς
1349 3664 1579 3735 ἀληθής.
1620 3664 1737 3717 Οὐκ
1767 3663 1877 3733 ἄρα

276 3752 464 3815 αἴτιος
497 3752 619 3824 Θεῷ
644 3752 766 3808 οὔτε
799 3753 900 3823 τῆς
930 3753 1186 3826 ἀληθείας
1208 3754 1398 3821 αὑτοῦ,
1459 3753 1587 3808 οὔτε
1642 3754 1741 3824 τῆς
1797 3755 1879 3808 δι-

279 3845 612 3917 καιοσύνης,
676 3845 801 3900 οὔτε
845 3847 947 3916 τῆς
1000 3846 1158 3916 νίκης
1208 3846 1394 3903 αὐτοῦ.
1423 3866 1442 3899 ι
1494 3846 1588 3918 Μὴ
1634 3844 1819 3909 ἄδικος
1851 3845 1880 3899 6

275 3939 423 4003 Θεός
454 3956 470 4005 ;
511 3957 529 3991 ι
565 3939 630 3994 Ei
656 3938 735 4004 δὲ,
767 3938 956 4009 φησὶν,
982 3939 1047 3993 ἐκ
1077 3942 1177 4010 τῆς
1205 3938 1363 4010 ήμῶν
1411 3938 1625 4002 ἀδικίας
1661 3937 1881 4008 μᾶλλον

278 4032 573 4086 δείκνυται
620 4033 656 4102 ἡ
690 4031 923 4103 ἀλήθεια
954 4032 1050 4085 καὶ
1072 4032 1106 4100 ἡ
1127 4030 1446 4102 δικαιοσύνη
1476 4028 1570 4084 τοῦ
1606 4029 1770 4095 Θεοῦ,
1799 4031 1884 4083 ὅτι

282 4126 354 4194 δὴ
413 4123 539 4177 οὔτε
579 4123 794 4194 ἡὴμῶν
847 4122 1032 4178 ἀδικία
1075 4121 1355 4177 ἐκώλυσεν
1406 4122 1570 4176 αὐτὸν
1607 4123 1676 4175 τὰ
1698 4121 1887 4175 δίκαια

284 4217 546 4286 ποιῆσαι,
591 4216 870 4269 τουτέστιν
900 4218 981 4281 εἰς
1025 4216 1181 4280 τέλος
1233 4218 1464 4285 ἀγαγεῖν
1519 4215 1587 4269 τὰ
1652 4215 1890 4283 ὑποσχε-

283 4306 461 4360 θέντα
518 4307 881 4379 τῷἈϐραάμ
910 4347 930 4374 ,
989 4308 1084 4363 καὶ
1130 4309 1230 4363 οὐκ
1298 4306 1364 4361 ἂν
1420 4306 1595 4370 ἄλλως
1656 4304 1814 4376 ὤφθη
1865 4306 1894 4359 6

281 4401 428 4462 Θεὸς
451 4399 659 4463 δίκαιος
711 4402 806 4453 καὶ
853 4399 1080 4471 ἀληθὴς,
1142 4399 1193 4452 εἰ
1248 4397 1324 4470 μὴ
1380 4400 1540 4468 ἡμεῖς
1590 4399 1894 4468 γεγόναμεν

289 4490 500 4544 ἄδικοι.
563 4489 627 4542 Εἰ
659 4488 818 4542 τοῦτό
876 4490 1048 4554 ἐστιν,
1082 4488 1192 4559 ἄρα
1241 4488 1442 4551 ἀδίκως
1495 4485 1716 4549 κολάζει
1760 4484 1891 4549 τοὺς

286 4582 505 4646 αἰτίους
532 4580 681 4651 αὐτῷ
718 4580 978 4651 ἀληθείας
1006 4581 1361 4651 γενομένους.
1416 4579 1477 4632 Ei
1530 4578 1588 4631 δὲ
1639 4578 1716 4649 μὴ
1773 4576 1885 4632 ἀδίο

1978 3492 2161 3548 neque
2205 3476 2282 3543 id,
2325 3492 2528 3547 nempe
2573 3476 2722 3542 quod
2760 3477 2999 3549 amplius
3026 3492 3261 3548 peccare
3311 3485 3566 3547 oporteat

1980 3578 2042 3626 ut
2060 3569 2236 3642 magis
2258 3569 2598 3639 gloriﬁcetur
2645 3570 2929 3635 Deus;'si
2978 3579 3163 3630 autem
3216 3584 3396 3640 neque
3434 3569 3564 3635 hoc,

1981 3658 2334 3716 manifestum
2352 3665 2437 3715 est
2467 3659 2615 3730 quod
2639 3674 2743 3715 nec
2787 3658 2975 3714 dicere
3004 3659 3154 3730 quod
3180 3674 3306 3714 meo
3337 3658 3568 3714 menda-

1983 3753 2071 3809 cio
2092 3751 2434 3823 gloriﬁcetur
2466 3752 2614 3809 Deus
2654 3768 2841 3809 verax.
2879 3751 3072 3823 ltaque
3109 3753 3224 3809 Deo
3257 3768 3422 3809 causa
3456 3769 3570 3808 non

1983 3861 2107 3902 sum
2130 3845 2214 3901 vel
2238 3845 2490 3903 veritatis
2509 3846 2686 3916 ipsius
2709 3846 2794 3901 vel
2802 3846 3143 3918 justitiaevel
3166 3847 3409 3902 victoriae
3426 3847 3568 3916 ejus.

1994 3956 2012 3989 ι
2047 3937 2189 3993 Num
2231 3936 2471 4008 injustus
2494 3937 2675 3993 Deus?
2703 3957 2722 3989 ι
2759 3938 2917 4004 Quod
2951 3938 2998 3993 si
3020 3952 3089 3992 ex
3116 3946 3331 4001 nostra,
3366 3938 3572 4008 inquit.

1988 4030 2259 4103 injustitia
2289 4031 2386 4086 Dei
2416 4031 2623 4087 veritas
2651 4039 2819 4102 atque
2861 4031 3075 4103 justitia
3121 4032 3298 4102 magis
3327 4032 3575 4088 ostendi-

1993 4135 2103 4189 tur,
2136 4125 2269 4195 quia
2295 4120 2495 4194 ~neque
2535 4131 2727 4179 nostra
2773 4133 2925 4179 certe
2970 4123 3247 4194 injustitia
3286 4139 3576 4193 eumprm

1991 4215 2198 4277 hibuit,
2241 4231 2312 4271 ne
2340 4231 2406 4271 ea
2449 4231 2573 4287 qua:
2620 4215 2768 4286 justa
2810 4224 2951 4271 ειιηι»
2970 4222 3179 4286 ageret,
3239 4215 3344 4270 hoc
3396 4223 3477 4270 est
3505 4215 3575 4270 ad

1994 4309 2391 4381 perfectionem
2412 4315 2470 4363 et
2505 4308 2669 4364 ﬁnem
2698 4306 3005 4363 deduceret
3028 4321 3159 4377 qua}
3177 4305 3413 4362 Abrahae
3441 4321 3577 4377 pro-

1994 4400 2159 4456 missa
2182 4410 2365 4469 erant;
2401 4415 2502 4457 nec
2531 4400 2641 4456 alio
2668 4399 2836 4456 modo
2859 4394 3376 4471 apparuisset'Deus
3393 4400 3579 4470 justus

1992 4502 2050 4549 et
2091 4508 2281 4561 verax,
2311 4493 2419 4549 nisi
2458 4507 2560 4549 nos
2604 4491 2736 4549 facti
2762 4492 3073 4549 fuissemus
3113 4491 3351 4562 injusti:
3403 4490 3447 4545 si
3474 4491 3579 4546 hoc

1996 4586 2072 4641 ita
2099 4595 2205 4651 est,
2237 4601 2369 4658 ergo
2394 4586 2599 4656 injuste
2624 4600 2722 4642 eos
2745 4586 2908 4655 punit
2933 4586 3029 4656 qui
3054 4584 3281 4641 fuerunt
3308 4585 3385 4639 illi
3409 4599 3593 4639 causa,

287 4690 411 4734 κως
482 4671 747 4739 κολάζει,
798 4671 907 4743 ἄρα
978 4673 1078 4743 οὐχ
1135 4673 1297 4744 ⁴ἡμεῖς
1368 4670 1539 4725 αὑτοῦ
1586 4673 1687 4743 τῆς
1760 4670 1872 4742 άληι

2002 4677 2281 4734 veritatis:
2310 4677 2459 4748 quod
2486 4677 2533 4732 si
2558 4692 2671 4732 non
2712 4676 2917 4748 injuste
2955 4677 3134 4746 punit,
3166 4676 3334 4745 igitur
3366 4690 3466 4731 nos
3498 4675 3599 4731 illi-

292 4765 455 4829 θείας
491 4764 678 4820 αῖτιοι.
722 4784 739 4817 ι
775 4764 932 4818 Κατὰ
961 4762 1252 4836 ἄνθρωπον
1274 4765 1439 4833 λέγω.
1471 4783 1490 4818 ι
1539 4762 1760 4835 Ἐπειδὴ
1782 4762 1895 4835 γὰρ

293 4857 673 4929 ἀνθρωπίνοις
726 4857 1009 4928 λογισμοῖς
1062 4858 1334 4930 ἐχρήσατο
1383 4858 1484 4910 οὐκ
1527 4856 1657 4910 ὄντα
1711 4856 1897 4912 ἄδικον

289 4951 522 5013 δεικνὺς
549 4950 643 5002 τὸν
672 4948 828 5013 Θεὸν,
885 4950 1109 5017 ἐπάγει·
1176 4949 1335 5004 Κατὰ
1378 4949 1672 5020 ἄνθρωπον
1726 4948 1894 5018 λέγω,

297 5052 464 5114 φησι,
495 5043 623 5106 τοὺς
654 5042 954 5114 λογισμοὺς
984 5042 1231 5107 τούτους,
1261 5043 1384 5096 ἐπεὶ
1428 5042 1525 5095 καὶ
1573 5041 1747 5106 ἄλλοι,
1792 5058 1897 5112 φη-

298 5140 417 5202 σὶν,
441 5136 547 5188 eisi.
578 5136 831 5206 λογισμοὶ
861 5137 1142 5208 θειότεροι.
1185 5138 1272 5200 Ὠς
1294 5138 1341 5190 εί
1373 5132 1548 5203 εἶπεν,
1602 5137 1759 5190 Κατὰ
1802 5136 1900 5188 άν-

296 5228 580 5298 θρνῶπινον
608 5229 863 5299 λογισμὸν
889 5228 1461 5299 λαλήσωμεναἊδικός
1494 5230 1643 5282 ἐστιν
1673 5230 1701 5283 6
1730 5228 1895 5293 Θεός;

296 5320 400 5389 Μὴ
426 5320 665 5387 γένοιτοί
693 5320 813 5383 Πῶς
836 5315 928 5374 οῦν
993 5320 1163 5393 ὀργὴν
1210 5322 1447 5391 ἐπάγεις
1484 5318 1559 5376 Ἦ
1619 5322 1779 5393 δῆλον
1818 5322 1901 5377 ὅτι

294 5412 407 5481 οὐκ
436 5413 597 5481 ἡμεῖς
626 5412 776 5482 αὑτῷ
812 5412 913 5483 τῆς
960 5413 1219 5484 ἀληθείας
1255 5417 1350 5469 καὶ
1412 5414 1511 5484 τῆς
1546 5414 1899 5486 δικαιοσύνης

297 5503 498 5565 αἴτιοι,
535 5503 652 5557 ἀλλ’
686 5505 856 5569 αὐτὸς
887 5507 1084 5576 ἐαυτῷ.

383 5591 553 5645 Ἐπεί
582 5591 709 5659 πῶς
739 5593 931 5661 κρινεῖ
967 5596 999 5648 ό
1032 5595 1173 5661 Θεὸς
1202 5594 1310 5649 τόν
1343 5595 1611 5665 κόσμον;
1634 5597 1686 5648 εὶ
1725 5594 1836 5664 γὰρ
1865 5596 1903 5665 ἡ

296 5684 565 5751 ἀλήθεια
591 5676 699 5739 τοῦ
728 5686 876 5741 Θεοῦ
908 5686 978 5741 ἐν
1023 5685 1101 5753 τῷ
1150 5688 1269 5757 ἐμῷ
1301 5689 1606 5757 ψεύσματι
1665 5690 1907 5757 inepta-

300 5790 547 5831 σευσεν
592 5778 682 5843 είς
711 5776 826 5845 τὴν
885 5776 1076 5842 δόξαν
1116 5779 1326 5845 αὑτοῦ,
1393 5780 1449 5833 τί
1490 5779 1577 5834 ἔτι
1620 5779 1785 5850 κάγὼ
1824 5780 1903 5847 ὡς

297 5869 671 5939 ἁμαρτωλὸς
720 5870 1030 5940 κρίνομιιι;
1079 5869 1296 5940 καὶμὴ
1350 5870 1570 5943 (καθὼς
1614 5873 1907 5941 βλασφη-

2001 4782 2112 4822 non
2134 4782 2327 4822 sumus
2340 4781 2508 4823 causa
2532 4766 2801 4822 veritatis.
2832 4785 2851 4817 ι
2880 4765 3134 4820 Humano
3154 4780 3310 4820 more
3326 4765 3579 4836 loquor.»

2000 4857 2138 4926 Quia
2177 4858 2329 4914 enim
2359 4857 2620 4913 humanis
2648 4856 3169 4913 ratiocinationibus
3197 4872 3331 4913 usus
3363 4867 3490 4913 erat
3515 4858 3582 4914 ad

2000 4950 2403 5006 ostendendum
2445 4951 2618 5006 Deum
2645 4964 2753 5005 non
2794 4962 2917 5005 esse
2942 4948 3232 5019 injustum,
3267 4950 3579 5022 subjungit,

2004 5044 2264 5099 Humano
2291 5058 2446 5098 more
2472 5043 2694 5113 loquor,
2726 5041 2930 5111 inquit,
2967 5041 3068 5096 has
3092 5041 3585 5099 ratiocinationes:
3650 5059 3685 5075 ··

2003 5151 2131 5190 nam
2160 5136 2283 5192 alia:
2297 5151 2518 5206 quoque
2541 5142 2672 5190 sunt
2691 5133 2865 5205 magis
2890 5133 3114 5190 divinae.
3141 5136 3221 5190 Ac
3252 5134 3299 5190 si
3321 5134 3588 5197 dixisset:

2007 5229 2260 5284 llumana
2308 5228 2525 5285 ratione
2588 5228 2920 5297 loquamur;
2972 5227 3212 5299 injustas
3266 5236 3354 5284 est
3407 5226 3593 5284 Deus?

2006 5319 2198 5373 Absit!
2231 5317 2522 5385 Quomodo
2540 5333 2675 5388 ergo
2705 5318 2843 5373 iram
2894 5317 3148 5373 inducit?
3188 5318 3321 5384 Aut,
3359 5319 3587 5374 manife.

2007 5426 2152 5469 szum
2180 5422 2265 5468 est
2291 5412 2439 5483 quod
2461 5427 2564 5469 nos
2594 5412 2674 5467 illi
2710 5427 2874 5468 causa
2899 5426 3011 5466 non
3032 5426 3224 5468 sumus
3251 5412 3499 5469 veritatis
3526 5426 3593 5470 ac

2006 5506 2254 5573 iustitiae,
2282 5504 2379 5561 sed
2416 5506 2532 5577 ipse
2573 5505 2680 5561 sibi
2709 5504 2834 5574 ipsi.

2078 5596 2163 5661 Ill,
2198 5596 2310 5653 6-8.
2349 5594 2490 5650 Nam
2523 5595 2783 5667 quomodo
2807 5595 3072 5665 judicabit
3107 5595 3246 5649 Deus
3288 5596 3594 5651 mundum?

2010 5687 2225 5743 Etenim
2247 5688 2293 5742 si
2316 5689 2512 5743 veritas
2541 5687 2637 5743 Dei
2668 5705 2761 5759 per
2780 5704 2957 5743 meum
2979 5688 3315 5742 mendacium
3348 5688 3599 5741 excelluit

2011 5783 2064 5835 in
2088 5780 2318 5852 gloriam
2346 5782 2531 5852 ipsius,
2558 5797 2653 5835 cur
2679 5789 2729 5835 et
2746 5797 2839 5851 ego
2866 5782 3038 5836 adhuc
3065 5788 3323 5851 tanquam
3349 5795 3595 5852 peccator

2006 5872 2219 5943 judicor
2242 5872 2267 5924 ?
2293 5871 2359 5925 Et
2382 5888 2510 5937 non,
2527 5872 2662 5926 sicut
2694 5870 3033 5942 blasphemiis
3063 5870 3235 5941 fertur
3254 5871 3318 5925 de
3352 5872 3520 5939 nobis,
3546 5880 3597 5927 ct

298 5962 608 6035 μοὺμεθα,
641 5960 741 6016 καὶ
771 5961 962 6031 καθώς
986 5964 1140 6034 φασί
1159 5980 1319 6028 τινες
1358 5962 1514 6035 ἡμᾶς
1558 5964 1781 6035 λέγειν)
1818 5964 1872 6019 ὅτ

2015 5965 2149 6019 sicut
2178 5964 2327 6018 aiunt
2351 5964 2568 6035 quidam
2594 5980 2685 6021 nos
2715 5963 2880 6036 236
2914 5963 3107 6033 dicere,
3144 5965 3283 6037 quod
3325 5966 3594 6035 faciamus
