3978 6544
522 380 631 444 3'75

1619 389 2021 450 (ECUMEN’II
2056 392 2088 451 Ἰ

2197 391 2351 453 CC/E
2387 389 2727 452 EPISCOPI
3658 400 3745 463 87'}

522 491 691 557 nuda,
731 499 790 545 ut
834 492 1052 547 veniant
1094 493 1273 547 bona?
1313 510 1539 565 quorum
1579 497 1849 566 judicium
1886 499 2088 569 justum

2205 499 2559 569 Ποιήσωμεν
2584 498 2656 553 τὰ
2684 498 2860 563 κακὰ,
2900 497 3002 551 ἵνα
3027 495 3175 568 ἔλθῃ
3214 497 3285 554 τὰ
3335 498 3549 570 ἀγαθὼ
3576 497 3656 561 ὧν
3690 512 3745 566 τὸ

521 593 619 639 ut.

591 770 651 827 Si
681 771 851 835 Deus,
873 770 1074 841 inquit,
1111 781 1261 828 esset
1294 771 1551 846 injustus,
1575 791 1923 848 nequaquam
1949 780 2100 850 judi-

522 870 675 918 caret
720 864 1022 919 mundum:
1077 866 1256 936 ipsum
1284 867 1433 922 enim
1481 868 1733 939 judicare
1783 871 2101 926 manifestat

520 955 668 1024 quod
692 956 875 1026 justus
902 956 995 1021 sit,
1034 968 1231 1013 natura
1263 959 1411 1015 enim
1440 961 1504 1015 ad
1533 961 1895 1032 judicandum
1933 964 2101 1035 exigit

525 1048 1009 1119 utjustusjudicct
1034 1050 1290 1121 injustas.
1322 1072 1340 1104 ‹
1375 1053 1591 1107 Etenim
1616 1053 1660 1107 si
1684 1054 1888 1109 veritas
1916 1055 2033 1121 Dei,
2074 1075 2095 1109 ι

517 1146 625 1190 etc.
676 1137 822 1191 idem
858 1154 1080 1194 rursum
1116 1141 1273 1195 dicit.
1313 1140 1370 1195 Si
1403 1142 1553 1197 enim
1585 1159 1683 1212 per
1731 1143 1857 1205 hoc,
1895 1144 2095 1214 inquit,

516 1227 776 1281 excelluit
805 1227 1030 1296 veritas,
1078 1232 1407 1302 justitiaque
1449 1248 1512 1288 ac
1546 1234 1783 1289 victoria
1815 1234 1933 1299 Dei,
1966 1236 2097 1305 quia

517 1332 619 1389 ego
653 1319 842 1390 inique
864 1322 971 1393 egi,
1001 1338 1103 1393 ego
1137 1325 1217 1379 illi
1247 1327 1511 1381 mentitus
1544 1342 1687 1391 sum,
1722 1323 1841 1382 sine
1885 1328 2096 1383 ratione

514 1412 773 1482 judicor:
813 1429 903 1469 me
944 1415 1222 1485 siquidem
1257 1418 1627 1474 retributione
1653 1420 1839 1490 potius
1869 1420 2096 1490 dignum

519 1505 713 1559 haberi
755 1507 1025 1576 oportuit.
1078 1517 1141 1564 ut
1185 1511 1281 1581 qui
1329 1512 1406 1565 illi
1443 1512 1689 1568 victoriae
1728 1529 1798 1568 ac
1845 1514 2099 1569 veritatis

518 1594 708 1663 potius
738 1609 904 1650 causa
939 1596 1190 1654 fuissem.
1237 1600 1408 1670 Atqui
1456 1618 1607 1657 nunc
1659 1619 1761 1673 ego
1791 1619 1957 1658 causa
1986 1621 2096 1659 non

498 1675 666 1753 sum,
698 1686 909 1743 ideirco
939 1698 995 1744 et
1014 1705 1117 1762 ego
1149 1690 1390 1761 judicor.
1430 1713 1451 1747 ί
1482 1695 1541 1749 ln
1573 1696 1804 1767 gloriam
1840 1698 2037 1767 ipsius.
2072 1717 2091 1749 ι

516 1776 586 1831 Ut
611 1776 951 1847 gloriﬁcclur
973 1795 1072 1849 per
1094 1781 1382 1836 victoriam
1409 1793 1467 1839 et
1489 1784 1765 1854 justitiam
1799 1801 1866 1841 ac
1904 1789 2100 1843 verita-

2204 592 2383 663 κρῖμα
2416 593 2662 649 ἔνδικόν
2680 593 2837 648 ἐστι.

2274 780 2339 835 ΕΞ
2368 775 2457 852 ἦν,
2485 779 2674 850 φησὶν,
2700 779 2907 844 ἄδικος,
2962 779 3063 833 ούκ
3088 777 3155 833 ἂν
3187 778 3369 848 ἔκρινε
3413 778 3505 833 τὸν
3552 782 3741 850 κόσμον.

2201 869 2343 924 Αὐτὸ
2368 868 2473 941 γὰρ
2498 869 2559 923 τὸ
2588 870 2796 941 κρίνειν
2827 869 2995 939 δηλοῖ,
3023 868 3104 922 ὅτι
3153 868 3358 931 δίκαιός
3400 870 3514 922 ἐστι
3539 884 3554 898 ’
3611 871 3745 938 φύσις

2201 961 2310 1031 γάρ
2342 959 2481 1030 αὕτη
2511 959 2606 1013 τοῦ
2630 961 2858 1033 κρίνειν,
2885 959 2946 1013 τὸ
2985 959 3076 1012 τὸν
3125 959 3333 1012 δίκαιον
3389 958 3584 1029 κρίνειν
3627 964 3734 1026 τοὺς

2202 1053 2443 1113 ἀδίκους.
2500 1073 2519 1105 ι
2579 1054 2643 1106 El
2671 1053 2780 1121 γὰρ
2832 1054 2865 1124 ὴ
2918 1052 3147 1125 ἀλήθεια
3192 1051 3284 1105 τοῦ
3319 1052 3476 1115 Θεοῦ,
3519 1071 3538 1104 ι
3576 1055 3660 1108 καὶ
3686 1058 3744 1111 τὰ

2202 1146 2348 1216 ἑξῆς.
2372 1147 2447 1199 Τὸ
2483 1146 2615 1200 αὐτὸ
2642 1146 2802 1200 πάλιν
2822 1147 2993 1213 λέγει.
3025 1148 3089 1201 El
3116 1146 3227 1217 γὰρ
3263 1145 3352 1200 διὰ
3379 1145 3554 1210 τοῦτο,
3585 1148 3743 1218 φησίν,

2203 1238 2592 1311 ἐπερίσσευσεν
2623 1241 2655 1310 ἡ
2689 1241 2918 1311 ἀλήθεια
2945 1241 3041 1294 καὶ
3069 1242 3102 1313 ἡ
3131 1239 3450 1308 δικαιοσύνη
3477 1239 3615 1310 καὶὴ
3642 1242 3742 1312 νίκη

2200 1330 2296 1384 τοῦ
2323 1329 2478 1395 Θεοῦ,
2510 1330 2698 1402 ἐπειδὴ
2726 1330 2833 1399 ἐγὼ
2863 1331 3121 1402 ⁴ίγδίκησα,
3162 1331 3257 1383 καὶ
3320 1329 3628 1400 ἐψευσάμην
3665 1333 3744 1384 ei»

2199 1424 2309 1488 τὸν,
2339 1424 2551 1495 ἀλόγως
2581 1425 2862 1495 κρίνομαι.
2922 1425 3069 1478 Ἔδει
3127 1425 3234 1494 γάρ
3286 1441 3355 1494 με
3394 1422 3488 1476 κατ⁸
3533 1424 3744 1493 ἀμοιϐῶν

2201 1514 2523 1586 ἀξιωθῆναι,
2548 1515 2625 1579 ὡς
2648 1516 2821 1570 αἴτιον
2847 1512 2998 1585 αύτῷ
3032 1512 3132 1583 τῆς
3155 1514 3314 1584 νίκης
3347 1513 3440 1565 καὶ
3494 1512 3739 1582 ἀληθείας.

2197 1608 2360 1662 Ἀλλὰ
2390 1607 2485 1661 νῦν
2513 1609 2613 1661 ούκ
2644 1607 2755 1676 ἐγὼ
2791 1609 2986 1671 αἴτιος,
3022 1604 3314 1676 τοιγαροῦν
3348 1604 3444 1658 καὶ
3494 1604 3741 1674 κρίνομαι.

2208 1719 2227 1751 ι
2258 1701 2354 1765 Εἰς
2384 1700 2484 1771 τὴν
2509 1700 2669 1765 δόξαν
2699 1698 2890 1754 αὑτοῦ.
2929 1717 2948 1750 ι
2990 1698 3110 1752 Ἵνα
3161 1695 3455 1766 δοξάζηται
3506 1697 3594 1749 ἐπὶ
3639 1696 3743 1768 νίκῃ

2200 1795 2296 1849 καὶ
2335 1795 2654 1869 δικαιοσύνῃ
2696 1794 2793 1850 καὶ
2858 1793 3109 1866 ἀληθείᾳ.
3184 1813 3204 1847 ι
3244 1793 3314 1846 Τί
3365 1791 3445 1845 ἔτι
3496 1790 3639 1860 κάγὼ
3681 1792 3742 1854 ὡς

519 1879 650 1921 tem.
677 1886 697 1919 ε
721 1867 836 1924 Cur
862 1879 920 1925 et
935 1885 1038 1942 ego
1058 1882 1317 1942 tanquam
1342 1885 1601 1944 peccator
1625 1877 1883 1946 judicor?
1907 1899 1925 1932 ι
1948 1878 2088 1941 Cur,

2198 1888 2520 1957 ἁμαρτωλὸς
2577 1867 2869 1958 κρίνομαι;
2912 1906 2930 1939 ι
2969 1886 3035 1939 Τί
3081 1884 3406 1958 κρινόμεθα,
3455 1883 3631 1955 φησὶν,
3677 1882 3739 1947 ὡς

515 1959 718 2030 inquit,
778 1970 1041 2033 tanquam
1094 1975 1417 2036 peccatores
1460 1968 1800 2039 iudicamur,
1849 1972 1943 2043 qui
1984 1972 2096 2028 Dco

515 2069 678 2109 causa
705 2055 948 2112 victoriae
974 2058 1354 2115 faetisumus?
1380 2070 1436 2118 et
1465 2078 1573 2117 non
1628 2062 1708 2129 ﬁt,
1738 2066 2098 2134 quemadmo—

513 2145 644 2199 dum
675 2147 845 2217 aliqui
888 2164 996 2204 nos
1031 2151 1376 2208 arbitrantur
1398 2154 1629 2211 dicere?
1672 2158 1860 2227 Itaque
1893 2161 2098 2231 suggil-

510 2236 682 2292 lando
743 2240 920 2305 aiunt,
963 2242 1109 2311 quod
1143 2244 1411 2301 faciamus
1454 2249 1616 2313 mala,
1657 2256 1716 2302 ut
1747 2250 1839 2304 ubi
1871 2267 1937 2305 ex
1988 2252 2096 2308 hoc

512 2332 960 2388 Deusvietoriam
987 2344 1185 2391 nactus
1202 2337 1390 2403 fuerit,
1419 2342 1687 2410 rependat
1716 2344 1879 2399 nobis
1911 2344 2079 2413 bona,

513 2423 698 2494 utqui
726 2425 979 2481 victoriae
1021 2443 1190 2484 causa
1237 2431 1314 2485 illi
1350 2432 1626 2489 fuerimus
1657 2450 1757 2505 per
1800 2438 1942 2492 mala
1973 2454 2096 2508 qua:

513 2517 974 2585 perpetravimus.
1005 2520 1124 2574 Alio
1153 2522 1328 2578 modo.
1370 2525 1437 2579 Et
1478 2541 1549 2581 ne
1575 2526 1732 2590 illud,
1767 2528 1972 2599 inquit,
2004 2530 2096 2586 ﬁat

512 2610 660 2676 quod
693 2610 879 2667 dicere
893 2613 1295 2682 existimamur,
1328 2619 1475 2689 quod
1515 2635 1583 2675 ex
1608 2628 1796 2676 nostra
1827 2623 2094 2695 injuStitia

514 2701 661 2757 Deus
690 2718 791 2757 nos
822 2704 1095 2762 beneﬁcio
1133 2707 1355 2774 alliciat,
1402 2720 1464 2766 ut
1492 2714 1586 2783 qui
1637 2714 1884 2771 victoriae
1927 2731 2092 2771 causa

513 2792 593 2848 illi
625 2793 916 2853 fuerimus.
937 2798 1014 2855 Ne
1044 2800 1150 2856 hoc
1185 2812 1368 2858 autem
1423 2803 1538 2859 ﬂat.
1561 2804 1874 2872 Quidnam?
1892 2809 2093 2865 Venire

513 2887 680 2953 bona,
718 2905 928 2961 nosque
960 2907 990 2947 a
1026 2893 1139 2949 Deo
1192 2894 1330 2952 allici
1362 2897 1656 2962 beneﬁcio,
1704 2910 1963 2971 tanquam
2015 2902 2093 2957 illi

510 2979 780 3036 fuerimus
803 2981 1046 3038 victoria:
1063 2993 1340 3041 auctores.
1378 2987 1536 3042 Nune
1550 2988 1696 3043 enim
1727 2992 2089 3053 contrarium,

510 3070 733 3140 inquit,
759 3071 981 3139 accidit,
1037 3091 1162 3131 nam
1192 3076 1360 3131 etiam
1403 3079 1740 3149 judicamur.
1793 3100 1813 3134 ο
1848 3082 2091 3148 Quorum

2203 1981 2543 2052 ἁμαρτωλοὶ,
2577 1979 2636 2035 οί
2658 1982 2821 2034 αἴτιοι
2855 1979 3013 2051 νίκης
3048 1977 3167 2048 Θεῷ
3193 1978 3513 2048 γενόμενοι;
3542 1975 3629 2029 καὶ
3676 1976 3735 2046 μὴ

2197 2075 2406 2143 γίνεται
2430 2073 2611 2137 καθώς
2639 2092 2779 2137 τινες
2804 2074 2954 2143 ἡμᾶς
2977 2073 3263 2138 νουίζουσι
3310 2070 3489 2139 λέγειν
3507 2087 3521 2134 ;
3541 2070 3739 2139 Τοιγαρι

2197 2167 2291 2220 οῦν
2333 2168 2427 2221 καὶ
2475 2166 2852 2238 κωμῳδοῦσιν,
2885 2167 2968 2220 δτι
3011 2166 3343 2236 Ποιήσωμεν
3371 2164 3433 2217 τὸ
3458 2162 3632 2224 κακὸν,
3670 2161 3741 2215 ἵνα

2199 2261 2262 2312 ἐκ
2310 2258 2508 2312 τούτου
2574 2258 2805 2330 νικήσας
2826 2258 2854 2310 ὁ
2879 2257 3036 2321 Θεὸς,
3059 2255 3366 2327 ἀμείψηται
3391 2254 3535 2325 ἡμᾶς
3559 2253 3742 2324 εὐεργε-

2199 2352 2364 2417 σίαις,
2396 2350 2471 2413 ὡς
2503 2350 2714 2413 αἰτίους
2748 2349 2905 2419 νίκης
2938 2349 3089 2420 αὐτῷ
3117 2348 3468 2418 γενομένους,
3497 2346 3552 2410 ἐξ
3574 2340 3640 2398 ὧν
3664 2361 3738 2397 κα-

2197 2444 2309 2507 κῶς
2341 2443 2679 2514 ἐπράξαμεν.
2709 2468 2778 2480 —-
2800 2443 3056 2507 Ἄλλως.
3080 2442 3190 2495 Καὶ
3225 2440 3302 2511 μὴ
3332 2440 3553 2509 γένηται
3572 2440 3737 2501 ἐκεῖνο,

2199 2536 2384 2607 φησὶν,
2408 2536 2543 2609 ὅπερ
2575 2535 2758 2594 λέγειν
2807 2532 3160 2605 νομιζῦμεθα,
3192 2533 3275 2587 ὅτι
3316 2532 3382 2585 ὲκ
3408 2532 3507 2599 τῆς
3554 2529 3738 2589 ἀδικίας
3774 2590 3781 2597 ε

2195 2626 2353 2696 ἡμῶν
2402 2625 2681 2698 εὐεργετεῖ
2737 2627 2884 2696 ἡμᾶς
2924 2626 2953 2677 ὁ
3001 2624 3134 2687 Θεὸς
3164 2664 3179 2689 ,
3235 2623 3313 2688 ὡς
3371 2622 3572 2684 αἰτίους
3614 2616 3737 2689 αὐτῷ

2195 2719 2372 2791 νίκης.
2403 2719 2496 2789 Μὴ
2526 2719 2752 2790 γένηται
2784 2718 2840 2771 δὲ
2876 2720 3071 2773 ἐκεῖνο.
3111 2718 3271 2770 Ποῖον
3299 2734 3314 2782 ;
3346 2716 3421 2769 Τὸ
3474 2713 3634 2768 ἐλθεῖν
3679 2711 3735 2766 τὰ

2196 2812 2400 2880 ἀγαθὰ,
2452 2812 2547 2866 καί¹
2598 2811 2659 2863 τὸ
2702 2811 3113 2880 εύεργετεῖσοαι
3160 2809 3319 2881 παρὰ
3382 2807 3458 2878 τῷ
3511 2804 3636 2877 Θεῷ,
3674 2804 3735 2866 ὡς

2196 2904 2400 2966 αίτίους
2425 2902 2573 2975 αὐτῷ
2604 2902 2781 2968 νίκης.
2807 2903 2922 2956 Νῦν
2950 2902 3082 2974 γὰρ,
3124 2902 3280 2972 φησὶ,
3302 2900 3363 2953 τὸ
3389 2897 3632 2962 ἐναντίον,
3661 2897 3736 2950 καὶ

2194 2995 2602 3067 τιμωρούμεθα.
2632 3015 2651 3048 t
2692 2992 2795 3049 Ὧν
2816 2995 2878 3047 τὸ
2902 2997 3081 3065 κρῖμα
3108 2992 3319 3047 ἔνδικόν
3350 2994 3483 3046 ἔστι.
3510 3010 3527 3043 ι
3568 2988 3735 3042 Ἧκον·

2197 3104 2295 3142 σαν
2327 3086 2589 3159 Ἕλληνες
2647 3086 2756 3139 τῶν
2809 3084 3155 3157 Χριστιανῶν
3208 3084 3498 3151 λεγόντων,
3535 3099 3554 3131 ι
3589 3080 3732 3132 ’Ὅπου

506 3160 788 3229 judicium
813 3163 1024 3234 justum
1052 3174 1157 3222 est.
1200 3182 1221 3221 ι
1265 3167 1576 3225 Audierant
1620 3171 1793 3227 (ἔτωοί
1821 3172 2085 3229 Christia-

2193 3179 2573 3251 ὲπλεὸνασενή
2602 3179 2867 3251 ἁμαρτία,
2900 3176 3436 3249 ὑπερεπερίσσευσεν
3467 3176 3497 3246 ἡ
3526 3173 3684 3244 χάρις.
3711 3188 3726 3220 υ

510 3267 615 3308 nos
663 3254 959 3311 dicentes:
998 3276 1017 3309 ι
1055 3259 1159 3315 Ubi
1207 3260 1454 3318 abundat
1497 3262 1786 3329 delictum,
1820 3266 1895 3320 ibi
1919 3268 2093 3337 magis

509 3343 836 3401 exuberavit
891 3349 1067 3418 gratia
1094 3351 1191 3405 ιο.»
1233 3352 1303 3407 Et
1360 3353 1467 3423 ipsi
1514 3355 1737 3425 quidem
1800 3358 1907 3413 hoc
1945 3358 2095 3413 dicc-

507 3435 663 3503 bant,
687 3439 835 3509 quod
878 3442 1077 3511 plenus
1116 3444 1333 3500 delictis
1363 3447 1603 3503 mundus
1640 3451 1843 3505 Filium
1880 3451 1978 3506 Dei
2021 3451 2089 3506 ad

509 3527 742 3583 salutem
783 3533 1166 3600 pertraxisset,
1193 3544 1251 3590 et
1291 3551 1357 3591 ex
1392 3537 1497 3593 hoc
1539 3539 1847 3597 abundavit
1902 3543 1957 3596 in
1990 3558 2092 3599 nos

508 3621 707 3691 gratia.
750 3623 857 3692 lpsi
902 3635 1086 3681 autem
1124 3629 1270 3697 quod
1299 3630 1506 3699 dictum
1551 3640 1638 3687 est
1669 3632 2086 3705 detorquentcs,

506 3716 736 3772 aiebant
764 3716 1113 3775 Christianos
1139 3721 1327 3777 dicere
1358 3724 1507 3793 quod
1532 3740 1763 3795 peccare
1814 3736 2086 3797 oporteat,

507 3815 571 3862 nt
596 3807 843 3865 abundet
871 3812 1065 3881 gratia.
1101 3811 1370 3880 Quorum,
1395 3816 1593 3887 inquit,
1627 3829 1758 3887 puta
1788 3819 1896 3874 hoc
1927 3830 2089 3890 pacto

507 3898 867 3968 blasphemiis
894 3916 995 3957 nos
1025 3901 1711 3978 impetentiumdjudicium
1736 3912 1945 3981 justum
1963 3920 2048 3965 est
2071 3929 2085 3965 :

502 4004 574 4046 eo
616 3992 764 4061 quod
817 3993 959 4049 bene
1008 3995 1157 4052 dicta
1213 3999 1358 4055 male
1412 4000 1845 4072 interpretantes
1901 4003 2088 4059 detor-

504 4093 732 4154 queant.
758 4115 827 4126 —
866 4087 1009 4154 Quid
1080 4092 1252 4163 ergo?
1280 4108 1381 4162 per
1410 4094 1608 4165 legem,
1643 4096 1845 4167 inquit,
1880 4113 1946 4153 ac
1975 4099 2088 4153 cir-

502 4178 901 4235 cumeisionem
934 4181 1073 4238 nihil
1113 4185 1477 4255 percipimus,
1512 4202 1679 4258 supra
1714 4190 1924 4260 reliqua
1962 4206 2086 4261 quae

498 4267 794 4325 habemus.
843 4270 983 4338 Quid
1048 4274 1197 4328 enim
1245 4278 1586 4347 percipimus
1631 4281 1906 4350 amplius?
1947 4282 2083 4337 Nam

498 4369 664 4418 antea
696 4362 931 4421 redditis
960 4369 1145 4423 causis
1188 4370 1533 4427 ostendimus
1563 4372 1784 4429 Judieos
1825 4390 1889 4430 ac
1931 4374 2084 4431 Grat-

498 4469 619 4521 cos,
648 4467 784 4525 ete.,
814 4472 914 4527 per
950 4459 1229 4517 defectum
1265 4463 1474 4518 dictum
1505 4474 1609 4521 est.
1643 4467 1706 4522 Ei
1750 4469 1899 4523 enim
1934 4470 2081 4540 quod

498 4545 734 4612 dixerat,
776 4548 918 4611 Quid
961 4565 1095 4623 ergo
1122 4555 1463 4624 percipimus
1497 4558 1772 4627 amplius?
1815 4575 2084 4616 consecu-

498 4639 675 4694 tivum
711 4650 834 4696 erat
888 4652 951 4699 ut
994 4644 1326 4703 adderetur:
1354 4648 1633 4706 Justitiam
1673 4668 1796 4723 quae
1839 4668 1907 4708 ex
1949 4653 2077 4720 ﬁde,

496 4732 644 4801 quod
678 4734 735 4789 in
763 4738 1116 4806 sequentium
1157 4757 1450 4814 progressu
1496 4743 1629 4799 dicit
1679 4762 1693 4799 :
1730 4745 1892 4817 237
1930 4765 1950 4797 ι
1981 4748 2079 4803 Ju-

496 4824 710 4879 stitiam
760 4827 858 4882 Dei
883 4845 983 4899 per
1025 4830 1189 4886 ﬁdem
1242 4833 1370 4889 Jesu
1423 4833 1656 4891 Christi.
1708 4855 1727 4888 ι
1783 4837 1927 4903 Quid
1975 4853 2080 4894 nos

495 4930 653 4988 ergo,
686 4917 887 4988 inquit,
927 4923 1167 4993 amplius
1200 4926 1586 4997 percipimus?
1632 4928 1912 4985 Justitiam
1960 4945 2082 5000 qua:

495 5017 582 5065 est
608 5025 678 5065 ex
718 5010 845 5067 ﬁde.
870 5014 1003 5069 Nam
1029 5026 1193 5074 antea
1230 5020 1468 5077 reddi-tis
1497 5023 1679 5078 causis
1710 5023 2078 5078 ostendimus.

493 5100 789 5166 Quomodo
840 5113 1025 5161 autem
1071 5119 1233 5164 antea
1275 5112 1510 5169 redditis
1557 5115 1740 5170 causis
1789 5115 2072 5170 ostendit?

493 5190 714 5247 Graecos
734 5192 957 5263 quidem
991 5199 1375 5270 redarguendo
1396 5205 1541 5273 quod
1574 5206 1946 5275 cognitionem
1975 5220 2073 5259 na-

495 5282 727 5338 turalem
746 5287 1146 5355 corrupissent,
1166 5306 1293 5346 cum
1311 5294 1419 5349 ait:
1444 5312 1463 5346 ι
1484 5296 1630 5351 Deus
1641 5299 1785 5352 enim
1807 5298 1940 5369 ipsis
1958 5312 2076 5351 ma.—

495 5374 827 5443 nil'estavit,r
851 5388 907 5435 et
930 5398 976 5433 τι
996 5380 1133 5437 Cum
1154 5384 1323 5439 Deum
1340 5389 1745 5457 cognovissent,
1761 5410 1779 5441 ι
1806 5407 1915 5446 ηοη
1934 5391 2079 5446 sicut

494 5466 667 5523 Deum
707 5471 1160 5541 gloriﬁcaverunt
1197 5488 1295 5533 aut
1332 5481 1536 5550 gratias
1568 5491 1821 5553 egerunt.
1851 5484 2072 5540 .ludmos

495 5573 626 5615 vero
647 5560 788 5633 legis
819 5573 1278 5637 transgressores,
1308 5585 1433 5625 cum
1468 5571 1635 5627 dicit:
1673 5591 1693 5625 ι
1728 5574 1832 5640 Qui
1872 5575 1926 5630 in
1952 5576 2071 5647 lege

490 5651 769 5721 gloriaris,
804 5674 824 5707 ›
871 5667 930 5713 et
980 5660 1281 5720 ostendens
1326 5665 1473 5734 quod
1504 5665 1649 5737 apud
1673 5666 1797 5722 illos
1844 5669 2069 5740 quidem

563 5834 610 5869 “’
636 5833 801 5894 Rom.
837 5855 889 5906 ν,
922 5841 1012 5901 20.

2193 3271 2305 3325 Kal.
2349 3271 2504 3324 αὐτοὶ
2535 3271 2634 3341 μὲν
2667 3269 2844 3324 ταῦτα
2870 3269 3076 3337 ἔλεγον,
3111 3268 3197 3321 δτι
3249 3266 3550 3327 πλεονάσας
3594 3265 3620 3315 ὁ
3658 3259 3732 3313 κό-

2195 3380 2329 3433 σμος
2359 3364 2794 3435 ἁμαρτημάτων,
2820 3361 2985 3417 αὐτὸν
3009 3361 3100 3416 τὸν
3163 3361 3297 3414 Υἱὸν
3349 3359 3443 3414 τοῦ
3487 3355 3611 3411 Θεοῦ
3653 3354 3734 3406 ἐπ-

2192 3454 2469 3508 εσπάσατο
2503 3456 2582 3517 είς
2625 3452 2919 3522 σωτηρίαν.
2953 3451 3063 3504 Καὶ
3116 3452 3181 3504 ἐκ
3215 3449 3409 3504 τούτου
3451 3446 3733 3501 ἐπλεόνασεν

2192 3546 2274 3609 εἰς
2295 3545 2442 3615 ἡμᾶς
2471 3546 2504 3614 ἡ
2537 3545 2718 3617 χάρις.
2755 3543 2918 3598 Αὐτοὶ
2938 3543 2994 3596 δὲ
3030 3541 3386 3611 διασύροντες
3429 3540 3487 3593 τὸ
3542 3532 3731 3606 εἰρημέ-

2190 3654 2302 3702 νον,
2326 3636 2565 3708 ἔφασκον
2592 3637 2716 3700 τοὺς
2746 3634 3107 3708 Χριστιανοὺς
3152 3634 3358 3702 λέγειν,
3384 3634 3490 3687 δεῖν
3518 3623 3733 3699 ἁμαρτά·

2190 3746 2322 3792 νειν,
2390 3727 2478 3783 ἵνα
2525 3728 2800 3799 πλεονάσῃ
2832 3727 3072 3798 ήχάρις.
3114 3719 3238 3789 Ὧν,
3301 3726 3457 3795 φησὶ,
3517 3716 3724 3789 apem

2187 3820 2297 3874 τῶν
2327 3819 2501 3882 οὕτως
2530 3819 2996 3890 βλασφημούντων
3028 3820 3199 3891 ἡμᾶς,
3255 3818 3319 3871 τὸ
3353 3818 3522 3889 κρῖμα
3554 3808 3730 3865 ἔνδικόν

2190 3913 2360 3975 ἐστιν,
2416 3912 2498 3964 ὅτι
2534 3908 2601 3964 τὰ
2661 3909 2843 3974 καλῶς
2914 3909 3182 3981 εἰρημένα
3237 3908 3427 3970 κακῶς
3486 3903 3729 3975 μεθερμη-

2188 4003 2439 4068 νεύοντες
2482 4003 2854 4073 διασύρουσιν.
2907 4033 2975 4044 —
3017 4000 3322 4074 [EETHR]
3390 3999 3455 4053 Τί
3498 3992 3616 4061 οῦν;
3656 3990 3727 4044 διὰ

2187 4094 2282 4150 τοῦ
2299 4098 2489 4167 νόμου,
2524 4096 2683 4167 φησὶ,
2716 4097 2811 4150 καὶ
2837 4099 2936 4164 τῆς
2981 4095 3286 4165 περιτομῆς
3335 4091 3486 4146 οὐδὲν
3517 4099 3725 4157 προκατ-

2189 4186 2286 4259 ἐχο
2302 4204 2400 4259 μεν
2425 4188 2586 4241 πλέον
2609 4184 2685 4242 ὧν
2703 4187 2920 4259 ἔχομεν.
2937 4186 3001 4240 Τί
3027 4188 3121 4240 οῦν
3143 4187 3446 4258 κατέχομεν
3470 4177 3726 4250 περισσόνς

2188 4279 2644 4352 προῃτιασάμεθα
2708 4279 2819 4350 γὰρ
2882 4279 3177 4342 Ἰουδαίους
3236 4294 3298 4330 τε
3348 4271 3724 4341 καὶἚλληνας.

2188 4374 2281 4426 καῗι
2309 4371 2375 4426 τά
2408 4372 2557 4443 ἑξῆς.
2591 4371 2854 4436 Ἐλλιπῶς
2884 4371 3122 4442 εἴρηται.
3153 4370 3244 4440 Τῷ
3272 4370 3403 4441 γάρ,
3428 4367 3492 4422 Τί
3508 4365 3591 4420 οῦν
3619 4375 3723 4413 κατ-

2187 4462 2382 4534 έχομεν
2435 4464 2732 4535 περισσόνς
2775 4462 3070 4516 ἀκόλουθον
3108 4457 3177 4534 ἦν
3200 4461 3522 4529 ἐπαγαγεῖν,
3553 4454 3638 4521 τὴν
3677 4452 3727 4502 ἐκ

2191 4557 2424 4620 πίστεως
2449 4556 2818 4626 δικαιοσύνην,
2839 4555 2977 4626 ὅπερ
3002 4558 3059 4608 ὲν
3080 4556 3191 4618 τοῖς
3221 4553 3350 4622 ἑξῆς
3373 4550 3568 4622 προῖὼν
3582 4544 3723 4610 λέγει·

2195 4666 2215 4699 ε
2251 4650 2610 4720 Δικαιοσύνην
2636 4647 2797 4711 Θεοῦ,
2825 4649 2914 4702 διά
2953 4647 3191 4711 πίστεως
3220 4644 3399 4716 Ἰησοῦ
3431 4636 3668 4714 Χριστοῦ.
3703 4649 3718 4681 ι

2189 4742 2255 4795 Τί
2285 4742 2379 4796 οὖν
2440 4743 2765 4813 κατέχομεν,
2796 4741 2951 4812 φησι,
3007 4737 3269 4811 περισσὸν
3298 4738 3494 4808 ήμεῖςς
3527 4732 3627 4799 Τὴν
3674 4726 3725 4776 ἔκ

2189 4835 2423 4899 πίστεως
2455 4835 2824 4900 δικαιοσύνην.
2846 4831 3306 4905 Προῃτιασάμεθα
3335 4831 3441 4900 γάρ
3470 4820 3722 4881 Ἰουδαίους

2184 4944 2243 4981 τε
2273 4928 2368 4981 καὶ
2399 4926 2689 4997 Ἕλληνας.
2724 4926 2848 4989 Πῶς
2874 4926 2931 4979 δὲ
2960 4924 3376 4997 προῃτιάσατος
3430 4923 3488 4976 ἐν
3508 4916 3580 4988 τῷ
3617 4909 3721 4965 Ἐλ-

2185 5020 2353 5090 ληνας
2411 5020 2513 5091 μὲν
2560 5020 2881 5088 ἀπελέγξαι,
2924 5018 3350 5090 διαφθείραντας
3382 5015 3479 5084 τὴν
3524 5002 3724 5080 φυσικὴν

2180 5112 2403 5180 γνῶσιν,
2446 5113 2504 5164 ὲν
2531 5106 2611 5175 οἷς
2641 5111 2768 5182 ἔφη·
2810 5130 2829 5162 ι
2871 5110 2929 5163 '0
2984 5109 3116 5172 Θεὸς
3162 5109 3272 5179 γὰρ
3323 5105 3502 5166 αὐτοῖς
3561 5092 3723 5165 ἐφανέ.

2186 5219 2349 5274 Ρωσε-
2389 5220 2408 5253 ν
2438 5203 2568 5265 Καὶ,
2613 5222 2632 5254 t
2673 5204 2797 5256 Ὅτι
2819 5203 3039 5272 γνόντες
3068 5201 3160 5254 τὸν
3181 5201 3339 5264 Θεὸν,
3368 5199 3462 5267 ούχ
3496 5194 3566 5256 ὡς
3611 5186 3719 5241 Θξδν

2185 5297 2445 5361 ὲδὸξασαν
2475 5298 2507 5367 ἦ
2539 5299 2962 5369 εὐχαρίστησαν.
3007 5317 3025 5349 ι
3062 5295 3356 5357 Ἰουδαίους
3395 5292 3472 5356 δὲ,
3513 5280 3720 5354 παραδε-

2187 5386 2422 5456 6ηκότας
2447 5388 2537 5440 τὸν
2564 5388 2750 5458 νόμον,
2774 5388 2838 5440 δι’
2862 5381 2936 5440 ὧν
2959 5402 3122 5456 φησιν
3141 5401 3155 5414 '
3190 5403 3208 5435 α
3251 5385 3345 5446 Ὃς
3373 5382 3430 5433 ἐν
3454 5381 3592 5446 νόμῳ
3606 5387 3718 5424 καθ’

2185 5483 2369 5552 χίσπι.
2403 5499 2423 5532 ι
2464 5482 2572 5533 Καὶ
2593 5480 2773 5546 δείξας
2795 5482 2877 5534 ὃτι
2899 5479 3030 5551 παρ’
3062 5473 3145 5541 οἷς
3187 5479 3285 5549 μὲν
3313 5478 3345 5547 ἡ
3401 5473 3554 5543 φύσις
3581 5461 3715 5571 “fef-

2181 5592 2332 5645 νησε,
2363 5577 2497 5648 παρ’
2521 5571 2602 5639 οἷς
2628 5577 2685 5629 δὲ
2714 5578 2809 5630 καὶ
2842 5579 2873 5647 ἡ
2910 5574 3072 5647 φύσις
3095 5574 3189 5628 καὶ
3218 5572 3248 5625 ὁ
3308 5570 3488 5641 νόμος,
3521 5561 3715 5620 ἀκολού-

2182 5670 2291 5734 Οως
2323 5669 2421 5743 τὴν
2454 5672 2516 5724 ἐκ
2544 5670 2633 5725 τοῦ
2663 5669 3003 5741 Εὐαγγελίου
3035 5668 3197 5743 χάριν
3225 5666 3456 5737 εἰσάγει,
3481 5658 3707 5726 καίνησι·
