3978 6566
497 391 609 454 379
1596 388 1998 453 (ECUMENII
2035 387 2327 449 TRICCAE
2367 384 2710 447 EPISCOPI
3662 388 3750 455 330

502 505 596 574 qui
622 499 731 557 illis
750 500 970 571 eloquia
994 501 1357 565 concredidit,
1391 500 1485 571 qui
1519 502 1919 571 promissiones
1939 515 2073 556 com-

2195 500 2478 572 συγκρίνει
2508 498 2619 551 τῶν
2648 494 3006 569 άκροϐύστων
3037 486 3131 549 καί
3191 492 3308 549 τῶν
3369 510 3747 570 περιτετμημς.

494 593 686 664 plevit,
720 592 869 646 nullo
901 602 1130 663 accepto
1161 593 1559 664 impedimento
1594 609 1694 664 per
1721 593 2065 648 incredulos:

2187 608 2317 656 νων,
2354 592 2450 646 καὶ
2512 592 2661 658 λέγει
2693 591 2882 652 αὐτοῖς
2920 588 3087 659 μηδὲν
3126 587 3354 659 ἐτέρους
3392 589 3591 660 ἑτέρων
3642 609 3744 658 προ-

497 686 590 741 hic
614 694 799 742 autem
839 685 986 756 ipsas
1014 685 1229 741 confert
1256 701 1354 756 per
1385 701 1444 741 se
1477 700 1741 755 personas
1783 685 2068 740 circumci-

2190 684 2359 755 έχειν.
2387 683 2458 736 Οἵ
2483 701 2541 736 τε
2567 682 2677 754 γὰρ
2711 678 3106 752 κατορθοῦντες
3133 679 3232 750 τὴν
3262 678 3473 751 ἀρετὴν
3503 681 3682 746 ὁποίας
3700 684 3751 739 ἂν

499 793 691 833 sorum
735 793 799 832 ac
829 777 1320 847 praeputiatorum:
1358 785 1415 833 et
1441 777 1578 849 dicit
1622 776 1756 846 ipsis
1783 775 1921 830 nihil
1945 776 2070 831 αἰπὺ

2190 778 2299 849 εἴη’*
2325 778 2653 846 συντάξεως,
2679 775 2883 847 ὁμοίως
2915 776 3015 845 τῆς
3074 774 3406 847 εὐεργεσίας
3468 776 3751 831 ἀπολαύου-

498 887 594 927 ros
639 871 832 925 alteris
862 870 1199 940 prazcellere.
1247 869 1532 940 Siquidem
1565 872 1659 940 qui
1691 870 1952 925 virtutem
1987 884 2069 924 eo-

2194 888 2298 925 σιν.
2335 871 2406 924 Οἵ
2435 887 2496 924 τε
2536 870 2705 924 πάλιν
2741 868 3195 940 παραϐαίνοντες,
3229 868 3336 922 κάν
3358 883 3421 919 τε
3459 866 3567 920 τῶν
3620 869 3754 941 ἀκρο-

495 963 618 1017 lunt
660 962 1039 1033 cujuscunque
1074 964 1188 1019 sint
1232 963 1467 1029 ordinis,
1500 962 1771 1019 beneﬁcio
1824 962 2066 1018 similiter

2193 961 2407 1016 ϐύστων
2439 961 2571 1028 εἶεν,
2602 962 2705 1015 κάν
2729 978 2789 1014 τε
2817 960 2926 1013 τῶν
2983 959 3403 1031 ὲμπεριτὸμων,
3432 958 3533 1031 τὴν
3586 962 3752 1032 ὁμοίαν

495 1055 792 1110 fruuntur:
840 1071 1176 1127 rursumque
1226 1066 1691 1128 transgressores,
1720 1057 1837 1112 sive
1875 1072 1943 1112 ex
1973 1056 2066 1111 cir-

1594 1073 1691 1121 'es,
1720 1057 1837 1112 sive
1875 1072 1943 1112 ex
1973 1056 2086 1111 cir-
2192 1055 2465 1128 τιμωρίαν
2494 1056 2711 1119 ἑαυτοῖς
2743 1054 3165 1109 ὲπισπάσονται.

494 1148 752 1204 cumcisis
802 1149 933 1213 sint,
985 1149 1104 1204 sive
1160 1149 1529 1220 pra'putiatis,
1573 1148 1923 1204 consimilem
1970 1146 2080 1203 sibi

496 1241 630 1311 ipsis
656 1256 874 1310 poenam
907 1241 1314 1297 conciliabant.

563 1331 729 1402 239
755 1332 874 1387 Non
903 1333 1085 1403 itaque
1118 1335 1381 1403 pugnant,
1406 1331 1556 1387 Nihil
1587 1332 1976 1404 praecellimus;
2007 1338 2085 1397 et,

2267 1334 2432 1388 ’Ὥστε
2467 1333 2529 1387 οὐ
2564 1332 2798 1405 μάχεται
2832 1330 2915 1398 τὸ,
2961 1331 3115 1385 οὐδὲν
3151 1329 3530 1403 προεχόμεθα,
3575 1331 3662 1385 καὶ
3686 1333 3751 1395 τὺ,

493 1424 665 1480 Multa
690 1435 776 1481 est
804 1426 1130 1481 excellentia
1150 1427 1348 1491 Judzei,
1370 1442 1435 1482 ac
1463 1426 1905 1483 circumcisionis
1930 1426 2064 1481 utilia

2197 1425 2333 1481 πολὺ
2364 1423 2425 1478 τδ
2468 1423 2731 1495 περισσὸν
2755 1421 2848 1476 τοῦ
2894 1419 3154 1474 Ἰουδαίου
3184 1421 3279 1473 καὶ
3307 1423 3342 1491 ἡ
3389 1418 3627 1490 ὠφέλεια
3673 1421 3756 1488 τῆς

498 1529 580 1573 tas
611 1535 625 1571 :
657 1518 815 1589 juxta
848 1519 1016 1573 alium
1043 1519 1189 1573 enim
1216 1519 1441 1574 modum
1470 1519 1547 1574 ibi
1569 1519 1777 1574 dictum
1800 1528 1906 1582 est,
1934 1519 2069 1590 juxt:

2198 1517 2525 1588 περιτομῆς.
2551 1516 2689 1570 Κατ’
2715 1514 2873 1570 ἄλλον
2902 1513 3014 1585 γάρ
3038 1515 3242 1585 τρόπον
3268 1514 3392 1566 ἐκεῖ
3420 1511 3649 1584 εἴρηται,
3677 1514 3756 1566 καὶ

494 1608 662 1662 alium
688 1607 776 1662 hic
792 1610 1131 1678 comparatio
1150 1609 1346 1664 tradita
1364 1620 1465 1666 est.
1480 1610 1617 1665 Cum
1629 1625 1761 1681 ergo
1776 1609 1829 1664 in
1847 1611 2065 1680 superis

2199 1611 2320 1665 κατ’
2350 1610 2507 1665 ἄλλον
2541 1608 2692 1680 νῦνὴ
2726 1610 3018 1681 σύγκρισις
3041 1605 3598 1678 παρείληπται.Ἀνω
3615 1604 3756 1658 είπὼι

495 1698 909 1766 ribusdixissct,
931 1701 1464 1765 Excellentialudasi,
1484 1702 2066 1758 acdoeuissetJudaauu

2199 1701 2260 1755 τδ
2295 1702 2554 1771 περισσὸν
2587 1697 2680 1752 τοῦ
2716 1698 2999 1761 Ἰουδαίου,
3033 1698 3127 1751 καὶ
3158 1696 3384 1763 διδάξας
3422 1695 3567 1769 ἔχειν
3608 1714 3655 1749 τι
3683 1715 3758 1750 πε-

495 1791 704 1846 habere
750 1792 1130 1848 excellentiam
1154 1834 1168 1857 ,
1206 1793 1279 1847 ob
1309 1793 1682 1848 concreditam
1717 1794 1914 1864 legem,
1949 1811 2066 1850 nun.

2205 1793 2388 1867 ρισσδν
2413 1793 2504 1846 τὸν
2524 1791 2780 1845 Ἰουδαῖον
2811 1791 2898 1844 διὰ
2928 1790 2990 1844 τδ
3017 1789 3434 1861 ἐγχειρισθῆναι
3481 1788 3571 1842 τὸν
3595 1788 3754 1860 νόμον,

496 1881 741 1937 ostendit
773 1885 922 1953 ipsos
953 1885 1160 1938 nullam
1197 1885 1397 1939 habere
1422 1886 1825 1948 excellentiam,
1848 1888 1994 1957 quod
2024 1889 2061 1943 il

2200 1866 2299 1939 νῦν
2329 1883 2571 1938 δείκνυσι
2628 1884 2794 1953 μηδὲν
2851 1882 2997 1955 ἔχειν
3029 1882 3316 1954 περισσὸν,
3372 1881 3451 1945 ὡς
3493 1881 3564 1953 μὴ
3613 1883 3755 1950 φυλάς

497 1974 607 2028 lam
628 1990 737 2028 non
753 1977 1125 2031 servaverint:
1142 1978 1276 2048 quin
1297 1978 1483 2048 potius
1499 1986 1651 2033 tanto
1666 1977 1958 2036 inferiores
1973 1997 2068 2037 ess

2203 1977 2377 2045 ξαντα
2401 1976 2584 2031 αὐτόν.
2615 1976 2703 2046 Μὴ
2733 1977 2816 2030 ὅτι
2849 1976 2946 2031 καὶ
2972 1975 3217 2042 ἔλαττον,
3244 1976 3375 2029 ὅσον
3406 1974 3469 2027 τὸ
3505 1976 3561 2027 ὲν
3585 1973 3754 2041 γνώσει

497 2075 708 2137 quanto
738 2069 897 2139 pejus
926 2078 1012 2124 est
1055 2085 1122 2124 ex
1151 2070 1381 2125 scientia
1416 2085 1670 2141 peccare.
1725 2071 1868 2138 Quid
1916 2089 2051 2144 ergo

2201 2072 2541 2143 ἁμαρτάνειν
2570 2072 2774 2142 χεῖρον.
2818 2068 2885 2123 Τί
2912 2068 3005 2123 οὖν
3027 2086 3044 2139 ;
3068 2067 3287 2140 ἔχομεν,
3323 2069 3512 2138 φησὶν,
3542 2070 3686 2139 ἡμεῖς
3714 2069 3753 2119 oi

500 2160 790 2225 habemus,
840 2162 1040 2232 inquit,
1080 2176 1182 2218 nos
1230 2163 1405 2219 Judzei
1454 2164 1662 2234 aliquid
1710 2165 2050 2221 excellentia:

2200 2166 2447 2219 Ἰουδαῖοι
2499 2163 2662 2217 πλέον
2701 2180 2790 2229 τις
2826 2162 3012 2229 Οὐδὲν,
3042 2162 3197 2232 φησί.
3240 2161 3309 2216 Τί
3358 2162 3423 2233 δή
3470 2177 3626 2228 ποτε;
3655 2160 3756 2213 Ὀτι

496 2250 672 2316 Nihil,
701 2251 901 2322 inquit.
939 2253 1052 2308 Cur
1074 2253 1127 2308 id
1162 2254 1421 2309 tandem?
1454 2254 1591 2322 Quia
1617 2271 1811 2311 omnes
1843 2257 1947 2311 sub
1968 2274 2067 2328 pec

2202 2259 2405 2322 πάντες
2432 2257 2538 2311 ὑπὸ
2563 2254 2843 2330 ἁμαρτίαν
2867 2256 3056 2326 ἐσμὲν,
3087 2256 3344 2311 Ἰουδαῖοί
3376 2272 3438 2308 τε
3471 2254 3563 2309 καὶ
3590 2253 3755 2325 Ἐλλη-

501 2350 627 2398 cato
674 2359 898 2399 eramus
945 2353 1054 2399 tam
1078 2344 1251 2401 Judmi
1288 2362 1453 2417 quam
1482 2347 1680 2403 Graeci.
1721 2365 1740 2400 ι
1773 2348 1842 2403 Et
1875 2348 2072 2405 Iudaeo:

2201 2370 2311 2417 νες.
2356 2372 2374 2405 ι
2405 2351 2696 2415 Ἰουδαίους
2723 2367 2783 2405 τε
2808 2349 3197 2421 καὶἝλληνας,
3225 2352 3453 2414 πάντως
3479 2347 3568 2418 ὑφ’
3603 2348 3757 2419 ἁμαρ-

500 2445 560 2492 et
609 2435 833 2493 Grzrcos
883 2440 1111 2493 omnino
1149 2440 1254 2495 sub
1302 2448 1531 2511 peccato
1577 2456 1719 2497 esse.
1762 2460 1781 2494 ι
1825 2442 1975 2498 Nihil
2006 2456 2071 2499 ert

2199 2445 2320 2499 τίαν
2354 2440 2515 2500 εἶναι.
2559 2462 2578 2497 ι
2613 2442 2781 2499 Οὐδὲν
2811 2438 2926 2509 οὖν,
2957 2442 3213 2514 φησὶ,τῷ
3241 2441 3490 2513 Ἰουδαίῳ
3533 2439 3677 2494 πλέον
3702 2441 3754 2493 ὲκ

500 2544 569 2598 go
611 2528 800 2583 ludam
848 2537 935 2584 est
979 2529 1341 2594 excellentia,
1393 2531 1593 2602 inquit,
1624 2548 1690 2588 ex
1740 2533 1881 2603 lege,
1925 2549 2071 2605 quan

2198 2536 2294 2591 τοῦ
2325 2537 2493 2608 νόμου
2519 2550 2535 2568 ·
2568 2536 2671 2590 οὐκ
2696 2535 2932 2604 ἐφύλαξε
2970 2535 3113 2606 γάρ·
3143 2533 3265 2589 οὐδὲ
3316 2533 3397 2604 τῷ
3421 2531 3750 2603 ἁκροϐύστῳο

503 2636 612 2675 non
649 2623 932 2677 servavit:
966 2638 1145 2693 neque
1186 2625 1534 2695 praeputiato,
1582 2627 1786 2697 quippe
1819 2627 1913 2698 qui
1959 2643 2074 2699 pec'

2198 2629 2415 2701 ἥμαρτε
2444 2631 2573 2702 γάρ.
2624 2628 2816 2693 Οὐδεὶς
2841 2625 2934 2682 οὖν
2979 2627 3093 2699 ἔχει
3126 2626 3291 2681 πλέον
3339 2625 3436 2679 τοῦ
3466 2625 3633 2680 άλλου.
3665 2623 3752 2677 Καὶ

505 2713 675 2766 cavit.
692 2713 903 2768 'Nullus
944 2729 1075 2786 ergo
1106 2716 1384 2772 excelsum
1429 2717 1743 2788 quidquamf
1775 2718 1943 2776 habet
1979 2736 2076 2791 pra

2199 2722 2309 2791 γὰρ
2330 2721 2540 2784 πάντας
2564 2718 2934 2792 ᾐτιασάμεθα,
2959 2717 3238 2771 τουτέστιν
3261 2715 3594 2787 ήλέγξαμεν,
3618 2713 3751 2775 ὄντας

504 2805 702 2862 altero.
746 2806 1029 2878 Siquidem
1063 2807 1293 2865 redditis
1338 2810 1522 2866 causis
1565 2812 1910 2868 ostendimus
1935 2854 1950 2878 ,
1986 2814 2075 2870 h04

2201 2814 2291 2885 ὑφ’
2315 2813 2611 2885 ἁμαρτίαν.
2650 2806 2785 2865 Εἶτα
2838 2810 2927 2864 ἵνα
2979 2812 3053 2882 μὴ
3080 2808 3207 2882 δόξῃ
3235 2808 3481 2879 ἐπαχθὲς
3509 2803 3654 2869 εἷναι,
3678 2806 3749 2858 τὸν

504 2903 590 2950 est
609 2896 971 2964 convicimus,
989 2914 1183 2955 omnes
1200 2914 1320 2955 esse
1338 2912 1563 2971 peccato
1583 2904 1872 2961 obnoxios.
1885 2906 2075 2964 Deindt

2199 2904 2362 2959 Δαϐὶδ
2385 2905 2481 2959 καὶ
2515 2903 2747 2959 Ἡσαΐαν
2770 2902 2927 2974 φέρει
2955 2902 3263 2975 μάρτυρας.
3301 2920 3320 2954 ι
3353 2900 3529 2970 Ἀμα.
3564 2917 3582 2950 ι
3612 2896 3749 2965 Τῷὲν

444 2982 452 2989 ’
508 3006 578 3045 ne
608 2990 660 3044 id
692 3007 894 3046 novum
925 3008 1045 3049 esse
1078 2994 1353 3061 videatur,
1391 2995 1559 3051 David
1594 3011 1660 3053 ac
1701 2998 1896 3055 Isaiam
1925 3010 2015 3057 tesi

2200 2996 2539 3071 ἀκροϐυστίᾳ
2590 2996 2856 3070 δηλονότι.
2923 3015 2943 3049 ι
2981 2996 3421 3068 Ἦχρειώθησαν.
3477 3010 3497 3047 ι
3532 2993 3668 3062 "Aps
3690 2987 3750 3059 τῷ

507 3083 752 3139 adducit.
806 3103 827 3136 ι
860 3084 1054 3142 Simul.
1096 3105 1115 3140 ι
1176 3086 1315 3143 Cum
1364 3102 1432 3144 eo
1478 3090 1736 3147 videlicet
1781 3092 1876 3162 qui
1906 3102 1993 3148 est
2037 3094 2078 3149 ir

2200 3090 2446 3145 ἐκκλῖναι
2468 3089 2577 3144 ἀπὸ
2607 3089 2767 3156 Θεοῦ,
2794 3090 3002 3160 ἀχρεῖοι
3028 3089 3124 3141 καὶ
3164 3085 3572 3160 ἀπερριμμένοι
3617 3081 3750 3151 γιγέ·

507 3162 803 3245 praeputio.
842 3195 862 3229 ι
897 3177 1126 3235 Inutiles
1151 3178 1280 3235 facti
1306 3189 1455 3237 sunt.
1488 3199 1508 3234 ι
1548 3181 1806 3238 Protinus
1831 3191 1893 3237 ut
1921 3199 1954 3239 α
1983 3184 2078 3240 Det

2203 3197 2413 3251 νηνται.
2448 3199 2467 3232 ι
2498 3179 2703 3251 Τάφος,
2740 3198 2760 3230 ι
2792 3178 2890 3233 καὶ
2917 3177 2987 3232 τὰ
3009 3177 3160 3248 ἑξῆς.
3190 3178 3384 3231 Ταῦτα
3410 3177 3523 3238 τοῖς
3551 3171 3752 3280 καταλα-

508 3266 947 3334 declinaverunt,
966 3268 1263 3327 inutileset
1286 3271 1486 3344 abjecti
1511 3270 1641 3328 facti
1666 3281 1817 3328 sunt.
1844 3292 1864 3326 ι
1896 3273 2079 3345 δερυιι

2209 3271 2362 3327 λοῦσι
2396 3271 2618 3344 πρέπει.
2660 3289 2680 3323 ι
2712 3270 3041 3342 Σύντριμμα
3073 3270 3168 3324 καὶ
3185 3266 3537 3340 ταλαιπωρία
3577 3266 3630 3319 ἐν
3653 3262 3750 3323 ταῖς

509 3375 686 3423 crum,
718 3378 737 3412 ι
762 3370 870 3416 etc.
893 3360 1504 3432 ﬂmejobtreetatoribus
1522 3363 1880 3421 conveniunt.
1920 3383 1939 3418 ι
1964 3365 2080 3422 Con

2209 3364 2349 3430 ὁδοῖς
2379 3363 2585 3420 αὐτῶν.
2618 3382 2639 3417 ι
2681 3363 2874 3427 Ὀδοὺς
2899 3362 3000 3435 τὴν
3050 3362 3332 3416 πολιτείαν
3377 3360 3512 3431 φησὶ
3548 3356 3634 3411 καὶ
3675 3352 3752 3422 τὴν

513 3452 664 3509 tritio
684 3462 742 3508 et
759 3453 981 3509 miseria
1002 3456 1059 3510 in
1081 3456 1186 3511 viis
1209 3471 1424 3512 eorum.
1464 3475 1484 3510 ι
1509 3456 1646 3513 Nam
1668 3457 1790 3512 vias
1816 3470 2083 3513 conversa

2210 3455 2361 3530 ζωήν
2380 3472 2394 3487 ο
2415 3446 2733 3528 σῦντριμμα
2753 3454 2811 3510 δὲ
2829 3455 2927 3509 καὶ
2948 3453 3354 3526 ταλαιπωρίαν,
3376 3451 3476 3515 τὰς
3495 3446 3751 3520 ἁμαρτιας-

509 3545 718 3600 tionem
734 3545 867 3601 dicit
880 3556 937 3603 et
951 3548 1117 3603 vitam
1135 3567 1148 3603 :
1163 3550 1550 3607 contritionem
1565 3560 1748 3606 autem
1761 3558 1816 3605 et
1829 3550 2080 3607 miserian

2210 3546 2379 3601 Οὐδὲν
2404 3546 2514 3619 γὰρ
2548 3545 2720 3609 οὕτως
2750 3544 3025 3617 ἐπιτρίϐει
3049 3545 3145 3598 καὶ
3173 3542 3423 3614 ἐξίτηλον
3457 3542 3593 3596 ποιεῖ
3611 3535 3755 3607 ψυχὴν

512 3644 761 3704 peccata.
781 3637 929 3693 Nihil
945 3640 1094 3695 enim
1119 3641 1258 3696 adeo
1278 3650 1517 3697 mentem
1537 3658 1850 3713 corpusque
1870 3645 2082 3700 conteri

2209 3640 2306 3692 καὶ
2336 3637 2516 3708 σῶμα,
2564 3637 2641 3702 ὡς
2678 3637 2940 3709 ἁμαρτία.
2981 3656 3002 3689 ι
3046 3635 3199 3690 Ὀδδν
3236 3636 3465 3708 εἰρήνης
3491 3633 3584 3687 οὐκ
3612 3629 3752 3699 ἐγνω-

511 3736 572 3781 et
603 3729 858 3784 exhaurit
893 3746 958 3786 ac
984 3743 1291 3802 peccatum.
1328 3753 1347 3786 ι
1388 3735 1543 3791 Viam
1568 3736 1718 3805 pacis
1757 3750 1868 3792 non
1903 3752 2078 3808 cogno

1758 3750 1868 3792 non
1903 3752 2110 3808 cogno-
2212 3749 2333 3788 σαν.
2371 3750 2390 3785 ι
2428 3732 2541 3805 Τὴν
2571 3732 2818 3806 χρηστὴν
2856 3731 3003 3799 λέγει
3028 3729 3329 3785 πολιτείαν.

514 3828 736 3875 verunt.
770 3836 790 3873 ι
838 3821 994 3879 Viam
1026 3823 1178 3893 pacis
1217 3825 1348 3880 dicit
1391 3826 1582 3881 utilem
1615 3826 1832 3882 vivendi
1856 3828 2103 3884 modum.

587 3911 678 3973 IIl,
718 3912 804 3980 l9,
834 3915 929 3971 20.
973 3916 1189 3973 Scimus
1238 3928 1412 3973 autem
1461 3919 1602 3990 quod
1648 3936 1969 3991 quwcunque
2015 3921 2101 3976 lca:

2284 3918 2543 3989 Οἴδαμεν
2570 3916 2639 3971 δὲ
2672 3917 2763 3972 ὅτι
2792 3916 2911 3972 ὅσα
2941 3918 2975 3972 ὀ
3012 3917 3202 3987 νόμος
3232 3915 3420 3985 λέγει,
3466 3911 3584 3980 τοῖς
3613 3904 3753 3973 ἐνῖῷ

516 4001 672 4067 dicit,
704 4005 787 4060 his
818 4009 909 4077 qui
933 4009 988 4062 in
1020 4009 1129 4080 lege
1161 4020 1284 4065 sunt
1309 4012 1545 4083 loquitur
1577 4029 1595 4067 :
1628 4022 1687 4066 ut
1723 4028 1878 4068 omne
1907 4030 1966 4068 os
2011 4014 2087 4068 ob-

2209 4014 2374 4082 νόμῳ
2395 4010 2600 4067 λαλεῖι
2625 4012 2726 4066 ἵνα
2757 4009 2880 4066 πᾶν
2898 4013 3096 4081 στόμα
3126 4008 3348 4081 φραγῇ,
3381 4008 3477 4064 καί
3498 4004 3751 4066 ὑπόδικος

518 4103 749 4163 turelur,
776 4108 825 4152 et
855 4100 1115 4155 obnoxius
1146 4104 1244 4171 ﬁat
1277 4112 1419 4158 totus
1443 4105 1672 4160 mundus
1713 4104 1841 4169 Deo,
1877 4123 1938 4160 eo
1959 4122 2089 4177 quoa

2209 4101 2453 4173 γένηται
2486 4100 2606 4168 πᾶς
2665 4103 2698 4156 ό
2722 4102 2957 4170 κόσμος
3008 4099 3090 4166 τῷ
3125 4098 3270 4166 Θεῷ.
3300 4102 3458 4156 Διότι
3504 4096 3569 4161 ἐξ
3596 4094 3752 4163 ἔργων

517 4203 586 4241 ca:
620 4192 863 4268 operibus
910 4194 1041 4266 legis
1088 4212 1193 4250 non
1230 4183 1625 4268 justiﬁcabitur
1678 4199 1852 4253 omnia
1899 4215 2022 4254 cara
2051 4200 2088 4254 it

2208 4197 2399 4264 νόμου
2429 4195 2501 4249 οὐ
2526 4193 2984 4263 δικαιωθήσεται
3011 4192 3183 4250 πᾶσα
3220 4193 3384 4263 σὰρξ
3407 4190 3646 4247 ἐνώπιον
3664 4185 3749 4238 (ιὺ-

518 4295 800 4353 conspectu
825 4267 964 4355 e'jus.
1376 4267 1379 4268 ν

768 4304 800 4339 ιι
825 4267 964 4355 ejus.
2208 4289 2339 4344 τοῦ.

597 4379 676 4433 Ne
705 4381 892 4436 dicant
917 4382 1093 4439 Judaei
1123 4400 1137 4437 :
1175 4383 1245 4439 Et
1290 4383 1425 4454 quid
1449 4383 1567 4439 haec
1592 4382 1661 4439 ad
1699 4384 1844 4440 nos?
1868 4383 2107 4444 Omnino

2280 4381 2398 4435 ’Ίνα
2425 4380 2500 4453 μὴ
2513 4379 2747 4450 λέγωσιν
2766 4379 3035 4444 Ἰουδαῖοι,
3059 4380 3242 4435 ΚαΥτί
3272 4380 3411 4452 πρὸς
3429 4379 3570 4452 ἡμᾶς
3581 4372 3748 4434 tua“;

518 4476 667 4532 enim
694 4476 763 4531 de
785 4474 948 4530 nobis
973 4474 1121 4530 dicta
1154 4489 1267 4529 non
1296 4483 1447 4531 sunt.
1494 4475 1717 4545 Utique,
1762 4475 1960 4546 inquit,
2008 4491 2089 4531 vos

2208 4474 2285 4528 Οὐ
2316 4474 2534 4537 πάντως
2552 4473 2662 4544 γὰρ
2696 4472 2827 4542 περὶ
2851 4471 3010 4543 ἡμῶν
3046 4472 3284 4542 εἴρηται.
3319 4473 3454 4535 Ναὶ,
3484 4462 3748 4539 quaint?"

520 4576 773 4640 tangunt.
805 4567 1011 4624 Omnes
1036 4583 1273 4638 namque
1296 4568 1401 4625 hoc
1429 4567 1635 4624 scimus
1657 4570 1801 4639 quod
1842 4586 2091 4640 quaecum

2175 4583 2188 4632 l
2212 4566 2379 4640 ὑμᾶς.
2415 4566 2624 4628 Πάντες
2653 4565 2763 4638 γάρ
2791 4563 2952 4619 τοῦτο
2984 4565 3166 4636 ῐσμεν,
3205 4565 3288 4619 ὅτι
3321 4566 3425 4619 ὅσα
3448 4564 3478 4616 ὁ
3506 4560 3651 4630 νόμος
3676 4552 3746 4607 λέ-

514 4675 627 4730 que
654 4658 790 4715 dicit
828 4659 918 4714 lex
954 4659 1133 4730 (vocat
1165 4673 1350 4716 autem
1394 4662 1590 4733 legem,
1614 4678 1779 4720 omne
1811 4662 1985 4722 Vetus
2016 4666 2085 4720 ln-

2211 4676 2298 4729 γει
2330 4657 2515 4733 (νόμον
2551 4658 2607 4712 δὲ
2633 4656 2780 4726 λέγει
2815 4659 2998 4711 πᾶσαν
3020 4658 3120 4729 τὴν
3168 4656 3462 4727 Παλαιὰν),
3487 4655 3592 4716 τοῖς
3615 4653 3664 4702 ἐν
3686 4642 3745 4713 τῷ

516 4749 914 4819 stramentum)
944 4750 1032 4805 his
1062 4750 1158 4821 qui
1208 4750 1265 4806 in
1306 4752 1427 4823 lege
1478 4763 1609 4809 sunt
1649 4753 1924 4826 loquitur.
1978 4756 2087 4825 Qua

2211 4750 2364 4821 νόμῳ
2392 4749 2563 4804 λαλεῖ.
2598 4749 2733 4803 Ποία
2765 4749 2876 4821 γὰρ
2908 4745 2998 4822 ἦν,
3032 4749 3221 4821 φησιν,
3253 4750 3467 4819 ἀνάγκη
3517 4744 3590 4815 τῷ
3612 4734 3742 4793 Δανῒδ

518 4851 642 4897 erat
666 4844 815 4898 enim
849 4843 1170 4909 necessitas,
1220 4846 1421 4916 inquit.
1450 4854 1509 4900 ut
1553 4846 1721 4903 David
1752 4857 1976 4906 exteros
2017 4866 2089 4905 ar-

2214 4842 2418 4914 ἐτέρων
2441 4844 2770 4914 κατηγορεῖν
2796 4843 2891 4895 καὶ
2924 4841 3049 4912 οὐχὶ
3070 4840 3180 4895 τῶν
3211 4841 3449 4907 οἰκείων,
3474 4837 3560 4891 καὶ
3587 4831 3744 4887 ἄλλους

520 4942 718 5006 gueret
735 4943 792 4989 et
811 4952 920 4991 non
949 4937 1122 4992 suos?
1150 4946 1246 4992 aut
1277 4947 1338 4991 ut
1366 4938 1553 5003 Isaias,
1580 4940 1673 5010 qui
1697 4941 1763 4995 ad
1788 4942 2091 4997 Judceorun

2215 4933 2481 5005 ἐλέγχειν,
2510 4934 2603 4987 τὸν
2651 4934 2734 4997 είς
2777 4932 3067 5005 διόρθωσιν
3108 4932 3383 4986 Ἰουδαίων
3423 4921 3745 5010 ἀποσταλέντα

519 5025 927 5079 correctionem
949 5027 1189 5081 emissus
1206 5036 1346 5103 erat,
1371 5029 1822 5100 alios,carperet?
1850 5051 1867 5083 ι
1899 5031 1996 5088 His
2015 5049 2087 5102 qu

2233 5026 2501 5093 Ἡσαΐανς
2532 5046 2549 5077 ι
2578 5027 2704 5090 Τοῖς
2738 5025 2893 5098 ἐντῷ
2922 5026 3071 5097 νόμῳ
3096 5024 3266 5079 λαλεῖ.
3303 5044 3322 5078 ι
3359 5026 3461 5078 Σὺν
3497 5016 3645 5084 πολλῇ
3674 5006 3743 5062 καὶ

521 5117 578 5170 in
636 5117 755 5187 lege
826 5126 956 5173 sunt
1004 5118 1273 5189 loquitur.
1331 5140 1350 5173 ι
1411 5122 1585 5178 Caute
1651 5123 1946 5179 admodum
2007 5125 2092 5180 hm

2213 5120 2373 5173 τοῦτο
2400 5119 2645 5175 τέθεικεν
2673 5118 2952 5191 ἀκριϐείᾳ.
2990 5119 3067 5173 Οὐ
3104 5119 3213 5188 γὰρ
3242 5114 3387 5183 εἷπε,
3423 5113 3553 5184 Περὶ
3582 5106 3671 5161 τῶν
3698 5103 3742 5191 ἐγ

522 5207 688 5279 240
720 5211 922 5278 posuit.
974 5188 1164 5281 Neque
1211 5213 1360 5268 enim
1397 5214 1578 5270 dixit:
1627 5216 1705 5272 De
1737 5217 1823 5271 his
1854 5217 1948 5288 qui
1982 5232 2085 5272 sun

2214 5213 2385 5282 νόμῳ,
2427 5211 2587 5275 ἀλλὰ,
2624 5231 2642 5262 ι
2682 5212 2808 5275 Τοῖς
2837 5188 3092 5283 ὲνννὸμῳ.
3131 5228 3149 5264 ι
3181 5210 3359 5264 Πολλὰ
3408 5207 3514 5278 γάρ
3543 5188 3742 5288 καὶπερὶ

524 5301 582 5355 in
613 5301 753 5371 lege,
786 5301 905 5366 sed,
942 5321 960 5353 ι
994 5302 1091 5359 llis
1119 5305 1215 5374 qui
1248 5314 1377 5361 sunt
1417 5306 1471 5361 in
1498 5308 1642 5379 lege.
1683 5329 1705 5362 ι
1741 5283 1909 5365 Multa
1934 5310 2095 5380 siqui.

2217 5303 2574 5357 Βαϐυλωνίων
2628 5302 2800 5372 λέγει,
2836 5303 3051 5374 Περσῶι
3095 5318 3156 5356 τε
3191 5304 3284 5356 καὶ
3345 5300 3537 5372 Μήδων
3567 5290 3647 5346 καὶ
3671 5283 3741 5337 Αί·

520 5392 650 5447 dem
679 5402 734 5447 et
765 5393 836 5449 de
866 5394 1180 5468 Babyloniis
1224 5398 1377 5464 dicit,
1418 5399 1712 5471 Persisque
1746 5410 1802 5457 et
1833 5402 2006 5457 Medis
2051 5418 2091 5457 al

2216 5397 2482 5465 γυπτίων,
2515 5397 2611 5449 καὶ
2644 5394 2849 5466 ἑτέρων
2897 5395 3171 5448 πλείστων
3224 5394 3415 5448 ἐθνῶν.
3450 5387 3580 5444 Ἀλλ’
3624 5381 3740 5449 ὅμως

523 5482 833 5555 Egyptiis,
886 5487 1120 5558 aliisque
1172 5488 1430 5559 plurimis
1466 5494 1810 5548 nationibus.
1863 5494 2094 5550 Atlamer

2230 5488 2516 5551 Ἰουδαίους
2548 5488 2642 5542 καὶ
2694 5489 2796 5551 τὰς
2865 5489 2995 5560 περὶ
3022 5486 3233 5540 τούτων
3264 5485 3582 5558 προρρήσεις
3616 5479 3740 5540 πΡ⁰⁶“

522 5578 689 5633 etiam
719 5594 842 5648 qua;
880 5582 948 5636 de
977 5580 1064 5636 his
1098 5591 1259 5638 erant
1290 5584 1571 5649 vaticinia,
1619 5584 1826 5640 Iudaeis
1853 5584 2089 5640 aﬂ‘ercha

2219 5580 2415 5652 έφερεν
2457 5582 2570 5643 τοῖς
2593 5582 2651 5632 ἐν
2682 5579 2760 5650 τῷ
2785 5578 2957 5649 νόμῳ,
3002 5579 3251 5633 τουτέστι
3278 5583 3394 5643 τοῖς
3445 5573 3541 5629 ὑπὸ
3586 5564 3735 5631 νόμον·

523 5670 618 5737 qui
646 5669 700 5723 in
736 5669 855 5742 lege
882 5682 1062 5738 erant,
1101 5673 1207 5728 hoc
1237 5685 1324 5730 est
1355 5676 1459 5731 sub
1502 5676 1641 5746 lege.
1682 5694 1702 5727 ι
1742 5675 1813 5732 Ut
1855 5691 2020 5730 omne
2053 5690 2094 5729 οε

2226 5692 2245 5725 ι
2273 5673 2391 5727 Ἵνα
2431 5673 2538 5725 πᾶν
2573 5671 2748 5742 στόμα
2770 5673 2979 5741 φραγῇ.
3030 5690 3048 5723 ι
3084 5673 3339 5725 Δείκνυσι
3381 5654 3737 5741 μεγαλορῤἠμ⁰⁶

528 5760 844 5817 obturetur.
901 5782 918 5817 ι
972 5762 1229 5821 Ostendit
1266 5767 1556 5836 magniﬁce
1604 5768 1896 5838 loquentes
1948 5767 2015 5821 de
2057 5783 2099 5824 St

2221 5783 2319 5829 νας
2348 5766 2475 5829 τοὺς
2499 5763 2810 5827 Ἰουδαίους.
2839 5764 2939 5818 Διὰ
2967 5762 3128 5819 τοῦτο
3180 5762 3468 5834 τοιγαροῦν
3499 5752 3736 5838 ἠλέγχοντο

526 5848 766 5908 ιυιίεεοε.
802 5853 884 5911 Ob
908 5855 1012 5912 hoc
1038 5871 1172 5926 ergo
1192 5858 1573 5928 arguebantur
1607 5876 1636 5915 a
1676 5836 1980 5932 prophetis,
2006 5875 2097 5930 qut

2222 5855 2329 5910 ὑπὸ
2358 5855 2469 5910 τῶν
2504 5852 2822 5926 προφητῶν,
2874 5853 2963 5908 ἵνα
2988 5852 3100 5909 τῶν
3133 5845 3612 5927 μεγαλορρημὸνων
3629 5836 3735 5889 ἀπ’
