3978 6534
177 350 288 417 381

1265 359 1656 420 COMMENT-
1690 359 1772 421 IN
1813 361 2059 424 EPIST.
2099 363 2200 422 AD
2245 361 2433 422 ROM.

3367 360 3478 428 382

182 471 385 542 φραγῇ
422 468 492 524 τά
546 468 811 542 στόματα.
864 488 883 522 ι
936 468 1046 524 Καὶ
1073 469 1326 534 ὑπόδικος
1356 470 1583 542 γένηται
1617 475 1725 538 πᾶς
1750 476 1775 527 ό

1883 476 2122 532 inaniter
2167 494 2288 534 sese
2351 474 2678 548 jactantium
2726 473 3127 532 obturarentur
3179 489 3298 532 ora.
3352 495 3370 528 ι
3406 477 3477 532 Et

180 559 400 629 κόσμος
421 559 501 631 τῷ
520 560 662 632 Θεῷ.
696 579 714 612 ι
749 560 1004 614 Τοιοῦτόν
1031 577 1083 614 τι
1114 561 1410 614 αἰνίττεται
1429 577 1442 590 °
1468 562 1568 615 Διά
1599 563 1779 630 τοῦτο,

179 652 386 722 φησὶν,
411 653 462 706 οί
496 653 776 723 προφῆται
797 652 1111 723 διήλεγξαν,
1137 653 1228 706 καὶ
1255 652 1463 718 ἔδειξαν
1486 654 1613 718 τοὺς
1646 657 1782 708 Ίου-

175 745 382 808 δαίους
409 744 536 813 είκῆ
570 744 1211 816 μεγαλορρημονοῦντας,
1237 744 1438 814 μᾶλλον
1468 747 1526 801 δέ
1553 748 1673 800 ὅλον
1691 748 1782 801 τὸν

176 837 402 908 κόσμον
422 837 724 892 ὑπεύθυνον
756 838 1069 908 ἁμαρτίαις,
1100 839 1187 894 ἵνα
1207 839 1679 911 προοδοποιήσωσι
1712 841 1778 910 τῇ

176 932 399 994 πίστει,
436 931 528 984 καὶ
555 931 922 998 γινώσκοντες
959 933 1008 984 οἰ
1048 931 1328 1004 ἄνθρωποι
1386 934 1470 986 ὅτι
1517 932 1642 986 οὔτε
1671 934 1783 987 ἀπὸ

175 1023 365 1092 νόμου
388 1023 483 1076 καὶ
513 1024 849 1093 περιτομῆς,
888 1022 1013 1077 οὔτε
1036 1023 1144 1076 ἀπὸ
1168 1024 1534 1094 ἀκροϐυστίας
1558 1024 1638 1078 ενι
1673 1043 1781 1078 σω-

179 1115 383 1186 θῆναι,
413 1115 657 1187 εὐχερῶς
703 1115 782 1186 τῷ
811 1115 1034 1186 Χριστῷ
1079 1115 1441 1186 προσέλθωσι,
1489 1116 1568 1188 τῷ
1597 1118 1782 1187 χάριτι

177 1213 424 1276 σιῦζοντι
447 1213 681 1280 τὸγένος
711 1213 819 1264 τῶν
841 1213 1169 1283 ἀνθρώπων.
1201 1213 1309 1266 Καὶ
1339 1213 1618 1281 ὑπόδικος,
1647 1214 1783 1266 ὑπό-

175 1323 356 1376 χρεος
385 1308 466 1370 είς
481 1305 542 1358 τὸ
571 1305 860 1359 πιστεῦσαι
887 1306 1110 1377 Χριστῷ
1139 1306 1218 1378 τῷ
1251 1306 1392 1377 Θεῷ,
1421 1308 1482 1360 Εἰ
1509 1308 1617 1379 γάρ
1669 1311 1783 1372 τοῖς

185 1399 294 1452 ὑπὸ
320 1401 491 1470 νόμον
521 1401 736 1471 εἴρηται
761 1400 851 1453 ὑπ’
882 1400 1062 1454 αὐτῶν
1086 1400 1194 1453 τῶν
1227 1400 1545 1472 προφητῶν,
1567 1401 1651 1455 ὃτι
1681 1402 1783 1455 οὐκ

185 1491 604 1560 ὀρθοποδοῦσιν,
637 1491 771 1546 ἀλλὰ
802 1492 992 1563 πόρρω
1009 1492 1108 1561 τῆς
1141 1491 1310 1563 όρθῆς
1348 1491 1624 1562 βαδίζουσι
1680 1511 1782 1546 ποι

187 1585 423 1650 λιτείας,
466 1586 534 1638 τά
565 1585 622 1638 δὲ
665 1583 792 1654 ἔθνη
831 1583 1010 1654 πολλῷ
1045 1584 1247 1654 μᾶλλον
1303 1585 1538 1656 ὑπάρχει
1593 1585 1650 1638 ἐν
1679 1585 1783 1638 άπ-

184 1676 361 1746 ωλείᾳ
389 1677 483 1730 καὶ
504 1676 700 1748 πλάνῃ,
721 1675 962 1745 δηλονότι
987 1676 1093 1740 πᾶς
1109 1676 1138 1728 ὁ
1155 1675 1358 1745 κόσμος
1383 1675 1644 1746 ὑπόχρεός
1666 1676 1781 1730 ἐστι

186 1769 487 1824 πιστεῦσαι
532 1768 756 1841 Χριστῷ
790 1769 868 1840 τῷ
913 1768 1032 1840 Θεῷ
1066 1768 1144 1840 τῷ
1181 1769 1326 1839 μόνῳ
1365 1768 1651 1839 δυναμένῳ
1683 1768 1780 1840 ῥύ-

1885 567 2158 623 obnoxius
2223 567 2318 622 ﬁat
2364 577 2512 623 totus
2538 567 2778 622 mundus
2806 567 2938 622 Deo.
2977 587 2996 620 ι
3028 566 3161 622 Tale
3191 567 3478 638 quidpiam

1885 661 2203 716 subindicat
2239 661 2576 730 :PrOpterea
2625 659 2912 731 prophetae
2937 700 2952 723 ,
3007 659 3216 729 inquit,
3257 658 3480 715 Judzros

1886 752 2311 822 redarguerunt,
2350 751 2582 822 illosque
2640 751 3005 806 ostenderunt
3059 751 3302 806 inaniter
3355 767 3479 807 sese

1881 845 2107 915 jactare,
2145 845 2255 900 imo
2307 853 2481 899 totum
2509 844 2775 898 mundum
2830 860 2983 899 reum
3031 860 3153 900 esse
3206 854 3476 914 peccato:

1885 952 1995 1007 quo
2034 937 2158 992 ﬁdei
2187 936 2328 991 viam
2354 945 2768 1006 prmstruerent,
2793 946 2849 990 et
2884 946 3284 1007 cognoscentes
3307 939 3480 992 homi-

1885 1047 1985 1085 nes
2007 1030 2154 1100 quod
2180 1046 2358 1100 neque
2384 1029 2824 1084 circumcisionis
2847 1031 2988 1100 lege,
3012 1046 3192 1100 neque
3214 1046 3241 1084 a
3261 1045 3480 1100 praepu-
3533 1075 3545 1082 .

1889 1123 1966 1177 tio
1998 1122 2195 1176 salvari
2223 1122 2472 1186 daretur,
2508 1122 2574 1176 ad
2604 1121 2883 1176 Christum
2926 1111 3086 1176 facile
3123 1122 3476 1187 accederent,

1889 1216 1980 1284 qui
2013 1229 2111 1284 per
2149 1214 2381 1284 gratiam
2424 1213 2554 1269 facit
2597 1214 2807 1270 salvum
2839 1229 3013 1284 genus
3065 1215 3385 1268 humanum.
3413 1213 3481 1267 Et

1884 1307 2176 1369 obnoxius,
2235 1306 2290 1360 id
2343 1306 2699 1375 est_debitor
2749 1306 2819 1361 ad
2871 1306 3212 1362 credendum
3257 1306 3480 1362 Christo

1885 1397 2019 1452 Deo.
2054 1398 2110 1452 Si
2151 1398 2300 1452 enim
2329 1397 2416 1452 his
2458 1398 2554 1468 qui
2595 1397 2698 1453 sub
2746 1398 2864 1468 lege
2912 1406 3094 1460 erant,
3122 1413 3150 1452 a
3194 1399 3480 1468 prophetis

1885 1492 2093 1546 dictum
2120 1493 2276 1557 est”,
2305 1491 2452 1561 quod
2489 1505 2596 1545 non
2645 1501 2797 1546 recto
2828 1491 2968 1560 pede
3011 1491 3349 1556 incederent,
3381 1491 3479 1545 sed

1882 1583 2044 1654 longe
2091 1599 2122 1638 a
2169 1591 2318 1638 recta
2350 1584 2773 1639 conversatione
2825 1585 3236 1654 graderentur:
3285 1591 3479 1654 gentes

1882 1686 2068 1732 autem
2113 1679 2286 1733 multo
2317 1679 2491 1748 magis
2535 1678 2591 1733 in
2627 1677 2939 1748 perditione
2974 1685 3105 1732 sunt
3137 1692 3201 1731 ac
3234 1693 3426 1732 errore
3460 1693 3474 1730 :

1884 1771 2068 1826 omnis
2095 1771 2258 1841 plane
2286 1772 2528 1827 mundus
2555 1772 2827 1827 obnoxius
2860 1781 2966 1838 est,
3003 1779 3063 1826 ut
3098 1771 3154 1825 in
3194 1769 3476 1825 Christum

187 1861 389 1916 σασθαι
426 1863 522 1916 καὶ
553 1861 846 1926 Ἰουδαίους
877 1861 975 1916 καὶ
1019 1861 1288 1933 ’Έλληνας
1338 1861 1433 1914 καὶ
1469 1860 1649 1914 πάντα
1687 1862 1775 1914 τὸν

1885 1865 2057 1919 Deum
2092 1863 2298 1930 credat,
2333 1863 2428 1933 qui
2459 1863 2608 1919 solus
2648 1871 2704 1918 et
2747 1862 2968 1919 Iudaeos
3001 1872 3058 1918 et
3085 1861 3307 1918 Graecos
3333 1861 3477 1915 libe-

182 1957 397 2026 κόσμον
424 1955 515 2009 διὰ
538 1955 640 2025 τῆς
661 1955 867 2020 οἰκείας
888 1955 1108 2026 χάριτος
1138 1957 1202 2008 ἐκ
1227 1955 1334 2008 τῶν
1363 1955 1781 2026 ἁμαρτημάτων

185 2047 376 2099 αι’δτῶν
411 2045 502 2098 καὶ
535 2047 630 2116 τῆς
663 2048 882 2117 μακρᾶς
912 2047 1120 2118 πλάνης
1153 2047 1248 2100 καὶ
1273 2046 1548 2110 ἀπωλείας
1576 2046 1778 2101 αὐτῶν.

181 2134 325 2192 Εἶτα
359 2137 519 2191 πάλιν
540 2137 730 2208 ὥσπερ
766 2137 1100 2192 άντιπίπτον
1129 2137 1270 2193 λύει.
1304 2139 1422 2192 Ἵνα
1463 2138 1571 2209 γὰρ
1599 2139 1673 2210 μή
1698 2156 1781 2202 τις

182 2232 320 2304 εἴπῃ
341 2271 356 2296 ,
391 2231 458 2283 Τί
487 2225 617 2298 οὗν;
648 2233 676 2285 ὁ
707 2233 872 2301 νόμος
902 2230 1054 2285 ούδέν
1101 2229 1420 2308 ὠφέλησεν;
1471 2231 1667 2298 ἐπάγει
1697 2229 1779 2292 τὸ,

187 2338 207 2371 ι
246 2319 514 2386 Διότι·ἐξ
558 2319 737 2391 ἔργων
797 2319 962 2389 νόμου
1023 2319 1084 2373 οὐ
1139 2319 1566 2390 δικαιωθήσεται
1619 2321 1774 2373 πᾶσα

179 2410 348 2480 σάρξ.
381 2428 400 2462 ι
444 2411 534 2474 Ὠς
595 2411 645 2463 εἰ
685 2409 894 2480 ἔλεγεν,
923 2412 1003 2464 ὅτι
1041 2429 1061 2463 ι
1105 2411 1321 2481 Ὠφέλει
1345 2411 1412 2465 ἂν
1451 2413 1584 2475 ῐσως
1624 2413 1652 2464 ό
1695 2410 1783 2464 νό-

178 2519 312 2570 μσς,
346 2505 394 2556 εἰ
426 2502 698 2573 ἐφύλαξαν
751 2505 799 2557 οἱ
841 2503 1238 2576 παρειληφότες
1269 2505 1339 2557 τά
1378 2504 1779 2576 προστάγματα

173 2596 376 2663 αὐτοῦ,
404 2597 596 2668 ἐπειδὴ
624 2598 682 2651 δὲ
714 2598 814 2652 οὒκ
840 2596 1132 2667 ἐφύλαξαν,
1165 2600 1229 2652 ἐκ
1269 2599 1650 2669 περιστάσεως
1682 2597 1779 2652 καὶ

174 2691 448 2763 ἔϐλαψεν,
489 2693 552 2746 οῦ
577 2696 645 2764 τῇ
673 2690 870 2747 ἐαυτοῦ
895 2690 1079 2762 φύσει,
1107 2691 1245 2745 ἁλλὰ
1278 2694 1346 2763 τῇ
1373 2691 1479 2745 τῶν
1505 2692 1580 2763 μὴ
1617 2691 1779 2764 φυλα-

174 2786 395 2850 ξάντων
427 2785 644 2858 γνώμῃ.
683 2804 702 2838 ι
740 2785 886 2840 Διότι
949 2783 1011 2850 ἐξ
1071 2783 1268 2857 ἔργων.
1317 2803 1336 2836 ι
1389 2778 1524 2837 Εῐτα
1569 2783 1656 2836 ἵνα
1703 2784 1777 2856 μὴ

174 2880 354 2933 πάλιν
376 2879 893 2948 άναξιοπαθήσωσιν
905 2878 1149 2933 Ἰουδαῖοι
1164 2894 1408 2946 συγκατα
1419 2877 1502 2948 ριθ
1512 2876 1614 2948 μού
1624 2893 1776 2947 μενοι

167 2973 350 3027 παν-τὶ
377 2971 460 3042 τῷ
485 2973 675 3043 κόσμῳ
699 2973 778 3034 είς
799 2970 860 3024 τὸ
890 2971 1138 3024 ὑπόδικοι
1168 2965 1331 3037 εἶναι,
1360 2969 1524 3023 πάλιν
1549 2969 1616 3023 τά
1656 2968 1776 3022 κατ’

1885 1972 2011 2012 rare
2053 1964 2256 2025 potest,
2292 1963 2580 2026 totumque
2627 1955 2896 2010 mundum
2941 1971 3039 2009 sua
3071 1955 3246 2025 gratia
3281 1970 3309 2008 a
3341 1967 3474 2023 pec-

1883 2048 2023 2103 catis
2043 2048 2316 2118 longoque
2345 2063 2536 2102 errore
2563 2063 2626 2103 ac
2655 2047 2967 2117 perditione
2996 2049 3236 2102 illorum.
3267 2045 3478 2101 Deinde

1883 2152 2105 2192 rursum
2153 2138 2311 2208 quasi
2352 2138 2720 2208 objectionem
2776 2138 2968 2194 solvit.
3022 2139 3100 2192 Ne
3153 2137 3279 2207 quis
3325 2137 3475 2192 enim

1883 2227 2073 2283 dicat:
2130 2227 2272 2294 Quid
2316 2228 2480 2298 ergo?
2525 2228 2663 2283 nihil
2711 2227 2921 2298 profuit
2971 2228 3097 2282 lex?
3147 2226 3475 2298 subjungit:

1890 2338 1910 2373 ι
1950 2321 2028 2375 Eo
2075 2319 2223 2390 quod
2273 2335 2340 2374 ex
2399 2319 2662 2390 operibus
2722 2319 2859 2390 legis
2911 2335 3020 2373 non
3081 2318 3478 2388 justilleabitur

1889 2430 1909 2464 ι
1950 2412 2133 2467 omnis
2161 2427 2313 2468 caro.
2352 2431 2372 2464 ι
2399 2411 2479 2467 Ac
2517 2411 2563 2467 si
2591 2411 2804 2468 diceret
2835 2430 2848 2466 :
2877 2411 3186 2466 Profuisset
3228 2408 3478 2464 fortassis

1881 2501 1988 2568 lex,
2022 2502 2068 2558 si
2096 2517 2214 2557 eam
2247 2510 2580 2568 servassent,
2607 2502 2700 2572 qui
2739 2503 2860 2574 ejus
2888 2510 3169 2573 praecepta
3217 2515 3478 2571 suscepe-

1882 2607 2050 2654 rant:
2095 2614 2288 2654 verum
2321 2613 2447 2653 cum
2489 2613 2596 2653 non
2645 2598 3006 2662 servaverint,
3043 2612 3111 2652 ex
3161 2594 3478 2651 assistentia

1880 2692 2048 2748 etiam
2079 2691 2292 2758 nocuit,
2338 2708 2445 2748 non
2500 2691 2588 2747 sui
2644 2699 2861 2757 natura,
2913 2690 3010 2746 sed
3054 2704 3253 2746 eorum
3289 2687 3476 2742 animo

1881 2785 1977 2855 qui
2006 2801 2114 2841 non
2137 2795 2549 2841 servaverunm
2574 2785 2653 2840 Eo
2669 2785 2814 2856 quod
2830 2800 2896 2840 ex
2921 2783 3203 2854 operibus.
3226 2802 3244 2834 ρ
3269 2779 3478 2837 Deinde

1880 2893 1950 2933 ne
1980 2893 2201 2933 rursum
2244 2878 2466 2950 indigne
2496 2877 2678 2934 [erant
2718 2878 2912 2944 Judaei,
2941 2878 3090 2948 quod
3123 2875 3224 2930 toti
3274 2875 3478 2929 mundo

1881 2979 2351 3025 connumerentur
2381 2970 2437 3025 in
2465 2985 2532 3026 eo
2558 2969 2707 3040 quod
2738 2969 2850 3024 sint
2879 2967 3104 3023 obnoxii
3137 2984 3150 3020 :
3190 2967 3391 3021 iterum
3411 2979 3478 3020 ea

165 3069 385 3133 αὐτοὺς
414 3068 685 3136 ἐξετάζει.
715 3086 733 3120 ι
763 3069 920 3122 Πᾶσα
951 3065 1105 3139 σάρξ.
1142 3085 1161 3119 ι
1188 3066 1322 3121 Οὐδὲ
1353 3066 1462 3138 γὰρ
1489 3066 1775 3138 ἐπλήρωσε

1883 3077 2004 3132 qua:
2033 3063 2300 3119 adversus
2327 3064 2452 3118 illos
2484 3072 2614 3118 sunt
2645 3061 2910 3132 exquirit.
2963 3079 2982 3113 ι
3024 3059 3217 3117 Omnis
3261 3073 3412 3114 caro.
3449 3075 3473 3110 ι

161 3162 240 3214 τὰ
277 3163 341 3216 ἐν
382 3159 460 3231 τῷ
488 3161 663 3230 νόμῳ.

238 3253 357 3306 Διὰ
397 3250 512 3321 γὰρ
558 3251 749 3320 νόμον
811 3250 1139 3321 ἐπίγνωσις
1181 3249 1492 3320 ἁμαρτίας.
1520 3247 1672 3304 Νυνὶ
1709 3248 1778 3302 δὲ

155 3349 368 3417 χωρίς
402 3350 596 3417 νόμου
616 3347 974 3416 δικαιοσύνη
999 3347 1147 3403 Θεοῦ
1170 3347 1604 3417 πεφανέρωται,
1630 3362 1779 3416 μαρ-

153 3441 527 3512 τυρουμένη
559 3441 678 3498 ὑπὸ
737 3441 842 3496 τοῦ
876 3442 1068 3511 νόμου
1116 3440 1216 3496 καί
1255 3440 1376 3495 τῶν
1425 3437 1774 3510 προφητῶν.

247 3627 372 3682 Καὶ
394 3627 448 3680 τί
493 3625 638 3694 λέγω
664 3625 746 3680 ὅτι
771 3624 928 3680 οὐδὲν
975 3624 1274 3694 ὠφελεῖσθε
1310 3625 1560 3680 Ἰουδαῖοι
1591 3625 1657 3679 ἐκ
1679 3623 1775 3680 τοῦ

153 3723 380 3791 νόμον,
421 3721 504 3782 είς
529 3719 591 3773 τὸ
645 3721 721 3790 μὴ
768 3718 1025 3788 γενέσθαι
1071 3717 1191 3790 ἅμα
1242 3718 1321 3791 τῷ
1364 3719 1528 3772 παντὶ
1583 3719 1777 3790 κόσμῳ

153 3815 438 3869 ὑπόδικοι
460 3830 476 3880 ;
502 3812 778 3881 Μενοῦνγε
837 3810 1108 3878 ἐξετάζων
1135 3830 1242 3877 τις,
1281 3812 1508 3883 εὑρήσει
1529 3811 1625 3864 καὶ
1649 3810 1777 3882 βλαο

154 3907 388 3966 εέντας
419 3904 566 3973 ὑμᾶς
595 3904 701 3958 ὑπὸ
721 3903 817 3958 τοῦ
855 3904 1045 3975 νόμου,
1070 3903 1130 3957 ού
1167 3904 1318 3976 παρὰ
1340 3904 1440 3975 τὴν
1478 3902 1645 3957 αὑτοῦ
1676 3903 1778 3971 φύ-

157 4016 286 4062 σιν,
313 3997 456 4050 ἁλλὰ
488 3997 636 4066 παρὰ
669 3998 768 4068 τὴν
791 3996 948 4066 ἡμῶν
975 3996 1192 4050 κακίαν.
1215 3996 1338 4059 Πῶς
1365 3996 1511 4060 ;”Οτι
1547 3995 1608 4048 τδ
1631 3994 1775 4063 γνῶ-

157 4109 268 4146 ναι
299 4093 410 4160 τὴν
461 4091 758 4160 ἁρματίαν,
801 4088 890 4143 διὰ
927 4088 1020 4142 τοῦ
1081 4089 1247 4159 νόμου
1297 4087 1484 4158 ἔχετε·
1517 4087 1578 4140 τὸ
1633 4088 1689 4140 δέ
1719 4089 1777 4140 ἐν

158 4181 396 4251 γνώσει
423 4180 788 4252 ἁμαρτάνειν,
825 4178 1206 4252 χαλεπώτερον
1253 4179 1348 4232 τοῦ
1380 4181 1437 4231 ἐν
1457 4179 1674 4250 ἀγνοίᾳ.
1707 4209 1776 4220 -

163 4280 393 4332 Ἄλλο.
427 4275 490 4347 [Γ
496 4273 900 4346 ΕΝΝΑΔΙΟΥ.]
959 4273 1024 4326 Εἰ
1089 4271 1268 4336 τοῦτο,
1318 4271 1505 4341 φησὶν,
1550 4272 1578 4324 ὁ
1612 4271 1776 4339 νόμος

159 4367 595 4436 ἐλυσιτέλησεν,
652 4364 951 4435 ἐγνώρισεν
985 4364 1117 4434 ἡμῖν
1153 4361 1249 4432 τὴν
1294 4361 1573 4431 ἁμαρτίαν
1611 4360 1671 4414 οὐ
1695 4360 1773 4430 τῷ

1878 3153 2070 3224 Neque
2092 3155 2239 3211 enim
2276 3155 2528 3226 implevit
2553 3171 2678 3225 quae
2706 3156 2764 3210 iu
2785 3156 2902 3226 lege
2935 3161 3086 3209 sunt.

1956 3245 2049 3308 lll.
2099 3246 2193 3312 20,
2247 3246 2338 3300 2|.
2405 3245 2553 3300 Nam
2598 3259 2689 3314 per
2750 3245 2913 3316 legem
2967 3245 3178 3314 cognito
3247 3243 3470 3311 peccati.

1881 3336 2042 3392 Nunc
2071 3346 2246 3393 autem
2299 3338 2412 3392 sine
2458 3338 2567 3408 lege
2613 3338 2833 3406 justitia
2880 3336 2978 3390 Dei
3029 3335 3314 3405 manufesta
3365 3344 3468 3400 est,

1885 3431 2015 3484 dum
2073 3434 2453 3501 comprobatur
2517 3431 2818 3485 testimonio
2883 3430 3011 3501 legis
3075 3446 3136 3483 ac
3189 3427 3476 3499 propheta—

1882 3539 2024 3579 rum.
2265 3582 2270 3586 ,
2817 3539 2832 3544 “

1950 3615 2109 3688 24],
2144 3615 2212 3671 Et
2256 3615 2389 3686 quid
2422 3615 2547 3671 dico
2582 3615 2732 3686 quod
2776 3631 2875 3671 vos
2907 3615 3082 3672 Judaei
3119 3615 3258 3670 nihil
3303 3612 3478 3681 adjuti

1879 3706 2001 3763 sitis
2024 3721 2091 3761 ex
2115 3707 2234 3777 lege
2263 3721 2373 3776 quo
2408 3705 2592 3760 minus
2622 3706 2820 3762 essetis
2849 3707 3015 3760 simul
3059 3721 3185 3760 cum
3216 3704 3476 3759 universo

1878 3801 2088 3854 mundo
2113 3799 2375 3854 obnoxii?
2396 3799 2656 3866 Quinimo
2683 3798 2726 3854 si
2754 3799 2879 3868 quis
2905 3796 3226 3868 diligentius
3263 3805 3478 3850 scrute-

1880 3901 1992 3959 tur,
2029 3893 2273 3947 inveniet
2307 3893 2475 3947 etiam
2513 3892 2909 3946 detrimentum
2940 3907 3040 3946 vos
3060 3907 3126 3945 ex
3160 3891 3279 3960 lege
3319 3905 3477 3944 acce-

1878 3985 2025 4054 pisse
2056 4002 2070 4037 :
2118 4001 2228 4038 non
2281 3994 2506 4053 propter
2533 3983 2653 4053 ejus
2681 3992 2956 4048 naturam,
3003 3985 3097 4037 sed
3131 3982 3201 4035 ob
3233 3990 3474 4036 vestram

1879 4075 2166 4131 malitiam.
2199 4074 2448 4141 Quonam
2475 4075 2678 4144 pacto?
2708 4074 2842 4128 Nam
2870 4073 3080 4143 peccati
3101 4073 3474 4144 cognitionem

1877 4185 1978 4240 per
1998 4170 2173 4239 legem
2207 4168 2426 4222 habetis
2453 4185 2466 4221 :
2496 4183 2726 4237 peccare
2772 4176 2958 4221 autem
2991 4182 3060 4221 ex
3084 4166 3314 4220 scientia
3347 4183 3476 4236 gra-

1880 4261 2004 4316 vius
2027 4270 2301 4330 estquam
2333 4260 2745 4330 ignorantia.—
2769 4259 2960 4314 Aliter.
2993 4258 3074 4312 Ad
3111 4258 3236 4324 hoc,
3273 4257 3471 4326 inquit,

1879 4355 1965 4408 lex
1996 4353 2202 4424 proluit
2226 4353 2373 4424 quod
2405 4362 2690 4423 peccatum
2722 4352 2883 4408 nobis
2917 4360 3110 4406 notum
3155 4351 3286 4405 fecit
3316 4368 3329 4404 :
3362 4367 3473 4406 non

161 4460 575 4531 ἀπαγορεῦσαι
615 4459 776 4531 μόνον
807 4459 906 4529 τὴν
937 4456 1136 4529 πρᾶξιν
1169 4457 1279 4509 τῶν
1333 4456 1574 4518 ἀτόπων,
1632 4455 1770 4508 ἀλλὰ

1883 4461 1943 4501 ex
1988 4461 2056 4501 eo
2103 4453 2314 4501 tantum
2349 4444 2497 4514 quod
2547 4444 2801 4498 illicitum
2837 4459 2977 4513 opus
3015 4443 3332 4513 prohibeat,
3373 4439 3472 4496 sed

166 4554 274 4610 καί
314 4553 398 4623 τῷ
432 4551 852 4622 παρακούοντας
879 4547 1066 4615 αὑτοῦ,
1099 4546 1482 4618 τιμωρεῖσθαι.
1514 4545 1606 4618 Μὴ
1649 4549 1771 4601 ἐπι-

168 4645 497 4718 φερομένης
522 4643 631 4712 γάρ
660 4640 937 4703 κολάσεως
970 4639 1084 4702 τοῖς
1115 4636 1551 4709 ἁμαρτάνουσιν,
1581 4637 1682 4691 οὐκ
1705 4637 1772 4692 ἂν

161 4733 568 4806 ’ἐγνωρίσαμεν
585 4733 772 4803 αὑτήν.
802 4731 904 4784 Διὰ
931 4731 1136 4784 τούτων
1160 4728 1340 4783 τοίνυν
1366 4729 1583 4783 πάντων
1606 4730 1771 4800 άκρι-

169 4829 290 4891 ὁὼς
329 4827 603 4896 συστήσας
652 4824 742 4892 ὑφ’
767 4821 1044 4894 ἁμαρτίαν
1103 4821 1310 4883 πάντας
1341 4820 1522 4887 ὄντας,
1573 4820 1770 4892 ἐπάγει

168 4922 372 4976 λοιπὸν
399 4920 614 4982 δεικνὺς
641 4916 735 4972 τοῦ
769 4917 969 4970 οἰκείου
999 4916 1160 4983 λόγου
1187 4915 1249 4967 τὸ
1286 4913 1563 4984 περιττόν.
1597 4933 1614 4965 ι
1635 4914 1773 4967 Νυνὶ

173 5018 253 5070 δέ.
299 5035 321 5068 ι
375 5013 680 5078 Ἐπιδείξας
703 5011 904 5074 αὐτοὺς
929 5007 1097 5080 μηδὲν
1129 5007 1520 5078 ὠφελημένους
1555 5009 1618 5060 ἐκ
1675 5006 1769 5060 τοῦ

180 5111 373 5180 νόμου,
413 5106 507 5160 καὶ
547 5107 626 5167 εἰς
681 5101 980 5173 ἐπιθυμίαν
1015 5100 1241 5168 ἀγαγὼν
1301 5098 1527 5170 μεθόδου
1596 5098 1769 5152 σῶσαι

170 5203 512 5274 δυναμένης,
541 5197 812 5269 εὐκαίρως
852 5197 932 5258 εἰς
963 5193 1059 5266 τὴν
1096 5193 1282 5247 πίστιν
1325 5191 1602 5245 εἰσϐάλλει
1634 5193 1770 5262 Χρι-

170 5298 330 5352 στοῦ.
375 5314 392 5346 ι
437 5292 768 5361 Δικαιοσύνη
819 5287 978 5347 Θεοῦ,
1014 5307 1034 5340 ι
1080 5288 1144 5342 Εἰ
1181 5285 1318 5358 μετὰ
1353 5286 1540 5357 νόμου,
1578 5285 1764 5358 φησὶν,

169 5387 528 5459 ἡμάρτομεν,
555 5382 671 5444 πῶς
704 5382 770 5435 ἂν
803 5378 1132 5448 σωθείημεν,
1163 5377 1306 5430 είποι
1331 5393 1437 5441 τις,
1459 5375 1628 5447 χωρὶς
1676 5375 1765 5426 νό-

169 5493 316 5550 μους
347 5475 449 5529 Διὰ
475 5473 577 5544 τῆς
609 5474 674 5526 ἐκ
705 5470 840 5524 Θεοῦ
866 5467 1239 5538 δικαιοσύνης,
1271 5468 1426 5538 φησὶ,
1475 5467 1575 5536 τῆς
1610 5465 1765 5538 παρὰ

166 5568 312 5622 Θεοῦ
341 5563 833 5638 διδομένηςῖοπου
857 5561 911 5614 δέ
927 5560 1058 5622 Θεὸς
1089 5557 1294 5624 δίδωσι,
1327 5558 1403 5626 μὴ
1425 5555 1758 5626 ἀμφίϐαλλε,

168 5663 460 5730 ἄνθρωπε.
504 5659 575 5710 Ἦ
597 5653 911 5724 δικαιοσύνη
939 5650 1096 5719 Θεοῦ,
1121 5652 1154 5723 ἡ
1187 5650 1292 5705 amb
1316 5648 1450 5703 Θεοῦ
1475 5647 1755 5710 δικαίωσις

243 5842 286 5872 ’⁸
318 5837 362 5893 ll
388 5837 530 5910 Reg.
575 5853 731 5905 xvnl,
776 5839 864 5895 2|.

1875 4536 2043 4592 etiam
2093 4534 2240 4604 quod
2291 4534 2398 4589 sibi
2460 4533 2848 4588 inobedientes
2900 4534 3220 4588 ulciscatur.
3253 4532 3471 4586 Etenim

1876 4627 1981 4684 nisi
2030 4627 2362 4697 supplicium
2397 4625 2707 4690 inllixisset,
2747 4641 3096 4696 nequaquam
3151 4625 3330 4694 ipsum
3379 4638 3474 4677 co-

1875 4719 2281 4789 gnovissemus.
2312 4718 2610 4790 Postquam
2641 4733 2774 4790 ergo
2805 4733 2874 4772 ex
2910 4717 2996 4772 his
3037 4716 3295 4771 omnibus
3341 4730 3474 4769 con-

1876 4811 2058 4867 stituit
2136 4812 2426 4866 universos
2482 4812 2585 4866 sub
2660 4821 2931 4881 peccato,
2971 4809 3159 4864 subdit
3209 4809 3474 4878 deinceps

1875 4905 2178 4960 ostendens
2224 4921 2338 4960 sua:
2376 4903 2785 4974 prmdicationis
2809 4903 3213 4958 excellentiam.
3252 4920 3270 4954 ι
3311 4901 3470 4956 Nunc

1875 5005 2087 5052 autem.
2127 5016 2146 5049 ι
2183 4997 2286 5054 Ubi
2333 5012 2431 5051 eos
2465 4995 2800 5051 ostendisSet
2825 4995 2960 5049 nihil
2995 5010 3062 5050 ex
3090 4995 3210 5066 lege
3248 4993 3471 5062 adjutos

1872 5106 1994 5146 esse
2012 5098 2068 5146 et
2089 5091 2156 5145 ad
2187 5078 2694 5160 concupiscentiam
2721 5087 2971 5144 duxisset
2993 5087 3315 5142 methodum
3343 5103 3466 5156 qua:

1872 5183 2084 5238 salvare
2117 5191 2370 5252 poterat:
2411 5188 2720 5250 opportune
2761 5178 2966 5234 Christi
3015 5179 3177 5232 ﬁdem
3213 5177 3468 5249 aggredi-

1874 5285 1986 5331 tur.
2018 5293 2035 5326 ι
2079 5273 2304 5329 Justitia
2335 5273 2455 5327 Dei.
2497 5291 2515 5323 ι
2551 5271 2609 5327 Si
2642 5271 2853 5336 habita,
2889 5270 3088 5340 inquit,
3118 5271 3235 5340 lege
3269 5284 3465 5340 pecca-

1871 5370 2074 5430 vimus,
2101 5381 2212 5436 quo
2229 5381 2358 5436 ergo
2389 5365 2574 5430 modo,
2607 5365 2755 5420 dicat
2775 5363 3072 5434 quispiam,
3101 5361 3310 5432 absque
3341 5362 3464 5431 lege

1872 5459 2075 5516 salvari
2115 5457 2440 5528 possemus?
2474 5457 2581 5511 Per
2606 5456 2881 5528 justitiam
2931 5454 3048 5516 Dei,
3093 5454 3296 5522 inquit,
3341 5467 3464 5522 quae

1871 5552 2134 5607 videlicet
2163 5551 2326 5606 datur
2359 5567 2391 5604 a
2424 5551 2556 5606 Deo.
2605 5549 2708 5604 Ubi
2740 5557 2924 5602 autem
2981 5546 3126 5602 Deus
3169 5545 3314 5599 illam
3361 5543 3463 5595 tri-

1865 5643 2103 5712 buat,nc
2133 5642 2395 5715 ambigas,
2426 5658 2459 5698 ο
2487 5641 2672 5697 homo.
2702 5640 2810 5696 Aut
2829 5637 3043 5712 justitia
3068 5635 3163 5694 Dei
3187 5643 3270 5690 est
3294 5632 3458 5705 justi-
