3978 6518
554 330 661 394 353

1646 330 2048 394 ΠΞΟΠΜΕΝΙΙ
2070 333 2117 392 Τ

2224 332 2364 393 ΖΓΕ
2412 331 2757 396 EPISCOPI
3716 333 3798 397 3‘33

557 446 740 502 ticatio
765 447 1131 513 etabsolutio,
1157 464 1253 504 seu
1272 448 1570 504 liberatioa
1600 453 1862 513 peccatis,
1887 466 1915 503 a
1938 450 2118 522 quibu:

2246 453 2341 503 καὶ
2367 450 2621 515 ἁοὼωσις
2669 452 2763 505 καὶ
2803 451 3093 525 ἀπαλλαγὴ
3132 453 3239 507 τῶν
3293 452 3609 523 ἁμαρτιῶν,
3668 444 3734 505 ὧν
3778 457 3799 505 ὁ

555 554 665 592 non
688 541 867 610 potuit
885 542 969 595 lex
994 541 1248 596 liberare.
1274 559 1293 591 ι
1318 541 1785 598 Manifestataest.
1812 561 1831 595 ι
1852 542 2007 608 Quod
2030 559 2145 598 ma-

520 629 871 695 nifestatur,
914 631 1133 700 planum
1196 640 1280 685 est
1322 632 1469 702 quod
1516 641 1676 687 antea
1737 633 1927 698 fuerit,
1968 649 2144 703 quan-

555 738 718 790 quam
733 724 1124 777 occultaretur.
1140 725 1386 795 Fugiens
1437 726 1619 795 itaque
1646 726 2057 782 inuovationem
2086 734 2143 781 et

553 829 623 868 ne
654 830 848 869 recens
868 815 1152 869 videretur
1172 818 1291 884 ejus
1315 818 1803 886 praedicatioulixit
1831 836 1876 872 τι
1907 819 2138 874 Manife-

553 913 687 958 stata
711 916 828 971 est;
866 925 883 957 ι
921 922 1021 962 nec
1047 907 1099 961 id
1136 910 1300 962 modo
1332 910 1953 973 vulgari,verumetian1
1984 912 2138 982 prius

550 1012 639 1050 nat
658 1007 708 1051 ta
747 1007 852 1063 est,
885 1000 1261 1054 testimonium
1290 1017 1320 1055 a
1348 1001 1465 1071 lege
1495 1011 1551 1055 et
1574 1002 1881 1073 prophetis.

627 1090 716 1152 ΙΙΙ,
757 1091 828 1143 22
859 1090 949 1144 24.
1002 1091 1227 1145 Iustitia
1275 1105 1451 1146 autem
1506 1094 1603 1149 Dei
1655 1111 1747 1163 per
1795 1096 1953 1164 ﬁdem
2002 1096 2136 1151 Iesu

552 1179 757 1234 Christi
788 1185 841 1235 in
869 1199 1050 1237 omnes
1081 1195 1130 1236 et
1177 1200 1336 1253 δίψει·
1369 1202 1549 1240 omnes
1584 1189 1674 1256 qui
1731 1188 1971 1243 credunt.
2010 1189 2133 1245 Non

547 1270 686 1325 enim
727 1283 805 1326 est
836 1274 1115 1328 distinctio
1143 1317 1157 1339 ,
1196 1294 1319 1329 nam
1339 1293 1516 1333 omnes
1554 1292 1922 1346 peccaverunt,
1962 1294 2011 1335 et
2041 1299 2133 1349 po-

545 1365 792 1419 steriores
818 1375 939 1418 sunt
961 1367 1133 1436 gloria
1179 1368 1274 1423 Dei
1307 1386 1325 1423 :
1352 1371 1623 1441 gratisque
1643 1372 2014 1442 justiﬁeautur
2040 1392 2135 1443 [er

547 1458 781 1524 gratiam
809 1457 994 1524 ipsius.

633 1567 651 1598 σ
685 1548 907 1604 iustitia
930 1551 1027 1605 Dei
1047 1553 1375 1622 perﬁdem.»
1401 1555 1660 1623 Quaenam
1679 1558 2129 1629 justitia,dixcrit

545 1641 842 1710 quispiam,
868 1654 964 1699 aut
979 1649 1257 1716 quomodo
1273 1664 1302 1702 a
1326 1649 1433 1704 Deo
1450 1650 1599 1705 data?
1617 1652 1824 1706 Deinde
1836 1667 1904 1707 ne
1924 1667 2125 1707 novum

545 1730 755 1800 aliquid
776 1734 970 1790 audire
998 1736 1105 1791 sibi
1126 1738 1442 1801 videantur,
1476 1740 1521 1794 si
1545 1741 1772 1795 omnino
1787 1741 1982 1795 salvari
1998 1757 2126 1811 pos-

543 1821 655 1876 sint
681 1824 819 1878 nihil
841 1828 1277 1893 contribuentes,
1296 1832 1537 1887 ostendit
1556 1833 1701 1902 quod
1720 1834 1885 1889 etiam
1907 1838 2133 1889 credere

544 1914 612 1968 sit
647 1918 1021 1985 contribuere,
1063 1923 1240 1991 ipsum
1269 1925 1414 1979 enim
1443 1926 1672 1983 credere
1701 1927 1912 1997 indiget
1956 1930 2132 1985 animi

541 2006 885 2066 fortitudine.
921 2013 1048 2068 Ideo
1073 2014 1191 2068 ait:
1227 2033 1246 2066 ι
1284 2017 1390 2071 Per
1436 2017 1620 2083 ﬁdem,
1651 2038 1670 2071 ι
1721 2020 2020 2077 ostendens
2063 2037 2133 2076 ex

539 2100 646 2155 hoc
674 2119 775 2158 nos
797 2119 1016 2175 quoque
1046 2107 1250 2177 aliquid
1280 2110 1588 2165 conferret
1621 2111 1678 2165 ln
1706 2128 1921 2178 omnes,
1951 2122 2005 2168 et
2034 2130 2132 2169 su-

538 2195 638 2262 per
652 2211 865 2252 omnes.
894 2217 913 2249 ι
939 2200 994 2253 In
1020 2202 1451 2273 omnes,iuquit,
1479 2204 1718 2270 Iudaeos,
1750 2206 1842 2276 qui
1870 2207 2126 2274 credunt,

537 2286 700 2357 242
733 2294 794 2341 ιιι
844 2290 937 2359 qui
975 2292 1119 2361 apud
1157 2308 1216 2348 se
1249 2284 1306 2348 et
1334 2310 1401 2349 ex
1434 2296 1568 2365 ipsis
1617 2296 1887 2353 haberent
1934 2300 2129 2356 salutis

535 2395 778 2447 causam,
798 2382 976 2453 ipsum
999 2402 1194 2456 nempe
1216 2388 1703 2461 Cbristum.Super
1720 2409 1915 2450 omnes
1940 2404 2126 2451 autem

534 2474 791 2532 ethnicos
828 2478 985 2542 dicit,
1020 2479 1115 2550 qui
1145 2496 1174 2535 a
1196 2480 1401 2538 Iudaeis
1447 2487 1805 2555 crediderint,
1827 2498 1884 2544 et
1902 2499 2122 2546 extenta

535 2565 610 2618 sit
641 2581 810 2635 super
842 2584 940 2624 eos
971 2573 1169 2641 gratia.
1197 2574 1404 2629 Verum
1432 2584 1489 2630 et
1518 2577 1640 2643 hos,
1676 2580 1875 2650 inquit,
1919 2591 1972 2637 et
2002 2584 2126 2640 illos

533 2654 666 2711 fecit
683 2660 874 2729 gratia:
903 2664 1218 2734 participes,
1244 2682 1351 2721 non
1375 2675 1866 2740 quoscunque,sed
1890 2675 2127 2731 creden-

535 2758 639 2806 tcs.
672 2750 740 2805 Et
776 2752 1000 2821 iterum,
1042 2758 1171 2826 quia
1211 2761 1412 2815 merito
1460 2765 1773 2819 communis
1803 2775 1890 2821 est
1923 2768 2120 2837 gratia,

532 2854 657 2910 qua:
702 2854 789 2899 est
828 2860 956 2917 erga
990 2864 1205 2905 omnes.
1248 2871 1266 2903 ι
1298 2853 1416 2907 Νοιι
1461 2856 1610 2910 enim
1638 2866 1725 2912 est
1756 2858 2056 2915 distinctio.
2096 2879 2115 2913 ι

533 2934 774 2990 [tunsum
813 2937 1033 2995 Iudaeos
1069 2944 1311 2998 ostendit
1360 2946 1499 3001 nihil
1541 2949 1882 3006 excellentiae
1916 2952 2121 3009 habere

529 3043 644 3098 prie
691 3032 968 3100 gentibus.
1023 3054 1042 3087 ι
1086 3036 1222 3091 Nam
1271 3054 1465 3096 omnes
1516 3054 1905 3111 peccaverunt.
1969 3064 1987 3097 ι
2025 3032 2120 3103 ¹Νιι

528 3119 687 3182 mihi.
719 3122 918 3192 inquit,
944 3126 1126 3181 dicas:
1158 3129 1273 3201 Ego
1317 3131 1542 3189 Iudaeus
1579 3150 1723 3201 sum,
1759 3138 1853 3207 qui
1879 3152 2117 3208 superne
2147 3170 2188 3226 ο

528 3211 701 3267 Deum
726 3219 978 3286 cognovi,
1009 3220 1098 3275 hic
1122 3232 1305 3279 autem
1323 3234 1620 3282 extraneus
1649 3238 1805 3285 estet
1827 3229 2113 3289 barbarus.

530 3304 782 3363 Profecto
808 3311 852 3365 si
888 3328 1081 3369 omnes
1115 3329 1507 3385 peccaverunt,
1552 3322 1759 3378 habent
1803 3340 2025 3396 quoque
2060 3326 2114 3381 id

527 3412 743 3466 omnes,
796 3412 856 3457 ut
895 3406 1062 3461 simili
1112 3411 1373 3480 :eqnitate
1423 3414 1559 3468 salvi
1601 3415 1755 3470 ﬁant.
1811 3417 1932 3472 Non
1965 3419 2112 3473 enim

526 3499 611 3545 est
640 3493 952 3551 dilIerentia
978 3539 993 3562 ,
1023 3500 1140 3556 sive
1192 3502 1489 3559 discrimen
1544 3505 1718 3562 Judaei
1763 3523 1827 3565 ac
1871 3510 2113 3580 gentilis,

529 3573 753 3656 u‘trique
802 3589 1058 3646 similiter
1112 3606 1505 3663 peccaverunt.
1568 3617 1587 3651 ι
1647 3600 1717 3654 Ει
1778 3596 2115 3671 posteriores

525 3682 657 3765 sunt
698 3677 870 3747 gloria
913 3681 1030 3747 Dei,
1078 3702 1095 3735 ι
1148 3693 1259 3740 etc.
1306 3685 1592 3757 Siquidem
1650 3706 1719 3746 ne
1773 3700 1854 3755 tu,
1907 3694 2111 3765 inquit,

531 3764 667 3819 mihi
716 3767 908 3825 dicas:
952 3771 1128 3829 ϐταιοί
1159 3777 1381 3846 gravius
1411 3792 1797 3847 peccaverunt.
1823 3764 2014 3841 Nonne
2055 3794 2111 3842 tu

523 3858 697 3929 gloria
724 3876 787 3915 ac
818 3862 1180 3923 beneficentia
1208 3868 1306 3925 Dei
1345 3873 1618 3940 posterior
1670 3876 1773 3931 es?
1810 3878 2110 3949 gratisque,

523 3948 631 4004 hoc
663 3959 767 4017 est,
816 3953 1023 4024 absque
1060 3959 1169 4013 tuis
1218 3962 1386 4017 rectis
1416 3964 1702 4033 operibus,
1741 3948 2014 4024 sali/aris?
2048 3986 2113 4025 ac

520 4057 743 4098 rursum
788 4046 863 4100 ita
897 4056 960 4101 ut
1005 4050 1144 4104 nihil
1190 4052 1445 4109 conferas
1476 4056 1624 4111 aliud
1666 4069 1867 4128 prater
1909 4059 2112 4115 (idem?

518 4132 770 4205 Cumque
795 4138 1134 4207 justiﬁearis,
1168 4146 1342 4214 gratis
1370 4148 1690 4217 justiticaris
1717 4169 1730 4205 :
1762 4167 1826 4207 ac
1855 4164 1978 4221 post
2013 4153 2110 4209 Dei

517 4226 745 4297 gloriam
809 4246 872 4285 ac
909 4233 1327 4291 beneficentiam
1383 4240 1641 4296 accedis?
1707 4261 1726 4295 ι
1767 4243 2110 4301 Posteriores

518 4326 645 4372 sunt
678 4321 848 4390 gloria
883 4323 1001 4387 Dei,
1047 4345 1064 4376 ι
1091 4329 1439 4396 postmodum
1470 4330 1714 4394 fuerunt,
1755 4349 1863 4388 non
1897 4351 2107 4405 praeve-

515 4421 723 4467 nerunt
747 4415 814 4468 ad
851 4416 1271 4485 gloriﬁcandum
1313 4422 1505 4477 Deum.
1538 4425 1873 4481 Exciderant
1913 4442 2109 4484 omnes

2247 541 2411 613 νόμος
2431 544 2531 596 ούκ
2569 543 2789 616 ἴσχυσεν
2824 545 3155 610 ἀπαλλάξαι.
3198 566 3216 598 ι
3258 545 3667 618 Πεφανὲρωται.
3699 545 3801 598 »Τὸ

2245 633 2649 705 φανερούμενον
2702 635 2860 705 δῆλον
2889 635 2966 699 ὡς
2986 632 3053 709 ἦν
3087 638 3208 706 μὲν,
3247 636 3555 709 ἐκρύπτετο
3582 634 3659 688 δέ.
3707 631 3799 700 τῂν

2243 726 2335 779 οὖν
2367 726 2722 795 καινοτομίαν
2763 725 3001 795 φεύγων,
3058 729 3150 780 καὶ
3184 725 3246 780 τὸ
3278 727 3457 780 δοκεῖν
3506 723 3803 793 πρόσφατον

2240 813 2382 871 εἶναι
2429 819 2490 872 τὺ
2544 817 2833 890 κήρυγμα,
2889 815 3036 885 εἷπε,
3094 837 3113 871 ι
3169 818 3588 888 Πειρανέρωται.
3627 835 3647 867 ι
3710 818 3803 886 ῦεγ

2241 909 2455 973 ἅπλῶς,
2489 910 2626 963 ἀλλὰ
2678 910 2773 962 καὶ
2833 908 3390 981 προμαρτυρηθεῖσαν
3431 908 3545 969 ύπδν
3585 907 3804 968 Μωσέως

2241 994 2415 1074 (οὗτος
2440 1002 2548 1073 γὰρ
2578 1005 2607 1055 ὁ
2637 1002 2849 1071 νόμος).
2882 1002 2975 1055 καὶ
3007 1003 3116 1053 τῶν
3139 999 3455 1072 προφητῶν.

2309 1094 2673 1161 Δικαιοσύνη
2706 1094 2774 1146 δὲ
2820 1093 2969 1147 Θεοῦ
3008 1091 3106 1145 διὰ
3137 1092 3397 1155 πίστεως
3440 1088 3653 1157 Ἰησοῦ
3684 1091 3801 1158 Χρι-

2238 1184 2392 1240 στοῦ
2439 1188 2527 1251 είς
2548 1183 2784 1249 πάντας
2805 1185 2901 1238 καὶ
2926 1184 3025 1238 ἐπὶ
3060 1184 3295 1248 πάντας
3316 1181 3467 1247 ’τοὺς
3508 1182 3803 1235 πιστεύον-

2234 1293 2361 1340 τας.
2382 1278 2465 1330 Οὐ
2499 1275 2606 1345 γάρ
2623 1277 2755 1329 ἐστι
2781 1275 3077 1342 διαστολή
3097 1292 3110 1305 σ
3136 1275 3362 1343 πάντες
3392 1275 3501 1341 γὰρ
3528 1274 3798 1342 ἥμαρτον,

2233 1368 2332 1420 καὶ
2377 1367 2779 1434 ὑστεροῦνται
2828 1366 2940 1435 τῆς
2989 1366 3175 1434 δόξης
3208 1365 3315 1420 τοῦ
3351 1366 3530 1420 θεοῦ·
3560 1366 3802 1419 δικαιού-

2224 1475 2395 1527 perat
2432 1458 2661 1526 δωρεὰν
2693 1457 2769 1525 τῇ
2802 1457 2990 1512 αὑτοῦ
3016 1457 3236 1526 χάριτι.

2306 1569 2325 1602 ι
2364 1550 2691 1621 Δικαιοσύνη
2722 1550 2780 1602 δὲ
2813 1549 2949 1604 Θεοῦ
2979 1551 3066 1603 διὰ
3088 1550 3347 1613 πίστεως.
3373 1569 3391 1600 ι
3427 1550 3569 1603 Ποία
3614 1549 3801 1603 δικαιο-

2237 1642 2399 1713 σύνη,
2435 1643 2579 1697 εἴποι
2617 1660 2724 1706 τις,
2758 1642 2790 1712 ἧ
2824 1641 2942 1704 πῶς
2962 1642 3214 1714 διδομένη
3252 1642 3357 1695 ὑπὸ
3380 1641 3553 1705 Θεοῦ;
3595 1643 3690 1694 Διὰ
3724 1643 3803 1694 πί-

2230 1752 2424 1802 στεως,
2451 1737 2643 1806 φησιν,
2674 1733 2851 1806 Ἰησοῦ
2878 1734 3142 1806 Χριστοῦ.
3187 1731 3320 1789 Εἶτα
3360 1735 3450 1788 ἵνα
3504 1734 3580 1805 μὴ
3623 1734 3803 1797 δόξωσι

2167 1815 2205 1869 Β
2241 1824 2391 1890 ξένον
2423 1844 2475 1878 τι
2506 1825 2749 1889 ἀκούειν,
2772 1826 2819 1880 εί
2850 1826 2985 1889 ὅλως
3012 1825 3092 1879 ἔνι
3123 1826 3396 1889 σώζεσθαι
3430 1826 3597 1897 μηδὲν
3628 1826 3804 1889 αὐτούς

2239 1917 2775 1987 συνεισενεγκόντας,
2830 1917 3105 1972 δείκνυσιν
3160 1920 3241 1972 ὄτι
3288 1919 3383 1972 καὶ
3413 1918 3475 1971 τὸ
3528 1919 3803 1971 πιστεῦσαι

2236 2014 2663 2077 συνεισενε·,·κείν
2693 2011 2862 2065 ἐστιν.
2892 2004 3177 2081 Ἀνδρείας
3206 2011 3314 2082 γάρ
3366 2011 3536 2064 δεῖται
3561 2011 3729 2082 ψυχῆς
3751 2011 3804 2063 τὸ

2232 2100 2544 2156 πιστεῦσαι.
2597 2102 2689 2156 Διό
2743 2118 2877 2173 φησι
2903 2120 2916 2133 ο
2958 2121 2976 2153 ι
3016 2103 3116 2155 Διὰ
3146 2102 3440 2170 πίστεως,ι
3468 2103 3683 2165 δεικνὺς
3720 2104 3802 2155 καὶ

2229 2194 2378 2263 ἡμᾶς
2408 2194 2474 2246 ἐκ
2514 2192 2706 2247 τούτου
2744 2194 3220 2265 συνεισφέροντας.
3270 2213 3289 2241 σ
3322 2195 3415 2258 Ei;
3461 2195 3670 2256 πάντας
3718 2196 3804 2246 καὶ

2228 2287 2323 2339 ἐπὶ
2379 2286 2608 2348 πάντας.
2645 2305 2663 2337 ι
2691 2316 2763 2326 —-
2791 2284 3254 2359 [ΓΕΝΝΑΛ1οΥ.]
3309 2287 3405 2350 Ei;
3435 2288 3652 2350 πάντας
3717 2287 3802 2357 μὲν

2227 2380 2355 2441 τοὺς
2395 2376 2719 2443 Ἰουδαίους,
2748 2379 2950 2449 φησιν,
3012 2378 3089 2442 ὡς
3137 2377 3350 2432 οἴκοθεν
3396 2380 3494 2432 καὶ
3534 2378 3596 2445 ἐξ
3636 2377 3803 2431 αὐτῶν

2228 2469 2535 2539 ἐσχηκότας
2563 2472 2663 2539 τῆς
2693 2470 2970 2539 σωτηρίας
2994 2469 3084 2524 τὸν
3123 2471 3320 2535 αἴτιον,
3349 2471 3520 2541 ἤγουν
3554 2471 3648 2523 τὸν
3673 2472 3803 2541 Χρι-

2229 2560 2373 2616 στόν.
2403 2561 2528 2613 Ἐπὶ
2555 2561 2762 2624 πάντας
2813 2561 2891 2628 δὲ,
2945 2562 3073 2626 τοὺς
3097 2562 3346 2627 ὲθνικοῦς
3378 2561 3555 2630 λέγει,
3592 2563 3668 2625 ὡς
3709 2562 3805 2615 ἀπὸ

2227 2653 2338 2706 τῶν
2395 2654 2667 2708 Ἰουδαίων
2702 2655 3111 2710 πιστευσάντων
3134 2656 3227 2709 καὶ
3263 2657 3357 2710 ἐπὶ
3395 2661 3626 2720 τούτους
3657 2658 3803 2709 ὲκτα·

2227 2746 2414 2817 θείσης
2439 2747 2535 2815 τῆς
2572 2746 2814 2819 χάριτος.
2845 2749 3038 2819 Ὅμως
3085 2747 3269 2820 μέντοι
3325 2749 3421 2802 καὶ
3470 2748 3685 2802 τούτων
3715 2748 3802 2801 κά·

2226 2840 2422 2893 κείνων
2443 2841 2810 2911 μετασχήσειν
2842 2840 2943 2909 τῆς
2972 2841 3195 2913 χάριτος
3220 2840 3443 2911 ἔφησεν,
3469 2841 3571 2909 ούχ
3605 2839 3798 2901 ἁπλῶς,

2223 2930 2361 2985 ἀλλὰ
2386 2934 2512 2995 τοὺς
2534 2930 2912 2995 πιστεύοντας.
2944 2934 3054 2986 Καὶ
3088 2931 3255 2985 πάλιν
3282 2933 3367 2985 ὅτι
3404 2933 3564 3001 κοινὴ
3588 2930 3803 2993 δικαίως

2223 3022 2257 3092 ἡ
2292 3022 2452 3092 χάρις
2508 3023 2650 3075 κατὰ
2698 3022 2937 3078 πάντων.
2973 3042 2992 3076 ‹
3026 3024 3103 3077 Ού
3154 3023 3264 3093 γάρ
3296 3024 3414 3076 ἐστι
3463 3023 3738 3091 διαστολή.
3776 3041 3793 3074 ι

2226 3114 2393 3168 Πάλιν
2418 3114 2657 3168 δείκνυσι
2688 3115 2854 3186 μηδὲν
2899 3115 3197 3180 Ἰουδαίους
3232 3116 3456 3187 ἔχοντας
3492 3115 3660 3169 πλέον
3700 3115 3801 3167 τῶν

2221 3206 2280 3271 ἐξ
2312 3205 2503 3261 ἐθνῶν.
2536 3226 2555 3258 ι
2583 3206 2791 3272 Πάντες
2814 3208 2922 3280 γὰρ
2950 3208 3226 3280 ἥμαρτον,
3274 3228 3291 3260 ι
3330 3209 3424 3281 Μὴ
3459 3209 3571 3278 γάρ
3612 3225 3701 3279 μοι
3732 3207 3801 3260 εί-

2220 3314 2351 3369 πῃς,
2408 3298 2595 3368 φησὶν,
2618 3300 2763 3369 Ἐγὼ
2824 3301 2926 3371 μὲν
2961 3302 3222 3365 Ἰουδαῖός
3251 3303 3367 3373 εἰμι
3410 3301 3623 3355 ἄνωθεν
3652 3299 3800 3363 εἰδὼς

2219 3390 2372 3457 Θεὸν,
2409 3386 2561 3455 οὗτος
2591 3391 2647 3445 δὲ
2684 3390 2833 3457 ξένος
2857 3395 2949 3447 καὶ
2981 3394 3281 3466 βάρϐαρος.
3311 3393 3495 3456 Ὀλως
3522 3394 3573 3446 εί
3605 3393 3799 3456 πάντες

2217 3482 2488 3554 ἥμαρτον,
2515 3483 2697 3555 ἔχουσι
2727 3485 2821 3539 καὶ
2860 3486 2921 3539 τὸ
2965 3487 3170 3552 πάντες
3200 3486 3487 3557 ὁμοτίμως
3537 3487 3798 3557 σωθῆναι.

2217 3576 2291 3629 Οὐ
2322 3574 2428 3646 γάρ
2460 3577 2576 3630 ἐστι
2612 3577 2892 3649 διαστολὴ,
2925 3580 3094 3650 ἤγουν
3121 3582 3403 3652 χωρισμδς
3428 3581 3687 3636 Ἰουδαίου
3713 3581 3801 3633 καὶ

2216 3666 2453 3735 ἐθνικοῦ,
2518 3669 2721 3739 ὁμοίως
2749 3671 3055 3743 ἀμφότεροι
3121 3673 3393 3744 ἥμαρτον.
3432 3693 3453 3725 ι
3492 3675 3600 3728 Καὶ
3644 3673 3798 3726 ῦστε-

2217 3768 2436 3831 ροῦνται
2466 3763 2563 3832 τῆς
2595 3762 2754 3833 δόξης
2785 3764 2886 3817 τοῦ
2922 3764 3082 3832 Θεοῦ,
3118 3785 3136 3818 ι
3175 3766 3268 3819 καὶ
3298 3768 3368 3821 τὰ
3397 3754 3544 3836 ἑξῆς.
3579 3767 3671 3838 Μὴ
3697 3767 3798 3835 γάρ

2217 3872 2309 3926 μοι
2344 3857 2526 3927 εἴπῃς,
2560 3857 2745 3925 φησὶν,
2787 3857 2868 3911 ὅτι
2901 3857 3164 3928 Ἕλληνες
3196 3857 3361 3913 πλέον
3399 3860 3672 3930 ἥμαρτον.
3711 3858 3797 3925 Μὴ

2217 3947 2279 3999 σὺ
2308 3949 2538 4000 κατόπιν
2566 3947 2667 4001 οὐκ
2697 3945 2749 4002 εἶ
2775 3952 2875 4022 τῆς
2912 3949 3072 4019 δόξης
3095 3951 3195 4005 καὶ
3225 3952 3324 4023 τῆς
3358 3952 3688 4024 εὐεργεσίας
3708 3950 3798 4004 τοῦ

2212 4039 2385 4103 Θεοῦ;
2421 4040 2514 4094 καὶ
2544 4041 2773 4109 δωρεὰν,
2803 4045 3103 4109 τουτέστιν,
3140 4034 3270 4100 ἄνευ
3295 4045 3408 4099 σῶν
3434 4046 3798 4118 κατορθωμά-

2210 4150 2341 4196 των,
2380 4132 2565 4206 σὼξῃς
2602 4134 2697 4187 καὶ
2724 4134 2886 4190 πάλιν
2911 4136 2985 4200 ὡς
3011 4137 3180 4207 μηδὲν
3210 4138 3399 4209 ἕτερον
3454 4139 3797 4205 συνεισενέγ-

2212 4241 2327 4288 και,
2364 4223 2503 4295 πλὴν
2559 4225 2841 4294 πίστεω;;
2903 4228 3295 4297 Δικαιούμενος
3352 4229 3433 4296 δὲ,
3485 4230 3697 4301 δωρεάν
3724 4232 3801 4283 διο

2211 4315 2483 4377 καιοῦσαι,
2521 4318 2614 4370 καὶ
2645 4318 2876 4372 κατόπιν
2928 4316 3152 4392 ἔρχεσαι
3187 4321 3281 4374 τοῦ
3328 4321 3466 4375 Θεοῦ
3499 4323 3662 4392 δόξης
3709 4323 3799 4376 καὶ

2208 4404 2548 4474 εὐεργεσίας.
2586 4425 2605 4458 ι
2653 4406 3045 4479 ’Υστεροῦνται
3094 4413 3196 4481 τῆς
3246 4410 3408 4483 δόξης
3463 4413 3560 4465 τοῦ
3587 4413 3746 4467 Θεοῦ.
3776 4432 3793 4464 ι

516 4504 588 4559 ab
619 4505 943 4563 honorando
973 4510 1185 4568 Deum:
1213 4513 1385 4569 Judzei
1428 4517 1652 4585 quidem
1702 4530 2106 4591 praceptorum

2224 4492 2457 4546 Κατόπιν
2510 4495 2781 4562 ἐγένοντο,
2832 4499 2934 4552 ούκ
2999 4499 3245 4568 ἔφθασαν
3299 4500 3397 4554 τοῦ
3430 4501 3683 4567 δοξάζειν
3712 4503 3800 4556 τὸν

514 4596 653 4668 legis
688 4607 1126 4672 transgressores
1150 4604 1312 4673 facti;
1340 4608 1548 4663 ethnici
1580 4626 1710 4665 vero
1745 4612 1889 4667 idola
1921 4616 2105 4670 colent

516 4698 621 4746 tes.
651 4691 780 4747 ideo
816 4710 1011 4750 onmes
1058 4696 1152 4766 qui
1205 4698 1257 4751 in
1309 4700 1478 4755 Deum
1528 4702 1889 4759 crediderunt
1933 4706 2105 4776 gratis

508 4783 904 4852 justilicantur,
948 4788 1127 4858 ipsum
1177 4791 1405 4847 credere
1463 4804 1673 4849 tantum
1728 4797 2102 4859 conferentes.

512 4874 798 4942 Quomodo
847 4896 980 4935 vero
1019 4882 1429 4962 justiﬁqamurﬁ?
1458 4884 1742 4958 Redempti
1790 4906 1821 4945 a
1862 4897 2105 4962 peccatis

515 4966 746 5022 nostris.
777 4970 881 5025 Per
912 4988 1075 5042 quem
1125 4955 1309 5030 autem
1340 4955 1751 5046 justilicamor?
1781 4982 1886 5037 Per
1912 4985 2101 5041 Iesum

511 5055 816 5115 Christum.
833 5061 1121 5128 Quomodo
1151 5066 1242 5122 ille
1267 5069 1541 5125 redemit?
1560 5071 1791 5143 PrOprio
1808 5078 2100 5147 sanguine.

511 5151 607 5204 Vel
632 5151 734 5205 hoc
761 5154 943 5209 modo.
975 5155 1121 5212 Deus
1145 5159 1549 5232 illosjustiﬁcat
1577 5166 1870 5222 credentes
1904 5184 1918 5220 :
1973 5186 2099 5225 nam

510 5242 808 5311 adoptione
851 5245 1047 5315 dignos
1076 5249 1250 5315 ducit,
1312 5253 1510 5322 suique
1558 5256 1711 5325 regni
1752 5258 2102 5319 demonstrat

510 5334 779 5401 literedes,
812 5353 842 5392 a
881 5354 992 5409 quo
1041 5342 1390 5398 manifestum
1437 5353 1522 5401 est
1570 5349 1715 5416 quod
1740 5350 2098 5407 aberravera-

510 5441 655 5492 mus,
680 5442 873 5485 omnes
906 5431 1165 5488 similiter
1192 5436 1531 5504 posteriores
1562 5453 1778 5506 sumus,
1808 5440 1935 5497 ideo
1973 5459 2097 5515 gra-

509 5519 581 5573 tis
610 5518 713 5574 ista
748 5521 910 5577 nobis
944 5524 1158 5580 tribuit.

584 5677 675 5743 Ill,
707 5681 902 5739 24-26.
942 5684 1047 5741 I’er
1094 5690 1501 5761 redemptionem
1548 5708 1665 5762 quin
1717 5702 1793 5747 cst
1843 5696 1896 5749 in
1941 5695 2097 5751 C/tri—

509 5782 594 5826 διο
638 5770 788 5839 Iesu,
845 5793 995 5847 quem
1024 5785 1298 5852 proposuit
1361 5782 1499 5840 Deus
1554 5784 1953 5854 propitiatorem
2004 5803 2095 5856 per

2211 4584 2364 4637 Θεόν.
2405 4583 2857 4643 Ἐκπεπτώκασιν
2886 4589 3129 4656 ἅπαντες
3168 4593 3263 4646 τοῦ
3292 4597 3464 4665 τιμᾷν
3501 4596 3689 4651 αὐτόν.
3738 4596 3800 4649 Ol

2213 4677 2313 4747 μὲν
2338 4676 2604 4746 Ἰουδαῖοι,
2637 4681 2958 4752 παραϐάται
2999 4686 3287 4754 γενόμενοι
3316 4688 3426 4739 τῶν
3467 4688 3560 4741 διὰ
3585 4689 3683 4743 τοῦ
3712 4689 3797 4758 νότ

2212 4786 2313 4840 μου
2350 4769 2600 4836 ἐντολῶν,
2630 4774 2681 4825 οἱ
2728 4772 2784 4827 δὲ
2816 4774 3045 4841 ἐθνικοὶ,
3078 4774 3321 4841 εἰδώλοις
3370 4779 3798 4851 λατρεύσαντες.

2208 4862 2299 4914 Διὸ
2347 4863 2548 4926 πάντες
2598 4865 2993 4933 πιστεύσαντες
3028 4869 3112 4933 είς
3146 4870 3410 4941 Χριστὸν,
3464 4874 3683 4944 δωρεὰν
3723 4874 3799 4928 διο

2208 4952 2512 5022 καιοῦνται,
2548 4955 2609 5010 τδ
2650 4958 2933 5013 πιστεύειν
2988 4960 3153 5031 μόνον
3190 4964 3640 5034 συνεισάγοντες.
3674 4965 3800 5028 Πῶς

2206 5047 2262 5102 δὲ
2279 5048 2635 5120 δικαιούμεοα
2652 5069 2666 5118 ;
2686 5051 3012 5125 Ἀπολυτρού
3023 5073 3173 5125 μενοι
3198 5059 3297 5121 τὰς
3317 5059 3601 5129 ἁμαρτίας
3616 5060 3795 5130 ἡμῶν.

2205 5141 2305 5193 Διὰ
2357 5140 2498 5204 τίνος
2551 5141 2607 5194 δὲ
2633 5143 3121 5218 ἁπολυτρούμεοας
3178 5150 3277 5202 Διὰ
3319 5150 3502 5221 Ἰησοῦ
3532 5152 3795 5223 Χριστοῦ.

2207 5233 2329 5296 Πῶς
2356 5235 2678 5305 λυτροῦντος
2709 5238 2951 5305 ἐκείνου;
2977 5240 3066 5311 Τῷ
3100 5242 3216 5312 ίδίῳ
3247 5245 3467 5314 αἵματι.
3494 5248 3567 5301 Ἦ
3597 5246 3797 5307 οὕτως’

2203 5327 2335 5390 θεὸς
2392 5328 2587 5394 αὐτοὺς
2629 5329 2842 5397 δοξάζει
2903 5334 3282 5400 πιστεύοντας.
3334 5338 3630 5403 Υίοθεσίας
3692 5338 3799 5409 γὰρ

2203 5420 2362 5485 ἀξιοῖ,
2396 5423 2490 5475 καὶ
2518 5424 2888 5496 κληρονόμους
2911 5430 3007 5498 τῆς
3032 5427 3198 5483 αὑτοῦ
3233 5430 3521 5500 βασιλείας
3556 5434 3801 5501 ἀποφαί-

2202 5530 2303 5567 νει.
2352 5506 2459 5578 Ἶις
2485 5515 2666 5586 δῆλον,
2721 5517 2805 5571 ὃτι
2857 5519 3268 5594 ἐξημάρτομεν,
3321 5525 3533 5589 πάντες
3582 5527 3800 5596 ὁμοίως

2200 5603 2595 5676 ὑστερούμεθα.
2624 5609 2715 5661 Διὸ
2776 5609 2985 5680 δωρεὰν
3005 5614 3155 5682 ἡμᾶς
3190 5613 3400 5669 τούτων
3422 5617 3587 5681 ἀξιοῖ.

2270 5696 2373 5751 Διὰ
2401 5698 2512 5767 τῆς
2540 5701 3017 5771 ἀπολυτρώσεως
3052 5704 3163 5773 τῆς
3185 5707 3255 5760 ἐν
3281 5708 3519 5775 Χριστῷ
3567 5708 3795 5776 Ἰησοῦ,

2198 5789 2271 5844 ὃν
2296 5790 2577 5858 προέθετο
2615 5795 2648 5847 ὀ
2675 5794 2819 5860 Θεὸς
2863 5795 3219 5867 ἱλαστήριον
3239 5799 3337 5853 διὰ
3378 5799 3492 5872 τῆς
3525 5802 3798 5870 πίστεως
