3978 6538
190 416 296 476 385

1261 397 1656 459 COMMENT.
1694 397 1776 458 ΙΝ
1817 398 2059 461 ΕΙἺΞΤ.
2101 399 2201 460 ΑΙ)
2242 400 2425 462 BOM.

3357 405 3470 469 386

190 536 257 575 εν
281 517 365 583 τῷ
394 514 590 572 αὐτοῦ
616 513 839 582 αἵματι,
864 511 951 577 εἰς
981 507 1243 573 ἔνδειξιν
1261 506 1372 576 τῆς
1394 506 1780 572 δικαιοσύνης

1890 507 2081 577 ﬁderit,
2150 525 2243 579 per
2314 510 2625 580 sanguinem
2698 510 2899 579 ipsius,
2969 510 3040 564 ad
3113 515 3469 569 extensione»:

190 611 404 673 αὑτοῦ,
437 608 539 663 διὰ
559 608 675 674 τὴν
692 604 801 672 πάι
813 618 951 658 εσιν
979 601 1097 656 τῶν
1122 600 1571 670 προγεγονότων
1593 599 1780 666 ἀμαρ-

190 705 511 773 τηιιάτωω
551 699 716 767 ἐνῖῇ
751 695 948 765 ἀνοχῇ
986 695 1093 750 τοῦ
1123 693 1294 758 Θεοῦ,
1333 694 1485 761 πρὸς
1517 690 1781 756 ἔνδειξιν

188 796 301 864 τῆς
328 793 733 857 δικαιοσύνης
753 787 962 854 αὑτοῦ,
992 787 1062 840 ἐν
1093 785 1174 852 τῷ
1198 785 1318 840 νῦν
1338 782 1522 854 καιρῷ
1542 799 1554 811 ⁸
1592 786 1679 849 είς
1712 782 1779 835 τὸ

187 884 344 941 εἶναι
373 885 569 939 αὑτὸν
600 882 857 946 δίκαιον,
913 878 1013 933 καί
1048 875 1405 931 δικαιοῦντα
1439 876 1548 930 τὸν
1579 875 1649 929 ἐκ
1681 874 1780 927 πι-

189 996 387 1043 στεως
417 976 652 1044 Ἰησοῦ.

259 1071 392 1134 Πῶς
434 1070 493 1123 δὲ
529 1066 875 1134 δικαιοῦταις
912 1065 1002 1119 διὰ
1062 1064 1160 1134 τῆς
1208 1061 1457 1131 ἀφέσεως
1504 1058 1616 1113 τῶν
1670 1074 1778 1112 πα-

188 1160 610 1233 ραπτωμάτων,
662 1156 731 1231 ἧς
777 1158 1121 1227 τυγχάνομεν
1168 1155 1228 1207 ἐν
1294 1150 1518 1223 Χριστῷ
1578 1147 1779 1219 Ἰησοῦ,

181 1255 469 1317 τουτέστι,
495 1253 584 1307 διὰ
614 1252 792 1321 Ἰησοῦ
820 1248 1084 1321 Χριστοῦ.
1121 1266 1141 1299 ι
1174 1248 1270 1300 Ὃν
1305 1245 1569 1316 προέθετο
1592 1246 1618 1297 ὁ
1648 1242 1780 1303 Θεὸς

187 1346 582 1416 ἱλαστήριον.»
622 1344 852 1398 Εύδοκία
909 1343 1020 1413 γὰρ
1073 1338 1168 1393 τοῦ
1228 1338 1464 1408 Πατρδς,
1513 1334 1779 1404 ὲξίλασμα

192 1437 491 1505 γεγένηται
535 1436 645 1489 τῶν
685 1435 967 1505 ἡμετέρων
1008 1430 1316 1504 ἁμαρτιῶν.
1367 1429 1698 1498 Ἱλαστήριον
1722 1425 1779 1478 δὲ

193 1531 428 1584 παλαιὸν
456 1516 676 1598 ἐλέγετο
705 1529 767 1581 τὸ
801 1527 971 1597 πῶμα
1002 1525 1103 1595 τῆς
1125 1520 1382 1577 κιϐωτοῦ.
1410 1519 1597 1583 Οὕτως
1625 1519 1716 1572 καὶ
1745 1519 1779 1588 ἡ

192 1622 282 1675 τοῦ
313 1622 529 1692 Κυρίου
562 1619 700 1689 σάρξ
738 1620 772 1689 ἡ
805 1615 1291 1688 περιόιαλύπτουσα
1316 1614 1413 1685 τὴν
1437 1611 1632 1666 ἑαυτοῦ
1664 1610 1781 1663 θεό-

192 1731 325 1784 τητα
365 1713 688 1782 ἱλαστήριον
719 1710 910 1778 γέγονε
939 1708 1051 1761 τῶν
1097 1708 1384 1777 ἡμετέρων
1414 1704 1677 1775 ἀνομιῶν.
1705 1701 1779 1754 Τὸ

191 1807 266 1869 δὲ,
314 1804 617 1874 Προέθετο,
662 1803 816 1871 δηλοῖ
863 1802 1103 1857 παλαιὰν
1130 1803 1230 1869 τὴν
1262 1800 1394 1869 περὶ
1426 1797 1617 1852 τούτου
1651 1796 1776 1867 βου-

1880 601 2115 670 justitia:
2142 619 2254 656 sua:
2274 617 2294 656 :
2323 619 2415 673 per
2440 605 2797 658 remissionem
2841 609 3233 674 prwteritorum
3290 625 3475 678 pecca~

1890 703 2103 757 torum,
2175 711 2294 748 cum
2352 696 2492 749 Deus
2572 697 2821 751 toleraret
2876 714 2894 752 :
2953 699 3022 752 ad
3092 701 3471 756 ostendendam

1880 787 2153 856 justitiam
2194 804 2368 850 suam,
2414 788 2468 841 in
2520 790 2768 857 prmsenti
2806 790 2969 862 243
3021 799 3250 861 tempore
3288 795 3386 847 Ιιοο
3413 801 3473 846 ut

1890 884 2001 951 ipse
2031 882 2101 936 sit
2139 881 2344 952 justus,
2385 892 2435 937 et
2470 883 2781 953 justiﬁeans
2830 902 2949 939 eum
2996 887 3088 956 qui
3127 896 3205 941 est
3256 901 3321 941 ea:
3364 887 3471 956 [ide

1886 976 2040 1030 Iesu.

1960 1068 2250 1135 Quomodo
2299 1080 2482 1126 autem
2520 1071 2900 1142 justiﬁeatur?
2928 1072 3034 1127 Per
3082 1072 3468 1127 remissionem

1887 1169 2244 1229 peccatorum
2274 1176 2439 1230 quam
2472 1163 2825 1233 assequimur
2847 1163 2904 1218 in
2937 1162 3161 1221 Christo
3183 1164 3334 1227 Jesu,
3363 1164 3469 1218 hoc

1887 1260 1994 1316 est,
2031 1266 2133 1320 per
2163 1251 2449 1306 Christum
2480 1253 2693 1308 Jesum.
2732 1273 2751 1305 ‹
2792 1255 2965 1320 Quem
2998 1257 3287 1325 pr0posuit
3327 1257 3471 1311 Deus

1889 1344 2334 1413 propitiatorcm.
2378 1364 2395 1397 ι
2437 1346 2613 1400 Patris
2645 1347 2792 1400 enim
2843 1348 3167 1417 propitiatio
3208 1350 3347 1403 facta
3384 1360 3470 1404 est

1891 1447 2212 1491 nostrorum
2259 1437 2580 1507 prapitiatio
2608 1447 2983 1508 peccatorum.
3017 1440 3468 1511 Propitiatorium

1886 1543 2021 1582 vero
2055 1528 2344 1583 dicebatur
2379 1529 2510 1584 olim
2558 1545 2700 1585 arca:
2744 1532 3068 1600 operculum
3097 1548 3110 1585 :
3145 1532 3218 1586 ita
3248 1547 3470 1601 quoque

1886 1621 2105 1677 Domini
2132 1636 2263 1676 caro
2307 1638 2429 1692 qua:
2457 1622 2608 1677 illius
2640 1623 2989 1679 divinitatem
3013 1605 3249 1688 velabat,
3281 1628 3469 1696 pr0pi-

1892 1714 2176 1768 tiatorium
2203 1714 2309 1769 fuit
2349 1722 2665 1770 nostrarum
2698 1716 3251 1786 iniquitatum.‘,Quod
3283 1727 3470 1774 autem

1887 1808 2072 1863 dicit:
2120 1808 2438 1879 Proposuit,
2495 1810 2784 1879 antiquum
2833 1809 2901 1865 de
2950 1826 3015 1865 ea
3071 1826 3133 1866 re
3172 1812 3468 1867 consilium

192 1898 309 1967 λήν.
352 1914 371 1948 ι
418 1896 508 1948 Ἑν
553 1894 634 1965 τῷ
676 1893 843 1948 αὑτοῦ
889 1893 1102 1964 αἵματι.
1133 1911 1151 1943 ι
1197 1891 1255 1944 ’0
1306 1891 1407 1961 μὲν
1452 1890 1560 1959 γὰρ
1590 1889 1778 1959 Πατὴρ

1885 1900 2182 1971 signiﬁcat.
2232 1920 2248 1951 ‹
2284 1901 2392 1956 Per
2423 1903 2746 1973 sanguinem
2792 1902 2987 1973 ipsius.
3030 1923 3051 1955 ι
3092 1903 3253 1958 Pater
3291 1903 3470 1974 siqui-

190 1988 479 2058 προέθετο,
514 1989 542 2040 ό
571 1986 629 2040 δὲ
667 1987 799 2049 Υἱὸς
854 1988 916 2038 τὸ
950 1980 1091 2056 αἷμα
1133 1983 1350 2053 ἐξέχεεν
1402 1982 1545 2053 ὑπὲρ
1587 1980 1773 2052 ἡμῶν·

191 2080 343 2150 κοινὴ
386 2078 544 2151 οὖνὴ
580 2080 742 2150 χάρις
774 2079 872 2148 τῆς
925 2077 1087 2146 ἁγίας
1139 2077 1372 2146 Τριάδος
1398 2091 1413 2106 ο
1468 2076 1778 2147 συνήργησε

188 2171 297 2240 γὰρ
327 2171 428 2223 καὶ
464 2171 526 2222 τὸ
562 2170 828 2236 πανάγιον
857 2168 1102 2239 Πνεῦμα.
1142 2186 1160 2218 ι
1196 2167 1291 2231 Εἰς
1320 2165 1545 2233 ἔνδειξιν
1576 2166 1675 2235 τῆς
1699 2165 1777 2219 δι⁹

188 2264 491 2333 καιοσύνης
521 2262 709 2316 αὑτοῦ.
738 2281 758 2314 ι
801 2263 1014 2330 Ὥσπερ
1040 2259 1288 2327 ἔνδειξις,
1326 2260 1608 2313 τουτέστιν
1646 2258 1781 2312 ἀπό-

190 2356 384 2421 δειξις,
441 2354 809 2420 πλουσίου,τὸ
842 2354 939 2408 καὶ
986 2353 1208 2424 ἑτέρους
1264 2351 1596 2417 πλουτέζειν,
1638 2350 1780 2404 οὕτω

190 2450 326 2501 καὶὸ
343 2447 587 2516 Χριστὸς
606 2444 947 2510 ἐνδείξασθαι
974 2444 1295 2514 βουλόμενος
1320 2444 1419 2515 τὴν
1432 2442 1780 2511 δικαιοσύνην

189 2542 389 2605 αὑτοῦ,
404 2542 502 2593 καὶ
518 2541 641 2603 τοὺς
657 2539 978 2611 ἀνθρώπους
1004 2539 1371 2593 ὲδικαίωσεν.ι
1396 2538 1493 2592 Διὰ
1521 2539 1618 2607 τὴν
1641 2536 1783 2607 πάρ-

189 2651 307 2687 εσιν
322 2633 434 2686 τῶν
458 2634 870 2704 προγεγονότων
900 2633 1313 2704 ἁμαρτημάτων
1331 2636 1387 2685 ὲν
1404 2634 1468 2703 τῇ
1487 2633 1650 2702 ἀνοχῇ
1686 2629 1780 2683 τοῦ

190 2724 352 2777 θεοῦ.
382 2742 402 2775 ι
429 2723 734 2790 Ἀπόδειξις
764 2724 820 2776 δὲ
844 2724 938 2793 τῆς
968 2723 1314 2793 δικαιοσύνης
1353 2722 1517 2776 αὑτοῦ
1546 2723 1780 2792 μάλιστα

190 2817 444 2883 γέγονεν,
491 2818 576 2870 ὅτι
609 2815 1000 2884 παρειμένους,
1050 2816 1295 2869 τουτέστι
1342 2815 1780 2885 νενεκρωμένους

190 2912 312 2972 ταῖς
366 2909 673 2978 ἁμαρτίαις
722 2908 852 2971 τοὺς
894 2908 1217 2978 ἀνθρώπους
1266 2908 1602 2963 ἐδικαίωσεν.
1651 2903 1782 2962 Εἶτα

192 3001 460 3076 ἐττιτείνει
477 3000 585 3052 τῶν
603 2998 699 3053 ἀνθ
709 2998 907 3067 ρώπων
923 3000 984 3052 τὸ
1001 2999 1275 3068 ἔγκλημα,
1295 2998 1485 3069 τῷξτάς
1508 2998 1783 3069 ἁμαρτίας

192 3068 457 3162 γενέσθαι
488 3091 545 3143 ἑν
568 3094 632 3159 τῇ
665 3093 832 3161 ἀνοχῇ
858 3090 951 3143 τοῦ
978 3090 1135 3145 Θεοῦ.
1162 3090 1291 3144 Ὅτε
1316 3092 1446 3164 γὰρ,
1473 3068 1782 3159 φησιν,ἔδει

1880 1995 2005 2050 dem
2029 1995 2333 2066 proposuit,
2372 1994 2545 2051 Filius
2567 2012 2697 2050 vero
2728 1999 3048 2067 sanguinem
3073 2013 3173 2066 pro
3200 1997 3361 2052 nobis
3385 1997 3469 2052 ef-

1879 2088 2020 2143 fudit
2050 2107 2063 2143 :
2094 2089 2275 2158 itaque
2296 2089 2604 2143 communis
2628 2097 2711 2144 est
2729 2090 3229 2148 sanctai'l'rinitatis
3257 2091 3465 2161 gratia:

1880 2194 2007 2232 nam
2060 2178 2439 2234 sanctissimus
2490 2193 2712 2249 quoque
2757 2180 3166 2249 cooperabatur
3205 2181 3462 2250 Spiritus.

1887 2288 1906 2321 ι
1942 2270 2047 2324 Per
2076 2269 2449 2324 ostensionem
2484 2270 2711 2341 justitite
2737 2285 2873 2325 suae.
2915 2288 2935 2321 ι
2989 2270 3465 2337 Quemadmodum

1880 2361 2073 2417 divitis
2113 2362 2358 2417 ostensio
2386 2362 2503 2417 sive
2535 2363 2934 2417 demonstratio
2970 2371 3056 2418 est
3081 2362 3218 2418 alios
3244 2379 3465 2433 quoque

1881 2454 2081 2519 ditare,
2123 2457 2199 2509 ita
2224 2462 2281 2509 et
2313 2452 2568 2509 Christus
2599 2469 2755 2509 suam
2782 2454 3078 2511 ostendere
3132 2455 3325 2511 volens
3363 2457 3458 2528 ju-

1882 2547 2385 2613 stitiam,homines
2417 2561 2639 2617 quoque
2655 2546 3029 2617 justiticavit.¢
3063 2547 3168 2601 Per
3190 2547 3469 2602 remissio-

1885 2656 2008 2695 nem
2035 2639 2444 2710 praeteritorum
2472 2650 2852 2710 peccatorum,
2893 2655 3024 2695 cum
3055 2640 3203 2695 Deus
3259 2642 3464 2696 tolera-

1884 2742 1987 2786 ret.
2037 2750 2054 2779 ›
2097 2731 2336 2787 Justitire
2368 2732 2521 2786 illius
2559 2732 2959 2787 demonstratio
3003 2732 3058 2786 in
3093 2733 3196 2788 hoc
3229 2734 3467 2790 maxime

1882 2825 2026 2880 facta
2071 2834 2177 2890 est,
2220 2824 2367 2894 quod
2404 2824 2725 2886 dissolutos.
2783 2826 2889 2880 hoc
2922 2833 3007 2879 est
3066 2827 3306 2894 peccatis
3349 2826 3467 2882 suis

1885 2918 2215 2974 immortuos
2250 2919 2360 2989 jam
2405 2917 3022 2988 hominesjustiﬁeavit.
3053 2918 3262 2973 Deinde
3285 2918 3466 2973 homi-

1886 3026 2019 3065 num
2072 3021 2235 3083 auget
2298 3012 2528 3073 crimen,
2597 3011 2745 3081 quod
2807 3021 3034 3081 peccata
3084 3011 3464 3075 fuerint,cum

1886 3104 2032 3159 Deus
2079 3105 2363 3159 toleraret.
2398 3103 2791 3173 Namtquando
2844 3104 3171 3173 resipiscere
3214 3104 3461 3172 oportuit

195 3185 555 3255 μετανοῆσαι,
585 3182 832 3252 δοθείσης
867 3183 1086 3253 ἀνοχῆς,
1122 3184 1243 3236 τότε
1282 3185 1483 3253 μᾶλλον
1539 3184 1780 3255 ἡμάρτο-

1886 3196 2012 3250 data
2050 3197 2395 3257 toleratione,
2433 3206 2563 3249 tunc
2589 3196 2762 3265 magis
2785 3197 3168 3265 peccabamus.
3206 3196 3465 3267 Eosrrc'o

196 3295 317 3347 μεν.
351 3277 494 3340 Τοὺς
519 3272 613 3330 οὖν
640 3273 1007 3342 ἁσύγγνωστα
1046 3274 1404 3340 πταίσαντας,
1436 3274 1529 3329 νῦν
1573 3276 1657 3331 διὰ
1700 3276 1783 3329 πί-

194 3387 365 3431 στεως
406 3368 591 3433 σώζει.
618 3370 729 3423 Καὶ
762 3366 935 3431 οὕτως
971 3368 1315 3439 παρείθημεν
1339 3369 1460 3432 ταῖς
1491 3368 1782 3438 ἁμαρτίαις

197 3463 290 3514 καὶ
319 3460 770 3531 παραλελύμεθα.
816 3460 1015 3532 [ΦΩΤ.]
1056 3457 1187 3519 Εἶτα
1221 3461 1339 3514 δέον
1358 3461 1458 3530 τῆς
1498 3460 1782 3532 παρέστιος

196 3553 577 3621 exangui-piat
608 3552 786 3617 δίκας.
817 3551 1019 3621 ἀνοχῆς
1051 3553 1145 3607 καὶ
1190 3552 1600 3623 φιλανθρωπίας
1657 3551 1781 3604 ὲτύ-

195 3662 385 3716 χομεν.
411 3645 578 3699 Ἀλλά
625 3648 720 3700 καὶ
758 3647 857 3711 τῆς
902 3646 1099 3717 ἀνοχῆς
1133 3645 1412 3716 τυχόντες,
1460 3645 1579 3697 δέον
1625 3661 1783 3713 μετα-

195 3741 338 3789 νοεῖν
387 3736 483 3789 καὶ
525 3739 595 3792 τά
628 3738 910 3806 φθάσαντα
954 3737 1314 3805 ἑξιλεοῦσθαι,
1348 3736 1430 3789 ἐτι
1453 3739 1565 3800 τοῖς
1598 3737 1781 3800 αὐτοῖς

197 3827 691 3899 ὲγκαλινδούμεθα.
728 3830 794 3883 Τί
822 3826 915 3885 οὖν
937 3830 1045 3884 ἔδει
1072 3831 1193 3883 τότε
1213 3830 1308 3884 καὶ
1331 3829 1423 3883 τὸν
1452 3830 1572 3882 λίαν
1590 3830 1781 3899 φιλάν-

199 3921 421 3991 θρωπον
454 3923 652 3992 κριτὴν
704 3922 942 3993 πρᾶξαις
968 3924 1193 3988 Πάντως
1221 3923 1449 3978 κολάσαι
1490 3923 1584 3977 καὶ
1612 3940 1782 3993 τιμω-

200 4014 502 4085 ρησασθαι,
539 4014 682 4084 ὑπὲρ
713 4007 788 4068 ὧν
842 4032 900 4068 τε
955 4013 1014 4080 ἐξ
1058 4016 1232 4085 ἀρχῆς
1278 4016 1622 4086 ἡμάρτομεν,
1685 4016 1781 4069 καὶ

199 4109 342 4175 ὑπὲρ
390 4099 469 4159 ὧν
521 4106 727 4176 ἀνοχῆς
776 4107 1032 4177 τυχόντες
1079 4109 1143 4161 οὐ
1176 4107 1652 4178 μετεμελήθημεν,
1688 4110 1783 4163 καὶ

199 4200 345 4270 ὑπὲρ
366 4193 442 4251 ὧν
477 4199 537 4251 οὐ
572 4197 734 4268 μόνον
767 4198 830 4250 ού
868 4199 1341 4271 μετεμελήθημεν,
1393 4199 1529 4255 ἀλλὰ
1565 4205 1654 4254 καὶ
1684 4200 1782 4271 τὴν

199 4292 400 4345 κακίαν
439 4291 822 4361 ὲπετείναμεν.
876 4293 935 4344 '0
976 4292 1034 4345 δὲ
1078 4293 1131 4344 τί
1180 4296 1357 4358 ποιεῖς
1407 4293 1540 4348 Τότε
1586 4293 1782 4365 λύτρον

199 4384 394 4437 ἑαυτὸν
422 4383 641 4437 δίδωσιν
674 4384 816 4455 ὑπὲρ
851 4383 1031 4454 ἡμῶν,
1062 4384 1160 4438 καὶ
1186 4386 1246 4437 οὐ
1279 4385 1441 4456 μόνον
1485 4386 1782 4457 ἐξαρπάζει

196 4478 298 4546 τῆς
321 4476 620 4546 τιμωρίας,
639 4474 777 4528 ἀλλὰ
802 4477 896 4530 καὶ
917 4476 1118 4530 δικαιοί
1136 4477 1229 4530 καὶ
1250 4476 1433 4543 σώζει,
1467 4479 1561 4531 καὶ
1588 4476 1783 4550 κληροο

1884 3305 2032 3345 nunc
2097 3291 2278 3344 salvos
2326 3289 2480 3347 facit.
2512 3288 2607 3359 qui
2655 3288 2790 3357 lapsi
2822 3282 2982 3342 erant
3018 3289 3074 3341 in
3104 3288 3192 3355 iis,
3222 3304 3344 3358 qua:
3369 3306 3465 3345 ve-

1882 3383 2031 3437 niam
2054 3398 2165 3436 non
2192 3382 2571 3447 merebantur,
2603 3389 2660 3435 et
2692 3381 2765 3435 ita
2800 3381 3026 3435 remissa
3053 3390 3184 3435 sunt
3212 3382 3371 3435 nobis
3396 3397 3462 3438 ac

1883 3477 2065 3531 soluta
2119 3484 2360 3546 peccata.
2402 3475 2674 3530 Prazterea
2717 3490 2842 3530 cum
2875 3474 3222 3545 negligentiae
3267 3490 3460 3545 poenas

1881 3568 2220 3639 oportuisset
2248 3575 2523 3637 expetere,
2553 3567 2904 3622 tolerantiam
2948 3582 3012 3622 ac
3062 3567 3463 3637 benignitatem

1882 3661 2122 3717 assecuti
2151 3676 2345 3716 sumus
2378 3679 2389 3715 :
2426 3678 2550 3717 cum
2578 3677 2711 3716 vero
2733 3675 2835 3716 nos
2865 3661 3214 3715 tolerantiam
3235 3661 3466 3730 adeptos

1881 3756 2221 3826 oportuisset
2259 3757 2554 3825 poenitere,
2593 3769 2657 3808 ac
2702 3753 2771 3809 de
2801 3753 3246 3824 prwcedentibus
3294 3750 3463 3807 Deum

1882 3849 2119 3919 placare,
2152 3847 2362 3903 eisdem
2403 3847 2639 3917 amplius
2672 3846 3114 3900 involvebamur.
3161 3844 3303 3911 Quid
3331 3859 3464 3917 ergo

1883 3952 2018 3997 tunc
2047 3942 2290 4014 judicent
2327 3956 2644 4011 quanquam
2697 3940 3021 4010 benignum,
3052 3949 3110 3995 et
3158 3940 3463 3995 humanum

1881 4049 2045 4105 agere
2106 4034 2397 4104 oportuit?
2421 4033 2624 4101 Utique
2660 4032 2857 4102 punire
2885 4048 2950 4087 ac
2976 4047 3166 4102 pinnas
3195 4048 3413 4089 sumere
3449 4050 3464 4087 :

1883 4138 1939 4183 et
1977 4135 2267 4198 propterea
2303 4125 2449 4195 quod
2484 4126 2553 4179 ab
2588 4124 2749 4179 initio
2785 4124 3220 4195 deliqueramus.
3251 4134 3307 4181 et
3336 4127 3464 4195 quia

1883 4222 2231 4276 tolerantiam
2256 4219 2404 4275 nacti
2435 4235 2546 4274 non
2576 4219 2935 4289 resipuimus,
2969 4229 3025 4274 et
3052 4220 3199 4288 quod
3236 4235 3347 4274 non
3373 4235 3466 4275 so-

1882 4314 1995 4369 lum
2021 4330 2126 4369 non
2155 4313 2623 4384 desipuimus,scd
2642 4320 2697 4368 et
2715 4313 2976 4368 malitiam
2994 4312 3212 4383 longius
3237 4321 3466 4383 proter-

1883 4407 2084 4463 dimus.
2113 4407 2364 4463 Ille-vero
2387 4406 2560 4477 quid?
2593 4405 2750 4461 Tunc
2792 4406 3033 4476 seipsum
3064 4404 3464 4476 redemptionis

1883 4500 2123 4569 pretium
2152 4514 2252 4568 pro
2275 4498 2434 4553 nobis
2461 4497 2658 4552 tradit:
2684 4512 2788 4552 nec
2815 4498 2992 4552 solum
3016 4513 3045 4551 a
3072 4498 3253 4567 pomis
3269 4495 3458 4566 eripit,

199 4567 400 4637 νόμους
428 4568 598 4621 αὐτοῦ
633 4571 869 4623 ποιεῖται
899 4571 998 4639 τῆς
1030 4568 1331 4640 βασιλείας.
1364 4572 1573 4636 Ὄντως
1616 4575 1778 4642 χάρις

1885 4567 2055 4647 sedet
2079 4567 2346 4660 iustiﬁcat
2377 4599 2434 4645 et
2457 4589 2652 4656 salvat,
2697 4589 2896 4659 suique
2931 4589 3085 4660 regni
3119 4588 3247 4644 facit
3286 4588 3463 4643 hmre-

201 4660 406 4731 μέτρον
451 4662 551 4713 οὐκ
599 4658 821 4730 ἔχουσα,
869 4660 1041 4724 ὄντως
1096 4663 1258 4717 τοῦτο
1307 4663 1519 4735 δωρεὰ,
1571 4665 1782 4736 δωρεᾶς

198 4753 426 4821 ἀπάσης
470 4751 680 4805 νικῶσα
741 4751 841 4823 τὴν
892 4753 1143 4824 δύναμιν.
1201 4755 1374 4809 Τοῦτο
1426 4756 1650 4823 ἔνδειξις
1704 4758 1782 4822 ὡς

198 4844 422 4917 ἀληθῶς
465 4847 675 4914 ἀφάτου
722 4846 1094 4919 δικαιοσύνης,
1152 4849 1247 4902 καὶ
1293 4849 1640 4921 δικαιοσύνης
1681 4851 1781 4904 οὐκ

197 4937 579 5008 ἀνθρωπίνης,
634 4938 774 4991 ἀλλὰ
818 4938 968 5003 θείας
1016 4939 1112 4994 καὶ
1155 4942 1297 5014 ὑπὲρ
1341 4941 1625 5013 ἄνθρωπον
1687 4942 1781 4994 Διὸ

199 5029 298 5081 καὶ
348 5030 515 5091 αὐτὸς
552 5028 745 5094 εἰπὼν,
784 5049 801 5083 ι
834 5031 927 5093 Εἰς
973 5030 1198 5111 ἔνδειξιν
1230 5032 1331 5103 τῆς
1365 5033 1734 5103 δικαιοσύνης,
1756 5052 1774 5085 ι

198 5123 299 5191 οὐχ
333 5120 546 5186 ἁπλῶς,
585 5121 743 5185 ἀλλὰ,
777 5142 795 5175 ι
820 5122 1016 5189 Αὑτοῦ,
1046 5143 1067 5176 ι
1100 5126 1254 5195 φησι,
1286 5125 1581 5190 τουτέστιν,
1613 5125 1779 5179 αὑτοῦ

201 5214 368 5285 μόνον
393 5216 427 5285 ἡ
455 5214 683 5286 τοιαύτη
718 5218 810 5270 καὶ
835 5217 1072 5289 τοσαύτη
1104 5219 1438 5288 δικαιοσύνη.
1476 5219 1566 5272 Ἐν
1593 5212 1638 5287 ᾧ
1672 5218 1779 5291 γὰρ

196 5308 314 5360 ἔδει
343 5307 526 5378 καιρῷ
555 5309 905 5380 κολασθῆναι,
935 5313 1057 5364 τότε
1084 5311 1283 5382 ἠξίωσε
1308 5311 1407 5382 τῆς
1438 5312 1776 5382 εὐεργεσίας.

202 5418 223 5450 ι
251 5398 397 5469 Πρὸς
421 5399 647 5465 ἔνδειξιν
668 5402 767 5471 τῆς
790 5402 1351 5474 δικαιοσύνης-αὐτοῦ.
1366 5423 1384 5454 ι
1409 5403 1779 5476 [ΟΙΚΟΥΜΕ-

193 5488 398 5561 ΝΙΟΥ]
445 5522 516 5532 --
564 5492 669 5545 Τὸν
745 5492 855 5565 γὰρ
922 5494 1262 5565 νεκρωθέντα
1318 5497 1438 5557 ταῖς
1486 5495 1781 5566 ἁμαρτίαις

193 5583 297 5637 νῦν
342 5583 636 5650 σώζεσθαι,
679 5586 768 5639 ὅτε
813 5587 1004 5658 καιρὸς
1049 5589 1320 5662 τιμωρίας
1374 5589 1635 5660 ὑπάρχει,
1665 5587 1781 5642 ἀλλ’

189 5677 257 5729 οὐ
286 5675 650 5742 δικαιώσεως,
686 5676 846 5733 τοῦτο
894 5680 1169 5745 ἀπόδειξις
1217 5682 1314 5753 τῆς
1342 5684 1663 5754 εὐεργεσίας
1690 5683 1781 5736 καὶ

187 5781 297 5831 τῆς
356 5765 704 5837 δικαιοσύνης
760 5770 950 5824 αὑτοῦ.
986 5772 1135 5825 Ἔδει
1185 5773 1295 5844 γὰρ
1348 5776 1446 5838 τὰς
1505 5773 1641 5845 πρὸς
1690 5774 1781 5827 τὸν

199 5854 469 5928 ’Δεραάμ
517 5856 874 5931 πληρωθῆναι
918 5862 1260 5935 ὑποσχέσεις,
1306 5867 1387 5938 τὸ,
1428 5867 1580 5923 «Καὶ
1625 5867 1779 5922 εὐλο-

1882 4682 2052 4740 des.0
2069 4699 2194 4739 vere
2208 4685 2379 4756 gratia
2401 4700 2522 4754 quae
2538 4698 2850 4738 mensuram
2864 4698 2973 4736 non
2987 4681 3155 4736 habet
3179 4700 3191 4734 :
3210 4695 3341 4735 vere
3356 4682 3463 4737 hoc

1881 4777 2088 4833 donum
2142 4785 2229 4833 est
2278 4777 2425 4846 quod
2475 4776 2656 4831 omnis
2710 4774 2841 4828 doni
2886 4774 2996 4827 vim
3060 4781 3284 4844 superat
3319 4772 3464 4829 :hoc

1881 4884 2011 4924 vere
2061 4868 2462 4925 demonstratio
2500 4877 2585 4923 est
2618 4866 2911 4921 ineliabilis
2933 4865 3181 4938 justitite,
3215 4875 3268 4922 et
3294 4866 3461 4937 justi-

1881 4964 1972 5016 tiat
2023 4977 2132 5016 non
2166 4962 2443 5024 humanae,
2490 4960 2586 5015 sed
2618 4959 2820 5013 divinee
2844 4965 2901 5013 et
2948 4973 3115 5029 super
3157 4958 3459 5014 hominem.

1882 5054 2046 5126 2M
2088 5055 2216 5108 l..'eo
2278 5054 2444 5109 etiam
2495 5068 2620 5107 eum
2672 5051 2901 5107 dixisset
2948 5050 3291 5122 Apostolus:
3327 5069 3346 5103 σ
3378 5051 3461 5106 Ad

1882 5145 2255 5199 ostensionem
2304 5144 2552 5214 iustitiae,
2586 5162 2605 5195 ι
2650 5157 2760 5197 non
2792 5143 3120 5214 simpliciter
3147 5143 3223 5198 ibi
3255 5142 3463 5198 substi-

1885 5237 1971 5300 tit,
2010 5236 2103 5290 sed
2138 5255 2156 5287 ι
2195 5235 2341 5301 Suae,
2382 5254 2400 5288 ι
2436 5235 2639 5306 inquit,
2668 5236 2773 5291 hoc
2793 5245 2899 5299 est,
2937 5236 3112 5306 ipsius
3151 5237 3330 5291 solum
3376 5245 3461 5291 est

1885 5326 2008 5382 talis
2042 5334 2305 5397 tantaque
2344 5326 2582 5397 iustitia,
2611 5335 2744 5381 tunc
2766 5327 2913 5381 enim
2940 5340 3066 5381 cum
3102 5326 3292 5382 ulcisci
3321 5334 3461 5381 tem-

1882 5434 1987 5490 pus
2028 5425 2170 5483 erat,
2218 5419 2386 5474 etiam
2418 5419 2691 5474 beneﬁcio
2743 5419 2949 5476 atl‘ecit.
2982 5438 3001 5470 ι
3037 5419 3117 5474 Ad
3163 5418 3463 5474 ostenden-

1882 5512 2007 5566 dam
2039 5511 2309 5583 justitiam
2340 5529 2515 5568 suam.
2553 5534 2571 5566 ι
2608 5513 2742 5568 Nam
2771 5529 2895 5569 eum
2923 5512 3017 5584 qui
3040 5512 3283 5583 peccatis
3308 5526 3457 5566 mor-

1885 5610 2016 5660 tuus
2048 5614 2188 5672 erat,
2240 5621 2391 5662 nunc
2422 5607 2641 5672 salvari,
2678 5624 2802 5663 cum
2835 5617 3053 5680 tempus
3081 5619 3226 5665 esset
3251 5608 3461 5679 suppli-

1883 5694 1978 5761 cii,
2006 5702 2063 5750 et
2091 5711 2201 5751 non
2230 5697 2666 5768 justiticationis,
2695 5700 2802 5754 hoc
2826 5700 3205 5757 beneﬁcentia:
3232 5699 3462 5755 demon-

1883 5790 2082 5843 stratio
2113 5800 2202 5845 est
2252 5792 2561 5861 acjustitia:
2596 5794 2786 5863 ipsius.
2811 5792 3280 5864 Oportebatenim
3310 5808 3463 5849 eom-

1883 5881 2023 5953 pleri
2067 5897 2162 5940 eas
2196 5898 2318 5955 (pice
2354 5884 2421 5940 ad
2452 5885 2728 5942 Abraham
2762 5886 2920 5945 facta:
2945 5896 3105 5945 erant
3136 5889 3460 5962 promissio-
