3978 6564
579 397 682 460 δεῖ
1697 389 2104 452 (ECUMENII
2146 386 2439 448 TRICCA‘I
2477 385 2820 448 EPISCOPI
3711 397 3790 460 388

579 525 682 566 nes
723 526 735 563 :
776 516 909 579 puta
941 506 1075 562 illud
1109 525 1122 561 :
1161 525 1178 560 ι
1215 507 1283 561 Ει
1312 505 1368 560 in
1409 503 1621 561 semine
1647 511 1740 557 tuo
1772 503 2150 558 benedicentul

2214 506 2245 564 Α
2275 496 2612 568 γηθήσονται
2660 499 2720 551 ὲν
2758 495 2838 567 τῷ
2890 493 3169 566 σπέρματί
3214 512 3308 550 σου
3347 496 3521 552 πάντα
3549 498 3612 554 τὰ
3632 500 3785 572 ἔθνη.»

581 614 777 657 omnes
801 607 993 670 gentes
1019 600 1084 654 ".
1131 617 1148 649 ι
1180 597 1238 652 ld
1263 612 1397 667 ergo
1427 595 1640 668 justitia
1663 605 1767 661 est,
1792 594 1860 648 de
1888 593 2152 648 salvandit

2271 589 2442 642 Τοῦτο
2484 585 2579 643 οῦν
2620 589 2963 658 δικαιοσύνη,
2993 588 3055 641 τὸ
3103 587 3407 659 ἀληθεῦσαι
3463 592 3554 644 καὶ
3591 593 3671 646 ἐπὶ
3708 601 3792 662 τοῖς

579 693 748 748 etiam
793 689 1036 761 indignis
1088 690 1380 745 veritatem
1419 696 1698 758 praestare.
1741 705 1758 738 ι
1796 686 1854 740 lu
1907 694 2144 755 praesent

2269 683 2506 750 ἀναξίοις
2536 681 2632 736 τοῦ
2668 681 2958 746 σώζεσθαι.
2991 701 3008 734 ι
3033 682 3124 735 Ἐν
3167 681 3241 753 τῷ
3263 681 3358 735 νῦν
3391 684 3791 766 καιρῷ.›[ΦΩΤ.]

583 795 853 856 tempore.
905 803 922 834 ι
955 781 1094 837 Cum
1131 780 1405 835 dixisset:
1446 798 1465 832 ι
1515 779 1598 833 Ad
1639 777 2036 833 ostendendam
2083 778 2154 849 ju‘

2269 804 2337 814 -—
2365 791 2383 822 ι
2410 771 2554 844 Πρὸς
2602 772 2828 837 ἔνδειξιν
2859 773 2960 843 τῆς
3005 772 3357 844 δικαιοσύνης
3403 774 3616 841 actori,»
3647 781 3792 846 εἰπὼν,

582 877 790 932 stitiam
821 889 977 928 suam
1010 892 1026 924 ι
1077 872 1386 942 subiunxit,
1421 891 1437 924 ι
1463 871 1524 926 ln
1555 869 1811 941 praesenti
1842 878 2109 938 tempore.
2144 887 2153 919 ι

2269 867 2574 935 ἐπήγαγεν,
2612 885 2630 917 ι
2662 865 2753 919 Ἐν
2782 865 2860 936 τῷ
2890 865 2986 920 νῦν
3018 864 3217 936 καιρῷ.
3243 885 3261 917 ι
3309 865 3378 919 Ἥ
3409 869 3516 940 γὰρ
3554 871 3608 923 ὲν
3629 871 3695 941 τῷ
3727 873 3795 929 νῦν

583 965 867 1037 Siquidem
916 963 1011 1019 Dei
1062 963 1279 1034 justitia
1337 977 1458 1032 qua-
1487 960 1540 1014 in
1585 958 1840 1030 praesenti
1874 969 1992 1014 erat
2031 967 2154 1012 tem-

2272 958 2450 1029 καιρῷ
2501 958 2820 1030 δικαιοσύνη
2876 958 2972 1012 τοῦ
3025 957 3185 1025 Θεοῦ,
3237 960 3519 1016 τουτέστιν
3565 964 3618 1016 ὲν
3657 958 3694 1031 ᾧ
3725 968 3795 1036 τὴν

581 1074 738 1129 pore,
782 1071 894 1126 quo
925 1056 1190 1110 videlicet
1219 1062 1464 1109 nostram
1509 1051 1941 1122 redemptionem
1972 1066 2152 1121 opera-

2273 1049 2652 1122 ἀπολύτρωσιν
2677 1051 2838 1122 ήμῶν
2857 1052 3176 1123 εἰργάσατο,
3207 1051 3424 1125 πλήρης
3448 1049 3514 1124 ἧν
3547 1056 3777 1128 φιλανθρω

582 1162 672 1208 tus
691 1159 796 1215 est,
831 1151 994 1220 plena
1020 1149 1384 1220 benignitate,
1423 1150 1584 1217 plena
1633 1148 1800 1210 dono,
1849 1146 2010 1216 plena
2047 1157 2153 1200 eral

2272 1143 2424 1209 πίας,
2457 1145 2670 1216 πλήρης
2701 1146 2931 1217 δωρεᾶς,
2969 1145 3183 1217 πλήρης
3227 1147 3471 1216 χάριτος.
3503 1148 3586 1200 Διὸ
3616 1151 3696 1201 καὶ
3717 1152 3798 1204 ἑλε-

580 1255 636 1300 οι
665 1244 840 1315 gratia
877 1260 892 1306 ;
926 1243 1160 1311 ideoque
1193 1240 1446 1294 dicebat:
1481 1259 1498 1290 ‹
1531 1241 1649 1294 Non
1671 1239 1796 1292 veni
1829 1246 1889 1291 ut
1910 1236 2151 1290 condem-

2272 1253 2368 1305 γεν
2405 1253 2418 1266 ·
2457 1255 2474 1288 ι
2505 1239 2619 1290 Ούκ
2644 1233 2809 1309 ἦλθον
2859 1241 3045 1309 κρῖναι
3071 1237 3165 1292 τὸν
3189 1239 3418 1308 κόσμον,
3453 1237 3562 1291 ἀλλ’
3590 1238 3666 1293 ἵνα
3688 1242 3795 1314 σωθῇ

582 1347 713 1390 nem
749 1334 1040 1398 mundum,
1072 1331 1168 1388 sed
1191 1343 1251 1386 ut
1282 1331 1490 1385 salvum
1520 1332 1712 1385 faciam
1757 1329 2026 1383 mundum
2050 1328 2112 1381 ’³.
2143 1346 2153 1378 ι

2270 1333 2298 1384 ὁ
2353 1329 2624 1400 κόσμος.»
2696 1330 2765 1385 Ἠ
2819 1330 2876 1383 δὲ
2932 1331 3204 1402 μέλλουσα
3247 1329 3581 1403 δικαιοσύνη,
3624 1335 3797 1389 οὐκετι

586 1426 800 1481 Futura
831 1440 963 1481 vero
995 1425 1207 1496 justitia
1240 1425 1363 1479 talis
1397 1424 1632 1495 amplius
1658 1438 1767 1476 non
1788 1423 1915 1485 erit,
1955 1421 2050 1476 sed
2080 1436 2157 1474 rc-

2271 1422 2493 1493 ὁμοίως,
2529 1421 2644 1476 ἀλλ’
2685 1423 3047 1487 ἀνταπόδοσίς
3076 1425 3224 1476 ἐστιν
3251 1422 3468 1494 ἑκάστῳ
3512 1425 3612 1478 τῶν
3647 1425 3797 1496 βεόιω-

585 1519 818 1574 tributio
849 1519 1118 1588 cujusque
1146 1518 1254 1571 erit
1279 1516 1346 1571 de
1371 1517 1460 1571 his
1493 1531 1614 1585 quae
1635 1516 1771 1586 egit,
1795 1515 1963 1569 veluti
2001 1513 2156 1569 etiam

2275 1515 2476 1584 μένων,
2509 1514 2586 1578 ώς
2635 1517 2729 1568 καὶ
2779 1509 2938 1578 οὗτος
2959 1516 3140 1569 πάλιν
3174 1514 3362 1586 φησὶν,
3401 1534 3419 1566 ι
3448 1518 3796 1572 Ἀποκαλύπτε-

585 1613 680 1668 hic
713 1627 932 1667 rursum
959 1612 1136 1666 dicit:
1176 1629 1192 1661 ι
1233 1610 1528 1664 Revelatur
1556 1610 1702 1664 enim
1735 1611 1813 1662 ira
1845 1608 1962 1670 Dei,
2001 1626 2017 1659 ι
2057 1616 2156 1662 etc.

2270 1625 2361 1661 ται
2407 1607 2516 1680 γὰρ
2565 1609 2704 1679 ὀργὴ
2749 1608 2954 1672 Θεοῦ,›
3000 1610 3092 1662 καὶ
3152 1609 3302 1680 ἑξῆς.
3361 1609 3433 1662 Ἢ
3486 1608 3643 1673 οὕτως
3677 1612 3797 1676 ἔκλη-

585 1704 692 1760 Aut
746 1705 822 1758 ita
879 1702 1264 1773 accipiendum
1321 1711 1426 1767 est,
1479 1702 1736 1758 Ostensio
1803 1701 1858 1754 in
1911 1699 2156 1770 przcsenti

2272 1701 2434 1755 πτέον
2457 1717 2472 1734 °
2512 1701 2778 1766 Ἔνδειξις
2811 1701 3038 1770 γέγονεν
3076 1703 3136 1755 ἐν
3163 1702 3241 1771 τῷ
3281 1700 3376 1755 νῦν
3407 1703 3599 1773 καίρίῖὴ
3626 1704 3796 1776 ﬂavom

588 1809 836 1867 tempore
891 1798 1033 1853 facta
1087 1806 1192 1861 est,
1246 1796 1422 1866 ipsius
1451 1794 1712 1848 videlicet
1756 1790 2033 1856 toleratio,
2068 1789 2159 1844 do-

2226 1865 2232 1867 »
2271 1793 2436 1848 αὑτοῦ
2471 1794 2568 1848 καὶ
2608 1797 2640 1865 ή
2671 1795 2871 1866 δωρεὰ,
2903 1797 2998 1849 καὶ
3037 1797 3071 1867 ή
3108 1795 3267 1866 χάρις
3301 1794 3404 1864 τῆς
3452 1795 3719 1866 μελλούσης
3744 1797 3797 1848 δι·

586 1905 720 1944 num
747 1889 1034 1959 gratiaque
1057 1889 1260 1943 futura:
1283 1887 1529 1958 iustitiae.
1561 1885 1810 1952 Quonam
1837 1894 2019 1939 autem
2051 1897 2157 1937 mo-

2223 1865 2244 1918 ³
2272 1889 2588 1961 καιοσύνης.
2628 1865 2759 1954 Πῶς
2793 1890 2889 1943 καὶ
2941 1865 3068 1942 τίνα
3113 1889 3353 1960 τρόπους
3387 1889 3448 1942 El
3476 1891 3578 1960 γὰρ
3597 1865 3794 1942 τοσοῦτον

586 1981 698 2035 do?
725 1980 860 2034 Nam
885 1980 951 2045 si,
987 1994 1110 2034 cum
1135 1978 1274 2034 adeo
1300 1978 1628 2049 longanimis
1653 1977 1840 2040 fuerit,
1869 1990 1933 2030 ac
1962 1983 2157 2029 tantam

2274 1982 2715 2053 μακροθυμήσας
2745 2022 2760 2046 ,
2823 1981 3081 2034 τοσοῦτον
3133 1981 3501 2053 χαρισάμενος
3527 2021 3543 2046 ,
3588 1981 3796 2051 τοσαύτης

590 2070 891 2125 contulerit
925 2071 1179 2141 gratiam,
1202 2078 1478 2139 tantoque
1520 2083 1752 2122 munere
1795 2067 2054 2137 dignatus
2077 2065 2161 2132 sit,

2271 2073 2483 2144 δωρεᾶς
2512 2072 2750 2138 ἀξιώσας
2794 2075 2894 2127 οὐκ
2935 2072 3272 2146 ἐπέστρεψεν
3328 2073 3438 2126 οὐδ’
3465 2073 3582 2143 ἔσχε
3623 2072 3793 2143 βελτιω-

587 2178 698 2216 non
732 2170 1022 2218 convertat
1054 2177 1173 2226 eos,
1195 2177 1377 2232 neque
1408 2161 1668 2215 meliores
1691 2159 1920 2214 ell'ectos
1945 2158 2158 2223 habeat,

2273 2166 2483 2231 θέντας,
2531 2166 2669 2237 μετὰ
2729 2166 2928 2236 πολλῆς
2967 2167 3076 2238 ἄρα
3129 2166 3477 2236 δικαιοσύνης
3514 2167 3698 2220 ἐκεῖθεν
3725 2170 3795 2220 ἐπ-

587 2256 645 2310 in
675 2257 863 2310 futuro
903 2271 1027 2311 cum
1064 2256 1236 2310 multa
1274 2254 1490 2327 justitia
1549 2253 1766 2308 inducit
1815 2251 2158 2323 supplicium

2274 2258 2397 2327 ἀγει
2425 2258 2524 2323 τὰς
2550 2259 2846 2331 τιμωρίας.
2882 2279 2900 2312 ι
2925 2261 3032 2313 Καὶ
3076 2259 3392 2313 δικαιοῦντα
3420 2259 3508 2312 τὸν
3532 2261 3590 2312 ἐκ
3616 2260 3794 2322 πίστεως

597 2366 614 2398 ι
649 2347 718 2402 Ει
759 2346 1070 2419 justiﬁcans
1108 2361 1235 2401 cum
1274 2346 1370 2416 qui
1415 2353 1599 2400 estex
1640 2343 1745 2398 ﬁde
1774 2344 1923 2399 Jesu.
1974 2361 1992 2395 ι
2030 2343 2168 2398 Ecce

2287 2350 2513 2419 Ἰησοῦν.
2543 2370 2563 2403 ι
2608 2352 2743 2406 ’ἰδοὺ
2790 2353 2822 2423 ἡ
2870 2351 3099 2417 ἔνδειξις
3129 2352 3228 2420 τῆς
3284 2350 3637 2419 δικαιοσύνης,
3666 2350 3716 2403 ab
3744 2350 3793 2420 μὴ

588 2443 964 2497 ostensioncm
1015 2441 1267 2512 iustitiae,
1311 2450 1444 2511 puta
1465 2440 1613 2510 quod
1645 2455 1757 2495 non
1782 2440 1960 2495 solum
1989 2441 2159 2511 justu:

2277 2444 2438 2513 μόνον
2467 2438 2614 2498 εἶναι
2653 2444 2864 2498 δίκαιον
2891 2445 2985 2498 τὸν
3014 2445 3169 2510 Θεὸν,
3203 2444 3344 2497 ἀλλὰ
3372 2445 3466 2496 καὶ
3501 2444 3578 2508 τὸ,
3607 2443 3791 2495 δικαιοῦν

591 2537 664 2591 sit
695 2537 862 2599 Deus,
923 2537 1020 2591 sed
1053 2544 1110 2590 et
1155 2535 1467 2606 justiﬁeaus
1494 2550 1644 2598 eum,
1699 2534 1795 2605 qui
1847 2543 1933 2590 est
1971 2551 2038 2591 ex
2066 2533 2162 2590 ﬁde

2273 2533 2367 2587 τὸν
2389 2533 2478 2586 διὰ
2511 2534 2750 2599 πίστεως
2783 2532 2879 2588 τοῦ
2928 2533 3105 2606 Ἰησοῦ
3160 2536 3364 2588 οἰκεῖον
3397 2532 3527 2587 Θεοῦ
3552 2531 3663 2587 λαὸν
3690 2534 3796 2601 γινό-

589 2628 748 2691 Jesu,
775 2643 976 2698 nempe
1005 2628 1290 2698 proprium
1329 2629 1422 2683 Dei
1449 2629 1712 2698 populum
1736 2627 2016 2683 effectum.
2279 2641 2462 2696 μενον.

664 2721 760 2786 ΙΙΙ,
787 2721 981 2775 27-5].
1023 2720 1118 2776 Ubi
1167 2731 1244 2775 est
1286 2721 1450 2791 igitur
1480 2720 2029 2791 gloriatio?Ea‘-clusa
2075 2729 2170 2776 est.

2347 2719 2474 2774 Ποῦ
2500 2714 2615 2775 οὖν
2651 2721 2690 2788 ἡ
2715 2720 3051 2789 καύχησις;
3097 2719 3510 2788 Ἐξεκλείσθη.
3536 2719 3627 2774 Διὰ
3661 2720 3793 2774 ποίου

593 2813 698 2868 Per
726 2830 884 2885 quam
910 2813 1117 2884 legem?
1142 2829 1360 2884 operum
1385 2813 1410 2866 ?
1433 2811 1482 2866 Ν
1491 2829 1578 2878 on,
1604 2813 1696 2866 sed
1713 2829 1808 2884 per
1838 2812 2002 2884 legem
2027 2812 2164 2881 ﬁdei.

2277 2814 2501 2882 νόμου;
2542 2813 2663 2866 τῶν
2703 2812 2895 2882 ἔργων
2909 2831 2930 2879 ;
2969 2813 3139 2883 Οὐχὶ,
3184 2814 3350 2868 ἀλλὰ
3397 2814 3493 2869 διὰ
3537 2815 3698 2883 νόμου
3722 2813 3791 2865 al-

591 2908 935 2962 Arbitramur
981 2907 1144 2976 igitur
1189 2905 1483 2976 justiﬁcari
1544 2905 1807 2960 hominem
1861 2921 1956 2976 per
2015 2905 2162 2973 ﬁdem

2278 2921 2491 2972 στεως.
2525 2905 2884 2976 Λογιζόμεθα
2911 2901 3046 2970 οὖν,
3085 2907 3290 2962 πίστει
3338 2907 3683 2962 δικαιοῦσθαι
3721 2905 3792 2957 ἁν-

592 2999 791 3069 absque
839 2999 1083 3070 operibus
1131 2997 1279 3068 legis.
1309 2998 1392 3054 Αη
1419 2997 1727 3053 Ιαάιεοηιηι
1752 2997 1888 3052 Deus
1919 3005 2128 3052 tantum
2155 3001 2163 3052 1

2279 3003 2539 3068 θρωπον,
2559 2999 2742 3068 χωρὶς
2773 3001 2966 3069 ἔργων
2987 3001 3199 3068 νόμου.
3229 3000 3300 3055 Ἦ
3329 2998 3609 3054 Ἰουδαίων
3641 3000 3668 3051 ό
3689 2997 3791 3062 Θεὸς

594 3109 664 3145 an
700 3107 803 3144 non
839 3099 888 3144 et
941 3090 1219 3161 gentium?
1248 3088 1400 3145 Certe
1434 3099 1486 3144 et
1529 3091 1768 3160 gentium
1801 3104 1822 3145 .°
1845 3091 2165 3162 quandoqui-

2274 3092 2507 3162 pdror;
2539 3091 2678 3160 οὐχὶ
2709 3090 2778 3144 δὲ
2803 3093 2900 3146 καὶ
2919 3090 3144 3157 soror,-
3169 3092 3284 3146 Ναὶ
3317 3094 3419 3146 καὶ
3444 3088 3636 3145 ἐθνῶν.
3652 3089 3791 3142 Ἐπεί-

593 3186 714 3238 dem
741 3199 876 3237 unus
902 3193 975 3237 est
1010 3181 1168 3250 Deus,
1196 3183 1286 3254 qui
1305 3183 1617 3254 justi/icabit
1643 3184 2094 3239 circumcisionem
2115 3199 2164 3237 ea

2222 3220 2252 3280 Β
2283 3199 2395 3250 περ
2422 3179 2511 3248 εἷς
2540 3185 2572 3236 ὀ
2605 3181 2770 3249 Θεὸς,
2806 3183 2875 3250 ὃς
2921 3181 3225 3240 δικαιώσει
3281 3182 3596 3254 περιτομὴν
3633 3181 3688 3234 ἐκ
3728 3175 3793 3233 πί-

594 3276 726 3344 ﬁde,
765 3287 812 3329 et
839 3278 1162 3347 praeputium
1198 3291 1294 3347 per
1332 3275 1513 3344 ﬁdem.
1543 3275 1736 3348 Legem
1769 3277 1934 3348 igitur
1967 3277 2165 3332 irritan

2222 3275 2250 3280 ⁷
2283 3292 2492 3341 στεως,
2525 3277 2623 3330 καί
2665 3277 3074 3346 ἀκροϐυστίαν
3101 3276 3200 3332 διὰ
3232 3278 3345 3346 τῆς
3377 3275 3793 3342 πίστεως-,Νόμαν

595 3369 820 3441 facimus
842 3385 935 3439 per
954 3367 1118 3436 ﬁdem
1145 3367 1171 3421 .9
1191 3367 1342 3422 Absit
1373 3367 1505 3422 ἐτεά
1527 3367 1694 3439 legem
1718 3367 2040 3422 stabilimus.

2283 3363 2400 3423 οὖν
2433 3370 2847 3438 καταργοῦμεν
2883 3369 2981 3424 διὰ
3010 3370 3121 3439 τῆς
3146 3371 3440 3436 πίστεως;
3466 3368 3557 3437 Μὴ
3590 3360 3793 3440 feretro!

2283 3460 2445 3515 ἀλλὰ
2472 3464 2664 3531 νόμον
2692 3461 2974 3532 ἱστῶμεν.

668 3551 830 3623 245
872 3551 971 3605 His
1017 3550 1186 3621 igitur
1216 3549 1293 3604 ita
1337 3548 1522 3614 factis,
1569 3550 1847 3620 Patreque
1895 3549 2181 3620 proprium

2357 3555 2576 3607 Τούτων
2622 3555 2802 3609 τοίνυν
2845 3554 2988 3609 οὕτω
3023 3557 3432 3627 γεγενημένων,
3465 3557 3553 3609 καὶ
3590 3552 3672 3606 τοῦ
3713 3551 3794 3604 Πα-

597 3644 845 3700 salvantc
887 3642 1173 3712 papulum,
1213 3642 1310 3712 qui
1343 3658 1412 3697 ex
1445 3641 1551 3696 ﬁde
1592 3639 1725 3698 Jcsu
1759 3649 1846 3696 est
1877 3658 1891 3696 :
1921 3641 2018 3697 ubi
2046 3657 2168 3714 ergc

2283 3646 2413 3717 τρὸς
2449 3646 2715 3712 σώζοντος
2757 3649 2851 3701 τὸν
2890 3651 2956 3702 ἐκ
3005 3649 3242 3712 πίστεως
3289 3649 3463 3721 Ἰησοῦ
3515 3645 3792 3703 οίκειωΘὲντα

596 3748 681 3794 est
711 3738 1028 3793 Judaeorum
1051 3736 1345 3807 gloriatio?
1370 3735 1626 3793 Ostendit
1653 3751 1750 3792 eos
1773 3753 1911 3793 vane
1935 3737 2167 3809 gloriari

2285 3737 2432 3805 λαὸν,
2466 3739 2570 3793 ποῦ
2628 3740 2816 3795 λοιπὸν
2869 3741 2978 3796 τῶν
3003 3740 3276 3796 Ἰουδαίων
3325 3746 3358 3815 ή
3413 3736 3793 3811 καύχησιςςΔεί·

596 3835 832 3890 Exclusa
865 3842 976 3900 est,
998 3849 1107 3888 non
1139 3833 1614 3904 dixit,Disparuit,
1640 3835 1758 3903 sed,
1787 3836 2022 3892 Exclusa
2052 3845 2138 3893 est

2285 3847 2474 3884 κνυσιν
2519 3831 2717 3895 αὐτοὺς
2747 3833 2874 3904 είκῆ
2907 3835 3321 3904 καυχωμένους.
3345 3830 3666 3902 Ἐξεκλείσϐη
3692 3843 3704 3858 ⁶
3724 3829 3793 3880 οὐκ

597 3923 900 3981 ostendens
947 3925 1096 3995 quod
1128 3925 1294 3981 etiam
1335 3935 1540 3983 sortem
1591 3943 1744 3983 suam
1771 3927 2051 3998 quondam
2085 3929 2168 3985 hat

2285 3919 2460 3986 εἶπεν,
2505 3923 2831 3993 Ἠφανίσθη,
2887 3924 3024 3991 ἀλλ’,
3086 3925 3472 3997 Ἐξεκλείσθη·
3515 3921 3700 3982 δεικνὺς
3739 3917 3794 3969 ὅτι

599 4019 744 4085 buit,
781 4032 930 4072 nunc
968 4033 1102 4073 vero
1133 4016 1271 4074 ﬁdes
1314 4019 1464 4074 illam
1502 4021 1758 4077 exclusit.
1793 4020 1968 4077 Porro
2007 4023 2170 4094 legem

2287 4016 2382 4068 καὶ
2437 4015 2624 4087 χώραν
2671 4011 2786 4087 εἶχέ
2846 4034 3001 4072 ποτε.
3039 4017 3156 4071 Νῦν
3215 4019 3402 4090 μέντοι
3449 4020 3482 4088 ή
3535 4015 3690 4074 πίστις
3719 4011 3794 4063 άπ-

601 4125 857 4180 operum,
912 4125 1011 4180 per
1036 4109 1406 4180 periphrasin]
1457 4111 1913 4182 loquendo,dicit
1965 4130 2172 4185 opera:

2287 4106 2532 4160 έκλεισεν
2579 4110 2774 4180 αὑτήν.
2799 4110 2990 4180 Νόμου
3024 4110 3224 4180 ἔργων,
3249 4113 3361 4165 τῶν
3392 4111 3562 4181 ἔργων
3588 4117 3795 4175 περιφρα·

599 4203 906 4274 eodemque
946 4202 1110 4258 modo
1133 4205 1310 4275 legem
1341 4203 1490 4270 tidei,
1513 4204 1568 4259 id
1593 4213 1678 4258 est
1704 4206 1998 4262 ﬁdem.Ait
2017 4223 2170 4278 ergo:

2288 4203 2512 4268 στικῶς.
2545 4203 2656 4257 Καὶ
2692 4204 2858 4274 νόμου
2890 4205 3149 4271 πίστεως,
3184 4204 3285 4274 τῆς
3311 4205 3544 4264 πίστεως
3585 4209 3796 4268 περιφρασ

597 4295 717 4350 Νοιι
743 4311 844 4366 per
864 4311 1030 4365 opera
1059 4312 1183 4366 quze
1213 4295 1445 4352 fecimus
1471 4297 1788 4352 Judaeorum
1809 4299 2063 4368 gloriatio
2091 4315 2168 4355 ex-

2289 4294 2514 4357 στικῶς.
2544 4295 2718 4366 Φησὶν
2764 4291 2890 4349 οὖν·
2935 4297 3010 4349 Ού
3043 4297 3112 4350 δι’
3141 4297 3322 4368 ἔργων
3357 4292 3431 4351 ὧν
3461 4289 3738 4364 ἐπράξαμεν
3771 4286 3793 4352 ‘l

602 4391 758 4444 clusa
789 4398 897 4454 est,
929 4389 1025 4444 sed
1048 4405 1148 4460 per
1177 4389 1367 4456 ﬁdem,
1403 4399 1661 4458 tanquam
1696 4391 1907 4446 diceret
1945 4409 1958 4444 :
1993 4392 2173 4448 Omnis

2287 4385 2560 4439 Ἰουδαίων
2587 4385 2858 4456 καύχησις
2891 4385 3233 4456 ἐξεκλείσθη,
3284 4385 3424 4442 ἀλλὰ
3469 4383 3554 4438 διὰ
3597 4381 3795 4435 πίστεως.

601 4483 693 4537 illa
749 4483 1006 4552 gloriatio
1061 4498 1294 4552 quaeque
1353 4481 1613 4537 videntur
1667 4484 2172 4554 praerogativaalpel

2285 4477 2361 4540 ὡς
2392 4473 2548 4530 εἶπεν
2567 4493 2581 4506 ·
2617 4477 2776 4530 Πᾶσα
2807 4477 2992 4548 ἐκείνη
3022 4479 3055 4550 ἡ
3081 4477 3372 4548 καύχησις,
3405 4477 3496 4530 καὶ
3524 4475 3585 4526 τὰ
3599 4467 3796 4525 δοκοῦντα

602 4573 767 4629 [idem
799 4574 1034 4629 exclusa:
1069 4584 1200 4629 sunt
1251 4574 1462 4644 absque
1493 4584 1810 4631 nostrorum
1861 4577 2173 4633 necessitatt

2225 4563 2269 4622 Ι)
2297 4570 2711 4642 προτερήματα,
2745 4569 2833 4623 διὰ
2868 4569 2968 4641 τῆς
3007 4570 3246 4633 πίστεως
3275 4567 3619 4636 ἀπεκλείσθη,
3639 4562 3689 4616 οὗ
3712 4558 3796 4623 δεη-

600 4681 860 4735 operum.
929 4685 946 4716 ι
978 4664 1329 4730 Arbitramur
1361 4667 1527 4737 igitur
1553 4683 1652 4736 per
1705 4667 1866 4722 ﬁdem
1897 4668 2168 4739 justiﬁcar

2293 4663 2498 4717 Θέντων
2527 4663 2685 4734 ἡμῶν
2744 4663 2940 4734 ἔργων.
2985 4683 3004 4716 ι
3029 4665 3379 4734 Λογιζόμεθα
3426 4662 3516 4715 οὖν
3557 4658 3710 4710 πίστει
3743 4649 3795 4702 δι-

604 4760 911 4823 hominem,
953 4780 972 4813 ι
1009 4771 1119 4817 etc.
1178 4761 1370 4831 Itaque
1426 4761 1684 4824 dicimus,
1729 4761 1929 4831 inquit,
1974 4761 2175 4816 erfidt

2292 4755 2580 4812 καιοῦσθαι
2609 4757 2916 4828 ἄνθρωπον,
2943 4777 2962 4810 ι
2998 4759 3096 4812 καὶ
3141 4759 3212 4812 τὰ
3271 4758 3420 4830 ἑξῆς.
3449 4748 3714 4823 Τοιγαροῦν
3733 4743 3793 4796 λέ.

600 4853 897 4922 iustiﬁcari
933 4853 1215 4909 hominem
1263 4853 1382 4909 sine
1426 4853 1564 4924 legis
1602 4852 2007 4909 observatione.
2053 4873 2072 4904 ι
2107 4853 2171 4908 At

2295 4865 2485 4918 γομεν.
2515 4849 2702 4920 φησὶν,
2755 4852 2820 4903 ὲκ
2875 4853 3118 4914 πίστεως
3171 4849 3510 4906 δικαιοῦσθαι
3549 4843 3793 4912 ἄνθρωπον,

603 4943 923 4998 Judreorum
956 4946 1100 5001 Deus
1141 4946 1399 5001 tantum?
1438 4965 1457 4996 ι
1498 4946 1634 5000 Nam
1660 4946 1704 5002 si
1735 4945 1882 5001 solos
1912 4945 2174 5017 eosjusti-

2291 4944 2461 5013 Χωρῖς
2491 4943 2590 5013 τῆς
2629 4945 2694 4996 ὲκ
2753 4943 2920 5014 νόμου
2956 4946 3416 5016 παρατηρήσεως.
3449 4962 3469 4996 ι
3491 4942 3554 4994 Ἢ
3587 4930 3792 4990 Ἰουδαίων

606 5030 823 5086 iicasset
871 5033 965 5103 qui
1015 5051 1082 5089 ex
1111 5037 1230 5106 lege
1277 5035 1639 5101 accedebant,
1674 5045 1771 5092 aut
1798 5037 1893 5106 qui
1932 5051 2053 5091 sese
2083 5036 2177 5108 legi

2294 5038 2323 5090 ὀ
2357 5036 2489 5100 Θεὸς
2532 5037 2756 5108 μόνονςι
2795 5039 2859 5090 El
2893 5038 3000 5106 γὰρ
3033 5039 3229 5109 μόνους
3263 5040 3388 5102 τοὺς
3437 5038 3498 5089 ὲκ
3545 5029 3627 5086 τοῦ
3672 5023 3791 5109 νόμον

604 5122 965 5191 adoptabant,
996 5135 1183 5180 etnon
1206 5142 1425 5182 omnem
1458 5128 1553 5196 qui
1593 5126 1846 5182 crederet
1878 5106 2175 5192 hominem,

2291 5106 2674 5198 ὁρμωμένους.
2706 5128 2739 5199 ἢ
2776 5127 2854 5198 τῷ
2885 5106 3046 5199 νόμῳ⁷
3086 5128 3430 5199 στοιχοῦντας
3479 5118 3703 5178 ἐδικαίου,
3726 5106 3790 5199 καὶ

607 5216 842 5270 alterius
885 5215 1154 5271 duntaxat
1201 5219 1373 5287 partis
1419 5219 1565 5274 Deus
1597 5230 1746 5275 esset
1787 5240 1799 5274 :
1829 5219 1924 5274 sed
1956 5235 2103 5273 nunc
2129 5225 2178 5273 el

2291 5221 2414 5290 οὐχὶ
2443 5219 2622 5274 πάντα
2652 5198 2940 5292 ἄνθρωπον
2965 5198 3058 5274 τδν
3087 5198 3432 5286 πιστεύοντα,
3462 5206 3723 5288 μονομερὴς
3746 5198 3789 5252 δ’

600 5309 922 5365 Iudaeorum
961 5309 1104 5364 Deus
1131 5318 1214 5364 est
1236 5319 1293 5365 et
1327 5312 1596 5381 gentium,
1641 5313 2091 5383 quandoquidem
2119 5327 2171 5366 ei

2289 5311 2359 5386 ἦν
2386 5317 2415 5367 ὁ
2447 5315 2600 5377 Θεὸς.
2637 5314 2781 5367 Ἀλλ’
2809 5315 2918 5370 ιδου
2941 5317 3034 5368 καὶ
3059 5316 3336 5370 Ἰουδαίων
3351 5314 3440 5368 καὶ
3463 5307 3614 5364 ὲθνῶν
3637 5295 3783 5386 teste.

604 5399 857 5468 utrisque
899 5398 1192 5456 credentes
1229 5401 1413 5455 salvos
1456 5401 1609 5456 facit.
1671 5420 1690 5453 ι
1721 5403 1822 5468 Qui
1863 5401 2175 5473 justilicahil

2294 5385 2484 5476 ἐπειδὴ
2521 5404 2684 5471 σώζει
2733 5407 3081 5477 ἀμφοτέρους
3139 5408 3546 5465 πιστεύσαντας·
3580 5416 3597 5449 ⁸
3620 5395 3696 5453 ὀἵ
3733 5385 3783 5477 δίί

602 5491 1084 5547 circumcisionem
1121 5509 1186 5547 ex
1219 5493 1348 5560 ﬁde,
1392 5512 1412 5546 ι
1449 5504 1558 5549 etc.
1603 5493 1670 5550 Et
1710 5495 1795 5550 his
1818 5495 1911 5565 qui
1955 5511 2023 5550 ex
2067 5495 2173 5566 lege

2295 5474 2524 5550 καιώσει
2551 5474 2856 5569 περιτομὴν
2887 5474 2963 5552 ὲκή
2982 5501 3244 5566 πίστεως,
3272 5501 3364 5556 καὶ
3389 5484 3706 5566 ἀκροϐυστίαν
3724 5474 3782 5528 διὶ

601 5592 754 5648 sunt,
794 5591 850 5637 et
876 5583 963 5638 bis
996 5585 1089 5655 qui
1123 5595 1276 5640 extra
1295 5587 1492 5656 legem,
1527 5587 1632 5641 lide
1655 5603 1794 5658 opus
1827 5597 1928 5655 est,
1961 5599 2022 5642 ut
2049 5589 2172 5644 salvi

2293 5591 2393 5658 τῆς
2431 5589 2690 5657 πίστεως,
2719 5610 2738 5643 ι
2770 5591 2866 5646 καὶ
2893 5593 2965 5646 τὰ
2991 5594 3139 5665 ἑξῆς.
3172 5596 3282 5650 Καὶ
3310 5595 3358 5648 ot
3385 5591 3486 5648 ἀπὸ
3523 5581 3607 5638 τοῦ
3645 5574 3780 5665 νόμνῦ

604 5677 760 5730 haut.
808 5693 828 5727 ι
885 5675 1085 5748 Legem
1134 5679 1300 5751 igitur
1326 5655 1539 5735 irritam
1595 5655 1867 5737 facimus?
1917 5701 1935 5736 ι
1971 5681 2175 5738 Turba-

2299 5684 2394 5738 καὶ
2431 5685 2479 5738 οἱ
2510 5685 2667 5750 ἐκτὸς
2717 5686 2811 5741 τοῦ
2868 5688 3056 5761 νόμου,
3090 5690 3327 5758 πίστεως
3373 5687 3564 5742 δέονται
3599 5669 3703 5742 ’πρὸς
3737 5655 3777 5711 τὸ

679 5854 724 5886 ⁸³
754 5853 890 5911 Gen.
927 5872 1057 5924 χιιι,
1107 5859 1192 5912 18.
1264 5859 1486 5915 “Joan.
1532 5877 1628 5926 xu,
1662 5862 1750 5916 217.
