3978 6552
227 353 339 416 38Ί

1311 352 1707 415 COMMENT.
1751 355 1831 416 IN
1862 354 2110 417 EPIST.
2148 355 2249 416 AD
2275 353 2461 418 BOM.

3413 354 3518 417 390

231 466 501 534 σωθῆναι,
544 463 769 534 «Νόμον
821 459 914 518 οῦν
981 465 1372 537 καταργοῦμεν
1425 467 1518 520 διὰ
1572 468 1674 538 τῆς
1732 468 1821 521 πί-

1931 469 2129 523 bantur
2155 467 2369 530 Judaei,
2403 465 2558 536 quasi
2593 465 2678 520 lex
2714 479 2812 536 per
2843 462 3004 518 ﬁdem
3034 463 3390 535 ahjiceretur.
3422 471 3517 524 Di.

230 575 408 620 στεως
432 573 446 619 ;
473 577 492 609 ι
529 558 859 628 Ἑθορύὸουν
882 559 1154 624 Ἰουδαῖοι,
1190 559 1265 624 ὡς
1299 561 1700 632 ἐκδαλλομένου
1729 561 1824 616 τοῦ

230 653 404 721 νόμου
459 650 551 704 διὰ
606 652 705 720 τῆς
758 651 1016 715 πίστεως.
1049 652 1213 720 Λέγει
1243 652 1336 706 οὖν
1365 655 1447 707 ὅτι
1481 655 1540 706 οὑ
1577 655 1736 725 μόνον
1764 655 1824 708 οὑ

230 745 510 814 καταργεῖ
529 731 575 814 ’ἡ
606 743 791 806 πίστις
827 743 919 797 τὸν
958 743 1143 814 νόμον,
1180 745 1319 799 ἀλλὰ
1345 748 1440 798 καὶ
1470 747 1658 817 ἵστησί
1687 766 1824 814 πως,

238 838 316 890 ὅτι
349 837 377 888 6
411 836 579 906 νόμος
612 835 786 889 σῶσαι
824 835 1168 906 βουλόμενος,
1196 839 1297 891 οὑκ
1336 838 1588 911 ίσχύει,ἡ
1639 840 1695 893 δὲ
1737 843 1828 894 πί-

239 946 350 992 στις
377 929 568 992 σώζει.
602 929 707 981 Τὸν
741 927 834 981 οὖν
861 930 1063 982 σκοπὸν
1110 929 1206 982 τοῦ
1255 931 1423 1001 νόμου
1474 932 1760 1004 πληροῦσα
1790 936 1822 1005 ἠ

233 1027 446 1084 πίστις,
479 1021 697 1089 ἵστησιν
727 1022 910 1075 αὐτόν.
961 1021 1167 1088 Εἰπὼν,
1201 1023 1483 1096 ’1στῶμεν,
1531 1025 1699 1092 ἔδειξε
1734 1043 1827 1079 σα-

227 1114 554 1182 λευόμενον.
579 1143 651 1154 ——
683 1116 932 1180 Ἄλλως.
962 1116 1164 1185 Ἔργον
1199 1111 1266 1188 ῆν
1315 1115 1410 1169 τοῦ
1440 1117 1630 1184 νόμου,
1683 1117 1824 1170 ὥστε

227 1207 448 1260 δίκαιον
501 1208 732 1276 ποιῆσαι
781 1208 874 1262 τὸν
925 1207 1234 1281 ἄνθρωπον,
1291 1209 1410 1264 ἀλλ’
1464 1211 1565 1264 οὑκ
1613 1211 1822 1282 ῐσχυσε.

228 1304 452 1366 Πάντες
481 1303 829 1375 γὰρ,φησὶν,
868 1303 1138 1374 ἥμαρτον,
1163 1306 1196 1374 ὴ
1247 1304 1430 1367 πίστις
1467 1304 1521 1356 δὲ
1568 1303 1821 1369 ἐλθοῦσα,

223 1396 391 1448 τοῦτο
422 1397 789 1466 κατώρθωσεν
810 1411 824 1425 ⁸
859 1399 994 1467 ὁμοῦ
1027 1398 1135 1468 γάρ
1161 1415 1246 1461 τις
1275 1399 1563 1450 ἐπίστευσε
1597 1398 1691 1450 καὶ
1721 1397 1826 1449 ἐδι-

225 1486 471 1558 καιώθη.
499 1488 710 1542 Οὐκοῦν
733 1488 927 1557 ἔστησε
957 1490 1052 1543 τοῦ
1083 1489 1252 1560 νόμου
1284 1489 1345 1543 τδ
1376 1489 1610 1560 θέλημα.
1648 1492 1824 1543 Ἀνω-

225 1577 323 1630 θεν
377 1579 407 1630 ὁ
447 1578 616 1647 νόμος
666 1579 761 1632 καὶ
808 1579 858 1632 οι
903 1579 1186 1649 προφῆται
1235 1581 1365 1652 περὶ
1424 1582 1526 1651 τῆς
1585 1581 1824 1646 πίστεως

226 1671 664 1740 προεθέσπισαν.
689 1703 756 1712 -
781 1671 1282 1745 [ΘΕΟΔΩΡΙΤΟΥᾸ
1311 1675 1601 1745 Δεχόμενοι
1644 1677 1823 1732 τοίνυν

223 1765 330 1836 τῆν
358 1766 572 1830 πίστιν,
609 1764 937 1834 βεϐαιοῦμεν
966 1764 1056 1818 τὸν
1087 1765 1273 1835 νόμον.

1933 563 2009 617 cit
2039 578 2178 633 ergo
2229 561 2375 632 quod
2409 577 2516 615 non
2548 561 2726 616 solum
2782 560 2993 614 irritam
3030 575 3138 614 non
3184 559 3314 616 facit
3343 562 3518 633 legem

1930 653 2112 710 ﬁdes:
2151 654 2458 724 quinetiam
2514 653 2924 724 quodammodo
2962 653 3217 708 stabilit:
3258 654 3388 724 quia
3431 657 3520 710 lex

1933 761 2059 800 cum
2087 746 2300 800 salvare
2335 747 2520 815 cupiat
2543 761 2651 800 non
2681 754 2881 814 potest,
2919 745 3055 800 ﬁdes
3075 756 3257 800 autem
3301 747 3476 801 salvat
3502 766 3516 802 :

1935 854 2060 892 cum
2086 853 2216 908 ergo
2237 838 2374 908 legis
2408 853 2636 907 scopum
2667 837 2802 892 ﬁdes
2836 838 3080 908 impleat,
3107 838 3308 893 merito
3342 839 3519 894 stabi-

1926 929 2030 982 lire
2065 929 2213 983 illam
2233 929 2671 984 dicitur.Dicens
2703 937 2916 992 autem,
2945 931 3292 996 Stabilimus,
3327 941 3519 986 osten-

1928 1023 2009 1076 dit
2040 1023 2185 1076 illam
2223 1022 2596 1076 vacillantem.
2617 1021 2736 1077 Alio
2770 1026 2944 1076 modo.
2967 1023 3127 1094 Legis
3155 1040 3296 1094 opus
3319 1033 3440 1078 erat
3461 1032 3524 1077 ut

1920 1115 2130 1185 justum
2150 1115 2643 1170 facerethominem
2669 1133 2681 1168 :
2703 1131 2892 1169 verum
2917 1116 3020 1170 hoc
3041 1131 3149 1170 non
3172 1117 3376 1187 potuit,
3393 1132 3519 1170 nam

1927 1208 2163 1273 Omnes,
2200 1208 2402 1278 inquit,
2435 1216 2805 1278 peccaverunt
2841 1229 2851 1260 :
2886 1223 3010 1261 cum
3035 1219 3220 1263 autem
3280 1209 3522 1264 venisset

1926 1299 2083 1356 ﬁdes.
2114 1299 2167 1352 id
2198 1300 2474 1354 correxit:
2500 1297 2665 1352 simul
2701 1314 2764 1352 ac
2795 1299 2940 1351 enim
2963 1299 3236 1368 quispiam
3259 1299 3519 1365 credidit,

1925 1391 2090 1446 etiam
2116 1391 2450 1462 justiﬁeatus
2468 1399 2573 1445 est.
2598 1389 2876 1444 Stabilivit
2905 1390 3088 1460 itaque
3112 1391 3248 1460 legis
3279 1391 3525 1444 volunta-

1929 1493 2060 1538 tem.
2105 1484 2500 1554 Superioribus
2534 1483 2877 1553 temporibus
2923 1483 3007 1537 lex
3058 1499 3122 1537 ac
3150 1484 3429 1553 propheta:
3451 1483 3520 1537 de

1925 1575 2033 1630 ﬁde
2055 1576 2339 1631 vaticinati
2372 1583 2523 1632 sunt.
2548 1605 2618 1616 —
2639 1575 2829 1631 Fidem
2854 1590 2986 1644 ergo
3008 1575 3374 1646 suscipientes
3390 1589 3522 1630 con-

1925 1667 2213 1725 ﬁrmamus
2237 1669 2440 1740 legem.

310 1860 374 1911 Τί
407 1857 526 1911 οὗν
583 1833 840 1926 ἐροῦμεν
882 1833 1162 1926 HAG-paria
1195 1856 1308 1911 τὸν
1369 1857 1598 1927 πατέρα
1655 1858 1825 1929 ἡμῶν

1993 1880 2085 1946 IV,
2113 1881 2163 1935 l.
2194 1879 2335 1946 Quid
2360 1897 2486 1951 ergo
2504 1880 2728 1934 dicimus
2755 1879 3023 1934 Abraham
3049 1887 3255 1949 patrem
3279 1887 3517 1934 nostrum

224 1949 558 2019 εὑρηκέναι
588 1950 738 2002 κατὰ
765 1949 1000 2016 σάρκα;

301 2039 470 2108 Μέγα
503 2037 774 2108 ἐφρόνουν
805 2039 900 2092 ἐπὶ
930 2038 1011 2110 τῷ
1033 2037 1291 2111 Ἀϐραὰμ
1338 2043 1387 2094 οἱ
1430 2041 1697 2108 Ἰουδαῖοι,
1732 2043 1826 2096 καὶ

227 2135 321 2188 ἀεὶ
345 2134 660 2205 προέφερον
687 2135 771 2188 ὅτι
798 2133 1054 2205 Ἀϐραάμ
1089 2135 1460 2207 περιετμήθη.
1497 2137 1707 2200 Σκοπὸς
1731 2132 1826 2192 οὖν

228 2223 385 2294 αὑτῷ
415 2223 616 2290 δεῖξαι,
637 2224 722 2277 ὅτι
752 2225 847 2278 καὶ
878 2224 1040 2284 αὐτὸς
1073 2224 1329 2295 Ἀϐραάμ
1369 2226 1470 2279 οὑκ
1511 2226 1572 2291 ἐξ
1621 2227 1823 2298 ἔργων,

227 2316 350 2369 ἀλλ’
387 2317 455 2368 ἐκ
485 2317 727 2380 πίστεως
771 2314 1089 2387 ἐδικαιώθη,
1133 2315 1228 2369 καί
1264 2333 1430 2386 φησιο
1474 2318 1577 2370 «Τί
1605 2318 1699 2372 οὖν
1723 2319 1814 2370 λέ-

228 2425 409 2478 γομεν
444 2408 701 2479 Ἀϐραὰμ
738 2407 832 2462 τὸν
870 2409 1013 2463 κατὰ
1058 2408 1238 2479 σάρκα
1282 2410 1496 2482 πατέρα
1537 2411 1696 2482 ἡμῶν
1731 2411 1821 2464 εὑ-

229 2506 506 2574 ρτ,κένιι;
535 2522 554 2553 ι
591 2503 686 2555 καὶ
717 2499 863 2565 τίνος
909 2501 1075 2555 αὑτὸν
1120 2503 1577 2575 ὲπιτετυχηκέναι
1624 2504 1828 2560 δικαιο-

231 2575 444 2664 σύνηςς
478 2597 581 2664 τῆς
612 2593 681 2647 δι’
709 2593 912 2664 ἔργων,
941 2595 974 2664 ἢ
1008 2593 1107 2663 τῆς
1154 2594 1242 2648 διὰ
1279 2594 1549 2664 πίστεως;
1583 2598 1692 2650 Καὶ
1722 2597 1830 2651 δεῖ-

229 2705 451 2753 κνυσιν,
506 2687 590 2740 ὃτι
620 2686 721 2756 τῆς
774 2687 868 2739 δια
934 2686 1195 2749 πίστεως.
1231 2686 1397 2741 Ὅθεν
1445 2689 1543 2742 καὶ
1607 2688 1828 2761 εὕρημα

230 2777 410 2849 αὑτὴν
439 2777 617 2832 καλεῖ.
654 2777 808 2830 Ἐπεὶ
851 2775 926 2848 μὴ
978 2777 1036 2842 ἐξ
1089 2776 1267 2846 ἔργων
1313 2777 1482 2848 αὐτὴν
1533 2779 1824 2850 ἐκτήσατο,

229 2870 350 2924 ἀλλ’
407 2871 472 2922 ἐκ
529 2869 789 2932 πίστεως,
825 2870 948 2938 ἥτις
996 2868 1182 2938 χάριτι
1229 2867 1365 2921 Θεοῦ
1408 2869 1830 2940 παρέχεται.-

232 2960 704 3035 [ΓΕΝΝΑΔΙΟΥ.]
729 2962 864 3014 Καθ’
883 2961 1185 3030 ὑπερεατόν
1203 2962 1349 3013 ἐστιν
1367 2962 1401 3031 ἡ
1427 2962 1604 3032 ῥῆσις,
1629 2964 1828 3018 οὑτωσὶ

228 3073 354 3118 πως
392 3054 624 3124 κειμένη
653 3071 666 3085 ·
705 3053 770 3106 Τί
814 3053 908 3106 οὖν
959 3053 1194 3124 ἐροῦμεν
1231 3054 1486 3125 Ἀϐραὰμ
1538 3055 1630 3108 τὸν
1685 3057 1828 3110 κατὰ

197 3151 422 3221 ⁴σάρκα
455 3151 670 3219 πατέρα
689 3149 848 3219 ἡμῶν
878 3149 1201 3221 εὑρηκέναι;
1245 3150 1602 3221 Ἀνέλθωμεν,
1637 3153 1820 3222 φησὶν,
1851 3187 1898 3248 c

231 3245 331 3297 ἐπὶ
377 3244 472 3298 τὸν
526 3241 769 3314 ἀρχηγὸν
815 3242 908 3296 τοῦ
954 3242 1096 3297 κατὰ
1131 3242 1310 3313 σάρκα
1339 3244 1529 3312 γένους
1558 3245 1736 3314 ἡμῶν,
1767 3245 1825 3300 ὃν

233 3339 301 3391 ἐκ
330 3339 552 3391 πάντων
581 3335 754 3389 ἐθνῶν
779 3334 1146 3406 ἐκλεξάμενος
1191 3336 1219 3388 ὁ
1269 3334 1424 3398 Θεὸς,
1457 3336 1721 3407 εὐλόγησέ
1765 3353 1824 3390 τε

233 3432 335 3484 καὶ
374 3431 453 3492 είς
485 3429 612 3493 τοὺς
642 3429 702 3494 ἐξ
725 3429 889 3482 αὑτοῦ
918 3427 986 3482 δι’
1006 3426 1172 3482 αὑτοῦ
1203 3428 1272 3482 τὰ
1308 3428 1408 3497 τῆς
1436 3427 1684 3497 εὐλογίας
1722 3429 1826 3482 ὑπ-

233 3524 434 3592 έσχετο
467 3521 878 3592 παραπέμψειν,
905 3521 1074 3591 Δῆλον
1108 3520 1217 3592 γάρ
1245 3521 1328 3575 ὅτι
1361 3522 1509 3585 ὅπως
1533 3523 1598 3576 ἂν
1616 3521 1728 3592 ἔχοι
1758 3521 1828 3576 τὰ

235 3615 362 3668 κατ’
399 3614 585 3676 αὑτὸν,
605 3612 781 3677 οὕτως
817 3614 1011 3684 σχήσει
1039 3613 1220 3668 καὶτὰ
1240 3613 1584 3685 ῆμέτερα.-
1617 3612 1823 3687 [ΦΩΤ.]

237 3689 336 3771 To,
378 3726 396 3757 ι
431 3707 588 3760 Κατὰ
642 3707 890 3777 σάρκα.»
924 3707 982 3758 ἐν
1029 3705 1326 3778 ὑπερϐατῷ
1382 3709 1584 3760 κεῖται.
1642 3707 1715 3760 Ἠ
1769 3707 1825 3761 δέ

238 3799 388 3850 κατὰ
445 3796 634 3865 φύσιν.
681 3796 818 3851 ἀλλὰ
878 3795 954 3867 μὴ
1000 3797 1145 3850 κατὰ
1200 3801 1388 3870 σχῆμα
1436 3797 1705 3870 ἑρμηνεία
1731 3798 1826 3852 τοῦ

239 3889 406 3956 λόγου
431 3906 445 3920 ·
486 3889 529 3942 Τ
537 3888 552 3941 ί
581 3889 673 3942 οὖν
706 3889 940 3960 ἐροῦμεν
961 3889 1216 3961 Ἀϐραὰμ
1253 3890 1548 3961 εὑρηκέναι
1573 3891 1664 3943 τὸν
1688 3891 1828 3945 κατὰ

239 3984 425 4054 σάρκα
454 3983 616 4052 ἡμῶν
656 3983 902 4055 πατέρα;
936 3984 1071 4055 πρὸς
1107 3982 1396 4047 Ἰουδαίους
1449 3983 1506 4037 δὲ
1557 3984 1585 4036 ὁ
1648 3984 1826 4053 λόγος.

239 4071 392 4140 Οἶον,
427 4078 551 4128 ἐπεί
583 4094 742 4146 φησι,
774 4077 848 4130 Τὸ
882 4078 991 4131 πᾶν
1022 4076 1150 4146 ὑμῖν
1193 4077 1297 4146 τῆς
1337 4076 1696 4147 σεμνολογίας
1733 4079 1830 4131 καὶ

243 4170 627 4240 μεγαλαυχίας
652 4173 708 4222 ἐν
730 4169 806 4240 τῷ
830 4171 970 4223 κατᾶ
985 4170 1166 4240 σάρκα
1194 4164 1369 4241 ⁴πατρὶ
1400 4170 1557 4240 ἡμῶν
1574 4171 1830 4241 Ἀϐραάμ

240 4265 384 4322 ἐστι,
421 4263 793 4332 σκοπῆσωμεν
817 4263 867 4314 τί
898 4263 961 4314 ἂν
992 4263 1243 4333 εἷποιμεν
1271 4264 1480 4315 ἐκεῖνον
1508 4263 1826 4334 εὑρηκέναι.

239 4353 354 4406 Καί
388 4369 555 4422 φησιν
607 4353 770 4414 αὐτὸς
805 4352 1034 4423 προῖὼν,
1071 4353 1154 4405 ὅτι
1185 4354 1280 4405 καὶ
1304 4354 1649 4422 δικαιοσύνην
1679 4349 1827 4426 εὗρε.

239 4445 421 4498 Τοῦτο
452 4445 561 4515 γάρ
587 4447 703 4498 ἐστι
745 4445 826 4509 τὸ,
866 4464 884 4496 ι
916 4446 1025 4498 Καὶ
1067 4446 1320 4515 ἐλογίσθη
1351 4446 1500 4515 αὑτῷ
1523 4448 1599 4508 είς
1627 4447 1832 4500 δικαιο-

1923 1974 2190 2028 invenisse
2221 1973 2509 2027 secundum
2541 1989 2758 2026 carnem
2779 1972 2804 2024 ?

1995 2060 2160 2131 246
2208 2059 2656 2115 lntumescebant
2694 2060 2870 2116 εἰυάαιὶ
2935 2059 3173 2114 Abrahae
3243 2061 3468 2116 nomine
3499 2103 3515 2126 ,

1923 2167 2255 2223 semperque
2306 2153 2670 2223 proferebant
2729 2152 2879 2222 quod
2941 2154 3308 2208 circumcisus
3368 2165 3515 2208 esset

1925 2245 2223 2299 Abraham.
2259 2245 2360 2300 llic
2387 2260 2518 2315 ergo
2559 2260 2762 2314 scopus
2789 2257 2873 2299 est
2897 2245 3161 2314 Apostolo
3197 2245 3512 2310 ostendere,

1926 2337 2105 2406 ipsum
2153 2352 2376 2407 quoque
2429 2336 2708 2392 Abraham
2739 2353 2849 2391 non
2875 2353 2942 2391 ex
2983 2337 3270 2406 operibus,
3306 2337 3403 2391 sed
3446 2353 3514 2392 ex

1927 2429 2035 2484 ﬁde
2073 2428 2442 2500 justiﬁcatum
2478 2428 2824 2490 esse,etait:
2864 2445 2883 2478 ι
2920 2427 3061 2494 Quid
3107 2443 3238 2499 ergo
3281 2428 3517 2484 dicimus

1927 2519 2202 2575 Abraham
2228 2528 2439 2590 patrem
2478 2527 2732 2574 nostrum
2764 2519 3072 2575 secundum
3103 2536 3328 2576 carnem
3355 2521 3514 2576 inve—

1927 2612 2075 2666 nisse
2095 2611 2149 2665 ⁸2»
2167 2627 2403 2682 quamve
2427 2621 2809 2667 assecutusest
2843 2613 3115 2683 justitiam
3133 2613 3156 2666 ?
3174 2628 3371 2669 eamne
3395 2629 3518 2684 quze

1927 2713 2012 2758 est
2043 2718 2143 2773 per
2177 2718 2369 2773 opera,
2399 2718 2468 2757 an
2491 2719 2615 2772 quae
2649 2719 2747 2772 per
2778 2702 2944 2759 ﬁdem
2975 2705 3079 2758 ?et
3101 2706 3346 2761 ostendit
3367 2707 3514 2777 quod

1927 2811 2048 2850 eam
2089 2811 2211 2865 qua:
2242 2805 2326 2850 est
2362 2811 2459 2864 per
2498 2795 2661 2850 ﬁdem
2695 2813 2708 2849 :
2750 2795 2894 2850 unde
2923 2803 2980 2851 et
3018 2797 3168 2853 illam
3204 2807 3366 2852 vocat
3400 2813 3514 2853 rem

1931 2887 2233 2952 inventam,
2292 2887 2422 2956 quia
2475 2903 2585 2940 non
2635 2902 2701 2941 ex
2735 2887 2999 2956 operibus
3044 2903 3162 2942 eam
3191 2897 3389 2944 nactus
3407 2899 3516 2957 est,

1930 2978 2027 3034 sed
2058 2994 2124 3033 ex
2147 2977 2254 3033 ﬁde
2283 2994 2404 3048 quae
2432 2979 2527 3034 Dei
2563 2977 2739 3048 gratia
2765 2978 3070 3033 confertur.
3093 3010 3164 3021 -—
3195 2981 3298 3036 Per
3319 2982 3520 3052 hyper-

1929 3071 2098 3126 baton
2129 3082 2215 3127 est
2247 3073 2472 3136 locutio,
2515 3079 2573 3126 ut
2605 3071 2679 3125 ita
2705 3083 2944 3140 ponatur
2978 3089 2990 3125 :
3019 3071 3163 3139 Quid
3189 3089 3322 3144 ergo
3361 3074 3516 3131 dice-

1930 3179 2055 3218 mus
2074 3163 2372 3228 Abraham,
2403 3164 2497 3233 qui
2527 3163 2829 3219 secundum
2855 3179 3076 3219 carnem
3094 3177 3178 3220 est
3211 3176 3367 3236 pater
3412 3183 3516 3222 no-

1929 3266 2074 3321 ster,
2111 3256 2432 3312 invenisse?
2470 3256 2865 3322 Ascendamus,
2910 3256 3112 3326 inquit,
3152 3257 3218 3312 ad
3244 3258 3516 3330 originem

1927 3348 2148 3420 generis
2178 3349 2354 3403 nostri
2381 3348 2687 3403 secundum
2719 3364 2969 3414 carnem,
2991 3359 3048 3404 et
3085 3365 3212 3404 eum
3250 3367 3414 3421 quem
3445 3368 3516 3406 ex

1928 3440 2189 3495 omnibus
2241 3440 2507 3510 gentibus
2557 3440 2798 3494 electum
2838 3439 3291 3496 henedixitDeus
3327 3452 3419 3496 :et
3457 3443 3515 3498 in

1928 3549 2024 3590 eos
2075 3533 2172 3604 qui
2223 3533 2389 3588 abeo
2446 3532 2872 3596 descenderent,
2927 3548 3048 3603 quae
3112 3533 3519 3591 benedictionis

1927 3637 2088 3683 erant
2144 3642 2244 3697 per
2277 3643 2403 3682 eum
2431 3642 2490 3682 se
2523 3627 2822 3681 missurum
2877 3641 3000 3681 esse
3029 3628 3306 3698 promisit.
3345 3628 3520 3685 Mani-

1929 3717 2129 3774 festum
2173 3724 2259 3773 est
2309 3717 2458 3772 enim
2489 3715 2670 3786 quod,
2707 3716 2874 3771 sicuti
2911 3732 3034 3771 cum
3060 3717 3156 3772 illo
3188 3728 3370 3773 aetum
3409 3730 3514 3785 est,

1930 3810 2003 3864 ita
2031 3818 2087 3864 et
2114 3809 2404 3886 nobiseum
2429 3817 2646 3879 agetur.
2687 3840 2754 3850 —
2787 3809 3062 3863 Particula
3092 3810 3202 3874 illa,
3244 3829 3262 3861 ι
3303 3810 3514 3867 Secun-

1929 3903 2060 3958 dum
2112 3917 2359 3968 carnem,
2403 3920 2421 3952 ι
2449 3917 2550 3971 per
2582 3900 2924 3972 hyperbaton
2965 3902 3208 3970 ponitur.
3251 3901 3517 3959 Ordinate

1928 4011 2064 4050 vero
2112 4007 2312 4050 etnon
2353 3995 2510 4064 juxta
2564 3993 2788 4048 schema
2822 3994 2930 4048 erit
2969 3994 3084 4048 haec
3133 3995 3521 4065 interpretatio

1931 4089 2207 4144 sermonis
2236 4105 2249 4140 :
2286 4086 2427 4154 Quid
2469 4102 2600 4155 ergo
2625 4085 2874 4140 dicemus
2906 4086 3180 4141 Abraham
3215 4089 3514 4154 invenisse,

1931 4183 2026 4252 qui
2058 4180 2365 4235 scentulum
2411 4195 2636 4234 carnem
2666 4187 2823 4249 pater
2849 4188 3036 4232 noster
3060 4179 3185 4232 est?
3236 4180 3406 4233 Porro
3447 4180 3517 4236 ad

1931 4273 2153 4328 Judaeos
2175 4286 2362 4326 sermo
2401 4279 2506 4335 est,
2544 4285 2610 4324 ac
2636 4270 2681 4324 si
2710 4269 2860 4324 dicat
2898 4268 3075 4324 :Cum
3110 4269 3285 4324 nostri
3319 4286 3518 4340 super-

1931 4365 2044 4420 cilii
2077 4380 2139 4418 ac
2166 4365 2441 4435 iactantia:
2467 4378 2682 4417 summa
2709 4363 2781 4417 sit
2806 4361 2860 4415 in
2883 4360 3180 4427 Abraham,
3211 4362 3340 4431 quia
3362 4371 3520 4432 pater

1933 4466 2124 4511 uoster
2161 4465 2246 4510 est
2277 4455 2583 4510 secundum
2615 4469 2866 4520 carnem,
2897 4452 3317 4507 consideremus
3349 4452 3516 4522 quid-

244 4537 438 4609 σύνην,
465 4556 483 4588 ι
519 4541 819 4600 τουτέστιν,
846 4538 926 4590 ὅτι
951 4537 1266 4606 ἐδικαιώθη.
1307 4538 1380 4590 Τὸ
1408 4537 1516 4609 γὰρ
1552 4540 1732 4606 εὑρεῖν
1753 4540 1826 4593 δι-

1935 4565 2060 4603 nam
2103 4548 2288 4603 dicere
2344 4547 2622 4617 possimus
2655 4546 2810 4599 illum
2855 4543 3153 4599 invenisse.
3186 4544 3254 4598 Et
3289 4545 3364 4596 ait
3401 4544 3516 4613 ipse

243 4632 572 4701 καιοσύνην,
603 4631 965 4702 δικαιωθῆναί
1010 4633 1179 4685 ἐστιν.
1214 4626 1388 4704 Εὗρεν
1423 4630 1516 4687 οὖν
1555 4633 1828 4688 δικαιοσὺ-

241 4743 365 4794 νην,
419 4725 556 4778 ἀλλὰ
611 4723 728 4787 πῶς
767 4720 954 4796 εὗρεν;
989 4723 1081 4790 Ἐξ
1125 4724 1327 4795 ἔργων,
1376 4724 1409 4796 ἢ
1449 4728 1513 4779 ἐκ
1551 4727 1822 4795 πίστεως;

1933 4640 1991 4693 in
2044 4639 2408 4708 sequentibus
2454 4637 2600 4708 quod
2663 4637 2834 4692 etiam
2892 4635 3162 4706 justitiam
3220 4634 3515 4690 invenerit.

1936 4734 2052 4786 Hoc
2090 4732 2237 4785 enim
2267 4741 2351 4786 est
2385 4731 2534 4802 quod
2571 4731 2648 4784 ait
2682 4746 2694 4782 :
2735 4749 2753 4780 ‹
2791 4728 3204 4796 Etimpntatum
3235 4734 3318 4780 est
3368 4725 3417 4780 ei
3447 4726 3516 4780 ad

241 4821 360 4872 Καὶ
391 4818 666 4872 δείκνυσιν
688 4817 769 4870 ὅτι
809 4820 872 4869 ἐκ
898 4818 1154 4881 πίστεως,
1192 4819 1446 4888 μάρτυρα
1477 4818 1576 4888 τὴν
1605 4821 1826 4891 Γραφὴν

1931 4824 2225 4896 justitiam,
2262 4842 2280 4875 ›
2302 4823 2407 4878 hoc
2429 4834 2534 4888 est,
2558 4822 2704 4893 quod
2727 4820 3061 4892 justiﬁeatns
3093 4828 3194 4876 est.
3230 4819 3516 4889 Siquidem

242 4909 544 4980 παριστὰς.
589 4906 913 4959 Ἑπίστευσε
990 4907 1122 4977 γὰρ,
1185 4908 1373 4977 φησὶν,
1438 4908 1696 4980 Ἀϐραὰμ
1752 4912 1831 4983 τῷ

241 5002 386 5075 Θεῷ,
437 5001 532 5054 καὶ
575 5001 830 5071 ἐλογίσθη
880 5000 1029 5071 αὑτῷ
1090 5003 1169 5064 εἰς
1216 5001 1588 5075 δικαιοσύνην.
1620 5005 1684 5057 Τί
1712 5001 1828 5070 οὖν,

245 5097 438 5166 φησὶν,
493 5096 594 5148 οὑκ
646 5090 791 5166 εἶχεν
835 5095 1031 5166 ἕργαὸ
1069 5096 1358 5168 Ἀδραάμ;
1419 5098 1534 5152 Οὑκ
1590 5099 1828 5153 ἐδικαίου

242 5191 423 5245 ταῦτα
467 5191 673 5256 αὑτὸνς
727 5190 818 5262 Μὴ
871 5190 1115 5257 γένοιτοὲ
1153 5191 1331 5260 Ἔργα
1389 5190 1488 5261 μὲν
1521 5191 1630 5262 γὰρ
1664 5188 1829 5262 εἶχεν,

243 5283 389 5336 ὥστε
417 5283 555 5354 πρδς
580 5285 704 5346 τοὺς
740 5281 1308 5352 συμπολιτευομένους
1333 5281 1482 5353 αὑτῷ
1509 5283 1833 5354 ἀνθρώπους

245 5377 597 5448 κρινόμενον,
631 5375 991 5444 δικαιωθῆναι
1040 5376 1135 5427 καὶ
1170 5376 1537 5448 προκριθῆναι
1583 5377 1828 5432 ἐκείνων.

245 5471 322 5523 Τὸ
379 5470 436 5522 δὲ
493 5469 631 5539 πρὸς
680 5470 771 5520 τὸν
802 5467 932 5520 Θεὸν
987 5467 1341 5538 δικαιωθῆναι
1375 5469 1438 5522 ἐκ
1485 5470 1594 5522 τῶν
1654 5469 1837 5541 ἔργων

247 5564 444 5628 αὑτοῦ,
474 5561 615 5616 ὥστε
664 5562 814 5626 ἄξιον
860 5562 955 5614 καὶ
989 5562 1296 5615 ἰσοστάσιον
1320 5562 1512 5616 ἑαυτὸν
1543 5564 1832 5634 παραστῆ-

249 5680 342 5714 σαι
377 5660 481 5726 τῆς
532 5658 744 5711 ἐκεῖθεν
803 5656 1190 5728 παρεχομένης
1244 5656 1568 5728 εὐεργεσίας
1610 5659 1704 5710 καὶ
1731 5657 1835 5712 δωο

249 5758 404 5826 ρεὶς,
463 5752 746 5815 παντελῶς
810 5750 1162 5804 ἀπελείπετο.
1222 5747 1433 5802 Οὐκοῦν
1489 5747 1642 5800 οὐδὲν
1695 5749 1833 5814 ὅλως

250 5851 363 5920 ἔχει
397 5846 686 5917 καύχημα,
711 5845 828 5915 ῆτοι
855 5843 1178 5915 προτέρημα
1210 5843 1303 5895 καὶ
1328 5841 1663 5913 κατόρθωμα
1695 5843 1830 5915 πρὸς

1934 4916 2212 4972 invenisse
2245 4916 2361 4970 sive
2388 4925 2611 4970 nactqu
2646 4930 2769 4970 esse
2795 4912 3096 4984 justitiam,
3130 4921 3216 4966 est
3245 4911 3517 4981 justiﬁca-

1935 5018 2053 5062 tum
2094 5023 2238 5063 esse.
2269 5007 2484 5062 Invenit
2516 5021 2650 5077 ergo
2676 5013 2730 5059 et
2761 5012 2957 5058 nactus
2979 5011 3063 5058 est
3102 5003 3397 5072 justitiam.
3447 5005 3518 5058 At

1933 5100 2212 5170 quomodo
2243 5107 2441 5154 nactus
2466 5097 2596 5152 'est?
2648 5113 2719 5152 ex
2751 5097 3037 5166 operibus,
3079 5113 3148 5151 an
3176 5115 3242 5152 ex
3274 5097 3418 5152 ﬁde?
3448 5098 3519 5153 Et

1934 5194 2178 5249 ostendit
2199 5193 2344 5263 quod
2371 5209 2438 5248 ex
2473 5191 2602 5256 ﬁde,
2644 5207 2771 5246 eum
2801 5191 3141 5261 Scripturam
3169 5191 3429 5260 producit
3460 5192 3516 5245 in

1937 5295 2153 5341 testem.
2178 5285 2314 5340 Nam
2341 5285 2419 5338 ait
2449 5303 2461 5338 :
2498 5304 2516 5337 ι
2552 5284 2805 5340 Credidit
2834 5283 3112 5339 Abraham
3145 5284 3277 5347 Deo,
3303 5294 3360 5338 et
3409 5283 3514 5338 im-

1935 5387 2190 5449 putatum
2221 5386 2308 5433 est
2333 5378 2384 5432 ei
2417 5378 2483 5432 ad
2515 5377 2813 5450 justitiam.
2861 5396 2878 5429 ι
2935 5376 3078 5444 Quid
3112 5392 3268 5447 ergo.
3313 5376 3515 5446 inquit,

1934 5489 2044 5526 non
2079 5471 2272 5526 habuit
2294 5470 2568 5526 Abraham
2593 5471 2933 5541 Opera?non
2969 5470 3084 5524 haze
3116 5469 3269 5522 illum
3309 5466 3518 5538 justiﬁ-

1936 5564 2177 5620 carunt?
2203 5563 2364 5618 Absit
2390 5565 2403 5617 ἓ
2432 5563 2612 5634 Opera
2643 5563 2917 5633 siquidem
2944 5560 3162 5621 habuit,
3195 5568 3255 5613 ut
3299 5559 3343 5611 si
3388 5574 3515 5611 cum

1937 5657 2256 5712 hominibus
2279 5658 2373 5728 qui
2397 5656 2560 5712 simul
2590 5673 2714 5710 cum
2741 5671 2809 5710 eo
2834 5653 3198 5708 versabantur
3229 5650 3424 5704 fuisset
3460 5649 3517 5704 in

1931 5749 2142 5820 judicio
2167 5750 2526 5814 constitutus,
2573 5746 3092 5818 facilejustiﬁcatus
3119 5743 3332 5805 fuisset,
3380 5741 3517 5796 illis-

1937 5858 2046 5912 que
2105 5841 2470 5912 antepositus,
2501 5856 2691 5896 verum
2719 5849 2777 5896 ut
2801 5852 2986 5894 coram
3021 5835 3134 5892 Deo
3155 5850 3220 5890 ex
3248 5833 3363 5889 suis
3380 5849 3515 5906 ope-
