3978 6554
554 387 662 454 εει
1672 375 1783 438 (EC
1794 373 2072 437 UMENII
2094 371 2388 435 TRICCE
2423 370 2767 434 EPISCOI’I
3690 375 3771 441 392

554 503 713 560 ribus
734 496 1156 573 justiﬁcaretur,
1182 501 1441 564 tanquam
1463 489 1663 562 dignus
1686 498 1743 544 et
1767 487 1996 557 aequalis
2023 501 2125 541 sese

2199 493 2221 548 ι
2249 487 2341 540 τὸν
2370 485 2526 552 Θεὸν,
2556 487 2634 550 εἰς
2678 484 2739 538 τὸ
2778 483 3081 555 ἀξιωθῆναι
3113 483 3209 558 τῆς
3255 484 3563 556 εὐεργεσίας
3590 493 3667 545 καὶ
3691 494 3770 550 δω.

553 594 811 670 praebens
851 588 1137 663 dignitatis
1190 601 1314 641 cum
1347 600 1412 640 ea
1461 598 1586 653 qum
1616 580 1745 635 inde
1788 580 2124 651 praebebatui

2250 578 2397 648 ρεᾶς.
2429 577 2494 629 Τί
2521 576 2632 648 γὰρ
2662 575 2729 630 ἄν
2759 593 2844 640 τις
2872 576 2967 629 καὶ
3013 575 3081 629 δι’
3109 577 3288 647 ἔργων
3319 578 3616 644 ἑπιδεέξειεν
3638 583 3769 653 ἆξον,

553 667 926 746 beneﬁcentia
960 699 1023 739 ac
1051 682 1198 737 dono
1238 697 1253 735 :
1307 690 1657 748 nequaquam
1688 673 1889 731 fuisset
1918 673 2011 728 illa
2049 687 2124 728 as-

2243 668 2341 721 τυῦ
2377 668 2518 738 μετὰ
2556 667 2895 740 τηλικαύτην
2920 667 3138 738 φύσεως
3181 669 3468 740 νέκρωσιν,
3502 673 3666 738 παιδὸς
3694 693 3771 731 πα.

552 791 796 838 secutus.
859 778 1050 847 Itaque
1102 772 1241 828 nihil
1296 769 1524 827 omnino
1606 768 1774 823 habet
1857 765 2116 838 gloriatio

2240 763 2378 834 τέρα
2410 762 2644 833 ὀφθῆναι
2670 779 2684 831 ;
2716 764 2813 817 καὶ
2846 763 3078 835 βλαστὸν
3098 765 3311 830 κοιλίας
3335 766 3577 835 ἐκφῦναι,
3603 771 3681 827 καὶ
3699 775 3766 829 τοῦ

554 872 714 944 247
752 879 847 925 aut
869 866 1239 940 praerogativa
1267 873 1594 931 rectumque
1622 874 1762 931 Opus
1782 874 1967 914 coram
2027 858 2125 914 Det

2244 855 2624 927 πληθυνθῆναι
2676 855 2738 910 τδ
2786 859 3012 928 σπέρμα
3062 857 3231 912 αὐτοῦ
3288 859 3363 922 ὡς
3398 859 3493 927 τὴν
3522 862 3681 932 ἄμμον
3699 870 3772 938 τῆς

554 965 625 1020 ad
680 964 785 1018 hoc
833 968 894 1015 ut
926 960 1152 1031 dignum
1184 955 1443 1012 redderet
1473 952 1725 1010 beneﬁcii
1752 952 2045 1007 collatione
2078 966 2125 1006 at

2244 948 2547 1020 θαλάσσης,
2601 948 2697 1003 καὶ
2745 949 2842 1002 τοῦ
2908 949 3335 1021 ὲνευλογηθῆναι
3372 953 3436 1005 τὰ
3470 948 3588 1025 ἔθνη
3629 958 3677 1009 ὲν
3716 959 3775 1030 τῷ

552 1058 718 1113 dono.
750 1053 893 1122 Quid
931 1053 1079 1107 enim
1113 1051 1159 1106 si
1184 1052 1311 1121 quis
1336 1050 1489 1105 illum
1513 1049 1902 1103 demonstrare
1931 1045 2123 1099 nitatul

2247 1044 2530 1113 σπέρματι
2557 1041 2748 1108 αὑτοῦ,
2785 1045 2879 1096 καὶ
2908 1041 3003 1096 τοῦ
3078 1042 3314 1115 Χριστὸν
3345 1043 3545 1096 ἐκεῖθεν
3574 1046 3652 1100 τὸν
3686 1065 3773 1103 κοι-

550 1164 651 1220 per
686 1162 853 1217 opera
892 1144 1120 1216 dignum
1150 1142 1342 1208 fuisse,
1396 1148 1456 1195 ut
1497 1148 1620 1210 post
1671 1146 1877 1193 tantam
1931 1147 2121 1191 natura

2242 1136 2335 1189 νὺν
2377 1135 2607 1206 Σωτῆρα.
2654 1135 2979 1207 προελθεῖνς
3019 1136 3209 1207 Ὁρᾷς,
3245 1137 3330 1189 ὅτι
3376 1136 3522 1191 οῦδὲν
3543 1139 3661 1203 ὅλως
3689 1142 3772 1212 ἔχει

552 1236 1036 1294 mortiﬁcationem
1062 1233 1159 1288 ﬁlii
1188 1241 1346 1302 pater
1378 1229 1791 1293 ostenderetur,
1828 1242 1893 1281 ac
1927 1224 2123 1279 ventri:

2243 1226 2354 1281 οὐδ’
2388 1227 2534 1298 ἴχνος
2559 1226 2767 1298 ἔργων,
2799 1228 2937 1300 πρὸς
2961 1228 3063 1293 τὰς
3108 1227 3443 1302 τηλικαύτας
3472 1230 3532 1282 ὲκ
3563 1229 3678 1283 Θεοῦ
3700 1234 3774 1288 δω.

549 1344 778 1401 germen
809 1326 1125 1382 exoriretur
1167 1342 1182 1377 :
1220 1332 1281 1377 ut
1304 1337 1497 1377 semen
1539 1322 1660 1391 ejus
1684 1328 1943 1387 tanquam
1972 1331 2120 1370 aren:

2247 1319 2411 1391 ρεά;;
2444 1319 2608 1373 πόθεν
2629 1316 2723 1374 οὖν
2749 1319 2956 1393 ἠξιώθη
2989 1321 3198 1376 τούτων
3223 1321 3355 1388 ;Ἐκ
3373 1321 3534 1392 μόνης
3564 1323 3771 1388 πίστεως.

553 1421 724 1475 maris
754 1416 1220 1488 multiplicaretur
1256 1431 1269 1468 :
1303 1422 1570 1484 prmterea
1595 1419 1657 1466 ut
1685 1411 1740 1465 in
1780 1409 1994 1464 semine
2018 1408 2124 1478 ejut

2250 1432 2269 1466 ι
2309 1415 2629 1468 Ἐπίστευσε
2676 1415 2807 1485 γὰρ,
2860 1418 3029 1485 φησιν
3077 1417 3110 1486 ἠ
3170 1414 3390 1485 Γραφὴ,
3439 1414 3669 1487 ’Ᾱϐραὰμ
3715 1419 3772 1491 τῷ

558 1526 754 1566 omnes
786 1517 978 1580 gentes
1012 1505 1482 1561 benedicerentur
1514 1518 1527 1554 :
1562 1502 1630 1557 ad
1653 1502 1769 1556 haec
1795 1508 1855 1555 ut
1884 1499 2129 1555 Christus

2244 1507 2386 1577 θεῷ,
2437 1508 2531 1561 καὶ
2577 1506 2831 1579 ἐλογίσθη
2889 1506 3041 1578 αὑτῷ
3092 1509 3170 1570 εἰς
3210 1506 3572 1578 δικαιοσύνην.
3601 1528 3618 1560 ›
3651 1512 3772 1579 Ἕςῖ-

558 1604 678 1674 ipse
729 1598 1048 1656 communis
1080 1596 1336 1652 Salvator
1392 1594 1519 1649 inde
1567 1590 1944 1664 procederet?
1976 1588 2129 1645 Vide:

2246 1617 2468 1663 στευσε,
2507 1600 2602 1653 καὶ
2651 1599 2946 1671 ἐδικαιώθη
2993 1600 3143 1671 παρὰ
3193 1599 3354 1663 Θεοῦ,
3413 1600 3659 1654 τοσούτων
3704 1606 3775 1656 καὶ

550 1694 699 1766 quod
745 1692 885 1748 nihil
929 1691 1161 1746 omnino
1204 1689 1427 1749 habeat,
1470 1702 1540 1742 ne
1564 1684 1854 1757 vestigium
1917 1681 2121 1753 quideu

2243 1691 2580 1761 τηλικούτων
2605 1695 2811 1763 τυχεῖν.
2853 1692 2919 1744 Ὢ
2974 1692 3241 1757 πίστεως,
3276 1693 3458 1746 πᾶσαν
3491 1694 3666 1765 πρᾶξιν
3702 1696 3773 1765 τὴν

550 1799 782 1857 operum
814 1783 880 1839 ad
908 1780 1228 1854 hujusmodi
1254 1778 1521 1834 beneﬁcia
1553 1791 1725 1847 qusea
1761 1776 1873 1829 Deo
1903 1773 2113 1844 recepit

2245 1783 2305 1835 ἐν
2374 1783 2524 1853 νόμῳ
2588 1783 2856 1854 δευτέραν
2907 1782 3206 1853 munione!
3270 1782 3519 1855 Ἕκεενην
3572 1786 3775 1855 πράττων

549 1877 711 1933 Unde
760 1891 893 1946 ergo
938 1874 1027 1929 his
1058 1873 1261 1942 dignus
1319 1869 1543 1924 habitus
1582 1868 1710 1923 est?
1740 1865 1817 1920 Ex
1854 1865 1970 1920 sola
2019 1863 2120 1918 ﬁde

2202 1866 2224 1923 ἶ
2269 1875 2541 1947 Ἀϐραὰμ,
2571 1871 2684 1947 εἷχέ
2731 1894 2783 1930 τι
2825 1875 3020 1947 μικρὸν
3057 1875 3345 1947 καύχημα,
3376 1876 3506 1931 ἀλλὰ
3540 1879 3658 1949 πρὸς
3679 1881 3773 1944 τοὶς

557 1989 576 2021 ι
622 1952 875 2025 Credidit
928 1965 1079 2022 enim
1113 1963 1397 2018 Abraham
1448 1961 1584 2018 Deo.
1621 1958 1700 2014 ait
1744 1957 2054 2027 Scriptura,
2086 1964 2128 2009 el

2253 1968 2360 2022 ὑπὸ
2383 1969 2479 2022 τὸν
2512 1969 2662 2039 αὑτῴ
2695 1968 2987 2033 τελοῦντας
3026 1970 3213 2040 νόμον.
3254 1969 3367 2041 Τὴν
3399 1970 3574 2023 πίστιν
3607 1970 3653 2023 δὲ
3675 1988 3773 2041 προ-

550 2064 885 2133 imputatum
915 2068 1002 2114 est
1022 2059 1073 2113 ei
1092 2057 1159 2114 ad
1190 2056 1487 2128 justitiam.
1523 2071 1542 2104 ι
1571 2050 1846 2116 Credidit,
1879 2057 1937 2106 et
1968 2064 2001 2104 a
2028 2049 2121 2105 Det

2247 2061 2605 2130 ϐαλλόμενος,
2633 2060 2698 2114 se
2711 2062 2830 2133 ρόον
2882 2063 3067 2134 πατὴρ
3098 2062 3320 2131 ἐγένετο
3345 2064 3569 2129 πάντων,
3590 2064 3669 2116 καὶ
3693 2066 3770 2116 τῶν

544 2152 885 2225 jnstiﬁcatus
909 2160 1014 2214 est,
1052 2156 1113 2204 ut
1138 2158 1292 2205 tanta
1323 2163 1387 2203 ac
1421 2146 1552 2202 talia
1579 2154 2041 2216 consequeretur.
2096 2142 2115 2199 (

2250 2153 2466 2223 μυρίων
2517 2151 2751 2205 ἐκείνων
2805 2153 3029 2221 ἀγαθῶν
3074 2153 3371 2224 ἐδικαιώθη
3400 2155 3679 2208 ἀπολαύειν.
3708 2155 3771 2218 Ὧς

552 2246 744 2310 ﬁdem,
775 2260 898 2316 qute
925 2259 1091 2299 omne
1124 2243 1263 2314 legis
1295 2256 1440 2312 Opus
1483 2251 1610 2312 post
1634 2257 1694 2298 se
1723 2238 2009 2310 relinquit,
2049 2252 2123 2294 eo

2246 2243 2306 2297 ἑν
2342 2243 2685 2314 πορίσματος
2708 2244 2763 2297 δὲ
2792 2247 2957 2317 μοίρᾳ
2987 2245 3246 2315 εἴληπται
3296 2248 3389 2300 καὶ
3434 2245 3575 2311 λύσις
3614 2248 3667 2300 ἐκ
3691 2245 3769 2299 τῶν

549 2356 658 2410 que
706 2339 861 2410 prior
904 2342 1020 2393 est!
1056 2339 1192 2392 Cum
1246 2335 1382 2390 illud
1441 2345 1775 2405 operaretur
1827 2332 2108 2388 Abraham

2248 2336 2584 2406 εἰρημένων.
2611 2332 2733 2399 Πῶς
2762 2331 2919 2399 οὗτος
2946 2337 3045 2408 μὲν
3070 2340 3133 2391 ἐκ
3162 2339 3401 2403 πίστεως
3438 2339 3575 2410 λέγει
3600 2340 3770 2394 δικαιω·

549 2434 778 2501 paulum
801 2430 1064 2502 quiddam
1089 2430 1297 2484 habere
1333 2429 1509 2498 potuit
1540 2426 1913 2497 gloriationis,
1947 2439 2120 2480 veruti

2247 2426 2409 2495 θῆναι
2454 2427 2545 2478 τὸν
2577 2425 2855 2497 Ἀϐραὰμ,
2888 2427 2916 2479 ὁ
2945 2426 3005 2481 δὲ
3036 2426 3178 2490 θεῖος
3211 2428 3469 2491 Ἰάκωϐος
3506 2427 3559 2492 ἐξ
3601 2427 3766 2499 ἔργων;

551 2523 609 2578 id
644 2522 791 2592 apud
832 2537 930 2577 eos
962 2522 1059 2590 qui
1093 2536 1203 2575 una
1226 2535 1352 2574 cum
1391 2535 1460 2574 eo
1482 2518 1587 2573 sub
1612 2519 1733 2590 lege
1769 2527 1954 2574 erant.
2008 2517 2122 2572 Pro

2245 2515 2443 2586 λέγων,
2481 2517 2734 2589 ’Λϐραὰμ
2781 2520 2809 2571 ὁ
2854 2519 3038 2592 πατὴρ
3079 2520 3240 2590 ἡμῶν
3282 2521 3382 2576 οὐκ
3414 2521 3469 2588 ὲξ
3493 2521 3648 2593 ἔργων
3687 2521 3767 2573 ἐδι-

552 2614 721 2668 ducta
751 2626 885 2668 vero
916 2612 1045 2678 ﬁde,
1089 2618 1322 2680 repente
1355 2618 1511 2678 pater
1534 2610 1784 2664 omnium
1832 2610 2013 2664 lactus
2035 2615 2120 2663 est

2248 2606 2476 2678 καιώθη.
2502 2610 2802 2677 ἀνενέγκας
2819 2611 3007 2665 Ἰσαὰκ
3021 2613 3112 2666 τὸν
3131 2631 3159 2665 υ
3174 2612 3255 2666 ἱδν
3274 2613 3457 2679 αὑτοῦ,
3475 2613 3561 2667 καὶ
3580 2614 3638 2667 τὰ
3652 2610 3762 2680 ἑξῆς.

546 2707 845 2778 jnstusque
862 2704 1087 2759 habitus
1113 2701 1207 2773 qui
1230 2701 1492 2757 omnibus
1522 2702 1632 2757 illis
1650 2701 1813 2758 bonis
1838 2700 2117 2757 frueretur

2255 2719 2275 2751 ι
2299 2700 2459 2753 Κατὰ
2486 2700 2685 2771 σάρκα.
2712 2721 2730 2752 ι
2766 2702 2965 2768 Καλῶς
3022 2704 3465 2774 πρὸςίο.δαξους
3492 2706 3563 2772 τὸ,
3604 2725 3619 2758 ι
3644 2706 3762 2758 Κατᾶ

549 2800 719 2867 Quasi
739 2809 920 2855 autem
948 2799 1004 2853 in
1030 2797 1309 2854 corollarii
1342 2798 1609 2869 particula
1640 2805 1858 2868 sumpta
1879 2804 1965 2853 est
1983 2796 2120 2852 btesi

2253 2792 2458 2864 σάρκα.
2486 2813 2504 2845 ι
2531 2796 2691 2848 Κατὰ
2721 2794 2905 2848 πίστιν
2937 2797 3047 2867 γὰρ
3080 2800 3175 2851 καὶ
3234 2798 3706 2868 ἐπαγγελίανήμεῖς
3728 2799 3760 2850 oi

551 2897 689 2951 tatio
721 2912 735 2948 :
765 2902 823 2948 et
848 2893 1053 2948 solutio
1073 2901 1223 2963 patet
1242 2906 1307 2947 ex
1323 2892 1411 2947 his
1431 2906 1555 2962 quae
1571 2890 1719 2945 dicta
1736 2902 1885 2945 sunt.
1902 2889 2117 2956 Quomo

2299 2889 2431 2939 ιστοί
2466 2886 2637 2941 τέκνα
2687 2887 2856 2957 ἐσμὲν
2889 2888 2985 2942 τοῦ
3040 2890 3317 2963 Ἀϐραὰμ,
3360 2892 3531 2955 καθὼς
3571 2892 3762 2962 ήΓραξή

548 2988 619 3042 do
640 2988 731 3042 hic
745 2984 971 3057 quidem
991 2999 1058 3040 ex
1070 2983 1178 3039 ﬁde
1190 2983 1266 3039 ait
1277 2981 2115 3056 justiﬁcatumﬁl‘uisseAbr-aham

2299 2994 2402 3046 ησιο
2429 2980 2533 3032 «Οὐ
2551 2980 2622 3032 τὰ
2640 2979 2807 3033 τέκνα
2829 2980 2925 3051 τῆς
2938 2982 3162 3052 σαρκὸς,
3181 2984 3359 3038 ταῦτα
3370 2985 3530 3038 τέκνα
3546 2982 3625 3036 τοῦ
3644 2981 3761 3045 Θεοῦ,
3868 3049 3870 3057 ι

551 3079 716 3134 divus
754 3089 940 3133 autem
974 3076 1216 3133 Iacobus
1250 3091 1318 3132 ex
1363 3075 1652 3146 operibus,
1686 3073 1880 3130 dicens
1914 3092 1929 3129 :
1963 3074 2122 3129 Abra-

2246 3070 2383 3123 ἀλλὰ
2438 3069 2505 3123 τὰ
2556 3075 2724 3124 τέκνα
2792 3071 2895 3141 τῆς
2970 3074 3333 3142 ἐπαγγελίας,
3404 3075 3648 3145 λογίζεται
3703 3077 3760 3138 εἰς

550 3172 681 3227 ham
713 3180 872 3243 pater
892 3179 1084 3225 noster
1099 3182 1286 3224 nonne
1308 3182 1377 3224 ex
1409 3167 1677 3239 operibus
1695 3166 2034 3237 justiﬁeatus
2058 3179 2121 3220 es

2193 3213 2211 3235 η
2250 3164 2492 3235 σπέρμα.
2518 3184 2537 3215 ι
2563 3192 2628 3203 -
2656 3163 2990 3237 [ΘΕΟΔΩΡ.]
3016 3166 3202 3228 Ποίαν,
3240 3167 3393 3238 φησὶ,
3447 3167 3544 3239 πρὸ
3593 3165 3669 3220 τοῦ
3701 3184 3764 3218 πι-

550 3265 737 3320 oblato
766 3263 917 3319 Isaac
963 3262 1078 3317 ﬁlio
1117 3260 1382 3318 suo?etc.
1421 3281 1441 3314 ι
1471 3260 1790 3317 Secundum
1826 3274 2072 3315 carnem.
2112 3278 2121 3311 l

2193 3255 2212 3274 "
2249 3255 2475 3311 στεῦσαι
2541 3255 2663 3327 Θεῷ
2696 3257 2788 3310 τὸν
2837 3256 3090 3330 Ἀϐραὰμ
3154 3258 3499 3328 δικαιοσύνην
3538 3257 3675 3312 αὑτοῦ
3716 3255 3764 3309 δι’

550 3358 698 3413 Bene
729 3356 936 3413 Iudaeis
983 3354 1209 3420 dicitur,
1243 3373 1263 3406 ι
1300 3352 1622 3409 Secundum
1659 3366 1908 3407 carnem.
1947 3371 1967 3406 ι
2001 3351 2121 3407 Nan

2250 3352 2428 3425 ἔργων
2448 3354 2825 3424 γεγενημένην
2842 3354 3187 3426 ἠκούσαμενς
3215 3355 3362 3411 κατὰ
3386 3355 3551 3426 σάρκα
3569 3355 3676 3426 γὰρ,
3697 3354 3765 3421 τὴν

547 3450 856 3503 secundum
913 3445 1080 3501 ﬁdem
1136 3461 1200 3501 ac
1238 3445 1665 3517 promissionem
1704 3459 1808 3499 nos
1850 3444 2118 3499 credente:

2297 3460 2310 3497 ι
2352 3444 2531 3515 ἔργοις
2577 3442 2749 3514 λέγει,
2785 3443 2975 3516 ἐπειδὴ
3012 3443 3102 3499 διὰ
3134 3446 3236 3518 τῆς
3276 3447 3475 3519 σαρκὸς
3505 3443 3766 3513 ὲκτελοῦμεν

549 3552 743 3596 sumus
766 3539 864 3594 ﬁlii
900 3538 1204 3601 Abraham,
1217 3538 1374 3608 juxta
1412 3537 1467 3591 id
1498 3536 1648 3606 quod
1671 3536 1841 3592 habet
1878 3536 2132 3606 Seriptu-
2248 3535 2317 3589 τὰ
2364 3536 2525 3607 ἔργα.

552 3654 613 3692 ra
649 3655 663 3690 :
706 3655 725 3688 ι
762 3636 886 3691 Non
939 3634 1033 3705 qui
1068 3633 1165 3688 ﬁlii
1211 3632 1397 3688 carnis
1437 3632 1496 3687 hi
1546 3641 1676 3687 sunt
1769 3632 1869 3687 ﬁlii
1949 3632 2070 3696 Dei,
2097 3633 2194 3688 sed
2223 3632 2318 3686 ﬁlii
2352 3631 2738 3703 promissionis
2769 3633 3179 3704 reputabuntur
3204 3635 3263 3690 in
3299 3652 3482 3691 semen
3519 3635 3576 3689 “.
3608 3653 3624 3688 ι
3660 3631 3765 3699 Qua-

554 3735 687 3795 lem,
744 3733 948 3802 inquit,
1000 3730 1328 3801 priusquam
1393 3730 1507 3785 Deo
1576 3729 1834 3786 crederet
1890 3728 2191 3793 Abraham,
2214 3728 2488 3800 justitiam
2516 3730 2657 3802 ejus.
2699 3746 2799 3801 per
2832 3746 3003 3802 opera
3056 3732 3259 3787 factam
3325 3732 3631 3789 audivimus.
3666 3727 3763 3784 Nam

555 3829 864 3886 secundum
896 3843 1124 3883 carnem
1152 3827 1290 3882 dicit
1317 3841 1439 3882 eam
1472 3840 1597 3898 qua
1663 3826 1720 3882 in
1747 3825 2015 3898 operibus
2073 3836 2213 3893 erat,
2254 3827 2702 3899 quandoquidem
2738 3814 2841 3899 per
2864 3843 3086 3883 carnem
3122 3829 3443 3901 perﬁcimus
3466 3842 3632 3899 opera.

629 3925 719 3989 IV,
753 3923 872 3979 2-8.
913 3923 1054 3977 Nam
1088 3923 1136 3977 si
1163 3922 1432 3978 Abraham
1469 3939 1533 3978 ex
1555 3924 1797 3995 operibus
1814 3922 2145 3995 justi/iectus

2324 3927 2390 3979 Et
2426 3926 2536 3994 γὰρ
2576 3926 2827 3996 Ἀϐραὰμ
2853 3925 2923 3991 ἐξ
2954 3927 3145 3995 ἐργων
3167 3926 3499 3994 ἐδικαιώθη,
3517 3928 3627 3996 ἔχει
3656 3922 3763 3976 κού·

555 4028 652 4084 est,
689 4017 842 4073 habet
870 4017 1013 4087 quod
1050 4014 1326 4087 glorietur,
1365 4026 1421 4071 at
1458 4033 1564 4070 non
1607 4016 1752 4087 apud
1785 4015 1973 4071 Deum.
2006 4012 2126 4082 Quit

2248 4033 2435 4088 Zn‘ua’
2475 4016 2614 4071 ἀλλ’
2641 4019 2714 4071 οὐ
2748 4018 2897 4088 πρὸς
2929 4019 3038 4072 τὸν
3080 4019 3245 4074 Θεόν.
3307 4020 3371 4075 TI
3396 4021 3499 4092 γὰρ
3542 4018 3577 4085 ἠ
3603 4014 3761 4084 [pugil

553 4114 694 4166 enim
723 4111 847 4165 dicit
865 4106 1190 4178 Scriptura!
1217 4105 1454 4164 Credidit
1480 4109 1756 4164 Abraham
1793 4108 1926 4175 Deo,
1952 4118 2001 4163 et
2039 4111 2124 4164 imi

2248 4110 2450 4179 .Zéret;
2499 4108 2864 4186 Ἐπίστευςε
2892 4109 2961 4164 δὲ
3004 4111 3262 4183 Ἀϐραὰμ
3293 4114 3372 4180 τῷ
3404 4111 3536 4179 Θεῷ,
3564 4109 3643 4165 καὶ
3666 4110 3762 4162 ἐλο-

554 4212 802 4275 putatum
846 4209 921 4256 est
965 4200 1048 4254 illi
1076 4200 1149 4255 ad
1173 4200 1468 4270 justitiam.
1500 4199 1569 4253 Ei
1594 4215 1714 4253 vero
1743 4200 1833 4270 qui
1868 4209 2120 4270 aperatur

2249 4207 2430 4274 γίσθη
2461 4203 2621 4271 αὐτῷ
2653 4208 2739 4272 εἰς
2775 4205 3194 4277 δικαιοσύνην.
3246 4204 3334 4278 Tt;
3370 4207 3436 4262 δὲ
3467 4200 3762 4278 ἐργαζομένη)

554 4306 748 4345 merces
788 4306 892 4343 mm
918 4289 1216 4359 imputatur
1239 4290 1527 4342 secundum
1549 4291 1806 4360 gratiam,
1833 4290 1926 4344 sed
1952 4306 2125 4345 secun-

2251 4298 2284 4350 ὀ
2311 4297 2532 4367 μισθιλς
2555 4300 2628 4353 οὐ
2659 4298 2953 4367 λογίζεται
2983 4300 3133 4355 κατὰ
3167 4300 3367 4370 χάριν,
3393 4301 3544 4358 ἀλλά
3570 4294 3691 4352 κατὰ
3716 4293 3760 4347 τὸ

555 4382 680 4435 dum
708 4382 962 4437 debitum.
989 4381 1059 4436 Ei
1083 4390 1264 4435 autem
1294 4382 1385 4451 qui
1414 4397 1520 4434 non
1555 4391 1831 4451 operatur,
1854 4383 1948 4437 sed
1980 4383 2126 4438 credi

2250 4388 2568 4458 tigni/Imm.
2604 4388 2686 4453 Τῷ
2715 4389 2783 4444 δὲ
2820 4389 2909 4460 μὴ
2958 4392 3348 4463 ἐργαζομένῳ,
3383 4391 3692 4446 πιστεύοντι
3713 4382 3761 4436 δὲ

556 4474 615 4527 in
657 4489 777 4527 eum
832 4474 921 4542 qui
945 4472 1211 4543 justiﬁcat
1254 4473 1500 4543 impium,
1533 4473 1666 4542 ﬁdes
1705 4475 1819 4545 ejus
1850 4475 2127 4545 imputatw

2248 4482 2345 4534 ἐπὶ
2399 4481 2509 4534 τὸν
2537 4483 2889 4538 δικαιοῦντα
2938 4484 3045 4539 τὸν
3077 4484 3296 4554 ἀσεϐῆ,
3323 4484 3594 4555 λογίζεται
3620 4482 3651 4546 ἡ
3687 4475 3760 4530 πί·

554 4565 626 4619 ad
644 4563 938 4635 justitiam.
965 4562 1131 4634 248
1155 4560 1615 4627 Quemadmodum
1646 4575 1696 4619 et
1725 4565 1898 4621 David
1934 4567 2125 4637 beati/i-

2297 4590 2385 4639 τις
2422 4573 2610 4628 αὐτοῦ
2646 4578 2733 4640 εὶς
2762 4573 3181 4645 δικαιοσύνην.
3211 4578 3485 4646 Καθάπερ
3514 4574 3599 4629 καὶ
3626 4563 3760 4623 durib

556 4656 818 4709 cationem
857 4655 1082 4709 hominis
1120 4655 1268 4720 dicit,
1302 4656 1387 4710 cui
1430 4655 1569 4711 Deus
1606 4658 1838 4729 imputat
1867 4660 2127 4729 justitiam

2246 4663 2409 4733 λέγει
2445 4664 2552 4718 τὸν
2595 4668 2981 4737 μακαρισμὸν
3011 4669 3117 4723 τοῦ
3161 4670 3495 4740 ἀνθρώπου,
3523 4662 3566 4735 ᾧ
3598 4666 3625 4720 ό
3654 4657 3758 4721 Θεὸς

556 4749 751 4818 absque
780 4748 1023 4819 operibus
1056 4763 1075 4801 :
1100 4746 1255 4801 Beati
1284 4764 1512 4819 quorum
1547 4752 1782 4805 remissae
1799 4761 1921 4805 sunt
1946 4754 2127 4825 iniqui-

2185 4762 2223 4822 D
2248 4755 2542 4825 λογίζεται
2585 4756 2990 4826 δικαιοσύνην
3037 4762 3218 4830 χωρὶς
3277 4763 3480 4831 ἔργων.
3530 4751 3756 4820 Μακάριοι

559 4848 714 4905 tates,
749 4848 798 4893 et
840 4855 1067 4911 quorum
1098 4848 1399 4895 tecta.sunt
1440 4851 1682 4913 peccata.
1718 4842 1916 4899 Beatus
1955 4846 2034 4899 vir
2066 4862 2126 4900 cu

2248 4843 2335 4905 ὧν
2366 4850 2687 4921 ἀφέθησαν
2735 4855 2798 4908 αι
2846 4854 3108 4925 ἀνομίαι,
3151 4856 3249 4910 καὶ
3286 4852 3373 4912 ὧν
3406 4846 3756 4916 ὲπειιαλιῖφθψ

560 4948 666 4986 non
695 4933 1031 5004 imputaverit
1064 4932 1323 4990 Dominus
1355 4944 1649 5005 peccatum.

2293 4959 2375 4996 αν
2416 4946 2477 4998 al
2507 4944 2806 5013 ἁμαρτίαι.
2840 4945 3146 5018 Μακάριος
3173 4948 3330 5020 ἀνὴρ
3362 4942 3410 5018 ᾧ
3446 4947 3514 5001 οὐ
3534 4940 3611 5015 μὴ
3638 4932 3758 5004 10Υῦ

2251 5051 2431 5104 arma:
2460 5038 2675 5107 Κύριος
2709 5038 3022 5110 ἁμαρτίαν.

636 5135 656 5170 ι
696 5115 834 5171 Nam
883 5115 929 5171 si
982 5115 1280 5173 Abraham.
1316 5137 1335 5171 ι
1397 5120 1518 5176 Duo
1572 5122 1835 5190 ostendit,
1885 5132 1940 5179 et
1993 5124 2140 5195 quod

2328 5146 2347 5180 ⁸
2390 5129 2453 5183 Εἰ
2482 5127 2591 5200 γὰρ
2630 5128 2907 5202 Ἀϐραάμ.
2949 5151 2969 5184 ι
3019 5132 3124 5186 Δύο
3172 5132 3463 5194 δείκνυσιν,
3516 5128 3589 5179 ὅτι
3626 5137 3674 5174 τε
3706 5115 3751 5168 ἐκ

557 5208 834 5264 Abraham
866 5224 934 5263 ex
981 5207 1088 5261 ﬁde
1119 5209 1456 5279 justiﬁeatus
1490 5213 1584 5280 sit,
1609 5224 1666 5270 et
1693 5216 1841 5286 quod
1870 5217 2043 5289 major
2069 5216 2128 5271 sil

2250 5215 2487 5279 πίστεως
2532 5217 2779 5290 Ἀϐραᾶμ
2813 5220 3129 5293 ἐδικαιώθη.
3173 5224 3266 5276 καὶ
3293 5224 3373 5276 ὅτι
3420 5216 3602 5291 μείζων
3639 5206 3748 5280 ήδιά

550 5300 789 5373 justitia,
821 5315 945 5369 quae
980 5315 1080 5371 per
1117 5300 1278 5356 ﬁdem
1307 5312 1411 5358 est.
1441 5306 1532 5360 Ait
1563 5322 1695 5379 ergo
1723 5326 1735 5362 :
1767 5309 1823 5365 Si
1862 5326 1927 5365 ex
1958 5309 2112 5380 operi

2289 5309 2492 5375 ictam;
2519 5309 2862 5386 δικαιοσύνη.
2902 5316 3015 5371 Καί
3058 5332 3256 5387 φησιν·
3306 5317 3367 5370 ΕΞ
3416 5314 3472 5378 ἐξ
3498 5311 3647 5381 ἔργων
3680 5297 3747 5353 καὶ
3858 5296 3860 5299 ’

556 5393 663 5449 bus
694 5391 974 5461 rectisque
997 5392 1668 5466 actionibusjustiﬁcatus
1689 5410 1793 5466 est,
1824 5401 1987 5459 habet
2016 5404 2127 5475 qui-

2250 5402 2698 5473 κατορθωμάτων
2739 5405 2997 5478 Ἀϐραὰμ
3040 5408 3354 5479 ἐδικαιώθη,
3388 5407 3493 5477 ἔχει
3539 5399 3621 5470 μὲν
3649 5390 3748 5447 καύ-

556 5486 684 5541 dem
737 5484 886 5555 quod
929 5484 1246 5556 glorietur:
1279 5495 1337 5542 at
1377 5503 1488 5543 non
1535 5492 1679 5560 apud
1728 5493 1919 5560 Deum,
1950 5496 2045 5551 sed
2081 5496 2127 5550 in

2248 5513 2424 5567 χημα,
2473 5497 2590 5552 ἀλλ’
2620 5498 2680 5552 οὐ
2727 5500 2863 5571 πρὸς
2914 5501 3007 5557 τὸν
3049 5501 3202 5568 Θεὸν,
3252 5503 3366 5558 ἀλλ’
3408 5501 3489 5569 ἐφ’
3530 5482 3746 5557 ἑαντῷὡς

554 5582 762 5653 seipso,
795 5590 856 5635 ut
885 5580 981 5651 qui
1012 5579 1155 5635 bene
1188 5593 1449 5651 operatus
1481 5584 1553 5639 sit
1586 5603 1599 5639 :
1633 5586 1727 5657 qui
1763 5604 1890 5644 vero
1919 5607 1984 5645 ex
2031 5591 2125 5648 ﬁdt

2247 5588 2662 5660 κατωρθωκὸτι.
2729 5591 2787 5645 ὐ
2838 5593 2895 5646 δὲ
2930 5593 2995 5649 ὲκ
3043 5595 3283 5662 πίστεως
3323 5594 3522 5655 σωθεὶς.
3565 5581 3663 5638 ἐπεὶ
3690 5574 3743 5647 μὴ

548 5677 885 5749 justiﬁcatus
920 5685 1025 5741 est,
1057 5675 1186 5745 quia
1220 5690 1330 5731 non
1360 5686 1540 5749 potest
1569 5680 1712 5751 apud
1745 5681 1987 5752 seipsum
2018 5683 2119 5753 glo-

2248 5683 2362 5754 εχει
2398 5687 2479 5748 εις
2509 5686 2703 5740 ἑαυτὸν
2733 5687 3140 5760 καυχήσασθαι,
3160 5690 3314 5746 οὐδὲν
3332 5690 3434 5760 γὰρ
3463 5684 3603 5756 ἔργον
3620 5674 3743 5760 έπΡΨ

554 5766 709 5831 riari,
743 5767 955 5822 nullum
1005 5764 1154 5821 enim
1196 5781 1337 5838 opus
1368 5781 1628 5842 operatus
1658 5780 1761 5842 est,
1791 5771 1936 5845 apud
1967 5772 2125 5829 Βρυη

2251 5774 2360 5841 ξεν,
2396 5777 2478 5842 εἰς
2507 5776 2599 5833 τὸν
2645 5778 2779 5834 Θεὸν
2811 5759 3103 5855 xeo/ﬁmi.
3154 5783 3354 5849 Μεῖζον
3385 5782 3435 5836 δὲ
3471 5776 3524 5830 τὸ
3552 5772 3617 5834 εις
3649 5759 3743 5818 θεὸν

631 5878 679 5912 ³⁵
733 5880 895 5938 Rom.
933 5898 1006 5949 ix,
1042 5898 1163 5941 vm-
