3978 6546
519 380 628 444 3'75

1615 387 2017 449 (ECUMEN'II
2053 389 2348 451 TRICC/E
2384 387 2724 450 EPISCOPI
3648 397 3735 461 ειη

517 490 687 558 πυτία,
727 499 786 545 ut
831 492 1049 547 veniant
1092 493 1269 547 bona?
1310 510 1536 564 quorum
1575 495 1845 565 judicium
1883 497 2088 568 justum

2202 498 2556 567 Ποιήσωμεν
2580 496 2653 550 τὰ
2681 495 2857 561 κακὰ,
2897 494 2999 549 ἵνα
3023 493 3171 565 ἔλθῃ
3209 495 3281 550 τὰ
3330 497 3541 568 ἀγαθὼ
3567 495 3646 559 ὧν
3680 510 3735 564 τὸ

518 592 615 638 ρετ.

589 770 649 826 Si
678 771 847 835 Deus,
870 770 1072 841 inquit,
1108 781 1259 827 esset
1290 771 1548 845 injustus,
1572 790 1920 846 nequaquam
1945 778 2096 848 judi-

519 871 672 918 caret
719 864 1020 919 mundum:
1074 865 1253 935 ipsum
1281 867 1430 921 enim
1478 867 1730 939 judicare
1780 870 2098 925 manifestat

517 955 665 1025 quod
689 956 873 1026 justus
899 956 993 1021 sit,
1030 967 1229 1013 natura
1261 959 1408 1014 enim
1436 961 1501 1013 ad
1530 960 1892 1031 iudicandum
1930 963 2097 1034 exigit

522 1048 1007 1118 utjustusjudicct
1031 1050 1287 1121 injustas.
1319 1071 1337 1103 «ι
1372 1052 1588 1105 Etenim
1613 1052 1658 1107 si
1681 1053 1885 1107 veritas
1912 1054 2030 1119 Dci,
2072 1074 2091 1108 ι

515 1146 622 1190 etc.
673 1137 820 1192 Idem
855 1154 1078 1194 rursum
1113 1140 1271 1194 dicit.
1311 1139 1367 1195 Si
1401 1141 1550 1196 enim
1581 1158 1680 1212 per
1728 1142 1854 1205 hoc,
1892 1142 2093 1212 inquit,

513 1227 773 1282 excelluit
803 1226 1027 1296 veritas,
1077 1231 1405 1301 iustitiaque
1447 1247 1510 1287 ac
1542 1233 1780 1288 victoria
1811 1233 1931 1297 Dei,
1963 1234 2095 1304 quia

514 1333 617 1389 ego
649 1319 841 1390 inique
862 1322 969 1392 egi,
998 1337 1102 1393 ego
1135 1324 1214 1378 illi
1245 1326 1508 1380 mentitus
1541 1341 1685 1389 sum,
1719 1327 1838 1381 sine
1882 1327 2094 1381 ratione

512 1413 770 1482 judicor:
810 1428 900 1469 me
941 1415 1220 1484 siquidem
1254 1417 1624 1472 retributione
1651 1418 1837 1489 potius
1867 1418 2094 1489 dignum

517 1505 711 1559 haberi
752 1506 1022 1575 oportuit.
1076 1516 1139 1564 ut
1183 1511 1279 1580 qui
1326 1511 1403 1565 illi
1440 1511 1687 1567 victoriae
1726 1527 1796 1567 ac
1842 1513 2097 1568 veritatis

515 1594 706 1664 potius
736 1609 902 1650 causa
937 1596 1188 1653 fuissem.
1235 1599 1405 1669 Atqui
1454 1617 1605 1656 nunc
1657 1618 1759 1673 ego
1789 1618 1954 1657 causa
1984 1620 2093 1657 non

495 1675 664 1753 sum,
696 1686 907 1743 idcirco
937 1697 993 1744 et
1011 1705 1115 1761 ego
1147 1690 1388 1760 judicor.
1428 1712 1448 1745 ι
1480 1694 1539 1748 ln
1571 1695 1801 1766 gloriam
1838 1697 2034 1766 ipsius.
2070 1715 2089 1748 ι

515 1776 584 1831 Ut
609 1776 949 1847 gloriﬁcetur
971 1794 1070 1849 per
1092 1780 1380 1836 victoriam
1407 1792 1465 1837 et
1487 1783 1762 1853 justitiam
1797 1800 1864 1840 ac
1902 1788 2097 1841 verita-

2201 591 2380 662 κρῖμα
2413 591 2659 647 ἔνδικόν
2677 592 2833 646 ἐστι.

2271 779 2336 834 Ei
2364 774 2454 850 ἦν,
2482 777 2671 848 φησὶν,
2697 776 2904 841 ἄδικος,
2959 776 3060 831 οὐκ
3085 774 3152 831 ἂν
3183 775 3365 845 ἔκρινε
3407 776 3498 831 τδν
3544 780 3732 848 κόσμον.

2198 868 2340 923 Αὐτὸ
2365 867 2469 939 γὰρ
2495 868 2555 922 τὸ
2585 868 2793 939 κρίνειν
2824 866 2992 937 δηλοῖ,
3020 866 3100 919 ὅτι
3150 865 3354 929 δίκαιός
3395 867 3507 920 ἐστι
3532 882 3546 895 ’
3602 869 3735 935 φύσις

2198 960 2306 1029 γὰρ
2339 957 2478 1029 αὕτη
2508 957 2602 1011 τοῦ
2626 959 2856 1030 κρίνειν,
2883 957 2944 1011 τὸ
2982 957 3073 1010 τὸν
3122 956 3330 1010 δίκαιον
3385 956 3577 1027 κρίνειν
3619 961 3726 1023 τοὺς

2199 1051 2439 1110 ἀδίκους.
2497 1071 2515 1104 ι
2576 1052 2640 1104 Et
2668 1051 2777 1119 γὰρ
2829 1052 2863 1121 ὴ
2914 1050 3144 1123 ἀλήθεια
3188 1047 3282 1103 τοῦ
3317 1049 3471 1113 Θεοῦ,
3513 1068 3531 1102 ι
3570 1052 3735 1108 καὶτὰ

2200 1144 2345 1215 ἑξῆς.
2370 1145 2445 1197 Τὸ
2481 1144 2612 1198 αὐτὸ
2639 1144 2799 1198 πάλιν
2819 1145 2990 1211 λέγει.
3023 1146 3086 1198 Ei
3113 1144 3223 1215 γὰρ
3260 1142 3349 1197 διὰ
3376 1142 3548 1206 τοῦτο,
3577 1146 3735 1216 φησὶν,

2200 1237 2590 1310 ἐπερίσσευσεν
2620 1239 2652 1308 ἡ
2687 1239 2916 1308 ἀλήθεια
2942 1239 3038 1291 καὶ
3066 1240 3099 1310 ἡ
3128 1235 3445 1305 δικαιοσύνη
3472 1237 3608 1307 καὶὴ
3635 1239 3734 1309 νίκη

2197 1328 2293 1383 τοῦ
2319 1327 2475 1393 Θεοῦ,
2508 1328 2695 1400 ἐπειδὴ
2723 1328 2831 1398 ἐγὼ
2860 1329 3118 1399 ἠδίκησα,
3160 1329 3254 1381 καὶ
3317 1326 3621 1398 ἐψευσάμην
3658 1330 3737 1382 ei.

2197 1423 2307 1487 τὸν,
2337 1422 2547 1493 ἀλόγως
2578 1423 2859 1494 κρίνομαι.
2920 1422 3066 1476 Ἔδει
3124 1422 3232 1491 γάρ
3283 1438 3351 1491 με
3390 1420 3483 1473 κοιλ⁵
3527 1421 3737 1489 ἀμοιϐῶν

2198 1512 2520 1584 ἀξιωθῆναι,
2546 1513 2623 1577 ὡς
2646 1514 2819 1568 αἴτιον
2845 1510 2995 1583 αὐτῷ
3030 1509 3130 1580 τῆς
3153 1512 3311 1581 νίκης
3343 1510 3435 1562 καὶ
3489 1509 3731 1580 ἀληθείας.

2196 1606 2358 1661 mm
2388 1606 2483 1660 νῦν
2510 1606 2610 1659 οῦκ
2642 1605 2753 1674 ἐγὼ
2788 1607 2984 1669 αἴτιος,
3020 1602 3312 1673 τοιγαροῦν
3345 1602 3439 1656 καὶ
3489 1601 3733 1672 κρίνομαι.

2205 1718 2224 1750 ι
2256 1699 2351 1762 Εἰς
2382 1698 2481 1769 τὴν
2506 1698 2666 1763 δόξαν
2697 1696 2888 1753 αὐτοῦ.
2927 1714 2946 1748 ι
2989 1695 3108 1749 Ἵνα
3158 1692 3450 1763 δοξάζηται
3501 1694 3588 1746 ἐπὶ
3633 1693 3736 1766 νίκῃ

2198 1793 2293 1847 καὶ
2333 1793 2651 1866 δικαιοσύνῃ
2694 1792 2791 1847 καὶ
2856 1791 3108 1864 ἀληθείᾳ.
3182 1810 3201 1844 ι
3243 1790 3312 1843 Τί
3361 1789 3441 1843 ἔτι
3491 1787 3633 1857 κάγὼ
3674 1789 3735 1850 ὡς

517 1879 648 1921 tem.
675 1886 697 1919 ι
719 1866 834 1923 Cur
861 1878 918 1925 et
933 1884 1036 1941 ego
1056 1881 1316 1942 tanquam
1340 1884 1598 1943 peccator
1623 1876 1880 1946 judicor?
1905 1898 1923 1931 ι
1946 1877 2058 1934 Cur
2076 1922 2088 1939 ,

2196 1886 2518 1956 ἁμαρτωλὸς
2575 1885 2867 1956 κρίνομαις
2910 1904 2929 1937 ι
2966 1884 3032 1937 Τί
3079 1880 3402 1956 κρινόμεθα,
3450 1881 3625 1951 φησὶν,
3671 1879 3733 1943 ὡς

514 1960 716 2031 inquit,
777 1970 1039 2033 tanquam
1093 1975 1416 2035 peccatores
1459 1967 1798 2037 iudicamur,
1847 1971 1941 2041 qui
1981 1971 2095 2027 Dco

514 2068 677 2109 causa
704 2055 947 2112 victoriae
972 2058 1352 2114 factisumus?
1378 2068 1434 2117 et
1463 2077 1571 2116 non
1626 2061 1706 2127 ﬁt,
1736 2064 2097 2133 quemadmo-

512 2146 643 2199 dum
674 2147 843 2217 aliqui
887 2163 995 2204 nos
1029 2151 1376 2208 arbitrantur
1397 2153 1627 2210 dicere?
1670 2156 1859 2226 Itaque
1891 2159 2096 2230 suggil-

509 2237 681 2293 lando
742 2239 919 2304 aiunt,
962 2241 1108 2310 quod
1142 2243 1410 2300 faciamus
1453 2248 1615 2311 mala,
1656 2255 1714 2301 ut
1745 2249 1837 2303 ubi
1870 2265 1937 2304 ex
1987 2250 2095 2306 hoc

510 2332 958 2387 Deusvictoriam
986 2344 1184 2391 nactus
1201 2336 1388 2403 fuerit,
1418 2341 1685 2409 rependat
1714 2343 1877 2397 nobis
1909 2343 2078 2411 bona,

512 2432 574 2478 ut
600 2424 696 2494 qui
725 2425 977 2481 victoriae
1020 2441 1188 2483 causa
1235 2430 1313 2484 illi
1348 2431 1624 2489 fuerimus
1656 2450 1756 2504 per
1798 2437 1941 2491 mala
1971 2452 2094 2507 quae

512 2517 973 2587 perpetravimus.
1003 2519 1123 2574 Alio
1150 2522 1327 2577 modo.
1367 2524 1435 2578 Et
1477 2540 1546 2580 ne
1573 2525 1730 2590 illud,
1764 2527 1971 2598 inquit,
2002 2529 2094 2585 tiat

510 2611 659 2677 quod
693 2610 1293 2682 dieereexistimamur,
1326 2619 1474 2688 quod
1513 2634 1582 2675 ex
1606 2627 1793 2675 nostra
1826 2622 2093 2694 injustitia

513 2701 659 2757 Deus
689 2719 790 2759 nos
821 2705 1093 2762 beneﬁcio
1131 2708 1353 2775 alliciat,
1401 2713 1584 2783 utqui
1635 2714 1882 2769 victoriae
1926 2731 2091 2770 causa

511 2793 591 2849 illi
624 2793 914 2853 fuerimus.
936 2799 1012 2856 Ne
1043 2800 1148 2857 hoc
1183 2813 1366 2858 autem
1423 2803 1537 2859 ﬁat.
1560 2804 2092 2872 Quidnam?Vcnire

510 2888 679 2954 bona,
716 2905 927 2961 nosque
958 2908 988 2947 α
1023 2894 1137 2949 Deo
1191 2895 1330 2951 allici
1361 2896 1655 2962 beneﬂcio,
1704 2908 1962 2970 tanquam
2014 2900 2093 2955 illi

508 2979 779 3036 fuerimus
801 2982 1045 3038 victoria:
1063 2993 1339 3041 auctores.
1377 2987 1535 3042 Nune
1549 2987 1695 3042 enim
1726 2991 2088 3051 contrarium,

508 3070 731 3140 inquit,
758 3072 981 3139 accidit,
1037 3090 1161 3130 nam
1192 3076 1360 3131 etiam
1402 3078 1739 3149 iudicamur.
1792 3099 1812 3133 ι
1847 3081 2090 3147 Quorum

2201 1979 2542 2051 ἁμαρτωλοὶ,
2575 1978 2635 2032 οῖ’
2657 1980 2819 2032 αἴτιοι
2853 1976 3011 2048 νίκης
3047 1974 3165 2045 Θεῷ
3190 1976 3509 2045 γενόμενοι;
3537 1973 3624 2026 καὶ
3671 1973 3731 2043 μὴ

2196 2074 2403 2142 γίνεται
2428 2071 2609 2136 καθώς
2637 2089 2777 2134 τινες
2802 2072 2952 2141 ἡμᾶς
2976 2070 3261 2135 νομίζουσι
3309 2067 3486 2136 λέγειν
3503 2084 3519 2132 ;
3537 2067 3577 2120 Τ
3579 2082 3734 2136 οιγαρ-

2195 2165 2289 2219 οῦν
2330 2165 2426 2219 καὶ
2473 2164 2850 2236 κωμῳδοῦσιν,
2882 2164 2966 2217 ὅτι
3010 2163 3341 2233 Ποιήσωμεν
3369 2161 3430 2214 τὸ
3455 2158 3627 2221 κακὸν,
3665 2158 3737 2211 ἵνα

2197 2259 2260 2311 ἐκ
2308 2256 2506 2310 τούτου
2573 2256 2803 2326 νικήσας
2825 2256 2852 2308 ὁ
2878 2255 3034 2319 Θεδς,
3057 2252 3364 2324 ἀμείψηται
3389 2252 3532 2322 ἡμᾶς
3555 2250 3738 2321 εὐεργε-

2198 2351 2362 2415 σίαις,
2394 2348 2470 2411 ὡς
2501 2348 2713 2411 αἰτίους
2746 2347 2903 2416 νίκης
2937 2346 3087 2418 αὐτῷ
3116 2345 3465 2415 γενομένους,
3493 2343 3549 2407 ἐξ
3570 2337 3636 2395 ὧν
3660 2358 3734 2394 κα-

2196 2443 2308 2506 κῶς
2339 2440 2677 2512 ἐπράξαμεν.
2708 2466 2777 2477 -
2799 2441 3055 2505 Ἄλλως.
3078 2440 3188 2493 Καὶ
3224 2438 3301 2508 μὴ
3332 2437 3549 2507 γένηται
3569 2436 3733 2497 ἐκεῖνο,

2197 2534 2383 2606 equi»,
2407 2534 2541 2607 ὅπερ
2574 2533 2756 2592 λέγειν
2805 2530 3158 2602 νομιξίμεθα,
3190 2530 3272 2584 ὅτι
3317 2529 3381 2583 ἐκ
3406 2528 3504 2596 τῆς
3551 2525 3735 2585 ἀδικίας
3772 2586 3779 2593 ο

2194 2624 2351 2694 ἡμῶν
2401 2623 2679 2695 εὐεργετεῖ
2735 2624 2882 2693 ἡμᾶς
2923 2624 2952 2674 ὁ
3000 2621 3133 2685 Θεὸς
3163 2662 3179 2687 ,
3234 2620 3313 2685 ὡς
3370 2619 3569 2681 αἰτίους
3612 2613 3735 2684 αὐτῷ

2193 2717 2371 2789 νίκης.
2402 2717 2494 2788 Mi;
2525 2716 2750 2788 γένηται
2783 2716 2839 2770 δὲ
2874 2717 3070 2770 ἐκεῖνο.
3111 2716 3269 2768 Ποῖον
3299 2731 3314 2779 ;
3345 2713 3419 2766 Τὸ
3472 2711 3631 2765 ἐλθεῖν
3676 2706 3732 2762 τὰ

2194 2810 2399 2878 ἀγαθὰ,
2450 2810 2546 2864 καὶ
2597 2809 2658 2861 τὸ
2701 2808 3112 2878 εύεργετεῖσῦαι
3160 2806 3318 2878 παρὰ
3380 2804 3456 2875 τῷ
3509 2801 3634 2873 Θεῷ,
3672 2800 3732 2862 ὡς

2195 2902 2399 2965 αἰτίους
2424 2900 2571 2973 αὐτῷ
2603 2900 2779 2967 νίκης.
2806 2900 2921 2954 Νῦν
2949 2899 3081 2972 γὰρ,
3123 2898 3278 2970 φησὶ,
3302 2897 3362 2951 το
3387 2894 3629 2959 ἐναντίον,
3658 2893 3733 2946 καὶ

2193 2993 2601 3066 τιμωρούμεθα.
2630 3013 2650 3045 t
2690 2990 2794 3046 Ὦν
2816 2993 2877 3045 τὸ
2901 2994 3080 3063 κρῖμα
3108 2990 3318 3044 ἔνδικόν
3348 2991 3481 3044 ἐστι.
3507 3006 3525 3040 ι
3566 2985 3733 3038 Ἤκου-

2196 3102 2295 3140 σαν
2326 3085 2588 3157 Ἒλληνες
2646 3083 2755 3137 τῶν
2808 3082 3155 3155 Χριστιανῶν
3206 3081 3495 3149 λεγόντων,
3533 3096 3551 3128 ι
3586 3076 3730 3128 Ὀπον

506 3160 787 3229 judicium
813 3164 1024 3234 justum
1052 3174 1158 3221 est.
1200 3182 1221 3221 ι
1266 3167 1576 3225 Audierant
1620 3170 1791 3226 Grzcei
1821 3171 2085 3227 Christia-

2192 3178 2518 3232 ἐπλεόνασεν
2539 3181 2573 3249 ἡ
2601 3176 2867 3249 ἁμαρτία,
2899 3175 3435 3246 ὑπερεπερίσσευσεν
3465 3172 3495 3242 ἠ
3523 3170 3682 3242 χάρις.
3710 3184 3725 3216 ι

508 3268 615 3309 nos
663 3255 959 3311 dicentes:
998 3276 1017 3309 ι
1058 3259 1159 3315 Ubi
1208 3260 1454 3317 abundat
1497 3262 1785 3327 delictum,
1820 3265 1895 3319 ibi
1918 3266 2093 3336 magis

508 3344 836 3401 exuberavit
892 3349 1067 3418 gratia
1094 3351 1192 3405 ιο.»
1234 3351 1303 3407 Et
1360 3352 1467 3424 ipsi
1514 3354 1737 3425 quidem
1800 3356 1908 3411 hoc
1945 3357 2094 3412 dicc-

508 3436 662 3504 bant,
687 3439 835 3509 quod
878 3442 1076 3511 plenus
1116 3443 1333 3500 delictis
1364 3447 1604 3503 mundus
1640 3450 1843 3504 Filium
1880 3450 1978 3505 Dei
2021 3450 2089 3505 ad

510 3528 742 3583 salutem
783 3533 1167 3600 pertraxisset,
1193 3544 1251 3591 et
1291 3551 1358 3591 cx
1392 3537 1496 3592 hoc
1539 3538 1847 3596 abundavit
1903 3541 1957 3595 in
1991 3557 2091 3598 nos

507 3622 706 3692 gratia.
750 3623 858 3692 lpsi
902 3635 1087 3681 autem
1124 3628 1270 3697 quod
1299 3629 1506 3697 dictum
1551 3640 1637 3686 est
1669 3632 2086 3704 detorquentcs,

506 3716 735 3772 aiebant
764 3717 1114 3775 Christianos
1140 3720 1327 3777 dicere
1357 3724 1507 3792 quod
1532 3740 1763 3795 peccare
1814 3735 2086 3797 oporteat,

507 3816 570 3862 ut
596 3809 843 3865 abundet
871 3812 1066 3881 gratia.
1102 3811 1371 3879 Quorum.
1395 3816 1594 3886 inquit,
1628 3828 1758 3887 puta
1789 3818 1895 3874 hoc
1928 3829 2090 3889 pacto

506 3899 868 3969 blasphemiis
894 3917 994 3957 nos
1024 3901 1711 3978 impetentiumdjudicium
1736 3911 1945 3981 justum
1964 3919 2086 3965 est:

502 4004 575 4047 eo
616 3993 764 4062 quod
817 3994 960 4050 bene
1009 3995 1157 4052 dicta
1214 3999 1358 4054 male
1413 4000 1845 4071 interpretantes
1902 4002 2090 4058 detor-

505 4094 732 4155 queant.
758 4116 827 4127 —
866 4088 1010 4155 Quid
1081 4092 1253 4163 ergo?
1279 4107 1381 4162 per
1411 4094 1609 4164 legem,
1644 4095 1846 4166 inquit,
1881 4111 1947 4151 ac
1977 4098 2090 4151 cir-

503 4179 903 4236 eumeisionem
934 4182 1075 4238 nihil
1114 4185 1477 4255 percipimus,
1513 4202 1680 4257 supra
1716 4189 1926 4259 reliqua
1964 4204 2087 4259 qua:

500 4268 794 4326 habemus.
843 4271 984 4338 Quid
1049 4274 1198 4329 enim
1246 4278 1587 4347 percipimus
1632 4279 1907 4349 amplius?
1948 4280 2085 4335 Nam

500 4370 665 4418 antea
696 4363 933 4422 redditis
961 4369 1146 4423 causis
1189 4370 1535 4426 ostendimus
1564 4371 1784 4427 Judzcos
1826 4388 1891 4428 ac
1932 4373 2086 4429 Grae-

499 4470 620 4522 cos,
649 4468 785 4526 etc.,
814 4473 916 4528 per
951 4459 1231 4517 defectum
1266 4463 1475 4518 dictum
1506 4473 1611 4519 est.
1644 4466 1706 4520 Ei
1753 4467 1901 4521 enim
1937 4468 2082 4538 quod

499 4546 735 4613 dixerat,
777 4548 921 4611 Quid
963 4565 1096 4622 ergo
1124 4554 1463 4624 percipimus
1499 4556 1775 4627 amplius?
1818 4573 2085 4614 consecu-

499 4639 675 4695 tivum
712 4651 837 4697 erat
890 4652 952 4699 ut
995 4644 1327 4702 adderetur:
1355 4648 1634 4704 Justitiam
1675 4667 1798 4721 quae
1841 4667 1908 4706 ex
1951 4651 2079 4718 ﬁde,

498 4733 647 4803 quod
681 4735 738 4790 in
765 4738 1118 4806 sequentium
1158 4757 1451 4813 progressu
1496 4742 1630 4798 dicit
1680 4760 1695 4797 :
1732 4744 1894 4816 237
1932 4763 1951 4796 ι
1982 4746 2080 4801 Ju-

498 4825 712 4881 stitiam
761 4828 860 4882 Dei
886 4844 986 4899 per
1027 4830 1190 4886 ﬁdem
1243 4833 1372 4888 Jesu
1425 4832 1658 4889 Christi.
1709 4853 1729 4887 ›
1785 4836 1930 4902 Quid
1977 4852 2081 4892 nos

497 4932 655 4989 ergo,
689 4918 890 4989 inquit,
929 4923 1170 4993 amplius
1203 4925 1589 4995 percipimus?
1634 4927 1914 4983 Justitiam
1961 4943 2084 4999 qua:

496 5019 584 5066 est
610 5026 680 5066 ex
719 5011 847 5067 (ide.
872 5014 1006 5068 Nam
1031 5024 1196 5072 antea
1232 5019 1470 5075 redditis
1499 5021 1682 5076 causis
1713 5022 2080 5076 ostendimus.

495 5100 791 5167 Quomodo
842 5112 1028 5161 autem
1075 5117 1236 5163 antea
1279 5111 1513 5168 redditis
1560 5114 1742 5169 causis
1791 5114 2073 5169 ostendit?

494 5191 716 5248 Graecos
735 5192 959 5265 quidem
994 5198 1378 5270 redarguendo
1398 5204 1543 5272 quod
1576 5205 1947 5275 cognitionem
1977 5219 2075 5257 na-

498 5283 730 5338 turalem
748 5287 1149 5356 corrupissent,
1166 5305 1294 5347 eum
1313 5293 1421 5349 ait:
1445 5311 1464 5346 ι
1484 5296 1631 5352 Deus
1642 5297 1787 5352 enim
1809 5297 1942 5367 ipsis
1960 5311 2079 5350 ma—

497 5373 830 5443 nifestarit,»
853 5388 910 5435 et
932 5398 977 5435 ι(
997 5381 1135 5437 Cum
1155 5385 1324 5440 Deum
1341 5389 1747 5458 cognovissent,
1763 5409 1780 5440 ι
1808 5405 1917 5445 ηοη
1936 5389 2081 5445 sicut

496 5467 669 5523 Deum
710 5471 1161 5541 glorificaverunt
1198 5489 1296 5534 aut
1333 5482 1537 5552 gratias
1568 5490 1822 5554 egerunt.
1852 5482 2074 5538 .ludmos

498 5574 629 5615 vero
650 5561 790 5633 legis
821 5574 1279 5639 transgressores,
1310 5586 1433 5626 cum
1469 5573 1636 5628 dicit:
1674 5591 1694 5625 ι
1729 5573 1834 5639 Qui
1875 5574 1929 5628 in
1954 5574 2073 5645 lege

492 5652 770 5723 gioriaris,
807 5675 826 5707 θ
873 5669 932 5714 et
981 5661 1283 5720 ostendens
1328 5666 1475 5735 quod
1506 5666 1649 5737 apud
1675 5666 1799 5722 illos
1846 5667 2072 5739 quidem

566 5834 612 5871 “
639 5834 804 5894 Rom.
839 5856 892 5906 ν,
925 5841 1014 5901 νο.

2192 3270 2304 3323 Καὶ
2349 3269 2504 3321 αὐτοὶ
2534 3269 2634 3339 μὲν
2666 3267 2844 3321 ταῦτα
2870 3267 3076 3335 ἔλεγον,
3111 3266 3197 3319 ὅτι
3250 3262 3547 3324 πλεονάσας
3592 3262 3618 3311 ὁ
3657 3256 3731 3309 κό-

2195 3378 2328 3431 σμος
2359 3362 2794 3433 ἁμαρτημάτων,
2819 3359 2985 3414 αὐτὸν
3008 3359 3101 3414 τὸν
3162 3357 3296 3411 Υίὸν
3347 3356 3442 3411 τοῦ
3485 3353 3609 3408 Θεοῦ
3652 3351 3733 3403 ἑπ-

2191 3452 2469 3507 εσπάσατο
2503 3454 2582 3515 εἰς
2625 3450 2919 3519 σωτηρίαν.
2953 3449 3062 3502 Καὶ
3115 3450 3181 3501 ἐκ
3214 3446 3409 3501 τούτου
3449 3443 3732 3499 ἐπλεόνασεν

2192 3544 2274 3608 εἰς
2295 3544 2442 3614 ἡμᾶς
2471 3544 2504 3613 ἡ
2536 3542 2718 3615 χάρις.
2754 3542 2918 3596 Αὐτοὶ
2938 3541 2993 3594 δὲ
3030 3539 3384 3608 διασύροντες
3428 3537 3486 3590 τὸ
3540 3529 3731 3604 εἰρημέ-

2190 3653 2302 3701 νον,
2326 3634 2565 3707 ἐφασκον
2592 3635 2716 3698 τοὺς
2746 3632 3107 3705 Χριστιανοὺς
3152 3631 3358 3699 λέγειν,
3383 3631 3489 3685 δεῖν
3517 3619 3733 3697 ἁμαρτά·

2189 3745 2322 3790 νειν,
2390 3725 2478 3782 ἵνα
2524 3726 2800 3797 πλεονάσῃ
2832 3726 3072 3796 ήχάρις.
3114 3717 3238 3787 Ὧν,
3300 3723 3455 3792 φησὶ,
3516 3714 3725 3787 δηλονότι

2188 3819 2296 3873 τῶν
2327 3817 2501 3881 οὕτως
2530 3818 2996 3888 βλασφημούντων
3029 3818 3199 3889 ἡμᾶς,
3256 3815 3319 3868 τὸ
3353 3816 3521 3885 κρίμα
3553 3805 3730 3861 ἔνδικόν

2190 3912 2359 3974 ἐστιν,
2417 3910 2497 3963 ὅτι
2534 3906 2601 3962 τὰ
2661 3907 2843 3972 καλῶς
2915 3907 3182 3978 εἰρημένα
3237 3904 3426 3967 κακῶς
3486 3901 3730 3971 μεθερμη-

2188 4002 2439 4066 νεύοντες
2481 4000 2854 4072 διασύρουσιν.
2907 4031 2975 4042 -
3017 3997 3321 4072 [XETHR]
3390 3996 3454 4050 Τί
3497 3988 3616 4057 οῦν;
3657 3987 3729 4041 διὰ

2187 4093 2283 4148 τοῦ
2300 4096 2489 4164 νόμου,
2523 4094 2683 4165 φησὶ,
2716 4095 2937 4162 καὶτῆς
2981 4092 3285 4163 περιτομῆς
3336 4088 3486 4143 οὐδὲν
3516 4095 3727 4154 προκατο

2191 4184 2288 4257 έχο
2302 4202 2400 4256 μεν
2425 4185 2587 4240 πλέον
2610 4182 2685 4240 ὧν
2704 4186 2920 4257 ἔχομεν.
2938 4184 3002 4238 Τί
3028 4185 3121 4238 οὖν
3143 4184 3446 4254 κατέχομεν
3470 4173 3729 4246 περισσὸνς

2189 4277 2644 4349 προῃτιασάμεθα
2709 4277 2819 4347 γὰρ
2882 4276 3177 4339 Ἰουδαίους
3237 4292 3297 4327 τε
3349 4268 3727 4337 κα“ι”Ελληνα;,

2189 4371 2282 4424 καὶ
2309 4369 2376 4424 τά
2408 4371 2558 4442 ἑξῆς.
2592 4369 2854 4434 Ἐλλιπῶς
2885 4369 3122 4440 εἴρηται.
3154 4367 3244 4437 Τῷ
3272 4367 3404 4439 γὰρ,
3428 4364 3493 4419 Τί
3508 4362 3593 4417 οῦν
3621 4372 3727 4411 κατ-

2188 4460 2383 4532 ἕχομεν
2436 4462 2733 4533 περισσῶς
2776 4460 3070 4514 ἀκόλουθον
3109 4454 3177 4531 ἦν
3200 4459 3523 4526 ἐπαγαγεῖν,
3554 4451 3640 4518 τὴν
3680 4449 3731 4499 ἐκ

2192 4555 2426 4618 πίστεως
2450 4554 2819 4624 δικαιοσύνην,
2839 4552 2977 4623 ὅπερ
3003 4555 3060 4606 ἐν
3080 4553 3192 4615 τοῖς
3221 4550 3351 4619 ἑξῆς
3374 4547 3570 4620 προῖὼν
3584 4542 3727 4608 λέγει

2196 4664 2216 4698 ι
2252 4647 2611 4718 Δικαιοσύνην
2638 4646 2799 4709 Θεοῦ,
2825 4646 2915 4699 διὰ
2954 4645 3192 4709 πίστεως
3221 4641 3400 4713 Ἰησοῦ
3431 4634 3672 4711 Χριστοῦ.
3708 4647 3723 4678 ι

2190 4740 2257 4793 Τί
2286 4740 2381 4794 οῦν
2441 4741 2766 4811 κατέχομεν,
2797 4739 2953 4809 φησὶ,
3008 4735 3270 4809 περισσὸν
3298 4735 3495 4807 ήμεῖς;
3528 4730 3630 4796 Τὴν
3678 4723 3730 4773 ἔκ

2189 4833 2424 4898 πίστεως
2456 4833 2826 4899 δικαιοσύνην.
2848 4829 3307 4903 Προῃτιασάμεθα
3335 4828 3444 4898 γὰρ
3473 4818 3727 4878 Ἰουδαίους

2185 4942 2244 4980 τε
2274 4926 2369 4980 καὶ
2400 4925 2691 4997 Ἕλληνας.
2726 4924 2849 4988 Πῶς
2875 4924 2932 4977 δὲ
2962 4922 3378 4995 «pontiﬁcum;
3433 4921 3490 4974 ἐν
3510 4913 3583 4986 τῷ
3621 4907 3727 4963 Ἐλ-

2186 5019 2354 5089 ληνας
2413 5018 2514 5089 μὲν
2561 5018 2883 5086 ἁπελέγξαι,
2925 5016 3352 5088 διαφθείραντας
3384 5012 3481 5082 τὴν
3527 4999 3729 5077 φυσικὴν

2181 5111 2404 5178 γνῶσιν,
2447 5111 2506 5162 ἐν
2532 5104 2613 5173 οἷς
2643 5110 2770 5180 ἔφη’
2811 5128 2830 5160 ι
2872 5108 2931 5161 Ὀ
2985 5107 3117 5170 Θεὸς
3164 5106 3274 5176 γὰρ
3324 5103 3505 5164 αὐτοῖς
3564 5089 3729 5163 ἐφανέ-

2187 5217 2351 5273 ρωσε.
2391 5218 2409 5251 ι
2438 5201 2569 5264 Καὶ,
2615 5221 2634 5253 t
2675 5202 2798 5254 Ὅτι
2820 5201 3041 5270 γνόντες
3070 5199 3162 5251 τὸν
3183 5198 3340 5261 Θεὸν,
3370 5196 3465 5264 οὐχ
3499 5191 3569 5253 ὡς
3615 5183 3725 5238 Θεδν

2187 5296 2446 5360 ἐδόξασαν
2477 5296 2508 5366 ἢ
2541 5296 2964 5368 εὐχαρίστησαν.
3009 5315 3027 5347 ι
3064 5293 3358 5355 Ἰουδαίους
3397 5289 3474 5353 δὲ,
3516 5278 3726 5352 παρισε·

2189 5385 2423 5455 δηκότας
2448 5386 2539 5439 τὸν
2566 5387 2752 5455 νόμον,
2776 5386 2840 5439 δι’
2864 5379 2937 5438 ὧν
2960 5400 3124 5455 φησιν
3143 5399 3156 5413 ⁸
3191 5401 3210 5433 ι
3253 5382 3347 5444 Ὃς
3375 5380 3432 5430 ἓν
3456 5378 3595 5444 νῦμῳ
3611 5383 3724 5422 κα⁹”

2187 5480 2371 5552 lien.
2405 5498 2424 5531 ι
2465 5480 2573 5532 Καὶ
2594 5479 2775 5545 δείξας
2797 5480 2878 5532 ὅτι
2901 5477 3032 5548 παρ’
3064 5471 3146 5539 οἷς
3189 5477 3287 5546 μὲν
3315 5475 3347 5545 ἡ
3403 5470 3557 5541 φύσις
3585 5458 3721 5568 ﬁco?-

2183 5591 2334 5644 νησε,
2365 5576 2498 5648 παρ’
2522 5570 2604 5638 οἷς
2630 5575 2687 5628 δέ
2716 5576 2811 5629 καὶ
2844 5577 2875 5646 ἡ
2913 5572 3074 5646 φύσις
3097 5572 3191 5626 καὶ
3220 5569 3250 5623 ὁ
3310 5569 3491 5639 νόμος,
3524 5558 3721 5617 ἀκολού-

2184 5669 2293 5733 οως
2325 5668 2423 5742 τὴν
2456 5673 2517 5723 ἐκ
2545 5670 2634 5724 τοῦ
2665 5669 3005 5740 Εὐαγγελίου
3037 5666 3199 5741 χάριν
3228 5664 3458 5735 εἰσάγει,
3483 5656 3714 5725 καίφησν
