3978 6570
496 392 609 456 379

1596 390 1998 454 (ECUMENII
2035 388 2327 451 ΤΒΙΟΟιΕ
2367 385 2711 449 EPISCOPI

3660 389 3747 456 330

501 507 596 576 qui
622 502 731 559 illis
750 502 970 573 eloquia
994 502 1357 567 concredidit,
1391 501 1486 574 qui
1519 504 1919 573 promissiones
1939 517 2089 557 com-

2206 500 2478 573 ςυγκρίνει
2508 498 2619 552 τῶν
2648 494 3006 570 ἀκροϐυστων
3038 486 3131 548 καί⁵
3191 492 3309 549 τῶν
3369 510 3745 571 περιτετμημε.

495 595 686 666 plevit,
721 594 869 648 nullo
901 603 1130 665 accepto
1161 595 1559 666 impedimento
1594 610 1693 665 per
1721 594 2072 649 incredulos:

497 688 590 743 hic
614 696 799 744 autem
839 687 986 758 ipsas
1014 687 1229 742 confert
1256 703 1354 758 per
1385 703 1444 743 se
1477 702 1741 757 personas
1783 686 2080 741 circumci-

498 795 691 835 sorum
735 795 799 834 ac
830 779 1320 849 prceputiatorum:
1359 787 1416 835 et
1442 778 1578 851 dicit
1622 777 1756 848 ipsis
1783 776 1921 832 nihil
1945 777 2081 832 alte»

499 889 594 929 ros
640 873 832 927 alteris
862 872 1199 942 prmcellere.
1247 871 1532 942 Siquidem
1566 873 1660 942 qui
1691 872 1952 926 virtutem
1987 885 2083 925 co-

2187 609 2317 657 νων,
2354 593 2449 647 καὶ
2512 592 2661 659 λέγει
2693 592 2882 653 αὐτοῖς
2920 588 3088 659 μηδὲν
3127 588 3355 660 ἐτέρους
3392 589 3589 661 ἑτέρων
3640 609 3743 659 προ-

2191 685 2359 757 έχειν.
2388 684 2458 737 οἵ
2483 701 2541 736 τε
2567 683 2677 755 γὰρ
2711 679 3106 752 κατορθοῦντες
3134 679 3233 750 τὴν
3264 678 3473 751 ἀρετὴν
3502 682 3680 746 ὁποίας
3697 684 3749 739 ἂν

2190 779 2300 850 είηθ
2325 779 2652 847 συντάξεως,
2679 776 2882 848 ὁμοίως
2915 776 3015 846 τῆς
3074 775 3406 847 εὐεργεσίας
3467 776 3750 832 ἀπολαύου-

2195 889 2298 926 σιν.
2335 871 2406 925 Οἴ
2435 889 2496 924 τε
2536 870 2705 924 πάλιν
2741 869 3194 940 παρασαίνοντες,
3229 868 3336 923 κᾶν
3359 883 3421 920 τε
3459 867 3565 920 τῶν
3618 870 3752 941 ἀκρο-

495 965 618 1019 lunt
661 965 1039 1035 cujuscunque
1075 965 1188 1021 sint
1233 964 1467 1031 ordinis,
1500 963 1772 1020 beneficio
1824 963 2082 1023 similiter

2206 962 2407 1018 Sticth
2439 961 2571 1029 εἷεν,
2603 962 2705 1016 κᾶν
2729 979 2789 1015 τε
2817 960 2926 1014 τῶν
2983 960 3403 1032 ὲμπεριτόμων,
3433 959 3532 1031 τὴν
3584 963 3751 1032 ὁμοίαν

495 1057 793 1112 fruuntur:
841 1074 1177 1129 rursumque
1225 1068 1691 1130 transgressores,
1720 1058 1838 1113 sive
1876 1073 1943 1113 ex
1974 1057 2086 1112 cir-

494 1150 753 1205 cumcisis
802 1152 933 1214 sint,
986 1150 1105 1205 sive
1159 1150 1529 1222 praeputiatis,
1573 1149 1923 1205 consimilem
1971 1148 2081 1204 sibi

496 1242 631 1312 ipsis
656 1258 874 1312 prunam
908 1243 1315 1298 conciliabunt.

563 1333 729 1404 239
755 1334 875 1388 Non
903 1334 1085 1404 itaque
1119 1336 1382 1404 pugnant,
1406 1333 1557 1389 Nihil
1587 1333 1977 1404 prmeellimus;
2007 1339 2085 1398 et,

494 1426 667 1482 Multa
690 1437 777 1482 est
804 1428 1131 1483 excellentia
1151 1429 1349 1493 Judaei,
1371 1444 1436 1484 ac
1464 1428 1906 1484 circumcisionis
1930 1427 2088 1482 utili-

499 1531 581 1575 tas
612 1537 626 1573 :
658 1520 815 1591 juxta
849 1520 1016 1574 alium
1043 1521 1191 1575 enim
1217 1521 1442 1576 modum
1470 1520 1547 1575 ibi
1570 1520 1778 1575 dictum
1800 1529 1907 1583 est,
1934 1521 2088 1591 juxta

495 1610 663 1665 alium
689 1609 777 1664 hic
793 1612 1132 1680 comparatio
1151 1611 1346 1665 tradita
1365 1622 1466 1667 est.
1481 1611 1617 1666 Cum
1630 1626 1762 1683 ergo
1777 1610 1830 1665 in
1848 1612 2093 1682 superio—

496 1701 653 1757 ribus
664 1702 911 1769 dixisset,
930 1702 1465 1767 Excellentialudaei,
1485 1718 1549 1759 ac
1560 1703 1871 1760 docuisset!
1878 1704 2095 1759 udzeum

496 1793 704 1848 habere
751 1794 1130 1850 excellentiam
1155 1836 1169 1859 ,
1207 1795 1280 1849 ob
1309 1795 1684 1850 concreditam
1719 1794 1915 1865 legem.
1949 1811 2096 1852 nunc

498 1883 742 1939 ostendit
774 1887 922 1955 ipsos
953 1886 1161 1940 nullam
1197 1887 1398 1941 habere
1423 1887 1826 1950 excellentiam,
1848 1889 1995 1958 quod
2025 1890 2092 1944 il-
2126 1867 2172 1928 Β

498 1976 607 2031 lam
629 1992 737 2031 non
754 1978 1125 2033 servaverint:
1143 1980 1277 2049 quin
1297 1979 1484 2049 potius
1501 1988 1652 2035 tanto
1667 1978 1959 2037 inferiores
1974 1998 2095 2038 esse

498 2077 709 2139 quanto
740 2071 898 2141 pejus
926 2080 1012 2126 est
1057 2087 1123 2126 ex
1152 2071 1382 2127 scientia
1417 2086 1672 2143 peccare.
1726 2072 1869 2139 Quid
1917 2071 2096 2145 ergo?

501 2162 790 2227 habemus,
840 2163 1041 2234 inquit,
1081 2178 1183 2219 nos
1231 2164 1406 2221 Judaei
1456 2165 1663 2235 aliquid
1711 2166 2098 2222 excellentiae?

497 2251 674 2317 Nihil,
702 2253 902 2324 inquit.
939 2255 1053 2310 Cur
1075 2255 1129 2310 id
1163 2256 1422 2311 tandem?
1455 2255 1593 2324 Quia
1618 2272 1812 2313 omnes
1844 2258 1948 2312 sub
1970 2274 2097 2329 pec-

502 2353 628 2399 cato
675 2361 900 2400 eramus
945 2355 1055 2401 tam
1079 2346 1252 2402 Judaei
1289 2363 1454 2419 quam
1482 2348 1681 2404 Graeci.
1723 2366 1741 2400 ι
1774 2349 1843 2405 Et
1876 2349 2096 2407 Judaos

501 2447 561 2494 et
610 2437 834 2494 Grrrcos
883 2442 1112 2495 omnino
1150 2442 1255 2496 sub
1302 2450 1533 2512 peccato
1578 2458 1721 2498 esse.
1764 2461 1782 2496 ι
1826 2443 1975 2498 Nihil
2007 2458 2096 2500 er-

502 2546 570 2601 go
612 2530 802 2585 induco
851 2539 936 2586 est
980 2531 1342 2596 excellentiae.
1395 2532 1594 2603 inquit,
1625 2549 1692 2589 ex
1741 2533 1881 2605 lege,
1927 2551 2092 2606 quam

504 2638 613 2677 non
649 2624 933 2679 servavit:
968 2639 1147 2694 neque
1187 2627 1535 2697 prmputiato,
1584 2629 1788 2699 quippe
1820 2629 1915 2699 qui
1960 2644 2094 2701 pec-

506 2715 675 2768 cavit.
694 2714 904 2771 'Nullus
945 2731 1077 2787 ergo
1106 2718 1385 2774 excelsum
1430 2718 1744 2789 quidquamj
1776 2720 1945 2777 habet
1980 2737 2096 2792 pra:

506 2808 704 2863 altero.
747 2808 1030 2879 Siquidem
1065 2809 1295 2866 redditis
1339 2811 1524 2868 causis
1566 2813 1912 2870 ostendimus
1937 2855 1953 2880 ,
1988 2815 2095 2872 hoc

506 2905 591 2951 est
611 2898 973 2967 convicimus,
990 2916 1185 2957 omnes
1202 2916 1322 2957 esse
1339 2912 1565 2973 peccato
1584 2906 1874 2963 obnoxios.
1887 2907 2096 2966 Deinde

445 2983 453 2991 ’
510 3007 580 3047 ne
610 2992 662 3046 id
694 3008 896 3048 novum
926 3009 1047 3051 esse
1080 2996 1355 3063 videatur,
1392 2997 1561 3053 David
1596 3013 1661 3054 ac
1704 2998 1898 3056 Isaiam
1927 3009 2097 3059 testes

509 3085 754 3167 adducit.
808 3105 829 3138 s
862 3086 1056 3143 Simul.
1098 3107 1118 3142 ι
1179 3088 1317 3145 Cum
1365 3104 1434 3145 eo
1480 3091 1738 3148 videlicet
1782 3092 1879 3164 qui
1909 3103 1995 3150 est
2039 3095 2095 3151 in

509 3177 805 3247 praeputio.
844 3197 864 3231 ι
900 3179 1128 3237 Inutiles
1154 3180 1281 3237 facti
1308 3191 1457 3239 sunt.
1490 3200 1509 3235 ι
1549 3182 1808 3239 Protinus
1834 3191 1896 3239 ut
1924 3199 1956 3240 a
1984 3185 2095 3242 Deo

510 3268 949 3335 declinaverunt,
968 3269 1265 3328 inutilcset
1288 3273 1489 3345 abjecti
1513 3272 1642 3329 facti
1667 3282 1819 3330 sunt.
1846 3294 1866 3328 ι
1898 3275 2097 3347 Seput-
2134 3268 2158 3293 ³

511 3377 688 3425 crum,
720 3381 739 3414 ι
764 3372 872 3418 etc.
895 3362 1506 3434 Haedobtrectatorihus
1523 3365 1882 3423 conveniunt.
1922 3385 1942 3421 ι
1967 3367 2113 3424 Con-

515 3454 666 3511 tritio
686 3464 744 3510 et
759 3455 983 3511 miseria
1004 3457 1061 3513 in
1083 3457 1188 3513 viis
1211 3473 1427 3514 eorum.
1466 3477 1486 3511 ι
1511 3459 1648 3514 Nam
1671 3459 1793 3514 vias
1819 3472 2113 3515 conversa-

512 3546 721 3602 tionem
736 3548 870 3603 dicit
881 3558 940 3604 et
954 3549 1119 3605 vitam
1137 3569 1150 3605 :
1166 3552 1552 3608 contritionem
1567 3562 1750 3608 autem
1763 3560 1819 3607 et
1832 3552 2109 3608 miseriam

514 3647 763 3707 peccata.
783 3639 931 3695 Nihil
948 3642 1096 3697 enim
1121 3642 1261 3698 adeo
1279 3652 1519 3699 mentem
1539 3659 1852 3714 corpusque
1873 3645 2113 3701 conterit

513 3738 574 3784 et
606 3731 860 3787 exhaurit
895 3749 960 3788 ac
987 3744 1292 3804 peccatum.
1330 3755 1349 3788 ι
1389 3736 1546 3793 Viam
1569 3738 1720 3807 pacis
1759 3752 1871 3793 non
1905 3753 2112 3808 cogno-

516 3831 737 3877 verunt.
772 3840 792 3875 ι
841 3823 996 3880 Viam
1026 3825 1180 3895 pacis
1218 3826 1349 3882 dicit
1392 3828 1584 3883 utilem
1617 3827 1834 3883 vivendi
1858 3829 2105 3885 modum.

590 3913 680 3976 Ill,
719 3915 805 3983 l9,
836 3917 932 3972 20.
976 3918 1191 3974 Scimus
1240 3930 1413 3975 autem
1463 3920 1604 3992 quod
1650 3937 1971 3992 quacunque
2017 3921 2103 3977 lca:

517 4004 674 4070 dicit,
706 4008 789 4062 his
820 4011 911 4079 qui
936 4011 991 4064 in
1023 4011 1132 4082 lege
1163 4022 1285 4067 sunt
1310 4014 1547 4084 loquitur
1579 4030 1598 4068 :
1629 4023 1689 4068 ut
1726 4030 1880 4070 omne
1909 4032 1968 4069 as
2013 4014 2110 4069 ob-

520 4105 750 4165 turetur,
778 4110 828 4154 et
858 4102 1117 4157 obnoxius
1148 4105 1246 4173 ﬁat
1279 4113 1420 4159 totus
1444 4106 1674 4161 mundus
1716 4106 1843 4170 Deo,
1879 4123 1940 4161 eo
1961 4106 2104 4177 quod

520 4205 588 4243 ca:
622 4194 865 4260 operibus
913 4196 1043 4268 legis
1090 4212 1194 4252 non
1231 4184 1628 4269 justiﬁcabitur
1680 4200 1853 4254 omnis
1900 4215 2025 4254 caro
2054 4201 2110 4255 iu

520 4297 803 4356 conspectu
828 4269 965 4357 ejus.

598 4381 678 4436 Ne
707 4383 894 4438 dicant
918 4384 1094 4440 Judaei
1124 4401 1139 4439 :
1176 4385 1246 4440 Et
1292 4385 1427 4456 quid
1452 4385 1570 4441 haec
1595 4383 1663 4441 ad
1701 4385 1846 4441 nos?
1870 4384 2110 4444 Omnino

519 4478 668 4534 enim
695 4478 765 4533 de
787 4477 949 4531 nobis
975 4476 1123 4532 dicta
1157 4490 1269 4532 non
1298 4485 1449 4532 sunt.
1496 4477 1719 4547 Utique,
1764 4476 1963 4546 inquit,
2010 4491 2110 4532 vos

2192 1056 2466 1129 τιμωρίαν
2494 1057 2711 1119 ἑαυτοῖς
2744 1055 3166 1110 ὲπισπάσονται.

2268 1336 2433 1388 ’Ὥστε
2467 1333 2529 1389 οὐ
2564 1334 2798 1406 μάχεται
2832 1331 2915 1398 τὺ,
2961 1330 3116 1386 οὐδὲν
3152 1328 3530 1403 προεχόμεθα,
3574 1331 3660 1386 καὶ
3685 1334 3751 1396 τὸ,

2198 1426 2333 1481 πολὺ
2364 1424 2426 1479 τδ
2468 1424 2731 1495 περισσὸν
2755 1421 2849 1476 τοῦ
2894 1420 3154 1475 Ἰουδαίου
3185 1421 3281 1474 καὶ
3309 1422 3343 1491 ἠ
3391 1419 3626 1490 ὠφέλεια
3672 1422 3755 1489 τῆς

2199 1517 2526 1589 περιτομῆς.
2553 1516 2689 1571 Κατ’
2714 1515 2873 1570 ἄλλον
2903 1513 3014 1585 γὰρ
3039 1515 3243 1585 τρόπον
3270 1514 3394 1566 ἐκεῖ
3421 1511 3648 1583 εἴρηται,
3675 1515 3755 1566 καὶ

2199 1611 2321 1666 κατ’
2351 1610 2508 1666 ἄλλον
2541 1608 2638 1664 νῦν
2660 1612 2693 1680 ἠ
2726 1610 3019 1681 σύγκρισις
3042 1605 3597 1678 παρείληπται.”Δνω
3614 1605 3755 1658 εἰπὼν

2200 1702 2261 1755 τὸ
2295 1703 2555 1772 περισσὸν
2587 1698 2681 1753 τοῦ
2716 1699 3000 1763 Ἰουδαίου,
3034 1698 3129 1751 καὶ
3158 1696 3386 1762 διδάξας
3423 1695 3567 1769 ἔχειν
3608 1714 3655 1750 τι
3682 1715 3757 1750 πε-

2206 1795 2389 1868 ρισσὸν
2413 1794 2505 1846 τδν
2524 1793 2780 1846 Ἰουδαῖον
2811 1792 2898 1845 διὰ
2928 1791 2991 1844 τὸ
3017 1789 3435 1861 ἐγχειρισθῆναι
3482 1789 3571 1842 τὸν
3595 1788 3753 1859 νόμον,

2202 1886 2300 1940 νῦν
2330 1884 2571 1938 δείκνυσι
2628 1885 2795 1953 μηδὲν
2852 1883 2997 1955 ἔχειν
3029 1882 3319 1955 περισσὸν,
3373 1881 3452 1946 ὠς
3494 1882 3565 1954 μὴ
3612 1883 3754 1951 φυλά-

2204 1978 2378 2046 ξαντα
2401 1977 2585 2032 αὐτόν.
2616 1977 2703 2047 Μὴ
2734 1978 2816 2031 ὅτι
2850 1976 2947 2031 καὶ
2972 1976 3219 2043 ἔλαττον,
3246 1976 3377 2030 ὅσον
3409 1975 3471 2028 τὸ
3506 1977 3562 2027 ὲν
3586 1974 3753 2042 γνώσει

2202 2073 2542 2144 ἁμαρτάνειν
2570 2073 2775 2143 χεῖρον.
2818 2069 2886 2124 Τί
2913 2069 3007 2124 οὖν
3028 2087 3045 2139 ;
3069 2068 3290 2141 ἔχομεν.
3327 2070 3514 2138 φησὶν,
3544 2070 3686 2141 ἡμεῖς
3713 2069 3753 2120 οἱ

2200 2166 2448 2220 Ἰουδαῖοι
2500 2164 2664 2218 πλέον
2701 2181 2791 2230 τι;
2827 2163 3013 2231 οὐδὲν,
3042 2163 3198 2233 φησί.
3241 2161 3313 2216 Τί
3360 2162 3426 2233 δή
3472 2178 3627 2228 arose;
3655 2161 3756 2213 Ὅτι

2203 2260 2406 2324 πάντες
2434 2259 2540 2312 ὑπὸ
2563 2256 2845 2331 ἁμαρτίαν
2868 2257 3057 2328 ἐσμὲν,
3088 2257 3348 2311 Ἰουδαῖοί
3379 2272 3440 2309 τε
3473 2254 3565 2310 καὶ
3591 2254 3755 2326 Ἕλλη-

2202 2371 2313 2418 νες.
2358 2372 2376 2406 ι
2407 2352 2697 2416 Ἰουδαίους
2725 2369 2784 2406 τε
2809 2349 3197 2421 καὶἚλληνας,
3226 2352 3455 2414 πάντως
3481 2348 3569 2418 ὐφ’
3604 2348 3758 2419 ἁμαρ-

2200 2446 2322 2501 τίαν
2356 2441 2516 2502 εἶναι.
2560 2463 2579 2498 ι
2614 2443 2782 2500 Οὐδὲν
2811 2439 2927 2509 οὖν,
2959 2442 3214 2515 φησὶ,τῷ
3242 2442 3492 2513 Ἰουδαίῳ
3535 2439 3677 2494 πλέον
3702 2441 3754 2493 ἐκ

2201 2538 2296 2593 τοῦ
2326 2538 2495 2610 νόμου
2520 2551 2537 2570 σ
2569 2537 2672 2591 οὐκ
2697 2535 2933 2604 ἐφύλαξε
2972 2536 3114 2607 γάρ·
3145 2534 3267 2589 οὐδὲ
3318 2533 3399 2604 τῷ
3423 2531 3750 2604 ἀκροδὺστῳο

2200 2630 2417 2703 ἥμαρτε
2445 2632 2574 2703 γάρ.
2625 2629 2817 2694 Οὐδεὶς
2843 2626 2936 2683 οὖν
2980 2627 3094 2699 ἔχει
3127 2626 3295 2682 πλέον
3342 2625 3438 2679 τοῦ
3467 2625 3633 2680 ἄλλου.
3665 2623 3753 2678 Καὶ

2201 2723 2311 2792 γὰρ
2332 2722 2541 2785 πάντας
2566 2719 2935 2793 ᾐτιασάμεθα,
2960 2718 3240 2773 τουτέστιν
3262 2715 3596 2788 ὴλέγξαμεν,
3619 2714 3753 2776 ὄντας

2203 2815 2293 2885 ὑφ’
2317 2814 2613 2886 ἁμαρτίαν.
2652 2807 2787 2866 Εἶτα
2840 2811 2929 2865 ἵνα
2981 2812 3055 2883 μὴ
3082 2810 3209 2883 δόξῃ
3236 2808 3483 2881 ἐπαχθὲς
3511 2804 3655 2871 εἷναι,
3679 2807 3751 2859 τὸν

2201 2905 2365 2959 Δαόὶδ
2387 2906 2483 2960 καὶ
2516 2904 2748 2960 Ἡσαΐαν
2771 2903 2928 2975 φέρει
2956 2903 3265 2976 μάρτυρας.
3303 2922 3323 2956 ι
3355 2903 3530 2972 Ἅμα.
3565 2919 3583 2951 ι
3613 2898 3750 2967 Τῷὲν

2202 2997 2540 3072 ἀκροϐυστίᾳ
2592 2998 2857 3070 δηλονότι.
2925 3016 2945 3049 ι
2983 2997 3423 3069 Ἦχρειώθησαν.
3479 3012 3499 3049 ι
3533 2994 3668 3063 ’Δμα
3691 2988 3752 3060 τῷ

2170 3110 2175 3115 ·
2202 3091 2448 3147 ἐκκλῖναι
2470 3090 2578 3145 ἀπὸ
2609 3090 2769 3157 Θεοῦ,
2795 3090 3003 3161 ἀχρεῖοι
3030 3089 3126 3142 καὶ
3166 3086 3573 3161 ἀπερριμμένοι
3617 3082 3752 3152 γιγέο

2205 3198 2415 3253 νηνται.
2450 3200 2470 3233 ι
2500 3180 2704 3252 Τάφος,
2742 3198 2762 3231 ι
2794 3179 2891 3233 καὶ
2918 3178 2988 3233 τὰ
3011 3178 3162 3249 ἑξῆς.
3192 3178 3386 3232 Ταῦτα
3412 3177 3524 3238 τοῖς
3552 3172 3755 3228 καταλα-

2162 3263 2174 3290 !
2211 3273 2365 3329 λοῦσι
2398 3272 2620 3345 πρέπει.
2662 3290 2682 3324 ι
2715 3271 3042 3343 Σύντριμμα
3075 3271 3171 3325 καὶ
3188 3266 3538 3339 ταλαιπωρία
3578 3266 3631 3318 έν
3654 3263 3753 3323 ταῖς

2211 3366 2351 3431 ὁδοῖς
2381 3364 2586 3420 αὐτῶν.
2620 3383 2640 3417 ι
2683 3363 2876 3427 Ὀδοὺς
2900 3362 3001 3435 τὴν
3052 3362 3335 3417 πολιτείαν
3381 3360 3513 3431 φησὶ
3550 3357 3636 3411 καὶ
3677 3353 3755 3422 τὴν

2212 3456 2363 3530 ζωήν
2381 3473 2395 3488 ⁸
2417 3448 2735 3528 σῦντριμμα
2755 3455 2813 3510 δι
2831 3455 2928 3510 καὶ
2949 3453 3356 3526 ταλαιπωρίαν,
3378 3452 3476 3516 τὰς
3496 3446 3753 3520 ἁμαρτίας·

2212 3547 2381 3601 Οὐδὲν
2407 3546 2516 3619 γὰρ
2549 3546 2722 3609 οὕτως
2752 3544 3027 3617 ἐπιτρίϐει
3052 3545 3147 3598 καὶ
3175 3542 3423 3615 ἐξίτηλον
3456 3542 3592 3595 ποιεῖ
3610 3535 3756 3608 ψυχὴν

2211 3637 2518 3709 καὶσῶμα,
2566 3638 2643 3703 ὼς
2680 3636 2942 3709 ἁμαρτία.
2983 3656 3003 3690 ι
3048 3636 3201 3691 Ὀδδν
3239 3636 3466 3708 εἰρήνης
3490 3633 3582 3687 οὐκ
3611 3630 3753 3699 ἐγνω-

2214 3749 2336 3788 σαν.
2374 3751 2393 3786 ι
2430 3732 2543 3805 Τὴν
2573 3733 2820 3806 χρηστὴν
2857 3731 3006 3800 λέγει
3030 3730 3336 3786 πολιτείαν.

2286 3919 2545 3990 Οἴδαμεν
2572 3916 2641 3972 δὲ
2675 3918 2765 3973 ὅτι
2794 3916 2913 3973 ὅσα
2943 3919 2977 3972 ὁ
3014 3917 3204 3988 νόμος
3234 3914 3420 3987 λέγει,
3466 3911 3584 3979 τοῖς
3613 3904 3755 3972 ἐντῷ

2212 4015 2377 4082 νόμῳ
2397 4010 2603 4067 λαλεῖν
2628 4013 2729 4066 ἵνα
2759 4009 2883 4066 πᾶν
2900 4014 3098 4081 στόμα
3127 4009 3353 4081 φραγῇ,
3381 4009 3477 4063 καί
3499 4004 3753 4067 ὑπόδικος

2212 4101 2456 4174 γένηται
2489 4100 2609 4169 πᾶς
2667 4104 2701 4156 δ
2724 4102 2959 4171 κόσμος
3011 4099 3092 4167 τῷ
3127 4098 3271 4167 Θεῷ.
3302 4101 3458 4154 Διότι
3505 4097 3571 4161 ἐξ
3596 4093 3754 4162 ἔργων

2210 4197 2402 4265 νόμου
2431 4197 2504 4250 οὐ
2529 4193 2987 4263 δικαιωθήσεται
3013 4192 3184 4250 πᾶσα
3221 4193 3384 4264 σὰρξ
3408 4190 3647 4247 ἐνώπιον
3666 4186 3752 4238 (ιὺ-

2211 4305 2343 4344 του.

2282 4382 2400 4436 Ἵνα
2427 4380 2502 4453 μὴ
2516 4380 2748 4450 λέγωσιν
2768 4380 3038 4444 Ἰουδαῖοι,
3062 4379 3244 4435 Καὶ’τί
3273 4381 3412 4452 πρὸς
3430 4378 3571 4451 ἡμᾶς
3583 4371 3751 4433 ταῦτας

2211 4474 2287 4529 Οὐ
2318 4475 2536 4536 πάντως
2554 4473 2665 4544 γὰρ
2697 4472 2829 4543 περὶ
2854 4472 3012 4543 ἡμῶν
3048 4472 3286 4542 εἴρηται.
3322 4472 3454 4534 Ναὶ,
3485 4461 3752 4538 φησὶ,πρ³ις

521 4579 775 4642 tangunt.
807 4570 1012 4626 Omnes
1038 4585 1275 4640 namque
1298 4570 1403 4626 hoc
1431 4569 1637 4625 scimus
1659 4571 1804 4640 quod
1844 4586 2103 4640 quaecun-

2215 4566 2381 4640 ὑμᾶς.
2417 4565 2625 4629 Πάντες
2655 4566 2765 4637 γάρ
2793 4563 2954 4619 τοῦτο
2987 4565 3168 4636 ῐσμεν,
3207 4565 3290 4618 ὅτι
3324 4566 3425 4619 ὅσα
3449 4563 3479 4615 ὁ
3507 4559 3653 4629 νόμος
3678 4552 3750 4606 λέ-

516 4677 629 4732 que
657 4660 793 4717 dicit
830 4660 920 4716 lex
955 4662 1135 4731 (vocat
1166 4675 1352 4718 autem
1395 4663 1592 4734 legem,
1616 4678 1781 4720 omne
1813 4663 1987 4722 Vetus
2018 4666 2110 4721 in-

520 4751 916 4821 strumentum)
947 4751 1034 4807 his
1065 4752 1159 4822 qui
1211 4752 1266 4807 in
1308 4754 1429 4824 lege
1480 4764 1612 4810 sunt
1652 4754 1926 4826 loquitur.
1981 4757 2114 4825 Quae

518 4853 644 4899 erat
668 4846 817 4901 enim
852 4845 1173 4911 necessitas,
1222 4847 1423 4916 inquit.
1452 4854 1512 4902 ut
1556 4847 1724 4903 David
1756 4857 1979 4906 exteros
2019 4866 2111 4905 ar-

521 4944 720 5008 gueret
737 4945 794 4992 et
813 4954 922 4994 non
951 4938 1124 4993 suos?
1153 4946 1249 4993 aut
1280 4948 1341 4993 ut
1368 4939 1556 5004 Isaias,
1582 4940 1676 5011 qui
1700 4941 1766 4995 ad
1791 4941 2112 4998 Judaaorum

521 5028 928 5082 correctionem
951 5029 1192 5083 emissus
1209 5036 1349 5105 erat,
1374 5030 1824 5101 alios,carperet-?
1852 5051 1870 5083 ι
1900 5030 1998 5088 His
2017 5031 2113 5102 qui

524 5119 582 5173 in
638 5118 757 5188 lege
828 5128 958 5174 sunt
1006 5120 1275 5190 loquitur.
1333 5141 1353 5174 ι
1414 5123 1588 5179 Caute
1653 5123 1948 5180 admodum
2010 5126 2115 5182 hoc

524 5209 691 5281 240
722 5213 923 5280 posuit.
977 5212 1167 5283 Neque
1214 5215 1362 5269 enim
1399 5215 1581 5271 dixit:
1630 5216 1707 5272 De
1739 5217 1825 5271 his
1856 5217 1950 5289 qui
1985 5226 2117 5274 sunt

526 5303 584 5356 in
616 5303 755 5372 lege,
787 5303 906 5368 sed,
944 5323 962 5354 ι
996 5304 1092 5361 His
1120 5307 1216 5377 qui
1249 5316 1378 5364 sunt
1418 5308 1472 5362 in
1499 5309 1645 5380 lege.
1685 5328 1708 5362 ι
1743 5309 1911 5366 Multa
1936 5310 2116 5381 siqni-

524 5394 653 5450 dem
681 5403 737 5449 et
768 5394 838 5450 de
868 5395 1182 5470 Babyloniis
1226 5401 1378 5467 dicit,
1420 5401 1716 5471 Persisque
1748 5411 1805 5457 et
1835 5403 2009 5457 Medis
2053 5419 2118 5458 ac

526 5483 836 5557 (Egyptiis,
889 5489 1122 5560 aliisque
1173 5490 1432 5561 plurimis
1469 5493 1813 5548 nationibus.
1865 5494 2117 5550 Attamen

525 5580 693 5635 etiam
721 5596 844 5650 quae
883 5585 950 5638 de
979 5582 1066 5639 his
1100 5593 1261 5640 erant
1292 5586 1574 5650 vaticinia,
1622 5585 1829 5640 Judaeis
1855 5585 2119 5640 afferebat

527 5671 623 5738 qui
649 5671 703 5724 in
739 5671 857 5743 lege
886 5684 1065 5740 erant,
1103 5676 1210 5731 hoc
1239 5687 1326 5732 est
1357 5677 1461 5732 sub
1504 5678 1643 5747 lege.
1685 5694 1705 5729 ι
1745 5676 1816 5733 Ut
1858 5691 2022 5731 omne
2055 5691 2119 5731 os

532 5761 847 5818 obturetur.
904 5785 922 5818 ι
975 5764 1232 5824 Ostendit
1269 5769 1559 5838 magniﬁce
1606 5769 1898 5840 loquentes
1950 5768 2017 5823 de
2059 5783 2118 5826 se

530 5849 769 5910 Judmos.
805 5854 888 5913 Ob
912 5857 1017 5913 hoc
1041 5874 1175 5928 ergo
1194 5860 1576 5930 arguebantur
1610 5878 1639 5917 a
1678 5860 1981 5933 prophetis,
2007 5876 2118 5932 quo

2213 4676 2300 4729 γει
2332 4657 2518 4733 (νόμον
2554 4658 2610 4712 δὲ
2635 4657 2783 4726 λέγει
2817 4659 3000 4712 πᾶσαν
3022 4658 3122 4729 τὴν
3170 4655 3463 4726 Παλαιὰν),
3488 4655 3594 4715 τοῖς
3617 4652 3667 4702 ἐν
3689 4642 3749 4713 τῷ

2213 4752 2366 4822 νόμῳ
2394 4749 2565 4804 λαλεῖ.
2601 4750 2735 4803 Ποία
2767 4750 2878 4822 γὰρ
2910 4745 3001 4822 ἦν,
3034 4749 3223 4821 φησὶν,
3255 4750 3468 4818 ἀνάγκη
3518 4743 3591 4814 τῷ
3614 4734 3746 4792 Δαυῖδ

2217 4843 2421 4915 ἑτέρων
2444 4845 2773 4914 κατηγορεῖν
2798 4843 2893 4895 καὶ
2926 4842 3050 4912 οὐχὶ
3072 4840 3182 4895 τῶν
3213 4842 3450 4905 οίκείων,
3476 4836 3561 4890 καὶ
3589 4829 3749 4886 ἄλλους

2217 4933 2483 5006 ἐλέγχειν,
2512 4934 2606 4987 τὸν
2654 4935 2736 4998 είς
2780 4933 3070 5005 διόρθωσιν
3110 4932 3385 4986 Ἰουδαίων
3424 4920 3749 4985 ἀποσταλέντα

2235 5026 2503 5094 Ἢσαῖαν;
2534 5046 2551 5077 ι
2580 5027 2706 5091 Τοῖς
2740 5026 2799 5079 ἐν
2815 5027 2895 5099 τῷ
2924 5026 3073 5098 νόμῳ
3097 5025 3268 5079 λαλεῖ.
3304 5044 3323 5078 ι
3360 5025 3463 5077 Σὺν
3499 5015 3648 5083 πολλῇ
3677 5006 3748 5062 καὶ

2215 5121 2375 5174 τοῦτο
2402 5119 2647 5176 τέθεικεν
2676 5119 2954 5191 ἀκριϐείᾳ.
2992 5119 3069 5174 Οὐ
3106 5119 3216 5188 γὰρ
3244 5115 3388 5183 εἷπε,
3425 5111 3554 5183 Περὶ
3584 5105 3675 5160 τῶν
3701 5102 3747 5191 ἐγ

2216 5214 2386 5284 νόμῳ,
2429 5212 2589 5276 ἀλλὰ,
2626 5231 2644 5263 ι
2685 5212 2811 5276 Τοῖς
2839 5188 3094 5283 ὲνννὸμῳ.
3133 5228 3151 5263 ι
3183 5210 3360 5264 Πολλά
3411 5206 3515 5276 γὰρ
3545 5188 3746 5261 καὶπερὶ

2219 5283 2576 5358 Βαὸυλωνίων
2629 5303 2802 5372 λέγει,
2838 5303 3054 5375 Περσῶε
3097 5318 3158 5356 τε
3193 5303 3286 5356 καὶ
3346 5299 3539 5371 Μήδων
3569 5290 3649 5345 καὶ
3674 5283 3746 5336 At-

2218 5397 2484 5466 γυπτίων,
2517 5397 2614 5449 καὶ
2647 5395 2851 5466 ἑτέρων
2900 5396 3173 5449 πλείστων
3226 5394 3416 5448 ἐθνῶν.
3451 5386 3581 5443 Ἀλλ’
3626 5380 3745 5448 ὅμως

2232 5489 2518 5551 Ἰουδαίους
2550 5488 2644 5541 καὶ
2696 5488 2798 5550 τὰς
2868 5489 2997 5560 περὶ
3025 5486 3235 5541 τούτων
3267 5483 3584 5559 προρρήσεις
3619 5479 3746 5540 προ⁶“

2221 5582 2417 5653 έφερεν
2458 5582 2572 5645 τοῖς
2595 5582 2653 5632 ὲν
2685 5579 2762 5650 τῷ
2788 5579 2959 5649 νόμῳ,
3005 5579 3252 5633 τουτέστι
3280 5582 3394 5642 τοῖς
3444 5572 3543 5628 ὑπὸ
3589 5564 3740 5629 νόμην·

2228 5693 2247 5725 ι
2274 5674 2393 5728 ἰνα
2432 5674 2540 5726 πᾶν
2575 5671 2750 5742 στόμα
2772 5673 2982 5742 φραγῇ.
3032 5691 3050 5723 ι
3087 5673 3340 5725 Δείκνυσι
3380 5654 3743 5741 μεγαλορρἡ⁰’

2223 5784 2321 5830 νας
2349 5767 2477 5829 τοὺς
2501 5764 2812 5828 Ἰουδαίους.
2841 5764 2941 5818 Διὰ
2969 5763 3131 5818 τοῦτο
3183 5760 3468 5834 τοιγαροῦν
3498 5750 3741 5825 ἠλέγχοντο

2224 5855 2331 5911 ὑπὸ
2360 5855 2471 5911 τῶν
2507 5852 2825 5927 προφητῶν,
2876 5853 2965 5908 ἵνα
2991 5852 3102 5909 τῶν
3136 5843 3614 5925 μεγαλορρημόνων
3631 5834 3740 5887 ἀπο⁴
