  <div class='ocr_page' id='page_1' title='image "/cluster/home/n/w/nwhite01/storage/ocr_20150623/118/hvd.32044019208149/230.png"; bbox 0 0 3978 6548; ppageno 0'>
   <div class='ocr_carea' id='block_1_1' title="bbox 161 364 248 434">
    <p class='ocr_par' dir='ltr' id='par_1_1' title="bbox 161 364 248 434">
     <span class='ocr_line' id='line_1_1' title="bbox 161 364 248 434; baseline -0.046 0"><span class='ocrx_word' id='word_1_1' title='bbox 161 364 248 434; x_wconf 80' lang='lat'><strong>381</strong></span> 
     </span>
    </p>
   </div>
   <div class='ocr_carea' id='block_1_2' title="bbox 1205 368 2371 433">
    <p class='ocr_par' dir='ltr' id='par_1_2' title="bbox 1205 368 2371 433">
     <span class='ocr_line' id='line_1_2' title="bbox 1205 368 2371 433; baseline 0.002 -4"><span class='ocrx_word' id='word_1_2' title='bbox 1205 368 1595 431; x_wconf 81' lang='lat' dir='ltr'><strong>COMMENT-</strong></span> <span class='ocrx_word' id='word_1_3' title='bbox 1629 370 1711 431; x_wconf 85' lang='lat' dir='ltr'><strong>IN</strong></span> <span class='ocrx_word' id='word_1_4' title='bbox 1752 371 1998 433; x_wconf 87' lang='lat' dir='ltr'><strong>EPIST.</strong></span> <span class='ocrx_word' id='word_1_5' title='bbox 2037 373 2139 432; x_wconf 77' lang='lat' dir='ltr'><strong>AD</strong></span> <span class='ocrx_word' id='word_1_6' title='bbox 2185 371 2371 432; x_wconf 83' lang='lat' dir='ltr'><strong>ROM.</strong></span> 
     </span>
    </p>
   </div>
   <div class='ocr_carea' id='block_1_3' title="bbox 3305 371 3417 438">
    <p class='ocr_par' dir='ltr' id='par_1_3' title="bbox 3305 371 3417 438">
     <span class='ocr_line' id='line_1_3' title="bbox 3305 371 3417 438; baseline -0.009 -2"><span class='ocrx_word' id='word_1_7' title='bbox 3305 371 3417 438; x_wconf 79' lang='lat'><strong>382</strong></span> 
     </span>
    </p>
   </div>
   <div class='ocr_carea' id='block_1_4' title="bbox 164 478 1715 558">
    <p class='ocr_par' dir='ltr' id='par_1_4' title="bbox 164 478 1715 554">
     <span class='ocr_line' id='line_1_4' title="bbox 164 478 1715 554; baseline 0 -18"><span class='ocrx_word' id='word_1_8' title='bbox 164 482 330 554; x_wconf 74' lang='grc' dir='ltr'><strong>φραγῇ</strong></span> <span class='ocrx_word' id='word_1_9' title='bbox 365 478 432 533; x_wconf 80' lang='grc' dir='ltr'><strong>τά</strong></span> <span class='ocrx_word' id='word_1_10' title='bbox 483 478 749 552; x_wconf 86' lang='grc' dir='ltr'><strong>στόματα.</strong></span> <span class='ocrx_word' id='word_1_11' title='bbox 803 498 822 531; x_wconf 82' lang='grc' dir='ltr'><strong>ι</strong></span> <span class='ocrx_word' id='word_1_12' title='bbox 875 479 985 534; x_wconf 66' lang='grc' dir='ltr'><strong>Καὶ</strong></span> <span class='ocrx_word' id='word_1_13' title='bbox 1013 479 1266 544; x_wconf 83' lang='grc' dir='ltr'><strong>ὑπόδικος</strong></span> <span class='ocrx_word' id='word_1_14' title='bbox 1295 481 1522 552; x_wconf 75' lang='grc' dir='ltr'><strong>γένηται</strong></span> <span class='ocrx_word' id='word_1_15' title='bbox 1557 484 1664 548; x_wconf 78' lang='grc' dir='ltr'><strong>πᾶς</strong></span> <span class='ocrx_word' id='word_1_16' title='bbox 1689 485 1715 536; x_wconf 87' lang='lat'><strong>6</strong></span> 
     </span>
    </p>
   </div>
   <div class='ocr_carea' id='block_1_5' title="bbox 1821 478 3416 558">
    <p class='ocr_par' dir='ltr' id='par_1_5' title="bbox 1822 484 3416 558">
     <span class='ocr_line' id='line_1_5' title="bbox 1822 484 3416 558; baseline 0 -20"><span class='ocrx_word' id='word_1_17' title='bbox 1822 485 2061 541; x_wconf 89' lang='lat' dir='ltr'><strong>inaniter</strong></span> <span class='ocrx_word' id='word_1_18' title='bbox 2106 503 2228 544; x_wconf 89' lang='lat' dir='ltr'><strong>sese</strong></span> <span class='ocrx_word' id='word_1_19' title='bbox 2290 484 2617 558; x_wconf 87' lang='lat' dir='ltr'><strong>jactantium</strong></span> <span class='ocrx_word' id='word_1_20' title='bbox 2664 484 3066 541; x_wconf 82' lang='lat' dir='ltr'><strong>obturarentur</strong></span> <span class='ocrx_word' id='word_1_21' title='bbox 3117 498 3236 541; x_wconf 91' lang='lat' dir='ltr'><strong>ora.</strong></span> <span class='ocrx_word' id='word_1_22' title='bbox 3291 505 3309 539; x_wconf 73' lang='grc' dir='ltr'><strong>ι</strong></span> <span class='ocrx_word' id='word_1_23' title='bbox 3345 488 3416 542; x_wconf 82' lang='grc' dir='ltr'><strong>Ει</strong></span> 
     </span>
    </p>
   </div>
   <div class='ocr_carea' id='block_1_6' title="bbox 165 569 1718 642">
    <p class='ocr_par' dir='ltr' id='par_1_6' title="bbox 165 569 1718 642">
     <span class='ocr_line' id='line_1_6' title="bbox 165 569 1718 642; baseline -0.002 -15"><span class='ocrx_word' id='word_1_24' title='bbox 165 573 344 642; x_wconf 70' lang='grc' dir='ltr'><strong>κόσμος</strong></span> <span class='ocrx_word' id='word_1_25' title='bbox 364 569 440 641; x_wconf 80' lang='grc' dir='ltr'><strong>τῷ</strong></span> <span class='ocrx_word' id='word_1_26' title='bbox 459 569 600 641; x_wconf 84' lang='grc' dir='ltr'><strong>Θεῷ.</strong></span> <span class='ocrx_word' id='word_1_27' title='bbox 634 588 652 622; x_wconf 73' lang='grc' dir='ltr'><strong>ι</strong></span> <span class='ocrx_word' id='word_1_28' title='bbox 687 569 943 624; x_wconf 85' lang='grc' dir='ltr'><strong>Τοιοῦτόν</strong></span> <span class='ocrx_word' id='word_1_29' title='bbox 970 587 1022 623; x_wconf 89' lang='grc' dir='ltr'><strong>τι</strong></span> <span class='ocrx_word' id='word_1_30' title='bbox 1053 571 1348 624; x_wconf 73' lang='grc' dir='ltr'><strong>αἰνίττεται</strong></span> <span class='ocrx_word' id='word_1_31' title='bbox 1369 587 1381 600; x_wconf 83' lang='lat'><strong><em>°</em></strong></span> <span class='ocrx_word' id='word_1_32' title='bbox 1407 572 1507 625; x_wconf 77' lang='grc' dir='ltr'><strong>Διὰ</strong></span> <span class='ocrx_word' id='word_1_33' title='bbox 1539 573 1718 640; x_wconf 89' lang='grc' dir='ltr'><strong>τοῦτο,</strong></span> 
     </span>
    </p>
   </div>
   <div class='ocr_carea' id='block_1_7' title="bbox 167 661 1721 737">
    <p class='ocr_par' dir='ltr' id='par_1_7' title="bbox 167 661 1721 737">
     <span class='ocr_line' id='line_1_7' title="bbox 167 661 1721 737; baseline 0.001 -20"><span class='ocrx_word' id='word_1_34' title='bbox 167 665 332 737; x_wconf 59' lang='grc' dir='ltr'><strong>φησιν,</strong></span> <span class='ocrx_word' id='word_1_35' title='bbox 356 663 403 716; x_wconf 91' lang='grc' dir='ltr'><strong>οἱ</strong></span> <span class='ocrx_word' id='word_1_36' title='bbox 436 661 714 732; x_wconf 81' lang='grc' dir='ltr'><strong>προφῆται</strong></span> <span class='ocrx_word' id='word_1_37' title='bbox 735 662 1050 733; x_wconf 81' lang='grc' dir='ltr'><strong>διήλεγξαν,</strong></span> <span class='ocrx_word' id='word_1_38' title='bbox 1076 663 1168 716; x_wconf 71' lang='grc' dir='ltr'><strong>καὶ</strong></span> <span class='ocrx_word' id='word_1_39' title='bbox 1195 662 1402 728; x_wconf 73' lang='grc' dir='ltr'><strong>ἔδειξαν</strong></span> <span class='ocrx_word' id='word_1_40' title='bbox 1425 663 1552 728; x_wconf 81' lang='grc' dir='ltr'><strong>τοὺς</strong></span> <span class='ocrx_word' id='word_1_41' title='bbox 1585 667 1721 718; x_wconf 81' lang='grc' dir='ltr'><strong>ἰου-</strong></span> 
     </span>
    </p>
   </div>
   <div class='ocr_carea' id='block_1_8' title="bbox 167 753 1721 826">
    <p class='ocr_par' dir='ltr' id='par_1_8' title="bbox 167 753 1721 826">
     <span class='ocr_line' id='line_1_8' title="bbox 167 753 1721 826; baseline -0.003 -13"><span class='ocrx_word' id='word_1_42' title='bbox 167 759 329 819; x_wconf 73' lang='grc' dir='ltr'><strong>δαίους</strong></span> <span class='ocrx_word' id='word_1_43' title='bbox 353 754 473 823; x_wconf 81' lang='grc' dir='ltr'><strong>εξκῆ</strong></span> <span class='ocrx_word' id='word_1_44' title='bbox 507 754 1150 826; x_wconf 73' lang='grc' dir='ltr'><strong>μεγαλορρημονοῦντας,</strong></span> <span class='ocrx_word' id='word_1_45' title='bbox 1176 753 1378 824; x_wconf 82' lang='grc' dir='ltr'><strong>μᾶλλον</strong></span> <span class='ocrx_word' id='word_1_46' title='bbox 1407 757 1466 810; x_wconf 82' lang='grc' dir='ltr'><strong>δέ</strong></span> <span class='ocrx_word' id='word_1_47' title='bbox 1491 757 1611 810; x_wconf 82' lang='grc' dir='ltr'><strong>ὅλον</strong></span> <span class='ocrx_word' id='word_1_48' title='bbox 1631 758 1721 810; x_wconf 83' lang='grc' dir='ltr'><strong>τὸν</strong></span> 
     </span>
    </p>
   </div>
   <div class='ocr_carea' id='block_1_9' title="bbox 167 847 1717 920">
    <p class='ocr_par' dir='ltr' id='par_1_9' title="bbox 167 847 1717 920">
     <span class='ocr_line' id='line_1_9' title="bbox 167 847 1717 920; baseline -0.001 -16"><span class='ocrx_word' id='word_1_49' title='bbox 167 851 347 920; x_wconf 81' lang='grc' dir='ltr'><strong>κόσμον</strong></span> <span class='ocrx_word' id='word_1_50' title='bbox 365 847 661 902; x_wconf 78' lang='grc' dir='ltr'><strong>ὑπεύθυνον</strong></span> <span class='ocrx_word' id='word_1_51' title='bbox 693 848 1008 918; x_wconf 81' lang='grc' dir='ltr'><strong>ἁμαρτίαις,</strong></span> <span class='ocrx_word' id='word_1_52' title='bbox 1039 849 1126 903; x_wconf 81' lang='grc' dir='ltr'><strong>ἵνα</strong></span> <span class='ocrx_word' id='word_1_53' title='bbox 1147 848 1617 920; x_wconf 84' lang='grc' dir='ltr'><strong>προοδοποιήσωσι</strong></span> <span class='ocrx_word' id='word_1_54' title='bbox 1651 851 1717 920; x_wconf 83' lang='grc' dir='ltr'><strong>τῇ</strong></span> 
     </span>
    </p>
   </div>
   <div class='ocr_carea' id='block_1_10' title="bbox 168 941 1722 1013">
    <p class='ocr_par' dir='ltr' id='par_1_10' title="bbox 168 941 1722 1013">
     <span class='ocr_line' id='line_1_10' title="bbox 168 941 1722 1013; baseline -0.001 -15"><span class='ocrx_word' id='word_1_55' title='bbox 168 945 343 1004; x_wconf 78' lang='grc' dir='ltr'><strong>πίστει,</strong></span> <span class='ocrx_word' id='word_1_56' title='bbox 378 941 467 994; x_wconf 74' lang='grc' dir='ltr'><strong>καὶ</strong></span> <span class='ocrx_word' id='word_1_57' title='bbox 493 941 859 1008; x_wconf 78' lang='grc' dir='ltr'><strong>γινώσκοντες</strong></span> <span class='ocrx_word' id='word_1_58' title='bbox 897 943 946 994; x_wconf 82' lang='lat' dir='ltr'><strong>oi.</strong></span> <span class='ocrx_word' id='word_1_59' title='bbox 987 941 1268 1013; x_wconf 78' lang='grc' dir='ltr'><strong>ἄνθρωποι</strong></span> <span class='ocrx_word' id='word_1_60' title='bbox 1325 943 1410 996; x_wconf 83' lang='grc' dir='ltr'><strong>ὅτι</strong></span> <span class='ocrx_word' id='word_1_61' title='bbox 1456 941 1580 996; x_wconf 78' lang='grc' dir='ltr'><strong>οὔτε</strong></span> <span class='ocrx_word' id='word_1_62' title='bbox 1609 943 1722 997; x_wconf 78' lang='grc' dir='ltr'><strong>ἀπὸ</strong></span> 
     </span>
    </p>
   </div>
   <div class='ocr_carea' id='block_1_11' title="bbox 168 1032 1720 1104">
    <p class='ocr_par' dir='ltr' id='par_1_11' title="bbox 168 1032 1720 1104">
     <span class='ocr_line' id='line_1_11' title="bbox 168 1032 1720 1104; baseline -0.001 -14"><span class='ocrx_word' id='word_1_63' title='bbox 168 1037 312 1104; x_wconf 78' lang='grc' dir='ltr'><strong>νόμου</strong></span> <span class='ocrx_word' id='word_1_64' title='bbox 333 1033 422 1086; x_wconf 75' lang='grc' dir='ltr'><strong>καὶ</strong></span> <span class='ocrx_word' id='word_1_65' title='bbox 452 1033 788 1103; x_wconf 78' lang='grc' dir='ltr'><strong>περιτομῆς,</strong></span> <span class='ocrx_word' id='word_1_66' title='bbox 826 1032 951 1087; x_wconf 69' lang='grc' dir='ltr'><strong>οὔτε</strong></span> <span class='ocrx_word' id='word_1_67' title='bbox 975 1033 1082 1086; x_wconf 72' lang='grc' dir='ltr'><strong>ἀπὸ</strong></span> <span class='ocrx_word' id='word_1_68' title='bbox 1106 1033 1474 1104; x_wconf 75' lang='grc' dir='ltr'><strong>ἀκροϐυστίας</strong></span> <span class='ocrx_word' id='word_1_69' title='bbox 1497 1033 1576 1088; x_wconf 69' lang='lat' dir='ltr'><strong>Evt</strong></span> <span class='ocrx_word' id='word_1_70' title='bbox 1611 1052 1720 1088; x_wconf 83' lang='grc' dir='ltr'><strong>σω-</strong></span> 
     </span>
    </p>
   </div>
   <div class='ocr_carea' id='block_1_12' title="bbox 169 1125 1720 1199">
    <p class='ocr_par' dir='ltr' id='par_1_12' title="bbox 169 1125 1720 1199">
     <span class='ocr_line' id='line_1_12' title="bbox 169 1125 1720 1199; baseline -0.001 -17"><span class='ocrx_word' id='word_1_71' title='bbox 169 1130 328 1199; x_wconf 82' lang='grc' dir='ltr'><strong>θῆναι,</strong></span> <span class='ocrx_word' id='word_1_72' title='bbox 355 1125 596 1197; x_wconf 81' lang='grc' dir='ltr'><strong>εὐχερῶς</strong></span> <span class='ocrx_word' id='word_1_73' title='bbox 641 1125 720 1196; x_wconf 83' lang='grc' dir='ltr'><strong>τῷ</strong></span> <span class='ocrx_word' id='word_1_74' title='bbox 750 1125 974 1196; x_wconf 82' lang='grc' dir='ltr'><strong>Χριστῷ</strong></span> <span class='ocrx_word' id='word_1_75' title='bbox 1018 1125 1380 1196; x_wconf 84' lang='grc' dir='ltr'><strong>προσέλθωσι,</strong></span> <span class='ocrx_word' id='word_1_76' title='bbox 1428 1126 1507 1198; x_wconf 80' lang='grc' dir='ltr'><strong>τῷ</strong></span> <span class='ocrx_word' id='word_1_77' title='bbox 1537 1127 1720 1197; x_wconf 87' lang='grc' dir='ltr'><strong>χάριτι</strong></span> 
     </span>
    </p>
   </div>
   <div class='ocr_carea' id='block_1_13' title="bbox 169 1222 1722 1293">
    <p class='ocr_par' dir='ltr' id='par_1_13' title="bbox 169 1222 1722 1293">
     <span class='ocr_line' id='line_1_13' title="bbox 169 1222 1722 1293; baseline -0.002 -15"><span class='ocrx_word' id='word_1_78' title='bbox 169 1224 366 1288; x_wconf 77' lang='grc' dir='ltr'><strong>σώζοντι</strong></span> <span class='ocrx_word' id='word_1_79' title='bbox 387 1223 619 1290; x_wconf 74' lang='grc' dir='ltr'><strong>τὸγένος</strong></span> <span class='ocrx_word' id='word_1_80' title='bbox 650 1223 758 1274; x_wconf 84' lang='grc' dir='ltr'><strong>τῶν</strong></span> <span class='ocrx_word' id='word_1_81' title='bbox 779 1223 1107 1293; x_wconf 79' lang='grc' dir='ltr'><strong>ἀνθρώπων.</strong></span> <span class='ocrx_word' id='word_1_82' title='bbox 1140 1223 1248 1275; x_wconf 71' lang='grc' dir='ltr'><strong>Καὶ</strong></span> <span class='ocrx_word' id='word_1_83' title='bbox 1279 1222 1557 1291; x_wconf 82' lang='grc' dir='ltr'><strong>ὑπόδικος,</strong></span> <span class='ocrx_word' id='word_1_84' title='bbox 1586 1223 1722 1276; x_wconf 77' lang='lat'><em>67:6-</em></span> 
     </span>
    </p>
   </div>
   <div class='ocr_carea' id='block_1_14' title="bbox 167 1315 1722 1389">
    <p class='ocr_par' dir='ltr' id='par_1_14' title="bbox 167 1315 1722 1389">
     <span class='ocr_line' id='line_1_14' title="bbox 167 1315 1722 1389; baseline 0.001 -20"><span class='ocrx_word' id='word_1_85' title='bbox 167 1335 303 1389; x_wconf 80' lang='grc' dir='ltr'><strong>χρεος</strong></span> <span class='ocrx_word' id='word_1_86' title='bbox 329 1318 404 1378; x_wconf 83' lang='grc' dir='ltr'><strong>είς</strong></span> <span class='ocrx_word' id='word_1_87' title='bbox 419 1315 480 1368; x_wconf 80' lang='grc' dir='ltr'><strong>τδ</strong></span> <span class='ocrx_word' id='word_1_88' title='bbox 508 1315 799 1368; x_wconf 82' lang='grc' dir='ltr'><strong>πιστεῦσαι</strong></span> <span class='ocrx_word' id='word_1_89' title='bbox 826 1315 1048 1387; x_wconf 82' lang='grc' dir='ltr'><strong>Χριστῷ</strong></span> <span class='ocrx_word' id='word_1_90' title='bbox 1079 1315 1157 1388; x_wconf 80' lang='grc' dir='ltr'><strong>τῷ</strong></span> <span class='ocrx_word' id='word_1_91' title='bbox 1189 1315 1331 1386; x_wconf 82' lang='grc' dir='ltr'><strong>Θεῷ.</strong></span> <span class='ocrx_word' id='word_1_92' title='bbox 1359 1317 1420 1370; x_wconf 88' lang='grc' dir='ltr'><strong>Εί</strong></span> <span class='ocrx_word' id='word_1_93' title='bbox 1447 1317 1556 1389; x_wconf 76' lang='grc' dir='ltr'><strong>γὰρ</strong></span> <span class='ocrx_word' id='word_1_94' title='bbox 1608 1321 1722 1382; x_wconf 78' lang='grc' dir='ltr'><strong>τοῖς</strong></span> 
     </span>
    </p>
   </div>
   <div class='ocr_carea' id='block_1_15' title="bbox 170 1409 1721 1481">
    <p class='ocr_par' dir='ltr' id='par_1_15' title="bbox 170 1409 1721 1481">
     <span class='ocr_line' id='line_1_15' title="bbox 170 1409 1721 1481; baseline 0.001 -18"><span class='ocrx_word' id='word_1_95' title='bbox 170 1411 254 1464; x_wconf 72' lang='grc' dir='ltr'><strong>ὑπὸ</strong></span> <span class='ocrx_word' id='word_1_96' title='bbox 275 1412 430 1480; x_wconf 71' lang='grc' dir='ltr'><strong>νόμον</strong></span> <span class='ocrx_word' id='word_1_97' title='bbox 459 1411 674 1480; x_wconf 73' lang='grc' dir='ltr'><strong>εἴρηται</strong></span> <span class='ocrx_word' id='word_1_98' title='bbox 698 1410 790 1462; x_wconf 84' lang='grc' dir='ltr'><strong>ὑπ’</strong></span> <span class='ocrx_word' id='word_1_99' title='bbox 821 1410 1001 1463; x_wconf 84' lang='grc' dir='ltr'><strong>αὐτῶν</strong></span> <span class='ocrx_word' id='word_1_100' title='bbox 1025 1410 1133 1462; x_wconf 84' lang='grc' dir='ltr'><strong>τῶν</strong></span> <span class='ocrx_word' id='word_1_101' title='bbox 1165 1409 1484 1481; x_wconf 83' lang='grc' dir='ltr'><strong>προφητῶν,</strong></span> <span class='ocrx_word' id='word_1_102' title='bbox 1507 1411 1590 1465; x_wconf 83' lang='grc' dir='ltr'><strong>ὅτι</strong></span> <span class='ocrx_word' id='word_1_103' title='bbox 1620 1412 1721 1464; x_wconf 82' lang='grc' dir='ltr'><strong>οὐκ</strong></span> 
     </span>
    </p>
   </div>
   <div class='ocr_carea' id='block_1_16' title="bbox 171 1501 1720 1572">
    <p class='ocr_par' dir='ltr' id='par_1_16' title="bbox 171 1501 1720 1572">
     <span class='ocr_line' id='line_1_16' title="bbox 171 1501 1720 1572; baseline 0 -16"><span class='ocrx_word' id='word_1_104' title='bbox 171 1501 542 1572; x_wconf 75' lang='grc' dir='ltr'><strong>ὀρθοποδοῦσιν,</strong></span> <span class='ocrx_word' id='word_1_105' title='bbox 575 1501 709 1555; x_wconf 79' lang='grc' dir='ltr'><strong>ἀλλὰ</strong></span> <span class='ocrx_word' id='word_1_106' title='bbox 741 1501 930 1572; x_wconf 76' lang='grc' dir='ltr'><strong>πόρρω</strong></span> <span class='ocrx_word' id='word_1_107' title='bbox 948 1501 1047 1571; x_wconf 78' lang='grc' dir='ltr'><strong>τῆς</strong></span> <span class='ocrx_word' id='word_1_108' title='bbox 1080 1501 1248 1572; x_wconf 82' lang='grc' dir='ltr'><strong>ὀρθῆς</strong></span> <span class='ocrx_word' id='word_1_109' title='bbox 1287 1501 1563 1571; x_wconf 75' lang='grc' dir='ltr'><strong>βαδίζουσι</strong></span> <span class='ocrx_word' id='word_1_110' title='bbox 1620 1520 1720 1556; x_wconf 79' lang='grc' dir='ltr'><strong>πο⁸</strong></span> 
     </span>
    </p>
   </div>
   <div class='ocr_carea' id='block_1_17' title="bbox 173 1593 1722 1665">
    <p class='ocr_par' dir='ltr' id='par_1_17' title="bbox 173 1593 1722 1665">
     <span class='ocr_line' id='line_1_17' title="bbox 173 1593 1722 1665; baseline -0.001 -16"><span class='ocrx_word' id='word_1_111' title='bbox 173 1595 363 1660; x_wconf 79' lang='grc' dir='ltr'><strong>λιτείας,</strong></span> <span class='ocrx_word' id='word_1_112' title='bbox 403 1595 472 1648; x_wconf 74' lang='grc' dir='ltr'><strong>τὰ</strong></span> <span class='ocrx_word' id='word_1_113' title='bbox 501 1594 559 1647; x_wconf 85' lang='grc' dir='ltr'><strong>δέ</strong></span> <span class='ocrx_word' id='word_1_114' title='bbox 603 1593 731 1663; x_wconf 78' lang='grc' dir='ltr'><strong>ἔθνη</strong></span> <span class='ocrx_word' id='word_1_115' title='bbox 770 1593 949 1664; x_wconf 80' lang='grc' dir='ltr'><strong>πολλῷ</strong></span> <span class='ocrx_word' id='word_1_116' title='bbox 983 1593 1186 1663; x_wconf 74' lang='grc' dir='ltr'><strong>μᾶλλον</strong></span> <span class='ocrx_word' id='word_1_117' title='bbox 1242 1594 1477 1665; x_wconf 80' lang='grc' dir='ltr'><strong>ὑπάρχει</strong></span> <span class='ocrx_word' id='word_1_118' title='bbox 1532 1595 1589 1648; x_wconf 86' lang='grc' dir='ltr'><strong>ἐν</strong></span> <span class='ocrx_word' id='word_1_119' title='bbox 1617 1595 1722 1648; x_wconf 88' lang='grc' dir='ltr'><strong>ἀπ-</strong></span> 
     </span>
    </p>
   </div>
   <div class='ocr_carea' id='block_1_18' title="bbox 170 1684 1720 1757">
    <p class='ocr_par' dir='ltr' id='par_1_18' title="bbox 170 1684 1720 1757">
     <span class='ocr_line' id='line_1_18' title="bbox 170 1684 1720 1757; baseline -0.002 -15"><span class='ocrx_word' id='word_1_120' title='bbox 170 1686 306 1757; x_wconf 63' lang='grc' dir='ltr'><strong>ωλείᾳ.</strong></span> <span class='ocrx_word' id='word_1_121' title='bbox 331 1687 420 1740; x_wconf 78' lang='grc' dir='ltr'><strong>καὶ</strong></span> <span class='ocrx_word' id='word_1_122' title='bbox 441 1685 638 1757; x_wconf 79' lang='grc' dir='ltr'><strong>πλάνῃ,</strong></span> <span class='ocrx_word' id='word_1_123' title='bbox 660 1685 900 1754; x_wconf 86' lang='grc' dir='ltr'><strong>δηλονότι</strong></span> <span class='ocrx_word' id='word_1_124' title='bbox 925 1685 1032 1750; x_wconf 81' lang='grc' dir='ltr'><strong>πᾶς</strong></span> <span class='ocrx_word' id='word_1_125' title='bbox 1048 1685 1076 1738; x_wconf 98' lang='lat'><strong>6</strong></span> <span class='ocrx_word' id='word_1_126' title='bbox 1093 1684 1297 1754; x_wconf 85' lang='grc' dir='ltr'><strong>κόσμος</strong></span> <span class='ocrx_word' id='word_1_127' title='bbox 1322 1684 1583 1756; x_wconf 84' lang='grc' dir='ltr'><strong>ύπόχρεός</strong></span> <span class='ocrx_word' id='word_1_128' title='bbox 1605 1685 1720 1739; x_wconf 86' lang='grc' dir='ltr'><strong>ἐστι</strong></span> 
     </span>
    </p>
   </div>
   <div class='ocr_carea' id='block_1_19' title="bbox 173 1777 1719 1850">
    <p class='ocr_par' dir='ltr' id='par_1_19' title="bbox 173 1777 1719 1850">
     <span class='ocr_line' id='line_1_19' title="bbox 173 1777 1719 1850; baseline -0.001 -16"><span class='ocrx_word' id='word_1_129' title='bbox 173 1779 424 1834; x_wconf 79' lang='grc' dir='ltr'><strong>πιστεῦσαι</strong></span> <span class='ocrx_word' id='word_1_130' title='bbox 469 1777 694 1850; x_wconf 82' lang='grc' dir='ltr'><strong>Χριστῷ</strong></span> <span class='ocrx_word' id='word_1_131' title='bbox 729 1778 807 1849; x_wconf 80' lang='grc' dir='ltr'><strong>τῷ</strong></span> <span class='ocrx_word' id='word_1_132' title='bbox 852 1778 971 1848; x_wconf 88' lang='grc' dir='ltr'><strong>Θεῷ</strong></span> <span class='ocrx_word' id='word_1_133' title='bbox 1005 1778 1083 1849; x_wconf 84' lang='grc' dir='ltr'><strong>τῷ</strong></span> <span class='ocrx_word' id='word_1_134' title='bbox 1120 1778 1265 1848; x_wconf 89' lang='grc' dir='ltr'><strong>μόνῳ</strong></span> <span class='ocrx_word' id='word_1_135' title='bbox 1304 1778 1590 1849; x_wconf 80' lang='grc' dir='ltr'><strong>δυναμένῳ</strong></span> <span class='ocrx_word' id='word_1_136' title='bbox 1621 1778 1719 1850; x_wconf 78' lang='grc' dir='ltr'><strong>ρύσ</strong></span> 
     </span>
    </p>
   </div>
   <div class='ocr_carea' id='block_1_20' title="bbox 1824 576 3416 647">
    <p class='ocr_par' dir='ltr' id='par_1_20' title="bbox 1824 576 3416 647">
     <span class='ocr_line' id='line_1_20' title="bbox 1824 576 3416 647; baseline 0.001 -16"><span class='ocrx_word' id='word_1_137' title='bbox 1824 578 2097 632; x_wconf 82' lang='lat' dir='ltr'><strong>obnoxius</strong></span> <span class='ocrx_word' id='word_1_138' title='bbox 2162 578 2257 632; x_wconf 81' lang='lat' dir='ltr'><strong>fiat</strong></span> <span class='ocrx_word' id='word_1_139' title='bbox 2303 586 2451 633; x_wconf 91' lang='lat' dir='ltr'><strong>totus</strong></span> <span class='ocrx_word' id='word_1_140' title='bbox 2475 577 2716 632; x_wconf 88' lang='lat' dir='ltr'><strong>mundus</strong></span> <span class='ocrx_word' id='word_1_141' title='bbox 2743 578 2876 633; x_wconf 91' lang='lat' dir='ltr'><strong>Deo.</strong></span> <span class='ocrx_word' id='word_1_142' title='bbox 2916 596 2934 630; x_wconf 72' lang='grc' dir='ltr'><strong>ι</strong></span> <span class='ocrx_word' id='word_1_143' title='bbox 2967 576 3100 632; x_wconf 81' lang='lat' dir='ltr'><strong>Tale</strong></span> <span class='ocrx_word' id='word_1_144' title='bbox 3130 577 3416 647; x_wconf 84' lang='lat' dir='ltr'><strong>quidpiam</strong></span> 
     </span>
    </p>
   </div>
   <div class='ocr_carea' id='block_1_21' title="bbox 1824 668 3418 740">
    <p class='ocr_par' dir='ltr' id='par_1_21' title="bbox 1824 668 3418 740">
     <span class='ocr_line' id='line_1_21' title="bbox 1824 668 3418 740; baseline -0.001 -15"><span class='ocrx_word' id='word_1_145' title='bbox 1824 671 2142 725; x_wconf 82' lang='lat' dir='ltr'><strong>subindicat</strong></span> <span class='ocrx_word' id='word_1_146' title='bbox 2179 671 2514 740; x_wconf 86' lang='lat' dir='ltr'><strong>:Propterea</strong></span> <span class='ocrx_word' id='word_1_147' title='bbox 2563 669 2851 740; x_wconf 66' lang='lat' dir='ltr'><strong>prophetae</strong></span> <span class='ocrx_word' id='word_1_148' title='bbox 2876 710 2891 734; x_wconf 94' lang='lat'><strong>,</strong></span> <span class='ocrx_word' id='word_1_149' title='bbox 2945 669 3155 739; x_wconf 90' lang='lat' dir='ltr'><strong>inquit,</strong></span> <span class='ocrx_word' id='word_1_150' title='bbox 3195 668 3418 724; x_wconf 74' lang='lat' dir='ltr'><strong>Judzeos</strong></span> 
     </span>
    </p>
   </div>
   <div class='ocr_carea' id='block_1_22' title="bbox 1825 761 3418 832">
    <p class='ocr_par' dir='ltr' id='par_1_22' title="bbox 1825 761 3418 832">
     <span class='ocr_line' id='line_1_22' title="bbox 1825 761 3418 832; baseline 0.001 -17"><span class='ocrx_word' id='word_1_151' title='bbox 1825 761 2250 832; x_wconf 86' lang='lat' dir='ltr'><strong>redarguerunt,</strong></span> <span class='ocrx_word' id='word_1_152' title='bbox 2289 761 2521 831; x_wconf 88' lang='lat' dir='ltr'><strong>illosque</strong></span> <span class='ocrx_word' id='word_1_153' title='bbox 2579 761 2944 816; x_wconf 88' lang='lat' dir='ltr'><strong>ostenderunt</strong></span> <span class='ocrx_word' id='word_1_154' title='bbox 2999 761 3240 816; x_wconf 75' lang='lat' dir='ltr'><strong>inaniter</strong></span> <span class='ocrx_word' id='word_1_155' title='bbox 3293 776 3418 816; x_wconf 89' lang='lat' dir='ltr'><strong>sese</strong></span> 
     </span>
    </p>
   </div>
   <div class='ocr_carea' id='block_1_23' title="bbox 1819 854 3415 925">
    <p class='ocr_par' dir='ltr' id='par_1_23' title="bbox 1819 854 3415 925">
     <span class='ocr_line' id='line_1_23' title="bbox 1819 854 3415 925; baseline -0.001 -17"><span class='ocrx_word' id='word_1_156' title='bbox 1819 855 2046 925; x_wconf 88' lang='lat' dir='ltr'><strong>jactare,</strong></span> <span class='ocrx_word' id='word_1_157' title='bbox 2084 855 2194 909; x_wconf 92' lang='lat' dir='ltr'><strong>imo</strong></span> <span class='ocrx_word' id='word_1_158' title='bbox 2245 863 2420 909; x_wconf 86' lang='lat' dir='ltr'><strong>totum</strong></span> <span class='ocrx_word' id='word_1_159' title='bbox 2447 854 2714 908; x_wconf 91' lang='lat' dir='ltr'><strong>mundum</strong></span> <span class='ocrx_word' id='word_1_160' title='bbox 2769 870 2922 909; x_wconf 91' lang='lat' dir='ltr'><strong>reum</strong></span> <span class='ocrx_word' id='word_1_161' title='bbox 2969 870 3092 910; x_wconf 85' lang='lat' dir='ltr'><strong>esse</strong></span> <span class='ocrx_word' id='word_1_162' title='bbox 3143 864 3415 924; x_wconf 91' lang='lat' dir='ltr'><strong>peccato:</strong></span> 
     </span>
    </p>
   </div>
   <div class='ocr_carea' id='block_1_24' title="bbox 1824 946 3418 1017">
    <p class='ocr_par' dir='ltr' id='par_1_24' title="bbox 1824 946 3418 1017">
     <span class='ocr_line' id='line_1_24' title="bbox 1824 946 3418 1017; baseline 0.001 -17"><span class='ocrx_word' id='word_1_163' title='bbox 1824 962 1934 1017; x_wconf 90' lang='lat' dir='ltr'><strong>quo</strong></span> <span class='ocrx_word' id='word_1_164' title='bbox 1973 947 2096 1001; x_wconf 84' lang='lat' dir='ltr'><strong>fidei</strong></span> <span class='ocrx_word' id='word_1_165' title='bbox 2126 946 2267 1001; x_wconf 88' lang='lat' dir='ltr'><strong>viam</strong></span> <span class='ocrx_word' id='word_1_166' title='bbox 2293 955 2707 1016; x_wconf 63' lang='lat' dir='ltr'><strong>praestruerent,</strong></span> <span class='ocrx_word' id='word_1_167' title='bbox 2731 957 2788 1000; x_wconf 89' lang='lat' dir='ltr'><strong>et</strong></span> <span class='ocrx_word' id='word_1_168' title='bbox 2823 956 3222 1017; x_wconf 84' lang='lat' dir='ltr'><strong>cognoscentes</strong></span> <span class='ocrx_word' id='word_1_169' title='bbox 3245 949 3418 1002; x_wconf 87' lang='lat' dir='ltr'><strong>homi-</strong></span> 
     </span>
    </p>
   </div>
   <div class='ocr_carea' id='block_1_25' title="bbox 1823 1039 3484 1111">
    <p class='ocr_par' dir='ltr' id='par_1_25' title="bbox 1823 1039 3484 1111">
     <span class='ocr_line' id='line_1_25' title="bbox 1823 1039 3484 1111; baseline -0.001 -17"><span class='ocrx_word' id='word_1_170' title='bbox 1823 1057 1924 1095; x_wconf 89' lang='lat' dir='ltr'><strong>nes</strong></span> <span class='ocrx_word' id='word_1_171' title='bbox 1945 1040 2093 1110; x_wconf 91' lang='lat' dir='ltr'><strong>quod</strong></span> <span class='ocrx_word' id='word_1_172' title='bbox 2119 1055 2296 1109; x_wconf 92' lang='lat' dir='ltr'><strong>neque</strong></span> <span class='ocrx_word' id='word_1_173' title='bbox 2323 1039 2763 1094; x_wconf 88' lang='lat' dir='ltr'><strong>circumcisionis</strong></span> <span class='ocrx_word' id='word_1_174' title='bbox 2785 1041 2926 1110; x_wconf 89' lang='lat' dir='ltr'><strong>lege,</strong></span> <span class='ocrx_word' id='word_1_175' title='bbox 2951 1056 3130 1110; x_wconf 88' lang='lat' dir='ltr'><strong>neque</strong></span> <span class='ocrx_word' id='word_1_176' title='bbox 3153 1056 3180 1094; x_wconf 88' lang='lat' dir='ltr'><strong>a</strong></span> <span class='ocrx_word' id='word_1_177' title='bbox 3200 1056 3418 1111; x_wconf 64' lang='lat' dir='ltr'><strong>praepu-</strong></span> <span class='ocrx_word' id='word_1_178' title='bbox 3473 1085 3484 1092; x_wconf 91' lang='lat'><strong>.</strong></span> 
     </span>
    </p>
   </div>
   <div class='ocr_carea' id='block_1_26' title="bbox 1828 1121 3414 1197">
    <p class='ocr_par' dir='ltr' id='par_1_26' title="bbox 1828 1121 3414 1197">
     <span class='ocr_line' id='line_1_26' title="bbox 1828 1121 3414 1197; baseline 0.001 -12"><span class='ocrx_word' id='word_1_179' title='bbox 1828 1133 1904 1186; x_wconf 91' lang='lat' dir='ltr'><strong>tio</strong></span> <span class='ocrx_word' id='word_1_180' title='bbox 1936 1132 2134 1186; x_wconf 87' lang='lat' dir='ltr'><strong>salvari</strong></span> <span class='ocrx_word' id='word_1_181' title='bbox 2163 1132 2410 1196; x_wconf 77' lang='lat' dir='ltr'><strong>daretur,</strong></span> <span class='ocrx_word' id='word_1_182' title='bbox 2447 1131 2513 1186; x_wconf 88' lang='lat' dir='ltr'><strong>ad</strong></span> <span class='ocrx_word' id='word_1_183' title='bbox 2543 1131 2822 1186; x_wconf 88' lang='lat' dir='ltr'><strong>Christum</strong></span> <span class='ocrx_word' id='word_1_184' title='bbox 2865 1121 3024 1186; x_wconf 82' lang='lat' dir='ltr'><strong>facile</strong></span> <span class='ocrx_word' id='word_1_185' title='bbox 3061 1132 3414 1197; x_wconf 83' lang='lat' dir='ltr'><strong>accederent,</strong></span> 
     </span>
    </p>
   </div>
   <div class='ocr_carea' id='block_1_27' title="bbox 1828 1223 3420 1294">
    <p class='ocr_par' dir='ltr' id='par_1_27' title="bbox 1828 1223 3420 1294">
     <span class='ocr_line' id='line_1_27' title="bbox 1828 1223 3420 1294; baseline 0.001 -18"><span class='ocrx_word' id='word_1_186' title='bbox 1828 1225 1919 1293; x_wconf 81' lang='lat' dir='ltr'><strong>qui</strong></span> <span class='ocrx_word' id='word_1_187' title='bbox 1952 1239 2050 1293; x_wconf 89' lang='lat' dir='ltr'><strong>per</strong></span> <span class='ocrx_word' id='word_1_188' title='bbox 2087 1224 2319 1294; x_wconf 80' lang='lat' dir='ltr'><strong>gratiam</strong></span> <span class='ocrx_word' id='word_1_189' title='bbox 2361 1223 2493 1279; x_wconf 87' lang='lat' dir='ltr'><strong>facit</strong></span> <span class='ocrx_word' id='word_1_190' title='bbox 2535 1223 2746 1280; x_wconf 75' lang='lat' dir='ltr'><strong>salvum</strong></span> <span class='ocrx_word' id='word_1_191' title='bbox 2778 1240 2952 1294; x_wconf 84' lang='lat' dir='ltr'><strong>genus</strong></span> <span class='ocrx_word' id='word_1_192' title='bbox 3002 1224 3324 1278; x_wconf 89' lang='lat' dir='ltr'><strong>humanum.</strong></span> <span class='ocrx_word' id='word_1_193' title='bbox 3352 1224 3420 1277; x_wconf 81' lang='lat' dir='ltr'><strong>Et</strong></span> 
     </span>
    </p>
   </div>
   <div class='ocr_carea' id='block_1_28' title="bbox 1823 1315 3418 1386">
    <p class='ocr_par' dir='ltr' id='par_1_28' title="bbox 1823 1315 3418 1386">
     <span class='ocr_line' id='line_1_28' title="bbox 1823 1315 3418 1386; baseline 0.001 -15"><span class='ocrx_word' id='word_1_194' title='bbox 1823 1316 2114 1379; x_wconf 84' lang='lat' dir='ltr'><strong>obnoxius,</strong></span> <span class='ocrx_word' id='word_1_195' title='bbox 2173 1315 2229 1370; x_wconf 94' lang='lat' dir='ltr'><strong>id</strong></span> <span class='ocrx_word' id='word_1_196' title='bbox 2282 1315 2637 1386; x_wconf 28' lang='lat' dir='ltr'><strong>est‘debitor</strong></span> <span class='ocrx_word' id='word_1_197' title='bbox 2687 1316 2758 1370; x_wconf 89' lang='lat' dir='ltr'><strong>ad</strong></span> <span class='ocrx_word' id='word_1_198' title='bbox 2810 1317 3150 1372; x_wconf 88' lang='lat' dir='ltr'><strong>credendum</strong></span> <span class='ocrx_word' id='word_1_199' title='bbox 3197 1317 3418 1372; x_wconf 84' lang='lat' dir='ltr'><strong>Christo</strong></span> 
     </span>
    </p>
   </div>
   <div class='ocr_carea' id='block_1_29' title="bbox 1824 1406 3419 1478">
    <p class='ocr_par' dir='ltr' id='par_1_29' title="bbox 1824 1406 3419 1478">
     <span class='ocr_line' id='line_1_29' title="bbox 1824 1406 3419 1478; baseline 0.001 -17"><span class='ocrx_word' id='word_1_200' title='bbox 1824 1407 1958 1462; x_wconf 90' lang='lat' dir='ltr'><strong>Deo.</strong></span> <span class='ocrx_word' id='word_1_201' title='bbox 1993 1407 2048 1462; x_wconf 89' lang='lat' dir='ltr'><strong>Si</strong></span> <span class='ocrx_word' id='word_1_202' title='bbox 2089 1408 2238 1462; x_wconf 91' lang='lat' dir='ltr'><strong>enim</strong></span> <span class='ocrx_word' id='word_1_203' title='bbox 2268 1407 2355 1462; x_wconf 89' lang='lat' dir='ltr'><strong>his</strong></span> <span class='ocrx_word' id='word_1_204' title='bbox 2397 1407 2492 1478; x_wconf 92' lang='lat' dir='ltr'><strong>qui</strong></span> <span class='ocrx_word' id='word_1_205' title='bbox 2533 1406 2637 1463; x_wconf 86' lang='lat' dir='ltr'><strong>sub</strong></span> <span class='ocrx_word' id='word_1_206' title='bbox 2685 1408 2803 1478; x_wconf 89' lang='lat' dir='ltr'><strong>lege</strong></span> <span class='ocrx_word' id='word_1_207' title='bbox 2850 1417 3032 1470; x_wconf 91' lang='lat' dir='ltr'><strong>erant,</strong></span> <span class='ocrx_word' id='word_1_208' title='bbox 3061 1423 3089 1462; x_wconf 88' lang='lat' dir='ltr'><strong>a</strong></span> <span class='ocrx_word' id='word_1_209' title='bbox 3132 1409 3419 1478; x_wconf 88' lang='lat' dir='ltr'><strong>prophetis</strong></span> 
     </span>
    </p>
   </div>
   <div class='ocr_carea' id='block_1_30' title="bbox 1823 1500 3417 1570">
    <p class='ocr_par' dir='ltr' id='par_1_30' title="bbox 1823 1500 3417 1570">
     <span class='ocr_line' id='line_1_30' title="bbox 1823 1500 3417 1570; baseline 0 -15"><span class='ocrx_word' id='word_1_210' title='bbox 1823 1501 2032 1555; x_wconf 89' lang='lat' dir='ltr'><strong>dictum</strong></span> <span class='ocrx_word' id='word_1_211' title='bbox 2059 1502 2215 1566; x_wconf 80' lang='lat' dir='ltr'><strong>est”,</strong></span> <span class='ocrx_word' id='word_1_212' title='bbox 2243 1501 2390 1570; x_wconf 91' lang='lat' dir='ltr'><strong>quod</strong></span> <span class='ocrx_word' id='word_1_213' title='bbox 2428 1515 2534 1555; x_wconf 92' lang='lat' dir='ltr'><strong>non</strong></span> <span class='ocrx_word' id='word_1_214' title='bbox 2583 1510 2736 1555; x_wconf 91' lang='lat' dir='ltr'><strong>recto</strong></span> <span class='ocrx_word' id='word_1_215' title='bbox 2767 1500 2907 1570; x_wconf 91' lang='lat' dir='ltr'><strong>pede</strong></span> <span class='ocrx_word' id='word_1_216' title='bbox 2948 1501 3288 1565; x_wconf 86' lang='lat' dir='ltr'><strong>incederent,</strong></span> <span class='ocrx_word' id='word_1_217' title='bbox 3319 1501 3417 1556; x_wconf 88' lang='lat' dir='ltr'><strong>sed</strong></span> 
     </span>
    </p>
   </div>
   <div class='ocr_carea' id='block_1_31' title="bbox 1821 1593 3417 1664">
    <p class='ocr_par' dir='ltr' id='par_1_31' title="bbox 1821 1593 3417 1664">
     <span class='ocr_line' id='line_1_31' title="bbox 1821 1593 3417 1664; baseline 0.001 -18"><span class='ocrx_word' id='word_1_218' title='bbox 1821 1593 1983 1664; x_wconf 88' lang='lat' dir='ltr'><strong>longe</strong></span> <span class='ocrx_word' id='word_1_219' title='bbox 2030 1609 2060 1648; x_wconf 93' lang='lat' dir='ltr'><strong>a</strong></span> <span class='ocrx_word' id='word_1_220' title='bbox 2107 1601 2256 1648; x_wconf 90' lang='lat' dir='ltr'><strong>recta</strong></span> <span class='ocrx_word' id='word_1_221' title='bbox 2289 1593 2712 1649; x_wconf 79' lang='lat' dir='ltr'><strong>conversatione</strong></span> <span class='ocrx_word' id='word_1_222' title='bbox 2764 1594 3174 1664; x_wconf 77' lang='lat' dir='ltr'><strong>graderentur:</strong></span> <span class='ocrx_word' id='word_1_223' title='bbox 3223 1602 3417 1663; x_wconf 83' lang='lat' dir='ltr'><strong>gentes</strong></span> 
     </span>
    </p>
   </div>
   <div class='ocr_carea' id='block_1_32' title="bbox 1821 1687 3413 1758">
    <p class='ocr_par' dir='ltr' id='par_1_32' title="bbox 1821 1687 3413 1758">
     <span class='ocr_line' id='line_1_32' title="bbox 1821 1687 3413 1758; baseline -0.001 -16"><span class='ocrx_word' id='word_1_224' title='bbox 1821 1696 2007 1742; x_wconf 92' lang='lat' dir='ltr'><strong>autem</strong></span> <span class='ocrx_word' id='word_1_225' title='bbox 2052 1688 2224 1742; x_wconf 90' lang='lat' dir='ltr'><strong>multo</strong></span> <span class='ocrx_word' id='word_1_226' title='bbox 2255 1689 2429 1758; x_wconf 88' lang='lat' dir='ltr'><strong>magis</strong></span> <span class='ocrx_word' id='word_1_227' title='bbox 2474 1687 2529 1742; x_wconf 95' lang='lat' dir='ltr'><strong>in</strong></span> <span class='ocrx_word' id='word_1_228' title='bbox 2566 1687 2878 1757; x_wconf 88' lang='lat' dir='ltr'><strong>perditione</strong></span> <span class='ocrx_word' id='word_1_229' title='bbox 2913 1696 3044 1742; x_wconf 91' lang='lat' dir='ltr'><strong>sunt</strong></span> <span class='ocrx_word' id='word_1_230' title='bbox 3075 1702 3139 1741; x_wconf 89' lang='lat' dir='ltr'><strong>ac</strong></span> <span class='ocrx_word' id='word_1_231' title='bbox 3173 1703 3364 1742; x_wconf 86' lang='lat' dir='ltr'><strong>errore</strong></span> <span class='ocrx_word' id='word_1_232' title='bbox 3398 1703 3413 1740; x_wconf 93' lang='lat'><strong>:</strong></span> 
     </span>
    </p>
   </div>
   <div class='ocr_carea' id='block_1_33' title="bbox 1823 1779 3415 1851">
    <p class='ocr_par' dir='ltr' id='par_1_33' title="bbox 1823 1779 3415 1851">
     <span class='ocr_line' id='line_1_33' title="bbox 1823 1779 3415 1851; baseline -0.001 -17"><span class='ocrx_word' id='word_1_233' title='bbox 1823 1781 2007 1835; x_wconf 91' lang='lat' dir='ltr'><strong>omnis</strong></span> <span class='ocrx_word' id='word_1_234' title='bbox 2033 1781 2197 1851; x_wconf 87' lang='lat' dir='ltr'><strong>plane</strong></span> <span class='ocrx_word' id='word_1_235' title='bbox 2225 1781 2467 1836; x_wconf 92' lang='lat' dir='ltr'><strong>mundus</strong></span> <span class='ocrx_word' id='word_1_236' title='bbox 2493 1781 2766 1836; x_wconf 82' lang='lat' dir='ltr'><strong>obnoxius</strong></span> <span class='ocrx_word' id='word_1_237' title='bbox 2799 1791 2904 1847; x_wconf 86' lang='lat' dir='ltr'><strong>est,</strong></span> <span class='ocrx_word' id='word_1_238' title='bbox 2940 1789 3001 1836; x_wconf 92' lang='lat' dir='ltr'><strong>ut</strong></span> <span class='ocrx_word' id='word_1_239' title='bbox 3036 1781 3092 1835; x_wconf 91' lang='lat' dir='ltr'><strong>in</strong></span> <span class='ocrx_word' id='word_1_240' title='bbox 3132 1779 3415 1835; x_wconf 85' lang='lat' dir='ltr'><strong>Christum</strong></span> 
     </span>
    </p>
   </div>
   <div class='ocr_carea' id='block_1_34' title="bbox 173 1869 1715 1942">
    <p class='ocr_par' dir='ltr' id='par_1_34' title="bbox 173 1869 1715 1941">
     <span class='ocr_line' id='line_1_34' title="bbox 173 1869 1715 1941; baseline -0.001 -15"><span class='ocrx_word' id='word_1_241' title='bbox 173 1872 332 1926; x_wconf 83' lang='grc' dir='ltr'><strong>σασθαι</strong></span> <span class='ocrx_word' id='word_1_242' title='bbox 366 1873 459 1925; x_wconf 74' lang='grc' dir='ltr'><strong>καὶ</strong></span> <span class='ocrx_word' id='word_1_243' title='bbox 491 1871 784 1936; x_wconf 72' lang='grc' dir='ltr'><strong>Ἰουδαίους</strong></span> <span class='ocrx_word' id='word_1_244' title='bbox 816 1871 914 1926; x_wconf 77' lang='grc' dir='ltr'><strong>καὶ</strong></span> <span class='ocrx_word' id='word_1_245' title='bbox 957 1871 1226 1941; x_wconf 85' lang='grc' dir='ltr'><strong>Ἕλληνας</strong></span> <span class='ocrx_word' id='word_1_246' title='bbox 1277 1871 1372 1924; x_wconf 70' lang='grc' dir='ltr'><strong>καὶ</strong></span> <span class='ocrx_word' id='word_1_247' title='bbox 1408 1869 1588 1924; x_wconf 85' lang='grc' dir='ltr'><strong>πάντα</strong></span> <span class='ocrx_word' id='word_1_248' title='bbox 1626 1871 1715 1924; x_wconf 78' lang='grc' dir='ltr'><strong>τὸν</strong></span> 
     </span>
    </p>
   </div>
   <div class='ocr_carea' id='block_1_35' title="bbox 1821 1869 3416 1942">
    <p class='ocr_par' dir='ltr' id='par_1_35' title="bbox 1823 1871 3416 1942">
     <span class='ocr_line' id='line_1_35' title="bbox 1823 1871 3416 1942; baseline -0.003 -12"><span class='ocrx_word' id='word_1_249' title='bbox 1823 1875 1996 1930; x_wconf 91' lang='lat' dir='ltr'><strong>Deum</strong></span> <span class='ocrx_word' id='word_1_250' title='bbox 2030 1873 2237 1940; x_wconf 90' lang='lat' dir='ltr'><strong>credat,</strong></span> <span class='ocrx_word' id='word_1_251' title='bbox 2271 1873 2366 1942; x_wconf 88' lang='lat' dir='ltr'><strong>qui</strong></span> <span class='ocrx_word' id='word_1_252' title='bbox 2397 1873 2547 1928; x_wconf 86' lang='lat' dir='ltr'><strong>solus</strong></span> <span class='ocrx_word' id='word_1_253' title='bbox 2587 1881 2643 1928; x_wconf 88' lang='lat' dir='ltr'><strong>et</strong></span> <span class='ocrx_word' id='word_1_254' title='bbox 2685 1872 2906 1928; x_wconf 72' lang='lat' dir='ltr'><strong>Judzeos</strong></span> <span class='ocrx_word' id='word_1_255' title='bbox 2939 1883 2996 1928; x_wconf 91' lang='lat' dir='ltr'><strong>et</strong></span> <span class='ocrx_word' id='word_1_256' title='bbox 3023 1871 3246 1928; x_wconf 66' lang='lat' dir='ltr'><strong>Graecos</strong></span> <span class='ocrx_word' id='word_1_257' title='bbox 3271 1871 3416 1926; x_wconf 84' lang='lat' dir='ltr'><strong>libe-</strong></span> 
     </span>
    </p>
   </div>
   <div class='ocr_carea' id='block_1_36' title="bbox 169 1964 1720 2036">
    <p class='ocr_par' dir='ltr' id='par_1_36' title="bbox 169 1964 1720 2036">
     <span class='ocr_line' id='line_1_36' title="bbox 169 1964 1720 2036; baseline 0 -18"><span class='ocrx_word' id='word_1_258' title='bbox 169 1966 340 2035; x_wconf 79' lang='grc' dir='ltr'><strong>κόσμον</strong></span> <span class='ocrx_word' id='word_1_259' title='bbox 363 1965 453 2018; x_wconf 80' lang='grc' dir='ltr'><strong>διὰ</strong></span> <span class='ocrx_word' id='word_1_260' title='bbox 475 1965 578 2035; x_wconf 84' lang='grc' dir='ltr'><strong>τῆς</strong></span> <span class='ocrx_word' id='word_1_261' title='bbox 598 1965 806 2029; x_wconf 80' lang='grc' dir='ltr'><strong>οἰκείας</strong></span> <span class='ocrx_word' id='word_1_262' title='bbox 827 1965 1046 2036; x_wconf 86' lang='grc' dir='ltr'><strong>χάριτος</strong></span> <span class='ocrx_word' id='word_1_263' title='bbox 1077 1967 1141 2018; x_wconf 83' lang='grc' dir='ltr'><strong>ἐκ</strong></span> <span class='ocrx_word' id='word_1_264' title='bbox 1165 1964 1273 2018; x_wconf 80' lang='grc' dir='ltr'><strong>τῶν</strong></span> <span class='ocrx_word' id='word_1_265' title='bbox 1301 1965 1720 2036; x_wconf 73' lang='grc' dir='ltr'><strong>ἁμαρτημάτων</strong></span> 
     </span>
    </p>
   </div>
   <div class='ocr_carea' id='block_1_37' title="bbox 170 2055 1716 2126">
    <p class='ocr_par' dir='ltr' id='par_1_37' title="bbox 170 2055 1716 2126">
     <span class='ocr_line' id='line_1_37' title="bbox 170 2055 1716 2126; baseline 0.001 -17"><span class='ocrx_word' id='word_1_266' title='bbox 170 2056 320 2110; x_wconf 69' lang='grc' dir='ltr'><strong>οὔτῶν</strong></span> <span class='ocrx_word' id='word_1_267' title='bbox 351 2055 440 2108; x_wconf 76' lang='grc' dir='ltr'><strong>καὶ</strong></span> <span class='ocrx_word' id='word_1_268' title='bbox 473 2056 568 2125; x_wconf 83' lang='grc' dir='ltr'><strong>τῆς</strong></span> <span class='ocrx_word' id='word_1_269' title='bbox 601 2057 821 2126; x_wconf 79' lang='grc' dir='ltr'><strong>μακράς</strong></span> <span class='ocrx_word' id='word_1_270' title='bbox 851 2056 1059 2126; x_wconf 81' lang='grc' dir='ltr'><strong>πλάνης</strong></span> <span class='ocrx_word' id='word_1_271' title='bbox 1092 2056 1186 2108; x_wconf 79' lang='grc' dir='ltr'><strong>καὶ</strong></span> <span class='ocrx_word' id='word_1_272' title='bbox 1211 2055 1486 2120; x_wconf 81' lang='grc' dir='ltr'><strong>ἀπωλείας</strong></span> <span class='ocrx_word' id='word_1_273' title='bbox 1515 2055 1716 2110; x_wconf 82' lang='grc' dir='ltr'><strong>αὐτῶν.</strong></span> 
     </span>
    </p>
   </div>
   <div class='ocr_carea' id='block_1_38' title="bbox 167 2143 1720 2220">
    <p class='ocr_par' dir='ltr' id='par_1_38' title="bbox 167 2143 1720 2220">
     <span class='ocr_line' id='line_1_38' title="bbox 167 2143 1720 2220; baseline 0.001 -20"><span class='ocrx_word' id='word_1_274' title='bbox 167 2143 276 2201; x_wconf 78' lang='grc' dir='ltr'><strong>Εἶτα</strong></span> <span class='ocrx_word' id='word_1_275' title='bbox 305 2148 456 2200; x_wconf 83' lang='grc' dir='ltr'><strong>πάλιν</strong></span> <span class='ocrx_word' id='word_1_276' title='bbox 477 2147 668 2218; x_wconf 81' lang='grc' dir='ltr'><strong>ὥσπερ</strong></span> <span class='ocrx_word' id='word_1_277' title='bbox 703 2147 1039 2202; x_wconf 86' lang='grc' dir='ltr'><strong>άντιπίπτον</strong></span> <span class='ocrx_word' id='word_1_278' title='bbox 1068 2147 1209 2202; x_wconf 84' lang='grc' dir='ltr'><strong>λύει.</strong></span> <span class='ocrx_word' id='word_1_279' title='bbox 1243 2148 1361 2201; x_wconf 83' lang='grc' dir='ltr'><strong>’Ίνα</strong></span> <span class='ocrx_word' id='word_1_280' title='bbox 1401 2148 1510 2219; x_wconf 88' lang='grc' dir='ltr'><strong>γὰρ</strong></span> <span class='ocrx_word' id='word_1_281' title='bbox 1537 2149 1611 2220; x_wconf 83' lang='grc' dir='ltr'><strong>μή</strong></span> <span class='ocrx_word' id='word_1_282' title='bbox 1636 2165 1720 2212; x_wconf 87' lang='grc' dir='ltr'><strong>τις</strong></span> 
     </span>
    </p>
   </div>
   <div class='ocr_carea' id='block_1_39' title="bbox 167 2235 1717 2318">
    <p class='ocr_par' dir='ltr' id='par_1_39' title="bbox 167 2235 1717 2318">
     <span class='ocr_line' id='line_1_39' title="bbox 167 2235 1717 2318; baseline -0.002 -24"><span class='ocrx_word' id='word_1_283' title='bbox 167 2242 304 2313; x_wconf 74' lang='grc' dir='ltr'><strong>εἴπῃ,</strong></span> <span class='ocrx_word' id='word_1_284' title='bbox 334 2240 395 2293; x_wconf 88' lang='grc' dir='ltr'><strong>Τί</strong></span> <span class='ocrx_word' id='word_1_285' title='bbox 425 2235 555 2307; x_wconf 81' lang='grc' dir='ltr'><strong>οὖν;</strong></span> <span class='ocrx_word' id='word_1_286' title='bbox 586 2242 614 2294; x_wconf 89' lang='lat'><strong>6</strong></span> <span class='ocrx_word' id='word_1_287' title='bbox 645 2243 811 2311; x_wconf 89' lang='grc' dir='ltr'><strong>νόμος</strong></span> <span class='ocrx_word' id='word_1_288' title='bbox 840 2240 994 2295; x_wconf 81' lang='grc' dir='ltr'><strong>οὐδὲν</strong></span> <span class='ocrx_word' id='word_1_289' title='bbox 1040 2239 1359 2318; x_wconf 74' lang='grc' dir='ltr'><strong>ὠφέλησενς</strong></span> <span class='ocrx_word' id='word_1_290' title='bbox 1409 2240 1606 2308; x_wconf 85' lang='grc' dir='ltr'><strong>ἐπάγει</strong></span> <span class='ocrx_word' id='word_1_291' title='bbox 1635 2238 1717 2302; x_wconf 75' lang='grc' dir='ltr'><strong>τὸ,</strong></span> 
     </span>
    </p>
   </div>
   <div class='ocr_carea' id='block_1_40' title="bbox 172 2328 1713 2401">
    <p class='ocr_par' dir='ltr' id='par_1_40' title="bbox 172 2328 1713 2401">
     <span class='ocr_line' id='line_1_40' title="bbox 172 2328 1713 2401; baseline 0.001 -21"><span class='ocrx_word' id='word_1_292' title='bbox 172 2329 452 2396; x_wconf 81' lang='grc' dir='ltr'><strong>«Διότι·ἐξ</strong></span> <span class='ocrx_word' id='word_1_293' title='bbox 495 2328 674 2401; x_wconf 75' lang='grc' dir='ltr'><strong>ἔργων</strong></span> <span class='ocrx_word' id='word_1_294' title='bbox 735 2329 900 2398; x_wconf 91' lang='grc' dir='ltr'><strong>νόμου</strong></span> <span class='ocrx_word' id='word_1_295' title='bbox 961 2329 1023 2382; x_wconf 81' lang='grc' dir='ltr'><strong>οὐ</strong></span> <span class='ocrx_word' id='word_1_296' title='bbox 1077 2328 1504 2400; x_wconf 82' lang='grc' dir='ltr'><strong>δικαιωθήσεται</strong></span> <span class='ocrx_word' id='word_1_297' title='bbox 1557 2330 1713 2383; x_wconf 79' lang='grc' dir='ltr'><strong>πᾶσα</strong></span> 
     </span>
    </p>
   </div>
   <div class='ocr_carea' id='block_1_41' title="bbox 165 2419 1721 2490">
    <p class='ocr_par' dir='ltr' id='par_1_41' title="bbox 165 2419 1721 2490">
     <span class='ocr_line' id='line_1_41' title="bbox 165 2419 1721 2490; baseline 0.001 -17"><span class='ocrx_word' id='word_1_298' title='bbox 165 2420 298 2489; x_wconf 75' lang='grc' dir='ltr'><strong>σάρξ.</strong></span> <span class='ocrx_word' id='word_1_299' title='bbox 327 2438 344 2472; x_wconf 72' lang='grc' dir='ltr'><strong>ι</strong></span> <span class='ocrx_word' id='word_1_300' title='bbox 382 2420 472 2484; x_wconf 83' lang='grc' dir='ltr'><strong>Ὦς</strong></span> <span class='ocrx_word' id='word_1_301' title='bbox 533 2420 583 2472; x_wconf 87' lang='grc' dir='ltr'><strong>εί</strong></span> <span class='ocrx_word' id='word_1_302' title='bbox 623 2419 832 2490; x_wconf 79' lang='grc' dir='ltr'><strong>ἔλεγεν,</strong></span> <span class='ocrx_word' id='word_1_303' title='bbox 861 2422 942 2474; x_wconf 83' lang='grc' dir='ltr'><strong>ὅτι</strong></span> <span class='ocrx_word' id='word_1_304' title='bbox 980 2439 999 2473; x_wconf 75' lang='grc' dir='ltr'><strong>ι</strong></span> <span class='ocrx_word' id='word_1_305' title='bbox 1044 2421 1260 2490; x_wconf 83' lang='grc' dir='ltr'><strong>Ὠφέλει</strong></span> <span class='ocrx_word' id='word_1_306' title='bbox 1285 2421 1350 2475; x_wconf 85' lang='grc' dir='ltr'><strong>ἂν</strong></span> <span class='ocrx_word' id='word_1_307' title='bbox 1390 2423 1522 2484; x_wconf 75' lang='grc' dir='ltr'><strong>ἴσως</strong></span> <span class='ocrx_word' id='word_1_308' title='bbox 1563 2422 1591 2474; x_wconf 91' lang='lat'><strong>6</strong></span> <span class='ocrx_word' id='word_1_309' title='bbox 1633 2420 1721 2474; x_wconf 85' lang='lat' dir='ltr'><strong>v6-</strong></span> 
     </span>
    </p>
   </div>
   <div class='ocr_carea' id='block_1_42' title="bbox 165 2512 1718 2586">
    <p class='ocr_par' dir='ltr' id='par_1_42' title="bbox 165 2512 1718 2586">
     <span class='ocr_line' id='line_1_42' title="bbox 165 2512 1718 2586; baseline 0.002 -21"><span class='ocrx_word' id='word_1_310' title='bbox 165 2529 267 2580; x_wconf 81' lang='grc' dir='ltr'><strong>μος,</strong></span> <span class='ocrx_word' id='word_1_311' title='bbox 297 2515 339 2566; x_wconf 86' lang='grc' dir='ltr'><strong>εί</strong></span> <span class='ocrx_word' id='word_1_312' title='bbox 367 2512 636 2583; x_wconf 73' lang='grc' dir='ltr'><strong>ἐφύλαξαν</strong></span> <span class='ocrx_word' id='word_1_313' title='bbox 689 2514 738 2566; x_wconf 82' lang='lat' dir='ltr'><strong>oi</strong></span> <span class='ocrx_word' id='word_1_314' title='bbox 779 2513 1178 2586; x_wconf 82' lang='grc' dir='ltr'><strong>παρειληφότες</strong></span> <span class='ocrx_word' id='word_1_315' title='bbox 1208 2514 1278 2566; x_wconf 81' lang='grc' dir='ltr'><strong>τά</strong></span> <span class='ocrx_word' id='word_1_316' title='bbox 1317 2513 1718 2586; x_wconf 82' lang='grc' dir='ltr'><strong>προστάγματα</strong></span> 
     </span>
    </p>
   </div>
   <div class='ocr_carea' id='block_1_43' title="bbox 161 2605 1718 2679">
    <p class='ocr_par' dir='ltr' id='par_1_43' title="bbox 161 2605 1718 2679">
     <span class='ocr_line' id='line_1_43' title="bbox 161 2605 1718 2679; baseline 0.001 -19"><span class='ocrx_word' id='word_1_317' title='bbox 161 2605 324 2672; x_wconf 74' lang='grc' dir='ltr'><strong>αὑτοῦ,</strong></span> <span class='ocrx_word' id='word_1_318' title='bbox 348 2607 534 2678; x_wconf 80' lang='grc' dir='ltr'><strong>ἐπειδὴ</strong></span> <span class='ocrx_word' id='word_1_319' title='bbox 562 2607 619 2661; x_wconf 79' lang='grc' dir='ltr'><strong>δέ</strong></span> <span class='ocrx_word' id='word_1_320' title='bbox 652 2607 752 2662; x_wconf 80' lang='grc' dir='ltr'><strong>οῦκ</strong></span> <span class='ocrx_word' id='word_1_321' title='bbox 779 2607 1071 2676; x_wconf 82' lang='grc' dir='ltr'><strong>ἐφύλαξαν,</strong></span> <span class='ocrx_word' id='word_1_322' title='bbox 1103 2610 1168 2662; x_wconf 79' lang='grc' dir='ltr'><strong>ἐκ</strong></span> <span class='ocrx_word' id='word_1_323' title='bbox 1207 2609 1589 2679; x_wconf 84' lang='grc' dir='ltr'><strong>περιστάσεως</strong></span> <span class='ocrx_word' id='word_1_324' title='bbox 1621 2607 1718 2662; x_wconf 76' lang='grc' dir='ltr'><strong>καὶ</strong></span> 
     </span>
    </p>
   </div>
   <div class='ocr_carea' id='block_1_44' title="bbox 163 2700 1718 2774">
    <p class='ocr_par' dir='ltr' id='par_1_44' title="bbox 163 2700 1718 2774">
     <span class='ocr_line' id='line_1_44' title="bbox 163 2700 1718 2774; baseline 0 -20"><span class='ocrx_word' id='word_1_325' title='bbox 163 2701 388 2772; x_wconf 69' lang='grc' dir='ltr'><strong>ἔϐλαψεν,</strong></span> <span class='ocrx_word' id='word_1_326' title='bbox 428 2703 488 2756; x_wconf 84' lang='grc' dir='ltr'><strong>οῦ</strong></span> <span class='ocrx_word' id='word_1_327' title='bbox 515 2705 582 2774; x_wconf 79' lang='grc' dir='ltr'><strong>τῇ</strong></span> <span class='ocrx_word' id='word_1_328' title='bbox 611 2700 809 2756; x_wconf 85' lang='grc' dir='ltr'><strong>ἐαυτοῦ</strong></span> <span class='ocrx_word' id='word_1_329' title='bbox 833 2700 1018 2772; x_wconf 86' lang='grc' dir='ltr'><strong>φύσει,</strong></span> <span class='ocrx_word' id='word_1_330' title='bbox 1046 2701 1184 2755; x_wconf 76' lang='grc' dir='ltr'><strong>ἀλλὰ</strong></span> <span class='ocrx_word' id='word_1_331' title='bbox 1217 2703 1285 2772; x_wconf 82' lang='grc' dir='ltr'><strong>τῇ</strong></span> <span class='ocrx_word' id='word_1_332' title='bbox 1312 2701 1418 2755; x_wconf 84' lang='grc' dir='ltr'><strong>τῶν</strong></span> <span class='ocrx_word' id='word_1_333' title='bbox 1443 2701 1518 2773; x_wconf 83' lang='grc' dir='ltr'><strong>μὴ</strong></span> <span class='ocrx_word' id='word_1_334' title='bbox 1555 2701 1718 2774; x_wconf 81' lang='grc' dir='ltr'><strong>φυλαο</strong></span> 
     </span>
    </p>
   </div>
   <div class='ocr_carea' id='block_1_45' title="bbox 163 2788 1716 2869">
    <p class='ocr_par' dir='ltr' id='par_1_45' title="bbox 163 2788 1716 2869">
     <span class='ocr_line' id='line_1_45' title="bbox 163 2788 1716 2869; baseline -0.001 -21"><span class='ocrx_word' id='word_1_335' title='bbox 163 2796 342 2860; x_wconf 72' lang='grc' dir='ltr'><strong>ξὰντων</strong></span> <span class='ocrx_word' id='word_1_336' title='bbox 368 2794 581 2869; x_wconf 80' lang='grc' dir='ltr'><strong>γνώμῃ.</strong></span> <span class='ocrx_word' id='word_1_337' title='bbox 621 2814 640 2848; x_wconf 75' lang='grc' dir='ltr'><strong>ι</strong></span> <span class='ocrx_word' id='word_1_338' title='bbox 678 2795 824 2849; x_wconf 88' lang='grc' dir='ltr'><strong>Διότι</strong></span> <span class='ocrx_word' id='word_1_339' title='bbox 887 2793 949 2860; x_wconf 79' lang='grc' dir='ltr'><strong>ἐξ</strong></span> <span class='ocrx_word' id='word_1_340' title='bbox 1009 2793 1206 2866; x_wconf 81' lang='grc' dir='ltr'><strong>ἔργων.</strong></span> <span class='ocrx_word' id='word_1_341' title='bbox 1255 2813 1274 2846; x_wconf 76' lang='grc' dir='ltr'><strong>ι</strong></span> <span class='ocrx_word' id='word_1_342' title='bbox 1328 2788 1463 2847; x_wconf 73' lang='grc' dir='ltr'><strong>Εἶτα</strong></span> <span class='ocrx_word' id='word_1_343' title='bbox 1508 2793 1595 2846; x_wconf 81' lang='grc' dir='ltr'><strong>ἵνα</strong></span> <span class='ocrx_word' id='word_1_344' title='bbox 1641 2793 1716 2866; x_wconf 77' lang='grc' dir='ltr'><strong>μὴ</strong></span> 
     </span>
    </p>
   </div>
   <div class='ocr_carea' id='block_1_46' title="bbox 163 2886 1716 2958">
    <p class='ocr_par' dir='ltr' id='par_1_46' title="bbox 163 2886 1716 2958">
     <span class='ocr_line' id='line_1_46' title="bbox 163 2886 1716 2958; baseline 0 -17"><span class='ocrx_word' id='word_1_345' title='bbox 163 2889 308 2942; x_wconf 77' lang='grc' dir='ltr'><strong>πάλιν</strong></span> <span class='ocrx_word' id='word_1_346' title='bbox 325 2888 832 2958; x_wconf 79' lang='grc' dir='ltr'><strong>ἁναξιοπαθήσωσιν</strong></span> <span class='ocrx_word' id='word_1_347' title='bbox 844 2887 1088 2943; x_wconf 87' lang='grc' dir='ltr'><strong>Ἰουδαῖοι</strong></span> <span class='ocrx_word' id='word_1_348' title='bbox 1103 2903 1347 2956; x_wconf 86' lang='grc' dir='ltr'><strong>συγκατα</strong></span> <span class='ocrx_word' id='word_1_349' title='bbox 1358 2887 1441 2958; x_wconf 90' lang='grc' dir='ltr'><strong>ριθ</strong></span> <span class='ocrx_word' id='word_1_350' title='bbox 1451 2886 1552 2957; x_wconf 92' lang='grc' dir='ltr'><strong>μού</strong></span> <span class='ocrx_word' id='word_1_351' title='bbox 1562 2903 1716 2957; x_wconf 89' lang='grc' dir='ltr'><strong>μενοι</strong></span> 
     </span>
    </p>
   </div>
   <div class='ocr_carea' id='block_1_47' title="bbox 161 2975 1714 3053">
    <p class='ocr_par' dir='ltr' id='par_1_47' title="bbox 161 2975 1714 3053">
     <span class='ocr_line' id='line_1_47' title="bbox 161 2975 1714 3053; baseline -0.002 -18"><span class='ocrx_word' id='word_1_352' title='bbox 161 2982 299 3036; x_wconf 78' lang='grc' dir='ltr'><strong>παντὶ</strong></span> <span class='ocrx_word' id='word_1_353' title='bbox 322 2981 400 3052; x_wconf 83' lang='grc' dir='ltr'><strong>τῷ</strong></span> <span class='ocrx_word' id='word_1_354' title='bbox 423 2983 612 3053; x_wconf 87' lang='grc' dir='ltr'><strong>κόσμῳ</strong></span> <span class='ocrx_word' id='word_1_355' title='bbox 636 2983 716 3044; x_wconf 89' lang='grc' dir='ltr'><strong>είς</strong></span> <span class='ocrx_word' id='word_1_356' title='bbox 737 2980 798 3034; x_wconf 84' lang='grc' dir='ltr'><strong>τὸ</strong></span> <span class='ocrx_word' id='word_1_357' title='bbox 829 2980 1076 3034; x_wconf 80' lang='grc' dir='ltr'><strong>ὑπόδικοι</strong></span> <span class='ocrx_word' id='word_1_358' title='bbox 1107 2975 1269 3046; x_wconf 82' lang='grc' dir='ltr'><strong>εἶναι,</strong></span> <span class='ocrx_word' id='word_1_359' title='bbox 1299 2979 1464 3033; x_wconf 81' lang='grc' dir='ltr'><strong>πάλιν</strong></span> <span class='ocrx_word' id='word_1_360' title='bbox 1487 2979 1556 3032; x_wconf 84' lang='grc' dir='ltr'><strong>τὰ</strong></span> <span class='ocrx_word' id='word_1_361' title='bbox 1595 2978 1714 3032; x_wconf 82' lang='grc' dir='ltr'><strong>κατ’</strong></span> 
     </span>
    </p>
   </div>
   <div class='ocr_carea' id='block_1_48' title="bbox 162 3075 1784 3175">
    <p class='ocr_par' dir='ltr' id='par_1_48' title="bbox 162 3075 1784 3175">
     <span class='ocr_line' id='line_1_48' title="bbox 162 3075 1784 3175; baseline -0.002 -42"><span class='ocrx_word' id='word_1_362' title='bbox 162 3079 330 3142; x_wconf 63' lang='grc' dir='ltr'><strong>αὐτοὺς</strong></span> <span class='ocrx_word' id='word_1_363' title='bbox 356 3078 622 3145; x_wconf 78' lang='grc' dir='ltr'><strong>ἐξετάζει.</strong></span> <span class='ocrx_word' id='word_1_364' title='bbox 653 3096 671 3130; x_wconf 79' lang='grc' dir='ltr'><strong>ι</strong></span> <span class='ocrx_word' id='word_1_365' title='bbox 702 3079 859 3132; x_wconf 81' lang='grc' dir='ltr'><strong>Πᾶσα</strong></span> <span class='ocrx_word' id='word_1_366' title='bbox 889 3075 1043 3148; x_wconf 79' lang='grc' dir='ltr'><strong>σάρξ.</strong></span> <span class='ocrx_word' id='word_1_367' title='bbox 1081 3095 1100 3129; x_wconf 73' lang='grc' dir='ltr'><strong>ι</strong></span> <span class='ocrx_word' id='word_1_368' title='bbox 1126 3075 1262 3131; x_wconf 83' lang='grc' dir='ltr'><strong>Οῦδέ</strong></span> <span class='ocrx_word' id='word_1_369' title='bbox 1292 3076 1400 3148; x_wconf 78' lang='grc' dir='ltr'><strong>γὰρ</strong></span> <span class='ocrx_word' id='word_1_370' title='bbox 1428 3075 1713 3148; x_wconf 75' lang='grc' dir='ltr'><strong>ἐπλήρωσε</strong></span> <span class='ocrx_word' id='word_1_371' title='bbox 1742 3117 1784 3175; x_wconf 74' lang='lat' dir='ltr'>c</span> 
     </span>
    </p>
   </div>
   <div class='ocr_carea' id='block_1_49' title="bbox 160 3170 600 3241">
    <p class='ocr_par' dir='ltr' id='par_1_49' title="bbox 160 3170 600 3241">
     <span class='ocr_line' id='line_1_49' title="bbox 160 3170 600 3241; baseline 0.002 -19"><span class='ocrx_word' id='word_1_372' title='bbox 160 3171 214 3223; x_wconf 74' lang='grc' dir='ltr'><strong>τὰ</strong></span> <span class='ocrx_word' id='word_1_373' title='bbox 237 3172 289 3225; x_wconf 74' lang='grc' dir='ltr'><strong>ἐν</strong></span> <span class='ocrx_word' id='word_1_374' title='bbox 325 3170 399 3241; x_wconf 82' lang='grc' dir='ltr'><strong>τῷ</strong></span> <span class='ocrx_word' id='word_1_375' title='bbox 426 3171 600 3240; x_wconf 88' lang='grc' dir='ltr'><strong>νόμῳ.</strong></span> 
     </span>
    </p>
   </div>
   <div class='ocr_carea' id='block_1_50' title="bbox 212 3257 1716 3330">
    <p class='ocr_par' dir='ltr' id='par_1_50' title="bbox 212 3257 1716 3330">
     <span class='ocr_line' id='line_1_50' title="bbox 212 3257 1716 3330; baseline -0.001 -17"><span class='ocrx_word' id='word_1_376' title='bbox 212 3262 303 3314; x_wconf 78' lang='grc' dir='ltr'><strong>Διὰ</strong></span> <span class='ocrx_word' id='word_1_377' title='bbox 341 3260 447 3330; x_wconf 77' lang='grc' dir='ltr'><strong>γὰρ</strong></span> <span class='ocrx_word' id='word_1_378' title='bbox 492 3261 687 3330; x_wconf 80' lang='grc' dir='ltr'><strong>νόμου</strong></span> <span class='ocrx_word' id='word_1_379' title='bbox 749 3260 1077 3330; x_wconf 77' lang='grc' dir='ltr'><strong>ἐπίγνωσις</strong></span> <span class='ocrx_word' id='word_1_380' title='bbox 1120 3259 1431 3330; x_wconf 76' lang='grc' dir='ltr'><strong>ἁμαρτίας.</strong></span> <span class='ocrx_word' id='word_1_381' title='bbox 1459 3257 1611 3314; x_wconf 77' lang='grc' dir='ltr'><strong>Νυνὶ</strong></span> <span class='ocrx_word' id='word_1_382' title='bbox 1647 3258 1716 3312; x_wconf 80' lang='grc' dir='ltr'><strong>δὲ</strong></span> 
     </span>
    </p>
   </div>
   <div class='ocr_carea' id='block_1_51' title="bbox 161 3357 1718 3427">
    <p class='ocr_par' dir='ltr' id='par_1_51' title="bbox 161 3357 1718 3427">
     <span class='ocr_line' id='line_1_51' title="bbox 161 3357 1718 3427; baseline 0 -18"><span class='ocrx_word' id='word_1_383' title='bbox 161 3358 311 3425; x_wconf 82' lang='grc' dir='ltr'><strong>χωρὶς</strong></span> <span class='ocrx_word' id='word_1_384' title='bbox 344 3359 532 3427; x_wconf 81' lang='grc' dir='ltr'><strong>νόμον</strong></span> <span class='ocrx_word' id='word_1_385' title='bbox 553 3357 912 3424; x_wconf 76' lang='grc' dir='ltr'><strong>δικαιοσύνη</strong></span> <span class='ocrx_word' id='word_1_386' title='bbox 938 3357 1086 3412; x_wconf 87' lang='grc' dir='ltr'><strong>Θεοῦ</strong></span> <span class='ocrx_word' id='word_1_387' title='bbox 1109 3358 1542 3427; x_wconf 68' lang='grc' dir='ltr'><strong>πεφανέρωται,</strong></span> <span class='ocrx_word' id='word_1_388' title='bbox 1569 3372 1718 3426; x_wconf 69' lang='lat' dir='ltr'><strong>pap-</strong></span> 
     </span>
    </p>
   </div>
   <div class='ocr_carea' id='block_1_52' title="bbox 158 3447 1712 3521">
    <p class='ocr_par' dir='ltr' id='par_1_52' title="bbox 158 3447 1712 3521">
     <span class='ocr_line' id='line_1_52' title="bbox 158 3447 1712 3521; baseline 0.001 -17"><span class='ocrx_word' id='word_1_389' title='bbox 158 3451 462 3521; x_wconf 76' lang='grc' dir='ltr'><strong>τυρουμένη</strong></span> <span class='ocrx_word' id='word_1_390' title='bbox 495 3451 615 3508; x_wconf 80' lang='grc' dir='ltr'><strong>ὑπὸ</strong></span> <span class='ocrx_word' id='word_1_391' title='bbox 674 3451 780 3506; x_wconf 88' lang='grc' dir='ltr'><strong>τοῦ</strong></span> <span class='ocrx_word' id='word_1_392' title='bbox 814 3452 1006 3520; x_wconf 84' lang='grc' dir='ltr'><strong>νόμου</strong></span> <span class='ocrx_word' id='word_1_393' title='bbox 1054 3449 1155 3505; x_wconf 76' lang='grc' dir='ltr'><strong>καὶ</strong></span> <span class='ocrx_word' id='word_1_394' title='bbox 1194 3450 1314 3505; x_wconf 86' lang='grc' dir='ltr'><strong>τῶν</strong></span> <span class='ocrx_word' id='word_1_395' title='bbox 1364 3447 1712 3520; x_wconf 65' lang='grc' dir='ltr'><strong>προφητῶν.</strong></span> 
     </span>
    </p>
   </div>
   <div class='ocr_carea' id='block_1_53' title="bbox 215 3633 1714 3704">
    <p class='ocr_par' dir='ltr' id='par_1_53' title="bbox 215 3633 1714 3704">
     <span class='ocr_line' id='line_1_53' title="bbox 215 3633 1714 3704; baseline -0.001 -14"><span class='ocrx_word' id='word_1_396' title='bbox 215 3636 309 3690; x_wconf 70' lang='grc' dir='ltr'><strong>Καὶ</strong></span> <span class='ocrx_word' id='word_1_397' title='bbox 335 3636 388 3689; x_wconf 84' lang='grc' dir='ltr'><strong>τί</strong></span> <span class='ocrx_word' id='word_1_398' title='bbox 429 3635 574 3704; x_wconf 81' lang='grc' dir='ltr'><strong>λέγω</strong></span> <span class='ocrx_word' id='word_1_399' title='bbox 601 3634 683 3689; x_wconf 82' lang='grc' dir='ltr'><strong>ὅτι</strong></span> <span class='ocrx_word' id='word_1_400' title='bbox 709 3634 866 3689; x_wconf 84' lang='grc' dir='ltr'><strong>οὐδὲν</strong></span> <span class='ocrx_word' id='word_1_401' title='bbox 913 3633 1213 3704; x_wconf 84' lang='grc' dir='ltr'><strong>ὠφελεῖσθε</strong></span> <span class='ocrx_word' id='word_1_402' title='bbox 1249 3635 1498 3690; x_wconf 82' lang='grc' dir='ltr'><strong>Ἰουδαῖοι</strong></span> <span class='ocrx_word' id='word_1_403' title='bbox 1531 3635 1595 3688; x_wconf 91' lang='grc' dir='ltr'><strong>ἐκ</strong></span> <span class='ocrx_word' id='word_1_404' title='bbox 1617 3633 1714 3689; x_wconf 87' lang='grc' dir='ltr'><strong>τοῦ</strong></span> 
     </span>
    </p>
   </div>
   <div class='ocr_carea' id='block_1_54' title="bbox 161 3727 1716 3800">
    <p class='ocr_par' dir='ltr' id='par_1_54' title="bbox 161 3727 1716 3800">
     <span class='ocr_line' id='line_1_54' title="bbox 161 3727 1716 3800; baseline 0 -19"><span class='ocrx_word' id='word_1_405' title='bbox 161 3729 315 3798; x_wconf 79' lang='grc' dir='ltr'><strong>νόμον,</strong></span> <span class='ocrx_word' id='word_1_406' title='bbox 362 3729 439 3792; x_wconf 87' lang='grc' dir='ltr'><strong>είς</strong></span> <span class='ocrx_word' id='word_1_407' title='bbox 465 3729 528 3782; x_wconf 86' lang='grc' dir='ltr'><strong>τὺ</strong></span> <span class='ocrx_word' id='word_1_408' title='bbox 581 3730 658 3800; x_wconf 80' lang='grc' dir='ltr'><strong>μή</strong></span> <span class='ocrx_word' id='word_1_409' title='bbox 705 3728 963 3798; x_wconf 76' lang='grc' dir='ltr'><strong>γενέσθαι</strong></span> <span class='ocrx_word' id='word_1_410' title='bbox 1010 3727 1129 3799; x_wconf 77' lang='grc' dir='ltr'><strong>ἅμα</strong></span> <span class='ocrx_word' id='word_1_411' title='bbox 1181 3727 1260 3800; x_wconf 85' lang='grc' dir='ltr'><strong>τῷ</strong></span> <span class='ocrx_word' id='word_1_412' title='bbox 1303 3729 1466 3782; x_wconf 74' lang='grc' dir='ltr'><strong>παντὶ</strong></span> <span class='ocrx_word' id='word_1_413' title='bbox 1521 3729 1716 3800; x_wconf 84' lang='grc' dir='ltr'><strong>κόσμῳ</strong></span> 
     </span>
    </p>
   </div>
   <div class='ocr_carea' id='block_1_55' title="bbox 160 3820 1716 3893">
    <p class='ocr_par' dir='ltr' id='par_1_55' title="bbox 160 3820 1716 3893">
     <span class='ocr_line' id='line_1_55' title="bbox 160 3820 1716 3893; baseline -0.001 -19"><span class='ocrx_word' id='word_1_414' title='bbox 160 3823 378 3876; x_wconf 69' lang='grc' dir='ltr'><strong>ὑπόδικοι</strong></span> <span class='ocrx_word' id='word_1_415' title='bbox 399 3840 412 3889; x_wconf 88' lang='grc'><strong>;</strong></span> <span class='ocrx_word' id='word_1_416' title='bbox 437 3821 716 3891; x_wconf 83' lang='grc' dir='ltr'><strong>Μενοῦνγε</strong></span> <span class='ocrx_word' id='word_1_417' title='bbox 775 3820 1046 3887; x_wconf 80' lang='grc' dir='ltr'><strong>ἐξετάζων</strong></span> <span class='ocrx_word' id='word_1_418' title='bbox 1072 3839 1180 3886; x_wconf 89' lang='grc' dir='ltr'><strong>τις,</strong></span> <span class='ocrx_word' id='word_1_419' title='bbox 1219 3821 1446 3893; x_wconf 76' lang='grc' dir='ltr'><strong>εὑρήσει</strong></span> <span class='ocrx_word' id='word_1_420' title='bbox 1468 3820 1564 3874; x_wconf 80' lang='grc' dir='ltr'><strong>καὶ</strong></span> <span class='ocrx_word' id='word_1_421' title='bbox 1588 3820 1716 3890; x_wconf 83' lang='grc' dir='ltr'><strong>βλα-</strong></span> 
     </span>
    </p>
   </div>
   <div class='ocr_carea' id='block_1_56' title="bbox 162 3912 1717 3985">
    <p class='ocr_par' dir='ltr' id='par_1_56' title="bbox 162 3912 1717 3985">
     <span class='ocr_line' id='line_1_56' title="bbox 162 3912 1717 3985; baseline 0.001 -21"><span class='ocrx_word' id='word_1_422' title='bbox 162 3912 319 3976; x_wconf 68' lang='grc' dir='ltr'><strong>ϐέντας</strong></span> <span class='ocrx_word' id='word_1_423' title='bbox 356 3913 502 3983; x_wconf 79' lang='grc' dir='ltr'><strong>ὑμᾶς</strong></span> <span class='ocrx_word' id='word_1_424' title='bbox 532 3914 638 3967; x_wconf 81' lang='grc' dir='ltr'><strong>ὑπὸ</strong></span> <span class='ocrx_word' id='word_1_425' title='bbox 659 3913 754 3967; x_wconf 86' lang='grc' dir='ltr'><strong>τοῦ</strong></span> <span class='ocrx_word' id='word_1_426' title='bbox 792 3914 983 3984; x_wconf 89' lang='grc' dir='ltr'><strong>νόμου,</strong></span> <span class='ocrx_word' id='word_1_427' title='bbox 1008 3913 1068 3966; x_wconf 82' lang='grc' dir='ltr'><strong>οῦ</strong></span> <span class='ocrx_word' id='word_1_428' title='bbox 1105 3913 1257 3985; x_wconf 85' lang='grc' dir='ltr'><strong>παρὰ</strong></span> <span class='ocrx_word' id='word_1_429' title='bbox 1278 3913 1378 3984; x_wconf 84' lang='grc' dir='ltr'><strong>τὴν</strong></span> <span class='ocrx_word' id='word_1_430' title='bbox 1417 3912 1584 3967; x_wconf 81' lang='grc' dir='ltr'><strong>αὑτοῦ</strong></span> <span class='ocrx_word' id='word_1_431' title='bbox 1615 3913 1717 3980; x_wconf 77' lang='grc' dir='ltr'><strong>φύ-</strong></span> 
     </span>
    </p>
   </div>
   <div class='ocr_carea' id='block_1_57' title="bbox 166 4004 1713 4078">
    <p class='ocr_par' dir='ltr' id='par_1_57' title="bbox 166 4004 1713 4078">
     <span class='ocr_line' id='line_1_57' title="bbox 166 4004 1713 4078; baseline 0.001 -22"><span class='ocrx_word' id='word_1_432' title='bbox 166 4022 243 4071; x_wconf 86' lang='grc' dir='ltr'><strong>σιν,</strong></span> <span class='ocrx_word' id='word_1_433' title='bbox 264 4007 389 4060; x_wconf 77' lang='grc' dir='ltr'><strong>ἀλλὰ</strong></span> <span class='ocrx_word' id='word_1_434' title='bbox 423 4007 574 4076; x_wconf 71' lang='grc' dir='ltr'><strong>παρὰ</strong></span> <span class='ocrx_word' id='word_1_435' title='bbox 606 4007 705 4078; x_wconf 76' lang='grc' dir='ltr'><strong>τὴν</strong></span> <span class='ocrx_word' id='word_1_436' title='bbox 729 4005 886 4075; x_wconf 84' lang='grc' dir='ltr'><strong>ήμῶν</strong></span> <span class='ocrx_word' id='word_1_437' title='bbox 914 4005 1130 4060; x_wconf 88' lang='grc' dir='ltr'><strong>κακίαν.</strong></span> <span class='ocrx_word' id='word_1_438' title='bbox 1153 4005 1276 4069; x_wconf 87' lang='grc' dir='ltr'><strong>Πῶς</strong></span> <span class='ocrx_word' id='word_1_439' title='bbox 1303 4005 1450 4069; x_wconf 85' lang='grc' dir='ltr'><strong>;”Οτι</strong></span> <span class='ocrx_word' id='word_1_440' title='bbox 1485 4005 1547 4058; x_wconf 79' lang='grc' dir='ltr'><strong>τὸ</strong></span> <span class='ocrx_word' id='word_1_441' title='bbox 1570 4004 1713 4072; x_wconf 87' lang='grc' dir='ltr'><strong>γνῶ-</strong></span> 
     </span>
    </p>
   </div>
   <div class='ocr_carea' id='block_1_58' title="bbox 165 4097 1715 4170">
    <p class='ocr_par' dir='ltr' id='par_1_58' title="bbox 165 4097 1715 4170">
     <span class='ocr_line' id='line_1_58' title="bbox 165 4097 1715 4170; baseline 0 -20"><span class='ocrx_word' id='word_1_442' title='bbox 165 4115 230 4152; x_wconf 87' lang='grc' dir='ltr'><strong>ναι</strong></span> <span class='ocrx_word' id='word_1_443' title='bbox 255 4103 340 4170; x_wconf 80' lang='grc' dir='ltr'><strong>τὴν</strong></span> <span class='ocrx_word' id='word_1_444' title='bbox 395 4100 695 4170; x_wconf 80' lang='grc' dir='ltr'><strong>ἅρματίαν,</strong></span> <span class='ocrx_word' id='word_1_445' title='bbox 739 4097 828 4152; x_wconf 74' lang='grc' dir='ltr'><strong>διὰ</strong></span> <span class='ocrx_word' id='word_1_446' title='bbox 865 4097 958 4151; x_wconf 85' lang='grc' dir='ltr'><strong>τοῦ</strong></span> <span class='ocrx_word' id='word_1_447' title='bbox 1018 4098 1185 4168; x_wconf 84' lang='grc' dir='ltr'><strong>νόμου</strong></span> <span class='ocrx_word' id='word_1_448' title='bbox 1235 4097 1422 4167; x_wconf 76' lang='grc' dir='ltr'><strong>ἔχετε·</strong></span> <span class='ocrx_word' id='word_1_449' title='bbox 1456 4097 1516 4149; x_wconf 82' lang='grc' dir='ltr'><strong>τὸ</strong></span> <span class='ocrx_word' id='word_1_450' title='bbox 1571 4097 1628 4150; x_wconf 84' lang='grc' dir='ltr'><strong>δέ</strong></span> <span class='ocrx_word' id='word_1_451' title='bbox 1658 4098 1715 4150; x_wconf 85' lang='grc' dir='ltr'><strong>ἐν</strong></span> 
     </span>
    </p>
   </div>
   <div class='ocr_carea' id='block_1_59' title="bbox 165 4187 1715 4262">
    <p class='ocr_par' dir='ltr' id='par_1_59' title="bbox 165 4187 1715 4262">
     <span class='ocr_line' id='line_1_59' title="bbox 165 4187 1715 4262; baseline 0.001 -20"><span class='ocrx_word' id='word_1_452' title='bbox 165 4189 329 4255; x_wconf 80' lang='grc' dir='ltr'><strong>γνώσει</strong></span> <span class='ocrx_word' id='word_1_453' title='bbox 355 4190 726 4262; x_wconf 80' lang='grc' dir='ltr'><strong>ἁμαρτάνειν,</strong></span> <span class='ocrx_word' id='word_1_454' title='bbox 763 4187 1144 4261; x_wconf 81' lang='grc' dir='ltr'><strong>χαλεπώτερον</strong></span> <span class='ocrx_word' id='word_1_455' title='bbox 1192 4189 1286 4242; x_wconf 87' lang='grc' dir='ltr'><strong>τοῦ</strong></span> <span class='ocrx_word' id='word_1_456' title='bbox 1318 4190 1376 4241; x_wconf 88' lang='grc' dir='ltr'><strong>ἐν</strong></span> <span class='ocrx_word' id='word_1_457' title='bbox 1396 4188 1612 4260; x_wconf 81' lang='grc' dir='ltr'><strong>ἀγνοίᾳ.</strong></span> <span class='ocrx_word' id='word_1_458' title='bbox 1646 4219 1715 4230; x_wconf 86' lang='lat'><strong>~—</strong></span> 
     </span>
    </p>
   </div>
   <div class='ocr_carea' id='block_1_60' title="bbox 167 4281 1716 4358">
    <p class='ocr_par' dir='ltr' id='par_1_60' title="bbox 167 4281 1716 4358">
     <span class='ocr_line' id='line_1_60' title="bbox 167 4281 1716 4358; baseline -0.004 -21"><span class='ocrx_word' id='word_1_459' title='bbox 167 4286 327 4340; x_wconf 72' lang='grc' dir='ltr'><strong>Ἄλλο.</strong></span> <span class='ocrx_word' id='word_1_460' title='bbox 358 4282 837 4358; x_wconf 44' lang='grc' dir='ltr'><strong>[ΓΕΝΝΛΔΙΟΥᾸ</strong></span> <span class='ocrx_word' id='word_1_461' title='bbox 898 4283 962 4336; x_wconf 83' lang='grc' dir='ltr'><strong>Εἰ</strong></span> <span class='ocrx_word' id='word_1_462' title='bbox 1026 4281 1207 4345; x_wconf 83' lang='grc' dir='ltr'><strong>τοῦτο,</strong></span> <span class='ocrx_word' id='word_1_463' title='bbox 1257 4281 1443 4350; x_wconf 81' lang='grc' dir='ltr'><strong>φησὶν,</strong></span> <span class='ocrx_word' id='word_1_464' title='bbox 1489 4282 1517 4334; x_wconf 91' lang='lat'><strong>6</strong></span> <span class='ocrx_word' id='word_1_465' title='bbox 1550 4281 1716 4349; x_wconf 81' lang='grc' dir='ltr'><strong>νόμος</strong></span> 
     </span>
    </p>
   </div>
   <div class='ocr_carea' id='block_1_61' title="bbox 164 4369 1712 4447">
    <p class='ocr_par' dir='ltr' id='par_1_61' title="bbox 164 4369 1712 4447">
     <span class='ocr_line' id='line_1_61' title="bbox 164 4369 1712 4447; baseline -0.001 -23"><span class='ocrx_word' id='word_1_466' title='bbox 164 4375 531 4447; x_wconf 72' lang='grc' dir='ltr'><strong>ἐλυσιτέλησεν,</strong></span> <span class='ocrx_word' id='word_1_467' title='bbox 588 4373 888 4444; x_wconf 72' lang='grc' dir='ltr'><strong>ἐγνώρισεν</strong></span> <span class='ocrx_word' id='word_1_468' title='bbox 923 4374 1055 4443; x_wconf 79' lang='grc' dir='ltr'><strong>ἡμῖν</strong></span> <span class='ocrx_word' id='word_1_469' title='bbox 1091 4371 1187 4442; x_wconf 80' lang='grc' dir='ltr'><strong>τὴν</strong></span> <span class='ocrx_word' id='word_1_470' title='bbox 1232 4371 1512 4440; x_wconf 81' lang='grc' dir='ltr'><strong>ἁμαρτίαν</strong></span> <span class='ocrx_word' id='word_1_471' title='bbox 1549 4370 1610 4423; x_wconf 83' lang='grc' dir='ltr'><strong>ού</strong></span> <span class='ocrx_word' id='word_1_472' title='bbox 1633 4369 1712 4440; x_wconf 84' lang='grc' dir='ltr'><strong>τῷ</strong></span> 
     </span>
    </p>
   </div>
   <div class='ocr_carea' id='block_1_62' title="bbox 1824 1965 3413 2035">
    <p class='ocr_par' dir='ltr' id='par_1_62' title="bbox 1824 1965 3413 2035">
     <span class='ocr_line' id='line_1_62' title="bbox 1824 1965 3413 2035; baseline -0.001 -15"><span class='ocrx_word' id='word_1_473' title='bbox 1824 1981 1950 2022; x_wconf 88' lang='lat' dir='ltr'><strong>rare</strong></span> <span class='ocrx_word' id='word_1_474' title='bbox 1991 1973 2194 2035; x_wconf 88' lang='lat' dir='ltr'><strong>potest,</strong></span> <span class='ocrx_word' id='word_1_475' title='bbox 2231 1973 2518 2034; x_wconf 90' lang='lat' dir='ltr'><strong>totumque</strong></span> <span class='ocrx_word' id='word_1_476' title='bbox 2566 1965 2835 2020; x_wconf 92' lang='lat' dir='ltr'><strong>mundum</strong></span> <span class='ocrx_word' id='word_1_477' title='bbox 2879 1981 2977 2019; x_wconf 89' lang='lat' dir='ltr'><strong>sua</strong></span> <span class='ocrx_word' id='word_1_478' title='bbox 3010 1966 3184 2035; x_wconf 87' lang='lat' dir='ltr'><strong>gratia</strong></span> <span class='ocrx_word' id='word_1_479' title='bbox 3219 1980 3248 2018; x_wconf 92' lang='lat' dir='ltr'><strong>a</strong></span> <span class='ocrx_word' id='word_1_480' title='bbox 3280 1978 3413 2033; x_wconf 91' lang='lat' dir='ltr'><strong>pec-</strong></span> 
     </span>
    </p>
   </div>
   <div class='ocr_carea' id='block_1_63' title="bbox 1822 2056 3416 2128">
    <p class='ocr_par' dir='ltr' id='par_1_63' title="bbox 1822 2056 3416 2128">
     <span class='ocr_line' id='line_1_63' title="bbox 1822 2056 3416 2128; baseline 0 -17"><span class='ocrx_word' id='word_1_481' title='bbox 1822 2057 1962 2112; x_wconf 86' lang='lat' dir='ltr'><strong>catis</strong></span> <span class='ocrx_word' id='word_1_482' title='bbox 1981 2058 2254 2128; x_wconf 87' lang='lat' dir='ltr'><strong>longoque</strong></span> <span class='ocrx_word' id='word_1_483' title='bbox 2283 2073 2475 2112; x_wconf 86' lang='lat' dir='ltr'><strong>errore</strong></span> <span class='ocrx_word' id='word_1_484' title='bbox 2501 2072 2565 2112; x_wconf 87' lang='lat' dir='ltr'><strong>ac</strong></span> <span class='ocrx_word' id='word_1_485' title='bbox 2594 2057 2905 2127; x_wconf 88' lang='lat' dir='ltr'><strong>perditione</strong></span> <span class='ocrx_word' id='word_1_486' title='bbox 2935 2058 3175 2112; x_wconf 90' lang='lat' dir='ltr'><strong>illorum.</strong></span> <span class='ocrx_word' id='word_1_487' title='bbox 3205 2056 3416 2111; x_wconf 85' lang='lat' dir='ltr'><strong>Deinde</strong></span> 
     </span>
    </p>
   </div>
   <div class='ocr_carea' id='block_1_64' title="bbox 1821 2147 3413 2218">
    <p class='ocr_par' dir='ltr' id='par_1_64' title="bbox 1821 2147 3413 2218">
     <span class='ocr_line' id='line_1_64' title="bbox 1821 2147 3413 2218; baseline -0.002 -16"><span class='ocrx_word' id='word_1_488' title='bbox 1821 2162 2044 2202; x_wconf 88' lang='lat' dir='ltr'><strong>rursum</strong></span> <span class='ocrx_word' id='word_1_489' title='bbox 2091 2147 2249 2218; x_wconf 90' lang='lat' dir='ltr'><strong>quasi</strong></span> <span class='ocrx_word' id='word_1_490' title='bbox 2290 2147 2658 2218; x_wconf 87' lang='lat' dir='ltr'><strong>objectionem</strong></span> <span class='ocrx_word' id='word_1_491' title='bbox 2715 2148 2906 2204; x_wconf 83' lang='lat' dir='ltr'><strong>solvit.</strong></span> <span class='ocrx_word' id='word_1_492' title='bbox 2961 2149 3039 2202; x_wconf 89' lang='lat' dir='ltr'><strong>Ne</strong></span> <span class='ocrx_word' id='word_1_493' title='bbox 3092 2147 3217 2217; x_wconf 89' lang='lat' dir='ltr'><strong>quis</strong></span> <span class='ocrx_word' id='word_1_494' title='bbox 3263 2147 3413 2202; x_wconf 91' lang='lat' dir='ltr'><strong>enim</strong></span> 
     </span>
    </p>
   </div>
   <div class='ocr_carea' id='block_1_65' title="bbox 1821 2236 3413 2308">
    <p class='ocr_par' dir='ltr' id='par_1_65' title="bbox 1821 2236 3413 2308">
     <span class='ocr_line' id='line_1_65' title="bbox 1821 2236 3413 2308; baseline 0.001 -16"><span class='ocrx_word' id='word_1_495' title='bbox 1821 2237 2011 2293; x_wconf 89' lang='lat' dir='ltr'><strong>dicat:</strong></span> <span class='ocrx_word' id='word_1_496' title='bbox 2068 2237 2210 2304; x_wconf 88' lang='lat' dir='ltr'><strong>Quid</strong></span> <span class='ocrx_word' id='word_1_497' title='bbox 2255 2238 2418 2308; x_wconf 87' lang='lat' dir='ltr'><strong>ergo?</strong></span> <span class='ocrx_word' id='word_1_498' title='bbox 2464 2238 2602 2292; x_wconf 90' lang='lat' dir='ltr'><strong>nihil</strong></span> <span class='ocrx_word' id='word_1_499' title='bbox 2650 2237 2860 2308; x_wconf 81' lang='lat' dir='ltr'><strong>profuit</strong></span> <span class='ocrx_word' id='word_1_500' title='bbox 2909 2238 3036 2292; x_wconf 75' lang='lat' dir='ltr'><strong>lex?</strong></span> <span class='ocrx_word' id='word_1_501' title='bbox 3086 2236 3413 2308; x_wconf 73' lang='lat' dir='ltr'><strong>subiungit:</strong></span> 
     </span>
    </p>
   </div>
   <div class='ocr_carea' id='block_1_66' title="bbox 1829 2328 3417 2400">
    <p class='ocr_par' dir='ltr' id='par_1_66' title="bbox 1829 2328 3417 2400">
     <span class='ocr_line' id='line_1_66' title="bbox 1829 2328 3417 2400; baseline -0.001 -18"><span class='ocrx_word' id='word_1_502' title='bbox 1829 2348 1848 2382; x_wconf 74' lang='grc' dir='ltr'><strong>ι</strong></span> <span class='ocrx_word' id='word_1_503' title='bbox 1887 2331 1967 2385; x_wconf 85' lang='lat' dir='ltr'><strong>Eo</strong></span> <span class='ocrx_word' id='word_1_504' title='bbox 2013 2329 2161 2400; x_wconf 91' lang='lat' dir='ltr'><strong>quod</strong></span> <span class='ocrx_word' id='word_1_505' title='bbox 2211 2345 2279 2385; x_wconf 83' lang='lat' dir='ltr'><strong>ex</strong></span> <span class='ocrx_word' id='word_1_506' title='bbox 2337 2329 2600 2400; x_wconf 87' lang='lat' dir='ltr'><strong>operibus</strong></span> <span class='ocrx_word' id='word_1_507' title='bbox 2660 2329 2798 2400; x_wconf 86' lang='lat' dir='ltr'><strong>legis</strong></span> <span class='ocrx_word' id='word_1_508' title='bbox 2850 2345 2958 2384; x_wconf 91' lang='lat' dir='ltr'><strong>non</strong></span> <span class='ocrx_word' id='word_1_509' title='bbox 3020 2328 3417 2398; x_wconf 81' lang='lat' dir='ltr'><strong>justitieabitur</strong></span> 
     </span>
    </p>
   </div>
   <div class='ocr_carea' id='block_1_67' title="bbox 1827 2418 3417 2478">
    <p class='ocr_par' dir='ltr' id='par_1_67' title="bbox 1827 2418 3417 2478">
     <span class='ocr_line' id='line_1_67' title="bbox 1827 2418 3417 2478; baseline 0 -4"><span class='ocrx_word' id='word_1_510' title='bbox 1827 2439 1847 2474; x_wconf 71' lang='grc' dir='ltr'><strong>ι</strong></span> <span class='ocrx_word' id='word_1_511' title='bbox 1889 2422 2072 2477; x_wconf 90' lang='lat' dir='ltr'><strong>omnis</strong></span> <span class='ocrx_word' id='word_1_512' title='bbox 2099 2437 2251 2478; x_wconf 89' lang='lat' dir='ltr'><strong>caro.</strong></span> <span class='ocrx_word' id='word_1_513' title='bbox 2291 2441 2310 2474; x_wconf 72' lang='grc' dir='ltr'><strong><em>ι</em></strong></span> <span class='ocrx_word' id='word_1_514' title='bbox 2339 2421 2418 2477; x_wconf 81' lang='lat' dir='ltr'><strong>Ac</strong></span> <span class='ocrx_word' id='word_1_515' title='bbox 2455 2422 2502 2477; x_wconf 90' lang='lat' dir='ltr'><strong>si</strong></span> <span class='ocrx_word' id='word_1_516' title='bbox 2530 2421 2742 2478; x_wconf 86' lang='lat' dir='ltr'><strong>diceret</strong></span> <span class='ocrx_word' id='word_1_517' title='bbox 2774 2440 2787 2476; x_wconf 92' lang='lat'><strong>:</strong></span> <span class='ocrx_word' id='word_1_518' title='bbox 2816 2421 3124 2476; x_wconf 88' lang='lat' dir='ltr'><strong>Profuisset</strong></span> <span class='ocrx_word' id='word_1_519' title='bbox 3166 2418 3417 2474; x_wconf 77' lang='lat' dir='ltr'><strong>fortassis</strong></span> 
     </span>
    </p>
   </div>
   <div class='ocr_carea' id='block_1_68' title="bbox 1819 2511 3416 2584">
    <p class='ocr_par' dir='ltr' id='par_1_68' title="bbox 1819 2511 3416 2584">
     <span class='ocr_line' id='line_1_68' title="bbox 1819 2511 3416 2584; baseline -0.001 -17"><span class='ocrx_word' id='word_1_520' title='bbox 1819 2511 1928 2578; x_wconf 81' lang='lat' dir='ltr'><strong>lex,</strong></span> <span class='ocrx_word' id='word_1_521' title='bbox 1960 2513 2006 2568; x_wconf 91' lang='lat' dir='ltr'><strong>si</strong></span> <span class='ocrx_word' id='word_1_522' title='bbox 2034 2527 2154 2567; x_wconf 89' lang='lat' dir='ltr'><strong>eam</strong></span> <span class='ocrx_word' id='word_1_523' title='bbox 2185 2519 2519 2578; x_wconf 77' lang='lat' dir='ltr'><strong>servassent,</strong></span> <span class='ocrx_word' id='word_1_524' title='bbox 2545 2513 2638 2583; x_wconf 91' lang='lat' dir='ltr'><strong>qui</strong></span> <span class='ocrx_word' id='word_1_525' title='bbox 2677 2514 2798 2584; x_wconf 85' lang='lat' dir='ltr'><strong>ejus</strong></span> <span class='ocrx_word' id='word_1_526' title='bbox 2827 2520 3107 2582; x_wconf 70' lang='lat' dir='ltr'><strong>praecepta</strong></span> <span class='ocrx_word' id='word_1_527' title='bbox 3155 2526 3416 2582; x_wconf 90' lang='lat' dir='ltr'><strong>suscepe-</strong></span> 
     </span>
    </p>
   </div>
   <div class='ocr_carea' id='block_1_69' title="bbox 1821 2605 3416 2671">
    <p class='ocr_par' dir='ltr' id='par_1_69' title="bbox 1821 2605 3416 2671">
     <span class='ocr_line' id='line_1_69' title="bbox 1821 2605 3416 2671; baseline -0.003 -7"><span class='ocrx_word' id='word_1_528' title='bbox 1821 2616 1988 2664; x_wconf 86' lang='lat' dir='ltr'><strong>rant:</strong></span> <span class='ocrx_word' id='word_1_529' title='bbox 2034 2625 2227 2664; x_wconf 90' lang='lat' dir='ltr'><strong>verum</strong></span> <span class='ocrx_word' id='word_1_530' title='bbox 2259 2623 2386 2663; x_wconf 89' lang='lat' dir='ltr'><strong>cum</strong></span> <span class='ocrx_word' id='word_1_531' title='bbox 2427 2623 2535 2664; x_wconf 91' lang='lat' dir='ltr'><strong>non</strong></span> <span class='ocrx_word' id='word_1_532' title='bbox 2584 2608 2946 2671; x_wconf 84' lang='lat' dir='ltr'><strong>servaverint,</strong></span> <span class='ocrx_word' id='word_1_533' title='bbox 2982 2622 3050 2662; x_wconf 81' lang='lat' dir='ltr'><strong>ex</strong></span> <span class='ocrx_word' id='word_1_534' title='bbox 3099 2605 3416 2661; x_wconf 87' lang='lat' dir='ltr'><strong>assistentia</strong></span> 
     </span>
    </p>
   </div>
   <div class='ocr_carea' id='block_1_70' title="bbox 1818 2698 3414 2769">
    <p class='ocr_par' dir='ltr' id='par_1_70' title="bbox 1818 2698 3414 2769">
     <span class='ocr_line' id='line_1_70' title="bbox 1818 2698 3414 2769; baseline -0.004 -12"><span class='ocrx_word' id='word_1_535' title='bbox 1818 2703 1988 2758; x_wconf 89' lang='lat' dir='ltr'><strong>etiam</strong></span> <span class='ocrx_word' id='word_1_536' title='bbox 2017 2702 2231 2769; x_wconf 90' lang='lat' dir='ltr'><strong>nocuit,</strong></span> <span class='ocrx_word' id='word_1_537' title='bbox 2277 2718 2383 2758; x_wconf 92' lang='lat' dir='ltr'><strong>non</strong></span> <span class='ocrx_word' id='word_1_538' title='bbox 2439 2701 2526 2758; x_wconf 90' lang='lat' dir='ltr'><strong>sui</strong></span> <span class='ocrx_word' id='word_1_539' title='bbox 2583 2709 2800 2767; x_wconf 86' lang='lat' dir='ltr'><strong>natura,</strong></span> <span class='ocrx_word' id='word_1_540' title='bbox 2851 2700 2948 2756; x_wconf 84' lang='lat' dir='ltr'><strong>sed</strong></span> <span class='ocrx_word' id='word_1_541' title='bbox 2993 2714 3191 2755; x_wconf 90' lang='lat' dir='ltr'><strong>eorum</strong></span> <span class='ocrx_word' id='word_1_542' title='bbox 3227 2698 3414 2752; x_wconf 87' lang='lat' dir='ltr'><strong>animo</strong></span> 
     </span>
    </p>
   </div>
   <div class='ocr_carea' id='block_1_71' title="bbox 1819 2789 3416 2866">
    <p class='ocr_par' dir='ltr' id='par_1_71' title="bbox 1819 2789 3416 2866">
     <span class='ocr_line' id='line_1_71' title="bbox 1819 2789 3416 2866; baseline -0.004 -16"><span class='ocrx_word' id='word_1_543' title='bbox 1819 2796 1915 2865; x_wconf 92' lang='lat' dir='ltr'><strong>qui</strong></span> <span class='ocrx_word' id='word_1_544' title='bbox 1944 2811 2052 2851; x_wconf 92' lang='lat' dir='ltr'><strong>non</strong></span> <span class='ocrx_word' id='word_1_545' title='bbox 2076 2805 2488 2851; x_wconf 58' lang='lat' dir='ltr'><strong>servaveruntu</strong></span> <span class='ocrx_word' id='word_1_546' title='bbox 2512 2795 2592 2850; x_wconf 88' lang='lat' dir='ltr'><strong>Eo</strong></span> <span class='ocrx_word' id='word_1_547' title='bbox 2607 2795 2752 2866; x_wconf 93' lang='lat' dir='ltr'><strong>quod</strong></span> <span class='ocrx_word' id='word_1_548' title='bbox 2769 2810 2834 2850; x_wconf 84' lang='lat' dir='ltr'><strong>ex</strong></span> <span class='ocrx_word' id='word_1_549' title='bbox 2860 2793 3141 2864; x_wconf 89' lang='lat' dir='ltr'><strong>operibus.</strong></span> <span class='ocrx_word' id='word_1_550' title='bbox 3165 2811 3182 2843; x_wconf 83' lang='grc'><strong><em>›</em></strong></span> <span class='ocrx_word' id='word_1_551' title='bbox 3207 2789 3416 2847; x_wconf 86' lang='lat' dir='ltr'><strong>Deinde</strong></span> 
     </span>
    </p>
   </div>
   <div class='ocr_carea' id='block_1_72' title="bbox 1819 2885 3416 2960">
    <p class='ocr_par' dir='ltr' id='par_1_72' title="bbox 1819 2885 3416 2960">
     <span class='ocr_line' id='line_1_72' title="bbox 1819 2885 3416 2960; baseline -0.003 -18"><span class='ocrx_word' id='word_1_552' title='bbox 1819 2903 1889 2943; x_wconf 87' lang='lat' dir='ltr'><strong>ne</strong></span> <span class='ocrx_word' id='word_1_553' title='bbox 1919 2903 2140 2943; x_wconf 89' lang='lat' dir='ltr'><strong>rursum</strong></span> <span class='ocrx_word' id='word_1_554' title='bbox 2182 2887 2405 2960; x_wconf 85' lang='lat' dir='ltr'><strong>indigne</strong></span> <span class='ocrx_word' id='word_1_555' title='bbox 2435 2887 2616 2944; x_wconf 90' lang='lat' dir='ltr'><strong>ferant</strong></span> <span class='ocrx_word' id='word_1_556' title='bbox 2657 2888 2850 2954; x_wconf 59' lang='lat' dir='ltr'><strong>Judaei,</strong></span> <span class='ocrx_word' id='word_1_557' title='bbox 2879 2887 3028 2957; x_wconf 91' lang='lat' dir='ltr'><strong>quod</strong></span> <span class='ocrx_word' id='word_1_558' title='bbox 3062 2885 3162 2940; x_wconf 91' lang='lat' dir='ltr'><strong>toti</strong></span> <span class='ocrx_word' id='word_1_559' title='bbox 3213 2885 3416 2939; x_wconf 88' lang='lat' dir='ltr'><strong>mundo</strong></span> 
     </span>
    </p>
   </div>
   <div class='ocr_carea' id='block_1_73' title="bbox 1819 2977 3416 3050">
    <p class='ocr_par' dir='ltr' id='par_1_73' title="bbox 1819 2977 3416 3050">
     <span class='ocr_line' id='line_1_73' title="bbox 1819 2977 3416 3050; baseline -0.004 -16"><span class='ocrx_word' id='word_1_560' title='bbox 1819 2989 2290 3034; x_wconf 91' lang='lat' dir='ltr'><strong>connumerentur</strong></span> <span class='ocrx_word' id='word_1_561' title='bbox 2320 2980 2375 3034; x_wconf 91' lang='lat' dir='ltr'><strong>in</strong></span> <span class='ocrx_word' id='word_1_562' title='bbox 2403 2995 2470 3035; x_wconf 93' lang='lat' dir='ltr'><strong>eo</strong></span> <span class='ocrx_word' id='word_1_563' title='bbox 2497 2979 2645 3050; x_wconf 89' lang='lat' dir='ltr'><strong>quod</strong></span> <span class='ocrx_word' id='word_1_564' title='bbox 2677 2979 2788 3034; x_wconf 91' lang='lat' dir='ltr'><strong>sint</strong></span> <span class='ocrx_word' id='word_1_565' title='bbox 2818 2978 3042 3033; x_wconf 82' lang='lat' dir='ltr'><strong>obnoxii</strong></span> <span class='ocrx_word' id='word_1_566' title='bbox 3075 2994 3088 3031; x_wconf 92' lang='lat'><strong>:</strong></span> <span class='ocrx_word' id='word_1_567' title='bbox 3128 2977 3329 3031; x_wconf 89' lang='lat' dir='ltr'><strong>iterum</strong></span> <span class='ocrx_word' id='word_1_568' title='bbox 3350 2989 3416 3029; x_wconf 87' lang='lat' dir='ltr'><strong>ea</strong></span> 
     </span>
    </p>
   </div>
   <div class='ocr_carea' id='block_1_74' title="bbox 1819 3069 3411 3142">
    <p class='ocr_par' dir='ltr' id='par_1_74' title="bbox 1819 3069 3411 3142">
     <span class='ocr_line' id='line_1_74' title="bbox 1819 3069 3411 3142; baseline -0.003 -18"><span class='ocrx_word' id='word_1_569' title='bbox 1819 3087 1942 3142; x_wconf 80' lang='lat' dir='ltr'><strong>quae</strong></span> <span class='ocrx_word' id='word_1_570' title='bbox 1971 3073 2238 3128; x_wconf 86' lang='lat' dir='ltr'><strong>adversus</strong></span> <span class='ocrx_word' id='word_1_571' title='bbox 2265 3073 2390 3128; x_wconf 92' lang='lat' dir='ltr'><strong>illos</strong></span> <span class='ocrx_word' id='word_1_572' title='bbox 2423 3082 2553 3128; x_wconf 89' lang='lat' dir='ltr'><strong>sunt</strong></span> <span class='ocrx_word' id='word_1_573' title='bbox 2583 3071 2849 3142; x_wconf 81' lang='lat' dir='ltr'><strong>exquirit.</strong></span> <span class='ocrx_word' id='word_1_574' title='bbox 2901 3089 2920 3123; x_wconf 76' lang='grc' dir='ltr'><strong>ι</strong></span> <span class='ocrx_word' id='word_1_575' title='bbox 2962 3069 3155 3127; x_wconf 89' lang='lat' dir='ltr'><strong>Omnis</strong></span> <span class='ocrx_word' id='word_1_576' title='bbox 3199 3083 3350 3124; x_wconf 91' lang='lat' dir='ltr'><strong>caro.</strong></span> <span class='ocrx_word' id='word_1_577' title='bbox 3387 3084 3411 3120; x_wconf 73' lang='grc' dir='ltr'><strong>ι</strong></span> 
     </span>
    </p>
   </div>
   <div class='ocr_carea' id='block_1_75' title="bbox 1817 3163 3023 3236">
    <p class='ocr_par' dir='ltr' id='par_1_75' title="bbox 1817 3163 3023 3236">
     <span class='ocr_line' id='line_1_75' title="bbox 1817 3163 3023 3236; baseline -0.002 -18"><span class='ocrx_word' id='word_1_578' title='bbox 1817 3163 2007 3234; x_wconf 86' lang='lat' dir='ltr'><strong>Neque</strong></span> <span class='ocrx_word' id='word_1_579' title='bbox 2031 3166 2178 3221; x_wconf 89' lang='lat' dir='ltr'><strong>enim</strong></span> <span class='ocrx_word' id='word_1_580' title='bbox 2214 3165 2466 3236; x_wconf 87' lang='lat' dir='ltr'><strong>implevit</strong></span> <span class='ocrx_word' id='word_1_581' title='bbox 2492 3181 2616 3235; x_wconf 75' lang='lat' dir='ltr'><strong>qua:</strong></span> <span class='ocrx_word' id='word_1_582' title='bbox 2645 3166 2702 3220; x_wconf 88' lang='lat' dir='ltr'><strong>iu</strong></span> <span class='ocrx_word' id='word_1_583' title='bbox 2723 3166 2840 3236; x_wconf 92' lang='lat' dir='ltr'><strong>lege</strong></span> <span class='ocrx_word' id='word_1_584' title='bbox 2873 3171 3023 3219; x_wconf 91' lang='lat' dir='ltr'><strong>sunt.</strong></span> 
     </span>
    </p>
   </div>
   <div class='ocr_carea' id='block_1_76' title="bbox 1894 3253 3408 3325">
    <p class='ocr_par' dir='ltr' id='par_1_76' title="bbox 1894 3253 3408 3325">
     <span class='ocr_line' id='line_1_76' title="bbox 1894 3253 3408 3325; baseline -0.001 -15"><span class='ocrx_word' id='word_1_585' title='bbox 1894 3255 1987 3319; x_wconf 85' lang='lat' dir='ltr'><strong>ill,</strong></span> <span class='ocrx_word' id='word_1_586' title='bbox 2037 3256 2131 3321; x_wconf 73' lang='grc' dir='ltr'><strong>ευ,</strong></span> <span class='ocrx_word' id='word_1_587' title='bbox 2185 3256 2276 3310; x_wconf 71' lang='lat'><strong>2|.</strong></span> <span class='ocrx_word' id='word_1_588' title='bbox 2344 3255 2491 3310; x_wconf 85' lang='lat' dir='ltr'><strong>Nam</strong></span> <span class='ocrx_word' id='word_1_589' title='bbox 2536 3269 2627 3324; x_wconf 85' lang='lat' dir='ltr'><strong>per</strong></span> <span class='ocrx_word' id='word_1_590' title='bbox 2689 3255 2851 3325; x_wconf 82' lang='lat' dir='ltr'><strong>legem</strong></span> <span class='ocrx_word' id='word_1_591' title='bbox 2905 3255 3116 3324; x_wconf 83' lang='lat' dir='ltr'><strong>cognito</strong></span> <span class='ocrx_word' id='word_1_592' title='bbox 3185 3253 3408 3322; x_wconf 81' lang='lat' dir='ltr'><strong>peccati.</strong></span> 
     </span>
    </p>
   </div>
   <div class='ocr_carea' id='block_1_77' title="bbox 1819 3345 3406 3418">
    <p class='ocr_par' dir='ltr' id='par_1_77' title="bbox 1819 3345 3406 3418">
     <span class='ocr_line' id='line_1_77' title="bbox 1819 3345 3406 3418; baseline -0.003 -16"><span class='ocrx_word' id='word_1_593' title='bbox 1819 3346 1980 3402; x_wconf 84' lang='lat' dir='ltr'><strong>Nunc</strong></span> <span class='ocrx_word' id='word_1_594' title='bbox 2009 3356 2184 3402; x_wconf 80' lang='lat' dir='ltr'><strong>autem</strong></span> <span class='ocrx_word' id='word_1_595' title='bbox 2238 3348 2350 3402; x_wconf 74' lang='lat' dir='ltr'><strong>sine</strong></span> <span class='ocrx_word' id='word_1_596' title='bbox 2396 3348 2505 3418; x_wconf 84' lang='lat' dir='ltr'><strong>lege</strong></span> <span class='ocrx_word' id='word_1_597' title='bbox 2551 3347 2771 3416; x_wconf 77' lang='lat' dir='ltr'><strong>justitia</strong></span> <span class='ocrx_word' id='word_1_598' title='bbox 2819 3346 2916 3400; x_wconf 86' lang='lat' dir='ltr'><strong>Dei</strong></span> <span class='ocrx_word' id='word_1_599' title='bbox 2966 3345 3253 3415; x_wconf 82' lang='lat' dir='ltr'><strong>manifesta</strong></span> <span class='ocrx_word' id='word_1_600' title='bbox 3303 3353 3406 3410; x_wconf 73' lang='lat' dir='ltr'><strong>est,</strong></span> 
     </span>
    </p>
   </div>
   <div class='ocr_carea' id='block_1_78' title="bbox 1823 3436 3414 3511">
    <p class='ocr_par' dir='ltr' id='par_1_78' title="bbox 1823 3436 3414 3511">
     <span class='ocr_line' id='line_1_78' title="bbox 1823 3436 3414 3511; baseline -0.003 -17"><span class='ocrx_word' id='word_1_601' title='bbox 1823 3441 1953 3494; x_wconf 86' lang='lat' dir='ltr'><strong>dum</strong></span> <span class='ocrx_word' id='word_1_602' title='bbox 2012 3443 2391 3511; x_wconf 83' lang='lat' dir='ltr'><strong>comprobatur</strong></span> <span class='ocrx_word' id='word_1_603' title='bbox 2455 3441 2756 3495; x_wconf 80' lang='lat' dir='ltr'><strong>testimonio</strong></span> <span class='ocrx_word' id='word_1_604' title='bbox 2821 3439 2948 3510; x_wconf 77' lang='lat' dir='ltr'><strong>legis</strong></span> <span class='ocrx_word' id='word_1_605' title='bbox 3013 3455 3074 3493; x_wconf 85' lang='lat' dir='ltr'><strong>ac</strong></span> <span class='ocrx_word' id='word_1_606' title='bbox 3127 3436 3414 3508; x_wconf 83' lang='lat' dir='ltr'><strong>propheta-</strong></span> 
     </span>
    </p>
   </div>
   <div class='ocr_carea' id='block_1_79' title="bbox 1820 3549 2772 3596">
    <p class='ocr_par' dir='ltr' id='par_1_79' title="bbox 1820 3549 2772 3596">
     <span class='ocr_line' id='line_1_79' title="bbox 1820 3549 2772 3596; baseline -0.001 -8"><span class='ocrx_word' id='word_1_607' title='bbox 1820 3549 1962 3588; x_wconf 86' lang='lat' dir='ltr'><strong>rum.</strong></span> <span class='ocrx_word' id='word_1_608' title='bbox 2202 3593 2206 3596; x_wconf 60' lang='grc'><strong>,</strong></span> <span class='ocrx_word' id='word_1_609' title='bbox 2759 3549 2772 3554; x_wconf 86' lang='grc'>·</span> 
     </span>
    </p>
   </div>
   <div class='ocr_carea' id='block_1_80' title="bbox 1889 3621 3415 3697">
    <p class='ocr_par' dir='ltr' id='par_1_80' title="bbox 1889 3621 3415 3697">
     <span class='ocr_line' id='line_1_80' title="bbox 1889 3621 3415 3697; baseline -0.004 -14"><span class='ocrx_word' id='word_1_610' title='bbox 1889 3625 2047 3697; x_wconf 65' lang='grc'><strong>24],</strong></span> <span class='ocrx_word' id='word_1_611' title='bbox 2082 3626 2150 3681; x_wconf 83' lang='grc' dir='ltr'><strong>Ει</strong></span> <span class='ocrx_word' id='word_1_612' title='bbox 2194 3625 2327 3696; x_wconf 90' lang='lat' dir='ltr'><strong>quid</strong></span> <span class='ocrx_word' id='word_1_613' title='bbox 2359 3625 2485 3681; x_wconf 82' lang='lat' dir='ltr'><strong>dico</strong></span> <span class='ocrx_word' id='word_1_614' title='bbox 2520 3625 2669 3696; x_wconf 90' lang='lat' dir='ltr'><strong>quod</strong></span> <span class='ocrx_word' id='word_1_615' title='bbox 2713 3641 2813 3681; x_wconf 90' lang='lat' dir='ltr'><strong>vos</strong></span> <span class='ocrx_word' id='word_1_616' title='bbox 2845 3625 3020 3682; x_wconf 65' lang='lat' dir='ltr'><strong>Judaei</strong></span> <span class='ocrx_word' id='word_1_617' title='bbox 3056 3624 3196 3680; x_wconf 89' lang='lat' dir='ltr'><strong>nihil</strong></span> <span class='ocrx_word' id='word_1_618' title='bbox 3240 3621 3415 3691; x_wconf 88' lang='lat' dir='ltr'><strong>adjuti</strong></span> 
     </span>
    </p>
   </div>
   <div class='ocr_carea' id='block_1_81' title="bbox 1817 3713 3414 3786">
    <p class='ocr_par' dir='ltr' id='par_1_81' title="bbox 1817 3713 3414 3786">
     <span class='ocr_line' id='line_1_81' title="bbox 1817 3713 3414 3786; baseline -0.004 -14"><span class='ocrx_word' id='word_1_619' title='bbox 1817 3715 1940 3772; x_wconf 88' lang='lat' dir='ltr'><strong>sitis</strong></span> <span class='ocrx_word' id='word_1_620' title='bbox 1962 3731 2028 3770; x_wconf 78' lang='lat' dir='ltr'><strong>ex</strong></span> <span class='ocrx_word' id='word_1_621' title='bbox 2052 3716 2172 3786; x_wconf 88' lang='lat' dir='ltr'><strong>lege</strong></span> <span class='ocrx_word' id='word_1_622' title='bbox 2201 3731 2311 3786; x_wconf 92' lang='lat' dir='ltr'><strong>quo</strong></span> <span class='ocrx_word' id='word_1_623' title='bbox 2346 3715 2530 3770; x_wconf 91' lang='lat' dir='ltr'><strong>minus</strong></span> <span class='ocrx_word' id='word_1_624' title='bbox 2560 3715 2758 3771; x_wconf 89' lang='lat' dir='ltr'><strong>essetis</strong></span> <span class='ocrx_word' id='word_1_625' title='bbox 2787 3716 2953 3770; x_wconf 92' lang='lat' dir='ltr'><strong>simul</strong></span> <span class='ocrx_word' id='word_1_626' title='bbox 2997 3731 3122 3770; x_wconf 92' lang='lat' dir='ltr'><strong>cum</strong></span> <span class='ocrx_word' id='word_1_627' title='bbox 3153 3713 3414 3769; x_wconf 88' lang='lat' dir='ltr'><strong>universo</strong></span> 
     </span>
    </p>
   </div>
   <div class='ocr_carea' id='block_1_82' title="bbox 1816 3806 3415 3878">
    <p class='ocr_par' dir='ltr' id='par_1_82' title="bbox 1816 3806 3415 3878">
     <span class='ocr_line' id='line_1_82' title="bbox 1816 3806 3415 3878; baseline -0.003 -14"><span class='ocrx_word' id='word_1_628' title='bbox 1816 3810 2027 3864; x_wconf 92' lang='lat' dir='ltr'><strong>mundo</strong></span> <span class='ocrx_word' id='word_1_629' title='bbox 2052 3809 2314 3863; x_wconf 82' lang='lat' dir='ltr'><strong>obnoxii?</strong></span> <span class='ocrx_word' id='word_1_630' title='bbox 2334 3808 2594 3875; x_wconf 86' lang='lat' dir='ltr'><strong>Quinimo</strong></span> <span class='ocrx_word' id='word_1_631' title='bbox 2621 3808 2664 3863; x_wconf 92' lang='lat' dir='ltr'><strong>si</strong></span> <span class='ocrx_word' id='word_1_632' title='bbox 2691 3809 2817 3878; x_wconf 89' lang='lat' dir='ltr'><strong>quis</strong></span> <span class='ocrx_word' id='word_1_633' title='bbox 2843 3806 3164 3878; x_wconf 90' lang='lat' dir='ltr'><strong>diligentius</strong></span> <span class='ocrx_word' id='word_1_634' title='bbox 3200 3815 3415 3861; x_wconf 86' lang='lat' dir='ltr'><strong>scrute-</strong></span> 
     </span>
    </p>
   </div>
   <div class='ocr_carea' id='block_1_83' title="bbox 1818 3901 3414 3970">
    <p class='ocr_par' dir='ltr' id='par_1_83' title="bbox 1818 3901 3414 3970">
     <span class='ocr_line' id='line_1_83' title="bbox 1818 3901 3414 3970; baseline -0.001 -15"><span class='ocrx_word' id='word_1_635' title='bbox 1818 3910 1930 3968; x_wconf 91' lang='lat' dir='ltr'><strong>tur,</strong></span> <span class='ocrx_word' id='word_1_636' title='bbox 1966 3902 2211 3956; x_wconf 88' lang='lat' dir='ltr'><strong>inveniet</strong></span> <span class='ocrx_word' id='word_1_637' title='bbox 2245 3901 2413 3957; x_wconf 91' lang='lat' dir='ltr'><strong>ctiam</strong></span> <span class='ocrx_word' id='word_1_638' title='bbox 2451 3901 2847 3956; x_wconf 82' lang='lat' dir='ltr'><strong>detrimentum</strong></span> <span class='ocrx_word' id='word_1_639' title='bbox 2877 3917 2977 3956; x_wconf 78' lang='lat' dir='ltr'><strong>vos</strong></span> <span class='ocrx_word' id='word_1_640' title='bbox 2998 3916 3064 3954; x_wconf 78' lang='lat' dir='ltr'><strong>ex</strong></span> <span class='ocrx_word' id='word_1_641' title='bbox 3097 3901 3217 3970; x_wconf 88' lang='lat' dir='ltr'><strong>lege</strong></span> <span class='ocrx_word' id='word_1_642' title='bbox 3257 3915 3414 3954; x_wconf 82' lang='lat' dir='ltr'><strong>acce-</strong></span> 
     </span>
    </p>
   </div>
   <div class='ocr_carea' id='block_1_84' title="bbox 1816 3993 3411 4064">
    <p class='ocr_par' dir='ltr' id='par_1_84' title="bbox 1816 3993 3411 4064">
     <span class='ocr_line' id='line_1_84' title="bbox 1816 3993 3411 4064; baseline -0.001 -17"><span class='ocrx_word' id='word_1_643' title='bbox 1816 3995 1964 4064; x_wconf 91' lang='lat' dir='ltr'><strong>pisse</strong></span> <span class='ocrx_word' id='word_1_644' title='bbox 1994 4011 2008 4047; x_wconf 90' lang='lat'><strong>:</strong></span> <span class='ocrx_word' id='word_1_645' title='bbox 2056 4011 2167 4048; x_wconf 88' lang='lat' dir='ltr'><strong>non</strong></span> <span class='ocrx_word' id='word_1_646' title='bbox 2218 4004 2444 4063; x_wconf 90' lang='lat' dir='ltr'><strong>propter</strong></span> <span class='ocrx_word' id='word_1_647' title='bbox 2470 3994 2590 4062; x_wconf 88' lang='lat' dir='ltr'><strong>ejus</strong></span> <span class='ocrx_word' id='word_1_648' title='bbox 2618 4001 2894 4058; x_wconf 88' lang='lat' dir='ltr'><strong>naturam,</strong></span> <span class='ocrx_word' id='word_1_649' title='bbox 2941 3995 3034 4046; x_wconf 86' lang='lat' dir='ltr'><strong>sed</strong></span> <span class='ocrx_word' id='word_1_650' title='bbox 3069 3993 3138 4045; x_wconf 90' lang='lat' dir='ltr'><strong>ob</strong></span> <span class='ocrx_word' id='word_1_651' title='bbox 3171 4000 3411 4046; x_wconf 80' lang='lat' dir='ltr'><strong>vestram</strong></span> 
     </span>
    </p>
   </div>
   <div class='ocr_carea' id='block_1_85' title="bbox 1817 4083 3412 4154">
    <p class='ocr_par' dir='ltr' id='par_1_85' title="bbox 1817 4083 3412 4154">
     <span class='ocr_line' id='line_1_85' title="bbox 1817 4083 3412 4154; baseline -0.001 -14"><span class='ocrx_word' id='word_1_652' title='bbox 1817 4085 2105 4141; x_wconf 81' lang='lat' dir='ltr'><strong>malitiam.</strong></span> <span class='ocrx_word' id='word_1_653' title='bbox 2137 4084 2385 4150; x_wconf 87' lang='lat' dir='ltr'><strong>Quonam</strong></span> <span class='ocrx_word' id='word_1_654' title='bbox 2413 4084 2616 4154; x_wconf 90' lang='lat' dir='ltr'><strong>pacto?</strong></span> <span class='ocrx_word' id='word_1_655' title='bbox 2647 4084 2780 4138; x_wconf 86' lang='lat' dir='ltr'><strong>Nam</strong></span> <span class='ocrx_word' id='word_1_656' title='bbox 2808 4083 3018 4153; x_wconf 85' lang='lat' dir='ltr'><strong>peccati</strong></span> <span class='ocrx_word' id='word_1_657' title='bbox 3039 4083 3412 4153; x_wconf 87' lang='lat' dir='ltr'><strong>cognitionem</strong></span> 
     </span>
    </p>
   </div>
   <div class='ocr_carea' id='block_1_86' title="bbox 1816 4176 3413 4250">
    <p class='ocr_par' dir='ltr' id='par_1_86' title="bbox 1816 4176 3413 4250">
     <span class='ocr_line' id='line_1_86' title="bbox 1816 4176 3413 4250; baseline -0.003 -16"><span class='ocrx_word' id='word_1_658' title='bbox 1816 4195 1916 4250; x_wconf 91' lang='lat' dir='ltr'><strong>per</strong></span> <span class='ocrx_word' id='word_1_659' title='bbox 1935 4180 2112 4249; x_wconf 85' lang='lat' dir='ltr'><strong>legem</strong></span> <span class='ocrx_word' id='word_1_660' title='bbox 2146 4177 2364 4232; x_wconf 86' lang='lat' dir='ltr'><strong>habetis</strong></span> <span class='ocrx_word' id='word_1_661' title='bbox 2391 4194 2404 4230; x_wconf 88' lang='lat'><strong>:</strong></span> <span class='ocrx_word' id='word_1_662' title='bbox 2434 4192 2664 4246; x_wconf 89' lang='lat' dir='ltr'><strong>peccare</strong></span> <span class='ocrx_word' id='word_1_663' title='bbox 2709 4185 2895 4231; x_wconf 89' lang='lat' dir='ltr'><strong>autem</strong></span> <span class='ocrx_word' id='word_1_664' title='bbox 2929 4192 2998 4231; x_wconf 77' lang='lat' dir='ltr'><strong>ex</strong></span> <span class='ocrx_word' id='word_1_665' title='bbox 3022 4176 3252 4230; x_wconf 88' lang='lat' dir='ltr'><strong>scientia</strong></span> <span class='ocrx_word' id='word_1_666' title='bbox 3285 4193 3413 4246; x_wconf 89' lang='lat' dir='ltr'><strong>gra-</strong></span> 
     </span>
    </p>
   </div>
   <div class='ocr_carea' id='block_1_87' title="bbox 1818 4267 3408 4340">
    <p class='ocr_par' dir='ltr' id='par_1_87' title="bbox 1818 4267 3408 4340">
     <span class='ocr_line' id='line_1_87' title="bbox 1818 4267 3408 4340; baseline -0.001 -16"><span class='ocrx_word' id='word_1_667' title='bbox 1818 4271 1942 4325; x_wconf 91' lang='lat' dir='ltr'><strong>vius</strong></span> <span class='ocrx_word' id='word_1_668' title='bbox 1965 4280 2239 4340; x_wconf 80' lang='lat' dir='ltr'><strong>estquam</strong></span> <span class='ocrx_word' id='word_1_669' title='bbox 2271 4269 2683 4340; x_wconf 85' lang='lat' dir='ltr'><strong>ignorantia.—</strong></span> <span class='ocrx_word' id='word_1_670' title='bbox 2707 4269 2898 4324; x_wconf 82' lang='lat' dir='ltr'><strong>Aliter.</strong></span> <span class='ocrx_word' id='word_1_671' title='bbox 2931 4268 3012 4321; x_wconf 85' lang='lat' dir='ltr'><strong>Ad</strong></span> <span class='ocrx_word' id='word_1_672' title='bbox 3048 4268 3174 4334; x_wconf 89' lang='lat' dir='ltr'><strong>hoc,</strong></span> <span class='ocrx_word' id='word_1_673' title='bbox 3210 4267 3408 4337; x_wconf 88' lang='lat' dir='ltr'><strong>inquit,</strong></span> 
     </span>
    </p>
   </div>
   <div class='ocr_carea' id='block_1_88' title="bbox 1817 4361 3411 4434">
    <p class='ocr_par' dir='ltr' id='par_1_88' title="bbox 1817 4361 3411 4434">
     <span class='ocr_line' id='line_1_88' title="bbox 1817 4361 3411 4434; baseline -0.002 -16"><span class='ocrx_word' id='word_1_674' title='bbox 1817 4365 1903 4418; x_wconf 84' lang='lat' dir='ltr'><strong>lex</strong></span> <span class='ocrx_word' id='word_1_675' title='bbox 1934 4363 2140 4434; x_wconf 91' lang='lat' dir='ltr'><strong>profuit</strong></span> <span class='ocrx_word' id='word_1_676' title='bbox 2165 4362 2311 4433; x_wconf 92' lang='lat' dir='ltr'><strong>quod</strong></span> <span class='ocrx_word' id='word_1_677' title='bbox 2343 4371 2629 4433; x_wconf 89' lang='lat' dir='ltr'><strong>peccatum</strong></span> <span class='ocrx_word' id='word_1_678' title='bbox 2659 4361 2820 4417; x_wconf 91' lang='lat' dir='ltr'><strong>nobis</strong></span> <span class='ocrx_word' id='word_1_679' title='bbox 2855 4370 3048 4416; x_wconf 93' lang='lat' dir='ltr'><strong>notum</strong></span> <span class='ocrx_word' id='word_1_680' title='bbox 3093 4361 3224 4414; x_wconf 88' lang='lat' dir='ltr'><strong>fecit</strong></span> <span class='ocrx_word' id='word_1_681' title='bbox 3255 4378 3268 4414; x_wconf 91' lang='lat'><strong>:</strong></span> <span class='ocrx_word' id='word_1_682' title='bbox 3300 4377 3411 4416; x_wconf 91' lang='lat' dir='ltr'><strong>non</strong></span> 
     </span>
    </p>
   </div>
   <div class='ocr_carea' id='block_1_89' title="bbox 164 4449 1715 4542">
    <p class='ocr_par' dir='ltr' id='par_1_89' title="bbox 164 4465 1709 4542">
     <span class='ocr_line' id='line_1_89' title="bbox 164 4465 1709 4542; baseline -0.002 -21"><span class='ocrx_word' id='word_1_683' title='bbox 164 4469 510 4541; x_wconf 75' lang='grc' dir='ltr'><strong>ἀπαγορεῦσαι</strong></span> <span class='ocrx_word' id='word_1_684' title='bbox 551 4469 714 4542; x_wconf 90' lang='grc' dir='ltr'><strong>μόνον</strong></span> <span class='ocrx_word' id='word_1_685' title='bbox 745 4469 844 4539; x_wconf 82' lang='grc' dir='ltr'><strong>τὴν</strong></span> <span class='ocrx_word' id='word_1_686' title='bbox 875 4465 1074 4539; x_wconf 76' lang='grc' dir='ltr'><strong>πρᾶξιν</strong></span> <span class='ocrx_word' id='word_1_687' title='bbox 1108 4466 1217 4520; x_wconf 85' lang='grc' dir='ltr'><strong>τῶν</strong></span> <span class='ocrx_word' id='word_1_688' title='bbox 1272 4465 1512 4528; x_wconf 82' lang='grc' dir='ltr'><strong>ἀτόπων,</strong></span> <span class='ocrx_word' id='word_1_689' title='bbox 1571 4465 1709 4518; x_wconf 76' lang='grc' dir='ltr'><strong>ἀλλὰ</strong></span> 
     </span>
    </p>
   </div>
   <div class='ocr_carea' id='block_1_90' title="bbox 1821 4449 3410 4542">
    <p class='ocr_par' dir='ltr' id='par_1_90' title="bbox 1821 4449 3410 4524">
     <span class='ocr_line' id='line_1_90' title="bbox 1821 4449 3410 4524; baseline -0.004 -14"><span class='ocrx_word' id='word_1_690' title='bbox 1821 4471 1881 4510; x_wconf 82' lang='lat' dir='ltr'><strong>ex</strong></span> <span class='ocrx_word' id='word_1_691' title='bbox 1925 4471 1994 4510; x_wconf 89' lang='lat' dir='ltr'><strong>eo</strong></span> <span class='ocrx_word' id='word_1_692' title='bbox 2041 4463 2252 4510; x_wconf 88' lang='lat' dir='ltr'><strong>tantum</strong></span> <span class='ocrx_word' id='word_1_693' title='bbox 2287 4453 2435 4524; x_wconf 90' lang='lat' dir='ltr'><strong>quod</strong></span> <span class='ocrx_word' id='word_1_694' title='bbox 2484 4454 2738 4508; x_wconf 89' lang='lat' dir='ltr'><strong>illicitum</strong></span> <span class='ocrx_word' id='word_1_695' title='bbox 2775 4468 2915 4522; x_wconf 91' lang='lat' dir='ltr'><strong>opus</strong></span> <span class='ocrx_word' id='word_1_696' title='bbox 2953 4452 3270 4522; x_wconf 88' lang='lat' dir='ltr'><strong>prohibeat,</strong></span> <span class='ocrx_word' id='word_1_697' title='bbox 3311 4449 3410 4506; x_wconf 88' lang='lat' dir='ltr'><strong>sed</strong></span> 
     </span>
    </p>
   </div>
   <div class='ocr_carea' id='block_1_91' title="bbox 166 4555 1710 4633">
    <p class='ocr_par' dir='ltr' id='par_1_91' title="bbox 166 4555 1710 4633">
     <span class='ocr_line' id='line_1_91' title="bbox 166 4555 1710 4633; baseline -0.001 -21"><span class='ocrx_word' id='word_1_698' title='bbox 166 4559 238 4613; x_wconf 76' lang='lat' dir='ltr'><strong>ni</strong></span> <span class='ocrx_word' id='word_1_699' title='bbox 268 4563 334 4632; x_wconf 82' lang='grc' dir='ltr'><strong>τῷ</strong></span> <span class='ocrx_word' id='word_1_700' title='bbox 364 4561 789 4633; x_wconf 86' lang='grc' dir='ltr'><strong>παρακούοντας</strong></span> <span class='ocrx_word' id='word_1_701' title='bbox 816 4557 1004 4625; x_wconf 81' lang='grc' dir='ltr'><strong>αὑτοῦ,</strong></span> <span class='ocrx_word' id='word_1_702' title='bbox 1037 4556 1420 4628; x_wconf 86' lang='grc' dir='ltr'><strong>τιμωρεῖσθαι.</strong></span> <span class='ocrx_word' id='word_1_703' title='bbox 1451 4555 1544 4628; x_wconf 77' lang='grc' dir='ltr'><strong>Μὴ</strong></span> <span class='ocrx_word' id='word_1_704' title='bbox 1587 4559 1710 4610; x_wconf 83' lang='grc' dir='ltr'><strong>ἐπι-</strong></span> 
     </span>
    </p>
   </div>
   <div class='ocr_carea' id='block_1_92' title="bbox 166 4646 1710 4724">
    <p class='ocr_par' dir='ltr' id='par_1_92' title="bbox 166 4646 1710 4724">
     <span class='ocr_line' id='line_1_92' title="bbox 166 4646 1710 4724; baseline -0.003 -21"><span class='ocrx_word' id='word_1_705' title='bbox 166 4655 431 4724; x_wconf 73' lang='grc' dir='ltr'><strong>φερομένης</strong></span> <span class='ocrx_word' id='word_1_706' title='bbox 457 4653 567 4723; x_wconf 82' lang='grc' dir='ltr'><strong>γὰρ</strong></span> <span class='ocrx_word' id='word_1_707' title='bbox 596 4650 875 4713; x_wconf 83' lang='grc' dir='ltr'><strong>κολάσεως</strong></span> <span class='ocrx_word' id='word_1_708' title='bbox 907 4650 1022 4712; x_wconf 87' lang='grc' dir='ltr'><strong>τοῖς</strong></span> <span class='ocrx_word' id='word_1_709' title='bbox 1053 4646 1489 4719; x_wconf 85' lang='grc' dir='ltr'><strong>ἁμαρτάνουσιν,</strong></span> <span class='ocrx_word' id='word_1_710' title='bbox 1519 4647 1620 4700; x_wconf 85' lang='grc' dir='ltr'><strong>οὐκ</strong></span> <span class='ocrx_word' id='word_1_711' title='bbox 1643 4647 1710 4702; x_wconf 81' lang='grc' dir='ltr'><strong>ἂν</strong></span> 
     </span>
    </p>
   </div>
   <div class='ocr_carea' id='block_1_93' title="bbox 167 4738 1709 4816">
    <p class='ocr_par' dir='ltr' id='par_1_93' title="bbox 167 4738 1709 4816">
     <span class='ocr_line' id='line_1_93' title="bbox 167 4738 1709 4816; baseline -0.003 -20"><span class='ocrx_word' id='word_1_712' title='bbox 167 4741 503 4816; x_wconf 72' lang='grc' dir='ltr'><strong>ἐγνωρίσαμεν</strong></span> <span class='ocrx_word' id='word_1_713' title='bbox 520 4743 710 4812; x_wconf 79' lang='grc' dir='ltr'><strong>αὐτήν.</strong></span> <span class='ocrx_word' id='word_1_714' title='bbox 740 4741 841 4794; x_wconf 76' lang='grc' dir='ltr'><strong>Διὰ</strong></span> <span class='ocrx_word' id='word_1_715' title='bbox 868 4741 1074 4793; x_wconf 86' lang='grc' dir='ltr'><strong>τούτων</strong></span> <span class='ocrx_word' id='word_1_716' title='bbox 1098 4738 1278 4792; x_wconf 82' lang='grc' dir='ltr'><strong>τοίνυν</strong></span> <span class='ocrx_word' id='word_1_717' title='bbox 1304 4739 1521 4792; x_wconf 88' lang='grc' dir='ltr'><strong>πάντων</strong></span> <span class='ocrx_word' id='word_1_718' title='bbox 1544 4739 1709 4810; x_wconf 84' lang='grc' dir='ltr'><strong>ἀκρι-</strong></span> 
     </span>
    </p>
   </div>
   <div class='ocr_carea' id='block_1_94' title="bbox 167 4829 1708 4908">
    <p class='ocr_par' dir='ltr' id='par_1_94' title="bbox 167 4829 1708 4908">
     <span class='ocr_line' id='line_1_94' title="bbox 167 4829 1708 4908; baseline 0.001 -25"><span class='ocrx_word' id='word_1_719' title='bbox 167 4831 251 4896; x_wconf 79' lang='grc' dir='ltr'><strong>6ῶς</strong></span> <span class='ocrx_word' id='word_1_720' title='bbox 281 4837 539 4908; x_wconf 84' lang='grc' dir='ltr'><strong>συστήσας</strong></span> <span class='ocrx_word' id='word_1_721' title='bbox 589 4834 678 4902; x_wconf 78' lang='grc' dir='ltr'><strong>ὑφ’</strong></span> <span class='ocrx_word' id='word_1_722' title='bbox 704 4831 981 4904; x_wconf 86' lang='grc' dir='ltr'><strong>ἁμαρτίαν</strong></span> <span class='ocrx_word' id='word_1_723' title='bbox 1041 4831 1248 4893; x_wconf 87' lang='grc' dir='ltr'><strong>πάντας</strong></span> <span class='ocrx_word' id='word_1_724' title='bbox 1279 4830 1460 4896; x_wconf 76' lang='grc' dir='ltr'><strong>ὄντας,</strong></span> <span class='ocrx_word' id='word_1_725' title='bbox 1511 4829 1708 4901; x_wconf 88' lang='grc' dir='ltr'><strong>ἐπάγει</strong></span> 
     </span>
    </p>
   </div>
   <div class='ocr_carea' id='block_1_95' title="bbox 166 4923 1710 4994">
    <p class='ocr_par' dir='ltr' id='par_1_95' title="bbox 166 4923 1710 4994">
     <span class='ocr_line' id='line_1_95' title="bbox 166 4923 1710 4994; baseline 0 -18"><span class='ocrx_word' id='word_1_726' title='bbox 166 4924 316 4980; x_wconf 76' lang='grc' dir='ltr'><strong>λοιπὸν</strong></span> <span class='ocrx_word' id='word_1_727' title='bbox 339 4929 551 4992; x_wconf 78' lang='grc' dir='ltr'><strong>δεικνὺς</strong></span> <span class='ocrx_word' id='word_1_728' title='bbox 579 4925 672 4981; x_wconf 90' lang='grc' dir='ltr'><strong>τοῦ</strong></span> <span class='ocrx_word' id='word_1_729' title='bbox 707 4927 907 4980; x_wconf 75' lang='grc' dir='ltr'><strong>οἰκείου</strong></span> <span class='ocrx_word' id='word_1_730' title='bbox 937 4925 1098 4993; x_wconf 88' lang='grc' dir='ltr'><strong>λόγου</strong></span> <span class='ocrx_word' id='word_1_731' title='bbox 1125 4925 1187 4976; x_wconf 86' lang='grc' dir='ltr'><strong>τὸ</strong></span> <span class='ocrx_word' id='word_1_732' title='bbox 1225 4923 1500 4994; x_wconf 85' lang='grc' dir='ltr'><strong>περιττόν.</strong></span> <span class='ocrx_word' id='word_1_733' title='bbox 1535 4942 1552 4975; x_wconf 75' lang='grc' dir='ltr'><strong>ι</strong></span> <span class='ocrx_word' id='word_1_734' title='bbox 1573 4924 1710 4976; x_wconf 75' lang='grc' dir='ltr'><strong>Νυνὶ</strong></span> 
     </span>
    </p>
   </div>
   <div class='ocr_carea' id='block_1_96' title="bbox 165 5016 1707 5090">
    <p class='ocr_par' dir='ltr' id='par_1_96' title="bbox 165 5016 1707 5090">
     <span class='ocr_line' id='line_1_96' title="bbox 165 5016 1707 5090; baseline -0.002 -18"><span class='ocrx_word' id='word_1_735' title='bbox 165 5017 226 5072; x_wconf 79' lang='grc' dir='ltr'><strong>δέ.</strong></span> <span class='ocrx_word' id='word_1_736' title='bbox 260 5039 276 5072; x_wconf 79' lang='grc' dir='ltr'><strong>ι</strong></span> <span class='ocrx_word' id='word_1_737' title='bbox 319 5022 618 5088; x_wconf 82' lang='grc' dir='ltr'><strong>Ἐπιδείξας</strong></span> <span class='ocrx_word' id='word_1_738' title='bbox 641 5021 841 5083; x_wconf 74' lang='grc' dir='ltr'><strong>αὐτοὺς</strong></span> <span class='ocrx_word' id='word_1_739' title='bbox 867 5018 1035 5090; x_wconf 84' lang='grc' dir='ltr'><strong>μηδὲν</strong></span> <span class='ocrx_word' id='word_1_740' title='bbox 1067 5017 1458 5088; x_wconf 77' lang='grc' dir='ltr'><strong>ὠφελημένους</strong></span> <span class='ocrx_word' id='word_1_741' title='bbox 1492 5017 1556 5070; x_wconf 87' lang='grc' dir='ltr'><strong>ἐκ</strong></span> <span class='ocrx_word' id='word_1_742' title='bbox 1612 5016 1707 5070; x_wconf 88' lang='grc' dir='ltr'><strong>τοῦ</strong></span> 
     </span>
    </p>
   </div>
   <div class='ocr_carea' id='block_1_97' title="bbox 167 5107 1707 5182">
    <p class='ocr_par' dir='ltr' id='par_1_97' title="bbox 167 5107 1707 5182">
     <span class='ocr_line' id='line_1_97' title="bbox 167 5107 1707 5182; baseline -0.001 -20"><span class='ocrx_word' id='word_1_743' title='bbox 167 5111 319 5180; x_wconf 81' lang='grc' dir='ltr'><strong>νόμου,</strong></span> <span class='ocrx_word' id='word_1_744' title='bbox 353 5116 442 5169; x_wconf 72' lang='grc' dir='ltr'><strong>καὶ</strong></span> <span class='ocrx_word' id='word_1_745' title='bbox 482 5117 562 5177; x_wconf 84' lang='grc' dir='ltr'><strong>εἰς</strong></span> <span class='ocrx_word' id='word_1_746' title='bbox 619 5111 917 5182; x_wconf 78' lang='grc' dir='ltr'><strong>ἐπιθυμίαν</strong></span> <span class='ocrx_word' id='word_1_747' title='bbox 953 5109 1179 5178; x_wconf 83' lang='grc' dir='ltr'><strong>ἀγαγὼν</strong></span> <span class='ocrx_word' id='word_1_748' title='bbox 1239 5108 1464 5180; x_wconf 88' lang='grc' dir='ltr'><strong>μεθόδου</strong></span> <span class='ocrx_word' id='word_1_749' title='bbox 1534 5107 1707 5162; x_wconf 80' lang='grc' dir='ltr'><strong>σῶσαι</strong></span> 
     </span>
    </p>
   </div>
   <div class='ocr_carea' id='block_1_98' title="bbox 166 5200 1707 5281">
    <p class='ocr_par' dir='ltr' id='par_1_98' title="bbox 166 5200 1707 5281">
     <span class='ocr_line' id='line_1_98' title="bbox 166 5200 1707 5281; baseline -0.002 -25"><span class='ocrx_word' id='word_1_750' title='bbox 166 5204 449 5281; x_wconf 78' lang='grc' dir='ltr'><strong>δυναμένης,</strong></span> <span class='ocrx_word' id='word_1_751' title='bbox 478 5207 750 5279; x_wconf 77' lang='grc' dir='ltr'><strong>εὐκαίρως</strong></span> <span class='ocrx_word' id='word_1_752' title='bbox 790 5207 870 5268; x_wconf 84' lang='grc' dir='ltr'><strong>είς</strong></span> <span class='ocrx_word' id='word_1_753' title='bbox 901 5203 996 5275; x_wconf 79' lang='grc' dir='ltr'><strong>τὴν</strong></span> <span class='ocrx_word' id='word_1_754' title='bbox 1034 5203 1220 5256; x_wconf 86' lang='grc' dir='ltr'><strong>πίστιν</strong></span> <span class='ocrx_word' id='word_1_755' title='bbox 1263 5200 1540 5255; x_wconf 77' lang='grc' dir='ltr'><strong>εἰσϐάλλει</strong></span> <span class='ocrx_word' id='word_1_756' title='bbox 1573 5202 1707 5272; x_wconf 84' lang='grc' dir='ltr'><strong>Χρι-</strong></span> 
     </span>
    </p>
   </div>
   <div class='ocr_carea' id='block_1_99' title="bbox 168 5295 1701 5371">
    <p class='ocr_par' dir='ltr' id='par_1_99' title="bbox 168 5295 1701 5371">
     <span class='ocr_line' id='line_1_99' title="bbox 168 5295 1701 5371; baseline 0 -23"><span class='ocrx_word' id='word_1_757' title='bbox 168 5299 285 5354; x_wconf 85' lang='grc' dir='ltr'><strong>στοῦ.</strong></span> <span class='ocrx_word' id='word_1_758' title='bbox 323 5321 339 5353; x_wconf 78' lang='grc' dir='ltr'><strong>ι</strong></span> <span class='ocrx_word' id='word_1_759' title='bbox 378 5303 704 5371; x_wconf 80' lang='grc' dir='ltr'><strong>Δικαιοσύνη</strong></span> <span class='ocrx_word' id='word_1_760' title='bbox 757 5297 915 5357; x_wconf 88' lang='grc' dir='ltr'><strong>Θεοῦ.</strong></span> <span class='ocrx_word' id='word_1_761' title='bbox 952 5316 971 5350; x_wconf 80' lang='grc' dir='ltr'><strong>ι</strong></span> <span class='ocrx_word' id='word_1_762' title='bbox 1018 5297 1082 5351; x_wconf 76' lang='lat' dir='ltr'><strong>Ei</strong></span> <span class='ocrx_word' id='word_1_763' title='bbox 1118 5295 1256 5366; x_wconf 86' lang='grc' dir='ltr'><strong>μετά</strong></span> <span class='ocrx_word' id='word_1_764' title='bbox 1291 5296 1478 5366; x_wconf 87' lang='grc' dir='ltr'><strong>νόμου,</strong></span> <span class='ocrx_word' id='word_1_765' title='bbox 1515 5295 1701 5367; x_wconf 76' lang='grc' dir='ltr'><strong>φησὶν,</strong></span> 
     </span>
    </p>
   </div>
   <div class='ocr_carea' id='block_1_100' title="bbox 167 5385 1702 5460">
    <p class='ocr_par' dir='ltr' id='par_1_100' title="bbox 167 5385 1702 5460">
     <span class='ocr_line' id='line_1_100' title="bbox 167 5385 1702 5460; baseline -0.003 -19"><span class='ocrx_word' id='word_1_766' title='bbox 167 5388 466 5460; x_wconf 73' lang='grc' dir='ltr'><strong>ἡμάρτομεν,</strong></span> <span class='ocrx_word' id='word_1_767' title='bbox 492 5392 609 5454; x_wconf 83' lang='grc' dir='ltr'><strong>πῶς</strong></span> <span class='ocrx_word' id='word_1_768' title='bbox 642 5392 708 5445; x_wconf 82' lang='grc' dir='ltr'><strong>ἂν</strong></span> <span class='ocrx_word' id='word_1_769' title='bbox 741 5388 1070 5458; x_wconf 84' lang='grc' dir='ltr'><strong>σωθείημεν,</strong></span> <span class='ocrx_word' id='word_1_770' title='bbox 1101 5387 1244 5439; x_wconf 80' lang='grc' dir='ltr'><strong>εἴποι</strong></span> <span class='ocrx_word' id='word_1_771' title='bbox 1269 5403 1375 5451; x_wconf 88' lang='grc' dir='ltr'><strong>τις,</strong></span> <span class='ocrx_word' id='word_1_772' title='bbox 1397 5385 1565 5456; x_wconf 70' lang='grc' dir='ltr'><strong>χωρὶς</strong></span> <span class='ocrx_word' id='word_1_773' title='bbox 1613 5385 1702 5436; x_wconf 83' lang='grc' dir='ltr'><strong>νό-</strong></span> 
     </span>
    </p>
   </div>
   <div class='ocr_carea' id='block_1_101' title="bbox 168 5475 1703 5554">
    <p class='ocr_par' dir='ltr' id='par_1_101' title="bbox 168 5475 1703 5554">
     <span class='ocr_line' id='line_1_101' title="bbox 168 5475 1703 5554; baseline 0.01 -27"><span class='ocrx_word' id='word_1_774' title='bbox 168 5493 278 5543; x_wconf 75' lang='grc' dir='ltr'><strong>μους</strong></span> <span class='ocrx_word' id='word_1_775' title='bbox 303 5482 392 5536; x_wconf 76' lang='grc' dir='ltr'><strong>Διὰ</strong></span> <span class='ocrx_word' id='word_1_776' title='bbox 416 5483 515 5554; x_wconf 79' lang='grc' dir='ltr'><strong>τῆς</strong></span> <span class='ocrx_word' id='word_1_777' title='bbox 547 5484 612 5536; x_wconf 80' lang='grc' dir='ltr'><strong>ἐκ</strong></span> <span class='ocrx_word' id='word_1_778' title='bbox 642 5481 777 5534; x_wconf 87' lang='grc' dir='ltr'><strong>Θεοῦ</strong></span> <span class='ocrx_word' id='word_1_779' title='bbox 804 5477 1176 5548; x_wconf 85' lang='grc' dir='ltr'><strong>δικαιοσύνης,</strong></span> <span class='ocrx_word' id='word_1_780' title='bbox 1208 5478 1364 5548; x_wconf 82' lang='grc' dir='ltr'><strong>φησὶ,</strong></span> <span class='ocrx_word' id='word_1_781' title='bbox 1413 5477 1513 5546; x_wconf 85' lang='grc' dir='ltr'><strong>τῆς</strong></span> <span class='ocrx_word' id='word_1_782' title='bbox 1548 5475 1703 5548; x_wconf 72' lang='grc' dir='ltr'><strong>παρὰ</strong></span> 
     </span>
    </p>
   </div>
   <div class='ocr_carea' id='block_1_102' title="bbox 166 5564 1696 5646">
    <p class='ocr_par' dir='ltr' id='par_1_102' title="bbox 166 5564 1696 5646">
     <span class='ocr_line' id='line_1_102' title="bbox 166 5564 1696 5646; baseline 0 -30"><span class='ocrx_word' id='word_1_783' title='bbox 166 5564 275 5621; x_wconf 85' lang='grc' dir='ltr'><strong>Θεοῦ</strong></span> <span class='ocrx_word' id='word_1_784' title='bbox 299 5571 771 5646; x_wconf 53' lang='grc' dir='ltr'><strong>διδομένηςθοτωυ</strong></span> <span class='ocrx_word' id='word_1_785' title='bbox 794 5571 849 5624; x_wconf 85' lang='grc' dir='ltr'><strong>δέ</strong></span> <span class='ocrx_word' id='word_1_786' title='bbox 865 5571 996 5632; x_wconf 77' lang='grc' dir='ltr'><strong>Θεὸς</strong></span> <span class='ocrx_word' id='word_1_787' title='bbox 1026 5567 1232 5634; x_wconf 83' lang='grc' dir='ltr'><strong>δίδωσι,</strong></span> <span class='ocrx_word' id='word_1_788' title='bbox 1264 5568 1340 5636; x_wconf 83' lang='grc' dir='ltr'><strong>μὴ</strong></span> <span class='ocrx_word' id='word_1_789' title='bbox 1363 5565 1696 5636; x_wconf 81' lang='grc' dir='ltr'><strong>ἀμφίσαλλε,</strong></span> 
     </span>
    </p>
   </div>
   <div class='ocr_carea' id='block_1_103' title="bbox 169 5656 1692 5734">
    <p class='ocr_par' dir='ltr' id='par_1_103' title="bbox 169 5656 1692 5734">
     <span class='ocr_line' id='line_1_103' title="bbox 169 5656 1692 5734; baseline 0.001 -27"><span class='ocrx_word' id='word_1_790' title='bbox 169 5656 406 5728; x_wconf 74' lang='grc' dir='ltr'><strong>ἄνθρωπε.</strong></span> <span class='ocrx_word' id='word_1_791' title='bbox 447 5669 516 5720; x_wconf 84' lang='grc' dir='ltr'><em>Ἦ</em></span> <span class='ocrx_word' id='word_1_792' title='bbox 536 5663 848 5734; x_wconf 83' lang='grc' dir='ltr'><strong>δικαιοσύνη</strong></span> <span class='ocrx_word' id='word_1_793' title='bbox 876 5660 1034 5730; x_wconf 85' lang='grc' dir='ltr'><strong>Θεοῦ,</strong></span> <span class='ocrx_word' id='word_1_794' title='bbox 1059 5663 1092 5732; x_wconf 81' lang='grc' dir='ltr'>ἡ</span> <span class='ocrx_word' id='word_1_795' title='bbox 1125 5659 1229 5715; x_wconf 67' lang='grc' dir='ltr'><strong>άπδ</strong></span> <span class='ocrx_word' id='word_1_796' title='bbox 1255 5658 1388 5713; x_wconf 86' lang='grc' dir='ltr'><strong>Θεοῦ</strong></span> <span class='ocrx_word' id='word_1_797' title='bbox 1413 5657 1692 5721; x_wconf 76' lang='grc' dir='ltr'><strong>δικαίωσις</strong></span> 
     </span>
    </p>
   </div>
   <div class='ocr_carea' id='block_1_104' title="bbox 227 5837 801 5917">
    <p class='ocr_par' dir='ltr' id='par_1_104' title="bbox 227 5837 801 5917">
     <span class='ocr_line' id='line_1_104' title="bbox 227 5837 801 5917; baseline 0.023 -24"><span class='ocrx_word' id='word_1_798' title='bbox 227 5838 260 5866; x_wconf 85' lang='grc'><strong>¹⁹</strong></span> <span class='ocrx_word' id='word_1_799' title='bbox 287 5837 323 5894; x_wconf 88' lang='lat' dir='ltr'><strong>ll</strong></span> <span class='ocrx_word' id='word_1_800' title='bbox 345 5840 474 5917; x_wconf 80' lang='lat' dir='ltr'><strong>Reg.</strong></span> <span class='ocrx_word' id='word_1_801' title='bbox 518 5863 669 5915; x_wconf 78' lang='lat' dir='ltr'><strong>mu,</strong></span> <span class='ocrx_word' id='word_1_802' title='bbox 714 5850 801 5906; x_wconf 74' lang='grc' dir='ltr'><strong>ει.</strong></span> 
     </span>
    </p>
   </div>
   <div class='ocr_carea' id='block_1_105' title="bbox 1813 4541 3409 4614">
    <p class='ocr_par' dir='ltr' id='par_1_105' title="bbox 1813 4541 3409 4614">
     <span class='ocr_line' id='line_1_105' title="bbox 1813 4541 3409 4614; baseline -0.003 -15"><span class='ocrx_word' id='word_1_803' title='bbox 1813 4546 1981 4601; x_wconf 89' lang='lat' dir='ltr'><strong>etiam</strong></span> <span class='ocrx_word' id='word_1_804' title='bbox 2031 4543 2179 4614; x_wconf 90' lang='lat' dir='ltr'><strong>quod</strong></span> <span class='ocrx_word' id='word_1_805' title='bbox 2230 4543 2337 4599; x_wconf 90' lang='lat' dir='ltr'><strong>sibi</strong></span> <span class='ocrx_word' id='word_1_806' title='bbox 2399 4543 2786 4598; x_wconf 86' lang='lat' dir='ltr'><strong>inobedientes</strong></span> <span class='ocrx_word' id='word_1_807' title='bbox 2838 4543 3158 4598; x_wconf 88' lang='lat' dir='ltr'><strong>ulciscatur.</strong></span> <span class='ocrx_word' id='word_1_808' title='bbox 3190 4541 3409 4595; x_wconf 84' lang='lat' dir='ltr'><strong>Etenim</strong></span> 
     </span>
    </p>
   </div>
   <div class='ocr_carea' id='block_1_106' title="bbox 1815 4635 3412 4706">
    <p class='ocr_par' dir='ltr' id='par_1_106' title="bbox 1815 4635 3412 4706">
     <span class='ocr_line' id='line_1_106' title="bbox 1815 4635 3412 4706; baseline -0.003 -14"><span class='ocrx_word' id='word_1_809' title='bbox 1815 4637 1919 4692; x_wconf 91' lang='lat' dir='ltr'><strong>nisi</strong></span> <span class='ocrx_word' id='word_1_810' title='bbox 1968 4636 2300 4706; x_wconf 89' lang='lat' dir='ltr'><strong>supplicium</strong></span> <span class='ocrx_word' id='word_1_811' title='bbox 2335 4635 2645 4700; x_wconf 73' lang='lat' dir='ltr'><strong>indixisset,</strong></span> <span class='ocrx_word' id='word_1_812' title='bbox 2684 4650 3034 4705; x_wconf 91' lang='lat' dir='ltr'><strong>nequaquam</strong></span> <span class='ocrx_word' id='word_1_813' title='bbox 3088 4635 3268 4704; x_wconf 90' lang='lat' dir='ltr'><strong>ipsum</strong></span> <span class='ocrx_word' id='word_1_814' title='bbox 3317 4649 3412 4687; x_wconf 89' lang='lat' dir='ltr'><strong>eo-</strong></span> 
     </span>
    </p>
   </div>
   <div class='ocr_carea' id='block_1_107' title="bbox 1813 4726 3412 4799">
    <p class='ocr_par' dir='ltr' id='par_1_107' title="bbox 1813 4726 3412 4799">
     <span class='ocr_line' id='line_1_107' title="bbox 1813 4726 3412 4799; baseline -0.003 -17"><span class='ocrx_word' id='word_1_815' title='bbox 1813 4729 2219 4798; x_wconf 86' lang='lat' dir='ltr'><strong>gnovissemus.</strong></span> <span class='ocrx_word' id='word_1_816' title='bbox 2250 4728 2548 4798; x_wconf 86' lang='lat' dir='ltr'><strong>Postquam</strong></span> <span class='ocrx_word' id='word_1_817' title='bbox 2579 4743 2711 4799; x_wconf 88' lang='lat' dir='ltr'><strong>ergo</strong></span> <span class='ocrx_word' id='word_1_818' title='bbox 2743 4743 2810 4782; x_wconf 86' lang='lat' dir='ltr'><strong>ex</strong></span> <span class='ocrx_word' id='word_1_819' title='bbox 2847 4727 2934 4782; x_wconf 90' lang='lat' dir='ltr'><strong>his</strong></span> <span class='ocrx_word' id='word_1_820' title='bbox 2974 4726 3232 4780; x_wconf 88' lang='lat' dir='ltr'><strong>omnibus</strong></span> <span class='ocrx_word' id='word_1_821' title='bbox 3279 4741 3412 4780; x_wconf 91' lang='lat' dir='ltr'><strong>con-</strong></span> 
     </span>
    </p>
   </div>
   <div class='ocr_carea' id='block_1_108' title="bbox 1814 4819 3412 4890">
    <p class='ocr_par' dir='ltr' id='par_1_108' title="bbox 1814 4819 3412 4890">
     <span class='ocr_line' id='line_1_108' title="bbox 1814 4819 3412 4890; baseline -0.001 -15"><span class='ocrx_word' id='word_1_822' title='bbox 1814 4821 1996 4876; x_wconf 88' lang='lat' dir='ltr'><strong>stituit</strong></span> <span class='ocrx_word' id='word_1_823' title='bbox 2074 4821 2364 4876; x_wconf 83' lang='lat' dir='ltr'><strong>universos</strong></span> <span class='ocrx_word' id='word_1_824' title='bbox 2420 4821 2523 4876; x_wconf 89' lang='lat' dir='ltr'><strong>sub</strong></span> <span class='ocrx_word' id='word_1_825' title='bbox 2599 4831 2868 4890; x_wconf 88' lang='lat' dir='ltr'><strong>peccato,</strong></span> <span class='ocrx_word' id='word_1_826' title='bbox 2909 4819 3097 4874; x_wconf 90' lang='lat' dir='ltr'><strong>subdit</strong></span> <span class='ocrx_word' id='word_1_827' title='bbox 3147 4819 3412 4888; x_wconf 88' lang='lat' dir='ltr'><strong>deinceps</strong></span> 
     </span>
    </p>
   </div>
   <div class='ocr_carea' id='block_1_109' title="bbox 1813 4911 3408 4983">
    <p class='ocr_par' dir='ltr' id='par_1_109' title="bbox 1813 4911 3408 4983">
     <span class='ocr_line' id='line_1_109' title="bbox 1813 4911 3408 4983; baseline -0.001 -16"><span class='ocrx_word' id='word_1_828' title='bbox 1813 4914 2116 4969; x_wconf 89' lang='lat' dir='ltr'><strong>ostendens</strong></span> <span class='ocrx_word' id='word_1_829' title='bbox 2162 4929 2276 4969; x_wconf 63' lang='lat' dir='ltr'><strong>suae</strong></span> <span class='ocrx_word' id='word_1_830' title='bbox 2315 4913 2723 4983; x_wconf 67' lang='lat' dir='ltr'><strong>prmdicationis</strong></span> <span class='ocrx_word' id='word_1_831' title='bbox 2747 4913 3151 4968; x_wconf 73' lang='lat' dir='ltr'><strong>excellentiam.</strong></span> <span class='ocrx_word' id='word_1_832' title='bbox 3190 4931 3208 4964; x_wconf 87' lang='grc'><strong><em>‹</em></strong></span> <span class='ocrx_word' id='word_1_833' title='bbox 3250 4911 3408 4966; x_wconf 89' lang='lat' dir='ltr'><strong>Nune</strong></span> 
     </span>
    </p>
   </div>
   <div class='ocr_carea' id='block_1_110' title="bbox 1813 5004 3409 5076">
    <p class='ocr_par' dir='ltr' id='par_1_110' title="bbox 1813 5004 3409 5076">
     <span class='ocr_line' id='line_1_110' title="bbox 1813 5004 3409 5076; baseline 0 -16"><span class='ocrx_word' id='word_1_834' title='bbox 1813 5013 2025 5060; x_wconf 89' lang='lat' dir='ltr'><strong>autem.</strong></span> <span class='ocrx_word' id='word_1_835' title='bbox 2064 5025 2084 5058; x_wconf 73' lang='grc' dir='ltr'><strong><em>ι</em></strong></span> <span class='ocrx_word' id='word_1_836' title='bbox 2121 5007 2224 5063; x_wconf 91' lang='lat' dir='ltr'><strong>Ubi</strong></span> <span class='ocrx_word' id='word_1_837' title='bbox 2271 5021 2370 5061; x_wconf 91' lang='lat' dir='ltr'><strong>eos</strong></span> <span class='ocrx_word' id='word_1_838' title='bbox 2403 5005 2738 5061; x_wconf 77' lang='lat' dir='ltr'><strong>ostendisSet</strong></span> <span class='ocrx_word' id='word_1_839' title='bbox 2762 5005 2898 5060; x_wconf 90' lang='lat' dir='ltr'><strong>nihil</strong></span> <span class='ocrx_word' id='word_1_840' title='bbox 2933 5021 3000 5060; x_wconf 80' lang='lat' dir='ltr'><strong>ex</strong></span> <span class='ocrx_word' id='word_1_841' title='bbox 3029 5005 3148 5076; x_wconf 84' lang='lat' dir='ltr'><strong>lege</strong></span> <span class='ocrx_word' id='word_1_842' title='bbox 3187 5004 3409 5072; x_wconf 89' lang='lat' dir='ltr'><strong>adjutos</strong></span> 
     </span>
    </p>
   </div>
   <div class='ocr_carea' id='block_1_111' title="bbox 1810 5087 3404 5170">
    <p class='ocr_par' dir='ltr' id='par_1_111' title="bbox 1810 5087 3404 5170">
     <span class='ocr_line' id='line_1_111' title="bbox 1810 5087 3404 5170; baseline -0.003 -15"><span class='ocrx_word' id='word_1_843' title='bbox 1810 5115 1931 5155; x_wconf 91' lang='lat' dir='ltr'><strong>esse</strong></span> <span class='ocrx_word' id='word_1_844' title='bbox 1950 5107 2006 5155; x_wconf 90' lang='lat' dir='ltr'><strong>et</strong></span> <span class='ocrx_word' id='word_1_845' title='bbox 2027 5101 2094 5155; x_wconf 90' lang='lat' dir='ltr'><strong>ad</strong></span> <span class='ocrx_word' id='word_1_846' title='bbox 2125 5087 2632 5170; x_wconf 87' lang='lat' dir='ltr'><strong>concupiscentiam</strong></span> <span class='ocrx_word' id='word_1_847' title='bbox 2659 5099 2909 5156; x_wconf 83' lang='lat' dir='ltr'><strong>duxisset</strong></span> <span class='ocrx_word' id='word_1_848' title='bbox 2930 5097 3254 5153; x_wconf 89' lang='lat' dir='ltr'><strong>methodum</strong></span> <span class='ocrx_word' id='word_1_849' title='bbox 3281 5113 3404 5167; x_wconf 76' lang='lat' dir='ltr'><strong>qua:</strong></span> 
     </span>
    </p>
   </div>
   <div class='ocr_carea' id='block_1_112' title="bbox 1809 5187 3405 5261">
    <p class='ocr_par' dir='ltr' id='par_1_112' title="bbox 1809 5187 3405 5261">
     <span class='ocr_line' id='line_1_112' title="bbox 1809 5187 3405 5261; baseline -0.004 -14"><span class='ocrx_word' id='word_1_850' title='bbox 1809 5193 2022 5247; x_wconf 86' lang='lat' dir='ltr'><strong>salvare</strong></span> <span class='ocrx_word' id='word_1_851' title='bbox 2056 5201 2309 5261; x_wconf 87' lang='lat' dir='ltr'><strong>poterat:</strong></span> <span class='ocrx_word' id='word_1_852' title='bbox 2351 5199 2659 5260; x_wconf 92' lang='lat' dir='ltr'><strong>opportune</strong></span> <span class='ocrx_word' id='word_1_853' title='bbox 2699 5189 2905 5244; x_wconf 89' lang='lat' dir='ltr'><strong>Christi</strong></span> <span class='ocrx_word' id='word_1_854' title='bbox 2953 5189 3116 5242; x_wconf 85' lang='lat' dir='ltr'><strong>ﬁdem</strong></span> <span class='ocrx_word' id='word_1_855' title='bbox 3151 5187 3405 5259; x_wconf 83' lang='lat' dir='ltr'><strong>aggredi-</strong></span> 
     </span>
    </p>
   </div>
   <div class='ocr_carea' id='block_1_113' title="bbox 1812 5280 3403 5350">
    <p class='ocr_par' dir='ltr' id='par_1_113' title="bbox 1812 5280 3403 5350">
     <span class='ocr_line' id='line_1_113' title="bbox 1812 5280 3403 5350; baseline -0.004 -11"><span class='ocrx_word' id='word_1_856' title='bbox 1812 5294 1924 5340; x_wconf 90' lang='lat' dir='ltr'><strong>tur.</strong></span> <span class='ocrx_word' id='word_1_857' title='bbox 1956 5303 1973 5335; x_wconf 77' lang='grc' dir='ltr'><strong>ι</strong></span> <span class='ocrx_word' id='word_1_858' title='bbox 2017 5282 2242 5339; x_wconf 85' lang='lat' dir='ltr'><strong>Justitia</strong></span> <span class='ocrx_word' id='word_1_859' title='bbox 2273 5283 2393 5336; x_wconf 92' lang='lat' dir='ltr'><strong>Dei.</strong></span> <span class='ocrx_word' id='word_1_860' title='bbox 2435 5300 2453 5333; x_wconf 73' lang='grc' dir='ltr'><strong>ι</strong></span> <span class='ocrx_word' id='word_1_861' title='bbox 2490 5281 2548 5337; x_wconf 91' lang='lat' dir='ltr'><strong>Si</strong></span> <span class='ocrx_word' id='word_1_862' title='bbox 2581 5281 2791 5346; x_wconf 89' lang='lat' dir='ltr'><strong>habita,</strong></span> <span class='ocrx_word' id='word_1_863' title='bbox 2827 5280 3026 5350; x_wconf 91' lang='lat' dir='ltr'><strong>inquit,</strong></span> <span class='ocrx_word' id='word_1_864' title='bbox 3056 5280 3174 5349; x_wconf 86' lang='lat' dir='ltr'><strong>lege</strong></span> <span class='ocrx_word' id='word_1_865' title='bbox 3208 5293 3403 5348; x_wconf 89' lang='lat' dir='ltr'><strong>pecca-</strong></span> 
     </span>
    </p>
   </div>
   <div class='ocr_carea' id='block_1_114' title="bbox 1808 5371 3402 5447">
    <p class='ocr_par' dir='ltr' id='par_1_114' title="bbox 1808 5371 3402 5447">
     <span class='ocr_line' id='line_1_114' title="bbox 1808 5371 3402 5447; baseline -0.005 -13"><span class='ocrx_word' id='word_1_866' title='bbox 1808 5379 2012 5440; x_wconf 87' lang='lat' dir='ltr'><strong>vimus,</strong></span> <span class='ocrx_word' id='word_1_867' title='bbox 2040 5392 2150 5447; x_wconf 91' lang='lat' dir='ltr'><strong>quo</strong></span> <span class='ocrx_word' id='word_1_868' title='bbox 2167 5391 2297 5446; x_wconf 89' lang='lat' dir='ltr'><strong>ergo</strong></span> <span class='ocrx_word' id='word_1_869' title='bbox 2328 5375 2513 5441; x_wconf 91' lang='lat' dir='ltr'><strong>modo,</strong></span> <span class='ocrx_word' id='word_1_870' title='bbox 2545 5375 2693 5430; x_wconf 92' lang='lat' dir='ltr'><strong>dicat</strong></span> <span class='ocrx_word' id='word_1_871' title='bbox 2713 5373 3010 5443; x_wconf 90' lang='lat' dir='ltr'><strong>quispiam,</strong></span> <span class='ocrx_word' id='word_1_872' title='bbox 3039 5371 3248 5440; x_wconf 88' lang='lat' dir='ltr'><strong>absque</strong></span> <span class='ocrx_word' id='word_1_873' title='bbox 3280 5371 3402 5440; x_wconf 79' lang='lat' dir='ltr'><strong>lege</strong></span> 
     </span>
    </p>
   </div>
   <div class='ocr_carea' id='block_1_115' title="bbox 1810 5463 3402 5538">
    <p class='ocr_par' dir='ltr' id='par_1_115' title="bbox 1810 5463 3402 5538">
     <span class='ocr_line' id='line_1_115' title="bbox 1810 5463 3402 5538; baseline -0.008 -12"><span class='ocrx_word' id='word_1_874' title='bbox 1810 5469 2013 5526; x_wconf 87' lang='lat' dir='ltr'><strong>salvari</strong></span> <span class='ocrx_word' id='word_1_875' title='bbox 2053 5467 2378 5538; x_wconf 88' lang='lat' dir='ltr'><strong>possemus?</strong></span> <span class='ocrx_word' id='word_1_876' title='bbox 2413 5467 2520 5521; x_wconf 83' lang='lat' dir='ltr'><strong>Per</strong></span> <span class='ocrx_word' id='word_1_877' title='bbox 2544 5465 2819 5538; x_wconf 81' lang='lat' dir='ltr'><strong>justitiam</strong></span> <span class='ocrx_word' id='word_1_878' title='bbox 2868 5464 2986 5526; x_wconf 89' lang='lat' dir='ltr'><strong>Dei,</strong></span> <span class='ocrx_word' id='word_1_879' title='bbox 3031 5463 3234 5532; x_wconf 90' lang='lat' dir='ltr'><strong>inquit,</strong></span> <span class='ocrx_word' id='word_1_880' title='bbox 3279 5476 3402 5531; x_wconf 77' lang='lat' dir='ltr'><strong>quae</strong></span> 
     </span>
    </p>
   </div>
   <div class='ocr_carea' id='block_1_116' title="bbox 1808 5552 3402 5618">
    <p class='ocr_par' dir='ltr' id='par_1_116' title="bbox 1808 5552 3402 5618">
     <span class='ocr_line' id='line_1_116' title="bbox 1808 5552 3402 5618; baseline -0.009 0"><span class='ocrx_word' id='word_1_881' title='bbox 1808 5563 2073 5618; x_wconf 86' lang='lat' dir='ltr'><strong>videlicet</strong></span> <span class='ocrx_word' id='word_1_882' title='bbox 2101 5561 2264 5616; x_wconf 91' lang='lat' dir='ltr'><strong>datur</strong></span> <span class='ocrx_word' id='word_1_883' title='bbox 2298 5577 2329 5615; x_wconf 87' lang='lat' dir='ltr'><strong>a</strong></span> <span class='ocrx_word' id='word_1_884' title='bbox 2362 5561 2494 5616; x_wconf 90' lang='lat' dir='ltr'><strong>Deo.</strong></span> <span class='ocrx_word' id='word_1_885' title='bbox 2543 5559 2646 5614; x_wconf 93' lang='lat' dir='ltr'><strong>Ubi</strong></span> <span class='ocrx_word' id='word_1_886' title='bbox 2679 5567 2862 5613; x_wconf 89' lang='lat' dir='ltr'><strong>autem</strong></span> <span class='ocrx_word' id='word_1_887' title='bbox 2919 5556 3064 5611; x_wconf 91' lang='lat' dir='ltr'><strong>Dens</strong></span> <span class='ocrx_word' id='word_1_888' title='bbox 3106 5555 3252 5608; x_wconf 89' lang='lat' dir='ltr'><strong>illam</strong></span> <span class='ocrx_word' id='word_1_889' title='bbox 3299 5552 3402 5605; x_wconf 87' lang='lat' dir='ltr'><strong>tri-</strong></span> 
     </span>
    </p>
   </div>
   <div class='ocr_carea' id='block_1_117' title="bbox 1802 5641 3398 5725">
    <p class='ocr_par' dir='ltr' id='par_1_117' title="bbox 1802 5641 3398 5725">
     <span class='ocr_line' id='line_1_117' title="bbox 1802 5641 3398 5725; baseline -0.006 -16"><span class='ocrx_word' id='word_1_890' title='bbox 1802 5653 2040 5722; x_wconf 86' lang='lat' dir='ltr'><strong>buat,ne</strong></span> <span class='ocrx_word' id='word_1_891' title='bbox 2071 5652 2333 5725; x_wconf 82' lang='lat' dir='ltr'><strong>ambigas,</strong></span> <span class='ocrx_word' id='word_1_892' title='bbox 2364 5668 2398 5708; x_wconf 92' lang='grc' dir='ltr'><strong>ο</strong></span> <span class='ocrx_word' id='word_1_893' title='bbox 2425 5651 2610 5707; x_wconf 86' lang='lat' dir='ltr'><strong>homo.</strong></span> <span class='ocrx_word' id='word_1_894' title='bbox 2641 5649 2747 5705; x_wconf 79' lang='lat' dir='ltr'><strong>Aut</strong></span> <span class='ocrx_word' id='word_1_895' title='bbox 2767 5647 2980 5721; x_wconf 86' lang='lat' dir='ltr'><strong>justitia</strong></span> <span class='ocrx_word' id='word_1_896' title='bbox 3005 5644 3100 5702; x_wconf 89' lang='lat' dir='ltr'><strong>Dei</strong></span> <span class='ocrx_word' id='word_1_897' title='bbox 3125 5651 3209 5700; x_wconf 90' lang='lat' dir='ltr'><strong>est</strong></span> <span class='ocrx_word' id='word_1_898' title='bbox 3232 5641 3398 5716; x_wconf 87' lang='lat' dir='ltr'><strong>justi-</strong></span> 
     </span>
    </p>
   </div>
  </div>
