  <div class='ocr_page' id='page_1' title='image "/cluster/home/n/w/nwhite01/storage/ocr_20150623/118/hvd.32044019208149/231.png"; bbox 0 0 3978 6550; ppageno 0'>
   <div class='ocr_carea' id='block_1_1' title="bbox 622 350 729 415">
    <p class='ocr_par' dir='ltr' id='par_1_1' title="bbox 622 350 729 415">
     <span class='ocr_line' id='line_1_1' title="bbox 622 350 729 415; baseline -0.009 0"><span class='ocrx_word' id='word_1_1' title='bbox 622 350 729 415; x_wconf 64' lang='lat'><strong>85,3</strong></span> 
     </span>
    </p>
   </div>
   <div class='ocr_carea' id='block_1_2' title="bbox 1713 346 2826 412">
    <p class='ocr_par' dir='ltr' id='par_1_2' title="bbox 1713 346 2826 412">
     <span class='ocr_line' id='line_1_2' title="bbox 1713 346 2826 412; baseline 0 -3"><span class='ocrx_word' id='word_1_2' title='bbox 1713 347 2116 412; x_wconf 72' lang='lat' dir='ltr'><strong>(ECUMENII</strong></span> <span class='ocrx_word' id='word_1_3' title='bbox 2137 347 2432 409; x_wconf 67' lang='lat' dir='ltr'><strong>TRlCi‘JZ</strong></span> <span class='ocrx_word' id='word_1_4' title='bbox 2480 346 2826 409; x_wconf 82' lang='lat' dir='ltr'><strong>EPISCOPI</strong></span> 
     </span>
    </p>
   </div>
   <div class='ocr_carea' id='block_1_3' title="bbox 3747 355 3823 416">
    <p class='ocr_par' dir='ltr' id='par_1_3' title="bbox 3747 355 3823 416">
     <span class='ocr_line' id='line_1_3' title="bbox 3747 355 3823 416; baseline -0.039 0"><span class='ocrx_word' id='word_1_5' title='bbox 3747 355 3823 416; x_wconf 64' lang='lat'><strong>3:3:</strong></span> 
     </span>
    </p>
   </div>
   <div class='ocr_carea' id='block_1_4' title="bbox 625 463 2194 538">
    <p class='ocr_par' dir='ltr' id='par_1_4' title="bbox 625 466 2194 538">
     <span class='ocr_line' id='line_1_4' title="bbox 625 466 2194 538; baseline -0.001 -17"><span class='ocrx_word' id='word_1_6' title='bbox 625 466 809 523; x_wconf 73' lang='lat' dir='ltr'><strong>licatio</strong></span> <span class='ocrx_word' id='word_1_7' title='bbox 833 466 1200 532; x_wconf 87' lang='lat' dir='ltr'><strong>etabsolutio,</strong></span> <span class='ocrx_word' id='word_1_8' title='bbox 1225 483 1323 523; x_wconf 88' lang='lat' dir='ltr'><strong>seu</strong></span> <span class='ocrx_word' id='word_1_9' title='bbox 1341 466 1639 522; x_wconf 76' lang='lat' dir='ltr'><strong>liberatioa</strong></span> <span class='ocrx_word' id='word_1_10' title='bbox 1668 470 1930 530; x_wconf 71' lang='lat' dir='ltr'><strong>peccatis,</strong></span> <span class='ocrx_word' id='word_1_11' title='bbox 1955 483 1982 520; x_wconf 87' lang='lat' dir='ltr'><strong>a</strong></span> <span class='ocrx_word' id='word_1_12' title='bbox 2006 467 2194 538; x_wconf 65' lang='lat' dir='ltr'><strong>quiibu:</strong></span> 
     </span>
    </p>
   </div>
   <div class='ocr_carea' id='block_1_5' title="bbox 2296 463 3823 538">
    <p class='ocr_par' dir='ltr' id='par_1_5' title="bbox 2315 463 3823 538">
     <span class='ocr_line' id='line_1_5' title="bbox 2315 463 3823 538; baseline 0.005 -20"><span class='ocrx_word' id='word_1_13' title='bbox 2315 468 2409 518; x_wconf 75' lang='grc' dir='ltr'><strong>καὶ</strong></span> <span class='ocrx_word' id='word_1_14' title='bbox 2435 464 2689 529; x_wconf 79' lang='grc' dir='ltr'>ἀοὼωσις</span> <span class='ocrx_word' id='word_1_15' title='bbox 2738 466 2832 519; x_wconf 70' lang='grc' dir='ltr'><strong>καὶ</strong></span> <span class='ocrx_word' id='word_1_16' title='bbox 2870 465 3162 538; x_wconf 79' lang='grc' dir='ltr'>ἀπαλλαγὴ</span> <span class='ocrx_word' id='word_1_17' title='bbox 3201 466 3307 520; x_wconf 82' lang='grc' dir='ltr'>τῶν</span> <span class='ocrx_word' id='word_1_18' title='bbox 3360 468 3653 538; x_wconf 78' lang='grc' dir='ltr'>ἁμαρτιῶν,</span> <span class='ocrx_word' id='word_1_19' title='bbox 3704 463 3764 524; x_wconf 81' lang='grc' dir='ltr'>ὧν</span> <span class='ocrx_word' id='word_1_20' title='bbox 3804 477 3823 526; x_wconf 70' lang='grc' dir='ltr'><strong>ὁ</strong></span> 
     </span>
    </p>
   </div>
   <div class='ocr_carea' id='block_1_6' title="bbox 623 558 2214 631">
    <p class='ocr_par' dir='ltr' id='par_1_6' title="bbox 623 558 2214 631">
     <span class='ocr_line' id='line_1_6' title="bbox 623 558 2214 631; baseline 0.001 -18"><span class='ocrx_word' id='word_1_21' title='bbox 623 575 734 613; x_wconf 90' lang='lat' dir='ltr'><strong>non</strong></span> <span class='ocrx_word' id='word_1_22' title='bbox 756 561 935 631; x_wconf 84' lang='lat' dir='ltr'><strong>potuit</strong></span> <span class='ocrx_word' id='word_1_23' title='bbox 954 561 1038 615; x_wconf 81' lang='lat' dir='ltr'><strong>lex</strong></span> <span class='ocrx_word' id='word_1_24' title='bbox 1062 560 1317 614; x_wconf 88' lang='lat' dir='ltr'><strong>liberare.</strong></span> <span class='ocrx_word' id='word_1_25' title='bbox 1342 577 1360 610; x_wconf 78' lang='grc' dir='ltr'><strong>ι</strong></span> <span class='ocrx_word' id='word_1_26' title='bbox 1386 559 1729 616; x_wconf 84' lang='lat' dir='ltr'><strong>Manifestata</strong></span> <span class='ocrx_word' id='word_1_27' title='bbox 1745 569 1853 616; x_wconf 88' lang='lat' dir='ltr'><strong>est.</strong></span> <span class='ocrx_word' id='word_1_28' title='bbox 1881 577 1899 612; x_wconf 74' lang='grc' dir='ltr'><strong>ι</strong></span> <span class='ocrx_word' id='word_1_29' title='bbox 1920 558 2075 625; x_wconf 85' lang='lat' dir='ltr'><strong>Quod</strong></span> <span class='ocrx_word' id='word_1_30' title='bbox 2100 575 2214 614; x_wconf 86' lang='lat' dir='ltr'><strong>ma-</strong></span> 
     </span>
    </p>
   </div>
   <div class='ocr_carea' id='block_1_7' title="bbox 624 649 2213 720">
    <p class='ocr_par' dir='ltr' id='par_1_7' title="bbox 624 649 2213 720">
     <span class='ocr_line' id='line_1_7' title="bbox 624 649 2213 720; baseline 0.001 -17"><span class='ocrx_word' id='word_1_31' title='bbox 624 650 940 715; x_wconf 86' lang='lat' dir='ltr'><strong>nifestatur,</strong></span> <span class='ocrx_word' id='word_1_32' title='bbox 984 651 1202 720; x_wconf 88' lang='lat' dir='ltr'><strong>planum</strong></span> <span class='ocrx_word' id='word_1_33' title='bbox 1265 659 1349 704; x_wconf 61' lang='lat' dir='ltr'><strong>est</strong></span> <span class='ocrx_word' id='word_1_34' title='bbox 1391 649 1538 720; x_wconf 86' lang='lat' dir='ltr'><strong>quod</strong></span> <span class='ocrx_word' id='word_1_35' title='bbox 1585 659 1745 705; x_wconf 84' lang='lat' dir='ltr'><strong>antea</strong></span> <span class='ocrx_word' id='word_1_36' title='bbox 1807 650 1996 714; x_wconf 85' lang='lat' dir='ltr'><strong>fuerit,</strong></span> <span class='ocrx_word' id='word_1_37' title='bbox 2037 666 2213 720; x_wconf 84' lang='lat' dir='ltr'><strong>quan-</strong></span> 
     </span>
    </p>
   </div>
   <div class='ocr_carea' id='block_1_8' title="bbox 623 743 2212 813">
    <p class='ocr_par' dir='ltr' id='par_1_8' title="bbox 623 743 2212 813">
     <span class='ocr_line' id='line_1_8' title="bbox 623 743 2212 813; baseline 0.001 -19"><span class='ocrx_word' id='word_1_38' title='bbox 623 758 787 810; x_wconf 81' lang='lat' dir='ltr'><strong>quam</strong></span> <span class='ocrx_word' id='word_1_39' title='bbox 802 743 1455 813; x_wconf 80' lang='lat' dir='ltr'><strong>occultaretur.-Fugiens</strong></span> <span class='ocrx_word' id='word_1_40' title='bbox 1506 744 1689 812; x_wconf 80' lang='lat' dir='ltr'><strong>itaque</strong></span> <span class='ocrx_word' id='word_1_41' title='bbox 1715 744 2126 798; x_wconf 74' lang='lat' dir='ltr'><strong>innovationcm</strong></span> <span class='ocrx_word' id='word_1_42' title='bbox 2155 750 2212 797; x_wconf 87' lang='lat' dir='ltr'><strong>et</strong></span> 
     </span>
    </p>
   </div>
   <div class='ocr_carea' id='block_1_9' title="bbox 623 834 2207 905">
    <p class='ocr_par' dir='ltr' id='par_1_9' title="bbox 623 834 2207 905">
     <span class='ocr_line' id='line_1_9' title="bbox 623 834 2207 905; baseline 0.001 -17"><span class='ocrx_word' id='word_1_43' title='bbox 623 849 692 888; x_wconf 92' lang='lat' dir='ltr'><strong>ne</strong></span> <span class='ocrx_word' id='word_1_44' title='bbox 723 849 917 889; x_wconf 87' lang='lat' dir='ltr'><strong>recens</strong></span> <span class='ocrx_word' id='word_1_45' title='bbox 938 834 1221 888; x_wconf 72' lang='lat' dir='ltr'><strong>videretur</strong></span> <span class='ocrx_word' id='word_1_46' title='bbox 1242 836 1361 904; x_wconf 80' lang='lat' dir='ltr'><strong>ejus</strong></span> <span class='ocrx_word' id='word_1_47' title='bbox 1385 836 1874 905; x_wconf 56' lang='lat' dir='ltr'><strong>praedicatiouiixit</strong></span> <span class='ocrx_word' id='word_1_48' title='bbox 1900 853 1945 889; x_wconf 72' lang='grc' dir='ltr'><strong>τι</strong></span> <span class='ocrx_word' id='word_1_49' title='bbox 1977 836 2207 890; x_wconf 79' lang='lat' dir='ltr'><strong>Manife-</strong></span> 
     </span>
    </p>
   </div>
   <div class='ocr_carea' id='block_1_10' title="bbox 622 926 2207 999">
    <p class='ocr_par' dir='ltr' id='par_1_10' title="bbox 622 926 2207 999">
     <span class='ocr_line' id='line_1_10' title="bbox 622 926 2207 999; baseline 0.005 -22"><span class='ocrx_word' id='word_1_50' title='bbox 622 934 757 979; x_wconf 78' lang='lat' dir='ltr'><strong>stata</strong></span> <span class='ocrx_word' id='word_1_51' title='bbox 781 935 897 991; x_wconf 78' lang='lat' dir='ltr'><strong>est;</strong></span> <span class='ocrx_word' id='word_1_52' title='bbox 935 944 952 976; x_wconf 78' lang='grc' dir='ltr'><strong>ι</strong></span> <span class='ocrx_word' id='word_1_53' title='bbox 991 942 1091 981; x_wconf 88' lang='lat' dir='ltr'><strong>nec</strong></span> <span class='ocrx_word' id='word_1_54' title='bbox 1117 926 1170 980; x_wconf 88' lang='lat' dir='ltr'><strong>id</strong></span> <span class='ocrx_word' id='word_1_55' title='bbox 1207 928 1369 981; x_wconf 89' lang='lat' dir='ltr'><strong>modo</strong></span> <span class='ocrx_word' id='word_1_56' title='bbox 1403 928 1843 992; x_wconf 78' lang='lat' dir='ltr'><strong>vulgari,verum</strong></span> <span class='ocrx_word' id='word_1_57' title='bbox 1859 930 2022 983; x_wconf 86' lang='lat' dir='ltr'><strong>etiam</strong></span> <span class='ocrx_word' id='word_1_58' title='bbox 2055 929 2207 999; x_wconf 87' lang='lat' dir='ltr'><strong>prius</strong></span> 
     </span>
    </p>
   </div>
   <div class='ocr_carea' id='block_1_11' title="bbox 621 1019 1952 1090">
    <p class='ocr_par' dir='ltr' id='par_1_11' title="bbox 621 1019 1952 1090">
     <span class='ocr_line' id='line_1_11' title="bbox 621 1019 1952 1090; baseline 0.001 -19"><span class='ocrx_word' id='word_1_59' title='bbox 621 1034 707 1071; x_wconf 73' lang='lat' dir='ltr'><strong>na:</strong></span> <span class='ocrx_word' id='word_1_60' title='bbox 729 1027 777 1071; x_wconf 87' lang='lat' dir='ltr'><strong>ta</strong></span> <span class='ocrx_word' id='word_1_61' title='bbox 816 1028 921 1082; x_wconf 86' lang='lat' dir='ltr'><strong>est,</strong></span> <span class='ocrx_word' id='word_1_62' title='bbox 954 1019 1331 1073; x_wconf 87' lang='lat' dir='ltr'><strong>testimonium</strong></span> <span class='ocrx_word' id='word_1_63' title='bbox 1360 1036 1389 1073; x_wconf 90' lang='lat' dir='ltr'><strong>a</strong></span> <span class='ocrx_word' id='word_1_64' title='bbox 1417 1020 1534 1089; x_wconf 81' lang='lat' dir='ltr'><strong>lege</strong></span> <span class='ocrx_word' id='word_1_65' title='bbox 1565 1029 1622 1073; x_wconf 78' lang='lat' dir='ltr'><strong>et</strong></span> <span class='ocrx_word' id='word_1_66' title='bbox 1644 1020 1952 1090; x_wconf 84' lang='lat' dir='ltr'><strong>prophetis.</strong></span> 
     </span>
    </p>
   </div>
   <div class='ocr_carea' id='block_1_12' title="bbox 698 1109 2206 1181">
    <p class='ocr_par' dir='ltr' id='par_1_12' title="bbox 698 1109 2206 1181">
     <span class='ocr_line' id='line_1_12' title="bbox 698 1109 2206 1181; baseline 0.004 -20"><span class='ocrx_word' id='word_1_67' title='bbox 698 1110 785 1172; x_wconf 88' lang='lat' dir='ltr'><strong>Ill,</strong></span> <span class='ocrx_word' id='word_1_68' title='bbox 827 1110 899 1162; x_wconf 71' lang='lat' dir='ltr'><strong>2i</strong></span> <span class='ocrx_word' id='word_1_69' title='bbox 929 1110 1019 1164; x_wconf 63' lang='grc' dir='ltr'><strong>τι.</strong></span> <span class='ocrx_word' id='word_1_70' title='bbox 1073 1109 1296 1164; x_wconf 77' lang='lat' dir='ltr'><strong>Iustitia</strong></span> <span class='ocrx_word' id='word_1_71' title='bbox 1345 1123 1520 1164; x_wconf 80' lang='lat' dir='ltr'><strong>autem</strong></span> <span class='ocrx_word' id='word_1_72' title='bbox 1577 1112 1673 1166; x_wconf 79' lang='lat' dir='ltr'><strong>Dei</strong></span> <span class='ocrx_word' id='word_1_73' title='bbox 1726 1129 1818 1181; x_wconf 83' lang='lat' dir='ltr'><strong>per</strong></span> <span class='ocrx_word' id='word_1_74' title='bbox 1866 1113 2023 1181; x_wconf 80' lang='lat' dir='ltr'><strong>ﬁdem</strong></span> <span class='ocrx_word' id='word_1_75' title='bbox 2073 1113 2206 1167; x_wconf 80' lang='lat' dir='ltr'><strong>Jesu</strong></span> 
     </span>
    </p>
   </div>
   <div class='ocr_carea' id='block_1_13' title="bbox 622 1200 2203 1273">
    <p class='ocr_par' dir='ltr' id='par_1_13' title="bbox 622 1200 2203 1273">
     <span class='ocr_line' id='line_1_13' title="bbox 622 1200 2203 1273; baseline 0.004 -18"><span class='ocrx_word' id='word_1_76' title='bbox 622 1200 828 1255; x_wconf 78' lang='lat' dir='ltr'><strong>Christi</strong></span> <span class='ocrx_word' id='word_1_77' title='bbox 859 1205 911 1255; x_wconf 89' lang='lat' dir='ltr'><strong>in</strong></span> <span class='ocrx_word' id='word_1_78' title='bbox 940 1218 1120 1256; x_wconf 74' lang='lat' dir='ltr'><strong>omnes</strong></span> <span class='ocrx_word' id='word_1_79' title='bbox 1152 1213 1201 1255; x_wconf 86' lang='lat' dir='ltr'><strong>et</strong></span> <span class='ocrx_word' id='word_1_80' title='bbox 1248 1218 1407 1271; x_wconf 77' lang='lat' dir='ltr'><strong>super</strong></span> <span class='ocrx_word' id='word_1_81' title='bbox 1440 1220 1619 1258; x_wconf 66' lang='lat' dir='ltr'><strong>omnes</strong></span> <span class='ocrx_word' id='word_1_82' title='bbox 1654 1206 1744 1273; x_wconf 81' lang='lat' dir='ltr'><strong>qui</strong></span> <span class='ocrx_word' id='word_1_83' title='bbox 1801 1205 2041 1259; x_wconf 79' lang='lat' dir='ltr'><strong>credunt.</strong></span> <span class='ocrx_word' id='word_1_84' title='bbox 2081 1205 2203 1261; x_wconf 79' lang='lat' dir='ltr'><strong>Non</strong></span> 
     </span>
    </p>
   </div>
   <div class='ocr_carea' id='block_1_14' title="bbox 618 1292 2204 1365">
    <p class='ocr_par' dir='ltr' id='par_1_14' title="bbox 618 1292 2204 1365">
     <span class='ocr_line' id='line_1_14' title="bbox 618 1292 2204 1365; baseline 0.004 -20"><span class='ocrx_word' id='word_1_85' title='bbox 618 1292 757 1345; x_wconf 86' lang='lat' dir='ltr'><strong>enim</strong></span> <span class='ocrx_word' id='word_1_86' title='bbox 797 1303 876 1346; x_wconf 81' lang='lat' dir='ltr'><strong>est</strong></span> <span class='ocrx_word' id='word_1_87' title='bbox 907 1294 1186 1347; x_wconf 75' lang='lat' dir='ltr'><strong>distinctio</strong></span> <span class='ocrx_word' id='word_1_88' title='bbox 1214 1336 1228 1358; x_wconf 95' lang='lat'><strong>,</strong></span> <span class='ocrx_word' id='word_1_89' title='bbox 1267 1312 1389 1348; x_wconf 87' lang='lat' dir='ltr'><strong>nam</strong></span> <span class='ocrx_word' id='word_1_90' title='bbox 1410 1311 1587 1351; x_wconf 79' lang='lat' dir='ltr'><strong>omnes</strong></span> <span class='ocrx_word' id='word_1_91' title='bbox 1625 1309 1993 1363; x_wconf 66' lang='lat' dir='ltr'><strong>peccaverunt,</strong></span> <span class='ocrx_word' id='word_1_92' title='bbox 2033 1311 2082 1351; x_wconf 84' lang='lat' dir='ltr'><strong>et</strong></span> <span class='ocrx_word' id='word_1_93' title='bbox 2112 1315 2204 1365; x_wconf 83' lang='lat' dir='ltr'><strong>po-</strong></span> 
     </span>
    </p>
   </div>
   <div class='ocr_carea' id='block_1_15' title="bbox 616 1385 2205 1460">
    <p class='ocr_par' dir='ltr' id='par_1_15' title="bbox 616 1385 2205 1460">
     <span class='ocr_line' id='line_1_15' title="bbox 616 1385 2205 1460; baseline 0.004 -23"><span class='ocrx_word' id='word_1_94' title='bbox 616 1385 863 1440; x_wconf 74' lang='lat' dir='ltr'><strong>steriores</strong></span> <span class='ocrx_word' id='word_1_95' title='bbox 889 1394 1010 1438; x_wconf 73' lang='lat' dir='ltr'><strong>sunt</strong></span> <span class='ocrx_word' id='word_1_96' title='bbox 1032 1386 1205 1456; x_wconf 79' lang='lat' dir='ltr'><strong>gloria</strong></span> <span class='ocrx_word' id='word_1_97' title='bbox 1251 1387 1347 1442; x_wconf 87' lang='lat' dir='ltr'><strong>Dei</strong></span> <span class='ocrx_word' id='word_1_98' title='bbox 1379 1404 1397 1441; x_wconf 91' lang='lat'><strong><em>:</em></strong></span> <span class='ocrx_word' id='word_1_99' title='bbox 1423 1388 1694 1458; x_wconf 75' lang='lat' dir='ltr'><strong>gratisque</strong></span> <span class='ocrx_word' id='word_1_100' title='bbox 1714 1388 2085 1459; x_wconf 80' lang='lat' dir='ltr'><strong>jnsliﬁcantur</strong></span> <span class='ocrx_word' id='word_1_101' title='bbox 2112 1408 2205 1460; x_wconf 55' lang='lat' dir='ltr'><strong>{er</strong></span> 
     </span>
    </p>
   </div>
   <div class='ocr_carea' id='block_1_16' title="bbox 618 1478 1066 1545">
    <p class='ocr_par' dir='ltr' id='par_1_16' title="bbox 618 1478 1066 1545">
     <span class='ocr_line' id='line_1_16' title="bbox 618 1478 1066 1545; baseline 0.011 -19"><span class='ocrx_word' id='word_1_102' title='bbox 618 1478 852 1545; x_wconf 84' lang='lat' dir='ltr'><strong>gratiam</strong></span> <span class='ocrx_word' id='word_1_103' title='bbox 880 1478 1066 1544; x_wconf 73' lang='lat' dir='ltr'><strong>ipsius.</strong></span> 
     </span>
    </p>
   </div>
   <div class='ocr_carea' id='block_1_17' title="bbox 704 1569 2201 1646">
    <p class='ocr_par' dir='ltr' id='par_1_17' title="bbox 704 1569 2201 1646">
     <span class='ocr_line' id='line_1_17' title="bbox 704 1569 2201 1646; baseline 0.008 -28"><span class='ocrx_word' id='word_1_104' title='bbox 704 1586 723 1618; x_wconf 80' lang='grc' dir='ltr'><strong>ι</strong></span> <span class='ocrx_word' id='word_1_105' title='bbox 756 1569 977 1624; x_wconf 71' lang='lat' dir='ltr'><strong>Iustitia</strong></span> <span class='ocrx_word' id='word_1_106' title='bbox 1001 1571 1097 1625; x_wconf 87' lang='lat' dir='ltr'><strong>Dei</strong></span> <span class='ocrx_word' id='word_1_107' title='bbox 1119 1587 1217 1642; x_wconf 89' lang='lat' dir='ltr'><strong>per</strong></span> <span class='ocrx_word' id='word_1_108' title='bbox 1231 1572 1447 1627; x_wconf 61' lang='lat' dir='ltr'><strong>fidem.»</strong></span> <span class='ocrx_word' id='word_1_109' title='bbox 1473 1572 1731 1640; x_wconf 61' lang='lat' dir='ltr'><strong>Quaenam</strong></span> <span class='ocrx_word' id='word_1_110' title='bbox 1751 1574 2201 1646; x_wconf 76' lang='lat' dir='ltr'><strong>justitia,dixerit</strong></span> 
     </span>
    </p>
   </div>
   <div class='ocr_carea' id='block_1_18' title="bbox 616 1661 2198 1735">
    <p class='ocr_par' dir='ltr' id='par_1_18' title="bbox 616 1661 2198 1735">
     <span class='ocr_line' id='line_1_18' title="bbox 616 1661 2198 1735; baseline 0.005 -21"><span class='ocrx_word' id='word_1_111' title='bbox 616 1661 914 1731; x_wconf 82' lang='lat' dir='ltr'><strong>quispiam,</strong></span> <span class='ocrx_word' id='word_1_112' title='bbox 939 1674 1036 1718; x_wconf 89' lang='lat' dir='ltr'><strong>aut</strong></span> <span class='ocrx_word' id='word_1_113' title='bbox 1051 1667 1330 1735; x_wconf 90' lang='lat' dir='ltr'><strong>quomodo</strong></span> <span class='ocrx_word' id='word_1_114' title='bbox 1345 1683 1374 1721; x_wconf 82' lang='lat' dir='ltr'><strong>a</strong></span> <span class='ocrx_word' id='word_1_115' title='bbox 1398 1667 1505 1722; x_wconf 91' lang='lat' dir='ltr'><strong>Deo</strong></span> <span class='ocrx_word' id='word_1_116' title='bbox 1521 1667 1671 1722; x_wconf 81' lang='lat' dir='ltr'><strong>data?</strong></span> <span class='ocrx_word' id='word_1_117' title='bbox 1689 1669 1897 1723; x_wconf 86' lang='lat' dir='ltr'><strong>Deinde</strong></span> <span class='ocrx_word' id='word_1_118' title='bbox 1908 1684 1976 1723; x_wconf 85' lang='lat' dir='ltr'><strong>ne</strong></span> <span class='ocrx_word' id='word_1_119' title='bbox 1996 1683 2198 1722; x_wconf 84' lang='lat' dir='ltr'><strong>novum</strong></span> 
     </span>
    </p>
   </div>
   <div class='ocr_carea' id='block_1_19' title="bbox 617 1751 2198 1827">
    <p class='ocr_par' dir='ltr' id='par_1_19' title="bbox 617 1751 2198 1827">
     <span class='ocr_line' id='line_1_19' title="bbox 617 1751 2198 1827; baseline 0.006 -22"><span class='ocrx_word' id='word_1_120' title='bbox 617 1751 827 1821; x_wconf 85' lang='lat' dir='ltr'><strong>aliquid</strong></span> <span class='ocrx_word' id='word_1_121' title='bbox 848 1754 1042 1809; x_wconf 88' lang='lat' dir='ltr'><strong>audire</strong></span> <span class='ocrx_word' id='word_1_122' title='bbox 1070 1756 1179 1810; x_wconf 85' lang='lat' dir='ltr'><em>sibi</em></span> <span class='ocrx_word' id='word_1_123' title='bbox 1199 1756 1515 1817; x_wconf 81' lang='lat' dir='ltr'><strong>videantur,</strong></span> <span class='ocrx_word' id='word_1_124' title='bbox 1549 1758 1594 1812; x_wconf 88' lang='lat' dir='ltr'><em>si</em></span> <span class='ocrx_word' id='word_1_125' title='bbox 1617 1757 1844 1812; x_wconf 86' lang='lat' dir='ltr'><strong>omnino</strong></span> <span class='ocrx_word' id='word_1_126' title='bbox 1859 1758 2055 1813; x_wconf 83' lang='lat' dir='ltr'><strong>salvari</strong></span> <span class='ocrx_word' id='word_1_127' title='bbox 2071 1773 2198 1827; x_wconf 84' lang='lat' dir='ltr'><strong>pos-</strong></span> 
     </span>
    </p>
   </div>
   <div class='ocr_carea' id='block_1_20' title="bbox 614 1842 2205 1919">
    <p class='ocr_par' dir='ltr' id='par_1_20' title="bbox 614 1842 2205 1919">
     <span class='ocr_line' id='line_1_20' title="bbox 614 1842 2205 1919; baseline 0.004 -23"><span class='ocrx_word' id='word_1_128' title='bbox 614 1842 727 1897; x_wconf 87' lang='lat' dir='ltr'><strong>sint</strong></span> <span class='ocrx_word' id='word_1_129' title='bbox 754 1844 891 1899; x_wconf 85' lang='lat' dir='ltr'><em>nihil</em></span> <span class='ocrx_word' id='word_1_130' title='bbox 914 1848 1349 1911; x_wconf 87' lang='lat' dir='ltr'><strong>contribuentes,</strong></span> <span class='ocrx_word' id='word_1_131' title='bbox 1370 1850 1609 1904; x_wconf 87' lang='lat' dir='ltr'><strong>ostendit</strong></span> <span class='ocrx_word' id='word_1_132' title='bbox 1629 1850 1958 1919; x_wconf 88' lang='lat' dir='ltr'><strong>quodetiam</strong></span> <span class='ocrx_word' id='word_1_133' title='bbox 1979 1854 2205 1905; x_wconf 87' lang='lat' dir='ltr'><strong>credere</strong></span> 
     </span>
    </p>
   </div>
   <div class='ocr_carea' id='block_1_21' title="bbox 616 1935 2204 2014">
    <p class='ocr_par' dir='ltr' id='par_1_21' title="bbox 616 1935 2204 2014">
     <span class='ocr_line' id='line_1_21' title="bbox 616 1935 2204 2014; baseline 0.008 -27"><span class='ocrx_word' id='word_1_134' title='bbox 616 1935 684 1988; x_wconf 87' lang='lat' dir='ltr'><strong>sit</strong></span> <span class='ocrx_word' id='word_1_135' title='bbox 720 1938 1094 2005; x_wconf 88' lang='lat' dir='ltr'><strong>contribuere,</strong></span> <span class='ocrx_word' id='word_1_136' title='bbox 1135 1942 1312 2010; x_wconf 88' lang='lat' dir='ltr'><strong>ipsum</strong></span> <span class='ocrx_word' id='word_1_137' title='bbox 1342 1943 1487 1997; x_wconf 90' lang='lat' dir='ltr'><strong>enim</strong></span> <span class='ocrx_word' id='word_1_138' title='bbox 1515 1944 1745 1999; x_wconf 77' lang='lat' dir='ltr'><strong>credere</strong></span> <span class='ocrx_word' id='word_1_139' title='bbox 1773 1944 1985 2014; x_wconf 75' lang='lat' dir='ltr'><strong>indiget</strong></span> <span class='ocrx_word' id='word_1_140' title='bbox 2029 1946 2204 2000; x_wconf 87' lang='lat' dir='ltr'><strong>animi</strong></span> 
     </span>
    </p>
   </div>
   <div class='ocr_carea' id='block_1_22' title="bbox 614 2027 2205 2100">
    <p class='ocr_par' dir='ltr' id='par_1_22' title="bbox 614 2027 2205 2100">
     <span class='ocr_line' id='line_1_22' title="bbox 614 2027 2205 2100; baseline 0.008 -19"><span class='ocrx_word' id='word_1_141' title='bbox 614 2027 958 2085; x_wconf 84' lang='lat' dir='ltr'><strong>fortitudine.</strong></span> <span class='ocrx_word' id='word_1_142' title='bbox 994 2032 1121 2087; x_wconf 90' lang='lat' dir='ltr'><strong>Ideo</strong></span> <span class='ocrx_word' id='word_1_143' title='bbox 1147 2033 1264 2087; x_wconf 86' lang='lat' dir='ltr'><strong>ait:</strong></span> <span class='ocrx_word' id='word_1_144' title='bbox 1300 2052 1319 2085; x_wconf 80' lang='grc' dir='ltr'><strong>ι</strong></span> <span class='ocrx_word' id='word_1_145' title='bbox 1358 2035 1463 2090; x_wconf 89' lang='lat' dir='ltr'><strong>Per</strong></span> <span class='ocrx_word' id='word_1_146' title='bbox 1509 2035 1693 2100; x_wconf 83' lang='lat' dir='ltr'><strong>ﬁdem,</strong></span> <span class='ocrx_word' id='word_1_147' title='bbox 1724 2054 1743 2088; x_wconf 77' lang='grc' dir='ltr'><strong>ι</strong></span> <span class='ocrx_word' id='word_1_148' title='bbox 1794 2036 2093 2093; x_wconf 83' lang='lat' dir='ltr'><strong>ostendens</strong></span> <span class='ocrx_word' id='word_1_149' title='bbox 2136 2053 2205 2093; x_wconf 79' lang='lat' dir='ltr'><strong>ex</strong></span> 
     </span>
    </p>
   </div>
   <div class='ocr_carea' id='block_1_23' title="bbox 612 2121 2206 2196">
    <p class='ocr_par' dir='ltr' id='par_1_23' title="bbox 612 2121 2206 2196">
     <span class='ocr_line' id='line_1_23' title="bbox 612 2121 2206 2196; baseline 0.006 -21"><span class='ocrx_word' id='word_1_150' title='bbox 612 2121 718 2176; x_wconf 87' lang='lat' dir='ltr'><strong>hoc</strong></span> <span class='ocrx_word' id='word_1_151' title='bbox 747 2139 848 2179; x_wconf 92' lang='lat' dir='ltr'><strong>nos</strong></span> <span class='ocrx_word' id='word_1_152' title='bbox 870 2139 1089 2195; x_wconf 88' lang='lat' dir='ltr'><strong>quoque</strong></span> <span class='ocrx_word' id='word_1_153' title='bbox 1120 2127 1324 2196; x_wconf 84' lang='lat' dir='ltr'><strong>aliquid</strong></span> <span class='ocrx_word' id='word_1_154' title='bbox 1353 2128 1662 2183; x_wconf 64' lang='lat' dir='ltr'><strong>conferret</strong></span> <span class='ocrx_word' id='word_1_155' title='bbox 1694 2128 1752 2182; x_wconf 91' lang='lat' dir='ltr'><strong>ln</strong></span> <span class='ocrx_word' id='word_1_156' title='bbox 1780 2144 1994 2194; x_wconf 90' lang='lat' dir='ltr'><strong>omnes,</strong></span> <span class='ocrx_word' id='word_1_157' title='bbox 2025 2137 2079 2184; x_wconf 90' lang='lat' dir='ltr'><strong>et</strong></span> <span class='ocrx_word' id='word_1_158' title='bbox 2107 2146 2206 2185; x_wconf 83' lang='lat' dir='ltr'><strong>su-</strong></span> 
     </span>
    </p>
   </div>
   <div class='ocr_carea' id='block_1_24' title="bbox 612 2216 2199 2293">
    <p class='ocr_par' dir='ltr' id='par_1_24' title="bbox 612 2216 2199 2293">
     <span class='ocr_line' id='line_1_24' title="bbox 612 2216 2199 2293; baseline 0.006 -26"><span class='ocrx_word' id='word_1_159' title='bbox 612 2216 711 2283; x_wconf 79' lang='lat' dir='ltr'><strong>per</strong></span> <span class='ocrx_word' id='word_1_160' title='bbox 726 2231 938 2272; x_wconf 87' lang='lat' dir='ltr'><strong>omnes.</strong></span> <span class='ocrx_word' id='word_1_161' title='bbox 968 2237 986 2269; x_wconf 75' lang='grc' dir='ltr'><strong>ι</strong></span> <span class='ocrx_word' id='word_1_162' title='bbox 1013 2220 1068 2272; x_wconf 94' lang='lat' dir='ltr'><strong>In</strong></span> <span class='ocrx_word' id='word_1_163' title='bbox 1093 2220 1524 2291; x_wconf 78' lang='lat' dir='ltr'><strong>omnes,inquit,</strong></span> <span class='ocrx_word' id='word_1_164' title='bbox 1553 2222 1792 2287; x_wconf 67' lang='lat' dir='ltr'><strong>Judmos,</strong></span> <span class='ocrx_word' id='word_1_165' title='bbox 1823 2223 1915 2293; x_wconf 85' lang='lat' dir='ltr'><strong>qui</strong></span> <span class='ocrx_word' id='word_1_166' title='bbox 1945 2223 2199 2289; x_wconf 87' lang='lat' dir='ltr'><strong>credunt,</strong></span> 
     </span>
    </p>
   </div>
   <div class='ocr_carea' id='block_1_25' title="bbox 610 2304 2203 2383">
    <p class='ocr_par' dir='ltr' id='par_1_25' title="bbox 610 2304 2203 2383">
     <span class='ocr_line' id='line_1_25' title="bbox 610 2304 2203 2383; baseline 0.006 -22"><span class='ocrx_word' id='word_1_167' title='bbox 610 2306 774 2377; x_wconf 60' lang='lat'><strong>2&amp;2</strong></span> <span class='ocrx_word' id='word_1_168' title='bbox 806 2315 868 2361; x_wconf 91' lang='lat' dir='ltr'><strong>nt</strong></span> <span class='ocrx_word' id='word_1_169' title='bbox 917 2309 1011 2379; x_wconf 86' lang='lat' dir='ltr'><strong>qui</strong></span> <span class='ocrx_word' id='word_1_170' title='bbox 1049 2311 1193 2380; x_wconf 90' lang='lat' dir='ltr'><strong>apud</strong></span> <span class='ocrx_word' id='word_1_171' title='bbox 1230 2326 1290 2367; x_wconf 90' lang='lat' dir='ltr'><strong>se</strong></span> <span class='ocrx_word' id='word_1_172' title='bbox 1323 2304 1379 2366; x_wconf 86' lang='lat' dir='ltr'><strong>et</strong></span> <span class='ocrx_word' id='word_1_173' title='bbox 1408 2328 1475 2367; x_wconf 81' lang='lat' dir='ltr'><strong>ex</strong></span> <span class='ocrx_word' id='word_1_174' title='bbox 1507 2313 1642 2383; x_wconf 84' lang='lat' dir='ltr'><strong>ipsis</strong></span> <span class='ocrx_word' id='word_1_175' title='bbox 1691 2314 1961 2370; x_wconf 87' lang='lat' dir='ltr'><strong>haberent</strong></span> <span class='ocrx_word' id='word_1_176' title='bbox 2008 2316 2203 2371; x_wconf 84' lang='lat' dir='ltr'><strong>salutis</strong></span> 
     </span>
    </p>
   </div>
   <div class='ocr_carea' id='block_1_26' title="bbox 609 2402 2201 2479">
    <p class='ocr_par' dir='ltr' id='par_1_26' title="bbox 609 2402 2201 2479">
     <span class='ocr_line' id='line_1_26' title="bbox 609 2402 2201 2479; baseline 0.007 -23"><span class='ocrx_word' id='word_1_177' title='bbox 609 2416 851 2467; x_wconf 88' lang='lat' dir='ltr'><strong>causam,</strong></span> <span class='ocrx_word' id='word_1_178' title='bbox 872 2402 1050 2473; x_wconf 91' lang='lat' dir='ltr'><strong>ipsum</strong></span> <span class='ocrx_word' id='word_1_179' title='bbox 1073 2421 1268 2475; x_wconf 87' lang='lat' dir='ltr'><strong>nempe</strong></span> <span class='ocrx_word' id='word_1_180' title='bbox 1290 2406 1777 2479; x_wconf 81' lang='lat' dir='ltr'><strong>Christum.Super</strong></span> <span class='ocrx_word' id='word_1_181' title='bbox 1794 2426 1989 2467; x_wconf 85' lang='lat' dir='ltr'><strong>omnes</strong></span> <span class='ocrx_word' id='word_1_182' title='bbox 2014 2420 2201 2466; x_wconf 83' lang='lat' dir='ltr'><strong>autem</strong></span> 
     </span>
    </p>
   </div>
   <div class='ocr_carea' id='block_1_27' title="bbox 608 2495 2197 2571">
    <p class='ocr_par' dir='ltr' id='par_1_27' title="bbox 608 2495 2197 2571">
     <span class='ocr_line' id='line_1_27' title="bbox 608 2495 2197 2571; baseline 0.009 -24"><span class='ocrx_word' id='word_1_183' title='bbox 608 2495 865 2552; x_wconf 85' lang='lat' dir='ltr'><strong>ethnicos</strong></span> <span class='ocrx_word' id='word_1_184' title='bbox 902 2498 1059 2561; x_wconf 87' lang='lat' dir='ltr'><strong>dicit,</strong></span> <span class='ocrx_word' id='word_1_185' title='bbox 1093 2499 1189 2570; x_wconf 89' lang='lat' dir='ltr'><strong>qui</strong></span> <span class='ocrx_word' id='word_1_186' title='bbox 1219 2515 1248 2553; x_wconf 87' lang='lat' dir='ltr'><strong>a</strong></span> <span class='ocrx_word' id='word_1_187' title='bbox 1270 2498 1474 2556; x_wconf 65' lang='lat' dir='ltr'><strong>Iudaeis</strong></span> <span class='ocrx_word' id='word_1_188' title='bbox 1521 2504 1879 2571; x_wconf 87' lang='lat' dir='ltr'><strong>crediderint,</strong></span> <span class='ocrx_word' id='word_1_189' title='bbox 1902 2514 1958 2560; x_wconf 90' lang='lat' dir='ltr'><strong>et</strong></span> <span class='ocrx_word' id='word_1_190' title='bbox 1977 2515 2197 2562; x_wconf 73' lang='lat' dir='ltr'><strong>extenta</strong></span> 
     </span>
    </p>
   </div>
   <div class='ocr_carea' id='block_1_28' title="bbox 610 2586 2200 2667">
    <p class='ocr_par' dir='ltr' id='par_1_28' title="bbox 610 2586 2200 2667">
     <span class='ocr_line' id='line_1_28' title="bbox 610 2586 2200 2667; baseline 0.011 -29"><span class='ocrx_word' id='word_1_191' title='bbox 610 2586 684 2639; x_wconf 86' lang='lat' dir='ltr'><strong>sit</strong></span> <span class='ocrx_word' id='word_1_192' title='bbox 715 2601 884 2655; x_wconf 86' lang='lat' dir='ltr'><strong>super</strong></span> <span class='ocrx_word' id='word_1_193' title='bbox 916 2604 1014 2644; x_wconf 91' lang='lat' dir='ltr'><strong>eos</strong></span> <span class='ocrx_word' id='word_1_194' title='bbox 1045 2593 1243 2660; x_wconf 78' lang='lat' dir='ltr'><strong>gratia.</strong></span> <span class='ocrx_word' id='word_1_195' title='bbox 1272 2592 1479 2647; x_wconf 78' lang='lat' dir='ltr'><strong>Verum</strong></span> <span class='ocrx_word' id='word_1_196' title='bbox 1507 2601 1563 2649; x_wconf 85' lang='lat' dir='ltr'><strong>et</strong></span> <span class='ocrx_word' id='word_1_197' title='bbox 1592 2594 1714 2660; x_wconf 85' lang='lat' dir='ltr'><strong>hos,</strong></span> <span class='ocrx_word' id='word_1_198' title='bbox 1750 2596 1950 2667; x_wconf 83' lang='lat' dir='ltr'><strong>inquit,</strong></span> <span class='ocrx_word' id='word_1_199' title='bbox 1994 2608 2047 2653; x_wconf 90' lang='lat' dir='ltr'><strong>et</strong></span> <span class='ocrx_word' id='word_1_200' title='bbox 2077 2600 2200 2656; x_wconf 87' lang='lat' dir='ltr'><strong>illos</strong></span> 
     </span>
    </p>
   </div>
   <div class='ocr_carea' id='block_1_29' title="bbox 608 2675 2202 2757">
    <p class='ocr_par' dir='ltr' id='par_1_29' title="bbox 608 2675 2202 2757">
     <span class='ocr_line' id='line_1_29' title="bbox 608 2675 2202 2757; baseline 0.011 -28"><span class='ocrx_word' id='word_1_201' title='bbox 608 2675 741 2733; x_wconf 83' lang='lat' dir='ltr'><strong>fecit</strong></span> <span class='ocrx_word' id='word_1_202' title='bbox 758 2680 948 2750; x_wconf 69' lang='lat' dir='ltr'><strong>gratia:</strong></span> <span class='ocrx_word' id='word_1_203' title='bbox 977 2683 1293 2752; x_wconf 81' lang='lat' dir='ltr'><strong>participes,</strong></span> <span class='ocrx_word' id='word_1_204' title='bbox 1319 2700 1426 2739; x_wconf 92' lang='lat' dir='ltr'><strong>non</strong></span> <span class='ocrx_word' id='word_1_205' title='bbox 1449 2702 1832 2757; x_wconf 89' lang='lat' dir='ltr'><strong>quoscunque,</strong></span> <span class='ocrx_word' id='word_1_206' title='bbox 1848 2691 1941 2744; x_wconf 91' lang='lat' dir='ltr'><strong>sed</strong></span> <span class='ocrx_word' id='word_1_207' title='bbox 1965 2691 2202 2747; x_wconf 84' lang='lat' dir='ltr'><strong>creden-</strong></span> 
     </span>
    </p>
   </div>
   <div class='ocr_carea' id='block_1_30' title="bbox 610 2770 2196 2853">
    <p class='ocr_par' dir='ltr' id='par_1_30' title="bbox 610 2770 2196 2853">
     <span class='ocr_line' id='line_1_30' title="bbox 610 2770 2196 2853; baseline 0.009 -30"><span class='ocrx_word' id='word_1_208' title='bbox 610 2777 715 2826; x_wconf 85' lang='lat' dir='ltr'><strong>tes.</strong></span> <span class='ocrx_word' id='word_1_209' title='bbox 748 2770 815 2825; x_wconf 89' lang='lat' dir='ltr'><strong>Et</strong></span> <span class='ocrx_word' id='word_1_210' title='bbox 850 2772 1074 2840; x_wconf 88' lang='lat' dir='ltr'><strong>iterum,</strong></span> <span class='ocrx_word' id='word_1_211' title='bbox 1117 2776 1247 2845; x_wconf 84' lang='lat' dir='ltr'><strong>quia</strong></span> <span class='ocrx_word' id='word_1_212' title='bbox 1286 2779 1488 2832; x_wconf 91' lang='lat' dir='ltr'><strong>merito</strong></span> <span class='ocrx_word' id='word_1_213' title='bbox 1536 2781 1848 2836; x_wconf 86' lang='lat' dir='ltr'><strong>communis</strong></span> <span class='ocrx_word' id='word_1_214' title='bbox 1878 2791 1965 2837; x_wconf 89' lang='lat' dir='ltr'><strong>est</strong></span> <span class='ocrx_word' id='word_1_215' title='bbox 1998 2784 2196 2853; x_wconf 86' lang='lat' dir='ltr'><strong>gratia,</strong></span> 
     </span>
    </p>
   </div>
   <div class='ocr_carea' id='block_1_31' title="bbox 607 2871 2190 2937">
    <p class='ocr_par' dir='ltr' id='par_1_31' title="bbox 607 2871 2190 2937">
     <span class='ocr_line' id='line_1_31' title="bbox 607 2871 2190 2937; baseline 0.009 -23"><span class='ocrx_word' id='word_1_216' title='bbox 607 2876 732 2930; x_wconf 79' lang='lat' dir='ltr'><strong>qua:</strong></span> <span class='ocrx_word' id='word_1_217' title='bbox 777 2874 863 2919; x_wconf 88' lang='lat' dir='ltr'><strong>est</strong></span> <span class='ocrx_word' id='word_1_218' title='bbox 903 2880 1030 2937; x_wconf 79' lang='lat' dir='ltr'><strong>erga</strong></span> <span class='ocrx_word' id='word_1_219' title='bbox 1065 2884 1279 2925; x_wconf 89' lang='lat' dir='ltr'><strong>omnes.</strong></span> <span class='ocrx_word' id='word_1_220' title='bbox 1323 2889 1341 2921; x_wconf 76' lang='grc' dir='ltr'><strong>ι</strong></span> <span class='ocrx_word' id='word_1_221' title='bbox 1374 2871 1491 2926; x_wconf 86' lang='grc' dir='ltr'><strong>Νυη</strong></span> <span class='ocrx_word' id='word_1_222' title='bbox 1535 2874 1684 2927; x_wconf 89' lang='lat' dir='ltr'><strong>enim</strong></span> <span class='ocrx_word' id='word_1_223' title='bbox 1713 2882 1800 2929; x_wconf 90' lang='lat' dir='ltr'><strong>est</strong></span> <span class='ocrx_word' id='word_1_224' title='bbox 1832 2875 2132 2931; x_wconf 89' lang='lat' dir='ltr'><strong>distinctio.</strong></span> <span class='ocrx_word' id='word_1_225' title='bbox 2172 2894 2190 2929; x_wconf 79' lang='grc' dir='ltr'><strong>ι</strong></span> 
     </span>
    </p>
   </div>
   <div class='ocr_carea' id='block_1_32' title="bbox 609 2955 2197 3024">
    <p class='ocr_par' dir='ltr' id='par_1_32' title="bbox 609 2955 2197 3024">
     <span class='ocr_line' id='line_1_32' title="bbox 609 2955 2197 3024; baseline 0.009 -15"><span class='ocrx_word' id='word_1_226' title='bbox 609 2955 850 3010; x_wconf 75' lang='lat' dir='ltr'><strong>Rursum</strong></span> <span class='ocrx_word' id='word_1_227' title='bbox 889 2957 1108 3015; x_wconf 67' lang='lat' dir='ltr'><strong>Judaaos</strong></span> <span class='ocrx_word' id='word_1_228' title='bbox 1144 2963 1387 3016; x_wconf 67' lang='lat' dir='ltr'><strong>osteniit</strong></span> <span class='ocrx_word' id='word_1_229' title='bbox 1436 2964 1575 3019; x_wconf 90' lang='lat' dir='ltr'><strong>nihil</strong></span> <span class='ocrx_word' id='word_1_230' title='bbox 1616 2966 1957 3023; x_wconf 72' lang='lat' dir='ltr'><strong>excellentia:</strong></span> <span class='ocrx_word' id='word_1_231' title='bbox 1992 2968 2197 3024; x_wconf 84' lang='lat' dir='ltr'><strong>habere</strong></span> 
     </span>
    </p>
   </div>
   <div class='ocr_carea' id='block_1_33' title="bbox 606 3051 2197 3129">
    <p class='ocr_par' dir='ltr' id='par_1_33' title="bbox 606 3051 2197 3129">
     <span class='ocr_line' id='line_1_33' title="bbox 606 3051 2197 3129; baseline 0.01 -27"><span class='ocrx_word' id='word_1_232' title='bbox 606 3064 720 3119; x_wconf 65' lang='lat' dir='ltr'><strong>prae</strong></span> <span class='ocrx_word' id='word_1_233' title='bbox 767 3051 1043 3121; x_wconf 82' lang='lat' dir='ltr'><strong>gentibus.</strong></span> <span class='ocrx_word' id='word_1_234' title='bbox 1098 3073 1118 3106; x_wconf 80' lang='grc' dir='ltr'><strong>ι</strong></span> <span class='ocrx_word' id='word_1_235' title='bbox 1161 3055 1298 3110; x_wconf 88' lang='lat' dir='ltr'><strong>Nam</strong></span> <span class='ocrx_word' id='word_1_236' title='bbox 1347 3073 1540 3114; x_wconf 88' lang='lat' dir='ltr'><strong>omnes</strong></span> <span class='ocrx_word' id='word_1_237' title='bbox 1591 3070 1981 3129; x_wconf 77' lang='lat' dir='ltr'><strong>peccaverunt.</strong></span> <span class='ocrx_word' id='word_1_238' title='bbox 2045 3080 2063 3113; x_wconf 78' lang='grc' dir='ltr'><strong>ι</strong></span> <span class='ocrx_word' id='word_1_239' title='bbox 2118 3063 2197 3118; x_wconf 86' lang='lat' dir='ltr'><strong>Ne</strong></span> 
     </span>
    </p>
   </div>
   <div class='ocr_carea' id='block_1_34' title="bbox 605 3140 2195 3225">
    <p class='ocr_par' dir='ltr' id='par_1_34' title="bbox 605 3140 2195 3225">
     <span class='ocr_line' id='line_1_34' title="bbox 605 3140 2195 3225; baseline 0.011 -33"><span class='ocrx_word' id='word_1_240' title='bbox 605 3140 763 3203; x_wconf 88' lang='lat' dir='ltr'><strong>mihi,</strong></span> <span class='ocrx_word' id='word_1_241' title='bbox 795 3142 994 3211; x_wconf 87' lang='lat' dir='ltr'><strong>inquit,</strong></span> <span class='ocrx_word' id='word_1_242' title='bbox 1020 3146 1202 3200; x_wconf 85' lang='lat' dir='ltr'><strong>dicas:</strong></span> <span class='ocrx_word' id='word_1_243' title='bbox 1234 3148 1349 3219; x_wconf 81' lang='lat' dir='ltr'><strong>Ego</strong></span> <span class='ocrx_word' id='word_1_244' title='bbox 1393 3149 1618 3207; x_wconf 64' lang='lat' dir='ltr'><strong>Judaaus</strong></span> <span class='ocrx_word' id='word_1_245' title='bbox 1655 3167 1799 3217; x_wconf 90' lang='lat' dir='ltr'><strong>sum,</strong></span> <span class='ocrx_word' id='word_1_246' title='bbox 1834 3154 1928 3223; x_wconf 88' lang='lat' dir='ltr'><strong>qui</strong></span> <span class='ocrx_word' id='word_1_247' title='bbox 1955 3169 2195 3225; x_wconf 85' lang='lat' dir='ltr'><strong>superne</strong></span> 
     </span>
    </p>
   </div>
   <div class='ocr_carea' id='block_1_35' title="bbox 604 3231 2191 3307">
    <p class='ocr_par' dir='ltr' id='par_1_35' title="bbox 604 3231 2191 3307">
     <span class='ocr_line' id='line_1_35' title="bbox 604 3231 2191 3307; baseline 0.011 -21"><span class='ocrx_word' id='word_1_248' title='bbox 604 3231 777 3288; x_wconf 88' lang='lat' dir='ltr'><strong>Deum</strong></span> <span class='ocrx_word' id='word_1_249' title='bbox 802 3238 1054 3307; x_wconf 81' lang='lat' dir='ltr'><strong>cognovi,</strong></span> <span class='ocrx_word' id='word_1_250' title='bbox 1085 3240 1174 3295; x_wconf 91' lang='lat' dir='ltr'><strong>hic</strong></span> <span class='ocrx_word' id='word_1_251' title='bbox 1198 3251 1381 3298; x_wconf 88' lang='lat' dir='ltr'><strong>autem</strong></span> <span class='ocrx_word' id='word_1_252' title='bbox 1399 3252 1696 3300; x_wconf 81' lang='lat' dir='ltr'><strong>extraneus</strong></span> <span class='ocrx_word' id='word_1_253' title='bbox 1724 3255 1881 3303; x_wconf 89' lang='lat' dir='ltr'><strong>estet</strong></span> <span class='ocrx_word' id='word_1_254' title='bbox 1903 3246 2191 3304; x_wconf 88' lang='lat' dir='ltr'><strong>barbarus.</strong></span> 
     </span>
    </p>
   </div>
   <div class='ocr_carea' id='block_1_36' title="bbox 607 3325 2191 3412">
    <p class='ocr_par' dir='ltr' id='par_1_36' title="bbox 607 3325 2191 3412">
     <span class='ocr_line' id='line_1_36' title="bbox 607 3325 2191 3412; baseline 0.011 -35"><span class='ocrx_word' id='word_1_255' title='bbox 607 3325 858 3383; x_wconf 80' lang='lat' dir='ltr'><strong>Profecto</strong></span> <span class='ocrx_word' id='word_1_256' title='bbox 886 3332 928 3384; x_wconf 91' lang='lat' dir='ltr'><strong>si</strong></span> <span class='ocrx_word' id='word_1_257' title='bbox 964 3348 1157 3389; x_wconf 89' lang='lat' dir='ltr'><strong>omnes</strong></span> <span class='ocrx_word' id='word_1_258' title='bbox 1191 3346 1584 3404; x_wconf 87' lang='lat' dir='ltr'><strong>peccaverunt,</strong></span> <span class='ocrx_word' id='word_1_259' title='bbox 1628 3340 1835 3396; x_wconf 83' lang='lat' dir='ltr'><strong>habent</strong></span> <span class='ocrx_word' id='word_1_260' title='bbox 1879 3357 2101 3412; x_wconf 88' lang='lat' dir='ltr'><strong>quoque</strong></span> <span class='ocrx_word' id='word_1_261' title='bbox 2137 3342 2191 3397; x_wconf 90' lang='lat' dir='ltr'><strong>id</strong></span> 
     </span>
    </p>
   </div>
   <div class='ocr_carea' id='block_1_37' title="bbox 604 3426 2189 3499">
    <p class='ocr_par' dir='ltr' id='par_1_37' title="bbox 604 3426 2189 3499">
     <span class='ocr_line' id='line_1_37' title="bbox 604 3426 2189 3499; baseline 0.011 -27"><span class='ocrx_word' id='word_1_262' title='bbox 604 3433 819 3485; x_wconf 91' lang='lat' dir='ltr'><strong>omnes,</strong></span> <span class='ocrx_word' id='word_1_263' title='bbox 873 3432 933 3477; x_wconf 91' lang='lat' dir='ltr'><strong>ut</strong></span> <span class='ocrx_word' id='word_1_264' title='bbox 972 3426 1139 3481; x_wconf 89' lang='lat' dir='ltr'><strong>simili</strong></span> <span class='ocrx_word' id='word_1_265' title='bbox 1189 3430 1449 3499; x_wconf 66' lang='lat' dir='ltr'><strong>aequitate</strong></span> <span class='ocrx_word' id='word_1_266' title='bbox 1499 3432 1637 3486; x_wconf 86' lang='lat' dir='ltr'><strong>salvi</strong></span> <span class='ocrx_word' id='word_1_267' title='bbox 1678 3432 1833 3487; x_wconf 84' lang='lat' dir='ltr'><strong>ﬁant.</strong></span> <span class='ocrx_word' id='word_1_268' title='bbox 1888 3433 2009 3488; x_wconf 88' lang='lat' dir='ltr'><strong>Non</strong></span> <span class='ocrx_word' id='word_1_269' title='bbox 2042 3435 2189 3490; x_wconf 91' lang='lat' dir='ltr'><strong>enim</strong></span> 
     </span>
    </p>
   </div>
   <div class='ocr_carea' id='block_1_38' title="bbox 602 3513 2190 3596">
    <p class='ocr_par' dir='ltr' id='par_1_38' title="bbox 602 3513 2190 3596">
     <span class='ocr_line' id='line_1_38' title="bbox 602 3513 2190 3596; baseline 0.009 -30"><span class='ocrx_word' id='word_1_270' title='bbox 602 3520 689 3596; x_wconf 81' lang='lat' dir='ltr'><strong>est</strong></span> <span class='ocrx_word' id='word_1_271' title='bbox 718 3513 1028 3570; x_wconf 83' lang='lat' dir='ltr'><strong>dill‘erentia</strong></span> <span class='ocrx_word' id='word_1_272' title='bbox 1055 3558 1070 3582; x_wconf 93' lang='lat'><strong>,</strong></span> <span class='ocrx_word' id='word_1_273' title='bbox 1100 3520 1217 3575; x_wconf 85' lang='lat' dir='ltr'><strong>sive</strong></span> <span class='ocrx_word' id='word_1_274' title='bbox 1268 3521 1566 3577; x_wconf 90' lang='lat' dir='ltr'><strong>discrimen</strong></span> <span class='ocrx_word' id='word_1_275' title='bbox 1621 3523 1795 3579; x_wconf 57' lang='lat' dir='ltr'><strong>Judaei</strong></span> <span class='ocrx_word' id='word_1_276' title='bbox 1840 3540 1904 3582; x_wconf 90' lang='lat' dir='ltr'><strong>ac</strong></span> <span class='ocrx_word' id='word_1_277' title='bbox 1948 3526 2190 3596; x_wconf 80' lang='lat' dir='ltr'><strong>gentilis,</strong></span> 
     </span>
    </p>
   </div>
   <div class='ocr_carea' id='block_1_39' title="bbox 606 3594 2192 3688">
    <p class='ocr_par' dir='ltr' id='par_1_39' title="bbox 606 3594 2192 3688">
     <span class='ocr_line' id='line_1_39' title="bbox 606 3594 2192 3688; baseline 0.012 -31"><span class='ocrx_word' id='word_1_278' title='bbox 606 3594 830 3676; x_wconf 60' lang='lat' dir='ltr'><strong>u‘trique</strong></span> <span class='ocrx_word' id='word_1_279' title='bbox 878 3608 1135 3665; x_wconf 89' lang='lat' dir='ltr'><strong>similiter</strong></span> <span class='ocrx_word' id='word_1_280' title='bbox 1189 3625 1582 3682; x_wconf 78' lang='lat' dir='ltr'><strong>peccaverunt.</strong></span> <span class='ocrx_word' id='word_1_281' title='bbox 1645 3635 1665 3669; x_wconf 80' lang='grc' dir='ltr'><strong>ι</strong></span> <span class='ocrx_word' id='word_1_282' title='bbox 1724 3618 1795 3672; x_wconf 87' lang='grc' dir='ltr'>Ει</span> <span class='ocrx_word' id='word_1_283' title='bbox 1856 3594 2192 3688; x_wconf 59' lang='lat' dir='ltr'><strong>posteriores</strong></span> 
     </span>
    </p>
   </div>
   <div class='ocr_carea' id='block_1_40' title="bbox 603 3698 2189 3781">
    <p class='ocr_par' dir='ltr' id='par_1_40' title="bbox 603 3698 2189 3781">
     <span class='ocr_line' id='line_1_40' title="bbox 603 3698 2189 3781; baseline 0.011 -32"><span class='ocrx_word' id='word_1_284' title='bbox 603 3704 735 3749; x_wconf 88' lang='lat' dir='ltr'><strong>sunt</strong></span> <span class='ocrx_word' id='word_1_285' title='bbox 775 3698 948 3767; x_wconf 92' lang='lat' dir='ltr'><strong>gloria</strong></span> <span class='ocrx_word' id='word_1_286' title='bbox 989 3701 1108 3765; x_wconf 87' lang='lat' dir='ltr'><strong>Dei,</strong></span> <span class='ocrx_word' id='word_1_287' title='bbox 1155 3721 1172 3754; x_wconf 79' lang='grc' dir='ltr'><strong>ι</strong></span> <span class='ocrx_word' id='word_1_288' title='bbox 1226 3712 1335 3759; x_wconf 87' lang='lat' dir='ltr'><strong>etc.</strong></span> <span class='ocrx_word' id='word_1_289' title='bbox 1383 3704 1669 3776; x_wconf 89' lang='lat' dir='ltr'><strong>Siquidem</strong></span> <span class='ocrx_word' id='word_1_290' title='bbox 1727 3724 1797 3764; x_wconf 88' lang='lat' dir='ltr'><strong>ne</strong></span> <span class='ocrx_word' id='word_1_291' title='bbox 1850 3718 1931 3773; x_wconf 92' lang='lat' dir='ltr'><strong>tu,</strong></span> <span class='ocrx_word' id='word_1_292' title='bbox 1984 3711 2189 3781; x_wconf 89' lang='lat' dir='ltr'><strong>inquit,</strong></span> 
     </span>
    </p>
   </div>
   <div class='ocr_carea' id='block_1_41' title="bbox 608 3784 2189 3865">
    <p class='ocr_par' dir='ltr' id='par_1_41' title="bbox 608 3784 2189 3865">
     <span class='ocr_line' id='line_1_41' title="bbox 608 3784 2189 3865; baseline 0.014 -28"><span class='ocrx_word' id='word_1_293' title='bbox 608 3784 744 3840; x_wconf 87' lang='lat' dir='ltr'><strong>mihi</strong></span> <span class='ocrx_word' id='word_1_294' title='bbox 794 3788 986 3845; x_wconf 89' lang='lat' dir='ltr'><strong>dicas:</strong></span> <span class='ocrx_word' id='word_1_295' title='bbox 1030 3790 1205 3848; x_wconf 71' lang='grc' dir='ltr'><strong>ϐταιοί</strong></span> <span class='ocrx_word' id='word_1_296' title='bbox 1237 3796 1459 3865; x_wconf 76' lang='lat' dir='ltr'><strong>gravius</strong></span> <span class='ocrx_word' id='word_1_297' title='bbox 1488 3809 1874 3865; x_wconf 77' lang='lat' dir='ltr'><strong>peccaverunt.</strong></span> <span class='ocrx_word' id='word_1_298' title='bbox 1901 3802 2091 3858; x_wconf 75' lang='lat' dir='ltr'><strong>Nonne</strong></span> <span class='ocrx_word' id='word_1_299' title='bbox 2133 3812 2189 3858; x_wconf 93' lang='lat' dir='ltr'><strong>tu</strong></span> 
     </span>
    </p>
   </div>
   <div class='ocr_carea' id='block_1_42' title="bbox 602 3879 2188 3966">
    <p class='ocr_par' dir='ltr' id='par_1_42' title="bbox 602 3879 2188 3966">
     <span class='ocr_line' id='line_1_42' title="bbox 602 3879 2188 3966; baseline 0.013 -36"><span class='ocrx_word' id='word_1_300' title='bbox 602 3879 776 3949; x_wconf 82' lang='lat' dir='ltr'><strong>gloria</strong></span> <span class='ocrx_word' id='word_1_301' title='bbox 802 3896 865 3936; x_wconf 89' lang='lat' dir='ltr'><strong>ac</strong></span> <span class='ocrx_word' id='word_1_302' title='bbox 896 3882 1259 3942; x_wconf 77' lang='lat' dir='ltr'><strong>beneficentia</strong></span> <span class='ocrx_word' id='word_1_303' title='bbox 1286 3887 1384 3943; x_wconf 87' lang='lat' dir='ltr'><strong>Dei</strong></span> <span class='ocrx_word' id='word_1_304' title='bbox 1423 3892 1695 3959; x_wconf 88' lang='lat' dir='ltr'><strong>posterior</strong></span> <span class='ocrx_word' id='word_1_305' title='bbox 1748 3893 1851 3949; x_wconf 86' lang='lat' dir='ltr'><strong>es?</strong></span> <span class='ocrx_word' id='word_1_306' title='bbox 1887 3895 2188 3966; x_wconf 73' lang='lat' dir='ltr'><strong>gratisque,</strong></span> 
     </span>
    </p>
   </div>
   <div class='ocr_carea' id='block_1_43' title="bbox 601 3969 2191 4052">
    <p class='ocr_par' dir='ltr' id='par_1_43' title="bbox 601 3969 2191 4052">
     <span class='ocr_line' id='line_1_43' title="bbox 601 3969 2191 4052; baseline 0.011 -29"><span class='ocrx_word' id='word_1_307' title='bbox 601 3969 710 4025; x_wconf 88' lang='lat' dir='ltr'><strong>hoc</strong></span> <span class='ocrx_word' id='word_1_308' title='bbox 742 3979 846 4037; x_wconf 85' lang='lat' dir='ltr'><strong>est,</strong></span> <span class='ocrx_word' id='word_1_309' title='bbox 894 3973 1101 4045; x_wconf 83' lang='lat' dir='ltr'><strong>absque</strong></span> <span class='ocrx_word' id='word_1_310' title='bbox 1137 3978 1247 4032; x_wconf 87' lang='lat' dir='ltr'><strong>tuis</strong></span> <span class='ocrx_word' id='word_1_311' title='bbox 1297 3981 1464 4035; x_wconf 87' lang='lat' dir='ltr'><strong>rectis</strong></span> <span class='ocrx_word' id='word_1_312' title='bbox 1494 3983 1780 4052; x_wconf 73' lang='lat' dir='ltr'><strong>oneribus,</strong></span> <span class='ocrx_word' id='word_1_313' title='bbox 1819 3985 2092 4041; x_wconf 78' lang='lat' dir='ltr'><strong>solvaris?</strong></span> <span class='ocrx_word' id='word_1_314' title='bbox 2126 4002 2191 4041; x_wconf 87' lang='lat' dir='ltr'><strong>ac</strong></span> 
     </span>
    </p>
   </div>
   <div class='ocr_carea' id='block_1_44' title="bbox 599 4066 2190 4146">
    <p class='ocr_par' dir='ltr' id='par_1_44' title="bbox 599 4066 2190 4146">
     <span class='ocr_line' id='line_1_44' title="bbox 599 4066 2190 4146; baseline 0.011 -31"><span class='ocrx_word' id='word_1_315' title='bbox 599 4078 822 4118; x_wconf 89' lang='lat' dir='ltr'><strong>rursum</strong></span> <span class='ocrx_word' id='word_1_316' title='bbox 867 4066 941 4121; x_wconf 88' lang='lat' dir='ltr'><strong>ita</strong></span> <span class='ocrx_word' id='word_1_317' title='bbox 975 4076 1038 4121; x_wconf 90' lang='lat' dir='ltr'><strong>ut</strong></span> <span class='ocrx_word' id='word_1_318' title='bbox 1083 4069 1222 4124; x_wconf 87' lang='lat' dir='ltr'><strong>nihil</strong></span> <span class='ocrx_word' id='word_1_319' title='bbox 1269 4071 1523 4126; x_wconf 82' lang='lat' dir='ltr'><strong>conferas</strong></span> <span class='ocrx_word' id='word_1_320' title='bbox 1554 4075 1701 4129; x_wconf 90' lang='lat' dir='ltr'><strong>aliud</strong></span> <span class='ocrx_word' id='word_1_321' title='bbox 1745 4086 1945 4146; x_wconf 69' lang='lat' dir='ltr'><strong>prmter</strong></span> <span class='ocrx_word' id='word_1_322' title='bbox 1987 4076 2190 4131; x_wconf 86' lang='lat' dir='ltr'><strong>fidem?</strong></span> 
     </span>
    </p>
   </div>
   <div class='ocr_carea' id='block_1_45' title="bbox 596 4153 2189 4240">
    <p class='ocr_par' dir='ltr' id='par_1_45' title="bbox 596 4153 2189 4240">
     <span class='ocr_line' id='line_1_45' title="bbox 596 4153 2189 4240; baseline 0.009 -31"><span class='ocrx_word' id='word_1_323' title='bbox 596 4153 849 4226; x_wconf 86' lang='lat' dir='ltr'><strong>Cumque</strong></span> <span class='ocrx_word' id='word_1_324' title='bbox 875 4158 1212 4227; x_wconf 82' lang='lat' dir='ltr'><strong>justiﬁearis,</strong></span> <span class='ocrx_word' id='word_1_325' title='bbox 1246 4165 1420 4233; x_wconf 86' lang='lat' dir='ltr'><strong>gratis</strong></span> <span class='ocrx_word' id='word_1_326' title='bbox 1450 4167 1808 4236; x_wconf 81' lang='lat' dir='ltr'><strong>jnstilicaris:</strong></span> <span class='ocrx_word' id='word_1_327' title='bbox 1840 4185 1904 4225; x_wconf 91' lang='lat' dir='ltr'><strong>ac</strong></span> <span class='ocrx_word' id='word_1_328' title='bbox 1934 4181 2056 4240; x_wconf 90' lang='lat' dir='ltr'><strong>post</strong></span> <span class='ocrx_word' id='word_1_329' title='bbox 2092 4170 2189 4226; x_wconf 91' lang='lat' dir='ltr'><strong>Dei</strong></span> 
     </span>
    </p>
   </div>
   <div class='ocr_carea' id='block_1_46' title="bbox 596 4247 2189 4319">
    <p class='ocr_par' dir='ltr' id='par_1_46' title="bbox 596 4247 2189 4319">
     <span class='ocr_line' id='line_1_46' title="bbox 596 4247 2189 4319; baseline 0.011 -19"><span class='ocrx_word' id='word_1_330' title='bbox 596 4247 824 4319; x_wconf 79' lang='lat' dir='ltr'><strong>gloriam</strong></span> <span class='ocrx_word' id='word_1_331' title='bbox 888 4266 951 4305; x_wconf 91' lang='lat' dir='ltr'><strong>ac</strong></span> <span class='ocrx_word' id='word_1_332' title='bbox 989 4253 1406 4310; x_wconf 82' lang='lat' dir='ltr'><strong>beneficentiam</strong></span> <span class='ocrx_word' id='word_1_333' title='bbox 1462 4258 1720 4314; x_wconf 86' lang='lat' dir='ltr'><strong>accedis?</strong></span> <span class='ocrx_word' id='word_1_334' title='bbox 1785 4280 1805 4312; x_wconf 76' lang='grc' dir='ltr'><strong>ι</strong></span> <span class='ocrx_word' id='word_1_335' title='bbox 1845 4260 2189 4318; x_wconf 87' lang='lat' dir='ltr'><strong>Posteriores</strong></span> 
     </span>
    </p>
   </div>
   <div class='ocr_carea' id='block_1_47' title="bbox 596 4341 2186 4423">
    <p class='ocr_par' dir='ltr' id='par_1_47' title="bbox 596 4341 2186 4423">
     <span class='ocr_line' id='line_1_47' title="bbox 596 4341 2186 4423; baseline 0.011 -30"><span class='ocrx_word' id='word_1_336' title='bbox 596 4347 723 4394; x_wconf 89' lang='lat' dir='ltr'><strong>sunt</strong></span> <span class='ocrx_word' id='word_1_337' title='bbox 758 4341 927 4410; x_wconf 87' lang='lat' dir='ltr'><strong>gloria</strong></span> <span class='ocrx_word' id='word_1_338' title='bbox 963 4343 1079 4406; x_wconf 92' lang='lat' dir='ltr'><strong>Dei,</strong></span> <span class='ocrx_word' id='word_1_339' title='bbox 1126 4364 1143 4395; x_wconf 73' lang='grc' dir='ltr'><strong>ι</strong></span> <span class='ocrx_word' id='word_1_340' title='bbox 1170 4348 1518 4414; x_wconf 85' lang='lat' dir='ltr'><strong>postmodum</strong></span> <span class='ocrx_word' id='word_1_341' title='bbox 1549 4349 1793 4412; x_wconf 83' lang='lat' dir='ltr'><strong>fuerunt,</strong></span> <span class='ocrx_word' id='word_1_342' title='bbox 1833 4367 1942 4406; x_wconf 89' lang='lat' dir='ltr'><strong>non</strong></span> <span class='ocrx_word' id='word_1_343' title='bbox 1977 4368 2186 4423; x_wconf 70' lang='lat' dir='ltr'><strong>prowe-</strong></span> 
     </span>
    </p>
   </div>
   <div class='ocr_carea' id='block_1_48' title="bbox 596 4435 2187 4505">
    <p class='ocr_par' dir='ltr' id='par_1_48' title="bbox 596 4435 2187 4505">
     <span class='ocr_line' id='line_1_48' title="bbox 596 4435 2187 4505; baseline 0.01 -19"><span class='ocrx_word' id='word_1_344' title='bbox 596 4442 801 4488; x_wconf 90' lang='lat' dir='ltr'><strong>nerunt</strong></span> <span class='ocrx_word' id='word_1_345' title='bbox 826 4435 893 4488; x_wconf 93' lang='lat' dir='ltr'><strong>ad</strong></span> <span class='ocrx_word' id='word_1_346' title='bbox 930 4435 1351 4505; x_wconf 82' lang='lat' dir='ltr'><strong>glorificandum</strong></span> <span class='ocrx_word' id='word_1_347' title='bbox 1392 4440 1585 4495; x_wconf 90' lang='lat' dir='ltr'><strong>Deum.</strong></span> <span class='ocrx_word' id='word_1_348' title='bbox 1618 4442 1953 4500; x_wconf 82' lang='lat' dir='ltr'><strong>Exciderant</strong></span> <span class='ocrx_word' id='word_1_349' title='bbox 1993 4461 2187 4503; x_wconf 85' lang='lat' dir='ltr'><strong>omnes</strong></span> 
     </span>
    </p>
   </div>
   <div class='ocr_carea' id='block_1_49' title="bbox 596 4524 2263 4608">
    <p class='ocr_par' dir='ltr' id='par_1_49' title="bbox 596 4524 2263 4608">
     <span class='ocr_line' id='line_1_49' title="bbox 596 4524 2263 4608; baseline 0.007 -29"><span class='ocrx_word' id='word_1_350' title='bbox 596 4524 667 4580; x_wconf 88' lang='lat' dir='ltr'><strong>ab</strong></span> <span class='ocrx_word' id='word_1_351' title='bbox 698 4526 1023 4583; x_wconf 88' lang='lat' dir='ltr'><strong>honorando</strong></span> <span class='ocrx_word' id='word_1_352' title='bbox 1052 4529 1223 4585; x_wconf 88' lang='lat' dir='ltr'><strong>Deum</strong></span> <span class='ocrx_word' id='word_1_353' title='bbox 1250 4548 1264 4587; x_wconf 92' lang='lat'><strong>:</strong></span> <span class='ocrx_word' id='word_1_354' title='bbox 1293 4532 1464 4589; x_wconf 66' lang='lat' dir='ltr'><strong>Judaei</strong></span> <span class='ocrx_word' id='word_1_355' title='bbox 1507 4534 1732 4604; x_wconf 91' lang='lat' dir='ltr'><strong>quidem</strong></span> <span class='ocrx_word' id='word_1_356' title='bbox 1782 4548 2185 4608; x_wconf 64' lang='lat' dir='ltr'><strong>praeceptorum</strong></span> <span class='ocrx_word' id='word_1_357' title='bbox 2220 4536 2263 4590; x_wconf 82' lang='grc' dir='ltr'><strong>Ι)</strong></span> 
     </span>
    </p>
   </div>
   <div class='ocr_carea' id='block_1_50' title="bbox 595 4616 2183 4692">
    <p class='ocr_par' dir='ltr' id='par_1_50' title="bbox 595 4616 2183 4692">
     <span class='ocr_line' id='line_1_50' title="bbox 595 4616 2183 4692; baseline 0.011 -21"><span class='ocrx_word' id='word_1_358' title='bbox 595 4616 733 4688; x_wconf 83' lang='lat' dir='ltr'><strong>legis</strong></span> <span class='ocrx_word' id='word_1_359' title='bbox 767 4628 1206 4692; x_wconf 82' lang='lat' dir='ltr'><strong>transgressores</strong></span> <span class='ocrx_word' id='word_1_360' title='bbox 1229 4623 1392 4691; x_wconf 85' lang='lat' dir='ltr'><strong>facti;</strong></span> <span class='ocrx_word' id='word_1_361' title='bbox 1420 4627 1628 4682; x_wconf 90' lang='lat' dir='ltr'><strong>ethnici</strong></span> <span class='ocrx_word' id='word_1_362' title='bbox 1660 4644 1791 4684; x_wconf 82' lang='lat' dir='ltr'><strong>vero</strong></span> <span class='ocrx_word' id='word_1_363' title='bbox 1826 4630 1969 4685; x_wconf 87' lang='lat' dir='ltr'><strong>idola</strong></span> <span class='ocrx_word' id='word_1_364' title='bbox 2001 4633 2183 4687; x_wconf 81' lang='lat' dir='ltr'><strong>colen-</strong></span> 
     </span>
    </p>
   </div>
   <div class='ocr_carea' id='block_1_51' title="bbox 598 4712 2184 4794">
    <p class='ocr_par' dir='ltr' id='par_1_51' title="bbox 598 4712 2184 4794">
     <span class='ocr_line' id='line_1_51' title="bbox 598 4712 2184 4794; baseline 0.01 -31"><span class='ocrx_word' id='word_1_365' title='bbox 598 4718 702 4766; x_wconf 90' lang='lat' dir='ltr'><strong>tes.</strong></span> <span class='ocrx_word' id='word_1_366' title='bbox 730 4712 860 4768; x_wconf 89' lang='lat' dir='ltr'><strong>ldeo</strong></span> <span class='ocrx_word' id='word_1_367' title='bbox 896 4730 1091 4770; x_wconf 88' lang='lat' dir='ltr'><strong>omnes</strong></span> <span class='ocrx_word' id='word_1_368' title='bbox 1138 4716 1232 4786; x_wconf 92' lang='lat' dir='ltr'><strong>qui</strong></span> <span class='ocrx_word' id='word_1_369' title='bbox 1284 4717 1336 4771; x_wconf 94' lang='lat' dir='ltr'><strong>in</strong></span> <span class='ocrx_word' id='word_1_370' title='bbox 1388 4719 1558 4774; x_wconf 90' lang='lat' dir='ltr'><strong>Deum</strong></span> <span class='ocrx_word' id='word_1_371' title='bbox 1608 4721 1969 4778; x_wconf 88' lang='lat' dir='ltr'><strong>crediderunt</strong></span> <span class='ocrx_word' id='word_1_372' title='bbox 2014 4724 2184 4794; x_wconf 85' lang='lat' dir='ltr'><strong>gratis</strong></span> 
     </span>
    </p>
   </div>
   <div class='ocr_carea' id='block_1_52' title="bbox 590 4803 2181 4878">
    <p class='ocr_par' dir='ltr' id='par_1_52' title="bbox 590 4803 2181 4878">
     <span class='ocr_line' id='line_1_52' title="bbox 590 4803 2181 4878; baseline 0.014 -24"><span class='ocrx_word' id='word_1_373' title='bbox 590 4803 985 4872; x_wconf 84' lang='lat' dir='ltr'><strong>justilicantur,</strong></span> <span class='ocrx_word' id='word_1_374' title='bbox 1028 4808 1208 4878; x_wconf 85' lang='lat' dir='ltr'><strong>ipsum</strong></span> <span class='ocrx_word' id='word_1_375' title='bbox 1257 4811 1485 4867; x_wconf 86' lang='lat' dir='ltr'><strong>credere</strong></span> <span class='ocrx_word' id='word_1_376' title='bbox 1543 4824 1754 4868; x_wconf 82' lang='lat' dir='ltr'><strong>tantum</strong></span> <span class='ocrx_word' id='word_1_377' title='bbox 1809 4815 2181 4876; x_wconf 80' lang='lat' dir='ltr'><strong>conferentes.</strong></span> 
     </span>
    </p>
   </div>
   <div class='ocr_carea' id='block_1_53' title="bbox 593 4894 2185 4980">
    <p class='ocr_par' dir='ltr' id='par_1_53' title="bbox 593 4894 2185 4980">
     <span class='ocr_line' id='line_1_53' title="bbox 593 4894 2185 4980; baseline 0.014 -34"><span class='ocrx_word' id='word_1_378' title='bbox 593 4894 880 4962; x_wconf 84' lang='lat' dir='ltr'><strong>Quomodo</strong></span> <span class='ocrx_word' id='word_1_379' title='bbox 929 4915 1061 4955; x_wconf 80' lang='lat' dir='ltr'><strong>vero</strong></span> <span class='ocrx_word' id='word_1_380' title='bbox 1100 4901 1509 4980; x_wconf 60' lang='lat' dir='ltr'><strong>iustificamuri?</strong></span> <span class='ocrx_word' id='word_1_381' title='bbox 1538 4902 1823 4976; x_wconf 77' lang='lat' dir='ltr'><strong>Redempti</strong></span> <span class='ocrx_word' id='word_1_382' title='bbox 1871 4924 1902 4962; x_wconf 90' lang='lat' dir='ltr'><strong>a</strong></span> <span class='ocrx_word' id='word_1_383' title='bbox 1943 4916 2185 4980; x_wconf 88' lang='lat' dir='ltr'><strong>peccatis</strong></span> 
     </span>
    </p>
   </div>
   <div class='ocr_carea' id='block_1_54' title="bbox 596 4975 2182 5066">
    <p class='ocr_par' dir='ltr' id='par_1_54' title="bbox 596 4975 2182 5066">
     <span class='ocr_line' id='line_1_54' title="bbox 596 4975 2182 5066; baseline 0.011 -25"><span class='ocrx_word' id='word_1_384' title='bbox 596 4987 827 5043; x_wconf 79' lang='lat' dir='ltr'><strong>nostris.</strong></span> <span class='ocrx_word' id='word_1_385' title='bbox 858 4989 962 5045; x_wconf 85' lang='lat' dir='ltr'><strong>Per</strong></span> <span class='ocrx_word' id='word_1_386' title='bbox 993 5007 1157 5061; x_wconf 91' lang='lat' dir='ltr'><strong>quem</strong></span> <span class='ocrx_word' id='word_1_387' title='bbox 1205 4975 1390 5050; x_wconf 64' lang='lat' dir='ltr'><strong>autem</strong></span> <span class='ocrx_word' id='word_1_388' title='bbox 1420 4975 1832 5066; x_wconf 86' lang='lat' dir='ltr'><strong>justilicamur?</strong></span> <span class='ocrx_word' id='word_1_389' title='bbox 1861 4975 1966 5055; x_wconf 75' lang='lat' dir='ltr'><strong>Per</strong></span> <span class='ocrx_word' id='word_1_390' title='bbox 1992 5002 2182 5060; x_wconf 83' lang='lat' dir='ltr'><strong>Jesum</strong></span> 
     </span>
    </p>
   </div>
   <div class='ocr_carea' id='block_1_55' title="bbox 593 5077 2180 5166">
    <p class='ocr_par' dir='ltr' id='par_1_55' title="bbox 593 5077 2180 5166">
     <span class='ocr_line' id='line_1_55' title="bbox 593 5077 2180 5166; baseline 0.013 -34"><span class='ocrx_word' id='word_1_391' title='bbox 593 5077 896 5136; x_wconf 90' lang='lat' dir='ltr'><strong>Christum.</strong></span> <span class='ocrx_word' id='word_1_392' title='bbox 915 5081 1202 5149; x_wconf 87' lang='lat' dir='ltr'><strong>Quomodo</strong></span> <span class='ocrx_word' id='word_1_393' title='bbox 1232 5086 1323 5141; x_wconf 90' lang='lat' dir='ltr'><strong>ille</strong></span> <span class='ocrx_word' id='word_1_394' title='bbox 1348 5089 1621 5144; x_wconf 85' lang='lat' dir='ltr'><strong>redemit?</strong></span> <span class='ocrx_word' id='word_1_395' title='bbox 1641 5090 1871 5162; x_wconf 87' lang='lat' dir='ltr'><strong>Proprio</strong></span> <span class='ocrx_word' id='word_1_396' title='bbox 1888 5096 2180 5166; x_wconf 82' lang='lat' dir='ltr'><strong>sanguine.</strong></span> 
     </span>
    </p>
   </div>
   <div class='ocr_carea' id='block_1_56' title="bbox 593 5172 2180 5252">
    <p class='ocr_par' dir='ltr' id='par_1_56' title="bbox 593 5172 2180 5252">
     <span class='ocr_line' id='line_1_56' title="bbox 593 5172 2180 5252; baseline 0.012 -27"><span class='ocrx_word' id='word_1_397' title='bbox 593 5172 688 5226; x_wconf 82' lang='lat' dir='ltr'><strong>Vel</strong></span> <span class='ocrx_word' id='word_1_398' title='bbox 713 5173 815 5227; x_wconf 92' lang='lat' dir='ltr'><strong>hoc</strong></span> <span class='ocrx_word' id='word_1_399' title='bbox 842 5175 1025 5231; x_wconf 92' lang='lat' dir='ltr'><strong>modo.</strong></span> <span class='ocrx_word' id='word_1_400' title='bbox 1057 5177 1205 5232; x_wconf 88' lang='lat' dir='ltr'><strong>Deus</strong></span> <span class='ocrx_word' id='word_1_401' title='bbox 1226 5179 1631 5252; x_wconf 85' lang='lat' dir='ltr'><strong>illosjustilicat</strong></span> <span class='ocrx_word' id='word_1_402' title='bbox 1659 5185 1950 5241; x_wconf 89' lang='lat' dir='ltr'><strong>credentes</strong></span> <span class='ocrx_word' id='word_1_403' title='bbox 1984 5203 1999 5239; x_wconf 90' lang='lat'><strong>:</strong></span> <span class='ocrx_word' id='word_1_404' title='bbox 2053 5206 2180 5244; x_wconf 85' lang='lat' dir='ltr'><strong>nam</strong></span> 
     </span>
    </p>
   </div>
   <div class='ocr_carea' id='block_1_57' title="bbox 592 5264 2182 5345">
    <p class='ocr_par' dir='ltr' id='par_1_57' title="bbox 592 5264 2182 5345">
     <span class='ocr_line' id='line_1_57' title="bbox 592 5264 2182 5345; baseline 0.012 -29"><span class='ocrx_word' id='word_1_405' title='bbox 592 5264 889 5333; x_wconf 84' lang='lat' dir='ltr'><strong>adoptione</strong></span> <span class='ocrx_word' id='word_1_406' title='bbox 932 5266 1128 5337; x_wconf 79' lang='lat' dir='ltr'><strong>dignos</strong></span> <span class='ocrx_word' id='word_1_407' title='bbox 1157 5270 1332 5336; x_wconf 88' lang='lat' dir='ltr'><strong>ducit,</strong></span> <span class='ocrx_word' id='word_1_408' title='bbox 1394 5272 1591 5343; x_wconf 90' lang='lat' dir='ltr'><strong>suique</strong></span> <span class='ocrx_word' id='word_1_409' title='bbox 1639 5276 1792 5345; x_wconf 79' lang='lat' dir='ltr'><strong>regni</strong></span> <span class='ocrx_word' id='word_1_410' title='bbox 1833 5276 2182 5338; x_wconf 84' lang='lat' dir='ltr'><strong>demonstrat</strong></span> 
     </span>
    </p>
   </div>
   <div class='ocr_carea' id='block_1_58' title="bbox 592 5355 2179 5436">
    <p class='ocr_par' dir='ltr' id='par_1_58' title="bbox 592 5355 2179 5436">
     <span class='ocr_line' id='line_1_58' title="bbox 592 5355 2179 5436; baseline 0.011 -26"><span class='ocrx_word' id='word_1_411' title='bbox 592 5355 860 5422; x_wconf 74' lang='lat' dir='ltr'><strong>hazredes,</strong></span> <span class='ocrx_word' id='word_1_412' title='bbox 893 5374 923 5414; x_wconf 85' lang='lat' dir='ltr'><strong>a</strong></span> <span class='ocrx_word' id='word_1_413' title='bbox 962 5376 1073 5430; x_wconf 88' lang='lat' dir='ltr'><strong>quo</strong></span> <span class='ocrx_word' id='word_1_414' title='bbox 1122 5364 1471 5419; x_wconf 89' lang='lat' dir='ltr'><strong>manifestum</strong></span> <span class='ocrx_word' id='word_1_415' title='bbox 1518 5373 1603 5421; x_wconf 88' lang='lat' dir='ltr'><strong>est</strong></span> <span class='ocrx_word' id='word_1_416' title='bbox 1651 5368 1796 5436; x_wconf 89' lang='lat' dir='ltr'><strong>quod</strong></span> <span class='ocrx_word' id='word_1_417' title='bbox 1821 5370 2179 5427; x_wconf 63' lang='lat' dir='ltr'><strong>aberraverao</strong></span> 
     </span>
    </p>
   </div>
   <div class='ocr_carea' id='block_1_59' title="bbox 592 5452 2179 5535">
    <p class='ocr_par' dir='ltr' id='par_1_59' title="bbox 592 5452 2179 5535">
     <span class='ocr_line' id='line_1_59' title="bbox 592 5452 2179 5535; baseline 0.011 -34"><span class='ocrx_word' id='word_1_418' title='bbox 592 5464 737 5513; x_wconf 86' lang='lat' dir='ltr'><strong>mus,</strong></span> <span class='ocrx_word' id='word_1_419' title='bbox 762 5465 955 5506; x_wconf 86' lang='lat' dir='ltr'><strong>omnes</strong></span> <span class='ocrx_word' id='word_1_420' title='bbox 988 5452 1247 5508; x_wconf 91' lang='lat' dir='ltr'><strong>similiter</strong></span> <span class='ocrx_word' id='word_1_421' title='bbox 1274 5457 1612 5525; x_wconf 86' lang='lat' dir='ltr'><strong>posteriores</strong></span> <span class='ocrx_word' id='word_1_422' title='bbox 1643 5473 1859 5523; x_wconf 81' lang='lat' dir='ltr'><strong>sumus,</strong></span> <span class='ocrx_word' id='word_1_423' title='bbox 1891 5459 2017 5516; x_wconf 89' lang='lat' dir='ltr'><strong>ideo</strong></span> <span class='ocrx_word' id='word_1_424' title='bbox 2054 5478 2179 5535; x_wconf 84' lang='lat' dir='ltr'><strong>gra-</strong></span> 
     </span>
    </p>
   </div>
   <div class='ocr_carea' id='block_1_60' title="bbox 592 5540 1240 5601">
    <p class='ocr_par' dir='ltr' id='par_1_60' title="bbox 592 5540 1240 5601">
     <span class='ocr_line' id='line_1_60' title="bbox 592 5540 1240 5601; baseline 0.011 -7"><span class='ocrx_word' id='word_1_425' title='bbox 592 5540 664 5596; x_wconf 85' lang='lat' dir='ltr'><strong>tis</strong></span> <span class='ocrx_word' id='word_1_426' title='bbox 693 5540 795 5597; x_wconf 87' lang='lat' dir='ltr'><strong>ista</strong></span> <span class='ocrx_word' id='word_1_427' title='bbox 830 5542 992 5598; x_wconf 89' lang='lat' dir='ltr'><strong>nobis</strong></span> <span class='ocrx_word' id='word_1_428' title='bbox 1026 5545 1240 5601; x_wconf 89' lang='lat' dir='ltr'><strong>tribuit.</strong></span> 
     </span>
    </p>
   </div>
   <div class='ocr_carea' id='block_1_61' title="bbox 668 5700 2179 5782">
    <p class='ocr_par' dir='ltr' id='par_1_61' title="bbox 668 5700 2179 5782">
     <span class='ocr_line' id='line_1_61' title="bbox 668 5700 2179 5782; baseline 0.011 -29"><span class='ocrx_word' id='word_1_429' title='bbox 668 5700 758 5765; x_wconf 82' lang='lat' dir='ltr'><strong>lii,</strong></span> <span class='ocrx_word' id='word_1_430' title='bbox 789 5702 985 5760; x_wconf 64' lang='lat'><strong>24-26.</strong></span> <span class='ocrx_word' id='word_1_431' title='bbox 1026 5704 1130 5761; x_wconf 83' lang='lat' dir='ltr'><strong>Per</strong></span> <span class='ocrx_word' id='word_1_432' title='bbox 1178 5710 1585 5780; x_wconf 67' lang='lat' dir='ltr'><strong>redemptionem</strong></span> <span class='ocrx_word' id='word_1_433' title='bbox 1631 5729 1746 5782; x_wconf 76' lang='lat' dir='ltr'><strong>qua:</strong></span> <span class='ocrx_word' id='word_1_434' title='bbox 1798 5723 1874 5768; x_wconf 80' lang='lat' dir='ltr'><strong>cs!</strong></span> <span class='ocrx_word' id='word_1_435' title='bbox 1924 5716 1978 5770; x_wconf 83' lang='lat' dir='ltr'><em>in</em></span> <span class='ocrx_word' id='word_1_436' title='bbox 2022 5714 2179 5772; x_wconf 68' lang='lat' dir='ltr'><strong>Clari-</strong></span> 
     </span>
    </p>
   </div>
   <div class='ocr_carea' id='block_1_62' title="bbox 593 5793 2177 5877">
    <p class='ocr_par' dir='ltr' id='par_1_62' title="bbox 593 5793 2177 5877">
     <span class='ocr_line' id='line_1_62' title="bbox 593 5793 2177 5877; baseline 0.008 -29"><span class='ocrx_word' id='word_1_437' title='bbox 593 5804 677 5849; x_wconf 68' lang='grc' dir='ltr'>δι.)</span> <span class='ocrx_word' id='word_1_438' title='bbox 721 5793 872 5862; x_wconf 71' lang='lat' dir='ltr'><strong>Iesu,</strong></span> <span class='ocrx_word' id='word_1_439' title='bbox 927 5813 1080 5868; x_wconf 80' lang='lat' dir='ltr'><strong>quem</strong></span> <span class='ocrx_word' id='word_1_440' title='bbox 1108 5805 1381 5871; x_wconf 79' lang='lat' dir='ltr'><strong>proposuit</strong></span> <span class='ocrx_word' id='word_1_441' title='bbox 1446 5802 1583 5859; x_wconf 76' lang='lat' dir='ltr'><strong>Deus</strong></span> <span class='ocrx_word' id='word_1_442' title='bbox 1636 5805 2035 5873; x_wconf 77' lang='lat' dir='ltr'><strong>propitiatorem</strong></span> <span class='ocrx_word' id='word_1_443' title='bbox 2085 5824 2177 5877; x_wconf 75' lang='lat' dir='ltr'><strong>per</strong></span> 
     </span>
    </p>
   </div>
   <div class='ocr_carea' id='block_1_63' title="bbox 2315 557 3824 632">
    <p class='ocr_par' dir='ltr' id='par_1_63' title="bbox 2315 557 3824 632">
     <span class='ocr_line' id='line_1_63' title="bbox 2315 557 3824 632; baseline 0.005 -21"><span class='ocrx_word' id='word_1_444' title='bbox 2315 557 2479 628; x_wconf 78' lang='grc' dir='ltr'>νόμος</span> <span class='ocrx_word' id='word_1_445' title='bbox 2500 560 2599 611; x_wconf 77' lang='grc' dir='ltr'><strong>οὐκ</strong></span> <span class='ocrx_word' id='word_1_446' title='bbox 2638 558 2857 629; x_wconf 75' lang='grc' dir='ltr'><strong>ἴσχυσεν</strong></span> <span class='ocrx_word' id='word_1_447' title='bbox 2893 559 3224 624; x_wconf 79' lang='grc' dir='ltr'><strong>ἀπαλλάξαι.</strong></span> <span class='ocrx_word' id='word_1_448' title='bbox 3268 578 3286 610; x_wconf 84' lang='grc' dir='ltr'><strong>ι</strong></span> <span class='ocrx_word' id='word_1_449' title='bbox 3326 560 3704 632; x_wconf 71' lang='grc' dir='ltr'>Πεορανὲρωται.</span> <span class='ocrx_word' id='word_1_450' title='bbox 3733 565 3824 618; x_wconf 78' lang='grc' dir='ltr'>ιΤδ</span> 
     </span>
    </p>
   </div>
   <div class='ocr_carea' id='block_1_64' title="bbox 2314 645 3822 723">
    <p class='ocr_par' dir='ltr' id='par_1_64' title="bbox 2314 645 3822 723">
     <span class='ocr_line' id='line_1_64' title="bbox 2314 645 3822 723; baseline 0.001 -21"><span class='ocrx_word' id='word_1_451' title='bbox 2314 647 2717 719; x_wconf 73' lang='grc' dir='ltr'>φανερούμενον</span> <span class='ocrx_word' id='word_1_452' title='bbox 2771 650 2929 719; x_wconf 77' lang='grc' dir='ltr'>δῆλον</span> <span class='ocrx_word' id='word_1_453' title='bbox 2958 649 3035 713; x_wconf 85' lang='grc' dir='ltr'>ὡς</span> <span class='ocrx_word' id='word_1_454' title='bbox 3054 645 3123 721; x_wconf 74' lang='grc' dir='ltr'>ἦν</span> <span class='ocrx_word' id='word_1_455' title='bbox 3156 650 3278 719; x_wconf 81' lang='grc' dir='ltr'>μὲν,</span> <span class='ocrx_word' id='word_1_456' title='bbox 3315 650 3607 723; x_wconf 76' lang='grc' dir='ltr'><strong>ἐκρύπτετο</strong></span> <span class='ocrx_word' id='word_1_457' title='bbox 3631 650 3697 705; x_wconf 79' lang='grc' dir='ltr'>δέ.</span> <span class='ocrx_word' id='word_1_458' title='bbox 3741 649 3822 719; x_wconf 55' lang='grc' dir='ltr'><strong>τῂν</strong></span> 
     </span>
    </p>
   </div>
   <div class='ocr_carea' id='block_1_65' title="bbox 2311 738 3825 810">
    <p class='ocr_par' dir='ltr' id='par_1_65' title="bbox 2311 738 3825 810">
     <span class='ocr_line' id='line_1_65' title="bbox 2311 738 3825 810; baseline -0.001 -17"><span class='ocrx_word' id='word_1_459' title='bbox 2311 741 2404 794; x_wconf 79' lang='grc' dir='ltr'><strong>οὖν</strong></span> <span class='ocrx_word' id='word_1_460' title='bbox 2436 741 2792 810; x_wconf 66' lang='grc' dir='ltr'><strong>καινοτομίαν</strong></span> <span class='ocrx_word' id='word_1_461' title='bbox 2832 739 3071 807; x_wconf 74' lang='grc' dir='ltr'>φεύγων,</span> <span class='ocrx_word' id='word_1_462' title='bbox 3128 741 3220 794; x_wconf 72' lang='grc' dir='ltr'><strong>καὶ</strong></span> <span class='ocrx_word' id='word_1_463' title='bbox 3254 738 3314 792; x_wconf 68' lang='grc' dir='ltr'>τὸ</span> <span class='ocrx_word' id='word_1_464' title='bbox 3346 739 3519 794; x_wconf 80' lang='grc' dir='ltr'>δοκεῖν</span> <span class='ocrx_word' id='word_1_465' title='bbox 3563 740 3825 809; x_wconf 74' lang='grc' dir='ltr'>πρόσφατον</span> 
     </span>
    </p>
   </div>
   <div class='ocr_carea' id='block_1_66' title="bbox 2309 828 3824 904">
    <p class='ocr_par' dir='ltr' id='par_1_66' title="bbox 2309 828 3824 904">
     <span class='ocr_line' id='line_1_66' title="bbox 2309 828 3824 904; baseline 0 -19"><span class='ocrx_word' id='word_1_466' title='bbox 2309 828 2451 886; x_wconf 75' lang='grc' dir='ltr'>εἶναι</span> <span class='ocrx_word' id='word_1_467' title='bbox 2498 834 2559 887; x_wconf 74' lang='grc' dir='ltr'>τὸ</span> <span class='ocrx_word' id='word_1_468' title='bbox 2614 832 2902 904; x_wconf 82' lang='grc' dir='ltr'>κήρυγμα,</span> <span class='ocrx_word' id='word_1_469' title='bbox 2958 829 3106 897; x_wconf 81' lang='grc' dir='ltr'>εἷπε,</span> <span class='ocrx_word' id='word_1_470' title='bbox 3164 851 3183 883; x_wconf 80' lang='grc' dir='ltr'><strong>ι</strong></span> <span class='ocrx_word' id='word_1_471' title='bbox 3238 832 3637 901; x_wconf 76' lang='grc' dir='ltr'>Πεφανέρωται.</span> <span class='ocrx_word' id='word_1_472' title='bbox 3671 852 3687 883; x_wconf 76' lang='grc' dir='ltr'><strong>ι</strong></span> <span class='ocrx_word' id='word_1_473' title='bbox 3744 836 3824 902; x_wconf 59' lang='grc' dir='ltr'>οε]</span> 
     </span>
    </p>
   </div>
   <div class='ocr_carea' id='block_1_67' title="bbox 2311 921 3825 994">
    <p class='ocr_par' dir='ltr' id='par_1_67' title="bbox 2311 921 3825 994">
     <span class='ocr_line' id='line_1_67' title="bbox 2311 921 3825 994; baseline -0.001 -17"><span class='ocrx_word' id='word_1_474' title='bbox 2311 923 2524 988; x_wconf 78' lang='grc' dir='ltr'>ἁπλῶς,</span> <span class='ocrx_word' id='word_1_475' title='bbox 2558 924 2695 978; x_wconf 74' lang='grc' dir='ltr'>ἀλλὰ</span> <span class='ocrx_word' id='word_1_476' title='bbox 2748 924 2842 977; x_wconf 73' lang='grc' dir='ltr'><strong>καὶ</strong></span> <span class='ocrx_word' id='word_1_477' title='bbox 2902 921 3456 994; x_wconf 73' lang='grc' dir='ltr'>προμαρτυρηθεῖσαν</span> <span class='ocrx_word' id='word_1_478' title='bbox 3496 921 3595 973; x_wconf 75' lang='grc' dir='ltr'>ὑπὸ</span> <span class='ocrx_word' id='word_1_479' title='bbox 3636 923 3825 986; x_wconf 78' lang='grc' dir='ltr'>Μωσέως</span> 
     </span>
    </p>
   </div>
   <div class='ocr_carea' id='block_1_68' title="bbox 2311 1010 3520 1090">
    <p class='ocr_par' dir='ltr' id='par_1_68' title="bbox 2311 1010 3520 1090">
     <span class='ocr_line' id='line_1_68' title="bbox 2311 1010 3520 1090; baseline -0.002 -21"><span class='ocrx_word' id='word_1_480' title='bbox 2311 1010 2485 1090; x_wconf 75' lang='grc' dir='ltr'>(οὗτος</span> <span class='ocrx_word' id='word_1_481' title='bbox 2510 1016 2618 1087; x_wconf 75' lang='grc' dir='ltr'><strong>γὰρ</strong></span> <span class='ocrx_word' id='word_1_482' title='bbox 2648 1018 2677 1069; x_wconf 83' lang='grc' dir='ltr'><strong>ό</strong></span> <span class='ocrx_word' id='word_1_483' title='bbox 2707 1016 2919 1085; x_wconf 81' lang='grc' dir='ltr'>νόμος).</span> <span class='ocrx_word' id='word_1_484' title='bbox 2952 1014 3046 1068; x_wconf 80' lang='grc' dir='ltr'><strong>καὶ</strong></span> <span class='ocrx_word' id='word_1_485' title='bbox 3078 1016 3186 1067; x_wconf 78' lang='grc' dir='ltr'><strong>τῶν</strong></span> <span class='ocrx_word' id='word_1_486' title='bbox 3209 1012 3520 1085; x_wconf 74' lang='grc' dir='ltr'>προφητῶν.</span> 
     </span>
    </p>
   </div>
   <div class='ocr_carea' id='block_1_69' title="bbox 2379 1101 3824 1175">
    <p class='ocr_par' dir='ltr' id='par_1_69' title="bbox 2379 1101 3824 1175">
     <span class='ocr_line' id='line_1_69' title="bbox 2379 1101 3824 1175; baseline -0.008 -13"><span class='ocrx_word' id='word_1_487' title='bbox 2379 1108 2743 1175; x_wconf 75' lang='grc' dir='ltr'><strong>Δικαιοσύνη</strong></span> <span class='ocrx_word' id='word_1_488' title='bbox 2776 1108 2844 1160; x_wconf 83' lang='grc' dir='ltr'>δὲ</span> <span class='ocrx_word' id='word_1_489' title='bbox 2891 1106 3040 1161; x_wconf 87' lang='grc' dir='ltr'><strong>Θεοῦ</strong></span> <span class='ocrx_word' id='word_1_490' title='bbox 3079 1104 3177 1158; x_wconf 82' lang='grc' dir='ltr'><strong>διὰ</strong></span> <span class='ocrx_word' id='word_1_491' title='bbox 3208 1105 3466 1167; x_wconf 71' lang='grc' dir='ltr'>πίστεως</span> <span class='ocrx_word' id='word_1_492' title='bbox 3506 1101 3695 1170; x_wconf 81' lang='grc' dir='ltr'><strong>Ἰησοῦ</strong></span> <span class='ocrx_word' id='word_1_493' title='bbox 3722 1107 3824 1174; x_wconf 70' lang='lat' dir='ltr'><strong>Xpr.</strong></span> 
     </span>
    </p>
   </div>
   <div class='ocr_carea' id='block_1_70' title="bbox 2309 1194 3825 1266">
    <p class='ocr_par' dir='ltr' id='par_1_70' title="bbox 2309 1194 3825 1266">
     <span class='ocr_line' id='line_1_70' title="bbox 2309 1194 3825 1266; baseline -0.001 -13"><span class='ocrx_word' id='word_1_494' title='bbox 2309 1200 2462 1255; x_wconf 84' lang='grc' dir='ltr'>στοῡ</span> <span class='ocrx_word' id='word_1_495' title='bbox 2509 1203 2597 1266; x_wconf 84' lang='grc' dir='ltr'>εὶς</span> <span class='ocrx_word' id='word_1_496' title='bbox 2618 1197 2854 1264; x_wconf 76' lang='grc' dir='ltr'>πάντας</span> <span class='ocrx_word' id='word_1_497' title='bbox 2876 1199 2971 1252; x_wconf 77' lang='grc' dir='ltr'><strong>καί</strong></span> <span class='ocrx_word' id='word_1_498' title='bbox 2996 1197 3095 1252; x_wconf 77' lang='grc' dir='ltr'><strong>ἐπὶ</strong></span> <span class='ocrx_word' id='word_1_499' title='bbox 3132 1197 3365 1261; x_wconf 72' lang='grc' dir='ltr'>πάντας</span> <span class='ocrx_word' id='word_1_500' title='bbox 3388 1194 3532 1260; x_wconf 73' lang='grc' dir='ltr'>’τοὺς</span> <span class='ocrx_word' id='word_1_501' title='bbox 3568 1199 3825 1252; x_wconf 77' lang='grc' dir='ltr'>πιστεύον-</span> 
     </span>
    </p>
   </div>
   <div class='ocr_carea' id='block_1_71' title="bbox 2304 1287 3820 1359">
    <p class='ocr_par' dir='ltr' id='par_1_71' title="bbox 2304 1287 3820 1359">
     <span class='ocr_line' id='line_1_71' title="bbox 2304 1287 3820 1359; baseline -0.001 -15"><span class='ocrx_word' id='word_1_502' title='bbox 2304 1308 2432 1356; x_wconf 82' lang='grc' dir='ltr'>τας.</span> <span class='ocrx_word' id='word_1_503' title='bbox 2453 1292 2535 1345; x_wconf 87' lang='grc' dir='ltr'><em>Οὺ</em></span> <span class='ocrx_word' id='word_1_504' title='bbox 2570 1290 2677 1359; x_wconf 80' lang='grc' dir='ltr'><strong>γάρ</strong></span> <span class='ocrx_word' id='word_1_505' title='bbox 2693 1291 2825 1343; x_wconf 84' lang='grc' dir='ltr'>ἐστι</span> <span class='ocrx_word' id='word_1_506' title='bbox 2852 1289 3148 1354; x_wconf 71' lang='grc' dir='ltr'>διαστολή</span> <span class='ocrx_word' id='word_1_507' title='bbox 3168 1306 3181 1318; x_wconf 74' lang='grc' dir='ltr'><strong>ο</strong></span> <span class='ocrx_word' id='word_1_508' title='bbox 3207 1288 3432 1353; x_wconf 78' lang='grc' dir='ltr'>πάντες</span> <span class='ocrx_word' id='word_1_509' title='bbox 3461 1288 3564 1354; x_wconf 72' lang='grc' dir='ltr'>γὰρ</span> <span class='ocrx_word' id='word_1_510' title='bbox 3588 1287 3820 1356; x_wconf 74' lang='grc' dir='ltr'>ἥμαρτον,</span> 
     </span>
    </p>
   </div>
   <div class='ocr_carea' id='block_1_72' title="bbox 2304 1378 3824 1449">
    <p class='ocr_par' dir='ltr' id='par_1_72' title="bbox 2304 1378 3824 1449">
     <span class='ocr_line' id='line_1_72' title="bbox 2304 1378 3824 1449; baseline -0.001 -13"><span class='ocrx_word' id='word_1_511' title='bbox 2304 1383 2402 1436; x_wconf 77' lang='grc' dir='ltr'><strong>καὶ</strong></span> <span class='ocrx_word' id='word_1_512' title='bbox 2449 1381 2850 1449; x_wconf 75' lang='grc' dir='ltr'><strong>ὑστεροῦνται</strong></span> <span class='ocrx_word' id='word_1_513' title='bbox 2899 1379 3012 1448; x_wconf 76' lang='grc' dir='ltr'><strong>τῆς</strong></span> <span class='ocrx_word' id='word_1_514' title='bbox 3060 1379 3247 1447; x_wconf 78' lang='grc' dir='ltr'>δόξης</span> <span class='ocrx_word' id='word_1_515' title='bbox 3280 1378 3386 1432; x_wconf 85' lang='grc' dir='ltr'><strong>τοῦ</strong></span> <span class='ocrx_word' id='word_1_516' title='bbox 3422 1379 3590 1434; x_wconf 86' lang='grc' dir='ltr'><strong>Θεοῦ·</strong></span> <span class='ocrx_word' id='word_1_517' title='bbox 3617 1380 3824 1435; x_wconf 78' lang='grc' dir='ltr'>δικαιού-</span> 
     </span>
    </p>
   </div>
   <div class='ocr_carea' id='block_1_73' title="bbox 2297 1470 3308 1542">
    <p class='ocr_par' dir='ltr' id='par_1_73' title="bbox 2297 1470 3308 1542">
     <span class='ocr_line' id='line_1_73' title="bbox 2297 1470 3308 1542; baseline 0 -14"><span class='ocrx_word' id='word_1_518' title='bbox 2297 1490 2466 1542; x_wconf 82' lang='grc' dir='ltr'>μενοι</span> <span class='ocrx_word' id='word_1_519' title='bbox 2503 1472 2733 1541; x_wconf 74' lang='grc' dir='ltr'>δωρεὰν</span> <span class='ocrx_word' id='word_1_520' title='bbox 2764 1471 2840 1539; x_wconf 73' lang='grc' dir='ltr'><em>τῇ</em></span> <span class='ocrx_word' id='word_1_521' title='bbox 2873 1470 3061 1525; x_wconf 82' lang='grc' dir='ltr'>αὑτοῦ</span> <span class='ocrx_word' id='word_1_522' title='bbox 3087 1470 3308 1539; x_wconf 78' lang='grc' dir='ltr'>χάριτι.</span> 
     </span>
    </p>
   </div>
   <div class='ocr_carea' id='block_1_74' title="bbox 2377 1563 3822 1636">
    <p class='ocr_par' dir='ltr' id='par_1_74' title="bbox 2377 1563 3822 1636">
     <span class='ocr_line' id='line_1_74' title="bbox 2377 1563 3822 1636; baseline -0.001 -18"><span class='ocrx_word' id='word_1_523' title='bbox 2377 1584 2396 1617; x_wconf 77' lang='grc' dir='ltr'><strong>ι</strong></span> <span class='ocrx_word' id='word_1_524' title='bbox 2436 1565 2762 1636; x_wconf 74' lang='grc' dir='ltr'><strong>Δικαιοσύνη</strong></span> <span class='ocrx_word' id='word_1_525' title='bbox 2794 1564 2851 1617; x_wconf 79' lang='grc' dir='ltr'><strong>δὲ</strong></span> <span class='ocrx_word' id='word_1_526' title='bbox 2884 1563 3021 1617; x_wconf 84' lang='grc' dir='ltr'>Θεοῦ</span> <span class='ocrx_word' id='word_1_527' title='bbox 3051 1564 3138 1617; x_wconf 79' lang='grc' dir='ltr'>διὰ</span> <span class='ocrx_word' id='word_1_528' title='bbox 3160 1563 3419 1626; x_wconf 85' lang='grc' dir='ltr'>πίστεως.</span> <span class='ocrx_word' id='word_1_529' title='bbox 3445 1582 3463 1613; x_wconf 76' lang='grc' dir='ltr'><strong>ι</strong></span> <span class='ocrx_word' id='word_1_530' title='bbox 3497 1563 3624 1616; x_wconf 75' lang='grc' dir='ltr'>Ποῖα</span> <span class='ocrx_word' id='word_1_531' title='bbox 3664 1564 3822 1617; x_wconf 77' lang='grc' dir='ltr'>δικαιο·</span> 
     </span>
    </p>
   </div>
   <div class='ocr_carea' id='block_1_75' title="bbox 2308 1654 3823 1728">
    <p class='ocr_par' dir='ltr' id='par_1_75' title="bbox 2308 1654 3823 1728">
     <span class='ocr_line' id='line_1_75' title="bbox 2308 1654 3823 1728; baseline -0.003 -17"><span class='ocrx_word' id='word_1_532' title='bbox 2308 1657 2470 1728; x_wconf 81' lang='grc' dir='ltr'>σύνη,</span> <span class='ocrx_word' id='word_1_533' title='bbox 2506 1659 2650 1712; x_wconf 82' lang='grc' dir='ltr'>εἴποι</span> <span class='ocrx_word' id='word_1_534' title='bbox 2688 1675 2795 1721; x_wconf 82' lang='grc' dir='ltr'>τις,</span> <span class='ocrx_word' id='word_1_535' title='bbox 2829 1657 2862 1726; x_wconf 84' lang='grc' dir='ltr'><strong>ἢ</strong></span> <span class='ocrx_word' id='word_1_536' title='bbox 2897 1655 3014 1718; x_wconf 83' lang='grc' dir='ltr'>πῶς</span> <span class='ocrx_word' id='word_1_537' title='bbox 3035 1655 3286 1727; x_wconf 78' lang='grc' dir='ltr'><strong>διδομένη</strong></span> <span class='ocrx_word' id='word_1_538' title='bbox 3324 1655 3430 1707; x_wconf 75' lang='grc' dir='ltr'>ὑπὸ</span> <span class='ocrx_word' id='word_1_539' title='bbox 3452 1654 3612 1719; x_wconf 80' lang='grc' dir='ltr'>Θεοῦς</span> <span class='ocrx_word' id='word_1_540' title='bbox 3648 1657 3729 1707; x_wconf 73' lang='grc' dir='ltr'><strong>Διὰ</strong></span> <span class='ocrx_word' id='word_1_541' title='bbox 3758 1656 3823 1707; x_wconf 80' lang='grc' dir='ltr'>πί-</span> 
     </span>
    </p>
   </div>
   <div class='ocr_carea' id='block_1_76' title="bbox 2302 1745 3822 1821">
    <p class='ocr_par' dir='ltr' id='par_1_76' title="bbox 2302 1745 3822 1821">
     <span class='ocr_line' id='line_1_76' title="bbox 2302 1745 3822 1821; baseline -0.001 -18"><span class='ocrx_word' id='word_1_542' title='bbox 2302 1768 2496 1817; x_wconf 88' lang='grc' dir='ltr'>στεως,</span> <span class='ocrx_word' id='word_1_543' title='bbox 2523 1751 2715 1821; x_wconf 74' lang='grc' dir='ltr'>φησὶν,</span> <span class='ocrx_word' id='word_1_544' title='bbox 2746 1748 2923 1820; x_wconf 82' lang='grc' dir='ltr'>Ἰησοῦ</span> <span class='ocrx_word' id='word_1_545' title='bbox 2951 1747 3214 1821; x_wconf 83' lang='grc' dir='ltr'>Χριστοῦ.</span> <span class='ocrx_word' id='word_1_546' title='bbox 3260 1745 3394 1802; x_wconf 81' lang='grc' dir='ltr'>Εἶτα</span> <span class='ocrx_word' id='word_1_547' title='bbox 3433 1748 3519 1801; x_wconf 77' lang='grc' dir='ltr'>ἵνα</span> <span class='ocrx_word' id='word_1_548' title='bbox 3568 1747 3635 1817; x_wconf 84' lang='grc' dir='ltr'>μὴ</span> <span class='ocrx_word' id='word_1_549' title='bbox 3672 1747 3822 1811; x_wconf 69' lang='grc' dir='ltr'>δόξωσι</span> 
     </span>
    </p>
   </div>
   <div class='ocr_carea' id='block_1_77' title="bbox 2240 1830 3822 1909">
    <p class='ocr_par' dir='ltr' id='par_1_77' title="bbox 2240 1830 3822 1909">
     <span class='ocr_line' id='line_1_77' title="bbox 2240 1830 3822 1909; baseline 0.001 -18"><span class='ocrx_word' id='word_1_550' title='bbox 2240 1830 2278 1885; x_wconf 71' lang='grc' dir='ltr'>Β</span> <span class='ocrx_word' id='word_1_551' title='bbox 2312 1838 2463 1905; x_wconf 78' lang='grc' dir='ltr'>ξένον</span> <span class='ocrx_word' id='word_1_552' title='bbox 2495 1858 2547 1893; x_wconf 86' lang='grc' dir='ltr'><strong>τι</strong></span> <span class='ocrx_word' id='word_1_553' title='bbox 2578 1840 2821 1903; x_wconf 79' lang='grc' dir='ltr'>ἀκούειν,</span> <span class='ocrx_word' id='word_1_554' title='bbox 2845 1840 2891 1894; x_wconf 76' lang='grc' dir='ltr'>εἰ</span> <span class='ocrx_word' id='word_1_555' title='bbox 2922 1841 3057 1903; x_wconf 81' lang='grc' dir='ltr'>ὅλως</span> <span class='ocrx_word' id='word_1_556' title='bbox 3084 1839 3164 1893; x_wconf 81' lang='grc' dir='ltr'>ἔνι</span> <span class='ocrx_word' id='word_1_557' title='bbox 3195 1839 3468 1903; x_wconf 80' lang='grc' dir='ltr'>σώζεσθαι</span> <span class='ocrx_word' id='word_1_558' title='bbox 3500 1839 3650 1909; x_wconf 80' lang='grc' dir='ltr'>μηδὲν</span> <span class='ocrx_word' id='word_1_559' title='bbox 3676 1839 3822 1902; x_wconf 69' lang='grc' dir='ltr'>αὐτοὺς</span> 
     </span>
    </p>
   </div>
   <div class='ocr_carea' id='block_1_78' title="bbox 2311 1931 3821 2001">
    <p class='ocr_par' dir='ltr' id='par_1_78' title="bbox 2311 1931 3821 2001">
     <span class='ocr_line' id='line_1_78' title="bbox 2311 1931 3821 2001; baseline -0.001 -15"><span class='ocrx_word' id='word_1_560' title='bbox 2311 1932 2848 2001; x_wconf 73' lang='grc' dir='ltr'>συνεισενεγκόντας,</span> <span class='ocrx_word' id='word_1_561' title='bbox 2903 1931 3177 1985; x_wconf 87' lang='grc' dir='ltr'>δείκνυσιν</span> <span class='ocrx_word' id='word_1_562' title='bbox 3232 1934 3314 1986; x_wconf 84' lang='grc' dir='ltr'><strong>ὅτι</strong></span> <span class='ocrx_word' id='word_1_563' title='bbox 3362 1931 3543 1986; x_wconf 73' lang='grc' dir='ltr'>καὶτὸ</span> <span class='ocrx_word' id='word_1_564' title='bbox 3590 1931 3821 1984; x_wconf 77' lang='grc' dir='ltr'>πιστεῦσαι</span> 
     </span>
    </p>
   </div>
   <div class='ocr_carea' id='block_1_79' title="bbox 2309 2024 3821 2095">
    <p class='ocr_par' dir='ltr' id='par_1_79' title="bbox 2309 2024 3821 2095">
     <span class='ocr_line' id='line_1_79' title="bbox 2309 2024 3821 2095; baseline -0.001 -18"><span class='ocrx_word' id='word_1_565' title='bbox 2309 2027 2736 2091; x_wconf 49' lang='grc' dir='ltr'>συνεισενεγκεῖν</span> <span class='ocrx_word' id='word_1_566' title='bbox 2766 2025 2935 2078; x_wconf 82' lang='grc' dir='ltr'>ἐστιν.</span> <span class='ocrx_word' id='word_1_567' title='bbox 2964 2024 3244 2095; x_wconf 74' lang='grc' dir='ltr'>Ἀνδρείας</span> <span class='ocrx_word' id='word_1_568' title='bbox 3279 2025 3389 2095; x_wconf 74' lang='grc' dir='ltr'><strong>γάρ</strong></span> <span class='ocrx_word' id='word_1_569' title='bbox 3440 2024 3597 2077; x_wconf 82' lang='grc' dir='ltr'>δεῖται</span> <span class='ocrx_word' id='word_1_570' title='bbox 3618 2024 3821 2095; x_wconf 67' lang='grc' dir='ltr'>ψυχῆςτὸ</span> 
     </span>
    </p>
   </div>
   <div class='ocr_carea' id='block_1_80' title="bbox 2306 2115 3817 2186">
    <p class='ocr_par' dir='ltr' id='par_1_80' title="bbox 2306 2115 3817 2186">
     <span class='ocr_line' id='line_1_80' title="bbox 2306 2115 3817 2186; baseline -0.001 -18"><span class='ocrx_word' id='word_1_571' title='bbox 2306 2115 2617 2170; x_wconf 79' lang='grc' dir='ltr'>πιστεῦσαι.</span> <span class='ocrx_word' id='word_1_572' title='bbox 2670 2116 2762 2169; x_wconf 82' lang='grc' dir='ltr'>Διό</span> <span class='ocrx_word' id='word_1_573' title='bbox 2816 2132 2989 2186; x_wconf 79' lang='grc' dir='ltr'>φησι·</span> <span class='ocrx_word' id='word_1_574' title='bbox 3031 2134 3049 2166; x_wconf 73' lang='grc' dir='ltr'><strong>ι</strong></span> <span class='ocrx_word' id='word_1_575' title='bbox 3089 2115 3189 2169; x_wconf 82' lang='grc' dir='ltr'>Διὰ</span> <span class='ocrx_word' id='word_1_576' title='bbox 3220 2115 3511 2183; x_wconf 77' lang='grc' dir='ltr'>πίστεως,›</span> <span class='ocrx_word' id='word_1_577' title='bbox 3536 2116 3721 2175; x_wconf 78' lang='grc' dir='ltr'>δεικνὺς</span> <span class='ocrx_word' id='word_1_578' title='bbox 3752 2117 3817 2167; x_wconf 69' lang='grc' dir='ltr'><strong>καὶ</strong></span> 
     </span>
    </p>
   </div>
   <div class='ocr_carea' id='block_1_81' title="bbox 2302 2206 3818 2278">
    <p class='ocr_par' dir='ltr' id='par_1_81' title="bbox 2302 2206 3818 2278">
     <span class='ocr_line' id='line_1_81' title="bbox 2302 2206 3818 2278; baseline -0.001 -18"><span class='ocrx_word' id='word_1_579' title='bbox 2302 2208 2451 2278; x_wconf 76' lang='grc' dir='ltr'>ἡμᾶς</span> <span class='ocrx_word' id='word_1_580' title='bbox 2482 2209 2548 2261; x_wconf 78' lang='grc' dir='ltr'>ὲκ</span> <span class='ocrx_word' id='word_1_581' title='bbox 2588 2206 2779 2261; x_wconf 81' lang='grc' dir='ltr'>τούτου</span> <span class='ocrx_word' id='word_1_582' title='bbox 2818 2208 3295 2278; x_wconf 73' lang='grc' dir='ltr'>συνεισφέροντας.</span> <span class='ocrx_word' id='word_1_583' title='bbox 3346 2226 3364 2255; x_wconf 76' lang='grc' dir='ltr'><strong>ι</strong></span> <span class='ocrx_word' id='word_1_584' title='bbox 3399 2207 3488 2271; x_wconf 82' lang='grc' dir='ltr'><strong>Εἰς</strong></span> <span class='ocrx_word' id='word_1_585' title='bbox 3530 2207 3711 2267; x_wconf 81' lang='grc' dir='ltr'>πάντας</span> <span class='ocrx_word' id='word_1_586' title='bbox 3750 2208 3818 2258; x_wconf 72' lang='grc' dir='ltr'>καὶ</span> 
     </span>
    </p>
   </div>
   <div class='ocr_carea' id='block_1_82' title="bbox 2302 2297 3816 2373">
    <p class='ocr_par' dir='ltr' id='par_1_82' title="bbox 2302 2297 3816 2373">
     <span class='ocr_line' id='line_1_82' title="bbox 2302 2297 3816 2373; baseline -0.003 -19"><span class='ocrx_word' id='word_1_587' title='bbox 2302 2302 2397 2354; x_wconf 73' lang='grc' dir='ltr'>ἐπὶ</span> <span class='ocrx_word' id='word_1_588' title='bbox 2452 2300 2682 2363; x_wconf 77' lang='grc' dir='ltr'>πάντας.</span> <span class='ocrx_word' id='word_1_589' title='bbox 2718 2312 2837 2351; x_wconf 78' lang='grc'><strong>›’-</strong></span> <span class='ocrx_word' id='word_1_590' title='bbox 2865 2297 3329 2373; x_wconf 75' lang='grc' dir='ltr'><strong>[ΓΕΝΝΑΛΙΟΥ.]</strong></span> <span class='ocrx_word' id='word_1_591' title='bbox 3386 2300 3479 2362; x_wconf 76' lang='grc' dir='ltr'><strong>Εἰς</strong></span> <span class='ocrx_word' id='word_1_592' title='bbox 3507 2300 3695 2362; x_wconf 80' lang='grc' dir='ltr'>πάντας</span> <span class='ocrx_word' id='word_1_593' title='bbox 3748 2300 3816 2368; x_wconf 74' lang='grc' dir='ltr'>μὲν</span> 
     </span>
    </p>
   </div>
   <div class='ocr_carea' id='block_1_83' title="bbox 2301 2389 3815 2463">
    <p class='ocr_par' dir='ltr' id='par_1_83' title="bbox 2301 2389 3815 2463">
     <span class='ocr_line' id='line_1_83' title="bbox 2301 2389 3815 2463; baseline -0.003 -19"><span class='ocrx_word' id='word_1_594' title='bbox 2301 2395 2429 2455; x_wconf 77' lang='grc' dir='ltr'>τοὺς</span> <span class='ocrx_word' id='word_1_595' title='bbox 2469 2391 2781 2457; x_wconf 73' lang='grc' dir='ltr'>Ἰουδαίους,</span> <span class='ocrx_word' id='word_1_596' title='bbox 2823 2392 3025 2463; x_wconf 70' lang='grc' dir='ltr'>φησιν,</span> <span class='ocrx_word' id='word_1_597' title='bbox 3087 2392 3163 2456; x_wconf 85' lang='grc' dir='ltr'>ὼς</span> <span class='ocrx_word' id='word_1_598' title='bbox 3211 2390 3426 2445; x_wconf 79' lang='grc' dir='ltr'>οἴκοθεν</span> <span class='ocrx_word' id='word_1_599' title='bbox 3470 2392 3561 2444; x_wconf 74' lang='grc' dir='ltr'><strong>καὶ</strong></span> <span class='ocrx_word' id='word_1_600' title='bbox 3596 2390 3649 2457; x_wconf 75' lang='grc' dir='ltr'>ἐξ</span> <span class='ocrx_word' id='word_1_601' title='bbox 3681 2389 3815 2442; x_wconf 77' lang='grc' dir='ltr'>αὐτῶν</span> 
     </span>
    </p>
   </div>
   <div class='ocr_carea' id='block_1_84' title="bbox 2302 2482 3814 2554">
    <p class='ocr_par' dir='ltr' id='par_1_84' title="bbox 2302 2482 3814 2554">
     <span class='ocr_line' id='line_1_84' title="bbox 2302 2482 3814 2554; baseline -0.003 -17"><span class='ocrx_word' id='word_1_602' title='bbox 2302 2484 2610 2554; x_wconf 71' lang='grc' dir='ltr'>ἐσχηκότας</span> <span class='ocrx_word' id='word_1_603' title='bbox 2637 2486 2737 2553; x_wconf 83' lang='grc' dir='ltr'><strong>τῆς</strong></span> <span class='ocrx_word' id='word_1_604' title='bbox 2767 2484 3045 2553; x_wconf 83' lang='grc' dir='ltr'>σωτηρίας</span> <span class='ocrx_word' id='word_1_605' title='bbox 3068 2483 3159 2537; x_wconf 78' lang='grc' dir='ltr'><strong>τὸν</strong></span> <span class='ocrx_word' id='word_1_606' title='bbox 3198 2484 3396 2548; x_wconf 83' lang='grc' dir='ltr'>αίτιον,</span> <span class='ocrx_word' id='word_1_607' title='bbox 3426 2482 3584 2554; x_wconf 74' lang='grc' dir='ltr'>ἧγουν</span> <span class='ocrx_word' id='word_1_608' title='bbox 3614 2483 3691 2536; x_wconf 83' lang='grc' dir='ltr'>τὸν</span> <span class='ocrx_word' id='word_1_609' title='bbox 3712 2483 3814 2552; x_wconf 79' lang='grc' dir='ltr'>Χρι-</span> 
     </span>
    </p>
   </div>
   <div class='ocr_carea' id='block_1_85' title="bbox 2304 2572 3816 2643">
    <p class='ocr_par' dir='ltr' id='par_1_85' title="bbox 2304 2572 3816 2643">
     <span class='ocr_line' id='line_1_85' title="bbox 2304 2572 3816 2643; baseline -0.003 -14"><span class='ocrx_word' id='word_1_610' title='bbox 2304 2576 2448 2630; x_wconf 83' lang='grc' dir='ltr'>στόν.</span> <span class='ocrx_word' id='word_1_611' title='bbox 2478 2575 2603 2628; x_wconf 73' lang='grc' dir='ltr'><strong>Ἐπὶ</strong></span> <span class='ocrx_word' id='word_1_612' title='bbox 2630 2576 2836 2638; x_wconf 82' lang='grc' dir='ltr'>πάντας</span> <span class='ocrx_word' id='word_1_613' title='bbox 2888 2574 2966 2642; x_wconf 78' lang='grc' dir='ltr'>δὲ,</span> <span class='ocrx_word' id='word_1_614' title='bbox 3020 2575 3148 2638; x_wconf 74' lang='grc' dir='ltr'>τοὺς</span> <span class='ocrx_word' id='word_1_615' title='bbox 3171 2575 3424 2640; x_wconf 75' lang='grc' dir='ltr'>ὲθνικοὺς</span> <span class='ocrx_word' id='word_1_616' title='bbox 3454 2574 3615 2643; x_wconf 78' lang='grc' dir='ltr'>λέγει,</span> <span class='ocrx_word' id='word_1_617' title='bbox 3645 2574 3707 2636; x_wconf 83' lang='grc' dir='ltr'>ὡς</span> <span class='ocrx_word' id='word_1_618' title='bbox 3740 2572 3816 2625; x_wconf 69' lang='grc' dir='ltr'><strong>ἀπὸ</strong></span> 
     </span>
    </p>
   </div>
   <div class='ocr_carea' id='block_1_86' title="bbox 2302 2668 3814 2731">
    <p class='ocr_par' dir='ltr' id='par_1_86' title="bbox 2302 2668 3814 2731">
     <span class='ocr_line' id='line_1_86' title="bbox 2302 2668 3814 2731; baseline -0.002 -9"><span class='ocrx_word' id='word_1_619' title='bbox 2302 2668 2413 2722; x_wconf 85' lang='grc' dir='ltr'>τῶν</span> <span class='ocrx_word' id='word_1_620' title='bbox 2468 2668 2742 2722; x_wconf 75' lang='grc' dir='ltr'>Ἰουδαίων</span> <span class='ocrx_word' id='word_1_621' title='bbox 2777 2668 3186 2724; x_wconf 81' lang='grc' dir='ltr'>πιστευσάντων</span> <span class='ocrx_word' id='word_1_622' title='bbox 3208 2669 3302 2723; x_wconf 81' lang='grc' dir='ltr'>καὶ</span> <span class='ocrx_word' id='word_1_623' title='bbox 3338 2670 3436 2723; x_wconf 74' lang='grc' dir='ltr'><strong>ἐπὶ</strong></span> <span class='ocrx_word' id='word_1_624' title='bbox 3472 2673 3673 2731; x_wconf 80' lang='grc' dir='ltr'>τούτους</span> <span class='ocrx_word' id='word_1_625' title='bbox 3698 2668 3814 2719; x_wconf 73' lang='grc' dir='ltr'>ἐκτα-</span> 
     </span>
    </p>
   </div>
   <div class='ocr_carea' id='block_1_87' title="bbox 2301 2757 3813 2833">
    <p class='ocr_par' dir='ltr' id='par_1_87' title="bbox 2301 2757 3813 2833">
     <span class='ocr_line' id='line_1_87' title="bbox 2301 2757 3813 2833; baseline -0.004 -17"><span class='ocrx_word' id='word_1_626' title='bbox 2301 2762 2489 2833; x_wconf 84' lang='grc' dir='ltr'>θείσης</span> <span class='ocrx_word' id='word_1_627' title='bbox 2514 2762 2609 2830; x_wconf 74' lang='grc' dir='ltr'>τῆς</span> <span class='ocrx_word' id='word_1_628' title='bbox 2646 2761 2890 2833; x_wconf 83' lang='grc' dir='ltr'>χάριτος.</span> <span class='ocrx_word' id='word_1_629' title='bbox 2921 2763 3113 2833; x_wconf 86' lang='grc' dir='ltr'>Ὅμως</span> <span class='ocrx_word' id='word_1_630' title='bbox 3161 2760 3343 2833; x_wconf 72' lang='grc' dir='ltr'>μέντοι</span> <span class='ocrx_word' id='word_1_631' title='bbox 3405 2763 3497 2815; x_wconf 67' lang='grc' dir='ltr'><strong>καὶ</strong></span> <span class='ocrx_word' id='word_1_632' title='bbox 3542 2759 3720 2813; x_wconf 86' lang='grc' dir='ltr'>τούτων</span> <span class='ocrx_word' id='word_1_633' title='bbox 3744 2757 3813 2810; x_wconf 78' lang='grc' dir='ltr'><strong>κά·</strong></span> 
     </span>
    </p>
   </div>
   <div class='ocr_carea' id='block_1_88' title="bbox 2302 2849 3810 2927">
    <p class='ocr_par' dir='ltr' id='par_1_88' title="bbox 2302 2849 3810 2927">
     <span class='ocr_line' id='line_1_88' title="bbox 2302 2849 3810 2927; baseline -0.005 -19"><span class='ocrx_word' id='word_1_634' title='bbox 2302 2855 2497 2908; x_wconf 82' lang='grc' dir='ltr'>κείνων</span> <span class='ocrx_word' id='word_1_635' title='bbox 2519 2855 2886 2925; x_wconf 77' lang='grc' dir='ltr'>μετασχήσειν</span> <span class='ocrx_word' id='word_1_636' title='bbox 2917 2854 3019 2923; x_wconf 76' lang='grc' dir='ltr'><strong>τῆς</strong></span> <span class='ocrx_word' id='word_1_637' title='bbox 3048 2854 3269 2927; x_wconf 85' lang='grc' dir='ltr'>χάριτος</span> <span class='ocrx_word' id='word_1_638' title='bbox 3294 2853 3517 2925; x_wconf 72' lang='grc' dir='ltr'>ἔφησεν,</span> <span class='ocrx_word' id='word_1_639' title='bbox 3540 2852 3627 2921; x_wconf 83' lang='grc' dir='ltr'><strong>οὐχ</strong></span> <span class='ocrx_word' id='word_1_640' title='bbox 3656 2849 3810 2910; x_wconf 72' lang='grc' dir='ltr'>ἁπλῶς,</span> 
     </span>
    </p>
   </div>
   <div class='ocr_carea' id='block_1_89' title="bbox 2299 2939 3813 3012">
    <p class='ocr_par' dir='ltr' id='par_1_89' title="bbox 2299 2939 3813 3012">
     <span class='ocr_line' id='line_1_89' title="bbox 2299 2939 3813 3012; baseline -0.006 -13"><span class='ocrx_word' id='word_1_641' title='bbox 2299 2946 2437 3000; x_wconf 85' lang='grc' dir='ltr'>ἀλλὰ</span> <span class='ocrx_word' id='word_1_642' title='bbox 2462 2949 2586 3009; x_wconf 75' lang='grc' dir='ltr'>τοὺς</span> <span class='ocrx_word' id='word_1_643' title='bbox 2608 2944 2987 3009; x_wconf 81' lang='grc' dir='ltr'>πιστεύοντας.</span> <span class='ocrx_word' id='word_1_644' title='bbox 3019 2948 3130 3000; x_wconf 69' lang='grc' dir='ltr'>Καὶ</span> <span class='ocrx_word' id='word_1_645' title='bbox 3164 2945 3330 2998; x_wconf 81' lang='grc' dir='ltr'>πάλιν</span> <span class='ocrx_word' id='word_1_646' title='bbox 3361 2947 3445 2998; x_wconf 87' lang='grc' dir='ltr'>ὅτι</span> <span class='ocrx_word' id='word_1_647' title='bbox 3481 2946 3622 3012; x_wconf 78' lang='grc' dir='ltr'>κοινὴ</span> <span class='ocrx_word' id='word_1_648' title='bbox 3641 2939 3813 3001; x_wconf 78' lang='grc' dir='ltr'>δικαίως</span> 
     </span>
    </p>
   </div>
   <div class='ocr_carea' id='block_1_90' title="bbox 2299 3033 3805 3107">
    <p class='ocr_par' dir='ltr' id='par_1_90' title="bbox 2299 3033 3805 3107">
     <span class='ocr_line' id='line_1_90' title="bbox 2299 3033 3805 3107; baseline -0.007 -15"><span class='ocrx_word' id='word_1_649' title='bbox 2299 3037 2333 3107; x_wconf 76' lang='grc' dir='ltr'>ἡ</span> <span class='ocrx_word' id='word_1_650' title='bbox 2368 3037 2528 3107; x_wconf 81' lang='grc' dir='ltr'>χάρις</span> <span class='ocrx_word' id='word_1_651' title='bbox 2584 3038 2726 3090; x_wconf 81' lang='grc' dir='ltr'>κατὰ</span> <span class='ocrx_word' id='word_1_652' title='bbox 2774 3036 3013 3092; x_wconf 87' lang='grc' dir='ltr'>πάντων.</span> <span class='ocrx_word' id='word_1_653' title='bbox 3049 3055 3069 3089; x_wconf 78' lang='grc' dir='ltr'><strong>ι</strong></span> <span class='ocrx_word' id='word_1_654' title='bbox 3103 3037 3179 3090; x_wconf 83' lang='grc' dir='ltr'><strong>Οὐ</strong></span> <span class='ocrx_word' id='word_1_655' title='bbox 3230 3037 3339 3107; x_wconf 86' lang='grc' dir='ltr'><strong>γάρ</strong></span> <span class='ocrx_word' id='word_1_656' title='bbox 3376 3038 3491 3090; x_wconf 73' lang='grc' dir='ltr'>ἐστι</span> <span class='ocrx_word' id='word_1_657' title='bbox 3536 3033 3762 3101; x_wconf 77' lang='grc' dir='ltr'>διαστολή.</span> <span class='ocrx_word' id='word_1_658' title='bbox 3792 3050 3805 3081; x_wconf 81' lang='grc' dir='ltr'><strong>ι</strong></span> 
     </span>
    </p>
   </div>
   <div class='ocr_carea' id='block_1_91' title="bbox 2302 3124 3810 3201">
    <p class='ocr_par' dir='ltr' id='par_1_91' title="bbox 2302 3124 3810 3201">
     <span class='ocr_line' id='line_1_91' title="bbox 2302 3124 3810 3201; baseline -0.005 -20"><span class='ocrx_word' id='word_1_659' title='bbox 2302 3130 2469 3183; x_wconf 83' lang='grc' dir='ltr'>Πάλιν</span> <span class='ocrx_word' id='word_1_660' title='bbox 2494 3129 2733 3183; x_wconf 81' lang='grc' dir='ltr'>δείκνυσι</span> <span class='ocrx_word' id='word_1_661' title='bbox 2763 3130 2931 3200; x_wconf 77' lang='grc' dir='ltr'>μηδὲν</span> <span class='ocrx_word' id='word_1_662' title='bbox 2974 3129 3273 3193; x_wconf 80' lang='grc' dir='ltr'>Ἰουδαίους</span> <span class='ocrx_word' id='word_1_663' title='bbox 3307 3129 3530 3201; x_wconf 80' lang='grc' dir='ltr'>ἔχοντας</span> <span class='ocrx_word' id='word_1_664' title='bbox 3560 3127 3699 3181; x_wconf 81' lang='grc' dir='ltr'>πλέον</span> <span class='ocrx_word' id='word_1_665' title='bbox 3732 3124 3810 3176; x_wconf 78' lang='grc' dir='ltr'>τῶν</span> 
     </span>
    </p>
   </div>
   <div class='ocr_carea' id='block_1_92' title="bbox 2297 3215 3810 3294">
    <p class='ocr_par' dir='ltr' id='par_1_92' title="bbox 2297 3215 3810 3294">
     <span class='ocr_line' id='line_1_92' title="bbox 2297 3215 3810 3294; baseline -0.003 -21"><span class='ocrx_word' id='word_1_666' title='bbox 2297 3220 2357 3287; x_wconf 78' lang='grc' dir='ltr'><strong>ἐξ</strong></span> <span class='ocrx_word' id='word_1_667' title='bbox 2388 3221 2579 3276; x_wconf 76' lang='grc' dir='ltr'>ὲονῶν.</span> <span class='ocrx_word' id='word_1_668' title='bbox 2612 3240 2632 3273; x_wconf 88' lang='grc'><em>‹</em></span> <span class='ocrx_word' id='word_1_669' title='bbox 2659 3221 2868 3287; x_wconf 86' lang='grc' dir='ltr'>Πάντες</span> <span class='ocrx_word' id='word_1_670' title='bbox 2890 3223 2999 3294; x_wconf 77' lang='grc' dir='ltr'><strong>γὰρ</strong></span> <span class='ocrx_word' id='word_1_671' title='bbox 3027 3223 3302 3294; x_wconf 74' lang='grc' dir='ltr'>ἥμαρτον,</span> <span class='ocrx_word' id='word_1_672' title='bbox 3350 3242 3372 3274; x_wconf 73' lang='grc' dir='ltr'><strong>ι</strong></span> <span class='ocrx_word' id='word_1_673' title='bbox 3412 3222 3500 3294; x_wconf 80' lang='grc' dir='ltr'><strong>Μὴ</strong></span> <span class='ocrx_word' id='word_1_674' title='bbox 3532 3221 3629 3290; x_wconf 81' lang='grc' dir='ltr'><strong>γάρ</strong></span> <span class='ocrx_word' id='word_1_675' title='bbox 3662 3234 3733 3289; x_wconf 81' lang='grc' dir='ltr'><strong>μοι</strong></span> <span class='ocrx_word' id='word_1_676' title='bbox 3757 3215 3810 3268; x_wconf 83' lang='grc' dir='ltr'>εί-</span> 
     </span>
    </p>
   </div>
   <div class='ocr_carea' id='block_1_93' title="bbox 2297 3308 3809 3386">
    <p class='ocr_par' dir='ltr' id='par_1_93' title="bbox 2297 3308 3809 3386">
     <span class='ocr_line' id='line_1_93' title="bbox 2297 3308 3809 3386; baseline -0.001 -22"><span class='ocrx_word' id='word_1_677' title='bbox 2297 3329 2428 3384; x_wconf 75' lang='grc' dir='ltr'>πῃς,</span> <span class='ocrx_word' id='word_1_678' title='bbox 2485 3312 2671 3383; x_wconf 73' lang='grc' dir='ltr'>φησὶν,</span> <span class='ocrx_word' id='word_1_679' title='bbox 2694 3314 2840 3384; x_wconf 85' lang='grc' dir='ltr'><strong>Ἐγὼ</strong></span> <span class='ocrx_word' id='word_1_680' title='bbox 2901 3315 3003 3385; x_wconf 79' lang='grc' dir='ltr'><strong>μὲν</strong></span> <span class='ocrx_word' id='word_1_681' title='bbox 3037 3316 3297 3378; x_wconf 78' lang='grc' dir='ltr'>Ἰουδαῖός</span> <span class='ocrx_word' id='word_1_682' title='bbox 3326 3317 3446 3386; x_wconf 81' lang='grc' dir='ltr'>εἰμι</span> <span class='ocrx_word' id='word_1_683' title='bbox 3487 3314 3671 3368; x_wconf 76' lang='grc' dir='ltr'>ἄνωθεν</span> <span class='ocrx_word' id='word_1_684' title='bbox 3694 3308 3809 3369; x_wconf 85' lang='grc' dir='ltr'>εἰδὼς</span> 
     </span>
    </p>
   </div>
   <div class='ocr_carea' id='block_1_94' title="bbox 2296 3400 3881 3479">
    <p class='ocr_par' dir='ltr' id='par_1_94' title="bbox 2296 3400 3881 3479">
     <span class='ocr_line' id='line_1_94' title="bbox 2296 3400 3881 3479; baseline -0.001 -21"><span class='ocrx_word' id='word_1_685' title='bbox 2296 3406 2449 3472; x_wconf 70' lang='grc' dir='ltr'>Θεὸν,</span> <span class='ocrx_word' id='word_1_686' title='bbox 2486 3400 2638 3470; x_wconf 75' lang='grc' dir='ltr'>οὗτος</span> <span class='ocrx_word' id='word_1_687' title='bbox 2668 3406 2725 3460; x_wconf 77' lang='grc' dir='ltr'>δὲ</span> <span class='ocrx_word' id='word_1_688' title='bbox 2761 3405 2910 3472; x_wconf 74' lang='grc' dir='ltr'>ξένος</span> <span class='ocrx_word' id='word_1_689' title='bbox 2934 3409 3026 3461; x_wconf 74' lang='grc' dir='ltr'>καὶ</span> <span class='ocrx_word' id='word_1_690' title='bbox 3058 3407 3360 3479; x_wconf 79' lang='grc' dir='ltr'>βάρϐαρος.</span> <span class='ocrx_word' id='word_1_691' title='bbox 3392 3408 3564 3469; x_wconf 86' lang='grc' dir='ltr'>Ὀλως</span> <span class='ocrx_word' id='word_1_692' title='bbox 3588 3406 3631 3458; x_wconf 84' lang='grc' dir='ltr'><strong>εί</strong></span> <span class='ocrx_word' id='word_1_693' title='bbox 3657 3402 3808 3463; x_wconf 81' lang='grc' dir='ltr'>πάντες</span> <span class='ocrx_word' id='word_1_694' title='bbox 3880 3442 3881 3449; x_wconf 58' lang='grc' dir='ltr'><strong>η</strong></span> 
     </span>
    </p>
   </div>
   <div class='ocr_carea' id='block_1_95' title="bbox 2294 3496 3806 3571">
    <p class='ocr_par' dir='ltr' id='par_1_95' title="bbox 2294 3496 3806 3571">
     <span class='ocr_line' id='line_1_95' title="bbox 2294 3496 3806 3571; baseline 0 -22"><span class='ocrx_word' id='word_1_695' title='bbox 2294 3498 2565 3570; x_wconf 70' lang='grc' dir='ltr'>ἥμαρτον,</span> <span class='ocrx_word' id='word_1_696' title='bbox 2592 3497 2775 3569; x_wconf 75' lang='grc' dir='ltr'>ἔχουσι</span> <span class='ocrx_word' id='word_1_697' title='bbox 2805 3499 2899 3553; x_wconf 66' lang='grc' dir='ltr'><strong>καὶ</strong></span> <span class='ocrx_word' id='word_1_698' title='bbox 2937 3500 2998 3553; x_wconf 80' lang='grc' dir='ltr'><strong>τὸ</strong></span> <span class='ocrx_word' id='word_1_699' title='bbox 3042 3501 3247 3565; x_wconf 85' lang='grc' dir='ltr'>πάντες</span> <span class='ocrx_word' id='word_1_700' title='bbox 3277 3499 3557 3571; x_wconf 81' lang='grc' dir='ltr'>όμοτίμως</span> <span class='ocrx_word' id='word_1_701' title='bbox 3601 3496 3806 3566; x_wconf 69' lang='grc' dir='ltr'>σωθῆναι.</span> 
     </span>
    </p>
   </div>
   <div class='ocr_carea' id='block_1_96' title="bbox 2294 3587 3809 3665">
    <p class='ocr_par' dir='ltr' id='par_1_96' title="bbox 2294 3587 3809 3665">
     <span class='ocr_line' id='line_1_96' title="bbox 2294 3587 3809 3665; baseline -0.003 -22"><span class='ocrx_word' id='word_1_702' title='bbox 2294 3591 2368 3644; x_wconf 84' lang='grc' dir='ltr'><strong>Οὐ</strong></span> <span class='ocrx_word' id='word_1_703' title='bbox 2400 3589 2506 3661; x_wconf 87' lang='grc' dir='ltr'><strong>γάρ</strong></span> <span class='ocrx_word' id='word_1_704' title='bbox 2537 3592 2654 3645; x_wconf 75' lang='grc' dir='ltr'>ἐστι</span> <span class='ocrx_word' id='word_1_705' title='bbox 2689 3592 2969 3663; x_wconf 83' lang='grc' dir='ltr'>διαστολὴ,</span> <span class='ocrx_word' id='word_1_706' title='bbox 3002 3594 3171 3663; x_wconf 70' lang='grc' dir='ltr'>ἤγουν</span> <span class='ocrx_word' id='word_1_707' title='bbox 3198 3596 3481 3665; x_wconf 76' lang='grc' dir='ltr'>χωρισμὸς</span> <span class='ocrx_word' id='word_1_708' title='bbox 3504 3591 3723 3649; x_wconf 81' lang='grc' dir='ltr'>Ἰουδαίου</span> <span class='ocrx_word' id='word_1_709' title='bbox 3743 3587 3809 3642; x_wconf 68' lang='grc' dir='ltr'>χιι</span> 
     </span>
    </p>
   </div>
   <div class='ocr_carea' id='block_1_97' title="bbox 2293 3682 3806 3757">
    <p class='ocr_par' dir='ltr' id='par_1_97' title="bbox 2293 3682 3806 3757">
     <span class='ocr_line' id='line_1_97' title="bbox 2293 3682 3806 3757; baseline -0.003 -22"><span class='ocrx_word' id='word_1_710' title='bbox 2293 3682 2531 3750; x_wconf 80' lang='grc' dir='ltr'>ἐθνικοῦ,</span> <span class='ocrx_word' id='word_1_711' title='bbox 2596 3684 2798 3754; x_wconf 85' lang='grc' dir='ltr'>ὁμοίως</span> <span class='ocrx_word' id='word_1_712' title='bbox 2827 3686 3132 3757; x_wconf 65' lang='grc' dir='ltr'>ἀμφότεροι</span> <span class='ocrx_word' id='word_1_713' title='bbox 3197 3687 3472 3757; x_wconf 76' lang='grc' dir='ltr'>ἥμαρτον.</span> <span class='ocrx_word' id='word_1_714' title='bbox 3509 3706 3527 3738; x_wconf 81' lang='grc' dir='ltr'><strong>ι</strong></span> <span class='ocrx_word' id='word_1_715' title='bbox 3562 3686 3655 3740; x_wconf 77' lang='grc' dir='ltr'>Καὶ</span> <span class='ocrx_word' id='word_1_716' title='bbox 3691 3683 3806 3734; x_wconf 65' lang='lat' dir='ltr'><strong>Bere-</strong></span> 
     </span>
    </p>
   </div>
   <div class='ocr_carea' id='block_1_98' title="bbox 2294 3774 3807 3849">
    <p class='ocr_par' dir='ltr' id='par_1_98' title="bbox 2294 3774 3807 3849">
     <span class='ocr_line' id='line_1_98' title="bbox 2294 3774 3807 3849; baseline -0.002 -20"><span class='ocrx_word' id='word_1_717' title='bbox 2294 3784 2514 3847; x_wconf 79' lang='grc' dir='ltr'>ροῦνται</span> <span class='ocrx_word' id='word_1_718' title='bbox 2544 3778 2641 3848; x_wconf 78' lang='grc' dir='ltr'>τῆς</span> <span class='ocrx_word' id='word_1_719' title='bbox 2673 3777 2833 3848; x_wconf 75' lang='grc' dir='ltr'>δόξης</span> <span class='ocrx_word' id='word_1_720' title='bbox 2864 3778 2964 3832; x_wconf 83' lang='grc' dir='ltr'><strong>τοῦ</strong></span> <span class='ocrx_word' id='word_1_721' title='bbox 3000 3778 3159 3845; x_wconf 84' lang='grc' dir='ltr'>Θεοῦ,</span> <span class='ocrx_word' id='word_1_722' title='bbox 3195 3798 3214 3832; x_wconf 75' lang='grc' dir='ltr'><strong>ι</strong></span> <span class='ocrx_word' id='word_1_723' title='bbox 3252 3780 3347 3833; x_wconf 69' lang='grc' dir='ltr'><strong>καὶ</strong></span> <span class='ocrx_word' id='word_1_724' title='bbox 3381 3782 3448 3834; x_wconf 73' lang='grc' dir='ltr'>τὰ</span> <span class='ocrx_word' id='word_1_725' title='bbox 3475 3781 3608 3849; x_wconf 76' lang='grc' dir='ltr'>ἑξῆς.</span> <span class='ocrx_word' id='word_1_726' title='bbox 3638 3776 3713 3846; x_wconf 76' lang='grc' dir='ltr'><strong>Μὴ</strong></span> <span class='ocrx_word' id='word_1_727' title='bbox 3732 3774 3807 3841; x_wconf 73' lang='grc' dir='ltr'><strong>γάρ</strong></span> 
     </span>
    </p>
   </div>
   <div class='ocr_carea' id='block_1_99' title="bbox 2295 3864 3805 3943">
    <p class='ocr_par' dir='ltr' id='par_1_99' title="bbox 2295 3864 3805 3943">
     <span class='ocr_line' id='line_1_99' title="bbox 2295 3864 3805 3943; baseline 0.003 -19"><span class='ocrx_word' id='word_1_728' title='bbox 2295 3888 2387 3942; x_wconf 88' lang='grc' dir='ltr'><strong>μοι</strong></span> <span class='ocrx_word' id='word_1_729' title='bbox 2422 3873 2603 3943; x_wconf 74' lang='grc' dir='ltr'>εἴπῃς,</span> <span class='ocrx_word' id='word_1_730' title='bbox 2638 3872 2823 3940; x_wconf 70' lang='grc' dir='ltr'>φησὶν,</span> <span class='ocrx_word' id='word_1_731' title='bbox 2866 3872 2947 3926; x_wconf 82' lang='grc' dir='ltr'>ὅτι</span> <span class='ocrx_word' id='word_1_732' title='bbox 2978 3871 3242 3942; x_wconf 80' lang='grc' dir='ltr'>Ἕλληνες</span> <span class='ocrx_word' id='word_1_733' title='bbox 3274 3872 3441 3927; x_wconf 77' lang='grc' dir='ltr'>πλέον</span> <span class='ocrx_word' id='word_1_734' title='bbox 3477 3873 3712 3943; x_wconf 71' lang='grc' dir='ltr'>ἥμαρτον.</span> <span class='ocrx_word' id='word_1_735' title='bbox 3743 3864 3805 3929; x_wconf 65' lang='grc' dir='ltr'><strong>Μὴ</strong></span> 
     </span>
    </p>
   </div>
   <div class='ocr_carea' id='block_1_100' title="bbox 2295 3954 3806 4037">
    <p class='ocr_par' dir='ltr' id='par_1_100' title="bbox 2295 3954 3806 4037">
     <span class='ocr_line' id='line_1_100' title="bbox 2295 3954 3806 4037; baseline -0.001 -22"><span class='ocrx_word' id='word_1_736' title='bbox 2295 3963 2357 4015; x_wconf 73' lang='grc' dir='ltr'><strong>σὺ</strong></span> <span class='ocrx_word' id='word_1_737' title='bbox 2386 3964 2616 4016; x_wconf 62' lang='grc' dir='ltr'>κατόπιν</span> <span class='ocrx_word' id='word_1_738' title='bbox 2645 3962 2744 4016; x_wconf 79' lang='grc' dir='ltr'><strong>οὐκ</strong></span> <span class='ocrx_word' id='word_1_739' title='bbox 2775 3960 2828 4018; x_wconf 81' lang='grc' dir='ltr'>εἷ</span> <span class='ocrx_word' id='word_1_740' title='bbox 2854 3966 2954 4037; x_wconf 81' lang='grc' dir='ltr'>τῆς</span> <span class='ocrx_word' id='word_1_741' title='bbox 2991 3963 3150 4033; x_wconf 79' lang='grc' dir='ltr'>δόξης</span> <span class='ocrx_word' id='word_1_742' title='bbox 3173 3965 3273 4019; x_wconf 79' lang='grc' dir='ltr'>καὶ</span> <span class='ocrx_word' id='word_1_743' title='bbox 3304 3966 3406 4037; x_wconf 80' lang='grc' dir='ltr'>τῆς</span> <span class='ocrx_word' id='word_1_744' title='bbox 3438 3961 3724 4036; x_wconf 78' lang='grc' dir='ltr'>εὐεργεσίας</span> <span class='ocrx_word' id='word_1_745' title='bbox 3740 3954 3806 4010; x_wconf 70' lang='grc' dir='ltr'><strong>τοῦ</strong></span> 
     </span>
    </p>
   </div>
   <div class='ocr_carea' id='block_1_101' title="bbox 2290 4052 3805 4128">
    <p class='ocr_par' dir='ltr' id='par_1_101' title="bbox 2290 4052 3805 4128">
     <span class='ocr_line' id='line_1_101' title="bbox 2290 4052 3805 4128; baseline 0.001 -19"><span class='ocrx_word' id='word_1_746' title='bbox 2290 4055 2425 4109; x_wconf 82' lang='grc' dir='ltr'>Θεοῦ</span> <span class='ocrx_word' id='word_1_747' title='bbox 2450 4073 2463 4119; x_wconf 91' lang='grc'>;</span> <span class='ocrx_word' id='word_1_748' title='bbox 2499 4056 2593 4110; x_wconf 75' lang='grc' dir='ltr'><strong>καὶ</strong></span> <span class='ocrx_word' id='word_1_749' title='bbox 2622 4057 2851 4125; x_wconf 75' lang='grc' dir='ltr'>δωρεάν,</span> <span class='ocrx_word' id='word_1_750' title='bbox 2882 4059 3182 4123; x_wconf 82' lang='grc' dir='ltr'>τουτέστιν,</span> <span class='ocrx_word' id='word_1_751' title='bbox 3219 4059 3349 4114; x_wconf 77' lang='grc' dir='ltr'>ἄνευ</span> <span class='ocrx_word' id='word_1_752' title='bbox 3376 4059 3487 4114; x_wconf 84' lang='grc' dir='ltr'><strong>σῶν</strong></span> <span class='ocrx_word' id='word_1_753' title='bbox 3510 4052 3805 4128; x_wconf 72' lang='grc' dir='ltr'>κατορθωμά·</span> 
     </span>
    </p>
   </div>
   <div class='ocr_carea' id='block_1_102' title="bbox 2288 4143 3805 4224">
    <p class='ocr_par' dir='ltr' id='par_1_102' title="bbox 2288 4143 3805 4224">
     <span class='ocr_line' id='line_1_102' title="bbox 2288 4143 3805 4224; baseline 0 -25"><span class='ocrx_word' id='word_1_754' title='bbox 2288 4166 2419 4212; x_wconf 86' lang='grc' dir='ltr'>των,</span> <span class='ocrx_word' id='word_1_755' title='bbox 2458 4148 2644 4221; x_wconf 77' lang='grc' dir='ltr'>σώζῃς</span> <span class='ocrx_word' id='word_1_756' title='bbox 2681 4149 2775 4202; x_wconf 76' lang='grc' dir='ltr'>καὶ</span> <span class='ocrx_word' id='word_1_757' title='bbox 2803 4149 2965 4205; x_wconf 79' lang='grc' dir='ltr'>πάλιν</span> <span class='ocrx_word' id='word_1_758' title='bbox 2989 4151 3064 4215; x_wconf 87' lang='grc' dir='ltr'>ὡς</span> <span class='ocrx_word' id='word_1_759' title='bbox 3090 4152 3259 4222; x_wconf 74' lang='grc' dir='ltr'>μηδὲν</span> <span class='ocrx_word' id='word_1_760' title='bbox 3288 4153 3478 4224; x_wconf 80' lang='grc' dir='ltr'>ἓτερον</span> <span class='ocrx_word' id='word_1_761' title='bbox 3528 4143 3805 4209; x_wconf 76' lang='grc' dir='ltr'>συνεισενέγ-</span> 
     </span>
    </p>
   </div>
   <div class='ocr_carea' id='block_1_103' title="bbox 2291 4236 3807 4312">
    <p class='ocr_par' dir='ltr' id='par_1_103' title="bbox 2291 4236 3807 4312">
     <span class='ocr_line' id='line_1_103' title="bbox 2291 4236 3807 4312; baseline -0.006 -17"><span class='ocrx_word' id='word_1_762' title='bbox 2291 4257 2406 4304; x_wconf 79' lang='grc' dir='ltr'>και,</span> <span class='ocrx_word' id='word_1_763' title='bbox 2443 4240 2582 4311; x_wconf 79' lang='grc' dir='ltr'>πλὴν</span> <span class='ocrx_word' id='word_1_764' title='bbox 2639 4241 2919 4310; x_wconf 85' lang='grc' dir='ltr'>πίστεως;</span> <span class='ocrx_word' id='word_1_765' title='bbox 2983 4242 3376 4312; x_wconf 81' lang='grc' dir='ltr'>Δικαιούμενος</span> <span class='ocrx_word' id='word_1_766' title='bbox 3433 4242 3509 4309; x_wconf 79' lang='grc' dir='ltr'><strong>δὲ,</strong></span> <span class='ocrx_word' id='word_1_767' title='bbox 3556 4240 3732 4310; x_wconf 73' lang='grc' dir='ltr'>δωρεάν</span> <span class='ocrx_word' id='word_1_768' title='bbox 3751 4236 3807 4287; x_wconf 78' lang='grc' dir='ltr'>διο</span> 
     </span>
    </p>
   </div>
   <div class='ocr_carea' id='block_1_104' title="bbox 2290 4325 3805 4407">
    <p class='ocr_par' dir='ltr' id='par_1_104' title="bbox 2290 4325 3805 4407">
     <span class='ocr_line' id='line_1_104' title="bbox 2290 4325 3805 4407; baseline 0.006 -23"><span class='ocrx_word' id='word_1_769' title='bbox 2290 4331 2562 4393; x_wconf 82' lang='grc' dir='ltr'>καιοῦσαι.</span> <span class='ocrx_word' id='word_1_770' title='bbox 2600 4334 2693 4386; x_wconf 79' lang='grc' dir='ltr'><strong>καὶ</strong></span> <span class='ocrx_word' id='word_1_771' title='bbox 2725 4334 2955 4387; x_wconf 84' lang='grc' dir='ltr'>κατόπιν</span> <span class='ocrx_word' id='word_1_772' title='bbox 3008 4331 3231 4407; x_wconf 77' lang='grc' dir='ltr'>ἔρχεσαι</span> <span class='ocrx_word' id='word_1_773' title='bbox 3266 4335 3361 4388; x_wconf 84' lang='grc' dir='ltr'><strong>τοῦ</strong></span> <span class='ocrx_word' id='word_1_774' title='bbox 3408 4333 3539 4388; x_wconf 86' lang='grc' dir='ltr'>Θεοῦ</span> <span class='ocrx_word' id='word_1_775' title='bbox 3568 4332 3704 4401; x_wconf 78' lang='grc' dir='ltr'>δόξης</span> <span class='ocrx_word' id='word_1_776' title='bbox 3739 4325 3805 4380; x_wconf 62' lang='grc' dir='ltr'><strong>καὶ</strong></span> 
     </span>
    </p>
   </div>
   <div class='ocr_carea' id='block_1_105' title="bbox 2286 4419 3799 4497">
    <p class='ocr_par' dir='ltr' id='par_1_105' title="bbox 2286 4419 3799 4497">
     <span class='ocr_line' id='line_1_105' title="bbox 2286 4419 3799 4497; baseline -0.002 -24"><span class='ocrx_word' id='word_1_777' title='bbox 2286 4420 2628 4491; x_wconf 78' lang='grc' dir='ltr'>εὐεργεσίας.</span> <span class='ocrx_word' id='word_1_778' title='bbox 2665 4441 2684 4475; x_wconf 80' lang='grc' dir='ltr'><strong>ι</strong></span> <span class='ocrx_word' id='word_1_779' title='bbox 2732 4422 3125 4495; x_wconf 81' lang='grc' dir='ltr'>’Υστεροῦνται</span> <span class='ocrx_word' id='word_1_780' title='bbox 3174 4428 3275 4496; x_wconf 83' lang='grc' dir='ltr'>τῆς</span> <span class='ocrx_word' id='word_1_781' title='bbox 3324 4424 3486 4497; x_wconf 77' lang='grc' dir='ltr'>δόξης</span> <span class='ocrx_word' id='word_1_782' title='bbox 3536 4424 3621 4477; x_wconf 86' lang='grc' dir='ltr'><strong>τοῦ</strong></span> <span class='ocrx_word' id='word_1_783' title='bbox 3644 4419 3799 4474; x_wconf 72' lang='grc' dir='ltr'>Θεοῦ.»</span> 
     </span>
    </p>
   </div>
   <div class='ocr_carea' id='block_1_106' title="bbox 2291 4506 3804 4584">
    <p class='ocr_par' dir='ltr' id='par_1_106' title="bbox 2291 4506 3804 4584">
     <span class='ocr_line' id='line_1_106' title="bbox 2291 4506 3804 4584; baseline -0.001 -23"><span class='ocrx_word' id='word_1_784' title='bbox 2291 4510 2536 4563; x_wconf 83' lang='grc' dir='ltr'>Κατόπιν</span> <span class='ocrx_word' id='word_1_785' title='bbox 2589 4511 2861 4578; x_wconf 80' lang='grc' dir='ltr'>ἐγένοντο,</span> <span class='ocrx_word' id='word_1_786' title='bbox 2912 4514 3014 4568; x_wconf 77' lang='grc' dir='ltr'>οὐκ</span> <span class='ocrx_word' id='word_1_787' title='bbox 3079 4514 3323 4584; x_wconf 74' lang='grc' dir='ltr'>ἔφθασαν</span> <span class='ocrx_word' id='word_1_788' title='bbox 3379 4514 3476 4569; x_wconf 89' lang='grc' dir='ltr'><strong>τοῦ</strong></span> <span class='ocrx_word' id='word_1_789' title='bbox 3506 4513 3720 4578; x_wconf 74' lang='grc' dir='ltr'>δοξάζειν</span> <span class='ocrx_word' id='word_1_790' title='bbox 3740 4506 3804 4559; x_wconf 62' lang='grc' dir='ltr'>τὸν</span> 
     </span>
    </p>
   </div>
   <div class='ocr_carea' id='block_1_107' title="bbox 2290 4598 3867 4679">
    <p class='ocr_par' dir='ltr' id='par_1_107' title="bbox 2290 4598 3867 4679">
     <span class='ocr_line' id='line_1_107' title="bbox 2290 4598 3867 4679; baseline -0.004 -25"><span class='ocrx_word' id='word_1_791' title='bbox 2290 4601 2442 4655; x_wconf 84' lang='grc' dir='ltr'>Θεόν.</span> <span class='ocrx_word' id='word_1_792' title='bbox 2485 4601 2936 4658; x_wconf 77' lang='grc' dir='ltr'>Ἐκπεπτώκασιν</span> <span class='ocrx_word' id='word_1_793' title='bbox 2966 4605 3208 4671; x_wconf 70' lang='grc' dir='ltr'>ἅπαντες</span> <span class='ocrx_word' id='word_1_794' title='bbox 3247 4607 3342 4661; x_wconf 88' lang='grc' dir='ltr'><strong>τοῦ</strong></span> <span class='ocrx_word' id='word_1_795' title='bbox 3373 4610 3536 4679; x_wconf 83' lang='grc' dir='ltr'>τιμᾷν</span> <span class='ocrx_word' id='word_1_796' title='bbox 3570 4604 3724 4660; x_wconf 83' lang='grc' dir='ltr'>αὐτόν.</span> <span class='ocrx_word' id='word_1_797' title='bbox 3760 4598 3803 4651; x_wconf 80' lang='lat' dir='ltr'><strong>Oi</strong></span> <span class='ocrx_word' id='word_1_798' title='bbox 3866 4610 3867 4619; x_wconf 83' lang='lat'>‘</span> 
     </span>
    </p>
   </div>
   <div class='ocr_carea' id='block_1_108' title="bbox 2292 4690 3801 4769">
    <p class='ocr_par' dir='ltr' id='par_1_108' title="bbox 2292 4690 3801 4769">
     <span class='ocr_line' id='line_1_108' title="bbox 2292 4690 3801 4769; baseline 0.003 -25"><span class='ocrx_word' id='word_1_799' title='bbox 2292 4694 2392 4765; x_wconf 79' lang='grc' dir='ltr'>μὲν</span> <span class='ocrx_word' id='word_1_800' title='bbox 2417 4693 2684 4763; x_wconf 73' lang='grc' dir='ltr'>Ἰουδαῖοι,</span> <span class='ocrx_word' id='word_1_801' title='bbox 2717 4697 3039 4769; x_wconf 75' lang='grc' dir='ltr'>παραϐάται</span> <span class='ocrx_word' id='word_1_802' title='bbox 3079 4701 3366 4769; x_wconf 85' lang='grc' dir='ltr'>γενόμενοι</span> <span class='ocrx_word' id='word_1_803' title='bbox 3395 4702 3503 4754; x_wconf 83' lang='grc' dir='ltr'><strong>τῶν</strong></span> <span class='ocrx_word' id='word_1_804' title='bbox 3539 4699 3620 4752; x_wconf 70' lang='grc' dir='ltr'>διὰ</span> <span class='ocrx_word' id='word_1_805' title='bbox 3641 4694 3719 4748; x_wconf 83' lang='grc' dir='ltr'><strong>τοῦ</strong></span> <span class='ocrx_word' id='word_1_806' title='bbox 3740 4690 3801 4759; x_wconf 68' lang='grc' dir='ltr'>νότ</span> 
     </span>
    </p>
   </div>
   <div class='ocr_carea' id='block_1_109' title="bbox 2292 4787 3800 4862">
    <p class='ocr_par' dir='ltr' id='par_1_109' title="bbox 2292 4787 3800 4862">
     <span class='ocr_line' id='line_1_109' title="bbox 2292 4787 3800 4862; baseline 0.003 -23"><span class='ocrx_word' id='word_1_807' title='bbox 2292 4803 2393 4858; x_wconf 86' lang='grc' dir='ltr'><strong>μου</strong></span> <span class='ocrx_word' id='word_1_808' title='bbox 2429 4787 2679 4853; x_wconf 78' lang='grc' dir='ltr'>ἐντολῶν,</span> <span class='ocrx_word' id='word_1_809' title='bbox 2710 4790 2761 4842; x_wconf 81' lang='grc' dir='ltr'>οἱ</span> <span class='ocrx_word' id='word_1_810' title='bbox 2808 4789 2865 4843; x_wconf 77' lang='grc' dir='ltr'>δὲ</span> <span class='ocrx_word' id='word_1_811' title='bbox 2896 4790 3125 4856; x_wconf 76' lang='grc' dir='ltr'>ἐθνικοὶ,</span> <span class='ocrx_word' id='word_1_812' title='bbox 3158 4790 3401 4857; x_wconf 78' lang='grc' dir='ltr'>εἰδώλοις</span> <span class='ocrx_word' id='word_1_813' title='bbox 3450 4789 3800 4862; x_wconf 77' lang='grc' dir='ltr'>λατρεύσαντεςσ</span> 
     </span>
    </p>
   </div>
   <div class='ocr_carea' id='block_1_110' title="bbox 2287 4875 3800 4957">
    <p class='ocr_par' dir='ltr' id='par_1_110' title="bbox 2287 4875 3800 4957">
     <span class='ocr_line' id='line_1_110' title="bbox 2287 4875 3800 4957; baseline -0.004 -25"><span class='ocrx_word' id='word_1_814' title='bbox 2287 4880 2378 4933; x_wconf 76' lang='grc' dir='ltr'>Διὸ</span> <span class='ocrx_word' id='word_1_815' title='bbox 2426 4880 2627 4944; x_wconf 84' lang='grc' dir='ltr'>πάντες</span> <span class='ocrx_word' id='word_1_816' title='bbox 2677 4881 3074 4949; x_wconf 83' lang='grc' dir='ltr'>πιστεύσαντες</span> <span class='ocrx_word' id='word_1_817' title='bbox 3108 4886 3192 4949; x_wconf 85' lang='grc' dir='ltr'><strong>είς</strong></span> <span class='ocrx_word' id='word_1_818' title='bbox 3226 4886 3487 4957; x_wconf 76' lang='grc' dir='ltr'>Χριστὸν,</span> <span class='ocrx_word' id='word_1_819' title='bbox 3536 4880 3716 4953; x_wconf 71' lang='grc' dir='ltr'>δωρεάν</span> <span class='ocrx_word' id='word_1_820' title='bbox 3746 4875 3800 4928; x_wconf 77' lang='grc' dir='ltr'>δι-</span> 
     </span>
    </p>
   </div>
   <div class='ocr_carea' id='block_1_111' title="bbox 2288 4966 3799 5047">
    <p class='ocr_par' dir='ltr' id='par_1_111' title="bbox 2288 4966 3799 5047">
     <span class='ocr_line' id='line_1_111' title="bbox 2288 4966 3799 5047; baseline 0.001 -22"><span class='ocrx_word' id='word_1_821' title='bbox 2288 4970 2591 5040; x_wconf 88' lang='grc' dir='ltr'>καιοῦνται,</span> <span class='ocrx_word' id='word_1_822' title='bbox 2628 4973 2689 5027; x_wconf 81' lang='grc' dir='ltr'><strong>τδ</strong></span> <span class='ocrx_word' id='word_1_823' title='bbox 2729 4975 3013 5029; x_wconf 82' lang='grc' dir='ltr'>πιστεύειν</span> <span class='ocrx_word' id='word_1_824' title='bbox 3069 4976 3233 5047; x_wconf 86' lang='grc' dir='ltr'>μόνον</span> <span class='ocrx_word' id='word_1_825' title='bbox 3270 4978 3685 5047; x_wconf 85' lang='grc' dir='ltr'>συνεισάγοντες.</span> <span class='ocrx_word' id='word_1_826' title='bbox 3711 4966 3799 5026; x_wconf 81' lang='grc' dir='ltr'><strong>Πῶς</strong></span> 
     </span>
    </p>
   </div>
   <div class='ocr_carea' id='block_1_112' title="bbox 2287 5061 3795 5142">
    <p class='ocr_par' dir='ltr' id='par_1_112' title="bbox 2287 5061 3795 5142">
     <span class='ocr_line' id='line_1_112' title="bbox 2287 5061 3795 5142; baseline 0.011 -24"><span class='ocrx_word' id='word_1_827' title='bbox 2287 5065 2342 5120; x_wconf 86' lang='grc' dir='ltr'>δὲ</span> <span class='ocrx_word' id='word_1_828' title='bbox 2359 5066 2715 5139; x_wconf 82' lang='grc' dir='ltr'>δικαιούμεοα</span> <span class='ocrx_word' id='word_1_829' title='bbox 2732 5086 2746 5136; x_wconf 89' lang='lat'><strong>;</strong></span> <span class='ocrx_word' id='word_1_830' title='bbox 2765 5068 3093 5141; x_wconf 80' lang='grc' dir='ltr'>’Λπολυτρού</span> <span class='ocrx_word' id='word_1_831' title='bbox 3104 5088 3252 5142; x_wconf 87' lang='grc' dir='ltr'>μενοι</span> <span class='ocrx_word' id='word_1_832' title='bbox 3278 5074 3376 5136; x_wconf 69' lang='grc' dir='ltr'>τὰς</span> <span class='ocrx_word' id='word_1_833' title='bbox 3397 5071 3652 5142; x_wconf 79' lang='grc' dir='ltr'>ἁμαρτίας</span> <span class='ocrx_word' id='word_1_834' title='bbox 3666 5061 3795 5134; x_wconf 60' lang='grc' dir='ltr'><strong>ὴμῶν·</strong></span> 
     </span>
    </p>
   </div>
   <div class='ocr_carea' id='block_1_113' title="bbox 2286 5151 3793 5235">
    <p class='ocr_par' dir='ltr' id='par_1_113' title="bbox 2286 5151 3793 5235">
     <span class='ocr_line' id='line_1_113' title="bbox 2286 5151 3793 5235; baseline 0.002 -25"><span class='ocrx_word' id='word_1_835' title='bbox 2286 5159 2385 5211; x_wconf 70' lang='grc' dir='ltr'><strong>Διὰ</strong></span> <span class='ocrx_word' id='word_1_836' title='bbox 2438 5158 2578 5222; x_wconf 81' lang='grc' dir='ltr'>τίνος</span> <span class='ocrx_word' id='word_1_837' title='bbox 2631 5159 2687 5213; x_wconf 84' lang='grc' dir='ltr'>δὲ</span> <span class='ocrx_word' id='word_1_838' title='bbox 2713 5161 3202 5234; x_wconf 77' lang='grc' dir='ltr'>άπολυτρούμεοα;</span> <span class='ocrx_word' id='word_1_839' title='bbox 3257 5165 3357 5217; x_wconf 81' lang='grc' dir='ltr'><strong>Διὰ</strong></span> <span class='ocrx_word' id='word_1_840' title='bbox 3398 5162 3568 5235; x_wconf 82' lang='grc' dir='ltr'>Ἰησοῦ</span> <span class='ocrx_word' id='word_1_841' title='bbox 3594 5151 3793 5230; x_wconf 62' lang='grc' dir='ltr'>Χριστοῦ.</span> 
     </span>
    </p>
   </div>
   <div class='ocr_carea' id='block_1_114' title="bbox 2287 5250 3793 5329">
    <p class='ocr_par' dir='ltr' id='par_1_114' title="bbox 2287 5250 3793 5329">
     <span class='ocr_line' id='line_1_114' title="bbox 2287 5250 3793 5329; baseline 0.004 -25"><span class='ocrx_word' id='word_1_842' title='bbox 2287 5251 2409 5315; x_wconf 77' lang='grc' dir='ltr'><strong>Πῶς</strong></span> <span class='ocrx_word' id='word_1_843' title='bbox 2438 5253 2758 5324; x_wconf 78' lang='grc' dir='ltr'>λυτροῦντος</span> <span class='ocrx_word' id='word_1_844' title='bbox 2789 5255 3033 5322; x_wconf 74' lang='grc' dir='ltr'>ἐκείνους</span> <span class='ocrx_word' id='word_1_845' title='bbox 3058 5257 3147 5328; x_wconf 80' lang='grc' dir='ltr'>Τῷ</span> <span class='ocrx_word' id='word_1_846' title='bbox 3180 5258 3296 5329; x_wconf 72' lang='grc' dir='ltr'>ἰδίῳ</span> <span class='ocrx_word' id='word_1_847' title='bbox 3327 5260 3536 5329; x_wconf 80' lang='grc' dir='ltr'>αἵματι.</span> <span class='ocrx_word' id='word_1_848' title='bbox 3560 5257 3624 5310; x_wconf 85' lang='grc' dir='ltr'><em>Ἥ</em></span> <span class='ocrx_word' id='word_1_849' title='bbox 3648 5250 3793 5306; x_wconf 69' lang='grc' dir='ltr'><strong>οὕτως’</strong></span> 
     </span>
    </p>
   </div>
   <div class='ocr_carea' id='block_1_115' title="bbox 2284 5336 3793 5416">
    <p class='ocr_par' dir='ltr' id='par_1_115' title="bbox 2284 5336 3793 5416">
     <span class='ocr_line' id='line_1_115' title="bbox 2284 5336 3793 5416; baseline 0.002 -18"><span class='ocrx_word' id='word_1_850' title='bbox 2284 5346 2416 5408; x_wconf 74' lang='grc' dir='ltr'>θεὸς</span> <span class='ocrx_word' id='word_1_851' title='bbox 2473 5347 2668 5411; x_wconf 74' lang='grc' dir='ltr'>αὐτοὺς</span> <span class='ocrx_word' id='word_1_852' title='bbox 2710 5347 2924 5415; x_wconf 76' lang='grc' dir='ltr'>δοξάζει</span> <span class='ocrx_word' id='word_1_853' title='bbox 2985 5351 3361 5416; x_wconf 80' lang='grc' dir='ltr'>πιστεύοντας.</span> <span class='ocrx_word' id='word_1_854' title='bbox 3411 5347 3674 5407; x_wconf 78' lang='grc' dir='ltr'>Υίοοεσίας</span> <span class='ocrx_word' id='word_1_855' title='bbox 3717 5336 3793 5407; x_wconf 71' lang='grc' dir='ltr'><em>γᾶρ</em></span> 
     </span>
    </p>
   </div>
   <div class='ocr_carea' id='block_1_116' title="bbox 2284 5431 3793 5517">
    <p class='ocr_par' dir='ltr' id='par_1_116' title="bbox 2284 5431 3793 5517">
     <span class='ocr_line' id='line_1_116' title="bbox 2284 5431 3793 5517; baseline 0.007 -25"><span class='ocrx_word' id='word_1_856' title='bbox 2284 5439 2444 5503; x_wconf 78' lang='grc' dir='ltr'>ἀξιοῖ,</span> <span class='ocrx_word' id='word_1_857' title='bbox 2478 5441 2571 5493; x_wconf 69' lang='grc' dir='ltr'>καὶ</span> <span class='ocrx_word' id='word_1_858' title='bbox 2599 5442 2969 5514; x_wconf 78' lang='grc' dir='ltr'>κληρονόμους</span> <span class='ocrx_word' id='word_1_859' title='bbox 2993 5447 3089 5515; x_wconf 82' lang='grc' dir='ltr'>τῆς</span> <span class='ocrx_word' id='word_1_860' title='bbox 3114 5444 3278 5500; x_wconf 79' lang='grc' dir='ltr'>αὑτοῦ</span> <span class='ocrx_word' id='word_1_861' title='bbox 3314 5443 3584 5517; x_wconf 76' lang='grc' dir='ltr'>βασιλείας</span> <span class='ocrx_word' id='word_1_862' title='bbox 3612 5431 3793 5501; x_wconf 64' lang='grc' dir='ltr'>ἀποεαί·</span> 
     </span>
    </p>
   </div>
   <div class='ocr_carea' id='block_1_117' title="bbox 2283 5525 3791 5611">
    <p class='ocr_par' dir='ltr' id='par_1_117' title="bbox 2283 5525 3791 5611">
     <span class='ocr_line' id='line_1_117' title="bbox 2283 5525 3791 5611; baseline 0.007 -30"><span class='ocrx_word' id='word_1_863' title='bbox 2283 5548 2384 5585; x_wconf 86' lang='grc' dir='ltr'>νει,</span> <span class='ocrx_word' id='word_1_864' title='bbox 2433 5525 2540 5596; x_wconf 72' lang='grc' dir='ltr'><strong>τΗς</strong></span> <span class='ocrx_word' id='word_1_865' title='bbox 2567 5533 2747 5605; x_wconf 76' lang='grc' dir='ltr'>δῆλον,</span> <span class='ocrx_word' id='word_1_866' title='bbox 2802 5536 2887 5589; x_wconf 86' lang='grc' dir='ltr'><strong>ὄτι</strong></span> <span class='ocrx_word' id='word_1_867' title='bbox 2939 5537 3347 5611; x_wconf 82' lang='grc' dir='ltr'>ἐξημάρτομεν,</span> <span class='ocrx_word' id='word_1_868' title='bbox 3398 5539 3593 5599; x_wconf 79' lang='grc' dir='ltr'>πάντες</span> <span class='ocrx_word' id='word_1_869' title='bbox 3638 5526 3791 5598; x_wconf 70' lang='grc' dir='ltr'>ὁμοίωῖ</span> 
     </span>
    </p>
   </div>
   <div class='ocr_carea' id='block_1_118' title="bbox 2282 5622 3768 5718">
    <p class='ocr_par' dir='ltr' id='par_1_118' title="bbox 2282 5622 3768 5718">
     <span class='ocr_line' id='line_1_118' title="bbox 2282 5622 3768 5718; baseline 0.001 -43"><span class='ocrx_word' id='word_1_870' title='bbox 2282 5622 2678 5695; x_wconf 77' lang='grc' dir='ltr'>ὑστερούμεθα.</span> <span class='ocrx_word' id='word_1_871' title='bbox 2707 5627 2797 5679; x_wconf 80' lang='grc' dir='ltr'><strong>Διὸ</strong></span> <span class='ocrx_word' id='word_1_872' title='bbox 2858 5626 3236 5699; x_wconf 72' lang='grc' dir='ltr'>δωρεέινὴμᾶς</span> <span class='ocrx_word' id='word_1_873' title='bbox 3271 5630 3475 5682; x_wconf 87' lang='grc' dir='ltr'>τούτων</span> <span class='ocrx_word' id='word_1_874' title='bbox 3494 5626 3637 5691; x_wconf 75' lang='grc' dir='ltr'>ἀξιοῖ.</span> <span class='ocrx_word' id='word_1_875' title='bbox 3750 5703 3768 5718; x_wconf 42' lang='grc' dir='ltr'><strong><em>ο</em></strong></span> 
     </span>
    </p>
   </div>
   <div class='ocr_carea' id='block_1_119' title="bbox 2352 5716 3782 5791">
    <p class='ocr_par' dir='ltr' id='par_1_119' title="bbox 2352 5716 3782 5791">
     <span class='ocr_line' id='line_1_119' title="bbox 2352 5716 3782 5791; baseline -0.001 -22"><span class='ocrx_word' id='word_1_876' title='bbox 2352 5716 2455 5770; x_wconf 80' lang='grc' dir='ltr'><strong>Διὰ</strong></span> <span class='ocrx_word' id='word_1_877' title='bbox 2483 5717 2594 5786; x_wconf 79' lang='grc' dir='ltr'><strong>τῆς</strong></span> <span class='ocrx_word' id='word_1_878' title='bbox 2622 5719 3100 5790; x_wconf 75' lang='grc' dir='ltr'>ἀπολυτρώσεως</span> <span class='ocrx_word' id='word_1_879' title='bbox 3135 5721 3243 5791; x_wconf 82' lang='grc' dir='ltr'><strong>τῆς</strong></span> <span class='ocrx_word' id='word_1_880' title='bbox 3265 5724 3334 5776; x_wconf 78' lang='grc' dir='ltr'>ἐν</span> <span class='ocrx_word' id='word_1_881' title='bbox 3359 5718 3580 5790; x_wconf 71' lang='grc' dir='ltr'>Χριστῷ</span> <span class='ocrx_word' id='word_1_882' title='bbox 3620 5716 3782 5777; x_wconf 68' lang='grc' dir='ltr'>Ἰησοῦν</span> 
     </span>
    </p>
   </div>
   <div class='ocr_carea' id='block_1_120' title="bbox 2280 5806 3784 5885">
    <p class='ocr_par' dir='ltr' id='par_1_120' title="bbox 2280 5806 3784 5885">
     <span class='ocr_line' id='line_1_120' title="bbox 2280 5806 3784 5885; baseline -0.004 -20"><span class='ocrx_word' id='word_1_883' title='bbox 2280 5809 2353 5865; x_wconf 77' lang='grc' dir='ltr'>ὃν</span> <span class='ocrx_word' id='word_1_884' title='bbox 2377 5809 2659 5879; x_wconf 72' lang='grc' dir='ltr'>προέθετο</span> <span class='ocrx_word' id='word_1_885' title='bbox 2697 5814 2730 5866; x_wconf 86' lang='grc' dir='ltr'><em>ὀ</em></span> <span class='ocrx_word' id='word_1_886' title='bbox 2757 5812 2902 5880; x_wconf 61' lang='grc' dir='ltr'>Θεὸς</span> <span class='ocrx_word' id='word_1_887' title='bbox 2945 5814 3299 5885; x_wconf 63' lang='grc' dir='ltr'>ἱλαστήριον</span> <span class='ocrx_word' id='word_1_888' title='bbox 3320 5814 3414 5869; x_wconf 81' lang='grc' dir='ltr'>διὰ</span> <span class='ocrx_word' id='word_1_889' title='bbox 3452 5811 3556 5883; x_wconf 77' lang='grc' dir='ltr'><strong>τῆς</strong></span> <span class='ocrx_word' id='word_1_890' title='bbox 3583 5806 3784 5863; x_wconf 74' lang='grc' dir='ltr'>πίστεως</span> 
     </span>
    </p>
   </div>
   <div class='ocr_carea' id='block_1_121' title="bbox 3853 4764 3866 5664">
    <p class='ocr_par' dir='ltr' id='par_1_121' title="bbox 3853 5042 3861 5619">
     <span class='ocr_line' id='line_1_121' title="bbox 3860 5042 3861 5119; baseline 0 0"><span class='ocrx_word' id='word_1_891' title='bbox 3860 5042 3861 5119; x_wconf 62' lang='grc' dir='ltr'><strong>ι</strong></span> 
     </span>
     <span class='ocr_line' id='line_1_122' title="bbox 3854 5310 3857 5453; baseline 0 0"><span class='ocrx_word' id='word_1_892' title='bbox 3854 5310 3857 5453; x_wconf 61' lang='lat' dir='ltr'><strong>l</strong></span> 
     </span>
     <span class='ocr_line' id='line_1_123' title="bbox 3853 5464 3855 5619; baseline 0 0"><span class='ocrx_word' id='word_1_893' title='bbox 3853 5464 3855 5619; x_wconf 69' lang='lat' dir='ltr'><strong>l</strong></span> 
     </span>
    </p>
   </div>
  </div>
