3978 6546
196 432 294 492 383

1238 404 1635 467 COMMENT.
1672 404 1753 465 ΙΝ
1795 404 2037 467 EPIS‘I‘.
2078 406 2179 466 AD
2220 406 2403 467 ROM.

3335 407 3447 471 386

192 554 261 591 εν
282 530 355 597 τῷ
380 525 568 583 αὐτοῦ
594 523 817 592 αἵματι,
841 521 929 587 εἰς
958 516 1221 581 ἔνδειξιν
1238 514 1350 584 τῆς
1372 513 1766 579 δικαιοσύνης

1871 514 2058 584 ﬁdem,
2127 532 2221 584 per
2292 516 2603 585 sanguinem
2676 514 2877 583 ipsius,
2947 514 3017 568 ad
3091 518 3445 572 extensione»:

190 623 388 685 αὐτοῦ,
417 619 515 674 διὰ
536 618 653 684 τὴν
670 614 929 682 πάρεσιν
957 610 1075 665 τῶν
1100 607 1550 678 προγεγονότων
1572 607 1758 673 ἀμαρ-

1871 609 2093 674 iustitia:
2120 625 2232 662 sua:
2252 623 2271 662 :
2302 625 2393 678 per
2417 609 2775 662 remissionem
2820 613 3210 678 pt'wteritorum
3267 628 3451 681 pecca-

187 717 488 787 ι’·ιιμόινιιια·⁸
528 708 694 777 ἐτι-τῇ
729 704 925 775 ἀνοχῇ
964 703 1072 759 τοῦ
1101 702 1272 766 Θεοῦ,
1312 702 1463 770 πρὸς
1495 697 1760 763 ἔνδειξιν

185 811 297 878 τῆς
319 804 712 867 δικαιοσύνης
731 796 941 864 αὑτοῦ,
970 796 1040 850 ὲν
1072 795 1152 861 τῷ
1176 793 1296 848 νῦν
1317 790 1500 862 καιρῷ
1521 807 1532 819 ·
1571 794 1658 856 εἱς
1691 790 1758 842 τὸ

183 899 332 955 εῖναι
358 896 546 950 αὑτὸν
579 893 836 956 δίκαιον,
892 887 992 943 καὶ
1028 884 1384 941 δικαιοῦντα
1418 884 1527 938 τόν
1557 883 1628 937 ἐκ
1661 881 1758 935 πι-

187 1009 371 1054 στεως
398 987 630 1055 Ἰησοῦ.

259 1084 376 1147 Πῶς
413 1082 472 1135 δὲ
508 1077 854 1143 δικαιοῦταις
891 1075 982 1129 διὰ
1041 1074 1140 1144 τῆς
1187 1070 1437 1141 ἀφέσεως
1483 1067 1595 1121 τῶν
1649 1082 1757 1119 πα-

185 1172 589 1247 ραπτωμάτων,
641 1167 710 1242 ἧς
756 1168 1101 1237 τυγχάνομεν
1148 1165 1208 1217 ἐν
1273 1159 1497 1232 Χριστῷ
1558 1155 1758 1227 Ἰησοῦ,

178 1268 448 1328 τουτέστι,
474 1265 564 1318 διὰ
594 1262 771 1332 Ἰησοῦ
799 1258 1064 1332 Χριστοῦ.
1102 1276 1122 1308 ι
1153 1257 1249 1310 Ὃν
1286 1253 1548 1325 προέθετο
1572 1254 1598 1305 ὁ
1627 1250 1759 1311 Θεὸς

183 1360 561 1427 ἱλαστήριον.»
602 1355 832 1408 Εύδοκία
889 1353 1000 1423 γὰρ
1053 1348 1148 1403 τοῦ
1208 1347 1444 1417 Πατρὸς,
1493 1343 1759 1411 ὲξίλασμα

181 1450 471 1518 γεγένηται
516 1447 625 1500 τῶν
665 1446 948 1516 ἡμετέρων
989 1440 1297 1513 ἁμαρτιῶν.
1347 1438 1677 1506 Ἱλαστήριον
1702 1433 1759 1486 δὲ

182 1543 409 1597 παλαιὸν
435 1528 657 1609 ἐλέγετο
686 1539 747 1591 τὸ
782 1538 952 1607 πῶμα
983 1535 1085 1605 τῆς
1105 1530 1363 1587 κιϐωτοῦ.
1391 1528 1577 1592 Οὕτως
1605 1527 1696 1581 καὶ
1726 1526 1759 1596 ή

180 1634 274 1687 τοῦ
301 1633 509 1703 Κυρίου
543 1629 681 1700 σὰρξ
720 1631 753 1699 ἡ
786 1625 1273 1698 περικαλύπτουσα
1297 1623 1394 1695 τὴν
1418 1620 1613 1675 ἑαυτοῦ
1644 1618 1761 1671 θεό-

182 1744 313 1796 τῃτα
350 1725 670 1793 ἱλαστήριον
701 1720 892 1789 γέγονε
921 1718 1032 1771 τῶν
1078 1717 1365 1788 ἡμετέρων
1396 1712 1658 1783 ἀνομιῶν.
1686 1709 1759 1762 Τὸ

180 1820 255 1881 δὲ,
302 1816 599 1885 Προέθετο,
644 1814 798 1882 δηλοῖ
845 1812 1084 1867 παλαιὰν
1112 1812 1212 1878 τὴν
1243 1809 1375 1878 περὶ
1408 1805 1599 1860 τούτου
1632 1804 1757 1875 βου-

1868 710 2081 763 torum,
2154 718 2272 754 cum
2330 702 2470 755 Deus
2550 702 2799 756 toleraret
2854 718 2872 756 :
2930 703 3000 755 nd
3070 704 3449 759 ostendendam

1859 794 2131 862 justitiam
2172 810 2346 856 suam,
2394 793 2446 846 in
2498 794 2747 863 pra'senti
2785 794 2948 866 243
2999 803 3228 864 tempore
3267 797 3363 850 hoc
3391 804 3451 849 ut

1869 891 1980 958 ipse
2010 889 2079 943 sit
2118 888 2322 958 justus,
2364 897 2414 942 et
2449 888 2760 958 justi/ica":
2809 906 2928 944 eum
2975 890 3066 959 qui
3106 899 3184 945 est
3235 903 3299 944 ex
3344 889 3450 959 [ide

1865 982 2019 1037 Iesu.

1939 1075 2229 1142 Quomodo
2278 1085 2461 1131 autem
2500 1076 2878 1147 justificatur?
2907 1076 3013 1131 Per
3062 1074 3446 1130 remissionem

1868 1175 2223 1237 peccatorum
2253 1183 2419 1236 quam
2452 1168 2805 1238 assequimur
2827 1167 2883 1221 in
2916 1166 3140 1225 Christo
3163 1168 3313 1230 Jesu,
3343 1167 3449 1220 hoc

1867 1267 1974 1321 est,
2011 1273 2112 1327 per
2143 1257 2428 1311 Christum
2460 1258 2673 1313 Jesum.
2711 1277 2730 1310 ι
2772 1259 2945 1324 Quem
2978 1260 3267 1328 proposuit
3306 1260 3450 1313 Deus

1868 1351 2314 1420 propitiatorcm.
2357 1371 2376 1403 ι
2418 1351 2593 1405 Patris
2625 1351 2772 1405 enim
2823 1351 3147 1420 propitiatio
3188 1354 3327 1406 facta
3363 1362 3450 1406 est.

1870 1453 2192 1497 nostrorum
2240 1443 2561 1513 pr0pitiatio
2589 1452 2964 1514 peccatorum.
2997 1443 3448 1514 Propitiatorium

1866 1550 2001 1589 vero
2035 1534 2324 1589 dicebatur
2360 1535 2490 1589 olim
2539 1550 2680 1589 arca:
2724 1535 3048 1605 operculum
3077 1552 3091 1589 :
3126 1535 3198 1589 ita
3228 1550 3451 1605 quoque

1867 1628 2086 1684 Domini
2113 1643 2245 1682 caro
2287 1644 2410 1699 quae
2438 1628 2589 1683 illius
2621 1628 2969 1683 divinitatem
2993 1608 3230 1691 velabat,
3262 1630 3451 1699 prOpi-

1872 1721 2157 1775 tiatoriqu
2185 1720 2289 1775 fuit
2331 1728 2646 1776 nostrarum
2679 1720 3232 1791 iniquitatum.’,Quod
3264 1730 3451 1777 autem

1868 1815 2053 1870 dicit:
2102 1815 2419 1885 Proposuit,
2477 1815 2765 1884 antiquum
2814 1813 2883 1870 de
2931 1830 2996 1869 ea
3053 1830 3114 1870 re
3153 1814 3449 1870 consilium

179 1910 296 1979 λήν.
338 1926 355 1959 ι
400 1907 490 1959 Ἑν
536 1905 616 1975 τῷ
659 1904 825 1958 αὑτοῦ
871 1904 1083 1973 αἵματι.
1115 1920 1133 1952 ι
1178 1900 1236 1953 '0
1287 1900 1388 1970 μὲν
1434 1899 1542 1967 γὰρ
1571 1896 1759 1967 Πατὴρ

1871 1907 2163 1977 signiﬁcat.
2213 1926 2230 1957 ι
2266 1907 2374 1961 Per
2404 1908 2728 1978 sanguinem
2773 1906 2969 1977 ipsius.
3012 1927 3032 1957 ι
3073 1907 3235 1961 Pater
3272 1906 3451 1977 siqui-

180 2000 462 2069 προέθετο,
496 2000 524 2051 ὁ
554 1998 611 2051 δὲ
650 1997 782 2059 Υἱὸς
836 1998 899 2048 τὸ
932 1990 1073 2065 αἷμα
1115 1993 1332 2063 ἐξέχεεν
1383 1991 1526 2060 ὑπὲρ
1570 1988 1754 2060 ἡμῶνο

180 2092 327 2161 κοινὴ
370 2089 527 2161 οὖνὴ
563 2090 725 2161 χάρις
757 2089 855 2159 τῆς
907 2087 1069 2155 ἁγίας
1122 2086 1354 2155 Τριάδος
1381 2099 1395 2114 ·
1450 2084 1761 2154 συνήργησε

179 2184 282 2252 γὰρ
313 2182 412 2235 καὶ
446 2183 509 2234 τὸ
544 2181 810 2247 πανάγιον
839 2177 1085 2248 Πνεῦμα.
1124 2194 1143 2228 ι
1178 2176 1273 2239 Εἰς
1302 2174 1527 2241 ἔνδειξιν
1558 2174 1657 2243 τῆς
1681 2172 1759 2227 δι-

180 2276 475 2344 καιοσύνης
505 2272 692 2327 αὑτοῦ.
721 2292 741 2325 ι
784 2273 996 2340 ’Ὠσπερ
1023 2268 1271 2336 ἔνδειξις,
1309 2268 1590 2321 τουτέστιν
1629 2265 1763 2320 ἀπό-

181 2368 367 2433 δειξις,
426 2364 792 2431 πλουσίου,τὸ
826 2364 921 2418 καὶ
969 2363 1192 2432 ἑτέρους
1248 2359 1579 2425 πλουτίζειν,
1621 2358 1763 2412 οὕτω

180 2462 307 2512 καὶὸ
325 2458 570 2527 Χριστὸς
590 2453 930 2520 ὲνδείξασθαι
957 2453 1278 2524 βουλόμενος
1303 2452 1402 2523 τὴν
1416 2449 1763 2519 δικαιοσύνην

179 2553 369 2616 αὐτοῦ,
389 2551 624 2613 καὶτοὺς
641 2549 962 2620 ἀνθρώπους
988 2548 1355 2602 ὲδικαίωσεν.ι
1380 2546 1477 2600 Διά
1505 2547 1601 2615 τὴν
1624 2544 1766 2614 πάρ-

178 2663 288 2699 εσιν
301 2644 418 2699 τῶν
443 2644 854 2715 προγεγονότων
884 2643 1296 2713 ἁμαρτημάτων
1315 2645 1371 2694 ὲν
1388 2642 1452 2711 τῇ
1471 2641 1634 2709 ἀνοχῇ
1670 2636 1763 2690 τοῦ

180 2735 330 2789 Θεοῦ.
363 2754 387 2786 ι
413 2733 719 2800 Ἀπόδειξις
748 2733 804 2786 δὲ
829 2734 923 2802 τῆς
952 2732 1299 2802 δικαιοσύνης
1338 2730 1501 2784 αὑτοῦ
1530 2730 1764 2800 μάλιστα

179 2828 429 2895 γέγονεν,
477 2828 561 2880 ὅτι
594 2824 984 2894 παρειμένους,
1035 2824 1280 2878 τουτέστι
1326 2822 1765 2893 νενεκρωμένους

179 2923 289 2983 ταῖς
346 2920 659 2989 ἁμαρτίαις
707 2918 836 2981 τοὺς
879 2917 1202 2987 ἀνθρώπους
1250 2916 1588 2970 ἐδικαίωσεν.
1635 2910 1768 2970 Εἶτα

179 3015 321 3088 tinnis
330 3012 445 3063 ἰνει
462 3011 571 3063 τῶν
588 3009 684 3065 ἀνθ
694 3009 891 3078 ρώπων
908 3010 968 3062 τὸ
986 3008 1154 3076 ἕγκλη
1162 3026 1260 3077 μα,
1281 3007 1470 3078 τῷξτάς
1493 3005 1768 3077 ἁμαρτίας

180 3079 444 3173 γενέσθαι
474 3103 530 3154 ὲν
553 3104 618 3170 τῇ
651 3104 817 3171 ἀνοχῇ
842 3100 936 3154 τοῦ
963 3100 1120 3155 Θεοῦ.
1147 3100 1277 3154 Ὅτε
1301 3101 1431 3173 γὰρ,
1459 3098 1768 3168 φησὶν,ἔδει

1862 2002 1985 2057 dem
2010 2001 2315 2071 proposuit,
2354 2000 2526 2056 Filius
2548 2016 2679 2055 vero
2710 2003 3030 2071 sanguinem
3055 2016 3155 2070 pro
3182 1999 3344 2055 nobis
3367 1999 3451 2055 et?

1862 2095 2002 2150 fudit
2031 2114 2045 2149 :
2076 2095 2258 2164 itaque
2278 2094 2586 2149 communis
2610 2093 3212 2151 estsanctmTrinitatis
3238 2093 3447 2164 gratia:

1862 2201 1989 2239 nam
2042 2184 2421 2239 sanctissimus
2473 2198 2694 2254 quoque
2739 2184 3149 2253 cooperabatur
3187 2184 3445 2253 Spiritus.

1869 2295 1888 2328 ι
1924 2277 2029 2331 Per
2059 2274 2431 2330 ostensionem
2467 2276 2694 2346 justitiae
2720 2289 2855 2329 suae.
2897 2293 2917 2326 ι
2971 2274 3447 2340 Quemadmodum

1863 2368 2056 2425 divitis
2095 2368 2341 2423 ostensio
2369 2368 2486 2423 sive
2518 2367 2917 2422 demonstratio
2953 2375 3039 2422 est
3064 2365 3201 2422 alios
3227 2381 3449 2437 quoque

1865 2461 2064 2525 ditare,
2106 2464 2182 2515 ita
2207 2468 2264 2515 et
2296 2458 2551 2515 Christus
2582 2474 2738 2514 suam
2765 2458 3061 2514 ostendere
3115 2458 3308 2514 volens
3346 2460 3441 2530 ju-

1866 2553 2368 2619 stitiam,homines
2400 2551 3012 2622 quoquejttstiilcavit.c
3047 2551 3151 2605 Per
3173 2550 3452 2606 remissio-

1868 2662 1991 2701 nem
2019 2645 2427 2716 praeteritorum
2457 2654 2835 2715 peccatorum,
2876 2659 3007 2699 cum
3039 2644 3187 2698 Deus
3242 2645 3448 2699 tolera-

1868 2749 1971 2793 ret.
2021 2758 2038 2785 ι
2080 2737 2320 2794 Justitim
2352 2738 2505 2792 illius
2542 2737 2943 2792 demonstratio
2987 2736 3042 2790 in
3077 2737 3180 2791 hoc
3213 2737 3451 2793 maxime

1867 2832 2010 2886 facta
2057 2841 2162 2896 est,
2204 2830 2352 2900 quod
2388 2830 2709 2891 dissolutos.
2767 2830 2874 2885 hoc
2906 2838 2991 2884 est
3050 2830 3290 2897 peccatis
3334 2829 3451 2885 suis

1869 2924 2199 2980 immortuos
2234 2924 2345 2995 jam
2389 2921 3007 2993 hominesjustiﬁcavit.
3038 2922 3247 2976 Deinde
3270 2921 3451 2975 homi-

1871 3033 2004 3072 num
2057 3026 2219 3089 auget
2283 3018 2513 3079 crimen,
2582 3016 2729 3086 quod
2792 3025 3019 3085 peccata
3070 3014 3296 3078 iuerint,
3321 3029 3450 3069 cum

1872 3111 2017 3166 Deus
2066 3111 2348 3165 toleraret.
2383 3108 2776 3178 Namsquando
2829 3108 3155 3177 resipiscere
3198 3106 3446 3175 oportuit

181 3196 540 3266 μετανοῆσαι,
571 3193 817 3263 δοθείσης
852 3193 1071 3263 ἀνοχῆς,
1107 3193 1228 3246 τότε
1267 3193 1469 3262 μᾶλλον
1525 3192 1767 3262 ἡμάρτο-

1871 3203 1997 3256 data
2036 3202 2381 3263 toleratione,
2418 3212 2548 3256 tunc
2575 3201 2747 3271 magis
2770 3200 3153 3270 peceahamus.
3192 3198 3300 3254 Eos
3318 3214 3450 3270 ιτεο

184 3307 294 3359 μεν.
324 3288 481 3350 Τοὺς
505 3283 599 3341 οὖν
626 3284 993 3353 ἀσύγγνωστα
1032 3284 1389 3348 πταίσαντας,
1421 3282 1514 3337 νῦν
1559 3284 1643 3339 διὰ
1686 3283 1769 3337 πί-

183 3398 339 3443 στεως
383 3379 577 3444 σώζει.
604 3380 716 3433 Καὶ
748 3376 922 3442 οὕτως
957 3378 1300 3447 παρείθημεν
1325 3378 1446 3441 ταῖς
1477 3375 1768 3446 ἁμαρτίαις

188 3475 272 3526 καὶ
297 3471 758 3543 παραλελύμεθα.
804 3470 1002 3542 [ΦΩΤ.]
1042 3466 1174 3529 Εἶτα
1207 3470 1325 3523 δέον
1344 3470 1444 3538 τῆς
1485 3467 1768 3539 παρέσεως

187 3564 563 3634 ἀπαιτηθῖγιαι
595 3562 773 3626 δίκας,
804 3561 1006 3631 ἀνοχῆς
1037 3563 1131 3616 καὶ
1176 3561 1586 3631 φιλανθρωπίας
1644 3558 1768 3611 ὲτύ-

186 3674 359 3727 χομεν.
390 3656 565 3710 Ἀλλά
612 3658 708 3711 καὶ
746 3657 844 3721 τῆς
889 3655 1086 3726 ἀνοχῆς
1119 3654 1399 3724 τυχόντες,
1447 3652 1566 3705 δέον
1612 3669 1770 3720 μετα-

186 3753 315 3801 νοεῖν
362 3747 469 3801 καὶ
511 3750 583 3802 τὰ
616 3749 897 3817 φθάσαντα
941 3745 1301 3814 ἐξιλεοῦσθαι,
1334 3744 1416 3797 ἔτι
1440 3746 1552 3807 τοῖς
1585 3744 1768 3806 αὐτοῖς

189 3839 679 3910 ἔγκαλινδούμεθα.
716 3841 782 3893 Τί
810 3835 903 3895 οὖν
924 3840 1032 3893 ἔδει
1060 3839 1180 3893 τότε
1200 3839 1295 3893 καὶ
1318 3838 1409 3891 τὸν
1438 3838 1559 3890 λίαν
1578 3837 1768 3906 φιλάν-

191 3933 401 4003 θρωπον
440 3934 640 4003 κριτὴν
691 3932 931 4004 πρᾶξαις
955 3934 1180 3997 Πάντως
1209 3931 1436 3986 κολάσαι
1477 3931 1572 3984 καὶ
1600 3948 1770 4000 τιμω-

193 4027 490 4097 ρήσασθαι,
527 4025 670 4096 ύπὲρ
702 4018 776 4078 ὧν
830 4042 889 4078 τε
943 4023 1002 4089 ἐξ
1046 4024 1220 4094 ἀρχῆς
1265 4024 1611 4094 ἡμάρτομεν,
1673 4023 1769 4076 καὶ

192 4120 318 4187 ὑπὲρ
366 4112 457 4171 ὧν
510 4116 716 4187 ἀνοχῆς
764 4116 1020 4187 τυχόντες
1068 4117 1131 4170 οὐ
1165 4115 1641 4187 μετεμελήθημεν,
1677 4117 1771 4169 καὶ

193 4211 322 4282 ὑπὲρ
342 4205 428 4264 ὧν
465 4209 526 4262 ού
561 4208 722 4279 μόνον
755 4208 818 4261 ού
857 4208 1330 4280 μετεμελήθημεν,
1382 4207 1518 4264 ἀλλὰ
1554 4212 1643 4262 καὶ
1672 4207 1771 4278 τὴν

194 4304 376 4358 κακίαν
424 4301 811 4371 ὲπετείναμεν.
865 4302 925 4353 '0
965 4302 1023 4355 δὲ
1067 4302 1120 4354 τί
1169 4304 1346 4367 ποιεῖ;
1395 4301 1529 4355 Τότε
1576 4301 1771 4373 λύτρον

194 4395 371 4449 ἑαυτὸν
402 4395 630 4448 δίδωσιν
663 4394 805 4464 ὑπὲρ
841 4393 1021 4464 ἡμῶν,
1052 4393 1150 4447 καὶ
1175 4394 1234 4446 ού
1268 4393 1430 4464 μόνον
1475 4394 1771 4465 ἐξαρπάζει

192 4489 283 4557 τῆς
302 4488 610 4558 τιμωρίας,
628 4484 766 4539 ἀλλά
791 4487 887 4540 καὶ
907 4486 1108 4539 δικαιοί
1125 4486 1219 4539 καὶ
1239 4485 1423 4551 σώζει,
1456 4487 1551 4539 καὶ
1577 4484 1772 4557 κληροα

195 4577 378 4648 νόμους
411 4579 588 4633 αὐτοῦ
623 4581 859 4633 ποιεῖται
889 4580 989 4648 τῆς
1020 4577 1321 4648 βασιλείας.
1354 4580 1564 4643 Ὄντως
1605 4582 1768 4650 χάρις
1802 4579 1845 4633 D

199 4671 385 4743 μέτρον
440 4673 542 4725 οὐκ
590 4669 811 4741 ἔχουσα,
858 4669 1032 4733 ὅντως
1086 4672 1248 4726 τοῦτο
1297 4672 1509 4743 δωρεὰ,
1561 4672 1772 4744 δωρεᾶς

197 4763 406 4834 ἀπάσης
460 4761 669 4816 νικῶσα
731 4761 831 4833 τὴν
883 4762 1133 4833 δύναμιν.
1192 4763 1364 4817 Τοῦτο
1416 4763 1640 4831 ἔνδειξις
1695 4766 1772 4829 ὡς

199 4855 402 4927 ἀληθῶς
451 4858 665 4925 ἀφάτου
712 4855 1085 4927 δικαιοσύνης,
1143 4857 1237 4911 καὶ
1283 4857 1631 4929 δικαιοσύνης
1672 4858 1772 4911 ούκ

200 4947 570 5019 ἀνθρωπίνης,
625 4947 764 5001 ἀλλά
808 4947 959 5012 θείας
1007 4948 1103 5003 καὶ
1146 4950 1287 5021 ὑπὲρ
1332 4948 1616 5021 ἄνθρωπον
1679 4949 1773 5002 Διὸ

204 5039 289 5091 καὶ
335 5041 504 5102 αὐτὸς
542 5039 735 5105 εἰπὼν,
774 5059 792 5093 ι
824 5041 918 5103 Εἰς
963 5039 1189 5119 ἔνδειξιν
1220 5040 1322 5111 τῆς
1356 5040 1766 5110 δικαιοσύνης,›

204 5132 292 5201 οὐχ
320 5131 537 5197 ἁπλῶς,
576 5131 734 5197 ἀλλὰ,
767 5152 786 5185 ι
810 5132 1008 5198 Αὐτοῦ,
1037 5152 1059 5185 ι
1091 5134 1245 5203 φησι,
1278 5133 1572 5198 τουτέστιν,
1605 5131 1771 5186 αὑτοῦ

209 5224 355 5292 μόνον
379 5228 413 5296 ἡ
442 5224 673 5297 τοιαύτη
708 5229 801 5280 καὶ
826 5226 1063 5298 τοσαύτη
1096 5226 1430 5296 δικαιοσύνη.
1469 5227 1558 5279 Ἐν
1585 5219 1631 5294 ᾧ
1664 5226 1772 5298 γὰρ

207 5315 305 5369 ἔδει
333 5318 518 5390 καιρῷ
545 5320 897 5390 κολασθῆναι,
926 5322 1049 5374 τότε
1075 5320 1276 5391 ἠξίωσε
1300 5320 1400 5390 τῆς
1430 5320 1769 5391 εὐεργεσίας.

214 5425 231 5457 ι
252 5408 387 5479 Πρὸς
410 5411 638 5477 ἔνδειξιν
660 5412 758 5482 τῆς
782 5412 1344 5484 δικαιοσύνης-αὐτοῦ.
1359 5433 1377 5463 ι
1402 5412 1772 5485 [ΟΙΚΟΥΜΕ-

208 5495 389 5573 ΝΙΟΥ]
436 5534 507 5544 --
556 5503 660 5556 Τὸν
737 5502 847 5576 γὰρ
913 5504 1255 5574 νεκρωθέντα
1311 5506 1430 5566 ταῖς
1479 5504 1774 5573 ἁμαρτίαις

209 5590 295 5642 νῦν
337 5595 628 5661 σώζεσθαι,
671 5597 760 5651 ὅτε
805 5597 996 5669 καιρὸς
1041 5598 1313 5671 τιμωρίας
1368 5598 1626 5668 ὑπάρχει,
1657 5594 1774 5651 ἀλλ’

208 5683 264 5733 οὐ
287 5684 642 5754 δικαιώσεως,
679 5687 838 5743 τοῦτο
887 5690 1162 5754 ἀπόδειξις
1211 5692 1308 5762 τῆς
1336 5692 1656 5762 εὐεργεσίας
1682 5690 1773 5744 καὶ

209 5786 299 5835 της
355 5774 697 5849 δικαιοσύνης
753 5780 943 5834 αὑτοῦ.
979 5782 1128 5835 Ἔδει
1178 5782 1288 5853 γὰρ
1342 5784 1439 5845 τὰς
1498 5782 1634 5853 πρὸς
1683 5781 1774 5835 τδν

220 5859 465 5936 ’Δῦραάμ
510 5868 867 5943 πληρωθῆναι
912 5873 1255 5945 ὑποσχέσεις,
1300 5875 1381 5946 τὸ,
1422 5893 1439 5927 ι
1465 5874 1575 5930 Καὶ
1619 5874 1772 5929 εἰλο-

1870 3311 2018 3352 nunc
2083 3297 2264 3350 salvos
2312 3295 2466 3352 facit.
2498 3293 2592 3364 qui
2640 3293 2775 3362 lapsi
2807 3284 2968 3346 erant
3003 3292 3058 3345 iu
3090 3291 3177 3358 iis,
3207 3307 3329 3361 qua:
3355 3308 3452 3348 vc-

1868 3389 2018 3444 niam
2040 3404 2152 3442 non
2179 3388 2557 3452 merebantur,
2590 3395 2646 3441 ct
2677 3386 2751 3440 ita
2785 3384 3012 3439 remissa
3038 3394 3170 3439 sunt
3198 3384 3357 3439 nobis
3382 3400 3448 3441 ac

1869 3483 2051 3538 soluta
2105 3489 2346 3552 peccata.
2389 3481 2660 3535 Praeterea
2704 3495 2828 3534 cum
2860 3478 3208 3549 negligentiae
3253 3492 3446 3548 pmuas

1868 3574 2207 3645 oportuisset
2234 3581 2509 3643 expetere,
2540 3571 2890 3626 tolerantiam
2935 3586 2998 3625 ac
3048 3570 3450 3641 benignitatem

1869 3667 2109 3723 assecuti
2139 3682 2332 3722 sumus
2364 3685 2376 3720 :
2413 3682 2537 3722 cum
2566 3682 2697 3721 vero
2719 3680 2822 3719 uos
2851 3665 3201 3719 tolerantiam
3222 3664 3452 3732 adeptos

1868 3762 2209 3833 Oportuissct
2246 3762 2541 3830 paenitere,
2580 3773 2645 3813 ac
2689 3757 2758 3812 de
2788 3756 3232 3828 prmeedentibus
3281 3753 3450 3809 Deum

1869 3855 2107 3925 placare,
2140 3853 2350 3908 eisdem
2390 3851 2627 3921 amplius
2660 3850 3101 3904 involvebamur.
3148 3847 3289 3914 Quid
3318 3862 3451 3919 ergo

1871 3958 2005 4004 tunc
2035 3948 2278 4020 judicent
2315 3961 2632 4017 quanquam
2685 3944 3008 4014 benignum,
3040 3953 3097 3998 et
3145 3943 3450 3998 humanum

1869 4055 2034 4112 agere
2095 4039 2385 4110 oportuit?
2409 4038 2612 4106 Utique
2647 4037 2845 4106 punire
2873 4051 2937 4090 ac
2963 4051 3154 4105 paeuas
3182 4051 3401 4091 sumere
3437 4052 3452 4090 :

1871 4144 1928 4190 et
1965 4141 2256 4204 prepterea
2292 4130 2437 4201 quod
2472 4131 2542 4184 ab
2576 4128 2737 4184 initio
2773 4128 3208 4198 deliqueramus.
3240 4137 3296 4183 et
3324 4129 3452 4198 quia

1872 4227 2220 4283 tolerantiam
2245 4224 2393 4280 nacti
2424 4240 2535 4279 non
2565 4223 2923 4293 resipuimus,
2957 4232 3014 4277 et
3041 4222 3188 4291 quod
3225 4237 3336 4276 non
3361 4238 3455 4278 so-

1871 4321 1985 4376 lum
2010 4336 2115 4375 non
2145 4318 2612 4389 desipuimus,scd
2631 4324 2686 4372 et
2704 4317 2965 4372 malitiam
2984 4316 3201 4386 longius
3226 4323 3455 4385 proter-

1872 4414 2074 4469 dimus.
2103 4413 2353 4468 Ille-vero
2376 4411 2549 4482 quid?
2582 4410 2740 4465 Tunc
2780 4410 3022 4479 scipsum
3054 4406 3453 4478 redemptionis

1872 4506 2112 4576 pretium
2141 4520 2241 4573 pro
2265 4504 2423 4558 nobis
2451 4502 2647 4556 tradit:
2673 4516 2777 4556 nec
2804 4501 2982 4556 solum
3006 4516 3035 4555 a
3062 4500 3242 4571 poenis
3259 4498 3448 4568 eripit,

1874 4596 2046 4654 sedet
2070 4594 2335 4667 justiﬁeat
2367 4603 2424 4650 et
2447 4594 2642 4659 salvat,
2687 4594 2886 4663 suique
2921 4592 3075 4662 regni
3109 4591 3237 4646 facit
3276 4591 3453 4645 hzcre-

1873 4688 2042 4747 des.0
2059 4705 2184 4745 vere
2198 4690 2369 4762 gratia
2391 4705 2512 4758 quae
2527 4702 2718 4742 meusu
2727 4702 2839 4740 ram
2854 4702 2963 4740 non
2978 4685 3145 4739 habet
3170 4702 3182 4736 :
3200 4697 3331 4738 vere
3346 4684 3453 4738 hoc

1872 4784 2079 4839 donum
2132 4791 2219 4839 est
2269 4781 2417 4852 quod
2466 4780 2646 4835 omnis
2700 4778 2832 4833 doni
2875 4777 2987 4831 vim
3051 4783 3275 4846 superat
3309 4774 3455 4831 :hoc

1872 4891 2002 4931 vere
2052 4873 2452 4931 demonstratio
2491 4881 2576 4928 est
2608 4870 2902 4926 ineil‘abilis
2924 4868 3171 4941 justitite,
3205 4877 3259 4924 et
3285 4868 3451 4939 justi-

1873 4970 1964 5023 tite
2014 4983 2123 5022 non
2157 4968 2434 5031 humanae,
2481 4965 2577 5019 sed
2610 4963 2811 5018 divinae
2835 4970 2892 5017 et
2939 4977 3105 5032 super
3147 4960 3450 5016 hominem.

1874 5060 2038 5132 2M
2078 5061 2208 5114 lleo
2270 5059 2435 5114 etiam
2486 5073 2612 5112 cum
2663 5056 2892 5111 dixisset
2940 5053 3282 5125 Apostolus:
3318 5072 3337 5105 ι
3370 5053 3453 5107 Ad

1874 5151 2247 5206 ostensioncm
2295 5148 2544 5220 iustitiae,
2577 5167 2596 5200 ι
2641 5162 2752 5201 non
2783 5146 3111 5217 simpliciter
3138 5145 3215 5200 ibi
3246 5144 3454 5200 substi-

1876 5244 1963 5306 tit,
2002 5242 2095 5296 sed
2131 5261 2148 5292 ι
2187 5241 2333 5306 Suae,
2373 5259 2391 5293 ι
2428 5240 2631 5311 inquit,
2659 5241 2765 5295 hoc
2785 5249 2891 5303 est,
2928 5239 3104 5310 ipsius
3143 5239 3322 5294 solum
3367 5247 3453 5293 est

1877 5330 2001 5388 talis
2035 5340 2296 5402 tantaque
2336 5331 2575 5403 iustitia,
2603 5340 2736 5386 tunc
2757 5331 2905 5385 enim
2932 5343 3057 5385 cum
3094 5328 3283 5385 ulcisci
3313 5337 3453 5384 tem-

1875 5440 1981 5496 pus
2021 5430 2163 5488 erat,
2211 5423 2379 5479 etiam
2410 5424 2684 5479 beneﬁcio
2735 5424 2942 5479 affecit.
2974 5442 2993 5474 ι
3030 5422 3109 5477 Ad
3155 5420 3455 5477 ostenden-

1876 5518 2000 5572 dam
2032 5517 2301 5589 justitiam
2333 5534 2508 5573 suam.
2545 5539 2563 5571 ι
2600 5517 2735 5573 Nam
2764 5533 2888 5572 eum
2916 5516 3009 5588 qui
3032 5515 3275 5586 peccatis
3300 5528 3450 5568 mor-

1879 5617 2010 5666 tuus
2042 5619 2181 5677 erat,
2234 5626 2384 5666 nunc
2415 5611 2634 5676 salvari,
2671 5628 2795 5667 cum
2828 5621 3046 5683 tempus
3074 5621 3218 5666 esset
3245 5609 3454 5681 suppli-

1877 5700 1971 5766 cii,
2000 5707 2057 5755 et
2084 5717 2194 5756 non
2224 5702 2659 5773 justilicationis,
2689 5704 2795 5757 hoc
2820 5702 3198 5759 beneﬁcentia:
3225 5701 3455 5757 demon‘

1877 5795 2076 5849 stratio
2107 5805 2196 5851 est
2246 5796 2554 5866 acjustitiae
2589 5797 2779 5867 ipsius.
2805 5795 3273 5868 Oportebatenim
3304 5810 3456 5851 com-

1876 5887 2016 5960 pleri
2061 5903 2156 5945 eas
2191 5904 2313 5960 (pne
2347 5888 2415 5945 ad
2446 5889 2723 5947 Abraham
2756 5889 2914 5949 facta:
2939 5898 3098 5948 erant
3130 5891 3453 5964 promissio-
