3978 6564
583 397 686 460 387

1699 389 2108 450 (ECUMENII
2149 385 2442 448 TRICCJE
2480 385 2822 447 EPISCOPI

3726 394 3806 457 383

583 525 687 565 nes
726 527 738 562 :
779 515 912 578 puta
943 505 1079 562 illud
1113 525 1126 561 :
1164 525 1182 559 ι
1219 507 1286 561 Et
1315 505 1372 560 in
1412 503 1624 562 semine
1650 511 1744 558 tuo
1776 503 2174 558 benedicentur

2283 495 2616 567 γηθήσονται
2663 498 2723 550 ἐν
2761 495 2840 566 τῷ
2892 493 3172 565 σπέρματί
3217 511 3312 549 σου
3352 495 3530 551 πάντα
3560 496 3624 551 τὰ
3645 498 3802 570 ἔθνη.»

586 613 780 656 omnes
805 607 996 669 gentes
1022 600 1086 653 ".
1133 616 1150 648 ι
1184 596 1240 651 ld
1266 611 1400 667 ergo
1429 594 1643 667 justitia
1666 604 1770 660 est,
1795 594 1864 648 de
1891 592 2168 647 salvandis

583 693 752 748 etiam
797 690 1038 761 indignis
1091 689 1383 744 veritatem
1422 695 1701 758 praestare.
1743 705 1762 737 ι
1799 685 1857 739 ιιι
1911 683 2167 754 ιιι-περηιί

586 795 856 856 tempore.
909 802 925 834 ι
959 781 1097 838 Cum
1135 780 1408 835 dixisset:
1449 797 1468 832 ι
1519 779 1600 833 Ad
1642 777 2040 832 ostendendam
2087 777 2168 848 ju-

585 877 793 932 stitiam
824 889 980 928 suam
1013 892 1029 924 ι
1079 871 1388 942 subjunxit,
1423 891 1440 923 ι
1466 871 1526 925 In
1559 868 1815 941 praesenti
1845 877 2112 938 tempore.
2147 886 2164 919 ι

586 965 870 1036 Siquidem
918 964 1013 1020 Dei
1065 962 1283 1034 justitia
1341 977 1462 1031 qua-
1491 961 1544 1014 in
1587 959 1844 1029 praesenti
1877 969 1995 1013 erat
2034 967 2172 1011 tem-

585 1074 741 1129 pore,
785 1071 896 1126 quo
929 1055 1193 1110 videlicet
1222 1062 1468 1110 nostram
1511 1052 1944 1122 redemptionem
1975 1065 2170 1121 opera-

585 1163 674 1209 tus
694 1160 798 1216 est,
835 1150 996 1220 plena
1023 1148 1387 1219 benignitate,
1425 1149 1587 1216 plena
1635 1147 1802 1210 dono,
1851 1146 2012 1216 plena
2050 1153 2173 1199 erat

583 1255 639 1300 et
668 1244 842 1315 gratia
879 1259 894 1306 ;
929 1242 1164 1311 ideoque
1195 1240 1449 1294 dicebat:
1484 1259 1501 1290 ‹
1534 1240 1652 1294 Non
1675 1239 1798 1292 veni
1832 1246 1891 1291 ut
1913 1236 2173 1291 condem-

584 1348 716 1390 nem
752 1334 1042 1398 inundum,
1075 1331 1170 1387 scd
1193 1343 1254 1386 ut
1285 1331 1493 1385 salvum
1523 1331 1715 1384 faciam
1760 1329 2030 1382 mundum
2052 1327 2115 1381 ”.
2146 1346 2163 1378 ι

588 1426 803 1482 Futura
834 1441 966 1481 vero
997 1425 1210 1497 justitia
1243 1424 1367 1478 talis
1401 1423 1635 1495 amplius
1661 1437 1769 1476 non
1791 1422 1918 1484 crit,
1957 1420 2052 1476 sed
2083 1435 2172 1474 rc-

587 1519 820 1575 tributio
852 1519 1120 1588 cujusque
1149 1518 1257 1572 erit
1281 1517 1350 1571 de
1375 1517 1463 1570 his
1495 1531 1618 1585 quae
1638 1516 1774 1586 egit,
1798 1514 1966 1568 veluti
2004 1513 2168 1568 etiam

587 1614 682 1668 hic
715 1627 934 1667 rursum
961 1611 1138 1666 dicit:
1179 1629 1196 1660 ι
1235 1610 1531 1664 Revelatur
1558 1610 1705 1663 enim
1737 1610 1816 1661 ira
1848 1607 1964 1670 Dei,
2005 1625 2020 1658 ι
2060 1616 2166 1662 etc.

587 1703 695 1760 Aut
748 1705 824 1759 ita
881 1703 1266 1773 accipiendum
1323 1711 1429 1768 est,
1483 1701 1739 1758 Ostensio
1805 1701 1859 1754 in
1914 1698 2169 1769 prmsenti

591 1808 838 1868 tempore
893 1798 1036 1852 facta
1089 1806 1195 1861 est,
1249 1795 1424 1866 ipsius
1454 1794 1715 1848 videlicet
1758 1790 2036 1855 toleratio,
2071 1789 2171 1843 do-

589 1864 722 1944 num
749 1889 1037 1959 gratiaque
1060 1864 1531 1958 futura-iustitia.
1564 1885 1812 1952 Quonam
1839 1893 2021 1939 autem
2054 1897 2172 1936 mo-
2207 1864 2246 1918 Β

589 1981 700 2035 do?
727 1980 862 2034 Nam
886 1979 953 2044 si,
989 1994 1112 2034 cum
1137 1979 1276 2034 adeo
1302 1978 1630 2049 longanimis
1656 1976 1842 2041 fuerit,
1872 1989 1936 2030 ac
1965 1983 2171 2029 tantam

592 2071 893 2125 contulerit
927 2070 1480 2141 gratiam,.tantoque
1523 2082 1755 2122 munere
1797 2066 2056 2136 dignatus
2079 2065 2171 2132 sit,

591 2178 700 2216 non
735 2170 1024 2218 convertat
1057 2177 1176 2226 eos,
1197 2177 1378 2232 neque
1410 2160 1670 2215 meliores
1693 2159 1924 2214 etIcctos
1949 2158 2170 2223 habeat,

591 2255 648 2310 in
679 2257 866 2310 futuro
904 2271 1030 2311 cum
1066 2257 1238 2310 multa
1275 2254 1492 2327 justitia
1550 2252 1768 2307 inducit
1817 2251 2171 2323 supplicium.

600 2366 618 2398 ι
651 2347 722 2402 Ει
761 2346 1072 2419 justiﬁcans
1109 2361 1236 2401 eum
1275 2346 1372 2416 qui
1418 2353 1602 2400 estex
1643 2343 1748 2398 lide
1777 2343 1925 2399 Jesu.
1977 2361 1995 2394 ι
2032 2343 2176 2398 Ecce

591 2443 967 2496 ostensionem
1017 2441 1269 2512 justitiae,
1313 2449 1446 2510 puta
1467 2440 1616 2510 quod
1648 2455 1760 2495 non
1785 2440 1964 2495 solum
1991 2441 2176 2511 justus

593 2536 668 2590 sit
699 2536 865 2598 Deus,
926 2536 1022 2591 sed
1055 2544 1112 2590 et
1157 2535 1470 2606 justiﬁeans
1497 2550 1647 2598 eum,
1702 2533 1798 2605 qui
1849 2543 1936 2589 est
1974 2550 2040 2590 ex
2069 2533 2176 2590 ﬁde

592 2627 752 2690 Jesu,
777 2643 978 2697 nempe
1007 2628 1292 2698 proprium
1331 2629 1425 2683 Dei
1451 2629 1714 2699 populum
1738 2627 2018 2682 etl‘eetum.

668 2720 762 2785 ΙΙΙ,
790 2720 984 2774 27-51.
1026 2720 1120 2775 Ubi
1168 2731 1246 2775 est
1288 2722 1453 2791 igitur
1482 2719 2030 2791 gloriatio?E:r-clusa
2079 2727 2173 2776 est.

596 2812 701 2867 Per
729 2829 886 2884 quam
913 2811 1119 2884 legem?
1145 2830 1363 2883 operum
1387 2814 1412 2866 ?
1435 2811 1580 2876 Non,
1605 2813 1698 2866 sed
1714 2828 1810 2884 per
1841 2812 2004 2884 legem
2030 2811 2177 2881 ﬁdei.

594 2907 938 2961 Arbitrantur
983 2906 1147 2975 igitur
1192 2905 1485 2976 justiﬁcari
1546 2905 1809 2960 hominem
1863 2921 1958 2976 per
2018 2905 2178 2973 ﬁdem

596 2998 794 3068 absque
842 2999 1085 3069 operibus
1134 2997 1282 3068 legis.
1311 2998 1394 3053 An
1421 2997 1729 3052 Judteorum
1754 2997 1890 3052 Deus
1921 3006 2130 3052 tantum
2157 2999 2183 3052 7

597 3107 668 3144 an
703 3106 805 3143 non
843 3098 890 3143 et
943 3089 1222 3160 gentium?
1249 3087 1402 3144 Certe
1437 3097 1488 3153 et
1530 3091 1770 3160 gentium
1803 3104 1824 3145 :
1848 3090 2182 3161 quandoqui-

2274 588 2445 641 Τοῦτο
2487 584 2582 642 οῦν
2623 588 2965 658 δικαιοσύνη,
2996 588 3058 640 τὸ
3106 587 3414 658 ἀληθεῦσαι
3471 590 3564 642 καὶ
3602 591 3684 645 ἐπὶ
3722 599 3809 660 τοῖς

2271 683 2510 749 ἀναξίοις
2539 681 2635 735 τοῦ
2671 680 2961 745 σώζεσθαι.
2993 701 3012 734 ι
3035 682 3126 734 Ἐν
3170 681 3244 752 τῷ
3267 681 3364 734 νῦν
3398 682 3594 754 καιρῷ.
3614 704 3629 736 ι
3649 683 3808 764 [ΦΩΤ.]

2272 803 2340 813 -
2368 790 2386 822 ι
2413 770 2557 843 Πρὸς
2605 772 2830 836 ἔνδειξιν
2862 772 2962 843 τῆς
3006 772 3362 842 δικαιοσύνης
3411 773 3628 840 αύτοῦ,›
3659 779 3809 843 εἰπὼν,

2273 866 2576 934 ἐπήγαγεν,
2615 884 2633 916 ι
2665 864 2756 918 Ἐν
2785 864 2862 936 τῷ
2893 864 2988 920 νῦν
3021 864 3220 936 καιρῷ.
3245 884 3264 917 ι
3313 865 3384 918 Ἦ
3416 867 3526 938 γὰρ
3564 869 3619 921 ὲν
3641 869 3709 939 τῷ
3741 872 3812 928 νῦν

2274 958 2454 1028 καιρῷ
2504 957 2822 1029 δικαιοσύνη
2879 957 2974 1011 τοῦ
3028 957 3188 1024 Θεοῦ,
3240 959 3529 1014 τουτέστιν
3575 963 3630 1014 ὲν
3669 956 3708 1030 ᾧ
3740 965 3813 1034 τὴν

2276 1049 2654 1122 ἀπολύτρωσιν
2679 1051 2840 1122 ἡμῶν
2859 1052 3178 1122 εἰργάσατο,
3210 1051 3431 1124 πλήρης
3456 1047 3524 1122 ἦν
3557 1054 3793 1128 φιλανθρω

2275 1143 2426 1208 πίας,
2459 1145 2672 1215 πλήρης
2703 1145 2934 1217 δωρεᾶς,
2971 1145 3186 1217 πλήρης
3230 1146 3478 1215 χάριτος.
3511 1146 3597 1199 Διὸ
3627 1150 3710 1200 καὶ
3731 1150 3815 1203 ξλε-

2274 1252 2370 1305 γεν
2408 1252 2422 1266 ο
2459 1255 2477 1288 ι
2507 1238 2622 1290 Ούκ
2647 1232 2812 1308 ἦλθον
2862 1240 3048 1308 κρῖναι
3074 1237 3166 1292 τὸν
3191 1238 3425 1307 κόσμον,
3461 1236 3573 1290 ἀλλ’
3601 1237 3678 1292 ἵνα
3701 1241 3812 1312 σωθῇ

2273 1333 2300 1383 ὁ
2356 1329 2627 1400 κόσμος.»
2699 1330 2768 1384 Ἠ
2822 1329 2880 1383 δὲ
2935 1331 3206 1401 μέλλουσα
3249 1329 3590 1402 δικαιοσύνη,
3635 1333 3722 1386 οὐκ
3755 1333 3814 1388 ἔτι

2273 1421 2496 1492 ὁμοίως,
2531 1421 2648 1476 ἀλλ’
2688 1422 3050 1486 ἀνταπόδοσίς
3079 1425 3227 1476 ἐστιν
3254 1422 3476 1493 ἑκάστῳ
3521 1423 3624 1476 τῶν
3659 1424 3814 1495 βεδεω-

2277 1514 2479 1585 μένων,
2512 1514 2589 1578 ὡς
2637 1516 2732 1568 καὶ
2782 1509 2940 1578 οὗτος
2961 1515 3143 1569 ’πάλιν
3177 1513 3367 1585 φησὶν,
3407 1533 3426 1566 ι
3455 1517 3813 1572 Ἀποκαλύπτε-

2273 1624 2363 1660 ται
2409 1607 2519 1680 γὰρ
2567 1608 2706 1679 ὀργὴ
2752 1607 2912 1672 Θεοῦ,
2939 1627 2956 1660 ι
3003 1609 3094 1662 καὶ
3155 1609 3305 1679 ἑξῆς.
3367 1609 3440 1661 Ἢ
3493 1608 3654 1672 οὕτως
3689 1611 3813 1675 ἐκλη-

2275 1701 2437 1754 πτέον
2460 1717 2475 1734 ο
2515 1700 2781 1766 Ἔνδειξις
2813 1700 3041 1769 γέγονεν
3079 1703 3139 1754 ὲν
3166 1702 3243 1770 τῷ
3283 1700 3381 1755 νῦν
3413 1702 3609 1772 καιρῷ,
3637 1703 3812 1774 ἠάνοχὴ

2273 1792 2440 1848 αὑτοῦ
2473 1794 2570 1848 καὶ
2611 1796 2642 1865 ὴ
2674 1794 2874 1866 δωρεὰ,
2905 1797 3000 1848 καὶ
3040 1797 3073 1867 ἠ
3111 1795 3270 1865 χάρις
3304 1794 3409 1863 τῆς
3459 1794 3732 1866 μελλούσης
3758 1796 3813 1848 δι-

2275 1888 2590 1960 καιοσύνης.
2631 1888 2755 1953 Πῶς
2795 1890 2892 1942 καὶ
2943 1889 3067 1941 τίνα
3115 1889 3358 1960 τρόπους
3393 1888 3455 1942 Εἰ
3483 1890 3588 1960 γὰρ
3607 1889 3810 1942 τοσοῦτον

2277 1981 2717 2053 μακροθυμήσας
2747 2021 2762 2046 ,
2827 1981 3084 2034 τοσοῦτον
3135 1981 3508 2053 χαρισάμενος
3535 2020 3552 2046 ,
3598 1981 3812 2050 τοσαύτης

2274 2072 2486 2143 δωρεᾶς
2515 2071 2753 2138 ἀξιώσας
2797 2074 2896 2127 οὐκ
2937 2072 3276 2145 ἐπέστρεψεν
3332 2072 3444 2126 οὐδ’
3472 2072 3591 2142 ἔσχε
3633 2072 3809 2142 βελτιω-

2275 2165 2487 2230 θέντας,
2533 2166 2671 2236 μετὰ
2732 2165 2931 2236 πολλῆς
2969 2167 3079 2238 ἄρα
3133 2165 3484 2236 δικαιοσύνης
3522 2166 3710 2219 ἐκεῖθεν
3738 2170 3810 2220 ἐπ-

2276 2257 2400 2326 άγει
2427 2258 2526 2322 τὰς
2553 2259 2848 2330 τιμωρίας.
2885 2279 2903 2311 ι
2927 2260 3034 2312 Καὶ
3079 2259 3397 2313 δικαιοῦντα
3425 2259 3514 2312 τὸν
3540 2261 3600 2312 ὲκ
3626 2260 3809 2322 πίστεως

2290 2350 2515 2419 Ἰησοῦν.
2546 2370 2566 2403 ι
2611 2352 2746 2406 Ἰδοὺ
2793 2353 2826 2422 ἡ
2873 2351 3102 2417 ἔνδειξις
3131 2352 3231 2420 τῆς
3287 2350 3648 2419 δικαιοσύνης,
3677 2349 3728 2403 τὺ
3757 2350 3809 2420 μὴ

2279 2444 2440 2513 μόνον
2471 2437 2616 2497 εἶναι
2655 2444 2867 2498 δίκαιον
2895 2445 2988 2497 τὸν
3017 2444 3172 2510 Θεὸν,
3206 2443 3347 2497 ἀλλά
3376 2445 3473 2496 καὶ
3509 2445 3587 2508 τὸ,
3616 2443 3807 2495 δικαιοῦν

2276 2533 2370 2586 τὸν
2392 2533 2481 2586 διὰ
2514 2534 2753 2598 πίστεως
2786 2532 2881 2588 τοῦ
2931 2533 3107 2605 Ἰησοῦ
3163 2535 3368 2588 οἰκεῖον
3401 2532 3534 2587 Θεοῦ
3559 2531 3674 2586 λαὸν
3701 2534 3811 2601 γινό-

2282 2641 2464 2696 μενον.

2348 2719 2476 2774 Ποῦ
2503 2714 2618 2775 οὖν
2654 2720 2693 2788 ἡ
2718 2719 3018 2788 καύχησις
3033 2737 3054 2786 ;
3099 2719 3518 2789 Ἐ’ξεκλείσθη.
3544 2720 3637 2774 Διά
3671 2720 3807 2774 ποίου

2280 2815 2504 2882 νόμου;
2545 2812 2666 2866 τῶν
2705 2812 2898 2882 ἔργων
2911 2830 2932 2879 ;
2971 2813 3142 2883 Οὐχὶ,
3187 2814 3354 2869 ἀλλὰ
3402 2813 3500 2869 διὰ
3545 2815 3709 2883 νόμον
3734 2813 3805 2866 πί-

2281 2921 2492 2972 στεως.
2527 2905 2887 2976 Λογιζόμεθα
2913 2901 3049 2970 οὖν,
3088 2907 3293 2961 πίστει
3342 2906 3694 2963 δικαιοῦσθαι
3732 2905 3806 2958 ἇν-

2281 3003 2541 3068 θρωπον,
2562 2999 2745 3068 χωρὶς
2775 3001 2968 3069 ἔργων
2989 3000 3201 3068 νόμου.
3231 3000 3303 3054 Ἢ
3331 2998 3618 3054 Ἰουδαίων
3649 3001 3678 3051 ό
3699 2997 3805 3062 Θεὸς

2277 3092 2508 3161 μόνον;
2541 3091 2680 3160 οὐχὶ
2711 3091 2780 3144 δὲ
2805 3089 3146 3156 xulem-(Iw;
3171 3092 3286 3146 Ναὶ
3320 3094 3424 3146 καί
3448 3088 3645 3145 ἐθνῶν.
3662 3090 3805 3142 Ἐπεί-

596 3185 718 3237 dem
745 3199 879 3236 unus
905 3191 978 3236 est
1011 3181 1170 3248 Deus,
1199 3182 1288 3252 qui
1307 3181 1618 3252 justiﬁeabit
1645 3183 2096 3238 circumcisione":
2117 3199 2179 3236 ea:

2286 3197 2396 3250 περ
2424 3179 2513 3249 εἷς
2542 3186 2575 3236 ὀ
2607 3181 2772 3248 Θεὸς,
2809 3183 2877 3249 ὃς
2923 3181 3228 3240 δικαιώσει
3283 3182 3605 3254 περιτομὴν
3642 3181 3698 3234 ἐκ
3739 3173 3806 3232 πίε

597 3275 730 3344 ﬁde,
769 3286 816 3328 et
843 3277 1164 3345 praeputium
1200 3290 1296 3345 per
1335 3274 1516 3343 ﬁdem.
1545 3274 1739 3346 Legem
1772 3277 1937 3347 igitur
1969 3277 2184 3331 irritam

599 3369 823 3440 facimus
845 3383 938 3438 per
957 3366 1120 3436 ﬁdem
1147 3366 1173 3419 .9
1193 3366 1345 3421 Absit
1376 3366 1507 3422 lsed
1529 3366 1696 3438 legem
1721 3367 2043 3422 stabilimus.

671 3550 833 3622 245
875 3550 973 3606 His
1019 3549 1188 3621 igitur
1218 3548 1296 3604 ita
1340 3549 1524 3614 laetis,
1572 3549 1850 3619 Patreque
1898 3549 2184 3620 proprium

600 3644 847 3699 salvante
889 3642 1176 3713 pOpulum,
1216 3641 1312 3711 qui
1346 3657 1416 3696 ex
1447 3640 1553 3695 ﬁde
1595 3639 1728 3697 Jcsu
1762 3649 1850 3696 est
1879 3658 1894 3695 :
1923 3641 2020 3696 ubi
2049 3658 2184 3714 ergo

600 3747 684 3794 est
714 3737 1031 3792 Judmorum
1053 3736 1347 3807 gloriatio?
1373 3735 1629 3792 Ostendit
1655 3751 1752 3792 eos
1775 3752 1915 3792 vane
1938 3737 2183 3808 gloriari.

599 3834 835 3889 Exclusa
868 3842 978 3898 est,
1000 3849 1110 3888 non
1141 3833 1616 3904 dixit,Disparuit,
1643 3834 1761 3902 sed,
1789 3835 2025 3891 Exclusa
2055 3845 2141 3892 est
2170 3855 2184 3892 :

600 3923 902 3980 ostendens
950 3925 1098 3995 quod
1130 3925 1297 3981 etiam
1337 3935 1543 3982 sortem
1593 3943 1746 3982 suam
1773 3928 2052 3998 quondam
2088 3929 2186 3984 ha-

603 4017 746 4083 buit,
784 4031 932 4072 nunc
971 4033 1104 4072 vero
1135 4016 1273 4073 fides
1315 4018 1466 4073 illam
1503 4021 1760 4076 exclusit.
1795 4020 1971 4077 Porro
2009 4023 2186 4094 legem

604 4124 860 4179 operum,
915 4124 1014 4179 per
1039 4109 1408 4180 periphrasin:
1459 4111 1916 4181 loquendo,dicit
1967 4129 2184 4185 opera:

602 4201 909 4272 eodemque
948 4201 1112 4258 modo
1136 4203 1311 4274 legem
1342 4202 1490 4269 ﬁdei,
1515 4204 1570 4258 id
1596 4213 1680 4258 est
1707 4205 2000 4262 ﬁdem.Ait
2019 4223 2183 4279 ergo:

600 4294 720 4349 Non
747 4311 846 4365 per
867 4311 1032 4365 opera
1062 4311 1185 4364 qua:
1215 4295 1446 4352 fecimus
1472 4296 1790 4352 Judzeorum
1812 4299 2066 4368 gloriatio
2095 4315 2189 4356 ex-

606 4389 760 4442 clusa
792 4397 899 4454 est,
931 4389 1027 4443 sed
1051 4405 1151 4459 per
1180 4388 1369 4456 ﬁdem,
1403 4397 1664 4459 tanquam
1698 4391 1909 4447 diceret
1949 4409 1961 4445 :
1997 4392 2188 4449 Omnis

604 4481 696 4535 illa
752 4482 1009 4550 gloriatio
1063 4496 1297 4550 qumque
1353 4481 1616 4537 videntur
1670 4485 2043 4554 praerogativa:
2074 4487 2190 4555 [per

2285 3291 2495 3341 στεως,
2527 3276 2626 3330 καὶ
2667 3277 3076 3346 ἀκροϐυστίαν
3103 3276 3202 3332 διὰ
3235 3278 3349 3346 τῆς
3380 3275 3808 3342 πίστεως.Νόμον

2286 3363 2403 3423 οὖν
2435 3370 2850 3439 καταργοῦμεν
2885 3369 2984 3424 διὰ
3012 3370 3124 3440 τῆς
3149 3371 3444 3437 πίστεως;
3472 3368 3565 3437 Μὴ
3598 3360 3807 3439 rerum)!

2285 3460 2448 3515 ἀλλὰ
2474 3464 2666 3532 νόμον
2694 3462 2976 3532 ἱστῶμεν.

2359 3554 2580 3607 Τούτων
2625 3555 2804 3610 τοίνυν
2847 3555 2990 3610 οὕτω
3026 3557 3436 3628 γεγενημένων,
3469 3557 3560 3610 καὶ
3598 3552 3681 3608 τοῦ
3723 3551 3807 3604 Πα-

2285 3645 2415 3716 τρδς
2451 3646 2718 3712 σώζοντος
2760 3649 2854 3702 τὸν
2893 3651 2958 3702 ἐκ
3007 3649 3244 3713 πίστεως
3291 3649 3468 3722 Ἰησοῦ
3520 3645 3806 3703 οίκειωθέντα

2287 3737 2434 3805 λαὸν,
2469 3739 2573 3793 ποῦ
2631 3741 2819 3796 λοιπὸν
2871 3741 2980 3796 τῶν
3006 3741 3277 3797 Ἰουδαίων
3327 3746 3361 3816 ἡ
3417 3738 3806 3812 καύχησις;Δείο

2287 3847 2477 3885 κνυσιν
2522 3831 2720 3895 αὐτοὺς
2749 3833 2876 3903 εικῆ
2909 3835 3322 3904 καυχωμένους.
3347 3831 3675 3902 Ἐξεκλείσθη
3701 3844 3713 3859 ⁸
3734 3830 3806 3882 οὐκ

2288 3919 2463 3986 εἶπεν,
2507 3923 2834 3993 Ἦφανίσθη,
2889 3925 3026 3992 ἀλλ’,
3089 3925 3476 3997 Ἐξεκλείσθη·
3519 3922 3710 3983 δεικνὺς
3749 3918 3807 3970 ὅτι

2289 4015 2385 4068 καὶ
2439 4015 2626 4086 χώραν
2674 4010 2789 4086 εἷχέ
2849 4035 3004 4072 ποτε.
3041 4017 3158 4070 Νῦν
3217 4019 3405 4089 μέντοι
3453 4020 3486 4088 ή
3540 4015 3699 4074 πίστις
3729 4011 3807 4064 ἁπ-

2289 4106 2535 4160 έκλεισεν
2581 4109 2777 4180 αὐτὴν.
2801 4109 2992 4180 Νόμου
3026 4110 3227 4181 ἔργων,
3251 4112 3364 4165 τῶν
3395 4111 3566 4182 ἔργων
3595 4117 3807 4176 περιφρα’

2291 4203 2515 4268 στικῶς.
2548 4203 2659 4257 Καὶ
2695 4203 2861 4275 νόμου
2892 4205 3152 4270 πίστεως,
3187 4204 3286 4274 τῆς
3313 4205 3548 4266 πίστεως
3591 4209 3808 4268 περιφρα·

2292 4295 2517 4358 στικῶς.
2547 4295 2720 4366 Φησὶν
2767 4290 2893 4350 οὖν’
2937 4297 3012 4350 Οὐ
3045 4297 3114 4350 δι’
3144 4296 3325 4368 ἔργων
3359 4293 3434 4351 ὧν
3465 4291 3748 4364 ἐπράξαμεν
3781 4287 3805 4352 ἡ

2289 4386 2562 4441 Ἰουδαίων
2589 4385 2860 4457 καύχησις
2892 4384 3236 4456 ἐξεκλείσθη,
3287 4385 3428 4441 ἀλλὰ
3473 4383 3560 4438 διὰ
3604 4382 3806 4436 πίστεως.

2288 4478 2364 4541 ὡς
2394 4474 2549 4532 εἶπεν
2569 4494 2583 4508 ο
2619 4479 2778 4532 Πᾶσα
2809 4478 2994 4548 ἐκείνη
3023 4479 3056 4550 ἡ
3083 4477 3375 4548 καύχησις,
3409 4477 3500 4530 καὶ
3529 4475 3591 4527 τὰ
3605 4467 3808 4525 δοκοῦντα

607 4571 771 4626 [idem
802 4573 1037 4627 exclusae
1072 4582 1205 4627 sunt
1255 4573 1463 4644 absque
1496 4584 1814 4630 nostrorum
1863 4579 2179 4634 necessitate

2300 4573 2712 4642 προτερήματα,
2746 4571 2834 4625 διὰ
2869 4571 2969 4641 τῆς
3009 4570 3248 4632 πίστεως
3277 4567 3626 4635 ἀπεκλείσθη,
3647 4563 3697 4616 ού
3721 4559 3808 4624 δεη·

605 4677 864 4732 operum.
932 4683 950 4715 ι
983 4663 1332 4726 Arbitramur
1363 4667 1529 4737 igitur
1554 4683 1654 4737 per
1708 4667 1868 4722 ﬁdem
1900 4669 2190 4739 justiﬁcari

610 4757 915 4821 hominem,
957 4779 976 4810 ι
1013 4769 1124 4815 etc.
1183 4759 1373 4830 Itaque
1428 4761 1686 4825 dicimus,
1731 4761 1932 4832 inquit,
1976 4761 2192 4818 cxiide

604 4849 900 4919 justiticari
937 4851 1218 4906 hominem
1266 4851 1385 4906 sine
1428 4853 1566 4924 legis
1603 4853 2009 4910 observatione.
2054 4873 2074 4905 ι
2109 4854 2194 4909 An

607 4941 927 4996 Judreorum
960 4944 1104 4998 Deus
1144 4945 1403 4999 tantum?
1441 4963 1459 4995 ι
1500 4946 1636 5000 Nam
1662 4947 1706 5001 si
1738 4946 1885 5001 solos
1915 4963 2012 5002 eos
2031 4946 2193 5017 justi-

611 5027 826 5084 t'ieasset
875 5032 970 5100 qui
1019 5049 1087 5087 ex
1115 5034 1234 5105 lege
1281 5034 1642 5100 accedebant,
1676 5046 1773 5091 aut
1801 5037 1895 5105 qui
1934 5052 2055 5091 sese
2085 5036 2190 5108 legi

608 5120 968 5189 adaptabant,
1000 5133 1058 5177 et
1080 5139 1188 5178 non
1209 5140 1429 5180 omnem
1461 5127 1556 5194 qui
1596 5125 1849 5181 crederet
1880 5126 2184 5192 hominem,

611 5213 845 5269 alterius
889 5214 1157 5270 duntaxat
1204 5217 1377 5285 partis
1422 5218 1568 5273 Deus
1599 5229 1748 5274 esset
1789 5238 1801 5274 :
1831 5217 1926 5273 sed
1958 5234 2104 5272 nunc
2131 5225 2187 5272 et

604 5306 926 5361 Judaeorum
963 5309 1108 5362 Deus
1135 5316 1296 5363 estet
1331 5311 1598 5379 gentium,
1643 5311 2093 5381 quandoquidem
2121 5326 2187 5366 ex

608 5396 861 5465 utrisque
902 5397 1196 5452 credentes
1233 5399 1416 5452 salvos
1459 5399 1612 5454 facit.
1673 5419 1691 5451 ι
1723 5401 1824 5466 Qui
1865 5400 2190 5472 justiﬁeabit

606 5489 1087 5545 circumcisionem
1124 5507 1192 5545 ex
1223 5490 1351 5558 (ide,
1395 5510 1416 5543 ι
1453 5501 1561 5546 ctc.
1607 5490 1672 5548 Et
1712 5493 1796 5548 his
1821 5494 1913 5564 qui
1957 5510 2026 5549 ex
2069 5495 2188 5566 lege

607 5589 758 5645 sunt,
797 5590 855 5635 et
880 5581 966 5637 his
1000 5583 1093 5653 qui
1127 5592 1279 5637 extra
1299 5584 1496 5654 legem,
1531 5585 1635 5639 tide
1658 5601 1796 5656 opus
1829 5596 1930 5654 est,
1962 5598 2024 5641 ut
2051 5587 2186 5643 salvi

609 5674 764 5727 haut.
813 5691 832 5725 ι
889 5673 1088 5746 Legem
1138 5675 1303 5748 igitur
1330 5677 1542 5733 irritam
1598 5678 1870 5736 facimus?
1918 5700 1936 5734 ι
1972 5681 2187 5737 Turba-

683 5851 728 5884 “
759 5850 893 5909 Gen.
930 5870 1061 5921 xm,
1111 5856 1196 5909 18.
1268 5857 1489 5912 ¹³1οαιι.
1535 5873 1632 5922 xu,
1665 5860 1752 5913 27.

2296 4663 2501 4717 θέντων
2529 4665 2686 4734 ἡμῶν
2745 4665 2940 4735 ἔργων.
2985 4684 3004 4716 ι
3029 4664 3380 4734 Λογιξόμεθα
3429 4661 3520 4715 οῦν
3563 4658 3719 4710 πίστει
3753 4649 3806 4702 δι·

2295 4756 2582 4811 καιοῦσθαι
2611 4756 2917 4826 ἄνθρωπον,
2943 4776 2962 4809 ι
2999 4758 3096 4812 καὶ¹
3141 4758 3213 4812 τὰ
3273 4757 3422 4830 ἑξῆς,
3453 4749 3722 4823 Τοιγαροῦν
3742 4743 3805 4796 λέ·

2298 4865 2487 4919 γομεν,
2517 4848 2704 4919 φησὶν,
2757 4851 2822 4902 ὲκ
2876 4852 3118 4914 πίστεως
3172 4849 3514 4906 δικαιοῦσθαι
3555 4843 3804 4913 ἄνθρωπον,

2294 4943 2463 5013 χωρὶς
2492 4943 2592 5012 τῆς
2630 4944 2696 4996 ἐκ
2755 4942 2922 5013 νόμον
2957 4946 3418 5016 παρατηρήσεως.
3452 4961 3472 4995 ι
3495 4941 3560 4994 Ἥ
3592 4929 3803 4990 Ἰουδαίων

2296 5038 2325 5090 ὀ
2359 5036 2490 5100 Θεὸς
2533 5037 2757 5108 μόνονςι
2797 5039 2860 5090 El
2893 5037 3002 5107 γὰρ
3033 5039 3230 5110 μόνους
3264 5039 3390 5102 τοὺς
3439 5039 3502 5090 ἐκ
3550 5029 3633 5086 τοῦ
3679 5023 3802 5110 νόμῳ

2293 5107 2675 5198 ὁρμωμένουςο
2707 5128 2741 5199 ἦ
2778 5128 2855 5198 τῷ
2887 5107 3046 5200 νόμῴ
3087 5129 3432 5200 στοιχοῦντας
3481 5119 3710 5179 ἐδικαίου,
3735 5107 3800 5200 καὶ

2292 5221 2414 5289 ούχὶ
2444 5218 2625 5273 πάντα
2654 5221 2941 5292 ἄνθρωπον
2967 5199 3059 5275 τδν
3087 5199 3433 5288 πιστεύοντα,
3465 5207 3731 5290 μονομερὴς
3754 5199 3800 5253 ἂν

2291 5311 2361 5385 ἦν
2387 5317 2416 5367 ὁ
2448 5315 2603 5377 θεός.
2638 5315 2783 5367 Ἀλλ’
2811 5316 2919 5370 ἰδοὺ
2942 5317 3036 5369 καὶ
3061 5316 3337 5370 Ἰουδαίων
3353 5315 3442 5368 καὶ
3466 5308 3619 5364 ἐθνῶν
3642 5295 3793 5385 ὁΘερς,

2297 5384 2485 5476 ἐπειδὴ
2523 5404 2687 5470 σώζει
2735 5407 3082 5477 ἀμφοτέρους
3140 5407 3549 5464 πιστεύσαντας·
3583 5416 3600 5448 ⁴
3624 5395 3702 5486 Ὣς

2298 5475 2526 5550 καιώσει
2553 5475 2858 5568 περιτομὴν
2888 5475 2964 5551 ὲκ
2984 5501 3244 5565 πίστεως,
3273 5500 3365 5555 καὶ
3391 5483 3712 5565 ἀκροϐυστίαν
3729 5475 3790 5528 διὶ

2296 5590 2396 5658 τῆς
2433 5589 2692 5656 πίστεως,
2722 5609 2740 5642 ι
2772 5590 2868 5644 καὶ
2895 5591 2966 5645 τὰ
2993 5593 3140 5664 ἑξῆς.
3173 5595 3283 5648 Καὶ
3309 5595 3358 5647 ot
3387 5590 3488 5648 ἀπὸ
3526 5581 3612 5638 τοῦ
3650 5575 3789 5664 νόμον)

2300 5683 2396 5738 καὶ
2433 5684 2480 5737 οἱ
2512 5683 2668 5749 ἐκτὸς
2719 5684 2812 5740 τοῦ
2869 5685 3058 5759 νόμου,
3091 5688 3328 5756 πίστεως
3374 5686 3568 5742 δέονται
3604 5670 3710 5744 πρδῖ
3744 5658 3785 5712 τὸ
