3978 6556
221 351 339 415 38Ί

1311 350 1707 414 COMMENT.
1750 354 1831 415 IN
1861 352 2109 416 EPIST.
2146 353 2248 416 AD
2273 351 2461 417 ROM.

3411 352 3517 417 390

225 463 502 533 σωθῆναι.
543 461 769 533 «Νόμον
820 456 915 517 οῦν
980 463 1372 536 καταργοῦμεν
1424 465 1517 519 διὰ
1570 466 1673 537 τῆς
1731 466 1821 521 πί-

1930 467 2129 522 bantur
2154 465 2368 530 Judaei,
2401 463 2559 536 quasi
2592 464 2678 519 lex
2712 478 2811 535 per
2842 461 3003 518 ﬁdem
3033 462 3389 535 abjiceretnr.
3420 470 3516 524 Di.

224 573 410 619 στεως
433 572 448 618 ς
473 575 494 609 ι
528 556 859 627 Ἐθορὺδουν
881 557 1154 624 Ἰουδαῖοι,
1190 557 1265 623 ὡς
1299 559 1699 630 ἐκϐαλλομένου
1728 560 1825 615 τοῦ

224 652 406 721 νόμου
459 648 551 703 διὰ
604 650 705 718 τῆς
756 649 1017 714 πίστεως.
1050 651 1213 719 Λέγει
1243 650 1336 705 οὑν
1364 653 1447 706 ὅτι
1479 653 1539 705 οὑ
1576 654 1736 724 μόνον
1762 653 1825 707 οὑ

224 728 576 813 καταργεῖῆ
604 742 790 805 πίστις
825 741 919 796 τὸν
957 742 1143 813 νόμον,
1179 743 1320 798 ἀλλὰ
1344 746 1440 798 καὶ
1469 745 1657 816 ἵστησί
1686 764 1824 813 πως,

222 836 317 889 ὅτι
347 836 378 887 ὁ
411 834 579 905 νόμος
612 833 786 888 σῶσαι
823 833 1167 906 βουλόμενος,
1195 837 1297 890 οὑκ
1335 837 1528 907 ίσχὺει,
1554 840 1588 910 ἡ
1638 838 1695 893 δὲ
1736 840 1828 893 πί-

221 943 351 991 στις
377 927 568 991 σώζει.
600 927 706 980 Τὸν
740 926 835 981 οῦν
859 928 1063 982 σκοπὸν
1109 927 1207 981 τοῦ
1254 929 1423 1000 νόμου
1473 930 1759 1002 πληροῦσα
1789 934 1822 1004 ἠ

222 1024 445 1082 πίστις,
477 1020 696 1088 ἵστησιν
726 1020 910 1074 αὑτόν.
959 1020 1167 1087 Εἰπὼν,
1200 1021 1482 1095 ’Ῑστῶμεν,
1529 1023 1699 1091 ἔδειξε
1733 1042 1827 1078 σα-

221 1112 553 1181 λευόμενον.
577 1141 650 1152 --
681 1114 931 1179 Ἄλλως.
960 1114 1165 1184 Ἔργον
1198 1110 1266 1188 ἦν
1314 1114 1409 1169 τοῦ
1439 1115 1629 1184 νόμον,
1681 1115 1824 1169 ὥστε

221 1206 448 1258 δίκαιον
500 1206 730 1274 ποιῆσαι
780 1206 873 1261 τὸν
924 1206 1234 1280 ἄνθρωπον,
1290 1206 1409 1263 ἀλλ’
1463 1208 1565 1262 οὑκ
1611 1209 1822 1281 ἴσχυσε.

222 1302 452 1365 Πάντες
480 1301 828 1374 γὰρ,φησὶν,
867 1301 1138 1373 ἥμαρτον,
1162 1304 1196 1373 ἡ
1247 1302 1430 1365 πίστις
1465 1301 1521 1355 δὲ
1567 1302 1822 1368 ἐλθοῦσα,

216 1394 391 1448 τοῦτο
422 1394 788 1465 κατώρθωσεν
808 1409 823 1423 ⁶
857 1397 994 1466 ὁμοῦ
1026 1397 1135 1467 γάρ
1159 1413 1245 1460 τις
1274 1397 1562 1449 ἐπίστευσε
1596 1396 1691 1450 καὶ
1719 1395 1825 1448 ὲδι-

219 1484 471 1557 καιώθη.
498 1486 710 1540 Οὐκοῦν
730 1487 926 1556 ἔστησε
956 1488 1052 1542 τοῦ
1082 1488 1251 1559 νόμου
1282 1487 1344 1541 τὸ
1374 1488 1609 1559 θέλημα.
1647 1490 1824 1542 Ἀνω-

218 1575 323 1628 θεν
375 1577 408 1629 ὁ
445 1576 615 1647 νόμος
664 1577 761 1631 καὶ
807 1578 858 1630 οί
900 1578 1185 1648 προφῆται
1233 1579 1365 1650 περὶ
1422 1580 1526 1651 τῆς
1584 1580 1823 1645 πίστεως

219 1668 663 1739 προεθέσπισαν.
688 1700 755 1711 -
779 1669 1282 1744 [ΘΕΟΔΩΡΙΤΟΥ.]
1310 1673 1600 1745 Δεχόμενοι
1643 1675 1823 1730 τοίνυν

218 1763 331 1835 τὴν
357 1764 571 1829 πίστιν,
608 1762 938 1834 βεϐαιοῦμεν
965 1762 1056 1817 τὸν
1085 1763 1273 1833 νόμον.

309 1858 373 1910 Τί
406 1854 525 1909 οὖν
580 1831 840 1925 ἐροῦμεν
881 1831 1162 1926 Ἀϐραὰμ-
1193 1854 1307 1910 τὸν
1367 1855 1598 1926 πατέρα
1653 1856 1824 1928 ἡμῶν
1852 1831 1897 1887 Β

218 1947 556 2018 εὑρηκέναι
586 1948 738 2001 κατὰ
764 1947 999 2015 σάρκα;

300 2037 470 2106 Μέγα
501 2036 773 2108 ἐφρόνουν
804 2037 900 2091 ἐπὶ
929 2036 1010 2109 τῷ
1032 2036 1290 2110 ’Δὸραὰμ
1336 2040 1386 2093 οί
1428 2039 1697 2108 Ἰουδαῖοι,
1730 2041 1825 2095 καὶ

222 2133 321 2188 ἀεὶ
343 2132 658 2205 προέφερον
686 2132 770 2186 ὅτι
796 2131 1054 2204 ’Δϐραάμ
1087 2134 1459 2206 περιετμήθη.
1495 2135 1706 2199 Σκοπὸς
1730 2130 1825 2190 οὖν

223 2221 384 2293 αὑτῷ
414 2221 615 2289 δεῖξαι,
635 2222 720 2276 ὅτι
750 2223 846 2277 καὶ
877 2222 1040 2284 αὐτὸς
1071 2222 1329 2294 ’Δὸραὰμ
1367 2224 1470 2278 οὐκ
1510 2224 1572 2290 ἐξ
1620 2225 1822 2297 ἔργων,

222 2314 349 2368 ἀλλ’
386 2315 454 2367 ἐκ
483 2315 725 2379 πίστεως
770 2312 1088 2387 ἐδικαιώθη,
1132 2314 1228 2368 καί
1262 2331 1429 2384 φησι·
1472 2316 1577 2369 «Τί
1602 2316 1699 2371 οὖν
1722 2317 1814 2369 λέ-

224 2422 409 2477 γομεν
442 2392 700 2478 Ἀϐραὰμ
736 2405 831 2461 τὸν
869 2406 1012 2462 κατὰ
1056 2406 1238 2478 σάρκα
1281 2408 1496 2481 πατέρα
1535 2409 1696 2480 ἡμῶν
1730 2409 1820 2463 εὑ-

225 2504 505 2574 ρηκένιις
533 2520 552 2552 ι
589 2501 685 2554 καὶ
714 2497 862 2564 τίνος
908 2499 1074 2554 αὑτὸν
1119 2501 1577 2574 ἐπιτετυχηκέναι
1624 2503 1828 2559 δικαιο-

227 2572 444 2662 ac.ng
475 2593 580 2663 τῆς
610 2590 680 2645 δι’
707 2590 911 2663 ἔργων,
940 2592 973 2662 ἢ
1007 2591 1107 2662 τῆς
1152 2592 1242 2647 διὰ
1278 2572 1549 2662 πίστεωςς
1582 2596 1691 2649 Καὶ
1721 2596 1830 2649 δεί-

224 2702 450 2751 κνυσιν,
504 2685 589 2739 ὅτι
618 2684 720 2755 τῆς
772 2684 868 2738 διὰ
932 2684 1195 2748 πίστεως.
1229 2684 1397 2740 Ὅθεν
1445 2687 1542 2741 καὶ
1605 2686 1828 2760 εὕρημα

225 2775 409 2847 αὑτὴν
438 2775 616 2830 καλεῖ.
652 2774 808 2829 Ἐπεὶ
850 2772 925 2847 μὴ
976 2775 1037 2841 ἐξ
1087 2774 1267 2845 ἔργων
1311 2775 1482 2846 αὑτὴν
1531 2777 1823 2848 ἐκτήσατο,

225 2868 348 2923 ἀλλ’
404 2870 470 2920 ἐκ
526 2867 789 2931 πίστεως,
824 2867 947 2937 ἥτις
994 2866 1181 2936 χάριτι
1227 2865 1365 2920 Θεοῦ
1406 2868 1830 2939 παρέχεται.-

227 2958 704 3033 [ΓΕΝΝΑΔΙΟΥ.]
726 2960 864 3012 Καθ’
881 2958 1184 3029 ὑπερϐατόν
1202 2960 1348 3012 ἐστιν
1366 2960 1400 3029 ἡ
1426 2960 1603 3030 ῥῆσις,
1627 2962 1827 3016 οὑτωσί

225 3071 352 3117 ⁸ιτως
388 3052 624 3123 κειμένη
651 3068 665 3083 ⁸
703 3051 770 3104 Τί
813 3050 908 3105 οὖν
957 3051 1193 3122 ἐροῦμεν
1230 3051 1484 3124 Ἀϐραὰμ
1536 3053 1629 3107 τὸν
1684 3055 1827 3108 κατὰ

1932 561 2008 616 cit
2038 576 2177 632 ergo
2229 559 2375 631 quod
2407 575 2517 614 non
2547 559 2726 615 solum
2780 559 2992 613 irritam
3028 574 3138 613 non
3183 559 3314 616 facit
3342 561 3518 633 legem

1928 652 2111 709 ﬁdes:
2150 653 2457 724 quinetiam
2514 652 2924 724 quodammodo
2961 652 3217 708 stabilit:
3257 652 3387 723 quia
3429 655 3520 710 lex

1932 759 2059 815 cum
2085 744 2299 800 salvare
2334 746 2520 815 cupiat
2543 760 2651 799 non
2679 753 2881 815 potest,
2919 743 3055 799 ﬁdes
3074 754 3257 800 autem
3300 746 3515 801 salvat:

1934 852 2059 891 cum
2084 852 2215 907 ergo
2235 836 2373 907 legis
2407 852 2636 906 scopum
2666 835 2802 891 ﬁdes
2834 837 3080 906 impleat,
3106 837 3307 893 merito
3341 837 3518 893 stabi-

1925 926 2029 982 lire
2063 928 2212 982 illam
2232 928 2670 983 dicitur.Diccns
2702 937 2917 992 autem,
2944 930 3291 996 Stabilimus,
3326 940 3518 986 osten-

1926 1020 2009 1075 dit
2039 1020 2184 1075 illam
2222 1021 2595 1076 vacillantem.
2615 1020 2736 1076 Alio
2768 1024 2944 1076 modo.
2966 1022 3127 1093 Legis
3155 1038 3296 1093 opus
3318 1031 3440 1077 erat
3460 1031 3523 1077 ut

1919 1113 2129 1184 justum
2149 1112 2354 1169 faceret
2366 1114 2643 1169 hominem
2668 1132 2681 1167 :
2702 1130 2892 1168 verum
2915 1114 3020 1169 hoc
3040 1130 3149 1170 non
3171 1116 3375 1187 potuit,
3392 1131 3519 1170 nam

1926 1207 2163 1273 Omnes,
2199 1206 2401 1277 inquit,
2434 1214 2805 1276 peccaverunt
2840 1227 2851 1260 :
2885 1222 3010 1261 cum
3034 1218 3220 1262 autem
3279 1207 3522 1263 venisset

1925 1297 2082 1356 ﬁdes.
2113 1297 2167 1351 id
2197 1298 2473 1353 correxit:
2498 1296 2664 1352 simul
2699 1312 2764 1350 ac
2794 1297 2939 1350 enim
2962 1297 3235 1367 quispiam
3257 1297 3518 1365 credidit,

1925 1389 2090 1446 etiam
2115 1389 2450 1461 justiﬁcatus
2467 1398 2572 1445 est.
2597 1387 2877 1444 Stabilivit
2904 1388 3088 1460 itaque
3112 1389 3248 1460 legis
3278 1390 3525 1444 volunta-

1928 1492 2059 1537 tem.
2104 1482 2499 1554 Superioribus
2534 1481 2877 1553 temporibus
2922 1482 3006 1537 lex
3057 1497 3122 1536 ac
3149 1482 3428 1552 prophetae
3450 1481 3520 1537 de

1924 1573 2033 1629 ﬁde
2054 1574 2339 1630 vaticinati
2370 1582 2523 1632 sunt.
2546 1604 2617 1615 —
2637 1573 2829 1630 Fidem
2853 1588 2985 1644 ergo
3007 1574 3373 1646 suscipientes
3388 1588 3522 1629 con-

1923 1665 2213 1724 ﬁrmamus
2235 1667 2439 1739 legem.

1992 1878 2084 1944 IV,
2112 1880 2162 1934 1.
2192 1878 2333 1946 Quid
2359 1895 2485 1950 ergo
2503 1878 2728 1933 dicimus
2753 1877 3023 1933 Abraham
3048 1886 3255 1948 patrem
3277 1885 3517 1933 nostrum

1921 1972 2189 2027 invenisse
2219 1972 2509 2026 secundum
2540 1987 2757 2026 carnem
2777 1970 2803 2023 ?

1993 2058 2160 2130 246
2207 2057 2656 2114 lntumescebant
2693 2058 2869 2116 Judazi
2933 2057 3172 2114 Abrahae
3241 2059 3468 2116 nomine
3498 2101 3514 2126 ,

1921 2166 2255 2222 semperque
2305 2150 2670 2222 proferebant
2727 2151 2879 2222 quod
2940 2152 3308 2208 circumcisus
3366 2163 3514 2208 esset

1924 2242 2223 2299 Abraham.
2258 2243 2360 2300 ilic
2385 2258 2517 2314 ergo
2556 2258 2762 2314 scopus
2787 2254 2873 2299 est
2894 2243 3160 2313 Apostolo
3195 2244 3511 2309 ostendere,

1924 2335 2105 2405 ipsum
2151 2350 2375 2406 quoque
2428 2335 2708 2391 Abraham
2737 2351 2848 2390 non
2873 2351 2941 2390 ex
2982 2335 3269 2405 operibus,
3304 2335 3402 2390 sed
3444 2352 3513 2391 ex

1926 2426 2034 2483 ﬁde
2071 2425 2443 2499 justiﬁcatum
2476 2426 2824 2489 esse,etait:
2863 2444 2882 2478 ι
2917 2426 3060 2493 Quid
3105 2441 3238 2498 ergo
3279 2426 3516 2483 dicimus

1926 2518 2201 2574 Abraham
2226 2526 2439 2589 patrem
2476 2524 2732 2573 nostrum
2762 2518 3072 2574 secundum
3102 2534 3327 2575 carnem
3353 2520 3512 2575 inve-

1926 2610 2075 2666 nisse
2094 2609 2148 2664 ἳι
2166 2625 2402 2681 quamve
2425 2619 2808 2666 assecutusest
2842 2610 3115 2682 justitiam
3132 2612 3156 2665 ?
3173 2626 3370 2669 eamne
3392 2627 3516 2683 quae

1925 2711 2012 2757 est
2040 2716 2142 2773 per
2175 2716 2368 2772 opera,
2397 2716 2468 2755 an
2490 2717 2614 2772 quae
2647 2717 2747 2771 per
2777 2700 2944 2758 ﬁdem
2974 2704 3078 2758 ?et
3100 2704 3345 2760 ostendit
3365 2704 3513 2775 quod

1925 2809 2048 2849 eam
2087 2809 2211 2864 quae
2240 2804 2325 2849 est
2358 2809 2457 2863 per
2495 2792 2660 2849 ﬁdem
2693 2811 2708 2848 :
2749 2794 2894 2850 unde
2922 2802 2980 2850 et
3016 2795 3167 2851 illam
3203 2805 3365 2851 vocat
3398 2812 3514 2852 rem

1929 2885 2233 2951 inventam,
2291 2885 2422 2955 quia
2472 2900 2584 2939 non
2633 2900 2701 2940 ex
2734 2885 2998 2955 operibus
3042 2900 3162 2941 eam
3190 2895 3388 2943 nactus
3405 2896 3514 2956 est,

1929 2976 2027 3032 sed
2056 2991 2123 3032 ex
2145 2975 2253 3032 ﬁde
2281 2992 2404 3047 quae
2429 2976 2527 3032 Dei
2561 2975 2739 3047 gratia
2763 2976 3070 3032 confertur.
3092 3008 3163 3020 —-
3193 2979 3298 3035 Per
3316 2980 3519 3051 hyper-

1927 3069 2098 3125 baton
2128 3080 2214 3127 est
2245 3070 2472 3135 locutio,
2513 3077 2573 3125 ut
2603 3069 2678 3124 ita
2704 3082 2944 3139 ponatur
2976 3088 2990 3124 :
3017 3069 3163 3138 Quid
3187 3087 3322 3143 ergo
3359 3072 3515 3129 dioe-

194 3148 420 3219 ,σάρκα
453 3148 669 3217 πατέρα
687 3147 847 3218 ήμῶν
876 3146 1201 3219 εὑρηκέναι;
1244 3147 1602 3219 Ἀνέλθωμεν,
1635 3151 1820 3222 φησὶν,

1930 3177 2054 3218 mus
2074 3161 2372 3227 Abraham,
2401 3162 2496 3232 qui
2525 3160 2829 3219 secundum
2853 3176 3076 3218 carnem
3091 3175 3178 3220 est
3209 3174 3366 3235 pater
3409 3181 3515 3220 no-

226 3242 328 3295 ἐπὶ
374 3242 471 3296 τὸν
524 3238 768 3313 ἀρχηγὸν
813 3239 908 3294 τοῦ
953 3240 1096 3295 κατὰ
1130 3240 1309 3312 σάρκα
1337 3241 1528 3310 γένους
1556 3242 1735 3312 ἡμῶν,
1765 3243 1824 3299 ὃν

231 3336 299 3389 ἐκ
326 3336 551 3389 πάντων
580 3333 754 3387 ἐθνῶν
777 3331 1145 3404 ἐκλεξάμενος
1189 3334 1218 3386 ὁ
1266 3332 1423 3398 Θεὸς,
1456 3333 1720 3405 εὑλόγησέ
1763 3352 1824 3389 τε

232 3428 334 3482 καὶ
370 3429 452 3491 είς
483 3426 611 3491 τοὺς
640 3426 701 3492 ἐξ
723 3426 889 3480 αὑτοῦ
918 3425 986 3481 δι’
1005 3424 1171 3480 αὑτοῦ
1201 3425 1271 3480 τὰ
1306 3426 1407 3495 τῆς
1434 3426 1683 3496 εὐλογίας
1720 3427 1826 3481 ὑπο

230 3521 433 3591 έσχετο
464 3518 878 3591 παραπέμψειν.
903 3519 1073 3589 Δῆλον
1106 3518 1216 3590 γὰρ
1244 3519 1327 3573 ὅτι
1360 3520 1509 3583 ὃπως
1532 3521 1598 3574 ἂν
1614 3519 1727 3591 ἔχοι
1757 3519 1828 3574 τὰ

232 3613 362 3666 κατ’
395 3612 584 3676 αὑτὸν,
603 3609 781 3675 οὑτως
816 3612 1011 3682 σχήσει
1038 3612 1131 3665 καὶ
1150 3611 1219 3666 τὰ
1239 3610 1583 3684 ήμέτερα.-
1616 3610 1823 3687 [ΦΩΤ.]

376 3723 394 3755 ι
429 3704 589 3759 Κατὰ
640 3704 889 3776 adipata,»
923 3704 982 3756 ὲν
1028 3702 1325 3776 ὑπερδατῷ
1380 3706 1583 3758 κεῖται.
1641 3705 1714 3758 Ἥ
1767 3705 1825 3760 δὲ

237 3796 387 3849 κατὰ
442 3793 633 3864 φῦσιν,
679 3794 818 3849 ἀλλὰ
876 3793 953 3865 μὴ
999 3795 1144 3848 κατὰ
1199 3798 1387 3867 σχῆμα
1435 3795 1705 3868 ἑρμηνεία
1730 3795 1826 3850 τοῦ

238 3887 405 3955 λόγου
429 3904 444 3918 ·
486 3887 529 3940 Τ
536 3886 552 3939 ί
580 3886 673 3940 οὑν
704 3886 940 3959 ἐροῦμεν
960 3886 1215 3959 ’Δὸραὰμ
1251 3888 1548 3960 εὑρηκέναι
1572 3889 1663 3942 τὸν
1688 3889 1828 3943 κατὰ

238 3981 425 4052 σάρκα
452 3980 615 4051 ἡμῶν
654 3980 901 4053 πατέρας
935 3981 1071 4054 πρὸς
1106 3979 1395 4045 Ἰουδαίους
1448 3980 1506 4035 δέ
1556 3981 1585 4035 ὁ
1647 3982 1825 4051 λόγος.

238 4068 392 4137 Οἷον,
424 4075 550 4126 ἐπεί
582 4091 741 4144 φησι,
772 4074 846 4127 Τὸ
880 4076 991 4129 πᾶν
1020 4073 1149 4145 ὑμῖν
1191 4075 1297 4144 τῆς
1337 4074 1696 4145 σεμνολογίας
1732 4077 1828 4129 καὶ

243 4168 627 4238 μεγαλαυχίας
650 4169 707 4220 ἐν
728 4165 805 4238 τῷ
828 4168 969 4221 κατὰ
984 4167 1165 4239 σάρκα
1193 4162 1369 4239 πατρὶ
1399 4168 1829 4239 ἡμῶνἈϐραάμ

240 4262 384 4321 ἐστι,
419 4261 792 4331 σκοπήσωμεν
815 4260 866 4313 τί
897 4261 961 4313 ἂν
990 4261 1242 4331 εἴποιμεν
1270 4262 1480 4314 ἐκεῖνον
1507 4261 1825 4333 εὑρηκέναι.

238 4351 354 4405 καί
387 4367 555 4420 φησιν
606 4351 769 4413 αὐτὸς
802 4350 1033 4421 προῖὼν,
1070 4350 1154 4404 ὃτι
1184 4351 1279 4404 καὶ
1304 4351 1648 4421 δικαιοσύνην
1677 4346 1826 4425 εὗρε.

240 4442 420 4497 Τοῦτο
450 4443 561 4514 γάρ
586 4445 703 4496 ἐστι
743 4443 825 4508 τὸ,
865 4462 884 4494 ι
914 4444 1024 4497 Καὶ
1065 4444 1320 4514 ἐλογίσθη
1351 4443 1500 4514 αὑτῷ
1521 4446 1598 4507 είς
1625 4445 1832 4499 δικαιο⁴

1927 3264 2073 3320 ster,
2109 3254 2431 3311 invenisse?
2468 3254 2865 3321 Ascendamus,
2909 3254 3111 3325 inquit,
3151 3255 3217 3311 ad
3242 3256 3515 3329 originem

1925 3346 2148 3418 generis
2177 3347 2352 3402 nostri
2378 3346 2687 3402 secundum
2716 3362 2969 3413 carnem,
2990 3358 3047 3402 et
3084 3363 3211 3402 eum
3248 3365 3413 3420 quem
3444 3366 3515 3405 ex

1926 3438 2188 3494 omnibus
2238 3438 2506 3509 gentibus
2556 3438 2797 3493 electum
2836 3437 3290 3495 benedixitDeus
3325 3450 3418 3496 :et
3455 3441 3514 3497 in

1926 3546 2024 3590 eos
2073 3531 2172 3602 qui
2221 3531 2293 3587 ab
2321 3546 2388 3586 eo
2445 3531 2872 3596 descenderent,
2925 3546 3048 3603 quae
3110 3532 3519 3590 benedictionis

1926 3635 2088 3682 erant
2142 3640 2244 3695 per
2276 3641 2402 3681 eum
2428 3641 2490 3681 se
2522 3625 2822 3680 missurum
2877 3640 2999 3680 esse
3027 3626 3305 3697 promisit.
3344 3627 3519 3684 Mani-

1927 3716 2129 3772 festum
2172 3722 2259 3772 est
2307 3715 2458 3771 enim
2487 3714 2669 3786 quod,
2705 3714 2873 3770 sicuti
2910 3731 3034 3770 cum
3058 3715 3155 3770 illo
3186 3727 3370 3772 actum
3408 3727 3513 3784 est,

1929 3808 2002 3863 ita
2029 3816 2086 3863 et
2113 3807 2404 3888 nobiscum
2428 3816 2645 3878 agetur.
2685 3839 2753 3849 —
2785 3807 3061 3863 Particula
3090 3808 3202 3874 illa,
3242 3827 3261 3860 ι
3300 3808 3514 3866 Secun-

1928 3901 2060 3957 dum
2110 3915 2359 3967 carnem,
2402 3918 2420 3950 ι
2449 3915 2549 3970 per
2581 3898 2924 3970 hyperbaton
2964 3900 3208 3969 ponitur.
3250 3899 3517 3958 Ordinate

1926 4009 2063 4049 vero
2110 4004 2166 4048 et
2197 4007 2311 4047 non
2352 3993 2510 4063 juxta
2562 3991 2788 4047 schema
2820 3992 2929 4047 erit
2967 3992 3084 4047 haec
3131 3993 3520 4063 interpretatio

1928 4087 2248 4143 sermonis:
2284 4084 2428 4152 Quid
2468 4100 2599 4154 ergo
2624 4083 2873 4139 dicemus
2904 4084 3179 4141 Abraham
3214 4087 3513 4152 invenisse,

1930 4180 2025 4250 qui
2056 4178 2365 4234 secundum
2409 4192 2636 4233 carnem
2664 4186 2822 4248 pater
2848 4186 3036 4231 noster
3059 4177 3184 4231 est?
3235 4177 3406 4232 Porro
3445 4178 3516 4234 ad

1929 4270 2153 4327 Iudaeos
2174 4284 2361 4325 sermo
2399 4277 2505 4333 est,
2542 4283 2609 4323 ac
2634 4268 2680 4323 si
2708 4266 2859 4323 dicat
2896 4266 3074 4323 :Cum
3108 4268 3285 4323 nostri
3317 4283 3518 4338 supcr-

1930 4363 2043 4418 cilii
2076 4378 2139 4417 ac
2164 4362 2441 4434 iactantia
2466 4376 2681 4416 summa
2707 4361 2780 4415 sit
2804 4359 2859 4414 in
2882 4358 3180 4425 Abraham,
3209 4360 3339 4430 quia
3360 4369 3519 4431 pater

1932 4459 2123 4510 noster
2160 4463 2246 4509 est
2275 4452 2582 4509 secundum
2613 4466 2866 4518 carnem,
2895 4450 3317 4506 consideremus
3347 4449 3515 4521 quid-

243 4535 437 4608 σύνην,
463 4553 482 4587 ι
517 4538 818 4599 τουτέστιν,
845 4535 925 4588 ὃτι
949 4535 1266 4605 ἐδικαιώθη.
1307 4536 1381 4589 Τὸ
1406 4536 1517 4608 γὰρ
1550 4539 1731 4605 εὑρεῖν
1751 4538 1827 4592 δι-

1933 4563 2060 4602 nam
2102 4545 2287 4601 dicere
2342 4544 2621 4616 possimus
2653 4544 2809 4598 illum
2853 4541 3153 4597 invenisse.
3184 4542 3253 4597 Et
3288 4543 3364 4595 ait
3399 4542 3516 4612 ipse

243 4630 571 4700 καιοσὺνην,
602 4629 964 4700 δικαιωθῆναι
1008 4631 1178 4684 ἐστιν.
1213 4623 1387 4702 Εὗρεν
1422 4629 1516 4686 οῦν
1553 4631 1827 4686 δικαιοσύ-

241 4741 364 4793 νην,
418 4722 556 4777 ἀλλὰ
610 4722 727 4786 πῶς
766 4717 953 4795 εὑρενς
987 4721 1081 4788 Ἐξ
1124 4721 1327 4793 ἔργων,
1376 4722 1408 4796 ἢ
1448 4726 1512 4778 ἐκ
1550 4724 1821 4793 πίστεως;

241 4818 359 4872 Καὶ
389 4816 665 4871 δείκνυσιν
686 4815 767 4868 ὅτι
806 4817 871 4868 ἐκ
896 4816 1154 4880 πίστεως,
1191 4816 1447 4887 μάρτυρα
1475 4816 1575 4887 τὴν
1604 4818 1828 4890 ι’ραφὴν

243 4907 544 4979 παριστὰς.
587 4904 912 4959 Ἐπίστευσε
988 4906 1122 4977 γὰρ,
1183 4906 1373 4976 φησὶν,
1436 4906 1695 4979 Ἀϐραὰμ
1749 4910 1830 4983 τῷ

241 5000 386 5074 Θεῷ,
435 5000 531 5054 καὶ
573 4999 828 5071 ἐλογίσθη
877 4998 1028 5070 αὑτῷ
1088 5001 1168 5063 είς
1215 4999 1587 5073 δικαιοσύνην.
1618 5003 1683 5056 Τί
1710 4999 1827 5069 οὖν,

245 5096 438 5166 φησὶν,
490 5095 592 5148 οὑκ
644 5090 789 5166 εἶχεν
833 5094 971 5165 ἔργα
1001 5093 1030 5146 ὁ
1067 5094 1358 5167 Ἀδραὰμς
1418 5096 1533 5151 Οὑκ
1588 5097 1828 5152 ἐδικαίου

243 5190 423 5245 ταῦτα
466 5190 671 5255 αὑτόνς
723 5189 815 5262 Μὴ
869 5189 1114 5257 γένοιτοί
1152 5190 1330 5259 Ἔργα
1387 5189 1487 5260 μὲν
1519 5189 1630 5262 γὰρ
1663 5186 1828 5261 εἶχεν,

244 5282 390 5336 ὥστε
415 5281 553 5354 πρὸς
576 5284 701 5345 τοὺς
737 5280 1306 5352 συμπολιτευομένους
1331 5280 1482 5352 αὑτῷ
1507 5281 1832 5352 ἀνθρώπους

245 5376 595 5447 κρινόμενον,
628 5374 989 5445 δικαιωθῆναι
1038 5374 1134 5427 καὶ
1168 5374 1537 5446 προκριθῆναι
1581 5375 1827 5431 ἐκείνων.

244 5470 321 5522 Τὸ
376 5468 434 5521 δὲ
489 5467 629 5537 πρὸς
677 5468 769 5519 τὸν
799 5466 930 5520 Θεὸν
984 5465 1340 5537 δικαιωθῆναι
1373 5467 1436 5521 ἐκ
1484 5467 1594 5521 τῶν
1653 5466 1837 5540 ἔργων

245 5561 442 5628 αὑτοῦ,
470 5559 614 5615 ὥστε
662 5560 811 5626 ἄξιον
857 5561 953 5614 καὶ
987 5560 1295 5614 ἰσοστάσιον
1318 5560 1511 5615 ἑαυτὸν
1541 5562 1832 5632 παραστῆ-

248 5678 341 5713 σαι
375 5658 478 5726 τῆς
528 5657 743 5710 ἐκεῖθεν
800 5654 1188 5728 παρεχομένης
1242 5654 1566 5726 εὐεργεσίας
1608 5656 1834 5711 καὶδω-

250 5757 403 5825 ρεὶς,
460 5750 745 5813 παντελῶς
808 5749 1161 5803 ἀπελείπετο.
1220 5745 1432 5801 Οὐκοῦν
1487 5745 1641 5799 οὐδὲν
1694 5747 1833 5813 ὅλως

250 5849 362 5919 ἕχει
394 5844 685 5916 καύχημα,
709 5843 827 5914 ῆτοι
853 5841 1176 5913 προτέρημα
1208 5840 1302 5894 καὶ
1327 5838 1662 5912 κατόρθωμα
1693 5842 1830 5914 πρὸς

1932 4638 1989 4692 in
2042 4636 2407 4706 sequentibus
2452 4634 2599 4706 quod
2660 4635 2833 4690 etiam
2891 4632 3162 4705 justitiam
3219 4632 3514 4688 invenerit.

1934 4732 2051 4785 Hoc
2088 4729 2236 4784 enim
2265 4738 2351 4784 est
2383 4728 2533 4800 quod
2570 4728 2647 4783 ait
2680 4744 2693 4781 :
2734 4746 2752 4779 ι
2788 4726 3204 4795 Etimputatum
3234 4731 3318 4778 est
3366 4723 3418 4780 ei
3446 4724 3515 4779 ad

1926 4823 2223 4895 justitiam,
2260 4840 2280 4874 ι
2300 4821 2406 4877 hoc
2428 4831 2533 4887 est,
2557 4820 2702 4892 quod
2725 4818 3061 4891 justiﬁeatus
3091 4826 3194 4875 est.
3228 4816 3516 4888 Siquidem

1932 4914 2211 4970 invenisse
2243 4915 2360 4969 sive
2387 4922 2612 4968 nactum
2644 4928 2768 4968 esse
2793 4911 3096 4983 justitiam,
3128 4920 3215 4965 est
3243 4908 3516 4980 justiﬁca-

1933 5016 2052 5062 tum
2092 5021 2237 5062 esse.
2267 5004 2483 5060 Invenit
2515 5018 2649 5076 ergo
2674 5011 2729 5058 et
2759 5010 2956 5057 nactus
2978 5010 3062 5057 est
3101 5001 3397 5072 justitiam.
3445 5003 3517 5056 At

1931 5098 2211 5170 quomodo
2241 5105 2440 5153 nactus
2464 5095 2596 5151 'est?
2647 5110 2718 5151 ex
2750 5095 3036 5165 operibus,
3078 5112 3147 5150 an
3174 5112 3243 5151 ex
3273 5095 3417 5151 ﬁde?
3447 5096 3519 5153 Et

1932 5192 2178 5249 ostendit
2197 5191 2344 5262 quod
2368 5207 2437 5247 ex
2470 5188 2601 5255 ﬁde,
2642 5205 2771 5246 cum
2800 5188 3140 5260 Scripturam
3168 5190 3429 5259 producit
3458 5191 3515 5245 in

1935 5293 2152 5340 testem.
2176 5283 2313 5339 Nam
2340 5283 2418 5338 ait
2448 5301 2461 5337 :
2496 5302 2515 5336 ι
2550 5282 2804 5339 Credidit
2832 5281 3111 5339 Abraham
3143 5282 3277 5346 Deo,
3302 5292 3359 5337 et
3407 5281 3514 5336 im-

1934 5384 2189 5448 putatum
2220 5384 2307 5432 est
2332 5376 2384 5431 ei
2415 5376 2483 5431 ad
2514 5376 2812 5449 justitiam.
2858 5394 2878 5429 )
2933 5374 3078 5443 Quid
3110 5391 3267 5447 ergo.
3310 5374 3515 5444 inquit,

1932 5486 2044 5526 non
2077 5469 2272 5525 habuit
2292 5468 2567 5526 Abraham
2592 5469 2932 5540 operainon
2966 5468 3085 5523 haec
3115 5467 3268 5522 illum
3308 5464 3518 5537 justiﬁ-

1934 5561 2176 5619 carunt?
2202 5561 2363 5617 Absit
2389 5562 2403 5615 ι
2431 5561 2611 5633 Opera
2641 5560 2917 5631 siquidem
2943 5558 3162 5620 habuit,
3192 5566 3254 5612 ut
3297 5557 3342 5610 si
3387 5572 3515 5610 cum

1936 5654 2255 5711 hominibus
2277 5656 2372 5726 qui
2395 5653 2559 5710 simul
2589 5670 2713 5708 cum
2739 5669 2808 5709 eo
2832 5652 3197 5708 versabantur
3227 5647 3423 5702 fuisset
3459 5647 3517 5703 in

1929 5747 2142 5819 judicio
2166 5748 2526 5813 constitutus,
2572 5746 2731 5801 facile
2750 5743 3092 5817 jnstiﬁcatus
3117 5740 3331 5804 fuisset,
3378 5738 3517 5795 illis-

1936 5856 2045 5912 que
2104 5839 2470 5910 antepositus,
2500 5854 2691 5894 verum
2718 5847 2777 5893 ut
2800 5850 2985 5891 coram
3020 5834 3134 5890 Deo
3153 5848 3220 5889 ex
3247 5831 3362 5887 suis
3378 5847 3515 5904 ope-
