3978 6542
545 385 651 451 att
1662 367 2062 433 (ECUMENII
2084 366 2379 429 Tmcce
2413 363 2757 426 EPISCOPI
3697 361 3783 426 392

544 501 703 557 ribus
724 493 1146 570 justiﬁcaretur,
1172 498 1431 559 tanquam
1453 484 1653 557 dignus
1676 492 1733 539 et
1757 481 1986 551 aequalis
2013 496 2115 535 sesc

2240 480 2332 533 τὸν
2360 478 2515 546 Θεὸν,
2546 480 2624 543 είς
2668 475 2730 531 τὸ
2769 475 3071 547 ἀξιωθῆναι
3103 474 3200 549 τῆς
3244 475 3561 546 εὐεργεσίας
3590 480 3671 532 καὶ
3697 481 3782 536 δω.

543 566 801 667 przebehs
841 584 1128 660 dignitatis
1179 597 1305 637 cum
1338 596 1402 636 ea
1451 593 1576 649 qua:
1607 575 1735 630 inde
1778 575 2114 645 praebebatui

2241 571 2388 642 ρεᾶς.
2419 569 2485 622 Τί
2512 569 2622 641 γὰρ
2653 568 2719 623 ἄν
2749 585 2834 633 τις
2862 568 2958 622 καὶ
3003 566 3071 621 δι’
3099 568 3276 639 ἔργων
3306 568 3618 633 ἐπιδείξειεν
3642 571 3781 640 ἆξον,

544 658 923 744 beneﬁcentia
948 696 1014 735 ac
1041 678 1189 734 dono
1228 693 1243 731 :
1298 686 1647 744 nequaquam
1678 668 1879 725 fuisset
1909 668 2000 722 illa
2039 681 2115 723 as-

2233 661 2331 715 τοῦ
2367 661 2509 732 μετὰ
2547 658 2885 732 τηλικαύτην
2910 659 3128 731 φύσεως
3172 660 3462 731 νέκρωσιν,
3499 662 3672 725 παιδὸς
3702 679 3784 718 πα-

541 788 786 836 secutus.
850 775 1041 843 Itaque
1092 768 1231 825 nihil
1287 765 1515 822 omnino
1596 763 1765 817 habet
1847 760 2106 833 gloriatio

2230 756 2369 828 τέρα
2400 756 2635 826 ὀφθῆναι
2659 772 2674 824 ;
2706 757 2804 809 καὶ
2837 755 3068 828 βλαστὸν
3089 756 3300 821 κοιλίας
3323 756 3578 825 ἐκφῦναι,
3605 760 3688 815 καὶ
3707 762 3778 816 τοῦ

544 869 705 941 247
743 876 838 923 aut
860 862 1231 936 praerogativa
1258 869 1584 926 rectumque
1612 870 1753 926 opus
1773 868 1959 909 coram
2018 853 2115 907 Det

2236 848 2615 920 πληθυνθῆναι
2667 848 2729 903 τὸ
2778 851 3003 920 σπέρμα
3053 848 3221 903 αὐτοῦ
3277 850 3352 912 ὡς
3387 850 3489 917 τὴν
3520 851 3687 920 ἄμμον
3708 857 3784 925 τῇς

544 940 633 1016 ad,
670 962 776 1015 hoc
824 965 885 1012 ut
917 957 1142 1028 dignum
1175 951 1434 1008 redderet
1464 946 1717 1005 beneﬁcii
1743 946 2037 1002 collatione
2069 960 2115 999 at

2235 941 2538 1013 θαλάσσης,
2592 941 2688 996 καὶ
2736 941 2833 995 τοῦ
2900 940 3324 1013 ἐνευλογηθῆναι
3360 943 3429 995 sit
3465 940 3589 1013 ἔθνη
3632 946 3685 997 ὲν
3725 946 3787 1017 τῷ

542 1055 709 1110 dono.
741 1050 884 1119 Quid
922 1050 1070 1104 enim
1105 1047 1150 1103 si
1175 1047 1302 1117 quis
1327 1046 1481 1101 illum
1504 1043 1894 1097 demonstrare
1922 1038 2113 1093 nitatul

2238 1038 2521 1106 σπέρματι
2548 1033 2739 1101 αὐτοῦ,
2776 1037 2869 1089 καὶ
2899 1033 2994 1087 τοῦ
3068 1034 3304 1106 Χριστὸν
3334 1033 3545 1087 ἐκεῖθεν
3574 1035 3658 1088 τὸν
3693 1054 3785 1090 κοι-

542 1162 643 1217 per
677 1159 845 1214 opera
884 1140 1111 1212 dignum
1142 1138 1333 1204 fuisse,
1387 1144 1447 1190 ut
1489 1142 1611 1206 post
1663 1141 1868 1188 tantam
1922 1141 2113 1185 natura

2233 1129 2326 1182 νὺν
2369 1128 2598 1199 Σωτῆρα.
2645 1127 2970 1199 προελθείν;
3010 1127 3200 1199 Ὀρᾷς,
3235 1128 3319 1180 ὅτι
3366 1126 3521 1180 οὐδὲν
3542 1128 3667 1192 ὅλως
3697 1130 3785 1200 ἔχει

543 1233 1028 1291 mortiﬁcationem
1054 1229 1151 1283 ﬁlii
1180 1236 1337 1299 pater
1368 1224 1783 1288 ostenderetur,
1819 1236 1885 1275 ac
1918 1218 2114 1274 ventri:

2235 1220 2346 1274 οὐδ’
2380 1220 2525 1291 ίχνος
2551 1218 2759 1291 ἔργων,
2790 1220 2929 1292 πρὸς
2952 1220 3054 1284 τὰς
3099 1218 3437 1293 τηλικαύτας
3467 1220 3531 1271 ἐκ
3563 1218 3685 1272 Θεοῦ
3709 1222 3787 1274 δω-

540 1341 769 1398 germen
800 1322 1117 1379 ειοτίτειυι·
1158 1338 1173 1373 ζ
1212 1328 1273 1372 ut
1296 1333 1487 1373 semen
1530 1317 1652 1387 ejus
1675 1323 1935 1382 tanquam
1964 1326 2111 1365 aren:

2239 1313 2403 1385 ρεάςς
2436 1313 2599 1367 πόθεν
2620 1309 2714 1367 οὖν
2740 1311 2947 1385 ἠξιώθη
2981 1313 3189 1368 τούτων
3214 1313 3346 1379 ἱἚκ
3364 1311 3533 1382 μόνης
3566 1313 3784 1377 πίστεως·

544 1418 715 1471 maris
746 1413 1211 1485 multiplicaretur
1247 1427 1261 1464 :
1295 1416 1562 1480 praetcrea
1586 1414 1649 1461 ut
1677 1406 1733 1459 in
1772 1403 1987 1459 semine
2010 1402 2115 1472 eju:

2242 1427 2262 1460 s
2301 1408 2621 1462 Ἑπίστευσε
2667 1408 2799 1478 γὰρ,
2852 1410 3021 1478 φησιν
3068 1408 3101 1478 ἠ
3162 1406 3383 1476 Γραφὴ,
3434 1404 3677 1476 Ἀϐραὰμ
3725 1407 3786 1479 τῷ

549 1523 746 1562 omnes
778 1513 971 1576 gentes
1004 1501 1474 1557 benedicerentur
1506 1513 1519 1550 :
1555 1497 1621 1552 ad
1646 1497 1761 1551 haec
1787 1503 1848 1549 ut
1877 1493 2120 1549 Christus

2236 1500 2379 1570 Θεῷ,
2430 1501 2523 1554 καὶ
2570 1499 2823 1571 ἐλογίσθη
2881 1499 3033 1570 αὗτῷ
3084 1501 3162 1562 είς
3201 1497 3575 1568 δικαιοσύνην.
3605 1517 3623 1549 ι
3658 1500 3786 1569 Ἔῃξ-

551 1601 670 1672 ipse
721 1595 1040 1653 communis
1072 1592 1329 1648 Salvator
1384 1589 1511 1645 inde
1559 1585 1937 1659 procederet?
1968 1582 2122 1639 Videt

2239 1609 2460 1657 στευσε,
2499 1594 2594 1646 καὶ
2644 1590 2939 1663 ἐδικαιώθη
2985 1592 3135 1663 παρὰ
3185 1591 3344 1655 Θεοῦ,
3407 1589 3666 1644 τοσούτων
3714 1594 3790 1644 καὶ

542 1691 691 1763 quod
738 1689 878 1744 nihil
921 1687 1153 1743 omnino
1196 1685 1419 1744 habeat,
1462 1698 1531 1738 ne
1556 1680 1847 1752 vestigium
1909 1676 2113 1748 quiden

2235 1684 2573 1754 τηλικούτων
2597 1687 2804 1756 τυχεῖν.
2846 1684 2911 1737 Ὢ
2967 1684 3232 1749 πίστεως,
3266 1684 3455 1737 πᾶσαν
3489 1684 3674 1754 πρᾶξιν
3713 1684 3788 1754 τὴν

543 1796 775 1854 operum
807 1780 874 1835 ad
901 1776 1219 1851 hujusmodi
1246 1774 1513 1830 beneﬁcia
1546 1787 1719 1842 quaen
1753 1771 1867 1825 Deo
1896 1767 2107 1838 recepit

2238 1777 2298 1829 ἐν
2367 1776 2517 1847 νόμῳ
2581 1775 2849 1846 δευτέραν
2900 1775 3198 1845 ποιοῦσηςί
3261 1774 3519 1845 Ἔκείνην
3576 1776 3791 1844 πράττω

542 1874 704 1957 Unde
753 1888 887 1943 ergo
932 1870 1021 1925 his
1050 1869 1254 1938 dignus
1312 1865 1536 1919 habitus
1575 1863 1703 1918 est?
1734 1859 1811 1915 Ex
1847 1860 1964 1915 sola
2012 1857 2113 1913 ﬁde

2262 1869 2534 1940 Ἀϐραὰμ,
2564 1864 2677 1941 εἶχε
2724 1887 2776 1924 τι
2818 1867 3012 1939 μικρὸν
3049 1867 3337 1939 καύχημα,
3369 1867 3506 1923 ἀλλὰ
3542 1868 3667 1939 πρὸς
3689 1870 3789 1933 τοὶς

550 1986 569 2019 ι
615 1952 868 2022 Credidit
923 1961 1072 2018 enim
1106 1958 1390 2013 Abraham
1441 1956 1577 2013 Deo.
1615 1953 1693 2008 ait
1737 1952 2047 2021 Scriptura,
2079 1958 2121 2002 el

2246 1962 2353 2015 ὑπὸ
2377 1962 2471 2015 τὸν
2505 1962 2656 2031 αὐτῷ
2688 1961 2979 2025 τελοῦντας
3019 1962 3205 2032 νόμον.
3245 1961 3360 2033 Τὴν
3394 1961 3578 2013 πίστιν
3613 1960 3662 2013 δὲ
3686 1978 3789 2030 προ-

544 2061 879 2130 imputatum
908 2065 995 2111 est
1016 2054 1152 2110 eiad
1183 2052 1480 2123 justitiam.
1517 2067 1535 2100 ι
1564 2045 1841 2111 Credidit,
1873 2052 1931 2101 et
1961 2059 1995 2098 a
2022 2043 2115 2099 Det

2241 2055 2599 2123 ϐαλλόμενος,
2627 2054 2692 2107 ἀθ
2705 2054 2823 2125 ρόον
2874 2055 3059 2125 πατὴρ
3091 2054 3311 2122 ἐγένετο
3337 2055 3573 2120 πάντων,
3597 2054 3679 2107 καὶ
3705 2055 3787 2106 τῶν

538 2150 880 2223 justiticatus
903 2156 1009 2210 est,
1045 2154 1107 2201 ut
1132 2154 1286 2200 tanta
1316 2159 1381 2199 ac
1415 2141 1546 2198 talia
1573 2149 2035 2211 consequeretur.
2090 2136 2109 2193 (

2244 2146 2460 2217 μυρίων
2512 2144 2745 2198 ἐκείνων
2798 2145 3022 2213 ἀγαθῶν
3068 2143 3365 2215 ἐδικαιώθη
3396 2145 3690 2199 ἀπολαύειν.
3721 2145 3788 2208 Ὦς

545 2243 737 2307 ﬁdem,
768 2258 892 2313 quae
919 2255 1085 2295 omne
1118 2239 1257 2310 legis
1290 2252 1433 2308 opus
1476 2246 1605 2309 post
1627 2252 1689 2292 se
1716 2233 2003 2304 relinquit,
2043 2246 2113 2287 eo

2240 2236 2301 2289 ἐν
2336 2236 2679 2307 πορίσματος
2702 2236 2757 2289 δὲ
2786 2239 2951 2309 μοίρᾳ
2981 2237 3237 2307 εἴληπται
3288 2239 3386 2291 καὶ
3431 2236 3582 2302 λύσις
3621 2238 3678 2290 ἐκ
3704 2235 3787 2289 τῶν

543 2353 652 2408 que
700 2336 854 2407 prior
898 2338 1015 2390 est!
1050 2335 1186 2388 Cum
1240 2331 1375 2386 illud
1435 2340 1770 2400 operaretur
1821 2327 2103 2383 Abraham

2241 2330 2579 2399 εἰρημένων.
2605 2326 2727 2391 Πῶς
2756 2322 2913 2391 οὗτος
2941 2329 3038 2400 μὲν
3064 2332 3128 2383 ἐκ
3155 2331 3398 2394 πίστεως
3437 2330 3581 2400 λέγει
3608 2331 3788 2385 δικαιω·

543 2431 772 2498 paulum
795 2427 1058 2499 quiddam
1084 2426 1292 2480 habere
1328 2424 1503 2493 potuit
1534 2421 1907 2492 gloriationis,
1941 2433 2114 2475 verun

2242 2420 2403 2488 θῆναι
2448 2419 2540 2471 τὸν
2571 2417 2850 2489 Ἀϐραὰμ,
2883 2419 2910 2471 δ
2939 2418 2999 2472 δὲ
3030 2418 3172 2482 θεῖος
3203 2419 3469 2482 Ἰάκωϐος
3508 2418 3564 2483 ἐξ
3610 2418 3784 2491 ἕργωνς

546 2520 603 2575 id
639 2518 785 2589 apud
825 2534 923 2574 eos
956 2518 1052 2587 qui
1088 2532 1197 2571 una
1221 2531 1347 2570 eum
1386 2530 1454 2570 eo
1476 2514 1581 2569 sub
1607 2514 1727 2585 lege
1763 2522 1949 2569 erant.
2002 2510 2117 2566 Pro

2240 2509 2439 2579 λέγων,
2476 2509 2729 2582 ’Λϐραὰμ
2775 2512 2803 2563 ὁ
2848 2511 3033 2584 πατὴρ
3074 2512 3232 2582 ἡμῶν
3274 2513 3378 2568 οὒκ
3412 2512 3470 2580 ἐξ
3495 2512 3660 2584 ἔργων
3701 2512 3785 2564 ἐδι-

547 2612 716 2666 ducta
745 2623 879 2665 vero
910 2608 1040 2674 ﬁde,
1084 2614 1317 2677 repente
1351 2613 1505 2673 pater
1529 2605 1779 2659 omnium
1826 2604 2008 2658 factus
2030 2608 2115 2658 est

2243 2600 2471 2671 καιώθη,
2496 2603 2797 2670 ἀνενέγκας
2813 2603 3002 2657 Ἰσαὰκ
3016 2604 3107 2657 τὸν
3126 2604 3248 2658 υἱὸν
3265 2604 3458 2671 αὑτοῦ,
3476 2605 3567 2658 καὶ
3588 2605 3650 2658 τὰ
3664 2601 3781 2671 ἑξῆς.

542 2704 839 2775 justusque
855 2700 1082 2756 habitus
1107 2697 1201 2769 qui
1225 2697 1487 2753 omnibus
1516 2697 1627 2752 illis
1646 2696 1809 2752 bonis
1834 2694 2113 2750 frueretur

2250 2713 2270 2744 ι
2294 2693 2454 2746 Κατὰ
2482 2693 2679 2763 σάρκα.
2707 2714 2725 2744 ι
2760 2694 2961 2759 Καλῶς
3017 2696 3467 2765 πρδς’1ο,δαίους
3495 2697 3570 2764 τὸ,
3613 2717 3629 2749 ι
3657 2698 3782 2750 Κατᾶ

544 2798 714 2865 Quasi
733 2806 915 2853 autem
942 2796 998 2850 in
1025 2793 1304 2851 eorollarii
1337 2793 1604 2864 particula
1635 2800 1853 2863 sumpta
1875 2800 1960 2846 est
1978 2791 2115 2845 btesi

2248 2786 2453 2857 σάρκα.
2481 2806 2498 2837 ι
2526 2788 2687 2840 Κατὰ
2716 2786 2900 2840 πίστιν
2933 2789 3043 2858 γὰρ
3076 2791 3169 2842 καὶ
3227 2790 3724 2860 ἐπαγγελίανήμεῖς
3746 2790 3781 2842 οἱ

548 2895 685 2948 tatio
717 2909 731 2945 :
761 2899 819 2945 et
844 2890 1047 2945 solutio
1068 2897 1218 2959 patet
1235 2903 1303 2944 ex
1318 2887 1406 2943 his
1426 2901 1550 2957 quas
1567 2885 1713 2941 dicta
1732 2896 1881 2940 sunt.
1897 2883 2113 2950 Quomo

2242 2882 2426 2932 πιστοί
2461 2879 2633 2933 τέκνα
2682 2878 2851 2949 ἐσμὲν
2884 2879 2981 2934 τοῦ
3035 2882 3309 2954 Ἀϐραὰμ,
3356 2883 3538 2947 καθὼς
3579 2883 3781 2955 quasi;

544 2985 614 3039 do
636 2985 726 3039 hic
741 2981 966 3055 quidem
986 2995 1053 3037 ex
1065 2980 1173 3036 ﬁde
1184 2979 1261 3035 ait
1272 2976 2110 3052 justiﬁcaturalfuisseAbraham

2242 2986 2397 3039 φησι·
2425 2972 2528 3024 «Οὐ
2547 2972 2618 3025 τὰ
2636 2972 2803 3026 τέκνα
2824 2972 2920 3043 τῆς
2933 2974 3158 3045 σαρκὸς,
3176 2974 3355 3029 ταῦτα
3367 2976 3536 3029 τέκνα
3552 2974 3637 3028 τοῦ
3656 2973 3780 3039 Θεοῦ,

547 3077 713 3132 ὁινιιε
750 3086 936 3131 autem
970 3072 1211 3129 Jacobus
1245 3088 1313 3127 ex
1358 3070 1648 3142 operibus,
1682 3069 1876 3124 dicens
1909 3086 1925 3123 :
1959 3068 2118 3123 Abra-

2241 3063 2379 3116 ἁλλά
2435 3062 2500 3116 τὰ
2552 3067 2720 3117 τέκνα
2788 3064 2890 3134 τῆς
2966 3065 3326 3134 ἐπαγγελίας,
3404 3066 3661 3136 λογίζεται
3720 3070 3781 3130 είς

548 3170 677 3225 ham
710 3177 868 3239 pater
888 3175 1079 3222 noster
1096 3178 1281 3220 nonne
1303 3179 1372 3220 ex
1405 3162 1675 3234 operibus
1692 3160 2030 3232 justiﬁeatus
2053 3173 2119 3214 es

2246 3157 2489 3229 σπέρμα.
2514 3176 2533 3208 ι
2559 3184 2625 3196 --
2653 3155 2986 3230 [ΘΕΟΔΩΡ.]
3012 3158 3197 3220 Ποίαν,
3234 3159 3392 3229 φησὶ,
3449 3159 3552 3231 πρὸ
3603 3157 3684 3212 τοῦ
3719 3177 3785 3211 πι-

546 3262 733 3317 oblato
762 3260 914 3316 Isaac
959 3258 1074 3314 ﬁlio
1113 3256 1377 3315 suo?etc.
1417 3275 1437 3309 ι
1467 3255 1787 3313 Secundum
1823 3269 2068 3310 carnem.
2108 3271 2117 3306 ι

2245 3248 2470 3304 στεῦσαι
2538 3248 2659 3320 Θεῷ
2692 3250 2784 3303 τὸν
2833 3249 3086 3322 Ἀϐραὰμ
3151 3249 3504 3320 δικαιοσύνην
3545 3249 3691 3304 αὑτοῦ
3734 3248 3785 3302 δι’

546 3354 695 3409 Bene
725 3352 932 3409 Iudaeis
979 3351 1205 3417 dicitur,
1238 3370 1258 3403 ι
1296 3348 1619 3405 Secundum
1655 3361 1904 3403 carnem.
1943 3365 1963 3400 ι
1997 3345 2117 3401 Nan

2245 3346 2425 3418 ἔργων
2445 3346 2821 3417 γεγενημένην
2838 3346 3183 3419 ἡκούσαμεν;
3211 3346 3356 3402 κατὰ
3383 3347 3557 3418 σάρκα
3577 3347 3691 3418 γὰρ,
3712 3348 3785 3414 τὴν

544 3446 853 3501 secundum
911 3441 1076 3497 ﬁdem
1132 3457 1196 3496 ac
1234 3441 1662 3512 promissionem
1701 3453 1804 3493 nos
1847 3438 2115 3493 credente:

2246 3438 2306 3491 ἐν
2349 3436 2529 3508 ἔργοις
2573 3435 2745 3506 λέγει,
2782 3435 2971 3508 ἐπειδὴ
3009 3435 3098 3491 διὰ
3131 3438 3233 3509 τῆς
3268 3438 3477 3509 σαρκὸς
3508 3435 3785 3506 ἐκτελοῦμεν

546 3552 740 3592 sumus
763 3535 861 3590 ﬁlii
897 3533 1371 3603 Abraham,juxta
1409 3531 1463 3586 id
1494 3532 1645 3601 quod
1668 3531 1838 3586 habet
1875 3530 2129 3599 Seriptu-
2245 3528 2313 3582 τὰ
2361 3529 2523 3600 ἔργα.

550 3651 610 3690 ra
646 3652 660 3688 :
703 3652 722 3685 ι
759 3633 883 3688 Non
936 3630 1030 3701 qui
1065 3629 1162 3683 ﬁlii
1208 3627 1394 3683 carnis
1434 3627 1493 3682 hi
1542 3635 1673 3682 sunt
1765 3627 1866 3681 ﬁlii
1946 3626 2067 3689 Dei,
2094 3626 2191 3681 sed
2220 3624 2315 3679 ﬁlii
2350 3624 2735 3696 promissionis
2766 3624 3176 3697 reputabuntur
3200 3626 3255 3681 in
3292 3642 3485 3683 semen
3524 3628 3586 3682 “.
3619 3646 3636 3680 ι
3675 3624 3787 3692 Qua-
3900 3676 3901 3681 η

550 3733 684 3793 lem,
742 3729 945 3799 inquit,
996 3725 1326 3798 priusquam
1390 3725 1504 3780 Deo
1573 3724 1832 3780 crederet
1887 3722 2189 3787 Abraham,
2212 3721 2485 3793 justitiam
2513 3723 2655 3794 ejus.
2696 3739 2796 3794 per
2830 3738 3001 3794 opera
3053 3723 3254 3778 laetam
3317 3724 3643 3781 audivimus.
3680 3721 3785 3777 Nam

552 3826 861 3884 secundum
893 3840 1120 3880 carnem
1149 3823 1287 3879 dicit
1315 3837 1437 3878 eam
1470 3836 1594 3894 qua
1660 3820 1717 3877 in
1743 3821 2012 3893 operibus
2070 3830 2211 3887 erat,
2252 3819 2700 3892 quandoquidem
2736 3806 2837 3891 per
2861 3835 3083 3875 carnem
3120 3819 3444 3891 perﬁcimus
3469 3836 3645 3892 opera.

626 3921 716 3985 IV,
750 3920 869 3974 2-8.
911 3919 1050 3974 Nam
1085 3920 1132 3974 si
1159 3919 1429 3975 Abraham
1465 3935 1529 3974 ea:
1552 3919 1794 3990 operibus
1811 3917 2142 3990 justiﬁcatus

2322 3920 2388 3972 El
2424 3918 2534 3987 γὰρ
2574 3918 2824 3988 Ἀϐραὰμ
2850 3918 2921 3983 ἐξ
2951 3919 3142 3987 ἔργων
3164 3918 3504 3986 ἐδικαιώθη,
3523 3920 3640 3988 ἔχει
3671 3917 3785 3969 καύ-

552 4023 649 4081 est,
686 4013 839 4069 habet
869 4013 1010 4084 quod
1047 4012 1324 4084 glorietur,
1362 4022 1418 4068 at
1455 4028 1561 4067 non
1604 4011 1749 4083 apud
1783 4010 1971 4065 Deum.
2003 4006 2123 4077 Quit

2247 4027 2433 4081 χημα,
2473 4009 2612 4064 ἀλλ’
2640 4011 2712 4063 οὐ
2746 4010 2895 4080 πρὸς
2926 4010 3035 4064 τὸν
3078 4011 3243 4065 Θεόν.
3302 4012 3368 4065 Τί
3394 4013 3505 4083 γὰρ
3551 4011 3587 4079 ἠ
3615 4009 3783 4078 Γραφῇ

550 4110 692 4163 enim
721 4107 845 4161 dicit
864 4103 1188 4175 Scriptura?
1215 4102 1451 4160 Credidit
1478 4105 1753 4160 Abraham
1790 4103 1924 4170 Deo,
1950 4112 1998 4158 et
2038 4105 2121 4158 im«

2329 4120 2410 4173 ret
2427 4120 2449 4169 ;
2497 4101 2862 4178 Ἑπίστευφ
2891 4101 2959 4156 δὲ
3001 4103 3258 4174 Ἀϐραὰμ
3287 4105 3370 4170 τῷ
3404 4104 3543 4171 Θεῷ,
3573 4103 3658 4157 καί
3681 4103 3786 4156 ἐλο-

551 4209 801 4273 putatum
845 4205 920 4252 est
963 4196 1047 4250 illi
1074 4196 1147 4251 ad
1172 4196 1466 4266 justitiam.
1497 4195 1566 4249 Ei
1591 4212 1711 4249 vero
1740 4196 1831 4265 qui
1865 4203 2118 4264 operatur

2247 4200 2428 4266 τίσθη
2459 4194 2620 4263 αὐτῷ
2651 4200 2737 4263 είς
2774 4196 3192 4268 δικαιοσύνην.
3244 4194 3329 4268 Τῷ
3367 4199 3437 4254 δὲ
3471 4195 3786 4270 ἐργαζομένῳ

551 4304 746 4343 merces
787 4303 891 4341 non
916 4286 1214 4355 imputatur
1237 4285 1525 4337 secundum
1548 4287 1803 4355 gratiam,
1831 4285 1924 4338 sed
1950 4300 2122 4338 secun-

2249 4291 2283 4343 ό
2310 4288 2530 4359 μισθύς
2554 4291 2626 4344 οὺ
2657 4289 2952 4359 λογίζεται
2982 4291 3131 4346 κατὰ
3166 4291 3365 4361 χάριν,
3392 4295 3553 4350 ἀλλὰ
3580 4289 3710 4346 κατὰ
3737 4288 3784 4342 τὸ

552 4380 678 4434 dum
706 4380 960 4434 debitum.
988 4377 1058 4432 Ei
1082 4386 1262 4430 autem
1293 4377 1383 4446 qui
1413 4390 1518 4428 non
1553 4385 1829 4445 aperatur,
1852 4377 1945 4431 sed
1979 4376 2123 4431 credi

2248 4381 2567 4450 ὀφείλημα.
2602 4380 2685 4445 Τῷ
2713 4380 2782 4435 δὲ
2820 4381 2908 4451 μὴ
2957 4383 3345 4452 ἐργαζομένῳ,
3382 4384 3711 4439 πιστεύοντι
3734 4378 3786 4432 δὲ

555 4473 613 4525 in
656 4486 776 4524 eum
831 4471 920 4538 qui
944 4468 1211 4539 justiﬁcat
1253 4467 1499 4537 impium,
1532 4466 1664 4537 ﬁdes
1703 4468 1816 4538 ejus
1847 4468 2126 4539 imputata:

2247 4474 2344 4527 ἐπὶ
2399 4474 2507 4526 τὸν
2537 4474 2888 4529 δικαιοῦντα
2937 4474 3043 4530 τὸν
3075 4475 3293 4545 ἀσεϐῆ,
3320 4477 3607 4547 λογίζεται
3634 4476 3667 4541 ἠ
3706 4471 3784 4526 xl-

553 4563 624 4616 ad
643 4559 937 4632 justitiam.
964 4557 1131 4630 248
1154 4554 1613 4622 Quemadmodum
1644 4568 1693 4613 et
1723 4558 1897 4614 David
1932 4561 2124 4630 beatiﬁ-

2248 4582 2383 4631 στις
2421 4565 2609 4620 αὐτοῦ
2645 4570 2732 4631 είς
2761 4565 3180 4636 δικαιοσύνην.
3209 4568 3491 4638 Καθάπερ
3522 4568 3613 4621 καὶ
3642 4560 3784 4619 durib

554 4653 818 4706 cntionem
857 4649 1082 4703 hominis
1120 4649 1267 4715 dicit,
1302 4650 1386 4703 cui
1429 4648 1568 4704 Deus
1604 4652 1837 4723 imputat
1866 4653 2125 4723 justitiam

2245 4655 2409 4725 λέγει
2444 4656 2552 4710 τὸν
2595 4658 2980 4728 μακαρισμὸν
3010 4661 3116 4714 τοῦ
3160 4660 3501 4730 ἀνθρώπου,
3532 4655 3577 4728 ᾧ
3611 4661 3641 4714 ὁ
3671 4654 3783 4718 Θεὸς

555 4746 752 4814 absque
780 4742 1023 4814 operibus
1056 4741 1255 4796 :Beati
1285 4758 1511 4814 quorum
1546 4745 1780 4799 remissa:
1798 4754 1920 4799 sunt
1945 4747 2126 4816 iniqui-

2211 4746 2541 4817 μλογίζεται
2584 4747 2989 4817 δικαιοσύνην
3035 4752 3217 4821 χωρίς
3275 4752 3487 4820 ἔργων.
3539 4747 3782 4815 Μακάριοι

558 4845 713 4902 tates,
748 4845 798 4889 et
840 4850 1066 4907 quorum
1098 4843 1399 4889 tecta.sunt
1441 4845 1681 4907 peccata.
1717 4835 1916 4892 Beatus
1954 4839 2034 4892 vir
2066 4854 2126 4893 cu

2247 4836 2334 4897 ὧν
2365 4841 2687 4912 ἀφέθησαν
2735 4845 2797 4899 ai
2846 4845 3107 4916 ἀνομίαι,
3151 4846 3249 4900 καὶ
3285 4842 3373 4902 ὧν
3408 4842 3782 4911 ἐπεκαλύφθη·

558 4945 665 4983 ηοη
694 4929 1030 5000 imputaverit
1064 4926 1323 4984 Dominus
1356 4937 1647 4999 peccatum.

2248 4950 2375 4990 σαν
2415 4937 2476 4990 αι
2506 4934 2805 5004 ἁμαρτίαι.
2841 4936 3145 5008 Μακάριος
3172 4938 3329 5011 ἀνὴρ
3363 4933 3413 5009 ᾧ
3452 4939 3524 4994 οὐ
3546 4935 3628 5009 μὴ
3656 4928 3784 5000 lor!-

2250 5043 2431 5096 σηται
2460 5028 2675 5099 Κύριος
2708 5028 3023 5100 ἁμαρτίαν.

636 5132 657 5166 ι
695 5110 832 5167 Nam
882 5110 929 5167 si
982 5110 1280 5167 Abraham.
1316 5131 1337 5165 ι
1398 5113 1518 5169 Duo
1572 5115 1836 5182 ostendit,
1884 5123 1941 5171 et
1993 5116 2141 5187 quod

2327 5137 2347 5171 ι
2389 5119 2452 5174 Εἰ
2482 5117 2592 5190 γὰρ
2630 5118 2907 5192 Ἀϐραάμ.
2949 5142 2969 5174 ι
3019 5123 3125 5177 Δύο
3172 5122 3470 5188 δείκνυσιν,
3527 5122 3605 5174 ὅτι
3644 5133 3695 5170 τε
3731 5113 3778 5166 ἐκ

557 5205 833 5260 Abraham
866 5219 933 5258 ex
980 5202 1087 5257 ﬁde
1118 5203 1456 5273 justiﬁcatus
1490 5206 1583 5272 sit,
1608 5215 1665 5262 et
1692 5208 1842 5278 quod
1870 5209 2044 5280 major
2070 5207 2128 5263 sit

2251 5205 2487 5269 πίστεως
2532 5206 2780 5280 Ἀϐραᾶμ
2813 5210 3130 5284 ἐδικαιώθη,
3174 5214 3267 5266 καὶ
3294 5214 3375 5266 ὅτι
3424 5209 3619 5283 μείζων
3657 5203 3775 5276 ἡδιά

550 5296 789 5370 justitia,
821 5311 944 5366 quae
980 5310 1080 5367 per
1116 5295 1279 5351 ﬁdem
1308 5306 1412 5352 est.
1441 5299 1532 5353 Ait
1563 5315 1694 5371 ergo
1721 5318 1735 5354 :
1766 5301 1823 5356 Si
1862 5317 1929 5356 ex
1960 5301 2114 5371 aperi

2250 5300 2492 5365 πίστεως
2519 5299 2863 5376 δικαιοσύνη.
2904 5305 3016 5360 Καί
3059 5322 3257 5377 φησιν’
3307 5307 3370 5360 ΕΞ
3420 5306 3480 5370 ἐξ
3508 5304 3667 5375 ἔργων
3703 5295 3774 5350 καὶ

556 5389 664 5444 bus
695 5388 974 5457 rectisque
997 5387 1667 5460 actionibusjustiﬁcatus
1688 5402 1793 5458 est,
1823 5393 1989 5450 habet
2018 5395 2127 5465 qui-

2251 5392 2698 5463 κατορθωμὰτων
2739 5395 2998 5468 Ἀϐραὰμ
3041 5398 3356 5469 ἐδικαιώθη,
3391 5399 3503 5469 ἔχει
3552 5394 3639 5465 μὲν
3670 5387 3775 5443 καύ-

556 5482 684 5537 dem
737 5480 886 5550 quod
929 5479 1247 5551 glorietur:
1280 5490 1339 5536 at
1378 5496 1487 5537 non
1534 5483 1679 5553 apud
1727 5486 1920 5551 Deum,
1951 5487 2048 5542 sed
2084 5486 2127 5540 in

2249 5503 2425 5556 χημαο
2474 5487 2590 5542 ἀλλ’
2620 5488 2681 5542 οὐ
2728 5490 2864 5561 πρὸς
2916 5491 3009 5545 τὸν
3050 5491 3203 5557 Θεὸν,
3253 5492 3369 5547 ἀλλ’
3413 5493 3499 5561 ἐφ’
3543 5480 3774 5554 exurat»;

556 5578 763 5649 seipso,
796 5586 857 5632 ut
886 5576 981 5646 qui
1012 5575 1155 5631 bene
1188 5587 1449 5646 operatus
1480 5578 1553 5633 sit
1585 5596 1599 5632 :
1632 5579 1728 5650 qui
1763 5596 1892 5636 vero
1919 5598 1984 5637 ex
2033 5581 2127 5638 ﬁde

2249 5578 2663 5649 κατωρθωκότι.
2730 5581 2789 5635 '0
2840 5583 2897 5636 δὲ
2931 5583 2997 5638 ἐκ
3044 5584 3285 5650 πίστεως
3326 5586 3535 5648 σωθεὶς.
3580 5579 3686 5633 ἐπεὶ
3715 5572 3771 5644 μὴ

549 5673 887 5745 justiﬁeatus
921 5680 1026 5736 est,
1057 5669 1186 5739 quia
1220 5686 1332 5726 non
1360 5680 1540 5744 potest
1569 5673 1712 5744 apud
1745 5674 1988 5744 seipsum
2019 5674 2120 5745 glo-

2249 5672 2363 5744 ἔχει
2399 5676 2481 5738 είς
2510 5675 2705 5730 ἑαυτδν
2735 5676 3141 5748 καυχήσασθαι,
3162 5679 3317 5735 οὐδὲν
3336 5681 3443 5749 γὰρ
3473 5677 3622 5750 ἔργον
3640 5670 3772 5738 αρα-

555 5762 710 5827 riari,
745 5762 956 5817 nullum
1005 5759 1155 5816 enim
1197 5776 1338 5833 opus
1368 5774 1629 5836 operatus
1658 5773 1762 5833 est,
1792 5763 1937 5837 apud
1968 5763 2126 5821 Deun

2252 5765 2361 5831 ξεν,
2397 5767 2479 5832 εἰς
2509 5767 2601 5822 τὸν
2647 5767 2780 5823 Θεὸν
2813 5772 3104 5842 καυχᾶται.
3156 5771 3359 5838 Μεῖζον
3392 5773 3444 5826 δὲ
3482 5770 3539 5824 τὸ
3568 5768 3638 5829 είς
3671 5757 3772 5815 Θεὸν

631 5874 679 5908 ³⁸
735 5876 896 5933 Rom.
935 5893 1008 5944 ix,
1043 5893 1164 5936 γιιι·
