3978 6542
499 435 608 499 3C5

1554 427 1951 490 (ECUMENII
1992 424 2282 485 TRlCCJﬁ
2321 425 2664 486 EPISCUPI
3296 404 3301 411 ’
3651 431 3743 496 396

500 554 606 613 est,
633 542 787 599 venit
831 541 887 597 in
922 537 1401 595 circumcisionem
1443 553 1513 594 an
1558 537 1726 594 etiam
1771 536 1826 591 in
1866 551 2084 609 praepu-

2192 533 2345 604 σμὸς,
2375 535 2469 588 ἐπὶ
2497 534 2596 606 τὴν
2627 537 2923 607 περιτομὴν
2951 533 3130 609 ἦλθεν,
3168 538 3199 610 ἢ
3235 557 3327 593 και
3358 541 3449 593 ἐπὶ
3475 541 3571 612 τὴν
3594 544 3745 615 ἀκρο-

503 634 682 693 tium?
704 633 986 706 magisque
1013 631 1256 687 ostendit
1285 630 1430 701 quod
1463 631 1518 685 in
1547 630 1882 702 praeputium
1914 642 2083 684 vene-

506 730 578 784 rit
626 742 690 785 ac
727 728 909 783 locum
955 723 1232 791 habuerit,
1264 738 1331 778 eo
1362 722 1507 794 quod
1551 722 1829 777 Abraham
1868 735 1993 776 cum
2027 720 2085 775 in

505 819 776 893 praeputio
816 827 983 881 esset,
1031 815 1216 873 salvus
1268 815 1445 872 factus
1489 815 1562 873 sit
1622 822 1679 870 et
1725 813 2082 886 iustiﬁcatus.

511 933 528 965 ι
572 909 858 983 Quomodo
880 924 1009 980 ergo
1032 908 1300 978 imputata
1338 905 1459 961 est?
1495 925 1515 959 ι
1556 905 1765 962 Deinde
1796 903 2087 961 conﬁrmat

505 1004 653 1076 quod
688 1004 744 1059 in
772 1001 1102 1073 praeputium
1148 999 1321 1071 magis
1349 998 1532 1054 locum
1562 997 1842 1064 habuerit,
1874 1005 1931 1053 et
1960 995 2037 1051 ait
2067 1011 2083 1050 :

511 1114 530 1147 ι
571 1092 807 1151 Abrahae
832 1092 1101 1165 imputata
1128 1097 1214 1146 est
1232 1088 1448 1162 iustitia
1478 1105 1577 1160 per
1606 1088 1790 1145 iidem.
1824 1106 1843 1140 ι
1886 1086 2087 1144 Videa-

508 1203 631 1244 mus
674 1187 862 1258 itaque
904 1195 1090 1240 utrum
1124 1182 1358 1238 Abrahae
1401 1197 1527 1238 cum
1564 1183 1676 1254 iam
1725 1180 2089 1238 circumcisus

505 1290 672 1347 esset,
716 1278 1031 1352 huiusmodi
1068 1278 1283 1350 iustitia
1334 1276 1600 1347 imputata
1646 1275 1737 1342 sit,
1785 1290 1855 1329 an
1905 1273 2089 1328 adhuc

506 1372 856 1451 prazputiato.
899 1371 968 1426 Et
1012 1370 1384 1432 manifestum,
1431 1367 1631 1439 inquit,
1676 1366 1823 1437 quod
1868 1381 2089 1437 praepu-

508 1469 664 1523 tiato.
698 1466 867 1535 Vides
899 1481 1033 1537 ergo
1059 1464 1209 1537 quod
1239 1463 1415 1536 magis
1442 1463 1499 1519 in
1527 1462 1857 1536 praeputium
1885 1462 2090 1518 habeat

505 1563 689 1617 locum
706 1561 737 1635 ί,
769 1580 787 1613 ‹
830 1559 937 1615 Sed
998 1558 1289 1629 praeputio.
1328 1576 1347 1609 ι
1402 1556 1459 1610 Si
1506 1570 1637 1628 ergo
1678 1570 1802 1611 cum
1844 1562 1991 1610 esset
2032 1554 2090 1610 in

509 1652 779 1725 praaputio
814 1651 1149 1726 iustificatus
1197 1658 1302 1717 est,
1352 1648 1517 1720 250
1556 1657 1706 1704 certe
1752 1646 2095 1704 beatiﬁcatio

508 1761 632 1815 qua:
665 1761 695 1800 a
723 1742 893 1800 David
927 1742 1072 1798 dicta
1102 1750 1207 1805 est,
1245 1740 1421 1813 magis
1448 1740 1631 1796 locum
1659 1740 1827 1795 habet
1862 1738 1917 1794 in
1949 1753 2090 1809 pra:-

510 1837 727 1909 putium
775 1851 939 1907 quam
989 1834 1045 1889 in
1082 1833 1583 1889 circumcisioncm.
1628 1829 1990 1887 Circumcisio
2019 1826 2090 1885 ob

510 1927 612 1981 has
656 1935 769 1981 tres
802 1939 996 1979 causas
1025 1921 1151 1977 data
1192 1931 1297 1987 est,
1327 1929 1385 1976 ut
1415 1920 1542 1976 ﬁdei
1581 1919 1798 1992 signum
1836 1928 2002 1985 esset,
2030 1927 2092 1975 ut

508 2016 741 2072 Abrahae
781 2031 953 2088 genus
1005 2000 1405 2078 manifestaret,
1458 2012 1792 2083 demumque
1836 2019 1897 2066 ut
1945 2018 2094 2069 esset

511 2117 640 2165 nota
688 2123 751 2163 ac
803 2106 1110 2162 involutum
1166 2104 1434 2161 indicium
1484 2120 1635 2176 pura:
1675 2111 1732 2160 et
1775 2113 2092 2175 temperatas

511 2198 973 2255 conversationis.
1022 2197 1155 2253 Data
1196 2196 1365 2252 etiam
1417 2204 1502 2251 est
1558 2210 1669 2250 non
1713 2204 1776 2251 ut
1815 2195 2090 2266 justitiam

511 2301 858 2363 operaretur,
884 2289 981 2346 sed
1012 2299 1074 2345 ut
1096 2286 1336 2362 sigillum
1364 2297 1513 2346 esset
1532 2303 1599 2345 ac
1626 2288 1844 2360 signum
1860 2285 2092 2358 iustitiae

508 2400 630 2455 qua:
656 2393 743 2441 est
770 2399 871 2455 per
905 2381 1092 2437 ﬁdem.
1980 2394 1987 2403 λ

582 2530 674 2597 1V,
719 2530 808 2595 Η,
851 2527 938 2582 12.
1000 2527 1073 2582 Et
1130 2529 1342 2599 signum
1399 2527 1598 2599 accepit
1658 2525 2089 2592 simumcisiouis,

508 2618 843 2693 signaculum
885 2618 1114 2689 justitia
1150 2617 1278 2686 ﬁdei
1320 2632 1439 2688 qua:
1474 2616 1651 2687 fuerat
1687 2616 1743 2670 in
1780 2616 2040 2687 praeputio
2072 2630 2092 2670 :

511 2721 570 2767 ut
606 2718 742 2767 esset
778 2712 889 2781 ipse
935 2719 1092 2780 pater
1129 2709 1369 2763 omnium
1394 2708 1728 2764 credentium
1756 2722 1849 2780 per
1876 2724 2090 2780 prwpu-

513 2806 668 2869 tium,
699 2812 756 2857 ut
787 2804 1079 2874 imputetur
1104 2809 1153 2856 et
1181 2800 1290 2856 illis
1309 2801 1525 2872 justitia
1557 2816 1577 2855 :
1610 2810 1659 2855 et
1684 2808 1840 2871 pater
1861 2800 2091 2856 circum-

510 2897 743 2964 cisionis,
771 2896 852 2951 his
877 2896 968 2967 qui
995 2911 1099 2950 non
1127 2893 1299 2949 solum
1330 2907 1396 2949 ex
1416 2892 1809 2963 circumcisione
1830 2902 1974 2961 sunt,
2000 2895 2092 2949 sed

512 2988 676 3043 etiam
714 2988 794 3043 his
831 2988 923 3060 qui
958 2986 1205 3041 incedunt
1243 3001 1338 3057 per
1364 2984 1584 3056 vestigia
1610 2985 1735 3055 ﬁdei
1764 3002 1882 3057 qur:
1907 2986 2008 3057 fuit
2032 2988 2090 3043 in

514 3081 770 3153 praeputio
801 3080 973 3152 patris
996 3079 1164 3134 nostri
1186 3077 1480 3134 Abraham.
2042 3074 2047 3079 ’

577 3301 961 3375 Obiectionem
1003 3295 1182 3355 solvit’
1206 3313 1328 3370 quae
1380 3312 1502 3355 sese
1534 3296 1738 3355 oﬂ‘erre
1776 3298 2093 3358 videbatur.

416 3394 423 3397 “
512 3393 818 3451 Τοιιιαοτεε
850 3402 935 3449 est
979 3390 1353 3456 circumcisio,
1386 3390 1535 3447 dicet
1559 3391 1854 3463 quispiam,
1887 3401 1948 3448 ut
1974 3393 2093 3452 sine

512 3485 617 3539 hac
638 3500 747 3539 non
777 3484 1059 3555 contingat
1076 3480 1370 3556 iustiﬁcari
1402 3500 1416 3537 :
1440 3498 1566 3538 nam
1591 3493 1647 3538 et
1670 3484 1772 3555 ipsi
1794 3483 2093 3555 Abraham,

511 3577 630 3649 qui,
661 3585 725 3631 ut
764 3577 867 3642 ais,
902 3577 958 3630 in
996 3574 1265 3646 praeputio
1292 3572 1399 3629 fuit
1420 3574 1775 3647 iustiﬁcatus,
1806 3592 1946 3647 opus
1977 3586 2096 3633 erat
2130 3616 2147 3627 κ

511 3665 956 3722 etrcumcisione.
982 3665 1051 3719 Et
1083 3664 1217 3720 dicit
1250 3680 1265 3720 :
1302 3664 1425 3721 Non
1454 3665 1526 3720 ob
1553 3665 1702 3721 aliud
1733 3666 2095 3725 circumcisus

510 3770 618 3827 est,
662 3772 827 3830 quam
880 3766 941 3813 ut
985 3757 1463 3813 circumcisionem
1498 3758 1741 3816 deferret
1780 3759 1837 3815 in
1878 3761 2093 3834 signum

512 3866 577 3907 ac
634 3850 1161 3906 demonstrationem
1218 3849 1485 3921 iustitiae,
1533 3866 1655 3921 quas
1709 3852 1768 3907 in
1823 3852 2095 3924 praeputio

512 3942 819 4012 contigerat
853 3958 868 3998 ε
903 3942 1049 4013 quod
1104 3942 1149 3999 si
1197 3942 1343 3998 illam
1389 3943 1673 4017 signorum
1702 3954 1798 4001 aut
1825 3946 2092 4018 signaculi

512 4048 679 4090 causa
707 4035 941 4106 accepit,
993 4034 1110 4091 haec
1140 4035 1207 4092 ad
1234 4037 1505 4108 iustitiam
1541 4036 1682 4092 nihil
1714 4038 1969 4106 contulit,
1995 4037 2093 4094 sed

515 4124 657 4179 hoco
674 4121 802 4178 mdo
834 4125 1013 4180 solum
1028 4126 1367 4199 iustiﬁcatus
1384 4144 1505 4185 esse
1523 4129 1965 4202 signiﬁcabatur:
1986 4130 2093 4185 hoc

512 4224 598 4275 est
620 4215 793 4289 quod,
813 4232 939 4274 cum
971 4221 1029 4274 in
1057 4221 1326 4291 praeputio
1350 4229 1519 4287 esset,
1536 4221 1810 4293 justitiam
1844 4221 2093 4293 accepis-

513 4320 616 4367 set.
643 4340 713 4352 --
742 4309 945 4377 Quare,
993 4311 1195 4381 inquit,
1235 4312 1474 4383 primum
1522 4311 1851 4383 imputatum
1893 4320 1976 4368 est
2014 4312 2092 4368 illi

512 4404 584 4460 ad
634 4403 925 4475 justitiam,
956 4412 1025 4474 et,
1053 4403 1126 4457 ita
1178 4403 1528 4473 postmodum
1574 4405 1936 4462 circumcisus
1976 4405 2093 4461 est?

2189 627 2443 697 ϐυστίανς
2478 630 2574 683 καὶ
2605 629 2802 700 μᾶλλον
2828 630 3116 705 δείκνυσιν,
3152 634 3242 687 ἐπὶ
3273 633 3370 705 τὴν
3395 635 3745 704 ἀκροϐυστίαν

2188 720 2353 775 αὑτὸν
2382 721 2681 794 ἐληλυθότα
2709 724 2802 777 καὶ
2833 723 3016 795 χώραν
3040 702 3263 795 ἓχοντα,
3290 702 3366 797 τῷ
3392 702 3485 780 τὸν
3520 727 3748 800 Ἀϐραὰμ

2190 813 2250 866 ἐν
2316 814 2656 887 ἀκροϐυστίᾳ
2713 814 2880 882 ὄντα,
2943 815 3187 889 σωθῆναι
3241 819 3337 872 καὶ
3384 818 3745 891 δικαιωθῆναι.

2196 923 2215 957 ι
2254 905 2377 972 Πῶς
2411 902 2507 961 οὖν
2551 908 2836 980 ἐλογίσθης
2898 927 2916 962 ι
2960 904 3096 964 Εῐτα
3124 909 3527 975 κατασκευάζει
3569 912 3628 965 τὸ
3667 914 3748 968 ἐπὶ

2189 998 2290 1071 τὴν
2336 999 2701 1072 ἀκροϐυστίαν
2751 1002 2953 1072 μᾶλλον
2999 1002 3147 1073 ἔχειν
3192 1003 3399 1076 χώραν,
3451 1004 3545 1058 καί
3591 1023 3748 1076 φησιο

2199 1108 2218 1142 ι
2258 1091 2349 1163 Τῷ
2388 1091 2641 1164 Ἀϐραὰμ
2670 1092 2924 1166 ἐλογίσθη
2967 1094 3287 1166 δικαιοσύνη
3317 1096 3408 1150 διὰ
3448 1095 3693 1160 πίστεως.
3728 1118 3746 1150 ι

2196 1182 2424 1255 Ἷδωμεν
2453 1185 2744 1257 τοιγαροῦν
2776 1188 3136 1259 έμπεριτόμῳ
3176 1189 3293 1243 δντι
3330 1188 3407 1259 τῷ
3444 1189 3686 1261 ’Δϐραὰμ
3722 1193 3750 1260 ἡ

2190 1276 2413 1348 τοιαύτη
2468 1277 2722 1349 ἐλογίσθη
2772 1278 3109 1352 δικαιοσύνη,
3162 1281 3194 1353 ἢ
3254 1279 3603 1351 ἁκροϐύστῳ.
3654 1283 3750 1337 Καὶ

2189 1368 2370 1440 δῆλον,
2404 1372 2589 1442 φησὶν,
2627 1371 2703 1435 ὡς
2728 1373 3075 1446 ἀκροϐύστῳ.
3123 1374 3293 1445 Ὀρᾲς
3336 1370 3432 1428 οὖν
3463 1375 3547 1428 ὅτι
3569 1374 3749 1445 μᾶλλον

2191 1462 2287 1517 ἐπὶ
2320 1461 2417 1534 τὴν
2441 1463 2810 1535 ἀκροϐυστίαν
2839 1465 3023 1536 χώραν
3060 1466 3214 1537 Exn;
3252 1484 3272 1518 ι
3319 1466 3466 1519 Ἀλλ’
3500 1467 3558 1519 ἐν
3603 1467 3750 1539 ἀκρο-

2191 1556 2409 1629 ϐυστίᾳ.
2461 1576 2481 1609 ι
2520 1557 2583 1611 El
2623 1553 2717 1612 οὖν
2751 1560 2810 1611 ἐν
2840 1558 3178 1630 ἀκροϐυστίᾳ
3203 1556 3278 1612 ὢν
3313 1554 3628 1627 ἐδικαιώθη,
3655 1559 3749 1627 ἄρα

2199 1649 2401 1721 μᾶλλον
2431 1651 2460 1704 ό
2488 1649 2565 1721 τῷ
2593 1651 2756 1704 Δαυῒδ
2799 1652 3090 1723 εἰρημένος
3121 1650 3497 1722 μακαρισμὸς,
3530 1650 3622 1705 ἐπὶ
3663 1653 3749 1718 τὴν

2193 1740 2560 1812 ἀκροϐυστίαν
2591 1739 2775 1813 χώραν
2809 1741 2942 1812 ἔχει,
2984 1742 3017 1812 ἢ
3062 1741 3157 1793 ἐπὶ
3197 1741 3291 1811 τὴν
3329 1741 3652 1811 περιτομήν.
3693 1740 3747 1793 Ἢ

2195 1832 2468 1904 περιτομὴ
2498 1832 2655 1904 ἐδόθη
2686 1832 2775 1887 διὰ
2817 1835 2968 1904 τρεῖς
3000 1832 3210 1897 ταύτας
3242 1831 3448 1895 αἰτίας,
3490 1830 3629 1885 ὥστε
3661 1847 3748 1901 ση-

2197 1921 2347 1994 μεῖον
2396 1919 2539 1979 εῖναι
2588 1923 2851 1989 πίστεως,
2898 1924 2995 1979 καὶ
3032 1924 3126 1978 τοῦ
3169 1922 3539 1994 ’Δϐραμιαίου
3578 1922 3748 1992 γένους

2190 2015 2499 2088 δηλοτικὴν,
2527 2015 2621 2072 καὶ
2648 2015 2917 2088 σύμϐολον
2949 2017 3047 2071 καὶ
3085 2015 3317 2087 αἴνιγμα
3359 2013 3636 2077 πολιτείας
3661 2029 3749 2066 κα-

2191 2107 2365 2181 θαρᾶς
2414 2107 2510 2166 καὶ
2556 2108 2856 2183 σώφρονος.
2900 2110 3068 2164 ’Ὥστε
3123 2109 3222 2181 οὐχ
3281 2108 3357 2173 ὡς
3419 2105 3745 2177 δικαιοσύνης

2191 2201 2450 2276 ποιητικὴ
2509 2202 2689 2274 ἐδόθη,
2725 2202 2861 2259 ἀλλά
2909 2204 3147 2276 σφραγὶς
3180 2202 3275 2258 καὶ
3314 2201 3545 2275 σημεῖον
3575 2201 3665 2270 τῆς
3690 2199 3763 2252 ἔνι’

2191 2294 2427 2359 πίστεως
2447 2294 2819 2368 δικαιοσύνης.

2263 2528 2368 2583 Καὶ
2403 2525 2655 2597 σημεῖον
2711 2525 2891 2581 ἔλαϐε
2933 2506 3276 2598 περιίομῆς,
3318 2525 3619 2598 σφραγῖδα
3648 2525 3744 2592 τῆς

2191 2619 2579 2686 δικαιοσύνης
2610 2616 2719 2688 τῆς
2749 2621 3008 2686 πίστεως
3037 2618 3147 2688 τῆς
3172 2619 3241 2674 ἐν
3269 2618 3343 2688 τῇ
3372 2619 3742 2689 ἀκροϐυστίᾳ*

2189 2716 2278 2779 εις
2305 2711 2375 2765 τὸ
2398 2708 2553 2767 εἶναι
2580 2712 2768 2766 αὐτὸν
2797 2714 3022 2780 πατέρα
3046 2710 3288 2767 πάντων
3307 2710 3431 2765 τῶν
3444 2711 3741 2764 πιστευόν-

2190 2821 2310 2860 των
2352 2804 2429 2859 δι’
2457 2805 2880 2872 ἀκροϐυστίας,
2911 2808 2998 2872 εις
3041 2803 3109 2859 τὸ
3129 2804 3491 2875 λογισθῆναι
3527 2804 3617 2857 καί
3646 2804 3740 2858 αὐ-

2190 2896 2311 2960 τοῖς
2361 2895 2476 2965 τὴν
2519 2896 2949 2967 δικαιοσύνην*
3001 2897 3101 2951 καί
3147 2898 3375 2965 πατέρα
3423 2893 3739 2966 περιτομῆς,

2190 2987 2316 3056 τοῖς
2364 2990 2477 3043 οὐκ
2535 2988 2605 3043 ἐκ
2654 2986 2979 3059 περιτομῆς
3006 2989 3218 3058 μόνον,
3275 2988 3441 3043 ἀλλὰ
3495 2987 3587 3042 καί
3634 2984 3740 3050 τοῖς

2110 3086 2113 3093 ’
2192 3082 2514 3151 στοιχοῦσι
2570 3083 2696 3149 τοῖς
2724 3084 2926 3151 ἴχνεσι
2988 3080 3097 3148 τῆς
3140 3081 3210 3135 ἐν
3254 3079 3327 3148 τῇ
3393 3079 3740 3150 ἀκροϐυστίᾳ

2192 3179 2455 3243 πίστεως
2478 3176 2584 3231 τοῦ
2636 3176 2861 3243 πατρὸς
2900 3173 3070 3245 ἡμῶν
3114 3173 3401 3244 Ἀϐραάμ.

2271 3303 2546 3359 Δοκοῦσαν
2570 3303 2840 3359 ἀντίθεσιν
2862 3302 3001 3358 λύει.
3042 3301 3330 3368 Τοσοῦτον,
3366 3299 3524 3372 φησὶ,
3555 3296 3739 3371 μεγάλη

2201 3397 2233 3467 ἡ
2268 3400 2561 3468 περιτομὴ,
2594 3398 2687 3449 καί⁵
2708 3395 2913 3467 ταύτης
2942 3395 3109 3466 χωρὶς
3135 3395 3235 3448 οὐκ
3273 3393 3354 3448 Evt
3387 3391 3741 3460 δικαιωθῆναι,

2200 3489 2281 3542 ὅτι
2322 3488 2414 3541 καὶ
2450 3488 2612 3552 αύτδς
2653 3486 2906 3558 Ἀϐραὰμ
2933 3488 2961 3540 ὁ
2997 3487 3055 3540 ἐν
3106 3484 3449 3557 ἀκροϐυστίᾳ
3494 3483 3629 3537 κατά
3667 3480 3743 3533 τὸν

2201 3582 2294 3635 σὸν
2334 3581 2490 3650 λόγον
2521 3580 2848 3644 δικαιωθείς,
2883 3579 3184 3650 περιτομῆς
3208 3578 3425 3650 ἐδεήθη.
3453 3579 3560 3631 Καί
3582 3585 3743 3645 φησιν·

2202 3675 2276 3727 Ού
2314 3671 2403 3726 8ιά
2424 3689 2477 3725 τι
2502 3671 2689 3743 ἕτερον
2718 3669 3079 3742 περιετμήθη,
3126 3669 3161 3739 ἢ
3205 3664 3294 3722 διὰ
3330 3669 3390 3721 τὸ
3427 3669 3640 3737 σημεῖον
3666 3663 3745 3716 καὶ

2198 3761 2473 3828 ἀπόδειξιν
2527 3763 2889 3834 ἐπιφέρεσθαι
2942 3762 3041 3833 τὴν
3098 3760 3433 3831 περιτομὴν,
3474 3758 3571 3828 τῆς
3613 3759 3664 3810 ἐν
3689 3757 3743 3825 τῇ

2196 3855 2537 3927 ἀκροϐυστίᾳ
2564 3854 2887 3927 ὑπαρξάσης
2925 3850 3074 3924 αὐτῷ
3108 3850 3479 3921 δικαιοσύνης.
3512 3850 3571 3902 Et
3595 3848 3645 3900 δὲ
3673 3863 3746 3915 σῃ-

2201 3949 2369 4021 μείων
2425 3947 2615 4000 ἕνεκεν
2661 3946 2757 3999 καὶ
2798 3945 3095 4018 σφραγῖδος
3149 3941 3342 3997 ἐλαϐεν
3381 3940 3573 4022 αὐτὴν,
3614 3938 3745 3991 οὐδὲν

2196 4040 2333 4111 αὕτη
2364 4036 2501 4109 πρὸς
2529 4037 2629 4108 τὴν
2655 4037 3004 4108 δικαιοσύνην
3034 4035 3404 4099 συνετέλεσεν,
3434 4032 3569 4088 ἀλλά
3607 4032 3743 4102 μόνον

2194 4133 2256 4186 τὸ
2280 4131 2503 4186 τοιῶσδε
2552 4128 2931 4203 δεδικαιῶσθαι
2972 4128 3257 4200 ἐσήμαινε,
3293 4124 3572 4180 τουτέστιν
3599 4124 3673 4175 ὅτι
3696 4121 3743 4171 ἐν

2195 4225 2262 4293 τῇ
2321 4222 2662 4295 ἀκροϐυστίᾳ
2719 4219 2823 4285 ὢν,
2873 4219 3081 4291 ἠξιώθη
3144 4219 3244 4290 τῆς
3287 4215 3744 4293 δικαιοσύνης.-

2196 4312 2397 4387 [ΦΩΤ.]
2441 4315 2541 4370 Διά
2577 4314 2653 4382 τί,
2690 4313 2849 4385 φησι,
2879 4313 3093 4385 πρῶτον
3126 4310 3377 4381 ἐλογίσθη
3406 4309 3555 4381 αὐτῷ
3582 4309 3653 4371 είς
3675 4306 3742 4358 δι-

2196 4409 2511 4479 καιοσύνην,
2541 4407 2636 4462 καὶ
2668 4405 2812 4460 οὕτω
2845 4404 3226 4477 περιετμήθη;
3264 4403 3486 4476 Πρῶτον
3513 4402 3627 4472 μὲν,
3670 4397 3741 4450 ἵνα

514 4495 762 4551 Primum
796 4493 1017 4564 quidem
1056 4501 1119 4547 ut
1148 4494 1223 4549 ita
1254 4493 1478 4551 virtutis
1506 4493 1720 4566 signum
1752 4508 2087 4566 censeretur,

2198 4502 2273 4566 ὡς
2314 4504 2539 4573 σημεῖον
2564 4499 2795 4571 νομισθῇ
2820 4499 3020 4570 ἀρετῆς
3050 4499 3083 4568 ἠ
3114 4494 3406 4568 περιτομὴ,
3444 4495 3539 4550 καὶ
3567 4494 3657 4562 οὐχ
3680 4490 3742 4551 ὡς

514 4594 572 4642 et
594 4600 707 4642 non
739 4584 913 4641 veluti
938 4585 1056 4656 ipsa
1090 4584 1287 4652 virtus,
1315 4593 1410 4641 aut
1438 4596 1651 4643 rectum
1684 4588 1907 4645 virtutis
1934 4605 2093 4661 opus.

517 4679 747 4752 Signum
793 4694 1033 4750 namque
1089 4676 1524 4736 circumcisionis
1571 4688 1658 4737 est
1709 4682 2091 4755 signaculum,

517 4772 719 4843 inquit,
766 4780 1027 4842 tanquam
1070 4770 1286 4843 signum
1332 4781 1389 4827 et
1429 4774 1804 4845 comprobatio
1842 4774 2091 4848 iustitia,

519 4880 642 4937 quae
681 4854 799 4937 per~
820 4865 982 4921 ﬁdem
1022 4865 1076 4921 in
1105 4866 1379 4938 praeputio
1403 4866 1544 4923 facta
1576 4875 1679 4924 est.
1711 4867 1963 4925 Secundo
1992 4883 2117 4937 auo,

521 4971 655 5025 tem,
685 4969 747 5014 ut
775 4965 830 5014 et
864 4960 1315 5032 pmputiatorum
1355 4972 1413 5016 et
1456 4960 1910 5017 circumcisorum
1938 4978 2090 5018 com-

522 5049 709 5104 munis
741 5059 898 5120 pater
928 5060 1322 5123 agnosceretur
1343 5064 1408 5107 ac
1427 5051 1806 5123 divulgaretur
1836 5070 1851 5108 :
1876 5069 2096 5125 prmpu-

521 5141 783 5195 tiatorum
833 5140 1081 5210 quidem,
1109 5150 1171 5196 ut
1212 5144 1305 5212 qui
1353 5143 1411 5197 in
1449 5142 1719 5214 praeputio
1767 5145 2094 5201 credidisset

518 5250 582 5291 ac
623 5224 957 5307 iustiﬁcatns
999 5234 1195 5291 fuisset
1243 5251 1258 5290 :
1303 5232 1757 5294 circumcisorum
1802 5255 1933 5295 vero
1973 5247 2093 5295 tan-

516 5344 684 5400 quam
734 5337 791 5383 et
839 5328 956 5399 ipse
1002 5327 1697 5401 circumcisus-postquam
1747 5328 2089 5397 credidisset.

521 5420 716 5476 Merito
760 5434 893 5491 ergo
941 5426 1267 5475 cunctorum
1310 5430 1466 5490 pater
1508 5431 1793 5492 reputatus
1841 5432 1945 5488 est,
1995 5424 2091 5495 qui

516 5512 776 5570 videlicet
838 5508 1033 5585 (idem,
1071 5510 1479 5581 suscepissent,
1543 5513 1658 5567 sive
1721 5513 2092 5569 incircumcisi

515 5614 727 5671 essent,
763 5605 880 5661 sive
904 5602 1242 5660 circumcisi.
1302 5600 1457 5669 Quod
1489 5602 1535 5658 si
1592 5603 1755 5658 tidem
1814 5618 1925 5658 non
1995 5603 2090 5659 ha-

518 5701 705 5763 beant,
730 5710 911 5768 neque
941 5695 1325 5769 cognationem
1343 5695 1409 5749 ad
1429 5695 1581 5748 illum
1605 5687 1829 5759 habent,
1850 5694 2087 5766 quicum

518 5804 628 5858 que
653 5789 784 5853 sint,
817 5803 1000 5859 neque
1048 5788 1295 5843 haeredcs
1341 5802 1471 5843 sane
1514 5797 1677 5843 erunt
1714 5788 2095 5858 promissionis

512 5896 637 5952 qua:
674 5881 742 5938 ad
773 5881 927 5938 illum
969 5882 1111 5939 facta
1152 5892 1265 5950 est;
1298 5878 1451 5953 25]
1477 5882 1899 5955 consanguineis
1944 5883 2091 5937 enim

2196 4591 2468 4663 αὐταρετὴ
2496 4592 2588 4645 καὶ
2620 4588 2971 4661 κατόρθωμα.
3000 4587 3074 4642 Τὸ
3095 4587 3203 4658 γὰρ
3226 4589 3454 4659 σημεῖον
3482 4586 3577 4656 τῆς
3610 4598 3742 4652 περι·

2195 4684 2388 4755 τομῆς,
2420 4682 2573 4756 φησὶ.
2605 4674 2840 4752 σφραγίς
2866 4681 3035 4746 ἐστιν,
3062 4672 3174 4735 οἷον
3205 4678 3432 4750 σημεῖόν
3465 4694 3524 4730 τε
3552 4674 3637 4730 καὶ
3662 4686 3741 4722 πα·

2199 4777 2481 4846 ράστασιςο
2532 4776 2633 4846 τῆς
2681 4774 2739 4826 ὲν
2782 4774 2849 4843 τῇ
2889 4770 3229 4844 ἀκροϐυστίᾳ
3271 4769 3360 4824 διὰ
3404 4769 3631 4829 πίστεως
3662 4760 3740 4816 καὶ

2193 4867 2557 4937 δικαιοσύνης.
2604 4866 2869 4941 Δεύτερον
2897 4864 2975 4931 δέ,
3009 4865 3097 4919 ἵνα
3122 4863 3352 4919 καὶτῶν
3390 4860 3737 4935 ἀκροϐύστωνς

2196 4959 2292 5011 καὶ
2337 4958 2445 5012 τῶν
2480 4950 2872 5029 ’ἐμπεριτόμων
2920 4955 3094 5020 κοινὸς
3136 4953 3447 5026 ἐπιγνωσθῇ
3495 4953 3580 5007 καὶ
3630 4951 3739 5003 ἀνα·

2196 5050 2444 5123 κηρυχθῇ
2483 5052 2706 5121 πατήρ·
2759 5050 2869 5107 τῶν
2914 5048 3016 5119 μὲν
3050 5048 3433 5121 ἀκροϐύστων,
3473 5047 3546 5111 ὡς
3595 5048 3647 5098 ἐν
3683 5042 3737 5111 τῇ

2196 5144 2534 5215 ἀκροϐυστίᾳ
2573 5143 2668 5197 καὶ
2706 5141 3005 5204 πιστεύσας
3048 5143 3145 5199 καὶ
3185 5140 3529 5205 δικαιωθείςο
3573 5135 3670 5190 τῶν
3699 5129 3738 5184 δ’

2193 5233 2601 5307 ἐμπεριτόμων,
2650 5231 2725 5296 ὡς
2766 5233 2861 5286 καὶ
2906 5231 3069 5297 αὐτὸς
3106 5233 3468 5303 περιτμηθεὶς
3518 5228 3645 5301 μετά
3689 5222 3737 5275 τδ

2195 5326 2506 5383 πιστεῦσαι.
2536 5324 2762 5380 Πάντων
2787 5321 2880 5380 οὖν
2906 5324 3131 5389 εἰκότως
3160 5324 3225 5379 ἂν
3247 5324 3525 5395 λογισθείη
3560 5319 3734 5390 πατὴρ.

2193 5421 2302 5474 τῶν
2339 5418 2439 5491 τὴν
2474 5418 2658 5472 πίστιν
2690 5417 2930 5489 δηλονότι
2963 5412 3448 5487 παραδεξαμένων,
3481 5414 3586 5467 εἴτε
3621 5413 3734 5463 ἁπε-

2196 5512 2471 5584 ρίτμητοι,
2506 5507 2618 5562 εἴτε
2665 5505 3126 5579 περιτετμημένοι
3159 5505 3290 5562 εἷεν.
3317 5508 3415 5560 Ἂν
3462 5505 3518 5560 δὲ
3540 5504 3629 5572 τὴν
3664 5517 3735 5551 πι-

2197 5620 2315 5657 στιν
2350 5602 2425 5674 μὴ
2454 5601 2673 5672 ἔχωσιν,
2703 5599 2823 5653 οὐδὲ
2869 5599 2973 5670 τὴν.
3014 5599 3153 5669 πρὸς
3198 5599 3408 5655 ἐκεῖνον
3451 5595 3733 5666 συγγένειαν

2194 5697 2438 5766 ἔχουσιν,
2476 5694 2673 5756 οἵτινες
2709 5691 2775 5746 ἂν
2827 5688 2963 5760 εἷεν,
2997 5691 3120 5745 ούδέ
3149 5691 3476 5764 κληρονόμοι
3518 5689 3617 5762 ἄρα
3652 5683 3731 5752 τῆς

2193 5788 2330 5858 πρὸς
2361 5786 2567 5839 ἐκεῖνον
2596 5784 2948 5853 ἐπαγγελίας.
2994 5783 3120 5849 Τοῖς
3165 5787 3276 5855 γὰρ
3328 5782 3601 5853 συγγενέσι
3637 5770 3731 5845 (τῷ

2193 5879 2301 5950 γὰρ
2339 5877 2616 5948 σπέρματι
2650 5872 2862 5947 αὑτοῦ),
2911 5877 2967 5931 αἱ
3011 5876 3334 5948 ὑποσχέσεις
3381 5877 3471 5932 καὶ
3500 5866 3729 5939 εὐλογίαι.
