3978 6546
230 506 340 571 897

1295 495 1683 560 COMMENT.
1714 493 1793 555 1N
1840 466 2075 555 Ems'r;
2109 497 2208 556 AD
2234 496 2417 587 non.

3376 493 3483 556 3'38

244 637 261 668 τ
297 614 586 687 Σφραγῖδα
612 612 710 681 τῆς
746 611 1095 679 δικαιοσύνης
1125 609 1225 678 τῆς
1257 610 1523 674 πίστεως,
1558 626 1575 658 ι
1614 606 1715 675 τῆς
1747 608 1810 658 ἐκ

1921 603 2136 675 (nempe
2180 605 2377 661 semini
2407 605 2548 677 ejus)
2602 603 2743 659 data:
2774 612 2905 660 sunt
2957 603 3353 673 promissiones
3418 623 3485 663 ac

244 711 487 771 πίστεως
530 704 876 776 ὑπαρξάσης,
911 721 931 755 ι
966 702 1043 766 εις
1074 701 1135 756 τὺ
1160 697 1303 755 εἶναι
1339 699 1499 754 αὑτὸν
1529 698 1758 768 πατέρα.
1785 716 1802 748 ι

307 890 409 945 Διά
442 890 496 945 τί
528 889 585 945 δέ
612 889 749 951 ὅλως
776 886 971 957 ἐδέηθη
1001 885 1193 956 αὐτῆς,
1234 884 1285 937 εἰ
1316 881 1481 953 μηδὲν
1540 880 1810 935 συνετέλει

238 985 298 1037 ἑν
338 984 406 1053 τῇ
466 979 825 1052 δικαιοσύνης
870 978 1094 1049 Πρῶτον
1129 975 1230 1044 μὲν
1263 969 1448 1035 καθὼς
1499 970 1611 1027 ἄνω
1629 970 1809 1039 λέγει,

236 1075 320 1139 είς
368 1074 431 1127 τὸ
465 1070 608 1126 εἶναι
641 1070 813 1140 αὐτὴν
856 1070 1082 1139 σημεῖον
1109 1081 1127 1098 ο
1157 1064 1347 1119 ἔπειτα
1376 1063 1464 1116 ἵνα
1504 1061 1683 1126 κοινὸς
1721 1062 1813 1130 γέ-

227 1150 399 1220 νηται
456 1164 638 1232 πατὴρ
664 1160 771 1213 τῶν
796 1176 857 1212 τε
888 1163 945 1211 ἐν
982 1157 1276 1229 περιτομῇ,
1320 1153 1429 1208 τῶν
1457 1170 1516 1206 τε
1546 1156 1605 1207 ἐν
1650 1153 1814 1224 ἀκρο-

234 1257 458 1328 ϐυστίᾳ.
508 1273 529 1308 ι
567 1254 790 1309 Πάντων
829 1250 942 1305 τῶν
980 1250 1365 1303 πιστευόντων.
1395 1264 1415 1299 ι
1474 1245 1586 1317 Ούχ
1627 1244 1813 1309 ἁπλῶς

230 1350 347 1403 τῶν
397 1348 728 1419 οίωνδήποτε
768 1345 999 1415 πατέρα,
1029 1342 1165 1398 ἀλλὰ
1196 1340 1303 1395 τῶν
1334 1340 1692 1393 πιστευόντων
1732 1340 1813 1400 εἰς

228 1443 327 1497 τὸν
354 1442 613 1514 Χριστόν.
662 1458 681 1492 ι
719 1438 798 1492 Δι’
824 1434 1213 1507 ἀκροϐυστίας.
1253 1451 1272 1486 ι
1310 1420 1433 1486 ’Τῶν
1476 1433 1535 1484 ἐν
1576 1429 1813 1502 ἀκροϐυ-

231 1537 363 1609 στία
391 1536 563 1590 ὄντων
596 1534 687 1588 καὶ
720 1531 1106 1585 πιστευόντων,
1143 1528 1234 1591 Et;
1267 1527 1350 1590 τδ,
1404 1543 1423 1577 ι
1478 1523 1811 1593 Λογισθῆναι

230 1628 331 1682 καὶ
357 1628 542 1689 αὐτοῖς
567 1625 665 1696 τὴν
694 1621 1059 1692 δικαιοσύνην.
1093 1638 1115 1672 ι
1149 1620 1250 1672 Διὰ
1272 1618 1511 1680 πίστεως
1566 1615 1810 1687 δηλονότι

231 1720 408 1790 χωρὶς
449 1717 650 1788 ἔργων.
691 1733 710 1766 ι
768 1714 878 1767 Καὶ
948 1713 1164 1782 πατέρα
1232 1708 1553 1779 περιτομῆς.
1612 1727 1631 1760 ι
1698 1705 1811 1777 Οὐχ

232 1809 449 1872 ἁπλῶς,
483 1807 647 1878 φησι,
681 1805 861 1877 πατὴρ
880 1803 994 1856 τῶν
1016 1800 1469 1873 ἐμπεριτμήτων,
1492 1797 1670 1870 (τοῦτο
1701 1796 1811 1867 γὰρ

230 1900 387 1970 δηλοῖ
413 1900 475 1952 τδ
508 1897 831 1970 περιτομῆς,
864 1893 884 1967 )
915 1893 1052 1949 ἀλλὰ
1094 1891 1277 1963 πατὴρ
1311 1890 1537 1945 ἐκείνων
1563 1888 1674 1945 τῶν
1703 1890 1810 1959 ἐμ-

233 1959 615 2061 περιτμήτων,
645 1959 876 2057 τιῖινμὴ,
918 1984 1079 2055 μόνον
1118 1959 1626 2055 περιτετμημένων,
1673 1979 1809 2034 ἀλλὰ
1843 1959 1884 2014 Β

231 2082 332 2135 καὶ
372 2081 517 2133 κατὰ
562 2080 630 2133 τὰ
657 2078 779 2149 ῐχνη
813 2077 1002 2141 αὑτοῦ,
1030 2076 1129 2146 τὴν
1150 2075 1341 2129 πίστιν
1368 2073 1608 2145 Χριστοῦ
1640 2074 1809 2129 εῐσοιο

232 2172 560 2241 κιζομένων.
586 2171 816 2225 Ἐκεῖνοι
830 2170 887 2224 δὲ
917 2171 1057 2224 κατὰ
1076 2168 1146 2222 τὰ
1184 2170 1306 2239 ἴχνη
1337 2168 1432 2221 καὶ
1460 2166 1602 2220 κατὰ
1635 2166 1810 2236 μίμηο

234 2282 320 2319 σιν
340 2264 436 2319 τοῦ
470 2263 720 2335 Ἀϐραὰμ
749 2261 1092 2317 πιστεύουσιν
1124 2264 1204 2325 εἰς
1228 2262 1486 2334 Χριστὸν,
1520 2263 1569 2315 οῐ
1594 2260 1811 2315 ἅδιστά-

235 2374 382 2419 aea);
417 2355 513 2408 καὶ
564 2355 733 2426 χωρὶς
770 2353 1103 2423 φιλονεικίας
1133 2352 1227 2406 καὶ
1262 2350 1582 2421 ἐνδοιασμοῦ
1633 2367 1809 2423 προσ-

237 2449 529 2522 ερχόμενοι
585 2446 664 2517 τῷ
718 2444 957 2517 Χριστῷ.
998 2463 1019 2498 ‹
1055 2444 1182 2509 Τοῖς
1230 2444 1332 2499 οὐκ
1380 2444 1446 2498 ἐκ
1502 2445 1807 2516 περιτομῆς

242 2534 422 2614 μόνον.
455 2560 476 2595 ο
513 2541 732 2611 Ὠσπερ
753 2538 863 2610 γὰρ
889 2540 937 2593 οἱ
969 2539 1027 2592 ἐν
1057 2538 1413 2612 ἀκροϐυστίᾳ,
1443 2539 1506 2594 οὐ
1541 2539 1629 2594 διὰ
1651 2539 1810 2593 τοῦτο

240 2634 398 2695 μόνον
429 2635 607 2703 σχοῖεν
632 2632 698 2686 ἂν
745 2632 837 2686 τὸν
880 2629 1142 2703 ’Δϐραὰμ
1199 2632 1434 2703 πατέρα,
1479 2628 1572 2685 διᾶ
1619 2631 1681 2686 τὸ
1747 2633 1808 2686 ἐν

239 2724 580 2797 ἀκροϐυστίᾳ
606 2722 767 2776 αὐτὸν
796 2721 1244 2788 πεπιστευκέναι,
1272 2722 1322 2775 εί
1362 2723 1437 2794 μὴ
1467 2725 1562 2777 καὶ
1589 2723 1690 2791 τὴν
1721 2721 1812 2775 πί-

240 2834 356 2870 στιν
410 2815 770 2886 μιμήσαιντοο
799 2812 973 2877 οὕτως
997 2813 1119 2867 οὐδὲ
1165 2815 1216 2867 οἱ
1243 2814 1303 2866 ἐν
1352 2816 1623 2884 περιτομῇ
1677 2815 1810 2887 σχή-

240 2924 414 2973 σουσι,
449 2907 513 2960 οὐ
560 2906 648 2960 διὰ
670 2904 732 2959 τὸ
763 2906 921 2975 μόνον
960 2905 1365 2986 περιτμηθῆναι
1394 2904 1486 2960 τὸν
1530 2906 1808 2980 Ἀϐραὰμ,

240 2997 332 3051 ἐὰν
360 2997 441 3068 μὴ
470 2996 566 3049 καὶ
588 2996 686 3066 τὴν
714 2994 893 3048 πίστιν
910 2994 1075 3049 αὐτοῦ
1109 2997 1475 3068 μιμήσωνται.
1505 2996 1675 3069 Δῆλον
1718 2992 1811 3052 οὖν

236 3092 431 3156 ὡς’και
464 3090 822 3145 ἐκπεσοῦνται
849 3091 948 3160 τῆς
978 3088 1115 3161 πρὸς
1166 3088 1424 3162 ’Δϐραὰμ
1492 3090 1814 3158 συγγενείας

237 3186 284 3238 οί
315 3183 582 3249 Ἰουδαῖοι,
614 3182 708 3236 ἐὰν
740 3181 814 3253 μὴ
850 3180 1204 3235 πιστεύσωσι.
1246 3199 1266 3234 ι
1333 3180 1498 3253 una:
1553 3181 1648 3234 καὶ
1697 3184 1812 3246 τοῖς

239 3273 532 3345 στοιχοῦσι.
566 3292 584 3325 ι
620 3272 746 3334 Τοῖς
773 3270 1133 3341 πειθομένοις,
1157 3272 1268 3335 τοῖς
1282 3270 1627 3342 ἐμμένουσιν.
1648 3289 1667 3324 ι
1688 3270 1813 3334 Τοῖς
1838 3320 1880 3345 η

239 3367 413 3440 ἴχνεσι
445 3365 546 3436 τῆς
572 3364 823 3427 πίστεως.
855 3382 873 3415 ι
937 3364 1017 3434 Τῇ
1074 3362 1329 3433 μιμήσει,
1382 3364 1448 3433 τῇ
1534 3361 1811 3432 ὁμοιώσει.

242 3436 391 3530 ’ίίχνη
432 3458 674 3524 λέγεται,
706 3455 776 3509 τὰ
805 3452 914 3508 τῶν
953 3453 1391 3525 προοδευσάντων
1418 3451 1664 3524 σύμϐολα
1717 3436 1833 3507 και

240 3554 446 3623 σημεῖα
476 3550 586 3604 τῶν
618 3549 814 3603 ποδῶν.
840 3548 995 3601 Ἐπεὶ
1029 3536 1121 3600 οὖν
1148 3536 1294 3600 οὗτοι
1334 3547 1811 3619 μεταγενέστεροι,

241 3643 461 3706 οἰκείοις
518 3643 614 3696 καὶ
661 3639 942 3713 ἁρμοδίως
993 3639 1148 3710 φησι,
1190 3640 1302 3702 τοῖς
1360 3638 1664 3711 ἐμμένουσι
1721 3639 1816 3692 καὶ

243 3731 670 3788 ἐπακολουθοῦσι
701 3734 810 3796 τοῖς
841 3732 1065 3804 ἴχνεσιν,
1109 3730 1229 3802 ἢτοι
1257 3728 1651 3801 πορευομένοις
1674 3727 1816 3784 κατὰ

244 3830 311 3879 τὰ
337 3823 551 3879 ἐκείνου
587 3824 731 3894 ῐχνη,
754 3823 851 3876 καὶ
896 3821 996 3893 τὴν
1022 3820 1236 3875 ἐκείνου
1289 3820 1427 3887 ὁδὸν,
1472 3820 1597 3893 ἥτις
1648 3821 1815 3892 χωρὶς

244 3917 549 3988 περιτομῆς
593 3917 857 3987 ὑπῆρχεν.
895 3932 915 3967 ι
950 3914 1061 3985 Τῆς
1088 3915 1148 3968 ἐν
1181 3913 1537 3986 ἀκροϐυστία.
1598 3931 1618 3966 ι
1645 3914 1816 3968 Πάλιν

243 4010 589 4080 ὑπομνήσκει
625 4007 706 4061 ὅτι
736 4007 794 4061 ἐν
831 4003 1173 4079 ἀκροϐυστία
1195 4003 1506 4076 ἐπίστευσε,
1536 4005 1630 4059 καὶ
1656 4003 1816 4059 ὓστε-

247 4116 338 4170 ρον
365 4098 728 4172 περιετμήθηο

312 4285 402 4338 οὐ
426 4280 540 4353 τὰρ
562 4280 662 4336 διὰ
683 4279 877 4350 γόμου
900 4281 939 4352 ἠ
970 4279 1293 4353 ἐπαγγελία
1320 4281 1399 4347 τῷ
1452 4276 1729 4352 Ἀϐραὰμ.
1776 4281 1817 4353 ἢ

242 4375 326 4443 τῷ
352 4374 653 4444 σπέρματι
677 4374 885 4440 αὐτοῦ,
922 4372 991 4427 τὸ
1023 4374 1405 4443 κληρονόμον
1444 4375 1633 4428 αὐτὸν
1665 4371 1817 4431 εἶναι

244 4467 355 4522 τοῦ
393 4468 655 4535 κόσμου,
684 4466 849 4521 ἀλλὰ
876 4464 974 4519 διὰ
1005 4464 1397 4533 δικαιοσύνης
1424 4467 1704 4547 πίστεως.
1752 4469 1819 4521 El

242 4561 358 4631 τὰρ
415 4561 472 4615 οι
505 4560 576 4614 ἐκ
605 4561 817 4629 νόμου,
846 4560 1229 4633 κληρονόμοι,
1275 4558 1597 4613 κεκένωται
1652 4560 1690 4628 1}
1725 4559 1820 4613 πί-

1914 699 2349 755 benedictiones.
2386 717 2405 751 ι
2462 682 2816 769 δίίζηίιοῗηυιη
2848 698 3075 768 iustitiae
3104 698 3253 765 ﬁdei,
3300 718 3319 752 ι
3358 717 3487 771 qum

1914 807 1981 847 ex
2009 792 2114 848 ﬁde
2149 793 2478 864 contigerat,
2512 810 2530 845 ι
2581 801 2643 848 ιιι
2670 801 2818 848 esset
2847 792 2966 862 ipse
3009 801 3189 861 pater.
3245 811 3264 843 ι

1982 884 2065 939 Ad
2093 885 2227 958 quid
2260 886 2485 940 omnino
2526 884 2838 940 necessaria
2863 884 2966 939 fuit
2992 884 3071 939 illi
3114 884 3485 949 circumcisio,

1914 977 1959 1032 si
1990 976 2129 1030 nihil
2145 973 2462 1031 conferebat
2494 975 2560 1031 ad
2590 976 2901 1047 justitiam?
2940 976 3183 1031 Primum
3236 976 3484 1046 quidem,

1914 1065 2081 1121 veluti
2106 1066 2162 1120 in
2186 1064 2568 1137 superioribus
2590 1065 2750 1137 dixit,
2787 1075 2848 1120 ut
2886 1067 2979 1121 illa
3009 1068 3225 1138 signum
3270 1076 3418 1123 esset
3469 1085 3482 1119 :

1914 1156 2113 1213 deinde
2159 1168 2222 1214 ut
2253 1158 2559 1215 communis
2600 1166 2756 1230 pater
2784 1158 2957 1225 ﬁeret,
3004 1171 3113 1214 tam
3154 1159 3241 1215 his
3287 1160 3381 1230 qui
3432 1160 3487 1214 in

1914 1248 2337 1305 circumcisione
2367 1257 2574 1315 essent,
2603 1265 2769 1320 quam
2813 1249 2924 1305 illis
2971 1251 3063 1322 qui
3092 1252 3145 1306 in
3188 1253 3483 1322 prteputio.

1919 1359 1939 1389 ο
1969 1338 2224 1397 Omnium
2253 1339 2618 1396 credentium.
2668 1357 2692 1395 ι
2724 1340 2846 1397 Νοη
2879 1342 3125 1397 omnium
3150 1354 3306 1413 pater
3350 1342 3487 1399 sim-

1913 1434 2151 1504 pliciter,
2184 1432 2280 1488 sed
2327 1432 2674 1488 credentium
2712 1430 3104 1490 in'Christum.
3149 1453 3169 1487 ι
3209 1436 3313 1490 Per
3343 1450 3488 1505 prte-

1913 1523 2185 1593 putium.»
2208 1523 2433 1579 ,Eorum
2458 1524 2554 1592 qui
2578 1539 2703 1578 cum
2734 1523 2847 1579 sint
2870 1523 2928 1578 in
2961 1526 3253 1595 praeputio,
3279 1528 3487 1582 nihilo-

1911 1614 2096 1668 minus
2152 1613 2405 1670 credunt.
2444 1632 2463 1666 ι
2496 1614 2568 1672 Ut
2618 1614 2921 1685 imputetur
2968 1625 3023 1672 et
3047 1617 3155 1671 illis
3192 1617 3426 1685 justitia.
3461 1637 3483 1672 ι

1911 1705 2018 1761 Per
2042 1705 2204 1761 ﬁdem
2229 1706 2488 1762 videlicet
2533 1707 2652 1763 sine
2698 1710 2982 1779 operibus.
3015 1728 3034 1761 ι
3077 1710 3144 1765 Ει
3172 1718 3330 1781 pater
3375 1711 3490 1767 cir-

1874 1808 1879 1819 ‘
1911 1798 2287 1855 cumcisionis.
2328 1818 2347 1853 ι
2381 1800 2501 1856 Non
2543 1809 2698 1872 pater
2733 1804 3230 1874 quomodocumque
3251 1804 3490 1861 circum-

1910 1891 2174 1957 eisorum,
2195 1892 2469 1962 (namhoc
2488 1893 2762 1965 signiﬁcat
2786 1894 2956 1952 dictio
2971 1893 3426 1955 Circumcisionis
3447 1902 3488 1968 :)

1917 1982 2012 2038 sed
2044 1993 2198 2054 pater
2218 1985 2438 2040 illorum
2481 1987 2956 2056 circumcisorum,
3001 1990 3096 2060 qui
3126 2007 3236 2047 non
3277 2000 3489 2047 tantum

1915 2074 2227 2131 circumcisi
2268 2085 2417 2146 sunt,
2471 2078 2678 2135 verum'
2703 2081 2869 2137 etiam
2913 2081 3066 2153 juxta
3090 2083 3241 2143 illius
3262 2086 3494 2158 vestigia

1917 2166 1974 2222 in
1998 2165 2104 2223 ﬁde
2143 2167 2348 2224 Christi
2384 2180 2608 2226 manent
2643 2189 2656 2225 :
2693 2170 2774 2227 illi
2808 2183 2991 2228 autem
3035 2174 3192 2244 juxta
3257 2176 3492 2246 vestigia

1915 2274 1981 2315 ac
2016 2259 2378 2321 imitationem
2403 2263 2637 2321 Abrahae
2673 2265 2907 2322 credunt
2933 2265 2987 2321 in
3040 2266 3347 2334 Christum,
3392 2269 3490 2338 qui

1916 2351 2123 2422 absque
2170 2354 2281 2410 ulla
2326 2356 2677 2413 vacillatione
2724 2368 2781 2414 et
2824 2361 3182 2416 contentione
3230 2361 3288 2416 in
3336 2347 3491 2419 nullo

1917 2443 2232 2501 hmsitantes
2255 2445 2527 2503 accedunt
2548 2448 2616 2503 ad
2658 2447 2965 2507 Christum.
2998 2469 3018 2505 ι
3071 2451 3167 2507 llis
3215 2453 3312 2523 qui
3375 2469 3492 2509 non

1916 2536 2092 2591 solum
2156 2552 2222 2593 ex
2256 2538 2676 2597 circumcisione
2710 2551 2860 2598 sunt.
2896 2561 2917 2595 ι
2946 2542 3105 2599 Sicut
3134 2546 3282 2600 enim
3310 2545 3405 2617 qui
3431 2546 3489 2601 in

1916 2631 2185 2700 praeputio
2226 2640 2377 2698 sunt,
2408 2647 2520 2689 non
2548 2648 2619 2689 ex
2682 2633 2789 2690 hoc
2815 2636 2993 2692 solum
3036 2646 3270 2708 possunt
3317 2624 3493 2719 Abra-

1918 2726 2043 2782 ham
2065 2725 2272 2782 habere
2302 2737 2535 2797 patrem,
2566 2727 2714 2799 quod
2755 2727 2846 2785 ille
2882 2729 2939 2785 in
2973 2730 3246 2802 praeputio
3313 2732 3495 2788 credi-

1918 2821 2110 2887 disset,
2142 2819 2249 2877 nisi
2269 2821 2433 2877 etiam
2457 2818 2617 2877 ﬁdem
2638 2822 2960 2890 imitentur;
2991 2823 3062 2879 ita
3087 2824 3269 2895 neque
3304 2826 3360 2879 hi
3396 2828 3494 2897 qui

1920 2910 1976 2965 in
1995 2909 2419 2966 circumcisione
2440 2909 2671 2977 fuerint,
2695 2919 2907 2981 patrem
2936 2911 3088 2966 illum
3116 2913 3399 2969 habebunt
3419 2916 3492 2971 ob

1921 3009 2025 3059 hoc
2050 3005 2227 3060 solum
2256 3002 2403 3075 quod
2434 3002 2797 3058 circumcisus
2827 3003 2901 3058 sit
2934 3002 3234 3074 Abraham,
3267 3005 3389 3061 nisi‘
3432 3008 3495 3062 ﬁ-

1919 3098 2045 3154 dem
2077 3114 2296 3169 quoque
2318 3098 2469 3153 illius
2494 3097 2801 3153 imitentur.
2828 3097 3174 3154 Manifestum
3202 3115 3335 3171 ergo
3381 3110 3491 3167 est,

1918 3189 2065 3261 quod
2090 3189 2255 3245 etiam
2280 3204 2312 3244 a
2340 3187 2663 3261 cognatione
2685 3187 2919 3244 Abrahae
2939 3189 3193 3245 excident
3209 3191 3383 3249 Judaei
3413 3195 3496 3250 ni-

1919 3284 1963 3338 si
1988 3281 2346 3339 crediderint.
2373 3297 2392 3332 ι
2424 3279 2712 3335 Sedetiam
2740 3279 2811 3335 iis
2851 3280 2946 3350 qui
2989 3280 3275 3337 incedunt.
3320 3302 3339 3334 ι
3375 3282 3492 3339 Hoc

1914 3382 2001 3429 est
2032 3373 2443 3440 obedientibus,
2468 3370 2977 3443 perseverantibus.
3004 3393 3020 3425 ι
3046 3374 3150 3428 Per
3163 3373 3394 3446 vestigia
3424 3374 3494 3430 ﬁ-

1916 3465 2026 3521 dei.
2050 3485 2070 3519 ι
2111 3465 2168 3520 id
2202 3474 2306 3531 est,
2333 3463 2716 3528 imitationem,
2750 3463 3189 3520 similitudinem.
3251 3465 3495 3538 Vestigia

1915 3556 2383 3612 dicuntureorum
2411 3553 2505 3624 qui
2532 3553 2687 3624 prius
2717 3553 2822 3608 iter
2854 3552 3107 3609 fecerunt
3176 3553 3383 3611 indicia
3428 3574 3495 3613 ac

1914 3652 2070 3727 signa
2111 3647 2336 3721 pedum.
2367 3646 2506 3716 Quia
2553 3661 2686 3717 ergo
2724 3644 2784 3701 hi
2840 3646 3047 3716 posteri
3072 3655 3222 3712 sunt,
3271 3649 3495 3718 proprie

1915 3755 1979 3795 ac
2001 3746 2146 3811 apte,
2170 3738 2277 3804 his,
2313 3737 2513 3807 inquit,
2550 3736 2647 3807 qui
2672 3735 2977 3790 immanent
3032 3733 3277 3806 vestigiis
3318 3750 3495 3804 eaque

1898 3833 2307 3903 insequuntur,
2346 3829 2460 3885 sive
2492 3827 2947 3898 amhulantjuxta
2979 3824 3129 3881 illius
3156 3825 3405 3897 vestigia,
3432 3841 3497 3882 ac

1916 3926 2060 3980 viam
2110 3924 2283 3994 ipsius
2312 3936 2435 3991 quae
2459 3920 2579 3975 sine
2628 3916 3059 3974 circumcisione
3110 3926 3253 3973 erat.
3284 3937 3302 3970 ι
3362 3918 3496 3985 Quae

1917 4017 2022 4072 fuit
2050 4017 2104 4071 in
2131 4013 2422 4086 prmputio.
2452 4031 2471 4065 ι
2499 4012 2736 4066 Rursum
2765 4010 3043 4065 memoriae
3059 4010 3323 4081 suggerit,
3347 4012 3496 4082 quod

1919 4112 1973 4165 in
2000 4106 2266 4180 praeputio
2298 4102 2616 4170 crediderit,
2643 4110 2699 4159 et
2724 4101 3072 4175 postmodum
3131 4102 3495 4158 circumcisus

1923 4201 2017 4256 sit.

1984 4287 2075 4355 Π,
2109 4286 2199 4355 23,
2227 4286 2317 4343 24.
2353 4284 2473 4342 Non
2505 4286 2644 4340 enim
2664 4298 2757 4355 per
2795 4280 2961 4352 legem
2996 4280 3139 4350 facta
3156 4287 3233 4334 est
3268 4279 3497 4351 promis—

1916 4385 1993 4439 sio
2020 4383 2265 4445 Abrahae,
2285 4389 2382 4435 aut
2408 4379 2597 4435 semini
2632 4379 2764 4447 ejus.
2790 4377 2967 4447 ipsum
3003 4374 3266 4431 heredem
3312 4372 3498 4427 mundi

1918 4475 2051 4544 fore,
2074 4472 2165 4527 sed
2187 4487 2280 4544 per
2299 4471 2570 4542 justitiam
2598 4469 2744 4538 ﬁdei.
2776 4465 2834 4522 Si
2885 4460 3024 4522 eniin
3066 4468 3104 4522 ii
3152 4467 3323 4539 quies:
3386 4463 3499 4535 lege

1917 4570 2062 4626 sunt,
2088 4560 2315 4615 haeredes
2340 4566 2485 4625 sunt,
2518 4558 2693 4612 inanis
2720 4557 2863 4628 {acta
2881 4565 2956 4610 est
2982 4554 3135 4625 ﬁdes,
3160 4555 3316 4609 irrita
3351 4553 3496 4622 facta

242 4668 399 4719 στις,
439 4652 539 4705 και
575 4649 937 4720 κατήργηται
988 4650 1028 4719 ἡ
1076 4650 1421 4720 ἐπαγγελία.
1477 4650 1531 4704 '0
1570 4651 1682 4721 γὰρ
1710 4650 1815 4705 νό-

1921 4660 1993 4707 est
2018 4651 2316 4724 promissio.
2340 4650 2480 4705 Nam
2511 4648 2594 4703 lea:
2613 4650 2752 4702 iram
2784 4654 3055 4717 operatur.
3084 4644 3246 4716 252
3282 4643 3342 4699 Si
3374 4645 3497 4716 qui-

237 4760 355 4813 μσς
379 4742 572 4813 ὀργὴν
593 4740 1002 4813 κατεργάζεται
1022 4758 1040 4775 ο
1064 4737 1140 4799 οὗ
1170 4743 1281 4813 γὰρ
1313 4743 1425 4797 οὐκ
1451 4742 1583 4797 ἐστι
1611 4745 1815 4812 νόμος,

245 4834 393 4889 οὐδὲ
418 4833 780 4903 παράϐασις.

300 4926 663 4998 Θαυμάσιωὸ
683 4926 852 4995 λέγει.
875 4923 1084 4990 Οὕτως,
1109 4924 1294 4995 φησιν,
1315 4925 1350 4995 ἠ
1370 4923 1638 4996 περιτομὴ
1655 4926 1822 4997 χωρὶς

249 5020 492 5085 ⁴πίστεως
517 5019 619 5073 οὐκ
647 5018 815 5090 ἰσχύει
838 5017 1146 5083 δικαιῶσαι,
1193 5018 1316 5071 οὒδέ
1361 5017 1684 5088 προπάτορα
1741 5035 1822 5071 σοι

247 5115 408 5179 ποιεῖ,
436 5106 484 5167 ὦ
548 5111 790 5175 Ἰουδαϊε,
822 5110 912 5165 τὸν
954 5110 1228 5181 Ἀϐραὰμ,
1256 5109 1395 5162 ὥστε
1429 5109 1548 5163 οὐδέ
1583 5111 1610 5161 ό
1656 5109 1822 5179 νόμος

248 5206 333 5274 ἐφ’
360 5199 408 5274 ᾧ
441 5203 588 5275 μέγα
614 5205 850 5273 φρονεῖς,
886 5201 1196 5255 συνετέλεσέ
1225 5219 1275 5255 τι
1310 5204 1388 5266 είς
1434 5203 1533 5265 τὰς
1584 5204 1822 5270 ἐπαγγε-

247 5296 464 5368 λίαςτῷ
506 5295 781 5371 Ἀϐρααμ,
814 5295 948 5349 ἀλλὰ
981 5295 1114 5367 μόνη
1175 5297 1208 5366 ἠ
1268 5296 1469 5359 πίστις.
1556 5296 1820 5366 Ἀκροϐύ-

248 5405 355 5460 στῳ
375 5390 488 5462 γὰρ
514 5388 594 5442 ἐτι
631 5389 765 5455 όντι,
812 5389 905 5443 καὶ
931 5386 1035 5459 πρὸ
1079 5385 1173 5441 τοῦ
1230 5389 1396 5457 νόμου
1457 5388 1711 5458 ἐδόθησαν
1765 5390 1821 5441 al

261 5478 593 5548 ἐπαγγελίαι
623 5476 993 5531 πιστεύσαντι.
1020 5478 1083 5531 El
1127 5476 1221 5530 οὖν
1256 5477 1419 5540 αὐτὸς
1466 5479 1494 5531 ὁ
1548 5480 1710 5547 νόμος
1745 5479 1823 5541 είς

249 5570 342 5636 τὰς
386 5570 726 5639 ἐπαγγελίας
768 5570 922 5623 οὐδὲν
972 5569 1337 5635 συνετέλεσεν,
1390 5566 1550 5639 σχολῇ
1597 5569 1729 5637 γοῦν
1789 5571 1822 5639 ἡ

253 5662 523 5735 περιτομὴ
541 5662 675 5733 πρὸς
700 5650 1053 5732 δικαιοσύνην
1078 5660 1382 5730 ἐξαρκέσει.
1420 5688 1491 5700 --
1528 5660 1821 5714 ΙἚΝΝΑΔ.

259 5772 278 5803 I
417 5731 756 5824 κλῆρονόμον
781 5752 944 5806 αὑτὸν
965 5731 1103 5805 εἶναι
1127 5750 1220 5804 τού
1259 5751 1489 5822 κόσμου.
1531 5769 1549 5802 ι
1612 5752 1827 5822 Κληρο-

254 5842 449 5920 νομους
480 5843 580 5902 τοῦ
613 5846 820 5914 κόσμου
846 5845 972 5908 τοὺς
996 5842 1245 5907 δικαίους
1272 5842 1493 5897 ἔσεσθαί
1518 5859 1703 5914 φησιν,
1742 5846 1825 5898 ὅτι

259 5940 357 5996 τῶν
382 5937 606 5996 ἀσεϐῶν
629 5937 692 5991 ἐκ
721 5936 888 6008 μέσον
912 5933 1237 6005 γενομένων,
1263 5936 1357 5990 κάι
1414 5934 1827 6007 παραδοθέντων

1921 4750 2041 4803 dem
2065 4748 2151 4802 ubi
2180 4763 2285 4801 non
2312 4754 2387 4801 est
2420 4743 2524 4813 lex,
2542 4743 2613 4798 ibi
2637 4759 2730 4798 nec
2762 4742 3117 4813 transgressio
3149 4750 3245 4796 est.

1992 4930 2389 4988 Admirandum
2415 4936 2499 4986 est
2527 4926 2674 4999 quod
2715 4926 2872 4982 dicit.
2927 4925 3102 4992 Adeo,
3135 4924 3338 4997 inquit,
3390 4926 3499 4981 cir-

1925 5022 2190 5077 cumcisio
2209 5022 2328 5076 sine
2358 5019 2464 5074 ﬁde
2486 5018 2788 5091 justiﬁeare
2831 5016 3045 5088 nequit,
3078 5032 3259 5088 neque
3302 5032 3501 5088 proge-

1927 5113 2161 5167 nitorem
2190 5110 2290 5164 tibi
2312 5109 2444 5164 facit
2470 5106 2770 5173 Abraham,
2802 5122 2833 5162 ο
2861 5106 3073 5173 Iudaee,
3099 5116 3160 5162 ut
3183 5122 3287 5164 nec
3312 5106 3401 5162 lex
3441 5107 3500 5161 in

1926 5221 2035 5277 qua
2072 5202 2356 5259 extolleris
2387 5200 2687 5273 quidquam
2732 5201 2965 5256 Abrahae
2994 5200 3062 5255 ad
3104 5201 3502 5270 promissiones

1926 5296 2243 5359 contulerit,
2272 5291 2369 5350 sed
2398 5294 2513 5351 sola
2538 5293 2695 5349 ﬁdes.
2722 5293 2859 5348 Nam
2907 5309 3031 5349 cum
3059 5292 3241 5348 adhuc
3279 5308 3502 5364 praepu-

1930 5390 2349 5450 tiatusesset,et
2373 5395 2498 5442 ante
2520 5386 2698 5458 legem
2739 5383 2984 5440 credenti
3010 5384 3151 5439 data:
3197 5394 3327 5441 sunt
3371 5400 3502 5454 pro-

1930 5477 2239 5533 missioncs.
2271 5475 2328 5532 Si
2351 5491 2483 5550 ergo
2513 5477 2605 5532 lex
2660 5474 2778 5546 ipsa
2815 5474 2955 5529 nihil
2998 5472 3065 5529 ad
3105 5473 3503 5543 promissiones

1927 5570 2184 5635 contulit,
2214 5569 2377 5643 longe
2421 5585 2554 5641 ergo
2613 5568 2799 5624 minus
2838 5567 3187 5623 circumcisio
3228 5566 3294 5620 ad
3328 5566 3497 5636 justi-

1929 5667 2061 5721 tiam
2089 5664 2350 5720 sumciet.
2380 5684 2398 5717 ι
2435 5662 2723 5719 Haeredcm
2752 5661 2947 5717 mundi
2993 5660 3135 5716 fore.
3174 5678 3195 5713 ι
3227 5657 3491 5713 Hmredes

1930 5756 2120 5812 mundi
2155 5756 2271 5811 fore
2298 5754 2375 5810 ait
2401 5755 2580 5826 justos
2605 5772 2618 5808 :
2644 5753 2771 5825 quia
2795 5753 2980 5825 impiis
3005 5751 3073 5807 de
3098 5750 3279 5805 medio
3312 5748 3504 5805 subla-

1931 5850 2021 5911 tis,
2052 5862 2117 5902 ac
2158 5847 2214 5901 in
2256 5845 2345 5902 die
2372 5846 2565 5918 iudicii
2596 5844 2868 5915 supplicio
2906 5826 3144 5908 traditis,
3176 5841 3500 5897 universum

1933 5937 2194 6008 deinceps
2241 5935 2507 5993 mundum
2548 5934 2831 5991 habebunt
2865 5934 2997 6005 justi
3035 5933 3357 5991 innovatum
3405 5948 3505 5989 eo-
