3978 6546
490 436 596 499 399
851 485 854 490 .
1547 439 1942 502 (ECUMENll
1984 442 2274 505 TRICCIE
2314 444 2651 507 EPISCOPI
3568 539 3574 544 1
3625 460 3714 526 ίῡθ

493 558 729 622 rumque
767 550 930 598 erunt
961 543 1202 599 ccelestia
1250 543 1858 615 terrestriaquebona.
1907 546 2065 615 (Sed

2184 549 2399 606 κολάσει
2441 553 2500 604 ὲν
2526 555 2592 624 τῇ
2627 551 2728 622 τῆς
2773 553 3008 626 κρίσεως
3059 541 3294 630 main,"
3323 557 3428 614 τὸιΐ
3456 541 3714 635 σύμπαντα

491 656 590 711 per
615 640 889 710 justitiam
920 638 1066 694 ﬁdei.
1087 639 1142 694 Si
1165 639 1314 695 enim
1351 640 1386 694 ii
1412 640 1507 710 qui
1537 655 1602 695 cx
1620 641 1736 712 lege
1754 649 1905 706 sunt,
1926 661 1944 695 ι
1963 653 2065 699 etc.

2181 643 2365 696 λοιπὸν
2411 644 2616 714 κόσμον
2645 643 2855 708 ἕξουσιν
2879 646 2930 699 οί
2953 646 3148 700 δίκαιοι
3174 651 3610 710 ἀνακαινισθέντα
3635 663 3716 714 καὶ

491 735 626 792 Nam
645 736 738 807 qui
759 736 860 806 legi
884 737 1052 789 hmret
1075 743 1330 806 tanquam
1345 736 1556 789 salvum
1577 735 1818 799 facienti,
1841 739 2065 796 salutem

2178 733 2356 787 αὐτῶν
2381 734 2533 812 ἔσται
2559 736 2625 788 τὰ
2655 736 2879 805 οὐράνια
2919 738 3098 806 ἀγαθὰ
3124 741 3215 792 καὶ
3232 744 3300 795 τὰ
3332 744 3588 810 inirem:
3619 751 3717 822 Τῆς

491 844 614 899 qua:
651 844 749 899 per
781 828 942 882 ﬁdem
968 836 1052 881 est
1075 828 1320 898 negligit.
1350 848 1363 878 ι
1396 826 1656 883 llmredes
1686 840 2065 902 tantem,puta

2179 825 2440 890 πίστεως,
2469 827 2660 899 φησίν.
2695 829 2758 882 Et
2785 829 2896 901 γὰρ
2929 832 2977 884 οἱ
3006 832 3072 886 ἐκ
3095 835 3288 904 νόμου,
3327 854 3346 886 ι
3382 837 3474 890 καὶ
3502 840 3564 894 τὰ
3589 841 3717 912 ἑξῆς.

492 922 642 994 regni
665 923 950 976 cmlorum.
976 921 1095 976 Alio
1125 921 1296 976 modo.
1327 922 1463 975 Cum
1484 921 1637 991 prius
1669 922 1897 978 dixisset
1925 925 2072 994 quod

491 1013 770 1068 Abraham
797 1011 927 1065 dum
960 1011 1319 1081 prmputiatus
1336 1019 1482 1067 esset
1511 1012 1768 1080 credidit,
1794 1013 2078 1084 acjustiﬁ-

491 1114 645 1160 catus
660 1113 764 1169 est,
785 1114 845 1162 ut
866 1103 1108 1158 ﬁdelium
1131 1113 1284 1174 pater
1303 1104 1600 1159 haberetur
1617 1105 1711 1176 qui
1731 1105 1787 1160 in
1806 1107 2078 1176 prwputio

488 1204 674 1252 essent
707 1206 804 1251 :et
832 1196 903 1250 ob
936 1196 987 1250 id
1032 1205 1224 1266 postea
1251 1196 1615 1252 circumcisus
1657 1205 1761 1263 est,
1801 1207 1859 1253 ut
1881 1213 2076 1255 eorum

489 1288 654 1342 etiam
679 1295 836 1358 pater
853 1297 1224 1358 reputaretur,
1243 1287 1338 1358 qui
1365 1287 1418 1342 in
1443 1288 1865 1346 circumcisione
1885 1291 2078 1346 crede-

491 1390 615 1436 rent
649 1396 916 1451 :cumque
940 1381 1105 1435 etiam
1131 1379 1452 1436 adduxisset
1475 1396 1538 1436 ac
1559 1381 1892 1442 ostendisset
1927 1383 2075 1453 quod

489 1472 664 1541 magis
718 1477 1007 1540 reputetur
1055 1477 1214 1540 pater
1262 1475 1496 1536 eorum;
1551 1471 1644 1542 qui
1697 1471 1753 1525 in
1803 1473 2074 1542 praeputio

487 1564 881 1628 crediderunt,
923 1577 991 1618 eo
1049 1561 1196 1632 quod
1263 1573 1320 1618 et
1378 1570 1506 1618 ante
1569 1564 2072 1633 circumcisienem,

487 1647 543 1711 et
590 1665 716 1710 ante
764 1655 938 1729 legem
973 1655 1144 1725 ipsam
1176 1671 1297 1726 qua:
1341 1656 1820 1713 circumcisionem
1854 1673 2074 1728 quoque

490 1747 897 1817 complectitur,
926 1747 1041 1818 ipse
1081 1756 1137 1802 ct
1166 1747 1402 1802 credidit
1433 1756 1490 1803 et
1519 1747 1658 1804 ﬁdes
1688 1751 1810 1821 ejus
1841 1767 2074 1824 compu-

489 1849 601 1895 tata
643 1848 725 1895 est
757 1839 823 1901 ad
846 1840 1155 1912 justitiam;
1213 1839 1352 1906 haec,
1380 1840 1625 1910 inquam,
1659 1857 1782 1902 cum
1818 1843 2068 1911 dixisset,

487 1941 544 1988 et
594 1932 665 1986 ob
711 1932 905 1986 oculos
954 1934 1248 2004 posuisset,
1284 1947 1433 1988 nunc
1478 1932 1587 1987 alio
1643 1949 1864 2004 quoque
1908 1937 2073 1994 modo

490 2024 731 2095 idipsum
767 2026 1010 2091 ostendit
1040 2041 1102 2084 ac
1134 2025 1270 2080 dicit
1303 2041 1317 2079 :
1351 2023 1708 2096 Supponatur
1749 2043 1858 2082 non
1904 2028 1980 2085 ita
2013 2044 2074 2088 se

487 2118 713 2183 habere,
741 2128 800 2173 ut
830 2119 1094 2184 diximus,
1121 2119 1216 2174 sed
1245 2118 1392 2173 solos
1424 2133 1522 2173 eos
1555 2118 1648 2188 qui
1676 2134 1742 2173 ex
1772 2119 1892 2191 lege
1919 2129 2073 2185 sunt,

487 2210 736 2265 luuredes
797 2225 920 2265 esse
984 2208 1452 2280 promissionum,
1497 2224 1620 2280 quae
1670 2208 1739 2263 ad
1793 2210 2072 2266 Abraham

484 2297 641 2368 factm
666 2310 823 2356 sunt:
866 2301 1050 2371 itaque
1079 2317 1220 2356 vana
1250 2300 1353 2355 fuit
1382 2299 1519 2356 ﬁdes
1548 2301 1650 2370 ipsi
1676 2301 1926 2366 Abrahae,
1953 2302 2072 2372 ipse

483 2392 636 2446 enim
670 2401 728 2446 et
772 2401 897 2446 ante
932 2391 1130 2460 legem,
1170 2402 1228 2444 ct
1274 2391 1394 2444 sine
1437 2392 1554 2463 lege
1587 2391 1842 2446 credidit.
1889 2393 2074 2448 Inanis

485 2483 672 2554 itaque
717 2482 856 2537 facta
911 2493 996 2536 est
1047 2483 1204 2548 ﬁdes,
1233 2481 1339 2536 hoc
1383 2463 1488 2548 est,
1529 2482 1666 2536 nihil
1705 2493 1808 2551 est,
1840 2499 1904 2539 ac
1955 2493 2069 2541 tota

488 2576 609 2646 ejus
649 2575 732 2629 vis
775 2574 1071 2629 obscurata
1104 2582 1188 2628 est
1221 2592 1232 2626 :
1261 2572 1357 2628 sed
1390 2582 1447 2629 ct
1477 2575 1872 2644 promissiones
1900 2575 2071 2636 irrita

486 2666 644 2722 factae
687 2675 837 2732 sunt,
890 2674 1149 2736 tanquam
1194 2665 1420 2721 inutiles
1449 2682 1513 2722 ac
1550 2666 1903 2738 imperfectae.
1932 2670 2068 2724 Nam

488 2759 540 2814 si
581 2757 716 2831 ﬁdes
751 2767 976 2829 propter
1019 2775 1180 2829 quam
1213 2767 1331 2822 erat
1372 2760 1688 2830 promissio,
1719 2762 1895 2817 inanis
1929 2763 2068 2820 facta

485 2860 594 2917 est,
644 2851 808 2906 etiam
872 2851 1288 2922 promissiones,
1332 2869 1454 2923 qua:
1515 2853 1778 2910 videlicet
1838 2866 2069 2927 propter

488 2930 652 3001 ﬁdem
692 2945 849 3001 iacta:
883 2953 1064 3012 erant,
1101 2963 1207 3002 una
1249 2945 1597 3002 deﬂuxerunt
1643 2955 1699 3003 et
1729 2965 1880 3004 vanae
1913 2950 2068 3008 facta:

485 3044 634 3092 sunt.
665 3035 807 3103 Quid
837 3052 969 3108 ergo
1000 3036 1353 3092 haereditario
1376 3039 1502 3109 jure
1528 3038 1814 3094 habebunt
1841 3039 1935 3110 qui
1969 3057 2068 3110 per

2194 916 2252 970 Ὀ
2282 918 2390 989 γάρ
2412 918 2666 988 ἐχόμενος
2689 920 2781 974 τοῦ
2821 921 2985 992 νόμου
3035 923 3110 988 ῶς
3160 924 3443 993 σώζοντος,
3490 931 3718 1002 ἀτιμάζει

2175 1008 2272 1108 τῂν
2300 1010 2387 1108 δια
2408 1012 2642 1108 πίστεως
2662 1014 3371 1108 σωτηρίανήίίληρονόμοι»
3401 1021 3478 1087 δὲ,
3507 1017 3610 1077 οἷον
3632 1027 3718 1097 τῆς
3751 1075 3764 1108 f

2174 1099 2283 1155 τῶν
2309 1101 2554 1174 οὐρανῶν
2584 1103 2885 1173 βασιλείας.
2909 1135 2979 1145 -
3009 1107 3258 1175 Ἄλλως.
3348 1111 3494 1166 ΦΩΤ.
3517 1111 3538 1184 ]
3561 1113 3718 1170 Είπὼν

2176 1190 2438 1263 πρότερον
2470 1193 2552 1246 ὅτι
2577 1193 2666 1248 διὰ
2680 1192 2840 1250 τοῦτο
2877 1195 3211 1268 ἀκρόΰυστος
3236 1197 3314 1254 ῶν
3330 1201 3592 1274 -Ἀϐραὰμ
3615 1207 3720 1259 ἐπί-

2177 1284 2496 1342 στευσεκαὶ
2541 1285 2858 1358 ἐδικαιώθη,
2891 1287 2978 1342 ῐνα
3030 1290 3212 1360 πατὴρ
3247 1288 3472 1364 λογισθῇ
3521 1295 3618 1348 τῶν
3656 1297 3711 1351 ἐκ

2174 1375 2509 1448 ἀκροδυστίᾳ
2558 1379 2786 1444 πιστῶν,
2831 1379 2924 1433 καὶ
2977 1379 3066 1434 διὰ
3132 1381 3292 1436 τοῦτο
3377 1384 3532 1439 πάλιν
3596 1404 3721 1459 περι-

2174 1468 2410 1540 ετμήθη,
2439 1469 2527 1524 ἵνα
2561 1471 2655 1525 καὶ
2691 1471 2800 1525 τῶν
2828 1473 2887 1525 ὲν
2912 1477 3181 1546 περιτομῇ
3232 1477 3439 1530 πιστῶν
3474 1479 3636 1551 πατὴρ
3653 1499 3720 1535 νο-

2178 1560 2365 1633 μισθῇ,
2402 1563 2496 1616 καὶ
2532 1563 2831 1632 ἐπαγαγὼν
2865 1564 2961 1618 καὶ
2987 1567 3298 1631 ἀποδείξας,
3337 1569 3418 1622 ὅτι
3457 1572 3547 1622 καὶ
3587 1575 3720 1641 ιμᾶλ-

2174 1653 2264 1708 λον
2300 1654 2575 1724 λογίζεται
2605 1658 2788 1729 πατὴρ
2818 1658 2924 1713 τῶν
2962 1660 3021 1713 ἐν
3043 1660 3385 1735 ἀκροϐυστίᾳ
3401 1664 3719 1738 πιστῶν,ὃςῳ

2174 1745 2268 1799 καὶ
2295 1747 2403 1818 πρὸ
2431 1749 2528 1819 τῆς
2546 1753 2844 1821 περιτομῆς
2879 1751 2976 1804 καὶ
2990 1752 3100 1824 πρὸ
3127 1753 3296 1807 αὑτοῦ
3329 1754 3423 1807 τοῦ
3449 1756 3602 1824 νόμου
3633 1759 3716 1812 τοῦ

2175 1841 2270 1893 καὶ
2289 1841 2387 1912 τὴν
2411 1844 2710 1914 περιτομὴν
2738 1845 3107 1915 περιέχοντος,
3134 1848 3296 1912 αὐτὸς
3335 1850 3430 1902 καὶ
3463 1851 3715 1910 ἐπίστευσε

2107 1913 2147 1968 Β
2176 1935 2270 1988 καὶ
2307 1937 2340 2008 ἠ
2369 1936 2551 2000 πίστις
2580 1913 2743 1990 αὑτοῦ
2775 1913 3030 2010 ὶλογίσθη
3069 1939 3151 2002 είς
3176 1940 3544 2012 δικαιοσύνηνο
3565 1942 3717 1998 ταὺτα

2175 2027 2344 2082 εἰπὼν
2373 2029 2466 2082 καὶ
2497 2031 2877 2102 παραστήσας,
2909 2031 3006 2084 νῦν
3033 2034 3125 2087 καὶ
3149 2033 3324 2104 ἑτέρῳ
3343 2033 3524 2105 τρόπῳ
3543 2037 3596 2086 τὸ
3608 2036 3718 2089 αὐτὸ

2173 2117 2412 2209 δείκνυσι
2441 2119 2535 2173 καί
2580 2136 2744 2190 φησιν
2763 2135 2778 2150 ⁵
2817 2119 3156 2175 ’Υποκείσθω
3186 2121 3266 2192 μὴ
3284 2121 3454 2185 οὕτως
3487 2123 3715 2192 ἐχειν,ὠς

2173 2209 2406 2281 εφημεν,
2450 2211 2586 2266 ἀλλὰ
2623 2213 2748 2276 τοὺς
2773 2213 2840 2266 ἐκ
2861 2215 3025 2284 νόμου
3084 2214 3286 2286 μόνους
3323 2211 3461 2268 εἶναι
3489 2213 3715 2286 κληρονό-

2177 2319 2310 2372 μους
2348 2304 2456 2357 τιῖ.ν
2518 2303 2654 2375 πρὸς
2694 2304 2948 2377 Ἀϐραὰμ
2991 2305 3360 2377 επαγγελιῶν⁸
3413 2305 3599 2360 οὐκοῦν
3646 2308 3712 2370 είς

2177 2393 2352 2465 μάτην
2381 2394 2602 2463 γέγονεν
2628 2401 2660 2466 ἡ
2703 2396 2882 2460 πίστις
2912 2375 2994 2467 τῷ
3051 2375 3328 2468 Ἁϐραάμ.
3379 2396 3544 2461 Αὐτὸς
3593 2397 3702 2469 γὰρ,

2173 2486 2279 2556 πρὸ
2306 2486 2399 2540 τοῦ
2433 2487 2601 2558 νόμου
2632 2487 2729 2542 καὶ
2750 2487 2919 2559 χωρὶς
2939 2488 3032 2542 τοῦ
3083 2489 3252 2559 νόμου
3287 2489 3583 2544 ὲπίστευσε.
3624 2491 3713 2543 Κε-

2171 2576 2403 2630 κὲνωται
2458 2575 2570 2646 ἀρὰ
2623 2577 2656 2648 ἡ
2717 2578 2920 2644 πίστις,
2948 2580 3248 2641 τουτέστιν,
3293 2578 3444 2631 οὐδέν
3474 2581 3598 2644 ἐστι,
3634 2579 3714 2633 καὶ

2171 2669 2342 2738 αὐτῆς
2373 2669 2430 2724 τὸ
2459 2668 2580 2722 ὅλον
2610 2670 2908 2740 ἠφάνισται
2935 2686 2948 2698 °
2985 2669 3122 2724 ἀλλὰ
3159 2671 3254 2724 καὶ
3314 2673 3370 2725 αἱ
3427 2672 3711 2740 ἐπαγγελίαι

2170 2762 2616 2832 κατηργήθησαν,
2645 2757 2756 2816 οἷον
2795 2762 3058 2834 ἄχρηστοι
3083 2763 3178 2816 καὶ
3200 2764 3714 2834 ἀτέλεστοιγεγένῃν·

2169 2867 2278 2905 ται.
2302 2849 2363 2904 Εἰ
2386 2853 2538 2924 γὰρή
2561 2853 2762 2916 πίστις,
2787 2854 2854 2907 δι’
2879 2856 2944 2924 ἢν
2966 2856 2998 2924 ἡ
3017 2853 3346 2924 ἐπαγγελία,
3364 2859 3708 2928 aestumetur,

2168 2938 2411 3008 δηλονότι
2428 2943 2484 2993 ai.
2501 2942 2595 2993 ἐπὶ
2611 2945 2679 3013 τῇ
2699 2941 2877 2996 πίστει
2899 2944 3267 3014 ἐργαζόμεναι
3295 2947 3708 3018 συναπερῤύησαν

2173 3027 2550 3095 καὶ⁹γεγόνασι
2588 3029 2828 3098 φροῦδοι.
2868 3030 2933 3083 Τί
2956 3027 3048 3084 οὖν
3093 3032 3142 3083 0i
3170 3030 3260 3085 διὰ
3289 3033 3451 3104 νόμου
3479 3035 3707 3104 κληρονο-

486 3128 664 3199 legem
712 3127 1004 3192 accedunt,
1039 3127 1086 3183 si
1134 3126 1240 3184 ﬁde
1283 3127 1434 3182 inani
1471 3129 1707 3196 reddita,
1733 3129 2065 3186 simulcum

2176 3117 2428 3186 μήσουσι,
2457 3119 2554 3188 τῆς
2574 3119 2672 3188 μὲν
2701 3119 2936 3182 πίστεως
2972 3120 3328 3189 κενωθείσης,
3361 3123 3709 3192 συνεκρυείσης

487 3197 594 3276 ﬁde
632 3221 803 3275 eﬁluit
843 3219 1170 3291 promissio?
1201 3220 1365 3276 Vides
1411 3220 1557 3292 quod
1598 3236 1666 3276 eo
1705 3221 1825 3292 ipso
1859 3238 1969 3293 quo
2009 3239 2065 3279 se

2172 3207 2228 3260 δὲ
2254 3211 2321 3280 τῇ
2359 3209 2536 3262 πίστει
2565 3211 2662 3280 τῆς
2719 3211 3084 3280 ἑπαγγελίαςς
3128 3212 3300 3284 Ὀρᾷς
3328 3215 3402 3276 ὡς
3432 3215 3497 3273 δι’
3536 3209 3603 3270 ὧν
3635 3214 3707 3268 λί-

487 3316 679 3370 dicunt
719 3331 820 3385 per
862 3315 1038 3386 legem
1083 3315 1331 3370 ba3redes
1358 3315 1520 3382 eﬁici,
1552 3331 1653 3386 per
1692 3315 1797 3371 hoc
1825 3316 2070 3374 ostendi-

486 3418 578 3463 tur
606 3405 752 3476 quod
778 3405 928 3459 nullo
961 3404 1124 3460 modo
1155 3405 1401 3462 bsrcdes
1437 3406 1608 3461 ﬁant?
1991 3402 1995 3406 ’

557 3496 716 3568 253
733 3497 811 3551 lta
831 3512 960 3567 ergo
984 3495 1188 3566 duplici
1215 3498 1377 3551 modo
1396 3499 1648 3567 probavit
1672 3501 2068 3562 beatitudinem

485 3589 552 3643 ad
585 3587 912 3658 pmputium
940 3589 1110 3658 magis
1139 3592 1311 3658 aptari
1341 3585 1438 3662 per
1470 3589 1655 3656 ﬁdem,
1674 3609 1836 3663 quam
1861 3595 1928 3649 ad
1957 3595 2070 3651 cir-

487 3679 880 3735 cumcisienem
909 3696 922 3732 :
949 3679 1129 3749 primo
1153 3677 1316 3733 modo
1342 3693 1490 3738 recte
1517 3683 1888 3752 procedendo,
1911 3694 1968 3741 et
2001 3703 2071 3744 ex

487 3772 576 3827 his
612 3787 734 3842 qua:
771 3773 918 3826 circa
945 3771 1221 3826 Abraham
1251 3782 1372 3827 acta
1413 3783 1561 3828 sunt.
1599 3773 1856 3833 Secundo
1883 3787 2066 3835 autem

488 3880 614 3920 cum
634 3863 742 3918 illis
760 3864 1128 3930 consentiens,
1143 3863 1308 3935 idque
1325 3864 1470 3934 quod
1493 3865 1560 3920 ab
1577 3865 1907 3924 adversariis
1925 3869 2069 3924 dice-

487 3956 652 4012 batur
694 3971 1160 4027 pratsupponens,
1203 3971 1268 4012 ac
1321 3957 1618 4014 ostendens
1665 3959 1798 4030 quid
1839 3961 2066 4017 absurdi

487 4058 752 4120 sequatur
789 4049 857 4104 ad
899 4049 1336 4121 suppositionem
1388 4051 1632 4106 illorum.
1678 4051 1841 4107 Ponit
1883 4061 2066 4110 autem

485 4146 543 4194 et
579 4139 798 4194 tertiam
846 4139 1227 4210 probationem
1275 4157 1343 4195 ex
1378 4141 1495 4211 ipsa
1529 4142 1648 4212 lege
1685 4153 1982 4214 sumptam,
2011 4153 2067 4202 et

485 4232 600 4285 ait:
627 4231 734 4285 Lex
769 4247 876 4301 qua
908 4231 1179 4286 fulcimini
1231 4248 1343 4286 non
1373 4233 1668 4290 observata
1699 4234 1836 4289 iram
1869 4251 2066 4306 Opera-

483 4333 578 4379 tur
613 4333 711 4379 :et
754 4324 862 4378 hoc
901 4324 1048 4380 dicto
1089 4325 1144 4379 id
1191 4325 1338 4395 quod
1385 4334 1507 4380 erat
1547 4340 1895 4402 consequens
1937 4338 2062 4384 tan-

484 4433 650 4487 quam
695 4417 1044 4472 manifestum
1096 4418 1358 4488 reliquit:
1391 4416 1450 4472 Si
1491 4417 1578 4473 lex
1610 4433 1723 4474 non
1771 4419 2058 4479 observata

483 4513 620 4566 iram
651 4521 930 4580 operatur,
966 4525 1066 4566 vos
1105 4518 1286 4565 autem
1315 4511 1655 4581 praevaricati
1685 4513 1840 4579 estis,
1897 4523 1954 4570 et
1984 4515 2057 4572 ita

485 4619 593 4682 non
629 4605 805 4658 solum
839 4601 1269 4673 promissionum
1309 4601 1564 4673 indignos
1587 4618 1685 4659 vos
1713 4604 2055 4670 reddidistis,
2085 4629 2138 4690 ι)

483 4696 580 4752 sed
614 4703 670 4751 et
695 4694 1034 4767 punniemini;
1065 4694 1120 4750 id
1149 4692 1296 4749 enim
1325 4709 1542 4765 semper
1574 4696 1943 4752 comminatur
1970 4699 2060 4754 lex

483 4761 1015 4856 transgressoribus:
1045 4783 1324 4855 quomodo
1355 4799 1486 4856 ergo
1516 4783 1900 4841 salvabimini?
1922 4803 2062 4857 quo-

483 4877 648 4932 modo
674 4877 1101 4948 complebuntur.
1129 4875 1289 4932 vobis
1316 4871 1745 4948 promissiones?
1771 4878 1908 4934 Cum
1933 4897 2062 4951 ergo

479 4979 537 5028 et
560 4971 675 5026 haec
703 4981 760 5026 et
788 4970 893 5025 alia
915 4970 1062 5026 dicta
1093 4970 1226 5037 sint,
1262 4986 1327 5028 ac
1353 4969 1789 5029 demonstratum
1817 4973 1888 5028 sit
1911 4973 2058 5043 quod

479 5081 546 5119 ex
580 5064 696 5134 lege
725 5077 1074 5134 nequaquam
1107 5063 1282 5134 possit
1319 5063 1514 5121 haberi
1543 5065 1694 5120 salus
1731 5081 1744 5118 :
1781 5065 2058 5135 reliquum

390 5211 393 5213 _
479 5166 564 5212 est
588 5156 654 5210 ad
682 5157 913 5228 gratiam
938 5153 1256 5227 confugere,
1284 5173 1406 5228 quas
1431 5173 1531 5228 per
1557 5155 1718 5214 ﬁdem
1746 5167 2059 5228 praastatur,

481 5244 756 5322 siquidem
807 5261 908 5316 per
961 5245 1104 5300 hanc
1145 5245 1543 5315 promissiones
1585 5246 1971 5316 perﬁciuntur,
2005 5255 2062 5300 et

477 5332 752 5393 Abraham
783 5339 1030 5394 omnium
1063 5347 1219 5408 pater
1249 5336 1501 5393 elﬁcitur.
1530 5338 1718 5410 Itaque
1748 5339 1924 5409 ipsius
1957 5339 2060 5394 Da-

477 5431 570 5486 vid
611 5430 944 5487 beatiﬁcatio
989 5445 1114 5487 cum
1161 5430 1232 5488 sit
1274 5433 1584 5488 communis
1623 5433 1690 5489 ad
1729 5447 1924 5490 omnes
1963 5433 2058 5502 qui

477 5514 576 5590 per
605 5520 769 5576 ﬁdem
793 5524 1097 5585 salvantur,
1123 5538 1232 5577 non
1264 5521 1470 5588 minus,
1504 5522 1638 5590 quin
1671 5523 1843 5594 magis
1876 5523 2060 5592 potius

480 5614 545 5669 ad
601 5613 793 5668 ﬁdeles
840 5624 1080 5684 aptatur,
1130 5614 1224 5684 qui
1283 5614 1337 5667 in
1393 5614 1664 5684 praeputio
1719 5624 1994 5670 venerunt
2039 5630 2053 5668 :

482 5717 684 5776 quanto
732 5707 896 5761 etiam
931 5708 1083 5778 prius
1115 5707 1168 5760 in
1206 5706 1482 5772 Abraham
1517 5706 1804 5770 veritatem
1835 5706 2053 5771 habuit,

481 5811 601 5854 eum
640 5810 786 5855 esset
831 5799 885 5853 in
919 5799 1208 5872 praeputio.
1262 5818 1280 5851 ι
1316 5799 1476 5855 Irrita
1526 5799 1674 5854 facta
1709 5808 1794 5855 est
1841 5799 2054 5870 promi-

477 5889 578 5946 sio'.
620 5908 639 5943 ι
676 5890 958 5962 Tanquam
1007 5903 1192 5947 essent
1230 5891 1473 5959 inutiles,
1509 5891 1681 5960 irrita
1722 5889 1878 5947 facta:
1927 5902 2054 5947 sunt

2174 3317 2335 3371 γουσι
2360 3301 2449 3356 διὰ
2488 3304 2653 3373 νόμου
2687 3302 3063 3376 κληρονομεῖν,
3088 3302 3179 3373 διὰ
3215 3305 3420 3360 τούτων
3469 3305 3707 3360 δείκνυται

2192 3395 2444 3472 μηδόλως,
2457 3397 2556 3466 κλη
2566 3399 2844 3467 ρονομεῖν;
3655 3459 3662 3464 .

2241 3487 2428 3552 Οὕτως
2455 3487 2632 3541 τοίνυν
2675 3489 2837 3558 διχῶς
2865 3490 2964 3553 τὰς
2993 3490 3302 3556 ἀποδείξεις
3326 3493 3624 3564 ἐποιήσατο,
3639 3493 3705 3546 ὅτι

2171 3578 2199 3630 ὁ
2246 3577 2594 3650 μακαρισμὸς
2637 3579 2730 3632 ἐπὶ
2769 3579 2870 3649 τὴν
2926 3579 3014 3634 διὰ
3074 3581 3314 3645 πίστεως
3380 3585 3705 3656 ἀκροσυστξαν

2174 3668 2375 3738 μᾶλλον
2407 3668 2661 3740 ἁρμόζει,
2693 3670 2726 3742 ἢ
2756 3671 2846 3724 ἐπὶ
2874 3670 2972 3742 τὴν
3026 3678 3332 3746 περιτομήν
3351 3693 3366 3708 ο
3393 3677 3486 3748 τὴν
3517 3675 3705 3747 πρώτην

2173 3761 2275 3830 μὲν
2308 3760 2396 3814 ἐπ’
2423 3763 2637 3826 εὐθείας
2655 3765 3007 3836 προαγαγὼν,
3038 3769 3134 3820 καὶ
3160 3767 3221 3834 ἐξ
3264 3769 3445 3822 αὐτῶν
3462 3769 3562 3824 τῶν
3587 3770 3705 3824 κατὰ

2171 3851 2262 3905 τὸν
2297 3851 2546 3923 Ἀϐραὰμ
2569 3855 2962 3925 πραχθέντωνί·
3027 3858 3130 3929 τὴν
3197 3859 3454 3932 δευτέραν
3481 3861 3534 3915 δι
3598 3877 3704 3912 συν-

2168 3946 2392 4018 δραμὼν
2423 3949 2655 4012 ἐκείνοις
2694 3950 2790 4004 καὶ
2837 3949 3058 4016 ὑποθεὶς
3127 3951 3190 4005 τὸ
3241 3957 3393 4024 παρὰ
3413 3954 3518 4007 τῶν
3575 3954 3705 4005 tvmv-

2168 4039 2299 4092 τίων
2329 4039 2638 4111 λεγόμενον,
2671 4044 2766 4096 καὶ
2795 4042 2973 4109 δείξας
2995 4037 3109 4096 οἷον
3161 4046 3365 4098 ἄτοπον
3413 4047 3591 4108 ἕπεται
3642 4045 3701 4112 τῇ

2171 4130 2426 4185 ὑποθέσει
2452 4133 2653 4188 αὐτῶν.
2670 4135 2867 4206 Τίθησι
2892 4135 2948 4188 δὲ
2974 4136 3068 4189 καὶ
3090 4137 3280 4208 τρίτην
3308 4138 3569 4202 ἀπόδειξιν
3591 4137 3704 4205 λαμ-

2167 4221 2472 4294 ϐανομένην
2500 4225 2560 4291 ἐξ
2583 4225 2746 4280 αὐτοῦ
2772 4225 2864 4281 τοῦ
2894 4227 3084 4296 νόμου,
3116 4229 3208 4282 καί
3230 4245 3418 4300 φησιν’
3464 4230 3519 4282 ⁸0
3543 4229 3698 4298 νόμος,

2165 4314 2252 4384 ἐφ’
2281 4310 2326 4384 ᾧ
2344 4318 2710 4388 ἐπερείδεσθε,
2735 4320 3092 4390 παραϐαθεὶς,
3125 4323 3298 4393 ὀργὴν
3321 4323 3699 4394 κατεργάζεται.

2167 4410 2338 4464 Τοῦτο
2366 4411 2558 4478 εἰπὼν,
2583 4414 2642 4467 τὸ
2669 4414 2959 4469 ἀκόλουθον
2993 4415 3068 4479 ὡς
3125 4416 3285 4483 δῆλον
3326 4417 3618 4474 κιτέιιπενο
3649 4413 3702 4466 Εἰ

2163 4500 2257 4558 οὖν
2279 4505 2308 4558 ὁ
2341 4510 2506 4576 νόμος
2536 4508 2706 4579 ὀργὴν
2741 4507 3140 4579 κατεργάζεται
3161 4509 3539 4582 επαραῦαθεὶς,
3570 4505 3702 4574 ὑμεῖς

2163 4597 2221 4656 δὲ
2246 4599 2688 4672 παραϐεϐλήκατε,
2738 4601 2798 4655 οὐ
2839 4603 2998 4670 μόνον
3046 4603 3390 4670 ἐπαγγελιῶν
3437 4601 3532 4655 οὐκ
3597 4595 3701 4648 ἐστὲ

2163 4691 2325 4757 ἄξιοι,
2357 4691 2494 4746 ἀλλὰ
2520 4694 2613 4748 καὶ
2637 4694 3113 4764 τιμωρηθήσεσθεο
3133 4695 3293 4748 τοῦτο
3323 4696 3430 4764 γὰρ
3458 4693 3579 4762 ἡμῖν
3607 4688 3701 4740 δια-

2163 4783 2364 4846 παντὸς
2394 4786 2422 4836 ὁ
2460 4785 2624 4854 νόμος
2652 4786 3092 4857 παραϐεϐηκόσιν
3120 4789 3544 4840 ὲπανατείνεταιο
3565 4780 3700 4834 πόθεν

2161 4868 2255 4925 οὖν
2284 4875 2622 4945 σωθήσεοθες
2678 4875 2841 4929 πόθεν
2897 4877 3024 4946 ὑμῖν
3071 4879 3127 4930 αἱ
3163 4877 3484 4946 ἐπαγγελίαι
3525 4892 3540 4940 ς
3598 4867 3701 4923 ἐπεὶ

2163 4962 2258 5016 οὖν
2298 4965 2366 5018 τά
2409 4983 2470 5020 τε
2502 4965 2638 5020 ἄλλα
2690 4967 2924 5039 εἴρηται,
2959 4968 3054 5022 καὶ
3097 4970 3364 5022 δέδεικται
3419 4969 3497 5019 ὅτι
3545 4962 3628 5016 καὶ
3647 4961 3699 5010 ἐκ

2161 5051 2256 5106 τοῦ
2318 5054 2484 5126 νόμου
2533 5058 2635 5111 οὐκ
2696 5058 2843 5111 ἐστιν
2871 5059 3007 5121 ὅλως
3037 5058 3415 5130 δικαιωθῆναι,
3485 5053 3695 5107 λείπετει

2163 5151 2504 5216 καταφυγεῖν
2533 5151 2625 5203 ἐπὶ
2678 5152 2777 5222 τὴν
2797 5151 2887 5204 διὰ
2933 5151 3173 5215 πίστεως
3234 5153 3412 5223 χάριν.
3453 5147 3545 5201 Διὰ
3589 5139 3694 5198 rati-

2159 5253 2261 5305 της
2317 5237 2426 5309 γὰρ
2457 5240 2513 5291 αί
2564 5241 2889 5310 ἐπαγγελίαι
2921 5242 3306 5313 περατοῦνται,
3351 5241 3444 5294 καὶ
3470 5242 3498 5292 ό
3527 5233 3693 5303 Ἀϐραο

2160 5331 2242 5401 ἀμ
2265 5332 2483 5388 πάντων
2521 5333 2730 5402 γίνεται
2757 5339 2962 5406 πατὴρ.
3006 5336 3166 5388 Ὥστε
3205 5338 3233 5389 ὁ
3283 5334 3376 5388 τοῦ
3403 5331 3556 5385 Δαυῒὶ
3609 5340 3692 5394 μα·

2161 5421 2433 5494 καρισμδς
2483 5425 2662 5488 κοινὸς
2715 5427 2978 5497 ὑπάρχων
3026 5429 3121 5479 ἐπὶ
3175 5429 3281 5480 τῶν
3344 5425 3431 5478 διὰ
3491 5421 3690 5472 πίστεως

2162 5517 2486 5587 σωζομένων
2543 5521 2784 5585 πάντων,
2828 5523 2928 5593 οὐχ
2981 5519 3164 5594 ἧττον,
3193 5525 3326 5578 ἀλλὰ
3371 5522 3463 5574 καὶ
3515 5511 3687 5588 μᾶλλόν

2158 5611 2308 5663 ἐστιν
2330 5611 2423 5664 ἐπὶ
2463 5610 2580 5674 τῶν.
2620 5614 2679 5666 ἐν
2737 5613 3075 5687 ἀκροϐυστίᾳ
3129 5615 3337 5670 πιστῶν
3378 5608 3686 5684 ἑφαρμόζωνέ

2158 5703 2268 5774 ὅσῳ
2297 5705 2393 5759 καὶ
2435 5707 2651 5776 πρῶτον
2707 5708 2801 5761 ἐπὶ
2844 5707 2936 5761 τοῦ
2987 5710 3046 5762 ἒν
3083 5708 3418 5780 ἀκροϐυστεα
3466 5698 3684 5773 Ἀϐραάμ

2160 5797 2331 5867 ἐφάνη
2363 5798 2664 5870 ἀληθεύων.
2703 5820 2721 5852 ι
2750 5802 3108 5874 Κατὴργηται
3131 5805 3166 5875 ἡ
3207 5799 3518 5871 ἐπαγγελία.
3551 5812 3570 5846 ι
3613 5789 3683 5848 Ὧς

2157 5892 2217 5944 οὐ
2251 5890 2528 5962 χρτιὼδεις
2592 5892 2772 5963 οὖσαι,
2828 5896 3206 5970 κατήργηνται
3263 5899 3317 5953 αἱ
3377 5883 3682 5962 ἐπαγγελίαι)
