3978 6588
325 433 448 502 tos
1360 437 1747 498 COMMENT.
1788 438 1866 498 IN
1907 439 2147 502 smsr.
2178 441 2278 502 AD
2308 441 2494 502 ROM.
3467 409 3573 500 ιοδ

393 547 520 598 οὐκ
548 544 772 614 ἐγράφη
817 543 885 598 δὲ
937 544 1010 601 δι’
1049 526 1236 626 auro}
1256 547 1449 617 μόνον
1488 549 1574 604 ὅτι
1611 552 1935 622 ἐλογίσθη,

2073 555 2162 620 ιν,
2189 555 2382 621 23-25,
2433 553 2551 609 Non
2579 559 2756 608 autent
2784 551 3038 624 scriptum
3067 556 3142 604 est
3169 548 3399 621 propter
3419 547 3575 603 illum

317 637 689 705 aurci),de
717 639 815 692 καί
861 639 934 692 δι’
971 637 1131 710 ἡμᾶς
1179 635 1270 707 οἷς
1311 641 1524 711 μέλλει
1561 644 1899 714 λογίζεσθαι

2042 645 2173 700 nium
2206 647 2344 715 quod
2376 648 2697 717 imputatum
2735 646 2802 699 sit
2851 645 2972 715 ipsi,
3028 642 3118 698 sed
3159 643 3318 696 etiam
3368 649 3580 713 propter

325 731 447 798 τοῖς
473 732 875 785 πιστεύουσιν
901 731 1001 786 ἐπὶ
1029 731 1138 786 τὸν
1159 733 1471 804 ἐγείραντα
1521 735 1766 804 Ἰησοῦν
1795 737 1902 789 τὸν

2044 755 2100 792 os
2118 739 2302 809 quibus
2327 737 2678 810 imputabitur
2731 737 3058 792 credentibus
3112 736 3168 790 in
3199 750 3318 788 eum
3347 735 3437 806 qui
3462 750 3580 786 sus-

319 824 546 892 Κύριον
591 823 762 892 ήμῶν
813 825 886 878 ἐκ
933 824 1186 893 νεκρῶν,
1229 825 1296 892 ὃς
1338 828 1641 898 παρεδόθη
1687 827 1785 882 διὰ
1830 829 1918 883 τὰ-

320 911 767 981 παραπτὼματα
789 910 980 982 ἡμῶν,
1017 913 1113 967 καὶ
1144 913 1363 984 ἠγέρθη
1405 915 1504 972 διὰ
1526 917 1639 986 τὴν
1671 916 1904 972 δικαίωο

319 1021 428 1058 σιν
455 1003 648 1075 ήμῶν.

393 1091 530 1146 Εἶτα
563 1093 654 1147 ἵνα
699 1094 776 1166 μὴ
827 1094 1061 1165 λέγωσιν
1119 1097 1170 1150 oi
1209 1098 1497 1168 ἀκροαταὶ,
1527 1101 1638 1156 Καὶ
1674 1102 1726 1155 τί
1768 1101 1908 1174 πρὸς

2006 829 2185 883 citavit
2215 828 2396 882 Jesum
2425 829 2709 883 Dominum
2740 836 2974 882 nostrum
2999 844 3031 880 a
3056 826 3276 880 mortuis
3311 847 3320 877 :
3346 825 3440 905 qui
3464 831 3596 876 tra-'

2006 919 2146 974 ditus
2175 921 2273 990 fuit
2291 929 2503 991 propter
2524 929 2738 990 peccata
2756 927 2960 986 nostra,
2979 927 3030 973 et
3053 917 3339 974 resurrexit
3370 906 3596 987 propter

2003 1009 2445 1083 justiﬁeationem
2475 1018 2738 1066 nostram.
3321 1026 3324 1028 ·

2078 1103 2158 1158 Ne
2183 1103 2677 1158 dieautauditores
2705 1118 2719 1157 :
2749 1102 2818 1157 Et
2848 1101 2979 1174 quid
3023 1102 3089 1157 ad
3122 1101 3259 1157 nos?
3294 1101 3388 1156 llle
3434 1099 3582 1154 enim

319 1187 509 1256 ἡμᾶς
541 1187 750 1253 ἐκεῖνος
791 1188 901 1260 γὰρ
941 1190 1234 1263 ἐδικαιώθη
1259 1208 1274 1223 ·
1300 1195 1519 1265 ἐπάγει,
1542 1194 1624 1249 ὅτι
1643 1194 1817 1250 ταῦτα
1843 1196 1904 1250 οὗ

2042 1195 2342 1254 ustiﬁcatus
2364 1205 2468 1259 est,
2495 1210 2606 1251 non
2645 1210 2747 1251 nos
2785 1212 2799 1250 :
2832 1195 3117 1268 subiungit
3157 1197 3304 1266 quod
3337 1196 3453 1250 haec
3476 1193 3602 1250 non'

321 1279 484 1348 χάριν
519 1281 682 1348 μόνου
715 1279 812 1334 τοῦ
838 1284 1176 1354 πατριάρχου
1209 1285 1540 1356 γέγραπται,
1567 1287 1813 1342 ἀλλὰκαὶ
1839 1289 1906 1345 δι’

323 1370 502 1438 ἡμᾶς,
538 1369 624 1422 ἵνα
644 1372 994 1443 παράδειγμα
1023 1375 1116 1428 τὸν
1173 1376 1426 1448 ’Δὸραὰμ
1455 1377 1692 1448 ἔχοντες,
1725 1379 1910 1434 πιστοί

320 1479 379 1514 τε
402 1464 610 1533 ὁμοίως
648 1463 950 1536 γινώμεθα,
1009 1469 1102 1522 καὶ
1144 1470 1398 1541 ὁμοίωςὴ
1433 1471 1616 1536 πίστις
1643 1474 1776 1544 ἡμῖν
1831 1475 1912 1538 εἰς

319 1555 680 1627 δικαιοσύνην
711 1557 1010 1631 λογίζηται.
1025 1581 1044 1614 ι
1067 1562 1191 1617 Ἐπὶ
1205 1563 1296 1618 τὸν
1313 1565 1605 1635 ἐγείραντα
1620 1564 1846 1634 Ἰησοῦν.
1884 1585 1904 1619 ι

321 1645 560 1714 Εὑφυῶς
609 1648 889 1709 εἰσέϐαλεν
948 1655 1026 1717 είς
1071 1653 1164 1708 τὸν
1193 1654 1321 1724 περὶ
1364 1656 1461 1710 τοῦ
1491 1657 1701 1728 Κυρίου
1734 1658 1910 1728 λόγον,

323 1741 424 1793 καί
451 1758 639 1810 φησιν·
674 1743 751 1795 Οὐ
783 1743 871 1796 διὰ
903 1743 1000 1808 τὰς
1050 1746 1257 1816 οἰκείας
1291 1747 1568 1819 ἁμαρτίας
1618 1747 1930 1814 ἁπέθανενι

2011 1286 2184 1342 solius
2241 1287 2572 1358 patriarchae
2603 1289 2778 1359 gratia
2827 1289 3033 1358 scripta
3072 1299 3224 1351 sunt,
3287 1285 3384 1343 sed
3417 1287 3585 1341 etiam

2011 1385 2240 1450 propter
2269 1393 2388 1445 nos,
2414 1387 2495 1446 ut,
2529 1378 2764 1434 Abrahae
2783 1377 3404 1450 exemplumihahentes,
3422 1376 3586 1432 simili

2012 1473 2178 1527 modo
2203 1471 2766 1536 ﬁdeles'eﬁieiamur,
2825 1478 2882 1527 et
2927 1472 3185 1526 similiter
3255 1469 3391 1524 ﬁdes
3433 1468 3592 1522 nobis

2017 1565 2328 1636 imputetur
2381 1565 2448 1620 ad
2479 1564 2771 1636 justitiam.
2815 1583 2832 1615 ι
2870 1565 2931 1619 ιη
2987 1580 3114 1619 cum
3163 1563 3259 1633 qui
3307 1558 3593 1617 suscitavit

2013 1657 2223 1714 Jesum.
2265 1677 2283 1709 ι
2315 1656 2640 1714 Sermonem
2692 1657 2761 1712 de
2815 1657 3049 1712 Domino
3116 1664 3240 1725 apte
3306 1643 3593 1724 aggressus

2015 1759 2121 1813 est,
2158 1757 2215 1803 et
2241 1749 2319 1804 ait
2344 1765 2356 1802 :
2392 1750 2512 1806 Non
2542 1758 2771 1820 propter
2792 1765 2889 1805 sua
2926 1757 3152 1820 peccata
3188 1751 3442 1802 mortuus
3470 1753 3546 1799 est
3575 1761 3589 1807 ;

325 1832 456 1885 ἐπεὶ
519 1833 654 1887 οὐδὲ·
685 1836 1058 1906 ἀνασταθῆναι
1098 1838 1262 1893 αὑτὸν
1293 1839 1401 1894 ἔδει
1441 1839 1633 1911 ὥσπερ
1661 1841 1782 1895 οὐδὲ
1807 1840 1914 1912 πρὸ

2042 1857 2146 1896 tam
2171 1842 2278 1897 hoc
2335 1847 2500 1896 modo
2557 1859 2668 1897 non
2719 1841 3005 1898 debuisset
3059 1856 3374 1912 resurgere,
3429 1838 3593 1894 sicuti

326 1923 532 1992 τούτου,
554 1943 662 1990 τις,
692 1928 829 1982 ἀλλὰ
853 1930 941 1984 διὰ
966 1931 1064 1994 τὰς
1094 1931 1252 2002 ἡμῶν
1287 1933 1584 2004 ἁμαρτίας,
1614 1934 1701 1987 ἵνα
1725 1933 1783 2000 ἐξ
1812 1934 1913 1987 αὖ·

2042 1949 2195 2004 quue
2225 1933 2496 2004 quispiam
2554 1943 2683 1990 ante
2743 1934 2920 1999 illum,
2989 1932 3085 1992 sed
3142 1945 3368 2004 propter
3407 1938 3594 1985 nostra

326 2017 439 2068 τῶν
453 2019 604 2087 ἡμᾶς
633 2021 937 2092 ἀπαλλάξῃ.
969 2042 988 2075 ι
1008 2025 1118 2078 Καὶ
1144 2024 1354 2096 ἠγέρθη
1389 2025 1480 2080 διὰ
1507 2025 1606 2097 τὴν
1632 2027 1916 2081 δικαίωσιν

2042 2033 2334 2088 ιθεοιιιε,υι
2359 2039 2462 2078 nos
2477 2023 2545 2080 ab
2559 2025 2640 2079 eis
2662 2025 2941 2079 liberaret.
2962 2022 3122 2098 257
3149 2043 3165 2074 ι
3197 2024 3262 2077 Et
3289 2021 3593 2077 resurrexit

329 2111 514 2179 ἡμῶν.
541 2131 561 2163 ι
609 2113 747 2178 Ἵνα,
786 2115 940 2183 φησὶ,
987 2119 1256 2189 δικαιώσῃ
1295 2120 1466 2190 ἡμᾶς,
1500 2120 1597 2173 καὶ
1631 2120 1932 2190 ἀπαλλάξῃ.

2042 2125 2248 2186 irOpter
2276 2115 2727 2188 justiﬁeatiouem
2757 2127 3024 2172 nostram.
3067 2135 3084 2166 ι
3135 2116 3204 2171 Ut
3236 2130 3358 2180 nos,
3393 2114 3593 2184 inquit,

329 2201 646 2270 ἁμαρτιῶν.
677 2206 751 2257 Οὐ
780 2205 889 2278 γὰρ
913 2207 1001 2260 διὰ
1019 2207 1176 2262 τοῦτο
1191 2211 1617 2280 οἰκειωσάμενος
1645 2211 1742 2273 τὰς
1762 2211 1920 2282 ἡμῶν

2043 2207 2362 2271 ustiﬁcaret,
2403 2215 2461 2261 et
2493 2222 2524 2260 a
2552 2207 2794 2277 peccatis
2852 2207 3134 2262 liberaret.
3187 2206 3375 2276 Neque
3447 2203 3622 2260 ettim'

331 2296 637 2366 ἁμαρτίας,
670 2298 824 2369 δίκην
877 2301 1108 2358 θανάτου
1157 2300 1388 2354 δέδωκεν
1428 2302 1570 2372 ὑπὲρ
1620 2303 1798 2372 ἡμῶν,
1835 2303 1926 2356 ἵνα

334 2389 484 2454 ἡμᾶς
542 2389 877 2454 ὑπευθύνους
911 2393 1003 2444 καὶ
1055 2392 1338 2460 χρεώστας
1371 2393 1471 2467 ἔχῃ
1507 2396 1760 2459 θανάτου,
1803 2396 1921 2450 ἀλλ’

339 2481 429 2533 ἶνα
459 2481 726 2556 δικαιώσῃ
759 2485 926 2553 ἡμᾶς,
962 2484 1187 2549 ζωώσας
1216 2488 1445 2557 νεκροὺς
1474 2487 1631 2552 ὄντας
1657 2491 1722 2559 τῇ
1743 2490 1924 2560 ἀμαρ-

335 2571 455 2643 τίᾳ,
518 2574 610 2626 καὶ
660 2575 844 2629 τέλεον
895 2577 1219 2642 ἀνευθύνους
1271 2578 1408 2649 ἀφῇ,
1461 2576 1650 2649 ὥσπερ
1701 2583 1794 2633 καὶ
1829 2579 1923 2632 τὸν

348 2665 602 2737 Ἀϐραὰμ
631 2668 729 2720 καὶ
788 2668 889 2740 τὴν
919 2668 1021 2740 τῆς
1047 2670 1266 2741 Σὰρῤας
1302 2671 1514 2741 μήτραν
1542 2671 1620 2742 τῷ
1648 2671 1797 2743 γήρᾳ
1830 2672 1924 2726 καὶ

334 2761 408 2829 τῇ
476 2759 782 2832 στειρότητι
835 2762 1206 2835 νεκῳθέντας
1271 2762 1558 2828 ἀνεζώωσε
1613 2766 1679 2837 τῇ
1737 2781 1926 2818 τεκνοο

338 2850 522 2922 γονέα.

927 2946 1180 3004 ΚΕΦΑᾹ.
1218 2952 1275 3017 ς
1274 2955 1310 3004 ⁸.

633 3040 770 3109 Περὶ
801 3040 914 3110 τῆς
950 3043 1352 3114 ἀποκειμένης
1377 3043 1645 3110 ἐλπίδος.

422 3131 846 3199 Δικαιωθέντες
890 3130 1004 3190 οὖν
1036 3135 1106 3189 ἐκ
1132 3135 1394 3203 πίστεως
1423 3137 1678 3205 εἰρήνην
1700 3137 1938 3207 ἔχωμεν.

340 3221 502 3299 πρὸς
529 3223 676 3288 Θεὸν
699 3223 796 3278 διὰ
829 3224 934 3280 τοῦ
961 3226 1185 3294 Κυρίου
1215 3227 1386 3297 ήμῶν
1415 3228 1612 3294 Ἰησοῦ
1645 3229 1928 3296 Χριστοῦ·

339 3294 428 3367 δ’ιέ
464 3311 537 3372 οὗ
559 3317 654 3370 καὶ
684 3317 798 3385 τὴν
823 3319 1226 3389 προσαγωγὴν
1245 3294 1599 3390 ἐσχήκαμεν
1630 3294 1709 3389 τῆ
1735 3323 1935 3376 πίστει
1962 3294 2003 3352 c

339 3411 441 3474 είς
471 3408 586 3477 τὴν
610 3410 786 3480 χάριν
807 3412 1052 3480 ταύτην,
1083 3412 1152 3466 ὲν
1181 3406 1221 3484 ᾖ
1269 3412 1637 3482 ἑστήκαμεν,
1668 3414 1768 3469 καὶ
1793 3429 1935 3469 καυ-

344 3498 591 3576 χώμεθα
616 3500 707 3553 ἐπ’
735 3502 942 3559 ἐλπίδι,
967 3502 1078 3572 τῆς
1101 3501 1287 3571 δόξης
1304 3504 1412 3558 τοῦ
1435 3504 1608 3564 Θεοῦ.

432 3591 554 3654 Πῶς
591 3592 635 3644 δ’
670 3591 735 3646 ἄν
763 3611 848 3656 τις
899 3592 1171 3664 εῐρηνεύοι
1206 3594 1343 3664 πρὸς
1381 3593 1473 3647 τὸν
1507 3595 1672 3660 Θεόν;
1707 3595 1935 3648 ἀκολου-

348 3682 469 3735 θῶν
498 3686 619 3746 ταῖς
652 3682 894 3747 ἐντολαῖς
932 3685 1122 3749 αὑτοῦ,
1149 3684 1225 3748 ὡς
1255 3686 1281 3740 ὃ
1305 3703 1368 3754 γε
1399 3687 1752 3758 ἁμαρτάνων,
1781 3687 1939 3741 πολε-

350 3777 452 3845 μεῖ
487 3774 628 3845 Θεῷ.
669 3775 778 3828 Καὶ
809 3774 983 3840 οὕτως
1006 3792 1020 3806 ο
1057 3777 1308 3857 Δειίκνυσι
1339 3779 1466 3841 τοὺς
1501 3777 1789 3842 Ἰουδαίους
1813 3797 1940 3832 σται-

351 3867 647 3932 σιάζοντας
679 3869 814 3937 πρὸς
845 3871 1050 3934 πίστιν,
1087 3871 1183 3934 καῗι
1225 3870 1304 3941 μὴ
1331 3872 1805 3943 παραδεχομένους
1844 3874 1966 3925 τδνε

349 3961 569 4031 Κύριον
591 3960 750 4034 ἡμῶν
784 3960 992 4032 Ἰησοῦν
1040 3962 1298 4032 Χριστὸν,
1329 3962 1423 4016 καὶ
1450 3963 1588 4034 πρὸς
1609 3964 1778 4040 αὐτὸν,
1806 3981 1938 4019 cta-

353 4054 576 4116 σιάζειν
604 4053 694 4106 τὸν
721 4053 956 4124 Πατέρα,
972 4053 1064 4106 τὸν
1096 4054 1388 4123 ἐγείραντα
1415 4056 1575 4114 αὑτὸν
1605 4057 1670 4109 ἐκ
1705 4056 1937 4127 νεκρῶν.

355 4145 484 4200 Ἵνα
524 4147 650 4216 γὰρ,
685 4147 840 4216 φησὶ,
868 4147 1250 4217 δικαιωθῶμεν
1277 4149 1460 4218 ἡμεῖς,
1478 4149 1566 4202 διὸ.
1582 4148 1742 4204 τοῦτο
1761 4151 1856 4204 καὶ
1883 4152 1940 4203 ὲν

357 4239 582 4306 νεκροῖς
609 4237 860 4309 ἐλογίσθη
881 4238 992 4308 ,καὶ
1014 4238 1215 4307 ἀνέστη
1251 4239 1316 4290 ἐκ
1349 4238 1456 4290 τῶν
1479 4238 1711 4310 νεκρῶν.
1753 4238 1943 4310 Ὑμεῖς

357 4330 424 4382 δὲ
445 4330 508 4383 οὐ
544 4329 964 4401 προσδεχόμενοι
995 4331 1178 4396 αὑτὸν,
1205 4331 1298 4384 καὶ
1322 4330 1400 4401 τῷ
1449 4333 1623 4401 Harp!
1654 4331 1942 4403 πολεμεῖτε
1973 4361 1976 4366 -

358 4426 445 4495 τῷ
473 4425 838 4494 ἀναστήσαντι
861 4426 1040 4480 αὐτόν.
1084 4426 1223 4479 Ἀλλ’
1246 4430 1294 4482 οἱ
1315 4428 1720 4492 δικαιωθέντες,
1755 4430 1941 4497 φησὶν,

363 4519 596 4588 εἰρήνην
641 4519 853 4587 ἔχωμεν
903 4520 1042 4590 πρὸς
1092 4520 1184 4574 τὸν
1235 4520 1478 4592 Πατέρα,
1545 4521 1945 4593 καταλύσωμεν

2021 2297 2232 2352 idcirco
2261 2305 2449 2351 nostra
2470 2305 2692 2367 peccata
2722 2297 2828 2352 sibi
2855 2296 3079 2368 propria
3103 2296 3254 2362 fecit,
3305 2311 3371 2351 ac
3403 2295 3598 2349 mortis

2022 2403 2240 2459 poenam
2266 2404 2368 2459 pro
2388 2390 2548 2445 nobis
2574 2389 2702 2457 luit,
2723 2406 2833 2460 quo
2860 2405 2986 2446 reos
3005 2406 3069 2446 ac
3091 2389 3288 2445 mortis
3315 2387 3599 2444 debitores

2022 2498 2126 2537 nos
2150 2482 2382 2538 haberet
2411 2499 2426 2538 :
2457 2485 2552 2540 sed
2579 2493 2751 2540 uteos
2774 2485 3119 2558 iustiﬁcaret,
3152 2484 3352 2539 donata
3377 2483 3488 2538 vita
3515 2483 3602 2536 his

2025 2575 2122 2646 qui
2154 2576 2211 2631 in
2247 2576 2495 2646 peccatis
2548 2579 2758 2633 mortui
2809 2587 2989 2644 erant,
3038 2586 3094 2633 et
3149 2575 3391 2648 perfecte
3447 2579 3626 2630 reatu

2024 2667 2235 2725 liberos
2263 2669 2568 2725 dimitteret
2592 2687 2606 2725 :
2637 2669 3101 2741 quemadmodum
3157 2676 3214 2724 et
3239 2667 3514 2722 Abraham
3539 2681 3602 2720 ac

2029 2762 2177 2819 Sara:
2209 2763 2504 2818 matricem
2544 2773 2828 2821 senectute
2849 2780 2914 2820 ac
2941 2764 3230 2822 sterilitate
3255 2763 3365 2832 jam
3419 2776 3604 2817 emor-

2029 2867 2156 2914 tuos
2179 2856 2307 2913 vitae
2343 2857 2605 2925 restituit,
2634 2857 2982 2928 ﬁliorumque
3001 2853 3393 2928 procreatioui.

2663 2950 2887 3006 CAPUT
2917 2950 3007 3006 Vl.

2563 3044 2641 3101 De
2690 3045 2917 3113 reposita
2938 3061 3048 3114 spe.

2106 3139 2180 3202 ν,
2219 3138 2268 3202 1,
2289 3138 2343 3192 3.
2375 3135 2666 3206 Justiﬁcati
2693 3152 2818 3207 ergo
2852 3151 2916 3189 ex
2937 3135 3065 3203 ﬁde,
3105 3149 3289 3205 pacem
3317 3129 3604 3186 habeamus

2037 3245 2164 3299 erga
2201 3228 2367 3282 Deum
2394 3243 2486 3298 per
2514 3227 2802 3280 Dominum
2834 3235 3074 3281 nostrum
3098 3225 3280 3280 Jesum
3315 3221 3607 3279 Christum.

2039 3337 2134 3390 per
2163 3336 2315 3391 quem
2342 3329 2393 3373 et
2423 3335 2691 3373 accessum
2744 3318 3024 3373 habuimus
3054 3335 3146 3389 per
3171 3317 3329 3386 ﬁdem
3357 3314 3415 3368 in
3479 3314 3615 3367 hanc

2038 3413 2295 3483 gratiam,
2347 3412 2408 3466 in
2447 3427 2554 3482 qua
2601 3412 2864 3479 stetimus,
2915 3420 2964 3465 et
3009 3409 3302 3482 gloriemur
3351 3405 3412 3461 ob
3467 3419 3612 3475 spem

2038 3503 2222 3576 gloriae
2243 3504 2360 3559 Dei.
3293 3503 3296 3505 ’

2109 3595 2399 3663 Quomodo
2449 3603 2636 3652 autem
2670 3595 2875 3650 habere
2905 3593 3398 3666 poteritquispiam
3423 3610 3614 3666 pacem

2037 3705 2164 3760 erga
2191 3690 2366 3744 Deum
2396 3689 2419 3743 ?
2451 3689 2500 3744 si
2525 3699 2791 3760 sequatur
2824 3696 3096 3758 praecepta
3139 3687 3259 3759 ejus
3291 3705 3306 3742 :
3352 3688 3618 3759 quemad-

2041 3781 2266 3836 modum
2295 3796 2428 3837 sane
2452 3781 2502 3837 is
2524 3781 2619 3852 qui
2652 3789 2864 3852 peccat,
2923 3779 3034 3834 Deo
3086 3793 3331 3851 pugnare
3381 3779 3610 3836 dicitur.

2040 3875 2157 3929 Hoc
2185 3884 2450 3944 praeterea
2473 3875 2637 3930 modo
2665 3892 2680 3929 :
2719 3871 2971 3929 Ostendit
2991 3870 3208 3928 Judteos
3231 3871 3325 3943 qui
3359 3871 3620 3929 seditiose.

2043 3967 2410 4022 movebantur
2434 3967 2699 4022 adversus
2746 3965 2932 4031 ﬁdem,
2994 3978 3100 4019 nec
3133 3964 3480 4034 recipiebant
3515 3965 3621 4019 bo-

2043 4059 2260 4113 minum
2289 4067 2540 4114 nostrum
2558 4059 2746 4113 Jesum
2781 4056 3083 4120 Christum,
3115 4070 3245 4125 erga
3277 4055 3457 4124 ipsum
3486 4071 3623 4125 quo-

2043 4163 2150 4219 que
2174 4149 2394 4203 Patrem
2425 4147 2689 4203 seditiose
2716 4159 2877 4216 agere
2896 4145 2990 4215 qui
3016 4144 3169 4199 illum
3201 4158 3231 4197 a
3261 4145 3620 4199 mortuis-su-
3645 4141 3650 4162 ²

2043 4241 2287 4297 seitavit.
2317 4241 2456 4296 Nam
2492 4249 2552 4295 ut
2573 4253 2693 4305 nos,
2725 4239 2926 4308 inquit,
2957 4236 3346 4309 justiﬁcemur,
3412 4235 3624 4292 ideirco

2045 4334 2193 4389 inter
2236 4342 2488 4389 mortuos
2532 4341 2821 4403 reputatus
2841 4339 2928 4386 est
2948 4340 3004 4386 et
3036 4331 3324 4386 surrexita
3345 4331 3580 4386 mortuis
3607 4348 3620 4384 :
3651 4343 3654 4352 ‘

2045 4441 2146 4482 vos
2166 4433 2351 4481 autem
2377 4426 2427 4480 si
2451 4441 2581 4480 eum
2613 4440 2726 4481 non
2747 4423 3049 4493 suscipitis,
3082 4412 3347 4479 adversus
3401 4423 3620 4478 Patrem

2047 4534 2270 4590 quoque
2301 4517 2526 4574 bellum
2553 4517 2764 4589 geritis,
2800 4517 2893 4587 qui
2922 4531 3048 4571 eum
3083 4517 3390 4572 suscitavit.
3421 4513 3624 4569 Verum

361 4610 590 4676 τελείως
635 4612 724 4663 τὸν
750 4611 886 4682 πρὸς
912 4612 1074 4665 αὐτὸν
1093 4613 1352 4683 πόλεμον.
1372 4614 1494 4678 Πῶς
1511 4615 1567 4668 δὲ
1580 4615 1935 4682 καταλύεται;

2046 4608 2356 4681 iustiﬁcati,
2389 4609 2590 4680 inquit,
2619 4622 2806 4678 pacem
2843 4607 3144 4662 habeamus
3192 4620 3321 4677 erga
3384 4607 3624 4667 Patrem,

361 4703 457 4757 διὰ
488 4702 702 4766 τελείας
732 4705 826 4756 καὶ
849 4704 1173 4759 ἀδιστὰκτου
1213 4707 1450 4770 πίστεως
1481 4706 1579 4777 τῆς
1609 4708 1688 4769 εἰς
1713 4707 1805 4760 τὸν
1826 4707 1943 4760 KG-

369 4813 489 4868 ριον
521 4797 676 4866 ἡμῶν
720 4796 931 4865 Ἰησοῦν
981 4797 1249 4868 Χριστὸν’
1279 4798 1441 4860 αὐτὸς
1477 4799 1586 4869 γάρ
1615 4799 1764 4852 ἐστιν
1795 4801 1822 4852 ὁ
1850 4799 1944 4852 καὶ

367 4889 665 4958 προσάγων
697 4890 838 4960 ἡμᾶς
874 4888 1023 4958 αὐτῷ
1075 4889 1153 4958 τῷ
1201 4889 1392 4958 Πατρὶ.
1428 4908 1445 4939 ι
1483 4890 1581 4943 Διὰ
1614 4888 1707 4942 τοῦ
1736 4889 1944 4960 Κυρίου

369 4983 554 5050 ἡμῶν.
589 5000 607 5032 ι
644 4981 707 5033 Εἰ
752 4980 861 5051 γὰρ
901 4981 969 5034 δι’
1021 4980 1186 5034 αὑτοῦ
1236 4981 1344 5034 τῶν
1379 4980 1788 5050 προγεγονότων
1826 4981 1946 5034 siu-

365 5073 666 5144 τρώθημεν
729 5073 1034 5144 ἁμαρτιῶν,
1093 5071 1162 5125 δι’
1201 5071 1366 5125 αὑτοῦ
1419 5072 1583 5126 πάλιν
1617 5073 1713 5126 καὶ⁵
1741 5073 1840 5141 τῆς
1869 5073 1950 5138 εἰς

367 5165 537 5218 αὐτὸν
571 5164 808 5226 πίστεως
834 5163 1102 5234 μενοῦμεν
1132 5163 1208 5233 μὴ
1241 5163 1675 5234 ἁμαρτάνοντες.
1693 5163 1818 5216 Καὶ
1842 5162 1953 5232 γὰρ

367 5255 600 5326 εὐχερὲς
631 5253 832 5325 μᾶλλον
865 5253 1120 5324 φυλάξαι,
1162 5254 1195 5324 ἢ
1243 5241 1550 5323 κτήσασθαι
1579 5254 1648 5307 τὰ
1677 5252 1858 5322 ἀγαθὰ
1883 5255 1952 5324 τῇ

367 5349 542 5405 αὐτοῦ
573 5348 853 5420 συνεργίᾳ.
894 5366 914 5400 ι
948 5349 1024 5400 Δι’
1051 5339 1112 5400 οὗ
1155 5349 1251 5403 καὶ
1271 5349 1371 5418 τὴν
1399 5346 1767 5418 προσαγωγὴν
1796 5347 1955 5418 ἐσχή-

370 5460 578 5510 καμεν.
613 5461 633 5493 ι
671 5442 748 5495 Δι’
800 5441 966 5495 αὐτοῦ
1021 5442 1132 5514 γὰρ
1193 5440 1584 5514 προσήχθημεν
1624 5440 1704 5510 τῷ
1757 5438 1954 5510 Πατρί.

378 5557 398 5588 ι
434 5539 502 5591 Εἰ
537 5533 631 5590 οὖν
658 5534 879 5606 μακρὰν
909 5535 1081 5602 ὄντες,
1116 5535 1284 5604 ὲγγὺς
1300 5535 1605 5604 γεγόναμεν
1630 5532 1707 5604 τῷ
1739 5518 1957 5602 θανάτῳ

371 5629 566 5694 αὑτοῦ,
614 5628 795 5699 πολλῷ
855 5629 1057 5700 μᾶλλον
1107 5626 1276 5697 ἐγγὺς
1322 5627 1512 5690 ὄντες,
1567 5625 1956 5698 είρηνεύσομεν

373 5723 521 5794 πρὸς
547 5723 710 5776 αὑτὸν
774 5723 957 5794 χάριτι
1014 5721 1202 5778 αὐτοῦ.
1248 5740 1265 5774 ι
1297 5721 1378 5792 Τῇ
1434 5719 1634 5775 πίστει.
1683 5739 1700 5770 ι
1733 5717 1856 5782 Θεὶς
1891 5717 1959 5772 τὰ

447 5901 500 5935 ⁸⁸
528 5899 740 5984 Ephes.
773 5915 834 5965 ll,
880 5899 967 5955 18.

2051 4702 2260 4757 bellum
2287 4701 2437 4772 quod
2458 4700 2724 4755 adversus
2746 4699 2898 4753 illum
2935 4706 3040 4763 est,
3094 4697 3340 4768 perfecte
3355 4697 3627 4753 dissolva-

2051 4810 2194 4850 mus.
2252 4794 2374 4861 Quo
2403 4802 2587 4848 autem
2608 4791 2774 4846 modo
2798 4790 3159 4846 dissolvitur?
3185 4789 3430 4860 perfecta
3463 4789 3628 4844 indu-

2052 4889 2339 4958 bitataque
2370 4886 2480 4942 ﬁde
2513 4900 2635 4956 quae
2657 4882 2822 4940 estin
2849 4882 3139 4938 Dominum
3170 4882 3626 4938 nostrumJesum

2052 4981 2334 5038 Christum
2359 4997 2377 5032 :
2410 4979 2529 5048 ipse
2559 4976 2713 5032 enim
2729 4984 2815 5031 est
2842 4975 2936 5045 qui
2965 4989 3066 5030 nos
3091 4975 3156 5029 ad
3188 4975 3406 5028 Patrem
3456 4974 3631 5029 addu-
3659 5005 3662 5008 -

2056 5074 2152 5130 cit.
2188 5091 2207 5125 ι
2259 5073 2366 5128 Per
2396 5070 2692 5126 Dominum
2715 5076 2984 5122 nostrum.
3026 5086 3048 5120 ι
3091 5067 3228 5121 Nam
3266 5065 3314 5121 si
3367 5081 3468 5137 per
3504 5082 3630 5121 eum

2058 5181 2089 5221 a
2125 5163 2422 5236 praeteritis
2441 5160 2780 5217 redimamur
2807 5159 3065 5230 peccatis,
3097 5169 3315 5213 rursum
3345 5173 3446 5228 per
3479 5158 3631 5212 illum
3657 5163 3664 5174 ‘

2061 5257 2115 5311 in
2139 5256 2247 5313 ﬁde
2275 5269 2398 5326 qua
2421 5253 2474 5309 in
2499 5269 2629 5309 eum
2655 5252 2874 5309 estsine
2892 5260 3120 5322 peccato
3135 5249 3635 5320 perseverabimus.

2063 5348 2301 5405 Facilius
2323 5363 2559 5417 namque
2576 5355 2662 5402 est.
2678 5345 2822 5402 bona
2848 5358 3198 5410 conservare,
3228 5357 3394 5414 quam
3416 5342 3639 5414 proprio

2066 5450 2240 5496 marte
2265 5449 2362 5495 aut
2417 5438 2814 5510 cooperatione
2865 5444 3054 5493 nostra
3105 5435 3417 5505 acquirere.
3458 5451 3478 5485 ι
3534 5435 3640 5488 Per

2063 5549 2225 5603 quem
2250 5542 2307 5587 et
2329 5546 2615 5587 accessum
2662 5529 2980 5585 habuimus.
3031 5545 3050 5579 ι
3102 5545 3120 5578 ι
3154 5527 3258 5582 Per
3289 5524 3467 5596 ipsum
3488 5522 3638 5577 enim

2065 5626 2130 5680 ad
2156 5626 2372 5679 Patrem
2398 5622 2584 5680 educti
2623 5636 2818 5678 sumus
2850 5621 2914 5673 ".
2952 5637 2971 5672 ι
3027 5618 3085 5675 Si
3100 5632 3234 5689 ergo
3252 5630 3376 5672 cum
3400 5614 3668 5685 elongati'

2068 5732 2450 5787 essemus,per
2479 5724 2710 5772 mortem
2742 5713 2915 5785 ipsius
2945 5709 3236 5783 propinqui
3266 5707 3392 5762 facti
3423 5721 3666 5773 smnus,-
