3978 6572
423 347 522 416 411

1481 356 1843 417 (ECUMENI
1853 357 1877 415 Ι
1917 356 2207 416 TRICCiE
2240 357 2575 418 EPISCOPI

3582 358 3685 426 412

420 471 584 526 Certe
609 469 704 540 qui
739 486 909 542 prava
961 469 1318 526 stimulantur
1354 473 1715 536 conscientia,
1750 488 1820 528 ne
1859 490 1988 543 spe:

2109 491 2184 526 τεν
2241 475 2393 545 ἡμῖν.
2451 474 2526 529 Οὐ
2585 476 2693 547 γὰρ
2751 475 2909 545 ἡμεῖς
2961 472 3195 537 οἰκείους
3256 470 3675 542 κατορθώμασιν

424 571 550 618 rant
599 563 824 633 quidem
874 564 1118 619 boni-ae
1178 564 1306 618 mali
1365 563 1807 620 retributionem.
1861 565 1995 618 Nam

425 656 662 725 quisque
717 655 866 725 quod
918 656 1094 726 cupit,
1156 656 1261 712 hoc
1305 655 1472 711 etiam
1530 657 1637 712 sibi
1675 658 1994 727 persuadet.

432 766 450 797 ι
489 746 626 812 Quia
650 747 890 801 charitas
917 747 1037 801 Dei.
1071 765 1088 798 ι
1125 747 1191 800 Ει
1218 747 1386 811 unde,
1408 747 1611 816 inquit,
1648 748 1998 802 manifestum

425 852 516 896 est
546 841 689 910 quod
717 842 862 895 Deus
904 841 980 894 ibi
1029 840 1260 895 daturus
1294 841 1366 895 sit
1394 840 1554 896 nobis
1581 839 1766 895 bona?
1804 839 2003 895 Unde?

424 931 504 985 Ex
535 931 618 985 his
650 945 769 1000 quae
792 929 882 983 hic
914 928 1085 984 dedit.
1113 928 1254 995 Quid
1277 939 1458 985 autem
1491 929 1687 984 dedit?
1716 929 2004 999 Spiritum,

438 1021 536 1083 ait,
578 1011 672 1090 qui
705 1036 772 1074 ex
813 1019 928 1074 sola
956 1019 1053 1073 Dei
1085 1018 1382 1074 dilectione
1409 1035 1515 1089 qua
1561 1033 1662 1073 nos
1693 1019 1904 1083 dilexit,
1948 1019 2004 1072 in

425 1130 528 1168 nos
549 1112 904 1182 supervenit;
936 1103 1117 1181 neque
1135 1112 1284 1166 enim
1309 1128 1410 1166 nos
1435 1112 1676 1182 propriis
1697 1111 1859 1166 bonis
1873 1126 2006 1180 ope-

427 1206 583 1260 ribus
609 1203 849 1274 Spiritus
880 1201 1110 1273 gratiam
1163 1203 1508 1257 attraximus.
1552 1220 1570 1251 ι
1607 1200 1793 1255 Effusa
1841 1209 1944 1254 est.
1978 1219 1996 1250 ι
2042 1202 2278 1257 Pulvhre
2311 1211 2494 1257 autem
2534 1205 2610 1259 ait
2670 1203 2766 1257 Dei
2820 1203 3194 1272 dilectionem,

2101 566 2535 635 ὲπεσπασάμεθα
2577 567 2674 637 τὴν
2709 567 2868 637 χάριν
2907 564 3002 618 τοῦ
3047 565 3397 634 Πνεύματος.
3435 581 3455 614 ι
3497 563 3676 617 Ἐκκί-

2101 676 2278 729 χυται.
2319 678 2336 710 ι
2381 659 2572 723 Καλῶς
2602 659 2658 712 δὲ
2707 660 2805 731 τὴν
2833 660 3054 729 ἀγάπην
3109 658 3198 712 τοῦ
3229 655 3400 719 Θεοῦ,
3427 657 3461 727 ἦ
3491 658 3681 727 ἐστινὴ

2102 750 2249 813 δόσις
2316 749 2408 802 τοῦ
2482 750 2838 822 Πνεύματος,
2907 745 3062 803 εἶπεν
3124 747 3520 819 ὲκκεχύσθαιε,
3579 743 3680 802 οἷον

2103 841 2338 911 δαψιλῶς
2394 841 2660 898 δεδόσθαι.
2723 862 2741 894 ι
2811 841 2902 895 Ἐν
2948 844 3070 906 ταῖς
3123 841 3381 912 καρδίαις
3441 839 3618 910 ἡμῶν.
3659 859 3680 891 ι

2105 933 2287 1004 Νοητὴ
2348 933 2456 1005 γὰρ
2536 935 2568 1004 ἠ
2631 933 2902 1003 ὲνοίκησις
2967 933 3059 987 τοῦ
3140 933 3530 1006 προσκυνητοῦ
3595 937 3683 987 κειί

2109 1026 2394 1094 τρισαγίου
2442 1025 2795 1096 Πνεύματος,
2847 1027 2940 1080 καὶ
2988 1026 3063 1099 νῷ
3129 1028 3280 1098 μόνῳ
3344 1025 3445 1078 καὶ
3501 1027 3684 1098 καρδίᾳ

2111 1112 2174 1182 λη
2183 1115 2289 1184 πτή
2301 1154 2314 1166 .

3284 1221 3413 1275 quae
3461 1204 3689 1275 Spiritus

427 1295 631 1350 donum
654 1291 1014 1360 est,ell'usam
1047 1307 1188 1357 esse,
1216 1292 1322 1347 hoe
1385 1301 1470 1347 est
1506 1292 1732 1363 largiter
1798 1290 2079 1345 donatam.
2129 1284 2239 1347 i‘ln
2297 1293 2560 1347 cordibus
2610 1293 2837 1350 nostris.
2873 1312 2892 1345 ι
2952 1294 3357 1348 Intellectualis
3416 1297 3561 1350 enim
3611 1306 3686 1351 est

424 1389 694 1445 adorandi
780 1387 1225 1458 sanctissimique
1309 1387 1550 1458 Spiritus
1624 1389 1996 1454 inhabitatio,
2068 1404 2304 1460 quaeque
2383 1389 2499 1444 sola
2533 1385 2766 1444 ’mente
2866 1404 2931 1444 ac
3003 1389 3168 1444 corde
3247 1391 3684 1462 comprehcndi-

427 1493 536 1538 tur.

497 1577 563 1640 V,
603 1576 658 1641 6,
691 1577 744 1631 7.
781 1575 1024 1630 Christus
1077 1579 1239 1641 enim,
1274 1592 1394 1630 cum
1427 1576 1598 1629 adhuc
1643 1590 1872 1629 essemus
1919 1574 2009 1628 in-

426 1669 572 1736 [irmi
598 1667 882 1721 secundum
911 1677 1134 1736 tempus,
1164 1684 1258 1738 pro
1280 1666 1454 1736 impiis
1479 1673 1716 1720 mortuus
1745 1673 1840 1720 est.
1867 1666 2006 1720 Nam

429 1761 516 1812 vix
547 1775 640 1829 pro
665 1759 813 1829 justo
835 1760 952 1828 quis
1000 1760 1225 1812 moritur
1259 1775 1279 1824 ;
1309 1775 1404 1828 pro
1445 1757 1578 1812 bono
1605 1758 1863 1828 siquidem
1896 1758 2005 1828 for-

428 1853 570 1904 sitan
597 1851 792 1920 aliquis
826 1851 982 1904 audet
1011 1852 1170 1904 etiam
1195 1852 1354 1904 mori.

495 1943 630 1997 Cum
663 1942 994 1997 sanctissimi
1039 1943 1280 2012 Spiritus
1313 1942 1517 1996 donum
1542 1942 1770 1997 dixisset
1821 1950 2002 1998 trans-

429 2033 577 2088 ferre
616 2049 718 2088 nos
744 2034 801 2087 in
851 2035 1046 2096 Deum,
1105 2033 1209 2087 tria
1264 2034 1420 2103 ponit
1462 2050 1582 2103 quae
1619 2034 2000 2089 excellentiam

427 2125 726 2180 ostendant
753 2125 958 2180 amoris
977 2125 1074 2179 Dei
1103 2140 1232 2194 erga
1275 2140 1394 2190 nos,
1438 2125 1713 2195 simulque
1767 2125 2006 2196 probent

428 2218 548 2288 ejus
596 2217 651 2270 in
701 2226 985 2286 posterum
1050 2215 1454 2286 providentiam
1506 2233 1570 2271 ac
1608 2217 2002 2287 benignitatem

426 2326 554 2380 erga
581 2310 850 2365 homines.
890 2311 1012 2364 Ilaec
1031 2319 1212 2365 autem
1249 2309 1348 2364 tria
1378 2327 1445 2364 ex
1471 2326 1537 2365 eo
1554 2311 1670 2366 solo
1693 2311 1840 2380 quod
1869 2311 2004 2365 sub-

421 2403 675 2474 jungitur
712 2403 964 2466 assumit,
994 2403 1254 2458 videlicet
1277 2406 1344 2457 ab
1371 2405 1482 2459 illis
1518 2404 1668 2458 circa
1700 2419 1822 2473 quae
1861 2403 2004 2457 facta

426 2505 510 2549 est
539 2493 744 2549 amoris
770 2493 1192 2549 demonstratio.
1224 2497 1359 2548 Nam
1385 2503 1516 2549 sunt
1542 2511 1762 2550 rursum
1814 2504 1868 2549 et
1899 2495 2003 2548 alia

427 2599 495 2638 ex
521 2598 587 2638 eo
613 2592 828 2652 sumpta
855 2584 947 2652 qui
968 2583 1182 2648 dilexit,
1227 2585 1430 2654 quibus
1475 2585 1640 2640 etiam
1692 2585 2006 2640 dileCtionis

359 2697 362 2699 ·
430 2675 759 2730 excellentia
804 2675 962 2744 261
992 2676 1273 2744 profertur
1327 2691 1391 2730 ac
1441 2676 1800 2731 constituitur
1832 2694 1846 2730 :
1874 2685 2002 2746 puta

430 2764 756 2834 virginalem
806 2763 1145 2819 inhabitasse
1183 2773 1427 2830 uterum,
1481 2774 1538 2820 et
1578 2781 1797 2820 carnem
1834 2782 1901 2820 ex
1939 2781 2004 2819 ea

429 2857 750 2924 sumpsisse,
780 2854 1159 2926 legistatorem
1181 2857 1351 2911 etiam
1377 2856 1705 2912 obsecutum
1731 2857 1902 2914 fuisse
1927 2858 2006 2912 le-

431 2947 515 3018 gis
546 2948 858 3018 praeceptis.

503 3040 710 3096 Deinde
749 3043 1117 3100 contumelias
1169 3058 1413 3114 quoque,
1449 3043 1701 3114 injurias,
1732 3052 1789 3099 et
1823 3045 2007 3114 alapas

426 3131 779 3188 sustinuisse:
800 3136 1057 3205 quodque
1075 3137 1323 3190 omnium
1339 3145 1505 3206 caput
1529 3143 1634 3200 est,
1659 3151 1826 3191 cruce
1857 3151 2006 3189 mor-

428 3232 540 3279 tem
575 3227 901 3294 oppetiisse.
939 3227 1059 3297 lpse
1096 3244 1231 3284 vero
1251 3230 1549 3298 Apostolus
1577 3229 1663 3284 his
1701 3244 1823 3298 qua:
1845 3244 1910 3284 ex
1935 3244 2001 3285 eo

428 3318 572 3371 sumi
608 3327 862 3387 poterant
889 3321 983 3388 qui
1013 3321 1302 3386 dilexerat,
1328 3323 1384 3376 in
1431 3337 1702 3377 summam
1738 3322 1999 3386 redactis,

428 3409 653 3478 solaque
683 3411 907 3466 interim
940 3421 1114 3467 morte
1149 3413 1348 3477 relata,
1377 3412 1898 3482 distiuxitilla,quae
1931 3411 2000 3465 ab

428 3498 516 3553 his
545 3511 762 3569 sumpta
792 3512 948 3556 erant
982 3503 1076 3570 qui
1100 3504 1266 3557 amati
1297 3512 1444 3557 sunt.
1469 3502 1569 3558 Hic
1596 3511 1778 3557 autem
1803 3502 2001 3572 hujus-

430 3590 574 3644 modi
597 3593 847 3647 tractatio
868 3594 1332 3650 inhoccommoda
1345 3604 1430 3651 est
1446 3594 1727 3664 Apostolo,
1745 3605 1805 3648 ut
1821 3605 2002 3662 osten-

429 3682 522 3736 dat
555 3684 701 3752 quod
732 3685 895 3740 etiam
921 3688 1150 3757 posthac
1191 3687 1364 3757 magis
1394 3702 1460 3742 ac
1479 3687 1651 3756 magis
1678 3687 1840 3742 nobis
1870 3702 2002 3756 pro-

428 3775 660 3840 videbit,
693 3793 904 3846 nosque
950 3779 1216 3845 tuebitur,
1242 3779 1388 3834 etab
1413 3779 1563 3833 omni
1593 3781 1672 3833 ira
1696 3779 1956 3834 liberabit
1986 3795 2000 3831 :

431 3878 546 3919 tum
571 3867 642 3920 ab
661 3883 724 3924 ea
765 3885 886 3939 quae
903 3887 1145 3940 praesens
1163 3883 1268 3936 est,
1291 3871 1386 3926 ubi
1414 3871 1467 3926 id
1489 3871 1747 3942 expedire
1779 3872 2001 3938 viderit,

433 3969 546 4012 tum
577 3975 606 4012 a
635 3960 838 4026 futura,
874 3979 997 4032 qua:
1025 3979 1155 4018 vere
1182 3973 1427 4020 extrema
1463 3965 1542 4018 ira
1581 3976 1686 4020 est.
1719 3964 1844 4019 Tria
1871 3980 2004 4020 vero

429 4064 552 4119 qua;
571 4054 725 4120 ponit
739 4062 868 4108 sunt
885 4056 1031 4111 haec:
1056 4056 1290 4127 Inﬁrmi.
1319 4057 1517 4127 inquit,
1531 4073 1774 4124 eramus,
1799 4057 2001 4112 inﬁrmi

431 4155 565 4194 vero
594 4157 701 4196 non
724 4153 939 4211 natura,
975 4146 1071 4202 sed
1105 4149 1327 4224 prepria
1359 4157 1543 4203 mente
1567 4164 1631 4203 ac
1659 4150 2000 4219 operatione.

433 4233 621 4303 Itaque
656 4235 862 4291 inﬁrmi
914 4254 1158 4305 eramus,
1200 4241 1487 4310 multoque
1522 4240 1683 4294 nobis
1715 4256 1856 4310 opus
1886 4249 2006 4295 erat

428 4324 658 4379 auxilio.
693 4325 799 4381 Sed
832 4337 885 4381 et
939 4329 1095 4398 impii
1133 4345 1357 4384 eramus
1393 4348 1409 4384 :
1449 4331 1604 4384 illum
1644 4331 1739 4400 qui
1794 4331 2007 4385 laturus

427 4422 548 4468 erat
575 4417 837 4471 auxilium
872 4421 1294 4488 repellebamus,
1323 4421 1448 4475 aliis
1478 4421 1702 4490 quidem
1733 4422 2008 4476 adoratio-

432 4518 556 4558 uem
596 4507 983 4572 attribuentes,
1017 4510 1198 4578 ipsum
1223 4526 1358 4565 vero
1405 4511 1626 4580 injuriis
1683 4512 2004 4577 allicientes,

430 4597 634 4664 quibus
661 4600 870 4654 inimici
899 4615 964 4655 ac
993 4601 1181 4656 hostes
1205 4603 1388 4672 appeti
1421 4605 1618 4658 solent.
1671 4603 1867 4659 Omnia
1903 4604 2005 4674 igi-

431 4697 522 4743 tur
547 4701 734 4746 nostra
758 4694 918 4763 plena
947 4702 1108 4749 erant
1140 4695 1347 4764 inopia.
1378 4696 1516 4750 Nam
1546 4697 1613 4758 si,
1651 4713 1775 4752 cum
1802 4697 2005 4752 inﬁrmi

429 4796 678 4839 essemus
704 4798 758 4838 et
781 4787 1131 4856 impotentes,
1178 4796 1239 4842 ut
1272 4788 1340 4842 ab
1385 4789 1714 4859 aegritudine
1749 4805 2006 4861 surgere-

333 4944 335 4946 η
433 4891 578 4939 mus,
617 4877 789 4931 multo
815 4878 1114 4947 egebamus
1163 4878 1371 4934 auxilio
1413 4897 1427 4933 :
1459 4879 1844 4934 auxiliatorem
1875 4894 2008 4935 vero

428 4963 596 5018 iliatis
651 4966 869 5036 injuriis
916 4970 1318 5038 repuleramus,
1377 4985 1521 5024 anne
1568 4968 1638 5022 ad
1701 4977 2005 5024 extremam

428 5055 793 5126 indigentiam
835 5069 1022 5115 nostra
1054 5062 1274 5116 redacta
1314 5063 1520 5118 erant?
1557 5063 1827 5118 Praeterea
1875 5079 2002 5133 pec-

428 5155 656 5210 ratores,
687 5148 886 5218 inquit,
919 5165 1168 5220 eramus,
1203 5163 1261 5210 et
1289 5155 1401 5209 vita
1455 5154 1628 5225 magis
1658 5154 1728 5210 ad
1783 5155 1999 5226 lapsum

430 5235 704 5301 trahebat,
726 5253 826 5293 nec
844 5241 1181 5297 revalescere
1207 5245 1583 5313 permittebat.
1599 5245 1696 5302 His
1726 5245 1799 5301 ita
1816 5260 1876 5301 se
1903 5246 2005 5302 ba-

429 5327 715 5393 bentibus,
748 5345 987 5401 cumque
1031 5335 1215 5390 omnis
1235 5335 1551 5406 desperatio
1573 5337 1815 5404 adesset,
1873 5346 2004 5395 tunc
2036 5389 2040 5394 _

427 5419 610 5476 bonus
638 5421 728 5476 ille
763 5422 1049 5478 hominum
1077 5435 1291 5480 amator
1322 5427 1420 5481 Dei
1452 5427 1649 5493 Filius,
1686 5437 1743 5484 et
1792 5446 1896 5485 nos
1925 5431 2004 5484 di-

427 5512 564 5568 lexit
591 5522 648 5568 et
678 5513 920 5569 animam
944 5531 1044 5586 pro
1078 5517 1242 5573 nobis
1260 5519 1467 5588 posuit.
1504 5519 1665 5586 Quod
1687 5521 1734 5575 si
1769 5530 1900 5576 tunc
1923 5522 2006 5576 in-

428 5605 680 5660 numeris
709 5606 868 5662 malis
896 5608 1187 5674 obnoxios,
1217 5609 1430 5680 quique
1473 5610 1530 5664 iu
1568 5625 1788 5667 omnem
1825 5614 2004 5682 turpi-

428 5697 683 5754 tudinem
727 5716 792 5756 ac
816 5701 1121 5758 fmditatctn
1157 5705 1552 5770 incideramus,
1613 5706 1781 5760 etiam
1817 5707 2003 5764 dilexit

2109 5706 2260 5775 ἡμῶν
2281 5705 2528 5767 δεδωκὼς
2562 5700 2701 5775 αἷμα
2726 5747 2741 5773 ,
2797 5705 2978 5775 πολλῷ
3011 5707 3214 5777 μᾶλλον
3254 5705 3643 5772 οἰκειωσάμενος

430 5806 554 5857 nos,
585 5794 734 5849 etab
764 5795 1084 5853 inﬁrmitate
1113 5798 1288 5854 erexit
1311 5815 1373 5856 ac
1405 5799 1711 5868 roboravit,
1739 5812 1840 5859 suo
1867 5816 2000 5860 san-

2187 1573 2316 1624 Ἕτι
2355 1568 2464 1640 γὰρ
2497 1539 2770 1638 Χριστὸς,
2797 1568 2986 1622 ὄντων
3026 1566 3194 1639 ἡμῶν
3229 1568 3518 1622 ἀσθενῶν
3549 1572 3687 1625 κατὰ

2108 1663 2344 1732 καιρὸν,
2372 1660 2528 1731 ὑπὲρ
2557 1660 2793 1714 ἀσεϐῶν
2837 1661 3098 1715 ἀπέθανε
3123 1676 3138 1691 ⁸
3175 1661 3362 1728 μόλις
3396 1661 3508 1730 γὰρ
3549 1662 3686 1729 ὑπὲρ

2102 1755 2337 1808 δικαίου
2365 1771 2452 1819 τις
2481 1753 2887 1808 ἀποθανεῖται.
2931 1752 3110 1820 ’Υπὲρ
3147 1751 3258 1819 γὰρ
3302 1751 3415 1805 τοῦ
3444 1753 3681 1824 ἀγαθοῦ,

2034 1873 2073 1927 Β
2102 1847 2255 1914 τάχα
2286 1862 2377 1911 τις
2396 1845 2490 1898 καί
2523 1843 2715 1913 τολμᾷ
2743 1844 3089 1898 ἀποθανεῖν.

2177 1936 2378 2010 [ΦΩΤ.]
2417 1936 2600 1990 Εἰπὼν
2629 1937 2727 1990 τοῦ
2763 1937 3033 2005 παναγίου
3069 1936 3398 2007 Πνεύματος
3430 1938 3529 2006 τὴν
3553 1935 3688 2004 δόσιν

2107 2029 2458 2098 μεταϐαίνειν
2485 2029 2565 2092 είς
2585 2030 2674 2081 τὸν
2701 2027 2856 2092 Θεὸν,
2883 2029 3008 2098 τρία
3033 2029 3213 2100 τίθησι
3243 2031 3351 2099 τὴν
3394 2027 3686 2100 ὑπερϐολὴν

2103 2119 2387 2175 δεικνύντα
2407 2121 2504 2190 τῆς
2531 2121 2753 2192 ἀγάπης
2775 2121 2868 2174 τοῦ
2895 2119 3053 2187 Θεοῦ,
3086 2123 3180 2172 καὶ
3206 2121 3327 2190 ἃμα
3360 2121 3688 2173 συνιστῶντα

2106 2213 2201 2268 καὶ
2229 2213 2329 2283 τὴν
2359 2214 2443 2275 είς
2468 2213 2527 2265 τὸ
2557 2211 2747 2265 ἔπειτα
2771 2211 2938 2266 αὑτοῦ
2970 2212 3232 2282 πρόνοιαν
3264 2213 3362 2265 καὶ
3395 2212 3686 2283 φιλανθρω-

2109 2305 2256 2359 πίαν.
2291 2304 2477 2358 Ταῦτα
2501 2305 2557 2358 δὲ
2582 2305 2649 2357 τὰ
2674 2305 2822 2376 τρία,
2849 2304 2959 2357 ἀπὸ
3001 2305 3164 2375 μόνου
3209 2304 3553 2374 λαμϐάνεται
3600 2305 3688 2357 τοῦ

2107 2398 2492 2468 ὑποκειμένου,
2536 2399 2654 2469 ἢτοι
2711 2397 2770 2464 ἐξ
2813 2397 3060 2461 ἐκείνων,
3113 2399 3245 2468 περὶ
3272 2397 3310 2450 ἃ
3341 2397 3444 2464 τῆς
3478 2397 3684 2465 ἀγάπης

2107 2490 2404 2555 ἀπόδειξις.
2446 2491 2600 2542 Ἐπεὶ
2626 2489 2743 2542 ἐστὶ
2789 2489 2883 2542 καὶ
2908 2489 3043 2542 ἄλλα
3094 2489 3260 2542 πάλιν
3296 2488 3364 2554 ἐξ
3407 2488 3566 2560 αὐτοῦ
3594 2488 3683 2540 τοῦ

2107 2578 2516 2650 ἀγαπήσαντος,
2565 2578 2632 2631 δι’
2656 2574 2734 2630 ὦν
2775 2578 2938 2631 πάλιν
2971 2580 3003 2649 ἡ
3040 2579 3320 2649 ὑπερϐολὴ
3350 2579 3453 2649 τῆς
3483 2579 3683 2648 ἀγαπή-

2109 2688 2247 2735 σεως
2279 2671 2592 2724 συνίσταται
2618 2669 2712 2724 καὶ
2745 2671 3078 2744 παρίσταται
3103 2687 3117 2702 ο
3147 2668 3262 2725 οἷον
3294 2673 3430 2742 αύτρ
3465 2671 3526 2724 τὸ
3552 2687 3683 2740 παρ-

2107 2761 2323 2832 θενικὴν
2359 2762 2639 2831 ἐνοικῆσαι
2671 2763 2907 2840 μήτραν,
2958 2763 3053 2816 καὶ
3086 2765 3449 2835 σαρκωθῆναι
3507 2764 3564 2828 ἐξ
3596 2763 3684 2815 αύ-

2104 2856 2242 2925 τῆς·
2278 2855 2728 2926 ὑπηρετήσασθαί
2782 2871 2839 2908 τε
2873 2859 2991 2920 ταῖς
3037 2858 3179 2911 κατὰ
3227 2859 3414 2929 νόμων
3459 2855 3679 2913 ἐντολαῖς

2105 2947 2199 3000 τὸν
2230 2946 2553 3018 νομοθέτην.

2179 3035 2311 3092 Είτα
2337 3040 2731 3109 ἀτιμασθῆναι,
2785 3041 3129 3112 ὑϐρισθῆναι,
3187 3041 3560 3114 ῥαπισθῆναι,
3594 3042 3679 3094 καὶ

2111 3130 2195 3200 (τὸ
2216 3130 2537 3201 κεφάλαιον)
2572 3132 2658 3185 διὰ
2705 3133 2943 3202 σταυροῦ
2993 3132 3400 3205 θανατωθῆναι.
3444 3131 3680 3194 Αύτὸςδὲ

2033 3211 2075 3271 C
2107 3223 2178 3276 τά
2216 3223 2322 3292 μὲν
2358 3225 2424 3278 ὲκ
2472 3225 2565 3277 τοῦ
2613 3225 3002 3296 ἀγαπήσαντος
3038 3226 3674 3295 συγκεφαλαιωσάμενος,

2109 3316 2203 3369 καὶ
2230 3316 2324 3371 τὸν
2351 3316 2577 3373 θάνατον
2599 3318 2760 3389 μόνον
2780 3319 2916 3380 τέως
2946 3319 3137 3386 εἰπὼν,
3165 3319 3233 3372 τὰ
3274 3321 3385 3372 ἀπὸ
3417 3319 3524 3371 τῶν
3553 3320 3680 3385 ἀγα-

2109 3408 2392 3479 mea»;ro
2437 3411 2622 3477 διεῖλε,
2667 3411 3028 3482 συντελούσης
3101 3412 3254 3482 αὐτῷ
3301 3411 3536 3466 ἐνταῦθα
3585 3410 3675 3479 τῆς

2107 3502 2364 3572 τοιαύτης
2413 3505 2859 3576 μεταχειρίσεως,
2898 3507 2977 3568 είς
3009 3505 3070 3558 τὸ
3095 3506 3175 3558 ὃτι
3202 3505 3282 3558 ἔτι
3315 3505 3414 3558 καί⁵
3443 3505 3521 3557 ἔτι
3555 3519 3674 3573 προ-

2109 3593 2381 3661 νοήσεται,
2417 3595 2510 3646 καὶ⁵
2563 3593 2914 3665 ὑπερασπιεῖ,
2954 3595 3048 3648 καὶ
3109 3596 3338 3665 ῥύσεται
3393 3596 3457 3647 ἐκ
3512 3596 3676 3662 πάσης

2107 3684 2300 3754 ὀργῆς,
2327 3685 2427 3756 τῆς
2466 3703 2527 3738 τε
2559 3686 2842 3757 παρούσης
2871 3688 2961 3740 ὅτε
3012 3686 3171 3740 τοῦτο
3224 3688 3509 3761 συμφέρον
3557 3681 3676 3754 οἶδε,

2065 3793 2068 3796 ·
2109 3778 2205 3829 καὶ
2259 3775 2361 3844 τῆς
2417 3777 2717 3849 μελλούσης
2755 3779 2881 3851 ἥτις
2931 3779 3082 3831 ἐστὶν
3113 3780 3190 3842 ὡς
3226 3779 3448 3849 άληθῶς
3487 3778 3670 3848 ἐσχάτη

2110 3867 2348 3941 ὀργή.“Ἀ
2367 3869 2424 3921 δὲ
2449 3869 2775 3941 τίθησιτρία
2803 3871 2980 3926 ταῦτά
3009 3875 3176 3925 ἐστιν’
3207 3871 3505 3938 Ἀσθενεῖς
3523 3867 3673 3942 ἦμεν,

2063 4005 2068 4013 .
2111 3961 2296 4033 φησὶν,
2330 3961 2572 4025 ἀσθενεῖς
2596 3963 2674 4029 δὲ,
2723 3964 2823 4017 οὐκ
2853 3966 2916 4016 ἐκ
2972 3962 3208 4034 φύσεως,
3235 3965 3355 4018 ἀλλ’
3398 3965 3455 4031 ἐξ
3482 3961 3673 4023 οίκείας

2110 4056 2335 4124 γνώμης
2373 4057 2467 4108 καὶ
2499 4054 2769 4124 πράξεως.
2815 4056 3082 4120 ’Δσθενεῖς
3108 4052 3202 4110 οὖν
3234 4052 3400 4127 ἦμεν,
3438 4056 3528 4108 καὶ
3559 4054 3674 4106 πο).-

2111 4147 2210 4217 λῆς
2256 4147 2508 4218 βοηθείας
2561 4146 2885 4218 ἐχρῄζομεν.
2934 4148 3094 4201 Ἀλλὰ
3125 4150 3219 4201 καὶ
3246 4148 3487 4213 ἀσεϐεῖς
3524 4141 3673 4216 ἦμεν,

2113 4240 2274 4293 αὐτὸν
2296 4240 2386 4292 τὸν
2411 4239 2672 4309 μέλλοντα
2701 4229 2914 4309 βοηθεῖν
2934 4237 3325 4309 άπωθούμεθα,
3353 4241 3558 4312 ἑτέροις
3582 4237 3670 4306 μὲν

2113 4331 2174 4383 τὸ
2210 4330 2374 4394 σέϐας
2405 4333 2848 4401 προσάπτοντες,
2891 4332 3042 4402 αὐτῷ
3077 4333 3154 4394 δὲ,
3191 4331 3411 4404 ἐχθροῖς
3469 4333 3553 4384 ίσα
3589 4325 3670 4379 καὶ

2115 4422 2416 4492 πολεμίοις,
2447 4423 2842 4494 ὲνυϐρίζοντες.
2875 4421 3086 4478 Οὐκοῦν
3107 4424 3291 4494 ἄπορα
3332 4425 3509 4478 πάντα
3542 4419 3670 4488 εἴχο-

2121 4532 2219 4586 μεν
2250 4514 2318 4569 τὰ
2350 4514 2614 4585 ἡμέτερα.
2674 4515 2738 4568 Et
2773 4514 2878 4584 γὰρ
2925 4515 3078 4567 αὐτοὶ
3117 4515 3217 4584 μὲν
3280 4515 3545 4576 ἀσθενεῖς,
3585 4506 3668 4562 καὶ

2115 4604 2365 4658 ἀδύνατοι
2393 4605 2690 4674 ἀναστῆναι
2715 4605 2808 4657 τοῦ
2852 4605 3179 4675 νοσήματος,
3226 4606 3425 4676 πολλῆς
3455 4604 3509 4656 δὲ
3553 4604 3666 4670 βοη-

2117 4697 2267 4760 θείας
2295 4697 2559 4766 δεόμενοι,
2586 4697 2675 4750 τὸν
2707 4696 2900 4768 βοηθὸν
2920 4697 3300 4768 ἐνυϐρίσαντες
3324 4691 3664 4763 άπωσάμεθα,

2117 4790 2232 4855 πῶς
2258 4789 2358 4842 οὐκ
2391 4791 2470 4852 εἰς
2501 4791 2727 4860 ἔσχατον
2782 4789 3012 4859 ἀπορίας
3067 4793 3137 4842 τὰ
3196 4791 3478 4859 ἡμετερας
3525 4780 3662 4845 Εἶτα,

2115 4876 2250 4930 ἀλλὰ
2273 4879 2636 4947 ἁμαρτωλοί,
2692 4879 2847 4948 φησι,
2904 4879 3001 4932 καὶ
3051 4879 3080 4931 ὁ
3117 4879 3247 4948 βίος,
3287 4880 3440 4950 φησὶ,
3482 4872 3664 4947 μᾶλλον

2115 4967 2402 5025 καθεῖλκεν
2427 4968 2521 5020 ἐπὶ
2548 4968 2610 5020 τὸ
2635 4968 2858 5036 πτῶμα,
2888 4967 2982 5021 καὶ
3015 4969 3330 5036 ἀνενεγκεῖν
3363 4969 3423 5020 οὐ
3449 4961 3662 5031 συνεχώ-

2112 5076 2216 5130 ρει.
2243 5059 2428 5123 Οὕτως
2454 5061 2510 5112 δὲ
2531 5060 2786 5130 ἑχόντων,
2817 5061 2910 5118 καὶ
2950 5060 3132 5129 πάσης
3159 5059 3508 5130 ὑπαρχούσης
3547 5055 3664 5108 ἀπο-

2108 5150 2386 5226 γνώσεως,
2417 5151 2540 5204 τότε
2579 5151 2744 5214 αὐτὸς
2794 5151 3079 5219 ὀάγαθὸς,
3129 5154 3157 5206 ὁ
3197 5151 3589 5222 φιλάνθρωπος.
3629 5140 3656 5191 δ

2108 5245 2202 5302 τοῦ
2232 5244 2370 5299 Θεοῦ
2405 5245 2562 5306 Παῖς,
2598 5244 2692 5297 καὶ
2719 5245 2998 5314 ἠγάπησε,
3046 5244 3141 5297 καὶ
3185 5245 3285 5315 τὴν
3311 5243 3486 5314 ψυχὴν
3511 5233 3656 5292 αύτοῦ

2112 5336 2270 5406 ὑπὲρ
2290 5337 2444 5406 ήμῶν
2467 5336 2730 5390 τέθεικεν.
2752 5338 2812 5390 Ei
2845 5336 2902 5390 δὲ
2930 5337 3051 5388 τότε
3088 5337 3306 5407 μυρίοις
3334 5333 3653 5406 ἐνεχομένους

2110 5430 2321 5491 κακοῖς,
2353 5428 2446 5482 καὶ
2473 5429 2556 5491 εἰς
2605 5427 2845 5498 παντελῆ
2875 5428 3266 5500 ἀσχημοσύνην
3305 5431 3400 5483 καὶ
3454 5418 3653 5492 αἰσχρό-

2103 5540 2241 5593 τητα
2265 5521 2695 5592 κατηντηκότας,
2730 5521 2826 5576 καὶ
2853 5523 3132 5592 ἠγάπησε,
3158 5523 3374 5593 καὶτῆς
3394 5512 3648 5574 ἀσθενείας

2103 5613 2388 5683 ἀνέστησε.
2449 5613 2543 5667 καὶ
2597 5613 2944 5684 ὲδυνάμωσε·
3003 5614 3065 5667 τὸ
3099 5615 3263 5668 αὑτοῦ
3297 5616 3486 5686 λύτρον
3526 5605 3648 5673 ὑπὲρ

2108 5800 2200 5855 καὶ
2225 5799 2542 5865 δικαιώσας,
2576 5801 2670 5856 καὶ
2698 5801 3066 5870 προστήσεται
3096 5801 3194 5854 καὶ
3207 5801 3540 5872 ἀντιλήψεται
3563 5785 3644 5845 καὶ
