3978 6554
273 402 378 461 us
944 430 951 439 κ
1301 405 1688 469 COMMENT.
1729 404 1811 467 IN
1851 404 2090 471 EPIST.
2137 410 2243 470 AD
2271 393 2453 472 RdM.
3402 404 3511 467 tu

275 516 630 587 ὁπερασπιεῖ,
678 517 770 571 ὅτε
803 517 941 587 μήτε
972 517 1130 588 χρεία
1161 516 1343 573 θανεῖν
1372 521 1555 585 αὑτὸν,
1591 521 1730 590 μήτε
1762 518 1849 573 οὗ·

1960 522 2119 590 guine
2156 539 2257 593 pro
2282 525 2444 579 nobis
2469 524 2523 578 in
2571 522 3005 594 redemptionem
3062 520 3261 587 tradita
3301 538 3313 574 :
3355 521 3530 575 multo

269 607 483 671 ταιςὼς
531 608 801 681 πρότερον
846 612 927 673 εἰς
973 609 1286 681 ἀρρωστίαν
1315 612 1409 664 καὶ
1463 610 1849 681 ἀσχημοσύνην

1960 611 2127 681 magis
2151 628 2274 666 eum
2298 628 2399 668 nos
2419 613 2525 669 sibi
2556 613 2837 677 asciverit,
2869 630 2933 669 ac
2957 610 3365 684 justiﬁeaverit,
3398 619 3523 665 lue-

272 699 731 771 κατηνέχθημεν·
783 700 922 755 ἀλλά
982 703 1055 773 μὴ
1100 702 1147 769 δῖ
1178 702 1342 756 αὐτὸν
1373 703 1733 772 ἀπωσάμεθα,
1789 701 1850 754 τὸ

1960 699 2123 761 bitur,
2159 701 2418 756 defendet
2448 717 2513 758 ac
2532 711 2781 774 proteget
2817 720 2831 757 :
2858 717 2984 761 cum
3007 717 3188 771 neque
3211 702 3283 756 sit
3302 716 3527 757 necesse

274 792 443 856 σέϐας
474 792 685 863 ἑτέροις
714 794 1086 863 περιθέμενοι.
1120 795 1193 847 Οὐ
1225 794 1331 866 χρὴ
1364 794 1654 863 τοιγαροῦν
1676 795 1731 846 ἓν
1763 794 1845 847 δτ-

1960 799 2013 843 ut
2049 791 2162 859 ipse
2196 792 2466 847 moriatur
2515 812 2528 847 :
2562 810 2742 865 neque
2791 795 2929 860 adeo
2959 801 3020 849 ut
3071 794 3225 864 prius
3284 794 3341 848 in
3374 793 3528 847 inﬁr-

271 882 510 954 σταγμῷ
536 884 638 954 τὴν
666 883 857 937 ἐλπίδα
888 884 997 937 τῶν
1040 886 1463 956 ἐπηγγελμένων
1519 886 1684 955 ἔχειν,
1714 883 1850 938 ἀλλὰ

1960 879 2202 936 mitatem
2253 897 2317 936 ac
2366 884 2766 953 impudentiam
2808 886 3196 941 devenerimus
3227 905 3241 941 :
3271 888 3367 942 Sed
3424 901 3527 943 nec

271 975 526 1045 βεϐαίαν,
553 975 648 1029 καὶ
670 975 747 1037 ὡς
767 976 1047 1046 παρόντων
1071 979 1180 1029 τῶν
1194 977 1417 1045 ἀγαθῶν
1447 977 1588 1029 οὕτω
1614 977 1849 1046 χαίρειν,

1960 972 2108 1027 illum
2147 975 2539 1044 repulerimus,
2567 977 2896 1034 exhibentes
2937 978 3062 1033 aliis
3118 980 3523 1035 adorationcm.
3564 996 3579 1007 -

268 1065 367 1118 καὶ
396 1063 645 1130 δοξάζειν
673 1065 1246 1135 τδνὲπαγγειλάμενον
1271 1065 1364 1118 καὶ
1389 1064 1693 1136 παρέξοντα
1716 1065 1854 1118 πάνς-

1960 1064 2141 1134 Itaque
2188 1081 2299 1121 non
2352 1076 2569 1137 Oportet
2606 1069 2664 1123 in
2722 1071 2981 1141 ambiguo
3009 1085 3163 1139 spem
3211 1071 3419 1125 habere
3454 1071 3527 1125 de

268 1173 404 1220 τως,
441 1156 651 1227 Κύριον
694 1157 851 1227 ἡμῶν
884 1158 979 1210 καὶ
1006 1158 1157 1212 Θεόν.
1188 1158 1263 1211 Οὐ
1285 1157 1392 1228 γὰρ
1418 1158 1577 1229 μόνον
1618 1156 1725 1210 ἀπὸ
1753 1156 1854 1225 τῆς

1960 1158 2261 1227 promissis,
2293 1160 2389 1215 sed
2423 1159 2635 1215 ﬁrmam
2663 1176 2839 1231 spem,
2895 1172 2954 1218 et
2973 1162 3144 1218 veluti
3179 1163 3248 1218 de
3278 1178 3525 1232 praesen-

267 1249 449 1321 ὀργῆς
503 1251 668 1305 σώσει
720 1253 886 1321 ἡμᾶς,
937 1252 1071 1307 ἀλλὰ
1129 1253 1222 1306 και
1253 1252 1350 1322 τῆς
1390 1252 1643 1323 οὐρανίου
1689 1247 1850 1320 δόξης

1960 1248 2104 1304 tibus
2131 1248 2295 1305 bonis
2321 1250 2393 1305 ita
2442 1251 2706 1322 gaudere,
2762 1267 2827 1306 ac
2875 1253 3025 1307 illum
3068 1253 3375 1323 gloriﬁcare
3428 1254 3525 1323 qui

267 1343 528 1407 ἀξιώσει.
564 1362 583 1394 ι
615 1344 824 1397 Ὄντων
856 1346 1013 1414 ἡμῶν
1041 1344 1305 1410 ἀσθενῶν,
1332 1364 1351 1397 t
1377 1336 1469 1399 κάκ
1494 1345 1561 1399 τὰ
1589 1343 1735 1413 ἑξῆς.
1770 1343 1852 1397 Τὰ

1960 1342 2223 1410 promisit,
2236 1342 2678 1412 quiqueomnino
2698 1344 3000 1414 praestabit,
3031 1345 3295 1401 Dominus
3324 1360 3522 1415 nempe

269 1434 547 1503 μέλλοντα
578 1436 992 1504 πιστωσάμενος
1021 1437 1085 1491 ἐκ
1131 1437 1232 1506 τῆς
1282 1437 1375 1491 τοῦ
1410 1438 1566 1505 ἁγίου
1597 1437 1855 1505 Πνεῦμα-

1960 1434 2016 1486 ac
2045 1432 2190 1487 Deus
2219 1441 2427 1513 noster.
2454 1435 2615 1505 262
2645 1435 2767 1489 Non
2800 1435 2979 1489 solum
3008 1436 3158 1491 enim
3204 1451 3307 1491 nos
3334 1437 3404 1491 ab
3444 1437 3530 1492 ira

263 1542 360 1589 to;
382 1526 616 1597 δωρεᾶς,
654 1525 748 1580 νῦν
781 1528 871 1581 καὶ
907 1528 969 1581 ἐκ
991 1527 1085 1582 τοῦ
1120 1528 1349 1583 θανάτου
1373 1530 1465 1584 τοῦ
1493 1527 1727 1599 Χριστοῦ
1764 1545 1853 1581 πι-

1960 1525 2221 1590 servabit,
2269 1526 2365 1581 sed
2412 1534 2470 1582 et
2526 1528 2737 1584 C(elesti
2796 1528 2973 1599 gloria
3031 1529 3229 1601 dignos
3280 1530 3577 1587 babebltp

268 1618 525 1672 στοῦται.
558 1619 622 1672 Εἰ
649 1618 779 1690 γὰρ,
828 1621 1015 1690 φησὶν,
1067 1621 1208 1692 ὑπὲρ
1238 1621 1428 1692 ἀνδρὸς
1449 1621 1705 1692 ἐναρέτου
1753 1620 1856 1674 οὐκ

1961 1636 1980 1668 ι
2008 1616 2145 1671 Cum
2171 1616 2353 1673 adhuc
2378 1632 2624 1674 essemus
2650 1619 2877 1684 inﬁrmi,
2913 1639 2933 1672 ι
2984 1627 3096 1675 etc.
3129 1620 3427 1690 Postquam
3462 1622 3529 1676 ﬁ-

264 1707 333 1760 ἀν
354 1725 446 1773 τις
463 1708 641 1763 ἕλοιτο
661 1710 973 1776 ἀποθανεῖν,
996 1712 1189 1765 σκόπει
1221 1730 1311 1782 μοι
1340 1713 1434 1765 τοῦ
1457 1712 1729 1765 Δεσπὸτου
1754 1711 1857 1782 τὴν

1960 1708 2077 1763 dem
2107 1709 2175 1764 de
2202 1709 2407 1766 futuris
2430 1726 2498 1766 ex
2524 1711 2767 1782 Spiritus
2798 1712 2973 1767 sancti
3005 1712 3154 1767 dono
3183 1712 3527 1768 corrobora-

264 1798 707 1867 ἀγαθότητα,ὂτι
733 1800 825 1853 τὸν
846 1800 975 1853 Υῐδν
1002 1801 1145 1872 ὑπὲρ
1165 1801 1377 1855 ἀσεὸὦν
1397 1801 1560 1854 ἔδωκε
1585 1804 1650 1870 τῇ
1671 1802 1855 1871 ἀμαρο

1960 1799 2057 1862 vit,
2110 1814 2261 1855 nunc
2316 1801 2483 1855 etiam
2506 1816 2574 1856 ex
2630 1801 2835 1857 Christi
2900 1802 3155 1873 passione
3211 1802 3526 1858 conﬁrmat.

264 1859 381 1962 τίει.
419 1908 441 1942 ι
476 1859 634 1945 ἰξατά
660 1894 864 1964 καιρόν.
909 1912 927 1945 t
962 1925 1033 1937 —
1063 1859 1401 1967 [DIKOYMJ
1428 1859 1683 1948 Τουτέστι
1708 1859 1856 1947 ιτατά

1960 1890 2087 1945 Nam
2115 1891 2160 1945 si
2180 1907 2281 1961 pro
2306 1892 2473 1955 bono,
2506 1893 2706 1962 inquit,
2738 1894 2860 1948 viro
2891 1892 3077 1949 nullus
3102 1894 3242 1948 mori
3278 1894 3531 1964 eligeret,

266 1983 473 2052 καιρὸν
500 1982 777 2055 εὔκαιρον,
817 1985 909 2039 καλ
938 1986 1287 2059 προσήκοντα
1315 1989 1409 2039 καὶ
1439 1986 1853 2058 προωρισμὲνον

1960 1980 2240 2036 considera
2265 1982 2399 2036 mihi
2431 1983 2646 2037 Domini
2672 1984 2973 2038 bonitatem
3000 1999 3014 2037 :
3044 1999 3144 2053 pro
3166 1982 3351 2053 impiis
3378 1983 3530 2038 enim

265 2071 473 2144 καιρὸν
496 2073 589 2126 καὶ
612 2075 822 2145 χρόνον.

1960 2070 2152 2126 Filium
2183 2078 2412 2141 peccato
2430 2072 2603 2128 dedit.
2642 2090 2663 2124 ι
2693 2071 3009 2128 Secundum
3035 2081 3306 2142 tempus.»
3331 2069 3535 2127 -—Hoe

1952 2172 2038 2219 est
2062 2174 2371 2234 opportuna
2402 2179 2467 2219 ac
2519 2165 2871 2220 eonvenienti
2930 2165 3195 2235 temporis
3243 2165 3535 2221 occasione

1956 2254 2302 2324 deﬁnitaque
2334 2264 2607 2325 tempore.

343 2336 685 2418 Συνίστησῖ
716 2350 785 2405 δὲ
826 2352 942 2419 τὴν
971 2351 1189 2407 ἑαυτοῦ
1220 2353 1462 2425 ἀγάπην
1488 2354 1572 2422 εἰς
1614 2351 1774 2423 ἡμᾶς
1820 2354 1857 2408 δ

2022 2348 2088 2410 ν.
2126 2347 2277 2402 8-H.
2313 2347 2562 2403 Illustrat
2591 2356 2767 2402 autem
2795 2364 2949 2402 suam
2971 2364 3099 2418 erga
3146 2364 3242 2403 nos
3294 2350 3534 2403 curita-

267 2441 447 2506 Θεὸς,
501 2440 590 2495 ὅτι
620 2442 707 2495 ἔτι
750 2443 1110 2512 ἁμαρτωλῶν
1151 2444 1343 2498 ὄντων
1382 2445 1570 2515 ἡμῶν.
1599 2443 1858 2512 Χριστὸς

1960 2452 2060 2497 tem
2084 2442 2243 2509 Deus,
2275 2443 2415 2514 quod
2434 2458 2553 2496 cum
2584 2442 2755 2502 adhuc
2775 2450 3070 2512 peccatores
3096 2457 3346 2508 essemus,
3371 2442 3531 2497 Chri-

264 2531 431 2600 ὑπὲρ
453 2533 623 2601 ἡμῶν
637 2535 914 2589 ἀπέθανε.
950 2535 1163 2603 Πολλῷ
1206 2533 1321 2593 οὖν
1347 2538 1588 2608 μᾶλλον
1616 2539 1855 2593 δικαιω-

1960 2543 2064 2591 stus
2088 2551 2183 2605 pro
2214 2535 2360 2589 nobis
2386 2543 2625 2588 mortuus
2659 2542 2735 2588 est
2771 2549 2790 2588 :
2817 2532 2985 2588 multo
3007 2535 3178 2604 magis
3211 2548 3336 2604 ergo
3355 2533 3524 2603 justi-

265 2624 487 2690 θέντες
517 2624 633 2679 νῦν
663 2626 735 2680 ἐν
760 2626 838 2692 τῷ
865 2629 1083 2696 αἵματι,
1136 2632 1530 2699 σωθησόμεθα
1558 2629 1635 2683 δι’
1665 2631 1855 2685 αὐτοῦ

1960 2629 2100 2696 ﬁcati
2125 2645 2219 2699 per
2260 2629 2374 2696 ejus
2401 2629 2713 2698 sanguinem
2740 2626 2877 2681 salvi
2903 2628 3103 2681 erimus
3153 2643 3252 2698 per
3296 2640 3421 2681 eum
3464 2623 3533 2679 ab

266 2715 399 2770 ἀπὸ
431 2715 544 2785 τῆς
575 2715 777 2787 ὀργῆς.
804 2719 870 2772 El
903 2718 1014 2788 γὰρ
1045 2719 1243 2787 ἐχθροὶ
1275 2719 1445 2785 ὄντες
1474 2719 1854 2790 κατηλλάγη-

1960 2726 2056 2778 ira.
2092 2723 2151 2778 Si
2171 2724 2309 2777 enim
2336 2740 2453 2777 cum
2489 2723 2692 2776 inimici
2716 2738 2944 2777 essemus
2983 2722 3318 2776 reconciliati
3346 2735 3536 2775 sumus

267 2823 395 2875 μεν
417 2807 500 2873 τῷ
542 2807 685 2875 Θεῷ,
739 2809 835 2862 διὰ
862 2809 968 2864 τοῦ
1013 2809 1271 2865 θανάτου
1302 2811 1410 2865 τοῦ
1459 2810 1593 2866 me
1641 2811 1849 2877 αὐτοῦ,

1960 2813 2060 2868 Deo
2087 2831 2181 2886 per
2203 2821 2423 2869 mortem
2443 2810 2571 2866 Filii
2589 2814 2779 2882 ipsius,
2806 2811 2973 2867 multo
2999 2813 3171 2883 magis
3196 2809 3534 2865 reconciliati

268 2898 496 2964 πολλῷ
543 2900 786 2970 μᾶλλον
823 2901 1302 2971 καταλλαγέντες
1352 2903 1743 2972 σωθησόμεθα
1785 2904 1857 2957 ἐν

1960 2905 2088 2961 ιαιυὶ
2121 2907 2314 2960 erimus
2342 2906 2395 2958 in
2420 2906 2529 2958 vita
2566 2905 2702 2971 ejus.
2739 2901 2857 2956 Non
2896 2901 3069 2956 solum
3093 2909 3273 2969 autem
3298 2900 3412 2963 hoc,
3435 2896 3531 2952 sed

270 2989 360 3057 τῇ
387 2988 500 3058 ζωῇ
531 2991 737 3046 αὐτοῦ.
766 2994 850 3047 Οὐ
875 2994 1069 3062 μόνον
1105 2994 1193 3059 δὲ,
1225 2995 1385 3049 ἀλλὰ
1418 2996 1513 3050 καὶ
1545 2996 1854 3066 καυχώμε-

1960 3008 2005 3052 et
2031 2996 2331 3069 gloriamur
2364 2997 2420 3050 in
2449 2994 2556 3048 Deo
2602 3010 2697 3064 per
2722 2992 3009 3047 Dominum
3054 2994 3297 3045 nostram
3348 2988 3534 3043 Iesum

269 3096 379 3132 rat
404 3079 476 3133 ἐν
502 3079 583 3146 τῷ
613 3080 753 3150 Θεῷ,
777 3082 875 3136 διὰ
908 3082 1014 3138 τοῦ
1035 3084 1255 3153 Κυρίου
1276 3083 1446 3153 ἡμῶν
1486 3086 1688 3153 Ἰησοῦ
1718 3089 1856 3155 Χριο

1960 3088 2238 3156 Christum,
2284 3106 2377 3162 per
2417 3105 2570 3161 quem
2612 3102 2752 3141 nunc
2804 3080 3279 3140 reconciliationem
3334 3081 3555 3152 accepi--

271 3172 458 3235 στοῦ,
490 3171 567 3225 δι’
589 3170 662 3228 οὗ
694 3174 813 3227 νῦν
839 3173 956 3243 τὴν
974 3176 1368 3261 καταλλαγὴν
1392 3176 1703 3248 ἐλάϐομεν.
1877 3195 1924 3257 c
1957 3201 2094 3239 mus.
2214 3192 2223 3197 ’

354 3265 693 3333 Συνίστησι
720 3266 796 3328 δὲ,
820 3268 938 3321 ἀντὶ
961 3266 1076 3337 τοῦ,
1099 3268 1326 3339 βεϐαιοῖ,
1356 3270 1645 3324 δεῖκνυσι.‹
1672 3272 1857 3340 Πολλῷ

2029 3268 2278 3330 Illustrat
2332 3281 2539 3338 autem,
2603 3274 2711 3328 hoc
2759 3281 2867 3335 est,
2902 3269 3212 3335 conﬁrmat,
3266 3264 3533 3323 ostendit.

274 3354 382 3410 οὖν
431 3357 631 3428 μᾶλλον
663 3360 1061 3426 δικαιωθέντες.
1099 3381 1117 3415 t
1158 3363 1220 3417 El
1240 3364 1348 3434 γάρ
1400 3365 1542 3430 τότε,
1578 3364 1763 3434 φησὶν,
1796 3365 1857 3419 οὗ

1966 3386 1988 3419 ι
2018 3367 2186 3421 Multo
2215 3366 2388 3440 magis
2419 3380 2555 3443 ergo
2574 3363 2882 3437 iustiﬁcati.
2924 3382 2943 3415 ›
2976 3363 3113 3419 Nam
3148 3361 3193 3415 sl
3235 3367 3391 3420 tunc,
3450 3358 3537 3412 iub

279 3453 580 3523 περιεῖδεν,
610 3454 699 3507 ὅτε
750 3455 843 3507 καὶ
894 3454 1210 3525 ἁμαρτωλοὶ
1248 3451 1410 3528 ἦμεν,
1465 3456 1561 3509 καὶ
1606 3456 1761 3527 χρεία
1789 3451 1861 3528 ἦν

282 3544 428 3613 προς
472 3544 530 3597 τδ
573 3546 746 3598 σῶσαι
807 3545 1028 3600 καὶτοῦ
1066 3546 1299 3601 Θανάτου
1357 3548 1452 3601 τοῦ
1503 3548 1634 3602 Υἱοῦ
1670 3548 1857 3616 αὑτοῦ,

284 3637 444 3708 nam)
478 3637 676 3707 μᾶλλον
698 3637 790 3691 νῦν
818 3640 880 3693 οὑ
907 3638 1159 3709 περιῖδοι,
1191 3637 1324 3693 ἀλλά
1343 3639 1527 3703 σώσει,
1559 3641 1648 3695 ὅτε
1678 3641 1862 3711 ἁμαρ-

283 3730 450 3781 τωλοί
481 3732 646 3799 ἐσμεν
686 3729 1065 3794 δικαιωθέντες
1108 3730 1187 3801 τῷ
1227 3731 1419 3801 αἵματι
1459 3731 1555 3786 τοῦ
1597 3731 1857 3800 Χριστοῦ,

285 3820 412 3873 οὔτε
448 3821 527 3872 ἔτι
561 3820 721 3893 χρεία
750 3820 1127 3892 θανατωθῆναι
1150 3822 1245 3876 τὸν
1260 3822 1386 3876 Υῖδν
1420 3823 1625 3888 ἀὐτοῦς
1659 3842 1677 3874 ι
1728 3822 1862 3875 Ἀπὸ

288 3912 389 3978 τῆς
416 3912 601 3981 ὀργῆς.
639 3932 656 3962 ι
688 3912 798 3983 Τῆς
824 3911 1122 3984 μελλούσης
1154 3913 1443 3977 κολάσεως.
1482 3931 1503 3967 t
1544 3915 1633 3967 Ἐν
1651 3915 1715 3984 τῇ
1747 3912 1859 3985 ζωῇ

289 4002 478 4056 αὑτοῦ.
520 4022 539 4055 ι
584 4004 698 4059 Οὐκ
727 4003 805 4057 ἔτι
834 4003 965 4075 γάρ,
997 4004 1151 4075 φησὶ,
1176 4005 1353 4075 χρεία,
1378 4006 1453 4069 ὡς
1478 4005 1539 4059 τὸ
1574 4005 1859 4077 πρότερον,

291 4094 476 4146 δοῦναι
508 4097 599 4149 τὸν
636 4096 765 4148 Υἱδν
816 4097 894 4160 εἰς
933 4096 1187 4160 θάνατον,
1215 4096 1348 4150 ἀλλά
1382 4096 1579 4160 ζῶντος
1624 4095 1776 4150 ἔσται
1827 4096 1862 4167 ἡ

295 4204 444 4257 ato-:1;
453 4188 564 4256 ρὲα.
587 4188 753 4241 Οὐδὲν
775 4184 885 4251 οὖν,
912 4188 1066 4259 φησὶ,
1100 4189 1379 4260 δυσχερές.
1417 4208 1435 4240 t
1469 4190 1544 4241 Οὐ
1575 4189 1735 4257 μόνον
1783 4188 1860 4252 δὲ,

296 4278 434 4332 ἀλλὰ
461 4279 554 4331 καὶ
586 4281 926 4347 καυχώμενοι
958 4282 1016 4333 ὲν
1042 4280 1120 4351 τῷ
1148 4280 1287 4349 Θεῷ.
1314 4299 1330 4330 ι
1362 4279 1477 4333 Ἰνα
1510 4280 1583 4350 μὴ
1600 4278 1867 4350 ἐρυθριῶ-

303 4388 399 4440 μεν
430 4372 524 4423 καὶ
556 4369 930 4443 ἁδημονῶμεν,
989 4370 1357 4426 ὄτι’τοσοῦτυν
1398 4370 1704 4440 γεγόναμεν
1734 4372 1865 4423 ἀσε-

301 4462 412 4524 ϐεῖς
439 4461 512 4524 ὡς
552 4464 739 4533 χρείαν
771 4462 1023 4530 γενέσθαι
1060 4464 1155 4516 καὶ
1183 4462 1276 4515 τοῦ
1329 4461 1558 4515 Θανάτου
1589 4462 1685 4515 τοῦ
1732 4462 1864 4515 Υἱοῦ

1958 3458 2101 3530 quit,
2132 3472 2245 3511 non
2277 3456 2529 3526 deSpexit
2572 3471 2698 3511 eum
2723 3465 2780 3510 et
2824 3461 3145 3525 peceatores
3200 3463 3441 3509 eramus,
3476 3456 3561 3503 et:

1959 3555 2241 3625 opus‘erat
2274 3555 2335 3602 ut
2369 3546 2579 3617 proprii
2612 3548 2779 3602 etiam
2827 3553 3003 3599 morte
3046 3542 3170 3598 Filii
3206 3542 3387 3596 salvos
3432 3552 3538 3595 nos

1959 3641 2187 3703 faceret,
2217 3647 2424 3711 quanto
2449 3640 2623 3710 magis
2648 3654 2797 3694 nunc
2827 3650 3179 3708 nequaquam
3232 3631 3523 3703 despiciet,

1961 3732 2056 3787 sed
2081 3733 2260 3787 salvos
2290 3731 2473 3797 faciet,
2504 3730 2725 3803 quando
2755 3744 2935 3800 neque
2970 3735 3283 3798 peceatores
3310 3738 3529 3785 sumus,

1961 3822 2163 3880 Christi
2189 3823 2454 3895 sanguine
2482 3822 2791 3895 justiﬁcati,
2822 3836 3004 3891 neque
3023 3822 3136 3891 jam
3173 3830 3402 3873 necesse
3450 3822 3553 3871 est'

1962 3914 2164 3970 Filium
2220 3929 2382 3969 suum
2441 3914 2609 3968 morti
2658 3913 2855 3969 tradi?
2904 3932 2923 3964 ι
2960 3912 3041 3966 Ab
3073 3911 3175 3965 ira.
3223 3926 3244 3960 ι
3278 3906 3538 3962 Afuturo

1963 4004 2257 4075 supplicio.
2291 4023 2309 4055 ι
2344 4003 2404 4058 In
2448 4003 2564 4059 vita
2620 4004 2760 4074 ejus.
2809 4021 2828 4054 ι
2859 4001 3049 4070 Neque
3097 3999 3247 4054 enim
3290 3998 3400 4067 jam
3439 4010 3540 4049 ne-

1963 4112 2115 4153 cesse
2141 4103 2246 4162 est,
2279 4095 2481 4166 inquit,
2529 4103 2591 4149 ut
2639 4094 2816 4165 prius,
2850 4092 3049 4148 Filium
3095 4083 3265 4146 suum'
3296 4089 3351 4142 in
3386 4101 3549 4142 mor--

1967 4201 2076 4247 tem
2112 4189 2352 4253 tradere,
2389 4188 2484 4244 sed
2517 4203 2584 4243 eo
2643 4188 2864 4242 vivente
2898 4185 3048 4240 salus
3074 4184 3197 4238 erit.
3255 4180 3403 4236 Nihil
3437 4180 3542 4234 ita-

1964 4293 2072 4351 que
2097 4278 2455 4342 difﬁcultatis,
2484 4277 2688 4348 inquit,
2730 4276 2909 4331 habet
2956 4288 3103 4329 nunc
3130 4280 3317 4326 nostra
3363 4270 3536 4324 salus.

1972 4391 1991 4424 ι
2022 4372 2142 4426 Non
2165 4370 2342 4426 solum
2366 4378 2548 4425 autem
2581 4370 2705 4430 hoc.
2735 4367 2832 4424 sed
2861 4376 2916 4423 et
2948 4365 3248 4438 gloriamur
3273 4363 3329 4416 in
3354 4361 3486 4416 Deo.
3510 4368 3537 4411 ε

1964 4451 2050 4516 Ne
2075 4460 2277 4515 rubore
2321 4457 2725 4522 suﬂ‘undamur,
2776 4469 3126 4525 mmroreque
3181 4451 3542 4507 conﬁciantur

299 4555 437 4626 πρὸς
470 4555 530 4607 τὸ
560 4556 975 4625 σωθῆναιήμᾶς,
1009 4556 1228 4624 ὶπάγειο
1266 4556 1339 4609 Οὐ
1364 4556 1523 4625 μόνον
1556 4554 1612 4608 δὲ
1655 4555 1856 4625 ἐσώθη·

1968 4552 2113 4624 quod
2134 4552 2273 4607 adeo
2295 4550 2447 4621 impii
2475 4551 2763 4611 fuerimus,
2784 4557 2846 4604 ut
2873 4558 3014 4617 opus
3053 4545 3219 4601 fuerit
3234 4543 3300 4598 ad
3328 4543 3544 4598 salvan—

303 4664 421 4718 μεν.
454 4648 640 4717 φησὶν,
671 4649 804 4701 ἀλλὰ
832 4648 925 4701 καὶ
969 4648 1272 4719 καυχᾶσθαι
1316 4648 1624 4719 ὀρεξλομεν.
1663 4648 1861 4715 Τοιγα-

1960 4645 2090 4701 dum
2114 4659 2213 4698 nos
2228 4643 2393 4698 etiam
2413 4653 2589 4697 morte
2609 4641 2732 4695 Filii
2751 4637 3154 4709 Dei,subjungit
3171 4653 3186 4690 :
3202 4636 3320 4690 Non
3337 4634 3543 4695 solum,

302 4740 431 4811 ροῦν
447 4740 541 4792 καὶ
569 4738 920 4809 καυχώμεθα,
950 4740 1031 4792 ὅτι
1057 4740 1197 4804 ὅλως
1215 4739 1449 4792 ἀπέθανε
1474 4738 1703 4810 Χριστὸς
1725 4736 1861 4808 ὑπὲρ

1964 4736 2165 4807 inquit,
2212 4735 2347 4789 salvi
2400 4733 2526 4788 facti
2584 4748 2795 4796 sumus,
2857 4729 2952 4785 sed
2994 4737 3051 4783 et
3100 4725 3321 4798 gloriari
3371 4723 3543 4779 debe-

302 4830 460 4901 ὴμῶν
491 4830 661 4882 ὄντων
686 4827 917 4883 ἀσεϐῶν.
942 4829 1115 4882 Τοῦτο
1138 4829 1245 4899 γὰρ
1272 4828 1368 4899 τὴν
1388 4828 1527 4896 ἄγαν
1551 4828 1643 4881 τοῦ
1659 4828 1861 4897 [ἰατρὸς

1966 4841 2089 4881 mus
2123 4844 2136 4879 :
2170 4825 2351 4893 itaque
2383 4823 2686 4894 gloriamur
2732 4821 2895 4876 etiam
2926 4815 3071 4889 quod
3133 4814 3359 4871 omnino
3397 4828 3545 4869 moro

303 4924 528 4990 ἀγάπην
557 4920 726 4991 δηλοῖ,
752 4922 833 4973 ὅτι
858 4921 950 4974 καὶ
977 4921 1116 4991 ὑπὲρ
1141 4919 1350 4973 ἀσεϐῶν
1373 4921 1464 4974 τὸν
1494 4920 1622 4973 Υἱὺν
1650 4920 1861 4973 δέδωκε.

1968 4927 2098 4972 tuus
2139 4914 2307 4969 fuerit
2338 4912 2595 4968 Christus
2620 4926 2724 4981 pro
2782 4908 2941 4964 nobis
3014 4914 3141 4962 eum
3212 4906 3367 4975 impii
3396 4918 3546 4963 esse-

301 5013 443 5077 Τοὺς
474 5012 532 5066 δὲ
566 5013 961 5082 ἁγαπωμένους
990 5011 1093 5064 ὑπὸ
1122 5013 1275 5080 Θεοῦ,
1306 5014 1405 5065 οὐκ
1433 5010 1861 5080 ἑγκαλύπτεσθαι

1974 5027 2118 5067 mus.
2135 5010 2270 5066 Nam
2290 5009 2343 5063 id
2362 5007 2542 5062 Patris
2555 5020 2682 5078 erga
2699 5020 2802 5061 nos
2836 5018 3078 5059 amorem
3105 5009 3293 5073 apeﬂe
3315 4999 3547 5055 manife-

302 5106 423 5158 οὐδὲ
460 5105 770 5175 ἀδημονεῖν,
830 5106 963 5159 ἀλλά
993 5105 1322 5173 ἀγάλλεσθαι
1350 5107 1443 5158 καὶ
1473 5105 1775 5174 καυχᾶσθαι
1814 5106 1861 5157 ἐι

1975 5111 2105 5167 stat,
2127 5101 2273 5173 quod
2296 5100 2462 5154 etiam
2492 5113 2594 5169 pro
2621 5097 2806 5168 impiis
2827 5097 3026 5152 Filium
3040 5093 3353 5149 tradiderit.
3372 5094 3547 5148 Porro

302 5188 423 5259 Θεῷ
453 5191 743 5259 προσήκει.
800 5209 819 5240 ε
859 5190 938 5243 Δι’
964 5183 1025 5243 οὗ
1055 5189 1151 5241 νῦν
1179 5190 1279 5260 τὴν
1305 5187 1651 5260 καταλλαγὴν
1682 5188 1861 5243 ἐλάσαι

1978 5208 2075 5248 eos
2086 5192 2179 5262 qui
2198 5206 2228 5245 a
2243 5190 2354 5246 Dee
2366 5200 2621 5244 amantur
2642 5203 2754 5245 non
2778 5188 3038 5244 convenit
3050 5185 3261 5257 pudore
3279 5181 3545 5252 suﬂ'undi,

307 5304 429 5356 μεν.
466 5306 485 5336 ο
526 5285 637 5355 Τὴν
665 5281 775 5339 οἷον
828 5286 1101 5340 οἰκείωσιν
1133 5287 1227 5339 καὶ
1251 5285 1313 5341 τὸ
1363 5285 1712 5357 διαλλαγῆναι
1741 5287 1861 5357 ήμῖι

1983 5297 2162 5353 neque
2215 5296 2452 5337 mmrore
2476 5279 2641 5348 allici,
2683 5279 2844 5352 263
2869 5279 2966 5335 sed
2995 5278 3240 5335 exaltare
3263 5284 3321 5331 et
3349 5276 3404 5330 in
3428 5276 3549 5331 ‘Deo

303 5375 660 5451 ὀργιζόμενον
684 5378 789 5450 πρὸ
816 5379 1002 5433 τούτου
1040 5376 1131 5431 τὸν
1162 5377 1313 5434 Θεὸν.

1983 5374 2226 5447 gloriari.
2278 5392 2296 5426 ι
2319 5376 2423 5430 Per
2447 5390 2610 5446 quem
2632 5374 2944 5445 accepimus
2973 5369 3498 5428 reconciliationem.
3522 5384 3543 5429 ρ

1989 5467 2103 5522 Hoc
2131 5474 2215 5523 est
2235 5466 2689 5534 familiaritatem,
2715 5474 2775 5520 et
2806 5462 2955 5536 quod
2981 5463 3141 5519 nobis
3162 5459 3553 5517 reconciliatus

1989 5560 2063 5614 sit
2101 5560 2244 5616 Deus
2289 5575 2381 5631 qut
2409 5569 2537 5616 ante
2577 5559 2744 5631 huius
2765 5563 3003 5614 mortem
3023 5552 3183 5611 nobis
3209 5551 3382 5606 iratus
3409 5552 3549 5602 erat.

1883 5781 1946 5791 __
2338 5766 2341 5777 λ
3480 5760 3483 5763 ⁷
3514 5738 3523 5788 Ῑ
