3978 6546
501 369 607 437 ιιδ

1093 488 1318 546 CAPUT
1369 488 1476 544 Vll.

499 594 772 661 anmodo
802 612 894 652 nos
917 597 1270 652 introduxerit
1300 598 1370 652 ad
1394 597 1621 652 salutem
1655 597 1806 652 Iesus
1831 597 2068 653 Christus

571 668 741 737 factus
763 670 916 723 homo
948 685 1044 738 pro
1074 669 1340 739 terrigena
1371 667 1543 724 Adam
1570 669 1661 738 qui
1702 668 1767 722 ab
1805 669 1956 723 initio
1985 685 2070 723 ce-

571 739 798 794 ciderat.
895 761 899 770 -

569 853 638 917 ν,
671 852 757 917 12,
791 853 878 909 l3.
902 851 1190 922 Propterea
1212 853 1345 906 sicut
1365 869 1458 924 per
1476 869 1642 909 unum
1665 855 1927 909 hominem
1949 868 2070 924 pec-

500 950 677 999 totum
699 943 754 996 in
779 941 1032 996 mundum
1059 941 1316 1008 introivit,
1339 961 1400 998 ac
1425 959 1518 1015 per
1540 955 1811 1014 peccatum
1837 960 1998 1009 mors,
2017 952 2066 998 et

498 1038 575 1090 sic
601 1037 657 1090 in
676 1051 852 1089 omnes
879 1037 1112 1090 homines
1137 1052 1277 1090 mors
1312 1037 1657 1100 pertransiit:
1686 1038 1741 1091 in
1767 1053 1869 1109 quo
1887 1053 2068 1092 omnes

498 1136 863 1198 peccaverunt.
897 1126 1038 1182 Nam
1061 1143 1222 1200 usque
1245 1129 1314 1183 ad
1363 1131 1526 1202 legem
1553 1140 1826 1204 peccatum
1853 1139 1968 1186 erat
2012 1132 2068 1186 in

501 1219 718 1273 mundo.

565 1311 705 1368 Cum
733 1312 788 1366 in
807 1312 1192 1383 superioribus
1215 1313 1594 1384 multipliciter
1645 1315 1983 1385 probaverit,
2014 1325 2071 1372 et

500 1401 740 1471 Spiritus
770 1402 1064 1470 prasentia
1090 1413 1146 1457 et
1186 1402 1310 1457 Filii
1341 1411 1519 1458 morte
1580 1415 1682 1458 nos
1713 1417 1836 1458 esse
1863 1402 2069 1473 justiti-

501 1502 675 1558 catos,
708 1492 856 1547 idem
907 1493 1073 1548 etiam
1102 1508 1251 1549 nunc
1282 1509 1350 1548 ex
1396 1509 1468 1550 eo
1499 1493 1647 1564 quod
1689 1494 1892 1548 rationi
1940 1508 2072 1550 con-

499 1594 822 1640 sentaneum
853 1601 918 1640 ac
952 1601 1298 1656 consequens
1317 1594 1423 1650 est,
1467 1586 1780 1642 conﬁrmat.
1816 1587 1950 1642 Nam
1978 1603 2068 1641 ra-

501 1676 786 1742 tionabile,
820 1677 1021 1747 inquit,
1047 1688 1186 1743 erat,
1217 1694 1314 1734 eos
1341 1679 1434 1749 qui
1465 1693 1564 1748 per
1590 1693 1760 1734 unum
1789 1678 2068 1734 hominem

500 1775 818 1836 peccatores
847 1782 910 1822 ac
941 1768 1198 1823 mortales
1233 1769 1361 1825 facti
1389 1777 1568 1836 erant,
1623 1768 2067 1840 quandoquidem

1517 374 1916 434 (ECUMENII
1945 376 2073 434 TR!

2174 375 2236 436 ΛΞ
2277 373 2615 434 EPISCUPI
3618 371 3706 440 418

2787 481 3036 538 ΚΕΦΑΛ.
3072 481 3149 538 Z'.

2176 599 2316 665 Περὶ
2346 597 2679 669 εισανωγῆς
2710 596 2816 652 τοῦ
2843 598 2994 669 πρὸς
3016 594 3322 669 σωτηρίαν
3339 597 3502 669 ἡμῶν
3525 598 3711 669 ἀνθρώ-

2246 686 2366 749 που
2403 667 2601 735 Ἰησοῦ
2624 667 2907 750 ξριστοᾷ,
2937 668 3071 723 ἀντὶ
3102 667 3206 723 τοῦ
3234 667 3523 736 πεσόντος
3547 669 3608 736 ἐξ
3622 667 3712 740 ἡάρ-

2245 739 2366 808 χῆς
2404 738 2703 808 γηγενοῦς
2734 737 2941 808 Ἀδάμ.

2244 851 2349 907 Διά
2377 851 2555 906 τοῦτο
2583 850 2790 920 ὥσπερ
2833 849 2908 905 δι’
2932 850 3070 918 ἐνὸς
3094 850 3408 921 ἀνθρώπου
3436 851 3472 919 ἠ
3498 852 3714 922 ἁμαρτία

2174 945 2262 1010 εις
2288 944 2395 998 τὸν
2422 944 2657 1013 κόσμον
2682 943 2957 1012 εἰσῆλθε,
2994 943 3094 998 καὶ
3125 942 3223 997 διὰ
3249 941 3359 1011 τῆς
3403 943 3663 1012 ἁμαρτίας
3685 949 3714 1000 d

2174 1035 2456 1103 θάνατος,
2499 1036 2599 1089 καὶ
2623 1035 2812 1103 οὕτως
2832 1035 2919 1102 εἷς
2941 1035 3174 1100 πάντας
3201 1035 3541 1103 ἀνθρώπους
3567 1040 3597 1090 d
3628 1037 3714 1091 dti-

2173 1145 2354 1194 νατος
2387 1127 2638 1197 διῆλθεν
2658 1145 2671 1161 ·
2696 1128 2789 1197 ἐφ’
2821 1121 2872 1195 ᾧ
2911 1128 3134 1196 πάντες
3147 1127 3431 1198 ἥμαρτον.
3459 1129 3604 1198 Ἄχρι
3626 1131 3714 1200 γὰρ

2176 1221 2366 1289 νόμου
2391 1217 2645 1288 ἁμαρτία
2662 1214 2741 1289 ἦν
2772 1218 2843 1272 ἐν
2863 1220 3088 1286 κόσμῳ.

2244 1311 2674 1375 Κατασκευάσας
2698 1311 2810 1364 ἄνω
2833 1311 3116 1382 πολλαχῶς
3135 1311 3195 1366 τὸ
3209 1311 3574 1367 δεδικαιιῖκιθαι
3592 1313 3714 1382 ἡμᾶς

2173 1407 2240 1476 τῇ
2276 1421 2336 1457 τε
2369 1404 2630 1474 μετουσίᾳ
2655 1403 2752 1458 τοῦ
2785 1403 3128 1474 Πνεύματος,
3159 1405 3256 1458 καὶ⁵
3282 1403 3360 1476 τῷ
3400 1405 3600 1475 Θανάτῳ
3637 1405 3714 1459 τοῦ

2176 1497 2336 1564 Υἰοῦ,
2369 1496 2464 1551 νῦν
2491 1498 2584 1551 καὶ
2642 1499 2706 1551 ὲκ
2733 1496 2830 1552 τοῦ
2865 1497 3089 1565 εὐλόγου
3141 1496 3274 1550 αὐτὸ
3331 1497 3712 1561 κατασκευάζει.

2176 1589 2300 1643 Ὅτι
2323 1627 2340 1653 ,
2373 1590 2530 1660 φησὶ,
2567 1589 2664 1644 καὶ
2688 1587 2909 1658 εὔλογον
2938 1584 3025 1661 ἦν,
3066 1589 3192 1652 τοὺς
3221 1589 3288 1642 δι’
3327 1587 3423 1642 ἕνα
3464 1587 3730 1660 ἄνθρωπον-

2175 1683 2534 1752 ἁμαρτωλοὺς
2559 1682 2653 1736 καὶ
2679 1682 2909 1752 θνητοὺς
2936 1682 3277 1752 γινομένους,
3323 1681 3443 1735 ἐπεὶ
3472 1680 3713 1752 ἐζηλώσα-

2181 1789 2278 1840 μεν
2305 1771 2472 1825 αὑτοῦ
2503 1768 2606 1842 τὴν
2632 1771 2940 1843 παρακοὴν,
2989 1771 3076 1825 διὰ
3098 1771 3189 1826 τὸν
3215 1772 3311 1826 ἕνα
3330 1772 3618 1844 ἄνθρωπον,
3638 1772 3713 1826 τὸν

502 1857 656 1913 illius
739 1859 984 1913 aemulati
1069 1859 1356 1915 fueramus
1440 1860 1913 1926 inobedientiam,
1971 1876 2069 1931 per

2174 1861 2377 1933 Κύριον
2403 1862 2632 1932 δηλαδὴ,
2661 1863 2900 1931 σωθῆναι
2929 1863 3321 1926 δικαιωθέντας
3350 1863 3443 1916 καὶ
3462 1862 3712 1916 ἀπαθανα-

500 1963 673 2004 unum
706 1951 1005 2014 hominem,
1036 1952 1326 2006 Dominum
1369 1951 1645 2021 videlicet,
1694 1953 1876 2008 salvos
1923 1951 2063 2019 ﬁeri,

495 2038 824 2109 justiicatos
853 2055 918 2094 ac
950 2040 1288 2096 immortales
1309 2041 1559 2098 eﬂectos.
1595 2071 1666 2084 -—
1699 2041 1959 2106 Omnino,
1979 2043 2065 2098 in-

501 2128 640 2198 quit,
681 2145 710 2182 a
743 2130 856 2184 Deo
884 2130 1242 2194 salvabimur,
1284 2129 1583 2186 dummodo
1603 2131 1795 2186 saltem
1844 2131 1948 2200 ipsi
1975 2146 2067 2185 ve-

501 2219 666 2275 limus
699 2239 713 2274 :
745 2221 900 2290 cujus
920 2221 1086 2289 paulo
1123 2230 1281 2274 antea
1317 2221 1456 2276 datae
1478 2230 1606 2276 sunt
1633 2221 1920 2276 evidentes
1941 2236 2070 2292 pro.

503 2310 774 2366 bationes.
829 2311 936 2366 Sed
989 2320 1044 2366 et
1092 2321 1409 2380 propterea,
1460 2312 1659 2382 inquit,
1709 2312 2066 2380 salvabimur;

500 2411 726 2473 propter
749 2402 928 2473 quid?
973 2403 1112 2469 Quia
1132 2403 1238 2458 hoc
1264 2413 1320 2458 et
1336 2403 1598 2473 possibile
1633 2411 1738 2468 cst,
1775 2412 1831 2458 et
1868 2402 2068 2459 rationi

502 2503 933 2549 consentaneum
965 2503 1051 2548 est
1077 2509 1140 2548 ac
1185 2509 1554 2564 consequens.
1595 2493 1705 2550 Sed
1753 2493 1900 2550 unde
1952 2493 2070 2550 bzec

501 2584 789 2642 manifesta
812 2583 983 2639 ﬁent?
1012 2586 1054 2640 Α
1088 2585 1386 2650 contrario,
1412 2585 1615 2655 inquit.
1645 2584 1929 2654 Siquidem
1969 2600 2071 2655 per

503 2693 674 2732 unum
707 2677 984 2733 hominem
1018 2685 1376 2747 etpeccatum
1414 2677 1469 2732 in
1491 2679 1756 2734 mundum
1794 2677 2090 2745 introivit,‘

499 2777 557 2824 et
587 2784 734 2825 mors
760 2769 879 2840 ipsa
916 2787 930 2822 :
965 2768 1012 2824 si
1043 2785 1178 2840 ergo
1198 2771 1407 2826 atrocia
1452 2770 1570 2826 haec
1597 2770 1737 2826 facta
1764 2779 1913 2835 sunt,
1948 2784 2070 2840 pos-

504 2859 667 2915 sibile
695 2861 862 2915 etiam
889 2869 975 2915 est
994 2876 1058 2916 ac
1104 2876 1472 2931 consequens,
1518 2871 1581 2917 ut
1613 2877 1715 2932 per
1749 2877 1920 2916 unum
1969 2860 2070 2915 bo-

504 2951 708 3006 minem
733 2951 1026 3007 Dominum
1058 2962 1308 3008 nostrum
1329 2953 1516 3010 Jesum
1547 2954 1824 3009 Christum
1843 2959 2072 3023 pereant

502 3044 670 3099 etiam
692 3061 814 3116 quae
849 3045 1163 3101 introducta
1187 3053 1346 3121 erant
1379 3061 1524 3102 saeva
1564 3047 1725 3110 mala,
1769 3061 1834 3100 ac
1867 3044 2071 3100 dentur

501 3137 665 3195 nobis
721 3140 968 3195 meliora.
1024 3139 1319 3210 Apostolus
1363 3149 1547 3194 autem
1593 3139 1854 3208 operibus
1896 3137 2070 3192 Adam

501 3228 800 3299 prOpositis
819 3229 1044 3300 reliquit
1073 3209 1140 3285 ea
1171 3245 1293 3299 qua:
1319 3228 1448 3284 fecit
1479 3227 1750 3293 Christus,
1798 3227 1981 3283 dando
2011 3227 2067 3285 id
2098 3209 2142 3268 (ἶ

501 3334 572 3375 ex
612 3321 894 3378 contrario
948 3320 1369 3390 intelligendum
1403 3339 1418 3375 :
1461 3321 1622 3376 simul
1651 3329 1708 3376 et
1738 3320 1840 3376 ista
1870 3320 2070 3390 praedi-

500 3411 697 3476 cendo,
713 3421 770 3467 et
788 3412 881 3467 illa
897 3413 1124 3484 intelligi
1142 3413 1232 3468 hic
1244 3427 1365 3469 esse
1381 3412 1660 3483 possibilia
1678 3410 2034 3482 relinquendo
2055 3428 2072 3466 :

504 3501 667 3574 265.
695 3502 905 3558 Idcirco
945 3504 1339 3574 praeordinavit
1377 3504 1552 3559 solum
1588 3503 1904 3574 parabolam
1950 3519 2074 3573 quae

503 3589 843 3647 intellectum
872 3590 1026 3646 illum
1055 3593 1424 3662 pertraheret.
1457 3592 1694 3648 Omnino
1721 3594 1865 3650 enim
1899 3592 1954 3648 id
1985 3609 2074 3649 rc-

502 3680 695 3751 quirit,
735 3689 796 3738 ut
826 3683 1044 3739 dicatur
1069 3699 1085 3736 ι
1115 3683 1585 3750 Quemadmodum
1605 3684 1730 3750 hoc,
1755 3685 1830 3739 ita
1858 3693 1914 3740 et
1939 3700 2075 3740 con-

451 3829 462 3836 _
503 3786 762 3841 sequens,
794 3773 849 3829 id
882 3783 988 3839 est,
1019 3775 1101 3830 sic
1137 3785 1194 3830 et
1240 3775 1376 3830 illud
1411 3795 1426 3831 :
1459 3775 1557 3832 sed
1597 3777 1768 3832 veluti
1807 3777 2067 3842 diximus,

501 3879 569 3918 eo
599 3865 748 3934 quod
769 3866 1128 3937 consequitur
1159 3883 1258 3937 per
1280 3868 1596 3937 parabolam
1617 3878 1858 3933 ostenso,
1890 3869 2070 3924 mani-

437 4024 444 4044 .
502 3953 642 4044 teste
681 3953 814 4010 illud
838 3968 945 4010 non
985 3957 1188 4026 posuit,
1215 3957 1311 4012 sed
1337 3959 1594 4029 nosipsos
1646 3959 1715 4014 ad
1755 3960 2069 4032 intelligen-

502 4043 634 4099 dum
655 4045 875 4104 direxit.
923 4066 944 4100 ι
974 4047 1036 4103 In
1060 4063 1169 4120 quo
1196 4065 1388 4106 omnes
1406 4061 1793 4122 peccaverunt.
1821 4072 1841 4105 ι
1881 4053 1936 4108 In
1959 4069 2070 4124 quo

501 4136 696 4204 Adam,
747 4139 835 4194 vel
888 4155 988 4211 per
1021 4156 1186 4210 quem
1243 4142 1414 4196 Adam
1447 4151 1600 4209 :aut,
1658 4145 1788 4213 quia
1842 4153 2072 4214 propter

501 4228 681 4300 ipsum
707 4230 874 4287 etiam
909 4241 970 4287 et
1001 4233 1116 4289 alii.
1148 4263 1219 4275 —-
1253 4253 1273 4286 ι
1306 4235 1368 4289 ln
1394 4249 1526 4304 quo.
1559 4253 1580 4286 ι
1617 4234 1683 4290 ln
1714 4235 1854 4306 ipso,
1890 4236 2072 4306 inquit

500 4321 674 4378 Adam
702 4322 867 4379 simul
899 4325 1187 4391 morimur,
1211 4325 1341 4395 quia
1369 4325 1425 4380 in
1455 4325 1574 4396 ipso
1599 4325 1765 4382 simul
1816 4328 2068 4398 peccavi-

503 4433 646 4474 mus.
677 4419 747 4474 Et
778 4419 1004 4488 quidem
1045 4420 1137 4475 ille
1182 4421 1448 4492 originem
1501 4421 1655 4477 dedit
1685 4440 1698 4477 :
1730 4437 1832 4478 nos
1887 4433 2068 4479 autem

501 4519 720 4579 sumpta
756 4509 884 4565 inde
937 4513 1226 4568 occasione
1271 4512 1477 4567 malum
1517 4529 1629 4568 non
1662 4513 2067 4584 prohibuimus,
2109 4547 2144 4598 Ι,

499 4600 598 4664 βοὰ
626 4601 808 4671 potius
828 4604 1109 4674 cooperati
1139 4619 1350 4669 sumus,
1391 4613 1561 4675 utque
1613 4605 1684 4660 ad
1734 4606 1912 4675 majus
1942 4622 2072 4677 pro-

501 4693 728 4752 cederet
751 4697 1164 4766 apparavimus.
1204 4727 1278 4738 —
1318 4697 1399 4753 Nc
1452 4697 1578 4767 quis
1598 4698 1744 4752 enim
1793 4697 2073 4769 iniustitia:

502 4784 676 4840 Deum
696 4798 938 4853 accuset,
978 4788 1150 4860 quod,
1175 4805 1300 4844 cum
1320 4788 1492 4844 Adam
1536 4789 1853 4859 deliquerit,
1882 4805 2074 4846 omnes

503 4878 830 4945 moriamur,
859 4879 1143 4952 subiungit
1181 4898 1196 4935 :
1236 4898 1258 4934 ι
1310 4879 1374 4934 In
1424 4895 1534 4950 quo
1576 4894 1771 4935 omnes
1811 4894 2076 4950 peccave-

502 4975 671 5035 runt;
701 4987 722 5021 ι
749 4984 814 5025 ac
838 4969 886 5026 si
909 4971 1138 5037 diceret,
1160 4971 1282 5042 ipse
1313 4973 1536 5043 quidem
1561 4971 1895 5043 principium
1919 4972 2075 5028 dedit

502 5068 562 5115 et
591 5075 836 5127 causam,
885 5068 1029 5134 quod
1071 5081 1262 5122 omnes
1310 5067 1378 5122 ad
1432 5068 1607 5137 ipsius
1655 5065 2071 5123 similitudinem

503 5152 945 5221 peccaverimus.
979 5170 1000 5206 ι
1047 5155 1185 5210 Nam
1225 5173 1400 5228 usque
1456 5159 1524 5213 ad
1568 5159 1744 5230 legem
1787 5169 2073 5229 peccatum

501 5251 624 5297 erat
649 5243 703 5297 in
739 5245 966 5301 mundo.
1000 5266 1020 5298 ι
1043 5249 1347 5306 Ostendere
1389 5251 1508 5306 vult
1529 5251 1678 5322 quod
1720 5267 1831 5307 non
1863 5261 2074 5308 tantum

502 5344 734 5404 propter
761 5346 1044 5406 peccatum
1078 5348 1332 5395 nostrum
1360 5343 1648 5408 morimur,
1671 5354 1933 5413 quantum
1977 5360 2076 5414 per

510 5426 710 5491 Adam,
733 5429 847 5499 qui
878 5444 946 5484 ex
991 5431 1369 5487 inobedientia
1396 5433 1560 5488 morti
1605 5435 1786 5490 locum
1819 5436 1990 5499 dedit,
2019 5445 2076 5492 et

501 5517 582 5575 ait
614 5535 628 5572 :
661 5518 794 5573 Erat
819 5520 1042 5591 quidem
1071 5530 1128 5576 et
1155 5529 1280 5578 ante
1303 5521 1478 5594 legem
1512 5523 1568 5578 in
1606 5524 1926 5579 hominibus
1951 5540 2092 5594 pec-

507 5620 693 5666 catum
729 5630 743 5666 :
770 5628 961 5667 verum
990 5629 1098 5668 non
1119 5612 1495 5684 imputabatur
1519 5617 1601 5672 eis
1638 5632 1762 5672 cum
1795 5633 1904 5672 non
1931 5627 2078 5672 esset

505 5700 597 5760 lex
637 5719 761 5774 qua:
820 5715 1106 5776 peccatum
1138 5705 1500 5776 prohiberet:
1537 5722 1648 5762 non
1688 5708 1956 5778 imputate
1980 5724 2076 5763 au-

509 5801 624 5855 tem
655 5805 884 5868 peccato
907 5797 1290 5860 moriebantur
1315 5798 1587 5860 homines.
1610 5801 1750 5870 Quid
1789 5803 1962 5874 ergo?
2005 5818 2073 5858 an

2169 1951 2468 2016 τισθέντας.
2497 1981 2567 1992 --
2598 1951 2794 2024 [ΦΩΤ.]
2827 1952 3221 2023 Σωθησόμεθα,
3271 1953 3457 2025 φησιν,
3496 1953 3590 2006 ὑπὸ
3635 1953 3714 2006 τοῦ

2167 2044 2302 2098 θεοῦ
2331 2045 2567 2109 πάντως,
2607 2045 2701 2099 ὲάν
2731 2063 2838 2117 περ
2895 2046 3051 2100 αὐτοὶ
3110 2046 3272 2117 μόνον
3330 2046 3596 2116 θέλωμεν·
3633 2045 3711 2098 καὶ

2169 2138 2413 2210 εἴρηνται
2441 2139 2538 2210 μὲν
2568 2139 2750 2211 μικρῷ
2773 2138 3008 2208 πρόσθεν
3037 2140 3093 2194 αἱ
3124 2139 3453 2217 ᾁποδείξεις.
3472 2139 3618 2194 Ἀλλὰ
3635 2138 3712 2192 καὶ

2168 2229 2256 2283 διὰ
2285 2228 2465 2295 τοῦτο,
2516 2231 2670 2301 φησὶ,
2703 2229 3082 2302 σωθησόμεθα.
3127 2231 3228 2286 Διὰ
3273 2235 3453 2298 ποῖονς
3493 2232 3601 2285 Ὀτι
3635 2232 3712 2284 καὶ

2168 2320 2395 2375 δυνατὸν
2443 2322 2601 2376 τοῦτο
2642 2323 2739 2377 καὶ
2794 2322 3016 2393 εὔλογον
3070 2325 3166 2377 καὶ
3196 2324 3508 2379 ἀκόλουθον.
3567 2323 3714 2378 Πόθεν

2169 2413 2341 2467 ταῦτα
2371 2413 2570 2485 δῆλονς
2623 2418 2688 2469 ἐκ
2734 2414 2829 2470 τοῦ
2857 2417 3126 2483 ἐναντίου,
3155 2417 3313 2487 φησί.
3377 2416 3486 2471 Καὶ
3534 2417 3630 2487 γὰρ
3654 2415 3715 2470 δι*

2172 2505 2293 2569 ἑνὸς
2324 2505 2615 2576 ἀνθρώπου
2643 2507 2734 2560 καὶ
2761 2508 2795 2578 ἡ
2833 2508 3075 2579 ἁμαρτία
3105 2511 3360 2581 εἰσῆλθεν
3391 2511 3468 2572 εἰς
3509 2509 3594 2563 τὸν
3633 2507 3707 2560 κό-

2173 2613 2330 2668 σμον,
2354 2599 2448 2651 καὶ
2467 2597 2630 2662 αὐτὸς
2667 2601 2694 2652 ὁ
2731 2598 2982 2664 θάνατος.
3006 2601 3068 2654 Et
3096 2597 3190 2656 οὖν
3218 2602 3290 2656 δι’
3333 2602 3448 2665 ἐνὸς
3463 2599 3712 2673 ἀνθρώπου

2169 2688 2342 2742 ταῦτα
2373 2691 2598 2762 γέγονεν
2621 2693 2754 2762 ἡμῖν
2779 2692 2850 2748 τὰ
2893 2692 3126 2764 χαλεπὰ,
3141 2691 3385 2749 ’δυνατὸν
3411 2694 3499 2749 καὶ
3519 2692 3711 2747 ἀκολου-ο

2172 2779 2264 2834 θον
2296 2781 2362 2835 δι’
2385 2783 2502 2848 ἑνὸς
2527 2783 2817 2854 ἀνθρώπου
2844 2785 2938 2838 τοῦ
2967 2787 3173 2858 Κυρίου
3204 2787 3367 2857 ἡμῶν
3405 2784 3570 2857 Ἰησοῦ
3596 2785 3684 2854 Χρι

2173 2869 2321 2934 στοῦ,
2371 2873 2466 2924 καὶ
2498 2873 2567 2926 τὰ
2619 2873 3056 2944 παρεισαχθέντα
3101 2876 3459 2947 ἀναιρεθῆναι
3509 2872 3712 2946 χαλεπὰ,

2172 2962 2267 3015 καὶ
2300 2962 2368 3016 τὰ
2405 2963 2614 3033 ἀμείνω
2651 2964 2964 3036 δωρηθῆναι
3020 2968 3170 3035 ἡμῖν.
3208 2967 3382 3032 Αὐτὸς
3432 2967 3485 3021 δὲ
3528 2966 3590 3019 τὰ
3631 2963 3714 3018 τοῦ

2184 3051 2358 3124 ’Δδᾶμ
2387 3054 2679 3124 παραθεὶς,
2705 3055 2998 3109 κατέλιπεν
3026 3056 3168 3126 ἅπερ
3191 3054 3428 3128 ἔπραξεν
3445 3058 3471 3109 ὁ
3491 3055 3712 3127 Χριστὸς,

2170 3143 2345 3208 διδοὺς
2370 3146 2528 3200 τοῦτο
2549 3147 2614 3200 ὲκ
2645 3145 2740 3201 τοῦ
2761 3147 3008 3202 ἐναντίου
3039 3149 3264 3213 ἐννοεῖν,
3297 3150 3390 3206 καὶ
3415 3151 3524 3219 ἅμα
3551 3163 3710 3218 προει-

2175 3234 2360 3307 ρηκὼς
2392 3239 2553 3305 αὐτὰ,
2589 3238 2684 3292 καὶ
2711 3239 2938 3293 δυνατὸν
2986 3239 3268 3294 κάνταῦθα
3312 3241 3492 3303 ἐκεῖ-ῃ
3519 3255 3708 3292 συνεπι-

2173 3333 2335 3384 νοεῖν·
2369 3329 2450 3385 διὸ
2479 3332 2642 3400 μόνον
2674 3330 2774 3402 τὴν
2797 3333 3111 3404 παραϐολὴν
3132 3332 3410 3404 προτάξας
3421 3334 3490 3395 ὡς
3513 3331 3711 3399 ὲφελκν·

2174 3422 2359 3475 στικὸν
2391 3423 2601 3476 ἐκείνου
2631 3423 2724 3476 τοῦ
2758 3425 3045 3496 νοήματος.
3099 3425 3350 3478 ’Δπαιτεῑ
3378 3424 3482 3494 γὰρ
3526 3422 3713 3483 πάντως

2171 3513 2232 3568 τὸ
2261 3515 2456 3579 εἰπεῖν,
2497 3515 2708 3587 Ὥσπερ
2731 3516 2873 3580 τόδε,
2909 3517 3001 3570 καὶ
3027 3517 3087 3570 τὸ
3115 3515 3427 3582 ἀκόλουθον,
3452 3509 3574 3579 οἷον,
3593 3513 3718 3565 οὕτω

2175 3606 2271 3660 καὶ
2314 3606 2454 3661 τόδε.
2499 3605 2638 3662 Ἀλλ’
2683 3607 2760 3671 ὡς
2809 3606 3021 3678 ἔφημεν
3056 3607 3146 3662 διὰ
3190 3607 3296 3676 τῆς
3347 3603 3640 3677 παραϐολῆς
3663 3600 3712 3654 τὸ

2173 3696 2462 3751 ἀκόλουθον
2515 3698 2912 3769 ἐνδειξάμενος,
2965 3700 3144 3772 ῥητῶς
3177 3700 3236 3753 οὐ
3295 3700 3571 3772 παρέθετο,
3615 3693 3714 3749 ἀλλ’

2174 3790 2370 3853 αὐτοὺς
2422 3791 2571 3862 ἡμᾶς
2629 3794 2964 3846 ουνεπινοεῖν
3018 3791 3412 3863 προςτρέψατο.
3479 3811 3497 3843 ι
3531 3787 3632 3858 Ἐφ’
3675 3777 3712 3853 ᾧ

2175 3880 2378 3944 πάντες
2405 3882 2676 3952 ἥμαρτον.
2714 3902 2732 3934 ο
2786 3883 2902 3952 Ἐφ’
2935 3879 2981 3953 ᾧ
3020 3885 3213 3956 Ἀδὰμ,
3277 3886 3310 3957 ἢ
3339 3885 3407 3940 δι’
3438 3884 3494 3937 ὃν
3529 3882 3713 3951 ’Δδάμι

2173 3973 2311 4044 ἧὸτι
2353 3974 2442 4026 ἐπ’
2463 3973 2612 4044 αὐτῴ
2639 3975 2732 4028 καὶ
2759 3977 2808 4031 οι
2831 3976 3003 4031 ἄλλοι.
3039 4003 3107 4016 -—
3145 3975 3355 4049 [ΦΩΤ.]
3392 3996 3411 4030 ι
3446 3974 3556 4044 Ἐφ’
3689 3988 3708 4022 t

2187 4065 2312 4119 Ἐπὶ
2375 4065 2588 4136 τούτῳ,
2645 4067 2801 4138 φησὶ,
2837 4065 3364 4139 συναποθνήσκομεν
3418 4067 3493 4137 τῷ
3548 4063 3710 4132 ’Δδάμο

2173 4155 2261 4225 ἂρ’
2285 4150 2329 4225 ᾧ
2354 4157 2447 4210 καὶ
2482 4157 2988 4230 συναμαρτάνομεν.
3012 4160 3122 4212 Καὶ
3145 4159 3246 4231 τὴν
3279 4159 3382 4229 μὲν
3413 4155 3576 4228 ἀρχὴν
3596 4154 3710 4208 ὲκεί-

2172 4263 2262 4309 νος
2288 4249 2559 4319 παρέσχεν
2585 4293 2602 4316 ,
2634 4250 2796 4318 ἡμεῖς
2827 4249 2872 4303 δ’
2903 4248 3112 4303 ἐκεῖθεν
3139 4250 3240 4319 τὴν
3276 4251 3525 4320 ἀφορμὴν
3549 4245 3709 4300 λαθόν-

2171 4355 2263 4402 τες
2281 4379 2296 4403 ,
2326 4339 2426 4392 οὐκ
2464 4321 2820 4409 ἐκωλύσαμεν
2849 4339 2911 4396 τὸ
2951 4341 3143 4406 κακὸν,
3173 4340 3312 4395 ἀλλὰ
3338 4342 3430 4395 καὶ
3484 4335 3710 4409 συνεργή·

2177 4446 2369 4500 σαμεν,
2419 4433 2513 4485 καὶ
2541 4434 2635 4487 ἐπὶ
2679 4434 2822 4504 μέγα
2855 4437 3106 4506 χωρῆσαι
3140 4435 3710 4507 παρεσκευάσιμιν.-

2180 4520 2523 4596 [ΟΙΚΟΥΜ.]
2574 4525 2692 4580 Ἵνα
2747 4527 2857 4598 γὰρ
2899 4528 3084 4598 μήτις
3133 4527 3348 4581 ἀδικίαν
3379 4525 3629 4595 ἐγκαλέσῃ
3649 4517 3714 4589 τῷ

2176 4612 2314 4684 Θεῷ,
2339 4615 2419 4668 ὅτι
2445 4614 2536 4668 τοῦ
2555 4615 2726 4686 Ἀδὰμ
2754 4616 3100 4682 πταίσαντος,
3128 4618 3291 4689 ἡμεῖς
3311 4616 3706 4686 ἀποθνήσκομεν.

2178 4707 2370 4772 ἐπάγει
2395 4719 2410 4734 ’
2452 4725 2471 4758 ι
2505 4706 2618 4775 Ἐφ’
2647 4702 2692 4774 ᾧ
2722 4709 2923 4772 πάντες
2965 4710 3245 4781 ἥμαρτον·
3289 4728 3308 4762 ι
3347 4708 3472 4762 ὡσεὶ
3516 4705 3707 4772 ἔλεγεν·

2178 4798 2346 4861 Αὕτδί
2375 4798 2476 4866 μὲν
2526 4798 2625 4868 τὴν
2653 4797 2826 4870 ἀρχὴν
2881 4801 3122 4872 παρέσχε
3151 4803 3245 4856 καὶ
3278 4801 3378 4874 τὴν
3417 4799 3600 4861 αἰτίαν,
3642 4795 3709 4847 ὅτι

2175 4888 2376 4951 πάντες
2403 4889 2720 4962 ἡμάρτομεν
2748 4890 2888 4944 κατὰ
2916 4891 3013 4962 τὴν
3030 4891 3290 4961 ὁμοίωσιν
3313 4891 3498 4948 αὐτοῦ.
3533 4907 3549 4940 t
3575 4890 3709 4955 Ἀχρι

2175 4978 2284 5049 γὰρ
2306 4980 2473 5048 νόμου
2505 4981 2749 5052 ἁμαρτία
2777 4977 2844 5053 ἦν
2867 4983 2924 5034 ἐν
2967 4983 3178 5054 κόσμῳ.
3219 5001 3238 5035 ι
3287 4982 3441 5037 Θέλει
3467 4981 3622 5046 δείξαι
3645 4979 3713 5031 ὅτι

2175 5070 2238 5123 οὐ
2269 5070 2521 5124 τοσοῦτον
2568 5072 2656 5126 διὰ
2681 5073 2781 5136 τὰς
2807 5071 3090 5144 ἁμαρτίας
3120 5072 3276 5144 ἡμῶν
3309 5073 3708 5140 ἀποθνήσκομεν.

2176 5160 2299 5214 ὅσον
2333 5161 2420 5214 διὰ
2451 5165 2543 5214 τδν
2581 5162 2771 5231 Ἀδὰμ,
2801 5163 2983 5232 χώραν
3008 5163 3279 5217 δεδωκότα
3317 5163 3396 5236 τῷ
3425 5163 3622 5229 θανάτῳ
3657 5159 3708 5209 ἐκ

2175 5249 2277 5318 τῆς
2303 5255 2608 5323 παρακοῆς,
2632 5254 2724 5306 καί
2769 5269 2932 5322 φησιν
2958 5268 2972 5282 ·
3017 5250 3127 5308 Ἦν
3155 5254 3256 5324 μὲν
3287 5259 3399 5317 τοῖς
3443 5253 3710 5322 ἀνθρώποις

2178 5343 2272 5394 καὶ
2295 5342 2402 5411 πρὸ
2431 5342 2522 5395 τοῦ
2555 5345 2720 5415 νόμου
2749 5347 2781 5415 ὴ
2833 5344 3097 5415 ἁμαρτία,
3153 5346 3294 5417 πλὴν
3341 5347 3440 5400 οὐκ
3476 5341 3709 5411 ἐλογίζετο

2179 5435 2360 5498 αὐτοῖς
2382 5436 2470 5490 διὰ
2495 5437 2555 5490 τὸ
2591 5437 2665 5508 μὴ
2704 5435 2841 5490 εἶναι
2867 5439 3030 5507 νόμον
3071 5438 3161 5492 τὸν
3189 5437 3586 5510 ἀπαγορεύοντα
3629 5431 3708 5497 τὴν

2179 5527 2484 5597 ἁμαρτίαν·
2530 5528 2604 5599 μὴ
2644 5528 3000 5597 λογιζομένης
3041 5525 3134 5583 οὖν
3161 5531 3262 5600 τῆς
3309 5529 3598 5601 ἁμαρτίας,
3624 5523 3710 5575 ἀπ’

2182 5619 2444 5688 έθνησκον
2457 5621 2506 5672 οἱ
2534 5620 2830 5690 ἄνθρωποι.
2858 5622 2921 5674 Τί
2950 5622 3013 5691 δή
3043 5639 3172 5676 ποτε
3198 5641 3213 5687 ;
3240 5624 3382 5692 Ἀρα
3401 5621 3460 5674 οὗ
3484 5614 3708 5690 πρόδηλον

2179 5709 2262 5762 ὅτι
2289 5710 2376 5762 διὰ
2405 5711 2502 5780 τὴν
2547 5711 2638 5765 τοῦ
2675 5711 2846 5780 Ἀδὰμ
2899 5712 3256 5782 κατάκρισινς
3293 5741 3356 5750 -
3388 5710 3490 5766 Kal
3519 5706 3708 5765 ἄλλως·

2181 5799 2382 5877 [ΦΩΤ
2406 5804 2590 5859 Εἰπὼν
2636 5823 2654 5858 ι
2699 5804 2815 5874 Ἐφ’
2917 5803 3120 5868 πάντες
3161 5804 3430 5878 ἥμαρτον,
3482 5820 3499 5855 ι
3539 5799 3614 5854 ῐνα
3647 5791 3706 5863 μή
