3978 6552
273 455 382 521 ιιτ

1307 455 1690 518 COMMENT.
1737 460 1814 518 IN
1847 455 2083 518 EPlST.
2117 454 2216 518 AD
2257 457 2437 521 ROB].
3105 460 3141 482 ‘

3423 452 3534 519 438

266 587 356 637 τις
383 571 537 646 εἴπῃ·
564 570 673 627 Καὶ
704 570 825 636 πῶς
851 566 919 644 ἦν
945 571 1213 642 ἁμαρτεῖν
1241 570 1408 640 νόμου
1440 571 1514 642 μὴ
1534 573 1717 637 δντοςς
1746 573 1853 626 Αὖ-

1963 588 2070 624 non
2100 571 2450 625 manifestum
2487 577 2570 624 est
2601 569 2746 640 quod
2775 567 2829 625 id
2867 569 2960 624 ﬁat
2985 577 3211 641 prapter
3235 563 3365 623 Adae
3395 583 3534 625 con-

267 664 364 727 τὺς
389 664 500 734 γὰρ
535 664 599 718 σὺ
642 663 898 736 ἀνωτέρω
929 663 1084 735 ἔφης,
1122 663 1246 716 Ὅτι
1277 656 1337 717 οὗ
1382 665 1480 716 οὐκ
1530 663 1644 715 ἔστι
1670 665 1854 733 νόμος,

266 755 396 808 οὐδὲ
457 754 791 824 παράϐασις.
854 754 1228 825 Παραϐάσεως
1267 754 1326 807 δὲ
1379 753 1456 824 μὴ
1499 752 1686 824 οὔσης,
1733 753 1862 838 οὐδε

270 845 520 917 ἁμαρτία
567 845 831 915 δηλονότι.
875 847 999 910 ῐῘῶς
1048 841 1142 900 οὗν
1185 846 1398 917 διῆλθεν
1451 847 1479 899 6
1518 845 1747 908 θάνατος
1775 848 1857 909 εἰς

270 938 503 1001 πάντας,
541 936 634 1006 ἐφ’
672 931 721 1004 ᾧ
749 940 948 1000 πάντες
979 939 1228 1011 ἥμαρτον
1257 955 1273 1006 ;
1306 938 1422 990 Ἵνα
1471 933 1564 991 οὖν
1595 937 1674 1010 μὴ
1771 954 1855 1000 τις
1879 971 1890 978 ρ

267 1028 445 1096 λέγων
466 1025 645 1093 τοῦτο,
679 1029 962 1098 προλαϐὼν
990 1028 1109 1082 λύει
1134 1028 1235 1098 τὴν
1266 1028 1522 1098 ἀπορίαν,
1543 1027 1639 1081 καὶ
1668 1029 1852 1098 φησιν,

265 1115 351 1169 ὅτι
377 1112 450 1187 ἦν
489 1115 587 1169 καὶ
623 1118 732 1193 προ
763 1117 858 1170 τοῦ
900 1117 1087 1190 νόμου.
1129 1117 1464 1188 Ἔπράττετο
1487 1118 1618 1188 γάρ,
1655 1118 1748 1170 καὶ
1793 1117 1855 1170 τὸ

271 1211 696 1283 πραττόμενον,
752 1212 854 1264 οὒκ
912 1211 1029 1263 ἔστι
1089 1210 1164 1281 μὴ
1217 1209 1490 1278 γενέσθαι.
1543 1205 1652 1284 Ἦν
1679 1205 1774 1263 οῦν
1819 1211 1853 1281 ἡ

267 1300 542 1371 ἁμαρτία,
604 1300 722 1355 ἀλλ’
759 1303 858 1372 οὐχ
888 1302 1059 1365 οὓτως
1088 1303 1256 1355 πᾶσιν
1303 1299 1595 1370 ἐλογίζετο,
1625 1299 1735 1353 οὐδ’
1773 1300 1854 1364 είς

263 1391 397 1444 ὅσον
428 1395 601 1465 χωρεῖ
643 1394 918 1464 τιμωρίας
963 1392 1076 1446 τῶν
1117 1392 1583 1463 ἁμαρτανομένων
1624 1391 1854 1444 ἕκαστον
1875 1378 1890 1385 ’ί

261 1484 619 1556 ὲγνωρίζετο.
651 1479 783 1540 ¹Τοῦ
825 1485 882 1538 δὲ
935 1487 1100 1558 νόμου
1133 1484 1396 1550 τάξαντος
1444 1485 1538 1538 καὶ
1565 1483 1852 1554 ὁρίσαντος

261 1576 367 1640 τάς
396 1578 689 1649 τιμωρίας,
732 1579 828 1632 καὶ
864 1577 950 1631 διὰ
975 1581 1074 1648 τῆς
1101 1574 1461 1648 ποινηλασίας
1498 1573 1852 1644 ἐκδηλότερον

266 1668 443 1731 αὐτας
463 1669 930 1738 καταστήσαντος,
962 1668 1056 1722 καὶ
1087 1668 1158 1722 τά
1182 1666 1390 1738 μεγέθη
1448 1665 1555 1719 τῶν
1595 1665 1850 1736 ἀμαρτηο

270 1760 461 1828 μάτων
493 1761 924 1830 ἐμφανίσαντος,
985 1760 1186 1830 μᾶλλον
1228 1757 1324 1812 καὶ
1381 1757 1549 1810 πᾶσιν
1603 1757 1852 1825 ιγένοντο

264 1850 558 1922 γνώριμοι,
591 1855 684 1906 καὶ
717 1852 925 1922 συνετῷ
945 1853 1040 1906 καὶ
1066 1853 1331 1922 ἀσυνέτῳ,
1352 1853 1446 1906 καὶ
1462 1852 1568 1922 νέῳ
1595 1852 1689 1905 καὶ
1715 1867 1850 1923 πρε-

268 1941 464 2015 σϐύτῃ,
498 1944 592 1997 καὶ
616 1949 838 2013 γυναικὶ
863 1945 955 1998 καὶ
978 1944 1154 2016 ἀνδρί.

1958 662 2418 717 damnationem?
2468 661 2596 716 Item
2626 671 2673 715 et
2721 661 2829 715 alio
2867 661 3038 716 modo.
3064 657 3227 716 'Cum
3281 659 3532 726 dixisset,

1966 772 1982 803 ι
2017 752 2072 805 lu
2105 767 2214 820 quo
2235 767 2425 806 omnes
2453 760 2842 821 peccaverunt,
2889 771 2908 802 ›
2933 769 3002 807 ne
3029 752 3154 821 quis
3178 751 3388 806 diceret
3420 769 3432 804 :
3469 752 3535 803 Et

1956 859 2068 914 quo
2089 843 2251 897 modo
2275 843 2538 912 possibile
2560 853 2678 900 erat
2696 859 2926 914 peccare
2955 859 3080 898 cum
3104 860 3212 898 non
3234 855 3380 897 esset
3406 843 3490 896 lex
3510 842 3536 894 τ

1954 936 2088 990 Nam
2113 943 2166 988 tu
2190 934 2378 1004 ipsein
2401 935 2784 1004 superioribus
2799 935 2985 990 dixisti
3010 954 3021 988 :
3052 934 3156 991 Ubi
3186 950 3292 988 non
3312 944 3395 988 est
3423 934 3532 999 lex,

1957 1027 2029 1081 ibi
2047 1043 2145 1081 nec
2161 1029 2540 1099 transgressio.
2555 1028 2708 1094 Quod
2727 1028 2769 1082 si
2791 1044 2896 1082 non
2915 1029 3294 1098 transgressio,
3310 1027 3532 1098 planum

1953 1119 2204 1188 estquod
2250 1134 2350 1176 nec
2379 1131 2664 1190 peccatum
2685 1121 2812 1176 erit.
2857 1120 3141 1188 Quomodo
3157 1136 3287 1191 ergo
3314 1136 3462 1176 mors
3477 1119 3536 1178 in

1953 1224 2145 1266 omnes
2161 1211 2498 1280 pertransiit,
2521 1204 2680 1280 ἐφ’ᾧ,
2701 1212 2828 1280 (hoc
2846 1219 2948 1276 est,
2969 1211 3022 1266 in
3037 1227 3102 1267 eo
3115 1212 3261 1283 quod
3278 1213 3364 1268 vel
3383 1212 3536 1283 quia)

1953 1316 2144 1357 omnes
2178 1304 2586 1373 peccaverunt?
2609 1304 2689 1358 Ne
2709 1303 2833 1374 quis
2854 1319 2986 1374 ergo
3007 1304 3112 1361 hoc
3140 1304 3308 1370 dicat,
3330 1320 3536 1375 prave-

1953 1395 2112 1450 nicns
2135 1395 2299 1450 solvit
2317 1395 2822 1467 ambiguitatem,et
2844 1397 2921 1452 ait
2946 1396 3092 1466 quod
3119 1398 3283 1451 etiam
3303 1406 3426 1452 ante
3452 1397 3536 1452 le-

1953 1502 2074 1556 gem
2105 1495 2227 1542 erat
2251 1499 2535 1558 peccatum
2554 1505 2697 1544 :nam
2725 1490 3165 1561 pcrpetrabatur,
3183 1493 3330 1561 quod
3350 1499 3534 1548 autem

1953 1577 2376 1648 perpetrabatur
2439 1595 2548 1635 non
2593 1589 2775 1651 potest
2826 1596 2944 1636 non
2991 1581 3181 1636 fuisse.
3239 1582 3366 1636 Erat
3403 1598 3534 1652 ergo

1955 1677 2265 1737 peccatum,
2330 1671 2426 1726 sed
2480 1687 2592 1726 non
2641 1672 2780 1729 adeo
2828 1673 3088 1728 omnibus
3140 1673 3536 1744 imputabatur.

1953 1759 2154 1816 Nullus
2175 1771 2406 1817 noverat
2435 1773 2703 1834 quantum
2727 1763 2986 1834 supplicii
3008 1765 3131 1819 luat
3147 1765 3382 1836 quisque
3407 1780 3536 1834 pec-

1959 1863 2134 1912 cator.
2167 1854 2341 1911 Porro
2365 1856 2486 1927 lege
2511 1857 2823 1922 ordinante,
2864 1872 3164 1928 patriasque
3207 1857 3537 1923 dcﬁniente,

1883 1917 1930 1978 Β
1957 1959 2022 1998 ac
2045 1959 2146 2016 per
2175 1917 2465 2016 pmnarum
2492 1917 3009 2018 frequentiam-illas
3033 1917 3380 2004 manifestius
3402 1963 3535 2032 con-

261 2037 554 2102 stituente,
583 2045 639 2092 et
661 2038 1069 2110 magnitudines
1103 2048 1457 2110 peccatorum
1499 2039 1842 2103 declarante,
1886 2039 2146 2096 omnibus
2190 2042 2364 2114 magis
2411 2053 2539 2098 nota
2570 2041 2794 2112 ﬁebant,
2857 2047 2969 2100 tam
3037 2043 3298 2114 prudenti
3365 2059 3536 2114 quam

266 2129 636 2196 imprudenti,
659 2131 851 2203 juveni
877 2147 940 2188 ac
968 2131 1110 2197 seni,
1145 2133 1366 2190 mulieri
1390 2148 1456 2188 ac
1487 2133 1630 2188 viro.

337 2222 442 2276 Διά
470 2222 632 2276 τοῦτο
651 2219 746 2277 οῦν
779 2221 886 2293 πρὸ
918 2223 1012 2277 τοῦ
1034 2225 1200 2290 νόμου
1233 2225 1332 2295 οὐχ
1353 2225 1554 2296 ὁμοίως
1581 2223 1858 2293 ἐλογίζετο

265 2314 300 2384 ἡ
334 2311 604 2386 ἁμαρτία,
647 2314 733 2368 ὃτι
760 2332 818 2368 τε
859 2316 956 2385 οὐχ
1010 2314 1212 2387 ὥριστο
1260 2318 1294 2386 ἡ
1338 2315 1603 2388 τιμωρία,
1649 2316 1742 2369 καὶ
1772 2316 1853 2369 ὅτι

262 2405 392 2460 οὐδὲ
412 2405 478 2459 τὸ
511 2405 740 2476 μέγεθος
768 2406 948 2461 αὐτῶν
978 2407 1226 2478 ἀκριϐῶς
1261 2408 1615 2476 ἐγινώσκετο,
1651 2407 1743 2460 καὶ
1769 2407 1850 2460 ὅτι
1903 2407 1909 2413 ’

264 2494 393 2548 οῦδὲ
423 2494 565 2548 κατά
593 2495 760 2559 πόδας
783 2495 1065 2566 ἠκολούθει
1089 2500 1202 2566 τοίς
1236 2496 1652 2569 πλημμελοῦσιν
1699 2498 1730 2567 ὴ
1761 2513 1848 2552 τι·

267 2583 477 2656 μωρία.
527 2583 807 2648 Ἐπιὶ,ὄτι
841 2581 911 2656 ἦν
964 2587 999 2656 ἡ
1053 2585 1320 2657 ἁμαρτία,
1373 2587 1467 2640 καὶ
1523 2587 1624 2650 ὅτι,
1661 2588 1709 2638 εί
1753 2587 1849 2640 καὶ

266 2675 412 2745 μετὰ
440 2674 641 2746 πολλῆς
669 2676 866 2747 ἀνοχῆς
897 2678 992 2730 καὶ
1044 2676 1451 2750 μακροθυμίας,
1476 2678 1626 2748 ὅμως
1652 2679 1850 2748 ἐπιμε-

262 2768 468 2822 νόντων
496 2767 680 2820 αὐτῶν
707 2771 800 2822 καὶ
817 2768 1054 2833 ἀνιάτως
1080 2769 1336 2839 ἑχόντων,
1364 2771 1422 2823 αἱ
1451 2769 1561 2823 τῶν
1585 2767 1749 2826 δικῶν
1770 2769 1853 2832 είς

263 2858 502 2930 πράξεις
530 2861 792 2928 ἐγίνοντο,
827 2863 1105 2934 μαρτυρεῖ
1129 2862 1317 2932 σαφῶς
1342 2861 1413 2917 τά
1445 2879 1504 2916 τε
1540 2860 1849 2931 Σοδομιτῶν

263 2953 443 3025 πάθη,
483 2955 578 3008 καὶ
614 2955 809 3026 πρόςγε
844 2954 1033 3008 τούτου
1055 2956 1114 3009 τὸ
1135 2954 1312 3008 κοινὸν
1346 2954 1604 3022 ναυάγιον
1627 2956 1654 3010 6
1688 2970 1856 3009 κατα-

262 3039 537 3115 κλυσμὸς,
565 3049 662 3100 καὶ
698 3045 905 3101 τοιαῦθ’
940 3047 1129 3120 ἕτερα.
1163 3043 1272 3101 Ἦν
1301 3046 1450 3119 οῦνή
1479 3047 1726 3119 ἁμαρτία
1744 3046 1849 3117 πρὸ

261 3137 368 3192 τοῦ
413 3140 598 3208 νόμου,
629 3141 724 3193 καὶ
761 3139 1050 3208 ἐλογίζετο,
1103 3139 1220 3194 ἀλλ’
1248 3141 1348 3210 οὐχ
1380 3141 1555 3202 οὕτως
1600 3139 1675 3202 ώς
1708 3139 1846 3209 μετὰ

260 3231 366 3284 τὸν
391 3231 574 3301 νόμον.
609 3231 771 3285 ’Ὥστε
803 3233 969 3303 ἄμφω
995 3233 1174 3296 καλῶς
1209 3232 1375 3303 ἔχειν,
1407 3233 1502 3286 καὶ
1533 3231 1594 3285 τὸ
1619 3231 1842 3301 Διῆλθεν

262 3324 351 3386 εἰς
379 3324 584 3387 πάντας
609 3323 930 3394 ἀνθρώπους
950 3325 1244 3388 ἀθάνατος,
1267 3325 1360 3393 ἐφ’
1375 3318 1424 3392 ᾧ
1447 3325 1644 3387 πάντες
1665 3326 1847 3396 ἦμαρ·

261 3431 388 3480 τον,
410 3416 504 3468 καὶ
530 3416 608 3477 τὸ,
637 3411 713 3470 Οὗ
735 3418 844 3490 γὰρ
871 3418 974 3472 οὐκ
1006 3417 1120 3470 ἐστι
1144 3418 1330 3486 νόμος,
1363 3416 1483 3470 οὐδὲ
1515 3416 1849 3488 παράϐασκ.

262 3506 504 3560 Δέλυται
536 3509 643 3580 γὰρ
675 3510 737 3562 τὸ
778 3508 970 3564 δοκοῦν
997 3509 1364 3575 ἀντιπίπτειν,
1413 3509 1501 3563 διά
1548 3509 1643 3565 τοῦ
1675 3511 1847 3562 εἰπεῖν

259 3597 369 3650 τὸν
393 3596 676 3654 θεσπέσιον
707 3600 919 3654 Παῦλον
939 3639 955 3666 ,
1004 3619 1026 3653 σ
1047 3601 1211 3672 Ἀχρι
1236 3602 1344 3674 γὰρ
1375 3600 1543 3672 νόμου
1602 3600 1848 3673 ἁμαρτία

259 3684 342 3760 ἦν
375 3691 430 3744 ιν
454 3690 662 3760 κόσμῳ,
687 3709 708 3742 ι
742 3693 837 3745 καὶ
859 3692 1004 3764 ἑξῆς.
1031 3689 1189 3746 Εἶτα*
1225 3711 1245 3746 ι
1272 3693 1415 3747 Ἀλλ’
1455 3692 1800 3748 ἐϐασίλευσεν
1821 3695 1849 3747 6

264 3779 528 3845 θάνατος,
567 3800 586 3834 ι
620 3782 901 3836 τουτέστιν
935 3785 1015 3846 είς
1061 3784 1282 3856 ἔννομον
1316 3785 1568 3851 ἐξουσίαν
1593 3783 1846 3855 ἐλογίσθη

273 3872 452 3925 αὐτοῦ
471 3874 503 3944 ἡ
522 3875 795 3944 τυραννὶς,
821 3874 900 3945 τῷ
927 3892 987 3927 τε
1014 3875 1189 3947 χρόνῳ
1211 3875 1710 3948 σεμνυνομένη,καὶ
1737 3876 1850 3938 τοῖς

264 3961 435 4031 ἡμῶν
453 3963 816 4034 ἁμαρτήμασι
841 3965 1272 4036 κρατυνομένη,‹
1302 3965 1411 4019 ἀπὸ
1441 3966 1664 4036 Ἀδὰμ.)
1691 3965 1845 4036 φησὶ,

263 4051 374 4105 τοῦ
403 4053 544 4106 κατά
563 4053 878 4125 παράϐασιν
905 4054 1124 4124 ἐντολῆς
1146 4054 1471 4126 νενομοθετη
1481 4057 1650 4126 μένης
1670 4057 1850 4125 ἁμαρ-

266 4145 562 4216 τήσαντος.
599 4145 734 4201 Ἀπὸ
764 4147 938 4217 Ἀδὰμ
995 4143 1104 4200 οῦνι
1141 4145 1174 4200 6
1223 4147 1454 4210 θάνατος
1510 4147 1847 4213 ἐϐασίλευσε,

267 4238 542 4304 τουτέστι,
575 4239 697 4292 κατ’
728 4238 976 4304 ἐξουσίαν
1015 4239 1220 4310 πολλὴν
1264 4240 1559 4309 ἔκράτησε,
1611 4239 1707 4292 καὶ
1757 4238 1852 4292 ἐπὶ

267 4333 404 4394 τοὺς
453 4331 526 4402 μὴ
561 4334 653 4387 ἐπὶ
682 4332 764 4403 τῷ
800 4332 1112 4404 ὁμοιώματι
1140 4332 1234 4387 τοῦ
1263 4333 1437 4404 Ἀδὰμ
1486 4334 1846 4407 ἁμαρτήσαν-

269 4437 396 4483 τας.
419 4423 593 4494 Μέχρι
609 4419 814 4490 τίνοςςι
841 4425 1022 4496 Μέχρι
1046 4424 1138 4478 τοῦ
1155 4425 1416 4488 Μωσέως.
1433 4425 1523 4478 »οί
1549 4425 1660 4499 γὰρ
1683 4441 1850 4496 μετα·

276 4513 540 4584 ξὺΪΔδάμ
563 4517 656 4570 καὶ
701 4517 964 4582 Μωσέως,
1011 4517 1260 4590 ἥμαρτον
1308 4517 1427 4587 μὲν,
1456 4516 1574 4571 ἀλλ’
1601 4517 1721 4588 οὑχὶ
1760 4517 1853 4571 ἐπὶ

271 4604 356 4676 τῷ
399 4606 708 4678 ὁμοιώματι
737 4608 836 4679 τῆς
886 4607 984 4662 τοῦ
1013 4593 1189 4678 Ἀδάμ
1227 4607 1610 4680 παραϐάσεως.
1667 4609 1725 4663 Ὀ
1754 4610 1852 4680 μὲν

273 4697 387 4768 γάρ
427 4699 744 4770 ὡρισμένην
787 4701 892 4754 καὶ.
927 4699 1385 4772 νομοθετηθεϊσαν
1443 4701 1663 4770 ἐντολὴν
1716 4702 1851 4756 Θεοῦ

2031 2216 2194 2290 265
2254 2216 2552 2288 Propterea
2603 2233 2736 2289 ergo
2783 2225 2911 2274 ante
2955 2217 3131 2292 legem
3175 2233 3292 2274 non.
3335 2218 3534 2274 eodem

1957 2311 2526 2382 modoimputabatur
2553 2318 2870 2381 peccatum,
2923 2327 2991 2368 eo
3039 2311 3189 2382 qu0d
3227 2326 3339 2366 non
3384 2319 3533 2368 esset

1953 2404 2178 2460 deﬁnita
2201 2419 2386 2474 poena,
2420 2414 2478 2460 et
2505 2403 2653 2474 quod
2686 2403 3008 2474 magnitudo
3045 2419 3238 2460 eorum
3261 2420 3372 2460 non
3395 2419 3531 2460 exa—

1951 2506 2038 2552 cte
2069 2506 2520 2568 cognosceretur,
2554 2504 2612 2551 et
2645 2495 2776 2566 quia
2800 2503 3100 2566 peccantes
3117 2512 3227 2550 non
3259 2497 3532 2566 sequeba-

1950 2599 2044 2644 tur
2069 2604 2101 2644 e
2129 2588 2362 2659 vestigio
2394 2602 2579 2658 paena.
2622 2585 2827 2643 Verum
2857 2587 3003 2657 quod
3033 2596 3179 2642 esset
3218 2597 3530 2658 peccatum,

1949 2689 2008 2736 et
2036 2680 2206 2751 quod,
2247 2681 2378 2736 licet
2404 2695 2746 2752 cummagna
2774 2680 3062 2736 tolerantia
3101 2689 3159 2736 et
3201 2680 3534 2752 longanimi-

1953 2780 2088 2836 tate,
2125 2772 2170 2827 si
2207 2782 2390 2830 tamen
2421 2773 2719 2830 manebant
2751 2773 2808 2827 in
2849 2773 3092 2842 peccatis
3129 2781 3399 2842 erantque
3445 2772 3533 2828 in-

1954 2865 2459 2936 curabilcs,pmnae
2498 2865 2706 2920 fuerint
2758 2873 2964 2920 secutae
3009 2879 3204 2934 pravas
3262 2864 3532 2930 actiones,

1957 2965 2148 3026 aperte
2183 2963 2420 3014 testatur
2462 2955 2747 3016 calamitas
2790 2953 3202 3010 Sodomitarum
3232 2953 3295 3016 ⁸⁷,
3326 2963 3386 3008 et
3403 2962 3531 3008 ante

1952 3047 2098 3102 hanc
2133 3048 2446 3104 universale
2475 3047 2820 3117 naufragium
2844 3047 2960 3102 sive
2997 3044 3270 3100 diluvium
3294 3044 3359 3110 “,
3391 3045 3532 3099 alia-

1950 3155 2058 3209 quc
2084 3139 2426 3209 hujusmodi.
2462 3137 2593 3194 Erat
2641 3137 2827 3206 itaque
2875 3144 3161 3206 peccatum
3197 3145 3325 3190 ante
3355 3135 3529 3205 legem

1949 3238 2007 3286 et
2035 3229 2436 3300 imputabatur,
2466 3229 2563 3285 sed
2590 3244 2697 3284 non
2723 3229 2799 3284 ita
2829 3237 2889 3282 ut
2915 3236 3040 3298 post
3077 3226 3274 3296 legem.
3304 3225 3534 3282 Utrum-

1955 3335 2064 3392 que
2091 3335 2226 3393 ergo
2257 3320 2398 3375 bene
2447 3335 2506 3378 se
2545 3319 2736 3380 habet.
2766 3333 2831 3374 ac
2882 3333 3074 3374 verum
3119 3329 3204 3372 est
3236 3335 3250 3370 :
3277 3325 3335 3371 et
3382 3314 3531 3386 quod

1957 3411 2570 3484 pertransiitinomnes
2605 3407 2860 3464 homines
2886 3422 3058 3472 mors,
3084 3399 3234 3476 ἐφ’ᾧ
3268 3406 3398 3473 (hoc
3442 3413 3531 3461 est

1951 3506 2007 3560 in
2034 3521 2099 3560 eo
2125 3505 2272 3576 quod
2301 3505 2384 3558 vel
2412 3502 2564 3574 quia)
2610 3517 2802 3557 omnes
2832 3511 3220 3572 peccaverunt,
3276 3508 3330 3553 et
3381 3497 3527 3568 quod

1950 3595 2045 3655 ubi
2080 3616 2188 3654 non
2211 3608 2295 3654 est
2325 3599 2431 3662 lex,
2477 3597 2554 3652 ibi
2601 3611 2704 3652 nec
2740 3594 3107 3665 transgressio
3136 3610 3150 3646 :
3181 3602 3236 3648 et
3286 3593 3528 3648 solutum

1949 3700 2035 3746 est
2062 3689 2210 3761 quod
2240 3688 2522 3746 adversari
2553 3688 2863 3751 videbatur,
2896 3701 2993 3756 per
3020 3684 3168 3756 quod
3213 3685 3418 3739 dixerit
3447 3684 3532 3738 di-

1948 3781 2110 3836 vinus
2132 3779 2355 3837 Paulus.
2385 3797 2403 3829 σ
2442 3778 2578 3833 Nam
2603 3792 2776 3846 usque
2807 3775 2872 3830 ad
2907 3775 3080 3845 legem
3107 3783 3388 3844 peccatum
3411 3781 3531 3828 erat

1950 3872 2006 3927 in
2033 3870 2259 3934 mundo,
2292 3889 2312 3922 ›
2351 3878 2462 3924 etc.
2498 3869 2788 3923 Praeterea:
2827 3886 2844 3917 ι
2871 3865 2977 3920 Sed
3012 3864 3260 3935 regnavit
3299 3879 3468 3925 mors.
3500 3883 3520 3915 ι

1950 3963 2057 4017 hoc
2089 3969 2195 4026 est,
2229 3961 2286 4015 in
2339 3974 2552 4029 aequam
2588 3969 2646 4011 et
2670 3958 2875 4027 justam
2911 3963 3239 4029 potestatem
3263 3954 3534 4022 imputata,

1949 4065 2035 4111 est
2061 4055 2181 4124 ejus
2209 4052 2477 4124 tyrannis,
2536 4058 2593 4105 et
2634 4049 2998 4104 diuturnitate
3044 4046 3286 4117 glorians
3325 4055 3381 4100 ct
3424 4059 3529 4100 no-

1951 4147 2082 4204 stris
2097 4145 2341 4217 peccatis
2360 4143 2532 4198 robur
2549 4139 2892 4209 concipiens,
2908 4157 2925 4188 ι
2955 4137 3024 4192 ab
3056 4136 3254 4197 Adam,
3270 4144 3304 4186 ι’
3321 4135 3528 4205 inquit,

1951 4241 2046 4313 qui
2080 4245 2407 4311 peccaverat
2449 4233 2887 4306 transgressione
2929 4229 3320 4301 przeceptiper
3352 4227 3528 4298 legem

1953 4333 2058 4389 sibi
2081 4330 2348 4402 impositi.
2362 4328 2446 4386 Ab
2470 4327 2642 4383 Adam
2666 4325 2832 4397 igitur
2848 4338 2998 4378 mors
3016 4321 3284 4392 regnavit,
3306 4321 3408 4374 hoc
3419 4327 3530 4386 est,

1951 4427 2124 4484 multa
2145 4431 2413 4496 potestate
2447 4419 2816 4492 principatum
2849 4415 3209 4473 tenuitetiam
3239 4427 3412 4484 super
3431 4425 3530 4472 eos

1952 4516 2046 4587 qui
2084 4532 2196 4571 non
2229 4516 2296 4571 ad
2318 4515 2741 4572 similitudinem
2769 4511 2944 4567 Adam
2962 4511 3329 4580 deliquerant.
3347 4505 3531 4578 Quan-

1953 4611 2076 4666 diu?
2095 4609 2311 4680 «Usque
2331 4610 2399 4666 ad
2424 4609 2809 4665 MosenaNam
2829 4607 2923 4676 qui
2943 4606 3089 4660 inter
3110 4603 3281 4658 Adam
3305 4604 3530 4656 luerunt

1953 4713 2010 4757 et
2033 4701 2241 4768 Mosen,
2265 4709 2637 4772 peccaverunt
2652 4700 2898 4770 quidem,
2917 4707 2974 4752 at
2993 4711 3104 4751 non
3121 4694 3190 4750 ad
3211 4690 3534 4748 similitudi-

274 4792 494 4863 παρέϐη
519 4794 613 4846 καὶ
631 4793 898 4864 ἥμαρτεν.
919 4795 982 4848 Οἱ
1000 4793 1058 4848 δὲ
1098 4794 1433 4866 ἡμάρτανον,
1458 4795 1549 4855 τὸν
1576 4795 1853 4854 αὐτοδίδα-

1956 4809 2082 4848 netn
2111 4793 2564 4865 transgressionis
2592 4791 2788 4848 Adam.
2836 4788 3116 4858 Siquidem
3144 4784 3429 4840 deﬁnitum
3464 4795 3531 4839 ac

273 4899 406 4936 κτον
431 4884 531 4954 τῆς
553 4884 767 4953 φύσεως
793 4885 949 4954 λόγον
969 4886 1364 4958 ὲνυϐρίζοντες,
1385 4889 1446 4942 οὐ
1473 4887 1584 4960 μὴν
1617 4888 1856 4942 καὶτοῦ-

271 4990 367 5027 τον
398 4976 722 5046 είσαχθέντα
777 4980 962 5052 ῥητῶς
1010 4979 1462 5050 παραϐαίνοντες.
1511 4981 1622 5036 Καὶ
1652 4983 1703 5034 οἱ
1753 4982 1852 5052 μὲν

278 5069 447 5138 μέχρι
475 5069 741 5137 Μωσέως,
791 5071 1109 5144 ἡμάρτανον
1142 5073 1334 5137 οὕτως.
1359 5073 1494 5127 Ἀπὸ
1525 5073 1580 5128 δὲ
1609 5075 1852 5138 Μωσέως

276 5160 444 5229 μέχρι
472 5160 574 5229 τῆς
604 5163 907 5234 παρουσίας
935 5164 1197 5235 Χριστοῦ,
1228 5166 1376 5224 κατὰ,
1403 5165 1698 5238 ὁμοιότητα
1749 5168 1849 5236 τῆς

273 5249 367 5304 τοῦ
398 5251 573 5322 Ἀδὰμ
602 5253 965 5324 παραϐάσεως
990 5257 1328 5327 ἡμάρτανον.
1361 5257 1578 5328 Νόμους
1607 5256 1717 5329 γὰρ
1749 5260 1850 5329 ρη-

273 5343 422 5408 τοὺς,
478 5344 574 5397 καὶ
601 5345 797 5414 νόμους
849 5347 913 5399 ὲκ
956 5345 1092 5400 Θεοῦ
1140 5347 1230 5402 διὰ
1276 5348 1518 5411 Μωσέως
1575 5347 1848 5415 δοθέντας,

273 5449 348 5484 πα
357 5431 711 5500 ραϐαίνοντες
728 5435 1065 5506 ἡμάρτανον.
1078 5453 1097 5488 ι
1109 5435 1463 5495 Ἐϐασίλευσε
1479 5437 1536 5491 δὲ
1552 5438 1580 5491 6
1596 5436 1844 5501 θάνατος,

275 5522 465 5590 εἰπὼν,
495 5525 606 5578 ἀπὸ
633 5525 811 5596 ’Δδάμ
845 5527 1007 5599 μέχρι
1041 5527 1287 5594 Μωσέως
1337 5528 1434 5582 καὶ
1487 5530 1740 5593 ὲπὶτοὺς
1771 5531 1847 5600 μὴ

275 5615 353 5685 τῷ
379 5616 685 5689 ὁμοιώματι
723 5621 823 5691 τῆς
875 5621 1242 5690 παραϐάσεως
1276 5621 1447 5692 ’Δδὰμ
1497 5623 1851 5694 ἁμαρτήσαν-

277 5723 428 5774 τας,›
452 5710 554 5764 οὐκ
581 5709 766 5778 ἐξάγει
788 5713 912 5776 τοὺς
935 5711 994 5777 ἐξ
1016 5711 1223 5766 ἐκείνου
1243 5712 1410 5783 μέχρι
1421 5713 1658 5784 Χριστοῦ
1673 5715 1706 5784 ἡ
1715 5731 1856 5785 μαρ-

359 5889 400 5919 "
445 5888 582 5944 Gen.
619 5906 726 5954 xxx,
767 5890 782 5944 Ι
833 5907 990 5961 seqq.
1071 5889 1114 5921 "
1140 5889 1277 5945 Gen.
1309 5904 1382 5956 v',
1417 5891 1439 5944 ί
1477 5905 1632 5959 seqq.

1952 4886 2072 4957 lege
2102 4889 2340 4957 positum
2369 4885 2472 4942 Dei
2498 4891 2833 4957 pmceptum
2855 4890 3225 4958 transgressus
3249 4885 3331 4932 est
3359 4885 3415 4934 et
3434 4875 3535 4932 de-

1951 4979 2116 5049 liquit
2147 4997 2162 5032 :
2191 4979 2268 5034 illi
2295 4994 2427 5034 vero
2460 4982 2837 5048 peccaverunt
2876 4971 3024 5042 quod
3059 4978 3273 5026 natura
3317 4981 3532 5024 sermo-

1955 5087 2102 5139 nem,
2127 5071 2222 5141 qui
2256 5070 2410 5124 nullo
2445 5075 2848 5144 praeceptorum
2871 5079 2974 5128 usu
3007 5062 3400 5124 inSt-illabatur,
3437 5058 3529 5113 in-

1947 5163 2094 5233 juria
2119 5147 2410 5216 all‘ecerint
2443 5177 2457 5215 :
2493 5171 2677 5229 neque
2713 5168 2898 5218 tamen
2936 5156 3025 5218 vel
3058 5155 3206 5218 hunc
3240 5152 3531 5214 manifesto

1956 5255 2248 5311 inductum
2302 5252 2797 5324 transgredientes.
2851 5251 2921 5308 Et
2969 5247 3192 5319 quidem
3234 5245 3304 5301 ad
3341 5245 3552 5300 Iason.

1954 5363 2130 5418 usque
2162 5347 2238 5403 ita
2272 5345 2598 5420 peccabant.
2634 5359 2669 5404 α
2705 5343 2852 5408 Hose
2878 5356 3016 5402 vero,
3038 5353 3210 5410 usque
3228 5337 3299 5393 ad
3324 5334 3536 5392 Christi-

1954 5440 2276 5506 adventum,
2296 5438 2369 5502 ad
2396 5435 2821 5502 similitudinem
2847 5428 3304 5503 transgressionis
3349 5424 3530 5478 Anim

1955 5531 2282 5601 peccabant.
2297 5529 2444 5594 Nam.
2465 5530 2615 5600 leges
2635 5527 2943 5590 ordinatas,
2957 5533 3022 5580 et
3035 5523 3322 5589 absumet
3339 5515 3538 5570 Mosen

1955 5623 2134 5689 datas,
2164 5621 2624 5698 transgrediendo
2638 5617 3061 5688 delinquehant.
3084 5613 3289 5670 Dicent
3305 5616 3492 5698 autem
3509 5621 3534 5658 :-

1966 5733 1987 5768 ι
2029 5716 2302 5787 Regnavit
2339 5730 2492 5773 mors
2519 5714 2590 5770 ab
2625 5712 2799 5769 Adam
2839 5721 3018 5778 usque
3041 5706 3108 5760 ad
3132 5703 3321 5758 Mosen
3359 5697 3530 5754 etiam
