3978 6556
287 445 394 509 ιιι

1309 444 1698 507 ΟΟΜΜΕΝΤ.
1729 443 1799 502 [Ν
1843 440 2080 500 EPIST.
2123 443 2223 500 AD
2264 443 2450 503 ΗΘΜ.

3455 446 3562 508 49.9.

295 561 435 630 μετὰ
462 559 554 612 τιν
589 559 800 631 νόμον,)
843 560 980 615 ἀλλὰ
1009 561 1100 614 διὰ
1126 562 1224 632 τὴν
1267 562 1448 615 αἰτίαν
1481 560 1546 630 ἢν
1581 559 1745 621 αὐτὸς
1802 552 1878 607 εἴ·

1984 554 2138 620 bant,
2187 556 2461 626 siquidem
2509 555 2585 611 illi
2627 557 2799 628 magis
2838 556 3256 628 dclinquebant,
3299 576 3458 630 quam
3503 563 3558 614 hi

292 669 415 718 πεν,
437 653 520 705 ὅτι
552 653 798 723 ἁμαρτία
832 653 931 723 μὲν
976 649 1046 724 ἦν
1081 655 1176 707 καὶ
1231 655 1517 723 ἐνηργεῖτο
1556 652 1707 720 παρά
1744 649 1873 700 ,τῶν

292 743 619 814 ἀνθρώπων,
651 743 752 797 οὐκ
781 743 1057 812 ἐλογίζετο
1087 744 1144 798 δὲ
1173 745 1379 810 αὐτοῖς,
1413 745 1499 798 διὰ
1529 745 1588 797 τὺ
1624 743 1696 813 μὴ
1733 738 1874 794 εἶναι

291 836 467 906 νόμον
507 835 603 888 τὸν
627 836 729 906 τὴν
757 835 1035 907 ἁμαρτίαν
1056 837 1496 909 ἀπαγορεύοντα.
1559 837 1724 888 Ὅσον
1781 828 1874 887 οὖν

291 928 432 998 πρὸς
459 927 522 979 τὸ
557 927 633 998 μὴ
665 927 980 996 λογίζεσθαι
1007 928 1112 999 πρὸ
1127 928 1221 982 τοῦ
1250 930 1414 998 νόμου
1450 929 1549 997 τὴν
1574 925 1872 996 ἁμαρτίαν,

289 1018 572 1090 (ἁμαρτία
628 1018 760 1089 γὰρ,
817 1020 1006 1089 φησιν,
1071 1021 1172 1073 οὐκ
1219 1020 1522 1086 ἐλλογεῖται
1591 1019 1665 1087 μὴ
1723 1017 1874 1079 ὄντος

295 1111 511 1181 niuem)
531 1113 914 1183 ἀναμάρτητοι
940 1108 1083 1184 ἦσαν
1109 1113 1171 1166 τὸ
1202 1113 1457 1184 τηνικάδε
1488 1113 1535 1165 οἱ
1571 1111 1872 1180 ἄνθρωποι,

295 1205 474 1257 καίτοι
504 1205 930 1276 ἁμαρτάνοντες.
965 1223 982 1256 ι
1020 1205 1120 1268 ’ος
1149 1206 1266 1260 ἐστι
1307 1207 1475 1267 τύπος
1519 1203 1612 1256 τοῦ
1659 1201 1876 1272 μέλλον-

292 1311 408 1356 τος.
447 1312 466 1345 ι
521 1295 636 1360 Ὦς,
679 1295 873 1366 φησὶν,
913 1295 1108 1365 Ἀδὰμ,
1136 1295 1302 1359 τύπος
1341 1291 1410 1366 ἦν
1439 1295 1533 1348 τοῦ
1593 1295 1875 1364 μέλλοντος

289 1386 576 1457 ἔρχεσθαι,
625 1391 873 1441 τουτέστι
905 1429 918 1452 ,
967 1389 1065 1441 τοῦ
1128 1388 1388 1460 Χριστοῦ.
1449 1389 1604 1453 Πῶςς
1636 1388 1873 1458 ὥσπερ,

289 1478 371 1546 τῷ
440 1476 656 1546 Θανάτῳ
688 1477 788 1530 τοῦ
830 1476 1004 1549 ’Δδάμ
1048 1480 1251 1541 πάντες
1282 1478 1657 1548 ἀπέθνησκον,
1696 1476 1872 1540 οὕτως

287 1569 371 1634 τῷ
429 1568 645 1640 θανάτῳ
703 1570 800 1622 τοῦ
861 1571 1128 1642 Χριστοῦ,
1189 1571 1391 1634 πάντες
1445 1564 1724 1641 ζησόμεθα
1781 1569 1875 1624 καὶ

289 1661 746 1731 ἁναστησόμεθα.
797 1661 858 1714 '0
881 1660 976 1715 οῦν
1004 1661 1196 1728 τύπος,
1231 1663 1294 1716 ἐκ
1340 1662 1433 1716 τοῦ
1465 1661 1710 1716 ἐναντίου
1733 1651 1874 1730 συμ-

281 1753 557 1823 ϐέϐηκεν.
599 1784 668 1798 —
720 1753 1119 1826 ['IQANNOY.]
1156 1755 1365 1827 Ὥσπερ
1415 1756 1619 1816 ἐκεῖνος
1654 1756 1766 1817 τοῖς
1817 1753 1876 1818 ἐξ

291 1846 464 1900 αὑτοῦ
501 1847 675 1900 καίτοι
705 1865 769 1916 γε
806 1847 882 1919 μὴ
908 1847 1173 1918 φαγοῦσιν
1201 1849 1310 1902 ἀπὸ
1337 1848 1432 1900 τοῦ
1467 1848 1624 1912 ξύλου
1653 1850 1874 1917 γέγονεν

281 1942 480 2002 uitio;
515 1939 747 1993 θανάτου
775 1940 863 1993 διὰ
903 1941 1004 2006 τὴν
1043 1939 1248 2011 βρῶσιν
1305 1939 1681 2010 εἰσαχθέντος·
1736 1939 1877 1992 οὕτω

1983 1935 2172 1990 mortis
2221 1952 2342 2006 qua:
2383 1952 2482 2006 per
2523 1953 2679 1992 esum
2731 1939 2954 1994 inducta
3001 1951 3118 1995 erat

292 2032 397 2084 καὶ
456 2034 486 2084 ὁ
542 2032 780 2102 Χριστὸς
827 2033 942 2096 τοῖς
973 2028 1034 2096 ἐξ
1086 2029 1251 2084 αὐτοῦ
1284 2031 1456 2084 καίτοι
1486 2047 1550 2097 γε
1579 2030 1653 2102 μὴ
1675 2030 1878 2083 δικαιο-

292 2125 639 2196 πραγήσασι,
674 2124 869 2192 γέγονε
900 2123 1158 2195 πρόξενος
1185 2122 1552 2191 δικαιοσύνης.
1575 2153 1644 2163 -
1665 2121 1877 2194 [ΦΩΤ

293 2217 445 2286 Τρία
480 2217 626 2269 ἐστιν
663 2218 723 2270 ὲν
760 2215 972 2278 τούτοις
1035 2218 1148 2279 τοῖς
1185 2213 1580 2286 παραϐολικῶς
1628 2216 1880 2284 ἀλλήλοις

295 2308 715 2378 παρατεθεῖσιν,
779 2309 1031 2378 ὁμοιότης
1061 2325 1166 2372 τις,
1207 2308 1545 2376 ἐναντιότης,
1602 2306 1877 2378 ὑπερϐολὴ

291 2418 374 2452 κα
385 2400 454 2454 τά
470 2401 566 2472 τὴν
591 2399 906 2472 ὁμοιότητα.
936 2400 1288 2472 Ἐναντιότης
1313 2401 1433 2471 μὲν,
1451 2401 1718 2470 ἁμαρτία,
1747 2402 1879 2455 ἀνα-

298 2493 606 2564 μάρτητον,
640 2491 810 2564 ἔχθρα
837 2491 974 2561 πρὸς
1007 2492 1162 2559 Θεὸν,
1217 2495 1312 2545 καὶ
1370 2491 1686 2562 καταλλαγὴ
1743 2493 1880 2562 πρὸς

283 2587 464 2650 θεὸν,
495 2586 833 2657 κατάκριμα,
873 2585 1154 2655 δικαίωμα
1185 2600 1199 2614 ’
1254 2585 1504 2639 ἀπώλεια
1554 2585 1650 2638 καὶ
1675 2585 1878 2654 πτῶμα

292 2679 406 2732 καὶ
455 2678 704 2745 θάνατος,
761 2678 1006 2750 σωτηρία
1043 2679 1137 2732 καί⁸
1183 2679 1297 2745 ζωὴ
1330 2678 1427 2730 καὶ
1453 2677 1771 2740 ἀνάστασις.
1815 2675 1896 2729 Ἦ·

293 2768 416 2838 μὲν
468 2765 564 2821 οὖν
615 2767 928 2839 ἐναντιότης
983 2768 1044 2821 ὲν
1093 2767 1325 2830 τούτοις.
1387 2767 1452 2820 Ἦ
1488 2767 1547 2820 δὲ
1583 2765 1878 2837 ὁμοιότης,

283 2860 497 2930 ὥσπερ
525 2858 594 2914 δι’
623 2859 744 2924 ἑνὸς
767 2862 878 2924 τοῖς
911 2859 1046 2914 πᾶσι
1074 2859 1146 2912 τά
1165 2859 1338 2931 χείρω
1377 2858 1884 2922 συνέπεσεν,οὖτως

289 2952 378 3005 δι’
433 2940 556 3013 lvii;
609 2949 679 3004 τά
719 2952 932 3021 ἀμείνω
978 2953 1090 3014 τοῖς
1124 2953 1289 3004 πᾶσιν
1313 2951 1653 3020 ἑπιγέγονεν.
1712 2950 1776 3019 Ἡ
1825 2949 1892 3028 δὲ.

289 3039 604 3112 ὑπερϐολὴ,
637 3041 721 3094 ὅτι
749 3041 844 3096 ἐπὶ
878 3040 978 3112 μὲν
1011 3041 1120 3094 τῶν
1145 3042 1406 3112 χειρόνων
1436 3039 1781 3112 συνέπραξαν
1801 3039 1881 3110 τῷ

287 3135 395 3187 ἐνὶ
422 3134 474 3185 οἱ
503 3132 708 3198 πολλοὶ,
732 3132 830 3188 ἐπὶ
860 3133 940 3203 τῷ
975 3137 1275 3204 μετασχεῖν
1307 3135 1640 3216 αὐτοὺς-τῶν
1665 3135 1880 3188 κακῶν.

1981 645 2076 714 qui
2111 647 2286 717 legem
2320 649 2494 703 secuti
2529 657 2658 704 sunt
2694 667 2706 702 :
2745 649 2841 704 sed
2877 650 2948 704 ob
2983 667 3202 705 causam
3241 667 3402 720 quam
3445 653 3567 723 ipse

1981 738 2256 808 prredixit,
2286 741 2431 809 quod
2465 751 2750 810 peccatum
2781 743 3001 812 quidem
3031 753 3168 807 erat,
3199 753 3255 798 et
3284 744 3352 798 ab
3383 745 3561 798 homi-

1982 829 2148 884 nibus
2181 831 2621 899 perpetrabatur,
2649 833 2743 888 sed
2779 834 2888 888 illis
2917 849 3026 888 non
3065 834 3462 904 imputabatur,
3495 851 3561 888 eo

1981 919 2130 989 quod
2158 921 2270 989 {lex
2303 938 2414 976 non
2445 931 2592 978 esset
2630 940 2752 993 qua:
2796 933 3080 996 peccatum
3110 934 3339 979 vetaret.
3372 926 3560 990 Quoad

1983 1012 2088 1066 hoc
2103 1026 2233 1082 ergo
2250 1013 2397 1083 quod
2423 1029 2530 1068 non
2552 999 2915 1085 imputaretur
2937 1027 3220 1086 peccatum
3239 1028 3363 1072 ante
3385 1019 3559 1087 legem

1984 1104 2140 1176 (Nam
2168 1117 2479 1175 peccatum,
2507 1106 2708 1177 inquit,
2743 1123 2854 1162 non
2885 1110 3188 1178 imputatur
3219 1110 3307 1164 ubi
3339 1126 3448 1165 non
3477 1118 3562 1166 est

1982 1196 2118 1265 lex),
2146 1197 2263 1253 sine
2299 1208 2526 1268 peccato
2547 1209 2705 1253 erant
2733 1200 2825 1269 qui
2861 1210 2990 1256 tunc
3023 1201 3280 1256 vivebant
3305 1203 3560 1257 homines
3625 1227 3628 1230 ·

1981 1288 2197 1343 etiamsi
2233 1291 2554 1359 peccabant.
2589 1310 2606 1342 ι
2637 1291 2739 1357 Qui
2769 1301 2856 1346 est
2916 1293 3090 1364 ﬁgura
3149 1293 3345 1348 futuri.
3381 1313 3399 1346 ι
3431 1294 3560 1361 Qui,

1982 1381 2184 1452 inquit,
2227 1383 2400 1438 Adam
2443 1393 2563 1438 erat
2608 1385 2782 1453 ﬁgura
2816 1387 2936 1455 ejus
2977 1387 3070 1456 qui
3115 1397 3382 1441 venturus
3415 1397 3558 1453 erat,

1983 1471 2088 1526 hoc
2112 1481 2197 1528 est
2223 1473 2450 1529 Christi.
2499 1475 2744 1542 Quonam
2779 1477 2976 1532 modo?
3005 1478 3156 1533 Sicut
3185 1489 3362 1534 morte
3387 1481 3560 1534 Adam

1980 1579 2176 1620 omnes
2208 1567 2610 1634 moriebantur,
2648 1570 2719 1623 ita
2749 1569 2954 1626 Christi
2987 1579 3162 1626 morte
3193 1587 3383 1626 omnes
3413 1573 3560 1629 vive-

1981 1672 2106 1714 mus
2142 1668 2198 1714 et
2235 1675 2610 1732 resurgemus.
2654 1664 2848 1733 Figura
2887 1680 3018 1735 ergo
3052 1681 3116 1719 ex
3158 1665 3388 1720 adverso
3429 1682 3562 1720 con-

1982 1750 2240 1820 gruit.—
2260 1752 2733 1818 Quemadmodum
2770 1755 2860 1811 ille
2896 1756 2962 1811 iis
2988 1756 3082 1826 qui
3115 1773 3144 1810 a
3175 1772 3234 1812 se
3260 1757 3562 1814 descende-

1981 1850 2126 1908 rent,
2175 1845 2391 1900 etiamsi
2458 1846 2526 1902 de
2570 1847 2718 1917 ligno
2775 1864 2881 1902 non
2929 1850 3197 1916 edissent,
3242 1850 3346 1904 t‘uit
3395 1865 3559 1905 causa

3166 1958 3180 1995 :
3229 1941 3300 1996 ita
3336 1959 3558 2013 quoque

1977 2026 2232 2083 Christus
2266 2043 2324 2083 se
2363 2030 2746 2099 sequentibus,
2789 2032 2955 2086 etiam
2997 2033 3041 2087 si
3083 2034 3227 2103 justa
3269 2051 3376 2088 non
3415 2035 3559 2104 egis-

1981 2129 2102 2174 sent
2133 2135 2321 2190 opera,
2357 2121 2624 2192 justitiam
2654 2123 3189 2178 eonciliavit.—-Tria
3223 2135 3352 2200 sunt
3381 2126 3433 2180 in
3473 2115 3560 2182 his

1981 2226 2103 2280 quae
2135 2213 2450 2282 parabolice
2475 2214 2581 2268 sibi
2608 2214 2844 2271 invicem
2873 2217 3208 2286 respondent
3255 2235 3268 2269 :
3313 2228 3442 2287 puta
3484 2219 3561 2274 sic

1981 2304 2236 2360 militudo
2267 2307 2537 2376 quaedam,
2565 2308 2922 2363 contrarietas
2948 2318 3002 2363 et
3031 2325 3288 2365 excessus
3323 2311 3373 2365 in
3409 2311 3562 2366 simi-

1978 2397 2238 2459 litudine.
2271 2397 2647 2456 Contrarietas
2685 2401 2906 2472 quidem
2949 2412 3232 2472 peccatum
3273 2413 3328 2459 et
3364 2420 3560 2460 carens

1980 2499 2242 2560 peccato,
2289 2491 2580 2548 inimicitia
2613 2493 2877 2548 adversus
2915 2493 3109 2561 Deum,
3146 2503 3200 2548 ct
3234 2497 3558 2552 reconcilia-

1983 2583 2061 2637 tio
2095 2599 2222 2654 erga
2256 2584 2450 2649 Deum,
2491 2585 2880 2640 condemnatio
2933 2594 2988 2639 et
3029 2585 3386 2657 justilicatio;
3431 2603 3560 2658 pcr-

1983 2673 2139 2735 ditio.
2181 2690 2359 2740 casus,
2401 2691 2570 2738 mors,
2608 2677 2756 2732 salus
2799 2687 2854 2732 et
2886 2678 3220 2752 resurrectio
3259 2694 3382 2733 cum
3424 2680 3558 2734 vita.

1983 2765 2171 2836 Itaque
2213 2767 2268 2820 in
2309 2767 2396 2822 his
2440 2775 2525 2822 est
2563 2767 2947 2822 contrarietas.
2997 2768 3167 2822 Porro
3202 2769 3507 2824 similitudo
3546 2787 3560 2823 :

1984 2855 2138 2912 Sicut
2163 2873 2260 2927 per
2289 2873 2484 2924 unum,
2508 2858 2650 2911 mala
2679 2858 2938 2914 omnibus
2963 2860 3331 2929 contigerunt,
3359 2859 3432 2913 ita
3461 2877 3562 2930 per

1983 2964 2154 3003 unum
2200 2951 2341 3006 bona
2387 2951 2649 3008 omnibus
2695 2961 3022 3008 evenerunt.
3090 2955 3362 3009 Excessus
3408 2971 3558 3022 vero,

1985 3040 2111 3110 quia
2139 3037 2204 3094 in"
2219 3043 2378 3097 malis
2407 3043 2561 3096 multi
2593 3051 2721 3096 sunt
2746 3042 2838 3096 uni
2871 3044 3148 3113 coeperati
3177 3053 3232 3097 ut
3261 3046 3562 3116 participes

1985 3143 2170 3188 essent
2203 3134 2496 3200 malorum,
2531 3135 2586 3188 in
2620 3135 2779 3189 bonis
2809 3145 2990 3190 autem
3021 3137 3204 3190 nullus
3231 3147 3562 3206 cooperatus

289 3227 436 3281 Ἐπὶ
484 3226 540 3280 δὲ
579 3226 690 3280 τῶν
720 3226 1040 3297 ἀμεινόνων,
1094 3227 1270 3291 οὐδεὶς
1329 3227 1689 3299 συνέπραξεν,
1743 3225 1878 3282 ἀλλὰ

1985 3235 2088 3291 est,
2121 3227 2214 3281 sed
2247 3228 2411 3282 unius
2438 3229 2566 3284 Jesu
2603 3228 2805 3284 Christi
2838 3230 3040 3283 donum
3075 3229 3196 3284 fuit.
3233 3231 3418 3300 Itaque
3449 3247 3562 3286 non

289 3320 478 3392 μόνου
509 3319 602 3373 τοῦ
639 3320 758 3383 ἑνὸς
782 3319 1020 3392 Χριστοῦ
1053 3319 1115 3374 τὺ
1146 3321 1396 3392 χάρισμα
1441 3322 1689 3390 γέγονεν,
1736 3321 1878 3375 ὥστε

286 3417 408 3488 οὐχ
433 3416 632 3487 ὁμοίως
660 3417 756 3470 καὶ
780 3417 997 3488 ἐπίσης,
1026 3416 1162 3470 ἀλλά
1192 3420 1312 3472 καθ’
1339 3416 1649 3489 ὑπερϐολὴν
1671 3418 1768 3471 καὶ
1817 3419 1882 3472 ἐκ

296 3511 996 3582 περισσείαςηόμοιότης.
1041 3510 1208 3567 Πάλιν
1257 3511 1346 3564 διὰ
1397 3511 1492 3565 τοῦ
1541 3513 1715 3581 ’Λδάμ
1771 3511 1882 3565 τῶν

294 3604 567 3675 χειρόνων
589 3603 972 3673 εἰσαχθέντων,
1026 3603 1126 3656 οὐκ
1182 3602 1424 3675 ἀνῃρέθη
1490 3603 1652 3673 μόνον
1708 3604 1881 3658 ταῦτα

293 3698 467 3766 ιὸπερ
494 3697 570 3759 ὠς
625 3693 890 3758 ἐναντίοις
917 3694 1104 3764 ὅμοιον
1127 3695 1223 3748 καὶ
1262 3693 1572 3765 ἀνάλογον),
1602 3695 1736 3748 ἀλλὰ
1785 3695 1882 3747 καὶ

292 3786 536 3856 ἐπεδόθη
572 3786 722 3856 παρά
749 3785 985 3857 Χριστοῦ
1010 3787 1076 3840 τὰ
1109 3785 1342 3856 ἀμείνω.
1373 3785 1556 3857 Ὅπερ
1583 3786 1872 3857 τὴνὺπερ-

293 3879 472 3948 εολῇν
503 3878 595 3932 καὶ
625 3877 1096 3950 τὴν-περισσείαν
1155 3877 1505 3948 παρίστησιν.
1535 3879 1626 3931 Διό
1673 3895 1837 3949 φησιν
1866 3891 1880 3907 ”

301 3991 325 4024 ι
356 3970 498 4024 Ἀλλ’
527 3971 626 4040 οὐχ
648 3970 724 4034 ὡς
745 3969 808 4023 τὸ
844 3969 1254 4040 παράπτωμα.»
1289 3971 1400 4024 Καὶ
1419 3971 1521 4042 δρα
1542 3971 1596 4023 τί
1619 3970 1789 4038 λέγει.
1820 3969 1884 4023 Ei

292 4066 480 4127 οὕτως
513 4063 708 4134 ἰσχύει,
736 4064 893 4135 φησὶ,
925 4062 984 4115 τὺ
1015 4064 1372 4133 παράπτωμα
1434 4063 1529 4118 τοῦ
1544 4062 1747 4134 -Ἀδὰμ,
1789 4061 1886 4117 καί

296 4173 390 4210 τοι
410 4155 633 4219 ἀσθενὲς
655 4155 717 4208 ὃν
746 4155 841 4207 καὶ
866 4152 1008 4207 κατὰ
1029 4154 1165 4215 πολὺ
1221 4152 1559 4224 ἡττώμενον
1606 4153 1703 4207 τοῦ
1729 4154 1887 4226 χαρίο

301 4265 523 4320 σματος
552 4249 648 4302 τοῦ
671 4246 830 4310 Θεοῦ,
856 4247 999 4300 ὥστε
1025 4247 1119 4300 καὶ
1172 4247 1301 4310 τοὺς
1349 4247 1424 4317 μὴ
1458 4248 1885 4320 ἁμαρτήσαντας

299 4342 638 4414 θανατῷσαι,
671 4341 824 4411 πόσῳ
869 4340 1072 4411 μᾶλλον
1117 4338 1476 4411 ὑπερισχύσει
1530 4339 1593 4393 τὸ
1642 4339 1886 4411 χάρισμα

298 4435 398 4490 τοῦ
429 4433 588 4500 Θεοῦ,
615 4434 714 4486 καὶ
745 4435 872 4497 τοὺς
910 4431 987 4504 μὴ
1037 4430 1498 4505 κατορθώσαντας
1545 4431 1885 4504 ζωοποιῆσαι

297 4530 370 4596 τῇ
402 4526 726 4580 ἀναστάσει.
1204 4510 1210 4517 ”

1983 3318 2236 3374 similiter
2265 3328 2318 3373 et
2345 3335 2409 3373 ex
2440 3335 2616 3389 aequo,
2647 3320 2738 3373 sed
2768 3336 2864 3389 per
2885 3335 3168 3374 excessum
3192 3329 3246 3374 et
3271 3321 3562 3377 abundan-

1984 3407 2118 3461 tiam
2144 3417 2228 3461 est
2261 3407 2589 3462 similitudo.
2632 3408 2869 3462 Rursum
2904 3424 3011 3462 non
3047 3409 3223 3464 solum
3262 3412 3404 3466 mala
3445 3412 3563 3466 haac

1983 3511 2106 3568 qua:
2141 3497 2364 3566 inducta
2389 3507 2549 3554 erant
2574 3515 2671 3568 per
2698 3501 2891 3562 Adam,
2925 3512 3208 3571 perempta
3239 3514 3386 3562 sunt.
3416 3505 3562 3573 quod

1969 3589 2153 3642 ‘veluti
2186 3589 2240 3643 in
2268 3591 2563 3645 contrariis
2603 3590 2909 3645 similitudo
2936 3602 3052 3645 erat
3078 3609 3141 3646 ac
3182 3594 3565 3664 proportiona-

1985 3680 2114 3744 bile,
2141 3698 2331 3736 verum
2362 3682 2526 3737 etiam
2553 3683 2738 3737 addita
2767 3691 2896 3736 sunt
2918 3701 2946 3737 a
2969 3683 3188 3739 Christo
3212 3687 3375 3744 dona.
3399 3688 3566 3758 268

1984 3773 2130 3844 quod
2159 3789 2443 3829 excessum
2478 3791 2543 3830 ac
2575 3775 2963 3829 abundantiam
3005 3776 3228 3845 profert.
3271 3777 3397 3832 ldeo
3437 3778 3515 3831 ait
3547 3793 3562 3830 :

1992 3884 2012 3917 ι
2032 3871 2100 3919 At
2116 3882 2223 3920 non
2241 3867 2385 3921 sicut
2406 3877 2715 3936 peccatum.
2735 3886 2752 3919 ι
2775 3868 2842 3922 Et
2859 3869 2980 3922 vide
2997 3869 3129 3938 quid
3158 3870 3323 3923 dicat.
3345 3871 3400 3924 Si
3424 3869 3564 3924 adeo

1985 3958 2230 4013 validum
2271 3967 2377 4023 est,
2424 3959 2624 4028 inquit,
2673 3970 2958 4027 peccatum
3009 3959 3180 4013 Adam
3230 3963 3564 4030 (quanquam

1987 4051 2166 4106 debile
2189 4066 2252 4105 ac
2275 4051 2450 4104 multo
2478 4050 2810 4104 imbecillius
2839 4051 2932 4103 Dei
2959 4049 3148 4120 dono),
3174 4060 3233 4103 ut
3260 4053 3424 4104 etiam
3454 4068 3564 4106 non

1987 4155 2278 4215 peccantes
2311 4143 2590 4198 occideret
2634 4159 2647 4195 :
2694 4151 2901 4212 quanto
2929 4142 3164 4210 amplius
3195 4143 3430 4213 majores
3465 4144 3565 4196 ha-

1989 4237 2139 4293 bebit
2165 4235 2311 4292 vires
2343 4237 2440 4291 Dei
2471 4236 2710 4299 donum,
2751 4243 2811 4289 ut
2845 4235 2932 4288 his
2960 4235 3125 4288 etiam
3154 4235 3247 4304 qui
3281 4235 3420 4288 bona
3453 4251 3568 4289 nou

1987 4339 2219 4403 egerunt
2247 4345 2435 4402 opera,
2462 4329 2631 4384 vitam
2667 4328 2916 4385 conterat
2941 4343 3146 4399 eosque
3175 4327 3421 4384 suscitet.

306 4595 604 4686 Ἀλλέέῠχ
646 4617 728 4682 ὡς
781 4615 850 4669 τὸ
901 4614 1289 4685 παράπτωμα,
1323 4615 1514 4682 οὕτως
1543 4613 1732 4668 καὶτὸ
1783 4614 1879 4684 χά-

2059 4607 2127 4673 ν,
2160 4607 2244 4664 15.
2283 4606 2353 4662 At
2381 4621 2486 4660 non
2509 4607 2643 4660 sicut
2677 4612 2968 4676 peccatum,
2997 4603 3072 4656 ita
3103 4609 3150 4656 et
3182 4602 3394 4654 donum.
3425 4601 3567 4656 Nam

361 4725 578 4781 ρισμα.
639 4711 705 4766 Ei
731 4709 840 4778 γὰρ
873 4706 956 4774 τῷ
1003 4709 1110 4762 τοῦ
1141 4707 1284 4774 ἑνὸς
1340 4708 1768 4777 παραπτώματι
1829 4710 1886 4761 οὶ

371 4801 597 4858 πολλοὶ
633 4802 960 4865 ἀπέθανον,
986 4799 1197 4864 πολλῷ
1242 4797 1493 4868 μᾶλλον
1513 4800 1551 4862 ἡ
1568 4798 1740 4868 χάρις
1775 4798 1882 4853 τοῦ

374 4891 550 4956 Θεοῦ,
587 4890 684 4945 καὶ
705 4890 744 4956 ἠ
769 4889 960 4956 δωρεὰ
978 4889 1048 4942 ἐν
1077 4887 1288 4957 χάριτι,
1340 4886 1416 4957 τῇ
1445 4888 1552 4942 τοῦ
1605 4888 1745 4954 ἐνὸς
1780 4889 1884 4943 ἀν-

369 4984 612 5053 θρώπου
644 4982 851 5052 Ἰησοῦ
879 4980 1136 5051 Χριστοῦ
1181 4981 1270 5048 εὶς
1324 4979 1606 5047 πολλοὺς,
1643 4980 1882 5050 ἐπερὶσο

367 5093 628 5133 σευσεν.

370 5172 638 5226 Βούλεται
692 5169 862 5236 δεῖξαι
925 5167 1150 5240 μείζονα
1201 5167 1582 5238 ὲνεργήσασαν
1632 5166 1733 5236 τὴν
1783 5165 1879 5220 τοῦ

297 5263 542 5336 Χριστοῦ
573 5262 755 5334 χάριν,
783 5263 926 5334 ἢπερ
953 5263 1225 5332 ἐνήργησε
1267 5259 1329 5313 τὸ
1357 5259 1452 5312 τοῦ
1483 5258 1656 5329 Ἀδὰμ
1703 5259 1883 5328 παρά·

299 5375 530 5428 πτωμα.
585 5355 697 5409 Καὶ
736 5354 855 5417 πῶς
897 5354 1090 5417 τοῦτο;
1129 5353 1223 5406 καὶ
1251 5351 1360 5422 γὰρ
1397 5351 1614 5421 ὁρῶμεν
1663 5350 1730 5404 τά
1792 5351 1880 5403 ίσα

300 5452 700 5522 δνεργήσαντα,
735 5448 787 5500 εί
819 5447 912 5500 καὶ
937 5446 1153 5500 ἐναντία
1175 5444 1244 5498 τά
1267 5442 1646 5514 ὲνεργηθὲντα.
1671 5443 1880 5512 Ὠσπερ

300 5548 413 5618 γὰρ
463 5546 497 5616 ἡ
537 5543 758 5612 ὑπακοὴ
806 5539 901 5594 τοῦ
954 5537 1190 5611 Χριστοῦ
1221 5537 1530 5600 είςπάντας
1555 5534 1880 5609 ἀνθρώπους

300 5633 637 5707 παρέπεμψε
664 5632 764 5704 τὴν
795 5630 938 5702 ζωὴν
966 5631 1057 5682 καὶ
1083 5629 1183 5698 τὴν
1241 5627 1560 5688 ἀνάστασιν,
1619 5625 1706 5677 τὸν
1767 5624 1880 5676 ἴσον

302 5729 504 5800 τρόπον
527 5728 622 5782 καὶ
654 5727 690 5796 ἡ
717 5723 971 5796 παρακοὴ
993 5721 1086 5781 τοῦ
1107 5719 1283 5790 Ἀδὰμ
1308 5719 1390 5782 είς
1427 5717 1636 5779 πάντας
1671 5713 1878 5784 ἀνθρὼ-

306 5837 443 5883 πους
475 5815 814 5890 παρέπεμψε
842 5817 934 5870 τὸν
957 5813 1208 5869 θάνατον.
1233 5811 1358 5873 Πῶς
1384 5803 1478 5862 οὖν
1501 5823 1686 5879 φησιν,
1731 5824 1748 5857 ι
1769 5806 1880 5876 Οὐχ

307 5912 460 5986 ὠςτὸ
483 5913 861 5986 παράπτωμα,
891 5909 1066 5979 οὕτως
1097 5908 1192 5964 καὶ
1219 5905 1282 5960 τὸ
1305 5903 1569 5977 χάρισμα.
1605 5923 1623 5956 ι
1664 5931 1730 5942 ——
1761 5899 1877 5972 [Ol-

1989 4702 2036 4754 si
2066 4703 2221 4753 unius
2249 4699 2436 4753 delicto
2468 4699 2622 4754 multi
2650 4699 2843 4752 mortui
2869 4703 3011 4760 sunt,
3042 4694 3207 4746 multo
3238 4694 3403 4761 magis
3437 4711 3564 4763 gra-

1991 4795 2065 4848 tia
2101 4792 2217 4855 Dei,
2247 4801 2294 4846 et
2325 4792 2523 4845 donum
2560 4793 2614 4845 in
2641 4790 2839 4860 gratia,
2871 4803 2988 4856 qua:
3023 4786 3123 4856 fuit
3158 4785 3311 4837 unius
3341 4786 3565 4840 hominis

1987 4886 2111 4941 Iesu
2148 4885 2342 4941 Christi
2373 4886 2429 4938 in
2467 4883 2657 4937 multos
2695 4880 3016 4951 exubegavit.

2054 5155 2184 5210 Vult
2224 5151 2518 5208 ostendere
2559 5147 2706 5219 quod
2751 5147 2956 5218 majora
2997 5144 3317 5216 praestiterit
3361 5144 3566 5200 Christi

1982 5249 2156 5320 gratia
2201 5260 2366 5316 quam
2416 5250 2706 5314 peccatum
2747 5241 2922 5296 Adam
2965 5239 3243 5294 eti‘eoerat.
3282 5237 3340 5292 ld
3383 5248 3564 5293 autem

1983 5338 2303 5412 quomodo?
2349 5335 2622 5407 siquidem
2671 5348 2734 5390 ea
2788 5345 2910 5402 quae
2959 5331 3266 5386 eﬂ‘ecerunt
3312 5329 3568 5384 videmus

1983 5433 2240 5505 aequalia,
2281 5444 2593 5502 quanquam
2623 5425 2902 5483 contraria
2944 5423 3055 5480 sint
3089 5423 3179 5478 illa
3211 5437 3332 5492 quae
3363 5421 3562 5476 eﬂ'ecta

1976 5535 2126 5584 sunt.
2150 5521 2622 5592 Quemadmodum
2645 5519 2794 5575 enim
2819 5515 3024 5572 Christi
3051 5513 3367 5569 obedientia
3390 5511 3558 5563 vitam

1979 5635 2044 5675 ac
2099 5616 2559 5681 resurrectionem
2613 5611 2671 5666 in
2727 5623 2920 5666 omnes
2971 5603 3274 5662 transmisit
3326 5617 3338 5654 :
3394 5598 3561 5654 simili

1979 5713 2142 5768 modo
2165 5719 2219 5766 et
2237 5710 2409 5764 Adam
2433 5703 2810 5762 inobedientia
2838 5709 3068 5763 mortem
3091 5698 3142 5750 in
3165 5706 3355 5749 onmes
3382 5702 3562 5747 trans-

1976 5805 2150 5860 misit.
2209 5799 2498 5869 Quomodo
2529 5811 2662 5866 ergo
2689 5795 2765 5848 ait
2794 5811 2808 5846 :
2843 5811 2860 5842 ι
2903 5791 3022 5844 Non
3074 5787 3215 5841 sicut
3249 5789 3560 5854 peccatum,

1978 5901 2051 5955 ita
2076 5909 2129 5954 et
2159 5895 2399 5952 donum?
2421 5913 2438 5946 ι
2463 5890 2600 5957 Quia
2631 5888 2738 5944 etsi
2761 5886 2835 5940 ita
2860 5896 2980 5940 sese
3011 5896 3099 5936 res
3128 5877 3346 5942 habeat,
3368 5888 3559 5936 auem-
