3978 6552
280 339 398 404 (25

1347 341 1734 404 COMMENT.
1775 342 1853 402 IN
1897 340 2134 402 EPIST.
2179 343 2277 402 AI)
2311 341 2494 402 ROM.

3441 341 3546 405 426

281 464 530 535 ἔφημεν,
588 461 854 516 δεικτικὸν
909 458 1003 516 τοῦ
1050 459 1221 514 τύπου
1277 460 1378 514 καὶ
1405 461 1504 532 τῆς
1526 461 1866 531 ὁμοιότητος,

1977 470 2331 530 gumentum,
2365 457 2510 530 quod
2553 457 2759 515 dictum
2802 467 2920 513 erat
2965 467 3216 528 repetens
3256 473 3320 514 ac
3356 476 3544 530 repur-

292 555 442 607 ἀλλὰ
458 551 926 621 διαπεπλεγμένον
948 567 1066 615 πως
1092 550 1186 604 καὶ
1228 551 1640 622 συντεθειμένον
1666 551 1736 604 δι’
1763 550 1855 604 ἀν·

289 645 850 717 ομοιότητος.Ἑδεῖτο
870 643 962 697 οῦν
989 642 1282 714 σαςηνείας
1320 643 1418 696 καὶ
1439 641 1865 714 διακαθάρσεως,

287 739 390 789 καί
417 734 576 788 τοῦτο
606 735 771 798 ποιεῖ,
801 733 860 786 τδ
891 734 1088 804 ἐφεξῆς
1137 733 1501 804 ἐπιχείρημα,
1551 732 1870 802 ἐπαναλαμ-

285 813 461 879 ὃὰνον
483 825 542 878 τὸ
569 823 967 895 προειρημένον
1000 825 1092 877 καὶ
1129 825 1506 894 διακαθατρον,
1558 827 1652 878 καὶ
1681 826 1760 886 εἰς
1807 825 1870 878 τδ

286 918 470 986 σαφὲς
494 916 847 989 ἁπ[άγα]γον.
867 917 1006 970 Ἀλλ’
1025 917 1130 970 ἔδει
1152 919 1245 971 καὶ
1267 917 1428 971 τοῦτο
1443 918 1626 972 λαϐεῖν
1641 917 1875 987 ἀξίωμα,

288 1010 396 1062 καὶ
464 1009 539 1080 μὴ
581 1009 643 1074 ἐξ
694 1009 1006 1073 ὑποθέσεως
1052 1009 1436 1078 προτείνεσθαι
1497 1011 1678 1080 μόνον.
1733 1009 1868 1064 Οὐδὲ

290 1101 457 1155 τοῦτο
486 1104 726 1174 παρορᾷ,
758 1103 874 1157 ἀλλ’
905 1103 1094 1176 ὥσπερ
1124 1105 1635 1176 συμπεραινάμενος
1662 1105 1756 1160 καὶ
1809 1107 1875 1175 τῇ

289 1194 392 1248 τοῦ
422 1195 585 1262 λόγου
615 1194 832 1268 θαρρῶν
855 1195 1106 1268 ἀληθείᾳ,
1154 1199 1294 1266 μετά
1358 1197 1710 1268 βεϐαιώσεως
1743 1200 1874 1252 ἀπο

288 1285 566 1353 φαίνεται.
603 1303 622 1337 ι
658 1287 800 1354 Ἀρα
822 1282 916 1340 οὖν
965 1287 1040 1350 ώς
1070 1287 1136 1340 δι’
1169 1288 1288 1352 ἐνὸς
1325 1285 1803 1359 παραπτώματος,
1853 1304 1872 1336 ι

290 1377 390 1428 καὶ
436 1376 586 1446 ἑξῆς.
624 1373 756 1429 Εἶτα
788 1379 908 1430 ἐπεὶ
935 1379 1035 1431 οὐκ
1063 1374 1132 1450 ἦν
1161 1378 1331 1449 εἰπὼν
1356 1381 1414 1433 ὲν
1441 1379 1715 1442 τοσούτοις
1757 1380 1876 1432 ὲπιο

288 1469 634 1538 χειρήμασιν
663 1468 922 1539 οὐδαμοῦ,
949 1469 1111 1522 πόθεν
1132 1470 1290 1541 ἔσχεν
1311 1471 1488 1541 ἀρχὴν
1517 1471 1578 1522 τὸ
1605 1469 1878 1539 δικαίωμα

289 1559 390 1612 καὶ
428 1560 489 1612 τὸ
522 1561 861 1630 κατάκριμα,
890 1561 1197 1615 οὐδὲτοῦτο
1251 1563 1488 1632 παρορᾷ,
1538 1561 1676 1616 ἀλλὰ
1710 1577 1877 1632 προσ-

299 1653 498 1723 τίθησι,
531 1653 702 1720 λέγων
725 1670 737 1682 ·
766 1673 785 1706 ι
809 1656 1020 1724 Ὠσπερ
1050 1658 1158 1728 γὰρ
1171 1656 1257 1710 διὰ
1282 1659 1380 1728 τῆς
1401 1655 1709 1726 παρακοῆς.
1740 1673 1760 1708 ι
1782 1656 1876 1708 καὶ

291 1741 444 1812 ἑξῆς.
473 1761 492 1793 ι
529 1741 718 1811 Πολλῷ
749 1743 950 1812 μᾶλλον
977 1745 1009 1815 ἡ
1037 1745 1198 1815 χάρις
1218 1745 1312 1801 τοῦ
1351 1743 1486 1797 Θεοῦ
1517 1743 1615 1798 καὶ
1645 1743 1873 1814 ήδωρεὰ

1979 567 2135 624 gans,
2161 553 2523 623 deferensque
2551 552 2618 608 ad
2652 553 2913 624 majorem
2943 551 3143 607 lucem.
3169 551 3332 622 2'70
3359 550 3463 606 Sed
3496 561 3551 607 et

1981 645 2087 700 hoc
2115 645 2434 715 dignitatem
2469 659 2685 700 sumere
2719 643 2984 714 oportuit,
3011 652 3068 698 et
3100 658 3204 698 uon
3238 652 3448 698 tantum
3483 658 3548 697 ex

1979 737 2268 810 hypothesi
2296 737 2618 807 procedere.
2664 735 2848 807 Neque
2876 737 2982 791 hoc
3011 735 3256 806 negligit,
3277 735 3370 790 sed
3395 737 3551 805 quasi

1981 831 2286 886 terminans
2313 837 2368 886 et
2403 829 2676 884 sermonis
2702 829 2919 885 veritati
2954 828 3258 890 conﬁdens.
3290 844 3388 898 per
3416 843 3552 883 con-

1981 923 2344 980 ﬁrmationem
2374 923 2645 978 enuntiat.
2689 942 2706 972 ι
2747 923 2935 992 Itaque
2973 921 3120 976 sicut
3146 936 3244 991 per
3273 921 3436 975 unius
3459 919 3556 975 deo

1979 1016 2224 1081 lictum,i
2247 1027 2354 1070 etc.
2376 1013 2584 1070 Deinde
2608 1013 2734 1084 quia
2765 1029 3029 1082 nusquam
3061 1013 3118 1066 in
3146 1013 3232 1067 bis
3257 1026 3554 1082 argumen-

1981 1105 2051 1161 tis
2090 1106 2306 1162 dixerat
2343 1107 2488 1161 unde
2534 1105 2870 1176 principium
2921 1104 3190 1160 haberent
3234 1103 3554 1174 justiﬁcatio

1979 1203 2036 1250 et
2058 1195 2440 1250 condemnatio
2464 1214 2474 1248 :
2503 1211 2571 1250 ne
2600 1195 2704 1249 hoc
2732 1193 2953 1264 quidem
2985 1193 3228 1263 negligit,
3255 1192 3348 1247 sed
3377 1193 3550 1256 addit,

1979 1286 2195 1340 dicens:
2219 1304 2236 1334 ι
2259 1284 2570 1341 Sicutenim
2586 1282 3147 1354 perinobedientiam,
3169 1301 3188 1332 ι
3212 1293 3320 1335 etc.
3345 1300 3362 1331 ι
3381 1281 3552 1335 Multo

1978 1376 2153 1446 magis
2175 1377 2348 1447 gratia
2371 1376 2465 1429 Dei
2489 1385 2545 1431 et
2571 1375 2776 1430 donum
2810 1374 2862 1427 in
2893 1373 3087 1444 gratia,
3109 1388 3230 1442 qua:
3258 1372 3361 1426 fuit
3391 1372 3554 1426 unius
3661 1425 3681 1442 ο

1979 1470 2222 1525 hominis
2247 1470 2375 1525 Jesu
2406 1468 2636 1525 Christi.
2671 1488 2689 1520 ι
2728 1466 2846 1522 Non
2887 1467 3088 1530 solum,
3134 1466 3333 1535 inquit,
3380 1464 3552 1535 gratia

1978 1560 2174 1627 Patris,
2193 1575 2384 1614 verum
2415 1560 2578 1616 etiam
2601 1559 2744 1616 Filii.
2762 1558 2876 1614 Iloc
2897 1568 3080 1613 autem
3106 1555 3551 1612 conlirmativum

1976 1659 2063 1706 est
2085 1651 2366 1720 potentiae.
2393 1650 2525 1704 Nam
2545 1650 2740 1720 gratia,
2768 1650 2970 1720 inquit,
2994 1649 3173 1704 Patris
3193 1664 3256 1704 ac
3276 1647 3420 1702 Filii.
3446 1645 3550 1702 Ubi

1977 1750 2160 1796 autem
2199 1740 2362 1796 Pater
2394 1757 2457 1796 ac
2495 1741 2688 1807 Filius,
2720 1742 2878 1810 plane
2913 1739 3265 1795 manifestum
3298 1746 3382 1793 est
3407 1737 3573 1807 quod-

291 1835 356 1884 ἐν
388 1833 574 1904 χάριτι
603 1837 668 1905 τῇ
710 1835 802 1888 τοῦ
829 1837 947 1899 ἑνὸς
980 1838 1270 1909 ἀνθρώπου
1322 1839 1498 1909 Ἰησοῦ
1546 1838 1811 1910 Χριστοῦ.
1857 1856 1870 1889 ι

1985 1843 2042 1890 et
2069 1834 2308 1904 Spiritus
2340 1845 2561 1889 sanctus
2592 1849 2784 1889 omnes
2811 1835 3020 1887 salvare
3055 1841 3254 1902 potest.

291 1926 369 1977 Οὐ
411 1927 594 1994 μόνον,
625 1929 807 1996 φησὶν,
835 1930 868 1997 ή
898 1929 1058 1999 χάρις
1087 1929 1180 1982 τοῦ
1216 1930 1448 2000 Πατρὸς,
1472 1930 1608 1984 ἀλλὰ
1643 1932 1708 2000 δὴ
1738 1930 1886 2001 καὶὴ
1929 1926 2023 1981 τοῦ
2066 1926 2218 1980 Υίοῦ.
2253 1926 2424 1980 Τοῦτο
2451 1926 2507 1979 δὲ
2532 1926 3030 1980 κατασκευαστικὸν
3070 1929 3184 1978 ἐστι
3231 1923 3326 1978 τοῦ
3391 1924 3551 1978 δυνα-

297 2017 412 2083 τοῦ,
435 2019 539 2085 ὅτι,
573 2021 726 2088 φησι,
749 2019 923 2090 Χάρις
953 2021 1044 2074 τοῦ
1086 2021 1294 2092 Harpe;
1325 2023 1418 2074 καὶ
1473 2021 1624 2076 Υίοῦ.
1693 2022 1866 2075 Ὅπου
1908 2020 1964 2072 δὲ
2005 2018 2191 2088 Πατὴρ
2221 2017 2314 2070 καὶ
2347 2017 2492 2081 Υἱὸς,
2525 2016 2746 2087 εὔδηλον
2777 2017 2859 2070 ὅτι
2893 2018 2983 2070 καὶ
3011 2017 3068 2070 τὸ
3093 2017 3316 2088 Πνεῦμα
3337 2017 3554 2071 δύναται

291 2109 513 2171 πάντας
559 2109 757 2165 σῶσαι.
1458 2177 1464 2188 ι
1847 2174 1850 2177 _

363 2202 474 2255 Καὶ
509 2203 622 2269 οὐχ
656 2203 737 2265 ὡς
765 2202 840 2255 δι’
873 2202 1012 2268 ἐνὸς
1035 2203 1496 2273 ἁμαρτήσαντος
1518 2205 1583 2260 τὸ
1605 2205 1865 2274 δώρημα.

297 2292 368 2343 Τὸ
398 2289 517 2359 μὲν
549 2293 656 2360 γὰρ
703 2292 881 2360 κρῖμα
928 2292 997 2357 ἐξ
1026 2293 1165 2358 ἐνὸς
1191 2297 1278 2359 είς
1313 2293 1665 2361 κατάκριμα,
1699 2293 1763 2345 τὸ
1801 2291 1869 2346 δὲ

291 2382 585 2451 χάρισμα,
622 2384 694 2436 ἐκ
727 2382 974 2438 πολλῶν
1017 2383 1501 2452 καταπτωμάτων
1519 2385 1605 2450 εὶς
1633 2383 1867 2435 δικαίω-

291 2489 399 2538 μα.
438 2471 502 2523 Et
529 2472 637 2539 γὰρ
667 2471 746 2537 τῷ
779 2472 883 2526 τοῦ
915 2472 1052 2538 ἐνὸς
1077 2473 1500 2541 παραπτώματι
1531 2476 1564 2527 ό
1611 2471 1864 2537 θάνατος

291 2563 660 2617 ἐϐασίλευσε
688 2563 787 2618 διὰ
815 2564 922 2617 τοῦ
953 2564 1092 2630 ἑνός
1115 2580 1129 2596 ’
1176 2565 1384 2631 πολλῷ
1407 2564 1652 2634 μᾶλλον
1676 2567 1731 2618 σί
1754 2564 1867 2631 τὴν

290 2657 664 2722 περισσείαν
688 2656 796 2721 τῆς
826 2655 1067 2724 χάριτος
1094 2657 1193 2711 καὶ
1223 2657 1334 2724 τῆς
1362 2655 1587 2726 δωρεᾶς
1620 2655 1729 2723 τῆς
1786 2656 1868 2709 δι-

290 2748 636 2813 καιοσύνης
650 2747 1059 2813 λαμϐάνοντες
1091 2747 1160 2799 ἐν
1218 2747 1354 2816 ζωῇ,
1405 2748 1860 2812 ,βασιλεύσουσι

290 2837 396 2890 διὰ
427 2837 535 2892 τοῦ
562 2838 702 2903 ἐνὸς
763 2836 969 2905 Ἰησοῦ
1025 2840 1302 2907 Χριστοῦ.
1362 2841 1511 2908 Ἀρα
1549 2836 1661 2894 οὖν
1684 2839 1762 2904 ὠς
1793 2837 1868 2890 δι’

290 2925 440 2990 ἐνὸς
488 2927 951 2996 παραπτώματος
999 2931 1087 2994 είς
1136 2929 1368 2996 πάντας
1396 2929 1746 2998 ἀνθρώπους
1789 2929 1876 2992 εις

2037 2205 2100 2265 γ,
2118 2203 2299 2258 16-19.
2323 2199 2386 2256 Et
2409 2203 2652 2256 nonsicut
2667 2217 2760 2272 per
2776 2216 2936 2254 unum
2957 2203 3045 2270 qui
3067 2201 3292 2271 peccavit
3305 2201 3379 2262 ita
3397 2209 3446 2253 et
3463 2201 3555 2254 do—

1975 2312 2122 2349 num.
2141 2295 2348 2348 Judiciu
2358 2294 2674 2364 msiquidcm
2686 2309 2748 2346 ea:
2761 2309 2864 2345 uno
2877 2292 3065 2346 delicto
3081 2293 3149 2346 ad
3165 2294 3556 2347 condemnatio‘

1974 2403 2115 2451 nem,
2133 2387 2330 2439 donum
2352 2394 2528 2438 autem
2540 2401 2604 2438 ea:
2625 2383 2802 2438 multis
2814 2383 3014 2438 delictis
3028 2385 3094 2438 ad
3095 2385 3552 2470 justiﬁcationfm.

1970 2472 2108 2526 Nam
2121 2474 2166 2526 si
2180 2473 2334 2525 unius
2345 2471 2530 2523 delicto
2544 2487 2680 2523 mors
2694 2471 2928 2540 regnavit
2943 2486 3036 2538 per
3047 2487 3231 2535 unum,
3266 2468 3434 2522 multo
3451 2468 3559 2522 ina-

1975 2565 2052 2634 gis
2075 2565 2114 2617 ii
2139 2564 2230 2632 qui
2260 2562 2659 2615 exuberantiam
2679 2561 2868 2631 gratiae
2882 2569 2931 2614 et
2963 2561 3158 2614 donum
3170 2561 3397 2630 justitiw
3413 2562 3552 2616 acci-

1975 2656 2126 2725 piunt
2147 2657 2200 2708 in
2217 2655 2346 2718 uita,
2361 2653 2652 2723 regnabant
2673 2669 2765 2720 per
2782 2669 2941 2706 unum
2953 2653 3133 2708 Iesum
3146 2653 3430 2712 Christum.
3447 2655 3558 2710 Ita-

1977 2762 2076 2816 que
2097 2747 2234 2799 sicut
2255 2761 2350 2817 per
2364 2747 2520 2799 unius
2539 2745 2784 2799 delictum
2804 2747 2856 2800 in
2880 2762 3055 2800 omnes
3072 2748 3304 2801 homines
3337 2746 3406 2799 ad
3431 2761 3556 2802 ron-

1979 2839 2389 2899 dcnmationem,
2404 2840 2482 2889 ita
2499 2846 2549 2888 et
2570 2852 2660 2904 per
2675 2837 2831 2889 unius
2839 2835 3277 2904 justiﬁcatiouem
3300 2837 3352 2888 in
3377 2850 3554 2890 omna

1980 2927 2214 2980 homines
2243 2925 2311 2979 ad
2328 2926 2763 2998 justiﬁcationem
2781 2927 2917 2980 uitae.
2934 2924 3080 2981 Sicut
3103 2927 3241 2979 enim
3264 2942 3356 2994 per
3376 2925 3554 2980 inobo-

291 3015 656 3084 κατάκριμα,
695 3016 979 3070 οὕτωκαὶ
1031 3017 1106 3070 δι’
1159 3018 1296 3083 ἑνὸς
1350 3017 1738 3088 δικαιώματος
1787 3019 1870 3081 εἰς

1981 3018 2231 3072 dientiam
2250 3019 2403 3074 unius
2418 3020 2639 3073 hominis
2657 3027 2950 3088 peccatores
2961 3019 3226 3072 constituti
3241 3025 3362 3075 sunt
3380 3017 3552 3081 multi,

291 3105 532 3171 πάντας
557 3105 909 3174 ἀνθρώπους
942 3109 1028 3174 εἰς
1057 3107 1372 3164 δικαίωσιν
1420 3108 1587 3177 ζωῆς.
1641 3111 1870 3178 ’Ὠσπερ

1982 3111 2059 3164 ita
2080 3118 2129 3161 et
2146 3124 2239 3181 per
2257 3109 2605 3164 obedientiam
2623 3111 2798 3176 unius,
2819 3111 2954 3180 justi
2972 3110 3356 3164 constituentur
3379 3109 3551 3164 multi.

290 3201 414 3268 γὰρ
434 3200 534 3255 διὰ
555 3201 667 3269 τῆς
696 3201 1009 3271 παρακοῆς
1045 3203 1150 3257 τοῦ
1181 3204 1320 3271 ἐνὸς
1380 3204 1696 3274 ἀνθρώπου
1740 3205 2076 3275 ἁμαρτωλοί
2127 3205 2587 3272 κατεστάθησαν
2632 3209 2686 3259 oi
2749 3205 2988 3270 πολλοὶ,
3049 3202 3236 3268 οὕτως
3291 3203 3391 3287 καί
3453 3202 3551 3256 διὰ

291 3293 413 3362 τῆς
442 3292 716 3363 ὑπακοῆς
742 3293 848 3349 τοῦ
873 3294 1030 3362 ἑνὸς,
1052 3296 1267 3350 δίκαιοι
1310 3297 1872 3366 κατασταθήσονται
1912 3302 1966 3353 ot
1996 3297 2236 3352 πολλοί.
3536 3348 3544 3357 .

370 3389 484 3441 Καὶ
514 3389 612 3458 οὐχ
649 3388 840 3460 ὥσπερ
873 3392 906 3461 ἡ
945 3391 1212 3462 ἁμαρτία,
1249 3393 1405 3462 φησὶ,
1436 3393 1528 3448 τοῦ
1553 3393 1745 3464 ’-Λδὰμ,
1785 3392 1870 3446 οῦ-

2052 3394 2122 3448 Ει
2152 3408 2262 3448 non
2293 3394 2438 3448 sicut
2469 3401 2752 3462 peceatum
2789 3393 2982 3460 Adam,
3023 3392 3223 3463 inquit,
3258 3392 3330 3446 ita
3364 3391 3466 3446 fuit
3495 3401 3552 3448 et

291 3496 412 3543 τως
460 3481 556 3533 καὶ
599 3482 632 3551 ἡ
689 3481 869 3551 δωρεά
903 3482 998 3537 τοῦ
1047 3483 1340 3544 Θεοῦ.ἀλλ’
1365 3487 1399 3556 ἡ
1436 3485 1614 3556 δωρεὰ
1646 3485 1866 3555 μείζων.

297 3572 460 3638 ﬂag;
499 3573 570 3625 Τὸ
597 3573 697 3642 μὲν
723 3576 830 3644 γὰρ
859 3577 1050 3644 κρῖμα,
1080 3577 1324 3630 τουτέστι
1347 3577 1408 3630 τὸ
1431 3578 1771 3648 κατάκριμα,
1805 3580 1870 3630 ἐκ

293 3662 401 3716 τοῦ
434 3663 554 3727 ἐνὸς
589 3663 762 3734 Ἀδὰμ
801 3666 880 3727 εἰς
909 3667 1114 3729 πάντας
1141 3663 1303 3739 ἦλθεν
1341 3667 1684 3738 ἀνθρώπους.
1716 3669 1788 3721 Τὸ
1813 3668 1870 3720 δὲ

293 3755 548 3824 χάρισμα
580 3757 673 3810 καὶ
701 3758 735 3826 ἡ
765 3757 940 3827 δωρεὰ
967 3759 1062 3810 τοῦ
1089 3758 1222 3811 Θεοῦ
1290 3760 1539 3812 τοσοῦτον
1569 3759 1869 3830 ὑπερίσχυ-

296 3861 417 3909 σεν,
447 3845 589 3899 ὥστε
641 3848 738 3900 καὶ
792 3847 960 3919 αὐτὴν
984 3849 1080 3919 τὴν
1107 3848 1204 3902 τοῦ
1235 3850 1405 3920 Ἀδὰμ
1447 3850 1724 3921 ἁμαρτίαν
1785 3850 1871 3916 ἐξ·

296 3936 549 4005 αλείψαι,
603 3941 699 3993 καὶ
751 3941 814 3996 οὐ
868 3943 1027 4011 μόνον
1082 3943 1320 4012 ἐκείνην,
1344 3943 1478 3996 ἀλλὰ
1504 3943 1595 3998 καὶ
1623 3945 1688 3995 τὰ
1711 3942 1873 3996 λοιπά

292 4025 678 4095 ἁμαρτήματα
707 4029 816 4080 τῶν
845 4028 1168 4099 ἀνθρώπων,
1205 4033 1350 4100 ἅπερ
1396 4031 1534 4102 μετὰ
1554 4034 1652 4102 τὴν
1693 4032 1872 4103 ἀμαρο

294 4116 425 4181 τίαν
480 4118 696 4186 εκείνην
747 4120 1008 4190 ἥμαρτον.
1047 4122 1160 4176 Καὶ
1207 4123 1273 4188 ,οὐ
1315 4121 1472 4176 τοῦτο
1503 4125 1683 4192 μόνον,
1739 4123 1875 4177 ἀλλὰ

295 4207 397 4260 καὶ
425 4211 504 4284 είς
538 4209 834 4279 δικαίωμα,
885 4212 1163 4266 τουτέστιν
1189 4214 1270 4278 είς
1312 4213 1654 4283 δικαιοσύνην
1696 4213 1866 4267 ᾶπαν-

290 4313 402 4361 τας
459 4300 656 4378 mare.
693 4299 835 4354 Πολὺ
863 4301 920 4353 δὲ
953 4301 1016 4378 τὸ
1044 4303 1216 4372 ,μέσον
1245 4295 1549 4373 ἀμνηστίας
1591 4304 1872 4375 ἁμαρτιῶν

294 4391 398 4442 καὶ
431 4377 828 4468 δικαιοσύνης.
868 4393 932 4446 Ἠ
953 4377 956 4380 ’
978 4393 1033 4465 δε
1064 4383 1334 4468 σύνταξις
1362 4410 1378 4424 ·
1411 4395 1522 4466 Καὶ
1545 4396 1642 4468 οὐχ
1680 4395 1872 4460 οὕτως,

294 4467 460 4549 φησὶ,
488 4483 546 4535 τὺ
575 4483 831 4553 δώρημα,
854 4485 927 4548 ὼς
947 4489 990 4556 ,ἡ
1016 4485 1102 4539 διὰ
1131 4475 1225 4540 τοῦ
1273 4467 1392 4558 ἑνὸς
1455 4467 1874 4560 ἁμαρτήσαντος
1899 4505 1902 4512 ·

295 4572 626 4642 παράβασις
657 4578 752 4631 καί
784 4577 1054 4648 ἁμαρτία,
1087 4578 1202 4632 ἀλλ’
1236 4581 1274 4650 ἡ
1297 4579 1498 4650 δωρεὰ,
1521 4575 1874 4651 crisin-coni}:

295 4664 528 4732 μᾶλλον.
565 4685 584 4717 ι
618 4667 686 4732 Εἰ,
711 4667 818 4738 γὰρ
839 4669 916 4740 τῷ
941 4669 1036 4722 τοῦ
1069 4671 1188 4734 ἐνὸς
1220 4672 1624 4743 παραπτώματι
1652 4675 1681 4726 ὁ
1714 4674 1872 4744 θάνα-

1975 3487 2179 3542 donum
2207 3486 2305 3541 Dei
2336 3503 2348 3538 :
2382 3487 2478 3542 sed
2505 3487 2680 3556 majus
2706 3485 3056 3540 fuitdonum.
3099 3483 3420 3551 Quomodo?
3458 3482 3573 3538 Et-.

1971 3579 2119 3634 enim
2150 3578 2445 3648 judicium,
2475 3578 2579 3632 hoc
2603 3587 2686 3632 est
2716 3576 3106 3632 condemnatio
3138 3592 3207 3630 ex
3236 3591 3344 3630 uno
3376 3574 3549 3631 Adam

1973 3671 2042 3725 ad
2075 3685 2267 3742 omnes
2295 3671 2548 3740 pervenit
2577 3669 2830 3723 homines
2855 3683 2870 3720 :
2902 3669 3076 3738 gratia
3104 3682 3236 3722 vero
3259 3677 3316 3722 et
3343 3666 3553 3722 donum

1972 3771 2125 3818 tanto
2155 3764 2388 3834 majores
2419 3763 2614 3826 habuit
2637 3762 2804 3826 vires,
2832 3769 2890 3814 ut
2917 3761 3094 3829 ipsum
3121 3773 3338 3828 quoque
3364 3774 3552 3828 pecca-

1971 3862 2088 3908 tum
2119 3851 2289 3908 Adam
2311 3862 2641 3924 expurgaret
2672 3868 2813 3907 :nec
2847 3852 2980 3906 illud
3011 3852 3208 3916 solum,
3248 3854 3343 3906 sed
3374 3861 3431 3907 et
3462 3867 3551 3908 re-

1973 3945 2122 4014 liqua
2168 3944 2454 4000 hominum
2502 3953 2752 4013 peccata.
2789 3943 2996 4012 quibus
3031 3953 3154 4011 post
3187 3942 3322 3998 illud
3353 3957 3550 4012 peca-

1973 4044 2090 4090 tum
2114 4037 2480 4105 deliquerant.
2507 4036 2696 4106 Neque
2719 4035 2773 4090 id
2806 4043 3040 4097 tantum,
3069 4051 3257 4090 verum
3285 4036 3452 4092 etiam
3480 4037 3548 4091 ad

1968 4126 2438 4196 justiﬁeationem.
2470 4125 2526 4179 id
2569 4133 2672 4189 est,
2713 4125 2990 4195 justitiam
3028 4140 3224 4180 omnes
3263 4125 3496 4181 adduxit
3532 4145 3545 4180 :

1975 4218 2208 4272 multum
2226 4227 2410 4272 autem
2427 4217 2659 4273 interest
2675 4217 2823 4272 inter
2837 4217 3172 4272 oblivionem
3194 4226 3545 4288 peccatorum

1974 4320 2032 4364 et
2053 4309 2342 4380 justitiam.
2375 4308 2598 4365 Littera
2627 4310 3064 4365 veroordinatio
3089 4319 3196 4366 est.
3234 4310 3301 4364 Et
3331 4325 3440 4366 non
3471 4311 3545 4365 ita

1973 4411 2057 4456 est
2077 4401 2284 4456 donum
2311 4401 2454 4456 sicut
2475 4402 2913 4474 transgressioet
2939 4410 3226 4473 peccatum
3254 4419 3353 4472 per
3375 4418 3545 4457 unum

1973 4493 2066 4562 qui
2109 4494 2265 4562 271
2297 4495 2567 4563 peccavit,
2598 4493 2694 4549 sed
2721 4493 2949 4558 donum,
2988 4493 3187 4565 inquit,
3222 4495 3394 4549 multo
3429 4499 3547 4549 ma—'

1972 4585 2081 4654 jus.
2149 4605 2168 4634 ι
2205 4586 2340 4640 Nam
2370 4585 2414 4640 si
2448 4586 2614 4642 unius
2640 4585 2840 4641 delicto
2866 4601 3013 4642 mors
3047 4586 3313 4656 regnavit.
3344 4605 3360 4632 ι
3403 4586 3546 4639 Rur-

1975 4690 2098 4730 sum
2123 4675 2266 4730 idem
2299 4675 2606 4737 conﬁrmat.
2627 4677 2787 4743 et;ait
2815 4693 2830 4728 :
2869 4676 2926 4730 Si
2951 4678 3099 4731 enim
3129 4684 3351 4745 peccato
3372 4677 3545 4731 Adam

290 4772 392 4818 τος
423 4755 762 4822 ἐϐασίλευσε.
815 4778 834 4810 ι
870 4761 1039 4813 Πάλιν
1064 4761 1122 4814 τὸ
1151 4763 1281 4830 αὐτὸ
1325 4765 1744 4832 κατασκευάζει,
1775 4766 1868 4818 καί

1977 4779 2122 4819 mors
2151 4767 2394 4835 regnavit
2432 4781 2530 4834 per
2565 4781 2735 4820 unum
2778 4767 2956 4836 ipsum
2993 4784 3007 4821 :
3043 4767 3216 4822 multo
3245 4766 3417 4836 magis
3446 4781 3548 4822 nos

295 4863 467 4914 φησιν
491 4865 506 4879 ’
569 4847 632 4900 Ei
669 4850 776 4920 γὰρ
833 4852 909 4921 τῷ
949 4853 1356 4924 παραπτώματι
1394 4857 1488 4910 τοῦ
1523 4857 1694 4929 ’Δδὰμ
1781 4857 1870 4911 διὰ

289 4937 390 4988 τὸν
411 4937 507 4989 ἕνα
545 4938 707 4991 αὐτὸν
757 4940 784 4990 ὁ
823 4941 1052 5004 Θάνατος
1080 4929 1422 5009 ἐϐασίλευσε,
1457 4945 1636 5015 πολλῷ
1669 4947 1870 5017 μᾶλλον

299 5026 465 5095 ἡμεῖ;
500 5027 550 5078 oi
583 5028 694 5097 τὴν,
718 5030 881 5099 χάριν
910 5030 1164 5093 λαόόντες
1197 5033 1290 5106 καὶ
1314 5031 1411 5108 τὴν
1432 5033 1637 5104 δωρεὰν
1663 5036 1754 5089 καὶ
1772 5036 1872 5108 τὴν

292 5118 672 5189 δικαιοσύνην,
706 5122 804 5192 οὐχ
827 5123 1255 5194 ὑπαχθησόμεθα
1278 5125 1513 5196 θανάτῳ,
1545 5127 1680 5180 ἀλλὰ
1708 5111 1870 5200 ζήσο-

295 5226 421 5278 μεν.
463 5229 483 5262 ι
524 5212 714 5281 Πολλῴ
741 5213 939 5282 μᾶλλον
963 5216 1011 5268 oi
1052 5215 1150 5286 τὴν
1203 5218 1522 5286 περισσείαν
1576 5221 1675 5290 τῆς
1705 5223 1865 5292 χάρι-

291 5319 405 5366 τος.
447 5321 466 5354 ι
498 5305 828 5376 Περισσείαν
853 5307 987 5377 φησὶ
1009 5307 1108 5378 τὴν
1142 5309 1449 5378 δαψίλειαν.
1477 5310 1649 5364 Τοῦτο
1681 5312 1736 5364 δὲ
1767 5329 1862 5366 κα-

1973 4864 2194 4925 aceepta
2223 4858 2417 4926 gratia,
2443 4857 2699 4927 donoque
2718 4873 2784 4910 ac
2805 4857 3022 4926 justitia
3047 4871 3159 4913 non
3189 4857 3545 4928 subjiciemur

1972 4948 2161 5014 morti,
2200 4948 2296 5003 sed
2336 4949 2606 5003 vivemus.
2647 4968 2666 5000 ‹
2703 4949 2878 5003 Multo
2911 4949 3084 5020 magis
3119 4951 3158 5004 ii
3198 4952 3293 5020 qui
3334 4952 3543 5007 exube-

1971 5041 2206 5095 rantiam
2229 5041 2434 5110 gratiae.
2461 5060 2478 5092 ι
2514 5040 2936 5096 Exuberantiam
2966 5042 3101 5096 dicit
3121 5042 3548 5099 abundantiam:

1970 5133 2028 5186 Id
2061 5142 2244 5187 autem
2280 5131 2719 5187 conﬁrmativam
2753 5134 2900 5189 illius
2932 5144 3015 5190 est
3047 5135 3196 5204 quod
3229 5137 3453 5191 omnino
3485 5136 3542 5190 in

1970 5225 2082 5279 vita
2111 5224 2438 5295 reguabuut,
2467 5239 2591 5278 cum
2621 5225 2787 5286 etiam
2827 5227 2998 5297 gratia
3028 5243 3136 5282 non
3173 5243 3333 5298 parce
3363 5241 3544 5297 neque

1969 5315 2040 5369 ad
2070 5330 2384 5370 mensuram
2410 5315 2532 5371 data
2567 5317 2658 5378 sit,
2684 5317 2776 5372 sed
2803 5319 3192 5374 exuberanter.

291 5399 727 5451 τασκευαστικόν
771 5400 886 5452 ἐστι
914 5399 1008 5453 τοῦ
1060 5402 1276 5466 παντως
1308 5404 1364 5455 ὲν
1413 5403 1524 5473 ζωῇ
1572 5403 1911 5474 βασιλεῦσαι,
1952 5408 2065 5479 ὅσῳ
2111 5409 2203 5460 καὶ
2231 5408 2266 5478 ἡ
2316 5407 2476 5478 χάρις
2531 5409 2594 5461 οὐ
2646 5409 2923 5478 φειδωλῶς
2951 5410 3069 5464 οὐδὲ
3113 5409 3543 5481 μεμετρημένως

289 5492 478 5561 ἐδόθη.
509 5492 626 5544 ἀλλ’
661 5495 726 5550 ἐκ
749 5493 1088 5562 περισσείας.

359 5585 476 5639 Καὶ
516 5583 740 5650 ἄλλως.
777 5586 853 5638 οὐ
888 5585 1048 5655 μόνον
1073 5585 1160 5640 ἵνα
1190 5585 1444 5658 ζήσωμεν
1467 5589 1620 5662 ἐδόθη
1648 5592 1680 5660 ἡ
1711 5590 1866 5661 χάρις

289 5675 384 5728 τοῦ
415 5673 578 5738 Θεοῦ,
621 5677 714 5730 καὶ
742 5677 775 5745 ἡ
810 5677 1054 5748 ἁμαρτία
1106 5679 1371 5749 ἀνῃρέθη.
1411 5680 1505 5736 καὶ
1559 5683 1596 5752 ἡ
1645 5681 1866 5743 κόλασις

2041 5591 2163 5644 Alio
2192 5607 2397 5661 quoque
2426 5592 2603 5646 modo.
2643 5591 2763 5646 Non
2819 5591 2997 5646 solum
3033 5598 3093 5644 ut
3132 5589 3379 5644 vivamus
3415 5586 3541 5640 data

1964 5686 2052 5735 est
2080 5679 2251 5748 gratia
2286 5678 2403 5743 Dei,
2451 5689 2844 5748 peccatumque
2890 5685 3260 5748 peremptum,
3294 5674 3456 5730 simul
3486 5686 3544 5730 et

284 5766 669 5838 συνανῃρέθη,
729 5767 845 5821 ἀλλ’
876 5769 961 5822 ἵνα
993 5770 1087 5826 καὶ
1117 5771 1225 5824 υἱοὶ
1250 5771 1390 5826 Θεοῦ
1427 5772 1734 5845 γενώμεθα,
1769 5775 1861 5826 καὶ

1977 5771 2296 5842 supplicium
2349 5771 2626 5826 sublatum
2671 5787 2686 5825 :
2724 5785 2915 5826 verum
2962 5769 3126 5823 etiam
3181 5777 3239 5821 ut
3292 5767 3386 5822 lilii
3443 5766 3539 5821 Det

513 5859 763 5918 ΡΑτιιοι.
829 5861 950 5922 Gn.
994 5863 1262 5929 CXVIII.

3145 5858 3214 5920 Μ
