3978 6546
389 349 412 362 “
489 367 601 430 "atat
1085 415 1096 423 ,
1563 363 1959 423 (ECUMENll

2125 363 2272 423 [ΖΒΕ
2301 364 2637 425 EPISCOI’I
3612 373 3696 441 432

499 473 755 543 ptismalc
791 469 1135 540 contingunt.
1171 466 1303 522 Nam
1334 464 1596 536 haptizati
1641 478 1864 537 peccata
1906 470 2070 538 depo-

2124 487 2150 542 \
2180 471 2430 524 δὲταῦτα
2477 473 2563 525 διὰ
2599 471 2692 524 τοῦ
2742 468 3135 543 βαπτίσματος.
3177 470 3563 546 ’Βαπτιζόμενοι
3591 484 3695 558 γάρ.

501 567 684 620 nimus
715 582 728 618 :
767 562 913 633 quod
951 562 1153 618 Christi
1190 576 1338 614 mors
1375 560 1540 630 erepit
1585 560 1823 616 edicere.
1857 563 2072 616 Etenim

2177 563 2548 632 ἀποτιθέμεθα
2599 561 2698 626 τὰς
2746 563 3042 631 ἁμαρτίας,
3084 565 3218 635 ὅπερ
3251 566 3446 636 ἤρξατο
3471 580 3700 643 κατεργά-

501 672 604 727 pro
628 655 835 710 nostris
869 663 1118 706 mortuus
1143 659 1226 705 est
1249 652 1511 720 peccatis,
1548 651 1738 706 volens
1767 652 1958 706 nosab
1989 653 2072 707 his

2181 655 2369 718 ζεσθαι
2401 658 2428 707 ό
2457 655 2686 718 θάνατος
2736 655 2831 708 τοῦ
2861 656 3122 728 Χριστοῦ.
3183 659 3291 711 Καὶ
3323 660 3428 731 γὰρ
3458 661 3585 734 ὑπὲρ
3610 667 3697 721 τῶν

502 746 734 802 reddere
781 744 1004 798 liberos.
1055 741 1198 795 Mors
1242 740 1428 807 itaque
1483 739 1685 796 Christi
1723 752 1943 813 operata
1993 753 2073 798 est

2181 747 2461 819 ἡμετέρων
2496 748 2766 801 ἀπέθανεν
2790 749 3097 820 ἁμαρτιῶν,
3139 749 3493 822 ἐλευθερῶσαι
3523 756 3694 813 τούτων

500 849 815 895 nostrorum
842 833 1242 904 depositionem
1273 848 1337 888 ac
1373 834 1851 890 mortiﬁcationem
1880 850 2071 904 pecea-

2181 841 2324 911 ἡμᾶς
2359 839 2702 911 βουλόμενος.
2783 841 3114 913 Ἐνήργησεν
3157 838 3249 896 οὖν
3297 844 3324 896 δ
3375 843 3586 911 Θάνατος
3630 853 3703 904 τοῦ

501 942 704 992 torum,
735 937 789 982 et
821 936 1086 997 quantum
1122 925 1176 978 in
1213 925 1327 994 ipsa
1365 935 1484 980 erat
1515 926 1740 981 omnino
1779 927 2072 982 diremitet

2179 929 2414 1001 Χριστοῦ
2457 931 2555 999 τὴν
2581 931 2842 984 ἀπόθεσιν
2877 933 2971 984 καὶ
3002 933 3272 1003 νέκρωσιν
3307 934 3414 988 τῶν
3440 937 3704 1008 ἁμαρτιῶν,

501 1022 760 1094 alligavit.
809 1019 932 1074 Sola
982 1033 1114 1089 ergo
1155 1033 1302 1073 nunc
1337 1018 1641 1088 requiritur
1693 1019 1828 1075 fides
1867 1027 2072 1086 nostra,

2180 1021 2275 1076 καὶ
2297 1023 2435 1081 ,ὅσον
2480 1021 2564 1091 ἐφ’
2623 1021 2801 1092 ἐαυτῷ
2826 1022 2886 1074 τδ
2936 1024 3056 1077 ὅλον
3103 1026 3411 1096 ἀπήρτησε.
3461 1030 3632 1084 Λείπει
3663 1033 3707 1088 δὲ

499 1115 718 1168 animus
772 1126 836 1166 ac
880 1111 1156 1164 voluntas.
1207 1109 1333 1164 Haec
1375 1117 1559 1164 autem
1610 1125 1707 1180 per
1748 1111 2070 1180 baptismum

2185 1113 2319 1183 μόνη
2347 1115 2380 1185 ὴ
2413 1113 2572 1184 ἡμῶν
2626 1114 2810 1178 πίστις
2874 1117 2969 1168 καὶ
3035 1115 3232 1187 γνώμη
3277 1117 3370 1169 καὶ
3411 1121 3705 1190 προαίρεσις,

497 1206 951 1260 demonstrantur
991 1219 1004 1256 :
1038 1217 1147 1272 quo
1188 1210 1412 1272 peracto
1455 1203 1681 1272 planum
1720 1201 1780 1258 ﬁt
1809 1213 2068 1272 quantum

2182 1205 2370 1258 Ταῦτα
2395 1205 2452 1257 δέ
2481 1205 2570 1258 διά
2587 1208 2683 1259 τοῦ
2717 1207 3096 1278 βαπτίσματος
3165 1208 3546 1275 ἐπιδείκνυται,
3568 1207 3710 1281 οὗπερ

484 1297 702 1352 Christi
756 1312 906 1349 mors
948 1303 1193 1348 nostram
1254 1293 1596 1363 promoverit
1641 1293 1891 1348 salutem.
1934 1294 2055 1347 Bent

2185 1296 2623 1366 ἐπιτελουμένου,
2659 1300 2686 1351 ὁ
2721 1299 2947 1362 Θάνατος
3007 1299 3207 1369 μᾶλλον
3269 1300 3363 1354 τοῦ
3406 1303 3620 1372 Χριστοῦ
3650 1312 3710 1369 εἰς

500 1408 636 1462 ergo
674 1391 751 1444 ait
785 1408 798 1442 :
838 1409 856 1440 ‹
892 1389 953 1443 In
990 1398 1224 1442 mortem
1273 1386 1482 1442 Christi
1518 1387 1774 1456 baptizati
1814 1403 2023 1453 sumus,
2054 1407 2071 1439 ι

2183 1390 2305 1444 ὅσον
2358 1388 2536 1461 ὢνησε
2605 1392 2900 1461 σωτηρίας,
2976 1395 3360 1463 ἐμφανίζεται.
3421 1397 3598 1460 Καλῶς
3639 1400 3711 1453 οὖν

502 1497 635 1556 puta
674 1493 734 1538 ut
769 1482 1024 1538 similiter
1069 1482 1464 1552 propemodum
1514 1481 1719 1535 mortui
1747 1481 1810 1536 ad
1847 1492 2073 1537 mortem

2184 1498 2351 1551 φησιν
2391 1498 2407 1514 ο
2453 1484 2588 1546 ιΕίς
2635 1483 2726 1537 τὸν
2755 1484 2982 1538 θάνατον
3043 1485 3206 1538 αὐτοῦ
3260 1485 3655 1560 ἐϐαπτίσθημεν,
3693 1511 3706 1543 ι

504 1577 700 1646 ipsius,
757 1583 980 1645 peccata
1031 1574 1085 1627 in
1128 1572 1456 1642 baptismate
1495 1573 1845 1643 scpeliamus.
1901 1573 2075 1644 thue

2182 1570 2294 1625 οἷον
2347 1574 2428 1636 είς
2485 1573 2548 1626 τὸ
2597 1561 2890 1628 ἀποθανεῖν
2927 1575 3021 1629 τὸν
3059 1576 3438 1647 παραπλήσιον
3467 1580 3602 1652 αὐτῷ
3633 1582 3709 1636 θά-

504 1667 853 1722 manifestius
887 1665 977 1718 liat
1008 1665 1223 1719 lucrum
1254 1665 1511 1719 salutaris
1547 1666 1741 1720 mortis
1769 1666 1941 1735 ipsius
1983 1682 2075 1736 per

2183 1679 2362 1727 νατον,
2410 1662 2510 1726 τὰς
2557 1664 2833 1735 ἁμαρτίας
2863 1665 2941 1736 τῷ
2990 1664 3328 1737 βαπτίσματι
3367 1668 3709 1736 ἐνθάπτοντσς,

493 1775 701 1815 onmes
725 1759 1160 1813 demonstratum
1193 1766 1334 1824 esse,
1369 1756 1668 1810 dummodo
1694 1773 1797 1812 nos
1817 1757 1884 1814 ad
1912 1757 2064 1812 haere

2141 1824 2153 1829 _
2186 1756 2279 1807 καὶ
2343 1757 2422 1818 είς
2446 1754 2509 1808 τδ
2536 1755 2943 1827 ἐμφανέστερον
2963 1756 3058 1810 τοῦ
3095 1759 3364 1829 σωτηρίου
3396 1761 3609 1815 θανάτου
3639 1768 3712 1817 αὖ·

497 1852 759 1907 ditariam
785 1851 978 1905 salutis
1021 1849 1419 1919 possessionem
1452 1849 1718 1914 animum,
1747 1850 2068 1909 voluntach

2141 1824 2159 1878 δ
2185 1845 2280 1900 τοῦ
2312 1846 2372 1899 τὸ
2400 1821 2589 1916 κέρδος
2623 1821 2733 1900 ⁷διὰ
2758 1821 2974 1901 πάντων
3001 1821 3398 1920 ὲπιδειχθῆναι,
3453 1852 3540 1906 καὶ
3586 1855 3712 1924 ἡμῶν

501 1959 572 1997 ac
624 1941 785 1996 Iidem
839 1939 1208 2002 conferamus,
1247 1940 1616 2010 increpatorio
1666 1955 1798 1995 usus
1843 1948 1928 1994 est
1973 1955 2064 1995 ser

2188 1939 2324 2009 πρὸς
2353 1937 2452 2009 τὴν
2486 1939 2810 2010 ὁλοκληρίαν
2838 1942 2938 2010 τῆς
2976 1943 3252 2011 σωτηρίας
3275 1943 3374 2014 τὴν
3406 1945 3614 2018 γνώμην
3641 1952 3713 2000 καὶ

502 2046 690 2095 mone,
717 2031 1089 2099 interpretans
1112 2030 1386 2098 quomodo
1415 2038 1644 2098 peccato
1666 2030 1870 2084 mortui
1889 2030 2073 2095 simus,

2187 2033 2287 2103 τὴν
2313 2031 2632 2104 προαίρεσιν
2669 2035 2764 2094 καὶ,
2822 2033 2920 2103 τὴν
2968 2035 3152 2086 πίστιν
3205 2038 3616 2104 συνεισαγόντων
3645 2039 3714 2092 διὰ

508 2133 563 2177 ct
587 2125 723 2178 dicit
753 2141 766 2176 :
802 2142 820 2175 c
845 2125 924 2176 An
945 2123 1207 2193 ignoratis
1234 2121 1380 2192 quod
1400 2121 1785 2192 quicunquein
1808 2122 2079 2178 Christum

2189 2125 2282 2178 τοῦ
2315 2124 2710 2194 βαπτίσματος.
2730 2124 3288 2197 Ἐπιπληκτικωτέρῳ
3313 2127 3368 2180 δέ
3394 2129 3528 2197 λόγῳ
3551 2131 3715 2202 κέχ;,η‹

511 2214 768 2284 baptizati
818 2230 1029 2278 sumus,
1070 2213 1123 2266 in
1177 2213 1282 2267 hoc
1339 2212 1599 2282 baptizati
1635 2227 1824 2268 sumus
1873 2221 1932 2267 ut
1984 2212 2082 2282 ipsi

2187 2232 2301 2279 ται,
2332 2213 2649 2285 ἑρμηνεύων
2667 2214 2783 2276 πῶς
2801 2214 3146 2286 ἀπεθάνομεν
3166 2220 3234 2289 τῇ
3261 2219 3518 2290 ἁμαρτίᾳ,
3535 2220 3616 2273 καί
3641 2239 3715 2291 er,-

509 2324 727 2379 quoque
762 2307 1100 2361 moriamur?
1129 2325 1147 2358 ι
1189 2315 1419 2360 mortem
1445 2307 1592 2361 enim
1616 2307 1885 2378 baptisma
1909 2306 2080 2359 imita-

2192 2325 2279 2361 σιν
2300 2323 2312 2337 °
2358 2309 2426 2359 "H
2451 2307 2696 2376 ἀγνοεῖτε
2727 2308 2807 2360 ὅτι
2839 2307 2950 2360 ὅσοι
2973 2311 3053 2372 εἰς
3079 2310 3312 2380 Χριστὸν
3336 2310 3699 2383 ἐϐαπτίσθημεν

512 2410 679 2454 tatur.
715 2400 849 2454 Nam
895 2399 998 2454 hoc
1031 2399 1303 2469 significat
1343 2399 1491 2468 quod
1533 2399 1649 2452 ait:
1693 2417 1711 2449 ι
1749 2398 1806 2452 In
1855 2407 2083 2452 mortem

2191 2399 2274 2461 είς
2292 2396 2452 2451 τοῦτο
2482 2398 3010 2469 ἐδαπτίσθημεν,ξείς
3031 2399 3093 2452 τὸ
3113 2401 3208 2456 καὶ
3252 2403 3404 2456 αὑτοὶ
3433 2403 3713 2469 ἀποθανεῖνς

514 2493 687 2563 ipsius
718 2492 977 2561 baptizati
1005 2506 1212 2545 smnus.
1253 2511 1269 2541 ι
1302 2492 1624 2560 Quanquam
1647 2491 1792 2544 enim
1819 2489 2085 2559 baptisma

2192 2491 2421 2546 θάνατον
2441 2491 2550 2564 γὰρ
2578 2495 2824 2562 μιμεῖται
2849 2491 2910 2544 τὸ
2939 2491 3226 2565 βάπτισμα
3245 2511 3260 2525 ο
3286 2495 3438 2550 τοῦτο
3457 2495 3555 2565 γὰρ
3579 2495 3715 2561 δηλιῖ,

513 2597 662 2635 mors
694 2597 804 2634 non
850 2580 920 2644 sit
960 2580 1283 2649 corporalis,
1332 2587 1680 2649 peccatorum
1720 2589 1898 2633 tamen
1943 2595 2084 2635 mors

2190 2585 2272 2651 τὸ,
2307 2605 2325 2637 ι
2362 2586 2453 2648 Et;
2489 2586 2580 2638 τὸν
2610 2584 2840 2639 θάνατον
2877 2586 3040 2640 αὑτοῦ
3066 2587 3488 2660 ἐϐαπτίσθημεν.
3512 2607 3528 2638 ι
3562 2587 3717 2656 Είγὰρ

510 2688 635 2728 esse
690 2672 919 2727 dicitur.
1009 2690 1028 2723 ι
1100 2673 1204 2726 Per
1258 2672 1589 2741 baptismum
1640 2673 1695 2726 in
1756 2683 2011 2729 mortem.
2063 2693 2081 2727 ι

2192 2677 2286 2731 καὶ
2315 2676 2390 2746 μὴ
2416 2675 2728 2747 σωματικάς
2753 2677 2869 2728 ἐστι
2904 2676 3136 2742 θάνατος
3159 2679 3220 2730 τὸ
3245 2677 3539 2750 βάπτισμα,
3571 2679 3717 2749 ἀμαρ-

509 2763 970 2834 Quandoquidem
1007 2763 1103 2817 ubi
1142 2763 1509 2832 baptizamur,
1540 2764 1777 2818 fatemur
1804 2779 1904 2820 nos
1939 2779 2080 2818 mor«

2190 2767 2323 2822 τιῶν
2387 2766 2594 2838 μέντοι.
2649 2785 2668 2818 ε
2692 2768 2789 2821 Διά
2827 2767 2919 2820 τοῦ
2964 2768 3340 2840 βαπτίσματος
3375 2771 3450 2834 είς
3477 2771 3559 2823 τὸν
3589 2770 3716 2823 θάνα-

518 2868 642 2912 tuos
665 2873 787 2912 esse
810 2857 1012 2912 mundo
1042 2872 1105 2911 ac
1147 2856 1492 2912 renuntiasse
1519 2869 1748 2927 peccato
1769 2869 1823 2914 et
1849 2857 2088 2913 diabolo.

2191 2877 2301 2913 τον.
2343 2878 2362 2912 ι
2418 2858 2639 2930 Ἐπειδὴ
2689 2859 3074 2930 βαπτιζόμενοι
3129 2862 3495 2934 ὁμολογοῦμεν
3553 2864 3715 2916 ἀποτε-

521 2969 540 3000 ε
573 2948 826 3004 Christus
861 2945 1102 3002 surrexit
1132 2961 1230 3016 per
1259 2947 1490 3017 gloriam
1516 2946 1716 3002 Patris.
1755 2967 1772 3000 ι
1809 2933 2092 3004 Persuasi-

2193 2951 2452 3023 θνηκέναι
2480 2951 2557 3022 τῷ
2587 2952 2776 3022 κόσμῳ
2824 2954 2917 3006 καὶ
2987 2933 3484 3025 ἀποτάσσεσθίαιτῇ
3511 2953 3715 3024 ἁμαρτίᾳ

515 3041 680 3096 bilem
724 3039 855 3095 facit
897 3039 1364 3105 resurrectionem
1427 3055 1528 3110 per
1559 3040 1785 3111 gloriam
1832 3040 1952 3111 ejus
1997 3042 2086 3111 qui

2194 3045 2290 3099 καὶ
2311 3045 2387 3115 τῷ
2415 3043 2668 3115 διαὸὁλῳ.
2726 3063 2745 3097 ι
2774 3044 3009 3116 Χριστὸς
3058 3046 3269 3117 ⁴ίιγέρθη
3323 3046 3408 3100 διὰ
3456 3047 3546 3114 τῆς
3593 3045 3717 3111 δόξης

515 3130 796 3184 excitavit.
847 3130 990 3184 Bene
1039 3144 1168 3200 ergo
1218 3130 1436 3184 Patrem
1492 3131 1569 3185 ait
1615 3131 1905 3187 excitasse.
1956 3130 2086 3186 Nam

2146 3164 2162 3219 ι
2195 3137 2289 3190 τοῦ
2315 3136 2548 3207 Πατρός.
2576 3155 2594 3188 ι
2636 3135 2872 3208 Πιθανὴν
2929 3140 3161 3191 ποιεῖται
3205 3139 3308 3209 τὴν
3340 3139 3631 3200 ἀνάστασιν,
3650 3136 3717 3188 διὰ

500 3237 641 3278 cum
695 3223 781 3277 his
811 3222 904 3291 qui
957 3222 1138 3278 adhuc
1169 3223 1381 3293 parvuli
1416 3231 1577 3279 erant
1603 3239 1786 3278 sermo
1813 3224 1922 3295 ipsi
1953 3234 2071 3279 erat

2195 3232 2298 3301 τῆς
2333 3229 2426 3283 τοῦ
2488 3222 2802 3300 ἐγείραντος
2865 3228 3044 3300 δόξης.
3085 3229 3282 3294 Καλῶς
3308 3229 3400 3284 οὖν
3427 3230 3512 3285 τὸν
3538 3228 3716 3296 Πατέρα

503 3346 586 3356 -——
611 3315 850 3371 Gloriam
883 3323 1064 3370 autem
1104 3316 1278 3371 Patris
1300 3325 1458 3370 vocat
1482 3315 1687 3371 Christi
1723 3317 2068 3372 divinitatem

2197 3324 2361 3394 φησὶν
2407 3323 2788 3393 ἐγηγερκέναι.
2822 3323 3055 3394 Νηπίοις
3088 3326 3196 3396 γὰρ
3224 3324 3306 3379 ἔτι
3337 3324 3636 3392 διαλέγεται.
3666 3350 3719 3362 -

498 3408 626 3462 ιΙιοο
679 3415 784 3466 est.
835 3423 934 3478 per
977 3408 1256 3477 propriam
1315 3407 1682 3463 divinitatem.
1717 3408 1854 3462 Nam
1899 3415 1955 3463 et
1989 3409 2069 3462 alii

2200 3412 2554 3486 [ΘΕΟΔΩΡ.]
2620 3413 2788 3478 Δόξαν
2845 3413 2902 3466 δὲ
2951 3417 3046 3468 τοῦ
3104 3416 3337 3486 Πατρὸς,
3391 3415 3484 3488 τὴν
3535 3414 3719 3482 θεότητα

503 3502 641 3556 loco
665 3501 800 3556 dicit
839 3517 854 3556 :
897 3521 916 3554 ι
948 3502 1024 3558 Ut
1056 3503 1202 3557 Deus
1243 3502 1463 3556 Domini
1507 3503 1681 3557 nostri
1725 3503 1855 3558 Jcsu
1890 3502 2074 3557 Christ

2197 3505 2353 3560 καλεῖ
2375 3505 2469 3559 τοῦ
2493 3507 2755 3577 Χριστοῦ,
2797 3506 3070 3572 τουτέστι,
3111 3506 3197 3560 διὰ
3230 3509 3332 3578 τῆς
3353 3506 3548 3570 οίκείας
3565 3505 3718 3570 θεότη-

511 3596 682 3650 ίΡοιειο
707 3595 892 3665 gloriae
923 3597 987 3648 ".
1023 3613 1042 3646 ι
1069 3593 1426 3665 Consequens
1467 3603 1650 3650 autem
1692 3605 1812 3650 erat
1858 3605 1918 3650 ut
1943 3594 2082 3650 diee«

2195 3617 2309 3663 τος.
2355 3598 2466 3653 Καὶ
2510 3600 2619 3670 γάρ
2641 3601 2698 3652 ἐν
2726 3599 2900 3669 ἑτέρῳ
2963 3600 3127 3670 φησίν
3166 3616 3180 3630 ’
3221 3601 3381 3656 «Ἵνα
3429 3601 3456 3653 ὁ
3485 3598 3602 3661 Θεὸς
3647 3595 3719 3648 τοῦ

505 3695 608 3741 τοι
639 3703 652 3740 :
687 3687 764 3740 lta
789 3694 846 3740 et
867 3700 969 3741 nos
994 3700 1347 3756 resurgemus
1373 3705 1386 3739 :
1412 3686 1505 3740 sed
1535 3686 1599 3740 ad
1623 3685 2076 3741 conversationen

2196 3690 2406 3762 Κυρίου
2447 3689 2603 3760 ἡμῶν
2635 3689 2814 3760 Ἰησοῦ
2843 3690 3078 3760 Χριστοῦ
3108 3693 3135 3743 ὁ
3160 3690 3350 3762 Πατὴρ
3400 3691 3493 3761 τῆς
3521 3690 3674 3759 δόξης.
3702 3704 3717 3737 ι

511 3779 651 3834 vita:
693 3778 1002 3843 descendit,
1049 3778 1208 3831 aliam
1249 3794 1277 3833 a
1325 3778 1486 3833 nobis
1539 3790 1802 3848 expetens
1849 3794 2082 3835 resurre-

2195 3778 2306 3836 Ἦν
2357 3783 2414 3835 δέ
2445 3781 2735 3836 ἀκόλουθον
2785 3785 2981 3848 είπεῖν,
3042 3781 3231 3845 Οὕτως
3278 3783 3373 3836 καὶ
3421 3783 3571 3853 ἡμεῖς
3613 3781 3718 3832 ἀνα-

515 3871 787 3936 ctioncm,
817 3885 939 3941 qua:
979 3879 1065 3925 est
1105 3871 1428 3942 perbonam
1464 3888 1678 3927 morum
1722 3873 2086 3929 conversatio-

2195 3874 2541 3946 στησόμεθα*
2572 3874 2689 3927 ἀλλ’
2741 3875 2821 3936 είς
2857 3875 3135 3928 πολιτείαν
3173 3871 3362 3946 ἦλθεν,
3393 3874 3573 3943 ἑτέραν
3603 3870 3721 3940 ἡμᾶς

507 3979 670 4028 mem,
714 3963 768 4016 in
815 3978 923 4032 qua
978 3973 1262 4034 peccatum
1320 3974 1598 4019 mortuum
1649 3975 1750 4032 est,
1793 3966 1904 4020 vita
1966 3980 2078 4021 vert

2195 3966 2445 4021 ἀπαιτῶν
2499 3968 2816 4032 ἀνάστασιν,
2875 3968 2976 4039 τὴν
3027 3968 3116 4021 διὰ
3155 3969 3404 4040 χρηστῆς
3456 3966 3717 4024 πολιτείας.

511 4055 758 4124 resurgit
790 4054 975 4109 virtuti
1007 4055 1329 4110 conformis.
1361 4056 1494 4110 Nam
1527 4056 1655 4110 dum
1689 4056 1907 4111 adulter
1941 4056 2082 4111 dein-

2195 4059 2254 4112 ἐν
2350 4058 2638 4130 νεκροῦται
2707 4063 2807 4130 μὲν
2833 4062 2866 4130 ἠ
2900 4061 3165 4132 ἁμαρτία,
3221 4061 3498 4114 ἀνίσταται
3531 4059 3582 4111 δέ
3638 4054 3722 4125 βίος

517 4163 650 4217 ceps
672 4147 1001 4203 adulterium
1020 4148 1254 4218 amplius
1277 4164 1384 4203 non
1408 4158 1709 4218 perpetrat,
1738 4164 1915 4219 neque
1935 4148 2088 4219 275

2197 4150 2470 4222 ἐνάρετος.
2521 4152 2582 4204 Ὀ
2630 4153 2827 4224 πόρνος
2877 4153 2932 4204 ἐν
2981 4147 3025 4219 ᾧ
3073 4152 3273 4223 μηκέτι
3335 4150 3595 4222 πορνεύει,
3651 4145 3723 4199 καὶ

505 4249 710 4309 ‘raptor
738 4239 848 4310 jam
880 4255 988 4294 non
1019 4241 1182 4310 rapit,
1216 4241 1321 4295 hoc
1352 4242 1474 4295 vita:
1513 4241 1728 4295 novitas
1754 4249 1857 4297 est.

2195 4242 2226 4294 6
2255 4242 2438 4313 ἅρπαξ
2468 4243 2543 4314 μὴ
2573 4241 2830 4314 ἁρπάζει,
2867 4243 3026 4296 τοῦτο
3053 4244 3311 4314 καινότης
3350 4243 3508 4313 ζωῆς.

577 4329 721 4384 Item
754 4341 802 4383 et
830 4330 1006 4382 aliter.
1039 4330 1241 4385 Novam
1273 4340 1491 4401 oportet
1520 4347 1640 4387 esse
1661 4332 1828 4384 vitam
1854 4330 2095 4385 ﬁdelium

2265 4337 2374 4391 Καὶ
2428 4338 2647 4404 ἄλλως.
2676 4336 2877 4411 [ΦΩΤ.]
2905 4339 3047 4393 Νέαν
3096 4339 3178 4392 δεῖ
3213 4336 3352 4392 εἶναι
3414 4338 3516 4392 τῶν
3554 4333 3722 4389 πιστῶν

513 4437 642 4494 qum
683 4421 896 4475 nullum
930 4421 1129 4476 veteris
1163 4423 1373 4492 peccati
1423 4423 1715 4478 contrahat
1759 4423 2084 4493 contagium.

2195 4429 2294 4500 τὴν
2327 4429 2503 4501 ζωὴν,
2532 4431 2697 4502 μηδὲν
2731 4431 2828 4503 τῆς
2864 4431 3099 4495 παλαιάς
3135 4433 3411 4504 ἁμαρτίας
3443 4425 3723 4499 ἐπισυρομέ-

527 4533 546 4565 ι
590 4513 725 4568 Nam
781 4513 825 4568 si
883 4513 1250 4582 complantati.
1292 4535 1310 4566 ι
1350 4514 1774 4570 Similitudinem
1812 4516 2098 4572 ostendere

2149 4526 2177 4581 Β
2205 4540 2301 4593 νην
2329 4524 2555 4592 ἐφόδιον.
2586 4541 2604 4576 ι
2635 4524 2696 4577 Εἰ
2727 4523 2834 4594 γὰρ
2863 4522 3154 4593 σύμφυτοι.
3192 4543 3210 4575 ι
3259 4524 3570 4596 Ὀμοιότητα
3589 4517 3720 4582 δεῖξαι

500 4617 755 4664 ~eonatur
789 4608 932 4662 inter
971 4623 1073 4662 nos
1104 4622 1168 4662 ac
1203 4606 1502 4674 Christum,
1543 4619 1600 4663 et
1631 4609 1707 4663 ait
1751 4626 1764 4662 :
1800 4629 1818 4659 ι
1855 4607 1911 4663 Si
1941 4624 2061 4663 com

2195 4614 2468 4687 ἐπιχειρεῖ
2492 4615 2651 4688 ἡμῶν
2677 4631 2737 4668 τε
2767 4615 2860 4668 καλ⁸
2893 4615 2986 4667 τοῦ
3011 4615 3271 4686 Χριστοῦ,
3302 4615 3395 4669 καί
3426 4627 3604 4682 φησιν·
3635 4629 3651 4660 ι
3676 4607 3721 4659 ΕΞ

523 4702 748 4770 plantati
795 4703 912 4757 sive
943 4701 1243 4772 participes
1290 4701 1419 4756 facti
1463 4718 1654 4758 sumus
1687 4702 1897 4757 mortis.
1940 4722 1958 4753 ι
2013 4701 2094 4758 0b

2203 4706 2495 4777 σύμφυτοι.
2516 4700 2626 4759 οἷον
2654 4705 3006 4777 συμμέτοχοι,
3034 4707 3340 4776 γεγόναμεν
3359 4704 3449 4758 τοῦ
3471 4703 3718 4756 θανάτουη

503 4795 626 4847 ‘hoc
659 4803 841 4849 autem
872 4794 1267 4864 eomplantatos
1296 4794 1449 4861 dicit,
1469 4795 1613 4864 quod
1636 4795 2074 4865 quemadmodun

2202 4797 2524 4867 Συμφύτους
2562 4796 2619 4850 δὲ
2651 4797 2800 4866 λέγει
2836 4797 2928 4850 διὰ
2974 4796 3166 4862 τοῦτο,
3189 4799 3382 4868 ὥσπερ
3425 4796 3482 4848 τὸ
3521 4793 3658 4860 σῶμα
3681 4786 3724 4838 τὸ

505 4898 724 4953 corpus
776 4885 1116 4940 Dominieum
1182 4887 1237 4939 in
1310 4895 1452 4940 terra
1509 4887 1806 4956 sepultum,
1864 4888 2074 4942 salntcn

2202 4889 2530 4942 Δεσποτικον
2561 4887 2729 4956 ταφέν
2757 4889 2815 4941 ἐν
2855 4890 2922 4959 τῇ
2957 4889 3028 4958 γῇ
3074 4887 3238 4957 ἔφυσε
3272 4889 3536 4957 σωτηρίαν
3564 4880 3629 4950 τῷ
3653 4878 3723 4930 κό-

507 4979 726 5030 mundo
768 4978 1046 5046 produxit,
1094 4979 1169 5033 ita
1229 4986 1287 5032 et
1337 4987 1610 5045 nostrum,
1647 4980 1850 5048 inquit,
1892 4979 1946 5033 in
2002 4979 2078 5034 bat

2206 4998 2329 5051 σμῳ
2349 5019 2364 5046 9
2394 4979 2567 5042 οὕτως
2595 4981 2690 5032 καὶ
2710 4979 2770 5032 τὸ
2800 4979 2956 5049 ἡμῶν
2978 5019 2990 5043 ,
3015 4979 3169 5048 φησὶ,
3195 4979 3365 5048 ταφέν
3387 4981 3443 5030 ἐν
3475 4975 3544 5044 τῷ
3571 4967 3723 5042 βαπτί-

497 5069 776 5137 ~ptismate
821 5070 1094 5138 sepultum
1147 5069 1444 5140 nobisipsis
1490 5070 1762 5140 justitiam
1811 5069 2068 5139 produxit

2201 5087 2368 5142 σματι
2391 5112 2404 5136 ,
2437 5071 2633 5142 ἔφυσεν
2663 5072 2795 5142 ἡμῖν
2815 5071 2998 5133 αὐτοῖς
3023 5069 3388 5139 δικαιοσύνην.
3417 5066 3562 5120 Κατὰ
3588 5075 3721 5131 μετα·

515 5161 929 5231 Methaphorica
983 5161 1150 5216 dictio
1202 5171 1307 5228 est,
1352 5162 1740 5231 Complantati,
1781 5161 1849 5215 ab
1881 5162 2086 5216 arbori-

2199 5163 2370 5232 φορὰν
2411 5161 2639 5232 ήλέξις,
2689 5157 2798 5215 ἀπὸ
2848 5159 2958 5212 τῶν
2997 5158 3139 5212 κατά
3189 5159 3506 5226 συγγένειαν
3535 5149 3722 5251 δένδρέυν

511 5253 626 5308 bus
680 5253 834 5322 juxta
892 5251 1306 5306 similitudinem
1355 5262 1594 5321 sumpta,
1646 5269 1767 5322 quae
1822 5253 1984 5307 sinml
2024 5253 2082 5306 ad

2195 5252 2311 5324 ἅμα
2342 5253 2726 5321 φυτευομένων
2766 5249 2860 5302 καὶ
2904 5251 3001 5302 σὺν
3043 5248 3313 5318 ἀλλήλοις.
3343 5247 3606 5316 Σὺμφυτοι
3631 5247 3717 5297 οὐν,

509 5358 578 5396 se
628 5342 875 5395 invicem
933 5341 1190 5410 plantatze
1258 5350 1405 5396 sunt.
1467 5342 1656 5412 Itaque
1715 5344 2080 5412 complantati,

2201 5344 2354 5413 φησὶ,
2386 5345 2690 5411 γεγόναμεν
2732 5340 2810 5411 τῷ
2849 5341 3156 5411 ὁμοιώματι
3176 5341 3270 5392 τοῦ
3305 5341 3526 5392 Θανάτου
3555 5327 3718 5388 αὑτοῦ.

512 5432 616 5497 ait,
651 5432 780 5486 facti
861 5447 1053 5485 smnus
1114 5431 1478 5488 similitudine
1538 5433 1733 5488 mortis
1770 5436 1931 5505 ejus,
1990 5435 2083 5488 hoc

2201 5434 2470 5496 τουτέστι,
2501 5432 2945 5502 συναπεθάνομεν
2975 5431 3144 5501 αὐτῷ.
3173 5431 3401 5493 Οἱκείως
3422 5427 3474 5480 δέ
3499 5423 3721 5496 ἐχρήσατο

513 5535 603 5581 est
651 5527 985 5582 commortui
1045 5542 1234 5582 sumus
1284 5527 1406 5596 ipsi.
1459 5525 1686 5596 Proprie
1741 5536 1922 5580 autem
1966 5542 2084 5579 usus

2202 5529 2268 5596 τῇ
2299 5527 2496 5596 τροπῇ.
2533 5524 2742 5596 Ὥσπερ
2779 5524 2884 5594 γὰρ
2910 5524 2970 5576 τὸ
2995 5524 3161 5593 φυτὸν
3197 5525 3255 5578 ἐν
3276 5525 3341 5593 τῇ
3377 5524 3446 5591 γῇ
3475 5509 3720 5572 κατατεθὲν

503 5629 698 5687 ιιτορο.
761 5617 895 5672 Nam
948 5617 1091 5673 sicut
1141 5620 1323 5688 planta
1371 5617 1554 5688 aliquo
1607 5628 1880 5690 tempore,
1927 5619 2073 5672 velut

2203 5619 2395 5690 χρόνον
2425 5617 2545 5670 τινὰ
2567 5656 2584 5682 ,
2619 5611 2728 5672 οἷον
2747 5617 3014 5689 νέκρωσιν
3043 5633 3163 5672 τινα
3196 5618 3288 5671 καὶ
3325 5609 3596 5682 ἀκινησίαν
3617 5606 3719 5657 (δεῖθ’

589 5803 857 5873 ²⁰Ερίιεε.
874 5818 928 5871 -ι,
953 5803 1010 5858 -l.
