3978 6552
287 487 414 555 dii}
768 498 773 503 ’
1363 491 1753 552 COMMENT.
1795 491 1876 551 ΙΝ
1914 491 2149 550 EPIST.
2191 491 2287 549 AD
2326 490 2512 552 ROM.
3456 482 3560 547 434

296 612 458 682 μένει
477 654 493 675 ,
522 611 715 665 ἔπειτα
735 611 793 664 δὲ
821 608 1014 680 ἁθρῦον
1049 609 1221 680 άναζῇ
1263 609 1357 663 uati.
1380 609 1669 664 ἁναθάλλει
1690 649 1704 672 ,
1727 607 1872 662 οὕτω

1980 607 2455 664 mortiﬁcationem
2483 605 2776 677 quamdam
2820 605 3051 676 patitur,
3084 604 3281 660 deinde
3307 603 3560 675 protinus

293 703 400 758 ἰαὶ
419 704 482 757 τὸ
511 703 790 774 κυριακὸν
819 703 980 773 σῶμα
1002 702 1093 754 ἐπὶ
1116 701 1306 772 χρόνον
1332 701 1537 774 βραχὺν
1549 699 1705 754 τεθὲν
1726 701 1783 754 ὲν
1808 700 1875 770 τῷ

1987 697 2265 753 reviviscit
2295 714 2360 754 ac
2398 698 2685 754 revirescit
2720 715 2735 753 :
2774 698 2850 753 ita
2879 707 2935 752 et
2965 712 3167 764 corpus
3218 695 3568 751 Dominicnm.

291 796 480 867 τάφῳ,
515 795 712 864 ἁθρόον
763 794 998 865 ἤνθησεν
1055 794 1283 858 ἐκεῖθεν,
1331 794 1426 847 καὶ
1467 793 1771 863 ἐὸλάστησε
1816 797 1875 864 τῇ

1986 783 2053 838 ad
2080 785 2247 840 breve
2276 791 2492 855 tempus
2517 785 2571 841 in
2600 787 2853 857 sepulcro
2881 788 3145 858 positum,
3172 786 3301 841 inde
3335 793 3566 856 repente

294 888 729 959 οίκουμὲνῃ,τὴν
760 887 1056 958 σωτηρίαν.
1086 887 1196 941 Καὶ
1223 888 1385 958 ἡμεῖς
1416 887 1472 941 δὲ
1497 887 1875 958 βαπτιζόμενοι

1984 875 2243 941 emeruit,
2277 875 2508 946 orbique
2553 877 2783 933 salutem
2810 878 3156 950 germinavit.
3202 878 3314 934 Nos
3340 891 3562 949 quoque

295 979 399 1032 καὶ
430 978 856 1048 ἑνθαπτόμενοι,
891 979 986 1032 καὶ
1022 972 1226 1049 τρόπον
1253 977 1374 1031 τινὰ
1403 978 1592 1050 ὥσπερ
1633 978 1703 1033 τὰ
1738 977 1875 1048 φυτὰ

1984 964 2114 1020 dum
2139 966 2505 1036 baptizamur,
2529 968 2694 1023 etiam
2719 969 3019 1039 scpelimur
3043 978 3131 1025 :et
3156 968 3562 1040 quodammodo

294 1072 366 1137 τῇ
410 1070 511 1139 τῇ,
551 1067 723 1131 οὕτως
761 1069 853 1121 καὶ
906 1069 1067 1139 ἡμεῖς
1113 1068 1525 1140 ὲννεκρούμενοι
1562 1068 1642 1139 τῷ
1700 1068 1880 1135 ὕδατι,

295 1161 368 1212 ἁθ
376 1160 501 1230 ρόον
518 1158 796 1221 θάλλοντες
822 1158 917 1213 καὶ
942 1158 1289 1227 ἀκμάζοντες
1312 1159 1410 1231 τὴν
1431 1159 1581 1230 σφῶν
1603 1161 1880 1232 σωτηρίαν

299 1250 671 1322 ἁνερχόμεθα.
704 1249 899 1312 Καλῶς
920 1250 977 1305 δὲ
1000 1251 1098 1304 οὐκ
1124 1246 1269 1316 εἶπε,
1310 1269 1329 1303 ι
1366 1241 1643 1324 Σύμφυτοι
1676 1253 1754 1324 τῷ
1778 1253 1883 1315 ,θα-

298 1342 472 1411 νάτῳ,
512 1341 646 1395 ἀλλὰ
674 1340 752 1412 τῷ
781 1341 1090 1413 ὁμοιώματι
1111 1359 1128 1375 ο
1172 1361 1192 1395 s
1226 1343 1477 1414 ὁμοίωμα
1507 1344 1618 1414 γὰρ
1645 1343 1879 1402 θανάτου

297 1432 503 1503 ἔχομεν
529 1434 585 1485 ὲν
613 1433 689 1503 τῷ
716 1433 1075 1505 βαπτίσματι,
1107 1435 1166 1488 οὐ
1197 1435 1509 1505 σωματικὸν
1539 1435 1787 1492 θάνατον.
1811 1438 1879 1492 Δί

297 1524 416 1596 γὰρ
465 1526 612 1597 τρεῖς
668 1526 989 1593 καταδύσεις
1048 1528 1142 1583 καὶ
1184 1528 1470 1594 ἀναδόσεις
1520 1528 1635 1587 τοῦ,
1685 1530 1880 1601 βαπτί-

293 1634 545 1686 σματος,
598 1619 827 1674 θάνατον
872 1619 970 1675 καὶ
1023 1620 1318 1678 ἀνάστασιν
1384 1622 1759 1694 σημαίνουσιν.
1807 1654 1881 1667 —

294 1706 640 1783 [KTPIAAJ
674 1709 961 1781 Ὀμοίωμα
997 1702 1250 1775 θανάτου,
1281 1712 1311 1764 ὁ
1352 1711 1594 1779 Χριστοῦ
1628 1711 1874 1779 θάνατος,

290 1797 391 1852 διὰ
422 1798 483 1852 τὸ
540 1798 615 1879 μὴ
648 1801 1130 1874 ἁπομεμενηκέναι
1162 1802 1326 1857 αὑτὸν
1360 1802 1438 1874 τῷ
1473 1801 1710 1875 θανάτῳ,
1760 1805 1877 1859 ἀλλ’

292 1888 600 1944 ἀναϐιῶναι
636 1892 952 1964 τριήμερον.
984 1893 1094 1946 Kal.
1122 1893 1307 1948 πάλιν·
1326 1893 1606 1965 Ὀμοίωμα
1640 1895 1872 1949 θανάτου

1980 1057 2152 1112 veluti
2187 1058 2386 1128 plantae
2407 1059 2463 1113 in
2480 1068 2647 1124 terra,
2672 1058 2747 1115 ita
2781 1069 2839 1115 et
2872 1076 2974 1117 nos
2997 1061 3054 1116 in
3076 1076 3217 1131 aqua
3239 1060 3559 1127 morientes,

1984 1155 2211 1217 repente
2244 1147 2489 1203 virentes
2518 1157 2871 1220 nostramque
2913 1151 3147 1206 salutem
3203 1150 3564 1222 pullulantes,

1982 1238 2349 1296 ascendimus.
2375 1238 2611 1296 Pulchre
2633 1250 2820 1297 autem
2843 1241 2981 1295 dixit
3011 1257 3025 1293 :
3058 1260 3083 1293 ι
3098 1240 3463 1312 Complnntati
3484 1241 3558 1295 si-

1982 1331 2293 1387 militudine
2311 1331 2522 1396 mortis,
2546 1351 2569 1383 ι
2589 1349 2723 1395 non,
2748 1341 2958 1388 morte:
2983 1333 3175 1388 mortis
3194 1331 3341 1387 enim
3367 1330 3559 1386 simili-

1983 1427 2228 1482 tudinem
2248 1427 2581 1482 habemusin
2600 1427 2896 1497 baptismo,
2914 1441 3025 1482 non
3047 1427 3296 1496 corporis
3309 1413 3564 1480 mortem.

1978 1520 2115 1576 Nam
2132 1528 2243 1577 tres
2257 1520 2508 1591 baptismi
2525 1518 3319 1576 immersionesetemersiones
3331 1524 3560 1573 mortem

1979 1625 2044 1667 ac
2072 1612 2534 1668 resurrectionem
2575 1610 2908 1683 signiﬁcant.
2938 1641 3008 1651 —
3031 1607 3345 1664 Similitndo
3367 1607 3564 1674 mor‘tis

1976 1709 2062 1758 est
2088 1702 2294 1758 Christi
2335 1718 2507 1769 mors,
2544 1719 2612 1759 eo
2640 1703 2786 1774 quod
2829 1703 2885 1757 in
2912 1710 3090 1757 morte
3128 1716 3239 1756 non
3272 1697 3558 1762 manserit,

1977 1794 2074 1849 sed
2103 1794 2266 1850 tertio
2295 1794 2383 1851 die
2408 1795 2685 1850 revixerit.
2711 1795 2779 1848 Et
2808 1808 3027 1848 rursum
3073 1810 3088 1847 τ
3123 1790 3315 1846 Passio
3348 1798 3468 1845 erat
3498 1790 3565 1843 in:

1975 1886 2198 1945 Christo
2252 1887 2448 1944 mortis
2495 1886 2821 1950 similitudo,
2869 1882 3035 1956 idque
3080 1881 3433 1940 convenienti
3461 1881 3561 1936 ad-

291 1978 359 2032 τὸ
419 1980 587 2046 πάθος
745 1961 804 2038 έν
841 1961 930 2055 Ὗτῷ
978 1985 1221 2057 Χριστῷ,
1283 1961 1402 2041 καὶ⁷
1435 1961 1585 2058 μάλα
1628 1987 1874 2052 εἰκότως.

1981 1980 2204 2035 modum
2228 1980 2353 2052 jure
2390 1998 2403 2035 :
2431 1979 2627 2035 revixit
2653 1980 2799 2035 enim
2827 1994 2932 2034 nec
2953 1985 3204 2033 mortuus
3227 1974 3556 2046 permansit.

307 2069 539 2126 ’Δνεόίω
606 2074 715 2147 γὰρ
777 2074 870 2129 καὶ
931 2075 992 2130 οὐ
1048 2076 1326 2148 μεμένηκε
1356 2078 1600 2151 ’νε>.ρός.
1661 2097 1680 2132 ι
1720 2079 1880 2134 Ἀλλά

292 2165 400 2218 καὶ
442 2163 543 2233 τῆς
593 2167 942 2232 ἀναστάσεως
982 2168 1242 2239 ἐσόμεθα.
1289 2190 1309 2224 ι
1349 2170 1543 2239 Ποίας;
1590 2172 1703 2242 Τῆς
1748 2173 1877 2227 ὅταν

290 2256 1085 2336 ἁναστῶμεν.ξ-[ΟΙΚΟΥΜ.]
1117 2263 1227 2317 Καὶ
1244 2266 1347 2336 ὅρα
1381 2264 1695 2337 άγαθότητα
1717 2266 1873 2324 Θεοῦ.

292 2346 409 2400 Τδν
462 2348 563 2419 μὲν
608 2349 837 2405 θάνατον
865 2353 960 2406 τοῦ
993 2352 1222 2426 Κυρίου,
1255 2357 1332 2420 ώς
1363 2358 1421 2411 ἐν
1451 2357 1621 2413 εικόνι
1664 2357 1877 2413 ἀπεθά-

286 2455 488 2511 νομεν,
525 2442 624 2509 τῆς
667 2443 723 2496 δὲ
778 2443 1128 2527 ἀναστάσεως
1185 2447 1399 2518 άληθῶς
1453 2450 1875 2521 κοινωνήσομεν.

376 2530 559 2586 Τοῦτο
599 2533 1031 2603 γινώσκοντες,
1077 2537 1167 2593 ὅτι
1201 2541 1235 2595 ό
1285 2540 1544 2605 παλαιὸς
1572 2540 1742 2611 ἡμῶν
1768 2541 1875 2596 ἄν·

287 2626 536 2691 θρωπε·
563 2627 1050 2698 συνεσταυρώθη,
1079 2630 1181 2684 ἵνα
1232 2631 1570 2701 καταργηθῂ
1605 2633 1672 2686 τὸ
1702 2631 1877 2702 σῶμα

288 2712 412 2783 τῆς
442 2714 754 2785 ἁμαρτίας,
811 2719 919 2774 τοῦ
962 2721 1180 2791 μηκέτι
1237 2722 1558 2780 δουλεύειν
1598 2726 1757 2796 ἡμᾶς
1798 2726 1874 2797 τῇ

288 2807 580 2875 ἁμαρτίᾳ.
617 2808 683 2863 '0
720 2811 831 2880 γὰρ
861 2811 1185 2869 ἀποθανὼν
1212 2813 1588 2872 δεδικαίωται
1616 2817 1736 2872 ἀπὸ
1762 2815 1875 2886 τῆς

288 2895 610 2967 ἁμαρτίας.
664 2904 733 2958 El
770 2901 839 2957 δὲ
886 2904 1264 2978 ἀπεθάνομεν
1325 2908 1448 2964 σὺν
1488 2909 1742 2980 Χριστῷ,
1778 2926 1876 2966 πι-

290 2990 601 3061 στεύομεν
631 2991 721 3049 ὅτι
744 2994 843 3049 καὶ
869 2996 1214 3070 συζιὶσοιιεν
1237 2998 1418 3066 αὐτῷ.

372 3079 512 3138 Εἶτα
532 3084 681 3155 λέγει
710 3088 833 3163 πῶς
860 3089 992 3160 ἡμῖν
1019 3076 1173 3145 ἔσται
1213 3092 1457 3161 ἐπίδοξος
1493 3095 1520 3166 1]
1553 3095 1870 3161 ἀνάστασις,

290 3174 395 3229 καί
425 3193 591 3247 φησι·
635 3197 656 3232 ι
693 3179 864 3234 Τοῦτο
886 3181 1243 3251 γινώσκοντες
1273 3185 1354 3239 ὅτι
1393 3187 1424 3239 ὁ
1469 3186 1870 3259 παλαιὸςήμῶν

1988 2090 2007 2125 ι
2044 2071 2317 2127 Nimirum
2360 2080 2420 2126 et
2464 2070 2891 2127 resurrectionis
2931 2069 3162 2126 erimus.
3201 2087 3219 2119 ι
3270 2066 3441 2138 Cujus
3470 2081 3560 2121 re-

1977 2163 2378 2220 surrectionis?
2431 2164 2564 2234 Ejus
2602 2163 2864 2218 nimirum
2918 2178 3039 2232 quae
3080 2159 3244 2216 nobis
3280 2158 3565 2228 continget

1980 2254 2078 2310 ubi
2108 2254 2601 2311 resurrexerimns.
2636 2255 2703 2310 Et
2732 2254 2858 2310 vide
2897 2254 2995 2309 Dei
3037 2252 3361 2308 bonilatem.
3385 2248 3581 2309 Morte.

1976 2345 2198 2417 quidem
2244 2346 2461 2402 Domini
2509 2346 2665 2417 quasi
2722 2361 2824 2416 per
2888 2342 3309 2400 similitudinem
3354 2337 3559 2395 mortui

1977 2452 2192 2504 sumus,
2218 2438 2686 2495 resurrectiOncm
2722 2447 2905 2493 autem
2926 2451 3053 2491 vere
3084 2430 3556 2514 participabimus.

2046 2556 2134 2622 Vl,
2157 2555 2273 2612 6-8.
2297 2556 2407 2612 Hoc
2440 2558 2659 2612 scientes
2686 2555 2826 2628 quod
2846 2563 2987 2610 vetus
3017 2559 3193 2609 noster
3223 2546 3561 2618 homogimut

1974 2647 2260 2718 cruciﬁxus
2310 2657 2418 2715 est,
2470 2655 2527 2703 ut
2584 2648 2959 2704 dissolveretur
2995 2662 3184 2717 corpus
3235 2641 3456 2715 peccati,
3500 2649 3558 2694 ιιι

1975 2738 2216 2811 deinceps
2254 2756 2360 2795 non
2412 2740 2724 2795 seruiremus
2767 2748 2999 2811 peccato.
3038 2737 3249 2792 Etenim
3281 2736 3370 2806 qui
3413 2749 3560 2788 mor-

1971 2840 2093 2886 tuus
2116 2840 2214 2895 est,
2233 2830 2559 2901 justiﬁcatus
2583 2841 2656 2887 est
2686 2850 2719 2886 ο
2748 2838 2977 2902 peccato.
3002 2828 3153 2896 Quod
3181 2830 3227 2883 si
3247 2829 3438 2883 mortui
3462 2843 3559 2882 su-

1975 2941 2091 2977 mus
2119 2923 2413 2994 276mm
2445 2922 2676 2992 Christo,
2707 2922 2965 2977 credimus
3013 2920 3155 2992 quod
3192 2921 3353 2975 etiam
3394 2917 3561 2975 simul

1972 3014 2201 3070 vivemus
2226 3031 2344 3070 cum
2369 3031 2448 3070 eo.

2046 3104 2195 3160 Dicit
2247 3114 2652 3176 consequenter
2715 3105 2992 3176 quomodo
3055 3103 3219 3160 nobis
3272 3102 3557 3173 continget

1972 3198 2212 3270 gloriosa
2232 3201 2654 3266 resurrectio,et
2671 3199 2748 3254 ait
2771 3218 2786 3253 :
2812 3218 2830 3250 ι
2858 3198 2973 3253 Hoc
2984 3196 3222 3254 scientes
3239 3197 3383 3266 quod
3399 3203 3557 3250 vetus

290 3268 583 3342 ἄνθρωπος
625 3272 948 3343 (τουτέστιν,
976 3277 1005 3330 ὁ
1036 3279 1483 3349 κατεγνωσμένος
1515 3280 1675 3353 βίος),
1735 3298 1863 3335 συνο

1980 3268 2168 3344 noster
2197 3288 2363 3345 homo
2392 3289 2524 3356 (hoc
2548 3300 2635 3346 est
2663 3291 3025 3345 condemnata
3065 3287 3198 3356 vita)
3233 3286 3395 3343 simul
3427 3299 3554 3339 cum

292 3363 622 3435 εσταυρώθη
660 3382 679 3416 ι
710 3366 786 3435 τῷ
825 3367 1043 3440 Χριστῷ
1071 3368 1158 3424 διὰ
1178 3369 1270 3424 τοῦ
1295 3371 1691 3443 βαπτίσματος,
1721 3373 1806 3442 ἐφ’
1833 3367 1880 3443 ᾧ

288 3470 379 3519 τι,
429 3455 599 3523 φησὶ,
637 3457 1045 3531 καταργηθῆναι
1083 3461 1145 3515 τὸ
1204 3463 1363 3534 σῶμα
1409 3463 1509 3533 τῆς
1562 3465 1876 3536 ἁμαρτίας,

290 3550 602 3615 τουτέστιν,
654 3548 744 3605 ῐνα
774 3552 1040 3622 νέκρωσιν
1076 3555 1133 3609 αἱ
1187 3557 1355 3611 κακαὶ
1383 3557 1613 3625 πράξεις
1647 3559 1878 3631 ὑπομεί-

293 3652 485 3705 νωσιν,
516 3639 586 3707 ἃς
640 3644 735 3696 καὶ
763 3642 911 3713 λέγει
968 3645 1129 3718 σῶμα
1158 3648 1453 3720 ἁμαρτίας.
1479 3679 1553 3693 --
1575 3649 1775 3725 [@012]
1820 3652 1879 3712 '0

291 3732 549 3798 παλαιὸς,
573 3735 848 3789 τουτέστιν
873 3737 902 3790 ὁ
926 3738 980 3791 ἐν
1016 3741 1134 3804 ταῖς
1176 3741 1473 3811 ἁμαρτίαις
1522 3743 1875 3810 παλαιωθείς.

292 3815 471 3891 Οὗτος
498 3822 614 3891 οὖν,
656 3827 1063 3903 βαπτιζομένων
1087 3834 1269 3905 ἡμῶν,
1311 3836 1713 3908 συσταυροῦται
1748 3839 1877 3911 Χρι-

290 3916 411 3988 στῷ
436 3921 531 3975 καὶ
557 3920 913 3993 ἀποθνήσκει,
940 3926 1037 3980 καὶ
1060 3925 1400 3999 ἀνερχόμεθα
1429 3929 1537 3985 ἀπὸ
1556 3929 1652 3984 τοῦ
1681 3931 1876 4002 βαπτί-

293 4025 510 4079 σματος
532 4012 710 4067 καινοὶ
737 4016 829 4069 καὶ
852 4015 1179 4088 πρόσφατοι,
1203 4022 1380 4076 πάντα
1398 4023 1488 4077 τὸν
1501 4024 1880 4081 παλαιωθέντα

288 4100 584 4172 ἄνθρωπον
613 4104 961 4176 ἀποθέμενοι,
993 4109 1088 4164 καὶ
1123 4116 1482 4183 καταργεῖται
1515 4116 1607 4168 καὶ
1633 4114 1695 4170 τὸ
1715 4116 1876 4188 σῶμα

289 4191 395 4261 τῆς
424 4193 720 4264 ἁμαρτίας,
750 4189 868 4271 ὲνῇ
902 4200 1238 4271 ἐστηρίζετο.
1275 4203 1370 4257 καὶ
1408 4204 1496 4274 ὑφ’
1525 4201 1592 4280 ἧς
1638 4207 1879 4277 ἐμορφο·

291 4285 484 4337 ποεῖτο
514 4285 544 4337 ὁ
573 4284 801 4346 παλαιὸς
824 4286 980 4358 ἡμῶν
999 4288 1303 4362 ἄνθρωπος,
1330 4294 1626 4360 τουτέστιν,
1655 4298 1682 4350 ὁ
1711 4314 1879 4352 καταπ-

292 4376 549 4446 γηράσας
581 4376 692 4446 βίος
717 4378 876 4449 ἡμῶν
900 4382 1015 4445 τοῖς
1043 4383 1508 4455 παραπτώμασιν.
1554 4388 1877 4458 Ἄνθρωπον

289 4462 351 4515 δὲ
385 4464 546 4517 καλεῖ
568 4464 661 4519 τὸν
688 4466 953 4539 τοιοῦτον,
992 4469 1090 4543 τὴν
1131 4473 1241 4527 τῶν
1272 4475 1578 4546 ἀνθρώπων
1608 4477 1743 4549 πρὸς
1777 4480 1878 4533 ao.

288 4553 383 4606 τὸν
425 4553 607 4626 δηλῶν
653 4557 1100 4617 δυσαπόσπαστον
1146 4566 1238 4619 καὶ
1278 4566 1628 4641 πολυχρόνιον
1669 4573 1874 4643 σχέσιν.

1980 3378 2202 3434 Christo
2245 3377 2543 3435 cruciﬁxus
2599 3388 2684 3435 est
2728 3396 2829 3451 per
2869 3379 3203 3449 baptismum
3249 3395 3264 3433 :
3311 3379 3366 3432 in
3403 3393 3552 3439 eum,

1982 3471 2182 3542 inquit,
2217 3472 2382 3528 ﬁnem
2408 3481 2469 3528 ut
2498 3473 2835 3529 dissolvatur
2868 3487 3071 3543 corpus
3102 3471 3334 3542 peccati,
3372 3470 3424 3526 id
3448 3479 3553 3531 est,

1980 3572 2042 3617 ut
2065 3579 2247 3634 prave
2270 3563 2518 3620 actiones
2552 3549 3031 3620 mortiﬁcationem
3065 3564 3394 3626 sustineant,
3419 3576 3563 3631 quas

1979 3655 2147 3711 etiam
2173 3640 2376 3727 corpus
2403 3657 2616 3727 peccati
2637 3657 2895 3729 appellat.
2925 3687 2995 3698 —
3014 3656 3204 3723 Vetus,
3238 3656 3346 3711 hoc
3385 3662 3470 3711 est
3500 3653 3557 3708 in

1980 3749 2221 3818 peccatis
2272 3749 2630 3806 inveteratus.
2666 3751 2768 3807 Hic
2818 3765 2975 3823 ergo,
3015 3765 3155 3806 cum
3186 3747 3553 3819 baptizamur,

1978 3840 2144 3896 simul
2193 3857 2319 3897 cum
2364 3842 2584 3899 Christo
2623 3843 2962 3916 cruciﬁgitur
2996 3859 3064 3898 ac
3112 3840 3349 3897 moritur
3382 3858 3395 3894 :
3431 3849 3488 3895 et
3525 3853 3558 3893 ε

1979 3931 2307 4003 baptismate
2330 3935 2458 3989 novi
2498 3950 2561 3990 ac
2592 3946 2843 3991 recenter
2869 3935 2983 3990 nati
3007 3933 3377 3997 ascendimus,
3407 3931 3559 3986 omni

1979 4023 2282 4099 inveterato
2329 4025 2555 4081 homine
2607 4026 2879 4096 deposito,
2935 4035 2994 4082 et
3068 4042 3274 4098 corpus
3308 4026 3562 4081 aboletur

1980 4117 2212 4187 peccati,
2251 4116 2306 4171 in
2341 4134 2457 4188 quo
2481 4119 2728 4174 ﬁrmatus
2759 4128 2903 4185 erat,
2942 4126 3001 4173 et
3036 4118 3138 4173 sub
3171 4132 3283 4188 quo
3325 4116 3555 4171 formam

1979 4208 2310 4278 acquisierat
2348 4216 2510 4266 vetus
2531 4219 2721 4267 noster
2752 4211 2939 4277 homo,
2972 4211 3078 4266 hoc
3103 4218 3207 4275 est,
3235 4210 3345 4265 vita
3371 4218 3559 4264 nostra

1979 4304 2222 4372 peccatis
2246 4303 2571 4360 inveterata.
2602 4303 2893 4361 Hominem
2915 4313 3100 4361 autem
3125 4303 3274 4358 hunc
3294 4302 3555 4373 appellat,

1979 4392 2293 4465 signiﬁcans
2325 4394 2614 4451 hominum
2655 4397 2903 4452 habitum
2925 4412 3070 4468 aegre
3104 4394 3467 4467 separabilem
3493 4408 3558 4447 ac

1980 4486 2323 4542 diuturnum.
2367 4486 2507 4543 Huic
2546 4488 2696 4545 enim
2736 4496 2864 4544 ante
2903 4488 3120 4565 Domini
3174 4487 3469 4557 adventum
3492 4500 3556 4539 ac

1980 4578 2450 4648 dispensationem
2496 4579 2636 4636 adeo
2668 4579 3031 4658 conglutinati
3062 4588 3221 4636 erant
3277 4577 3554 4642 homines,

290 4648 481 4714 οὔτως
510 4650 621 4722 γὰρ
652 4652 1059 4726 ὲνετετήκεισαν
1096 4658 1243 4731 αὐτῷ
1266 4662 1400 4733 πρὸς
1421 4662 1521 4734 τῆς
1540 4667 1874 4739 Δεσποτικῆς

1982 4675 2043 4722 ut
2074 4683 2142 4722 ne
2172 4658 2423 4724 homines
2449 4660 2673 4740 quidem
2700 4648 2822 4727 esse
2864 4672 3087 4736 vellent,
3117 4676 3372 4740 separata
3402 4670 3556 4739 peni-

288 4740 590 4812 ἐπιδημίας
618 4745 709 4798 καὶ
734 4746 1041 4818 οἰκονομίας
1088 4751 1137 4804 οἱ
1162 4751 1458 4824 ἄνθρωποι,
1503 4755 1578 4821 ὡς
1631 4759 1766 4829 μηδ’
1804 4759 1871 4814 ἂν

290 4833 575 4904 ἄνθρωποι
620 4838 890 4909 αἱρεῖσθαι
933 4838 1092 4908 εἶναι,
1123 4846 1217 4899 καὶ
1252 4847 1495 4918 μηδόλως
1522 4845 1664 4905 εἷναι
1701 4853 1871 4925 χωρὶς

288 4925 583 5015 φιληδόνου
610 4929 880 5015 πολιτείας
903 4934 996 4987 καὶ
1017 4935 1327 4991 ἀκολάστων
1367 4940 1636 5009 πράξεων.
1658 4944 1748 5015 Τῷ
1778 4940 1872 4999 οὖν

292 5011 712 5084 συμπεπλέχθαι
738 5017 883 5087 αὐτῷ
915 5020 1042 5082 τοὺς
1065 5018 1387 5091 ἀνθρώπους
1432 5024 1527 5078 καὶ
1572 5011 1872 5082 συνανακε-

288 5101 536 5172 κρᾶσθαι
586 5104 680 5157 καὶ
724 5105 1189 5176 δυσαποσπάστως
1228 5112 1393 5185 ἔχειν,
1434 5115 1718 5185 ἄνθρωπον
1752 5120 1873 5175 ἐπι-

290 5196 615 5267 πληκτικῶς
648 5198 739 5251 τδν
767 5201 1003 5256 τοιοῦτον
1037 5203 1149 5273 βίον
1177 5207 1453 5272 ἐκάλεσεν,
1487 5209 1783 5275 τουτέστιν,
1813 5211 1873 5267 ὃν

286 5289 363 5352 ώς
404 5289 607 5352 αὐτοὺς
660 5292 827 5360 ἡμᾶς,
866 5294 1066 5363 μᾶλλον
1114 5296 1168 5349 ἑὲ
1213 5300 1303 5351 καὶ
1342 5300 1500 5369 ἡμῶν
1541 5301 1722 5368 πλέον,
1780 5305 1874 5358 καὶ

287 5381 630 5453 ἐστέργομεν
658 5385 752 5437 καὶ
776 5387 1179 5458 περιειχόμεθα.
1213 5420 1281 5432 --
1302 5393 1412 5446 Καὶ
1439 5393 1665 5461 ἄλλως.
1696 5394 1876 5468 [ΘΕΟ-

288 5474 466 5547 AQP.}
511 5475 746 5531 Παλαιὸν
799 5478 1101 5550 ἄνθρωπον,
1150 5483 1210 5536 οὗ
1253 5483 1350 5556 τὴν
1383 5485 1543 5556 φύσιν
1597 5489 1872 5556 ἐκάλεσεν,

286 5568 425 5621 ἀλλὰ
469 5568 567 5639 τὴν
602 5572 842 5642 πονηρὰν
902 5571 1143 5644 γνώμην.
1173 5575 1389 5649 Ταύτην
1423 5578 1479 5631 δὲ
1512 5579 1612 5651 ἔφη
1646 5579 1722 5650 τῷ
1776 5579 1875 5652 βα-

290 5660 553 5729 πτίσματι
592 5662 982 5735 νεκρωθῆναι.ι
1012 5666 1127 5719 Ἵνα
1158 5670 1479 5741 καταργηθῇ
1508 5670 1568 5723 τὸ
1600 5673 1757 5742 σῶμα
1776 5673 1873 5739 τῆς

298 5752 591 5821 ἁμαρτίας.
622 5772 642 5805 ι
676 5755 771 5818 Ei;
821 5756 1001 5821 τοῦτο,
1053 5759 1240 5830 φησὶν,
1302 5759 1388 5813 ἴνα
1438 5762 1754 5834 καταργηθῇ
1781 5748 1876 5818 κά).

296 5840 558 5913 νεκρωθῇ,
596 5844 676 5907 είς
703 5843 764 5897 τὸ
785 5846 980 5915 μηκέτι
999 5848 1288 5901 ὑποπεσεῖν
1306 5850 1570 5922 ἁμαρτίᾳ.
1593 5851 1878 5924 Νέκρωσιν

302 5927 354 5983 δέ
397 5948 548 6005 φησι,
574 5936 634 5990 τὸ
663 5936 786 5991 ὅσον
836 5938 914 6003 είς
942 5939 1002 5993 τὸ
1056 5941 1409 6014 ἁμαρτάνειν,
1460 5942 1547 5998 ἵνα
1660 5946 1872 6018 νεκρόν.

1976 4768 2066 4815 tus
2127 4762 2457 4830 voluptuosa
2573 4762 2996 4818 conversatione
3064 4760 3554 4831 intemperatisque

1974 4851 2308 4906 actionibus.
2350 4852 2503 4908 Hanc
2552 4854 2738 4923 itaque
2776 4853 2964 4925 vitam,
2994 4850 3082 4929 cui
3116 4852 3368 4908 homines
3415 4851 3554 4907 adeo

1974 4944 2340 5010 cohteserant,
2386 4944 2663 5015 simulque
2711 4944 2961 5014 permisti
3003 4953 3180 5010 erant,
3236 4960 3339 5000 nec
3368 4944 3438 4999 ab
3489 4959 3555 5000 ea

1975 5033 2207 5088 distrahi
2238 5043 2517 5104 poterant,
2550 5035 2922 5105 inerepatorio
2948 5036 3114 5091 modo
3138 5036 3420 5092 hominem
3453 5051 3553 5105 ap-

1974 5127 2219 5195 pellavit,
2265 5127 2379 5182 hoc
2405 5134 2489 5182 est
2526 5143 2690 5198 quam
2720 5136 2782 5185 ut
2807 5144 2910 5185 nos
2938 5128 3110 5201 ipsos,
3159 5129 3271 5184 imo
3315 5128 3552 5199 amplius

1976 5233 2139 5288 quam
2170 5233 2270 5273 nos
2299 5217 2449 5288 ipsos
2475 5228 2532 5274 et
2556 5219 2879 5276 amabamus
2906 5228 2964 5276 et
2994 5220 3554 5293 amplectehamur.--

1976 5311 2094 5364 Alio
2129 5319 2385 5380 prmlerea
2418 5316 2590 5366 modo.
2628 5312 2878 5369 Veterem
2917 5314 3195 5369 hominem
3238 5329 3353 5369 non
3386 5322 3551 5368 natu-

1978 5415 2092 5453 ram
2116 5401 2351 5465 vocavit,
2379 5402 2476 5457 sed
2512 5418 2735 5474 pravam
2765 5414 3027 5460 mentem.
3056 5406 3209 5460 lianc
3243 5413 3427 5460 autem
3463 5404 3550 5459 di-

1978 5490 2055 5545 xit
2081 5492 2134 5546 in
2159 5493 2486 5563 baptismate
2513 5495 2675 5551 morti
2715 5496 2970 5552 traditam
3006 5514 3023 5551 :
3054 5516 3072 5548 ι
3114 5497 3183 5554 Ut
3218 5497 3548 5552 dissolvere-

1979 5592 2068 5638 tur
2099 5600 2300 5656 corpus
2325 5587 2554 5656 peccati.
2594 5607 2610 5638 ι
2653 5587 2736 5642 Ad
2766 5588 2892 5651 hoc,
2924 5588 3125 5659 inquit,
3154 5597 3216 5643 ut
3237 5588 3550 5642 aboleretur

1978 5691 2042 5731 ac
2090 5676 2535 5741 mortiﬁcarelur,
2597 5687 2657 5734 ut
2716 5679 2975 5749 deinceps
3014 5696 3122 5733 non
3172 5677 3440 5733 incideret
3490 5679 3549 5733 in

1976 5777 2282 5836 peccatum.
2317 5767 2795 5823 Mortiﬁcationem
2827 5778 3009 5822 autem
3050 5768 3182 5821 dicit
3211 5768 3391 5837 quoad
3419 5782 3549 5838 pec-

1977 5874 2127 5926 care,
2152 5868 2213 5914 ut
2244 5854 2638 5925 sit‘mortuum,
2672 5869 2925 5914 mortuus
2953 5858 3225 5928 siquidem
3274 5874 3384 5913 non
3418 5874 3545 5929 pec-

1980 5961 2086 6009 cat.
2140 5983 2207 5995 —-
2260 5951 2473 6024 Corpus
2517 5950 2727 6022 peccati
2783 5966 2883 6023 per
2924 5950 3287 6023 periphrasim
3344 5951 3544 6009 dicitur

3552 5745 3583 5754 -
