3978 6556
1569 370 1592 406 Ι

278 431 386 488 441

1343 447 1658 508 COMMEN
1674 449 1729 510 1‘.
1756 449 1838 510 ΙΝ
1873 450 2112 512 EPIST.
2154 453 2252 513 AD
2293 454 2472 516 ROM.

3432 460 3536 524 452

279 547 508 648 102.1%;
539 553 1250 648 προγενομέναςὰμαρτίας
1284 563 1534 633 ἀφεῖσαν,
1568 567 1660 620 καὶ
1692 568 1771 631 εἰς
1798 568 1858 620 τὸ

1986 585 2018 623 n
2069 568 2315 625 futurum
2350 572 2515 627 etiam
2543 575 2805 642 custodit,
2847 577 2954 632 nisi
2987 554 3086 632 nos
3111 592 3306 648 segnes
3337 578 3538 635 cilicia-

519 643 886 737 φρουρούσαν,
916 647 1011 701 ἐὰν
1039 651 1200 737 ῆμεῖς
1235 653 1310 725 μὴ
1341 657 1769 728 ρᾳθυμήσωμεν.
1788 687 1860 699 -—

1986 675 2113 714 nur.
2147 680 2166 712 ι
2207 662 2286 716 An
2317 663 2546 718 nescitis
2587 666 2732 734 quod
2763 668 2852 724 cui
2891 636 3470 737 exhibetisvvosipsos.
3510 689 3530 721 s

279 723 498 800 [ΦΩΤ.]
521 751 537 781 ι
578 733 691 786 Θὺκ
716 734 895 790 οἴδατε
921 739 1002 792 ὅτι
1029 733 1072 807 ᾧ
1102 723 1463 814 παριστάνετε
1487 723 1770 810 έαυτούςη
1797 743 1869 821 ᾯ

275 821 610 891 πράγματος
643 826 731 880 διὰ
763 832 863 898 τῆς
898 831 1140 905 ὑπακοῆς
1175 836 1392 903 δούλους
1457 841 1682 904 ἑαυτοὺς
1723 861 1866 914 παρο

273 914 554 982 ιπτάνετε,
578 921 849 984 τουτέστι,
878 927 1104 991 ποιεῖτε,
1129 927 1495 996 ἀποδείκνυτε,
1513 935 1863 1004 παρασκευάς

275 1002 438 1095 ista,
480 1008 656 1080 τούτῳ
724 1013 818 1065 καὶ
856 1015 937 1078 είς
997 1015 1058 1068 τὸ
1097 1018 1222 1088 ἑξῆς
1258 1019 1430 1075 δοῦλοι
1475 1002 1868 1095 χρηματίσετε,

271 1092 391 1162 τῆς
418 1096 664 1153 ἑκουσίου
697 1101 850 1173 ὑμῶν
878 1105 1148 1176 ὑπακοῆς,
1176 1109 1280 1180 τὴν
1307 1113 1552 1168 δουλείαν
1581 1133 1866 1188 παρασχο-

276 1185 485 1282 μένης,
518 1188 635 1282 ἦτοι
671 1193 770 1282 τῆς
808 1195 900 1247 ἐπὶ
938 1196 1166 1252 θάνατον
1205 1201 1448 1275 ἀγούσης
1489 1185 1867 1279 ἁμαρτίας,ᾐῆ

275 1289 396 1340 της
453 1275 527 1339 ὡς
585 1278 803 1350 ἀληθῶς
873 1285 1146 1358 ὑπακοῆς,
1210 1291 1310 1360 τῆς
1375 1295 1455 1358 εἰς
1520 1295 1869 1369 δικαιοσύνην

273 1369 757 1457 χειραγωγούσης.
785 1376 854 1426 Ἦ
895 1376 974 1443 τὸ,
1018 1372 1087 1450 ’ᾩ
1127 1381 1454 1450 ὑπακούετε,
1498 1389 1706 1457 μᾶλλον
1748 1391 1870 1445 ἀντὶ

271 1457 418 1519 τοῦ,
451 1460 507 1510 ὲν
531 1453 576 1527 ᾧ
601 1466 691 1515 καὶ
724 1464 844 1518 καθ’
872 1467 932 1520 ὃν
961 1471 1162 1540 τρόπον
1185 1512 1200 1536 ,
1229 1467 1342 1528 οἷον
1371 1477 1454 1530 ὅτι
1485 1479 1541 1530 έν
1571 1481 1746 1550 τούτῳ
1777 1485 1871 1538 καὶ

278 1549 440 1643 κατ-ἁ
472 1550 659 1643 τοῦτον
688 1554 780 1608 τὸν
807 1559 1011 1628 τρόπον
1041 1561 1218 1617 δοῦλοί
1248 1566 1370 1618 ὲστε
1401 1567 1434 1637 ἢ
1463 1569 1563 1638 τῆς
1591 1571 1869 1643 ἁμαρτίας

273 1637 308 1708 ἦ
349 1641 458 1731 τῆς
489 1641 852 1717 δικαιοσύνης,
903 1653 1038 1705 καθὸ
1072 1655 1163 1707 καὶ
1189 1657 1247 1709 ὲν
1280 1637 1542 1731 ᾦθατέρα
1559 1637 1738 1715 αὐτῶν
1769 1665 1870 1717 ὑπ-

273 1730 541 1786 ακούετε.
565 1734 682 1789 Ἵνα
708 1739 817 1809 γὰρ
847 1741 922 1812 μή
948 1760 1031 1806 τις
1056 1745 1188 1818 εἴπῃ
1206 1763 1221 1778 ⁸
1245 1748 1368 1813 Πῶς
1384 1730 1502 1806 ἐστι
1533 1753 1718 1809 δοῦλον
1746 1757 1871 1810 τού-

271 1838 399 1875 των
419 1825 700 1896 γενέσθαι;
716 1830 806 1882 τὸν
822 1834 1022 1902 τρόπον
1039 1837 1274 1908 τίθησιν·
1304 1859 1322 1892 ι
1350 1837 1420 1914 ᾯ
1435 1848 1816 1916 παριστάνετε.
1843 1869 1862 1902 s

363 1916 440 1968 Ού
477 1917 643 1986 λέγω,
677 1925 830 1992 φησι,
865 1926 963 1996 τὴν
991 1929 1237 1997 γέενναν,
1273 1934 1392 1987 οὐδὲ
1426 1937 1493 1990 τὰ
1523 1939 1640 1993 ἐκεῖ
1661 1941 1870 2012 δεσμω-
1901 1923 1942 1976 Β

279 2005 483 2103 τήρια.
513 2011 664 2103 Αὑτὴ
692 2015 723 2084 ἡ
754 2017 984 2088 αἰσχύνη
1017 2021 1114 2092 οὑχ
1145 2024 1302 2096 ἱκανὴ
1326 2026 1672 2099 ἀναχαιτίσαι
1704 2005 1870 2103 ὑμᾶς,

276 2098 374 2149 ὅτι
425 2102 822 2160 καταδουλοῦτε
865 2110 1092 2176 ἑαυτοὺς
1147 2117 1211 2184 τῇ
1257 2098 1521 2191 ἁμαρτία,
1567 2122 1672 2176 ὑπὸ
1733 2098 1873 2195 xm;

279 2189 419 2288 στοῠ
451 2192 936 2288 ὲλευθερωθέντες;
975 2221 992 2253 ι
1025 2204 1212 2258 Δούλοί
1252 2209 1397 2262 ὲστε.
1429 2227 1448 2261 s
1477 2189 1748 2282 Ἕκείνου,
1773 2189 1876 2288 (ρη-

279 2282 413 2342 σὶν,
477 2285 601 2338 ἐστὲ
663 2291 759 2340 τοῦ
817 2292 1141 2362 πράγματος
1191 2296 1368 2352 δοῦλοι
1417 2294 1463 2369 ᾧ
1543 2304 1872 2362 ὑπακούετε.

288 2388 311 2422 ι
347 2373 505 2428 Ἤτοι
531 2376 805 2448 ἁμαρτίας
830 2383 908 2442 εἰς
939 2382 1188 2440 θάνατον.
1224 2407 1243 2440 ι
1277 2391 1430 2444 Ἤτοι
1459 2393 1559 2462 τῆς
1603 2398 1683 2460 είς
1715 2397 1879 2452 θάνα-

195 2518 203 2526 ,
283 2477 384 2556 τον
427 2465 673 2536 ἀγούσης
707 2470 1000 2540 ἁμαρτίας,
1040 2477 1226 2545 φησὶν,
1259 2479 1291 2550 ἢ
1347 2481 1448 2550 τῆς
1497 2484 1748 2556 ὑπακοῆς
1783 2488 1874 2542 τοῦ

283 2555 426 2610 Θεοῦ
453 2560 554 2630 τῆς
579 2564 657 2624 είς
686 2563 1026 2636 δικαιοσύνην
1048 2568 1444 2639 ἀγούσης.Ἀπὺ
1469 2555 1711 2643 κοινοῦμν
1733 2578 1865 2631 Δοῦ-

290 2649 577 2742 λοίέστε.»
600 2674 698 2706 -ι
721 2658 892 2727 Χάρις
921 2659 978 2712 δὲ
993 2659 1070 2729 τῷ
1101 2661 1270 2730 Θεῷ.»
1309 2665 1556 2737 Φοόήσας
1588 2669 1784 2733 αὑτοὺς
1810 2674 1876 2742 τῇ

284 2741 516 2815 δουλείᾳ
557 2745 656 2815 τῆς
705 2748 983 2818 ἁμαρτίας
1016 2753 1108 2804 καὶ
1150 2753 1229 2824 τῷ
1277 2758 1340 2809 ἐκ
1384 2758 1591 2829 ταύτης
1639 2741 1874 2833 Θανάτῳ,

287 2833 400 2885 τῶν
436 2836 774 2906 εὐεργεσ;ῶν
820 2841 1234 2914 ὑπομιμνήσκει
1279 2848 1374 2901 τοῦ
1420 2849 1577 2918 Θεοῦ,
1615 2870 1877 2924 παραμυ-

288 2925 564 2996 θούμενός
618 2947 680 2982 τε
717 2931 938 2997 αὑτοὺς,
1000 2936 1096 2989 καὶ
1139 2937 1352 3001 δεικνὺς
1397 2940 1764 3016 εὐκολώτερον
1818 2945 1880 2998 τὸ

208 3056 223 3066 ,
291 3017 500 3086 μέλλον
541 3019 676 3088 πρὸς
727 3025 1022 3095 σωτηρίαν.
1055 3046 1076 3077 ι
1110 3027 1490 3100 ’Υπηκούσατε
1525 3032 1582 3086 δὲ
1633 3036 1698 3088 ὲκ
1745 3051 1881 3105 καρ-

283 3109 434 3173 δίας.
471 3128 491 3162 ι
550 3112 815 3179 Μηδενὺς,
844 3117 1001 3184 φησὶ,
1055 3115 1409 3189 βιασαμένου,
1455 3123 1592 3193 μηδὲ
1637 3126 1881 3193 ἀναγκά-

289 3219 514 3265 σαντος.
552 3203 721 3256 Τοῦτο
749 3205 803 3257 δὲ
849 3208 941 3260 καὶ
994 3209 1269 3280 ἐγκώμιόν
1314 3213 1467 3266 ἐστιν
1498 3215 1699 3268 αὑτῶν.
1739 3235 1757 3268 ι
1783 3215 1846 3270 Εἰ

285 3293 346 3347 ὃν
382 3294 750 3367 παρεδόθητε,
787 3316 805 3348 ι
844 3293 977 3352 Εἶτα
1008 3299 1197 3371 ἐπειδὴ
1229 3297 1382 3355 εἶπεν
1423 3303 1749 3375 αὐθαίρετον
1778 3305 1876 3358 αὑ-

289 3386 406 3440 τῶν
438 3383 582 3441 εἶναι
616 3388 713 3460 τὴν
758 3389 1088 3460 προθυμίαν,
1121 3392 1308 3447 λοιπὸν
1346 3393 1494 3461 λέγει
1529 3396 1626 3448 καὶ
1655 3395 1753 3465 τὴν
1783 3394 1876 3449 τοῦ

290 3478 437 3531 Θεοῦ
489 3477 762 3550 βοήθειαν.
811 3482 1006 3552 Ὑμεῖς
1061 3484 1159 3553 μὲν
1207 3484 1350 3554 γὰρ,
1405 3485 1612 3554 φησὶν,
1660 3486 1880 3550 ἑκόντες

295 3571 677 3641 ὑπηκούσατε,
729 3575 756 3626 ὁ
783 3573 838 3626 δὲ
865 3574 997 3638 Θεὸς
1040 3575 1182 3644 ὑμᾶς
1233 3577 1315 3638 είς
1352 3575 1442 3630 τὸν
1471 3575 1642 3632 τύπον
1689 3579 1881 3635 τοῦτον

293 3665 399 3733 τῆς
431 3662 656 3736 διδαχῆς
687 3666 993 3736 παρέδωκε.
1030 3670 1220 3735 Ποῖον;
1246 3669 1318 3722 Τὸ
1339 3668 1514 3741 ὀρθῶς
1546 3670 1646 3742 ζῇν
1675 3671 1879 3726 ἐθέλειν

299 3754 401 3807 καὶ
446 3753 710 3824 ὑγιαίνειν
786 3760 916 3829 περὶ
967 3759 1037 3813 τὰ
1086 3761 1352 3832 δόγματα.
1398 3763 1580 3817 Τύπον
1632 3764 1689 3818 δέ
1748 3783 1880 3837 φησι

300 3843 566 3914 διδαχῆς,
600 3839 710 3899 οἷον
741 3847 865 3918 ὅρον
895 3849 988 3904 καὶ
1025 3851 1242 3908 κανόνα.

377 3937 914 4008 Ἐλευθερωθέντες
941 3942 1009 3996 δὲ
1051 3943 1171 3998 ἀπὸ
1218 3942 1326 4013 τῆς
1362 3946 1671 4017 ἁμαρτίας,
1711 3950 1881 4004 έδουε

306 4026 535 4093 λὼθητε
556 4027 629 4097 τῇ
650 4029 1007 4106 δικαιοσύγῃ
1029 4047 1043 4059 ’
1067 4033 1442 4101 ἀνθρώπινον
1463 4036 1620 4107 λέγω
1643 4037 1741 4094 διὰ
1770 4039 1884 4108 τὴν

310 4121 637 4175 ἀσθένειαν
666 4121 777 4190 τῆς
820 4123 1047 4193 σαρκός
1083 4124 1270 4194 ὑμῶν.
1320 4127 1545 4197 Ὠσπερ
1582 4130 1692 4199 γὰρ
1733 4145 1876 4200 παρ-

312 4212 615 4280 εστήσατε
645 4213 717 4268 τὰ
735 4214 890 4283 μέλη
913 4215 1082 4285 ὑμῶν
1103 4216 1297 4270 δοῦλα
1318 4216 1391 4287 τῇ
1421 4219 1758 4290 ἀκαθαρσίᾳ
1787 4222 1886 4278 καὶ

312 4303 385 4372 τῇ
422 4305 638 4373 ἀνομίᾳ
681 4307 771 4371 είς
817 4306 931 4374 τὴν
970 4307 1248 4376 ἀνομίαν,
1289 4309 1480 4376 οὕτως
1531 4309 1649 4366 νῦν
1695 4328 1885 4381 παρα·

312 4395 580 4461 στήσατε
603 4398 673 4450 τὰ
705 4395 862 4464 μέλη
901 4397 1065 4466 ὑμῶν
1097 4397 1290 4452 δοῦλα
1319 4398 1392 4468 τῇ
1418 4400 1769 4470 δικαιοσύνῃ
1800 4406 1888 4470 εὶς

311 4483 628 4552 ἁγιασμόν.
673 4486 811 4538 Ὅτε
861 4489 969 4555 γὰρ
1011 4487 1223 4542 δοῦλοι
1263 4484 1368 4559 ἦτε
1417 4489 1528 4558 τῆς
1577 4493 1883 4560 ἁμαρτίας,

1967 749 2069 806 Cui
2091 751 2168 806 rei
2203 768 2301 821 per
2327 753 2699 811 obedientiam
2737 759 2985 828 vosipsos
3013 773 3202 813 servos
3241 757 3536 824 esbibetis,

1968 843 2073 898 hoc
2101 854 2186 900 est
2217 845 2415 914 facitis,
2455 848 2869 916 demonstratis,
2905 851 3136 906 redditis
3172 869 3186 904 :
3214 851 3344 906 huic
3371 853 3536 906 etiam

1969 934 2024 988 in
2054 946 2337 1004 posterum
2365 954 2462 994 vos
2488 956 2674 996 servos
2702 941 2980 1008 statuetis,
3012 943 3320 996 voluntaria
3342 955 3539 1012 nempe

1967 1026 2234 1082 servitute
2261 1029 2330 1083 ab
2364 1029 2680 1086 obedientia
2714 1032 2953 1100 prtestita
2982 1050 2994 1085 :
3019 1033 3132 1088 sive
3162 1033 3234 1088 sit
3255 1045 3539 1103 peccatum

1967 1120 2115 1189 quod
2153 1121 2306 1176 ducit
2333 1123 2402 1177 ad
2427 1135 2681 1191 mortem,
2713 1125 2830 1181 sive
2869 1141 2932 1180 ea
2960 1141 3081 1196 quae
3115 1142 3244 1181 vere
3271 1125 3540 1179 obedien-

1971 1212 2044 1266 tia
2094 1222 2202 1280 est,
2257 1224 2316 1270 et
2357 1215 2424 1270 ad
2448 1217 2718 1287 justitiam
2769 1218 3107 1272 manuducit.
3153 1226 3260 1270 Aut
3301 1216 3486 1286 potius
3521 1232 3538 1270 :

1968 1303 2068 1359 Cui
2107 1306 2399 1370 exhibetis,
2431 1308 2539 1362 hoc
2556 1319 2661 1374 est,
2703 1309 2758 1362 in
2792 1325 2902 1378 quo
2939 1318 2995 1362 et
3043 1307 3343 1362 secundum
3374 1321 3537 1376 quem

1970 1394 2193 1449 modum
2233 1405 2362 1466 puta
2391 1396 2536 1466 quod
2586 1397 2641 1451 in
2669 1397 2779 1452 hoc
2817 1407 2872 1452 et
2910 1397 3213 1451 secundum
3251 1398 3398 1450 hunc
3424 1409 3542 1448 mo-

1970 1484 2100 1539 dum
2129 1487 2276 1540 servi
2305 1487 2440 1542 estis
2471 1487 2555 1563 vel
2586 1487 2792 1556 peccati
2837 1488 2921 1542 vel
2966 1487 3214 1558 justitiae,
3238 1485 3539 1541 secundum

1971 1595 2134 1651 quem
2182 1592 2239 1634 et
2285 1581 2339 1635 in
2382 1595 2492 1650 quo
2522 1580 2680 1634 alteri
2737 1580 2955 1634 illorum
3001 1579 3257 1634 obeditis.
3302 1579 3380 1633 Ne
3416 1578 3543 1644 quis

1968 1673 2114 1728 enim
2149 1673 2298 1728 dicat
2327 1691 2343 1727 :
2382 1673 2668 1740 Quomodo
2698 1681 2878 1744 potest
2900 1671 3172 1742 quispiam
3195 1670 3392 1723 horum
3426 1669 3542 1722 ﬁeri

1969 1767 2200 1820 servus?
2230 1765 2452 1821 modum
2488 1767 2646 1836 281
2674 1766 2829 1836 ponit
2858 1765 3048 1820 dicens
3079 1783 3092 1816 :
3127 1781 3149 1815 ς
3184 1761 3286 1818 Cui
3311 1761 3542 1816 exhibe-

1973 1857 2062 1913 tis.
2098 1877 2117 1911 ι

2044 1973 2164 2028 Non
2199 1973 2343 2038 dico,
2391 1973 2590 2044 inqurt,
2625 1973 2951 2043 gehennam,
2996 1986 3174 2042 neque
3215 1969 3545 2024 exsistentes

1977 2064 2052 2118 ibi
2087 2080 2376 2131 carceres;
2413 2082 2480 2119 an
2513 2081 2622 2119 non
2658 2065 2835 2134 pudor
2885 2065 2999 2134 ipse
3038 2062 3314 2117 sufﬁciens
3337 2069 3420 2115 est
3449 2060 3545 2129 qui

1976 2169 2076 2208 vos
2102 2155 2367 2219 refrenet,
2392 2154 2537 2224 quod
2563 2155 2812 2222 vosipsos
2845 2154 2899 2208 in
2931 2153 3252 2208 servitutem
3280 2151 3382 2204 sub
3414 2163 3543 2219 pec-

1978 2255 2104 2301 cato
2141 2245 2409 2316 redigitis,
2442 2261 2565 2300 cum
2587 2245 2688 2298 sub
2715 2244 2934 2298 Christo
2959 2243 3197 2297 libertati
3230 2243 3351 2296 sitis
3386 2241 3546 2294 resti-

1979 2337 2123 2392 tuti?
2165 2356 2184 2389 ι
2222 2339 2354 2407 Ejus
2392 2337 2535 2392 servi
2571 2337 2724 2391 estis.
2769 2357 2785 2387 ι
2817 2336 2988 2400 Illius,
3036 2335 3233 2405 inquit,
3286 2335 3364 2388 rei
3401 2332 3544 2388 servi

1978 2429 2112 2484 estis
2163 2428 2252 2483 cui
2293 2427 2553 2482 obcditis.
2617 2446 2634 2478 ι
2681 2427 2807 2481 Sive
2843 2427 3054 2495 peccati
3101 2426 3168 2480 ad
3214 2433 3469 2479 mortem.
3519 2443 3537 2474 ι

1979 2518 2106 2574 Sive
2128 2517 2336 2589 peccati
2372 2519 2518 2588 quod
2550 2517 2702 2572 ducit
2739 2516 2806 2570 ad
2840 2525 3095 2582 mortem,
3127 2518 3242 2572 sive
3276 2516 3546 2570 obedien-

1979 2613 2068 2668 tiae
2105 2627 2232 2682 erga
2255 2613 2427 2666 Deum
2480 2627 2601 2682 quae
2642 2612 2796 2668 ducit
2832 2613 2900 2667 ad
2937 2609 3226 2682 justitiam.
3268 2630 3284 2661 ι
3313 2611 3545 2680 Repete,

1981 2705 2135 2760 Servi
2184 2705 2337 2760 estis.
2405 2724 2423 2755 ι
2467 2703 2651 2759 Gratia
2695 2714 2877 2758 autem
2912 2705 3044 2759 Deo.
3092 2723 3110 2755 ι
3156 2705 3382 2758 Incusso
3441 2701 3549 2755 illis

1980 2804 2192 2851 terrore
2228 2812 2326 2865 per
2357 2797 2680 2850 servitutem
2714 2797 2924 2867 peccati
2957 2812 3021 2852 ac
3061 2803 3291 2850 mortem
3323 2809 3444 2864 quas
3479 2810 3548 2849 ex

1979 2886 2083 2940 hac
2105 2886 2374 2956 procedit,
2410 2886 2504 2941 Dei
2532 2887 2789 2958 [suggerit
2831 2887 3095 2942 beneficia
3123 2903 3137 2940 :
3168 2895 3223 2940 et
3256 2886 3378 2940 illos
3413 2899 3548 2940 con-

1980 2978 2232 3043 solando,
2276 2985 2332 3034 et
2393 2977 2714 3033 facilitatem
2775 2979 3117 3033 ostendendo
3165 2979 3231 3032 ad
3293 2978 3548 3031 salutem.

1989 3090 2008 3122 ι
2044 3071 2149 3126 Sed
2180 3072 2445 3128 obedistis
2470 3089 2534 3127 ex
2559 3072 2743 3127 corde.
2783 3092 2800 3123 ι
2836 3072 3016 3132 Nullo,
3043 3070 3242 3140 inquit,
3269 3071 3378 3123 vim
3414 3067 3552 3121 infe-

1982 3172 2142 3216 rcnte
2174 3170 2268 3216 aut
2301 3171 2549 3232 cogente.
2596 3164 2713 3217 Hoc
2751 3176 2883 3216 vero
2923 3160 3143 3214 illorum
3187 3160 3350 3213 etiam
3386 3172 3552 3212 enco-

1850 3235 1878 3281 ς
1906 3252 1949 3310 C
1981 3256 2150 3307 mium
2187 3262 2292 3309 est.
2329 3273 2348 3306 ι
2386 3255 2444 3308 ln
2473 3269 2634 3322 quam
2683 3254 2922 3308 traducti
2957 3254 3111 3311 estis.
3150 3272 3168 3304 ι
3212 3252 3422 3306 Deinde
3455 3249 3552 3304 ubi

1981 3346 2211 3402 dixisset
2232 3358 2584 3418 spontaneam
2607 3348 2774 3403 fuisse
2795 3349 3010 3402 illorum
3035 3345 3550 3417 promptitudinem,

1981 3447 2381 3507 consequenter
2399 3439 2495 3494 Dei
2521 3454 2741 3509 quoque
2772 3439 2926 3507 ponit
2946 3438 3232 3492 auxilium.
3265 3435 3550 3506 Siquidem

1981 3542 2096 3592 vos,
2143 3527 2341 3598 inquit,
2380 3529 2673 3583 voluntarii
2709 3529 2999 3594 obedistis,
3050 3529 3197 3583 Deus
3242 3538 3422 3581 autem
3456 3538 3555 3579 vos

1981 3620 2036 3674 in
2058 3619 2199 3676 hanc
2230 3620 2492 3677 doctrina:
2526 3623 2759 3676 formam
2787 3621 3034 3675 tradidit.
3071 3621 3244 3686 Quam
3269 3619 3292 3672 ?
3321 3629 3382 3673 ut
3405 3625 3552 3671 recte
3628 3690 3634 3698 I

1981 3727 2044 3766 ac
2082 3726 2211 3767 sane
2243 3713 2386 3768 circa
2407 3712 2611 3768 Christi
2651 3714 2905 3784 dogmata
2934 3715 3118 3768 vivere
3150 3711 3403 3782 cupiatis.
3425 3709 3556 3762 For-

1980 3819 2125 3859 mam
2159 3813 2338 3859 autem
2372 3805 2635 3861 doctrina:
2667 3806 2801 3862 dicit
2837 3807 3132 3862 terminum
3161 3819 3223 3861 ac
3251 3803 3513 3875 regulam.

2053 4008 2144 4073 Vl,
2191 4009 2374 4065 l8-25.
2418 3996 2678 4065 Craterum
2705 4009 2858 4062 liberi
2886 4008 3018 4078 facti
3063 4024 3096 4060 a
3135 4015 3370 4075 peccato,
3416 4003 3554 4060 servi

1984 4102 2116 4170 facti
2140 4103 2266 4156 estis
2292 4103 2393 4169 ipsi
2422 4095 2653 4171 justitia:
2693 4117 2712 4155 :
2741 4101 2972 4153 humano
3018 4115 3160 4152 more
3208 4099 3394 4167 loquor
3430 4113 3554 4164 pro-

1982 4206 2096 4265 pter
2141 4195 2504 4264 inﬁrmitatem
2536 4195 2716 4247 carnis
2747 4203 2948 4248 vestrw.
2987 4191 3133 4246 Sicut
3167 4193 3302 4244 enim
3329 4189 3557 4243 exhibui-

1985 4289 2081 4340 stis
2113 4287 2345 4340 membra
2376 4295 2571 4352 vestra,
2597 4287 2878 4341 servientia
2908 4284 3258 4339 immunditiw
3286 4293 3334 4336 et
3361 4281 3557 4352 iniqui-

1989 4379 2088 4432 tati
2113 4379 2182 4430 ad
2206 4378 2538 4450 iniquitatem
2564 4395 2582 4433 :
2609 4380 2685 4432 ita
2716 4395 2853 4432 nunc
2878 4377 3108 4433 exhibete
3135 4375 3366 4430 membra
3388 4382 3557 4427 vestra

1988 4471 2271 4524 servientia
2322 4471 2425 4538 ipsi
2467 4471 2699 4540 justitia:
2742 4470 2810 4523 ad
2859 4469 3359 4537 sanctiﬁcationem.
3425 4463 3558 4518 Cum

310 4576 612 4644 ἐλεύθεροι
642 4573 748 4647 ἦτε
787 4577 863 4646 τῇ
893 4557 1297 4649 δικαιοσύνῃξ
1319 4581 1457 4635 Τίνα
1479 4557 1625 4637 οὖν’
1652 4557 1878 4651 καρπον

1989 4563 2127 4616 enim
2171 4562 2307 4616 servi
2335 4563 2518 4615 essetis
2549 4563 2770 4629 peccati,
2793 4561 2944 4614 liberi
2973 4560 3135 4613 eratis
3163 4558 3267 4626 ipsi
3305 4557 3555 4624 justitiw.

310 4669 505 4737 εῖχετε
549 4670 704 4735 τότε,
742 4670 834 4738 ἐφ’
867 4667 958 4736 οἷς
990 4671 1106 4726 νῦν
1140 4671 1586 4742 ἐπαισχύνεσθε
1598 4691 1619 4739 ;
1658 4675 1729 4730 Τὸ
1775 4675 1884 4744 γὰρ

309 4760 487 4825 τέλος
519 4759 766 4813 ἐκείνων
796 4761 1074 4826 θάνατος.
1107 4764 1256 4817 Νυνὶ
1297 4763 1366 4816 δὲ
1392 4764 1887 4834 ἐλευθερωθέντες

310 4849 430 4904 ἀπὸ
489 4848 600 4918 τῆς
647 4852 956 4920 ἁμαρτίας,
1015 4852 1419 4918 δουλωθέντες
1476 4854 1544 4907 δέ
1604 4853 1684 4919 τῷ
1730 4853 1884 4919 Θεῷ,

310 4939 482 5007 ἔχετε
524 4942 631 4993 τὸν
682 4942 914 5008 καρπὸν
969 4942 1137 5012 ὑμῶν
1171 4947 1258 5008 είς
1311 4945 1636 5013 ἁγιασμόν,
1688 4947 1756 4998 τὸ
1817 4945 1888 4998 δὲ

310 5033 488 5098 τέλος
537 5029 690 5100 ζωὴν
721 5033 982 5088 αἰώνιον.
1031 5035 1107 5088 Τὰ
1150 5035 1258 5104 γὰρ
1291 5035 1520 5103 ὀψώνια
1552 5033 1662 5104 τῆς
1705 5038 1888 5104 ἀμαρ-

313 5124 445 5190 τίας
494 5124 786 5191 θάνατος·
839 5127 906 5178 τὸ
966 5125 1043 5187 δὲ,
1070 5125 1332 5194 χάρισμα
1389 5127 1496 5179 τοῦ
1557 5127 1738 5192 Θεοῦ,
1775 5127 1886 5196 ζωὴ

311 5217 585 5282 αἰώνιος,
629 5219 699 5271 ἐν
744 5216 976 5286 Χριστῷ
1027 5218 1229 5286 Ἰησοῦ
1266 5217 1346 5283 τῷ
1372 5220 1565 5285 Κυρίῳ
1594 5218 1780 5287 ἡμῶν.

387 5311 464 5360 Ού
504 5308 664 5378 μόνον
721 5309 852 5379 γὰρ,
888 5309 1076 5378 φησὶν,
1111 5311 1140 5362 ὁ
1181 5309 1310 5373 Θεδς
1350 5309 1722 5380 ⁴ἠλευθέρωσεν
1748 5311 1890 5380 ὑμᾶς

316 5400 416 5469 τῆς
465 5400 762 5470 ἁμαρτίας,
802 5400 937 5454 ἀλλὰ
987 5399 1082 5452 καὶ
1138 5400 1398 5454 ὲδούλωσε
1449 5405 1516 5472 τῇ
1551 5400 1888 5473 δικαιοσύνῃ.

314 5488 631 5560 -ίΦΩΤ.]ι
662 5489 1026 5560 Ἀνθρὼπινον
1048 5491 1212 5558 λέγω,
1267 5509 1285 5543 ›
1327 5490 1692 5561 Ἀνθρὼπινον
1725 5493 1888 5562 λέγω,

321 5582 473 5651 φησι,
494 5582 576 5646 τὸ,
608 5583 988 5650 Ἐδουλὼθητε,
1017 5584 1077 5636 οὑ
1113 5583 1222 5654 γάρ
1257 5585 1374 5636 ἐστι
1406 5583 1562 5636 τοῦτο
1594 5583 1737 5636 κατὰ
1758 5585 1891 5656 ἁλή-

322 5671 470 5724 θειαν
495 5672 711 5726 δουλεία
737 5673 796 5726 τὸ
825 5672 966 5726 κατὰ
987 5673 1084 5742 τὴν
1106 5671 1457 5742 δικαιοσύνην
1485 5672 1886 5726 πολιτεύεσθαι·

324 5762 458 5816 ἀλλὰ
485 5764 647 5818 τοῦτο
684 5765 716 5836 ἡ
756 5765 963 5835 ἀληθὴς
1013 5763 1292 5834 ἐλευθερία
1321 5767 1415 5818 καὶ
1453 5763 1786 5832 εὐδαιμονία.
1826 5765 1890 5837 Τί

325 5855 416 5910 οὑν
437 5857 619 5922 καλεῖς
660 5857 829 5928 αὐτὴν
871 5856 1135 5928 δουλείαν,
1168 5858 1216 5911 εἰ
1253 5857 1328 5928 μὴ
1361 5855 1474 5911 ἔστι
1507 5856 1761 5924 δουλεία;
1792 5854 1891 5910 Διὰ

1995 4653 2159 4718 Quem
2193 4655 2355 4724 igitur
2383 4653 2614 4723 fructum
2642 4654 2912 4707 habebatis
2940 4663 3061 4706 tunc
3100 4653 3152 4704 in
3179 4651 3258 4704 his
3283 4649 3346 4702 de
3371 4649 3556 4717 quibus

1995 4761 2132 4798 nunc
2182 4744 2540 4799 erubescitis?
2580 4743 2726 4798 Nam
2758 4745 2880 4814 ﬁnis
2931 4743 3142 4796 illorum
3183 4758 3344 4796 mors.
3400 4738 3560 4794 Nunc

1993 4853 2113 4892 vero
2149 4837 2301 4891 liberi
2331 4855 2362 4890 a
2387 4849 2619 4906 peccato,
2646 4839 2780 4890 serti
2823 4846 2996 4889 autent
3036 4836 3166 4904 facti
3191 4834 3320 4899 Deo,
3359 4833 3558 4888 habetis

1995 4933 2230 5003 fructum
2253 4939 2478 4985 vestrum
2509 4931 2561 4982 in
2592 4929 3092 4998 sanctiﬁcationem,
3135 4928 3289 4996 ﬁnem
3327 4944 3447 4980 vero
3483 4927 3561 4980 ui-

1997 5037 2108 5080 tam
2139 5033 2413 5078 wternam.
2449 5020 2726 5087 Stipendia
2760 5021 2894 5074 enim
2927 5021 3126 5088 peccati
3154 5037 3292 5073 mors
3320 5034 3338 5072 :
3362 5019 3560 5086 donum

1998 5129 2172 5173 autem
2207 5115 2325 5176 Dei,
2362 5119 2470 5168 vita
2496 5124 2720 5184 wterna,
2746 5129 2836 5182 per
2866 5113 3134 5170 Christum
3159 5111 3340 5167 Iesum
3379 5111 3560 5165 Domi-

1996 5227 2116 5265 num
2156 5220 2414 5263 nostrum.

2063 5300 2183 5354 Non
2209 5300 2386 5354 solum
2411 5299 2577 5362 Deus,
2610 5297 2812 5367 inquit,
2839 5295 3093 5351 liberavit
3121 5312 3218 5352 vos
3252 5312 3281 5351 a
3314 5306 3560 5366 peccato,

1997 5395 2089 5448 sed
2128 5401 2184 5448 et
2209 5391 2437 5462 justitim
2477 5390 2741 5446 subdidit.
2775 5409 2792 5441 ι
2822 5389 3073 5444 Humano
3097 5406 3249 5444 more
3286 5389 3502 5457 loquor.
3536 5404 3555 5436 ι

1996 5487 2267 5549 Humano,
2305 5484 2505 5554 inquit,
2544 5499 2696 5537 more
2723 5483 2942 5550 loquor,
2980 5481 3168 5535 dicens
3193 5479 3381 5533 :Servi
3434 5475 3561 5530 facti

1996 5578 2148 5642 estis,
2192 5591 2371 5646 neque
2409 5576 2556 5630 enim
2591 5574 2644 5628 id
2675 5574 2829 5644 juxta
2877 5572 2956 5624 rei
2997 5571 3286 5624 veritatem
3325 5566 3562 5620 servitus

1997 5677 2104 5732 est,
2141 5667 2445 5722 secundum
2481 5664 2750 5736 justitiam
2783 5656 3055 5716 videlicet
3073 5656 3390 5714 conversari
3423 5673 3437 5709 :
3467 5657 3561 5708 sed

1997 5758 2106 5813 hoc
2140 5773 2270 5813 vera
2310 5757 2539 5811 libertas
2577 5763 2662 5808 est
2698 5769 2760 5808 ac
2797 5754 2960 5823 282
2994 5751 3246 5806 felicitas.
3292 5745 3403 5800 Cur
3433 5757 3563 5812 ergo

1999 5852 2145 5909 illam
2174 5865 2337 5911 vocas
2369 5849 2710 5914 servitutem,
2753 5845 2798 5902 si
2835 5861 2949 5899 non
3003 5853 3089 5898 est
3131 5835 3410 5895 servitus?
3437 5847 3562 5905 pro-
