3978 6552
493 423 600 488 443

1519 434 1849 494 (ECUMEN
1861 435 1909 494 ll
1949 435 2239 496 TRICCE
2281 437 2619 496 EPlSCOPI
3604 445 3684 510 Hi

497 553 618 612 pter
663 540 1060 607 infirmitatem,
1094 543 1194 606 ait,
1227 543 1410 598 carnis
1442 543 1796 622 vestraekhoc
1817 546 2060 616 est,quit

2177 545 2274 616 τὴν
2297 545 2605 609 ἀσθένειαν,
2642 544 2796 614 φησὶ.
2833 543 2937 614 τῆς
2977 545 3179 616 σαρκὸς
3231 547 3402 617 ὑμῶν,
3432 555 3686 628 τουτέστιν,

496 633 780 687 adversari
811 633 1024 688 videtur
1054 648 1248 689 sensus
1275 635 1478 698 carnis,
1509 643 1566 690 et
1589 636 1738 692 circa
1765 638 1920 692 initia
1944 653 2069 708 gra-

494 726 614 778 vari
663 740 728 779 ac
763 725 970 779 tristari
1017 725 1081 778 ad
1133 735 1404 795 praecepta
1441 726 1675 804 justitie
1717 745 1730 782 :
1778 738 2069 798 propterea

495 816 854 870 considerans
886 815 1259 870 inﬁrmitatem
1297 833 1361 872 ac
1391 819 1668 873 tristitiam
1693 835 1814 890 qua
1844 836 1874 874 a
1905 835 2070 876 carne

495 918 680 961 vestra
713 908 985 976 procedit,
1038 909 1280 964 humano
1305 926 1457 965 more
1494 911 1627 966 illud
1651 913 1916 982 appellavi
1951 928 2065 968 ser-

494 998 746 1050 vitutem.
773 997 1055 1067 Siquidem
1089 1015 1214 1054 cum
1238 1001 1488 1056 dolentes
1515 1017 1580 1057 ac
1609 1003 1764 1057 inviti
1786 1004 2068 1073 quidpiam

494 1091 746 1155 facimus,
765 1091 1005 1152 solemus
1037 1093 1116 1146 illi
1150 1093 1455 1164 tyrannidis
1477 1111 1543 1150 ac
1567 1096 1850 1151 servitutis
1865 1113 2068 1153 nomen

494 1179 732 1249 alligare.
789 1181 869 1236 Ita
899 1198 1027 1252 ergo
1073 1191 1130 1237 et
1172 1183 1374 1239 Paulus
1407 1184 1542 1239 dicit
1575 1204 1588 1240 :
1634 1186 1884 1241 Humano
1915 1204 2067 1244 more

494 1271 690 1340 loquor
726 1272 830 1327 hoc
861 1290 875 1328 :
906 1273 1061 1350 Servi
1094 1275 1223 1331 facti
1255 1277 1389 1331 estis
1431 1277 1536 1346 ipsi
1561 1278 1810 1348 iustitia.
1857 1280 2066 1336 Deinde

495 1363 629 1418 illud
665 1380 888 1435 quoque
922 1381 992 1420 ex
1033 1368 1314 1422 contrario
1355 1369 1664 1424 confirmat.
1703 1370 1856 1425 Sicut
1890 1373 2062 1438 enim,

496 1456 698 1526 inquit,
737 1473 801 1512 ea
831 1474 951 1527 quae
994 1459 1355 1515 imm'unditiaz
1401 1471 1531 1516 sunt
1571 1472 1884 1531 operantes,
1921 1467 2063 1520 servi

495 1548 664 1602 eratis
703 1549 1083 1615 immunditim,
1123 1551 1196 1606 ita
1225 1553 1583 1622 quazjustitiaa
1620 1563 1748 1608 sunt
1776 1557 2067 1625 perﬁcien-

499 1651 603 1703 tes,
662 1656 771 1694 non
818 1642 1097 1696 immerito
1134 1644 1280 1697 servi
1313 1644 1500 1698 vocari
1551 1647 1782 1714 potestis
1815 1647 2062 1716 jus‘titite.

500 1733 672 1786 Simul
706 1743 888 1787 autem
921 1735 1025 1788 hoc
1069 1736 1236 1790 etiam
1265 1752 1365 1806 per
1391 1737 1616 1792 modum
1660 1739 2065 1796 exhortationis

497 1825 785 1892 subjunxit
810 1842 823 1880 :
855 1825 910 1880 Si
936 1827 1081 1880 enim
1109 1843 1206 1882 vos
1230 1842 1338 1882 non
1368 1829 1564 1898 puduit
1593 1844 1782 1885 servos
1807 1847 1928 1886 esse
1955 1832 2061 1886 im-

496 1917 799 1982 munditiae,
846 1934 913 1972 an
955 1935 1063 1972 non
1103 1919 1270 1974 etiam
1315 1921 1684 1990 gloriabimini
1730 1924 1878 1993 quod
1916 1923 2062 1995 digni

494 2006 616 2060 sitis
647 2006 819 2061 habiti
855 2007 947 2078 qui
969 2009 1199 2079 justitiae
1219 2011 1363 2064 servi
1395 2011 1554 2066 sitis?
1582 2013 1791 2068 Deinde
1821 2015 1927 2070 hoc
1956 2016 2064 2071 alio

493 2111 712 2165 quoque
761 2099 924 2152 modo
971 2101 1262 2155 conﬁrmat
1289 2120 1300 2156 :
1331 2111 1386 2157 et
1419 2105 1772 2173 procedendo
1820 2107 2066 2164 ostendit

497 2187 814 2258 hujusmodi
843 2191 1130 2246 servitutis
1162 2192 1481 2263 dignitatem
1509 2195 1880 2253 :concludens
1917 2201 2063 2270 quod

493 2279 608 2336 brec
638 2283 873 2337 servitus
903 2283 1100 2339 alliciat
1131 2286 1226 2340 Dei
1262 2302 1473 2354 servos,
1496 2303 1605 2358 qua
1629 2305 1689 2344 re
1714 2289 1847 2360 quid
1883 2300 2065 2361 potest

490 2385 610 2426 esse
646 2371 877 2427 liberius
917 2381 1011 2427 aut
1060 2373 1319 2430 felicius?
1353 2378 1569 2432 Etenim
1617 2380 1752 2435 dicit
1786 2398 1800 2435 :
1843 2400 1862 2432 ι
1906 2383 2065 2440 Nunc

489 2477 622 2515 vero
644 2463 802 2517 liberi
830 2464 952 2518 facti
986 2482 1016 2519 a
1047 2479 1294 2535 peccato.
1322 2468 1464 2522 servi
1492 2480 1674 2525 autem
1704 2471 1831 2527 facti
1867 2473 1996 2538 Deo,
2037 2493 2056 2526 ›

489 2561 598 2608 etc.
626 2555 732 2608 Aut
759 2574 772 2609 :
807 2557 1058 2612 llumano
1082 2575 1233 2614 more
1264 2560 1481 2630 loquor,
1517 2563 1563 2617 si
1597 2579 1694 2632 per
1719 2564 2062 2636 hyperbaton

492 2643 851 2715 intelligatur,
898 2657 955 2701 ut
979 2649 1045 2702 ad
1082 2650 1133 2703 id
1173 2651 1320 2719 quod
1351 2653 1598 2721 sequitur
1627 2655 1784 2725 jungi
1815 2655 2012 2712 debeat
2045 2676 2058 2711 :

491 2735 564 2789 ita
587 2752 734 2791 nunc
771 2739 1025 2794 exhibete
1049 2742 1292 2820 membra
1327 2754 1505 2798 vestra
1527 2746 1822 2801 servicntia
1849 2747 1951 2817 ipsi
1975 2751 2064 2820 ju-

489 2827 652 2886 Stitiae
683 2829 749 2882 ad
772 2819 1283 2888 sanetilicationcm.
1303 2834 1458 2901 Quod
1477 2837 1521 2890 si
1553 2838 1624 2892 ita
1646 2819 2063 2907 exponatur,si-

488 2919 750 2991 gniﬁeare
772 2931 949 2990 potest
977 2941 992 2977 :
1018 2924 1289 2980 Mediocre
1320 2926 1579 2995 quiddam
1614 2929 1724 2982 dixi
1759 2945 1822 2984 ac
1855 2930 2062 2986 humile

488 3022 614 3062 eum
637 3010 754 3064 haec
773 3010 1037 3067 dicerem.
1069 3015 1200 3068 Nam
1229 3015 1479 3072 absolute
1507 3017 1740 3088 loquens
1757 3020 1940 3075 dicere
1964 3037 2062 3091 po-

489 3103 758 3156 tuissem:
797 3104 1062 3160 Exhibete
1111 3107 1357 3161 membra
1393 3119 1574 3164 vestra
1619 3111 1912 3166 servientis
1958 3113 2059 3182 ipsi

2175 638 2361 708 ἐπειδὴ
2411 638 2757 691 ἀντιπίπτειν
2800 636 3036 690 δοκεῖτὸ
3073 637 3324 708 φρόνημα
3371 642 3463 710 τῆς
3501 651 3686 718 σαρκὸς,

2172 728 2268 782 καὶ
2311 728 2677 798 τραχύνεσθαι
2709 728 2802 781 καὶ
2860 727 3188 796 ἀλγύνεσθαι
3221 733 3340 783 κατ’
3388 734 3548 805 ἀρχὰς
3581 744 3690 810 πρὸς
3733 729 3742 747 “

2171 819 2240 872 τὰ
2276 819 2625 888 ἐπιτάγματα
2656 823 2752 889 τῆς
2782 819 3137 888 δικαιοσύνης
3161 838 3174 851 ο
3209 820 3296 876 διὰ
3343 824 3491 876 τοῦτο
3525 827 3578 879 τὸ
3605 830 3690 883 ἀπὸ

2169 909 2268 978 τῆς
2303 909 2578 978 ὑμετέρας
2600 910 2803 981 σαρκὸς
2831 910 3054 975 ἀσθενὲς
3087 912 3181 965 καὶ⁸
3202 912 3548 984 ἀλγυνόμενον
3570 918 3690 987 λογι-

2172 1001 2420 1070 ζόμενος,
2449 1003 2591 1055 κατά
2617 1003 2716 1074 τὴν
2744 1003 3094 1075 ἀνθρωπίνην
3142 1005 3448 1074 συνήθειαν,
3486 1009 3692 1065 δουλείαν

2169 1093 2300 1147 αὐτὸ
2337 1091 2620 1149 ἑκάλεάα(
2651 1095 2759 1148 Καὶ
2793 1095 2901 1164 γὰρ
2931 1094 3204 1166 εἰώθαμεν
3254 1097 3337 1164 ἐφ’
3381 1091 3452 1150 ὧν
3500 1098 3693 1166 ἀλγυνό-

2172 1197 2322 1251 μενοι
2349 1183 2444 1235 καὶ
2486 1183 2712 1246 ἄκοντές
2743 1200 2794 1236 τι
2840 1183 3175 1254 πράττομεν,
3210 1183 3271 1237 τὸ
3304 1186 3400 1254 τῆς
3428 1191 3694 1254 τυραννίδος

2171 1273 2263 1324 καὶ
2293 1270 2536 1337 δουλείας
2583 1271 2754 1342 ὄνομα
2784 1272 3008 1329 τιθέναι.
3040 1273 3195 1327 Οὕτω
3235 1276 3364 1344 γοῦν
3408 1280 3496 1330 καὶ
3526 1281 3551 1331 ὁ
3578 1281 3695 1334 Παῦ-

2167 1362 2255 1424 λός
2284 1379 2468 1432 φησιν,
2491 1363 2598 1429 ὅτι,
2619 1381 2638 1414 ι
2664 1363 2822 1416 Κατά
2866 1363 3153 1432 ἄνθρωπον
3192 1363 3335 1434 λέγω
3362 1385 3381 1417 ι
3405 1367 3482 1429 τδ,
3509 1386 3526 1419 ι
3551 1367 3695 1422 Ἐδου-

2166 1455 2374 1526 λώθητε
2404 1459 2471 1526 τῇ
2506 1455 2873 1527 δικαιοσύνῃ.»
2909 1452 3038 1508 Εἶτα
3063 1458 3461 1523 κατασκευάζει
3485 1461 3696 1516 αὐτὸκαὶ

2167 1549 2231 1601 ὲκ
2275 1548 2368 1600 τοῦ
2417 1547 2684 1602 ἐναντίου.
2734 1549 2944 1619 Ὠσπερ
2992 1548 3138 1619 γὰρ,
3177 1551 3332 1620 φησὶ,
3367 1550 3430 1605 τὰ
3471 1552 3560 1622 τῆς
3588 1555 3696 1606 dxe-

2167 1638 2396 1706 θαρσίας
2451 1639 2811 1709 πράττοντες,
2857 1640 3034 1694 δοῦλοι
3096 1637 3194 1712 ἦτε
3235 1643 3336 1712 τῆς
3381 1642 3696 1741 ἀκαθαρσίας,
3729 1713 3749 1741 ⁸

2167 1729 2313 1784 οὕτω
2359 1729 2430 1783 τὰ
2466 1731 2565 1798 τῆς
2607 1729 2956 1801 δικαιοσύνης
2989 1731 3385 1795 ἐπιτελοῦντες,
3433 1732 3592 1786 δοῦλοι
3619 1735 3698 1787 οὐκ

2167 1823 2474 1885 ἀπεικότως
2517 1820 2585 1874 ἂν
2616 1822 2904 1892 κληθείητε
2944 1825 3044 1893 τῆς
3085 1823 3448 1892 δικαιοσύνης.
3481 1823 3630 1876 Τοῦτο
3655 1825 3698 1878 δι

2099 1885 2140 1938 Β
2169 1914 2264 1968 καὶ
2292 1913 2572 1983 ἐντρέπων
2619 1885 2737 1984 ἅμα
2768 1885 3166 1984 ἐπήγαγεν·“Εί
3213 1915 3323 1985 γὰρ
3377 1885 3542 1970 δοῦλοι
3587 1913 3698 1970 εἷναι

2168 2007 2270 2060 οὐκ
2307 2003 2607 2075 ᾐσχύνεσθε
2644 2005 2741 2072 τῆς
2791 2004 3154 2076 ἀκαθαρσίας,
3217 2006 3336 2070 πῶς
3380 2006 3476 2058 οὐκ
3531 2006 3590 2060 ἂν
3625 2006 3696 2060 καὶ

2171 2096 2313 2166 μέγα
2345 2097 2673 2166 φρονήσητε,
2695 2095 2872 2150 δοῦλοι
2903 2096 3332 2162 καταξιωθέντες
3361 2097 3594 2165 γενέσθαι
3617 2098 3697 2168 τῆς

2165 2187 2549 2254 δικαιοσύνηςς
2585 2183 2718 2241 Εἶτα
2747 2190 3150 2252 κατασκευάζει
3186 2188 3348 2242 τοῦτο
3386 2190 3476 2242 καὶ
3511 2189 3698 2259 ἑτέρως,

2167 2278 2260 2334 καὶ
2292 2279 2498 2350 προῖὼν
2530 2279 2770 2333 δείκνυσι
2796 2281 2896 2350 τῆς
2937 2281 3195 2352 τοιαύτης
3226 2281 3463 2343 δουλείας
3490 2281 3545 2334 τὸ
3569 2280 3690 2344 ἀξίω

2170 2389 2268 2440 μα,
2307 2372 2804 2442 συμπερανάμενος
2846 2373 2926 2425 ὅτι
2991 2371 3132 2443 αὕτη
3177 2375 3210 2439 ή
3255 2373 3464 2425 δουλεία
3515 2372 3699 2432 δούλους

2166 2463 2310 2514 ποιεῖ
2361 2461 2454 2515 τοῦ
2489 2462 2650 2528 Θεοῦ,
2698 2458 2759 2516 οὗ
2807 2463 2860 2515 τί
2893 2463 2958 2516 ἀν
3007 2464 3092 2534 εἴη
3145 2461 3583 2532 ἐλευθεριώτερον
3625 2463 3699 2514 καὶ

2165 2551 2684 2622 εὐδαιμονέστερονς
2718 2553 2830 2605 Καὶ
2864 2553 2972 2624 γάρ
3015 2570 3185 2623 φησι·
3225 2572 3245 2604 ι
3267 2555 3404 2606 Νυνὶ
3426 2553 3480 2606 δὲ
3518 2552 3700 2604 ὲλευθε·

2167 2643 2432 2715 ρωθέντες
2491 2645 2603 2698 ἀπὸ
2645 2645 2746 2714 τῆς
2804 2645 3104 2715 ἁμαρτίας,
3152 2645 3505 2709 δουλωθέντες
3547 2645 3596 2698 δδ
3639 2644 3699 2713 τῷ

2164 2736 2306 2806 Θεῷ,
2339 2753 2358 2788 ε
2405 2737 2496 2788 καὶ
2534 2736 2680 2805 ἑξῆς.
2711 2735 2782 2789 Ἦ
2814 2736 2897 2802 τὸ,
2929 2735 3300 2802 ’Δνθρώπινον
3332 2737 3490 2803 λέγω.
3527 2737 3571 2788 εί
3599 2754 3700 2805 vero

2167 2828 2288 2895 θείη
2339 2828 2462 2882 καθ’
2488 2828 2816 2898 ὑπερϐατὸν,
2836 2828 2913 2890 ὡς
2941 2829 3142 2897 ἑφεξῆς
3194 2828 3407 2897 ὀφεῖλον
3430 2828 3696 2889 τάττεσθαι,

2165 2921 2300 2990 πρὴς
2317 2921 2399 2986 τὸ,
2428 2939 2446 2972 ι
2483 2918 2668 2984 Οὕτως
2713 2921 2809 2972 νῦν
2866 2919 3255 2990 παραστήσατε
3304 2923 3373 2974 τά
3405 2920 3528 2990 μέλη
3575 2919 3700 2988 ὑμῶν

2163 3012 2325 3064 δοῦλα
2377 3014 2442 3083 τῇ
2494 3011 2810 3084 δικαιοσύνῃ
2855 3013 2934 3074 είς
2965 3011 3261 3081 ἁγιασμόν.
3296 3030 3315 3065 ι
3355 3011 3516 3066 Είοῦν
3561 3011 3700 3074 οὕτως

2170 3102 2492 3173 ὲκληφθείη,
2537 3105 2795 3172 σημαίνοι
2827 3106 2915 3164 ἂν.
2961 3105 3043 3158 δτι
3093 3103 3320 3176 μέτριόν
3360 3121 3410 3157 τι
3441 3099 3580 3156 εἷπον
3626 3104 3700 3156 καὶ

485 3193 726 3265 iustitiae,
763 3212 872 3251 non
899 3197 1066 3251 veluti
1098 3199 1197 3268 ipsi
1217 3207 1473 3268 peccato,
1511 3201 1605 3255 sed
1643 3203 1816 3258 multo
1843 3204 2054 3258 studio-

2163 3196 2436 3259 ταπεινὸν,
2467 3196 2638 3250 ταῦτα
2663 3195 2853 3250 είπὼν.
2904 3195 2964 3248 ⁸0
3013 3196 3122 3264 γὰρ
3169 3197 3232 3249 τὸ
3283 3196 3481 3250 τέλειον
3533 3197 3694 3263 λέγων,

487 3286 620 3340 sius.
646 3286 805 3341 Nunc
832 3298 1014 3342 autem
1047 3299 1273 3358 propter
1298 3299 1556 3355 vestram,
1584 3293 1781 3362 inquit,
1814 3294 2058 3350 imbecil-

487 3375 718 3443 litatem,-
738 3378 810 3432 ita
834 3379 1090 3448 depresse
1121 3396 1185 3435 ac
1218 3382 1461 3437 modeste
1489 3382 1621 3438 dixi.
1651 3385 1771 3449 Vel,
1808 3385 2059 3441 Modera-

487 3475 602 3520 tum
631 3469 894 3538 quiddam
927 3471 1124 3552 loquor
1149 3488 1212 3528 ac
1242 3476 1527 3544 pusillum,
1558 3492 1737 3546 neque
1764 3493 2060 3548 supergre-

485 3558 642 3612 diens
697 3569 910 3616 natura:
953 3563 1404 3632 imbecillitatem,
1463 3568 1905 3624 adhortationem
1959 3585 2056 3625 na-

485 3657 622 3703 tura:
670 3660 1027 3721 attempero:
1080 3657 1208 3709 novi
1236 3657 1382 3712 enim
1433 3659 1530 3728 qui
1596 3660 1650 3714 in
1695 3662 1911 3718 mortali
1935 3677 2058 3716 cor-

486 3754 619 3808 pore
662 3753 985 3798 moveantur
1033 3746 1284 3802 aﬂ‘ectus.
1324 3767 1340 3800 ι
1393 3749 1588 3805 Carnis
1625 3733 1840 3806 vestrae.
1883 3773 1902 3804 ι
1940 3754 2058 3808 Non

487 3831 647 3895 dixit,
679 3833 989 3890 Voluntatis
1013 3848 1108 3890 aut
1133 3842 1614 3910 concupiscentiae,
1654 3846 1801 3914 quod
1836 3847 2057 3901 illorum

487 3921 834 3991 iniquitatem
875 3928 1230 3992 ostendisset,
1267 3931 1362 3986 sed
1413 3951 1431 3984 ι
1469 3933 1663 3989 Carnis
1703 3954 1722 3987 ι
1775 3937 1873 4001 ait,
1911 3941 2056 4007 quod

487 4027 684 4084 prreter
708 4026 945 4073 mentem
971 4019 1189 4076 illorum
1219 4024 1399 4079 ﬁebat.
1427 4025 1539 4081 lloc
1567 4037 1754 4083 autem
1779 4028 1914 4084 dicit
1937 4031 2056 4086 eili-

492 4106 646 4162 ciens
679 4123 748 4163 ne
782 4125 965 4166 sermo
1006 4112 1142 4167 dure
1175 4115 1500 4184 accipiatur.
1540 4137 1558 4168 ι
1598 4117 1750 4175 Sicut
1777 4123 1923 4176 enim
1961 4138 2058 4176 ex-

487 4197 765 4269 hibuistis.
803 4219 821 4252 ι
853 4201 1022 4256 Multo
1045 4203 1304 4272 majorem
1330 4209 1622 4276 oportebat
1647 4211 1911 4268 exhibere
1943 4230 2060 4268 ser-

486 4289 712 4344 vitutem
747 4290 968 4347 Christo
991 4295 1150 4366 283
1170 4313 1232 4351 ac
1254 4298 1481 4368 justitiae
1509 4315 1673 4368 quam
1695 4302 2059 4361 exhibueritis

486 4379 850 4437 immunditia:
885 4393 939 4438 et
979 4386 1254 4456 iniquitati
1307 4389 1374 4442 ad
1423 4389 1772 4460 iniquitatem
1817 4410 1831 4446 :
1875 4403 2055 4450 tamen

486 4482 710 4542 propter
766 4477 950 4531 carnis
989 4478 1418 4536 imbecillitatem
1452 4484 1628 4538 solum
1666 4486 1929 4554 aequalem
1968 4504 2055 4543 re-

2161 3285 2304 3340 εῐποι
2339 3286 2426 3348 ἂν.
2466 3289 2548 3340 ὅτι
2588 3288 2985 3358 Παραστήσατε
3028 3288 3100 3343 τὰ
3132 3288 3268 3358 μέλη
3303 3289 3452 3360 ὑμῶν
3482 3288 3624 3352 δοῦλα
3647 3291 3697 3358 τῇ

2159 3377 2502 3450 δικαιοσύνῃ,
2549 3379 2622 3450 μὴ
2657 3377 2735 3442 ὡς
2781 3382 2846 3449 τῇ
2880 3379 3146 3451 ἁμαρτίᾳ,
3178 3380 3319 3434 ἀλλά
3361 3381 3490 3434 πολὺ
3536 3379 3699 3451 μᾶλλον

2165 3473 2616 3542 σπουδαιότερον.
2640 3472 2756 3527 Νῦν
2783 3473 2840 3526 δὲ
2879 3473 2969 3528 διὰ
2993 3474 3054 3528 τδ
3095 3474 3326 3540 ἀσθενὲς
3358 3477 3526 3547 ὑμῶν,
3547 3478 3699 3548 φησιν,

2157 3562 2332 3627 οὕτως
2368 3559 2520 3618 εἶπον
2559 3565 2831 3628 ταπεινῶς
2872 3567 2964 3619 καὶ
2998 3567 3268 3642 μετρίως,
3322 3567 3378 3640 ἢ,
3421 3568 3700 3640 Σύμμετρόν

2159 3675 2235 3722 τι,
2267 3661 2423 3730 φησὶ,
2455 3659 2601 3728 λέγω
2641 3660 2736 3714 καὶ
2785 3660 3004 3734 μικρὸν,
3037 3663 3133 3716 καὶ
3177 3665 3278 3734 οὐχ
3327 3664 3629 3734 ύπερὸαῐνον
3654 3661 3701 3714 τὸ

2158 3749 2256 3817 ’τῆς
2301 3749 2516 3817 φύσεως
2564 3751 2828 3816 ἀσθενιςο
2881 3756 2946 3824 τῇ
2998 3755 3158 3824 φύσει
3202 3753 3407 3826 μετρῶ,
3440 3754 3578 3824 φησί,
3623 3751 3700 3821 τὴν

2163 3841 2486 3910 παραίνεσιν
2509 3859 2524 3876 ’
2556 3839 2674 3897 οῖδα
2705 3845 2814 3914 γὰρ
2849 3845 2917 3898 τὰ
2955 3845 3014 3896 ὲν
3045 3845 3124 3912 τῷ
3155 3844 3340 3914 θνητῷ
3397 3845 3593 3912 σώματι
3630 3858 3699 3895 κιο

2160 3931 2398 4002 νούμενα
2423 3934 2592 4004 πάθη.
2633 3954 2652 3986 ι
2679 3936 2793 4005 Τῆς
2821 3936 3025 4006 σαρκὸς
3054 3937 3230 4006 ὑμῶν.
3259 3955 3278 3988 ι
3315 3937 3426 3989 Οὐκ
3454 3931 3584 4000 εἶπε,
3612 3935 3700 4002 Τῆς

2161 4025 2592 4096 προαιρέσεωςῆ
2625 4026 2724 4095 τῆς
2755 4027 3072 4097 ἐπιθυμίας,
3101 4028 3240 4098 ὅπερ
3277 4023 3345 4099 ἦν
3375 4028 3584 4080 ἐκείνων
3605 4023 3699 4076 ἀδί-

2157 4130 2336 4185 κημα,
2367 4116 2525 4182 ἀλλὰ,
2559 4115 2714 4186 (Τῆς
2739 4118 2959 4189 σαρκὸς,
2994 4127 3028 4171 ι’
3051 4120 3237 4188 φησ“.ν,
3271 4119 3302 4171 ὃ
3335 4117 3481 4188 παρά
3508 4114 3698 4184 γνώμην

2157 4209 2340 4264 αὐτῶν
2362 4209 2590 4278 ιγίνετο.
2617 4210 2788 4263 Τοῦτο
2827 4210 2884 4264 δέ
2916 4225 3100 4279 φησιν,
3129 4209 3414 4280 ἀνεπαχθῆ
3449 4209 3533 4261 τὸν
3570 4207 3698 4273 λόγον

2159 4299 2350 4358 ποιῶν.
2405 4319 2423 4351 ι
2475 4301 2690 4372 Ὥσπερ
2734 4302 2844 4371 γὰρ
2889 4302 3298 4370 παρεστήσατε.
3340 4319 3360 4352 ι
3411 4297 3583 4368 nam
3618 4297 3698 4367 μὲν

2161 4392 2386 4463 μείζονα
2419 4391 2526 4446 εδει
2555 4393 2633 4464 τῷ
2666 4391 2890 4464 Χριστῷ
2916 4393 3017 4461 τὴν
3035 4391 3282 4445 δουλείαν
3312 4393 3598 4463 παρασχεῖν
3623 4389 3698 4440 καὶ

2156 4483 2224 4552 τῇ
2251 4483 2593 4553 δικαιοσύνῃ.
2625 4484 2768 4554 ἢπερ
2802 4485 2935 4553 ὅσην
2977 4482 3284 4556 παρέσχετε
3319 4486 3383 4552 τῇ
3426 4477 3696 4549 ἀκαθαρσίᾳ

485 4574 633 4632 pcto.
663 4565 839 4634 (Quod
873 4576 1057 4623 autem
1090 4569 1264 4625 dicit:
1303 4592 1320 4622 ι
1364 4572 1442 4626 Ad
1485 4573 1853 4644 iniquitatem,
1892 4597 1910 4630 ι
1953 4578 2056 4634 hoc

2162 4575 2256 4628 καὶ
2308 4578 2372 4646 τῇ
2430 4575 2652 4646 ἀνομίᾳ,
2699 4577 2780 4639 είς
2805 4574 2904 4646 τὴν
2942 4575 3176 4644 ἀνομίαν
3216 4574 3298 4645 (τό
3334 4575 3410 4639 δὲ,
3447 4591 3467 4624 ι
3496 4573 3580 4634 Et;
3618 4570 3697 4636 τὴν

483 4664 588 4719 est,
630 4657 696 4710 ad
723 4659 958 4728 amplius
993 4663 1352 4730 peccandum.
1387 4666 1548 4732 Quasi
1585 4669 1795 4722 diceret
1830 4686 1844 4723 :
1879 4668 2054 4725 Etiam

487 4747 967 4807 inﬂaminabamini
1003 4764 1062 4809 ut
1093 4756 1265 4827 magis
1287 4773 1349 4811 ac
1386 4758 1554 4829 magis
1585 4760 1931 4832 pecearetis.)

565 4950 582 4982 ε
615 4931 750 4985 Cum
780 4937 925 4990 enim
963 4939 1106 4993 servi
1132 4939 1328 4996 essetis
1356 4941 1582 5012 peccati.
1623 4961 1642 4995 ι
1681 4942 1816 4998 Cum
1844 4945 1899 4998 in
1928 4962 2057 5015 pce-

484 5031 612 5077 cato
639 5025 926 5091 vivebatis,
957 5030 1055 5084 soli
1099 5043 1324 5102 peccato
1353 5035 1841 5105 obtemperabatis,
1879 5038 1958 5093 sic.
1997 5051 2056 5092 ut

487 5114 627 5168 nihil
658 5116 882 5171 omnino
921 5119 1049 5175 boni
1083 5125 1353 5193 ageretis;
1398 5125 1502 5182 hoc
1550 5127 1696 5181 enim
1736 5128 2052 5199 signiﬁcat:

490 5203 677 5274 Liberi
709 5209 879 5262 cratis
911 5209 1010 5278 ipsi
1049 5212 1293 5280 justitite,
1334 5214 1437 5268 hoc
1465 5228 1570 5278 est,
1614 5217 1667 5269 in
1696 5219 1847 5271 nullo
1886 5219 2056 5276 cratis

487 5294 592 5364 ipsi
620 5296 871 5368 subjecti,
897 5307 952 5354 et
977 5317 1124 5355 nunc
1149 5303 1332 5371 itaque
1351 5319 1474 5358 cum
1499 5306 1563 5358 ad
1587 5307 1853 5376 justitiam
1875 5319 2054 5365 trans-

493 5387 888 5458 migraveritis,
946 5393 1107 5447 liberi
1153 5394 1280 5448 facti
1322 5397 1454 5449 estis
1482 5411 1510 5449 a
1543 5408 1785 5465 peccato.
1822 5399 1954 5453 Nam
1998 5401 2052 5455 id

487 5481 932 5536 subaudiendum
960 5487 1166 5555 expetit
1196 5487 1556 5556 praecedentis
1591 5491 1870 5558 particulm
1898 5493 2056 5546 intel-

489 5573 688 5631 lectus.
739 5595 756 5627 ‹
803 5577 974 5644 Quem
1029 5580 1196 5650 igitur
1228 5579 1468 5634 fructum
1509 5581 1834 5637 habebatis?
1874 5603 1891 5634 ι
1925 5584 2056 5650 Quae

491 5666 665 5730 vobis,
717 5668 914 5737 inquit,
957 5680 1076 5724 erat
1102 5671 1310 5727 utilitas
1352 5673 1554 5727 veteris
1595 5675 1858 5730 malitia?
1898 5677 2056 5730 Nulla

490 5757 630 5813 adeo
673 5767 731 5814 ut
769 5775 867 5815 vos
912 5764 1079 5816 etiam
1131 5764 1282 5818 illius
1312 5765 1546 5834 pudeat;
1579 5775 1862 5835 peceatum
1907 5770 2055 5824 enim

495 5857 584 5905 res
617 5863 699 5908 est
729 5853 866 5909 adeo
898 5856 1058 5918 maia.
1097 5867 1153 5910 ut
1185 5857 1276 5913 ubi
1310 5858 1434 5914 ouis
1464 5873 1530 5914 eo
1563 5857 1729 5914 fuerit
1764 5860 2050 5924 liberatus.

2159 4664 2410 4734 ἀνομίαν.
2449 4684 2468 4716 ι
2503 4666 2748 4720 τουτέστι
2774 4667 2834 4721 τὸ
2867 4666 2959 4720 ἐπὶ
2987 4667 3152 4720 πλέον
3175 4667 3416 4734 ἀνομεῖν.
3447 4662 3582 4718 Ἀντὶ
3600 4657 3694 4720 τοῦ,

2171 4753 2514 4820 Ἐξεκαίεσθε
2564 4758 2660 4812 καὶ
2692 4759 2772 4820 είς
2803 4756 2884 4810 ἔτι
2921 4757 3121 4826 μᾶλλον
3155 4754 3426 4828 ἀνομεῖν),
3475 4753 3604 4824 πλὴν
3625 4748 3697 4804 διὰ

2156 4845 2257 4918 τὴν
2283 4847 2572 4902 ἀσθένειαν
2604 4849 2702 4919 τῆς
2737 4849 2960 4917 σαρκὸς,
2991 4848 3090 4919 τὴν
3123 4847 3246 4918 ῐσην
3271 4847 3515 4903 ἀπαιτῶ.

2237 4957 2255 4990 ι
2295 4939 2424 4992 Ὅτε
2476 4941 2584 5010 γὰρ
2645 4939 2820 4993 δοῦλοι
2865 4935 2962 5011 ἦτε
3007 4940 3106 5007 τῆς
3162 4941 3504 5010 ἁμαρτίας.»
3553 4935 3694 4992 Ὅτε.

2159 5031 2343 5100 φησὶν,
2375 5033 2434 5082 ὲν
2488 5030 2733 5102 ἁμαρτίᾳ
2784 5030 2971 5100 ἐζῆτε,
3027 5030 3281 5083 τοσοῦτον
3312 5028 3599 5098 ὑπηκούετε
3641 5025 3692 5091 τῇ

2157 5122 2423 5192 ἁμαρτίᾳ,
2459 5121 2535 5184 ὡς
2581 5120 2868 5192 μηδοτιοῦν
2917 5123 3179 5193 πράττειν
3203 5121 3370 5176 καλόν
3392 5138 3408 5156 ο
3439 5120 3584 5175 τοῦτο
3607 5115 3694 5185 γὰρ

2157 5213 2306 5280 δηλοῖ
2336 5213 2417 5279 τὸ,
2436 5213 2739 5283 Ἐλεύθεροι
2757 5210 2852 5285 ἦτε
2871 5217 2937 5284 τῇ
2967 5213 3304 5286 δικαιοσύνῃ,
3321 5215 3601 5270 τουτέστιν,
3617 5207 3691 5259 Ἑν

2155 5305 2333 5358 οὐδενὶ
2357 5302 2454 5376 ἦτε
2485 5307 2916 5376 ὑποτεταγμένοι
2944 5308 3104 5379 αὐτῇ,
3136 5308 3330 5362 οὐκοῦν
3360 5308 3452 5360 καὶ
3488 5305 3572 5358 νῦν
3595 5299 3694 5355 ἐπεὶ

2161 5398 2456 5470 μετέστητε
2505 5402 2585 5463 εἰς
2633 5401 2732 5469 τὴν
2781 5401 3147 5468 δικαιοσύνην,
3193 5399 3462 5470 ἐλεύθεροι
3512 5390 3691 5464 γίνεσθε

2156 5493 2221 5560 τῇ
2254 5491 2520 5562 ἁμαρτίᾳ.
2549 5493 2720 5545 Τοῦτο
2749 5493 2858 5564 γὰρ
2895 5493 3290 5546 συνυπακούειν
3337 5491 3365 5542 ὁ
3397 5487 3581 5548 σκοπὸς
3615 5478 3687 5534 τοῦ

2158 5585 2436 5654 ἀνωτὲρου
2488 5587 2786 5656 κεφαλαίου
2840 5590 3079 5643 ἀπαιτεῖ.
3141 5609 3158 5641 ι
3199 5589 3329 5641 Τίνα
3379 5583 3470 5639 οὖν
3511 5577 3688 5652 καρπδν

2160 5674 2332 5745 εἴχετε
2363 5678 2482 5730 τότε
2510 5694 2525 5742 ;
2559 5698 2576 5730 ι
2612 5677 2686 5734 Τί.
2707 5679 2801 5733 οὖν
2834 5681 2893 5734 τὸ
2926 5680 3112 5749 ὄφελος
3138 5681 3285 5752 ὑμῖν,
3317 5678 3466 5748 φησὶ.
3496 5678 3583 5744 τῆς
3604 5667 3688 5722 πά·

2157 5768 2246 5822 λαι
2295 5769 2590 5842 πονηρίαςς
2657 5773 2853 5838 Οὕδέν,
2901 5774 3149 5844 δηλονότι
3199 5772 3257 5826 τὸ
3305 5762 3686 5837 ἐπαισχύνεσθαι

2163 5863 2307 5926 ὑμᾶς
2327 5860 2444 5920 νῦν·
2469 5863 2641 5930 οὕτως
2672 5866 2778 5932 γὰρ
2806 5869 2973 5921 κακὸν
3003 5869 3034 5934 ἡ
3070 5865 3327 5934 ἁμαρτία,
3361 5863 3438 5916 ὅτι
3467 5859 3549 5914 καί
3573 5869 3685 5927 μετα
