3978 6556
231 461 338 523 ιεδ
901 543 914 551 ,
1289 469 1674 532 COMMENT.
1705 471 1782 532 1N
1812 471 2053 536 EPIST.
2094 461 2201 551 AD
2226 459 2406 535 nou.
3369 473 3478 536 tte

231 573 585 644 ἀπαλλαγὴν,
617 573 936 645 αίσχύνεταί
962 593 1046 639 τις
1073 577 1162 629 ἐπ’
1187 579 1348 650 αὐτῇ.
1381 597 1400 630 ι
1423 578 1497 631 Τὸ
1525 580 1634 649 γὰρ
1661 579 1811 640 τέλος

1929 581 1985 636 ab
2007 582 2186 651 ipsum
2214 582 2418 638 rubore
2458 581 2831 638 suffundatur.
2873 601 2892 636 ι
2932 579 3066 638 Nam
3101 583 3225 640 finis
3265 583 3483 640 illorum

227 663 460 717 δκείνων
489 665 737 727 θάνατος.
763 686 782 718 ι
815 668 889 720 Οὐ
921 668 1080 737 μόνον
1101 669 1209 724 ἀπὸ
1243 670 1336 739 τῆς
1368 671 1594 740 αἰσχύνη
1607 689 1648 735 ;,
1675 669 1812 723 ἀλλὰ

1929 685 2082 727 nors.
2114 693 2130 724 ι
2157 675 2276 728 Non
2311 675 2488 729 solum
2527 691 2554 728 a
2580 675 2810 744 pudore,
2830 691 3022 730 verum
3047 677 3212 731 etiam
3251 677 3320 732 ab
3349 678 3486 732 elle-

228 755 329 808 καὶ
360 755 474 808 ἀπὸ
502 757 630 811 τῶν
676 758 1142 829 ἀποτελεσμάτων
1186 760 1588 824 κατασκευάζει
1620 761 1680 814 τὸ
1713 777 1811 830 μο-

1929 766 2093 821 :tibus
2115 768 2328 835 peccati
2374 766 2634 821 malitiam
2691 767 2999 822 conﬁrmat.
3028 767 3182 823 Finis
3233 769 3480 835 illorum,

231 846 444 916 χθηρδν
481 848 584 918 τῆς
615 849 912 919 ἁμαρτίας.
939 851 1011 902 Τὸ
1044 850 1198 914 τέλος
1239 851 1483 914 ἐκείνων,
1528 851 1684 921 φησὶ,
1712 851 1811 905 θά-

228 954 398 989 νατον
429 938 562 1007 ἔχει,
582 940 740 993 τοῦτο
765 940 830 1012 δὴ
859 941 950 994 τὸν
975 943 1182 1014 νοητόν.
1215 962 1233 996 ι
1265 944 1458 1014 Ἔχετε
1481 943 1571 996 τδν
1602 943 1813 1014 καρπὸν

228 1029 395 1096 ὑμῶν
421 1031 500 1090 εἰς
528 1031 821 1100 ἁγιασμόν.
861 1033 1146 1087 »Ἐκείνων
1178 1035 1295 1101 μὲν,
1337 1039 1526 1105 φησιν,
1551 1035 1579 1086 6
1602 1032 1814 1104 καρπδς

229 1117 468 1183 θάνατος
493 1124 589 1182 καὶ
619 1123 847 1193 αἰσχύνη
873 1141 888 1156 ·
909 1124 1114 1178 τούτων
1140 1125 1198 1178 δὲ
1231 1125 1260 1176 ὁ
1289 1127 1521 1196 καρπὸς,
1543 1124 1815 1194 ἀγιασμδς

228 1211 329 1260 καὶ
350 1209 468 1280 ζωὴ
495 1212 731 1276 αἰώνιος.
751 1214 893 1266 Ἀλλ’
910 1216 1060 1284 ὅμως
1086 1217 1400 1269 καὶτούτων
1423 1215 1596 1278 οὕτως
1616 1215 1811 1282 ὄντων,

229 1303 396 1372 φησὶ,
434 1306 530 1357 καὶ
565 1305 757 1370 οὕτως
788 1307 867 1377 τῷ
901 1307 1022 1378 Θεῷ
1052 1307 1399 1372 δουλεύσατε,
1439 1307 1629 1378 ὥσπερ
1685 1306 1815 1360 ποτὲ

227 1396 332 1447 καὶ
364 1400 429 1467 τῇ
461 1398 773 1470 ἀκαθαρσίᾳ
799 1401 891 1453 καὶ
911 1403 978 1471 τῇ
1011 1399 1231 1473 ἀνομίᾳ.
1268 1420 1286 1452 ι
1308 1401 1464 1454 Τὸιδὲ
1492 1400 1646 1463 τέλος
1670 1399 1814 1470 ζωὴν

227 1485 478 1538 αἰώνιον.
511 1506 531 1538 ι
563 1488 660 1541 Ἐκ
681 1489 790 1541 τῶν
819 1489 1118 1560 δεδομένων
1143 1492 1214 1545 τὰ
1245 1490 1674 1561 προσδοκώμενα
1720 1505 1814 1542 πιο

232 1577 484 1641 στοῦται,
509 1581 807 1646 τουτέστιν,
831 1582 938 1635 ἀπὸ
967 1583 1264 1652 ἀγιασμοῦ,
1287 1583 1386 1652 τὴν
1408 1582 1624 1635 αἰώνιον
1646 1583 1812 1652 ζωήν.

239 1687 261 1719 ι
297 1670 380 1720 Τὰ
415 1673 526 1741 γὰρ
560 1673 768 1751 ὀψώνια
802 1675 899 1744 τῆς
925 1675 1203 1744 ἁμαρτίας
1227 1674 1490 1736 θάνατοςι
1511 1692 1531 1726 ι
1561 1674 1641 1726 Τὰ
1669 1672 1814 1742 ὀψώ-

231 1775 346 1824 νια,
387 1753 500 1813 οἷον
523 1762 556 1814 ά
586 1762 820 1831 καρπὸς,
863 1763 896 1832 ἢ
936 1763 1134 1834 δωρεά.
1181 1763 1480 1831 Ὀψὼνιον
1511 1762 1749 1831 λέγεται,
1780 1764 1813 1833 ή

235 1849 499 1922 βασιλική
555 1853 755 1924 δωρεά.
814 1856 956 1927 Ὅρα
997 1855 1053 1909 δὲ
1108 1855 1168 1922 ἐξ
1221 1850 1302 1909 ὧν
1344 1854 1696 1924 ἐπεξέρχεται
1737 1853 1815 1922 τῷ

1916 856 2112 926 inquit,
2143 866 2374 911 mortem
2404 858 2586 923 habet,
2617 859 2781 928 idque
2808 860 3168 930 Spiritualcm.
3201 881 3220 913 ι
3260 861 3484 918 Habetis

1912 948 2150 1002 fructum
2181 957 2422 1002 vestrum
2453 950 2506 1003 in
2536 951 3044 1007 sauctiﬁcationem.
3077 972 3094 1002 ι
3115 951 3358 1017 Illorum,
3395 955 3480 1009 in-

1916 1041 2056 1110 quit.
2089 1040 2301 1095 fructus
2341 1057 2489 1096 mors
2524 1052 2610 1097 est
2640 1051 2696 1097 et
2721 1042 2992 1108 confusio,
3037 1045 3234 1098 horum
3284 1053 3475 1100 autem

1915 1127 2126 1184 fructus
2171 1128 2532 1183 sanctiﬁcatio
2577 1137 2663 1184 est
2708 1138 2765 1184 et
2814 1131 2924 1184 vita
2986 1139 3211 1186 aeterna.
3276 1134 3486 1188 Verum

1916 1232 2227 1291 quanquam
2261 1221 2376 1276 haec
2412 1221 2484 1275 ita
2513 1237 2571 1277 se
2595 1221 2856 1282 habeant.
2892 1223 3086 1278 saltem
3116 1225 3191 1277 ita
3223 1225 3333 1278 Deo
3366 1240 3486 1280 ser-

1916 1310 2046 1372 vite,
2094 1310 2555 1380 quemadmodum
2599 1312 2731 1366 olim
2778 1313 3144 1368 immunditia:
3179 1323 3236 1368 et
3280 1315 3488 1385 iniqui~

1919 1403 2012 1456 tali
2047 1418 2060 1454 :
2100 1411 2119 1454 ι
2161 1402 2352 1457 Finem
2393 1419 2527 1458 vero
2557 1405 2726 1457 vitam
2755 1412 3036 1459 αξιοι-ηοω.
3082 1423 3100 1455 ι
3134 1404 3216 1458 Ab
3246 1406 3331 1460 his
3365 1423 3486 1476 qua:

1917 1493 2040 1548 data
2062 1502 2211 1558 sunt,
2233 1502 2424 1548 eorum
2453 1494 2613 1549 ﬁdem
2645 1494 2774 1549 facit
2797 1510 2917 1564 qua:
2945 1500 3354 1563 exspectantur,
3379 1497 3488 1552 hoc

1915 1593 2018 1649 est,
2051 1599 2081 1638 a
2115 1584 2546 1640 sanctiﬁcatione
2574 1585 2742 1639 vitam
2779 1596 3043 1640 auernam
3079 1586 3262 1640 infert.
3305 1604 3325 1637 ι
3369 1587 3486 1641 Sti-

1915 1676 2113 1745 pendia
2141 1679 2288 1732 enim
2321 1679 2530 1748 peccati
2554 1693 2722 1732 mors.
2754 1697 2772 1728 ι
2802 1677 3114 1747 Stipendia,
3136 1679 3288 1732 lucra
3317 1678 3484 1733 veluti

1917 1765 2130 1822 fructus
2176 1769 2262 1823 vel
2305 1770 2532 1823 don-um.
2573 1768 2854 1838 ’Utpa'wtov,
2899 1769 2953 1823 id
2984 1779 3088 1826 est.
3128 1769 3483 1838 stipendium,

1917 1859 2124 1915 dicitur
2159 1860 2363 1916 donum
2410 1863 2577 1933 regis.
2629 1861 2764 1917 Vide
2823 1870 3006 1916 autem
3061 1861 3264 1931 quibus
3301 1861 3491 1916 verbis

232 1941 422 2010 λόγῳ,
475 1944 908 2016 ἀσφαλεστέρους
947 1963 1006 1999 τε
1065 1947 1263 2024 αὐτοὺς
1318 1946 1455 2017 πρὸς
1509 1946 1572 1998 τὸ
1626 1945 1819 2017 μέλλον

1929 1969 2230 2010 sermonem
2258 1955 2545 2011 edisserat.
2580 1954 2712 2010 Nam
2745 1957 2870 2011 illos
2908 1966 2964 2010 et
2997 1955 3273 2009 ﬁrmiores
3304 1953 3490 2010 reddit

236 2035 408 2094 ποιεῖ,
471 2033 564 2086 καὶ
626 2034 782 2087 αὐτοὶ
843 2035 1257 2106 εὐχαριστοῦσιν
1303 2029 1396 2088 ’ὧν
1449 2034 1828 2106 ἑρῤύσθησαν.-

233 2117 518 2193 -[ΦΩΤ.]
563 2122 828 2192 Ὀψώνιον
855 2125 943 2180 διὰ
994 2126 1092 2195 τῆς
1122 2124 1398 2196 ἁμαρτίας
1439 2124 1747 2194 ὠνούμεθα,
1781 2124 1818 2179 ἃ

237 2212 378 2280 ἡμῖν
428 2213 610 2283 ἐκείνη
656 2215 1030 2287 πραττομένη,
1061 2215 1370 2269 ἀντιδίδωσι
1402 2215 1498 2270 καὶ
1547 2215 1815 2285 προξενεῖ.

246 2321 265 2353 ι
297 2303 378 2355 Τὸ
405 2303 460 2356 δὲ
487 2306 728 2375 χάρισμα
757 2305 852 2359 τοῦ
883 2307 1040 2360 Θεοῦ.
1073 2327 1091 2358 ι
1142 2308 1256 2360 Οὐκ
1284 2303 1471 2360 εἶπεν·
1517 2306 1576 2359 Ὀ
1627 2307 1818 2377 μισθὸς

240 2395 352 2447 τῶν
385 2397 850 2466 κατορθωμάτων,
889 2398 1046 2464 ἀλλὰ,
1079 2400 1398 2470 (Χάρισμα,
1429 2417 1446 2450 ι
1480 2399 1696 2461 δεικνὺς
1735 2399 1818 2453 ὃτι

235 2485 340 2536 οὐκ
365 2487 428 2538 ὲκ
459 2488 744 2556 καμάτων,
769 2487 904 2542 ἀλλά
940 2489 1080 2542 κατά
1104 2489 1264 2561 χάριν
1287 2487 1682 2560 ἀπηλλάγησαν
1709 2487 1818 2541 τῶν

238 2577 555 2649 ἁμαρτιῶν.

785 2709 794 2717 -.
857 2670 1106 2725 ΚΕΦΑΛ.
1130 2671 1208 2727 Θθ.

397 2760 817 2832 Ἐπανάληψις
843 2762 976 2831 περὶ
1012 2761 1120 2831 τῆς
1161 2763 1234 2816 ἐν
1269 2762 1464 2833 χάριτι
1505 2765 1672 2832 ζωῆς.

314 2854 396 2907 Ἢ
437 2855 725 2924 ἀγνοεῖτε,
775 2855 1050 2924 ἀδελφοί,
1076 2853 1442 2924 γινώσκουσι
1483 2857 1596 2927 τὰρ
1629 2859 1819 2926 νόμον

236 2944 436 3024 λαλῶ,
469 2947 557 3000 ὅτι
591 2951 622 3003 ό
669 2949 854 3017 νόμος
904 2949 1169 3017 κυριεύει
1216 2949 1324 3004 τοῦ
1368 2950 1684 3018 ἀνθρώπου
1721 2949 1816 3018 ἐφ’

239 3033 404 3090 ὅσον
449 3039 672 3106 χρόνον
701 3037 808 3107 (ﬁ;
875 3039 946 3096 Ἠ
996 3039 1106 3110 γὰρ
1155 3041 1459 3110 ὕπανδρος
1505 3041 1684 3112 γυνὴ,
1738 3041 1818 3106 τῷ

240 3126 416 3187 ζῶντι
469 3129 638 3198 ἀνδρὶ
692 3131 921 3186 δέδεται
954 3135 1136 3203 νόμῳο
1191 3133 1300 3187 ἐὰν
1342 3133 1411 3187 δὲ
1465 3134 1734 3201 ἀποθάνῃ
1785 3136 1818 3187 ό

1916 2047 1984 2100 ad
2017 2046 2070 2100 id
2110 2049 2255 2117 quod
2289 2047 2534 2102 futurum
2561 2056 2666 2113 est,
2693 2055 2751 2102 et
2777 2056 2839 2102 ut
2872 2048 2940 2102 de
2983 2047 3068 2101 his
3097 2047 3300 2117 gratias
3325 2053 3488 2117 agant

1917 2154 1946 2192 a
1970 2138 2171 2208 quibus
2212 2139 2428 2193 liberati
2465 2145 2614 2203 sunt,
2655 2138 2841 2194 edicit.
2875 2137 3220 2207 Stipendium
3253 2137 3488 2192 facimus

1917 2245 2016 2299 per
2047 2239 2350 2299 peccatum,
2390 2230 2536 2300 quod
2569 2230 2730 2285 nobis
2761 2231 2896 2285 illud
2944 2240 3316 2300 perpetratum
3347 2245 3484 2285 con-

1917 2319 2067 2374 ciliat
2121 2319 2500 2389 acrependit.
2543 2339 2562 2372 ι
2629 2321 2840 2374 Donum
2885 2329 3069 2374 autem
3117 2319 3234 2372 Dei.
3295 2338 3310 2368 ι
3365 2318 3484 2372 Non

1917 2413 2055 2467 dixit
2090 2413 2336 2467 :Merces
2372 2412 2648 2466 bonorum
2689 2425 2941 2480 cperam,
2987 2407 3086 2464 sed
3125 2428 3144 2459 ι
3181 2408 3409 2471 donum,
3459 2426 3480 2458 ι

1918 2503 2214 2558 ostendens
2252 2502 2400 2571 quod
2441 2517 2552 2556 non
2589 2515 2689 2570 per
2725 2501 2970 2563 labores,
2999 2499 3096 2554 sed
3128 2514 3228 2569 per
3255 2497 3486 2569 gratiam

1918 2595 2135 2650 liberati
2169 2595 2280 2650 sint
2311 2609 2340 2648 a
2361 2593 2623 2664 peccatis.

2421 2684 2587 2756 234
2621 2683 2845 2740 CAPUT
2882 2683 2979 2738 Ix.

2131 2778 2390 2849 Repetitio
2418 2778 2482 2831 de
2507 2779 2615 2832 vita
2648 2792 2766 2847 qua:
2801 2783 2877 2830 est
2913 2777 2968 2830 in
2992 2777 3272 2829 charitate.

1991 2873 2101 2936 VII,
2128 2873 2238 2926 1-5.
2261 2871 2344 2926 An
2377 2871 2654 2940 ignoratis,
2683 2869 2876 2938 fratres
2910 2867 3215 2934 (scientibus
3247 2865 3385 2918 enim
3411 2865 3489 2916 le-
3571 2863 3581 2870 '

1921 2983 2037 3038 gem
2065 2965 2287 3036 loquor),
2322 2964 2460 3034 quod
2483 2961 2564 3015 lea:
2585 2962 2882 3014 dominetur
2906 2959 3105 3013 homini
3130 2965 3327 3028 quanto
3349 2965 3490 3009 tem-

1922 3075 2048 3132 pore
2086 3059 2250 3112 vivit?
2282 3055 2474 3111 Mulier
2518 3055 2656 3108 enim
2702 3054 2812 3107 viro
2842 3052 3100 3121 subjecta,
3143 3048 3333 3102 viventi
3378 3048 3492 3100 viro

1921 3154 2144 3223 alligata
2178 3161 2254 3214 est
2284 3165 2378 3215 per
2423 3147 2589 3218 legem
2622 3163 2639 3202 :
2675 3145 2812 3216 quod
2840 3146 2886 3198 si
2931 3151 3170 3197 mortuus
3199 3140 3356 3210 fuerit
3389 3139 3497 3202 vir,-

240 3219 427 3286 ἁνὴρ,
471 3222 833 3322 κατήργηται
876 3224 995 3278 ἀπὸ
1045 3225 1152 3279 τοῦ
1203 3227 1390 3318 νόμου
1433 3226 1538 3280 τοῦ
1575 3225 1814 3293 ἀνδρός.

1929 3219 2163 3301 absoluta
2187 3251 2262 3297 est
2291 3259 2324 3296 a
2355 3240 2464 3311 lege
2488 3240 2606 3293 viri.
2640 3238 2828 3306 Itaque
2849 3238 3048 3290 vivente
3084 3236 3216 3298 viro,
3243 3231 3489 3286 adultera

245 3313 402 3383 ’Ἄρα
440 3307 555 3368 οὖν
599 3312 815 3382 ζῶντος
855 3316 962 3370 τοῦ
1001 3316 1223 3384 ἀνδρὸς
1261 3307 1544 3385 μοιχαλὶς
1594 3331 1821 3384 χρημα-

242 3406 427 3472 τίσει,
455 3406 564 3460 ἐὰν
593 3407 834 3475 γένηται
855 3408 1028 3476 ἀνδρί
1061 3408 1259 3477 ἑτέρῳ.
1281 3410 1424 3464 Ἐὰν
1450 3407 1520 3462 δὲ
1546 3408 1819 3478 ἀποθάνῃ

244 3502 279 3551 ό
318 3497 497 3566 ἀνὴρ,
531 3497 817 3567 ἐλευθέρα
852 3499 1023 3554 ἐστίν
1050 3501 1168 3556 ἀπὸ
1201 3499 1310 3554 τοῦ
1351 3501 1564 3569 νόμου,
1603 3498 1708 3553 τοῦ
1732 3501 1822 3569 μὴ

244 3588 404 3662 εἶναι
431 3591 627 3661 αὐτὴν
664 3593 1008 3662 μοιχαλίδα,
1046 3592 1388 3662 γενομένην·¹
1408 3592 1579 3661 ἀνδρί
1620 3592 1819 3661 ἑτέρῳ.

323 3679 464 3732 Μετ’
487 3681 762 3752 ὲγκωμίου
787 3680 934 3750 λέγει
955 3683 1036 3748 τὸ,
1080 3682 1477 3750 «Γινώσκουσι.
1509 3699 1528 3736 ι
1563 3713 1634 3724 --
1662 3702 1681 3736 ι
1701 3685 1823 3738 ’Ὀτι

246 3773 278 3825 ὀ
311 3772 478 3840 νόμος
521 3772 768 3843 κυριεύει
820 3772 914 3827 τοῦ
945 3773 1271 3845 ἀνθρώπους
1302 3794 1322 3828 ›
1359 3771 1526 3830 Εἶπεν
1575 3777 1708 3841 ἄνω,
1743 3777 1824 3830 ὅτι

249 3861 604 3933 ἀπεθάνομεν
655 3866 720 3934 τῇ
779 3864 1064 3936 ἁμαρτίᾳ,
1113 3865 1402 3935 τοιγαροῦν
1449 3865 1510 3920 οὐ
1579 3866 1826 3938 κυριεύει

251 3955 435 4024 ἡμῶν,
465 3953 572 4007 τῶν
598 3956 721 4008 ὅσον
746 3954 836 4009 ἐπ’
861 3957 998 4027 αὐτῇ
1028 3956 1237 4027 νεκρῶν
1261 3958 1450 4022 ὄντων,
1477 3957 1572 4010 νῦν
1599 3957 1656 4010 δὲ
1683 3957 1825 4011 θέλει

253 4047 447 4130 δείξαι,
473 4047 555 4099 ὅτι
577 4046 704 4100 οὔτε
722 4050 750 4101 ὁ
780 4043 941 4118 νόμος
969 4048 1126 4119 ἡμῶν
1164 4048 1429 4126 κυριεύει.
1461 4049 1826 4122 Ἀνθρώπινον

253 4139 313 4190 δὲ
337 4138 484 4208 λέγει
516 4139 890 4210 παράδειγμα.
930 4135 1064 4197 Εἶτα
1113 4141 1317 4213 προῖὼν
1344 4141 1620 4197 δείκνυσιν
1657 4143 1738 4197 ὅτι
1765 4145 1826 4196 οὐ

261 4232 424 4300 μόνον
457 4233 618 4302 ἡμεῖς
645 4233 988 4305 ἀπεθάνομεν
1013 4234 1092 4303 τῷ
1117 4235 1289 4305 νόμῳ,
1323 4235 1461 4289 ἀλλὰ
1494 4235 1589 4288 καὶ
1611 4237 1639 4289 ὁ
1669 4235 1828 4305 νόμος

256 4322 497 4378 ἀπέθανε
526 4328 590 4396 τῇ
610 4327 900 4397 ἐπιφανείᾳ
919 4326 1013 4379 τοῦ
1033 4325 1292 4396 Χριστοῦ.
1313 4345 1330 4378 ι
1358 4325 1464 4380 Τοῦ
1485 4326 1823 4396 ἀνθρώπου.»

259 4421 377 4473 Οὐκ
408 4416 561 4472 εἶπεν
603 4420 794 4490 ἀνδρὸς
826 4420 861 4490 ἠ
899 4421 1174 4488 γυναικὸς,
1201 4420 1356 4486 ἀλλὰ,
1396 4438 1416 4472 ι
1447 4419 1824 4492 ’Δνθρώπουμ

259 4510 349 4562 ἵνα
392 4511 740 4581 ἀμφοτέρους
785 4511 1021 4594 δηλώσῃ.
1078 4531 1097 4564 ι
1137 4512 1253 4582 Ἐφ’
1301 4512 1426 4566 ὅσον
1453 4512 1645 4582 χρόνον
1686 4511 1775 4583 ζῇ.
1805 4531 1824 4564 ι

260 4604 398 4669 Τίς;
429 4605 680 4674 Δηλονότι
718 4606 746 4658 ὁ
774 4603 1078 4675 ἄνθρωπος.
1127 4604 1508 4668 Ἐλλειπτικῶς
1543 4600 1634 4657 οὗν
1680 4605 1830 4675 εἴρη-
1862 4608 1904 4662 D

260 4717 372 4753 ται.
402 4698 579 4768 Σαφὲς
619 4699 675 4753 δὲ
713 4699 845 4753 αὐτὸ
874 4701 1041 4762 ποιεῖ,
1069 4698 1130 4752 τὸ
1179 4698 1542 4772 ἐπαγόμενον.
1575 4717 1594 4750 ι
1630 4697 1694 4751 Ἦ
1723 4698 1832 4768 γὰρ

264 4790 541 4860 ὕπανδρος
571 4792 728 4862 γυνή.
759 4809 778 4842 ι
815 4791 905 4845 Ἐν
933 4789 1085 4855 τάξει
1125 4789 1214 4843 τοῦ
1249 4773 1460 4861 ἀνδρὸς,
1493 4789 1706 4844 τέθεικε
1741 4790 1835 4842 τὸν

263 4884 456 4954 νόμον,
510 4885 568 4936 ὲν
611 4884 764 4948 τάξει
812 4883 870 4936 δὲ
911 4885 1191 4953 γυναικὸς,
1239 4885 1364 4946 τοὺς
1419 4881 1833 4944 πιστεύσαντας.

271 4999 293 5035 ι
328 4979 458 5035 Ἐὰν
487 4980 545 5033 δὲ
584 4979 831 5052 ἀποθάνῃ
858 4981 887 5032 ὁ
937 4977 1095 5050 ἀνήρ.
1133 4998 1152 5030 ι
1185 4978 1276 5030 Ἐν
1313 4977 1392 5046 τῷ
1433 4976 1836 5047 παραδείγματι

266 5073 370 5142 τῆς
422 5073 616 5142 χήρας,
653 5071 745 5125 τὸν
776 5072 939 5142 νόμον
983 5069 1297 5124 ὑποτίθεται
1329 5068 1692 5132 ἀποθανόντα,
1725 5067 1837 5120 ἀλλ’

267 5167 370 5218 οὐκ
419 5166 478 5219 ἐν
511 5164 598 5236 ’τῷ
629 5165 1078 5233 συμπεράσματι,
1130 5163 1219 5216 ίνα
1259 5161 1335 5234 μὴ
1377 5162 1586 5233 ἐπαχθῆ
1638 5162 1852 5233 ποιήσῃ

269 5259 365 5310 τὸν
411 5238 592 5324 λόγον,
640 5255 799 5325 μόνον
850 5253 1038 5316 ἁπλῶς
1087 5252 1467 5322 διηγούμενος.
1525 5271 1543 5304 ι
1571 5252 1704 5306 Ἀπὸ
1745 5249 1840 5303 τοῦ

271 5351 465 5420 νόμου.
498 5368 516 5402 ι
561 5348 666 5402 Τοῦ
711 5345 1130 5421 νομοθετοῦντος
1179 5346 1309 5416 περὶ
1351 5343 1444 5397 τοῦ
1495 5345 1716 5414 ἀνδρὸς,
1748 5346 1842 5396 καὶ

271 5443 600 5512 δεσμοῦντος
628 5442 726 5511 τὴν
756 5442 986 5510 γυναῖκα
1037 5439 1172 5508 πρὸς
1232 5438 1414 5492 αὐτόν.
1467 5437 1540 5490 Τὸ
1570 5438 1650 5500 δὲ,
1697 5441 1845 5491 Κατ-

272 5535 550 5604 ήρτηται,
578 5535 699 5589 ἀντὶ
717 5533 834 5596 τοῦ,
864 5531 1220 5597 ἀπολέλυται,
1245 5529 1640 5601 ὴλευθέρωται.

350 5631 549 5691 Ὥστε,
576 5627 830 5696 ἀδελφοί
847 5643 987 5695 μου,
1011 5625 1108 5679 καὶ
1137 5623 1307 5690 ὑμεῖς
1335 5622 1739 5690 ἐθανατώθητε
1767 5621 1847 5689 τῷ

272 5724 442 5790 νόμῳ
463 5719 561 5773 διὰ
591 5720 697 5774 τοῦ
725 5719 1000 5789 σώματος
1029 5718 1134 5772 τοῦ
1161 5715 1444 5785 Χριστοῦ,
1479 5717 1568 5780 εἴς
1593 5715 1657 5768 τὸ
1685 5715 1846 5784 γενέ-

271 5816 419 5868 σθαι
459 5810 615 5883 ὑμᾶς
653 5812 854 5880 ἑτέρῳ,
890 5811 972 5876 τῷ
999 5813 1068 5865 ἐκ
1107 5808 1336 5877 νεκρῶν
1375 5806 1670 5878 ἐγερθέντι
1692 5847 1708 5873 ,
1751 5807 1850 5861 ἵνα

273 5905 834 5976 καρποφορήσωμεν
870 5904 950 5972 τῷ
980 5903 1122 5971 Θεῷ.
1158 5903 1298 5957 Ὅτε
1337 5902 1448 5972 γὰρ
1483 5898 1635 5972 ἦμεν
1669 5901 1739 5958 ἐν
1775 5918 1806 5954 τ
1817 5899 1850 5969 ᾖ

1910 3338 2262 3412 judicabitur,
2294 3335 2340 3389 si
2369 3349 2425 3387 se
2453 3333 2695 3402 junxrrit
2732 3330 2825 3384 alii
2851 3331 2960 3383 viro
2987 3345 3006 3382 :
3027 3329 3110 3381 sin
3136 3335 3310 3379 autem
3343 3337 3490 3376 mor-

1922 3442 2040 3487 tuus
2066 3431 2224 3500 fuerit
2252 3427 2354 3489 vir,
2391 3425 2555 3479 libera
2580 3430 2655 3478 est
2685 3440 2716 3477 a
2753 3421 2883 3493 lege,
2916 3428 2972 3474 ut
3001 3436 3104 3473 non
3126 3419 3194 3472 sit
3223 3414 3491 3479 adultera,

1920 3525 2228 3594 sijungitur
2257 3520 2354 3576 atii
2375 3521 2509 3574 viro.

1991 3711 2126 3767 Cum
2174 3705 2426 3763 encomio
2476 3703 2612 3758 dicit
2657 3717 2678 3752 ‹
2735 3697 3052 3756 Scientibus
3107 3696 3305 3766 legem.
3354 3711 3371 3745 ι
3425 3721 3495 3731 -

1931 3822 1950 3854 ι
1982 3801 2138 3869 Quod
2177 3801 2265 3854 lex
2305 3797 2622 3852 dominetur
2663 3791 2923 3847 homini?
2973 3809 2990 3840 ι
3041 3786 3310 3857 Superius
3355 3783 3495 3838 dixit

1925 3894 2070 3966 quod
2097 3889 2301 3946 mortui
2333 3902 2526 3942 sumus
2556 3893 2782 3955 peccato
2813 3900 2826 3935 :
2857 3881 3021 3935 nobis
3047 3881 3232 3948 itaque
3254 3892 3362 3930 non
3397 3875 3500 3928 do-

1925 3984 2186 4041 minatur,
2215 3993 2280 4034 ea
2319 3977 2532 4032 ratione
2580 3989 2687 4043 qua
2736 3984 2928 4027 sumus
2960 3970 3039 4024 illi
3079 3969 3305 4030 mortui,
3345 3981 3497 4020 nunc

1927 4082 2110 4130 autem
2149 4070 2268 4125 vult
2303 4066 2594 4124 ostendere
2626 4063 2775 4133 quod
2807 4075 2990 4130 neque
3029 4060 3111 4113 lex
3153 4057 3494 4110 dominetur.

1927 4167 2239 4222 Humanum
2279 4167 2461 4215 autem
2498 4156 2707 4226 profert
2751 4153 3086 4221 exemplum.
3124 4148 3335 4203 Deinde
3369 4161 3500 4215 pro-

1929 4256 2173 4314 cedendo
2205 4250 2466 4315 ostendit,
2500 4247 2648 4318 quod
2682 4251 2791 4299 non
2824 4244 3000 4298 solum
3030 4255 3130 4295 nos
3156 4240 3260 4309 legi
3293 4237 3500 4292 mortui

1930 4363 2118 4406 sumus
2138 4363 2150 4399 :
2170 4343 2264 4400 sed
2289 4351 2346 4398 et
2373 4343 2458 4397 lex
2483 4347 2696 4394 mortua
2717 4345 2802 4392 est
2822 4351 2922 4406 per
2949 4333 3246 4388 adventum
3275 4328 3499 4385 Christi.

1939 4462 1957 4494 ι
1995 4438 2235 4495 Homini.
2275 4455 2292 4487 ι
2321 4435 2440 4490 Non
2473 4432 2612 4488 dixit
2641 4431 2780 4495 viro,
2812 4436 2907 4483 aut
2941 4425 3182 4485 mulieri,
3223 4421 3316 4476 sed
3353 4440 3372 4471 ι
3399 4419 3504 4473 ho-

1930 4533 2089 4599 mini,
2132 4550 2149 4583 ι
2195 4538 2256 4585 ιιι
2288 4541 2584 4596 utrumque
2621 4521 2974 4593 signiﬁcaret.
3035 4536 3053 4568 ι
3090 4515 3307 4582 Quanto
3354 4523 3496 4567 tem-

1933 4642 2066 4698 pore
2098 4624 2254 4678 vivit.
2307 4640 2325 4673 ι
2347 4619 2536 4687 ‘Quis?
2586 4617 2753 4670 homo
2787 4611 3066 4668 videlicet.
3098 4610 3202 4663 Per
3226 4606 3506 4698 delectum

1935 4693 2065 4786 ergo
2111 4715 2320 4769 dictum
2362 4718 2468 4776 est,
2503 4708 2600 4764 sed
2634 4706 2689 4762 id
2731 4705 2879 4775 quod
2933 4699 3286 4769 subjungitur
3339 4693 3508 4749 cllicit

1937 4807 2070 4865 illud
2109 4803 2486 4862 manufestum.
2535 4818 2553 4850 ι
2599 4797 2800 4853 Mulier
2832 4793 2980 4850 enim
3018 4791 3138 4844 viro
3174 4789 3442 4857 subjecta.
3480 4802 3501 4834 ι

1935 4901 2140 4958 Ordine
2180 4896 2284 4951 viri
2334 4895 2519 4965 posuit
2551 4893 2751 4958 legem.
2792 4885 2983 4956 ordine
3017 4891 3198 4936 autem
3254 4877 3508 4932 mulieris

1938 4993 2246 5050 credentes.
2302 5003 2322 5039 ι
2380 4983 2536 5052 Quod
2589 4982 2634 5036 si
2681 4987 2936 5034 mortuus
2975 4973 3144 5030 fuerit
3185 4973 3288 5025 vir.
3339 4988 3360 5021 ›
3405 4969 3516 5022 Per-

1938 5085 2246 5154 exemplum
2265 5078 2444 5133 viduae
2474 5076 2650 5145 legem
2674 5065 2936 5140 supponit
2967 5067 3288 5121 morientem
3322 5079 3336 5115 :

1941 5178 1994 5232 in
2015 5151 2366 5230 conclusione
2397 5183 2508 5223 non
2539 5165 2691 5227 facit,
2719 5177 2789 5218 ne
2818 5171 3129 5215 sermonem
3164 5170 3324 5209 suum
3349 5151 3512 5205 odio-

1942 5279 2063 5322 sum
2100 5263 2315 5324 reddat.
2359 5260 2453 5315 sed
2501 5264 2714 5312 tantum
2755 5251 3079 5321 simpliciter
3114 5259 3364 5301 narrans.
3407 5261 3425 5292 ‹
3467 5241 3512 5294 Α

1942 5356 2080 5425 lege.
2119 5371 2136 5404 ι
2173 5350 2302 5417 Quae
2332 5349 2402 5402 de
2435 5347 2556 5402 viro
2594 5341 2793 5400 statuit
2834 5341 3024 5409 illique
3068 5335 3361 5390 mulierem
3386 5331 3513 5385 allis

1944 5455 2052 5519 gat.
2108 5445 2494 5513 Κατήργηται,
2541 5437 2596 5492 id
2653 5445 2758 5502 est,
2811 5433 3061 5488 absoluta
3114 5437 3219 5494 est,
3280 5425 3523 5478 liberata

1945 5526 2048 5594 est.
2245 5537 2256 5542 ”

2019 5624 2130 5691 VII,
2161 5625 2272 5679 4-6.
2306 5620 2556 5682 Proinde,
2571 5621 2760 5686 fratres
2780 5615 2902 5678 mei,
2927 5628 3014 5666 vos
3042 5621 3242 5679 quoque
3261 5598 3497 5667 mortiﬁ-

1946 5719 2052 5773 cati
2074 5718 2193 5772 estis
2223 5715 2323 5784 legi
2355 5729 2447 5784 per
2475 5726 2662 5780 corpus
2686 5707 2900 5769 Christi,
2926 5711 2983 5757 ut
3016 5698 3190 5754 essetis
3214 5692 3390 5784 alteri;
3429 5691 3520 5742 ni-

1949 5811 2142 5866 mirum
2171 5808 2218 5860 ei
2246 5783 2334 5874 qui
2377 5822 2410 5858 a
2438 5801 2656 5856 mortuis
2699 5797 2984 5851 resurrexit
3009 5807 3027 5845 :
3063 5797 3120 5842 ut
3145 5783 3523 5857 fructi/icemus

1950 5900 2078 5954 Deo.
2115 5897 2244 5955 Cum
2273 5896 2412 5950 enim
2441 5906 2668 5948 essemus
2706 5889 2764 5943 in
2801 5898 2983 5950 carne,
3034 5879 3246 5950 aﬁ'ectus
3280 5880 3508 5945 peccato»
