3978 6556
242 360 358 426 449

1321 366 1707 429 COMMENT.
1751 368 1831 430 IN
1869 366 2107 429 EPIST.
2151 370 2252 429 AD
2289 368 2475 431 ROM.

3387 379 3494 445 450

245 467 427 539 νόμῳ,
457 469 594 524 ἀλλὰ
623 471 786 526 καινὰ
818 472 917 526 καὶ
946 473 1042 529 νέα
1069 476 1524 547 παραγγέλματα,
1551 479 1649 550 και
1674 478 1825 548 φιλο-

1937 478 1984 530 in
2030 477 2214 532 littera
2249 479 2363 533 sive
2409 479 2464 532 in
2507 479 2626 550 lege
2665 497 2679 533 :
2711 480 2806 536 sed
2851 496 2992 536 nova
3031 474 3176 539 sunt
3203 499 3500 559 praecepta,

251 560 564 634 σοφώτερα,
599 564 730 618 ώσεὶ
779 561 956 633 εῐπεν,
979 566 1098 620 Ἵνα
1148 567 1484 640 δουλεύωμεν
1528 571 1639 633 τοῖς
1689 570 1831 632 νέοις

247 653 367 714 τοῖς
387 653 452 704 ὲκ
479 653 572 706 τοῦ
609 654 926 725 Πνεύματος
949 658 1254 726 ὲπιταγείσι
1276 673 1291 690 ο
1320 658 1414 711 καὶ
1443 659 1551 731 γὰρ
1587 661 1700 723 τοῖς
1732 660 1831 729 μὲν

254 743 510 813 ἀρχαίοις
539 744 600 798 τὸ
638 745 711 818 μὴ
739 747 1003 816 φονεύειν,
1035 750 1164 819 ἡμῖν
1193 749 1251 803 δὲ
1287 750 1347 804 τὸ
1381 751 1456 821 μὴ
1489 749 1826 822 ὀργίζεσθαι·

249 834 486 898 ἑκείνοις
541 835 617 907 μὴ
658 839 956 911 μοιχεύειν,
997 843 1127 912 ἡμῖν
1155 841 1212 895 δὲ
1238 842 1300 895 τὺ
1344 843 1477 913 μηδὲ
1521 843 1830 915 περιέργως

250 929 392 997 όρᾷν
421 929 791 984 ἐπιτέτακται.
813 948 831 982 ι
855 933 964 984 Καὶ
983 933 1042 985 οὐ
1071 933 1392 1005 παλαιότητι
1415 937 1774 1007 γράμματος;
1800 955 1822 989 ι

249 1020 375 1072 Οὐκ
398 1018 478 1072 ἔτι
504 1020 612 1091 γὰρ
635 1023 662 1074 ό
690 1021 854 1092 νόμος
881 1024 1188 1089 ἐπιτάσσει,
1212 1025 1349 1078 ἀλλά
1376 1027 1438 1078 τὸ
1465 1026 1704 1098 πνεῦμα.
1741 1028 1830 1082 Ei-

252 1109 380 1163 πὼν
411 1111 490 1178 δὲ,
527 1130 547 1164 ι
583 1111 930 1182 Παλαιότητι,
960 1132 981 1166 ι
1016 1114 1185 1182 ἔδειξε
1219 1115 1279 1169 τὸ
1319 1117 1517 1190 σαθρὸν
1540 1117 1634 1172 τοῦ
1663 1118 1827 1189 νόμου

252 1203 352 1254 καὶ
392 1204 630 1273 ἀχρεῖον.
657 1205 772 1257 Πᾶν
805 1206 913 1275 γὰρ
941 1205 1022 1270 τὸ,
1055 1223 1076 1258 ι
1113 1205 1533 1278 παλαιούμενον,
1557 1211 1711 1280 φησὶ,
1737 1211 1830 1264 καὶ

250 1295 560 1364 γηράσκον,
591 1296 756 1363 ἐγγὺς
783 1299 1112 1367 ἀφανισμοῦ.
1143 1317 1162 1350 ι
1201 1331 1264 1342 -
1284 1317 1303 1352 ι
1330 1302 1396 1354 Τί
1415 1299 1508 1356 οὖν
1537 1303 1824 1373 ἐροῦμεν.»

265 1382 492 1454 Ἐπειδὴ
547 1379 722 1448 εἶπεν,
796 1403 815 1436 ι
873 1386 989 1440 Ἵνα
1037 1387 1379 1460 δουλεύωμεν
1443 1392 1502 1446 ὲν
1551 1392 1828 1463 καινότητι

251 1476 593 1543 πνεύματος,
635 1495 656 1528 ι
699 1476 774 1540 ώς
803 1478 896 1531 τοῦ
938 1478 1036 1548 μὲν
1074 1479 1385 1550 πνεύματος
1422 1481 1704 1550 σώζοντος,
1735 1484 1828 1537 τοῦ

248 1566 311 1621 δὲ
351 1567 520 1637 νόμου
553 1567 626 1638 μὴ
654 1567 939 1633 σώζοντος,
967 1569 1123 1641 φησί.
1154 1571 1219 1623 Τί
1263 1569 1380 1636 οὖν,
1429 1573 1573 1626 εἴποι
1606 1591 1711 1638 τις,
1739 1575 1830 1648 ,ὅτι

252 1659 283 1711 ὀ
318 1659 492 1729 νόμος
540 1659 866 1729 ἁμαρτωλός
918 1663 1090 1724 ἐστιν,
1139 1662 1172 1734 ἢ
1231 1663 1500 1734 ἁμαρτίας
1530 1666 1826 1736 πρόξενο;;

250 1751 331 1805 Οὐ
370 1750 550 1816 τοῦτο,
583 1751 736 1821 φησι,
773 1740 940 1821 λέγω,
975 1752 1093 1806 ἀλλ’
1128 1755 1210 1808 ὃτι
1267 1755 1526 1828 πρόξενός
1583 1770 1691 1827 μοι“
1734 1759 1828 1811 τοῦ

1931 568 2216 639 magisque
2264 570 2425 639 plena
2472 571 2777 640 sapientia;
2817 587 2880 627 ac
2912 574 2956 627 si
2989 573 3259 641 dixisset:
3287 577 3358 633 Ut
3389 594 3504 635 ser-

1928 661 2144 716 viamus
2187 662 2345 716 novis
2389 663 2676 733 praeceptis
2704 680 2825 734 qua:
2859 666 3062 720 dantur
3089 683 3119 720 a
3147 666 3378 738 Spiritu.
3413 670 3507 726 Si-

1930 753 2153 823 quidem
2200 753 2444 823 antiquis
2494 764 2830 825 praeceptum
2883 764 3003 811 erat
3059 773 3168 811 non
3228 759 3500 823 occidere,

1931 843 2092 899 nobis
2122 855 2306 899 autem
2341 860 2451 899 non
2483 845 2642 900 irasci
2677 863 2690 899 :
2727 847 2839 902 illis
2875 863 2986 902 non
3032 849 3317 916 mmcbari,
3343 850 3525 907 nobis'

1931 949 2062 986 vero
2092 949 2270 1003 neque
2318 935 2536 989 curiose
2576 934 2777 990 intueri
2797 929 2867 988 ".
2913 956 2930 987 ι
2966 937 3033 992 Ει
3063 953 3173 994 non
3215 955 3315 1010 per
3342 953 3502 996 vetu-

1932 1033 2126 1080 statem
2157 1026 2370 1081 litterae.
2413 1045 2432 1077 ι
2468 1027 2587 1082 Non
2626 1028 2774 1082 enim
2809 1028 2896 1083 lex
2931 1031 3168 1100 amplius
3193 1031 3371 1102 jubet,
3405 1033 3502 1089 sed

1933 1113 2179 1181 spiri:us.
2227 1115 2422 1170 Dicens
2458 1124 2662 1181 autem,
2711 1136 2731 1168 ι
2778 1119 3144 1184 Vcstutatem,
3194 1141 3213 1175 ›
3260 1124 3505 1180 ostendit

1931 1201 2067 1272 legis
2115 1204 2553 1274 antiquationem
2598 1221 2662 1262 ac
2701 1208 3081 1265 inutilitatem.
3122 1211 3257 1267 Nam
3295 1232 3313 1264 ι
3352 1215 3500 1284 quod

1931 1295 2250 1365 antiquatur
2273 1311 2340 1351 ae
2371 1298 2630 1363 senescit,
2663 1299 2864 1369 inquit,
2905 1302 2961 1354 in
2995 1303 3306 1374 propinquo
3334 1315 3417 1361 est
3439 1315 3500 1362 ut

1931 1388 2311 1444 evanescat“.
2347 1407 2364 1440 ι
2395 1419 2462 1428 —
2501 1409 2517 1442 ι
2552 1389 2694 1456 Quid
2719 1407 2850 1464 ergo
2876 1393 3159 1450 dicemus?
3183 1413 3202 1447 ι
3230 1396 3501 1462 Quoniam

1931 1477 2184 1534 dixerat:
2210 1499 2229 1531 ι
2264 1481 2335 1537 Ut
2374 1483 2677 1538 serviamus
2717 1499 2820 1554 per
2859 1487 3159 1541 novitatem
3185 1491 3436 1558 Spiritus,
3475 1510 3494 1542 ι

1931 1571 2087 1640 quasi
2119 1573 2364 1628 salvante
2387 1575 2606 1643 spiritu,
2631 1576 2748 1646 lege
2784 1592 2914 1632 vero
2947 1595 3055 1634 non
3089 1582 3358 1648 salvante,
3379 1584 3498 1659 ait:

1931 1662 2073 1741 Quid
2101 1679 2253 1734 ergo,
2287 1664 2486 1721 dixerit
2516 1669 2809 1739 quispiam,
2852 1687 2985 1725 num
3029 1673 3115 1727 lex
3144 1682 3374 1744 peccato
3403 1676 3503 1732 ob-

1933 1755 2094 1810 noxia
2121 1765 2206 1811 est
2232 1765 2326 1811 aut
2352 1760 2561 1828 peccati
2588 1761 3112 1820 conciliatrix?Non
3144 1765 3269 1834 hoc,
3300 1768 3500 1838 inquit,

250 1843 471 1912 γνῶναι
531 1844 628 1916 τὴν
689 1845 997 1916 ἁμαρτίαν·
1034 1846 1229 1900 οὐκοῦν
1288 1827 1383 1902 καὶ
1443 1851 1704 1920 χειρόνως
1747 1869 1831 1904 τι-

1937 1845 2058 1902 dico
2085 1848 2210 1903 :sed
2239 1827 2384 1918 quod
2408 1851 2784 1908 conciliaverit
2809 1854 2942 1908 mihi
2973 1857 3225 1912 notitiam
3247 1827 3457 1929 peccati

254 1935 610 2007 μωρηθῆναι,
651 1936 734 1988 ὅτι
766 1937 823 1988 ἐν
852 1935 1051 2004 γνώσει
1071 1936 1258 1990 λοιπὸν
1287 1937 1606 2010 ἁμαρτάνω.
1641 1940 1832 2011 Ὅμως

251 2030 402 2081 κατὰ
441 2027 636 2097 μικρὸν
662 2027 901 2081 δείκνυσι
929 2027 1020 2080 τὸν
1083 2027 1246 2098 νόμον
1273 2031 1366 2083 καὶ
1397 2047 1832 2084 κατασκευαστι-

251 2119 354 2172 κὸν
395 2120 492 2188 τῆς
527 2117 822 2188 ἁμαρτίας,
854 2117 914 2170 ού
949 2118 1056 2189 μὴν
1089 2119 1240 2189 παρὰ
1271 2121 1372 2189 τὴν
1409 2120 1616 2175 οἰκείαν
1651 2121 1832 2189 φύσιν,

251 2208 398 2261 ἀλλὰ
428 2208 588 2278 παρὰ*
611 2209 710 2278 τὴν
733 2209 910 2262 αὐτῶν
945 2208 1164 2265 κακίαν.
1189 2210 1304 2264 Οὐκ
1335 2205 1480 2277 εἷπε,
1511 2213 1575 2264 Τί
1613 2208 1737 2279 οῦν;
1777 2213 1833 2266 Ὀ

251 2302 421 2370 νόμος
446 2301 738 2366 ἀπέθανεν,
764 2300 797 2371 ἢ
821 2303 1166 2372 κατήργηται
1196 2302 1375 2371 (τοῦτο
1399 2305 1506 2375 γὰρ
1526 2304 1792 2377 ἐϐούλετο)
1814 2322 1830 2371 ;

250 2393 375 2448 ἀλλ’
404 2393 542 2462 ὅπερ
591 2393 713 2445 οὐδὲ
758 2391 907 2462 αὐτῷ
960 2393 1156 2447 ἐδόκει.
1199 2423 1271 2433 -
1303 2392 1502 2466 [ΦΩΤ.]
1559 2415 1576 2446 ι
1611 2395 1674 2448 Τί
1703 2392 1829 2462 οὗν;

255 2489 449 2559 φησιν,
501 2488 530 2539 ό
558 2486 720 2556 νόμος
764 2485 1040 2556 ἀμαρῑία;
1081 2505 1100 2540 ›
1140 2485 1233 2540 Διδ
1258 2488 1476 2556 ἐπάγει,
1531 2507 1551 2540 ι
1588 2488 1680 2560 Μὴ
1737 2488 1830 2558 γέ-

255 2597 403 2634 νοιτο
433 2581 445 2633 !
486 2598 504 2630 ι
541 2580 656 2648 ἅμα
698 2577 982 2641 κάκείνους
1033 2577 1281 2644 λεαίνων,
1309 2579 1403 2634 καὶ
1445 2580 1506 2634 τὸ
1537 2580 1702 2635 αὐτοῦ
1731 2581 1832 2636 οὐκ

256 2671 522 2740 ἀναιρῶν.
1129 2730 1151 2756 κ

329 2764 406 2816 Οὐ
439 2765 549 2832 γὰρ
576 2763 624 2816 εί
653 2763 728 2835 μὴ
758 2764 902 2819 ἔστιν
927 2763 1193 2836 ἁμαρτία,
1231 2765 1332 2838 ἤδη
1358 2764 1459 2820 ούκ
1493 2764 1763 2820 ἀπέθανεν
1797 2766 1831 2837 ἢ

252 2856 319 2908 οὐ
352 2860 721 2927 κατήργηται,
745 2858 882 2926 ὅπερ
904 2858 1111 2921 ἐκεῖνος
1146 2859 1238 2910 καὶ
1271 2857 1512 2912 ἐδείκνυε
1553 2858 1645 2910 καὶ
1674 2857 1831 2910 ἐϐού-

253 2947 402 3002 λετο.
442 2967 460 2998 ι
501 2949 559 3000 Ὀ
604 2949 764 3016 νόμος
809 2950 1082 3020 ἀμαρτία;
1119 2967 1138 3001 ι
1175 2950 1531 3020 Μετετράπη,
1565 2949 1750 3019 φησιν,
1804 2949 1833 3001 ὁ

254 3041 424 3109 νόμος
475 3041 573 3112 τὴν
611 3043 792 3109 φύσιν,
830 3043 925 3093 καὶ
956 3041 1178 3109 γέγονεν
1217 3042 1296 3104 είς
1327 3039 1602 3110 ἁμαρτίαν
1641 3040 1831 3105 ώθῶν;

1932 1938 2164 2006 proinde
2180 1941 2402 2010 gravius
2416 1941 2582 1996 etiam
2606 1944 2828 2013 puniar,
2847 1947 2992 2015 quod
3017 1948 3279 2020 deinceps
3299 1952 3500 2019 sciens,

1931 2044 2160 2098 peccare
2197 2031 2528 2098 convincor;
2576 2034 2980 2103 aliquantulum
3029 2047 3214 2095 tamen
3259 2044 3505 2099 ostendit

1931 2119 2108 2190 legem
2141 2122 2427 2190 eooperari
2471 2122 2541 2178 ad
2579 2135 2887 2193 peccatum,
2926 2145 3274 2200 nequaquam
3305 2149 3370 2188 ex
3403 2151 3503 2190 sua

1933 2221 2148 2280 natura,
2189 2214 2284 2269 sed
2314 2224 2542 2285 propter
2573 2217 2816 2286 ipsorum
2851 2221 3139 2278 malitiam.
3182 2224 3301 2278 Non
3339 2225 3499 2289 dixit,

1933 2304 2076 2371 Quid
2104 2307 2274 2376 ergo?
2299 2306 2411 2362 Lex
2433 2317 2649 2364 mortua
2681 2319 2786 2375 est,
2817 2321 2914 2366 aut
2943 2313 3209 2370 dissoluta
3241 2316 3504 2373 estiﬂoc

1931 2399 2078 2454 enim
2103 2407 2159 2453 et
2187 2400 2302 2469 ipse
2327 2400 2621 2467 sentiebat,
2647 2402 2743 2456 sed
2777 2403 2830 2458 id
2863 2405 3010 2474 quod
3042 2422 3110 2461 ne
3141 2408 3243 2477 ipsi
3277 2409 3502 2478 quidem

1932 2490 2243 2546 videbatur.
2260 2520 2326 2532 -—
2348 2511 2365 2544 ι
2390 2492 2529 2558 Quid
2558 2509 2690 2564 ergo
2708 2495 2731 2547 ?
2747 2490 2857 2549 Lex
2881 2506 3167 2566 peccatum
3191 2500 3314 2554 est?
3331 2520 3350 2554 ι
3373 2501 3504 2560 Ideo

1932 2581 2213 2653 subiungit
2259 2599 2272 2636 :
2310 2601 2328 2634 ι
2376 2583 2562 2638 Absit!
2605 2603 2623 2635 ›
2659 2585 2822 2640 simul
2860 2595 2918 2643 et
2951 2590 3074 2646 illos
3125 2593 3403 2664 mitigans,
3447 2603 3506 2652 et

1931 2669 2078 2738 quod
2105 2685 2264 2724 suum
2298 2681 2418 2725 erat
2445 2687 2553 2726 non
2585 2672 2863 2730 auferens.

2002 2761 2166 2831 237
2183 2761 2370 2830 Neque
2380 2762 2527 2817 enim
2543 2763 2587 2817 si
2604 2764 2687 2819 lex
2701 2775 2985 2834 peccatum
2999 2783 3108 2823 non
3121 2779 3223 2837 est,
3239 2774 3505 2830 continuo

1933 2855 2184 2930 sequitur
2213 2864 2486 2910 mortuam
2511 2871 2622 2910 non
2651 2873 2776 2912 esse
2805 2867 2901 2913 aut
2923 2861 3178 2930 solutam,
3209 2865 3356 2931 quod
3388 2866 3504 2935 ipse

1934 2945 2350 3001 demonstrabat
2371 2956 2425 3002 et
2453 2948 2794 3004 intendebat.
2825 2969 2844 3002 ι
2876 2951 2988 3005 Lex
3019 2964 3304 3022 peccatum
3331 2958 3452 3012 est?
3481 2977 3500 3010 ι

1935 3039 2186 3105 Mutavit,
2221 3040 2421 3110 inquit,
2452 3041 2541 3095 lex
2563 3050 2842 3108 naturam,
2869 3052 2924 3099 et
2945 3044 3086 3100 facta
3113 3056 3196 3102 est
3223 3049 3289 3103 ad
3320 3066 3508 3120 pecca-

256 3132 420 3203 Οὖχὶ,
455 3132 641 3202 φησίν.
676 3133 809 3195 "los;
841 3133 956 3212 πῶς
991 3131 1264 3202 πανταχοῦ
1296 3132 1398 3203 τῆς
1414 3131 1689 3203 ἁμαρτίας
1716 3131 1832 3202 ἔχει

1939 3141 2052 3187 tum
2078 3133 2408 3202 impellens?
2436 3134 2576 3199 Non,
2615 3135 2814 3205 inquit.
2857 3137 3020 3192 Vides
3044 3154 3153 3208 quo
3181 3148 3340 3210 pacto
3379 3141 3506 3196 ubi-

255 3243 373 3288 ται,
407 3227 500 3278 τὸν
521 3225 683 3294 νόμον
710 3209 1064 3282 ἀπαλλάττων
1095 3225 1426 3296 κατηγορίας
1455 3225 1708 3295 ἀπάσης;
1741 3225 1832 3276 Διὸ

259 3319 358 3371 καὶ
391 3317 902 3388 ὲπήγαγε,λλέγων⁶
938 3335 956 3369 ι
995 3317 1158 3370 ’Ὥστε
1200 3320 1227 3371 ό
1257 3317 1420 3387 νόμος
1471 3317 1648 3384 ἅγιος,
1677 3316 1769 3369 καὶ
1800 3317 1832 3386 ἡ

259 3407 456 3480 ἐντολὴ
485 3409 616 3476 ἁγία
644 3408 739 3462 καὶ
767 3408 968 3479 ἀγαθή.
1003 3427 1021 3460 ι
1070 3407 1207 3463 Ἀλλ’
1234 3409 1284 3460 εἰ
1312 3407 1586 3479 βούλεσθε,
1614 3406 1836 3461 καὶτῶν

261 3501 720 3572 παραποιούντων
748 3501 847 3563 τὰς
876 3499 1163 3571 ἐξηγήσεις
1191 3501 1393 3564 ταύτας
1423 3503 1502 3562 είς
1538 3500 1704 3570 μέσον
1743 3499 1836 3552 τὸν

257 3593 421 3662 λόγον
451 3594 747 3663 ἀγάγωμεν
796 3592 941 3646 οὓτω
957 3593 1066 3664 γὰρ
1089 3593 1397 3664 σαφέστερα
1427 3591 1496 3650 τά
1519 3593 1650 3663 παρ’
1679 3592 1834 3665 ἡμῶν

258 3687 554 3758 λεγόμενα.
597 3686 752 3748 Τινὲς
805 3684 914 3754 γὰρ
967 3683 1222 3748 ἐνταῦθα,
1273 3684 1334 3737 οὐ
1375 3684 1503 3754 περὶ
1545 3682 1637 3736 τοῦ
1670 3683 1834 3752 νόμου

135 3804 147 3820 ι
258 3779 543 3841 Μωῦσέως
565 3777 724 3830 αὐτόν
753 3792 886 3848 φασι
911 3775 1091 3843 λέγειν
1113 3773 1178 3826 τὰ
1205 3773 1494 3842 λεγόμενα,
1516 3772 1631 3825 ἀλλ’
1664 3773 1713 3824 ot
1739 3771 1837 3840 μὲν

262 3870 394 3940 περὶ
428 3870 522 3921 τοῦ
557 3857 810 3936 φυσικοῦ,
839 3867 989 3923 ἄλλοι
1021 3865 1078 3918 δὲ
1111 3866 1238 3936 περὶ
1270 3864 1371 3933 τῆς
1403 3863 1624 3934 ἐντολῆς
1655 3865 1754 3935 τῆς
1782 3867 1837 3917 ἐν

259 3962 339 4032 τῷ
367 3959 686 4030 παραδείσῳ
725 3959 992 4029 δοθείσης.
1024 3959 1133 4011 Καὶ
1179 3957 1287 4026 μὴν
1317 3955 1592 4025 πανταχοῦ
1635 3954 1838 4016 σκοπὸς

257 4055 340 4124 τῷ
393 4053 594 4123 Παύλῳ
643 4053 830 4106 τοῦτον
884 4050 1190 4120 ἀναστῆσαι
1229 4047 1322 4100 τὸν
1372 4047 1554 4116 νόμον.
1605 4045 1749 4116 Πρὸς
1782 4045 1839 4097 δὲ

259 4148 533 4212 ἐκείνους,
556 4127 751 4200 οὐδένα
781 4145 937 4214 λόγον
959 4141 1095 4214 ἔχει,
1132 4141 1226 4195 καὶ
1255 4140 1400 4211 μάλα
1431 4139 1674 4203 εἰκότως.
1705 4138 1840 4192 Τοῦ-

260 4255 356 4290 τον
391 4239 500 4309 γὰρ
544 4235 787 4290 Ἰουδαῖοι
825 4235 1123 4296 δεδοικότες
1157 4233 1252 4287 καὶ
1292 4231 1608 4302 τρέμοντες,
1662 4231 1841 4300 ἐφιλο-

259 4334 480 4386 νείκουν
508 4333 574 4400 τῇ
607 4330 812 4405 χάριτι.
844 4327 958 4394 Τὴν
985 4326 1040 4379 δὲ
1073 4323 1292 4392 ἐντολὴν
1329 4323 1427 4392 τὴν
1460 4323 1510 4376 ἐκ
1545 4321 1622 4392 τῷ
1658 4339 1842 4392 παρα-

260 4425 452 4494 δείσῳ,
475 4423 598 4476 οὐδὲ
620 4422 780 4490 νόμον
805 4422 934 4472 ποτε
957 4417 1208 4487 φαίνεται
1232 4412 1486 4478 καλέσας,
1518 4413 1626 4467 οὐδ’
1657 4413 1839 4477 αὐτὸς,

1937 3239 2043 3294 que
2073 3234 2297 3294 peccato
2326 3242 2644 3293 occurrens,
2663 3228 2837 3298 legem
2874 3228 3024 3284 omni
3051 3231 3249 3286 liberet
3275 3248 3504 3288 accusa-

1937 3315 2128 3369 tione?
2153 3316 2280 3371 ldeo
2305 3317 2468 3371 etiam
2491 3318 2739 3391 adjunxit
2763 3335 2776 3370 :
2815 3337 2833 3370 ‹
2861 3319 3051 3389 Itaque
3077 3321 3163 3375 lex
3187 3331 3375 3378 sancta
3395 3331 3504 3389 est,

1936 3416 1992 3462 et
2045 3417 2382 3478 praeceptum
2420 3418 2690 3476 sanctum,
2731 3411 3054 3481 justumque
3104 3427 3169 3466 ac
3213 3412 3440 3468 bonum.
3480 3433 3500 3465 ι

1935 3499 2226 3572 Verum,si
2247 3499 2444 3570 placet,
2466 3499 2688 3554 illorum
2713 3516 2934 3572 quoque
2966 3516 3274 3557 sermonem
3307 3502 3360 3556 in
3387 3520 3504 3559 me-

1937 3590 2090 3645 dium
2132 3591 2493 3660 proferamus,
2530 3591 2624 3661 qui
2672 3593 2771 3648 has
2811 3601 3135 3662 pervertunt
3193 3597 3504 3650 enarratio-

1935 3698 2035 3738 nes
2062 3701 2074 3736 :
2113 3682 2185 3737 ita
2213 3684 2358 3738 enim
2385 3684 2757 3738 manifestiora
2784 3683 2916 3740 fient
2934 3700 3100 3754 quaaa
3130 3687 3289 3741 nobis
3313 3688 3507 3742 dicun«

1937 3783 2048 3830 tur.
2072 3774 2208 3829 Nam
2237 3775 2461 3844 quidam
2496 3775 2584 3828 hic
2616 3791 2725 3829 non
2753 3775 2824 3830 de
2849 3776 2980 3830 Mosi
3011 3778 3129 3848 lege
3156 3777 3344 3834 dicere
3377 3795 3506 3834 eum

1935 3875 2190 3920 asserunt
2223 3882 2343 3936 quae
2376 3865 2657 3933 dicuntur,
2686 3867 2863 3922 scd.hi
2899 3867 3122 3938 quidem
3154 3869 3222 3924 de
3259 3870 3376 3941 lege
3406 3888 3507 3926 na-

1938 3956 2122 4018 turali,
2186 3957 2278 4010 alii
2331 3972 2459 4011 vero
2500 3957 2569 4012 de
2623 3957 2895 4028 praecepto
2943 3959 3091 4029 quod
3135 3960 3192 4014 in
3242 3961 3504 4018 Paradiso

1937 4049 2123 4102 datum
2147 4058 2248 4102 est.
2275 4048 2440 4117 Atqui
2461 4064 2660 4118 scopus
2687 4049 2889 4118 ubique
2924 4051 3091 4106 Paulo
3121 4060 3206 4106 est
3229 4052 3369 4108 hanc
3397 4055 3510 4108 eie-

1938 4156 2068 4194 vare
2103 4139 2319 4208 legem;
2350 4139 2494 4194 circa
2531 4141 2653 4194 illas
2677 4148 2860 4195 autem
2899 4157 2966 4195 ne
3015 4143 3244 4198 verbum
3283 4145 3506 4214 quidem

1937 4232 2067 4286 facit
2101 4232 2272 4286 ullum
2309 4249 2322 4285 :
2357 4231 2520 4301 idque
2557 4233 2686 4302 jure
2719 4235 2948 4302 optimo.
2987 4233 3123 4288 Nam
3168 4235 3313 4291 hanc
3344 4237 3506 4291 veriti

1937 4325 2110 4380 Judaei
2169 4340 2234 4378 ac
2277 4333 2595 4392 trementes,
2639 4327 3048 4381 contendebant
3081 4327 3344 4385 adversus
3385 4345 3510 4399 gra-

1940 4417 2095 4471 tiam.
2148 4416 2488 4494 Prreceptum
2532 4416 2665 4470 item
2717 4417 2862 4486 quod
2907 4417 2964 4472 in
3009 4419 3273 4476 Paradiso
3323 4421 3508 4476 datum

259 4518 374 4570 οὐδ’
410 4515 570 4578 ἄλλος
598 4512 788 4576 οὐδείς.
820 4511 940 4566 Ἵνα
982 4509 1039 4563 δὲ
1068 4508 1165 4563 καὶ
1194 4506 1374 4561 αὐτῶν
1398 4505 1507 4559 τῶν
1536 4505 1833 4577 εἰρημένων

1942 4519 2047 4574 est,
2069 4524 2348 4578 nunquam
2374 4518 2471 4571 aut
2499 4509 2587 4563 hic
2613 4509 2918 4578 Apostolus
2949 4519 3044 4565 aut
3072 4511 3213 4566 alius
3239 4512 3510 4582 quispiam

260 4607 428 4662 τοῦτο
453 4605 785 4675 σαφέστερον
803 4596 1048 4671 γένηται,
1071 4599 1448 4669 ἐπεξέλθωμεν
1472 4599 1586 4661 τοῖς
1611 4598 1840 4669 ῥήμασι,

265 4701 468 4774 μικρὸν
521 4699 778 4767 ἀνωτέρω
824 4697 916 4750 τὸν
969 4695 1130 4764 λόγον
1178 4693 1498 4763 ἀγαγόντες.
1552 4693 1688 4763 Περὶ
1735 4691 1843 4762 γὰρ

265 4794 545 4854 πολιτείας
577 4789 840 4862 ἀκριϐοῦς
878 4789 1060 4852 αὐτοῖς
1106 4785 1430 4857 διαλεχθεὶς,
1474 4785 1721 4856 ἐπήγαγε
1756 4784 1842 4838 λέ·

263 4899 403 4955 των·
431 4903 451 4936 ί
473 4884 544 4936 Ἦ
574 4884 837 4950 ἀγνοεῖτε,
863 4879 1106 4949 ἀδελφοὶ,
1132 4879 1212 4931 ὅτι
1244 4881 1272 4931 ό
1295 4878 1456 4946 νόμος
1483 4875 1725 4947 κυριεύει
1745 4873 1841 4928 τοῦ

264 4976 584 5044 ἀνθρώπου,
634 4976 718 5044 ἐφ’
759 4974 882 5027 ὅσον
924 4972 1116 5043 χρόνον
1159 4971 1265 5040 ζῇς
1327 4969 1492 5024 Ὥστε
1537 4969 1635 5020 καὶ
1682 4967 1843 5034 ὑμεῖς

265 5067 652 5138 ἐθανατώθητε
695 5066 771 5137 τῷ
801 5065 972 5134 νόμῳ.
1015 5081 1036 5115 ι
1085 5060 1296 5116 Οὐκοῦν
1324 5062 1373 5113 εί
1401 5059 1530 5129 περὶ
1557 5057 1650 5112 τοῦ
1681 5074 1840 5126 φυσι-

265 5161 370 5215 κοῦ
395 5159 568 5212 ταῦτα
596 5160 831 5230 είρηται,
859 5152 1266 5226 εὑρεθησόμεθα
1301 5153 1374 5224 μὴ
1422 5152 1635 5220 ἔχοντες
1675 5150 1840 5219 νόμον

264 5254 524 5325 φυσικόν.
579 5253 641 5305 Εἰ
685 5251 744 5304 δὲ
783 5250 939 5303 τοῦτο
990 5247 1208 5318 ἀληθὲς,
1255 5245 1363 5298 τῶν
1409 5244 1620 5312 ἀλόγων
1675 5240 1842 5312 ἐσμὲν

263 5347 642 5418 ἀνοητότεροι.
688 5343 831 5396 Ἀλλ’
863 5343 962 5395 οὐκ
991 5341 1105 5393 ἔστι
1131 5338 1322 5391 ταῦτα.
1354 5336 1486 5407 Περὶ
1527 5336 1635 5405 γὰρ
1661 5334 1754 5386 τοῦ
1786 5334 1844 5385 ὲν

262 5439 349 5508 τῷ
380 5437 697 5507 παραδείσῳ
745 5432 863 5487 οὐδὲ
895 5431 1216 5502 φιλονεικεῖν
1267 5429 1584 5496 ἀναγκαῖον,
1617 5425 1703 5478 ἴνα
1765 5422 1841 5494 μὴ

264 5531 529 5601 περιττὸν
573 5525 958 5596 ἀναδεξώμεθα
985 5525 1146 5578 πόνον
1177 5522 1312 5593 πρὸς
1344 5521 1416 5573 τά
1446 5516 1842 5590 ὡμολογημένα

265 5623 660 5693 ἀποδυόμενοι.
703 5621 827 5683 Πῶς
868 5617 984 5684 οὖν,
1017 5636 1034 5670 ι
1071 5617 1200 5686 Τὴν,
1225 5613 1496 5686 ἁμαρτίαν
1523 5609 1623 5665 οὐκ
1652 5609 1822 5678 ἔγνων

342 5800 392 5832 ¹³
419 5798 608 5854 Matth.
638 5815 670 5856 v
692 5838 708 5870 ,
745 5798 809 5853 2i
841 5813 995 5869 seqq.
1085 5795 1131 5828 “
1158 5793 1325 5851 liebr.
1360 5807 1477 5857 vm,
1511 5791 1598 5844 1‘5.

1939 4602 2116 4672 legem
2153 4601 2372 4654 videtur
2416 4601 2742 4671 appellasse.
2797 4597 2871 4654 Ut
2908 4607 3092 4656 autem
3143 4601 3249 4656 hoc
3301 4618 3398 4671 per
3445 4617 3510 4657 ea

1939 4695 2104 4751 etiam
2157 4711 2280 4764 quae
2331 4694 2474 4750 dicta
2521 4703 2651 4751 sunt
2700 4693 2796 4750 fiat
2836 4693 3204 4757 manifestius,
3250 4709 3510 4748 sermone

1938 4790 2103 4856 paulo
2150 4788 2314 4844 altius
2368 4786 2622 4857 repetito,
2675 4785 2860 4841 verbis
2915 4799 3341 4854 prosequamur.
3405 4784 3509 4840 Ubi

1939 4881 2087 4937 enim
2144 4883 2210 4936 de
2260 4879 2434 4950 proba
2481 4877 2908 4934 conversatione
2966 4877 3076 4957 illis
3129 4877 3509 4941 disseruisset,

1941 4972 2224 5044 subjunxit
2246 4971 2436 5026 dicens
2467 4987 2480 5018 :
2522 4988 2540 5020 ι
2573 4969 2656 5023 An
2682 4959 2966 5038 ignoratis,
3000 4967 3218 5031 fratres,
3251 4969 3394 5036 quod
3425 4967 3514 5022 lex

1949 5063 2263 5120 dominetur
2302 5060 2515 5115 homini
2542 5068 2752 5130 quanto
2782 5068 3029 5128 tempore
3077 5058 3248 5113 vivit?
3275 5057 3514 5113 Proinde

1949 5171 2048 5210 vos
2076 5168 2294 5224 quoque
2324 5151 2636 5206 mortificati
2657 5151 2791 5207 estis
2819 5150 2948 5222 legi.
2983 5169 3002 5202 ι
3036 5151 3224 5220 Itaque
3243 5149 3292 5204 si
3321 5149 3390 5204 de
3421 5163 3518 5204 na-

1952 5245 2112 5304 turali
2140 5244 2257 5314 lege
2291 5243 2408 5297 bznc
2449 5241 2596 5296 dicta
2625 5249 2774 5306 sunt,
2814 5240 3167 5296 inveniemur
3207 5237 3515 5293 naturalem

1953 5350 2062 5388 non
2091 5333 2292 5387 habere
2315 5333 2489 5402 legem
2521 5348 2534 5384 :
2561 5329 2707 5400 quod
2728 5329 2773 5382 si
2807 5330 2912 5384 hoc
2941 5343 3135 5384 verum
3163 5335 3268 5391 est,
3296 5326 3518 5380 irratio-

1952 5424 2172 5481 nalibus
2192 5421 2599 5492 insipientiores
2625 5434 2815 5474 sumus
2839 5436 2854 5473 :
2881 5419 2974 5474 sed
3000 5419 3116 5472 haec
3136 5432 3242 5470 non
3269 5417 3344 5470 ita
3365 5421 3514 5468 sunt.

1951 5518 2026 5573 De
2047 5532 2110 5571 ea
2144 5530 2273 5570 vero
2307 5528 2430 5583 qua:
2464 5513 2516 5566 in
2559 5511 2823 5568 Paradiso
2861 5509 2988 5566 data
3025 5517 3130 5574 est,
3168 5521 3237 5560 ne
3267 5517 3518 5558 necessa-

1954 5610 2098 5664 rium
2121 5607 2344 5678 quidem
2371 5614 2457 5662 est
2483 5604 2858 5662 contendere:
2886 5618 2955 5660 ne
2983 5598 3322 5671 superﬂuum
3341 5592 3518 5652 susci-
