3978 6556
339 347 460 413 ιεει
1377 344 1766 406 COMMENT.
1805 343 1885 405 IN
1926 341 2166 404 EPIST.
2196 342 2294 404 AD
2323 338 2506 401 ROM.
3493 338 3598 404 45$

329 463 542 532 τρόπον
559 475 578 526 ;
596 457 717 512 ὀτι
749 454 844 511 τοῦ
872 457 1035 528 νόμον
1054 453 1316 526 δοθέντος,
1349 458 1548 529 μᾶλλον
1564 458 1746 526 ἐκείνη
1775 455 1901 526 πρὸς

2012 470 2138 514 nam
2169 455 2369 524 pacto?
2397 453 2524 522 quia
2557 449 2689 508 illud
2717 449 2844 507 data
2875 449 2994 522 lege
3019 449 3196 522 magis
3225 449 3292 506 ad
3353 450 3592 508 invasio-

335 553 590 607 ἐπίθεσιν
621 551 970 622 παρωξύνθη.
1012 555 1104 608 καὶ
1139 550 1248 607 οἷον
1290 550 1592 622 ἐπηρεάσαι
1627 548 1901 618 ὥρμησεν,

2009 562 2141 602 .nem
2167 546 2450 601 incitatum
2479 553 2582 610 est,
2614 554 2670 601 et
2699 544 2869 599 veluti
2895 545 3158 614 impetum
3193 543 3323 598 fecit
3369 546 3438 598 ad
3487 560 3590 600 no-

309 645 440 703 ,ite
469 645 533 714 δὴ
584 645 678 698 καὶ
727 645 1122 713 στεφανοῦσθαι
1170 643 1429 716 μέλλοντα
1465 642 1557 694 τὸν
1601 639 1901 708 φυλάξαντα

2012 638 2271 702 cendum,
2295 651 2549 707 tanquam
2565 645 2840 707 reputans
2865 652 2988 691 eum
3012 636 3104 707 qui
3123 638 3233 708 jam
3259 645 3592 708 praeceptum

333 736 440 804 τὴν
478 733 696 804 ἐντολὴν
739 735 1195 806 ὑπολογιζομένη,
1243 735 1339 789 καὶ
1379 733 1466 788 διὰ
1514 731 1672 785 τοῦτο
1713 730 1901 800 μᾶλλον

2009 739 2288 786 servasset
2343 729 2740 794 coronandum,
2810 729 3040 800 ideoque
3127 729 3300 798 magis
3382 729 3587 784 invidia

329 824 818 880 διαϐασκαίνουσα.
851 827 961 879 Καὶ
991 825 1103 894 ἐγὼ
1149 826 1308 879 πάλιν
1345 824 1504 892 γνοὺς
1530 823 1616 875 διὰ
1641 823 1738 891 τῆς
1763 823 1901 873 ἐντο-

2015 827 2228 872 motum
2258 826 2364 873 est.
2428 819 2666 874 Rursum
2695 834 2796 890 ego
2822 835 3062 889 quoque,
3091 820 3275 890 agnito
3315 835 3415 888 per
3445 835 3586 890 pra:-

331 917 438 987 λῆς
464 917 558 988 τὴν
591 917 888 989 ἁμαρτίαν,
920 917 994 982 ὡς
1027 919 1086 971 ἐν
1123 916 1322 986 γνώσει
1351 916 1604 984 πράττων
1633 913 1669 967 ἀ
1693 913 1901 982 φεύγειν

2010 919 2228 979 ceptum
2282 919 2526 979 peccato,
2583 921 2842 981 tanquam
2904 916 3143 966 scienter
3202 909 3413 966 faciens
3466 926 3589 981 qua:

328 1009 468 1071 ἔδει,
518 1009 716 1078 μᾶλλον
766 1009 912 1062 κατά
956 1007 1116 1062 τοῦτο
1162 1008 1518 1079 ἡμάρτανον,·
1567 1007 1661 1058 καὶ
1709 1005 1901 1073 μᾶλλον

2003 1002 2197 1072 fugere
2229 1003 2493 1071 Oportuit,
2520 1007 2821 1056 secundum
2858 1003 2962 1056 hoc
2991 1002 3208 1073 gravius
3263 1003 3580 1071 peccabam,

333 1098 512 1168 αὐτὴν
541 1097 658 1152 καθ’
691 1098 884 1152 ἑαυτοῦ
912 1097 1309 1171 ἐπερῤὡννυον.
1354 1096 1529 1166 ἰσχὺν
1545 1097 1681 1166 αὐτῇ
1704 1094 1792 1149 διά
1815 1095 1909 1164 τῆς

331 1191 482 1244 κατά
541 1189 743 1257 γνῶσιν
794 1190 996 1244 ἀτόπου
1071 1190 1325 1256 πράξεως
1377 1187 1753 1260 ἐπιχορηγῶν,
1818 1188 1910 1242 καὶ

330 1275 450 1334 οἷον
479 1279 681 1349 ἀσθενῆ
727 1282 820 1334 καὶ
869 1283 1280 1352 νενεκρωμένην
1322 1276 1487 1332 οὖσαν
1523 1276 1784 1349 ἐνισχύων
1820 1277 1912 1330 καὶ

330 1369 735 1441 ἁναζωπυρῶν.
784 1372 844 1424 Ἡ
875 1371 930 1424 δὲ
978 1368 1216 1440 ζήσασα,
1251 1369 1350 1439 ἐμὲ
1381 1368 1668 1436 ἐνέκρωσε.
1703 1366 1814 1435 Πρὸ
1855 1365 1910 1418 δέ

331 1459 432 1512 τοῦ
465 1459 736 1536 ἀνμζῆσαι
788 1461 1024 1531 ἐκείνην,
1077 1460 1186 1529 ἐγὼ
1227 1458 1364 1524 ἔζων
1397 1457 1618 1528 μᾶλλον.
1649 1456 1818 1510 Τοῦτο
1853 1456 1909 1507 δὲ

328 1547 402 1624 ἦν
430 1553 535 1622 πρὸ
580 1552 675 1605 τοῦ
701 1553 862 1622 νόμου
901 1552 1114 1624 καὶτῆς
1153 1552 1392 1622 ἐντολῆς.
1431 1551 1591 1604 Ὥστε
1623 1551 1670 1602 εί
1707 1549 1799 1603 καὶ
1835 1547 1909 1619 μὴ

329 1644 361 1694 δ
402 1642 568 1712 νόμος
607 1645 870 1715 ἁμαρτία,
914 1644 1029 1697 ἀλλ’
1081 1641 1176 1697 οὖν
1209 1644 1416 1696 ἐκείνου
1455 1641 1718 1705 δοθέντος,
1767 1643 1909 1696 κατᾶ

331 1731 693 1802 δύστρόπους
731 1737 764 1804 ἡ
805 1735 1050 1806 ἁμαρτία
1083 1733 1367 1806 ἀνέζησεν,
1400 1734 1569 1803 αὐτῆς
1599 1751 1658 1785 τε
1694 1735 1908 1802 ἐκείνης

2010 1095 2291 1164 magisque
2325 1095 2454 1149 illud
2519 1095 2784 1152 adversus
2838 1095 3108 1164 meipsum
3143 1092 3574 1158 conﬁrmabam;

2010 1189 2123 1240 vim
2154 1186 2230 1240 illi
2260 1185 2513 1255 praebens
2541 1201 2641 1256 per
2661 1186 2902 1254 iniquam
2934 1185 3209 1239 actionem
3265 1200 3332 1238 ex
3385 1184 3576 1254 cogni-

2012 1277 2158 1330 tione
2192 1277 2694 1346 perpetrabamzet
2751 1277 2917 1330 veluti
2982 1275 3254 1329 imbecille
3313 1290 3377 1328 ac
3431 1290 3582 1328 mor-

2011 1369 2278 1423 tiﬁcatum
2317 1368 2622 1423 fortiﬁcans
2649 1383 2713 1423 ac
2755 1368 3056 1422 suscitans.
3096 1367 3264 1420 Porro
3298 1366 3387 1420 ubi
3450 1367 3580 1421 illu-l

1999 1459 2230 1524 .revixit,
2283 1475 2378 1516 me
2434 1461 2597 1514 morti
2651 1460 2818 1515 dedit.
2865 1459 3016 1512 Nam
3059 1459 3374 1528 priusquam
3449 1457 3582 1512 illud

2010 1551 2388 1618 revivisceret.
2423 1566 2522 1621 ego
2551 1550 2723 1621 magis
2751 1550 2995 1605 \ivebam
3027 1567 3042 1603 :
3075 1549 3181 1602 hoc
3231 1556 3414 1602 autem
3463 1557 3584 1602 erat

1995 1653 2132 1702 ante
2165 1645 2337 1714 legem
2368 1651 2814 1713 acprmceptum.
2875 1643 3064 1712 Itaque
3124 1655 3438 1710 quanquam
3493 1640 3581 1693 lex

1993 1736 2290 1814 peccatum
2329 1749 2440 1790 non
2471 1735 2563 1798 sit,
2599 1741 2777 1788 tamen
2815 1733 2931 1802 ipsa
2955 1733 3076 1785 data
3120 1738 3404 1800 peccatum
3467 1728 3564 1783 du~

335 1825 539 1894 μᾶλλον
569 1827 701 1896 πρὸς
733 1828 977 1880 ἐπίθεσιν
1020 1825 1437 1896 ἀνακινηθείσης
1468 1825 1562 1885 καὶ
1603 1825 1901 1896 διεγερθεί-

2011 1827 2148 1897 plici
2176 1830 2338 1890 modo
2371 1825 2567 1886 revixit
2601 1844 2615 1881 :
2653 1835 2768 1879 tum
2809 1823 3042 1894 ipsomet
3067 1823 3238 1894 magis
3268 1821 3335 1876 ad
3387 1836 3580 1891 aggre-

335 1933 457 1986 σης,
492 1919 585 1970 καὶ
620 1919 774 1989 ήμῶν
804 1922 869 1990 τῇ
907 1919 1046 1972 κατὰ
1073 1919 1272 1987 γνῶσιν
1315 1917 1530 1988 ἐκτόπιρ
1580 1918 1778 1988 πράξει
1824 1919 1906 1969 ἐν·

336 2011 674 2078 ισχυσάντων
722 2010 913 2080 αὐτὴν,
966 2013 1061 2063 καὶ
1091 2012 1190 2082 τὴν
1235 2007 1357 2062 καθ’
1409 2010 1565 2082 ἡμῶν
1617 2008 1907 2080 ἐπιϐουλὴν

336 2098 434 2147 σὺν
501 2097 786 2167 παρρησίᾳ
843 2101 1296 2171 παρασχομένων.
1369 2098 1510 2161 Ἅλὶέ
1574 2099 1754 2168 ἐκείνη
1809 2099 1907 2167 μὲν

334 2185 622 2254 ἀνέζησεν,
673 2186 785 2254 ἐγὼ
831 2188 888 2241 δὲ
937 2191 1224 2246 ἀπέθανον.
1280 2192 1489 2256 ιἝζων
1543 2189 1708 2260 χωρὶς
1743 2189 1902 2258 νόμου

333 2276 522 2327 ποτέ.»
573 2277 707 2329 Πότε
760 2278 898 2343 ἔζων
935 2283 1104 2353 χωρὶς
1143 2284 1340 2353 νόμου;
1397 2283 1508 2353 Πρὸ
1551 2281 1646 2334 τοῦ
1690 2279 1905 2349 δοθῆναι

332 2366 431 2435 τὴν
460 2368 680 2439 ἐντολὴν
711 2374 822 2433 τοῖς
856 2374 1318 2443 πρωτοπλάστοις,
1357 2378 1453 2448 τὴν
1499 2376 1558 2428 ὲν
1598 2374 1906 2445 παραδείσῳ

333 2456 504 2527 ζωήν.
544 2461 615 2512 ’Ἦ
655 2463 760 2531 πρὸ
801 2463 1043 2529 Μωσέως
1081 2467 1324 2536 δηλονότι
1359 2467 1519 2532 ἕξων,
1575 2470 1774 2537 φησίνο
1808 2467 1907 2520 οὐκ

333 2546 484 2615 ῆμην
524 2549 717 2618 νεκρὸς
760 2551 839 2621 τῷ
874 2554 1064 2623 πλήθει
1117 2556 1226 2608 τῶν
1263 2557 1567 2627 ἁμαρτιῶν.
1609 2558 1740 2610 Τότε
1797 2557 1906 2628 γὰρ

337 2635 500 2701 μόνον
533 2635 680 2707 εἶχον
720 2645 1024 2712 κατήγορον
1063 2644 1154 2696 τὸν
1199 2646 1427 2713 φυσικὸν
1472 2645 1655 2716 νόμον,
1703 2649 1817 2700 νυνὶ
1849 2648 1906 2700 δέ

333 2727 429 2779 καὶ
458 2727 552 2780 τὸν
582 2732 840 2799 γραπτόν.
891 2733 1054 2804 Ὀρᾷς
1085 2734 1200 2796 πῶς
1239 2739 1302 2789 ἐκ
1338 2738 1710 2808 περιστάσεως
1741 2740 1902 2792 ἐϐλα-

332 2816 434 2886 ψεν
465 2820 494 2870 ὁ
515 2819 675 2889 νόμος
704 2839 719 2887 ;
754 2841 773 2874 ι
796 2822 1081 2894 Ἐλθούσης
1103 2825 1158 2878 δὲ
1189 2827 1288 2896 τῆς
1319 2829 1560 2900 ἐντολῆς.
1589 2849 1608 2882 ›
1657 2833 1905 2902 Ἐντολην

333 2925 470 2978 φησι
507 2911 595 2963 τδν
637 2914 815 2983 νόμον.
854 2917 1034 2969 Εἰπὼν
1059 2917 1134 2982 δὲ,
1177 2937 1195 2969 ι
1219 2920 1552 2990 Ἀνέζησεν,›
1583 2924 1781 2990 ἔδειξεν
1823 2926 1902 2978 ὅτι

330 2997 399 3071 ῆν
432 3003 531 3072 μὲν
572 3007 604 3075 η
654 3007 916 3076 ἁμαρτία,
963 3008 1076 3062 ἀλλ’
1123 3012 1414 3081 ἡσύχαζεν,
1447 3014 1476 3066 ὁ
1509 3014 1564 3067 δὲ
1615 3015 1778 3084 νόμος
1827 3014 1901 3080 ὡς

333 3093 659 3162 εὐεργετῶν,
697 3098 1038 3168 ἐφανέρωσεν
1069 3102 1237 3172 αὐτὴν
1275 3103 1362 3156 ἵνα
1413 3104 1671 3173 φύγωμεν
1712 3105 1901 3175 αὐτὴν,

332 3184 513 3257 ἀλλ’ἢ
561 3188 878 3257 περίστασις
921 3193 1046 3254 τοὺς
1103 3194 1180 3264 μὴ
1227 3196 1493 3264 φυγόντας
1543 3197 1794 3266 ἔϐλαψεν.
1839 3199 1902 3250 Ἠ

330 3273 426 3330 οὗν
450 3278 530 3340 είς
556 3278 702 3348 ζωήν
757 3297 845 3349 μοι
867 3281 1083 3342 δοθεῖσα
1153 3284 1344 3352 (οὕτως
1374 3287 1482 3358 γάρ
1525 3284 1635 3358 εἶχε
1669 3289 1901 3360 φύσεως)

333 3367 412 3429 είς
439 3366 668 3420 θάνατόν
699 3388 790 3439 μοι
833 3373 1021 3440 γέγονε
1062 3375 1150 3428 διὰ
1179 3379 1277 3447 τὴν
1306 3378 1577 3448 ἡμετέραν
1608 3381 1899 3451 ρᾳθυμίαν,

245 3525 248 3528 _
330 3455 390 3507 οὐ
424 3455 515 3507 διὰ
541 3458 638 3528 τὴν
668 3459 836 3528 αὐτῆς
877 3461 1054 3529 φύσιν.
1103 3481 1122 3514 ι
1147 3463 1208 3516 Ἦ
1237 3466 1345 3534 γὰρ
1380 3466 1621 3536 ἁμαρτία
1651 3469 1902 3540 ἀφορμὴν

329 3545 592 3600 λαϐοῦσα.
619 3567 638 3600 ι
675 3550 842 3602 Πάλιν
889 3553 960 3605 τὰ
988 3553 1129 3605 αὐτὰ
1166 3556 1425 3619 ποικίλως
1478 3561 1898 3625 κατασκευάζει,

331 3639 425 3690 καὶ
452 3639 700 3702 εἰκότως.
746 3641 1004 3710 Μεγάλην
1035 3641 1141 3711 γὰρ
1167 3638 1277 3711 εἶχε
1319 3643 1474 3710 δόξαν
1503 3647 1530 3697 ὁ
1564 3647 1743 3715 νόμος.
1781 3649 1900 3698 Δεί-

329 3747 522 3782 κνυσιν
566 3727 658 3784 οὖν
701 3732 862 3784 αὑτὸν
905 3733 1071 3802 μηδὲν
1101 3733 1430 3802 ὠφελοῦντα,
1488 3735 1602 3788 ἀλλ’
1645 3738 1708 3789 ἐκ
1743 3754 1899 3808 περι-

331 3819 578 3882 στάσεως
620 3819 914 3890 βλάψαντα.
952 3822 1103 3874 Ποιεῖ
1142 3822 1198 3875 δὲ
1225 3821 1402 3885 τοῦτο,
1448 3821 1534 3876 ἵνα
1594 3826 1896 3895 εὐπαράδε-

267 3915 288 3926 ”
334 3927 464 3974 κτος
501 3911 728 3981 γένηται
770 3912 1060 3982 κηρύσσων
1085 3913 1178 3967 τοῦ
1227 3917 1442 3983 ἀφεῖναι
1475 3916 1574 3986 μὲν
1600 3918 1687 3971 τὸν
1714 3918 1899 3988 νόμον,

331 4002 706 4072 προσδραμεῖν
743 4003 815 4068 ,δέ
859 4008 923 4074 τῇ
963 4004 1144 4057 πίστει
1185 4005 1441 4076 Χριστοῦ.
1469 4007 1761 4079 ·Ἀνωτέρω
1794 4010 1901 4080 γάρ

331 4093 524 4158 είπὼν,
542 4096 623 4148 ὅτι
639 4093 914 4166 ’Δςςορμὴν
925 4095 1162 4148 λαϐοῦσα
1181 4097 1215 4167 ἡ
1235 4099 1476 4168 ἁμαρτία
1505 4103 1900 4170 κατειργάσατο

333 4189 391 4238 ἐν
412 4186 539 4256 ἐμοὶ
582 4187 764 4239 πᾶσαν
795 4186 1108 4256 ἐπιθυμίαν,
1140 4189 1359 4257 ἐπάγει,
1389 4191 1469 4242 ὃτι
1497 4191 1558 4243 οὐ
1587 4192 1746 4260 μόνον
1782 4193 1902 4251 ἐπιστ

332 4277 539 4349 θυμίαν
585 4281 766 4332 πᾶσαν
813 4281 1234 4350 κατειργάσατο,
1284 4281 1421 4334 άλλά
1451 4282 1546 4335 καὶ
1594 4282 1900 4337 ἐθανάτωσέ

335 4389 402 4442 με
445 4371 585 4443 αὕτη
631 4388 722 4441 μοι
767 4372 1031 4443 γενομένη
1086 4375 1167 4436 είς
1209 4373 1454 4429 θάνατον.
1483 4371 1647 4440 Εἶτα,
1679 4375 1751 4440 ὡς
1783 4376 1903 4440 ἔθος

2010 1918 2266 1976 diendum
2298 1928 2574 1972 commoto
2623 1926 2678 1970 et
2738 1917 2997 1979 excitato,
3059 1925 3173 1968 tum
3227 1912 3388 1967 nobis
3445 1913 3578 1966 illud

2007 2008 2462 2071 conﬁrmantibus
2492 2008 2767 2062 indecenti
2796 2008 3010 2060 actione
3066 2021 3188 2074 quae
3235 2020 3300 2058 ex
3353 2004 3581 2060 scientia

2006 2100 2359 2170 procedebat,
2393 2100 2677 2168 liberaque
2741 2099 3004 2152 adversus
3063 2097 3314 2166 nosipsos
3365 2096 3580 2151 insidiis

2007 2186 2401 2256 praebentibus.
2443 2187 2512 2241 At
2538 2186 2670 2240 illud
2720 2185 2942 2254 quidem
3010 2185 3228 2250 revixit,
3294 2199 3394 2255 ego
3449 2199 3580 2238 vero

2007 2288 2256 2332 mortuus
2301 2295 2444 2333 sum.
2501 2297 2518 2328 ι
2557 2277 2814 2332 Vivebam
2841 2277 2959 2331 sine
3027 2275 3146 2346 lege
3206 2276 3503 2346 quondam.
3547 2296 3565 2327 ι

2005 2368 2231 2436 Quando
2270 2371 2515 2424 vivebam
2560 2369 2678 2424 sine
2699 2370 2816 2440 lege
2841 2369 2862 2420 ?
2891 2369 3215 2438 Priusquam
3244 2379 3581 2438 praeceptum

2006 2464 2228 2516 daretur
2255 2461 2627 2532 protoplastis,
2653 2461 2764 2515 vita
2793 2477 2911 2530 quae
2935 2459 2988 2513 in
3023 2459 3274 2512 l‘ara-iiso
3293 2459 3577 2530 agebatur.

2004 2550 2113 2606 Aut
2129 2553 2381 2608 videlicet
2405 2562 2531 2607 ante
2546 2551 2746 2607 Mosem
2768 2553 3039 2616 vivebam,
3073 2550 3176 2605 hoc
3199 2559 3304 2616 est,
3327 2559 3580 2606 mortuus

2005 2659 2114 2699 non
2163 2660 2312 2698 eram
2367 2645 2725 2700 multitudine
2779 2652 3178 2713 peccatorum:
3241 2652 3372 2696 tunc
3429 2643 3578 2698 enim

2006 2722 2184 2789 selum
2253 2748 2632 2794 accusatorem
2684 2735 2952 2789 habebam
3014 2734 3318 2788 naturalem
3379 2734 3576 2804 legem,

2003 2842 2150 2881 nunc
2175 2836 2356 2881 autem
2391 2830 2447 2882 et
2496 2828 2775 2897 scriptam.
2830 2826 2995 2880 Vides
3050 2828 3323 2894 quomodo
3370 2826 3452 2879 lex
3512 2842 3580 2883 ex

2005 2916 2267 2972 incidenti
2297 2917 2596 2972 nocuerit?
2629 2936 2645 2968 ι
2682 2917 2854 2970 Porro
2915 2932 3038 2972 cum
3085 2916 3328 2970 venisset
3377 2931 3579 2984 praece-

2006 3018 2181 3081 ptum.
2217 3029 2234 3061 ι
2258 3011 2595 3080 Ρι-ωοοριυηι
2621 3010 2751 3064 dicit
2777 3009 2974 3079 legem.
2995 3008 3190 3062 Dicens
3209 3017 3390 3062 autem
3425 3026 3443 3057 ι
3473 3007 3579 3062 Re-

2007 3101 2160 3164 vixit,
2205 3120 2223 3151 ι
2266 3101 2509 3155 ostendit
2557 3099 2725 3154 fuisse
2783 3098 3003 3168 quidem
3059 3108 3218 3152 antea
3267 3105 3576 3168 peccatum,

2005 3193 2098 3244 sed
2137 3192 2190 3245 in
2219 3191 2402 3260 quiete
2435 3207 2449 3256 ;
2481 3191 2565 3243 lex
2589 3198 2770 3243 autem
2800 3197 3053 3258 tanquam
3082 3189 3407 3244 beneﬁcium
3436 3205 3577 3259 pra:-

2005 3292 2174 3343 stans,
2208 3283 2338 3335 illud
2371 3281 2741 3336 manifestavit
2772 3281 3028 3350 utipsum
3079 3281 3412 3351 fugeremus,
3473 3283 3575 3349 sed

1993 3365 2140 3450 legis
2167 3372 2591 3426 assistentiahis
2617 3372 2707 3441 qui
2769 3387 2879 3424 non
2927 3372 3186 3442 fugerunt
3245 3383 3576 3441 nocumento

2005 3462 2124 3516 fuit.
2162 3462 2317 3528 Quod
2343 3478 2473 3533 ergo
2523 3461 2656 3515 mihi
2703 3465 2887 3516 datum
2942 3473 3062 3516 erat
3126 3465 3190 3516 ad
3228 3464 3395 3517 vitam
3428 3465 3575 3534 (nam

2002 3554 2057 3607 id
2081 3569 2147 3607 ex
2175 3565 2368 3607 natura
2395 3553 2676 3621 habebat),
2710 3553 2878 3608 cessit
2914 3553 3048 3606 mibi
3085 3553 3151 3607 ad
3193 3564 3417 3608 mortem
3453 3571 3577 3624 pro-

2002 3656 2121 3713 pter
2157 3645 2666 3714 meamsegnitiem,
2698 3660 2808 3698 non
2863 3654 3088 3720 propteg
3119 3645 3268 3700 illius
3300 3654 3574 3701 naturam.

2007 3754 2023 3788 ι
2068 3737 2359 3790 Peccatum
2392 3738 2538 3789 enim
2577 3738 2866 3791 occasione
2891 3744 3134 3805 accepta.
3176 3755 3194 3787 ι
3217 3733 3426 3808 Eadem
3457 3754 3579 3791 rur-

2000 3843 2094 3882 sus
2127 3829 2279 3883 varie
2315 3827 2640 3882 conﬁrmat:
2677 3837 2732 3881 et
2767 3827 3006 3881 merito:
3033 3841 3157 3880 nam
3184 3827 3270 3881 lex
3327 3843 3576 3898 magnam

2000 3919 2284 3974 obtinebat
2307 3919 2534 3990 gloriam
2562 3936 2575 3972 :
2609 3918 2849 3972 ostendit
2872 3934 3000 3988 ergo
3027 3922 3171 3987 quod
3189 3918 3326 3971 nihil
3347 3919 3574 3988 juverit,

1981 4011 2092 4064 sed
2127 4024 2194 4062 ex
2223 4009 2486 4062 incidenti
2515 4011 2794 4072 nocuerit;
2833 4006 2937 4062 hoc
2966 4018 3147 4062 autem
3171 4007 3302 4062 facit
3325 4016 3384 4062 ut
3418 4008 3576 4066 facile

2000 4100 2319 4170 recipiatur,
2354 4100 2482 4153 dum
2515 4098 2775 4168 praedicat
2801 4099 3078 4152 dimissam
3113 4115 3234 4154 esse
3275 4100 3471 4170 legem,
3519 4109 3582 4155 et

2000 4191 2398 4266 accurrentium
2423 4191 2486 4244 ad
2519 4190 2719 4244 Christi
2749 4188 2928 4242 iidem.
2959 4188 3097 4243 Cum
3149 4189 3296 4243 enim
3320 4191 3578 4259 superius

2001 4281 2229 4338 dixisset
2265 4297 2279 4335 :
2311 4280 2609 4336 Occasione
2637 4289 2820 4334 autem
2861 4287 3085 4348 accepta
3136 4289 3420 4348 peccatum
3477 4295 3578 4350 per

2000 4382 2333 4445 praeceptum
2368 4381 2649 4442 operatum
2673 4379 2758 4425 est
2794 4372 2849 4425 in
2905 4387 2993 4450 me
3032 4385 3250 4425 omnem
3309 4371 3575 4441 concupi-

331 4463 483 4534 αὐτῷ
511 4463 692 4527 αἰτίας
749 4465 950 4527 αίτίαις
987 4464 1276 4533 συνείρειν,
1312 4465 1406 4517 καὶ
1451 4466 1552 4535 τὴν
1581 4465 1900 4521 ἀκολουθίαν

2003 4467 2289 4530 scentiam,
2321 4466 2563 4535 adjungit
2625 4463 2788 4534 290
2809 4465 2974 4533 quod,
3006 4463 3124 4517 Non
3151 4463 3331 4516 solum
3353 4477 3574 4518 omnem

329 4553 665 4606 ἐνδεικνύναι
692 4552 803 4606 τῶν
831 4553 1169 4624 πραγμάτων
1201 4556 1298 4608 καὶ
1322 4556 1380 4608 ἐν
1405 4557 1519 4617 τοῖς
1547 4555 1744 4624 λόγοις,
1768 4557 1901 4610 ἀνα-

327 4645 514 4714 τρέχει
550 4645 643 4695 καὶ
684 4641 869 4712 τίθησι
898 4641 1016 4705 πῶς
1061 4644 1460 4713 κατειργάσατο
1503 4646 1683 4698 πᾶσαν
1708 4647 1901 4700 ἐπιθυ-

331 4734 462 4802 μίαν
500 4735 592 4786 καί
622 4749 774 4804 φησι,
806 4734 887 4786 ὅτι
915 4751 946 4785 -ι
991 4733 1268 4805 Ἀφορμὴν
1317 4734 1553 4790 λαϐοῦσα
1591 4737 1900 4808 ἐξηπάτησέ

331 4841 460 4895 με.»
507 4821 640 4877 Εἶτα
668 4825 847 4894 ἀφῆκε
876 4825 937 4879 τὸ
987 4825 1298 4896 προρρηθὲν
1344 4829 1485 4880 νοεῖν
1526 4827 1780 4892 ἐνταῦθα,
1815 4829 1900 4882 ὅτι

327 4921 398 4971 ἐκ
425 4916 615 4970 τούτου
660 4917 718 4971 δέ
761 4917 1054 4986 εἰργάσατο
1095 4919 1196 4984 τὴν
1250 4917 1564 4988 ἐπιθυμίαν,
1605 4919 1694 4971 καὶ
1740 4921 1900 4972 τοῦτο

326 5009 515 5078 ἀφεὶς,
546 5011 900 5062 ἐπισυνάπτει
945 5010 1004 5062 τὸ
1033 5009 1205 5075 τέλος,
1243 5027 1262 5060 ι
1292 5011 1400 5062 Καὶ
1426 5011 1798 5075 άπέκτεινεν,›
1833 5011 1899 5063 ἶν’

322 5099 361 5178 ᾖ
399 5102 542 5154 κατά
595 5103 896 5172 συνέχειαν,
943 5103 997 5154 εί
1019 5119 1101 5162 τις
1133 5101 1413 5167 ἀναλάϐοι,
1445 5101 1617 5164 οὕτως
1642 5101 1790 5172 αὐτῷ
1823 5104 1898 5155 εί-

327 5196 589 5266 ρημένον.
637 5193 957 5262 ι’Δφορμὴν
998 5192 1237 5245 λαϐοῦσα
1287 5194 1320 5262 ὴ
1365 5192 1624 5262 ἁμαρτία,
1679 5203 1897 5263 καίπερ·

321 5289 539 5357 τάσατο
566 5288 624 5339 ἐν
651 5287 774 5356 ἐμοὶ
797 5289 974 5338 πᾶσαν
999 5285 1348 5352 ἐπιθυμίαν.)
1376 5285 1488 5352 Τὴν
1513 5284 1571 5336 δέ
1600 5284 1895 5353 ἐπιθυμίαν

319 5379 774 5450 κατειργάσατο,
845 5377 1192 5448 ἀπατήσασα.
1253 5377 1634 5447 ’Βργασαμένη
1684 5375 1742 5428 δὲ
1796 5374 1895 5446 τὴν

319 5473 643 5540 ἐπιθυμίαν,
681 5471 969 5525 ἀπέκτεινέ
1032 5488 1120 5540 με.
1163 5471 1346 5523 Ἔστιν
1387 5467 1537 5540 οὖν-η
1569 5469 1774 5538 ἀπάτη,
1808 5470 1894 5521 ai-

317 5567 419 5621 τὶα
466 5567 565 5637 τῆς
614 5565 942 5635 ἐπιθυμίας·
997 5565 1031 5634 ἡ
1075 5562 1131 5614 δὲ
1179 5559 1605 5630 ἐπιθυμία,“τοῦ
1637 5559 1890 5612 θανάτου.

315 5658 441 5726 Τὴν
498 5656 556 5709 δέ
621 5656 862 5730 ἀπάτην,
900 5656 1195 5724 εἰργάσατο
1245 5651 1335 5704 διὰ
1405 5653 1504 5720 τῆς
1579 5649 1800 5719 ἐντολῆς
1857 5651 1892 5720 ἠ

315 5749 612 5812 άμαοτία,
683 5748 773 5804 ενα
831 5751 972 5814 φανῇ
1026 5747 1088 5800 τὸ
1117 5742 1471 5812 ,ὑπερϐάλλον
1535 5741 1638 5811 τῆς
1692 5741 1891 5804 κακίας

2006 4557 2510 4626 concupiscentiam
2543 4563 2824 4624 operatum
2850 4561 2953 4618 est,
2982 4556 3075 4607 sed
3107 4561 3163 4608 et
3219 4553 3421 4607 occidit
3460 4567 3570 4618 me,

2001 4648 2179 4718 ipsum
2212 4648 2346 4701 mihi
2376 4647 2576 4703 cedens
2610 4647 2676 4699 ad
2703 4653 2960 4699 mortem.
3007 4644 3235 4710 Deinde,
3296 4647 3566 4714 quemad-

2000 4740 2224 4794 modum
2260 4739 2337 4793 illi
2369 4741 2538 4794 moris
2561 4747 2646 4792 est
2673 4750 2870 4791 causas
2897 4742 3247 4798 connectere,
3280 4743 3337 4788 et
3385 4747 3573 4788 rerum

2000 4830 2447 4902 consequentiam
2510 4829 2676 4883 etiam
2729 4828 2783 4881 in
2842 4824 3192 4881 sermonibus
3251 4825 3570 4904 ostendere,

1999 4922 2256 4986 recurrit,
2289 4935 2353 4976 ac
2381 4921 2533 4990 ponit
2559 4918 2838 4989 quomodo
2868 4924 3158 4986 operatum
3217 4916 3289 4970 sit
3348 4931 3568 4970 omnem

1998 5011 2519 5083 concupiscentiam,
2549 5019 2603 5065 ct
2631 5010 2743 5064 ait:
2782 5027 2801 5060 ι
2852 5007 3154 5063 Occasione
3195 5017 3419 5079 accepta
3474 5010 3570 5064 de-

1998 5105 2144 5174 cepit
2177 5118 2282 5158 me.
2321 5122 2340 5153 υ
2369 5101 2575 5156 Deinde
2605 5103 2750 5169 quod
2783 5100 3105 5170 praedictum
3141 5108 3225 5154 est
3255 5099 3386 5153 hinc
3407 5099 3570 5152 intel~

1996 5197 2275 5267 ligendum
2298 5193 2538 5262 reliquit,
2565 5201 2693 5262 puta
2720 5191 2868 5260 quod
2899 5205 2966 5244 ex
2993 5191 3097 5244 hoc
3149 5200 3433 5259 operatum
3487 5197 3570 5245 est

1995 5301 2213 5341 omnem
2272 5281 2814 5351 concupiscentiam:
2870 5288 2928 5334 et
2982 5279 3089 5333 hoc
3155 5278 3348 5332 relicto
3405 5277 3569 5330 linem

1995 5374 2299 5445 coniungit,
2331 5373 2537 5436 dicens,
2599 5389 2615 5422 ι
2656 5371 2725 5424 Et
2758 5369 2998 5433 occidit;
3043 5386 3062 5418 ι
3115 5375 3178 5420 ιιι
3225 5381 3569 5422 exconsecu-

1995 5466 2144 5520 tione
2173 5465 2369 5518 sithoc
2398 5463 2563 5516 modo
2599 5461 2668 5516 ab
2705 5476 2772 5516 eo
2797 5460 3026 5524 dictum,
3057 5459 3104 5512 si
3149 5458 3271 5527 quis
3321 5457 3456 5510 velit
3476 5470 3568 5510 re-

1995 5567 2180 5629 petere
2205 5575 2220 5613 :
2243 5575 2261 5607 ι
2295 5554 2597 5611 Occasione
2624 5564 2844 5624 accepta
2859 5561 3146 5624 peceatum
3171 5559 3458 5618 operatum
3479 5555 3570 5600 est

1995 5651 2052 5706 in
2074 5665 2161 5703 me
2193 5663 2410 5704 omnem
2435 5647 2955 5716 concupiscentiam.
3005 5661 3023 5694 ι
3054 5637 3567 5707 Concupiscentiam

1995 5749 2176 5797 autem
2204 5749 2490 5810 apemtum
2515 5746 2602 5793 est
2634 5750 2758 5792 cum
2786 5733 3099 5804 deeepisset
3129 5747 3144 5786 :
3203 5741 3392 5788 verum
3436 5741 3564 5783 cum
