3978 6542
471 341 574 404 455
1540 327 1938 390 (ECUMENII
1965 325 2260 388 TRICCE
2297 322 2640 386 EPISCOPI
2797 259 2803 282 .
3613 333 3694 400 ‘56

471 456 758 523 operatum
791 456 940 504 esset
969 441 1498 515 concupiscentiam,
1529 441 1735 498 occidit
1790 455 1901 496 me.
1967 441 2065 495 Est

2186 437 2392 510 ιύτῆς,
2456 437 2546 491 διὰ
2613 433 2708 489 τοῦ
2757 432 2966 504 ἀγαθοῦ
3025 433 3086 488 τὸ
3138 433 3390 492 κάκιστον
3431 436 3692 514 ἐργαζομέ.

471 558 604 616 ergo
630 540 880 612 deceptio
915 535 1375 607 concupiscentia
1398 550 1586 600 causa,
1613 533 2068 604 concupiscentia
2179 549 2301 604 νης.
3618 513 3623 514 7

473 658 606 697 vero
634 640 847 696 mortis.
884 635 1271 705 Deceptionem
1297 647 1430 687 vero
1458 639 1743 702 peceatum
1768 639 2060 700 operatum
2098 637 2184 684 est
2214 644 2314 700 per
2339 636 2698 698 praeceptum,
2731 635 2792 681 ut
2863 634 3041 697 palam
3116 626 3207 682 fiat
3263 631 3565 701 magnitudo
3611 654 3702 700 ma,

476 737 616 793 litiae
654 735 825 798 illius,
856 709 1006 800 quod
1038 743 1156 783 rem
1191 727 1485 798 pessimam
1521 733 1806 794 operatum
1846 732 1931 778 est
1981 737 2080 792 per
2119 723 2172 778 id
2206 721 2353 792 quod
2385 721 2654 790 optimum
2685 728 2789 774 est.

556 833 668 894 VII,
709 831 792 894 12,
839 827 923 884 15.
959 824 1147 896 Itaque
1167 825 1250 878 (ea:
1280 830 1469 877 sancta
1508 829 1584 874 est
1649 831 1698 874 et
1746 827 2070 891 prreceptum

474 934 717 979 sanctum
749 924 1057 994 justumque
1112 935 1174 972 ac
1220 917 1414 970 bonum
1445 931 1464 970 :
1513 902 1822 985 quod‘ergo
1874 911 2069 965 bonum

477 1027 573 1087 est,
602 1019 729 1072 mihi
754 1017 952 1087 factum
983 1021 1058 1067 est
1099 1011 1287 1066 mors?
1316 1008 1498 1064 Absit!
1531 1008 1622 1061 sed
1672 1014 1963 1077 peccatum.
2008 1001 2071 1057 Ut

479 1118 760 1184 appareret
796 1119 1066 1181 peccatum
1092 1100 1183 1177 per
1200 1105 1254 1158 id
1290 1103 1430 1173 quod
1451 1110 1568 1156 erat
1592 1100 1786 1153 bonum
1812 1097 1939 1150 mihi
1991 1095 2072 1164 gi-

481 1222 643 1278 gnere
670 1213 910 1259 mortem.
952 1202 1016 1257 Ut
1059 1200 1209 1269 ﬁeret
1240 1199 1434 1252 mirum
1479 1199 1533 1250 in
1579 1193 1795 1248 modum
1856 1204 2076 1261 peccans

481 1303 763 1366 peccatum
783 1309 876 1364 per
899 1298 1238 1363 pmiceptum.

552 1477 753 1534 Sancta
783 1477 872 1532 lex
901 1485 1007 1538 est,
1038 1490 1164 1529 nam
1192 1473 1260 1527 ab
1286 1470 1636 1527 immunditia
1667 1470 1793 1526 illos
1816 1468 2079 1525 servabat

481 1569 577 1638 qui
602 1570 773 1638 ipsam
798 1565 1204 1624 custodiebant.
1235 1563 1415 1628 Iusta,
1445 1561 1575 1632 quia
1600 1569 1750 1615 recte
1779 1567 2077 1629 operantes

483 1661 647 1716 donis
673 1657 1015 1729 prremiabat,
1051 1654 1559 1726 transgressoribus
1611 1667 1747 1707 vero
1807 1649 2079 1721 supplicia

485 1749 824 1822 imponebat.
857 1749 1028 1811 Bona,
1067 1747 1196 1818 quia
1225 1753 1406 1815 neque
1462 1744 1752 1814 suppliciis
1805 1742 2080 1813 gaudebat

483 1859 664 1913 neque
698 1841 904 1898 utendo
940 1841 1018 1894 ira
1045 1839 1333 1911 puniebat,
1368 1838 1462 1894 sed
1513 1837 1586 1892 ob
1637 1837 1863 1891 illorum
1925 1836 2078 1891 salu-

2253 819 2434 873 Ὧστε
2475 821 2507 872 ὀ
2530 817 2652 885 μὲν
2700 818 2887 886 νόμος
2937 814 3125 886 ἅγιος,
3157 817 3255 871 καί
3290 818 3328 886 ἦ
3377 819 3706 897 ἐττολὴάγία

2179 911 2278 966 καί
2322 911 2525 964 δικαία
2558 910 2656 964 καί
2691 908 2906 979 ἀγαθή.
2957 909 3029 964 Τὸ
3077 905 3191 966 οὖν
3228 911 3467 981 ἀγαθὸν,
3495 918 3608 985 ἐμοὶ
3635 922 3707 988 τέ.
3745 929 3748 934 ’

2177 1023 2319 1077 τον-ε
2362 1005 2658 1071 mirator;
2699 1004 2796 1072 Μὴ
2840 1006 3118 1074 γένοιτο]
3162 1006 3348 1062 Ἀλλά
3394 1010 3432 1079 ἠ
3477 1012 3706 1082 ἁμαρτία.

2180 1102 2315 1155 Ἵνα
2343 1097 2511 1169 φανῇ
2565 1099 2842 1168 ἁμαρτία,
2881 1098 2982 1154 διὰ
3029 1099 3138 1154 τοῦ
3169 1100 3397 1167 ἀγαθοῦ
3416 1123 3512 1173 μοι
3538 1125 3709 1180 κατερ-

2178 1189 2472 1260 γαζομένη
2536 1188 2816 1244 θάνατον.
2871 1189 3003 1244 Ἵνα
3070 1191 3316 1260 γένηται
3384 1196 3506 1247 καθ’
3562 1197 3710 1268 ὑπερ.

2181 1283 2375 1351 σωλὴν
2443 1280 2796 1352 ἁμαρτωλὸς
2857 1281 2895 1349 ἡ
2959 1283 3216 1352 ἁμαρτία
3276 1281 3373 1339 διὰ
3426 1284 3530 1355 τῆς
3577 1289 3712 1346 sm-

2177 1373 2320 1442 λῆς.

2253 1464 2444 1533 Ἀγιος
2495 1463 2523 1516 ὁ
2555 1463 2740 1535 νόμος,
2781 1465 2864 1519 ὅτι
2921 1464 3225 1535 ἐφύλαττεν
3272 1466 3378 1521 ἀπὸ
3424 1467 3712 1542 ἀκαθαρσίας

2180 1556 2308 1620 τοὺς
2343 1556 2711 1625 φυλάττοντας
2748 1559 2930 1613 αὐτόν.
2959 1560 3198 1624 Δίκαιος,
3235 1563 3316 1616 ὅτι
3348 1567 3470 1628 τοὺς
3499 1566 3585 1636 μὲν
3608 1587 3710 1623 κατο

2183 1649 2476 1719 ορθοῦντας
2536 1651 2795 1722 ἠμείϐετο
2853 1653 3104 1724 δωρεαῖς,
3153 1659 3269 1718 τοῖς
3303 1656 3360 1710 δὲ
3398 1659 3713 1731 παραὸαίνου-

2186 1759 2270 1796 σιν
2311 1743 2552 1798 ἐπετίθει
2604 1745 2704 1808 τὰς
2741 1746 3034 1817 τιμωρίας.
3083 1747 3333 1816 Ἀγαθδς,
3387 1751 3465 1805 ὃτι
3500 1755 3587 1824 ούχ
3625 1757 3716 1825 ἠδί-

2187 1853 2350 1906 μενος
2389 1839 2510 1901 ταῖς
2549 1838 2842 1909 τιμωρίαις
2890 1839 2922 1911 ἢ
2974 1841 3108 1912 ὀργῇ
3165 1842 3444 1914 χρώμενος
3483 1847 3715 1916 ἐκόλαζεν,

487 1944 597 1990 tem
656 1943 712 1988 et
766 1933 1058 1987 utilitatem
1114 1947 1177 1986 ac
1233 1929 1668 1994 correctionem;
1735 1928 1887 1993 item,
1954 1927 2082 1997 quia

2186 1928 2324 1982 ἀλλὰ
2359 1929 2458 1999 τῆς
2504 1929 2682 1984 αὐτῶν
2713 1929 2875 1984 ἕνεκα
2917 1935 3195 2002 σωτηρίας
3227 1935 3324 1988 καὶ
3361 1936 3610 2005 ὠφελείας
3645 1943 3742 1995 καί

485 2042 656 2098 parva
673 2027 815 2080 bona
837 2024 1220 2095 operantibus,
1249 2039 1441 2093 magna
1468 2021 1761 2092 praestabat
1779 2019 2079 2075 beneficia:

2191 2019 2560 2090 βελτιώσεως·
2594 2024 2687 2076 καί
2720 2023 2801 2076 ἔτι
2847 2025 2929 2077 ὅτι
2969 2025 3144 2096 μικρὰ
3171 2027 3512 2098 κατορθοῦσι,
3546 2032 3717 2102 μεγάλα

486 2128 887 2190 pcccantesque
923 2117 1254 2180 sustinebat,
1290 2130 1392 2170 nec
1419 2116 1487 2168 ad
1540 2113 1800 2168 meritum
1851 2111 2082 2165 delicto-

2187 2114 2486 2185 ἐχαρίζετο,
2539 2117 2633 2170 καὶ
2671 2117 3058 2188 ἁμαρτάνοντα
3109 2123 3385 2190 περιεῖπε,
3419 2125 3507 2176 καὶ
3529 2101 3582 2179 οὐ
3621 2101 3717 2179 κατ’

486 2226 606 2265 rum
631 2210 913 2280 puniebat.
947 2209 1065 2277 lpse
1091 2217 1277 2262 autem
1304 2207 1391 2260 his
1422 2206 1644 2259 interim
1667 2201 2076 2274 praetermissis,

487 2318 555 2358 ex
583 2301 669 2357 his
693 2301 972 2356 concludit
1008 2311 1253 2355 sanctam
1287 2300 1601 2370 jus-tamque
1633 2313 1697 2350 ac
1728 2296 1929 2350 bonam
1956 2310 2080 2350 esse

487 2394 663 2465 legem
695 2394 808 2448 sive
840 2402 1176 2463 praeceptum
1204 2409 1216 2444 :
1249 2407 1358 2445 uno
1401 2389 1623 2459 quidem
1685 2389 1888 2455 medio,
1950 2387 2080 2456 quia

489 2486 678 2541 docuit
709 2501 794 2538 me
848 2494 1137 2554 peccatum
1197 2497 1554 2553 cognoscere,
1607 2479 1886 2551 jussitque
1944 2478 2079 2533 illud

493 2579 718 2649 fugere:
757 2577 930 2630 altero
963 2591 1114 2638 vero,
1162 2576 1307 2644 quod
1368 2588 1456 2628 me
1518 2572 1807 2640 adjuvans,
1861 2570 2082 2640 meique

491 2684 681 2725 curam
716 2667 926 2722 habens
962 2667 1068 2720 hoc
1105 2665 1302 2720 fecerit
1330 2681 1342 2717 :
1370 2681 1496 2718 nam
1543 2665 1609 2717 ad
1655 2664 1826 2719 vitam
1879 2677 1943 2717 ac
1995 2678 2083 2716 sa-

491 2762 666 2816 lutem
703 2759 820 2812 hmo
855 2759 990 2812 mihi
1025 2757 1178 2814 fecit.
1208 2758 1409 2813 Sancta
1435 2772 1566 2828 ergo
1594 2762 1699 2822 est,
1737 2757 1868 2826 quia
1895 2755 2082 2810 docuit

492 2868 557 2907 ac
583 2851 771 2923 fugere
798 2854 866 2908 ab
907 2852 1025 2920 ipsa
1049 2849 1396 2904 immunditia
1425 2830 1724 2919 princepit:
1752 2849 1898 2918 jnsta
1925 2860 2078 2912 vero,

493 2944 622 3014 quia
646 2944 738 2998 ubi
769 2942 976 3007 docuit,
997 2939 1155 3010 291
1187 2941 1255 2995 ab
1277 2941 1363 2994 his
1386 2940 1479 3011 qui
1505 2956 1614 2993 non
1643 2947 1934 2994 servarunt
1965 2953 2082 3007 pce-

495 3051 621 3088 nam
653 3034 890 3104 repetit:
918 3048 1138 3087 rursum
1175 3041 1357 3086 autem
1392 3031 1559 3098 bona,
1587 3033 1717 3102 quia
1750 3029 1918 3085 vitam
1943 3028 2077 3084 mihi

495 3125 816 3197 providens,
852 3125 971 3179 baac
1001 3122 1253 3195 jubebat.

563 3313 702 3370 Item
731 3323 778 3367 ct
807 3313 914 3366 alio
943 3312 1114 3367 modo.
1157 3330 1174 3363 ι
1215 3311 1327 3367 Lex
1382 3311 1604 3382 quidem
1666 3321 1854 3367 sancta
1908 3320 2011 3369 est.
2056 3331 2075 3366 ι

2183 2207 2341 2274 ἀξίαν
2360 2209 2470 2260 τῶν
2498 2208 2993 2281 πλημμελημάτων
3022 2212 3304 2278 ἐκόλαζεν.
3335 2215 3501 2279 Αὐτὸς
3529 2217 3580 2270 δὲ
3612 2218 3720 2282 τέως

2184 2297 2564 2368 παραδραμὼν
2598 2299 2789 2365 ταῦτα,
2825 2303 2890 2354 ὲκ
2937 2301 3144 2356 τούτων
3181 2307 3556 2376 συμπεραίνει,
3598 2309 3718 2380 ἄγων

2183 2391 2278 2442 καὶ
2332 2391 2540 2444 δίκαιον
2587 2392 2683 2445 καὶ
2733 2392 2937 2462 ἀγαθὸν
2985 2389 3128 2448 εἶναι
3176 2396 3272 2451 τὸν
3320 2398 3496 2470 νόμον,
3521 2401 3622 2471 ἦτοι
3643 2403 3719 2472 τὴν

2183 2481 2423 2554 ἐντολὴν,
2459 2484 2516 2550 ἐξ
2564 2484 2680 2547 ἐνὸς
2710 2486 2827 2554 μὲν,
2872 2486 2952 2540 ὅτι
3005 2485 3241 2555 Ἐδίδαξέ
3277 2508 3345 2561 με
3385 2495 3624 2562 γνωρίσαι
3646 2496 3721 2565 τὴν

2183 2575 2461 2645 ἁμαρτίαν
2491 2577 2585 2630 καὶ
2608 2576 2833 2643 ἐπέταξε
2869 2582 3062 2648 φυγεῖν
3093 2581 3266 2653 αὑτήν
3297 2601 3310 2614 ο
3349 2583 3409 2649 ἐξ
3450 2587 3619 2658 ἑτέρου
3647 2589 3720 2653 δὲ,

2183 2668 2264 2722 ὅτι
2313 2669 2610 2740 κηδόμενος
2659 2672 2751 2725 καὶ
2804 2672 3107 2743 φροντίζων
3151 2675 3316 2728 τοῦτό
3347 2677 3620 2748 ἐποίησεν·
3661 2682 3721 2743 είς

2186 2761 2296 2832 γὰρ
2326 2761 2470 2830 ζωὴν
2493 2762 2617 2831 ἐμοὶ
2646 2765 2740 2818 καὶ
2767 2765 3042 2835 σωτηρίαν
3071 2765 3244 2819 ταῦτα
3278 2767 3541 2842 ἐποίησεν.
3570 2771 3723 2839 ’Δγιος

2183 2849 2296 2919 οὖν,
2333 2855 2415 2908 ὅτι
2471 2854 2698 2920 ἐδίδαξε,
2735 2858 2828 2909 καὶ
2881 2861 3074 2926 φυγεῖν
3129 2859 3239 2913 ἀπὸ
3294 2860 3396 2931 τῆς
3430 2861 3721 2930 ἀκαθαρσίας

2183 2946 2354 3024 αύτῆς
2389 2944 2616 3011 ἐπέταξε
2637 2963 2652 2977 ·
2689 2947 2896 3010 δίκαιος
2941 2948 3020 3012 δὲ,
3053 2949 3135 3002 ὅτι
3165 2951 3411 3018 διδάξας,
3459 2952 3614 3016 οὕτως
3646 2953 3722 3024 τὴν

2182 3039 2456 3107 τιμωρίαν
2493 3041 2621 3102 τοὺς
2655 3038 2730 3110 μὴ
2770 3040 3112 3109 φυλάξαντας
3163 3043 3410 3097 ἀπαιτεῖ.
3463 3044 3660 3112 Ἀγαθὸς
3681 3045 3724 3098 δὲ

2093 3140 2100 3145 ·
2183 3129 2388 3194 πάλιν,
2440 3129 2523 3182 ὅτι
2578 3127 2724 3201 ζωήν
2785 3146 2877 3201 μοι
2953 3133 3379 3204 προνοούμενος,
3437 3133 3597 3188 ταῦτα
3643 3137 3720 3188 tr:-

2183 3223 2377 3277 ετέλει.

2259 3317 2367 3371 Καὶ
2394 3317 2616 3385 ἄλλως.
2672 3337 2690 3370 ι
2713 3319 2771 3374 Ὀ
2799 3319 2897 3391 μὲν
2923 3319 3090 3390 νόμος
3121 3320 3303 3390 ἅγιος.
3335 3339 3355 3376 ι
3403 3321 3474 3376 Οὐ
3511 3322 3607 3391 γὰρ
3649 3321 3725 3387 τῆς

497 3406 685 3480 Neque
718 3397 865 3463 enim
896 3415 1106 3461 naturae
1126 3406 1264 3476 legis
1293 3416 1414 3460 erat
1444 3413 1505 3460 ut
1529 3405 1663 3459 mihi
1685 3415 2078 3460 nocnmentum

2186 3407 2302 3500 τοῦ,
2323 3410 2490 3480 νόμου
2531 3409 2750 3480 φύσεως
2796 3407 2865 3483 ἦν
2898 3413 2958 3466 τὸ
3007 3411 3319 3484 βεὸλὰφθαι
3371 3432 3460 3486 με,
3506 3414 3628 3468 ἀλλὰ
3649 3415 3724 3483 τῆς

498 3500 823 3564 inferretur,
855 3498 952 3553 sed
998 3513 1133 3552 mea:
1163 3497 1385 3552 malitia:
1413 3512 1477 3551 ac
1510 3497 1786 3567 segnitiei,
1810 3497 1959 3567 quod
2017 3512 2082 3552 ea

498 3608 622 3663 quae
636 3592 789 3662 jussa
817 3599 977 3646 erant
999 3605 1110 3644 non
1136 3589 1568 3643 observaverim.
1605 3610 1624 3640 ι
1660 3590 1731 3643 Ει
1749 3599 2084 3662 praeceptum

499 3693 782 3738 sanctum.
824 3701 842 3734 ι
907 3681 1110 3751 Legem
1178 3680 1313 3735 dicit
1373 3680 1689 3746 Mosaicam,
1748 3690 2084 3752 prazceptum

499 3791 632 3832 vero
665 3777 808 3845 quod
835 3774 940 3846 ipsi
968 3776 1136 3827 Adam
1161 3774 1346 3826 datum
1376 3784 1513 3836 crat.
1547 3773 1810 3830 Sanctum
1835 3775 2080 3846 quidem,

503 3877 763 3936 tanquam
789 3865 842 3919 id
864 3864 1071 3919 docens
1097 3861 1245 3934 quod
1267 3863 1623 3933 expediebat;
1644 3865 1855 3936 justum
1876 3876 2082 3934 autem,

502 3937 763 4028 tanquam
791 3967 938 4011 recte
954 3957 1010 4010 in
1043 3966 1479 4026 transgressores
1505 3957 1833 4012 sententiam
1860 3957 2081 4014 ferens:

501 4055 710 4109 bonum
738 4065 978 4122 quoque,
1011 4057 1200 4120 utpote
1222 4049 1389 4104 vitam
1418 4065 1616 4118 parans
1639 4050 2083 4108 observantibus.

507 4163 525 4194 ι
571 4141 680 4198 Sed
735 4149 1045 4212 peccatum.
1087 4159 1107 4192 ι
1169 4139 1307 4205 Quia
1365 4141 1580 4209 peccati
1645 4143 2083 4212 magnitudinem

501 4232 799 4288 ostendere
829 4231 1098 4294 decrevit,
1130 4229 1268 4284 nihil
1299 4240 1485 4285 autem
1513 4246 1578 4285 eo
1612 4234 1794 4304 majus
1819 4233 1876 4288 in
1923 4236 2082 4292 mali-

503 4327 578 4381 tia
604 4333 820 4395 poterat
843 4324 1115 4386 invenire,
1148 4329 1244 4392 per
1279 4322 1519 4392 idipsum
1562 4324 1860 4382 ostendens
1911 4327 2084 4397 ipsius

503 4417 959 4490 magnitudinem,
987 4414 1116 4470 dicit
1145 4432 1159 4468 :
1191 4433 1208 4466 ι
1249 4415 1352 4469 Sed
1381 4424 1665 4484 peccatum
1694 4425 1757 4470 ut
1788 4428 2084 4489 appareret

501 4516 812 4580 peccatum,
854 4526 872 4558 ι
907 4506 962 4561 id
989 4515 1093 4570 est,
1153 4515 1216 4559 ut
1275 4504 1631 4576 detegeretur
1681 4510 1862 4564 omnis
1908 4511 2085 4566 abun-

502 4602 690 4660 dantia
714 4599 938 4655 malitia:
959 4599 1132 4668 ipsius
1155 4613 1220 4652 ac
1248 4597 1399 4652 illius
1429 4598 1515 4652 vis
1546 4599 1600 4653 in
1635 4599 1838 4670 seipso.
1902 4603 1982 4657 Ac
2035 4605 2080 4658 si

502 4694 690 4748 dicat:
724 4691 959 4762 thuod
989 4699 1094 4756 est,
1129 4699 1306 4744 totum
1330 4689 1386 4744 in
1423 4699 1538 4746 toto
1566 4691 1657 4744 fiat
1702 4692 2077 4750 manifestum.

503 4786 564 4840 in
618 4786 744 4840 aliis
793 4799 1033 4854 namque
1087 4797 1372 4838 excessum
1431 4783 1723 4854 quemdam
1773 4801 2080 4856 proponere

2191 3499 2369 3569 ἡμῶν,
2423 3501 2578 3572 φησι.
2623 3502 2822 3566 κακίας
2876 3503 2968 3556 καὶ
3016 3503 3318 3576 ῥᾳθυμίας,
3373 3505 3489 3558 ἀνθ’
3541 3498 3606 3559 ὧν
3651 3503 3727 3556 οὐκ

2191 3591 2536 3663 ὲφυλάξαμεν
2564 3592 2634 3646 τὰ
2688 3595 3155 3668 ἐπιταχθέντα.-
3179 3594 3513 3671 [ΘΕΟΔΩΡ.]
3540 3615 3557 3648 ι
3579 3595 3671 3651 Καὶ
3702 3595 3727 3663 ἡ

2191 3684 2378 3755 ἐντολὴ
2419 3685 2574 3753 ἁγία.
2603 3705 2621 3738 ι
2654 3685 2836 3757 Νόμον
2869 3689 2961 3742 τὸν
3012 3689 3312 3744 Μωσαῖκὺν
3345 3691 3508 3759 λέγει,
3549 3687 3726 3756 ἐντολὴν

2189 3775 2268 3841 δὲ,
2303 3776 2401 3848 τὴν
2434 3777 2511 3849 τῷ
2556 3778 2728 3848 Ἀδὰμ
2753 3781 3067 3850 δεδομένην.
3113 3781 3308 3849 Ἀγίαν
3338 3783 3436 3852 μὲν
3468 3781 3538 3846 ὡς
3561 3781 3614 3834 τὸ
3637 3779 3729 3834 δέον

2190 3871 2504 3938 διδάξασαν.
2557 3873 2786 3928 Δικαίαν
2827 3873 2906 3937 δὲ,
2953 3874 3028 3939 ὡς
3073 3875 3252 3944 ὀρθῶς
3295 3879 3408 3940 τοῖς
3431 3874 3729 3946 παραϐάτας

2191 3963 2288 4034 τὴν
2319 3963 2499 4034 ψῆφον
2526 3965 2925 4032 ὲπενεγκοῦσαν
2949 3982 2962 3995 ·
2997 3967 3208 4037 ἀγαθὴν
3252 3967 3334 4035 δὲ,
3386 3968 3462 4032 ὡς
3491 3968 3620 4037 ζωὴν
3642 3964 3730 4025 τοῖς

2193 4056 2560 4125 φυλάσσουσιν
2582 4059 3028 4128 εύτρεπίζουσαν.
3070 4078 3088 4112 ι
3111 4059 3271 4114 Ἀλλὰ
3308 4061 3342 4131 ὴ
3375 4058 3621 4131 ἁμαρτία.
3641 4075 3657 4108 ι
3677 4085 3729 4098 -·

2192 4148 2387 4222 [ΦΩΤ.]
2419 4148 2638 4221 Ἐπειδὴ
2659 4151 2760 4220 τῆς
2778 4153 3051 4222 ἁμαρτίας
3073 4151 3307 4223 ἠθέλησε
3325 4153 3385 4207 τὸ
3425 4151 3634 4223 μέγεθος
3645 4149 3729 4202 δεί-

2191 4240 2302 4306 ξαι,
2336 4240 2520 4309 μεῖζον
2553 4240 2609 4294 δὲ
2632 4242 2835 4313 ταύτης
2867 4243 2945 4308 είς
2989 4243 3192 4296 κακίαν
3219 4239 3423 4315 ούκ”ἧν
3449 4243 3636 4314 εὑρεῖν,
3677 4235 3732 4290 δι’

2191 4333 2360 4404 αὐτῆς
2385 4333 2588 4404 ταύτης
2618 4333 2679 4386 τὸ
2729 4335 2957 4404 μέγεθος
2997 4335 3169 4405 αὐτῆς
3205 4335 3618 4406 ἐνδεικνύμενος,
3649 4347 3729 4400 φη·

2193 4425 2297 4490 σὶν,
2331 4444 2350 4477 ι
2404 4425 2543 4498 Ἀλλ’
2581 4427 2614 4498 ἡ
2660 4426 2928 4497 ἁμαρτία,
2962 4427 3049 4481 ἵνα
3092 4430 3236 4498 φανῇ
3280 4427 3539 4499 ἁμαρτία,
3569 4444 3585 4477 ι
3611 4438 3732 4477 τουτ-

2191 4517 2338 4570 έστιν
2354 4518 2440 4570 ἵνα
2461 4517 2776 4590 ὲκκαλυφθῇ
2799 4519 2974 4588 αὐτῆς
2997 4521 3025 4574 6
3046 4521 3152 4583 πᾶς
3176 4521 3278 4590 τῆς
3304 4522 3502 4584 κακίας
3522 4516 3730 4579 πλοῦτος,

2191 4611 2284 4662 καὶ
2315 4611 2348 4680 ἠ
2381 4609 2533 4679 ἰσχὺς
2567 4609 2733 4681 αὐτῆς
2759 4611 2791 4684 ἡ
2823 4611 2881 4662 ὲν
2903 4611 3064 4680 αὐτῇ.
3090 4608 3234 4678 Οξον,
3272 4611 3410 4676 Ἵνα,
3441 4614 3568 4681 ὅπερ
3591 4608 3730 4669 ἐστὶν,

2189 4701 2287 4769 ὅλη
2311 4701 2388 4764 ὡς
2419 4703 2517 4771 ὅλη
2547 4701 2762 4772 γίνηται
2791 4703 3056 4774 ἐκφανής.
3112 4703 3236 4758 Ἐπὶ
3267 4705 3368 4774 μὲν
3394 4704 3500 4775 γὰρ
3527 4703 3622 4758 τῶν
3658 4699 3732 4752 ἆλ-

2198 4791 2306 4846 λων
2340 4792 2645 4864 ὑπερϐολήν
2696 4811 2817 4847 τινα
2848 4793 3094 4858 θέλοντες
3132 4797 3507 4868 παραστῆσαι,
3532 4791 3730 4859 δυνάμε-

503 4877 776 4940 volentes,
823 4876 974 4931 aliud
1002 4873 1287 4944 quidpiam
1335 4872 1534 4929 afferre
1588 4890 1885 4943 possumus
1939 4877 1997 4932 in
2041 4879 2082 4934 it

2199 4886 2266 4940 Θα
2318 4884 2447 4940 ἄλλο
2487 4904 2542 4939 τι
2581 4885 2866 4955 ἐπιφέρειν
2903 4886 2982 4956 τῷ
3035 4886 3412 4959 διασυρομένῳ
3460 4887 3545 4956 ὑφ’
3584 4881 3731 4954 ἡμῶν.

503 4966 652 5037 quod
677 4982 708 5020 a
734 4967 894 5020 nobis
929 4965 1360 5035 reprehenditur
1388 4981 1403 5031 ;
1431 4965 1602 5020 veluti
1630 4966 1912 5023 dicentes:
1943 4968 2094 5026 Adeo

503 5060 782 5115 scelestus
809 5067 928 5112 erat
955 5058 1110 5123 Cain,
1144 5066 1205 5111 ut
1241 5056 1429 5114 fratris
1479 5057 1759 5114 homicida
1814 5059 1974 5116 fieret
2030 5077 2095 5118 ac

506 5151 717 5220 primus
752 5150 864 5204 Deo
888 5149 1221 5221 mentiretur
1253 5150 1570 5220 similiaque
1616 5161 1984 5221 perpetraret.
2024 5155 2095 5210 Et

504 5256 726 5297 rursum
762 5260 775 5294 :
809 5220 1003 5309 Neque
1031 5248 1156 5309 post
1183 5241 1558 5310 prodigiorum
1592 5220 1966 5299 ostensionem
1996 5247 2089 5300 ad-

505 5340 705 5390 ductus
732 5343 819 5388 est
837 5333 1050 5388 Pharao
1103 5343 1164 5386 ut
1212 5332 1353 5388 filios
1405 5333 1570 5388 Israel
1616 5334 1940 5404 dimitteret,
1984 5354 2096 5408 quo

505 5437 801 5498 appareret
826 5427 946 5497 ejus
971 5425 1294 5490 crudelitas,
1317 5435 1375 5479 et
1408 5426 1674 5480 indomita
1697 5442 1872 5493 mens,
1897 5445 2092 5498 quam-

507 5536 617 5589 que
653 5519 766 5574 Dco
797 5525 946 5572 esset
971 5517 1208 5571 invisus.
1235 5517 1303 5571 Et
1329 5517 1592 5572 similiter
1648 5518 1705 5571 in
1742 5520 1889 5574 aliis.
1953 5521 2088 5575 Nam

505 5620 688 5682 potest
719 5611 776 5664 in
800 5611 884 5664 eis
917 5609 1124 5678 aliquid
1149 5609 1389 5664 inveniri
1421 5611 1579 5680 pejus
1607 5609 1696 5664 his
1724 5626 1848 5681 qua:
1891 5627 2094 5682 propo.

505 5711 734 5768 nuntur,
763 5703 921 5771 cujus
951 5702 1122 5756 etiam
1153 5700 1448 5770 participes
1480 5701 1703 5771 maligni
1769 5703 2088 5773 suscipiunt

505 5786 932 5868 appellationem
961 5794 1029 5850 ad
1062 5794 1212 5850 illius
1245 5795 1689 5852 similitudinem.
1743 5795 1803 5850 ln
1857 5807 2088 5866 peccato

2190 4971 2324 5040 οἷον,
2364 4975 2579 5047 Μιαρδς
2623 4972 2690 5047 ἦν
2728 4978 2820 5030 ἐπὶ
2854 4977 3108 5032 τοσοῦτον
3133 4979 3162 5030 ὁ
3193 4980 3336 5032 Κάῖν
3363 5017 3378 5043 ,
3415 4979 3498 5030 ὅτι
3546 4975 3731 5039 ἀδελφο-

2193 5068 2380 5130 κτόνος
2409 5067 2644 5135 ἐγένετο,
2667 5067 2749 5120 ὅτι
2783 5067 2879 5120 καὶ
2927 5066 3062 5121 Θεὸν
3095 5068 3312 5138 πρῶτος
3359 5065 3628 5136 ἐψεύσατο,
3659 5056 3732 5113 καὶ

2191 5160 2261 5212 τὰ
2293 5160 2476 5227 ὅμοια..
2501 5159 2610 5213 Καὶ
2638 5158 2799 5212 πάλιν
2825 5175 2840 5190 ·
2875 5159 3010 5212 Οὐδὲ
3047 5159 3184 5229 μετὰ
3217 5160 3316 5228 τὴν
3345 5159 3450 5213 τῶν
3477 5151 3732 5227 τερπστίων

2193 5249 2456 5314 ἐπίδειξιν
2488 5250 2810 5322 παρεκλήθη
2852 5252 3052 5322 Φαραὼ
3083 5250 3352 5304 ἀπολῦσαι
3393 5251 3516 5308 τοὺς
3555 5247 3731 5316 Ἰσραη·

2197 5339 2372 5404 λίτας,
2409 5341 2496 5394 ἴνα
2543 5344 2688 5414 φανῇ
2719 5343 2888 5394 αὐτοῦ
2939 5343 2999 5395 τὸ
3039 5343 3191 5411 ὠμὸν
3217 5342 3313 5396 καὶ
3349 5341 3622 5397 ἀτίθασσον
3655 5333 3732 5401 τῆς

2201 5431 2429 5501 γνώμης
2468 5433 2562 5486 καὶ
2612 5433 2886 5502 θεομισές.
2919 5421 3035 5486 Καὶ
3060 5434 3156 5486 ἐπὶ
3200 5434 3308 5487 τῶν
3347 5432 3519 5488 ἄλλων
3545 5423 3729 5497 ὁμοίως·

2198 5523 2354 5576 Ἐστι
2387 5523 2497 5594 γὰρ
2526 5525 2705 5596 εὑρεῖν
2735 5541 2788 5577 τι
2815 5527 2995 5596 χεῖρον
3025 5524 3135 5579 τῶν
3163 5524 3551 5593 ὑποκειμένων,
3582 5510 3634 5569 οὗ
3659 5511 3733 5564 καὶ

2198 5615 2559 5684 μετασχόντες
2579 5617 2630 5668 οἱ
2657 5617 3105 5688 πονηρευόμενοι,
3139 5617 3235 5681 τὰς
3262 5614 3381 5671 κατ’
3409 5613 3577 5666 ἐκεῖνο
3594 5616 3732 5676 προσ·

2195 5708 2425 5776 ηγοριας
2481 5708 2844 5779 ἐπιδέχονται.
2885 5710 3010 5762 Ἐπὶ
3055 5709 3112 5762 δὲ
3169 5710 3267 5777 τῆς
3319 5704 3605 5778 ἁμαρτίας,
3633 5696 3730 5751 ἐπεὶ

2197 5795 2424 5867 ταύτης,
2456 5796 2531 5861 ὡς
2574 5797 2808 5869 ἔφημεν,
2858 5801 2957 5853 οὐκ
2987 5799 3104 5853 ἔστι
3153 5801 3331 5871 χεῖρον
3375 5796 3568 5866 εὑρεῖν,
3595 5783 3730 5852 αὐτὴν
