3978 6542
578 422 685 488 459

1636 427 1965 488 (ECUMEN
1979 428 2031 487 ll
2066 429 2162 488 ΤΗ
2176 429 2355 488 ΙϐϐίΕ
2397 430 2736 492 EPISCOPI

3679 443 3759 511 tto

576 537 948 609 principatum
990 536 1403 593 sumentibusin
1430 545 1862 610 transgressione
1882 556 2004 612 qua:
2016 541 2153 598 facta

2262 545 2642 617 ῐῐαρεδεδόμην
2691 548 2772 610 δὲ,
2816 548 2925 602 τῶν
2977 549 3167 605 παθῶν
3204 552 3375 627 ἀρχὴν
3418 555 3661 615 λαϐόντων
3685 566 3759 637 τὴν

577 639 666 686 est
692 646 790 700 per
819 629 1021 691 Adam,
1052 648 1071 682 ι
1110 631 1246 685 Nam
1273 630 1420 701 quod
1452 645 1655 701 operor
1682 649 1791 688 non
1810 649 2100 706 cognosco.
2129 656 2145 687 ι

649 828 809 899 293
853 828 1059 883 Deinde
1108 827 1247 883 dicit
1319 829 1598 897 quomodo
1653 831 1951 886 venundati
1979 832 2152 889 simus

578 922 681 977 sub
710 929 1018 991 peccatum.
1067 921 1185 975 Non
1231 936 1527 991 cognosco,
1556 921 1653 986 ait,
1684 924 1962 993 quomodo
2004 924 2151 980 dcci-

577 1014 700 1084 pior
735 1021 790 1069 et
819 1013 1097 1083 corripior
1146 1013 1249 1068 sub
1283 1023 1572 1084 peccatum
1601 1030 1615 1068 :
1659 1014 1845 1069 furtim
1878 1016 2026 1071 enim
2066 1032 2153 1071 ra-

574 1106 699 1175 pior
748 1112 809 1160 ut
861 1105 1109 1176 ignorem
1160 1105 1558 1175 propemodum
1602 1105 1735 1177 quid
1783 1109 1981 1177 patiar.
2013 1110 2151 1164 Nam

574 1208 862 1267 postquam
902 1195 1165 1251 venditus
1204 1206 1289 1249 est
1330 1196 1518 1261 homo,
1562 1197 1852 1269 factusque
1882 1200 1985 1255 sub
2017 1217 2148 1271 pec-

573 1295 780 1353 catum,
836 1304 948 1343 non
1001 1290 1284 1359 cognoscit
1321 1288 1456 1359 quid
1500 1302 1781 1360 cperetur,
1838 1292 1994 1347 foeda:
2026 1308 2149 1347 con-

575 1380 887 1436 suetudinis
922 1381 1171 1435 dominio
1200 1382 1516 1438 omnimode
1543 1392 1760 1454 captus,
1795 1400 1917 1455 qum
1942 1401 2009 1439 ne
2031 1402 2153 1456 per-

574 1472 743 1544 mittit
796 1471 1021 1541 quidem
1079 1481 1138 1526 ut
1184 1473 1323 1526 sciat
1384 1473 1588 1528 malum
1633 1490 1755 1529 esse
1802 1475 1947 1545 quod
2008 1477 2147 1547 agit:

574 1562 810 1632 ideoque
850 1562 999 1633 quod
1035 1562 1164 1616 odio
1216 1577 1667 1634 prosequeretur,
1700 1573 1755 1620 et
1800 1582 2149 1637 nequaquam

571 1655 801 1725 eligeret
849 1655 894 1709 si
939 1655 1199 1710 venditus
1235 1672 1341 1710 non
1389 1666 1555 1722 esset,
1602 1657 1698 1713 sed
1734 1658 1898 1723 liber,
1941 1659 2049 1714 hoc
2094 1667 2151 1714 et

573 1746 728 1818 eligit
752 1749 863 1818 jam
909 1747 1169 1803 venditus
1222 1758 1278 1803 et
1306 1758 1604 1820 operatur:
1643 1750 1790 1821 quod
1842 1752 1885 1809 si
1919 1751 2061 1807 liber
2093 1761 2149 1807 et

2256 637 2317 688 ἐν
2366 639 2537 709 Ἀδὰμ.
2586 640 2918 712 παράϐασιν.
2980 661 2999 694 ι
3033 643 3099 698 '0
3137 644 3245 718 γὰρ
3287 651 3679 723 κατεργάζομαι,
3714 659 3761 712 οὐ

2256 726 2528 794 γινώσκω.
2560 747 2578 780 ι

2330 815 2462 873 Εἶτα
2487 820 2636 890 λέγει
2664 823 2781 885 πῶς
2811 824 3147 895 πεπρὰμεθα
3174 826 3279 883 ὒπὺ
3306 829 3403 901 τὴν
3426 831 3685 904 ἁμαρτίαν.
3706 840 3762 892 05

2255 914 2532 983 γινώσκω,
2570 918 2726 987 φησι,
2768 917 2889 982 πῶς
2932 920 3231 982 ἁπατῶμαι
3275 924 3370 977 καὶ
3406 930 3764 1001 συναρπάξομαι

2258 1005 2339 1067 είς
2373 1006 2472 1076 τὴν
2503 1007 2801 1077 ἁμαρτίανο
2861 1011 3189 1081 κλέπτομαι,
3246 1016 3429 1085 φησιν,
3481 1016 3551 1080 ὡς
3607 1023 3764 1091 μικροῦ

2258 1094 2394 1164 μηδὲ
2420 1094 2620 1149 εἰδέναι
2652 1098 2703 1150 τί
2727 1099 2943 1170 πάσχω.
2969 1101 3126 1154 Μετὼ
3182 1101 3292 1173 γὰρ
3324 1104 3386 1157 τὸ
3428 1105 3670 1178 πραθῆναι
3697 1114 3762 1165 καί

2253 1185 2509 1253 γενέσθαι
2542 1188 2634 1241 τὸν
2662 1189 2953 1261 ἄνθρωπον
2989 1192 3094 1253 ὑπὸ
3127 1193 3226 1265 τὴν
3256 1195 3541 1268 ἁμαρτίαν,
3571 1200 3625 1252 οὐ
3643 1203 3764 1267 γινώ-

2255 1295 2374 1332 σκει
2402 1278 2430 1332 ὃ
2451 1282 2981 1354 κατεργάζεται,τῆς
3002 1285 3288 1357 συνηθείας
3314 1289 3412 1358 τῆς
3438 1291 3645 1361 αίσχρᾶς
3665 1312 3765 1348 παν-
3876 1316 3877 1331 ι

2251 1369 2422 1431 τελῶς
2475 1370 2641 1424 αὑτοῦ
2698 1375 3086 1447 κυριευσὰσης,
3118 1376 3214 1430 καὶ
3251 1377 3385 1449 μηδὲ
3439 1383 3764 1455 συγχωρούσης

2251 1460 2449 1515 ειδέναι
2480 1463 2564 1517 ὅτι
2595 1463 2624 1517 ὃ
2669 1465 2900 1537 πράττει
2947 1468 3116 1523 κακόν
3153 1469 3291 1524 ἐστι.
3350 1472 3441 1524 Διὸ
3495 1471 3632 1527 καὶὸ
3676 1475 3746 1547 ἐμί

2253 1568 2336 1605 σει
2387 1552 2452 1606 ἂν
2490 1559 2539 1608 εί
2602 1555 2847 1627 ἄπρατος
2907 1559 2999 1613 καὶ
3033 1560 3320 1631 ἐλεύθερος
3368 1557 3463 1634 ἦν,
3511 1564 3596 1618 καὶ
3645 1564 3768 1620 ὃοθκ

2238 1642 2316 1697 ἂν
2347 1644 2538 1713 εἵλετο,
2570 1646 2735 1701 ταῦτα
2777 1650 2871 1703 καὶ
2927 1649 3175 1720 αἱρεῖται
3225 1656 3566 1725 πεπραμένος
3592 1656 3676 1727 ήδη
3711 1657 3767 1710 ὦν

2252 1736 2345 1790 καὶ
2383 1740 2631 1809 πράττει.
2663 1741 2726 1794 Εἰ
2756 1739 2814 1795 δὲ
2853 1739 3144 1813 ἐλεύθερος
3195 1743 3272 1797 ὣν
3311 1747 3406 1800 καὶ
3452 1746 3668 1816 ἄπρατος
3697 1753 3767 1803 καὶ

575 1854 685 1893 non
726 1839 1007 1905 venditus,
1055 1840 1151 1895 sed
1196 1851 1409 1896 natura:
1450 1842 1766 1907 restitutus,
1800 1860 2148 1915 nequaquam

2258 1830 2395 1883 κατὰ
2422 1830 2584 1901 φύσιν
2611 1832 2712 1886 οὐκ
2745 1832 2810 1886 ἂν
2840 1834 3066 1905 εἱλόμην
3098 1834 3136 1890 ἃ
3167 1834 3269 1890 νῦν
3299 1839 3458 1891 ποιῶ·
3492 1856 3767 1910 συμμαρτυ-

573 1932 833 2003 eligerem
873 1949 996 2003 quae
1025 1948 1173 1988 nunc
1197 1949 1319 2003 ago,
1376 1935 1649 1989 assentior
1678 1935 1781 2006 legi
1817 1935 1963 2007 quod
2004 1937 2148 1994 bona

572 2026 679 2079 sit:
716 2023 842 2079 talia
875 2024 1025 2077 enim
1056 2024 1190 2078 mibi
1226 2024 1485 2095 fugienda
1507 2026 1778 2081 decernit.
1807 2026 1939 2094 Quae
1969 2036 2024 2082 et
2050 2043 2151 2098 ego

573 2117 629 2171 in
651 2117 887 2171 naturali
906 2117 1121 2187 positus
1146 2118 1401 2173 libertate
1420 2119 1727 2190 judicarem
1752 2135 1873 2175 esse
1894 2120 2152 2193 fugienda

572 2225 635 2264 ac
673 2209 799 2264 o'dio
829 2209 1012 2279 digna.
1049 2210 1208 2266 Nune
1237 2220 1421 2264 autem
1452 2211 1798 2267 venundatus
1820 2222 1877 2268 et
1896 2213 1999 2268 sub
2023 2228 2154 2284 pec-

570 2306 754 2355 catum
782 2302 987 2371 lapsus,
1016 2310 1275 2373 tanquam
1305 2302 1459 2357 illius
1484 2303 1781 2373 imperium
1816 2303 2055 2374 patiens,
2096 2312 2153 2359 et

572 2392 628 2445 in
656 2392 778 2462 ejus
810 2380 1139 2461 potestatem
1191 2391 1470 2457 redactus,
1517 2391 1709 2462 illique
1750 2393 2147 2448 subscrviens:

572 2480 647 2535 ita
687 2481 892 2534 malum
940 2495 1160 2550 operor,
1209 2482 1356 2550 quod
1392 2482 1447 2535 in
1498 2481 1756 2537 libertate
1801 2484 2017 2553 positus
2054 2498 2151 2539 ne-

571 2588 844 2642 quaquam
892 2574 1149 2643 egissem.
1185 2572 1434 2639 Quodam
1481 2574 1666 2644 itaque
1698 2574 1861 2630 modo
1882 2591 1983 2647 ego
2015 2576 2151 2632 illud

575 2679 685 2717 non
719 2679 939 2732 operor,
971 2664 1066 2718 sed
1105 2665 1198 2733 qui
1231 2665 1487 2719 devictus
1514 2672 1600 2720 est
1618 2679 1683 2719 ac
1712 2666 1766 2720 in
1799 2667 2009 2735 peccati
2053 2682 2145 2737 po-

577 2764 830 2808 testatem
866 2754 1143 2810 redactus.
1180 2755 1300 2824 lpse
1335 2764 1522 2810 autem
1552 2755 1952 2827 signiﬁcantius
1979 2758 2149 2813 dicit:

579 2870 595 2893 ο
630 2845 738 2899 Sed
768 2846 914 2916 quod
948 2846 1161 2911 habitat
1185 2847 1239 2901 in
1262 2863 1350 2902 me
1378 2858 1689 2917 peccatum.
1726 2869 1742 2902 ι
1773 2850 1909 2904 Nam
1935 2851 2079 2906 sicut
2107 2851 2155 2909 is

574 2938 668 3008 qui
704 2938 928 3008 domum
950 2940 1184 3007 habitat,
1214 2955 1558 3010 quaecunque
1593 2941 1740 2996 circa
1772 2942 1997 2997 domum
2024 2954 2155 2998 sunt

573 3043 857 3102 operatur,
881 3048 1196 3104 quanquam
1233 3049 1364 3089 usus
1386 3035 1458 3089 sit
1481 3035 1536 3089 in
1567 3035 1895 3105 quibusdam
1920 3037 2149 3091 auxilia-

574 3125 710 3178 trice
735 3122 933 3178 domo:
980 3124 1051 3178 ita
1077 3131 1132 3178 et
1169 3132 1475 3194 peccatum,
1518 3123 1718 3194 inquit,
1748 3133 2036 3195 postquam
2065 3140 2151 3181 me

2253 1922 2333 1994 ρῶ
2361 1924 2435 1993 τῷ
2476 1925 2623 1999 νόμῳ
2655 1926 2737 1979 ὅτι
2774 1926 2961 1991 καλός.
3018 1927 3237 1983 Ἐκεῖνα
3262 1928 3373 2001 γάρ
3404 1947 3490 2000 μςι
3530 1930 3769 2001 ψηφίζεται

2253 2014 2497 2086 φεύγειν,
2526 2016 2561 2071 ἃ.
2599 2019 2693 2071 καὶ
2721 2016 2831 2086 ἐγὼ
2856 2019 3001 2091 smn
3034 2020 3175 2074 κατὰ
3206 2019 3369 2091 φύσιν
3392 2021 3654 2093 ἐλευθερίᾳ
3675 2039 3769 2091 τυγ-
3876 2052 3877 2091 ;

2253 2103 2452 2175 χάνων,
2509 2105 2701 2176 ἔκρινα
2740 2106 2983 2179 φευκτέα
3023 2103 3165 2163 εἶναι
3240 2110 3337 2162 καὶ
3385 2110 3591 2180 μισητά.
3618 2111 3709 2164 Νῦν
3728 2114 3768 2165 δὲ

2254 2196 2506 2269 πραθεὶς,
2538 2200 2695 2269 φησι,
2730 2199 2824 2255 καὶ
2851 2198 2955 2254 ὑπὸ
2993 2198 3093 2273 τὴν
3117 2201 3393 2273 ἁμαρτίαν
3417 2201 3586 2256 πεσὼν
3616 2202 3679 2265 ὡς
3702 2192 3770 2255 ὕπ’

2253 2289 2468 2361 ἐκείνης
2518 2288 2909 2363 δεσποζόμενος
2957 2293 3052 2347 καὶ
3077 2295 3493 2366 κυριευόμενος,
3524 2296 3605 2348 καὶ
3628 2296 3767 2365 ἐκείνῃ

2254 2381 2567 2453 ὑπηρετῶν,
2594 2382 2767 2447 οὕτως
2798 2384 3107 2456 ἐργάζομαι
3154 2386 3215 2438 τὸ
3241 2388 3427 2452 κακὸν,
3454 2388 3580 2457 ὅπερ
3604 2389 3686 2441 οὐκ
3721 2388 3771 2440 ἂν

2254 2469 2466 2541 ἔπραξα
2500 2472 2611 2539 ἐγὼ
2647 2473 2705 2525 ἐν
2740 2473 3030 2547 ἐλευθερίᾳ
3076 2475 3175 2531 ὧν.
3209 2477 3304 2531 Διὸ
3350 2479 3541 2550 τρόπον
3568 2478 3672 2532 τινὰ
3697 2481 3771 2532 οὐκ

2253 2560 2557 2632 δργάξομαι
2590 2562 2721 2616 αὐτὸ
2770 2562 2901 2633 ἐγὼ,
2949 2564 3068 2619 ἀλλ’
3091 2567 3119 2619 ὁ
3154 2566 3455 2638 κρατηθεὶς
3484 2566 3571 2619 καὶ
3596 2583 3768 2637 κυριευ-

2254 2651 2367 2718 θεὶς
2406 2653 2513 2708 ὑπὸ
2549 2654 2647 2726 τῆς
2688 2656 2988 2729 ἁμαρτίας.
3043 2657 3218 2722 Αὐτὸς
3265 2656 3326 2712 δὲ
3359 2656 3770 2728 ὲμιραντικώτερόν

2255 2762 2441 2817 φησιν·
2481 2765 2500 2798 ι
2538 2747 2676 2801 Ἀλλ’
2709 2750 2742 2818 ἡ
2769 2748 2994 2802 οἰκοῦσα
3026 2750 3083 2803 ὲν
3114 2750 3238 2821 ἐμοὶ
3268 2750 3528 2820 ἁμαρτία.
3559 2767 3575 2800 ι
3606 2749 3771 2819 Ὠσπερ

2253 2839 2364 2909 γὰρ
2394 2840 2422 2891 ὁ
2442 2837 2540 2908 τὴν
2586 2839 2764 2894 οἰκίαν
2788 2839 2977 2907 οἰκῶν,
3013 2842 3219 2905 ἐκεῖνος
3245 2842 3426 2896 πάντα
3456 2839 3520 2894 τὰ
3547 2840 3667 2894 κατὰ
3696 2839 3769 2910 τὴν

2253 2932 2431 2985 οἰκίαν
2465 2934 2717 3004 πράττει,
2752 2933 2854 2987 κᾶν
2885 2933 3152 3005 κέχρηται
3191 2934 3248 2989 ἔν
3273 2949 3390 2988 τισι
3416 2936 3480 3005 τῇ
3511 2932 3643 3005 οίκία
3680 2949 3769 2985 συν-

2255 3023 2424 3094 εργῷ·
2453 3022 2650 3089 οὕτως,
2683 3026 2837 3096 φησὶ,
2871 3026 2965 3079 καὶ
2996 3026 3029 3094 ἡ
3048 3026 3294 3098 ἁμαρτία
3316 3024 3548 3080 λαϐοῦσά
3578 3023 3768 3096 μεέκδο·

2253 3132 2346 3169 τον
2382 3117 2475 3172 καὶ
2499 3117 2777 3189 πραθέντα
2815 3117 2955 3190 αὐτῇ
3004 3118 3283 3189 ὲνῴκησε,
3342 3119 3434 3171 καὶ
3485 3118 3658 3188 ἑαυτῆς
3682 3115 3771 3168 ὅλον

573 3215 886 3285 dedititium
918 3215 1153 3285 accepit,
1207 3216 1424 3286 ipsique
1454 3216 1830 3271 venundatum
1877 3216 2153 3272 inhabita-

2258 3209 2572 3279 ἐποιήσατο,
2607 3212 2716 3264 πᾶν
2749 3210 2954 3279 ἀγαθὸν
2982 3210 3302 3264 ἀπελάσασα
3326 3210 3421 3280 τῆς
3449 3209 3577 3281 ἐμῆς
3595 3206 3769 3278 σαρκὸς,

573 3310 672 3372 vit,
708 3318 766 3364 et
791 3307 1061 3379 quidquid
1096 3308 1164 3362 ad
1189 3325 1247 3364 se
1280 3316 1495 3379 Spectat
1522 3318 1811 3378 operatum
1837 3317 1962 3364 est:
1993 3324 2155 3363 omne

572 3398 779 3453 bonum
826 3415 858 3454 a
914 3413 1080 3457 carne
1112 3413 1233 3453 mea
1267 3397 1562 3468 ablegavit,
1589 3407 1721 3467 puta
1748 3412 1942 3452 eorum
1971 3397 2158 3468 cogni-

574 3490 779 3544 tionem
807 3505 930 3559 qua:
954 3504 1077 3559 ago,
1133 3488 1567 3557 resipisceutiam
1605 3486 1823 3541 illorum
1857 3486 1925 3540 de
1954 3485 2158 3555 quibus

574 3580 858 3649 delinquo,
889 3590 945 3633 et
991 3582 1033 3632 si
1065 3578 1197 3646 quid
1226 3577 1376 3631 aliud
1412 3585 1497 3632 cst
1540 3576 1878 3648 ltujusmodi.
1925 3576 2154 3641 Deinde,

574 3673 736 3733 velle.
786 3671 983 3741 inquit,
1035 3670 1249 3741 adjacct
1281 3669 1413 3723 tnihi
1444 3684 1554 3722 non
1587 3669 1813 3722 omnino
1844 3684 1875 3722 a
1905 3684 1993 3722 me
2025 3668 2157 3722 aba-

571 3762 810 3817 lienatus
839 3777 981 3824 sum,
1016 3771 1075 3816 ut
1114 3777 1292 3830 neque
1320 3762 1545 3831 penitus
1577 3761 1747 3815 sciam
1774 3760 1920 3830 quod
1948 3760 2154 3814 bonum

572 3864 677 3919 est,
720 3869 899 3922 neque
931 3854 1082 3908 illius
1131 3864 1319 3922 tangar
1365 3851 1664 3914 desiderio,
1692 3851 1789 3907 sed
1814 3858 1899 3906 est
1933 3850 2154 3921 quando

572 3946 639 4001 ad
672 3945 849 4015 ipsum
894 3944 1127 3999 excitur.
1158 3945 1461 4013 Propterea
1501 3945 1648 3998 enim
1696 3943 1947 3998 dicebat:
1977 3960 1997 3993 ι
2035 3941 2151 3997 Ad-

565 4041 713 4111 jacet
737 4038 906 4105 mihi;
944 4058 964 4091 ι
1001 4038 1056 4095 id
1077 4047 1182 4102 est,
1213 4038 1363 4109 jacet
1380 4036 1532 4107 apud
1559 4052 1645 4092 me
1690 4047 1912 4091 mortuo
1944 4035 2148 4100 simile,

572 4131 663 4187 illo
696 4140 874 4185 tamen
902 4130 1046 4200 apud
1069 4144 1155 4183 me
1175 4130 1398 4201 jacente
1432 4129 1641 4192 elevor,
1674 4128 1770 4184 sed
1800 4127 2013 4198 peccati
2048 4127 2150 4182 do-

2256 3294 2367 3353 οἷον
2403 3302 2691 3370 ἐπίγνωσιν
2723 3296 2798 3356 ὧν
2827 3300 3072 3375 πράττω,
3107 3302 3396 3373 μετάνοιαν
3420 3301 3498 3370 ἐφ’
3526 3295 3598 3362 οἷς
3629 3300 3767 3368 ἁμαρ·

2258 3391 2426 3458 τᾶνω,
2446 3394 2540 3446 καὶ
2565 3395 2619 3449 εἴ
2636 3412 2684 3448 τι
2710 3393 2971 3449 τοιοῦτον.
2998 3390 3149 3451 Εἶτα⁶
3177 3414 3195 3446 ι
3220 3394 3295 3448 Τὸ
3321 3395 3431 3465 γὰρ
3450 3393 3607 3448 θέλειν
3631 3391 3767 3460 παιά-

2258 3485 2436 3538 κειταί
2463 3502 2607 3556 μοι.ι
2644 3487 2718 3540 Οὐ
2755 3488 3069 3544 παντάπασι
3089 3487 3165 3553 δὲ,
3202 3489 3392 3559 φησιν,
3420 3486 3770 3554 ἐξέστηνὲμαυι-

2256 3576 2377 3644 τοῦ,
2408 3576 2551 3632 ὥστε
2605 3579 2741 3651 μηδὲ
2768 3580 2968 3635 εἰδέναι
2996 3581 3056 3633 τδ
3086 3579 3290 3647 ἀγαθὸν
3323 3580 3477 3644 ὅλως,
3512 3578 3630 3650 μηδὲ
3662 3574 3773 3644 ἔχειν

2260 3671 2552 3742 ἐπιθυμίαν
2602 3671 2789 3737 αὑτοῦ,
2846 3672 2961 3728 ἀλλ’
3011 3672 3123 3727 ἐσθ’
3183 3673 3273 3727 ὅτε
3321 3671 3647 3740 διανίσταμαι
3669 3667 3769 3736 πρὸς

2261 3760 2413 3815 αὐτό.
2448 3761 2547 3815 Διὰ
2580 3762 2742 3815 τοῦτο
2771 3763 2880 3834 γὰρ
2909 3763 3038 3835 ἔφη,
3069 3780 3089 3815 ι
3130 3762 3468 3833 Παράκειταί
3507 3778 3608 3831 μοι,
3636 3751 3769 3822 ιοῖον,

2261 3854 2453 3908 Κεῖῖαι
2479 3855 2607 3926 παρ’
2635 3855 2781 3925 ἐμοὶ,
2824 3856 2987 3927 ὃμοια
3037 3856 3215 3928 νεκρῷ
3238 3872 3254 3888 ·
3284 3858 3432 3929 ὅμως
3464 3855 3769 3921 διανίσταμαι.

2259 3947 2512 4018 κειμένου
2562 3947 2732 4001 αὐτοῦ
2769 3948 2900 4020 παρ’
2934 3948 3082 4020 ἐμοί·
3118 3949 3254 4007 ἀλλὰ
3297 3948 3657 4021 κυριευόμενος
3696 3938 3771 3995 ὑπὸ

2257 4040 2355 4111 τῆς
2382 4038 2680 4111 ἁμαρτίας,
2702 4041 2801 4112 τὴν
2821 4042 3143 4114 προαίρεσιν
3175 4045 3253 4105 είς
3289 4043 3440 4105 τέλος
3469 4042 3564 4095 οὐκ
3590 4038 3702 4107 ἄγω.
3721 4034 3770 4088 Ἦ

2256 4122 2349 4182 οὖν
2374 4129 2449 4192 ὡς
2486 4130 2723 4202 είρηται,
2752 4130 2787 4202 ἢ
2812 4133 2906 4185 καὶ
2927 4130 3100 4195 οὕτως
3137 4132 3440 4203 ἔκληπτέον
3464 4134 3528 4186 τὰ
3542 4128 3769 4202 εἰρημένα,

572 4226 744 4281 minio
797 4241 1020 4295 pressus
1067 4224 1399 4281 electionem
1443 4222 1514 4277 ad
1562 4221 1727 4277 linem
1755 4236 1865 4277 non
1899 4221 2139 4278 deduco.
2183 4222 2372 4293 Itaque
2401 4223 2491 4280 vel
2528 4235 2589 4281 ut
2614 4224 2826 4283 dictum
2863 4234 2970 4291 est,
3004 4225 3092 4281 vel
3156 4224 3235 4283 ita
3287 4239 3507 4297 quoque
3570 4228 3678 4279 sunt
3707 4233 3772 4270 ac-

569 4319 823 4391 cipienda
860 4333 983 4388 qua:
1007 4317 1153 4391 dicta
1184 4326 1333 4373 sunt.

641 4414 762 4470 Alio
794 4429 1000 4485 quoque
1020 4418 1204 4467 modo.
1236 4412 1355 4475 Non
1384 4425 1656 4481 cognosco
1685 4411 2035 4468 venundatus
2068 4412 2152 4468 vi-

569 4512 794 4575 delicet,
828 4524 938 4564 non
984 4508 1134 4562 enim
1169 4508 1317 4577 quod
1359 4506 1502 4563 liber
1551 4507 1697 4574 volo,
1730 4507 1840 4563 hoc
1868 4524 2021 4564 nunc
2053 4524 2156 4581 ago

2332 4412 2443 4466 Kal
2498 4410 2719 4477 ἄλλως.
2775 4410 2849 4463 Οὐ
2904 4408 3162 4479 γινώσκω
3204 4410 3437 4481 πραθεὶς
3470 4400 3769 4479 δηλονότιοοὺ

2261 4504 2369 4576 γὰρ
2419 4503 2448 4557 ὃ
2483 4503 2620 4558 θέλω
2648 4501 2930 4574 ἐλεύθερος
2971 4500 3067 4568 ὢν,
3121 4501 3280 4556 τοῦτο
3330 4503 3553 4574 πράσσω
3595 4497 3675 4552 νῦν
3700 4508 3771 4545 πε·

570 4602 941 4664 venundatus,
970 4600 1067 4655 sed
1098 4599 1247 4669 quod
1284 4598 1376 4653 odi
1400 4612 1524 4653 cum
1560 4598 1705 4653 liber
1732 4614 1881 4666 sum,
1911 4600 2017 4656 hoc
2055 4616 2153 4672 ago

2261 4595 2541 4668 πραμένος
2582 4593 2693 4658 ὢν,
2753 4593 2869 4648 ἀλλ’
2924 4593 2953 4648 δ
3005 4594 3150 4666 μισῶ
3204 4592 3486 4667 ἐλεύθερος
3520 4592 3606 4655 ὢν,
3654 4587 3773 4642 τοῦτο

570 4712 696 4750 cum
753 4691 1104 4757 venundatus
1153 4706 1301 4747 sum.
1350 4689 1520 4745 Liber
1557 4690 1835 4746 exsisteus
1886 4692 2159 4748 assentior

487 4820 493 4829 ς
571 4787 719 4858 quod
752 4788 898 4843 bona
929 4786 1002 4841 sit
1020 4786 1150 4840 lex:
1179 4793 1310 4839 tunc
1336 4782 1484 4837 enim
1513 4782 1707 4839 eadem
1738 4783 1865 4839 volo
1892 4800 2014 4854 quae
2042 4784 2156 4848 illa,

570 4889 628 4939 et
647 4893 757 4931 non
780 4893 904 4946 qua:
927 4891 1079 4931 nunc
1094 4889 1217 4946 ago.
1247 4872 1339 4929 γει
1363 4873 1459 4927 hoc
1479 4874 1653 4929 modo.
1678 4873 1843 4949 294
1868 4874 1987 4930 Non
2009 4874 2157 4930 enim

570 4968 719 5038 quod
769 4968 1058 5037 cupiebam
1107 4975 1160 5022 et
1198 4965 1462 5036 adeptum
1501 4965 1665 5035 paulo
1715 4972 1843 5021 ante
1885 4964 2156 5024 amabam.

574 5062 679 5114 hoc
725 5074 876 5117 nunc
917 5074 1020 5130 ago
1051 5058 1427 5124 venundatus,
1458 5056 1561 5113 sed
1597 5057 1745 5128 quod
1785 5056 1915 5112 odio
1964 5073 2159 5128 prosc-

572 5151 804 5222 quebar,
830 5164 957 5207 cum
984 5150 1173 5218 itaque
1201 5149 1338 5203 illud
1372 5163 1531 5218 agam
1564 5148 1714 5217 quod
1750 5147 1978 5203 oderam
2007 5167 2019 5202 :
2055 5150 2158 5204 etsi

575 5257 699 5312 ago,
731 5251 918 5307 tamen
966 5250 1194 5310 propter
1250 5241 1374 5310 ejus
1414 5222 1608 5295 odium
1656 5240 1932 5296 assentior
1984 5241 2159 5311 legem

576 5337 721 5392 bene
755 5335 969 5400 dicere,
1004 5335 1320 5403 bonamque
1367 5349 1513 5389 esse.
1558 5333 1716 5390 Unde
1748 5350 1883 5390 vero
1930 5334 2161 5391 manife-

572 5438 723 5485 stum
747 5435 832 5484 est
853 5427 1005 5498 quod
1024 5427 1376 5493 venundatus
1392 5425 1496 5480 sim
1517 5426 1622 5481 sub
1648 5426 1977 5496 peccatum?
2006 5443 2073 5481 ex
2095 5442 2162 5482 eo

571 5522 724 5594 quod
758 5522 1007 5593 ignorent
1044 5536 1170 5591 qua:
1197 5534 1318 5592 ago.
1341 5520 1479 5576 Nam
1508 5534 1632 5574 cum
1664 5519 1806 5574 liber
1822 5534 2026 5581 essem,
2058 5535 2161 5574 nec

573 5615 724 5671 illius
749 5630 979 5686 pressus
1025 5614 1285 5684 imperio,
1312 5612 1721 5684 cognoscebam
1752 5612 1884 5683 quid
1909 5625 1996 5666 me
2028 5627 2162 5683 ope-

574 5707 685 5762 rari
714 5714 1021 5777 oporteret,
1050 5721 1252 5777 nempe
1273 5712 1331 5762 et
1357 5720 1389 5760 ιι
1416 5704 1656 5760 naturali
1675 5713 1733 5758 et
1753 5719 1784 5758 a
1816 5703 2018 5774 scripta
2043 5704 2164 5776 lege

568 5799 835 5867 edoctus;
888 5799 994 5857 Sed
1028 5815 1154 5856 cum
1191 5799 1270 5854 illi
1302 5797 1614 5854 voluntarie
1653 5796 1944 5864 succubui,
1991 5797 2167 5853 domi-

571 5891 725 5947 nium
757 5892 977 5963 suscepi
1010 5907 1073 5948 ac
1096 5892 1354 5950 venditus
1382 5906 1527 5960 sum,
1553 5898 1607 5947 et
1638 5897 1934 5962 propterea
1981 5904 2159 5959 neque

2262 4687 2404 4743 ποιῶ
2449 4686 2800 4759 πεπραμένος
2847 4686 2946 4742 ὢν.
2994 4686 3057 4740 Et
3103 4686 3162 4741 δὲ
3209 4686 3338 4741 8.06
3370 4685 3505 4739 θέλω
3546 4679 3771 4779 ιλεύθιροξ

2262 4785 2359 4854 ὣν,
2415 4783 2574 4839 τοῦτο
2621 4783 2853 4856 πράσσω
2901 4784 3256 4855 πεπράμενος
3315 4782 3411 4847 ᾣν,
3460 4787 3772 4851 συμμαρτυρω

2262 4878 2545 4953 ἐλεύθερος
2580 4875 2657 4931 ὢν
2694 4877 2777 4930 ὅτι
2812 4874 2976 4940 καλὸς
2996 4877 3026 4929 ὀ
3057 4875 3242 4947 νόμος*
3286 4875 3355 4929 τὰ
3382 4873 3489 4946 γὰρ
3516 4869 3640 4925 αὐτὰ
3666 4861 3773 4918 ὲκεί-

2264 4989 2340 5043 νῳ
2369 4970 2632 5041 βούλομαι
2657 4969 2803 5030 τότε.
2826 4970 2921 5024 καὶ
2946 4968 3068 5039 οὐχὶ
3088 4966 3125 5022 ἃ
3145 4966 3241 5023 νῦν
3267 4968 3426 5022 ποιῶ.
3442 4990 3507 5005 -
3527 4966 3594 5019 Ἦ
3609 4959 3770 5049 οὕτως

2266 5066 2342 5118 Οὐ
2382 5064 2491 5134 γὰρ
2519 5064 2658 5134 ὅπερ
2686 5061 2911 5134 ἤθελον,
2938 5062 3097 5131 φησὶ,
3126 5062 3223 5117 καὶ
3248 5062 3500 5133 ἔστεργον
3535 5055 3673 5126 τυχὸν
3694 5044 3775 5116 ιρι

2268 5159 2516 5231 βραχέος,
2543 5156 2701 5209 τοῦτο
2735 5153 2831 5209 νῦν
2862 5157 3113 5226 πράσσω,
3147 5155 3262 5208 ἀλλ’
3311 5154 3340 5207 ὃ
3387 5151 3617 5224 ἑμίσουν.
3646 5143 3771 5197 Ὥστε

2267 5250 2326 5315 ἐξ
2359 5243 2432 5302 ὧν
2462 5248 2492 5301 ὃ
2532 5246 2754 5319 ἐμίσουν
2812 5248 2975 5313 ποιῶ,
3010 5246 3115 5302 κᾶν
3146 5247 3308 5312 ποιῶ,
3333 5246 3480 5317 ὅμως
3505 5239 3585 5297 διὰ
3608 5232 3685 5291 τοῦ
3710 5245 3774 5300 μι·

2269 5326 2405 5406 σεϊν,
2456 5338 2763 5415 καλῶς’τδν
2797 5339 2962 5410 νόμον
2992 5337 3175 5411 λέγειν
3205 5337 3489 5411 μαρτυρῶ,
3529 5331 3615 5386 καὶ
3651 5319 3773 5415 ulla?

2268 5426 2430 5487 εἶναι.
2462 5413 2652 5487 Πόθεν
2686 5429 2845 5501 δῆλον
2892 5431 2975 5485 ὅτι
3023 5431 3374 5502 πεπραμένος
3422 5425 3537 5497 εἰμὶ
3582 5418 3670 5478 ὑπδ
3703 5413 3774 5479 τὴν

2270 5522 2580 5594 ἀμαρτίανς
2627 5523 2723 5576 Ἐκ
2749 5521 2844 5576 τοῦ
2872 5522 2947 5593 μὴ
2976 5522 3175 5577 εἰδέναι
3207 5540 3275 5595 με
3299 5522 3336 5579 ἃ.
3355 5519 3509 5574 ποιῶ.
3527 5511 3774 5574 Ἐλεύθερος

2270 5613 2379 5683 γὰρ
2411 5614 2505 5667 καί⁵
2536 5616 2860 5685 ἁκυρίευτος
2909 5613 2986 5667 ὢν
3042 5615 3134 5667 ὑπ’
3160 5606 3353 5686 αὑτῆς,
3388 5610 3659 5681 ἐγίνωσκον
3682 5599 3773 5686 δμῗ

2269 5702 2351 5758 δεῖ
2384 5703 2841 5773 κατεργάζεσθαι,
2878 5708 2973 5758 καὶ
3028 5704 3134 5758 ὑπὸ
3181 5705 3275 5759 τοῦ
3330 5698 3572 5773 φυσικοῦ,
3595 5690 3674 5748 καὶ
3699 5679 3774 5739 ὑπὸ

2269 5793 2364 5848 τοῦ
2413 5795 2662 5865 γραπτοῦ
2703 5795 3090 5867 διδασκόμενος
3140 5796 3340 5868 νόμου⁶
3381 5790 3489 5849 ἀλλ’
3517 5785 3640 5844 ἑκὼν
3669 5774 3772 5868 at???

2274 5863 2750 5955 ὑποκατακλιθεὶς,
2799 5863 3127 5961 ὲκυρνιεύθην
3182 5863 3276 5942 καὶ
3324 5883 3575 5958 ἐπράθην,
3615 5872 3691 5930 καὶ
3709 5863 3772 5922 διδ
