3978 6542
272 455 364 517 405

1289 452 1675 515 COMMENT.
1716 454 1798 514 ΙΝ
1833 454 2069 519 EPIST.
2117 460 2211 519 AD
2254 461 2438 520 110M.

3378 464 3482 530 M6

269 567 646 644 συμφωνοῦντα,
674 567 752 638 τῷ
795 569 1000 623 Θέλοντι
1029 570 1152 642 ἐμοὶ
1207 571 1268 625 τὸ
1325 574 1512 626 καλόν.
1565 573 1674 627 Καὶ
1718 573 1784 632 τί,

1901 583 2084 629 autem
2115 577 2247 631 mihi
2277 577 2614 633 eonformem
2644 578 2847 632 volenti
2881 577 3015 632 mihi
3045 577 3221 633 facere
3251 579 3479 636 bonum.

270 665 404 735 χρεία
426 661 724 733 συμφωνίας
748 661 782 733 ἦ
831 663 1140 734 συμμαχίας
1168 681 1184 730 ;
1217 664 1412 736 Πολλὴ,
1433 666 1588 735 φησί.
1614 684 1633 717 ι
1655 665 1801 720 Διότι

265 756 369 827 ἐμοὶ
392 754 447 808 τὸ
485 753 651 807 κακὸν
702 754 1101 825 παράκειται.»
1157 757 1250 810 καὶ
1299 757 1798 829 ἀντιστρατεύεται,

265 847 344 900 καὶ
371 845 604 915 πολεμεῖ,
634 846 727 899 καὶ
759 845 904 916 ἑξῆς.
943 846 1086 900 Αὐτὸ
1117 845 1210 902 οῦν
1234 848 1393 901 τοῦτο
1421 849 1798 905 πλατύνει-καὶ

262 938 501 1007 διασαφεῖ,
529 937 645 1000 πῶς.
673 941 1001 1008 συμφωνεῖό
1026 939 1212 1010 νόμος,
1247 940 1363 1005 πῶς
1393 942 1695 997 ἐπιτίθεται
1742 945 1801 998 τὸ

262 1029 425 1082 κακόν.
459 1046 475 1079 ι
501 1026 797 1100 Συνηδομαι
836 1029 944 1101 γὰρ
973 1030 1050 1101 τῷ
1078 1032 1228 1102 νόμῳ
1257 1032 1359 1086 τοῦ
1387 1033 1547 1092 Θεοῦ.
1579 1053 1597 1086 ι
1637 1036 1800 1090 Ὥστε

261 1118 379 1172 κατὰ
405 1114 554 1172 τοῦτο
590 1123 873 1189 συμφωνεῖ
907 1138 1018 1191 μοι,
1049 1124 1142 1178 καὶ
1170 1127 1369 1195 τρόπον
1413 1127 1537 1181 τινὰ
1579 1146 1801 1201 συμμα-

258 1213 347 1281 χεῖ,
365 1211 408 1263 εί
437 1212 523 1263 καὶ
550 1211 788 1276 ἀσθενῶς
817 1213 928 1285 ἔχει
965 1215 1250 1288 βοηθῆσαι.
1286 1218 1803 1294 Ἀντιστρατευομέ-

257 1320 331 1355 νου
348 1302 448 1374 γὰρ
469 1303 558 1355 τοῦ
578 1304 766 1376 ἐτέρου
783 1305 974 1377 νόμου,
997 1308 1116 1381 ἦτοι
1137 1310 1230 1364 τοῦ
1259 1314 1356 1383 τῆς
1382 1314 1679 1386 ἁμαρτίας,
1704 1317 1803 1390 οὐχ

257 1393 510 1461 ὑφίσταται
543 1395 635 1446 καὶ
687 1396 990 1468 ἐπικουρεῖ,
1042 1399 1220 1455 καίτοι
1254 1400 1460 1457 θέλοντι
1485 1405 1666 1470 αὐτὸν,
1710 1409 1803 1462 καὶ

257 1484 470 1555 ἡδομένῳ
505 1485 675 1557 αὐτῷ,
702 1487 840 1541 ἀλλὰ
871 1489 1165 1558 ἀφίσταται
1195 1494 1654 1565 καταλιμπάνων,
1708 1501 1801 1553 καὶ

254 1578 319 1651 μὴ
346 1578 629 1649 δυναμένου
661 1581 839 1652 ἑαυτῷ
868 1582 1100 1653 ἀρκέσαι
1119 1625 1139 1652 ,
1181 1587 1526 1658 αἰχμάλωτος
1559 1590 1797 1662 γίνομαι.

254 1672 336 1742 Εἰη
356 1672 398 1725 δ’
427 1673 511 1736 ἀν,
539 1674 586 1726 εί
615 1677 943 1748 συνταχθείη
989 1677 1184 1744 οὕτως,
1226 1682 1334 1734 τῶν
1369 1683 1673 1754 εἰρημένων
1701 1704 1800 1740 σα-

252 1763 506 1835 φέστερον·
554 1766 813 1838 Εὑρίσκω
845 1769 954 1842 ἀρα
993 1771 1070 1842 τῷ
1099 1772 1309 1840 θέλοντι
1357 1776 1480 1846 ἐμοὶ
1513 1778 1573 1831 τὸ
1615 1779 1797 1845 καλὸν,

249 1858 348 1926 ἦτοι
373 1856 460 1910 τὸν
485 1858 649 1929 νόμον
680 1861 796 1932 (ὅτι
839 1863 961 1932 ἐμοὶ
991 1863 1049 1916 τὸ
1096 1866 1267 1919 κακὸν
1304 1869 1684 1941 παράκειται),
1722 1872 1800 1943 τῷ

249 1947 424 2002 θέλοντι
466 1949 585 2019 ἐμοὶ
654 1955 828 2006 ποιεῖν
874 1955 935 2006 τὸ
968 1954 1152 2023 καλὸν,
1187 1952 1298 2012 οἷον
1346 1965 1662 2036 προτροπὴν
1696 1969 1789 2021 καὶ

250 2039 525 2111 συμϐουλὴν
547 2043 888 2114 παρέχοντα.
929 2065 949 2098 ι
977 2049 1169 2103 Βλέπω
1203 2051 1259 2105 δὲ
1295 2053 1483 2123 ⁶έτερον
1543 2057 1726 2124 νόμον.
1763 2081 1781 2111 ο

245 2130 486 2218 ’τέσσαρές
515 2135 655 2189 είσιν
681 2137 917 2193 ἐνταῦθα
957 2139 1133 2214 νόμοι,
1159 2146 1286 2215 περὶ
1307 2139 1786 2218 ὦνπδιαλαμόἀνει.

243 2214 321 2284 Εἷς
365 2223 456 2292 μὲν
494 2226 522 2278 6
563 2225 735 2298 νόμος
767 2231 861 2285 τοῦ
925 2232 1085 2300 Θεοῦ,
1120 2214 1248 2308 περὶ
1275 2232 1336 2293 οὗ
1367 2257 1522 2311 φησι·
1614 2246 1790 2315 Συνή-

241 2316 376 2385 δομαι
402 2317 504 2388 γὰρ
548 2319 633 2392 τῷ
661 2322 812 2393 νόμῳ
833 2323 927 2378 τοῦ
955 2325 1088 2380 Θεοῦ
1111 2345 1124 2361 ·
1153 2347 1172 2380 ι
1223 2328 1475 2404 δεύτερος
1501 2335 1558 2388 δὲ
1589 2338 1616 2390 6
1638 2339 1789 2391 ἀντι-

243 2411 641 2501 στρατευόμενος
665 2427 680 2442 ο
709 2414 912 2485 τρίτος,
935 2420 1062 2489 περὶ
1093 2414 1154 2473 οὗ
1189 2439 1346 2492 φησι·
1371 2444 1389 2477 ι
1409 2425 1498 2497 Τῷ
1524 2429 1672 2501 νόμῳ
1692 2431 1785 2485 τοῦ

239 2499 336 2560 νοός
389 2519 504 2568 μου.
547 2521 565 2555 ι
612 2503 900 2576 Τέταρτος
953 2511 1082 2580 περὶ
1121 2504 1182 2565 οῦ
1232 2513 1420 2583 λέγει,
1469 2536 1486 2568 ι
1517 2519 1606 2588 Τῷ
1637 2499 1787 2592 νόμῳ

240 2591 317 2661 τῆς
347 2593 639 2664 ἁμαρτίας,
666 2597 744 2668 τῷ
774 2599 888 2654 ὄντι
930 2605 986 2654 ὲν
1009 2605 1120 2667 τοῖς
1153 2605 1340 2675 μέλεσί
1372 2626 1496 2679 μου.
1523 2629 1542 2662 ι
1569 2612 1786 2666 Τούτων

237 2684 502 2752 ὀπρῶτος,
549 2688 612 2741 τὸ
671 2690 1025 2760 εὐαγγελικόν
1076 2697 1192 2750 ἐστι
1241 2699 1539 2770 παίδευμα,
1589 2703 1788 2768 ἔξωθεν

235 2773 307 2826 διὰ
329 2777 413 2830 τοῦ
451 2781 818 2853 κηρύγματος
846 2785 1013 2840 είσιδν
1044 2789 1136 2841 καὶ
1159 2789 1418 2862 ῥυθμίζον
1457 2795 1553 2865 τῆν
1585 2795 1782 2868 ψυχήν.

245 2866 292 2922 ’0
317 2872 549 2943 δεύτερος
577 2876 606 2927 6
642 2877 1215 2950 ἀντιστρατευόμενος,
1234 2885 1324 2937 καὶ
1350 2879 1503 2949 οὗτος
1521 2889 1628 2942 τῶν
1656 2891 1786 2957 ἔξω·

238 2960 314 3013 δέν
341 2963 475 3018 ἐστιν
514 2969 876 3024 ἐπεισιόντων
917 2975 1037 3026 κατ’
1067 2975 1354 3048 ἐνέργειαν
1405 2979 1498 3034 τοῦ
1541 2982 1783 3055 Πονηροῦ

239 3052 311 3106 διὰ
339 3056 438 3109 τῶν
477 3058 779 3130 λογισμῶν,
817 3063 911 3117 καὶ
959 3066 1058 3137 τὴν
1109 3068 1292 3141 ψυχὴν
1341 3052 1779 3144 αἰχμαλωτίζων.

240 3144 426 3213 Τρίτος,
446 3149 503 3201 ὃν
531 3168 668 3220 φησι
707 3153 874 3224 νόμον
918 3157 1056 3220 νοός.
1085 3152 1254 3223 Οὗτός
1288 3161 1435 3216 ἐστιν
1458 3166 1486 3217 6
1523 3169 1589 3236 τῇ
1623 3168 1782 3234 φύσει

1905 666 1970 720 Et
2012 682 2132 735 qua:
2170 666 2378 724 utilitas
2429 667 2832 734 conformitatis
2883 668 2966 723 vel
3013 667 3244 723 auxilii?
3282 657 3480 734 Multa,

1905 757 2120 828 inquit;
2160 777 2177 810 ι
2212 758 2348 812 Nam
2381 759 2587 814 malum
2633 759 2767 815 mihi
2808 759 3021 830 adjaeet
3058 780 3074 812 ι
3113 773 3169 818 ει
3211 771 3483 833 repugnat

1901 864 1967 905 ac
2020 849 2321 918 prmliatur,
2357 861 2467 906 etc.
2507 853 2624 908 Hoc
2673 851 2854 923 ipsum
2888 852 3100 920 dilatat,
3149 861 3207 909 et
3251 854 3476 926 planum

1879 938 2033 1022 lfaeit
2057 939 2336 1010 quomodo
2369 941 2670 998 conformis
2711 943 2781 997 sit
2817 943 2926 1006 lex,
2962 945 3240 1013 quomodo
3271 947 3476 1002 malum

1903 1033 2208 1088 immineat.
2249 1050 2267 1085 ι
2306 1033 2570 1091 Oblector
2608 1035 2756 1089 enim
2800 1036 2920 1106 lege
2967 1037 3086 1093 Dei.
3119 1057 3138 1089 ι
3177 1038 3365 1109 Itaque
3389 1055 3477 1096 se-

1903 1126 2147 1182 cundum
2193 1127 2298 1182 hoc
2327 1127 2629 1183 conformis
2670 1136 2755 1182 est
2781 1128 2940 1191 mihi,
2972 1139 3029 1184 et
3072 1129 3478 1201 quodammodo

1903 1218 2248 1285 auxiliatur,
2294 1233 2608 1290 quanquam
2659 1218 2934 1275 imbecille
2983 1220 3124 1276 ferat
3185 1223 3475 1278 auxilium.

1899 1307 2038 1362 Nam
2065 1315 2405 1379 repugnante
2437 1309 2610 1364 altera
2644 1309 2761 1380 lege
2787 1317 2920 1380 puta
2950 1319 3194 1380 peccato,
3221 1327 3330 1368 non
3353 1327 3478 1368 sus-

1907 1405 2175 1462 tinetnec
2200 1405 2520 1474 auxiliatur,
2558 1405 2688 1460 licet
2713 1407 2882 1478 ipsam
2911 1407 3296 1479 velim,.eaquc
3324 1409 3476 1464 oble-

1902 1505 2042 1561 eter,
2081 1498 2176 1553 sed
2217 1513 2312 1554 me
2351 1498 2546 1554 relicto
2576 1499 2872 1554 abscedit:
2907 1515 3146 1570 cumque
3175 1503 3476 1572 cxmeipso

1901 1586 2237 1644 sufﬁcienter
2287 1589 2546 1645 resistere
2585 1605 2875 1660 nequeam,
2917 1592 3166 1662 captivus
3211 1593 3298 1647 fio.
3353 1582 3474 1649 Pla-

1904 1677 2030 1732 nius
2052 1688 2234 1733 autem
2267 1688 2414 1734 esset
2446 1681 2490 1735 si
2516 1681 2603 1736 bis
2630 1698 2752 1752 qua:
2783 1683 2928 1738 dicta
2972 1693 3104 1738 sunt
3138 1684 3212 1739 ita
3241 1687 3445 1756 conjun

1902 1780 2140 1840 geretur.
2193 1771 2421 1827 Invenio
2463 1772 2630 1844 igitur
2679 1775 2882 1830 volenti
2927 1777 3062 1831 mibi
3107 1778 3312 1832 bonum
3362 1779 3475 1834 sive

1901 1858 2098 1930 legem,
2134 1863 2279 1931 quod
2325 1862 2526 1919 malum
2565 1865 2700 1920 mihi
2744 1867 2991 1936 adjaeeat
3040 1869 3244 1924 volenti
3297 1870 3475 1926 facere

1901 1951 2128 2018 bonum,
2161 1963 2418 2024 tanquam
2451 1956 2895 2015 adhortationem
2927 1976 2989 2016 ac
3015 1962 3306 2017 consilium
3335 1979 3475 2032 prte-

1897 2045 2050 2100 bens.
2097 2064 2116 2098 ›
2148 2047 2254 2102 Sed
2282 2049 2442 2102 video
2467 2049 2628 2103 aliam
2660 2051 2860 2121 legem,
2883 2061 2992 2108 etc.
3023 2054 3312 2137 nQuqtuor
3345 2065 3475 2111 sunt

1897 2140 1986 2194 hic
2030 2142 2178 2211 leges
2221 2141 2290 2196 de
2324 2143 2527 2212 quibus
2578 2146 2775 2200 asserit
2814 2164 2826 2199 :
2860 2163 2964 2202 una
3003 2149 3226 2217 quidem
3259 2150 3345 2204 lex
3375 2151 3472 2206 Dei

1895 2231 1964 2288 de
1993 2248 2102 2304 qua
2143 2233 2218 2288 ait
2253 2249 2270 2288 :
2313 2255 2332 2287 ‹
2373 2234 2635 2292 Obleetor
2660 2238 2807 2292 enim
2851 2239 2971 2310 lege
3001 2241 3131 2306 Dei;
3176 2261 3193 2294 ι
3231 2242 3472 2298 secunda

1897 2341 2029 2381 vero
2059 2341 2400 2398 repugnans,
2447 2331 2605 2384 tertia
2635 2331 2702 2386 de
2734 2347 2838 2400 qua
2869 2331 3004 2387 d-lcit
3044 2349 3057 2385 :
3102 2353 3118 2383 ι
3156 2333 3285 2401 Legi
3321 2349 3473 2390 men-

1896 2417 1966 2474 tis
1989 2433 2158 2486 mem;
2189 2430 2384 2490 quarta
2425 2420 2492 2478 de
2521 2438 2629 2492 qua
2661 2423 2738 2478 ait
2784 2441 2798 2477 :
2850 2443 2867 2475 ι
2919 2424 3060 2496 Lege
3095 2427 3302 2495 peccati
3351 2443 3472 2497 qum

1892 2519 1979 2565 est
2021 2510 2076 2565 in
2106 2511 2371 2566 membris
2406 2513 2564 2568 meis.
2603 2533 2620 2566 ι
2657 2515 2859 2570 [larum
2897 2519 3072 2586 prima
3099 2526 3185 2574 εδει
3216 2518 3468 2576 doctrina

1893 2601 2227 2672 evangeliea,
2281 2602 2590 2660 forinsecus
2635 2621 2734 2675 per
2777 2607 3230 2678 praedicationem
3285 2609 3469 2681 ingre-

1895 2694 2072 2760 diens,
2119 2695 2469 2764 animamque
2515 2712 2874 2767 componens.
2920 2700 3172 2757 Secunda
3209 2713 3296 2778 est
3339 2703 3471 2760 huic

1893 2803 2208 2857 repugnans
2242 2807 2253 2841 :
2289 2798 2343 2842 et
2375 2789 2584 2865 liaec‘ab
2615 2792 2865 2846 externis
2897 2802 3003 2858 est,
3027 2809 3148 2863 qua:
3175 2796 3332 2865 juxta
3357 2812 3471 2852 ma-

1895 2878 2028 2949 ligni
2060 2879 2208 2934 illius
2231 2861 2608 2950 operationem
2646 2898 2744 2950 per
2772 2884 3135 2953 cogitationes
3182 2887 3471 2958 subingre~

1893 2971 2082 3034 ditur,
2123 2973 2472 3052 animamque
2528 2974 2681 3028 ducit
2733 2976 3025 3046 captivam.
3075 2977 3260 3035 Tertia
3301 2997 3465 3049 quam

1893 3065 2026 3121 dicit
2059 3067 2233 3138 legem
2264 3069 2468 3125 mentis
2509 3084 2523 3123 :
2574 3070 2689 3127 haec
2717 3082 2804 3126 est
2834 3089 2956 3143 qua:
2985 3091 3081 3144 per
3115 3086 3366 3135 naturam
3409 3081 3464 3134 l'n

1893 3165 2055 3220 nobis
2081 3181 2112 3220 a
2139 3165 2401 3222 Creatore
2441 3167 2796 3223 disseminata
2829 3179 2933 3234 est,
2970 3171 3039 3225 ad
3084 3187 3148 3227 ea
3178 3174 3468 3242 impellens

241 3236 373 3334 ημῶν
400 3240 1114 3316 ἐγκατασπαρεὶςξπαράτοῦ
1125 3251 1496 3322 Δημιουργοῦ,
1514 3256 1606 3309 ἐπὶ
1620 3258 1688 3312 τὰ
1711 3261 1784 3332 τῷ

1893 3274 2014 3328 qua:
2053 3258 2164 3314 Deo
2196 3257 2372 3313 amica
2406 3269 2553 3314 sunt.
2581 3259 2784 3327 Quarta
2810 3261 2896 3317 lex
2931 3271 3015 3319 est
3051 3267 3258 3334 peccati
3299 3285 3312 3321 :
3352 3267 3467 3324 haec

237 3322 336 3420 Θεῷ
357 3328 482 3420 φίλα
504 3332 886 3403 παρετρύνων.
928 3337 986 3390 '0
1014 3337 1292 3409 τέταρτος,
1328 3343 1356 3394 6
1381 3347 1481 3415 τῆς
1511 3322 1788 3420 ἁμαρτίας

236 3412 390 3513 vitm.
417 3413 582 3483 Οὗτός
608 3423 762 3474 ἐστιν
783 3425 811 3477 6
833 3425 1294 3500 φιλαμαρτήμων,
1324 3432 1383 3497 ὃς
1407 3412 1496 3491 διὰ
1526 3412 1787 3513 τ-ῆς1πρδς

233 3503 285 3556 τὸ
319 3509 472 3562 κακὸν
497 3513 815 3583 συνηθείας,
856 3517 1254 3591 ὲνεσκίῤῥωσεν
1305 3525 1438 3595 ἡμῖν
1469 3503 1782 3605 ris-690.19;

236 3596 351 3663 τίας.
387 3602 520 3674 Ὀρα
546 3599 641 3659 οὖν
705 3608 825 3674 πῶς
856 3609 921 3664 ἐκ
970 3611 1264 3686 διαμέτρου
1299 3618 1562 3686 ἐναντίοις
1617 3596 1775 3697 στερι-

231 3693 590 3788 τετειχίσμεθα
639 3698 850 3769 νόμοις.
879 3703 942 3756 Ol
985 3705 1085 3774 μὲν
1111 3706 1219 3779 γὰρ
1255 3708 1371 3775 δύο,
1410 3711 1609 3777 ἔξωθεν
1653 3693 1784 3788 ἡμῖν

231 3781 596 3854 ἐπεισρέουσιν,
637 3790 668 3842 6
695 3790 796 3861 μὲν
839 3793 982 3864 πρὸς
1019 3796 1387 3871 ἀγαθοεργίαν
1441 3781 1783 3876 προσκαλού-

231 3890 391 3942 μενος,
423 3880 708 3935 τουτέστιν
749 3885 778 3938 6
820 3885 1207 3957 εὐαγγελικὸς,
1249 3894 1277 3945 6
1310 3893 1368 3948 δὲ
1396 3897 1531 3968 πρὸς
1581 3901 1780 3956 κακίαν

231 3969 554 4037 παρακαλῶν,
583 3973 613 4026 6
635 3976 1188 4051 ἀντιστρατευόμενος
1203 3983 1296 4037 τοῦ
1320 3985 1566 4060 Πονηροῦ
1595 3991 1779 4064 νόμος.

229 4058 282 4111 Ol
300 4061 350 4114 δὲ
376 4063 548 4119 λοιποὶ
578 4065 700 4130 δύο,
728 4065 875 4123 ἔνδον
905 4071 1014 4126 είσὶ
1053 4073 1148 4127 καὶ
1180 4075 1278 4147 τὴν
1305 4058 1483 4150 ψυχὴν
1523 4058 1778 4154 συνέξου-

231 4166 320 4216 σιν,
343 4154 369 4206 6
401 4156 501 4226 μὲν
547 4159 642 4214 τοῦ
684 4161 997 4236 vomu-rapa
1033 4166 1127 4220 τοῦ
1155 4169 1500 4243 Δημιουργοῦ
1525 4174 1654 4244 ἡμῖν
1685 4178 1779 4244 ὲγ-

229 4253 650 4320 κατεσπαρμένος
667 4253 764 4307 καὶ
785 4254 994 4326 ὁδηγῶν
1011 4258 1148 4330 πρὸς
1183 4260 1253 4314 τά
1288 4262 1594 4332 κρείττονα.
1645 4267 1704 4321 ὐ
1721 4268 1777 4321 δὲ

229 4334 477 4427 τέταρτος,
497 4347 525 4400 6
545 4346 640 4400 καὶ
658 4348 823 4417 νόμος
839 4349 1138 4421 ἁμαρτίας,
1155 4351 1244 4407 διὰ
1260 4352 1359 4425 τὴν
1379 4356 1510 4427 πρὸς
1529 4357 1589 4410 τὸ
1609 4361 1779 4414 κακὸν

229 4426 321 4520 ἕξιν
348 4433 731 4509 ὲνσκιρρωθεὶς
764 4442 822 4495 ὲν
844 4443 995 4513 ἡμῖν.
1017 4443 1110 4496 Διὸ
1132 4445 1370 4520 πρόσχες
1398 4426 1514 4510 πῶς
1534 4450 1778 4520 ἀκριϐῶς

229 4516 347 4574 εῗπε·
374 4543 390 4578 ι
415 4526 604 4583 Βλέπω
617 4530 701 4596 δὲ,
721 4533 908 4602 φησιν,
949 4533 1138 4606 ἕτερον
1160 4516 1325 4608 νόμον
1362 4516 1777 4611 ἀντιστρατευό-

1887 3357 1974 3404 est
1997 3350 2206 3420 peccati
2226 3349 2479 3418 amatrix,
2511 3368 2632 3422 qua:
2656 3352 2916 3410 diuturna
2951 3357 3017 3410 ad
3043 3358 3248 3414 malum
3277 3375 3466 3416 assue-

1885 3445 2144 3512 factione,
2195 3457 2422 3518 peccata
2469 3448 2526 3505 in
2571 3450 2732 3506 nobis
2781 3451 3094 3508 obduravit.
3138 3453 3275 3509 Vide
3330 3471 3464 3528 ergo

1885 3541 2163 3610 quomodo
2189 3541 2484 3598 contrariis
2506 3557 2573 3597 ex
2607 3543 2880 3600 diametro
2912 3545 3201 3619 cingamur
3226 3548 3460 3621 legibus.

1885 3631 2169 3703 Siquidem
2201 3633 2323 3690 dum
2353 3636 2698 3692 extrinsecus
2731 3637 2894 3693 nobis
2922 3638 3264 3696 subinfluunt
3295 3660 3309 3696 :
3347 3641 3464 3698 bwc

1883 3725 2108 3795 quidem
2147 3726 2216 3782 ad
2255 3727 2387 3783 boni
2421 3731 2800 3800 operationem
2831 3747 2931 3786 nos
2961 3745 3292 3802 provocans,
3328 3745 3461 3803 puta

1883 3818 2233 3890 evangelica;
2268 3821 2372 3876 ista
2399 3837 2530 3878 vero
2561 3822 2630 3878 ad
2662 3823 2864 3879 malum
2896 3826 3216 3893 adhortans,
3261 3842 3461 3898 nempe

1883 3922 2196 3979 repugnans
2244 3910 2394 3968 illius
2445 3914 2668 3985 maligni
2713 3915 2819 3970 lex.
2854 3917 3100 3988 Reliquae
3140 3919 3262 3974 duae
3309 3920 3460 3976 intus

1882 4007 2012 4052 sunt
2049 3997 2402 4071 animamque
2444 4002 2732 4058 continent
2763 4021 2776 4060 :
2809 4006 2897 4060 lex
2923 4007 3151 4076 quidem
3196 4010 3399 4066 mentis
3428 4027 3459 4066 a

1880 4085 2145 4146 Creatore
2185 4090 2242 4146 in
2284 4091 2448 4148 nobis
2483 4093 2863 4162 disseminata,
2891 4106 2947 4152 et
2986 4099 3054 4154 ad
3090 4099 3318 4158 meliora
3358 4103 3458 4158 de-

1881 4177 2108 4237 ducens.
2151 4181 2356 4250 Quarta
2401 4200 2556 4250 vero,
2602 4201 2725 4256 qua:
2755 4195 2813 4244 et
2851 4188 2939 4242 lex
2982 4192 3191 4260 peccati
3233 4201 3458 4263 propter

1880 4267 2130 4325 habitum
2164 4271 2231 4326 ad
2276 4272 2481 4328 malum
2530 4274 2586 4330 in
2614 4275 2778 4332 nobis
2813 4275 3100 4334 obdurata.
3133 4280 3343 4339 Idcirco
3373 4293 3457 4339 at-

1881 4362 2045 4418 tende
2065 4374 2269 4433 quanta
2290 4349 2414 4421 cum
2439 4365 2721 4439 diligentia
2749 4369 2950 4436 dixerit
2981 4389 2994 4426 :
3037 4391 3056 4423 ι
3094 4373 3265 4430 Video
3291 4375 3457 4448 298

1879 4456 2042 4511 aliam
2069 4456 2242 4528 legem
2261 4466 2660 4529 repugnantem
2690 4461 2795 4533 legi
2820 4463 3020 4519 mentis
3045 4480 3199 4522 meae.
3239 4486 3257 4519 ι
3291 4469 3454 4534 Huic.

1881 4543 2128 4615 inquam,
2172 4547 2240 4601 ad
2275 4547 2506 4604 honesta
2539 4549 2737 4607 insitae.
2772 4571 2791 4604 ι
2831 4553 2900 4608 Ει
2926 4558 3203 4626 captivum
3230 4573 3316 4614 me
3347 4559 3453 4615 du.

229 4627 366 4678 μενον
391 4619 465 4690 τῷ
485 4622 640 4692 νόμῳ
668 4622 760 4676 τοῦ
788 4625 906 4688 νοός
925 4642 1048 4696 μου,
1073 4643 1091 4678 ι
1131 4627 1305 4701 τούτῳ
1330 4628 1394 4701 δὴ
1424 4631 1501 4701 τῷ
1544 4633 1770 4706 ἐμφύτῳ

1888 4643 2096 4690 contem
2139 4637 2259 4708 lege
2301 4641 2535 4710 peccati,
2566 4656 2691 4711 quae
2718 4652 2804 4698 est
2835 4644 2890 4698 in
2936 4647 3198 4704 membris
3230 4653 3386 4708 meis.
3427 4673 3445 4705 ι

228 4705 344 4772 πρὸς
362 4710 424 4761 τὰ
456 4711 618 4776 καλὰ,
650 4731 669 4764 ι
696 4715 790 4766 καὶ
812 4716 1286 4785 αίχμαλωτίζοντά
1306 4739 1373 4793 με
1396 4724 1476 4796 τῷ
1495 4725 1647 4795 νόμῳ
1679 4705 1775 4798 τῆς

226 4795 490 4867 ἁμαρτῖας,
515 4803 593 4874 τῷ
625 4804 744 4858 δντι
774 4807 833 4859 ὲν
864 4810 976 4872 τοῖς
1014 4809 1203 4879 μέλεσί
1263 4829 1386 4884 μου.
1418 4795 1455 4867 »ί
1482 4815 1570 4880 Ὦς
1596 4819 1644 4870 εἰ

227 4903 322 4953 τεν·
361 4894 597 4959 Ἐξωοεν
629 4898 894 4952 είσπνέων
937 4904 1200 4970 συγκινεῖ,
1237 4906 1328 4959 καὶ
1358 4906 1594 4978 ἐρεθίζει
1639 4911 1777 4964 πᾶν-

226 5000 282 5036 τα
312 4987 393 5039 τ’,ν
423 4990 476 5041 ὲν
497 4990 626 5060 ἐμοὶ
655 4991 1021 5062 ἀποκείμενον
1049 4997 1327 5069 κονιορτὸν
1358 5001 1454 5053 καὶ
1487 4999 1770 5073 βόρϐορον,

226 5075 274 5127 δν
305 5079 483 5150 ἡπρὸς
499 5083 780 5155 ἁμαρτίαν
807 5105 897 5157 μοι
927 5088 1037 5154 ἕξις
1065 5092 1395 5149 ἐνεσπίλωσε
1427 5096 1523 5149 καὶ
1546 5096 1774 5151 ἑνὲκαυ-

227 5184 320 5259 cev.
345 5201 410 5214 --
436 5178 539 5230 Kal
578 5176 800 5245 ἄλλως.
841 5180 1001 5253 Τρεῖς
1035 5185 1139 5238 εἱσι
1189 5186 1366 5257 νόμοι.
1411 5187 1470 5242 Ὁ
1505 5191 1770 5259 γραπτὸς.

226 5258 274 5310 ὂν
296 5265 444 5328 νόμον
475 5268 624 5336 λέγει
650 5269 785 5323 Θεοῦ
805 5287 820 5301 ’
849 5273 1099 5347 δεύτερος
1144 5279 1173 5331 6
1209 5278 1474 5348 ἔμφυτος,
1509 5258 1569 5336 ὃν
1623 5280 1772 5350 λέγει

227 5353 366 5423 νόμον
396 5362 534 5424 νοός
573 5366 776 5433 τρίτὸς,
817 5368 845 5420 6
873 5368 960 5422 διὰ
986 5368 1086 5437 τῆς
1129 5370 1404 5441 ἁμαρτίας
1438 5372 1497 5425 ὲν
1529 5374 1640 5436 τοῖς
1673 5373 1771 5443 μέ-

228 5443 354 5534 λεσιν
390 5453 541 5520 ἡμῶν
609 5456 836 5526 ἰσχύσας
867 5500 882 5521 ,
941 5459 1000 5512 ὃν
1049 5461 1142 5513 καὶ
1214 5461 1773 5534 ἀντιστρατευόμενον

225 5533 374 5604 λέγει,
396 5545 562 5598 καὶέν
593 5550 705 5609 τοῖς
742 5549 960 5618 μέλεσιν
997 5551 1141 5621 ἔχειν
1165 5551 1266 5622 τὴν
1304 5553 1458 5622 ἰσχὺν
1486 5553 1580 5608 τοῦ
1622 5556 1772 5608 ἀντι-

231 5631 615 5697 στρατεῦεσοαι.
674 5639 856 5709 Νόμον
878 5641 932 5694 δὲ
992 5641 1189 5708 τοῦτον,
1236 5643 1313 5708 ὡς
1370 5643 1647 5713 ἰσχύοντα,
1679 5647 1771 5698 καὶ

230 5719 398 5789 ἔχοντα
421 5727 542 5791 τοὺς
577 5732 931 5801 πειθομένους
989 5734 1138 5804 αὐτῷ
1160 5753 1345 5807 φησιν.
1384 5733 1518 5790 Εἶτα
1556 5732 1713 5800 οὗτος
1745 5740 1772 5791 6

229 5811 392 5880 νόμος.
430 5821 612 5890 φησὶν,
640 5825 667 5875 6
692 5823 798 5878 ἀπὺ
841 5827 942 5895 τῆς
983 5828 1257 5898 ἁμαρτίας
1291 5831 1348 5881 ἐν
1387 5831 1499 5894 τοῖς
1553 5830 1768 5900 μέλεσιν

233 5902 369 5970 ἡμῶν
397 5910 736 5986 ἐπεισελθὼν,
765 5920 790 5972 6
821 5920 1399 5993 ἁντιστρατευόμενος,
1432 5926 1766 5996 αἰχμαλωτί-

1881 4727 1958 4782 Αε
1984 4728 2030 4782 si
2057 4729 2270 4785 diceret
2307 4746 2321 4784 :
2356 4731 2718 4790 Extrinsecus
2742 4735 3020 4806 inspirans
3039 4752 3369 4808 commovet,
3396 4754 3452 4800 et

1880 4815 2058 4872 irritat
2088 4833 2305 4874 omnem
2330 4821 2633 4890 repositum
2664 4823 2721 4877 in
2757 4839 2842 4880 me
2878 4827 3160 4895 pulverem
3187 4846 3250 4885 ac
3273 4831 3450 4888 lutum

1879 4926 1989 4980 quo
2019 4912 2241 4967 habitus
2268 4913 2334 4968 ad
2368 4922 2655 4984 peceatum
2679 4930 2765 4969 me
2790 4916 3186 4975 contaminavit
3215 4930 3267 4976 et
3299 4922 3451 4980 inus-

1879 5003 1968 5058 sit.
1992 5033 2060 5044 -—-
2089 5005 2206 5060 Alio
2245 5023 2448 5076 quoque
2475 5005 2646 5060 modo.
2694 5006 2830 5062 Tres
2854 5017 2982 5062 sunt
3012 5009 3195 5080 leges:
3245 5014 3448 5084 scripta

1878 5108 2041 5162 quam
2077 5094 2170 5148 Dei
2200 5095 2376 5164 legem
2409 5095 2580 5163 dicit;
2607 5097 2850 5151 secunda
2885 5098 3069 5161 insita,
3097 5115 3260 5170 quam
3290 5115 3450 5158 vocat

1873 5185 2050 5256 legem
2104 5188 2339 5252 memis;
2383 5187 2544 5242 tertia
2577 5200 2702 5257 quae
2748 5204 2848 5258 per
2880 5198 3162 5259 peceatum
3200 5193 3349 5249 vires
3393 5195 3446 5250 lu

1877 5277 2144 5332 membris
2167 5278 2374 5332 nostris
2401 5281 2636 5350 accepit,
2671 5295 2837 5350 quam
2869 5281 3004 5337 dicit
3028 5297 3448 5354 repugnantem,

1875 5375 1933 5422 et
1987 5368 2041 5420 in
2095 5367 2357 5421 membris
2408 5372 2612 5426 nostris
2662 5371 2770 5424 vim
2816 5371 3020 5427 habere
3055 5375 3447 5444 repugnandi:

1879 5459 2018 5514 hanc
2055 5468 2238 5513 autem
2279 5461 2416 5514 dicit
2452 5462 2626 5532 legem
2672 5478 2739 5517 eo
2780 5463 2927 5532 quod
2963 5463 3122 5518 fortis
3155 5465 3230 5519 sit
3261 5477 3318 5520 et
3348 5466 3447 5520 ha-

1875 5551 2002 5607 beat
2031 5553 2123 5622 qui
2159 5553 2266 5607 sibi
2301 5541 2548 5624 pareant.
2580 5555 2826 5624 Denique
2876 5555 3012 5620 haec,
3059 5557 3256 5625 inquit,
3295 5557 3382 5610 lex
3416 5574 3447 5611 a

1877 5654 2100 5714 peccato
2142 5646 2193 5699 in
2237 5646 2481 5700 membra
2534 5658 2718 5701 nostra
2772 5648 3036 5716 ingressa,
3088 5647 3446 5716 repugnando

1875 5737 2027 5792 ducit
2058 5753 2144 5793 me
2173 5739 2471 5808 captivum.
2512 5737 2617 5792 Sed
2653 5738 2964 5806 quomodo?
3008 5737 3291 5808 Siquidem
3317 5738 3446 5808 quia

1877 5831 2297 5900 repugnantiam
2320 5830 2481 5893 dixit,
2515 5844 2585 5882 ne
2608 5828 2891 5883 existimes
2920 5827 3069 5898 quod
3102 5830 3250 5900 iuste
3270 5830 3449 5900 capti—

1878 5939 2002 5978 vum
2046 5923 2197 5976 ducit
2229 5933 2280 5978 et
2322 5923 2440 5992 lege
2488 5920 2637 5983 belli,
2690 5920 2968 5992 subiungit
2997 5932 3052 5978 et
3086 5922 3162 5978 ait
3193 5944 3204 5977 :
3259 5939 3277 5974 ι
3305 5921 3448 5993 Lege
