3978 6542
255 394 364 462 ιῦθ

1341 383 1727 448 COMMENT.
1749 384 1831 445 IN
1859 381 2100 444 EPIST.
2119 384 2219 445 AD
2245 381 2431 445 ROM.

3393 375 3505 439 470

254 505 480 564 δουλεύω
521 505 672 577 νόμῳ
699 503 854 558 Θεοῦ.
885 521 902 554 ι
933 502 1118 569 Ὅσον,
1169 501 1366 570 φησιν,
1411 495 1548 574 ἧκεν
1597 500 1674 562 εἰς
1725 496 1823 568 τὴν

1941 498 2047 555 Dei.
2110 517 2129 550 ι
2191 498 2469 564 Quantum
2527 495 2596 551 ad
2655 509 2833 550 meam
2875 491 3075 550 attinet
3111 487 3502 548 voluntatem:

253 597 564 670 προαίρεσιν
596 597 694 667 τὴν
723 594 882 666 ἐμὴν,
917 593 946 647 ὃ
976 593 1160 662 ἔλεγεν
1186 593 1352 656 avum
1384 591 1688 662 Σιινήδομηιι
1716 591 1826 660 γὰρ

255 690 388 744 κατὰ
424 688 514 740 τὸν
551 687 658 741 ἔσω
691 685 979 757 ἄνθρωπον
1007 685 1083 755 τῷ
1111 685 1262 754 νόμῳ
1291 683 1384 736 τοῦ
1417 681 1684 736 Θεοῦη-
1707 701 1724 731 ι
1747 680 1788 731 Τ
1793 683 1824 750 ᾔ

252 783 306 836 δὲ
336 783 495 849 σαρκὶ
525 782 672 850 νόμῳ
723 777 1019 848 ἁμαρτίας.
1050 797 1067 828 ι
1117 775 1177 831 'll
1204 779 1312 845 γάρ
1339 773 1584 846 ἁμαρτία
1613 773 1700 825 διὰ
1730 774 1827 840 τῆς

254 874 476 943 σαρκὸς,
511 872 736 926 καὶτῶν
771 871 941 942 αὐτῆς
970 869 1300 941 ἐπιθυμιῶν,
1337 869 1404 922 τά
1450 869 1648 938 ἑαυτῆς
1673 867 1826 936 ἐνερ-

249 967 352 1033 γεῖ.

312 1053 513 1108 οὐδὲν
540 1052 656 1121 ἆρα
675 1052 792 1107 νῦν
823 1067 1152 1122 κατάκριμα
1173 1049 1297 1116 τοῖς
1318 1050 1386 1103 ἐν
1429 1045 1660 1118 Χριστῷ
1716 1047 1826 1115 ’1η-

245 1144 382 1207 σοῦ,
418 1142 680 1213 μὴκατὰ
708 1143 915 1210 σάρκα
961 1141 1418 1212 περιπατοῦσιν,
1478 1138 1640 1193 ἀλλὰ
1682 1137 1830 1190 κατὰ

245 1235 505 1305 πνεῖγια.
545 1235 608 1287 '0
660 1235 770 1304 γὰρ
817 1234 1002 1303 νόμος
1033 1232 1142 1288 τοῦ
1168 1233 1510 1302 πνεύματος
1539 1228 1652 1296 τῆς
1681 1226 1832 1296 ζωῆς

243 1327 312 1381 ἐν
336 1324 576 1393 Χριστῷ
616 1323 832 1390 Ἰησοῦ,
877 1321 1257 1392 ἠλευθέρωσε
1284 1340 1361 1394 με
1405 1319 1525 1376 ἀπὸ
1581 1317 1690 1374 τοῦ
1729 1319 1830 1373 νό-

241 1437 361 1488 μου
396 1417 510 1486 τῆς
539 1417 831 1487 ἁμαρτίας
856 1416 954 1470 καὶ
997 1415 1104 1469 τοῦ
1129 1415 1415 1470 θανᾶτου.

323 1512 386 1563 '0
424 1511 522 1581 μὲν
549 1510 717 1580 νὸμος
761 1507 954 1570 οὕτως,
1000 1508 1185 1578 φησὶν,
1232 1507 1260 1560 ὁ
1292 1506 1349 1559 δέ
1403 1522 1466 1574 γε
1500 1503 1733 1576 Χριστὸς
1766 1500 1828 1554 οὗ

243 1603 406 1672 μόνον
433 1599 541 1654 τῶν
572 1598 992 1671 προγενομένων
1020 1595 1328 1668 ἀπήλλαξεν
1355 1593 1665 1666 ἁμαρτιῶν,
1692 1591 1832 1647 ἀλλὰ

244 1694 334 1744 καὶ
371 1691 515 1761 πρὸς
544 1691 604 1743 τὸ
639 1688 836 1759 μέλλον
867 1683 1200 1759 ἀχειρώτους
1257 1686 1498 1757 εποίησε.
1527 1684 1698 1737 Τοῦτο
1722 1683 1831 1751 γὰρ

244 1783 402 1854 δηλοῖ
431 1783 510 1847 τὸ,
555 1802 573 1834 ι
607 1782 774 1834 Οὐδὲν
836 1783 945 1852 ἄρα
974 1779 1069 1833 νῦν
1107 1779 1444 1850 κατάκριμα,
1479 1797 1496 1829 ›
1522 1772 1654 1833 οἷον.
1710 1774 1832 1829 οὐδὲ

1930 591 2077 662 quod
2123 590 2179 645 in
2225 590 2610 661 superioribus
2655 588 2876 645 dicebat
2919 605 2932 641 :
2993 606 3010 640 ‹
3046 585 3305 642 Oblector
3357 586 3504 640 enim

1930 681 2234 737 secundum
2273 682 2549 736 internum
2581 680 3019 751 hominem,lege
3041 679 3158 734 Dei.
3191 697 3311 729 ι--ι
3330 677 3506 734 Carne

1930 782 2112 828 autem
2142 774 2245 843 legi
2276 774 2506 844 peccati.
2542 793 2558 824 ι
2595 773 2729 828 Nam
2757 781 3044 844 peccatum
3078 788 3176 842 per
3203 786 3423 825 carnem
3451 779 3508 824 et

1931 868 2081 923 illius
2112 867 2443 937 cupiditates
2467 881 2590 936 qua:
2615 883 2712 921 sua
2753 877 2881 921 sunt
2906 875 3184 936 operatur.

1997 1045 2136 1111 VIII,
2175 1047 2222 1110 l,
2253 1046 2308 1099 2.
2334 1044 2500 1100 Nulla
2530 1045 2698 1116 igitur
2727 1060 2866 1099 nunc
2905 1053 2982 1098 est
3018 1042 3384 1097 condemnatio
3430 1041 3508 1093 his

1926 1139 2028 1210 qui
2049 1146 2170 1192 sunt
2192 1140 2247 1192 in
2289 1136 2498 1193 Christo
2525 1136 2670 1201 Jesu,
2713 1137 2802 1208 qui
2831 1152 2937 1190 non
2963 1135 3121 1206 juxta
3153 1149 3366 1187 carnem
3393 1146 3508 1185 ain-

1932 1231 2139 1296 bulant,
2177 1230 2268 1285 sed
2294 1231 2456 1300 juxta
2503 1230 2774 1299 spiritum.
2822 1228 2961 1282 Nam
3005 1227 3088 1281 lex
3129 1226 3345 1296 spiritus
3389 1226 3511 1277 vita:

1932 1334 2050 1389 quae
2077 1327 2152 1372 est
2182 1334 2275 1388 per
2304 1317 2574 1372 Christum
2611 1316 2816 1383 Iesum,
2853 1316 3077 1371 liberum
3109 1333 3191 1371 me
3217 1315 3440 1369 reddidit
3478 1330 3511 1367 α

1928 1411 2047 1484 lege
2076 1414 2277 1482 peccati
2305 1419 2355 1465 et
2387 1413 2593 1467 mortis.

2002 1502 2166 1574 300
2199 1503 2278 1558 Ita
2304 1503 2530 1574 quidem
2559 1503 2668 1566 lex,
2704 1501 2886 1572 inquit
2920 1518 2933 1555 :
2957 1499 3215 1557 Christus
3241 1517 3370 1556 vero
3396 1516 3512 1555 non

1933 1595 2100 1651 modo
2147 1611 2178 1650 a
2207 1595 2492 1666 prioribus
2534 1593 2793 1651 liberavit
2830 1577 3093 1664 peccatis,
3123 1609 3315 1650 verum
3346 1594 3513 1648 etiam

1939 1687 1998 1741 in
2043 1687 2293 1741 futurum
2331 1685 2578 1742 reddidit
2624 1684 3096 1756 inexpugnabiles.
3129 1684 3262 1738 Nam
3304 1683 3407 1737 hoc
3434 1684 3516 1736 si-

1930 1778 2159 1850 gniﬁcat
2192 1797 2205 1833 :
2243 1797 2260 1830 ι
2299 1779 2461 1833 Nulla
2511 1779 2676 1848 igitur
2726 1793 2875 1833 nunc
2905 1785 2989 1832 est
3031 1776 3441 1839 condemnatio,
3491 1795 3507 1825 ι

243 1853 338 1945 μία
382 1873 478 1927 διὰ
511 1873 782 1944 ἁμαρτίαν
814 1870 1103 1941 καταδίκη,
1132 1872 1242 1932 τοῖς
1277 1873 1334 1925 ὲν
1381 1867 1602 1939 Χριστῷ
1655 1866 1830 1934 Ἰησοῦ

1941 1871 1990 1925 id
2024 1880 2108 1926 est
2140 1886 2208 1925 ne
2260 1871 2372 1925 ulla
2412 1871 2636 1940 quidem
2688 1878 2912 1940 propter
2944 1877 3228 1938 peccatum
3258 1875 3340 1921 est
3383 1881 3516 1919 con-

243 1962 314 2032 μὴ
359 1962 512 2015 κατὰ
543 1961 720 2032 σάρκα
751 1959 1170 2032 περιπατοῦσιν.
1201 1955 1378 2013 Tia-3v
1403 1976 1422 2026 ;
1447 1959 1578 2013 Οὐδὲ
1611 1958 1708 2028 μία
1732 1974 1831 2010 κα-

237 2054 443 2123 ταδίκη
470 2053 593 2106 οὐδὲ
624 2053 870 2124 ἁμαρτία
893 2052 1023 2120 vir;
1061 2052 1443 2122 Ἀσφαλὶζεται
1472 2051 1640 2116 uitri;
1681 2069 1698 2101 ι
1720 2049 1826 2102 Οὑ-

194 2134 196 2136 ’
239 2147 310 2216 χλ,
343 2164 366 2197 ι
409 2144 598 2214 φησιν,
625 2143 740 2197 ἀλλ’
771 2143 1024 2206 ὲκεξνοις.
1057 2144 1174 2197 ὅσοι
1206 2143 1286 2212 μὴ
1315 2143 1530 2206 ἑκόντες
1564 2139 1831 2212 σαρκικὴν

239 2237 384 2300 ζῶσι
419 2237 587 2306 ςωὴν.
622 2236 683 2288 El
728 2235 838 2306 γὰρ
889 2234 1051 2305 μόνον
1086 2234 1400 2304 προέλοιντο
1445 2233 1833 2304 πνευματικῶς

243 2327 368 2398 ζῇν,
398 2326 501 2396 οὐχ
547 2327 977 2397 ἁμαρτήσονται.
1026 2324 1149 2378 Ἐπὶ
1177 2324 1234 2378 δέ
1265 2341 1328 2393 γε
1358 2323 1453 2378 τοῦ
1487 2325 1678 2394 νόμου,
1709 2323 1832 2376 οὐδὲ

233 2420 266 2471 ὁ
305 2420 643 2490 βουλόμενος
680 2417 779 2488 ζῇν
811 2417 1008 2489 ὀρθῶς,
1026 2417 1201 2487 ἴσχυε,
1228 2416 1456 2488 μηδενὸς
1485 2415 1828 2488 βοηθοῦντος,

242 2511 380 2582 μηδέ
417 2510 1052 2580 συνεπισχύοντος.ιΤοῖς
1085 2512 1140 2562 ἐν
1167 2508 1388 2580 Χριστῷ
1422 2509 1651 2579 Ἰησοῦ.»
1684 2503 1830 2571 Οἷον,

237 2605 350 2664 τοῖς
389 2599 548 2655 οὖσιν
589 2603 648 2654 ὲν
701 2603 768 2672 τῇ
811 2600 1052 2672 Χριστοῦ
1103 2601 1308 2663 πίστει,
1338 2599 1615 2670 ἑλομένοις
1659 2615 1827 2652 πνευ-

234 2695 489 2764 ματικὴν
528 2693 693 2763 ζωήν.
732 2711 750 2743 ‹
803 2694 844 2747 Ο
880 2693 988 2764 γάρ
1026 2691 1189 2764 νόμος
1230 2692 1325 2746 τοῦ
1367 2677 1681 2762 Πνεῦματος
1730 2689 1832 2761 τῆς

237 2785 414 2854 ζωῆς.
446 2804 465 2836 ι
501 2784 712 2855 Ὠσπερ
749 2783 910 2854 νόμον
940 2784 1216 2856 ἁμαρτίας
1251 2784 1348 2855 τὴν
1397 2783 1672 2855 ἁμαρτίαν
1726 2801 1834 2854 φη-

242 2879 354 2939 σὶν,
399 2875 579 2939 οὕτως
612 2879 705 2928 καὶ
737 2878 899 2947 νόμον
947 2875 1263 2946 Πνεῦματος
1286 2875 1347 2929 τὸ
1379 2876 1620 2946 Πνεῦμα,
1672 2877 1830 2946 ὅπερ,

237 2969 440 3039 φησὶν,
487 2965 603 3020 ἔστι
652 2967 796 3036 ζωῆς
831 2969 1066 3038 χορηγὸν
1091 2968 1185 3022 καὶ
1238 2967 1467 3022 comet.
1502 2967 1673 3021 Τοῦτο
1717 2985 1832 3021 τοι·

1933 1959 2213 2014 demnatio
2244 1960 2352 2023 bis,
2401 1961 2495 2029 qui
2537 1969 2666 2034 sunt
2717 1959 2769 2012 in
2819 1957 3038 2014 Christo
3067 1958 3216 2021 Iesu,
3261 1955 3354 2025 qui
3406 1972 3516 2009 non

1928 2053 2083 2124 juxta
2113 2070 2335 2109 carnem
2365 2054 2670 2109 ambulant.
2699 2052 2839 2120 Quid
2868 2053 3031 2124 ergo?
3061 2055 3139 2106 An
3185 2052 3333 2105 nulla
3380 2067 3516 2105 con-

1933 2147 2212 2202 demnatio
2241 2162 2389 2200 nunc
2411 2155 2492 2200 est
2517 2161 2694 2214 neque
2723 2146 3054 2215 peccatum?
3083 2145 3162 2199 An
3188 2159 3421 2198 securos
3447 2144 3516 2198 de

1934 2237 2041 2292 hoc
2065 2236 2284 2290 reddit?
2320 2255 2336 2288 ι
2366 2236 2509 2302 Νοη,
2541 2255 2558 2287 ›
2589 2236 2801 2304 inquit;
2836 2235 2930 2289 sed
2959 2234 3068 2289 illis
3094 2233 3359 2302 loquitur,
3387 2233 3514 2302 qui-

1935 2343 2154 2397 cunque
2209 2342 2320 2382 non
2365 2337 2560 2397 sponte
2607 2326 2816 2382 carnali
2852 2327 2963 2381 vita
3011 2325 3229 2380 vivunt.
3284 2324 3418 2379 Nam
3454 2324 3516 2379 .si

1935 2421 2301 2489 Spiritualiter
2331 2428 2546 2474 tantum
2580 2422 2766 2475 vivere
2791 2420 3021 2488 eligant,
3055 2435 3164 2472 non
3187 2418 3515 2488 peccabunt.

1935 2512 2051 2568 Sub
2081 2514 2199 2584 lege
2242 2529 2374 2568 vero
2415 2529 2518 2568 nec
2559 2513 2603 2567 si
2645 2513 2912 2566 voluisset
2954 2511 3101 2580 quis,
3151 2519 3300 2565 recte
3332 2510 3519 2564 vivere

1934 2612 2176 2674 poterat,
2220 2604 2374 2660 nullo
2399 2604 2665 2659 auxilium
2701 2603 2913 2671 ferente
2940 2620 3122 2674 neque
3148 2601 3516 2659 confortante.

1941 2716 1960 2748 ι
1995 2697 2093 2752 llis
2133 2696 2229 2766 qui
2260 2705 2390 2752 sunt
2435 2696 2492 2750 in
2523 2695 2747 2751 Christo
2779 2696 2931 2752 Jesu.
2967 2714 2986 2748 ι
3020 2699 3100 2751 Ac
3122 2695 3168 2750 si
3193 2695 3378 2750 dicat:
3415 2693 3520 2760 Qui

1935 2798 2065 2842 sunt
2091 2787 2146 2842 in
2180 2787 2387 2842 Christi
2420 2786 2550 2849 (ide,
2578 2787 2671 2856 qui
2705 2787 2872 2840 vitam
2905 2787 3117 2857 eligunt
3149 2785 3516 2855 Spiritualem.

1937 2893 1960 2927 ι
1997 2875 2133 2932 Nam
2155 2877 2249 2931 lex
2283 2876 2514 2946 spiritus
2536 2875 2682 2930 vitae.
2715 2894 2733 2926 ι
2762 2875 2918 2930 Sicut
2943 2877 3116 2946 legem
3151 2874 3361 2946 peccati
3389 2874 3523 2929 dicit

1937 2978 2250 3039 peccatum,
2281 2968 2358 3023 ita
2379 2979 2437 3024 et
2461 2968 2636 3038 legem
2661 2968 2903 3038 Spiritus
2930 2969 3063 3023 dicit
3095 2967 3360 3038 Spiritum
3393 2968 3521 3038 :qni

230 3062 455 3134 γαρεῦν
483 3061 544 3114 τὸ
577 3061 796 3132 Πνεῦμα
825 3059 913 3115 διὰ
959 3061 1136 3133 Ἰησοῦ
1181 3051 1444 3132 Χριστοῦ*
1478 3061 1680 3132 (αὐτὸς
1726 3061 1830 3132 γάρ

1941 3058 2063 3114 vita:
2111 3059 2222 3114 dux
2272 3068 2360 3116 est
2407 3074 2475 3114 ac
2528 3059 2708 3114 dator.
2759 3059 2860 3113 Hic
2912 3059 3098 3128 itaque
3156 3057 3394 3129 Spiritus
3426 3073 3525 3128 per

235 3157 379 3224 ἡμῖν
410 3154 585 3216 αἴτιος
615 3155 710 3225 τῆς
734 3154 942 3225 δωρεᾶς
970 3154 1063 3207 τοῦ
1096 3153 1436 3225 Πνεύματος,
1476 3155 1504 3207 ὁ
1537 3152 1704 3220 λύσας
1736 3154 1830 3226 τὴν

1941 3149 2218 3206 Christum
2260 3150 2446 3228 Iesum
2503 3150 2650 3223 (nam
2705 3151 2867 3207 nobis
2901 3149 3068 3206 etiam
3115 3151 3205 3206 hic
3243 3161 3325 3206 est
3358 3166 3522 3206 causa

234 3245 550 3318 ἁμαρτίαν,
598 3246 694 3300 καὶ
725 3246 1172 3318 ἐπισπασάμενος
1205 3246 1340 3300 καθό
1367 3247 1517 3300 ἐστιν
1543 3245 1830 3317 ἄνθρωπος

1946 3243 2077 3298 doni
2129 3241 2372 3312 Spiritus
2423 3242 2518 3314 qui
2569 3251 2855 3312 peccatum
2887 3243 3072 3308 solvit,
3122 3251 3176 3298 et
3219 3243 3521 3300 secundum

236 3339 295 3393 τὸ
345 3337 585 3409 Πνεῦμα
616 3381 630 3407 ,
664 3340 756 3393 καὶ
785 3342 915 3411 ἡμῖν
955 3339 1274 3410 μεταδούς)·
1325 3339 1484 3393 τοῦτο
1553 3339 1830 3411 τοιγαροῦι

1945 3335 2094 3404 quod
2137 3334 2304 3389 homo
2342 3343 2448 3398 est,
2486 3333 2760 3404 Spiritum
2788 3335 3014 3391 attraxit
3045 3334 3313 3405 nobisque
3349 3336 3522 3390 tradi-

237 3433 298 3486 τὸ
331 3431 573 3502 Πνεῦμα
631 3432 973 3504 ἡλευθέρωσέ
1013 3449 1083 3504 με
1112 3431 1221 3485 ἀπό
1243 3449 1300 3484 τε
1326 3433 1422 3502 τῆς
1449 3431 1720 3501 ἁμαρτίας
1747 3431 1830 3484 καλ

1945 3424 2081 3497 dit);
2115 3426 2222 3491 hic,
2247 3425 2488 3495 inquam,
2513 3425 2754 3496 Spiritus
2774 3426 3012 3481 liberum
3031 3443 3118 3483 me
3137 3427 3378 3482 reddidit
3405 3437 3518 3482 tum

237 3525 332 3579 τοῦ
383 3523 636 3578 ἐντεῦθεν
667 3525 921 3589 θανάτου,
957 3524 1186 3594 ὁδηγοῦν
1217 3523 1352 3598 πρὸς
1372 3525 1439 3578 τὰ
1473 3523 1688 3595 βελτίω.
1723 3523 1830 3577 Νό-

1944 3529 1974 3568 a
2007 3523 2232 3584 peccato
2271 3524 2385 3568 tum
2425 3530 2456 3569 a
2498 3525 2696 3580 morte,
2733 3531 2854 3586 quae
2887 3515 3015 3570 inde
3059 3517 3416 3586 sequebatur,
3452 3517 3520 3572 ad

241 3638 348 3691 μος
398 3621 716 3690 Πνεῦματος
767 3619 858 3673 τοῦ
907 3619 1323 3684 ζωοποιοῦντος,
1359 3621 1524 3690 ἤγουν
1559 3619 1653 3672 τοῦ
1704 3619 1838 3684 ζωο-

239 3711 410 3765 ποιοῦ
445 3712 783 3780 Πνεῦματος,
838 3711 1005 3781 νόμου
1037 3712 1316 3782 ἁμαρτίας
1336 3711 1436 3780 τῆς
1478 3710 1836 3782 θανατούσης,

237 3803 421 3873 ἧγουν
445 3802 547 3872 τῆς
574 3801 928 3855 θανατοποιοῦ
959 3800 1256 3872 ἁμαρτιας.

832 3914 1088 3966 ΚΕΦΑΛ.
1148 3910 1247 3969 ΙΒ’.

238 4003 390 4072 Περὶ
423 4003 774 4082 ἀπορόσεωις
805 4005 1260 4082 τῷν-φασικῶν
1319 4007 1704 4082 παθημάτων,
1735 4009 1833 4063 διὰ

499 4074 608 4138 τῆς
641 4075 788 4143 πρὸς
826 4074 891 4127 τὸ
919 4077 1160 4144 Πνεῦμα
1201 4078 1580 4146 συμφωνίας.

319 4185 398 4242 Τὸ
429 4184 542 4255 γὰρ
567 4185 867 4240 ἀδύνατον
897 4187 1003 4242 τοῦ
1032 4190 1221 4259 νόμου
1251 4190 1321 4244 ἐν
1358 4182 1406 4257 ᾧ
1433 4191 1675 4259 ἠσθένει
1731 4192 1831 4249 διὰ

1943 3604 2174 3658 meliora
2219 3604 2526 3668 deducens,
2576 3604 2662 3659 lex
2723 3604 2965 3674 Spiritus
3026 3604 3356 3664 viviﬁcantis
3409 3609 3524 3662 sive

1940 3696 2194 3751 viviﬁcus
2223 3697 2468 3766 spiritus,
2501 3712 2532 3751 a
2572 3697 2692 3768 lege
2722 3698 2933 3767 peccati
2961 3698 3369 3766 mortiﬁeantis,
3407 3701 3522 3756 sive

1941 3803 1971 3842 a
1994 3787 2281 3844 mortifero
2313 3800 2544 3859 peccato

2537 3899 2768 3958 CAPUT
2808 3901 2926 3958 XII.

1935 3988 2014 4044 De
2037 3991 2436 4060 permutatione
2475 3992 2821 4069 naturalium
2859 3995 3140 4069 aﬂactuum
3181 4011 3278 4067 per
3308 3998 3524 4069 confor-

2415 4063 2655 4116 mitatem
2687 4065 2757 4118 ad
2783 4063 3064 4134 Spiritum.

2006 4175 2147 4242 VIII,
2185 4177 2239 4243 '5,
2278 4176 2332 4230 4.
2369 4173 2585 4231 Etenim
2622 4179 2762 4249 quod
2805 4179 3126 4249 impossibile
3164 4190 3280 4235 erat
3322 4181 3424 4252 legi
3462 4198 3522 4236 ea

239 4279 357 4346 τῆς
391 4278 639 4345 σαρκὸς,
681 4280 715 4332 ὀ
746 4278 890 4346 Θεὸς
930 4279 1038 4332 τὸν
1067 4281 1285 4336 ἑαυτοῦ
1314 4281 1456 4336 Υὶὸν
1481 4283 1727 4352 πέμψας
1760 4284 1830 4338 ἐν

1941 4277 2086 4335 parte
2118 4287 2225 4341 qua
2265 4271 2544 4326 imbecillis
2584 4280 2702 4324 erat
2739 4288 2836 4340 per
2861 4289 3098 4336 carnem,
3135 4273 3272 4327 Deus
3313 4276 3524 4343 proprio

240 4372 569 4441 ὁμοιώματι
597 4374 826 4441 σαρκὸς
879 4375 1191 4442 ἁμαρτίας,
1220 4376 1318 4428 καὶ
1372 4375 1504 4443 περὶ
1540 4375 1828 4443 ἁμαρτίας

1941 4365 2066 4420 Filio
2114 4367 2274 4419 misso
2317 4366 2372 4419 in
2405 4365 2764 4419 similitudine
2805 4367 2984 4420 carnis
3017 4367 3217 4438 peccati
3255 4369 3522 4436 pra’stitit,

240 4466 561 4534 κατέκρινε
591 4464 707 4534 τὴν
735 4467 1026 4534 ἁμαρτίαν
1058 4469 1130 4521 ἐν
1155 4466 1226 4535 τῇ
1247 4470 1448 4536 σαρκί.
1488 4468 1622 4522 Ἵνα
1644 4469 1712 4520 τὸ
1740 4467 1823 4522 διο

1931 4469 1978 4513 et
2009 4475 2104 4528 pro
2137 4467 2349 4528 peccato
2369 4457 2737 4512 condemnauit
2763 4467 3033 4528 peccatum
3065 4475 3156 4528 per
3188 4473 3422 4512 carnem.
3458 4456 3522 4513 Ut

242 4558 479 4625 καίωμα
526 4556 635 4612 τοῦ
684 4558 872 4626 νόμου
909 4557 1193 4627 πληρωθῇ
1239 4559 1309 4612 ἐν
1363 4558 1528 4627 ἡμῖν,
1568 4557 1691 4624 τοῖς
1737 4558 1824 4628 μὴ

1941 4551 2238 4619 iustiﬁcatio
2275 4550 2412 4621 legis.
2457 4550 2768 4620 impleretur
2790 4553 2840 4604 in
2866 4551 3137 4621 nobis,qui
3181 4566 3284 4604 non
3341 4565 3527 4603 secun-

243 4648 399 4703 κατὰ
433 4648 632 4717 σάρκα
659 4649 1117 4717 περιπατοῦσιν,
1141 4650 1299 4704 ἀλλὰ
1326 4650 1476 4702 κατὰ
1501 4649 1760 4719 Πνεῦμα.

329 4735 503 4807 Ὁρᾷς
536 4737 619 4790 ὅτι
646 4738 706 4789 οὐ
743 4736 836 4790 τοῦ
873 4737 1036 4804 νόμου
1094 4737 1574 4808 καταψηφίζεταις
1605 4740 1662 4792 οὺ
1723 4741 1831 4810 γάρ

247 4822 395 4889 εἷπε,
424 4829 498 4880 Τὸ
524 4828 759 4899 πονηρὸν
785 4826 878 4880 τοῦ
911 4828 1102 4898 νόμου,
1127 4831 1184 4880 ἐν
1216 4821 1260 4896 ᾧ
1289 4829 1644 4900 ἐκακούργει,
1677 4829 1832 4895 ἀλλὰ,

257 4913 362 4966 «Τὸ
381 4912 775 4978 άδύνατον,κο.“ι
792 4916 847 4968 ἐν
863 4907 906 4982 ᾧ
921 4916 1160 4986 ἠσθένει,
1174 4935 1192 4969 ι
1216 4917 1288 4981 ὼς
1324 4915 1423 4989 [εἰ]
1438 4915 1611 4984 εἶπεν,
1636 4919 1834 4972 ”Η’)ελ.ε

253 5006 451 5067 σῶσαι,
488 5007 607 5060 ἀλλ’
651 5009 751 5062 οὐκ
799 5008 1006 5080 ἴσχυεν.
1031 5028 1048 5060 ι
1090 5009 1180 5063 Ἐν
1207 5003 1272 5078 ᾧ,
1311 5011 1496 5082 φησὶν,
1538 5010 1778 5080 ἠσθένει.
1813 5030 1830 5062 ι

266 5099 488 5168 Ἐπειδὴ
515 5099 736 5167 ἠσθένει
759 5101 846 5154 διὰ
875 5101 973 5170 τῆς
1013 5101 1234 5174 σαρκὸς,
1279 5103 1550 5168 τουτέστι,
1580 5101 1673 5155 τοῦ
1707 5120 1838 5172 φρο-

253 5192 496 5260 νήματος
532 5192 702 5260 αὐτῆς
727 5207 746 5225 θ
781 5192 839 5244 οὺ
870 5195 978 5264 γὰρ
1010 5194 1109 5264 τὴν
1157 5195 1334 5264 σάρκα
1375 5195 1673 5250 διαϐάλλει.
1707 5215 1725 5248 ι
1767 5193 1836 5250 ’⁸0

256 5281 392 5345 Θεὸς
447 5284 539 5335 τὸν
586 5283 780 5337 ἑαυτοῦ
831 5285 958 5338 Υἱδν
992 5285 1289 5356 πέμψαςΑ
1348 5288 1495 5339 Ἀνω
1547 5287 1716 5341 εἰπὼν
1769 5289 1832 5342 τὸ

260 5375 486 5444 Πνεῦμα
537 5374 997 5446 ἠλευθερωκέναι,
1035 5375 1131 5430 νῦν
1161 5377 1251 5428 τὸν
1283 5377 1410 5430 Υιὶν
1439 5376 1609 5446 λέγει.
1669 5380 1854 5449 Κοινῇ

259 5466 369 5536 γὰρ
400 5466 620 5537 εὐδοκία
663 5467 765 5536 τῆς
794 5469 955 5536 άγέας
1009 5469 1238 5538 Τριάδος
1298 5469 1643 5541 σεσώσμεθα.
1680 5491 1699 5523 ι
1751 5474 1837 5526 Ἐν

260 5559 564 5630 ὁμοιώματι
590 5561 790 5632 σαρκὸς
809 5561 1110 5632 ἁμαρτίας.
1137 5582 1156 5615 ι
1184 5563 1278 5625 Τὸ,
1306 5581 1324 5614 ι
1359 5564 1446 5616 Ἐν
1469 5562 1830 5634 ὁμοιώματι,ι

258 5650 323 5702 οὐ
343 5652 474 5720 πρὸς
489 5653 571 5716 τὸ,
583 5671 602 5703 ι
618 5653 836 5723 σαρκὸς,
849 5655 1000 5726 »ὀρᾷ,
1021 5655 1157 5708 ἀλλὰ
1175 5655 1306 5723 πρὸς
1320 5655 1398 5719 τὸ,
1411 5673 1430 5706 ι
1443 5657 1642 5726 σαρκὸς
1654 5657 1846 5728 ἁμαρο·

265 5737 438 5800 τως..
477 5741 555 5795 οὐ
586 5741 696 5812 γὰρ
723 5742 889 5814 ἀλλην
910 5745 1060 5815 παρὰ
1089 5744 1188 5815 τὴν
1212 5745 1370 5815 ἡμῶν
1390 5746 1601 5815 ἥνωσεν
1633 5747 1834 5818 ἑαυτῷ·

257 5829 476 5902 attaer
531 5835 646 5888 ἀλλ’
700 5837 796 5908 οὐχ
841 5837 1194 5909 ἀμαρτωλὴν,
1238 5838 1352 5893 ἀλλ’
1411 5839 1831 5911 ἀναμάρτητον,

1936 4645 2060 4696 dum
2081 4657 2296 4696 carnem
2319 4641 2674 4708 ambulamus,
2692 4643 2782 4696 sed
2803 4642 3089 4696 secundum
3107 4640 3385 4710 Spiritum.

1973 4733 2132 4804 30],
2143 4732 2308 4788 Vides
2322 4733 2466 4802 quod
2489 4733 2663 4804 legem
2677 4749 2787 4787 non
2805 4734 3163 4788 condemnet?
3175 4731 3522 4803 Nequeeniui

1937 4827 2076 4882 dixit
2110 4844 2122 4879 :
2161 4825 2320 4894 Quod
2352 4825 2554 4880 malum
2584 4835 2705 4882 erat
2734 4827 2869 4898 legis
2894 4842 2957 4882 ea
2991 4836 3144 4897 parte
3173 4841 3280 4897 qua
3319 4827 3522 4881 malum

1938 4917 2212 4972 inferebat
2241 4935 2256 4984 ;
2287 4916 2383 4971 sed
2419 4936 2437 4968 ι
2476 4917 2632 4983 Quod
2656 4918 2995 4988 impossibile
3054 4930 3194 4983 erat,
3248 4934 3312 4975 ea
3343 4929 3520 4990 parte,

1937 5026 2044 5080 qua
2062 5009 2353 5065 imbecillis
2375 5019 2524 5074 erat;
2549 5027 2565 5060 ι
2596 5025 2660 5064 ac
2688 5010 2732 5064 si
2763 5009 3031 5066 dixisset:
3064 5011 3249 5066 Voluit
3283 5012 3519 5077 salvare,

1939 5103 2034 5158 sed
2070 5119 2182 5157 non
2209 5103 2414 5172 potuit.
2469 5121 2488 5154 ‹
2533 5103 2610 5158 Ea
2654 5111 2810 5173 parte
2841 5119 2950 5174 qua
2991 5103 3284 5160 imbecillis
3319 5116 3457 5160 erat.
3497 5125 3514 5156 ι

1938 5195 2397 5266 Quandoquidem
2437 5195 2726 5252 imbecillis
2765 5204 2888 5252 erat
2935 5212 3034 5268 per
3063 5198 3382 5265 carnem,id
3414 5207 3517 5262 est,

1940 5289 2140 5343 fastum
2169 5287 2288 5343 sive
2317 5303 2540 5343 sensum
2574 5289 2724 5344 illius
2748 5307 2764 5354 ;
2801 5304 2979 5360 neque
3003 5291 3152 5346 enim
3181 5304 3401 5346 carnem
3427 5304 3520 5344 ca-

1941 5382 2264 5438 lumniatur.
2307 5403 2326 5434 ‹
2359 5384 2508 5438 'Deus
2550 5385 2774 5455 proprio
2808 5384 2947 5439 Filio
2979 5383 3168 5440 misso.
3207 5403 3226 5436 ι
3261 5382 3396 5438 Cum
3431 5382 3519 5436 di-

1941 5475 2108 5528 xisset
2137 5475 2396 5545 superius
2423 5475 2688 5546 Spiritum
2719 5475 2962 5531 libertati
2989 5475 3299 5530 restituisse
3333 5493 3344 5528 ε
3373 5487 3521 5527 nunc.

1941 5569 2140 5623 Filium
2171 5569 2325 5623 dicit.
2351 5568 2486 5623 Nam
2510 5569 2787 5624 communi
2819 5577 3021 5623 sancta:
3045 5567 3331 5621 Trinitatis
3351 5565 3521 5620 bene-

1941 5659 2141 5730 placito
2165 5659 2354 5713 saluati
2387 5673 2597 5713 sumus.
2637 5677 2656 5710 ι
2691 5659 2750 5714 In
2780 5655 3143 5713 similitudine
3181 5655 3363 5710 carnis
3390 5668 3519 5724 pec‘

1939 5753 2065 5807 cati.
2104 5772 2121 5803 ι
2155 5751 2312 5819 Quod
2344 5751 2547 5806 dicitur
2579 5768 2592 5804 :
2656 5769 2672 5802 ι
2712 5751 2770 5806 1η
2800 5749 3185 5813 similitudine,
3223 5767 3241 5800 ι
3293 5762 3404 5802 non
3447 5747 3514 5800 ad

1940 5846 2236 5901 dictionem
2270 5845 2454 5900 carnis
2491 5844 2734 5912 respicit,
2770 5845 2863 5898 sed
2912 5842 3074 5898 simul
3110 5842 3175 5898 ad
3218 5851 3514 5912 utrumque
