3978 6546
265 423 354 489 485

1281 416 1673 478 COMMENT.
1717 419 1798 478 IN
1821 418 2071 481 EPIST:
2102 423 2200 483 AD
2238 424 2420 488 ROM.

3376 432 3483 499 436

262 529 490 599 εὖλόγως.
536 528 599 582 El
631 524 736 597 γὰρ
798 524 891 579 ὑπ’
936 525 1059 596 ὖῷιν
1118 526 1277 597 ἡμῶν
1310 527 1407 582 καὶ
1456 527 1563 581 ὑπὸ
1605 529 1785 597 πεῖραι

1903 528 2120 585 obtinet
2166 533 2459 602 quispiam.
2509 548 2748 604 quonam
2793 535 2956 591 modo
2998 552 3221 609 sperare
3265 550 3441 612 potest
3460 548 3491 597 ξι

258 621 345 691 ἤδη
374 620 438 671 τὰ
468 617 791 688 ἐλπιζόμενα
824 618 1091 686 ἐγεγόνει..
1116 617 1217 671 οῦκ
1242 616 1308 671 ἂν
1336 612 1405 689 ἦν
1435 617 1795 689 ἐλπιζόμενα.

263 706 438 779 ὀγάρ
470 726 551 772 τις
597 708 836 778 κατέχει,
883 708 1001 772 πῶς
1042 702 1166 762 οἷόν
1229 708 1287 762 τέ
1318 710 1465 763 ἐστιν
1509 710 1795 774 ἐλπίζεινς

256 802 442 857 Οὐκοῦν
469 802 604 855 κατὰ
649 800 810 869 φύσιν
848 803 949 873 τῆς
982 801 1197 865 ἐλπίδος
1221 800 1349 855 ῖδιον
1372 801 1549 864 τοῦτο,
1575 801 1635 856 τὸ
1670 803 1799 873 περὶ

254 896 346 947 τῶν
367 893 655 961 μελλόντων
707 892 881 958 αὐτὴν
932 891 1029 947 καὶ
1084 894 1253 963 μήπω
1299 893 1604 963 παρόντων,
1632 889 1793 948 εἶναι.

255 985 394 1038 Ὥστε
429 985 517 1036 καὶ
549 985 715 1054 ἡμᾶς,
748 983 783 1037 ἃ
805 985 865 1037 οὐ
894 983 1186 1055 βλέπομεν,
1212 985 1394 1037 ἐκεῖνα
1424 984 1505 1037 δεῖ
1532 984 1795 1049 ἐλπίζειν.

254 1078 304 1129 ΕΞ
332 1077 380 1129 δὲ
403 1075 436 1130 ἀ
457 1076 513 1127 οὐ
561 1074 850 1145 βλέπομεν,
882 1074 1073 1145 ὥσπερ
1114 1074 1215 1139 δεῖ,
1239 1078 1424 1129 ἐκεῖνα
1446 1075 1540 1128 καὶ
1579 1075 1797 1141 ἐλπίζο-

255 1186 358 1238 μεν,
408 1168 691 1237 ὑπομένειν
742 1168 850 1240 χρὴ
906 1168 1001 1220 καὶ
1025 1166 1431 1237 ἀπεκδέχεσοαι
1454 1165 1523 1219 τὰ
1562 1169 1795 1238 προσδο-

252 1260 477 1328 κηθέντα,
523 1261 612 1314 καὶ
654 1259 728 1330 μὴ
774 1260 970 1328 ἁθρόον
997 1260 1285 1326 ἐπιζητεῖν
1317 1258 1461 1313 αὐτὰ
1486 1259 1795 1328 παραγενέ-

251 1354 379 1420 σθαι,
406 1353 636 1423 μάλιστα
669 1353 765 1406 τοῦ
788 1351 1107 1424 Πνεῦματος
1150 1351 1238 1408 διὰ
1266 1351 1376 1405 τῶν
1426 1351 1659 1406 ἐνταῦθα
1690 1370 1791 1423 χα-

250 1446 503 1517 ρισμάτων
554 1446 650 1499 καὶ
698 1446 1036 1516 εὐεργεσιῶν
1064 1445 1430 1514 πιστουμένου
1458 1445 1527 1498 τὰ
1561 1446 1791 1511 ἐκεῖθεν,

246 1539 324 1591 καὶ
350 1536 439 1607 τὴν
485 1537 771 1590 ἀσθένειαν
795 1537 905 1590 τῶν
929 1536 1210 1607 λογισμῶν
1231 1537 1397 1619 ᾐμῶν
1425 1539 1794 1610 συναντιλαμ-

248 1627 517 1697 εανομένου
561 1628 658 1681 καὶ
703 1627 1123 1700 θεραπεύοντος.
1180 1628 1332 1682 Πόσα
1361 1628 1471 1698 γὰρ
1516 1629 1797 1699 εὐεργετεῖ

244 1723 291 1773 ἐν
307 1720 481 1782 αὐταῖς
534 1720 567 1789 ἦ
576 1720 696 1791 μῶν
722 1723 840 1784 ταῖς
875 1721 1081 1791 εὐχαῖς,
1130 1720 1216 1774 ἶνα
1243 1720 1338 1774 νῦν
1369 1720 1437 1775 τὰ
1467 1714 1602 1778 ἄλλα
1623 1722 1789 1786 ἐάσω,

242 1811 462 1866 διδάσκον
500 1812 652 1873 ὅπως
706 1814 813 1884 χρὴ
865 1809 1122 1882 εὔχεσθαι
1155 1853 1170 1880 ,
1213 1812 1452 1885 ἐρευνῶν
1498 1816 1597 1878 τὰς
1656 1829 1793 1885 καρ-

240 1903 354 1967 δίας,
380 1904 469 1957 καὶ
497 1903 688 1968 ἁπλῶς
743 1905 921 1957 πάντα
953 1906 1031 1962 εἰς
1071 1904 1279 1973 ἀγαυὸν
1312 1903 1645 1977 συνεργοῦν;

298 1992 401 2048 τοῦ
463 1993 654 2048 αὐτοῦ
677 1994 883 2061 ἄλλως
911 1995 992 2057 εἰς
1041 1993 1120 2058 τδ,
1166 2011 1186 2046 ι
1216 1993 1507 2048 Υῖοθεσίαν
1546 1994 1783 2049 ἀπεκδε-

238 2084 433 2156 χόμεθα.
465 2105 484 2139 ι
516 2084 679 2141 Ista-cl.
743 2086 1053 2162 ἀπεκδὲχῃς
1094 2087 1218 2140 Ὅτι
1257 2089 1322 2157 τῇ
1355 2086 1631 2159 ἀπεκδοχῇ
1689 2089 1785 2142 καὶ

237 2177 387 2231 ἐλπίδι
409 2175 717 2247 ἐσώθημεν.
777 2178 900 2241 Πῶς
928 2174 1023 2231 οῦν
1048 2194 1063 2245 ;
1118 2177 1224 2251 χρὴ
1248 2177 1655 2249 ἀπεκδέχεσθαι
1685 2179 1785 2234 καὶ

235 2267 445 2331 ιλιιξζειν
474 2267 586 2332 Eu;
624 2269 694 2325 Ei
727 2268 785 2322 δὲ
813 2270 895 2321 δεῖ
926 2268 1187 2333 ἐλπίζειν,
1211 2270 1295 2326 δεῖ
1321 2269 1540 2334 πάντως
1574 2272 1782 2343 ὑπομέ-

235 2377 343 2425 νειν,
364 2361 450 2414 καὶ
479 2360 544 2413 δι’
578 2361 868 2432 {imperi-5
892 2362 958 2417 τὰ
997 2359 1328 2432 ἐλπιζόμενα
1362 2361 1778 2436 ἅπεκδέχεσθαι.

235 2454 439 2525 ἐχομεν
467 2453 522 2507 δὲ
567 2454 713 2525 πρὸς
741 2455 951 2518 τούτοις
980 2457 1073 2508 καὶ
1105 2456 1175 2508 τὰ
1224 2455 1573 2526 πνευματικὰ
1609 2458 1779 2527 χαρι-

234 2562 390 2615 σματα
447 2545 1029 2617 συναντιλαμϐάνοντα
1068 2548 1187 2609 ταῖς
1243 2546 1549 2610 ἀσθενείαις
1600 2548 1779 2621 ἡμῶν,

231 2639 307 2692 καὶ
334 2639 403 2707 μὴ
427 2638 598 2692 ἐῶντα
636 2639 784 2708 ἡμᾶς
803 2639 938 2709 πρὸς
969 2639 1068 2702 τὰς
1107 2639 1325 2703 ἐλπίδας
1361 2641 1620 2696 ὀκλάσαι.
1654 2641 1779 2694 Ὀτι

227 2726 270 2781 δὲ
295 2730 348 2780 τὸ
371 2744 613 2800 πνευματ
628 2730 746 2782 ικθιν
787 2730 1035 2799 χάρισμα
1063 2729 1627 2799 συναντιλαμϐάνεται
1657 2732 1780 2793 ταῖς

226 2819 498 2885 ἀσθενείαις
524 2819 716 2891 ἡμῶν,
745 2820 944 2874 αὐτίκα
965 2819 1123 2892 δῆλον
1152 2822 1244 2874 καὶ
1272 2821 1379 2873 ἀπὸ
1409 2821 1503 2874 τοῦ
1532 2838 1777 2892 πνευμα-

225 2910 355 2964 τικοῦ
380 2913 725 2983 χαρίσματος
754 2912 847 2965 τοῦ
878 2914 1009 2983 περὶ
1041 2917 1143 2975 τὰς
1180 2914 1343 2991 εὐχὰς
1372 2912 1778 2986 χορηγηθέντος

231 2999 358 3069 ἡμῖν.
387 3000 457 3053 Τὸ
491 3000 725 3073 Πνεῦμα
786 3003 896 3073 γὰρ
958 3001 1195 3056 ἐνταῦθα
1252 3007 1369 3075 τρὶς
1399 3004 1692 3075 ὀνομάσας,
1718 3005 1780 3059 τὸ

232 3094 569 3163 πνευματικὸν
587 3094 828 3166 ἐδήλωσε
850 3094 1117 3166 χάρισμα.
1134 3094 1406 3166 Ἐρευνῶν
1431 3097 1487 3150 δὲ
1518 3098 1615 3159 τὰς
1643 3114 1780 3168 καρ-

228 3179 368 3247 δίας,
428 3184 558 3237 αὖτδ
602 3184 669 3238 τὸ
720 3184 985 3251 πανάγιον
1024 3183 1250 3255 Πνεῦμα
1312 3185 1373 3238 τὸ
1431 3186 1496 3243 ὲκ
1562 3185 1779 3256 Πατρὺς

230 3241 622 3347 προερχόμενον.
642 3306 714 3317 -
738 3241 984 3344 Ἄλλως.
1026 3241 1310 3333 Υἰοθεαιαν
1339 3241 1773 3353 ἀπεκδεχόμεῦα.
1800 3241 1847 3302 c

228 3357 338 3415 Εἶτα
390 3365 473 3418 ῖνα
506 3366 581 3436 μὴ
633 3365 869 3437 νομισθῂ
895 3367 963 3420 τὰ
996 3366 1246 3438 παρόντα
1296 3366 1624 3433 διαϐάλλειν,
1682 3367 1779 3421 καὶ

227 3454 289 3523 δῷ
309 3456 467 3528 λαϐὴν
522 3461 636 3521 τοῖς
702 3459 1020 3530 αῖρετι-κοῖς,
1076 3461 1240 3532 φησὶν
1289 3460 1408 3515 οὐδὲ
1439 3462 1505 3515 τὰ
1535 3460 1779 3532 παρόντα

228 3542 347 3602 εἶναι
390 3550 551 3615 κακὰ,
580 3551 721 3607 ἀλλά
758 3552 824 3606 τά
851 3553 1279 3624 προσδοκώμενα
1311 3553 1526 3625 βελτίω,
1561 3552 1598 3611 ἆ
1629 3555 1779 3608 ἐστιν

228 3640 458 3698 υἱοθεσία.
490 3634 628 3698 Τότε
659 3645 773 3714 γὰρ
798 3645 869 3699 τὰ
902 3645 1003 3717 τῆς
1029 3646 1301 3711 υἱοθεσίας
1341 3646 1775 3718 ἀποτελέσματα.

233 3732 470 3807 στῇχάρ
517 3736 699 3792 ἑλπίδι
743 3735 1055 3809 ἐσώθημεν.
1085 3756 1103 3789 ι
1140 3738 1229 3801 Ὠς
1253 3740 1302 3791 εἰ
1354 3737 1528 3807 ελεγεο
1591 3737 1778 3791 Πάντα

226 3821 452 3892 λαδόντες
506 3830 662 3901 παρὰ
703 3828 861 3896 Θεοῦ,
900 3832 1061 3902 ἡμεῖς
1090 3832 1274 3887 πίστιν
1306 3830 1453 3899 αὐτῷ
1492 3828 1777 3903 προσηγά-

227 3934 391 3988 γομεν,
418 3916 484 3994 ἦς
533 3924 686 3994 μέγα
741 3923 926 3995 μέρος,
962 3925 995 3997 ἡ
1035 3924 1141 3978 τῶν
1195 3923 1403 3978 ἐκεῖθεν
1447 3922 1624 3988 ἐλπίς.
1685 3923 1776 3995 Μὴ

226 4014 488 4085 τοιγαροῦν
528 4015 688 4086 ζήτει
721 4017 898 4070 πάντα
920 4015 1153 4070 ἐνταῦθα
1188 4019 1444 4088 παρεῖναι
1476 4016 1545 4070 τὰ
1569 4015 1774 4086 ἀγαθά,

228 4103 345 4159 ἀλλά
369 4124 482 4161 τινα
513 4109 611 4165 καὶ
626 4110 699 4180 τῇ
723 4109 901 4163 ἑλπίδι
928 4110 1246 4181 ταμιεῦσαι.
1276 4110 1407 4164 Bias
1429 4110 1605 4163 πάντα
1637 4126 1780 4180 παρ-

228 4197 344 4256 εῖναι
397 4199 591 4266 θέλεις,
668 4199 769 4255 οὐκ
802 4198 883 4253 ἔτι
918 4200 1185 4266 ἐλπίζεις.
1223 4201 1411 4265 Ἐλπὶς
1440 4202 1549 4273 γὰρ
1586 4202 1780 4274 βλεπο-

230 4287 368 4361 μένη,
408 4292 506 4346 οὐκ
533 4290 686 4347 ἔστιν
714 4291 888 4355 ἐλπίς.
924 4310 941 4342 ι
962 4292 1024 4345 Εἰ
1054 4292 1110 4346 δὲ
1142 4292 1170 4346 δ
1200 4294 1262 4347 οῦ
1314 4292 1587 4364 βλέπομεν
1625 4294 1781 4348 ἐλπί-

230 4374 427 4448 ζομεν.»
477 4382 541 4437 El
580 4382 660 4449 δὲ,
695 4383 851 4453 φησι,
884 4382 955 4435 τὰ
1012 4382 1087 4453 μὴ
1154 4381 1408 4454 ὁρώμενα
1461 4384 1778 4453 ἐλπίζομεν,

228 4470 277 4521 ἐν
297 4473 524 4549 ὑπομονῇ
581 4475 783 4545 ἕξομεν
835 4473 933 4546 τὴν
971 4473 1179 4529 τούτων
1240 4475 1608 4546 προσδοκίανο
1640 4477 1675 4548 ἡ
1722 4476 1779 4530 δὲ

229 4562 444 4637 ὑπομονὴ
462 4570 541 4622 ὃτι
570 4569 740 4641 μέρος
763 4568 1019 4640 μέγιστον
1041 4568 1265 4641 ἀρετῆς,
1296 4570 1458 4627 παντί
1480 4586 1580 4622 που
1598 4568 1774 4639 δῆλον.

1889 4564 2113 4622 lerantia
2164 4563 2402 4620 feramus
2451 4562 2650 4618 borum
2699 4559 3167 4632 exspectationem
3221 4574 3236 4612 :

230 4654 370 4711 Ὥστε
420 4663 455 4731 ή
502 4663 683 4728 ἐλπὶς,
739 4661 836 4718 καὶ
877 4662 1122 4732 πίστεώς
1184 4665 1300 4720 ἐστι
1349 4663 1447 4722 καὶ
1500 4662 1780 4733 ὑπομονῆς

228 4753 482 4825 ποιητική.

297 4921 589 4996 Ὡσαύτως
620 4927 693 4983 δὲ
744 4927 845 4982 καὶ
895 4927 964 4982 τὸ
1016 4926 1255 4998 πνεῦμα
1292 4926 1777 4997 συναντιλαμϐά·

230 5026 372 5070 mat
390 5016 517 5084 ταῖς
544 5017 894 5085 ἀσθενείαις
914 5017 1106 5089 ἡμῶν·
1132 5020 1201 5072 τὸ
1224 5017 1337 5088 τὰρ
1360 5018 1420 5072 τι
1444 5017 1779 5086 προσευξό·

227 5108 356 5172 uada
396 5111 542 5165 καθὸ
587 5110 719 5177 δεῖ,
764 5113 876 5166 οὐκ
939 5111 1190 5183 οἴδαμεν
1214 5127 1231 5143 ο
1313 5112 1453 5167 ἀλλ’
1504 5111 1652 5167 αὐτὸ
1710 5111 1780 5167 τὸ

232 5198 447 5269 Πνεῦμα
472 5202 1021 5275 ὑπερεντυγχάνειν
1053 5203 1209 5273 ὑπὲρ
1227 5202 1399 5273 ήμῶν
1422 5201 1781 5274 στεναγμοῖς

229 5284 547 5361 ἀλαλήτοις.
565 5295 630 5348 '0
647 5294 717 5348 se
742 5294 1007 5363 ἐρευνῶν
1034 5294 1143 5363 τὰς
1165 5295 1435 5366 καρδίας,
1464 5291 1590 5351 οἶδε
1625 5297 1686 5350 τί
1710 5295 1780 5350 τὸ

230 5382 477 5454 φρόνημα
505 5386 615 5441 τοῦ
648 5388 1016 5458 Πνεύματος,
1045 5387 1137 5443 ὅτι
1176 5388 1328 5443 κατὰ
1366 5388 1518 5444 Θεὸν
1564 5388 1797 5460 ἐντυγοη

233 5473 381 5541 χάνει
429 5478 584 5547 ὑπὲρ
621 5479 827 5550 ἁγίων.

291 5567 390 5622 Καὶ
424 5569 497 5641 μὴ
524 5570 737 5641 νόμιζε,
782 5571 972 5644 φησιν,
1031 5571 1173 5645 ὑπὲρ
1195 5571 1478 5644 ὑπομονῆς
1511 5570 1775 5640 κάμνειν·

231 5654 285 5710 οὗ
306 5658 569 5731 γὰριάσει
592 5678 652 5719 σε
675 5663 735 5717 τὸ
758 5665 984 5736 Πνεῦμα
1006 5665 1259 5736 κάμνειν,
1286 5663 1401 5719 ἀλλ’
1421 5662 1778 5735 ἀντιλήψεται

234 5761 316 5802 σου
347 5750 475 5822 πρὸς
521 5752 700 5809 τοῦτον
749 5756 997 5821 ἀσθενεῖς
1025 5757 1135 5829 γάρ
1164 5758 1352 5827 ἔσμεν,
1378 5757 1473 5810 καὶ
1507 5755 1627 5810 οὐδὲ
1657 5756 1779 5810 ὑπο.

234 5837 384 5910 μονὴν
439 5842 776 5914 κατορθῶσαι
835 5848 1091 5921 ἱσχῦομεν
1136 5848 1261 5921 δῖνα
1309 5846 1407 5918 τῆς
1461 5848 1778 5919 Πνεῦμα-τος

1899 622 2059 677 Juxta
2088 624 2203 693 Spei
2232 626 2401 696 igitur
2427 634 2681 680 naturam
2713 627 2764 681 id
2800 630 3081 696 proprium
3107 640 3212 694 est,
3238 632 3382 701 quod
3412 634 3491 687 de

1902 712 2105 768 futuris
2127 715 2220 779 sit,
2248 725 2303 770 et
2332 732 2453 786 quze
2485 720 2729 773 nondum
2765 718 2821 773 in
2853 720 3051 790 seipsis
3087 730 3235 776 sunt.
3284 723 3348 777 Et
3382 740 3491 778 nos.

1899 821 1963 858 ea
2000 820 2221 874 sperare
2267 816 2486 877 oportet
2525 826 2647 879 qua:
2677 827 2786 866 non
2811 811 3082 868 videmus.
3110 814 3267 886 311
3295 815 3349 870 Si
3381 832 3481 870 au-

1900 903 2010 948 tem
2037 909 2159 964 qua:
2204 912 2313 948 non
2357 897 2632 964 videmus,
2681 899 2770 954 illa
2821 909 3002 957 tamen
3046 912 3106 956 ut
3139 920 3355 974 arquum
3393 916 3482 962 est

1899 1000 2209 1056 speramus,
2246 986 2588 1058 longanimcs
2629 1007 2751 1046 esse
2798 1002 3038 1065 oportet.
3074 1003 3131 1050 et
3162 1008 3481 1066 exspectare

1898 1092 2021 1146 qum
2060 1088 2376 1146 sperantur,
2416 1095 2519 1134 nec
2559 1081 2746 1136 subito
2792 1084 3079 1154 requirere
3119 1096 3178 1141 ut
3216 1068 3481 1142 illa.con;-

1900 1166 2113 1239 tingant
2141 1187 2154 1222 :
2184 1170 2419 1227 maxime
2445 1186 2569 1227 cum
2602 1173 2831 1243 spiritus
2862 1190 2959 1244 per
2987 1191 3048 1230 ea
3078 1193 3199 1249 quae
3232 1178 3320 1232 llic
3342 1195 3480 1249 prae.

1898 1266 2113 1315 stantur
2145 1261 2289 1318 dona
2335 1279 2399 1318 ac
2436 1264 2728 1328 beneﬁcia,
2764 1280 2959 1320 eorum
2997 1267 3160 1324 ﬁdem
3196 1267 3329 1325 facit
3357 1285 3479 1340 quae

1898 1352 1952 1406 in
1990 1353 2239 1407 futurum
2280 1365 2593 1419 servantur,
2624 1364 2682 1411 ct
2727 1366 3041 1412 nostrarum
3072 1360 3472 1430 cogitationum

1898 1441 2329 1500 imbecillitatem
2362 1446 2586 1518 adjuvet
2612 1462 2676 1503 ac
2712 1456 2892 1503 curet.
2932 1447 3077 1515 Quot
3104 1450 3251 1505 enim
3285 1451 3339 1505 in
3376 1468 3484 1514 nos

1895 1534 2025 1589 stris
2063 1535 2325 1605 precibus
2372 1547 2596 1609 praestat
2638 1538 2927 1605 beneﬁcia,
2968 1548 3030 1595 ut
3066 1556 3215 1596 nunc
3252 1542 3356 1597 alia
3398 1550 3481 1598 ta-

1895 1641 2069 1692 ceam,
2126 1628 2376 1684 docendo
2438 1645 2539 1684 nos
2588 1631 2868 1701 quomodo
2926 1635 3141 1702 precari
3200 1645 3474 1707 oporteat.

1895 1719 2190 1774 scrutando
2230 1720 2417 1785 corda,
2453 1730 2620 1791 utque
2660 1723 2827 1778 unico
2856 1724 3030 1779 verbo
3065 1723 3267 1794 diram,
3293 1727 3481 1788 omnia

1895 1807 2060 1867 simul
2090 1810 2156 1868 ad
2193 1811 2399 1867 bonum
2433 1813 2734 1885 operando.

1956 1987 2212 2059 Ejusdem
2231 1992 2339 2046 alia
2361 1993 2513 2047 modo
2536 1993 2592 2048 in
2616 1993 2723 2048 hoc
2738 1994 2885 2065 quod
2903 1994 3139 2051 dicitur:
3164 2015 3182 2047 ι
3206 1995 3476 2067 Adoptio-

1884 2094 2011 2135 nem
2033 2091 2470 2152 exspectantes.»
2490 2084 2671 2153 Quare
2694 2087 3013 2161 exspectas?
3037 2085 3171 2155 Quia
3190 2097 3481 2158 exspectas

1886 2170 2037 2227 tione
2057 2187 2122 2228 ac
2144 2188 2239 2246 spe
2261 2174 2397 2229 salvi
2421 2174 2547 2231 facti
2568 2191 2779 2231 sumus.
2804 2176 3086 2242 Quomodo
3106 2179 3272 2249 ergo?
3314 2180 3474 2237 Anne

1883 2276 2202 2335 exspectare
2226 2282 2290 2322 ac
2308 2282 2530 2337 sperare
2545 2268 2653 2339 jam
2668 2268 2982 2338 oportebit?
3002 2268 3155 2336 Quod
3179 2270 3222 2324 si
3247 2286 3475 2340 sperare

1882 2370 2121 2430 oportet.
2154 2363 2346 2433 utique
2375 2363 2595 2418 tolelare
2625 2371 2841 2435 Oportet
2872 2372 2929 2419 et
2961 2380 3059 2435 per
3081 2365 3472 2443 longanimita.

1881 2460 1992 2507 tem
2017 2467 2139 2523 quae
2161 2461 2455 2523 sperantur
2483 2462 2824 2526 exspectare.
2845 2453 2914 2509 Et
2943 2455 3008 2508 ad
3034 2453 3150 2509 hzec
3177 2453 3344 2510 etiam
3368 2454 3471 2509 ha-

1881 2541 2078 2598 bemus
2114 2543 2423 2623 spiritualia
2452 2544 2598 2603 dona
2638 2561 2759 2616 quae
2788 2555 3009 2604 nOStras
3042 2545 3207 2621 simul
3244 2545 3475 2617 adjuvet

1882 2634 2310 2703 imbecillitates,
2354 2651 2536 2707 neque
2577 2637 2725 2693 circa
2767 2652 2919 2708 spem
2956 2638 3215 2694 vacillare
3253 2637 3487 2697 sinant..

1880 2725 2038 2793 Quod
2076 2741 2260 2783 autem
2291 2729 2580 2799 spirituale
2609 2730 2818 2785 donum
2844 2740 3062 2788 nostras
3101 2730 3265 2786 simul
3309 2729 3471 2802 adju~

1880 2831 1973 2877 vet
2013 2820 2439 2887 imbecillitates,
2484 2821 2741 2892 protinus
2780 2820 3135 2877 manifestum
3173 2826 3260 2877 est
3295 2824 3465 2877 etlam

1880 2928 1948 2966 ex
1967 2910 2113 2966 dono
2134 2911 2426 2983 spirituali,
2451 2912 2598 2982 quod
2627 2911 2695 2967 ad
2723 2927 2946 2983 precum
2975 2920 3289 2967 nostrarum
3313 2911 3467 2968 auxi-

1878 3002 2014 3058 lium
2036 3003 2222 3058 datum
2250 3012 2335 3058 est
2366 3003 2544 3058 nobis.
2571 3003 2854 3075 Siquidem
2872 3002 3082 3079 Spiritu
3109 3011 3192 3059 ter
3214 3003 3320 3058 hoc
3340 3002 3465 3059 loco

1879 3092 2184 3157 nominato,
2212 3093 2498 3163 spirituale
2527 3094 2856 3166 signiﬁcavit
2875 3094 3079 3148 donum
3111 3107 3123 3144 :
3154 3093 3247 3163 qui
3273 3100 3459 3147 autem

1878 3193 2157 3241 scrutatur
2200 3185 2388 3250 corda,
2439 3185 2555 3255 ipse
2602 3184 2841 3256 Spiritus
2880 3195 3104 3245 sanctus
3146 3194 3250 3251 est,
3293 3183 3388 3256 qui
3427 3201 3461 3245 a

1879 3276 2038 3335 Patre
2065 3277 2528 3349 procedit.—Alio
2549 3277 2720 3332 modo.
2749 3295 2769 3330 ι
2786 3277 3149 3348 AdOptionem
3173 3285 3457 3351 exspecta.

1879 3385 2023 3425 mus.
2056 3388 2074 3422 ι
2103 3369 2309 3425 Deinde
2334 3385 2403 3425 ne
2425 3385 2489 3425 ea
2512 3384 2633 3443 quae
2661 3369 2948 3443 praesentia
2974 3378 3104 3423 sunt
3132 3367 3461 3426 calumniari

1879 3460 2155 3527 videatur,
2202 3459 2404 3531 detque
2452 3461 2794 3516 occasionem
2847 3459 3144 3525 haeretiCis,
3193 3459 3289 3523 ait,
3346 3475 3461 3522 non

1879 3569 2002 3625 quae
2031 3553 2323 3624 praesentia
2359 3563 2491 3609 sunt
2522 3569 2643 3609 esse
2675 3554 2837 3618 mala,
2871 3552 2967 3608 sed
2992 3568 3113 3624 qua:
3134 3561 3460 3622 exspectan-

1881 3655 1972 3702 tur
2020 3660 2143 3701 esse
2185 3645 2436 3711 meliora,
2479 3661 2602 3716 qua:
2640 3657 2768 3701 sunt
2805 3644 3049 3719 adoptio.
3100 3645 3257 3700 Tunc
3306 3645 3462 3701 enim

1878 3735 2193 3807 adoptionis
2218 3735 2449 3792 eﬁ'ectus
2475 3736 2751 3792 manifesti
2784 3736 2937 3793 ﬁent.
2976 3753 2993 3786 ι
3025 3734 3161 3790 Nam
3195 3749 3291 3805 spe
3321 3732 3461 3791 salvi

1879 3824 2008 3881 facti
2048 3841 2262 3882 sumus.
2306 3845 2324 3879 ι
2365 3825 2649 3897 Tanquam
2695 3826 2924 3881 dixisset
2967 3843 2980 3881 :
3029 3824 3164 3881 Cum
3205 3825 3390 3880 omnia
3428 3839 3463 3883 α

1878 3916 1992 3975 Deo
2022 3919 2415 3990 acceperimus,
2443 3933 2547 3973 nos
2573 3918 2745 3973 solam
2778 3917 2940 3973 ﬁdem
2976 3916 3462 3990 ipsiadduximus,

1879 4006 2039 4078 cujus
2070 4022 2265 4079 magna
2308 4022 2436 4078 pars
2478 4023 2606 4078 spes
2654 4017 2741 4063 est
2789 4007 3124 4063 futurorum.
3168 4007 3248 4063 Ne
3293 4008 3465 4077 igitur

1880 4116 2093 4172 quaeras
2122 4110 2183 4156 ut
2217 4100 2402 4156 omnia
2436 4100 2645 4171 quaevis
2675 4101 2781 4156 alia
2813 4100 2959 4160 bona
2994 4100 3093 4154 tibi
3126 4098 3217 4154 hic
3254 4099 3461 4164 adsint,

1880 4191 1979 4248 sed
2011 4205 2107 4265 spe
2143 4191 2199 4247 in
2238 4190 2488 4251 futurum
2518 4191 2773 4247 differas;
2793 4189 2952 4258 Quod
2979 4190 3028 4245 'si
3059 4190 3242 4245 omnia
3267 4188 3464 4247 adesse

1882 4284 2058 4357 cupis,
2088 4285 2199 4356 jam
2229 4300 2340 4340 non
2375 4299 2583 4357 speras.
2619 4283 2755 4341 Nam
2790 4297 2916 4354 spes
2946 4297 3070 4356 qua:
3099 4279 3321 4336 videtur
3344 4296 3459 4342 non

1882 4385 1968 4434 est
1991 4393 2118 4450 spes
2148 4395 2163 4434 :
2198 4397 2217 4431 ι
2249 4378 2308 4435 Si
2333 4393 2466 4434 vero
2493 4376 2640 4477 quod
2675 4392 2787 4433 non
2818 4375 3070 4443 videmus
3098 4388 3405 4448 speramus.
3430 4392 3455 4432 δ

1882 4471 2039 4543 Quod
2072 4471 2117 4527 si
2150 4486 2215 4527 ea
2248 4465 2538 4541 speramus
2573 4484 2694 4540 qua:
2723 4484 2833 4523 non
2867 4465 3252 4544 prospicimus,
3286 4465 3341 4520 in
3372 4476 3459 4519 to.

3290 4571 3464 4629 porro

1881 4655 2226 4713 tolerantiam
2262 4669 2385 4711 esse
2422 4654 2764 4726 potissimam
2804 4650 3025 4708 virtutis
3070 4657 3285 4720 partem
3330 4663 3457 4707 om-

1880 4746 2015 4804 nino
2045 4745 2402 4802 manifestum
2434 4754 2539 4802 est.
2568 4745 2760 4816 Itaque
2798 4759 2924 4819 spes
2954 4752 3011 4798 et
3042 4741 3205 4799 ﬁdem
3235 4749 3293 4800 et
3321 4740 3460 4799 tole‘

1881 4839 2116 4894 rantiam
2146 4838 2454 4909 producere
2488 4846 2616 4892 nata
2647 4845 2749 4892 est.

1951 4928 2114 5006 312
2141 4928 2274 4991 νιη,
2290 4928 2383 4996 26,
2402 4929 2493 4983 27.
2514 4927 2771 4983 Similiter
2783 4935 2834 4980 et
2850 4924 3084 4996 Spiritus
3101 4940 3208 4979 una
3227 4922 3461 4979 auxilia.

1883 5030 1971 5082 tur
1984 5022 2341 5091 inﬁrmatibus
2354 5022 2567 5075 nostris.
2582 5018 2856 5091 Siquidem
2873 5021 2966 5074 hoc
2981 5020 3173 5090 ipsum,
3186 5019 3325 5088 quod
3336 5032 3462 5070 ora-

1882 5116 1991 5170 turi
2014 5116 2180 5171 simus
2206 5120 2265 5169 ut
2294 5121 2519 5185 Oportet,
2547 5128 2651 5171 non
2680 5113 2950 5171 novimus:
2972 5110 3063 5165 sed
3092 5112 3204 5181 ipse
3227 5108 3462 5179 Spiritus

1880 5211 2214 5266 uehementer
2240 5204 2517 5260 intercedit
2551 5220 2646 5275 pro
2676 5203 2820 5258 nobis
2856 5201 3134 5277 gemitibus
3171 5201 3462 5253 inenarra-

1881 5299 2091 5354 bitibus.
2117 5296 2221 5364 Qui
2245 5306 2422 5353 autem
2446 5306 2719 5352 scrutatur
2738 5297 2920 5360 corda,
2949 5295 3087 5353 novit
3112 5293 3228 5363 quis
3250 5292 3317 5347 sit
3343 5307 3463 5345 sen—

1881 5407 1972 5444 sus
2003 5389 2234 5460 Spiritus
2259 5406 2278 5445 :
2299 5390 2550 5463 quoniam
2564 5388 2847 5449 secundum
2874 5387 3041 5440 Deum
3064 5384 3333 5439 intercedit
3364 5397 3461 5453 pro

1878 5484 2097 5540 sanctis.

1951 5573 2143 5644 Neque
2187 5571 2476 5629 arbitreris
2513 5587 2678 5641 super
2723 5568 3015 5624 tolerantia
3060 5565 3293 5620 nimium
3337 5574 3460 5616 esse

1882 5662 2241 5720 laborandum
2268 5679 2283 5718 :
2314 5678 2421 5717 non
2456 5663 2603 5716 enim
2634 5667 2685 5715 te
2715 5659 2856 5716 sinet
2885 5656 3123 5728 Spiritus
3147 5649 3459 5721 defatigari,

1882 5752 1978 5809 sed
2005 5751 2070 5808 ad
2100 5754 2202 5807 hoc
2231 5752 2329 5806 tibi
2358 5750 2463 5807 erit
2489 5750 2727 5813 auxilio;
2759 5747 2958 5807 inﬁrmi
2985 5744 3131 5799 enim
3163 5754 3377 5803 sumus,
3404 5746 3464 5793 et

1886 5860 2065 5915 neque
2089 5844 2434 5901 tolerantiam
2461 5850 2719 5912 precstarc
2747 5855 3039 5910 possumus
3061 5838 3269 5909 absque
3293 5838 3466 5910 Stiriv
