3978 6578
258 417 342 480 493
1231 404 1621 467 COMMENT.
1651 405 1732 464 IN
1761 405 1998 466 EPIST.
2046 405 2138 466 AD
2169 406 2352 467 ROM.
3331 395 3433 459 {9i

258 529 408 600 φησὶν,
438 522 566 594 ἡμᾶς
590 519 892 588 προήσεται
922 518 949 570 6
980 515 1203 580 026;,6;
1237 517 1295 568 οὐ
1321 515 1481 584 μόνον
1506 513 1600 567 τοῦ
1630 513 1759 567 Υἱοῦ

1883 517 2167 586 mpulique
2197 533 2260 571 ac
2283 515 2543 586 praefecti,
2578 527 2768 568 omnes
2803 510 3074 582 siquidem
3095 507 3434 566 insidiaban-

253 616 388 673 αὐτοῦ
440 610 773 681 συμμόρφους
820 609 1074 678 ἐποίησεν
1140 607 1276 660 ἀλλὰ
1331 609 1424 660 καὶ
1477 606 1760 659 ἐδικαίωσε

1883 625 1954 661 .ur
1978 608 2268 672 ﬁdelibus;
2305 609 2440 664 dicit
2475 609 2623 678 quod
2663 616 2858 676 potens
2900 616 2985 661 est
3014 605 3161 660 Deus
3213 603 3438 658 insidias

257 711 328 764 xui
351 707 558 772 ὲδὸξασε,
587 704 676 755 καὶ
703 702 761 755 οὐ
799 701 954 754 τοῦτο
980 701 1160 769 μόνον,
1183 699 1326 752 ἀλλὰ
1375 701 1468 753 καὶ
1499 699 1590 752 τὸν
1637 701 1764 752 Υίὸν

1883 714 1987 766 luat
2017 699 2444 754 suntadvcrsum
2477 713 2578 753 nos
2607 696 2821 752 efﬁcere
2845 696 3165 752 occasiones
3191 694 3441 764 prmmio-

251 803 414 856 ἔδωκεν
429 796 554 866 ὑπὲρ
576 797 604 864 ἡ
613 795 725 864 μῶν
777 795 1015 859 πάντων,
1062 793 1215 862 φησὶ,
1273 793 1366 846 καὶ
1399 791 1760 862 ἁμαρτωλῶν,

1883 804 1989 841 rum
2024 790 2247 843 :nullus
2287 805 2420 860 ergo
2455 797 2648 845 contra
2704 802 2807 843 nos
2833 786 2960 843 erit.
3001 805 3019 837 t
3074 785 3179 852 Qui
3213 784 3440 856 proprio

251 887 580 952 καὶτελωνῶν,
639 885 732 939 καὶ
789 884 1055 957 πόρνων;
1112 885 1174 937 Ei
1239 884 1327 938 τὸν
1369 885 1516 950 Υίὸν,
1578 884 1762 954 φησὶν,

1883 879 2006 932 Filio
2062 895 2170 932 non
2208 880 2470 950 pepercit.
2507 898 2524 929 ι
2557 877 2842 945 Quomodo
2869 893 3022 949 ergo,
3059 877 3257 947 inquit,
3305 876 3444 946 abji-

248 984 414 1034 ἐδωκεν
440 981 512 1040 εἰς
542 978 763 1029 θάνατον
802 977 829 1028 6
891 976 1101 1046 Πατὴρ,
1122 977 1174 1028 τί
1207 976 1289 1029 δεῖ
1320 976 1448 1046 περὶ
1469 975 1578 1027 τῶν
1591 973 1766 1027 ἄλλων

1883 972 1978 1026 :iet
2010 988 2109 1027 nos
2129 973 2293 1037 Deus,
2319 973 2410 1043 qui
2442 988 2552 1026 non
2611 972 2774 1027 modo
2801 970 3115 1026 conformes
3149 970 3286 1024 Filio
3341 985 3442 1025 suo

248 1067 595 1137 ἅμφιὸἀλ).ειν;
634 1064 692 1119 '0
713 1066 820 1136 γάρ
842 1067 902 1120 τὸ
933 1067 1072 1136 μέγα
1128 1067 1273 1130 δοὺς,
1336 1067 1427 1118 καὶ
1455 1065 1516 1118 τὸ
1546 1065 1768 1120 ἔλαττον

1883 1065 2133 1128 reddidit,
2169 1080 2358 1119 verum
2391 1064 2558 1120 etiam
2609 1063 2930 1134 justiﬁcavit
2955 1073 3012 1118 et
3064 1061 3390 1134 gloriﬁcavit
3427 1081 3440 1116 :

246 1161 394 1213 δώσει.
418 1179 433 1210 t
457 1159 542 1220 Τίς
571 1158 876 1225 ἐγκαλέσει;
911 1178 928 1209 ι
960 1158 1154 1211 Πολλοὶ
1191 1158 1408 1221 ἀσεϐεῖς
1459 1159 1771 1228 ἐμέμφοντο

1883 1172 1974 1212 nec
2010 1157 2063 1211 id
2106 1158 2306 1220 solum,
2331 1156 2428 1210 sed
2449 1164 2507 1210 et
2534 1156 2731 1210 Filium
2765 1171 2863 1225 pro
2886 1156 3043 1210 nobis
3073 1154 3330 1210 omnibus
3354 1154 3446 1209 de-

245 1254 333 1312 τοῖς
353 1250 659 1303 πιστεύουσι.
695 1250 864 1320 Φησὶν
899 1245 993 1302 οὖν
1028 1266 1041 1281 ·
1071 1251 1167 1313 Τις
1199 1249 1382 1313 ἱκανὸς
1407 1249 1705 1317 ἐγκαλέσαι
1735 1249 1768 1320 ἢ

245 1341 523 1410 μέμψασθαι
557 1343 664 1402 τοῖς
697 1341 804 1394 ὑπὸ
837 1340 974 1394 Θεοῦ
1001 1341 1305 1412 ἐκλεχθεῖσι
1339 1358 1354 1407 ;
1383 1342 1493 1394 Καὶ
1515 1341 1642 1411 ὅρα,
1668 1341 1770 1394 οὐκ

243 1426 370 1483 εἶπεν
396 1430 596 1494 Δούλοις
618 1431 776 1498 Θεοῦ,
811 1432 843 1501 ἢ
870 1433 1111 1495 Πιστοῖς,
1143 1431 1280 1485 ἀλλά
1315 1451 1333 1483 t
1375 1432 1705 1497 Ἐκλεκτοῖς,
1745 1451 1762 1484 ι

1873 1247 1955 1301 dit
2004 1258 2061 1303 et
2106 1247 2421 1318 publicanis
2468 1256 2527 1302 et
2567 1247 2958 1318 peccatoribus
2991 1262 3056 1303 ac
3090 1246 3444 1302 fornicariis?

1872 1339 2028 1406 Quod
2064 1341 2110 1394 si
2143 1341 2367 1406 Filium,
2418 1341 2620 1410 inquit,
2651 1339 2805 1394 dedit
2851 1338 2920 1393 ad
2973 1348 3206 1393 mortem
3263 1337 3442 1399 Pater,

1873 1433 2004 1504 quid
2027 1432 2095 1488 de
2123 1433 2351 1503 reliquis
2379 1433 2660 1503 ambigere
2683 1442 2904 1501 oportet
2929 1432 2951 1484 ?
2988 1429 3090 1498 Qui
3122 1431 3270 1485 enim
3297 1431 3447 1487 dedit

242 1521 444 1592 ἐπαίρων
471 1522 527 1576 τὸ
543 1523 777 1594 ἀξίωμα.
822 1543 840 1575 t
880 1524 1012 1589 Θεὸς
1046 1527 1074 1579 6
1103 1525 1351 1578 δικαιῶν.
1396 1543 1415 1577 ι
1444 1526 1558 1578 Οὐκ
1595 1520 1770 1592 εἶπεν,

1883 1527 2023 1596 quod
2058 1541 2314 1596 magnum
2347 1533 2453 1590 est,
2480 1525 2634 1578 dabit
2666 1525 2856 1593 utique
2878 1530 2936 1578 et
2959 1523 3107 1593 quod
3132 1524 3316 1579 minus
3340 1533 3444 1579 est.

248 1613 296 1668 Ὀ
321 1615 458 1682 ἀφεὶς
485 1615 779 1684 ἁμαρτίας,
823 1616 959 1670 ἀλλὰ
991 1617 1051 1669 τὸ
1080 1617 1280 1687 μεῖζον,
1315 1635 1333 1668 ‹
1381 1615 1439 1668 '0
1476 1616 1720 1671 δικαιῶν.
1747 1636 1765 1667 ι

1883 1638 1900 1669 ι
1936 1618 2070 1685 Quis
2099 1616 2421 1673 accusabit?
2450 1637 2467 1668 ι
2499 1615 2652 1670 Multi
2683 1614 2836 1684 impii
2859 1612 3190 1669 accusabant
3215 1614 3446 1670 creden-

239 1723 332 1757 -t
365 1706 450 1768 Ti;
474 1709 499 1759 6
533 1708 882 1778 κατακρίνων
916 1726 930 1773 ;
972 1727 990 1760 ι
1030 1709 1200 1762 Ὅταν
1226 1711 1334 1780 γὰρ
1363 1713 1390 1764 6
1419 1710 1551 1773 Θεὸς
1603 1711 1771 1782 ψήφῳ

1883 1722 1980 1768 les.
2012 1713 2159 1767 Dicit
2213 1726 2384 1782 ergo:
2417 1709 2553 1777 Quis
2601 1708 2834 1763 idoneus
2871 1716 2956 1763 est
2994 1716 3054 1761 ut
3095 1715 3318 1762 accuset
3357 1717 3452 1762 aut

237 1801 336 1852 τινὰ
369 1800 531 1870 οἰκείᾳ
583 1800 874 1872 δικαιώσῃ,
908 1801 992 1864 τίς
1021 1803 1048 1854 6
1075 1804 1422 1873 κατακρίνων
1449 1819 1464 1868 ;
1500 1803 1565 1854 Τί
1593 1803 1647 1856 δέ
1679 1805 1774 1856 καὶ

1883 1803 2170 1873 redarguat
2200 1817 2295 1857 eos
2324 1802 2418 1871 qui
2452 1817 2481 1855 a
2502 1801 2615 1855 Deo
2635 1808 2769 1870 sunt
2816 1798 2976 1854 electi
3001 1797 3026 1852 ?
3049 1799 3115 1853 Et
3142 1797 3268 1852 vide
3303 1799 3449 1868 quod

239 1891 539 1960 κατακρίνω-ι
592 1892 840 1960 ὠφελεῖς
889 1892 948 1945 τὸ
1013 1894 1068 1945 δὲ
1129 1894 1500 1960 κατακρίνων
1542 1894 1617 1957 ὡς
1682 1896 1774 1947 ἐπὶ

1883 1911 1988 1949 non
2011 1866 2211 1948 dixerit
2243 1913 2256 1948 :
2291 1866 2492 1948 servos
2524 1866 2644 1956 Dei,
2676 1899 2772 1945 aut
2805 1889 3114 1956 credentes,
3147 1889 3243 1945 sed
3275 1906 3294 1940 ι
3323 1866 3452 1943 Eie-

235 1983 578 2052 ἁμαρτήμασι.
633 2003 652 2035 t
694 1986 930 2054 Χριστὸς
991 1984 1299 2042 ἀποθανών.
1341 2005 1359 2037 ι
1405 1987 1540 2040 Κατ’
1571 1986 1778 2057 ἐρώτη·

237 2089 303 2124 σιν
327 2074 443 2126 αὐτὸ
499 2079 757 2144 προάγει,
825 2077 902 2140 ὡς
953 2077 1368 2148 ἀναντιρρήτων
1426 2078 1615 2131 ὄντων.
1656 2097 1673 2128 t
1719 2078 1778 2131 Ὀ

235 2164 504 2219 ἀποθανών.
539 2185 556 2218 ι
597 2168 724 2232 Τίς,
777 2169 965 2239 φησὶν,
1022 2171 1050 2222 6
1103 2169 1472 2240 κατακρίνων,
1517 2169 1611 2222 τοῦ
1679 2171 1778 2240 μὲν

235 2253 508 2324 Πνεύματος
577 2261 1226 2331 συναντιλαμόανομένου
1280 2263 1401 2324 ταῖς
1473 2261 1780 2324 ἀσθενείαις

233 2341 380 2410 ήμῶν,
450 2345 539 2399 τοῦ
591 2347 656 2401 δὲ
722 2349 935 2418 Πατρὸς
979 2349 1337 2415 δικαιοῦντος,
1394 2349 1491 2402 τοῦ
1552 2350 1609 2402 δὲ
1649 2350 1777 2403 Υἱοῦ

232 2431 349 2505 ὑπὲρ
371 2436 518 2506 ἡμῶν
562 2439 935 2503 ἀποθανόντος
969 2458 983 2507 ;
1036 2440 1144 2504 Οὓς
1178 2442 1288 2511 γὰρ
1322 2441 1544 2511 ήΤριάς
1588 2442 1780 2496 ἀπεδι-

230 2526 425 2593 καίωσε,
475 2531 606 2594 τίςδ
652 2533 1002 2602 κατακρίιων
1035 2549 1050 2595 ;
1084 2561 1146 2571 οσ-
1187 2530 1622 2603 [ΟΙΚΟΥΜΕΝ.]
1672 2531 1780 2586 Καὶ

229 2615 348 2670 οὕτω
372 2619 491 2692 δύνῃ
526 2623 625 2692 νοῆ
637 2641 746 2682 σαι,
776 2623 850 2686 ὡς
879 2624 1016 2695 πρὸς
1035 2624 1094 2677 τὸ
1124 2623 1264 2677 κατά
1295 2623 1428 2676 πόδα
1445 2623 1540 2676 τοῦ
1571 2621 1735 2694 ῥητοῦ
1761 2639 1778 2655 ·

227 2704 590 2783 ΕὶτὸΠ-ιεῦμα,
614 2715 810 2786 φησὶν,
832 2715 1306 2784 ἀντιλαμϐάνεται,
1338 2717 1387 2768 εί
1407 2717 1435 2768 ὁ
1459 2715 1647 2786 Πατὴρ
1668 2715 1780 2769 ἐδι-

225 2799 424 2865 καίωσε,
445 2807 524 2867 τίς
544 2807 571 2858 6
604 2809 942 2876 κατακρῖναι
973 2807 1308 2878 δυνάμενος;
1361 2806 1776 2874 Ύπολείπεται,

226 2891 384 2960 φησιν,
405 2894 432 2947 6
458 2895 612 2958 Υἰῦς.
665 2897 725 2951 Ὀ
759 2897 883 2960 Υἱὸς
905 2894 1023 2964 οὖν,
1055 2899 1244 2968 φησὶν,
1276 2897 1390 2968 ἔχει
1429 2900 1778 2968 κατακρῖναι,

225 2980 375 3036 καίτοι
404 2986 664 3042 τοσοῦτον
708 2989 920 3061 ἀγαπᾷ,
946 2990 1020 3055 ὡς
1044 2991 1140 3044 καὶ
1171 2990 1402 3044 θάνατον
1442 2989 1780 3062 αἱρήσασθαι

225 3073 343 3147 ὑπὲρ
373 3078 543 3148 ἡμῶν,
575 3083 680 3136 καὶ
709 3083 783 3136 ὣν
817 3086 874 3136 ἐν
896 3081 1046 3154 δεξιᾷ
1080 3083 1176 3137 τοῦ
1205 3084 1444 3152 Πατρδς,
1471 3083 1664 3147 xciet;
1681 3083 1781 3154 τὴν

1878 1995 2016 2051 clos,
2059 2005 2076 2038 ι
2115 1985 2438 2056 dignitatem
2470 1984 2760 2039 extollens.
2797 2002 2814 2032 ι
2852 1982 2997 2036 Deus
3025 1987 3109 2036 est
3135 1979 3232 2050 qui
3254 1977 3454 2050 justiﬁ—

1879 2088 1988 2154 cat.
2041 2098 2058 2130 ι
2107 2079 2348 2133 Rursum
2385 2092 2493 2131 non
2523 2076 2599 2130 ait
2631 2093 2644 2128 :
2675 2074 2777 2142 Qui
2823 2081 3046 2144 peceata
3099 2071 3328 2137 dimisit,
3357 2072 3451 2126 sed

1878 2172 2027 2242 quod
2060 2171 2236 2242 majus
2288 2178 2394 2234 est,
2431 2188 2448 2217 ι
2488 2167 2594 2233 Qui
2635 2165 2916 2237 iustiﬁcat.
2965 2183 2983 2216 ι
3016 2194 3088 2204 -
3121 2181 3140 2214 t
3175 2161 3310 2229 Quis
3361 2161 3452 2215 ille

1877 2264 1969 2332 qui
1995 2261 2372 2317 condemnet?
2409 2280 2426 2311 ι
2459 2259 2594 2315 Cum
2613 2258 2762 2314 enim
2797 2258 2942 2312 Deus
2970 2255 3193 2327 propria
3225 2263 3449 2310 senten-

1882 2355 1954 2410 tia
1986 2354 2300 2424 quempiam
2336 2351 2746 2424 justiiiraverit,
2785 2348 2910 2420 quis
2933 2348 3086 2403 illum
3121 2346 3456 2403 condemna-

1878 2447 2004 2502 bit?
2039 2446 2196 2513 Quod
2233 2445 2277 2500 si
2309 2444 2475 2498 etiam
2501 2440 2971 2509 condemnaverit,
2998 2439 3131 2510 quid
3164 2439 3457 2511 proderit?

1877 2540 1981 2606 Qui
2035 2539 2369 2595 condemnat
2423 2545 2644 2600 autem,
2712 2543 2972 2604 tanquam
3033 2548 3134 2604 pro
3189 2532 3451 2604 peccatis.

1886 2651 1904 2684 ι
1944 2631 2197 2687 Christus
2229 2629 2323 2700 qui
2351 2638 2605 2683 mortuus
2653 2635 2759 2682 est.
2795 2647 2813 2678 ι
2844 2624 3160 2682 Secundum
3207 2625 3457 2680 interro«

1880 2723 2154 2793 gationem
2183 2721 2328 2777 idem
2349 2720 2625 2791 producit,
2664 2727 2926 2788 tanquam
2975 2717 3030 2773 in
3060 2716 3149 2774 his
3173 2731 3297 2788 quae
3327 2724 3459 2772 sunt

1883 2813 2304 2886 irrefragabilia.
2339 2831 2358 2864 t
2392 2812 2496 2878 Qui
2529 2820 2783 2866 mortuus
2811 2819 2916 2866 est.
2969 2829 2987 2862 ι
3038 2808 3193 2877 Quis,
3251 2807 3455 2878 inquit,

1882 2906 1993 2971 ille,
2047 2907 2139 2976 qui
2179 2905 2510 2960 condemnet
2541 2918 2669 2958 cum
2705 2901 2945 2972 Spiritus
2978 2899 3275 2956 auvilictur
3305 2897 3458 2953 infir-

1882 2996 2166 3051 mitatibus
2183 2995 2408 3058 nostris,
2441 2995 2602 3051 Pater
2621 3002 2804 3048 autem
2822 2991 3105 3064 justiﬁcct,
3132 2989 3306 3046 Filius
3325 3004 3458 3044 vero

1882 3104 1984 3158 pro
2012 3088 2173 3143 nobis
2200 3097 2457 3144 mortuus
2491 3088 2562 3143 sit
2589 3088 2612 3141 ?
2645 3087 2779 3142 Nam
2817 3101 2956 3156 quos
2984 3084 3228 3140 Trinitas
3254 3082 3454 3155 justiﬁ-

226 3163 342 3220 ίδίαν
395 3172 716 3228 ἐπανελθὼν
762 3174 948 3240 δόξαν,
1004 3175 1106 3228 οὐκ
1161 3173 1438 3229 ἐπαύσατο
1488 3175 1589 3244 τῆς
1646 3173 1777 3245 πρὸς

226 3255 247 3274 ,ι
299 3257 322 3274 ε
405 3261 418 3274 ο
479 3262 492 3274 .
719 3265 792 3274 η-
822 3266 831 3274 -
976 3267 986 3274 -
1295 3267 1308 3274 ·
1357 3269 1377 3274 -·
1458 3267 1470 3274 “
1559 3266 1602 3274 ⁵·
1691 3267 1702 3274 ⁵

1888 3181 2052 3245 cavit,
2083 3181 2337 3250 quisnam
2369 3178 2806 3250 condemnabit?
2835 3179 2995 3233 Potes
3022 3184 3079 3231 et
3137 3175 3243 3231 hoc
3293 3174 3456 3230 modo

224 3255 350 3326 ἡμᾶς
394 3261 644 3334 ἀγάπης,
708 3265 844 3319 ἀλλά
905 3267 998 3319 καὶ
1064 3267 1378 3335 παρακαλεῖ
1423 3267 1514 3319 τὸν
1559 3266 1778 3334 Πατέρα

223 3345 342 3416 ὖπέρ
361 3352 529 3422 ἡμῶν.
550 3357 592 3408 Τ
595 3355 733 3410 οὖτο
753 3359 862 3429 γὰρ
885 3359 944 3412 τὸ
963 3357 1433 3429 ἐντυγχάνουσι.
1452 3358 1562 3426 Τὴν
1585 3357 1642 3410 δὲ
1667 3373 1774 3411 πα-

221 3441 461 3516 ράκλησιν
505 3449 687 3513 οὕτως
739 3451 849 3504 νόει
878 3468 895 3485 ο
949 3451 1099 3522 αὐτῷ
1155 3451 1232 3522 τῷ
1273 3451 1772 3523 ἐνηνθρωπηκέναι,

220 3540 502 3605 παρακαλεῖ
543 3545 647 3597 τὸν
707 3545 928 3613 Πατέρα
959 3544 1097 3614 ὑπὲρ
1118 3543 1293 3615 ἡμῶν.
1358 3586 1360 3588 τ

1887 3273 2221 3343 intelligere,
2254 3281 2314 3326 ut
2339 3273 2406 3326 ad
2428 3272 2479 3326 id
2519 3273 2665 3341 quod
2691 3259 2853 3326 modo
2884 3271 3092 3325 dictum
3116 3277 3202 3324 est
3230 3282 3456 3336 respon-

1886 3363 2013 3418 deat
2049 3383 2061 3417 :
2097 3363 2150 3418 Si
2183 3364 2421 3434 Spiritus
2463 3364 2780 3429 auxiliatur,
2827 3363 2870 3418 si
2904 3363 3066 3418 Pater
3111 3357 3455 3432 justiﬁcavit.

1887 3454 2012 3523 quis
2044 3462 2241 3524 potens
2267 3465 2352 3509 est
2397 3455 2814 3510 condemnare?
2845 3453 3219 3522 Relinquitur,
3253 3449 3454 3520 inquit,

1887 3544 2079 3610 Filius,
2108 3545 2278 3602 Filius
2319 3546 2486 3617 igitur
2541 3547 2911 3602 condemnare
2946 3552 3148 3616 potest.
3202 3541 3365 3612 Atqui
3400 3543 3454 3595 in

221 3631 407 3684 tantum
451 3635 656 3691 dilexit
687 3645 749 3690 ut
783 3652 884 3705 pro
934 3637 1099 3692 nobis
1153 3643 1384 3690 mortem
1435 3636 1666 3706 elegerit
1703 3654 1715 3689 :
1753 3650 1990 3706 cumque
2022 3637 2184 3693 modo
2216 3638 2287 3694 sit
2323 3640 2379 3692 in
2437 3638 2661 3693 dextera
2725 3637 2904 3692 Patris
2927 3645 2983 3694 et
3045 3637 3115 3692 ad
3181 3637 3458 3708 propriam

217 3726 420 3782 redierit
472 3732 740 3801 gloriam.
789 3733 962 3788 nostri
1015 3732 1368 3786 dilectionem
1422 3747 1771 3802 nequaquam
1809 3732 2056 3802 reliquit,
2086 3733 2184 3788 sed
2244 3742 2300 3789 et
2359 3735 2499 3804 apud
2550 3735 2766 3789 Patrem
2801 3749 2901 3806 pro
2943 3733 3109 3792 nobis
3145 3733 3458 3790 intercedit.

217 3815 329 3871 Nam
367 3819 468 3876 hoc
501 3833 589 3878 est
616 3825 769 3894 quod
796 3825 1048 3895 sequitur
1069 3824 1404 3896 ἐντυγχάνει.
1468 3824 1630 3895 317
1689 3825 1780 3881 Sic
1856 3835 2040 3882 autem
2093 3825 2545 3883 intercessionem
2582 3829 2698 3883 sive
2734 3828 3152 3884 advocationem
3195 3828 3459 3902 intellige.

215 3921 264 3966 ut
287 3928 378 3982 per
413 3917 517 3973 hoc
537 3921 698 3988 quod
723 3920 1126 3975 humanitatem
1184 3919 1512 3990 susceperit,
1540 3921 1757 3976 Patrem
1850 3923 2205 3993 interpellare
2254 3924 2473 3979 dicatur
2536 3940 2635 3994 pro
2692 3924 2872 3979 nobis.

278 4027 296 4060 θ
331 4013 422 4075 ’ος
447 4016 541 4066 καὶ
587 4015 746 4069 ἐστιν
801 4017 858 4067 ἐν
899 4016 1051 4087 δεξιᾷ
1098 4015 1192 4068 τοῦ
1233 4015 1390 4071 Θεοῦ.
1432 4033 1452 4068 ι
1499 4017 1616 4069 Ἵνα
1668 4019 1778 4088 γὰρ

216 4098 278 4170 μὴ
329 4101 635 4160 ἐλάττωσιν
675 4107 774 4176 τὴν
836 4107 1087 4176 ἐντυχίαν
1147 4107 1407 4178 νομίσῃς,
1469 4106 1582 4168 θεὶς
1633 4109 1783 4178 πρῶ-

215 4206 292 4243 τον
337 4196 432 4267 τὴν
479 4199 785 4268 ίσατεμίαν,
832 4200 893 4252 τὸ
936 4196 1076 4253 εἶναι
1133 4203 1189 4252 ἐν
1251 4199 1406 4270 δεξιᾷ
1462 4198 1555 4252 τοῦ
1620 4198 1780 4266 Θεοῦ,

214 4282 363 4348 οὕτως
440 4286 567 4344 εἷπε
667 4292 728 4344 τὸ
775 4292 1166 4362 ἐντυγχάνει,
1218 4291 1390 4358 δεῖξαι
1448 4291 1617 4344 Θέλων
1683 4291 1782 4364 τὴν

216 4369 453 4446 διάπυρον
483 4384 737 4454 ἀγάπην.
767 4385 842 4437 Οὐ
864 4384 973 4456 γὰρ
1007 4385 1082 4447 ὡς
1115 4384 1277 4447 αὐτὸς
1311 4382 1556 4438 ἀσθενῶν
1586 4390 1782 4450 σῶσαι,

214 4461 366 4520 δεῖται
385 4471 476 4524 τοῦ
513 4475 757 4545 Πατρὸς,
781 4476 986 4543 ἄπαγε.
1017 4495 1035 4528 t
1053 4478 1149 4540 Ὃς
1175 4477 1270 4529 καὶ
1297 4476 1614 4546 ἐντυγχάνει
1642 4477 1739 4530 ὑπέ
1748 4496 1781 4549 ρ

1965 4039 1983 4071 ‹
2032 4019 2134 4086 Qui
2179 4028 2266 4074 est
2313 4018 2382 4073 ad
2418 4019 2697 4073 dexteram
2736 4019 2856 4073 Dei.
2901 4037 2919 4069 ι
2953 4017 3032 4073 Ne
3077 4019 3227 4072 enim
3285 4019 3431 4075 inter

1889 4115 2192 4168 cessionem
2250 4111 2543 4167 arbitreris
2610 4111 3038 4167 minorationem
3100 4111 3282 4182 posita
3348 4111 3462 4182 pri-

1888 4224 2038 4262 mum
2095 4207 2322 4260 honoris
2387 4204 2719 4276 aequalitate,
2788 4203 3024 4260 dicendo
3069 4203 3216 4274 quod
3269 4203 3343 4260 sit
3407 4204 3463 4258 in

1889 4301 2116 4354 dextera
2174 4297 2397 4364 Patris,
2461 4297 2534 4351 ita
2593 4294 2894 4367 subiungit.
2949 4294 3294 4361 lntercedit,
3359 4309 3460 4349 vo-

1883 4394 2002 4447 lens
2045 4391 2326 4446 ardentem
2376 4389 2668 4445 ostendere
2721 4388 3115 4444 dilectionem:
3160 4403 3270 4443 non
3314 4387 3461 4442 enim

1889 4493 2146 4553 tanquam
2174 4482 2463 4537 imbecillis
2499 4469 2564 4536 ad
2592 4479 2911 4536 salvandum
2947 4490 3070 4551 eget
3098 4479 3274 4534 Patris
3305 4480 3463 4533 auxi-

212 4553 398 4653 ἡμῶἣύ
419 4564 812 4640 -[ΚΥΡΙΛ.]
874 4568 964 4631 Ὠς
990 4568 1124 4638 πρὸς
1151 4569 1210 4621 τὸ
1241 4568 1585 4639 ἀνθρώπινον
1621 4569 1774 4640 εἴρη-

1887 4577 1982 4631 lio.
2010 4575 2186 4630 Absit.
2214 4594 2232 4627 t
2255 4575 2357 4642 Qui
2403 4574 2568 4630 etiam
2599 4572 2907 4630 intercedit.
2939 4591 2957 4624 ι
2991 4601 3058 4612 —
3085 4572 3365 4641 Tanquam
3396 4572 3462 4624 ad

207 4661 305 4711 ται,
333 4651 410 4705 δτι
432 4656 735 4728 ἀρχιερεὺς
758 4653 846 4728 ἦν,
885 4678 904 4709 ι
934 4659 1004 4712 Σὺ
1041 4660 1219 4728 ἱερεὺς
1271 4661 1352 4722 εἰς
1393 4658 1482 4712 τὸν
1513 4659 1709 4713 αἰῶνα.
1749 4679 1767 4712 ι

208 4763 269 4774 -
291 4739 484 4816 [ΦΩΤ.]
510 4749 628 4818 Τῆες
648 4749 707 4802 δὲ
741 4750 1031 4820 Κυριακῆς
1073 4749 1292 4821 ἐκείνης
1324 4752 1510 4822 φωνῆς
1537 4752 1630 4806 τὸν
1649 4752 1775 4805 νοῦν

207 4829 424 4889 ἐνταῦθα
451 4838 614 4909 δηλοῖ
670 4842 765 4895 καὶ
801 4842 1195 4908 ὑπαινίττεται,
1227 4843 1327 4913 τῆς
1354 4845 1410 4896 ἐν
1432 4843 1587 4914 τύπῳ
1613 4843 1777 4915 εὐχῆς

206 4922 274 4992 τῷ
329 4929 502 5000 [Ia-cpt.
555 4936 1001 5008 προσαγομένης
1037 4954 1056 4987 t
1094 4937 1277 5007 Πάτερ
1305 4936 1543 5007 τήρησον
1579 4936 1778 4996 αὐτοὺς

205 5014 254 5064 ὲν
293 5023 355 5089 τῇ
401 5024 644 5097 ἀληθείᾳ
707 5044 822 5080 οουο
859 5049 877 5078 ›
926 5030 1042 5092 καὶ,
1083 5047 1102 5080 t
1150 5029 1265 5081 Ἰνα
1309 5029 1549 5098 φυλάξῃς
1581 5029 1778 5091 αὐτοὺς

204 5103 300 5158 ἀπὸ
315 5113 405 5163 τοῦ
446 5118 716 5186 πονηροῦ,
747 5137 764 5170 ι
802 5119 895 5172 καὶ
930 5121 996 5174 τά
1038 5121 1223 5191 ὃμοια.
1254 5121 1316 5173 ΕΙ
1344 5119 1437 5173 οὖν
1462 5120 1636 5182 οὕτως
1672 5123 1773 5188 κῆ⁴

201 5194 384 5256 δεταιὸ
417 5205 548 5270 Υἱὸς
606 5208 748 5263 ὥστε
804 5211 899 5266 καὶ
945 5215 1292 5283 ἐντυγχάνειν
1349 5215 1403 5284 (ἡ
1485 5212 1595 5283 γὰρ
1650 5212 1812 5264 τότε

207 5288 418 5358 ῥηθεῖσα
468 5299 613 5371 εὐχὴ
642 5302 911 5373 τοσαύτην
963 5303 1076 5374 ἔχει
1111 5305 1283 5376 ἰσχὺν,
1314 5303 1456 5357 ὥστε
1486 5305 1777 5369 διαπαντὸς

201 5385 418 5458 ἐνεργὴς
447 5388 624 5458 εἶναι,
673 5395 766 5447 καὶ
791 5396 861 5448 τά
887 5395 990 5466 τῆς
1035 5396 1285 5466 ἐντυχίας
1311 5397 1658 5467 ἀπαρτίζειν)
1679 5413 1692 5427 ·
1729 5376 1786 5449 εί.

200 5477 285 5531 οὖν
314 5483 488 5550 οὕτως
523 5485 773 5557 κήδεται,
811 5487 895 5552 τίς
942 5491 970 5540 6
998 5488 1341 5559 κατακρίνων
1373 5489 1496 5551 τοὺς
1528 5490 1587 5540 ἐν
1627 5489 1777 5558 αὐτῷ

200 5580 676 5644 πεπιστευκόταςς
704 5581 766 5636 '0
796 5581 981 5650 Πατὴρ
1010 5581 1296 5634 ἐδικαίωσε
1333 5581 1428 5633 καὶ
1447 5581 1686 5644 ἐδόξατε,
1716 5581 1776 5632 τὸ

202 5663 414 5736 Πνεῦμα
447 5672 1030 5736 συναντιλαμϐάνεται,
1067 5674 1095 5724 ὁ
1120 5671 1352 5737 Χριστὸς
1381 5671 1474 5722 καὶ
1508 5669 1775 5722 ἀπέθανεν

270 5851 312 5882 ³⁸
348 5851 496 5906 Psal.
531 5871 678 5924 (ινιτ,
711 5860 762 5913 4.
843 5861 887 5891 ³⁵
915 5859 1226 5923 Joan.xvn,
1258 5860 1344 5912 Π.
1421 5859 1465 5890 ³⁸
1489 5856 1623 5911 ibid.
1659 5856 1748 5910 l5~

1887 4670 2284 4724 humanitatem
2310 4667 2657 4738 respiciendo
2681 4667 2889 4722 dictum
2918 4675 3022 4730 est,
3052 4680 3118 4721 eo
3146 4663 3294 4733 quod
3326 4679 3464 4734 pon-

1885 4761 2017 4815 tifex
2041 4770 2198 4816 erat:
2241 4780 2260 4812 ‹
2296 4760 2378 4816 Tu
2403 4775 2462 4816 es
2488 4758 2760 4816 Sacerdos
2791 4759 2848 4812 in
2887 4765 3153 4812 aeternum
3178 4754 3245 4808 ³³.
3284 4773 3302 4806 ι
3352 4755 3462 4808 Do-

1886 4852 2102 4906 ininica:
2146 4851 2292 4906 illius
2317 4850 2468 4906 vocis
2511 4849 2850 4904 intellectum
2883 4845 3196 4901 manifestat
3229 4859 3292 4899 ac
3315 4843 3464 4898 desi-

1886 4953 2036 5014 gnat,
2094 4958 2216 5014 quae
2244 4943 2299 4997 in
2359 4943 2535 4998 forma
2591 4940 2926 5011 precationis
2972 4938 3122 4993 Patri
3179 4936 3459 4992 oﬂ'ertur:

1894 5056 1912 5087 ι
1955 5037 2134 5102 Pater,
2180 5051 2338 5091 serva
2367 5050 2464 5090 eos
2519 5049 2617 5104 per
2665 5033 2951 5088 veritatem
3002 5039 3147 5084 tuam
3188 5030 3252 5092 ³³,
3295 5048 3313 5080 ›
3349 5041 3404 5082 et
3448 5047 3459 5080 :

1891 5148 1908 5179 ι
1939 5127 2010 5183 Ut
2037 5143 2224 5183 serves
2252 5143 2348 5184 eos
2386 5141 2417 5182 a
2449 5127 2592 5180 malo
2616 5126 2682 5191 ³⁸,
2719 5143 2738 5177 ι
2783 5139 2847 5180 ac
2877 5124 3098 5177 similia.
3141 5122 3198 5177 Si
3225 5137 3354 5192 ergo
3387 5122 3462 5177 ita

1883 5215 2056 5269 nostri
2101 5229 2289 5269 curam
2336 5214 2502 5269 habet
2552 5213 2756 5278 Filius,
2799 5222 2858 5267 ut
2899 5213 3066 5266 etiam
3114 5210 3458 5266 intercedat:

1889 5322 2012 5360 nam
2048 5314 2254 5360 tantam
2280 5306 2391 5360 vim
2427 5306 2593 5362 habet
2627 5304 2768 5361 facta
2802 5315 2930 5359 tunc
2960 5303 3204 5374 precatio
3235 5313 3297 5357 ut
3320 5318 3463 5358 scm-

1887 5413 1986 5466 per
2013 5397 2082 5451 sit
2107 5395 2318 5464 eiiicax,
2347 5405 2404 5454 et
2425 5414 2549 5467 quae
2574 5397 2628 5452 in
2658 5413 2722 5452 ea
2753 5396 3108 5452 continentur
3129 5393 3460 5465 adimpleat:

1886 5489 1930 5542 si
1969 5499 2171 5543 tantam
2196 5490 2382 5558 itaque
2410 5488 2585 5543 nostri
2621 5503 2808 5543 curam
2835 5487 3022 5550 habet,
3048 5485 3172 5555 quis
3199 5499 3296 5539 eos
3323 5499 3461 5537 eon-

1883 5579 2108 5634 demnet
2128 5579 2222 5648 qui
2249 5579 2303 5634 in
2338 5579 2516 5650 ipsum
2545 5577 2937 5634 crediderunt?
2959 5578 3120 5632 Pater
3139 5574 3460 5645 justillcavit

1883 5682 1939 5727 cl.
1987 5673 2330 5745 gloriﬁcavit,
2388 5674 2626 5745 Spiritus
2683 5671 3021 5735 auxiliatur,
3073 5668 3242 5722 Filius
3292 5666 3457 5720 etiam
