3978 6548
480 384 583 447 ἔιθῦ

1529 373 1924 436 CECUMENll
1957 369 2248 430 TRICCE
2275 366 2616 427 EPISCOPI
3589 367 3672 430 496

483 513 729 559 mortuus
766 506 849 552 cst
889 511 985 567 pro
1022 495 1180 550 nobis
1222 509 1286 546 ac
1319 490 1621 546 resurrexit
1646 499 1700 542 et
1727 485 2054 548 intercedit;

2178 481 2303 550 ὓπερ
2335 481 2495 550 ἡμῶν
2525 482 2619 534 καὶ
2651 479 2846 550 ἀνέστη
2880 479 2973 531 καί
3005 477 3315 546 ἐντυγχάνει
3339 494 3351 508 ·
3384 478 3460 539 τίς
3483 479 3680 536 λοιπὺνό

480 595 607 664 quis
657 592 824 663 igitur
856 598 1078 646 accuset
1118 597 1208 642 aut
1243 586 1597 644 condemnet.
1639 590 1827 637 sancta
1870 578 2054 634 Trini-

483 695 594 739 tatc
618 698 716 737 nos
743 682 879 736 adeo
909 677 1267 750 protegente?

1063 813 1288 869 CAPUT
1332 813 1466 869 XIV.

816 927 891 980 De
911 943 1090 980 amore
1121 928 1212 997 qui
1247 925 1452 981 Christo
1479 925 1716 980 debetur.

556 1040 689 1100 VlH.
723 1039 912 1094 55-57.
947 1038 1079 1104 Quis
1113 1056 1206 1093 nos
1241 1039 1507 1109 separabit
1536 1057 1567 1092 a
1610 1036 1891 1092 dilectione
1923 1035 2062 1090 Dei?

488 1135 796 1206 afﬂictione,
849 1150 920 1188 an
970 1136 1240 1200 angustia,
1293 1150 1363 1186 an
1413 1134 1720 1202 persecutio,
1769 1148 1838 1184 an
1874 1131 2057 1199 fama.

484 1243 553 1279 an
583 1226 816 1288 auditas,
854 1242 923 1277 an
947 1224 1260 1294 periculum,
1292 1241 1360 1277 an
1387 1223 1616 1294 gladius,
1649 1224 1784 1276 sicut
1811 1223 2064 1290 scriptum

484 1324 601 1370 est:
653 1313 879 1384 Propter
917 1323 966 1366 te
1009 1315 1164 1368 morti
1211 1315 1475 1366 tradimur
1519 1321 1624 1364 toto
1675 1312 1796 1374 die;
1834 1310 2064 1380 reputati

483 1422 662 1462 sumus
693 1407 828 1460 sicut
879 1421 994 1458 ores
1046 1406 1355 1458 mactationi
1403 1405 1704 1457 destinata.
1746 1401 1847 1455 Sed
1888 1403 1942 1455 in
1986 1402 2064 1454 his

485 1499 726 1553 omnibus
753 1498 1164 1566 supervincimus
1207 1512 1300 1565 per
1325 1513 1442 1549 eum
1473 1496 1560 1563 qui
1593 1496 1773 1548 dilexit
1804 1511 1919 1548 nos.

565 1699 584 1732 i
617 1678 753 1746 Quis
777 1692 880 1734 nos
914 1676 1231 1747 separabit?
1275 1674 1489 1739 Nullus,
1523 1674 1721 1743 inquit,
1747 1688 1886 1742 quos
1916 1681 2066 1726 tanto

488 1785 675 1826 amore
709 1784 772 1825 ac
812 1767 1156 1839 providentia
1204 1766 1462 1836 dignatus
1514 1773 1596 1819 est
1643 1765 1806 1819 Deus.
1857 1781 1875 1814 ι
1909 1760 2067 1828 Quod

2163 573 2410 644 ἐγκαλῶν
2460 573 2492 642 ἢ
2551 572 2921 642 κατακρίνων,
2952 570 3052 640 τῆς
3085 571 3246 638 ἁγίας
3287 569 3505 641 Τριὰδος
3544 573 3682 638 οὕτως

2164 663 2608 736 προασπιζούσης
2634 663 2823 735 eum;

2755 795 3004 850 ΚΕΦΛΛ.
3060 795 3156 850 ΙΔ’.

2310 911 2446 980 Περὶ
2471 911 2579 980 τῆς
2617 910 3010 980 ὀφειλομένης
3059 910 3292 978 ἀγάπης
3322 909 3580 976 Χριστοῦ.

2241 1027 2334 1090 Τίς
2354 1023 2512 1094 ἡμᾶς
2531 1025 2768 1093 χωρίσει
2793 1023 2912 1078 ἀπὸ
2938 1021 3046 1088 τῆς
3061 1023 3297 1091 ἀγάπης
3315 1022 3416 1075 τοῦ
3443 1023 3664 1090 Χριστιῦ
3682 1064 3693 1082 ,

2167 1118 2397 1185 θλίψις,
2446 1116 2479 1182 ἢ
2527 1117 2919 1183 στενοχωρία,
2972 1116 3011 1182 ἢ
3059 1114 3331 1183 διωγμὸς.
3378 1113 3414 1180 ἢ
3459 1113 3696 1182 λιμόςνῆ

2170 1209 2491 1279 γυμνότης,
2528 1208 2566 1276 ἢ
2597 1207 2902 1274 κίνδυνος,
2933 1208 2970 1276 ἢ
2991 1207 3286 1277 μάχαιρα;
3317 1205 3503 1270 καθὼς
3526 1205 3696 1275 γέγρα-

2171 1318 2346 1367 πται,
2396 1301 2485 1354 ὅτι
2535 1299 2752 1354 Ἕνεκά
2801 1315 2922 1354 σου
2971 1300 3375 1368 θανατούμεθα
3425 1299 3566 1364 ὅλην·
3611 1298 3698 1363 τὴν

2171 1390 2401 1459 ’ἡμέραν
2434 1409 2448 1422 ·
2482 1391 2885 1460 ἐλογίσθημεν
2909 1391 2985 1458 ὡς
3024 1391 3286 1459 πρόϐατα
3302 1387 3564 1458 σφατῆςο
3589 1389 3702 1443 ἀλλ’

2169 1481 2239 1534 ἐν
2282 1482 2512 1547 τούτοις
2566 1480 2756 1537 πᾶσιν
2804 1479 3213 1550 ὑπερνικῶμεν
3247 1480 3344 1534 διὰ
3386 1478 3486 1532 τοῦ
3512 1479 3703 1547 ἀγαπή-

2171 1587 2397 1638 σαντος
2423 1571 2603 1640 ἡμᾶς.

2247 1661 2447 1735 [ΦΩΤ.]
2479 1684 2496 1714 i
2531 1664 2662 1731 'l'ic;
2695 1683 2712 1715 ›
2749 1663 2945 1727 οὐδεὶς,
2979 1664 3134 1735 φησὶ,
3157 1664 3284 1726 τοὺς
3323 1661 3575 1732 τοσαύτης
3594 1662 3705 1729 ἀγά-

2175 1773 2284 1824 πης
2317 1754 2413 1808 καὶ
2441 1753 2695 1823 προνοίας
2732 1755 3070 1824 ἠξιωμένους
3101 1753 3251 1823 παρὰ
3286 1751 3442 1805 Θεοῦ.
3471 1751 3558 1816 Τὸ,
3585 1771 3602 1801 i
3631 1752 3706 1812 Ti;

488 1879 638 1920 nunc
672 1862 851 1918 dicit;
900 1879 918 1911 i
976 1860 1114 1925 Quis
1151 1873 1250 1913 nos
1285 1857 1586 1928 separabit?
1620 1876 1638 1907 ι
1684 1854 1938 1925 repetitio
1985 1863 2072 1909 est

2178 1849 2321 1917 ἡμᾶς
2368 1849 2691 1919 χωρίσας-ι
2738 1847 2852 1911 τοῦ,
2909 1866 2942 1898 i.
2990 1847 3056 1898 Τί
3118 1841 3211 1899 οὖν
3269 1846 3537 1915 ὲροῠμεν;
3575 1842 3706 1895 »ἐστι

489 1955 636 2010 illius
661 1954 791 2010 dicti
820 1971 832 2006 :
871 1971 889 2004 i
931 1951 1074 2018 Quid
1101 1966 1232 2021 ergo
1257 1949 1530 2006 dicemus?
1554 1967 1571 1998 ν
1599 1946 2068 2014 Quemadmodum

487 2056 545 2102 et
575 2047 681 2102 hoc
709 2061 723 2098 :
750 2045 916 2116 318
939 2063 957 2096 i
997 2044 1140 2098 Deus
1156 2050 1242 2097 est
1269 2041 1364 2111 qui
1385 2039 1669 2111 iustiﬁcat,
1702 2039 1826 2108 quis
1856 2039 1947 2093 ille
1975 2038 2069 2108 qui

488 2137 817 2194 condemnet
841 2137 863 2190 ?
897 2155 916 2188 ι
937 2136 1084 2191 illius
1101 2133 1356 2204 repetitio
1374 2142 1460 2188 est
1484 2151 1496 2186 :
1523 2152 1540 2184 i
1563 2132 1618 2188 Si
1638 2132 1781 2186 Deus
1796 2147 1894 2202 pro
1911 2130 2070 2186 nobis

489 2231 611 2300 quis
659 2241 852 2284 contra
897 2227 1038 2284 nos?
1073 2247 1091 2279 ι
1149 2227 1494 2296 Frequenter
1552 2225 1698 2279 enim
1754 2224 2067 2294 huiusmodi

491 2337 622 2378 usus
647 2331 731 2376 est
773 2321 1074 2383 schemate,
1098 2329 1325 2390 propter
1347 2316 1755 2387 consequentiae
1775 2316 2068 2370 circuitum

489 2418 546 2462 et
571 2407 1014 2478 amplitudinem.
1049 2406 1247 2461 Nullus
1275 2404 1423 2459 enim
1469 2404 1614 2473 quod
1645 2419 1746 2472 ego
1777 2403 1946 2458 sciam
1975 2412 2072 2458 aut

492 2509 809 2554 nostrorum
853 2508 948 2554 aut
995 2506 1306 2554 exterarum
1339 2494 1799 2566 quemadmodum
1843 2509 2072 2564 magnus

493 2589 584 2646 hic
609 2591 812 2644 Paulus
842 2590 1017 2644 forma
1053 2589 1154 2643 ista
1188 2603 1322 2641 usus
1367 2595 1470 2641 est.
1505 2585 1583 2640 Ne
1630 2600 1759 2655 ergo
1791 2585 1842 2638 in
1874 2585 2074 2640 obscu-

492 2681 712 2735 ritatem
756 2694 939 2734 sermo
974 2679 1142 2734 nimis
1190 2679 1294 2748 ipsi
1325 2677 1561 2740 excidat,
1599 2676 1862 2732 adhibitis
1904 2677 2068 2731 etiam

495 2785 628 2826 usus
703 2779 787 2844 est
877 2768 1322 2838 repetitionibus.
1383 2767 1618 2820 Possunt
1677 2773 1860 2820 autem
1938 2773 1995 2820 et
2039 2782 2070 2822 a

496 2858 720 2928 proprio
746 2857 1017 2930 principio
1041 2855 1253 2912 desumi
1281 2855 1362 2910 hze
1392 2855 1696 2926 particulae,
1729 2865 1790 2908 ut
1817 2870 1924 2908 non
1959 2856 2070 2909 sint

494 2949 662 3006 veluti
700 2950 1058 3021 repetitiones
1087 2965 1278 3005 eorum
1324 2964 1444 3018 quae
1475 2948 1620 3003 dicta
1646 2957 1824 3002 erant.
1863 2967 1881 2998 i
1919 2948 2073 3002 Afﬂi—

495 3043 701 3106 ctione,
724 3058 791 3096 an
817 3043 1091 3114 angustia,
1122 3051 1259 3096 ietc.
1281 3040 1399 3095 Non
1415 3039 1551 3094 dixit
1567 3039 2069 3110 divitias,gloriam,

493 3143 551 3186 et
589 3147 932 3203 quaecunque
989 3130 1133 3202 apud
1170 3131 1422 3187 homines
1471 3130 1617 3184 bona
1665 3130 1945 3194 videntur,
1973 3130 2068 3185 sed

2173 1939 2635 2010 ἐπαναληπτικὸν,
2665 1939 2856 2009 ὥσπερ
2881 1940 2978 1992 καὶ
3007 1938 3087 2001 τὸ,
3127 1957 3145 1988 i
3177 1936 3311 1999 Θεὸς
3335 1939 3362 1990 ὁ
3387 1935 3618 1996 δικαιῶν,
3645 1936 3709 1995 τίς

2171 2033 2199 2085 ὁ
2225 2016 2648 2102 κατακρίνωνςι
2685 2034 2799 2096 τοῦ,
2837 2050 2854 2081 i
2887 2031 2948 2083 Et
3001 2031 3030 2083 ὁ
3081 2030 3215 2092 Θεὸς
3267 2028 3410 2098 ὑπὲρ
3453 2027 3617 2098 ἡμῶν,
3645 2027 3708 2090 τίς

2173 2126 2293 2180 καθ’
2329 2127 2518 2196 ήμῶνς
2548 2145 2566 2176 ι
2591 2126 2858 2196 κέχρηται
2882 2124 2992 2194 γὰρ
3015 2124 3090 2194 τῷ
3121 2122 3346 2191 τοιούτῳ
3366 2122 3590 2191 σχήματι
3608 2120 3710 2171 πολ-

2171 2218 2372 2288 λαχῶς,
2403 2218 2489 2271 διὰ
2517 2219 2617 2288 τὴν
2651 2217 2934 2286 συνέχειαν
2953 2216 3050 2284 τῆς
3082 2213 3397 2286 περιϐολῆς.
3429 2212 3601 2273 Οὐδεὶς
3626 2213 3711 2280 γὰρ

2175 2309 2359 2378 σχεδὸν
2395 2310 2495 2363 ὅσα
2521 2326 2582 2376 γε
2606 2308 2704 2376 ἐμὲ
2726 2309 2948 2370 εἰδέναι,
2979 2307 3104 2360 οὗτε
3136 2306 3243 2358 τῶν
3270 2303 3397 2358 καθ’
3429 2304 3585 2373 ἡμᾶς,
3612 2301 3709 2354 οὕτε

2173 2402 2281 2454 τῶν
2321 2401 2577 2471 θύραθεν,
2628 2405 2694 2470 τῇ
2749 2401 2863 2470 ἰδέᾳ
2912 2399 3084 2470 ταύτῃ
3134 2399 3208 2461 ὡς
3253 2401 3283 2451 ὁ
3335 2398 3504 2467 μέγας
3537 2395 3712 2456 Παῦλος

2172 2494 2464 2563 ἐχρήσατο.
2495 2492 2611 2546 Ἵνα
2633 2489 2728 2546 οὖν
2767 2491 2844 2562 μὴ
2876 2494 2956 2556 εἰς
2979 2492 3039 2544 τὸ
3087 2491 3297 2558 ἀσαφὲς
3319 2488 3466 2551 αύτῷ
3495 2489 3712 2541 ἐκπίπτοι

2171 2586 2292 2638 λίαν
2331 2588 2359 2638 ὁ
2386 2585 2564 2652 λόγος,
2592 2587 2684 2638 κα)⁸
2727 2588 2846 2647 ταῖς
2901 2583 3272 2651 ὲπαναλήψεσι
3320 2580 3711 2653 προσεχρήσατο.

2172 2677 2404 2731 Δύναται
2437 2677 2493 2730 δὲ
2524 2677 2620 2729 καὶ
2644 2676 2718 2739 ὡς
2749 2676 2857 2729 ἀπὸ
2888 2675 3019 2736 ιδίας
3054 2675 3228 2744 ἀρχῆς
3265 2674 3335 2726 τὰ
3363 2672 3532 2743 χωρία
3573 2669 3714 2723 ταῦτα

2172 2768 2452 2838 εἰλῆφθαι,
2477 2768 2574 2821 καὶ
2612 2768 2685 2838 μὴ
2725 2767 2797 2829 ὡς
2826 2765 3244 2836 ἐπαναληπτικὰ
3286 2765 3397 2816 τῶν
3427 2760 3710 2830 εἰρημένων.

2179 2881 2197 2914 i
2244 2861 2462 2931 Θλίψις,
2518 2860 2550 2930 ἢ
2614 2860 2965 2929 στενοχωρία,
3002 2879 3020 2907 ι
3047 2858 3140 2911 καὶ
3183 2858 3251 2910 τὰ
3291 2855 3439 2923 ἑξῆς.
3497 2846 3715 2906 Obuius

2173 2956 2454 3026 χρήματα,
2483 2953 2662 3018 δόξαν,
2701 2952 2798 3004 καὶ
2821 2953 2920 3005 ὅσα
2947 2951 3096 3020 παρὰ
3136 2953 3244 3012 τοῖς
3277 2947 3578 3018 ἀνθρώποις
3599 2945 3717 2996 δοκεῖ

2173 3047 2333 3107 καλὰ,
2378 3044 2494 3097 ἀλλ’
2542 3045 2732 3096 ἐκεῖνα
2767 3043 2926 3095 ἅτινα
2957 3042 3049 3095 καὶ
3103 3039 3392 3110 βιάζεσθαι
3421 3037 3614 3104 πέφυκε
3639 3036 3717 3102 τὴν

2177 3137 2526 3208 ἀνθρωπίνην
2567 3135 2748 3204 φύσιν.
2817 3134 2892 3187 Τὸ
2924 3134 2982 3187 δὲ
3017 3132 3116 3202 τῆς
3163 3131 3399 3200 θλίψεως
3437 3130 3614 3197 tropa,
3654 3127 3715 3185 εἱς

496 3224 589 3279 illa
621 3224 802 3293 potius
839 3221 959 3292 qhte
993 3223 1160 3278 etiam
1196 3222 1303 3275 vim
1333 3221 1536 3278 inferre
1573 3230 1699 3275 nata
1735 3228 1864 3274 sunt
1886 3219 2072 3274 huma-

2181 3230 2352 3282 πολλὰ
2378 3227 2653 3298 δηλοῦται,
2685 3225 2950 3293 φυλακαὶ,
2992 3222 3236 3285 ἁλύσεις,
3277 3220 3504 3292 ὲξορῐαι,
3541 3216 3715 3271 καὶὸσα

496 3331 582 3370 nae
625 3325 850 3370 natura}.
904 3314 1114 3370 Nomen
1179 3321 1363 3368 autem
1416 3311 1728 3367 alllictionis
1781 3311 1836 3365 in
1889 3312 2074 3366 multis

497 3408 916 3463 manifestatur:
948 3406 1130 3476 qualia
1161 3413 1289 3462 sunt
1313 3419 1584 3468 carceres,
1615 3404 1860 3469 vincula,
1883 3403 2074 3459 exsilia

498 3507 555 3554 et
608 3513 949 3568 quascunque
987 3506 1117 3552 sunt
1150 3495 1488 3569 huiusmodi.
1544 3515 1563 3547 i
1607 3493 1763 3551 Sicut
1806 3497 2074 3566 scriptum

499 3598 604 3644 est.
635 3607 653 3639 ι
681 3588 1014 3644 Confusione
1033 3588 1223 3643 volens
1237 3603 1333 3642 eos
1359 3587 1662 3653 adhortari,
1699 3587 2076 3641 testimonium

500 3679 746 3734 adduxit.
787 3679 920 3734 Nam
953 3679 998 3733 si
1033 3679 1087 3733 in
1119 3679 1294 3733 veteri
1329 3685 1659 3733 testamento
1693 3679 1860 3733 viiam
1889 3679 2074 3750 despi-

501 3771 744 3834 ciebant,
783 3771 985 3840 quibus
1037 3779 1255 3824 terrena
1304 3778 1463 3824 erant
1503 3769 1725 3839 praemia
1757 3780 1817 3824 et
1861 3786 1983 3841 qua:
2019 3772 2075 3826 in

501 3874 649 3918 terra
675 3863 1095 3934 possidebantur
1124 3879 1138 3916 :
1165 3869 1372 3932 quanto
1400 3861 1571 3931 magis
1595 3878 1696 3916 nos
1723 3862 1818 3932 qui
1846 3878 2074 3933 regnum

501 3955 764 4010 caelorum
836 3955 890 4009 in
962 3953 1212 4008 laborum
1275 3951 1698 4007 retributionem
1768 3953 2076 4009 habemus?

509 4063 527 4096 i
565 4045 794 4114 Propter
824 4054 895 4098 te.
933 4061 950 4094 ι
991 4041 1328 4097 'l‘estimonio
1397 4041 1685 4099 conﬁrmat
1739 4058 2074 4100 sermonem.

509 4153 528 4186 i
568 4135 707 4188 Toto
732 4135 840 4189 die.
865 4151 883 4185 ι
906 4131 1188 4203 Contingit
1208 4131 1356 4186 enim
1378 4144 1436 4187 ut
1453 4133 1736 4189 voluntate
1759 4133 2078 4205 frequenter

503 4223 554 4276 in
585 4223 675 4276 die
708 4224 1036 4277 moriantur.
1075 4221 1186 4276 Aut
1216 4228 1330 4276 toto
1363 4220 1477 4284 die,
1526 4219 1581 4275 id
1619 4229 1724 4287 est,
1755 4237 1854 4292 per
1900 4231 2077 4278 totum

500 4317 667 4374 diem.
698 4316 810 4368 sive
865 4331 962 4384 per
1004 4323 1174 4368 totam
1205 4312 1400 4370 vitam.
1427 4312 1636 4370 Unicus
1681 4329 1919 4386 namque
1957 4314 2078 4372 dies

499 4416 583 4462 est
615 4407 869 4462 universa
925 4407 1210 4460 hominum
1251 4406 1384 4461 vita.
1440 4424 1458 4458 i
1493 4405 1748 4476 Reputati
1780 4422 1972 4462 sumus
2002 4406 2079 4463 si-

501 4506 594 4552 cut
621 4511 771 4551 oves.
811 4515 829 4547 ι
860 4495 1150 4560 Omnibus,
1198 4493 1399 4564 inquit,
1444 4495 1512 4549 ad
1564 4495 1818 4565 iniuriam
1851 4497 2077 4568 exponi-

2181 3318 2428 3374 τοιαῦτα.
2487 3337 2506 3370 i
2557 3317 2753 3380 Καθὼς
2799 3317 3132 3387 γέγραπται.
3168 3333 3186 3365 ι
3217 3312 3508 3383 Ἐντρέψαι
3555 3308 3716 3366 αὐτοὺς

2184 3412 2524 3484 βουλόμενος,
2576 3412 2752 3482 mare
2799 3410 2898 3480 τὴν
2947 3407 3278 3479 μαρτυρίαν.
3333 3405 3398 3459 Et
3443 3404 3546 3474 γὰρ
3584 3403 3634 3454 ὲν
3665 3401 3716 3467 τῇ

2182 3504 2418 3574 Παλαιᾷ,
2473 3503 2628 3574 φησὶ,
2677 3502 2821 3574 {mi};
2873 3501 3262 3571 κατεφρόνουν,
3310 3495 3397 3563 οἷς
3437 3496 3506 3550 τὰ
3546 3495 3718 3548 ἔπαθλα

2182 3599 2346 3664 γήῖνα
2397 3596 2491 3647 καὶ
2533 3593 2604 3647 τὰ
2658 3597 2715 3646 ἐν
2741 3595 2806 3663 τῇ
2843 3596 2914 3661 γῇ
2953 3590 3154 3659 ἀγαθὰ,
3186 3592 3340 3661 πόσῳ
3367 3587 3561 3659 μᾶλλον
3589 3584 3718 3654 ἡμεῖς

2182 3683 2470 3754 ὀφείλομεν
2489 3683 2541 3735 οἱ
2570 3681 2667 3750 τὴν
2691 3679 2971 3750 βασιλειαν
2997 3681 3105 3732 τῶν
3137 3677 3392 3747 οὐρανῶν
3412 3675 3614 3746 ιχοντες
3631 3671 3718 3725 τῶν

2185 3773 2363 3826 πόνων
2396 3771 2671 3842 ἁμοιϐῄνς
2701 3789 2718 3822 i
2749 3769 2960 3824 Ἕνεκα
3008 3784 3126 3822 σου.
3165 3788 3184 3819 ν
3229 3769 3312 3839 Τῇ
3370 3765 3632 3837 μαρτυρίᾳ
3648 3761 3719 3814 τὸν

2182 3862 2338 3930 λόγον
2372 3839 2676 3915 mercatui.
2709 3877 2727 3911 i
2772 3859 2941 3927 Ὅλην
2987 3858 3086 3930 τὴν
3129 3857 3371 3928 ἡμέραν.
3411 3876 3432 3909 ι
3458 3855 3602 3909 Ἐστι
3632 3851 3720 3920 γὰρ

2181 3955 2250 4024 τῇ
2273 3952 2589 4024 προαιρέσει
2611 3951 2874 4014 πολλάκις
2893 3950 2988 4021 τῆς
3007 3949 3223 4021 ἡμέρας
3241 3948 3552 4004 ἀποθανεῖν.
3579 3943 3639 3997 Ἦ
3653 3942 3719 4004 τὺ.

2189 4063 2209 4096 i
2237 4044 2410 4116 Ὅλην
2430 4043 2528 4114 τὴν
2558 4045 2797 4115 ἡμέραν,
2829 4060 2849 4095 ι
2875 4042 2998 4095 ἀντὶ
3015 4041 3133 4106 τοῦ,
3161 4041 3228 4094 δι’
3246 4041 3378 4110 ὅλης
3401 4039 3500 4107 τῆς
3521 4035 3718 4107 ἡμέρας.

2183 4137 2304 4208 ἤτοι
2327 4135 2394 4189 δι’
2417 4137 2542 4189 ὅλου
2592 4133 2688 4188 τοῦ
2742 4135 2881 4206 βίου.
2927 4134 3142 4205 Ἡμέρα
3183 4131 3295 4204 γὰρ
3329 4132 3430 4203 μία
3452 4130 3567 4184 ἐστὶ
3591 4124 3722 4188 πᾶςδ

2182 4227 2292 4282 τῶν
2325 4225 2627 4298 ἀνθρώπων
2661 4225 2797 4297 βίος.
2830 4245 2850 4279 ι
2879 4225 3275 4296 Ἐλογίσθημεν
3311 4224 3391 4288 ib;
3420 4221 3666 4294 πρόῦατα.
3697 4231 3712 4264 ι

2189 4320 2356 4386 nam,
2383 4318 2569 4391 φησὶν,
2598 4320 2679 4382 είς
2701 4319 2764 4373 τὸ
2799 4318 3006 4375 ἀδικεῖν
3057 4316 3422 4390 προκειμεθα,
3452 4318 3502 4369 οἱ
3524 4312 3719 4369 ἀπόστο-

2182 4408 2286 4476 λοι,
2320 4408 2479 4482 δῆλον
2504 4407 2581 4474 ὡς
2609 4407 2858 4482 πρόϐατα
2878 4407 3218 4480 σφαζόμενα,
3253 4407 3334 4479 μὴ
3361 4406 3716 4472 ἀντιλέγοντεςο

2193 4519 2211 4552 i
2235 4499 2373 4554 Ἀλλ’
2402 4503 2462 4555 ὲν
2485 4501 2700 4566 τούτοις
2722 4502 2890 4555 πᾶσιν
2908 4501 3319 4572 ὑπερνικῶμεν.
3355 4517 3376 4551 ›
3400 4488 3718 4565 Ἐπαιρειτὺν

501 4605 644 4642 mur.
677 4586 1023 4642 Manifestum
1065 4594 1149 4642 est
1179 4586 1325 4657 quod
1370 4586 1602 4657 apostoli
1651 4597 1906 4657 tanquam
1949 4603 2072 4644 oves

2185 4591 2480 4663 ἀκροατὴν,
2537 4591 2625 4645 ἵνα
2668 4591 2744 4663 μὴ
2799 4590 3091 4664 καταπέσῃ
3149 4588 3332 4659 θλίψιν
3381 4585 3608 4646 ἀκούσας
3647 4576 3718 4631 xa‘

500 4688 656 4736 erant
679 4696 798 4750 quae
831 4686 1139 4733 mactantur
1162 4677 1302 4732 nihil
1327 4677 1790 4734 contradicentes.
1823 4697 1840 4730 i
1875 4677 1982 4734 Sed
2023 4680 2072 4734 in

2178 4681 2417 4752 διωγμὸν
2450 4681 2545 4737 καὶ
2572 4683 2674 4736 ὅσα
2695 4679 2842 4751 εἷπε,
2870 4681 2963 4737 και
2992 4699 3134 4753 φησι
3158 4696 3173 4711 ·
3215 4699 3235 4734 i
3275 4681 3501 4735 Πάντων
3525 4667 3722 4746 κρατοῦ·

504 4771 587 4824 his
619 4769 874 4823 omnibus
911 4768 1375 4838 snpervincimus.
1410 4787 1428 4821 ι
1462 4768 1784 4824 Auditorem
1813 4769 1977 4840 erigit
2009 4785 2078 4824 ne

502 4861 754 4924 concidat
775 4861 1004 4915 audiens
1031 4861 1375 4924 amictiones,
1401 4861 1812 4932 persecutiones
1838 4869 1896 4916 et
1926 4876 2078 4930 qna:-

504 4967 720 5020 cunquc
744 4952 900 5016 dixit,
926 4960 982 5007 et
1011 4953 1126 5007 ait:
1167 4971 1185 5004 i
1226 4952 1420 5008 Omnia
1456 4968 1554 5023 per
1597 4952 1801 5009 Christi
1847 4953 2078 5023 gratiam

503 5058 846 5114 superamus.
899 5061 917 5093 ›
954 5044 1066 5099 Nec
1089 5045 1226 5099 dixit
1257 5062 1270 5099 :
1297 5046 1600 5110 Vincimus,
1653 5044 1748 5099 sed
1780 5043 2080 5114 Supervin-

504 5136 712 5198 cimus;
746 5134 850 5188 hoc
870 5143 974 5198 est,
1003 5151 1099 5204 per
1118 5151 1214 5191 eos
1239 5151 1267 5190 a
1300 5138 1500 5207 quibus
1525 5136 1839 5206 appetimnr
1863 5135 2080 5190 insidiis

503 5241 832 5306 coronamur
860 5241 873 5278 :
901 5225 1044 5280 bello
1067 5227 1302 5281 lacessiti
1334 5242 1444 5282 non
1469 5228 1644 5283 solum
1680 5242 1792 5282 non
1823 5241 2080 5281 succum-

2179 4791 2279 4844 μιν
2303 4774 2484 4846 χάριτι
2505 4775 2768 4847 Χριστοῦ.
2797 4794 2815 4826 ι
2852 4777 2964 4830 Καὶ
2998 4776 3100 4829 οὐκ
3130 4768 3276 4838 εἷπε,
3305 4774 3579 4842 Νικῶμεν,
3611 4763 3723 4826 ἀλλ’.

2184 4884 2202 4917 i
2252 4866 2689 4938 ’Υπερνικῶμεν,
2727 4887 2744 4920 ι
2773 4869 3044 4932 τουτέστι,
3070 4866 3150 4920 Δι’
3175 4859 3249 4922 ὧν
3277 4856 3722 4930 ἐπιϐουλευόμεθα.

2180 4960 2621 5029 στεφανούμεθα.
2663 4960 2756 5032 Μὴ
2805 4961 2967 5031 μόνον
3011 4960 3072 5013 οὐ
3134 4957 3554 5027 καταπίπτομεν
3593 4947 3725 5004 πολε·

2189 5051 2472 5121 μούμενοι,
2515 5053 2649 5108 ἀλλὰ
2679 5055 2772 5107 καὶ
2800 5052 3232 5123 στεφανούμεθα.
3254 5051 3318 5104 0i
3346 5041 3720 5121 γὰρέπιόουλοι.

2187 5141 2436 5212 πρόξενοι
2489 5145 2769 5212 στεφάνων
2831 5145 2964 5215 ἡμῖν
3017 5145 3281 5214 γίνονται,
3319 5143 3387 5198 ἂν
3425 5135 3722 5210 εὐχαρίστως

2189 5235 2467 5304 φέρωμεν.

503 5322 817 5384 bimus.sed
851 5322 1018 5377 etiam
1046 5338 1398 5378 coronamur.
1470 5324 1604 5379 Nam
1651 5324 2007 5378 insidiatores
2075 5337 2308 5382 coronas
2366 5329 2526 5384 nobis
2599 5332 2898 5385 conciliant
2947 5332 2993 5385 si
3063 5331 3228 5386 modo
3273 5339 3432 5401 grato
3472 5326 3639 5380 animo
3661 5317 3721 5372 lo-

504 5430 713 5468 ramus.

574 5507 706 5568 \lll,
760 5506 850 5569 '58,
881 5506 966 5559 59.
995 5509 1129 5560 Nam
1169 5521 1479 5575 persuasum
1519 5505 1681 5559 habeo
1732 5503 1871 5575 quod
1914 5518 2083 5570 neque

503 5617 662 5664 mors,
696 5616 858 5670 neque
889 5603 1016 5662 vita,
1069 5615 1232 5669 neque
1262 5597 1470 5667 Angeli,
1516 5614 1682 5666 neque
1720 5597 2081 5666 Principatus,

504 5708 668 5762 neque
698 5692 1005 5754 Potestatcs,
1037 5707 1201 5760 neque
1245 5690 1520 5756 instantia,
1554 5705 1717 5761 neque
1749 5694 1953 5757 futura,
1994 5701 2086 5738 ne-

501 5800 600 5851 que
619 5783 863 5851 altitudo,
888 5800 1050 5853 neque
1073 5784 1428 5854 profunditas,
1455 5800 1620 5855 neque
1646 5781 1761 5838 ulla
1791 5782 1903 5835 alia
1933 5796 2087 5834 crea-

2257 5506 2583 5574 Ιιέπεισμαι
2600 5507 2705 5574 γὰρ
2723 5505 2811 5560 ὅτι
2829 5507 2967 5561 οὔτε
3001 5505 3276 5572 θάνατος,
3311 5508 3447 5560 οὔτε
3469 5501 3590 5566 ζωὴ.
3612 5497 3722 5551 οὔτε

2187 5597 2448 5665 ἄγγελοι,
2472 5597 2610 5652 οὔτε
2629 5599 2686 5665 ἀί
2708 5599 2828 5666 χαὶ,
2847 5599 2984 5650 οὔτε
3005 5597 3311 5668 δυνάμεις,
3340 5597 3475 5652 οὔτε
3508 5583 3722 5646 ἐνεστῶ-

2189 5703 2280 5749 τα,
2304 5687 2441 5741 οὔτε
2464 5687 2792 5757 μέλλοντα,
2815 5690 2954 5742 οὔτε
2980 5689 3366 5766 ὒψςωμαβῦτε
3381 5689 3583 5752 βάθος,
3611 5680 3720 5731 οὕτε

2191 5797 2279 5844 τις
2302 5781 2496 5848 κτίσις
2525 5780 2694 5848 ἑτέρα
2716 5780 3041 5848 δυνήσεται
3057 5765 3219 5852 ἡμᾶς
3245 5783 3488 5850 χωρίσαι
3513 5765 3717 5832 dabde
