3978 6546
483 469 589 533 499

1555 480 1957 541 (ECUMENU
1994 481 2283 541 TlilCC/E
2323 485 2667 544 EPISCOPI
3606 493 3691 558 500

482 585 622 640 nihil
649 599 905 656 separare
947 591 1440 660 potest,quomodo
1481 593 1596 662 ipse
1626 598 1770 646 ultro
1795 593 2048 657 discedit,

2168 595 2247 646 ιαὶ
2270 597 2441 649 ταῦτα
2461 598 2598 669 ὑπὲρ
2612 597 2720 651 τῶν
2743 597 3082 672 κατάξσάρκα
3102 602 3409 669 συγγενῶν;
3441 603 3530 658 καὶ
3547 604 3601 658 οὐ
3619 612 3698 675 μό·

485 678 652 747 idque
697 689 1226 751 propter_cognatos
1276 683 1578 737 secundum
1626 687 1892 739 carnem?
1946 686 2058 741 Nec

483 768 661 823 solum
689 770 832 824 ultro
855 781 1162 840 separatur,
1188 773 1283 828 sed
1311 782 1367 828 et
1399 777 1740 846 concupiscit.
1769 793 1834 832 ac
1869 779 2054 847 requi-

485 859 558 914 rit
587 871 642 915 et
669 871 822 931 optat
851 864 1096 934 separari
1144 880 1173 918 a
1202 863 1298 920 Dei
1341 865 1676 922 dilectione:
1729 889 1747 920 ι
1786 869 2057 940 Optarim,

481 950 684 1020 inquit,
723 968 824 1023 ego
858 954 974 1024 ipse
1024 957 1316 1012 anathema
1351 973 1471 1013 esse
1499 974 1529 1012 a
1561 959 1803 1016 Christo.
1842 980 1860 1014 ι
1916 962 2057 1029 Quid

481 1043 650 1114 igitur
681 1053 765 1099 est
813 1045 955 1101 hoe?
989 1046 1274 1113 Quomodo
1311 1049 1632 1120 contingent
1669 1067 1732 1107 ea
1772 1069 1893 1123 quae
1931 1063 2062 1110 sunt

480 1135 882 1205 impossibilia?
918 1138 1162 1192 Primum
1204 1139 1426 1209 quidem
1491 1141 1726 1196 dicimus
1781 1143 1898 1199 haec
1948 1160 2058 1199 non

478 1242 600 1282 esse
625 1229 920 1285 contraria.
947 1231 1136 1302 Neque
1159 1233 1307 1286 enim
1330 1235 1667 1288 contrarium
1691 1246 1775 1290 est
1806 1236 1879 1290 ita
1904 1236 2062 1290 Chri-

479 1327 624 1373 stum
647 1319 898 1392 diiigere,
934 1331 992 1376 ut
1025 1338 1204 1393 neque
1234 1338 1333 1394 per
1367 1325 1720 1394 supplicium,
1752 1341 1932 1394 neque
1961 1342 2060 1397 per

479 1411 646 1466 ullam
687 1413 1106 1481 promissionem
1152 1417 1394 1486 separari
1427 1417 1603 1482 possis
1639 1416 1708 1471 ab
1749 1417 1869 1487 ejus
1920 1418 2058 1471 dile-

479 1505 686 1571 ctione,
742 1515 799 1561 ct
873 1507 950 1563 ita
1031 1507 1262 1579 diligere
1341 1510 1673 1580 proximum,
1757 1520 1818 1564 ut
1889 1509 2060 1580 ipsius

478 1597 714 1654 salutem
738 1600 1004 1670 :equalem
1037 1601 1460 1672 ducas'proprie
1482 1602 1646 1656 saluti
1679 1603 1788 1657 imo
1811 1611 1866 1657 et
1887 1603 2061 1673 majo-

479 1706 621 1746 rem.
675 1692 793 1748 Non
831 1701 960 1749 sunt
1005 1710 1138 1765 ergo
1185 1694 1303 1750 haec
1347 1696 1644 1760 contraria,
1693 1696 1826 1766 quin
1877 1697 2060 1766 potius

477 1783 586 1838 sibi
643 1784 882 1842 invicem
925 1786 1092 1842 etiam
1139 1786 1462 1842 eonformia.
1511 1787 1646 1842 Nam
1691 1786 1786 1857 qui
1832 1788 2057 1843 fratrem

477 1891 638 1932 suum
657 1876 853 1948 diligit,
877 1877 1169 1933 Dominum
1193 1894 1415 1949 quoque
1441 1879 1640 1951 diligit,
1671 1891 1728 1935 et
1752 1895 1784 1935 ο
1817 1879 2054 1935 diverso.

484 1985 504 2020 ι
552 1967 611 2022 In
654 1967 778 2032 hoc,
803 1967 1000 2039 inquit,
1031 1978 1368 2040 cognoscent
1397 1985 1591 2026 omnes
1619 1971 1766 2042 quod
1813 1971 1920 2026 mei
1945 1971 2051 2026 dis-

479 2059 649 2129 cipuli
689 2060 812 2116 sitis
855 2060 903 2114 si
937 2061 1248 2116 dilexeritis
1283 2063 1518 2118 invicem
1541 2065 1605 2119 ⁸’.
1660 2082 1678 2115 ι
1728 2062 1844 2133 Ipse
1890 2062 2057 2118 etiam

479 2151 685 2207 Paulus
719 2152 889 2207 dicit:
940 2171 958 2204 ι
1005 2151 1299 2208 Plenitudo
1337 2154 1477 2225 legis
1512 2165 1596 2210 est
1642 2155 1865 2211 dilectio
1908 2156 1974 2210 ³⁸.
2033 2176 2052 2208 ι

481 2243 833 2313 Rursumque
861 2246 1128 2301 Dominus
1156 2247 1223 2301 de
1251 2247 1545 2303 dilectione
1573 2247 1629 2302 in
1655 2249 1827 2302 Deum
1861 2257 1915 2303 et
1933 2263 2060 2318 pro-

479 2335 686 2390 ximum
710 2355 722 2392 :
747 2355 765 2388 ι
796 2337 856 2392 lu
885 2337 991 2402 his,
1021 2337 1222 2408 inquit,
1245 2339 1462 2394 duobus
1490 2340 1780 2410 praeceptis
1803 2340 2059 2396 universa

479 2429 569 2484 lex
599 2439 656 2484 et
688 2430 967 2500 prophetae
1009 2431 1250 2500 pendent
1277 2433 1343 2499 ”,
1377 2453 1394 2484 ι
1438 2433 1595 2503 321
1630 2443 1692 2488 ut
1724 2451 1846 2504 quae
1896 2446 2062 2505 caput

481 2533 612 2578 sunt
636 2524 883 2578 omnium
913 2524 1171 2591 aliorum,
1202 2513 1515 2582 dilectionis
1541 2537 1598 2582 et
1630 2528 1684 2584 iu
1709 2529 1881 2584 Deum
1917 2540 1972 2584 et
2003 2531 2059 2586 in

483 2617 812 2686 proximum.

555 2707 756 2778 Utique
794 2708 940 2765 dicet
986 2709 1226 2780 aliquis:
1277 2710 1446 2780 Atqui
1496 2712 1600 2766 hoc
1656 2713 1780 2770 loco
1841 2715 2063 2770 videtur

482 2813 804 2868 praeponere
833 2799 1183 2856 dilectionem
1214 2803 1586 2871 proximorum
1623 2803 1903 2861 dilectioni
1931 2823 2060 2878 erga

484 2892 654 2947 Deum
683 2910 698 2948 :
731 2901 789 2949 et
834 2894 982 2950 hunc
1010 2902 1162 2965 optat
1191 2911 1410 2966 negare,
1458 2905 1517 2952 ut
1549 2898 1670 2953 illos
1702 2899 2010 2956 lucrifaciat
2043 2918 2059 2956 :

479 2983 736 3042 Christus
760 3001 892 3042 vero
919 2985 1088 3042 dicit:
1118 3006 1136 3038 ι
1165 2987 1266 3054 Qui
1295 2997 1441 3043 amat
1460 2998 1670 3060 patrem
1705 3001 1801 3046 aut
1830 3003 2061 3049 matrem

480 3092 648 3149 supra
680 3093 788 3145 me,
807 3093 916 3133 non
940 3089 1024 3136 est
1044 3079 1242 3149 dignus
1259 3080 1326 3134 ⁸⁸.
1367 3099 1386 3132 ι
1409 3082 1476 3136 Δι
1507 3095 1616 3136 non
1644 3090 1729 3136 est
1759 3083 1866 3138 hoc
1897 3099 2064 3155 supra

475 3167 763 3224 Christum
783 3184 990 3224 amare.
1015 3168 1150 3224 Nam
1179 3168 1311 3240 quid
1329 3179 1450 3224 erat
1471 3170 1595 3226 illos
1617 3172 1841 3226 amare?
1865 3186 2064 3244 nempe

2167 703 2254 738 νον
2287 689 2555 752 ἑκουσίως
2580 688 2896 761 χωρίζεται,
2926 691 3061 745 ἀλλά
3089 693 3184 746 καὶ
3215 692 3470 764 ἐπιθυμεῖ
3491 694 3580 748 καὶ
3597 697 3700 748 ἐπι.

2162 781 2337 850 ζητεῖ,
2367 782 2462 834 και)⁸
2489 781 2707 852 εὔχεται
2734 785 3066 857 χωρισθῆναι
3093 786 3432 857 τῆςζάγάπης
3477 785 3563 840 τοῦ
3589 789 3701 859 Χρι-

2164 873 2314 931 στοῦ.
2347 874 2636 946 «Ηὺχὸμην
2659 877 2787 946 γὰρ,
2814 876 3179 947 φησὶν,αὑτδς
3207 877 3318 946 ἐγὼ
3330 877 3568 948 ἀνάθεμα
3585 875 3703 934 εἶναι

2162 967 2269 1019 ἀπὸ
2293 966 2388 1019 τοῦ
2414 967 2674 1038 Χριστοῦ,
2699 988 2717 1020 ι
2737 965 3376 1037 Τίοῦνὲστιτοῦτο;ηῶς
3389 971 3704 1042 συμϐήσεται

2163 1061 2230 1113 τά
2243 1060 2618 1133 ἀσύμ6α[ν]τα
2639 1080 2652 1128 ;
2673 1062 2892 1132 Πρῶτον
2909 1064 3007 1133 μέν
3025 1081 3206 1133 φαμεν
3225 1064 3310 1116 ὅτι
3324 1062 3706 1117 οὐκέστιταῦτα

2163 1153 2403 1208 ἐναντία.
2446 1153 2520 1206 Οὐ
2550 1152 2658 1224 γάρ
2691 1157 2840 1207 ἐστιν
2879 1154 3120 1208 ἐναντίον
3151 1155 3210 1208 τὸ
3240 1155 3460 1225 ἀγαπᾷν
3488 1155 3574 1207 τὸν
3591 1155 3706 1225 Χρι-

2165 1247 2287 1299 στὸν
2315 1243 2512 1309 οὕτως,
2541 1243 2681 1299 ὥστε
2727 1249 2863 1317 μήτε
2897 1247 2985 1301 διὰ
3010 1246 3310 1310 κολάσεως,
3345 1247 3483 1316 μήτε
3502 1246 3566 1299 δι’
3597 1248 3709 1299 ὑπο-

2165 1339 2402 1408 σχέσεως
2438 1339 2618 1409 πάσης
2649 1339 2983 1408 άφίστασθαι
3040 1339 3140 1410 τῆς
3171 1339 3392 1410 ἀγάπης
3421 1339 3600 1402 αὑτοῦ,
3631 1341 3710 1392 καὶ

2161 1433 2222 1485 τὸ
2250 1432 2472 1504 ἀγαπᾷν
2527 1433 2617 1485 τὸν
2664 1432 2892 1500 πλησίον
2917 1431 3113 1495 οὕτως,
3156 1431 3299 1485 ὥστε
3332 1430 3432 1502 τὴν
3465 1431 3711 1498 σωτηρίαν

2163 1526 2343 1579 αὐτῶν
2373 1527 2493 1596 ῑσην
2520 1526 2614 1580 καὶ
2641 1525 2862 1595 μείζονα
2881 1527 2980 1596 τῆς
3009 1524 3144 1588 ἰδίας
3162 1523 3418 1595 ἡγεῖσθαι
3444 1523 3710 1593 σωτηρίας.

2163 1619 2373 1672 Οὐκοῦν
2405 1619 2583 1673 ταῦτα
2615 1620 2854 1682 ἐναντία,
2886 1617 3026 1671 ἀλλά
3054 1618 3150 1670 καὶ
3181 1615 3381 1686 μᾶλλον
3421 1614 3711 1684 συνᾴδοντα.

2175 1710 2233 1766 '0
2263 1710 2372 1782 γάρ
2405 1709 2637 1778 ἀγαπῶν
2681 1711 2772 1763 τὸν
2803 1707 3032 1778 ἀδελφὸν
3067 1707 3254 1772 αὐτοῦ,
3292 1707 3488 1776 ἀγαπᾷ
3521 1703 3710 1757 καὶτὸν

2163 1804 2464 1872 Δεσπότην,
2489 1803 2584 1856 καὶ
2617 1801 2876 1873 ἔμπαλιν.
2917 1819 2934 1852 ι
2967 1799 3079 1854 Καὶ
3125 1802 3183 1854 ἐν
3233 1798 3414 1870 τούτῳ
3443 1796 3714 1866 γνώσονται

2165 1899 2366 1962 πάντες
2391 1897 2473 1949 ὅτι
2497 1896 2621 1967 ἐμοὶ
2676 1894 2918 1966 μαθηταί
2960 1895 3109 1957 ἐστε,
3157 1894 3251 1946 ἐὰν
3295 1890 3548 1959 ἀγαπᾶτε
3573 1887 3714 1956 ἀλλή·

2159 1991 2307 2053 λους.
2349 2009 2366 2042 ι
2399 1990 2511 2043 Καὶ
2541 1987 2703 2052 αὐτὸς
2749 1990 2777 2040 ὁ
2827 1985 3039 2050 Παῦλός
3069 2001 3204 2055 φησι
3237 1998 3250 2013 ⁸
3299 2001 3316 2034 ι
3347 1981 3620 2054 Πλήρωμα
3635 1976 3714 2032 τοῦ

2162 2084 2353 2154 νόμου,
2389 2084 2424 2154 ἡ
2456 2081 2666 2150 ἀγάπη.
2717 2099 2734 2132 ι
2765 2079 2878 2132 Καὶ
2907 2079 2935 2132 ὁ
2965 2077 3171 2147 Κύριος
3193 2073 3356 2129 πάλιν
3378 2073 3509 2144 περὶ
3534 2071 3626 2140 τῆς
3651 2071 3716 2132 είς

2161 2177 2295 2231 Θεὸν
2320 2175 2543 2245 ἀγάπης
2567 2173 2659 2226 καὶ
2686 2172 2787 2242 τῆς
2809 2171 2889 2235 είς
2911 2170 3004 2224 τὸν
3033 2168 3283 2238 πλησίον,
3311 2186 3330 2218 ι
3368 2167 3461 2218 Ἐν
3492 2161 3715 2228 ταύταις,

2164 2269 2322 2341 φησὶ,
2354 2271 2476 2334 ταῖς
2508 2267 2661 2321 δυσὶν
2691 2266 2958 2330 ἐντολαῖς,
2988 2264 3108 2328 ὅλος
3131 2263 3160 2316 ὁ
3181 2261 3357 2334 ’νόμος
3391 2257 3487 2314 καὶ
3535 2259 3581 2312 oi.
3607 2275 3720 2326 προ-

2163 2367 2352 2436 φῆται,
2389 2385 2408 2416 ι
2435 2364 2510 2427 ὡς
2537 2361 2835 2432 κεφάλαιον
2886 2359 3077 2422 οὔσαις
3132 2357 3240 2410 τῶν
3291 2354 3474 2410 ἄλλων
3501 2352 3718 2414 πάντων,

2161 2460 2260 2528 τῆς
2286 2475 2344 2512 τε
2372 2459 2452 2521 εἰς
2483 2455 2617 2510 Θεδν
2647 2454 2744 2508 καὶ
2773 2453 2872 2522 τῆς
2901 2455 2976 2515 είς
3001 2451 3092 2505 τὸν
3121 2449 3349 2521 πλησίον
3374 2446 3611 2514 ἀγάπης.

2233 2724 2362 2791 Ναὶ,
2389 2722 2578 2794 φησὶν,
2609 2719 2726 2775 ἀλλ’
2763 2717 2997 2772 ἐνταῦθα
3022 2714 3303 2787 προκρίνει
3335 2713 3437 2781 τὴν
3465 2711 3568 2764 τῶν
3605 2709 3720 2776 πλη-

2166 2817 2281 2873 σίον
2307 2815 2552 2886 ἀγάπην,
2589 2811 2689 2882 τῆς
2719 2809 2860 2881 πρὸς
2891 2807 2982 2860 τὸν
3011 2806 3165 2870 Θεὸν,
3192 2805 3286 2858 καὶ
3305 2802 3528 2875 εῦχεται
3544 2800 3721 2854 ἐκεῖνον

2163 2907 2611 2982 ἀπαρνήσασθαι,
2663 2901 2761 2958 τοῦ
2797 2900 3042 2963 ἐκείνους
3079 2897 3363 2969 κερδῆσαι.
3411 2895 3474 2948 '0
3517 2892 3572 2946 δὲ
3605 2891 3720 2960 Χρι·

2167 3006 2290 3071 στδς
2317 3002 2504 3074 φησιν,
2538 3019 2557 3055 ι
2593 3001 2654 3055 '0
2684 2997 2856 3070 φιλῶν
2883 2996 3098 3066 πατέρα
3133 2993 3167 3064 ἢ
3203 2992 3416 3064 μητέρα
3457 2989 3593 3059 ὑπὲρ
3619 2984 3722 3058 ἐμὲ,

2171 3099 2272 3154 οὐκ
2307 3097 2424 3151 ἐστι
2481 3113 2584 3166 μου
2629 3093 2800 3161 ἄξιος.
2832 3111 2851 3144 ι
2879 3089 3023 3144 Ἀλλ’
3065 3089 3166 3142 οὐκ
3214 3086 3328 3140 ἐστι
3369 3081 3538 3140 τοῦτο
3575 3081 3724 3152 φιλιίν

2167 3192 2308 3263 ΰπέρ
2340 3191 2433 3244 τὸν
2481 3186 2740 3258 Χριστόν.
2783 3185 2849 3238 Τί
2881 3184 2990 3254 γὰρ
3035 3173 3104 3253 ἦν
3150 3180 3212 3235 τὸ
3242 3179 3418 3249 φιλεῖν
3475 3169 3722 3237 ἐκέίνουςς

480 3256 780 3314 familiares
833 3260 957 3315 illos
1009 3260 1227 3316 eﬂicere
1285 3260 1531 3319 Christo.
1583 3261 1870 3329 Quomodo
1931 3278 2062 3336 ergo

2168 3285 2240 3338 Τὸ
2276 3256 2388 3336 οἷον
2415 3256 2697 3334 οἰκειῶσαι
2728 3275 2927 3340 αὐτοὺς
2969 3273 3047 3344 τῷ
3077 3271 3318 3344 Χριστῷ.
3352 3269 3484 3334 Πῶς
3515 3264 3603 3323 οὖν
3629 3266 3724 3319 ἐστι

483 3359 670 3421 posset
709 3353 834 3407 illos
872 3368 1056 3409 amare
1106 3370 1273 3424 supra
1324 3354 1625 3420 Christum,
1670 3371 1797 3411 cum
1833 3357 1958 3412 illos
1994 3357 2062 3412 ad

481 3444 687 3499 Christi
720 3461 962 3500 amorem
993 3461 1057 3501 ac
1081 3446 1453 3502 obedientiam
1497 3449 1717 3504 trahere
1757 3449 2064 3505 studebat?

483 3535 653 3606 Magis
685 3537 832 3592 enim
866 3547 951 3592 est
976 3539 1206 3593 verbum
1236 3539 1375 3607 ejus,
1417 3540 1510 3608 qui
1533 3541 1793 3596 eximium
1823 3542 2065 3597 ostendit

485 3645 727 3684 amorem
763 3647 922 3700 quem
951 3631 1188 3685 habebat
1209 3647 1340 3699 erga
1367 3633 1668 3698 Christum,
1701 3635 1958 3704 quoniam
1988 3635 2064 3689 si-

485 3721 819 3775 muletalios
855 3722 918 3774 ad
944 3719 1122 3789 ipsum
1149 3721 1482 3790 impellebat.
1513 3723 1705 3787 Recte,
1739 3724 1933 3793 inquit,
1956 3724 2063 3779 nisi

486 3815 729 3884 seipsum
781 3830 812 3867 a
855 3813 1077 3868 Christo
1121 3823 1423 3883 separaret,
1470 3815 1702 3870 dicens:
1754 3835 1772 3867 ι
1819 3816 2064 3887 Optarim

483 3921 587 3975 ego
612 3905 746 3975 ipse,
776 3924 794 3956 ι
827 3917 932 3960 etc.
966 3905 1106 3972 Quid
1141 3922 1270 3977 ergo
1298 3906 1579 3962 dicemus?
1607 3909 1701 3964 Vel
1736 3911 1882 3979 quod
1915 3911 2066 3965 nullo

485 4003 650 4059 modo
684 4004 926 4074 seipsum
970 4005 1275 4075 scparabat,
1318 4019 1497 4074 neque
1537 4004 1681 4059 enim
1707 4004 1878 4060 dixit:
1924 4003 2066 4074 Opto

483 4097 590 4152 hoc
636 4095 778 4160 ﬁeri,
821 4097 915 4151 sed
950 4098 1204 4151 ardorem
1235 4095 1562 4152 ostendebat
1599 4093 1859 4149 desiderii
1899 4110 2066 4165 quem

484 4205 612 4261 erga
655 4188 936 4244 Christum
978 4189 1235 4252 habebat,
1274 4205 1338 4244 ac
1375 4189 1618 4242 studium
1651 4204 1761 4258 qtto
1792 4204 1848 4244 se
1880 4188 2067 4260 despi-

484 4281 686 4346 ciebat,
721 4291 781 4336 ut
813 4297 1005 4336 omnes
1034 4281 1100 4335 ad
1139 4281 1314 4350 ipsum
1356 4281 1676 4344 adduceret,
1721 4281 2063 4351 maximeque

482 4377 719 4433 Iudaeos.
757 4375 890 4429 Nam
922 4385 976 4429 et
1012 4374 1067 4428 hi
1104 4375 1320 4445 cognati
1362 4383 1518 4429 erant
1548 4383 1603 4429 et
1633 4374 1930 4444 plurimum
1977 4388 2066 4429 re-

485 4469 773 4525 sistebant.
802 4469 926 4522 Haec
957 4467 1124 4537 igitur
1153 4467 1343 4521 volens
1367 4467 1766 4532 demonstrare,
1790 4467 1927 4522 dicit
1959 4483 1972 4520 :
2008 4466 2066 4522 Si

483 4559 749 4632 possibile
787 4567 954 4623 esset,
983 4568 1043 4612 ιιι
1083 4574 1180 4627 per
1203 4573 1376 4612 meam
1400 4559 1762 4628 perditionem
1802 4558 2069 4630 gloriﬁca-

483 4662 708 4709 caretur
747 4651 1002 4707 Christus
1029 4659 1084 4704 et
1111 4649 1283 4705 Judaei
1326 4650 1460 4705 salvi
1497 4650 1710 4714 ﬁerent,
1743 4663 1922 4720 neque
1963 4649 2068 4706 hoc

485 4747 869 4800 detrectarent.
902 4741 1184 4813 Siquidem
1211 4741 1468 4810 optarim,
1501 4742 1700 4812 inquit,
1730 4742 1773 4796 si
1805 4741 2068 4811 possibile

483 4844 652 4902 esset,
679 4836 724 4890 si
755 4835 966 4899 liceret,
1001 4835 1044 4889 si
1079 4834 1213 4888 mihi
1246 4834 1362 4887 haec
1381 4834 1532 4903 optio
1563 4833 1789 4888 daretur
1819 4834 2065 4889 :.Utrum

485 4931 644 5000 cupis
690 4929 874 4983 dirimi
913 4946 940 4982 a
970 4928 1213 4991 Christo,
1244 4936 1305 4982 ut
1331 4929 1512 4982 omnis
1553 4927 1706 4982 natio
1750 4928 2065 4984 Judaeorum

486 5024 735 5085 uniatur,
784 5021 1149 5089 Christusque
1188 5021 1542 5092 gloriﬁcetur,
1575 5030 1628 5076 et
1673 5020 2068 5090 promissiones

487 5115 666 5172 Patris
687 5114 1068 5183 compleantur
1096 5113 1120 5165 ?
1150 5129 1217 5166 an
1254 5113 1310 5165 iu
1341 5113 1444 5167 hac
1468 5111 1673 5166 unione
1702 5127 1846 5174 esse,
1901 5120 1961 5165 ut
1988 5111 2068 5166 sic

488 5214 602 5261 tota
627 5203 777 5260 natio
807 5202 1424 5272 Judworttmﬁeditiose
1465 5212 1586 5274 agat
1632 5218 1695 5257 ac
1740 5205 2068 5272 separetur?

487 5300 534 5354 si
584 5313 715 5369 ergo
775 5296 892 5351 haec
942 5308 1422 5366 proponerentur,
1476 5296 1810 5365 praeferrem,
1866 5296 2065 5366 inquit,

485 5389 692 5448 Christi
737 5386 965 5458 gloriam
1007 5387 1417 5456 multorumque
1466 5386 1698 5441 salutem
1727 5401 1888 5456 quam
1941 5401 2070 5455 pro-

486 5482 686 5551 priatn.
724 5477 891 5534 Vides
920 5476 1183 5531 eximium
1208 5476 1413 5531 Christi
1447 5492 1690 5531 amorem
1720 5477 1743 5530 ?
1776 5477 2068 5547 Postquam

487 5575 556 5628 ab
603 5571 862 5626 omnibus
904 5586 1025 5641 qua:
1067 5579 1214 5634 sunt,
1263 5569 1470 5624 Christi
1509 5585 1754 5624 amorem
1809 5570 2070 5636 ostendit,

486 5667 739 5720 eumdem
788 5678 936 5719 nunc
985 5663 1327 5718 demonstrat
1365 5661 1435 5716 ab
1479 5660 1566 5715 bis
1599 5676 1721 5731 quae
1759 5676 1868 5714 non
1919 5669 2068 5725 sunt,

487 5773 581 5812 sex
606 5758 760 5829 juxta
794 5755 1142 5828 hypotbesim
1163 5772 1261 5827 per
1288 5755 1626 5810 intellectum
1662 5762 2067 5824 supponuntur.

2167 3375 2344 3444 φιλεῖν
2374 3372 2618 3435 ἐκείνους
2665 3369 2806 3438 ὑπὲρ
2848 3367 2940 3420 τὸν
2983 3363 3241 3436 Χριστὸν,
3287 3363 3423 3416 ὅπου
3465 3358 3723 3456 κάκείνους

2166 3469 2246 3530 είς
2277 3464 2377 3536 τὴν
2423 3462 2604 3533 φιλίαν
2641 3460 2738 3515 καὶ
2789 3457 3034 3528 ὑπακοὴν
3095 3454 3320 3510 ἑλκύσαι
3367 3449 3593 3506 ἔσπευδε
3646 3449 3723 3500 τοῦ

2166 3555 2440 3628 Χριστοῦ;
2480 3554 2700 3609 Μᾶλλον
2748 3551 2858 3622 γάρ
2888 3547 3290 3610 ἐπιδεικνύντος
3329 3545 3430 3616 τὴν
3475 3537 3722 3612 ὑπερϐάλ-

2165 3652 2363 3704 λουσαν
2392 3647 2614 3717 ἀγάπην
2643 3647 2710 3716 ἣν
2734 3639 2877 3712 εἶχεν
2895 3631 2980 3704 ἐίς
3005 3637 3261 3711 Χριστὸν,
3289 3637 3372 3690 ὅτι
3400 3634 3499 3688 καὶ
3533 3632 3724 3700 ἐτέρους

2168 3741 2498 3812 συνήλαυνεν
2541 3739 2619 3801 είς
2659 3735 2840 3790 αὐτόν.
2893 3733 3024 3797 Ναὶ,
3063 3729 3252 3800 φησιν,
3287 3728 3333 3781 εί
3370 3727 3449 3797 μὴ
3491 3719 3723 3796 ἐχώριζεν

2168 3835 2358 3888 ἐαυτὸν
2383 3832 2477 3886 τοῦ
2513 3828 2776 3901 Χριστοῦ,
2807 3827 2979 3894 λέγων
2999 3841 3013 3856 ο
3049 3841 3067 3874 ι
3097 3823 3356 3892 ΙΙὺχόμην
3381 3819 3545 3881 αὐτὸς
3574 3813 3721 3883 ἐγὼ.»

2168 3926 2264 3980 καὶ
2319 3925 2466 3994 ἐξῆς.
2515 3921 2580 3974 Τί
2626 3916 2718 3973 οὖν
2753 3933 2966 3987 φαμενς
3003 3917 3073 3969 Ἦ
3127 3914 3209 3967 ὅτι
3254 3914 3328 3982 μὴ
3366 3911 3601 3978 γένοιτο,
3644 3905 3726 3957 οὐκ

2169 4017 2462 4091 ἐχώριζεν·
2502 4015 2561 4066 οὐ
2600 4013 2711 4083 γάρ
2749 4007 2923 4075 εἶπεν,
2979 4005 3226 4078 Εῦχομαι
3279 4002 3441 4056 τοῦτο
3477 3998 3724 4091 γενέσθαι.

2350 4107 2412 4160 τὸ
2439 4105 2705 4173 διάπυρον
2737 4101 2830 4153 τοῦ
2862 4099 3026 4152 πόθου
3055 4099 3192 4166 ὅπερ
3221 4094 3355 4165 πρὸς
3386 4092 3479 4145 τὸν
3519 4086 3726 4160 Χριστὸν

2170 4196 2338 4271 εἶχεν,
2365 4198 2461 4252 καὶ
2491 4195 2589 4267 τὴν
2620 4193 2855 4262 σπουδὴν
2885 4192 2951 4261 ἣν
2993 4187 3355 4243 κατεϐάλλετο
3390 4188 3472 4249 είς
3500 4183 3560 4236 τὸ
3584 4195 3727 4250 προσ·

2172 4291 2403 4360 αγαγεῖν
2438 4287 2648 4349 πάντας
2675 4283 2844 4354 αὐτῷ,
2877 4281 2971 4336 καὶ⁸
3000 4280 3236 4351 μάλιστα
3260 4279 3387 4340 τοὺς
3417 4273 3691 4332 Ἰουδαίους
3711 4281 3724 4296 ⁸

2170 4379 2318 4440 οὗτοι
2345 4382 2456 4454 γάρ
2504 4379 2602 4434 καὶ
2631 4377 2934 4446 συγγενεῖς,
2954 4376 3050 4428 καὶ
3080 4372 3314 4443 μάλιστα
3337 4368 3726 4423 ἀντιπίπτοντες

2171 4478 2492 4550 ἐτύγχανον.
2536 4469 2724 4532 Ταῦτα
2758 4465 2852 4522 οὖν
2881 4465 3232 4537 παραστῆσαι
3265 4461 3607 4534 βουλόμενος.
3641 4472 3727 4550 ξη-

2174 4545 2397 4636 σὶνίδτι
2430 4567 2493 4620 Εί
2529 4561 2597 4635 ἦν
2622 4560 2844 4618 δυνατὸν
2875 4559 2964 4612 διά
2995 4557 3095 4628 τῆς
3134 4556 3274 4627 ἐμῆς
3302 4553 3574 4614 ἀπωλείας
3597 4545 3729 4610 δοξα-

2176 4662 2372 4731 σθῆναι
2421 4659 2513 4713 τὸν
2571 4654 2806 4728 Χριστὸν
2859 4653 2952 4706 καὶ
3001 4650 3245 4718 σωθῆναι
3279 4647 3406 4711 τοῦς
3439 4642 3724 4702 Ἰουδαίους,

2175 4753 2300 4809 οὐδέ
2343 4749 2504 4807 τοῦτο
2533 4747 2600 4803 ἂν
2638 4744 3069 4819 παρῃτησάμην.
3108 4740 3370 4811 Ηὺχόμην
3399 4737 3528 4808 γὰρ,
3563 4731 3726 4802 φησιν,

2174 4850 2224 4904 εί
2254 4841 2537 4916 ἐνεχώρει,
2579 4841 2627 4894 εί
2671 4837 2966 4907 ἐνεδέχετο,
2991 4837 3043 4889 εῖ
3083 4852 3164 4897 τις
3195 4849 3287 4902 μοι
3331 4830 3538 4900 ταύτην
3575 4823 3726 4916 ἐδίδου

2173 4938 2272 5006 τὴν
2308 4914 2544 5005 αῖρεσιν.
2575 4933 2809 5001 Πότερον
2830 4927 3010 5000 βούλει
3039 4925 3322 4995 διαστῆναι
3368 4917 3622 4992 Χριστοῦ,
3656 4914 3727 4966 ἵνα

2175 5031 2286 5082 πᾶν
2317 5026 2377 5081 τὸ
2418 5025 2688 5078 Ἰουδαίων
2722 5022 2875 5084 ἔθνος
2915 5019 3112 5090 ἐνωθῇ,
3162 5017 3256 5070 καὶ
3287 5013 3515 5083 δοξασθῇ
3546 5013 3573 5064 ὁ
3611 5008 3734 5075 Χρισ

2180 5118 2325 5181 στδς,
2363 5117 2458 5170 καὶ
2479 5116 2838 5186 πληρωθῶσιν
2859 5114 2916 5166 αἱ
2940 5111 3268 5180 ἐπαγγελίαι
3301 5109 3395 5161 τοῦ
3436 5104 3637 5178 Πατρός
3658 5097 3722 5169 ςῆ

2176 5211 2234 5262 ἐν
2246 5208 2417 5278 ταύτῃ
2442 5209 2507 5278 τῇ
2525 5206 2711 5260 ἐνώσει
2731 5200 2940 5277 [siam],
2959 5203 3044 5258 ἴνα
3065 5201 3125 5254 τὸ
3143 5199 3414 5256 Ἰουδαίων
3441 5199 3588 5260 ἔθνος
3609 5209 3724 5249 στα-

2180 5299 2345 5372 σιάζῃ
2384 5298 2480 5350 καὶ
2527 5298 2817 5360 διίσταται,
2861 5296 2954 5347 καὶ
2985 5293 3375 5364 βλασφημῆται
3419 5294 3446 5344 ὁ
3478 5286 3720 5360 Χριστόςς

2177 5391 2240 5443 Ei
2295 5389 2389 5442 οὖν
2429 5387 2602 5443 ταῦτα
2633 5385 2930 5457 προετίθει,
2965 5383 3312 5454 προετίμησα
3354 5381 3440 5446 ἂν,
3466 5378 3610 5449 φησι,
3638 5374 3722 5444 τὴν

2176 5481 2336 5546 δόξαν
2374 5479 2611 5549 Χριστοῦ
2653 5477 2748 5529 καὶ
2777 5476 2876 5547 τὴν
2919 5476 3026 5529 τῶν
3071 5474 3280 5528 πολλῶν
3322 5471 3606 5543 σωτηρίαν,
3636 5464 3720 5533 τῆς
3769 5538 3771 5541 η

2179 5576 2336 5637 ἰδίας.
2364 5571 2514 5637 Εἶδες
2541 5569 2845 5641 ὑπερϐολὴν
2875 5568 3205 5639 ἀγαπήσεως
3225 5565 3496 5636 Χριστοῦ;
3525 5554 3720 5624 Ἐπειδὴ

2176 5668 2240 5718 ἐκ
2289 5663 2396 5716 τῶν
2449 5662 2617 5714 δντων
2646 5660 2864 5713 πάντων
2894 5660 2992 5728 τὴν
3041 5657 3263 5728 ἀγάπην
3293 5653 3593 5718 ἐπεδείξατο
3636 5644 3716 5700 τοῦ

2175 5757 2436 5826 Χριστοῦ,
2471 5751 2565 5805 νῦν
2618 5753 2712 5806 καὶ
2754 5755 2819 5806 ἐκ
2848 5750 2956 5804 τῶν
2989 5747 3063 5821 μὴ
3092 5748 3263 5802 ὄντων
3296 5751 3417 5819 μὲν,
3446 5742 3558 5798 καθ’
3599 5737 3717 5792 ὑπό-

558 5939 601 5972 ³⁷
627 5940 782 5997 Joan.
818 5953 935 6008 xm,
967 5939 1054 5996 54.
1133 5940 1175 5975 ⁸⁸
1207 5942 1364 5998 Rom.
1395 5959 1507 6010 xm,
1549 5942 1630 5997 l0.
1709 5941 1752 5974 '9
1784 5938 1974 5995 Matth.
2011 5955 2062 5993 xi

2175 5939 2262 5993 40.
2339 5935 2382 5969 ⁵ο
2416 5935 2607 5992 Matth.
2642 5950 2695 6003 χ,
2737 5933 2824 5988 57.
