3978 6542
224 425 310 490 501

220 539 350 592 ﬂectit
391 534 443 588 δὲ
492 532 935 604 λαμϐανομένων,
972 533 1062 587 διὰ
1106 534 1200 587 τοῦ
1230 537 1502 605 νοήματος
1556 536 1746 589 τούτου
1777 532 1822 593 Α

219 629 397 696 ταύτην
442 625 780 696 παρίστησιν.
810 626 892 678 ὅτι
925 627 1034 680 Καὶ
1063 625 1162 695 τὴν
1214 629 1355 695 ἐμὴν
1387 628 1662 696 σωτηρίαν
1691 628 1746 676 ἐν

220 717 465 777 ὑποθέσει,
495 714 631 784 ὑπὲρ
671 713 769 783 τῆς
801 713 959 784 δόξης
1003 714 1169 768 αὑτοῦ
1207 714 1429 785 καὶτῆς
1458 716 1543 778 εἰς
1586 714 1749 767 αὐτὸν

217 809 308 862 τῶν
328 805 582 860 Ἰουδαίων
605 805 964 875 ἐπιστροφῆς,
989 804 1370 877 κατεϐαλόμην
1399 807 1483 861 ἄν.
1504 807 1613 858 Καὶ
1642 805 1750 875 γὰρ

216 898 523 966 διιστάμενος
571 896 777 958 Παῦλος
817 898 965 965 ὑπὲρ
1019 899 1119 968 τῆς
1178 898 1336 966 δόξης
1377 897 1471 951 τοῦ
1510 896 1750 967 Χριστοῦ

218 994 293 1046 καὶ
317 991 409 1060 τῆς
431 991 487 1042 ἐν
517 989 663 1059 αὐτῷ
692 989 802 1042 τῶν
829 989 1103 1044 Ἰουδαίων
1129 990 1398 1056 ένὼσεως,
1431 993 1560 1062 ῥᾷον
1590 990 1751 1044 πάλιν

219 1081 385 1153 ἠνοῦτο
415 1081 507 1133 καὶ
536 1081 858 1148 συνήπτετο,
889 1080 1078 1151 ὥσπερ
1107 1100 1190 1145 τις
1224 1075 1401 1142 πῶλος
1433 1082 1626 1151 μικρὸν
1653 1083 1752 1151 τῆς

218 1169 394 1240 μητρὸς
441 1168 809 1232 ἁποσπασθείς
840 1185 853 1198 ·
889 1171 984 1223 καὶ
1027 1170 1201 1234 οὕτως
1256 1172 1423 1225 πάλιν
1472 1172 1635 1234 αὐτός
1690 1174 1751 1223 τε

215 1258 438 1325 ἐσώζετο,
470 1261 564 1313 καὶ
594 1262 622 1314 ό
643 1261 878 1331 Χριστὸς
907 1261 1003 1314 ἐπὶ
1037 1262 1199 1315 πλέον
1232 1263 1534 1327 ἐδοξάζετο,
1566 1263 1660 1317 καὶ
1693 1263 1753 1316 τὸ

226 1352 462 1409 Ἰουδαίων
494 1350 647 1416 ἔθνος
672 1352 929 1416 ἐσώζετο,
953 1355 1047 1408 καὶ
1081 1357 1137 1409 αἱ
1161 1355 1419 1425 διαθῆκαι
1450 1357 1545 1410 καὶ
1582 1358 1757 1425 ὲπαγ-

216 1443 367 1511 γελίαι
411 1443 489 1507 είς
547 1444 719 1514 πέρας
759 1445 1008 1517 ἣρχοντο.
1057 1447 1277 1502 Μᾶλλον
1323 1447 1402 1513 δὲ,
1446 1448 1618 1512 οὕτως
1660 1450 1755 1503 καὶ

214 1536 290 1590 ἐπὶ
318 1535 513 1597 τούτοις
556 1535 922 1606 διιστάμενος,
971 1539 1032 1592 οὗ
1087 1539 1359 1603 διίστατο,
1403 1539 1540 1594 ἀλλά
1593 1540 1751 1593 πλέον

214 1626 393 1695 ήνοῦτο.
432 1626 499 1683 Ἦ
532 1627 593 1680 ού
643 1628 790 1682 δοκεῖ
836 1646 920 1682 σοι
962 1630 1051 1684 ὅτε
1081 1631 1344 1701 Τιμόθεον
1406 1631 1753 1701 περιέτεμεν,

213 1718 284 1772 ὅτε
322 1717 473 1782 αὐτὸς
525 1720 811 1790 ἡγνίσατο,
837 1721 928 1775 ὅτε
967 1721 1036 1776 τά
1090 1722 1185 1775 τοῦ
1236 1721 1405 1792 νόμον
1453 1722 1625 1777 ἐτέλει
1655 1725 1755 1790 τὴν

214 1811 348 1881 χάριν
385 1811 697 1880 κηρύσσων,
725 1814 813 1867 ὅτι
868 1813 1071 1883 τρόπον
1114 1814 1234 1868 τινὰ
1277 1816 1414 1885 πρὸς
1446 1816 1547 1883 τὴν
1594 1817 1754 1887 χάριν

216 1903 362 1959 ὶδόκει
409 1903 743 1972 διίστασθαι,
797 1906 892 1960 καὶ
940 1907 1119 1976 ἑαυτῷ
1168 1884 1756 1972 ἐναντιοῦσθαιςὴδΔλΥ
1793 1884 1830 1938 Β

214 1994 312 2048 οὔτε
328 1994 574 2060 διίστατο,
606 1996 738 2052 οὗτε
771 1997 952 2069 ἑαυτῷ
974 1999 1312 2070 ἠναντιοῦτο.
1333 2000 1505 2071 ’Υπὲρ
1536 2004 1641 2071 γὰρ
1661 2002 1758 2069 τῆς

215 2088 421 2159 χάριτος,
435 2091 525 2142 καὶ
546 2089 648 2144 τοῦ
683 2096 1055 2163 προσαγαγεῖν
1072 2077 1281 2158 πάντας
1301 2094 1380 2166 τῷ
1401 2095 1641 2165 Χριστῷ,
1667 2096 1760 2149 καὶ

219 2181 362 2235 ταῦτα
402 2183 491 2236 καὶ
515 2184 585 2236 τά
626 2184 763 2239 ἄλλα
794 2184 1089 2256 σύμπαντα
1125 2186 1383 2263 ἔπραττε,
1409 2188 1577 2245 Τοῦτό
1613 2188 1760 2243 ἔστιν

214 2270 397 2343 ἀγάπης
421 2272 576 2338 ἀξίας
617 2272 878 2344 Χριστοῦ,
903 2273 1059 2329 τοῦτό
1091 2276 1211 2327 ἐστι
1232 2273 1410 2343 ψυχῆς
1428 2273 1556 2345 ὃλης
1584 2272 1767 2331 διόλου

213 2363 276 2426 είς
300 2363 381 2417 τὸν
414 2363 573 2419 πόθον
608 2365 1064 2437 ἀναφλεγομένης
1097 2366 1191 2421 τοῦ
1222 2365 1486 2438 Χριστοῦ.
1650 2412 1653 2417 ί

272 2453 461 2519 Ἀλλως
488 2473 548 2511 τε
578 2457 667 2523 δὲ,
689 2459 809 2512 οὐδὲ
839 2459 986 2529 λέγει
1025 2459 1275 2529 ἀνάθεμα
1310 2459 1583 2529 γενέσθαι,
1609 2476 1763 2514 τουτρ

214 2546 337 2601 ἐστιν
363 2549 464 2603 ἀπὸ
496 2548 590 2603 τοῦ
654 2548 751 2604 νῦν
804 2549 970 2606 αὐτοῦ
1021 2550 1361 2624 χωρισθῆναι
1411 2549 1600 2620 (τοῦτο
1650 2552 1760 2624 γὰρ

214 2637 645 2714 ἀπευκτότατον),
677 2642 815 2697 ἀλλά
838 2642 1087 2714 ἀνάθεμα
1117 2639 1277 2707 εἶναι,
1314 2643 1558 2697 τουτέστι
1582 2661 1761 2714 κεχω-

215 2731 432 2799 ρισμένος
473 2733 553 2786 ἐτι
590 2729 766 2801 εἶναι,
828 2735 922 2789 καὶ
989 2736 1156 2806 μήπω
1198 2734 1278 2806 τῷ
1324 2734 1546 2806 Χριστῷ
1588 2753 1760 2807 προσ-

214 2821 376 2878 ελθεῖν.
403 2823 591 2891 Τοῦτο,
644 2828 834 2899 φησὶν,
862 2828 1112 2900 ηὐχόμην
1138 2828 1226 2892 ἂν,
1264 2826 1321 2881 τὸ
1358 2828 1457 2897 ἐμὲ
1491 2828 1653 2882 αὐτὸν
1684 2829 1759 2898 μή

218 2932 284 2968 πω
308 2918 615 2987 προσελθεῖν
659 2918 738 2989 τῷ
779 2919 1022 2991 Χριστῷ,
1060 2920 1174 2974 ἀλλ’
1203 2918 1286 2974 ἔτι
1344 2921 1758 2992 κεχωρισμένον

220 3010 360 3064 αὐτοῦ
393 3006 551 3081 εῖναι,
584 3014 636 3068 cl
672 3013 835 3068 τοῦτο
862 3014 944 3077 είς
998 3012 1098 3085 τὴν
1127 3012 1400 3084 ὑμετέραν
1434 3013 1639 3067 εἴσοδον
1668 3012 1763 3069 καὶ

221 3100 377 3156 πίστιν
402 3102 497 3175 τὴν
537 3105 620 3170 είς
662 3104 829 3159 αὐτὸν
864 3104 1159 3159 συνετέλει.
1194 3103 1287 3175 Μὴ
1313 3104 1422 3175 γὰρ
1473 3105 1557 3160 ὅτι
1590 3120 1761 3176 προσ-

219 3191 353 3282 ῆλθον
377 3195 612 3268 Χριστῷ,
637 3196 730 3251 διά
743 3195 911 3282 τοῦτο
940 3196 1035 3252 καὶ
1066 3197 1212 3268 ὑμᾶς
1235 3213 1305 3268 με
1336 3195 1760 3265 προσκαλεῖσθαι
1786 3219 1832 3282 C

220 3266 442 3357 νομίσητε
460 3325 477 3351 ,
522 3287 664 3359 φησι
687 3327 705 3353 ,
743 3266 854 3342 ⁸καὶ
912 3287 1021 3360 πρὸ
1067 3266 1204 3356 ἐμοῦ
1238 3266 1423 3358 ’ὑμᾶς
1460 3285 1761 3357 ἐϐουλόμην

223 3375 550 3448 προσδραμεῖν
578 3378 753 3447 αὐτῷ.
790 3375 924 3433 Εἶτα
962 3379 1092 3449 ἑξῆς
1121 3378 1270 3447 λέγει
1304 3379 1402 3433 καὶ
1431 3380 1531 3442 τὰς
1559 3376 1759 3440 αίτίας.

228 3486 243 3515 ι
267 3468 414 3532 Αὐτὸς
441 3470 567 3539 ἐγώ.
595 3489 614 3522 ι
644 3471 762 3543 Οὐχ
786 3471 1026 3542 ἑτέρους,
1048 3472 1204 3541 φησὶ,
1234 3471 1590 3543 προτιμῶμαι
1620 3470 1762 3539 ὑπὲρ

226 3558 342 3626 iud;
373 3563 447 3625 είς
480 3562 541 3616 τδ
574 3562 901 3634 προσελθεῖν
940 3562 1018 3633 τῷ
1060 3562 1304 3635 Χριστῷ.
1347 3560 1461 3623 ἀλλ’
1506 3561 1628 3615 οὐδὲ
1663 3560 1764 3632 ἐμὲ

225 3650 375 3708 αὐτόν.
404 3654 637 3726 Εἱλόμην
667 3656 777 3727 γὰρ
804 3656 869 3710 ἀν
926 3658 1095 3727 μήπω
1139 3655 1465 3727 προσελθεῖν
1491 3655 1661 3727 αὐτῷ,
1697 3657 1764 3712 ἂν

225 3742 295 3796 tu
327 3745 505 3802 τούτου
538 3750 703 3820 ὑμεῖς
739 3751 1139 3822 προσήρχεσθε.
1179 3769 1197 3802 ι
1231 3750 1510 3821 ’ἀνάθεμα
1545 3747 1699 3810 εἶναι.
1740 3770 1762 3804 ι

227 3839 359 3893 Δοκεῖ
387 3843 480 3913 μὲν
511 3843 725 3896 ἐθέλειν
754 3844 896 3915 ὑπὲρ
925 3843 1035 3898 τῶν
1084 3842 1332 3911 ἀδελφῶν
1372 3844 1466 3896 καὶ
1490 3842 1600 3901 τῶν
1632 3859 1765 3912 συγ-

228 3930 371 3991 γενῶν
419 3934 849 4008 ἀλλοτριωθῆναι
900 3934 1162 4005 Χριστοῦ.
1213 3933 1388 3988 Τοῦτο
1432 3934 1544 4006 γὰρ
1582 3936 1624 4004 εὴ
1668 3936 1765 3989 τοῦ

229 4017 530 4094 ἀναθέματος
592 4026 849 4097 δύναμις.
907 4026 1097 4097 Ὅμως
1148 4025 1394 4098 ἀκριϐῶς
1449 4026 1762 4099 Θεωροῦντι,

233 4114 494 4184 φανήσεται
551 4119 698 4191 ὑπὲρ
746 4121 847 4188 τῆς
900 4119 1124 4190 ἀγάπης
1172 4119 1267 4174 τοῦ
1306 4119 1546 4191 Χριστοῦ
1593 4119 1770 4177 ταῦτα

232 4201 453 4273 εἰρηκώς.
488 4208 643 4274 Πῶς;
688 4209 906 4281 Ἐπειδὴ
938 4208 1085 4281 έώρα
1103 4211 1196 4264 τὸν
1248 4209 1489 4281 Χριστὸν
1518 4209 1770 4282 βλασφη-

236 4297 466 4369 μούμενον
496 4305 599 4357 ὑπὸ
647 4306 757 4357 τῶν
800 4306 1091 4369 Ἰουδαίων,
1123 4306 1226 4367 ὅτι,
1270 4305 1459 4376 φησὶν,
1497 4305 1692 4377 Ἡμεῖς
1719 4307 1772 4359 oi

233 4386 306 4442 τὸν
325 4391 472 4462 νόμον
525 4399 619 4450 καὶ
652 4396 753 4456 τὰς
789 4395 1122 4465 ἀπαγγελίας
1150 4388 1481 4464 δεξάμενοι,⁸
1507 4398 1598 4451 καὶ
1631 4411 1768 4467 προ-

235 4480 435 4553 πάτορες
469 4488 632 4542 αὑτοῦ
676 4486 778 4541 τοῦ.
817 4488 1074 4557 Χριστοῦ,
1105 4488 1186 4551 εις
1215 4486 1309 4551 οὒς
1344 4483 1416 4559 ἦν
1445 4489 1477 4558 ἡ
1502 4487 1766 4551 υἱοθεσία,

1238 423 1620 484 COMMENT.
1656 422 1739 484 IN
1786 422 2022 483 EPIST.
2062 423 2162 483 AD
2201 422 2385 484 ROM.

3324 423 3426 487 502

1853 535 2023 591 Meam
2048 537 2211 592 etiam
2237 538 2494 604 salutem,
2536 538 2712 608 inquit
2743 540 2796 592 in
2840 533 3128 606 hypothesi
3152 530 3222 588 ob
3254 534 3428 604 ipsius
3455 567 3458 570 ~

1851 628 2079 697 gloriam
2099 637 2156 683 et
2172 613 2576 684 Judmorum‘ad
2607 629 2784 699 ipsum
2805 627 3219 684 conversionem
3243 626 3427 680 omni-

1853 734 1926 774 no
1952 720 2308 789 negligerem.‘
2349 721 2568 776 Etenim
2602 729 2886 791 separatus
2909 720 3111 775 Paulus
3146 735 3244 789 pro
3269 717 3429 774 Chri-

1853 810 1923 864 sti
1947 810 2121 880 gloria
2147 820 2204 865 et
2220 811 2534 867 Judzeorum
2550 814 2606 866 in
2630 813 2750 882 ipso
2770 812 2994 875 unione,
3024 811 3183 865 facile
3206 826 3423 865 rursum

1856 900 2106 955 uniretur
2155 915 2218 955 ac
2263 904 2729 972 conjungeretur,
2765 903 2925 972 322
2965 900 3427 971 quemadmodum

1854 990 2036 1060 pullus
2064 991 2262 1061 aliquis
2287 994 2567 1063 paululum
2602 1008 2631 1048 a
2652 1002 2826 1048 matre
2857 995 3153 1047 distractus
3190 1009 3203 1046 :
3250 1000 3306 1047 et
3352 992 3427 1047 ita

1840 1098 2076 1138 rursum
2123 1084 2240 1154 ipse
2280 1085 2463 1139 salvus
2496 1084 2670 1150 fieret,
2706 1100 2769 1140 ac
2789 1084 3042 1139 Christus
3062 1080 3235 1154 magis
3265 1082 3430 1153 glori-

1855 1183 2093 1241 caretur,
2124 1152 2409 1247 genusque
2445 1176 2759 1231 Judmorum
2806 1176 3112 1230 salvaretur
3136 1152 3237 1230 :fei
3264 1152 3431 1229 testa-

1850 1273 2101 1319 mentum
2149 1280 2212 1320 ac
2249 1266 2640 1335 promissiones
2680 1266 2746 1320 ad
2794 1265 2954 1319 linem
3000 1265 3426 1320 deducerentur.

1853 1351 1998 1419 Quin
2026 1354 2212 1423 potius
2234 1354 2309 1409 ita
2336 1363 2393 1411 et
2426 1363 2651 1425 propter
2679 1356 2795 1409 hzec
2823 1354 3051 1415 divisus,
3081 1368 3191 1408 non
3221 1351 3430 1407 divide-

1856 1452 2030 1508 retur,
2088 1446 2182 1500 sed
2233 1445 2407 1516 magis
2468 1447 2741 1501 uuiretur.
2798 1446 2990 1500 Annon
3060 1445 3158 1499 tibi
3210 1445 3430 1498 videtur

1852 1537 2076 1605 quando
2116 1537 2463 1592 Timotheum
2512 1537 2881 1601 circumcidit,
2926 1537 3148 1607 quando
3182 1536 3434 1605 expiatus

1851 1635 1961 1690 est,
1993 1627 2219 1696 quando
2242 1644 2307 1683 ea
2324 1642 2450 1698 qua:
2477 1627 2764 1698 legissunt
2795 1626 3115 1696 perﬁciebat
3147 1630 3273 1680 eum
3312 1641 3433 1695 gra-

1858 1720 1988 1774 tiam
2039 1719 2382 1789 praedicaret,
2440 1718 3159 1788 qutodammodo-adversus
3203 1715 3431 1781 gratiam

1859 1810 2069 1867 divisus
2083 1825 2204 1871 esse
2225 1810 2539 1873 videbatur,
2562 1810 2777 1878 sibique
2802 1806 3109 1879 repugnare
3130 1811 3145 1861 t
3170 1802 3239 1862 At
3255 1808 3434 1876 neque

1860 1901 2072 1957 divisus
2097 1911 2235 1965 erat,
2270 1917 2450 1972 neque
2485 1902 2589 1956 sibi
2614 1901 3167 1970 ipsiadversahatur‘.
3198 1898 3281 1954 Oh
3306 1908 3434 1969 gru-

1861 1993 1991 2049 tiam
2020 1995 2191 2057 enim,
2226 2004 2395 2064 utque
2421 2006 2615 2049 omnes
2640 1993 2865 2048 Christo
2894 1992 3215 2054 adduceret,
3245 1990 3437 2044 haecet

1861 2087 1967 2140 alia
2018 2087 2202 2140 onmia
2256 2086 2672 2143 faciebataﬂoc
2714 2092 2800 2139 est
2847 2083 3162 2151 dilectionis
3212 2074 3436 2136 Christo

1860 2178 2037 2247 dignm
2065 2194 2077 2243 ;
2117 2178 2223 2233 hoc
2247 2185 2334 2235 est
2363 2176 2558 2233 anima:
2594 2176 2868 2231 universa:
2894 2175 2948 2229 in
2974 2173 3180 2229 Christi
3210 2172 3427 2228 deside~

1860 2265 2007 2319 rium
2030 2265 2248 2321 abunde
2271 2264 2641 2320 inﬂammatae.

1929 2443 2167 2515 Alioqui,
2218 2459 2399 2515 neque
2439 2444 2594 2509 dicit,
2650 2444 2940 2501 anathema
2987 2442 3127 2510 ﬁeri,
3170 2444 3277 2499 hoc
3323 2453 3431 2508 est,

1858 2551 2008 2590 nunc
2040 2534 2109 2589 ab
2140 2535 2260 2604 ipso
2285 2536 2552 2605 separari,
2580 2535 2636 2591 id
2662 2534 2807 2591 enim
2828 2546 3175 2605 nequaquam
3197 2534 3438 2604 optabile

1860 2624 2080 2679 videtur
2111 2641 2123 2677 :
2161 2623 2257 2678 sed
2304 2624 2594 2678 anathema
2628 2639 2773 2689 esse,
2805 2624 2858 2679 id
2887 2632 2993 2689 est,
3025 2633 3309 2693 separatus
3341 2625 3440 2677 ad-

1862 2715 1973 2770 huc
1999 2730 2120 2770 esse
2146 2723 2203 2768 et
2228 2715 2471 2769 nondum
2505 2715 2573 2771 ad
2603 2714 2882 2771 Christum
2912 2715 3145 2771 venisse.
3186 2715 3319 2779 Hoc,
3350 2715 3440 2768 in-

1860 2805 2002 2876 quit,
2051 2805 2310 2874 optarim,
2342 2805 2609 2875 meipsum
2643 2804 2888 2859 nondum
2931 2807 2994 2860 ad
3023 2805 3302 2861 Christum
3343 2821 3439 2858 νεα

1863 2896 2031 2961 uisse,
2069 2893 2166 2949 sed
2207 2893 2389 2949 adhuc
2418 2896 2488 2949 ab
2519 2910 2586 2952 eo
2610 2903 2923 2964 separatum
2965 2910 3109 2958 esse,
3144 2895 3190 2950 si
3225 2894 3339 2949 hoe
3370 2896 3443 2948 ad

1862 2994 2109 3039 vestrum
2140 2984 2448 3055 ingressum
2477 3000 2541 3040 ac
2572 2985 2735 3040 ﬁdem
2768 2985 2825 3039 in
2846 2984 3023 3055 ipsum
3039 2984 3338 3041 conterret.
3361 2984 3442 3040 Ne

1862 3091 1972 3142 me,
2008 3075 2211 3147 inquit,
2255 3076 2599 3132 arbitremini
2631 3077 2702 3131 ob
2734 3077 2788 3131 id
2816 3092 3016 3132 vocare
3054 3076 3153 3131 vos
3182 3078 3246 3131 ad
3274 3076 3439 3130 Chri-

1864 3177 2035 3232 stum,
2066 3168 2214 3238 quod
2250 3183 2351 3240 ego
2387 3170 2456 3225 ad
2489 3184 2616 3225 eum
2640 3169 2888 3225 venerim
2921 3186 2934 3224 :
2969 3169 3082 3224 imo
3110 3169 3283 3225 etiam
3312 3176 3459 3226 ante.

1865 3275 1953 3315 me
1982 3275 2240 3331 cuperem
2267 3275 2368 3316 vos
2397 3260 2467 3316 ad
2501 3260 2680 3330 ipsum
2708 3261 3035 3316 accurrisse.
3067 3260 3274 3315 Deinde
3308 3276 3443 3314 conv-

1862 3362 2157 3424 sequeuter
2185 3354 2342 3424 ponit
2374 3364 2430 3410 et
2456 3368 2675 3412 causas.
2719 3373 2738 3406 ι
2779 3355 2891 3426 Ego
2916 3353 3056 3425 ipse.
3097 3373 3114 3404 ο
3152 3353 3286 3408 Non.
3306 3353 3444 3409 alios

1863 3449 2022 3504 vobis
2050 3459 2325 3520 antepono
2353 3450 2499 3521 quod
2537 3450 2603 3506 ad
2632 3450 2913 3507 Christum
2960 3449 3316 3510 accesserint.
3342 3448 3439 3503 sed

1863 3557 2044 3609 neque
2075 3556 2162 3596 me
2188 3542 2392 3612 ipsum.
2436 3542 2708 3613 Eb'gerem
2754 3544 2903 3599 enim
2929 3542 3175 3597 nondum
3213 3540 3282 3595 ad
3313 3555 3440 3595 eum

1866 3634 2106 3698 venisse,
2148 3633 2194 3688 si
2231 3648 2331 3703 per
2363 3633 2470 3688 hoc
2498 3648 2596 3688 vos
2634 3632 3030 3688 accessissetis.
3085 3650 3104 3683 ι
3134 3629 3441 3686 Anathema

1867 3741 2006 3781 esse.
2048 3746 2065 3778 ι
2116 3726 2345 3783 Videtur
2375 3726 2602 3797 quidem
2643 3743 2743 3796 pro
2787 3725 3051 3781 fratribus
3093 3739 3156 3779 ac
3199 3722 3445 3793 cognatis

1868 3818 2168 3873 abalienari
2190 3835 2221 3873 a
2247 3818 2490 3886 Christo,
2516 3836 2640 3874 nam
2669 3820 2727 3874 id
2741 3819 2992 3888 designat
3016 3838 3031 3868 ι
3060 3815 3378 3870 Anathema.
3418 3832 3436 3862 ι

1871 3908 2125 3964 Attamen
2156 3919 2346 3964 exacte
2379 3910 2612 3965 intuenti
2642 3909 2928 3979 apparebit
2972 3907 3043 3961 ob
3075 3904 3278 3959 Christi
3306 3903 3445 3958 dile-

1871 4001 2106 4055 ctionem
2138 4000 2254 4055 haac
2272 3999 2494 4055 dixisse.
2514 3999 2759 4066 Quonam
2783 3998 2982 4053 modo?
3003 3998 3137 4051 Cum
3161 3993 3446 4050 Christum

1872 4093 2230 4162 blasphemiis
2258 4094 2443 4163 appeti
2468 4093 2682 4148 videret
2708 4110 2738 4147 a
2779 4091 3002 4153 Judaeis,
3036 4095 3225 4158 utpote
3254 4086 3446 4140 dicen-

1873 4184 2058 4240 tibus:
2084 4185 2193 4240 Nos
2229 4185 2322 4256 qui
2364 4185 2538 4255 legem
2571 4201 2635 4239 ac
2665 4185 2961 4254 prophetas
2988 4181 3320 4250 accepimus,
3351 4175 3453 4247 qui

1873 4276 2092 4332 Christo
2118 4277 2500 4348 progenitores
2539 4276 2766 4341 fuimus,
2796 4290 3032 4344 quorum
3057 4280 3176 4326 erat
3199 4270 3447 4339 adoptio,

1874 4370 2033 4441 ejeeti
2065 4385 2257 4425 sumus
2281 4410 2295 4434 ,
2334 4379 2393 4425 et
2432 4370 2556 4427 loco
2602 4371 2773 4425 nostri
2823 4367 3157 4422 introierunt
3195 4362 3448 4418 homines

1877 4464 2042 4519 modo
2094 4464 2164 4520 ab
2215 4463 2329 4519 aris
2379 4479 2443 4520 ac
2492 4462 2687 4517 nidore
2735 4459 3131 4517 sacriﬁciorum
3175 4453 3448 4511 idolorum

235 4552 597 4647 ἑκϐεϐλήμεθα,
656 4552 1009 4648 ἀντεισῑγλθον
1051 4552 1109 4632 δὲ
1157 4552 1437 4647 ἄνθρωποι
1466 4552 1609 4647 ’ἄρτι
1659 4578 1768 4631 τῶν

1877 4558 2108 4629 egressi.
2141 4557 2281 4626 Quia
2310 4557 2478 4629 igitur
2512 4557 2631 4612 haec
2658 4555 2906 4610 dicentes
2937 4559 3178 4612 neverat,
3206 4564 3276 4603 ne
3305 4552 3453 4601 esset

239 4660 411 4731 βωμῶν
438 4670 530 4722 καὶ
557 4670 658 4740 τῆς
692 4669 918 4737 κνίσσης
940 4667 1265 4733 ἐξελθόντες.
1300 4667 1452 4721 Ἐπεὶ
1478 4662 1571 4739 οὖν
1598 4668 1777 4722 ταῦτα

236 4751 457 4821 λέγοντας
479 4759 621 4830 ᾔδει,
647 4759 788 4832 ὑπὲρ
816 4759 909 4812 τοῦ
944 4760 1018 4831 μὴ
1046 4755 1186 4812 εἶναι
1215 4760 1489 4830 πρόφασιν
1525 4759 1773 4831 βλασφη-

242 4846 345 4911 μίας
371 4851 505 4904 κατά
545 4852 643 4906 τοῦ
678 4850 839 4915 Θεοῦ,
869 4850 1133 4921 ἠϐούλετο
1164 4852 1492 4922 ἐπιπρέψαι
1526 4852 1619 4906 καὶ
1647 4852 1776 4916 τοὺς

248 4934 531 5007 Ἰουδαίους,
578 4944 658 5006 ὼς
691 4944 790 4998 καλ¹
831 4942 1080 5014 ἀνάθεμα
1132 4942 1273 5015 ὑπὲρ
1325 4942 1518 4997 τούτου
1568 4943 1777 4998 ἐθέλειν

240 5031 478 5101 γενέσθαι,
514 5036 651 5107 ῦπαρ
690 5036 961 5089 δεικτικόν
990 5037 1107 5089 ἐστι
1140 5036 1242 5104 τῆς
1267 5037 1489 5106 ἀγάπης
1524 5035 1618 5091 τοῦ
1642 5037 1776 5106 Χρι-

247 5121 368 5175 στοῦ.
398 5127 491 5179 Ὃν
522 5126 639 5198 γὰρ
664 5126 891 5196 οὐδεμία
935 5126 1112 5190 κτίσις
1148 5128 1381 5198 χωρίσαι
1410 5127 1617 5196 ἴσχυσε,
1661 5128 1777 5193 πῶς

247 5213 300 5263 ἂν
321 5214 569 5286 ἐχώρισεν
598 5219 790 5289 ἀγάπη
822 5221 1098 5288 συγγενῶν
1134 5220 1226 5273 καὶ
1249 5220 1533 5289 ἀδελφῶν;
1566 5240 1587 5272 ι
1608 5219 1780 5286 Αὐτὸς

249 5304 356 5373 ἐγώ.
378 5327 397 5361 ι
427 5311 482 5364 '0
500 5311 837 5379 διδάσκαλος,
856 5313 1011 5384 φησι,
1041 5312 1276 5377 πάντων,
1303 5314 1333 5366 ό
1356 5312 1584 5384 μυρίους
1614 5328 1782 5382 προσ-

250 5394 396 5453 δοκῶν
431 5403 742 5473 στεφάνους,
773 5406 802 5458 ὁ
842 5405 1060 5460 πάντων
1088 5403 1259 5459 αὑτοῦ
1275 5403 1371 5474 τὴν
1393 5404 1619 5474 ἀγάπην
1647 5421 1783 5475 προ-

251 5489 417 5556 τιμῶν.
442 5512 461 5545 ι
496 5494 630 5549 Ἀπὸ
672 5497 767 5551 τοῦ
799 5494 1062 5568 Χριστοῦ.
1092 5514 1120 5549 ι
1147 5495 1247 5553 Διά
1291 5497 1392 5567 τὴν
1424 5496 1649 5566 ἀγάπην
1685 5493 1781 5548 τοῦ

255 5576 461 5645 Χριστοῦ
489 5585 641 5640 τοῦτο
693 5583 867 5641 εἷπεν.
923 5586 1216 5641 Ἤϐούλετο
1258 5586 1369 5658 γὰρ
1424 5587 1585 5640 αὐτὸν
1633 5585 1786 5656 παρά

257 5668 447 5727 πάντων
482 5675 816 5744 δοξάζεσθαι,
857 5678 993 5733 ἀλλά
1025 5679 1100 5749 μὴ
1143 5678 1465 5749 βουλόμενος
1490 5676 1786 5748 δημοσιεῦ-

261 5773 334 5811 σαι
377 5763 432 5817 τὸ
483 5768 723 5838 χάρισμα
757 5769 1024 5841 (χάρισμα
1070 5770 1200 5839 γὰρ,
1253 5770 1313 5822 τὸ
1362 5769 1535 5832 οῦτως
1566 5770 1787 5839 ἀγαπᾷν

260 5851 335 5905 τὸν
360 5852 620 5931 Χριστὸν),
658 5865 783 5927 τοὺς
824 5865 1105 5933 συγγενεῖς
1149 5863 1367 5933 ἀγαπᾷν
1409 5860 1571 5915 αὑτὸν
1626 5859 1790 5915 πλέον

1875 4651 1988 4708 ulla
2025 4651 2379 4722 blasphemia:
2415 4652 2680 4705 adversus
2710 4647 2988 4701 Christum
3019 4642 3259 4705 occasio,
3289 4638 3452 4709 323

1876 4742 2154 4813 cupiebat,
2188 4752 2243 4798 et
2269 4742 2487 4798 Iudaeos
2520 4753 2818 4796 conversos
2847 4751 2987 4795 esse.
3028 4733 3166 4788 adeo
3198 4741 3258 4786 ut
3286 4731 3451 4784 etiam

1878 4838 2164 4892 anathema
2192 4835 2262 4889 ob
2291 4835 2395 4889 hoc
2419 4833 2537 4899 fieri
2571 4832 2754 4893 vellet.
2785 4828 2930 4899 quod
2962 4822 3455 4880 demonstrativum

1879 4942 1962 4990 cst
1990 4932 2304 4988 dilectionis
2336 4928 2560 4986 Christi.
2595 4927 2766 4993 Quem
2807 4923 2954 4977 enim
2988 4919 3137 4975 nulla
3160 4917 3337 4988 potuit
3363 4932 3455 4970 se-

1880 5043 2076 5097 parare
2123 5032 2397 5085 creatura,
2442 5019 2720 5089 quomodo
2770 5021 3075 5084 separasset
3102 5010 3329 5067 dileCtio
3367 5024 3458 5062 co-

1882 5127 2172 5192 gnatorum
2208 5130 2274 5169 ac
2300 5114 2530 5167 fratrum
2555 5110 2614 5162 ἳι
2645 5109 2759 5177 Ego
2794 5106 2931 5175 ipse.
2962 5123 2981 5156 ι
3017 5104 3347 5172 Praeceptor,
3374 5102 3460 5153 in-

1884 5211 2023 5281 quit,
2079 5206 2348 5271 omnium,
2409 5203 2502 5274 qui
2552 5200 2704 5257 mille
2753 5205 3012 5266 exspecto
3060 5210 3310 5257 coronas,
3355 5195 3461 5262 qui

1886 5303 2034 5359 illius
2087 5297 2440 5355 dilectionem
2487 5291 2701 5349 cunctis
2756 5290 2922 5346 rebus
2981 5297 3276 5359 antepono.
3340 5304 3357 5336 ι
3417 5284 3461 5338 Λ

1886 5392 2132 5448 Christo.
2172 5409 2190 5441 ι
2238 5390 2472 5457 Pr0pter
2496 5384 2702 5440 Christi
2735 5397 2979 5439 amorem
3014 5381 3119 5435 hoc
3145 5378 3280 5434 dixit
3313 5394 3327 5439 ;
3360 5392 3461 5432 cu-

1891 5485 2079 5556 piebat
2103 5482 2252 5538 enim
2283 5480 2461 5550 ipsum
2492 5474 2846 5534 abomnibus
2877 5471 3192 5544 gloriﬁcari,
3225 5468 3319 5524 sed
3360 5481 3463 5522 no-

1890 5577 2012 5632 lens
2041 5572 2391 5629 manilestum
2420 5568 2538 5624 fieri
2566 5568 2672 5625 hoc
2699 5566 2904 5621 donum
2941 5561 3235 5632 (siquidem
3256 5559 3463 5613 donum

1891 5680 1977 5729 est
2002 5671 2078 5725 ita
2100 5669 2382 5724 Christum
2410 5662 2681 5735 diligere),
2712 5666 2975 5731 cognatos
3000 5674 3058 5712 se
3082 5656 3316 5724 amplius
3342 5653 3467 5707 dili-

1895 5779 2024 5836 gere
2039 5762 2281 5818 simulat.
2304 5779 2322 5811 ι
2349 5760 2455 5813 Pro
2471 5755 2735 5810 fratribus
2756 5751 2913 5806 meis.
2930 5748 3255 5803 uOstendere
3278 5747 3469 5801 volens

1897 5858 2226 5912 immensum
2252 5864 2413 5907 suum
2446 5860 2688 5903 amorem
2712 5860 2774 5898 ac
2795 5841 3041 5897 studium
3075 5855 3202 5907 erga
3224 5838 3462 5899 Judzeos,
