3880 6602
466 425 574 490 503

1518 429 1912 489 (ECUMENII
1949 426 2240 486 TRICCAE
2264 423 2606 507 EPISCOI’I
3560 426 3643 488 50$

465 541 611 595 illico
659 539 751 594 ubi
796 539 1026 594 dixisset
1056 559 1068 593 :
1097 562 1111 590 ι
1151 541 1294 595 Nihil
1329 556 1414 596 me
1449 550 1628 611 potest
1660 558 1689 595 a
1721 541 1815 596 Dei
1850 556 2037 596 amore

2156 540 2516 610 ὓποκρίνεται.
2557 556 2576 588 ι
2627 536 2797 605 ’Υπὲρ
2845 534 2954 588 τῶν
3008 533 3249 600 ἀδελφῶν
3300 551 3411 602 μου,
3449 553 3465 586 s
3505 537 3648 594 Θέλων

468 645 745 704 separare,
791 655 809 686 s
840 635 1120 705 subjuugit
1162 655 1174 688 :
1215 656 1232 686 ι
1269 635 1337 690 At
1365 652 1461 705 pro
1499 637 1763 691 fratribus
1812 636 1970 700 meis,
2014 654 2032 686 s

469 723 514 780 si
560 724 669 779 illis
696 723 828 779 utile
872 734 1017 780 esset
1051 727 1114 779 ad
1149 741 1340 782 eorum
1370 727 1654 792 auxilium,
1687 728 1920 796 optarim
1949 742 2038 781 se-

467 816 649 885 parari
674 835 686 870 :
717 817 822 872 hoc
857 817 1002 873 enim
1024 818 1295 890 signiﬁcat
1324 839 1341 868 ι
1365 821 1676 875 anathema.
1703 840 1722 872 s
1763 851 1816 861 --
1852 841 1868 869 ι
1895 820 2041 886 Quo-

467 921 589 960 rum
620 916 705 961 est
738 907 984 976 adoptio,
1020 927 1039 960 s
1079 919 1187 964 etc.
1223 908 1474 964 Ostendit
1522 911 1694 964 Deum
1727 909 1864 963 nihil
1896 925 2038 978 prae-

463 997 764 1059 termisisse
809 998 877 1054 ad
907 998 1222 1055 Iudaeorum
1252 1000 1671 1056 beneﬁcentiam
1711 1016 1725 1055 :
1759 1000 1859 1069 ipsi
1911 1015 2039 1054 vero

462 1086 686 1155 propria
741 1087 1134 1158 ingratitudine
1164 1104 1232 1144 ac
1278 1090 1627 1160 improbitate
1671 1091 1740 1145 ab
1784 1090 2043 1144 omnibus

459 1177 805 1233 exciderunt.
827 1179 957 1235 Ideo
979 1181 1146 1238 etiam
1178 1181 1279 1237 Dei
1301 1182 1442 1238 dona
1467 1193 1773 1247 enumerat,
1797 1181 2044 1251 adoptio-

463 1283 612 1331 nem,
641 1270 894 1342 gloriam,
931 1272 1352 1344 Iegislationem,
1383 1289 1448 1330 ac
1477 1274 1709 1344 reliqua.
1755 1292 1773 1325 ι
1821 1273 1926 1340 Qui
1957 1283 2042 1328 est

462 1377 631 1432 super
685 1364 872 1420 omnia
923 1365 1087 1422 Deus.
1149 1385 1168 1419 ι
1238 1366 1340 1422 Hic
1393 1367 1738 1438 apertissime
1795 1367 2044 1422 nominat

458 1451 756 1522 Apostolus
809 1457 1088 1514 Christum
1142 1459 1335 1516 Deum.
1393 1460 1688 1521 Erubesce.
1735 1461 2043 1517 miserrime

460 1543 613 1612 Arie,
663 1546 899 1604 audiens
930 1564 961 1604 a
997 1549 1167 1607 Paulo
1209 1549 1502 1624 gloriﬁcari
1545 1551 1824 1608 Christum
1869 1552 2042 1607 Deum

465 1650 680 1693 verum.
721 1657 740 1694 ι
768 1639 1098 1698 Benedictus
1125 1644 1180 1698 in
1207 1645 1426 1700 saecula.
1462 1664 1481 1697 ι
1510 1645 1631 1716 Ipse
1661 1659 1761 1715 pro
1787 1644 2044 1701 omnibus

463 1733 764 1801 gratiarum
799 1736 1073 1794 actionem
1115 1741 1324 1797 retulit.
1363 1742 1444 1797 Ac
1478 1741 1524 1798 si
1559 1741 1807 1798 diceret:
1855 1742 2041 1810 Quan-

464 1837 631 1892 quam
683 1825 858 1882 ,ἰυάεί
909 1843 1040 1901 erga
1088 1830 1268 1900 ipsum
1301 1832 1414 1888 sint
1442 1832 1787 1904 blasphemi:
1837 1840 1892 1888 at
1919 1848 2040 1905 ego,

469 1914 688 1987 inquit,
719 1919 814 1990 qui
845 1936 1041 1976 arcana
1068 1923 1218 1990 novi,
1251 1926 1482 1996 ejusque
1515 1925 1916 1995 providentiam
1947 1941 2044 1981 co-

465 2024 691 2078 gnosco,
709 2013 835 2068 novi
854 2015 1001 2084 quod
1029 2016 1227 2087 dignus
1247 2017 1320 2072 sit
1335 2017 1656 2088 gloriﬁcari,
1680 2027 1870 2089 utpote
1897 2019 2045 2074 Deus

464 2100 720 2159 Christus
749 2119 916 2176 super
942 2106 1126 2161 omnia
1159 2107 1217 2163 in
1243 2109 1462 2164 secula.

2139 630 2310 695 δεῖξαι
2350 629 2448 699 τὴν
2491 628 2696 696 ἄφατον
2727 625 2892 680 αὐτοῦ
2935 625 3164 696 στοργὴν
3206 629 3296 678 καί
3331 627 3542 697 σπουδὴν
3575 632 3650 702 τὴν

2142 722 2282 792 ὑπὲρ
2315 723 2424 774 τῶν
2462 721 2755 782 Ἰουδαίων,
2823 719 3022 773 αὐτίκα
3087 720 3223 788 μετᾶ
3273 718 3332 772 τὺ
3387 721 3558 782 εἰπεῖν,
3591 724 3652 777 δτι

2148 836 2168 868 ι
2197 816 2361 870 Οὐδέν
2399 833 2464 886 με
2496 815 2718 870 δύναται
2765 815 2997 885 χωρίσαι
3041 813 3148 867 ἀπὸ
3197 813 3299 882 τῆς
3343 813 3542 885 ἀγάπης
3583 818 3654 869 τοῦ

2141 909 2298 970 Θεοῦ,
2329 931 2347 962 s
2377 911 2596 977 ἐπάγει,
2623 928 2641 960 ι
2667 907 2804 963 Ἀλλ’
2826 907 2964 978 ὑπὲρ
2984 907 3090 960 τῶν
3110 905 3352 974 ἀΐελφῶν
3375 923 3488 975 μου,
3514 925 3530 958 ι
3551 910 3590 960 εἰ
3608 905 3658 978 ἦν

2140 1002 2299 1056 τοῦτο
2327 1001 2613 1055 συντελοῦν
2645 1003 2724 1064 εἰς
2760 1002 2948 1071 ὄνησιν
2986 997 3182 1062 αὐτῶν,
3217 997 3460 1068 ηὐξάμην
3495 995 3552 1050 ἂν
3576 1017 3659 1069 χω·

2145 1095 2418 1166 ρισθῆναι.
2447 1095 2619 1149 Τοῦτο
2647 1093 2756 1164 γὰρ
2777 1092 2836 1147 τὺ
2871 1110 2891 1146 ι
2921 1091 3195 1160 Ἀνάθεμα
3228 1109 3246 1141 s
3280 1089 3538 1160 σημαίνει.
3562 1083 3660 1142 «Ὧν

2142 1187 2176 1257 ἡ
2213 1185 2476 1245 υἱοθεσία,
2517 1205 2536 1238 s
2570 1184 2665 1238 καὶ
2689 1185 2758 1237 τὰ
2811 1184 2957 1254 ἑξῆς.
2993 1181 3170 1246 Δεῖξαι
3199 1180 3362 1245 θέλει,
3389 1181 3468 1233 ὅτι
3499 1182 3524 1233 6
3559 1180 3661 1244 Θεὸς

2143 1279 2298 1332 οὐδὲν
2325 1277 2576 1348 παρῆκεν
2620 1278 2700 1339 εἰς
2746 1275 2844 1347 τὴν
2895 1274 3004 1328 τῶν
3054 1271 3328 1327 Ἰουδαίων
3369 1270 3662 1342 εὐεργεσίαν.

2144 1370 2309 1424 Αὐτοὶ
2340 1369 2418 1432 δέ,
2447 1368 2625 1440 οἰκείᾳ
2663 1367 3025 1437 ἀγνωμοσύνῃ
3061 1367 3279 1420 πάντων
3312 1363 3568 1430 ἐξέπεσον.
3599 1363 3666 1414 Διδ

2145 1462 2241 1516 καὶ
2261 1461 2550 1530 καταλέγει
2572 1459 2907 1531 τὰςξδωρεας
2927 1456 3022 1511 τοῦ
3041 1457 3196 1520 Θεοῦ,
3215 1454 3498 1520 υἰοθεσίαν,
3522 1452 3666 1518 δόξαν,

2145 1553 2488 1624 νομοθεσίαν,
2505 1551 2709 1616 καὶτὰς
2734 1551 2948 1614 λοιπάς.
2967 1569 2986 1601 ι
3009 1550 3066 1601 ’0
3089 1547 3167 1602 ῶν
3181 1550 3274 1602 ἐπὶ
3299 1546 3504 1600 πάντων
3515 1545 3664 1610 Θεός.»

2158 1641 2422 1699 Ἐνταῦθα
2464 1641 2825 1714 λαμπρότατα
2853 1640 2988 1694 Θεὸν
3018 1640 3111 1693 τὸν
3144 1637 3382 1708 Χριστὸν
3408 1635 3671 1706 ὀνομάζειό

2159 1735 2502 1801 Ἀπόστολος.
2549 1733 2900 1804 Αἰσχύνθητι,
2943 1730 3219 1802 τρισάθλιε
3273 1731 3472 1799 Ἀρειε,
3500 1727 3671 1782 ἀκούων

2146 1829 2300 1902 παρὰ
2326 1827 2537 1882 Παύλου
2563 1825 3013 1896 δοεολογοῦμενον
3035 1823 3128 1878 τὸν
3156 1823 3392 1894 Χριστὸν
3425 1819 3546 1874 Θεδν
3567 1821 3672 1889 an.

2153 1920 2324 1974 θινόν.
2359 1938 2378 1971 ι
2430 1917 2738 1990 Εὐλογητὸς
2795 1917 2876 1980 εἰς
2903 1917 3032 1979 τοὺς
3075 1913 3301 1976 αἰῶνας.
3340 1933 3358 1966 ι
3410 1911 3566 1976 Αὐτὸς
3600 1912 3673 1981 τὴν

2153 2012 2297 2084 ὑπὲρ
2329 2011 2548 2067 πάντων
2571 2010 2850 2081 ἀνήγαγεν
2877 2007 3252 2079 εὐχαριστίαν,
3283 2003 3481 2060 εἰπών·
3513 2005 3567 2058 Et
3591 2004 3672 2074 γὰρ

2155 2103 2252 2159 καί
2275 2103 2546 2165 Ἰουδαῖοι,
2603 2102 2758 2172 φησι,
2809 2099 3221 2171 βλασφημοῦσιν
3262 2099 3344 2162 εἰς
3391 2097 3558 2160 αὺτὸν,
3586 2094 3672 2148 ἀλλ’

465 2192 600 2262 ἐγὼ,
636 2195 822 2266 φησιν,
847 2199 874 2251 6
915 2197 986 2251 τὰ
1023 2199 1316 2272 ἀπόρρητα
1353 2199 1532 2266 εἰδὼς,
1584 2201 1681 2257 καὶ
1705 2201 1804 2272 τὴν
1844 2201 2105 2272 πρόνοιαν
2141 2196 2309 2252 αὑτοῦ
2347 2195 2731 2266 ἠπιστάμενος,
2764 2190 2883 2250 οἰδα
2913 2195 2997 2248 ὅτι
3035 2189 3432 2260 δοξολογεῐσθαι
3485 2189 3674 2260 ὑπάρχει

463 2282 637 2352 ἄξιος,
689 2281 776 2341 οἷα
807 2287 961 2355 Θεὸς,
1011 2291 1042 2344 6
1084 2291 1321 2362 Χριστὸς
1369 2293 1465 2346 ἐπὶ
1513 2294 1733 2348 πάντων
1778 2293 1858 2355 εἰς
1901 2291 2030 2350 τοὺς
2067 2288 2291 2351 αἰῶνας.

537 2379 628 2445 IX,
664 2381 779 2438 6-9.
809 2381 929 2438 Non
961 2394 1140 2440 autem
1162 2393 1272 2442 hac
1297 2387 1412 2442 dico
1441 2389 1580 2459 quod
1612 2388 1754 2444 velut
1793 2387 2042 2442 exciderit

465 2486 639 2528 sermo
676 2471 791 2528 Dei.
838 2474 957 2529 Non
995 2478 1135 2530 enim
1163 2493 1344 2534 omnes
1380 2481 1471 2550 qui
1507 2489 1632 2534 sunt
1665 2496 1730 2535 ea:
1765 2479 1956 2546 Israel,
1988 2479 2040 2534 hi

467 2570 593 2616 sunt
623 2561 821 2630 Israel,
855 2582 1020 2637 neque
1051 2570 1347 2641 quicunque
1382 2579 1507 2625 sunt
1545 2588 1722 2626 semen
1747 2571 2041 2636 Abraham,

469 2669 650 2709 omnes
676 2665 801 2711 sunt
821 2657 924 2725 ﬁlii
947 2677 968 2714 :
994 2661 1104 2726 sed,
1125 2660 1228 2716 Per
1256 2662 1412 2718 Isaac
1437 2664 1707 2719 vocabitur
1732 2666 1824 2719 tibi
1841 2680 2042 2726 semen.

471 2744 568 2798 hoc
611 2753 724 2809 est.
775 2764 878 2802 non
914 2755 1004 2820 qui
1053 2751 1158 2820 ﬁlii
1205 2756 1400 2817 carnis,
1431 2755 1484 2808 lii
1510 2762 1634 2808 sunt
1675 2754 1774 2824 ﬁlii
1800 2753 1918 2820 Dei,
1955 2755 2045 2810 sed

469 2835 572 2900 ﬁlii
611 2842 972 2908 promissionis
1013 2853 1331 2915 reputantur
1353 2847 1407 2900 in
1431 2864 1627 2902 semen.
1675 2847 2048 2906 Promissionis

471 2929 613 2983 enim
649 2947 824 2987 sermo
850 2935 934 2989 hic
959 2944 1072 2990 est:
1110 2937 1176 2991 In
1206 2945 1438 3009 tempore
1472 2941 1568 2994 hoc
1600 2941 1826 3006 veniam,
1863 2951 1911 2996 et
1952 2944 2050 2997 erit

473 3018 628 3076 Sorte
658 3021 829 3090 ﬁlius.

543 3205 708 3279 324
736 3207 897 3273 Ecce,
926 3209 1122 3278 inquit,
1150 3210 1315 3265 etiam
1339 3211 1628 3289 anathema
1661 3212 1775 3267 ﬁeri
1802 3215 1966 3284 cupio
1991 3224 2051 3269 ut

471 3296 645 3352 Μιόωί
678 3299 926 3360 credant,
961 3310 1018 3356 et
1050 3317 1118 3356 ne
1164 3301 1414 3358 videatur
1443 3304 1674 3359 mendax
1711 3305 1877 3360 fuisse
1909 3303 2054 3363 Deus

475 3387 530 3442 in
563 3389 651 3444 his
677 3406 799 3461 qua:
831 3393 1121 3462 promisit:
1163 3405 1402 3451 attamen
1436 3397 1480 3452 si
1504 3407 1692 3453 exacte
1734 3400 2053 3455 considera-

473 3482 736 3546 verimus,
773 3499 951 3554 neque
978 3501 1126 3543 nunc
1153 3487 1358 3542 excidit
1387 3503 1601 3544 sermo:
1639 3505 1743 3545 nec
1771 3492 1924 3546 irrita
1951 3492 2053 3548 fuit

476 3573 572 3628 Dei
597 3576 908 3643 promissio.
938 3577 1073 3632 Nam
1104 3578 1220 3636 hac
1240 3579 1373 3643 dixi,
1407 3595 1516 3635 non
1547 3583 1691 3651 quod
1722 3583 1873 3638 velut
1898 3586 2050 3640 exci-

480 3664 626 3719 derit
651 3680 832 3721 sermo
865 3667 962 3724 Dei
990 3687 1005 3722 :
1053 3669 1159 3724 hoc
1189 3681 1294 3734 est,
1341 3687 1448 3726 non
1475 3675 1601 3742 quia
1629 3675 1830 3732 excidit
1874 3693 2054 3734 sermo

479 3756 598 3820 Dei,
652 3759 747 3814 sed
779 3776 888 3830 quo
927 3761 1276 3818 dilectionem
1310 3780 1437 3836 erga
1469 3767 1591 3822 illos
1631 3770 1938 3826 ostendam.
1978 3773 2054 3826 Ac

478 3847 744 3920 deinceps
772 3853 1016 3908 ostendit
1053 3870 1164 3925 quo
1196 3865 1357 3926 pacto
1384 3857 1478 3912 Dei
1513 3875 1694 3915 sermo
1727 3877 1790 3916 ac
1820 3863 2054 3932 promis-

478 3937 563 3992 sio
606 3939 710 3994 Dei
741 3941 808 3996 ad
841 3941 1115 3999 Abraham
1147 3961 1256 4002 non
1286 3948 1575 4004 exciderit.
1618 3950 1876 4016 Quasnam
1903 3953 1924 4006 ἰ
1968 3954 2052 4008 vel

478 4030 626 4101 quod
671 4048 859 4090 semen
891 4038 1009 4107 ejus
1036 4039 1192 4108 juxta
1231 4041 1656 4110 promissionem
1694 4045 1888 4115 πριιιιιί
1928 4061 2053 4102 cum

479 4123 643 4178 astris
683 4140 915 4182 numero
961 4128 1208 4186 futurum
1249 4143 1413 4188 esset.
1466 4135 1664 4190 Semen
1705 4146 1886 4191 autem
1935 4139 2056 4207 ejus

477 4215 780 4272 secundum
816 4221 1241 4289 promissionem
1273 4235 1356 4280 est
1388 4226 1650 4292 ﬁdelium,
1688 4229 1782 4297 qui
1812 4245 1842 4283 a
1872 4229 2055 4285 divina

480 4305 833 4366 Providentia
883 4327 994 4369 non
1045 4315 1390 4372 exciderunt.
1441 4335 1460 4369 ι
1496 4318 1615 4373 Non
1643 4320 1833 4374 veluti.
1867 4341 1884 4372 ε
1936 4322 2056 4376 Νοη

483 4398 683 4466 sol-um,
733 4402 946 4472 inquit,
982 4421 1092 4460 non
1126 4407 1329 4462 excidit
1363 4424 1546 4464 sermo
1580 4410 1699 4473 Dei,
1739 4411 1835 4465 sed
1879 4428 2056 4482 neque

2212 2385 2335 2452 Οὐχ
2367 2377 2497 2438 οἷον
2520 2382 2590 2436 δὲ
2617 2381 2707 2435 ὅτι
2733 2380 3118 2435 ἐκπέπτωκεν
3144 2380 3178 2433 d
3209 2378 3396 2448 ,λόγος
3424 2373 3521 2428 τοῦ
3543 2372 3675 2428 Θεοῦ.

2152 2477 2236 2530 Οὐ
2278 2473 2390 2544 γὰρ
2438 2474 2658 2539 πάντες
2701 2475 2754 2527 ol
2809 2473 2878 2537 ἐξ
2913 2469 3198 2539 Ἰσραὴλ,
3229 2465 3395 2525 οὗτοι
3441 2467 3674 2535 Ἰσραήλ·

2149 2567 2276 2622 οὐδ’
2307 2566 2442 2620 ὅσοι
2487 2565 2606 2621 εἰσί
2638 2565 2879 2634 σπέρμα
2906 2563 3184 2632 Ἀϐραὰμ,
3234 2560 3456 2627 πάντες
3499 2559 3675 2613 τέκνα·

2149 2659 2309 2724 ἀλλ’,
2358 2659 2462 2713 Ἔν
2490 2659 2696 2714 Ἰσαὰκ
2738 2655 3106 2723 κληθήσεταί
3127 2671 3226 2710 σοι
3279 2652 3525 2722 σπέρμα,
3549 2666 3679 2703 τουτ-

2147 2749 2341 2816 έστιν,
2377 2752 2449 2805 οὐ
2477 2750 2545 2805 τὰ
2578 2749 2762 2804 τέκνα
2787 2748 2896 2818 τῆς
2928 2749 3174 2818 σαρκὸς,
3201 2745 3391 2801 ταῦτα
3416 2742 3577 2797 τέκνα
3597 2740 3678 2794 τοῦ

2150 2842 2300 2897 Θεοῦ
2320 2859 2334 2873 ⁶
2369 2844 2532 2897 ἀλλὰ
2554 2842 2628 2896 τὰ
2659 2840 2843 2896 τέκνα
2879 2840 2990 2908 τῆς
3023 2840 3408 2909 ἐπαγγελίας,
3436 2833 3676 2905 λογίζεται

2148 2933 2236 2996 εἰς
2298 2933 2558 3001 σπέρμα.
2599 2932 2995 3002 Ἐπιιπτελίας
3042 2933 3152 2999 γὰρ
3205 2933 3239 2984 ὀ
3293 2930 3469 2999 λόγος
3516 2919 3675 2989 οὗτος

2151 3023 2314 3078 Κατὰ
2360 3026 2467 3077 τὸν
2504 3024 2716 3094 καιρὸν
2759 3024 2976 3080 τοῦτον
3009 3023 3376 3091 ἐλεύσομαι,
3421 3016 3512 3073 καί
3543 3016 3679 3070 ἔσται

2152 3114 2226 3183 τῇ
2261 3115 2458 3185 Σάρῤᾳ
2494 3117 2644 3184 υίός.

2229 3208 2384 3274 Ἰδοὺ,
2422 3211 2580 3279 φησὶ,
2610 3211 2707 3262 καὶ
2744 3207 2993 3278 ἀνάθεμα
3026 3206 3173 3278 ζητῶ
3192 3203 3446 3276 γενέσθαι
3468 3202 3590 3271 ὑπὲρ
3608 3199 3679 3253 τοῦ

2155 3299 2444 3353 πιστεῦσαι
2504 3299 2811 3364 Ἰουδαίους,
2867 3299 2962 3352 καὶ
3018 3299 3108 3351 ἵνα
3173 3296 3251 3367 μὴ
3291 3293 3417 3372 δόξῃ
3463 3290 3677 3362 ἐψεῦσθαι

2154 3392 2184 3443 6
2223 3392 2355 3456 Θεὸς
2385 3392 2469 3460 ἐφ’
2506 3387 2590 3457 οἷς
2625 3392 2981 3464 ἐπήγγελται.
3032 3390 3144 3445 Καὶ
3189 3390 3342 3460 ὅμως
3392 3386 3480 3441 ἐὰν
3523 3386 3680 3454 ἰδωμεν

2155 3485 2421 3556 ἀκριϐῶς,
2463 3484 2588 3538 οὔτε
2619 3484 2718 3540 νῦν
2761 3485 3018 3552 ἐξέπεσεν
3055 3485 3084 3538 6
3122 3482 3302 3551 λόγος,
3353 3482 3497 3550 καὶὴ
3545 3480 3681 3544 ἑπαγ-

2156 3577 2318 3646 γελία
2358 3576 2453 3631 τοῦ
2486 3577 2625 3631 Θεοῦ
2673 3577 2774 3632 οὐκ
2821 3577 3103 3647 ἐψεύσατο.
3139 3574 3329 3629 Ταῦτα
3379 3573 3501 3643 γὰρ,
3533 3569 3679 3642 φησὶν.

2159 3663 2331 3732 εἷπον,
2364 3669 2463 3740 οὐχ
2518 3661 2632 3721 οἷον
2689 3667 2771 3722 ὅτι
2796 3667 3150 3721 ἐκπέπτωκεν
3179 3667 3207 3718 6
3236 3663 3394 3732 λόγος
3434 3661 3521 3715 τοῦ
3557 3656 3679 3715 Θεοῦ.

2160 3760 2460 3824 τουτέστιν,
2489 3759 2590 3814 οὐκ
2614 3758 2802 3828 ἐπειδὴ
2827 3758 3180 3812 ἐκπέπτωκεν
3212 3757 3240 3810 ὁ
3271 3757 3428 3824 λόγος
3451 3751 3536 3804 τοῦ
3556 3746 3678 3811 Θεοῦ,

2161 3851 2276 3905 ἀλλ’
2306 3852 2396 3905 ἵνα
2421 3851 2522 3922 τὴν
2568 3851 2706 3922 πρδς
2734 3850 2931 3914 αὐτοὺς
2973 3851 3194 3920 ἀγάπην
3241 3847 3569 3914 ἐνδείξωμαι.
3600 3838 3679 3892 Καὶ

2158 3944 2346 3998 λοιπὸν
2384 3943 2626 3998 δείκνυσι
2655 3943 2772 4006 πῶς
2803 3945 2832 3996 6
2857 3943 3018 4011 λόγος
3062 3942 3156 3997 τοῦ
3185 3939 3348 4005 Θέοῦ,
3387 3940 3476 3993 καὶ
3513 3937 3542 4006 ἠ
3577 3931 3682 4001 πρὸς

2171 4037 2426 4107 Ἀϐραὰμ
2460 4035 2764 4104 ἐπαγγελία
2785 4033 2879 4088 τοῦ
2903 4035 3041 4090 Θεοῦ
3093 4036 3193 4088 οὐκ
3215 4033 3547 4087 ἐκπέηπτωκε.
3579 4022 3682 4079 Ποία

2159 4131 2331 4200 δῆτα;
2364 4128 2430 4181 Ἠ
2451 4127 2511 4181 τὸ
2539 4127 2659 4181 κατ’
2692 4126 3026 4196 ἐπαγγελίαν
3049 4125 3213 4180 αὑτοῦ
3249 4125 3469 4194 σπέρμα
3491 4120 3680 4185 λέγουσι

2163 4221 2456 4291 ἰσάριθμον
2493 4218 2713 4272 ἔσεσθαι
2767 4223 2873 4282 τοῖς
2922 4218 3164 4290 ἄστροις.
3204 4218 3346 4270 Κατ’
3397 4207 3680 4278 ἐπαγγελίαν

2159 4313 2217 4368 δὲ
2248 4311 2415 4367 αὐτοῦ
2441 4311 2685 4382 σπέρμα,
2711 4310 2773 4363 τὸ
2801 4309 2909 4364 τῶν
2936 4309 3166 4372 πιστῶν,
3200 4307 3296 4361 καὶ
3325 4305 3422 4360 οὐκ
3444 4305 3680 4356 ἐκπεπτω-

2161 4407 2337 4460 κότων
2378 4387 2477 4476 τῆς
2521 4404 2674 4468 θείας
2714 4402 2991 4474 προνοίας.
3033 4421 3051 4453 ι
3083 4395 3198 4472 Οὐχ
3223 4396 3357 4454 οἷον.
3387 4415 3405 4451 s
3429 4428 3494 4438 ——
3522 4383 3680 4466 [NN

479 4491 650 4544 veluti
694 4491 1002 4547 exciderit:
1046 4496 1152 4550 hoc
1179 4505 1282 4562 est,
1318 4498 1411 4552 sed
1446 4514 1626 4568 neque
1660 4516 1830 4572 prope
1865 4479 2049 4558 luit—ul

2163 4500 2240 4553 Οὐ
2267 4500 2447 4570 μόνον,
2475 4499 2662 4568 φησὶν,
2693 4497 2794 4549 οὐκ
2823 4496 3185 4548 ἐκπέπτωκεν
3211 4496 3238 4548 6
3272 4493 3425 4562 λόγος
3457 4487 3541 4544 τοῦ
3559 4479 3681 4545 Θεοῦ,

478 4581 778 4644 excideret.
823 4585 908 4640 vel
943 4594 1004 4640 ut
1031 4587 1300 4643 excidisse
1329 4589 1632 4646 videretur.
1687 4611 1704 4642 ι
1742 4593 1859 4647 Νοη
1907 4594 2056 4649 enim

480 4690 672 4731 omnes
690 4676 783 4746 qui
810 4687 1023 4734 suntex
1043 4679 1228 4745 Israel,
1259 4701 1278 4732 ›
1306 4691 1412 4736 etc.
1432 4683 1501 4736 Et
1525 4686 1822 4754 quomodo,
1855 4688 2055 4758 inquit,

476 4782 589 4820 non
621 4768 826 4824 excidit
851 4771 1081 4826 verbum
1111 4772 1208 4827 Dei
1235 4774 1258 4827 ?
1284 4775 1604 4844 quomodo?
1629 4777 1767 4844 Quia
1795 4795 1904 4834 non
1937 4796 2058 4836 om-

482 4873 580 4913 nes
608 4861 702 4929 qui
751 4873 878 4918 sunt
913 4879 980 4919 ex
1015 4865 1222 4931 Israel,
1265 4866 1524 4924 Israelita:
1558 4880 1705 4925 sunt.
1746 4891 1763 4924 ι
1802 4873 1908 4928 hoc
1950 4884 2056 4938 est,

480 4966 668 5006 semen
716 4954 1010 5014 Abraham.
1055 4959 1262 5015 Deinde
1297 4960 1401 5016 hoc
1445 4963 1722 5032 explanat.
1754 4965 1871 5020 Non
1907 4966 2053 5021 enim

483 5059 552 5098 eo
581 5045 727 5114 quod
751 5048 862 5102 sint
889 5050 1054 5120 aliqui
1077 5051 1175 5109 lilii
1200 5054 1447 5109 carnales
1473 5054 1769 5121 Abraham,
1793 5058 2056 5114 continuo

475 5137 588 5206 jam
637 5138 802 5192 etiam
842 5139 939 5194 lilii
983 5152 1114 5197 sunt
1161 5145 1466 5199 secundum
1511 5148 1952 5216 promissionem,
2000 5157 2058 5204 et

481 5228 684 5298 quibus
705 5231 996 5299 promissio
1029 5233 1168 5289 facta
1197 5243 1282 5290 est
1317 5254 1330 5290 :
1361 5237 1457 5292 Sed
1488 5238 1583 5308 qui
1613 5239 1723 5294 sint
1755 5240 1847 5295 ﬁlii
1878 5241 2056 5296 Abra-

484 5318 610 5372 ham
653 5319 804 5390 audi,
849 5321 1047 5390 inquit,
1090 5323 1450 5394 Scripturam.
1505 5327 1641 5382 Vide
1691 5337 1872 5384 autem
1912 5331 2059 5400 quod

483 5429 592 5467 non
625 5412 871 5469 dixerit:
907 5415 985 5470 Ex
1017 5416 1206 5480 Iacob,
1241 5419 1335 5473 sed
1381 5436 1400 5468 ι
1440 5418 1517 5473 Ex
1555 5420 1741 5487 Israel,
1779 5441 1798 5473 ι
1847 5438 1946 5492 pro
1985 5423 2056 5478 si-

481 5519 588 5570 gno
616 5504 838 5562 virtutis
865 5521 1077 5576 ponens
1104 5507 1402 5564 dictionem
1449 5528 1467 5560 ι
1495 5510 1656 5566 Israel
1701 5531 1718 5563 ι
1765 5528 1828 5568 ac
1853 5513 2058 5568 donum

482 5610 781 5664 supernum
830 5599 1146 5654 ostendens.
1177 5600 1233 5658 Si
1271 5616 1382 5656 non
1414 5617 1607 5658 omnes
1634 5605 1727 5674 qui
1755 5620 1820 5658 ex
1849 5607 2059 5662 semine

483 5699 612 5744 sunt
640 5689 936 5757 Abraham,
976 5693 1030 5747 bi
1061 5693 1225 5749 etiam
1259 5693 1352 5749 ﬁlii
1389 5702 1514 5749 sunt
1548 5694 1843 5762 Abraham,
1883 5699 2057 5752 mani-

484 5780 680 5838 festum
713 5795 863 5840 certe
900 5797 982 5841 est
1016 5787 1183 5840 alium
1219 5801 1340 5842 esse
1369 5786 1590 5842 modum
1623 5787 1716 5857 qui
1744 5803 1840 5842 eos
1865 5789 2059 5842 red-dat

486 5872 623 5931 ﬁlios
651 5876 922 5934 Abraham
953 5889 1151 5950 praeter
1179 5880 1519 5936 nativitatem
1553 5895 1674 5950 qua:
1697 5879 1766 5935 ab
1791 5879 1909 5950 ipso
1945 5889 2048 5936 cst.

2161 4593 2278 4647 ἀλλ’
2298 4593 2418 4646 eos:
2447 4587 2559 4645 οἷον
2589 4590 2942 4644 ἐκπέπτωκεν
2965 4605 2978 4619 -
3004 4582 3136 4651 οἷον,
3160 4587 3275 4641 ἀλλ’
3306 4586 3424 4640 οὐδὲ
3455 4581 3600 4651 ἐγγὺς
3616 4575 3684 4646 γέ·

2162 4702 2289 4754 γονε
2315 4684 2408 4743 τοῦ
2441 4685 2717 4744 ἐκπεσεῖν,
2748 4682 2781 4752 ἢ
2810 4683 2985 4734 δοκεῖν
3015 4681 3447 4734 ἐκπεπτωκέναι.
3470 4694 3486 4726 ι
3514 4673 3578 4727 Οὐ
3601 4669 3683 4738 γὰρ

2164 4779 2367 4839 πάντες
2384 4778 2433 4829 οἰ
2452 4775 2510 4843 ἐξ
2530 4773 2770 4846 Ἰσραὴλ,
2803 4793 2821 4825 s
2857 4773 2954 4827 καὶ
2977 4773 3044 4826 τὰ
3071 4771 3218 4844 ἑξῆς.
3246 4771 3358 4824 Καὶ
3388 4768 3516 4831 πῶς,
3533 4761 3679 4832 φησὶν.

2163 4870 2264 4923 οὐκ
2298 4869 2557 4934 ἐξέπεσεν
2583 4869 2611 4920 6
2642 4867 2797 4933 λόγος
2836 4865 2930 4918 τοῦ
2955 4864 3125 4930 Θεοῦ;
3155 4863 3317 4928 Πῶς;
3361 4863 3476 4915 Ὀτι
3500 4859 3552 4910 οὐ
3574 4854 3681 4907 πάν-

2163 4972 2256 5020 τες
2281 4957 2332 5008 οἰ
2361 4955 2420 5020 ἐξ
2454 4954 2692 5025 Ἰσραὴλ,
2717 4953 3051 5024 Ἰσραηλῖται
3073 4956 3201 5013 εἰσι,
3218 4953 3476 5011 τουτέστι,
3499 4943 3680 5012 σπέρμα

2177 5047 2447 5118 Ἀϐραάμ.
2473 5047 2606 5100 Εἶτα
2640 5045 2923 5116 σαφηνίζει
2953 5045 3101 5098 αὑτό.
3131 5044 3206 5098 Οὐ
3228 5043 3336 5112 γὰρ
3357 5038 3529 5108 ἐπειδὴ
3551 5047 3678 5092 τινες,

2164 5139 2322 5211 φησί,
2357 5138 2524 5192 τέκνα
2571 5137 2810 5208 σαρκικὰ
2857 5135 2955 5190 τοῦ
2982 5135 3255 5207 Ἀϐραὰμ,
3312 5132 3409 5204 ἠδη
3439 5127 3525 5182 καί
3549 5123 3678 5177 τέκνα

2163 5233 2273 5288 εἰσὶ
2323 5233 2446 5285 κατ’
2493 5229 2846 5298 ἐπαγγελίαν,
2881 5231 2975 5283 καὶ
3002 5223 3082 5292 οἷς
3127 5229 3160 5298 ἡ
3201 5221 3494 5294 ἐπαγγελία

2175 5325 2335 5379 Ἀλλὰ
2374 5322 2499 5376 ποῖά
2541 5325 2658 5375 ἐστι
2686 5323 2852 5374 τέκνα
2894 5319 3167 5391 Ἀϐραὰμ,
3215 5318 3400 5378 ἄκουε,
3443 5311 3578 5382 φησί,
3600 5311 3676 5372 τῆς

2163 5419 2406 5487 Γραφῆς.
2440 5416 2586 5485 Ὅρα
2613 5415 2668 5468 δέ
2690 5431 2705 5445 ·
2741 5414 2855 5467 Οὐκ
2890 5413 3044 5469 εἶπεν
3058 5411 3147 5475 Ἐξ
3173 5409 3388 5472 Ἰακὼϐ,
3407 5404 3531 5467 ἀλλ’,
3565 5419 3583 5451 t
3606 5393 3676 5458 Ἐξ

2175 5511 2415 5583 Ἰσραὴλ,
2455 5529 2473 5562 ι
2525 5511 2586 5564 τὸ
2632 5510 2734 5578 τῆς
2781 5509 2984 5581 ἀρετῆς
3028 5505 3314 5575 γνώρισμα
3359 5489 3673 5583 τεθυκὼς.τρ

2170 5623 2190 5657 ι
2224 5580 2464 5676 Ἰσραὴλ,
2500 5623 2520 5657 s
2562 5603 2654 5656 καὶ
2680 5580 2895 5664 δεικνὺς
2917 5601 3017 5671 τὴν
3048 5596 3253 5653 ἄνωθεν
3275 5580 3672 5686 δωρεάνέείοῦχί

2165 5675 2390 5761 πάντες,
2424 5696 2614 5766 φησὶν,
2641 5696 2690 5748 οἰ
2721 5696 2784 5747 ἐκ
2816 5693 3124 5762 σπέρματος
3159 5688 3427 5756 Ἀδραὰμ,
3454 5675 3581 5735 οὗτοι
3603 5675 3671 5774 ιιρὶ

2163 5787 2329 5842 τέκνα
2359 5788 2634 5859 Ἀϐραὰμ,
2671 5787 2910 5854 δηλονότι
2931 5783 3086 5840 ἄλλος
3115 5783 3232 5834 ἐστί
3263 5775 3503 5872 τρόποςΔὸ
3531 5777 3671 5872 fami:

2160 5880 2355 5944 αὐτοὺς
2382 5881 2546 5933 τέκνα
2577 5878 2669 5932 τοῦ
2698 5876 2970 5947 Ἀϐραὰμ,
3003 5875 3096 5928 καὶ
3124 5874 3243 5942 οὐχὶ
3271 5874 3301 5942 ἡ
3327 5869 3382 5935 ἐξ
3407 5859 3553 5920 αὐτοῦ
3575 5854 3664 5926 γέν·
