3880 6562
247 447 337 511 :05
874 421 878 424 ’
1247 425 1630 485 COMMENT.
1681 420 1756 480 IN

1901 422 2038 480 [S’I‘.
2083 424 2184 482 AD
2225 425 2406 483 RUM.
3341 423 3446 485 506

245 570 389 625 νησις.
425 549 512 611 Τίς
538 547 589 600 δὲ
618 539 800 609 οῦτος;
833 543 892 595 'U
926 542 1021 610 τῆς
1056 538 1389 606 ἐπλγγελίας
1412 555 1424 569 ο
1467 536 1765 595 τουτέστιν,

1901 541 2008 605 luis
2030 551 2209 594 autem
2249 541 2339 594 ille
2365 547 2448 592 est
2477 539 2499 591 ’ί
2527 537 2946 592 Promissionis:
2975 537 3078 591 hoc
3103 548 3186 591 est
3243 539 3316 592 illi
3349 540 3445 596 ﬁlii

243 650 414 702 ixsivot
433 642 590 695 τέκνα
617 638 776 701 εἰσιν,
806 637 855 688 0i
887 635 977 688 καὶ
1007 633 1105 703 τῆς
1140 631 1472 700 ἐπαγγελίας
1513 629 1772 694 ἀξιωθέν-

1901 645 2004 688 unt
2037 634 2134 704 qui
2183 634 2345 688 etiam
2396 635 2760 705 promissione
2802 634 2949 704 digni
2987 635 3158 688 habili
3191 644 3317 688 sunt
3351 652 3364 687 :
3393 643 3449 689 et

242 757 337 804 τες,
362 736 447 790 καὶ
467 728 852 800 πληθυιιθὲντες
872 728 946 790 ὼς
971 727 1038 780 τὰ
1069 725 1243 794 ἄστρα
1268 722 1362 776 τοῦ
1387 721 1640 791 οὐρανοῦ,
1663 715 1774 772 οἷόν

1901 727 2218 794 nultiplicati
2258 735 2514 794 tanquam
2535 735 2682 778 astra
2713 725 2860 787 caeli,
2879 723 3051 778 veluti
3080 732 3204 776 sunt
3238 723 3446 784 ﬁdeles,

242 832 362 885 εἰσιν
382 827 429 880 oi
458 825 651 884 πιστοὶ,
681 821 981 884 τουτέστιν,
1011 821 1071 873 οὐ
1105 819 1172 872 τὰ
1204 818 1390 871 τέκνα.
1427 835 1446 868 ι
1485 815 1775 868 Τουτέστιν

1902 819 1929 869 ιΙ
1971 827 2076 880 est,
2129 833 2239 872 non
2288 815 2384 870 lilii
2433 817 2696 871 carnales.
2747 837 2764 868 ι
2804 816 2917 871 Hoc
2961 825 3043 872 est
3072 833 3180 870 non
3211 816 3302 886 qui
3352 815 3446 869 ﬁlii

241 918 378 976 οὔτὰ
405 917 561 970 τέκνα
597 915 694 985 τῆς
727 915 948 982 σαρκὸς,
984 932 1002 963 ι
1036 913 1129 965 καί
1160 912 1226 964 τὰ
1257 911 1398 979 ἑξῆς.
1434 909 1565 962 Εἶτα
1599 910 1774 977 ἑρμη-

1901 912 2080 975 rarnis,
2115 931 2132 963 ι
2166 921 2274 966 etc.
2321 912 2529 966 Deinde
2566 912 2846 966 recitatam
2873 911 3268 978 interpretatur
3299 908 3449 963 Scri-

241 1009 366 1064 νεύει
400 1007 494 1078 τὴν
520 1003 961 1070 ἀναγνωσθεῖσαν
1001 1003 1244 1072 Γραφὴν,
1281 1001 1333 1054 τί
1363 1003 1478 1054 ἐστι
1518 999 1600 1058 τὸ,
1637 1019 1654 1050 ι
1686 999 1775 1051 Ἐν

1901 1015 2118 1069 ituram,
2139 1006 2268 1075 quid
2295 1008 2400 1062 sit:
2426 1025 2444 1057 ι
2477 1007 2580 1061 Per
2601 1006 2750 1060 Isaae
2769 1005 3055 1060 vocabitur
3072 1004 3169 1059 tibi
3195 1020 3442 1069 semcnp

249 1103 414 1157 Ἰσαὰκ
456 1098 778 1170 κληθήσεταί
810 1116 889 1152 σοι
932 1098 1175 1167 σπέρμα.
1216 1115 1234 1148 ι
1275 1096 1420 1158 Ὅτι,
1479 1093 1674 1163 φησιν,
1725 1093 1775 1143 οἱ

1901 1113 2076 1168 tempe
2132 1099 2226 1168 qui
2266 1115 2332 1153 ex
2391 1100 2757 1168 promissione
2814 1109 2943 1154 sunt
2991 1097 3108 1153 ﬁlii.
3156 1098 3274 1152 Non
3312 1099 3451 1152 dixit

239 1199 294 1248 ἐκ
323 1195 414 1262 τῆς
462 1191 789 1258 ἐπαγγελίας
832 1190 938 1244 εἰσὶ
990 1189 1176 1242 τέκνα.
1221 1189 1334 1243 οὐκ
1382 1184 1502 1240 εἷπε
1550 1187 1628 1248 δὲ,
1671 1184 1776 1238 Τοῦ

1901 1200 2062 1244 xulem
2095 1208 2108 1244 :
2158 1191 2335 1260 Ipsius
2381 1192 2676 1251 Abraham.
2706 1191 2800 1246 sed
2853 1211 2870 1243 ι
2905 1191 3042 1255 Dei;
3078 1211 3096 1242 ι
3152 1191 3400 1244 ostendet
3423 1203 3449 1244 ε

249 1283 494 1354 Ἀϐραὰμ,
538 1280 707 1346 ἀλλὰ,
754 1299 773 1332 ι
817 1279 924 1334 Τοῦ
980 1280 1136 1346 Θεοῦ,
1183 1298 1202 1332 ι
1255 1279 1468 1341 δεικνὺς
1523 1277 1641 1330 οὐδὲ
1686 1278 1778 1330 τὸν

1901 1298 2060 1353 neque
2116 1284 2265 1338 Isaac
2310 1284 2637 1354 simpliciter
2687 1283 2859 1354 ipsius
2922 1283 3194 1338 Abraham
3245 1283 3448 1348 fuisse,

249 1378 415 1432 Ἰσαὰκ
464 1375 647 1438 ἁπλῶς
687 1369 828 1429 εἶναι
879 1374 972 1428 τοῦ
1006 1373 1280 1444 Ἀϐραὰμ,
1322 1374 1404 1426 ὅτι
1451 1372 1510 1425 οὐ
1558 1371 1780 1440 δυνάμει

1901 1381 2007 1449 [uia
2034 1393 2142 1432 non
2165 1379 2368 1432 virtute
2411 1376 2638 1432 seminis
2667 1383 2829 1431 natus
2850 1385 2954 1440 est,
2986 1375 3079 1430 sed
3107 1377 3224 1448 eius
3247 1376 3450 1430 virtute

239 1468 525 1538 σπέρματος
549 1466 840 1537 ἐγεννήθη,
882 1465 1024 1520 ἀλλὰ
1053 1465 1279 1535 δυνάμει
1327 1462 1420 1518 τοῦ
1455 1462 1780 1530 ἐπαγγειλα-

1901 1471 1974 1540 μιί
2026 1470 2399 1539 promiserat:
2449 1477 2508 1522 ut
2570 1467 2884 1523 ostenderet
2929 1466 3072 1537 quod
3103 1466 3451 1536 adoptionem

237 1557 406 1626 plvou,
433 1557 518 1611 ῖνα
551 1555 702 1630 δείξῃ
730 1558 813 1610 ὅτι
846 1556 898 1611 οι
929 1556 1029 1626 τὴν
1058 1555 1332 1610 υίοθεσίαν
1363 1555 1598 1625 ἔχοντες,
1629 1551 1781 1607 αὐτοί

1901 1561 2169 1624 tabentes,
2228 1560 2284 1615 hi
2332 1570 2460 1615 sunt
2523 1558 2828 1616 secundum
2886 1556 3308 1629 promissionem
3358 1555 3456 1612 ﬁlii

235 1650 330 1702 εισι
375 1647 489 1702 κατ’
517 1647 855 1717 διαγγελίαν
881 1647 1047 1702 τέκνα
1091 1647 1188 1702 τοῦ
1222 1647 1494 1720 Ἀϐραάμ.
1881 1655 2182 1712 Abraham.

301 1759 321 1792 ε
351 1739 529 1794 Ταῦτα
554 1739 726 1795 τέκνα
755 1738 853 1794 τοῦ
878 1739 1038 1794 Θεοῦ.
1063 1759 1082 1791 i
1123 1739 1278 1794 Ἐπεὶ
1321 1737 1498 1806 τούτῳ
1530 1737 1612 1808 τῷ
1639 1736 1782 1809 λόγῳ

1962 1769 1981 1803 ι
2000 1751 2065 1807 Hi
2084 1759 2213 1807 sunt
2237 1749 2333 1806 ﬁlii
2350 1750 2470 1807 Dei.
2489 1768 2506 1802 ι
2531 1749 2692 1821 325
2711 1747 2850 1818 Quia
2881 1747 2986 1804 hoc
3011 1760 3265 1802 semone
3289 1742 3454 1800 etiam

234 1832 315 1885 καὶ
326 1833 372 1886 oi
386 1831 669 1904 Ἰδουμαῖοι
686 1833 870 1902 ἐπειδὴ
882 1831 1139 1900 ἀπόγονοι
1155 1827 1298 1904 ἦσαν
1314 1831 1521 1905 Ἀϐραὰ
1529 1851 1568 1902 μ
1581 1833 1706 1886 ὅσον
1721 1831 1782 1885 τὺ

1901 1843 2128 1907 Tdumzei,
2146 1841 2240 1913 qui
2257 1857 2322 1897 ex
2337 1839 2608 1896 Abraham
2622 1837 3215 1906 trabebantoriginem,
3228 1831 3456 1905 quod'ad

234 1923 360 1977 κατὰ
381 1923 576 1994 σάρκα,
612 1923 845 1994 ὤφειλον
874 1921 1012 1979 εἶναι
1037 1926 1204 1979 τέκνα
1229 1925 1323 1978 τοῦ
1353 1924 1509 1990 Θεοῦ,
1535 1924 1650 1980 ἀλλ’
1678 1925 1780 1978 οὐκ

1901 1950 2107 1990 :arnem
2129 1934 2348 1998 attinet,
2371 1931 2769 1988 deherentesse
2783 1928 3014 1994 ﬁliiDei,
3047 1927 3141 1984 sed
3171 1944 3279 1984 non
3304 1934 3455 1984 sunt.

233 2015 343 2068 εἰσί.
361 2016 510 2070 Κατὰ
532 2016 715 2086 σάρκα
730 2015 838 2088 γὰρ
851 2016 1006 2070 αὐτοὶ
1028 2017 1249 2087 σπέρμα
1261 2016 1354 2070 τοῦ
1373 2017 1642 2086 ’Λσραὰμ,
1661 2017 1776 2070 ἀλλ’

234 2109 374 2178 ἡμεῖς
393 2108 554 2179 ἐσμεν
581 2109 751 2162 τέκνα
775 2107 868 2163 τοῦ
908 2108 1180 2180 Ἀϐρααμ,
1211 2112 1260 2164 οἱ
1303 2111 1400 2180 τῆς
1430 2109 1602 2181 αὐτῆς
1630 2109 1782 2181 αὺτῷ

235 2200 444 2262 πίστεως
461 2199 870 2266 κοινωνοῦντες,
889 2202 982 2256 καὶ
995 2204 1158 2257 τέκνα
1175 2202 1269 2255 τοῦ
1289 2202 1426 2256 Θεοῦ
1452 2203 1542 2256 διὰ
1565 2203 1664 2273 τῆς
1691 2220 1784 2256 κο-

233 2291 525 2364 λυμϐήθρας
538 2293 638 2348 τοῦ
675 2293 824 2348 θείου
858 2294 1256 2370 βαπτίσματος.
1291 2314 1308 2346 ι
1334 2295 1494 2348 Ἀλλὰ
1521 2294 1591 2349 τὰ
1617 2297 1782 2350 τέκνα

233 2384 676 2454 τῆςὲπαγγελίας.
698 2405 718 2440 ι
753 2387 932 2448 Ὅσοι,
963 2386 1116 2457 φησὶ.
1152 2389 1292 2440 κατά
1323 2387 1415 2441 τὸν
1445 2386 1630 2441 Ἰσαὰκ
1663 2405 1787 2456 γεν-

232 2476 464 2547 νηθῶσιν,
480 2471 632 2534 οὗτοί
650 2481 757 2533 εισι
773 2481 866 2533 καὶ
878 2479 1104 2550 σπέρμα
1127 2479 1381 2551 Ἀϐραὰμ
1392 2481 1489 2534 καὶ
1505 2481 1610 2535 υἱοὶ
1623 2480 1783 2538 Θεοῦ.

243 2569 294 2622 '0
311 2571 408 2640 γὰρ
436 2571 647 2636 Ἰσαὰκ,
679 2571 737 2624 οὐ
752 2571 1068 2642 κατὰνὸμον
1097 2572 1362 2644 ἐγεννήθη
1392 2573 1630 2643 φύσεως,
1650 2574 1788 2628 ἀλλὰ

235 2662 358 2715 κατὰ
403 2662 634 2732 δύναμιν
688 2663 1044 2730 ἐπαγγελίας.
1097 2663 1307 2717 Οὐκοῦν
1359 2665 1408 2717 οἱ
1457 2665 1787 2734 γεννώμενοι

235 2754 407 2815 οὕτως,
451 2757 554 2816 υιοὶ
582 2755 843 2824 Ἁϐραάμ
890 2755 1048 2809 εἰσιν.
1091 2754 1278 2818 Οῦτως
1305 2754 1364 2809 δὲ
1395 2757 1559 2826 ἡμεῖς
1585 2756 1786 2824 γεννώ-

237 2845 358 2916 μεθα
385 2846 468 2899 διὰ
499 2846 600 2916 τῆς
638 2844 1048 2915 κολυμϐήθρας.
1093 2845 1334 2916 Ῥήμασι
1364 2847 1473 2916 γὰρ
1508 2849 1601 2901 καὶ
1629 2849 1788 2918 ἡμεῖς

1887 2028 2022 2083 Nam
2037 2027 2092 2080 hi
2107 2041 2294 2080 semen
2313 2025 2587 2080 Abraham
2607 2032 2737 2079 sunt
2755 2022 3059 2078 secundum
3083 2036 3302 2076 carnem
3328 2035 3455 2074 :ve-

1883 2135 2005 2172 rum
2024 2133 2124 2172 nos
2140 2133 2333 2172 sumus
2351 2115 2446 2171 ﬁlii
2465 2115 2764 2182 Abraham,
2780 2115 2872 2184 qui
2896 2115 2951 2169 in
2972 2114 3145 2182 ipsius
3173 2113 3277 2167 ﬁde
3305 2127 3456 2167 com-

1883 2207 2229 2261 municamus
2262 2221 2386 2261 cum
2420 2205 2574 2276 ipso,
2617 2220 2718 2275 per
2754 2204 3030 2258 lavacrum
3067 2202 3239 2257 divini
3276 2200 3458 2271 bapti-

1883 2301 2095 2354 smatis.
2119 2319 2136 2350 ι
2168 2297 2274 2354 Sed
2299 2297 2395 2352 ﬁlii
2424 2298 2822 2369 promissionis.
2849 2317 2866 2348 ι
2891 2296 3236 2366 Quicunque,
3260 2283 3458 2365 inquit,

1885 2393 1954 2448 ad
1997 2391 2220 2446 modum
2266 2391 2414 2446 lsaac
2440 2391 2551 2446 nati
2583 2389 2830 2454 fuerint,
2868 2387 2919 2442 hi
2949 2402 3135 2443 semen
3187 2385 3460 2441 Abraham

1886 2495 2015 2542 sunt
2043 2495 2098 2540 et
2127 2485 2224 2540 ﬁlii
2250 2485 2368 2539 Dei.
2409 2485 2558 2539 Isaac
2588 2484 2735 2538 enim
2774 2499 2885 2536 non
2913 2481 3215 2537 secundum
3255 2496 3463 2542 natura

1885 2579 2059 2650 legem
2086 2587 2248 2632 natus
2277 2584 2380 2641 est,
2407 2573 2503 2631 sed
2530 2575 2828 2630 secundum
2851 2576 3112 2631 virtutem
3139 2577 3460 2646 promissio-

1887 2673 1993 2727 nis.
2039 2671 2230 2741 Itaque
2264 2671 2358 2741 qui
2388 2671 2464 2724 ita
2492 2680 2818 2735 nascuntur,
2869 2669 2964 2723 lilii
3006 2680 3135 2726 sunt
3163 2669 3460 2725 Abraham.

1887 2765 2074 2834 Itaque
2098 2768 2152 2818 et
2176 2777 2274 2818 nos
2299 2778 2396 2832 per
2432 2763 2708 2818 lavacrum
2735 2761 3034 2827 nascimur,
3063 2761 3333 2832 siquidem
3365 2776 3466 2815 nos

1889 2855 2054 2909 etiam
2091 2854 2274 2908 verbis
2310 2853 2696 2924 promissionis
2729 2853 3010 2907 nascimur
3043 2869 3056 2906 :
3110 2851 3296 2906 verbis
3343 2852 3464 2922 qui-

236 2940 541 3008 ὲπαγγελίας
581 2937 906 3008 γεννώμεθα
935 2955 948 2967 ’
1003 2939 1213 3009 ῥήμασι
1279 2939 1419 3008 μὲν,
1467 2939 1556 2992 διὰ
1597 2941 1658 2993 τὸ
1709 2943 1790 3004 είς

1901 2947 2038 3012 dem,
2061 2947 2204 3017 quod
2246 2947 2300 3000 in
2334 2945 2558 3001 nomine
2589 2945 2768 3002 Patris
2795 2953 2851 3001 et
2887 2945 3011 3000 Filii
3041 2953 3098 3000 et
3131 2945 3303 3000 sancti
3344 2943 3465 3014 Spi-

236 3033 387 3102 ὄνομα
417 3031 629 3102 nam;
671 3031 769 3085 καὶ
799 3031 926 3084 Υίοῦ
959 3031 1054 3084 καὶ
1083 3031 1242 3099 ἁγίου
1289 3029 1604 3102 Πνεῦματος
1643 3033 1790 3101 γίνε-

1901 3040 2034 3094 ritus
2083 3039 2212 3093 ﬁant
2261 3039 2314 3092 in
2368 3039 2586 3092 lavacro
2627 3038 3055 3102 demersiones;
3101 3035 3466 3106 promissione

240 3125 346 3179 σθαι
375 3125 468 3191 τὰς
500 3127 557 3178 ὲν
587 3127 659 3196 τῇ
693 3123 1053 3195 κολυμϐήθρᾳ
1083 3123 1402 3188 καταδύσεις
1429 3141 1442 3154 ο
1491 3127 1790 3198 ἐπαγγελίᾳ

1901 3149 2042 3196 vero,
2069 3132 2214 3208 quod
2243 3132 2523 3201 propheta:
2543 3131 2728 3185 multis
2761 3139 2906 3184 ante
2925 3127 3262 3198 temporibus
3293 3125 3469 3195 bapti-

237 3215 306 3282 δὲ,
333 3217 459 3270 καθὸ
482 3219 530 3270 οι
565 3216 850 3286 προφῆται
893 3216 998 3286 πρὸ
1028 3215 1236 3269 πολλῶν
1259 3216 1464 3287 χρόνων
1507 3217 1566 3269 τὸ
1598 3219 1790 3287 βάπτι-

1901 3243 2010 3283 sma
2041 3225 2511 3288 annuntiaverinl,
2530 3225 2700 3279 veluti
2719 3239 2842 3279 cum
2873 3222 3093 3286 dicitur,
3121 3241 3138 3274 ι
3162 3219 3466 3285 Lavamini,

238 3326 335 3377 σμα
359 3310 804 3380 εὑηγγελίσαντο.
850 3307 936 3370 Ὠς
961 3309 1038 3374 τὺ,
1079 3326 1096 3359 ι
1128 3307 1408 3361 Λούσασθε
1441 3309 1534 3362 καὶ
1563 3310 1790 3380 καθαροὶ
1897 3319 2089 3373 mundi
2125 3327 2299 3373 ρειοιθ
2323 3319 2387 3372 ιι,
2427 3338 2445 3367 ,

237 3402 453 3469 γένεσθε.
490 3421 508 3454 ι

299 3500 372 3550 οὺ
395 3501 583 3566 μόνον
621 3498 714 3563 δὲ,
744 3498 906 3553 ἀλλὰ
933 3499 1030 3552 καί
1073 3496 1375 3561 Ῥεϐέκκα,
1406 3495 1475 3561 ἐξ
1504 3496 1644 3561 ἐνὸς
1672 3495 1791 3550 κοί-

241 3602 337 3653 την
357 3589 604 3658 ἔχουσα,
631 3589 841 3645 Ἰσαὰκ
875 3591 978 3646 τοῦ
1003 3590 1226 3658 πατρὸς
1255 3589 1440 3657 ἡμῶν.
1472 3589 1662 3654 Μήπω
1684 3588 1792 3656 γὰρ

238 3682 653 3751 τεννηθένιων.
681 3682 838 3753 μηδὲ
873 3683 1232 3752 πραξάντων
1257 3700 1312 3735 τι
1349 3681 1573 3750 ἀγαθὸν
1611 3681 1649 3748 ἢ
1686 3696 1791 3734 κα-

239 3775 354 3839 κὸν,
379 3776 476 3831 ἵνα
501 3778 538 3844 ἡ
564 3776 697 3829 κατ’
722 3776 985 3844 ἐκλογὴν
1005 3776 1112 3829 τοῦ
1138 3775 1284 3828 Θεοῦ
1312 3775 1597 3842 πρόθεσις
1619 3772 1790 3844 μένῃ,

237 3869 334 3922 οὐκ
363 3869 428 3932 ἐξ
464 3870 680 3939 ἔργων,
725 3870 860 3924 ἀλλ’
910 3869 978 3922 ἐκ
1031 3869 1136 3922 τοῦ
1175 3867 1528 3933 καλοῦντος,
1572 3866 1790 3935 ἐρρήθη

237 3959 394 4028 αὐτῇ,
437 3963 525 4016 ὅτι
581 3961 651 4016 Ὀ
706 3961 920 4032 μείζων
973 3961 1292 4017 δουλεύσει
1349 3959 1430 4026 τῷ
1473 3961 1790 4014 ἐλάσσονι.

239 4054 422 4120 Καθὼς
442 4057 771 4124 γέγραπται
795 4073 806 4083 ·
851 4056 968 4111 Τόν
989 4053 1198 4110 Ἰακὼϐ
1226 4052 1537 4124 ἠγάπησα,
1581 4054 1689 4108 τὸν
1725 4053 1794 4106 δὲ

254 4141 422 4200 Ἡσαῦ
443 4147 732 4216 ἐμίσησα.

299 4237 401 4290 Καὶ
425 4239 498 4304 τί,
523 4240 682 4310 φησὶ,
719 4238 1051 4308 θαυμαστὸν,
1081 4239 1292 4292 ὅτιτῶν
1321 4238 1590 4292 Ἰουδαίων
1614 4238 1662 4290 οί
1697 4237 1794 4305 μὲν

242 4327 623 4392 πιστεύσαντες
656 4329 734 4392 είς
768 4330 988 4398 σπέρμα
1018 4327 1276 4399 Ἀϐραὰμ
1302 4329 1627 4397 λογίζονται,
1660 4328 1709 4379 οἱ
1739 4327 1796 4380 δὲ

241 4417 441 4471 ἄπιστοι
469 4420 571 4472 οὒκ
611 4417 732 4483 ετις
763 4416 933 4472 Τοῦτο
969 4418 1079 4490 γὰρ
1126 4419 1224 4471 καὶ
1273 4420 1365 4471 ἐπὶ
1411 4417 1517 4469 τῶν
1553 4415 1796 4470 παλαιῶν

243 4509 489 4578 εὑρήσεις.
515 4511 633 4564 Καὶ
657 4509 766 4579 γὰρ
783 4511 811 4563 ὁ
830 4511 1015 4563 Ἰσαὰκ
1039 4509 1312 4577 λογίζεται
1342 4510 1501 4579 μόνος
1526 4510 1604 4572 εἶς
1631 4508 1798 4576 σπέρ-

1966 3499 2057 3564 IX,
2093 3498 2278 3552 10-ιό.
2311 3496 2430 3552 Non
2458 3495 2629 3550 solum
2668 3501 2843 3548 autem
2881 3495 2994 3556 hoc,
3029 3492 3119 3546 sed
3154 3500 3200 3545 et
3245 3489 3468 3545 Rebecca

1899 3612 1962 3649 ea:
1984 3611 2087 3648 uno
2117 3592 2410 3662 concipiens
2440 3591 2596 3646 Isaac
2626 3600 2774 3660 patre
2795 3597 2992 3642 nostra.
3019 3585 3149 3640 Cum
3173 3585 3310 3639 enim
3339 3600 3470 3638 non-

1899 3686 2025 3739 dum
2059 3686 2173 3738 nati
2201 3693 2390 3745 essent,
2436 3697 2600 3752 neque
2647 3681 2766 3734 boni
2804 3679 3088 3748 quidquam
3125 3677 3342 3747 egissent
3378 3683 3470 3727 aut

1900 3777 2029 3832 ntali
2062 3794 2079 3830 :
2128 3786 2184 3829 ut
2217 3774 2500 3829 secundum
2535 3773 2832 3826 electionem
2866 3772 3187 3841 propositum
3223 3766 3319 3821 Dei
3353 3784 3470 3819 ma-

1901 3880 2068 3933 neret,
2089 3887 2193 3922 non
2226 3885 2290 3922 ex
2312 3867 2572 3935 operibus,
2599 3865 2689 3918 sed
2704 3879 2766 3918 ea:
2790 3875 3006 3917 vocante
3035 3861 3229 3915 dictum
3261 3867 3333 3913 est
3357 3857 3470 3912 illi:

1900 3963 2076 4030 Major
2111 3963 2296 4016 serviet
2337 3961 2547 4014 minori.
2580 3955 3034 4023 Quemadmodum
3054 3956 3306 4025 scriptum
3347 3960 3421 4006 est
3453 3967 3472 4005 :

1897 4056 2058 4110 Iacob
2076 4053 2259 4118 dilexi,
2290 4053 2434 4108 Esau
2463 4067 2583 4107 vero
2621 4051 2737 4104 odio
2763 4049 2942 4103 habui.

1973 4233 2041 4288 Et
2091 4231 2223 4303 quid
2263 4231 2486 4294 mirum,
2522 4228 2721 4299 inquit,
2758 4227 2903 4297 quod
2936 4225 3249 4283 Judaaorum
3282 4223 3339 4278 hi
3371 4221 3470 4276 soli

1901 4326 1957 4380 in
1980 4339 2169 4379 semen
2197 4322 2470 4377 Abraham
2504 4329 2830 4389 reputentur
2855 4319 2948 4390 qui
2980 4317 3356 4380 crediderunt,
3386 4315 3473 4369 in-

1902 4421 2111 4476 creduli
2156 4435 2286 4474 vero
2316 4434 2425 4472 non
2455 4417 2525 4472 ita
2555 4419 2577 4471 ?
2602 4418 2736 4471 Nam
2762 4427 2816 4470 et
2851 4416 2954 4470 hoc
2989 4415 3042 4468 in
3074 4415 3358 4470 veteribus
3394 4413 3476 4468 in-

1901 4512 2113 4566 venies.
2149 4509 2432 4580 Siquidem
2477 4509 2627 4563 Isaae
2664 4518 2947 4577 reputatur
2980 4507 3130 4562 solus
3170 4507 3222 4559 in
3261 4521 3471 4570 setnen,

245 4617 330 4667 μα,
367 4603 541 4655 καίτοι
575 4578 752 4655 ὄντων
781 4601 875 4654 καὶ
906 4601 1014 4653 τῶν
1044 4601 1153 4654 ἀπὸ
1181 4599 1510 4668 Χεττούρας,
1537 4601 1612 4653 Οὐ
1637 4599 1792 4670 μόνον

1902 4612 2228 4658 cumtamen
2259 4601 2348 4656 alii
2373 4609 2607 4655 essenta
2631 4599 2891 4654 Chettura
2919 4599 3034 4652 lilii.
3055 4597 3166 4652 Nec
3198 4597 3249 4650 id
3274 4596 3474 4656 solum,

241 4689 291 4742 δὲ
333 4692 509 4759 τοῦτο,
547 4694 739 4763 φησιν,
785 4693 919 4746 ἀλλὰ
973 4693 1067 4746 καὶ
1123 4693 1383 4746 Ῥεὖέκκα
1443 4692 1502 4758 ἐξ
1547 4693 1663 4754 ἑνὸς
1703 4691 1796 4744 τοῦ

253 4781 426 4838 Ἰσαὰκ
453 4786 680 4856 σπέρμα
706 4783 926 4854 ἔχουσα,
947 4789 1044 4838 καὶ
1071 4784 1164 4838 δύο
1191 4787 1516 4854 γεννήσασα,
1547 4785 1645 4838 οὐκ
1673 4784 1796 4853 ἔσχε

243 4873 356 4938 τοὺς
406 4875 498 4928 δύο
552 4877 860 4945 ἀρέσαντας
907 4875 1055 4946 Θεῷ,
1108 4876 1226 4929 οὐδὲ
1275 4876 1662 4946 λογιζομένους
1721 4879 1802 4939 εἰς

245 4967 447 5036 σπέρμα
475 4966 753 5037 Ἀϐραάμ.
789 4966 980 5020 Καίτοι
1044 4968 1211 5036 μήπω
1277 4967 1629 5035 γεννηθέντες
1676 4965 1801 5019 οὔτε

247 5058 394 5111 καλὸν
423 5059 666 5129 ἔπραξαν
713 5057 839 5112 οὔτε
889 5058 1079 5114 κακόν.
1113 5058 1289 5122 Οῦτω,
1337 5060 1490 5128 φησι,
1524 5061 1618 5112 καὶ
1665 5058 1802 5112 ’ῐουο

245 5146 390 5215 δαῖοι,
421 5153 466 5204 oi
499 5151 600 5222 μὲν
636 5151 836 5217 πιστοὶ,
875 5151 970 5203 καὶ
999 5150 1218 5220 σπέρμα
1246 5150 1502 5220 Ἀϐραάμ
1526 5151 1654 5216 eiut,
1707 5150 1802 5202 καὶ

251 5239 517 5306 σώζονται,
547 5243 599 5296 0i.
625 5243 682 5296 δὲ
729 5241 948 5296 ἄπιστοι
977 5241 1078 5294 οὐκ
1143 5242 1243 5296 ἔτι.
1285 5260 1304 5293 ι
1337 5241 1426 5308 Ἐξ
1453 5241 1577 5305 ἑνὸς
1613 5241 1801 5311 κοίτην

250 5331 445 5402 ἔχουσα.
482 5355 500 5388 ι
538 5334 633 5400 Ἐξ
665 5327 740 5388 ὧν
788 5335 891 5388 οὐκ
937 5333 1099 5403 ἔσχε,
1141 5335 1311 5404 φησι,
1361 5335 1486 5396 τοὺς
1531 5333 1625 5386 δύο
1673 5333 1802 5403 ἀρέ·’

254 5441 482 5490 σκοντας.
533 5447 552 5479 ι
589 5429 776 5498 Μήπω
845 5427 955 5499 γὰρ
992 5426 1381 5497 γεννηθέντων.
1418 5445 1438 5478 ι
1476 5425 1582 5479 Τοῦ
1625 5425 1796 5480 Ἡσαῦ

254 5515 447 5570 καὶτοῦ
472 5517 690 5572 Ἰακώϐ.

324 5625 340 5655 ε
367 5607 483 5661 ἰνα
512 5610 547 5679 ἡ
588 5609 706 5662 κατ’
735 5608 966 5680 ἐκλογὴν
997 5609 1254 5678 πρόθεσις
1293 5609 1385 5663 τοῦ
1415 5609 1552 5662 Θεοῦ
1589 5609 1744 5679 μένῃ.
1775 5625 1792 5658 ι

258 5694 554 5765 Τουτᾶστιν,
579 5701 612 5768 ἠ
632 5699 768 5753 κατὰ
799 5700 1108 5769 πρόγνωσιν
1140 5701 1355 5769 ἐκλογή.
1393 5698 1594 5763 Εἰπὼν,
1622 5717 1638 5749 ι
1665 5698 1800 5770 Πρός

325 5874 363 5905 “
398 5875 493 5932 Isa.
527 5895 563 5945 l,
609 5879 690 5937 I5.

1904 4697 1999 4753 sed
2029 4707 2084 4752 et
2112 4697 2362 4752 Rebecca
2403 4711 2470 4750 ex
2501 4711 2610 4748 uno
2642 4694 2790 4748 Isaac
2816 4700 3042 4760 accepto
3084 4690 3314 4749 semine.
3350 4706 3475 4744 curn

1906 4791 2045 4845 duos
2092 4790 2416 4859 peperisset,
2454 4805 2562 4842 non
2609 4787 2801 4841 habuit
2841 4788 2978 4839 duos
3009 4784 3100 4854 qui
3147 4784 3257 4838 Deo
3294 4783 3476 4854 place-

1906 4891 2048 4944 rent,
2085 4891 2180 4936 aut
2213 4883 2266 4936 in
2311 4897 2497 4936 semen
2529 4879 2802 4934 Abraham
2837 4886 3224 4947 reputarentur
3261 4896 3272 4930 ;
3311 4876 3475 4946 idque

1905 4991 2028 5030 cum
2067 4975 2312 5028 nondum
2357 4983 2542 5028 essent
2581 4974 2714 5035 nati,
2758 4988 2937 5042 neque
2985 4972 3186 5027 bonum
3235 4972 3476 5042 egissent

1904 5077 1999 5118 aut
2027 5065 2249 5118 malum.
2280 5062 2371 5118 Sic
2394 5071 2448 5116 et
2476 5060 2678 5116 Judteis
2704 5079 2717 5114 :
2744 5059 2931 5116 ﬁdeles
2956 5060 3176 5130 quidem
3204 5068 3257 5114 et
3287 5074 3475 5113 semen

1904 5156 2178 5210 Abraham
2212 5161 2339 5208 sunt
2367 5161 2423 5208 et
2450 5153 2585 5207 salvi
2612 5151 2766 5217 ﬁunt,
2801 5152 3048 5207 inﬁdeles
3079 5167 3208 5206 vero
3238 5167 3345 5206 non
3373 5151 3472 5204 ita.

1915 5267 1932 5297 ε
1983 5247 2059 5301 Ex
2098 5261 2206 5300 uno
2254 5245 2597 5314 concipiens.
2647 5265 2665 5298 ι
2718 5246 2830 5300 Nec
2880 5257 3061 5301 tamen
3115 5245 3186 5299 ob
3232 5245 3285 5299 id
3337 5245 3476 5300 duos

1908 5335 2100 5390 habuit
2133 5337 2224 5404 qui
2265 5335 2378 5389 Deo
2410 5337 2706 5404 placerent.
2747 5355 2764 5387 ι
2795 5335 2931 5392 Cum
2963 5336 3203 5390 nondum
3241 5337 3355 5390 nati
3386 5351 3474 5391 εε-

1906 5440 2046 5484 sent.
2085 5448 2102 5480 ι
2138 5428 2279 5484 Esau
2317 5428 2572 5484 videlicet
2604 5439 2660 5483 et
2687 5427 2878 5483 Jacob.

1882 5621 1886 5624 ·
1973 5605 2136 5675 326
2168 5623 2185 5654 ι
2224 5604 2293 5660 Ut
2325 5605 2627 5659 secundum
2657 5605 2978 5660 electionem
3014 5605 3348 5676 propositum
3381 5605 3472 5659 Dei

1913 5705 2175 5752 maneret.
2212 5717 2229 5748 ι
2269 5697 2324 5751 Id
2359 5706 2462 5762 est,
2497 5698 2692 5752 electio
2713 5715 2834 5767 quae
2863 5699 3160 5755 secundum
3193 5696 3474 5758 scientiam
