3880 6586
383 421 485 490 507
1449 429 1849 489 (ECUMENII
1891 431 2182 490 TRICCdi
2220 429 2558 490 EPISCOPI
3496 430 3584 489 508

379 550 485 596 est.
536 539 776 595 Dicendo
807 556 821 592 :
859 558 877 591 ι
914 537 1256 608 Propositum
1299 538 1417 602 Dei,
1459 559 1476 590 ι
1515 541 1804 594 consilium
1837 542 1955 611 ejus

2094 559 2208 593 εσιν
2234 542 2325 594 τοῦ
2345 541 2502 604 Θεοῦ,
2539 561 2556 593 ι
2585 542 2682 610 τὴν
2715 541 2906 611 βουλὴν
2926 540 3088 593 αύτοῦ
3112 541 3584 610 ἑδήλωσεν.Εξπὼν,

378 630 742 700 signiﬁcavit;
775 629 965 683 dicens
982 644 1148 682 vero:
1181 647 1197 677 ι
1227 628 1541 684 Secundum
1558 631 1903 693 electionem,
1930 649 1948 682 ι

2121 632 2258 684 Κατ’
2289 632 2538 702 ἐκλογὴν,
2577 651 2595 683 ι
2632 631 2831 695 ἔδειξεν
2856 632 2936 684 ὅτι
2966 632 3058 684 καὶ
3085 631 3324 699 διέφερον
3350 632 3587 704 ἀλλήλων.

380 721 624 776 Ostendit
655 721 799 791 quod
831 735 861 774 a
891 735 949 774 se
982 720 1218 774 invicem
1243 719 1546 790 diﬂ‘errent.
1585 721 1780 775 Nullus
1809 721 1954 776 enim

2092 724 2248 785 ιύδεὶς
2305 723 2414 794 γὰρ
2463 724 2748 789 ἐκλέγεται
2779 722 2966 790 ἓτερον
3002 722 3094 791 ἀφ’
3128 722 3332 790 ἐτέρου,
3378 724 3424 774 εί
3455 725 3520 791 μή
3549 743 3592 778 τι

382 814 613 868 alterum
646 827 760 880 pra:
785 811 957 864 altero
991 811 1161 881 eligit,
1189 812 1292 867 nisi
1326 811 1428 864 hoc
1454 811 1522 866 ab
1553 812 1660 866 alio
1691 813 1746 866 in
1774 811 1958 880 aliquo

2092 813 2226 866 $706
2248 815 2580 869 διαλλάσσοι.
2613 812 2798 868 Εἰπὼν
2820 813 2897 879 δὲ,
2933 833 2950 864 ι
2979 812 3092 864 Οὐκ
3125 810 3182 874 ἐξ
3208 812 3400 880 ἔργων,
3427 828 3444 862 ι
3474 829 3596 880 παρ-

386 903 672 959 dissideat.
712 903 909 956 Dicens
941 913 1123 957 autem
1159 920 1178 958 :
1239 923 1257 954 ι
1312 903 1432 958 Non
1481 917 1550 956 ex
1598 902 1880 972 operibus,
1935 920 1954 953 ι

2093 921 2189 974 στη
2198 921 2256 956 σε
2275 905 2333 958 τὸ
2357 904 2584 974 μέγεθος
2601 905 2698 973 τῆς
2717 904 2960 973 κλήσεως
2977 903 3180 972 καὶτῆς
3196 903 3413 972 χάριτος
3431 901 3596 966 αὑτοῦ,

387 993 692 1049 vocationis
729 1008 792 1046 ac
824 994 1011 1063 gratia:
1052 993 1225 1063 ipsius
1252 993 1684 1064 magnitudinem
1729 992 1960 1047 demon-

2093 1016 2141 1050 τι
2162 999 2253 1050 καὶ
2273 997 2438 1066 μηδὲν
2452 997 2772 1068 πραξάντων
2783 1039 2795 1058 ,
2811 996 3092 1064 ἐκλέγεται
3109 997 3200 1048 καὶ
3216 995 3596 1064 προσκαλεῖται.

342 1073 353 1148 ἶ
384 1085 615 1148 stravit;
651 1099 777 1137 nam
805 1084 968 1138 etiam
1000 1099 1123 1138 cum
1160 1085 1297 1139 nihil
1323 1084 1531 1155 operati
1564 1085 1696 1149 sint,
1725 1085 1877 1154 eligit
1905 1093 1962 1139 et

2092 1088 2200 1141 ιλγ
2220 1091 2269 1142 εί
2291 1090 2458 1160 μηδὲν
2490 1090 2812 1160 πραξάντων
2841 1088 3144 1156 ἐκλέγεται,
3166 1087 3282 1148 πῶς
3304 1086 3599 1152 ἐκλέγεται;

343 1181 352 1196 ‘
385 1176 621 1232 asciscit.
636 1176 838 1231 Verum
863 1175 932 1238 si,
955 1191 1079 1230 cum
1111 1177 1248 1230 nihil
1272 1177 1481 1247 operati
1511 1177 1826 1247 sint,eligit,
1851 1191 1961 1246 quo

2092 1205 2095 1246 ι
2131 1182 2229 1250 μέν
2280 1187 2389 1252 γὰρ
2418 1182 2617 1252 ἐκλογὴ
2663 1184 2756 1235 ἐπὶ
2787 1182 2892 1234 τῶν
2938 1181 3082 1233 κατά
3109 1197 3162 1231 τι
3203 1179 3409 1245 γίνεται
3436 1177 3602 1242 διασε-

383 1277 544 1339 pacto
577 1268 776 1337 eligit?
812 1267 971 1322 nobis
997 1269 1202 1322 etenim
1236 1269 1432 1324 electio
1463 1269 1520 1324 iit
1561 1269 1612 1322 in
1641 1268 1727 1324 his
1759 1285 1879 1338 qua:
1907 1269 1963 1322 in

383 1362 568 1430 aliquo
591 1360 888 1426 diﬂ‘erunt;
911 1361 1003 1430 qui
1027 1370 1208 1415 autem
1234 1361 1370 1416 nihil
1391 1361 1603 1432 operati
1626 1362 1758 1425 sint,
1775 1362 1831 1415 in
1853 1375 1963 1430 quo

385 1453 651 1508 diﬂ'eruut
681 1453 705 1508 ’ἒ
743 1452 994 1507 Maxime.
1035 1452 1300 1507 Humanis
1334 1470 1569 1523 namque
1602 1454 1800 1518 oculis,
1837 1469 1962 1507 cum

2067 1273 2270 1342 ρόντων
2291 1289 2304 1302 ⁸
2335 1277 2385 1328 οι
2425 1275 2482 1328 δέ
2517 1274 2685 1344 μηδὲν
2713 1273 3036 1344 πράξαντες.
3066 1274 3119 1325 τί
3149 1270 3486 1340 διαφέρουσι;
3514 1271 3606 1323 Ναὶ

2065 1363 2229 1418 πάνυ.
2267 1366 2654 1434 Ἀνθρωπίνοις
2709 1367 2806 1436 μὲν
2830 1367 2940 1437 γὰρ
2973 1365 3273 1433 ὀφθαλμοῖς
3310 1364 3431 1416 ἐπεὶ
3477 1366 3608 1417 οὐδὲν

2065 1454 2331 1528 ἔπραξαν,
2367 1459 2523 1510 οὐδὲν
2561 1460 2899 1529 διαφέρουσι,
2938 1459 3059 1528 θείᾳ
3108 1459 3164 1509 δέ
3209 1457 3609 1528 προγνώσειτοῦ

387 1546 526 1622 nihil
560 1544 796 1615 egerint,
831 1543 886 1598 in
922 1543 1071 1598 nullo
1101 1543 1365 1598 diﬂ‘erunt
1395 1565 1406 1597 :
1449 1545 1633 1598 divina
1667 1551 1848 1598 autem
1880 1543 1965 1597 fu-

390 1639 501 1693 turi
554 1636 1001 1707 prascognitione,
1038 1637 1337 1706 plurimum
1382 1636 1665 1690 diﬂ‘erunt.
1706 1635 1841 1690 Nam
1874 1635 1965 1690 ille

2073 1549 2379 1619 μέλλοντος,
2416 1551 2585 1604 πολλά
2631 1552 2898 1620 διαφέρει.
2933 1553 3042 1604 Καὶ
3075 1552 3183 1617 γὰρ
3226 1553 3252 1601 ό
3303 1551 3398 1618 μὲν
3441 1550 3614 1618 εὐηρέ-

2071 1657 2237 1710 στησε
2259 1642 2338 1710 τῷ
2362 1641 2505 1710 Θεῷ,
2533 1645 2564 1696 ὁ
2589 1644 2646 1696 δὲ
2678 1646 2778 1696 οὐκ
2807 1645 2907 1697 ἐτι.
2938 1645 3097 1697 Ὥστε
3123 1645 3154 1713 ή
3189 1639 3387 1711 ἐκλογὴ
3415 1642 3502 1692 καὶ
3531 1641 3615 1692 οὐκ

390 1729 616 1800 quidem
662 1739 850 1799 gratus
909 1728 1013 1783 fuit
1049 1729 1181 1793 Deo,
1229 1728 1320 1782 hic
1363 1737 1545 1782 autem
1578 1744 1714 1782 non.
1757 1727 1962 1782 Electio

2092 1733 2130 1798 ;ξ
2170 1733 2348 1803 ἔργων
2405 1735 2616 1803 γέγονε,
2664 1738 2756 1788 καὶ
2804 1736 2912 1788 ἀπὸ
2950 1738 3048 1805 τῆς
3101 1735 3349 1803 κλήσεως
3407 1731 3497 1783 καὶ
3534 1734 3616 1798 τῆς

390 1819 576 1887 itaque
602 1835 709 1873 non
746 1834 812 1873 ex
837 1819 1099 1888 Operibus
1136 1819 1275 1873 facta
1306 1827 1410 1883 est,
1445 1827 1500 1873 et
1525 1835 1555 1873 a
1587 1818 1872 1872 vocatione
1911 1825 1968 1872 et

2092 1827 2298 1897 (ἁριτος
2322 1828 2536 1896 γέγονε.
2571 1827 2680 1881 Καὶ
2709 1828 2893 1882 δικαία
2917 1829 3159 1896 γέγονεν,
3191 1824 3328 1878 ἀλλά
3357 1824 3416 1876 τὺ
3435 1822 3623 1876 δίκαιον

391 1912 562 1982 gratia
589 1911 729 1965 facta
765 1918 871 1965 est.
907 1911 973 1965 Et
994 1911 1142 1981 juste
1171 1911 1313 1965 facta
1346 1920 1467 1966 est:
1510 1909 1606 1965 sed
1631 1910 1843 1980 justitia
1874 1909 1972 1963 ho-

2092 1891 2203 1980 έούς
2257 1891 2578 1988 ἀνθρωπους
2623 1891 2939 1972 ἐλάνθανεν.⁷
2985 1891 3195 1987 ’Ὥσπερ
3232 1917 3397 1969 πλέον
3433 1918 3521 1967 καὶ
3554 1915 3621 1966 ἔτι

394 2003 573 2056 mines
594 2002 818 2057 latebat.
852 2001 1326 2068 Quemadmodum
1362 2018 1496 2058 sane
1533 2012 1588 2056 et
1616 2018 1761 2058 nunc
1792 2003 1974 2056 adhuc

2092 2008 2173 2064 ιῦν
2207 2009 2458 2064 λανθάνει
2489 2011 2548 2062 τὸ
2585 2010 2792 2064 δίκαιον
2822 2010 2882 2064 τὺ
2927 2012 3019 2064 ἐπὶ
3047 2014 3146 2080 τῆς
3179 2007 3506 2077 ἀναιρέσεως
3531 2005 3621 2058 τῶν

389 2094 598 2163 iustitia
632 2093 765 2148 latet
791 2111 911 2164 qua:
932 2094 1036 2148 fuit
1067 2094 1119 2149 in
1147 2094 1367 2151 illorum
1399 2094 1673 2148 occisione
1702 2093 1797 2165 qui
1822 2093 1966 2148 vitu-

391 2186 506 2240 lum
555 2183 887 2240 fecerant“.
921 2183 1057 2239 Cum
1107 2183 1253 2239 enim
1302 2200 1494 2240 omnes
1531 2184 1763 2238 vitulum
1813 2182 1976 2238 fecis-

392 2286 537 2344 sent,
566 2293 676 2332 non
701 2292 892 2333 omnes
916 2277 1229 2348 interempti
1257 2285 1404 2332 sunt.
1431 2277 1632 2332 Verum
1663 2290 1974 2346 quanquam

392 2368 450 2424 in
475 2369 670 2424 horum
707 2369 1090 2425 interiectione
1114 2370 1328 2442 justitia
1355 2368 1600 2432 latuerit,
1640 2377 1819 2423 tamen
1841 2366 1971 2421 uni-

395 2477 677 2518 Versorum
707 2462 890 2518 Judici
925 2472 1114 2519 exacte
1148 2473 1205 2518 et
1249 2462 1456 2531 absque
1495 2461 1610 2515 ullo
1649 2475 1838 2515 errore
1883 2474 1976 2513 co.-

396 2554 548 2624 gnita
595 2563 701 2610 est.
739 2553 830 2610 Sic
870 2563 926 2609 et
959 2557 1011 2609 iu
1055 2555 1176 2609 aliis
1207 2555 1557 2608 innumeris:
1601 2552 1768 2616 veluti
1809 2552 1861 2604 in
1895 2551 1980 2606 his

394 2646 566 2699 etiam
625 2663 746 2716 qua:
807 2647 1056 2717 quotidie
1115 2646 1392 2701 accidunt.
1455 2645 1738 2714 Siquidem
1805 2643 1976 2698 multa

398 2736 616 2806 ignotas
644 2736 808 2792 nobis
826 2736 1084 2791 habentia
1116 2751 1329 2799 causas,
1361 2742 1417 2790 et
1445 2751 1566 2804 qua:
1595 2733 1980 2804 insipientibus

399 2827 519 2880 siue
548 2825 759 2881 ratione
798 2825 915 2880 ﬁeri
947 2826 1225 2890 videntur,
1260 2827 1415 2897 juxta
1449 2824 1555 2879 hoc
1584 2825 1746 2879 oculo
1779 2839 1978 2887 causae,

399 2915 512 2969 imo
534 2916 778 2970 omnium
810 2915 1104 2986 inSpectori
1132 2917 1489 2986 omniumque
1510 2916 1708 2988 judici,
1737 2916 1888 2987 juste
1920 2924 1980 2970 et

399 3006 541 3060 tacta
574 3021 696 3062 esse
725 3015 1024 3062 censentur
1067 3017 1123 3063 et
1171 3023 1359 3062 revera
1405 3017 1760 3079 peraguntur.
1812 3006 1982 3062 Divus

399 3108 584 3155 autem
615 3098 817 3154 Paulus
837 3100 913 3154 ait
946 3117 961 3154 :
1010 3101 1166 3167 Quod
1195 3101 1238 3154 si
1270 3100 1434 3155 etiam
1467 3099 1616 3154 nulla
1649 3099 1861 3154 occulta
1897 3115 1981 3154 ra-

2080 2104 2620 2175 μοσχοποιησάντων.
2671 2104 2895 2158 Πάντων
2955 2104 3063 2170 γὰρ
3111 2101 3621 2172 μοσχοποιησάντιιιν,

2078 2197 2140 2250 ού
2177 2198 2377 2260 πάντες
2409 2196 2770 2268 ἀνῃρέθησαν.
2801 2195 2942 2249 Ἀλλ’
2979 2195 3028 2247 εί
3055 2195 3148 2246 καὶ
3172 2195 3298 2255 τοὺς
3335 2191 3624 2262 ἀνθρώπους

2077 2289 2139 2343 τὸ
2186 2291 2245 2342 ἐν
2271 2293 2337 2361 τῇ
2382 2289 2588 2343 τούτων
2636 2288 2916 2359 ἀναιρέσει
2948 2289 3259 2356 ἐκπέφευγε
3298 2284 3520 2344 δίκαιον,
3560 2281 3626 2351 τῷ

2079 2385 2256 2454 Κριτῇ
2276 2382 2385 2435 τῶν
2415 2383 2552 2436 ὅλων
2583 2381 2828 2454 ἀκριϐῶς
2858 2382 2951 2436 καὶ
2985 2379 3339 2440 ἀδιαπτώτως
3363 2379 3622 2445 ἔγνωσται,

2081 2479 2176 2530 καὶ
2202 2477 2294 2529 ἐπὶ
2328 2477 2538 2547 μυρίων
2571 2476 2768 2540 ἄλλων,
2788 2475 2863 2536 ὡς
2893 2475 2986 2528 καὶ
3011 2476 3103 2527 ἐπὶ
3135 2474 3243 2526 τῶν
3273 2471 3391 2525 καθ’
3418 2472 3628 2536 ἑκάστην

2085 2573 2516 2642 συμϐαινόντων.
2556 2569 2733 2625 Πολλά
2770 2569 2875 2641 γὰρ
2929 2553 3414 2636 ἀγνώστουςήμῖν
3463 2565 3629 2635 ἔχοντα

2079 2661 2207 2725 τοὺς
2237 2661 2448 2730 λόγους,
2479 2661 2572 2714 καὶ
2600 2663 2712 2722 τοῖς
2742 2658 3023 2721 ἀσυνέτοις
3059 2659 3230 2726 ἄλογα
3261 2655 3534 2718 δοκοῦντα,
3556 2653 3630 2707 διὰ

2079 2755 2240 2810 τοῦτο
2296 2755 2375 2826 τῷ
2430 2754 2786 2825 παντεπόπτῃ
2834 2753 2932 2806 καὶ
2969 2752 3298 2822 παντεφόρῳ
3345 2753 3444 2821 τῆς
3497 2749 3630 2818 δίκης

2079 2847 2370 2920 ὀφθαλμῷ,
2403 2847 2628 2911 δικαίως
2659 2847 2756 2901 καὶ⁸
2783 2847 3028 2916 κρίνεται
3059 2844 3394 2914 γεγενῆσθαι
3426 2845 3514 2896 καὶ
3535 2842 3631 2895 δια-

2084 2941 2408 3014 πράττεται.
2451 2942 2512 2996 '0
2539 2940 2597 2994 δέ
2641 2939 2784 3003 θεῖος
2837 2939 3048 3004 Παῦλός
3098 2956 3288 3007 φησιν,
3340 2938 3424 2990 ὅτι
3471 2936 3518 2989 εί
3554 2934 3633 2986 καὶ

2085 3035 2275 3107 μηδεὶς
2318 3035 2477 3104 λόγος
2517 3034 2832 3106 ἀπόρρητος
2878 3033 3008 3102 ἐνῆν
3067 3033 3178 3094 τοῖς
3228 3027 3636 3100 πραττομένοις,

2081 3129 2192 3183 οὐδ’
2236 3127 2412 3193 οὕτως
2454 3128 2623 3199 ἐχρῆν
2648 3143 2802 3188 τινας
2839 3126 3151 3196 ἀδημονεῖν,
3199 3123 3298 3177 καὶ
3356 3120 3634 3180 ἐπικαλεῖν,

399 3190 480 3246 ιίο
503 3189 593 3246 his
629 3207 749 3261 quae
779 3190 917 3245 (lunt
956 3192 1161 3248 inesset
1188 3209 1201 3246 :
1236 3208 1304 3247 ne
1337 3192 1410 3246 ita
1435 3192 1657 3261 quidem
1693 3199 1979 3261 oporteret

2092 3221 2230 3276 διατι
2258 3225 2286 3275 ὁ
2322 3189 2421 3292 μὲν
2457 3189 2651 3285 easque,
2687 3220 2715 3273 ὁ
2747 3220 2806 3274 δέ
2839 3189 3014 3282 οὕτως
3053 3217 3143 3270 τὸν
3195 3216 3314 3286 βίον
3342 3213 3636 3284 διαπορεύε⁴

401 3283 669 3351 quosdam
716 3284 955 3354 graviter
996 3285 1142 3339 ferre
1181 3300 1243 3339 ac
1285 3285 1529 3339 divinam
1569 3285 1976 3340 Providentiam

399 3390 680 3438 accusare,
717 3391 816 3430 cur
863 3377 955 3432 hic
997 3378 1100 3432 isto
1138 3377 1324 3442 modo,
1378 3377 1470 3432 ille
1509 3391 1640 3431 vero
1685 3378 1778 3431 illo
1817 3378 1979 3432 modo

399 3467 569 3521 vitam
624 3468 908 3539 transigat.
971 3469 1148 3524 Habet
1193 3469 1342 3524 enim
1402 3476 1724 3538 potestatem
1783 3468 1982 3539 ﬁgulus

401 3547 568 3628 prout
594 3561 832 3616 voluerit
861 3561 1140 3632 ellingere.
1171 3562 1285 3616 Hoc
1315 3569 1496 3616 tamen
1527 3579 1593 3617 ex
1625 3560 1980 3626 abundantia,

404 3650 611 3720 inquit,
654 3661 738 3706 est
785 3670 798 3705 :
841 3653 1286 3722 quandoquidem
1326 3653 1589 3722 praedicto
1625 3669 1844 3723 quoque
1893 3669 1982 3709 re-

406 3742 723 3809 sponsionis
749 3743 912 3796 modo
949 3743 1144 3807 utitur,
1173 3759 1296 3797 cum
1332 3744 1406 3798 ait
1434 3743 1769 3814 Scripturam
1804 3743 1985 3800 dicere

407 3831 680 3887 Pharaoni
715 3851 728 3887 :
772 3853 789 3884 ι
828 3835 886 3888 In
914 3834 1019 3889 hoc
1048 3835 1226 3905 ipsum
1261 3836 1493 3891 excitavi
1530 3845 1581 3890 te
1604 3837 1671 3898 “,
1707 3855 1725 3888 ι
1761 3847 1865 3891 etc.
1887 3836 1988 3893 Hic

410 3927 580 3987 enim,
609 3927 1068 3996 quemadmodum
1103 3929 1261 3992 dicit,
1295 3929 1665 3985 irrationabile
1693 3930 1880 3984 multis
1901 3931 1985 3985 vi-

410 4032 532 4074 sum
579 4029 662 4073 est
697 4019 1034 4076 Pharaonem
1079 4021 1376 4077 excitatum
1425 4037 1545 4077 esse
1596 4037 1659 4077 ac
1711 4038 1986 4094 regnasse,

413 4127 540 4166 cum
571 4112 708 4166 adeo
751 4114 1034 4178 scelestus,
1067 4115 1308 4171 crudelis
1337 4130 1400 4169 ac
1433 4115 1765 4170 inhumanus
1789 4126 1934 4170 esset
1972 4135 1987 4170 :

409 4216 602 4256 verum
635 4202 942 4274 Scriptura,
980 4205 1073 4260 ubi
1099 4221 1316 4259 causam
1348 4205 1553 4266 docuit,
1585 4204 1729 4274 quod
1773 4204 1992 4260 irratio-

411 4293 594 4348 nabile
629 4294 922 4349 videbatur
953 4296 1018 4350 ad
1055 4296 1377 4350 rationabile
1421 4297 1720 4351 transtulit.

482 4387 644 4457 327
672 4388 838 4457 Atqui
877 4390 984 4443 hoc
1025 4389 1204 4458 ipsum
1247 4389 1393 4458 quod
1437 4389 1766 4444 rationabile
1789 4398 1873 4443 est.
1933 4398 1990 4444 et

412 4478 753 4533 diﬂicultatis
778 4479 1006 4541 solutio,
1064 4495 1282 4533 rursum
1347 4479 1711 4533 haesitantiam
1759 4489 1990 4534 conten-

410 4570 572 4625 tiosis
600 4585 664 4624 ac
692 4569 920 4640 perﬁdis
969 4585 1162 4639 parere
1224 4578 1425 4640 potest.
1474 4571 1798 4625 Dicentibus
1833 4572 1984 4624 enim

411 4662 559 4731 quod
595 4671 886 4732 propterea
929 4663 1268 4716 Pharaonem
1317 4662 1371 4716 in
1403 4677 1590 4732 regem
1625 4663 1990 4728 excitaverit,

414 4763 476 4806 ut
505 4767 706 4807 nomen
749 4767 909 4806 suum
943 4750 1364 4822 gloriﬁcaretur,
1422 4752 1515 4805 ubi
1553 4753 1704 4806 illum
1747 4753 1996 4808 inaudito

417 4841 670 4911 miroque
721 4842 996 4911 supplicio
1045 4842 1314 4910 punisset,
1351 4841 1502 4895 illico
1533 4841 1798 4896 dicetur:
1853 4842 1994 4908 Quid

419 4947 560 5003 ergo
588 4932 772 4986 adhuc
834 4933 1232 5002 conqueritur,
1292 4932 1401 4988 imo
1441 4933 1625 5005 potius
1695 4950 1794 4988 cur
1833 4936 1999 4988 etiam

422 5025 604 5093 ipsum
665 5022 936 5092 punivit?
989 5023 1126 5077 Nam
1189 5039 1313 5076 cum
1367 5025 1636 5093 peccavit,
1683 5024 1749 5078 ad
1810 5024 1983 5094 ipsius

420 5121 651 5193 gloriam
690 5117 969 5189 peccavit;
1018 5119 1120 5172 nisi
1151 5119 1298 5172 enim
1319 5130 1619 5188 peccasset,
1654 5135 2000 5189 nequaquam

422 5213 654 5282 punitus
727 5210 959 5274 fuisset;
1004 5210 1150 5278 quod
1221 5211 1264 5265 si
1321 5212 1547 5279 punitus
1614 5227 1722 5265 non
1775 5211 2003 5276 fuisset,

422 5317 769 5373 nequaquam
815 5301 1154 5368 gloriﬁcatus
1209 5303 1421 5356 fuisset.
1463 5304 1634 5358 Porro
1673 5305 1777 5358 hoc
1824 5305 2005 5357 inten-

422 5396 608 5459 debat;
643 5414 659 5444 ι
683 5394 752 5448 Ut
772 5391 1302 5462 ostendam.inquit,
1326 5394 1380 5447 in
1400 5403 1451 5448 te
1467 5395 1950 5458 virtutemmeam;
1979 5413 1996 5446 ι

422 5487 572 5556 quod
599 5488 642 5540 si
677 5485 917 5549 volebat,
975 5489 1102 5553 quis
1158 5486 1279 5555 ejus
1359 5487 1618 5541 resistere
1675 5497 1855 5556 potest
1911 5503 2006 5540 vo-

423 5581 624 5635 luntati
658 5580 681 5633 ?
714 5578 876 5634 Vides
931 5577 1077 5646 quod
1113 5577 1481 5635 dubitationis
1525 5583 1750 5645 solutio,
1807 5596 2010 5635 causa:-

427 5691 534 5745 que
582 5671 820 5727 redditio
858 5668 945 5724 his
976 5671 1072 5739 qui
1112 5673 1311 5741 perﬁdi
1344 5684 1474 5729 sunt
1501 5674 1860 5729 bresitantiam
1901 5687 2008 5727 non

505 5860 551 5891 ⁸³
576 5859 746 5914 Exod.
784 5875 954 5925 xxx”,
998 5859 1016 5913 ι
1050 5873 1203 5928 seqq.
1285 5857 1328 5886 θ’
1364 5854 1538 5909 Exod.
1574 5868 1651 5915 Ix,
1695 5849 1777 5905 l6.

2087 3331 2198 3368 ται.
2238 3313 2521 3379 Ἐξουσίαν
2559 3311 2667 3384 γὰρ
2699 3312 2813 3383 ἔχει
2857 3312 2885 3364 δ
2914 3311 3158 3381 πλάστης
3201 3309 3550 3379 δημιουργεῖν
3575 3305 3640 3367 ὡς

2095 3410 2365 3480 βούλεται.
2403 3411 2574 3463 Τοῦτο
2601 3409 2676 3474 δέ,
2707 3410 2771 3462 ἐκ
2815 3407 3158 3478 περιουσίας,
3194 3405 3384 3475 φησὶν,
3415 3401 3531 3456 ἐπεὶ
3559 3397 3638 3450 καὶ

2089 3504 2181 3557 τὸν
2204 3503 2606 3574 προειρημένον
2633 3500 2838 3572 τρόπον
2859 3501 2958 3570 τῆς
2986 3498 3308 3566 ἀπολογίας,
3331 3497 3388 3548 ἐν
3413 3490 3490 3556 οἷς
3513 3491 3638 3556 λέγει

2091 3597 2173 3650 ὅτι
2201 3597 2232 3665 ή
2263 3595 2452 3667 Γραφὴ
2486 3594 2636 3663 λέγει
2691 3593 2770 3664 τῷ
2802 3591 3018 3662 Φαραὼ,
3051 3593 3134 3645 ὅτι
3172 3609 3188 3640 ι
3223 3588 3318 3651 Εἰς
3355 3587 3483 3640 αὐτὸ
3506 3583 3644 3636 τοῦτο

2093 3689 2352 3760 ἐξήγειρά
2381 3706 2462 3752 σε,
2496 3707 2513 3740 ι
2545 3689 2638 3743 καὶ
2670 3688 2816 3757 ἐξῆς.
2843 3683 3111 3739 Ἐνταῦθα
3133 3682 3262 3750 γὰρ,
3286 3679 3448 3734 οἱονεί
3477 3693 3638 3746 φησιν.

2094 3785 2176 3836 ὅτι
2210 3783 2440 3850 Ἀλογον
2493 3781 2560 3835 ἂν
2591 3780 2736 3846 ἔδοξε
2775 3782 2888 3842 τοῖς
2924 3777 3139 3838 πολλοῖς
3168 3776 3230 3828 τὸ
3263 3773 3539 3844 ὑψωθῆναι
3565 3767 3641 3820 τὸν

2095 3874 2296 3944 Φαραὼ
2338 3874 2431 3926 καὶ
2464 3873 2803 3944 βασιλεῦσαι,
2841 3871 3036 3941 μιαρὸν
3063 3869 3236 3931 οὕτως
3268 3868 3364 3921 καὶ
3391 3865 3534 3934 ὠμὸν
3566 3859 3642 3913 καὶ

2095 3968 2464 4037 ἀπάνθρωπον
2493 3966 2638 4031 ὅντα,
2661 3965 2774 4018 ἀλλ’
2801 3967 2833 4032 ή
2851 3964 3041 4036 Γραφὴ
3065 3962 3327 4026 διδάξασα
3353 3960 3445 4028 τὴν
3463 3955 3640 4015 αἰτίαν..

2101 4061 2182 4122 εἰς
2213 4059 2437 4127 εὔλογον
2473 4059 2797 4129 μετενήνοχε
2833 4056 2892 4109 τὸ
2921 4057 3136 4124 ἄλογον.

2169 4383 2385 4444 Καίτοι,
2415 4380 2568 4451 φησὶ,
2617 4378 2712 4432 καὶ
2741 4377 2872 4431 αὐτὸ
2909 4376 2968 4429 τὸ
3011 4375 3255 4443 εύλογον,
3311 4377 3405 4429 καὶ
3450 4377 3480 4444 ή
3513 4373 3646 4432 λύσις

2101 4478 2303 4548 ἀπορία
2334 4475 2495 4529 πάλιν
2520 4477 2632 4536 τοῖς
2664 4471 2984 4542 φιλονείκοις
3011 4470 3106 4524 καὶ
3140 4469 3420 4538 ἀγνώμοσι
3449 4467 3645 4521 δύναται

2100 4570 2298 4623 τεκεῖν.
2364 4565 2577 4636 Ἐροῦσι
2630 4564 2759 4633 γὰρ,
2796 4563 2878 4615 ὅτι
2928 4561 3028 4615 Διά
3068 4559 3224 4612 τοῦτο
3282 4559 3526 4628 ἐξήγειρε
3571 4553 3648 4606 τὸν

2097 4659 2295 4731 Φαραὼ
2320 4660 2400 4721 είς
2431 4657 2674 4728 βασιλέα,
2712 4655 2800 4709 ἵνα
2820 4655 2883 4708 τὸ
2916 4654 3086 4723 ὄνομα
3114 4651 3278 4707 αὑτοῦ
3309 4651 3404 4705 τοῦ
3428 4662 3646 4719 τιμωρη-

2102 4753 2338 4819 σαμένου
2375 4751 2538 4804 αὑτὸν
2570 4747 2810 4820 τιμωρίᾳ
2858 4746 3150 4814 παραδόξῳ
3207 4745 3302 4797 καὶ
3361 4739 3646 4809 θαυμαστῇ.

2103 4842 2414 4912 ἐνδοξασθῇ.
2452 4841 2516 4894 Τί
2558 4839 2652 4893 οὖν
2697 4837 2776 4891 ἔτι
2811 4838 3089 4907 μέμφεται
3135 4836 3334 4899 αὐτόν;
3366 4832 3554 4903 μᾶλλον
3579 4828 3645 4886 δὲ.

2101 4933 2153 4988 τί
2206 4935 2285 4986 ἐτι
2333 4932 2717 5001 ἐτιμωρήσατο
2767 4928 2965 4992 αύτὸν;
3005 4929 3069 4979 Ἀ
3125 4927 3232 4996 γάρ
3279 4926 3539 4994 ἥμαρτεν,
3579 4918 3646 4978 είς

2101 5026 2258 5092 δόξαν
2284 5024 2450 5080 αὑτοῦ
2487 5024 2756 5094 ἥμαρτεν.
2795 5020 2858 5073 Εἰ
2903 5020 2978 5090 μὴ
3026 5020 3134 5088 γὰρ
3161 5020 3426 5088 ἥμαρτεν,
3470 5013 3560 5066 οὐκ
3593 5007 3646 5061 ἂν

2105 5120 2505 5192 ἐτιμωρήσατο·
2539 5118 2587 5168 εἰ
2623 5115 2696 5185 μὴ
2719 5114 3122 5186 ἐτιμωρήσατο,
3153 5113 3252 5164 οὐκ
3288 5110 3354 5164 ἂν
3391 5101 3643 5174 ἐδοξάσθη.

2119 5212 2279 5267 Ἀλλά
2301 5211 2456 5264 τοῦτο
2487 5207 2760 5262 ἐϐούλετο.
2799 5225 2819 5256 ι
2841 5206 3029 5266 Ὅπως
3057 5205 3186 5272 γὰρ,
3215 5201 3400 5269 φησὶν,
3432 5193 3646 5258 ἐνδείξω·

2112 5323 2230 5377 μαι.
2276 5323 2294 5356 ι
2329 5304 2422 5356 καὶ
2451 5302 2596 5369 ἑξῆς.
2637 5301 2698 5352 Εἰ
2726 5299 2782 5352 δὲ
2829 5297 3103 5359 ἐϐούλετο,
3136 5294 3215 5352 τίς
3246 5289 3549 5358 ἀντιστῆναι
3570 5283 3645 5335 δύ-

2111 5413 2268 5450 ναται
2304 5393 2468 5447 αὑτοῦ
2503 5392 2580 5462 τῷ
2613 5390 2948 5460 βουλήματι;
2993 5387 3156 5457 Ὁρᾷς
3190 5385 3305 5446 πῶς
3341 5385 3375 5451 ὴ
3412 5380 3504 5447 τῆς
3531 5379 3645 5429 ἀπο·

2115 5492 2236 5564 ρεας
2271 5488 2421 5550 λύσις
2455 5487 2548 5539 καὶ
2604 5485 2702 5553 τῆς
2751 5482 2929 5545 αἰτίας
2969 5481 3251 5543 ἀπόδοσις,
3283 5477 3390 5529 οὐκ·
3424 5471 3567 5564 ἐλυσε
3599 5463 3647 5516 τὸ

2114 5560 2486 5648 ἀπορούμενον
2515 5577 2628 5636 τοῖς
2663 5571 2993 5642 άγνὼμοσιν,
3027 5570 3161 5622 ἀλλὰ
3205 5569 3299 5621 καὶ
3327 5566 3508 5635 ἐτέρας
3531 5560 3644 5648 ἀπν-

2115 5645 2238 5745 ρίας
2289 5645 2510 5739 ἀέρορμη
2549 5667 2758 5735 γέγονε.
2804 5664 2894 5717 Διὸ
2945 5661 3164 5732 ἄμεινον
3225 5659 3298 5728 μὴ
3343 5654 3516 5724 ζητεῖν
3566 5645 3651 5706 τὰς
