3880 6546
175 448 282 515 509

1239 450 1624 513 COMMENT.
1667 450 1747 510 IN
1788 450 2028 515 EPIST.
2069 456 2170 516 AD
2209 457 2396 519 ROM.

3317 453 3422 519 510

171 557 436 621 τοιαύτας
491 559 671 626 αἰτίας
697 603 711 626 ,
750 560 784 633 ἦ
817 560 1136 632 ζητοῦντας,
1203 562 1466 633 μειζόνων
1512 561 1808 633 ἁποριῶνέ

1911 563 2116 631 )εοινίι,
2146 565 2280 636 quin
2310 566 2495 637 potius
2544 565 2772 622 alterius
2811 567 3188 638 ambiguitatis
3222 569 3438 624 occasio

174 654 358 715 αίτίας
383 653 485 717 τὰς
517 654 701 718 λύσεις
727 654 1018 709 ποιεῖσθαι.
1060 654 1231 708 Τοῦτο
1263 656 1368 726 γὰρ
1397 655 1754 725 εὐγνωμόνων

1916 666 2002 712 cta
2025 667 2132 712 est.
2181 660 2476 729 Propterea
2509 670 2733 730 prmstat
2765 661 3080 730 hujusmodi
3111 676 3308 716 causas
3328 676 3440 716 non

175 745 520 816 πλασμάτων
565 747 657 799 καὶ
680 747 903 812 δούλων,
935 746 1010 818 μὴ
1041 747 1138 810 τὰς
1171 747 1350 811 αίτίας
1376 749 1626 801 ἀπαιτεῖν
1667 747 1757 800 τὸν

1911 750 2149 819 ιιιυὶτετε
2189 767 2205 806 :
2252 751 2459 821 alioqui
2505 750 2850 820 inquirentes
2882 751 3120 805 eﬂicient
3153 751 3298 820 ipsas
3346 765 3441 806 so-

173 839 526 909 Δημιουργὸν
555 839 648 892 καὶ
687 839 986 911 Δεσπότην,
1021 841 1136 894 ἀλλ’
1186 841 1280 893 ἐπὶ
1311 842 1443 894 πᾶσι
1479 843 1590 904 τοῖς
1613 857 1760 907 γινο-

181 932 374 999 μένοις
413 931 759 1000 εὐχαριστεῖν
816 931 965 1001 αύτῷ
997 972 1010 995 ,
1044 933 1147 985 κᾶν
1194 933 1254 986 ού
1306 932 1601 1002 κατείληφε
1636 933 1761 993 τοὺς

1860 840 2100 895 lutiones
2125 855 2318 894 causas
2357 856 2498 896 esse-
2530 843 2795 912 majorum
2849 841 3256 896 diliicultatum.
3302 841 3439 896 Nam

1862 932 1971 987 hoc
2007 941 2284 1003 gratarum
2336 941 2714 988 creaturarum
2768 950 2833 989 ac
2891 949 3178 988 servorum
3229 941 3360 1000 est,
3411 947 3446 988 a

178 1023 377 1090 λόγους
411 1023 479 1076 δι’
509 1025 603 1088 οὓς
653 1024 895 1094 γίνεται,
934 1024 1133 1096 μᾶλλον
1182 1026 1238 1078 δὲ
1289 1026 1380 1078 καὶ
1435 1026 1527 1080 ἐπὶ
1556 1023 1764 1077 τούτων

1911 1036 2123 1080 reatore
2159 1041 2222 1080 ac
2260 1026 2493 1080 Domino
2527 1041 2719 1080 causas
2763 1042 2871 1080 non
2928 1037 3205 1097 expetere,
3247 1025 3342 1081 sed
3388 1025 3447 1080 in

177 1117 349 1172 πλέον
379 1117 670 1187 ὀφείλομεν
699 1118 1068 1188 εὐχαριστεῖν.
1105 1119 1272 1188 Δῆλον
1318 1117 1427 1190 γὰρ
1475 1119 1550 1182 ὡς
1581 1111 1654 1171 ὧν
1690 1116 1765 1188 μὴ

1911 1118 2127 1174 mnibus
2149 1134 2271 1188 qua:
2320 1117 2462 1172 fiunt
2518 1118 2723 1188 gratias
2768 1118 2848 1172 illi
2896 1133 3082 1188 agere,
3128 1129 3447 1187 quanquam

176 1197 623 1280 κατειλήφαμεν,
657 1212 748 1263 ἐπὶ
773 1210 978 1264 τούτων
1004 1211 1224 1280 μείζους
1252 1211 1388 1264 είσῖν
1415 1211 1464 1264 οί
1497 1211 1644 1279 λόγοι
1672 1209 1768 1264 καὶ

177 1299 540 1369 θαυμασιώτε
552 1318 656 1372 ροι,
683 1303 777 1354 καὶ
801 1303 899 1372 τῆς
924 1301 1079 1373 ἡμῶν
1121 1302 1508 1374 ύπερκείμενοι
1532 1300 1772 1371 καταλή-

173 1391 358 1462 ψεως,
396 1391 563 1444 Ὥστε
603 1391 822 1460 μείζους
867 1392 950 1446 δεῖ
995 1392 1216 1456 καὶτὰς
1250 1392 1570 1462 εὐεργεσίας
1600 1408 1772 1462 προσ⁶

174 1485 449 1541 ἀγεσθαι.
500 1484 672 1550 Αὐτὸς
712 1483 769 1538 δὲ
803 1484 1030 1556 προῖὼν,
1077 1485 1302 1555 καὶτῆς
1354 1485 1610 1553 δευτέρας
1635 1485 1774 1537 ἀπο-

180 1575 316 1646 ρίας
344 1575 525 1647 τίθησι
562 1577 661 1647 τὴν
704 1577 879 1635 λύσιν.
919 1595 938 1629 ι
975 1578 1080 1630 Τὸν
1122 1577 1315 1630 Ἰακὼὸ
1362 1577 1646 1647 ἠγάπησα,
1682 1575 1773 1628 τὸν

178 1667 251 1719 δὲ
287 1665 466 1720 Ἡσαῦ
496 1669 756 1740 ἐμίσησα.
802 1688 820 1722 ι
849 1671 941 1741 Μή
991 1687 1080 1722 πω
1119 1668 1227 1740 γάρ
1273 1687 1323 1722 τι
1353 1669 1635 1738 πράξαντα
1685 1667 1776 1720 τὸν

191 1759 424 1823 Ἰακὼϐ,
478 1759 737 1813 ἐκάλεσεν
780 1759 1106 1829 ἀγαπητόνο
1165 1780 1185 1813 ι
1225 1760 1328 1813 Τὸν
1373 1759 1483 1830 γὰρ
1550 1757 1772 1824 Ἰακὼϐ,

1868 1213 2106 1268 rationes
2124 1228 2227 1266 non
2246 1210 2714 1280 comprehendant
2732 1219 2958 1281 propter
2978 1226 3114 1280 quas
3137 1210 3267 1263 ﬁant
3298 1223 3450 1264 zma-

1869 1303 1953 1372 gis
1989 1310 2170 1355 autem
2197 1301 2361 1354 etiam
2392 1313 2559 1369 super
2589 1298 2673 1353 his
2696 1298 2961 1352 debemus
2989 1299 3226 1368 amplius
3250 1297 3451 1368 gratias

1871 1404 2055 1460 agere.
2087 1389 2222 1443 Nam
2256 1388 2608 1443 manifestum
2626 1398 2711 1442 est
2745 1389 2891 1457 quod
2926 1403 3120 1442 eorum
3176 1404 3296 1458 quae
3339 1403 3449 1442 non

1871 1480 2362 1551 deprehendimus,
2403 1479 2674 1550 majorum
2699 1489 2828 1535 sunt
2855 1494 3036 1534 causa:
3059 1482 3340 1550 magisque
3359 1480 3452 1534 ad-

1876 1572 2162 1635 mirandae,
2204 1581 2259 1625 et
2290 1587 2411 1642 qua:
2434 1579 2650 1625 nostras
2672 1571 3454 1642 excedantapprehensiones.

1875 1665 2062 1736 Itaque
2111 1667 2351 1737 majores
2403 1665 2568 1720 etiam
2621 1663 2920 1736 gratiarum
2953 1664 3198 1720 actiones
3239 1669 3461 1731 oportet

1877 1757 2100 1812 oﬂ‘erre.
2151 1757 2448 1827 Apostolus
2473 1741 2652 1810 tamen
2693 1755 2748 1809 in
2779 1754 3140 1826 sequentibus
3169 1753 3333 1808 etiam
3368 1767 3460 1807 se-

178 1852 385 1922 φησῖν,
417 1851 700 1921 ⁴Ιῖγάιτιησα,
733 1850 824 1904 τὸν
851 1851 908 1905 δὲ
950 1851 1119 1905 Ἡσαῦ
1147 1849 1404 1921 ἐμίσησα.
1437 1868 1458 1904 ι
1488 1881 1560 1893 -—
1584 1868 1602 1902 ι
1650 1849 1778 1921 Ἑρο

1911 1850 2076 1904 unda
2103 1848 2442 1904 diﬂicultatis
2472 1848 3003 1920 ponitsolutionem.
3035 1869 3052 1900 ι
3077 1847 3246 1903 Jacob
3269 1845 3460 1912 dilexi,

181 1916 340 2014 ῥηθη
369 1916 530 2015 αὐτῇ,
639 1947 808 2017 ἧγουν
849 1947 916 2015 τῇ
968 1916 1258 2013 Ῥεϐέκκα,
1347 1944 1429 1996 ὅτι
1463 1942 1524 1996 Ὀ
1573 1916 1777 2012 μείζων

1911 1942 2027 1996 ἶεοιι
2058 1957 2190 1996 vero
2215 1942 2345 1996 odio
2371 1916 2559 1996 hab—ui.
2606 1961 2624 1992 ›
2688 1940 2824 1995 Nam
2867 1940 3035 1996 Iacob
3081 1939 3176 2009 qui
3228 1938 3464 1993 nihilum

176 2034 476 2089 δουλεύσει
515 2035 592 2107 τῷ
625 2036 892 2090 ἐλάσσονι.
931 2054 948 2087 ι
979 2036 1044 2088 Ut
1074 2034 1172 2105 μὲν
1203 2034 1312 2104 γὰρ
1339 2033 1615 2104 ἄνθρωποι
1651 2032 1782 2096 ἴσως

185 2127 345 2196 μετὰ
381 2128 443 2180 τὸ
471 2128 746 2197 γενέσθαι,
776 2129 805 2183 6
840 2127 896 2181 δὲ
925 2127 1077 2188 Θεὸς.
1123 2126 1220 2197 τρὸ
1248 2125 1521 2196 γενέσεως
1550 2126 1782 2180 ἐπίστα-

182 2234 293 2271 ται
328 2217 398 2272 τὰ
448 2220 504 2271 ἐν
531 2219 610 2290 τῷ
643 2218 935 2290 ἀνθρώπῳ.

1881 2017 2090 2103 egerat,
2123 2034 2732 2103 appellavitdilectum.
2758 2053 2777 2085 ι
2811 2033 3003 2098 Jacob,
3036 2031 3236 2101 inquit,
3271 2029 3464 2093 dilexi,

1882 2125 2027 2180 Esau
2050 2141 2184 2180 vero
2217 2125 2344 2180 odio
2371 2125 2556 2180 habui.
2597 2143 2617 2177 ι
2657 2156 2725 2170 -
2763 2126 3012 2180 «Dictum
3043 2134 3127 2178 est
3157 2123 3258 2203 illi,
3294 2142 3310 2174 ι
3338 2131 3467 2194 puta

1883 2219 2165 2273 Rebeccae.
2196 2237 2214 2270 ι
2248 2218 2418 2289 Major
2452 2219 2657 2274 serviet
2703 2217 2926 2272 minori.
2959 2237 2977 2271 ›
3038 2217 3322 2287 Siquidem
3354 2215 3470 2270 ho-

180 2310 383 2366 mines
409 2309 661 2366 fortassis
703 2319 827 2380 post
846 2308 1228 2376 nativitatem,
1259 2309 1404 2366 Deus
1433 2325 1566 2366 vero
1600 2309 1766 2366 etiam
1841 2319 1969 2368 ante
2023 2310 2370 2366 nativitatem
2420 2311 2576 2366 novit
2634 2326 2757 2381 quae
2814 2308 3001 2368 futura
3054 2317 3184 2366 sunt
3227 2311 3286 2365 in
3361 2310 3468 2365 ho-

182 2417 382 2455 mine.

275 2493 352 2549 Τί
376 2489 489 2550 οὖν
517 2493 808 2565 ἐρώμενος
839 2493 934 2562 Μὴ
964 2493 1166 2549 ἀδικία
1214 2494 1374 2562 παρὰ
1397 2493 1477 2560 τῷ
1503 2493 1623 2562 Θεῷ
1647 2512 1666 2560 ;
1692 2497 1786 2565 Μὴ

189 2583 462 2655 γένοιτο.
526 2583 609 2646 Τῷ
645 2583 754 2653 γὰρ
796 2581 988 2652 Μωσῇ
1046 2583 1231 2653 λέγει·
1279 2583 1550 2651 Ἐλεήσω
1597 2585 1669 2639 ὃν
1715 2584 1793 2640 ἂν

188 2676 382 2738 ἐλεῶ,
415 2677 508 2730 καί
541 2675 892 2745 οἰκτειρήσω
927 2676 1001 2729 ὸν
1053 2675 1131 2730 ἂν
1168 2677 1453 2748 οἰκτείρω.
1485 2679 1634 2746 Ἀριι
1680 2673 1795 2734 οὖν

191 2771 275 2825 οὐ
312 2769 424 2824 τοῦ
459 2768 762 2835 θέλοντος,
794 2768 938 2823 οὐδὲ
966 2768 1074 2823 τοῦ
1106 2768 1448 2838 τρέχοντος,
1481 2769 1641 2825 ἀλλὰ
1683 2771 1792 2826 τοῦ

190 2859 533 2926 ἐλεοῦντος
563 2859 738 2915 Θεοῦ.
767 2860 940 2930 Λέγει
976 2859 1087 2930 γὰρ
1117 2863 1154 2930 ἠ
1191 2859 1404 2930 Γραφὴ
1452 2859 1530 2926 τῷ
1560 2860 1790 2930 Φαραώο

195 2951 302 3003 ὅτι
345 2951 448 3018 Εις
482 2949 630 3005 αὐτὸ
685 2951 865 3005 τοῦτο
901 2949 1180 3021 ἐξήγειρά
1209 2963 1303 3015 σε,
1333 2950 1494 3017 ὅπως
1519 2950 1794 3017 ἐνδείξω-

192 3065 321 3118 μαι
349 3047 418 3101 ἐν
444 3047 542 3101 σοι
581 3044 698 3116 τὴν
738 3045 999 3116 δύναμιν
1041 3063 1186 3115 μου,
1221 3045 1322 3100 καὶ
1362 3045 1526 3112 ὅπως
1563 3045 1794 3118 διαγγε-

197 3137 298 3207 λῇ
369 3138 437 3194 τὸ
492 3136 678 3209 ὄνομὰ
701 3155 820 3208 μου
849 3137 920 3191 ἐν
961 3134 1128 3206 πάσῃ
1153 3135 1230 3205 τῇ
1274 3135 1373 3207 γῇ.
1404 3137 1543 3206 Ἄρα
1574 3131 1690 3192 οὖν
1727 3135 1801 3192 ὃν

201 3230 383 3286 θέλει
410 3229 586 3294 ἐλεεῖ,
605 3229 677 3285 ὃν
696 3228 762 3283 δὲ
798 3227 957 3287 θέλει
984 3229 1335 3299 σκληρύνει.

297 3283 668 3395 «Μὴιὲιζιια
702 3283 854 3395 παρὰ
874 3322 953 3394 τῷ
974 3283 1092 3394 ea.
1118 3283 1256 3394 ς”Μὴ
1289 3283 1520 3391 γένοιτο.
1562 3342 1580 3376 ι
1615 3322 1673 3377 ὀ
1705 3322 1802 3394 μὲν
1830 3283 1873 3342 (⁵

217 3415 434 3473 Ἠσαῦ.
481 3417 665 3485 φησὶν,
703 3416 779 3479 ὡς
813 3416 982 3479 κακὸς
1012 3415 1271 3486 ἐμισήθη,
1304 3417 1332 3468 6
1381 3415 1438 3469 δὲ
1490 3414 1687 3469 Ἰακὼϐ
1730 3415 1803 3480 ὡς

210 3512 394 3575 καλὸς
426 3511 711 3583 ἠγαπήθη.
751 3531 769 3562 ι
803 3510 869 3564 Τί
899 3506 1032 3574 οῦνς
1076 3529 1095 3561 ι
1151 3509 1299 3562 Ἀντὶ
1325 3508 1440 3575 τοῦ,
1474 3507 1541 3561 Τί
1577 3505 1807 3578 ἐροῦμεν

213 3606 363 3678 περὶ
395 3605 502 3658 τῶν
537 3607 595 3659 ἐν
626 3607 693 3676 τῇ
726 3605 920 3676 ἐρήμῳ
964 3603 1234 3657 Ἰουδαίων
1262 3620 1276 3669 ;
1318 3602 1378 3656 ού
1427 3601 1628 3664 πάντες
1679 3600 1810 3670 ἐμο-

220 3698 608 3768 σχοποίησανς
659 3697 784 3758 Πῶς
836 3691 929 3750 οὖν
977 3694 1215 3767 εἴρηται,
1274 3713 1294 3746 ι
1343 3694 1584 3764 Ἐλεήσω
1639 3692 1698 3746 δν
1744 3691 1812 3747 ἂν

220 3789 414 3853 ἑλεῶς
453 3808 471 3841 ι
503 3789 566 3842 Εί
592 3790 701 3858 γὰρ
731 3788 914 3840 ἀδικία
950 3788 1050 3841 οὐκ
1081 3786 1197 3839 ἐστι
1232 3785 1383 3858 παρὰ
1419 3785 1496 3855 τῷ
1531 3785 1669 3856 Θεῷ,
1719 3784 1813 3837 καὶ¹

223 3883 388 3952 ὅμως
437 3882 653 3934 πάντων
691 3877 1221 3950 μοσχοποιησάντων,
1259 3896 1277 3928 ι
1324 3877 1584 3946 Ἐλεήσω,
1635 3870 1810 3938 εἶπεν,

227 3976 297 4029 ὃν
330 3973 395 4028 ἂν
422 3974 574 4040 ἐλεῶ,
590 3974 721 4045 ιᾶρα
738 3972 987 4042 κρυφίοις
1005 3970 1301 4040 ὀφθαλμοῖς
1325 3971 1350 4022 6
1373 3969 1503 4032 Θεὸς
1521 3967 1814 4038 ἐμϐατεύει

229 4069 325 4132 είς
353 4068 451 4130 τὰς
480 4066 586 4120 τῶν
613 4065 916 4135 ἀνθρώπων
962 4061 1215 4133 καρδίας,
1257 4062 1353 4114 καὶ
1399 4060 1499 4130 οὐχ
1544 4059 1732 4129 ὥσπερ
1767 4060 1814 4111 ot

231 4159 541 4231 ἄνθρωποι.
582 4157 789 4213 Οὐκοῦν
821 4158 943 4210 οῦδὲ
977 4155 1205 4209 ἐπὶτῶν
1226 4154 1320 4207 νῦν
1355 4151 1624 4206 Ἰουδαίων
1644 4151 1821 4204 ἀδικεῖ

233 4257 269 4308 ὁ
303 4254 453 4320 Θεὸς,
482 4253 614 4308 ἀλλὰ
652 4255 745 4306 καὶ
786 4251 880 4305 νῦν
910 4251 1022 4304 ὅσοι
1056 4249 1154 4320 μὲν
1192 4247 1350 4314 ἄξιοι,
1389 4245 1656 4310 σώζονται
1683 4259 1698 4273 ο
1732 4260 1824 4295 πι-

241 4346 498 4402 στεύουσι
529 4347 638 4418 γάρ
665 4361 678 4374 ·
714 4346 828 4398 ὅσοι
879 4343 935 4396 δέ
966 4342 1196 4407 ἀνάξιοι,
1241 4339 1569 4392 ἀπόλλυνται
1593 4352 1608 4368 ο
1643 4337 1702 4390 οὐ
1734 4353 1824 4388 πι-

243 4439 499 4494 στεύουσι
531 4439 662 4507 γάρ.
701 4455 718 4488 ι
762 4435 998 4505 Ἐλεήσω
1030 4433 1088 4486 δν
1129 4432 1198 4486 ἂν
1249 4429 1402 4483 ἐλεῶ.
1447 4447 1466 4482 ι
1523 4429 1612 4490 Ὠς
1661 4428 1709 4479 εί
1755 4421 1826 4479 εἳ-

243 4549 374 4585 στεν·
420 4529 562 4598 Ἐγὼ
588 4525 701 4583 οἴδα
746 4529 884 4590 τίνες
931 4525 1070 4592 ἄξιοι
1108 4522 1401 4592 σωτηρίας,
1449 4519 1544 4574 καὶ
1579 4520 1692 4572 ὅσοι
1727 4518 1828 4571 οὐκ

1956 2493 2050 2556 IX.
2087 2491 2268 2547 14-18.
2303 2489 2440 2554 Quid
2461 2509 2581 2561 ergo
2598 2492 2874 2546 dicemus?
2899 2491 3040 2546 Nam
3083 2492 3349 2561 injustitia
3399 2498 3477 2547 est

1889 2591 2032 2658 apud
2069 2585 2278 2639 Deum?
2309 2584 2476 2639 Absit.
2510 2583 2643 2637 Mosi
2710 2585 2847 2641 enim
2892 2584 3052 2640 dicit:
3083 2583 3365 2637 Miserebor
3385 2599 3480 2636 cu-

1881 2681 2181 2750 juscunque
2216 2678 2500 2741 misereor,
2561 2687 2607 2729 et
2661 2675 3066 2729 commiserabor
3123 2690 3480 2746 quemcunque

1892 2771 2256 2826 commiseror.
2287 2769 2458 2840 Igitur
2487 2784 2592 2821 non
2619 2767 2838 2822 volentis
2857 2777 2955 2832 est,
2980 2783 3074 2821 nec
3097 2766 3482 2832 currentis,sed

1894 2864 2189 2918 miserentis
2225 2861 2342 2915 Dei.
2392 2860 2529 2916 Dicit
2556 2861 2696 2916 enim
2741 2857 3017 2931 Scriptura
3056 2859 3364 2914 Pharaoni:
3413 2857 3483 2914 In

1895 2958 1990 3015 hoc
2027 2957 2201 3026 ipsum
2223 2954 2475 3008 suscitavi
2505 2962 2574 3017 te,
2617 2960 2675 3005 ut
2704 2953 3028 3005 ostenderem
3056 2951 3110 3004 in
3154 2957 3203 3004 te
3231 2951 3478 3005 virtutem

1900 3063 2095 3111 meam,
2125 3051 2174 3098 et
2201 3052 2260 3097 ut
2295 3043 2644 3097 annuntietur
2664 3057 2854 3095 nomen
2877 3056 3050 3094 meum
3070 3039 3124 3092 in
3159 3039 3302 3092 omni
3320 3047 3484 3092 terra-

1908 3138 2098 3208 Itaque
2125 3135 2273 3208 cuius
2306 3133 2415 3189 vult
2446 3135 2743 3199 miseretur,
2797 3148 2952 3204 quem
3009 3137 3186 3186 autem
3241 3129 3354 3184 vult
3401 3129 3488 3184 ob-

1909 3229 2095 3284 durat.

1977 3321 2142 3392 328
2177 3337 2196 3372 ι
2237 3319 2378 3374 Num
2405 3317 2674 3390 injustitia
2701 3325 2786 3372 est
2813 3315 2956 3386 apud
3004 3315 3175 3369 Deum
3203 3312 3429 3368 ?Ahsit.
3466 3331 3485 3365 ι

1907 3409 2053 3464 Esau
2086 3408 2233 3463 enim
2267 3415 2526 3476 tanquam
2554 3406 2732 3459 malus
2775 3404 2903 3459 odio
2947 3403 3168 3458 habitus
3187 3412 3292 3467 est,
3326 3400 3494 3458 Jacoh

1907 3514 2041 3554 vero
2081 3505 2340 3566 tanquam
2387 3495 2566 3550 bonus
2589 3494 2824 3549 dilectus
2850 3502 2977 3549 est.
3011 3511 3029 3543 ι
3062 3490 3203 3558 Quid
3242 3491 3413 3562 ergo?
3473 3509 3491 3541 ι

1910 3591 2028 3646 Hoc
2056 3598 2159 3654 est,
2206 3588 2349 3656 Quid
2405 3587 2474 3642 de
2529 3585 2734 3643 Judaeis
2766 3585 3016 3640 dicemus
3053 3584 3146 3654 qui
3191 3583 3414 3639 fuerunt
3444 3582 3497 3636 in

1912 3681 2385 3738 deserto?Nonne
2410 3694 2604 3734 omnes
2641 3678 2875 3732 vitulum
2903 3675 3192 3732 fecerunt?
3223 3674 3501 3746 quomodo

1913 3775 2122 3830 dictum
2144 3781 2230 3827 est
2267 3789 2281 3826 :
2326 3770 2678 3840 «.Miserebor
2707 3770 3085 3840 cujuscunque
3123 3767 3420 3822 misereor?
3477 3783 3497 3818 ι

1915 3868 2056 3924 Nam
2092 3869 2137 3921 si
2175 3863 2443 3936 injustitia
2477 3879 2586 3917 non
2625 3869 2711 3916 est
2756 3861 2900 3932 apud
2931 3861 3102 3915 Deum
3141 3900 3156 3924 ,
3201 3869 3258 3915 et
3313 3870 3495 3913 tamen

1917 3973 2009 4010 um
2098 3972 2292 4012 omnes
2314 3956 2549 4011 vitulum
2585 3955 2869 4018 fecissent,
2905 3973 2922 4004 ι
2954 3951 3276 4014 Miserebor,
3317 3949 3502 4012 dixit,

1922 4053 2304 4118 cujuscunque
2375 4049 2686 4102 misereor:
2719 4066 2736 4097 ι
2773 4055 2926 4100 certe
2989 4043 3290 4098 latentibus
3334 4042 3511 4096 oculis

1920 4143 2069 4198 Deus
2100 4141 2156 4196 in
2187 4141 2473 4195 hominum
2504 4139 2672 4194 corda
2719 4137 3048 4208 ingreditur,
3077 4145 3132 4192 et
3156 4132 3288 4190 non”
3307 4149 3508 4204 quein-

1924 4235 2221 4291 admodum
2246 4234 2524 4289 homines.
2586 4233 2758 4303 [gitur
2785 4247 2967 4301 neque
2989 4245 3112 4283 cum
3156 4227 3361 4283 Judmis
3413 4225 3509 4294 qui

1925 4344 2076 4384 nunc
2106 4336 2234 4382 sunt
2267 4327 2473 4398 injuste
2502 4326 2613 4397 agit
2661 4326 2807 4380 Deus
2836 4341 2850 4388 ;
2887 4322 2981 4378 sed
3017 4331 3072 4376 et
3095 4336 3238 4375 nunc
3267 4319 3508 4388 quicun-

1927 4435 2036 4490 que
2061 4418 2212 4488 digni
2243 4425 2374 4472 suut
2401 4417 2706 4481 salvantur,
2740 4416 2866 4485 quia
2881 4414 3150 4478 credunt;
3186 4411 3509 4481 quicunque

1928 4527 2062 4566 vero
2100 4510 2336 4580 indigni,
2364 4516 2631 4579 pereunt,
2677 4507 2807 4577 quia
2837 4522 2948 4561 non
3001 4505 3258 4561 credunt.
3298 4522 3315 4554 ι
3352 4503 3518 4557 Mise-

247 4623 419 4688 ἇξιοι.
452 4593 515 4675 Εί
557 4619 650 4675 οῦν
693 4621 917 4689 Μωσῆς,
949 4617 1136 4686 φησὶν,
1161 4616 1348 4686 ἠγνόει
1375 4614 1517 4677 τίνες
1545 4613 1708 4678 ἄξιοι,
1735 4613 1808 4664 κα

1933 4605 2100 4660 rebor
2127 4605 2506 4674 cujuscunque
2536 4600 2819 4654 misereor.
2854 4617 2873 4650 ι
2911 4597 2989 4651 Ac
3019 4597 3063 4651 si
3090 4595 3320 4650 dixisset
3353 4610 3370 4652 :
3403 4593 3518 4662 Ego

250 4715 405 4778 τίνες
457 4713 558 4766 οὐκ
599 4712 780 4777 ἄξιοι,
845 4710 1004 4780 σχολῇ
1047 4709 1178 4777 γοῦν
1226 4710 1389 4779 ἡμεῖς
1423 4705 1683 4777 γνοίημεν
1734 4705 1832 4768 τὰς

247 4809 433 4871 αἰτίας
485 4808 594 4861 τῶν
632 4806 950 4876 γινομένων.
1001 4803 1135 4856 Θεοῦ
1189 4803 1298 4874 γὰρ
1333 4803 1577 4871 κρίματα
1632 4802 1714 4863 τίς
1745 4799 1833 4864 ἐξ-

256 4899 493 4971 ιχνιάσει
520 4917 534 4965 ;
565 4899 683 4952 ἀντὶ
711 4898 829 4961 τοῦ,
859 4895 1064 4958 Οὐδείς.
1106 4914 1124 4946 ι
1160 4896 1301 4965 Ἀρα
1319 4892 1411 4946 οῦν
1445 4893 1502 4946 οὐ
1533 4891 1628 4945 τοῦ
1653 4891 1836 4944 θέλον-

251 5010 370 5058 τος,
409 5011 430 5044 ι
463 4992 558 5044 καὶ
587 4991 653 5044 τὰ
680 4989 824 5058 ἑξῆς.
874 4990 964 5041 Δεῖ
1013 4987 1110 5058 μὲν
1133 4985 1224 5040 οῦν
1257 4986 1431 5039 θέλειν
1463 4987 1558 5038 καὶ
1590 4984 1830 5054 τρέχειν,

256 5083 354 5137 καὶ
402 5082 504 5152 τὴν
533 5079 725 5134 ἐαυτοῦ
753 5079 984 5132 ἕκαστον
1013 5075 1240 5144 δύναμιν
1267 5075 1534 5146 πληροῦν.
1575 5074 1720 5144 Πλὴν
1753 5074 1835 5127 ὅτι

256 5177 384 5246 δίχα
428 5173 627 5245 βουλῆς
680 5171 814 5226 Θεοῦ
864 5169 988 5224 οὕτε
1027 5172 1056 5224 6
1118 5169 1308 5235 θέλων,
1363 5167 1485 5222 οὕτε
1542 5169 1570 5220 6
1625 5167 1835 5239 τρέχων

254 5269 414 5322 ἀνύει
443 5286 496 5320 τι
521 5267 702 5331 πλέον,
740 5265 871 5336 ἄτερ
896 5265 993 5333 τῆς
1028 5263 1120 5317 τοῦ
1155 5261 1286 5316 Θεοῦ
1321 5261 1594 5333 βοηθείας.
1635 5259 1836 5315 Λοιπὸν

255 5361 350 5413 τὸν
384 5356 708 5428 βουλόμενον
762 5353 1053 5418 σώζεσθαι,
1087 5353 1167 5405 ὅτι
1201 5352 1294 5404 κα)⁸
1325 5351 1466 5404 θέλει
1496 5352 1524 5404 6
1562 5351 1692 5413 Θεὸς
1743 5348 1838 5403 καὶ

259 5449 427 5502 ἐλεεῖ.
495 5445 679 5500 Ταῦτα
732 5445 787 5499 δέ
843 5446 1018 5500 πάντα
1067 5440 1218 5497 εἶπεν
1263 5444 1292 5495 6
1335 5443 1489 5512 ἅγιος
1537 5442 1670 5513 πρὸς
1711 5441 1838 5502 τοὺς

256 5540 684 5601 ἁντιπίπτοντας
713 5538 808 5593 καὶ
839 5538 1114 5606 λέγοντας,
1147 5536 1214 5589 Τί
1247 5535 1309 5606 δή
1350 5552 1480 5588 ποτε
1513 5533 1838 5601 ὲκ6έ6).ηται

257 5639 287 5689 ὁ
328 5633 661 5703 Ἰουδαῖσμὸς
692 5633 842 5702 παρὰ
869 5629 946 5700 τῷ
995 5628 1132 5698 Θεῷ.
1165 5627 1497 5698 ἀντεισήχθη
1545 5627 1600 5680 δὲ
1643 5629 1670 5678 ὁ
1704 5627 1840 5695 Χρι-

266 5725 585 5794 στιανισμὸς
615 5723 710 5776 καὶ
739 5725 771 5791 ἠ
808 5721 1016 5782 πίστις;
1044 5719 1224 5772 Θέλων
1254 5715 1346 5772 οὖν
1371 5719 1520 5788 ἡμᾶς
1551 5716 1838 5770 παιδεῦσαι

271 5817 346 5888 μὴ
377 5818 630 5870 ἀπαιτεῖν
684 5815 909 5877 εὐθύνας
958 5813 1048 5865 τὸν
1099 5811 1230 5864 Θεὸν
1293 5804 1368 5864 ὧν
1422 5811 1671 5879 πράττει,
1705 5809 1838 5862 ἀλλὰ

272 5908 446 5964 πάντα
487 5907 738 5978 ἡγεῖσθαι
776 5905 934 5973 καλὰ,
971 5904 1073 5958 κᾶν
1118 5904 1276 5974 ἡμεῖς
1303 5902 1611 5972 ἀγνοῶμεν,
1658 5901 1830 5954 πολλᾶ

1931 4699 2062 4753 novi
2111 4699 2205 4768 qui
2237 4697 2348 4751 sint
2375 4694 2528 4768 digni
2575 4694 2753 4748 salute
2801 4701 2858 4746 et
2897 4691 3122 4761 quinam
3187 4687 3416 4759 indigni.
3460 4686 3519 4742 Si

1933 4790 2102 4860 igitur
2139 4790 2317 4844 Moses
2344 4788 2628 4859 ignorabat
2659 4785 2885 4856 quinam
2919 4782 3070 4853 digni
3095 4788 3282 4836 essent
3333 4789 3388 4833 et
3423 4793 3520 4849 qui

1935 4881 2170 4952 indigni,
2206 4881 2383 4935 multo
2420 4880 2602 4932 minus
2652 4892 2755 4930 nos
2790 4889 2985 4930 eorum
3012 4888 3132 4942 quae
3166 4869 3302 4924 ﬁunt
3327 4881 3525 4922 causas

1938 4987 2270 5043 cognoscere
2302 4985 2587 5041 possemus
2617 4986 2630 5033 ;
2669 4967 2765 5022 Dei
2801 4965 2947 5020 enim
2982 4963 3188 5036 judicia
3217 4960 3340 5032 quis
3364 4973 3524 5014 scru-

1935 5063 2176 5118 tabitur?
2205 5061 2450 5132 profecto
2469 5059 2672 5113 nullus.
2706 5077 2725 5110 ι
2758 5057 2931 5127 Igitur
2953 5071 3060 5109 non
3086 5053 3324 5108 volentis
3355 5057 3463 5108 est,
3499 5064 3517 5098 ι

1936 5166 2046 5213 etc.
2102 5160 2332 5224 Oportet
2364 5149 2636 5220 siquidem
2658 5149 2797 5205 velle
2836 5155 2893 5203 et
2943 5160 3192 5211 currere,
3223 5153 3279 5199 et
3325 5159 3529 5198 unum-

1943 5262 2219 5320 quemque
2254 5245 2432 5300 facere
2460 5243 2604 5314 quod
2641 5243 2696 5297 in
2727 5257 2785 5297 se
2813 5249 2930 5296 est:
2963 5248 3201 5294 attamen
3236 5236 3364 5306 quia
3398 5235 3530 5289 abs-

1945 5357 2054 5412 que
2105 5339 2202 5395 Dei
2258 5337 2495 5393 consilio
2573 5351 2757 5404 neque
2821 5333 3012 5386 volens
3057 5345 3233 5399 neque
3301 5339 3533 5382 currens

1944 5432 2250 5503 quidquam
2285 5430 2524 5499 amplius
2553 5428 2672 5481 sine
2721 5425 2818 5479 Dei
2868 5422 3076 5477 auxilio
3109 5418 3348 5490 perlicit,
3402 5415 3530 5468 reli-

1947 5539 2116 5594 quum
2149 5531 2234 5576 est
2260 5531 2320 5576 ut
2355 5521 2502 5576 Deus
2529 5535 2653 5574 eum
2690 5517 2783 5587 qui
2825 5515 3011 5570 salvus
3039 5510 3341 5578 ﬁericupit.
3363 5507 3528 5560 etiam

1945 5615 2099 5680 velit,
2137 5624 2194 5669 et
2223 5615 2343 5683 ejus
2374 5612 2728 5668 misereatur.
2761 5609 2888 5663 Haec
2930 5605 3113 5659 omnia
3177 5602 3316 5656 dixit
3365 5600 3528 5654 divus

1946 5709 2149 5764 Paulus
2194 5707 2459 5761 adversus
2495 5703 2616 5757 illos
2667 5701 2760 5770 qui
2822 5697 3107 5753 resistunt.
3165 5707 3233 5746 ac
3285 5691 3480 5744 dicunt
3517 5705 3532 5720 ο

1953 5803 2132 5868 Quare
2166 5801 2416 5870 abjcctus
2442 5803 2525 5850 est
2573 5793 2888 5849 .ludaismus
2913 5789 3054 5858 apud
3089 5787 3358 5847 Deum,et
3405 5782 3528 5836 loco

1948 5893 2121 5963 ipsius
2165 5889 2426 5946 inductus
2455 5895 2538 5942 est
2567 5879 3027 5940 Christianismus
3052 5891 3114 5932 ac
3132 5873 3304 5930 ﬁdes?
3333 5871 3535 5928 Volens
