3880 6624
489 359 597 426 515

1538 353 1938 418 CECUMENII
1970 351 2047 412 TE

2154 301 2263 409 c/E
2287 347 2631 408 EPISCOPI
3583 347 3664 411 us

474 484 532 529 tu
563 472 680 543 quis
701 486 752 524 et
782 469 874 542 qui
903 485 969 524 ea:
993 469 1211 524 adverso
1233 469 1547 538 respondeas
1578 467 1683 521 Deo
1703 467 1728 521 7
1749 465 1889 520 Num
1913 463 2046 517 dicet

2149 463 2360 527 θρωπε,
2405 459 2486 512 σὺ
2531 459 2623 523 τίς
2661 451 2716 509 el
2747 457 2780 508 ὁ
2808 451 3389 520 ἀνταποκρινόμενος
3427 450 3500 517 τῷ
3539 456 3666 526 Θεῲε

473 567 784 637 ﬁgmentum
806 563 854 616 ei
881 563 1049 631 quise
1077 560 1260 628 ﬁnxit:
1294 560 1432 625 Quid
1475 577 1557 614 me
1582 561 1661 613 ita
1711 556 1924 628 fecisti?
1963 555 2049 610 An

473 674 578 712 non
607 656 758 710 habet
787 661 1094 724 potestatem
1141 651 1337 723 ﬁgulus
1370 652 1468 706 luti
1535 668 1599 706 ea:
1645 652 1826 706 eadem
1875 666 2051 704 massa

473 747 668 816 facere,
702 743 853 797 aliud
911 743 1120 814 quidem
1145 759 1238 797 vas
1301 744 1356 796 in
1403 745 1676 806 honorem,
1727 741 1881 795 aliud
1929 755 2050 794 vero

474 836 532 889 in
561 837 909 906 ignominiam
937 834 961 887 Ρ

544 925 824 993 Tanquam
862 941 931 979 ex
983 923 1347 994 consequenti
1378 923 1630 978 fortassis
1676 922 1828 977 dices
1857 939 1872 975 :
1905 918 2049 987 Quid

470 1030 604 1084 ergo
631 1016 902 1084 reliquum
943 1025 1027 1071 est
1055 1015 1197 1084 apud
1227 1017 1367 1069 nos?
1389 1015 1458 1070 Ut
1500 1013 1632 1083 quid
1659 1014 1768 1084 jam
1805 1026 2050 1079 conque-

470 1105 613 1159 ritur
636 1113 693 1159 et
743 1104 942 1174 punit?
992 1105 1127 1158 Nam
1157 1106 1282 1174 quis
1327 1104 1678 1174 resistitejus
1707 1102 1939 1158 consilio
1986 1116 2050 1155 ac

470 1195 743 1250 voluntati
773 1197 796 1249 ?
829 1195 1037 1250 Deinde
1067 1211 1130 1250 os
1163 1197 1274 1250 illis
1298 1196 1630 1265 obturatqui
1691 1204 1891 1249 cuncta
1931 1192 2049 1252 .Dei

467 1302 636 1357 opera
661 1289 854 1343 volunt
878 1290 1459 1358 inquirere,eteorum
1491 1297 1640 1342 certe
1672 1287 1912 1341 rationes
1928 1300 2048 1354 qua:

466 1361 586 1450 ipse
617 1380 748 1436 facit
781 1397 1137 1452 cognoscere.
1186 1381 1268 1436 Ob
1304 1397 1390 1447 ea,
1451 1381 1652 1451 inquit,
1697 1397 1818 1450 qua}
1851 1379 2045 1442 discis,

466 1474 670 1542 gratias
693 1473 856 1538 habe,
885 1483 1110 1543 propter
1145 1473 1238 1526 illa
1259 1489 1390 1528 vero
1418 1489 1540 1543 quae
1585 1473 1803 1543 ignoras
1857 1489 1927 1527 ne
1963 1471 2046 1526 di-

465 1562 681 1624 scieris,
719 1577 898 1632 neque
937 1562 1193 1631 exquiras
1214 1571 1310 1616 aut
1354 1565 1570 1617 curiose
1593 1561 1874 1624 scruteris,
1931 1577 2052 1615 cer-

466 1653 680 1708 tissime
725 1669 1063 1724 cognoscens
1118 1655 1263 1724 quod
1311 1655 1457 1726 juste
1513 1665 1774 1723 rectaque
1839 1652 2050 1707 ratione

465 1744 750 1813 procedat,
777 1762 1088 1815 quanquam
1123 1756 1180 1800 tu
1202 1762 1423 1800 causam
1456 1747 1695 1816 ignores.
1751 1746 1819 1800 Et
1875 1761 2049 1814 quan-

2150 549 2246 616 Μὴ
2273 548 2399 616 ἐρεῖ
2421 549 2486 601 τὸ
2516 546 2768 616 πλάσμα
2797 544 2878 611 τῷ
2901 543 3224 597 audam-tr
3258 543 3319 596 Τί
3328 561 3402 612 με
3425 545 3673 616 ἐποίησας

2151 639 2372 702 οὕτως;
2409 639 2485 692 "H
2533 640 2644 691 οὐκ
2682 637 2806 706 ἔχει
2857 635 3151 699 ἐξουσίαν
3206 636 3241 688 ὀ
3276 634 3550 704 κεραμεὺς
3589 640 3673 693 τοῦ

2151 731 2372 797 πηλοῦ,
2433 729 2502 782 ἐκ
2543 729 2652 782 τοῦ
2693 729 2883 783 αὑτοῦ
2925 727 3275 798 φυράματος
3334 727 3585 795 ποιῆσαι,
3624 735 3674 788 τὸ

2145 821 2263 890 μέν
2310 823 2398 887 είς
2437 820 2619 889 τιμὴν
2664 819 2912 886 σκεῦος.
2944 820 3010 874 τὸ
3036 821 3104 873 δὲ
3142 824 3226 887 εις
3267 821 3535 889 ἁτιμίανς

2231 910 2319 974 Ὦς
2348 909 2406 974 ἐξ
2435 909 2753 975 ἀκολουθίας
2789 910 2916 974 ίσως
2948 912 3114 980 ἐρεῖςο
3153 910 3216 962 Τί
3249 909 3343 963 οὖν
3376 909 3550 962 λοιπὸν
3573 913 3676 983 παρ’

2150 1001 2333 1070 ἡμᾶς
2367 1001 2430 1053 Τί
2465 1003 2545 1053 ἐτι
2576 1001 2852 1070 μέμφεται
2880 1001 2974 1055 καὶ
3004 1000 3220 1065 κολάζει
3247 1018 3264 1068 ;
3301 1000 3394 1064 Τίς
3418 1001 3520 1072 γὰρ
3545 1003 3677 1056 αὕτοῦ

2143 1091 2466 1145 ἀνθίσταται
2496 1094 2562 1163 τῇ
2602 1092 2764 1162 βουλῇ
2796 1094 2891 1145 καὶ
2940 1091 3018 1161 τῷ
3053 1091 3358 1160 θελήματι;
3417 1086 3540 1145 Εἶτα
3579 1093 3677 1147 ἐπι-

2151 1185 2394 1253 στομίζει
2412 1185 2537 1247 τοὺς
2564 1185 2772 1246 πάντας
2795 1183 3046 1245 θέλοντας
3079 1183 3271 1253 μαθεῖν
3291 1181 3328 1236 ἃ
3349 1186 3486 1235 ποιεῖ
3511 1183 3536 1235 ὁ
3557 1183 3679 1248 Θεὸς,

2150 1275 2386 1338 καὶτοὺς
2415 1275 2604 1343 λόγους
2657 1274 2837 1327 αὐτῶν
2873 1274 3043 1344 ἡγουν
3073 1273 3180 1327 τῶν
3219 1275 3550 1345 πραγμάτων
3574 1275 3681 1328 είδέ-

2148 1384 2259 1420 ναι.
2304 1366 2476 1436 ’Υπὲρ
2519 1365 2626 1435 γὰρ
2677 1359 2752 1419 ὧν
2789 1365 3104 1436 μανθάνεις,
3160 1367 3348 1436 φησιν,
3377 1366 3527 1436 χάριν
3576 1366 3678 1436 ἔχει

2152 1457 2290 1528 ὑπὲρ
2361 1451 2437 1510 ὢν
2491 1458 2742 1525 ἀγνοεῖς,
2811 1455 2886 1527 μὴ
2945 1455 3267 1526 δυσχέραινε
3301 1495 3316 1520 ,
3377 1457 3448 1527 μὴ
3479 1457 3678 1523 ἐξέταζε,

2153 1547 2228 1616 μὴ
2309 1547 2804 1618 πολυπραγμόνει,
2908 1547 3217 1616 γινώσκων,
3275 1547 3684 1620 πληροφορούμε.

2151 1657 2261 1704 νος,
2319 1641 2400 1694 ὅτι
2442 1640 2668 1703 δικαίως
2707 1640 2801 1694 καὶ
2833 1639 2974 1693 κατὰ
3011 1639 3174 1709 ὀρθὸν
3223 1639 3384 1708 λόγον
3413 1640 3680 1709 προϐαίνει,

2153 1733 2256 1787 κᾶν
2283 1732 2348 1786 σὺ
2365 1735 2488 1796 τοὺς
2507 1733 2697 1801 λόγους
2723 1733 2943 1802 ἀγνοῇς.
2980 1733 3089 1786 Καὶ
3121 1732 3314 1800 ἐπειδὴ
3342 1733 3509 1796 οὕτως
3527 1734 3703 1803 ἔχειτὸ-

465 1835 766 1905 doquidem
801 1814 1021 1892 ίνοιὶιοε
1039 1837 1115 1891 ita
1140 1851 1198 1891 se
1219 1837 1404 1904 habet,
1441 1814 1500 1892 tu
1529 1838 1654 1906 quis
1687 1853 1770 1902 es,
1791 1853 1825 1891 ο
1859 1836 2046 1901 homo,

2150 1819 2370 1889 ἀληθὲς,
2399 1839 2418 1871 ι
2451 1821 2522 1874 Σὺ
2549 1820 2632 1884 τίς
2663 1816 2733 1886 εἴ,
2767 1814 3104 1892 ὧᾶνθρωπε,
3131 1822 3676 1893 ἀνταποκρινόμενος,ο

465 1927 560 1997 qui
595 1942 661 1981 ex
700 1928 932 1984 adverso
969 1931 1079 1984 Deo
1113 1929 1458 2000 respondes?
1488 1929 1595 1983 hoc
1617 1937 1722 1993 est,
1774 1941 2049 1998 repugnas

465 2030 530 2071 ac
547 2016 803 2072 discutis.
854 2018 921 2074 Et
954 2018 1094 2075 bene
1123 2019 1202 2074 ait
1239 2035 1252 2072 :
1315 2037 1333 2070 ι
1369 2019 1451 2073 Tu
1503 2018 1628 2088 quis
1657 2017 1767 2072 es?
1805 2037 1823 2068 ι
1863 2025 2048 2070 utrum

466 2107 573 2179 ipsi
598 2109 785 2164 socius
821 2124 881 2164 es
913 2110 965 2164 in
989 2111 1297 2180 principatu:
1323 2110 1346 2164 ?
1373 2125 1440 2163 an
1457 2109 1625 2180 judex
1651 2109 1922 2177 quispiam
1954 2107 2052 2162 es?

474 2217 494 2252 ι
537 2199 679 2254 Num
707 2202 854 2256 dicet
881 2202 1222 2272 ﬁgmentum.
1267 2220 1285 2253 ι
1337 2201 1455 2256 Non
1511 2201 1628 2255 haec
1664 2200 1800 2254 dicit
1855 2200 2051 2254 tollens

463 2290 681 2345 arbitrii
731 2292 1052 2348 libertatem
1077 2333 1092 2358 ,
1158 2293 1384 2348 minime
1410 2293 1654 2363 gentium
1685 2333 1700 2354 ,
1729 2292 1824 2346 sed
1861 2299 2049 2346 osten-

464 2379 602 2436 dens
623 2382 771 2452 quod
798 2383 1058 2438 omnibus
1084 2383 1261 2439 modis
1317 2384 1428 2438 Deo
1460 2383 1848 2451 obtemperare
1880 2397 2049 2451 opor-

467 2480 600 2534 teat.
656 2489 970 2544 quanquam
1001 2491 1195 2530 eorum
1256 2491 1378 2546 qua:
1430 2475 1571 2528 ﬁunt
1611 2475 1854 2529 rationes
1895 2474 2051 2544 igno-

407 2624 416 2637 ι
465 2573 654 2614 remus
691 2562 878 2630 :quod
915 2563 970 2617 in
1000 2564 1254 2632 petendis
1286 2572 1382 2618 aut
1409 2579 1518 2618 non
1577 2563 1828 2633 petendis
1859 2579 1888 2617 a
1937 2563 2048 2618 Deo

468 2649 776 2706 rationibus
795 2668 1096 2724 eorumque
1131 2654 1477 2725 contingunt,
1512 2654 1674 2726 332
1699 2655 2048 2710 obedientem

466 2752 588 2799 esse
612 2744 1353 2814 convcnitquemadmodum
1387 2746 1563 2799 lutum
1585 2753 1668 2800 est
1703 2743 1888 2814 ﬁgulo.
1917 2763 1936 2796 ι
1963 2745 2048 2800 An

467 2856 580 2896 non
609 2839 776 2894 habet
800 2846 1127 2908 potestatem
1160 2837 1359 2908 ﬁgulus
1403 2837 1527 2892 luti.
1567 2855 1586 2889 ι
1615 2834 1814 2902 Habet,
1845 2837 2046 2907 inquit,

469 2938 801 3002 potestatem
838 2929 1004 2994 Deus,
1036 2927 1132 2998 qui
1158 2928 1361 2984 excitat
1395 2938 1664 2996 mortuos,
1692 2939 1752 2985 ut
1791 2929 1894 2986 bos
1925 2929 2048 2998 qui-

467 3021 594 3076 dem
625 3020 690 3075 ad
719 3019 947 3091 gloriam
970 3020 1193 3084 excitet,
1229 3019 1354 3074 illos
1380 3034 1512 3076 vero
1545 3019 1615 3075 ad
1645 3018 2045 3084 confusionem,

462 3113 618 3185 juxta
669 3112 1086 3182 congruentiam
1118 3127 1310 3166 eorum
1335 3127 1458 3182 qua:
1486 3111 1556 3167 ab
1589 3127 1926 3181 unoquoque
1947 3111 2047 3166 ho-

466 3197 615 3258 mine
636 3212 755 3258 acta
783 3212 914 3258 sunt
941 3203 1150 3256 invita.
1200 3203 1278 3257 lla
1315 3203 1481 3259 habet
1525 3203 1685 3259 divus
1712 3203 2042 3269 Methodius,

466 3294 616 3350 libro
649 3293 724 3347 De
744 3295 1147 3348 resurrectione.
1181 3312 1199 3345 ι
1231 3294 1391 3348 Aliud
1423 3294 1648 3363 quidem
1670 3310 1768 3349 vas
1788 3295 1843 3349 in
1875 3295 2050 3350 hono-

467 3401 608 3452 rem,
649 3385 800 3442 aliud
830 3401 961 3441 vero
997 3386 1054 3440 in
1110 3386 1490 3457 ignominiam.
1528 3406 1546 3437 ι
1593 3387 1714 3440 Non
1754 3388 1899 3456 quod
1949 3387 2048 3441 hos

465 3475 687 3546 quidem
730 3476 926 3539 bonos,
975 3476 1114 3531 alios
1165 3492 1296 3531 vero
1336 3479 1506 3531 malos
1526 3477 1687 3532 faciat
1713 3479 1888 3533 Deus.
1942 3478 2048 3532 Ne-

465 3581 766 3635 quaquam,
800 3566 894 3620 sed
918 3575 1115 3620 cuncta
1172 3567 1266 3620 Dei
1291 3583 1458 3635 opera
1484 3568 1626 3622 bona
1655 3577 1804 3632 sunt,
1829 3567 2048 3638 etquod

467 3655 536 3710 ad
569 3672 627 3711 se
674 3657 896 3718 attinet,
951 3657 1054 3710 hoc
1085 3665 1188 3720 est,
1218 3658 1372 3728 juxta
1412 3674 1570 3711 suum
1627 3659 1802 3729 ipsius
1865 3660 2048 3714 consi-

467 3746 608 3800 lium
667 3763 731 3802 ac
782 3748 1140 3810 voluntatem,
1203 3764 1393 3803 ouines
1447 3750 1609 3804 vellet
1655 3752 1856 3821 probos
1903 3767 2045 3816 esse,

470 3837 754 3892 studiosos
782 3853 846 3892 ac
875 3837 1065 3892 ﬁdeles
1097 3851 1112 3890 :
1142 3839 1236 3893 sed
1260 3840 1428 3894 veluti
1465 3854 1532 3893 ex
1569 3850 1839 3910 potestate
1883 3859 2048 3912 quam

470 3926 641 3980 habet
673 3927 818 3983 Deus
879 3938 940 3984 ut
994 3928 1160 3984 faciat
1219 3946 1339 4001 qua:
1377 3932 1633 3997 voluerit,
1668 3933 1773 3989 hoc
1815 3934 1884 3988 ab
1929 3937 2048 4003 ipso

466 4019 678 4075 dictum
761 4030 868 4076 est.
919 4022 1154 4078 Pulchre
1212 4030 1394 4077 autem
1447 4038 1508 4077 ac
1559 4024 1822 4080 decenter
1865 4027 2048 4081 omnia

466 4111 620 4176 facit,
655 4127 970 4183 quanquam
996 4130 1097 4169 nos
1126 4130 1320 4170 causas
1387 4114 1724 4185 ignoremus.
1787 4126 1842 4171 et
1900 4118 1977 4172 ait
2029 4130 2044 4171 :

467 4202 940 4269 Quemadmodum
998 4206 1197 4276 ﬁgulus
1255 4205 1404 4274 quod
1457 4207 1574 4260 vult
1625 4205 1777 4273 facit,
1841 4209 2046 4263 lutum-

464 4309 572 4364 que
596 4295 735 4349 nihil
763 4296 1103 4351 contradicit
1159 4307 1252 4351 aut
1282 4298 1597 4352 sciscitatur
1627 4317 1640 4352 :
1680 4299 1754 4353 ita
1786 4316 1836 4352 ni
1857 4316 1962 4370 quc
1992 4311 2050 4355 tu

2149 1910 2446 1974 τουτέστιν,
2482 1913 2510 1964 ό
2553 1912 3006 1981 ἀντιτασσόμενος
3035 1913 3132 1965 καὶ
3164 1914 3436 1983 ἐρευνῶν;
3462 1915 3621 1969 Καλὸν
3636 1917 3679 1968 δὲ

2149 2001 2231 2066 τὸ,
2261 2020 2280 2053 ι
2319 2003 2388 2054 Σὺ
2428 2003 2511 2066 τίς
2540 2001 2612 2069 είς
2645 2021 2666 2055 ι
2701 2004 2996 2068 Κοινωνὸς,
3030 2006 3216 2075 φησιν,
3245 2001 3295 2057 εἷ
3310 2006 3406 2075 τῆς
3427 2006 3585 2076 ἀρχῆς
3604 2008 3680 2059 αὑ-

2150 2090 2261 2161 τῷ;
2305 2091 2440 2144 ἀλλὰ
2471 2095 2664 2162 κριτής
2693 2111 2778 2156 τις
2828 2089 2906 2159 εἷ;
2951 2113 2969 2144 ι
3010 2096 3100 2164 Μὴ
3138 2097 3258 2166 ἐρεῖ
3281 2095 3342 2148 τὸ
3391 2095 3625 2166 πλάσμα;
3662 2116 3676 2150 ι

2151 2183 2226 2236 Οὐ
2261 2183 2320 2236 τὸ
2348 2184 2690 2248 αὐτεξουσίον
2705 2186 2940 2256 ἀναιρῶν
2954 2185 3100 2253 λέγει
3125 2186 3329 2251 ταῦτα,
3353 2186 3527 2254 ἄπαγε
3545 2188 3555 2239 i
3576 2188 3680 2240 ἀλλὰ

2147 2275 2358 2337 δεικνὺς
2390 2275 2466 2338 ὡς
2516 2276 2650 2328 πᾶσι
2708 2276 2931 2347 τρόποις
2984 2276 3090 2347 χρὴ
3129 2276 3414 2330 πείθεσθαι
3463 2277 3535 2348 τῷ
3567 2277 3675 2346 Θεῷη

2149 2371 2254 2424 κᾶν
2284 2371 2569 2440 ἀγνοῶμεν
2599 2373 2726 2435 τοὺς
2775 2372 2966 2441 λόγους
2996 2372 3106 2428 τῶν
3161 2374 3483 2444 γινομένων,
3534 2373 3600 2438 ὡς
3637 2375 3680 2426 ὲν

2147 2462 2225 2531 τῷ
2259 2479 2322 2531 γε
2359 2464 2611 2516 ἀπαιτεῖν
2646 2463 2752 2516 τῶν
2788 2446 3092 2535 γινομένων
3121 2465 3358 2530 εὐθύνας
3387 2466 3474 2520 τὸν
3515 2467 3674 2536 Θεὸνῆ

2151 2554 2227 2624 μὴ
2250 2555 2523 2619 ἀπαιτεῖν,
2557 2557 2848 2610 πεπεῖσθαι
2879 2557 3166 2628 προσήκει,
3197 2557 3448 2630 καθάπερ
3489 2559 3516 2612 ὁ
3543 2557 3677 2628 πηλὸς

2148 2647 2225 2716 τῷ
2256 2649 2505 2717 κεραμεῖ.
2537 2666 2555 2699 ι
2597 2648 2669 2700 Ἢ
2697 2648 2798 2701 οὐκ
2825 2648 2938 2718 ἔχει
2962 2647 3249 2719 ἐξουσίαν;
3287 2669 3306 2703 ι
3332 2651 3498 2721 Ἔχει,
3524 2652 3674 2720 φησὶν,

2149 2735 2396 2801 ἐξουσίαν
2421 2740 2449 2792 ὁ
2480 2737 2612 2802 Θεὸς
2651 2740 2681 2792 ό
2728 2739 2958 2810 ἐγείρων
2994 2739 3124 2804 τοὺς
3153 2744 3408 2815 νεκροὺς,
3436 2742 3553 2804 τοὺς
3600 2741 3676 2810 μὲν

2148 2825 2227 2890 εἰς
2243 2824 2423 2892 δόξαν,
2449 2828 2573 2890 τοὺς
2605 2829 2662 2881 δὲ
2696 2831 2777 2893 είς
2831 2831 3097 2904 αἰσχύνην
3155 2835 3389 2904 ἐγεῖραι,
3430 2833 3557 2885 κατά
3598 2834 3673 2903 τήν

2147 2915 2438 2984 ἀναλογίαν
2467 2916 2576 2971 τῶν
2599 2918 2813 2991 ἑκάστῳ
2842 2919 3114 2993 ἀνθρώπῳ
3136 2921 3502 2994 βεϐιωμένων.
3526 2923 3673 2986 Οὕτως

2147 3009 2176 3062 ό
2201 3009 2259 3061 ἐν
2287 3008 2464 3077 ἁγίοις
2482 3008 2748 3073 Μεθόδιος
2785 3011 2844 3064 ἐν
2867 3012 2944 3082 τῷ
2972 3013 3116 3082 Περὶ
3139 3013 3524 3082 ἀναστάσεως
3545 3013 3671 3086 λόγῳ.

2153 3117 2173 3151 ι
2237 3102 2307 3154 Ὃ
2349 3101 2447 3171 μιν
2494 3104 2574 3166 είς
2622 3102 2786 3173 τιμὴν
2823 3105 3049 3174 σκεῦος,
3107 3107 3136 3159 ὃ
3180 3107 3239 3161 δέ
3279 3111 3358 3170 είς
3410 3109 3668 3178 ἀτιμίαν.)

2151 3191 2265 3246 Οὐκ
2312 3193 2504 3264 ἐπειδὴ
2534 3195 2659 3258 τοὺς
2701 3195 2801 3266 μὲν
2829 3196 3090 3265 ἀγαθοὺς,
3123 3199 3250 3262 τοὺς
3277 3199 3334 3252 δέ
3363 3200 3423 3252 οὐ
3447 3198 3672 3259 τοιούτους

2154 3287 2298 3336 ποιεῖ
2334 3285 2362 3336 ὁ
2390 3285 2545 3350 Θεὸς,
2581 3285 2796 3354 ἄπαγεί
2833 3288 2971 3342 ἀλλὰ
3008 3289 3182 3342 πάντα
3236 3291 3336 3361 μὲν
3364 3291 3430 3344 τὰ
3455 3290 3540 3344 τοῦ
3562 3290 3668 3343 Θεοῦ

2152 3377 2385 3445 χρηστὰ,
2418 3377 2557 3446 πρὸς
2585 3381 2796 3442 πάντας
2833 3382 3008 3445 κοινὰ,
3041 3383 3136 3436 καὶ
3167 3384 3227 3436 τό
3271 3401 3334 3452 γε
3360 3378 3486 3455 ἦκον
3511 3386 3578 3446 είς
3601 3384 3671 3436 αὑ·

2151 3469 2262 3533 τὸν,
2293 3469 2539 3524 τουτέστι
2587 3471 2730 3526 κατὰ
2761 3474 2861 3545 τὴν
2891 3476 3086 3528 ἑαυτοῦ
3116 3475 3312 3546 βουλὴν
3350 3477 3441 3531 καὶ
3475 3475 3669 3542 θέλησιν,

2150 3559 2401 3612 ἐϐούλετο
2452 3563 2658 3626 πάντας
2694 3565 3004 3637 εὐδοκιμεῖν
3029 3605 3046 3632 ,
3105 3568 3201 3619 καὶ
3243 3567 3522 3638 ἐναρέτους
3561 3559 3668 3618 εἶναι

2151 3652 2245 3705 καὶ
2274 3652 2519 3715 πιστούς.
2565 3654 2706 3706 Ἀλλ’
2743 3656 2820 3719 ὡς
2863 3658 3000 3727 πρὸς
3031 3659 3130 3729 τὴν
3165 3658 3412 3724 ἐξουσίαν
3449 3660 3510 3728 ἢν
3536 3655 3670 3725 ἔχειὸ

2149 3743 2280 3807 Θεὸς
2319 3747 2490 3798 ποιεῖν
2518 3745 2553 3800 ἆ
2581 3745 2850 3816 βούλεται,
2879 3749 3041 3802 τοῦτο
3062 3751 3211 3820 αὑτῷ
3233 3753 3464 3822 εἴρηται.
3490 3749 3669 3805 ﬂama;

2150 3835 2208 3888 δὲ
2238 3837 2417 3900 καλῶς
2447 3842 2542 3890 καὶ
2555 3838 2874 3910 πρεπόντως
2893 3843 3060 3906 ποιεῖ,
3075 3842 3181 3895 κᾶν
3206 3845 3367 3913 ἡμεῖς
3389 3843 3502 3904 τοὺς
3517 3839 3669 3906 λόγους

2149 3930 2552 4000 ἀγνοῶμεν,καί
2575 3945 2759 4002 φησιν’
2779 3933 2988 4004 Ὥσπερ
3007 3935 3033 3986 ό
3049 3937 3324 4005 κεραμεὺς
3345 3934 3372 3988 δ
3388 3935 3521 3988 θέλει
3539 3931 3665 3988 ποιεῖν

2151 4026 2246 4076 καὶ
2274 4025 2302 4076 ὁ
2326 4023 2494 4093 πηλὸς
2509 4025 2662 4077 οὐδὲν
2697 4026 3023 4097 ἀντιλέγειῆ
3053 4030 3471 4099 περιεργάζεται
3489 4041 3502 4056 ⁸
3532 4023 3668 4081 οὕτως

2153 4115 2288 4185 μηδέ
2307 4116 2395 4178 σὺ,
2419 4117 2572 4186 φησι,
2612 4119 3048 4190 περιεργάζου,ἧ
3073 4121 3283 4188 ἀγνοῶν
3315 4121 3616 4189 δυσχέραινε,
3642 4112 3666 4163 ἆ

2149 4208 2216 4262 ἂν
2244 4210 2273 4260 ὁ
2305 4207 2436 4271 Θεός
2464 4226 2525 4262 σε
2551 4211 2761 4278 ἀγνοεῖν
2796 4211 3076 4281 βούληται.
3102 4214 3208 4265 Καὶ
3243 4214 3430 4281 ἄγνοια
3466 4228 3540 4265 σοι
3559 4211 3666 4262 πᾶν·

2156 4316 2263 4362 τως
2293 4299 2584 4371 συμφέρεισ
2616 4300 2649 4370 ἢ
2681 4302 2788 4370 γὰρ
2808 4301 2874 4356 ἂν
2893 4303 3175 4374 ἐδιδάχθης
3205 4307 3284 4368 είς
3305 4303 3342 4358 ἃ.
3361 4307 3456 4358 οὐκ
3485 4305 3663 4372 ἔμαθές.

463 4383 681 4457 curiose
708 4389 974 4442 scruteris
1019 4396 1115 4440 aut
1156 4387 1473 4443 discutieris
1506 4389 1649 4458 quod
1680 4389 1773 4443 illa
1807 4390 2028 4460 ignores
2090 4407 2213 4460 qum
2262 4391 2407 4446 Deus
2465 4400 2517 4446 te
2553 4392 2792 4446 voluerit
2830 4394 3107 4464 ignorare.
3155 4396 3370 4450 Etenim
3413 4395 3663 4467 ignorantia

466 4474 564 4528 tibi
607 4477 834 4530 omnino
859 4477 1009 4531 utilis
1030 4488 1112 4530 est
1141 4487 1157 4530 ε
1188 4478 1394 4547 alioqui
1417 4477 1648 4533 edoctus
1675 4494 1826 4534 esses
1863 4480 1918 4534 in
1951 4480 2038 4535 his
2076 4496 2198 4550 qua:
2231 4497 2341 4536 non
2364 4481 2720 4552 intelligeres.

537 4565 628 4633 IX,
656 4568 844 4622 22-24.
884 4567 1036 4634 Quod
1067 4571 1112 4623 si
1164 4570 1301 4624 Deus
1347 4571 1521 4625 volent
1567 4573 1835 4626 ostendere
1878 4575 2042 4637 iram,

2220 4579 2290 4630 Et
2329 4575 2400 4627 δὲ
2436 4576 2629 4630 θέλων
2665 4581 2698 4630 ό
2735 4576 2880 4642 Θεὸς
2917 4577 3300 4643 ἐνδείξασθαι
3343 4581 3450 4646 τὴν
3490 4577 3661 4647 ὀργὴν.

461 4668 508 4711 et
531 4667 715 4712 notant
744 4659 916 4729 facere
941 4662 1232 4732 potentiam
1255 4678 1429 4726 suam,
1458 4666 1584 4717 tulit
1616 4667 1785 4718 multa
1810 4667 2050 4736 longani-

461 4751 648 4804 mitate
680 4767 811 4806 vasa
834 4755 928 4806 ira:
986 4762 1260 4822 apparata
1310 4756 1365 4807 in
1394 4757 1710 4821 interitum;
1733 4765 1780 4810 et
1810 4766 1868 4809 ut
1893 4768 2048 4813 notas

462 4843 655 4912 faceret
681 4845 893 4898 divitias
906 4843 1091 4915 gloria:
1120 4863 1232 4901 sua:
1276 4848 1331 4900 in
1363 4864 1489 4902 vasa
1518 4850 1900 4904 misericordia:
1929 4869 2047 4922 quae

461 4937 786 5004 prazparavit
824 4937 876 4988 in
915 4936 1192 5006 gloriam:
1217 4956 1347 5009 quos
1400 4949 1450 4992 et
1499 4941 1726 5004 vocavit,
1790 4942 2046 4994 nimirum

467 5043 561 5080 nos
631 5042 651 5079 :
729 5044 834 5081 non
900 5031 1074 5086 solum
1129 5048 1192 5084 ex
1244 5032 1466 5098 Juda‘is,
1529 5050 1711 5088 verum
1760 5033 1920 5087 etiam
1987 5049 2053 5086 ex

467 5120 724 5172 sentibus.

534 5209 1031 5280 Longanimitatem
1082 5213 1254 5266 voluit
1278 5215 1598 5280 ostendere,
1633 5216 1731 5270 sed
1783 5217 1912 5286 quia
1943 5217 2042 5270 Dei

461 5301 877 5371 longanimitate
901 5304 965 5356 ad
994 5305 1159 5356 vitam
1179 5304 1500 5374 ﬁagitiosam
1534 5310 1738 5362 abusus
1758 5318 1862 5372 est,
1888 5307 2046 5362 dein-

461 5406 590 5460 ceps
627 5391 794 5444 etiam
821 5392 956 5445 iram
989 5392 1250 5448 ostendit.
1283 5412 1300 5443 ι
1328 5393 1686 5464 Videjudicia
1713 5394 1828 5448 Dei.
1869 5413 1889 5445 ι
1930 5393 2042 5446 Ali-

376 5513 381 5518 -
463 5494 564 5538 ter.
613 5485 718 5539 Per
746 5485 850 5540 hoc
879 5485 1026 5554 quod
1053 5487 1131 5540 ait
1162 5502 1176 5540 :
1207 5505 1225 5537 ι
1269 5485 1427 5552 Quod
1457 5488 1503 5542 si
1548 5489 1694 5542 Deus
1730 5487 1922 5541 volens
1953 5503 2042 5541 os-

464 5581 713 5647 tendere,
748 5599 766 5632 ι
794 5590 890 5634 aut
908 5582 1064 5651 prius
1089 5591 1470 5650 argumentum
1495 5583 1760 5645 declarat,
1789 5581 2040 5651 pluribus

465 5673 600 5728 illud
634 5674 874 5729 dilatatis
921 5691 984 5729 ac
1004 5673 1380 5736 manifestans,
1432 5683 1526 5728 aut
1575 5675 1792 5743 proiirie
1844 5673 1910 5726 ad
1975 5690 2038 5727 ea

463 5783 584 5836 qua:
613 5766 756 5821 dicta
797 5777 927 5823 sunt
995 5767 1230 5821 alterum
1262 5767 1491 5831 inducit,
1520 5768 1664 5837 quod
1705 5767 1884 5821 eidem
1922 5747 2039 5820 scr-

2147 4667 2246 4721 καί
2275 4667 2561 4737 γνωρίσαι
2595 4668 2662 4720 τὸ
2683 4667 2947 4724 δυνατὸν
2967 4671 3172 4736 αὐτοῦ,
3211 4672 3458 4742 ἤνεγκεν
3482 4671 3664 4724 eruat-

2147 4760 2230 4828 λῇ
2275 4762 2647 4829 μακροθυμίᾳ
2695 4761 2885 4828 σκεύη
2928 4761 3114 4832 ὀργῆς
3159 4763 3570 4835 κατηρτισμένα
3597 4762 3663 4820 είς

2149 4850 2451 4905 ἀπώλειαν
2473 4866 2487 4881 ο
2544 4850 2645 4903 καί
2702 4850 2805 4904 ἵνα
2842 4854 3104 4921 γνωρίσῃ
3146 4854 3254 4907 τὸν
3300 4853 3544 4909 πλοῦτον
3579 4845 3661 4912 τῆς

2149 4939 2336 5007 δόξης
2357 4939 2543 4993 αὑτοῦ
2573 4938 2674 4993 ἐπί
2709 4940 2900 5005 σκεύη
2930 4940 3145 5007 ἐλέους
3193 4941 3232 4995 d
3267 4941 3659 5011 προητοίμασεν

2148 5031 2235 5094 είς
2280 5029 2502 5091 δόξανο
2546 5028 2654 5093 οὒς
2708 5029 2809 5082 καί
2850 5027 3167 5094 ἐκάλεσεν,
3205 5031 3470 5100 ἡμᾶς,οὑ
3507 5031 3659 5100 μόνον

2149 5119 2218 5182 ἐξ
2257 5119 2584 5183 Ἰουδαίων,
2623 5119 2785 5172 ἀλλὰ
2824 5117 2926 5171 καί
2961 5119 3031 5183 ἐξ
3081 5120 3292 5176 ἐθνῶν.

2219 5211 2622 5279 Μακροθυμίαν
2666 5211 2932 5280 ἠθέλησεν
2993 5211 3352 5278 ἐνδείξασθαι,
3377 5213 3480 5268 ἀλλ’
3510 5205 3653 5272 ἐπειδὴ

2146 5303 2226 5363 είς
2267 5302 2528 5354 ἀπόνοιαν
2585 5304 2649 5372 τῇ
2698 5302 3051 5374 μακροθυμίᾳ
3102 5305 3196 5358 τοῦ
3231 5306 3364 5360 Θεοῦ
3417 5302 3650 5375 ἐχρήσατο,

2145 5395 2240 5445 καὶ
2295 5394 2480 5446 λοιπὸν
2529 5395 2696 5464 ὀργὴν
2739 5397 3056 5462 ἐνεδείξατο.
3091 5417 3110 5449 ι
3150 5399 3290 5470 Ὅρα
3345 5399 3412 5452 τά
3452 5394 3648 5465 κρίματα

2146 5483 2242 5537 τοῦ
2280 5485 2438 5538 Θεοῦ.
2470 5503 2488 5536 ι
2511 5516 2582 5526 —
2615 5487 2723 5541 Καὶ
2752 5487 2974 5554 ἄλλως.
3004 5487 3205 5560 [ΦΩΤ.]
3237 5491 3327 5554 Τὸ,
3365 5508 3383 5540 ι
3417 5489 3472 5540 El
3509 5484 3556 5536 δέ
3581 5480 3648 5532 θέο

2147 5577 2253 5630 λων
2286 5578 2314 5630 ὁ
2345 5577 2476 5640 Θεὸς
2504 5578 2864 5645 ἐνδείξασθαι,
2899 5599 2917 5632 ι
2974 5581 3006 5650 ἢ
3044 5580 3136 5633 τοῦ
3174 5582 3279 5652 πρὸ
3310 5578 3460 5634 αὐτοῦ
3486 5577 3648 5638 ἐπιχει-

2149 5672 2394 5742 ρήματός
2445 5673 2614 5741 ἐστιν]
2636 5670 3043 5740 ἐξαγγελτικὸν,
3095 5673 3184 5727 διὰ
3235 5672 3476 5725 πλειόνων
3511 5663 3646 5716 ἐκεῖνο

2149 5764 2417 5818 πλατύνον
2441 5764 2534 5818 καὶ
2563 5763 2927 5832 ἀπαγγέλλον,
2960 5765 2994 5833 ἢ
3028 5763 3174 5827 ίδίως
3200 5764 3335 5835 πρὸς
3363 5762 3461 5824 τοῖς
3475 5747 3646 5826 εἰρημέο
