3880 6552
245 350 327 418 εΗ
1263 341 1648 404 COMMENT.
1694 342 1772 402 ΙΝ
1809 342 2048 403 EPIST.
2079 344 2176 403 AD
2220 342 2400 405 ROM.
3336 340 3440 408 518

245 477 336 523 νοις
352 459 519 526 ἕτερον
546 454 777 520 εἰσάγει,
826 455 904 516 εἰς
960 452 1058 524 τὴν
1100 453 1270 522 αὐτὴν
1303 455 1555 508 ὑπόθεσιν
1587 471 1771 507 συντε-
1800 503 1805 514 ,

1913 452 1987 506 iat
2015 454 2318 522 preposito.
2346 451 2623 521 Oportuit,
2669 450 2867 521 inquit,
2921 462 3109 511 nolam
3159 452 3277 508 ﬂeri
3332 469 3440 524 pu-

251 551 378 605 λοῦν.
434 547 596 610 Ἕὸει.
638 546 794 616 φησι,
840 546 1209 617 γνωρισθῆναι
1254 545 1352 617 τὴν
1406 545 1769 616 τιμωριτικὴν

1913 542 2099 597 itivam
2126 542 2223 598 Dei
2275 542 2606 613 potentiam,
2657 542 2902 611 oportuit
2950 542 3443 613 longanimitatem,

246 642 446 712 δύναμιν
472 637 559 691 τοῦ
590 637 744 702 Θεοῦ,
792 637 898 690 ἔδει
940 638 1038 705 τὴν
1081 637 1483 710 μακροθυμίαν,
1519 637 1624 690 ἔδει
1671 637 1770 709 τὴν

1913 633 2117 702 portuit
2160 633 2555 703 benignitatem
2583 632 3092 688 etmisericordiam
3122 648 3186 689 ac
3246 633 3444 688 inell‘a-

247 730 618 803 φιλανθρωπίαν
671 730 766 783 καὶ
830 728 891 781 τὸ
928 729 1097 795 ἕλεος,
1127 732 1220 784 καὶ
1244 731 1341 801 τὴν
1369 731 1573 799 ἄφατον
1605 728 1769 784 αὐτοῦ

1913 725 2038 778 item
2081 724 2491 793 maximamque
2522 723 2695 794 ipsius
2747 724 2998 795 gloriam.
3063 724 3218 781 Unde
3262 735 3446 779 autem

245 828 380 892 δόξαν
432 823 521 875 καὶ
565 821 782 891 πολλήν.
818 821 1006 874 Ταῦτα
1055 822 1111 875 δὲ
1145 822 1308 875 πόθεν
1359 821 1633 875 δείκνυται
1659 838 1675 887 ;
1706 823 1773 874 ἐκ

1915 834 1995 873 :ec
2018 817 2419 871 ostenduntur?
2449 818 2529 871 Ex
2569 817 2656 870 his
2705 833 2826 887 quae
2875 819 3040 889 vulgo
3082 818 3342 874 videntur
3360 819 3445 874 in-

244 917 336 969 τῶν
376 904 660 965 δοκούντων
705 914 816 974 τοῖς
865 912 1075 976 πολλοῖς
1122 912 1469 981 παραλόγων.
1533 913 1629 966 Ἐκ
1676 909 1771 964 τοῦ

1913 910 2183 970 redibilia,
2205 909 2366 980 333
2385 925 2450 963 ex
2475 911 2763 965 Pharaone
2787 927 2802 976 ;
2825 925 2893 964 ex
2922 910 3028 966 hoc
3049 911 3195 981 quod
3207 926 3332 965 eum
3352 910 3446 980 qui

240 1001 435 1075 Φαραὼ,
465 1004 526 1054 ἐκ
551 1001 642 1055 τοῦ
678 1001 902 1056 καλέσαι
931 1001 1020 1055 τὸν
1044 1002 1103 1055 ού
1127 1001 1274 1067 λαὸν,
1297 1002 1444 1064 λαὸν,
1481 1003 1545 1055 ἐκ
1589 1002 1682 1055 τοῦ
1715 1002 1774 1055 τὸ

1914 1019 1982 1056 οη
2007 1012 2128 1056 erat
2147 1004 2403 1072 populus,
2432 1004 2710 1057 vocaverit
2748 1003 3050 1073 populum;
3085 1019 3152 1058 ex
3183 1019 3252 1059 eo
3303 1003 3450 1074 quod

243 1095 563 1165 κατάλειμμα
611 1094 889 1162 σωθῆναι,
940 1093 1035 1147 καὶ
1080 1095 1145 1146 ὲκ
1193 1093 1302 1147 τῶν
1352 1093 1772 1165 παραπλησίων.

1913 1093 2140 1162 eliquias
2169 1093 2335 1147 Israel
2370 1094 2685 1158 salvaverit,
2735 1102 2899 1164 atque
2918 1110 2985 1149 ex
3013 1094 3311 1149 similibus.
3338 1095 3452 1150 ita-

242 1190 383 1241 Ὥστε
414 1185 469 1253 ἐξ
499 1178 571 1238 ὧν
603 1186 652 1240 οί
684 1184 998 1255 ἀγνώμονες
1043 1185 1255 1240 ἀδικίαν
1307 1186 1777 1257 καταψηφίζονται

1916 1199 1983 1239 ue
2015 1199 2113 1253 per
2143 1183 2194 1239 id
2227 1184 2376 1254 quod
2402 1183 2595 1253 perﬁdi
2633 1185 2804 1239 Deum
2835 1185 3330 1241 condemnaveriut
3364 1186 3453 1240 in-

239 1280 319 1335 τοῦ
340 1277 487 1344 Θεοῦ,
521 1279 569 1331 οἱ
606 1276 951 1348 εὐγνώμονες
983 1277 1193 1347 μεγάλα
1239 1277 1634 1348 κερδαίνουσιν.
1662 1279 1779 1331 Οὐκ

1913 1276 2127 1341 astitiar,
2154 1275 2210 1330 hi
2237 1275 2332 1346 qui
2364 1275 2510 1345 atqui
2534 1282 2700 1342 sunt,
2761 1276 3056 1345 plurimum
3122 1274 3265 1331 lucri
3307 1275 3444 1339 fece-

236 1373 331 1445 ἀρα
359 1373 390 1444 ἡ
416 1371 521 1424 τῶν
545 1372 882 1442 πραγμάτων
917 1370 1078 1438 φύσις
1111 1369 1225 1441 ἔχει
1253 1370 1315 1425 τὸ
1345 1371 1573 1442 ἀπορον,
1605 1371 1722 1425 ἀλλ’
1742 1374 1777 1442 ή

1913 1376 2032 1423 unt.
2050 1368 2256 1423 Rerum
2281 1367 2447 1439 igitur
2471 1376 2667 1423 natura
2691 1368 3105 1438 perplexitatem
3131 1384 3241 1423 non
3264 1367 3453 1433 habet,

236 1465 330 1516 τῶν
355 1461 804 1532 ἀγνωμονούντων
824 1462 886 1516 τὸ
910 1462 1252 1534 βλάσφημον.
1351 1501 1354 1504 ~
1387 1526 1397 1533 ,

1913 1459 1977 1514 ed
1999 1457 2335 1530 perﬁdorum
2371 1458 2736 1528 blasphemia.

300 1554 530 1620 Ἄλλως.
559 1552 655 1618 Τὸ,
680 1573 697 1606 ι
723 1556 783 1608 Εἰ
805 1555 862 1609 δὲ
884 1555 1072 1621 θέλων,
1102 1575 1120 1609 ι
1144 1558 1238 1611 καὶ
1259 1556 1407 1626 ἑξῆς,
1426 1557 1534 1610 τῶν
1550 1559 1657 1628 πρὸ
1678 1558 1780 1613 αύ-

1953 1551 2071 1606 Αίὶο
2150 1552 2323 1606 modo.
2388 1551 2448 1606 ld
2501 1550 2648 1621 quod
2722 1550 2799 1605 ait
2848 1569 2862 1605 :
2935 1570 2954 1603 ι
3008 1549 3165 1617 Quod
3219 1552 3263 1604 si
3314 1551 3458 1607 Deus

237 1644 316 1698 τοῦ
345 1646 589 1715 ἢρτηται.
633 1645 695 1698 Et
735 1645 923 1708 θέλων,
963 1648 1150 1717 φησὶν,
1187 1648 1215 1700 6
1251 1647 1383 1711 Θεὸς
1421 1647 1778 1714 ἐνδείξασθαι,

1913 1646 2118 1709 volens,
2148 1664 2167 1696 ι
2248 1652 2383 1707 etc.,
2462 1643 2907 1713 praecedentibus
2976 1644 3344 1698 connectitur.
3399 1642 3457 1698 Si

235 1737 319 1791 καὶ
357 1738 439 1791 ίνα
479 1738 754 1810 γνωρίσῃ,
798 1738 893 1791 καὶ
933 1741 1051 1793 ἐκεῖ
1091 1738 1454 1810 κληθήσονται
1497 1743 1603 1795 υἱοὶ
1645 1741 1780 1795 Θεοῦ

1918 1741 2094 1802 ofens,
2123 1736 2324 1807 inquit,
2346 1738 2488 1792 Deus
2515 1737 2832 1802 ostendere,
2857 1743 3030 1806 utque
3058 1744 3250 1789 notum
3275 1735 3457 1801 faciat,

235 1828 443 1892 ζῶντος,
470 1829 563 1880 καὶ
588 1829 651 1882 τὸ
683 1829 1031 1901 κατάλειμμα
1062 1829 1158 1886 τοῦ
1193 1831 1409 1904 Ἰσραὴλ
1441 1832 1775 1904 σωθήσεται,

1918 1838 1958 1895 t,
2039 1829 2186 1900 quod
2256 1829 2332 1883 ibi
2409 1827 2756 1883 vocabuntur
2805 1826 2901 1881 ﬁlii
2946 1826 3043 1882 Dei
3094 1825 3351 1891 viventis,
3404 1832 3461 1878 et

235 1921 276 1972 εἰ
308 1918 468 1973 ταῦτα
509 1923 689 1986 ποιεῖ,
736 1925 800 1975 σὺ
843 1923 927 1984 τίς
969 1919 1023 1976 εί
1063 1925 1091 1977 6
1132 1924 1660 1995 ἀνταποκρινόμενος
1704 1925 1782 1996 τῷ

1913 1922 2029 1990 quod
2053 1921 2301 1992 reliquiae
2330 1921 2498 1976 Israel
2521 1922 2684 1977 salva:
2712 1919 2879 1975 ﬁent:
2913 1922 2959 1976 si
3020 1920 3136 1976 haec
3186 1919 3336 1984 facit,
3400 1927 3465 1973 tu

236 2010 372 2080 Θεῷ;
417 2030 435 2062 ι
475 2011 845 2080 Ἑνδείξασθαι
887 2013 985 2085 τὴν
1028 2014 1220 2085 ὀργὴν.
1268 2034 1288 2068 ι
1338 2015 1689 2089 [ΟΙΚΟΥΜᾸ.
1715 2048 1781 2060 ..-

1913 2012 2008 2082 ‘_uis
2069 2027 2130 2067 es
2168 2012 2262 2082 qui
2290 2027 2359 2067 ex
2387 2011 2630 2066 adverso
2668 2010 2972 2080 rependens
3024 2011 3178 2066 Deo?
3218 2029 3236 2062 ι
3269 2009 3464 2066 Osten-

236 2104 333 2159 Οὐκ
360 2102 462 2175 ἀρα
481 2105 657 2175 ὀργῆς
692 2105 854 2160 πάθει
884 2107 1000 2177 ἥλω
1028 2108 1182 2171 Θεὸς,
1211 2106 1425 2177 ἀπαγει
1460 2109 1574 2163 ἀλλ’
1596 2109 1782 2180 ἐπειδὴ

1913 2107 2016 2158 tere
2077 2102 2239 2157 iram.
2309 2121 2328 2154 ι
2367 2102 2490 2157 Non
2544 2116 2678 2156 sane
2731 2102 2827 2156 irae
2888 2101 3089 2156 all‘ectu
3146 2108 3342 2170 captus
3375 2108 3463 2156 est

234 2195 387 2249 ταῦτα
411 2197 664 2267 εποίησεν
689 2197 726 2252 ἃ
752 2201 908 2269 ἡμεῖς
937 2199 1281 2270 ὀργιζόμενοι
1311 2188 1593 2271 ποιοῦμεν,
1617 2200 1785 2271 ὀργὴν

1913 2200 2051 2261 )eus,
2109 2195 2286 2250 absit!
2333 2193 2429 2250 sed
2456 2194 2715 2265 quoniam
2740 2194 2857 2249 haec
2880 2192 3012 2248 fecit
3055 2207 3176 2263 qua:
3204 2206 3305 2246 nos
3339 2190 3463 2246 irati

235 2283 288 2338 τὸ
312 2283 529 2357 πρᾶγμα
564 2287 635 2341 ὲκ
662 2286 757 2343 τοῦ
790 2290 923 2359 ἡμῖν
954 2289 1231 2360 γνωρίμου
1262 2289 1541 2345 ἐκάλεσεν.
1574 2308 1592 2342 ι
1621 2290 1788 2344 Ἢνεο

1913 2290 2135 2352 acimus,
2172 2275 2377 2344 factum
2425 2289 2547 2360 ejus
2595 2272 2821 2344 vocavit
2853 2288 3012 2354 iram,
3081 2287 3152 2342 ab
3203 2301 3271 2342 eo
3316 2286 3464 2357 quod

235 2391 350 2444 γκεν
376 2379 430 2431 ὲν
453 2376 623 2448 πολλῇ
657 2379 1007 2452 μακροθυμίᾳ
1034 2359 1204 2450 σκεύη
1234 2381 1423 2451 ὀργῆς.
1455 2399 1475 2433 ι
1506 2380 1785 2448 Τουτέστι,

1913 2383 2049 2438 tobis
2091 2359 2376 2452 cognitum
2406 2359 2512 2437 est.
2562 2400 2581 2434 ι
2661 2381 2815 2436 Tulit
2846 2381 3021 2436 multa
3045 2379 3464 2451 longanimitate

237 2469 360 2522 πάνυ
399 2470 881 2541 ὲμακροθύμησεν,
920 2474 1001 2536 είς
1046 2473 1335 2542 μετάνοιαν
1375 2472 1525 2542 ἄγων
1559 2472 1650 2529 τὸν
1682 2475 1790 2527 Φα-

1913 2474 2161 2530 ὀειιίι-ω.
2223 2472 2338 2527 Hoc
2403 2479 2510 2538 est,
2576 2470 2683 2528 fuit
2747 2469 3043 2527 admodum
3115 2470 3465 2540 longanimis,

240 2558 359 2629 ραώ.
399 2560 481 2624 Ὠς
513 2558 571 2615 δὲ
606 2563 709 2615 οὐκ
742 2559 872 2634 ἦλθε
906 2564 1044 2635 πρὸς
1079 2566 1478 2637 σωφρονισμὸν,
1515 2566 1790 2639 ἐτιμωρή-

1913 2567 2235 2620 ’haraonem
2267 2564 2480 2619 ducens
2526 2562 2597 2618 ad
2647 2563 3069 2634 paenitentiam:
3102 2577 3297 2617 verum
3341 2577 3468 2619 cum

239 2667 352 2704 σατο
382 2650 559 2708 αὐτόν.
599 2672 622 2706 ι
664 2653 842 2727 Σκεύη
874 2657 1064 2727 ὀργῆς.
1104 2676 1124 2710 ι
1162 2657 1220 2712 Ὀ
1256 2658 1355 2728 μὶν
1388 2659 1520 2722 Θεὸς
1551 2659 1789 2732 ἰμακρο-

1913 2670 1999 2710 ton
2074 2654 2284 2709 rediret
2382 2653 2452 2709 ad
2531 2652 2878 2719 modestiam,
2916 2653 3182 2708 ultionem
3237 2651 3307 2708 de
3375 2652 3470 2708 illo

238 2741 459 2814 θύμησεν
479 2746 567 2798 ἐπ’
584 2746 774 2813 αὑτὸν,
798 2748 827 2800 6
850 2747 908 2801 δὲ
932 2746 1131 2819 Φαραὼ
1154 2747 1346 2816 γέγονε
1373 2748 1565 2813 σκεῦος
1586 2750 1789 2822 ὀργῆς,

1913 2746 2148 2817 sumpsit.
2214 2764 2233 2799 ι
2287 2746 2427 2801 Vasa
2453 2746 2570 2802 iraa.
2611 2764 2631 2798 ι
2687 2745 3075 2816 Deusquidem
3138 2745 3471 2816 longanimis

236 2835 510 2924 τουτέστιν,
547 2837 842 2908 ἄνθρωπος
875 2839 976 2908 τὴν
1008 2835 1104 2892 τοῦ
1142 2838 1277 2893 Θεοῦ
1311 2839 1567 2894 ἀνάπτων
1599 2841 1789 2914 ὀργὴν,

1913 2838 1998 2893 'uit
2021 2838 2167 2908 quod
2204 2837 2258 2891 in
2281 2852 2342 2894 se
2368 2845 2509 2893 erat.
2538 2838 2712 2924 Por.ro
2732 2837 2947 2893 Pharao
2975 2853 3069 2892 vas
3099 2836 3206 2892 fuit
3224 2837 3343 2899 irae,
3365 2837 3473 2894 hoc
3572 2900 3578 2907 ,

238 2922 268 2995 ἢ
305 2925 396 2997 τὴν
433 2926 526 2981 τοῦ
565 2928 710 2982 Θεοῦ
750 2929 917 3000 ὀργὴν
951 2929 1348 3000 ἐπισπώμενος.
1391 2931 1502 2986 Καὶ
1541 2933 1603 2986 ού
1638 2932 1795 2988 τοῦτο

1913 2939 1999 2993 est,
2038 2930 2203 2985 homo
2231 2945 2563 3000 exasperans
2596 2922 2733 2985 iram
2763 2929 2884 2995 Dei,
2919 2929 3004 2982 vel
3047 2928 3144 2983 Dei
3188 2928 3473 2984 attrahens

242 3016 413 3085 μόνον,
438 3017 571 3073 ἀλλά
606 3023 706 3074 καὶ
733 3023 810 3084 είς
847 3020 1122 3076 ἀπώλειαν
1150 3025 1579 3095 κατηρτισμένος
1597 3066 1614 3090 ,
1640 3042 1795 3079 τουτο

1921 3039 2058 3078 ram.
2095 3023 2209 3079 Nec
2236 3022 2291 3078 id
2321 3024 2525 3089 solum,
2579 3036 2773 3078 verum
2840 3022 3009 3077 etiam
3065 3029 3362 3092 apparatus
3402 3021 3473 3077 ad

241 3107 395 3175 ἐστιν,
424 3111 837 3183 ἀπηρτισμένος
856 3113 951 3168 καὶ
967 3114 1381 3186 τετελειωμένος
1415 3116 1550 3188 πρὸς
1584 3117 1645 3171 τὸ
1678 3118 1787 3172 δεῖν

1915 3118 2202 3205 meritum,
2242 3116 2294 3171 id
2324 3126 2430 3181 est,
2454 3116 2521 3171 ad
2561 3115 2669 3171 hoc
2693 3114 2949 3198 addictus
2971 3122 3027 3170 et
3061 3122 3399 3184 pmparatus
3414 3122 3477 3169 ut

241 3200 550 3258 ἀπολέσθαι·
599 3205 779 3275 δηλῶν
814 3206 896 3260 ὅτι
945 3206 1300 3275 αὐτόςῖὲστιν
1342 3208 1514 3272 αῐτιος
1557 3210 1655 3281 τῆς
1697 3211 1790 3265 τοῦ

1913 3200 2086 3278 perire
2112 3217 2395 3278 oporteret
2425 3225 2440 3263 :
2471 3208 2831 3263 manifestans
2862 3206 3013 3277 quod
3066 3205 3184 3276 ipse
3245 3207 3341 3261 irae
3374 3207 3473 3262 Dei

240 3292 359 3347 Θεοῦ
387 3294 552 3367 ὀργῆς
580 3298 679 3351 καὶ
703 3296 804 3367 τῆς
833 3298 1027 3352 ἑαυτοῦ
1058 3297 1354 3364 ἀπωλείας.
1380 3300 1453 3353 Οὐ
1485 3300 1593 3371 γὰρ
1619 3303 1791 3368 αἴτιος

1913 3316 2081 3356 causa
2110 3308 2259 3357 esset
2279 3314 2504 3368 sua>quc
2535 3297 2716 3368 ipsius
2746 3297 3300 3368 perditionis.Neque
3327 3300 3475 3352 enim

240 3385 266 3437 6
295 3386 415 3449 Θεὸς
445 3389 552 3442 τῶν
585 3389 796 3456 κακῶν,
829 3388 944 3443 ἀλλ’
970 3388 1197 3455 ἕκαστος
1228 3391 1420 3446 ἑαυτὸν
1448 3395 1795 3448 κατασκευά-

1913 3393 2041 3445 Deus
2062 3406 2225 3447 causa
2251 3378 2637 3454 estmalorum,
2669 3388 2765 3443 sed
2803 3387 3038 3458 quisque
3073 3387 3312 3457 seipsum
3377 3402 3476 3445 vas

242 3477 315 3541 ζει
356 3479 539 3544 σκεῦος
588 3480 784 3551 ὀργῆς,
831 3481 1078 3553 καθάπερ
1124 3485 1217 3536 καὶ
1258 3481 1451 3547 σκεῦος
1494 3482 1799 3557 φιλανθρω-

1913 3479 2063 3536 allicit
2088 3480 2204 3543 iraa,
2233 3464 2698 3550 quemadmodum
2730 3487 2786 3533 et
2809 3493 2908 3533 vas
2954 3476 3309 3547 benignitatis
3359 3476 3475 3533 sive

244 3571 378 3634 πίας,
420 3574 726 3635 τουτέστιν,
774 3574 978 3638 ἐλέους.
1027 3573 1211 3638 Οὕτως
1260 3576 1354 3629 καὶ
1398 3577 1427 3630 6
1471 3577 1687 3649 Φαραὼ,
1736 3579 1794 3632 ού

1913 3573 2313 3628 υἱεοτίοοηιίιιε.
2362 3572 2441 3627 ita
2481 3572 2757 3627 Pharaoni
2796 3585 2907 3626 nou
2950 3570 3122 3635 Deus,
3151 3569 3249 3625 sed
3304 3569 3480 3639 ipsius

245 3663 378 3732 παρὰ
408 3664 499 3718 τὸν
531 3662 696 3732 Θεὸν,
731 3665 867 3718 ἀλλὰ
908 3665 1058 3737 παρὰ
1091 3665 1190 3735 τὴν
1226 3666 1434 3719 οἰκείαν
1467 3667 1664 3722 κακίαν
1698 3669 1797 3722 πέ-

1913 3666 2104 3721 nalitia
2124 3665 2413 3720 fuitcausa
2466 3672 2526 3720 ut
2554 3673 2839 3735 pateretur
2857 3678 2921 3718 ea
2949 3678 3073 3733 quae.
3125 3678 3321 3733 passus
3365 3673 3469 3718 est.

244 3755 419 3807 πονθεν
440 3755 476 3811 ἃ
501 3756 796 3810 πέπονθεν.
832 3774 852 3809 ι
885 3756 1311 3828 Κατηρτισμένα
1336 3759 1415 3822 είς
1440 3757 1737 3819 ἀπώλειαν.
1772 3779 1791 3813 ι

243 3845 322 3911 Τί,
357 3850 538 3920 φησιν,
582 3849 810 3918 ἀλογίαν
852 3848 1284 3918 καταγινώσκεις
1319 3849 1414 3903 τοῦ
1454 3850 1619 3919 Θεοῦ;
1656 3853 1799 3906 κατὰ

1906 3758 2229 3828 «Apparata
2284 3758 2340 3811 in
2410 3756 2714 3812 interitum.
2750 3755 2915 3812 »ϐυτ
3015 3754 3211 3816 Deum.
3275 3754 3478 3825 inquit,

1900 3847 2397 3905 irrationabilitatis
2412 3846 2748 3903 condemnas
2797 3848 2820 3901 ‘l
2838 3864 2937 3918 per
2953 3847 3477 3904 subdistinctionem

245 3930 569 4006 ὑποστιγμὴν
617 3937 1023 4006 ἀναγνωστέον.
1071 3939 1178 3991 Καὶ
1220 3938 1408 4011 ἐπειδὴ
1447 3939 1620 4005 οὕτως
1662 3958 1800 4010 συμ-

1913 3939 2191 4011 tegendum
2219 3942 2328 3993 est.
2370 3938 2440 3993 Et
2475 3938 2737 4008 quoniam
2777 3939 2852 3994 ita
2886 3939 3177 4010 contingit,
3208 3955 3311 3993 cur
3338 3940 3481 3994 irra-

247 4024 423 4093 βαίνει,
465 4029 542 4093 τί,
587 4030 777 4098 φησὶν,
822 4030 1044 4099 ἀλογίαν
1089 4029 1553 4100 καταγινώσκεις;
1593 4051 1612 4086 ι
1641 4034 1801 4087 Ἥνε-

1913 4027 2288 4082 tionabilitatis
2329 4027 2706 4093 condemnas?
2742 4045 2761 4081 ι
2800 4028 2951 4084 Tulit
2991 4028 3059 4083 ad
3106 4029 3425 4083 interitum.
3454 4048 3475 4082 ι

245 4131 364 4183 γκεν
390 4120 467 4182 είς
496 4118 800 4173 ἀπώλειαν.
840 4137 859 4171 ι
895 4117 1192 4173 Ἀπώλειαν
1221 4119 1277 4173 δὲ
1309 4119 1425 4188 νῦν,
1456 4122 1553 4193 τὴν
1583 4122 1804 4193 διαφθο-

1913 4119 2194 4174 interitum
2252 4135 2387 4174 vero
2428 4119 2563 4174 dicit
2589 4120 2696 4175 hoc
2745 4120 2869 4177 loco
2912 4121 3304 4191 perditionem.
3330 4120 3482 4175 Tulit

250 4207 337 4274 ρὰν
362 4225 545 4278 φησιν.
567 4210 809 4278 Ἤνεγκε
838 4209 916 4274 δὲ,
950 4212 1136 4281 φησιν,
1165 4211 1193 4264 6
1225 4211 1357 4276 Θεὸς
1391 4213 1469 4274 είς
1502 4210 1801 4280 ἀπώλειαν,

1913 4218 2086 4266 autem
2141 4211 2288 4265 Deus
2350 4210 2417 4265 ad
2468 4210 2859 4281 perditionem,
2918 4226 3030 4266 non
3086 4227 3475 4281 quoscunque,

245 4298 333 4368 οὐχ
352 4299 423 4364 ὡς
452 4300 668 4373 ετυχεν,
696 4300 808 4385 ἀλλ’
828 4302 1069 4366 ἐκείνους
1092 4302 1217 4367 τοὺς
1246 4303 1682 4374 καταρτίσαντας
1709 4304 1805 4357 αύ-

244 4388 360 4453 τοὺς
392 4392 471 4456 εἰς
507 4391 685 4463 σκεύη
720 4392 915 4464 ὀργῆς.
950 4391 1091 4445 Ἀλλ’
1115 4395 1265 4465 ὅμως
1298 4393 1390 4447 οὖν
1420 4397 1513 4449 καὶ
1546 4395 1640 4449 ἐπὶ
1672 4395 1805 4467 ,τού-

1903 4299 1998 4357 sed
2026 4316 2122 4356 eos
2141 4300 2237 4371 qui
2276 4314 2397 4356 sese
2440 4298 2498 4354 in
2528 4315 2657 4355 vasa
2678 4300 2775 4355 ire
2796 4300 3476 4370 apparaverant.Verum-

1909 4402 2091 4448 tamen
2123 4393 2289 4447 etiam
2345 4391 2403 4449 in
2468 4391 2580 4458 bis,
2616 4407 2933 4461 quanquam
2976 4408 3042 4448 se
3070 4392 3216 4449 tales
3254 4406 3483 4461 compo-

245 4498 343 4536 των
394 4487 572 4540 καίτοι
634 4485 891 4540 τοιούτων
940 4487 1164 4551 ἑαυτοὺς
1223 4487 1759 4558 παρασκευασάντων
1784 4526 1799 4551 ,

1913 4492 2158 4551 sucrant,
2190 4499 2315 4539 eum
2351 4494 2514 4540 antea
2548 4483 2853 4554 plurimum
2883 4484 3215 4556 longanimis
3261 4484 3480 4549 fuisset,

247 4575 403 4631 πολλά
433 4578 703 4649 πρότερον
733 4577 1196 4648 μακροθυμήσας,
1227 4575 1398 4641 οὕτως
1432 4578 1701 4647 ἐχρήσατο
1732 4578 1799 4649 τῇ

249 4666 375 4719 κατά
406 4667 466 4721 τὸ
500 4668 713 4722 δίκαιον
742 4669 1002 4740 τιμωρίᾳ.
1032 4668 1101 4721 Ἦ
1137 4668 1336 4738 μᾶλλον
1365 4667 1535 4733 οὕτως
1567 4671 1800 4739 νοήσεις·

252 4778 269 4810 ι
307 4760 571 4830 Ἤνεγκεν
603 4764 659 4816 ἐν
686 4760 855 4832 πολλῇ
891 4761 1241 4833 μακροθυμίᾳ
1274 4761 1442 4832 σκεύη
1474 4761 1644 4832 ὀργῆς
1674 4772 1803 4815 κατ-

249 4853 537 4921 ηρτισμένα
572 4853 654 4915 είς
706 4849 1000 4905 ἀπώλειαν.
1039 4869 1058 4902 ›
1098 4850 1428 4921 ’Υπήνεγκε,
1467 4853 1665 4924 φησιν,
1705 4854 1799 4907 ὑπ-

248 4940 441 5010 έμεινε,
469 4946 564 4997 καὶ
592 4945 649 4995 ἐν
673 4942 839 5014 πολλῇ
871 4941 1242 5012 μακροθυμίᾳ.

313 5036 433 5099 Πῶς
474 5035 533 5088 δὲ
577 5037 635 5087 ὲν
677 5034 844 5103 πολλῇ
895 5033 1420 5105 μακροθυμία;⁹’οτι
1469 5034 1664 5103 ἕτοιμα
1712 5036 1807 5089 καὶ

250 5125 621 5198 ἀπηρτισμένα
664 5125 792 5179 ὄντα
838 5126 917 5188 είς
968 5123 1262 5189 ἀπώλειαν,
1311 5126 1402 5179 καὶ
1451 5128 1674 5195 μονονοὺ
1720 5128 1809 5180 διὰ

249 5219 339 5288 τὴν
375 5218 681 5290 ὑπερϐολὴν
723 5220 820 5288 τῆς
866 5218 1065 5280 κακίας
1111 5216 1519 5287 πεπληρωμένα
1561 5219 1688 5273 ὄντα
1728 5220 1810 5273 δι-

253 5311 402 5376 καίας
427 5312 619 5382 ὀργῆς,
646 5311 796 5379 ὅμως
822 5309 902 5364 ἔτι
929 5307 1172 5381 ἠνείχετο
1199 5311 1293 5362 καί
1317 5308 1666 5373 διεὸἀσταξεν
1692 5312 1810 5364 ὲπι-

254 5404 478 5477 στροφὴν
510 5405 884 5476 ἐκδεχόμενος.
909 5404 1033 5458 Ὅτι
1063 5398 1155 5456 οὖν
1187 5403 1287 5456 οὐκ
1314 5389 1610 5457 ἀπόλλυται
1639 5403 1812 5457 ταῦτα

255 5494 435 5566 σκεύη,
476 5496 640 5550 παντί
680 5514 783 5550 που
823 5495 981 5567 δῆλον
1004 5494 1337 5565 ’κατήρτισε
1375 5494 1485 5566 γὰρ
1529 5496 1692 5548 ἑαυτά
1732 5495 1812 5558 είς

254 5589 542 5645 ἀπώλειαν.
578 5589 897 5644 ’Δπόλλυται
929 5589 985 5642 δὲ
1026 5588 1162 5660 μετά
1193 5588 1248 5641 τὸ
1277 5587 1578 5657 ἀπαρτίσαι
1611 5588 1810 5652 ἑαυτὰ,

261 5680 389 5747 μετά
416 5680 473 5734 τὸ
502 5681 582 5744 είς
608 5682 757 5744 τέλος
784 5681 979 5744 κακίας
1006 5680 1357 5750 ἀναδραμεῖν,
1391 5678 1527 5747 μετὰ
1554 5677 1614 5730 τὸ
1646 5678 1813 5748 μηδὲν

259 5770 360 5822 ἀπὸ
385 5773 480 5839 τῆς
516 5773 888 5845 μακροθυμίας
918 5772 1253 5827 ἁπὼνασθοΐι.
1284 5771 1390 5826 Καὶ
1423 5770 1694 5825 δείκνυται
1725 5771 1813 5826 διὰ

1905 4577 1980 4632 ita
2043 4580 2262 4633 demum
2290 4578 2445 4649 juxta
2501 4576 2555 4631 id
2616 4576 2767 4646 quod
2820 4592 3040 4645 aequum
3102 4584 3227 4631 erat
3274 4574 3481 4631 ultione

1905 4685 2039 4727 usus
2058 4685 2139 4725 es.
2199 4668 2397 4724 Autita
2435 4668 2618 4740 potius
2662 4667 2972 4737 intelliges:
3019 4684 3039 4718 ι
3098 4664 3253 4720 Tulit
3311 4666 3482 4720 multa

1906 4761 2322 4831 longanimitate
2365 4775 2496 4814 vasa
2540 4758 2638 4812 ira:
2690 4765 2952 4828 apparata
2984 4757 3053 4812 ad
3098 4757 3406 4812 interitum.
3455 4776 3475 4808 ι

1908 4850 2205 4914 Toleravit,
2230 4850 2431 4920 inquit,
2454 4847 2740 4913 sustinuit,
2762 4847 2927 4919 idque
2942 4845 3486 4919 335multalonga-

1908 4944 2161 5003 nimitate
2188 4944 2212 4998 ‘l

1977 5034 2265 5102 Quomodo
2337 5044 2521 5088 autem
2611 5033 2787 5088 multa
2838 5030 3296 5103 longanimitate?
3343 5030 3485 5096 Quia

1909 5143 2033 5183 cum
2053 5129 2162 5198 jam
2185 5135 2311 5196 apta
2350 5134 2407 5179 et
2424 5134 2727 5196 pra‘parata
2750 5135 2937 5180 essent
2969 5124 3036 5180 ad
3085 5122 3484 5194 perditionem,

1911 5234 1975 5275 ac
2016 5228 2246 5289 prepter
2287 5217 2514 5272 nimiam
2571 5218 2835 5273 malitiam
2890 5216 3292 5288 propemodum
3333 5217 3485 5287 justa

1912 5307 1993 5362 ira
2043 5308 2268 5378 impleta
2314 5317 2531 5363 essent:
2581 5308 2764 5363 adhuc
2814 5317 2998 5364 tamen
3048 5307 3363 5378 perferebat
3429 5317 3487 5364 et

1913 5399 2183 5455 tolerabat
2224 5400 2292 5454 ad
2321 5400 2738 5453 conversionem
2783 5415 2879 5453 eos
2939 5407 3283 5468 exspectans.
3324 5397 3485 5464 Quod

1912 5508 2044 5565 ergo
2074 5493 2192 5564 ipse
2213 5509 2324 5548 non
2356 5493 2552 5565 perdat
2584 5493 2675 5547 illa
2701 5509 2852 5556 vasa,
2889 5494 3116 5547 omnino
3133 5489 3484 5546 manifestum

1914 5593 2019 5647 est,
2079 5585 2259 5654 seipsa
2335 5586 2486 5640 enim
2564 5582 2633 5637 ad
2694 5582 2982 5636 interitum
3059 5587 3484 5649 apparaverunt.

1914 5676 2102 5733 Perdit
2172 5686 2355 5731 tamen
2436 5675 2533 5730 illa
2615 5682 2906 5745 postquam
2967 5671 3147 5753 seipsa
3214 5684 3490 5740 praepara-

1919 5780 2071 5838 ruut,
2126 5779 2415 5844 postquam
2474 5767 2542 5823 ad
2618 5775 2925 5822 extremum
2975 5762 3195 5818 malitia:
3260 5777 3489 5832 procur-
