3880 6622
378 380 486 445 519

1445 371 1846 435 (ECUMENII
1876 366 2171 433 TRICC/E
2211 358 2550 426 EPISCOPI

3529 371 3617 436 530

381 502 629 559 rei-unt;
710 500 1001 565 postquam
1043 490 1113 544 ab
1169 492 1291 562 ejus
1357 490 1773 562 longanimitate
1824 485 1964 542 nihil

2083 484 2166 555 τῆς
2192 484 2271 548 εἰς
2299 485 2496 547 αὑτοὺς
2521 481 2731 543 δικαίας
2758 478 3028 549 τιμωρίας
3054 479 3144 533 τοῦ
3170 480 3332 547 Θεοῦ,
3360 485 3447 538 καὶ
3473 488 3526 539 τό
3546 489 3622 542 δυ-

379 587 571 645 auxilii
630 593 988 656 acceperunt.
1065 584 1132 638 Et
1202 582 1516 638 ostenditur
1593 598 1690 652 per
1753 581 1954 651 justam

380 679 479 735 Dei
538 678 598 734 in
656 679 781 733 illos
832 675 1366 732 animadversionem
1431 676 1596 730 etiam
1635 673 1811 744 ipsius
1856 686 1956 743 po-

381 771 578 837 tentia,
644 772 750 826 hoc
823 778 929 831 est.
985 768 1235 840 punitiva
1294 776 1558 840 potestas.
1601 775 1677 831 et,
1721 767 1818 820 ira:
1855 764 1958 820 de-

381 863 729 928 monstratio,
793 876 984 932 quam,
1048 860 1144 931 qui
1200 861 1337 915 tales
1391 866 1553 925 sunt,
1617 856 1771 929 digni
1824 864 1960 911 sunt

382 965 444 1012 ut
500 965 930 1027 consequantur.
972 973 991 1006 ι
1033 954 1100 1010 Et
1141 965 1202 1010 ut
1243 950 1401 1009 notas
1426 953 1632 1008 faceret
1656 950 1899 1006 divitias.
1933 966 1950 1001 ι

381 1042 609 1098 Duobus
633 1039 812 1094 modis
836 1039 1193 1109 componitur
1227 1037 1375 1108 quod
1412 1037 1505 1092 hic
1534 1037 1760 1093 dicitur.
1805 1034 1893 1089 vel
1926 1048 1957 1088 a

380 1132 661 1188 communi
687 1146 854 1187 sensu
885 1131 1076 1185 subint
1098 1129 1396 1200 elligendo,
1429 1130 1512 1184 vel
1539 1143 1637 1199 per
1660 1126 1959 1182 defectum.

382 1227 427 1279 Δ
509 1223 793 1278 communi
872 1221 1098 1292 quidem
1182 1237 1346 1278 sensu
1454 1228 1675 1290 Oportet
1769 1217 1959 1272 subin-

384 1314 630 1385 telligere
683 1332 702 1366 ι
737 1315 882 1369 tulit.
949 1333 967 1367 ι
999 1314 1329 1369 ΤυΙίιντσεει
1385 1314 1502 1378 irae,
1555 1322 1611 1367 et
1672 1310 1793 1365 tulit
1830 1323 1960 1363 vasa

382 1406 801 1462 misericordiae.
829 1407 934 1462 Per
957 1405 1237 1461 defectum
1274 1420 1408 1461 vero
1440 1422 1454 1459 :
1496 1404 1627 1475 quia
1684 1418 1794 1457 non
1823 1401 1963 1456 dixit

382 1499 451 1554 ad
496 1499 631 1569 quid
682 1500 808 1553 tulit
881 1514 1012 1554 vasa
1090 1497 1505 1560 misericordiae,
1588 1497 1733 1551 sicut
1819 1494 1961 1549 dixit

385 1591 461 1647 ibi
504 1591 652 1661 quod
707 1606 840 1647 vasa
876 1591 974 1647 ira
1004 1590 1130 1646 tulit
1174 1591 1244 1645 ad
1314 1590 1622 1645 interitum.
1672 1589 1772 1643 ilic
1830 1602 1961 1659 ergo

384 1681 831 1737 subaudiendum
890 1689 976 1737 est
1037 1699 1051 1735 :
1099 1680 1181 1736 Ad
1210 1680 1480 1744 salutem;
1532 1678 1627 1732 Dei
1684 1677 1959 1746 siquidem

384 1774 692 1843 potentiam
715 1772 1159 1844 despicientibus
1180 1787 1244 1827 ac
1265 1769 1674 1842 negligentibus
1704 1784 1959 1825 necessa-

2066 576 2225 630 νατδν
2257 575 2446 639 αὑτοῦ,
2481 574 2781 637 τουτέστιν,
2818 573 2851 643 ἡ
2884 574 3230 647 τιμωρητικὴ
3264 574 3509 646 δύναμις,
3540 584 3623 635 καὶ

2065 673 2099 743 ἡ
2145 669 2369 736 ἔνδειξις
2413 668 2514 739 τῆς
2558 666 2750 739 ὀργῆς,
2790 661 2859 738 ἧς
2904 666 3041 718 εἰσιν
3082 665 3220 731 ἄξιοι
3261 668 3545 737 τυγχάνειν
3581 675 3623 727 ol

2066 760 2317 815 τοιοῦτοι.
2363 778 2382 811 ι
2429 759 2540 814 Καὶ
2580 758 2670 811 ἵνα
2709 755 2978 829 γνωρίσῃ.
3026 775 3044 809 ι
3087 758 3216 811 Auct
3257 758 3479 829 τρόποις
3516 778 3628 832 σχη.

2070 853 2359 924 ματίζεται
2390 850 2506 904 τόδε
2537 849 2598 904 τὺ
2633 849 2825 921 ῥητὸν,
2860 850 2969 904 ἀπὸ
3003 849 3183 904 κοινοῦ
3202 889 3215 912 ,
3254 852 3351 904 καὶ
3383 851 3629 907 ἐλλειπτι·

2066 943 2199 1009 κῶς.
2257 943 2390 996 Ἀπὸ
2431 940 2613 996 κοινοῦ
2660 941 2762 1012 μὲν
2799 942 2909 1014 γὰρ
2965 941 3047 996 δεῖ
3080 942 3262 996 λαϐεῖν
3297 943 3394 1009 τδ,
3435 962 3455 997 ι
3485 946 3631 1000 Ἦνε-

2066 1051 2222 1103 γκεν.
2276 1053 2294 1087 ι
2326 1033 2563 1102 Ἦνεγκε
2615 1033 2784 1105 σκεύη
2838 1033 3039 1105 ὀργῆς,
3090 1035 3186 1087 καὶ
3233 1034 3436 1106 ἤνεγκε
3483 1037 3632 1107 σκεύη

2067 1128 2272 1188 ἐλέους.
2292 1124 2682 1190 Ἐλλειπτικῶς
2712 1125 2790 1194 δὲ,
2825 1126 2905 1180 ὅτι
2941 1127 3043 1180 οὑκ
3076 1120 3229 1179 εἶπεν
3261 1128 3345 1190 εἰς
3372 1130 3423 1181 τί
3454 1130 3632 1199 ἤνεγκε

2063 1221 2134 1273 τὰ
2165 1218 2335 1289 σκεύη
2366 1218 2461 1272 τοῦ
2498 1218 2705 1281 ἐλέους,
2737 1216 2928 1290 ὥσπερ
2958 1219 3077 1272 ὲκεῐ
3103 1214 3223 1271 εἷπε
3255 1219 3325 1272 τὰ
3358 1221 3522 1290 σκεύη
3548 1223 3634 1295 τῆς

2066 1310 2260 1382 ὀργῆς,
2289 1311 2373 1365 ὅτι
2405 1310 2486 1373 είς
2518 1308 2819 1364 ἀπώλειαν.
2842 1309 3234 1375 Ἐξακουστὲον
3266 1307 3360 1363 οὖν
3390 1310 3632 1374 ἐνταῦθα,

2066 1403 2148 1465 τὸ,
2227 1404 2321 1465 El:
2387 1402 2687 1474 σωτηρίαν.
2752 1403 2877 1465 Τοῖς
2918 1401 3029 1473 γὰρ
3088 1401 3490 1471 καταφρονοῦσι
3556 1404 3637 1456 καὶ

2069 1494 2382 1566 ὑπερορῶσι
2419 1494 2523 1566 τῆς
2564 1493 2845 1563 δυνάμεως
2889 1492 2981 1547 τοῦ
3023 1491 3182 1559 Θεοῦ,
3223 1491 3520 1560 ἀναγκαῖον
3554 1496 3636 1548 καὶ

2069 1587 2344 1659 συμφέρον
2367 1582 2439 1658 ἦν
2461 1589 2729 1657 γνωρίσαι
2759 1586 2943 1650 αὑτοῖς
2972 1584 3062 1638 διὰ
3086 1586 3364 1654 τιμωρίας
3414 1584 3473 1637 τὸ
3496 1584 3635 1639 δυνα-

2072 1680 2165 1734 τὸν
2198 1681 2293 1734 καὶ
2334 1677 2638 1743 πανσθενὲς
2676 1677 2770 1732 καὶ
2802 1677 3214 1731 πανεπίσκοπον
3247 1675 3437 1731 αὑτοῦ.
3478 1695 3496 1728 ι
3528 1674 3634 1731 Ἐπὶ

2071 1771 2241 1843 σκεύη
2288 1771 2489 1835 ἐλέους.
2542 1789 2561 1822 ι
2591 1771 2825 1840 Ὠσπερ,
2873 1771 3061 1839 φησὶν,
3105 1771 3185 1832 είς
3228 1770 3299 1823 τὰ
3350 1769 3514 1841 σκεύη
3553 1770 3635 1841 τῆς

385 1866 531 1920 rium
557 1864 804 1935 utileque
829 1873 971 1929 erat,
1004 1873 1065 1919 ut
1113 1880 1212 1935 per
1241 1863 1580 1934 supplicium
1622 1863 1823 1917 faceret
1855 1860 1965 1916 illis

2083 1864 2270 1937 Βργῆς,
2303 1865 2583 1929 τουτέστι,
2617 1866 2709 1918 τὸν
2739 1861 2942 1936 Φαραὼ
2980 1863 3213 1935 ἤνεγκεν
3246 1862 3449 1936 ὀργὴν,
3485 1862 3634 1916 πολλὰ

384 1967 578 2012 notum
628 1972 795 2028 quam
840 1966 1040 2027 potens
1092 1965 1263 2022 esset,
1311 1957 1459 2027 quod
1518 1944 1960 2020 robustissimus,

2064 1957 2329 2029 πρότερον
2348 1955 2785 2028 μακροθυμήσας
2808 1971 2822 1985 ο
2844 1954 3017 2019 οὕτως
3039 1954 3134 2007 καὶ
3154 1956 3237 2017 εἰς
3262 1954 3434 2026 σκεύη
3456 1953 3634 2019 ἐλέους,

386 2049 685 2120 omniaque
716 2051 1101 2106 considerans.
1140 2068 1159 2102 ι
1203 2051 1263 2105 in
1307 2066 1437 2106 vasa
1472 2048 1888 2106 misericordiae.
1936 2066 1955 2098 ι

2083 2049 2361 2115 τουτέστιν,
2386 2050 2467 2112 είς
2496 2047 2680 2113 ἀξίους
2705 2046 2799 2101 τοῦ
2825 2047 3092 2100 ἐλεεῖσθαι
3117 2048 3291 2117 ἡμᾶς,
3318 2038 3512 2120 ἦνεγκε
3533 2047 3632 2117 φιλ-

384 2139 882 2207 Quemadmodum,
931 2140 1134 2211 inquit,
1194 2142 1249 2195 in
1296 2155 1426 2195 vasa
1475 2140 1596 2204 irae,
1627 2140 1737 2194 hoc
1764 2144 1870 2204 est,
1907 2137 1965 2192 in

387 2230 733 2286 Pharaonem
770 2231 897 2286 tulit
931 2231 1097 2296 iram,
1131 2232 1301 2287 multa
1333 2232 1572 2303 primum
1611 2246 1745 2286 usus
1772 2230 1964 2299 longa-

386 2323 684 2380 nimitate:
742 2325 819 2380 ita
851 2337 930 2389 et,
997 2327 1052 2381 in
1082 2341 1208 2381 vasa
1298 2326 1717 2391 misericordiae,
1764 2338 1968 2395 nempe

388 2417 444 2470 in
479 2432 580 2473 nos
602 2417 700 2487 qui
745 2417 1125 2488 dignisumus
1150 2418 1571 2481 misericordia,-
1621 2419 1748 2472 tulit
1808 2417 1968 2472 beni-

386 2506 673 2578 gnitatem.
709 2507 845 2564 Nam
883 2509 988 2565 hoc
1045 2509 1509 2564 subaudiendum.
1552 2528 1570 2560 ι
1601 2508 1734 2576 Quae
1758 2523 1970 2578 praepa-

389 2598 553 2652 ravit.
588 2617 607 2649 ι
687 2598 1027 2668 Praeparavit
1105 2611 1292 2655 autem
1372 2600 1503 2670 quia
1586 2598 1970 2654 misericordia

388 2686 650 2756 cognovit
673 2687 871 2758 dignos
914 2704 1013 2759 per
1045 2688 1229 2743 fidem.
1256 2690 1428 2745 Porro
1450 2689 1505 2744 id
1537 2690 1592 2744 in
1623 2689 1772 2744 illius
1796 2689 1972 2761 vergit

387 2774 643 2846 gloriam.
682 2795 700 2828 ι
729 2778 1113 2848 Praeparavit,»
1147 2788 1336 2849 utpote
1360 2780 1639 2849 praescius,
1667 2788 1721 2833 et
1745 2794 1975 2850 cognos-

397 2883 537 2924 cens
560 2869 712 2939 quod
749 2871 1011 2925 virtutem
1074 2884 1263 2927 essent
1318 2872 1702 2942 amplexaturi.
1754 2873 1973 2942 Praepa-

2067 2139 2613 2212 ανθρωπίαν.,Τυῦτο
2656 2141 2765 2211 γὰρ
2812 2139 3308 2195 συνυπακουστέον.
3357 2157 3377 2191 ι
3407 2140 3474 2192 Ἀ
3512 2156 3629 2208 προ-

2067 2234 2385 2304 ητοίμασεν.
2420 2250 2439 2285 ι
2468 2232 2845 2304 Προητοίμασε
2869 2230 2948 2295 δὲ,
2975 2232 3095 2284 ἐπεὶ
3121 2229 3264 2299 ἔγνω
3290 2230 3477 2297 ἀξίους
3502 2230 3633 2285 ἐλέου

2069 2326 2161 2379 διὰ
2189 2327 2293 2399 τὴν
2324 2325 2527 2379 πίστιν.
2553 2324 2723 2378 Τοῦτο
2756 2324 2834 2389 δὲ,
2868 2327 2947 2390 είς
2978 2325 3137 2390 δόξαν
3169 2323 3338 2378 αὑτοῦ
3372 2324 3631 2377 συντείνει.

2075 2438 2093 2469 ι
2122 2418 2553 2490 Προητοίμασεν.
2584 2436 2602 2468 ι
2630 2446 2699 2456 --
2722 2415 2922 2490 [ΦΩΤ.]
2950 2417 3038 2482 Ὠς
3069 2414 3430 2487 προγνώστης
3455 2415 3543 2467 καὶ
3570 2413 3635 2465 εξ-

2071 2510 2178 2576 δὼς
2211 2512 2293 2564 ὅτι
2333 2510 2615 2564 σπουδαῖοι
2640 2509 2877 2566 ἔσονται.
2914 2509 3337 2580 Προητοίμασεν
3369 2504 3461 2560 οὖν
3493 2502 3634 2559 αὑτοῦ

2070 2603 2140 2657 τὰ
2175 2602 2300 2669 ἄξια
2331 2601 2516 2665 ἐλέους
2551 2600 2751 2672 σκεύη,
2789 2601 2868 2664 εἰς
2902 2600 3094 2665 δόξαν,
3130 2598 3447 2662 τουτέστιν,
3484 2596 3554 2657 εἰς
3583 2595 3634 2646 sb

2073 2691 2397 2762 δοξασθῆναι
2433 2691 2592 2746 αὑτά.
2623 2692 2734 2745 Καὶ
2768 2692 2870 2771 γὰρ
2907 2691 2936 2743 6
2971 2688 3199 2753 πλοῦτος
3230 2689 3336 2758 τῆς
3364 2686 3514 2755 δόξης
3548 2685 3632 2736 αὑ-

2071 2787 2167 2839 τοῦ
2201 2781 2509 2856 ἐγνωρίσθη
2543 2784 2599 2835 ἐν
2634 2783 2785 2852 ἡμῖν,
2822 2783 2901 2833 ὅτι
2933 2783 3046 2845 τοῖς
3077 2779 3323 2843 εἰδώλοις
3386 2792 3634 2847 προσανα-
3724 2772 3729 2775 λ
3816 2852 3821 2861 ν

2076 2878 2388 2947 κειμένους,
2420 2876 2512 2929 καὶ
2539 2874 2757 2938 δούλους
2789 2872 3131 2946 ὑπάρχοντας
3148 2870 3343 2926 παθῶν
3370 2872 3459 2924 καὶ
3480 2870 3634 2941 ἁμαρ-

391 2963 537 3017 ravit
610 2966 801 3034 itaque
866 2965 1035 3037 digna
1095 2983 1227 3022 vasa
1281 2967 1681 3024 misericordia
1731 2985 1844 3024 sua:
1898 2968 1968 3024 ad

2083 2970 2217 3035 πίας,
2256 2969 2317 3022 οὑ
2366 2968 2524 3038 μόνον
2561 2967 2767 3021 τούτων
2808 2965 3207 3038 ἠλευθέρωσεν.
3255 2962 3394 3018 ἀλλὰ
3435 2963 3523 3016 καὶ
3561 2960 3635 3014 διὰ

388 3052 641 3124 gloriam,
674 3055 782 3110 hoc
811 3063 918 3122 est,
972 3067 1032 3110 ut
1064 3057 1178 3127 ipsa
1220 3058 1683 3128 gloriﬁcarentur.
1759 3060 1974 3113 Etenim

2083 3060 2348 3124 υἱοθεσίας
2368 3058 2635 3124 ἐδόξασεν.
2659 3077 2678 3111 ι
2697 3059 2772 3112 Οὑ
2795 3058 2953 3125 μόνον
2972 3056 3336 3122 ὲξἹουδαίων.
3363 3074 3380 3107 ι
3400 3055 3550 3127 Ὁρᾷς
3564 3054 3645 3111 ὅτι,

390 3143 599 3200 divitiae
692 3145 880 3216 gloriae
946 3146 1125 3216 ipsius
1222 3155 1368 3201 notze
1445 3159 1577 3203 sunt
1644 3149 1702 3203 in
1789 3149 1972 3210 nobis.

2083 3152 2140 3204 οὑ
2175 3150 2495 3224 μονομερῶς
2526 3152 2553 3203 ό
2582 3150 2716 3214 Θεδς
2735 3192 2750 3216 ,
2782 3148 2918 3203 ἀλλὰ
2946 3150 3040 3202 καὶ
3071 3148 3130 3216 ἐξ
3154 3149 3428 3221 Ἰουδαίων
3457 3153 3541 3202 καὶ
3585 3148 3634 3212 ἐξ

390 3237 522 3307 quia
600 3252 725 3293 cum
779 3237 948 3295 idolis
1015 3238 1449 3308 adbzereremus,
1521 3240 1772 3313 fcrvique
1830 3257 1974 3298 esse-

2087 3244 2261 3297 ἐθνῶν
2288 3242 2452 3309 σώζει
2481 3242 2571 3296 διὰ
2618 3241 2715 3312 τῆς
2746 3242 2982 3302 πίστεως
2998 3241 3125 3304 τοὺς
3154 3240 3344 3309 ἀξίους
3367 3240 3631 3312 σωτηρίας,

392 3344 518 3384 inus
560 3330 871 3387 affectuum
919 3340 975 3387 ct
1034 3333 1248 3404 peccati
1287 3352 1301 3387 :
1337 3351 1450 3390 non
1501 3336 1678 3392 solum
1744 3337 1832 3392 his
1876 3338 2185 3402 liberavit,
2243 3353 2437 3393 verum
2504 3336 2672 3392 etiam
2742 3350 2843 3406 per
2907 3333 3261 3406 adoptionem
3317 3334 3633 3408 gloriﬁcavit.

397 3422 546 3477 σΝοιι
577 3423 757 3478 solum
804 3438 872 3477 ex
905 3424 1130 3479 Judaeis.
1159 3442 1180 3474 ι
1233 3424 1416 3490 Vides,
1448 3428 1594 3497 quod
1648 3428 1794 3482 Deus
1830 3443 1941 3483 non
1971 3444 2039 3483 ex
2071 3444 2179 3485 una
2214 3438 2429 3485 tantum
2455 3436 2635 3500 parte,
2693 3427 2791 3483 sed
2827 3434 2939 3483 tam
2960 3443 3029 3482 ex
3089 3427 3297 3484 Judaeis
3361 3443 3517 3500 quam
3579 3441 3636 3481 ex

398 3518 661 3590 gentibus
684 3519 868 3574 salvos
892 3518 1024 3575 facit
1042 3535 1142 3591 per
1170 3521 1333 3576 tidem
1358 3537 1456 3577 eos
1486 3526 1582 3593 qui
1615 3523 1793 3579 salute
1820 3523 1971 3594 digni
2005 3534 2157 3582 sunt.

467 3610 562 3677 IX,
582 3610 776 3667 25—27.
817 3612 979 3684 335
1009 3612 1465 3679 Quemadmodum
1492 3624 1541 3667 et
1568 3616 1625 3669 in
1652 3616 1782 3672 Osse
1809 3616 1971 3671 dicit:
2000 3627 2046 3686 ο

398 3704 603 3760 Vocabo
621 3704 876 3778 populum
903 3708 996 3776 qui
1019 3722 1164 3761 meus
1197 3724 1303 3761 non
1325 3718 1463 3773 erat,
1486 3709 1741 3780 papulum
1763 3726 1975 3766 meum:

395 3805 447 3851 et
493 3812 612 3850 eam
644 3813 764 3867 qius
795 3796 991 3852 dilecta
1023 3814 1129 3853 non
1172 3805 1312 3861 erat,
1353 3798 1622 3857 dilectam.
1668 3804 1739 3857 Et
1781 3803 1883 3857 erit
1919 3804 1977 3857 in

397 3888 511 3943 loco
536 3888 625 3944 ubi
648 3890 847 3944 dictum
874 3889 1052 3961 fuerat
1075 3892 1170 3956 eis,
1201 3889 1325 3946 Non
1348 3892 1573 3963 populus
1600 3910 1744 3949 meus
1770 3911 1881 3956 vos.
1905 3895 1978 3950 ibi

395 3979 724 4035 vocabuntur
766 3980 868 4049 ﬁlii
909 3980 1007 4036 Dei
1055 3984 1296 4038 viventis.
1331 3981 1507 4038 Isaias
1546 3992 1725 4039 autem
1776 3984 1980 4040 clamat

395 4088 557 4143 super
586 4072 795 4129 Israel:
826 4072 886 4128 Si
913 4074 1077 4145 fuerit
1111 4089 1363 4130 numerus
1388 4073 1563 4131 Israél
1590 4086 1652 4131 ut
1667 4093 1836 4132 arena
1858 4094 1978 4132 ma-

398 4166 495 4230 ris,
527 4162 772 4237 reliquie
797 4165 964 4222 salva
991 4176 1170 4224 mut.

466 4340 626 4410 Quod
657 4351 845 4398 autem
876 4358 988 4399 non
1042 4351 1276 4409 temere,
1326 4343 1531 4415 inquit,
1578 4359 1783 4416 neque,
1835 4344 1984 4401 sicut

398 4435 614 4491 dicent
636 4434 935 4507 quispiam,
987 4450 1057 4492 ex
1086 4452 1198 4492 una
1228 4444 1448 4493 tantum
1469 4445 1648 4508 parte,
1684 4438 1868 4494 salvos
1895 4438 1983 4494 fe-

401 4527 481 4583 cit
528 4527 678 4583 Deus
716 4543 784 4582 ex
819 4527 1081 4599 gentibus
1103 4528 1318 4595 ﬁdeles,
1355 4528 1455 4587 sed
1509 4530 1770 4602 quoniam
1803 4530 1983 4587 salute

402 4621 554 4693 digni
585 4630 767 4685 erant,
796 4620 1055 4691 producit
1078 4629 1138 4677 et
1168 4622 1499 4693 prophetam
1522 4624 1619 4693 qui
1662 4624 1832 4678 tantis
1855 4631 1983 4679 ante

407 4714 755 4785 temporibus
794 4714 901 4769 hoc
934 4724 1059 4770 erat
1090 4714 1454 4771 vaticinatus.
1480 4716 1624 4772 Ecce
1659 4716 1808 4772 enim
1840 4716 1985 4771 Deus

406 4808 671 4876 populum
716 4816 775 4861 nt
804 4806 1105 4861 Ecclesiam
1139 4805 1397 4862 dilectam
1424 4822 1488 4862 ac
1532 4805 1676 4861 filios
1700 4816 1860 4862 vocat
1888 4822 1987 4862 eos

404 4901 499 4968 qui
528 4899 890 4954 crediderunt
924 4915 991 4954 ex
1017 4898 1297 4972 gentibus.
1330 4898 1700 4967 Quamobrem
1728 4899 1988 4954 tandem?

2162 3619 2251 3685 Ὠς
2311 3620 2412 3672 καὶ
2457 3617 2529 3672 ἐν
2573 3616 2656 3684 τῷ
2706 3617 2889 3683 Ὠσηὲ
2930 3616 3122 3685 λέγει·
3161 3615 3414 3669 Καλέσω
3450 3615 3546 3667 t‘r
3575 3612 3634 3665 οὐ

2076 3714 2234 3767 λαόν
2270 3728 2411 3781 μου.
2443 3709 2598 3764 λαόν
2625 3725 2768 3779 μου,
2801 3706 2899 3762 καὶ
2952 3707 3068 3777 τὴν
3099 3711 3211 3763 οὐκ
3240 3707 3635 3778 ἠγαπημένην.

2079 3798 2499 3872 ἠγαπημένην.
2548 3797 2653 3853 Καὶ
2694 3797 2866 3852 ἔσται
2904 3797 2975 3851 ἐν
3002 3796 3083 3864 τῷ
3127 3798 3288 3863 τόπῳ
3330 3792 3404 3855 οὔ
3441 3794 3635 3865 sppilo"

2080 3892 2322 3960 αὐτοῖς’
2371 3894 2454 3947 Οὐ
2508 3891 2658 3959 λαός
2694 3908 2813 3960 μου
2865 3889 3054 3959 ὑμεῖς.
3084 3889 3214 3944 ἐκεῖ
3252 3889 3636 3958 κληθήσονται

2081 3985 2201 4040 υἱοὶ
2248 3984 2398 4039 Θεοῦ
2456 3982 2694 4048 ζῶντος.
2735 3982 2967 4048 Ἡσαΐας
3008 3979 3077 4034 δὲ
3115 3980 3306 4049 κράζει
3356 3978 3500 4048 ὑπὲρ
3546 3976 3633 4031 τοῦ

2093 4077 2372 4145 Ἰσραήλο
2415 4069 2617 4147 Ἐὰνιῇ
2653 4076 2686 4129 ό
2738 4073 2986 4142 ἀριθμὸς
3033 4070 3155 4125 τῶν
3174 4070 3322 4126 vlt?»-
3376 4069 3631 4141 Ἰσραὴλ·
3678 4116 3681 4119 .

2081 4171 2163 4237 ὡς
2196 4168 2236 4238 ἠ
2273 4167 2469 4240 ἄμμος
2508 4166 2621 4236 τῆς
2653 4164 3009 4231 θαλάσσης,
3038 4162 3109 4218 τὸ
3136 4163 3505 4236 amittamus
3536 4176 3639 4217 σω-

2086 4256 2362 4323 θήσεται.

2151 4347 2277 4402 Ὀτι
2301 4346 2383 4415 δὲ,
2415 4349 2604 4418 φησὶν,
2638 4347 2738 4419 οὑχ
2767 4348 2974 4415 ἁπλῶς,
2999 4348 3132 4415 066‘,
3160 4347 3238 4413 ὡς
3270 4346 3339 4400 ἂν
3373 4342 3508 4400 εἴποι
3546 4357 3631 4403 τις.

2087 4439 2405 4512 μονομερῶς
2451 4437 2655 4494 ἔσωσεν
2693 4441 2722 4493 6
2755 4440 2885 4506 Θεὸς
2929 4439 3060 4506 τοὺς
3106 4439 3165 4509 ἐξ
3207 4438 3382 4494 ἐθνῶν
3419 4437 3631 4497 πιστοὺς.

2084 4531 2201 4588 ἀλλ’
2235 4530 2427 4601 ἐπειδὴ
2455 4530 2596 4596 ἄξιοι
2616 4526 2756 4604 ἦσαν
2797 4531 3094 4604 σωτηρίας,
3120 4532 3365 4605 παράγει
3405 4530 3493 4585 τὸν
3528 4542 3636 4597 προσ

2086 4627 2264 4697 φήτην
2285 4623 2392 4695 πρδ
2419 4622 2690 4678 τοσούτων
2720 4623 2926 4695 χρόνων
2946 4622 3106 4678 τοῦτο
3140 4620 3627 4697 προαναφωνοῦντα.

2097 4717 2228 4800 ’[δοὺ
2259 4715 2367 4789 γὰρ
2396 4718 2425 4770 6
2461 4715 2617 4781 Θεὸς,
2658 4717 2753 4771 καὶ
2808 4713 2937 4770 λαὸν
2958 4756 2972 4782 ,
3005 4715 3102 4771 καὶ
3136 4716 3499 4788 ἠγαπημένην
3533 4713 3634 4764 Ἐκ·

2089 4808 2356 4879 κλησιαν,
2414 4807 2513 4862 καὶ
2570 4807 2722 4872 υἱοὺς
2770 4806 2931 4861 καλεῖ
2980 4809 3106 4873 τοὺς
3151 4807 3212 4873 ἐξ
3254 4808 3442 4863 ἐθνῶν.
3488 4804 3545 4859 Τί
3581 4801 3631 4870 δή

2090 4918 2254 4969 arose;
2294 4900 2514 4963 πάντως
2556 4899 2645 4953 διὰ
2695 4900 2796 4970 τὴν
2842 4900 3025 4954 αὑτῶν
3091 4900 3506 4971 εὐγνωμοσύνην
3556 4893 3632 4947 καὶ

405 4988 608 5057 Utique
657 4997 886 5058 propter
927 4989 1153 5044 illorum
1204 4990 1649 5045 benevolentiam
1690 5006 1756 5045 ac
1798 4989 1974 5047 ﬁdem.

2097 4995 2301 5049 πίστιν.
2360 5013 2379 5046 ι
2437 4992 2548 5065 Τὴν
2594 4994 2693 5046 οὑκ
2735 4992 3129 5063 ἠγαπημένην.
3162 5011 3183 5045 s
3235 4993 3346 5064 Τὴν
3393 4991 3446 5059 ἐξ
3493 4984 3634 5041 ἐθνῶν

414 5101 432 5133 ι
471 5081 607 5135 Eam
657 5095 784 5150 qua:
832 5080 1037 5138 dilecta
1075 5097 1188 5138 non
1219 5093 1393 5139 erat»
1439 5084 1744 5140 Ecciesiam
1771 5098 1894 5155 quae
1923 5099 1992 5139 ex

408 5172 667 5245 gentibus
694 5183 1026 5244 congregata
1072 5185 1158 5230 est
1188 5194 1203 5229 :
1239 5191 1362 5247 qua
1405 5185 1567 5233 antea
1592 5191 1702 5231 non
1727 5176 1995 5247 diligeba-

412 5278 521 5322 tur.
555 5267 749 5336 Neque
777 5265 925 5319 enim
946 5266 1119 5321 Deum
1137 5267 1520 5338 cognoscebat.
1555 5287 1573 5319 s
1608 5268 1727 5323 Non
1753 5268 1992 5337 papulus

410 5374 569 5416 meus
593 5372 712 5414 vos.
756 5377 777 5410 ›
826 5358 962 5413 Nam
990 5369 1184 5431 gentes
1218 5359 1350 5412 olim
1386 5361 1621 5430 negabat
1655 5360 1801 5415 Deus
1827 5373 1994 5429 prop-

412 5464 495 5509 tcr
525 5452 1005 5523 superstitionem.
1067 5471 1083 5502 ι
1123 5451 1294 5506 Isaias
1328 5462 1514 5506 autem
1572 5455 1774 5507 clamat
1820 5467 1992 5521 super

412 5545 605 5600 israéi.
648 5564 667 5597 ι
729 5545 901 5610 Nihil,
945 5546 1145 5614 inquit,
1205 5553 1450 5605 veretur,
1526 5546 1623 5600 sed
1702 5543 1988 5599 manifeste

415 5638 635 5693 clamat.
668 5638 748 5693 Ad
783 5637 899 5693 haec
929 5638 1112 5690 omnia
1139 5636 1520 5692 inscrutabilia
1546 5636 1719 5705 ipsius
1742 5636 1943 5708 judicia
1974 5653 1985 5687 :

424 5749 445 5781 s
478 5730 559 5785 Tu
594 5733 719 5801 quis
749 5749 811 5788 es
836 5732 930 5802 qui
962 5748 1026 5786 ex
1058 5732 1295 5786 adverso
1327 5730 1665 5800 respondeas
1712 5731 1842 5784 Deo.
1886 5749 1903 5779 ι
1950 5733 1989 5782 Α

416 5826 693 5879 communi
717 5842 882 5882 sensu
910 5826 1015 5881 hoc
1038 5824 1483 5881 subaudiendum
1509 5833 1611 5887 est,
1648 5822 1731 5875 vel
1762 5836 1858 5887 per
1895 5821 1993 5875 de-

2101 5085 2465 5156 Ἐκκλησίαν,
2515 5087 2638 5157 ἣτις
2686 5086 2785 5138 οὑκ
2836 5070 3093 5156 ἠγάπητο
3141 5085 3424 5158 πρότερον.
3454 5081 3522 5136 Οὑ
3546 5077 3633 5147 γὰρ

2093 5177 2360 5245 ἐγίνωσκε
2394 5177 2550 5230 Θεόν.
2602 5195 2619 5226 ι
2660 5177 2734 5230 Οὐ
2791 5177 2923 5241 λαός
2980 5194 3082 5247 μου
3138 5179 3316 5247 ὑμεῖς.
3369 5196 3389 5229 ι
3434 5174 3508 5227 Τὰ
3545 5168 3630 5237 γὰρ

2098 5266 2227 5336 ἔθνη
2284 5266 2587 5336 ἀπηρνεῖτο
2639 5266 2668 5317 6
2734 5265 2868 5329 Θεὸς
2921 5265 3116 5333 πάλαι,
3147 5265 3239 5318 διὰ
3288 5264 3385 5336 τὴν
3414 5258 3629 5317 δεισιδαι-

2108 5360 2323 5430 μονίαν.
2357 5378 2375 5410 ι
2417 5357 2646 5421 Ἡσαΐας
2698 5357 2754 5410 δὲ
2817 5356 3011 5427 κράζει
3052 5357 3195 5428 ὑπὲρ
3225 5356 3319 5412 τοῦ
3367 5351 3575 5427 Ἰσραήλ.
3608 5364 3622 5396 ³

2102 5452 2292 5516 Οὐδὲν,
2343 5451 2529 5519 φησὶν,
2558 5449 3043 5520 ὑποστελλόμενος,
3068 5450 3203 5504 ἀλλὰ
3226 5449 3506 5523 διαρρήδην
3532 5440 3626 5514 βοᾷ·

2101 5544 2247 5614 ῐιρδς
2277 5541 2452 5595 ταῦτα
2487 5541 2667 5594 πάντα
2699 5542 2767 5593 τὰ
2792 5541 3177 5611 ἀνεξιχνίαστα
3202 5542 3441 5613 κρίματα
3472 5529 3624 5590 αὑτοῦ,

2106 5655 2122 5687 ι
2162 5635 2233 5687 Σὺ
2266 5633 2349 5697 τίς
2398 5627 2449 5685 εἴ
2487 5633 2515 5684 6
2559 5633 3091 5702 ἀνταποκρινόμενος
3116 5633 3193 5704 τῷ
3239 5631 3392 5702 925:3;
3443 5649 3459 5682 ι
3501 5618 3627 5678 Κατὶ

2101 5728 2278 5781 κοινοῦ
2311 5727 2470 5779 τοῦτο
2508 5725 2827 5802 ἀκουστέον.
2855 5726 2886 5796 ἢ
2920 5726 3061 5780 κατὰ
3088 5717 3620 5799 ’ἔλλειψινσέκληπτέον-

2102 5814 2249 5884 Οἴου,
2286 5835 2304 5868 ι
2359 5817 2422 5869 Ei
2472 5816 2641 5869 θέλων
2676 5819 2703 5869 6
2736 5817 2865 5881 Θεὸς
2914 5817 3268 5882 ἐνδείξασθαι.
3311 5837 3329 5869 ι
3370 5812 3487 5870 Εἶτα
3525 5803 3622 5860 τάδθ
