3880 6550
179 389 270 456 531

171 591 350 660 σοφῶς,
380 591 492 652 πῶς
523 591 584 644 σὺ
611 589 814 660 τολμᾷς
845 588 1074 653 εὐθύναις
1105 593 1358 644 ἀπαιτεῖν
1396 591 1503 646 τῶν
1533 592 1711 646 τοιού-

171 701 264 737 των
295 683 571 752 πανσόφων
595 681 686 734 καὶ
710 681 1113 751 ἀκαταλήπτων
1137 679 1350 754 έργων;
1385 701 1404 734 ι
1441 683 1515 737 To
1549 686 1717 738 κατά-

173 775 357 846 λειμμα
388 773 712 844 σωθήσεται.
756 792 774 824 ι
807 773 884 826 Ui:
913 774 1132 839 πάντες,
1169 776 1354 845 φησὶν,
1383 775 1518 830 ἀλλὰ
1555 777 1722 848 μέρος

171 867 221 932 ἐξ
260 865 450 918 αὐτῶν.
495 865 666 917 Τοῦτο
708 865 817 936 γὰρ
855 865 934 927 τὸ.
976 885 994 918 ι
1040 867 1426 939 Κατάλειμμα.
1467 887 1488 922 τ
1533 868 1662 922 Ἰδοὺ
1696 871 1724 922 ὁ

171 957 286 1017 Θεὸς
317 957 399 1009 διὰ
423 957 519 1026 τῆς
569 955 764 1009 ἑαυτοῦ
821 957 1030 1028 ἀφάτου
1087 959 1637 1032 φιλανθρωπίαςζκαὶ
1664 959 1723 1026 ἐξ

178 1048 421 1102 Ἰουδαίων
465 1049 554 1100 καὶ
607 1047 663 1114 ἐξ
699 1046 886 1111 ὲθνῶν,
955 1051 1098 1102 ποιεί
1138 1047 1263 1103 λαδν
1331 1051 1526 1104 ἑαυτοῦ
1595 1067 1722 1104 και-

170 1157 268 1194 νον.

229 1315 411 1382 Λόγον
466 1315 579 1384 τὰρ
629 1318 947 1372 συντελῶν
1002 1323 1097 1374 καὶ
1157 1323 1513 1394 συντέμνων
1549 1330 1620 1381 ἐν
1645 1329 1728 1383 δι-

169 1410 482 1476 καιοσύνῃ,
519 1409 630 1491 ¹ὅτι
684 1413 870 1480 λόγον
935 1417 1430 1487 συντετμήμένον
1485 1423 1770 1491 εἰόιήοέι¹

170 1500 359 1566 Κύριος
381 1499 484 1552 ἐπι
519 1485 634 1568 ⁵τῆς
665 1500 797 1572 γῆς,
818 1503 916 1556 καὶ
947 1505 1140 1573 καθὼς
1159 1485 1518 1578 προείρηκεν
1555 1485 1726 1568 Ἡσα-

168 1591 273 1654 ἴας’
313 1593 377 1644 ει
417 1590 510 1660 μὴ
571 1593 785 1660 Κύριος
841 1595 1084 1650 Σαϐαὼο
1130 1598 1528 1666 ἐγκατέλιπεν
1580 1606 1724 1674 ἡμῖν

167 1679 415 1750 σπέρμα,
480 1683 561 1748 ὡς
618 1683 852 1752 Σόδομα
905 1686 983 1739 ἂν
1029 1688 1420 1758 ἐγενήθημεν,
1477 1693 1576 1748 καὶ
1653 1697 1734 1763 ὡς

166 1772 412 1839 Γόμορῤα
441 1772 525 1826 ἂν
551 1773 954 1844 ὡμοιώθημεν.

1239 389 1621 452 COMMENT.
1653 392 1733 452 IN
1767 388 2002 452 EPIST.
2054 391 2154 451 AD
2185 391 2364 452 ROM.

176 505 258 558 καὶ
299 501 415 554 τάδε
458 497 712 569 ἐποίησε,
749 497 846 552 καὶ
893 488 1205 553 πάνταῚπὶ
1255 503 1585 573 συμφέροντι
1622 505 1716 556 καὶ

1839 506 2030 558 '"ectum
2103 503 2485 574 accipiendum

3282 389 3392 453 522

2539 521 2550 554 :
2606 510 2758 574 puta,
2819 521 2836 555 ι
2894 503 2951 560 Si
2999 503 3189 562 volens
3249 505 3393 560 Deus

1830 597 2124 651 ostendere
2155 616 2202 663 ι,
2231 606 2336 652 etc.
2360 595 2568 650 Deinde
2584 596 2700 652 bzec
2729 596 2895 652 etilla
2919 595 3068 661 fecit,
3095 599 3393 670 omniaque

1823 688 2036 742 utiliter
2065 703 2129 742 ac
2149 687 2459 758 sapienter:
2491 702 2732 756 quonam
2769 687 2933 742 modo
2971 687 3144 744 audes
3174 697 3234 744 tu
3259 706 3391 748 cau-

1824 790 1913 830 sas
1945 760 2205 845 e‘xpetere
2243 774 2561 845 hujusmodi
2606 776 3148 844 sapientissimorum
3199 794 3264 834 ac
3304 779 3390 834 in-

1824 869 2407 938 comprehensibilium
2473 869 2744 938 operum?
2823 888 2842 920 ι
2885 870 3152 942 Reliquiae
3205 873 3392 952 .salva‘.

1824 968 2010 1012 erunt.
2041 976 2058 1008 ι
2093 956 2211 1011 Non
2240 973 2451 1019 omnes,
2478 956 2676 1026 inquit,
2705 957 2800 1011 sed
2823 973 2949 1026 pars
2972 959 3189 1015 illorum
3215 980 3234 1028 ;
3267 979 3401 1024 nam,

1827 1049 1933 1103 hoc
1961 1048 2232 1120 significat
2261 1067 2278 1098 ι
2314 1047 2598 1118 lleliquim.
2631 1065 2649 1098 ι
2675 1046 2816 1104 Ecce
2839 1047 3276 1110 Deus’ineﬁ‘abili
3296 1071 3393 1110 sua

1827 1128 2169 1210 benignitate
2203 1149 2259 1194 et
2289 1155 2353 1193 ex
2398 1138 2600 1194 Judaeis
2625 1148 2680 1194 et
2726 1155 2794 1194 ex
2843 1143 3102 1212 gentibus
3134 1148 3396 1220 populum

1829 1228 1933 1282 sibi
1963 1244 2310 1283 communem
2343 1225 2495 1284 facit.

1902 1317 1994 1383 IX,
2022 1320 2208 1374 28-29.
2235 1319 2543 1376 Sermonem
2576 1323 2714 1376 enim
2736 1339 3106 1403 consummans
3137 1335 3184 1380 et
3219 1327 3401 1382 abbre-

1830 1413 1982 1467 vians
2029 1413 2084 1464 in
2109 1413 2366 1482 justitia:
2407 1413 2658 1484 quoniam
2697 1429 2994 1470 sermonem
3039 1417 3400 1474 abbreviatum

1833 1500 1990 1569 faciet
2043 1501 2294 1555 Dominus
2340 1503 2394 1555 in
2425 1509 2688 1566 ιρι-Γαμεῖ
2721 1504 2854 1556 sicut
2899 1507 3144 1576 pra’dixit
3187 1505 3402 1564 Isaias:

1833 1591 1950 1644 Nisi
1974 1591 2227 1646 Dominus
2250 1591 2482 1646 Sabaoth
2503 1593 2799 1664 reliquisset
2830 1597 2976 1652 nobis
2998 1615 3195 1664 semen,
3223 1609 3279 1654 ut
3303 1599 3402 1656 So-

1834 1683 1991 1736 doma
2020 1681 2149 1754 facti
2174 1681 2472 1753 fuissemus,
2505 1696 2552 1739 et
2584 1695 2838 1757 tanquam
2868 1687 3163 1744 Gomorrha
3189 1694 3403 1768 assimi-

1838 1771 1936 1828 lali
1963 1775 2263 1846 fuissemus.
2979 1769 2984 1774 ’

227 1861 561 1938 [ΟΙΚΟΥΜ.]
581 1863 675 1929 To,
703 1867 1054 1933 «συντελῶν,»
1078 1870 1227 1941 δηλοῖ
1243 1872 1323 1924 δτι
1349 1873 1518 1946 πέρας
1541 1875 1722 1947 ἔχουσι

1899 1867 1972 1920 Τὸ
2001 1867 2314 1921 συντελῶν
2343 1883 2758 1926 consummans:
2805 1871 3078 1944 signiﬁcat
3123 1873 3270 1944 quod
3299 1882 3408 1934 ter.

171 1952 347 2016 πάντες
374 1951 530 2021 λόγοι
570 1955 806 2020 πίστεως
835 1957 932 2010 καὶ
963 1958 1217 2026 γνώσεως
1260 1962 1395 2015 Θεοῦ
1417 2005 1432 2030 ,
1479 1967 1574 2018 καὶ
1627 1967 1727 2020 οὐκ

168 2041 299 2094 ἔσται
339 2042 531 2114 ἔτερος
569 2045 712 2114 μετά
758 2045 948 2099 τοῦτον
995 2050 1086 2102 τὸν
1132 2051 1226 2105 νῦν
1283 2057 1726 2125 κηρυσσόμενον,

171 2132 442 2204 καθώσπερ
499 2131 568 2208 ἦν
615 2137 684 2190 τὰ
722 2137 1028 2204 Ἰουδαίων,
1060 2143 1154 2196 καὶ
1211 2145 1512 2213 μετέπεσεν
1541 2150 1621 2212 είς
1660 2150 1730 2204 τά

171 2225 265 2280 νῦν.
293 2227 431 2280 Ἀλλ’
467 2229 562 2281 ἐπὶ
594 2231 905 2296 συντελείας
928 2233 1108 2306 πάσης
1135 2235 1368 2302 πίστεως
1401 2239 1494 2293 καὶ
1527 2242 1730 2303 παντὸς

173 2317 311 2384 λόγου
355 2319 568 2372 δέδοται
608 2321 702 2374 νῦν
754 2325 854 2393 τῆς
895 2325 1130 2391 πίστεως
1191 2327 1370 2398 λόγος.
1415 2362 1483 2372 -
1530 2330 1729 2405 [ΦΩΤ.]

189 2407 250 2461 ⁸0
280 2409 374 2478 μὲν
425 2412 726 2478 Μωσαῖκὲς
780 2414 943 2486 νόμος
990 2417 1179 2490 ἐδόθη,
1247 2423 1734 2492 προδιατυποῦντος

170 2499 306 2564 Θεοῦ,
335 2505 424 2557 καὶ
475 2505 975 2578 προδιαγράφοντος
1015 2513 1106 2564 τὸν
1151 2515 1250 2584 τῆς
1301 2517 1522 2586 χάριτος
1553 2517 1731 2586 λόγον,

171 2591 246 2644 τὸν
264 2593 315 2646 δὲ
343 2595 707 2664 εὐαγγελικδν
727 2599 936 2665 δίδωσι,
969 2603 1242 2657 συντελῶν
1265 2607 1362 2660 καὶ
1393 2609 1732 2679 συντέμνων,

172 2685 440 2752 τουτέστιν,
476 2688 796 2758 ἀπαρτίζων
829 2691 1066 2761 ἅπαντα,
1089 2696 1183 2750 καὶ
1213 2697 1292 2760 είς
1335 2699 1488 2761 τέλος
1517 2703 1736 2771 ἄριστον

175 2773 323 2842 ιγων,
371 2777 654 2850 μηδεμίαν
703 2782 900 2853 ἑτέραν
942 2783 1244 2856 δυνάμενον
1289 2789 1661 2860 ἐπανόρθωσιν
1702 2793 1736 2864 ἦ

177 2866 430 2924 τελείωσιν
468 2871 746 2937 δέξασθαι.
780 2873 889 2928 Τοῦ
925 2875 1005 2940 δὲ,
1037 2895 1056 2928 ι
1090 2878 1262 2946 Λόγον
1312 2879 1420 2952 γὰρ
1469 2883 1739 2938 συντελῶν

176 2961 256 3011 καὶ
307 2963 653 3033 συντέμνων,
692 2965 837 3029 τίνος
894 2967 1060 3022 ἕνεκα
1107 2971 1392 3042 ἐμνήσθης
1440 2992 1459 3025 ι
1523 2973 1740 3046 Ὠσπερ

175 3055 330 3110 αἰτίαν
378 3060 505 3112 τινὰ
561 3061 672 3113 τῶν
739 3061 1166 3134 προειρημένων
1215 3065 1532 3130 ἀποδιδοὺς,
1585 3067 1744 3120 τοῦτο

179 3148 380 3218 συνῆψε.
408 3151 522 3204 Kal
551 3153 783 3224 λέγομεν
805 3154 888 3206 ὅτι
911 3155 1032 3208 λίαν
1074 3156 1204 3210 αὐτὸ
1251 3157 1601 3228 ἁρμοζόντως
1645 3159 1742 3212 καὶ

1831 1959 2042 2013 minum
2071 1958 2401 2014 obtinebunt
2438 1975 2650 2024 omnes,
2691 1961 2784 2034 qui
2829 1963 2898 2017 de
2931 1962 3036 2018 ﬁde
3080 1964 3285 2035 Deique
3316 1980 3408 2020 co-

1832 2048 2081 2118 gnitione
2126 2059 2256 2102 sunt
2305 2065 2612 2113 sermones.
2669 2049 2780 2104 Nec
2825 2052 2971 2108 alius
3009 2053 3116 2108 erit
3155 2056 3250 2124 qui
3287 2064 3408 2124 post

1837 2142 1981 2194 hunc
2007 2140 2416 2209 pnedicabitur,
2445 2141 2908 2212 quemadmodum
2939 2144 3030 2198 illa
3058 2161 3177 2215 qure
3197 2146 3405 2201 Judaeo-

1836 2248 1958 2285 rum
2011 2216 2175 2304 336
2204 2241 2383 2297 erant,
2437 2234 2506 2288 ad
2547 2239 2610 2288 ea
2655 2251 2776 2305 quae
2807 2251 2956 2292 nunc
2989 2247 3137 2300 sunt,
3173 2239 3408 2294 transie-

1835 2335 1988 2380 runt.
2015 2326 2120 2385 Sed
2145 2327 2215 2383 ad
2255 2329 2434 2383 omnis
2479 2327 2606 2386 ﬁdei
2651 2330 2940 2400 omnisque
2967 2332 3242 2389 sermonis
3270 2348 3404 2390 con-

1837 2421 2257 2476 summationem
2297 2419 2460 2475 datus
2509 2429 2593 2474 est
2623 2437 2772 2477 nunc
2807 2415 2933 2476 ﬁdei
2973 2439 3176 2480 sermo.
3203 2454 3273 2468 —-—
3295 2411 3408 2481 Mo-

1837 2510 1985 2564 saica
2042 2509 2263 2580 quidem
2320 2511 2406 2564 lex
2441 2509 2567 2564 data
2617 2519 2722 2575 est,
2779 2511 2890 2566 Deo
2938 2513 3452 2584 praedisponcnte..

1838 2602 2191 2673 primumque
2222 2601 2537 2658 delineante
2578 2603 2767 2674 gratia:
2797 2619 3106 2666 sermonem
3131 2593 3406 2678 {evange-

1837 2693 2007 2748 licum
2036 2711 2166 2750 vcro
2194 2694 2287 2748 dat
2314 2698 3144 2764 consummansetabbrevians,
3180 2699 3286 2774 hoc
3300 2711 3408 2766 est,

1839 2783 2137 2855 perﬁciens
2187 2787 2373 2842 omnia
2410 2793 2465 2841 et
2495 2786 2563 2840 ad
2613 2787 2884 2858 optimum
2929 2789 3092 2844 ﬁnem
3129 2791 3412 2854 deducens

1841 2876 1935 2946 qui
1968 2877 2173 2932 nullam
2201 2878 2362 2932 aliam
2388 2879 2561 2948 possit
2594 2881 2996 2936 correctionem
3032 2898 3094 2937 ae
3121 2884 3414 2952 perfectio-

1840 2983 1967 3022 nem
2006 2969 2310 3038 suscipere.
2343 2967 2455 3022 Cur
2487 2977 2672 3024 autem
2716 2970 2862 3024 illius
2887 2971 3020 3026 fecit
3049 2972 3408 3036 mentionem.

1853 3077 1872 3111 ι
1909 3059 2232 3114 Sermonem
2280 3060 2426 3114 enim
2455 3075 2843 3116 consummans
2882 3073 2939 3116 et
2985 3063 3342 3120 abbrevians:
3369 3085 3405 3138 ,ι

1845 3149 2129 3220 Tanquam
2189 3151 2699 3220 causam'aliquam
2766 3151 3004 3208 reddens
3058 3170 3252 3212 eorum
3290 3172 3412 3228 qua:

180 3242 475 3311 προσφυῶς,
517 3243 606 3298 διὰ
648 3245 852 3309 πολλὰς
897 3245 1079 3311 αἰτίας
1127 3249 1455 3320 ἐπισυνῆψε.
1513 3250 1733 3320 Πρῶτον

1845 3241 1994 3296 dicta
2025 3251 2179 3306 sunt,
2231 3242 2336 3297 hoc
2385 3243 2698 3311 conjunxit.
2730 3243 2797 3299 Et
2837 3245 3074 3300 dicimus
3113 3247 3260 3330 quod
3287 3259 3410 3318 apte

181 3331 399 3404 μὲνγὰρ,
447 3337 639 3408 ἐπειδὴ
665 3331 844 3404 εἶπεν,
893 3338 976 3392 ὅτι
1037 3356 1057 3390 ι
1109 3339 1340 3392 Καλέσω
1377 3340 1468 3394 τὸν
1505 3341 1564 3394 οὐ
1613 3342 1740 3396 λαόν

181 3437 286 3490 μου,
345 3443 364 3476 ι
413 3427 512 3478 καὶ
568 3427 716 3497 ἑξῆς,
755 3427 842 3482 ἵνα
883 3431 956 3500 μή
1010 3447 1094 3491 τις
1136 3430 1300 3503 εῐπῃο
1335 3432 1446 3484 Καὶ
1471 3433 1522 3484 τί
1549 3432 1738 3500 τοῦτο;
1789 3424 1792 3426 ⁷

181 3511 367 3586 Ὠσπερ
395 3519 505 3590 γὰρ
533 3519 785 3586 ἐγένοντο
817 3523 882 3574 ὲκ
929 3517 1058 3574 λαοῦ
1109 3539 1262 3586 τινες
1295 3524 1354 3576 οὐ
1389 3524 1543 3590 λαὸς,
1570 3525 1742 3589 οὕτως

187 3602 274 3655 κᾶν
317 3605 373 3671 ἐξ
421 3609 486 3660 οὐ
543 3608 675 3662 λαοῦ
727 3609 852 3674 λαὸς
899 3611 1187 3678 γένωνται,
1232 3613 1384 3666 οὐδὲν
1415 3615 1612 3668 κωλύει
1649 3617 1742 3670 καὶ

179 3695 380 3762 τούτους
429 3699 590 3753 πάλιν
633 3701 881 3770 γενέσθαι
908 3704 970 3755 οὗ
996 3704 1141 3758 λαόν.
1165 3705 1276 3774 Οὐχ
1317 3704 1524 3772 οὕτως,
1568 3709 1738 3779 φησί·

187 3801 204 3835 ι
229 3787 390 3856 Λόγον
441 3791 551 3860 γὰρ
599 3794 876 3869 ¹συντελῶν
933 3796 1028 3848 καὶ
1085 3797 1413 3867 συντέμνων.
1465 3817 1486 3848 ι
1527 3797 1740 3851 Ἐκεῖνα

184 3875 266 3944 μὲν
292 3879 412 3952 γάρ,
448 3883 745 3952 μετέπιπτε
777 3886 870 3940 καὶ
905 3889 1249 3957 μετετίθετο,
1288 3889 1381 3942 ἐπὶ
1411 3891 1470 3943 τὸ
1496 3895 1740 3959 κρεῖττον
1771 3937 1780 3948 .

184 3967 380 4024 πάντων
425 3974 754 4044 ὀφειλόντων
792 3979 1370 4052 μεταρρυθμίζεσθαι·
1417 3981 1512 4036 νῦν
1551 3984 1608 4037 δὲ
1641 3985 1740 4038 οὐκ

185 4057 272 4113 ἔτι.
303 4061 420 4117 Ὅτι
463 4067 862 4142 τετελειωμένη
913 4071 1061 4126 ἐστὶν
1105 4073 1138 4144 ὴ
1177 4073 1272 4126 νῦν
1304 4074 1494 4144 κλῆσις
1549 4077 1644 4130 καὶ
1706 4079 1738 4147 ἦ

189 4157 506 4226 πνευματικὴ
548 4159 862 4227 νομοθεσία,
895 4163 988 4216 καὶ
1023 4164 1056 4236 ἠ
1093 4163 1412 4234 ὑπόσχεσις.
1449 4167 1548 4219 Διὰ
1583 4163 1741 4220 τοῦτο

191 4241 277 4308 μὲν
309 4246 548 4318 ἐμνήσθη
583 4249 702 4316 τοῦ,
733 4269 750 4302 ι
777 4252 947 4322 Λόγον
973 4255 1082 4325 γὰρ
1119 4255 1404 4326 συντελῶν.
1433 4275 1452 4307 ι
1477 4257 1739 4328 Δεύτερον

186 4331 253 4396 δὲ,
281 4335 458 4412 tamen
506 4337 682 4405 εἶπεν,
719 4359 738 4393 ι
763 4344 888 4400 Ἐὰν
930 4339 962 4419 ᾗ
998 4347 1026 4398 ὁ
1056 4347 1290 4417 ἀριθμὸς
1322 4347 1430 4401 τῶν
1471 4349 1602 4403 υίῶν
1633 4351 1737 4402 Ἰσ-

188 4423 310 4494 ραὴλ
341 4426 415 4489 ὡς
448 4431 480 4500 ή
510 4431 694 4501 ἄμμος
723 4434 820 4504 τῆς
851 4435 1148 4507 θαλάσσης,
1184 4455 1202 4490 ι
1235 4437 1330 4491 καὶ
1369 4438 1516 4510 ἑξῆς,
1543 4439 1629 4493 ἴνα
1663 4443 1738 4511 μὴ

189 4511 418 4582 εἴπωσιν,
439 4523 519 4574 δτι
540 4523 805 4588 Πολλάκις
843 4527 1184 4596 ἐπαγγελιῶν
1226 4529 1438 4584 πολλῶν
1471 4533 1738 4586 ἀκοῦσαν·
1765 4529 1772 4532 '

1844 3335 2138 3390 admodum
2189 3343 2244 3388 et
2281 3332 2674 3390 Convenienter
2712 3345 2939 3406 propter
2988 3339 3188 3396 multas
3217 3354 3414 3396 causas
3481 3387 3488 3392 .

1846 3427 1952 3482 hoc
1975 3425 2244 3497 adjunxit.
2280 3427 2528 3481 Primum
2561 3422 2767 3484 ctenim
2799 3429 2930 3498 quia
2970 3429 3188 3488 dixerat
3214 3418 3270 3483 τι
3303 3433 3411 3488 Vo-

1843 3519 1982 3576 cabo
2056 3520 2322 3589 populum
2400 3519 2495 3590 qui
2560 3535 2717 3575 meus
2771 3537 2879 3576 non
2940 3531 3078 3584 erat.
3146 3525 3412 3596 populum

1843 3626 2026 3664 meum
2060 3611 2106 3642 ⁸³
2141 3629 2184 3673 ι,
2215 3618 2356 3685 etc.;
2409 3623 2477 3663 ne
2511 3610 2638 3680 quis
2667 3609 2848 3666 dicat:
2881 3611 2949 3667 Et
2984 3613 3116 3683 quid
3160 3615 3266 3670 hoc
3299 3633 3414 3670 ma-

1842 3718 2008 3773 gnum
2039 3701 2161 3756 est?
2204 3699 2678 3768 Quemadmodum
2711 3701 2858 3757 enim
2897 3703 3152 3759 nonnulli
3194 3706 3290 3776 qui
3316 3723 3414 3777 po-

1843 3795 2006 3865 pulus
2055 3801 2214 3848 erant
2262 3792 2392 3846 facti
2417 3799 2547 3846 sunt
2578 3809 2690 3846 non
2736 3795 3000 3864 populus,
3041 3795 3115 3850 ita
3148 3797 3314 3852 etiam
3365 3799 3412 3853 si

1843 3885 2066 3956 quidam
2097 3887 2190 3954 qui
2227 3884 2463 3954 populus
2484 3899 2596 3937 non
2625 3893 2785 3938 erant
2818 3885 2948 3940 ﬁant
2979 3888 3238 3957 populus,
3271 3890 3411 3944 nihil

1843 3985 1993 4032 vetat
2025 3976 2158 4045 quin
2193 3974 2252 4028 bi
2296 3990 2516 4028 rursum
2564 3973 2684 4028 ﬁeri
2746 3976 2961 4044 possint
3009 3993 3120 4032 non
3152 3980 3412 4049 populus.

1842 4067 1963 4120 Non
2010 4067 2105 4128 ita,
2133 4065 2313 4134 inquit
2347 4083 2360 4118 :
2401 4083 2419 4116 ι
2457 4065 2780 4120 Sermonem
2827 4067 2976 4122 enim
3023 4084 3412 4129 consummans

1841 4165 1900 4212 et
1926 4156 2274 4224 abbreyians.
2307 4175 2324 4206 ι
2353 4153 2634 4224 Siquidem
2661 4156 2750 4210 illa
2783 4157 3128 4215 transierunt
3155 4169 3210 4216 et
3231 4170 3410 4219 trans-

1843 4250 2020 4320 posita
2055 4258 2204 4312 sunt,
2235 4263 2358 4302 cum
2397 4262 2588 4301 omnes
2621 4246 2888 4302 deberent
2915 4249 2983 4302 ad
3011 4251 3065 4304 id
3097 4254 3245 4321 quod
3291 4270 3408 4308 me-

1842 4341 1950 4396 lius
1994 4351 2114 4396 erat
2155 4323 2442 4410 ad-aptari;
2500 4355 2647 4393 nunc
2699 4355 2829 4395 vero
2879 4356 2991 4396 non
3031 4327 3266 4414 amplius
3308 4345 3414 4402 hoc

1843 4433 2113 4503 contingit
2139 4450 2153 4486 :
2181 4433 2312 4502 quia
2335 4432 2445 4502 jam
2480 4442 2858 4488 consummata
2895 4443 2982 4489 est
3010 4437 3247 4503 vocatio,
3295 4437 3412 4506 spi-

1843 4525 2166 4594 ritualisque
2228 4521 2497 4594 legislatio
2539 4539 2603 4577 ac
2637 4525 2952 4594 promissio.
3017 4511 3250 4598 Propter
3310 4528 3416 4584 hoc

188 4612 285 4664 τες,
316 4601 471 4673 ἦοὺδ⁹
505 4608 644 4673 ὅλως
667 4594 1007 4686 ὲτύχομεν,ἢ
1036 4617 1172 4686 μετὰ
1201 4619 1415 4690 μακρὸν
1444 4623 1537 4674 καὶ
1573 4623 1737 4677 πολὺν

1845 4632 1976 4688 ergo
2025 4617 2156 4671 fecit
2210 4615 2371 4688 hujus
2419 4616 2796 4670 mentionem:
2838 4635 2856 4667 ι
2889 4616 3210 4672 Sermonem
3262 4619 3412 4672 enim

188 4692 381 4788 χρόνον.
415 4698 522 4753 Καὶ
548 4702 657 4772 γάρ
687 4706 779 4758 καὶ
809 4706 1019 4760 πολλῶν
1043 4711 1356 4776 ἐξέπιπτον,
1381 4711 1469 4766 διὰ
1489 4715 1589 4787 τὴν
1611 4717 1741 4788 ἁχαο

190 4783 382 4875 ριετῑαν
414 4791 506 4844 καὶ
545 4793 939 4869 ἀγνωμοσύνην
968 4801 1168 4856 αὐτῶν.
1198 4804 1316 4856 Ἵνα
1347 4805 1422 4875 μὴ
1447 4783 1737 4872 οὖνοῦτως

189 4871 398 4969 λέγωσιν
422 4885 468 4936 οἱ
504 4885 777 4941 Ἰουδαῖον
821 4893 932 4962 Οὐχ
953 4892 1126 4958 οὕτως
1167 4897 1222 4950 δὲ
1259 4871 1360 4950 καὶ*
1387 4871 1502 4964 νῦν,
1541 4903 1728 4969 φησὶν»

191 4966 294 5019 ἀλλ’
340 4973 430 5028 ἐὰν
470 4979 630 5048 μόνον
667 4980 953 5054 βούλησθε,
987 4989 1380 5058 τετελειωμένη
1422 4991 1516 5046 καὶ
1555 4966 1738 5045 σόντο-

298 5063 388 5116 ἐπὶ
415 5071 597 5138 χεῖρας
625 5074 780 5142 ἡμῶν
819 5076 852 5145 ἡ
878 5077 1143 5149 σωτηρία.
1175 5081 1286 5134 Kal
1311 5081 1483 5134 ταῦτα
1513 5083 1633 5153 μὲν,
1656 5085 1736 5138 ὅτι

191 5145 297 5240 λίαν
349 5158 700 5232 ἡρμοσμένως
755 5167 1112 5238 ὲπισυνῆψεν.
1150 5169 1307 5240 Ἔχει
1359 5173 1418 5226 δὲ
1465 5175 1558 5228 καὶ
1603 5175 1738 5228 ἰδίαν

193 5238 512 5338 διδασκαλίαν
541 5254 805 5326 (τοιοῦτον
829 5259 938 5329 γὰρ
966 5259 1025 5312 τδ
1068 5238 1265 5331 ἰδίωμα
1285 5263 1377 5316 τοῦ
1404 5263 1738 5338 θεσπεσίου),
1777 5261 1784 5268 ’

193 5334 277 5386 καὶ
327 5344 576 5398 συνάπτει
611 5349 705 5401 καὶ
741 5349 1064 5422 άλληλουχεῖ
1111 5354 1179 5407 τὰ
1231 5356 1430 5425 ἐφεξῆς
1474 5334 1742 5425 λεγόμεναι

195 5428 293 5487 τοῖς
340 5440 768 5506 προειρημένοις,
811 5443 906 5497 καὶ
963 5443 1100 5498 ἰδίαν
1169 5448 1333 5501 πάλιν
1382 5449 1590 5502 ἔννοιαν
1648 5453 1743 5504 καὶ

196 5512 512 5579 διδασκαλίαν
540 5531 607 5582 δι’
639 5533 817 5586 αὐτῶν
848 5537 1102 5607 πηγάζει.
1133 5539 1507 5608 Γονιμώτατος
1525 5543 1634 5611 γὰρ
1665 5541 1740 5594 ὣν

197 5605 295 5667 τοῖς
323 5613 561 5684 νοήμασι,
591 5605 950 5692 βραχυτάτοις
1007 5605 1214 5698 ῥήμασι
1263 5605 1465 5694 πολλᾶς
1496 5605 1590 5684 καὶ
1619 5648 1740 5684 ποι-

302 5788 344 5822 ⁶³
371 5791 498 5852 Osee
521 5817 577 5862 ιι,
604 5801 695 5853 ‘25.

491 5895 760 5952 PATROL.
801 5892 916 5954 Gn.
965 5892 1250 5955 CXVI“.

1847 4704 2258 4766 consummans.
2301 4728 2319 4760 ι
2360 4707 2616 4763 Secundo
2647 4723 2800 4772 vero,
2843 4708 2970 4777 quia
3001 4708 3252 4762 dixerat:
3305 4727 3322 4760 ι
3357 4709 3414 4764 Si

1842 4803 2011 4858 fuerit
2038 4817 2302 4856 numerus
2323 4799 2743 4856 ﬁliorumlsrael
2777 4810 2836 4854 ut
2859 4816 3028 4856 arena
3063 4801 3254 4864 maris.
3276 4809 3411 4865 τις..
3499 4846 3514 4869 ,

1841 4881 1912 4952 ne
1948 4895 2204 4950 dicerent
2233 4911 2244 4947 :
2277 4892 2413 4948 Cum
2450 4891 2649 4960 saepius
2685 4891 2889 4945 multas
2918 4891 3260 4950 audierimus
3284 4908 3413 4969 pro-

1843 4987 2154 5050 missioncs,
2188 4996 2283 5040 aut
2332 4984 2468 5060 nihil
2514 4984 2738 5038 omnino
2779 4987 3012 5048 assecuti
3060 5001 3273 5051 sumus,
3319 4997 3414 5040 aut

1842 5087 1967 5148 post
1995 5079 2215 5148 longum
2260 5092 2325 5130 ac
2356 5077 2589 5129 multum
2636 5087 2849 5145 tempus
2884 5093 2898 5130 :
2941 5077 3211 5146 siquidem
3243 5078 3411 5132 etiam

1847 5184 1876 5221 a
1919 5169 2108 5222 multis
2145 5167 2464 5222 exciderant
2501 5177 2728 5238 propter
2758 5184 2910 5222 suam
2959 5169 3409 5239 ingratitudinem

1849 5275 1912 5315 ac
1935 5259 2258 5329 perﬁdiam;
2288 5276 2356 5313 ne
2388 5277 2516 5330 ergo
2549 5261 2620 5314 ita
2671 5261 2916 5316 dicerent
2946 5261 3118 5317 Judaei
3148 5282 3160 5316 :
3208 5262 3410 5316 Verum

1840 5369 1950 5406 non
1977 5369 2124 5408 nunc
2149 5368 2368 5422 quoque
2397 5361 2482 5407 est
2515 5353 2610 5415 ita,
2655 5354 2857 5422 inquit,
2895 5355 2990 5407 sed
3035 5354 3080 5407 si
3121 5353 3284 5406 modo
3311 5368 3408 5404 vo-

1840 5444 2080 5509 lueritis,
2135 5454 2517 5499 consummata
2576 5455 2660 5498 est
2722 5462 2786 5498 ac
2843 5455 3122 5500 contracta
3165 5446 3312 5498 salus
3351 5443 3407 5496 in

1839 5553 2002 5590 manu
2035 5546 2245 5590 nostra.
2290 5537 2358 5589 Et
2401 5537 2515 5590 lnec
2545 5538 2766 5606 quidem
2803 5538 2947 5590 diem
2975 5538 3084 5589 sint
3111 5536 3174 5587 ad
3219 5545 3406 5586 osten-

1838 5625 2079 5685 dendum
2113 5629 2259 5699 quod
2287 5629 2390 5682 hoc
2417 5629 2711 5684 admodum
2741 5639 2865 5699 apte
2889 5627 3257 5698 conjunxerit.
3297 5625 3405 5677 lia-

2999 5897 3066 5959 Π
