3880 6578
400 414 501 476 εει
1445 414 1844 475 (ECUMENII
1875 415 2168 476 Tmen-1:
2203 416 2544 479 muscum
3502 425 3582 485 ιιι
3649 377 3660 386 ’

400 529 494 583 bet
531 535 715 581 autem
752 533 806 581 et
839 525 1116 596 propriam
1159 524 1492 581 doctrinam.
1553 525 1702 582 Talis
1734 544 1971 598 namque

2081 529 2234 592 κίλας
2256 528 2493 592 διανοίας
2521 527 2938 600 περιλαμϐάνει.
2970 528 3078 582 Καὶ
3107 526 3200 580 νύν
3231 525 3321 582 οὖν
3349 546 3493 601 φησισ
3516 537 3588 608 Μὴ

400 620 710 692 proprietas
759 629 842 674 est
877 619 1050 673 divini
1079 618 1315 688 eloquii,
1365 629 1422 674 et
1448 619 1674 690 adaptat
1707 631 1765 676 et
1792 622 1975 676 eobze-

401 727 523 766 rere
553 709 684 764 facit
709 710 994 778 sequentia
1031 710 1344 779 pra-teritis,
1390 725 1720 781 rursumque
1748 727 1848 782 per
1875 728 1969 766 ea-

399 805 524 857 dem
559 801 838 872 propriam
865 801 1074 855 stabilit
1103 801 1520 871 intelligentiam
1547 817 1611 858 ac
1635 803 1971 858 doctrinam.

399 895 535 950 Nam
586 909 710 950 cum
758 894 829 948 sit
869 893 1126 949 sensibus
1159 893 1583 959 fertilissimum,
1629 895 1976 951 brevissimis

397 986 583 1041 verbis
615 986 815 1040 multas
845 1000 910 1040 ae
937 967 1118 1039 varias
1134 985 1522 1052 complectitur
1552 985 1972 1058 intelligentias.

395 1073 465 1129 Et
497 1090 642 1129 nunc
692 1090 824 1147 ergo
883 1075 1052 1130 dicit:
1103 1075 1181 1130 Nc
1230 1076 1456 1146 putetis,
1503 1092 1536 1132 ο
1569 1077 1773 1144 Judaei,
1826 1080 1976 1149 quod

394 1166 709 1236 evangelica
741 1166 1013 1238 legislatio
1039 1171 1180 1222 sicut
1221 1176 1276 1221 ct
1297 1167 1531 1224 Mosaica
1564 1179 1844 1225 cessatura
1871 1171 1965 1236 sit,

394 1255 553 1325 337
583 1255 660 1309 illi
691 1266 811 1311 erat
846 1256 1018 1327 ﬁgura
1052 1265 1108 1311 et
1141 1256 1206 1312 ad
1234 1257 1398 1312 aliam
1441 1259 1777 1328 respiciebat
1835 1275 1965 1330 per-

394 1346 718 1401 fectionem.
745 1348 914 1404 Recte
949 1363 1080 1419 ergo
1114 1349 1370 1404 cessavit.
1417 1350 1702 1406 Dominica
1723 1367 1858 1407 vero
1882 1352 1966 1406 le-

2085 620 2360 690 νομίζετε,
2427 615 2471 674 ὦ
2493 619 2765 684 Ἰουδαῖοι,
2789 621 2873 674 ὅτι
2913 623 2946 690 ἡ
2969 619 3293 692 εύαγγελικὴ
3325 624 3589 691 νομοθεσία,

2070 716 2259 788 ὥσπερ
2309 718 2342 788 ἡ
2398 716 2691 788 Μωσαῖκὴ,
2730 713 3310 786 παυθήσεται.Ἐκείνη
3348 717 3494 782 τύπος
3522 715 3594 790 ἦν,

2071 809 2210 880 πρὸς
2233 808 2402 878 ἀλλην
2451 808 2646 862 ἐσλεπε
2676 807 3007 880 τελειότητα.
3049 805 3242 870 Καλῶς
3275 805 3362 861 οὖν
3401 809 3595 882 ἐπαύθη.

2082 899 2149 954 Ἥ
2200 900 2259 954 δέ
2317 899 2625 954 Δεσποτικὶι
2675 899 3002 970 νομοθεσία,
3049 897 3424 970 τετελειωμένη
3469 900 3590 955 ἐστί·

2073 989 2214 1060 πρὸς
2266 989 2474 1060 ταύτην
2523 987 2758 1041 ἔϐλεπεν
2801 989 2836 1058 ἡ
2864 987 3168 1054 Μωσαῖκὴ,
3201 988 3292 1039 καὶ
3331 987 3511 1058 ταύτης
3547 984 3601 1060 ἦν

2079 1081 2392 1145 τύπος.Ἐν
2444 1083 2584 1153 αὐτῇ
2639 1080 2746 1152 γάρ
2803 1081 2952 1134 ἐστιν
2997 1081 3032 1150 ἡ
3085 1078 3307 1149 ἀληθινὴ
3328 1080 3417 1131 καὶ
3452 1081 3603 1134 τελεία

2074 1174 2356 1237 δικαίωσις
2407 1174 2563 1244 ἡμῶν
2612 1175 2708 1227 καὶ
2749 1170 3023 1242 σωτηρία,
3051 1173 3146 1224 καὶ
3199 1172 3311 1241 μετ’
3348 1171 3500 1242 αὐτὴν
3524 1174 3605 1226 οὐκ

2074 1265 2222 1320 ἐστιν
2259 1266 2440 1338 ἑτέρα.
2473 1267 2565 1319 Διὸ
2588 1265 2812 1329 εἰκότως
2838 1264 3020 1335 ἐκείνη
3076 1263 3175 1334 μὲν
3219 1263 3502 1329 πέπαυται,
3525 1265 3603 1318 καὶ

2064 1355 2145 1409 ῐτι
2173 1355 2395 1420 τελείως
2427 1355 2769 1425 παυθὴσεται
2794 1372 2808 1385 ·
2861 1353 2999 1426 αὕτη
3027 1355 3104 1420 δέ,
3138 1353 3420 1417 διαπαντὸς
3459 1355 3606 1410 ἐσται.

394 1439 610 1508 gislatio
637 1438 878 1510 perfecta
911 1450 1030 1495 est:
1064 1441 1130 1495 ad
1156 1441 1296 1496 hanc
1354 1442 1594 1512 respexit
1625 1443 1879 1507 Mosaica,
1913 1451 1971 1499 et

2081 1446 2256 1501 Ταῦτα
2303 1447 2358 1501 δέ
2405 1447 2651 1517 δηλονότι
2709 1445 2874 1516 φησι,
2944 1444 3264 1516 προτρέπων
3311 1445 3388 1506 είς
3423 1446 3512 1511 τὴν
3545 1449 3609 1510 εις

394 1529 560 1599 hujus
591 1539 750 1602 typus
773 1540 912 1586 erat.
938 1529 1001 1585 in
1025 1532 1143 1602 ipsa
1163 1533 1309 1588 enim
1337 1542 1423 1589 est
1452 1549 1584 1590 vere
1613 1534 1969 1605 perfectaque

393 1622 719 1692 jnstiﬁcatio
754 1632 944 1678 nostra
960 1639 1030 1679 ac
1065 1625 1239 1690 salus,
1278 1633 1335 1681 et
1367 1633 1493 1696 post
1514 1626 1686 1697 ipsam
1714 1643 1826 1682 non
1879 1637 1967 1684 est

2074 1536 2314 1606 Χριστὸν
2349 1537 2552 1602 πίστιν,
2589 1537 2685 1590 καὶ
2719 1537 2820 1607 τὴν
2851 1535 3131 1588 πολιτείαν
3157 1535 3255 1606 τὴν
3289 1535 3424 1588 κατά
3453 1537 3507 1588 τὸ
3529 1535 3610 1588 E6-

2077 1629 2384 1698 αγγέλλιον.

395 1715 525 1770 alia.
562 1714 693 1770 Ideo
743 1715 943 1776 πηοτῢο
989 1717 1080 1772 illa
1130 1717 1352 1787 quidem
1396 1719 1654 1785 cessavit,
1709 1727 1767 1774 ct
1829 1719 2012 1777 adhuc
2050 1720 2296 1792 perfecte
2359 1717 2638 1774 cessabit:
2675 1718 2792 1774 lucc
2815 1729 2997 1776 autem
3047 1735 3266 1790 semper
3307 1718 3428 1774 erit.
3474 1720 3619 1775 Porro

395 1806 509 1861 Ι)ωο
539 1805 673 1861 dicit
696 1807 999 1864 adhortans
1027 1809 1093 1863 ad
1119 1809 1279 1863 ﬁdem
1304 1808 1360 1863 in
1381 1807 1684 1877 Christum,
1715 1810 2046 1884 dignamque
2075 1810 2373 1880 Evangelia
2391 1808 2890 1864 conversationem.

465 1918 490 1952 ι
516 1900 654 1968 Quia
683 1914 990 1955 sermonem
1005 1899 1411 1956 abbreviatum.
1444 1919 1462 1953 ι
1495 1900 1820 1958 Sermonem
1841 1919 1970 1958 con-

2149 1918 2167 1952 l
2207 1900 2331 1953 Ὀτι
2360 1899 2516 1968 λόγον
2560 1899 3017 1969 συντετμημένον.
3064 1918 3082 1952 ι
3133 1898 3307 1966 Λόγον
3348 1897 3618 1950 συντετελε-

397 2000 730 2046 summatum
761 1998 816 2046 et
867 1991 1248 2046 abbreviatum
1285 1991 1460 2055 dedit,
1508 1993 1708 2063 inquit,
1749 2004 1966 2050 contra-

2083 1997 2282 2062 σμένον
2301 1992 2395 2045 καὶ
2429 2008 2698 2062 συντετμη
2709 1991 2870 2060 μένον
2888 1991 3078 2055 ἔδωκε,
3115 1991 3270 2061 φησί,
3298 1990 3558 2058 σύντομον.
3572 1990 3618 2040 ὐ

399 2093 570 2138 ctum.
609 2082 982 2138 Abbreviatus
1022 2092 1204 2138 autem
1237 2093 1291 2139 et
1326 2095 1740 2141 consummatus
1788 2102 1970 2142 sermo

2081 2085 2130 2139 δὲ
2161 2084 2600 2156 συντετμημένος
2639 2087 2729 2138 καὶ
2763 2083 3250 2153 συντετελεσμένος
3285 2083 3469 2152 λόγος,
3493 2085 3518 2136 6
3540 2083 3618 2151 τῆς

402 2176 526 2230 fidei
556 2184 636 2231 est
660 2176 753 2246 qui
771 2174 1436 2246 justi'ﬁcabitcredentes.
1466 2177 1656 2232 -A!io
1682 2179 1858 2233 modo.
1879 2179 1970 2234 Fi-

399 2267 523 2322 dem
569 2267 722 2322 dicit.
779 2286 799 2318 σ
833 2267 967 2322 Nam
1002 2268 1050 2322 si
1080 2267 1366 2324 confessus
1413 2270 1605 2335 fueris,
1643 2271 1843 2341 inquit,
1875 2288 1972 2326 ore

404 2368 499 2414 tuo
529 2361 824 2415 Dominum
874 2359 1085 2425 Iesum,
1128 2371 1184 2416 et
1238 2363 1545 2418 credideris
1587 2364 1640 2417 in
1673 2363 1838 2420 corde
1873 2375 1972 2419 tuo

399 2452 544 2522 quod
610 2452 758 2507 Deus
811 2451 964 2506 illum
1012 2453 1275 2508 excitavit
1338 2469 1404 2508 ex
1469 2455 1720 2521 mortuis,
1789 2457 1974 2512 salvus

398 2544 515 2599 eris
537 2542 602 2575 “'
642 2563 660 2594 ι
694 2543 880 2598 Faciet
911 2551 1122 2607 autem,
1160 2542 1212 2598 id
1258 2552 1364 2608 est,
1393 2543 1567 2599 dabit.
1597 2545 1762 2600 Vides
1789 2545 1973 2602 brevi-

400 2642 568 2688 tatem
599 2648 662 2688 ac
693 2631 1228 2687 consummationem
1261 2648 1358 2688 seu
1399 2633 1834 2704 perfectionem?
1857 2636 1972 2693 Nisi

400 2724 668 2780 Dominus
703 2722 964 2785 Sabaoth,
997 2741 1016 2775 ο
1043 2723 1096 2777 id
1133 2733 1235 2789 cst,
1260 2725 1630 2790 exercituum,
1666 2727 1974 2796 copiarum.

408 2838 427 2870 ε
466 2817 776 2888 reliquisset
830 2816 1012 2872 nobis.
1050 2837 1067 2869 ι
1119 2817 1221 2872 Per
1253 2817 1370 2872 bzec
1405 2819 1624 2873 territat
1645 2817 1770 2872 illos
1809 2827 1864 2873 et
1892 2820 1975 2873 in-

401 2918 609 2980 crepat,
648 2923 711 2964 ac
751 2908 797 2965 si
845 2909 1092 2963 diceret:
1126 2909 1239 2963 Nisi
1275 2907 1497 2978 quidam
1530 2919 1773 2964 vestrum
1825 2918 1974 2965 certe

401 3000 668 3055 credituri
702 3009 889 3055 essent
913 3001 967 3054 in
991 2999 1342 3064 Christum,a
1365 2998 1621 3054 Sodomis
1653 3009 1708 3055 et
1743 2999 1972 3056 Gomor-

404 3095 502 3148 rba
545 3094 601 3149 in
636 3092 790 3148 nullo
827 3091 1146 3156 diﬁ‘errctis,
1186 3107 1499 3162 quanquam
1532 3091 1599 3146 de
1642 3093 1968 3163 cognatione

403 3185 576 3241 Adam
616 3185 954 3258 gloriamini.
977 3183 1073 3241 Vel
1111 3184 1316 3255 potius,
1345 3185 1553 3240 dictum
1588 3185 1973 3255 propheticum

2085 2177 2326 2240 πίστεώς
2375 2179 2492 2231 ἐστι
2543 2179 2689 2241 ὅστις
2718 2178 2997 2230 δικαιώσει
3025 2177 3151 2241 τοὺς
3193 2175 3620 2238 πιστεύοντας.-

2076 2271 2334 2336 Ἀλλως.
2366 2269 2476 2340 Τὴν
2503 2270 2686 2322 πίστιν
2707 2269 2878 2336 λέγει.
2907 2287 2926 2321 t
2949 2268 3075 2321 Ἐὰν
3109 2267 3238 2338 γὰρ.
3277 2267 3458 2337 φησὶν,
3489 2268 3620 2336 είπῃς

2078 2364 2136 2414 ἐν
2158 2360 2236 2432 τῷ
2255 2362 2483 2432 στόματί
2517 2377 2610 2414 σου
2638 2361 2842 2432 Κύριον
2889 2359 3118 2430 Ἰησοῦν,
3156 2359 3255 2412 καὶ
3279 2361 3555 2428 πιστεύσῃς
3576 2358 3622 2408 ἐν

2074 2455 2141 2522 τῇ
2179 2453 2380 2525 καρδίᾳ
2415 2469 2508 2506 σου
2539 2453 2623 2506 ὅτι
2654 2453 2845 2516 δΘεὶς
2889 2452 3051 2506 αὐτὸν
3079 2452 3326 2522 ἡγειρεν,
3355 2448 3572 2520 σωθησῃ.
3605 2467 3620 2498 ι

2075 2544 2150 2597 Τὸ
2173 2543 2254 2609 δὲ,
2287 2543 2529 2614 Ποιήσει,
2562 2544 2684 2598 ἀντὶ
2729 2544 2851 2607 τοῦ,
2885 2544 3078 2597 Δώσει.
3132 2542 3298 2614 Ὁρᾷς
3340 2544 3435 2609 τῆν
3473 2555 3629 2593 συντο-

2079 2639 2208 2709 μίαν
2239 2639 2333 2692 καὶ
2358 2640 2458 2710 τὴν
2483 2638 2794 2703 τελείωσιν;
2833 2657 2851 2688 ι
2889 2637 2952 2688 Et
2985 2637 3062 2707 μὴ
3093 2635 3299 2704 Κύριος
3336 2631 3565 2696 Σαϐαὼθ,
3606 2650 3621 2682 ι

2075 2731 2394 2802 δυνάμεων,
2461 2729 2769 2801 στρατιῶν,
2828 2749 2845 2780 ι
2883 2728 3244 2798 ἐγκατέλιπεν
3314 2728 3460 2796 ἡμῖν.
3513 2744 3528 2774 ι
3572 2747 3628 2762 --

2081 2821 2280 2895 [ΦΩΤ.]
2307 2822 2406 2875 Διά
2451 2821 2657 2876 τούτων
2697 2820 2997 2874 δεδίττεται
3035 2819 3127 2872 καὶ
3163 2819 3398 2888 ἐπιτιμᾷ
3448 2815 3627 2879 αὐτοῖς,

2079 2914 2154 2977 ὡς
2174 2915 2234 2966 Et
2260 2913 2336 2986 μὴ
2365 2913 2579 2977 πάντως
2603 2911 2748 2976 τινὲς
2775 2912 2928 2983 ὑμῶν
2952 2910 3305 2966 πιστεύσουσι
3323 2909 3397 2979 τῷ
3417 2903 3626 2978 Χριστῷ,

2076 3005 2325 3075 Σοδόμων
2362 3005 2453 3058 καὶ
2502 3004 2786 3075 Γομόρρας
2814 3003 2966 3056 οὐδὲν
2994 3003 3060 3057 ἀν
3093 3001 3458 3074 διενηνοχότες
3485 2997 3629 3066 είητε,

2078 3096 2128 3146 εί
2156 3095 2250 3146 καὶ
2283 3092 2380 3145 ἐπὶ
2427 3096 2492 3165 τῇ
2533 3092 2826 3164 συγγενείᾳ
2855 3090 2950 3144 τοῦ
2995 3089 3252 3163 Ἀϐρααμ
3277 3086 3628 3158 ἐναϐρύνεσθε.

2083 3185 2155 3238 Ἢ
2191 3185 2392 3256 μᾶλλον
2440 3187 2578 3255 πρὸς
2617 3184 2700 3251 τὸ,
2746 3201 2765 3236 t
2800 3185 3023 3254 Ποιήσει
3069 3184 3161 3235 τὸν
3225 3177 3630 3250 συντετμημένον

402 3277 471 3332 ad
499 3277 553 3333 id
579 3277 1000 3350 intelligendum
1022 3284 1108 3332 est
1147 3276 1294 3346 quod
1326 3275 1569 3331 dicitur:
1617 3296 1635 3328 ι
1673 3277 1859 3333 Faciet
1883 3277 1976 3331 ab-

2081 3277 2268 3346 λόγον,
2312 3295 2330 3328 ι
2374 3275 2674 3345 ἐκληπτέον
2706 3279 2804 3346 τὴν
2831 3273 3174 3346 προφητικὴν
3208 3276 3391 3343 ρῆσινο
3421 3265 3552 3333 οἷον,
3581 3267 3630 3320 Ei

404 3368 716 3425 breviatum
761 3382 1072 3424 sermonem
1108 3383 1172 3434 »ς
1235 3377 1494 3438 tanquam
1543 3368 1805 3424 dixisset:
1857 3369 1972 3424 Nisi

2082 3370 2160 3441 μὴ
2204 3369 2430 3440 ἐποίησε
2483 3368 2643 3421 τοῦτο
2685 3369 2712 3420 6
2769 3366 2993 3437 Κύριος,
3026 3366 3120 3418 καὶ
3165 3366 3370 3418 ἔδωκεν
3415 3365 3535 3434 ἡμῖν
3558 3361 3631 3413 τὸν

404 3458 628 3514 fecisset
661 3457 929 3514 Dominus
967 3467 1023 3514 et
1056 3457 1304 3514 dedisset
1349 3458 1650 3528 perfectam
1686 3459 1974 3530 Evangelii

2081 3461 2284 3515 τέλειον
2312 3460 2404 3513 τοῦ
2436 3457 2778 3528 Εύαγγελίου
2807 3459 2974 3528 νόμον
3001 3457 3089 3510 διὰ
3119 3456 3214 3508 τοῦ
3249 3455 3382 3508 Υίοῦ
3399 3452 3548 3506 αὑτοῦ
3567 3452 3634 3512 εἰς

403 3550 580 3620 legem
604 3565 704 3620 per
730 3550 926 3604 Filium
947 3566 1105 3606 suum
1138 3550 1204 3605 ad
1234 3549 1505 3622 justitiam
1536 3559 1592 3605 et
1615 3552 1846 3606 salutem
1880 3568 1979 3608 no-

403 3651 597 3708 stram,
621 3656 814 3696 omnes
839 3653 898 3695 ut
920 3641 1156 3696 Sodoma
1187 3641 1315 3696 facti
1343 3641 1665 3709 fuissemus,
1699 3651 1805 3698 etc.
1836 3644 1971 3698 Nam

403 3749 592 3789 semen
640 3734 1010 3804 evangelicam
1053 3733 1228 3805 legem
1279 3731 1573 3805 signiﬁcat,
1625 3735 1769 3790 sicut
1810 3737 1976 3791 ctiam

404 3825 539 3879 dicit
564 3824 834 3879 Dominus
863 3841 876 3878 :
909 3843 926 3876 ι
963 3824 1112 3880 Exiit
1141 3824 1235 3896 qui
1269 3825 1577 3881 seminabat
1603 3826 1670 3881 ad
1699 3829 1979 3883 seminan-

405 3919 536 3973 dum
553 3918 618 3950 ⁸³·
648 3937 746 3970 »α-
767 3935 785 3968 ι
803 3917 1166 3987 Reliquisset.
1197 3937 1215 3969 ι
1237 3917 1354 3973 Non
1388 3927 1598 3974 tantum
1625 3921 1976 3987 seminasset,

407 4009 607 4079 inquit,
635 4024 826 4064 verum
867 4009 1035 4064 etiam
1058 4019 1468 4079 praeservasset,
1500 4027 1570 4066 ne
1596 4028 1626 4067 a
1660 4013 1981 4068 volucribus

406 4105 711 4166 raperetur,
737 4104 832 4151 aut
869 4097 938 4153 a‘b
977 4097 1102 4152 aliis
1131 4083 1422 4168 quibusvis
1468 4098 1752 4156 ferocibus
1779 4111 1836 4156 et
1878 4102 1952 4156 im

405 4188 630 4244 mundis
653 4187 943 4258 spiritibus
989 4189 1078 4243 vel
1116 4188 1550 4260 cogitationibus
1595 4207 1982 4264 corrumpere-

407 4287 531 4343 tur;
561 4275 657 4331 sed
691 4286 748 4331 ct
783 4277 1113 4332 seminasset
1160 4289 1218 4332 et
1249 4290 1664 4348 praeservasset,
1697 4292 1756 4336 ut
1783 4294 1840 4339 et
1895 4301 1983 4341 re-

403 4371 598 4425 lictum
641 4379 786 4424 esset
841 4369 1027 4435 nobis,
1083 4378 1139 4424 et
1191 4371 1260 4425 ad
1313 4373 1588 4427 culturam
1635 4391 1698 4430 ac
1739 4375 1980 4434 fructum

406 4461 771 4530 provenisset.
811 4461 1103 4515 Possemus
1157 4471 1341 4516 autem
1369 4474 1425 4518 et
1453 4465 1678 4521 seminis
1703 4467 1826 4524 loco
1854 4485 1986 4540 apo-

405 4553 576 4607 stolos
605 4551 912 4624 intelligere
937 4568 950 4604 :
975 4551 1070 4622 qui
1093 4567 1160 4606 ex
1182 4553 1440 4608 omnibus
1459 4555 1661 4612 Judazis
1689 4557 1744 4612 in
1775 4574 1983 4615 morem

2080 3553 2369 3608 δικαίωσιν
2400 3552 2494 3604 καὶ
2523 3552 2800 3622 σωτηρίαν
2830 3549 3009 3620 ἡμῶν,
3041 3547 3244 3610 πάντες
3261 3546 3330 3600 ἀν
3351 3547 3425 3609 ὡς
3452 3543 3632 3611 Σόδομα

2082 3644 2442 3717 ἐγενήθημεν,
2466 3634 2560 3696 καὶ
2589 3644 2735 3713 ἑξῆς.
2758 3643 2830 3695 Τὸ
2857 3643 2966 3712 γὰρ
2998 3640 3222 3711 σπέρμα
3250 3641 3345 3692 τὸν
3376 3635 3632 3704 εύαγγελιο

2081 3736 2177 3789 κδν
2206 3735 2368 3805 νόμον
2394 3734 2670 3804 σημαίνει,
2709 3732 2783 3796 ὡς
2817 3732 2914 3784 καὶ
2939 3733 2967 3784 6
2996 3731 3200 3800 Κύριός
3227 3747 3446 3800 φησιν,ι
3478 3724 3637 3794 Ἐξῆλ-

2083 3827 2174 3882 θεν
2197 3829 2225 3880 6
2253 3827 2493 3896 σπείρων
2523 3824 2616 3878 τοῦ
2651 3827 2930 3894 σπεῖραι.»
2960 3825 3032 3876 Τὸ
3061 3824 3140 3888 δὲ,
3174 3842 3191 3874 ι
3219 3820 3632 3897 Ἐγκατέλιπενρ

2085 3921 2210 3974 Ὀτι
2251 3921 2311 3973 ού
2361 3920 2551 3989 μόνον.
2585 3920 2782 3990 φησιν,
2812 3919 3086 3988 ἔσπειρεν,
3136 3917 3254 3970 ἀλλ’
3307 3917 3428 3969 ούδέ
3482 3915 3637 3965 εἴασεν

2083 4015 2222 4068 αύτᾶ
2240 4013 2656 4082 ἀναρπασθῆναι
2681 4011 2784 4063 ύπὺ
2809 4012 2917 4063 τῶν
2941 4011 3230 4076 πετεινῶν,
3249 4009 3284 4080 ἢ
3304 4006 3639 4076 διαφθαρῆναι

2085 4106 2190 4159 ὑπὸ
2214 4106 2414 4176 ἐτέρων
2470 4103 2632 4157 τινῶν
2673 4104 2882 4174 ἀγρίων
2923 4104 3020 4154 καὶ
3057 4101 3391 4171 ἀκαθάρτων
3424 4097 3636 4164 πνευμά-

2085 4215 2193 4251 των
2227 4199 2259 4268 ἢ
2291 4198 2589 4267 λογισμῶν,
2627 4196 2763 4250 ἀλλά
2803 4198 2898 4249 καὶ
2928 4195 3176 4266 ἔσπειρε,
3199 4197 3300 4247 καὶ
3325 4195 3638 4261 διετήρησεν,

2085 4289 2226 4342 ὥστε
2263 4288 2758 4358 ἐγκαταλειφθῆναι
2803 4289 2957 4358 ήμῖν,
2995 4287 3090 4338 καὶ
3128 4288 3209 4348 είς
3266 4284 3529 4354 γεώργιον
3564 4279 3640 4332 καὶ

2088 4379 2298 4449 καρπὸν
2347 4378 2650 4447 προελθεῖν.
2683 4378 2877 4432 Δύναιο
2918 4378 2962 4431 δ’
2992 4380 3055 4430 ἂν
3098 4377 3197 4431 καὶ
3261 4378 3484 4446 σπέρμα
3533 4373 3640 4430 τοὺς

2087 4469 2419 4531 ἀποστόλους
2468 4469 2752 4534 ἐκλαόεϊν,
2779 4469 2828 4521 οἳ
2863 4471 2927 4522 ἐκ
2971 4469 3188 4521 πάντων
3224 4467 3337 4519 τῶν
3397 4463 3640 4516 Ἰουζαίων

2087 4558 2240 4628 δίκην
2270 4561 2582 4630 σπέρματος
2604 4560 3014 4630 ἀφαιρεθέντες,
3033 4564 3099 4631 τῇ
3123 4565 3421 4633 οἰκουμένῃ
3466 4567 3640 4630 ἐγκατο

405 4645 634 4699 seminis
661 4645 845 4711 electi,
877 4643 1001 4698 orbi
1050 4645 1231 4700 relicti
1279 4656 1430 4712 sunt,
1463 4661 1767 4721 omnesque
1795 4661 1976 4722 gente:

2092 4651 2439 4722 ελείφθησαν.
2473 4651 2566 4704 καὶ
2583 4641 2661 4704 ’τὰ
2686 4652 2813 4722 ἔθνη
2833 4655 3010 4706 πάντα
3028 4657 3093 4724 τῇ
3114 4655 3415 4727 Ἐκκλησία
3432 4651 3640 4724 Χριστοῦ

410 4733 701 4788 υιὉιιιίειί
729 4732 985 4788 Ecclesia
1017 4731 1249 4800 ﬁerent,
1290 4734 1608 4792 coluerunt.
1633 4738 1848 4794 Etenim
1869 4741 1982 4796 fer-

409 4824 581 4879 menti
606 4824 868 4894 parabola
896 4840 1020 4895 quae
1067 4834 1152 4880 est
1193 4825 1266 4880 ‘in
1309 4826 1630 4900 Ev‘angelio,
1664 4846 1696 4885 a
1730 4831 1986 4901 pluribus

409 4915 615 4971 nostris
639 4917 894 4986 patribus
913 4917 1062 4972 dicta
1087 4928 1172 4973 est
1196 4918 1530 4989 ipsis-aptari
1560 4921 1626 4975 “.
1647 4922 1814 4994 338
1827 4922 1983 4990 Quod

410 5024 544 5080 ergo
569 5009 884 5078 pertinebat
930 5010 997 5064 ad
1021 5011 1344 5066 ‘Judteorum
1389 5012 1852 5076 incredulitatem,
1897 5017 1984 5073 in-

412 5101 556 5172 quit,
591 5109 653 5155 ut
683 5101 920 5155 Sodoma
949 5113 1006 5156 et
1037 5102 1345 5159 Comorrha
1375 5105 1501 5160 facti
1531 5106 1851 5177 fuissemus,
1885 5110 1984 5166 sed

413 5208 443 5246 a
480 5192 716 5245 Domino
752 5190 992 5246 Sabaoth
1032 5193 1286 5248 relictum
1325 5195 1489 5252 nobis
1537 5213 1748 5264 semen,
1785 5215 1988 5272 nempe

413 5285 676 5354 apostoli,
725 5285 982 5340 adductis
1023 5286 1077 5340 in
1126 5287 1368 5342 fructum
1402 5290 1681 5360 gentibus,
1725 5294 1989 5364 variaque

411 5375 813 5448 agricolatione
840 5386 1085 5442 ostensa,
1111 5379 1507 5447 promissiones
1543 5398 1666 5452 qua:
1703 5386 1771 5439 ad
1810 5388 1985 5442 Abra-

415 5464 544 5520 ham
579 5463 736 5521 facta:
768 5475 920 5530 sunt,
959 5465 1016 5520 in
1051 5467 1161 5520 illis
1195 5468 1528 5539 germinatas
1555 5481 1612 5526 et
1641 5488 1990 5530 consumma-

418 5567 504 5613 tas
530 5558 696 5613 rebus
714 5557 1078 5612 demonstrat.
1112 5576 1133 5610 ι
1170 5559 1508 5628 lteliquisset
1532 5563 1711 5618 nobis.
1745 5583 1764 5616 ι
1799 5565 1867 5620 Ει
1892 5583 1990 5636 per

420 5668 570 5708 suam
618 5654 865 5720 gratiam,
908 5660 964 5709 et
1005 5662 1233 5723 propter
1275 5653 1596 5710 relictorum
1619 5649 1978 5716 ‘benevolen—

492 5822 538 5860 ⁸⁸
565 5826 718 5882 Rom.
747 5841 799 5896 ι,
842 5827 896 5886 9.

1009 5834 1052 5866 “
1087 5832 1278 5889 Matth.
1309 5848 1431 5901 χιιι,
1465 5834 1521 5890 3.
1633 5835 1675 5867 “
1701 5836 1834 5893 ibid.
1868 5837 1964 5894 26.

2090 4745 2465 4814 ἐγεώργησαν.
2493 4743 2603 4797 Καὶ
2631 4742 2739 4813 γὰρ
2762 4747 2818 4797 ἐν
2841 4744 2918 4815 τῷ
2939 4746 3258 4819 Εὑαγγελίῳ
3293 4750 3328 4819 ὴ
3358 4751 3456 4819 τῆς
3487 4747 3643 4815 ζύμης

2087 4836 2374 4909 παραϐολὴ
2431 4838 2525 4891 καὶ
2585 4839 2770 4902 αύτοῖς
2803 4841 3194 4911 ἐφαρμόζουσα
3229 4846 3346 4908 τοῖς
3394 4843 3642 4912 πατράσιν

2087 4932 2244 5001 ἡμῶν
2271 4932 2371 4984 ούκ
2385 4931 2588 5001 ὀλίγοις
2619 4934 3007 5006 παρείληπται.
3031 4937 3194 4990 Ὅσον
3218 4936 3336 5001 οὖν,
3370 4937 3548 5007 φησὶν,
3574 4933 3642 4994 εις

2085 5021 2184 5094 τὴν
2199 5023 2467 5078 Ἰουδαίων
2495 5020 2629 5094 ἧκεν
2644 5027 2925 5093 ἀπιστίαν,
2948 5028 3023 5092 ὡς
3053 5029 3092 5081 Γ
3094 5030 3308 5102 όμορῤα
3333 5031 3432 5084 καὶ
3457 5029 3641 5096 Σόδομα

2087 5113 2156 5169 ἂν
2183 5116 2540 5188 ἐγενήθημεν,
2566 5117 2700 5172 ἀλλὰ
2730 5119 2789 5171 τὸ
2819 5119 2925 5172 ἀπὸ
2951 5121 3156 5188 Κυρίου
3179 5122 3410 5176 Σαϐαὼθ
3428 5124 3641 5191 ἐγκατα-

2086 5206 2304 5276 λειφθὲν
2354 5209 2485 5280 ήμίν
2521 5210 2776 5282 σπέρμα,
2821 5214 2870 5266 οί
2920 5215 3231 5277 ἀπόστολοι,
3282 5217 3381 5268 καὶ
3423 5217 3492 5268 τὰ
3531 5213 3640 5280 ἔθνη

2087 5305 2638 5371 καρποφορησαντες,
2664 5305 2758 5356 καὶ
2780 5305 3047 5376 πολύχουν
3077 5307 3138 5359 τὸ
3160 5307 3431 5378 γεώργιον
3459 5305 3641 5370 δείξαν-

2087 5407 2199 5457 τες,
2226 5393 2322 5455 τάς
2348 5393 2428 5456 είς
2471 5393 2588 5446 τὸν¹
2613 5395 2862 5466 ’Λϐραάμ
2897 5400 3269 5469 γεγενημένας
3309 5397 3641 5466 ἐπαγγελίας.

2090 5485 2178 5536 ἐπ’
2204 5484 2386 5538 αὐτῶν
2432 5486 2701 5552 ἀνθούσας
2734 5491 2826 5543 καὶ
2857 5491 3236 5562 τελειουμένας
3265 5493 3376 5546 τῶν
3409 5487 3644 5562 πραγμά-

2095 5590 2202 5626 των
2229 5574 2581 5631 δεικνύουσιν.
2619 5597 2638 5629 t
2682 5579 3068 5647 Ἐγκατέλιπεν
3098 5585 3248 5654 ἡμῖν.
3292 5603 3310 5635 ι
3347 5585 3448 5638 Διά
3479 5598 3533 5634 τε
3557 5577 3640 5646 τὴν

2087 5663 2252 5718 αὐτοῦ
2283 5667 2463 5737 χάριν,
2485 5671 2579 5723 καὶ
2595 5669 2683 5724 διὰ
2703 5671 2800 5744 τὴν
2822 5673 2928 5726 τῶν
2953 5675 3427 5746 καταλειφθέντων
3453 5676 3639 5744 εύγνω-
