3880 6550
233 427 344 488 525

1287 420 1673 483 COMMENT.
1712 421 1795 481 IN
1836 421 2072 482 EPIST.
2105 420 2204 480 AD
2235 416 2417 478 ROM.
3368 406 3472 467 Ξὲϐ

229 539 481 612 μοσύνην.
513 565 582 575 --
608 529 1038 606 [01ΚΟΥΜΕΝ.]
1072 529 1214 603 Δύνῃ
1258 529 1314 584 δὲ
1352 527 1508 584 τοῦτο
1532 530 1627 582 καὶ
1681 527 1806 597 περὶ

1939 530 2062 582 iam.
2096 527 2261 582 Potes
2289 533 2472 580 autem
2494 529 2549 579 et
2584 519 2653 578 de
2683 519 2904 576 Christo
2927 517 3253 591 intelligere,
3279 533 3474 589 quem-

225 627 458 701 Χριστοῦ
509 627 722 695 νοῆσαι,
779 623 854 686 ὥς
891 639 1056 692 φησιν
1104 622 1132 673 ὁ
1176 623 1234 673 ὲν
1289 618 1464 687 ἁγίοις
1513 618 1803 688 Κύριλλος.

225 719 482 776 ’τουτέστι
512 717 689 787 ῥίζαν,
720 715 969 786 φύραμα.
999 710 1187 774 Οὕτως
1214 711 1271 764 δὲ
1297 711 1514 781 νοήσεις
1543 709 1604 762 τὸ
1640 709 1808 778 σπέρ-

228 832 305 884 μα
339 813 428 864 ἐπὶ
451 809 710 880 Χριστοῦ,
745 807 1043 870 τουτέστιν,
1079 805 1274 874 ἔχοντα
1303 801 1463 872 σῶμα
1480 801 1806 870 ἀναμάρτη-

222 925 319 961 τον
384 905 643 976 (ἄσπορος
679 903 789 973 γὰρ
828 903 856 954 ὁ
887 899 1064 962 τόκος.
1127 899 1334 961 Πάντες
1381 895 1490 964 γὰρ
1519 895 1568 947 οἱ
1601 892 1810 963 ἄνθρω-

224 1016 318 1052 ποι
348 998 642 1068 ἥμαρτον),
674 993 771 1047 καὶ
810 993 971 1063 δῆλον
1003 993 1224 1062 σπέρμα
1247 984 1686 1058 ἀναμαρτησίας.
1713 984 1810 1039 ἄν-

225 1087 449 1158 θρωπον
476 1085 862 1154 ἀναμάρτητον
895 1081 990 1134 καὶ
1019 1079 1153 1132 Θεὸν
1179 1075 1432 1147 ἀληθινόν

856 1194 1109 1248 ΚΕΦΑΛ.
1131 1190 1249 1260 ις’.

228 1313 373 1366 Ὅτε
425 1308 578 1363 κατὰ
633 1305 922 1362 ἀπιστίαν
982 1307 1020 1374 ἡ
1056 1304 1360 1370 ἔκπτωσις
1391 1301 1509 1374 ,διὰ
1568 1301 1680 1374 τῆς
1725 1303 1814 1366 τις

297 1379 556 1463 armifer
609 1371 1018 1463 xufunphewq
1053 1376 1151 1427 καί
1203 1374 1311 1427 τοῦ
1332 1372 1418 1442 μὴ
1459 1371 1814 1441 ἁρμόζοντος

296 1467 451 1502 αι·το
468 1467 521 1514 ις
554 1463 946 1516 κηρυγματος.

304 1541 370 1593 Τί
414 1534 526 1593 οὖν
567 1535 1002 1606 ἐροῦμενςὌτι
1032 1535 1178 1604 ἔθνη
1239 1533 1313 1587 τὰ
1362 1532 1449 1602 μὴ
1497 1531 1811 1596 διώκοντα,

226 1631 654 1699 δικαιοσύνην,
672 1629 963 1683 κατέλαϐε
988 1627 1402 1694 δικαιοσύνην,
1421 1624 1816 1690 δικαιοσύνην

227 1721 295 1774 δὲ
311 1721 436 1786 τὴν
450 1721 518 1774 ἐκ
546 1722 800 1786 πίστεως
825 1737 840 1752 σ
881 1719 1120 1786 Ἰσραὴλ
1142 1718 1212 1772 δὲ
1237 1717 1466 1772 διώκων
1495 1717 1686 1785 νόμον
1724 1713 1814 1768 διο

226 1811 593 1876 καωσύνης,
622 1813 708 1876 εις
737 1812 924 1879 νόμον
955 1809 1348 1876 δικαιοσύνης
1394 1810 1504 1862 οὐκ
1563 1806 1811 1876 ἔφθασε.

1909 617 2206 673 admodum
2248 617 2410 672 divus
2451 614 2528 670 ait
2562 612 2802 686 Cyrillus
2849 632 2864 667 :
2903 612 3008 669 hoc
3065 619 3172 677 est,
3204 610 3470 671 radicem,

1909 709 2263 764 fermentum.
2299 709 2413 762 Hoc
2450 716 2632 762 autem
2675 706 2836 760 modo
2877 719 3064 760 semen
3095 703 3369 773 intelliges
3405 702 3476 758 do

1909 796 2150 862 Christo,
2193 797 2247 851 id
2273 805 2378 859 est.
2415 811 2619 866 corpus
2646 795 2766 851 sine
2796 803 3023 866 peccato
3047 793 3344 848 habentem
3370 792 3476 858 (fe-

1913 896 2002 942 tus
2021 887 2169 941 enim
2193 893 2314 940 erat
2337 899 2448 940 non
2478 885 2800 947 seminatus,
2853 882 3126 953 siquidem
3154 895 3346 936 omnes
3372 879 3478 934 ho-

1912 975 2090 1030 mines
2135 973 2520 1044 peccaverunt)
2563 983 2620 1028 et
2663 973 2823 1043 plane
2865 988 3052 1028 semen
3102 968 3479 1041 impeccabili-

1914 1067 2061 1132 tatis,
2094 1066 2375 1122 hominem
2408 1065 2846 1136 impeccabilem,
2878 1077 3188 1133 verumque
3214 1061 3406 1116 Deum.

2481 1176 2719 1234 CAPUT
2752 1175 2891 1232 XVI.

1915 1289 2139 1357 Quando
2168 1291 2329 1362 juxta
2365 1287 2790 1344 incredulitatem
2839 1289 2938 1358 fuit
2983 1286 3479 1362 casusAJudworum

1984 1378 2078 1435 per
2118 1359 2394 1415 scientiam
2433 1375 2730 1435 erroneam,
2773 1367 2822 1412 et
2880 1359 3330 1429 praedicationem,
3363 1370 3481 1427 qua

1986 1430 2095 1485 illis
2132 1448 2235 1484 non
2269 1430 2625 1484 conveniebat.

1984 1522 2077 1588 IX,
2105 1525 2296 1579 30-33.
2335 1521 2472 1588 Quid
2507 1538 2629 1591 ergo
2673 1520 2942 1574 dicemus?
2983 1518 3132 1584 Quod
3155 1501 3331 1590 gentes
3364 1533 3483 1588 quia

1916 1631 2020 1670 non
2051 1615 2393 1670 sectabantur
2403 1614 2676 1684 justitiam
2699 1611 3157 1681 apprehenderunt
3174 1612 3449 1681 justitiam
3464 1627 3483 1666 :

1909 1707 2181 1777 justitiam
2225 1715 2397 1760 autem
2432 1720 2550 1757 eam
2584 1719 2700 1772 quae
2724 1710 2800 1756 est
2849 1719 2912 1756 ea:
2945 1702 3067 1772 ﬁde.
3097 1703 3165 1756 At
3191 1701 3362 1756 Israél
3396 1703 3487 1773 qui

1915 1798 2218 1853 sectabatur
2242 1795 2407 1867 legem
2427 1796 2674 1866 justitiaz,
2697 1795 2766 1847 ad
2787 1793 2953 1864 legem
2974 1793 3194 1858 iustitia:
3227 1809 3330 1846 non
3369 1808 3488 1863 per-

226 1904 435 1967 duret;
606 1866 717 1955 οὐκ
735 1866 1113 1966 ἐκαίστεως,
1133 1901 1269 1955 ἀλλ’
1400 1899 1469 1964 ἐξ
1497 1866 1687 1968 ἐργίων
1709 1897 1812 1952 νό-

1939 1893 2076 1946 ιεηὶι.
2114 1866 2335 1956 Quare?
2360 1888 2496 1955 Quia
2513 1905 2617 1942 non
2639 1904 2701 1942 ea:
2721 1887 2850 1956 ﬁde,
2871 1887 2961 1942 sed
2997 1897 3258 1958 tanquam
3279 1903 3343 1941 ea:
3363 1902 3490 1957 ope-

224 2013 372 2064 μου.
397 1994 798 2062 Προσέκοψαν
814 1994 921 2063 γὰρ
944 1994 1023 2059 τῷ
1037 1991 1304 2058 λίθῳ”τοῦ
1321 1993 1781 2061 προσκόμματος
1798 2007 1814 2021 ·

228 2086 438 2152 καθὼς
484 2087 822 2156 γέγραπται·
867 2085 1046 2151 Ἰδοὺ,
1104 2087 1302 2155 τίθημι
1334 2085 1404 2138 ἐν
1434 2083 1587 2138 Σιὼν
1638 2083 1816 2137 λίθον

228 2180 727 2247 προσκόμματος.
758 2179 856 2232 καί
905 2177 1130 2246 πέτραν
1157 2175 1531 2232 σκανδάλου·
1573 2174 1670 2229 καὶ
1697 2172 1822 2240 πᾶς

231 2273 263 2324 d
309 2283 628 2323 πιστεύων
653 2269 745 2322 ἐπ’
774 2268 935 2334 αὐτῷ
957 2311 972 2334 ,
1004 2271 1075 2324 οὐ
1111 2265 1714 2338 καταισχυνθήσεται.

301 2361 452 2416 Ἰδοὺ
486 2364 519 2432 ἡ
550 2363 700 2414 πᾶσα
728 2359 907 2426 λύσις,
931 2359 1075 2424 τίνος
1097 2361 1283 2415 ἕνεκεν
1308 2362 1356 2413 oi
1380 2359 1562 2413 πιστοὶ
1609 2356 1820 2429 ἐσώθη-

232 2471 364 2520 σαν,
397 2456 449 2508 οί
496 2455 553 2507 δὲ
605 2454 1063 2525 ὲναπομείναντες
1088 2451 1531 2524 τῷἹουδαῖσμῷ,
1566 2452 1667 2506 οὐκ
1715 2451 1821 2505 ἔτι.

233 2548 530 2610 ’λπαιτείς
555 2547 747 2614 λόγους
784 2547 926 2600 διατί
965 2547 1044 2611 εἰς
1095 2547 1319 2617 σπέρμα
1337 2545 1598 2616 Ἀϐραὰμ
1649 2546 1698 2598 οἱ
1722 2544 1822 2598 οὐκ

234 2641 295 2691 ἐκ
358 2639 668 2708 περιτομῆς
714 2639 1056 2704 λογίζονται,
1109 2637 1278 2708 φησί’
1329 2637 1470 2690 διατί
1513 2639 1540 2690 δ
1586 2637 1645 2688 ού
1697 2636 1824 2699 λαὸς

236 2730 471 2797 ἐγένετο
516 2731 678 2794 λαὸς,
734 2733 828 2785 καὶ
876 2733 924 2784 οἱ
970 2734 1035 2785 ἐκ
1085 2729 1391 2802 περιτομῆς
1440 2729 1820 2784 ἐκϐάλλονται.

307 2901 496 2958 Εἶπον
531 2903 628 2973 μὲν
658 2902 848 2968 πολλὰ,
875 2903 952 2956 ὅτι
975 2903 1084 2958 οὐδ’
1108 2902 1243 2966 ὅλως
1263 2917 1321 2954 σε
1347 2901 1454 2973 χρὴ
1481 2899 1653 2955 ταῦτα
1670 2900 1826 2967 λογο-

239 2995 456 3060 θετεϊν,
485 2996 568 3048 ὅτι
607 2995 699 3048 καὶ
725 2995 874 3068 παρὰ
897 2995 981 3048 σοὶ
1008 2993 1087 3065 τῷ
1123 2992 1362 3063 Ἰουδαίῳ
1387 2991 1557 3045 πολλὰ
1577 2991 1825 3060 γέγονεν,

241 3076 317 3137 ὧν
345 3084 577 3150 ἀγνοεῖς
625 3082 749 3144 τοὺς
791 3082 1009 3150 λόγους.
1043 3082 1104 3135 'O
1145 3079 1338 3135 Ἰακὼϐ
1367 3078 1598 3151 πρδ¹τοῦ
1637 3095 1690 3133 τι
1713 3077 1829 3133 δια-

1919 1984 2064 2037 ribus
2089 1981 2236 2054 legis.
2261 1981 2600 2053 Offenderunt
2637 1981 2774 2034 enim
2810 1982 2865 2034 in
2893 1979 3121 2051 lapidem
3151 1977 3448 2050 oﬂ'endiculi
3468 1993 3489 2032 :

1919 2074 2363 2145 quemadmodum
2391 2076 2645 2144 scriptum
2685 2073 2804 2127 est?
2834 2071 2968 2126 Ecce
2991 2087 3128 2141 pono
3167 2073 3223 2126 in
3254 2069 3378 2126 Sion
3405 2069 3491 2122 la-

1919 2167 2093 2238 pidem
2116 2165 2412 2237 oﬁendiculi
2441 2173 2490 2218 et
2513 2176 2719 2232 petram
2748 2164 3047 2236 oﬂ'ensionis
3068 2179 3086 2216 :
3110 2171 3159 2216 et
3186 2163 3352 2216 omnis
3399 2161 3492 2232 qui

1921 2259 2085 2313 credit
2107 2259 2162 2311 in
2189 2257 2365 2323 illum,
2394 2273 2498 2312 non
2525 2257 2773 2328 pudeﬁet.

1992 2349 2134 2404 Ecce
2158 2349 2491 2404 solutionem
2534 2363 2756 2403 omnem
2789 2355 2846 2402 et
2886 2348 3048 2418 cujus
3077 2348 3250 2418 gratia
3299 2344 3492 2400 ﬁdeles

1923 2440 2059 2498 salvi
2095 2439 2219 2496 facti
2249 2441 2360 2495 sint
2384 2458 2398 2496 :
2420 2439 2666 2510 quivero
2691 2440 2745 2494 in
2770 2439 3055 2496 Judaismo
3088 2447 3492 2500 remanserunt,

1923 2548 2034 2588 non
2063 2533 2159 2589 ita.
2185 2533 2411 2597 Causas,
2435 2533 2639 2603 inquit,
2663 2532 2899 2603 inquiris
2915 2547 3016 2587 cur
3045 2531 3208 2601 339
3225 2530 3279 2585 in
3305 2544 3494 2586 semen

1923 2619 2197 2674 Abraham
2247 2630 2578 2690 reputentur
2625 2621 2723 2692 qui
2769 2637 2880 2676 non
2911 2629 3041 2676 sunt
3081 2637 3150 2676 ex
3199 2621 3500 2676 circumci-

1927 2710 2120 2766 sione:
2163 2727 2337 2782 quare
2377 2713 2426 2768 is
2450 2713 2544 2783 qui
2589 2727 2707 2781 non
2741 2722 2863 2769 erat
2906 2713 3163 2784 populus,
3196 2712 3376 2767 iactus
3425 2711 3500 2766 sit

1925 2803 2186 2875 papulus,
2210 2814 2267 2860 et
2287 2805 2381 2876 qui
2398 2820 2466 2861 ex
2488 2805 2915 2861 circumcisione
2946 2814 3098 2866 sunt.
3121 2805 3439 2876 ejiciantur.

2001 2896 2166 2952 Multa
2187 2897 2408 2967 quidem
2434 2897 2546 2952 dixi
2571 2907 2628 2953 et
2652 2897 2798 2968 quod
2821 2912 2998 2967 neque
3014 2897 3240 2953 omnino
3262 2907 3314 2952 te
3339 2911 3505 2966 opor-

1930 2994 2044 3042 teat
2092 2987 2160 3042 de
2212 2987 2299 3042 his
2332 2989 2500 3043 verba
2546 2988 2726 3044 facere
2775 3005 2790 3043 :
2847 2988 2995 3060 quod
3045 2989 3210 3044 etiam
3257 2988 3400 3058 apud
3451 2996 3505 3042 to

1933 3076 2184 3132 Judaeum
2214 3079 2383 3132 multa
2409 3077 2553 3134 facta
2583 3087 2714 3134 sunt
2737 3095 2972 3149 quorum
2997 3081 3239 3135 rationes
3264 3080 3502 3150 ignoras.

244 3175 599 3246 πράξασθαι,
630 3174 986 3246 προτιμηθεὶς
1015 3173 1110 3228 τοῦ
1159 3172 1352 3227 Ἠσαῦ.
1388 3172 1451 3226 Οί
1481 3170 1593 3225 τῶν
1627 3188 1828 3242 μοσχο-

1939 3168 2098 3224 Iacob
2139 3177 2266 3224 tuus
2299 3171 2616 3241 progenitor
2664 3172 2796 3243 quid
2845 3182 3103 3242 operatus
3150 3172 3327 3227 fuerat
3357 3170 3506 3242 quod

246 3268 610 3337 ποιησάντων
659 3266 1144 3331 καταδικασθέντες
1174 3265 1406 3336 θανάτῳ,
1452 3263 1631 3318 καίτοι
1689 3263 1830 3317 πάν-

244 3377 362 3413 των
403 3359 487 3421 εἰς
517 3360 616 3427 τὴν
655 3359 971 3412 δυσσέϐειαν
1014 3355 1460 3426 κατενεχθέντων.
1505 3355 1567 3410 ’0
1607 3355 1827 3426 Φαραὼ,

247 3453 350 3506 καὶ
385 3452 562 3522 μυρία
583 3450 736 3504 ἄλλα.
763 3450 875 3503 Νῦν
895 3451 949 3503 δέ
975 3467 1057 3504 σοι
1078 3447 1340 3503 καὶτοῦτο
1367 3447 1721 3519 προστίθημι,
1749 3449 1830 3502 δτι

249 3544 343 3596 διὰ
382 3542 548 3596 τοῦτο
599 3545 646 3596 οί
696 3541 755 3607 ἐξ
784 3542 952 3594 ἐθνῶν
1000 3544 1079 3605 είς
1111 3541 1332 3612 σπέρμα
1374 3538 1626 3610 Ἀϐραὰμ
1654 3537 1830 3607 ὲλογί-

253 3635 502 3705 σθησαν,
536 3635 598 3687 σὺ
630 3633 686 3687 δὲ
712 3635 810 3687 οὐκ
841 3633 940 3687 ἔτι.
964 3635 1074 3686 Καὶ
1103 3635 1254 3688 δτιοὶ
1281 3635 1380 3704 μὲν
1411 3633 1829 3704 ἐδικαιώθησαν,

254 3730 320 3781 σὺ
364 3727 430 3779 δὲ
478 3726 576 3779 οὐκ
614 3725 715 3789 ἐτι,
758 3725 889 3779 διότι
919 3728 1116 3779 ἐκεῖνοι
1167 3727 1229 3779 ὲκ
1273 3726 1506 3786 πίστεως
1536 3723 1834 3778 κατέλαϐον

250 3819 355 3890 τὴν
398 3818 681 3870 δικαίωσιν
712 3819 806 3871 καὶ
833 3818 928 3888 τὴν
961 3817 1234 3888 σωτηρίαν
1260 3818 1356 3889 τὴν
1386 3819 1450 3870 ἐκ
1479 3818 1733 3878 πίστεως.
1769 3816 1832 3869 σὺ

251 3911 308 3964 δὲ
343 3908 716 3980 φυσιούμενος
747 3909 1093 3981 δικαιωθῆναι
1133 3909 1221 3964 διὰ
1262 3909 1369 3962 τῶν
1409 3909 1504 3961 τοῦ
1545 3909 1708 3976 νόμου
1739 3907 1834 3978 ἔρα

253 4019 402 4072 γων,
441 4001 537 4053 καὶ⁵
567 4001 670 4066 τὴν
697 4001 787 4053 διὰ
821 4001 1057 4065 πίστεως
1085 4000 1367 4055 δικαίωσιν
1400 3999 1706 4072 ὑπερορῶν,
1759 4000 1838 4052 εἰ·

253 4094 445 4154 κὸτως
488 4093 583 4144 κα)⁸
629 4089 723 4144 τοῦ
770 4091 858 4144 διὰ
892 4093 1126 4156 πίστεως
1162 4090 1542 4154 δικαιωθέντος
1586 4089 1838 4160 Ἀϐραὰμ

254 4185 552 4254 ἀλλότριος
613 4182 800 4254 ὤφθης
852 4183 947 4237 τοῦ
1000 4183 1337 4254 σπέρματος,
1379 4183 1472 4235 καὶ
1519 4181 1640 4235 ἀντὶ
1683 4179 1836 4248 λαοῦ,

255 4277 505 4345 γέγονας
555 4277 618 4329 ού
675 4277 824 4342 λαὸς,
865 4277 958 4329 καὶ⁹
1013 4276 1111 4345 τῆς
1161 4275 1272 4328 τῶν
1320 4273 1526 4330 πιστῶν
1562 4273 1839 4344 σωτηρίας

259 4369 553 4435 ἑξέπεσες.
595 4386 615 4420 ι
653 4369 733 4422 Τὰ
783 4367 857 4438 μὴ
903 4365 1187 4420 διώκοντα.
1229 4385 1248 4416 ι
1286 4366 1362 4419 Τὸ
1394 4365 1504 4437 γὰρ
1550 4363 1718 4430 ξένον,
1757 4365 1841 4417 δτι

261 4463 332 4517 τὰ
363 4461 499 4531 ἔθνη
531 4460 605 4532 μὴ
633 4460 894 4514 διώκοντα
920 4458 1242 4523 κατέλαϐεν,
1265 4460 1316 4511 oi
1337 4457 1396 4511 δὲ
1425 4457 1688 4521 Ἰουδαῖοι,
1716 4455 1840 4510 διώ.

1932 3261 2077 3316 Esau
2105 3261 2176 3318 sit
2205 3263 2534 3334 praepositus
2568 3282 2580 3318 :
2614 3265 2757 3319 inter
2784 3279 2881 3320 eos
2921 3265 3014 3335 qui
3046 3265 3277 3320 vitulum
3300 3264 3507 3320 forma-

1936 3363 2154 3420 verant,
2178 3355 2400 3424 quidam
2429 3356 2604 3410 solum
2627 3365 2803 3413 morte
2831 3357 3181 3412 condemnati
3203 3367 3351 3423 sunt,
3381 3373 3506 3412 eum

1937 3457 2118 3504 tamen
2169 3464 2361 3505 omnes
2402 3449 2638 3504 fuissent
2686 3451 2742 3504 in
2788 3450 3067 3520 impietate
3113 3451 3441 3520 deprehensi
3491 3469 3506 3505 :

1936 3555 2159 3594 rursum
2193 3540 2425 3604 Pharao,
2462 3541 2676 3610 aliaque
2706 3541 2956 3610 exempla
2991 3541 3296 3597 innumera.
3353 3541 3509 3597 Nunc

1936 3649 2067 3688 vero
2101 3633 2199 3688 tibi
2229 3634 2396 3689 etiam
2426 3635 2533 3688 hoc
2559 3633 2702 3688 addo
2731 3633 2877 3703 quod
2925 3642 3218 3704 propterea
3253 3637 3348 3705 qui
3381 3645 3512 3690 sunt

1935 3742 2002 3782 ex
2029 3727 2284 3798 gentibus
2305 3727 2359 3781 in
2376 3742 2564 3782 semen
2586 3726 2862 3781 Abraham
2886 3727 3122 3796 reputati
3146 3727 3277 3788 sint,
3304 3735 3359 3781 tu
3380 3742 3513 3782 vero

1938 3834 2046 3873 non
2079 3821 2151 3874 ita
2182 3837 2196 3872 :
2224 3831 2280 3874 et
2309 3819 2456 3889 quod
2501 3820 2581 3874 illi
2619 3819 2904 3891 iustificati
2949 3818 3078 3884 sint,
3132 3829 3190 3874 tu
3223 3833 3356 3874 vero
3403 3833 3513 3872 non

1938 3910 2052 3965 ita:
2085 3911 2215 3981 quia
2247 3911 2323 3964 illi
2369 3925 2438 3965 ex
2469 3910 2577 3965 ﬁde
2607 3909 3093 3982 apprehenderunt
3137 3909 3410 3980 justitiam
3459 3918 3517 3964 et

1939 4004 2170 4058 salutem
2201 4017 2324 4072 qua:
2353 4011 2437 4058 est
2463 4018 2532 4058 ex
2555 4002 2662 4058 ﬁde
2693 4020 2707 4056 :
2745 4012 2803 4057 tu
2827 4017 2960 4058 vero
2982 4001 3205 4056 inﬂatus
3241 4001 3396 4071 quasi
3430 4002 3518 4072 ju-

1941 4095 2215 4152 stiﬁcatus
2237 4109 2388 4150 esses
2410 4110 2510 4166 per
2539 4111 2706 4167 opera
2736 4096 2894 4167 legis,
2913 4094 3257 4166 etjustitiam
3299 4107 3422 4164 quae
3449 4109 3517 4148 ex

1943 4188 2050 4244 ﬁde
2089 4199 2175 4243 est
2202 4196 2581 4254 contemnens,
2625 4188 2824 4243 merito
2850 4202 3071 4257 quoque
3109 4185 3325 4242 alienus
3354 4200 3519 4256 appa-

1942 4280 2102 4336 ruisti
2137 4296 2168 4335 a
2196 4279 2406 4336 semine
2427 4279 2723 4345 Abraham,
2750 4278 2843 4349 qui
2881 4293 2980 4348 per
2999 4277 3160 4333 ﬁdem
3189 4276 3520 4347 justiﬁcatus

1943 4371 2050 4426 fuit
2076 4388 2092 4428 :
2119 4380 2176 4426 et
2219 4371 2286 4426 de
2325 4371 2530 4442 populo
2572 4371 2750 4426 factus
2780 4385 2840 4426 es
2866 4385 2977 4426 non
3023 4369 3280 4441 populus,
3306 4377 3363 4423 et
3390 4383 3422 4422 a
3452 4368 3517 4421 ﬁ-

1944 4464 2152 4520 delium
2197 4463 2375 4520 salute
2437 4463 2710 4518 excidisti.
2769 4481 2788 4514 ι
2832 4461 2976 4528 Quae
3006 4477 3119 4517 non
3169 4459 3524 4516 sectabantur

263 4567 464 4613 κοντες
498 4550 558 4602 ού
599 4549 912 4605 κατέλαϐον.
953 4566 972 4600 ι
1027 4545 1383 4618 Δικαιοσύνην
1407 4545 1465 4599 δὲ
1506 4546 1604 4616 τὴν
1637 4548 1701 4598 ὲκ
1746 4545 1828 4598 πί·

1941 4557 2234 4631 justitiam.
2269 4575 2288 4608 ι
2317 4555 2714 4611 Admirandum
2743 4554 2892 4610 enim
2916 4563 3001 4610 est
3022 4553 3168 4624 quod
3194 4559 3384 4622 gentes
3403 4563 3526 4618 qua:

268 4659 475 4705 στεως.
516 4660 536 4695 ι
579 4641 725 4713 Αὕτη
756 4641 864 4712 γὰρ
917 4641 950 4713 ἡ
1003 4640 1220 4711 ἀληθῶς
1261 4638 1600 4709 δικαιοσύνη,
1638 4637 1714 4704 ὡς
1739 4639 1844 4710 ἥγε

263 4734 366 4788 τοῦ
415 4732 610 4802 νόμου,
637 4732 860 4803 ψευδής.
907 4751 925 4784 ι
982 4731 1199 4804 Ἰσραὴλ
1231 4731 1289 4784 δὲ
1326 4730 1538 4785 διώκων
1568 4731 1732 4801 νόμον
1765 4729 1846 4784 δι-

269 4829 599 4900 καιοσύνης,
651 4831 731 4893 εἰς
785 4830 946 4900 νόμον
979 4828 1324 4901 δικαιοσύνης
1360 4829 1461 4883 οὐκ
1509 4828 1764 4898 ἔφθασεν.
1821 4845 1841 4880 ι

269 4924 544 4976 Τουτέστι
577 4921 676 4990 τὴν
721 4925 785 4977 ἐκ
829 4921 996 4992 νόμον
1041 4922 1389 4994 δικαιοσύνην
1435 4923 1536 4976 οὐκ
1585 4921 1845 4992 ἔφθασεν.

285 5013 541 5086 Ἐρωτᾷς
561 5012 733 5077 διατί;
765 5011 908 5066 Διότι
936 5011 1004 5065 τὰ
1034 5013 1093 5065 ἑν
1118 5013 1268 5083 νόμῳ
1297 5013 1396 5066 οὐκ
1426 5011 1718 5080 ἐφύλαξεν,
1762 5012 1846 5065 ὅτι

273 5106 384 5159 οὐκ
428 5104 497 5157 ix
550 5103 787 5166 πίστεως
847 5102 1100 5174 ἠθέλησε,
1136 5103 1292 5174 φησὶ,
1343 5101 1718 5176 δικαιωθῆναι.
1779 5103 1847 5158 Τί

275 5191 377 5250 οὖν
405 5194 582 5248 αἴτιον
614 5193 710 5247 τοῦ
741 5192 815 5265 μὴ
841 5193 1039 5262 φθάσαι
1071 5195 1174 5262 τὴν
1206 5191 1588 5263 δικαιοσύνηνς
1622 5194 1749 5246 Ὅτι
1792 5192 1852 5258 ἐξ

279 5287 466 5359 ιργων
482 5287 716 5355 ἐζήτησε
741 5285 1114 5356 δικαιωθῆναι⁹
1137 5284 1220 5349 τίς
1243 5285 1300 5339 δὲ
1317 5285 1376 5352 ἐξ
1397 5285 1575 5358 ἔργων
1615 5286 1856 5340 δικαιοῦ-

284 5394 378 5432 ται
407 5377 696 5448 ἄνθρωπος
747 5375 860 5442 div;
888 5377 1001 5430 Καὶ
1043 5375 1116 5448 μὴ
1147 5375 1476 5448 θελήσαντες
1519 5377 1570 5431 οἱ
1611 5363 1852 5433 Ἰουδαῖοι

287 5470 356 5522 ὲκ
389 5468 626 5532 πίστεως
652 5467 1028 5537 δικαιωθῆναι,
1070 5467 1186 5522 ἀλλ’
1215 5467 1276 5533 ἐξ
1303 5467 1481 5538 ἔργων
1526 5467 1622 5523 τοῦ
1665 5469 1854 5539 νόμου,

288 5561 586 5631 ἀπέτυχον.
625 5577 644 5611 ι
698 5559 1052 5630 Προσέκοψαν
1091 5560 1218 5630 γάρ.
1261 5579 1280 5612 ι
1320 5560 1692 5630 Προσέκοψαν,
1732 5561 1852 5613 ἀντὶ

289 5655 410 5718 τοῦ,
439 5655 771 5725 ἠπίστησαν.
819 5653 944 5715 Πῶς
980 5653 1036 5705 δέ
1061 5670 1142 5712 τις
1168 5653 1540 5723 προσκόπτει;
1583 5653 1709 5706 Ἐὰν
1753 5651 1857 5716 ἔξω

292 5745 562 5815 προσέχῃ,
592 5743 780 5814 ὥσπερ
809 5737 954 5797 οὗτοι
982 5742 1060 5814 τῷ
1088 5743 1240 5814 νόμῳ
1271 5745 1650 5814 προσέχοντες,
1687 5759 1855 5812 προσ-

295 5837 564 5906 κόψαντες
601 5837 1065 5909 συνεκλάσθησαν.
1107 5857 1124 5889 ι
1156 5837 1246 5906 Τῷ
1276 5837 1408 5909 λίθῳ
1444 5838 1538 5892 τοῦ
1573 5839 1853 5910 προσκόμ-

1949 4663 2063 4704 non
2105 4647 2458 4703 sectabantur
2502 4645 2988 4718 apprehenderint,
3040 4642 3214 4698 Judaei
3263 4655 3396 4696 vero
3428 4639 3524 4709 qui

1951 4741 2307 4798 sectabantur
2332 4756 2443 4797 non
2471 4739 2954 4811 apprehenderint.
2987 4757 3006 4790 ι
3036 4737 3314 4795 Justitiam
3341 4743 3524 4790 autem

1953 4847 2074 4888 eam
2102 4847 2227 4904 quae
2270 4840 2451 4888 estex
2485 4831 2613 4888 ﬁde.
2652 4848 2671 4882 ι
2705 4830 2840 4885 Nam
2875 4830 2993 4884 haec
3031 4844 3162 4885 vere
3183 4827 3396 4900 iustitia
3420 4833 3526 4881 est.

1955 4927 2147 4998 Itaque
2194 4925 2332 4998 legis
2361 4924 2573 4996 iustitia
2619 4924 2753 4979 l’alsa
2786 4923 3041 4978 habetur.
3077 4940 3096 4974 ι
3130 4921 3202 4977 At
3242 4919 3409 4977 Israel
3457 4919 3526 4974 ad

1945 5018 2126 5088 legem
2150 5017 2382 5089 iustitiae
2406 5031 2516 5070 non
2546 5012 2815 5084 pervenit.
2860 5033 2877 5064 ι
2917 5012 3033 5069 Hoc
3053 5024 3139 5070 est
3159 5011 3226 5068 ad
3257 5011 3526 5084 justitiam

1949 5123 2073 5178 quae
2103 5124 2172 5164 ex
2194 5107 2313 5178 lege
2345 5115 2450 5162 est.
2480 5105 2792 5176 Interrogas
2821 5105 3038 5175 quare?
3063 5104 3194 5176 quia
3226 5120 3290 5160 ea
3319 5118 3440 5173 quae
3472 5102 3528 5154 in

1951 5198 2071 5268 lege
2108 5205 2238 5252 sunt
2263 5211 2373 5251 non
2410 5194 2672 5260 servavit,
2702 5193 2831 5265 quia
2858 5209 2968 5248 non
3005 5210 3073 5250 ex
3107 5194 3216 5250 ﬁde
3247 5193 3423 5248 voluit
3443 5192 3532 5261 ju-

1958 5290 2184 5344 stiﬁcari
2215 5307 2228 5342 :
2257 5289 2383 5358 quis
2400 5295 2582 5343 autem
2600 5288 2886 5342 hominum
2902 5304 2970 5343 ex
2989 5287 3251 5358 operibus
3267 5283 3532 5356 iustiﬁca-

1959 5381 2088 5437 tur?
2115 5389 2171 5435 et
2201 5395 2326 5436 cum
2355 5380 2526 5436 Judaei
2561 5395 2629 5435 ex
2663 5379 2768 5434 ﬁde
2792 5379 3071 5433 noluerint
3097 5375 3407 5450 iustiﬁcari,
3434 5373 3531 5428 sed

1957 5486 2024 5526 cx
2060 5472 2323 5542 operibus
2370 5471 2538 5542 legis,
2588 5470 2834 5525 frustrati
2890 5478 3040 5525 sunt.
3092 5488 3113 5521 ι
3173 5467 3534 5522 Ollenderunt

1956 5564 2126 5618 enim.
2177 5582 2194 5613 ι
2233 5563 2346 5618 lloc
2385 5572 2492 5626 est,
2541 5561 2810 5616 increduli
2845 5559 3087 5614 fuerunt.
3126 5555 3410 5624 Quomodo
3439 5569 3536 5620 au-

1957 5664 2068 5709 tem
2098 5655 2326 5710 oﬁ‘endit
2364 5653 2676 5726 quispiam?
2717 5653 2761 5706 si
2797 5649 3040 5705 externis
3067 5648 3334 5709 attendat,
3366 5643 3536 5698 veluti

1965 5749 2020 5802 hi
2051 5749 2154 5817 legi
2171 5751 2412 5803 animum
2444 5745 2812 5808 attendentes,
2842 5739 3177 5797 attendendo
3213 5735 3537 5792 comminuti

1960 5849 2107 5894 sunt.
2139 5856 2159 5891 ι
2197 5840 2255 5894 ln
2287 5838 2526 5909 lapidem
2559 5831 2896 5890 olfendiculi.
2942 5848 2962 5880 ι
3021 5826 3356 5883 Oil'endiculi
3403 5828 3540 5898 lapi-
