3880 6568
362 441 466 503 527

1389 431 1788 495 (ECUMENII
1827 425 2116 489 TRICCA?
2168 423 2508 484 EPISCOPI

3486 427 3572 488 528

361 555 487 612 dem
517 563 572 610 et
595 562 806 624 petram
834 551 1160 626 offensionis
1191 559 1346 606 vocat
1371 549 1686 611 Dominum,
1717 555 1938 618 propter

2048 557 2234 612 ματος.
2273 558 2290 590 ι
2337 538 2764 610 Προσκόμματος
2815 534 2959 588 λίθον
2997 533 3089 590 καὶ
3138 534 3334 604 πέτραν
3379 539 3576 591 σκανδα-

363 643 486 698 illos
509 642 603 714 qui
625 641 682 698 in
705 643 884 717 ipsum
915 641 1264 698 oil’enderunt
1291 657 1385 697 seu
1413 640 1772 696 oll‘cnsionem
1796 640 1939 710 passi

362 745 510 800 sunt,
541 733 649 791 hoc
672 735 776 806 ipsi
808 733 1032 791 nomine
1058 734 1331 804 imposito.
1366 733 1674 806 lmpingere
1704 749 1942 804 namque

361 826 514 904 soliti
557 834 708 892 sunt,
759 825 852 898 qui
903 829 968 882 ad
1019 826 1126 880 alia
1177 834 1413 881 mentem
1461 826 1748 890 habentes,
1798 826 1943 890 viam

360 916 673 988 prospicere
725 919 938 974 nolunt.
987 917 1103 975 Hoc
1148 929 1332 974 autem
1378 919 1521 990 passi
1561 927 1689 973 sunt
1743 917 1938 986 Judaei,

363 1005 533 1078 3&0
569 1005 850 1077 Siquidem
880 1009 946 1064 ad
972 1010 1247 1080 superﬂua
1295 1011 1430 1080 legis
1476 1007 1770 1076 inhiantes,
1801 1011 1943 1080 lapi-

359 1095 484 1150 dem
517 1111 545 1151 a
583 1099 868 1168 prophetis
902 1103 1326 1171 praenuntiatum
1369 1102 1571 1156 intueri
1619 1103 1938 1158 noluerunt.

365 1204 384 1236 ι
427 1185 492 1240 Et
521 1187 701 1242 omnis
725 1188 820 1258 qui
857 1191 1034 1245 credit
1071 1189 1125 1244 in
1157 1192 1308 1246 illum
1348 1207 1458 1246 non
1489 1191 1752 1262 pudeliet.
1788 1211 1806 1243 ι
1850 1191 1942 1246 Vi-

358 1276 455 1332 des
479 1279 624 1346 quod
671 1294 781 1336 non
825 1281 990 1338 unius
1039 1291 1248 1337 tantum
1301 1283 1471 1352 partis
1522 1283 1668 1336 Deus
1705 1282 1796 1348 sit,
1845 1283 1940 1338 sed

357 1366 538 1424 omnis
561 1369 656 1437 qui
699 1369 755 1424 in
804 1371 960 1426 illum
1008 1373 1206 1439 credit,
1243 1375 1536 1429 salvandus
1585 1374 1676 1430 sit.
1720 1373 1939 1429 Etenim

300 1501 304 1505 .
356 1455 858 1520 inﬁdelibusaliud
895 1461 1134 1518 eiiieitur
1156 1481 1318 1534 quam
1348 1465 1417 1520 sit
1455 1481 1521 1519 ex
1571 1481 1669 1521 sua
1700 1475 1936 1522 natura:

357 1546 614 1604 ildelibus
640 1559 824 1606 autem
851 1552 1007 1624 juxta
1038 1563 1285 1610 naturam
1329 1572 1484 1612 suam
1522 1557 1938 1614 firmamentum

354 1647 458 1705 est,
485 1641 813 1698 fulmentum
843 1659 908 1700 ac
935 1647 1223 1703 securitas.

425 1816 496 1880 Χ,
526 1817 638 1873 1-4.
670 1818 910 1890 Fratres,
949 1839 1209 1894 propensa
1244 1826 1454 1897 quidem
1485 1825 1726 1882 voluntas
1769 1826 1939 1881 cordis

2049 633 2138 684 λου
2163 635 2254 685 τὸν
2287 631 2488 702 Κύριον
2519 631 2696 692 καλεῖ,
2732 631 2795 684 ἐκ
2825 627 2936 682 τῶν
2963 629 3040 690 είς
3069 624 3228 679 αὐτὸν
3271 628 3573 698 προκσοψάν-

2045 742 2153 778 των
2214 723 2307 778 καὶ
2365 721 2886 785 σκανδαλισθέντων,
2944 719 3004 772 τὸ
3061 718 3230 789 ὄνομα
3283 717 3582 784 ἐπιθείς.-

2046 813 2374 886 [ΘΕΟΔΩΡ.]
2429 811 2792 883 Προσπταίειν
2835 809 2944 880 γὰρ
2981 808 3256 874 εἰώθασιν,
3295 811 3344 862 οἱ
3375 809 3583 882 ἑτέρωσε

2045 907 2144 978 τὴν
2177 905 2417 962 διάνοιαν
2445 907 2683 977 ἔχοντες,
2715 906 2809 959 καὶ
2838 906 2938 976 τὴν
2967 904 3088 958 ὁδὸν
3127 903 3476 974 προσῶέπειν
3502 909 3586 959 οὐκ

2046 996 2343 1060 ἐθέλοντες.
2376 997 2548 1051 Τοῦτο
2574 997 2904 1052 πεπόνθασιν
2949 997 3210 1050 Ἰουδαῖοι.
3255 996 3386 1068 Περὶ
3412 998 3511 1068 γὰρ
3535 997 3589 1069 δὴ

2043 1088 2112 1141 τὰ
2147 1090 2379 1159 περιττὰ
2421 1092 2516 1142 τοῦ
2551 1089 2717 1159 νόμου
2745 1088 3054 1159 κεχηνότες,
3086 1087 3176 1140 τὸν
3211 1087 3314 1140 ὑπὸ
3347 1087 3448 1140 τῶν
3471 1105 3590 1158 προ·

2046 1153 2235 1249 φητῶν
2289 1153 2782 1250 προαγορευθέντέ
2810 1153 2974 1232 ’λίθον
3026 1177 3154 1230 ἰδεῖν
3190 1179 3290 1231 οὐκ
3323 1153 3590 1248 ἠθέλησαν.

2046 1289 2068 1322 ι
2107 1272 2214 1324 Καὶ
2248 1273 2354 1335 πᾶς
2380 1275 2408 1324 ὁ
2438 1271 2712 1326 πιστεύων
2753 1271 3012 1341 ὲπάύτῷ
3051 1271 3113 1324 οὐ
3149 1269 3592 1338 καταισχυνθήσε-

2042 1377 2152 1416 ται.
2189 1379 2207 1412 ι
2262 1361 2426 1432 Ὁρᾷς
2474 1363 2554 1415 ὃτι
2587 1362 2648 1415 οὐ
2685 1360 2991 1432 μονομερὴς
3021 1361 3049 1413 ὁ
3093 1358 3246 1422 Θεὸς,
3279 1356 3412 1412 ἀλλά
3442 1359 3538 1421 πᾶς
3569 1359 3594 1411 ὁ

2044 1457 2314 1508 πιστεύων
2359 1448 2462 1518 εἰς’
2483 1455 2646 1508 αὐτὸν
2676 1453 3020 1522 σωθήσεταις
3055 1454 3179 1516 Τοῖς
3219 1451 3318 1522 μὲν
3348 1451 3450 1521 γὰρ
3482 1450 3594 1504 ἀπί-

2046 1555 2212 1610 στοις,
2258 1548 2515 1610 ἐναντίως
2558 1549 2704 1618 ἤπερ
2751 1547 2864 1616 ἔχει
2917 1546 3133 1615 φύσεως
3160 1544 3390 1613 γίνεται·
3425 1547 3527 1606 τοῖς
3549 1545 3596 1597 δι

2045 1641 2253 1699 πιστοῖς
2299 1640 2437 1691 κατὰ
2495 1638 2687 1708 φύσιν,
2749 1639 2981 1711 ἔρεισμα
3035 1638 3132 1692 καὶ
3189 1637 3467 1708 στήριγμα
3517 1637 3598 1690 καὶ

2043 1727 2332 1796 ἀσξτὰλεια.

2129 1819 2417 1891 Ἀδελφοί,
2458 1823 2495 1889 ἠ
2539 1825 2657 1892 μὲν
2704 1823 2950 1877 εὐδοκία
2995 1820 3106 1892 τῆς
3155 1820 3305 1891 ἐμῆς
3351 1820 3598 1890 καρδίας,

358 1910 458 1962 mei
485 1917 534 1962 et
552 1911 851 1981 deprecatio
882 1931 1000 1986 quae
1032 1917 1098 1986 ﬁt
1143 1917 1212 1971 ad
1241 1917 1432 1983 Deum,
1455 1937 1551 1990 pro
1572 1918 1744 1974 Israel
1769 1928 1843 1974 est
1869 1920 1938 1974 ad

2046 1912 2138 1966 καὶ
2169 1912 2206 1979 ἠ
2239 1912 2445 1980 δέησις
2473 1917 2509 1982 ἡ
2536 1915 2686 1983 πρὸς
2719 1915 2826 1968 τὸν
2853 1915 3020 1980 Θεὸν,
3050 1913 3203 1982 ὑπὲρ
3230 1913 3340 1970 τοῦ
3372 1913 3597 1981 Ἰσραήλ

353 2000 598 2058 salutem.
641 2005 1014 2062 Testimonium
1050 2010 1189 2064 enim
1213 2011 1321 2065 illis
1342 2014 1584 2082 perhibeo
1611 2014 1748 2083 quod
1771 2029 1937 2067 tentu-

357 2083 608 2143 latianem
639 2091 736 2144 Dei
753 2093 1002 2157 habeant,
1032 2105 1088 2148 at
1116 2113 1218 2151 non
1249 2089 1534 2152 secundum
1569 2101 1934 2169 cognitionem.

357 2181 502 2238 Nam
527 2184 832 2254 ignarantes
867 2185 964 2242 Dei
985 2188 1275 2259 justitiam,
1299 2200 1348 2245 et
1373 2196 1645 2264 prapriam
1671 2196 1939 2265 justitiam

353 2274 583 2329 volentes
603 2277 938 2344 constituere,
961 2281 1187 2350 justitia:
1228 2283 1324 2337 Dei
1367 2302 1470 2339 non
1493 2287 1706 2355 fuerunt
1724 2286 1934 2340 subditi.

354 2365 498 2421 Finis
524 2384 752 2440 namque
791 2367 920 2440 legis
959 2371 1214 2439 Christus,
1253 2376 1322 2430 ad
1341 2377 1610 2446 justitiam
1649 2379 1793 2432 omni
1825 2395 1940 2432 cre-

356 2459 522 2514 denti.

423 2635 882 2708 Quandoquidem
913 2639 1344 2710 reprehenderat
1369 2641 1610 2707 Judaeos,
1663 2645 1940 2716 magisque

357 2727 411 2782 id
445 2728 694 2785 facturus
731 2739 892 2786 erat:
928 2746 1028 2802 per
1053 2732 1158 2788 hoc
1207 2731 1352 2803 quod
1382 2735 1478 2800 ait,
1519 2755 1538 2788 ι
1561 2735 1806 2800 Fratres,
1835 2757 1854 2788 ι
1887 2747 1942 2793 et

357 2819 578 2886 similia,
612 2821 746 2878 lenit
790 2823 914 2879 illos
940 2865 955 2890 ,
1005 2834 1061 2880 et
1109 2825 1177 2880 ad
1228 2827 1664 2884 exhortationem
1705 2831 1943 2886 latenter

353 2924 454 2966 eos
479 2913 803 2982 componit:
849 2927 918 2970 ne
948 2914 1070 2970 irati
1104 2915 1236 2970 tlant
1275 2919 1499 2974 omnino
1538 2920 1954 2986 inobedientes._

355 3001 590 3056 Ηὺὸοκια
661 3002 868 3060 dicitur
912 3006 1213 3062 vehemens
1270 3007 1629 3066 desiderium.
1671 3032 1689 3063 ι
1747 3013 1946 3074 Cordis

357 3097 491 3150 mei.
537 3113 558 3147 ι
585 3093 988 3168 Obiurgaturns
1013 3099 1254 3166 Judaeos,
1291 3103 1570 3159 sermonis
1608 3103 1940 3162 benevolen-

356 3195 488 3250 tiam
519 3191 840 3266 prmnittit:
885 3211 954 3251 ne
981 3194 1051 3250 ab
1087 3193 1234 3262 odio,
1267 3195 1364 3252 sed
1413 3212 1442 3250 a
1490 3213 1622 3252 cura
1661 3205 1716 3252 et
1757 3197 1940 3252 studio

356 3287 658 3356 procedere
713 3287 1006 3344 videantur
1063 3284 1470 3360 objurgationis
1541 3289 1730 3346 verba.
1799 3290 1940 3345 Dicit

355 3388 580 3434 autem:
620 3379 886 3434 Desidere
915 3379 1210 3434 admodum
1243 3391 1299 3433 et
1339 3395 1537 3450 precor
1581 3391 1640 3434 ut
1673 3380 1775 3450 ipsi
1803 3383 1938 3436 salvi

358 3472 510 3524 tiant.
553 3490 572 3522 ι
611 3471 716 3526 Pro
743 3471 908 3526 Israel
945 3481 1049 3524 cst.
1085 3490 1105 3522 ι
1134 3471 1256 3526 Non
1289 3480 1570 3540 utcunque
1601 3489 1698 3542 pro
1732 3473 1813 3528 eis
1847 3491 1942 3544 po-

357 3563 525 3624 stulo,
562 3561 657 3616 sed
704 3562 770 3616 ad
816 3563 1074 3626 salutem,
1128 3571 1190 3616 ut
1242 3562 1296 3615 in
1333 3561 1610 3616 Christum
1655 3564 1942 3620 credentes

357 3651 494 3706 salvi
535 3650 687 3708 ﬂant.
743 3667 764 3702 ι
805 3650 1202 3706 Testimonium
1242 3650 1388 3705 enim
1429 3641 1538 3706 illis
1578 3652 1861 3720 perhibeo.
1917 3672 1936 3705 ι

358 3743 838 3812 Videturgratiam
883 3742 1024 3796 inire
1069 3757 1192 3796 cum
1241 3741 1368 3796 illis.
1408 3742 1829 3809 Testimonium,
1861 3745 1944 3798 in-

357 3835 500 3906 quit,
529 3835 642 3889 illis
666 3833 930 3904 perhibeo
952 3831 1100 3903 quod
1132 3847 1243 3887 non
1266 3839 1491 3902 prapter
1513 3832 1793 3887 hominem
1828 3835 1942 3889 sint

357 3946 388 3982 a
435 3926 656 3982 Christo
709 3924 992 3995 separati,
1059 3925 1154 3980 sed
1209 3933 1437 3996 propter
1493 3925 1938 4005 aemulationem,

358 4033 558 4096 nempe
590 4017 684 4076 Dei
719 4035 735 4072 :
772 4017 878 4071 hoc
909 4027 1094 4072 autem
1127 4016 1432 4072 secundum
1459 4017 1827 4088 ignorantiam
1859 4019 1940 4073 fa-

359 4114 532 4174 ciunt,
561 4111 894 4168 arbitrantes
919 4111 1067 4166 enim
1095 4111 1269 4181 legem
1287 4125 1410 4165 esse
1434 4109 1657 4175 bonam,
1689 4127 1799 4166 non
1821 4127 1940 4167 cre-

359 4205 498 4263 dunt
535 4205 680 4276 quod
728 4219 828 4276 per
857 4203 1140 4261 Christum
1185 4205 1322 4271 salvi
1354 4203 1472 4259 ﬂeri
1519 4214 1768 4275 possunt.
1816 4225 1832 4257 ι
1872 4205 1940 4260 At

357 4309 470 4349 non
501 4289 805 4351 secundum
855 4295 1250 4365 cognitionem.
1285 4313 1304 4346 ι
1351 4293 1798 4359 Ειηυιοιὶοιιειη,
1851 4295 1938 4348 in-

354 4388 497 4458 quit,
532 4388 760 4453 babent,
790 4387 890 4442 sed
922 4402 1032 4440 non
1083 4395 1146 4441 ut
1187 4385 1240 4440 id
1271 4393 1600 4456 cognoscant
1633 4386 1776 4456 quod
1809 4400 1937 4440 vere

354 4489 440 4535 est
474 4480 789 4542 honestum,
828 4493 953 4532 nam
989 4478 1097 4532 hoc
1128 4486 1212 4532 est
1252 4479 1367 4546 ipse
1408 4475 1681 4556 Christus.
1719 4477 1936 4532 Etenim

2041 2003 2214 2057 ἐστιν
2271 2008 2360 2071 εἰς
2395 2007 2721 2075 σωτηρίαν.
2775 2004 3062 2076 Μαρτυιῶ
3110 2008 3222 2074 γὰρ
3277 2004 3481 2072 αὐτοῖς
3522 2004 3598 2058 ὅτι

2041 2095 2224 2166 ζῆλον
2281 2099 2429 2174 Θεοῦ
2480 2100 2760 2168 ἔχουσιν,
2811 2098 2949 2153 ἀλλ’
2980 2101 3052 2152 οὑ
3090 2099 3219 2152 κατ’
3269 2099 3598 2168 ἐπίγνωσιν.

2053 2189 2442 2260 Ἀγνοοῦντες
2470 2191 2578 2260 γὰρ
2613 2190 2728 2260 τὴν
2750 2191 2857 2244 τοῦ
2889 2189 3037 2244 Θεοῦ
3071 2189 3486 2256 δικαιοσύνην,
3515 2189 3600 2242 καὶ

2040 2279 2156 2347 τὴν
2183 2280 2340 2334 ἰδίαν
2367 2280 2764 2348 δικαιοσύνην
2797 2277 3111 2348 (uram-rec
3144 2277 3396 2348 στῆσαι,
3428 2277 3498 2348 τῇ
3523 2277 3601 2330 δι-

2043 2373 2338 2441 καιοσύνῃ
2373 2372 2475 2426 τοῦ
2517 2371 2666 2426 Θεοῦ
2695 2373 2807 2440 οὐχ
2838 2371 3250 2439 ὑπετάγησαν.
3303 2369 3480 2436 Τέλος
3505 2369 3602 2438 τὰρ

2042 2469 2230 2536 νόμου
2274 2465 2546 2532 Χριστὸς,
2599 2465 2686 2529 εἰς
2734 2462 3130 2532 δικαιοσύνην
3176 2461 3359 2516 παντὶ
3402 2458 3480 2526 τῷ
3520 2475 3604 2514 πι-

2043 2558 2342 2610 στεύεντι.

2125 2649 2345 2716 Ἐπειδὴ
2395 2647 2678 2716 καθήψατο
2707 2646 2814 2700 τῶν
2867 2645 3154 2714 Ἰουδαίων,
3193 2647 3382 2717 μέλλει
3423 2647 3478 2701 δὲ
3519 2647 3603 2702 καὶ

2044 2743 2124 2794 ἐτι
2151 2741 2240 2794 διὰ
2271 2740 2391 2802 τοῦ,
2429 2759 2447 2791 ι
2495 2739 2763 2810 ’Λδελφοὶ,
2801 2759 2820 2792 s
2849 2741 2943 2794 καὶ
2971 2741 3080 2792 τῶν
3102 2739 3304 2805 ἄλλων,
3336 2741 3605 2793 natales!-

2043 2851 2154 2888 νειν
2175 2833 2393 2899 αὐτοὺς,
2430 2833 2520 2886 καὶ
2538 2835 2618 2897 εἰς
2649 2832 2930 2886 νουθεσίαν
2959 2830 3266 2902 λεληθότως
3303 2849 3606 2902 προκαταρ-

2043 2928 2202 2992 τίζει,
2233 2925 2319 2978 ἵνα
2365 2925 2440 2994 μὴ
2482 2923 2851 2993 ὀργισθέντες,
2881 2925 3016 2987 ὅλως
3059 2925 3286 2996 ἀνήκοοι
3330 2925 3603 2992 γένωνται.

2059 3015 2120 3069 Ἠ
2158 3017 2259 3088 μὲν
2319 3016 2640 3086 audax/ad]
2701 3015 2904 3086 σφοδρὰ
2958 3017 3246 3085 ἐπιθυμία.
3283 3035 3304 3068 ι
3341 3017 3453 3087 Τῆς
3479 3015 3607 3086 ἐμῆς

2044 3109 2294 3181 καρδίας.
2337 3128 2355 3160 ›
2417 3108 2642 3162 Μέλλων
2699 3108 2808 3162 τῶν
2873 3108 3144 3162 Ἰουδαίων
3205 3108 3604 3169 καθάπτεσθαι,

2046 3201 2402 3270 προεισφέρει
2433 3198 2646 3252 εὔνοιαν
2674 3200 2765 3252 τοῦ
2794 3198 2974 3267 λόγου,
3009 3200 3098 3252 ἴνα
3129 3199 3205 3270 μὴ
3239 3199 3370 3272 δόξῃ
3401 3198 3604 3270 μισοῦν-

2043 3306 2132 3350 τος
2156 3283 2320 3352 εἶναι,
2366 3287 2502 3342 ἀλλὰ
2537 3287 2832 3358 κηδομένου
2865 3293 2931 3341 τὰ
2966 3291 3184 3361 ῥήματα
3227 3289 3332 3357 τῆς
3363 3290 3604 3359 ἐπιτιμή-

2047 3399 2205 3444 σεως.
2235 3383 2371 3450 Φησὶ
2393 3381 2471 3445 δὲ,
2510 3382 2592 3434 ὅτι
2615 3381 2724 3434 Kal
2753 3382 2956 3452 σφόδρα
2986 3382 3256 3451 ἐπιθυμῶ,
3297 3383 3394 3436 καὶ
3430 3383 3608 3450 δέομαι

2045 3473 2242 3536 αὐτοὺς
2282 3473 2544 3542 σωθῆναι.
2583 3493 2602 3526 ι
2654 3472 2828 3544 ’Υπὲρ
2853 3473 2947 3527 τοῦ
2999 3474 3215 3544 Ἰσραήλ
3242 3477 3421 3528 ἐστιν.
3464 3494 3482 3526 ι
3511 3475 3612 3542 Οὐχ

2046 3564 2231 3628 ἁπλῶς
2259 3566 2398 3635 ὑπὲρ
2425 3566 2605 3618 αὐτῶν
2639 3565 2918 3634 αἰτοῦμαι,
2951 3566 3067 3620 ἀλλ’
3096 3569 3173 3628 είς
3206 3567 3506 3635 σωτηρίαν,
3537 3567 3614 3619 ἶνα

2045 3656 2437 3719 πιστεύσαντες
2485 3656 2727 3728 Χριστῷ,
2779 3658 3244 3728 σωθῶσι,’φησίν.
3292 3677 3312 3710 ι
3351 3657 3616 3728 Μαρτυρῶ

2043 3751 2150 3820 γὰρ
2180 3751 2383 3814 αὐτοῖς.
2424 3770 2442 3801 ι
2481 3753 2640 3806 Δοκεῖ
2686 3753 3005 3823 χαρίζεσθαι
3047 3753 3250 3811 αὐτοῖς.
3321 3750 3612 3823 Μαρτυρεῖ),

2044 3841 2230 3911 φησιν,
2264 3841 2466 3904 αὐτοῖς,
2497 3841 2579 3893 ὅτι
2603 3841 2664 3894 ού
2698 3841 2785 3895 διὰ
2827 3842 3110 3913 ἄνθρωπόν
3147 3844 3293 3895 εἰσιν
3323 3844 3616 3912 ἀπεσχοινι-

2046 3933 2234 4002 σμένοι
2280 3931 2538 4002 Χριστοῦ,
2579 3932 2714 3985 ἀλλὰ
2743 3933 2832 3986 διὰ
2877 3933 3038 4003 ζῆλον
3067 3933 3226 4003 δῆθεν
3260 3933 3428 3988 Θεοῦ.
3459 3933 3616 3986 Τοῦτο

2041 4023 2099 4076 δὲ
2132 4023 2274 4076 κατὰ
2299 4023 2522 4092 ἄγνοιαν
2563 4024 2884 4096 πράττουσι.
2920 4026 3253 4096 Νομίζοντες
3285 4025 3398 4096 γὰρ
3426 4026 3514 4078 τὸν
3535 4025 3615 4077 νό-

2046 4131 2144 4184 μον
2196 4110 2334 4168 εἷναι
2381 4116 2565 4181 καλὸν,
2616 4117 2906 4170 ἀπιστοῦσι
2957 4115 3035 4188 τῷ
3087 4114 3283 4178 σώζειν
3343 4117 3618 4186 δυναμένῳ

2041 4206 2286 4278 Χριστῷ.
2322 4225 2340 4256 ι
2388 4207 2523 4260 Ἀλλ’
2552 4207 2612 4258 οὐ
2644 4207 2763 4260 κατ’
2795 4207 3112 4276 ἐπίγνωσιν.
3151 4227 3170 4260 ι
3204 4209 3406 4279 Ζῆλον,
3443 4209 3614 4277 φησιν,

2042 4296 2278 4368 ἔχουσιν,
2311 4297 2426 4350 ἀλλ’
2472 4297 2568 4368 οὐχ
2617 4297 2701 4351 ἵνα
2755 4298 3018 4367 ὲπιγνῶσι
3063 4299 3124 4352 τὸ
3171 4299 3344 4364 ὅντως
3379 4300 3558 4361 καλὴν,
3591 4299 3616 4351 ὃ

2041 4389 2190 4440 ἐστιν
2217 4389 2246 4440 ὁ
2280 4388 2532 4459 Χριστός.
2573 4390 2634 4441 El
2667 4389 2774 4459 γὰρ
2812 4389 3056 4442 τοιοῦτον
3105 4390 3262 4459 ἔσχον
3309 4390 3497 4461 ζῆλον,
3527 4393 3614 4444 tn-

2041 4477 2286 4548 έγνωσαν
2313 4481 2398 4533 ἄν.
2438 4498 2456 4530 ι
2504 4479 2848 4548 Ἀγνοοῦντες
2873 4483 3000 4552 γάρ.
3043 4500 3062 4533 ι
3102 4479 3270 4535 Τοῦτο
3297 4482 3453 4554 ῥῆμα
3492 4498 3614 4549 συγ·

357 4573 404 4626 si
441 4563 767 4640 huiusmodi
791 4569 1121 4625 habuissent
1152 4569 1582 4632 aemulationem,
1617 4569 1806 4638 utique
1839 4585 1935 4625 co-

2046 4567 2286 4642 γνώμηε,
2323 4586 2342 4619 ι
2381 4567 2492 4636 Τὴν
2518 4567 2612 4620 τοῦ
2640 4567 2774 4620 Θεοῦ
2799 4569 3166 4642 δικαιοσύνην.
3203 4589 3222 4622 ι
3257 4571 3614 4640 Δικαιοσύνην

353 4665 694 4733 gnovissent.
745 4681 764 4714 ι
799 4663 934 4716 Nam
965 4659 1300 4732 ignorantes.
1331 4678 1348 4712 ι
1379 4659 1618 4715 Verbum
1645 4659 1748 4714 hoc
1785 4660 1938 4733 igno-

355 4757 562 4811 scentis
584 4771 682 4812 seu
713 4753 1080 4810 condonantis
1112 4761 1217 4807 est.
1258 4768 1278 4803 ι
1324 4750 1424 4805 Dei
1444 4751 1736 4821 justitiam.
1783 4771 1800 4804 ι
1841 4753 1934 4807 Dei

350 4847 624 4917 justitiam
652 4855 814 4904 vocat
861 4845 1022 4900 iidem
1057 4845 1113 4898 in
1160 4842 1483 4898 Christum:
1534 4855 1601 4896 eo
1648 4843 1794 4911 quod
1839 4845 1936 4898 ltei

356 4939 535 5009 gratia
575 4934 818 5010 indigeat.
868 4952 1030 5008 quam
1069 4935 1430 5006 reliquerunt.
1489 4951 1508 4985 ι
1543 4933 1612 4988 Ει
1661 4936 1936 5008 propriam

351 5026 647 5100 justitiam.
695 5022 718 5078 ἱ
769 5027 1054 5097 PrOprlam
1091 5023 1362 5096 justitiam
1409 5037 1533 5094 qua:
1561 5039 1626 5079 ex
1649 5024 1770 5096 lege
1796 5021 1933 5094 erat,

353 5118 444 5175 vol
495 5119 645 5189 quod
699 5112 960 5188 deinceps
1002 5117 1152 5172 vires
1200 5132 1311 5171 non
1355 5115 1604 5181 haberet,
1661 5117 1747 5172 vel
1789 5121 1935 5188 quod

354 5207 638 5268 laboribus
661 5209 767 5282 ipsi
796 5223 936 5280 opus
973 5221 1116 5264 esset
1156 5224 1220 5263 ac
1267 5207 1581 5262 sudoribus.
1616 5209 1938 5271 anerentes

355 5301 715 5356 constituere.
743 5298 1158 5356 Contendeutes
1177 5296 1465 5367 propriam
1489 5297 1736 5352 stabilire
1771 5301 1926 5370 justi-

357 5395 512 5448 tiam.
561 5391 720 5464 341
765 5410 782 5443 ι
827 5387 1064 5448 Justitias
1110 5388 1225 5444 Dei.
1266 5407 1282 5439 ι
1341 5388 1503 5453 Sane,
1555 5406 1735 5461 neque
1787 5393 1935 5448 illam

354 5497 482 5554 qua
520 5484 578 5538 in
617 5485 888 5555 lege'erat
930 5485 1378 5554 compleverunt,
1426 5503 1551 5541 nam
1597 5485 1936 5541 constituere

354 5593 478 5633 eam
499 5579 839 5648 quiet-ebant,
871 5577 926 5634 at
953 5595 1063 5635 non
1088 5582 1519 5637 constituerunt.
1561 5601 1578 5633 ι
1613 5581 1762 5636 Finis
1785 5597 1938 5634 nam-

353 5683 462 5738 que
481 5669 620 5738 legis
639 5669 912 5725 Christus.
945 5689 964 5723 ι
994 5671 1150 5728 Nono
1169 5673 1449 5728 Adversus
1482 5672 1762 5728 lulianum
1793 5672 1936 5726 libro

354 5757 429 5812 ita
451 5759 706 5814 habetur.
730 5759 880 5816 Finis
911 5770 1165 5834 tanquam
1197 5764 1484 5835 abrogatio
1515 5779 1580 5818 ac
1615 5761 1936 5831 adimpletio

354 5852 488 5921 legis
523 5849 778 5910 Christus
811 5864 913 5912 est.
945 5857 1062 5924 Quo
1099 5869 1281 5915 autem
1321 5867 1480 5928 pacto
1512 5857 1638 5910 linis
1680 5857 1818 5925 legis
1852 5863 1936 5908 est

2041 4660 2174 4712 Θεοῦ
2214 4659 2371 4712 καλεῖ
2407 4663 2507 4730 τὴν
2558 4661 2636 4722 είς
2681 4660 2921 4732 Χριστὸν
2964 4661 3148 4716 πίστιν
3179 4661 3268 4715 διὰ
3295 4663 3361 4715 τὸ
3404 4663 3613 4733 χάριτος

2039 4749 2245 4801 δεῖσθαι
2295 4749 2452 4814 Θεοῦ,
2507 4749 2574 4820 ἣν
2628 4749 3042 4814 καταλιπόντες.
3082 4769 3102 4802 ι
3161 4753 3272 4808 Καὶ
3327 4752 3429 4823 τὴν
3487 4752 3615 4805 ἰδίαν

2039 4839 2388 4908 δικαιοσύνην
2423 4859 2440 4890 ι
2487 4841 2649 4910 (ἰδίαν
2712 4839 3078 4911 δικαιοσύνην,
3129 4841 3228 4913 τὴν
3265 4845 3330 4896 ὲκ
3399 4843 3495 4897 τοῦ
3534 4843 3615 4894 νό-

2043 4942 2148 5000 μου
2186 4930 2330 4998 λέγει
2363 4931 2394 5000 ἢ
2421 4931 2508 4984 διὰ
2536 4931 2595 4982 τὸ
2628 4931 2823 5002 μηκέτι
2867 4930 3095 5002 ἰσχύειν,
3138 4931 3169 5003 ἢ
3203 4932 3288 4984 διὰ
3321 4933 3385 4985 τὸ
3417 4932 3616 4985 δεῖσθαι

2043 5024 2220 5076 πόνων
2254 5023 2345 5075 καὶ
2373 5021 2656 5092 ἱδρώτων),
2684 5022 2974 5094 ζητοῦντες
2998 5024 3216 5092 στῆσαι.
3253 5024 3616 5093 φιλονεικοῦν-

2039 5129 2130 5174 τες
2165 5113 2413 5180 κυρῶσαι
2436 5107 2532 5181 τήν
2569 5112 2704 5164 ἰδίαν
2730 5113 3100 5182 δικαιοσύνην.
3140 5132 3160 5165 ι
3198 5115 3276 5184 Τῇ
3301 5114 3612 5188 δικαιοσύνῃ

2039 5203 2131 5256 τοῦ
2163 5201 2316 5260 Θεοῦ.
2360 5223 2378 5256 ι
2410 5203 2684 5274 Δηλονὸτι,
2711 5205 2836 5274 οὐδὲ,
2870 5205 2967 5278 τὴν
2997 5210 3054 5260 ἐν
3085 5206 3233 5277 νόμῳ
3268 5208 3608 5278 ἐπλήρωσαν·

2040 5295 2263 5364 ζητοῦσι
2296 5297 2404 5370 γὰρ
2433 5298 2647 5367 στῆσαι,
2682 5297 2875 5350 οὐκοῦν
2906 5301 3005 5351 οὐκ
3070 5301 3328 5370 ἔστησαν.
3373 5301 3487 5369 υύχ
3519 5301 3612 5352 ὑπ-

2045 5390 2344 5460 ετάγησαν.
2404 5385 2530 5443 Οἷον
2585 5391 2864 5461 πειθήνιον
2925 5393 3020 5461 ούλ
3051 5393 3334 5462 ὑπὲθῃκᾳν
3393 5395 3613 5463 αὐχένα.

2047 5501 2064 5532 ι
2107 5483 2272 5544 Τέλος
2320 5484 2428 5552 γὰρ
2464 5481 2629 5551 νόμον
2678 5483 2935 5551 Χριστός.
2983 5504 3001 5534 ι
3058 5515 3126 5524 —-
3171 5485 3373 5556 [M212]
3419 5487 3507 5538 Ἐν
3549 5487 3612 5553 τῇ

2039 5571 2232 5641 ἐννάτῃ
2269 5572 2434 5646 βίϐλῳ
2462 5571 2614 5623 Κατὰ
2655 5573 2965 5628 Ἰουλιχνοῦ.
2999 5574 3172 5636 οὕτως
3211 5577 3409 5635 κεῖται,
3443 5577 3522 5627 ὅτι
3558 5575 3613 5625 τὸ

2039 5663 2188 5723 τέλος
2218 5666 2308 5714 καὶ
2337 5682 2447 5715 ο.ον
2476 5665 2756 5734 ἀναίρεσις
2785 5665 2880 5716 τοῦ
2920 5667 3088 5733 νόμου
3129 5667 3224 5720 καὶ
3273 5667 3558 5736 πλήρωσις
3585 5667 3611 5718 ὸ

3327 5759 3462 5822 ’Ότι
3503 5758 3608 5810 ἐδι-

2043 5849 2267 5900 καίωσε.
2306 5850 2413 5901 Καὶ
2439 5849 2580 5919 ἅπερ
2610 5852 2813 5914 ἐκεῖνος
2837 5851 3069 5920 ἠθέλησε
3102 5852 3200 5920 μὲν
3235 5850 3480 5920 ποιῆσαι,
3515 5849 3609 5901 οὐκ

2038 5757 2290 5822 Χριστός.
2333 5757 2454 5818 Πῶς
2501 5757 2554 5808 δὲ
2598 5759 2748 5820 ’πῖλος
2803 5759 2966 5827 νόμου
3026 5760 3290 5825 Aptae-5;;
