3880 6562
373 401 474 464 εστι

1436 407 1831 470 (ECUMENU
1865 405 2156 467 TRICCE
2205 402 2550 464 El’lSCUPI
3507 411 3601 475 532

375 513 638 568 tuiunctn
687 512 834 570 {oras
887 517 1046 587 ejice.
1105 536 1121 568 ι
1173 519 1350 588 Prope
1405 528 1455 574 te
1504 531 1589 574 est
1630 511 1881 574 verbum.
1935 539 1944 569 ι

2067 530 2338 578 τουτεστι,
2374 515 2482 566 τῶν
2512 514 2842 567 κατωτάτων
2873 513 3072 574 τόπων,
3106 515 3238 567 ἀλλὰ
3285 516 3449 572 πάντα
3472 521 3600 591 λογι-

369 601 663 658 Contracta
710 615 797 660 est
842 605 896 660 in
944 607 1101 662 brevi
1145 609 1314 675 salus,
1361 625 1465 665 nec
1507 612 1754 667 externis
1786 627 1944 682 egens

2063 603 2198 673 σμὸν
2238 603 2432 656 ἔκϐαλε
2479 603 2604 667 ἔξω.
2651 621 2669 654 ι
2730 603 2926 672 Ἐγγύς
2960 621 3051 658 σου
3096 606 3157 658 τὸ
3205 608 3352 677 ῥῆμά
3399 611 3548 668 ἐστιν.
3581 635 3600 668 ι

369 683 694 752 laboribus:
744 697 800 752 in
845 698 1010 754 corde
1060 701 1210 754 enim
1258 709 1315 756 et
1361 701 1417 756 in
1463 702 1645 774 lingua
1685 705 1789 758 sita
1822 713 1952 758 est:

369 787 548 841 solido
583 798 766 845 tamen
789 803 854 844 ac
887 788 1145 860 prudenti
1173 806 1314 862 opus
1344 791 1511 847 habet
1543 795 1751 849 animo.

439 973 507 1038 Χ,
537 975 695 1029 9J3.
725 974 930 1047 Quippe
950 978 995 1031 si
1023 977 1290 1046 confessus
1325 978 1486 1048 fueris
1509 995 1600 1033 ore
1643 989 1731 1033 tuo
1769 979 1954 1034 Domi-

368 1085 496 1122 num
526 1066 732 1131 Iesum,
781 1075 832 1122 et
879 1070 1161 1124 credideris
1201 1071 1274 1124 'in
1310 1072 1466 1126 corde
1513 1081 1603 1126 tuo
1643 1072 1781 1142 quod
1811 1072 1952 1128 Deus

366 1159 520 1214 illum
569 1162 842 1216 suscitauit
889 1179 922 1216 a
963 1163 1208 1227 mortuis,
1233 1162 1413 1218 salvus
1453 1166 1578 1220 eris.
1617 1165 1758 1219 Nam
1793 1167 1950 1220 corde

365 1251 598 1304 creditur
624 1252 695 1306 ad
700 1252 994 1322 justitiam,
1020 1271 1110 1308 ore
1132 1264 1311 1310 autem
1338 1258 1599 1328 confessio
1613 1260 1676 1328 ﬁt
1701 1261 1771 1314 ad
1799 1259 1950 1314 salu-

363 1348 489 1394 tem.
521 1339 660 1395 Dicit
683 1344 820 1396 enim
850 1341 1169 1414 Scriptura:
1199 1343 1383 1401 Omnis
1411 1349 1502 1417 qui
1535 1351 1703 1402 credit
1739 1350 1793 1402 in
1826 1366 1946 1403 eum

362 1450 466 1486 non
498 1435 750 1504 pudeﬁet.
775 1435 894 1490 Non
923 1439 1063 1491 enim
1094 1448 1169 1493 est
1191 1439 1457 1494 distinctio
1479 1439 1653 1495 Judaei
1685 1449 1734 1495 et
1754 1442 1943 1496 Graeci.

360 1523 630 1598 Siquidem
655 1529 791 1584 idem
817 1529 1072 1584 Dominus
1099 1532 1356 1598 omnium,
1391 1533 1531 1588 diues
1559 1535 1614 1588 in
1643 1551 1820 1588 omnes
1854 1536 1946 1605 qui

360 1620 609 1674 invocant
651 1619 828 1675 illum.
873 1621 1050 1678 Omnis
1093 1626 1233 1679 enim
1279 1627 1576 1696 quicunque
1622 1627 1944 1682 invocaverit

362 1729 553 1767 nomen
587 1713 819 1778 Domini,
844 1717 1022 1772 salvus
1049 1719 1171 1775 erit.

434 1893 690 1950 Ostendit
711 1900 987 1967 quomodo
1019 1898 1073 1953 in
1107 1899 1295 1965 corde,
1316 1900 1369 1955 id
1395 1910 1500 1966 est,
1529 1901 1582 1956 in
1612 1901 1946 1972 cogitatione

363 1997 419 2044 et
458 1989 512 2044 in
539 1989 725 2060 lingua
753 1990 856 2046 sita
900 1992 972 2048 sit
1007 1992 1176 2048 salus.
1214 2012 1232 2046 ι
1266 1993 1424 2059 Quod
1466 1995 1611 2050 Deus
1640 1994 1793 2048 illum
1833 2009 1951 2049 sus-

361 2081 573 2138 citavit.
601 2101 620 2134 ι
644 2082 862 2139 Modum
891 2084 1024 2140 dicit
1047 2101 1159 2156 quo
1189 2086 1364 2156 possit
1394 2087 1669 2157 quispiam
1696 2086 1762 2141 ad
1783 2085 1945 2142 ﬁdem

360 2172 583 2230 adduci.
617 2173 753 2230 Nam
795 2176 1045 2246 concipe,
1104 2177 1305 2248 inquit,
1358 2177 1660 2248 potentiam
1699 2177 1821 2248 ejus
1847 2177 1942 2246 qui

360 2266 668 2334 suscitavit,
707 2278 763 2324 et
806 2284 917 2324 non
971 2270 1248 2326 haesitabis
1300 2271 1448 2326 circa
1500 2269 1684 2327 ﬁdem.
1735 2289 1754 2322 ι
1809 2270 1946 2326 Nam

360 2359 528 2415 corde
553 2359 822 2415 creditur.
857 2378 875 2411 ι

429 2533 592 2606 343
625 2534 912 2606 Siquidem
956 2553 1081 2594 cum
1121 2543 1289 2596 corde
1339 2540 1519 2596 credit
1566 2539 1840 2612 quispiam
1889 2541 1945 2594 in

359 2624 666 2694 Christum,
694 2630 764 2684 ab
786 2632 1210 2702 eojustiticatur
1238 2650 1252 2686 :
1287 2649 1412 2690 cum
1444 2644 1630 2689 autem
1662 2649 1758 2690 ore
1805 2647 1944 2687 con-

361 2717 570 2784 ﬁtetur,
609 2721 872 2777 salvatur.
911 2741 929 2774 ι
975 2723 1121 2778 Dicit
1159 2723 1308 2780 enim
1363 2724 1668 2795 Scriptura.
1705 2742 1724 2776 ι
1760 2723 1944 2778 Testi-

361 2812 608 2868 monium
643 2815 902 2884 produxit
933 2825 993 2871 ut
1033 2817 1286 2873 ostendat
1310 2835 1420 2874 non
1451 2834 1572 2875 esse
1617 2819 1673 2874 in
1711 2819 1818 2874 tide
1845 2818 1946 2873 dif-

360 2903 654 2960 ferentiam
677 2905 824 2961 inter
847 2907 1093 2963 Judaeum
1117 2916 1172 2962 et
1193 2909 1477 2964 ethnicum
1512 2926 1526 2964 :
1556 2907 1747 2966 Omnis
1769 2910 1941 2976 enim,

361 2997 576 3067 inquit,
625 3000 721 3070 qui
764 3000 978 3068 credit,
1031 3002 1223 3057 Isaiam
1271 3002 1327 3058 in
1389 3011 1585 3059 testem
1637 3003 1940 3059 adducens.

367 3111 386 3144 ι
425 3092 545 3147 Non
579 3093 727 3148 enim
758 3103 843 3150 est
871 3095 1174 3150 distinctio.
1207 3113 1226 3147 ι
1276 3095 1546 3152 Omnibus
1591 3111 1940 3152 communem

360 3185 592 3256 gratiam
649 3185 949 3256 praedicat:
994 3195 1052 3242 et
1098 3187 1243 3258 quod
1283 3188 1339 3242 in
1385 3189 1766 3259 superioribus
1811 3189 1942 3245 fecit

2058 697 2334 766 Σύντομος
2379 698 2412 768 ἡ
2467 698 2733 766 σωτηρῖα,
2782 699 2877 750 καὶ
2919 698 2980 750 οὐ
3027 699 3252 770 δεομένη
3287 701 3390 754 τῶν
3429 704 3600 770 ἔξωθεν

2057 789 2263 844 κόπων.
2318 789 2409 843 Ἑν
2444 790 2553 860 γὰρ
2583 792 2650 861 τῇ
2684 789 2896 862 διανοίᾳ
2939 792 3035 844 καὶ
3066 794 3130 862 τῇ
3178 793 3390 868 γλώσσῃ
3428 801 3600 853 κεῖται.

2058 881 2206 948 Πλὴν
2244 882 2481 954 στερρᾶς
2509 881 2681 935 δεῖται
2718 881 2814 936 καὶ
2853 882 3136 952 νουειεχοῦς
3165 883 3356 954 ψυχῆς.

2131 972 2260 1026 Ὀτι
2298 971 2408 1026 ἐὰν
2438 972 2827 1044 ὁμολογήσῃς
2871 973 2943 1027 ἐν
2970 971 3050 1040 τῷ
3079 976 3330 1043 στόματί
3365 991 3473 1031 σου
3507 983 3604 1033 Κύ-

2045 1081 2184 1132 ριον
2222 1063 2479 1132 Ἰησοῦν,
2513 1067 2614 1120 καὶ
2659 1066 3006 1134 πιστεύσῃς
3055 1065 3128 1120 ἐν
3169 1064 3244 1134 τῇ
3269 1065 3469 1134 καρδίᾳ
3505 1085 3607 1123 σου

2051 1154 2143 1210 ὅτι
2187 1157 2220 1210 d
2267 1155 2412 1224 Θεὸς
2449 1156 2638 1211 αὑτὸν
2670 1156 2910 1227 ἤγειρεν
2961 1157 3031 1211 ἐκ
3069 1155 3320 1227 νεκρῶν,
3359 1159 3603 1229 σωθήσῃ.

2050 1247 2278 1318 Καρδίᾳ
2307 1248 2416 1319 γὰρ
2444 1249 2793 1304 πιστεύεται
2815 1253 2902 1316 είς
2933 1249 3352 1318 δικαιοσύνην,
3385 1253 3606 1320 στόματι

2049 1340 2120 1394 δὲ
2178 1340 2556 1411 ὁμολογεῖται
2629 1342 2720 1407 είς
2794 1342 3120 1409 σωτηρίαν.
3186 1340 3356 1410 Λέγει
3404 1342 3506 1410 τὰρ
3576 1343 3610 1409 ἡ

2053 1431 2305 1502 Γραφή·
2363 1430 2492 1497 Πᾶς
2545 1435 2578 1486 ό
2624 1433 2930 1486 πιστεύων
2980 1432 3073 1485 ἐπ’
3105 1429 3288 1497 αὐτῷ,
3337 1433 3406 1485 οὑ
3436 1449 3609 1485 καται-

2048 1525 2488 1596 σχυνθήσεται.
2553 1527 2634 1580 οὐ
2673 1526 2785 1596 γάρ
2830 1527 2962 1581 ἐστι
3007 1525 3304 1594 διαστολὴ
3353 1525 3609 1581 Ἰουδαίου

2053 1634 2116 1672 τε
2147 1617 2247 1671 καί
2278 1617 2604 1684 ’Ἐλληνος.
2663 1617 2727 1670 '0
2776 1616 2886 1688 γὰρ
2913 1617 3099 1684 αὐτὸς
3126 1618 3340 1686 Κύριος
3369 1616 3608 1682 πάντων,

2045 1709 2328 1766 πλουτῶν
2345 1713 2434 1776 είς
2453 1709 2686 1777 πάντας
2702 1710 2843 1777 τοὺς
2865 1711 3382 1779 ἐπικαλουμένους
3419 1712 3606 1765 αὐτόν.

2047 1801 2175 1869 Πᾶς
2201 1803 2310 1873 γὰρ
2350 1802 2419 1869 ὃς
2451 1801 2528 1856 ἂν
2570 1801 3006 1871 ἐπικαλέσηται
3044 1803 3111 1855 τὸ
3143 1801 3332 1870 ὄνομα
3379 1801 3605 1868 Κυρίου,

2048 1893 2409 1960 σωθήσεται.

2123 1987 2331 2052 Ἔδειξε
2377 1985 2494 2050 πῶς
2554 1988 2615 2040 ἐν
2669 1985 2902 2057 καρδίᾳ,
2948 1979 3060 2039 οἷον
3117 1988 3176 2038 ὲν
3236 1983 3476 2053 λογισμῷ
3528 1980 3609 2034 καὶ

2048 2080 2270 2152 γλώσσῃ
2333 2083 2512 2133 κεῖται
2551 2081 2584 2150 ἡ
2651 2079 2920 2151 σωτηρία.
2984 2098 3002 2130 ι
3041 2080 3163 2132 Ὀτι
3209 2078 3238 2129 δ
3291 2077 3420 2140 Θεὸς
3467 2075 3612 2130 αὐτὸν

2047 2174 2293 2245 ἤγειρεν.
2329 2173 2542 2245 Τρόπον
2571 2172 2744 2242 λέγει,
2781 2173 2850 2226 δι’
2873 2163 2934 2226 οὗ
2966 2189 3049 2235 τις
3084 2172 3339 2243 ὲναχθείη
3373 2171 3500 2241 πρὸς
3523 2169 3611 2239 τὴν

2047 2265 2250 2319 πίστιν.
2299 2264 2588 2334 Ἐννόησον
2630 2263 2761 2334 γὰρ,
2810 2263 2964 2332 φησι,
3010 2262 3071 2315 τὸ
3099 2261 3327 2315 δυνατὸν
3367 2259 3457 2312 τοῦ
3484 2257 3608 2326 £75!-

2049 2375 2269 2428 ραντος,
2296 2358 2391 2411 καὶ
2424 2357 2485 2410 οὗ
2517 2357 2869 2428 δυσχερανεϊς
2896 2355 3034 2425 πρὸς
3057 2355 3158 2425 τὴν
3187 2353 3392 2408 πίστιν.
3430 2371 3448 2402 ι
3478 2353 3608 2421 Καρ-

2046 2451 2139 2523 δίᾳ
2163 2450 2272 2522 γὰρ
2307 2449 2648 2502 πιστεύεται.
2689 2467 2708 2501 ι

2120 2540 2334 2612 Καρδίᾳ
2365 2539 2466 2611 μὲν
2504 2539 2636 2609 γὰρ,
2663 2539 2820 2606 φησι,
2870 2538 3262 2608 πιστευόμενος
3320 2537 3350 2588 ὁ
3395 2531 3608 2601 Χριστδς

2045 2633 2264 2696 δικαιοῖ,
2312 2630 2542 2700 στόματι
2583 2629 2638 2683 δὲ
2689 2628 3121 2699 ὁμολογούμενος
3175 2627 3363 2689 σώζει.
3415 2643 3431 2675 ι
3465 2623 3606 2690 Λέγει

2045 2724 2156 2796 γὰρ
2190 2725 2225 2794 ἡ
2266 2723 2487 2794 Γραφή.
2517 2741 2538 2775 ι
2578 2721 2689 2794 Τὴν
2731 2721 3042 2793 μαρτυρίαν
3090 2721 3326 2790 ἤγαγεν,
3365 2719 3446 2770 ἴνα
3476 2714 3605 2783 δείξῃ

2048 2818 2126 2889 μὴ
2155 2813 2320 2872 οὖσαν
2349 2818 2408 2870 ὲν
2436 2819 2501 2889 τῇ
2536 2816 2716 2871 πίστει
2749 2817 3014 2888 διαφορὰν
3065 2812 3327 2867 Ἰουδαίου
3357 2810 3449 2864 καὶ
3475 2805 3604 2859 ἐθνιο

2045 2913 2167 2969 κοῦ.
2206 2912 2322 2976 Πᾶς
2343 2911 2476 2983 γὰρ,
2503 2911 2692 2981 φησιν,
2717 2912 2746 2964 ὁ
2783 2907 3078 2972 πιστεύων,
3116 2906 3206 2959 τὸν
3249 2903 3477 2957 Ἥοαῖαν
3503 2901 3610 2950 ἐπι-

2045 3006 2349 3076 φερόμενος
2390 3003 2664 3075 μάρτυρα.
2711 3021 2730 3054 ι
2771 3001 2846 3054 Οὐ
2878 3001 2986 3069 γάρ
3018 3000 3134 3051 ἐστι
3167 2992 3446 3062 διαστολή.
3485 3008 3502 3041 ι
3540 2985 3604 3038 Τὸ

2045 3100 2181 3153 πᾶσι
2235 3096 2414 3151 κοινὸν
2464 3096 2562 3166 τῆς
2601 3094 2826 3166 χάριτος
2872 3089 3278 3160 ἁνακηρῦττει·
3335 3084 3430 3138 καὶ
3487 3081 3608 3146 ὅπερ

2046 3191 2308 3261 ἐποίησεν
2334 3189 2446 3244 ἄνω
2489 3188 2706 3251 πολλοῖς
2751 3186 2955 3256 λόγοις,
2986 3185 3156 3239 Θέλων
3200 3176 3534 3247 καταγαγεῖν
3555 3169 3608 3222 τὶι

361 3255 552 3336 multis
575 3255 947 3346 sermonibus,
976 3255 1175 3337 fastum
1204 3255 1498 3338 detrahere
1517 3281 1941 3338 volensJudmo-

2053 3255 2278 3354 latisque
2311 3280 2421 3335 τῶν
2465 3280 2760 3344 Ἰουδαίων,
2789 3277 2886 3332 νῦν
2923 3277 3011 3332 διὰ
3056 3273 3305 3347 βραχέων
3345 3269 3503 3331 ποιεῖ,
3537 3265 3606 3317 δτι

363 3389 507 3439 rum,
535 3373 588 3428 id
622 3389 772 3428 nunc
803 3370 1066 3429 brevibus
1113 3373 1244 3430 facit
1287 3393 1300 3428 :
1331 3375 1461 3444 quia
1490 3389 1599 3428 non
1636 3383 1721 3428 est
1745 3373 1942 3428 discri-

363 3479 511 3530 men,
551 3463 732 3534 inquit
774 3465 921 3534 (nam
965 3465 1022 3519 id
1062 3465 1167 3520 sibi
1209 3466 1327 3520 vult
1357 3465 1633 3534 διαστολὴ)
1679 3463 1853 3520 Judaei
1887 3475 1944 3519 et

361 3556 558 3613 Graeci.
593 3575 611 3608 ι
645 3555 780 3612 Nam
820 3557 965 3613 idem
1009 3556 1274 3613 Dominus
1311 3558 1579 3613 omnium.
1609 3575 1629 3610 ι
1676 3556 1944 3626 Superius

363 3648 434 3704 de
478 3647 640 3704 Patre
660 3648 800 3704 dixit
829 3667 842 3704 :
876 3668 894 3701 ι
920 3649 1002 3704 An
1033 3648 1348 3705 Iudaeorum
1390 3649 1538 3705 Deus
1568 3649 1820 3704 tantum?
1846 3664 1944 3703 an-

364 3755 476 3796 non
505 3749 559 3797 et
587 3741 875 3812 gentium?
896 3760 912 3792 ι
943 3755 1092 3796 nunc
1114 3751 1296 3796 autem
1335 3741 1482 3798 idem
1505 3741 1638 3796 dicit
1665 3741 1734 3797 de
1766 3741 1938 3796 Pilio:

364 3833 444 3889 Ita
508 3833 877 3888 diﬂ'erenli’am
931 3848 1042 3888 non
1095 3833 1250 3888 novit
1304 3834 1362 3889 in
1417 3843 1608 3889 sancta
1650 3834 1940 3890 Trinitatc.

371 3946 389 3976 ι
429 3926 590 3981 Dives
617 3924 672 3980 in
703 3925 984 3981 omnibus.
1021 3945 1040 3979 ι
1069 3923 1314 3983 Ostendit
1338 3925 1617 3983 Christum
1653 3927 1946 3983 vehemen-

367 4029 452 4073 ter
485 4027 731 4073 nostram
769 4018 999 4074 salutem
1026 4027 1307 4090 appetere,
1339 4036 1466 4076 cum
1506 4021 1760 4091 proprias
1790 4019 1946 4075 ducit

365 4110 586 4164 divitias
619 4111 821 4166 multos
852 4111 1078 4167 credere
1111 4127 1175 4167 ac
1212 4114 1392 4168 salvos
1418 4112 1559 4168 ﬁeri.
1593 4113 1708 4169 Hoc
1755 4121 1944 4168 autem

364 4201 495 4256 facit
529 4201 810 4258 instruens
847 4218 944 4258 eos
981 4219 1052 4258 ne
1097 4203 1165 4259 de
1210 4204 1409 4274 seipsis
1451 4205 1766 4274 desperent.
1805 4205 1943 4260 Nam

364 4287 459 4358 qui
482 4304 610 4343 suas
634 4291 787 4346 ducit
814 4290 1031 4348 divitias
1054 4293 1192 4349 alios
1220 4294 1400 4350 salvos
1424 4293 1627 4360 facere,
1661 4311 1943 4365 nunquam

364 4383 717 4438 cunctabitur
741 4387 1280 4455 autprocrastinabit
1299 4387 1365 4441 ad
1388 4388 1728 4442 saivandum.
1768 4406 1787 4439 ι
1823 4387 1946 4444 Om-

361 4474 450 4528 nis
468 4475 616 4530 enim
645 4475 965 4548 quicunque
996 4479 1356 4534 invocaverit.
1393 4498 1412 4531 ι
1462 4480 1519 4534 Si
1559 4480 1759 4544 omnis,
1803 4481 1942 4536 nihil

2043 3377 2144 3430 οὐκ
2173 3374 2254 3428 ενι
2291 3373 2474 3446 μέσον.
2513 3372 2686 3427 Τοῦτο
2711 3372 2820 3443 γὰρ
2854 3373 2888 3442 ὴ
2925 3368 3179 3437 διαστολὴ
3245 3361 3496 3418 Ἰουδαίου
3525 3355 3607 3408 καὶ

2045 3466 2282 3524 ὲθνικοῦ.
2319 3488 2339 3519 ι
2397 3466 2456 3520 '0
2494 3467 2603 3536 γὰρ
2667 3465 2830 3528 αὐτὸς
2869 3463 3074 3534 Κύριος
3128 3461 3375 3513 πάντων.
3413 3472 3432 3504 ι
3473 3452 3605 3504 ’Δνω

2045 3561 2176 3633 περὶ
2204 3560 2296 3615 τοῦ
2330 3561 2539 3631 Πατρὸς
2565 3559 2750 3629 ἔλεγεν
2774 3574 2788 3588 ·
2817 3555 3204 3612 ιἬἸουδαίων
3233 3555 3261 3606 δ
3286 3549 3417 3610 Θεὸς

2045 3657 2169 3726 οὐχὶ
2211 3653 2269 3708 δὲ
2293 3655 2388 3708 καὶ
2419 3652 2629 3717 textrini;
2665 3671 2682 3702 ι
2711 3651 2826 3704 Νῦν
2854 3649 2910 3704 δὲ
2939 3649 3000 3702 τὸ
3033 3646 3164 3701 αὐτὸ
3199 3644 3331 3715 περὶ
3367 3639 3458 3694 τοῦ
3491 3636 3606 3689 Υίοῦ

2044 3749 2215 3817 λέγει.
2257 3747 2446 3809 Οὕτως
2477 3745 2578 3799 οὐκ
2609 3739 2717 3798 οἶδε
2747 3743 3014 3812 διαφορὰν
3045 3741 3142 3810 τῆς
3169 3738 3334 3806 ἁγίας
3375 3729 3602 3817 Τριάδος.

2052 3858 2071 3892 ι
2105 3815 2358 3894 Πλουτῶν
2387 3836 2470 3899 είς
2499 3833 2729 3896 πάντας.
2767 3851 2785 3885 ι
2824 3831 3076 3884 Δείκνυσι
3105 3828 3195 3882 τὸν
3223 3823 3458 3897 Χριστὸν
3498 3815 3610 3886 σφό-

2044 3934 2148 4005 δρα
2196 3929 2485 4000 ιφιέμενον
2551 3925 2653 3997 τῆς
2719 3923 2998 3996 ἡμετέρας
3057 3919 3371 3990 σωτηρίας,
3426 3915 3604 3975 δπουγε

2046 4024 2277 4080 πλοῦτον
2306 4022 2438 4077 ῐδιον
2472 4022 2686 4092 ἡγεῖται
2711 4019 2772 4072 τὸ
2809 4016 3038 4078 πολλοὺς
3065 4012 3362 4066 πιστεῦσαι
3395 4008 3485 4061 καὶ
3517 4021 3608 4057 σωο

2045 4119 2226 4190 θῆναι.
2253 4115 2424 4170 Τοῦτο
2452 4114 2510 4168 δὲ
2543 4115 2708 4179 ποιεῖ,
2739 4109 3015 4166 παιδεύων
3039 4108 3236 4169 αὐτοὺς
3271 4105 3346 4176 μὴ
3377 4097 3607 4190 ἀπογνῷ-

2045 4189 2135 4266 ναι
2168 4208 2401 4264 ἑαυτῶν.
2449 4206 2508 4260 Ὀ
2543 4205 2654 4276 γὰρ
2699 4202 2952 4268 πλοῦτον,
3003 4200 3190 4271 φησιν,
3233 4199 3432 4251 οἰκεῖον
3463 4189 3609 4265 mea:

2049 4322 2208 4377 μενος
2237 4303 2299 4356 τὸ
2345 4301 2560 4364 σώζειν,
2601 4299 2700 4352 οὐκ
2730 4297 2796 4352 ἄν
2828 4312 2960 4350 ποτε
2999 4295 3227 4366 ὀκνήσῃ.
3266 4291 3300 4365 ἢ
3350 4283 3605 4377 avditi}:

2045 4370 2134 4450 ται
2191 4393 2384 4448 σῶσαι.
2425 4411 2443 4444 ι
2486 4391 2603 4456 Πᾶς
2635 4390 2744 4460 γὰρ
2806 4389 2866 4452 ὃς
2911 4388 2976 4442 ἂν
3021 4383 3436 4450 ἐπικαλέσηται.
3486 4395 3503 4428 ι
3553 4370 3606 4424 El

2046 4490 2174 4553 πᾶς,
2205 4486 2369 4541 οὐδὲν
2397 4485 2560 4538 πλέον
2588 4483 2803 4553 ἔχουσιν
2849 4479 3094 4534 Ἰουδαῖοι
3119 4477 3230 4531 τῶν
3256 4471 3450 4528 ὲθνῶνο
3482 4466 3607 4539 μάρ-

363 4566 704 4624 excellentia:
751 4569 961 4626 habent
1001 4570 1174 4626 Judaei
1225 4587 1389 4644 supra
1439 4573 1693 4644 gentiles.
1763 4573 1944 4630 Testis

2053 4597 2146 4644 τυς
2170 4579 2228 4634 δὲ
2256 4581 2284 4632 ὁ
2326 4576 2499 4646 Ἰωὴλ,
2521 4578 2548 4629 ὁ
2577 4573 2753 4628 ταῦτα
2775 4572 2970 4641 λέγων.

363 4664 548 4712 autem
572 4667 655 4714 est
681 4659 822 4724 Joel,
849 4661 943 4731 qui
971 4661 1088 4716 haec
1113 4661 1271 4717 dicit.

438 4750 505 4815 X,
567 4753 746 4808 14-18.
806 4752 1078 4819 Quomodo
1131 4755 1294 4825 igitur
1341 4756 1657 4810 invocabant
1715 4774 1835 4812 eum
1886 4758 1942 4812 in

363 4860 520 4914 quem
557 4860 660 4898 non
689 4843 1075 4898 crediderunt?
1119 4842 1391 4910 Quomodo
1427 4854 1605 4901 autem
1654 4847 1866 4900 credent
1895 4846 1942 4900 ei

362 4952 515 5008 quem
544 4952 647 4990 non
679 4939 1005 4993 audierunt?
1038 4936 1308 5003 Quomodo
1345 4955 1465 4993 vero
1503 4938 1718 4994 audient
1751 4941 1944 5010 absque

362 5027 735 5096 pradicante.’
765 5026 1034 5092 Quomodo
1065 5041 1242 5086 autent
1272 5032 1633 5102 pradicabunt
1663 5033 1768 5088 nisi
1795 5033 1943 5088 missi

364 5120 602 5190 fuerint!
623 5121 756 5175 sicut
776 5123 1031 5192 scriptum
1059 5132 1134 5176 est
1168 5140 1186 5178 :
1217 5125 1396 5189 Quant
1423 5127 1645 5196 speciosi
1668 5127 1820 5196 pedes
1846 5144 1944 5182 an-

364 5213 731 5267 nuntiantium
776 5229 978 5282 pacem,
1026 5219 1462 5272 annuntiantium
1509 5219 1790 5276 bonalAt
1837 5238 1943 5276 non

363 5321 542 5359 omnes
568 5304 869 5358 obedierunt
916 5303 1228 5376 Evangelia.
1267 5305 1438 5364 Isaias
1470 5311 1608 5366 enim
1641 5313 1804 5368 dicit:
1831 5312 1942 5368 Do-

363 5399 524 5462 mine,
560 5398 676 5469 quis
715 5396 934 5452 credidit
967 5398 1175 5453 auditui
1216 5401 1440 5454 nostra?
1479 5401 1655 5473 Itaque
1701 5403 1833 5472 ﬁdes
1879 5421 1946 5460 ea:

365 5491 552 5554 auditu
577 5501 673 5557 est,
700 5489 912 5544 auditus
937 5499 1112 5545 autem
1141 5509 1236 5564 per
1262 5493 1470 5547 verbum
1505 5495 1620 5549 Dei.
1650 5494 1754 5550 Sed
1783 5499 1897 5552 dico
1923 5515 1942 5555 :

362 5580 616 5654 Nunquid
645 5599 750 5637 non
789 5584 1114 5638 audierunt?
1159 5585 1321 5655 Atqui
1379 5587 1433 5640 in
1480 5604 1687 5642 omnem
1744 5600 1942 5644 terram

366 5676 522 5729 exivit
569 5693 731 5732 sonus
777 5693 982 5744 eorum,
1035 5686 1086 5732 et
1130 5679 1183 5733 in
1227 5677 1362 5747 ﬁnes
1411 5679 1550 5736 orbis
1591 5689 1746 5737 terra:
1787 5683 1942 5738 verba

363 5784 486 5822 corn
495 5784 540 5820 ιιι
551 5809 562 5821 .

2115 4761 2249 4828 Πῶς
2277 4755 2391 4816 οὖν
2427 4759 2899 4814 ἐπικαλέσονται
2948 4756 3037 4822 είς
3083 4752 3156 4808 ὃν
3184 4753 3296 4806 οὐκ
3345 4745 3606 4802 ἐπίστευ-

2045 4867 2199 4917 σαν;
2241 4851 2374 4919 Πῶς
2410 4851 2480 4905 δὲ
2506 4850 2972 4913 πιστεύσουσιν,
3026 4841 3099 4903 οὗ
3153 4846 3267 4899 οὐκ
3315 4840 3606 4934 ἤκουσαςὶ

2045 4944 2177 5013 Πῶς
2203 4945 2272 4999 δὲ
2306 4945 2646 5000 ἀκούσουσι
2674 4941 2852 5013 χωρίς
2883 4939 2988 4995 τοῦ
3015 4938 3466 5007 κηρύσσοντος;
3491 4930 3608 4989 Πῶς

2044 5038 2113 5112 δὲ
2140 5037 2538 5106 κηρύξουσιν,
2576 5035 2685 5090 ἐὰν
2712 5034 2799 5104 μὴ
2833 5029 3266 5094 ἀποσταιῑῶσις
3297 5022 3488 5089 καθὼς
3526 5019 3606 5112 γέ-

2045 5147 2317 5203 γραπται.
2357 5131 2453 5198 Ὠς
2481 5130 2682 5197 ὡραῖοι
2714 5131 2768 5184 οι
2813 5127 2998 5192 πόδες
3029 5123 3148 5178 τῶν
3183 5111 3605 5190 εὐαγγελιζομέ-

2044 5242 2167 5279 νων
2219 5223 2490 5293 είρήνην,
2545 5221 2664 5276 τῶν
2706 5215 3246 5292 εὐαγγελιζομένων
3274 5216 3346 5268 τὰ
3393 5203 3606 5279 ily-add!

2057 5316 2212 5370 Ἀλλ’
2265 5315 2339 5370 οὐ
2401 5313 2627 5380 πάντες
2694 5311 3062 5381 ὑπήκουσαν
3114 5306 3194 5372 τῷ
3253 5299 3603 5396 Εὑαγγελίιιξ

2060 5408 2299 5474 Ἡσαΐας
2352 5407 2464 5477 γὰρ
2509 5406 2702 5476 λέγει’
2759 5405 2957 5473 Κύριε,
3018 5402 3110 5468 τίς
3165 5399 3490 5454 ἐπίστευσε
3536 5404 3600 5453 tu

2044 5498 2200 5566 ἀκοῇ
2227 5496 2428 5568 nmine;
2463 5499 2614 5566 Ἀρα
2650 5497 2687 5564 ἡ
2720 5498 2928 5560 πίστις
2965 5494 3035 5558 ἐξ
3071 5492 3279 5561 ἀκοῆς,
3307 5491 3346 5558 ἠ
3371 5487 3438 5542 δὲ
3463 5478 3599 5545 ἀκοὴ

2045 5591 2142 5646 διὰ
2171 5592 2441 5661 ῥήματος
2466 5589 2636 5645 Θεοῦ.
2677 5590 2861 5644 Ἀλλὰ
2885 5591 3075 5658 λέγωο
3123 5587 3220 5656 Μὴ
3270 5587 3382 5639 οὐκ
3434 5581 3600 5650 ἤκου-

2045 5699 2203 5746 σαν;
2245 5683 2475 5752 μετ-οῦν
2507 5700 2571 5753 γε
2597 5685 2685 5749 είς
2728 5681 2938 5739 πᾶσαν
2977 5680 3090 5750 τὴν
3125 5679 3240 5750 γῆν
3285 5677 3537 5744 ἐξῆλθεν
3568 5671 3598 5723 δ

2045 5777 2303 5843 φθόγγος
2329 5772 2548 5837 αὐτῶν,
2574 5773 2672 5827 καί
2716 5775 2804 5838 εις
2837 5773 2908 5828 τὰ
2938 5773 3162 5843 πέρατα
3202 5769 3309 5839 τῆς
3351 5762 3596 5834 οἰκουμέ-

2049 5883 2153 5932 νης
2190 5864 2262 5917 τὰ
2280 5865 2520 5934 ῥήματα
2550 5861 2768 5918 αὐτῶν.
