3880 6548
205 393 270 459 5e

1252 391 1646 453 COMMENI‘.
1674 389 1756 450 ΙΝ
1797 388 2036 454 EPIST.
2070 393 2172 455 AD
2218 391 2399 455 ROM.

3338 392 3447 458 ΜΔ

269 508 430 574 εἷπε,
466 530 485 563 ι
517 511 629 575 Πᾶς
653 509 710 574 ὃς
740 509 805 564 ἂν
834 508 1224 581 ἐπικαλέσηται
1249 510 1310 563 τὸ
1334 510 1506 580 ὄνομα
1536 507 1765 581 Κυρίου,

1945 510 2130 575 Dixit,
2187 532 2205 562 ι
2263 512 2455 569 Omnis
2505 510 2822 582 quicunque
2865 508 3206 564 invocaverit
3249 525 3449 567 nomen

208 604 529 674 σωθήσεται.
574 623 593 657 ι
632 605 756 669 Πῶς
783 604 1073 674 τοιγαροῦν
1097 604 1250 657 ἔσται
1281 603 1467 666 αὐτοῖς
1493 601 1770 671 ιπιτυχεῖν

205 697 309 753 τῶν
341 696 440 751 τοῦ
492 698 770 768 προφήτου
824 697 1085 770 ῥημάτων
1117 693 1429 766 ἀνθρώποις
1478 689 1769 746 πιστεῦσαι

207 790 282 862 μὴ
335 789 658 859 θελήσασινς
704 789 947 852 Ἐαυτοῖς
999 787 1292 858 τοιγαροῦν
1343 784 1768 857 μεμφέσθωσαν.

217 880 590 933 ’Δποκλείουσι
638 879 748 951 γὰρ
797 879 895 951 τὴν
950 877 1228 949 σωτηρίαν
1286 876 1381 946 ἀφ’
1431 875 1661 930 ἑαυτῶν.
1701 903 1774 915 -

143 1032 147 1040 _
208 974 454 1038 Ἄλλως.
489 970 692 1044 [eum
717 971 853 1026 Δίαν
887 970 1123 1025 ἐνταῦθα
1155 969 1654 1042 συμπεπλεγμένας
1682 968 1774 1022 ὲν-

202 1062 348 1127 νοίας
388 1063 713 1134 συνεγείρει,
753 1062 852 1117 καὶ
878 1062 1198 1134 Θαυμασίως
1229 1060 1492 1132 προάγει.
1535 1057 1773 1114 Πλοῦτον

203 1157 440 1226 ἡγεῖται,
468 1155 653 1224 φησιν,
682 1154 712 1207 ὁ
742 1154 999 1225 Χριστὸς,
1038 1153 1099 1209 τδ
1142 1153 1432 1207 πιστεῦσαι
1468 1152 1563 1206 καὶ
1593 1149 1774 1221 σωθῆ-

201 1243 289 1297 ναί
319 1261 402 1308 σε,
429 1242 570 1297 ὥστε
604 1243 665 1297 τὸ
687 1242 797 1297 ἀπό
820 1259 884 1310 γε
912 1242 1007 1296 τοῦ
1048 1241 1308 1315 Χριστοῦ,
1350 1241 1497 1297 ἅπαν
1528 1242 1771 1310 γέγονεν.

197 1335 388 1397 θέλεις
419 1331 514 1390 οῦν
542 1333 817 1403 σωθῆναι;
849 1332 1175 1388 ὲπικάλεσαι
1202 1332 1292 1387 τδν
1322 1331 1578 1405 Χριστόν.
1616 1329 1777 1384 Ἀλλὰ

198 1426 373 1490 θέλεις
402 1424 858 1491 ὲπικαλέσασθαις
904 1422 1195 1479 πιστεῦσαι
1225 1422 1306 1476 δεῖ
1352 1423 1637 1494 πρότερον.
1674 1419 1777 1474 Θέ-

194 1518 313 1580 λεις
337 1517 395 1571 δὲ
420 1515 745 1584 πιστεῦσαις
774 1515 1006 1571 ἀκοῦσαι
1034 1517 1116 1570 δεῖ
1140 1514 1406 1586 πρότερον
1432 1514 1524 1567 τοῦ
1565 1531 1633 1584 κη
1645 1512 1776 1585 ρύγ-

197 1625 396 1679 ματος.
435 1607 597 1663 Ἀλλὰ
614 1608 706 1662 τὸν
729 1606 1072 1678 κηρύσσοντα
1114 1606 1299 1678 ζητεῖς
1320 1624 1335 1671 ;
1382 1607 1490 1660 ἰδοὺ
1516 1604 1622 1674 ἐγὼ
1645 1603 1775 1676 βοῶ.

207 1702 355 1756 Ἀλλ’
393 1704 610 1772 ἀγνοεῖς
637 1702 688 1754 εἰ
715 1700 1067 1772 ἀπέσταλμαι
1100 1699 1432 1770 κηρύσσειν;
1470 1696 1779 1769 προφητεία

193 1796 352 1851 ἐστὶν
373 1796 581 1852 ἄνωθεν
606 1793 766 1850 τοῦτο
794 1792 1168 1867 κηρύσσουσα,
1194 1793 1277 1846 ὅτι
1305 1792 1367 1845 ού
1405 1790 1566 1862 μόνον
1599 1787 1779 1860 κηρύ-

196 1889 353 1954 εουσι
382 1888 480 1943 καὶ
503 1886 950 1957 εὐαγγελίσονται
978 1884 1077 1957 τὴν
1110 1883 1383 1955 σωτηρίαν
1409 1883 1501 1937 καὶ
1530 1883 1778 1953 εἰρήνην,

194 1977 316 2033 ἀλλ’
338 1978 435 2031 ὅτι
458 1974 555 2031 καὶ
587 1974 804 2045 μεγάλα
833 1973 930 2027 καὶ
974 1964 1235 2041 ὑπερφυῆ
1274 1967 1645 2036 ὲξανύσουσιν.
1690 1966 1781 2031 Ὠς

199 2071 403 2142 ὡραῖοι
429 2068 540 2139 7&9
560 2068 610 2121 οἰ
640 2066 799 2131 πόδες
825 2066 935 2119 τῶν
963 2064 1056 2119 ἐπὶ
1071 2063 1133 2117 τὸ
1160 2063 1425 2134 κήρυγμα
1452 2060 1780 2131 τρεχόντων,

196 2162 361 2235 φησι,
390 2160 500 2216 τῶν
530 2159 593 2214 τὸ
624 2158 955 2227 Εύαγγέλιον
980 2153 1452 2226 καταγγελλόντων
1477 2154 1490 2206 l
1528 2152 1666 2206 ὥστε
1694 2152 1784 2204 ού-

192 2254 367 2324 δεμία
396 2253 669 2324 πρόφασις
693 2251 822 2322 ύμῖν
842 2247 938 2304 τοῦ
969 2248 1227 2319 σωθῆναι.
1265 2264 1283 2298 ι
1322 2245 1445 2309 Πῶς
1475 2245 1531 2298 δὲ
1563 2243 1778 2297 πιστεύει
1805 2310 1814 2331 ’

196 2361 431 2411 σουσιν;
475 2362 494 2397 ι
532 2342 691 2398 Κατὰ
732 2341 793 2395 τὸ
838 2340 1132 2396 ἀκόλουθον
1180 2338 1290 2409 7&9
1327 2338 1421 2391 καὶ
1455 2335 1612 2388 τοῦτο
1647 2348 1821 2406 συμη⁵

195 2437 404 2491 δαίνει.
442 2453 463 2486 ι
503 2434 724 2505 Ἐπειδὴ
750 2433 859 2505 7&9
888 2432 995 2486 τῶν
1019 2430 1184 2486 αὐτοῦ
1207 2429 1379 2498 λόγων
1414 2428 1647 2482 ἀκοῦσαι
1683 2427 1784 2481 οὐκ

196 2526 630 2597 ἠϐουλήθησαν,
688 2524 913 2590 εἰκότως
960 2523 1085 2579 οὐδὲ
1139 2522 1485 2577 ἐπίστευσαν.
1537 2539 1555 2572 ι
1602 2519 1781 2591 Χωρίς

197 2618 600 2689 κηρύσσοντος.
641 2637 661 2671 ι

279 2708 587 2780 Τοιγαροῦν
624 2709 757 2775 ἰδοὺ,
817 2710 987 2781 φησί,
1034 2709 1325 2778 κηρύσσω,
1382 2711 1472 2765 καί
1509 2711 1784 2783 προτῆκον

199 2802 356 2871 ὑμᾶς
390 2803 489 2854 ἀνα
500 2800 723 2870 σχέσο;.ι
746 2802 851 2854 τῶν
876 2801 1046 2870 λόγων
1072 2803 1164 2855 καὶ
1184 2803 1291 2856 τῶν
1313 2803 1570 2871 ἐλέγχων.
1602 2824 1619 2871 ι
1658 2804 1783 2856 Ἐὰν

202 2893 289 2965 μὴ
317 2892 687 2946 ἀποσταλῶσι.
741 2912 760 2946 ι
799 2891 1079 2947 Δείκνυσιν
1124 2894 1206 2947 ὅτι
1238 2895 1336 2947 οὐκ
1362 2895 1419 2960 ἐξ
1452 2894 1656 2958 οἰκείας
1687 2896 1784 2948 αύ-

199 2986 454 3048 θεντείας
485 2980 648 3055 ὴλοεν
673 2985 752 3045 εἰς
796 2985 857 3038 τὸ
889 2985 1120 3056 κηρύξαι
1152 2986 1358 3050 αὐτοῖς,
1392 2986 1505 3039 ἀλλ’
1537 2987 1780 3041 ἀποστα·

197 3076 321 3139 λεὶς
351 3075 504 3146 παρλ
539 3074 800 3145 Χριστοῦ,
824 3075 1001 3145 τούτῳ
1028 3074 1222 3131 ἑαυτὸν
1246 3078 1557 3144 ἀξιόπιστον
1593 3078 1781 3135 ποιῶν.

1872 600 2111 665 Domini,
2145 602 2327 656 salvus
2358 602 2484 657 erit.
2524 619 2543 654 ι
2576 600 2694 668 Quo
2722 599 2907 668 itaque
2948 609 3107 667 parto
3142 595 3260 653 ﬁeri
3288 606 3449 668 pote-

1873 692 1944 747 rit
1965 701 2027 747 ut
2058 694 2338 764 propheta:
2370 693 2535 750 verba
2581 691 2883 751 sortiantur
2921 689 3177 747 etl‘ectum
3209 687 3451 743 homini-

1873 780 1978 837 bus
2015 781 2243 838 credere
2275 782 2627 841 nolentibus?
2672 781 2894 853 Seipsos
2938 779 3104 851 igitur
3144 785 3403 834 accusent
3434 794 3447 830 :

1876 888 2007 929 nam
2048 874 2279 930 salutem
2320 891 2351 930 a
2380 874 2692 944 semetipsis
2730 868 3242 930 excludunt—Alio
3274 866 3448 922 modo.

1875 964 1991 1020 Hoc
2041 964 2164 1021 loco
2212 974 2424 1022 mentes
2473 973 2853 1022 consternatas
2899 962 3192 1019 admodum
3253 956 3449 1030 erigit,

1878 1054 2044 1128 3“
2100 1063 2159 1111 et
2203 1055 2367 1129 miro.
2397 1060 2560 1114 modo
2612 1057 2884 1128 procedit.
2942 1054 3194 1117 Divitias,
3232 1050 3451 1133 _inquit,

1884 1149 2039 1206 ducit
2070 1165 2192 1207 esse
2224 1150 2483 1208 Christus
2513 1158 2574 1206 ut
2609 1150 2802 1207 credas
2829 1158 2885 1205 et
2912 1149 3095 1205 salvus
3137 1146 3252 1201 ﬁas.
3281 1144 3455 1199 Omne

1880 1243 2073 1314 itaque
2109 1245 2392 1316 negotium
2423 1228 2703 1301 a‘Christo
2735 1242 3038 1314 perfectura
3073 1249 3178 1296 est.
3210 1239 3307 1296 Vis
3324 1254 3456 1308 ergo

1878 1333 2062 1389 salvus
2085 1333 2262 1391 ellici?
2290 1335 2485 1390 invoca
2509 1331 3029 1401 Christum.}Verum
3056 1331 3311 1385 invocare
3340 1326 3456 1381 vis?

1877 1424 2103 1482 credere
2132 1426 2286 1496 prius
2318 1433 2556 1497 oportet.
2595 1425 2690 1482 Vis
2718 1433 2902 1480 autem
2931 1422 3193 1478 credere?
3217 1435 3354 1490 opus
3373 1429 3458 1473 est

1878 1514 2116 1585 primum
2158 1514 2351 1571 audire
2397 1514 2864 1586 praedicationem.
2923 1513 2993 1568 At
3043 1509 3457 1582 praedicatorem

1879 1607 2124 1678 quaeris?
2169 1608 2313 1664 Ecce
2357 1623 2459 1681 ego
2507 1608 2705 1663 clamo.
2750 1607 2951 1662 Verum
3002 1605 3219 1675 ignoras
3274 1610 3456 1657 utrum

1879 1699 1944 1754 ad
1968 1698 2377 1770 praedicandum
2407 1699 2611 1756 missus
2627 1695 2770 1754 sim?
2795 1697 3085 1769 prophetia
3111 1702 3195 1750 est
3219 1710 3249 1748 e
3274 1707 3462 1762 super-

1880 1791 1967 1847 nis
1996 1791 2100 1847 hoc
2139 1791 2494 1857 annuntians,
2522 1791 2670 1863 quod
2708 1805 2821 1846 non
2855 1797 3067 1845 tantum
3108 1782 3460 1859 praedicaturi

1880 1893 1939 1940 et
1964 1883 2348 1941 annuntiaturi
2392 1892 2580 1941 essent
2623 1883 2857 1940 salutem
2903 1891 2959 1937 et
3005 1894 3222 1952 pacem,
3270 1891 3460 1933 verum

1882 1975 2049 2031 etiam
2082 1990 2276 2046 magna
2305 1990 2370 2030 ac
2419 1974 2622 2031 eximia
2648 1972 2951 2045 peracturi.
2990 1970 3164 2038 Quam
3203 1966 3469 2039 speciosi,

1883 2067 2082 2138 inquit,
2112 2067 2283 2138 pedes
2309 2082 2504 2123 eorum
2534 2065 2633 2137 qui
2663 2065 2730 2120 ad
2770 2062 3177 2136 praedicandum
3209 2067 3469 2120 currunt,

1883 2159 1981 2229 qui
2010 2157 2369 2229 Evangelium
2411 2155 2765 2213 annuntiant.
2812 2155 3011 2210 Nullus
3062 2152 3248 2223 itaque
3304 2150 3471 2205 vobis

1886 2258 2181 2322 prietextus
2225 2258 2306 2306 est
2358 2248 2493 2320 quin
2543 2249 2676 2305 salvi
2723 2246 3060 2304 elliciamini.
3111 2264 3129 2297 ι
3177 2241 3465 2312 Quomodo
3514 2248 3524 2273 '

1884 2353 2065 2399 autem
2099 2341 2355 2399 credent.
2391 2360 2409 2393 ι
2445 2340 2581 2397 Nam
2611 2342 2765 2413 juxta
2794 2338 3247 2410 consequentiam
3277 2346 3333 2393 et
3359 2335 3466 2421 hoc

1884 2435 2106 2490 accidit.
2142 2435 2375 2502 Quando
2407 2451 2538 2508 ergo
2570 2450 2856 2493 sermones
2894 2435 3013 2505 ejus
3040 2432 3231 2489 audire
3267 2430 3466 2485 nolue-

1887 2526 2016 2590 rint,
2041 2528 2238 2583 merito
2262 2526 2429 2584 etiam
2457 2543 2565 2584 non
2590 2526 2965 2584 crediderunt.
3015 2542 3039 2578 ι
3072 2524 3294 2595 Absque
3326 2537 3465 2594 pra:-

1884 2619 2120 2676 dicaute.
2156 2639 2174 2673 ι

1956 2713 2142 2784 Itaque
2191 2730 2341 2780 ecce,
2383 2713 2582 2784 inquit,
2634 2728 2737 2785 ego
2779 2711 3060 2784 praedico:
3110 2728 3209 2769 vos
3249 2703 3466 2783 quoque

1883 2823 2098 2877 aequum
2133 2817 2219 2862 est
2258 2806 2400 2862 ferre
2429 2820 2715 2862 sermones
2746 2820 2811 2861 ac
2833 2805 3266 2877 objurgationes.
3301 2825 3318 2856 ι
3348 2804 3466 2860 Nisi

1884 2896 2038 2953 missi
2080 2896 2306 2951 fuerint.
2338 2915 2358 2949 ι
2407 2895 2663 2952 Ostendit
2685 2896 2832 2966 quod
2862 2911 2973 2952 non
3000 2897 3222 2967 propria
3254 2897 3469 2951 venerit

1884 2987 2213 3044 auctoritate
2242 2994 2302 3042 ut
2338 2985 2449 3042 illis
2476 2987 2818 3057 praedicaret,
2870 2988 2964 3041 sed
3010 2986 3213 3040 missus
3244 3002 3274 3040 a
3304 2984 3466 3040 Chri-

1885 3088 1969 3135 sto
1993 3097 2009 3134 :
2036 3095 2135 3151 per
2158 3079 2264 3134 hoc
2282 3078 2526 3149 seipsum
2563 3076 2666 3131 (ide
2696 3076 2920 3149 dignum
2950 3075 3217 3133 etIicieus.
3256 3095 3275 3129 ι
3311 3074 3468 3131 Sicut

204 3183 227 3215 ι
268 3162 467 3227 Καίιὼς
500 3164 831 3235 γέγραπται.
864 3183 882 3216 ι
935 3165 1012 3218 Ού
1062 3165 1244 3234 μόνον,
1292 3168 1480 3237 φησιν,
1512 3167 1783 3223 ἀπέσταλ-⁹

1894 3171 2157 3242 scriptum
2195 3180 2302 3228 est.
2343 3188 2362 3222 ι
2406 3169 2525 3224 Non
2548 3168 2747 3223 \solum
2782 3207 2797 3232 ,
2836 3167 3036 3237 inquit,
3077 3166 3278 3222 missus
3321 3182 3464 3230 sum,

203 3273 334 3328 μαι,
386 3255 523 3309 ἀλλὰ
575 3257 670 3309 καὶ
716 3256 880 3311 πάλαι
933 3256 995 3310 τὸ
1045 3257 1153 3311 δεῖν
1184 3259 1488 3332 ἀποστολὴν
1537 3261 1786 3330 γενέσθαι

200 3350 529 3422 προείρητο.
560 3350 905 3416 Ἂξιόπιστος
947 3351 1203 3421 οὖνδκατ⁹
1250 3353 1439 3425 ἄμφω,
1488 3355 1549 3410 ἐκ
1583 3373 1644 3410 τε
1689 3357 1788 3427 τῆς

201 3440 541 3511 ἀποστολῆς,
593 3441 658 3495 ἔκ
681 3439 742 3495 τε
784 3441 880 3496 τοῦ
935 3444 1272 3514 προωρίσθαι
1311 3447 1410 3515 τὴν
1459 3447 1786 3518 ἀποστολήν.

208 3554 229 3587 ι
280 3535 375 3598 Ὠς
403 3533 597 3606 ὡραῖοι
625 3534 677 3589 οί
715 3534 894 3597 πόδεςί
935 3555 954 3588 ι
990 3536 1054 3589 Oi
1082 3536 1241 3600 πόδες
1277 3537 1457 3591 αὐτῶν
1488 3538 1791 3608 ἐνεκωμιάο

207 3626 449 3700 σθησαν,
490 3628 582 3681 διὰ
608 3627 701 3682 τὸν
732 3627 826 3695 τοῦ
856 3626 1208 3697 κηρύγματος
1257 3628 1478 3700 τρόπον,
1508 3629 1791 3698 εὐαγγελι-

205 3719 463 3789 ζομένων
490 3718 602 3772 τῶν
634 3716 951 3773 ἀποστόλων
977 3720 1219 3789 εἰρήνην,
1250 3721 1416 3790 ήγουν
1441 3720 1791 3793 καταλλαγὴν

204 3809 308 3882 τὴν
360 3809 461 3863 τοῦ
523 3809 659 3864 Θεοῦ
715 3809 852 3882 πρὸς
903 3809 1248 3882 ἀνθρώπους,
1295 3812 1389 3865 καὶ
1436 3812 1504 3866 τὰ
1558 3816 1616 3866 ὲν
1652 3814 1790 3884 αὐτῇ

207 3903 420 3971 ἀγαθά.
462 3902 521 3956 Εἰ
553 3902 728 3957 τοίνυν
774 3904 947 3966 ἄλλως
980 3905 1082 3957 οὐκ
1123 3900 1192 3974 ἦν
1220 3904 1508 3958 πιστεῦσαι
1536 3905 1658 3977 δίχα
1695 3905 1791 3960 τοῦ

210 3997 479 4067 κηρύξαι,
513 3997 852 4066 κεκήρυκται
888 3995 946 4048 δὲ
977 3996 1072 4049 καὶ
1107 3995 1368 4067 ἥκουσαν,
1400 3996 1624 4067 εὔδηλον
1662 3995 1738 4060 ὡς
1765 3997 1794 4050 ὁ

210 4088 349 4151 Θεὸς
382 4088 483 4158 μὲν
515 4088 667 4141 οὐδὲν
716 4087 1050 4148 ἐκλέλοιπεν,
1095 4089 1143 4140 οἱ
1171 4088 1228 4140 δὲ
1262 4088 1337 4157 μὴ
1383 4089 1792 4156 πιστεύσαντες,

215 4180 436 4242 ἑαυτοῖς
491 4177 910 4249 μεμφέσῦωσαν.
951 4196 971 4230 ι
1030 4178 1173 4231 Ἀλλ’
1216 4178 1280 4231 ού
1324 4179 1525 4244 πάντες
1556 4180 1795 4250 ὑπήκουε

222 4287 346 4325 σαν.
387 4289 406 4323 ι
454 4270 671 4341 Ἐπειδὴ
723 4270 879 4324 τοῦτο
929 4270 1078 4339 αύτῷ
1124 4269 1427 4330 ἀντέκειτο.
1471 4271 1553 4326 ὅτι
1595 4273 1659 4327 Εἰ
1691 4271 1798 4328 ἀπὸ

218 4362 360 4417 Θεοῦ
386 4362 755 4433 ἀπεσταλητε,
785 4360 875 4415 διὰ
917 4361 968 4415 τί
1005 4361 1079 4432 μὴ
1125 4362 1327 4426 πάντες
1374 4356 1691 4434 ὑπήκουσαν
1720 4363 1799 4437 τῷ

218 4452 577 4523 Εὑαγγελίῳς
607 4455 790 4523 φησιν,
817 4453 900 4507 ὅτι
928 4453 1200 4508 καὶτοῦτο
1228 4453 1334 4524 πρὸ
1361 4454 1556 4509 πολλοῦ
1578 4456 1792 4528 ἐλέχθη.

218 4544 294 4598 'l‘b
314 4543 397 4610 δὲ,
427 4541 653 4614 ιΚύριε,
676 4542 759 4606 τίς
783 4544 1159 4609 interanea,»
1185 4543 1318 4604 ἀντὶ,
1329 4542 1446 4607 τοῦ,
1480 4546 1796 4616 σπανιάκις,

218 4636 416 4707 ὀλίγοι.
443 4635 544 4691 Διὰ
584 4636 692 4707 γὰρ
729 4635 790 4690 τὺ
825 4631 968 4691 εἶναι
990 4637 1154 4707 ,ἡμᾶς
1179 4637 1583 4705 αὐτεξουσίους,
1610 4639 1801 4696 οὐδένα

224 4746 364 4800 προς
398 4728 523 4799 βίαν
558 4729 681 4797 ἄγει
709 4727 738 4781 6
763 4727 919 4791 Θεός.
970 4727 1199 4792 Ἦσατας
1229 4728 1341 4799 γὰρ
1366 4726 1537 4797 λέγει·
1570 4747 1589 4782 ι
1625 4728 1800 4802 Κύριε

222 4821 309 4886 τίς
344 4821 636 4874 ἐπίστευσε
662 4821 729 4890 τῇ
772 4819 910 4889 ἀκοῇ
946 4818 1140 4889 ήμῶν;
1177 4837 1196 4869 ι
1236 4818 1299 4872 Εἰ
1332 4817 1492 4873 τοῦτό
1527 4836 1613 4886 σε,
1642 4821 1799 4891 φησὶ,

227 4912 570 4978 σκανδαλίζει
597 4912 659 4967 τὸ
691 4912 767 4982 μὴ
797 4911 1004 4972 πάντας
1036 4911 1365 4977 ὑπακοῦσαι,
1398 4911 1532 4966 αύτό
1558 4928 1620 4967 σε
1644 4912 1803 4969 τοῦτο

228 5003 521 5059 πιστεῦσαι
547 5005 810 5069 πεισάτω,
841 5002 1032 5074 ἐπειδὴ
1057 5000 1380 5074 πῳελέχθη,
1407 5002 1482 5066 ὡς
1512 5003 1574 5057 οὐ
1603 5003 1805 5071 πάντες

231 5095 635 5159 πιστεύσουσιν.

1888 3264 2022 3333 quin
2066 3262 2232 3318 etiam
2284 3263 2395 3334 jam
2442 3258 2574 3316 olim
2620 3258 2943 3330 praedictum
2993 3270 3113 3315 erat
3151 3258 3467 3314 missionem

1889 3352 2010 3409 ﬁeri
2063 3360 2346 3423 oportere.
2401 3350 2482 3405 Ex
2512 3360 2746 3419 utroque
2780 3348 2947 3420 igitur
2995 3348 3101 3404 ﬁde
3155 3348 3351 3421 dignus
3385 3359 3472 3406 est

1890 3453 2005 3500 tum
2030 3444 2174 3516 quod
2206 3443 2406 3497 missus
2457 3442 2551 3507 sit,
2593 3451 2708 3497 tum
2748 3441 2894 3513 quod
2935 3440 3048 3511 iam
3095 3440 3227 3495 olim
3279 3440 3478 3496 missio

1891 3536 2231 3610 praedefinita
2254 3533 2441 3591 fuerit.
2472 3555 2490 3587 ι
2520 3536 2693 3602 Quam
2717 3533 2957 3605 speciosi
2976 3532 3162 3604 pedes!
3197 3553 3219 3585 ι
3243 3533 3474 3588 Illorum

1891 3631 2059 3704 pedes
2090 3628 2298 3685 laudati
2324 3636 2492 3694 sunt,
2520 3636 2745 3700 propter
2792 3624 3013 3683 modum
3067 3625 3471 3694 praedicationis

1893 3724 2287 3795 apostolorum,
2324 3722 2418 3792 qui
2453 3720 2859 3776 annuntiabant
2905 3734 3093 3789 pacem
3127 3720 3242 3774 sive
3275 3734 3471 3774 recon-

1893 3813 2225 3870 ciliationem
2258 3813 2356 3868 Dei
2400 3828 2532 3882 erga
2561 3812 2835 3871 homines.
2868 3819 2923 3866 et
2968 3811 3109 3866 bona
3153 3827 3275 3881 quae
3320 3810 3375 3865 in
3405 3825 3486 3866 ea.

1894 3912 2042 3960 sunt.
2079 3904 2267 3973 Itaque
2295 3902 2339 3957 si
2366 3902 2523 3956 aliter
2554 3904 2781 3958 credere
2809 3917 2920 3956 non
2956 3911 3209 3972 poterant
3237 3901 3351 3956 nisi.
3375 3917 3487 3956 an.»

1895 3996 2074 4052 dirent
2099 4005 2155 4049 et
2181 3995 2285 4048 nisi
2314 3995 2395 4049 eis
2419 3994 2810 4064 praeficaretur
2838 4002 2962 4049 :est
2986 4002 3164 4048 autem
3195 3993 3301 4049 illis
3330 4010 3481 4064 praes

1896 4088 2136 4143 dicatum
2166 4093 2222 4141 et
2255 4084 2591 4140 audierunt:
2641 4085 2804 4155 plane
2830 4085 3182 4140 manifestum
3213 4094 3300 4139 est
3320 4088 3465 4154 quod

1896 4180 2042 4234 Deus
2074 4175 2212 4232 nihil
2243 4173 2654 4246 praatermiscrit
2680 4192 2694 4229 :
2728 4173 2766 4229 ii
2796 4190 2930 4231 vero
2957 4175 3051 4246 qui
3081 4191 3192 4231 non
3221 4175 3471 4231 credide-

1899 4278 2049 4336 runt,
2095 4269 2163 4326 de
2208 4267 2405 4339 seipsis
2467 4276 2899 4337 conquerantur.
2960 4285 2980 4321 ι
3017 4270 3085 4323 At
3126 4284 3233 4323 non
3280 4284 3472 4324 omnes

1899 4363 2247 4421 obedierunt.
2287 4381 2306 4415 ι
2336 4359 2608 4428 Quoniam
2649 4359 2756 4416 hoc
2789 4360 2893 4432 ipsi
2924 4361 3347 4429 adversabatur;
3384 4361 3471 4417 di-

1903 4463 2090 4512 cereut
2116 4453 2265 4509 enim
2292 4470 2306 4508 :
2339 4451 2397 4508 Si
2423 4467 2455 4507 a
2486 4450 2596 4508 Deo
2622 4451 2776 4509 missi
2809 4452 2974 4517 estis,
2999 4468 3170 4519 quare
3212 4469 3324 4509 non
3351 4470 3473 4509 om-

1901 4563 2001 4604 nes
2041 4545 2372 4603 obedierunt
2413 4543 2747 4616 Evangelio?
2794 4544 2929 4601 dicit
2968 4545 3116 4617 quod
3160 4545 3267 4603 hoc
3309 4547 3475 4603 etiam

1901 4638 2077 4695 multo
2127 4645 2255 4694 aute
2285 4634 2496 4691 dictum
2562 4635 2658 4692 sit.
2698 4655 2717 4689 ι
2756 4635 3008 4698 Domine.
3049 4635 3176 4707 quis
3205 4636 3476 4692 credidit?

1938 4748 1958 4783 ι
2003 4729 2083 4785 Ac
2149 4726 2198 4784 si
2259 4725 2409 4783 dicat
2443 4740 2572 4781 raro
2610 4725 2701 4783 vel
2763 4727 2945 4798 pauci.
2996 4727 3132 4784 Nam
3194 4744 3320 4784 eum
3374 4741 3479 4783 nos

1900 4823 2138 4879 liberum
2168 4821 2472 4877 habeamus
2499 4818 2817 4886 arbitrium,
2853 4818 3131 4877 neminem
3162 4830 3351 4879 coacte
3377 4821 3480 4878 du-

1901 4915 1979 4972 cit
2013 4914 2182 4970 Deus.
2207 4911 2376 4968 Isaias
2404 4910 2552 4967 enim
2581 4910 2717 4967 dicit
2742 4927 2758 4967 :
2815 4929 2835 4963 ι
2870 4911 3122 4977 Domine,
3145 4912 3273 4983 quis
3297 4914 3489 4970 credie

1902 5004 2027 5062 dit?
2061 5023 2080 5057 ι
2116 5002 2277 5077 345
2321 5001 2380 5059 Si
2417 5010 2491 5069 te,
2530 4999 2732 5073 inquit,
2774 5000 2882 5056 hoc
2921 4999 3154 5058 otl‘endit
3190 4990 3336 5075 quod
3367 5020 3490 5061 non

1905 5110 2101 5153 omnes
2148 5095 2506 5151 crediderunt
2542 5093 2643 5149 :id
2672 5094 2854 5165 ipsum
2901 5093 3001 5150 tibi
3040 5080 3363 5166 persuadeat
3409 5095 3479 5151 ad

230 5195 592 5260 credendum,
617 5193 875 5264 quoniam
904 5191 1222 5263 pradictum
1262 5189 1366 5246 fuit
1392 5188 1537 5260 quod
1564 5205 1676 5246 non
1707 5199 1891 5248 essent
1915 5205 2107 5247 omnes
2128 5186 2412 5244 credituri.

311 5306 332 5341 ι
376 5287 521 5357 ’Δρα
564 5287 600 5355 ή
649 5284 832 5348 πίστις
882 5282 943 5349 ἐξ
988 5283 1177 5351 ἀκοῆς.
1215 5299 1235 5333 ι
1284 5281 1504 5354 Ἐπειδὴ
1542 5281 1633 5337 ἀεὶ
1686 5282 1814 5338 Ἰουο

234 5380 371 5435 δαῖοι
392 5380 600 5452 σημεῖα
655 5374 974 5448 ῖπεζήτουν,
1026 5376 1297 5446 πρόφασιν
1354 5372 1536 5429 λαόὼν
1585 5374 1648 5429 τὸ
1677 5393 1811 5448 προ-

241 5471 493 5544 φητικὸν,
565 5468 819 5542 ιντρᾶπει
902 5467 1100 5531 αὐτοὺς
1181 5464 1259 5530 ὡς
1314 5465 1376 5519 ού
1442 5465 1550 5537 χρὴ
1608 5469 1814 5537 σημεῖα

241 5562 539 5633 manu.
581 5562 646 5616 ’Π
701 5562 811 5632 γὰρ
868 5559 1071 5623 πίστις,
1122 5556 1199 5622 ὡς
1238 5557 1456 5626 ὁρᾶται,
1503 5556 1566 5623 ἑξ
1620 5557 1814 5627 ἀκοῆς,

242 5651 342 5707 οῦκ
377 5656 442 5708 ἐκ
490 5651 733 5723 σημείων
777 5649 1004 5719 γίνεται.
1077 5665 1096 5700 ι
1162 5647 1226 5701 ’Π
1283 5647 1341 5701 δὲ
1401 5647 1541 5717 ἀκοὴ
1589 5648 1677 5701 διὰ
1718 5649 1818 5719 9+,-

254 5761 419 5811 ματος
451 5744 608 5798 Θεοῦ.
639 5763 656 5795 ι
721 5741 941 5813 Ἐπειδὴ
993 5741 1161 5812 ἀκοὴν
1193 5736 1368 5804 εἶπεν,
1405 5739 1619 5807 ἐπάγει,
1676 5758 1693 5792 ι
1722 5740 1818 5794 Διά

257 5834 490 5905 ῥήματος
514 5832 675 5890 θεοῦ.
719 5853 737 5889 ι
771 5834 862 5906 Μὴ
888 5834 1112 5906 νομέστιι
1168 5837 1329 5875 ἠε-ον·
1394 5833 1605 5883 ὀε-αυτ
1643 5852 1692 5889 τι
1724 5834 1817 5907 τὴς,

1988 5299 2008 5334 ι
2073 5281 2259 5352 Itaque
2312 5279 2450 5335 fides
2523 5294 2589 5334 ex
2637 5279 2827 5335 auditu
2882 5288 2984 5335 est.
3054 5296 3072 5331 ι
3132 5260 3491 5350 Quandoqui-.

1913 5374 2039 5432 dem
2098 5387 2316 5445 semper
2368 5370 2541 5428 Judaei
2609 5371 2765 5444 signa
2832 5370 3208 5444 requirebant,
3269 5383 3488 5441 sumpta

1916 5463 2206 5523 occasione
2252 5478 2322 5519 ex
2354 5463 2502 5520 dicto
2547 5464 2873 5553 prophetico
2924 5464 3182 5520 admonet
3217 5480 3314 5520 eos
3338 5465 3486 5534 quod

1913 5573 2023 5614 non
2061 5562 2312 5628 oporteat
2358 5554 2511 5628 signa
2550 5556 2830 5627 requirere
2878 5573 2894 5611 :
2934 5555 3099 5611 Fides
3140 5570 3375 5624 namque
3418 5572 3490 5613 ex

1916 5649 2110 5706 auditu
2144 5663 2255 5704 non
2281 5664 2349 5705 ex
2378 5647 2548 5720 signis
2561 5657 2877 5719 generatur.
2905 5665 2923 5697 ι
2943 5645 3374 5701 Auditusautem
3388 5660 3502 5718 pce

1919 5741 2146 5798 verbum
2172 5740 2286 5796 Dei.
2328 5758 2348 5792 ι
2380 5740 2645 5808 Quoniam
2659 5737 2906 5794 auditum
2929 5736 3165 5805 dixerat,
3190 5736 3493 5810 adjungit':

1926 5854 1943 5886 ι
1966 5836 2068 5892 l‘er
2084 5833 2313 5892 verbum
2336 5833 2453 5891 Dei.
2489 5850 2507 5885 ›
2540 5831 2619 5890 Ne
2646 5829 2947 5898 existimes,
2968 5827 3167 5902 inquit,
3194 5828 3297 5886 vite
3330 5829 3491 5903 quid:
