3880 6636
474 369 582 436 515

1523 361 1922 426 (ECUMENII
1955 308 2248 420 TRICC/E
2272 353 2616 415 EPISCOPI
3600 351 3689 414 διδ

459 493 518 538 tu
549 481 665 552 quis
686 495 738 534 es
767 479 860 551 qui
887 494 954 534 ea:
978 479 1196 533 adverso
1218 476 1532 547 respondeas
1562 475 1668 528 Deo
1688 475 1712 528 γ
1735 472 1875 527 Num
1897 471 2031 524 dicet

2137 470 2345 534 θρωπε,
2390 465 2471 518 σὺ
2517 465 2608 529 τίς
2646 458 2701 516 el
2732 463 2765 515 ὁ
2793 457 3392 527 ἀνταποκρινόμενος
3432 455 3511 521 τῷ
3553 460 3691 530 Oed),-

459 576 768 646 ﬁgmentum
791 573 839 626 ei
866 572 955 640 qui
980 586 1034 624 se
1062 569 1245 637 ﬁnxit:
1280 569 1418 633 Quid
1460 585 1542 622 me
1569 569 1646 621 ita
1695 563 1908 635 fecisti?
1949 563 2035 618 An

459 683 564 721 non
593 665 744 719 habet
773 671 1080 734 potestatem
1125 660 1322 731 ﬁgulus
1355 660 1452 714 luti
1520 676 1584 713 ea:
1630 659 1812 713 eadem
1860 673 2037 711 massa

459 756 653 824 facere,
688 753 838 806 aliud
895 752 1105 822 quidem
1131 768 1223 805 vas
1287 753 1340 805 in
1387 753 1662 813 honorem,
1712 749 1867 802 aliud
1915 763 2035 802 vero

460 845 517 898 in
546 846 894 915 ignominiam
922 843 947 896 2’

529 934 810 1002 Tanquam
848 950 916 987 ex
969 932 1332 1002 consequenti
1364 930 1616 986 fortassis
1661 929 1858 984 dices:
1890 925 2034 994 Quid

456 1039 590 1093 ergo
617 1025 888 1093 reliquum
928 1033 1012 1079 est
1039 1023 1183 1092 apud
1213 1026 1352 1076 nos?
1375 1023 1444 1078 Ut
1485 1021 1618 1090 quid
1644 1022 1754 1092 jam
1791 1033 2036 1087 conque-

455 1113 599 1168 ritur
623 1122 679 1168 et
729 1113 927 1184 punit?
978 1114 1113 1168 Nam
1143 1114 1268 1182 quis
1313 1112 1665 1182 resistitejus
1693 1109 1925 1166 consilio
1971 1123 2036 1162 ac

457 1205 729 1259 voluntati
759 1206 781 1258 ?
817 1204 1024 1258 Deinde
1052 1219 1116 1259 os
1149 1205 1260 1258 illis
1283 1204 1617 1272 obturatqui
1677 1211 1878 1256 cuncta
1918 1199 2034 1258 Dei

454 1311 622 1365 opera
647 1297 840 1352 volunt
865 1298 1444 1366 inquirere,eteornm
1477 1305 1626 1350 certe
1659 1294 1898 1348 rationes
1914 1307 2034 1361 quae

453 1371 573 1459 ipse
604 1389 734 1445 facit
769 1405 1123 1461 cognoscere.
1173 1389 1254 1444 Ob
1290 1405 1376 1455 ea,
1437 1389 1638 1458 inquit,
1683 1404 1804 1458 qua:
1837 1386 2031 1449 discis,

453 1483 656 1550 gratias
680 1482 843 1546 habe,
872 1491 1098 1551 prOpter
1132 1482 1224 1535 illa
1246 1497 1377 1536 vero
1405 1497 1528 1550 qua:
1572 1481 1788 1550 ignoras
1843 1495 1912 1534 ne
1948 1479 2032 1533 di-

452 1570 668 1633 scieris,
705 1586 885 1640 neque
924 1570 1180 1639 exquiras
1200 1579 1297 1624 aut
1341 1572 1557 1625 curiose
1578 1569 1860 1631 scruteris,
1917 1584 2038 1622 cer-

455 1661 667 1716 tissime
712 1677 1051 1732 cognoscens
1105 1663 1248 1732 quod
1297 1663 1444 1733 juste
1500 1672 1759 1731 rectaque
1825 1660 2036 1714 ratione

453 1752 736 1822 procedat,
764 1769 1076 1823 quanquam
1110 1765 1166 1808 tu
1189 1770 1409 1808 causam
1442 1755 1682 1824 ignores.
1737 1753 1806 1807 Et
1861 1768 2035 1822 quan-

2135 556 2232 622 Mh
2258 555 2384 624 ἐρεῖ
2406 555 2471 608 τὸ
2501 553 2753 622 πλάσμα
2783 551 2863 617 τῷ
2886 550 3214 605 πλάσαντι·
3251 549 3316 602 Τί
3325 566 3404 617 με
3430 550 3696 619 ἐποίησας

2136 645 2356 710 οὕτως;
2394 646 2470 699 Ἦ
2518 647 2629 698 οὐκ
2667 643 2792 712 ἔχει
2843 641 3136 706 ἐξουσίαν
3195 641 3232 694 ὀ
3270 639 3564 708 κεραμεὺς
3606 644 3696 696 τοῦ

2135 739 2358 804 πηλοῦ,
2418 737 2487 790 ἐκ
2528 735 2637 789 τοῦ
2679 735 2868 790 αὑτοῦ
2910 733 3268 808 φυράματος
3330 732 3600 800 ποιῆσαι,
3641 740 3694 792 τό

2131 828 2248 897 μέν
2295 830 2384 894 εἰς
2423 827 2605 896 τιμὴν
2649 827 2898 893 σκεῦος,
2930 827 2996 881 τὸ
3021 827 3090 880 δὲ
3127 830 3216 893 εὶς
3260 827 3546 895 ἀτιμίαν;

2215 917 2305 981 Ὠς
2334 916 2392 980 ἐξ
2421 916 2739 981 ἀκολουθίας
2774 917 2902 980 ἴσως
2934 919 3099 987 ἐρεῖςο
3137 917 3204 968 Τί
3240 915 3340 969 οὖν
3377 915 3560 968 λοιπον
3586 917 3696 987 παρ’

2135 1007 2319 1076 huic;
2352 1008 2416 1060 Τί
2451 1009 2530 1060 ἐτι
2562 1008 2837 1077 μέμφεται
2865 1007 2960 1062 καὶ
2990 1007 3209 1072 κολάζει
3238 1025 3256 1075 ;
3295 1005 3394 1069 Τίς
3420 1006 3528 1078 γὰρ
3554 1008 3696 1061 αὑτοῦ

2129 1099 2452 1152 ἀνθίσταται
2481 1101 2547 1170 τῇ
2587 1099 2750 1169 βουλῇ
2781 1101 2876 1152 καὶ
2926 1097 3004 1168 τῷ
3039 1098 3355 1167 θελήματις
3419 1091 3549 1150 Εἶτα
3591 1099 3694 1151 ἐπι-

2137 1192 2380 1260 στομίζει
2397 1191 2523 1254 τοὺς
2549 1191 2758 1253 πάντας
2780 1190 3032 1251 θέλοντας
3065 1189 3263 1260 μαθεῖν
3284 1187 3324 1243 ἃ
3345 1191 3491 1241 ποιεῖ
3518 1189 3544 1240 ὁ
3567 1188 3697 1253 Θεὸς,

2135 1283 2372 1344 καὶτοὺς
2401 1283 2590 1350 λόγους
2643 1281 2823 1334 αὐτῶν
2859 1281 3029 1351 ἧγουν
3059 1280 3166 1333 τῶν
3207 1282 3558 1351 πραγμάτων
3581 1281 3697 1334 είδέ-

2134 1391 2244 1427 ναι.
2290 1372 2462 1442 ’Υπὲρ
2505 1372 2612 1442 γὰρ
2662 1365 2738 1426 ὧν
2775 1371 3090 1442 μανθάνεις,
3145 1374 3345 1442 φησιν,
3374 1372 3534 1441 χάριν
3585 1372 3693 1441 έχεο

2137 1465 2276 1535 ὑπὲρ
2347 1458 2423 1517 ὦν
2478 1464 2728 1532 ἀγνοεῖς,
2797 1463 2872 1533 μὴ
2931 1462 3258 1532 δυσχέραινε
3293 1502 3310 1527 ,
3373 1462 3449 1533 μὴ
3480 1462 3692 1529 ἐξέταζε,

2140 1554 2214 1623 μὴ
2295 1554 2790 1625 πολυπραγμόνει,
2894 1554 3205 1622 γινώσκων,
3266 1553 3698 1625 πληροφορούμε-

2138 1664 2248 1711 νος,
2305 1648 2386 1701 ὅτι
2428 1647 2654 1710 δικαίως
2693 1647 2787 1700 καὶ
2820 1646 2960 1699 κατά
2998 1645 3161 1716 ὀρθὸν
3211 1646 3380 1714 λόγον
3411 1646 3692 1716 προϐαίνει,

2139 1739 2241 1793 κᾶν
2269 1740 2334 1793 σὺ
2351 1741 2475 1803 τοὺς
2492 1740 2684 1808 λόγους
2709 1740 2929 1808 ἀγνοῇς.
2967 1739 3075 1792 Καὶ
3108 1739 3306 1808 ἐπειδὴ
3335 1739 3511 1803 οὕτως
3529 1739 3630 1809 ἔχει
3644 1744 3716 1792 τὸ-

452 1821 753 1913 doquidem
782 1821 1102 1900 iveritasita
1127 1860 1186 1899 se
1205 1845 1392 1911 habet,
1428 1821 1486 1899 tu
1517 1846 1641 1914 quis
1673 1859 1756 1910 es,
1778 1860 1812 1898 o
1845 1844 2032 1908 homo,

2137 1826 2357 1896 ἀληθὲς,
2386 1846 2404 1878 ι
2438 1828 2508 1881 Σὺ
2534 1827 2618 1891 τίς
2649 1823 2719 1892 εἷ,
2753 1821 3090 1898 ὧάνθρωπε,
3117 1828 3686 1900 ἀνταποκρινόμενος,·

452 1936 546 2004 qui
582 1950 648 1989 ex
687 1937 919 1992 adverso
957 1939 1067 1992 Deo
1099 1937 1444 2007 respondes?
1474 1937 1582 1990 hoc
1604 1945 1708 2000 est,
1761 1948 2035 2004 repugnas

452 2038 517 2079 ac
534 2025 790 2080 discutis.
841 2026 908 2081 Et
941 2026 1081 2082 bene
1110 2027 1189 2082 ait
1225 2043 1238 2080 :
1302 2045 1319 2078 ι
1356 2027 1438 2080 Tn
1489 2026 1615 2095 quis
1643 2025 1753 2079 es?
1792 2044 1810 2075 ι
1849 2033 2034 2078 utrum

453 2114 558 2187 ipsi
585 2116 772 2172 socius
807 2132 868 2172 es
899 2118 953 2172 in
976 2118 1284 2188 principatu:
1310 2117 1332 2171 ?
1359 2133 1426 2170 an
1443 2117 1611 2188 judcx
1637 2116 1909 2185 quispiam
1940 2114 2038 2169 es?

461 2225 480 2259 ι
523 2207 666 2262 Num
694 2209 840 2264 dicet
868 2210 1209 2280 ﬁgmentum.
1253 2228 1272 2260 ι
1323 2209 1442 2264 Non
1497 2208 1614 2262 haec
1650 2207 1786 2261 dicit
1842 2207 2037 2262 tollens

450 2298 667 2353 arbitrii
719 2300 1038 2356 libertatem
1063 2341 1078 2366 ,
1143 2301 1370 2355 minime
1397 2301 1640 2370 gentium
1671 2341 1686 2362 ,
1715 2299 1810 2353 sed
1847 2307 2036 2353 osten-

451 2386 588 2444 dens
609 2390 758 2459 quod
784 2391 1044 2446 omnibus
1070 2391 1248 2447 modis
1303 2392 1415 2445 Deo
1447 2391 1834 2458 obtemperare
1867 2404 2036 2458 opor-

454 2488 586 2543 teat,
643 2497 957 2552 quanquam
987 2499 1182 2538 eorum
1242 2499 1365 2554 quae
1415 2483 1558 2535 ﬁunt
1597 2482 1841 2536 rationes
1882 2481 2038 2551 igno-

395 2633 403 2644 Ι
453 2581 640 2622 remus
678 2571 866 2639 :quod
902 2571 957 2625 in
987 2571 1241 2640 petendis
1273 2578 1369 2625 aut
1395 2587 1505 2626 non
1563 2571 1814 2641 petendis
1845 2587 1875 2625 a
1925 2570 2035 2626 Deo

454 2657 764 2714 rationibus
781 2676 1084 2732 eorumque
1117 2662 1463 2732 contingunt,
1498 2662 1660 2733 332
1686 2662 2035 2717 obedientem

453 2759 576 2806 esse
599 2752 1340 2822 eonvenitquemadmodum
1374 2753 1550 2806 lutum
1571 2761 1656 2807 est
1689 2751 1875 2822 ﬁgulo.
1904 2771 1922 2803 ι
1950 2751 2035 2807 An

453 2863 568 2904 non
597 2847 764 2902 habet
787 2854 1114 2916 potestatem
1147 2845 1346 2916 ﬁgulus
1390 2845 1514 2899 luti.
1554 2863 1573 2896 ι
1602 2842 1801 2908 Habet,
1832 2843 2033 2914 inquit,

457 2946 789 3010 potestatem
824 2937 992 3002 Deus,
1023 2935 1119 3006 qui
1145 2936 1348 2992 excitat
1382 2946 1651 3003 mortuos,
1679 2946 1739 2992 ut
1777 2936 1880 2992 bos
1911 2936 2035 3006 qui-

455 3029 582 3084 dem
613 3028 678 3083 ad
707 3027 935 3098 gloriam
957 3027 1180 3091 excitet,
1216 3026 1341 3081 illos
1367 3042 1499 3084 vero
1532 3026 1603 3082 ad
1631 3025 2032 3091 confusionem,

449 3121 606 3193 juxta
656 3120 1074 3189 congruentiam
1105 3134 1297 3173 eorum
1322 3135 1446 3189 qua:
1473 3119 1543 3174 ab
1576 3133 1912 3188 unoquoque
1933 3119 2034 3173 bo-

454 3201 604 3266 mine
624 3220 743 3265 acta
771 3220 902 3266 sunt
929 3211 985 3264 in
1005 3211 1137 3264 vita.
1187 3211 1267 3264 Ita
1302 3210 1468 3266 habet
1513 3210 1672 3266 divus
1699 3210 2028 3276 Methodius,

455 3302 604 3357 libro
637 3301 712 3355 De
732 3303 1136 3356 resurrectione.
1170 3319 1188 3352 ι
1218 3301 1378 3356 Aliud
1410 3301 1635 3371 quidem
1657 3317 1755 3356 vas
1775 3302 1830 3356 in
1862 3301 2036 3356 hono-

455 3409 596 3459 rem,
637 3393 788 3449 aliud
818 3409 949 3449 vero
986 3393 1040 3447 in
1099 3393 1477 3464 ignominiam.
1515 3413 1534 3444 ι
1581 3395 1701 3448 Non
1741 3395 1886 3462 quod
1935 3394 2035 3448 hos

453 3483 676 3553 quidem
717 3483 914 3546 bonos,
963 3483 1102 3538 alios
1153 3499 1284 3538 vero
1323 3486 1494 3538 malos
1514 3484 1674 3538 faciat
1700 3486 1875 3540 Deus.
1930 3485 2035 3539 Ne-

454 3588 754 3643 quaquam,
787 3574 883 3628 sed
906 3582 1102 3627 cuncta
1159 3574 1255 3627 Dei
1279 3589 1446 3642 opera
1472 3574 1614 3628 bona
1642 3583 1790 3639 sunt,
1816 3574 2034 3644 etquod

455 3663 525 3718 ad
557 3679 615 3719 se
663 3665 884 3726 attinet,
938 3665 1042 3718 hoc
1073 3673 1176 3727 est,
1206 3665 1360 3735 juxta
1399 3680 1558 3718 suum
1614 3666 1788 3735 ipsius
1851 3666 2035 3720 consi-

455 3754 597 3808 lium
656 3770 720 3810 ac
770 3756 1128 3816 voluntatem.
1191 3771 1381 3810 omnes
1434 3757 1597 3811 vellet
1643 3759 1843 3828 probos
1890 3774 2032 3823 esse,

459 3844 743 3900 studiosos
771 3861 834 3900 ac
863 3845 1052 3900 ﬁdeles
1085 3857 1100 3897 :
1130 3846 1223 3900 sed
1247 3847 1415 3901 veluti
1453 3861 1520 3900 ex
1556 3856 1825 3916 potestate
1870 3865 2035 3918 quam

459 3934 629 3989 habet
661 3936 808 3990 Dens
868 3945 928 3990 ut
982 3937 1148 3992 faciat
1207 3953 1326 4007 qua:
1364 3939 1621 4004 voluerit,
1656 3940 1761 3996 hoc
1802 3941 1870 3995 ab
1915 3943 2035 4010 ipso

455 4027 666 4083 dictum
750 4038 856 4083 est.
907 4029 1142 4084 Pulchre
1199 4037 1382 4084 autem
1434 4045 1496 4084 ac
1546 4030 1809 4086 decenter
1852 4035 2035 4088 omnia

454 4119 609 4184 facit,
644 4135 958 4190 quanquam
984 4137 1085 4176 nos
1114 4136 1308 4176 causas
1374 4121 1712 4192 ignoremus.
1775 4132 1830 4179 et
1887 4125 1964 4179 ait
2016 4137 2031 4178 :

456 4209 928 4276 Quemadmodum
986 4213 1184 4284 ﬁgulus
1242 4212 1392 4282 quod
1444 4214 1561 4268 vult
1613 4212 1764 4280 facit,
1828 4215 2034 4270 lutum-

453 4317 561 4372 que
584 4303 723 4357 nihil
751 4304 1091 4359 contradicit
1147 4315 1240 4358 aut
1271 4305 1585 4360 sciscitatur
1615 4324 1628 4359 :
1668 4307 1740 4360 ita
1774 4324 1823 4360 ne
1844 4323 1950 4376 que
1979 4318 2038 4362 tu

2135 1918 2432 1982 τουτέστιν,
2468 1921 2496 1972 ό
2539 1919 2992 1988 ἀντιτασσόμενος
3021 1919 3117 1972 καὶ
3151 1921 3432 1990 ἐρευνῶνς
3460 1922 3689 1975 Καλὸνδέ

2135 2008 2217 2074 τὸ,
2248 2027 2266 2060 ι
2305 2010 2375 2061 Σὺ
2414 2011 2498 2073 τίς
2527 2007 2599 2076 εἷς
2631 2028 2652 2062 ι
2688 2011 2983 2074 Κοινωνὸς,
3016 2013 3204 2082 φησὶν,
3233 2007 3285 2063 εἷ
3301 2013 3402 2081 τῆς
3424 2012 3589 2082 ἀρχῆς
3609 2014 3689 2065 αὐ-

2136 2097 2247 2168 τῷ;
2291 2097 2426 2150 ἀλλά
2457 2102 2650 2169 κριτής
2679 2118 2766 2162 τις
2815 2096 2893 2165 εἷς
2937 2120 2956 2151 ί
2996 2102 3087 2171 Μὴ
3125 2104 3246 2172 ἐρεῖ
3271 2101 3335 2154 τὸ
3386 2102 3631 2172 πλάσμας
3669 2122 3684 2156 ι

2138 2190 2212 2243 υὺ
2247 2190 2306 2243 τὸ
2334 2191 2676 2255 αὑτεξουσίον
2691 2193 2926 2263 ἀναιρῶν
2940 2191 3087 2259 λέγει
3112 2193 3321 2258 ταῦτα,
3346 2192 3528 2261 ἄπαγε
3547 2195 3558 2245 i
3580 2194 3689 2246 ἀλλὰ

2133 2282 2344 2344 δεικνὺς
2377 2283 2451 2344 ὼς
2503 2283 2638 2335 πᾶσι
2695 2283 2917 2354 τρόποις
2971 2283 3077 2354 χρὴ
3116 2283 3410 2336 πείθεσθαι
3461 2283 3536 2354 τῷ
3569 2283 3681 2353 Θεῷ.

2135 2379 2241 2432 κᾶν
2270 2379 2555 2448 ἀγνοῶμεν
2585 2379 2713 2442 τοὺς
2762 2379 2953 2447 λόγους
2982 2379 3093 2434 τῶν
3147 2381 3482 2450 γινομένων,
3534 2380 3602 2444 ὡς
3643 2382 3688 2432 ἐν

2133 2469 2211 2538 τῷ
2245 2486 2309 2538 γε
2345 2471 2598 2523 ἀπαιτεῖν
2633 2470 2739 2524 τῶν
2775 2453 3079 2542 γινομένων
3109 2472 3350 2536 εὐθύνας
3381 2473 3472 2527 τὸν
3514 2473 3680 2543 Θεὸνῆ

2137 2561 2214 2630 μὴ
2237 2562 2509 2625 ἀπαιτεῖν,
2543 2563 2835 2616 πεπεῖσθαι
2866 2564 3154 2635 προσήκει,
3184 2564 3444 2636 καθάπερ
3487 2565 3515 2618 ὀ
3543 2564 3684 2634 πηλὸς

2135 2653 2212 2723 τῷ
2242 2657 2492 2724 κεραμεῖ.
2523 2673 2542 2706 ι
2584 2655 2656 2708 Ἢ
2684 2655 2785 2707 οὐκ
2811 2654 2924 2724 ἔχει
2949 2654 3238 2725 ὲξουσίανς
3276 2675 3296 2709 ι
3322 2658 3494 2727 Ἔχει,
3522 2657 3678 2726 φησὶν,

2135 2743 2383 2808 ἐξουσίαν
2407 2747 2436 2798 ό
2466 2744 2598 2809 Θεὸς
2639 2747 2668 2797 ό
2715 2745 2945 2816 ἐγείρων
2980 2745 3110 2810 τοὺς
3141 2750 3402 2821 νεκροὺς,
3431 2748 3552 2810 τοὺς
3600 2747 3680 2816 μὲν

2135 2833 2214 2896 εἰς
2230 2830 2410 2899 δόξαν,
2435 2835 2559 2897 τοὺς
2593 2835 2649 2888 δὲ
2683 2838 2764 2900 εις
2819 2837 3084 2910 αἰσχύνην
3143 2841 3381 2910 ἐγεῖραι,
3423 2839 3556 2892 κατά
3598 2840 3676 2908 τὴν

2134 2922 2425 2991 ἀναλογίαν
2454 2923 2562 2978 τῶν
2585 2925 2800 2997 ἑκάστῳ
2829 2925 3101 2999 ἀνθρώπῳ
3123 2927 3498 3000 βεϐιωμένων.
3523 2929 3676 2993 οὕτως

2134 3015 2163 3068 ό
2188 3015 2246 3067 ἐν
2275 3015 2451 3084 ἁγίοις
2469 3015 2734 3079 Μεθόδιος
2772 3018 2832 3070 ἐν
2854 3019 2931 3089 τῷ
2960 3019 3103 3088 Περὶ
3125 3019 3520 3088 ἀναστάσεως
3541 3019 3673 3091 λόγῳ.

2141 3123 2160 3157 ι
2225 3109 2294 3160 Ὃ
2337 3107 2434 3177 μὲν
2481 3110 2561 3172 είς
2609 3109 2774 3179 τιμὴν
2810 3111 3036 3181 σκεῦος,
3093 3113 3123 3166 ὃ
3167 3113 3227 3167 δὲ
3268 3116 3350 3176 είς
3403 3115 3671 3184 ἀτιμίαν.»

2139 3198 2252 3251 Οὐκ
2299 3199 2492 3271 ἐπειδὴ
2521 3201 2646 3264 τοὺς
2688 3201 2788 3272 μὲν
2817 3203 3077 3272 ἀγαθοὺς,
3109 3206 3241 3268 τοὺς
3266 3206 3324 3259 δὲ
3354 3206 3415 3258 οὐ
3441 3204 3673 3264 τοιούτους

2141 3292 2286 3342 ποιεῖ
2321 3291 2349 3342 ό
2377 3291 2533 3355 Θεὸς,
2567 3291 2782 3360 ἀπαγει
2820 3295 2957 3348 ἀλλά
2995 3295 3169 3349 πάντα
3223 3297 3326 3367 μὲν
3355 3297 3423 3350 τά
3449 3296 3536 3350 τοῦ
3559 3295 3669 3348 Θεοῦ

2139 3383 2372 3452 χρηστὰ,
2405 3383 2544 3452 πρὸς
2572 3387 2784 3448 πάντας
2820 3388 2996 3451 κοινά,
3029 3390 3122 3443 καὶ
3154 3390 3213 3443 τό
3261 3407 3324 3460 γε
3351 3384 3480 3460 ἧκον
3505 3392 3576 3452 είς
3597 3389 3671 3441 οὔ·

2138 3475 2249 3539 τὸν,
2281 3476 2526 3530 τουτέστι
2574 3479 2717 3532 κατὰ
2749 3480 2848 3551 τὴν
2878 3482 3074 3535 ἑαυτοῦ
3104 3481 3301 3553 βουλὴν
3341 3483 3433 3536 καὶ
3468 3481 3669 3548 θέλησιν,

2137 3566 2388 3619 ἐϐούλετο
2439 3569 2646 3632 πάντας
2681 3571 2992 3642 εὐδοκιμεῖν
3016 3611 3033 3637 ,
3092 3574 3188 3625 καὶ
3231 3573 3516 3644 ἐναρέτους
3555 3565 3666 3624 εἶναι

2138 3659 2233 3711 καὶ
2262 3658 2506 3722 πιστούς.
2551 3660 2693 3712 Ἀλλ’
2730 3661 2808 3725 ὡς
2849 3663 2988 3733 πρὸς
3018 3664 3117 3735 τὴν
3152 3664 3403 3730 ἐξουσίαν
3442 3665 3504 3733 ῆν
3531 3661 3668 3730 ἔχειὸ

2137 3749 2268 3814 Θεὸς
2307 3753 2477 3805 ποιεῖν
2505 3752 2540 3807 ἃ
2569 3752 2837 3823 βούλεται,
2865 3755 3027 3809 τοῦτο
3049 3757 3198 3827 αὐτῷ
3219 3759 3456 3828 εἴρηται.
3483 3755 3667 3811 Πάντω;

2137 3842 2195 3894 δὲ
2225 3843 2405 3907 καλῶς
2435 3848 2530 3897 καὶ
2543 3846 2862 3916 πρεπόντως
2880 3851 3046 3914 ποιεῖ,
3063 3849 3168 3902 κᾶν
3193 3852 3358 3920 ἡμεῖς
3380 3849 3496 3909 τοὺς
3511 3845 3667 3910 λόγους

2137 3937 2540 4006 ἀγνοῶμεν,καί
2563 3953 2746 4009 φησιν·
2767 3940 2976 4011 Ὠσπερ
2994 3943 3021 3993 ό
3037 3943 3314 4011 κεραμεὺς
3334 3941 3362 3994 ό
3379 3940 3513 3994 θέλει
3534 3937 3661 3992 ποιεῖ.

2138 4033 2233 4082 καὶ
2261 4032 2289 4083 ὁ
2313 4030 2482 4099 πηλὸς
2496 4031 2650 4084 οὐδὲν
2685 4032 3010 4104 ἀντιλέγειῆ
3039 4036 3463 4106 περιεργάζεται
3481 4046 3495 4061 ·
3525 4029 3664 4087 οὕτως

2140 4121 2276 4192 μηδὲ
2294 4123 2382 4185 σὺ,
2405 4124 2560 4192 φησι,
2600 4125 3036 4196 περιεργάζου,ἢ
3060 4127 3272 4195 ἀγνοῶν
3303 4126 3610 4196 δυσχέραινε,
3636 4117 3661 4168 ἆ

2137 4215 2203 4269 ἂν
2232 4216 2261 4267 ὁ
2292 4215 2424 4278 Θεός
2451 4233 2512 4269 σε
2539 4218 2750 4285 ἀγνοεῖν
2783 4218 3063 4288 βούληται.
3089 4221 3195 4272 Καὶ
3229 4221 3421 4289 ἄγνοια
3457 4234 3533 4272 σοι
3551 4215 3662 4267 πᾶν·

2143 4323 2250 4369 τως
2281 4306 2571 4378 συμφέρει·
2604 4307 2636 4377 ἢ
2669 4309 2776 4378 γὰρ
2796 4308 2862 4363 ἂν
2879 4309 3162 4380 ἐδιδάχθης
3192 4314 3274 4375 εἰς
3294 4311 3330 4365 ἀ
3350 4313 3445 4364 οὐκ
3475 4311 3657 4378 ἐμαθτς.

452 4391 670 4464 curiose
697 4397 962 4450 scruteris
1007 4404 1103 4448 aut
1143 4395 1461 4450 discutieris
1494 4396 1638 4464 quod
1668 4396 1760 4450 illa
1795 4397 2015 4467 ignores
2077 4414 2200 4468 qua:
2249 4399 2394 4453 Deus
2453 4407 2505 4454 te
2541 4400 2779 4453 voluerit
2818 4401 3095 4472 ignorare.
3143 4403 3359 4457 Etenim
3402 4399 3657 4473 ignorantia

455 4481 554 4536 tibi
595 4485 822 4537 omnino
847 4485 996 4539 utilis
1018 4495 1100 4538 est
1129 4494 1144 4538 ξ
1176 4486 1382 4555 alioqui
1406 4484 1636 4540 edoctus
1663 4501 1815 4540 esses
1851 4487 1906 4540 in
1938 4487 2025 4542 bis
2063 4503 2185 4558 qua:
2217 4504 2328 4542 non
2351 4488 2709 4559 intelligeres.

527 4572 618 4639 IX,
645 4575 833 4628 92-24.
872 4575 1024 4641 Quod
1055 4578 1100 4630 si
1151 4577 1289 4632 Deus
1335 4579 1510 4632 volens
1555 4580 1823 4633 ostendere
1866 4582 2029 4644 iram,

2207 4586 2278 4637 Et
2317 4583 2386 4635 δὲ
2423 4583 2617 4637 θέλων
2654 4588 2686 4638 ὀ
2723 4583 2867 4650 Θεὸς
2905 4585 3288 4650 ἐνδείξασθαι
3331 4587 3439 4652 τὴν
3480 4582 3653 4652 ὀργὴν.

451 4674 499 4718 et
521 4673 704 4719 notam
733 4667 906 4736 facere
929 4670 1220 4738 potentiam
1242 4685 1417 4732 suam,
1446 4673 1572 4724 tulit
1605 4675 1773 4725 multa
1798 4673 2038 4743 longani-

451 4757 637 4811 mitate
669 4775 800 4812 vasa
824 4761 917 4812 ira:
975 4769 1248 4829 apparata
1298 4763 1353 4814 in
1382 4763 1698 4828 interitum;
1721 4772 1768 4816 et
1797 4773 1855 4816 ut
1880 4774 2036 4819 notas

451 4849 645 4919 faceret
671 4852 882 4905 divitias
895 4849 1080 4922 gloria:
1109 4870 1220 4907 sua:
1265 4855 1319 4908 in
1351 4871 1479 4908 vasa
1508 4857 1887 4910 misericordia:
1917 4875 2034 4930 qua:

451 4944 776 5012 prwparavit
813 4944 866 4995 in
905 4942 1181 5012 gloriam:
1207 4962 1336 5016 quos
1389 4955 1438 4999 et
1489 4947 1714 5010 vocavit,
1778 4949 2034 5002 nimirum

456 5051 550 5087 nos
620 5049 640 5086 :
719 5051 823 5088 non
889 5037 1063 5092 solum
1118 5054 1182 5091 ex
1233 5038 1455 5103 Judwis,
1519 5055 1699 5094 verum
1749 5040 1908 5094 etiam
1975 5056 2040 5094 ex

456 5127 712 5180 sentibus.

523 5217 1020 5287 Longanimitatem
1071 5219 1243 5274 voluit
1266 5221 1586 5287 Ostendere,
1622 5223 1719 5278 sed
1772 5224 1900 5293 quia
1931 5224 2029 5278 Del

449 5308 866 5378 longanimitate
889 5312 954 5365 ad
982 5313 1148 5365 vitam
1168 5312 1490 5382 flagitiosum
1523 5316 1727 5370 abusus
1746 5325 1850 5380 est,
1876 5315 2034 5370 dein-

449 5414 578 5468 ceps
617 5399 781 5453 etiam
809 5401 944 5454 iram
977 5401 1239 5456 ostendit.
1271 5420 1290 5452 ι
1316 5400 1674 5471 Videjudicia
1701 5402 1816 5456 Dei.
1857 5420 1877 5452 ι
1918 5401 2029 5454 Ali-

365 5521 371 5526 ι
452 5502 553 5545 ter.
601 5493 706 5547 Per
734 5494 838 5548 hoc
867 5494 1014 5564 quod
1041 5495 1119 5549 ait
1151 5511 1164 5549 :
1195 5513 1212 5546 ι
1257 5494 1414 5561 Quod
1447 5496 1492 5550 si
1537 5497 1682 5550 Deus
1718 5496 1910 5550 volens
1941 5511 2030 5550 os-

453 5589 702 5655 tendere,
736 5609 754 5640 ›
782 5599 878 5643 aut
898 5591 1052 5660 prius
1077 5599 1459 5660 argumentum
1483 5591 1748 5654 declarat,
1777 5590 2028 5660 pluribus

454 5682 589 5736 illud
623 5682 862 5737 dilatans
909 5699 972 5737 ac
992 5683 1367 5746 manifestans,
1419 5692 1514 5736 aut
1563 5684 1780 5752 proprie
1832 5682 1899 5736 ad
1963 5698 2026 5736 ea

451 5791 572 5844 qua:
601 5774 745 5830 dicta
785 5786 915 5831 sunt
983 5776 1217 5829 alterum
1250 5776 1480 5841 inducit,
1509 5777 1653 5845 quod
1693 5775 1872 5829 eidem
1911 5755 2027 5829 ser-

2134 4674 2233 4728 καὶ
2262 4675 2549 4744 γνωρίσαι
2583 4675 2650 4728 τὸ
2671 4674 2934 4730 δυνατὸν
2954 4679 3160 4743 αὐτοῦ,
3197 4679 3446 4749 ἤνεγκεν
3471 4675 3656 4730 ἐνπολο

2134 4767 2217 4835 λῇ
2262 4771 2635 4837 μακροθυμίᾳ
2682 4768 2873 4835 σκεύη
2916 4769 3100 4840 ὀργῆς
3147 4769 3559 4841 κατηρτισμένα
3587 4766 3652 4824 εις

2135 4858 2439 4912 ἀπώλειαν
2461 4873 2476 4889 ο
2531 4858 2632 4912 και
2689 4858 2792 4912 ινα
2830 4861 3092 4928 γνωρίσῃ
3133 4860 3241 4914 τὸν
3287 4859 3534 4915 πλοῦτον
3567 4850 3652 4917 τῆς

2136 4947 2324 5015 δόξης
2345 4947 2532 5002 αὑτοῦ
2561 4946 2661 5001 ἐπὶ
2695 4948 2886 5012 σκεύη
2917 4947 3133 5014 ἐλέους
3181 4947 3220 5002 d
3254 4946 3648 5018 προητοίμασεν

2136 5039 2222 5102 είς
2267 5037 2490 5100 δόξαν·
2534 5036 2642 5101 οὓς
2695 5037 2796 5089 καί
2837 5035 3154 5101 ἐκάλεσεν,
3191 5037 3458 5108 ἡμᾶς,οὑ
3494 5034 3648 5104 μόνον

2136 5127 2206 5191 ἐξ
2246 5127 2572 5191 Ἰουδαίων,
2610 5126 2772 5180 ἀλλὰ
2812 5126 2912 5179 καὶ
2948 5127 3019 5191 ἐξ
3069 5127 3280 5183 ἐθνῶν.

2207 5219 2610 5288 Μακροουμίαν
2653 5219 2921 5288 ἠθέλησεν
2980 5220 3337 5285 ἐνδείξασθαι,
3363 5217 3467 5274 ἀλλ’
3497 5208 3642 5275 ἐπειδῆ

2133 5311 2213 5372 είς
2255 5310 2515 5362 ἀπόνοιαν
2573 5312 2636 5380 τῇ
2685 5311 3038 5384 μακροθυμίᾳ
3089 5313 3184 5367 τοῦ
3218 5312 3349 5368 Θεοῦ
3402 5307 3637 5381 ἐχρήσατο,

2133 5403 2228 5454 καὶ
2283 5401 2468 5454 λοιπὸν
2515 5403 2684 5473 ὀργὴν
2726 5405 3044 5470 ἐνεδείξατο.
3079 5426 3097 5458 ι
3136 5408 3277 5478 Ὅρα
3330 5405 3397 5458 τά
3438 5398 3636 5470 κρίματα

2134 5492 2230 5545 τοῦ
2268 5493 2426 5546 Θεοῦ.
2457 5511 2475 5544 ι
2497 5524 2568 5534 —
2603 5496 2712 5550 Καὶ
2740 5495 2962 5562 ἄλλως.
2992 5497 3192 5569 [ΦΩΤ.]
3223 5499 3312 5561 Τὸ,
3350 5515 3368 5546 ι
3403 5494 3457 5545 Εί
3495 5488 3542 5541 δὲ
3567 5483 3635 5535 θέε

2135 5585 2241 5638 λων
2273 5587 2301 5638 ό
2333 5586 2463 5648 Θεὸς
2491 5587 2852 5654 ἐνδείξασθαι,
2887 5608 2906 5641 ι
2962 5590 2995 5658 ἢ
3031 5589 3125 5642 τοῦ
3161 5591 3265 5661 πρὸ
3295 5584 3446 5642 αὑτοῦ
3472 5581 3635 5643 ἐπιχει-

2137 5681 2380 5751 ρήματός
2432 5681 2602 5750 ἐστιν]
2624 5679 3032 5750 ἐξαγγελτικὸν,
3083 5683 3172 5735 διὰ
3222 5679 3461 5734 πλειόνων
3496 5667 3632 5721 ἐκεῖνο

2137 5773 2404 5828 πλατύνον
2429 5774 2522 5827 καὶ
2551 5772 2915 5841 ἀπαγγέλλον,
2948 5773 2982 5841 ἢ
3017 5772 3162 5836 ἰδίως
3189 5774 3319 5844 πρὸς
3348 5769 3446 5830 τοῖς
3460 5751 3633 5830 εἰρημέο
