3880 6556
252 354 336 422 {ll

1262 345 1646 407 COMMENT.
1692 344 1770 404 IN
1807 344 2047 405 EPIST.
2076 345 2176 405 AD
2219 344 2399 407 ROM.

3334 340 3439 407 518

245 482 338 528 oon;
357 465 525 532 ἕτερον
552 460 775 525 εἰσάγει,
824 460 903 520 εἰς
958 456 1058 528 τὴν
1100 456 1269 526 αὐτὴν
1302 458 1553 511 ὑπόθεσιν
1587 474 1769 509 συντε-

1911 454 1985 509 iat
2013 447 2317 524 proposito.
2345 452 2622 523 Oportuit,
2669 451 2867 522 inquit,
2920 462 3107 511 nolam
3157 453 3275 508 ﬁeri
3331 470 3439 524 pu-

245 556 399 610 λοῦν.ο
432 552 594 617 Ἔδει,
637 550 791 621 φησὶ,
839 550 1208 621 γνωρισθῆναι
1253 549 1351 620 τὴν
1406 547 1767 620 τιμωριτικὴν

242 648 444 717 δύναμιν
471 643 557 697 τοῦ
588 642 742 707 Θεοῦ,
791 642 898 694 ἔδει
939 642 1037 709 τὴν
1080 641 1483 714 μακροθυμίαν,
1518 640 1623 693 ἔδει
1670 640 1768 711 τὴν

243 736 618 808 φιλανθρωπίαν
670 735 766 788 καὶ
829 733 890 787 τὸ
928 734 1097 798 ἕλεος,
1126 736 1220 788 καὶ
1244 735 1340 805 τὴν
1369 734 1573 803 ἄφατον
1604 731 1768 787 αὐτοῦ

242 833 379 897 δὸξαν
431 829 519 880 καὶ
564 827 781 896 πολλὴν.
818 825 1006 879 Ταῦτα
1055 827 1110 879 δὲ
1145 825 1307 878 πόθεν
1358 825 1632 878 δείκνυται
1659 842 1674 890 ;
1705 826 1772 878 ἐκ

241 923 335 974 τῶν
375 910 660 971 δοκούντων
703 918 815 979 τοῖς
865 916 1075 979 πολλοῖς
1121 916 1469 984 παραλόγων.
1532 916 1628 969 Ἐκ
1675 913 1770 968 τοῦ

238 1007 435 1080 Φαραὼ,
464 1009 526 1059 ἐκ
551 1007 643 1060 τοῦ
678 1006 902 1061 καλέσαι
931 1005 1020 1059 τὸν
1045 1006 1103 1058 οὐ
1128 1005 1274 1070 λαὸν,
1297 1005 1444 1067 λαὸν,
1481 1007 1545 1059 ἐκ
1589 1005 1681 1058 τοῦ
1714 1005 1773 1058 τὸ

241 1100 564 1170 κατάλειμμα
613 1099 889 1166 σωθῆναι,
940 1097 1035 1151 καὶ
1080 1098 1145 1150 ἐκ
1193 1096 1302 1150 τῶν
1352 1096 1772 1167 παραπλησίων.

241 1194 384 1246 Ὥστε
414 1192 470 1258 ἐξ
499 1184 571 1243 ὧν
604 1191 652 1244 oi
684 1189 998 1259 ἀγνώμονες
1043 1189 1255 1243 ἀδικίαν
1307 1189 1777 1259 καταψηφίζονται

1869 544 2098 600 nitivam
2126 545 2222 600 Dei
2274 543 2605 614 potentiam,
2656 543 2901 612 oportuit
2950 542 3441 614 longanimitatem,

1870 635 2116 705 oportuit
2159 635 2554 705 benignitatem
2582 634 3091 689 etmisericordiam
3121 649 3185 689 ac
3246 634 3444 688 ineﬁ'a-

1872 726 2037 781 hi‘iem
2081 726 2490 795 maximamque
2521 725 2695 795 ipsius
2746 725 2997 796 gloriam.
3063 725 3217 781 Unde
3262 735 3445 779 autem

1872 820 1994 876 h:ec
2018 819 2419 874 ostenduntur?
2449 819 2528 873 Ex
2568 819 2655 872 his
2704 834 2826 888 qua:
2875 820 3040 890 vulgo
3081 818 3341 874 videntur
3359 820 3444 874 ine

1873 913 2183 973 credibilia,
2204 912 2366 982 333
2384 927 2450 965 ex
2475 912 2763 966 Pharaone
2787 928 2802 976 ;
2825 926 2891 965 ex
2922 911 3027 966 hoc
3049 912 3332 981 quodcum
3351 910 3445 981 qui

1874 1022 1981 1061 non
2007 1014 2128 1059 erat.
2147 1005 2403 1074 populus,
2431 1004 2710 1058 vocaverit
2749 1004 3050 1074 populum;
3085 1019 3151 1059 cx
3183 1019 3252 1059 eo
3303 1003 3450 1074 quod

1877 1095 2141 1165 reliquias
2169 1095 2335 1149 Israel
2370 1095 2685 1158 salvaverit,
2735 1103 2899 1164 atque
2918 1111 2985 1150 ex
3013 1094 3310 1150 similibus.
3338 1095 3451 1150 Ita-

1876 1202 1984 1256 que
2014 1202 2113 1255 per
2143 1186 2195 1241 id
2228 1186 2375 1255 quod
2402 1185 2594 1255 perﬁdi
2633 1186 2803 1241 Deum
2835 1186 3330 1241 condemnaverint
3364 1186 3453 1240 in-

237 1285 319 1340 τοῦ
341 1283 488 1349 Θεοῦ,
522 1284 570 1337 οἱ
607 1280 951 1353 εὐγνώμονες
983 1280 1194 1350 μεγάλα
1239 1280 1634 1351 κερδαίνουσιν.
1663 1281 1779 1334 Οὐκ

1902 1278 2123 1342 υειίιὶιιι,
2154 1278 2210 1332 hi
2237 1277 2333 1347 qui
2364 1276 2510 1346 aequi
2535 1284 2701 1342 sunt,
2761 1277 3056 1346 plurimum
3123 1275 3265 1331 lucri
3307 1275 3444 1339 lece-

236 1378 331 1450 ἀρα
360 1379 390 1449 ἡ
416 1377 521 1430 τῶν
545 1378 881 1446 πραγμάτων
917 1374 1078 1442 φύσις
1111 1372 1225 1444 ἔχει
1253 1373 1316 1427 τὸ
1346 1375 1573 1445 ἄπορον,
1606 1373 1723 1427 ἀλλ’
1743 1376 1776 1444 ἡ

1902 1379 2032 1425 ὐηι.
2052 1371 2257 1425 Rerum
2281 1369 2448 1441 igitur
2472 1378 2667 1424 natura
2691 1369 3105 1439 perplexitatem
3131 1385 3241 1423 non
3264 1368 3454 1433 habet,

236 1470 330 1522 τῶν
355 1466 805 1538 ἀγνωμονούντων
824 1466 886 1520 τὸ
910 1467 1253 1537 βλάσφημον.
1388 1528 1398 1536 .

1902 1461 1978 1516 ιοά
2000 1460 2336 1532 perﬁdorum
2371 1460 2736 1530 blasphemia.
3212 1476 3213 1479 ‘

299 1560 531 1626 Ἄλλως.
560 1558 654 1623 Τὸ,
680 1577 697 1610 ι
723 1560 783 1613 Εἰ
805 1560 862 1613 δὲ
884 1558 1073 1623 θέλων,
1103 1579 1121 1613 ι
1145 1561 1239 1615 καὶ
1261 1558 1408 1630 ἑξῆς,
1427 1559 1534 1613 τῶν
1551 1561 1658 1631 πρὸ
1679 1560 1781 1615 αύ-

1954 1554 2071 1608 Αιίο
2151 1553 2324 1607 modo.
2389 1552 2448 1607 Id
2501 1552 2649 1622 quod
2722 1552 2799 1605 ait
2849 1570 2862 1606 :
2936 1571 2955 1604 ι
3009 1549 3165 1618 Quod
3219 1552 3264 1604 si
3316 1551 3459 1607 Deus

236 1650 316 1704 τοῦ
346 1652 589 1720 ἢρτηται.
633 1649 695 1703 El.
735 1650 923 1712 θέλων,
963 1652 1151 1721 φησὶν,
1188 1651 1217 1703 ὁ
1253 1650 1384 1715 Θεὸς
1422 1649 1780 1717 ἐνδείξασθαι,

1906 1648 2119 1712 volens,
2149 1666 2167 1698 ι
2249 1654 2384 1709 etc.,
2464 1643 2909 1715 praecedentibus
2977 1644 3344 1698 connectitur.
3400 1640 3457 1697 Si

234 1743 319 1796 καὶ
358 1743 440 1796 ἵνα
480 1743 754 1814 γνωρίσῃ.
798 1742 893 1796 καὶ
933 1744 1052 1797 ἐκεῖ
1092 1742 1455 1814 κληθήσονται
1498 1745 1605 1797 υἱοὶ
1647 1744 1781 1798 Θεοῦ

1902 1744 2096 1804 ῖοῖοιιε,
2125 1739 2325 1810 inquit,
2347 1740 2489 1793 Deus
2516 1738 2833 1802 ostendere,
2858 1744 3031 1807 utque
3060 1745 3250 1790 notum
3275 1735 3458 1800 faciat,

235 1833 444 1897 ζῶντος,
472 1833 651 1886 καὶτὸ
682 1834 1031 1904 κατάλειμμα
1063 1833 1159 1889 τοῦ
1194 1834 1410 1907 Ἰσραὴλ
1442 1835 1776 1907 σωθήσεται,

1902 1840 1960 1897 3t,
2041 1832 2187 1902 quod
2257 1830 2333 1885 ibi
2410 1828 2757 1884 vocabuntur
2806 1826 2902 1881 ﬁlii
2947 1826 3044 1882 Dei
3096 1826 3352 1891 viventis,
3406 1832 3462 1878 et

235 1926 276 1977 εί
309 1923 469 1978 ταῦτα
511 1928 690 1990 ποιεῖ,
736 1928 800 1979 σὺ
843 1927 927 1988 τίς
970 1922 1024 1980 εἴ
1063 1929 1092 1980 ὁ
1134 1927 1662 1998 ἀνταποκρινόμενος
1706 1928 1784 1999 τῷ

1902 1924 2031 1995 ιυοά
2054 1923 2302 1994 reliquiae
2332 1923 2499 1978 Israel
2523 1924 2685 1977 salva:
2714 1921 2881 1976 ﬁent:
2914 1922 2960 1976 si
3022 1921 3137 1976 haec
3187 1919 3338 1984 facit,
3403 1927 3466 1973 tu

236 2015 373 2084 Θεῷ;
418 2035 436 2068 ι
475 2014 846 2084 Ἐνδείξασθαι
887 2018 985 2089 τὴν
1028 2017 1221 2089 ὀργὴν.
1269 2037 1290 2071 ι
1340 2018 1691 2091 [ΟΙΚΟΥΜ.],
1717 2051 1783 2062 -

1902 2014 2011 2084 luis
2070 2029 2132 2069 es
2170 2014 2264 2083 qui
2292 2029 2361 2068 ex
2389 2012 2631 2067 adverso
2670 2011 2974 2082 rependens
3025 2011 3180 2067 Deo?
3219 2029 3237 2062 ι
3271 2009 3465 2066 Osten-

236 2110 334 2164 Οὐκ
360 2106 463 2180 ἀρα
483 2109 657 2179 ὀργῆς
693 2109 855 2163 πάθει
884 2111 1001 2181 ἥλω
1029 2111 1184 2174 Θεὸς,
1213 2110 1427 2180 ἀποιγεί
1462 2111 1576 2166 ἀλλ’
1599 2112 1785 2183 ἐπειδὴ

1902 2106 2017 2159 lere
2079 2105 2241 2158 iram.
2310 2122 2329 2155 ι
2368 2103 2492 2158 Non
2546 2117 2680 2157 sane
2733 2103 2829 2157 ira:
2890 2101 3090 2157 aﬁ‘ectu
3147 2109 3344 2170 captus
3376 2108 3465 2155 est

234 2200 388 2254 ταῦτα
412 2203 665 2272 εποίησεν
690 2202 727 2256 ἃ
752 2205 909 2273 ἡμεῖς
939 2203 1282 2274 ὀργιζόμενοι
1313 2191 1595 2273 ποιοῦμεν,
1619 2201 1787 2274 ὀργὴν

1902 2199 2053 2263 Dens,
2111 2196 2287 2252 absit!
2334 2195 2431 2252 sed
2458 2195 2717 2266 qnoniam
2742 2194 2859 2250 hac
2882 2193 3014 2248 fecit
3056 2207 3179 2263 quae
3205 2207 3307 2246 nos
3340 2190 3465 2246 irati

235 2288 288 2343 τὸ
312 2288 531 2361 πρᾶγμα
565 2291 634 2346 ὲκ
664 2290 758 2348 τοῦ
792 2294 925 2362 ἡμῖν
956 2293 1233 2364 γνωρίμου
1264 2292 1544 2347 ἐκάλεσεν.
1576 2311 1594 2344 ι
1624 2293 1790 2346 Ἤνεο

1902 2276 2380 2377 Γοοίιηυε,.ῐοριιιω
2427 2291 2549 2361 ejus
2597 2290 2822 2344 vocavit
2855 2289 3014 2354 iram,
3083 2287 3154 2342 ab
3205 2301 3273 2343 eo
3318 2286 3466 2358 quod

235 2396 351 2448 γκεν
376 2384 431 2435 ὲν
454 2381 622 2453 πολλῇ
659 2383 1010 2455 μακροθυμίᾳ
1036 2383 1206 2453 σκεύη
1236 2384 1425 2455 ὀργῆς.
1458 2402 1476 2437 ι
1508 2382 1787 2451 Τουτέστι,

236 2474 360 2527 πάνυ
400 2474 883 2545 ἐμακροθύμησεν,
922 2478 1004 2539 εἰς
1049 2477 1337 2546 μετάνοιαν
1377 2476 1527 2546 ἄγων
1561 2475 1652 2531 τὸν
1685 2477 1793 2530 Φα-

240 2562 359 2634 ραώ.
400 2564 483 2629 Ὠς
515 2563 573 2619 δὲ
606 2567 711 2620 οὐκ
744 2562 874 2638 ἦλθε
910 2568 1047 2638 πρὸς
1082 2569 1481 2640 σωφρονισμὸν,
1517 2568 1793 2641 ἐτιμωρή-

239 2672 353 2709 σατο
383 2655 561 2713 αὐτόν.
599 2677 622 2711 ε
666 2658 845 2731 Σκεύη
877 2661 1067 2731 ὀργῆς.
1106 2680 1126 2714 ι
1165 2660 1223 2715 '0
1258 2661 1358 2731 μὲν
1390 2662 1523 2725 Θεὸς
1553 2662 1792 2735 ἐμακρο·

238 2747 460 2819 θύμησεν
481 2751 569 2802 ἐπ’
586 2751 776 2817 αὑτὸν,
801 2752 830 2804 ὁ
853 2751 911 2805 δὲ
934 2749 1134 2822 Φαραὼ
1157 2751 1348 2820 γέγονε
1376 2751 1567 2816 σκεῦος
1588 2752 1792 2824 ὀργῆς,

236 2840 513 2904 τουτέστιν,
549 2842 845 2913 ἄνθρωπος
878 2843 979 2912 τὴν
1011 2838 1107 2896 τοῦ
1145 2842 1280 2896 Θεοῦ
1315 2842 1570 2897 ἀνάπτων
1602 2844 1792 2916 ὀργὴν,

238 2928 269 3001 ἢ
305 2930 397 3002 τὴν
434 2931 528 2986 τοῦ
567 2932 712 2986 Θεοῦ
752 2933 921 3005 ὀργὴν
953 2932 1351 3003 ἐπισπώμενος.
1394 2934 1505 2989 Καὶ
1545 2936 1606 2989 ού
1642 2935 1798 2990 τοῦτο

243 3022 414 3091 μόνον,
439 3021 573 3078 ἀλλά
607 3027 709 3079 καὶ
735 3028 813 3089 είς
849 3024 1125 3080 ἀπώλειαν
1153 3028 1583 3099 κατηρτισμένος
1601 3069 1617 3094 ,
1644 3045 1798 3082 τουτ-

1889 2385 2052 2440 nobis
2094 2363 2378 2454 cognitum
2409 2393 2513 2438 est.
2564 2401 2583 2434 ι
2663 2382 2817 2438 Tulit
2847 2382 3023 2437 multa
3048 2379 3467 2452 longanimitate

1889 2491 2020 2532 vasa
2048 2475 2163 2530 iraa.
2226 2474 2341 2529 Hoc
2406 2481 2512 2540 est,
2578 2472 2686 2528 fuit
2750 2470 3046 2528 admodum
3117 2470 3468 2541 longanimis,

1891 2567 2238 2623 Pharaonem
2270 2565 2482 2620 ducens
2529 2563 2599 2619 ad
2649 2564 3072 2635 paenitentiam:
3105 2577 3300 2618 verum
3343 2578 3471 2618 cum

1892 2672 2002 2712 non
2077 2656 2287 2710 rediret
2385 2655 2455 2711 ad
2533 2653 2881 2720 modestiam,
2919 2653 3185 2708 ultionem
3240 2651 3310 2708 de
3377 2653 3473 2707 illo

1893 2748 2152 2819 sumpsit.
2218 2766 2237 2800 ι
2289 2747 2572 2804 Vasairte.
2613 2765 2633 2799 ι
2690 2746 3079 2817 Deusquidcm
3141 2745 3474 2816 longanimis

1868 2840 2001 2896 .l'uit
2024 2840 2171 2910 quod
2208 2839 2262 2892 in
2285 2854 2346 2895 se
2372 2846 2512 2924 erat.
2540 2839 2715 2925 Porro
2735 2838 2950 2894 Pharao
2978 2854 3072 2893 vas
3103 2837 3208 2892 fuit
3227 2837 3346 2900 irae,
3368 2838 3476 2894 hoc
3574 2898 3580 2907 ,

1896 2942 2002 2995 est,
2041 2932 2207 2987 homo
2235 2922 2566 3002 exasperans
2599 2922 2736 2986 iram
2766 2930 2887 2996 Dei,
2922 2930 3007 2983 vel
3049 2928 3148 2984 Dei
3192 2928 3477 2984 attrahens

1901 3025 2062 3080 iram.
2099 3025 2213 3081 Nec
2240 3025 2295 3080 id
2324 3025 2528 3091 solum,
2582 3037 2777 3079 verum
2844 3023 3012 3078 etiam
3069 3030 3365 3093 apparatus
3405 3021 3476 3077 ad

241 3113 397 3180 ἐστιν,
426 3117 839 3188 ἀπηρτισμένος
859 3117 954 3172 καὶ
971 3118 1385 3190 τετελειωμένος
1418 3119 1553 3190 πρὸς
1587 3120 1648 3174 τὸ
1682 3121 1790 3175 δεῖν

1902 3120 2206 3207 interitum,
2245 3118 2298 3173 id
2328 3127 2434 3182 est,
2457 3118 2524 3172 ad
2565 3116 2672 3172 hoc
2697 3116 2952 3200 addictus
2974 3124 3031 3172 et
3065 3123 3402 3185 praeparatus
3417 3122 3480 3169 ut

241 3205 552 3262 ἀπολέσθαι*
600 3209 781 3279 δηλῶν
817 3211 900 3264 ὅτι
948 3210 1303 3279 αὐτόςῖὲστιν
1345 3212 1517 3275 αἴτιος
1560 3214 1659 3284 τῆς
1700 3214 1794 3268 τοῦ

1904 3205 2090 3281 perire
2116 3218 2398 3280 oporteret
2429 3227 2444 3264 :
2475 3210 2835 3264 manifestans
2866 3207 3017 3278 quod
3070 3207 3188 3277 ipse
3249 3207 3344 3262 iraa
3377 3207 3476 3263 Dei

241 3297 360 3352 Θεοῦ
388 3299 555 3372 ὀργῆς
583 3303 684 3355 καὶ
708 3301 808 3372 τῆς
836 3302 1031 3356 ἑαυτοῦ
1061 3301 1357 3368 ἀπωλείας.
1383 3304 1456 3357 Ού
1489 3303 1596 3374 γὰρ
1623 3306 1795 3370 αἴτιος

241 3391 268 3442 ὁ
297 3391 418 3455 Θεὸς
447 3393 555 3447 τῶν
588 3394 800 3460 κακῶν,
833 3393 947 3447 ἀλλ’
973 3393 1200 3459 ἕκαστος
1232 3395 1423 3450 ἑαυτὸν
1452 3397 1799 3451 κατασκευά-

244 3482 317 3546 ζει
359 3485 542 3549 σκεῦος
591 3484 788 3556 ὀργῆς,
834 3486 1082 3557 καθάπερ
1128 3488 1221 3539 καὶ
1262 3485 1455 3550 σκεῦος
1498 3485 1803 3560 φιλανθρω-

246 3576 382 3640 πίας,
424 3579 730 3641 τουτέστιν,
778 3578 981 3642 ἐλέους.
1031 3578 1215 3642 Οὕτως
1265 3580 1358 3632 καὶ
1402 3581 1431 3633 ὁ
1474 3581 1691 3653 Φαραὼ,
1740 3582 1798 3635 ού

247 3668 383 3737 παρὰ
412 3668 503 3722 τὸν
536 3666 700 3736 Θεὸν,
735 3669 872 3723 ἀλλά
911 3670 1063 3741 παρά
1096 3670 1194 3739 τὴν
1231 3669 1438 3723 οἰκείαν
1471 3669 1668 3726 κακίαν
1702 3672 1801 3726 πέ-

245 3759 422 3812 πονθεν
443 3760 480 3815 ἀ
505 3760 800 3815 πέπονθεν.
836 3779 856 3814 ι
890 3760 1315 3832 Κατηρτισμένα
1339 3763 1419 3826 είς
1444 3761 1741 3823 ἀπώλειαν.
1776 3782 1796 3817 ι

244 3851 324 3916 Τί,
360 3855 543 3925 φησὶν,
589 3853 814 3922 ἀλογίαν
856 3852 1288 3923 καταγινώσκεις
1323 3853 1418 3907 τοῦ
1458 3854 1623 3923 Θεοῦ;
1661 3856 1803 3910 κατά

247 3936 576 4011 ὖποστιγμὴν
622 3941 1027 4010 ἀναγνωστέον.
1076 3943 1182 3996 Καὶ
1225 3942 1413 4014 ἐπειδὴ
1451 3943 1624 4009 οὕτως
1666 3961 1805 4014 συμ-

249 4030 427 4099 βαίνει,
470 4034 547 4098 τί,
593 4035 783 4103 φησιν,
826 4035 1049 4103 ἀλογίαν
1094 4034 1557 4103 καταγινώσκεις;
1598 4054 1617 4089 ε
1645 4038 1806 4091 Ἤνε-

247 4137 367 4189 γκεν
394 4125 472 4187 είς
501 4122 805 4178 ἀπώλειαν.
845 4142 864 4175 ι
900 4122 1198 4178 Ἀπώλειαν
1225 4123 1282 4177 δὲ
1313 4124 1430 4192 νῦν,
1461 4125 1558 4196 τὴν
1589 4126 1809 4196 διαφθο-

253 4213 340 4279 ράν
366 4230 550 4283 φησιν.
574 4214 814 4282 Ἤνεγκε
843 4213 921 4278 δὲ,
955 4216 1141 4284 φησιν,
1169 4215 1198 4268 ὁ
1230 4215 1362 4279 Θεὸς
1396 4217 1474 4277 είς
1507 4213 1806 4283 ἀπώλειαν,

247 4304 336 4373 οὐχ
356 4305 427 4368 ὡς
456 4305 673 4377 ἔτυχεν,
701 4305 813 4360 ἀλλ’
834 4306 1075 4370 ἐκείνους
1097 4306 1222 4371 τοὺς
1251 4306 1687 4377 καταρτίσαντας
1714 4307 1810 4360 αύ-

246 4393 363 4458 τοὺς
396 4397 476 4461 είς
513 4395 691 4467 σκεύη
726 4384 921 4468 ὀργῆς.
956 4395 1097 4449 ’Δλλ’
1121 4399 1270 4468 ὅμως
1303 4396 1395 4451 οὖν
1425 4399 1519 4451 καὶ
1552 4398 1646 4452 ἐπὶ
1676 4398 1810 4469 ⁸τού-

1905 3318 2084 3359 causa
2114 3310 2263 3358 esset
2283 3316 2508 3370 sua-quc
2539 3298 2720 3370 ipsius
2750 3298 3303 3369 perditionis.Neque.
3331 3301 3479 3353 enim

1900 3395 2045 3448 Deus
2065 3408 2229 3448 causa
2255 3379 2641 3455 estmalorum,
2672 3390 2770 3445 sed
2807 3389 3041 3460 quisque
3077 3388 3317 3458 seipsum
3381 3403 3480 3446 vas

1901 3481 2067 3538 eﬁicit
2092 3483 2208 3546 iraa,
2237 3466 2703 3552 quemadmodum
2734 3488 2791 3534 et
2814 3494 2912 3534 vas
2958 3478 3313 3548 benignitatis
3364 3478 3479 3533 sive

1902 3575 2317 3631 misericordiae.
2367 3573 2446 3628 lta
2485 3573 2761 3629 Pharaoni
2801 3587 2911 3628 non
2955 3572 3126 3637 Deus,
3156 3571 3253 3626 sed
3309 3570 3485 3640 ipsius

1903 3669 2109 3724 malitia
2129 3668 2417 3722 fuitcansa
2471 3674 2530 3722 ut
2559 3675 2844 3736 pateretur
2862 3680 2927 3720 ea
2954 3680 3077 3735 qua:
3129 3680 3324 3735 passus
3370 3674 3473 3718 est.

1911 3781 1929 3814 ε
1961 3761 2233 3831 Apparata
2288 3760 2345 3814 in
2414 3758 2720 3814 interitum.
2756 3775 2774 3810 ι
2807 3756 2920 3814 Cur
3019 3756 3215 3818 Deum,
3280 3755 3483 3826 inquit,

1904 3849 2402 3909 irrationabilitatis
2417 3848 2754 3905 condemnas
2802 3850 2825 3903 2
2844 3866 2942 3920 per
2958 3848 3482 3905 subdistinctionem

1903 3942 2196 4015 legendum
2224 3946 2333 3996 est.
2374 3941 2445 3996 Et
2480 3941 2742 4011 quoniam
2783 3941 2857 3996 ita
2891 3941 3182 4012 contingit,
3213 3956 3316 3995 cur
3343 3942 3485 3996 irra.

1907 4030 2292 4085 tionahilitatis
2334 4029 2712 4095 condemnas?
2748 4047 2767 4082 ι
2806 4030 2956 4085 Tulit
2996 4029 3064 4084 ad
3111 4030 3416 4084 interitum.
3459 4049 3480 4083 ι

1906 4121 2199 4177 Interitum
2257 4137 2393 4176 vero
2432 4121 2568 4176 dicit
2594 4122 2702 4177 hoc
2751 4121 2874 4177 loco
2917 4122 3310 4192 perditionem.
3335 4122 3486 4176 Tulit

1907 4221 2092 4269 autem
2148 4213 2293 4268 Dens
2355 4212 2423 4268 ad
2473 4213 2864 4282 perditionem,
2923 4227 3036 4267 non
3092 4228 3480 4282 quoscunque,

1909 4302 2003 4359 sed
2032 4318 2128 4358 eos
2147 4303 2244 4373 qui
2283 4317 2402 4358 sese
2446 4301 2503 4356 in
2534 4316 2664 4357 vasa
2684 4301 2780 4356 ira:
2803 4309 3226 4372 apparaverant.
3244 4301 3480 4358 Verum-

1914 4404 2096 4451 tamen
2129 4395 2294 4449 etiam
2352 4393 2409 4449 in
2472 4392 2586 4460 his,
2622 4409 2940 4463 quanquam
2984 4409 3048 4449 se
3080 4393 3222 4451 tales
3259 4406 3487 4461 compo-

248 4503 347 4542 των
398 4492 580 4545 καίτοι
640 4489 897 4544 τοιούτων
946 4490 1170 4554 ἑαυτοὺς
1228 4478 1798 4562 παρασκευασάντων.

1915 4494 2164 4553 suerant,
2196 4502 2320 4541 cum
2357 4495 2519 4543 antea
2554 4485 2858 4557 plurimum
2889 4484 3222 4556 longanimis
3267 4483 3485 4549 fuisset,

249 4580 407 4636 πολλά
438 4583 708 4655 πρότερον
739 4581 1202 4652 μακροθυμήσας,
1233 4578 1404 4644 οὕτως
1437 4581 1707 4651 ἐχρήσατο
1738 4582 1805 4651 τῇ

252 4672 381 4725 κατά
411 4672 472 4726 τὸ
507 4673 719 4726 δίκαιον
748 4673 1008 4744 τιμωρίᾳ.
1038 4672 1107 4726 Ἦ
1143 4672 1342 4743 μᾶλλον
1370 4671 1542 4736 οὕτως
1572 4674 1807 4742 νοήσεις·

256 4783 273 4816 ι
311 4766 579 4835 Ἥνεγκεν
609 4768 665 4821 ὲν
693 4764 863 4837 πολλῇ
897 4760 1246 4837 μακροθυμίᾳ.
1280 4764 1448 4836 σκεύη
1479 4765 1651 4835 ὀργῆς
1680 4776 1810 4818 κατ-

253 4858 544 4927 ηρτισμένα
580 4858 660 4919 εἰς
713 4853 1006 4909 ἀπώλειαν.
1045 4874 1064 4905 ι
1104 4854 1434 4926 ’Υπήνεγκε,
1473 4856 1672 4927 φησὶν,
1711 4857 1806 4910 ὑπ·

252 4946 448 5017 ἔμεινε,
476 4950 572 5002 καὶ¹
599 4950 656 5000 ἐν
679 4946 847 5018 πολλῇ
878 4945 1249 5017 μακροθυμία.

318 5041 441 5104 Πῶς
482 5040 541 5094 δὲ
584 5042 641 5092 ὲν
684 5039 852 5106 πολλῇ
901 5037 1282 5109 μακροθυμίας
1307 5038 1427 5091 ’Ότι
1477 5037 1671 5106 ἕτοιμα
1719 5039 1814 5092 καὶ

254 5131 628 5203 ἀπηρτισμένα
670 5130 799 5184 ὄντα
846 5129 925 5192 είς
975 5127 1269 5192 ἀπώλειαν,
1318 5130 1412 5194 καὶ
1458 5131 1680 5199 μονονοὺ
1727 5130 1815 5184 διά

253 5225 345 5294 τὴν
382 5223 687 5294 ὑπερϐολὴν
729 5224 828 5292 τῆς
874 5222 1072 5283 κακίας
1118 5219 1526 5290 πεπληρωμένα
1568 5222 1695 5276 ὄντα
1735 5222 1817 5275 δι-

256 5317 409 5381 καίας
435 5317 626 5387 ὀργῆς,
653 5315 803 5384 ὅμως
829 5313 909 5367 ἔτι
936 5311 1181 5384 ἠνείχετο
1207 5314 1301 5365 καὶ
1324 5311 1673 5376 διεϐάσταζεν
1699 5315 1817 5373 ἔπιέ

257 5410 486 5482 στροφὴν
519 5410 891 5481 ἐκδεχόμενος.
917 5408 1040 5462 Ὀτι
1070 5402 1163 5461 οὖν
1194 5405 1294 5459 οὐκ
1322 5391 1617 5459 ἀπόλλυται
1646 5405 1820 5459 ταῦτα

259 5500 443 5571 σκεύη,
484 5500 647 5555 παντί
687 5518 790 5554 που
831 5499 988 5571 δῆλον
1012 5498 1345 5569 ’κατήρτισε
1383 5496 1493 5569 γὰρ
1536 5498 1700 5550 ἑαυτὰ
1740 5497 1820 5560 είς

258 5594 550 5650 ἀπώλειαν.
583 5594 905 5649 Ἀπόλλυται
937 5592 994 5645 δὲ
1034 5593 1169 5663 μετά
1200 5592 1256 5645 τὸ
1285 5590 1586 5661 ἀπαρτίσαι
1619 5590 1818 5654 ἑαυτὰ,

265 5686 395 5753 μετὰ
424 5686 482 5739 τὸ
511 5688 586 5750 είς
613 5687 765 5749 τέλος
792 5684 987 5747 κακίας
1014 5683 1365 5753 ἀναδραμεῖν,
1399 5680 1534 5750 μετά
1562 5680 1622 5733 τὸ
1654 5680 1821 5750 μηδὲν

263 5777 365 5829 ἀπὸ
391 5779 489 5845 τῆς
524 5778 895 5849 μακροθυμίας
926 5775 1261 5831 ἁπώνασθάῒ..
1292 5775 1398 5829 Καὶ
1431 5773 1703 5827 δείκνυται
1734 5774 1822 5829 διὰ

1910 4580 1986 4635 ita
2048 4583 2269 4636 demum
2296 4580 2452 4651 juxta
2508 4578 2562 4634 id
2623 4578 2775 4648 quod
2826 4593 3045 4646 aequum
3109 4584 3230 4631 erat
3279 4574 3487 4631 ultione

1911 4688 2145 4729 ususes.
2205 4671 2402 4727 Autita
2440 4671 2625 4743 potius
2669 4668 2978 4738 intelliges:
3025 4685 3045 4718 ι
3105 4666 3258 4721 Tulit
3316 4665 3487 4720 multa

1912 4763 2328 4834 longanimitate
2373 4778 2503 4817 vasa
2548 4760 2644 4815 ira:
2696 4766 2959 4829 apparata
2990 4757 3060 4812 ad
3105 4757 3411 4812 interitum.
3461 4776 3480 4808 ι

1914 4853 2211 4917 Toleravit,
2236 4852 2438 4922 inquit,
2461 4849 2746 4914 sustinuit,
2768 4848 2934 4920 idque
2949 4846 3492 4919 334multalonga-

1915 4947 2168 5005 nimitate
2195 4947 2218 5001 ?

1984 5036 2271 5105 Quomodo
2343 5046 2528 5091 autem
2618 5035 2793 5090 multa
2844 5030 3302 5105 longanimitate?
3349 5030 3491 5096 Quia

1916 5132 2169 5201 cnmjam
2192 5137 2317 5199 apta
2356 5135 2734 5198 etpra‘parata
2757 5137 2949 5189 essent
2975 5124 3042 5180 ad
3091 5123 3491 5195 perditionem,

1918 5237 1983 5278 ac
2024 5230 2253 5291 propter
2294 5220 2520 5274 nimiam
2576 5219 2842 5274 malitiam
2896 5216 3298 5289 propemodum
3341 5218 3491 5288 justa

1921 5310 2001 5365 ira
2050 5310 2274 5380 impleta
2321 5319 2538 5365 essent:
2588 5310 2771 5364 adhuc
2821 5318 3004 5365 tamen
3053 5308 3370 5379 perlerebat
3435 5317 3493 5364 et

1921 5402 2191 5457 tolerabat
2231 5402 2300 5456 ad
2327 5402 2744 5455 conversionem
2790 5417 2885 5455 eos
2946 5408 3290 5469 exspectans.
3330 5397 3491 5465 Quod

1920 5511 2052 5567 ergo
2082 5495 2199 5566 ipse
2220 5511 2331 5550 non
2364 5495 2559 5567 perdat
2591 5495 2682 5548 illa
2708 5511 2858 5558 vasa,
2896 5495 3123 5548 omnino
3140 5490 3491 5547 manifestum

1921 5595 2027 5649 cst,
2086 5587 2267 5656 seipsa
2342 5588 2493 5642 enim
2572 5584 2640 5639 ad
2701 5584 2989 5638 interitum
3065 5588 3492 5651 apparaverunt.

1922 5678 2109 5735 Perdit
2180 5688 2363 5733 tamen
2444 5677 2540 5732 illa
2623 5684 2913 5746 postquam
2974 5672 3153 5754 seipsa
3221 5685 3497 5741 praapara-

1927 5782 2079 5841 runt,
2133 5781 2423 5846 postquam
2482 5769 2549 5825 ad
2626 5777 2932 5824 extremum
2982 5763 3202 5819 malitia:
3267 5778 3497 5833 procur-
