3880 6560
382 347 491 413 διθ
1450 339 1850 403 (ECUMENII
1880 336 1977 401 TR

2085 335 2176 395 32E
2215 328 2555 395 EPISCOPI
3525 341 3611 407 530

386 470 633 526 rerunt;
715 467 1006 532 postquam
1047 458 1117 512 ab
1174 460 1296 530 ejus
1362 459 1777 530 longanimitate
1829 453 1968 510 nihil

2085 452 2170 523 τῆς
2196 453 2276 517 είς
2303 454 2499 516 αὐτοὺς
2526 451 2735 513 δικαίας
2763 447 3032 518 τιμωρίας
3058 448 3150 502 τοῦ
3176 449 3332 517 Θεοῦ,
3359 455 3445 507 καὶ
3471 458 3522 509 τὸ
3542 459 3616 512 δυ.

383 554 575 612 auxilii
634 561 992 623 acceperunt.
1068 551 1137 606 Et
1207 550 1521 606 ostenditur
1597 566 1695 621 per
1758 549 1959 619 justam

385 647 484 703 Dei
543 646 602 701 in
661 646 785 700 illos
837 642 1370 699 animadversionem
1435 644 1601 698 etiam
1640 642 1816 713 Ipsius
1861 656 1961 711 po-

385 739 583 804 tentia,
646 739 755 794 boc
828 746 933 799 est,
989 737 1240 808 punitiva
1298 744 1563 808 potestas.
1605 743 1682 799 et,
1726 735 1822 789 ira:
1859 733 1962 788 de-

385 831 733 895 monstratio,
797 843 988 899 quam,
1052 828 1149 899 qui
1204 829 1342 884 tales
1395 835 1557 894 sunt,
1621 824 1775 897 digni
1829 833 1965 880 sunt

386 933 449 980 ut
503 932 935 994 consequantur.
976 942 995 974 ι
1037 922 1105 978 Et
1145 932 1206 979 ut
1246 918 1405 977 nbtas
1430 922 1637 976 faceret
1661 918 1904 974 divitias.
1937 934 1955 969 I

384 1009 613 1065 Duobus
637 1007 816 1062 modis
841 1007 1197 1078 componitur
1232 1005 1380 1076 quod
1417 1006 1509 1061 hic
1538 1005 1764 1061 dicitur.
1809 1002 1898 1057 vel
1930 1016 1961 1057 a

384 1099 664 1156 communi
691 1114 859 1155 sensu
889 1099 1081 1153 subint
1102 1097 1400 1168 elligendo,
1433 1098 1517 1153 vel
1544 1112 1641 1167 per
1664 1095 1963 1150 defectum.

385 1195 431 1247 Δ
514 1190 797 1246 communi
877 1189 1102 1260 quidem
1186 1205 1350 1246 sensu
1458 1196 1679 1258 Oportet
1773 1186 1963 1241 subin-

387 1282 634 1352 telligere
687 1299 706 1334 ι
741 1282 886 1336 tulit.
953 1301 971 1334 ι
1003 1282 1333 1337 Τυιίισνοδθ
1389 1282 1506 1346 iraa,
1559 1290 1615 1335 et
1676 1279 1797 1334 tulit
1833 1291 1964 1332 vasa

386 1373 805 1430 misericordia.
833 1374 939 1430 Per
962 1373 1242 1430 defectum
1279 1388 1412 1429 vero
1444 1389 1458 1428 :
1500 1372 1630 1443 quia
1687 1386 1797 1426 non
1826 1370 1967 1425 dixit

386 1467 455 1522 ad
499 1467 635 1536 quid
685 1468 812 1522 tulit
885 1482 1015 1522 vasa
1093 1466 1509 1529 misericordiae,
1591 1466 1737 1519 sicut
1823 1462 1965 1518 dixit

388 1558 466 1614 ibi
508 1559 657 1629 quod
711 1574 843 1615 vasa
879 1560 978 1615 ira:
1008 1558 1134 1614 tulit
1178 1558 1247 1613 ad
1318 1558 1626 1613 interitum.
1676 1558 1776 1612 Hic
1834 1571 1965 1627 ergo

388 1649 834 1705 subaudiendum
893 1656 980 1705 est
1041 1667 1055 1702 :
1102 1648 1185 1703 Ad
1215 1649 1484 1713 salutem;
1536 1646 1631 1700 Dei
1687 1646 1963 1715 siquidem

387 1742 695 1811 potentiam
718 1739 1164 1812 despicientibus
1184 1755 1247 1795 ac
1269 1737 1677 1810 negligentibus
1708 1753 1963 1793 necessa-

2071 545 2230 599 νατδν
2261 544 2451 608 αὐτοῦ,
2485 543 2785 606 τουτέστιν,
2822 543 2855 612 ἡ
2888 542 3233 616 τιμωρητικὴ
3266 544 3505 615 δύναμις,
3537 554 3617 605 καὶ

2070 642 2104 711 ἠ
2150 638 2373 704 ἔνδειξις
2417 637 2518 708 τῆς
2561 635 2754 707 ὀργῆς,
2794 630 2863 707 ἧς
2908 636 3045 688 είσιν
3086 634 3224 701 ἄξιοι
3263 637 3541 708 τυγχάνειν
3577 645 3618 697 οι

2070 729 2322 783 τοιοῦτοι.
2367 746 2387 780 ι
2433 728 2544 783 Καὶ
2584 727 2673 781 ἵνα
2713 725 2981 798 γνωρίσῃ.
3029 744 3048 778 ι
3090 728 3221 780 Ausi.
3259 728 3477 798 τρόποις
3515 747 3624 800 an.

2074 821 2363 892 ματίζεται
2394 819 2510 873 τόδε
2541 817 2603 873 τὸ
2638 818 2830 890 ῥητὸν,
2864 819 2973 873 ἀπὸ
3007 818 3220 881 κοινοῦ,
3255 821 3351 873 καὶ
3383 820 3625 877 ἐλλειπτι-

2070 912 2203 977 κῶς.
2261 911 2394 965 ’Δπὸ
2435 909 2617 965 κοινοῦ
2664 910 2766 981 μὲν
2802 911 2913 983 γὰρ
2970 910 3051 964 δεῖ
3083 910 3265 965 λαϐεῖν
3300 912 3394 978 τὸ,
3435 932 3454 967 ι
3484 915 3628 968 Ἦνε-

2070 1020 2226 1072 γχεν.
2279 1022 2299 1056 ι
2330 1003 2567 1070 Ἥνεγκε
2618 1002 2788 1074 σκεύη
2841 1003 3043 1075 ὀργῆς,
3093 1004 3189 1056 καὶ
3237 1003 3436 1075 ἧνεγκε
3482 1006 3630 1077 σκεύη

2071 1097 2276 1157 ἐλέους.
2295 1093 2686 1159 Ἐλλειπτικῶς
2716 1094 2794 1162 δέ,
2828 1095 2909 1149 ὅτι
2946 1095 3047 1149 οὐκ
3080 1089 3234 1148 εἶπεν
3263 1097 3346 1160 εἰς
3373 1099 3423 1149 τί
3454 1099 3630 1168 ἤνεγκε

2067 1190 2138 1242 τὰ
2168 1187 2339 1258 σκεύη
2370 1187 2465 1240 τοῦ
2502 1187 2710 1250 ἐλέους,
2741 1185 2932 1259 ὥσπερ
2962 1188 3081 1241 ἐκεῖ
3106 1182 3227 1240 εἶπε
3258 1188 3326 1241 τὰ
3359 1189 3521 1259 σκεύη
3548 1191 3632 1264 τῆς

2070 1279 2264 1350 ὀργῆς,
2294 1279 2377 1333 ὅτι
2409 1279 2490 1342 είς
2521 1277 2823 1333 ἀπώλειαν.
2846 1278 3238 1344 Ἑξακουστέον
3268 1276 3362 1331 οὖν
3391 1279 3633 1343 ἐνταῦθα,

2069 1371 2151 1433 τὸ,
2230 1373 2325 1433 Είς
2391 1371 2691 1443 σωτηρίαν.
2755 1371 2880 1434 Τοῖς
2922 1370 3032 1442 γὰρ
3091 1370 3491 1440 καταφρονοῦσι
3556 1373 3637 1425 καὶ

2073 1463 2386 1535 ὑπερορῶσι
2422 1464 2527 1535 τῆς
2568 1462 2849 1532 δυνάμεως
2892 1461 2985 1517 τοῦ
3026 1460 3185 1528 Θεοῦ,
3227 1460 3521 1529 ἀναγκαῖον
3555 1465 3637 1516 καὶ

2073 1556 2349 1628 συμφέρον
2371 1551 2443 1627 ἦν
2465 1558 2733 1626 γνωρίσαι
2762 1555 2947 1619 αὐτοῖς
2976 1553 3065 1607 διὰ
3089 1554 3366 1623 τιμωρίας
3416 1553 3475 1607 τὸ
3497 1553 3636 1607 δυνα-

2076 1648 2169 1703 τὸν
2201 1649 2297 1703 καὶ
2338 1646 2642 1711 πανσθενές
2680 1646 2774 1701 καὶ
2806 1646 3218 1700 πανεπίσκοπον
3250 1644 3439 1701 αὐτοῦ.
3481 1665 3498 1697 ι
3529 1643 3638 1700 Ἐπὶ

2075 1739 2245 1812 σκεύη
2290 1740 2492 1804 ἐλέους.
2546 1758 2565 1791 ι
2595 1739 2828 1810 Ὥσπερ,
2876 1740 3063 1809 φησιν,
3108 1740 3188 1801 είς
3231 1739 3301 1793 τὰ
3352 1738 3517 1811 σκεύη
3556 1738 3638 1809 τῆς

388 1834 535 1888 rium
561 1832 808 1903 utileque
833 1841 975 1897 erat,
1008 1841 1069 1887 ut
1117 1847 1217 1904 per
1245 1832 1583 1903 supplicium
1626 1832 1826 1886 faceret
1858 1829 1969 1884 illis

2085 1832 2274 1906 Βργῆς,
2306 1835 2587 1898 τουτέστι,
2620 1836 2713 1887 τὸν
2743 1831 2945 1905 Φαραὼ
2983 1833 3215 1904 ἦνεγκεν
3248 1831 3453 1905 ὀργὴν,
3488 1831 3638 1885 πολλά

388 1935 582 1980 notum
631 1940 798 1995 quam
845 1933 1043 1995 potens
1096 1933 1267 1991 esset,
1315 1925 1463 1996 quod
1522 1912 1963 1989 robustissimus,

2067 1925 2332 1997 πρότερον
2351 1923 2789 1997 μακροθυμήσας
2812 1940 2826 1954 ο
2847 1923 3020 1987 οὕτως
3042 1923 3138 1976 καὶ
3158 1925 3240 1987 εἰς
3263 1923 3438 1995 σκεύη
3459 1922 3639 1988 ἐλέους,

389 2017 688 2087 omniaque
720 2018 1103 2073 considerans.
1144 2036 1162 2069 ι
1206 2019 1267 2073 ln
1310 2034 1441 2074 vasa
1476 2016 1892 2074 misericordiae.
1939 2034 1958 2067 ι

2085 2018 2368 2083 τουτέστιν,
2390 2018 2470 2081 είς
2499 2016 2684 2082 ἀξίους
2709 2016 2803 2070 τοῦ
2828 2016 3095 2069 ἐλεεῖσθαι
3120 2016 3293 2087 ἡμᾶς,
3322 2016 3517 2089 ἦνεγκε
3537 2016 3638 2086 φιλ·

388 2106 885 2175 Qucmadmodum,
934 2108 1137 2179 inquit,
1197 2110 1252 2163 in
1299 2124 1429 2164 vasa
1478 2109 1599 2172 irae,
1631 2108 1740 2162 hoc
1768 2113 1874 2173 est,
1910 2106 1968 2160 in

390 2198 736 2254 Pharaonem
774 2199 900 2254 tulit
935 2199 1099 2264 iram,
1135 2200 1304 2255 inulta
1337 2200 1576 2271 primum
1614 2214 1748 2255 usus
1775 2199 1967 2268 longa-

389 2290 688 2347 nimitate:
745 2292 933 2357 itaet,
1000 2294 1055 2348 in
1086 2308 1212 2349 vasa
1301 2294 1719 2359 misericordiae,
1768 2307 1971 2363 nempe

391 2384 448 2438 in
482 2399 583 2441 nos
605 2384 704 2455 qui
748 2385 909 2456 digni
934 2401 1128 2441 sumus
1154 2386 1571 2450 misericordia,-
1623 2388 1750 2441 tulit
1810 2386 1971 2441 beni-

390 2473 677 2545 gnitatem.
712 2475 849 2532 Nam
887 2477 991 2533 hoc
1047 2477 1512 2532 subaudiendum.
1555 2496 1573 2528 I
1604 2476 1738 2545 Quae
1761 2492 1973 2547 praepa-

393 2565 556 2620 ravit.
591 2585 610 2617 ι
690 2566 1030 2637 Ρηιεροιυιινιι
1108 2579 1296 2624 autem
1375 2567 1506 2639 quia
1589 2567 1973 2623 misericordia

391 2654 653 2724 cognovit
676 2656 874 2725 dignos
917 2671 1016 2726 per
1048 2655 1232 2711 fidem.
1259 2657 1431 2713 Porro
1452 2658 1508 2712 id
1540 2658 1595 2712 in
1626 2658 1775 2713 illius
1799 2658 1976 2729 vergit

391 2743 646 2814 gloriam.
685 2763 703 2796 ι
731 2745 1117 2816 Praeparavit,»
1150 2757 1339 2817 utpote
1363 2749 1642 2817 praescius,
1670 2757 1724 2802 et
1748 2763 1979 2818 cognos-

400 2850 541 2893 cens
564 2837 716 2906 quod
752 2839 1013 2894 virtutem
1077 2852 1266 2895 essent
1321 2841 1705 2911 amplexaturi.
1757 2841 1976 2911 Praepa-

394 2930 540 2985 ravit
614 2934 804 3002 itaque
869 2933 1037 3005 digna
1099 2950 1230 2991 vasa
1284 2936 1684 2992 misericordia:
1734 2953 1847 2992 suae
1900 2937 1971 2993 ad

2070 2108 2617 2181 avOpwnEav._T0610
2660 2110 2769 2179 γὰρ
2815 2108 3311 2164 συνυπακουστὲον.
3360 2126 3381 2160 ι
3411 2109 3479 2161 Ἀ
3517 2125 3636 2178 προ-

2070 2202 2389 2273 ητοίμασεν.
2423 2220 2442 2254 ι
2472 2201 2849 2273 Προητοίμασε
2872 2199 2951 2264 δέ,
2978 2201 3099 2253 ἐπεὶ
3125 2198 3264 2269 ἔγνω
3292 2200 3482 2267 ἀξίους
3506 2199 3641 2254 ἐλέου

2072 2295 2164 2348 διὰ
2193 2296 2296 2367 τὴν
2328 2294 2531 2348 πίστιν.
2557 2293 2727 2347 Τοῦτο
2760 2293 2837 2356 δέ,
2871 2296 2951 2359 είς
2981 2293 3140 2359 δόξαν
3172 2293 3341 2347 αὑτοῦ
3375 2293 3638 2346 συντείνει.

2078 2407 2096 2438 ι
2126 2386 2556 2458 Προητοίμασεν.
2587 2405 2605 2437 ι
2634 2415 2702 2425 -
2726 2384 2925 2459 [ΦΩΤ.]
2953 2386 3041 2451 Ὡς
3071 2383 3433 2456 προγνώστης
3458 2384 3548 2436 καὶ
3577 2382 3642 2436 εί-

2073 2479 2181 2545 δὼς
2215 2481 2297 2533 δτι
2336 2479 2618 2533 σπουδαῖοι
2644 2478 2881 2535 ἔσονται.
2917 2479 3340 2549 Προητοίμασεν
3372 2474 3466 2529 οὖν
3498 2472 3643 2527 αὑτοῦ

2074 2571 2143 2625 τά
2178 2571 2303 2638 ἀξια
2334 2569 2520 2634 ἐλέους
2554 2570 2755 2641 σκεύη,
2793 2571 2872 2633 εἰς
2905 2569 3097 2634 δόξαν,
3134 2568 3452 2632 τουτέστιν,
3489 2566 3560 2627 εἰς
3591 2564 3643 2616 τὸ

2076 2660 2401 2731 δοξασθῆναι
2436 2660 2596 2715 αὑτά.
2626 2661 2737 2714 Καὶ
2772 2661 2874 2741 γὰρ
2910 2659 2939 2712 ὁ
2974 2657 3203 2722 πλοῦτος
3233 2657 3338 2727 τῆς
3367 2655 3521 2725 δόξης
3555 2654 3642 2706 αὖ·

2075 2755 2170 2808 τοῦ
2204 2750 2513 2824 ἐγνωρίσθη
2546 2753 2602 2804 ἐν
2638 2752 2789 2820 ἡμῖν,
2825 2751 2905 2803 ὅτι
2937 2751 3049 2814 τοῖς
3080 2747 3324 2812 εἰδώλοις
3389 2762 3645 2817 προσανα-

2079 2846 2391 2917 κειμέειους,
2423 2845 2516 2898 καὶ
2542 2843 2760 2907 δούλους
2792 2842 3134 2915 ὑπάρχοντας
3151 2839 3345 2895 παθῶν
3374 2842 3465 2894 καὶ
3486 2839 3647 2910 ἀμορς

2076 2939 2220 3003 τὶας,
2260 2938 2320 2991 οὐ
2369 2937 2528 3007 μόνον
2564 2936 2770 2990 τούτων
2812 2934 3210 3007 ἠλευθέρωσεν.
3258 2931 3398 2987 ἀλλὰ
3441 2932 3531 2986 καὶ
3570 2930 3647 2984 διά

392 3021 644 3092 gloriam,
678 3023 785 3078 hoc
814 3031 921 3090 est,
975 3035 1035 3078 ut
1067 3024 1180 3095 ipsa
1222 3026 1686 3097 gloriﬁcarentur.
1761 3029 1977 3082 Etenim

2085 3029 2350 3093 υἱοθεσίας
2371 3027 2638 3093 ἐδόξασεν.
2662 3046 2681 3079 ι
2700 3028 2775 3081 Οὐ
2797 3027 2956 3094 μόνον
2975 3025 3338 3091 ὲξίουδιίων.
3366 3044 3384 3077 ι
3404 3025 3560 3097 Ὁρᾷς
3575 3024 3647 3078 ὅτι

393 3111 602 3168 divitia:
695 3113 883 3184 gloriae
950 3114 1128 3185 ipsius
1225 3124 1371 3170 notre
1447 3127 1580 3171 sunt
1648 3117 1705 3171 in
1792 3117 1975 3179 nobis.

2085 3121 2144 3173 οὐ
2178 3119 2497 3192 μονομερῶς
2529 3121 2557 3172 δ
2585 3119 2719 3183 Θεὸς
2738 3161 2752 3186 ,
2786 3117 2920 3172 ἁλλά
2950 3120 3043 3171 καὶ
3074 3117 3132 3185 ἐξ
3157 3118 3434 3191 Ἰουδαίων
3464 3124 3552 3172 καὶ
3597 3118 3649 3183 ἐξ

393 3205 525 3274 quia
603 3220 727 3260 cum
782 3205 951 3263 idolis
1018 3206 1452 3276 adhmrercmus,
1524 3208 1775 3281 fervique
1833 3225 1977 3266 esse-

2090 3213 2264 3265 ἐθνῶν
2291 3211 2455 3277 σώζει
2484 3211 2574 3265 διὰ
2622 3210 2718 3281 τῆς
2750 3211 2985 3272 πίστεως
3000 3210 3127 3274 τοὺς
3157 3208 3347 3278 ἀξίους
3371 3210 3647 3282 σωτηρίας,

396 3312 521 3352 mus
562 3298 874 3355 affectuum
922 3309 979 3355 et
1038 3302 1251 3372 peccati
1290 3320 1304 3355 :
1340 3318 1452 3358 non
1504 3304 1681 3360 solum
1746 3305 1835 3360 hia
1878 3306 2187 3370 liberavit,
2246 3321 2440 3361 verum
2506 3305 2674 3361 etiam
2745 3319 2847 3375 per
2910 3302 3264 3375 adoptionem
3317 3304 3648 3377 gloriﬁravit.

400 3390 549 3445 «Non
579 3390 759 3446 solum
807 3406 875 3446 ex
907 3391 1134 3447 Judaeis.
1162 3410 1183 3442 ι
1236 3392 1419 3458 Vides,
1450 3396 1597 3466 quod
1651 3396 1796 3450 Deus
1833 3413 1943 3451 non
1974 3413 2042 3452 ex
2074 3412 2182 3453 una
2217 3407 2431 3453 tantum
2457 3405 2638 3468 parte,
2695 3396 2794 3452 sed
2830 3404 3031 3451 tamex
3092 3395 3298 3453 Judcis
3365 3413 3529 3469 quam
3595 3413 3655 3453 ex

402 3486 664 3558 gentibus
687 3487 872 3542 salvos
894 3486 1027 3543 facit
1045 3503 1145 3558 per
1172 3488 1336 3545 ﬁdem
1360 3505 1459 3545 eos
1488 3493 1585 3561 qui
1618 3492 1795 3547 salute
1822 3492 1973 3562 digni
2008 3504 2159 3550 sunt.

469 3577 564 3643 IX,
585 3577 778 3635 25-27.
818 3579 982 3651 335
1011 3579 1468 3647 Quemadmodum
1495 3592 1543 3635 et
1571 3584 1628 3637 in
1654 3584 1785 3640 Osee
1812 3585 1974 3639 dicit:
2003 3595 2049 3655 ο

402 3671 606 3727 Vocabo
623 3672 878 3744 populum
906 3675 998 3744 qui
1022 3689 1167 3729 meus
1200 3691 1305 3729 non
1327 3686 1466 3741 erat,
1489 3677 1743 3748 populum
1766 3694 1939 3733 meum
1959 3694 1977 3733 :

398 3772 450 3819 et
496 3779 614 3818 eam
647 3780 766 3835 quc
797 3763 994 3819 dilecta
1026 3781 1132 3819 non
1174 3773 1315 3828 ενοι,
1356 3766 1625 3825 dilectam.
1670 3772 1742 3824 Et
1784 3771 1885 3825 erit
1922 3772 1979 3825 in

399 3856 514 3911 foco
538 3856 627 3911 ubi
651 3858 849 3912 dictum
876 3857 1055 3929 fuerat
1077 3861 1173 3923 eis,
1203 3856 1327 3913 Non
1350 3859 1576 3931 populus
1603 3877 1746 3916 meus
1772 3879 1883 3923 vos.
1908 3863 1980 3918 ibi

398 3947 727 4001 vocabuntur
769 3947 872 4016 [itii
911 3948 1010 4004 Dei
1057 3951 1299 4005 uiuentis.
1334 3949 1509 4006 Isaias
1549 3960 1727 4007 autem
1778 3952 1982 4008 clamat

397 4055 559 4110 super
588 4039 797 4096 Israel:
827 4039 888 4096 Si
915 4041 1079 4113 fuerit
1114 4057 1365 4099 numerus
1390 4041 1565 4099 larac‘f
1592 4054 1654 4099 ut
1669 4061 1838 4101 arena
1860 4063 1980 4100 ma-

401 4133 497 4197 ria,
530 4129 774 4205 reliquit:
800 4132 965 4189 ulva
993 4144 1170 4192 mut.

468 4307 628 4376 Quod
659 4318 846 4366 autem
877 4324 990 4367 non
1044 4318 1278 4378 temere,
1328 4310 1534 4383 inquit,
1580 4325 1785 4383 neque,
1838 4312 1986 4369 sicut

400 4402 616 4459 diceret
638 4403 936 4475 quispiam,
989 4419 1060 4460 ex
1088 4419 1201 4460 una
1230 4411 1449 4460 tantum
1470 4412 1650 4476 parte,
1686 4405 1870 4461 salvos
1898 4405 1986 4462 fe-

404 4495 483 4551 cit
530 4495 678 4551 Deus
717 4511 786 4550 ex
820 4495 1083 4567 gentibus
1106 4495 1320 4562 fideles,
1357 4496 1456 4555 sed
1510 4497 1772 4568 quoniam
1806 4496 1985 4554 salute

405 4588 556 4659 digni
586 4598 768 4653 erant,
797 4588 1056 4659 producit
1080 4597 1139 4644 et
1170 4589 1500 4660 prophetam
1524 4590 1621 4660 qui
1664 4590 1834 4644 tantis
1857 4598 1986 4646 ante

409 4681 757 4752 temporibus
795 4682 903 4737 hoc
935 4692 1059 4738 erat
1091 4682 1455 4738 vaticinatus.
1481 4683 1626 4739 Ecce
1661 4683 1809 4740 enim
1843 4683 1987 4738 Deus

408 4774 673 4844 populum
718 4784 776 4828 et
805 4773 1106 4829 Ecclesiam
1139 4773 1399 4830 dilectam
1425 4789 1489 4830 ac
1533 4772 1678 4829 ﬁlios
1702 4784 1862 4830 vocat
1890 4789 1989 4830 eos

405 4868 501 4935 qui
531 4866 892 4922 crediderunt
926 4882 993 4921 ex
1019 4867 1298 4939 gentibus.
1331 4865 1702 4933 Quamobrem
1730 4867 1990 4922 tandem?

2164 3587 2254 3653 Ὠς
2314 3588 2414 3641 καὶ
2460 3585 2532 3640 ἐν
2576 3584 2659 3653 τῷ
2709 3585 2891 3651 Ὠσηε
2932 3585 3125 3653 λέγει·
3163 3584 3421 3638 Καλέσω
3459 3586 3560 3637 t‘r
3591 3583 3654 3636 οὐ

2079 3683 2236 3735 λαόν
2273 3696 2415 3749 μου,
2445 3678 2601 3732 ,λαόν
2628 3694 2771 3747 μου,
2803 3675 2901 3731 καὶ
2954 3675 3070 3746 τὴν
3101 3680 3213 3732 οὐκ
3242 3678 3655 3748 ἠγαπημένην.

2081 3767 2501 3839 ἠγαπημένην.
2551 3767 2655 3821 Καὶ
2696 3766 2868 3821 ἔσται
2907 3764 2977 3820 ἐν
3005 3765 3085 3833 τῷ
3128 3767 3291 3831 τόπῳ
3331 3762 3409 3824 οὗ
3449 3766 3657 3836 ἐρῤήθη

2082 3860 2325 3928 αὐτοῖς’
2373 3862 2457 3916 Οὐ
2511 3860 2661 3927 ,λαός
2696 3876 2815 3929 μου
2867 3858 3056 3928 ὑμεῖς,
3087 3857 3217 3912 ἐκεῖ
3254 3859 3658 3927 κληθήσονται

2083 3953 2203 4008 υίοι
2251 3952 2400 4008 Θεοῦ
2459 3950 2697 4016 ζῶντος.
2737 3950 2969 4017 Ἡσαΐας
3011 3948 3080 4003 δὲ
3117 3948 3309 4019 κράζει
3359 3949 3513 4020 ὑπὲρ
3562 3949 3657 4003 τοῦ

2095 4046 2375 4113 Ἰσραήλο
2417 4037 2619 4116 Ἐἀνιῇ
2655 4045 2689 4098 ὁ
2741 4042 2988 4111 ἀριθμὸς
3035 4040 3157 4095 τῶν
3176 4039 3323 4096 υἱῶν
3381 4041 3654 4112 ‘Iapahl'

2084 4139 2166 4205 ὡς
2198 4136 2239 4206 ἠ
2276 4135 2472 4208 ἄμμος
2511 4135 2624 4205 τῆς
2656 4132 3011 4200 θαλάσσης.
3040 4131 3111 4187 τὸ
3139 4132 3519 4207 κατάλημμα
3552 4149 3664 4191 aw-

2088 4225 2364 4291 θήσεται.

2153 4316 2279 4371 Ὀτι
2304 4315 2386 4385 δέ,
2418 4318 2606 4387 φησιν,
2640 4316 2740 4388 οὐχ
2769 4316 2977 4384 ἁπλῶς,
3001 4317 3134 4385 οὐδ’,
3161 4317 3240 4383 ὡς
3273 4315 3341 4369 ἂν
3376 4312 3522 4370 εἴποι
3564 4332 3657 4378 τις.

2090 4408 2407 4481 μονομερῶς
2453 4407 2656 4463 ἔσωσεν
2695 4409 2725 4462 δ
2756 4409 2887 4475 Θεὸς
2931 4408 3062 4476 τοὺς
3108 4408 3167 4478 ἐξ
3210 4408 3385 4464 ἐθνῶν
3425 4410 3657 4472 πιστοὺς.

2087 4499 2203 4556 ἀλλ’
2237 4499 2429 4570 ἐπειδὴ
2457 4499 2597 4565 ἄξιοι
2618 4495 2758 4573 ἦσαν
2799 4501 3096 4573 σωτηρίας,
3122 4502 3367 4574 παράγει
3411 4501 3505 4556 τὸν
3544 4516 3663 4571 προ·

2089 4593 2266 4664 φήτην
2286 4591 2393 4663 πρὸ
2421 4591 2693 4646 τοσούτων
2722 4592 2929 4664 χρόνων
2948 4592 3108 4648 τοῦτο
3142 4592 3653 4667 προαναφωνοῦντα.

2099 4684 2231 4768 ἐδοὺ
2262 4682 2369 4757 γὰρ
2398 4686 2426 4739 δ
2463 4683 2619 4750 Θεὸς,
2660 4685 2755 4740 καὶ
2810 4682 2939 4739 λαὸν
2959 4725 2975 4752 ,
3008 4685 3104 4740 καὶ
3138 4686 3512 4759 ἠγαπημένην
3550 4687 3661 4739 ἐκο

2092 4775 2358 4847 κλησίαν,
2416 4776 2515 4831 καὶ
2572 4776 2724 4841 υἱοὺς
2772 4775 2933 4831 καλεῖ
2981 4778 3108 4843 τοὺς
3153 4777 3215 4843 ἐξ
3256 4778 3450 4835 ἐθνῶν.
3501 4778 3565 4832 Τί
3604 4777 3659 4847 δή

2092 4886 2257 4936 ncte;
2297 4869 2515 4932 πάντως
2557 4868 2647 4922 διὰ
2696 4870 2798 4940 τὴν
2844 4870 3027 4924 αὐτῶν
3093 4870 3521 4943 εὐγνωμοσύνην
3576 4869 3662 4924 καὶ

407 4956 610 5024 L‘tiquc
658 4964 888 5026 propter
929 4956 1154 5011 illorum
1206 4957 1650 5013 benevolentiam
1693 4973 1758 5013 ac
1799 4956 1977 5015 ﬁdem.

2098 4963 2303 5017 πίστιν.
2363 4982 2382 5015 ι
2440 4962 2550 5035 Τὴν
2595 4964 2695 5016 οὐκ
2737 4962 3131 5033 ἠγαπημένην.
3164 4981 3185 5015 ι
3237 4963 3348 5035 Τὴν
3396 4963 3455 5031 ἐξ
3508 4960 3665 5016 ἐθνῶν

416 5068 435 5100 ι
474 5047 609 5102 Eam
659 5062 786 5117 qua:
833 5048 1039 5104 dilecta
1077 5063 1190 5105 non
1220 5061 1395 5106 erat.»
1440 5051 1746 5107 Eeclesiam
1772 5066 1896 5122 quae
1924 5067 1993 5107 ex

410 5139 668 5211 gentibus
695 5151 1027 5212 congregata
1073 5152 1159 5199 est
1189 5161 1205 5197 :
1240 5159 1363 5215 quae
1406 5153 1569 5200 antea
1594 5159 1704 5199 non
1728 5143 1997 5215 diligeba-

414 5244 522 5288 tur.
556 5233 750 5302 Neque
778 5232 926 5287 enim
947 5234 1119 5289 Deum
1137 5235 1521 5307 cognoscebat.
1556 5255 1574 5287 ι
1609 5236 1728 5291 Non
1755 5237 1994 5306 pepulus

412 5340 570 5382 meus
594 5339 714 5380 vos.
758 5344 778 5377 ι
827 5326 963 5381 Nam
990 5337 1184 5398 gentes
1218 5328 1350 5382 olim
1385 5330 1621 5399 negabat
1656 5329 1801 5384 Deus
1829 5343 1995 5398 prop-

413 5430 496 5474 ter
526 5418 1005 5488 superstitionem.
1067 5439 1083 5471 ι
1122 5421 1293 5476 Isaias
1327 5431 1513 5476 autem
1572 5423 1775 5477 clamat
1821 5436 1993 5490 super

413 5510 606 5566 Israel.
650 5530 670 5563 ι
731 5511 902 5576 Nihil,
946 5513 1145 5582 inquit,
1205 5522 1448 5576 veretur,
1525 5515 1623 5570 sed
1701 5512 1990 5567 manifeste

416 5604 638 5658 clamat.
670 5603 751 5659 Ad
784 5603 901 5659 bare
929 5606 1113 5659 omnia
1139 5605 1519 5663 inscrutabilia
1545 5606 1719 5675 ipsius
1742 5604 1944 5677 judicia
1975 5621 1987 5655 :

424 5715 446 5748 ι
479 5695 561 5751 Tu
596 5699 722 5768 quis
752 5714 813 5753 es
838 5699 931 5768 qui
962 5715 1027 5753 ex
1058 5702 1293 5757 adverso
1325 5700 1665 5769 respondeas
1711 5700 1842 5753 Deo.
1887 5717 1904 5748 ι
1951 5701 1990 5750 Α

416 5792 696 5846 communi
719 5807 884 5848 sensu
912 5793 1015 5849 hoc
1038 5794 1483 5850 subaudiendum
1508 5801 1612 5855 est,
1648 5791 1732 5843 vel
1763 5805 1859 5855 βαι·
1896 5790 1994 5843 ἀε-

2103 5053 2467 5126 Ἐκκλησίαν,
2517 5057 2640 5126 ἥτις
2688 5056 2787 5108 οὐκ
2838 5040 3094 5127 ὴγάπητο
3143 5055 3430 5129 πρότερον.
3462 5055 3538 5109 Οὐ
3566 5053 3663 5121 γὰρ

2095 5146 2363 5215 ἐγίνωσκε
2397 5147 2551 5199 Θεόν.
2603 5165 2621 5196 ι
2662 5147 2735 5199 Οὐ
2794 5147 2924 5213 λαός
2983 5165 3084 5217 μου
3139 5149 3317 5217 ὑμεῖς.
3372 5164 3391 5198 ι
3441 5145 3523 5198 Τά
3566 5144 3661 5213 γὰρ

2100 5235 2229 5306 ἔθνη
2287 5235 2589 5305 ἀπηρνεῖτο
2640 5236 2669 5287 ὁ
2735 5235 2870 5299 Θεὸς
2923 5235 3116 5302 πάλαι,
3148 5234 3238 5287 διά
3288 5232 3386 5305 τὴν
3417 5232 3661 5287 δεισιδαι-

2110 5329 2325 5399 μονίαν.
2359 5347 2377 5378 ι
2419 5327 2648 5391 Ἡσαΐας
2700 5328 2756 5380 δὲ
2818 5325 3011 5396 κράζει
3052 5326 3195 5397 ὑπὲρ
3225 5324 3319 5380 τοῦ
3369 5326 3600 5398 Ἰσραήλ.
3638 5342 3654 5374 ι

2103 5420 2294 5486 Οὐδὲν,
2345 5420 2531 5488 φησιν,
2560 5418 3043 5488 ὑποστελλόμενος,
3069 5418 3203 5473 ἀλλά
3226 5419 3522 5493 διαρρήδην
3550 5416 3659 5489 βοᾷ.

2103 5512 2248 5582 Πρὸς
2280 5510 2453 5563 ταῦτα
2489 5510 2668 5561 πάντα
2700 5510 2767 5561 τὰ
2793 5509 3177 5579 ἀνεξιχνίαστοι
3201 5512 3447 5582 κρίματα
3483 5506 3658 5563 αὑτοῦ.

2108 5623 2125 5655 ι
2165 5604 2236 5655 ΣΞ)
2269 5602 2351 5665 τίς
2400 5595 2450 5652 εἴ
2488 5601 2516 5652 δ
2561 5601 3092 5670 ἀνταποκρινόμενος
3117 5601 3193 5672 τῷ
3239 5601 3395 5672 Θεῷ;
3449 5620 3468 5653 ι
3515 5598 3660 5653 Κατὰ

2103 5696 2280 5749 κοινοῦ
2312 5694 2471 5747 τοῦτο
2509 5693 2828 5770 ἀκουστέον.
2856 5694 2886 5764 ἦ
2921 5695 3061 5748 κατὰ
3090 5689 3333 5768 ἔλλειψιν
3353 5693 3654 5765 ἐκληπτέον.

2104 5781 2251 5851 Οἷον,
2288 5802 2306 5835 ι
2361 5784 2423 5837 Ei
2474 5784 2641 5836 θέλων
2676 5787 2703 5837 ὀ
2736 5785 2865 5848 Θεὸς
2913 5785 3269 5850 ἐνδείξασθαι.
3311 5806 3330 5838 ι
3372 5782 3499 5839 Εἶτα
3545 5782 3655 5836 τάδε

3808 2250 3811 2317 ί
