3880 6570
190 389 287 454 εει

185 592 377 660 σοφῶς,
409 591 526 654 πῶς
559 593 622 646 σὺ
648 591 852 662 τολμᾷς
881 589 1111 654 εὐθύνας
1141 595 1394 645 ἀπαιτεῖν
1433 592 1540 645 τῶν
1570 591 1748 646 τοιού-

185 702 285 737 των
319 685 608 752 πανσῧφων
631 683 724 736 καὶ
748 683 1150 752 ἀκαταλήπτων
1175 679 1387 754 έργωνς
1422 701 1442 734 ι
1478 681 1552 736 To
1587 685 1755 737 κατὰ.

189 774 388 846 λειμμα
421 775 750 846 σωθήσεται.
794 794 812 825 ι
846 775 922 828 υῦ
951 775 1169 840 πάντες,
1207 777 1392 845 φησιν,
1420 775 1556 830 ἀλλὰ
1593 776 1760 847 μέρος

186 867 242 932 ἐξ
283 867 486 924 αὐτῶν.
533 867 704 918 Τοῦτο
746 866 856 938 γὰρ
893 866 972 928 τὸ,
1014 886 1032 918 ι
1078 868 1464 938 Κατάλειμμα.
1504 887 1525 921 ι
1571 867 1700 921 Ἰδοὺ
1734 870 1762 920 ὁ

187 956 312 1018 Θεὸς
347 957 436 1010 διὰ
455 959 556 1027 τῆς
607 956 803 1010 ἑαυτοῦ
860 957 1069 1028 ἀφάτου
1126 959 1675 1031 φιλανθρωπίαςίκαὶ
1701 956 1761 1026 ἐξ

195 1050 460 1104 Ἰουδαίων
502 1050 592 1102 καὶ
645 1049 702 1116 ἐξ
738 1047 924 1112 ἐθνῶν,
993 1052 1136 1102 ποιεῖ
1177 1047 1302 1103 λαὸν
1369 1050 1565 1104 ἑαυτοῦ
1634 1067 1761 1103 και-

186 1157 296 1194 νον.

252 1318 452 1384 Λόγον
507 1317 618 1387 γὰρ
668 1319 986 1396 συντελῶν
1041 1323 1137 1374 καὶ
1197 1323 1552 1394 συντέμνων
1589 1329 1658 1380 ἐν
1683 1329 1768 1382 δι-

184 1412 522 1478 καιοσύνῃ,
559 1411 670 1490 Λὸτι
724 1415 910 1482 λόγον
974 1417 1470 1487 συντ-τετμημένον
1525 1423 1769 1490 ποιήσει

185 1502 400 1567 Κύριος
425 1502 524 1554 ἐπὶ
557 1487 674 1570 ’τῆς
705 1503 837 1573 γῆς,
857 1504 956 1557 καὶ
987 1505 1179 1574 καθὼς
1200 1510 1558 1578 προείρηκεν
1595 1487 1766 1566 'He'a-

181 1591 305 1656 τας·
351 1595 421 1647 El
463 1592 550 1662 μὴ
611 1595 824 1661 Κύριος
880 1595 1124 1650 Σαϐαὼθ
1171 1599 1568 1666 ἐγκατέλιπεν
1619 1605 1764 1673 ἡμῖν

181 1681 461 1752 σπέρμα,
520 1685 602 1750 ὡς
659 1685 892 1753 Σόδομα
945 1686 1022 1740 ἂν
1069 1688 1461 1758 ἐγενήθημεν,
1517 1693 1616 1746 καὶ
1693 1697 1774 1761 ὡς

183 1773 460 1842 Γόμορῤα
489 1774 565 1828 ἂν
591 1775 994 1845 ὡμοιώθημεν.

1274 389 1658 452 COMMENT.
1689 391 1769 452 IN
1804 388 2039 450 EPIST.
2091 389 2190 449 AD
2222 389 2400 450 ROM.

188 505 278 557 καὶ
319 502 444 556 τάδε
489 500 748 571 ἐποίησε,
786 499 883 554 καὶ
929 489 1242 554 πάνταῚπὶ
1291 503 1622 572 συμφέροντι
1659 504 1754 556 καὶ

1883 505 2067 558 ’ectum
2139 501 2522 572 accipiendum
2575 518 2587 552 ε

3319 385 3429 448 522

2643 507 2795 570 puta,
2856 517 2874 550 ι
2931 499 2988 556 Si
3035 499 3226 556 volens
3285 501 3430 556 Deus

1867 595 2160 650 ostendere
2192 614 2239 660 ι,
2268 603 2373 649 etc.
2396 593 2604 648 Deinde
2622 593 2738 648 lucc
2767 593 2932 648 ctilla
2956 593 3106 656 fecit,
3133 595 3430 665 omniaque

1861 686 2072 742 utiliter
2101 701 2166 740 ac
2186 685 2497 755 sapienter:
2529 699 2768 754 quonam
2807 683 2970 738 modo
3010 684 3182 739 audes
3211 692 3270 740 tu
3297 702 3429 742 cau-

1862 789 1951 828 sas
1983 759 2242 844 expetere
2281 771 2599 844 hujusmodi
2644 772 3186 842 sapientissimorum
3236 789 3302 830 ac
3343 775 3428 828 in-

1862 866 2445 937 comprehensibilium
2511 865 2781 936 Operum?
2861 884 2879 916 ι
2924 866 3190 936 Reliquiae
3243 868 3430 947 csalva:

1862 966 2048 1011 erunt.
2079 975 2096 1007 ι
2130 954 2248 1010 Non
2278 971 2489 1017 omnes,
2515 953 2714 1023 inquit,
2743 953 2839 1007 sed
2862 969 2987 1023 pars
3010 955 3274 1032 illorum;
3305 973 3429 1012 nam

1865 1047 1972 1102 hoc
1999 1033 2274 1118 signiﬁcat.
2300 1065 2318 1096 ι
2352 1044 2636 1115 ltcliquim.
2669 1062 2686 1095 ι
2713 1042 2854 1099 Ecce
2877 1042 3315 1104 Deus’ineﬂ‘abili
3335 1065 3432 1105 sua

1865 1126 2208 1210 benignitate
2242 1147 2298 1192 et
2327 1152 2392 1191 ex
2437 1136 2638 1191 Judzeis
2663 1144 2718 1190 et
2764 1151 2833 1190 cx
2881 1139 3140 1208 gentibus
3173 1143 3434 1214 populum

1868 1227 1972 1280 sibi
2002 1241 2349 1280 communem
2381 1223 2534 1280 facit.

1941 1317 2033 1381 IX,
2061 1318 2246 1372 28-29.
2273 1317 2582 1372 Sermonem
2615 1319 2752 1372 enim
2775 1335 3145 1400 consummans
3175 1329 3224 1376 et
3259 1322 3440 1378 abbre-

1869 1412 2021 1465 vians
2068 1411 2124 1462 in
2149 1411 2406 1480 justitia:
2445 1410 2698 1480 quoniam
2737 1425 3033 1466 sermonem
3079 1413 3440 1471 abbreviatum

1873 1499 2029 1568 faciet
2083 1499 2334 1552 Dominus
2379 1501 2433 1552 in
2464 1505 2727 1562 terra,,et
2761 1501 2894 1552 sicut
2939 1502 3184 1571 pra’dixil
3227 1499 3442 1558 Isaias:

1872 1590 1989 1643 Nisi
2013 1589 2267 1643 Dominus
2289 1583 2521 1644 Sabaoth
2543 1589 2838 1661 reliquisset
2869 1593 3016 1648 nobis
3039 1611 3235 1660 semen,
3263 1604 3318 1648 ut
3343 1595 3442 1652 So-

1875 1681 2032 1734 doma
2059 1679 2189 1752 facti
2214 1679 2512 1751 fuissemus,
2545 1692 2593 1736 et
2625 1692 2879 1754 tanquam
2909 1669 3204 1742 Gomorrhu
3233 1689 3444 1744 assimi-

1879 1771 1976 1826 lati
2003 1773 2303 1844 fuissemus.
3149 1763 3154 1769 ’

256 1863 602 1938 [ΟΙΚΟΥΜ.]
621 1867 663 1918 Τ
666 1865 715 1930 δ,
743 1868 1095 1933 «συντελῶνρ
1119 1870 1268 1942 δηλοῖ
1283 1872 1364 1924 ὅτι
1390 1873 1559 1946 πέρας
1581 1875 1762 1946 έχουσι

1940 1865 2012 1918 Τὸ
2040 1863 2354 1919 συντελῶν
2383 1881 2800 1922 consummans:
2845 1867 3118 1940 signiﬁcat
3163 1868 3311 1942 quod
3340 1876 3448 1928 ter.

194 1954 390 2018 πάντες
421 1954 571 2023 λόγοι
610 1957 846 2020 πίστεως
875 1958 972 2010 καὶ¹
1003 1959 1259 2028 γνώσεως
1301 1962 1436 2015 Θεοῦ
1459 2004 1473 2029 ,
1520 1966 1615 2018 καὶ
1668 1967 1768 2019 οὐκ

193 2043 340 2098 ἕσται
383 2044 572 2116 ἑτερος
611 2047 753 2115 μετὰ
799 2047 988 2100 τοῦτον
1035 2051 1128 2102 τὸν
1173 2051 1268 2105 νῦν
1324 2056 1767 2124 κηρυσσόμενον,

200 2134 492 2206 καθώσπερ
540 2132 609 2209 ἦν
657 2139 726 2192 τὰ
763 2139 1069 2205 Ἰουδαίων,
1101 2144 1196 2196 καὶ
1253 2145 1554 2213 μετέπεσεν
1582 2149 1663 2211 εἰς
1701 2149 1770 2202 τὰ

201 2227 308 2283 νῦν.
337 2229 480 2282 Ἀλλ’
511 2231 603 2283 ἐπὶ
635 2232 947 2297 συντελείας
969 2233 1150 2306 πάσης
1178 2236 1410 2301 πίστεως
1443 2239 1536 2292 καὶ
1569 2241 1772 2302 παντὸς

209 2318 358 2386 λὰγου
405 2321 610 2375 δέδοται
649 2322 744 2376 νῦν
795 2326 894 2394 τῆς
939 2326 1172 2392 πίστεως
1233 2329 1412 2398 λόγος.
1457 2361 1526 2372 --
1572 2329 1772 2404 [ΦΩΤ.]

229 2409 296 2464 ’0
330 2411 424 2481 μὲν
477 2414 768 2479 Μωσαῖκδς
822 2415 984 2487 νόμος
1031 2417 1222 2490 ἐδόθη,
1289 2422 1776 2492 προδιατυποῦντος

212 2502 357 2566 Θεοῦ,
386 2507 475 2558 καὶ
518 2507 1017 2580 προδιαγρὰφοντος
1057 2513 1148 2564 τὸν
1193 2515 1293 2585 τῆς
1343 2516 1566 2586 χάριτος
1597 2516 1774 2585 λόγον,

213 2593 296 2648 τὸν
315 2595 368 2648 δὲ
396 2597 749 2666 εὐαγγελικὺν
769 2601 978 2666 δίδωσι,
1013 2603 1284 2657 συντελῶν
1308 2607 1404 2660 καὶ
1435 2609 1774 2678 συντέμνων,

215 2687 490 2754 τουτέστιν,
521 2689 838 2760 ἀπαρτίζων
872 2692 1108 2762 ἅπαντα,
1131 2697 1226 2750 καὶ
1255 2698 1336 2760 είς
1379 2699 1531 2761 τέλος
1559 2702 1778 2770 ἄριστον

217 2775 375 2844 ἄγων,
423 2779 696 2851 μηδεμίαν
747 2783 943 2854 ἑτέραν
985 2784 1287 2856 δυνάμενον
1333 2788 1704 2860 ἐπανόρθωσιν
1745 2792 1778 2862 ἢ

217 2869 481 2926 τελείωσιν
513 2872 790 2938 δέξασθαι.
824 2875 932 2929 Τοῦ
968 2875 1048 2940 δὲ,
1081 2895 1100 2929 ι
1133 2878 1306 2946 Λόγον
1355 2879 1464 2952 γὰρ
1512 2881 1782 2936 συντελῶν

215 2962 304 3014 καὶ
360 2965 696 3035 συντέμνων,
735 2967 881 3030 τίνος
938 2968 1104 3022 ἕνεκα
1151 2971 1436 3042 ἐμνήσθης
1483 2991 1502 3024 ‹
1567 2973 1784 3044 Ὠσπερ

212 3057 382 3112 αἰτίαν
429 3063 550 3114 τινὰ
605 3062 715 3114 τῶν
783 3061 1210 3134 προειρημένων
1253 3047 1576 3128 ἀποδιδοὺς,
1629 3065 1786 3118 τοῦτο

215 3149 432 3220 συνῆψε.
457 3153 567 3206 Καὶ
595 3155 826 3226 λέγομεν
849 3156 931 3208 ὅτι
955 3156 1076 3209 λίαν
1118 3156 1248 3210 αὐτὸ
1294 3155 1644 3228 ἁρμοζόντως
1689 3157 1786 3211 καὶ

1871 1957 2082 2012 minum
2111 1956 2442 2010 obtinebunt
2478 1972 2690 2020 omnes,
2732 1959 2826 2029 qui
2871 1958 2939 2013 de
2972 1958 3077 2014 ﬁde
3120 1959 3327 2030 Deique
3357 1975 3450 2016 co-

1873 2047 2122 2116 gnitione
2167 2056 2296 2100 sunt
2345 2061 2652 2112 sermones.
2710 2046 2822 2101 Nec
2867 2048 3012 2104 alius
3050 2049 3156 2104 erit
3197 2051 3292 2119 qui
3327 2059 3450 2119 post

1877 2141 2022 2193 hunc
2047 2137 2458 2206 prmdicabitur,
2486 2137 2950 2208 quemadmodum
2981 2141 3072 2194 illa
3099 2157 3218 2210 qua:
3239 2141 3446 2196 Judzeo.

1878 2247 1999 2284 rum
2052 2215 2216 2302 336
2245 2239 2424 2294 erant,
2478 2231 2547 2284 ad
2587 2237 2650 2286 ea
2696 2247 2817 2302 qua:
2849 2247 2998 2288 nunc
3031 2241 3179 2296 sunt,
3215 2233 3450 2288 transie-

1877 2334 2030 2378 runt.
2056 2324 2162 2382 Sed
2187 2325 2256 2380 ad
2297 2326 2476 2380 omnis
2521 2325 2648 2383 ﬁdei
2692 2326 2982 2396 omnisque
3009 2327 3283 2384 sermonis
3312 2343 3446 2384 con-

1878 2419 2299 2474 summationem
2338 2418 2502 2472 datus
2551 2426 2814 2474 estnunc
2849 2410 2975 2473 ﬁdei
3015 2434 3218 2474 sermo.
3245 2405 3450 2476 *Ηοο

1879 2508 2026 2562 saica
2084 2507 2305 2578 quidem
2362 2507 2447 2562 lex
2483 2505 2610 2562 data
2659 2515 2764 2572 est,
2821 2507 2932 2562 Deo
2981 2507 3448 2580 praedisponcntc.
3497 2493 3502 2498 ’

1879 2600 2233 2670 primumque
2265 2599 2579 2654 delineante
2621 2600 2809 2672 gratia:
2839 2615 3148 2662 sermonem
3174 2587 3448 2674 {evange-

1879 2691 2049 2746 licum
2078 2708 2208 2747 vero
2236 2691 2329 2746 dat
2357 2694 3188 2759 consummansetabbrevians,
3223 2695 3328 2750 hoc
3343 2705 3450 2762 est,

1882 2782 2179 2854 perﬁciens
2230 2784 2416 2838 omnia
2453 2791 2508 2838 et
2538 2783 2606 2838 ad
2655 2783 2926 2854 optimum
2971 2785 3134 2842 ﬁnem
3171 2786 3456 2848 deducens

1884 2874 1978 2945 qui
2011 2875 2216 2930 nullam
2244 2875 2404 2930 aliam
2431 2876 2604 2945 possit
2637 2877 3039 2932 correctionem
3067 2865 3138 2933 lae
3163 2879 3456 2948 perfectio-

1883 2981 2010 3020 nem
2049 2967 2353 3036 suscipere.
2386 2964 2498 3020 Cur
2531 2974 2716 3021 autem
2760 2967 2904 3020 illius
2931 2967 3062 3022 fecit
3092 2967 3451 3032 intentionem.

1897 3075 1916 3109 ι
1953 3057 2276 3111 Sermonem
2323 3057 2470 3110 enim
2497 3072 2886 3112 consummans
2925 3068 2983 3112 et
3029 3059 3386 3116 abbrevians:
3414 3079 3448 3130 ,ι

1889 3147 2172 3218 Tanquam
2233 3163 2453 3202 causam
2479 3148 2742 3216 'aliqnam
2810 3149 3048 3204 reddens
3101 3165 3296 3207 eorum
3335 3167 3456 3223 qua:

217 3243 520 3312 προσφυῶς,
563 3245 650 3300 διὰ
693 3246 896 3309 πολλὰς
941 3246 1123 3311 αἰτίας
1171 3248 1499 3319 ἑπισυνῆψε.
1557 3249 1777 3318 Πρῶτον

1889 3239 2038 3294 dicta
2069 3248 2222 3303 sunt,
2274 3239 2381 3294 hoc
2430 3240 2742 3308 conjunxit.
2775 3240 2841 3295 Et
2881 3241 3118 3296 dicimus
3158 3243 3304 3326 quod
3331 3254 3454 3313 apte

215 3332 450 3406 μὲνγὰρ,
493 3337 684 3410 ἐπειδὴ
710 3331 888 3404 εἶπεν,
937 3339 1020 3392 δτι
1082 3356 1101 3390 ι
1153 3339 1384 3392 Καλέσω
1421 3339 1513 3393 τὸν
1549 3340 1608 3392 οὐ
1658 3340 1785 3394 λαόν

214 3439 337 3491 μου,
394 3445 414 3477 ι
463 3429 557 3480 καὶ
613 3427 762 3498 ἑξῆς,
800 3428 886 3482 ἵνα
928 3431 1001 3500 μή
1054 3447 1138 3492 τις
1181 3430 1344 3502 είπῃ·
1379 3431 1490 3484 Καὶ
1515 3431 1566 3484 τί
1592 3430 1783 3498 τοῦτο;

215 3513 417 3588 Ὠσπερ
445 3519 551 3591 γὰρ
578 3521 830 3588 ἑγένοντο
863 3523 928 3575 ἑκ
972 3519 1102 3575 λαοῦ
1153 3539 1307 3585 τινες
1339 3523 1399 3575 οὐ
1433 3524 1588 3589 λαὸς,
1615 3523 1787 3588 οὕτως

217 3605 321 3658 κᾶν
364 3607 422 3672 ἐξ
470 3610 531 3662 οὐ
588 3609 720 3662 λαοῦ
773 3610 897 3674 λαὸς
944 3611 1232 3679 γένωνται,
1278 3613 1430 3666 οὐδὲν
1459 3614 1656 3668 κωλύει
1694 3615 1787 3668 καὶ

208 3697 428 3763 τούτους
475 3701 634 3754 πάλιν
679 3702 926 3770 γενέσθαι
953 3705 1015 3756 οὐ
1041 3703 1186 3758 λαόν.
1210 3705 1321 3774 Οὖχ
1362 3703 1568 3771 οὕτως,
1613 3708 1783 3778 φησί’

215 3803 234 3838 ι
264 3789 436 3858 Λόγον
486 3791 596 3862 γὰρ
645 3794 920 3870 ,συντελῶν
978 3796 1074 3848 καὶ
1131 3797 1459 3866 συντέμνων.
1511 3815 1533 3848 ι
1573 3797 1786 3850 Ἐκεῖνα

212 3877 310 3946 μὲν
339 3880 460 3953 γὰρ,
494 3870 792 3954 μετέπιπτε
822 3887 915 3940 καὶ
951 3889 1294 3957 μετετίθετο,
1333 3889 1426 3942 ἐπὶ
1456 3891 1515 3942 τὸ
1541 3893 1786 3959 κρεῖττον
1817 3935 1826 3946 .

212 3969 426 4026 πάντων
471 3976 800 4050 ὀφειλόντων
838 3979 1416 4052 μεταρρυθμίζεσθαι·
1463 3981 1558 4036 νῦν
1597 3983 1654 4036 δὲ
1687 3985 1787 4038 οὐκ

216 4060 318 4115 ἑτι.
350 4063 466 4118 Ὀτι
509 4069 908 4142 τετελειωμένη
959 4071 1108 4126 ἐστὶν
1151 4075 1185 4144 ή
1223 4071 1318 4126 νῦν
1350 4073 1540 4142 κλῆσις
1595 4075 1690 4128 καὶ
1753 4077 1784 4145 ἦ

224 4159 552 4229 πνευματική
594 4159 910 4228 νομοθεσία,
941 4163 1036 4216 καὶ
1069 4164 1103 4235 ή
1139 4163 1459 4234 ὑπόσχεσις.
1496 4165 1595 4218 Διὰ
1629 4161 1787 4219 τοῦτο

195 4287 198 4290 .
233 4243 328 4310 μὲν
357 4248 594 4320 ἐμνήσθη
629 4251 748 4318 τοῦ,
779 4270 798 4303 ‹
823 4253 994 4322 Λόγον
1020 4255 1130 4324 γὰρ
1166 4253 1451 4325 συντελῶν,
1480 4274 1500 4306 ι
1523 4256 1786 4326 Δεύτερον

226 4333 302 4399 δὲ,
331 4339 504 4414 ἑπειδὴ
553 4339 728 4408 εἶπεν,
766 4361 784 4394 ι
809 4345 934 4400 Ἐὰν
976 4340 1010 4419 ᾗ
1045 4347 1073 4398 ὁ
1103 4345 1337 4416 ἀριθμὸς
1369 4346 1478 4399 τῶν
1518 4347 1650 4402 υἱῶν
1680 4350 1784 4400 Ἰσ-

231 4426 359 4496 ραὴλ
389 4429 460 4492 ὡς
494 4433 526 4502 ή
556 4433 740 4504 ἄμμος
769 4435 867 4506 τῆς
897 4435 1194 4506 θαλάσσης,
1231 4455 1250 4489 ι
1282 4437 1377 4491 καὶ
1417 4437 1564 4509 ἑξῆς,
1591 4439 1676 4492 ἵνα
1711 4442 1784 4510 μὴ

233 4514 463 4584 εἴπωσιν,
485 4525 567 4576 ὅτι
587 4524 851 4590 Πολλάκις
891 4528 1231 4596 ἐπαγγελιῶν
1274 4528 1486 4583 πολλῶν
1519 4532 1785 4585 ἀκούσαν-

232 4615 333 4666 τες.
363 4605 518 4676 ῆοὺὅ
553 4610 690 4674 ὅλως
714 4593 1060 4686 ἐτύχομενξή
1083 4618 1220 4687 μετὰ
1249 4617 1464 4690 μακρὸν
1491 4621 1585 4674 καὶ⁴
1622 4621 1788 4676 πολὺν
1820 4593 1864 4648 D

233 4695 426 4762 Χρόνον·
460 4700 571 4754 Καὶ
596 4703 704 4774 γὰρ
733 4707 826 4760 καὶ
856 4707 1066 4760 πολλῶν
1091 4711 1404 4776 ἐξέπιπτον,
1429 4711 1517 4766 διὰ
1537 4713 1637 4786 τὴν
1659 4715 1790 4786 ἁχαο

236 4787 428 4848 ριστίαν
459 4793 554 4846 καὶ
594 4793 986 4870 ἀγνωμοσύνην
1016 4802 1216 4856 αὐτῶν.
1247 4804 1364 4856 Ἲνα
1395 4805 1470 4874 μὴ
1495 4803 1588 4859 οὖν
1611 4805 1785 4871 οὕτως

235 4875 442 4946 λέγωσιν
467 4887 516 4938 οἱ
553 4885 824 4943 Ἰουδαῖοι·
869 4893 980 4963 Οὐχ
1001 4892 1174 4958 οὕτως
1215 4897 1270 4950 δὲ
1306 4898 1400 4950 καὶ
1435 4897 1551 4964 νῦν,
1590 4902 1776 4968 φησιν,

237 4971 338 5024 ἀλλ’
383 4977 476 5031 ἑὰν
518 4980 677 5050 μόνον
715 4981 1001 5055 βούλησθε,
1035 4989 1429 5058 τετελειωμένη
1471 4991 1565 5046 καὶ
1607 4992 1786 5044 σύντο-

240 5078 326 5152 ιιος
341 5067 430 5120 ἐπὶ
459 5073 646 5140 χεῖρας
673 5075 828 5143 ἡμῶν
867 5077 900 5146 ή
926 5077 1192 5150 σωτηρία.
1224 5081 1334 5133 Καὶ
1360 5080 1532 5134 ταῦτα
1561 5082 1681 5152 μὲν,
1705 5085 1785 5137 ὅτι

237 5151 340 5208 λίαν
392 5163 748 5234 ἡρμοσμένως
802 5167 1162 5240 ὲπ-ισυνῆψεν.
1199 5171 1356 5240 Ἔχει
1409 5173 1466 5226 δὲ
1513 5151 1608 5227 καὶ
1653 5175 1786 5228 ἰδίαν

238 5243 562 5308 διδασκαλίαν
591 5256 853 5327 (τοιοῦτον
879 5257 988 5330 γὰρ
1014 5260 1074 5312 τὸ
1117 5262 1314 5332 ἰδίωμα
1333 5263 1426 5316 τοῦ
1453 5263 1787 5336 θεσπεσίου),
1825 5261 1832 5268 ’

239 5341 320 5392 καὶ
369 5347 626 5400 συνάπτει
660 5351 754 5402 καὶ
789 5349 1112 5422 ἀλλήλουχεί
1161 5354 1229 5407 τὰ
1281 5357 1480 5425 ἑφεξῆς
1523 5356 1792 5424 λεγόμενα

241 5435 334 5496 τοῖς
377 5441 816 5509 προειρημένοις,
860 5443 955 5498 καὶ
1013 5445 1150 5500 ἰδίαν
1220 5449 1382 5501 πάλιν
1431 5449 1639 5502 ἔννοιαν
1697 5451 1792 5504 καὶ

241 5521 562 5583 διδασκαλίαν
589 5533 656 5585 δι’
688 5535 866 5587 αὐτῶν
898 5537 1152 5607 πηγάςει.
1185 5539 1557 5608 Γονιμώτατος
1575 5541 1683 5610 γὰρ
1715 5539 1789 5592 ὢν

241 5613 334 5676 τοῖς
361 5619 610 5689 νοήμασι,
640 5621 1000 5693 βραχυτάτοις
1057 5629 1264 5699 ῥήμασι
1316 5629 1515 5694 πολλὰς
1545 5630 1640 5683 καὶ
1669 5647 1790 5683 ποι-

337 5797 378 5831 ⁶³
406 5797 546 5856 Osee
569 5819 626 5863 ιι,
653 5803 744 5854 25.
1360 5822 1368 5830 ·

539 5897 810 5954 ΡΑΤιιοι..
852 5893 967 5955 Gn.
1016 5893 1300 5955 CXVlll.

1888 3333 2182 3388 admodum
2233 3340 2289 3386 et
2325 3333 2718 3387 convenienter
2756 3341 2984 3402 propter
3032 3335 3233 3390 multas
3263 3349 3458 3390 causas
3525 3381 3532 3387 .

1890 3425 1996 3480 hoc
2019 3423 2288 3495 adjnnxit.
2324 3425 2572 3478 Primum
2605 3418 2812 3480 etenim
2844 3423 2974 3494 quia
3015 3425 3234 3483 dixerat
3259 3413 3315 3478 τι
3347 3427 3456 3483 Vo-

1887 3517 2026 3574 cabo
2100 3518 2367 3586 populum
2445 3517 2539 3587 qni
2605 3533 2762 3572 meus
2815 3533 2924 3572 non
2985 3527 3123 3596 erat.
3191 3520 3456 3590 populum

1889 3624 2071 3664 meum
2105 3609 2150 3640 ⁵³
2185 3627 2229 3671 ι,
2261 3615 2402 3683 etc,;
2453 3620 2522 3660 ne
2555 3607 2684 3676 quis
2712 3605 2893 3664 dicat:
2925 3607 2994 3663 Et
3029 3609 3162 3679 quid
3205 3610 3311 3666 hoc
3343 3627 3459 3664 ma-

1887 3716 2053 3772 gnum
2085 3699 2206 3754 cst?
2249 3696 2724 3766 Quemadmodum
2755 3697 2904 3752 enim
2943 3699 3198 3754 nonnulli
3239 3701 3336 3772 qui
3362 3717 3458 3772 po-

1889 3793 2052 3864 pulus
2101 3798 2260 3846 erant
2307 3789 2438 3844 facti
2462 3797 2593 3844 sunt
2623 3805 2735 3844 non
2782 3791 3044 3860 populus,
3087 3791 3161 3846 ita
3194 3793 3360 3847 etiam
3411 3795 3458 3848 si

1889 3882 2111 3954 quidam
2143 3885 2236 3952 qui
2272 3882 2509 3952 populus
2529 3895 2640 3934 non
2670 3889 2831 3934 erant
2863 3883 2994 3936 ﬁant
3025 3883 3284 3953 populus,
3317 3885 3457 3938 nihil

1888 3983 2038 4030 vetat
2071 3975 2204 4043 quin
2240 3971 2298 4026 hi
2342 3987 2562 4025 rursum
2609 3971 2730 4024 ﬁeri
2792 3973 3007 4041 possint
3055 3989 3166 4027 non
3198 3975 3458 4044 populus.
3501 3957 3505 3964 ’

1888 4065 2008 4119 Non
2056 4065 2152 4126 ita,
2180 4063 2406 4133 inquit:
2448 4081 2466 4113 ι
2504 4062 2827 4118 Sermonem
2873 4064 3021 4118 enim
3069 4080 3458 4124 consummans

1888 4164 1947 4210 et
1973 4155 2320 4221 abbreyians.
2353 4172 2370 4203 ι
2399 4151 2681 4222 Siquidem
2707 4153 2798 4206 illa
2829 4153 3174 4234 transierunt
3201 4165 3257 4211 et
3277 4165 3457 4214 trans-

1889 4247 2068 4318 posita
2103 4254 2250 4310 sunt,
2282 4261 2404 4299 cum
2444 4260 2636 4298 omnes
2668 4243 2934 4298 deberent
2961 4245 3029 4298 ad
3058 4247 3111 4300 id
3143 4249 3292 4316 quod
3337 4265 3454 4304 me-

1889 4339 1997 4394 lius
2041 4347 2162 4394 erat
2202 4321 2489 4408 ad'aptari;
2547 4351 2694 4390 nunc
2747 4351 2876 4392 vero
2927 4353 3038 4392 non
3077 4340 3314 4410 amplius
3355 4341 3460 4396 hoc

1891 4431 2200 4501 contingit:
2229 4431 2359 4500 quia
2382 4430 2492 4500 jam
2528 4439 2905 4484 consummata
2942 4439 3028 4484 est
3055 4431 3294 4498 vocatio,
3342 4432 3460 4502 spi-

1891 4523 2214 4592 ritualisque
2275 4519 2544 4592 legislatio
2587 4535 2650 4574 ac
2684 4521 2998 4590 promissio.
3064 4507 3298 4594 Propter
3357 4523 3464 4578 hoc

1893 4631 2024 4686 ergo
2072 4614 2204 4670 fecit
2256 4603 2418 4684 lzujus
2467 4613 2844 4668 mentionem:
2885 4631 2904 4663 ι
2937 4612 3256 4668 Sermonem
3309 4613 3459 4668 enim

1895 4702 2306 4764 c‘onsummans.
2349 4725 2368 4758 ι
2408 4704 2664 4760 Secundo
2695 4719 2848 4768 vero,
2891 4704 3019 4773 quia
3048 4703 3299 4758 dixerat:
3351 4722 3370 4755 ι
3403 4703 3462 4760 Si

1891 4801 2059 4856 fuerit
2086 4814 2351 4854 numerus
2371 4797 2605 4852 ﬁliorum
2625 4796 2792 4853 Israel
2825 4806 2884 4850 ut
2907 4811 3075 4852 arena
3111 4797 3301 4860 maris.
3323 4804 3458 4860 etc.,
3547 4840 3562 4864 ,

1890 4880 1960 4962 ne
1996 4892 2252 4948 dicerent
2281 4909 2293 4945 :
2325 4889 2462 4946 Cum
2499 4888 2698 4966 saepius
2734 4887 2936 4941 multas
2966 4885 3308 4944 audierimus
3331 4903 3461 4967 pro-

1892 4984 2204 5046 missiones,
2236 4993 2331 5038 aut
2381 4981 2517 5036 nihil
2563 4980 2788 5034 omnino
2828 4982 3061 5044 assecuti
3109 4996 3322 5046 sumus,
3367 4992 3462 5036 aut

1891 5085 2016 5147 post
2043 5078 2264 5146 longum
2309 5089 2374 5127 ac
2405 5074 2638 5126 multum
2685 5081 2898 5141 tempus
2933 5089 2946 5124 :
2989 5073 3259 5142 siquidem
3292 5073 3459 5128 etiam

1895 5183 1924 5220 a
1969 5166 2156 5220 multis
2195 5163 2514 5220 exciderant
2549 5173 2777 5235 propter
2807 5179 2959 5218 suam
3009 5164 3457 5234 ingratitudinem

1897 5275 1961 5313 ac
1983 5257 2308 5328 perﬁdiam;
2338 5273 2405 5311 nc
2437 5275 2565 5327 ergo
2598 5257 2670 5310 ita
2720 5257 2966 5312 dicerent
2997 5257 3166 5312 Judaei
3197 5277 3210 5311 :
3257 5257 3458 5312 Verum

1889 5368 1998 5405 non
2026 5367 2174 5406 nunc
2199 5365 2418 5420 quoque
2446 5359 2532 5404 est
2565 5351 2659 5412 ita,
2704 5350 2906 5419 inquit,
2944 5350 3040 5402 sed
3085 5349 3129 5403 si
3171 5347 3332 5400 modo
3361 5362 3456 5399 vo-

1889 5442 2129 5508 lueritis,
2185 5451 2566 5496 consummata
2625 5451 2710 5495 est
2771 5457 2836 5495 ac
2893 5449 3172 5496 contracta
3215 5440 3361 5493 salus
3399 5437 3456 5490 in

1887 5551 2052 5588 manu
2084 5544 2294 5588 nostra.
2339 5533 2408 5587 Et
2451 5534 2565 5587 inec
2595 5534 2816 5602 quidem
2852 5519 2996 5586 dicta
3024 5533 3134 5585 sint
3161 5531 3224 5581 ad
3269 5539 3456 5580 esten-

1888 5623 2129 5684 dendum
2163 5627 2310 5698 quod
2336 5627 2440 5680 hoc
2467 5626 2762 5680 admodum
2791 5635 2914 5694 apte
2939 5621 3307 5694 conjunxcrit.
3346 5619 3454 5672 lia-

3050 5893 3117 5954 Π
