3880 6560
417 414 519 476 523
1463 413 1861 474 (ECUMENII
1893 414 2185 475 TRICCzE
2220 415 2562 477 EPISCOPI
3538 418 3624 479 ιιι
3695 370 3706 380 ”

418 530 513 583 bet
549 535 733 581 autem
770 533 825 581 et
857 525 1134 596 propriam
1177 524 1510 580 doctrinam.
1570 525 1719 582 Talis
1751 543 1988 597 namque

2099 527 2252 590 κίλας
2273 527 2511 590 διανοίας
2538 526 2957 597 περιλαμϐάνει.
2988 527 3096 580 Καὶ
3126 523 3219 579 νῦν
3251 521 3346 580 οὖν
3376 542 3528 597 φησι⁹
3552 532 3629 602 Μὴ

418 621 728 692 proprietas
777 629 859 674 est
896 618 1068 672 divini
1097 618 1334 688 eloquii,
1383 629 1440 674 et
1467 619 1693 689 adaptat
1726 631 1783 675 et
1809 621 1992 674 colue-

2101 619 2378 688 νομίζετε,
2445 613 2489 672 ὦ
2510 617 2782 682 Ἰουδαῖοι,
2807 619 2891 672 δτι
2931 621 2965 688 ἡ
2987 617 3316 689 εὖαγγελικὴ
3350 619 3629 688 νομοθεσία,

419 728 542 766 rere
572 709 702 764 facit
727 710 1012 779 sequentia
1049 709 1362 779 pra-teritis,
1408 725 1738 780 rursumque
1767 726 1866 781 per
1893 727 1986 764 ca-

2099 714 2276 787 ὦσπερ
2327 717 2360 786 ἡ
2415 714 2709 788 Μωσαῖκὴ,
2748 711 3334 783 παυθήσεται.Ἐκείνη
3373 713 3530 778 τύπος
3558 710 3634 786 ἦν,

418 805 543 857 dem
577 801 856 872 propriam
883 800 1092 854 stahilit
1121 801 1538 870 intelligentiam
1566 817 1629 857 ac
1653 801 1988 857 doctrinam.

2099 807 2228 878 πρὸς
2251 807 2420 876 ἄλλην
2469 807 2664 860 ἐόλεπε
2694 805 3026 877 τελειότητα.
3067 803 3263 867 Καλῶς
3297 801 3389 858 οὖν
3430 805 3634 877 ἐπαύθη.

418 895 554 950 Nam
605 909 728 950 cum
776 895 847 949 sit
888 893 1145 968 sensibus
1178 893 1602 958 fertilissimum,
1647 894 1992 950 brevissimis

2099 898 2167 952 Ἢ
2219 899 2277 953 δὲ
2335 898 2643 952 Δεσποτικίι
2692 897 3021 968 νομοθεσία,
3067 895 3454 967 τετελειωμένη
3501 897 3630 951 ἐστί·

415 986 602 1041 verbis
632 986 834 1040 multas
862 1000 928 1040 ac
955 965 1136 1038 varias
1153 985 1540 1052 complectitur
1570 984 1990 1057 intelligentias.

2099 988 2231 1058 πρὸς
2283 987 2492 1059 ταύτην
2541 965 2776 1040 ἔϐλεπεν
2819 987 2854 1056 ἡ
2883 986 3186 1053 Μωσαῖκὴ,
3221 986 3315 1037 καὶ
3355 965 3544 1055 ταύτης
3582 980 3639 1056 ἦν

414 1074 484 1130 Ει
515 1091 660 1129 nunc
711 1090 842 1146 ergo
901 1075 1070 1130 dicit:
1122 1075 1200 1129 Ne
1248 1076 1476 1145 putetis,
1521 1091 1555 1132 ο
1587 1077 1791 1142 Judaei,
1843 1079 1992 1149 quod

2099 1081 2290 1144 τύπος.
2318 1080 2410 1133 Ἐν
2463 1081 2602 1151 αὐτῇ
2657 1078 2764 1150 γάρ
2820 1080 2970 1132 ἐστιν
3016 1079 3050 1147 ἡ
3104 1076 3330 1148 ἀληθινὴ
3353 1077 3445 1129 καὶ
3483 1076 3640 1130 τελεία

413 1167 728 1236 evangelica
761 1166 1032 1238 legislatio
1057 1170 1200 1221 sicut
1239 1175 1295 1220 et
1315 1166 1549 1224 Mosaica
1583 1179 1864 1224 cessatura
1889 1169 1983 1235 sit,

2099 1172 2374 1236 δικαίωσις
2425 1172 2581 1242 ἡμῶν
2630 1173 2726 1225 καὶ
2766 1169 3042 1241 σωτηρία,
3069 1171 3164 1222 καὶ
3217 1170 3334 1238 μετ’
3373 1168 3531 1238 αὐτὴν
3557 1170 3641 1222 οὐκ

413 1255 572 1326 337
603 1255 678 1310 illi
709 1267 830 1311 erat
865 1256 1036 1327 ﬁgura
1071 1263 1125 1311 et
1159 1255 1226 1310 ad
1253 1257 1416 1310 aliam
1458 1257 1795 1326 respiciebat
1853 1274 1982 1329 per-

2099 1264 2240 1318 Ec'rtv
2277 1265 2459 1336 ἑτέρα.
2491 1264 2583 1317 Διὸ
2606 1264 2830 1327 είκότως
2856 1263 3039 1333 εκείνη
3095 1261 3194 1332 μὲν
3239 1261 3533 1326 πέπαυται,
3558 1261 3639 1315 καὶ

413 1346 736 1401 lectionem.
763 1349 933 1404 Recte
967 1363 1098 1418 ergo
1133 1348 1388 1403 cessavit.
1434 1349 1721 1404 Dominica
1742 1366 1876 1406 vero
1900 1351 1984 1405 le-

2099 1353 2163 1408 ίτι
2191 1353 2413 1418 τελείως
2445 1354 2788 1423 ’καυθήσεται
2813 1370 2826 1383 ·
2880 1351 3018 1424 αὕτη
3045 1353 3123 1418 δὲ,
3157 1351 3447 1414 διαπαντὸς
3488 1352 3640 1407 ἔσται.

412 1439 628 1508 gislatio
655 1438 897 1510 perfecta
931 1450 1049 1495 est:
1083 1440 1149 1494 ad
1174 1440 1314 1495 hanc
1372 1441 1613 1511 respexit
1644 1442 1898 1506 Mosaica,
1932 1450 1990 1498 et

2099 1445 2275 1500 Γαῦτα
2321 1445 2376 1499 δὲ
2423 1445 2669 1516 δηλονότι
2728 1444 2892 1515 φησὶ,
2963 1443 3286 1514 προτρέπων
3334 1442 3413 1504 είς
3449 1443 3543 1509 τὴν
3576 1445 3643 1507 είς

414 1529 578 1600 hujus
610 1539 769 1602 typus
793 1540 932 1586 erat.
955 1529 1020 1585 in
1044 1532 1161 1602 ipsa
1181 1533 1328 1587 enim
1357 1541 1442 1588 est
1471 1548 1602 1588 vere
1632 1533 1988 1604 perfectaque

2099 1535 2333 1605 Χριστὸν
2367 1535 2571 1600 πίστιν,
2607 1535 2704 1588 καὶ
2737 1535 2838 1605 τὴν
2869 1533 3150 1587 πολιτείαν
3177 1533 3276 1604 τὴν
3311 1532 3450 1585 κατὰ
3480 1534 3536 1585 τὸ
3559 1533 3643 1584 E6-

412 1622 738 1692 justiﬁcatio
773 1632 962 1678 nostra
979 1639 1049 1678 ac
1085 1625 1258 1689 salus,
1297 1633 1354 1680 et
1386 1633 1512 1696 post
1533 1625 1705 1696 ipsam
1734 1642 1846 1681 non
1899 1636 1986 1684 est
2095 1627 2402 1696 αγγέλλιον.

415 1715 544 1770 alia.
580 1715 712 1771 Ideo
761 1715 962 1775 merito
1008 1717 1099 1771 illa
1149 1717 1371 1786 quidem
1415 1718 1673 1784 cessavit,
1728 1727 1786 1772 et
1848 1718 2031 1775 adhuc
2068 1718 2315 1791 perfecte
2377 1715 2657 1773 cessabit:
2693 1716 2810 1772 haec
2833 1727 3016 1773 autem
3065 1733 3286 1789 semper
3329 1716 3453 1772 erit.
3500 1717 3650 1772 Porro

415 1806 530 1861 haec
558 1805 692 1860 dicit
715 1806 1018 1863 adhortans
1046 1809 1113 1862 ad
1139 1808 1298 1862 ﬁdem
1323 1807 1380 1862 in
1399 1807 1703 1876 Christum,
1735 1809 2065 1882 dignamque
2093 1808 2391 1878 Evangelio
2409 1806 2909 1862 conversationem.

485 1918 509 1953 ι
535 1899 673 1968 Quia
703 1914 1010 1955 sermonem
1024 1899 1430 1955 abbreviatum.
1463 1919 1482 1952 ι
1514 1900 1839 1956 Sermonem
1861 1917 1990 1956 con-

2168 1916 2187 1950 ι
2225 1899 2350 1951 Ὀτι
2379 1897 2536 1966 λόγον
2579 1897 3036 1967 συντετμημένον.
3083 1916 3102 1950 ι
3153 1896 3328 1964 Λόγον
3371 1895 3648 1948 συντετελε·

416 2000 750 2046 summatum
780 1998 836 2045 et
887 1991 1267 2045 a‘bbreviatum
1305 1991 1479 2054 dedit,
1527 1992 1726 2063 inquit,
1768 2003 1984 2048 contra-

418 2093 590 2139 ctum.
629 2081 1002 2137 Abbreviatus
1041 2091 1224 2138 autem
1257 2092 1311 2138 et
1345 2093 1759 2140 consummatus
1807 2101 1989 2140 sermo

421 2176 546 2230 ﬁdei
576 2183 656 2230 est
679 2176 773 2246 qui
791 2174 1455 2246 justi‘ﬁcabitcredentes.
1485 2177 1675 2231 —Alio
1701 2178 1878 2232 modo.
1898 2178 1989 2232 Fi-

419 2267 543 2322 dem
589 2267 742 2322 dicit.
799 2286 818 2318 σ
853 2267 987 2321 Nam
1021 2267 1069 2322 si
1099 2266 1385 2322 confessus
1432 2269 1624 2334 fueris,
1661 2270 1861 2340 inquit,
1894 2286 1990 2326 ore

423 2369 519 2414 tuo
549 2360 844 2415 Dominum
893 2359 1104 2425 Iesum,
1148 2369 1204 2415 et
1257 2361 1564 2416 credideris
1607 2363 1658 2416 in
1692 2363 1858 2418 corde
1892 2373 1991 2418 tuo

419 2452 564 2522 quod
629 2452 777 2508 Deus
830 2451 984 2506 illum
1032 2453 1294 2508 excitavit
1357 2467 1424 2508 ex
1488 2453 1740 2519 mortuis,
1808 2455 1993 2511 salvus

418 2544 534 2599 eris
557 2542 621 2576 “-
661 2563 680 2594 ι
714 2542 900 2598 Faciet
931 2551 1142 2606 autem,
1179 2541 1232 2597 id
1278 2550 1384 2607 est,
1413 2541 1586 2598 dabit.
1616 2544 1782 2599 Vides
1807 2544 1992 2601 brevi.

419 2642 587 2688 tatem
619 2649 682 2688 ac
713 2631 1247 2688 consummationem
1281 2647 1378 2688 seu
1418 2633 1854 2704 perfectionem?
1877 2635 1990 2692 Nisi

421 2724 688 2780 Dominus
723 2722 984 2785 Sabaoth.
1017 2740 1036 2775 ι
1064 2723 1116 2776 id
1152 2733 1254 2788 est,
1280 2724 1649 2789 exercituum,
1685 2726 1993 2795 copiarum.

428 2837 447 2870 ι
486 2817 796 2888 reliquisset
849 2816 1032 2872 nobis.
1070 2836 1087 2869 ι
1138 2817 1241 2872 Per
1273 2816 1390 2871 haec
1425 2818 1644 2872 territat
1664 2816 1790 2871 illos
1829 2825 1884 2871 et
1913 2818 1994 2872 in-

422 2919 630 2980 crepat,
668 2924 732 2964 ac
772 2909 818 2965 si
865 2909 1112 2963 diceret:
1145 2908 1259 2962 Nisi
1294 2907 1516 2978 quidam
1549 2917 1792 2963 vestrum
1845 2916 1994 2964 certe

421 3000 688 3056 credituri
722 3009 908 3055 essent
933 3000 987 3054 in
1010 2999 1362 3063 Christum,a
1385 2997 1642 3054 Sodomis
1673 3008 1728 3054 et
1763 2999 1992 3054 Gomor-

2101 1995 2301 2060 σμένον
2321 1990 2414 2043 καὶ
2448 1989 2889 2059 συντετμημένον
2907 1989 3097 2053 ἔδωκε,
3134 1989 3291 2059 φησί,
3320 1988 3586 2056 σύντομον.
3601 1988 3649 2038 '0

2091 2082 2149 2137 δὲ
2180 2082 2620 2154 συντετμημὲνος
2657 2085 2748 2136 καί
2782 2081 3270 2152 συντετελεσμένος
3305 2081 3494 2150 λόγος,
3519 2083 3544 2134 6
3567 2081 3647 2149 τῆς

2105 2175 2344 2239 πίστεώς
2395 2177 2511 2229 ἐστι
2563 2177 2708 2240 ὅστις
2737 2175 3016 2228 δικαιώσει
3045 2176 3170 2239 τοὺς
3212 2173 3650 2236 πιστεύοντας.-

2095 2269 2353 2334 Ἂλλως.
2385 2267 2495 2338 Τὴν
2523 2268 2704 2321 πίστιν
2727 2267 2897 2335 λέγει.
2926 2285 2944 2319 ι
2968 2266 3094 2319 Ἐὰν
3129 2265 3258 2336 γὰρ.
3297 2265 3482 2336 φησιν,
3513 2266 3648 2334 εἴπης

2097 2362 2156 2412 ὲν
2177 2358 2254 2430 τῷ
2274 2359 2502 2430 στόματί
2536 2375 2628 2412 σου
2657 2359 2860 2430 Κύριον
2909 2358 3137 2429 Ἰησοῦν,
3175 2357 3275 2410 καὶ
3300 2359 3581 2426 πιστεύσῃς
3603 2356 3650 2407 ἐν

2093 2453 2161 2521 τῇ
2198 2451 2399 2522 καρδίᾳ
2434 2467 2527 2504 σου
2559 2451 2642 2504 ὅτι
2673 2451 2864 2514 ὁθείς
2908 2451 3070 2504 αὐτὸν
3099 2449 3347 2520 ἠγειρεν,
3377 2447 3597 2518 σωθήσῃ.
3632 2466 3646 2498 ι

2094 2543 2169 2595 T6
2193 2542 2273 2608 δὲ,
2305 2541 2548 2612 Ποιήσει,
2581 2543 2704 2596 ἀντὶ
2749 2542 2870 2606 τοῦ,
2904 2542 3098 2596 Δώσει.
3151 2541 3319 2612 Ὁρᾷς
3361 2542 3457 2608 τῆν
3496 2555 3656 2592 συντιρ

2099 2637 2228 2707 μίαν
2258 2637 2353 2690 καὶ
2377 2638 2477 2708 τὴν
2502 2637 2814 2702 τελείωσιν;
2853 2655 2870 2686 ι
2908 2635 2971 2687 El
3005 2635 3081 2706 μὴ
3113 2634 3320 2702 Κύριος
3358 2629 3589 2695 Σαϐαὼθ,
3631 2649 3646 2682 ι

2094 2730 2414 2800 δυνάμεων,
2481 2727 2789 2800 στρατιῶν,
2847 2747 2864 2778 ι
2902 2726 3265 2796 ἐγκατέλιπεν
3335 2727 3483 2794 ἡμῖν.
3535 2742 3551 2773 ι
3596 2746 3653 2760 -

2101 2819 2300 2893 [ΦΩΤ.]
2326 2820 2426 2873 Διὰ
2470 2820 2676 2874 τούτων
2717 2818 3017 2872 δεδίττεται
3055 2817 3148 2871 καὶ
3182 2817 3420 2886 ἐπιτιμᾷ
3470 2814 3651 2878 αὐτοῖς,

2099 2912 2173 2976 ὡς
2194 2913 2254 2966 Et
2279 2912 2356 2984 μὴ
2385 2911 2598 2975 πάντως
2623 2910 2768 2975 τινὲς
2794 2911 2948 2981 ὑμῶν
2971 2908 3326 2964 πιστεύσουσι
3344 2908 3419 2978 τῷ
3438 2902 3650 2978 Χριστῷ,

2095 3003 2345 3074 Σοδόμων
2382 3004 2473 3056 καί⁵
2521 3003 2805 3074 Γομόρρας
2834 3001 2986 3054 οὐδὲν
3013 3001 3080 3055 ἂν
3112 3000 3480 3072 διενηνοχότες
3507 2996 3652 3066 είητε,

425 3095 522 3148 rha
565 3094 621 3149 in
656 3092 810 3148 nullo
847 3091 1166 3155 diﬁ'erretis,
1206 3106 1518 3161 quanquam
1552 3090 1619 3146 de
1662 3092 1988 3162 cognatione

2099 3095 2148 3145 εί
2175 3095 2269 3144 καὶ
2303 3091 2400 3144 ἐπὶ
2447 3095 2512 3163 τῇ
2553 3091 2845 3162 συγγενείᾳ
2875 3088 2971 3142 τοῦ
3015 3089 3274 3162 ’Δόραᾶμ
3299 3085 3651 3157 ἐναϐρύνεσθε.

423 3185 596 3241 Adam
637 3185 974 3257 gloriamini.
997 3183 1094 3240 Vel
1130 3183 1336 3255 potius,
1365 3184 1572 3238 dictum
1607 3185 1992 3254 propheticum

2103 3184 2174 3238 Ἢ
2211 3184 2412 3255 μᾶλλον
2459 3185 2597 3254 πρὸς
2637 3183 2720 3250 τὸ,
2765 3200 2785 3234 ι
2819 3183 3042 3253 Ποιησει
3089 3183 3181 3234 τὸν
3245 3176 3653 3249 συντετμημένον

423 3277 492 3332 ad
520 3277 575 3332 id
601 3276 1020 3349 intelligendum
1042 3283 1128 3331 est
1167 3275 1314 3346 quod
1346 3275 1589 3330 dicitur:
1637 3294 1655 3328 ι
1694 3276 1880 3332 Faciet
1903 3276 1992 3330 ab-

2099 3275 2288 3345 λόγον,
2331 3293 2350 3326 ι
2394 3273 2694 3344 ὲκληπτέον
2726 3277 2824 3345 τὴν
2851 3273 3194 3345 προφητικῆν
3227 3275 3412 3342 ῥῆσιν·
3442 3264 3573 3333 οἷον,
3602 3265 3652 3319 El

425 3368 737 3425 breviatum
783 3382 1093 3424 sermonem
1129 3383 1193 3433 »ς
1255 3377 1514 3437 tanquam
1564 3367 1826 3422 dixisset:
1877 3368 1992 3422 Nisi

2102 3368 2180 3439 μὴ
2224 3367 2450 3439 ἐποίησε
2503 3366 2663 3419 τοῦτο
2705 3368 2732 3419 6
2788 3365 3012 3436 Κύριος,
3046 3365 3140 3416 καὶ
3185 3364 3391 3416 ἔδωκεν
3436 3364 3556 3434 ἡμῖν
3579 3360 3652 3412 τὸν

425 3459 650 3514 fecisset
683 3457 950 3514 Dominus
987 3467 1043 3513 et
1077 3456 1326 3513 dedisset
1369 3457 1670 3528 perfectam
1706 3458 1992 3528 Evangelii

2099 3460 2304 3514 τέλειον
2332 3459 2425 3511 τοῦ
2456 3457 2798 3526 Εὑαγγελίου
2828 3458 2993 3527 νόμον
3021 3456 3109 3509 διὰ
3139 3455 3233 3507 τοῦ
3270 3454 3402 3507 Υίοῦ
3420 3451 3568 3506 αύτοῦ
3587 3451 3654 3511 εἰς

423 3550 601 3620 legem
625 3565 724 3620 per
751 3550 947 3604 Filium
967 3565 1126 3606 suum
1158 3549 1225 3605 ad
1255 3548 1525 3622 justitiam
1556 3558 1612 3604 et
1636 3551 1867 3605 salutem
1901 3567 1992 3606 no-

2100 3551 2390 3606 δικαίωσιν
2420 3550 2515 3603 καὶ
2543 3550 2820 3620 σωτηρίαν
2850 3548 3029 3618 ἡμῶν,
3061 3546 3267 3610 πάντες
3283 3545 3350 3599 ἂν
3372 3545 3444 3608 ὡς
3472 3542 3652 3610 Σόδομα

425 3651 618 3708 stram,
642 3656 835 3696 omnes
859 3653 919 3696 ut
941 3640 1177 3696 Sodoma
1208 3640 1336 3695 facti
1363 3641 1686 3708 fuissemus,
1720 3650 1825 3697 etc.
1856 3643 1992 3697 Nam

2103 3643 2463 3715 ἐγενήθημεν,
2486 3632 2581 3694 καὶ
2609 3643 2756 3712 ἑξῆς.
2778 3641 2851 3694 Τὸ
2877 3641 2986 3711 γὰρ
3018 3639 3241 3709 σπέρμα
3272 3639 3365 3691 τὸν
3395 3633 3651 3703 εὐαγγελι-

425 3749 613 3789 semcn
661 3733 1030 3804 evangelicam
1073 3732 1249 3804 legem
1299 3731 1594 3804 signiﬁcat,
1645 3734 1790 3788 sicut
1831 3735 1997 3790 etiam

426 3825 560 3879 dicit
585 3824 854 3879 Dominus
884 3841 897 3877 :
929 3843 947 3876 ι
984 3824 1132 3880 Exiit
1163 3823 1256 3895 qui
1290 3824 1598 3880 seminabat
1623 3825 1692 3880 ad
1719 3828 2000 3882 seminan-

426 3918 557 3972 dum
575 3917 639 3950 δ”
669 3937 766 3970 ι--ο
788 3916 1187 3987 c-Reliquisset.
1218 3936 1236 3968 ι
1257 3917 1375 3973 Νοιι
1409 3925 1618 3973 tantum
1645 3920 1996 3986 seminasset,

429 4009 629 4078 inquit,
655 4024 848 4064 verum
889 4009 1056 4064 etiam
1079 4018 1488 4079 praeservasset,
1521 4025 1590 4066 ne
1617 4027 1646 4066 a
1681 4013 2001 4068 volucribus

428 4105 732 4166 raperetur,
758 4104 854 4151 aut
891 4097 959 4152 a‘b
999 4096 1123 4152 aliis
1152 4082 1442 4168 quibusvis
1489 4098 1772 4156 ferocibus
1800 4109 1858 4156 et
1899 4101 1972 4156 im

428 4188 652 4244 mundis
675 4187 964 4258 spiritibus
1009 4187 1098 4243 vel
1137 4188 1571 4260 cogitationibus
1616 4206 2002 4262 corrumpere-

429 4287 552 4344 tur;
582 4275 678 4332 sed
713 4286 769 4331 et
804 4276 1134 4332 sem’inasset
1181 4289 1238 4332 et
1270 4289 1685 4348 praeservasset,
1717 4291 1861 4338 utet
1916 4301 2004 4340 τε-

426 4371 620 4425 lictum
661 4379 807 4424 esset
861 4369 1048 4435 nobis,
1103 4379 1160 4424 et
1212 4371 1281 4426 ad
1335 4373 1610 4427 culturam
1655 4389 1719 4430 ac
1761 4375 1992 4432 fructum

2109 4378 2319 4448 καρπὸν
2367 4377 2672 4447 προελθεῖν.
2703 4377 2898 4431 Δύναιο
2939 4377 2983 4430 δ’
3012 4379 3076 4430 ἂν
3119 4376 3216 4430 καὶ
3281 4377 3499 4445 σπέρμα
3547 4371 3653 4430 τοὺς

428 4461 792 4531 provenisset.
832 4461 1124 4515 Possemus
1179 4470 1362 4516 autem
1389 4473 1446 4518 et
1473 4465 1699 4520 seminis
1725 4466 1847 4523 loco
1875 4485 1992 4539 apo‘

2109 4469 2439 4531 ἀποστόλους
2488 4468 2773 4534 ἐκλαϐεῖν,
2800 4469 2849 4520 οἳ
2884 4471 2948 4522 ἐκ
2991 4468 3208 4521 πάντων
3243 4466 3355 4519 τῶν
3414 4461 3652 4516 ἰουζαίων

427 4553 597 4608 stolos
627 4552 933 4624 intelligere
957 4569 971 4605 :
995 4552 1090 4623 qui
1113 4567 1181 4607 ex
1203 4553 1460 4608 omnibus
1480 4554 1682 4611 Judaais
1710 4557 1765 4611 in
1795 4573 1992 4614 morem

2107 4559 2261 4628 δίκην
2290 4561 2603 4629 σπέρματος
2625 4560 3034 4630 ἀφαιρεθέντες,
3054 4564 3120 4630 τῇ
3143 4564 3437 4632 οἰκουμένῃ
3481 4565 3652 4629 ἐγκατ-

428 4646 656 4700 εεηιὶιιὶε
683 4645 866 4710 electi,
898 4644 1022 4699 orbi
1070 4645 1252 4700 relicti
1299 4657 1450 4712 sunt,
1484 4661 1788 4721 omnesque
1815 4660 1992 4722 gente:

2113 4651 2460 4724 ελείφθησαν.
2493 4651 2588 4705 καὶ
2601 4641 2683 4704 τὰ
2707 4651 2835 4722 ἔθνη
2854 4655 3031 4706 πάντα
3049 4657 3113 4724 τῇ
3134 4655 3430 4726 Ἐκκλησία
3448 4650 3651 4724 Χριστοῦ

432 4733 724 4788 ut‘Christi
753 4733 1006 4789 Ecclesia
1051 4732 1270 4800 ﬁerent,
1311 4734 1628 4792 coluerunt.
1654 4737 1870 4794 Etenim
1890 4741 1992 4796 fer-

2111 4745 2486 4815 ὲγεώργησαν.
2513 4743 2624 4797 Καὶ
2651 4743 2760 4813 γὰρ
2783 4747 2839 4797 ὲν
2861 4744 2938 4815 τῷ
2960 4746 3278 4818 Εὐαγγελίῳ
3312 4750 3346 4818 ἡ
3375 4751 3470 4818 τῆς
3501 4746 3652 4814 ζύμης

431 4825 603 4880 menti
627 4825 890 4895 parabola
917 4841 1040 4895 quze
1088 4835 1173 4880 est
1213 4826 1286 4880 ’in
1329 4827 1652 4899 Ev‘angelio,
1685 4846 1716 4885 a
1751 4832 1992 4901 pluribui

2108 4837 2394 4910 παραϐολὴ
2451 4838 2546 4891 καὶ
2605 4839 2791 4902 αὐτοῖς
2825 4841 3214 4912 ὲφαρμόζουσα
3248 4846 3364 4908 τοῖς
3409 4841 3652 4911 πατράσιν

431 4916 637 4973 nostris
661 4918 916 4986 patribus
935 4917 1083 4972 dicta
1109 4928 1194 4973 est
1217 4917 1552 4989 ipsis-aptari
1581 4921 1647 4975 “.
1668 4922 1835 4994 338
1848 4922 1992 4990 Quod

2107 4932 2265 5001 ἡμῶν
2293 4933 2392 4984 οὐκ
2406 4931 2609 5001 ὀλίγοις
2640 4934 3028 5005 παρείληπται.
3052 4937 3214 4990 Ὅσον
3237 4935 3353 5000 οὖν,
3386 4935 3559 5006 φησὶν,
3585 4931 3651 4992 εἰς

431 5025 565 5081 ergo
590 5009 905 5080 pertinebat
952 5010 1019 5064 ad
1047 5011 1365 5065 Judaeorum
1409 5012 1873 5077 incredulitatem.
1917 5017 1992 5073 in-

2106 5021 2204 5095 τὴν
2219 5023 2488 5079 Ἰουδαίων
2516 5021 2650 5094 ἧκεν
2665 5027 2946 5092 ἀπιστίαν,
2969 5028 3044 5091 ὡς
3075 5029 3327 5102 Γόμορρα
3351 5030 3447 5083 καὶ
3471 5027 3650 5094 Σόδομα

433 5103 576 5174 quit,
612 5110 674 5156 ut
704 5102 941 5157 Sodoma
970 5113 1027 5157 et
1059 5102 1366 5158 Gomorrha
1396 5104 1522 5161 facti
1553 5106 1872 5177 fuissemus,
1907 5111 1992 5166 sed

2108 5114 2176 5169 ἂν
2204 5116 2561 5189 ἐγενήθημεν,
2587 5118 2720 5172 ἀλλὰ
2752 5119 2811 5171 τὸ
2840 5119 2946 5172 ἀπὸ
2973 5121 3176 5188 Κυρίου
3199 5122 3424 5175 Σαϐαὼθ
3442 5123 3649 5189 ἐγκατα-

434 5210 464 5248 a
502 5193 736 5247 Domino
773 5193 1012 5248 Sabaoth
1053 5193 1308 5249 relictum
1345 5195 1510 5252 nobis
1557 5213 1770 5265 semen,
1806 5216 1992 5272 nempt

2107 5207 2324 5278 λειφθὲν
2375 5210 2506 5281 ἡμῖν
2541 5211 2797 5282 σπέρμα,
2841 5214 2890 5266 οί
2941 5214 3250 5277 ἀπόστολοι,
3303 5215 3397 5268 καὶ
3437 5216 3504 5267 τὰ
3541 5211 3648 5277 ἔθνη

435 5287 697 5357 apostoli,
745 5287 1002 5343 adductis
1043 5288 1096 5343 in
1146 5288 1388 5344 fructum
1422 5291 1702 5362 gentibus,
1745 5294 1992 5365 variaqut

2109 5300 2658 5372 καρποφορήσαντες,
2685 5307 2779 5358 καὶ
2801 5306 3068 5377 πολύχουν
3099 5307 3159 5359 τὸ
3181 5306 3444 5378 γεώργιον
3471 5303 3648 5366 δείξαν-

432 5378 832 5450 agricolatione
860 5381 1527 5451 ostensa,promissiones
1563 5399 1686 5454 qua:
1723 5387 1791 5440 ad
1830 5388 1992 5442 Abra-

2108 5407 2220 5457 τες,
2247 5395 2344 5455 τὰς
2369 5394 2449 5456 είς
2492 5395 2610 5448 τὸν¹
2634 5396 2883 5467 ’Δϐραὰμ
2917 5399 3288 5469 γεγενημένας
3328 5395 3648 5466 ἐπαγγελίας»

435 5467 566 5523 bam
599 5466 757 5523 facta:
789 5478 940 5535 sunt,
978 5469 1036 5524 in
1071 5470 1181 5524 illis
1214 5472 1548 5543 germinatas
1574 5483 1631 5528 et
1662 5489 1992 5531 consumma

2111 5484 2200 5536 ἐπ’
2225 5484 2407 5539 αὐτῶν
2453 5487 2722 5552 ἀνθούσας
2755 5492 2848 5544 καὶ
2877 5491 3257 5562 τελειουμένας
3285 5493 3392 5545 τῶν
3423 5484 3649 5561 πραγμά-

438 5570 524 5615 tas
551 5560 716 5615 rebus
735 5559 1098 5616 demonstrat.
1133 5580 1153 5614 ι
1190 5563 1526 5633 lteliquisset
1550 5565 1731 5620 nobis.
1764 5585 1784 5619 ι
1818 5567 1888 5622 Ει
1912 5585 1992 5638 pel

2117 5591 2224 5628 των
2251 5575 2602 5632 δεικνύουσιν.
2640 5598 2658 5630 ι
2703 5580 3088 5647 Ἐγκατέλιπεν
3119 5585 3268 5655 ἡμῖν.
3313 5602 3330 5634 ι
3365 5583 3461 5636 Διά
3491 5595 3542 5631 τε
3566 5575 3646 5643 τὴν

439 5670 591 5710 suam
638 5656 886 5722 gratiam,
929 5664 984 5712 et
1025 5666 1252 5728 propter
1293 5657 1615 5714 relictorum
1639 5651 1992 5719 ‘benevolen-

2109 5665 2274 5720 αὑτοῦ
2303 5669 2484 5740 χάριν,
2506 5672 2600 5724 καὶ
2615 5670 2704 5725 διὰ
2723 5671 2822 5745 τὴν
2843 5673 2949 5726 τῶν
2973 5651 3441 5746 καταλειφθέντων
3467 5673 3644 5742 εὐγνω-

2102 3735 2197 3787 κδν
2227 3734 2389 3804 νόμον
2414 3733 2690 3802 σημαίνει,
2730 3731 2803 3794 ὼς
2838 3731 2934 3783 καὶ
2959 3732 2987 3782 6
3017 3729 3220 3798 Κύριός
3247 3746 3464 3798 φησιν,ι
3497 3723 3656 3794 Ἐξῆλ-

2103 3826 2195 3881 θεν
2217 3827 2246 3878 ό
2274 3826 2514 3895 σπείρων
2544 3822 2637 3876 τοῦ
2671 3826 2914 3894 σπεῖραι.
2932 3842 2950 3876 ι
2981 3823 3053 3875 Τὸ
3081 3823 3160 3888 δὲ,
3193 3841 3211 3872 ι
3237 3819 3649 3896 Ἐγκατέλιπενρ

2105 3920 2230 3972 Ὀτι
2271 3920 2332 3972 οὐ
2381 3919 2572 3988 μόνον,
2607 3918 2803 3989 φησὶν,
2832 3918 3106 3987 ἔσπειρεν,
3156 3915 3275 3969 ἀλλ’
3327 3916 3446 3968 οὐδὲ
3501 3913 3654 3964 εἴασεν

2104 4013 2243 4067 αὐτὶ
2260 4012 2677 4081 ἀναρπασθῆναι
2702 4011 2805 4062 ὑπὸ
2829 4011 2937 4062 τῶν
2961 4010 3250 4075 πετεινῶν,
3271 4009 3305 4079 ἢ
3325 4005 3655 4075 διαφθαρῆναι

2106 4105 2211 4158 ὑπὸ
2235 4105 2435 4175 ἑτέρων
2491 4102 2652 4156 τινῶν
2693 4102 2902 4173 ἀγρίων
2943 4103 3040 4154 καὶ
3077 4099 3409 4170 ἀκαθάρτων
3442 4096 3652 4164 πνευμα-

2105 4215 2214 4251 των
2247 4197 2280 4268 ἢ
2311 4198 2610 4267 λογισμῶν,
2648 4195 2784 4248 ἀλλὰ
2824 4197 2919 4248 καὶ
2949 4195 3195 4265 ἔσπειρε,
3219 4196 3320 4246 καὶ
3345 4193 3653 4261 διετήρησεν,

2107 4288 2247 4341 ὥστε
2284 4287 2779 4358 ἐγκαταλειφθῆναι
2824 4288 2977 4357 ημῖν,
3015 4286 3110 4338 καὶ
3148 4287 3228 4348 είς
3286 4283 3544 4354 γεώργιον
3579 4278 3654 4332 καὶ

511 5826 557 5864 ⁸⁸
584 5829 738 5886 Rom.
767 5845 819 5900 ι,
862 5830 916 5890 θ.
1029 5837 1073 5870 ⁸³
1107 5836 1298 5893 Matth.
1329 5853 1450 5905 xm,
1484 5839 1542 5894 3.
1653 5839 1696 5871 “
1721 5839 1855 5897 ibid.
1889 5841 1985 5897 26.
