3880 6606
247 441 346 502 525

1301 437 1687 500 COMMENT.
1727 439 1809 498 IN
1850 438 2086 499 EPIST.
2119 437 2218 496 AD
2249 433 2430 495 ΗΘΜ.
3249 447 3252 449 ‘
3381 424 3486 486 £96

243 553 493 627 μοσύνην.
525 581 596 591 -
621 545 1052 622 {OIKOTMENJ
1086 546 1228 620 Δύνῃ
1272 546 1329 600 δὲ
1366 543 1522 601 τοῦτο
1546 547 1641 599 καὶ¹
1695 543 1820 614 περὶ

1949 547 2076 599 iam.
2110 545 2274 598 Potes
2303 551 2486 598 autem
2508 545 2563 596 et
2598 537 2667 594 de
2697 536 2918 594 Christo
2940 535 3267 609 intelligere,
3293 551 3487 607 quem-

240 643 469 717 Χριστοῦ
521 643 736 711 νοῆσαι,
794 639 868 702 ὥς
905 655 1070 708 φησιν
1118 639 1146 688 ὁ
1190 639 1248 690 ὲν
1303 634 1478 704 ἁγίοις
1527 635 1817 705 Κύριλλος.

241 735 494 791 Τουτέστι
524 733 703 803 ῥίζαν,
733 731 982 802 φύραμα.
1013 727 1201 791 Οῦτως
1229 727 1284 780 δὲ
1311 727 1528 798 νοήσεις
1558 726 1618 778 τὸ
1654 726 1822 794 σπέρ·

243 848 313 899 μα
346 828 439 880 ἐπὶ
463 824 724 896 Χριστοῦ,
759 805 1057 885 τουτέστιν,
1093 821 1288 890 ἔχοντα
1317 818 1477 888 σῶμα
1494 817 1819 887 ἀναμάρτη-

239 941 328 976 τον
393 921 656 992 (ἄσπορος
693 919 802 989 γὰρ
842 920 871 971 ὁ
900 916 1078 979 τόκος.
1140 915 1348 977 Πάντες
1395 912 1504 980 γὰρ
1533 912 1582 964 oi
1616 909 1824 980 ἄνθρω-

240 1032 328 1067 ποι
357 1014 656 1084 ἥμαρτον),
688 1010 784 1064 καὶ
824 1009 984 1079 δῆλον
1017 1009 1237 1078 σπέρμα
1261 1001 1699 1074 ἀναμαρτησίας,
1727 1001 1824 1056 ἇν-

241 1103 460 1174 θρωπον
488 1101 876 1170 ἀναμάρτητον
909 1097 1004 1150 καὶ
1033 1096 1166 1148 Θεὸν
1192 1092 1446 1163 ἀληθινόν

870 1210 1122 1265 ΚΕΦΑΛ.
1145 1207 1263 1276 ις’.

245 1329 386 1382 Ὅτε
437 1324 590 1378 κατὰ
646 1321 936 1378 ἀπιστίαν
996 1323 1034 1390 ή
1069 1320 1374 1386 ἔκπτωσις
1405 1317 1522 1390 ,διὰ
1581 1317 1693 1390 τῆς
1738 1319 1827 1382 είς

315 1395 568 1478 ἄγνοιαν
621 1387 1032 1478 καταλήψεως(
1066 1392 1164 1444 καί
1217 1390 1324 1443 τοῦ
1346 1388 1431 1458 μὴ
1472 1387 1827 1458 ἁρμόζοντος

315 1483 463 1518 arto
480 1483 533 1530 ις
565 1479 960 1532 κηρυγματος.

323 1557 384 1610 Τί
426 1550 539 1609 οὖν
579 1551 1016 1622 ὲροῦμεν;⁶’οτι
1046 1551 1192 1620 ἔθνη
1252 1550 1326 1604 τὰ
1375 1549 1462 1618 μὴ
1510 1549 1824 1613 διώκοντα,

243 1647 667 1714 δικαιοσύνην,
687 1645 976 1699 κατέλαϐε
1001 1643 1414 1710 δικαιοσύνην,
1433 1641 1829 1707 δικαιοσύνην

244 1737 316 1789 δὲ
332 1737 448 1802 τὴν
463 1737 531 1790 ἐκ
559 1738 813 1802 πίστεως
838 1753 853 1768 ·
894 1735 1133 1802 Ἰσραὴλ
1155 1735 1224 1788 δὲ
1250 1733 1478 1788 διώκων
1509 1735 1699 1802 νόμον
1737 1730 1826 1784 δι·

244 1827 606 1892 καωσὺνης,
635 1829 722 1892 είς
751 1829 938 1896 νόμον
969 1826 1361 1892 δικαιοσύνης
1407 1827 1517 1878 οὐκ
1575 1823 1823 1893 ἔφθασε.

1923 635 2220 690 admodum
2261 634 2423 688 divus
2465 631 2542 688 ait
2576 629 2816 702 Cyrillus
2864 649 2878 684 :
2918 629 3023 686 hoc
3079 637 3186 695 est,
3218 628 3483 689 radicem,

1923 726 2276 781 fermentum.
2313 725 2426 779 Hoc
2463 733 2646 779 autem
2689 723 2850 777 modo
2891 737 3079 778 semen
3109 720 3382 790 intelliges
3419 720 3488 775 de

1922 813 2163 878 Christo,
2206 814 2260 868 id
2287 822 2391 876 est,
2429 828 2632 882 corpus
2661 813 2780 867 sine
2810 820 3036 882 peccato
3061 810 3358 866 habentem
3384 809 3496 875 (fe-.

1927 913 2015 959 tus
2035 904 2182 958 enim
2207 911 2327 958 erat
2351 916 2462 956 non
2492 901 2814 964 seminatus,
2867 900 3140 970 siquidem
3168 913 3359 953 omnes
3386 897 3491 952 ho-

1925 991 2103 1048 mines
2147 989 2533 1062 peccaverunt)
2576 1000 2633 1045 et
2676 990 2837 1060 plane
2879 1005 3066 1045 semen
3115 986 3492 1058 impeccabili-

1927 1085 2074 1150 tatis,
2107 1083 2388 1138 hominem
2421 1081 2860 1153 impeccabilem,
2891 1093 3202 1150 verumque
3227 1078 3420 1133 Deum.

2507 1194 2732 1251 CAPUT
2766 1192 2905 1249 XVI.

1927 1306 2152 1374 Quando
2180 1309 2342 1378 juxta
2378 1305 2803 1361 incredulitatem
2853 1305 2951 1376 fuit
2997 1303 3492 1378 casuerudwarum

1997 1395 2091 1451 per
2131 1377 2406 1432 scientiam
2445 1393 2744 1451 erroneam,
2787 1384 2834 1430 et
2893 1377 3343 1446 pradicatiouem,
3377 1388 3494 1444 qua

1998 1447 2108 1502 illis
2145 1465 2248 1502 non
2282 1448 2638 1502 conveniebat.

1996 1539 2089 1605 IX,
2118 1542 2308 1596 50-33.
2347 1538 2486 1605 Quid
2519 1555 2642 1608 ergo
2685 1538 2955 1592 dicemus?
2996 1536 3145 1602 Quod
3169 1547 3344 1608 gentes
3377 1551 3496 1605 qua:

1929 1649 2034 1687 non
2063 1631 2688 1702 sectabanturjusﬁtiam
2712 1629 3171 1699 apprehenderunt
3187 1630 3462 1699 justitiam
3477 1645 3496 1683 .'

1922 1725 2193 1794 justitiam
2238 1732 2410 1777 autem
2444 1738 2562 1775 eam
2596 1736 2713 1790 qua:
2737 1728 2812 1774 est
2862 1736 2925 1774 ea:
2957 1720 3080 1789 ﬁde.
3109 1721 3178 1774 At
3203 1719 3375 1774 Israe'l
3408 1721 3500 1790 qui

1928 1815 2230 1870 sectabatur
2254 1813 2420 1884 legem
2439 1813 2686 1883 justitia,
2709 1813 2779 1865 ad
2800 1810 2966 1882 legem
2987 1812 3206 1876 iustitia:
3239 1827 3342 1864 non
3381 1826 3500 1880 per-

243 1920 448 1984 Atatl;
470 1883 730 1971 'O'elobic
749 1883 1126 1982 éx'nia'tewc,
1145 1918 1282 1972 ἀλλ’
1413 1915 1481 1980 ἐξ
1510 1883 1699 1984 ἐρέων
1721 1913 1825 1968 νό-

1947 1909 2088 1963 ιεηίι.
2127 1907 2347 1973 Quare?
2372 1906 2507 1973 Quia
2526 1923 2630 1960 non
2651 1922 2714 1960 ex
2735 1905 2862 1974 ﬁde,
2883 1905 2974 1960 sed
3010 1915 3270 1975 tanquam
3291 1921 3354 1959 ea:
3375 1920 3502 1974 ope-

242 2029 389 2080 μου.
412 2010 812 2078 Προσέκοψαν
828 2009 934 2079 γὰρ
957 2011 1035 2075 τῷ
1049 2007 1202 2074 λίθῳ’
1213 2009 1316 2063 τοῦ
1333 2009 1794 2078 προσκόμματος
1810 2023 1826 2038 ο

247 2102 450 2168 καθὼς
497 2103 835 2172 remum-ar
880 2102 1058 2168 Ἰδοὺ,
1116 2103 1314 2171 τίθημι
1346 2101 1416 2154 ἐν
1446 2100 1599 2154 Σιὼν
1650 2100 1828 2154 λίθον

247 2196 740 2263 προσκόμματος,
771 2194 868 2248 καί
918 2193 1142 2262 πέτραν
1170 2191 1542 2247 σκανδάλου·
1585 2191 1682 2245 καὶ
1710 2189 1833 2256 πᾶς

251 2289 286 2340 ὁ
335 2297 642 2339 πιστεύων
666 2285 758 2338 ἐπ’
787 2284 947 2350 αὐτῷ
969 2327 985 2350 ,
1016 2287 1087 2339 οὐ
1123 2281 1726 2354 καταισχυνθήσεται.

328 2377 464 2431 Ἰδοὺ
497 2379 531 2448 ἡ
563 2379 713 2430 πᾶσα
741 2375 918 2442 λύσις,
943 2376 1087 2440 τίνος
1109 2377 1295 2431 ἕνεκεν
1320 2378 1368 2429 oi
1392 2375 1574 2429 πιστοὶ
1621 2373 1832 2446 ἐσώθη-

251 2487 384 2536 σαν,
412 2471 461 2523 oi
508 2470 565 2523 δι
618 2469 1075 2542 ὲναπομείναντες
1101 2468 1543 2540 τῷῚουδαῖσμῷ,
1578 2469 1679 2522 οὐκ
1727 2467 1833 2522 ἔτι.

252 2563 542 2626 ’Ᾱπαιτεῖς
567 2563 760 2630 λόγους
797 2563 938 2616 διατί
977 2563 1056 2626 είς
1107 2563 1331 2634 σπέρμα
1349 2561 1610 2632 Ἀϐραὰμ
1661 2563 1710 2614 οί
1734 2560 1834 2614 οὒκ

254 2656 325 2706 ἐκ
379 2655 679 2724 περιτομῆς
726 2654 1068 2720 λογίζονται,
1121 2653 1290 2724 φησί’
1341 2653 1482 2706 διατι
1525 2655 1552 2706 ὁ
1597 2653 1656 2705 οὐ
1708 2652 1836 2716 λαὸς

257 2744 483 2811 ἐγένετο
528 2746 690 2810 λαὸς,
746 2749 840 2800 καὶ
888 2748 936 2800 οἱ
982 2750 1046 2800 ἐκ
1097 2746 1403 2817 περιτομῆς
1451 2745 1832 2800 ὲκϐἀλλονται.

337 2916 507 2972 Εἶπον
542 2918 640 2989 μὲν
669 2918 860 2982 πολλὰ,
886 2918 963 2972 δτι
987 2918 1096 2973 οὐδ’
1120 2916 1255 2981 ὅλως
1275 2933 1333 2970 σε
1359 2916 1466 2988 χρὴ
1494 2915 1665 2971 ταῦτα
1682 2916 1838 2983 λογο-

261 3010 468 3075 θετείν,
497 3011 579 3063 ὅτι
617 3010 711 3064 καὶ
736 3010 886 3082 παρὰ
909 3010 993 3062 σοὶ
1019 3008 1099 3080 τῷ
1135 3008 1374 3078 Ἰουδαίῳ
1398 3007 1568 3061 πολλὰ
1589 3007 1836 3076 γέγονεν,

263 3091 345 3152 ὧν
368 3099 588 3166 ἀγνοεῖς
636 3097 760 3160 τοὺς
803 3097 1020 3165 λόγους.
1055 3097 1116 3150 Ὀ
1157 3095 1350 3150 Ἰακὼϐ
1379 3094 1609 3166 πρὺ“τοῦ
1649 3112 1701 3150 τι
1725 3094 1840 3149 διαο

1931 2000 2076 2054 ribus
2101 1999 2248 2071 legis.
2273 1999 2612 2070 Oﬂ'enderunt
2650 1999 2786 2052 enim
2822 2000 2878 2051 in
2905 1997 3133 2068 lapidem
3163 1994 3460 2067 oﬂ'endiculi
3481 2011 3500 2049 :

1931 2091 2375 2163 quemadmodum
2403 2093 2656 2162 scriptum
2697 2090 2816 2144 est?
2846 2089 2980 2143 Ecce
3003 2105 3138 2158 pono
3178 2090 3235 2142 in
3265 2086 3390 2143 Sion
3417 2086 3503 2140 la-

1931 2184 2105 2255 pidem
2128 2182 2424 2254 olj'endiculi
2453 2191 2502 2234 et
2525 2193 2730 2249 petram
2760 2181 3058 2252 olj'ensionis
3079 2195 3098 2233 :
3121 2188 3170 2234 et
3197 2181 3363 2233 omnis
3411 2179 3504 2249 qui

1933 2275 2098 2330 credit
2119 2275 2174 2329 in
2201 2274 2377 2340 illum,
2406 2290 2511 2329 non
2537 2275 2785 2344 pudefiet.

2003 2366 2146 2422 Ecce
2170 2366 2502 2422 solutionem
2546 2380 2767 2420 omnem
2800 2372 2857 2419 et
2897 2364 3058 2436 cujus
3087 2365 3262 2435 gratia
3311 2361 3504 2418 ﬁdeles

1935 2457 2070 2514 salvi
2106 2457 2230 2513 lacti
2260 2458 2372 2512 sint
2396 2475 2410 2512 :
2432 2456 2527 2528 qui
2546 2473 2677 2512 vero
2702 2457 2756 2511 in
2782 2456 3066 2513 Judaismo
3099 2464 3504 2518 remanserunt,

1934 2565 2046 2605 non
2074 2550 2171 2605 ita.
2197 2549 2423 2614 Causas,
2446 2549 2650 2620 inquit,
2674 2549 2910 2620 inquiris
2925 2565 3026 2604 cur
3056 2547 3290 2619 339m
3316 2562 3506 2603 semen

1935 2636 2209 2691 Abraham
2259 2647 2589 2707 reputentur
2636 2638 2734 2709 qui
2780 2654 2891 2692 non
2922 2647 3052 2693 sunt
3093 2655 3162 2693 ex
3211 2638 3511 2694 circumci-

1938 2727 2132 2782 sione:
2175 2744 2349 2798 quare
2389 2729 2437 2784 is
2461 2729 2555 2799 qui
2599 2744 2718 2797 non
2751 2738 2874 2785 erat
2917 2731 3174 2801 pepulus,
3208 2730 3388 2785 factus
3437 2729 3512 2783 sit

1937 2820 2197 2891 pepulus,
2221 2830 2278 2876 et
2298 2822 2392 2892 qui
2409 2837 2477 2877 ex
2499 2822 2926 2878 circumcisione
2957 2833 3109 2883 sunt.
3132 2823 3450 2894 ejiciantur.

2011 2913 2178 2968 Multa
2199 2913 2419 2984 quidem
2445 2913 2557 2968 dixi
2581 2923 2638 2969 et
2663 2914 2811 2985 quod
2833 2929 3009 2984 neque
3025 2915 3250 2970 omnino
3273 2925 3326 2970 te
3350 2929 3516 2983 opor-

1941 3010 2055 3059 teat
2103 3005 2172 3059 de
2223 3005 2310 3059 his
2343 3005 2511 3060 verba
2557 3005 2738 3061 facere
2786 3022 2802 3060 :
2859 3006 3006 3077 quod
3056 3007 3221 3062 etiam
3268 3006 3411 3076 apud
3462 3014 3516 3059 te

1945 3093 2196 3148 Judaeum
2225 3095 2393 3149 multa
2420 3095 2564 3150 facta
2594 3105 2724 3150 sunt
2747 3112 2983 3166 quorum
3008 3099 3250 3152 rationes
3275 3097 3514 3168 ignoras.

267 3191 608 3262 πράξασθαι,
640 3190 998 3262 προτιμηθείς
1027 3188 1121 3244 τοῦ
1171 3187 1363 3243 Ἠσαῦ.
1400 3188 1463 3242 οι
1493 3186 1604 3241 τῶν
1639 3204 1835 3258 μοσχο-

1947 3184 2110 3240 Iacob
2151 3194 2277 3241 tuus
2310 3188 2626 3258 progenitor
2675 3189 2808 3260 quid
2856 3198 3114 3260 operatus
3160 3189 3338 3244 fuerat
3368 3188 3516 3259 quod

269 3283 620 3352 ποιησάντων
669 3282 1154 3346 καταδικασθέντες
1185 3281 1418 3352 θανάτῳ,
1464 3280 1642 3334 καίτοι
1700 3279 1841 3333 πάν-

267 3391 380 3428 των
413 3375 498 3437 εἰς
528 3376 626 3443 τὴν
665 3375 982 3428 δυσσέϐειαν
1025 3372 1472 3442 κατενεχθέντων.
1517 3372 1578 3426 ’0
1619 3372 1838 3442 Φαραὼ,

270 3469 369 3521 καὶ
399 3469 572 3538 μυρία
594 3466 746 3520 ἄλλα.
773 3466 886 3519 Νῦν
907 3467 961 3520 δέ
987 3483 1068 3520 σοι
1089 3463 1351 3519 καὶτοῦτο
1379 3463 1732 3534 προστίθημι,
1761 3465 1842 3518 ὅτι

272 3559 362 3611 διὰ
395 3558 558 3612 τοῦτο
609 3561 656 3612 oi
706 3558 765 3624 ἐξ
796 3559 963 3610 ἐθνῶν
1011 3560 1091 3622 είς
1123 3557 1344 3628 σπέρμα
1385 3555 1637 3627 Ἀϐραὰμ
1665 3554 1842 3624 ὲλογίο

275 3650 512 3720 σθησαν,
546 3651 609 3703 σὺ
640 3649 696 3702 δὲ
723 3651 820 3703 οὐκ
852 3649 952 3704 ἔτι.
975 3651 1086 3703 Καὶ
1113 3651 1194 3704 ὅτι
1217 3653 1265 3704 oi
1293 3652 1391 3720 μὲν
1422 3650 1840 3721 ἐδικαιώθησαν,

276 3745 340 3796 σὺ
380 3743 440 3795 δὲ
488 3741 587 3795 οὐκ
624 3741 726 3805 ἔτι,
769 3742 900 3795 διότι
930 3745 1127 3795 ἐκεῖνοι
1177 3744 1240 3795 ὲκ
1284 3743 1517 3803 πίστεως
1547 3741 1844 3795 κατέλαϐον

273 3834 372 3906 τὴν
409 3834 692 3886 δικαίωσιν
723 3836 816 3887 καὶ
844 3835 939 3904 τὴν
973 3834 1244 3904 σωτηρίαν
1271 3835 1368 3905 τὴν
1398 3836 1462 3887 ὲκ
1490 3835 1744 3895 πίστεως.
1779 3833 1842 3886 σὺ

272 3926 328 3980 δὲ
361 3923 727 3995 φυσιούμενος
757 3926 1104 3997 δικαιωθῆναι
1145 3925 1232 3980 διὰ
1273 3926 1380 3978 τῶν
1420 3926 1515 3978 τοῦ
1555 3925 1718 3994 νόμου
1750 3923 1845 3994 ἕρ-

274 4034 414 4086 γων,
453 4019 548 4070 καὶ
577 4017 680 4083 τὴν
708 4017 797 4070 διὰ
831 4018 1067 4081 πίστεως
1096 4017 1378 4072 δικαίωσιν
1411 4016 1716 4089 ὑπερορῶν,
1770 4017 1848 4070 εἰ·

275 4109 456 4170 κότως
499 4110 594 4160 καὶ
639 4106 733 4160 τοῦ
779 4108 868 4161 διὰ
902 4108 1137 4172 πίστεως
1173 4107 1554 4170 δικαιωθέντος
1597 4105 1848 4176 Ἀϐραὰμ

277 4200 563 4270 ἀλλότριος
623 4199 808 4270 ὤφθης
861 4199 957 4253 τοῦ
1010 4199 1348 4271 σπέρματος,
1391 4200 1482 4252 καὶ
1529 4197 1650 4251 ἀντὶ
1693 4196 1846 4265 λαοῦ,

279 4292 516 4360 γέγονας
566 4293 628 4345 οὐ
685 4292 832 4358 λαὸς,
875 4293 968 4345 καὶ
1023 4292 1121 4360 τῆς
1172 4291 1283 4344 τών
1331 4289 1537 4346 πιστῶν
1573 4289 1850 4360 σωτηρίας

284 4383 563 4448 ἑξέπεσες.
605 4402 624 4435 ι
662 4385 742 4437 Τὰ
793 4383 867 4454 μὴ
914 4381 1198 4437 διώκοντα.
1239 4401 1258 4433 ο
1297 4383 1372 4436 Τὸ
1405 4381 1514 4452 γὰρ
1560 4380 1728 4446 ξένον,
1769 4381 1852 4434 ὅτι

287 4477 354 4530 τὰ
381 4476 509 4547 ἔθνη
540 4475 616 4548 μὴ
643 4475 904 4530 διώκοντα
931 4474 1252 4539 κατέλαϐεν,
1276 4476 1326 4527 ot
1348 4473 1407 4527 δὲ
1435 4473 1700 4537 Ἰουδαῖοι,
1728 4472 1850 4526 διώ.

1944 3279 2089 3333 Esau
2116 3279 2187 3334 sit
2217 3281 2544 3350 prapositus
2579 3300 2592 3335 :
2625 3283 2768 3336 inter
2795 3297 2892 3338 eos
2932 3283 3024 3352 qui
3057 3282 3288 3337 vitulum
3311 3281 3518 3337 forma-

1948 3379 2164 3436 verant,
2189 3371 2411 3441 quidam
2439 3373 2614 3427 solum
2639 3382 2813 3430 morte
2841 3375 3191 3430 condemnati
3215 3384 3362 3440 sunt,
3392 3391 3518 3430 cum

1947 3473 2130 3520 tamen
2180 3480 2372 3522 omnes
2413 3465 2648 3522 fuissent
2697 3468 2752 3522 in
2798 3468 3078 3538 impietate
3124 3468 3451 3538 deprehensi
3502 3487 3517 3523 :

1948 3572 2170 3611 rursum
2203 3557 2436 3621 Pharao,
2473 3558 2686 3627 aliaque
2717 3559 2966 3628 exempla
3001 3559 3307 3614 innumera.
3363 3559 3520 3614 Nunc

1946 3666 2078 3705 vero
2112 3649 2210 3704 tibi
2240 3651 2406 3705 etiam
2436 3651 2544 3706 hoc
2569 3651 2712 3706 addo
2742 3651 2887 3721 quod
2936 3660 3228 3722 propterea
3263 3655 3358 3722 qui
3392 3663 3523 3708 sunt

1946 3759 2012 3799 ex
2039 3745 2294 3814 gentibus
2316 3744 2370 3798 in
2387 3759 2574 3799 semen
2596 3744 2871 3798 Abraham
2896 3745 3132 3814 reputati
3156 3745 3287 3806 sint,
3315 3754 3370 3799 tu
3389 3760 3524 3799 vero

1948 3851 2056 3890 non
2089 3837 2162 3890 ita
2193 3853 2206 3888 :
2235 3848 2290 3892 et
2319 3837 2466 3906 quod
2513 3837 2591 3891 illi
2630 3836 2914 3908 justiﬁcati
2959 3836 3088 3902 sint,
3142 3847 3199 3892 tu
3233 3852 3366 3892 vero
3413 3852 3523 3891 non

1949 3927 2062 3982 ita:
2096 3927 2226 3997 quia
2256 3927 2333 3982 illi
2380 3943 2448 3982 ex
2481 3927 2587 3982 ﬁde
2617 3927 3103 3998 apprehenderunt
3148 3928 3420 3998 justitiam
3470 3937 3528 3982 et

1949 4021 2180 4076 salutem
2212 4034 2334 4090 quae
2363 4028 2448 4074 est
2474 4035 2542 4074 ex
2565 4019 2672 4075 ﬁde
2704 4037 2717 4073 :
2756 4029 2813 4074 tu
2838 4036 2970 4075 vero
2993 4019 3216 4074 inﬂatus
3251 4020 3406 4089 quasi
3440 4020 3529 4091 ju-

1951 4111 2225 4168 stiﬁcatus
2247 4126 2398 4167 esses
2420 4127 2521 4182 per
2550 4127 2716 4184 opera
2747 4113 2904 4184 legis,
2923 4121 2980 4168 et
2996 4112 3267 4184 justitiam
3309 4127 3432 4183 quae
3459 4129 3528 4166 ex

1953 4205 2060 4261 ﬁde
2099 4216 2185 4260 est
2212 4212 2591 4271 contemnens,
2635 4205 2834 4260 merito
2861 4220 3081 4274 quoque
3119 4203 3335 4260 alienus
3365 4219 3530 4274 appa-

1952 4297 2110 4353 ruisti
2147 4313 2178 4352 a
2207 4297 2415 4353 semine
2436 4296 2734 4361 Abraham,
2760 4295 2854 4366 qui
2891 4311 2990 4366 per
3010 4295 3170 4350 ﬁdem
3199 4294 3530 4365 justiﬁcatus

1953 4389 2060 4444 fuit
2086 4406 2101 4446 :
2130 4397 2186 4444 et
2228 4389 2296 4444 de
2334 4389 2539 4460 populo
2582 4388 2760 4444 factus
2790 4403 2850 4443 es
2877 4403 2988 4443 non
3033 4387 3290 4459 populus,
3316 4395 3373 4442 et
3400 4402 3432 4441 a
3462 4387 3528 4440 ﬁ-

1955 4482 2162 4538 delium
2206 4481 2384 4538 salute
2446 4480 2720 4536 excidisti.
2779 4498 2798 4532 ι
2842 4479 2986 4546 Quae;
3016 4495 3129 4535 non
3179 4478 3534 4534 sectabantur

290 4582 476 4628 κοντες
509 4566 568 4618 οὐ
609 4564 922 4621 κατέλαϐον.
964 4582 983 4616 ι
1037 4561 1393 4634 Δικαιοσύνην
1417 4561 1476 4616 δὲ
1516 4563 1615 4632 τὴν
1648 4564 1713 4614 ἐκ
1757 4561 1835 4614 πί·

1953 4575 2244 4646 justitiam.
2277 4593 2297 4626 ι
2326 4573 2723 4629 Admirandum
2753 4572 2903 4627 enim
2926 4581 3011 4628 est
3031 4570 3178 4642 quod
3204 4577 3394 4641 gentes
3413 4583 3535 4638 qua:

294 4675 485 4721 στεως.
526 4676 546 4710 ι
589 4657 734 4729 Δῦτη
765 4658 874 4728 γὰρ
927 4657 960 4729 ἡ
1013 4656 1231 4727 ἀληθῶς
1272 4654 1611 4725 δικαιοσύνη,
1649 4653 1725 4720 ώς
1750 4655 1835 4726 ἦγε

1960 4679 2073 4720 non
2116 4665 2467 4720 sectabantur
2510 4663 2998 4735 apprehenderint,
3050 4660 3224 4716 Judaei
3273 4674 3406 4715 vero
3438 4659 3534 4729 qui

289 4748 383 4803 τοῦ
427 4748 619 4818 νόμου,
647 4748 869 4820 ψευδής.
917 4767 936 4800 ι
993 4747 1210 4820 Ἰσραὴλ
1241 4747 1298 4800 δὲ
1336 4747 1548 4802 διώκων
1579 4747 1743 4817 νόμον
1775 4745 1835 4801 δι-

1962 4757 2316 4814 sectabantur
2341 4773 2452 4813 non
2479 4757 2963 4829 apprehenderint.
2997 4775 3016 4809 ι
3046 4755 3324 4813 Iustitiam
3350 4763 3534 4809 autem

294 4845 608 4916 καιοσύνης,
659 4847 740 4910 είς
794 4846 956 4916 νόμον
989 4845 1334 4917 δικαιοσύνης
1370 4846 1471 4900 οὐκ
1519 4844 1775 4914 ἔφθασεν.
1832 4862 1835 4896 ;

1964 4864 2084 4905 eam
2113 4864 2236 4920 quin
2279 4857 2460 4905 estex
2493 4849 2622 4906 ﬁde.
2661 4867 2680 4899 ι
2714 4849 2850 4904 Nam
2884 4849 3002 4902 hac
3040 4863 3172 4903 vere
3192 4846 3405 4918 justitia
3429 4853 3536 4902 est.

295 4939 553 4992 Τουτέστι
586 4938 685 5006 τὴν
729 4941 794 4994 ὲκ
838 4939 1006 5008 νόμον
1051 4938 1398 5010 δικαιοσύνην
1445 4939 1546 4992 οὐκ
1595 4937 1833 5008 ἔφθασεν

1965 4944 2156 5014 Itaque
2203 4942 2341 5014 legis
2370 4942 2581 5014 justitia
2629 4942 2762 4997 falsa
2795 4942 3050 4996 habetur.
3086 4959 3104 4993 ι
3140 4939 3211 4996 At
3252 4939 3418 4996 Israel
3467 4939 3536 4994 ad

308 5028 550 5101 Ἐρωτᾷς
571 5029 742 5094 διατί;
773 5028 918 5083 Διότι
946 5027 1014 5081 τὰ
1044 5029 1103 5082 ἑν
1127 5029 1278 5099 νόμῳ
1307 5029 1406 5082 οὐκ
1436 5027 1728 5097 ἐφύλαξεν,
1773 5028 1830 5081 ὅτ

1956 5035 2136 5105 legem
2159 5034 2391 5106 justitia:
2415 5048 2524 5088 non
2555 5030 2824 5102 pervenit.
2869 5051 2886 5082 ι
2927 5031 3042 5088 Hoc
3062 5043 3148 5088 est
3168 5031 3236 5086 ad
3265 5031 3536 5102 justitiam

296 5121 396 5174 οὐκ
439 5120 506 5173 ἔκ
559 5120 796 5184 πίστεως
855 5119 1110 5191 ἠθέλησε,
1146 5119 1302 5190 φησὶ,
1353 5118 1728 5192 δικαιωθῆναι.
1789 5120 1833 5172 Τ

1960 5140 2082 5195 quae
2113 5141 2181 5180 ex
2203 5124 2322 5194 lege
2354 5133 2459 5179 est.
2489 5123 2801 5195 Interrogas
2831 5124 3047 5194 quare?
3073 5123 3203 5194 quia
3235 5138 3298 5178 ea
3327 5137 3450 5192 qua:
3482 5123 3539 5175 in

297 5207 390 5264 οὖν
416 5210 590 5264 αἴτιον
623 5210 718 5264 τοῦ
749 5209 824 5282 μὴ
849 5209 1048 5279 φθάσαι
1080 5210 1183 5278 τὴν
1216 5207 1598 5280 δικαιοσύνηνς
1632 5210 1759 5262 Ὀτι
1802 5211 1835 5262 ὲς

1961 5215 2081 5284 lege
2118 5221 2247 5268 sunt
2273 5228 2382 5268 non
2419 5213 2680 5278 servavit,
2711 5212 2840 5284 quia
2867 5228 2977 5268 non
3014 5228 3082 5269 ex
3116 5212 3223 5268 ﬁde
3256 5212 3433 5267 voluit
3453 5213 3542 5281 ju-

300 5303 476 5374 ῑργων
492 5303 725 5371 ἐζήτησε
749 5301 1123 5372 δικαιωθῆναιο
1147 5300 1230 5365 τίς
1253 5301 1311 5354 δὲ
1328 5301 1386 5368 ἐξ
1407 5301 1584 5373 ἔργων
1624 5302 1834 5382 δικαιοῦ

1969 5307 2193 5361 stiﬁcari
2224 5323 2236 5358 :
2267 5306 2392 5375 quis
2409 5313 2590 5361 autem
2608 5307 2894 5362 hominum
2910 5323 2979 5363 ex
2997 5306 3259 5378 operibus
3275 5303 3542 5376 justiﬁea—

304 5409 390 5446 ται
418 5393 705 5463 ἄνθρωπος
756 5391 868 5458 ὥν;
896 5393 1009 5446 Καὶ
1051 5391 1126 5463 μὴ
1156 5391 1485 5463 θελήσαντες
1529 5393 1579 5446 oi
1620 5394 1835 5448 Ἰουδαία

1971 5398 2098 5453 tur?
2124 5406 2180 5452 et
2210 5413 2336 5452 cum
2364 5397 2535 5453 Judaei
2569 5414 2638 5453 ex
2671 5399 2776 5454 ﬁde
2801 5399 3079 5454 noluerint
3105 5396 3416 5470 justiﬁcari,
3443 5395 3541 5449 sed

307 5485 368 5537 ὲκ
399 5484 635 5548 πίστεως
661 5483 1036 5553 δικαιωθῆναι,
1079 5483 1196 5538 ἀλλ’
1225 5483 1286 5549 ἐξ
1313 5483 1490 5554 ἔργων
1535 5483 1630 5538 τοῦ
1674 5485 1835 5555 νόμου

1968 5502 2035 5542 ex
2071 5489 2332 5558 operibus
2379 5489 2546 5560 legis,
2596 5489 2843 5545 frustrati
2899 5498 3048 5545 sunt.
3100 5508 3120 5541 ι
3181 5488 3543 5543 Oﬁenderunt

307 5575 595 5645 ἀπέτυχον.
633 5593 653 5626 ι
706 5576 1060 5646 Προσέκοψαν
1100 5576 1228 5646 γάρ.
1272 5595 1290 5628 ι
1329 5575 1700 5645 Προσέκοψαν,
1741 5577 1862 5629 em

307 5670 420 5732 τοῦ,
449 5670 780 5740 ἠπίστησαν.
827 5669 951 5731 Πῶς
987 5669 1044 5721 δέ
1070 5686 1151 5728 τις
1177 5669 1548 5739 προσκόπτει;
1592 5669 1718 5722 Ἐὰν
1762 5667 1866 5734 ἔξω

310 5759 571 5830 προσέχῃ,
601 5758 788 5830 ὥσπερ
818 5753 962 5813 οῦτοι
989 5759 1068 5830 τῷ
1097 5759 1249 5830 νόμῳ
1280 5761 1659 5831 προσέχοντες,
1695 5776 1864 5828 προσ-

313 5852 573 5920 κόψαντες
610 5853 1072 5925 συνεκλάσθησαν.
1116 5874 1133 5905 ι
1165 5853 1256 5923 Τῷ
1286 5853 1416 5925 λίθῳ
1453 5854 1546 5908 τοῦ
1582 5855 1862 5926 προσκόμ-

1967 5580 2136 5634 enim.
2187 5598 2204 5630 ι
2241 5580 2356 5634 Iloc
2394 5590 2500 5644 est,
2549 5580 2818 5636 increduli
2852 5580 3094 5635 fuerunt.
3134 5577 3418 5646 Quomodo
3448 5591 3544 5630 au-

1967 5681 2078 5726 tem
2108 5672 2336 5728 oﬁ'endit
2373 5672 2684 5744 quispiam?
2724 5673 2768 5727 si
2805 5672 3047 5727 externis
3074 5670 3341 5733 attendat,
3373 5667 3544 5722 veluti

1974 5765 2030 5820 hi
2060 5766 2163 5835 legi
2181 5767 2420 5820 animum
2452 5766 2819 5831 attendentes,
2849 5763 3184 5821 attendendo
3220 5759 3544 5817 comminuti

1969 5867 2117 5912 sunt.
2149 5874 2168 5908 ι
2206 5857 2264 5912 In
2296 5857 2532 5927 lapidem
2565 5856 2902 5912 oﬁ'endiculi.
2950 5875 2970 5907 ι
3027 5852 3360 5910 Oﬁ'endiculi
3407 5853 3544 5922 lapi-
