3880 6560
393 443 497 505 527

1421 431 1819 494 (ECUMENII
1857 427 1973 488 TR]

2084 424 2147 484 ri!
2199 421 2540 482 EPISCOPI
3264 439 3285 461 '
3519 425 3606 486 ἶ·Ξὸ

393 557 519 613 dem
549 564 604 611 et
627 563 838 626 petram
866 552 1192 611 offensionis
1223 560 1378 606 vocat
1403 549 1718 611 Dominum,
1748 555 1973 618 propter

2081 557 2265 611 ματος.
2305 557 2322 588 ι
2367 536 2795 609 ἰῐροσκόμματος
2846 532 2991 586 λίθον
3028 531 3120 588 καὶ
3169 533 3366 603 πέτραν
3413 537 3610 590 σκανδα.

395 645 518 700 illos
541 643 636 715 qui
657 642 713 698 in
737 645 916 718 ipsum
946 640 1296 698 olfenderunt
1322 657 1417 696 seu
1445 640 1804 696 oﬂ‘ensionem
1827 639 1971 710 passi

394 746 542 801 sunt,
573 735 681 792 hoc
705 735 807 807 ipsi
839 734 1063 791 nomine
1089 734 1364 804 imposito.
1398 733 1706 804 lmpingere
1736 747 1974 803 namque

393 827 546 906 soliti
590 835 740 892 sunt,
791 825 884 898 qui
934 829 1001 882 ad
1051 827 1157 881 alia
1208 835 1446 881 mentem
1493 825 1780 889 habentes,
1830 825 1974 890 viam

392 917 706 988 prospicere
758 920 970 974 nolunt.
1019 918 1135 975 Hoc
1181 928 1365 974 autem
1411 919 1553 990 passi
1594 926 1722 972 sunt
1775 915 1970 978 Judaei.

395 1006 566 1078 340
601 1007 882 1078 Siquidem
912 1009 979 1064 ad
1005 1010 1280 1085 superﬂua
1329 1011 1462 1081 legis
1507 1007 1803 1074 inhiantes,
1834 1009 1975 1080 lapi-

391 1097 516 1152 dem
549 1113 578 1152 a
614 1099 900 1169 prophetis
934 1103 1360 1171 praenuntiatum
1401 1102 1604 1156 intueri
1651 1102 1970 1158 noluerunt.

397 1205 416 1238 ι
459 1186 525 1240 Ει
555 1188 734 1242 omnis
757 1189 853 1258 qui
890 1191 1067 1246 credit
1103 1189 1158 1245 in
1189 1191 1341 1246 illum
1381 1207 1491 1246 non
1523 1191 1785 1262 pudeliet.
1820 1210 1838 1242 ι
1883 1189 1974 1244 Vi-

390 1277 488 1334 des
511 1280 658 1347 quod
703 1295 814 1336 non
857 1281 1023 1338 unius
1072 1292 1280 1338 tantum
1334 1283 1504 1352 partis
1555 1282 1702 1336 Deus
1737 1281 1828 1348 sit,
1877 1281 1972 1336 sed

389 1367 570 1424 omnis
593 1371 688 1438 qui
731 1370 789 1425 in
837 1371 991 1427 illum
1041 1374 1238 1439 credit,
1275 1375 1570 1430 salvandus
1618 1374 1708 1429 sit.
1753 1373 1972 1428 Etenim

333 1502 337 1506 ,
389 1457 891 1520 inﬁdelibusaliud
929 1462 1166 1518 eﬂicitur
1189 1481 1352 1535 quam
1381 1465 1450 1520 sit
1488 1480 1553 1518 ex
1605 1480 1701 1520 sua
1732 1475 1929 1520 natura
1957 1484 1969 1518 :

390 1548 647 1606 ﬁdelibus
673 1560 857 1607 autem
884 1553 1039 1624 juxta
1071 1564 1318 1611 naturam
1363 1573 1518 1612 suam
1555 1556 1971 1613 ﬁrmamentum

388 1649 492 1706 est,
518 1642 847 1699 fulmentum
876 1660 941 1700 ac
969 1648 1256 1704 securitas.

458 1817 530 1882 Χ,
560 1819 672 1874 1-4.
704 1819 943 1890 Fratres,
983 1841 1242 1894 propensa
1277 1827 1487 1897 quidem
1517 1825 1759 1881 voluntas
1801 1826 1971 1880 cordis

2079 632 2169 684 λου
2195 633 2285 684 τὸν
2317 630 2520 700 Κύριον
2551 628 2726 690 καλεῖ,
2763 629 2827 681 ἐκ
2857 624 2968 680 τῶν
2993 627 3071 688 είς
3101 623 3260 677 αὑτὸν
3303 626 3607 696 προκσοψάνι

2077 740 2184 776 των
2245 722 2338 776 καὶ
2396 719 2918 783 σκανδαλισθὲντων,
2975 717 3036 770 τὸ
3093 716 3263 787 ὄνομα
3317 716 3616 782 ἐπιθείς.-

2078 811 2406 885 [ΘΕΟΔΩΡ.]
2460 809 2824 881 Προσπταίειν
2867 807 2976 877 γὰρ
3013 806 3290 871 εἰώθασιν,
3329 809 3376 860 oi
3408 807 3616 880 ἑτέρωσε

2077 907 2176 976 τὴν
2209 904 2448 960 διάνοιαν
2477 905 2714 975 ἔχοντες,
2747 903 2841 956 καὶ
2870 903 2969 974 τὴν
2999 902 3120 956 ὁδὸν
3159 901 3510 973 προσϐλέπειν
3535 906 3618 958 οὐκ

2078 995 2374 1059 ἐθέλοντες.
2408 995 2580 1049 Τοῦτο
2606 995 2936 1050 πεπόνθασιν
2982 995 3243 1048 Ἰουδαῖοι.
3289 994 3418 1066 Περὶ
3445 995 3543 1066 γὰρ
3567 995 3621 1067 δὴ

2075 1087 2145 1140 τὰ
2179 1088 2411 1158 περιττὰ
2453 1091 2548 1140 τοῦ
2583 1087 2749 1157 νόμον
2777 1087 3087 1169 κεχηνότες,
3118 1085 3208 1138 τὸν
3243 1085 3348 1138 ὑπὸ
3380 1085 3480 1138 τῶν
3503 1103 3622 1156 προ-

2078 1177 2263 1248 φητῶν
2321 1178 2799 1249 προαγορευθέντα
2859 1175 3007 1230 λίθον
3059 1175 3186 1228 ἰδεῖν
3222 1177 3323 1229 οὐκ
3357 1175 3621 1246 ἠθέλησαν.

2079 1287 2100 1320 ι
2139 1270 2247 1322 Καὶ
2281 1272 2386 1334 πᾶς
2411 1273 2440 1322 ὀ
2469 1270 2744 1324 πιστεύων
2787 1269 2872 1323 ἐπ’
2893 1269 3044 1338 αὐτῷ
3083 1269 3146 1322 οὑ
3181 1266 3623 1338 καταισχυνθήσε-

2075 1375 2185 1414 ται.
2222 1378 2240 1410 ι
2295 1359 2459 1430 Ὁρᾷς
2506 1361 2587 1413 ὃτι
2619 1360 2680 1413 οὐ
2717 1358 3024 1430 μονομερὴς
3054 1359 3082 1411 δ
3126 1356 3280 1420 Θεὸς,
3312 1355 3444 1410 ἀλλὰ
3473 1358 3569 1420 πᾶς
3599 1358 3624 1409 δ

2076 1456 2346 1506 πιστεύων
2393 1446 2494 1516 εἰς’
2516 1453 2678 1506 αὐτὸν
2709 1451 3053 1520 σωθήσεταις
3088 1451 3212 1514 Τοῖς
3252 1449 3351 1519 μὲν
3380 1449 3482 1520 γὰρ
3513 1449 3624 1503 ἀπί-

2078 1557 2245 1609 στοις,
2291 1547 2548 1607 ἐναντίως
2591 1547 2736 1616 ἤπερ
2785 1545 2896 1614 ἔχει
2949 1543 3166 1613 φύσεως
3193 1542 3422 1611 γίνεται’
3456 1545 3556 1604 τῡῖς
3578 1544 3625 1596 δι

2077 1639 2285 1698 πιστοῖς
2331 1637 2470 1689 κατὰ
2527 1637 2720 1706 φύσιν,
2782 1637 3014 1708 ἔρεισμα
3067 1636 3165 1690 καὶ
3221 1635 3498 1706 στήριγμα
3547 1635 3627 1688 καὶ

2076 1727 2364 1794 ἀσφάλεια.

2163 1819 2450 1890 Ἀδελφοί,
2490 1821 2527 1887 ἡ
2571 1823 2689 1890 μὲν
2737 1819 2983 1875 εὐδοκία
3028 1819 3139 1889 τῆς
3187 1818 3339 1889 ἐμῆς
3383 1819 3626 1888 καρδίας,

391 1911 491 1963 mei
518 1919 567 1964 et
586 1911 886 1982 deprecatio
915 1932 1034 1986 qua
1066 1918 1130 1987 ﬁt
1176 1919 1245 1971 ad
1274 1918 1464 1983 Deum,
1489 1937 1584 1990 pro
1605 1917 1778 1974 Israel
1802 1927 1876 1972 est
1903 1919 1972 1974 ad

2081 1911 2172 1964 καὶ
2203 1911 2239 1978 ἡ
2272 1911 2478 1979 δέησις
2506 1915 2542 1981 ἠ
2569 1913 2718 1981 etp/lg
2753 1913 2860 1966 τὸν
2885 1912 3054 1978 Θεὸν,
3083 1911 3236 1980 ὑπὲρ
3263 1911 3372 1968 τοῦ
3403 1912 3624 1980 Ἰσραήλ

387 2002 633 2060 salutem.
675 2005 1049 2062 Testimonium
1084 2011 1223 2064 enim
1245 2011 1354 2065 illis
1375 2013 1617 2082 per/tibeo
1644 2013 1781 2083 quod
1805 2029 1970 2066 aemu-

391 2088 642 2144 lationem
673 2092 770 2146 Dei
787 2093 1035 2158 habeant,
1065 2107 1121 2149 at
1149 2113 1251 2151 non
1282 2089 1567 2153 secundum
1601 2101 1967 2169 cognitionem.

391 2182 538 2240 Nam
562 2185 867 2254 ignorantes
901 2187 999 2242 Dei
1018 2189 1308 2260 justitiam,
1332 2201 1382 2244 et
1406 2195 1678 2263 propriam
1705 2195 1972 2264 justitiam

389 2275 618 2331 uolentes
637 2278 972 2345 constituere,
994 2281 1220 2350 justitia:
1261 2283 1358 2336 Dei
1401 2302 1503 2338 non
1527 2286 1738 2354 fuerunt
1757 2285 1968 2339 subditi.

389 2367 534 2423 Finis
559 2385 787 2440 namque
825 2367 954 2441 legis
993 2371 1248 2439 Christus,
1286 2376 1356 2429 ad
1374 2376 1644 2446 justitiam
1683 2379 1826 2432 omni
1858 2394 1973 2432 cre-

392 2461 557 2516 denti.

458 2637 916 2709 Quandoquidem
948 2641 1378 2710 reprehenderat
1402 2641 1643 2708 Judteos,
1696 2645 1973 2716 magisque

393 2729 446 2784 id
479 2730 728 2786 facturus
765 2739 886 2787 erat
913 2749 926 2786 :
963 2747 1063 2802 per
1087 2732 1192 2788 hoc
1241 2731 1386 2803 quod
1416 2735 1512 2800 ait,
1553 2755 1572 2788 ι
1595 2735 1840 2800 Fratres,
1868 2757 1888 2788 ι
1920 2747 1976 2792 ct

393 2821 613 2887 similia,
647 2823 782 2879 lenit
825 2824 949 2880 illos
975 2865 990 2892 ,
1039 2835 1095 2881 et
1144 2825 1212 2880 ad
1263 2827 1698 2883 exhortationem
1740 2830 1977 2886 latenter

389 2925 490 2967 eos
514 2914 838 2983 componit:
883 2927 953 2970 ne
981 2915 1106 2970 irati
1140 2916 1270 2970 ﬁant
1309 2919 1533 2974 omnino
1572 2920 1972 2978 inobedientes.

390 3003 624 3057 Εὓδοκία
697 3003 904 3061 dicitur
947 3007 1247 3063 vehemens
1305 3008 1664 3066 desiderium.
1706 3030 1724 3063 ι
1782 3012 1980 3074 Cordis

394 3098 527 3151 inet.
573 3114 594 3148 ι
621 3095 1024 3168 Objurgaturus
1048 3099 1288 3167 Judaeos,
1325 3102 1604 3159 sermonis
1643 3104 1974 3161 benevolen-

393 3197 524 3251 tiam
555 3192 876 3266 praemittit:
920 3211 989 3252 ne
1017 3195 1086 3250 ab
1122 3195 1270 3261 odio,
1303 3195 1398 3251 sed
1447 3212 1476 3250 a
1525 3212 1656 3251 cura
1695 3205 1751 3252 et
1791 3197 1974 3252 studio

392 3288 696 3358 procedere
749 3288 1041 3344 videantur
1099 3285 1504 3360 objurgationis
1575 3289 1765 3346 verba.
1833 3289 1976 3345 Dicit

392 3389 616 3436 autem:
655 3380 921 3435 Desidere
950 3379 1246 3434 admodum
1279 3391 1334 3433 et
1375 3395 1572 3450 precor
1616 3391 1676 3434 ut
1708 3380 1809 3450 ipsi
1839 3382 1973 3436 salvi

394 3474 546 3525 liant.
590 3491 608 3523 ι
647 3472 752 3527 Pro
779 3471 944 3526 Israel
981 3481 1085 3525 est.
1120 3490 1140 3523 ι
1170 3471 1292 3526 Non
1325 3480 1604 3541 utcunque
1636 3489 1733 3541 pro
1768 3473 1848 3527 cis
1882 3490 1978 3543 po-

393 3563 561 3624 stulo,
599 3562 693 3617 sed
741 3563 807 3616 ad
853 3563 1110 3627 salutem,
1165 3571 1226 3616 ut
1277 3563 1331 3616 in
1369 3561 1646 3616 Christum
1691 3564 1977 3619 credentes

393 3652 530 3708 salvi
571 3651 723 3706 ﬁant.
780 3668 800 3703 ι
841 3651 1238 3707 Testimonium
1278 3651 1424 3705 enim
1464 3641 1574 3705 illis
1613 3652 1897 3720 perhibeo.
1953 3672 1971 3705 ι

394 3744 874 3814 Videturgratiam
920 3743 1060 3798 inire
1105 3758 1228 3796 cum
1277 3743 1404 3796 illis.
1443 3742 1864 3810 Testimonium,
1897 3745 1979 3798 in-

394 3837 536 3907 quit,
565 3836 678 3890 illis
703 3834 967 3906 perhibeo
989 3833 1136 3904 quod
1169 3847 1280 3888 non
1303 3839 1527 3903 prepter
1549 3832 1828 3888 hominem
1864 3835 1978 3890 sint

394 3947 425 3984 a
472 3927 692 3984 Christo
745 3925 1029 3996 separati,
1095 3925 1190 3981 sed
1243 3933 1473 3996 propter
1529 3926 1974 4004 mniulationem,

395 4035 595 4098 nempe
627 4019 720 4078 Dei
757 4035 772 4073 :
809 4018 916 4072 hoc
945 4028 1128 4073 autem
1163 4017 1469 4072 secundum
1496 4017 1863 4088 ignorantiam
1895 4019 1975 4074 l'a-

395 4116 568 4176 ciunt,
598 4113 930 4170 arbitrantes
955 4112 1103 4167 enim
1131 4112 1306 4182 legem
1323 4125 1446 4166 esse
1470 4110 1693 4176 bonam,
1725 4127 1835 4166 non
1856 4127 1976 4166 cre-

396 4207 536 4265 dunt
571 4206 716 4278 quod
765 4220 864 4277 per
893 4205 1175 4262 Christum
1222 4206 1358 4272 salvi
1390 4204 1508 4259 ﬁeri
1555 4214 1804 4276 possunt.
1852 4225 1869 4258 ι
1907 4205 1976 4260 At

395 4311 506 4351 non
537 4290 842 4352 secundum
893 4296 1287 4366 cognitionem.
1322 4314 1340 4346 ι
1387 4293 1834 4358 Ᾰῖιιηυιοιίοιιεῐη,
1888 4295 1974 4347 in-

392 4389 534 4459 quit,
569 4389 796 4454 habent,
826 4388 927 4444 sed
958 4404 1068 4442 non
1121 4397 1182 4442 ut
1223 4387 1276 4441 id
1307 4394 1637 4456 cognoscant
1669 4387 1813 4456 quod
1845 4399 1974 4440 vere

392 4491 478 4536 est
511 4481 826 4544 honestum,
864 4495 989 4534 nam
1026 4480 1132 4533 hoc
1165 4487 1248 4534 est
1289 4481 1403 4546 ipse
1445 4475 1718 4532 Christus.
1757 4477 1974 4532 Etenim

396 4574 442 4628 si
479 4563 804 4642 hujusmodi
828 4571 1157 4627 habuissent
1189 4569 1619 4632 aemulationem,
1653 4569 1842 4638 utique
1875 4585 1972 4626 co-

391 4667 732 4735 gnovissent.
783 4683 801 4716 ι
837 4664 971 4718 Nam
1002 4661 1337 4733 ignorantes.
1367 4679 1385 4712 ι
1415 4659 1654 4716 Verbum
1681 4659 1785 4714 hoc
1821 4660 1975 4734 igno-

392 4759 600 4812 scentis
623 4771 720 4813 seu
751 4748 1117 4812 contionantis
1149 4762 1254 4808 est.
1295 4770 1315 4804 ι
1361 4751 1459 4806 Dei
1481 4751 1772 4822 justitiam.
1819 4772 1836 4805 ι
1877 4753 1972 4808 Dei

388 4848 662 4919 justitiam
689 4857 853 4906 vocat
898 4847 1059 4902 ﬁdem
1095 4846 1150 4900 in
1197 4843 1520 4898 Christum:
1571 4855 1638 4897 eo
1685 4843 1831 4912 quod
1877 4845 1972 4899 ιιρί

394 4941 572 5011 gratia
613 4935 855 5012 indigeat.
906 4953 1068 5009 quam
1106 4936 1467 5006 reliquerunt.
1527 4951 1545 4986 ι
1581 4934 1648 4990 Et
1697 4938 1972 5010 propriam

389 5029 684 5101 justitiam.
733 5025 756 5080 ἱ
806 5028 1092 5098 Prom-iam
1129 5024 1400 5096 justitiam
1446 5037 1570 5094 quae
1598 5039 1663 5080 ex
1685 5025 1806 5098 lege
1832 5039 1969 5096 erat,

392 5121 482 5178 vel
533 5121 682 5192 quod
736 5114 998 5190 deinceps
1041 5118 1190 5173 vires
1239 5131 1350 5171 non
1393 5111 1641 5182 haberet,
1697 5119 1782 5174 vel
1825 5123 1971 5190 quod

393 5210 676 5270 laboribus
699 5211 803 5285 ipsi
833 5225 974 5283 opus
1010 5222 1154 5266 esset
1194 5225 1258 5264 ac
1305 5207 1618 5264 sudoribus.
1653 5210 1973 5274 Quaerentes

394 5303 752 5358 constituere.
781 5301 1196 5358 Contendentes
1217 5299 1502 5369 propriam
1526 5299 1772 5354 stabilire
1807 5302 1962 5372 justi-

397 5397 550 5450 tiam.
599 5394 758 5468 341
802 5414 820 5446 ι
867 5393 1101 5452 ,Ιιιειὶιὶεθ
1147 5391 1264 5447 Dei.
1303 5410 1321 5442 ι
1379 5391 1540 5455 Sane,
1593 5408 1771 5462 neque
1823 5396 1971 5451 illam

394 5501 520 5556 quae
559 5487 616 5542 iu
656 5488 926 5558 legc‘erat
968 5488 1417 5558 compleverunt,
1464 5504 1589 5544 nam
1635 5489 1972 5544 constituere

395 5596 516 5637 eam
539 5583 878 5652 quaerebant,
909 5581 964 5638 at
991 5599 1101 5638 non
1127 5585 1558 5639 constituerunt.
1599 5603 1616 5635 ι
1650 5583 1799 5638 Finis
1821 5601 1974 5637 nam-

392 5687 500 5742 que
520 5673 658 5742 legis
678 5673 951 5729 Christus.
984 5693 1003 5726 ι
1034 5675 1190 5730 Nono
1209 5675 1488 5730 Adversus
1521 5674 1798 5730 lulianum
1829 5675 1973 5730 libro

394 5761 468 5816 ita
491 5762 745 5819 habetur.
768 5763 920 5820 Finis
949 5773 1206 5836 tanquam
1238 5765 1524 5836 abrogatio
1555 5781 1619 5819 ac
1654 5765 1972 5834 adimplctio

394 5856 528 5926 legis
562 5853 818 5914 Christus
851 5868 952 5915 est.
985 5861 1103 5926 Quo
1140 5871 1322 5915 autem
1363 5869 1520 5929 pacto
1554 5860 1678 5913 nnis
1718 5860 1856 5929 legis
1889 5868 1972 5913 est

2073 2001 2246 2056 ἐστιν
2305 2006 2393 2070 είς
2427 2005 2754 2073 σωτηρίαν.
2809 2002 3096 2073 Macri:ch
3144 2005 3256 2072 γὰρ
3311 2002 3510 2070 αὐτοῖς
3550 2003 3624 2057 ὅτι

2074 2093 2258 2164 ζῆλον
2314 2097 2462 2172 Θεοῦ
2513 2098 2793 2166 ἔχουσιν,
2845 2096 2982 2151 ἀλλ’
3013 2099 3086 2150 οὐ
3124 2098 3253 2150 κατ’
3303 2096 3625 2166 ἐπίγνωσιν.

2086 2187 2475 2259 Ἀγνοοῦντες
2503 2189 2612 2258 γὰρ
2647 2188 2762 2258 τὴν
2784 2188 2890 2242 τοῦ
2922 2187 3071 2242 Θεοῦ
3105 2187 3514 2254 δικαιοσύνην,
3543 2187 3632 2252 καί,

2073 2277 2190 2345 τὴν
2216 2278 2373 2333 ἰδίαν
2399 2277 2796 2346 δικαιοσύνην
2829 2275 3144 2346 ζητοῦντες
3178 2275 3426 2346 στῆσαι,
3457 2275 3526 2346 τῇ
3550 2275 3626 2329 δι-

2076 2372 2372 2439 καιοσύνῃ
2406 2370 2508 2424 τοῦ
2550 2369 2698 2424 Θεοῦ
2728 2371 2840 2438 οὺχ
2872 2368 3284 2437 ὑπετάγησαν.
3336 2368 3508 2434 Τέλος
3533 2368 3628 2436 τὰρ

2075 2468 2262 2534 νόμου
2308 2463 2580 2530 Χριστὸς,
2632 2463 2719 2528 εἰς
2768 2460 3165 2530 δικαιοσύνην
3210 2459 3391 2514 παντὶ
3432 2456 3508 2525 τῷ
3547 2475 3628 2512 πι-

2075 2557 2376 2609 στεύεντι.

2158 2647 2378 2714 Ἐπειδὴ
2429 2645 2712 2714 καθήψατο
2741 2645 2848 2698 τῶν
2901 2643 3189 2713 Ἰουδαίων,
3227 2646 3413 2715 μέλλει
3453 2645 3506 2699 δὲ
3545 2647 3627 2700 καὶ

2077 2742 2157 2794 ἔτι
2185 2739 2274 2792 διὰ
2305 2739 2425 2801 τοῦ,
2463 2757 2481 2790 t
2529 2738 2796 2807 Ἀδελφοί,
2835 2757 2854 2790 ι
2882 2739 2977 2792 καὶ⁵
3005 2739 3114 2790 τῶν
3136 2739 3338 2803 ἄλλων,
3367 2739 3630 2792 καταλεαίο

2077 2850 2188 2886 νειν
2209 2832 2426 2898 αὐτοὺς,
2464 2832 2652 2896 misit;
2683 2830 2964 2884 νουθεσίαν
2993 2829 3300 2901 λεληθότως
3337 2847 3629 2900 προκαταρ-

2077 2927 2236 2990 τίζει,
2267 2923 2353 2977 ἵνα
2399 2924 2474 2992 μὴ
2516 2921 2886 2994 ὀργισθέντες,
2916 2923 3051 2986 ὅλως
3093 2923 3320 2996 ἀνήκοοι
3362 2923 3627 2992 γένωνται.

2093 3013 2154 3068 Ἠ
2193 3015 2293 3086 μὲν
2353 3015 2674 3086 εὐδοκία,ή
2735 3014 2938 3084 σφοδρὰ
2993 3015 3282 3084 ἐπιθυμία.
3317 3033 3338 3067 ι
3374 3015 3482 3086 Τῆς
3506 3015 3630 3084 ἐμῆς

2078 3108 2329 3180 καρδίας.
2371 3127 2389 3158 ι
2451 3107 2676 3160 Μέλλων
2733 3107 2842 3160 τῶν
2907 3107 3178 3160 Ἰουδαίων
3239 3106 3626 3168 καθάπτεσθαι,

2080 3200 2437 3270 προεισφέρει
2468 3197 2680 3251 εὔνοιαν
2708 3199 2801 3252 τοῦ
2829 3197 3008 3266 λόγου,
3044 3199 3131 3252 ἵνα
3163 3197 3238 3269 μὴ
3273 3197 3400 3270 δόξῃ
3430 3197 3626 3268 μισοῦν-

2079 3305 2166 3350 τος
2190 3282 2354 3350 εἷναι,
2401 3286 2538 3340 ἀλλὰ
2571 3287 2866 3357 κηδομένου
2900 3292 2965 3340 τὰ
3001 3290 3218 3359 ῥήματα
3261 3289 3364 3356 τῆς
3393 3289 3625 3357 ἐπιτιμή-

2083 3398 2240 3444 σεως.
2270 3383 2405 3449 Φησὶ
2428 3381 2506 3444 δὲ,
2545 3381 2627 3433 ὅτι
2651 3381 2758 3432 Καὶ
2788 3382 2990 3451 σφόδρα
3021 3381 3294 3450 ἐπιθυμῶ,
3329 3382 3421 3435 καὶ
3456 3381 3627 3449 δέομαι

2081 3473 2278 3536 αὐτοὺς
2317 3472 2580 3542 σωθῆναι.
2618 3492 2637 3525 ι
2689 3471 2862 3543 Ὑπὲρ
2889 3472 2982 3526 τοῦ
3033 3473 3250 3543 Ἰσραήλ
3279 3476 3447 3527 ἐστιν.
3488 3493 3506 3525 ι
3533 3473 3630 3540 Οὐχ

2081 3564 2266 3627 ἁπλῶς
2294 3565 2432 3634 ὑπὲρ
2460 3565 2640 3618 αὐτῶν
2673 3565 2953 3634 αἰτοῦμαι,
2985 3565 3102 3620 ἀλλ’
3130 3569 3207 3628 εἰς
3239 3566 3528 3634 σωτηρίαν,
3557 3565 3632 3618 ινα

2081 3656 2472 3718 πιστεύσαντες
2521 3656 2762 3726 Χριστῷ,
2815 3657 3282 3727 σωθῶσι,¹ι,;ησίν.
3323 3676 3343 3710 t
3380 3655 3634 3727 Μαρτυρὼ

2079 3751 2186 3820 γὰρ
2215 3751 2418 3814 αὐτοῖς.
2460 3769 2477 3801 t
2517 3753 2675 3804 Δοκεῖ
2722 3752 3039 3822 χαρίζεσθαι
3082 3753 3286 3812 αὐτοῖς.
3353 3749 3629 3821 Μαρτυρῶ,

2080 3841 2266 3911 φησὶν,
2300 3842 2501 3904 αὐτοῖς,
2533 3840 2699 3893 ὄτιεού
2733 3840 2821 3894 διὰ
2862 3841 3144 3912 ἄνθρωπόν
3183 3843 3325 3894 εἰσιν
3354 3843 3632 3910 ἀπεσχοινι-

2082 3933 2269 4002 σμένοι
2315 3931 2574 4001 Χριστοῦ,
2614 3932 2750 3985 ἀλλὰ
2778 3932 2867 3986 διὰ
2912 3933 3072 4003 ζῆλον
3102 3933 3261 4002 δῆθεν
3297 3932 3453 3987 Θεοῦ.
3483 3931 3632 3984 Τοῦτο

2076 4023 2134 4076 δὲ
2167 4023 2309 4077 κατὰ
2334 4023 2558 4092 ἄγνοιαν
2598 4023 2920 4096 πράττουσι.
2956 4025 3289 4094 Νομίζοντες
3319 4025 3424 4095 γὰρ
3451 4024 3534 4076 τὸν
3555 4023 3630 4075 νό-

2081 4131 2180 4184 μον
2232 4110 2370 4168 εἶναι
2417 4116 2600 4181 καλὸν,
2651 4115 2941 4170 ἀπιστοῦσι
2993 4115 3070 4188 τῷ
3121 4114 3320 4178 σώζειν
3373 4115 3634 4185 δυναμένῳ

2077 4205 2321 4278 Χριστῷ.
2358 4225 2376 4257 ι
2425 4207 2560 4260 Ἀλλ’
2588 4208 2648 4259 οὑ
2680 4207 2799 4260 κατ’
2831 4207 3146 4276 ἐπίγνωσιν.
3186 4227 3204 4259 ι
3237 4209 3432 4279 Ζῆλον,
3467 4207 3629 4275 φησὶν,

2078 4295 2314 4368 ἔχουσιν,
2347 4297 2462 4350 ἀλλ’
2508 4298 2604 4367 οὐχ
2653 4297 2738 4351 ἵνα
2791 4298 3053 4366 ὲπιγνῶσι
3098 4299 3159 4351 τὸ
3205 4298 3374 4362 ὄντως
3407 4297 3631 4358 καλὶν,δ

2077 4389 2226 4440 ἐστιν
2253 4389 2281 4440 ὁ
2316 4389 2568 4460 Χριστός.
2608 4389 2670 4440 El
2703 4369 2810 4459 γὰρ
2848 4388 3092 4442 τοιοῦτον
3140 4389 3298 4458 ἔσχον
3340 4389 3518 4460 ζῆλον,
3547 4391 3628 4441 t1:-

2077 4478 2321 4548 έγνωσαν
2349 4481 2434 4534 ἄν.
2474 4498 2492 4531 ι
2539 4479 2884 4548 Ἀγνοοῦντες
2909 4482 3036 4553 γάρ.
3079 4499 3096 4532 t
3137 4479 3308 4534 Τοῦτο
3331 4482 3476 4554 ῥῆμα
3513 4495 3629 4546 συγ-

2003 4599 2048 4654 D
2078 4567 2322 4640 γνώμης.
2359 4586 2377 4619 ι
2417 4569 2528 4637 Τὴν
2554 4567 2648 4621 τοῦ
2677 4568 2811 4621 Θεοῦ
2836 4569 3202 4642 δικαιοσύνην.
3239 4589 3256 4622 ι
3293 4569 3629 4637 Δικαιοσύνην

2077 4661 2211 4712 Θεοῦ
2250 4660 2407 4713 καλεῖ
2443 4663 2543 4731 τὴν
2595 4661 2672 4722 είς
2719 4661 2953 4732 Χριστὸν
3000 4662 3184 4716 πίστιν
3215 4661 3303 4715 διὰ
3330 4663 3391 4714 τὸ
3431 4661 3628 4732 χάριτος

2075 4749 2282 4802 δεῖσθαι
2331 4749 2489 4816 Θεοῦ,
2544 4749 2610 4820 ἣν
2663 4750 3078 4814 καταλιπόντες.
3117 4769 3137 4802 ι
3197 4752 3306 4806 Καὶ
3359 4751 3454 4822 τὴν
3509 4749 3629 4803 ἰδίαν

2076 4839 2424 4910 δικαιοσύνην
2459 4860 2477 4892 ι
2524 4843 2685 4910 (ἰδίαν
2748 4839 3114 4911 δικαιοσύνην,
3164 4841 3262 4913 τὴν
3298 4845 3362 4896 ὲκ
3427 4841 3516 4896 τοῦ
3553 4840 3628 4892 νό-

2080 4944 2184 5001 μου
2223 4931 2367 5000 λέγει
2399 4932 2430 5001 ἢ
2457 4932 2544 4984 διὰ
2571 4933 2631 4984 τὸ
2664 4932 2860 5002 μηκέτι
2904 4930 3131 5002 ἰσχύειν,
3173 4931 3204 5003 ἢ
3238 4933 3322 4984 διὰ
3354 4931 3413 4984 τὸ
3443 4929 3628 4983 δεῖσθαι

2079 5026 2256 5078 πόνων
2290 5025 2381 5076 καὶ
2409 5021 2692 5092 ἱδρώτων),
2721 5023 3010 5096 ζητοῦντες
3035 5025 3251 5093 στῆσαι,
3286 5021 3629 5092 φιλονεικοῦν-

2075 5131 2166 5176 τες
2201 5114 2450 5182 κυρῶσαι
2473 5109 2568 5184 τὴν
2605 5113 2740 5165 ἰδίαν
2767 5113 3136 5180 δικαιοσύνην.
3175 5133 3196 5165 ι
3233 5115 3310 5185 Τῇ
3334 5111 3624 5182 δικαιοσύνῃ

2075 5206 2167 5259 τοῦ
2199 5205 2353 5260 Θεοῦ.
2396 5225 2414 5258 t
2445 5205 2720 5276 Δηλονότι,
2747 5207 2872 5275 οὐδὲ
2907 5207 3004 5279 τὴν
3034 5211 3090 5260 ἐν
3121 5207 3267 5278 νόμῳ
3302 5207 3622 5277 ἐπλήρωσαν

2075 5298 2299 5367 ζητοῦσι
2331 5299 2440 5374 γὰρ
2469 5299 2684 5369 στῆσαι,
2719 5299 2912 5352 οὐκοῦν
2943 5301 3042 5352 οὐκ
3106 5301 3360 5381 ἔστησαν.
3403 5300 3508 5366 οὐχ
3537 5297 3623 5349 ὑπο

2081 5393 2381 5462 ετάγησαν.
2440 5387 2567 5445 Οἷον
2622 5393 2900 5463 πειθήνιον
2961 5395 3056 5462 οὐχ
3089 5394 3366 5462 ὑπέθηκαν
3421 5393 3624 5461 αὐχένι.

2083 5504 2100 5536 ι
2143 5486 2309 5547 Τέλος
2356 5486 2464 5556 γὰρ
2501 5483 2665 5553 νόμου
2715 5485 2972 5553 Χριστός.
3021 5505 3037 5536 ι
3094 5516 3162 5525 -
3206 5485 3402 5557 [Mill]
3445 5485 3526 5536 Ἐν
3565 5483 3622 5549 τῇ

2075 5574 2268 5644 ἑννσὶτῃ
2305 5575 2470 5649 βίϐλῳ
2498 5573 2651 5626 Κατά
2692 5575 3002 5629 ’Ῐου).ι;ινοῦ.
3036 5576 3208 5637 οὕτως
3247 5578 3435 5633 κεῖται,
3467 5575 3538 5625 ὅτι
3573 5571 3623 5620 τὸ

2075 5667 2224 5727 τέλος
2253 5669 2344 5719 καὶ
2373 5685 2483 5719 ο.ον
2512 5669 2793 5737 ἀναίρεσις
2822 5666 2916 5718 τοῦ
2957 5669 3122 5735 νόμου
3165 5668 3260 5720 καὶ
3309 5667 3573 5736 πλήρωσις
3597 5662 3622 5713 6

2075 5761 2326 5826 Χριστός.
2370 5761 2490 5822 Ιίιῖλς
2537 5760 2590 5812 δὲ
2635 5761 2784 5823 τε).ος
2840 5761 3004 5829 νόμου
3062 5761 3324 5827 λριστὸςς
3360 5759 3478 5809 Ὅτι
3521 5755 3618 5807 ἐδι-

2079 5854 2302 5906 καίωσε.
2342 5855 2448 5906 Καὶ
2476 5852 2616 5922 ἅπερ
2647 5855 2850 5916 ἐκεῖνος
2874 5853 3106 5922 ἠθέλησε
3138 5853 3236 5921 μὲν
3272 5851 3500 5920 πιιῆσαι,
3533 5846 3618 5897 οὐκ
