3880 6560
230 418 333 483 52‘)

1277 420 1659 480 COMMENT.
1686 417 1764 475 ΙΝ
1795 417 2032 478 EPIST.
2067 418 2165 477 AD
2194 417 2380 480 ΗΘΜ.

3354 424 3464 486 530

233 524 421 595 ἴσχυσε
447 526 525 585 δὲ,
556 526 726 580 ταῦτα
760 530 788 580 6
816 528 1047 596 Χριστὸς
1080 526 1247 579 ἐλθὼν
1280 530 1546 597 ἀπήρτισε
1571 529 1664 580 καὶ
1698 528 1812 577 ἐτε-

1924 524 2202 591 Christus;
2249 525 2387 592 Quia
2432 525 2772 596 justiﬁeavit,
2808 535 2865 581 et
2913 541 2979 581 ea
3013 543 3135 597 quae
3176 529 3260 581 lex
3304 530 3479 586 voluit

231 618 452 669 λείωσεν
504 620 581 680 εἰς
638 621 763 680 τοὺς
816 620 963 689 αύτῷ
1018 618 1432 681 πιστεύσαντας.
1480 619 1694 689 Ἐπειδὴ
1741 618 1798 670 δὲ

229 708 364 769 ὅλως
414 707 508 761 καὶ
542 707 638 777 τὴν
686 711 750 761 ἐκ
800 710 965 777 νόμον
1000 710 1345 777 δικαιοσύνην
1391 710 1670 773 ἐκάλεσεν,
1713 710 1800 762 ἵνα

235 797 307 866 μὴ
340 798 636 866 νομίσωσιν
666 800 746 852 ὅτι
782 800 1008 853 δύναται
1041 801 1329 854 δικαιῶσαι
1375 803 1404 855 6
1429 801 1611 869 νόμος,
1666 800 1800 869 φησὶ

233 888 380 948 τέλος
410 885 551 942 εἶναι
585 891 680 943 καὶ
706 890 976 962 πλήρωμα
1008 892 1102 944 τοῦ
1130 893 1295 961 νόμον
1325 892 1413 945 τὸν
1441 893 1696 961 Χριστόν.
1727 892 1801 944 Τὸ

233 978 338 1047 γὰρ
369 981 580 1035 τέλειον
609 984 637 1035 6
668 982 831 1052 νόμος
868 985 927 1036 ὲν
958 986 1022 1054 τῇ
1055 985 1136 1047 είς
1175 984 1408 1054 Χριστὸν
1442 983 1562 1053 ἔχει
1598 983 1798 1037 πίστει.

243 1072 301 1123 '0
334 1070 430 1125 οὖν
459 1072 781 1138 πιστεύσας,
808 1075 965 1143 φησι,
1003 1074 1247 1145 Χριστῷ,
1271 1077 1469 1146 πληροῖ
1494 1075 1583 1127 τὸν
1612 1073 1799 1144 νόμον.

240 1181 258 1212 ι
296 1163 389 1224 Εἰς
432 1164 784 1234 δικαιοσύνην
832 1168 995 1220 παντὶ
1044 1166 1121 1234 τῷ
1148 1168 1482 1220 πιστεύοντι.
1536 1183 1555 1217 ι
1612 1163 1804 1227 Εἱς⁹τδ

233 1252 475 1307 δικαιοῦν
503 1255 597 1310 τὸν
626 1256 795 1320 ὅντως
841 1256 1134 1328 τελειωτὴν
1182 1257 1278 1312 τοῦ
1322 1258 1511 1327 νόμου,
1557 1258 1803 1311 τουτέστι

235 1347 326 1398 τὸν
349 1343 561 1399 πιστόν.

303 1524 530 1594 Μωσῆς
567 1528 678 1595 γὰρ
715 1526 925 1597 γράφει
974 1527 1090 1597 τὴν
1139 1528 1535 1605 δικαιοσύνην
1584 1527 1699 1595 τὴν
1735 1528 1804 1582 ἐκ

238 1615 344 1671 τοῦ
368 1620 560 1685 νόμον
582 1635 595 1649 ·
628 1619 714 1671 ὅτι
740 1622 773 1679 d
799 1618 1066 1687 ποιήσας
1090 1620 1241 1674 αὐτὰ
1271 1620 1600 1689 ἄνθρωπος,
1626 1619 1806 1688 ’ζήσε-

239 1722 330 1760 ται
358 1707 430 1760 ἐν
450 1708 673 1774 αὐτοῖς.
707 1708 768 1765 Ἠ
793 1709 860 1762 δὲ
885 1710 954 1764 ἐκ
980 1715 1240 1777 πίστεως
1266 1711 1621 1778 δικαιοσύνη
1655 1713 1808 1766 οὕτω

238 1796 421 1867 λέγει’
451 1798 548 1865 Μὴ
583 1800 753 1872 εἴπῃς
782 1801 852 1854 ἐν
892 1801 1105 1875 καρδίᾳ
1128 1818 1244 1857 σου
1266 1820 1278 1834 ·
1315 1804 1410 1869 Τίς
1440 1794 1806 1869 ἀναϐήσεται

238 1893 323 1955 είς
354 1892 463 1944 τὸν
489 1893 784 1959 οὐρανόν;
818 1895 978 1948 Τοῦτ’
1011 1894 1162 1957 ἐστι,
1195 1895 1452 1962 Χριστὸν
1473 1896 1541 1949 ἐκ
1581 1894 1810 1964 νεκρῶν

240 1981 579 2050 ἀναγαγεῖν.
620 1982 795 2039 Ἀλλὰ
844 1987 899 2038 τί
934 1986 1357 2057 λέγει;Ἐγγύς
1389 2003 1506 2042 σου
1540 1988 1606 2041 τὸ
1642 1987 1811 2056 ῥῆμά

240 2073 408 2126 ἐστιν
432 2074 507 2128 ἐν
532 2071 611 2140 τῷ
632 2076 887 2145 στόματί
914 2093 1033 2131 σου
1062 2080 1158 2133 καὶ
1198 2080 1269 2133 ἐν
1314 2077 1387 2146 τῇ
1429 2079 1639 2148 καρδίᾳ
1668 2097 1807 2138 σου.

246 2163 407 2217 Τοῦτ’
458 2167 614 2233 ἐστι,
666 2165 733 2221 τὸ
774 2165 942 2236 ῥῆμα
996 2168 1106 2237 τῆς
1152 2171 1410 2237 πίστεως
1438 2171 1470 2225 ὃ
1503 2175 1811 2241 κηρύσσο-

235 2271 372 2323 μεν.

315 2362 333 2394 ι
371 2344 576 2414 Μωσῆς
614 2346 724 2417 γὰρ
754 2347 957 2419 γράφει
988 2350 1087 2419 τὴν
1114 2350 1476 2424 δικαιοσύνην,
1493 2354 1591 2426 τὴν
1620 2356 1682 2409 ἐκ
1715 2355 1810 2409 τοῦ

242 2435 426 2503 νόμου.
465 2455 485 2489 ι
518 2439 682 2509 Ὅρος
706 2443 806 2509 τῆς
834 2444 892 2493 ἐν
922 2443 1073 2514 νόμῳ
1094 2443 1463 2521 δικαιοσύνης,
1492 2448 1578 2501 ὅτι
1604 2451 1631 2501 6
1656 2451 1811 2521 ποιή-

245 2543 339 2589 σας
370 2528 510 2582 αὐτὰ
541 2530 826 2601 ἄνθρωπος
857 2531 1086 2604 ζήσεται
1132 2538 1191 2589 ὲν
1224 2537 1430 2601 αὐτοῖς.
1477 2540 1686 2594 Οὐκοῦν
1712 2543 1811 2595 οὐκ

239 2618 320 2670 ἔνι
358 2619 600 2689 σωθῆναι
659 2623 750 2675 τὸν
799 2624 873 2695 μὴ
917 2624 1229 2695 πληροῦντα
1260 2627 1326 2680 τὰ
1360 2629 1416 2679 ὲν
1447 2629 1617 2699 αὐτῷ.
1659 2631 1810 2683 Ἐπεὶ

239 2707 337 2761 οὖν
382 2710 558 2775 οὐδεὶς
608 2711 911 2783 ἀνθρώπων
957 2715 1299 2787 ἐπλήρωσεν,
1347 2720 1601 2784 ἐξέπεσεν
1646 2724 1677 2791 ἡ
1724 2723 1809 2776 διὰ

240 2802 410 2872 νόμου
437 2802 751 2876 δικαιοσύνη
788 2807 880 2859 καὶ
907 2808 1199 2879 ἀπρακτεῖ.
1230 2828 1250 2863 ι
1299 2812 1359 2864 Ἦ
1387 2812 1443 2865 δὲ
1473 2813 1537 2866 ὲκ
1578 2815 1810 2881 πίστεως

238 2892 558 2967 δικαιοσύνη
583 2895 755 2961 οὕτως
785 2896 956 2965 λέγει.
988 2917 1007 2950 ι
1046 2901 1296 2973 Εἰρηκὼς
1320 2902 1416 2973 τὴν
1447 2904 1510 2958 ὲκ
1539 2906 1705 2975 νόμου
1729 2907 1809 2960 δι-

243 2982 567 3054 καιοσύνην,
605 2985 752 3054 λέγει
785 2989 878 3041 καὶ
909 2988 1008 3060 τὴν
1038 2992 1102 3044 ἐκ
1136 2992 1390 3057 πίστεως,
1422 2994 1516 3047 καὶ
1543 2994 1812 3049 δείκνυσιν

243 3075 342 3144 οὐχ
368 3076 545 3142 οὕτως
584 3076 749 3132 οὖσαν
792 3081 1068 3136 ἐπίπονον.
1104 3083 1417 3161 Τοιγαροῦν
1464 3084 1668 3156 ταύτην
1715 3087 1813 3156 μέν

244 3181 392 3230 τινες
414 3165 678 3236 ἔφθασαν,
704 3170 923 3244 ἐκείνην
946 3172 1003 3226 δὲ
1039 3173 1235 3237 οὐδείς.
1273 3193 1291 3226 ι
1336 3175 1426 3246 Μὴ
1462 3176 1620 3248 εἴπῃς
1662 3179 1719 3230 ἐν
1746 3181 1813 3249 τῇ
1843 3203 1885 3261 ς

247 3258 452 3330 καρδίᾳ
499 3276 614 3314 σου.
652 3278 674 3313 ι
709 3260 828 3316 Ἵνα
876 3264 949 3333 μὴ
983 3264 1212 3335 νομισθῇ
1249 3266 1281 3336 ἡ
1327 3266 1508 3329 πίστις
1554 3268 1814 3339 εὐκατόρο

247 3346 422 3412 θωτος
459 3351 555 3403 καὶ
592 3351 1090 3426 εὐκαταφρόνητος,
1136 3357 1224 3410 διὰ
1263 3357 1422 3411 τοῦτο
1450 3359 1692 3430 δείκνυσι
1723 3365 1816 3417 καὶ

246 3439 422 3511 αὐτὴν
455 3440 619 3496 πόνου
650 3442 932 3515 δεομένην,
964 3444 1057 3500 καὶ
1091 3448 1227 3517 πρὸς
1253 3451 1379 3513 τοὺς
1418 3450 1642 3520 ἀφανεῖς
1674 3454 1820 3522 λογι-

248 3532 424 3601 σμοὺς
456 3532 684 3604 ἔχουσαν
734 3536 831 3604 τὴν
881 3538 1077 3607 πάλην.
1123 3540 1214 3611 Μὴ
1262 3543 1420 3612 εἴπῃς
1445 3543 1554 3610 γὰρ
1592 3544 1726 3614 μηδὲ
1760 3547 1819 3598 ὲν

248 3621 474 3692 καρδίᾳο
535 3625 808 3690 τουτέστι,
860 3627 1008 3697 Μηδὲ
1054 3628 1388 3700 ὲνθυμηθῇς,
1469 3632 1604 3686 ἀλλὰ
1646 3634 1820 3689 πάντα

249 3711 516 3783 λογισμὸν
540 3713 736 3769 ἔκϐαλε
765 3716 887 3780 ἔξω.
910 3748 971 3758 --
986 3719 1232 3785 Ἄλλως.
1266 3722 1481 3792 Ἐπειδὴ
1501 3724 1737 3794 ἤκουσας
1754 3726 1822 3779 τὰ

246 3803 342 3855 τοῦ
376 3805 545 3872 νόμον
576 3807 712 3878 ἔργα
742 3808 815 3879 μὴ
859 3810 1119 3864 δύνασθαι
1167 3813 1451 3868 δικαιῶσαι
1498 3816 1588 3868 τὸν
1617 3818 1824 3887 ἄνθρωο

250 3911 375 3957 πον,
412 3897 650 3967 μάνθανε
682 3900 800 3964 πῶς
839 3903 896 3954 ἐν
926 3902 1149 3973 Χριστῷ
1181 3899 1557 3974 δικαιούμεθα,
1608 3910 1825 3974 ἀπόνως

252 3988 348 4039 καὶ
378 3987 596 4059 ῥᾳδίως.
625 3990 814 4044 Πίστιν
838 3994 945 4064 γὰρ
975 3992 1127 4064 ζητεῖ
1155 3992 1217 4049 ἐκ
1243 3997 1488 4068 καρδίας,
1520 4000 1829 4069 καὶδξλολο-

253 4076 385 4142 γῖαν
405 4078 471 4130 ὲκ
502 4079 788 4148 στόματος.
833 4082 1152 4152 Ἀναγκαῖον
1173 4085 1226 4138 δὲ
1251 4088 1551 4157 ,σαφηνίσαι
1581 4088 1638 4141 τὸ
1665 4090 1828 4159 ῥητὸν

255 4169 619 4240 πλατύτερον,
663 4173 745 4240 τὸ,
787 4192 806 4226 ι
840 4175 934 4236 Τίς
977 4177 1308 4247 ἀναϐήσεται
1345 4182 1424 4243 εἰς
1460 4180 1550 4232 τὸν
1578 4181 1826 4250 οὐρανὸν,

256 4262 352 4315 καὶ
379 4262 461 4326 τίς
494 4264 863 4336 καταϐήσεται
886 4270 966 4330 είς
986 4270 1082 4339 τὴν
1105 4269 1363 4337 ἄϐυσσον;
1398 4290 1416 4322 ι
1446 4274 1566 4326 "liv:
1590 4272 1645 4326 δὲ
1674 4272 1832 4328 τοῦτο

261 4354 325 4405 ἐκ
357 4353 450 4407 τοῦ
503 4356 748 4420 Μωσέως
810 4358 981 4423 οὕτως
1034 4360 1286 4431 εἰλῆφθαι
1345 4363 1455 4431 τῷ,
1490 4363 1829 4435 Ἀποστόλῳ,

1904 616 2126 684 quidem
2157 616 2362 679 facere,
2411 618 2504 671 sed
2536 634 2645 672 non
2684 618 2881 687 potuit,
2919 618 3033 672 hazc
3057 619 3285 673 veniens
3321 619 3481 675 Chri-

1902 716 2018 761 stus
2049 708 2278 776 perfecit
2308 718 2364 764 et
2411 710 2705 779 complevit
2751 710 2805 763 in
2839 725 2936 765 eos
2971 711 3062 780 qui
3102 711 3157 764 in
3181 722 3239 766 se
3284 712 3479 766 crede-

1902 808 2042 853 rent.
2086 800 2351 864 Quoniam
2384 810 2565 855 autem
2595 816 2715 855 eam
2753 816 2874 871 quae
2901 817 2967 855 ex
2996 802 3114 871 lege
3140 809 3290 865 erat;
3313 801 3480 872 justi-

1904 891 2032 945 tiam
2067 893 2291 947 omnino
2313 893 2527 948 vocavit
2552 911 2563 946 :
2600 909 2669 948 ne
2697 894 3077 948 existimarent
3106 895 3283 963 legem
3314 910 3480 964 posse

1899 981 2223 1050 justiﬁcare,
2258 983 2394 1038 dicit
2423 983 2700 1039 Christum
2730 984 2892 1039 ﬁnem
2918 1000 3037 1040 esse
3063 983 3200 1055 legis
3231 994 3287 1039 et
3328 999 3479 1040 com.

1903 1071 2223 1138 pletionem.
2244 1072 2529 1142 Siquidem
2552 1074 2643 1129 lex
2658 1089 2760 1143 per
2790 1074 2951 1129 tidem
2973 1088 3096 1145 qum
3122 1075 3185 1128 in
3197 1074 3477 1130 Christum

1904 1170 1988 1215 est
2012 1160 2407 1232 perfectionem
2438 1164 2626 1219 habet.
2668 1164 2771 1231 Qui
2793 1180 2927 1236 ergo
2957 1166 3015 1220 in
3043 1164 3325 1221 Christum
3356 1180 3479 1221 cre-

1906 1254 2065 1321 didit,
2118 1257 2357 1326 complet
2403 1258 2602 1329 legem.
2652 1276 2672 1309 ‹
2721 1257 2801 1312 Ad
2845 1257 3115 1329 justitiam
3164 1258 3312 1313 omni
3363 1272 3484 1312 cre-

1906 1347 2081 1402 denti.
2125 1366 2145 1401 »
2197 1348 2279 1404 Ad
2325 1349 2737 1419 justifieandum
2791 1363 2920 1403 eum
2975 1350 3069 1419 qui
3128 1365 3260 1404 vere
3307 1350 3485 1420 legem

1906 1440 2216 1509 perliceret,
2249 1442 2359 1497 hoc
2389 1452 2492 1506 est,
2522 1441 2738 1497 ﬁdelem
2766 1449 2825 1496 et
2856 1441 3201 1495 credentem.

1977 1533 2046 1596 Χ,
2075 1534 2197 1587 5-8.
2241 1533 2405 1588 Moses
2429 1536 2569 1587 enim
2598 1534 2778 1588 scribit
2822 1533 2885 1586 de
2920 1533 3133 1602 justitia
3172 1549 3289 1603 qua:
3311 1542 3387 1587 est
3423 1550 3488 1589 ea:

1910 1621 2039 1693 lege,
2073 1624 2211 1693 quod
2229 1626 2317 1694 qui
2340 1624 2519 1695 fecerit
2547 1641 2665 1679 eam
2691 1625 2863 1687 homo,
2896 1625 3027 1678 uiuet
3048 1639 3141 1694 per
3158 1623 3330 1677 illam.
3364 1623 3482 1678 σω-

1911 1721 2081 1766 terum
2099 1714 2316 1783 justitia
2341 1731 2460 1785 qua:
2487 1723 2560 1769 est
2595 1732 2658 1769 ex
2675 1714 2781 1783 ﬁde
2806 1716 2883 1769 ita
2916 1714 3041 1768 dicit
3072 1731 3091 1768 :
3116 1714 3194 1769 Ne
3209 1714 3405 1768 dixeris
3428 1717 3486 1768 in

1911 1802 2064 1856 corde
2092 1811 2179 1856 tuo
2208 1819 2227 1858 :
2260 1802 2387 1869 Quis
2432 1804 2676 1859 ascendet
2712 1805 2767 1858 in
2806 1802 3030 1859 caelum?
3058 1802 3168 1858 Hoc
3196 1812 3291 1868 est,
3338 1802 3490 1859 Chri-

1910 1901 2050 1949 stum
2077 1895 2334 1951 educere:
2368 1903 2462 1950 aut
2501 1897 2625 1966 quis
2658 1896 2926 1950 descendet
2971 1897 3025 1948 in
3070 1894 3358 1965 abyssum?
3393 1895 3491 1947 hoc

1911 1994 2006 2050 est,
2036 1985 2300 2041 Christum
2340 2004 2405 2041 ex
2447 1988 2668 2042 mortuis
2712 1987 2980 2041 reducere.
3021 1984 3124 2040 Sed
3161 1985 3287 2056 quid
3321 1985 3492 2041 dicit?

1916 2077 2083 2148 Prope
2111 2085 2161 2131 te
2180 2088 2255 2132 est
2293 2078 2506 2133 verbum
2544 2094 2562 2132 :
2600 2093 2785 2147 nempe
2821 2079 2877 2131 in
2919 2092 3011 2130 ore
3051 2082 3139 2130 tuo
3174 2084 3221 2129 et
3251 2076 3307 2130 in
3336 2075 3491 2135 cardo

1913 2178 2022 2223 tuo.
2046 2170 2155 2224 Hoc
2175 2177 2270 2235 est,
2298 2169 2509 2224 verbum
2526 2168 2652 2237 ﬁdei
2677 2167 2814 2239 quod
2839 2167 3210 2238 praedicamus.

1989 2366 2007 2398 ι
2040 2347 2215 2402 Moses
2239 2348 2428 2403 scribit
2450 2347 2517 2402 de
2542 2346 2754 2417 iustitia
2788 2360 2911 2415 qua:
2940 2353 3023 2400 est
3053 2359 3120 2398 ex
3150 2344 3290 2413 lege.
3328 2360 3346 2394 ι
3390 2340 3491 2396 Hic

1915 2439 2184 2493 terminus
2206 2447 2291 2495 est
2313 2440 2543 2509 justitiae
2569 2453 2689 2507 quae
2715 2437 3004 2506 perlegem
3026 2433 3295 2502 est,quod
3326 2433 3491 2486 homo

1915 2532 2008 2602 qui
2057 2547 2121 2587 ea
2166 2532 2380 2595 fecerit,
2424 2532 2572 2585 vivet
2621 2545 2719 2599 per
2768 2528 2939 2582 illam.
2988 2525 3107 2582 Non
3138 2541 3277 2594 ergo
3313 2525 3498 2580 salvus

1916 2624 2035 2678 ﬁeri
2084 2631 2267 2690 potest
2308 2622 2401 2692 qui
2453 2637 2518 2676 ea
2550 2637 2659 2675 non
2718 2618 3080 2689 compleverit
3111 2633 3234 2687 qua:
3278 2617 3341 2679 in.
3380 2617 3499 2686 lege

1916 2719 2239 2773 habentur:
2293 2716 2421 2785 quia
2477 2729 2599 2783 quae
2650 2728 2749 2782 per
2784 2713 2959 2782 legem
3003 2721 3121 2765 erat
3173 2724 3258 2775 ac;
3290 2709 3501 2764 inutilis

1916 2810 2059 2865 facta
2087 2818 2192 2865 est.
2224 2826 2241 2859 ι
2270 2807 2541 2862 Caeterum
2570 2804 2785 2875 justilia
2811 2819 2935 2873 quae
2964 2810 3050 2856 est
3076 2817 3143 2855 ex
3178 2799 3304 2855 ﬁde.
3338 2819 3356 2851 ι
3393 2797 3497 2854 Ubi

1917 2903 2065 2958 illam
2102 2901 2243 2956 dixit
2269 2898 2537 2969 justitiam
2574 2912 2697 2964 quae
2733 2903 2817 2951 est
2851 2910 2921 2949 ex
2955 2895 3096 2963 lege,
3127 2907 3247 2947 eam
3281 2906 3502 2960 quoque

1918 2993 2054 3049 dicit
2077 3008 2200 3063 qua:
2226 3007 2293 3046 ex
2319 2989 2424 3044 ﬁde
2455 2996 2561 3050 est,
2597 2995 2654 3041 et
2683 2985 2925 3041 ostendit
2954 2999 3064 3038 non
3093 2982 3230 3037 adeo
3261 2981 3503 3051 laborio—

1918 3101 2035 3141 sam
2065 3099 2187 3139 esse
2216 3100 2229 3135 :
2256 3086 2592 3152 quapropter
2620 3076 2871 3135 nonnulli
2905 3076 3047 3129 hanc
3077 3072 3324 3154 assecuti
3351 3080 3500 3135 sunt,

1919 3179 2066 3233 illam
2117 3189 2249 3230 vero
2298 3172 2502 3227 nullus.
2551 3187 2569 3220 ι
2610 3169 2689 3224 Ne
2752 3167 2905 3223 dicas
2965 3164 3023 3241 in
3081 3162 3247 3218 corde
3317 3170 3431 3235 tuo.
3477 3181 3494 3213 ι

1919 3270 1997 3325 Ne
2059 3273 2345 3338 putaretur
2387 3262 2523 3317 ﬁdes
2575 3259 2750 3314 facilis
2820 3257 2885 3313 ad
2937 3255 3339 3326 assequendum
3368 3285 3405 3321 ,-
3437 3270 3501 3310 ac
3540 3322 3547 3331 .

1919 3361 2077 3429 facile
2144 3356 2566 3425 deSpiceretur,
2636 3358 2927 3421 propterea
2980 3347 3221 3403 ostendit
3268 3345 3335 3405 ad
3380 3360 3500 3427 eam

1921 3467 2140 3525 quoque
2175 3449 2363 3504 labore
2397 3460 2536 3516 opus
2558 3458 2701 3509 esse,
2746 3449 2801 3495 et
2835 3439 3095 3494 adversus
3132 3438 3365 3513 latentes
3409 3451 3503 3517 co-

1919 3545 2211 3617 gitationes
2244 3540 2414 3609 ipsam
2446 3536 2648 3590 habere
2697 3534 2920 3609 luctam.
2958 3528 3242 3600 Siquidem
3285 3543 3353 3582 ne
3416 3526 3503 3581 di-

1923 3652 2038 3702 cas,
2080 3633 2278 3703 inquit,
2311 3629 2398 3683 vel
2442 3627 2498 3681 in
2534 3624 2700 3680 corde
2754 3632 2866 3685 tuo,
2898 3622 3004 3676 hoc
3050 3628 3152 3679 est.
3195 3635 3263 3674 ne
3298 3618 3506 3687 cogites

1924 3728 2169 3801 quidem.
2222 3724 2327 3789 vel,
2391 3735 2609 3776 omnem
2673 3716 3057 3793 cogitationem
3130 3713 3281 3773 foras
3337 3713 3501 3782 ejicc.

1924 3814 2320 3894 342—Alio
2379 3812 2551 3866 modo.
2605 3807 3063 3876 Quandoquidem
3108 3805 3309 3861 audisti
3367 3804 3504 3873 legis

1926 3928 2095 3984 opera
2145 3924 2254 3964 non
2291 3920 2453 3976 posse
2492 3901 2773 3956 hominem
2808 3898 3136 3971 justiﬁcare,
3181 3897 3330 3951 disce
3365 3911 3506 3965 quo-

1928 4004 2093 4062 modo
2123 4017 2222 4071 per
2253 3997 2535 4054 Christum
2570 3995 2689 4049 sine
2718 3992 2909 4049 labore
2941 4005 3005 4044 ac
3035 3988 3194 4043 facile
3233 3985 3506 4058 juslilice-

1930 4115 2074 4155 mur.
2102 4094 2291 4150 Fidem
2348 4080 2621 4160 siquidem
2655 4082 2893 4155 requirit
2923 4099 2953 4138 c
2989 4082 3153 4137 corde
3194 4088 3249 4135 et
3289 4079 3508 4135 confes-

1931 4190 2142 4247 sionem
2172 4184 2241 4239 ab
2262 4196 2376 4237 ore.
2409 4179 2645 4234 Necesse
2674 4184 2758 4230 est
2785 4183 2967 4230 autem
2998 4181 3058 4226 ut
3082 4169 3298 4240 planius
3331 4170 3504 4238 expli-

1931 4286 2088 4336 cetur
2118 4272 2264 4345 quod
2295 4267 2501 4325 dictum
2529 4275 2613 4322 est
2643 4283 2657 4318 :
2695 4284 2713 4316 ι
2750 4262 2883 4331 Quis
2913 4259 3172 4316 ascendet
3199 4260 3254 4312 in
3282 4259 3506 4327 ccelum,

1933 4379 1989 4429 et
2016 4350 2141 4441 quis
2179 4363 2463 4420 descendit
2486 4361 2545 4415 in
2573 4358 2853 4429 abyssum.
2902 4372 2918 4405 ι
2958 4348 3146 4407 Ροιὲει
3187 4360 3370 4406 autem
3406 4352 3512 4407 hoc

264 4446 456 4516 νοηθὲν
482 4447 624 4502 κατὰ
644 4448 740 4520 τὴν
773 4452 1015 4524 μεγάλην
1047 4452 1213 4508 αὐτοῦ
1249 4454 1457 4522 σοφίαν.
1508 4455 1564 4508 Ὀ
1597 4458 1695 4526 μὲν
1727 4459 1818 4529 γὰε

1938 4479 1968 4518 a
1999 4463 2143 4516 Mose
2170 4456 2445 4526 accepisse
2474 4450 2786 4522 Apostolus,
2815 4445 3155 4515 intellectum
3181 4444 3335 4514 juxta
3358 4457 3510 4496 suam

267 4539 496 4609 Μωσῆς,
542 4542 666 4596 ὅσον
722 4543 864 4595 κατὰ
910 4544 970 4597 τὸ
1002 4545 1257 4616 γράμμα,
1297 4545 1468 4615 οὕτως
1502 4548 1690 4617 φησιν.
1752 4540 1811 4602 ὅτ

1940 4567 2187 4625 magnam
2231 4545 2576 4618 sapientiam.
2625 4543 2802 4597 Moses
2848 4552 3087 4607 namque
3136 4544 3399 4619 quantum
3445 4533 3553 4611 ad,

282 4631 347 4682 'H
377 4632 564 4703 ἐντολὴ
611 4633 707 4686 τοῦ
751 4633 888 4688 Θεοῦ
936 4636 1041 4707 πρὸ
1071 4636 1364 4706 ὀφθαλμῶν
1405 4656 1498 4691 σου
1551 4642 1747 4705 κεῖται,
1795 4637 1818 4693 ὃ

1928 4644 2177 4699 litteram
2229 4641 2302 4693 ita
2332 4637 2506 4691 dicit:
2558 4653 2576 4685 ι
2611 4632 2707 4687 Dei
2738 4639 3068 4703 praeceptum
3111 4643 3293 4683 coram
3341 4625 3523 4680 oculis-

284 4721 536 4774 Ἰουδαῖε·
570 4727 664 4776 καὶ
693 4726 752 4777 οὐ
781 4726 863 4779 δεῖ
910 4744 968 4779 σε
1012 4725 1136 4779 οὗτε
1182 4729 1260 4791 είς
1296 4729 1387 4781 τὸν
1427 4730 1654 4797 οὖρανὸν
1682 4732 1840 4786 ἀνελ-

276 4814 404 4880 θεῖν,
447 4815 534 4869 ἵνα
565 4817 765 4887 ταύτην
806 4817 991 4890 εὕρῃς,
1034 4810 1159 4873 οὔτε
1186 4822 1262 4883 εἰς
1301 4821 1398 4892 τὴν
1428 4820 1677 4875 ἄϐυσσον
1709 4842 1841 4887 κατ-

278 4908 469 4971 ελθεῖν,
516 4909 602 4961 ἵνα.
644 4911 846 4981 ταύτην
892 4902 1085 4983 λάϐῃς,
1124 4911 1246 4966 οὗτε
1288 4915 1368 4975 εἰς
1401 4913 1469 4966 τὰ
1506 4902 1722 4985 πέρατα
1745 4917 1844 4978 τῆς

282 4999 553 5070 θαλάσσης
598 5001 867 5072 διαϐῆναι.
916 5004 1054 5056 Ἀλλ’
1108 5003 1272 5073 ἐγγύς
1325 4998 1417 5057 σού
1472 5006 1643 5070 ἐστιν,
1677 5008 1734 5058 ὲν
1768 5008 1845 5079 τῷ

284 5093 513 5157 στόματί
558 5110 651 5145 σου
685 5095 780 5147 καὶ
819 5098 875 5148 ὲν
909 5098 971 5167 τῇ
1010 5096 1218 5169 διανοίᾳ
1266 5113 1379 5150 σου.
1434 5115 1453 5147 ›
1510 5097 1692 5150 Πάντα
1738 5098 1845 5168 γὰρ

283 5185 527 5251 ὑπέδειξέ
562 5203 644 5237 σοι
672 5188 701 5239 ὁ
725 5185 856 5249 Θεὸς
882 5186 968 5241 διὰ
1012 5186 1103 5241 τοῦ
1144 5188 1332 5257 νόμου.
1371 5187 1429 5240 '0
1460 5188 1560 5258 μὲν
1604 5184 1696 5240 οὖν
1719 5191 1846 5242 Μω-

286 5274 382 5343 σῆς
419 5276 560 5329 κατὰ
581 5276 640 5329 τὸ
668 5278 900 5347 γράμμα
959 5276 1130 5340 οὕτως
1168 5277 1316 5331 δοκεῖ
1340 5276 1514 5332 ταῦτα
1539 5278 1741 5345 λέγειν.
1786 5279 1844 5331 '0

1945 4736 2052 4791 tuis
2076 4734 2241 4790 situm
2272 4743 2379 4795 est,
2412 4745 2444 4783 ο
2467 4728 2651 4783 Judme
2679 4743 2692 4780 :
2744 4738 2846 4778 nec
2868 4730 3088 4790 oportet
3116 4728 3210 4773 aut
3236 4720 3288 4772 in
3315 4718 3514 4773 ccelum

1943 4810 2239 4885 ascendere
2284 4834 2345 4879 ut
2383 4820 2518 4875 illud
2563 4817 2831 4881 invenias,
2897 4822 2994 4867 aut
3030 4812 3083 4865 in
3131 4812 3385 4881 abyssum
3417 4809 3514 4863 de-

1944 4917 2217 4975 scendere
2233 4925 2293 4969 ut
2318 4914 2495 4983 ipsum
2515 4907 2772 4978 accipias,
2791 4892 2977 4989 neque“
2997 4903 3063 4955 ad
3080 4904 3323 4973 extrema
3351 4899 3537 4983 maris

1952 5009 2203 5066 transire.
2239 5005 2342 5061 Sed
2375 5015 2542 5071 prope
2579 5007 2631 5052 te
2670 5007 2754 5052 est
2797 4995 2851 5048 in
2898 5009 2993 5049 ore
3027 5002 3121 5046 tuo
3156 5002 3210 5047 ct
3249 4992 3302 5045 in
3337 4997 3521 5044 mente

1952 5112 2043 5156 tua
2073 5100 2160 5152 δν.
2192 5117 2209 5148 ι
2249 5092 2531 5164 Siquidem
2581 5086 2763 5141 omnia
2808 5084 3048 5139 ostendit
3101 5082 3197 5136 tibi
3234 5083 3375 5169 Deus
3423 5094 3520 5169 per

1950 5194 2147 5262 legem.
2174 5187 2352 5241 Moses
2394 5184 2578 5252 itaque
2620 5170 2772 5251 juxta
2800 5178 3037 5257 litteram
3077 5174 3193 5229 hmo
3228 5166 3547 5245 dicerevii

1951 5261 2144 5341 detur;
2179 5274 2468 5345 Apostolus
2506 5285 2637 5325 vero
2678 5267 2744 5322 ad
2790 5265 3068 5321 Christum
3108 5265 3210 5318 ism
3273 5261 3461 5316 retulit
3504 5292 3522 5332 ε

284 5365 338 5418 δὲ
383 5367 730 5432 ’Δπόστολος,
771 5372 849 5432 εἰς
877 5369 1112 5439 Χριστὸν
1139 5368 1314 5423 ταῦτα
1344 5369 1648 5434 ὲξελάϐετο.
1678 5370 1849 5422 Τουτ-

292 5460 424 5523 ἐστι,
454 5460 546 5531 Μὴ
591 5456 866 5534 διστάσῃς,
904 5459 1038 5537 μηδρ
1069 5461 1241 5534 ,εἴπῃς
1283 5458 1340 5514 ἐν
1388 5460 1455 5531 τῇ
1484 5460 1691 5530 διανοίᾳ
1736 5478 1852 5525 σου,

1949 5372 2057 5426 hoc
2098 5377 2204 5435 est,
2244 5362 2321 5421 Ne
2365 5362 2608 5428 vacillcs,
2646 5375 2825 5429 neque
2870 5358 2923 5411 in
2960 5367 3143 5412 mente
3184 5363 3277 5409 tua
3323 5352 3474 5405 dicas
3507 5367 3521 5402 :

1953 5459 2237 5530 Quomodo
2270 5454 2521 5510 Christus
2548 5449 2833 5509 descendit
2878 5446 2946 5517 de
2982 5444 3156 5510 caelis,
3195 5434 3524 5540 carnemque

296 5546 415 5613 Πῶς
445 5552 471 5604 ὁ
501 5550 734 5619 Χριστὸς
764 5550 1028 5623 κατῆλθεν
1069 5551 1131 5606 ἐκ
1160 5553 1265 5613 τῶν
1303 5552 1545 5625 οὐρανῶν
1575 5554 1670 5604 καὶ
1693 5554 1818 5626 ὲσαρ

1956 5548 2280 5620 assumpsit;
2340 5554 2434 5599 aut
2490 5536 2599 5615 qud
2652 5550 2809 5611 pacto
2852 5538 3120 5611 .m‘ortuus
3170 5534 3409 5621 surrexit
3460 5543 3535 5631 clx.

294 5642 475 5713 κῶθης
513 5644 546 5712 ἢ
601 5644 717 5706 πῶς
759 5640 1047 5698 ἀποθανὼν
1094 5646 1290 5717 ἀνέστη
1337 5647 1400 5699 ὲκ
1447 5645 1542 5712 τῆς
1576 5625 1814 5697 assam

1960 5644 2190 5716 abysso?
2218 5639 2272 5695 id
2305 5649 2408 5705 est,
2440 5637 2507 5693 ab
2544 5632 2746 5689 inﬁmis
2781 5629 2940 5695 lucis,
2987 5626 3079 5682 sed
3119 5625 3334 5680 omnem
3383 5625 3543 5691 mgi-~

297 5872 304 5881 ,
407 5817 474 5849 ⁸³⁸
511 5817 666 5872 Deut.
700 5832 824 5884 tu,
861 5819 1038 5873 il-i-l.
