3880 6562
367 397 468 460 5η

1430 405 1824 468 (ECUMENII
1858 403 2150 466 TRICCJS
2199 400 2542 462 El‘lSCOPI
3501 412 3595 476 532

369 510 632 564 tuiunem
682 509 828 566 foras
881 514 1040 584 ejice.
1099 533 1115 566 ι
1167 516 1344 586 Prope
1399 526 1450 572 te
1497 529 1583 572 est
1624 508 1875 572 verbum.
1929 539 1933 567 ι

2061 529 2331 577 τουτεστι,
2367 514 2476 566 τῶν
2506 513 2836 566 κατωτάτων
2866 513 3065 574 τόπων,
3100 515 3232 567 ἀ).ὶᾶ
3279 517 3443 572 πάντα
3467 522 3594 591 λογιο

363 597 657 680 Contracta
704 611 791 656 est
836 602 890 656 in
939 604 1095 659 brevi
1139 607 1308 672 salus,
1355 623 1458 664 nec
1501 611 1748 665 externis
1780 626 1933 680 egens

2057 601 2192 672 σμὺν
2232 601 2426 655 ἔκϐαλε
2473 602 2597 666 ἔξω.
2645 621 2663 653 ι
2723 602 2919 670 Ἐγγύς
2953 621 3044 658 σου
3089 606 3150 658 τὸ
3198 608 3346 678 ῥῆμά
3393 612 3542 668 ἐστιν.
3575 635 3594 668 υ

363 679 688 749 laboribus:
738 694 794 748 in
839 695 1005 751 corde
1054 698 1205 752 enim
1252 706 1309 754 et
1355 699 1410 753 in
1457 699 1639 772 lingua
1678 703 1783 756 sita
1816 679 1946 756 est:

363 783 542 838 solido
577 793 759 842 tamen
783 800 848 841 ac
880 785 1139 857 prudenti
1167 803 1308 859 opus
1338 789 1504 845 habet
1536 793 1744 847 animo.

433 969 501 1034 Χ,
531 971 689 1026 945.
719 970 924 1044 Quippe
943 975 989 1028 si
1016 974 1284 1044 confessus
1317 975 1479 1046 fueris
1503 993 1593 1031 ore
1636 987 1724 1032 tuo
1763 978 1947 1032 Domi-

2052 695 2328 765 Σύντομος
2372 697 2405 767 ὴ
2460 697 2727 766 σωτηρία,
2776 699 2870 750 καὶ
2913 698 2974 750 ού
3021 699 3246 770 δεομένη
3281 701 3384 755 τῶν
3424 704 3594 770 ἔξωθεν

2050 788 2257 843 κόπων.
2312 787 2402 842 Ἐν
2438 790 2546 860 γὰρ
2575 791 2642 861 τῇ
2677 789 2889 862 διανοίᾳ
2933 792 3028 844 καὶ
3059 794 3123 862 τῇ
3171 793 3384 868 γλώσσῃ
3422 801 3595 854 κεῖται.

2051 880 2199 948 Πλὴν
2237 881 2474 953 uappa;
2502 881 2674 935 δεῖται
2711 881 2808 936 καὶ
2847 883 3130 952 νουνεχοῦς
3158 884 3350 955 ψυχῆς.

2123 971 2253 1025 ὀτι
2291 970 2402 1024 ἐὰν
2431 972 2820 1044 ὁμολογήσῃς
2864 973 2936 1026 ἐν
2963 971 3044 1040 τῷ
3072 977 3324 1043 στόματί
3359 992 3468 1031 σου
3500 983 3598 1034 Ku—

361 1081 489 1118 num
519 1062 726 1128 Jesum,
774 1072 826 1119 et
872 1067 1154 1121 credideris
1194 1068 1267 1121 'in
1303 1070 1460 1124 corde
1506 1079 1596 1124 tuo
1635 1070 1774 1140 quod
1804 1071 1933 1126 Deut

2043 1080 2177 1131 ριον
2215 1063 2472 1131 Ἰησοῦν,
2507 1067 2607 1120 καὶ
2652 1065 2998 1134 πιστεύσῃς
3048 1065 3120 1120 ἐν
3162 1065 3236 1134 τῇ
3261 1067 3463 1136 καρδίᾳ
3499 1087 3600 1124 σου

359 1155 514 1210 illum
563 1158 835 1213 suscitauit
882 1176 915 1213 a
956 1161 1201 1225 mortuis,
1226 1159 1406 1216 salvus
1446 1164 1571 1217 eris.
1610 1163 1751 1218 Nam
1786 1166 1943 1218 corde

357 1247 591 1300 creditur
617 1249 688 1303 ad
693 1249 986 1319 justitiam.
1013 1268 1102 1304 ore
1125 1262 1304 1308 autem
1331 1256 1592 1324 confessio
1606 1258 1669 1326 ﬁt
1694 1259 1764 1312 ad
1792 1257 1942 1313 salu-

357 1344 482 1390 tem.
514 1336 653 1392 Dicit
675 1341 813 1393 enim
843 1339 1162 1412 Scriptura:
1192 1341 1376 1399 Omnis
1404 1346 1494 1415 qui
1527 1349 1696 1401 credit
1732 1349 1786 1400 in
1819 1365 1939 1402 eum

355 1447 459 1483 non
491 1431 742 1501 pudeﬁet.
768 1432 887 1488 Non
915 1436 1055 1488 enim
1087 1446 1161 1490 est
1183 1437 1449 1492 distinctio
1472 1437 1646 1494 Judaei
1677 1447 1726 1493 et
1747 1440 1936 1494 Graeci.

353 1519 622 1594 Siquidem
648 1525 784 1580 idem
810 1526 1064 1582 Dominus
1092 1529 1349 1595 omnium,
1383 1531 1524 1586 dives
1551 1533 1606 1586 in
1636 1548 1813 1586 omnes
1847 1535 1939 1604 qui

352 1617 602 1670 invocant
643 1616 821 1672 illum.
865 1617 1043 1674 Omnis
1085 1623 1225 1676 enim
1272 1625 1568 1694 quicunque
1613 1626 1937 1680 invocaverit

354 1725 545 1763 nomen
579 1709 811 1776 Domini,
837 1714 1014 1769 salvus
1040 1717 1163 1772 erit.

426 1889 682 1947 Ostendit
703 1897 978 1964 quomodo
1011 1895 1066 1950 in
1099 1897 1286 1962 corde,
1308 1897 1361 1952 id
1387 1908 1492 1964 est,
1521 1899 1574 1954 in
1603 1899 1938 1970 cogitatione

354 1993 411 2039 et
450 1985 504 2040 in
531 1985 717 2057 lingua
745 1987 848 2043 sita
892 1989 964 2044 sit
999 1989 1168 2045 salus.
1206 2009 1224 2043 ι
1257 1990 1416 2057 Quod
1459 1993 1603 2048 Deus
1631 1992 1784 2046 illum
1825 2007 1942 2047 sus-

353 2077 566 2133 citavit.
592 2097 612 2130 ι
636 2078 854 2135 Modum
883 2081 1015 2136 dicit
1039 2098 1150 2154 quo
1181 2083 1356 2154 possit
1385 2085 1660 2155 quispiam
1688 2084 1754 2139 ad
1775 2083 1936 2140 ﬁdem

352 2168 574 2226 adduci.
609 2169 745 2226 Nam
787 2173 1036 2243 concipe,
1096 2174 1296 2245 inquit,
1350 2175 1652 2246 potentiam
1691 2175 1812 2246 ejus
1838 2175 1934 2245 qui

352 2262 659 2330 suscitavit,
698 2275 754 2320 et
797 2281 909 2321 non
962 2267 1240 2324 haesitabis
1291 2269 1438 2324 circa
1491 2267 1676 2325 fidem.
1727 2288 1744 2321 ι
1801 2268 1936 2324 Nam

352 2355 520 2411 corde
545 2355 813 2412 creditur.
849 2374 866 2408 ι

421 2529 582 2602 343
617 2530 903 2603 Siquidem
947 2551 1072 2591 cum
1112 2540 1281 2594 corde
1330 2538 1510 2594 credit
1557 2538 1830 2610 quispiam
1880 2539 1935 2592 in

349 2620 656 2690 Christum,
685 2626 755 2681 ab
777 2642 845 2682 eo
864 2629 1202 2699 iustiﬁcetur
1229 2647 1243 2684 :
1277 2647 1403 2686 cum
1435 2641 1621 2687 autem
1653 2647 1748 2688 ore
1795 2645 1934 2686 con-

351 2713 560 2781 ﬁtetur,
599 2717 864 2774 salvatur.
901 2737 920 2770 ι
966 2720 1112 2776 Dicit
1150 2721 1298 2776 enim
1353 2721 1659 2792 Scriptura.
1696 2741 1715 2774 ι
1751 2721 1934 2777 Testi-

352 2808 598 2864 monium
634 2811 893 2881 produxit
924 2822 983 2868 ut
1023 2814 1276 2870 ostendat
1301 2832 1412 2871 non
1442 2831 1564 2873 esse
1608 2817 1663 2871 in
1702 2816 1808 2872 ﬁde
1835 2816 1936 2871 dif-

351 2898 644 2956 ferentiam
667 2902 814 2958 inter
837 2903 1084 2960 Judaeum
1107 2913 1163 2960 et
1184 2906 1468 2961 ethnicum
1503 2924 1516 2962 :
1547 2905 1737 2963 Omnis
1760 2908 1931 2975 enim,

352 2993 566 3063 inquit,
615 2997 711 3066 qui
755 2997 968 3064 credit,
1020 2999 1214 3054 Isaiam
1262 2999 1317 3055 in
1379 3009 1575 3056 testem
1627 3000 1930 3057 adducens.

357 3107 376 3140 ι
416 3088 535 3143 Non
569 3083 717 3144 enim
748 3099 834 3146 est
861 3092 1164 3147 distinctio.
1197 3111 1217 3144 ι
1267 3091 1536 3149 Omnibus
1581 3109 1930 3150 communem

350 3181 582 3252 gratiam
639 3182 939 3252 praedicat:
984 3192 1042 3240 et
1088 3185 1234 3255 quod
1273 3185 1329 3240 in
1375 3187 1756 3256 superioribus
1801 3187 1931 3244 fecit

2045 1153 2136 1209 ὅτι
2179 1156 2214 1208 ό
2260 1154 2404 1222 Θεὸς
2441 1155 2631 1210 αὑτὸν
2663 1156 2903 1226 ἤγειρεν
2955 1157 3024 1211 ἐκ
3062 1155 3312 1228 νεκρῶν,
3351 1160 3596 1230 σωθήσῃ.

2043 1247 2270 1317 Καρδίῃ
2300 1247 2409 1318 γὰρ
2437 1249 2785 1304 πιστεύεται
2807 1252 2895 1316 εις
2925 1249 3344 1319 δικαιοσύνην,
3377 1254 3600 1321 στόματι

2041 1339 2112 1393 δέ
2170 1339 2548 1410 ὁμολογεῖται
2622 1342 2712 1406 εις
2787 1342 3113 1409 σωτηρίαν.
3178 1340 3348 1410 Λέγει
3397 1343 3500 1411 τὰρ
3570 1345 3604 1411 ὴ

2046 1431 2298 1501 ι’ραερήο
2357 1429 2485 1496 Πᾶς
2537 1434 2570 1486 ὀ
2617 1433 2922 1486 πιστεύων
2973 1432 3065 1485 ἐπ’
3098 1430 3280 1498 αὐτῷ,
3330 1433 3399 1486 οὐ
3429 1449 3602 1486 καται-

2040 1524 2481 1595 σχυνθήσεται.
2545 1527 2628 1580 οὐ
2664 1525 2778 1595 γάρ
2822 1526 2954 1581 ἐστι
2999 1525 3297 1594 διαστολὴ
3346 1526 3602 1582 Ἰουδαίου

2045 1633 2109 1670 τε
2139 1616 2240 1670 καὶ
2270 1617 2596 1684 Ἕλληνος.
2655 1617 2720 1670 '0
2769 1616 2877 1687 γὰρ
2905 1618 3090 1684 αὐτὸς
3118 1619 3334 1686 Κύριος
3361 1617 3600 1683 πάντων,

2037 1707 2320 1764 πλουτῶν
2338 1712 2426 1776 εὶς
2445 1709 2679 1776 πάντας
2694 1710 2835 1776 τοὺς
2857 1711 3374 1780 ἐπικαλουμένους
3411 1713 3598 1766 αὐτόν.

2039 1800 2167 1868 Πᾶς
2193 1802 2302 1872 γὰρ
2342 1801 2411 1868 ὃς
2443 1800 2520 1855 ἂν
2563 1801 2997 1871 ἐπικαλέσηται
3035 1803 3103 1855 τὸ
3135 1801 3325 1871 ὄνομα
3371 1801 3597 1869 Κυρίου,

2040 1892 2401 1959 σωθήσεται.

2115 1986 2323 2052 Ἔδειξε
2368 1984 2486 2050 πῶς
2546 1988 2606 2039 ὲν
2661 1985 2893 2057 καρδία,
2939 1979 3051 2039 οἷον
3109 1988 3168 2039 ὲν
3227 1984 3468 2054 λογισμῷ
3519 1981 3601 2035 καὶ

2041 2079 2262 2151 γλώσσῃ
2323 2081 2502 2132 κεῖται
2543 2081 2576 2149 ἡ
2643 2079 2911 2151 σωτηρία.
2975 2098 2993 2130 ι
3031 2080 3155 2133 Ὀτι
3201 2078 3229 2129 6
3282 2078 3411 2142 Θεὸς
3458 2077 3604 2131 αὐτὸν

2039 2173 2284 2244 ἤγειρεν.
2320 2172 2533 2244 Τρόπον
2563 2172 2735 2241 λέγει,
2772 2173 2841 2226 δι’
2864 2164 2926 2226 οὖ
2957 2189 3040 2235 τις
3075 2173 3330 2243 ὲναχθείη
3364 2172 3491 2242 πρὸς
3515 2169 3603 2240 τὴν

2039 2264 2242 2318 πίστιν.
2289 2263 2579 2332 Ἐννόησον
2621 2262 2752 2333 γὰρ,
2801 2263 2954 2332 φησι,
3001 2262 3062 2315 τὸ
3091 2262 3318 2316 δυνατὸν
3358 2260 3448 2313 τοῦ
3476 2257 3600 2327 ἐγεί-

2041 2373 2260 2427 ραντος,
2287 2357 2383 2410 καὶ
2415 2357 2476 2408 οὐ
2507 2356 2860 2427 δυσχερανεκ
2887 2355 3025 2425 πρὸς
3048 2355 3150 2425 τὴν
3179 2353 3382 2408 πίστιν.
3421 2372 3438 2403 ι
3468 2353 3601 2422 Καρ-

2037 2450 2129 2522 δίᾳ
2153 2449 2262 2521 γὰρ
2298 2447 2640 2502 πιστεύεται.
2679 2467 2699 2500 s

2111 2539 2324 2610 Καρδίᾳ
2355 2538 2456 2610 μὲν
2495 2539 2627 2609 γὰρ,
2655 2539 2810 2606 φησι,
2861 2537 3253 2608 πιστευόμενος
3311 2538 3341 2589 6
3386 2532 3601 2602 Χριστὸς

2035 2631 2254 2695 δικαιοῖ,
2302 2629 2533 2699 στόματι
2573 2629 2629 2682 δὲ
2679 2627 3112 2699 ὁμολογούμενος
3166 2627 3354 2690 σώζει.
3405 2645 3422 2676 ι
3455 2624 3598 2690 Λέγει

2035 2723 2146 2794 γὰρ
2180 2724 2215 2792 ἡ
2256 2722 2478 2793 Γραφή.
2507 2740 2528 2774 s
2568 2721 2680 2793 Τὴν
2721 2721 3033 2793 μαρτυρίαν
3081 2721 3316 2790 ἢγαγεν,
3355 2719 3437 2771 ἵνα
3467 2715 3597 2784 δείξῃ

2038 2817 2116 2888 μὴ
2145 2811 2310 2870 οὖσαν
2339 2817 2399 2869 ὲν
2426 2819 2491 2888 τῇ
2525 2816 2706 2871 πίστει
2739 2817 3004 2888 διαφορὰν
3055 2813 3317 2867 Ἰουδαίου
3347 2811 3440 2864 καὶ
3466 2807 3595 2860 ἐθνι-

2036 2911 2157 2968 κοῦ.
2197 2911 2312 2974 Πᾶς
2334 2909 2466 2983 γὰρ,
2493 2910 2682 2981 φησὶν,
2707 2911 2736 2964 6
2773 2906 3068 2971 πιστεύων,
3106 2906 3196 2959 τὸν
3239 2903 3467 2957 ἰιι-,αἶαν
3494 2902 3601 2951 ἑπι-

2035 3005 2339 3074 φερόμενος
2380 3002 2654 3074 μάρτυρα.
2701 3021 2720 3054 ι
2761 3000 2835 3054 Οὐ
2868 3001 2976 3069 γάρ
3009 3000 3124 3051 ἐστι
3156 2993 3436 3063 διαστολή.
3475 3009 3492 3042 ι
3531 2986 3595 3039 T6

2035 3099 2171 3151 πᾶσι
2225 3095 2404 3150 κοινὸν
2454 3095 2553 3166 τῆς
2591 3093 2816 3165 χάριτος
2862 3089 3268 3160 ἀνακηρύττειο
3325 3085 3421 3139 καὶ
3477 3083 3600 3181 δτυερ

2035 3189 2298 3260 ιποξησεν
2323 3188 2436 3243 ἄνω
2479 3187 2696 3251 πολλοῖς
2741 3185 2945 3256 λόγοις,
2975 3185 3145 3240 θέλων
3189 3177 3525 3247 καταγαγεῖν
3545 3177 3600 3224 τὺ

351 3275 542 3331 multis
565 3277 937 3342 sermonibus,
966 3253 1165 3334 fastum
1194 3253 1488 3335 detrahere
1506 3279 1930 3336 volensJudaso-

2043 3253 2268 3352 φύσηξλα
2301 3279 2411 3334 τῶν
2455 3279 2749 3343 Ἰουδαίων,
2779 3253 2876 3332 νῧν
2913 3277 3000 3332 διὰ
3045 3273 3295 3347 βραχέων
3335 3269 3494 3332 ποιεῖ,
3527 3266 3598 3318 δτι

353 3385 497 3434 rum,
525 3369 578 3423 id
612 3385 762 3425 nunc
793 3367 1056 3425 brevibus
1102 3369 1234 3427 facit
1277 3389 1290 3425 :
1321 3372 1451 3442 quia
1480 3387 1590 3426 non
1625 3381 1710 3427 est
1734 3371 1932 3426 discri-

353 3474 500 3526 men,
541 3459 722 3530 inquit
763 3461 910 3531 (nam
955 3461 1012 3516 id
1051 3462 1156 3517 sibi
1198 3463 1317 3517 vult
1347 3462 1623 3532 διαστολὴ)
1669 3461 1843 3517 Judaei
1876 3473 1934 3517 et

351 3552 547 3608 Graeci.
582 3571 601 3605 ι
634 3551 769 3608 Nam
809 3554 954 3609 idem
998 3552 1263 3610 Dominus
1301 3555 1569 3610 omnium.
1599 3573 1619 3607 ι
1665 3553 1934 3624 Superius

352 3643 424 3700 de
468 3642 629 3700 Patre
649 3644 790 3700 dixit
819 3663 832 3700 :
865 3664 883 3697 ι
909 3646 991 3701 An
1023 3645 1338 3702 Judaaorum
1380 3647 1528 3702 Deus
1557 3647 1809 3702 tantum?
1835 3662 1933 3701 an-

353 3750 466 3792 non
494 3745 549 3793 et
577 3737 901 3808 gentium?»
932 3751 1081 3792 nunc
1103 3748 1286 3792 autem
1324 3738 1472 3794 idem
1495 3738 1628 3794 dicit
1655 3739 1724 3794 de
1755 3739 1927 3795 Filio:

353 3829 434 3884 lta
497 3828 866 3884 diﬁerentiam
920 3845 1030 3885 non
1084 3830 1240 3885 novit
1294 3831 1352 3886 in
1406 3840 1598 3886 sancta
1639 3831 1929 3888 Trinitate.

361 3941 378 3972 ι
417 3921 580 3977 Dives
606 3920 660 3976 in
692 3921 972 3978 omnibus.
1010 3941 1029 3976 ι
1059 3920 1302 3980 Ostendit
1327 3923 1606 3980 Christum
1641 3925 1936 3981 vehemen-

355 4025 441 4068 ter
474 4022 720 4069 nostram
757 4015 988 4070 salutem
1015 4023 1296 4087 appetere,
1327 4033 1455 4073 cum
1495 4018 1748 4089 proprias
1779 4017 1934 4074 ducit

354 4105 575 4160 divitias
607 4107 810 4163 multos
841 4107 1066 4164 credere
1100 4124 1164 4164 ac
1200 4111 1380 4166 salvos
1407 4109 1548 4165 ﬁeri.
1581 4111 1697 4167 Hoc
1743 4119 1932 4167 autem

353 4196 484 4252 facit
517 4196 798 4254 instruens
836 4214 933 4254 eos
969 4215 1039 4254 ne
1085 4200 1154 4256 de
1197 4201 1397 4272 seipsis
1439 4202 1754 4272 desperent.
1794 4203 1932 4258 Nam

352 4283 448 4354 qui
470 4299 598 4339 suas
623 4287 775 4342 ducit
803 4286 1019 4344 divitias
1042 4290 1180 4345 alios
1208 4291 1388 4347 salvos
1413 4290 1616 4357 facere,
1649 4309 1931 4362 nunquam

352 4379 705 4434 cunctabitur
729 4384 1267 4451 autprocrastinabit
1287 4384 1353 4438 ad
1375 4385 1716 4440 salvandum.
1756 4403 1775 4437 ι
1811 4385 1934 4442 0m-

350 4469 438 4524 nis
457 4470 604 4524 enim
633 4472 952 4543 quicunque
983 4475 1343 4530 invocaverit.
1381 4495 1399 4528 ι
1449 4477 1507 4531 Si
1547 4477 1747 4541 omnis,
1791 4479 1930 4533 nihil

2032 3375 2134 3429 οὐκ
2163 3372 2244 3427 ἔνι
2280 3373 2463 3445 μέσον.
2502 3371 2675 3426 Τοῦτο
2700 3372 2810 3443 γὰρ
2843 3372 2878 3442 ἡ
2914 3369 3168 3438 διαστολὴ
3233 3361 3486 3419 Ἰουδαίου
3515 3356 3598 3410 καὶ

2034 3465 2270 3522 ὲθνικοῦ.
2309 3487 2328 3518 ι
2387 3465 2445 3519 'O
2483 3465 2592 3535 γὰρ
2656 3464 2819 3528 αὐτὸς
2859 3463 3062 3533 Κύριος
3117 3461 3365 3514 πάντων.
3403 3473 3422 3505 ι
3463 3453 3597 3505 ’Δνω

2034 3560 2165 3632 περὶ
2193 3559 2286 3614 τοῦ
2319 3560 2528 3631 [ἰατρὸς
2555 3559 2739 3629 ἔλεγεν
2763 3573 2777 3588 ⁶
2806 3555 3194 3612 «ἪΊουδαίων
3221 3555 3250 3606 6
3275 3551 3407 3611 Θεὸς

2035 3655 2158 3724 οὐχὶ
2200 3652 2258 3706 δὲ
2283 3654 2378 3707 καὶ
2408 3651 2618 3717 ὲθνῶν;
2654 3671 2671 3702 ι
2701 3650 2815 3704 Νῦν
2842 3649 2899 3704 δὲ
2927 3649 2988 3702 τὸ
3023 3646 3153 3700 αὐτὸ
3187 3645 3320 3716 περὶ
3357 3641 3448 3694 τοῦ
3481 3637 3598 3690 Υἱοῦ

2033 3747 2204 3816 λέγει.
2247 3745 2435 3808 Οὕτως
2466 3744 2566 3798 οὐκ
2597 3739 2706 3797 οἶδε
2735 3742 3002 3812 διαφορὰν
3033 3741 3130 3810 τῆς
3158 3739 3323 3806 ἁγίας
3364 3730 3594 3805 Τριάδοςο

2041 3857 2060 3890 ι
2094 3834 2347 3892 Πλουτῶν
2376 3835 2458 3898 εἰς
2487 3833 2717 3896 πάντας.
2755 3851 2774 3885 ι
2813 3831 3064 3884 Δείκνυσι
3094 3827 3184 3882 τὸν
3211 3823 3448 3898 Χριστον
3488 3816 3601 3887 σφό-

2033 3932 2136 4004 δρα
2185 3928 2474 4000 ἐφιέμενον
2539 3925 2641 3996 τῆς
2707 3923 2985 3995 ἡμετέρας
3045 3919 3360 3990 σωτηρίας,
3415 3916 3595 3976 ὃπουγε

2035 4022 2266 4078 πλοῦτον
2295 4021 2426 4076 [διον
2461 4021 2674 4091 ἡγεῖται
2700 4018 2760 4071 τὸ
2797 4016 3026 4078 πολλοὺς
3053 4012 3350 4066 πιστεῦσαι
3385 4009 3475 4062 καὶ
3507 4023 3598 4058 σω-

2035 4117 2214 4189 θῆναι.
2242 4113 2411 4168 Τοῦτο
2441 4113 2498 4167 δὲ
2531 4114 2696 4178 ποιεῖ,
2727 4109 3003 4166 παιδεύων
3028 4108 3224 4170 αότοὺς
3259 4107 3335 4177 μὴ
3365 4098 3598 4204 ἀπογνώ-

2033 4227 2123 4264 ναι
2157 4207 2389 4262 ἑαυτῶν.
2437 4205 2496 4259 'O
2531 4205 2642 4276 γὰρ
2687 4202 2939 4268 πλοῦτον,
2991 4201 3178 4272 φησιν,
3221 4201 3421 4252 οἰκεῖον
3452 4197 3600 4267 ἡτούς

2037 4321 2196 4375 μενος
2225 4301 2287 4354 τὸ
2333 4300 2548 4364 σώζειν,
2589 4299 2688 4352 οὐκ
2719 4297 2784 4350 ἄν
2816 4312 2948 4349 ποτε
2986 4295 3214 4366 ὀκνήσει,
3254 4291 3288 4365 ἢ
3338 4285 3595 4375 avolsam?

2033 4372 2122 4448 ται
2179 4392 2372 4446 σῶσαι.
2412 4410 2431 4442 ‹
2474 4391 2591 4454 Πᾶς
2623 4390 2732 4460 γὰρ
2794 4389 2854 4452 ὃς
2899 4388 2964 4442 ἂν
3008 4384 3424 4452 ἐπικαλέσηται.
3475 4396 3492 4429 ι
3543 4372 3596 4426 El

2034 4488 2162 4551 πᾶς,
2193 4485 2356 4540 οὐδὲν
2385 4483 2548 4537 πλέον
2575 4482 2791 4552 ἔχουσιν
2836 4479 3082 4534 Ἰουδαῖοι
3107 4478 3217 4532 τῶν
3244 4473 3439 4528 ὲθνῶν·
3471 4468 3597 4540 pip-

351 4561 692 4619 excellentia:
738 4565 948 4621 habent
989 4567 1162 4623 Judaei
1213 4583 1376 4640 supra
1427 4569 1682 4640 gentiles.
1752 4569 1933 4628 Testis

2043 4595 2134 4642 τυς
2157 4577 2216 4632 δὲ
2243 4579 2272 4630 6
2314 4575 2487 4645 Ἰωὴλ,
2509 4577 2536 4628 6
2564 4573 2740 4628 ταῦτα
2762 4572 2958 4641 λέγων.

351 4660 536 4708 autem
560 4663 643 4710 est
669 4655 809 4718 Joel,
837 4657 931 4727 qui
959 4657 1076 4712 haec
1101 4657 1258 4713 dicit.

425 4745 493 4810 X,
555 4749 734 4803 ιιι-18.
795 4747 1064 4814 Quomodo
1117 4751 1281 4821 igitur
1328 4753 1644 4808 invocabunt
1703 4771 1821 4809 eum
1873 4756 1930 4810 in

349 4855 507 4910 quem
545 4855 648 4892 non
676 4839 1062 4894 crediderunt?
1107 4838 1378 4906 Quomodo
1415 4851 1593 4897 autem
1641 4844 1853 4898 credent
1882 4845 1929 4898 ei

349 4948 502 5004 quem
531 4947 634 4985 non
666 4933 993 4988 audierunt?
1026 4932 1296 4999 Quomodo
1333 4951 1452 4990 vero
1490 4935 1704 4992 audient
1737 4939 1930 5009 absque

349 5023 722 5092 prwdicante.’
751 5022 1022 5088 Quomodo
1052 5035 1230 5081 autem
1259 5028 1620 5098 praedicabunt
1649 5031 1754 5085 nisi
1782 5031 1930 5086 missi

351 5115 588 5186 fuerint?
609 5117 742 5170 sicut
762 5118 1018 5188 scriptum
1046 5128 1122 5172 est
1156 5135 1174 5173 :
1205 5120 1382 5185 Quam
1410 5123 1631 5193 speciosi
1655 5124 1806 5193 pedes
1832 5142 1930 5179 an-

350 5209 717 5263 nuntiantium
761 5225 964 5279 pacem,
1012 5214 1448 5268 annuntiantium
1495 5216 1632 5270 bona
1657 5217 1678 5271 .'
1707 5219 1776 5274 Αι
1823 5236 1929 5277 non

349 5317 528 5355 omnes
553 5300 855 5355 obedierunt
902 5299 1214 5374 Evangelia.
1253 5302 1424 5362 Isaias
1457 5309 1594 5363 enim
1627 5311 1790 5366 dicit:
1817 5310 1927 5367 Do-

349 5395 511 5458 mine,
546 5394 662 5464 quis
701 5393 920 5448 credidit
953 5395 1161 5450 auditui
1202 5398 1425 5452 nostra?
1465 5399 1640 5470 Itaque
1687 5401 1818 5470 ﬁdes
1865 5419 1931 5458 ea:

350 5486 538 5549 auditu
563 5497 658 5552 est,
686 5485 899 5540 auditus
923 5496 1098 5542 autem
1127 5507 1221 5561 per
1247 5491 1455 5545 verbum
1490 5492 1606 5547 Dei.
1636 5491 1740 5548 Sed
1768 5497 1883 5550 dico
1908 5513 1929 5552 :

347 5574 601 5649 Nunquid
630 5595 736 5633 non
775 5579 1099 5635 audierunt?
1145 5582 1306 5653 Atqui
1365 5585 1418 5638 in
1465 5601 1673 5640 omnem
1730 5598 1928 5642 terram

351 5671 508 5725 exivit
555 5688 717 5727 sonus
763 5688 968 5740 eorum,
1021 5683 1071 5729 et
1115 5676 1168 5730 in
1211 5675 1347 5745 ﬁnes
1395 5677 1535 5734 orbis
1575 5687 1731 5735 terra:
1772 5681 1928 5736 verba

349 5779 547 5818 carum.

2103 4759 2236 4826 Πῶς
2264 4753 2378 4814 οὖν
2414 4758 2886 4812 ἐπικαλέσονται
2935 4756 3024 4822 είς
3070 4753 3144 4808 ὃν
3171 4754 3284 4807 οὐκ
3331 4746 3597 4803 ἐπίστευ-

2032 4866 2186 4915 σανς
2228 4850 2361 4917 Πῶς
2397 4850 2467 4904 δὲ
2493 4851 2959 4913 πιστεύσουσιν,
3013 4841 3086 4903 οὗ
3140 4846 3254 4899 οὐκ
3303 4841 3596 4936 ἤκουσαςῐ

2032 4942 2164 5011 Πῶς
2190 4943 2259 4997 δὲ
2293 4944 2632 4998 ἁκούσουσι
2661 4941 2839 5012 χωρὶς
2869 4940 2975 4995 τοῦ
3001 4938 3454 5007 κηρύσσοντος;
3481 4931 3598 4992 Πῶς

2031 5036 2100 5110 δὲ
2127 5037 2524 5104 κηρύξουσιν,
2562 5033 2672 5088 ἐὰν
2699 5033 2786 5104 μὴ
2819 5029 3253 5094 ἁποσταλῶσις
3283 5024 3477 5090 καθὼς
3515 5021 3596 5090 νέ-

2031 5145 2304 5202 ῃοαπται,
2343 5129 2439 5196 Ὠς
2469 5129 2669 5196 ὡραῖοι
2701 5131 2754 5183 οι
2800 5127 2984 5192 πόδες
3016 5124 3135 5178 τῶν
3171 5113 3596 5191 suam-6.11611!-

2029 5239 2154 5277 νων
2205 5221 2476 5292 εῖρήνην,
2531 5221 2651 5276 τῶν
2692 5215 3233 5291 εὐαγγελιζομένων
3261 5217 3334 5268 τὰ
3381 5205 3596 5280 ἀγαθὰἰ

2043 5314 2198 5368 Ἀλλ’
2251 5314 2325 5368 οὐ
2387 5311 2614 5378 πάντες
2680 5310 3048 5380 ὑπήκουσαν
3101 5307 3181 5372 τῷ
3239 5299 3593 5398 Edonii/ty;

2046 5405 2285 5472 Ἡσαΐας
2338 5405 2450 5476 γὰρ
2495 5405 2688 5475 λέγει’
2746 5405 2943 5473 Κύριε,
3005 5402 3096 5468 τίς
3151 5400 3478 5454 ἐπίστευσε
3526 5406 3590 5455 τη

2030 5497 2186 5564 ἀκοῇ
2213 5495 2413 5566 ἡμῶν;
2448 5498 2600 5564 Ἀρα
2635 5496 2672 5563 ἡ
2705 5497 2913 5560 πίστις
2951 5494 3021 5559 ἐξ
3056 5492 3264 5562 ἀκοῆς,
3293 5492 3333 5559 ἠ
3359 5488 3426 5543 δὲ
3451 5480 3589 5547 ἀκοὴ

2030 5589 2128 5644 διὰ
2156 5590 2426 5659 ῥήματος
2451 5588 2621 5644 Θεοῦ.
2662 5590 2847 5644 Ἀλλὰ
2871 5591 3061 5659 λέγωο
3108 5589 3206 5658 Μὴ
3255 5589 3369 5641 οὐκ
3421 5583 3590 5652 ἥκοιε-

2030 5697 2188 5745 σαν;
2230 5682 2460 5751 μενοῦν
2492 5699 2556 5752 γε
2582 5684 2670 5749 είς
2713 5681 2924 5739 πᾶσαν
2963 5682 3076 5751 τὴν
3110 5681 3226 5752 γῆν
3271 5679 3526 5746 ἐξῆλθεν
3558 5673 3588 5726 ό

2030 5775 2288 5842 φθόγγος
2315 5771 2533 5836 αὐτῶν,
2559 5773 2658 5827 καὶ
2701 5775 2790 5838 εις
2823 5773 2894 5828 τὰ
2924 5773 3146 5844 πέρατα
3188 5770 3295 5840 τῆς
3337 5765 3586 5836 olitova-

2034 5881 2138 5931 γης
2175 5863 2246 5916 τὰ
2265 5864 2505 5932 ῥήματα
2535 5860 2754 5918 αὐτῶν.
