3880 6554
219 404 306 467 at
1216 390 1609 452 COMMENI‘.
1639 389 1719 450 1N
1761 388 2000 453 EPIST.
2035 393 2135 454 AD
2185 391 2364 454 non.
3301 392 3409 456 534

273 515 412 578 Εῐπε,
446 533 462 564 ι
493 514 599 575 ua;
623 510 678 574 ὃς
706 509 769 563 ἂν
799 508 1188 579 ἐπικαλέσηται
1213 509 1274 562 τὸ
1298 510 1469 579 ὄνομα
1501 507 1728 580 Κυρίου,
1763 513 1805 566 Δ

1910 510 2094 573 Dixit.
2152 531 2168 561 ι
2228 511 2419 568 Omnis
2469 509 2785 580 quicunque
2829 508 3168 562 invocaverit
3213 524 3411 565 nomen

216 611 502 679 σωθήσεται.
546 625 564 658 ι
601 605 720 668 Πῶς
748 603 1037 672 τοιγαροῦν
1062 604 1213 656 ἔσται
1245 603 1430 664 αὐτοῖς
1458 600 1734 670 ἐπιτυχεῖν

1879 600 2076 664 omini,
2109 601 2291 655 salvus
2322 601 2448 656 erit.
2487 618 2507 652 ι
2539 599 2658 666 Quo
2687 598 2871 666 itaque
2913 607 3070 665 parto
3107 594 3222 651 ﬁeri
3252 605 3411 666 pote-

214 705 304 757 τῶν
332 699 418 754 τοῦ
467 699 734 769 προφήτου
788 696 1049 769 ῥημάτων
1082 692 1392 764 ἀνθρώποις
1442 689 1734 745 πιστεῦσαι

1889 700 1991 746 tut
2023 694 2301 762 prophetae
2334 693 2498 748 verba
2545 691 2846 749 'sortiantur
2885 687 3140 744 effectum
3173 686 3413 742 homini-

215 796 278 867 μὴ
325 793 625 860 θελήσασιν;
671 790 910 852 Ἐαυτοῖς
964 787 1256 857 τοιγαροῦν
1307 783 1732 856 μεμφέσθωσαν.

1878 796 1942 836 us
1980 781 2206 836 credere
2239 782 2590 838 nolentibus?
2636 781 2858 851 Seipsos
2903 777 3067 849 igitur
3108 785 3366 832 accusent
3397 793 3409 828 :

223 865 558 938 ’Ᾰποκλείουσι
605 880 713 950 γὰρ
762 879 859 950 τὴν
915 877 1191 948 σωτηρίαν
1251 877 1344 946 ἀφ’
1395 874 1625 929 ἑαυτῶν.
1666 903 1737 914 -

1882 888 1970 927 am
2012 873 2244 929 salutem
2285 891 2314 928 a
2345 873 2656 942 semetipsis
2695 867 3206 928 excludunt.—Alio
3239 865 3409 920 modo.

215 980 427 1040 Ἄλλως.
461 971 658 1044 [ΦΩΤ.]
683 971 817 1026 Λίαν
852 970 1088 1024 ἐνταῦθα
1120 968 1618 1042 σιιμπεπλεγμένας
1647 967 1738 1021 ὲν-

1879 963 1955 1018 loc
2006 963 2128 1019 loco
2177 973 2388 1020 mentes
2437 972 2816 1020 consternatas
2863 961 3156 1018 admodum
3217 956 3411 1027 erigit,

209 1067 332 1130 vota;
367 1063 678 1134 συνεγείρει,
717 1062 815 1116 καὶ
843 1062 1163 1133 θαυμασίως
1194 1060 1456 1130 προάγει.
1501 1057 1737 1113 Πλοῦτον

1881 1053 2007 1127 ιω
2066 1063 2122 1110 et
2168 1055 2330 1126 miro_
2361 1059 2524 1112 modo
2577 1056 2848 1126 procedit.
2906 1052 3158 1115 Divitias,
3195 1049 3413 1128 inquit,

209 1161 412 1230 ἡγεῖται,
439 1156 618 1225 φησὶν,
649 1155 676 1206 ὁ
707 1154 962 1224 Χριστὸς,
1002 1152 1063 1207 τὸ
1107 1153 1396 1206 πιστεῦσαι
1432 1151 1527 1204 καὶ
1558 1148 1738 1219 σωθῆ-

1890 1149 2003 1204 ucit
2035 1164 2155 1205 esse
2189 1149 2447 1206 Christus
2478 1156 2538 1204 ut
2573 1149 2765 1204 credas
2793 1156 2848 1203 et
2876 1148 3058 1203 salvus
3101 1145 3216 1200 llas.
3245 1143 3416 1197 Omne

208 1227 280 1300 ναί
305 1263 376 1309 σε,
402 1244 536 1297 ὥστε
570 1244 630 1297 τὸ
652 1242 760 1296 ἀπό
783 1260 847 1310 γε
877 1242 971 1295 τοῦ
1013 1241 1272 1314 Χριστοῦ,
1315 1240 1461 1295 ἅπαν
1492 1241 1735 1308 γέγονεν.

1885 1258 2036 1312 ,aque
2075 1244 2356 1314 negotium
2387 1227 2667 1299 a\Christo
2699 1241 3002 1312 perfectum
3038 1248 3141 1294 est.
3174 1238 3270 1293 Vis
3289 1252 3417 1306 erga

205 1337 363 1398 Θέλεις
392 1332 481 1390 οὖν
508 1334 780 1403 σωθῆναι;
813 1332 1139 1387 ὲπικάλεσαι
1167 1332 1256 1386 τὸν
1289 1330 1542 1402 Χριστόν.
1581 1328 1737 1382 Ἀλλὰ

1887 1333 2026 1387 tlvus
2049 1332 2226 1388 eilici?
2255 1333 2448 1388 invoca
2473 1330 2994 1400 ChristumJNerum
3021 1329 3274 1383 invocare
3304 1325 3419 1379 vis?

207 1431 350 1491 θέλεις
376 1425 821 1490 ὲπικαλὲσασθαι;
867 1423 1159 1478 πιστεῦσαι
1190 1422 1270 1474 δεῖ
1316 1423 1601 1493 πρότερον.
1639 1418 1739 1472 Θέ-

1888 1423 2067 1480 redere
2097 1425 2250 1494 prius
2283 1432 2520 1494 Oportet.
2558 1424 2654 1480 Vis
2683 1432 2865 1478 autem
2896 1420 3156 1476 credere?
3181 1433 3317 1487 opus
3337 1427 3420 1470 est

203 1521 296 1580 λεις
317 1519 368 1572 δὲ
391 1516 708 1584 πιστεῦσαις
738 1516 970 1570 ἀκοῦσαι
999 1517 1080 1569 δεῖ
1104 1513 1369 1584 πρότερον
1398 1514 1488 1566 τοῦ
1529 1531 1597 1583 κη
1610 1511 1735 1583 ρύγ-

1993 1528 2080 1567 um
2123 1513 2315 1568 audire
2361 1513 2827 1584 praedicationem.
2887 1511 2957 1565 At
3007 1507 3420 1580 praedicatorem
3523 1541 3525 1544 ι

206 1627 368 1680 ματος.
405 1608 559 1662 Ἀλλὰ
577 1608 668 1660 τὸν
692 1606 1036 1678 κηρύσσοντα
1079 1606 1262 1677 ζητεῖς
1285 1623 1298 1671 ;
1347 1606 1453 1659 ἰδοὺ
1480 1604 1586 1673 ἐγὼ
1609 1602 1738 1674 βοῶ.

1886 1606 2088 1661 meris?
2133 1607 2276 1662 Ecce
2321 1622 2422 1679 ego
2472 1607 2669 1661 clamo.
2715 1605 2916 1661 Verum
2967 1603 3183 1672 ignoras
3238 1609 3418 1654 utrum

215 1703 332 1757 Ἀλλ’
366 1704 571 1770 ἀγνοεῖς
600 1703 650 1754 εἰ
679 1699 1030 1771 ἀπέσταλμαι
1065 1699 1395 1770 κηρύσσειν;
1435 1695 1743 1767 προφητεία

1892 1698 1908 1750 l
1932 1697 2341 1768 praedicandum
2372 1698 2575 1754 missus
2592 1696 2734 1752 sim?
2760 1696 3049 1767 prophetia
3076 1701 3158 1748 est
3184 1708 3212 1746 e
3238 1705 3424 1760 super.

203 1798 329 1851 ἐστιν
348 1796 542 1852 ἄνωθεν
568 1793 730 1848 τοῦτο
758 1792 1132 1866 κηρύσσουσα,
1159 1793 1240 1844 ὅτι
1269 1792 1330 1844 οὐ
1369 1789 1530 1861 μόνον
1563 1786 1735 1859 κηρύ-

1891 1789 1930 1845 is
1961 1790 2063 1845 hoc
2104 1789 2458 1854 annuntians,
2487 1790 2634 1862 quod
2673 1805 2784 1845 non
2819 1797 3031 1843 tantum
3074 1781 3423 1856 praedicaturi

207 1890 329 1955 ξουσι
355 1888 444 1942 καὶ
467 1886 914 1957 εὐαγγελίσονται
942 1884 1041 1956 τὴν
1075 1883 1347 1954 σωτηρίαν
1374 1882 1465 1936 καὶ
1495 1883 1739 1952 εἰρήνην,

1891 1883 2313 1939 Lannuntiaturi
2357 1891 2544 1939 essent
2589 1882 2820 1938 salutem
2868 1890 2924 1935 et
2970 1893 3186 1950 pacem,
3235 1890 3423 1931 verum

205 1979 393 2033 ἀλλ’ὅτι
425 1975 515 2030 καὶ
549 1974 767 2045 μεγάλα
798 1973 893 2026 καὶ
939 1965 1199 2040 ὑπερφυῆ
1238 1967 1610 2035 ἐξανύσουσιν.
1655 1966 1737 2030 Ὧς

1898 1974 2012 2029 .iam
2047 1989 2241 2044 magna
2270 1989 2334 2028 ac
2384 1973 2587 2029 eximia
2613 1971 2914 2044 peracturi.
2955 1970 3128 2036 Quam
3167 1965 3430 2036 speciosi,

210 2071 371 2142 ὡραῖοι
396 2069 500 2138 γὰρ
520 2068 570 2120 οἱ
600 2067 763 2130 πόδες
789 2066 899 2118 τῶν
928 2063 1096 2118 ὲπ“ιτὸ
1124 2063 1389 2132 κήρυγμα
1417 2059 1742 2130 τρεχόντων,

1899 2067 2046 2137 ιιιυῑι,
2078 2067 2247 2137 pedes
2275 2081 2469 2122 eorum
2499 2064 2597 2135 qui
2628 2064 2694 2119 ad
2735 2061 3140 2134 pradicandum
3173 2066 3431 2118 currunt.

208 2163 334 2234 φησι,
361 2160 462 2215 τῶν
491 2159 552 2213 τὸ
584 2158 918 2227 Εύαγγέλιον
945 2153 1416 2225 καταγγελλόντων
1441 2154 1454 2205 l
1493 2151 1630 2205 ὥστε
1659 2152 1740 2204 ού-

1901 2158 1944 2212 1i
1976 2157 2333 2228 Evange-Iium
2376 2155 2729 2211 annuntiant.
2777 2154 2975 2209 Nullus
3027 2152 3212 2221 itaque
3269 2148 3433 2203 vobis

204 2253 340 2323 δεμία
366 2252 628 2323 πρόφασις
654 2251 785 2320 ύμῖν
807 2247 902 2302 τοῦ
934 2248 1192 2318 σωθῆναι.
1229 2265 1247 2298 ι
1287 2245 1409 2308 Πῶς
1440 2245 1494 2297 δὲ
1528 2242 1736 2296 πιστεύ·

1954 2258 2146 2305 :textus
2190 2258 2271 2304 est
2323 2248 2458 2319 quin
2508 2249 2640 2304 salvi
2689 2245 3023 2302 eﬂiciamini.
3076 2263 3094 2296 ι
3142 2240 3428 2310 Quomodo
3478 2247 3486 2271 ‘

209 2361 396 2410 σουσιν;
437 2362 455 2396 ι
492 2342 651 2398 Κατὰ
695 2341 756 2395 τὸ
802 2341 1096 2396 ἀκόλουθον
1145 2337 1254 2408 γὰρ
1292 2337 1386 2389 καὶ
1420 2335 1576 2388 τοῦτο
1611 2352 1741 2405 συμ-

1897 2352 2030 2398 item
2065 2341 2318 2398 credent.
2356 2360 2373 2392 ι
2410 2341 2545 2396 Nam
2576 2341 2729 2412 juxta
2759 2337 3211 2409 consequentiam
3241 2344 3296 2390 et
3323 2335 3429 2389 hoc

207 2436 371 2490 ϐαίνει.
408 2453 425 2486 ι
464 2435 686 2504 Ἐπειδὴ
715 2434 823 2504 γὰρ
854 2432 959 2486 τῶν
983 2430 1148 2485 αὑτοῦ
1171 2429 1343 2498 λόγων
1379 2427 1612 2481 ἀκοῦσαι
1648 2427 1739 2480 οὐκ

1895 2435 2071 2489 :cizlit.
2108 2435 2340 2502 Quando
2373 2451 2503 2507 ergo
2535 2450 2820 2491 sermones
2859 2435 2977 2504 ejus
3004 2431 3196 2487 audire
3233 2429 3427 2484 nolue-

209 2525 588 2596 ἠϐουλήθησαν,
649 2525 877 2589 εἰκότως
925 2524 1048 2579 οὐδὲ
1104 2523 1449 2577 ἐπίστευσαν.
1502 2539 1519 2571 ι
1567 2519 1741 2590 Χωρὶς

1904 2536 1980 2589 ιιι,
2007 2527 2204 2582 merito
2228 2526 2394 2582 etiam
2422 2543 2530 2583 non
2555 2526 2929 2582 crediderunt.
2980 2541 2998 2576 ι
3037 2523 3257 2593 Absque
3291 2536 3427 2591 pra:-

209 2618 558 2687 κηρύσσοντος.
600 2637 618 2670 ι

606 2637 618 2670 ι
1849 2618 2085 2675 dicante.
2122 2639 2138 2671 ι

267 2709 544 2778 Τοιγαροῦν
581 2710 722 2775 ἰδοὺ,
783 2711 948 2780 φησι,
998 2709 1289 2776 κηρύσσω,
1347 2710 1436 2764 καὶ
1474 2710 1748 2780 προσῆκον

1921 2713 2106 2782 Itaque
2156 2729 2306 2779 ecce,
2348 2712 2546 2782 inquit,
2600 2727 2701 2784 ego
2745 2710 3024 2782 pradico:
3075 2726 3172 2767 vos
3213 2702 3429 2781 quoque

207 2801 325 2868 ὑμᾶς
355 2800 620 2870 ἀναισχὲσο
632 2820 687 2854 ;.ι
711 2802 815 2853 τῶν
841 2802 1010 2869 λόγων
1036 2803 1127 2854 καὶ
1149 2803 1254 2855 τῶν
1278 2803 1535 2870 ἐλέγχων.
1567 2823 1584 2869 ι
1624 2803 1739 2855 Ἐὰν

1897 2822 2062 2876 quum
2099 2817 2184 2861 est
2223 2806 2364 2860 ferre
2395 2820 2680 2860 sermones
2711 2819 2775 2859 ac
2799 2805 3229 2875 obiurgationes.
3265 2824 3282 2854 ι
3313 2804 3429 2859 Nisi

208 2892 267 2962 μὴ
292 2892 652 2946 ἁποσταλῶσε.
706 2913 724 2946 ›
763 2891 1043 2946 Δείκνυσιν
1089 2894 1170 2946 ὅτι
1202 2895 1301 2946 οὐκ
1327 2895 1383 2959 ἐξ
1417 2893 1622 2957 οἰκείας
1653 2895 1740 2947 αύ-

1900 2897 2002 2951 .issi
2045 2896 2270 2950 fuerint.
2304 2914 2323 2948 ι
2372 2895 2627 2951 Ostendit
2650 2895 2797 2965 quod
2827 2910 2938 2950 non
2965 2896 3186 2966 prepria
3221 2896 3432 2950 venerit

205 2983 411 3047 θεντείας
439 2980 597 3054 ἦλθεν
638 2985 716 3044 είς
761 2985 821 3038 τὸ
853 2985 1084 3055 κηρύξαι
1117 2986 1322 3048 αὐτοῖς,
1357 2986 1470 3038 ἀλλ’
1502 2987 1737 3040 ἀποστα·

1897 2987 2177 3042 uctoritate
2207 2994 2267 3040 ut
2303 2984 2414 3041 illis
2441 2986 2782 3056 praedicaret,
2835 2987 2928 3040 sed
2975 2985 3177 3039 missus
3209 3002 3238 3038 a
3269 2983 3429 3039 Chri-

203 3073 294 3136 λεὶς
321 3076 457 3144 παρὰ
491 3074 764 3145 Χριστοῦ,
789 3075 965 3144 τούτῳ
993 3074 1186 3129 ἑαυτὸν
1211 3078 1522 3142 ἀξιᾶπιστον
1558 3077 1735 3133 ποιῶν.

1899 3094 1934 3130 κο
1960 3095 1974 3132 :
2002 3094 2100 3149 per
2125 3078 2228 3132 hoc
2248 3077 2491 3148 seipsum
2529 3076 2630 3130 (ide
2661 3075 2885 3147 dignum
2916 3074 3181 3132 elIicieus.
3221 3094 3238 3127 ι
3277 3074 3431 3130 Sicut

209 3180 223 3211 ι
252 3161 422 3225 liam)»;
454 3165 794 3234 γέγραπται.
829 3183 846 3215 ι
900 3165 976 3217 Οὐ
1027 3165 1208 3233 μόνον,
1257 3168 1444 3236 φησὶν,
1478 3167 1741 3221 ἀπέσταλ-

1895 3170 2122 3240 :riptum
2161 3179 2266 3225 est.
2309 3187 2327 3220 ι
2371 3168 2489 3223 Νοη
2536 3168 2712 3222 solum
2747 3207 2762 3231 ,
2802 3166 3000 3236 inquit,
3043 3165 3242 3221 missus
3286 3181 3427 3227 sum.

207 3271 304 3324 μαι,
350 3255 474 3308 ἀλλὰ
526 3257 634 3309 καὶ
681 3256 844 3310 πάλαι
898 3256 960 3309 τὸ
1010 3257 1118 3310 δεῖν
1149 3259 1452 3330 ἀποστολὴν
1501 3260 1739 3328 γενέσθαι

1899 3262 1988 3317 uin
2031 3261 2198 3316 etiam
2250 3261 2360 3332 jam
2408 3257 2539 3313 olim
2586 3259 2906 3329 praedictum
2958 3269 3078 3314 erat
3116 3258 3431 3312 missionem

203 3349 481 3419 προείρητο.
511 3350 869 3416 ἊΞιόπιστος
911 3351 1005 3405 οὖν
1031 3351 1166 3420 ¹κατ’
1215 3353 1403 3424 ἄμφω,
1453 3354 1513 3408 ἐκ
1549 3373 1608 3409 τε
1654 3356 1735 3426 τῆς

1903 3351 1977 3406 eri
2029 3358 2312 3421 oportere.
2367 3349 2447 3404 Ex
2477 3359 2710 3418 utroque
2747 3347 2912 3419 igitur
2960 3347 3066 3403 [ide
3120 3349 3315 3420 dignus
3351 3359 3435 3404 cst

203 3439 491 3510 ἀποστολῆς,
543 3442 622 3495 ἐκ
647 3459 706 3494 τε
748 3441 843 3496 τοῦ
900 3444 1236 3513 προωρίσθαι
1276 3447 1374 3514 τὴν
1423 3447 1729 3518 ἀποστολήν

1908 3460 1969 3500 tm
1995 3443 2140 3514 quod
2172 3441 2372 3496 missus
2423 3441 2514 3506 sit,
2559 3451 2672 3496 tum
2714 3441 2859 3512 quod
2901 3441 3011 3510 1am
3061 3440 3190 3493 olim
3245 3439 3440 3494 missio.

209 3550 222 3581 ι
261 3532 339 3595 Ὠς
365 3533 546 3605 ὡραῖοι
575 3534 640 3588 oi.
680 3534 858 3596 πόδεςί
900 3555 918 3587 ο
955 3536 1018 3588 Οἱ
1048 3536 1204 3599 πόδες
1242 3537 1421 3590 αὐτῶν
1453 3539 1741 3607 ἐνεκωμιὲι⁴

1905 3535 2196 3592 raedeﬁnita
2221 3533 2407 3589 fuerit.
2439 3555 2455 3585 ι
2487 3535 2659 3601 Quam
2683 3533 2921 3604 speciosi.
2942 3531 3127 3602 pedes!
3163 3552 3182 3584 ι
3208 3532 3437 3586 Ιιιοτιιηιι

207 3623 405 3697 σθησαν,
443 3628 531 3681 διὰ
558 3627 664 3681 τὸν
696 3627 790 3680 τοῦ
821 3626 1173 3696 κηρύγματος
1221 3628 1442 3699 τρόπον,
1473 3629 1739 3698 εὐαγγελι-

1902 3631 2023 3686 edcs
2057 3628 2262 3684 laudati
2290 3635 2458 3692 sunt,
2487 3636 2711 3698 propter
2757 3624 2978 3682 modum
3032 3625 3434 3692 prtclicationis

204 3716 417 3785 ζομένων
443 3719 552 3772 τῶν
584 3716 915 3772 ἀποστόλων
943 3719 1184 3788 εἰρήνην,
1215 3721 1380 3789 ἤγουν
1406 3719 1736 3791 καταλλαγὴ·

1902 3723 2252 3794 postolorum,
2290 3721 2382 3791 qui
2420 3720 2824 3774 annuntiabant
2870 3734 3057 3788 pacem
3092 3720 3206 3773 sive
3240 3734 3434 3772 recon-

203 3805 286 3879 τὴν
329 3809 415 3863 τοῦ
475 3809 622 3864 Θεοῦ
680 3809 816 3881 πρὸς
868 3809 1212 3881 ἀνθρώπους,
1260 3811 1354 3864 καὶ
1401 3812 1469 3865 τὰ
1523 3816 1580 3864 ὲν
1618 3814 1735 3883 αὐτῇ

1916 3813 2190 3868 Iiationem
2225 3813 2321 3867 Dci
2366 3828 2497 3881 erga
2527 3811 2800 3870 homines.
2834 3821 2888 3865 et
2933 3811 3074 3865 bona
3119 3826 3240 3880 quae.
3285 3809 3448 3865 inea.

208 3901 382 3967 ἀγαθά.
418 3903 475 3956 Εἰ
506 3903 692 3956 τοίνυν
739 3903 911 3964 ἄλλως
945 3903 1046 3956 οὐκ
1088 3899 1157 3973 ἦν
1186 3904 1473 3958 πιστεῦσαι
1502 3905 1623 3976 δίχα
1660 3905 1740 3959 τοι

1917 3912 2007 3959 ιηι.
2045 3904 2232 3972 Itaque
2261 3903 2304 3956 si
2331 3902 2489 3955 aliter
2520 3903 2747 3956 credere
2775 3917 2884 3956 non
2921 3910 3174 3970 poterant
3202 3901 3314 3955 nisi
3341 3916 3449 3954 au»-

211 3995 438 4064 κηρύξαι,
471 3997 816 4066 κεκήρυκται
853 3994 910 4046 δὲ
943 3996 1036 4048 καί
1073 3995 1333 4066 ἤκουσαν,
1366 3995 1589 4066 εὔδηλον
1628 3995 1703 4060 ὡς
1731 3999 1743 4049 ε

1911 4004 2039 4051 rent
2065 4005 2120 4049 ct
2147 3995 2249 4048 nisi
2280 3995 2360 4048 eis
2385 3994 2776 4063 prtia-liceretur
2805 4001 2926 4047 :est
2951 4001 3129 4047 autem
3160 3993 3266 4047 illis
3297 4009 3443 4062 praes

210 4085 322 4149 Θεὸς
351 4088 441 4156 μὲν
473 4089 627 4142 οὐδὲν
681 4087 1014 4147 ἐκλέλοιπεν,
1060 4089 1108 4140 οἱ
1136 4088 1192 4140 δὲ
1227 4089 1301 4157 μὴ
1348 4088 1735 4152 πιστεύσαντες

1899 4088 2100 4142 icatum
2131 4093 2187 4140 et
2221 4084 2556 4139 audierunt:
2608 4084 2770 4154 plane
2796 4084 3146 4138 manifestum
3178 4093 3264 4138 est
3285 4087 3430 4152 quod

213 4176 398 4241 ἑαυτοῖς
450 4178 874 4249 μεμφέσθωσαν.
916 4196 935 4230 ι
995 4178 1138 4230 Ἀλλ’
1181 4179 1244 4231 οὐ
1290 4179 1490 4243 πάντες
1523 4181 1745 4250 ι’)πήκου⁴

1902 4193 2006 4234 ιουε
2041 4175 2176 4230 nihil
2208 4173 2620 4245 praetermiserit
2647 4191 2660 4228 :
2696 4173 2733 4228 ii
2764 4190 2895 4229 vero
2923 4174 3016 4244 qui
3047 4190 3157 4230 non
3186 4174 3434 4230 credide-

217 4284 317 4323 σαν.
353 4289 370 4321 ι
414 4271 632 4341 Ἐπειδὴ
688 4270 843 4323 τοῦτο
895 4271 1044 4339 αύτῷ
1091 4270 1392 4330 ἀντέκειτο.
1437 4272 1519 4324 ὅτι
1562 4273 1624 4326 Εἰ
1658 4271 1749 4326 ἀπε

1903 4279 2013 4335 unt,
2061 4269 2128 4324 de
2173 4266 2369 4338 seipsis
2433 4275 2864 4336 conquerantur.
2925 4284 2945 4318 ι
2983 4269 3050 4321 At
3091 4283 3198 4321 non
3246 4283 3435 4322 omnes

214 4357 330 4412 Θεοῦ
354 4363 720 4433 ἁπεστάλητε,
750 4361 839 4414 διὰ
882 4361 932 4414 τί
970 4361 1044 4431 μὴ
1092 4362 1292 4425 πάντες
1340 4357 1656 4434 ύπῆκουσαν
1688 4363 1746 4436 τι]

1903 4363 2212 4419 bediernnt.
2253 4381 2271 4413 ι
2301 4359 2574 4428 Quoniam
2617 4359 2722 4415 hoc
2756 4359 2858 4430 ipsi
2889 4359 3312 4428 adversabatur;
3349 4360 3435 4416 di-

211 4449 536 4520 Εύαγγελίῳ;
567 4455 755 4523 φησιν,
783 4454 865 4506 ὅτι
893 4453 1165 4507 καὶτοῦτο
1194 4453 1299 4523 πρὸ
1327 4455 1521 4508 πολλοῦ
1544 4456 1736 4527 ἐλέχθη

1905 4463 2055 4510 ercnt
2082 4453 2230 4508 enim
2258 4470 2271 4507 :
2305 4451 2362 4508 Si
2389 4467 2420 4507 a
2453 4450 2562 4507 Deo
2589 4451 2741 4507 missi
2775 4451 2939 4514 estis,
2965 4467 3135 4517 quare
3178 4469 3289 4508 non
3317 4469 3437 4507 om-

211 4539 274 4591 Τὺ
291 4540 362 4607 δὲ,
390 4541 615 4614 «Κύριε,
641 4543 724 4606 τίς
749 4544 1124 4607 ὲπίστευσεν,›
1151 4543 1411 4606 ἀντὶτοῦ,
1445 4546 1738 4610 σπανιάκις

1907 4563 1966 4602 es
2006 4545 2337 4602 obedierunt
2379 4543 2712 4616 Evangelio?
2760 4543 2894 4600 dicit
2935 4545 3081 4615 quod
3126 4543 3232 4601 hoc
3274 4546 3439 4602 etiam

209 4631 378 4702 ὀλίγοι.
403 4636 503 4690 Διὰ
545 4637 656 4706 γὰρ
695 4635 755 4689 τὺ
791 4631 932 4690 εἶναι
955 4637 1119 4706 ,ἡμᾶς
1145 4637 1548 4704 αύτεξουσίους,
1576 4638 1741 4694 ούδένι

1908 4637 2042 4694 mito
2093 4645 2221 4693 ante
2252 4634 2461 4691 dictum
2529 4635 2623 4690 sit.
2664 4655 2682 4688 ι
2722 4634 2974 4695 Domine.
3016 4635 3142 4706 quis
3171 4636 3440 4691 credidit?

213 4741 331 4793 προς
364 4727 483 4796 βίαν
519 4729 646 4797 ἄγει
675 4727 704 4780 ὁ
729 4727 883 4791 Θεός.
935 4727 1164 4791 Ἡσαΐας
1195 4728 1307 4798 γὰρ
1332 4727 1502 4796 λέγει’
1536 4746 1554 4781 ι
1591 4728 1745 4800 Κύριε

1911 4747 1923 4781 ι
1969 4729 2048 4784 Ac
2115 4726 2163 4782 si
2226 4725 2374 4781 dicat
2409 4740 2537 4780 raro
2576 4725 2666 4782 vel
2729 4725 2910 4796 pauci.
2963 4727 3098 4782 Nam
3161 4743 3286 4782 cum
3340 4740 3443 4782 nos

210 4815 283 4880 τίς
313 4819 600 4874 ἐπίστευσε
628 4820 695 4889 τῇ
739 4819 874 4889 ἀκοῇ
911 4819 1105 4888 ἠμῶν;
1143 4837 1161 4869 ι
1203 4819 1264 4872 Εἰ
1298 4817 1457 4872 τοῦτό
1493 4836 1576 4886 σε,
1608 4820 1742 4890 φησι

1912 4823 2103 4878 herum
2135 4820 2436 4875 habeamus
2465 4818 2782 4884 arbitrium,
2819 4817 3096 4875 neminem
3129 4829 3316 4876 coacte
3343 4820 3444 4876 du-

215 4912 532 4978 σκανδαλίζει
561 4913 624 4968 τὸ
657 4912 734 4982 μὴ
764 4911 969 4973 πάντας
1002 4912 1330 4976 ὑπακοῦσαι,
1364 4911 1497 4965 αὐτό
1524 4928 1585 4966 σε
1609 4913 1747 4966 τοῦτ‹

1923 4923 1945 4969 ι
1979 4914 2148 4968 Deus.
2174 4911 2341 4966 Isaias
2370 4909 2517 4966 enim
2548 4910 2722 4966 dicit:
2781 4928 2800 4962 ι
2836 4910 3087 4975 Domine,
3111 4910 3238 4981 quis
3263 4913 3454 4968 credi;

214 5003 482 5058 πιστεῦσαι
510 5006 775 5068 πεισάτω,
807 5003 997 5074 ἐπειδὴ
1023 5001 1344 5074 πφελέχθη,
1373 5002 1447 5066 ὡς
1477 5003 1539 5056 ού
1569 5003 1746 5058 πάντες

1922 5004 1993 5060 Lt?
2027 5023 2045 5056 ι
2082 5001 2243 5075 345
2288 5000 2346 5057 Si
2383 5009 2457 5068 te,
2495 4999 2696 5071 inquit,
2740 4999 2848 5055 hoc
2887 4999 3120 5056 oil'endit
3156 5003 3302 5072 quod
3333 5019 3454 5059 non

216 5095 601 5151 πιστεύσουσιν.

1911 5109 2066 5150 mnes
2114 5093 2472 5149 crediderunt
2508 5108 2528 5148 ι
2555 5093 2608 5147 id
2639 5093 2819 5162 ipsum
2868 5093 2966 5148 tibi
3007 5096 3329 5164 persuadeat
3375 5093 3443 5150 ad

213 5193 556 5260 credendum,
583 5193 840 5264 quoniam
871 5191 1187 5262 praedictum
1228 5189 1332 5245 fuit
1358 5189 1502 5260 quod
1529 5204 1641 5245 non
1673 5199 1857 5246 essent
1881 5205 2073 5246 omnes
2094 5185 2379 5243 credituri.

285 5303 303 5336 ι
344 5286 483 5356 "Aps
530 5287 566 5355 ἡ
615 5285 798 5347 πίστις
848 5282 908 5348 ἐξ
954 5283 1142 5351 ἀκοῆς.
1182 5299 1200 5333 ι
1251 5281 1469 5352 Ἐπειδὴ
1507 5281 1597 5336 ἀεὶ
1652 5281 1779 5336 Ἰου-

1954 5299 1974 5333 ι
2040 5280 2225 5350 Itaque
2281 5277 2414 5334 ﬁdes
2490 5293 2555 5331 ex
2603 5278 2792 5332 auditu
2849 5287 2948 5334 est.
3020 5296 3037 5328 ι
3098 5278 3453 5348 ριιιιιιάυψιὶι

216 5375 565 5450 δαῖοισημεῖα
622 5375 939 5447 ἐπεζήτουν,
992 5376 1262 5446 πρόφασιν
1320 5372 1500 5428 λαϐὼν
1549 5373 1612 5428 τὸ
1642 5392 1747 5447 προ

1920 5387 2005 5430 em
2065 5386 2282 5442 semper
2334 5369 2506 5426 Judaei
2576 5369 2731 5442 signa
2798 5369 3174 5441 requirebant,
3235 5381 3452 5440 sumpta

221 5469 457 5538 ςιητικὺν.
532 5469 783 5542 ἐντρέπει
869 5467 1066 5531 αὐτοὺς
1148 5465 1224 5529 ὡς
1280 5465 1341 5519 ού
1407 5465 1514 5537 χρὴ
1574 5469 1753 5537 σημεῖέ

1918 5463 2171 5521 ccasione
2219 5477 2288 5517 ex
2320 5461 2468 5517 dicto
2515 5461 2840 5550 prophetico
2891 5462 3148 5518 admonet
3184 5479 3280 5518 eos
3305 5464 3450 5532 quod

221 5557 504 5629 ιπιζητεῖν.
548 5561 612 5614 Ἦ
666 5562 776 5632 γὰρ
835 5559 1038 5623 πίστις,
1089 5557 1165 5621 ὼς
1205 5558 1421 5625 ὁρᾶται,
1469 5557 1530 5622 ἑξ
1586 5558 1753 5626 ἀκοῆς

1922 5573 1988 5612 on
2026 5561 2278 5626 oporteat
2324 5553 2477 5625 signa
2517 5554 2797 5624 requirere
2846 5572 2860 5609 :
2902 5554 3064 5610 Fides
3107 5568 3342 5622 namque
3385 5570 3454 5610 ex

221 5645 312 5701 οὔκ
347 5653 408 5704 ἐκ
457 5651 698 5721 σημείων
743 5650 970 5718 γίνεται.
1045 5666 1062 5699 ι
1129 5647 1192 5700 'II
1249 5647 1306 5701 δὲ
1368 5647 1506 5717 ἀκοὴ
1555 5648 1641 5701 διὰ
1683 5649 1750 5718 (xl;

1933 5648 2075 5703 iditu
2111 5661 2220 5702 non
2247 5662 2314 5703 ex
2343 5645 2514 5718 signis
2528 5655 2844 5716 generatur.
2873 5663 2890 5694 ι
2911 5643 3144 5699 Auditus
3158 5652 3340 5697 autem
3356 5660 3465 5715 pet:-

231 5756 388 5804 ματος
420 5742 576 5796 Θεοῦ.
607 5763 623 5795 ι
688 5742 908 5813 Ἐπειδὴ
960 5742 1128 5811 ἀκοὴν
1159 5736 1333 5804 εἶπεν,
1371 5739 1584 5806 ἐπάγει,
1641 5758 1658 5790 ι
1687 5739 1763 5791 Διέ

1925 5741 2111 5795 erbum
2138 5739 2251 5795 Dei.
2294 5757 2313 5790 ›
2346 5738 2612 5806 Quoniam
2627 5736 2872 5792 auditqu
2897 5735 3131 5802 dixerat,
3157 5735 3457 5808 adjungit':

234 5829 458 5899 ῥήματος
481 5833 640 5889 θεοῦ.
685 5855 702 5889 ι
737 5835 828 5906 Μὴ
855 5835 1078 5905 sapiu"
1135 5837 1295 5874 ’τίδ’-ο
1361 5833 1569 5882 ’θλ-’πλε
1608 5851 1656 5887 τι
1689 5833 1766 5906 τὴ·

1934 5835 2034 5890 l‘er
2050 5832 2278 5891 verbum
2302 5831 2419 5888 Dei.
2455 5848 2473 5882 ›
2507 5829 2586 5887 Ne
2615 5828 2913 5896 existimes,
2935 5826 3132 5900 inquit,
3161 5827 3262 5884 vile
3297 5828 3456 5901 quid;
