3880 6610
121 424 218 490 5ίὲ

1177 434 1568 497 COMMENT.
1610 433 1689 495 ΙΝ
1731 434 1966 499 EPIS'I‘.
1999 442 2102 502 AD
2146 443 2326 504 ΗΘΜ.

3248 451 3359 515 512

118 547 199 607 τις
227 540 487 610 πατίδα,
509 544 601 598 καί
619 547 706 610 εις
733 543 923 612 θήραν
951 546 1047 600 καὶ
1071 550 1158 614 εις
1181 547 1552 612 σκάνδαλον,
1576 547 1669 602 κα]

1778 554 1829 600 et
1860 550 1915 604 in
1947 556 2243 621 captionem
2267 565 2317 609 et
2344 557 2400 610 in
2422 556 2811 628 oﬂ'endiculum,
2838 568 2888 614 et
2932 560 2987 614 in
3044 561 3351 619 retributio-

112 640 192 701 τις
210 636 603 706 ἀνταπόδομα
623 637 845 704 αὐτοῖς.
878 639 1377 709 Σκοτισθήτωσαν
1391 644 1445 695 οἱ
1468 641 1686 711 ὀφθαλ-

107 728 199 798 μοὶ
230 728 443 783 αὐτῶν
486 728 590 783 τοῦ
629 732 713 797 μὴ
748 728 1030 795 βλέπειν,
1064 732 1161 785 καὶ
1195 731 1301 786 τὸν
1355 730 1550 787 νῶτον
1580 735 1685 788 αὑ-

109 818 217 872 τῶν
238 817 340 872 διὰ
373 818 605 886 παντὸς
625 820 1012 889 σύγκαμψον.

176 910 419 965 «Τούτου
451 913 552 966 οὐκ
581 913 900 984 ἐπέτυχεν.»
932 914 1103 969 Τοῦτο
1127 918 1226 973 οὐκ
1253 918 1567 991 ἐρωτῶντός
1586 920 1680 972 ἐσ-

106 1019 201 1064 τιν,
219 1002 364 1054 ἀλλὰ
388 1002 777 1071 ἐγκαλοῦντος.
813 1004 1022 1077 Ἐαυτῷ
1049 1007 1179 1079 γὰρ,
1201 1009 1358 1080 φησὶ,
1388 1010 1620 1080 μάχεται
1654 1010 1685 1065 ὁ

116 1096 388 1160 Ἰουδαῖος,
415 1098 595 1168 ζητῶν
609 1099 955 1172 δικαιοσύνην
986 1103 1054 1174 ἢν
1102 1104 1163 1157 οὐ
1197 1103 1443 1175 βούλεται
1474 1105 1679 1161 λαϐεῖν.

104 1188 265 1242 Τοῦτο
284 1189 427 1261 γὰρ.
455 1191 643 1262 φησὶν,
671 1192 700 1245 ὁ
729 1193 984 1259 Ἰουδαῖος
1015 1196 1286 1267 ἐπιζητεῖ,
1315 1193 1377 1252 οὗ
1408 1199 1471 1253 οὐ
1500 1198 1683 1269 βούλε-

102 1296 186 1333 ται
212 1284 428 1350 τυχεῖν.
453 1281 528 1335 Τδ
558 1283 687 1353 γὰρ,
721 1284 956 1338 «Τούτου
984 1286 1083 1340 οὐκ
1101 1287 1352 1358 ἐπέτυχε,
1381 1306 1400 1340 ι
1426 1290 1568 1343 κατὰ
1598 1291 1678 1343 oi-

102 1376 249 1426 κείαν
266 1376 472 1446 νόησον
494 1376 749 1449 βούλησιν
774 1393 787 1406 °
817 1377 959 1433 Ὀὐκ
984 1379 1215 1451 ἐπέτυχε
1248 1381 1555 1449 γινώσκων,
1605 1384 1681 1456 μὴ

99 1464 309 1537 ἀτυχῶν
338 1467 494 1521 κατὰ
548 1469 609 1522 τὺ
636 1468 920 1525 ἀδύνατον.
971 1471 1069 1535 Τίς
1120 1470 1231 1543 γὰρ
1257 1471 1318 1538 ἐξ
1344 1472 1525 1544 ἔργων
1570 1474 1679 1530 ιδι-

102 1556 340 1626 καιῶθης
386 1575 411 1609 ι
461 1557 525 1612 Ἠ
546 1557 606 1611 δέ
634 1559 834 1631 ἐκλογὴ
864 1561 1149 1633 ἐπέτυχεν.
1177 1582 1198 1616 ι
1225 1560 1372 1631 Οἷον,
1390 1567 1442 1620 οἱ
1464 1566 1523 1634 ἐξ
1545 1567 1679 1622 Ἰουο

100 1650 255 1703 δαίων
284 1650 386 1703 καὶ
420 1649 481 1716 ἐξ
508 1650 680 1706 ἐθνῶν
703 1654 908 1709 πιστοί.
950 1654 1214 1727 Ἐκλογὴν
1248 1657 1304 1710 δέ
1342 1657 1535 1724 εἰπὼν,
1566 1660 1677 1714 δεί-

104 1755 247 1792 κνυσι
295 1740 399 1793 καὶ
432 1740 532 1811 τὴν
560 1742 787 1797 ἐκείνων
836 1743 1087 1817 δοκιμὴν,
1148 1747 1243 1802 καὶ
1272 1748 1371 1819 τὴν
1415 1750 1510 1804 τοῦ
1539 1750 1679 1805 Θεοῦ

104 1828 267 1899 χάριν.
325 1830 411 1884 Τὸ
450 1829 531 1897 δέ,
579 1851 598 1884 ι
626 1828 910 1904 Ἐπέτυχε,
952 1853 973 1887 ι
1023 1836 1172 1906 δηλοῖ
1204 1837 1313 1891 τῶν
1354 1838 1576 1906 ἀγαθῶν
1612 1841 1678 1897 τὸ
1706 1874 1753 1935 Β

107 1920 343 1990 μέγεθος,
371 1922 408 1977 ὃ
433 1925 536 1979 οὐκ
559 1924 776 1994 ἧλπιζε.
806 1946 829 1980 ι
863 1927 929 1981 οι
959 1928 1017 1981 δὲ
1035 1928 1214 1982 λοιποὶ
1243 1929 1673 2003 ἐπωρώθησαν.»

105 2015 283 2080 Τίνεςς
321 2016 489 2071 Ὅσοι
514 2017 878 2088 ἐναπέμειναν
927 2018 1006 2091 τῷ
1073 2020 1414 2094 Ἰουδαϊσμῷ.
1477 2025 1679 2079 Λοιπὸν

108 2110 232 2178 μετὰ
260 2110 356 2165 τὸν
384 2111 635 2184 ἔλεγχον,
674 2114 870 2185 θαρῤεἰ
898 2114 1159 2185 πώρωσιν
1183 2117 1368 2182 αὐτοῖς
1396 2117 1674 2186 ἐγκαλεῖν.

109 2216 125 2249 ι
158 2198 403 2255 Ἔδωκεν
429 2202 615 2267 αὐτοῖς
647 2204 677 2257 ὁ
705 2203 858 2270 Θεός.
893 2223 913 2258 ι
950 2205 1025 2259 Τὸ
1051 2206 1131 2269 δέ,
1169 2207 1492 2273 ι,”Εδωκεν,
1519 2227 1539 2262 ι
1600 2211 1675 2282 μὴ

104 2291 399 2362 ἐνέργειαν,
417 2293 553 2350 ἀλλὰ
576 2296 924 2368 συγχώρησιν
938 2298 1069 2365 νόει,
1086 2294 1219 2365 οἷον,
1234 2301 1436 2357 Λασετν
1467 2303 1672 2373 ἀφῆκε,

107 2380 466 2453 συνεχώρησε.
504 2403 527 2438 ι
561 2385 786 2458 Πνεῦμα
810 2382 1177 2456 κατανύξεως.
1222 2409 1243 2444 ι
1304 2393 1668 2458 Κατάνυειν.

104 2467 204 2538 Τὴν
229 2472 362 2540 περὶ
385 2472 448 2525 τὸ
475 2476 656 2545 χεῖρον
679 2475 776 2531 νῦν
803 2475 918 2542 ἕξιν
945 2479 1038 2533 καὶ¹
1054 2484 1327 2552 προσοχὴν
1345 2482 1445 2552 τῆς
1466 2481 1667 2554 ψυχῆς,

106 2561 388 2629 κατᾶνυξιν
426 2564 603 2619 καλεί.
651 2567 1070 2638 Κατμνυγῆναι
1098 2571 1208 2643 γάρ
1237 2573 1353 2626 ἐστι
1395 2574 1456 2627 τὸ
1487 2575 1670 2644 ἐμπα-

108 2650 255 2719 γῆναι
302 2671 412 2708 που
467 2656 562 2710 καὶ
613 2659 1054 2730 προσηλωθῆναι,
1085 2662 1180 2717 καὶ
1208 2664 1274 2718 ἐκ
1313 2664 1461 2735 καλῷ
1490 2666 1583 2720 καὶ
1608 2667 1667 2721 ἐν

107 2740 263 2811 κακῷ.
296 2743 415 2799 Νῦν
439 2747 626 2817 μέντοι
663 2751 725 2803 τὸ
756 2750 1091 2820 ἀμετάθετον
1121 2754 1304 2809 αὐτῶν
1324 2756 1461 2827 πρὸς
1486 2758 1547 2811 τὸ
1575 2776 1669 2812 και

110 2831 209 2897 κδν,
228 2835 565 2904 κατάνυξιν
582 2841 861 2898 ἐκάλεσεν.
893 2862 913 2897 ι
946 2844 1289 2915 Ὀφθαλμοὺς
1308 2848 1402 2902 τοῦ
1445 2850 1520 2919 μὴ
1544 2850 1666 2921 βλέ-

112 2945 235 2982 πειν.
258 2947 278 2982 ι
312 2929 522 2997 Εἰπὼν,
558 2950 578 2986 ι
602 2932 1026 3006 Ἐπωρώθησαν.
1049 2957 1070 2991 ι
1114 2924 1268 3010 φέρει
1288 2940 1384 2995 τοῦ
1439 2942 1660 2998 Ἡσαΐου

111 3019 194 3091 τὴν
226 3025 555 3093 μαρτυρίαν,
576 3026 662 3081 ἵνα
701 3028 777 3099 μὴ
807 3028 931 3103 δόξῃ
979 3030 1227 3101 ἐπαχθὴς
1268 3026 1431 3087 εἶναι.
1471 3035 1662 3091 Αίτίαν

112 3111 157 3164 δὲ
179 3112 272 3183 τῆς
300 3115 614 3187 πωρώσεως
659 3116 807 3188 λέγει
844 3120 943 3192 τὴν
974 3121 1154 3175 αὐτῶν
1203 3124 1532 3194 γεγενῆσθαι
1564 3143 1657 3196 φι-

1786 653 1907 693 nem
1946 642 2092 712 ipsis.
2137 643 2546 701 Obtenebrentur
2578 648 2716 703 oculi
2735 665 2914 705 eorum
2946 667 3010 706 ne
3041 653 3269 723 videant,
3304 665 3356 712 et

1787 738 1991 802 tergum
2008 749 2187 788 eorum
2209 752 2414 807 semper
2443 739 2687 795 incurva.

1853 911 2024 983 350
2045 932 2065 964 ι
2096 914 2212 969 Ηοε
2245 932 2355 971 non
2400 925 2486 972 est
2537 929 2893 976 consecutus.
2927 938 2946 972 ι
2997 920 3113 976 Non
3135 922 3353 980 esthoc

1783 1003 2197 1075 interrogantis,
2226 1007 2325 1062 sed
2354 1011 2763 1079 conquerentis.
2784 1012 3065 1070 Adversus
3083 1013 3350 1085 seipsum.

1782 1094 1984 1166 inquit,
2020 1107 2225 1168 pugnat
2251 1098 2494 1165 Iudaeus,
2526 1101 2623 1171 qui
2655 1103 2923 1174 justitiam
2956 1108 3155 1176 quaerit
3183 1122 3355 1177 quam

1781 1201 1895 1242 non
1911 1189 2029 1242 vult
2050 1189 2304 1260 accipere
2334 1208 2349 1245 :
2383 1191 2490 1248 hoc
2520 1193 2667 1249 enim
2691 1195 2924 1265 inquirit
2951 1197 3173 1254 Judaus
3199 1199 3348 1269 quod

1782 1281 2046 1351 consequi
2067 1296 2178 1337 non
2206 1283 2341 1339 vult.
2360 1284 2500 1340 Nam
2515 1286 2665 1356 quod
2687 1287 2925 1354 dicitur,
2949 1308 2968 1341 ι
2996 1289 3111 1345 Hoc
3139 1306 3247 1345 non
3263 1299 3349 1346 est

1781 1380 2134 1438 consecutus,
2157 1392 2175 1424 ι
2212 1391 2278 1431 ex
2310 1379 2531 1447 propria
2567 1378 2811 1450 intelligo
2829 1380 3131 1447 voluntate,
3151 1396 3352 1451 nempe

1780 1463 1927 1534 quod
1958 1465 2140 1521 sciens
2166 1482 2273 1522 non
2303 1476 2388 1523 est
2411 1478 2758 1537 consecutus,
2793 1486 2902 1526 non
2941 1471 3086 1542 quod
3121 1488 3220 1542 per
3244 1472 3350 1527 im-

1779 1553 2204 1624 possibilitatem
2239 1557 2311 1614 sit
2353 1558 2668 1615 frustratus.
2714 1561 2849 1628 Quis
2894 1562 3042 1617 enim
3065 1578 3130 1616 ex
3160 1546 3347 1632 operi-

1778 1645 2232 1717 busjustiﬁcatus
2248 1650 2366 1705 est?
2404 1670 2420 1700 ι
2452 1652 2662 1707 ΕΙεειίο
2682 1668 2814 1709 vero
2842 1661 2926 1708 εει
2954 1664 3247 1709 consecuta
3277 1672 3290 1709 :
3321 1674 3347 1706 )-

1779 1747 1911 1807 puta
1946 1738 2139 1794 ﬁdeles
2165 1748 2273 1795 tam
2304 1757 2371 1796 ex
2398 1742 2603 1799 Iudaeis
2634 1759 2798 1814 quam
2833 1760 2899 1801 ex
2939 1745 3214 1815 gentibus.
3250 1745 3345 1799 Di-

1782 1843 1915 1885 cens
1963 1839 2146 1887 autem
2199 1833 2550 1898 electionem,
2599 1835 2841 1891 ostendit
2895 1836 3061 1891 etiam
3125 1837 3344 1892 illorum

1783 1921 2183 1991 probationem.
2214 1924 2422 1996 Deique
2471 1927 2722 1997 gratiam.
2748 1928 2947 1992 Dictio,
2989 1948 3007 1980 ι
3040 1929 3346 1985 Consecuta

1779 2021 1885 2076 est,
1923 2032 1942 2064 ι
1985 2014 2297 2071 manifestat
2361 2015 2635 2072 bonorum
2689 2008 3124 2089 magnitudinem
3179 2035 3345 2090 quam

1776 2118 1887 2157 non
1918 2103 2191 2173 sperabat.
2223 2103 2420 2161 Caetcri
2455 2115 2641 2163 autem
2691 2109 2950 2163 excatcati
3004 2118 3154 2164 sunt.
3212 2108 3346 2176 Qui-

1776 2196 1932 2248 nam?
1964 2195 2249 2266 Quotquot
2282 2197 2340 2252 in
2364 2197 2645 2254 Judaismo
2669 2208 3112 2270 permanserunt.
3183 2202 3344 2255 Dein-

1775 2301 1907 2356 ceps
1941 2295 2065 2357 post
2128 2290 2663 2359 argumentationem
2713 2290 2880 2346 audet
2929 2306 3027 2347 eos
3082 2289 3345 2346 ea-citatis

1772 2393 2054 2437 accusare.
2099 2399 2117 2431 ι
2163 2380 2324 2436 Dedit
2385 2381 2467 2437 eis
2512 2382 2676 2438 Deus.
2715 2401 2735 2435 ι
2767 2382 3006 2440 Verbum
3044 2401 3062 2435 ι
3091 2382 3273 2448 Dedit,
3316 2401 3338 2435 ι

1770 2484 1882 2525 non
1912 2471 2289 2541 operationem
2314 2472 2540 2537 indicat,
2566 2473 2662 2529 sed
2681 2474 3121 2544 permissionem,
3156 2474 3206 2528 id
3233 2482 3340 2539 εει,

1770 2576 1990 2617 sumere
2040 2563 2313 2632 permisit,
2363 2565 2657 2621 concessit.
2697 2585 2715 2616 ι
2749 2565 3013 2637 spiritum
3073 2583 3341 2637 compun-

1768 2652 1987 2709 etionis.
2030 2673 2049 2706 ι
2096 2655 2403 2720 Κατάνυξιν
2432 2657 2565 2712 dicit
2593 2657 2790 2713 anima:
2851 2657 3226 2713 habitudinem
3284 2667 3340 2713 et

1766 2745 2126 2802 attentionem
2157 2747 2225 2802 ad
2259 2747 2312 2803 id
2338 2748 2484 2818 quod
2511 2748 2675 2820 pejus
2703 2757 2805 2804 εει.
2835 2749 3123 2819 Siquidem
3171 2767 3340 2803 κατα-

1764 2837 1995 2907 νυγῆναι
2023 2847 2107 2894 εει
2131 2838 2542 2910 quodammodo
2595 2840 2823 2896 inﬁxum
2849 2851 2906 2896 ct
2934 2848 3157 2911 captum
3210 2856 3338 2897 esse

1762 2930 1880 2986 sive
1912 2931 2057 2987 bono
2082 2932 2198 2989 sive
2218 2935 2381 2990 mdo.
2426 2935 2585 2990 Nunc
2615 2943 2798 2990 autem
2835 2934 3333 2990 immulabilitatem
3432 2978 3438 3001 ,

1760 3038 1954 3081 eorum
1987 3024 2055 3080 ad
2083 3026 2309 3092 malum,
2342 3027 2557 3082 vocavit
2610 3025 2924 3092 κατάνυξιν,
2960 3025 3014 3080 id
3045 3033 3150 3089 est,
3186 3041 3337 3080 com-

1761 3117 2117 3186 pnnctionem
2147 3118 2264 3173 sive
2330 3118 2683 3174 deﬁxionem.
2720 3138 2737 3170 ι
2772 3118 2974 3174 Oculos
3018 3127 3079 3174 ut
3109 3133 3218 3173 non
3255 3117 3340 3171 vi-
3369 3159 3373 3163 .

113 3201 380 3261 λονεικίαν.
410 3207 753 3281 Ὀφθαλμοὺς
804 3211 915 3283 γὰρ
943 3211 1158 3283 ἔχοντες
1203 3215 1286 3279 είς
1323 3214 1386 3268 τὸ
1433 3216 1563 3271 ἰδεῖν
1586 3217 1657 3272 τὰ

1774 3205 1949 3261 deant.
1989 3226 2009 3258 ι
2047 3207 2150 3264 Ubi
2210 3208 2347 3264 dixit
2380 3227 2399 3259 ι
2434 3209 2701 3264 Ειαεειιιί
2755 3218 2906 3273 sunt,
2949 3228 2967 3260 ι
3009 3209 3160 3263 Isaia:
3203 3225 3335 3278 pro-

115 3289 347 3363 θαύματα
372 3295 467 3351 τοῦ
509 3297 771 3368 Χριστοῦ,
824 3300 919 3354 καὶ
944 3294 1059 3355 ὦτα
1090 3303 1172 3368 είς
1197 3303 1260 3359 τὸ
1286 3303 1519 3360 ἀκοῦσαι
1565 3306 1664 3379 τὴν

114 3382 459 3452 διδασκαλίαν,
486 3390 663 3445 οὐδενὶ
688 3391 893 3447 τούτων
911 3395 990 3457 εἰς
1010 3393 1129 3449 δέον
1149 3396 1473 3468 ἐχρήσαντο.
1499 3399 1665 3455 Ἀλλὰ

115 3476 219 3541 τοὺς
245 3480 344 3549 μὲν
399 3482 751 3553 ἐκάμμυσαν,
785 3484 855 3539 τὰ
874 3485 931 3540 δέ
985 3487 1340 3560 ἀπέφραξαν,
1387 3490 1465 3555 ὡς
1505 3492 1665 3547 τοῦτο

118 3572 502 3639 σπουδάζοντες,
531 3574 591 3630 τὺ
618 3576 693 3648 μὴ
716 3577 974 3649 σωθῆναι.
1031 3598 1051 3633 ι
1084 3582 1192 3636 Καὶ
1240 3582 1407 3636 Δαυῒδ
1438 3582 1604 3653 λέγει.
1637 3604 1656 3638 ι

118 3658 293 3715 Δοιπδν
320 3666 420 3735 τὴν
448 3666 588 3738 ὑπὲρ
613 3668 711 3738 τῆς
739 3669 998 3734 ἀπιστίας
1023 3672 1228 3743 ταύτης
1247 3675 1539 3753 τιμωρίαν,
1570 3676 1663 3730 τὸν

118 3752 255 3808 Δαυῒδ
289 3757 442 3827 φέρει
467 3757 716 3826 λέγοντα,
751 3761 874 3831 ἥτις
923 3763 1076 3828 τέλος
1103 3764 1264 3818 ἔλαϐε
1298 3752 1394 3820 καὶ
1419 3767 1653 3837 ἐξῆλθεν.

127 3846 209 3899 ιἩ
228 3849 484 3918 τράπεζαι
500 3851 822 3908 ademto.de
850 3854 1030 3922 ἁγαθὰ
1051 3857 1254 3925 αὐτῶν,
1286 3838 1380 3912 xui.
1401 3860 1434 3928 ἡ
1458 3859 1659 3930 τρυφὴ,

122 3938 188 4000 εἰς
215 3939 279 3992 τὺ
303 3941 542 3996 ἐναντίον
567 3945 849 4016 περιέστη.
878 3947 1049 4000 Τοῦτο
1073 3948 1224 4019 δηλοί
1251 3950 1655 4019 τὸ,ιτράπεζαι

120 4026 197 4079 καὶ
218 4046 236 4079 ι
263 4030 936 4107 παγίδα.ι-[01ΚΟΥΜ.]
973 4057 990 4087 ι
1023 4038 1132 4091 Καὶ
1163 4039 1242 4102 εἰς
1265 4038 1440 4110 θήραν
1460 4040 1555 4093 καὶ
1578 4043 1659 4103 είς

121 4119 404 4177 σκάνδαλον.
444 4142 465 4176 ι
499 4123 797 4188 Εὐάλωτοι,
823 4125 976 4197 φησι,
1009 4130 1122 4191 τοῖς
1148 4129 1514 4199 ἐπηρεάζουσι
1569 4131 1662 4198 γέ·

120 4224 315 4267 νωνται.
346 4232 366 4266 ι
394 4215 508 4268 Καὶ
531 4216 615 4279 εἰς
642 4215 1049 4287 ἀνταπόδομα.)
1085 4218 1458 4289 Ἀνταπόδομα
1486 4217 1660 4286 εἶπεν,

120 4299 273 4372 δηλῶν
294 4307 372 4360 ὅτι
393 4307 571 4362 ταῦτα
602 4308 920 4379 πάσχοντες,
949 4310 1234 4382 ἁμαρτιῶν
1259 4313 1463 4366 τίνουσι
1482 4313 1661 4376 δίκας.

127 4410 143 4444 ι
164 4396 591 4472 Σκοτισθήτωσαν
611 4404 662 4456 oi
685 4405 951 4475 6,;0alpo’t
970 4405 1171 4461 αὐτῶν.
1184 4425 1205 4458 ι
1236 4404 1307 4460 Τὸ
1323 4406 1663 4475 αὐθαιρέτως

1767 3297 1875 3354 fert
1914 3298 2290 3354 testimonium
2322 3315 2394 3355 ne
2445 3300 2711 3355 molestus
2744 3314 2866 3355 esse
2892 3299 3165 3354 videatur.
3196 3297 3338 3354 Cau-

1767 3404 1883 3445 sam
1915 3405 2047 3445 vero
2078 3390 2339 3446 caecitatis
2359 3391 2492 3446 dicit
2527 3390 2694 3446 fuisse
2753 3390 3163 3445 contentionem
3191 3389 3338 3458 ipso-

1766 3498 1913 3538 rum.
1939 3481 2139 3539 Oculos
2168 3497 2403 3554 namque
2459 3483 2728 3537 habentes
2752 3489 2814 3537 ut
2836 3481 3089 3537 viderent
3130 3478 3335 3536 Christi

1765 3576 2136 3641 miraeula,et
2173 3590 2336 3631 aures
2382 3584 2443 3630 ut
2496 3575 2804 3631 doctrinam
2849 3575 3143 3639 audirent;
3179 3572 3332 3627 nullo

1763 3667 1963 3722 horum
2004 3667 2071 3722 ad
2117 3666 2173 3722 id
2224 3666 2372 3737 quod
2419 3682 2557 3737 opus
2589 3678 2712 3722 erat
2742 3667 2825 3721 usi
2873 3676 3002 3721 sunt
3032 3682 3046 3718 :
3073 3665 3168 3721 sed
3211 3664 3333 3718 illos

1765 3760 1992 3832 quidem
2047 3760 2387 3825 clauserunt,
2429 3760 2529 3816 has
2574 3770 2757 3815 autem
2811 3759 3141 3813 obturarunt
3167 3775 3180 3810 :
3211 3765 3333 3810 tan-

1762 3868 1927 3923 quam
1955 3851 2140 3907 studio
2188 3851 2244 3906 in
2278 3851 2385 3906 hoc
2411 3850 2651 3907 nitentes
2674 3867 2744 3906 ne
2788 3851 2923 3906 salvi
2966 3849 3180 3904 ﬁerent.
3217 3866 3236 3899 ι
3271 3847 3338 3902 Et

1765 3942 1937 3997 David
1981 3942 2137 3997 dicit.
2176 3961 2196 3994 ι
2251 3940 2459 3996 Deinde
2512 3942 2721 4009 profert
2784 3941 2955 3996 David
3011 3940 3105 4009 qui
3151 3947 3337 3994 narrat

1766 4035 2028 4089 ultionem
2065 4035 2228 4105 hujus
2258 4033 2662 4089 incredulitatis
2707 4048 2829 4102 quae
2890 4032 3027 4087 ultio
3056 4033 3167 4101 jam
3221 4040 3335 4085 ter-

1764 4126 1976 4180 minum
2012 4126 2299 4196 aceepitet
2328 4126 2382 4180 in
2403 4125 2663 4180 eﬁ'ectum
2698 4124 2931 4179 deducta
2955 4133 3061 4177 est.
3094 4141 3111 4173 ι
3149 4121 3331 4175 Mensa

1761 4234 1979 4275 eorum.
2024 4238 2044 4271 ι
2079 4219 2226 4274 Bona
2252 4233 2317 4274 ac
2347 4216 2566 4272 deliciae
2601 4217 2845 4287 ipsorum
2895 4215 2952 4268 in
2996 4212 3331 4269 contrarium

1766 4314 2129 4367 immutantur
2166 4311 2317 4367 :hoc
2360 4320 2544 4367 autem
2605 4308 2876 4381 signiﬁcat
2926 4320 3115 4361 mensa
3170 4316 3226 4359 et
3259 4306 3334 4357 la-

1762 4418 1960 4473 queus.
2006 4419 2028 4454 ι
2061 4403 2130 4457 Ει
2157 4402 2211 4456 in
2240 4402 2554 4472 captionem
2575 4409 2632 4456 et
2660 4402 2716 4455 in
2738 4398 3152 4455 oﬁ'endiculum.
3179 4415 3198 4446 ι
3234 4395 3335 4450 Fa-

125 4487 290 4553 μέλλον
320 4494 447 4564 παρ’
470 4494 655 4549 αὐτῶν
693 4497 956 4566 γίνεσθαι,
996 4496 1072 4561 ῶς
1107 4499 1167 4552 ἐν
1217 4499 1463 4570 κατάρας
1511 4500 1658 4568 λέγει

1774 4496 1888 4559 cile,
1923 4494 2125 4564 inquit,
2178 4495 2248 4550 ab
2285 4495 2686 4565 impetentibus
2725 4493 3032 4564 capiantur.
3085 4509 3104 4541 ι
3277 4487 3329 4540 in

125 4578 277 4648 μέρει.
303 4582 518 4655 Ἐπειδὴ
566 4585 697 4654 γὰρ,
752 4588 938 4656 φησιν,
989 4587 1091 4641 οὐκ
1141 4587 1520 4658 ἠδουλήθησαν
1564 4589 1658 4642 τὸν

1774 4588 2214 4643 retributionem.
2256 4608 2274 4641 ι
2337 4588 2778 4644 Hetributionem
2837 4585 2993 4647 dixit,
3037 4580 3338 4637 ostendens

127 4667 286 4724 Ἥλιον
320 4672 419 4744 τῆς
449 4674 799 4748 δικαιοσύνης
848 4677 1068 4744 εἰδέναι,
1108 4680 1242 4750 μηδέ
1275 4679 1458 4733 ίδοιεν.
1494 4697 1514 4729 ι
1546 4679 1658 4733 Καὶ

1774 4680 1916 4749 quod
1962 4681 2082 4735 haec
2131 4680 2405 4750 patientes
2436 4689 2790 4751 peccatorum
2837 4690 3029 4749 pmnas
3060 4672 3332 4745 pendunt.

122 4759 196 4815 τάν
229 4764 385 4821 νῶτον
435 4767 636 4825 αὐτῶν.
674 4790 695 4822 ι
762 4770 837 4823 Τδ
885 4770 1103 4841 μέλλειν
1151 4771 1349 4834 αὐτοὺς
1377 4772 1482 4826 ὑπὸ
1523 4773 1661 4826 Ῥω-

1774 4792 1790 4823 ι
1818 4769 2266 4839 Ohtenebrentur
2319 4773 2465 4828 oeuli
2521 4787 2737 4828 eorum.
2776 4789 2796 4823 ι
2837 4768 2994 4834 Quod
3036 4774 3334 4837 spontanee

129 4856 293 4921 μείους
320 4860 565 4927 γίνεσθαι
615 4862 783 4934 δηλοῖ.
827 4862 902 4917 Th
927 4863 1007 4930 δέ,
1048 4881 1069 4916 ι
1103 4864 1204 4918 Διὰ
1261 4864 1482 4930 παντὸς,
1519 4883 1538 4917 ι
1586 4865 1664 4929 ὡς

1774 4861 1966 4919 facturi
1993 4870 2155 4919 erant
2183 4872 2442 4933 tanquam
2471 4862 2526 4917 in
2552 4859 2947 4917 exsecrationis
2976 4865 3130 4927 parte
3154 4855 3332 4925 ponit.

125 4942 224 4997 οὑδέ
250 4946 657 5021 ἐλευθερωθεϊέν
684 4966 837 5015 ποτε,
868 4951 1146 5023 σημαίνει,
1195 4954 1549 5024 ἐπιμένοντες
1592 4956 1659 5027 τῇ

1774 4955 1899 5011 Nam
1929 4956 2060 5026 quia
2089 4954 2296 5020 Solem,
2318 4954 2518 5025 inquit,
2541 4952 2769 5025 justitiaa
2791 4950 2980 5006 videre
3011 4947 3330 5009 noluerunt,

126 5030 344 5106 ἀπιστίᾳ.

1774 5061 1836 5102 ne
1866 5045 2113 5103 videant.
2144 5046 2302 5117 351
2348 5065 2367 5098 ι
2397 5045 2468 5102 Ει
2506 5052 2717 5116 tergum
2766 5057 2981 5098 eorum.
3018 5059 3038 5093 ι
3071 5037 3334 5096 Romanis
3386 5110 3389 5113 δ

127 5122 249 5195 ipsos
295 5127 668 5202 subjiciendos
729 5144 854 5187 esse
905 5131 1223 5204 .signiﬁcat.
1273 5152 1293 5187 ι
1343 5134 1594 5207 Semper.
1632 5156 1652 5189 ι
1694 5134 1791 5194 Ut'
1810 5153 2094 5209 nunquam
2119 5139 2427 5194 liberentur
2457 5143 2841 5208 permanentes
2908 5135 2967 5191 in
3027 5129 3330 5189 increduli-

126 5224 231 5274 tate.

181 5311 460 5383 Δέτωοῦν·
484 5315 580 5385 Μὴ
610 5317 907 5371 ἔπταισαν
924 5317 1026 5373 ἵνα
1047 5318 1281 5374 πέσωσι
1304 5337 1323 5385 ς
1355 5321 1450 5389 Μὴ
1468 5323 1630 5391 τένοι

1830 5323 1901 5389 X,
1937 5324 2026 5390 Η,
2060 5324 2147 5378 12.
2177 5323 2304 5379 Dico
2336 5324 2499 5395 igitur
2537 5340 2553 5377 :
2590 5322 2731 5378 Num
2756 5325 3080 5394 impegertmt
3132 5326 3193 5372 ut
3239 5334 3330 5372 ca-

126 5414 193 5469 το,
215 5404 366 5462 ἀλλὰ
383 5407 464 5473 τῷ
484 5406 684 5463 αὐτῶν
712 5409 1135 5478 παραπτώματι
1175 5412 1214 5478 ἠ
1241 5413 1503 5482 σωτηρία
1535 5415 1662 5483 τοῖς

1774 5416 1946 5471 tierent
1965 5415 1992 5471 τ
2017 5416 2185 5480 Absit,
2210 5415 2304 5470 sed
2329 5431 2421 5485 per
2441 5415 2650 5487 lapsum
2672 5416 2911 5486 ipsorum
2935 5413 3082 5468 salus
3116 5412 3333 5480 contigit

126 5488 348 5563 ἔθνεσιν,
404 5500 494 5565 εις
537 5498 607 5554 τὸ
653 5499 1073 5569 παραζηλῶσαι
1115 5504 1361 5570 αὐτούς.
1396 5507 1467 5559 Et
1496 5506 1565 5559 δὲ
1594 5507 1660 5560 τὸ

1774 5507 2023 5579 gentibus,
2051 5514 2110 5560 ιιι
2131 5506 2200 5560 ad
2223 5506 2612 5562 «mulationem
2660 5522 2746 5561 eos
2773 5512 3097 5576 prouocaret.
3129 5500 3267 5566 Quid
3285 5500 3335 5554 si

127 5583 452 5658 παράπτωμα
488 5588 688 5646 αὐτῶν
722 5591 990 5658 πλοῦτος
1038 5592 1291 5662 κόσμου,
1333 5594 1430 5649 καὶ
1462 5596 1527 5649 τὸ
1552 5596 1661 5664 ἣτ-

1774 5597 1940 5669 !apm
1971 5599 2208 5670 ipsorum
2238 5598 2434 5654 divitia:
2454 5605 2578 5652 sunt
2608 5596 2814 5660 mundi,
2858 5603 2909 5649 et
2937 5593 3215 5648 diminutio
3247 5605 3335 5644 eo-

128 5684 253 5739 τημα
274 5679 467 5733 αὐτῶν
502 5682 766 5750 πλοῦτος
803 5681 1030 5750 ἐθνῶν,
1080 5684 1250 5752 πόσῳ
1296 5683 1537 5755 pii/Mer
1589 5687 1657 5743 τὸ

1774 5706 1886 5744 rum
1914 5690 2111 5747 divitiae
2152 5691 2386 5762 gentium
2415 5706 2434 5746 :
2461 5697 2662 5761 quanto
2696 5689 2864 5757 magis
2901 5683 3168 5758 plenitudo
3193 5682 3335 5752 ipso-

129 5765 379 5838 πλήρωμα
414 5772 612 5827 αὐτῶν
629 5791 648 5837 ;

1774 5794 1883 5836 runt
1903 5783 1929 5837 2

188 5857 562 5933 Καθαψὰμινος
589 5866 766 5920 αὐτῶν
809 5867 1073 5937 σφοδρῶς,
1107 5864 1200 5922 νῦν
1233 5870 1489 5941 πειρᾶταί
1534 5889 1654 5926 τινα

1836 5872 1938 5928 Ubi
1969 5873 2173 5928 acriter
2201 5887 2297 5928 eos
2319 5871 2682 5943 objurgassct,
2708 5869 2899 5924 nititur
2935 5880 3077 5921 nunc
3093 5864 3332 5933 aliqu-nn
