3880 6560
564 435 668 499 547

1609 424 1940 488 (ECUMEN
1950 423 2007 483 ῐΙ
2046 419 2338 482 TRICC/E
2373 418 2713 480 EPISCOPI
3642 426 3716 488 his

564 553 776 608 ditione
806 557 984 617 erant,
1014 547 1196 612 vobis,
1249 545 1451 616 inquit,
1483 554 1617 600 sunt
1663 541 1882 597 occasio
1912 537 2123 602 salutis,

2236 533 2319 587 Τὰ
2342 533 2524 602 μέντοι
2546 532 2672 603 ἔθνη
2694 529 2924 594 ἐκείνοις
2957 531 3020 584 ἐκ
3048 527 3301 589 πίστεως.
3335 546 3352 579 ι
3378 528 3440 582 Εἴ
3470 543 3718 605 togam.

563 659 761 714 nempe
789 650 1001 714 gentes,
1039 656 1108 695 ex
1139 639 1244 695 [ide
1301 637 1579 692 videlicet.
1635 633 1802 705 35‘.
1833 651 1852 684 ι
1892 631 1948 686 Si
1994 646 2134 700 quo.

563 733 727 788 modo
763 730 829 785 ad
875 729 1239 786 mmulandum
1271 741 1566 798 provocem
1597 741 1817 779 carnem
1861 739 2064 779 meam.
2106 741 2126 774 υ

561 823 606 879 Ο
637 824 918 880 Iudaicam
955 821 1360 892 pervicaciami
1392 819 1512 874 Non
1546 818 1708 884 dixit,
1742 817 2128 883 Persuadeam,

561 915 682 979 sed,
728 932 747 965 ι
781 913 862 968 Ad
887 911 1254 968 aemulandum
1286 926 1607 980 provocem,
1638 928 1658 962 ›
1707 918 1966 979 tanquam
2018 924 2131 963 non

558 1005 668 1059 alio
698 1003 868 1058 modo
910 987 1024 1058 sint
1056 1001 1346 1064 credituri,
1378 1000 1487 1056 nisi
1515 1001 1866 1055 vehementia
1891 999 2129 1082 quadam

559 1097 730 1152 illata.
760 1096 820 1150 ln
845 1093 1230 1165 superioribus
1275 1093 1496 1163 quidem
1543 1101 1806 1162 cognatos
1835 1101 1998 1148 vocat
2034 1107 2131 1148 eos

557 1204 622 1244 ac
652 1189 850 1244 fratres
882 1205 896 1242 :
928 1202 1078 1242 nunc
1145 1202 1280 1240 vero
1340 1204 1358 1237 ι
1383 1185 1644 1251 Carnem,
1682 1205 1699 1237 ι
1748 1185 2133 1242 familiariores

554 1294 651 1333 eos
673 1278 938 1334 eiliciens.
981 1296 1001 1330 ι
1050 1277 1281 1346 Aliquos
1319 1291 1387 1331 ex
1416 1276 1545 1332 illis.
1593 1295 1610 1327 ι
1647 1276 1726 1330 Ne
1755 1275 1859 1331 hoc
1905 1275 2131 1346 quidem

556 1368 720 1422 modo
751 1383 965 1431 omnes,
1000 1366 1097 1422 sed
1132 1367 1367 1435 aliquos,
1416 1366 1556 1420 adeo
1598 1365 1842 1435 ipsorum
1901 1372 2133 1420 noverat

555 1461 942 1530 pervicaciam.
978 1492 1048 1501 ——
1068 1460 1240 1513 Porro
1263 1457 1409 1527 quod
1433 1458 1510 1512 ait
1540 1475 1553 1510 :
1594 1476 1612 1508 ι
1650 1458 1784 1512 Nam
1815 1459 1861 1512 si
1903 1458 2132 1528 reiectio

555 1553 820 1620 ipsorum,
850 1570 868 1602 ι
898 1561 1030 1615 etc.,
1059 1553 1180 1622 ejus
1214 1549 1469 1620 repetitio
1501 1557 1585 1603 est
1614 1549 1760 1618 quod
1785 1549 1939 1603 dixit.
1973 1549 2131 1616 Quod

555 1643 599 1696 si
623 1643 810 1712 lapsus
841 1643 1110 1712 ipsorum,
1137 1651 1196 1696 ut
1228 1641 1394 1696 etiam
1417 1641 1770 1712 praediximus
1795 1658 1808 1694 :
1838 1651 1934 1696 aut
1965 1657 2131 1696 causa

552 1741 639 1786 est
671 1734 838 1787 studii
863 1733 1042 1796 Pauli,
1075 1742 1136 1786 ut
1178 1732 1280 1801 ipsi
1315 1733 1681 1786 salvarentur.
1707 1732 1886 1787 Veluti
1911 1732 1956 1786 si
2006 1733 2131 1802 quis

555 1821 765 1876 diceret
790 1840 803 1876 :
842 1822 974 1889 Cur,
1014 1823 1203 1888 Paule,
1227 1823 1446 1876 laboras
1469 1839 1566 1892 pro
1594 1822 1842 1878 Juda-is?
1869 1840 1968 1879 cur
1995 1827 2078 1881 ais
2113 1843 2124 1880 :

560 1930 578 1964 ι
621 1912 674 1968 Si
707 1913 983 1983 quomodo
1033 1913 1102 1969 ad
1146 1915 1510 1969 :emulaudum
1563 1930 1854 1984 provocem
1903 1933 2121 1973 carnem

559 2019 732 2058 meam
756 2011 813 2059 et
849 2005 1030 2060 salvos
1075 2005 1272 2060 faciam
1320 2004 1538 2074 aliquos
1569 2020 1636 2059 ex
1675 2005 1828 2061 illis?
1870 2026 1889 2058 ι
1936 2008 2002 2062 Et
2025 2024 2124 2062 cur

556 2105 766 2150 tantum
805 2098 1042 2152 assumis
1070 2096 1366 2151 laborem?
1396 2096 1583 2163 Certe,
1614 2099 1817 2169 inquit,
1867 2101 2126 2155 convenit

555 2187 689 2241 mihi
716 2189 1013 2244 sollicitum
1044 2204 1167 2244 esse
1199 2204 1263 2243 ac
1308 2189 1583 2245 laborare.
1635 2190 1769 2244 Nam
1800 2191 1846 2246 si
1899 2195 2126 2264 rejectio

553 2279 820 2349 ipsorum,
861 2288 992 2345 etc.,
1025 2281 1131 2336 hoc
1162 2288 1265 2345 est,
1287 2280 1332 2334 si
1357 2280 1523 2334 etiam
1553 2281 1686 2351 ipsis
1705 2297 1814 2336 non
1843 2285 2127 2352 praesenti-

553 2370 657 2424 bus
677 2372 820 2426 Deus
843 2372 1050 2426 mundo
1067 2373 1458 2427 reconciliatus
1478 2383 1581 2438 est,
1601 2382 1656 2428 et
1684 2375 1897 2430 medius
1920 2378 2123 2446 paries,

551 2463 755 2516 veteris
781 2461 1082 2516 inimicitia:
1111 2461 1180 2516 de
1211 2461 1395 2516 medio
1444 2463 1694 2518 sublatus
1735 2477 1838 2530 est,
1865 2467 2018 2534 quid,
2056 2483 2124 2522 an

551 2564 662 2602 non
692 2551 1012 2620 contingere
1042 2551 1254 2620 poterit
1281 2552 1633 2606 commodum
1666 2555 2013 2626 maximeque
2036 2559 2128 2612 ad-

552 2640 884 2704 mirandum,
919 2641 1034 2696 siet
1058 2642 1263 2696 hisalvi
1291 2642 1422 2697 (iant
1445 2653 1501 2698 et
1528 2644 1936 2716 adjungantur?
1966 2667 1985 2701 ι
2019 2649 2127 2706 lle-

553 2733 868 2787 conciliatio
898 2735 1108 2788 mandi.
1151 2753 1169 2786 ι
1197 2736 1463 2801 Quoniam
1510 2737 1658 2807 ipsos
1682 2754 1900 2794 rursum
1934 2742 2125 2813 objur-

552 2824 721 2894 gavit,
757 2841 974 2879 rursum
1001 2841 1096 2880 eos
1126 2827 1333 2891 laudat,
1363 2828 1556 2883 eadem
1583 2829 1775 2885 dicens
1800 2848 1922 2902 quae
1966 2845 2125 2890 antea

553 2912 699 2969 dicta
743 2924 892 2970 sunt.
931 2916 1066 2970 Nam
1093 2915 1139 2972 si
1192 2918 1337 2988 quod
1376 2919 1477 2988 ipsi
1531 2919 1881 2992 impegerint,
1921 2927 2126 2981 mundo

553 3004 892 3062 fuitoccasio
923 3008 1136 3075 salutis,
1195 3009 1328 3079 quid
1354 3013 1584 3081 -poterit
1617 3015 1888 3084 quispiam
1940 3017 2124 3074 dicere

551 3097 800 3153 futurum
830 3115 951 3154 esse
986 3101 1031 3155 si
1060 3116 1413 3158 assumantur
1440 3121 1470 3158 a
1496 3105 1652 3160 Deo?
1686 3107 1848 3173 Quid,
1876 3109 2121 3180 inquam,

2232 623 2464 694 ζηλώσω
2497 642 2623 695 μου.
2663 642 2682 676 ι
2713 625 2776 676 Ὤ
2797 622 3126 693 φιλονεικίας
3169 621 3480 693 Ἰουδαῖκῆςι
3516 623 3600 679 οὒκ
3615 624 3720 694 εἷπε,

2235 715 2436 782 Πείσω,
2468 717 2624 782 ἀλλὰ,
2658 713 3138 787 ιΠαραζηλὼσω.ο
3165 713 3350 783 ὡςζοῦκ
3373 714 3529 779 ἄλλως
3552 720 3723 792 πεισθη.

2234 808 2498 877 σομένων,
2522 810 2571 862 εἰ
2598 808 2673 878 μὴ
2703 807 2761 874 ἐξ
2803 805 3115 869 ὲπιτάσεὼς
3142 822 3306 869 τινος.
3342 825 3361 858 ι
3397 806 3504 878 Τὴν
3527 808 3720 886 σάρκα.»

2235 899 2383 952 ’Δνω
2415 899 2514 970 μὲν
2536 900 2818 966 συγγενεῖς
2845 898 3041 960 αὐτοὺς
3071 899 3166 951 καὶ
3205 897 3458 964 ἀδελφοὺς
3486 893 3725 964 καλεῖς’νῦν

2230 989 2311 1053 δὲ,
2347 1007 2366 1041 ι
2399 991 2598 1059 σάρκα,
2636 1007 2654 1039 ι
2687 989 2848 1042 πλέον
2864 989 3062 1050 αὐτοὺς
3083 987 3461 1057 οἱκοιούμενος.
3493 1008 3509 1040 ι
3539 990 3728 1057 Τινὰςὲξ
3831 1021 3834 1054 ;

2232 1080 2434 1135 αὐτῶν.
2476 1099 2494 1131 ι
2528 1079 2662 1134 Οὐδὲ
2682 1078 2860 1143 οὕτως
2892 1080 3120 1144 πάντας,
3139 1079 3274 1134 ἀλλὰ
3299 1097 3460 1143 τινας,
3494 1080 3639 1146 οὕτως
3663 1085 3730 1137 αὑ.
3831 1079 3834 1084 ’

2230 1171 2341 1224 τῶν
2366 1173 2482 1242 ᾔδει
2517 1172 2578 1226 τδ
2625 1171 2927 1241 μονότονον.
2960 1202 3032 1214 -
3066 1170 3266 1245 [ΦΩΤ.1
3301 1171 3405 1236 Τδ,
3433 1176 3470 1239 ζ(
3515 1173 3568 1225 Εἰ
3601 1178 3728 1247 γὰρὴ

2231 1262 2472 1332 ἀποϐολὴ
2519 1263 2720 1328 αὐτῶν,
2767 1282 2785 1315 ι
2820 1262 2917 1317 καὶ
2945 1261 3093 1332 ἑξῆς,
3124 1264 3157 1332 ἡ
3182 1262 3506 1331 Eanﬂed/ii;
3528 1265 3625 1316 ἐστι
3645 1266 3728 1330 τοῦ,

2237 1372 2256 1405 ι
2281 1354 2346 1408 Ei
2371 1353 2429 1407 δὲ
2462 1354 2523 1407 τὸ
2548 1356 2902 1425 παράπτωμα
2932 1353 3130 1417 αὐτῶν,
3159 1373 3178 1404 ι
3211 1354 3286 1416 ὡς
3314 1355 3406 1406 καὶ
3425 1356 3727 1426 προείπομεν·

2232 1445 2264 1515 ἢ
2291 1445 2438 1498 αἰτία
2461 1446 2562 1514 τῆς
2594 1446 2831 1515 σπουδῆς
2877 1444 3118 1508 Παύλου,
3155 1445 3258 1514 τῆς
3281 1445 3407 1515 περὶ
3454 1445 3509 1498 τὸ
3549 1447 3731 1517 σωθῆναι

2232 1536 2452 1600 αὐτούς.
2484 1537 2572 1600 Ὦς
2593 1537 2658 1591 ἂν
2683 1538 2837 1600 εἴτις
2865 1537 3037 1604 ἔλεγε·
3064 1536 3129 1589 Τί
3149 1536 3416 1602 σπεύδεις,
3443 1538 3731 1612 Παῦλε,ὺπὲρ

2230 1628 2339 1681 τῶν
2367 1628 2672 1695 Ἰουδαίωνς
2722 1629 2776 1681 τί
2831 1628 3027 1698 λέγων,
3067 1649 3086 1682 ι
3138 1627 3208 1682 Et
3258 1645 3373 1692 πως
3421 1629 3732 1700 παραζηλώσω

2232 1721 2330 1790 τὴν
2357 1719 2537 1791 σάρκα
2568 1738 2692 1790 μου,
2729 1723 2822 1776 καὶ
2837 1724 2996 1774 σώσω
3017 1719 3168 1784 τινὰς
3191 1719 3250 1786 ἐξ
3281 1720 3491 1787 αὐτῶν;
3517 1741 3533 1773 ι
3559 1723 3732 1776 Τίὲστιν

2232 1811 2260 1864 6
2284 1813 2538 1876 τοσοῦτος
2565 1811 2748 1880 ἀγών;
2781 1813 2910 1879 Ναὶ,
2939 1813 3094 1883 φησὶ,
3117 1813 3390 1883 προσήκει
3417 1831 3500 1883 μοι
3522 1813 3730 1879 σπεύδειν,

2233 1904 2326 1955 καὶ
2377 1903 2762 1971 ἀγωνίζεσθαι.
2813 1905 2908 1957 «Εἰ
2954 1905 3063 1975 γὰρ
3091 1906 3124 1976 ὴ
3155 1904 3396 1974 ἀποϐολὴ
3423 1905 3637 1971 nimium
3668 1908 3734 1959 καὶ

2227 1993 2356 2065 ἑῆς
2385 2009 2400 2024 ·
2435 1995 2741 2060 τουτέστιν,
2778 1997 2838 2048 Εἰ
2875 1997 2968 2049 καὶ
2998 1998 3203 2050 τούτων
3243 1997 3598 2060 ἐλλειπόντων,
3629 2000 3733 2068 ὅμως

2228 2085 2546 2156 κατηλλάγη
2573 2087 2601 2138 ό
2633 2087 2765 2151 Θεὸς
2785 2087 2862 2158 τῷ
2883 2087 3094 2158 κόσμῳ,
3124 2091 3220 2143 καὶ
3251 2090 3311 2142 τὸ
3336 2090 3732 2162 μεσότοιχονῆρθη

2225 2178 2324 2247 τῆς
2353 2177 2590 2241 παλαιᾶς
2625 2177 2845 2248 ἔχθρας,
2876 2178 2926 2233 τί
2947 2181 3047 2233 οὐκ
3086 2181 3155 2235 ἂν
3187 2181 3399 2250 γένοιτο
3429 2184 3637 2253 χρηστὸν
3668 2188 3734 2237 καὶ

2235 2267 2721 2339 ὑπερθαύμαστον,
2763 2273 2856 2324 καὶ
2912 2271 3121 2326 τούτων
3165 2271 3448 2327 σωθέντων
3481 2275 3566 2326 καὶ
3612 2291 3735 2345 προσ-

2227 2360 2526 2428 τεθέντωνς
2556 2381 2575 2414 ι
2606 2363 2951 2434 Καταλλαγὴ
2982 2365 3245 2435 κόσμον.»
3287 2366 3498 2438 Ἐπειδὴ
3521 2367 3653 2420 πάλιν
3667 2369 3737 2419 αὐ-

2225 2454 2334 2506 τῶν
2361 2454 2666 2525 καθήψατο,
2723 2455 2882 2509 πάλιν
2917 2457 3114 2520 αὐτοὺς
3143 2458 3380 2520 ἐπαινεῖ,
3423 2458 3488 2511 τὰ
3515 2458 3633 2512 αὖτὰ
3659 2463 3736 2520 τοῖς

2227 2544 2342 2598 ἄνω
2383 2543 2577 2612 λέγων.
2613 2545 2677 2598 Ei
2726 2541 2864 2616 γὰρ,
2917 2547 3105 2615 φησὶν,
3147 2549 3180 2616 ἡ
3228 2548 3582 2617 πρόσκρουσις
3603 2549 3736 2602 αὐτῶν

2228 2637 2505 2707 πρόφασις
2549 2642 2740 2708 γέγονε
2788 2639 3064 2710 σωτηρίας
3125 2640 3203 2709 τῷ
3249 2640 3533 2710 κόσμῳ,τί
3562 2639 3616 2693 ἂν
3635 2641 3736 2693 εἴποι

2225 2748 2310 2794 τις
2339 2732 2421 2783 ὅτι
2443 2731 2616 2797 ἔσται,
2652 2732 2748 2786 ἐὰν
2777 2731 3170 2803 προσληφθῶσι
3215 2733 3372 2805 παρὰ
3409 2733 3570 2798 Θεοῦ;
3598 2735 3650 2786 Ti
3669 2735 3737 2802 μὲν

2227 2817 2322 2876 οὗν
2346 2822 2555 2892 ἕτερον,
2587 2825 2776 2893 φησὶν,
2825 2826 2874 2878 εἰ
2935 2825 3010 2896 μὴ
3055 2825 3358 2891 ἀνάστασις
3387 2827 3614 2896 νεκρῶν;
3639 2825 3738 2879 Ἀλλ’

2227 2915 2415 2986 ὥσπερ
2443 2917 2478 2986 ἠ
2527 2917 2824 2980 ἀνάστασις
2876 2917 2938 2970 οὐ
2982 2917 3072 2970 διὰ
3127 2918 3226 2988 τὴν
3283 2919 3576 2990 πρόσληψιν
3609 2919 3740 2972 αὐτῶν

2226 3006 2402 3072 ἔσται,
2426 3007 2600 3070 οὕτως
2629 3007 2749 3061 οὐδὲ
2789 3011 2822 3079 ἡ
2855 3007 3095 3078 σωτηρῖα
3148 3009 3257 3062 τῶν
3303 3010 3473 3062 ἐθνῶν
3518 3008 3677 3078 γέγονε
3695 3008 3740 3062 δι’

2227 3097 2448 3160 αὐτούς.
2497 3098 2658 3152 Ἀλλὰ
2703 3098 2883 3167 λόγοις
2910 3100 3094 3163 αὐτοῖς
3129 3101 3422 3169 χαρίζεται
3459 3103 3534 3164 εἰς
3559 3103 3611 3156 τὸ
3645 3117 3742 3169 προ-

550 3189 701 3243 aliud
733 3190 839 3244 nisi
874 3193 1341 3249 resurrectionem
1377 3200 1765 3253 mortuorum?
1805 3202 1902 3256 sed
1931 3219 2122 3272 quem-

2226 3189 2548 3259 τρέψασθαι.
2579 3219 2649 3229 -
2684 3191 2940 3257 Ἄλλως.
2975 3193 3036 3244 Ei
3077 3192 3438 3263 ὀργιζόμενος
3455 3194 3634 3257 αὐτοῖς,
3671 3208 3744 3260 φη-

2230 3281 2334 3344 σὶν,
2385 3281 2414 3332 6
2463 3281 2594 3344 Θεὸς
2657 3281 2882 3335 τοιαῦτα
2928 3283 3221 3354 ἐχαρίσατο
3255 3286 3491 3355 ἑτέροις,
3533 3286 3616 3338 καὶ
3656 3285 3744 3341 τοὺς
3843 3281 3845 3306 ⁵

504 3279 846 3356 ’admodum
904 3286 1236 3340 resurrectio
1270 3302 1377 3341 non
1420 3298 1648 3359 propter
1694 3295 2124 3364 assumptionem

550 3371 796 3442 ipsorum
824 3375 950 3437 erit,
981 3375 1054 3430 ita
1078 3393 1256 3448 neque
1277 3381 1424 3434 salus
1450 3383 1695 3452 gentium
1723 3384 1864 3440 facta
1884 3396 1968 3441 est
1999 3405 2126 3456 pro-

551 3470 674 3531 pter
703 3463 871 3532 ipsos.
929 3463 1036 3520 Sed
1081 3467 1166 3521 his
1213 3471 1566 3526 sermonibus
1613 3483 1828 3543 gratum
1880 3493 1938 3531 se
2018 3479 2126 3533 illis

551 3553 760 3621 praebet
788 3564 848 3608 ut
865 3556 1209 3611 exliortetur.
1235 3589 1306 3599 -—
1326 3560 1446 3614 Alio
1469 3561 1639 3617 modo.
1660 3564 1714 3618 Si
1735 3565 1899 3633 Deus,
1923 3567 2122 3638 inquit,

553 3641 662 3696 illis
714 3643 908 3702 iratus,
938 3646 1066 3700 talia
1122 3648 1346 3704 donavit
1377 3651 1519 3717 aliis,
1555 3661 1615 3707 ut
1649 3654 1902 3712 inimicos
1959 3661 2124 3714 etiam

551 3731 758 3788 faceret
790 3737 1020 3802 amicos,
1073 3753 1199 3792 cum
1252 3755 1348 3796 eos
1386 3747 1766 3813 assumpserit,
1830 3750 1961 3818 quid
2015 3767 2124 3806 non

553 3826 835 3894 praestabit
863 3827 886 3880 ?
931 3828 1058 3883 Vita.
1081 3844 1148 3884 ex
1184 3831 1420 3887 mortuis
1443 3841 1574 3889 tunc
1600 3837 1728 3901 erit,
1750 3837 1803 3891 id
1828 3849 1930 3905 est,
1969 3842 2128 3899 innu-

550 3931 701 3970 mera
727 3917 890 3985 bona,
920 3936 1042 3974 nam
1068 3922 1174 3976 hoc
1192 3923 1460 3994 significat
1485 3941 1583 3996 per
1617 3947 1636 3979 ι
1670 3928 1867 3985 Vitam.
1897 3953 1914 3984 ι
1950 3935 2124 3993 Simul

549 4007 715 4061 etiam
751 4008 931 4063 innuit
965 4012 1222 4080 quiddam
1275 4017 1603 4086 profundius
1638 4038 1652 4074 :
1688 4023 1834 4091 quod
1865 4026 2008 4082 sicut
2036 4046 2125 4085 rc-

549 4100 824 4153 surrectio
847 4116 914 4155 ex
947 4105 1181 4160 mortuis
1213 4123 1319 4160 non
1363 4118 1588 4178 propter
1619 4111 1836 4170 Iudaeos
1859 4119 1965 4172 erit
2000 4138 2013 4173 :
2050 4123 2123 4176 ita

550 4208 654 4248 nec
686 4195 918 4249 aliorum
953 4199 1102 4253 salus
1136 4210 1364 4268 propter
1392 4202 1540 4272 ipsos
1583 4203 1726 4260 facta
1751 4219 1899 4264 esset
1930 4214 2032 4266 nisi
2061 4214 2125 4266 Ii-

549 4283 676 4339 dem
704 4286 1045 4343 habuissent.
1098 4289 1235 4345 Nam
1285 4292 1467 4345 omnia
1499 4309 1620 4362 quae
1657 4311 1758 4364 pro
1803 4299 1913 4354 illis
1966 4302 2120 4369 dicit,

550 4375 750 4447 frigida
782 4387 864 4447 (ut
894 4381 1068 4450 aiunt)
1093 4383 1268 4451 gratia
1301 4383 1544 4438 tribuere
1567 4386 1786 4441 videtur
1814 4407 1826 4442 :
1856 4393 2122 4460 quemad-

548 4466 774 4519 modum
831 4469 1226 4536 aegrotantibus
1274 4469 1594 4540 frequenter
1647 4473 1855 4532 faciunt
1899 4480 2119 4536 medici.

2227 3367 2476 3437 ἐχθροὺς,
2514 3370 2700 3439 φίλους
2730 3371 3005 3439 ἐποίησεν,
3031 3373 3381 3439 ὄταναῦτοὶις
3411 3375 3740 3447 προσλάεηται,

3843 3367 3845 3460 i

2226 3459 2280 3511 τί
2309 3461 2408 3514 οὐκ
2437 3461 2502 3514 ἂν
2534 3465 2840 3531 χαριεῖται;
2869 3463 2988 3534 Ζωὴ
3021 3463 3131 3534 γὰρ
3162 3466 3226 3518 ἐκ
3251 3465 3468 3537 νεκρῶν
3489 3465 3598 3519 τότε
3615 3467 3741 3526 ἔσται,
3843 3475 3845 3522 ἓ

2227 3554 2506 3607 τουτέστιν
2544 3557 2746 3625 ἄπειρα
2790 3557 2985 3625 ἀγαθά.
3026 3557 3197 3611 Τοῦτο
3237 3561 3356 3628 γὰρ
3401 3559 3544 3630 δηλοί
3568 3557 3642 3611 διὰ
3675 3557 3742 3624 τῆς

2227 3642 2395 3713 (huic.
2441 3664 2460 3697 ι
2491 3647 2640 3712 ’Ἅμα
2669 3647 2725 3700 δὲ
2751 3648 3045 3701 αἰνίττεται
3069 3667 3120 3700 τι
3143 3647 3467 3720 βαθύτερον,
3501 3655 3574 3706 δτι
3604 3649 3744 3717 ὥσπερ

2228 3737 2260 3805 ἡ
2293 3737 2356 3788 ἐκ
2385 3737 2595 3808 νεκρῶν
2624 3739 2918 3800 ἀνάστασις
2947 3741 3008 3792 οὐ
3034 3739 3122 3793 διὰ
3145 3743 3273 3806 τοὺς
3311 3743 3584 3805 Ἰουδαίους
3611 3742 3740 3801 ἔσται,

2226 3825 2402 3891 οὕτως
2432 3829 2552 3882 οὐδὲ
2586 3830 2758 3882 ἄλλων
2787 3832 3032 3901 σωτηρία
3059 3832 3128 3886 δι’
3153 3834 3379 3900 αὐτοὺς,
3409 3837 3456 3888 εἰ
3489 3835 3559 3905 μὴ
3594 3837 3742 3887 ἐκεῖνος

2230 3923 2409 3978 πίστιν
2436 3925 2628 3994 ἔχοιεν.
2666 3928 2732 3979 Ἃ
2753 3929 2860 3998 γὰρ
2895 3930 3108 3998 ἅπαντα
3139 3930 3290 3985 δοκεῖ
3325 3934 3500 4001 λέγειν
3528 3935 3649 4005 ὑπὲρ
3677 3937 3742 3985 αὖ·

2228 4018 2354 4081 τῶν,
2386 4019 2784 4092 ψυχρὰνξχάριν
2799 4024 3156 4094 χαριζόμενος
3179 4025 3351 4096 λέγει,
3383 4029 3460 4092 ὡς
3496 4033 3581 4082 καὶ
3613 4032 3742 4097 ἰατροὶ

2227 4109 2490 4173 πολλάκις
2539 4112 2755 4165 ποιοῦσι
2783 4117 2896 4177 τοῖς
2947 4115 3241 4184 κάμνουσι.
3273 4150 3343 4158 -
3595 4121 3644 4171 Ei
3667 4120 3742 4186 γὰρ

2227 4203 2320 4255 καὶ
2349 4203 2592 4274 μεγίστῳ
2624 4206 2803 4274 μέρει,
2857 4207 3014 4276 φησὶ,
3048 4207 3444 4279 ζημιουμένων
3487 4212 3589 4265 τῶν
3621 4210 3743 4272 Socr.-

2228 4298 2424 4362 μένων,
2453 4297 2601 4367 ὅμως
2639 4299 2672 4368 ἠ
2709 4301 2952 4368 σωτηρία
3011 4300 3192 4353 αὐτῶν
3237 4304 3551 4375 καταλλαγὴ
3583 4304 3742 4370 γίνεται

2227 4389 2453 4458 κόσμου,
2492 4393 2585 4443 καὶ
2617 4393 2650 4460 ἡ
2682 4391 2850 4461 ἔχθρα
2882 4395 2913 4462 ἠ
2945 4394 3080 4462 πρὸς
3101 4395 3192 4447 τὸν
3220 4395 3358 4448 Θεὸν
3388 4397 3643 4450 διαλύεται
3666 4396 3744 4446 τῶν

2226 4478 2549 4550 ἀνθρώπων,
2584 4480 2636 4532 τί
2659 4482 2764 4551 χρὴ
2807 4481 3134 4549 λογίζεσθαι,
3163 4485 3336 4538 ὲπειδ⁹
3357 4486 3425 4538 ἂν
3459 4487 3547 4540 καὶ
3573 4484 3680 4537 αὐτὸ
3702 4481 3743 4532 τὸ

549 4556 708 4612 Licet
733 4557 882 4613 enim
908 4561 1142 4613 maxima
1166 4571 1342 4629 parte,
1373 4563 1572 4632 inquit,
1597 4563 1796 4620 damno
1822 4568 2036 4625 affectis
2055 4571 2122 4626 iis

2229 4572 2416 4642 μέρος,
2442 4573 2578 4642 ὅπερ
2595 4575 2746 4626 ἐστὶν
2775 4576 2824 4627 οἱ
2851 4575 3120 4641 Ἰουδαῖοι,
3151 4577 3479 4648 προσληφθῇ
3507 4581 3591 4632 καὶ
3619 4593 3745 4647 προς-

547 4649 645 4719 qui
673 4651 809 4705 salvi
838 4650 1000 4716 ﬁunt,
1028 4651 1394 4710 nihilominus
1415 4656 1566 4710 salus
1608 4658 1850 4727 ipsorum
1879 4664 2122 4719 reconci-

546 4742 700 4798 liatio
732 4743 882 4798 mudi
913 4744 1167 4809 efﬁcitur,
1200 4744 1361 4816 355
1396 4747 1792 4820 hominumque
1837 4752 2120 4811 inimicitia

547 4849 671 4903 quae
699 4835 966 4891 adversus
997 4835 1169 4889 Deum
1191 4845 1329 4902 erat,
1358 4837 1703 4908 dissolvitur,
1743 4843 1877 4912 quid
1927 4844 2118 4900 existi-

548 4941 700 4980 mare
725 4937 964 4996 oportet,
1003 4927 1097 4984 ubi
1129 4928 1222 4984 ilia
1254 4945 1474 5000 quoque
1505 4947 1655 5001 pars,
1696 4950 1894 5005 nempe
1922 4936 2116 5002 Judaei,

546 5027 825 5086 assumpta
856 5018 1044 5082 fuerit,
1093 5029 1149 5074 ct
1179 5021 1246 5076 iis
1275 5023 1368 5089 qui
1400 5021 1534 5077 salvi
1604 5025 1744 5079 ﬁunt
1797 5027 2024 5084 addita?
2049 5059 2120 5070 —

545 5101 688 5168 Quid
713 5104 878 5174 igitur
899 5116 985 5162 est
1021 5110 1324 5181 assumptio
1362 5111 1606 5180 ipsorum
1633 5112 1747 5169 sive
1778 5117 2121 5173 additamen-

549 5203 664 5249 tum
691 5197 795 5250 nisi
823 5213 1030 5268 magnte
1054 5200 1302 5256 divitiae?
1334 5203 1440 5258 nisi
1474 5203 1775 5273 perfectum
1812 5208 2116 5281 integrum-

543 5303 653 5357 que
681 5289 962 5359 gaudium,
998 5293 1159 5361 quale
1183 5293 1289 5348 erit
1333 5294 1385 5349 in
1438 5297 1677 5366 perfecta
1729 5304 2117 5373 communique

542 5381 654 5434 vita
706 5397 770 5435 ac
830 5385 1229 5440 resurrectione
1287 5403 1353 5440 ex
1414 5389 1666 5444 mortuis.
1714 5410 1732 5442 ι
1771 5391 1884 5447 Nisi
1912 5395 2021 5449 vita
2051 5413 2116 5450 ex

547 5473 816 5528 mortuis?
843 5493 860 5525 ι
895 5474 950 5529 Si
977 5475 1100 5541 hoc,
1126 5476 1326 5546 inquit,
1351 5494 1470 5548 qua:
1503 5481 1612 5535 erit
1637 5484 1942 5552 assumptio
1968 5483 2114 5553 ipso-

545 5579 687 5629 rum,
734 5565 840 5620 nisi
890 5575 949 5621 ut
996 5567 1246 5625 dicamus
1294 5571 1438 5640 quod
1485 5571 1632 5641 ipsos
1685 5577 1924 5642 peccatis
1969 5591 2116 5630 mor-

543 5663 691 5722 tuos,
722 5658 962 5714 viviticat
993 5662 1086 5732 qui
1135 5664 1389 5728 assumit,
1433 5680 1636 5733 nempe
1684 5667 1871 5720 Deus?
1906 5689 1922 5718 ‹
1957 5668 2114 5735 Quod

543 5747 590 5800 si
635 5747 892 5816 primitia:
913 5763 1134 5808 sanctae.
1171 5773 1189 5806 ι
1221 5755 1335 5809 Hoc
1369 5753 1435 5808 ad
1466 5755 1826 5810 astruendum
1857 5761 2112 5828 estquod

543 5837 769 5893 omnino
799 5841 1155 5899 salvahuntur
1181 5845 1354 5902 Judici
1382 5862 1396 5900 :
1425 5845 1588 5916 idque
1615 5844 1904 5902 confirmat
1934 5847 2112 5920 dupli-

2404 4635 2529 4728 ⁷τοῖς
2549 4635 2560 4642 ⁹
2591 4666 2919 4736 σωζομένοις
2955 4635 3118 4734 ;,--’
3147 4635 3497 4739 ΙόΙΚΟλίΜΤ]
3545 4671 3628 4730 Ti;
3657 4635 3744 4718 ὀὖν
3844 4635 3845 4682 ἒ

2221 4753 2369 4808 ἐστιν
2404 4757 2436 4824 ἠ
2485 4757 2787 4828 πρόσληψις
2829 4757 3008 4812 αὐτῶν
3054 4759 3149 4812 καὶ
3196 4761 3229 4831 ἡ
3274 4763 3594 4832 προσθήκη,
3623 4761 3664 4812 εἰ
3691 4757 3743 4825 μὴ

2225 4847 2400 4917 μάγοις
2446 4848 2674 4913 πλοῦτος
2697 4891 2712 4915 ,
2761 4851 2810 4902 ei
2859 4850 2933 4920 μὴ
2967 4851 3149 4906 τελεία
3185 4855 3280 4906 κα)⁸
3303 4853 3592 4924 ὁλόκληρος
3618 4849 3741 4921 χαρὰ.

2219 4937 2294 5001 ὡς
2335 4939 2428 4992 ἐπὶ
2493 4939 2678 5009 τελείᾳ
2746 4943 2976 5012 κοινωνῇ
3050 4943 3163 5014 ζωῇ
3229 4947 3325 4996 καὶ
3381 4945 3656 4998 ἀναϐιώσει
3699 4942 3745 4992 ὲκ

2221 5029 2464 5098 νεκρῶν;
2509 5050 2527 5084 ι
2555 5032 2616 5084 Ei
2649 5031 2724 5101 μὴ
2759 5031 2872 5104 ζωὴ
2903 5033 2965 5087 ὲκ
2993 5035 3224 5106 νεκρῶν.
3265 5055 3282 5088 ι
3323 5038 3388 5090 Εἰ
3414 5038 3586 5098 τοῦτο,
3626 5035 3742 5102 φησὶ.

2217 5121 2273 5174 τι
2312 5121 2464 5174 ἔσται
2507 5123 2540 5193 ἡ
2593 5123 2894 5192 πρόσληψις
2932 5127 3152 5192 αὐτῶν,
3202 5128 3251 5180 εἰ
3304 5129 3383 5198 μὴ
3429 5129 3514 5180 ἵνα
3547 5128 3742 5192 εἴπωμεν

2219 5213 2300 5265 ὅτι
2340 5213 2708 5278 ἀποθανόντας
2743 5216 2940 5280 αὐτοὺς
2978 5220 3098 5281 ταῖς
3136 5220 3463 5289 ἁμαρτίαις,
3499 5219 3744 5284 ζωοποιεΞό

2219 5305 2656 5374 προσλαμϐάνων
2683 5307 2848 5372 Θεός;
2892 5325 2910 5358 ι
2948 5309 3009 5360 Ei
3054 5308 3112 5361 δὲ
3146 5311 3179 5379 ἡ
3219 5311 3446 5382 ἁπαρλὴ
3479 5311 3618 5378 ἁγία.
3652 5328 3669 5359 ι
3696 5334 3745 5348 --

2219 5393 2418 5465 [φρει]
2476 5395 2647 5448 Τοῦτο
2725 5399 3351 5464 ὲπικατασκευαστικὺν,
3414 5405 3500 5454 ὅτι
3572 5402 3744 5456 πάντως

2217 5486 2422 5555 ἐάνπερ
2446 5485 2661 5548 θέλωσι,
2697 5488 3032 5558 σωθήσονται
3075 5492 3124 5544 οἱ
3181 5492 3451 5545 Ἰουδαῖοι.
3492 5495 3591 5545 Rati
3614 5506 3744 5544 κατα-

2219 5575 2473 5640 σκευάζει
2501 5578 2628 5631 αὑτδ
2654 5579 2840 5648 διχῶς.
2875 5581 3100 5650 Πρῶτον
3129 5583 3226 5652 μὲν
3250 5585 3310 5635 ὲκ
3331 5582 3742 5653 τῆςάκολουοίας,

2216 5665 2467 5739 δεύτερον
2503 5668 2560 5721 δὲ
2589 5671 2825 5739 ἀπορίαν
2870 5673 3003 5741 πρὸς
3035 5674 3190 5726 τοῦτο
3224 5677 3556 5744 φερομένην,
3585 5674 3746 5726 πολλα·

2216 5757 2348 5825 χῶς,
2383 5758 2757 5828 ὲπιλυόμενος.
2797 5760 3076 5832 Ἀπαρκὴν
3100 5765 3156 5816 δὲ
3179 5768 3269 5817 καὶ
3299 5766 3461 5836 ῥίζαν
3483 5765 3626 5819 καὶεί
3647 5766 3744 5818 τοὺς

2220 5847 2365 5918 ἀμφὶ
2389 5848 2482 5901 τὸν
2522 5848 2793 5920 Ἀϐραάμυ
2829 5852 3060 5925 φύραμα
3081 5854 3135 5906 δὲ
3168 5858 3257 5908 καὶ
3289 5857 3538 5921 κλάδους,
3561 5856 3667 5916 τοὺς
3696 5853 3746 5902 ἐκ
