3880 6554
101 428 187 490 ὖὶθ

1130 424 1515 487 COMMENT.
1546 425 1625 484 ΙΝ
1661 425 1898 487 EPIST.
1935 428 2035 487 AD
2063 428 2246 494 ROM.

3225 434 3329 498 550

97 537 176 591 τοῦ
205 535 390 604 γένους
414 535 576 591 αὑτοῦ
608 537 1021 602 πιστεύσαντας.
1057 556 1075 590 ι
1113 539 1222 592 Καὶ
1273 539 1336 591 τὸ
1365 535 1612 607 φύραμα.
1636 551 1654 584 ι

1768 533 1900 587 citer
1939 534 2216 603 :prlmum
2243 534 2463 606 quidem
2499 551 2565 591 ex
2612 536 3006 607 consequentia
3043 555 3056 592 :
3087 541 3329 596 secundo

97 631 149 682 Et
193 628 282 683 οὖν
337 629 440 684 σὺν
472 631 540 699 τῇ
586 629 810 701 ἀπαρχῇ
843 631 938 685 καὶ
974 633 1040 702 τῇ
1074 631 1224 705 ῥίζῃ,
1259 632 1474 699 ἀνάγκη
1503 621 1643 680 εἶναι

96 723 232 787 ἆγιον
266 719 327 772 τὺ
357 719 583 790 φύραμα
617 721 709 774 καὶ
747 721 875 786 τοὺς
905 722 1155 785 κλάδους,
1193 723 1244 774 οἱ
1291 721 1348 774 δέ
1403 716 1646 772 Ἰουδαῖοι

93 813 175 880 οὐχ
227 811 397 878 ἅγιοι,
441 811 547 881 ἄρα
599 813 696 866 καὶ
733 813 834 882 τῆς
890 812 1216 882 συγγενείας
1249 811 1509 876 ἐξέπεσον
1549 805 1646 860 τοῦ

105 901 785 976 Ἀδραάμ.-[01ΚΟΥΜ.]
819 905 890 959 Ἦ
919 905 1001 959 ὅτι
1029 904 1229 967 αὐτοὺς
1257 902 1450 970 ἁγίους
1471 897 1648 960 καλεῖ,

95 995 373 1066 προτρέπει
415 998 493 1059 είς
541 996 640 1066 τὴν
668 997 872 1061 πίστιν,
901 997 976 1062 ὼς
1018 999 1067 1051 τί
1095 992 1280 1051 εἶπενο
1316 987 1650 1062 Ἐπιτήδειοί

95 1089 200 1140 ἐστε
236 1087 328 1140 καὶ
354 1087 681 1157 πρέποντες,
704 1090 764 1142 τὸ
795 1088 975 1142 θέλειν
1007 1089 1138 1160 ὑμῖν
1165 1087 1343 1140 λείπει
1371 1085 1550 1156 μόνον.

1752 638 1884 676 vero
1914 638 2034 677 eam
2080 641 2202 696 qua:
2245 627 2312 680 ad
2357 627 2464 681 hoc
2506 627 2738 682 aﬂ‘ertur
2785 627 3159 685 difﬁcultatem
3215 631 3327 686 l're-

1752 722 1988 784 quenter
2041 715 2368 772 dissolvens.
2421 719 2701 776 Primitias
2763 731 2950 776 autem
2998 732 3055 777 et
3088 723 3327 778 radicem

1753 805 1935 859 vocati
1979 805 2158 876 ipsum
2217 809 2497 864 Abraham
2537 828 2551 864 :
2591 813 3041 882 conspersionem
3096 829 3230 868 vero
3275 824 3332 868 et

1757 911 1963 961 ramos,
1999 912 2094 953 eos
2127 899 2221 969 qui
2274 915 2341 954 ex
2390 901 2509 972 ejus
2543 917 2743 973 genere
2797 903 3172 960 crediderunt.
3211 923 3227 956 ι
3266 905 3332 959 Et

1757 989 2097 1058 conspersio.
2139 1007 2158 1042 ι
2198 987 2254 1045 Si
2284 1005 2414 1062 ergo
2448 1009 2572 1047 cum
2608 994 2869 1062 primitiis
2915 1004 2973 1050 et
3011 996 3195 1051 radice
3253 996 3329 1050 si-

1759 1081 1874 1134 mul
1903 1097 2130 1139 necesse
2155 1091 2242 1140 est
2269 1093 2325 1140 et
2354 1088 2804 1155 conspersiouem
2833 1101 3078 1144 sanctam
3116 1106 3236 1146 esse
3267 1105 3331 1144 ac

97 1195 277 1244 ramos,
312 1179 488 1235 Judaei
519 1197 655 1236 sero
704 1198 814 1237 non
844 1190 975 1237 sunt
1004 1183 1200 1268 sancti,
1262 1181 1454 1250 utique
1484 1177 1652 1234 etiam
1689 1189 1718 1228 a
1740 1177 2065 1245 cognatione
2088 1179 2367 1235 Abraham
2403 1180 2751 1236 exciderunt.
2781 1214 2853 1224 —
2920 1185 3012 1240 Vel
3048 1187 3176 1255 quia
3231 1201 3329 1240 eos

94 1281 293 1326 sanctos
319 1284 502 1339 vocat,
561 1274 816 1330 hortatur
865 1275 932 1329 ad
982 1273 1170 1341 ﬁdem,
1228 1288 1294 1330 ac
1377 1273 1423 1327 si
1483 1270 1747 1325 diceret:
1785 1269 1912 1340 Apti
1951 1271 2084 1326 estis
2140 1287 2206 1328 ac
2256 1272 2668 1340 convenientes,
2739 1275 2912 1331 solum
2973 1279 3114 1332 velle
3172 1279 3330 1336 vobis

93 1364 243 1417 desst.

153 1459 213 1509 Ei
241 1454 306 1510 δέ
337 1473 503 1523 τινες
524 1417 649 1512 τῶν
671 1458 912 1514 κλάδων
934 1461 1435 1529 ἐξεκλάσθησαν,
1459 1455 1540 1511 σὺ
1586 1451 1654 1507 δὲ

92 1549 411 1616 ἀγριέλαιος
432 1549 518 1602 ὢν
545 1550 1005 1620 ἐνεκεντρίσθης
1028 1553 1096 1606 ἐν
1124 1549 1351 1614 αὐτοῖς,
1376 1548 1474 1603 καί
1506 1561 1655 1612 συγ·-

1827 1449 1921 1512 XI,
1953 1449 2134 1505 17-21.
2158 1447 2312 1516 Quod
2339 1453 2387 1505 si
2412 1451 2660 1506 nonnulli
2693 1453 2830 1504 rami
2859 1453 3237 1520 defractisuut,
3275 1460 3328 1504 tu

1758 1551 1937 1596 autem
1965 1559 2083 1596 cum
2113 1541 2342 1596 oleaster
2369 1560 2525 1608 esses,
2549 1545 2739 1597 insitus
2769 1545 2914 1612 fuisti
2964 1544 3092 1606 illis,
3127 1553 3174 1596 ct
3207 1560 3331 1596 con-

96 1637 358 1702 κοινωνὸς
386 1637 501 1718 τῆς
524 1639 695 1707 ῥίζης
724 1643 820 1696 καί
854 1639 964 1708 τῆς
998 1641 1278 1709 πιότητος
1306 1638 1424 1707 τῆς
1447 1637 1656 1702 ἐλαίας

1768 1649 1872 1686 sors
1904 1633 2098 1685 radicis
2136 1649 2199 1685 ac
2218 1633 2548 1703 pinguedinis
2587 1632 2714 1686 olea:
2746 1633 2915 1702 factus
2941 1650 3015 1696 es,
3054 1650 3118 1686 ne
3149 1633 3334 1704 glorie-

97 1725 304 1794 ἐγένου,
324 1727 414 1794 μὴ
445 1729 805 1797 κατακαυχῶ
834 1728 954 1782 τῶν
979 1728 1240 1784 κλάδων.
1279 1730 1347 1782 El
1385 1728 1452 1781 δὲ
1474 1741 1654 1779 κατα-

105 1812 405 1882 καυχᾶσαι,
457 1818 530 1870 οὺ
581 1814 663 1870 σὺ
719 1817 834 1884 τὴν
869 1817 1040 1886 ῥίζαν
1070 1814 1410 1882 βαστάζεις,
1440 1815 1576 1869 ἀλλ’
1618 1814 1656 1881 ἠ

1761 1726 1833 1778 ris
1859 1725 2107 1778 adversus
2137 1741 2333 1778 ramos.
2388 1724 2538 1789 Quod
2562 1726 2608 1778 si
2633 1735 2821 1778 contra
2849 1724 3123 1795 gloriaris,
3152 1742 3251 1777 non
3273 1733 3330 1777 tu

1764 1817 1991 1870 radicem
2025 1827 2225 1886 portas,
2250 1817 2341 1870 sed
2368 1819 2524 1870 radix
2551 1826 2617 1871 te.
2673 1817 2820 1870 Dices
2845 1821 3024 1888 itaque
3051 1835 3068 1872 :
3098 1818 3331 1887 Defracli

93 1904 203 1972 ῥίζα
223 1904 314 1961 σέ.
359 1907 548 1975 Ἐρεῖς
591 1904 726 1974 οὖν,
759 1910 1256 1978 Ἐξεκλάσθησαν
1305 1910 1519 1965 κλάδοι
1553 1908 1655 1961 ἵνα

1768 1918 1884 1962 sunt
1914 1910 2053 1962 rami
2078 1917 2134 1962 ut
2163 1925 2254 1980 ego
2294 1909 2574 1962 insererer.
2606 1909 2766 1970 Bene,
2803 1918 3015 1980 propter
3051 1909 3330 1962 inci-edulio

95 1998 188 2067 irin
242 2000 681 2069 ἐγκεντρισθῶ;
724 2003 932 2067 Καλῶς
961 2017 976 2032 ·
1008 2003 1082 2071 τῇ
1125 2005 1373 2070 ἀπιστίᾳ
1403 1999 1654 2066 ἐξεκλά-

99 2096 331 2160 σθησαν,
365 2095 451 2149 σὺ
501 2095 570 2149 δὲ
619 2095 694 2164 τῇ
732 2099 929 2151 πίστει
970 2097 1252 2164 ἕστηκας.
1299 2095 1395 2162 Μὴ
1425 2095 1658 2163 ὑψηλο-

99 2186 297 2252 ρρίνει,
351 2186 521 2240 ἀλλὰ
561 2187 771 2256 φοϐοῦ.
819 2189 882 2242 El
919 2188 1028 2258 γὰρ
1078 2190 1111 2241 ὁ
1161 2187 1306 2254 Θεὸς
1348 2184 1468 2239 τῶν
1507 2186 1660 2238 κατὰ

101 2277 264 2341 ςύσιν
306 2276 559 2331 κλάδων
597 2280 710 2333 οὐκ
758 2279 1067 2348 ἐφείσατο,
1102 2279 1188 2350 μή
1222 2294 1348 2344 πως
1370 2277 1512 2333 οὐδὲ
1542 2277 1658 2332 σοῦ

102 2369 356 2434 ρείσηται
370 2410 383 2423 .

163 2478 179 2508 ι
213 2461 268 2512 Εἰ
302 2461 370 2514 δέ
393 2477 536 2524 τινες
563 2462 672 2516 τῶν
705 2463 939 2519 κλάδων.
972 2483 990 2515 ι
1043 2463 1393 2535 Ὀλιγότητος
1447 2477 1658 2532 σημανο

103 2549 234 2620 τικὴν
261 2551 482 2605 τέθεικε
533 2552 682 2619 λέξιν
725 2556 1222 2626 παραμυθούμενος
1269 2554 1491 2618 αὐτοὺς,
1530 2552 1658 2606 ἐπεὶ

104 2642 195 2694 ἅνω
220 2641 390 2712 δηλοῖ,
418 2645 500 2696 ὅτι
531 2644 698 2712 ὀλίγοι
735 2646 1039 2716 ἐσώθησαν·
1071 2649 1146 2710 ὠς
1173 2649 1302 2702 ὅταν
1331 2645 1500 2715 λέγει’
1537 2664 1556 2698 ι
1586 2644 1661 2700 Τὸ

107 2733 428 2804 κατάλειμμα
482 2735 813 2807 σωθήσεται.
855 2757 873 2792 ι
909 2767 980 2780 -
1040 2759 1059 2792 ι
1126 2738 1560 2807 Ἐξεκλάσθησαν
1591 2739 1658 2808 τῇ

107 2825 322 2895 ἀπιστίᾳ.
373 2826 444 2879 Σὺ
499 2825 557 2878 δὲ
611 2829 923 2898 ἀγριέλαιος
969 2827 1064 2884 ὢν.
1117 2847 1136 2882 ι
1170 2829 1336 2882 Ὅσον
1383 2827 1659 2880 δείκνυσιν

109 2916 310 2978 εὐτελεῖς
344 2918 474 2978 τοὺς
502 2917 561 2982 ἐξ
589 2918 780 2980 ἐθνῶν,
815 2921 1069 2973 τοσοῦτον
1120 2920 1282 2973 πλέον
1321 2918 1649 2990 πσρακνίζει

109 3006 290 3067 αὐτούς.
342 3005 529 3058 Εἰπὼν
575 3008 651 3070 δὲ,
705 3028 721 3060 ι
759 3008 1228 3080 Ἐνεκεντρίσθης,
1303 3028 1321 3061 ι
1389 3009 1660 3062 δείκνυσιν

112 3095 158 3144 ὲν
181 3097 239 3164 τῇ
267 3094 605 3166 διαφερούσῃ
663 3098 848 3162 αὐτοῖς
881 3098 1007 3170 ῥίζῃ
1049 3099 1421 3168 ἐφεστηκότας
1455 3099 1580 3159 τοὺς
1603 3095 1661 3160 ἐξ

113 3185 272 3238 ἐθνῶν.
296 3183 453 3256 ’Δρα
510 3189 572 3241 οὐ
605 3189 1033 3260 παρακνίζοντος
1059 3190 1129 3242 τὰ
1171 3190 1427 3260 ῥήματας
1465 3206 1483 3239 ⁸
1521 3189 1661 3254 ευτ’

114 3279 342 3343 κοινωνὸς
372 3280 472 3349 τῆς
501 3281 682 3352 ῥίζης.
722 3300 740 3331 ι
777 3282 948 3335 Τοῦτο
979 3281 1328 3350 ταλαιπωρία
1369 3280 1660 3340 Ἰουδαίων,

113 3368 161 3419 τὸ
203 3369 322 3430 τοὺς
376 3371 518 3423 κατὰ
554 3371 720 3440 μηδὲν
772 3369 1162 3442 διαφέροντας,
1221 3371 1514 3432 κοινωνοὺς
1562 3367 1663 3436 τῆς

113 3458 447 3531 διαφερούσης
501 3462 683 3524 αὐτοῖς
731 3463 986 3530 γενέσθαι
1023 3461 1201 3534 ῥίζης,
1251 3463 1447 3523 αὐτοὺς
1477 3460 1533 3512 δὲ
1578 3458 1666 3522 ἐξ·

113 3550 352 3620 ωσθῆναι.
383 3571 402 3604 ι
429 3554 520 3625 Μὴ
556 3555 889 3624 κατακαυχῶ
937 3555 1046 3607 τῶν
1082 3553 1316 3608 κλάδων.
1356 3572 1374 3605 ι
1411 3552 1663 3605 Δείκνυσι

116 3639 194 3710 τὴν
227 3643 366 3710 ἄγαν
413 3645 692 3698 εὐτέλειαν
740 3646 849 3698 τῶν
917 3646 1208 3699 Ἰουδαίων.
1265 3646 1340 3698 Οὐ
1389 3645 1494 3715 γὰρ
1521 3639 1663 3710 εἷπε,

119 3733 316 3803 Καυχῶ,
351 3737 504 3802 ἀλλὰ,
522 3737 908 3806 Κατακαυχῶ,
939 3739 1074 3810 ὅπερ
1092 3739 1182 3791 ἐπὶ
1208 3739 1314 3791 τῶν
1353 3737 1526 3808 χαμαὶ
1546 3753 1664 3789 κει-

122 3824 268 3891 μένων
299 3828 530 3893 γίνεται.
554 3827 687 3882 Εἶτα
716 3829 812 3881 καὶ
843 3828 1177 3899 παραδάκνει
1203 3828 1419 3894 αὐτοὺς,
1451 3825 1664 3890 δεικνὺς

121 3918 415 3986 καυχήσεως
463 3919 588 3983 ἄξια
649 3936 712 3972 συ
723 3919 1060 3991 μϐεὸηκέναι
1089 3921 1200 3982 τοῖς
1236 3919 1448 3971 ἔθνεσιν
1477 3919 1540 3969 ἐκ
1565 3918 1666 3986 τῆς

121 4007 350 4073 πίστεως,
385 4013 433 4063 εί
489 4012 583 4064 καὶ
630 4013 707 4082 μὴ
753 4013 1022 4084 προσήκει
1073 4010 1419 4080 καυχᾶσθαι,
1479 4009 1663 4080 φησίν.

127 4101 235 4152 «Οὐ
294 4104 357 4154 σὺ
405 4102 501 4172 τὴν
545 4104 700 4174 ῥίζαν
753 4104 1066 4174 βαστάζεις,
1103 4104 1218 4156 ἀλλ’
1285 4105 1315 4173 ί)
1352 4101 1477 4173 ῥίζα
1523 4102 1603 4156 σέ.
1640 4119 1659 4152 ι

123 4190 210 4242 Καὶ
267 4192 320 4244 τί
383 4191 542 4244 τοῦτο
603 4193 739 4259 πρὸς
767 4194 895 4256 τοὺς
941 4191 1344 4255 ἐκκλασθέντας
1397 4190 1662 4256 κλάδους;

124 4283 282 4336 Οὐδέν.
315 4285 375 4336 El
413 4285 511 4354 μὲν
549 4285 659 4353 γὰρ
707 4285 806 4354 τῆς
863 4284 1020 4356 ῥίζης
1051 4281 1510 4353 κατεκαυχὼμην,
1554 4278 1666 4352 εἶχε

126 4375 255 4442 λόγον
283 4377 461 4431 τοῦτο’
487 4379 536 4430 εί
563 4377 618 4430 δὲ
649 4379 746 4447 τὴν
779 4378 934 4448 ῥίζαν
984 4377 1058 4442 ὡς
1085 4377 1244 4445 ἁγίαν
1266 4376 1586 4447 προσκυνῶ,
1615 4375 1666 4428 τί

126 4468 238 4534 πρὸς
265 4468 388 4532 τοὺς
424 4469 757 4530 ἐκπεσόντας
801 4468 1058 4534 κλάδους,
1114 4468 1521 4538 εί,βαστάζομαι
1561 4465 1666 4520 ὑπὸ

125 4557 204 4626 τῆς
237 4559 415 4629 ῥίζηςς
475 4560 610 4614 ἀλλὰ
661 4560 909 4629 βούλεται
980 4562 1136 4613 σκιὰν
1189 4560 1372 4622 αὐτοῖς
1424 4559 1666 4628 ἐξευρεῖν

130 4651 470 4720 παραμυθίας,
505 4651 596 4702 ἴνα
626 4651 701 4721 μὴ
729 4653 794 4721 τῇ
839 4650 1207 4720 περισσοτέρᾳ
1236 4647 1384 4722 λύπῃ
1413 4663 1658 4701 καταποο

129 4740 291 4808 θῶσιν,
331 4742 443 4797 ἀλλ’
491 4742 844 4812 ἀνανήψωσιν
872 4739 948 4804 ὡς
981 4739 1450 4811 ὑπολελειμμένης
1485 4755 1662 4806 σωτη-

130 4832 247 4899 ρίας.
289 4834 457 4903 Ἐρεῖς
483 4829 599 4893 οὖν,
628 4851 647 4883 ι
697 4830 1131 4900 Ἐξεκλάσθησαν
1160 4831 1364 4885 κλάδοι.
1399 4847 1418 4881 ι
1467 4828 1663 4898 Ἐσχη-

132 4925 355 4989 μάτισται
383 4928 410 4979 ὁ
438 4925 596 4992 λόγος
625 4924 701 4983 ὡς
727 4923 836 4976 τῶν
860 4921 1028 4976 ἐθνῶν
1053 4922 1351 4991 λεγόντων·
1383 4921 1495 4974 Καὶ
1521 4919 1664 4974 διατι

133 5013 194 5086 μὴ
215 5019 575 5088 καυχήσομαι,
619 5015 878 5068 τοιούτων
916 5031 1028 5084 μοι,
1079 5013 1267 5083 φησὶν,
1300 5012 1663 5082 ὑπαρξάντων

131 5112 378 5178 χρηστῶνς
415 5105 575 5164 Οὗτοι
618 5106 1048 5174 ἐξεκλάσθησαν,
1074 5107 1171 5160 καὶ
1219 5104 1330 5174 ἐγὼ
1355 5103 1662 5174 ἐνεκεντρίσ

133 5199 256 5270 σθην,
287 5204 373 5254 καὶ
401 5201 737 5272 κληρονόμος
760 5199 958 5267 γέγονα
993 5199 1086 5268 τῆς
1111 5197 1222 5250 τῶν
1273 5196 1527 5267 πατέρων
1560 5195 1656 5248 αύ·

133 5291 216 5341 τῶν
241 5291 408 5364 δόξης,
440 5293 534 5346 καὶ
557 5293 663 5344 τῶν
711 5292 936 5354 ἐκείνοις
968 5289 1224 5344 δοθεισῶν
1267 5287 1608 5356 ἐπαγγελιῶν
1636 5288 1663 5337 ὀ

137 5379 253 5446 ξένος
283 5385 386 5453 ἐγὼ
409 5387 504 5438 καὶ
535 5385 656 5437 κατ’
687 5383 838 5436 οὐδὲν
896 5383 1188 5453 προσήκων
1238 5380 1516 5434 ἀπολαύω.
1566 5379 1661 5432 Ἐκ

135 5469 178 5522 δὲ
198 5474 278 5528 τοῦ
305 5477 495 5542 εἰπεῖν,
529 5495 546 5528 ι
588 5475 803 5540 Καλῶς,
828 5493 866 5535 ,ι
907 5477 1147 5528 συναινεί
1174 5477 1285 5537 τοῖς
1315 5473 1545 5536 ἔθνεσιν,
1585 5473 1660 5535 ὡς

136 5561 278 5637 ἀληθῆ
333 5568 629 5640 εἰρηκόσιν.
689 5584 708 5618 ι
747 5568 824 5638 Τῇ
879 5565 1110 5638 ἀπιστίᾳ
1165 5565 1593 5636 ἐξεκλάσθησαν.
1635 5581 1654 5615 ι

137 5650 251 5724 Ὅρα
297 5659 352 5712 τὸ
410 5661 574 5729 σοφὸν
615 5659 706 5712 τοῦ
773 5659 1120 5724 Ἀποστὸλου,
1169 5661 1226 5712 ἐν
1252 5659 1328 5730 τῷ
1370 5658 1544 5711 δοκεῖν
1570 5656 1662 5710 τὸν

137 5743 247 5818 ὑπὲρ
262 5748 521 5806 Ἰουδαίων
549 5750 820 5804 ποιεῖσθαι
843 5749 1022 5819 λόγον,
1049 5749 1210 5804 πλέον
1230 5750 1428 5812 αὐτοὺς
1457 5749 1662 5819 ἐπιτρί-

137 5837 199 5892 6ιι
226 5843 312 5896 καὶ
336 5844 693 5900 κατακόπτει.
715 5863 752 5896 ,ι
789 5845 862 5897 Σὺ
890 5843 944 5896 δὲ
974 5845 1038 5918 τῇ
1080 5844 1597 5919 inetiam-xu;
1637 5869 1655 5904 ι

1761 2008 1921 2053 tatem
1947 2001 2170 2068 defracti
2202 2008 2344 2065 sunt,
2374 2010 2430 2053 tu
2461 2015 2580 2054 vero
2607 2000 2712 2069 ﬁde
2747 2002 2954 2054 stetisti.
2985 2001 3063 2054 Ne
3096 2002 3331 2072 eﬁ'eraris

1767 2092 2104 2162 animo.:sed
2142 2091 2284 2144 time.
2328 2090 2466 2144 Nam
2493 2090 2568 2162 [Si
2606 2091 2745 2146 Deus
2791 2092 3126 2147 naturalibus
3166 2094 3330 2146 ramis

1761 2199 1861 2235 non
1892 2183 2144 2252 pepercit,
2175 2198 2242 2236 ne
2285 2183 2542 2252 quomodo
2579 2182 2678 2250 ﬁat
2708 2193 2761 2236 ut
2787 2199 2880 2236 nec
2929 2184 3020 2236 tibi
3059 2192 3265 2253 parcat.

1838 2487 1856 2518 ι
1888 2467 2045 2534 Quod
2071 2467 2116 2522 si
2138 2467 2383 2520 nonnulli
2413 2469 2570 2520 rami.
2614 2485 2631 2517 ›
2664 2465 3008 2520 Consolando
3032 2481 3126 2520 eos
3150 2465 3334 2535 posuit

1760 2575 1951 2616 vocem
1991 2576 2113 2630 quae
2141 2560 2474 2630 paucitatem
2511 2559 2844 2630 signiﬁcaret
2878 2577 2889 2612 :
2926 2574 3046 2612 eum
3081 2559 3335 2627 superius

1760 2650 2090 2706 indicaverit
2125 2664 2330 2718 paucos
2380 2650 2562 2702 salvos
2610 2647 2753 2710 ﬁeri,
2802 2655 2860 2699 ut
2886 2647 3106 2716 quando
3139 2647 3274 2701 dicit
3318 2663 3330 2700 :

1769 2762 1786 2794 ι
1814 2742 2082 2811 Reliquiae
2119 2742 2280 2794 salvze
2321 2739 2470 2794 fient.
2510 2759 2528 2790 ι
2561 2771 2624 2778 -
2661 2759 2676 2788 ι
2709 2739 2946 2792 Del'racti
2980 2749 3108 2793 sunt
3147 2755 3214 2792 ex
3247 2738 3333 2792 in-

1759 2833 2104 2886 credulitate.
2135 2830 2214 2883 Tu
2241 2841 2422 2884 autem
2454 2845 2578 2884 cum
2602 2831 2836 2885 oleaster
2858 2845 3024 2884 esses.
3061 2849 3079 2880 ι
3119 2828 3336 2894 Quanto

1761 2923 2088 2994 abjectiores
2137 2922 2379 2976 ostendit
2413 2922 2535 2976 illos
2585 2921 2680 2990 qui
2737 2937 2804 2975 ex
2859 2921 3112 2990 gentibus
3155 2927 3332 2981 erant,

1766 3023 1920 3068 tanto
1953 3013 2136 3067 acrius
2165 3028 2263 3068 eos
2312 3012 2526 3082 pungit.
2574 3013 2714 3066 Dum
2756 3026 2890 3065 vero
2926 3011 3100 3064 dicit:
3140 3031 3156 3059 ι
3190 3009 3331 3063 Insi-

1765 3114 1852 3158 tus
1877 3118 1956 3167 es,
1997 3122 2014 3153 ι
2051 3103 2294 3156 ostendit
2324 3102 2377 3155 in
2435 3101 2674 3156 radicem
2705 3101 2774 3154 ab
2805 3101 2940 3169 ipsis
2986 3099 3332 3154 diﬂ‘ert-ntem

1763 3194 2045 3264 magisque
2086 3193 2491 3262 praecellentem
2549 3190 2743 3245 insitos
2796 3191 2966 3244 fuisse
3015 3205 3110 3244 eos
3142 3191 3234 3259 qui
3267 3206 3335 3242 ex

1765 3285 2022 3356 gentibus
2049 3292 2206 3337 erant
2233 3301 2246 3336 :
2279 3285 2461 3351 itaque
2497 3282 2800 3335 mordentis
2829 3297 2890 3334 ac
2915 3281 3334 3350 perstringentis

1766 3377 1930 3431 verba
1961 3383 2108 3429 sunt.
2142 3394 2159 3424 ι
2188 3375 2255 3428 Et
2280 3389 2506 3427 consors
2540 3373 2758 3426 radicis.
2793 3391 2810 3423 ι
2872 3372 2984 3426 Hoc
3039 3371 3106 3424 ad
3167 3372 3333 3426 mise-

1766 3473 1902 3524 riam
1929 3468 2172 3536 pertinet
2221 3465 2559 3528 Judazorum,
2591 3464 2754 3535 356
2780 3464 2902 3518 illos
2951 3464 3042 3533 qui
3085 3465 3140 3517 in
3182 3464 3336 3517 nullo

1767 3559 1914 3628 ipsos
1948 3557 2347 3626 praecellerent,
2389 3565 2674 3610 consortes
2703 3557 2874 3609 factos
2901 3570 3019 3610 esse
3049 3555 3251 3608 radicis
3276 3570 3336 3608 se

1765 3647 2240 3720 praecellentioris,
2271 3648 2418 3716 ipsos
2440 3662 2573 3701 vero
2599 3647 2854 3716 repulsos
2891 3662 3030 3700 esse.
3079 3665 3095 3696 ι
3127 3647 3204 3700 Nc
3223 3647 3338 3716 glo-

1767 3738 1926 3794 rieris
1956 3737 2220 3793 adversus
2249 3752 2446 3792 ramos.
2479 3755 2497 3788 ι
2521 3736 2768 3806 Magnam
2801 3736 3043 3790 ostendit
3072 3737 3336 3807 dejectio-

1764 3846 1892 3886 nem
1917 3829 2256 3885 Judaaorum.
2289 3828 2476 3898 Neque
2506 3829 2653 3881 enim
2684 3827 2817 3880 dixit
2847 3829 3032 3896 καυχῶ
3059 3828 3331 3894 glorieris,

1765 3922 1863 3978 sed
1899 3937 1997 3991 per
2044 3919 2407 3988 compositum
2443 3919 2776 3987 κατακαυχῶ
2813 3930 3002 3973 contra
3054 3919 3331 3987 glorieris,

1766 4013 2005 4084 qualiter
2030 4011 2297 4066 adversus
2324 4023 2420 4062 eos
2443 4007 2560 4062 ﬁeri
2588 4009 2728 4062 solet
2781 4009 2874 4078 qui
2924 4010 3075 4062 humi
3133 4011 3331 4077 iacent.

1767 4105 1973 4161 Deinde
1994 4105 2158 4160 etiam
2201 4103 2438 4156 latenter
2487 4116 2584 4155 eos
2631 4103 2846 4155 mordet
2879 4103 3176 4155 ostendens
3213 4116 3336 4169 quae

1769 4201 2074 4272 gloratione
2099 4199 2264 4269 digna
2294 4205 2421 4252 suut
2452 4197 2748 4266 contigisse
2778 4195 3034 4266 gentibus
3087 4209 3150 4246 ex
3179 4192 3285 4246 ﬁde
3317 4209 3331 4245 :

1769 4308 2077 4365 quanquam
2106 4307 2214 4345 non
2253 4291 2531 4353 convenit,
2567 4290 2765 4358 inquit,
2794 4286 3034 4357 gloriari.
3075 4304 3093 4334 ι
3130 4284 3247 4338 Non
3279 4294 3332 4337 tu

1770 4383 2010 4438 radicem
2046 4392 2252 4451 portas,
2286 4380 2379 4434 sed
2412 4379 2566 4433 radix
2598 4385 2670 4432 te.
2709 4398 2726 4428 ι
2756 4378 2822 4431 Ει
2854 4375 2984 4446 quid
3015 4375 3119 4430 hoc
3142 4374 3207 4428 ad
3239 4373 3336 4427 de-

1771 4475 1975 4530 tractos
2023 4473 2250 4527 ramos?
2284 4472 2450 4526 Nihil.
2488 4471 2622 4526 Nam
2672 4471 2718 4524 si
2771 4469 3037 4523 adversus
3095 4467 3333 4520 radicem

1692 4604 1745 4662 D
1771 4567 2058 4638 gloriarer,
2095 4565 2146 4618 id
2171 4565 2350 4620 locum
2397 4563 2628 4617 haberet
2662 4579 2676 4616 :
2706 4562 2750 4617 si
2790 4577 2921 4615 vero
2951 4561 3185 4615 radicem
3214 4569 3335 4614 tau-

1774 4675 1937 4730 quam
1970 4668 2211 4713 sanctam
2251 4657 2444 4723 adoro,
2488 4656 2620 4726 quid
2650 4655 2715 4710 ad
2748 4670 2929 4710 ramos
2961 4654 3056 4723 qui
3113 4651 3336 4707 excide-

1775 4761 1902 4807 runt
1925 4753 1970 4807 si
1997 4759 2185 4822 portor
2211 4765 2240 4803 a
2265 4750 2447 4804 radice
2468 4751 2492 4803 ?
2513 4749 2606 4804 sed
2637 4749 2754 4802 vult
2780 4748 3075 4817 Apostolus
3099 4745 3184 4798 vel
3219 4759 3338 4797 um-

1772 4845 1926 4898 bram
1952 4842 2083 4912 ipsis
2109 4841 2359 4894 invenire
2385 4837 2799 4900 consolationis,
2826 4853 2894 4891 ne
2921 4837 3090 4889 nimia
3111 4833 3334 4888 tristitia

1772 4934 2194 4996 absorbeantur,
2240 4931 2334 4985 sed
2377 4931 2664 4999 resipiscat
2689 4938 2946 4998 tanquam
2981 4928 3170 4982 relicta
3203 4927 3338 4996 ipsis

1772 5031 1968 5082 salute.
1992 5027 2154 5080 Dices
2197 5025 2381 5093 itaque
2411 5011 2479 5076 εἴ
2519 5021 2754 5076 Defracti
2782 5030 2911 5076 sunt
2962 5020 3122 5074 rami.
3163 5039 3179 5071 ι
3205 5017 3336 5074 Elii-

1771 5129 1893 5173 ctus
1917 5127 2001 5171 est
2031 5130 2212 5171 sermo
2241 5130 2305 5169 ac
2331 5114 2374 5169 si
2405 5123 2594 5184 gentes
2622 5113 2873 5168 dicerent
2898 5129 2911 5166 :
2941 5113 3008 5166 Et
3029 5127 3199 5181 quare
3224 5125 3335 5164 non

1770 5208 2048 5278 gloriabor
2071 5222 2193 5262 cum
2232 5213 2380 5260 tanta
2406 5205 2538 5258 mihi
2574 5202 2908 5260 accessrrint
2935 5203 3118 5258 bona?
3142 5201 3206 5255 lli
3236 5200 3336 5254 dc-

1770 5300 1926 5354 fracti
1957 5307 2105 5362 sunt,
2155 5311 2258 5367 ego
2315 5296 2512 5351 insitus
2537 5311 2658 5350 sum
2686 5297 2968 5365 hzeresque
3001 5293 3189 5364 gloriae
3248 5306 3337 5360 pa-

1772 5400 1914 5445 trum
1947 5389 2122 5443 lactus
2149 5402 2268 5441 sum
2304 5403 2317 5438 :
2343 5401 2407 5440 ac
2430 5385 2886 5456 promissionibus
2914 5401 3035 5453 quae
3062 5383 3169 5436 illis
3193 5381 3336 5434 data:

1769 5487 1946 5542 erant,
1979 5493 2080 5548 ego
2109 5477 2430 5548 peregrinus
2467 5490 2522 5532 et
2551 5480 2606 5531 in
2644 5477 2796 5531 nullo
2849 5483 3113 5544 cognatus
3161 5472 3330 5525 l‘i-uor.

1770 5574 1849 5628 Ex
1880 5587 1947 5626 eo
1969 5579 2152 5625 autem
2187 5570 2334 5640 quod
2361 5570 2456 5634 ait,
2491 5589 2508 5620 ι
2541 5570 2704 5634 Bene,
2743 5586 2761 5620 ι
2797 5576 2985 5637 gentes
3036 5562 3332 5618 collaudat.

1769 5667 1959 5734 eisque
1983 5663 2280 5718 assentitur
2310 5672 2565 5732 tanquam
2597 5676 2724 5714 vera
2754 5657 3082 5713 dicentibus.
3141 5673 3158 5703 ι
3204 5668 3332 5722 pro-

1770 5764 1892 5827 pter
1921 5753 2359 5809 incredulitatem
2410 5751 2637 5806 d'el'racti
2671 5758 2818 5803 sunt.
2855 5767 2874 5798 ι
2918 5745 3048 5800 Vide
3085 5743 3331 5812 Apostoli

1772 5848 2119 5922 sapientiam.
2150 5845 2284 5901 Cum
2314 5861 2414 5915 pro
2447 5843 2648 5899 Judzeis
2676 5853 2984 5895 sermonem
3032 5836 3211 5890 lacere
3246 5837 3332 5890 vi-
