3880 6546
163 364 263 430 553

1213 362 1602 424 COMMENT.
1636 363 1712 423 IN
1741 363 1984 427 EPIST.
2023 369 2124 429 AD
2160 372 2346 434 ROM.
3299 376 3408 440 558

160 498 208 534 τι
239 481 328 534 καὶ
362 477 673 548 θαυμαστὸν
711 476 977 545 ὕπονοῆτε
1018 477 1144 548 περὶ
1175 477 1406 541 ἑαυτῶν,
1430 475 1727 546 ἀπατώμε-

1839 481 2091 553 decepti,
2160 487 2318 556 quasi
2410 489 2628 543 caeteris
2694 489 3061 559 sapientiores
3144 493 3405 546 essetis:

161 590 232 626 νοι
260 571 332 632 ὡς
362 571 509 632 ὄντες
531 568 668 640 ὑπὲρ
699 571 824 630 τοὺς
849 568 1044 632 ἄλλους
1075 569 1233 638 ὑμεῖς
1259 570 1491 632 συνετοὶ,
1523 567 1722 638 μάθετε

159 667 428 731 συντόμως
453 662 750 731 μυστήριον
771 661 1234 731 φρικωδέστατον,
1255 663 1460 729 ἄφατον
1481 660 1574 714 τοῦ
1592 660 1724 713 Θεοῦ

159 755 249 824 τὴν
289 755 415 822 περὶ
442 754 650 814 πάντας
695 753 957 821 πρόνοιαν
988 753 1288 820 ὑποφαίνον
1323 749 1429 802 τῶν
1455 749 1729 819 Ἰσραηλι-

157 832 290 909 τῶν,
317 844 455 914 πλὴν
487 843 584 912 τῆς
616 843 880 910 ὲκλέξεως
931 845 1014 911 (τὸ
1045 844 1174 914 γὰρ,
1215 860 1234 894 ι
1279 842 1414 894 Ἀπὸ
1454 842 1675 911 μέρους,
1705 859 1723 892 ι

157 937 302 992 τοῦτό
326 936 503 1005 φησι),
529 935 903 1001 πωρωθέντων
944 935 1037 988 καὶ
1063 935 1160 1005 τὴν
1185 933 1460 1004 σωτηρίαν
1482 933 1734 986 ἀπωθουο

159 1029 326 1098 μένων
358 1027 601 1088 ἐκείνων,
621 1026 719 1092 ἐφ’
757 1025 902 1094 ὑμᾶς
937 1026 1240 1096 μετήνεγκε
1270 1025 1474 1091 ταύτην
1525 1025 1552 1076 ὁ
1577 1025 1728 1087 Θεός.

158 1117 579 1186 Εἱσποιηθέντων
607 1117 792 1187 μέντοι
816 1117 1034 1172 πάντων
1059 1118 1088 1170 ὑ
1098 1117 1236 1188 μῶν,
1270 1116 1556 1180 κάκείνους
1580 1111 1734 1178 αὖθις

157 1214 185 1283 ἡ
217 1212 366 1280 χάρις
405 1211 654 1272 ἅπαντας
721 1210 1104 1281 περιλήψεται.
1141 1212 1434 1281 Μαρτυρεῖ
1463 1211 1574 1280 γὰρ
1602 1210 1736 1264 αὐτὸ

156 1302 300 1356 τοῦτο
325 1304 418 1355 καὶ
450 1303 510 1354 τὸ
530 1302 622 1355 τοῦ
650 1302 874 1355 Ἡσαΐου
903 1302 1085 1372 λόγιον
1108 1303 1406 1375 Γραφικόν.
1439 1323 1457 1354 ι
1486 1303 1619 1356 Ἀπὸ
1647 1303 1736 1372 μέ-

157 1413 287 1467 ρους.
327 1415 345 1447 ι
382 1396 497 1448 Οὐκ
516 1395 573 1461 ἐξ
599 1395 916 1467 ὁλοκλήρου,
941 1398 1094 1465 φησί.
1121 1398 1234 1451 Kal
1254 1401 1362 1468 γὰρ
1389 1394 1528 1469 ἦσαν
1555 1399 1650 1452 καὶ
1677 1396 1736 1461 ἐξ

157 1483 408 1541 Ἰουδαίων
440 1488 710 1558 ἀμύθητοι
740 1487 1154 1554 πιστεύσαντες,
1187 1489 1282 1542 καὶ
1305 1488 1582 1542 πιστεύειν
1610 1489 1738 1559 μέλ’

155 1579 339 1639 λοντες.
352 1578 458 1630 (Τὸ
476 1579 750 1648 πλήρωμα
766 1577 873 1630 τῶν
892 1577 1083 1630 ὲθνῶν.
1099 1597 1118 1629 ι
1149 1577 1428 1648 Πλήρωμα
1444 1578 1552 1630 τῶν
1568 1577 1738 1630 ὲθνῶν

154 1687 272 1739 φησι
293 1671 501 1732 πάντας
516 1670 640 1730 τοὺς
657 1669 902 1735 ὲξέθνῶν
930 1669 1210 1723 πιστεύειν
1231 1670 1544 1741 μέλλοντας.
1567 1671 1739 1725 Ὅταν

1831 575 2028 631 discite
2082 578 2328 634 breviter
2392 581 2730 635 horrendum
2800 584 3026 637 omnino
3085 585 3410 655 mysterium

1831 667 1980 734 quod
2011 667 2344 724 ineffabilem
2372 671 2613 732 ostendit
2641 673 2786 726 circa
2847 688 3041 727 omnes
3077 673 3174 728 Dei
3229 674 3413 743 provi-

1831 759 2074 814 dentiam
2104 778 2116 814 :
2160 761 2325 832 358
2354 779 2552 833 nempe
2581 765 2728 834 quod
2757 765 3039 829 Israclitis,
3067 773 3267 833 praeter
3293 765 3414 819 eie-

1833 851 2407 932 ctionem(nam_boc
2457 865 2564 918 est,
2615 857 2763 925 quod
2825 857 2924 922 ait,
2957 877 2974 908 ι
3023 857 3102 911 Ex
3155 865 3308 927 parte
3347 857 3413 925 ι)

1835 946 2142 1010 excmcatis,
2187 946 2430 1016 ipsisque
2467 951 2702 1004 salutem
2737 951 3159 1020 repellentibus,
3217 952 3283 1006 ad
3316 965 3416 1007 vos

1834 1053 1956 1090 eam
1999 1039 2280 1093 transtulit
2310 1041 2476 1094 Deus.
2521 1041 2622 1097 Ubi
2661 1049 2845 1096 autem
2881 1059 2981 1097 vos
3011 1043 3256 1112 adoptati
3294 1042 3416 1097 lue-

1839 1130 1982 1191 ritis,
2013 1146 2232 1184 rursum
2259 1147 2455 1186 omnes
2485 1149 2704 1202 quoque
2762 1133 2887 1189 illos
2932 1134 3107 1204 gratia
3147 1143 3414 1188 assumct.

1836 1223 1971 1278 Nam
1995 1224 2098 1278 hoc
2124 1223 2302 1294 ipsum
2323 1240 2543 1294 quoque
2567 1233 2862 1280 attestatur
2881 1225 3235 1279 manifestum
3265 1225 3417 1280 Isaia

1838 1315 2150 1369 oraculum.
2201 1333 2219 1366 ι
2259 1316 2337 1368 Ex
2367 1325 2546 1385 parte.
2596 1335 2614 1366 ι
2647 1315 2771 1370 Νοη
2814 1332 2880 1370 ex
2921 1325 3055 1380 toto,
3091 1315 3292 1385 inquit.
3331 1315 3417 1371 Si-

1840 1407 2064 1476 quidem
2093 1408 2346 1461 nonnulli
2375 1424 2440 1461 ex
2489 1407 2696 1463 Iudaeis
2744 1407 3046 1462 venerandi
3105 1419 3267 1464 erant
3320 1408 3415 1477 qui

1842 1499 2196 1554 crediderant
2226 1509 2282 1554 et
2315 1499 2410 1568 qui
2465 1499 2518 1553 in
2575 1507 2859 1569 posterum
2896 1499 3162 1554 credituri
3204 1507 3360 1553 erant
3402 1516 3416 1552 :

1849 1610 1867 1643 ι
1897 1591 2190 1646 Plenitudo
2208 1592 2479 1662 gentium.
2519 1611 2539 1644 ι
2567 1591 2978 1646 Plenitudinem
3005 1592 3250 1662 gentium
3283 1591 3417 1645 dicit

1841 1698 2034 1738 omnes
2059 1685 2153 1754 qui
2180 1699 2247 1739 ex
2275 1683 2536 1755 gentibus
2563 1697 2722 1740 erant
2771 1683 3058 1740 credituri.
3109 1683 3213 1739 Ubi
3251 1683 3419 1753 igitur

153 1762 436 1832 τοιγαροῦν
455 1764 658 1824 πάντες
694 1761 1015 1815 εἰσέλθωσιν
1043 1762 1122 1826 εις
1140 1761 1238 1832 τὴν
1261 1763 1462 1828 πίστιν,
1488 1761 1608 1816 τότε
1643 1761 1731 1816 καὶ

1842 1769 2034 1832 Omnes
2058 1777 2290 1847 ingressi
2321 1776 2539 1834 fueritis
2575 1777 2643 1832 ad
2669 1777 2854 1843 ﬁdem,
2897 1786 3032 1832 tunc
3063 1776 3228 1831 etiam
3253 1775 3418 1829 Israel

153 1853 420 1924 ὁἸσραὴλ
482 1850 780 1917 πιστεύσας
824 1851 1154 1924 σωθήσεται.
1199 1852 1420 1924 Ἰσραὴλ
1467 1852 1525 1906 δέ
1568 1869 1726 1922 φησι,

154 1945 262 2008 τοὺς
288 1948 346 1998 ὲν
379 1944 457 2015 τῷ
477 1945 802 2017 Ἰουδαϊσμῷ
857 1947 1370 2018 ἀπομεμενηκότας.
1409 1964 1427 1998 ι
1477 1946 1598 1999 Ὅτι
1630 1945 1727 2016 θή-

155 2053 252 2098 σεις
283 2038 392 2107 γὰρ
418 2037 638 2101 αὐτοὺς,
675 2037 833 2106 φησὶ,
865 2037 1037 2091 νῶτον
1061 2054 1156 2091 και
1207 2038 1264 2090 ὲν
1289 2039 1404 2100 τοῖς
1462 2037 1727 2104 περιλοί-

155 2144 294 2193 ποις,
328 2129 605 2192 τουτέστι,
640 2129 1060 2195 καταλοίποις,
1096 2129 1414 2199 ἑτοιμάσεις
1464 2128 1524 2180 τὸ
1558 2129 1729 2198 πρόσ·

157 2239 286 2278 ωπον
304 2221 508 2274 αὐτῶν.
555 2239 572 2272 ι
607 2222 721 2275 Καὶ
773 2219 950 2284 οὕτως
997 2223 1107 2286 πᾶς
1139 2221 1357 2293 Ἰσραὴλ
1392 2220 1724 2292 σωθήσεται*

157 2315 260 2368 ἀντὶ
287 2313 408 2380 τοῦ,
438 2313 487 2366 οἱ
524 2313 788 2376 πλείονες·
815 2313 1118 2378 τουτέστιν,
1153 2313 1489 2385 ἀποστρέψει
1529 2311 1630 2383 μὲν
1667 2313 1726 2378 ἐξ

157 2405 452 2476 ἁμαρτιῶν,
516 2407 838 2476 ἐπιστρέψει
889 2405 947 2460 δὲ
985 2405 1124 2475 πρὸς
1174 2405 1358 2460 αὐτόν.
1399 2423 1418 2457 ι
1457 2403 1615 2470 Ἥξει
1662 2407 1727 2457 ἐκ

158 2497 298 2551 Σιιὶιν.
340 2517 362 2550 ι
397 2499 500 2552 Τὸν
536 2498 766 2554 Ἡσαΐαν
799 2499 960 2556 πάλιν
988 2499 1204 2567 εἰσάγει
1233 2498 1464 2568 βοῶντα,
1493 2498 1575 2552 ὅτι
1606 2497 1725 2567 ἥξει

159 2591 214 2642 tu
234 2589 370 2643 Σιὼν
399 2593 426 2644 ό
445 2590 741 2660 δυνάμενος
771 2590 964 2654 σῶσαι,
989 2592 1082 2644 καὶ
1107 2589 1394 2661 καθαρίσει
1426 2589 1521 2652 τὰς
1546 2590 1729 2659 ἀμαρ-

158 2685 263 2746 τίας
289 2683 402 2737 τῶν
434 2683 805 2754 Ἰσραηλιτῶν.
838 2685 946 2738 Καὶ
973 2685 1104 2738 πότε
1131 2684 1305 2738 ταῦτα
1338 2683 1525 2746 tacut;
1557 2683 1728 2738 Ὅταν

161 2777 436 2848 ἀφέλωμαι
479 2779 578 2842 τὰς
613 2778 895 2849 ἁμαρτίας
923 2777 1125 2832 αὐτῶν.
1167 2777 1339 2832 Τοῦτό
1367 2779 1518 2831 ἐστιν
1549 2778 1582 2848 ἡ
1610 2776 1725 2832 δια-

161 2869 309 2941 θήκη,
345 2866 454 2924 οἷον
488 2874 736 2942 σημεῖον,
799 2872 928 2925 ὅταν
958 2872 1056 2942 τῆς
1095 2869 1186 2924 διὰ
1222 2869 1318 2924 τοῦ
1351 2869 1731 2940 βαπτίσματος

162 2965 396 3034 ἀφέσεως
419 2963 764 3029 καταξιώσω.
793 2964 956 3016 Ὥστε
1015 2963 1140 3017 ἐπεὶ
1183 2961 1336 3016 οὔπω
1366 2960 1573 3032 ταύτης
1611 2959 1727 3014 ἐτυ-

163 3077 244 3130 χον
293 3060 682 3130 (πεπώρωνται
726 3058 883 3128 γὰρ),
928 3057 1167 3129 ὕστερον
1236 3055 1423 3128 μέλλει
1469 3053 1726 3126 γενέσθαι

1837 1868 2116 1924 credendo
2143 1869 2326 1922 salvus
2355 1869 2482 1923 erit.
2519 1868 2685 1923 Israel
2718 1877 2902 1924 autem
2926 1878 3088 1923 vocat
3109 1881 3206 1922 eos
3235 1867 3330 1937 qui
3361 1867 3418 1920 in

1835 1959 2126 2015 Iudaismo
2155 1969 2596 2030 permanserant.
2636 1979 2654 2012 ι
2685 1961 2820 2016 Nam
2858 1975 3052 2031 pones,
3082 1960 3284 2030 inquit,
3321 1973 3419 2014 eos

1832 2063 2071 2124 tergum,
2098 2062 2154 2107 et
2178 2053 2322 2108 inter
2356 2054 2604 2123 reliquos
2627 2055 2876 2125 (ponitur
2900 2053 3048 2108 enim
3077 2051 3420 2123 περιλοῑποις

1829 2159 1932 2214 pro
1958 2143 2332 2212 καταλοίποις)
2359 2143 2582 2213 parabis
2610 2143 2805 2198 faciem
2828 2143 3049 2198 illorum
3067 2141 3134 2196 δ’.
3166 2158 3185 2193 ι
3212 2169 3285 2181 —
3307 2159 3323 2190 t
3350 2139 3422 2195 Et

1830 2236 1910 2291 sic
1943 2236 2126 2290 omnis
2148 2236 2324 2291 Israel
2357 2235 2542 2290 salvus
2579 2234 2729 2300 erit;
2767 2255 2786 2287 ι
2821 2234 2878 2289 id
2904 2242 3008 2294 est,
3034 2233 3222 2302 plures
3256 2245 3420 2285 aver-

1831 2337 2019 2383 tentur
2047 2327 2272 2398 quidem
2303 2344 2334 2381 a
2358 2327 2600 2396 peccatis
2623 2335 2680 2381 et
2707 2333 3102 2382 convertentur
3123 2321 3191 2377 ad
3211 2321 3418 2392 ipsum.

1837 2441 1855 2472 ι
1899 2420 2060 2475 Venit
2086 2435 2154 2474 ex
2185 2420 2339 2474 Sion.
2385 2438 2404 2471 ι
2442 2419 2633 2474 Isaiam
2667 2433 2887 2474 rursum
2917 2416 3134 2472 inducit
3171 2414 3418 2469 claman-

1835 2522 1968 2578 tem,
2001 2513 2149 2584 quod
2174 2513 2360 2568 veniet
2395 2528 2461 2567 ex
2490 2511 2625 2566 Sion
2675 2512 2772 2582 qui
2835 2511 3052 2566 salvere
3112 2507 3290 2578 possit
3319 2522 3334 2560 :
3363 2512 3421 2559 et

1832 2606 2093 2676 purgabit
2161 2614 2388 2675 peccata
2437 2604 2837 2660 Israelitarum.
2897 2601 2962 2657 Et
3017 2599 3242 2671 quando
3302 2598 3422 2653 haec

1828 2697 2042 2752 erunt?
2081 2695 2218 2751 Cum
2287 2697 2568 2752 abstulero
2621 2702 2848 2766 peccata
2894 2707 3111 2748 eorum.
3166 2690 3283 2746 Hoc
3335 2695 3422 2744 est

1833 2800 2246 2856 testamentum,
2271 2791 2447 2845 veluti
2483 2790 2724 2861 signum,
2783 2801 2909 2844 cum
2956 2786 3153 2856 dignos
3206 2783 3419 2838 duxero

1830 2887 2157 2940 remissione
2188 2900 2310 2955 qua;
2334 2884 2394 2938 tit
2415 2899 2514 2954 per
2543 2883 2902 2953 baptismum.
2922 2879 3122 2947 Itaque
3143 2877 3275 2946 quia
3309 2876 3420 2930 hoc

1834 2977 2083 3031 nondum
2147 2983 2280 3030 sunt
2309 2972 2574 3038 assecuti,
2632 2969 2906 3040 siquidem
2937 2966 3120 3022 adhuc
3158 2963 3419 3020 excazcati

1833 3078 1982 3133 sunt,
2017 3068 2072 3122 in
2095 3076 2380 3138 posterum
2401 3067 2504 3120 hoc
2527 3065 2774 3118 futurum
2803 3069 2909 3116 est.
2948 3079 2966 3111 ι
3005 3059 3073 3113 Et
3101 3059 3209 3112 hoc
3231 3055 3361 3110 illis.
3391 3073 3414 3106 ι

162 3150 323 3205 τοῦτο.
358 3169 376 3201 ι
405 3151 514 3204 Καὶ
551 3149 692 3220 αῦτη
745 3151 951 3212 αὐτοῖς.
993 3169 1010 3200 ι
1045 3149 1162 3202 ’Ἰνα
1211 3151 1286 3220 μή
1339 3165 1424 3212 τις
1473 3150 1554 3210 εἰς
1596 3147 1724 3210 τοὺς

1839 3160 1906 3214 Ne
1969 3159 2094 3229 quis
2164 3157 2442 3213 existimet
2507 3155 2851 3225 Scripturam
2905 3150 3110 3208 Iudaeis
3161 3147 3254 3218 qui
3305 3146 3420 3216 jam

165 3242 252 3313 ήδη
285 3244 718 3306 πεπιστευκότας
746 3242 804 3307 ὲξ
841 3241 1112 3296 Ἰουδαίων
1137 3243 1338 3314 νομίσῃ
1368 3239 1466 3312 τὴν
1494 3238 1720 3311 Γραφὴν

169 3335 435 3406 ἁρμόζειν,
460 3336 612 3404 λέγει
640 3337 870 3405 σημεῖον
907 3334 974 3388 δι’
1005 3329 1066 3388 οὗ
1097 3333 1398 3397 δείκνυται,
1424 3333 1508 3385 ὅτι
1544 3331 1727 3401 μέλλει

167 3427 544 3499 ὴπροιρητεία.
577 3429 735 3481 Ποῖον
786 3427 983 3492 τοῦτο;
1027 3445 1044 3478 ι
1079 3426 1251 3480 Ὅταν
1301 3425 1592 3495 ἀφέλωμαι
1629 3424 1728 3487 τὰς

168 3518 424 3591 ἁμαρτιας
481 3519 684 3573 αὐτῶν.
729 3537 747 3570 ι
788 3519 849 3571 Εἰ
901 3517 993 3570 οῦ)
1062 3519 1230 3588 μήπω
1290 3516 1566 3584 ἀφείλετο,
1621 3516 1728 3584 ἄρα

173 3611 333 3680 μέλλει
366 3615 398 3683 ἡ
428 3612 644 3683 Γραφή.
679 3610 843 3664 Ὅθεν
879 3611 1074 3680 ἐπάγει
1107 3608 1580 3682 (Ἂμεταμέλητα
1618 3607 1729 3678 γὰρ

170 3699 232 3754 τὰ
274 3704 609 3772 χαρίσματα
661 3703 770 3756 τοῦ
818 3702 969 3756 Θεοῦ
997 3701 1013 3772 )
1041 3719 1054 3732 ·
1093 3720 1111 3754 ι
1155 3702 1326 3755 Ὅταν
1355 3701 1662 3770 ἀφέλωμαι.
1704 3717 1722 3748 ι

171 3797 309 3864 Τότε,
339 3800 524 3868 φησὶν,
550 3797 848 3868 ἐκϐήσεται
881 3799 914 3868 ἡ
940 3795 1245 3865 ἐπαγγελία
1283 3795 1377 3849 τοῦ
1400 3793 1558 3848 Θεοῦ.

231 3887 382 3940 Κατὰ
399 3888 514 3956 μὲν
537 3888 604 3940 τὸ
634 3885 1026 3955 Εὑαττέλιυτκ
1056 3884 1254 3954 ἐχθροὶ
1279 3884 1353 3936 δι’
1374 3882 1547 3953 ὑμᾶς,
1580 3880 1731 3935 κατὰ

172 3977 229 4030 δὲ
278 3980 386 4046 τὴν
435 3977 726 4048 ἐκλογὴν,
783 3977 1073 4046 ἀγαπητοὶ
1118 3976 1214 4029 διὰ
1260 3975 1404 4041 τοὺς
1447 3973 1726 4041 πατέρας.

185 4069 606 4138 Ἀμεταμέλητα
648 4068 758 4138 γὰρ
807 4070 880 4123 τὰ
920 4068 1260 4138 χαρΙσματα
1296 4064 1394 4119 καὶ
1445 4065 1483 4132 ἡ
1510 4063 1732 4132 κλῆσις

174 4159 266 4212 τοῦ
292 4162 450 4215 Θεοῦ.
488 4162 718 4228 Ὥσπερ
737 4161 845 4230 γὰρ
878 4161 976 4214 καὶ
1009 4156 1177 4228 ὑμεῖς
1205 4173 1349 4210 ποτε
1365 4155 1733 4224 ἠπειθήσατε

175 4251 246 4314 τῷ
283 4253 420 4317 Θεῷ,
459 4253 581 4308 νῦν·
631 4251 700 4305 δὲ
742 4251 1042 4319 ἠλεήθητε
1071 4248 1146 4318 τῇ
1188 4249 1416 4302 τούτων
1441 4246 1731 4311 ἀπειθείᾳ·

175 4343 341 4410 οὕτως
357 4346 450 4398 καὶ
478 4341 644 4402 οὗτοι
668 4344 805 4407 νῦν,
820 4343 1162 4412 ἠπειθησαν
1175 4340 1255 4406 τῷ
1274 4337 1534 4409 ὑμετέρῳ
1555 4336 1730 4402 ἐλέει,

178 4434 265 4487 ἵνα
285 4438 371 4490 καὶ
401 4437 569 4491 αὐτοὶ
594 4435 908 4504 ἐλεηθῶσι.

239 4621 390 4676 Ὅσον
440 4624 557 4693 μὲν,
619 4623 804 4692 φησιν,
859 4618 992 4694 ἧκεν
1055 4623 1135 4684 εἰς
1187 4620 1246 4674 τὸ
1281 4619 1610 4687 Εύαγγέλιον
1661 4615 1731 4669 δι’
1805 4617 1810 4621 ’

179 4713 305 4783 ὑμᾶς
335 4718 452 4778 τοὺς
480 4717 540 4781 ἐξ
571 4715 760 4780 ἐθνῶν,
793 4713 975 4786 ἐχθροί
1009 4714 1150 4766 εἰσιν
1171 4713 1220 4764 οἱ
1259 4711 1524 4764 Ἰουδαῖοι.
1563 4708 1722 4775 Πῶςς

186 4803 351 4874 ’Υμῶν
373 4809 476 4880 γὰρ
494 4810 591 4879 τὴν
624 4807 806 4860 πίστιν
825 4803 1340 4873 εύαγγελισθέντων,
1365 4801 1723 4871 φιλονεικότε-

183 4909 254 4962 ροι
267 4897 552 4967 γενόμενοι,
568 4897 875 4967 ἀπεσκέρτη
885 4912 982 4947 σαν
997 4894 1096 4964 τῆς
1112 4893 1368 4955 πίστεως.
1390 4909 1408 4944 ι
1431 4891 1648 4964 Ἐχθροὶ
1663 4889 1728 4944 δι’

181 4984 354 5052 ὑμᾶς.»
371 5019 430 5027 -
451 4987 648 5061 [ΦΩΤ
668 4987 884 5060 Ἐχθροὶ
911 4989 1197 5056 γεγόνασιν
1222 4986 1464 5038 Ἰουδαῖοι
1489 4986 1578 5037 διὰ
1608 4984 1734 5046 τοὺς

183 5075 234 5137 ἐξ
261 5077 411 5132 ἐθνῶν
439 5081 892 5144 πεπιστευκότας,
925 5078 1000 5143 ὼς
1034 5079 1297 5150 ἀνωτέρω
1335 5078 1540 5146 ἔλεγεν,
1574 5095 1592 5127 ι
1617 5077 1732 5145 Ἐφ’

183 5165 285 5218 ὅσον
314 5172 403 5238 μέν
429 5175 543 5243 εἰμι
597 5170 707 5240 ὲγὼ
747 5171 918 5224 ἐθνῶν
978 5169 1296 5234 ἀπόστολος,
1328 5170 1428 5240 τὴν
1465 5168 1740 5221 διακονίαν

186 5274 271 5324 μου
297 5262 508 5329 δοξάζω.
548 5284 566 5316 ι
602 5263 778 5330 Διατί,
811 5262 1010 5334 φησίν;
1053 5281 1072 5313 ι
1109 5258 1175 5314 Εἰ
1206 5279 1321 5324 πως
1357 5259 1741 5332 παραζηλώσω

187 5365 271 5417 μον
291 5354 380 5424 τὴν
411 5357 638 5428 σάρκα.»
673 5357 736 5409 Ei
767 5356 876 5426 γὰρ
901 5354 990 5409 διὰ
1014 5354 1111 5424 τῆς
1135 5354 1369 5416 πίστεως
1406 5351 1514 5404 τῶν
1542 5350 1733 5414 ἐθνῶν,

183 5448 524 5518 παραζηλοῦσι
553 5453 645 5504 καὶ
696 5449 986 5520 μιμοῦνται
1017 5450 1065 5502 οἱ
1096 5446 1366 5512 Ἰουδαῖοι,
1413 5446 1509 5499 καὶ
1559 5461 1744 5540 artano1

183 5533 414 5605 γίνονται,
449 5541 562 5604 πῶς
593 5543 660 5596 δι’
700 5544 898 5606 αὐτοὺς
926 5541 1112 5614 ἐχθροὶ
1139 5542 1381 5611 γίνονται
1409 5539 1582 5592 πάλιν

184 5623 389 5692 πίστεως
408 5630 612 5684 καὶτοῦ
637 5630 996 5700 Εύαγγελίου;
1033 5631 1194 5685 Ἀλλὰ
1205 5629 1428 5702 πρῶτόν
1455 5646 1638 5702 φαμεν
1659 5633 1738 5688 ὅτι

239 5805 281 5841 ⁸³
302 5812 445 5872 Psal.
476 5832 571 5881 xx,
610 5819 699 5874 I3.

435 5913 711 5978 Pn'non.
761 5913 879 5977 Gn.
913 5913 1195 5979 CXVIII.

1830 3253 2208 3316 crediderant,
2250 3251 2448 3321 ap‘tari,
2489 3250 2708 3320 signum
2748 3246 2908 3317 ponit
2949 3258 3061 3314 quo
3103 3239 3422 3298 ostenditur

1829 3345 1898 3400 de
1915 3345 2103 3400 futuro
2125 3358 2246 3398 esse
2269 3340 2588 3412 pr0phetia.
2612 3338 2900 3406 Quodnam
2927 3331 3208 3390 estillud?
3229 3349 3249 3384 ι
3278 3329 3419 3385 Cum

1829 3439 2110 3494 abstulero
2140 3444 2361 3508 peccata
2395 3449 2611 3489 eorum.
2652 3452 2671 3486 ι
2707 3432 2765 3485 Si
2797 3444 2928 3501 ergo
2952 3426 3199 3483 nondum
3229 3423 3426 3478 abstu-

1831 3532 1914 3597 Iit,
1946 3532 2136 3602 utique
2162 3528 2490 3599 complenda
2541 3536 2626 3582 est
2665 3525 2848 3580 adhuc
2896 3521 3206 3590 Scriptura.
3259 3513 3421 3572 Unde

1831 3623 2114 3694 subjungit
2141 3622 2298 3694 (Nam
2319 3619 2643 3689 paenitudine
2667 3623 2859 3672 uacant
2881 3614 3019 3666 dona
3047 3611 3165 3679 Dei)
3193 3625 3208 3662 :
3238 3626 3258 3659 ι
3278 3605 3419 3662 Cum

1831 3716 2131 3771 abstulero.
2158 3733 2174 3766 ι
2208 3713 2384 3779 Tunc,
2421 3711 2624 3783 inquit,
2656 3708 2940 3776 continget
2965 3699 3261 3775 promissio
3284 3698 3405 3754 Dei.
3442 3766 3445 3771 _

1905 3893 1997 3958 XI,
2025 3865 2218 3946 2855!.
2254 3888 2552 3945 Secundum
2577 3886 2923 3958 Evangelium
2948 3886 3179 3956 quidem,
3223 3881 3409 3937 inimic
3442 3868 3454 3879 ’

1835 3992 2051 4055 propter
2098 3999 2186 4037 vos
2213 3997 2230 4036 :
2259 3983 2545 4035 secundum
2589 3980 2893 4034 electionem
2950 3985 3149 4042 autem,
3206 3974 3409 4036 dilecti,

1835 4086 2049 4149 propter
2075 4085 2275 4145 patres.
2304 4073 2444 4126 Nam
2468 4070 2792 4142 paenitudine
2818 4075 3011 4123 vacant
3041 4068 3182 4119 dona
3231 4073 3281 4118 et
3323 4079 3417 4118 vo-

1835 4170 1974 4221 catio
2003 4167 2116 4219 Dei.
2141 4163 2600 4230 Quemadmodum
2629 4163 2768 4214 enim
2797 4170 2844 4214 et
2876 4176 2961 4214 vos
2995 4156 3288 4227 aliquando
3319 4157 3376 4208 in
3401 4182 3412 4196 -

1835 4258 2036 4314 creduli
2074 4258 2245 4329 fuistis
2286 4256 2416 4320 Deo,
2449 4269 2586 4308 nunc
2617 4262 2793 4308 autem
2827 4249 3248 4306 misericordiam
3289 4262 3418 4300 con-

1837 4352 2002 4406 secuti
2057 4351 2179 4403 estis
2237 4364 2332 4416 per
2383 4345 2601 4401 illorum
2645 4343 3071 4399 incredulitatem
3105 4358 3118 4395 :
3149 4341 3222 4394 sic
3249 4347 3298 4394 et
3329 4337 3416 4392 isti

1842 4458 1982 4496 nunc
2054 4438 2316 4495 increduli
2395 4438 2523 4508 facti
2582 4445 2704 4490 sunt
2778 4436 2834 4489 in
2885 4434 3045 4489 vestri
3117 4431 3416 4486 misericor-

1835 4533 2003 4595 diam,
2043 4548 2144 4601 quo
2178 4531 2338 4585 etiam
2391 4531 2502 4601 ipsi
2527 4527 2948 4584 misericordiam
3001 4530 3419 4594 consequantur.

1904 4623 2071 4696 359
2101 4623 2402 4692 Quantum,
2439 4623 2642 4694 inquit,
2685 4621 2753 4676 ad
2789 4619 3147 4690 Evangelium
3193 4615 3416 4682 attinet,

1835 4727 2066 4790 propter
2086 4733 2186 4772 vos
2206 4718 2300 4788 qui
2317 4716 2451 4772 estis
2469 4731 2498 4770 e
2524 4715 2802 4787 gentibus,
2835 4711 3041 4766 inimici
3067 4719 3197 4764 sunt
3218 4705 3418 4764 Iudmi.

1835 4808 1957 4873 Quo
1991 4823 2118 4862 nam
2150 4807 2353 4861 modo?
2380 4805 2517 4862 Cum
2553 4805 2702 4860 enim
2735 4804 2892 4858 vobis
2924 4800 3314 4856 annuntiatum
3347 4796 3422 4852 sit

1841 4899 2220 4970 Evangelium,
2250 4897 2380 4952 facti
2413 4899 2586 4968 magis
2609 4896 2877 4967 protervi,
2898 4911 2928 4949 a
2952 4895 3056 4949 lide
3078 4892 3418 4948 resilierunt.

1847 5009 1868 5042 ι
1909 4990 2124 5045 Inimici
2158 4999 2382 5060 propter
2409 5005 2527 5044 vos.
2588 5006 2607 5040 ι
2656 4988 2869 5042 Inimici
2915 4987 3043 5042 facti
3083 4994 3214 5041 sunt
3245 4985 3420 5041 Judzei

1843 5089 2072 5153 prepter
2093 5095 2189 5137 eos
2215 5081 2310 5152 qui
2345 5097 2413 5135 ex
2445 5079 2708 5151 gentibus
2740 5079 3113 5145 crediderant,
3147 5079 3291 5134 sicut
3319 5094 3421 5134 an-

1845 5182 1933 5228 tea
1975 5173 2114 5228 dixit
2147 5189 2161 5227 :
2201 5192 2220 5224 ι
2253 5172 2540 5240 Quatenus
2574 5171 2800 5244 quidem
2835 5187 2958 5227 sum
2983 5172 3228 5244 gentium
3274 5173 3423 5242 Apo—

1846 5265 2042 5329 stolus,
2089 5264 2462 5320 ministerium
2495 5280 2678 5320 meum
2727 5263 3072 5336 gloriﬁcabo.
3128 5282 3148 5316 ›
3204 5263 3424 5330 Quare?

1854 5375 1872 5408 ι
1909 5357 1965 5412 Si
2010 5357 2310 5428 quomodo,
2362 5358 2564 5428 inquit,
2604 5357 2675 5413 ad
2714 5357 3087 5413 amulandum
3125 5370 3425 5427 provocem

1853 5463 2076 5504 carnem
2121 5464 2324 5506 meam.
2382 5468 2400 5501 ι
2438 5449 2576 5504 Nam
2621 5449 2668 5504 si
2694 5463 2796 5520 per
2818 5448 2984 5504 ﬁdem
3034 5447 3304 5518 gentium,
3353 5445 3424 5500 ad

1851 5543 2220 5599 aamulandum
2287 5553 2660 5616 provocamur
2732 5552 2791 5600 et
2873 5544 3169 5600 imitantur.
3247 5537 3424 5596 Judaei

1851 5635 2100 5709 ﬁuntque
2127 5636 2316 5696 ﬁdeles
2341 5655 2355 5693 :
2379 5639 2658 5728 quomodo
2678 5643 2906 5710 propter
2935 5648 3033 5692 eos
3053 5631 3264 5690 inimici
3289 5643 3322 5692 ε
3339 5627 3424 5684 di-

2988 5905 3064 5976 18

2940 6128 2974 6161 \
