3880 6574
471 372 586 433 555
1544 377 1948 438 (ECUMENII
1987 378 2278 440 TRICCE
2309 365 2664 442 EPISCOPI‘
3575 407 3654 468 5:6

476 495 639 535 verso
674 478 815 534 llunt
842 479 968 534 ﬁdei
996 495 1058 534 ac
1089 481 1408 552 Eiangclii?
1442 483 1642 537 \‘crum
1680 485 1919 538 dicimus
1951 500 2008 553 pr

2135 527 2139 540 ,
2171 484 2268 535 οὐκ
2295 485 2398 552 ἔφη
2439 484 2526 538 διὰ
2569 488 2665 554 τῆς
2701 486 2938 552 πίστεως
2966 490 3074 542 τῶν
3109 491 3167 556 ἐξ
3197 494 3354 549 ἐθνῶν
3396 505 3667 577 repagula-3v,

475 589 626 627 mum
662 572 808 642 quod
857 587 964 626 non
996 572 1216 635 dixerit,
1270 591 1368 644 per
1398 575 1558 630 Iidem
1603 591 1796 630 eorum
1847 577 1940 646 qui
1991 593 2007 630 ε

2165 578 2259 667 καὶ
2305 578 2587 646 μιμεῖσθαι
2627 581 2755 642 τους
2786 579 3093 646 Ἰουδαίους,
3143 586 3273 641 ἀλλά
3309 590 3390 644 διὰ
3421 595 3473 646 τὸ
3505 572 3670 667 Gai-£5-

471 664 733 734 gentibus
778 672 939 717 erant
979 664 1198 718 Judmos
1243 665 1310 719 ad
1357 666 1725 720 aemulandum
1769 683 2003 736 provoca

2165 666 2290 719 σθαι
2315 668 2533 730 αὐτοὺς,
2570 669 2657 722 διὰ
2702 671 2752 723 τὸ
2783 673 3142 729 ἐπαινεῖσθαι.
3185 679 3247 731 Ἥ
3268 681 3370 752 γὰρ
3411 685 3520 752 δόξα
3555 664 3671 750 auia

469 755 555 809 vel
591 754 816 816 imitari,
843 753 938 808 sed
965 770 1063 823 per
1084 755 1188 808 hoc
1213 756 1357 824 quod
1394 767 1585 827 gentes
1610 759 2001 828 gloriﬁcarenti

2170 757 2390 822 ἔπαινος
2420 763 2447 812 ὀ
2477 761 2557 821 εἰς
2588 763 2714 824 τους
2745 761 2805 827 ἐξ
2837 762 3030 830 ἐθνῶν,
3077 767 3370 838 ἀνερεθίσει
3399 777 3567 842 αὐτοὺς
3604 787 3671 839 καὶ

470 859 528 900 ct
554 846 933 901 laudarentur.
967 846 1150 900 Gloria
1184 849 1334 902 enim
1373 859 1429 903 et
1463 849 1581 903 laus
1615 850 1859 919 gentium
1901 851 2002 904 inst

2162 851 2242 912 εἰς
2276 849 2436 919 ζῆλον
2467 853 2560 903 καὶ
2593 853 2826 924 μίμησιν
2869 858 3261 925 παρακαλέσει,
3287 861 3417 917 ὥστε
3437 869 3525 922 οὐκ
3552 875 3673 926 ἐναν.

469 947 660 1005 gatura
681 947 802 991 erat
833 937 957 990 illos
981 945 1036 991 et
1065 937 1131 990 ad
1155 939 1564 994 aemulationem
1593 956 1656 995 ac
1690 941 1995 996 imitatione

2162 939 2251 992 τία
2283 943 2429 993 ἐστὶν
2479 942 2729 1014 ἀλλήλοις
2767 945 2838 999 τά
2889 949 3176 1020 εἰρημένα.
3221 953 3464 1027 Δεύτερον
3493 959 3558 1026 δὲ,
3585 967 3672 1020 οὐδὲ

470 1036 860 1095 provocatura.
890 1027 1008 1082 Non
1045 1038 1174 1083 sunt
1201 1030 1396 1099 itaque
1424 1032 1701 1086 contraria
1737 1032 1805 1087 ad
1837 1047 1895 1088 se
1922 1035 2002 1087 im

2163 1032 2304 1084 κατᾶ
2336 1033 2640 1102 ἀπόφανσιν
2671 1035 2794 1107 ἔφη,
2848 1039 2930 1092 δτι
2985 1043 3457 1113 παραζηλὼσουσιν
3504 1053 3546 1104 οί
3576 1055 3675 1109 Ἰου-

468 1136 587 1174 cem
619 1136 740 1188 qua:
773 1120 917 1174 dicta
945 1129 1094 1175 sunt.
1124 1121 1382 1177 Secundo
1408 1133 1592 1177 autem
1616 1142 1633 1178 :
1658 1126 1848 1194 Neque
1877 1143 2000 1182 enm

2163 1122 2321 1186 δαῖοι,
2349 1125 2465 1179 ἀλλ’
2495 1128 2813 1198 ἀμφιϐόλως
2842 1131 3130 1198 διστάζων.
3171 1137 3266 1190 «Et
3292 1156 3401 1203 πως
3421 1143 3532 1213 γὰρ,
3558 1153 3671 1216 φησὶ,

469 1211 656 1266 tiative
690 1212 831 1266 dixit
863 1213 1011 1282 quod
1065 1213 1135 1266 ad
1179 1214 1552 1269 aemulandum
1604 1213 2001 1284 provocabanti

2166 1217 2549 1308 παραζηλώσω
2590 1238 2692 1290 μου
2733 1221 2832 1293 τὴν
2864 1225 3063 1294 σάρκα.
3106 1245 3125 1278 ι
3184 1221 3326 1294 Οἷον,
3360 1211 3518 1297 Ἴσωξ,

463 1303 659 1366 Judaei,
704 1304 800 1358 sed
834 1305 1090 1374 ambigue
1114 1306 1399 1369 vacillans,
1440 1306 1518 1359 ait
1540 1307 1688 1361 enim
1716 1324 1728 1358 :
1775 1325 1791 1358 ι
1824 1306 1882 1361 Si
1910 1322 1995 1375 qui

2165 1306 2328 1400 :1]er
2375 1309 2423 1360 εί
2441 1309 2534 1362 καί
2563 1311 2649 1365 διὰ
2687 1313 2785 1382 τῆς
2819 1315 2998 1369 αὐτῶν
3031 1317 3286 1383 πίστεως,
3309 1322 3421 1391 οὐχὶ
3441 1323 3492 1375 δὲ
3514 1325 3586 1379 διὰ

463 1393 626 1448 modo
655 1395 722 1449 ad
761 1395 1130 1450 aemulandum
1177 1412 1472 1466 provocem
1507 1413 1728 1452 carnem
1764 1413 1940 1452 meam
1978 1415 1991 1449 :

2159 1395 2318 1465 δίξης
2349 1401 2441 1452 καὶ
2467 1401 2576 1455 τῶν
2617 1403 2857 1458 ἐπαίνων
2891 1406 3046 1476 ἔλεγε
3084 1411 3427 1480 παραξηλοῦν
3453 1393 3673 1478 τοῦςΊοιίσ

463 1500 526 1540 ac
558 1486 602 1539 si
633 1486 782 1539 dicat
823 1504 834 1540 :
873 1505 888 1536 ι
922 1486 1203 1540 Forsitan»
1234 1488 1318 1541 vel
1348 1488 1617 1543 Fortassis
1646 1487 1762 1543 (iet.
1798 1489 1995 1555 Quami

2156 1487 2363 1555 δαίους,
2395 1493 2504 1546 οὐδ’
2535 1495 2708 1559 οὕτως
2741 1499 2994 1570 ἐμάχετο.
3029 1503 3126 1556 Διὰ
3151 1503 3249 1572 μὲν
3286 1506 3390 1576 γὰρ
3415 1507 3496 1560 τοῦ
3521 1513 3671 1575 εἰπεῖν,

463 1577 632 1628 etiam
662 1575 894 1630 dixisset
939 1592 1036 1644 per
1071 1577 1290 1631 illorum
1337 1578 1520 1641 (idem,
1558 1587 1614 1633 et
1646 1595 1756 1634 non
1795 1595 1895 1648 per
1925 1581 1995 1650 ει(

2166 1596 2185 1628 r
2223 1579 2440 1649 Ἐχθροὶ
2497 1583 2568 1636 δι’
2623 1587 2787 1654 ὑμᾶς,
2821 1608 2840 1641 ο
2879 1590 2988 1642 τῶν
3021 1592 3291 1646 Ἰουδαίων
3336 1575 3428 1665 τὴν
3473 1600 3673 1655 ἀπιστίαν

461 1665 600 1719 niam
634 1674 691 1720 et
725 1666 915 1720 laudes
959 1667 1026 1721 ad
1073 1669 1447 1722 aemulandum
1489 1669 1778 1738 provocari
1806 1669 1993 1725 Iudaeo

2160 1667 2328 1736 λέγει,
2364 1673 2456 1725 καὶ
2507 1674 2605 1744 τὴν
2640 1677 2840 1740 αἰτίαν,
2874 1679 2942 1732 δι’
2987 1681 3054 1751 ἢν
3095 1683 3440 1754 σφοδρότερον
3468 1689 3674 1758 ’ἀπεχθά-

467 1772 648 1826 neque
691 1757 764 1812 ita
811 1773 992 1812 sermo
1041 1759 1144 1813 sibi
1197 1769 1485 1830 pugnaret.
1533 1757 1752 1815 Etenim
1813 1776 1911 1830 per
1941 1761 1999 1814 bc

2158 1780 2340 1817 νονται
2379 1771 2444 1837 τῇ
2481 1770 2682 1822 πίστει.
2709 1772 2808 1824 Διά
2844 1772 2899 1825 δὲ
2928 1773 3045 1836 τοῦ,
3081 1794 3099 1826 r
3124 1776 3192 1828 Εί
3219 1795 3329 1840 πως
3358 1757 3674 1851 παραζηλώσω

463 1847 764 1915 quodait:
804 1866 820 1898 ι
865 1849 1074 1902 Inimici
1112 1859 1338 1919 propter
1369 1865 1486 1914 vos,
1536 1869 1554 1901 ι
1597 1849 1995 1905 incredulitate}

2157 1870 2258 1923 μου
2293 1857 2391 1925 τὴν
2424 1861 2620 1928 σάρκα,
2657 1880 2673 1910 ι
2712 1863 2808 1930 τὴν
2843 1863 2978 1915 ἰδίαν
3007 1865 3345 1920 ἐνδείκνυται
3375 1846 3583 1940 σπουδῆν
3607 1875 3675 1925 καὶ

461 1938 596 1994 dicit
621 1939 935 1994 Judteorum
966 1948 1022 1994 et
1051 1933 1269 1996 causain
1300 1951 1529 2011 propter
1557 1958 1719 2012 quam
1745 1943 1993 1998 vebemei

2148 1947 2478 2018 προθυμίαν,
2511 1953 2574 2020 ἣν
2600 1947 2744 2021 εἶχεν
2770 1955 2849 2016 εἰς
2900 1955 2959 2007 τὸ
2982 1955 3153 2009 σῶσαι
3187 1959 3310 2020 τοὺς
3335 1958 3391 2022 ἐξ
3436 1959 3669 2018 Ἰουδαίων.

461 2028 575 2082 tius
624 2029 754 2082 odio
797 2029 1064 2084 haberent
1112 2029 1296 2086 ﬁdem.
1345 2032 1450 2086 Per
1497 2032 1634 2086 illud
1675 2041 1881 2096 autem,
1923 2053 1942 2084 ι
1989 2039 1993 2085 :

2149 2037 2258 2091 Καὶ
2283 2038 2451 2108 χωρὶς
2474 2039 2530 2091 δὲ
2557 2042 2663 2093 τῶν
2688 2044 3014 2112 εἰρημένων,
3069 2047 3180 2100 οὐδ’
3203 2048 3376 2113 οὕτως
3404 2052 3609 2122 ἐμάχετο
3625 2057 3674 2106 τὰ

459 2136 570 2190 quo
590 2122 751 2175 ruodo
770 2122 834 2174 ad
851 2123 1218 2176 aemulandum
1235 2138 1528 2192 provocem
1548 2140 1772 2180 carnem
1797 2140 1991 2191 meam,

2153 2129 2432 2199 λεχθέντα,
2468 2132 2572 2184 κᾶν
2603 2133 2770 2200 ἄμφω
2819 2136 3201 2204 ἀποφαντικῶς
3240 2139 3437 2210 εἴρητο.
3473 2143 3565 2196 Καὶ
3592 2146 3671 2214 γὰρ

457 2227 618 2266 suum
661 2213 904 2269 studium
936 2213 1178 2268 ostendit
1219 2215 1507 2286 animique
1540 2218 1983 2287 promptitudine

2143 2221 2296 2274 οὐδὲν
2329 2221 2554 2287 ἐκώλυε,
2599 2225 2747 2286 τινὰς
2781 2226 2878 2294 μὲν
2920 2227 3028 2279 τῶν
3054 2231 3483 2286 πεπιστευκότων
3525 2213 3673 2302 ἀνερε-

458 2319 623 2371 quam
658 2303 895 2358 habebat
942 2313 1002 2358 ut
1048 2305 1228 2361 salvos
1280 2306 1487 2362 faceret
1528 2308 1625 2377 qui
1673 2323 1741 2363 ex
1788 2308 1990 2379 gentibi

2145 2312 2429 2377 θισθέντας
2463 2318 2526 2386 τῇ
2558 2316 2736 2369 πίστει
2782 2317 2890 2371 τῶν
2943 2319 3136 2384 ἐθνῶν,
3192 2323 3564 2393 παραζηλῶσαι
3605 2329 3673 2380 καὶ

456 2412 634 2456 erant.
673 2403 740 2456 Et
775 2414 974 2472 prtelel’
1006 2419 1070 2458 ea
1098 2419 1220 2473 qua!
1243 2402 1391 2457 dicta
1420 2411 1578 2466 sunt,
1621 2419 1800 2473 neque
1840 2404 1914 2458 ita
1941 2420 1988 2474 pl

2146 2404 2454 2469 πιστεῦσαι,
2478 2408 2572 2458 καὶ
2594 2407 2701 2460 τῶν
2726 2409 2798 2478 μὴ
2823 2413 3268 2465 πεπιστευκότων
3301 2414 3454 2468 πάλιν
3469 2414 3666 2479 πολλοὺς.

456 2503 686 2563 gnarent
725 2494 862 2548 dicti
925 2510 1228 2556 sermones.
1285 2496 1512 2550 etiamsi
1555 2504 1855 2565 utrumque
1891 2497 1988 2550 atIii

2145 2496 2414 2570 ἀπεχθείᾳ
2444 2499 2539 2553 καὶ
2571 2499 2717 2568 μίσει
2751 2500 2829 2570 τῷ
2853 2501 2987 2572 πρὸς
3019 2505 3146 2568 τοὺς
3188 2504 3248 2569 ἐξ
3276 2506 3456 2567 ἐθνῶν,
3486 2509 3650 2578 σκληρο

457 2586 658 2639 mando
676 2586 924 2640 dixisset.
953 2586 1101 2640 Nihil
1125 2586 1273 2641 enim
1300 2595 1514 2640 vetaret
1557 2587 1824 2656 quosdam
1846 2603 1980 2642 eoru

2138 2587 2330 2656 τέρους
2371 2588 2465 2641 καὶ
2517 2589 2951 2661 ἀπειθεστέρους
2993 2593 3250 2660 γενέσθαι
3283 2595 3355 2666 τῷ
3389 2596 3669 2666 εὐαγγελικῷ

458 2677 552 2746 qui
583 2677 955 2732 credidissent
999 2678 1288 2748 instigatos
1325 2678 1493 2733 fuisse
1525 2680 1777 2747 gentium
1813 2679 1943 2741 ﬁde,
1987 2698 1990 2728 ι

2143 2683 2482 2752 κηρύγματι,
2515 2680 2590 2745 ὡς
2616 2682 2763 2735 ἐστιν
2807 2683 2900 2736 καὶ
2942 2683 3030 2737 ἐπ’
3057 2685 3240 2738 αὐτῶν
3271 2687 3399 2740 ίδεῖν
3427 2689 3522 2740 τῶν
3562 2704 3669 2758 πρα-

455 2770 853 2825 aemularentur
876 2780 932 2824 et
979 2771 1270 2826 crederent
1304 2789 1316 2824 :
1356 2788 1687 2842 rursumque
1719 2774 1922 2828 multos
1947 2789 1978 2842 q

2149 2771 2396 2841 γμάτων.
2460 2773 2522 2824 υἱ
2561 2771 2662 2842 μέν
2725 2773 2833 2843 γὰρ
2885 2774 3214 2844 μιμούμενοι
3276 2777 3400 2840 τοὺς
3442 2775 3497 2840 ἐξ
3520 2777 3667 2840 ἐθνῶν,

455 2877 564 2916 non
596 2861 969 2927 crediderant,
1011 2862 1388 2932 indignatione
1416 2873 1471 2918 et
1496 2864 1624 2918 odio
1647 2865 1912 2918 adversus
1947 2881 1987 2918 ci

2142 2864 2532 2934 προσέρχονται
2571 2864 2636 2932 τῇ
2668 2862 2847 2916 πίστει
2879 2865 2972 2918 καὶ
2999 2865 3299 2928 σώζονται·
3336 2869 3380 2920 οί
3425 2869 3476 2920 δέ
3503 2870 3669 2930 τοτίτοις

463 2954 555 3022 qui
587 2969 618 3009 e
647 2955 908 3024 gentibus
924 2964 1102 3022 erant,
1129 2956 1384 3011 duriores
1411 2957 1726 3012 l'actosesse
1749 2957 1995 3025 minusqu

2140 2955 2594 3024 ἀπεχθανόμενοι,
2623 2955 3006 3026 σφροδρότεροι
3029 2957 3214 3028 ἐχθροὶ
3243 2959 3449 3028 καὶτῆς
3479 2960 3668 3020 πίστεως

455 3049 749 3102 credentes
792 3049 1123 3119 evangelica:
1172 3049 1554 3119 praedicationi
1611 3067 1624 3102 :
1677 3049 1847 3104 veluti
1908 3050 1987 3118 ips

2142 3044 2515 3098 καθίστανται.
2551 3063 2570 3096 ι
2599 3045 2755 3098 Κατά
2784 3045 2840 3098 δὲ
2866 3045 2966 3116 τὴν
3021 3047 3277 3118 ἐκλογήν.
3327 3068 3345 3102 υ
3383 3049 3528 3104 Κατά
3561 3050 3604 3102 δὲ
3625 3051 3669 3101 τὸ

453 3153 672 3207 quoque
709 3139 876 3194 rebus
925 3148 1011 3194 est
1066 3139 1274 3194 videre.
1310 3138 1596 3208 Siquidem
1629 3141 1683 3193 hi
1715 3140 1808 3209 qui
1850 3148 1985 3209 genti

2161 3137 2453 3206 ικλελέχθαι
2475 3137 2601 3200 τοὺς
2629 3138 2870 3209 πατέρας
2921 3139 3100 3193 αὐτῶν
3126 3141 3232 3194 ὑπὸ
3265 3142 3419 3208 Θεοῦ,
3447 3142 3693 3217 ἀγαπητοί.

453 3227 772 3290 imitantur.
805 3229 1078 3285 accedunt
1127 3229 1195 3284 ad
1240 3230 1402 3285 ﬁdem
1438 3239 1490 3284 et
1531 3231 1666 3286 salvi
1717 3231 1855 3285 [lunt
1887 3248 1899 3284 :
1939 3229 2035 3300 qui
2064 3225 2105 3282 C
2140 3231 2296 3283 εἰσιν.

450 3337 585 3377 vero
634 3323 722 3377 liis
760 3323 1147 3394 indignantur,
1195 3325 1640 3381 vehementiores
1689 3326 1898 3381 inimici
1955 3325 2082 3381 tidei
2131 3325 2563 3381 constituuntur.
2649 3344 2666 3378 ι
2721 3324 3038 3382 Secundum
3068 3328 3398 3385 electionem
3440 3340 3615 3392 autem,
3650 3343 3664 3372 ι

449 3428 650 3486 nernpe
678 3417 805 3486 quia
836 3427 1024 3487 patres
1043 3433 1239 3472 eorum
1271 3417 1432 3474 electi
1463 3428 1594 3474 sunt
1625 3433 1656 3473 a
1682 3419 1816 3482 Deo,
1849 3417 2038 3474 dilecti
2071 3426 2220 3473 sunt.

529 3599 554 3638 ε
575 3583 807 3651 Propter
831 3583 1040 3637 Patres.
1067 3602 1086 3634 ι
1125 3583 1288 3656 360
1325 3585 1535 3641 Deinde
1566 3586 1825 3656 quoniam
1863 3587 1918 3641 in
1947 3586 2032 3640 in-

2213 3586 2342 3640 «me
2365 3587 2488 3651 τοίις
2523 3586 2829 3656 Πατέρας.»
2866 3585 3207 3666 [01KO_YM.]
3236 3584 3365 3640 Εἶτα
3390 3584 3559 3655 ἐπειδὴ
3574 3586 3667 3637 ἐνα-

451 3674 778 3729 creduiitate
793 3684 1235 3743 permanserunt,
1257 3684 1314 3730 et
1330 3676 1402 3731 ob
1416 3677 1522 3732 hoc
1544 3677 1730 3733 dilecti
1750 3694 1858 3733 non
1877 3695 1981 3734 sun

2141 3679 2557 3749 πομεμενήκασι
2574 3680 2640 3748 τῇ
2658 3678 2904 3750 ἀπιστίᾳ,
2925 3678 3018 3731 καὶ
3034 3677 3120 3730 διὰ
3137 3676 3300 3730 τοῦτο
3311 3679 3409 3730 οὐκ
3430 3677 3666 3740 εἰσὶνάγαι

452 3781 646 3820 secure
675 3766 908 3833 loquens
933 3765 1066 3820 dicit
1109 3783 1123 3820 :
1171 3786 1188 3817 ε
1215 3767 1445 3837 Propter
1467 3777 1674 3838 patres.
1705 3787 1722 3820 ι
1757 3771 1835 3823 Ac
1865 3770 1909 3824 si
1943 3769 1977 3824 d

2140 3772 2324 3840 πητοὶ,
2351 3767 2608 3836 ἀσφαλῶς
2628 3767 2824 3833 λαλῶν,
2849 3768 3000 3837 φησὶ,
3029 3769 3156 3821 «Διά
3173 3770 3302 3831 τοὺς
3322 3768 3592 3838 πατέρας.»
3610 3765 3665 3826 ὡς

455 3867 608 3913 ceret
636 3874 652 3910 :
682 3857 1003 3926 Quanquam
1036 3859 1136 3928 ipsi
1173 3869 1396 3931 propter
1420 3861 1863 3917 incredulitatem
1887 3862 1987 3917 dile

2139 3863 2188 3914 εί
2222 3856 2397 3914 εἶπενο
2419 3861 2478 3913 El
2497 3860 2592 3913 καὶ
2617 3860 2769 3915 αὐτοὶ
2796 3860 2884 3914 διὰ
2902 3859 2998 3926 τὴν
3022 3861 3280 3914 ἀπιστίαν
3298 3863 3396 3914 οὐκ
3415 3857 3662 3926 ἀγαπητοὶ,

434 3951 528 4005 ἐιί
555 3966 662 4005 non
691 3950 825 4014 sint,
852 3960 1093 4007 attamcn
1118 3963 1346 4023 propter
1369 3964 1559 4025 patres
1573 3955 1756 4010 adhuc
1787 3956 1966 4026 diligui

2135 3951 2222 4007 διὰ
2249 3954 2430 4021 μέντοι
2447 3953 2572 4014 τοὺς
2590 3951 2826 4020 πατέρας
2843 3950 2921 4004 ἔτι
2941 3951 3283 4019 ἀγαπῶνται,
3303 3953 3420 4004 ὅθεν
3437 3951 3519 4004 καὶ
3533 3963 3665 4013 σωτη-

453 4056 581 4109 tur;
643 4046 789 4101 unde
839 4055 895 4101 et
945 4046 1179 4102 salutem
1247 4048 1547 4118 recipiunt.
1603 4067 1622 4102 ‹
1684 4050 1754 4104 Et
1808 4049 1985 4104 vocati

2136 4046 2257 4115 ρίαν
2277 4043 2606 4113 ἐκδέχονται.
2632 4061 2649 4094 ι
2672 4043 2779 4095 Καὶ
2806 4044 3050 4112 ήκλῆσις
3067 4043 3160 4096 τοῦ
3189 4044 3348 4100 Θεοῦ.
3363 4064 3379 4094 ι
3411 4044 3470 4095 Ἦ
3486 4039 3665 4110 γενομέ-

449 4138 569 4193 Dei.
636 4155 656 4190 ι
724 4137 887 4196 Facta
942 4139 1204 4195 videlicet
1254 4141 1403 4196 circa
1452 4156 1626 4212 genus
1687 4141 1981 4198 Judazorun

2282 4135 2406 4204 μησὶ,
2435 4135 2562 4205 περὶ
2596 4135 2655 4187 τὺ
2689 4134 2838 4198 ἔθνος
2874 4135 2981 4187 τῶν
3008 4135 3302 4189 Ἰουδαίων.
3335 4135 3558 4202 (Ὥσπερ
3581 4131 3662 4199 γὰρ

454 4249 472 4280 ε
506 4228 977 4296 Quemdmodum
1011 4231 1159 4285 enim
1191 4239 1246 4286 et
1267 4247 1364 4286 vos
1399 4233 1696 4302 aliquando
1748 4233 1981 4287 incredu

2131 4230 2228 4284 καὶ
2246 4230 2401 4297 ὑμεῖς
2421 4243 2548 4280 ποτε
2563 4226 2897 4297 ἠπειθήσατε
2919 4226 2996 4296 τῷ
3022 4226 3158 4296 Θεῷ.
3173 4245 3192 4277 ι
3219 4227 3490 4280 Δείκνυσιν
3507 4221 3661 4276 ἐνταῦ-

445 4322 634 4377 fuistis
673 4322 803 4378 Deo.
843 4342 861 4376 ι
893 4321 1147 4379 Ostendit
1184 4323 1277 4378 hic
1303 4334 1496 4394 gentes
1534 4325 1773 4394 primum
1811 4333 1977 4378 vocat:

2140 4323 2208 4375 θα
2230 4322 2354 4384 τοὺς
2377 4320 2436 4385 ἐξ
2467 4320 2633 4373 ἐθνῶν
2668 4320 2933 4389 πρότερον
2963 4319 3355 4388 κεκλημένους,
3383 4314 3494 4372 εἶτα
3516 4315 3661 4381 ἐπειδὴ

447 4412 640 4476 fuisse,
689 4411 889 4467 deinde
937 4413 1198 4482 quoniam
1246 4428 1357 4468 non
1405 4413 1757 4477 obedierunt,
1807 4412 1979 4467 Judaei

2130 4415 2229 4483 οὐχ
2256 4414 2592 4483 ὑπήκουσαν,
2644 4412 2770 4473 τοὺς
2805 4410 3090 4473 Ἰουδαίους
3121 4411 3460 4480 ἐλεηθέντας.
3499 4410 3591 4462 Καὶ
3615 4408 3657 4457 τὸ

450 4502 894 4566 misericordiam
927 4511 1278 4568 consecutos,
1313 4512 1438 4573 post
1484 4503 1601 4558 haec
1631 4517 1851 4557 rursum
1883 4502 1982 4558 idet

2133 4505 2267 4560 αὐτὸ
2306 4504 2466 4558 πάλιν
2523 4501 2733 4572 συμϐὰν
2784 4501 2922 4570 μετὰ
2968 4502 3160 4556 ταῦτα.
3212 4501 3428 4570 Ἐπειδὴ
3459 4501 3553 4569 γὰρ
3585 4497 3659 4548 οὑκ

447 4612 478 4648 e
500 4595 722 4650 diverso
754 4593 1101 4664 contingere.
1129 4593 1360 4660 Quando
1386 4594 1610 4664 quidem
1641 4594 1788 4650 enim
1830 4596 1979 4649 nolui

2133 4597 2405 4667 ἠθέλησαν
2449 4596 2498 4647 οἱ
2539 4594 2782 4648 Ἰουδαῖοι
2827 4594 3134 4657 πιστεῦσαι,
3187 4595 3352 4648 πάλιν
3393 4593 3574 4662 ἐκλήθη
3611 4591 3660 4640 τὰ

448 4698 578 4754 runt
614 4686 789 4744 Judaei
835 4685 1090 4750 credere,
1119 4685 1308 4742 denuo
1337 4694 1544 4741 vocatae
1572 4698 1703 4741 sunt
1736 4694 1980 4757 gentes,i

2131 4688 2281 4757 ἔθνη,
2311 4689 2405 4740 καὶ
2460 4684 2745 4754 κληθέντα.
2806 4683 2864 4736 τὸ
2914 4683 3166 4756 δεύτερον
3212 4676 3658 4742 ἐπίστευσαν.ἀλλ’

447 4779 690 4838 secundo
715 4787 926 4834 vocatae
965 4776 1325 4832 crediderunt
1357 4793 1372 4831 :
1407 4776 1463 4830 id
1494 4787 1678 4832 tamen
1711 4792 1821 4831 non
1845 4776 1911 4830 ad
1933 4777 1979 4832 ιι

2131 4779 2233 4832 οὐκ
2287 4779 2366 4839 είς
2394 4780 2494 4848 τὴν
2535 4775 2763 4845 ἐκϐολὴν
2817 4775 2925 4830 τῶν
2975 4775 3244 4829 Ἰουδαίων
3295 4775 3529 4844 τελευτᾷ,
3563 4767 3661 4824 ἀλλ’

451 4870 698 4926 ὁποι-ωτι
729 4869 910 4940 vergit
944 4869 1296 4941 ejectionem,
1328 4867 1424 4924 sed
1456 4877 1517 4923 ut
1544 4868 1648 4938 ipsi
1678 4883 1896 4938 quoque
1924 4882 1978 4920 m

2131 4868 2211 4930 είς
2276 4870 2334 4918 sb
2362 4867 2454 4919 καὶ
2492 4866 2687 4927 αὐτοὺς
2713 4865 2997 4935 ἐλεηθῆναι
3056 4865 3236 4920 πάλιν.
3279 4886 3297 4917 ε
3363 4866 3493 4919 ﬂore
3534 4865 3659 4930 ἠπει-

448 4958 805 5015 sericordiam
859 4968 1299 5029 consequantur.
1363 4977 1382 5010 ι
1411 4957 1723 5028 Aliquando
1755 4958 1980 5013 incrcdu

2130 4958 2353 5028 θήσατε.
2387 4975 2408 5011 ο
2458 4987 2526 5000 -—
2571 4956 2772 5028 [ΦΩΤ.]
2813 4956 3184 5028 Προτρέπεται
3243 4958 3372 5020 τοὺς
3417 4952 3661 5010 Ἰουδαίους

445 5052 650 5106 fuistis.
699 5068 716 5101 ι
769 5050 874 5104 Per
918 5049 1035 5107 haec
1082 5051 1305 5108 ,Ιυάσεοε
1343 5050 1413 5106 ad
1455 5051 1618 5106 ﬁdem
1658 5052 1713 5106 in
1746 5050 1977 5106 Christui

2129 5051 2222 5101 ἐπὶ
2271 5051 2370 5118 τὴν
2419 5050 2497 5111 είς
2542 5048 2777 5118 Χριστὸν
2832 5047 3017 5101 πίστιν
3056 5049 3143 5101 διὰ
3193 5049 3416 5110 τούτων,
3451 5047 3532 5098 καὶ
3569 5042 3657 5109 ἅμα

447 5143 816 5200 adhortatur:
846 5141 1119 5212 simulque
1164 5144 1365 5199 bonam
1411 5143 1494 5199 eis
1538 5161 1692 5214 spem
1743 5145 1925 5208 oﬂ‘ert,
1961 5159 1979 5198 ε

2129 5140 2369 5212 χρηστὰς
2397 5140 2578 5201 αὐτοῖς
2628 5139 2846 5201 ἐλπίδας
2899 5138 3190 5203 ὑποτείνει,
3237 5141 3332 5192 καὶ
3389 5137 3556 5191 πᾶσαν
3588 5132 3656 5186 al-

446 5249 670 5290 omnem
711 5235 893 5289 elevat
937 5235 1228 5304 pudorem.
1272 5238 1352 5293 Ne
1384 5237 1616 5306 pudore,
1664 5238 1864 5306 inquit,
1907 5246 1978 5291 sul

2128 5232 2328 5302 σχύνην
2357 5233 2587 5301 ἀναιρεῖ.
2621 5231 2712 5300 Μὴ
2742 5231 3056 5300 αίσχυνθῇς,
3090 5237 3244 5301 φησὶ,
3269 5233 3373 5284 κᾶν
3393 5230 3655 5300 ἠπείθησας

442 5327 714 5391 fundaris,
756 5325 862 5380 etsi
898 5325 1220 5382 incredulus
1267 5328 1423 5382 luisti
1456 5329 1833 5384 utaccederes
1866 5346 1879 5382 :
1922 5344 1974 5382 nr

2132 5323 2466 5393 προσελθεῖν,
2495 5321 2617 5392 μηδ’
2656 5321 2962 5392 ἀπελπισῃς
2993 5323 3066 5384 ὡς
3108 5322 3428 5392 βραδύτερον
3461 5334 3654 5393 προσερ-

443 5437 553 5493 que
584 5419 848 5490 desperes
882 5418 1030 5488 quod
1077 5418 1289 5473 tardius
1327 5421 1577 5486 accedas,
1608 5435 1729 5476 sero
1763 5421 1893 5474 licet
1926 5436 1975 5474 at

2126 5415 2372 5484 χύμενος.
2394 5412 2560 5483 τεύξῃ
2586 5413 2680 5465 καὶ
2707 5412 2802 5482 ὀψὲ
2834 5412 3069 5484 προσιὼν
3096 5413 3189 5466 τοῦ
3213 5414 3413 5475 ἐλέους.
3447 5411 3545 5464 Καὶ
3569 5409 3652 5475 γὰρ

443 5511 690 5576 veniens,
714 5509 1154 5564 misericordiam
1179 5511 1557 5581 consequeris.
1589 5511 1803 5566 Etenim
1829 5521 1975 5581 genu

2124 5506 2310 5560 καὶτὰ
2355 5504 2480 5574 ἐθνη
2543 5503 2830 5574 κληθέντα,
2886 5503 3192 5574 ἠπείθησαν
3229 5506 3506 5575 πρότερον,
3548 5496 3654 5552 ἀλλὰ

441 5607 610 5662 etiam
637 5617 763 5657 cum
798 5608 1006 5656 vocatae.
1050 5608 1237 5656 essent
1278 5602 1517 5672 primum
1553 5603 1855 5658 incredula:
1894 5602 1973 5656 ίυε

2123 5598 2218 5652 νῦν
2274 5596 2625 5658 ἐπίστευσαν,
2671 5597 2808 5664 μήτε
2851 5597 2950 5666 τὴν
3005 5597 3298 5668 προτέραν,
3341 5592 3652 5666 αἰσχυνθέντα

440 5705 573 5751 runt
629 5704 685 5750 at
719 5707 870 5749 nunc
915 5691 1298 5758 crediderunt,
1345 5709 1526 5764 neque
1569 5693 1778 5764 pudore
1804 5692 1972 5747 affect

2123 5687 2431 5752 ἀπείθειαν,
2469 5687 2596 5756 μήθ’
2628 5687 2733 5740 ὑπὸ
2783 5687 2884 5756 τῆς
2912 5687 3241 5757 βραδυτῆτος
3271 5690 3349 5751 είς
3390 5689 3483 5755 τὴν
3509 5695 3651 5746 σωτη-

440 5797 570 5847 sunt
591 5785 662 5842 ob
693 5783 934 5856 priorem
969 5779 1640 5857 incredulitatem,‘neque
1660 5800 1726 5842 ex
1753 5784 1972 5841 tardital

2125 5782 2244 5854 ρίαν
2266 5778 2798 5852 παρεμποδισθέντα.
2819 5779 2959 5851 Μηδ’
2981 5780 3143 5846 αὐτὸς
3169 5780 3364 5850 τοίνυν,
3383 5772 3426 5833 ὦ
3443 5774 3644 5833 ’ὶονδαῖες
