  <div class='ocr_page' id='page_1' title='image "/cluster/home/n/w/nwhite01/storage/ocr_20150623/118/hvd.32044019208149/328.png"; bbox 0 0 3880 6546; ppageno 0'>
   <div class='ocr_carea' id='block_1_1' title="bbox 144 459 240 523">
    <p class='ocr_par' dir='ltr' id='par_1_1' title="bbox 144 459 240 523">
     <span class='ocr_line' id='line_1_1' title="bbox 144 459 240 523; baseline -0.042 0"><span class='ocrx_word' id='word_1_1' title='bbox 144 459 240 523; x_wconf 75' lang='grc'><strong>55⁸1</strong></span> 
     </span>
    </p>
   </div>
   <div class='ocr_carea' id='block_1_2' title="bbox 1197 440 2333 508">
    <p class='ocr_par' dir='ltr' id='par_1_2' title="bbox 1197 440 2333 508">
     <span class='ocr_line' id='line_1_2' title="bbox 1197 440 2333 508; baseline -0.008 0"><span class='ocrx_word' id='word_1_2' title='bbox 1197 442 1588 508; x_wconf 76' lang='lat' dir='ltr'><strong>COMMENT.</strong></span> <span class='ocrx_word' id='word_1_3' title='bbox 1625 440 1701 504; x_wconf 85' lang='grc' dir='ltr'><strong>ΙΝ</strong></span> <span class='ocrx_word' id='word_1_4' title='bbox 1738 442 1978 502; x_wconf 82' lang='lat' dir='ltr'><strong>EPIST-</strong></span> <span class='ocrx_word' id='word_1_5' title='bbox 2020 442 2122 501; x_wconf 82' lang='lat' dir='ltr'><strong>AD</strong></span> <span class='ocrx_word' id='word_1_6' title='bbox 2148 440 2333 500; x_wconf 69' lang='lat' dir='ltr'><strong>ROM.</strong></span> 
     </span>
    </p>
   </div>
   <div class='ocr_carea' id='block_1_3' title="bbox 3269 439 3372 502">
    <p class='ocr_par' dir='ltr' id='par_1_3' title="bbox 3269 439 3372 502">
     <span class='ocr_line' id='line_1_3' title="bbox 3269 439 3372 502; baseline 0.029 -3"><span class='ocrx_word' id='word_1_7' title='bbox 3269 439 3372 502; x_wconf 74' lang='grc'><strong>558</strong></span> 
     </span>
    </p>
   </div>
   <div class='ocr_carea' id='block_1_4' title="bbox 147 555 1716 647">
    <p class='ocr_par' dir='ltr' id='par_1_4' title="bbox 147 563 1705 647">
     <span class='ocr_line' id='line_1_4' title="bbox 147 563 1705 647; baseline -0.008 -20"><span class='ocrx_word' id='word_1_8' title='bbox 147 576 267 647; x_wconf 79' lang='grc' dir='ltr'>μήτ’</span> <span class='ocrx_word' id='word_1_9' title='bbox 320 570 634 643; x_wconf 71' lang='grc' dir='ltr'><strong>αἰσχυνθῇς,</strong></span> <span class='ocrx_word' id='word_1_10' title='bbox 680 569 817 641; x_wconf 87' lang='grc' dir='ltr'>μήτε</span> <span class='ocrx_word' id='word_1_11' title='bbox 868 568 1196 639; x_wconf 74' lang='grc' dir='ltr'>ἂπελπίσῃς.</span> <span class='ocrx_word' id='word_1_12' title='bbox 1258 567 1403 621; x_wconf 81' lang='grc' dir='ltr'>Αλλά</span> <span class='ocrx_word' id='word_1_13' title='bbox 1445 563 1705 637; x_wconf 76' lang='grc' dir='ltr'><strong>πρόσελθε</strong></span> 
     </span>
    </p>
   </div>
   <div class='ocr_carea' id='block_1_5' title="bbox 1820 555 3378 647">
    <p class='ocr_par' dir='ltr' id='par_1_5' title="bbox 1820 555 3378 630">
     <span class='ocr_line' id='line_1_5' title="bbox 1820 555 3378 630; baseline -0.003 -15"><span class='ocrx_word' id='word_1_14' title='bbox 1820 561 1985 615; x_wconf 89' lang='lat' dir='ltr'><strong>ullum</strong></span> <span class='ocrx_word' id='word_1_15' title='bbox 2016 576 2191 630; x_wconf 66' lang='lat' dir='ltr'><strong>passae</strong></span> <span class='ocrx_word' id='word_1_16' title='bbox 2218 568 2350 614; x_wconf 91' lang='lat' dir='ltr'><strong>sunt</strong></span> <span class='ocrx_word' id='word_1_17' title='bbox 2387 555 2842 629; x_wconf 76' lang='lat' dir='ltr'><strong>impedimentum</strong></span> <span class='ocrx_word' id='word_1_18' title='bbox 2886 560 2955 616; x_wconf 87' lang='lat' dir='ltr'><strong>ad</strong></span> <span class='ocrx_word' id='word_1_19' title='bbox 2985 560 3238 614; x_wconf 85' lang='lat' dir='ltr'><strong>salutem.</strong></span> <span class='ocrx_word' id='word_1_20' title='bbox 3276 558 3378 627; x_wconf 75' lang='lat' dir='ltr'><strong>lgi-</strong></span> 
     </span>
    </p>
   </div>
   <div class='ocr_carea' id='block_1_6' title="bbox 145 653 1710 736">
    <p class='ocr_par' dir='ltr' id='par_1_6' title="bbox 145 653 1710 736">
     <span class='ocr_line' id='line_1_6' title="bbox 145 653 1710 736; baseline -0.008 -17"><span class='ocrx_word' id='word_1_21' title='bbox 145 665 436 736; x_wconf 84' lang='grc' dir='ltr'>προθύμως</span> <span class='ocrx_word' id='word_1_22' title='bbox 462 664 527 733; x_wconf 77' lang='grc' dir='ltr'>τῇ</span> <span class='ocrx_word' id='word_1_23' title='bbox 563 661 765 723; x_wconf 82' lang='grc' dir='ltr'>πίστει,</span> <span class='ocrx_word' id='word_1_24' title='bbox 814 660 908 713; x_wconf 83' lang='grc' dir='ltr'>καὶ</span> <span class='ocrx_word' id='word_1_25' title='bbox 945 661 1169 722; x_wconf 74' lang='grc' dir='ltr'>παντως</span> <span class='ocrx_word' id='word_1_26' title='bbox 1199 657 1492 728; x_wconf 81' lang='grc' dir='ltr'>ἐλεηθήσῃ.</span> <span class='ocrx_word' id='word_1_27' title='bbox 1523 657 1593 708; x_wconf 84' lang='grc' dir='ltr'><strong>Ἤ</strong></span> <span class='ocrx_word' id='word_1_28' title='bbox 1616 653 1710 708; x_wconf 78' lang='grc' dir='ltr'>οὖν</span> 
     </span>
    </p>
   </div>
   <div class='ocr_carea' id='block_1_7' title="bbox 144 746 1710 828">
    <p class='ocr_par' dir='ltr' id='par_1_7' title="bbox 144 746 1710 828">
     <span class='ocr_line' id='line_1_7' title="bbox 144 746 1710 828; baseline -0.01 -17"><span class='ocrx_word' id='word_1_29' title='bbox 144 754 458 828; x_wconf 75' lang='grc' dir='ltr'><strong>προτροπῆς</strong></span> <span class='ocrx_word' id='word_1_30' title='bbox 495 753 588 805; x_wconf 74' lang='grc' dir='ltr'>καὶ</span> <span class='ocrx_word' id='word_1_31' title='bbox 622 751 999 820; x_wconf 74' lang='grc' dir='ltr'><strong>παραινέσεως</strong></span> <span class='ocrx_word' id='word_1_32' title='bbox 1030 750 1194 804; x_wconf 82' lang='grc' dir='ltr'>τόπον</span> <span class='ocrx_word' id='word_1_33' title='bbox 1236 748 1423 818; x_wconf 79' lang='grc' dir='ltr'>ἐπέχει</span> <span class='ocrx_word' id='word_1_34' title='bbox 1453 746 1523 799; x_wconf 88' lang='grc' dir='ltr'><strong>τά</strong></span> <span class='ocrx_word' id='word_1_35' title='bbox 1555 748 1710 815; x_wconf 83' lang='grc' dir='ltr'>είρη-</span> 
     </span>
    </p>
   </div>
   <div class='ocr_carea' id='block_1_8' title="bbox 148 836 1713 917">
    <p class='ocr_par' dir='ltr' id='par_1_8' title="bbox 148 836 1713 917">
     <span class='ocr_line' id='line_1_8' title="bbox 148 836 1713 917; baseline -0.006 -20"><span class='ocrx_word' id='word_1_36' title='bbox 148 847 295 917; x_wconf 68' lang='grc' dir='ltr'>μένα.</span> <span class='ocrx_word' id='word_1_37' title='bbox 325 845 360 915; x_wconf 80' lang='grc' dir='ltr'>ἢ</span> <span class='ocrx_word' id='word_1_38' title='bbox 392 845 487 897; x_wconf 62' lang='grc' dir='ltr'><strong>καῖ⁵</strong></span> <span class='ocrx_word' id='word_1_39' title='bbox 508 842 864 913; x_wconf 80' lang='grc' dir='ltr'>προφητείας,</span> <span class='ocrx_word' id='word_1_40' title='bbox 897 841 1236 911; x_wconf 89' lang='grc' dir='ltr'>πιστούμενα</span> <span class='ocrx_word' id='word_1_41' title='bbox 1262 840 1324 893; x_wconf 79' lang='grc' dir='ltr'>τὸ</span> <span class='ocrx_word' id='word_1_42' title='bbox 1356 836 1571 909; x_wconf 78' lang='grc' dir='ltr'>μέλλον,</span> <span class='ocrx_word' id='word_1_43' title='bbox 1603 836 1713 890; x_wconf 77' lang='grc' dir='ltr'><strong>ἀπὸ</strong></span> 
     </span>
    </p>
   </div>
   <div class='ocr_carea' id='block_1_9' title="bbox 143 928 1714 1006">
    <p class='ocr_par' dir='ltr' id='par_1_9' title="bbox 143 928 1714 1006">
     <span class='ocr_line' id='line_1_9' title="bbox 143 928 1714 1006; baseline -0.006 -16"><span class='ocrx_word' id='word_1_44' title='bbox 143 938 230 1006; x_wconf 73' lang='grc' dir='ltr'>τῆς</span> <span class='ocrx_word' id='word_1_45' title='bbox 248 937 358 988; x_wconf 89' lang='grc' dir='ltr'><strong>τῶν</strong></span> <span class='ocrx_word' id='word_1_46' title='bbox 386 934 763 1003; x_wconf 76' lang='grc' dir='ltr'>ἐκδεεηκὸτων</span> <span class='ocrx_word' id='word_1_47' title='bbox 790 929 1145 1002; x_wconf 72' lang='grc' dir='ltr'><strong>παραθέσεως</strong></span> <span class='ocrx_word' id='word_1_48' title='bbox 1163 932 1259 984; x_wconf 78' lang='grc' dir='ltr'>καὶ</span> <span class='ocrx_word' id='word_1_49' title='bbox 1289 928 1613 1002; x_wconf 80' lang='grc' dir='ltr'><strong>μαρτυρίας.</strong></span> <span class='ocrx_word' id='word_1_50' title='bbox 1639 928 1714 981; x_wconf 84' lang='grc' dir='ltr'>Τὸ</span> 
     </span>
    </p>
   </div>
   <div class='ocr_carea' id='block_1_10' title="bbox 141 1020 1714 1096">
    <p class='ocr_par' dir='ltr' id='par_1_10' title="bbox 141 1020 1714 1096">
     <span class='ocr_line' id='line_1_10' title="bbox 141 1020 1714 1096; baseline -0.007 -15"><span class='ocrx_word' id='word_1_51' title='bbox 141 1029 213 1090; x_wconf 76' lang='grc' dir='ltr'>δὲ,</span> <span class='ocrx_word' id='word_1_52' title='bbox 230 1045 249 1077; x_wconf 77' lang='grc' dir='ltr'><strong>ι</strong></span> <span class='ocrx_word' id='word_1_53' title='bbox 273 1027 566 1096; x_wconf 70' lang='grc' dir='ltr'>Ἡλεηθητε</span> <span class='ocrx_word' id='word_1_54' title='bbox 580 1027 645 1095; x_wconf 78' lang='grc' dir='ltr'>τῇ</span> <span class='ocrx_word' id='word_1_55' title='bbox 659 1025 861 1078; x_wconf 89' lang='grc' dir='ltr'>τούτων</span> <span class='ocrx_word' id='word_1_56' title='bbox 876 1023 1181 1095; x_wconf 77' lang='grc' dir='ltr'>ἀπειθείᾳ,»</span> <span class='ocrx_word' id='word_1_57' title='bbox 1204 1024 1318 1085; x_wconf 74' lang='grc' dir='ltr'>καὶ,</span> <span class='ocrx_word' id='word_1_58' title='bbox 1339 1040 1359 1074; x_wconf 76' lang='grc' dir='ltr'><strong>ε</strong></span> <span class='ocrx_word' id='word_1_59' title='bbox 1382 1020 1714 1090; x_wconf 76' lang='grc' dir='ltr'>Ἦπείθησαν</span> 
     </span>
    </p>
   </div>
   <div class='ocr_carea' id='block_1_11' title="bbox 141 1111 1714 1187">
    <p class='ocr_par' dir='ltr' id='par_1_11' title="bbox 141 1111 1714 1187">
     <span class='ocr_line' id='line_1_11' title="bbox 141 1111 1714 1187; baseline -0.006 -15"><span class='ocrx_word' id='word_1_60' title='bbox 141 1120 212 1172; x_wconf 85' lang='grc' dir='ltr'><strong>τῶ</strong></span> <span class='ocrx_word' id='word_1_61' title='bbox 254 1117 507 1187; x_wconf 81' lang='grc' dir='ltr'>ὑμετέρῳ</span> <span class='ocrx_word' id='word_1_62' title='bbox 541 1115 702 1178; x_wconf 79' lang='grc' dir='ltr'>ἐλέει,</span> <span class='ocrx_word' id='word_1_63' title='bbox 734 1134 754 1167; x_wconf 73' lang='grc' dir='ltr'><strong>ι</strong></span> <span class='ocrx_word' id='word_1_64' title='bbox 786 1116 970 1186; x_wconf 64' lang='grc' dir='ltr'>φησὶν,</span> <span class='ocrx_word' id='word_1_65' title='bbox 1007 1116 1106 1185; x_wconf 78' lang='grc' dir='ltr'><strong>οὐχ</strong></span> <span class='ocrx_word' id='word_1_66' title='bbox 1133 1115 1215 1168; x_wconf 82' lang='grc' dir='ltr'>ὅτι</span> <span class='ocrx_word' id='word_1_67' title='bbox 1252 1115 1285 1184; x_wconf 76' lang='grc' dir='ltr'>ἡ</span> <span class='ocrx_word' id='word_1_68' title='bbox 1317 1112 1571 1168; x_wconf 78' lang='grc' dir='ltr'><strong>ἀπείθεια</strong></span> <span class='ocrx_word' id='word_1_69' title='bbox 1603 1111 1714 1162; x_wconf 88' lang='grc' dir='ltr'><strong>τῶν</strong></span> 
     </span>
    </p>
   </div>
   <div class='ocr_carea' id='block_1_12' title="bbox 143 1202 1711 1277">
    <p class='ocr_par' dir='ltr' id='par_1_12' title="bbox 143 1202 1711 1277">
     <span class='ocr_line' id='line_1_12' title="bbox 143 1202 1711 1277; baseline -0.005 -14"><span class='ocrx_word' id='word_1_70' title='bbox 143 1208 408 1263; x_wconf 73' lang='grc' dir='ltr'><strong>Ἰουδαίων</strong></span> <span class='ocrx_word' id='word_1_71' title='bbox 453 1208 604 1261; x_wconf 78' lang='grc' dir='ltr'>αίτὶα</span> <span class='ocrx_word' id='word_1_72' title='bbox 631 1208 824 1276; x_wconf 81' lang='grc' dir='ltr'>γέγονε</span> <span class='ocrx_word' id='word_1_73' title='bbox 873 1205 968 1260; x_wconf 84' lang='grc' dir='ltr'>τοῦ</span> <span class='ocrx_word' id='word_1_74' title='bbox 1010 1206 1392 1277; x_wconf 82' lang='grc' dir='ltr'>ἐλεηθῆναιτά</span> <span class='ocrx_word' id='word_1_75' title='bbox 1423 1203 1575 1274; x_wconf 72' lang='grc' dir='ltr'>ἔθνη,</span> <span class='ocrx_word' id='word_1_76' title='bbox 1604 1202 1711 1256; x_wconf 76' lang='grc' dir='ltr'>οὐδ’</span> 
     </span>
    </p>
   </div>
   <div class='ocr_carea' id='block_1_13' title="bbox 141 1294 1714 1365">
    <p class='ocr_par' dir='ltr' id='par_1_13' title="bbox 141 1294 1714 1365">
     <span class='ocr_line' id='line_1_13' title="bbox 141 1294 1714 1365; baseline -0.004 -11"><span class='ocrx_word' id='word_1_77' title='bbox 141 1301 216 1354; x_wconf 78' lang='grc' dir='ltr'><strong>δτι</strong></span> <span class='ocrx_word' id='word_1_78' title='bbox 246 1301 306 1351; x_wconf 85' lang='grc' dir='ltr'>τὸ</span> <span class='ocrx_word' id='word_1_79' title='bbox 331 1298 481 1362; x_wconf 74' lang='grc' dir='ltr'>ἔλεος</span> <span class='ocrx_word' id='word_1_80' title='bbox 517 1300 624 1352; x_wconf 86' lang='grc' dir='ltr'><strong>τῶν</strong></span> <span class='ocrx_word' id='word_1_81' title='bbox 653 1297 843 1362; x_wconf 78' lang='grc' dir='ltr'>ἐθνῶν,</span> <span class='ocrx_word' id='word_1_82' title='bbox 888 1298 1062 1351; x_wconf 84' lang='grc' dir='ltr'>αῖτιον</span> <span class='ocrx_word' id='word_1_83' title='bbox 1094 1296 1285 1365; x_wconf 84' lang='grc' dir='ltr'>γέγονε</span> <span class='ocrx_word' id='word_1_84' title='bbox 1314 1296 1412 1364; x_wconf 85' lang='grc' dir='ltr'>τῆς</span> <span class='ocrx_word' id='word_1_85' title='bbox 1440 1294 1714 1348; x_wconf 77' lang='grc' dir='ltr'><strong>Ἰουδαίων</strong></span> 
     </span>
    </p>
   </div>
   <div class='ocr_carea' id='block_1_14' title="bbox 145 1388 1710 1461">
    <p class='ocr_par' dir='ltr' id='par_1_14' title="bbox 145 1388 1710 1461">
     <span class='ocr_line' id='line_1_14' title="bbox 145 1388 1710 1461; baseline -0.004 -14"><span class='ocrx_word' id='word_1_86' title='bbox 145 1392 443 1453; x_wconf 78' lang='grc' dir='ltr'>ἀπειθείας.</span> <span class='ocrx_word' id='word_1_87' title='bbox 482 1390 621 1446; x_wconf 86' lang='grc' dir='ltr'><strong>ἀλλά</strong></span> <span class='ocrx_word' id='word_1_88' title='bbox 669 1391 840 1445; x_wconf 77' lang='grc' dir='ltr'>ταῦτα</span> <span class='ocrx_word' id='word_1_89' title='bbox 867 1407 1023 1461; x_wconf 85' lang='grc' dir='ltr'>φησι,</span> <span class='ocrx_word' id='word_1_90' title='bbox 1066 1390 1280 1452; x_wconf 80' lang='grc' dir='ltr'>δεικνὺς</span> <span class='ocrx_word' id='word_1_91' title='bbox 1308 1388 1402 1443; x_wconf 76' lang='grc' dir='ltr'>καὶ</span> <span class='ocrx_word' id='word_1_92' title='bbox 1424 1388 1710 1452; x_wconf 82' lang='grc' dir='ltr'><strong>διδάσκων,</strong></span> 
     </span>
    </p>
   </div>
   <div class='ocr_carea' id='block_1_15' title="bbox 142 1478 1713 1546">
    <p class='ocr_par' dir='ltr' id='par_1_15' title="bbox 142 1478 1713 1546">
     <span class='ocr_line' id='line_1_15' title="bbox 142 1478 1713 1546; baseline -0.005 -8"><span class='ocrx_word' id='word_1_93' title='bbox 142 1486 216 1538; x_wconf 80' lang='grc' dir='ltr'><strong>ὅτι</strong></span> <span class='ocrx_word' id='word_1_94' title='bbox 245 1484 274 1537; x_wconf 84' lang='grc' dir='ltr'>ὀ</span> <span class='ocrx_word' id='word_1_95' title='bbox 300 1483 438 1546; x_wconf 69' lang='grc' dir='ltr'>Θεὸς</span> <span class='ocrx_word' id='word_1_96' title='bbox 486 1483 737 1536; x_wconf 71' lang='grc' dir='ltr'>οὐδέποτε</span> <span class='ocrx_word' id='word_1_97' title='bbox 769 1482 980 1535; x_wconf 82' lang='grc' dir='ltr'>διέλιπε</span> <span class='ocrx_word' id='word_1_98' title='bbox 1018 1480 1079 1534; x_wconf 75' lang='grc' dir='ltr'>τὸ</span> <span class='ocrx_word' id='word_1_99' title='bbox 1104 1479 1269 1534; x_wconf 81' lang='grc' dir='ltr'>αὐτοῦ</span> <span class='ocrx_word' id='word_1_100' title='bbox 1297 1478 1486 1542; x_wconf 88' lang='grc' dir='ltr'>ποιῶν,</span> <span class='ocrx_word' id='word_1_101' title='bbox 1526 1479 1619 1531; x_wconf 79' lang='grc' dir='ltr'>καὶ</span> <span class='ocrx_word' id='word_1_102' title='bbox 1650 1478 1713 1530; x_wconf 83' lang='grc' dir='ltr'>τὸ</span> 
     </span>
    </p>
   </div>
   <div class='ocr_carea' id='block_1_16' title="bbox 142 1568 1712 1644">
    <p class='ocr_par' dir='ltr' id='par_1_16' title="bbox 142 1568 1712 1644">
     <span class='ocr_line' id='line_1_16' title="bbox 142 1568 1712 1644; baseline -0.003 -17"><span class='ocrx_word' id='word_1_103' title='bbox 142 1576 279 1637; x_wconf 72' lang='grc' dir='ltr'>ἔλεος</span> <span class='ocrx_word' id='word_1_104' title='bbox 304 1574 476 1627; x_wconf 76' lang='grc' dir='ltr'>αὑτοῦ</span> <span class='ocrx_word' id='word_1_105' title='bbox 509 1571 794 1644; x_wconf 62' lang='grc' dir='ltr'>ηγὰζων.</span> <span class='ocrx_word' id='word_1_106' title='bbox 845 1573 968 1627; x_wconf 79' lang='grc' dir='ltr'>Κᾶν</span> <span class='ocrx_word' id='word_1_107' title='bbox 999 1573 1106 1641; x_wconf 79' lang='grc' dir='ltr'><strong>γὰρ</strong></span> <span class='ocrx_word' id='word_1_108' title='bbox 1152 1570 1323 1625; x_wconf 82' lang='grc' dir='ltr'>πάλαι</span> <span class='ocrx_word' id='word_1_109' title='bbox 1360 1570 1461 1639; x_wconf 79' lang='grc' dir='ltr'>μὲν</span> <span class='ocrx_word' id='word_1_110' title='bbox 1501 1568 1712 1639; x_wconf 70' lang='grc' dir='ltr'>ἠπείθει</span> 
     </span>
    </p>
   </div>
   <div class='ocr_carea' id='block_1_17' title="bbox 142 1661 1711 1735">
    <p class='ocr_par' dir='ltr' id='par_1_17' title="bbox 142 1661 1711 1735">
     <span class='ocr_line' id='line_1_17' title="bbox 142 1661 1711 1735; baseline -0.003 -16"><span class='ocrx_word' id='word_1_111' title='bbox 142 1665 203 1719; x_wconf 65' lang='grc' dir='ltr'>τὰ</span> <span class='ocrx_word' id='word_1_112' title='bbox 223 1666 379 1735; x_wconf 76' lang='grc' dir='ltr'>ἔθνη,</span> <span class='ocrx_word' id='word_1_113' title='bbox 434 1664 532 1718; x_wconf 82' lang='grc' dir='ltr'>νῦν</span> <span class='ocrx_word' id='word_1_114' title='bbox 579 1665 635 1718; x_wconf 84' lang='grc' dir='ltr'>δὲ</span> <span class='ocrx_word' id='word_1_115' title='bbox 685 1663 1003 1719; x_wconf 77' lang='grc' dir='ltr'>ἀπειθοῦσιν</span> <span class='ocrx_word' id='word_1_116' title='bbox 1029 1663 1296 1730; x_wconf 80' lang='grc' dir='ltr'>Ἰουδαῖοι,</span> <span class='ocrx_word' id='word_1_117' title='bbox 1351 1661 1514 1724; x_wconf 76' lang='grc' dir='ltr'>αὐτὸς</span> <span class='ocrx_word' id='word_1_118' title='bbox 1562 1663 1711 1732; x_wconf 83' lang='grc' dir='ltr'>ὅμως</span> 
     </span>
    </p>
   </div>
   <div class='ocr_carea' id='block_1_18' title="bbox 142 1752 1713 1826">
    <p class='ocr_par' dir='ltr' id='par_1_18' title="bbox 142 1752 1713 1826">
     <span class='ocr_line' id='line_1_18' title="bbox 142 1752 1713 1826; baseline -0.003 -16"><span class='ocrx_word' id='word_1_119' title='bbox 142 1755 440 1826; x_wconf 71' lang='grc' dir='ltr'><strong>εὐεργετῶν</strong></span> <span class='ocrx_word' id='word_1_120' title='bbox 469 1756 563 1809; x_wconf 79' lang='grc' dir='ltr'>καὶ</span> <span class='ocrx_word' id='word_1_121' title='bbox 601 1755 768 1809; x_wconf 88' lang='grc' dir='ltr'>ἐλεῶν</span> <span class='ocrx_word' id='word_1_122' title='bbox 792 1756 856 1809; x_wconf 85' lang='grc' dir='ltr'><strong>ού</strong></span> <span class='ocrx_word' id='word_1_123' title='bbox 899 1754 1267 1824; x_wconf 82' lang='grc' dir='ltr'>διαλιμπάνει.</span> <span class='ocrx_word' id='word_1_124' title='bbox 1319 1754 1429 1807; x_wconf 75' lang='grc' dir='ltr'><strong>Καὶ</strong></span> <span class='ocrx_word' id='word_1_125' title='bbox 1462 1752 1618 1823; x_wconf 78' lang='grc' dir='ltr'>δῆλον</span> <span class='ocrx_word' id='word_1_126' title='bbox 1647 1754 1713 1807; x_wconf 78' lang='grc' dir='ltr'><strong>ἐκ</strong></span> 
     </span>
    </p>
   </div>
   <div class='ocr_carea' id='block_1_19' title="bbox 1811 651 3377 723">
    <p class='ocr_par' dir='ltr' id='par_1_19' title="bbox 1811 651 3377 723">
     <span class='ocr_line' id='line_1_19' title="bbox 1811 651 3377 723; baseline -0.001 -15"><span class='ocrx_word' id='word_1_127' title='bbox 1811 663 1902 708; x_wconf 90' lang='lat' dir='ltr'><strong>tur</strong></span> <span class='ocrx_word' id='word_1_128' title='bbox 1941 667 2120 721; x_wconf 87' lang='lat' dir='ltr'><strong>neque</strong></span> <span class='ocrx_word' id='word_1_129' title='bbox 2153 651 2251 716; x_wconf 89' lang='lat' dir='ltr'><strong>tui,</strong></span> <span class='ocrx_word' id='word_1_130' title='bbox 2301 653 2417 722; x_wconf 87' lang='lat' dir='ltr'><strong>ipse</strong></span> <span class='ocrx_word' id='word_1_131' title='bbox 2452 653 2659 719; x_wconf 67' lang='lat' dir='ltr'><strong>Iudaee,</strong></span> <span class='ocrx_word' id='word_1_132' title='bbox 2698 654 3019 720; x_wconf 76' lang='lat' dir='ltr'><strong>erubescas,</strong></span> <span class='ocrx_word' id='word_1_133' title='bbox 3060 667 3243 723; x_wconf 86' lang='lat' dir='ltr'><strong>neque</strong></span> <span class='ocrx_word' id='word_1_134' title='bbox 3277 652 3377 707; x_wconf 88' lang='lat' dir='ltr'><strong>de-</strong></span> 
     </span>
    </p>
   </div>
   <div class='ocr_carea' id='block_1_20' title="bbox 1809 742 3381 814">
    <p class='ocr_par' dir='ltr' id='par_1_20' title="bbox 1809 742 3381 814">
     <span class='ocr_line' id='line_1_20' title="bbox 1809 742 3381 814; baseline -0.001 -17"><span class='ocrx_word' id='word_1_135' title='bbox 1809 758 2018 814; x_wconf 86' lang='lat' dir='ltr'><strong>speres,</strong></span> <span class='ocrx_word' id='word_1_136' title='bbox 2038 743 2133 798; x_wconf 82' lang='lat' dir='ltr'><strong>sed</strong></span> <span class='ocrx_word' id='word_1_137' title='bbox 2164 753 2417 812; x_wconf 87' lang='lat' dir='ltr'><strong>prompto</strong></span> <span class='ocrx_word' id='word_1_138' title='bbox 2440 742 2624 799; x_wconf 88' lang='lat' dir='ltr'><strong>animo</strong></span> <span class='ocrx_word' id='word_1_139' title='bbox 2650 744 2716 799; x_wconf 91' lang='lat' dir='ltr'><strong>ad</strong></span> <span class='ocrx_word' id='word_1_140' title='bbox 2746 744 2910 801; x_wconf 88' lang='lat' dir='ltr'><strong>ﬁdem</strong></span> <span class='ocrx_word' id='word_1_141' title='bbox 2937 744 3159 808; x_wconf 86' lang='lat' dir='ltr'><strong>accede,</strong></span> <span class='ocrx_word' id='word_1_142' title='bbox 3181 752 3239 798; x_wconf 90' lang='lat' dir='ltr'><strong>et</strong></span> <span class='ocrx_word' id='word_1_143' title='bbox 3256 758 3381 798; x_wconf 85' lang='lat' dir='ltr'><strong>om-</strong></span> 
     </span>
    </p>
   </div>
   <div class='ocr_carea' id='block_1_21' title="bbox 1810 835 3381 909">
    <p class='ocr_par' dir='ltr' id='par_1_21' title="bbox 1810 835 3381 909">
     <span class='ocr_line' id='line_1_21' title="bbox 1810 835 3381 909; baseline 0.002 -19"><span class='ocrx_word' id='word_1_144' title='bbox 1810 837 1944 890; x_wconf 86' lang='lat' dir='ltr'><strong>nino</strong></span> <span class='ocrx_word' id='word_1_145' title='bbox 1991 835 2427 890; x_wconf 85' lang='lat' dir='ltr'><strong>misericordiam</strong></span> <span class='ocrx_word' id='word_1_146' title='bbox 2468 837 2844 908; x_wconf 89' lang='lat' dir='ltr'><strong>consequeris.</strong></span> <span class='ocrx_word' id='word_1_147' title='bbox 2885 837 3021 904; x_wconf 70' lang='lat' dir='ltr'><strong>Quae</strong></span> <span class='ocrx_word' id='word_1_148' title='bbox 3042 852 3175 909; x_wconf 82' lang='lat' dir='ltr'><strong>ergo</strong></span> <span class='ocrx_word' id='word_1_149' title='bbox 3230 837 3381 893; x_wconf 77' lang='lat' dir='ltr'><strong>dicta</strong></span> 
     </span>
    </p>
   </div>
   <div class='ocr_carea' id='block_1_22' title="bbox 1810 927 3384 985">
    <p class='ocr_par' dir='ltr' id='par_1_22' title="bbox 1810 927 3384 985">
     <span class='ocr_line' id='line_1_22' title="bbox 1810 927 3384 985; baseline 0.001 -4"><span class='ocrx_word' id='word_1_150' title='bbox 1810 936 1940 981; x_wconf 86' lang='lat' dir='ltr'><strong>sunt</strong></span> <span class='ocrx_word' id='word_1_151' title='bbox 1968 937 2063 981; x_wconf 85' lang='lat' dir='ltr'><strong>aut</strong></span> <span class='ocrx_word' id='word_1_152' title='bbox 2091 927 2496 982; x_wconf 71' lang='lat' dir='ltr'><strong>exhortationis</strong></span> <span class='ocrx_word' id='word_1_153' title='bbox 2523 939 2580 983; x_wconf 89' lang='lat' dir='ltr'><strong>et</strong></span> <span class='ocrx_word' id='word_1_154' title='bbox 2628 928 3035 984; x_wconf 75' lang='lat' dir='ltr'><strong>admonitionis.</strong></span> <span class='ocrx_word' id='word_1_155' title='bbox 3059 929 3245 985; x_wconf 86' lang='lat' dir='ltr'><strong>locum</strong></span> <span class='ocrx_word' id='word_1_156' title='bbox 3283 929 3384 983; x_wconf 86' lang='lat' dir='ltr'><strong>ha-</strong></span> 
     </span>
    </p>
   </div>
   <div class='ocr_carea' id='block_1_23' title="bbox 1810 1015 3382 1091">
    <p class='ocr_par' dir='ltr' id='par_1_23' title="bbox 1810 1015 3382 1091">
     <span class='ocr_line' id='line_1_23' title="bbox 1810 1015 3382 1091; baseline 0.003 -21"><span class='ocrx_word' id='word_1_157' title='bbox 1810 1015 2034 1082; x_wconf 79' lang='lat' dir='ltr'><strong>bebant,</strong></span> <span class='ocrx_word' id='word_1_158' title='bbox 2081 1017 2168 1073; x_wconf 89' lang='lat' dir='ltr'><strong>vel</strong></span> <span class='ocrx_word' id='word_1_159' title='bbox 2212 1016 2378 1072; x_wconf 84' lang='lat' dir='ltr'><strong>etiam</strong></span> <span class='ocrx_word' id='word_1_160' title='bbox 2423 1019 2750 1088; x_wconf 60' lang='lat' dir='ltr'><strong>prophetia,</strong></span> <span class='ocrx_word' id='word_1_161' title='bbox 2782 1020 3084 1076; x_wconf 73' lang='lat' dir='ltr'><strong>astrueado</strong></span> <span class='ocrx_word' id='word_1_162' title='bbox 3130 1020 3186 1076; x_wconf 92' lang='lat' dir='ltr'><strong>id</strong></span> <span class='ocrx_word' id='word_1_163' title='bbox 3228 1019 3382 1091; x_wconf 85' lang='lat' dir='ltr'><strong>quod</strong></span> 
     </span>
    </p>
   </div>
   <div class='ocr_carea' id='block_1_24' title="bbox 1812 1106 3386 1183">
    <p class='ocr_par' dir='ltr' id='par_1_24' title="bbox 1812 1106 3386 1183">
     <span class='ocr_line' id='line_1_24' title="bbox 1812 1106 3386 1183; baseline 0.004 -22"><span class='ocrx_word' id='word_1_164' title='bbox 1812 1106 2059 1161; x_wconf 81' lang='lat' dir='ltr'><strong>futurum</strong></span> <span class='ocrx_word' id='word_1_165' title='bbox 2103 1118 2187 1162; x_wconf 87' lang='lat' dir='ltr'><strong>est</strong></span> <span class='ocrx_word' id='word_1_166' title='bbox 2232 1122 2302 1162; x_wconf 78' lang='lat' dir='ltr'><strong>ex</strong></span> <span class='ocrx_word' id='word_1_167' title='bbox 2338 1109 2753 1177; x_wconf 82' lang='lat' dir='ltr'><strong>comparatione</strong></span> <span class='ocrx_word' id='word_1_168' title='bbox 2800 1120 2856 1166; x_wconf 89' lang='lat' dir='ltr'><strong>et</strong></span> <span class='ocrx_word' id='word_1_169' title='bbox 2903 1112 3218 1167; x_wconf 71' lang='lat' dir='ltr'><strong>teetimonio</strong></span> <span class='ocrx_word' id='word_1_170' title='bbox 3261 1114 3386 1183; x_wconf 80' lang='lat' dir='ltr'><strong>ejus</strong></span> 
     </span>
    </p>
   </div>
   <div class='ocr_carea' id='block_1_25' title="bbox 1811 1199 3386 1270">
    <p class='ocr_par' dir='ltr' id='par_1_25' title="bbox 1811 1199 3386 1270">
     <span class='ocr_line' id='line_1_25' title="bbox 1811 1199 3386 1270; baseline 0.004 -17"><span class='ocrx_word' id='word_1_171' title='bbox 1811 1199 1960 1269; x_wconf 83' lang='lat' dir='ltr'><strong>quod</strong></span> <span class='ocrx_word' id='word_1_172' title='bbox 1998 1199 2108 1270; x_wconf 87' lang='lat' dir='ltr'><strong>jam</strong></span> <span class='ocrx_word' id='word_1_173' title='bbox 2142 1200 2444 1269; x_wconf 58' lang='lat' dir='ltr'><strong>praecessit.</strong></span> <span class='ocrx_word' id='word_1_174' title='bbox 2478 1200 2635 1267; x_wconf 86' lang='lat' dir='ltr'><strong>Quod</strong></span> <span class='ocrx_word' id='word_1_175' title='bbox 2679 1210 2865 1257; x_wconf 86' lang='lat' dir='ltr'><strong>autem</strong></span> <span class='ocrx_word' id='word_1_176' title='bbox 2895 1204 3032 1260; x_wconf 89' lang='lat' dir='ltr'><strong>dicit</strong></span> <span class='ocrx_word' id='word_1_177' title='bbox 3064 1222 3077 1258; x_wconf 91' lang='lat'><strong>:</strong></span> <span class='ocrx_word' id='word_1_178' title='bbox 3111 1222 3128 1255; x_wconf 80' lang='grc' dir='ltr'><strong>ι</strong></span> <span class='ocrx_word' id='word_1_179' title='bbox 3172 1204 3386 1261; x_wconf 74' lang='lat' dir='ltr'><strong>Miseri—</strong></span> 
     </span>
    </p>
   </div>
   <div class='ocr_carea' id='block_1_26' title="bbox 1811 1291 3379 1363">
    <p class='ocr_par' dir='ltr' id='par_1_26' title="bbox 1811 1291 3379 1363">
     <span class='ocr_line' id='line_1_26' title="bbox 1811 1291 3379 1363; baseline 0.002 -17"><span class='ocrx_word' id='word_1_180' title='bbox 1811 1291 2055 1346; x_wconf 87' lang='lat' dir='ltr'><strong>cordiam</strong></span> <span class='ocrx_word' id='word_1_181' title='bbox 2076 1293 2361 1348; x_wconf 83' lang='lat' dir='ltr'><strong>consecuti</strong></span> <span class='ocrx_word' id='word_1_182' title='bbox 2375 1295 2512 1348; x_wconf 80' lang='lat' dir='ltr'><strong>estis</strong></span> <span class='ocrx_word' id='word_1_183' title='bbox 2530 1309 2628 1363; x_wconf 73' lang='lat' dir='ltr'><strong>per</strong></span> <span class='ocrx_word' id='word_1_184' title='bbox 2645 1294 2863 1350; x_wconf 88' lang='lat' dir='ltr'><strong>illorum</strong></span> <span class='ocrx_word' id='word_1_185' title='bbox 2883 1296 3379 1361; x_wconf 65' lang='lat' dir='ltr'><strong>incredulitatem,»</strong></span> 
     </span>
    </p>
   </div>
   <div class='ocr_carea' id='block_1_27' title="bbox 1810 1384 3379 1452">
    <p class='ocr_par' dir='ltr' id='par_1_27' title="bbox 1810 1384 3379 1452">
     <span class='ocr_line' id='line_1_27' title="bbox 1810 1384 3379 1452; baseline 0 -12"><span class='ocrx_word' id='word_1_186' title='bbox 1810 1396 1887 1451; x_wconf 85' lang='lat' dir='ltr'><strong>et,</strong></span> <span class='ocrx_word' id='word_1_187' title='bbox 1924 1403 1942 1434; x_wconf 77' lang='grc' dir='ltr'><strong>ι</strong></span> <span class='ocrx_word' id='word_1_188' title='bbox 1966 1385 2242 1441; x_wconf 85' lang='lat' dir='ltr'><strong>lncreduli</strong></span> <span class='ocrx_word' id='word_1_189' title='bbox 2275 1384 2403 1441; x_wconf 79' lang='lat' dir='ltr'><strong>facti</strong></span> <span class='ocrx_word' id='word_1_190' title='bbox 2430 1396 2562 1442; x_wconf 89' lang='lat' dir='ltr'><strong>sunt</strong></span> <span class='ocrx_word' id='word_1_191' title='bbox 2586 1386 2643 1441; x_wconf 92' lang='lat' dir='ltr'><strong>in</strong></span> <span class='ocrx_word' id='word_1_192' title='bbox 2679 1388 2847 1442; x_wconf 80' lang='lat' dir='ltr'><strong>vestri</strong></span> <span class='ocrx_word' id='word_1_193' title='bbox 2879 1387 3338 1452; x_wconf 84' lang='lat' dir='ltr'><strong>misericordiam,</strong></span> <span class='ocrx_word' id='word_1_194' title='bbox 3359 1407 3379 1440; x_wconf 72' lang='grc' dir='ltr'><strong>ι</strong></span> 
     </span>
    </p>
   </div>
   <div class='ocr_carea' id='block_1_28' title="bbox 1811 1476 3388 1546">
    <p class='ocr_par' dir='ltr' id='par_1_28' title="bbox 1811 1476 3388 1546">
     <span class='ocr_line' id='line_1_28' title="bbox 1811 1476 3388 1546; baseline 0.004 -18"><span class='ocrx_word' id='word_1_195' title='bbox 1811 1491 1923 1529; x_wconf 91' lang='lat' dir='ltr'><strong>non</strong></span> <span class='ocrx_word' id='word_1_196' title='bbox 1952 1476 2071 1530; x_wconf 86' lang='lat' dir='ltr'><strong>vult</strong></span> <span class='ocrx_word' id='word_1_197' title='bbox 2102 1476 2249 1546; x_wconf 89' lang='lat' dir='ltr'><strong>quod</strong></span> <span class='ocrx_word' id='word_1_198' title='bbox 2279 1476 2640 1533; x_wconf 86' lang='lat' dir='ltr'><strong>incredulitas</strong></span> <span class='ocrx_word' id='word_1_199' title='bbox 2666 1478 2983 1534; x_wconf 69' lang='lat' dir='ltr'><strong>Iudaeorum</strong></span> <span class='ocrx_word' id='word_1_200' title='bbox 3022 1495 3186 1535; x_wconf 87' lang='lat' dir='ltr'><strong>causa</strong></span> <span class='ocrx_word' id='word_1_201' title='bbox 3218 1481 3388 1537; x_wconf 81' lang='lat' dir='ltr'><strong>fuerit</strong></span> 
     </span>
    </p>
   </div>
   <div class='ocr_carea' id='block_1_29' title="bbox 1814 1567 3389 1643">
    <p class='ocr_par' dir='ltr' id='par_1_29' title="bbox 1814 1567 3389 1643">
     <span class='ocr_line' id='line_1_29' title="bbox 1814 1567 3389 1643; baseline 0.004 -22"><span class='ocrx_word' id='word_1_202' title='bbox 1814 1575 1873 1622; x_wconf 91' lang='lat' dir='ltr'><strong>ut</strong></span> <span class='ocrx_word' id='word_1_203' title='bbox 1912 1577 2105 1637; x_wconf 77' lang='lat' dir='ltr'><strong>gentes</strong></span> <span class='ocrx_word' id='word_1_204' title='bbox 2150 1567 2591 1624; x_wconf 88' lang='lat' dir='ltr'><strong>misericordiam</strong></span> <span class='ocrx_word' id='word_1_205' title='bbox 2654 1583 3154 1641; x_wconf 87' lang='lat' dir='ltr'><strong>consequerentur,</strong></span> <span class='ocrx_word' id='word_1_206' title='bbox 3205 1589 3389 1643; x_wconf 84' lang='lat' dir='ltr'><strong>neque</strong></span> 
     </span>
    </p>
   </div>
   <div class='ocr_carea' id='block_1_30' title="bbox 1814 1657 3388 1730">
    <p class='ocr_par' dir='ltr' id='par_1_30' title="bbox 1814 1657 3388 1730">
     <span class='ocr_line' id='line_1_30' title="bbox 1814 1657 3388 1730; baseline 0.006 -21"><span class='ocrx_word' id='word_1_207' title='bbox 1814 1658 1962 1727; x_wconf 87' lang='lat' dir='ltr'><strong>quod</strong></span> <span class='ocrx_word' id='word_1_208' title='bbox 2007 1657 2391 1714; x_wconf 84' lang='lat' dir='ltr'><strong>misericordia</strong></span> <span class='ocrx_word' id='word_1_209' title='bbox 2429 1659 2689 1729; x_wconf 77' lang='lat' dir='ltr'><strong>gentibus</strong></span> <span class='ocrx_word' id='word_1_210' title='bbox 2737 1662 3388 1730; x_wconf 67' lang='lat' dir='ltr'><strong>praestita,l&#39;ueritcausa</strong></span> 
     </span>
    </p>
   </div>
   <div class='ocr_carea' id='block_1_31' title="bbox 1817 1750 3403 1814">
    <p class='ocr_par' dir='ltr' id='par_1_31' title="bbox 1817 1750 3403 1814">
     <span class='ocr_line' id='line_1_31' title="bbox 1817 1750 3403 1814; baseline 0.005 -11"><span class='ocrx_word' id='word_1_211' title='bbox 1817 1750 2223 1806; x_wconf 85' lang='lat' dir='ltr'><strong>incredulitatis</strong></span> <span class='ocrx_word' id='word_1_212' title='bbox 2259 1751 2577 1807; x_wconf 63' lang='lat' dir='ltr'><strong>Iudaeorum</strong></span> <span class='ocrx_word' id='word_1_213' title='bbox 2609 1768 2624 1805; x_wconf 89' lang='lat'><strong>:</strong></span> <span class='ocrx_word' id='word_1_214' title='bbox 2658 1753 2755 1809; x_wconf 87' lang='lat' dir='ltr'><strong>sed</strong></span> <span class='ocrx_word' id='word_1_215' title='bbox 2787 1754 2903 1811; x_wconf 70' lang='lat' dir='ltr'><strong>haec</strong></span> <span class='ocrx_word' id='word_1_216' title='bbox 2925 1756 3064 1812; x_wconf 88' lang='lat' dir='ltr'><strong>dicit</strong></span> <span class='ocrx_word' id='word_1_217' title='bbox 3085 1757 3403 1814; x_wconf 88' lang='lat' dir='ltr'><strong>ostendens.</strong></span> 
     </span>
    </p>
   </div>
   <div class='ocr_carea' id='block_1_32' title="bbox 142 1840 1716 1916">
    <p class='ocr_par' dir='ltr' id='par_1_32' title="bbox 142 1843 1709 1910">
     <span class='ocr_line' id='line_1_32' title="bbox 142 1843 1709 1910; baseline -0.004 -8"><span class='ocrx_word' id='word_1_218' title='bbox 142 1848 228 1902; x_wconf 79' lang='grc' dir='ltr'>τοῦ</span> <span class='ocrx_word' id='word_1_219' title='bbox 257 1848 358 1901; x_wconf 72' lang='grc' dir='ltr'>καὶ</span> <span class='ocrx_word' id='word_1_220' title='bbox 386 1846 450 1901; x_wconf 83' lang='grc' dir='ltr'><strong>τό</strong></span> <span class='ocrx_word' id='word_1_221' title='bbox 483 1864 509 1900; x_wconf 87' lang='grc' dir='ltr'><strong>ε</strong></span> <span class='ocrx_word' id='word_1_222' title='bbox 546 1846 815 1901; x_wconf 73' lang='grc' dir='ltr'>ἐλεεῖσθαι</span> <span class='ocrx_word' id='word_1_223' title='bbox 846 1848 973 1910; x_wconf 81' lang='grc' dir='ltr'>τοὺς</span> <span class='ocrx_word' id='word_1_224' title='bbox 1015 1846 1304 1909; x_wconf 80' lang='grc' dir='ltr'>Ἰουδαίους</span> <span class='ocrx_word' id='word_1_225' title='bbox 1343 1843 1709 1899; x_wconf 74' lang='grc' dir='ltr'>ἀπειθούντων</span> 
     </span>
    </p>
   </div>
   <div class='ocr_carea' id='block_1_33' title="bbox 1820 1840 3390 1916">
    <p class='ocr_par' dir='ltr' id='par_1_33' title="bbox 1820 1840 3390 1916">
     <span class='ocr_line' id='line_1_33' title="bbox 1820 1840 3390 1916; baseline 0.006 -21"><span class='ocrx_word' id='word_1_226' title='bbox 1820 1856 1879 1895; x_wconf 84' lang='lat' dir='ltr'><strong>ac</strong></span> <span class='ocrx_word' id='word_1_227' title='bbox 1916 1840 2124 1897; x_wconf 80' lang='lat' dir='ltr'><strong>docens</strong></span> <span class='ocrx_word' id='word_1_228' title='bbox 2160 1842 2309 1911; x_wconf 75' lang='lat' dir='ltr'><strong>quod</strong></span> <span class='ocrx_word' id='word_1_229' title='bbox 2344 1843 2489 1899; x_wconf 84' lang='lat' dir='ltr'><strong>Deus</strong></span> <span class='ocrx_word' id='word_1_230' title='bbox 2525 1859 2814 1916; x_wconf 87' lang='lat' dir='ltr'><strong>nunquam</strong></span> <span class='ocrx_word' id='word_1_231' title='bbox 2861 1849 3276 1916; x_wconf 68' lang='lat' dir='ltr'><strong>praetermiserit</strong></span> <span class='ocrx_word' id='word_1_232' title='bbox 3308 1849 3390 1904; x_wconf 82' lang='lat' dir='ltr'><strong>la-</strong></span> 
     </span>
    </p>
   </div>
   <div class='ocr_carea' id='block_1_34' title="bbox 145 1933 1716 2007">
    <p class='ocr_par' dir='ltr' id='par_1_34' title="bbox 145 1935 1712 2007">
     <span class='ocr_line' id='line_1_34' title="bbox 145 1935 1712 2007; baseline -0.002 -15"><span class='ocrx_word' id='word_1_233' title='bbox 145 1939 245 1993; x_wconf 82' lang='grc' dir='ltr'><strong>τῶν</strong></span> <span class='ocrx_word' id='word_1_234' title='bbox 272 1940 472 2005; x_wconf 82' lang='grc' dir='ltr'>ἐθνῶν,</span> <span class='ocrx_word' id='word_1_235' title='bbox 505 1939 601 1993; x_wconf 73' lang='grc' dir='ltr'><strong>καὶ</strong></span> <span class='ocrx_word' id='word_1_236' title='bbox 619 1938 716 1992; x_wconf 78' lang='grc' dir='ltr'>νῦν</span> <span class='ocrx_word' id='word_1_237' title='bbox 747 1938 1014 1991; x_wconf 77' lang='grc' dir='ltr'>ἐλεεῖσθαι</span> <span class='ocrx_word' id='word_1_238' title='bbox 1040 1937 1108 1991; x_wconf 86' lang='grc' dir='ltr'><strong>τά</strong></span> <span class='ocrx_word' id='word_1_239' title='bbox 1129 1937 1278 2007; x_wconf 74' lang='grc' dir='ltr'>ἔθνη,</span> <span class='ocrx_word' id='word_1_240' title='bbox 1309 1936 1419 1990; x_wconf 90' lang='grc' dir='ltr'><strong>τῶν</strong></span> <span class='ocrx_word' id='word_1_241' title='bbox 1441 1935 1712 1990; x_wconf 75' lang='grc' dir='ltr'>Ἰουδαίων</span> 
     </span>
    </p>
   </div>
   <div class='ocr_carea' id='block_1_35' title="bbox 1820 1933 3392 2007">
    <p class='ocr_par' dir='ltr' id='par_1_35' title="bbox 1820 1933 3392 2006">
     <span class='ocr_line' id='line_1_35' title="bbox 1820 1933 3392 2006; baseline 0.007 -20"><span class='ocrx_word' id='word_1_242' title='bbox 1820 1946 1937 1987; x_wconf 87' lang='lat' dir='ltr'><strong>cere</strong></span> <span class='ocrx_word' id='word_1_243' title='bbox 1964 1933 2112 2002; x_wconf 90' lang='lat' dir='ltr'><strong>quod</strong></span> <span class='ocrx_word' id='word_1_244' title='bbox 2139 1949 2299 1991; x_wconf 87' lang='lat' dir='ltr'><strong>suum</strong></span> <span class='ocrx_word' id='word_1_245' title='bbox 2335 1941 2441 2001; x_wconf 84' lang='lat' dir='ltr'><strong>est,</strong></span> <span class='ocrx_word' id='word_1_246' title='bbox 2474 1950 2739 2006; x_wconf 85' lang='lat' dir='ltr'><strong>suamque</strong></span> <span class='ocrx_word' id='word_1_247' title='bbox 2787 1938 3224 1996; x_wconf 88' lang='lat' dir='ltr'><strong>misericordiam</strong></span> <span class='ocrx_word' id='word_1_248' title='bbox 3269 1956 3392 1997; x_wconf 85' lang='lat' dir='ltr'><strong>sca-</strong></span> 
     </span>
    </p>
   </div>
   <div class='ocr_carea' id='block_1_36' title="bbox 144 2025 1716 2100">
    <p class='ocr_par' dir='ltr' id='par_1_36' title="bbox 144 2026 1714 2099">
     <span class='ocr_line' id='line_1_36' title="bbox 144 2026 1714 2099; baseline -0.003 -15"><span class='ocrx_word' id='word_1_249' title='bbox 144 2030 522 2084; x_wconf 80' lang='grc' dir='ltr'>ἀπειθούντων.</span> <span class='ocrx_word' id='word_1_250' title='bbox 542 2030 653 2084; x_wconf 74' lang='grc' dir='ltr'><strong>Καὶ</strong></span> <span class='ocrx_word' id='word_1_251' title='bbox 678 2028 737 2084; x_wconf 78' lang='grc' dir='ltr'>τὸ</span> <span class='ocrx_word' id='word_1_252' title='bbox 762 2028 842 2082; x_wconf 81' lang='grc' dir='ltr'><strong>ἐτι</strong></span> <span class='ocrx_word' id='word_1_253' title='bbox 872 2031 1224 2099; x_wconf 77' lang='grc' dir='ltr'>σαφέστερον,</span> <span class='ocrx_word' id='word_1_254' title='bbox 1254 2029 1336 2082; x_wconf 79' lang='grc' dir='ltr'>ὅτι</span> <span class='ocrx_word' id='word_1_255' title='bbox 1357 2027 1453 2081; x_wconf 77' lang='grc' dir='ltr'>καὶ</span> <span class='ocrx_word' id='word_1_256' title='bbox 1479 2027 1559 2080; x_wconf 78' lang='grc' dir='ltr'><strong>ἐτι</strong></span> <span class='ocrx_word' id='word_1_257' title='bbox 1589 2026 1714 2090; x_wconf 80' lang='grc' dir='ltr'>τοὺς</span> 
     </span>
    </p>
   </div>
   <div class='ocr_carea' id='block_1_37' title="bbox 1820 2025 3393 2100">
    <p class='ocr_par' dir='ltr' id='par_1_37' title="bbox 1820 2025 3393 2100">
     <span class='ocr_line' id='line_1_37' title="bbox 1820 2025 3393 2100; baseline 0.006 -20"><span class='ocrx_word' id='word_1_258' title='bbox 1820 2026 2012 2081; x_wconf 88' lang='lat' dir='ltr'><strong>turire.</strong></span> <span class='ocrx_word' id='word_1_259' title='bbox 2073 2025 2398 2097; x_wconf 83' lang='lat' dir='ltr'><strong>Quanquam</strong></span> <span class='ocrx_word' id='word_1_260' title='bbox 2450 2028 2600 2083; x_wconf 90' lang='lat' dir='ltr'><strong>enim</strong></span> <span class='ocrx_word' id='word_1_261' title='bbox 2656 2029 2788 2084; x_wconf 89' lang='lat' dir='ltr'><strong>olim</strong></span> <span class='ocrx_word' id='word_1_262' title='bbox 2830 2039 3021 2100; x_wconf 89' lang='lat' dir='ltr'><strong>gentes</strong></span> <span class='ocrx_word' id='word_1_263' title='bbox 3090 2032 3393 2090; x_wconf 61' lang='lat' dir='ltr'><strong>incredulis</strong></span> 
     </span>
    </p>
   </div>
   <div class='ocr_carea' id='block_1_38' title="bbox 145 2117 1716 2191">
    <p class='ocr_par' dir='ltr' id='par_1_38' title="bbox 145 2117 1716 2191">
     <span class='ocr_line' id='line_1_38' title="bbox 145 2117 1716 2191; baseline -0.005 -14"><span class='ocrx_word' id='word_1_264' title='bbox 145 2122 427 2185; x_wconf 82' lang='grc' dir='ltr'>Ἰουδαίους</span> <span class='ocrx_word' id='word_1_265' title='bbox 468 2121 574 2176; x_wconf 67' lang='grc' dir='ltr'>κᾶν</span> <span class='ocrx_word' id='word_1_266' title='bbox 610 2121 912 2191; x_wconf 72' lang='grc' dir='ltr'>ἠπείθησαν</span> <span class='ocrx_word' id='word_1_267' title='bbox 943 2120 1176 2191; x_wconf 72' lang='grc' dir='ltr'>ἐλεήσει.</span> <span class='ocrx_word' id='word_1_268' title='bbox 1214 2120 1368 2188; x_wconf 73' lang='grc' dir='ltr'>’Ἅμα</span> <span class='ocrx_word' id='word_1_269' title='bbox 1400 2119 1457 2172; x_wconf 78' lang='grc' dir='ltr'>δὲ</span> <span class='ocrx_word' id='word_1_270' title='bbox 1504 2118 1599 2171; x_wconf 73' lang='grc' dir='ltr'>καὶ</span> <span class='ocrx_word' id='word_1_271' title='bbox 1630 2117 1716 2171; x_wconf 83' lang='grc' dir='ltr'>ἐν·</span> 
     </span>
    </p>
   </div>
   <div class='ocr_carea' id='block_1_39' title="bbox 144 2210 1714 2286">
    <p class='ocr_par' dir='ltr' id='par_1_39' title="bbox 144 2210 1714 2286">
     <span class='ocr_line' id='line_1_39' title="bbox 144 2210 1714 2286; baseline -0.004 -16"><span class='ocrx_word' id='word_1_272' title='bbox 144 2214 294 2281; x_wconf 80' lang='grc' dir='ltr'>δειξὶς</span> <span class='ocrx_word' id='word_1_273' title='bbox 320 2218 439 2269; x_wconf 76' lang='grc' dir='ltr'>ἐστι</span> <span class='ocrx_word' id='word_1_274' title='bbox 459 2214 594 2286; x_wconf 78' lang='grc' dir='ltr'>πρὸς</span> <span class='ocrx_word' id='word_1_275' title='bbox 613 2214 739 2278; x_wconf 79' lang='grc' dir='ltr'>τοὺς</span> <span class='ocrx_word' id='word_1_276' title='bbox 758 2212 1066 2275; x_wconf 77' lang='grc' dir='ltr'>Ἰουδαίους,</span> <span class='ocrx_word' id='word_1_277' title='bbox 1084 2212 1166 2266; x_wconf 85' lang='grc' dir='ltr'>ὅτι</span> <span class='ocrx_word' id='word_1_278' title='bbox 1190 2210 1308 2265; x_wconf 81' lang='grc' dir='ltr'>Κᾶν</span> <span class='ocrx_word' id='word_1_279' title='bbox 1324 2211 1499 2276; x_wconf 78' lang='grc' dir='ltr'>αὐτοὶ,</span> <span class='ocrx_word' id='word_1_280' title='bbox 1529 2227 1602 2281; x_wconf 85' lang='grc' dir='ltr'><strong>φη</strong></span> <span class='ocrx_word' id='word_1_281' title='bbox 1612 2211 1714 2270; x_wconf 68' lang='grc' dir='ltr'>οἶν.</span> 
     </span>
    </p>
   </div>
   <div class='ocr_carea' id='block_1_40' title="bbox 147 2302 1715 2378">
    <p class='ocr_par' dir='ltr' id='par_1_40' title="bbox 147 2302 1715 2378">
     <span class='ocr_line' id='line_1_40' title="bbox 147 2302 1715 2378; baseline -0.004 -17"><span class='ocrx_word' id='word_1_282' title='bbox 147 2308 395 2378; x_wconf 65' lang='grc' dir='ltr'>ἐξέστητε</span> <span class='ocrx_word' id='word_1_283' title='bbox 428 2307 530 2377; x_wconf 81' lang='grc' dir='ltr'>τῆς</span> <span class='ocrx_word' id='word_1_284' title='bbox 574 2305 833 2368; x_wconf 82' lang='grc' dir='ltr'>πίστεως.</span> <span class='ocrx_word' id='word_1_285' title='bbox 877 2303 952 2375; x_wconf 81' lang='grc' dir='ltr'>μὴ</span> <span class='ocrx_word' id='word_1_286' title='bbox 990 2304 1251 2375; x_wconf 84' lang='grc' dir='ltr'>νομίσητε</span> <span class='ocrx_word' id='word_1_287' title='bbox 1288 2303 1370 2357; x_wconf 84' lang='grc' dir='ltr'>ὅτι</span> <span class='ocrx_word' id='word_1_288' title='bbox 1400 2302 1623 2356; x_wconf 75' lang='grc' dir='ltr'>ἔλαττόν</span> <span class='ocrx_word' id='word_1_289' title='bbox 1663 2318 1715 2355; x_wconf 87' lang='grc' dir='ltr'><strong>τι</strong></span> 
     </span>
    </p>
   </div>
   <div class='ocr_carea' id='block_1_41' title="bbox 148 2393 1718 2468">
    <p class='ocr_par' dir='ltr' id='par_1_41' title="bbox 148 2393 1718 2468">
     <span class='ocr_line' id='line_1_41' title="bbox 148 2393 1718 2468; baseline -0.004 -17"><span class='ocrx_word' id='word_1_290' title='bbox 148 2399 293 2468; x_wconf 73' lang='grc' dir='ltr'>ἔσχεν</span> <span class='ocrx_word' id='word_1_291' title='bbox 314 2399 353 2467; x_wconf 72' lang='grc' dir='ltr'><strong>ἡ</strong></span> <span class='ocrx_word' id='word_1_292' title='bbox 376 2396 582 2458; x_wconf 83' lang='grc' dir='ltr'>πίστις.</span> <span class='ocrx_word' id='word_1_293' title='bbox 610 2397 821 2468; x_wconf 80' lang='grc' dir='ltr'>Ὠσπερ</span> <span class='ocrx_word' id='word_1_294' title='bbox 848 2396 957 2465; x_wconf 83' lang='grc' dir='ltr'>γὰρ</span> <span class='ocrx_word' id='word_1_295' title='bbox 977 2394 1145 2449; x_wconf 81' lang='grc' dir='ltr'>πάλαι</span> <span class='ocrx_word' id='word_1_296' title='bbox 1174 2394 1281 2448; x_wconf 91' lang='grc' dir='ltr'><strong>τῶν</strong></span> <span class='ocrx_word' id='word_1_297' title='bbox 1302 2394 1470 2448; x_wconf 78' lang='grc' dir='ltr'>ἐθνῶν</span> <span class='ocrx_word' id='word_1_298' title='bbox 1500 2393 1718 2462; x_wconf 79' lang='grc' dir='ltr'>ἐξεστη-</span> 
     </span>
    </p>
   </div>
   <div class='ocr_carea' id='block_1_42' title="bbox 149 2484 1714 2558">
    <p class='ocr_par' dir='ltr' id='par_1_42' title="bbox 149 2484 1714 2558">
     <span class='ocr_line' id='line_1_42' title="bbox 149 2484 1714 2558; baseline -0.005 -14"><span class='ocrx_word' id='word_1_299' title='bbox 149 2491 334 2557; x_wconf 68' lang='grc' dir='ltr'>κότων,</span> <span class='ocrx_word' id='word_1_300' title='bbox 357 2490 512 2544; x_wconf 75' lang='grc' dir='ltr'>οὐδὲν</span> <span class='ocrx_word' id='word_1_301' title='bbox 535 2488 754 2543; x_wconf 79' lang='grc' dir='ltr'>ἔλαττον</span> <span class='ocrx_word' id='word_1_302' title='bbox 776 2488 902 2558; x_wconf 76' lang='grc' dir='ltr'>ισχε</span> <span class='ocrx_word' id='word_1_303' title='bbox 925 2486 995 2540; x_wconf 87' lang='grc' dir='ltr'>τὰ</span> <span class='ocrx_word' id='word_1_304' title='bbox 1009 2486 1107 2557; x_wconf 81' lang='grc' dir='ltr'>τῆς</span> <span class='ocrx_word' id='word_1_305' title='bbox 1130 2485 1213 2550; x_wconf 88' lang='grc' dir='ltr'><strong>είς</strong></span> <span class='ocrx_word' id='word_1_306' title='bbox 1236 2486 1369 2540; x_wconf 76' lang='grc' dir='ltr'>Θεὸν</span> <span class='ocrx_word' id='word_1_307' title='bbox 1398 2484 1714 2555; x_wconf 82' lang='grc' dir='ltr'>θεραπείας·</span> 
     </span>
    </p>
   </div>
   <div class='ocr_carea' id='block_1_43' title="bbox 149 2575 1713 2651">
    <p class='ocr_par' dir='ltr' id='par_1_43' title="bbox 149 2575 1713 2651">
     <span class='ocr_line' id='line_1_43' title="bbox 149 2575 1713 2651; baseline -0.004 -15"><span class='ocrx_word' id='word_1_308' title='bbox 149 2580 313 2645; x_wconf 72' lang='grc' dir='ltr'>οὕτως</span> <span class='ocrx_word' id='word_1_309' title='bbox 358 2582 454 2636; x_wconf 77' lang='grc' dir='ltr'><strong>καὶ</strong></span> <span class='ocrx_word' id='word_1_310' title='bbox 488 2579 606 2647; x_wconf 83' lang='grc' dir='ltr'>νῦν,</span> <span class='ocrx_word' id='word_1_311' title='bbox 643 2579 800 2651; x_wconf 77' lang='grc' dir='ltr'>ὑμῶν</span> <span class='ocrx_word' id='word_1_312' title='bbox 828 2577 1279 2648; x_wconf 63' lang='grc' dir='ltr'>ἀποσχιζομένων</span> <span class='ocrx_word' id='word_1_313' title='bbox 1325 2577 1426 2647; x_wconf 85' lang='grc' dir='ltr'>τῆς</span> <span class='ocrx_word' id='word_1_314' title='bbox 1451 2575 1713 2638; x_wconf 87' lang='grc' dir='ltr'>πίστεως,</span> 
     </span>
    </p>
   </div>
   <div class='ocr_carea' id='block_1_44' title="bbox 149 2667 1716 2743">
    <p class='ocr_par' dir='ltr' id='par_1_44' title="bbox 149 2667 1716 2743">
     <span class='ocr_line' id='line_1_44' title="bbox 149 2667 1716 2743; baseline -0.005 -15"><span class='ocrx_word' id='word_1_315' title='bbox 149 2675 287 2729; x_wconf 66' lang='grc' dir='ltr'>οὐδὲν</span> <span class='ocrx_word' id='word_1_316' title='bbox 309 2674 534 2728; x_wconf 71' lang='grc' dir='ltr'>ἔλαττον</span> <span class='ocrx_word' id='word_1_317' title='bbox 582 2674 651 2727; x_wconf 72' lang='grc' dir='ltr'><strong>τὰ</strong></span> <span class='ocrx_word' id='word_1_318' title='bbox 690 2674 787 2743; x_wconf 68' lang='grc' dir='ltr'>τῆς</span> <span class='ocrx_word' id='word_1_319' title='bbox 808 2672 1043 2736; x_wconf 80' lang='grc' dir='ltr'>πίστεως</span> <span class='ocrx_word' id='word_1_320' title='bbox 1086 2671 1219 2735; x_wconf 71' lang='grc' dir='ltr'>ἔξει.</span> <span class='ocrx_word' id='word_1_321' title='bbox 1252 2668 1623 2739; x_wconf 77' lang='grc' dir='ltr'>Ἐσχημάτισε</span> <span class='ocrx_word' id='word_1_322' title='bbox 1657 2667 1716 2721; x_wconf 76' lang='grc' dir='ltr'>δὲ</span> 
     </span>
    </p>
   </div>
   <div class='ocr_carea' id='block_1_45' title="bbox 151 2759 1716 2836">
    <p class='ocr_par' dir='ltr' id='par_1_45' title="bbox 151 2759 1716 2836">
     <span class='ocr_line' id='line_1_45' title="bbox 151 2759 1716 2836; baseline -0.004 -18"><span class='ocrx_word' id='word_1_323' title='bbox 151 2767 275 2836; x_wconf 75' lang='grc' dir='ltr'>πρὸς</span> <span class='ocrx_word' id='word_1_324' title='bbox 302 2767 433 2829; x_wconf 76' lang='grc' dir='ltr'>τοὺς</span> <span class='ocrx_word' id='word_1_325' title='bbox 460 2767 519 2831; x_wconf 80' lang='grc' dir='ltr'>ἐξ</span> <span class='ocrx_word' id='word_1_326' title='bbox 543 2765 711 2818; x_wconf 77' lang='grc' dir='ltr'>ἐθνῶν</span> <span class='ocrx_word' id='word_1_327' title='bbox 735 2764 803 2818; x_wconf 74' lang='grc' dir='ltr'>τὰ</span> <span class='ocrx_word' id='word_1_328' title='bbox 824 2763 1095 2834; x_wconf 75' lang='grc' dir='ltr'><strong>εἰρημένα</strong></span> <span class='ocrx_word' id='word_1_329' title='bbox 1121 2761 1596 2832; x_wconf 80' lang='grc' dir='ltr'>ἀνεπαχθέστερον</span> <span class='ocrx_word' id='word_1_330' title='bbox 1625 2759 1716 2813; x_wconf 87' lang='grc' dir='ltr'>τὸν</span> 
     </span>
    </p>
   </div>
   <div class='ocr_carea' id='block_1_46' title="bbox 153 2856 1717 2927">
    <p class='ocr_par' dir='ltr' id='par_1_46' title="bbox 153 2856 1717 2927">
     <span class='ocr_line' id='line_1_46' title="bbox 153 2856 1717 2927; baseline 0 -19"><span class='ocrx_word' id='word_1_331' title='bbox 153 2858 277 2927; x_wconf 71' lang='grc' dir='ltr'>πρὸς</span> <span class='ocrx_word' id='word_1_332' title='bbox 302 2857 594 2920; x_wconf 68' lang='grc' dir='ltr'>Ἰουδαίους</span> <span class='ocrx_word' id='word_1_333' title='bbox 640 2857 860 2927; x_wconf 75' lang='grc' dir='ltr'>ἔλεγχον</span> <span class='ocrx_word' id='word_1_334' title='bbox 889 2856 1214 2926; x_wconf 77' lang='grc' dir='ltr'>βουλόμενος</span> <span class='ocrx_word' id='word_1_335' title='bbox 1251 2856 1524 2910; x_wconf 84' lang='grc' dir='ltr'>ποείσθαι.</span> <span class='ocrx_word' id='word_1_336' title='bbox 1548 2856 1717 2908; x_wconf 80' lang='grc' dir='ltr'>Δυνα-</span> 
     </span>
    </p>
   </div>
   <div class='ocr_carea' id='block_1_47' title="bbox 150 2945 1716 3019">
    <p class='ocr_par' dir='ltr' id='par_1_47' title="bbox 150 2945 1716 3019">
     <span class='ocr_line' id='line_1_47' title="bbox 150 2945 1716 3019; baseline -0.002 -18"><span class='ocrx_word' id='word_1_337' title='bbox 150 2948 232 3002; x_wconf 73' lang='grc' dir='ltr'>τὸν</span> <span class='ocrx_word' id='word_1_338' title='bbox 252 2948 331 3014; x_wconf 77' lang='grc' dir='ltr'><strong>δέ,</strong></span> <span class='ocrx_word' id='word_1_339' title='bbox 379 2947 648 3019; x_wconf 75' lang='grc' dir='ltr'>καὶπρὸς</span> <span class='ocrx_word' id='word_1_340' title='bbox 697 2950 824 3014; x_wconf 75' lang='grc' dir='ltr'>τοὺς</span> <span class='ocrx_word' id='word_1_341' title='bbox 857 2946 918 3013; x_wconf 75' lang='grc' dir='ltr'>ἐξ</span> <span class='ocrx_word' id='word_1_342' title='bbox 948 2947 1118 3002; x_wconf 81' lang='grc' dir='ltr'>ἐθνῶν</span> <span class='ocrx_word' id='word_1_343' title='bbox 1163 2947 1414 3001; x_wconf 77' lang='grc' dir='ltr'>ἐκλαϐεῖν</span> <span class='ocrx_word' id='word_1_344' title='bbox 1464 2945 1716 3017; x_wconf 73' lang='grc' dir='ltr'>εἰρῆσθαι</span> 
     </span>
    </p>
   </div>
   <div class='ocr_carea' id='block_1_48' title="bbox 152 3039 1713 3111">
    <p class='ocr_par' dir='ltr' id='par_1_48' title="bbox 152 3039 1713 3111">
     <span class='ocr_line' id='line_1_48' title="bbox 152 3039 1713 3111; baseline -0.001 -16"><span class='ocrx_word' id='word_1_345' title='bbox 152 3041 332 3107; x_wconf 82' lang='grc' dir='ltr'>ταῦτα,</span> <span class='ocrx_word' id='word_1_346' title='bbox 390 3039 533 3094; x_wconf 83' lang='grc' dir='ltr'>ὥστε</span> <span class='ocrx_word' id='word_1_347' title='bbox 592 3041 667 3111; x_wconf 80' lang='grc' dir='ltr'>μὴ</span> <span class='ocrx_word' id='word_1_348' title='bbox 737 3041 1160 3111; x_wconf 75' lang='grc' dir='ltr'>μεγαλοφρονεῖν</span> <span class='ocrx_word' id='word_1_349' title='bbox 1229 3041 1311 3093; x_wconf 86' lang='grc' dir='ltr'>ὃτι</span> <span class='ocrx_word' id='word_1_350' title='bbox 1368 3039 1713 3093; x_wconf 80' lang='grc' dir='ltr'>ἐπίστευσαν.</span> 
     </span>
    </p>
   </div>
   <div class='ocr_carea' id='block_1_49' title="bbox 155 3129 1707 3203">
    <p class='ocr_par' dir='ltr' id='par_1_49' title="bbox 155 3129 1707 3203">
     <span class='ocr_line' id='line_1_49' title="bbox 155 3129 1707 3203; baseline -0.003 -16"><span class='ocrx_word' id='word_1_351' title='bbox 155 3133 315 3187; x_wconf 81' lang='grc' dir='ltr'>Ἐλέει</span> <span class='ocrx_word' id='word_1_352' title='bbox 340 3133 450 3203; x_wconf 83' lang='grc' dir='ltr'>γὰρ</span> <span class='ocrx_word' id='word_1_353' title='bbox 481 3134 577 3187; x_wconf 76' lang='grc' dir='ltr'>καὶ</span> <span class='ocrx_word' id='word_1_354' title='bbox 619 3134 777 3203; x_wconf 81' lang='grc' dir='ltr'>ὑμεῖς</span> <span class='ocrx_word' id='word_1_355' title='bbox 802 3136 1232 3197; x_wconf 77' lang='grc' dir='ltr'>πεπιστεύκατε,</span> <span class='ocrx_word' id='word_1_356' title='bbox 1269 3134 1361 3186; x_wconf 72' lang='grc' dir='ltr'>καὶ</span> <span class='ocrx_word' id='word_1_357' title='bbox 1391 3133 1442 3185; x_wconf 74' lang='grc' dir='ltr'>οἱ</span> <span class='ocrx_word' id='word_1_358' title='bbox 1485 3129 1707 3200; x_wconf 55' lang='lat' dir='ltr'><strong>enaret).</strong></span> 
     </span>
    </p>
   </div>
   <div class='ocr_carea' id='block_1_50' title="bbox 156 3222 1506 3292">
    <p class='ocr_par' dir='ltr' id='par_1_50' title="bbox 156 3222 1506 3292">
     <span class='ocr_line' id='line_1_50' title="bbox 156 3222 1506 3292; baseline -0.001 -19"><span class='ocrx_word' id='word_1_359' title='bbox 156 3240 357 3287; x_wconf 71' lang='grc' dir='ltr'>σαντες,</span> <span class='ocrx_word' id='word_1_360' title='bbox 376 3227 560 3291; x_wconf 73' lang='grc' dir='ltr'>φησὶν,</span> <span class='ocrx_word' id='word_1_361' title='bbox 583 3223 966 3292; x_wconf 78' lang='grc' dir='ltr'>ἐλεηθήσονται</span> <span class='ocrx_word' id='word_1_362' title='bbox 985 3224 1075 3277; x_wconf 73' lang='grc' dir='ltr'>καὶ</span> <span class='ocrx_word' id='word_1_363' title='bbox 1100 3222 1506 3277; x_wconf 85' lang='grc' dir='ltr'>πιστεύσουσιν.</span> 
     </span>
    </p>
   </div>
   <div class='ocr_carea' id='block_1_51' title="bbox 1816 2118 3390 2195">
    <p class='ocr_par' dir='ltr' id='par_1_51' title="bbox 1816 2118 3390 2195">
     <span class='ocr_line' id='line_1_51' title="bbox 1816 2118 3390 2195; baseline 0.006 -24"><span class='ocrx_word' id='word_1_364' title='bbox 1816 2119 2063 2182; x_wconf 80' lang='lat' dir='ltr'><strong>luerunt,</strong></span> <span class='ocrx_word' id='word_1_365' title='bbox 2110 2126 2491 2173; x_wconf 83' lang='lat' dir='ltr'><strong>nunc-autem</strong></span> <span class='ocrx_word' id='word_1_366' title='bbox 2541 2118 2716 2177; x_wconf 76' lang='lat' dir='ltr'><strong>Judtei</strong></span> <span class='ocrx_word' id='word_1_367' title='bbox 2768 2135 2882 2175; x_wconf 88' lang='lat' dir='ltr'><strong>non</strong></span> <span class='ocrx_word' id='word_1_368' title='bbox 2931 2121 3220 2178; x_wconf 90' lang='lat' dir='ltr'><strong>credunt:</strong></span> <span class='ocrx_word' id='word_1_369' title='bbox 3271 2124 3390 2195; x_wconf 88' lang='lat' dir='ltr'><strong>ipse</strong></span> 
     </span>
    </p>
   </div>
   <div class='ocr_carea' id='block_1_52' title="bbox 1818 2206 3389 2270">
    <p class='ocr_par' dir='ltr' id='par_1_52' title="bbox 1818 2206 3389 2270">
     <span class='ocr_line' id='line_1_52' title="bbox 1818 2206 3389 2270; baseline 0.006 -9"><span class='ocrx_word' id='word_1_370' title='bbox 1818 2216 2004 2261; x_wconf 86' lang='lat' dir='ltr'><strong>tamen</strong></span> <span class='ocrx_word' id='word_1_371' title='bbox 2035 2206 2320 2263; x_wconf 84' lang='lat' dir='ltr'><strong>beneﬁciis</strong></span> <span class='ocrx_word' id='word_1_372' title='bbox 2364 2207 2577 2263; x_wconf 79' lang='lat' dir='ltr'><strong>allicere</strong></span> <span class='ocrx_word' id='word_1_373' title='bbox 2612 2224 2676 2264; x_wconf 88' lang='lat' dir='ltr'><strong>ac</strong></span> <span class='ocrx_word' id='word_1_374' title='bbox 2720 2209 2973 2265; x_wconf 78' lang='lat' dir='ltr'><strong>misereri</strong></span> <span class='ocrx_word' id='word_1_375' title='bbox 3004 2226 3114 2268; x_wconf 85' lang='lat' dir='ltr'><strong>non</strong></span> <span class='ocrx_word' id='word_1_376' title='bbox 3161 2224 3341 2269; x_wconf 81' lang='lat' dir='ltr'><strong>cessat</strong></span> <span class='ocrx_word' id='word_1_377' title='bbox 3373 2231 3389 2270; x_wconf 87' lang='lat'><strong>:</strong></span> 
     </span>
    </p>
   </div>
   <div class='ocr_carea' id='block_1_53' title="bbox 1822 2296 3394 2370">
    <p class='ocr_par' dir='ltr' id='par_1_53' title="bbox 1822 2296 3394 2370">
     <span class='ocr_line' id='line_1_53' title="bbox 1822 2296 3394 2370; baseline 0.004 -17"><span class='ocrx_word' id='word_1_378' title='bbox 1822 2296 1991 2367; x_wconf 87' lang='lat' dir='ltr'><strong>idque</strong></span> <span class='ocrx_word' id='word_1_379' title='bbox 2022 2297 2375 2352; x_wconf 83' lang='lat' dir='ltr'><strong>manifestum</strong></span> <span class='ocrx_word' id='word_1_380' title='bbox 2424 2307 2511 2353; x_wconf 91' lang='lat' dir='ltr'><strong>est</strong></span> <span class='ocrx_word' id='word_1_381' title='bbox 2546 2314 2615 2354; x_wconf 79' lang='lat' dir='ltr'><strong>ex</strong></span> <span class='ocrx_word' id='word_1_382' title='bbox 2650 2315 2717 2354; x_wconf 89' lang='lat' dir='ltr'><strong>eo</strong></span> <span class='ocrx_word' id='word_1_383' title='bbox 2740 2301 2884 2370; x_wconf 91' lang='lat' dir='ltr'><strong>quod</strong></span> <span class='ocrx_word' id='word_1_384' title='bbox 2915 2310 2973 2357; x_wconf 90' lang='lat' dir='ltr'><strong>et</strong></span> <span class='ocrx_word' id='word_1_385' title='bbox 3006 2311 3137 2359; x_wconf 90' lang='lat' dir='ltr'><strong>tunc</strong></span> <span class='ocrx_word' id='word_1_386' title='bbox 3175 2305 3394 2362; x_wconf 87' lang='lat' dir='ltr'><strong>miseri-</strong></span> 
     </span>
    </p>
   </div>
   <div class='ocr_carea' id='block_1_54' title="bbox 1818 2388 3395 2463">
    <p class='ocr_par' dir='ltr' id='par_1_54' title="bbox 1818 2388 3395 2463">
     <span class='ocr_line' id='line_1_54' title="bbox 1818 2388 3395 2463; baseline 0.004 -19"><span class='ocrx_word' id='word_1_387' title='bbox 1818 2388 2064 2444; x_wconf 89' lang='lat' dir='ltr'><strong>cordiam</strong></span> <span class='ocrx_word' id='word_1_388' title='bbox 2095 2389 2351 2458; x_wconf 67' lang='lat' dir='ltr'><strong>praestitit</strong></span> <span class='ocrx_word' id='word_1_389' title='bbox 2384 2389 2590 2446; x_wconf 72' lang='lat' dir='ltr'><strong>Judazis</strong></span> <span class='ocrx_word' id='word_1_390' title='bbox 2616 2406 2739 2445; x_wconf 92' lang='lat' dir='ltr'><strong>cum</strong></span> <span class='ocrx_word' id='word_1_391' title='bbox 2778 2402 2969 2463; x_wconf 83' lang='lat' dir='ltr'><strong>gentes</strong></span> <span class='ocrx_word' id='word_1_392' title='bbox 2996 2406 3184 2450; x_wconf 86' lang='lat' dir='ltr'><strong>essent</strong></span> <span class='ocrx_word' id='word_1_393' title='bbox 3210 2397 3395 2452; x_wconf 83' lang='lat' dir='ltr'><strong>incre-</strong></span> 
     </span>
    </p>
   </div>
   <div class='ocr_carea' id='block_1_55' title="bbox 1820 2481 3393 2556">
    <p class='ocr_par' dir='ltr' id='par_1_55' title="bbox 1820 2481 3393 2556">
     <span class='ocr_line' id='line_1_55' title="bbox 1820 2481 3393 2556; baseline 0.006 -21"><span class='ocrx_word' id='word_1_394' title='bbox 1820 2481 1986 2543; x_wconf 70' lang='lat' dir='ltr'><strong>dulae,</strong></span> <span class='ocrx_word' id='word_1_395' title='bbox 2012 2490 2069 2538; x_wconf 89' lang='lat' dir='ltr'><strong>et</strong></span> <span class='ocrx_word' id='word_1_396' title='bbox 2095 2496 2244 2537; x_wconf 90' lang='lat' dir='ltr'><strong>nunc</strong></span> <span class='ocrx_word' id='word_1_397' title='bbox 2271 2481 2708 2538; x_wconf 85' lang='lat' dir='ltr'><strong>misericordiam</strong></span> <span class='ocrx_word' id='word_1_398' title='bbox 2734 2484 2931 2539; x_wconf 86' lang='lat' dir='ltr'><strong>tribuit</strong></span> <span class='ocrx_word' id='word_1_399' title='bbox 2961 2487 3241 2556; x_wconf 82' lang='lat' dir='ltr'><strong>gentibus.</strong></span> <span class='ocrx_word' id='word_1_400' title='bbox 3263 2503 3393 2543; x_wconf 83' lang='lat' dir='ltr'><strong>eum</strong></span> 
     </span>
    </p>
   </div>
   <div class='ocr_carea' id='block_1_56' title="bbox 1818 2574 3393 2637">
    <p class='ocr_par' dir='ltr' id='par_1_56' title="bbox 1818 2574 3393 2637">
     <span class='ocr_line' id='line_1_56' title="bbox 1818 2574 3393 2637; baseline 0.004 -7"><span class='ocrx_word' id='word_1_401' title='bbox 1818 2574 1992 2631; x_wconf 66' lang='lat' dir='ltr'><strong>Judaei</strong></span> <span class='ocrx_word' id='word_1_402' title='bbox 2033 2582 2164 2630; x_wconf 89' lang='lat' dir='ltr'><strong>sunt</strong></span> <span class='ocrx_word' id='word_1_403' title='bbox 2209 2574 2498 2631; x_wconf 81' lang='lat' dir='ltr'><strong>increduli.</strong></span> <span class='ocrx_word' id='word_1_404' title='bbox 2532 2575 2801 2632; x_wconf 81' lang='lat' dir='ltr'><strong>Praeterea</strong></span> <span class='ocrx_word' id='word_1_405' title='bbox 2836 2577 3003 2632; x_wconf 87' lang='lat' dir='ltr'><strong>etiam</strong></span> <span class='ocrx_word' id='word_1_406' title='bbox 3048 2580 3393 2637; x_wconf 82' lang='lat' dir='ltr'><strong>manifestius</strong></span> 
     </span>
    </p>
   </div>
   <div class='ocr_carea' id='block_1_57' title="bbox 1819 2665 3389 2742">
    <p class='ocr_par' dir='ltr' id='par_1_57' title="bbox 1819 2665 3389 2742">
     <span class='ocr_line' id='line_1_57' title="bbox 1819 2665 3389 2742; baseline 0.004 -20"><span class='ocrx_word' id='word_1_407' title='bbox 1819 2680 1887 2722; x_wconf 84' lang='lat' dir='ltr'><strong>es</strong></span> <span class='ocrx_word' id='word_1_408' title='bbox 1915 2681 1983 2721; x_wconf 93' lang='lat' dir='ltr'><strong>eo</strong></span> <span class='ocrx_word' id='word_1_409' title='bbox 2014 2665 2128 2729; x_wconf 84' lang='lat' dir='ltr'><strong>ﬁet,</strong></span> <span class='ocrx_word' id='word_1_410' title='bbox 2170 2666 2319 2736; x_wconf 89' lang='lat' dir='ltr'><strong>quod</strong></span> <span class='ocrx_word' id='word_1_411' title='bbox 2362 2667 2530 2722; x_wconf 91' lang='lat' dir='ltr'><strong>etiam</strong></span> <span class='ocrx_word' id='word_1_412' title='bbox 2557 2666 2895 2733; x_wconf 66' lang='lat' dir='ltr'><strong>Judaorum,</strong></span> <span class='ocrx_word' id='word_1_413' title='bbox 2931 2671 3089 2742; x_wconf 77' lang='lat'><strong>361</strong></span> <span class='ocrx_word' id='word_1_414' title='bbox 3132 2672 3259 2728; x_wconf 85' lang='lat' dir='ltr'><strong>licet</strong></span> <span class='ocrx_word' id='word_1_415' title='bbox 3300 2673 3389 2729; x_wconf 83' lang='lat' dir='ltr'><strong>in-</strong></span> 
     </span>
    </p>
   </div>
   <div class='ocr_carea' id='block_1_58' title="bbox 1820 2758 3389 2825">
    <p class='ocr_par' dir='ltr' id='par_1_58' title="bbox 1820 2758 3389 2825">
     <span class='ocr_line' id='line_1_58' title="bbox 1820 2758 3389 2825; baseline 0.002 -9"><span class='ocrx_word' id='word_1_416' title='bbox 1820 2759 2032 2817; x_wconf 89' lang='lat' dir='ltr'><strong>creduli</strong></span> <span class='ocrx_word' id='word_1_417' title='bbox 2068 2759 2198 2815; x_wconf 79' lang='lat' dir='ltr'><strong>l‘acti</strong></span> <span class='ocrx_word' id='word_1_418' title='bbox 2242 2758 2374 2825; x_wconf 88' lang='lat' dir='ltr'><strong>sint,</strong></span> <span class='ocrx_word' id='word_1_419' title='bbox 2420 2760 2604 2816; x_wconf 83' lang='lat' dir='ltr'><strong>adhuc</strong></span> <span class='ocrx_word' id='word_1_420' title='bbox 2634 2762 2946 2817; x_wconf 83' lang='lat' dir='ltr'><strong>miseretur.</strong></span> <span class='ocrx_word' id='word_1_421' title='bbox 2998 2763 3173 2819; x_wconf 87' lang='lat' dir='ltr'><strong>Simul</strong></span> <span class='ocrx_word' id='word_1_422' title='bbox 3202 2774 3389 2821; x_wconf 86' lang='lat' dir='ltr'><strong>autem</strong></span> 
     </span>
    </p>
   </div>
   <div class='ocr_carea' id='block_1_59' title="bbox 1818 2850 3391 2920">
    <p class='ocr_par' dir='ltr' id='par_1_59' title="bbox 1818 2850 3391 2920">
     <span class='ocr_line' id='line_1_59' title="bbox 1818 2850 3391 2920; baseline 0.006 -13"><span class='ocrx_word' id='word_1_423' title='bbox 1818 2860 1876 2907; x_wconf 88' lang='lat' dir='ltr'><strong>et</strong></span> <span class='ocrx_word' id='word_1_424' title='bbox 1923 2852 2205 2907; x_wconf 88' lang='lat' dir='ltr'><strong>accusatio</strong></span> <span class='ocrx_word' id='word_1_425' title='bbox 2253 2857 2341 2906; x_wconf 86' lang='lat' dir='ltr'><strong>est</strong></span> <span class='ocrx_word' id='word_1_426' title='bbox 2384 2850 2653 2909; x_wconf 86' lang='lat' dir='ltr'><strong>adversus</strong></span> <span class='ocrx_word' id='word_1_427' title='bbox 2692 2851 2932 2920; x_wconf 63' lang='lat' dir='ltr'><strong>Judaeos,</strong></span> <span class='ocrx_word' id='word_1_428' title='bbox 2961 2868 3028 2911; x_wconf 88' lang='lat' dir='ltr'><strong>ac</strong></span> <span class='ocrx_word' id='word_1_429' title='bbox 3053 2855 3101 2912; x_wconf 89' lang='lat' dir='ltr'><strong>si</strong></span> <span class='ocrx_word' id='word_1_430' title='bbox 3136 2855 3391 2916; x_wconf 81' lang='lat' dir='ltr'><strong>diceret:</strong></span> 
     </span>
    </p>
   </div>
   <div class='ocr_carea' id='block_1_60' title="bbox 1818 2942 3395 3012">
    <p class='ocr_par' dir='ltr' id='par_1_60' title="bbox 1818 2942 3395 3012">
     <span class='ocr_line' id='line_1_60' title="bbox 1818 2942 3395 3012; baseline 0.005 -16"><span class='ocrx_word' id='word_1_431' title='bbox 1818 2942 2146 3012; x_wconf 83' lang='lat' dir='ltr'><strong>Quanquam</strong></span> <span class='ocrx_word' id='word_1_432' title='bbox 2195 2942 2297 3012; x_wconf 83' lang='lat' dir='ltr'><strong>ipsi</strong></span> <span class='ocrx_word' id='word_1_433' title='bbox 2341 2959 2371 2998; x_wconf 86' lang='lat' dir='ltr'><strong>a</strong></span> <span class='ocrx_word' id='word_1_434' title='bbox 2412 2942 2518 2998; x_wconf 83' lang='lat' dir='ltr'><strong>ﬁde</strong></span> <span class='ocrx_word' id='word_1_435' title='bbox 2568 2942 2914 3010; x_wconf 88' lang='lat' dir='ltr'><strong>destiteritis,</strong></span> <span class='ocrx_word' id='word_1_436' title='bbox 2953 2960 3024 3000; x_wconf 90' lang='lat' dir='ltr'><strong>ne</strong></span> <span class='ocrx_word' id='word_1_437' title='bbox 3065 2946 3395 3004; x_wconf 73' lang='lat' dir='ltr'><strong>existimetis</strong></span> 
     </span>
    </p>
   </div>
   <div class='ocr_carea' id='block_1_61' title="bbox 1820 3035 3394 3107">
    <p class='ocr_par' dir='ltr' id='par_1_61' title="bbox 1820 3035 3394 3107">
     <span class='ocr_line' id='line_1_61' title="bbox 1820 3035 3394 3107; baseline 0.004 -17"><span class='ocrx_word' id='word_1_438' title='bbox 1820 3036 1967 3107; x_wconf 82' lang='lat' dir='ltr'><strong>quod</strong></span> <span class='ocrx_word' id='word_1_439' title='bbox 2005 3035 2140 3091; x_wconf 90' lang='lat' dir='ltr'><strong>ﬁdes</strong></span> <span class='ocrx_word' id='word_1_440' title='bbox 2167 3037 2351 3091; x_wconf 90' lang='lat' dir='ltr'><strong>minus</strong></span> <span class='ocrx_word' id='word_1_441' title='bbox 2381 3035 2639 3091; x_wconf 86' lang='lat' dir='ltr'><strong>habuerit</strong></span> <span class='ocrx_word' id='word_1_442' title='bbox 2663 3036 2883 3092; x_wconf 88' lang='lat' dir='ltr'><strong>virium.</strong></span> <span class='ocrx_word' id='word_1_443' title='bbox 2915 3037 3394 3104; x_wconf 83' lang='lat' dir='ltr'><strong>Quemadmodum</strong></span> 
     </span>
    </p>
   </div>
   <div class='ocr_carea' id='block_1_62' title="bbox 1819 3127 3397 3199">
    <p class='ocr_par' dir='ltr' id='par_1_62' title="bbox 1819 3127 3397 3199">
     <span class='ocr_line' id='line_1_62' title="bbox 1819 3127 3397 3199; baseline 0.002 -14"><span class='ocrx_word' id='word_1_444' title='bbox 1819 3128 1972 3185; x_wconf 89' lang='lat' dir='ltr'><strong>enim</strong></span> <span class='ocrx_word' id='word_1_445' title='bbox 1996 3129 2128 3184; x_wconf 88' lang='lat' dir='ltr'><strong>olim</strong></span> <span class='ocrx_word' id='word_1_446' title='bbox 2162 3143 2291 3183; x_wconf 89' lang='lat' dir='ltr'><strong>cum</strong></span> <span class='ocrx_word' id='word_1_447' title='bbox 2325 3137 2518 3199; x_wconf 86' lang='lat' dir='ltr'><strong>gentes</strong></span> <span class='ocrx_word' id='word_1_448' title='bbox 2540 3127 2927 3193; x_wconf 82' lang='lat' dir='ltr'><strong>descivissent,</strong></span> <span class='ocrx_word' id='word_1_449' title='bbox 2973 3130 3051 3186; x_wconf 92' lang='lat' dir='ltr'><strong>nil</strong></span> <span class='ocrx_word' id='word_1_450' title='bbox 3086 3130 3397 3188; x_wconf 82' lang='lat' dir='ltr'><strong>detractum</strong></span> 
     </span>
    </p>
   </div>
   <div class='ocr_carea' id='block_1_63' title="bbox 1819 3220 3394 3293">
    <p class='ocr_par' dir='ltr' id='par_1_63' title="bbox 1819 3220 3394 3293">
     <span class='ocr_line' id='line_1_63' title="bbox 1819 3220 3394 3293; baseline 0.003 -17"><span class='ocrx_word' id='word_1_451' title='bbox 1819 3229 1906 3276; x_wconf 87' lang='lat' dir='ltr'><strong>est</strong></span> <span class='ocrx_word' id='word_1_452' title='bbox 1933 3220 2109 3277; x_wconf 86' lang='lat' dir='ltr'><strong>cultui</strong></span> <span class='ocrx_word' id='word_1_453' title='bbox 2131 3220 2322 3275; x_wconf 87' lang='lat' dir='ltr'><strong>divino</strong></span> <span class='ocrx_word' id='word_1_454' title='bbox 2351 3261 2365 3275; x_wconf 93' lang='lat'><strong>.</strong></span> <span class='ocrx_word' id='word_1_455' title='bbox 2394 3220 2470 3274; x_wconf 91' lang='lat' dir='ltr'><strong>ita</strong></span> <span class='ocrx_word' id='word_1_456' title='bbox 2491 3228 2548 3275; x_wconf 91' lang='lat' dir='ltr'><strong>et</strong></span> <span class='ocrx_word' id='word_1_457' title='bbox 2577 3236 2726 3276; x_wconf 89' lang='lat' dir='ltr'><strong>nunc</strong></span> <span class='ocrx_word' id='word_1_458' title='bbox 2754 3221 2913 3278; x_wconf 90' lang='lat' dir='ltr'><strong>vobis</strong></span> <span class='ocrx_word' id='word_1_459' title='bbox 2933 3238 2963 3277; x_wconf 93' lang='lat' dir='ltr'><strong>a</strong></span> <span class='ocrx_word' id='word_1_460' title='bbox 2994 3222 3099 3279; x_wconf 70' lang='lat' dir='ltr'><strong>ﬁde</strong></span> <span class='ocrx_word' id='word_1_461' title='bbox 3122 3224 3394 3293; x_wconf 79' lang='lat' dir='ltr'><strong>rescissis,</strong></span> 
     </span>
    </p>
   </div>
   <div class='ocr_carea' id='block_1_64' title="bbox 154 3307 3397 3382">
    <p class='ocr_par' dir='ltr' id='par_1_64' title="bbox 154 3307 3397 3382">
     <span class='ocr_line' id='line_1_64' title="bbox 154 3307 3397 3382; baseline -0.001 -13"><span class='ocrx_word' id='word_1_462' title='bbox 154 3315 283 3371; x_wconf 88' lang='lat' dir='ltr'><strong>nihil</strong></span> <span class='ocrx_word' id='word_1_463' title='bbox 337 3314 467 3370; x_wconf 86' lang='lat' dir='ltr'><strong>ﬁdei</strong></span> <span class='ocrx_word' id='word_1_464' title='bbox 501 3314 845 3371; x_wconf 85' lang='lat' dir='ltr'><strong>detrahetur.</strong></span> <span class='ocrx_word' id='word_1_465' title='bbox 886 3314 1108 3369; x_wconf 79' lang='lat' dir='ltr'><strong>Elliuxit</strong></span> <span class='ocrx_word' id='word_1_466' title='bbox 1163 3321 1347 3368; x_wconf 87' lang='lat' dir='ltr'><strong>autem</strong></span> <span class='ocrx_word' id='word_1_467' title='bbox 1380 3310 1641 3382; x_wconf 66' lang='lat' dir='ltr'><strong>praedicta</strong></span> <span class='ocrx_word' id='word_1_468' title='bbox 1707 3307 1975 3365; x_wconf 88' lang='lat' dir='ltr'><strong>adversus</strong></span> <span class='ocrx_word' id='word_1_469' title='bbox 2024 3317 2238 3380; x_wconf 84' lang='lat' dir='ltr'><strong>gentes,</strong></span> <span class='ocrx_word' id='word_1_470' title='bbox 2269 3308 2577 3380; x_wconf 76' lang='lat' dir='ltr'><strong>graviorem</strong></span> <span class='ocrx_word' id='word_1_471' title='bbox 2632 3309 2865 3366; x_wconf 88' lang='lat' dir='ltr'><strong>reddere</strong></span> <span class='ocrx_word' id='word_1_472' title='bbox 2900 3312 3089 3368; x_wconf 85' lang='lat' dir='ltr'><strong>volens</strong></span> <span class='ocrx_word' id='word_1_473' title='bbox 3127 3313 3397 3371; x_wconf 74' lang='lat' dir='ltr'><strong>adversus</strong></span> 
     </span>
    </p>
   </div>
   <div class='ocr_carea' id='block_1_65' title="bbox 153 3401 3392 3479">
    <p class='ocr_par' dir='ltr' id='par_1_65' title="bbox 153 3401 3392 3479">
     <span class='ocr_line' id='line_1_65' title="bbox 153 3401 3392 3479; baseline -0.001 -15"><span class='ocrx_word' id='word_1_474' title='bbox 153 3408 361 3464; x_wconf 67' lang='lat' dir='ltr'><strong>indeos</strong></span> <span class='ocrx_word' id='word_1_475' title='bbox 391 3409 893 3479; x_wconf 88' lang='lat' dir='ltr'><strong>reprehensionem.</strong></span> <span class='ocrx_word' id='word_1_476' title='bbox 924 3408 1161 3463; x_wconf 84' lang='lat' dir='ltr'><strong>Possunt</strong></span> <span class='ocrx_word' id='word_1_477' title='bbox 1201 3412 1383 3460; x_wconf 88' lang='lat' dir='ltr'><strong>tamen</strong></span> <span class='ocrx_word' id='word_1_478' title='bbox 1445 3405 1613 3460; x_wconf 86' lang='lat' dir='ltr'><strong>etiam</strong></span> <span class='ocrx_word' id='word_1_479' title='bbox 1668 3403 1787 3460; x_wconf 83' lang='lat' dir='ltr'><strong>haec</strong></span> <span class='ocrx_word' id='word_1_480' title='bbox 1822 3402 2088 3459; x_wconf 85' lang='lat' dir='ltr'><strong>adversus</strong></span> <span class='ocrx_word' id='word_1_481' title='bbox 2116 3411 2309 3473; x_wconf 88' lang='lat' dir='ltr'><strong>gentes</strong></span> <span class='ocrx_word' id='word_1_482' title='bbox 2337 3401 2568 3473; x_wconf 81' lang='lat' dir='ltr'><strong>intelligi</strong></span> <span class='ocrx_word' id='word_1_483' title='bbox 2612 3417 2736 3459; x_wconf 86' lang='lat' dir='ltr'><strong>esse</strong></span> <span class='ocrx_word' id='word_1_484' title='bbox 2764 3402 2911 3459; x_wconf 86' lang='lat' dir='ltr'><strong>dicta</strong></span> <span class='ocrx_word' id='word_1_485' title='bbox 2944 3423 2957 3458; x_wconf 91' lang='lat'>:</span> <span class='ocrx_word' id='word_1_486' title='bbox 2990 3420 3061 3460; x_wconf 86' lang='lat' dir='ltr'><strong>ne</strong></span> <span class='ocrx_word' id='word_1_487' title='bbox 3121 3406 3248 3463; x_wconf 88' lang='lat' dir='ltr'><strong>ideo</strong></span> <span class='ocrx_word' id='word_1_488' title='bbox 3302 3409 3392 3462; x_wconf 90' lang='lat' dir='ltr'><strong>in-</strong></span> 
     </span>
    </p>
   </div>
   <div class='ocr_carea' id='block_1_66' title="bbox 153 3490 3499 3572">
    <p class='ocr_par' dir='ltr' id='par_1_66' title="bbox 153 3490 3499 3572">
     <span class='ocr_line' id='line_1_66' title="bbox 153 3490 3499 3572; baseline 0.001 -17"><span class='ocrx_word' id='word_1_489' title='bbox 153 3501 424 3557; x_wconf 86' lang='lat' dir='ltr'><strong>solescant</strong></span> <span class='ocrx_word' id='word_1_490' title='bbox 454 3503 601 3572; x_wconf 84' lang='lat' dir='ltr'><strong>quod</strong></span> <span class='ocrx_word' id='word_1_491' title='bbox 625 3502 986 3557; x_wconf 87' lang='lat' dir='ltr'><strong>crediderint.</strong></span> <span class='ocrx_word' id='word_1_492' title='bbox 1027 3502 1163 3558; x_wconf 87' lang='lat' dir='ltr'><strong>Nam</strong></span> <span class='ocrx_word' id='word_1_493' title='bbox 1207 3511 1265 3557; x_wconf 89' lang='lat' dir='ltr'><strong>et</strong></span> <span class='ocrx_word' id='word_1_494' title='bbox 1302 3517 1423 3566; x_wconf 88' lang='lat' dir='ltr'><strong>vos,</strong></span> <span class='ocrx_word' id='word_1_495' title='bbox 1461 3500 1662 3571; x_wconf 88' lang='lat' dir='ltr'><strong>inquit,</strong></span> <span class='ocrx_word' id='word_1_496' title='bbox 1690 3515 1789 3570; x_wconf 88' lang='lat' dir='ltr'><strong>per</strong></span> <span class='ocrx_word' id='word_1_497' title='bbox 1827 3498 2237 3555; x_wconf 84' lang='lat' dir='ltr'><strong>miserationem</strong></span> <span class='ocrx_word' id='word_1_498' title='bbox 2279 3498 2376 3553; x_wconf 87' lang='lat' dir='ltr'><strong>Dei</strong></span> <span class='ocrx_word' id='word_1_499' title='bbox 2400 3498 2716 3556; x_wconf 86' lang='lat' dir='ltr'><strong>credidistis</strong></span> <span class='ocrx_word' id='word_1_500' title='bbox 2743 3517 2760 3554; x_wconf 86' lang='lat'><strong>:</strong></span> <span class='ocrx_word' id='word_1_501' title='bbox 2784 3500 2954 3556; x_wconf 82' lang='lat' dir='ltr'><strong>etilli</strong></span> <span class='ocrx_word' id='word_1_502' title='bbox 2993 3501 3087 3572; x_wconf 87' lang='lat' dir='ltr'><strong>qui</strong></span> <span class='ocrx_word' id='word_1_503' title='bbox 3120 3502 3396 3559; x_wconf 87' lang='lat' dir='ltr'><strong>increduli</strong></span> <span class='ocrx_word' id='word_1_504' title='bbox 3494 3490 3499 3499; x_wconf 9' lang='grc' dir='ltr'><strong>ἀ</strong></span> 
     </span>
    </p>
   </div>
   <div class='ocr_carea' id='block_1_67' title="bbox 157 3592 1855 3668">
    <p class='ocr_par' dir='ltr' id='par_1_67' title="bbox 157 3592 1855 3668">
     <span class='ocr_line' id='line_1_67' title="bbox 157 3592 1855 3668; baseline 0.001 -22"><span class='ocrx_word' id='word_1_505' title='bbox 157 3592 276 3647; x_wconf 87' lang='lat' dir='ltr'><strong>lacti</strong></span> <span class='ocrx_word' id='word_1_506' title='bbox 322 3600 485 3659; x_wconf 88' lang='lat' dir='ltr'><strong>sunt,</strong></span> <span class='ocrx_word' id='word_1_507' title='bbox 565 3595 998 3651; x_wconf 85' lang='lat' dir='ltr'><strong>misericordiam</strong></span> <span class='ocrx_word' id='word_1_508' title='bbox 1048 3605 1458 3668; x_wconf 87' lang='lat' dir='ltr'><strong>consequentur</strong></span> <span class='ocrx_word' id='word_1_509' title='bbox 1507 3611 1574 3651; x_wconf 88' lang='lat' dir='ltr'><strong>ac</strong></span> <span class='ocrx_word' id='word_1_510' title='bbox 1610 3594 1855 3651; x_wconf 86' lang='lat' dir='ltr'><strong>credent.</strong></span> 
     </span>
    </p>
   </div>
   <div class='ocr_carea' id='block_1_68' title="bbox 150 3749 1716 3822">
    <p class='ocr_par' dir='ltr' id='par_1_68' title="bbox 150 3749 1716 3822">
     <span class='ocr_line' id='line_1_68' title="bbox 150 3749 1716 3822; baseline 0.002 -19"><span class='ocrx_word' id='word_1_511' title='bbox 150 3754 163 3767; x_wconf 85' lang='lat'>&#39;</span> <span class='ocrx_word' id='word_1_512' title='bbox 219 3752 264 3803; x_wconf 84' lang='grc' dir='ltr'><strong><em>Σ</em></strong></span> <span class='ocrx_word' id='word_1_513' title='bbox 270 3749 580 3806; x_wconf 75' lang='grc' dir='ltr'>υνέκλεισε</span> <span class='ocrx_word' id='word_1_514' title='bbox 607 3751 720 3822; x_wconf 79' lang='grc' dir='ltr'><strong>γὰρ</strong></span> <span class='ocrx_word' id='word_1_515' title='bbox 761 3755 795 3808; x_wconf 84' lang='grc' dir='ltr'><em>ὁ</em></span> <span class='ocrx_word' id='word_1_516' title='bbox 826 3753 967 3819; x_wconf 84' lang='grc' dir='ltr'>Θεὸς</span> <span class='ocrx_word' id='word_1_517' title='bbox 999 3753 1139 3820; x_wconf 82' lang='grc' dir='ltr'>τοὺς</span> <span class='ocrx_word' id='word_1_518' title='bbox 1176 3753 1405 3822; x_wconf 80' lang='grc' dir='ltr'>πάντας</span> <span class='ocrx_word' id='word_1_519' title='bbox 1436 3755 1523 3820; x_wconf 84' lang='grc' dir='ltr'>εις</span> <span class='ocrx_word' id='word_1_520' title='bbox 1547 3753 1716 3807; x_wconf 76' lang='grc' dir='ltr'>ἀπεί-</span> 
     </span>
    </p>
   </div>
   <div class='ocr_carea' id='block_1_69' title="bbox 1820 3749 3399 3822">
    <p class='ocr_par' dir='ltr' id='par_1_69' title="bbox 1898 3750 3399 3821">
     <span class='ocr_line' id='line_1_69' title="bbox 1898 3750 3399 3821; baseline 0.003 -13"><span class='ocrx_word' id='word_1_521' title='bbox 1898 3753 1991 3819; x_wconf 81' lang='lat' dir='ltr'><strong>Xl,</strong></span> <span class='ocrx_word' id='word_1_522' title='bbox 2032 3753 2123 3821; x_wconf 67' lang='grc' dir='ltr'>δὲ,</span> <span class='ocrx_word' id='word_1_523' title='bbox 2158 3753 2249 3809; x_wconf 73' lang='lat'><strong>26.</strong></span> <span class='ocrx_word' id='word_1_524' title='bbox 2277 3750 2550 3811; x_wconf 83' lang='lat' dir='ltr'><strong>Conclusit</strong></span> <span class='ocrx_word' id='word_1_525' title='bbox 2584 3753 2725 3810; x_wconf 82' lang='lat' dir='ltr'><strong>enim</strong></span> <span class='ocrx_word' id='word_1_526' title='bbox 2762 3752 2902 3810; x_wconf 85' lang='lat' dir='ltr'><strong>Deus</strong></span> <span class='ocrx_word' id='word_1_527' title='bbox 2929 3769 3108 3812; x_wconf 86' lang='lat' dir='ltr'><strong>omnes</strong></span> <span class='ocrx_word' id='word_1_528' title='bbox 3136 3754 3192 3811; x_wconf 81' lang='lat' dir='ltr'><strong>in</strong></span> <span class='ocrx_word' id='word_1_529' title='bbox 3222 3754 3399 3812; x_wconf 84' lang='lat' dir='ltr'><strong>incre-</strong></span> 
     </span>
    </p>
   </div>
   <div class='ocr_carea' id='block_1_70' title="bbox 160 3842 1719 3916">
    <p class='ocr_par' dir='ltr' id='par_1_70' title="bbox 160 3842 1719 3916">
     <span class='ocr_line' id='line_1_70' title="bbox 160 3842 1719 3916; baseline 0.004 -23"><span class='ocrx_word' id='word_1_530' title='bbox 160 3843 334 3907; x_wconf 79' lang='lat' dir='ltr'><strong>0star,</strong></span> <span class='ocrx_word' id='word_1_531' title='bbox 366 3842 468 3896; x_wconf 80' lang='lat' dir='ltr'><strong>ira</strong></span> <span class='ocrx_word' id='word_1_532' title='bbox 494 3843 637 3910; x_wconf 84' lang='grc' dir='ltr'>τοὺς</span> <span class='ocrx_word' id='word_1_533' title='bbox 673 3843 907 3911; x_wconf 75' lang='grc' dir='ltr'>πάντας</span> <span class='ocrx_word' id='word_1_534' title='bbox 943 3844 1195 3916; x_wconf 74' lang='grc' dir='ltr'>ἐλεήσῃ.</span> <span class='ocrx_word' id='word_1_535' title='bbox 1220 3848 1282 3900; x_wconf 84' lang='grc' dir='ltr'><em>Ὢ</em></span> <span class='ocrx_word' id='word_1_536' title='bbox 1314 3846 1509 3912; x_wconf 75' lang='grc' dir='ltr'>,βάθος</span> <span class='ocrx_word' id='word_1_537' title='bbox 1527 3846 1719 3899; x_wconf 76' lang='grc' dir='ltr'>πλού-</span> 
     </span>
    </p>
   </div>
   <div class='ocr_carea' id='block_1_71' title="bbox 160 3933 1722 4006">
    <p class='ocr_par' dir='ltr' id='par_1_71' title="bbox 160 3933 1722 4006">
     <span class='ocr_line' id='line_1_71' title="bbox 160 3933 1722 4006; baseline 0.004 -22"><span class='ocrx_word' id='word_1_538' title='bbox 160 3946 255 3985; x_wconf 85' lang='grc' dir='ltr'><strong>του</strong></span> <span class='ocrx_word' id='word_1_539' title='bbox 274 3933 369 3987; x_wconf 76' lang='grc' dir='ltr'>καὶ</span> <span class='ocrx_word' id='word_1_540' title='bbox 400 3935 621 4003; x_wconf 63' lang='grc' dir='ltr'>σοφίας</span> <span class='ocrx_word' id='word_1_541' title='bbox 641 3936 738 3989; x_wconf 78' lang='grc' dir='ltr'><strong>καὶ</strong></span> <span class='ocrx_word' id='word_1_542' title='bbox 771 3938 1046 4006; x_wconf 68' lang='grc' dir='ltr'>γνώσεως</span> <span class='ocrx_word' id='word_1_543' title='bbox 1075 3936 1258 3992; x_wconf 69' lang='grc' dir='ltr'>Θεοῦ]</span> <span class='ocrx_word' id='word_1_544' title='bbox 1289 3938 1369 3996; x_wconf 76' lang='grc' dir='ltr'><strong>ὡς·</strong></span> <span class='ocrx_word' id='word_1_545' title='bbox 1403 3936 1722 4005; x_wconf 80' lang='grc' dir='ltr'>ἀνεξερεύ-</span> 
     </span>
    </p>
   </div>
   <div class='ocr_carea' id='block_1_72' title="bbox 161 4024 1719 4099">
    <p class='ocr_par' dir='ltr' id='par_1_72' title="bbox 161 4024 1719 4099">
     <span class='ocr_line' id='line_1_72' title="bbox 161 4024 1719 4099; baseline 0.005 -24"><span class='ocrx_word' id='word_1_546' title='bbox 161 4039 301 4089; x_wconf 66' lang='lat' dir='ltr'><strong>ruta</strong></span> <span class='ocrx_word' id='word_1_547' title='bbox 350 4024 422 4079; x_wconf 85' lang='grc' dir='ltr'>τὰ</span> <span class='ocrx_word' id='word_1_548' title='bbox 476 4028 728 4096; x_wconf 70' lang='grc' dir='ltr'>κρίματα</span> <span class='ocrx_word' id='word_1_549' title='bbox 780 4029 988 4092; x_wconf 76' lang='grc' dir='ltr'>αὐτοῦ,</span> <span class='ocrx_word' id='word_1_550' title='bbox 1021 4028 1121 4083; x_wconf 78' lang='grc' dir='ltr'>καὶ</span> <span class='ocrx_word' id='word_1_551' title='bbox 1169 4030 1615 4099; x_wconf 77' lang='grc' dir='ltr'>ἀνεξιχνίαστοι</span> <span class='ocrx_word' id='word_1_552' title='bbox 1659 4030 1719 4083; x_wconf 81' lang='lat' dir='ltr'><strong>al</strong></span> 
     </span>
    </p>
   </div>
   <div class='ocr_carea' id='block_1_73' title="bbox 163 4112 1721 4190">
    <p class='ocr_par' dir='ltr' id='par_1_73' title="bbox 163 4112 1721 4190">
     <span class='ocr_line' id='line_1_73' title="bbox 163 4112 1721 4190; baseline 0.014 -29"><span class='ocrx_word' id='word_1_553' title='bbox 163 4112 277 4168; x_wconf 71' lang='grc' dir='ltr'>ὁδοὶ</span> <span class='ocrx_word' id='word_1_554' title='bbox 312 4117 541 4172; x_wconf 46' lang='lat' dir='ltr'><strong>mimi)!</strong></span> <span class='ocrx_word' id='word_1_555' title='bbox 581 4121 677 4186; x_wconf 85' lang='grc' dir='ltr'>Τίς</span> <span class='ocrx_word' id='word_1_556' title='bbox 721 4117 833 4190; x_wconf 78' lang='grc' dir='ltr'><strong>τὰρ</strong></span> <span class='ocrx_word' id='word_1_557' title='bbox 864 4119 1017 4189; x_wconf 70' lang='grc' dir='ltr'>ἔγνω</span> <span class='ocrx_word' id='word_1_558' title='bbox 1064 4120 1215 4175; x_wconf 82' lang='grc' dir='ltr'><em>νοῦν</em></span> <span class='ocrx_word' id='word_1_559' title='bbox 1246 4121 1463 4190; x_wconf 80' lang='lat' dir='ltr'><strong>Kvptov</strong></span> <span class='ocrx_word' id='word_1_560' title='bbox 1490 4136 1510 4180; x_wconf 85' lang='lat'><strong>.&#39;</strong></span> <span class='ocrx_word' id='word_1_561' title='bbox 1539 4119 1575 4186; x_wconf 76' lang='grc' dir='ltr'><em>ἢ</em></span> <span class='ocrx_word' id='word_1_562' title='bbox 1629 4120 1721 4185; x_wconf 80' lang='grc' dir='ltr'><strong>τίς</strong></span> 
     </span>
    </p>
   </div>
   <div class='ocr_carea' id='block_1_74' title="bbox 163 4205 1714 4279">
    <p class='ocr_par' dir='ltr' id='par_1_74' title="bbox 163 4205 1714 4279">
     <span class='ocr_line' id='line_1_74' title="bbox 163 4205 1714 4279; baseline 0.006 -24"><span class='ocrx_word' id='word_1_563' title='bbox 163 4205 490 4273; x_wconf 72' lang='grc' dir='ltr'>σύμϐουλος</span> <span class='ocrx_word' id='word_1_564' title='bbox 546 4209 732 4264; x_wconf 77' lang='grc' dir='ltr'>αὑτοῦ</span> <span class='ocrx_word' id='word_1_565' title='bbox 790 4208 1075 4279; x_wconf 77' lang='grc' dir='ltr'>ἐγένετο;</span> <span class='ocrx_word' id='word_1_566' title='bbox 1119 4209 1157 4279; x_wconf 78' lang='grc' dir='ltr'>ἦ</span> <span class='ocrx_word' id='word_1_567' title='bbox 1210 4212 1302 4276; x_wconf 80' lang='grc' dir='ltr'><strong>τίς</strong></span> <span class='ocrx_word' id='word_1_568' title='bbox 1375 4210 1714 4279; x_wconf 78' lang='grc' dir='ltr'>προέδωκεν</span> 
     </span>
    </p>
   </div>
   <div class='ocr_carea' id='block_1_75' title="bbox 163 4294 1714 4369">
    <p class='ocr_par' dir='ltr' id='par_1_75' title="bbox 163 4294 1714 4369">
     <span class='ocr_line' id='line_1_75' title="bbox 163 4294 1714 4369; baseline 0.006 -22"><span class='ocrx_word' id='word_1_569' title='bbox 163 4294 310 4360; x_wconf 81' lang='grc' dir='ltr'>αὐτῷ</span> <span class='ocrx_word' id='word_1_570' title='bbox 334 4298 427 4352; x_wconf 74' lang='grc' dir='ltr'>καὶ</span> <span class='ocrx_word' id='word_1_571' title='bbox 452 4298 1004 4369; x_wconf 69' lang='grc' dir='ltr'>ἀνταποδοθήσεται</span> <span class='ocrx_word' id='word_1_572' title='bbox 1029 4300 1224 4366; x_wconf 65' lang='lat' dir='ltr'><strong>aurci);</strong></span> <span class='ocrx_word' id='word_1_573' title='bbox 1256 4300 1381 4355; x_wconf 77' lang='grc' dir='ltr'>Ὅτι</span> <span class='ocrx_word' id='word_1_574' title='bbox 1401 4301 1471 4366; x_wconf 80' lang='grc' dir='ltr'><strong>ἐξ</strong></span> <span class='ocrx_word' id='word_1_575' title='bbox 1505 4302 1714 4367; x_wconf 83' lang='grc' dir='ltr'>αὐτοῦ,</span> 
     </span>
    </p>
   </div>
   <div class='ocr_carea' id='block_1_76' title="bbox 166 4389 1718 4464">
    <p class='ocr_par' dir='ltr' id='par_1_76' title="bbox 166 4389 1718 4464">
     <span class='ocr_line' id='line_1_76' title="bbox 166 4389 1718 4464; baseline 0.006 -24"><span class='ocrx_word' id='word_1_576' title='bbox 166 4389 260 4442; x_wconf 76' lang='grc' dir='ltr'><strong>καί</strong></span> <span class='ocrx_word' id='word_1_577' title='bbox 296 4392 378 4445; x_wconf 76' lang='grc' dir='ltr'>δι’</span> <span class='ocrx_word' id='word_1_578' title='bbox 403 4392 611 4457; x_wconf 83' lang='grc' dir='ltr'>αὐτοῦ,</span> <span class='ocrx_word' id='word_1_579' title='bbox 646 4393 745 4446; x_wconf 75' lang='grc' dir='ltr'><strong>καί</strong></span> <span class='ocrx_word' id='word_1_580' title='bbox 776 4396 865 4461; x_wconf 84' lang='grc' dir='ltr'>εις</span> <span class='ocrx_word' id='word_1_581' title='bbox 899 4394 1086 4449; x_wconf 77' lang='grc' dir='ltr'>αὐτὸν</span> <span class='ocrx_word' id='word_1_582' title='bbox 1124 4394 1194 4448; x_wconf 84' lang='grc' dir='ltr'>τὰ</span> <span class='ocrx_word' id='word_1_583' title='bbox 1228 4394 1444 4449; x_wconf 78' lang='grc' dir='ltr'>πάντα.</span> <span class='ocrx_word' id='word_1_584' title='bbox 1482 4395 1645 4460; x_wconf 76' lang='grc' dir='ltr'>Αὐτῷ</span> <span class='ocrx_word' id='word_1_585' title='bbox 1681 4395 1718 4464; x_wconf 81' lang='grc' dir='ltr'><strong><em>ἠ</em></strong></span> 
     </span>
    </p>
   </div>
   <div class='ocr_carea' id='block_1_77' title="bbox 168 4478 1083 4556">
    <p class='ocr_par' dir='ltr' id='par_1_77' title="bbox 168 4478 1083 4556">
     <span class='ocr_line' id='line_1_77' title="bbox 168 4478 1083 4556; baseline 0.011 -25"><span class='ocrx_word' id='word_1_586' title='bbox 168 4478 306 4544; x_wconf 80' lang='grc' dir='ltr'>δόξα</span> <span class='ocrx_word' id='word_1_587' title='bbox 335 4484 416 4550; x_wconf 66' lang='grc' dir='ltr'>εἰς</span> <span class='ocrx_word' id='word_1_588' title='bbox 442 4485 584 4551; x_wconf 80' lang='grc' dir='ltr'>τοὺς</span> <span class='ocrx_word' id='word_1_589' title='bbox 609 4484 855 4552; x_wconf 74' lang='grc' dir='ltr'>αιῶνας.</span> <span class='ocrx_word' id='word_1_590' title='bbox 885 4484 1083 4556; x_wconf 78' lang='grc' dir='ltr'>Ἀμήν.</span> 
     </span>
    </p>
   </div>
   <div class='ocr_carea' id='block_1_78' title="bbox 240 4609 1721 4679">
    <p class='ocr_par' dir='ltr' id='par_1_78' title="bbox 240 4609 1721 4679">
     <span class='ocr_line' id='line_1_78' title="bbox 240 4609 1721 4679; baseline 0.005 -19"><span class='ocrx_word' id='word_1_591' title='bbox 240 4609 571 4667; x_wconf 72' lang='grc' dir='ltr'>«Συνικὶεισε</span> <span class='ocrx_word' id='word_1_592' title='bbox 589 4615 716 4678; x_wconf 77' lang='grc' dir='ltr'>τοὺς</span> <span class='ocrx_word' id='word_1_593' title='bbox 733 4614 941 4677; x_wconf 79' lang='grc' dir='ltr'>πάντας</span> <span class='ocrx_word' id='word_1_594' title='bbox 963 4616 1043 4679; x_wconf 79' lang='grc' dir='ltr'><strong>είς</strong></span> <span class='ocrx_word' id='word_1_595' title='bbox 1065 4615 1369 4670; x_wconf 81' lang='grc' dir='ltr'>ἀπείθειαν.</span> <span class='ocrx_word' id='word_1_596' title='bbox 1383 4634 1402 4667; x_wconf 77' lang='grc' dir='ltr'><strong>ι</strong></span> <span class='ocrx_word' id='word_1_597' title='bbox 1431 4616 1721 4669; x_wconf 84' lang='grc' dir='ltr'>Τουτέστιν</span> 
     </span>
    </p>
   </div>
   <div class='ocr_carea' id='block_1_79' title="bbox 171 4698 1718 4779">
    <p class='ocr_par' dir='ltr' id='par_1_79' title="bbox 171 4698 1718 4779">
     <span class='ocr_line' id='line_1_79' title="bbox 171 4698 1718 4779; baseline 0.004 -23"><span class='ocrx_word' id='word_1_598' title='bbox 171 4698 377 4767; x_wconf 62' lang='grc' dir='ltr'>ἤλεγξεν</span> <span class='ocrx_word' id='word_1_599' title='bbox 391 4703 638 4768; x_wconf 71' lang='grc' dir='ltr'>ἅπαντας</span> <span class='ocrx_word' id='word_1_600' title='bbox 660 4706 1040 4769; x_wconf 83' lang='grc' dir='ltr'>ἀπειθοῦντας.</span> <span class='ocrx_word' id='word_1_601' title='bbox 1055 4734 1126 4747; x_wconf 89' lang='grc'><strong>--</strong></span> <span class='ocrx_word' id='word_1_602' title='bbox 1140 4706 1246 4761; x_wconf 76' lang='lat' dir='ltr'><strong>Kal</strong></span> <span class='ocrx_word' id='word_1_603' title='bbox 1270 4707 1492 4774; x_wconf 70' lang='grc' dir='ltr'>ἄλλως.</span> <span class='ocrx_word' id='word_1_604' title='bbox 1539 4705 1718 4779; x_wconf 55' lang='grc'><strong>(⁵012]</strong></span> 
     </span>
    </p>
   </div>
   <div class='ocr_carea' id='block_1_80' title="bbox 172 4789 1715 4865">
    <p class='ocr_par' dir='ltr' id='par_1_80' title="bbox 172 4789 1715 4865">
     <span class='ocr_line' id='line_1_80' title="bbox 172 4789 1715 4865; baseline 0.008 -25"><span class='ocrx_word' id='word_1_605' title='bbox 172 4789 259 4854; x_wconf 65' lang='lat' dir='ltr'><strong>Te,</strong></span> <span class='ocrx_word' id='word_1_606' title='bbox 290 4793 660 4849; x_wconf 76' lang='grc' dir='ltr'>ιΣννέκλεισεν</span> <span class='ocrx_word' id='word_1_607' title='bbox 680 4798 707 4850; x_wconf 87' lang='grc' dir='ltr'><strong>δ</strong></span> <span class='ocrx_word' id='word_1_608' title='bbox 726 4796 856 4861; x_wconf 80' lang='grc' dir='ltr'>Θ-δς</span> <span class='ocrx_word' id='word_1_609' title='bbox 882 4798 1003 4861; x_wconf 70' lang='grc' dir='ltr'>τοὺς</span> <span class='ocrx_word' id='word_1_610' title='bbox 1030 4796 1237 4860; x_wconf 79' lang='grc' dir='ltr'>πάντας</span> <span class='ocrx_word' id='word_1_611' title='bbox 1270 4800 1350 4863; x_wconf 79' lang='grc' dir='ltr'><strong>είς</strong></span> <span class='ocrx_word' id='word_1_612' title='bbox 1377 4798 1715 4865; x_wconf 74' lang='grc' dir='ltr'>ἀπείθειαν,ι</span> 
     </span>
    </p>
   </div>
   <div class='ocr_carea' id='block_1_81' title="bbox 172 4879 1722 4962">
    <p class='ocr_par' dir='ltr' id='par_1_81' title="bbox 172 4879 1722 4962">
     <span class='ocr_line' id='line_1_81' title="bbox 172 4879 1722 4962; baseline 0.01 -31"><span class='ocrx_word' id='word_1_613' title='bbox 172 4879 256 4931; x_wconf 85' lang='grc' dir='ltr'><strong>δύο</strong></span> <span class='ocrx_word' id='word_1_614' title='bbox 270 4881 475 4937; x_wconf 87' lang='grc' dir='ltr'>δύναται</span> <span class='ocrx_word' id='word_1_615' title='bbox 498 4885 710 4953; x_wconf 79' lang='grc' dir='ltr'>δηλοῦνο</span> <span class='ocrx_word' id='word_1_616' title='bbox 738 4887 770 4957; x_wconf 78' lang='grc' dir='ltr'>ἢ</span> <span class='ocrx_word' id='word_1_617' title='bbox 803 4888 881 4940; x_wconf 85' lang='grc' dir='ltr'>ὅτι</span> <span class='ocrx_word' id='word_1_618' title='bbox 902 4887 1143 4950; x_wconf 79' lang='grc' dir='ltr'>ἀπειθεῖς</span> <span class='ocrx_word' id='word_1_619' title='bbox 1166 4888 1594 4962; x_wconf 82' lang='grc' dir='ltr'>ἐποίησεν,ὃπερ</span> <span class='ocrx_word' id='word_1_620' title='bbox 1619 4892 1722 4946; x_wconf 78' lang='grc' dir='ltr'>οὐκ</span> 
     </span>
    </p>
   </div>
   <div class='ocr_carea' id='block_1_82' title="bbox 178 4970 1722 5053">
    <p class='ocr_par' dir='ltr' id='par_1_82' title="bbox 178 4970 1722 5053">
     <span class='ocr_line' id='line_1_82' title="bbox 178 4970 1722 5053; baseline 0.01 -32"><span class='ocrx_word' id='word_1_621' title='bbox 178 4970 279 5039; x_wconf 74' lang='grc' dir='ltr'>ἔχει</span> <span class='ocrx_word' id='word_1_622' title='bbox 316 4975 518 5046; x_wconf 78' lang='grc' dir='ltr'>χώραν,</span> <span class='ocrx_word' id='word_1_623' title='bbox 567 4978 601 5048; x_wconf 76' lang='grc' dir='ltr'>ἢ</span> <span class='ocrx_word' id='word_1_624' title='bbox 637 4977 718 5030; x_wconf 85' lang='grc' dir='ltr'>ὅτι</span> <span class='ocrx_word' id='word_1_625' title='bbox 772 4977 1020 5041; x_wconf 81' lang='grc' dir='ltr'>ἀπειθεῖς</span> <span class='ocrx_word' id='word_1_626' title='bbox 1067 4979 1378 5045; x_wconf 84' lang='grc' dir='ltr'>ἀπέδειξεν,</span> <span class='ocrx_word' id='word_1_627' title='bbox 1421 4981 1559 5053; x_wconf 83' lang='grc' dir='ltr'>ὅπερ</span> <span class='ocrx_word' id='word_1_628' title='bbox 1604 4984 1722 5036; x_wconf 74' lang='grc' dir='ltr'>ἐστὶ</span> 
     </span>
    </p>
   </div>
   <div class='ocr_carea' id='block_1_83' title="bbox 171 5065 1710 5144">
    <p class='ocr_par' dir='ltr' id='par_1_83' title="bbox 171 5065 1710 5144">
     <span class='ocr_line' id='line_1_83' title="bbox 171 5065 1710 5144; baseline 0.01 -31"><span class='ocrx_word' id='word_1_629' title='bbox 171 5065 254 5115; x_wconf 78' lang='grc' dir='ltr'>καὶ</span> <span class='ocrx_word' id='word_1_630' title='bbox 274 5067 476 5137; x_wconf 76' lang='grc' dir='ltr'>ἀληθές.</span> <span class='ocrx_word' id='word_1_631' title='bbox 501 5071 599 5124; x_wconf 72' lang='grc' dir='ltr'>Διὰ</span> <span class='ocrx_word' id='word_1_632' title='bbox 627 5070 735 5140; x_wconf 89' lang='grc' dir='ltr'>γάρ</span> <span class='ocrx_word' id='word_1_633' title='bbox 761 5071 863 5139; x_wconf 80' lang='grc' dir='ltr'>τῆς</span> <span class='ocrx_word' id='word_1_634' title='bbox 898 5072 1097 5141; x_wconf 80' lang='grc' dir='ltr'>πολλῆς</span> <span class='ocrx_word' id='word_1_635' title='bbox 1129 5074 1295 5128; x_wconf 82' lang='grc' dir='ltr'>αὑτοῦ</span> <span class='ocrx_word' id='word_1_636' title='bbox 1329 5076 1589 5144; x_wconf 89' lang='grc' dir='ltr'>προνοίας</span> <span class='ocrx_word' id='word_1_637' title='bbox 1614 5074 1710 5128; x_wconf 75' lang='grc' dir='ltr'>καὶ</span> 
     </span>
    </p>
   </div>
   <div class='ocr_carea' id='block_1_84' title="bbox 1823 3842 3398 3916">
    <p class='ocr_par' dir='ltr' id='par_1_84' title="bbox 1823 3842 3398 3916">
     <span class='ocr_line' id='line_1_84' title="bbox 1823 3842 3398 3916; baseline 0.002 -18"><span class='ocrx_word' id='word_1_638' title='bbox 1823 3844 2124 3908; x_wconf 87' lang='lat' dir='ltr'><strong>dulitatem,</strong></span> <span class='ocrx_word' id='word_1_639' title='bbox 2169 3853 2227 3899; x_wconf 84' lang='lat' dir='ltr'><strong>ut</strong></span> <span class='ocrx_word' id='word_1_640' title='bbox 2272 3845 2507 3898; x_wconf 84' lang='lat' dir='ltr'><strong>omnium</strong></span> <span class='ocrx_word' id='word_1_641' title='bbox 2564 3844 2921 3899; x_wconf 79' lang='lat' dir='ltr'><strong>misereretur.</strong></span> <span class='ocrx_word' id='word_1_642' title='bbox 2968 3842 3013 3900; x_wconf 90' lang='grc'><strong>0</strong></span> <span class='ocrx_word' id='word_1_643' title='bbox 3065 3844 3398 3916; x_wconf 70' lang='lat' dir='ltr'><strong>profunditas</strong></span> 
     </span>
    </p>
   </div>
   <div class='ocr_carea' id='block_1_85' title="bbox 1823 3936 3398 4012">
    <p class='ocr_par' dir='ltr' id='par_1_85' title="bbox 1823 3936 3398 4012">
     <span class='ocr_line' id='line_1_85' title="bbox 1823 3936 3398 4012; baseline 0.001 -19"><span class='ocrx_word' id='word_1_644' title='bbox 1823 3938 2128 3993; x_wconf 78' lang='lat' dir='ltr'><strong>divitiarum</strong></span> <span class='ocrx_word' id='word_1_645' title='bbox 2165 3946 2214 3991; x_wconf 88' lang='lat' dir='ltr'><strong>et</strong></span> <span class='ocrx_word' id='word_1_646' title='bbox 2252 3938 2529 4009; x_wconf 78' lang='lat' dir='ltr'><strong>sapientia:</strong></span> <span class='ocrx_word' id='word_1_647' title='bbox 2572 3945 2624 3992; x_wconf 80' lang='lat' dir='ltr'><strong>et</strong></span> <span class='ocrx_word' id='word_1_648' title='bbox 2683 3939 2991 4011; x_wconf 84' lang='lat' dir='ltr'><strong>cognitionis</strong></span> <span class='ocrx_word' id='word_1_649' title='bbox 3052 3936 3180 4002; x_wconf 83' lang='lat' dir='ltr'><strong>Dei,</strong></span> <span class='ocrx_word' id='word_1_650' title='bbox 3235 3957 3398 4012; x_wconf 82' lang='lat' dir='ltr'><strong>quant</strong></span> 
     </span>
    </p>
   </div>
   <div class='ocr_carea' id='block_1_86' title="bbox 1822 4030 3396 4105">
    <p class='ocr_par' dir='ltr' id='par_1_86' title="bbox 1822 4030 3396 4105">
     <span class='ocr_line' id='line_1_86' title="bbox 1822 4030 3396 4105; baseline 0 -17"><span class='ocrx_word' id='word_1_651' title='bbox 1822 4030 2191 4088; x_wconf 81' lang='lat' dir='ltr'><strong>inscrutabilia</strong></span> <span class='ocrx_word' id='word_1_652' title='bbox 2223 4038 2349 4086; x_wconf 84' lang='lat' dir='ltr'><strong>sunt</strong></span> <span class='ocrx_word' id='word_1_653' title='bbox 2386 4031 2591 4101; x_wconf 81' lang='lat' dir='ltr'><strong>judicia</strong></span> <span class='ocrx_word' id='word_1_654' title='bbox 2628 4030 2774 4101; x_wconf 82' lang='lat' dir='ltr'><strong>ejus,</strong></span> <span class='ocrx_word' id='word_1_655' title='bbox 2814 4041 2862 4085; x_wconf 82' lang='lat' dir='ltr'><strong>et</strong></span> <span class='ocrx_word' id='word_1_656' title='bbox 2895 4032 3396 4105; x_wconf 78' lang='lat' dir='ltr'><strong>impcrvestigabitcs</strong></span> 
     </span>
    </p>
   </div>
   <div class='ocr_carea' id='block_1_87' title="bbox 1825 4120 3400 4194">
    <p class='ocr_par' dir='ltr' id='par_1_87' title="bbox 1825 4120 3400 4194">
     <span class='ocr_line' id='line_1_87' title="bbox 1825 4120 3400 4194; baseline -0.001 -16"><span class='ocrx_word' id='word_1_657' title='bbox 1825 4125 1922 4178; x_wconf 69' lang='lat' dir='ltr'><strong>vita</strong></span> <span class='ocrx_word' id='word_1_658' title='bbox 1948 4123 2111 4194; x_wconf 83' lang='lat' dir='ltr'><strong>ipsius</strong></span> <span class='ocrx_word' id='word_1_659' title='bbox 2131 4123 2151 4175; x_wconf 90' lang='lat'><strong>.&#39;</strong></span> <span class='ocrx_word' id='word_1_660' title='bbox 2179 4120 2305 4188; x_wconf 83' lang='lat' dir='ltr'><strong>Quis</strong></span> <span class='ocrx_word' id='word_1_661' title='bbox 2325 4122 2464 4177; x_wconf 85' lang='lat' dir='ltr'><strong>enim</strong></span> <span class='ocrx_word' id='word_1_662' title='bbox 2494 4123 2732 4193; x_wconf 81' lang='lat' dir='ltr'><strong>cognovit</strong></span> <span class='ocrx_word' id='word_1_663' title='bbox 2755 4131 2977 4176; x_wconf 84' lang='lat' dir='ltr'><strong>mentem</strong></span> <span class='ocrx_word' id='word_1_664' title='bbox 3011 4123 3266 4178; x_wconf 82' lang='lat' dir='ltr'><strong>Domini?</strong></span> <span class='ocrx_word' id='word_1_665' title='bbox 3292 4124 3400 4179; x_wconf 79' lang='lat' dir='ltr'><strong>Aut</strong></span> 
     </span>
    </p>
   </div>
   <div class='ocr_carea' id='block_1_88' title="bbox 1825 4212 3397 4286">
    <p class='ocr_par' dir='ltr' id='par_1_88' title="bbox 1825 4212 3397 4286">
     <span class='ocr_line' id='line_1_88' title="bbox 1825 4212 3397 4286; baseline 0.002 -19"><span class='ocrx_word' id='word_1_666' title='bbox 1825 4215 1942 4286; x_wconf 83' lang='lat' dir='ltr'><strong>quis</strong></span> <span class='ocrx_word' id='word_1_667' title='bbox 1970 4214 2304 4269; x_wconf 85' lang='lat' dir='ltr'><strong>consiliarius</strong></span> <span class='ocrx_word' id='word_1_668' title='bbox 2341 4213 2424 4268; x_wconf 81' lang='lat' dir='ltr'><strong>illi</strong></span> <span class='ocrx_word' id='word_1_669' title='bbox 2453 4214 2551 4284; x_wconf 81' lang='lat' dir='ltr'><strong>{uit</strong></span> <span class='ocrx_word' id='word_1_670' title='bbox 2573 4214 2597 4267; x_wconf 85' lang='lat'><strong><em>?</em></strong></span> <span class='ocrx_word' id='word_1_671' title='bbox 2620 4212 2724 4269; x_wconf 78' lang='lat' dir='ltr'><strong>Aut</strong></span> <span class='ocrx_word' id='word_1_672' title='bbox 2749 4214 2863 4285; x_wconf 85' lang='lat' dir='ltr'><strong>quis</strong></span> <span class='ocrx_word' id='word_1_673' title='bbox 2897 4215 3045 4285; x_wconf 87' lang='lat' dir='ltr'><strong>prior</strong></span> <span class='ocrx_word' id='word_1_674' title='bbox 3072 4214 3213 4270; x_wconf 83' lang='lat' dir='ltr'><strong>dedit</strong></span> <span class='ocrx_word' id='word_1_675' title='bbox 3245 4216 3314 4282; x_wconf 85' lang='lat' dir='ltr'><strong>ei,</strong></span> <span class='ocrx_word' id='word_1_676' title='bbox 3347 4223 3397 4270; x_wconf 84' lang='lat' dir='ltr'><strong>et</strong></span> 
     </span>
    </p>
   </div>
   <div class='ocr_carea' id='block_1_89' title="bbox 1826 4303 3399 4376">
    <p class='ocr_par' dir='ltr' id='par_1_89' title="bbox 1826 4303 3399 4376">
     <span class='ocr_line' id='line_1_89' title="bbox 1826 4303 3399 4376; baseline 0.001 -18"><span class='ocrx_word' id='word_1_677' title='bbox 1826 4304 2071 4358; x_wconf 85' lang='lat' dir='ltr'><strong>reddetur</strong></span> <span class='ocrx_word' id='word_1_678' title='bbox 2103 4304 2244 4376; x_wconf 84' lang='lat' dir='ltr'><strong>ipsi?</strong></span> <span class='ocrx_word' id='word_1_679' title='bbox 2287 4303 2552 4370; x_wconf 86' lang='lat' dir='ltr'><strong>Quoniam</strong></span> <span class='ocrx_word' id='word_1_680' title='bbox 2582 4319 2646 4357; x_wconf 78' lang='lat' dir='ltr'><strong>ex</strong></span> <span class='ocrx_word' id='word_1_681' title='bbox 2682 4303 2793 4372; x_wconf 83' lang='lat' dir='ltr'><strong>ipso</strong></span> <span class='ocrx_word' id='word_1_682' title='bbox 2830 4311 2878 4357; x_wconf 91' lang='lat' dir='ltr'><strong>et</strong></span> <span class='ocrx_word' id='word_1_683' title='bbox 2907 4320 3000 4374; x_wconf 86' lang='lat' dir='ltr'><strong>per</strong></span> <span class='ocrx_word' id='word_1_684' title='bbox 3041 4304 3213 4374; x_wconf 88' lang='lat' dir='ltr'><strong>ipsum</strong></span> <span class='ocrx_word' id='word_1_685' title='bbox 3257 4313 3303 4359; x_wconf 86' lang='lat' dir='ltr'><strong>et</strong></span> <span class='ocrx_word' id='word_1_686' title='bbox 3341 4305 3399 4359; x_wconf 81' lang='lat' dir='ltr'><strong>iu</strong></span> 
     </span>
    </p>
   </div>
   <div class='ocr_carea' id='block_1_90' title="bbox 1823 4397 3253 4473">
    <p class='ocr_par' dir='ltr' id='par_1_90' title="bbox 1823 4397 3253 4473">
     <span class='ocr_line' id='line_1_90' title="bbox 1823 4397 3253 4473; baseline -0.001 -20"><span class='ocrx_word' id='word_1_687' title='bbox 1823 4401 1998 4473; x_wconf 86' lang='lat' dir='ltr'><strong>ipsum</strong></span> <span class='ocrx_word' id='word_1_688' title='bbox 2023 4408 2147 4455; x_wconf 85' lang='lat' dir='ltr'><strong>sunt</strong></span> <span class='ocrx_word' id='word_1_689' title='bbox 2177 4400 2377 4455; x_wconf 86' lang='lat' dir='ltr'><strong>omnia.</strong></span> <span class='ocrx_word' id='word_1_690' title='bbox 2398 4398 2510 4471; x_wconf 84' lang='lat' dir='ltr'><strong>Ipsi</strong></span> <span class='ocrx_word' id='word_1_691' title='bbox 2547 4398 2723 4471; x_wconf 80' lang='lat' dir='ltr'><strong>gloria</strong></span> <span class='ocrx_word' id='word_1_692' title='bbox 2748 4399 2804 4453; x_wconf 83' lang='lat' dir='ltr'><strong>in</strong></span> <span class='ocrx_word' id='word_1_693' title='bbox 2823 4397 3040 4453; x_wconf 79' lang='lat' dir='ltr'><strong>sa&#39;cula.</strong></span> <span class='ocrx_word' id='word_1_694' title='bbox 3065 4398 3253 4454; x_wconf 80' lang='lat' dir='ltr'><strong>Amen.</strong></span> 
     </span>
    </p>
   </div>
   <div class='ocr_carea' id='block_1_91' title="bbox 1905 4616 3491 4681">
    <p class='ocr_par' dir='ltr' id='par_1_91' title="bbox 1905 4616 3491 4681">
     <span class='ocr_line' id='line_1_91' title="bbox 1905 4616 3491 4681; baseline 0.003 -10"><span class='ocrx_word' id='word_1_695' title='bbox 1905 4638 1924 4671; x_wconf 83' lang='grc' dir='ltr'><strong>ε</strong></span> <span class='ocrx_word' id='word_1_696' title='bbox 1960 4616 2250 4674; x_wconf 87' lang='lat' dir='ltr'><strong>Conclusit</strong></span> <span class='ocrx_word' id='word_1_697' title='bbox 2280 4630 2474 4672; x_wconf 91' lang='lat' dir='ltr'><strong>omnes</strong></span> <span class='ocrx_word' id='word_1_698' title='bbox 2505 4616 2561 4671; x_wconf 84' lang='lat' dir='ltr'><strong>in</strong></span> <span class='ocrx_word' id='word_1_699' title='bbox 2587 4617 3050 4673; x_wconf 85' lang='lat' dir='ltr'><strong>incredulitatem.</strong></span> <span class='ocrx_word' id='word_1_700' title='bbox 3095 4636 3114 4671; x_wconf 72' lang='grc' dir='ltr'><strong>ι</strong></span> <span class='ocrx_word' id='word_1_701' title='bbox 3156 4617 3270 4674; x_wconf 81' lang='lat' dir='ltr'><strong>Hoc</strong></span> <span class='ocrx_word' id='word_1_702' title='bbox 3290 4629 3395 4681; x_wconf 85' lang='lat' dir='ltr'><strong>est.</strong></span> <span class='ocrx_word' id='word_1_703' title='bbox 3486 4618 3491 4633; x_wconf 76' lang='lat'><strong>‘</strong></span> 
     </span>
    </p>
   </div>
   <div class='ocr_carea' id='block_1_92' title="bbox 1826 4708 3400 4767">
    <p class='ocr_par' dir='ltr' id='par_1_92' title="bbox 1826 4708 3400 4767">
     <span class='ocr_line' id='line_1_92' title="bbox 1826 4708 3400 4767; baseline 0.001 -1"><span class='ocrx_word' id='word_1_704' title='bbox 1826 4710 2068 4766; x_wconf 86' lang='lat' dir='ltr'><strong>convicit</strong></span> <span class='ocrx_word' id='word_1_705' title='bbox 2094 4708 2522 4765; x_wconf 85' lang='lat' dir='ltr'><strong>incredulitatis.</strong></span> <span class='ocrx_word' id='word_1_706' title='bbox 2572 4708 2694 4764; x_wconf 80' lang='lat' dir='ltr'><strong>Atio</strong></span> <span class='ocrx_word' id='word_1_707' title='bbox 2742 4712 2868 4764; x_wconf 82' lang='lat' dir='ltr'><strong>item</strong></span> <span class='ocrx_word' id='word_1_708' title='bbox 2905 4710 3080 4764; x_wconf 78' lang='lat' dir='ltr'><strong>modo.</strong></span> <span class='ocrx_word' id='word_1_709' title='bbox 3125 4709 3400 4767; x_wconf 80' lang='lat' dir='ltr'><strong>Particula</strong></span> 
     </span>
    </p>
   </div>
   <div class='ocr_carea' id='block_1_93' title="bbox 1826 4799 3397 4866">
    <p class='ocr_par' dir='ltr' id='par_1_93' title="bbox 1826 4799 3397 4866">
     <span class='ocr_line' id='line_1_93' title="bbox 1826 4799 3397 4866; baseline 0.001 -10"><span class='ocrx_word' id='word_1_710' title='bbox 1826 4801 1944 4858; x_wconf 67' lang='lat' dir='ltr'><strong>haec</strong></span> <span class='ocrx_word' id='word_1_711' title='bbox 1968 4820 1987 4853; x_wconf 82' lang='grc' dir='ltr'><strong>ι</strong></span> <span class='ocrx_word' id='word_1_712' title='bbox 2006 4799 2452 4856; x_wconf 88' lang='lat' dir='ltr'><strong>ConclusitDeus</strong></span> <span class='ocrx_word' id='word_1_713' title='bbox 2468 4815 2662 4855; x_wconf 91' lang='lat' dir='ltr'><strong>omnes</strong></span> <span class='ocrx_word' id='word_1_714' title='bbox 2680 4803 2733 4854; x_wconf 90' lang='lat' dir='ltr'><strong>in</strong></span> <span class='ocrx_word' id='word_1_715' title='bbox 2751 4800 3217 4866; x_wconf 84' lang='lat' dir='ltr'><strong>incredulitatem,</strong></span> <span class='ocrx_word' id='word_1_716' title='bbox 3247 4819 3264 4853; x_wconf 74' lang='grc' dir='ltr'><strong>ι</strong></span> <span class='ocrx_word' id='word_1_717' title='bbox 3282 4801 3397 4857; x_wconf 89' lang='lat' dir='ltr'><strong>duo</strong></span> 
     </span>
    </p>
   </div>
   <div class='ocr_carea' id='block_1_94' title="bbox 1824 4890 3399 4963">
    <p class='ocr_par' dir='ltr' id='par_1_94' title="bbox 1824 4890 3399 4963">
     <span class='ocr_line' id='line_1_94' title="bbox 1824 4890 3399 4963; baseline 0.003 -16"><span class='ocrx_word' id='word_1_718' title='bbox 1824 4890 2134 4963; x_wconf 87' lang='lat' dir='ltr'><strong>signiﬁcare</strong></span> <span class='ocrx_word' id='word_1_719' title='bbox 2169 4901 2387 4962; x_wconf 89' lang='lat' dir='ltr'><strong>potest:</strong></span> <span class='ocrx_word' id='word_1_720' title='bbox 2414 4891 2498 4946; x_wconf 88' lang='lat' dir='ltr'><strong>vel</strong></span> <span class='ocrx_word' id='word_1_721' title='bbox 2522 4891 2668 4961; x_wconf 91' lang='lat' dir='ltr'><strong>quod</strong></span> <span class='ocrx_word' id='word_1_722' title='bbox 2696 4890 3010 4946; x_wconf 89' lang='lat' dir='ltr'><strong>incredulos</strong></span> <span class='ocrx_word' id='word_1_723' title='bbox 3040 4892 3188 4959; x_wconf 81' lang='lat' dir='ltr'><strong>fecit,</strong></span> <span class='ocrx_word' id='word_1_724' title='bbox 3211 4904 3267 4951; x_wconf 91' lang='lat' dir='ltr'><strong>et</strong></span> <span class='ocrx_word' id='word_1_725' title='bbox 3293 4896 3399 4951; x_wconf 89' lang='lat' dir='ltr'><strong>hoc</strong></span> 
     </span>
    </p>
   </div>
   <div class='ocr_carea' id='block_1_95' title="bbox 1824 4980 3400 5050">
    <p class='ocr_par' dir='ltr' id='par_1_95' title="bbox 1824 4980 3400 5050">
     <span class='ocr_line' id='line_1_95' title="bbox 1824 4980 3400 5050; baseline 0.003 -13"><span class='ocrx_word' id='word_1_726' title='bbox 1824 4982 2008 5037; x_wconf 91' lang='lat' dir='ltr'><strong>locum</strong></span> <span class='ocrx_word' id='word_1_727' title='bbox 2054 4997 2165 5036; x_wconf 91' lang='lat' dir='ltr'><strong>non</strong></span> <span class='ocrx_word' id='word_1_728' title='bbox 2196 4982 2390 5046; x_wconf 85' lang='lat' dir='ltr'><strong>habet;</strong></span> <span class='ocrx_word' id='word_1_729' title='bbox 2418 4982 2503 5034; x_wconf 87' lang='lat' dir='ltr'><strong>vel</strong></span> <span class='ocrx_word' id='word_1_730' title='bbox 2536 4980 3027 5050; x_wconf 76' lang='lat' dir='ltr'><strong>quod~incredulos</strong></span> <span class='ocrx_word' id='word_1_731' title='bbox 3053 4982 3400 5041; x_wconf 81' lang='lat' dir='ltr'><strong>demonstra-</strong></span> 
     </span>
    </p>
   </div>
   <div class='ocr_carea' id='block_1_96' title="bbox 1824 5071 3400 5147">
    <p class='ocr_par' dir='ltr' id='par_1_96' title="bbox 1824 5071 3400 5147">
     <span class='ocr_line' id='line_1_96' title="bbox 1824 5071 3400 5147; baseline 0.006 -23"><span class='ocrx_word' id='word_1_732' title='bbox 1824 5072 1924 5138; x_wconf 91' lang='lat' dir='ltr'><strong>vit,</strong></span> <span class='ocrx_word' id='word_1_733' title='bbox 1957 5083 2014 5126; x_wconf 86' lang='lat' dir='ltr'><strong>et</strong></span> <span class='ocrx_word' id='word_1_734' title='bbox 2044 5071 2152 5126; x_wconf 91' lang='lat' dir='ltr'><strong>hoc</strong></span> <span class='ocrx_word' id='word_1_735' title='bbox 2182 5072 2346 5125; x_wconf 89' lang='lat' dir='ltr'><strong>etiam</strong></span> <span class='ocrx_word' id='word_1_736' title='bbox 2374 5085 2565 5124; x_wconf 73' lang='lat' dir='ltr'><strong>verum</strong></span> <span class='ocrx_word' id='word_1_737' title='bbox 2592 5078 2695 5126; x_wconf 88' lang='lat' dir='ltr'><strong>est.</strong></span> <span class='ocrx_word' id='word_1_738' title='bbox 2729 5072 2864 5125; x_wconf 74' lang='lat' dir='ltr'><strong>Nam</strong></span> <span class='ocrx_word' id='word_1_739' title='bbox 2892 5088 2992 5142; x_wconf 90' lang='lat' dir='ltr'><strong>per</strong></span> <span class='ocrx_word' id='word_1_740' title='bbox 3011 5080 3240 5131; x_wconf 88' lang='lat' dir='ltr'><strong>multam</strong></span> <span class='ocrx_word' id='word_1_741' title='bbox 3266 5095 3400 5147; x_wconf 81' lang='lat' dir='ltr'><strong>pro-</strong></span> 
     </span>
    </p>
   </div>
   <div class='ocr_carea' id='block_1_97' title="bbox 170 5153 1716 5241">
    <p class='ocr_par' dir='ltr' id='par_1_97' title="bbox 170 5153 1707 5234">
     <span class='ocr_line' id='line_1_97' title="bbox 170 5153 1707 5234; baseline 0.01 -30"><span class='ocrx_word' id='word_1_742' title='bbox 170 5153 478 5224; x_wconf 79' lang='grc' dir='ltr'>εὐεργεσίας,</span> <span class='ocrx_word' id='word_1_743' title='bbox 511 5161 577 5232; x_wconf 75' lang='grc' dir='ltr'>ἠν</span> <span class='ocrx_word' id='word_1_744' title='bbox 613 5162 901 5226; x_wconf 73' lang='grc' dir='ltr'>διαπαντὸς</span> <span class='ocrx_word' id='word_1_745' title='bbox 928 5166 1005 5226; x_wconf 86' lang='grc' dir='ltr'><strong>είς</strong></span> <span class='ocrx_word' id='word_1_746' title='bbox 1036 5164 1351 5234; x_wconf 78' lang='grc' dir='ltr'>ἀνθρώπους</span> <span class='ocrx_word' id='word_1_747' title='bbox 1376 5166 1707 5232; x_wconf 83' lang='grc' dir='ltr'>ἐπεδείξατο,</span> 
     </span>
    </p>
   </div>
   <div class='ocr_carea' id='block_1_98' title="bbox 1820 5153 3399 5241">
    <p class='ocr_par' dir='ltr' id='par_1_98' title="bbox 1820 5158 3399 5240">
     <span class='ocr_line' id='line_1_98' title="bbox 1820 5158 3399 5240; baseline 0.005 -23"><span class='ocrx_word' id='word_1_748' title='bbox 1820 5161 2116 5217; x_wconf 82' lang='lat' dir='ltr'><strong>videntiam</strong></span> <span class='ocrx_word' id='word_1_749' title='bbox 2141 5176 2206 5217; x_wconf 89' lang='lat' dir='ltr'><strong>ac</strong></span> <span class='ocrx_word' id='word_1_750' title='bbox 2224 5160 2663 5226; x_wconf 82' lang='lat' dir='ltr'><strong>beneﬁcentiam,</strong></span> <span class='ocrx_word' id='word_1_751' title='bbox 2698 5177 2861 5232; x_wconf 87' lang='lat' dir='ltr'><strong>quam</strong></span> <span class='ocrx_word' id='word_1_752' title='bbox 2897 5177 3115 5237; x_wconf 87' lang='lat' dir='ltr'><strong>semper</strong></span> <span class='ocrx_word' id='word_1_753' title='bbox 3137 5158 3265 5240; x_wconf 86' lang='lat' dir='ltr'><strong>erga</strong></span> <span class='ocrx_word' id='word_1_754' title='bbox 3293 5169 3366 5225; x_wconf 89' lang='lat' dir='ltr'><strong>ho</strong></span> <span class='ocrx_word' id='word_1_755' title='bbox 3385 5202 3399 5213; x_wconf 85' lang='lat'><strong>-</strong></span> 
     </span>
    </p>
   </div>
   <div class='ocr_carea' id='block_1_99' title="bbox 176 5245 1709 5328">
    <p class='ocr_par' dir='ltr' id='par_1_99' title="bbox 176 5245 1709 5328">
     <span class='ocr_line' id='line_1_99' title="bbox 176 5245 1709 5328; baseline 0.008 -30"><span class='ocrx_word' id='word_1_756' title='bbox 176 5245 349 5312; x_wconf 77' lang='grc' dir='ltr'>μᾶλλον</span> <span class='ocrx_word' id='word_1_757' title='bbox 371 5251 546 5306; x_wconf 76' lang='grc' dir='ltr'>αὐτῶν</span> <span class='ocrx_word' id='word_1_758' title='bbox 566 5254 666 5321; x_wconf 70' lang='grc' dir='ltr'>τὴν</span> <span class='ocrx_word' id='word_1_759' title='bbox 682 5254 967 5307; x_wconf 78' lang='grc' dir='ltr'>ἀπείθειαν</span> <span class='ocrx_word' id='word_1_760' title='bbox 993 5255 1087 5308; x_wconf 72' lang='grc' dir='ltr'>καὶ</span> <span class='ocrx_word' id='word_1_761' title='bbox 1109 5255 1522 5328; x_wconf 83' lang='grc' dir='ltr'>ἀγνωμοσύνην,</span> <span class='ocrx_word' id='word_1_762' title='bbox 1551 5259 1709 5327; x_wconf 78' lang='grc' dir='ltr'>ἐστη·</span> 
     </span>
    </p>
   </div>
   <div class='ocr_carea' id='block_1_100' title="bbox 1815 5253 3389 5320">
    <p class='ocr_par' dir='ltr' id='par_1_100' title="bbox 1815 5253 3389 5320">
     <span class='ocr_line' id='line_1_100' title="bbox 1815 5253 3389 5320; baseline 0.005 -11"><span class='ocrx_word' id='word_1_763' title='bbox 1815 5254 1992 5309; x_wconf 86' lang='lat' dir='ltr'><strong>mines</strong></span> <span class='ocrx_word' id='word_1_764' title='bbox 2049 5253 2485 5320; x_wconf 89' lang='lat' dir='ltr'><strong>demonstravit,</strong></span> <span class='ocrx_word' id='word_1_765' title='bbox 2543 5255 2764 5310; x_wconf 90' lang='lat' dir='ltr'><strong>illorum</strong></span> <span class='ocrx_word' id='word_1_766' title='bbox 2829 5257 3275 5316; x_wconf 84' lang='lat' dir='ltr'><strong>incredulitatem</strong></span> <span class='ocrx_word' id='word_1_767' title='bbox 3325 5279 3389 5318; x_wconf 83' lang='lat' dir='ltr'><strong>ac</strong></span> 
     </span>
    </p>
   </div>
   <div class='ocr_carea' id='block_1_101' title="bbox 172 5333 1716 5419">
    <p class='ocr_par' dir='ltr' id='par_1_101' title="bbox 172 5333 1711 5417">
     <span class='ocr_line' id='line_1_101' title="bbox 172 5333 1711 5417; baseline 0.011 -32"><span class='ocrx_word' id='word_1_768' title='bbox 172 5333 359 5392; x_wconf 77' lang='grc' dir='ltr'>ὶίτευοέ</span> <span class='ocrx_word' id='word_1_769' title='bbox 388 5358 444 5393; x_wconf 91' lang='grc' dir='ltr'><strong>τε</strong></span> <span class='ocrx_word' id='word_1_770' title='bbox 488 5344 583 5395; x_wconf 74' lang='grc' dir='ltr'><strong>καὶ</strong></span> <span class='ocrx_word' id='word_1_771' title='bbox 616 5342 1000 5414; x_wconf 73' lang='grc' dir='ltr'>ἐθριάμϐευσε.</span> <span class='ocrx_word' id='word_1_772' title='bbox 1031 5345 1199 5415; x_wconf 82' lang='grc' dir='ltr'>Δῆλον</span> <span class='ocrx_word' id='word_1_773' title='bbox 1226 5345 1283 5398; x_wconf 81' lang='grc' dir='ltr'><strong>δέ</strong></span> <span class='ocrx_word' id='word_1_774' title='bbox 1336 5348 1417 5400; x_wconf 82' lang='grc' dir='ltr'>ὅτι</span> <span class='ocrx_word' id='word_1_775' title='bbox 1460 5347 1577 5401; x_wconf 61' lang='grc' dir='ltr'>τῶν)</span> <span class='ocrx_word' id='word_1_776' title='bbox 1635 5347 1711 5417; x_wconf 80' lang='grc' dir='ltr'>μὴ</span> 
     </span>
    </p>
   </div>
   <div class='ocr_carea' id='block_1_102' title="bbox 1820 5333 3391 5419">
    <p class='ocr_par' dir='ltr' id='par_1_102' title="bbox 1820 5345 3391 5419">
     <span class='ocr_line' id='line_1_102' title="bbox 1820 5345 3391 5419; baseline 0.003 -19"><span class='ocrx_word' id='word_1_777' title='bbox 1820 5345 2106 5417; x_wconf 88' lang='lat' dir='ltr'><strong>perﬁdiam</strong></span> <span class='ocrx_word' id='word_1_778' title='bbox 2139 5346 2311 5415; x_wconf 86' lang='lat' dir='ltr'><strong>magis</strong></span> <span class='ocrx_word' id='word_1_779' title='bbox 2341 5345 2552 5401; x_wconf 87' lang='lat' dir='ltr'><strong>notavit</strong></span> <span class='ocrx_word' id='word_1_780' title='bbox 2576 5360 2640 5401; x_wconf 86' lang='lat' dir='ltr'><strong>ac</strong></span> <span class='ocrx_word' id='word_1_781' title='bbox 2680 5347 3008 5419; x_wconf 81' lang='lat' dir='ltr'><strong>divulgavit.</strong></span> <span class='ocrx_word' id='word_1_782' title='bbox 3039 5349 3391 5405; x_wconf 81' lang='lat' dir='ltr'><strong>Manifestum</strong></span> 
     </span>
    </p>
   </div>
   <div class='ocr_carea' id='block_1_103' title="bbox 174 5432 1716 5511">
    <p class='ocr_par' dir='ltr' id='par_1_103' title="bbox 174 5432 1716 5503">
     <span class='ocr_line' id='line_1_103' title="bbox 174 5432 1716 5503; baseline 0.009 -27"><span class='ocrx_word' id='word_1_783' title='bbox 174 5432 586 5486; x_wconf 79' lang='grc' dir='ltr'>πεπιστευκότων</span> <span class='ocrx_word' id='word_1_784' title='bbox 619 5435 700 5498; x_wconf 87' lang='grc' dir='ltr'><strong>εἱς</strong></span> <span class='ocrx_word' id='word_1_785' title='bbox 731 5436 916 5502; x_wconf 77' lang='grc' dir='ltr'>αὐτὸν,</span> <span class='ocrx_word' id='word_1_786' title='bbox 951 5436 1061 5489; x_wconf 73' lang='grc' dir='ltr'>εἴτε</span> <span class='ocrx_word' id='word_1_787' title='bbox 1106 5437 1165 5503; x_wconf 77' lang='grc' dir='ltr'>ἐξ</span> <span class='ocrx_word' id='word_1_788' title='bbox 1186 5437 1475 5502; x_wconf 81' lang='grc' dir='ltr'>Ἰουδαίων,</span> <span class='ocrx_word' id='word_1_789' title='bbox 1513 5440 1621 5492; x_wconf 88' lang='grc' dir='ltr'>εῐτε</span> <span class='ocrx_word' id='word_1_790' title='bbox 1656 5440 1716 5503; x_wconf 73' lang='grc' dir='ltr'>ἐξ</span> 
     </span>
    </p>
   </div>
   <div class='ocr_carea' id='block_1_104' title="bbox 1820 5432 3389 5511">
    <p class='ocr_par' dir='ltr' id='par_1_104' title="bbox 1820 5438 3389 5511">
     <span class='ocr_line' id='line_1_104' title="bbox 1820 5438 3389 5511; baseline 0.004 -18"><span class='ocrx_word' id='word_1_791' title='bbox 1820 5446 1903 5493; x_wconf 85' lang='lat' dir='ltr'><strong>est</strong></span> <span class='ocrx_word' id='word_1_792' title='bbox 1951 5447 2135 5493; x_wconf 85' lang='lat' dir='ltr'><strong>autem</strong></span> <span class='ocrx_word' id='word_1_793' title='bbox 2190 5438 2337 5507; x_wconf 89' lang='lat' dir='ltr'><strong>quod</strong></span> <span class='ocrx_word' id='word_1_794' title='bbox 2386 5439 2545 5493; x_wconf 88' lang='lat' dir='ltr'><strong>multi</strong></span> <span class='ocrx_word' id='word_1_795' title='bbox 2591 5455 2701 5495; x_wconf 92' lang='lat' dir='ltr'><strong>non</strong></span> <span class='ocrx_word' id='word_1_796' title='bbox 2751 5444 3107 5499; x_wconf 87' lang='lat' dir='ltr'><strong>crediderunt</strong></span> <span class='ocrx_word' id='word_1_797' title='bbox 3156 5445 3212 5499; x_wconf 93' lang='lat' dir='ltr'><strong>in</strong></span> <span class='ocrx_word' id='word_1_798' title='bbox 3241 5462 3389 5511; x_wconf 90' lang='lat' dir='ltr'><strong>cum,</strong></span> 
     </span>
    </p>
   </div>
   <div class='ocr_carea' id='block_1_105' title="bbox 178 5516 1770 5600">
    <p class='ocr_par' dir='ltr' id='par_1_105' title="bbox 178 5516 1770 5600">
     <span class='ocr_line' id='line_1_105' title="bbox 178 5516 1770 5600; baseline 0.008 -28"><span class='ocrx_word' id='word_1_799' title='bbox 178 5516 323 5572; x_wconf 71' lang='grc' dir='ltr'>ἐθνῶν</span> <span class='ocrx_word' id='word_1_800' title='bbox 345 5517 468 5577; x_wconf 73' lang='grc' dir='ltr'>εἷεν.</span> <span class='ocrx_word' id='word_1_801' title='bbox 514 5525 603 5577; x_wconf 77' lang='grc' dir='ltr'>Διδ</span> <span class='ocrx_word' id='word_1_802' title='bbox 647 5526 740 5579; x_wconf 68' lang='grc' dir='ltr'>καὶ</span> <span class='ocrx_word' id='word_1_803' title='bbox 774 5529 852 5590; x_wconf 72' lang='grc' dir='ltr'>τὸ,</span> <span class='ocrx_word' id='word_1_804' title='bbox 895 5544 914 5578; x_wconf 80' lang='grc' dir='ltr'><strong>ι</strong></span> <span class='ocrx_word' id='word_1_805' title='bbox 964 5528 1191 5591; x_wconf 79' lang='grc' dir='ltr'>πάντας,</span> <span class='ocrx_word' id='word_1_806' title='bbox 1229 5547 1246 5580; x_wconf 75' lang='grc' dir='ltr'><strong>ι</strong></span> <span class='ocrx_word' id='word_1_807' title='bbox 1287 5530 1440 5600; x_wconf 77' lang='grc' dir='ltr'>φησὶ.</span> <span class='ocrx_word' id='word_1_808' title='bbox 1495 5531 1623 5593; x_wconf 72' lang='grc' dir='ltr'>τοὺς</span> <span class='ocrx_word' id='word_1_809' title='bbox 1652 5532 1719 5584; x_wconf 68' lang='grc' dir='ltr'><strong>ἐκ</strong></span> <span class='ocrx_word' id='word_1_810' title='bbox 1766 5520 1770 5525; x_wconf 53' lang='grc'><em>’</em></span> 
     </span>
    </p>
   </div>
   <div class='ocr_carea' id='block_1_106' title="bbox 176 5607 1717 5691">
    <p class='ocr_par' dir='ltr' id='par_1_106' title="bbox 176 5607 1717 5691">
     <span class='ocr_line' id='line_1_106' title="bbox 176 5607 1717 5691; baseline 0.011 -33"><span class='ocrx_word' id='word_1_811' title='bbox 176 5607 268 5661; x_wconf 80' lang='grc' dir='ltr'><strong>τῶν</strong></span> <span class='ocrx_word' id='word_1_812' title='bbox 288 5611 373 5666; x_wconf 88' lang='grc' dir='ltr'><strong>δύο</strong></span> <span class='ocrx_word' id='word_1_813' title='bbox 394 5613 537 5668; x_wconf 86' lang='grc' dir='ltr'>λαῶν</span> <span class='ocrx_word' id='word_1_814' title='bbox 568 5615 980 5687; x_wconf 79' lang='grc' dir='ltr'>ἀπιστήσαντας</span> <span class='ocrx_word' id='word_1_815' title='bbox 1026 5618 1465 5691; x_wconf 72' lang='grc' dir='ltr'>περιλαμϐάνων.</span> <span class='ocrx_word' id='word_1_816' title='bbox 1508 5621 1630 5684; x_wconf 86' lang='grc' dir='ltr'>Πῶς</span> <span class='ocrx_word' id='word_1_817' title='bbox 1659 5621 1717 5674; x_wconf 86' lang='grc' dir='ltr'><strong>δέ</strong></span> 
     </span>
    </p>
   </div>
   <div class='ocr_carea' id='block_1_107' title="bbox 181 5702 1715 5776">
    <p class='ocr_par' dir='ltr' id='par_1_107' title="bbox 181 5702 1715 5776">
     <span class='ocr_line' id='line_1_107' title="bbox 181 5702 1715 5776; baseline 0.012 -27"><span class='ocrx_word' id='word_1_818' title='bbox 181 5702 492 5760; x_wconf 78' lang='grc' dir='ltr'>συνέκλεισεν</span> <span class='ocrx_word' id='word_1_819' title='bbox 518 5706 548 5760; x_wconf 81' lang='grc' dir='ltr'><strong>δ</strong></span> <span class='ocrx_word' id='word_1_820' title='bbox 574 5704 707 5771; x_wconf 82' lang='grc' dir='ltr'>Θεδς</span> <span class='ocrx_word' id='word_1_821' title='bbox 752 5708 879 5772; x_wconf 76' lang='grc' dir='ltr'>τοὺς</span> <span class='ocrx_word' id='word_1_822' title='bbox 909 5710 1119 5774; x_wconf 78' lang='grc' dir='ltr'>πάντας</span> <span class='ocrx_word' id='word_1_823' title='bbox 1146 5712 1226 5775; x_wconf 82' lang='grc' dir='ltr'><strong>είς</strong></span> <span class='ocrx_word' id='word_1_824' title='bbox 1261 5712 1575 5776; x_wconf 59' lang='lat' dir='ltr'><strong>emtam»;</strong></span> <span class='ocrx_word' id='word_1_825' title='bbox 1610 5712 1715 5766; x_wconf 76' lang='grc' dir='ltr'><strong>Εὑ-</strong></span> 
     </span>
    </p>
   </div>
   <div class='ocr_carea' id='block_1_108' title="bbox 174 5788 1715 5876">
    <p class='ocr_par' dir='ltr' id='par_1_108' title="bbox 174 5788 1715 5876">
     <span class='ocr_line' id='line_1_108' title="bbox 174 5788 1715 5876; baseline 0.008 -29"><span class='ocrx_word' id='word_1_826' title='bbox 174 5796 388 5862; x_wconf 75' lang='grc' dir='ltr'>ιργετῶν</span> <span class='ocrx_word' id='word_1_827' title='bbox 426 5800 516 5854; x_wconf 75' lang='grc' dir='ltr'>καὶ</span> <span class='ocrx_word' id='word_1_828' title='bbox 545 5801 938 5873; x_wconf 81' lang='grc' dir='ltr'>προνοούμενος</span> <span class='ocrx_word' id='word_1_829' title='bbox 990 5805 1083 5859; x_wconf 65' lang='lat' dir='ltr'><strong>zeal.</strong></span> <span class='ocrx_word' id='word_1_830' title='bbox 1128 5805 1431 5876; x_wconf 78' lang='grc' dir='ltr'>οἰκτείρων.</span> <span class='ocrx_word' id='word_1_831' title='bbox 1465 5807 1532 5859; x_wconf 85' lang='grc' dir='ltr'>Τί</span> <span class='ocrx_word' id='word_1_832' title='bbox 1585 5788 1715 5875; x_wconf 62' lang='grc' dir='ltr'>οὗῦς</span> 
     </span>
    </p>
   </div>
   <div class='ocr_carea' id='block_1_109' title="bbox 178 5877 1725 5970">
    <p class='ocr_par' dir='ltr' id='par_1_109' title="bbox 178 5877 1725 5970">
     <span class='ocr_line' id='line_1_109' title="bbox 178 5877 1725 5970; baseline 0.009 -30"><span class='ocrx_word' id='word_1_833' title='bbox 178 5877 426 5955; x_wconf 78' lang='grc' dir='ltr'>Ἀτειθεῖς</span> <span class='ocrx_word' id='word_1_834' title='bbox 460 5893 748 5961; x_wconf 77' lang='grc' dir='ltr'>γεγονότες</span> <span class='ocrx_word' id='word_1_835' title='bbox 766 5896 828 5947; x_wconf 75' lang='grc' dir='ltr'>οὐ</span> <span class='ocrx_word' id='word_1_836' title='bbox 861 5895 1092 5951; x_wconf 65' lang='grc' dir='ltr'>δώσουσι</span> <span class='ocrx_word' id='word_1_837' title='bbox 1126 5897 1302 5970; x_wconf 60' lang='lat' dir='ltr'><strong>um»;</strong></span> <span class='ocrx_word' id='word_1_838' title='bbox 1328 5900 1435 5955; x_wconf 68' lang='grc' dir='ltr'><strong>Καὶ</strong></span> <span class='ocrx_word' id='word_1_839' title='bbox 1465 5900 1518 5953; x_wconf 83' lang='grc' dir='ltr'><strong>τί</strong></span> <span class='ocrx_word' id='word_1_840' title='bbox 1564 5900 1725 5955; x_wconf 80' lang='grc' dir='ltr'>τοῦτο</span> 
     </span>
    </p>
   </div>
   <div class='ocr_carea' id='block_1_110' title="bbox 1822 5530 3391 5606">
    <p class='ocr_par' dir='ltr' id='par_1_110' title="bbox 1822 5530 3391 5606">
     <span class='ocr_line' id='line_1_110' title="bbox 1822 5530 3391 5606; baseline 0.003 -20"><span class='ocrx_word' id='word_1_841' title='bbox 1822 5530 1940 5586; x_wconf 87' lang='lat' dir='ltr'><strong>sive</strong></span> <span class='ocrx_word' id='word_1_842' title='bbox 1977 5530 2150 5587; x_wconf 71' lang='lat' dir='ltr'><strong>Judaei</strong></span> <span class='ocrx_word' id='word_1_843' title='bbox 2173 5532 2288 5587; x_wconf 90' lang='lat' dir='ltr'><strong>sive</strong></span> <span class='ocrx_word' id='word_1_844' title='bbox 2315 5532 2547 5603; x_wconf 86' lang='lat' dir='ltr'><strong>gentiles</strong></span> <span class='ocrx_word' id='word_1_845' title='bbox 2576 5543 2762 5589; x_wconf 87' lang='lat' dir='ltr'><strong>essent</strong></span> <span class='ocrx_word' id='word_1_846' title='bbox 2787 5552 2800 5589; x_wconf 89' lang='lat'><strong>:</strong></span> <span class='ocrx_word' id='word_1_847' title='bbox 2832 5535 2958 5591; x_wconf 89' lang='lat' dir='ltr'><strong>ideo</strong></span> <span class='ocrx_word' id='word_1_848' title='bbox 2991 5552 3211 5606; x_wconf 84' lang='lat' dir='ltr'><strong>quoque</strong></span> <span class='ocrx_word' id='word_1_849' title='bbox 3235 5537 3391 5591; x_wconf 80' lang='lat' dir='ltr'><strong>dicit.</strong></span> 
     </span>
    </p>
   </div>
   <div class='ocr_carea' id='block_1_111' title="bbox 1831 5621 3394 5695">
    <p class='ocr_par' dir='ltr' id='par_1_111' title="bbox 1831 5621 3394 5695">
     <span class='ocr_line' id='line_1_111' title="bbox 1831 5621 3394 5695; baseline 0.003 -20"><span class='ocrx_word' id='word_1_850' title='bbox 1831 5643 1849 5675; x_wconf 81' lang='grc' dir='ltr'><strong>ε</strong></span> <span class='ocrx_word' id='word_1_851' title='bbox 1876 5621 2097 5690; x_wconf 89' lang='lat' dir='ltr'><strong>Omnes,</strong></span> <span class='ocrx_word' id='word_1_852' title='bbox 2128 5642 2146 5676; x_wconf 78' lang='grc' dir='ltr'><strong>ι</strong></span> <span class='ocrx_word' id='word_1_853' title='bbox 2174 5639 2271 5680; x_wconf 89' lang='lat' dir='ltr'><strong>eos</strong></span> <span class='ocrx_word' id='word_1_854' title='bbox 2300 5624 2394 5695; x_wconf 88' lang='lat' dir='ltr'><strong>qui</strong></span> <span class='ocrx_word' id='word_1_855' title='bbox 2413 5638 2482 5680; x_wconf 77' lang='lat' dir='ltr'><strong>ex</strong></span> <span class='ocrx_word' id='word_1_856' title='bbox 2500 5625 2719 5680; x_wconf 86' lang='lat' dir='ltr'><strong>duobus</strong></span> <span class='ocrx_word' id='word_1_857' title='bbox 2736 5624 3230 5695; x_wconf 85' lang='lat' dir='ltr'><strong>populisincreduli</strong></span> <span class='ocrx_word' id='word_1_858' title='bbox 3272 5625 3394 5680; x_wconf 80' lang='lat' dir='ltr'><strong>l’ue-</strong></span> 
     </span>
    </p>
   </div>
   <div class='ocr_carea' id='block_1_112' title="bbox 1825 5715 3399 5787">
    <p class='ocr_par' dir='ltr' id='par_1_112' title="bbox 1825 5715 3399 5787">
     <span class='ocr_line' id='line_1_112' title="bbox 1825 5715 3399 5787; baseline 0.002 -18"><span class='ocrx_word' id='word_1_859' title='bbox 1825 5724 1956 5769; x_wconf 90' lang='lat' dir='ltr'><strong>runt</strong></span> <span class='ocrx_word' id='word_1_860' title='bbox 1979 5716 2377 5787; x_wconf 87' lang='lat' dir='ltr'><strong>complectens.</strong></span> <span class='ocrx_word' id='word_1_861' title='bbox 2409 5717 2700 5784; x_wconf 84' lang='lat' dir='ltr'><strong>Quomodo</strong></span> <span class='ocrx_word' id='word_1_862' title='bbox 2722 5728 2905 5772; x_wconf 87' lang='lat' dir='ltr'><strong>autem</strong></span> <span class='ocrx_word' id='word_1_863' title='bbox 2944 5715 3216 5772; x_wconf 82' lang='lat' dir='ltr'><strong>conclusit</strong></span> <span class='ocrx_word' id='word_1_864' title='bbox 3252 5717 3399 5773; x_wconf 84' lang='lat' dir='ltr'><strong>Deus</strong></span> 
     </span>
    </p>
   </div>
   <div class='ocr_carea' id='block_1_113' title="bbox 1827 5808 3400 5881">
    <p class='ocr_par' dir='ltr' id='par_1_113' title="bbox 1827 5808 3400 5881">
     <span class='ocr_line' id='line_1_113' title="bbox 1827 5808 3400 5881; baseline 0.001 -20"><span class='ocrx_word' id='word_1_865' title='bbox 1827 5823 2019 5865; x_wconf 87' lang='lat' dir='ltr'><strong>omnes</strong></span> <span class='ocrx_word' id='word_1_866' title='bbox 2040 5810 2094 5863; x_wconf 92' lang='lat' dir='ltr'><strong>in</strong></span> <span class='ocrx_word' id='word_1_867' title='bbox 2116 5808 2553 5865; x_wconf 85' lang='lat' dir='ltr'><strong>incredulitatem</strong></span> <span class='ocrx_word' id='word_1_868' title='bbox 2570 5808 2894 5866; x_wconf 73' lang='lat' dir='ltr'><strong>lBeneﬁciis</strong></span> <span class='ocrx_word' id='word_1_869' title='bbox 2916 5809 3178 5874; x_wconf 83' lang='lat' dir='ltr'><strong>alliciens,</strong></span> <span class='ocrx_word' id='word_1_870' title='bbox 3207 5811 3400 5881; x_wconf 82' lang='lat' dir='ltr'><strong>provi-</strong></span> 
     </span>
    </p>
   </div>
   <div class='ocr_carea' id='block_1_114' title="bbox 1832 5898 3402 5973">
    <p class='ocr_par' dir='ltr' id='par_1_114' title="bbox 1832 5898 3402 5973">
     <span class='ocr_line' id='line_1_114' title="bbox 1832 5898 3402 5973; baseline 0.004 -18"><span class='ocrx_word' id='word_1_871' title='bbox 1832 5898 1973 5956; x_wconf 86' lang='lat' dir='ltr'><strong>dens</strong></span> <span class='ocrx_word' id='word_1_872' title='bbox 2001 5915 2064 5956; x_wconf 89' lang='lat' dir='ltr'><strong>ac</strong></span> <span class='ocrx_word' id='word_1_873' title='bbox 2092 5901 2471 5957; x_wconf 85' lang='lat' dir='ltr'><strong>misereseens.</strong></span> <span class='ocrx_word' id='word_1_874' title='bbox 2496 5901 2637 5968; x_wconf 83' lang='lat' dir='ltr'><strong>Quid</strong></span> <span class='ocrx_word' id='word_1_875' title='bbox 2660 5915 2814 5973; x_wconf 83' lang='lat' dir='ltr'><strong>ergo,</strong></span> <span class='ocrx_word' id='word_1_876' title='bbox 2835 5915 2962 5958; x_wconf 87' lang='lat' dir='ltr'><strong>cum</strong></span> <span class='ocrx_word' id='word_1_877' title='bbox 2983 5900 3249 5958; x_wconf 77' lang='lat' dir='ltr'><strong>increduli</strong></span> <span class='ocrx_word' id='word_1_878' title='bbox 3282 5902 3402 5961; x_wconf 84' lang='lat' dir='ltr'><strong>l‘ue-</strong></span> 
     </span>
    </p>
   </div>
  </div>
