3880 6550
207 386 311 450 561

1275 387 1670 450 COMMENT.
1705 387 1786 446 ΙΝ
1819 387 2052 449 EPIST.
2083 390 2185 449 AD
2228 389 2423 450 ΗΘΜ.

3375 389 3480 451 562

201 499 360 570 θητε,
420 497 829 572 παρακαλοῦσιν
899 501 1044 570 ὑμᾶς
1101 498 1340 569 (αὐτοὺς
1389 501 1497 569 γὰρ
1545 500 1786 567 εἰσφέρει

1895 500 2045 564 estis,
2077 499 2378 556 obsecrant
2411 515 2536 561 vos,
2585 499 2736 564 (nam
2790 499 2946 567 ipsos:
2973 499 3190 553 inducit
3220 502 3375 568 quasi
3411 500 3477 556 ad

205 590 303 660 τὴν
339 592 621 662 ἱκετηρίαν
644 591 1043 664 ποιουμένους),
1077 593 1223 655 ὅπως
1264 591 1420 656 ἀξίαν
1460 591 1637 646 αὐτῶν
1667 608 1792 661 μετ-

207 681 402 753 έλθητε
451 683 747 740 πολιτείαν.
777 712 846 725 --
892 683 1092 758 [ΦΩΤ.]
1133 702 1148 735 ι
1192 684 1548 756 Παραστῆσαι
1574 684 1643 738 τὰ
1675 683 1796 737 σώ-

211 790 360 842 ματα
395 775 572 846 ὑμῶν.
600 795 619 828 t
656 778 749 840 Είς
792 776 859 830 τὰ
893 776 986 830 δύο
1018 777 1412 846 προτρέπεται,
1450 778 1530 839 είς
1565 775 1660 846 τὴν
1696 775 1791 830 τοῦ

208 864 327 934 βίου
355 868 698 939 ἐπιμέλειαν,
733 872 828 924 καὶ
867 872 946 934 είς
981 870 1078 941 τὴν
1118 870 1219 940 τῆς
1264 871 1502 934 πίστεως
1535 870 1789 940 σπουδήν.

209 959 286 1012 Δι’
339 953 417 1014 ὧν
465 961 564 1032 μὲν
606 963 715 1031 γάρ
764 979 919 1030 φησι,
979 983 997 1016 ι
1037 964 1398 1035 Παραστῆσαι
1434 963 1503 1017 τὰ
1565 961 1794 1033 σώματα

209 1049 386 1116 ὑμῶν,
429 1071 449 1104 ι
486 1053 579 1104 καὶ
625 1051 773 1122 ἐξῆς,
817 1053 1048 1124 ἀρίστην
1083 1054 1460 1108 πολιτεύεσθαι
1517 1058 1789 1125 παραινεῖ.

206 1143 298 1194 Δι’
325 1135 402 1195 ὧν
425 1143 502 1208 δέ,
536 1164 553 1195 ι
587 1145 698 1214 Τὴν
729 1144 950 1214 λογικὴν
983 1147 1232 1217 λατρείαν
1261 1149 1431 1218 ὑμῶν,
1463 1167 1481 1199 ι
1509 1148 1660 1218 φησι,
1696 1148 1794 1217 τὴν

203 1233 476 1305 ὀρθότητα
507 1236 604 1305 τῆς
635 1236 868 1302 πίστεως
906 1238 1122 1294 διώκειν
1153 1241 1351 1304 αὐτοὺς
1381 1241 1622 1294 ἀπαιτεῖ.
1657 1245 1794 1312 Προ-

205 1328 393 1398 τίθησι
435 1329 490 1382 δὲ
525 1329 592 1382 τὰ
622 1331 721 1399 τῆς
751 1330 1046 1394 πολιτεῖας,
1083 1333 1273 1401 ἐπειδὴ
1311 1331 1388 1402 τῷ
1416 1333 1645 1404 καθαρῷ
1671 1334 1790 1404 βίῳ,

205 1422 302 1474 καὶ
343 1424 372 1474 ὁ
407 1422 504 1492 τῆς
544 1424 823 1489 εύσεὸείας
869 1425 1184 1479 ἀκολουθεῖν
1235 1426 1391 1480 εἴωθε
1440 1428 1615 1495 λόγος.
1651 1429 1792 1497 Ὅρα

201 1513 259 1566 δέ
302 1513 422 1577 πῶς
455 1510 608 1568 εἶπεν
631 1516 798 1584 ἄμφω
847 1517 1063 1586 εὐφυῶς
1109 1519 1206 1572 καὶ
1239 1519 1498 1589 δριμέως.
1557 1539 1575 1572 ι
1615 1522 1792 1588 Παρι-

207 1604 451 1672 στήςατε
479 1604 610 1676 γὰρ,
645 1604 802 1674 φησὶ,
830 1605 900 1659 τὰ
931 1605 1158 1676 σώματα
1185 1607 1360 1677 ὑμῶν,
1383 1607 1572 1660 θυσίαν
1588 1607 1788 1672 ζῶσαν,

200 1695 390 1760 ἁγίαν,
439 1695 730 1764 εὐάρεστον
779 1696 857 1767 τῷ
906 1697 1048 1768 Θεῷ.
1087 1717 1107 1751 ι
1168 1695 1303 1753 Εἶτα
1365 1700 1440 1769 μὴ
1495 1701 1790 1769 ἀρκεσθεὶς

198 1787 442 1854 τούτοις,
478 1789 673 1856 ἐπάγει
711 1790 805 1843 καὶ
828 1789 1038 1860 ἕτερον.
1072 1791 1271 1855 ῐῙοῖονς
1313 1810 1332 1842 ι
1383 1791 1540 1845 Κατὰ
1572 1792 1669 1862 τὴν
1708 1793 1792 1845 λο-

1900 606 1998 646 eos
2030 592 2124 648 ﬁat
2167 590 2532 663 supplicatio)
2559 590 2711 646 utad
2753 590 2982 661 dignum
3025 589 3135 646 illis
3175 607 3474 646 conversa-

1904 685 2106 740 tionem
2141 684 2452 740 transeatis.
2488 703 2505 736 ι
2543 683 2612 740 Ut
2636 683 2926 753 praaheatis
2956 697 3186 753 corpora
3210 693 3412 736 vestra.
3451 700 3468 731 ι

1898 777 1980 830 Ad
2014 777 2125 831 duo
2154 776 2481 832 exhortatur
2512 792 2525 827 :
2559 791 2757 846 nempe
2803 775 2870 830 ad
2917 775 3042 830 vita:
3087 791 3276 830 curam
3312 781 3369 828 et
3411 775 3479 827 ad

1903 865 2026 921 fidei
2053 865 2325 920 studium.
2357 863 2454 918 His
2471 863 2618 920 enim
2641 880 2764 934 quae
2784 862 2918 918 dicit
2953 883 2966 918 ι
2996 863 3096 920 ιυι
3117 863 3430 932 praabeatis,
3459 883 3475 912 ι

1899 959 2014 1014 sive
2041 955 2352 1012 oxbibeatis
2390 975 2408 1006 ι
2445 971 2680 1026 corpora
2713 969 2918 1019 vesrra,
2943 965 3053 1010 etc.
3092 974 3110 1006 ι
3141 953 3360 1023 Optima
3396 955 3482 1007 vi-

1902 1061 1953 1106 ta
1988 1049 2248 1105 admonet
2267 1063 2390 1102 esse
2420 1047 2879 1102 conversandum.
2913 1047 3018 1101 Per
3042 1047 3091 1100 id
3118 1047 3477 1116 autemquod

1899 1143 2053 1197 addit
2087 1160 2100 1195 :
2140 1160 2158 1194 ι
2205 1139 2550 1195 Rationalem
2581 1139 2795 1202 cultum
2821 1147 3119 1203 vestrum,»
3155 1140 3397 1208 postulat
3421 1149 3482 1193 ut

1903 1233 2026 1288 ﬁdei
2063 1231 2456 1288 rectitudinem
2503 1238 2934 1300 prosequantur.
2986 1230 3258 1300 Praepouit
3293 1238 3477 1284 autem

1899 1345 2024 1398 quae
2068 1326 2510 1383 conversationis
2557 1325 3018 1395 suntzquoniam
3066 1326 3234 1380 vitam
3285 1341 3485 1395 puram

1901 1419 2122 1488 pietatis
2141 1433 2362 1488 quoque
2389 1431 2572 1472 sermo
2603 1415 2758 1486 sequi
2784 1417 2944 1471 solet.
2974 1415 3109 1471 Vide
3135 1427 3320 1472 autem
3344 1433 3482 1487 quo-

1901 1511 2066 1566 modo
2107 1520 2406 1578 utrumque
2438 1507 2574 1563 scite
2603 1515 2658 1563 et
2693 1515 2854 1562 acute
2890 1506 3116 1562 dixerit.
3150 1526 3168 1557 ι
3210 1507 3477 1567 Prasbete.

1902 1603 2103 1674 inquit,
2137 1617 2374 1672 corpora
2403 1612 2586 1656 vestra
2623 1600 2856 1655 hostiam
2880 1599 3182 1663 viventem.
3209 1608 3476 1659 sanctam.

1900 1698 2013 1752 Deo
2056 1697 2536 1765 beneplacentem.
2580 1713 2598 1746 ι
2641 1693 2848 1749 Deinde
2879 1694 2968 1748 his
3006 1709 3115 1747 non
3159 1702 3476 1758 contentus,

1903 1789 2164 1843 nimirum
2196 1788 2429 1842 hostiam
2456 1787 2756 1848 viventem,
2785 1794 3053 1847 sanctam,
3082 1786 3193 1840 Deo
3221 1785 3482 1856 benepla-

201 1881 371 1952 γικὴν
413 1881 674 1953 λατρείαν
723 1882 900 1954 ὑμῶν,
930 1901 949 1934 ι
981 1884 1136 1954 φησὶ,
1165 1883 1436 1948 τουτέστι,
1478 1884 1637 1937 Κατὰ
1664 1885 1790 1949 τοὺς

1895 1890 2135 1944 centem,
2176 1880 2325 1935 aliud
2355 1880 2526 1934 etiam
2554 1879 2823 1950 adjungit.
2857 1878 3132 1946 Quidnam
3175 1879 3309 1934 illud
3358 1880 3476 1934 est?

197 1975 425 2045 ἐκείνης
454 1975 675 2045 νόμους,
713 1975 1023 2046 συμφώνως
1055 1976 1237 2048 ἐκείνῃ
1269 1975 1363 2030 καὶ
1395 1979 1516 2031 κατ’
1551 1977 1790 2048 ἐκείνην,

202 2068 262 2118 ἐν
320 2067 516 2137 μηδενὶ
565 2067 963 2136 διαφωνοῦντες
1009 2068 1168 2140 αὐτῇ.
1233 2068 1406 2122 Τοῦτο
1460 2071 1570 2142 γάρ
1621 2070 1791 2135 ἐστιν,

201 2155 367 2225 ἁγίαν
412 2158 509 2212 καὶ
564 2157 746 2222 ζῶσαν
778 2159 873 2213 καὶ
903 2159 1196 2228 εὐάρεστον
1226 2159 1303 2231 τῷ
1328 2160 1447 2231 Θεῷ
1473 2160 1667 2216 θυσίαν
1695 2179 1795 2216 πα-

202 2248 483 2318 ραστῆσαι
510 2249 587 2319 τῷ
637 2255 852 2321 σώματι
875 2249 1052 2322 ἡμῶν,
1083 2252 1144 2305 τὸ
1173 2253 1340 2322 μηδὲν
1378 2253 1482 2318 ἔξω
1510 2254 1619 2306 τῶν
1655 2254 1794 2308 κατὰ

200 2337 306 2419 τὴν
344 2338 606 2409 λατρείαν
661 2339 820 2410 ἡμῶν
860 2340 1337 2412 νομοθετηθέντων
1394 2341 1794 2398 πολιτεύεσθαι.

201 2431 297 2481 Δεῖ
311 2428 422 2502 γάρ
455 2429 642 2498 ἄμφω,
675 2433 773 2502 τὴν
807 2431 993 2486 πίστιν
1015 2432 1092 2501 τῷ
1124 2431 1246 2503 βίῳ,
1282 2433 1374 2486 καὶ
1403 2433 1495 2486 τὸν
1521 2433 1635 2503 βίον
1667 2451 1793 2487 συν-

201 2520 495 2590 ομολογεῖν
525 2525 591 2594 τῇ
627 2523 828 2578 πίστει.
867 2523 1079 2595 Ὠσπερ
1107 2525 1212 2596 γὰρ
1241 2525 1270 2578 δ
1311 2525 1495 2578 πίστιν
1533 2526 1793 2596 ἐπαγγει-

202 2610 441 2681 λάμενος
465 2613 652 2686 ὀρθὴν,
687 2615 886 2684 φαῦλος
911 2613 967 2668 δὲ
987 2615 1079 2668 τὸν
1104 2617 1325 2686 τρόπον,
1343 2616 1410 2670 δι’
1437 2609 1514 2670 ὧν
1539 2619 1790 2689 πράττει,

202 2704 305 2778 τὴν
332 2706 626 2776 ὁμολογίαν
653 2709 864 2780 ἐλέγχει
887 2709 988 2780 τῆς
1005 2709 1261 2774 πίστεως·
1284 2709 1460 2776 οὕτως
1480 2714 1575 2766 καὶ
1595 2714 1622 2766 ὁ
1649 2713 1791 2783 πρά-

206 2795 317 2862 ξεις
346 2799 798 2870 ἐπιδεικνύμενος
843 2800 1079 2868 ἀγαθὰς,
1139 2802 1324 2856 πίστιν
1374 2803 1430 2857 δέ
1475 2805 1794 2876 πρεσϐεύων

205 2889 467 2962 δυσσεϐῆ,
498 2892 566 2945 δι’
599 2884 675 2947 ὧν
705 2892 976 2957 δυσσεϐεῖ,
1007 2895 1101 2946 καὶ
1131 2893 1230 2958 τὰς
1262 2895 1488 2966 πράξεις
1521 2897 1792 2966 φαυλίζει,

206 2983 301 3035 καὶ
329 2981 679 3053 θριαμϐεύει,
712 2983 917 3055 μηδένα
939 2985 1152 3056 καρπὸν
1182 2986 1373 3048 αύταῖς
1399 2989 1599 3041 ἐνεῖναι
1633 3005 1794 3042 πνευο

213 3075 463 3141 ματικόν.
501 3077 595 3128 Δεῖ
639 3075 748 3145 ἄρα
785 3074 1190 3140 πολιτεύεσθαι,
1239 3079 1380 3131 κατὰ
1413 3079 1514 3150 τὴν
1567 3079 1794 3151 λογικὴν

1901 1994 1918 2026 ι
1956 1974 2271 2030 Secundum
2305 1975 2654 2036 rationalem.
2687 1973 2889 2043 inquit,
2919 1973 3128 2028 cultum
3154 1985 3422 2036 vestrum,
3453 1990 3472 2023 ι

1897 2067 2002 2122 hoc
2047 2077 2154 2131 est,
2210 2065 2514 2122 secundum
2555 2066 2705 2121 illius
2747 2066 2945 2136 legem,
3001 2063 3363 2120 conformiter
3407 2065 3471 2119 a.l

1894 2159 2044 2213 illam
2080 2167 2135 2213 et
2169 2158 2476 2212 secundum
2508 2157 2658 2214 illam
2686 2174 2700 2210 :
2734 2156 2790 2211 in
2838 2157 2992 2211 nullo
3028 2156 3096 2210 ab
3131 2171 3196 2211 ea
3225 2154 3477 2210 diﬁiden-

1899 2257 1999 2303 tes.
2030 2249 2161 2303 Nam
2197 2247 2302 2302 hoc
2335 2257 2439 2309 est,
2475 2247 2731 2303 Sanctam
2759 2255 2816 2304 et
2849 2247 3128 2301 viventem
3160 2253 3215 2300 et
3246 2245 3358 2299 Deo
3381 2245 3480 2300 be-

1896 2339 2276 2408 ncplacentem
2324 2339 2563 2394 hostiam
2612 2354 2816 2410 corpus
2864 2348 3120 2394 nostrum
3170 2335 3471 2401 exhibere,

1897 2431 2106 2487 cultum
2145 2442 2398 2488 nostrum
2424 2432 2478 2486 in
2512 2432 2668 2487 nullo
2697 2432 2906 2488 versari
2937 2439 3092 2486 extra
3116 2445 3180 2485 ea
3213 2445 3336 2499 quae
3353 2445 3482 2484 sane

1892 2523 2000 2578 cita
2031 2531 2181 2576 sunt.
2220 2522 2531 2594 Utrumque
2565 2521 2716 2578 enim
2761 2530 2984 2590 Oportet
3037 2529 3093 2575 et
3130 2519 3294 2574 ﬁdem
3333 2520 3478 2580 vita,

1893 2624 1949 2670 et
1974 2613 2138 2668 vitam
2171 2613 2297 2668 ﬁdei
2323 2628 2446 2669 esse
2489 2613 2855 2669 eonformem.
2880 2611 3166 2682 Siquidem
3209 2609 3478 2680 quemad-

1897 2707 2120 2762 modum
2153 2707 2202 2763 is
2222 2708 2317 2778 qui
2341 2717 2548 2763 rectam
2577 2706 2848 2763 obtulerit
2877 2705 3064 2772 ﬁdem,
3105 2705 3151 2760 si
3186 2721 3390 2776 pravus
3410 2705 3483 2759 sit

1896 2803 2168 2868 moribus,
2196 2804 2460 2874 Operibus
2482 2803 2599 2859 suis
2617 2801 3024 2859 confessionem
3043 2801 3294 2856 accusari
3319 2799 3478 2854 ﬁdei:

1892 2895 1969 2950 ita
2004 2895 2170 2950 etiam
2208 2895 2304 2966 qui
2342 2895 2518 2950 bonas
2553 2894 2781 2950 exhibet
2818 2893 3194 2964 operationes,
3225 2893 3272 2947 si
3315 2891 3478 2947 ﬁdem

1894 2987 2120 3057 impiam
2159 2996 2443 3057 praeponat
2483 3003 2498 3041 :
2543 2985 2710 3060 365
2756 3000 2884 3042 cum
2917 2985 3122 3053 impius
3169 2983 3262 3046 sit,
3312 2983 3479 3036 etiam

1897 3079 2149 3134 actiones
2180 3078 2471 3148 depravat,
2520 3092 2585 3132 ac
2627 3076 2875 3146 divulgat
2927 3074 3141 3128 nullum
3173 3071 3256 3126 eis
3298 3071 3480 3125 inesse

203 3166 461 3235 λατρείαν
484 3167 660 3238 ἡμῶν.
691 3186 709 3220 ι
745 3168 957 3223 Ζῶσαν.
998 3187 1018 3220 ι
1050 3168 1272 3241 Ἐπειδὴ
1297 3167 1444 3235 εἷπε,
1475 3190 1493 3222 ι
1526 3173 1786 3237 Θυσίαν.»

1899 3169 2140 3225 fructum
2180 3169 2550 3240 spiritualem.
2582 3171 2815 3238 Oportet
2863 3181 2997 3237 ergo
3036 3164 3356 3221 conversari
3389 3178 3478 3218 se-

211 3259 297 3311 ῐνα
327 3259 404 3331 μή
433 3276 516 3323 τις
541 3260 759 3334 νομίσῃ,
813 3259 898 3315 ὅτι
925 3261 1284 3328 Κατασφάξαι
1314 3264 1542 3330 ἑαυτοὺς
1575 3266 1793 3321 κελευό-

207 3349 372 3418 μεθα,
399 3350 672 3421 ἐπήγαγε,
709 3369 729 3402 ι
761 3351 973 3407 Ζῶσαν.
1034 3369 1055 3405 ι
1084 3353 1208 3416 Πῶς
1261 3353 1318 3407 δέ
1348 3355 1503 3409 ἔσται
1543 3355 1701 3410 θυσία
1732 3359 1793 3412 τὺ

207 3438 410 3510 σῶμα;
451 3440 769 3512 Ὀράτωσαν
788 3441 926 3514 ὀρθὰ
951 3443 1002 3496 οί
1032 3443 1322 3514 ὀφθαλμοί.
1355 3444 1420 3500 Ἦ
1454 3445 1676 3514 γλῶσσα
1699 3449 1794 3502 καὶ

203 3531 239 3599 ἠ
267 3531 395 3602 χεὶρ
422 3571 438 3597 ,
474 3533 506 3602 ή
538 3533 637 3600 μὲν
671 3534 752 3596 είς
784 3533 1057 3604 ὑμνῳδίαν
1092 3534 1248 3597 Θεοῦ,
1293 3538 1324 3602 ἡ
1352 3537 1408 3590 δὲ
1435 3539 1518 3600 είς
1573 3539 1794 3606 ἐντολὰς

203 3622 565 3692 ἀσχολείσθω,
587 3624 908 3694 καὶγίνεται
933 3625 1105 3690 οὕτως
1119 3627 1437 3694 ποιούντων,
1461 3631 1619 3684 θυσία
1645 3631 1794 3697 ζῶσα

203 3711 267 3764 τὸ
289 3713 468 3784 σῶμα.
501 3734 520 3767 ι
560 3714 765 3784 Ἀγίαν.
802 3735 822 3769 ι
850 3717 1086 3790 Διαιρῶν
1109 3717 1313 3789 ταύτην
1338 3719 1438 3790 τὴν
1469 3720 1658 3774 θυσίαν
1684 3721 1793 3776 άπὸ

204 3803 308 3874 τῆς
338 3803 658 3878 Ἰουδαϊκῆς,
693 3809 880 3878 φησὶν,
915 3826 935 3859 ι
992 3807 1198 3876 Ἀγίαν,
1227 3810 1544 3880 εὐάρεστον,
1579 3813 1673 3866 καὶ
1702 3811 1791 3868 λο-

205 3897 373 3966 γικήν
394 3916 412 3949 ι
460 3895 524 3952 Ἦ
551 3899 660 3968 γάρ
695 3899 965 3970 ἰουδαῖκὴ
990 3900 1278 3971 σωματικὴ
1306 3890 1475 3968 οὖσα,¹
1493 3905 1553 3956 ού
1582 3904 1790 3976 σφόδρα

203 3983 274 4059 ἦν
303 3987 438 4055 ἁγία
467 3989 557 4042 καὶ
580 3989 894 4060 εὐάρεστος,
936 3989 1013 4053 ὡς
1041 3989 1212 4059 ἄλογα
1247 3991 1470 4048 θύουσα.
1504 3994 1617 4066 Τὴν
1642 3996 1791 4064 λογι-

206 4077 314 4132 xiv
342 4076 620 4148 λατρείαν.
656 4097 674 4129 ι
707 4079 819 4148 Τὴν
861 4081 1259 4150 πνευματικὴν,
1305 4083 1459 4152 φησι,
1494 4083 1789 4150 διακονίαν,

203 4167 308 4239 τὴν
335 4167 478 4222 κατὰ
509 4169 744 4240 Χριστὸν
767 4168 1061 4235 πολιτείαν,
1095 4171 1170 4234 ὡς
1203 4173 1254 4224 εί
1282 4167 1437 4227 εἶπεν
1457 4189 1468 4204 ’
1497 4175 1790 4246 Παραστή-

210 4276 345 4316 σατε
371 4260 440 4314 τὰ
471 4261 700 4332 σώματα
729 4261 882 4332 ὑμῶν
919 4262 1132 4330 θυσίαν,
1159 4263 1245 4316 διὰ
1265 4263 1488 4336 λογικῆς
1517 4265 1791 4336 λατρείας,

206 4352 480 4419 τουτέστι,
507 4353 605 4423 τῆς
621 4353 1056 4424 άναιμάκτου.“Η
1071 4356 1152 4408 ὅτι
1173 4357 1581 4424 Προσενέγκατε
1603 4357 1793 4412 θυσίαν

208 4443 418 4508 ζῶσαν,
459 4445 552 4499 καὶ
582 4445 681 4518 τὴν
727 4445 954 4515 λογικὴν
1005 4445 1284 4519 λατρείαν,
1337 4449 1445 4502 άπδ
1494 4449 1674 4503 κοινοῦ
1703 4450 1788 4517 τὸ,

1900 3261 2143 3318 cundum
2174 3261 2496 3316 rationalem
2529 3261 2736 3316 cultum
2759 3267 3032 3316 nostrum.
3065 3277 3082 3308 ι
3117 3257 3426 3313 Viventeui.
3459 3275 3474 3305 ο

1897 3353 2032 3422 Quia
2063 3353 2276 3408 dixerat
2311 3370 2329 3405 ι
2362 3351 2632 3417 Hostiam,
2669 3371 2688 3404 ι
2720 3366 2790 3407 ne
2817 3351 2941 3422 quis
2962 3350 3306 3405 existimaret
3331 3347 3477 3418 quod

1897 3463 2001 3502 nos
2033 3447 2182 3517 ipsos
2228 3445 2558 3517 juberemur
2601 3445 2859 3516 jugulare
2913 3451 2972 3499 et
3011 3442 3320 3505 immolare,
3348 3439 3479 3494 sub-

1891 3540 2077 3610 junxit
2117 3559 2134 3592 ι
2173 3540 2484 3594 Viventem.
2529 3557 2549 3592 ι
2587 3537 2708 3604 Quo
2735 3546 2920 3594 autem
2950 3534 3115 3590 modo
3139 3535 3247 3590 erit
3273 3548 3476 3602 corpus

1896 3628 2116 3683 hostia?
2155 3627 2390 3682 Videant
2437 3641 2559 3700 quae
2597 3634 2748 3681 recta
2797 3634 2929 3681 sunt
2966 3623 3115 3679 oculi
3148 3641 3161 3676 :
3190 3623 3376 3694 lingua
3419 3632 3472 3674 et

1895 3736 2116 3786 manus,
2145 3720 2238 3775 illa
2263 3719 2487 3792 quidem
2527 3721 2582 3774 in
2608 3719 2704 3774 Dei
2737 3718 3020 3780 laudibus,
3052 3719 3170 3772 haae
3194 3725 3376 3770 autem
3417 3714 3476 3767 in

1895 3814 2188 3884 praeceptis
2203 3821 2589 3868 exerceantur.
2615 3813 2748 3880 Qua:
2769 3813 2815 3867 si
2847 3812 2920 3866 ita
2948 3811 3102 3870 ﬁant,
3125 3824 3328 3878 corpus
3352 3807 3478 3860 viva

1895 3904 2133 3959 eﬁieitur
2182 3903 2385 3959 hostia.
2420 3921 2438 3954 ι
2476 3902 2754 3958 Sanctam.
2793 3921 2810 3955 ι
2845 3901 2996 3958 lianc
3025 3901 3266 3956 hostiam
3303 3915 3335 3954 a
3382 3898 3477 3954 Ju-

1896 3997 2058 4052 daica
2105 3996 2503 4052 disterminans
2540 3995 2677 4050 dicit
2718 4015 2736 4047 ί
2779 3993 3058 4060 Sanctam,
3110 3992 3479 4061 beneplacen-

1896 4097 2006 4142 tem
2049 4095 2104 4142 et
2148 4087 2498 4141 rationalem.
2543 4105 2562 4138 ›
2605 4086 2837 4142 Judaica
2863 4085 3012 4142 enim
3055 4099 3182 4140 cum
3209 4097 3473 4152 corporea

1895 4189 2066 4243 esset,
2097 4195 2206 4234 non
2242 4178 2541 4234 admodum
2575 4187 2764 4236 sancta
2792 4187 2913 4233 erat
2949 4187 3045 4234 aut
3076 4176 3469 4244 beneplacens,

1896 4279 2085 4340 utpote
2116 4271 2457 4327 irrationalia
2479 4280 2738 4326 mactans.
2771 4289 2787 4321 ι
2817 4269 3163 4325 Rationalem
3184 4267 3416 4336 cultum.
3447 4291 3462 4315 ι

1897 4358 2220 4430 Spirituale,
2255 4359 2455 4430 inquit,
2489 4359 2841 4431 obsequium,
2869 4357 3348 4415 conversationem
3379 4371 3471 4411 se.

1895 4453 2140 4509 cundum
2174 4452 2457 4509 Christum
2500 4470 2514 4507 :
2547 4469 2612 4509 ac
2651 4454 2699 4508 si
2735 4453 2968 4509 dixisset
2997 4469 3012 4507 :
3043 4451 3314 4514 Exhibete
3348 4466 3473 4506 cor-

207 4535 650 4603 Προσενέγκατε.
691 4539 852 4596 «Kal
883 4538 960 4610 μὴ
991 4537 1463 4608 συσχηματίζεσθε
1514 4539 1592 4611 τῷ
1629 4541 1785 4595 αἰῶνι

1895 4557 2027 4613 pora
2056 4550 2238 4598 vestra
2281 4541 2515 4598 hostiam
2560 4556 2658 4612 per
2695 4541 3024 4597 rationalem
3073 4540 3317 4603 cultum,
3363 4538 3476 4591 hoc

205 4625 406 4696 τούτῳ.
445 4644 464 4678 ι
499 4628 608 4680 Καὶ
653 4627 770 4691 πῶς
811 4628 876 4682 ἄν
923 4645 1008 4692 τις
1060 4630 1254 4684 ἐαυτὸν
1303 4631 1644 4704 προσενέγκῃ
1696 4633 1791 4688 θυ-

209 4719 336 4771 σίαν
367 4716 568 4784 ζῶσανς
594 4718 752 4785 Πῶςς
787 4720 909 4788 «Μὴ
945 4719 1438 4790 συσχηματίζεσθε,
1473 4740 1490 4773 ι
1519 4723 1787 4790 τουτέστι,

210 4809 307 4876 Μὴ
364 4807 599 4862 τυποῦτε
646 4809 872 4872 ἑαυτοὺς
921 4810 1061 4863 κατὰ
1101 4811 1162 4862 τὸ
1207 4813 1394 4882 σχῆμα
1439 4813 1531 4865 τοῦ
1579 4813 1787 4883 κόσμου

207 4900 426 4954 τούτουσ
474 4901 627 4956 οὐδὲν
678 4902 788 4974 γάρ
840 4902 990 4970 ὑγιὲς
1040 4901 1215 4974 ἐχειῆ
1256 4904 1503 4971 μόνιμον.
1558 4905 1650 4957 Διὸ
1698 4905 1790 4958 καὶ

208 4991 398 5061 σχῆμα
420 4991 551 5046 αὐτὸ
573 4992 745 5054 καλεῖ,
767 4993 941 5064 δηλῶν
957 4993 1016 5046 τὸ
1042 4993 1115 5064 μὴ
1136 4994 1312 5061 μένον.
1332 4994 1501 5047 Τοῦτο
1519 4994 1572 5048 δὲ
1597 4995 1784 5060 εἰπὼν,

208 5086 363 5156 δηλοῖ
418 5088 481 5140 τὸ
536 5086 822 5156 ἐπίκηρον.
863 5085 934 5152 Ἦ
975 5085 1059 5137 ὅτι
1117 5083 1209 5155 Μὴ
1266 5083 1785 5154 συμμεταϐάλλεσθε

208 5180 321 5241 τοῖς
355 5179 590 5248 καιροῖς.
625 5206 694 5216 -
727 5177 974 5241 Ἄλλως.
1022 5173 1223 5247 [ΦΩΤ.]
1264 5174 1468 5240 Εἰπὼν,
1506 5193 1524 5226 ι
1566 5175 1659 5246 Μὴ
1691 5192 1788 5228 συ-

209 5269 618 5341 ηηματίζεσθε
638 5268 714 5340 τῷ
728 5269 884 5321 αίῶνι
900 5267 1097 5337 τούτῳ,
1130 5285 1147 5319 ι
1173 5267 1543 5335 τουτέστι,Μὴ
1573 5284 1786 5337 συμμε-

203 5361 542 5417 ταϐάλλεσθε
561 5362 652 5416 καί
673 5359 1142 5430 συμμετατίθεσθε
1159 5361 1272 5422 ταῖς
1290 5359 1657 5424 διδασκαλίαις
1675 5361 1787 5414 τῶν

207 5460 273 5512 ἐκ
301 5455 398 5510 τοῦ
443 5455 638 5518 αἰῶνος
681 5455 872 5508 τούτου
901 5453 996 5507 τοῦ
1023 5455 1237 5523 ῥέοντος
1260 5454 1351 5506 καὶ
1369 5454 1466 5524 οὐχ
1495 5454 1783 5524 ἱσταμένου

207 5549 314 5617 τὴν
350 5545 701 5600 διδασκαλίαν
735 5547 1140 5616 προσαγόντων.
1186 5544 1354 5598 Ἰοῦτο
1384 5544 1550 5598 εἰπὼν
1591 5546 1676 5600 ἵνα
1710 5547 1782 5617 μή

205 5654 358 5702 τινες
407 5635 517 5691 τῶν
546 5637 813 5693 Ἰουδαίων
845 5638 1090 5700 εἴπωσιν,
1140 5637 1349 5691 υύκοῦν
1385 5636 1493 5689 οὐδ’
1523 5636 1656 5699 ὅλως
1708 5639 1786 5691 δεῖ

209 5727 358 5796 ἡμᾶς
395 5724 778 5792 μετατίθεσθαι
812 5725 905 5779 καὶ
950 5725 1522 5801 μετασχηματίζεσθαι
1547 5727 1652 5778 άπὸ
1687 5732 1783 5798 τῆς

208 5815 658 5888 παραδεδομένης
684 5819 813 5888 ἡμῖν
838 5818 943 5871 άπὸ
980 5816 1072 5870 τοῦ
1105 5818 1269 5888 νόμον
1291 5817 1669 5882 διδασκαλίαςς
1697 5820 1782 5872 διὰ

1891 4644 1998 4698 est,
2047 4633 2168 4691 sine
2215 4633 2482 4705 sanguine
2514 4633 2636 4688 :vel
2679 4632 2880 4688 oﬁ‘erte
2925 4630 3160 4688 hostiam
3192 4631 3467 4684 viventem

1891 4736 1951 4782 et
1996 4725 2322 4782 rationalem
2361 4725 2608 4790 cultum;
2675 4740 2708 4779 a
2758 4722 3039 4780 communi
3086 4721 3235 4776 enim
3299 4735 3466 4776 sensu

1891 4815 2262 4890 supplendum
2285 4827 2371 4872 est
2395 4817 2593 4888 egena.
2633 4834 2651 4868 ι
2692 4815 2760 4870 Ει
2790 4830 2858 4876 ne
2886 4811 3309 4882 conﬁguremini
3337 4811 3470 4870 huic

1890 4911 2112 4968 seculo.
2173 4929 2191 4962 ι
2247 4909 2314 4963 Et
2352 4907 2630 4978 quomodo
2657 4905 2897 4974 aeipsum
2931 4902 3161 4967 offeret,
3193 4903 3465 4974 quispiam

1891 5002 2127 5058 hostiam
2170 5000 2388 5066 vivam;
2447 4995 2772 5064 Quomodo?
2827 5013 2845 5048 ι
2904 4994 2982 5050 Ne
3012 4993 3464 5064 conﬁguremini,

1891 5094 1998 5148 hoc
2029 5101 2134 5158 est,
2160 5107 2228 5146 ne
2262 5088 2505 5161 ﬁguretis
2534 5102 2632 5142 vos
2653 5086 2802 5156 ipsos
2825 5087 2981 5156 juxta
3013 5085 3244 5156 ﬁguram
3273 5085 3465 5139 mundi

1891 5184 2078 5254 hujus,
2105 5181 2244 5237 nihil
2285 5180 2435 5238 enim
2486 5193 2680 5234 sanum
2722 5177 2892 5231 habet
2939 5177 3026 5230 vel
3066 5174 3305 5234 stabile;
3340 5173 3464 5229 ideo

1889 5291 2110 5347 quoque
2146 5273 2376 5344 ﬁguram
2402 5281 2561 5326 vocat
2591 5271 2640 5326 id
2662 5312 2675 5335 ,
2715 5259 3030 5341 signiﬁcans
3063 5284 3174 5324 non
3210 5282 3471 5330 manere;

1888 5378 1944 5421 et
1989 5367 2096 5421 hoc
2146 5363 2386 5419 dicendo
2435 5362 2785 5434 fragilitatem
2836 5359 3086 5414 denotat.
3127 5386 3196 5396 -—
3239 5353 3349 5416 γει,
3383 5353 3464 5408 Ne

1890 5459 2052 5515 simul
2079 5474 2202 5514 cum
2239 5455 2583 5527 temporibus
2625 5450 3092 5509 transmutemini.
3135 5447 3255 5502 Alio
3287 5444 3458 5500 modo.

1887 5548 2133 5604 Dicendo
2185 5564 2200 5601 :
2235 5565 2252 5598 ι
2297 5547 2377 5602 Ne
2421 5543 2840 5616 conﬁguremini
2878 5541 3008 5596 huic
3045 5537 3268 5600 saeculo,
3301 5554 3318 5584 δ
3356 5534 3461 5589 hoc

1889 5636 2163 5707 signiﬁcat
2194 5652 2207 5688 :
2239 5635 2319 5690 Ne
2366 5629 2784 5689 commntemini
2816 5638 2912 5684 aut
2940 5624 3104 5682 simul
3159 5619 3458 5678 transiera-

1892 5729 2026 5784 mini
2059 5743 2184 5783 cum
2217 5725 2485 5782 doctrinis
2524 5739 2714 5780 eorum
2748 5722 2841 5793 qui
2873 5716 3176 5778 doctrinam
3223 5711 3464 5784 alierum

1889 5838 1955 5877 ex
1985 5821 2186 5876 sreculo
2218 5819 2322 5874 hoc
2351 5817 2556 5873 ﬂuente
2588 5830 2689 5871 nec
2719 5819 3095 5886 permanente.
3135 5807 3250 5864 lloc
3290 5805 3463 5867 dicto,
