3880 6556
211 410 323 475 573

1280 416 1672 481 COMMENT.
1706 420 1789 482 IN
1828 422 2062 481 EPIST.
2118 424 2216 485 AD
2256 424 2439 487 BOM.

3352 427 3458 493 574

210 518 306 571 τὸν
329 517 585 588 ἀδελφὺν,
608 520 713 574 κᾶν
750 522 918 594 πένης
1066 524 1223 579 Ἐπεὶ
1273 528 1347 596 μὴ
1397 527 1511 581 ἔστι
1561 528 1789 582 πλούτου

1895 531 2113 587 Veluti:
2146 533 2203 588 Si
2227 549 2479 605 magnum
2516 537 2672 592 ducis
2704 537 2937 607 teipsum
2969 556 2982 594 :
3015 541 3175 596 talem
3207 540 3378 598 ducas
3406 546 3464 597 et

212 612 308 666 καὶ
338 613 535 675 πενίας
586 614 856 683 διάκρισις
888 619 1044 688 παρὰ
1084 620 1224 685 Θεῷ.
1255 622 1381 685 Πῶς
1407 623 1454 675 δ’
1486 623 1551 677 ἂν
1579 626 1785 691 γένοιτό

214 720 298 756 σοι
322 720 521 772 τουτο;
566 705 694 759 Ἐὰν
746 708 822 779 μὴ
877 713 1081 781 φρονῇς
1130 713 1259 783 περὶ
1307 714 1534 768 σεαυτοῦ
1583 714 1781 785 ὑψηλὰ,

211 796 351 849 ἀλλὰ
387 797 646 871 συμφέρῃ
669 799 763 851 καὶ
789 804 1078 875 συναπάγῃ
1114 806 1228 867 τοῖς
1251 809 1550 870 ταπεινοῖς,
1590 808 1686 860 καῖ⁵
1706 809 1786 871 εἰς

211 886 310 956 τὴν
336 887 565 941 ἑκείνων
607 893 1046 965 συγκαταϐαίνῃς
1091 894 1385 951 εὐτέλειαν.
1430 897 1523 949 Ἐκ
1554 897 1617 969 δὴ
1665 898 1787 951 τού-

210 994 318 1030 των
369 977 433 1030 τὸ
496 979 725 1050 φύσημα
770 983 866 1036 καὶ
901 983 1001 1053 τὴν
1047 986 1356 1051 κενοδοξίαν
1404 988 1584 1040 αὐτῶν
1614 1006 1787 1042 κατα-

212 1068 450 1125 στέλλει.
492 1070 651 1132 Εἰκὸς
673 1071 783 1143 γὰρ
807 1068 874 1143 ἦν
903 1074 1099 1138 αὐτοὺς
1134 1076 1223 1131 διὰ
1255 1078 1354 1149 τὴν
1400 1079 1574 1145 πόλιν,
1612 1079 1788 1150 τούτῳ

212 1162 417 1215 ἁλῶναι
448 1162 540 1215 καὶ
570 1164 890 1233 κατέχεσθαι
916 1167 992 1238 τῷ
1027 1168 1210 1223 πάθει.
1245 1170 1364 1240 «Μὴ
1402 1170 1619 1238 γίνεσθε
1649 1173 1785 1241 φρό-

211 1270 359 1322 νιμοι
394 1254 523 1325 παρ’
542 1257 810 1321 ἑαυτοῖς.»
839 1258 1118 1325 Τουτέστι,
1144 1262 1235 1332 Μὴ
1268 1263 1488 1332 ἡγεῖσθε
1531 1259 1671 1317 εἶναι
1697 1282 1787 1317 σο-

213 1347 322 1415 φοὶ,
346 1348 445 1400 καὶ
476 1349 703 1418 μηδενός
731 1353 1001 1420 νοήματος
1028 1355 1249 1418 ἐνδεεῖς.
1275 1358 1413 1427 Φησὶ
1434 1357 1542 1430 γὰρ
1582 1360 1614 1430 ή
1647 1360 1788 1430 Γρα-

212 1438 288 1507 φή
323 1454 339 1468 ⁸
387 1456 407 1491 ι
436 1440 571 1493 Οὐαὶ
601 1442 650 1493 0i
703 1445 912 1497 συνετοὶ
951 1447 1082 1516 παρ’
1127 1448 1363 1511 ἑαυτοῖς,
1407 1450 1499 1502 καὶ
1558 1451 1787 1505 ἐνώπιον

209 1528 394 1581 αὐτῶν
426 1531 843 1601 ἔπιστήμονες.ι
899 1553 918 1586 ι
944 1537 1127 1590 Κακδν
1167 1538 1289 1591 ἀντὶ
1325 1540 1549 1596 κακοῦ.»
1587 1544 1648 1596 Εἰ
1679 1544 1788 1615 γὰρ

192 1619 411 1689 -ψεκτδς
467 1624 558 1675 καὶ
611 1622 792 1687 ἄθλιος
829 1627 859 1680 ὁ
907 1628 1081 1681 ποιῶν
1126 1629 1189 1682 τὸ
1240 1631 1429 1694 κακὸν,
1472 1633 1560 1687 ἵνα
1618 1636 1672 1688 τί
1709 1635 1784 1707 μὴ

90 1788 101 1799 .
209 1707 437 1777 φεύγεις
457 1712 556 1782 τὴν
583 1713 814 1783 μίμησιν
842 1716 953 1768 τῶν
975 1718 1180 1779 κακῶν,
1208 1720 1342 1773 ἀλλὰ
1369 1722 1447 1793 τῷ
1473 1723 1786 1793 ἀμύνασθαι

204 1799 395 1870 ινοχον
435 1804 629 1857 σαυτὸν
656 1804 921 1877 meme;
959 1811 1053 1862 καὶ
1085 1813 1339 1866 κοινωνὸν
1366 1814 1466 1883 τῆς
1495 1816 1782 1882 ἀσεϐείας;

214 1909 234 1943 ι
265 1892 667 1964 Προνοοὺμενοι
713 1897 877 1952 καλά.
901 1917 921 1951 ι
961 1900 1131 1955 Τοῦτό
1166 1917 1349 1974 φησιν,
1392 1907 1472 1959 δτι
1524 1908 1786 1977 Πρόνοιαν

209 1985 584 2069 ποιεῖσθε.τοῦ
609 1987 765 2045 καλοὶ
812 1991 1120 2057 φαίνεσθαι,
1156 1996 1215 2049 ἐν
1246 1996 1326 2069 τῷ
1364 1997 1552 2069 μηδενὶ
1584 2001 1786 2055 διδόναι

206 2075 382 2145 ψόγου
431 2065 723 2151 ¹πρόφασιν.
754 2113 825 2124 --
850 2084 922 2138 "H
956 2086 1145 2159 ὲπειδὴ
1189 2065 1308 2143 ᾶνώ
1350 2065 1494 2155 εἷπε,
1536 2109 1553 2143 ι
1584 2092 1789 2161 Μηδενὶ

207 2168 384 2223 κακὸν
422 2171 547 2226 ἀντὶ
579 2174 749 2227 κακοῦ
782 2174 1177 2246 ἀποδιδόντες,›
1223 2180 1547 2251 προσέθεικε
1577 2185 1671 2236 καὶ
1702 2185 1784 2248 τὸ,

214 2281 232 2313 ι
260 2263 655 2335 Προνοούμενοι
692 2268 890 2322 καλά.»
949 2269 1038 2336 Ὠς
1082 2274 1132 2325 εί
1181 2272 1389 2341 ἔλεγεν,
1447 2274 1562 2329 Οὐκ
1604 2277 1785 2348 ἀρκεῖ,

210 2354 378 2425 μόνον
420 2355 484 2409 τὸ
537 2357 612 2428 μὴ
650 2360 959 2415 ἀποδιδόναι
998 2361 1164 2429 κακὰ,
1213 2364 1352 2419 ἀλλὰ
1404 2365 1486 2419 δεῖ
1525 2367 1620 2420 καὶ
1655 2385 1782 2436 προ-

208 2451 351 2503 νοεῖν
400 2448 496 2502 τοῦ
546 2450 871 2519 ποιήσαντος
903 2456 1050 2525 ἡμᾶς
1095 2455 1301 2518 κακῶς.
1328 2474 1346 2506 ι
1386 2457 1498 2510 Καὶ
1547 2459 1654 2529 γὰρ
1694 2460 1786 2511 καὶ

208 2541 345 2601 ἄνω,
376 2542 478 2594 οὐκ
530 2543 773 2613 ἠρκέσθη
806 2543 887 2615 τῷ
930 2546 1002 2611 μὴ
1038 2548 1378 2616 καταρᾶσθαι
1406 2547 1532 2611 τοὺς
1560 2548 1785 2604 διώκον-

205 2648 328 2694 τας,
369 2632 507 2686 ἀλλὰ
544 2634 638 2687 καὶ.
662 2634 904 2703 εὐλογεῖν
941 2637 1295 2707 προσέταξεν.
1334 2657 1352 2691 ι
1386 2638 1447 2692 El
1477 2638 1701 2694 δυνατὸν
1728 2640 1787 2694 τὸ

207 2723 270 2789 ιε
302 2724 516 2794 ὑμῶν.»
558 2726 711 2779 Ἔστι
733 2727 841 2798 γὰρ
868 2728 958 2780 ὅτε
990 2728 1052 2781 οὐ
1089 2728 1315 2783 δυνατὸν
1351 2730 1479 2784 ἔνθα
1538 2732 1667 2801 περὶ
1697 2733 1788 2786 εὕ-

208 2816 431 2877 σεδείας
472 2818 500 2869 δ
527 2815 704 2884 λόγος.
748 2818 1006 2871 Διατοῢτο
1051 2814 1224 2885 εἶπεν,
1265 2822 1356 2874 «Ei
1384 2822 1674 2875 δυνατόν.»
1714 2824 1786 2876 Τὸ

206 2905 285 2968 δὲ,
325 2922 346 2955 ι
370 2903 462 2968 Ἐξ
484 2904 658 2975 ὑμῶν,
674 2924 693 2957 s
716 2906 985 2973 τουτέστι,
1018 2908 1089 2962 Σὺ
1107 2909 1167 2962 τὸ
1198 2910 1289 2963 σὺν
1316 2912 1562 2982 ποίησον,
1595 2915 1688 2965 καὶ
1712 2914 1786 2983 μὴ

208 2997 506 3067 παράσχῃς
560 2996 758 3069 ἔχθρας
814 2999 1068 3072 ἀφορμὴν
1128 3001 1203 3073 μὴ
1253 3003 1496 3071 Ἕλληνι,
1546 3005 1619 3076 μὴ
1655 3005 1788 3060 ’1ου-

202 3088 367 3159 δαῖῳ.
400 3088 571 3143 Τοῦτο
598 3089 707 3162 γὰρ
737 3090 798 3143 τὸ
828 3092 969 3160 μετὰ
1002 3093 1239 3156 πάντων,
1279 3096 1547 3161 τουτέστι,
1575 3097 1785 3149 πιστῶν

1886 621 2113 677 fratrem
2148 631 2339 690 tuum,
2387 626 2600 681 etiamsi
2647 644 2856 699 panper
2902 630 2996 696 sit,
3034 633 3293 701 quoniam
3352 648 3463 690 non

1885 714 2301 770 estdivitiarum
2319 732 2382 772 ac
2404 721 2742 789 paupertatis
2770 722 3065 778 discrimen
3094 728 3237 795 apud
3267 727 3458 781 Deum.

1884 805 2005 871 Quo
2043 817 2227 860 autem
2271 810 2433 864 modo
2470 809 2589 865 ﬁeri
2619 812 2723 866 hoc
2751 816 2985 884 potest?
3016 815 3071 870 Si
3113 833 3221 871 non
3258 817 3464 872 sentias

1885 898 1952 950 de
1972 906 2024 950 te
2045 898 2163 966 ipso
2189 901 2467 963 sublimia,
2497 903 2593 957 sed
2621 904 2925 961 conferaris
2950 917 3006 962 et
3030 909 3463 965 accommoderis

1886 989 2209 1056 humilibus,
2240 1000 2296 1045 et
2323 992 2377 1045 in
2401 993 2618 1048 illorum
2646 997 3054 1053 condescendas
3076 999 3459 1067 abjectiouetn.

1886 1079 1984 1134 liis
2016 1097 2146 1136 sane
2177 1083 2427 1138 timorem
2454 1101 2518 1140 ac
2547 1102 2740 1141 vanam
2770 1090 3000 1158 gloriam
3039 1089 3259 1145 illorum
3294 1090 3463 1159 repri-
3531 1161 3534 1165 λ

1887 1174 2005 1227 mit.
2038 1174 2349 1229 Verisimile
2370 1176 2513 1230 enim
2543 1190 2653 1232 erat
2692 1178 2814 1233 illos
2851 1191 3073 1250 propter
3103 1196 3256 1235 suam
3283 1181 3464 1235 civita-

1886 1270 2018 1318 tem.
2053 1273 2240 1332 captos
2276 1280 2396 1319 esse
2437 1280 2499 1319 ac
2526 1266 2765 1321 detineri
2805 1269 2909 1323 hoc
2938 1270 3154 1324 atlectu.
3188 1288 3205 1321 ι
3240 1270 3317 1324 Nc
3340 1272 3464 1325 sitis

1887 1353 2187 1423 prudentes
2216 1356 2359 1423 apud
2394 1357 2775 1427 vosmetipsos.
2816 1378 2834 1409 ι
2867 1358 2981 1412 Hoc
3029 1370 3112 1414 est
3151 1377 3218 1415 ne
3248 1359 3463 1415 dueatis

1885 1459 1984 1497 vos
2008 1445 2155 1514 ipsos
2180 1462 2300 1501 esse
2332 1447 2611 1517 sapientes
2641 1459 2693 1503 et
2717 1451 2922 1505 nullius
2955 1451 3185 1505 consilio
3219 1460 3459 1522 egentes.

1893 1551 1912 1584 s
1951 1533 2043 1589 Vae
2085 1534 2424 1603 sapientibus
2463 1539 2605 1608 apud
2635 1540 2844 1609 seipsos
2873 1551 2926 1596 et
2960 1558 3141 1597 coram
3179 1544 3315 1598 facie
3362 1560 3460 1599 sua

1887 1625 2255 1693 prudentibus
2281 1627 2345 1682 ⁸³.
2389 1647 2407 1679 ι
2444 1660 2516 1671 -
2544 1648 2561 1680 ι
2606 1631 2801 1685 Malum
2850 1648 2947 1701 pro
2979 1634 3144 1687 malo.
3190 1653 3208 1685 ι
3247 1634 3381 1688 Nam
3416 1635 3462 1689 si

1890 1716 2287 1783 vituperandus
2327 1734 2391 1773 ac
2420 1720 2587 1774 miser
2613 1731 2697 1777 est
2726 1722 2823 1792 qui
2858 1724 3063 1778 malum
3101 1723 3251 1788 facit,
3293 1741 3464 1795 quare

1888 1823 1999 1861 non
2035 1808 2173 1880 fugis
2196 1812 2461 1866 malorum
2486 1812 2847 1871 imitationem
2874 1818 2898 1872 ?
2929 1818 3033 1874 Sed
3062 1826 3119 1874 ut
3153 1829 3206 1875 te
3235 1820 3466 1876 ulcisca-

1891 1902 1986 1962 ris,
2042 1902 2338 1958 obnnxium
2393 1906 2684 1962 constituis
2731 1897 3080 1980 temetipsum
3133 1927 3197 1966 ac
3253 1911 3465 1967 socium

1891 1989 2203 2059 impietatis.
2229 1994 2586 2051 Providentes
2610 1996 2751 2051 bona
2808 2017 2825 2049 ι
2855 1998 2966 2053 Hoc
2982 1999 3146 2054 dicit:
3174 2000 3466 2056 Providete

1892 2092 1950 2136 ut
1992 2083 2117 2137 boni
2159 2087 2463 2154 appareatis
2499 2103 2511 2140 :
2549 2095 2607 2141 ut
2649 2087 2702 2142 in
2749 2088 2901 2144 nullo
2942 2091 3283 2147 occasionem
3325 2091 3468 2146 detis

1887 2175 2239 2244 vituperandi
2280 2192 2396 2233 vos.
2428 2209 2499 2219 —
2523 2179 2643 2247 Vel,
2679 2193 2969 2251 postquam
2997 2183 3253 2253 superius
3305 2183 3465 2238 dixit.

1896 2286 1913 2318 ι
1945 2269 2087 2322 Nulli
2115 2268 2317 2323 malum
2346 2286 2445 2340 pro
2468 2272 2611 2326 malo
2640 2273 2952 2341 reddentes,
2985 2294 3003 2327 ι
3027 2275 3238 2330 addidit
3257 2276 3421 2330 etiam
3449 2293 3465 2329 :

1874 2372 1915 2410 'c
1943 2360 2299 2416 Providentes
2320 2362 2496 2429 bona;
2524 2383 2543 2415 ι
2579 2372 2834 2435 tanquam
2855 2367 3077 2423 dixisset
3109 2385 3122 2422 :
3163 2368 3305 2424 .Non
3335 2370 3468 2424 satis

1888 2461 1972 2507 est
1997 2459 2207 2506 tantum
2235 2468 2342 2507 non
2365 2453 2595 2510 reddere
2617 2457 2779 2523 mala,
2802 2458 2897 2513 sed
2912 2469 3127 2529 oportet
3146 2476 3364 2531 quoque
3392 2460 3468 2515 illi
3491 2500 3494 2504 ι

1887 2542 2178 2612 providere
2208 2545 2300 2614 qui
2330 2547 2603 2602 malefacit
2632 2549 2812 2603 nobis.
2841 2569 2859 2602 ι
2893 2551 3025 2605 Nam
3049 2560 3103 2606 et
3132 2553 3185 2606 in
3220 2553 3471 2623 superio-

1890 2634 2044 2689 ribus
2067 2649 2173 2688 non
2200 2636 2335 2689 satis
2362 2636 2438 2691 illi
2470 2638 2592 2702 fuit,
2622 2654 2691 2693 ne
2711 2640 3103 2697 maledicerent
3134 2659 3470 2714 persequen-

1892 2726 2059 2790 tibus,
2093 2726 2186 2781 scd
2216 2728 2380 2782 etiam
2407 2729 2737 2786 benedicere
2759 2731 2942 2802 jussit.
2981 2752 2998 2785 ι
3022 2734 3078 2788 Si
3109 2736 3371 2804 possibile
3387 2743 3470 2789 est

1889 2828 2153 2887 quantum
2195 2834 2261 2873 ex
2294 2820 2449 2875 vobis
2477 2828 2582 2875 est.
2620 2841 2639 2873 ι
2680 2823 2895 2879 Accidit
2924 2825 3071 2880 enim
3103 2826 3381 2882 interdum
3411 2836 3471 2881 ut

1889 2910 2147 2980 possibile
2167 2926 2274 2965 non
2299 2912 2393 2976 sit,
2420 2913 2512 2966 ubi
2542 2914 2609 2968 de
2636 2914 2838 2984 pietate
2865 2931 3047 2971 sermo
3074 2926 3186 2983 est;
3216 2929 3469 2988 propter-

1888 3017 1952 3056 ea
1995 3003 2176 3057 dixit:
2232 3022 2250 3055 ι
2305 3003 2361 3059 Si
2404 3005 2665 3073 possibile
2722 3015 2825 3060 est.
2869 3024 2887 3058 ι
2929 3038 2999 3047 —
3033 3028 3052 3061 ι
3089 3008 3361 3075 Quantum
3403 3027 3471 3066 ex

1891 3093 2046 3147 vobis
2089 3102 2192 3147 est.
2232 3111 2251 3145 ι
2299 3094 2413 3149 Hoc
2442 3103 2547 3159 est,
2577 3102 2634 3148 tu
2661 3096 2804 3164 quod
2834 3105 2987 3150 tuum
3015 3106 3099 3151 est
3129 3098 3291 3153 facito
3316 3117 3329 3153 :
3377 3115 3470 3153 ne.-

208 3182 306 3235 καὶ
355 3180 622 3235 ἀπίστων.
663 3200 682 3234 ι
715 3182 807 3253 Μὴ
855 3184 1084 3247 ἑαυτοὺς
1123 3171 1518 3249 ἐκδικοῦντες.»
1573 3187 1788 3259 Ἐπειδὴ

1894 3200 1999 3251 que
2030 3183 2329 3239 inimicitiae
2362 3199 2549 3239 ansam
2578 3186 2821 3256 praebeas
2852 3187 3013 3258 372
3042 3198 3138 3242 aut
3168 3188 3354 3245 Gra'co
3377 3200 3473 3246 aut

204 3273 368 3327 τοῦτο
426 3272 879 3339 ἀκόλουθον,;τδν
930 3275 1257 3347 ἠδικημένον
1287 3278 1532 3342 ἐκδικίας
1579 3282 1786 3350 τυχεῖν,

204 3365 367 3420 τοῦτο
399 3365 536 3419 αὐτὸ
577 3365 978 3433 ἐπαγγέλλεται
1014 3383 1116 3430 σοι,
1171 3368 1326 3437 φησὶ,
1377 3368 1452 3438 μὴ
1494 3369 1789 3441 ἐκδικήσῃς

208 3458 467 3522 σεαυτὸν,
492 3456 588 3512 καὶ
608 3459 636 3512 ὁ
658 3457 791 3519 Θεός
831 3474 891 3512 σε
919 3459 1142 3513 ὲκδικεῖ.
1172 3459 1302 3513 Δότε
1330 3460 1459 3529 γὰρ,
1500 3461 1657 3531 φησὶ,
1700 3461 1791 3514 τό·

86 3614 97 3625 ‘
207 3566 311 3604 πον
338 3548 438 3604 καὶ
461 3548 646 3621 χώραν
672 3551 739 3618 τῇ
770 3549 908 3621 ὀργῇ
937 3549 1032 3603 τοῦ
1067 3550 1200 3603 Θεοῦ
1231 3549 1426 3607 ἐλθεῖν.
1459 3552 1558 3605 Ἂν
1586 3552 1695 3623 γὰρ
1724 3553 1788 3607 σὺ

206 3640 511 3712 ἐκδικήσῃς
547 3640 795 3705 σεαυτὸν,
844 3640 1074 3695 ἐλθοῦσα
1128 3642 1163 3711 ἡ
1192 3641 1330 3712 ὀργὴ
1366 3640 1461 3695 τοῦ
1502 3642 1663 3706 Θεοῦ,
1693 3642 1791 3713 οὐχ

206 3732 320 3797 ἔξει
341 3732 532 3803 χώραν
563 3731 657 3786 τοῦ
701 3730 1009 3799 ἐκδικῆσαι,
1041 3732 1123 3786 ὅτι
1148 3733 1511 3803 προεδίκησας
1544 3734 1789 3790 σεαυτόν.

207 3824 271 3876 Ei
296 3825 411 3893 γὰρ
439 3823 505 3876 σὺ
536 3821 610 3895 μὴ
638 3822 843 3895 ἀμύνῃ,
869 3822 990 3892 ἡξει
1034 3824 1068 3893 ἡ
1120 3823 1279 3894 ὀργή.
1305 3853 1375 3865 -
1411 3822 1793 3897 [1ΩΔΝΝΟΥ.]

219 3914 448 3986 Ἐπειδὴ
504 3914 561 3968 δὲ
608 3913 767 3969 τοῦτο
830 3913 1064 3986 μάλιστα
1113 3916 1142 3967 ὁ
1203 3914 1483 3984 ἀδικηθεὶς
1537 3914 1796 3985 ἐπιθυμεῖ

209 4008 346 4061 ἰδεῖν
377 4007 624 4070 ἐκδικίας
655 4006 845 4061 ἑαυτὸν
893 4005 1258 4069 ἀπολαύοντα,
1289 4005 1449 4060 τοῦτο
1476 4007 1625 4076 αὐτῷ
1657 4007 1795 4076 μετὰ

208 4098 413 4167 πολλῆς
437 4096 620 4151 δίδωσι
646 4096 985 4168 περιουσίας.
1017 4098 1113 4150 Ἂν
1150 4096 1259 4166 γὰρ
1295 4096 1456 4159 αὐτὸς
1491 4097 1565 4167 μὴ
1590 4097 1793 4169 ἀμύνῃ,

208 4189 345 4250 Θεὸς
378 4188 536 4241 ἔσται
577 4187 894 4259 ότιμωρός.
943 4186 1304 4258 Συγχώρησον
1347 4186 1440 4240 οὖν
1497 4188 1646 4257 αύτῷ
1692 4188 1792 4240 ἑπ-

211 4276 476 4347 causa».
507 4276 680 4332 Τοῦτο
726 4278 835 4350 γὰρ
865 4277 946 4345 τὸ,
998 4298 1018 4331 ι
1043 4278 1173 4331 Δότε
1201 4278 1367 4332 τόπον
1407 4281 1473 4351 τῇ
1503 4281 1638 4349 ὀργῇ
1670 4299 1689 4332 ι
1727 4311 1795 4322 -

218 4389 239 4421 ι
262 4372 584 4441 Γέγραπται
613 4368 741 4440 γάρ.
774 4388 793 4423 ι
831 4368 1333 4440 Παραμυθούμενος
1362 4369 1526 4422 πλέον
1562 4369 1652 4423 τὸν
1678 4370 1797 4439 ἠδι-

214 4454 482 4527 κημένον,
513 4457 691 4526 ἧγαγε
722 4457 824 4527 τὴν
870 4456 1195 4528 μαρτυρίαν.
1230 4474 1249 4508 ι
1270 4456 1426 4527 Ἐμοὶ
1454 4457 1787 4529 ὲκδίκησις,›

211 4546 487 4611 τουτέστι,
530 4548 669 4615 Παρ’
706 4548 885 4619 ιμοὶή
919 4547 1217 4617 ἐκδίκησις.

219 4746 238 4778 ι
277 4728 417 4784 libi
447 4730 605 4797 ultio,
644 4749 664 4783 ρ
699 4730 757 4785 id
778 4738 885 4798 est,
924 4729 1067 4801 apud
1094 4745 1183 4785 me
1202 4737 1290 4785 est
1319 4731 1477 4786 ultio.

297 4853 440 4907 Ἐὰν
463 4845 577 4906 οὖν
616 4847 794 4920 πεινᾷ
830 4852 863 4905 ὁ
899 4852 1114 4921 ἐχθρός
1150 4866 1289 4920 σου,
1321 4851 1540 4923 ψώμιζε
1585 4855 1792 4909 αὐτόν·

216 4945 330 4999 ἐὰν
352 4939 526 5012 διψᾷ,
559 4940 754 5001 πότιζε
774 4942 981 4995 αὐτόν.
1016 4941 1197 4997 Τοῦτο
1220 4943 1329 5012 γὰρ
1354 4945 1558 5009 ποιῶν,
1582 4945 1798 5012 ἄνθρα-

220 5052 335 5100 κας
380 5032 572 5102 πυρὸς
614 5031 944 5099 σωρεύσεις
975 5031 1074 5086 ἐπὶ
1122 5031 1237 5101 τὴν
1273 5035 1552 5103 κεφαλὴν
1585 5035 1793 5089 αὐτοῦ.

219 5122 320 5190 Μὴ
358 5118 506 5175 νικῶ
537 5118 657 5175 ὑπὸ
683 5120 788 5175 τοῦ
814 5119 1025 5187 κακοῦ,
1053 5120 1214 5175 ἀλλὰ
1233 5121 1372 5176 νίκα
1396 5123 1466 5176 ἐν
1487 5122 1567 5190 τῷ
1600 5123 1798 5193 ἀγαθῷ

218 5218 291 5271 τὸ
323 5216 537 5271 κακόν.

290 5307 387 5378 Μὴ
440 5294 619 5378 μόνον,
654 5307 829 5378 φησὶ,
876 5306 1190 5380 εἰρηνεύετε
1232 5308 1326 5363 καὶ
1373 5309 1447 5380 μὴ
1493 5309 1794 5378 ἀμύνεσθε,

222 5396 362 5452 ἀλλὰ
392 5398 487 5452 καὶ
533 5399 899 5469 εὐεργετεῖτε,
939 5400 1254 5470 τρέφοντες,
1291 5399 1624 5464 ποτίζοντες.
1654 5396 1797 5454 Εἶτα

225 5490 415 5561 mist)
450 5490 589 5562 βαρὺ
637 5486 706 5562 ἦν
752 5489 814 5544 τὸ
854 5492 1341 5563 προσταττόμενον,
1376 5491 1572 5560 ἐπάγει
1622 5508 1799 5562 παρα-

230 5580 570 5651 μυθούμενος
618 5581 711 5636 τὸν
757 5581 1102 5654 ἠδικημένον,
1147 5583 1342 5653 λέγων,
1382 5582 1555 5637 Τοῦτο
1605 5585 1797 5647 ποιῶν,

227 5670 342 5743 πῦρ
391 5673 542 5745 αὐτῷ
596 5672 897 5744 σωρεύσεις
945 5676 1038 5729 ἐπὶ
1076 5674 1177 5747 τὴν
1227 5675 1491 5745 κεφαλήν.
1525 5675 1634 5728 Kal.
1681 5672 1799 5745 ἃμα

299 5855 347 5888 ⁸³
370 5855 476 5911 lsa.
502 5871 557 5922 v,
578 5856 670 5923 2|,

1892 3275 2101 3330 Iudaeo.
2150 3274 2206 3329 ld
2262 3275 2410 3330 enim
2462 3285 2545 3331 est
2593 3276 2739 3346 quod
2786 3277 2862 3333 ait
2904 3294 2918 3342 ;
2977 3297 2994 3330 ι
3026 3278 3162 3335 Cum
3218 3282 3483 3339 omnibus.

1892 3381 2090 3436 nempe
2122 3366 2377 3422 ﬁdelibus
2408 3376 2464 3422 et
2494 3367 2859 3423 inﬁdelibus.»
2892 3399 2962 3410 -—
2996 3388 3014 3421 ι
3052 3370 3172 3424 Νοη
3202 3386 3299 3427 vos
3325 3373 3474 3442 ipsos

1893 3458 2243 3512 ulciscentes.
2286 3477 2305 3510 ›
2340 3458 2795 3529 Quandoquidem
2828 3459 2932 3515 hoc
2965 3476 3309 3532 consequens
3332 3472 3472 3531 erat,

1893 3564 2021 3605 eum
2060 3549 2155 3619 qui
2210 3549 2409 3621 injuria
2449 3550 2679 3606 allectus
2726 3560 2875 3607 esset
2912 3553 3177 3609 ultionem
3229 3557 3472 3626 assequi,

1893 3640 1997 3694 hoc
2053 3641 2257 3709 ipsum,
2308 3640 2507 3711 inquit,
2563 3640 2661 3696 tibi
2720 3644 3056 3715 praecipitur,
3109 3662 3179 3702 ne
3238 3647 3473 3718 teipsum

1895 3732 2197 3796 ulciscaris,
2227 3741 2283 3787 et
2312 3732 2455 3787 Deus
2484 3742 2536 3787 te
2574 3734 2887 3791 ulciscetur.
2911 3735 3044 3791 Nam
3073 3737 3220 3803 date,
3260 3739 3357 3804 ait,
3394 3740 3476 3795 lo~

1894 3839 2019 3878 cum
2045 3840 2107 3878 ac
2128 3824 2363 3891 spatium
2398 3834 2459 3879 ut
2495 3825 2577 3879 ira
2617 3826 2713 3881 Dei
2744 3827 2948 3881 veniat.
2979 3829 3034 3883 Si
3060 3829 3209 3884 enim
3238 3831 3474 3902 teipsum

1895 3914 2043 3967 ultus
2074 3913 2268 3978 fueris,
2296 3910 2389 3967 ubi
2416 3912 2631 3967 venerit
2658 3913 2738 3966 ira
2757 3913 2876 3977 Dei,
2905 3914 3086 3968 locum
3112 3931 3221 3970 non
3250 3917 3476 3973 habebit

1895 4005 2159 4058 ultionem
2186 4003 2603 4072 sumendi,qnia
2623 4002 2859 4072 primum
2884 4005 3106 4059 ultuses
3123 4007 3475 4076 temetipsum

1896 4095 2041 4164 quod
2065 4096 2121 4149 si.
2145 4104 2202 4149 tu
2229 4109 2339 4149 non
2363 4093 2630 4158 vindices,
2662 4094 2743 4149 ira
2769 4094 2970 4149 veniet.
2998 4095 3266 4162 Quoniam
3290 4105 3473 4152 autem

1898 4187 1945 4241 is
1981 4185 2076 4255 qui
2107 4185 2307 4256 injuria
2337 4184 2571 4239 allectus
2608 4193 2730 4251 est,
2763 4184 2871 4239 hoc
2902 4187 3135 4240 maxime
3165 4186 3352 4242 videre
3381 4187 3478 4242 de-

1896 4274 2125 4340 siderat,
2154 4289 2353 4344 nempe
2396 4274 2636 4345 seipsum
2662 4274 2871 4329 ultione
2906 4268 3053 4329 l'rui:
3087 4275 3192 4330 hoc
3220 4275 3322 4345 ipsi
3348 4291 3475 4331 cum

1898 4382 2092 4436 magna
2126 4366 2325 4421 tribuit
2352 4366 2626 4435 largitate.
2663 4366 2799 4421 Nam
2830 4365 2877 4422 si
2918 4366 3037 4437 ipse
3070 4382 3180 4421 non
3211 4367 3474 4433 vindicet,

1898 4458 2045 4513 Deus
2074 4458 2222 4514 ultor
2247 4457 2375 4513 erit.
2409 4458 2676 4513 Permitte
2695 4458 2862 4529 igitur
2886 4459 2965 4513 illi
2996 4466 3057 4513 ut
3079 4458 3342 4521 vindicet,
3371 4459 3479 4514 huc

1832 4543 1875 4595 Ι)
1902 4557 1988 4602 est
2014 4546 2163 4601 enim
2188 4545 2335 4616 quod
2363 4544 2482 4600 ait:
2536 4562 2555 4595 ι
2592 4545 2727 4601 Date
2755 4546 2940 4601 locum
2967 4544 3085 4600 iraa.
3112 4563 3131 4596 ι
3162 4574 3232 4587 -
3267 4563 3286 4595 ι
3324 4543 3478 4599 Scri-

212 4645 372 4705 ptum
398 4646 484 4693 est
510 4637 682 4692 enim.
708 4656 729 4691 ι
748 4638 886 4693 Eum
906 4637 1001 4709 qui
1029 4637 1229 4709 injuria
1247 4639 1479 4695 allectus
1540 4648 1625 4695 est
1688 4640 1860 4712 magis
1895 4637 2231 4694 consolando
2256 4678 2272 4705 ,

2353 4637 2615 4709 produxit
2702 4636 2998 4707 Scriptum
3079 4634 3476 4690 testimonium-

1973 4854 2091 4919 ΧΠ,
2124 4853 2216 4920 20,
2248 4853 2338 4908 21.
2380 4851 2440 4909 Si
2468 4853 2633 4924 igitur
2683 4853 2849 4906 esurit
2894 4850 3134 4905 inimicus
3174 4858 3314 4913 tuus,
3364 4849 3480 4907 ciba

1900 4946 2096 5001 illum:
2124 4948 2171 5001 si
2194 4947 2324 5009 sitit,
2356 4946 2424 5000 da
2459 4945 2541 5001 illi
2568 4951 2771 5015 potum.
2797 4942 2908 4998 Hoc
2946 4942 3082 4997 enim
3114 4943 3329 5013 faciens,
3363 4960 3482 4996 sar-

1901 5038 2056 5092 bones
2090 5038 2226 5109 ignis
2252 5035 2548 5091 cumulabis
2582 5035 2638 5089 in
2680 5043 2838 5107 caput
2862 5036 3044 5106 ipsius.
3079 5034 3157 5090 Ne
3198 5035 3425 5090 uincaris
3446 5052 3480 5089 a

1903 5127 2066 5192 malo,
2090 5127 2182 5181 sed
2206 5128 2351 5181 vince
2374 5127 2506 5180 boue
2531 5122 2755 5180 malum.

1966 5308 2085 5364 Non
2111 5308 2310 5375 solum,
2340 5306 2541 5378 inquit,
2566 5304 2620 5361 in
2656 5319 2791 5376 pace
2816 5304 3008 5373 vivite,
3027 5322 3096 5362 ne
3124 5320 3222 5360 vos
3247 5304 3477 5360 ulcisca-

1898 5401 2055 5466 mini,
2073 5402 2167 5456 sed
2195 5409 2251 5456 et
2266 5399 2593 5461 benefacite,
2611 5398 2823 5453 alentes
2844 5413 2908 5452 ac
2929 5406 3120 5468 potum
3143 5398 3475 5453 tribuentes.

1896 5492 2104 5547 Deinde
2123 5493 2251 5561 quia
2278 5507 2442 5563 grave
2464 5498 2585 5547 erat
2609 5489 2756 5562 quod
2778 5489 3218 5560 praecipiebatur,
3246 5486 3481 5555 subjun-

1897 5583 1976 5654 git
2013 5584 2350 5638 consolando
2390 5599 2517 5639 eum
2550 5582 2647 5653 qui
2692 5581 2921 5637 all‘ectus
2967 5588 3053 5634 est
3087 5577 3306 5650 injuria.
3359 5575 3474 5631 Hoc

1898 5674 2107 5730 faciens
2151 5674 2330 5746 ignem
2366 5674 2444 5730 illi
2486 5671 2794 5729 cumulabis
2838 5669 2892 5725 in
2944 5677 3107 5740 caput
3138 5686 3153 5725 :
3189 5665 3474 5735 Simulque
