3880 6556
448 387 556 450 575

1515 391 1916 452 (ECUMENU
1954 392 2246 453 TRICCAZ
2274 394 2616 456 EPISCOPI

3591 393 3684 452 £16

448 513 664 557 torrens
709 514 836 554 emn
887 501 980 569 qui
1025 500 1210 554 aﬂ'ecit
1261 500 1483 571 injuria.
1539 519 1557 550 ι
1595 501 1672 555 Ne
1715 499 1954 555 vincaris
1996 515 2026 554 a

2136 503 2308 569 φοϐῶν
2343 505 2438 556 καὶ
2461 505 2553 556 τὸν
2605 503 2927 573 ἠδικηκότα.
2977 519 2998 553 ι
3035 503 3127 570 Μὴ
3175 503 3312 555 νικῶ
3339 501 3448 554 ὑπὸ
3483 501 3569 554 τοῦ
3598 520 3687 554 κα-

451 593 614 646 malo.
654 611 672 644 ι
710 591 845 650 Cum
883 593 1033 662 prius
1059 593 1407 647 demulsisset
1440 609 1565 648 eum
1595 593 1686 662 qui
1717 593 1914 665 injuria
1946 593 2028 647 af-

449 683 629 738 fectus
673 693 832 755 erat_,
886 693 940 738 et
985 683 1248 738 suasisset
1291 683 1339 738 ci
1399 684 1722 739 benefacere
1771 685 2026 749 dicendo,

455 794 474 827 ι
499 775 776 831 Carboncs
801 776 1139 829 cumulabis:
1170 793 1188 826 ι
1220 775 1512 829 sublimius
1535 791 1680 829 nunc
1728 775 1906 844 ipsum
1937 773 2031 828 ad-

449 876 654 922 mouet.
691 867 822 922 Nam
851 867 896 919 si
927 866 1030 920 hoc
1053 864 1274 929 aﬂ‘ectu,
1299 865 1498 935 inquit,
1531 867 1629 919 alis
1657 874 1714 918 ut
1741 865 1917 934 ignem
1950 863 2029 918 illi

448 957 718 1022 cumules,
747 973 856 1010 non
878 956 1055 1009 vicisti
1091 957 1317 1017 malum,
1349 953 1446 1008 sed
1475 954 1542 1008 ab
1565 954 1683 1020 ipso
1713 953 1890 1006 victus
1915 967 1975 1006 es
2011 971 2024 1006 :

448 1063 548 1118 ego
580 1058 762 1103 autem
790 1047 952 1117 cupio
981 1058 1040 1102 ut
1081 1056 1133 1102 tu
1176 1047 1381 1101 malum
1406 1046 1612 1100 vincas.
1643 1045 1814 1115 Igitur
1843 1058 1912 1098 ne
1945 1044 2026 1098 ai-

448 1139 589 1195 l'ectu
621 1138 853 1193 nocendi
886 1137 1216 1202 benefacias,
1244 1146 1349 1192 tua:
1376 1152 1609 1206 namque
1637 1136 2028 1192 consolationis

447 1233 622 1302 gratia
662 1232 807 1285 dicta
850 1238 981 1284 sunt
1015 1229 1296 1300 prtedicta,
1329 1228 1475 1298 quod
1507 1228 1695 1282 cibans
1727 1237 2028 1297 potumque

450 1320 703 1376 tribuens
754 1322 1025 1378 carbones
1075 1321 1216 1390 ignis
1265 1320 1648 1373 cumulaturus
1695 1333 1865 1382 esses,
1916 1334 2026 1372 non

449 1428 581 1466 sane
615 1421 674 1466 ut
723 1414 796 1467 ita
842 1413 1027 1468 facias.
1053 1442 1119 1453 -—-
1153 1411 1304 1466 Licet
1333 1412 1518 1474 enim,
1554 1427 1681 1465 cum
1719 1419 1776 1464 tu
1820 1409 2028 1465 beneﬁ-

448 1502 595 1556 cium
620 1502 844 1556 inimico
883 1511 1128 1572 praestas,
1153 1502 1299 1556 Deus
1331 1502 1406 1554 illi
1433 1503 1719 1563 irascatur,
1749 1510 1805 1556 et
1846 1502 2026 1571 ignem

451 1593 815 1648 teutationum
848 1609 911 1649 ac
947 1593 1301 1648 aﬂlictionum
1346 1609 1482 1662 quas
1523 1593 1638 1664 ipse
1683 1593 1884 1647 struxit
1931 1592 2028 1646 ad-

448 1699 643 1737 versus
676 1683 1008 1753 proximum,
1047 1685 1102 1738 in
1136 1694 1298 1753 caput
1331 1683 1501 1752 ipsius
1530 1691 1854 1737 convertat:
1888 1691 2028 1738 atta-

2132 590 2250 644 κοῦ.
2277 611 2296 644 ι
2329 593 2591 660 Μαλάξας
2617 594 2882 664 πρότερον
2908 594 2996 648 τὸν
3025 591 3352 661 ἀδικηθέντα
3389 591 3483 644 καὶ
3509 596 3687 656 πείσας

2130 682 2296 735 αὑτὸν.
2321 683 2636 754 εὐεργετεῖν
2659 685 2747 738 διὰ
2769 683 2862 738 τοῦ
2887 684 3084 748 εἰπεῖν,
3115 702 3134 734 ι
3159 681 3475 752 ’Δνθρακας
3498 683 3692 752 σωρεύ-

2133 789 2302 840 σεις»,
2337 774 2431 826 νῦν
2464 775 2792 844 ὑψηλότερον
2812 775 2962 844 αὐτῷ
2983 776 3256 843 παραινεῖ.
3291 775 3354 826 Εἰ
3385 775 3493 842 γὰρ
3521 775 3692 825 scuti-

2130 881 2218 936 τῃ,
2253 866 2405 936 φησὶ,
2440 867 2676 920 διαθέσει
2710 869 2932 936 τρέφεις
2967 867 3051 919 ἵνα
3083 865 3194 936 πῦρ
3216 866 3368 935 αὐτῷ
3397 864 3688 934 σωρεύσῃς.

2130 955 2231 1008 οὐκ
2253 956 2510 1026 ἐνίκησας
2547 957 2608 1009 τὸ
2633 958 2820 1022 κακὸν,
2849 958 2964 1010 ἀλλ’
2995 959 3233 1029 ἡττήθης
3258 957 3427 1026 αὐτῷ.
3469 954 3606 1023 Ἐγὼ
3641 955 3692 1007 ὂί

2133 1065 2210 1110 σε,
2248 1049 2402 1119 φησι,
2426 1052 2584 1121 νικᾷν
2622 1050 2682 1102 τὸ
2725 1051 2895 1104 κακὸν
2936 1049 3215 1120 βούλομαι.
3263 1048 3590 1117 Τοιγαροῦν,
3625 1047 3691 1115 μὴ

2130 1139 2368 1193 διαθέσει
2419 1141 2700 1209 κακοποιῷ
2749 1141 3053 1212 εὐεργέτει.
3097 1141 3272 1210 ’Υπὲρ
3299 1142 3410 1209 γὰρ
3444 1153 3692 1206 παραμυ-

2131 1229 2252 1295 θίας
2289 1249 2381 1284 σου
2409 1232 2627 1303 εἴρηται
2654 1233 2721 1287 τὰ
2745 1233 3032 1303 εἰρημένα,
3061 1234 3144 1285 ὅτι
3174 1230 3440 1300 ψωμίζων
3471 1229 3565 1281 καὶ
3608 1243 3694 1278 πο·

2127 1321 2313 1386 τίξωνς
2354 1321 2632 1394 ἄνθρακας
2675 1322 2844 1391 πυρὸς
2884 1323 3201 1393 σωρεύσεις,
3259 1323 3358 1390 οὐχ
3394 1322 3481 1374 ἶνα
3518 1319 3693 1388 μέντοι

2128 1414 2302 1478 οὕτως
2328 1419 2487 1484 ποιῇς
2537 1446 2607 1455 -
2874 1415 2934 1467 Εἰ
2968 1417 3077 1484 γὰρ
3103 1416 3196 1468 καὶ
3231 1413 3326 1467 σοῦ
3360 1410 3696 1480 εὐεργετοῦν-

2127 1520 2218 1568 τος
2247 1506 2336 1558 τὸν
2371 1507 2583 1578 ἐχθρὸν,
2627 1509 2656 1560 6
2687 1507 2818 1571 Θεὸς
2863 1508 3095 1561 ἐκδικῶν
3123 1524 3183 1559 σε
3217 1505 3496 1575 ὀργίζεται
3531 1502 3694 1570 αὐτῷ.

2128 1600 2222 1653 καὶ
2251 1599 2361 1670 πῦρ
2388 1599 2708 1670 πειρασμῶν
2738 1602 2830 1654 καὶ
2860 1601 3174 1664 κακώσεων,
3211 1599 3247 1655 ἃ
3282 1597 3422 1652 κατά
3445 1595 3539 1648 τοῦ
3566 1595 3697 1666 πλη-

2130 1691 2245 1746 σίον
2273 1693 2477 1753 ἐκεῖνος
2503 1693 2838 1759 ἑτέκταινεν,
2865 1696 2958 1747 ἐπὶ
2992 1693 3238 1765 κεφαλὴν
3271 1692 3516 1762 στρέφει.
3567 1688 3699 1740 Ἀλλ’

449 1791 576 1829 men
619 1784 675 1829 tu
709 1791 776 1830 ne
801 1776 904 1830 hoc
933 1775 1041 1830 ﬁne
1075 1775 1208 1830 velis
1237 1775 1286 1829 ci
1315 1775 1660 1841 benefacere,
1694 1785 1754 1830 ut
1793 1776 1938 1831 hunc
1969 1778 2023 1830 in

2136 1782 2224 1839 οὖν
2255 1787 2320 1840 σὺ
2362 1787 2437 1856 μὴ
2476 1786 2565 1839 διὰ
2597 1785 2759 1840 τοῦτο
2790 1787 3028 1857 θελήσῃς
3057 1787 3222 1840 αὑτὸν
3250 1784 3591 1854 εὐεργετεῖν,
3621 1782 3699 1833 ἰνα

451 1868 761 1938 lmjusmodi
785 1869 944 1923 malis
973 1869 1180 1931 videas,
1211 1868 1281 1923 ita
1311 1868 1456 1924 enim
1490 1871 1667 1923 victus
1694 1883 1755 1923 es
1783 1885 1811 1922 a
1840 1870 1982 1922 malo
2007 1887 2021 1922 :

447 1968 504 2016 et
533 1959 624 2015 ille
654 1959 872 2030 quidem
903 1959 1260 2013 nihilominus
1289 1975 1409 2028 qua:
1441 1959 1551 2029 pati
1584 1974 1708 2012 eum
1737 1959 2026 2027 Oportebat

449 2049 656 2119 patitur
694 2066 707 2102 :
740 2048 900 2119 373
935 2058 990 2103 tu
1018 2063 1151 2103 vero
1188 2048 1494 2102 mercedem
1532 2048 1818 2118 perdidisti
1849 2049 2026 2125 victus

446 2157 476 2197 a
511 2139 674 2196 malo.
711 2141 880 2210 Magis
912 2151 1094 2197 autem
1131 2141 1174 2196 si
1210 2142 1300 2194 tali
1336 2149 1516 2196 mente
1553 2141 1695 2195 Deus
1732 2149 1783 2196 te
1815 2141 2020 2204 videat,

447 2247 624 2302 neque
652 2242 706 2287 te
730 2231 994 2286 vindicat.
1037 2232 1092 2288 Si
1126 2232 1348 2302 quidem
1384 2233 1588 2287 bonum
1623 2247 1685 2288 ac
1713 2233 1898 2287 mitem
1926 2230 2024 2302 qui

446 2325 649 2398 injuria
675 2324 906 2383 aﬂ'cctus
929 2335 1012 2380 est
1043 2326 1286 2381 vindicat
1317 2340 1334 2378 :
1363 2335 1419 2380 at
1449 2343 1558 2380 non
1597 2326 1748 2380 illum
1776 2326 1869 2396 qui
1897 2326 2021 2380 ani-

446 2435 536 2475 mo
580 2437 645 2478 ac
697 2420 980 2476 Voluntate
1033 2422 1273 2490 seipsum
1315 2421 1464 2475 ultus
1509 2429 1613 2485 est,
1661 2430 1715 2474 et
1749 2436 1847 2490 per
1889 2419 2020 2474 boni

447 2513 827 2582 operationem
866 2513 1121 2568 beneficii
1180 2515 1411 2586 maligne
1441 2525 1526 2568 est
1560 2524 1838 2584 operatus.
1867 2522 1926 2569 ut
1959 2513 2027 2569 il-

448 2605 555 2660 lius
585 2604 951 2660 calamitatem
982 2605 1194 2661 videret
1222 2607 1314 2677 qui
1346 2623 1405 2662 se
1438 2609 1877 2662 contrislaverat.
1909 2608 2020 2663 «Tu

447 2709 578 2764 ergo
607 2693 914 2750 benefacito
943 2705 1004 2750 ut
1045 2697 1231 2752 vincas
1271 2699 1476 2753 malum
1496 2699 1541 2730 "
1575 2715 1590 2764 ;
1627 2717 1644 2750 ι
1686 2707 1739 2753 et
1762 2707 1820 2752 ut
1850 2699 2021 2754 Filius

448 2787 722 2856 elﬁciaris,
746 2789 893 2846 sicut
915 2789 994 2845 ait
1023 2789 1303 2856 Dominus,
1333 2789 1507 2846 Patris
1527 2791 1619 2862 qui
1650 2792 1702 2846 in
1726 2791 1884 2846 caelis
1912 2800 2018 2847 est.

517 2970 657 3032 Xlll,
692 2971 742 3032 l,
763 2969 817 3024 2.
853 2971 1037 3027 Omnis
1065 2973 1244 3026 anima
1268 2975 1609 3042 potestatibus
1631 2977 2022 3044 praeminenti-

2130 1878 2189 1931 ὲν
2237 1877 2499 1941 τοιούτοις
2539 1878 2703 1932 αὐτὸν
2752 1881 2941 1942 κακοῖς
2989 1878 3126 1948 ἴδῃς,
3154 1878 3275 1929 ἐπεὶ
3306 1875 3572 1944 ἐνικήθης
3606 1873 3700 1925 ὑπὸ

2127 1968 2222 2022 τοῦ
2261 1969 2454 2028 κακοῦ,
2487 1973 2740 2034 κάκεῖνος
2793 1971 2893 2039 μὲν
2927 1970 3080 2023 οὐδὲν
3118 1967 3279 2042 ἦττον
3308 1968 3345 2022 ἃ
3374 1968 3481 2020 ἔδει
3509 1965 3701 2018 παθεῖν

2128 2059 2309 2122 αὑτὸν,
2339 2060 2559 2130 πάσχει,
2585 2061 2649 2112 σὺ
2684 2061 2741 2113 δὲ
2771 2060 3061 2123 ἀπώλεσας
3094 2061 3184 2114 τὸν
3215 2057 3426 2129 μισθδι,
3460 2055 3698 2125 νικηθεὶς

2127 2151 2232 2204 ὑπὸ
2261 2152 2352 2204 τοῦ
2387 2152 2582 2206 κακοῦ.
2619 2152 2839 2206 Μᾶλλον
2872 2153 2927 2206 δὲ
2955 2155 3005 2205 εἰ
3029 2153 3285 2222 τοιαύτην
3319 2166 3411 2203 σου
3448 2148 3550 2218 τὴν
3574 2148 3702 2214 γνὼ·

2130 2259 2236 2314 μην
2268 2245 2296 2296 6
2319 2242 2450 2305 Θεὸς
2481 2243 2588 2314 ἴδῃ,
2628 2243 2750 2296 οὐδὲ
2786 2243 3011 2296 ὲκδικεῖ.
3053 2244 3157 2297 Τὸν
3185 2241 3392 2309 ἀγαθὸν
3442 2239 3581 2307 γὰρ,
3623 2235 3702 2288 τὸν

2128 2336 2303 2406 πρᾶον
2329 2334 2420 2387 τὸν
2454 2335 2780 2404 ἀδικηθέντα
2819 2334 3050 2393 tuatua.
3084 2331 3199 2386 ἀλλ’
3225 2332 3346 2402 οὐχὶ
3386 2331 3480 2382 τὸν
3500 2327 3596 2382 διά
3620 2324 3702 2379 τοῦ

2128 2423 2305 2493 θυμοῦ
2356 2424 2450 2476 καί⁸
2493 2423 2594 2492 τῆς
2649 2423 3024 2494 προαιρέσεως
3074 2422 3268 2475 ἑαυτὸν
3312 2419 3701 2486 ἐκδικήσαντα.

2127 2516 2222 2568 καὶ
2271 2514 2359 2568 διὰ
2389 2514 2640 2585 πράξεως
2675 2513 2888 2583 ἀγαθῆς
2924 2515 3022 2585 τῆς
3069 2512 3389 2584 εὐεργεσίας
3437 2526 3702 2578 noun-psa-

2129 2611 2398 2680 σάμενον,
2460 2608 2560 2678 τὴν
2617 2607 2916 2679 διαφθορὰν
2985 2606 3114 2659 ἰδεῖν
3185 2602 3279 2656 τοῦ
3339 2603 3699 2669 λυπήσαντος.

2133 2721 2152 2755 ι
2187 2699 2476 2771 Εύεργέτει
2515 2699 2607 2752 οὖν
2665 2699 2752 2764 σὺ,
2805 2698 2896 2752 ἵνα
2930 2697 3161 2768 νικήσῃς
3210 2693 3270 2748 τὸ
3317 2693 3512 2756 κακὸν,
3551 2711 3572 2742 ι
3619 2692 3703 2743 καὶ

2127 2793 2213 2846 ῖνα
2242 2793 2377 2864 γένῃ
2406 2791 2556 2857 Υἱὸς,
2591 2791 2667 2855 ὡς
2699 2791 2729 2842 6
2756 2789 2986 2860 Κύριος,
3029 2789 3185 2858 φησὶ,
3215 2784 3309 2840 τοῦ
3354 2787 3414 2838 ἑν
3457 2786 3702 2856 ούρανοις

2129 2885 2362 2954 Πατρός.

2196 2977 2370 3031 Πᾶσα
2422 2976 2592 3045 ψυχὴ
2627 2974 2936 3038 ἐξουσίαις
2968 2973 3411 3043 ὑπερεχούσαις
3441 2973 3706 3025 ὑποτασ-

448 3061 541 3114 bus
571 3062 846 3116 subdatur.
859 3061 976 3116 Non
1006 3065 1144 3117 enim
1173 3072 1247 3116 est
1277 3072 1502 3132 potestas
1537 3067 1638 3119 nisi
1665 3084 1696 3120 a
1727 3065 1870 3129 Deo;
1907 3083 2024 3135 quia

2136 3069 2344 3125 γέσθω.
2383 3071 2465 3123 Οὐ
2503 3069 2614 3137 γὰρ
2657 3067 2832 3122 ἔστιν
2853 3065 3131 3130 ἐξουσία,
3172 3065 3225 3118 εἰ
3256 3063 3344 3132 μὴ
3381 3060 3500 3117 ἀπὸ
3536 3057 3699 3114 Θεοῦ.

449 3168 570 3207 vero
609 3161 731 3207 sunt
775 3162 1075 3223 potestates,
1144 3171 1176 3208 a
1217 3153 1324 3208 Deo
1367 3156 1625 3210 ordinata:
1668 3164 1812 3210 sunt.
1837 3155 2026 3227 Itaque

2133 3167 2202 3219 Αἰ
2245 3162 2313 3216 δὲ
2341 3158 2525 3218 οὖσαι
2573 3159 2868 3223 ἐξουσίαι,
2902 3155 3021 3213 ὑπὸ
3051 3155 3200 3211 Θεοῦ
3243 3154 3603 3222 τετιηγιέναι
3633 3154 3703 3204 εί·

451 3247 685 3316 quisquis
719 3249 911 3302 resistit
947 3251 1236 3318 potestati,
1286 3249 1380 3304 Dei
1418 3251 1739 3304 ordinationi
1780 3252 1972 3305 resistit
2007 3267 2024 3305 :

2136 3255 2253 3310 σίν.
2286 3256 2464 3310 Ὥστε
2489 3256 2521 3308 ὀ
2561 3250 3076 3318 ἀντιτασσόμενος
3103 3246 3174 3316 τῇ
3197 3246 3472 3312 ἐξουσία,
3507 3243 3586 3310 τῇ
3610 3242 3702 3297 τοῦ

410 3330 416 3336 ’
451 3339 539 3406 qui
573 3349 751 3393 autem
775 3340 1048 3404 resistunt,
1076 3339 1173 3394 sibi
1195 3340 1320 3410 ipsis
1341 3339 1606 3410 judicium
1641 3339 1917 3408 accipient.

526 3523 822 3592 Postquam
849 3523 1162 3578 auditorum
1190 3531 1405 3577 mentes
1441 3520 1778 3578 suﬂicienter
1806 3537 2030 3592 compo-

453 3615 585 3678 suit.
610 3631 816 3684 eosque
843 3615 1032 3670 docuit
1061 3615 1299 3670 inimicis
1328 3631 1546 3684 quoque
1562 3631 1682 3670 esse
1713 3615 2026 3679 benevolos,

454 3710 597 3766 hanc
625 3709 789 3763 etiam
815 3707 1105 3778 subiungit
1136 3706 1566 3761 admonitionem
1603 3727 1614 3760 :
1651 3723 1870 3762 omnem
1914 3708 2030 3760 ani-

454 3817 598 3856 mam
652 3801 954 3863 instruens,
1005 3799 1121 3855 sive
1159 3799 1415 3854 sacerdos
1457 3799 1528 3854 sit
1559 3800 1831 3869 quispiam
1859 3839 1872 3863 ,
1915 3799 2029 3854 sive

456 3893 782 3958 monachus,
831 3892 947 3947 sive
997 3891 1312 3962 Apostolus,
1353 3900 1413 3945 ut
1448 3891 1858 3962 magistratibus
1898 3891 2031 3947 sub-

454 3985 678 4040 dantur.
709 3985 844 4040 Nam
883 3984 999 4040 iure
1042 3984 1312 4054 subjectio
1359 3999 1468 4038 non
1517 3985 1714 4038 evertit
1746 3984 2026 4052 pietatem.

453 4076 727 4131 Admonet
768 4087 950 4131 autem
1005 4075 1110 4129 boc
1147 4073 1440 4144 Apostolus
1471 4112 1488 4135 ,
1539 4072 1834 4128 ostendens
1883 4072 2029 4143 quod

455 4168 814 4238 Evangelium
861 4183 971 4223 non
1003 4168 1198 4225 doceat
1234 4167 1596 4224 defectionem
1627 4183 1804 4236 neque
1837 4167 2031 4222 inobe-

456 4261 718 4316 dientiam
749 4268 845 4323 aut
867 4259 1297 4320 contumaciam.
1325 4260 1418 4314 sed
1452 4243 1891 4314 benevolentiam
1927 4273 2034 4313 ma-

455 4353 541 4424 gis
563 4367 626 4408 ac
654 4351 1052 4408 obedientiam.
1083 4379 1153 4391 ——
1182 4351 1302 4408 Alio
1337 4351 1507 4406 modo.
1551 4351 1796 4420 Magnam
1828 4350 2033 4420 ubique

453 4439 654 4507 capitis
699 4439 862 4509 hujus
924 4440 1193 4496 rationem
1251 4439 1438 4501 habet.
1489 4440 1788 4496 ostendens
1821 4455 1928 4494 non
1964 4439 2032 4494 ad

454 4530 872 4586 subversionem
918 4531 1228 4588 communis
1285 4531 1588 4600 disciplinae
1629 4531 1833 4587 Christi
1887 4531 2036 4602 leges

2130 3348 2284 3404 Θεοῦ
2317 3346 2568 3416 διαταγῇ
2601 3346 2997 3412 ἀνθέστηκεν.
3031 3344 3098 3396 οι
3129 3339 3198 3394 δὲ
3241 3336 3702 3404 ἀνθεστηκότες,

2127 3440 2364 3505 ἑαυτοῖς
2387 3439 2564 3508 κρῖμα
2583 3437 2907 3505 λήψονται.

2211 3532 2429 3601 Ἐπειδὴ
2490 3531 2688 3592 ἱκανῶς
2730 3531 3030 3598 κατήρτισε
3075 3525 3145 3578 τὰ
3194 3521 3301 3593 ἤθη
3338 3520 3450 3576 τῶν
3479 3518 3705 3575 ἀκοῶν-

2127 3643 2257 3686 των,
2286 3623 2381 3677 καὶ
2415 3621 2652 3687 ἐδίδαξεν
2687 3621 2883 3682 αὐτοὺς
2913 3618 3008 3671 καὶ
3026 3615 3242 3686 ἐχθροῖς
3267 3609 3406 3666 εἶναι
3435 3612 3704 3681 εὐμενεῖς,

2130 3719 2343 3784 εἰσάγει
2387 3715 2484 3770 καὶ
2529 3713 2734 3783 ταύτην
2773 3713 2870 3781 τὴν
2897 3709 3247 3780 παραίνεσιν,
3286 3703 3574 3760 παιδεύων
3610 3703 3706 3756 πᾶ-

2133 3829 2232 3866 σαν
2276 3811 2476 3880 ψυχὴν,
2529 3807 2632 3860 κᾶν
2691 3805 2868 3874 ἱερεὺς
2988 3817 3096 3866 τις,
3143 3797 3249 3854 κᾶν
3295 3795 3528 3866 μοναχὸς
3556 3834 3574 3859 ,
3613 3795 3706 3847 κᾶν

2131 3903 2451 3965 ἀπόστολος,
2494 3895 2896 3954 ὑποτάσσεσθαι
2931 3894 3045 3955 τοῖς
3096 3890 3379 3959 ἄρχουσιν.
3407 3887 3564 3955 Αῦτη
3611 3887 3706 3951 γὰρ

2129 3999 2163 4068 ὴ
2198 3994 2444 4061 ὑποταγὴ
2493 3991 2600 4044 οὐκ
2628 3988 2926 4058 ἀνατρέπει
2957 3981 3054 4054 τὴν
3101 3979 3404 4042 εὐσέϐειαν.
3451 3974 3709 4047 [lup-nui

2131 4089 2187 4142 δὲ
2212 4084 2371 4139 τοῦτο
2397 4085 2424 4136 6
2461 4080 2804 4142 Ἀπόστολος,
2841 4076 3106 4131 δεικνύων
3132 4075 3213 4126 ὃτι
3246 4072 3346 4125 οῦκ
3373 4069 3708 4123 ἀποστασίαν

2132 4179 2372 4232 διδάσκει
2421 4175 2482 4228 τὸ
2528 4171 2861 4240 Εύαγγέλιον
2897 4167 3020 4222 οὐδὲ
3065 4165 3376 4227 ἀπείθειαν,
3405 4162 3547 4216 ἀλλὰ
3581 4159 3708 4229 μᾶλα

2133 4265 2224 4318 λον
2257 4261 2676 4334 εὐγνωμοσύνην
2711 4261 2804 4312 καὶ⁵
2829 4256 3158 4311 εὐπείθειαν.
3192 4285 3262 4296 ——
3285 4254 3543 4316 Ἄλλως.
3584 4251 3707 4304 [loll-

2133 4354 2230 4426 λὴν
2274 4355 2369 4408 τοῦ
2417 4351 2715 4420 κεφαλαίου
2746 4348 2938 4402 τούτου
2974 4342 3251 4413 πανταχοῦ
3301 4344 3540 4398 ποιεῖται
3586 4341 3708 4410 πρό-

2133 4465 2302 4508 νοιαν.
2343 4444 2577 4507 δεικνὺς,
2609 4442 2710 4495 οὐκ
2733 4441 2828 4492 ἐπὶ
2865 4437 3224 4506 καταστροφῇ
3264 4434 3364 4503 τῆς
3407 4432 3600 4500 κοινῆς
3629 4433 3709 4483 εύ-

2135 4538 2322 4602 ταξίας
2355 4537 2480 4597 τοὺς
2511 4533 2604 4586 τοῦ
2653 4529 2889 4604 Χριστοῦ
2924 4530 3122 4598 νόμους
3171 4523 3334 4587 εἶναι,
3373 4526 3471 4578 καὶ
3495 4525 3577 4577 ὃτι
3624 4523 3708 4589 ἁρ-

454 4638 576 4679 esse
606 4642 619 4678 :
653 4638 890 4693 cumque
919 4622 1253 4681 suiIicientes
1294 4623 1405 4679 sint
1450 4624 1545 4692 qui
1587 4623 1834 4680 venitatis
1865 4637 2026 4679 causa

2140 4595 2424 4683 xox'iat'xa‘t
2462 4595 2516 4679 οἰ
2551 4625 2638 4678 διά
2681 4595 2780 4693 τὴν
2813 4595 3075 4693 ἀλήθειαν
3107 4618 3499 4687 πολεμοῦντες,
3529 4617 3704 4684 φησιν.

458 4715 662 4770 bellum
696 4717 748 4770 in
779 4733 878 4771 nos
905 4725 1116 4788 gerant,
1145 4717 1297 4787 quid,
1338 4717 1534 4786 inquit,
1557 4732 1781 4772 necesse
1814 4731 1898 4773 est
1930 4733 2032 4772 no-

462 4806 550 4860 bis
581 4807 713 4877 ipsis
741 4809 1050 4879 superﬂuos
1080 4824 1378 4880 procurare
1408 4808 1798 4864 aduersarios?
1855 4827 1872 4860 ι
1911 4810 2033 4864 Non

461 4897 610 4954 enim
656 4907 741 4954 est
773 4909 1035 4967 potestas.
1079 4918 1096 4952 ι
1145 4899 1263 4954 Non
1296 4899 1409 4953 haec
1443 4899 1510 4953 de
1541 4913 1867 4968 quocunque
1901 4898 2038 4953 dicit

463 4989 731 5060 principe,
753 4991 846 5045 sed
876 4992 943 5045 de
976 4992 1092 5060 ipso
1110 4991 1441 5061 principatu.
1470 4989 1737 5056 Quoniam
1763 4991 1907 5043 enim
1935 4991 2036 5044 ho-

461 5081 617 5136 noris
643 5096 707 5136 ac
725 5082 1058 5136 conditionis
1080 5083 1362 5151 inqualitas
1390 5083 1445 5136 in
1467 5081 1744 5146 omnibus,
1778 5083 2036 5138 seditiosa

461 5189 554 5232 res
582 5181 702 5226 erat
729 5213 742 5236 ,
777 5173 922 5226 Deus
954 5182 1254 5240 potestates
1281 5175 1550 5242 adiunxit.
1587 5203 1656 5214 —
1684 5173 1864 5228 Aliter.
1895 5173 2035 5240 Quid

459 5264 543 5319 ais
569 5263 592 5317 ’ἰ
624 5263 718 5324 Est
748 5263 1006 5332 princeps
1040 5265 1218 5318 omnis
1243 5281 1270 5316 a
1297 5265 1407 5319 Deo
1451 5264 1730 5320 traditus?
1761 5265 1878 5318 Non
1912 5265 2034 5327 hoc,

462 5355 662 5425 inquit.
697 5356 842 5417 dico,
870 5369 1046 5424 neque
1085 5355 1216 5408 milii
1245 5371 1390 5410 nunc
1423 5357 1491 5412 de
1518 5358 1748 5427 singulis
1777 5357 2040 5427 principi-

463 5449 572 5506 bus
602 5462 806 5508 sermo,
848 5447 941 5500 sed
967 5447 1034 5501 de
1069 5462 1126 5501 re
1164 5447 1302 5515 ipsa.
1332 5449 1676 5518 Principatus
1705 5449 1852 5503 enim
1895 5464 2036 5514 esse,

461 5551 524 5598 et
553 5541 702 5595 hunc
729 5539 951 5610 quidem
991 5541 1318 5610 gubernare,
1349 5540 1516 5596 alium
1549 5557 1680 5597 vero
1723 5542 2037 5612 gubernari,

468 5647 571 5692 nec
599 5633 782 5688 omnia
811 5647 1028 5686 sursum
1055 5648 1118 5690 ac
1139 5633 1396 5687 deorsum
1427 5631 1574 5697 ferri,
1605 5633 1806 5688 divinae
1833 5633 2042 5702 sapien-

552 5811 596 5846 ”
621 5811 807 5867 Matth.
845 5826 924 5874 tu,
959 5813 1046 5872 45.

2142 4724 2292 4793 ἡμῖν,
2331 4722 2422 4773 καὶ
2452 4718 2506 4771 τί
2554 4718 2634 4771 δεῖ
2679 4717 2777 4769 καὶ
2813 4717 2960 4786 ἡμᾶς
2995 4711 3284 4782 περιττοὺς
3310 4711 3546 4764 ἓπινοεῖν
3583 4707 3707 4775 ἡμῖν

2143 4813 2326 4874 αὐτοῖς
2351 4809 2669 4879 πολεμίους
2709 4825 2727 4858 ι
2755 4807 2831 4859 Ού
2857 4806 2966 4874 γὰρ
2996 4803 3144 4856 ἔστιν
3185 4800 3422 4866 ἐξουσία.
3457 4817 3476 4849 ι
3513 4798 3588 4851 Οὐ
3622 4813 3709 4847 πε-

2145 4905 2200 4974 ρὶ
2233 4903 2326 4956 τοῦ
2384 4902 2509 4956 καθ’
2569 4900 2804 4954 ἕκαστον
2842 4898 3103 4967 ἄρχοντος
3155 4895 3328 4948 ταῦτα
3375 4892 3544 4958 λέγει,
3583 4889 3707 4940 ἀλλά

2142 4994 2273 5064 περὶ
2322 4992 2492 5061 αὐτῆς
2541 4990 2639 5059 τῆς
2677 4988 2870 5057 ἀρχῆς.
2915 4983 3138 5054 Ἐπειδὴ
3185 4984 3294 5051 γὰρ
3347 4980 3408 5033 τδ
3455 4980 3709 5048 ὁμότιμον

2145 5081 2437 5144 στασιῶδες
2473 5077 2562 5151 ἦν,
2610 5083 2906 5152 εἰσήγαγεν
2956 5077 2984 5130 6
3037 5075 3170 5136 Θεὸς
3209 5075 3306 5134 τὰς
3345 5069 3615 5135 ἐξουσίας.
3645 5094 3709 5106 -

2147 5179 2402 5240 Ἄλλως.
2447 5176 2511 5226 Τί
2542 5175 2760 5240 λέγειςς
2801 5174 2905 5235 πᾶς
2936 5170 3119 5239 ἄρχων
3168 5168 3272 5220 ὑπὸ
3299 5165 3438 5220 Θεοῦ
3467 5178 3708 5233 κεχειρο-

2142 5269 2365 5337 τόνηται
2388 5283 2404 5330 ;
2429 5267 2504 5319 Οὺ
2536 5265 2693 5318 τοῦτο
2733 5264 2898 5332 λέγω.
2925 5262 3112 5332 φησὶν,
3137 5260 3257 5314 οὐδὲ
3295 5259 3426 5328 περὶ
3455 5255 3562 5310 τῶν
3592 5252 3706 5308 καθ’

2143 5358 2376 5412 ἕκαστον
2407 5355 2682 5425 ἀρχόντων
2718 5354 2745 5406 ὁ
2779 5353 2935 5420 λόγος
2970 5368 3061 5421 μοι
3112 5349 3230 5413 νῦν,
3265 5348 3399 5401 ἀλλά
3450 5343 3588 5412 περὶ,
3618 5340 3706 5394 τοῦ

2147 5451 2471 5520 πράγματος
2510 5447 2697 5500 αὐτοῦ.
2735 5447 2808 5498 T6
2860 5445 2972 5514 γὰρ
3011 5443 3186 5514 ἀρχὰς
3235 5437 3398 5504 εἶναι,
3450 5438 3539 5493 καὶ
3585 5436 3706 5494 τοὺς

2150 5541 2248 5610 μὲν
2274 5540 2483 5608 ἄρχειν,
2513 5538 2641 5600 τοὺς
2664 5537 2707 5592 δ’
2731 5536 3018 5608 ἄρχεσθαι,
3060 5535 3155 5589 καὶ
3186 5535 3262 5604 μὴ
3293 5534 3407 5588 ἀνω
3441 5531 3528 5584 καὶ
3560 5529 3706 5582 κάτω

2147 5631 2213 5684 τὰ
2250 5632 2429 5684 πάντα
2455 5629 2738 5699 φέρεσθαι,
2765 5627 2862 5694 τῆς
2902 5625 2993 5680 τοῦ
3027 5624 3160 5680 Θεοῦ
3204 5623 3395 5692 σοφίας
3425 5621 3580 5692 ἔργον
3608 5632 3703 5685 φη-
