3880 6550
252 391 349 454 δτι

1312 387 1701 448 (ΞΟΜΜΕΝΤο
1736 386 1814 446 IN
1858 386 2094 446 EPIST.
2137 387 2235 448 AD
2265 389 2446 450 ΗΘΜ.

3386 396 3492 458 578

246 509 302 571 μζ
333 498 499 554 εἶναι.
549 499 660 553 θῦν
711 493 829 551 εἷπε
866 498 976 570 γὰρ
1023 499 1102 551 δτι
1133 497 1232 550 οὐκ
1274 497 1420 550 ἔστιν
1469 497 1675 566 ἄρχων,
1704 497 1801 550 ἀλλ

1925 497 2010 551 tia:
2041 513 2180 566 Opus
2211 514 2331 553 esse
2375 499 2520 554 dico.
2565 498 2848 570 Siquidem
2891 515 2999 555 non
3035 499 3193 556 dixit.
3243 503 3362 558 Non
3412 509 3495 559 es!

242 597 336 649 οὐκ
379 593 529 645 εστιν
569 591 785 655 ἐξουσία
833 592 880 643 ει
933 591 1007 661 μὴ
1059 592 1166 644 ἀπὸ
1197 589 1353 645 Θεοῦ.
1393 609 1410 639 ι
1439 590 1504 642 At
1550 589 1608 642 δὲ
1662 585 1818 642 οὖσαι

241 685 532 750 ιξυωῑω.»
562 684 715 736 Κνατά
741 681 832 734 τοῦ
861 681 1026 734 αὑτοῦ
1055 678 1230 735 εἶπεν.
1268 681 1452 734 Εἰπὼν
1478 681 1609 752 γὰρ,
1651 701 1667 731 ι
1705 681 1818 734 Οὐκ

240 776 387 828 [στιν
429 772 647 837 δξουσία
679 771 808 840 εἰμὴ
847 773 957 824 ἀπὸ
994 771 1151 837 Θεοῦ,
1185 771 1348 824 πάλιν
1377 771 1437 822 τὸ
1473 771 1608 824 αὐτὸ
1646 771 1815 836 λέγει.

246 868 340 920 ιΑί
379 865 440 916 δὲ
475 863 658 928 οὖσαι,
678 867 864 932 φησιν,
900 862 1162 928 ἐξουσίαι,
1206 864 1310 915 ὑπὸ
1336 862 1431 915 τοῦ
1461 861 1597 914 Θεοῦ
1624 879 1818 929 τεταγ-

247 959 403 1026 μέναι
439 957 634 1020 είσὶν,›
669 952 782 1006 οἷον
815 957 1114 1022 γεγονυῖαι.
1151 955 1208 1007 Ὁ
1238 954 1393 1018 Θεὸς,
1424 957 1607 1023 φησιν,
1633 953 1816 1017 ἔταξε,

240 1047 334 1100 καὶ
379 1045 654 1115 διῴκησεν
695 1044 885 1107 αὐτάς.
911 1073 980 1084 —
1008 1045 1256 1110 Ἄλλως.
1299 1045 1476 1096 Πᾶσαι
1513 1041 1606 1096 οῦν
1667 1043 1817 1106 ἐξου-

238 1136 350 1189 σίαι
388 1137 494 1188 ὑπὸ
527 1133 663 1187 Θεοῦ
706 1133 1124 1202 διατεταγμέναι
1173 1135 1331 1196 εἰσὶν,
1357 1128 1472 1186 οἷον
1517 1135 1817 1201 γεγονυῖαι,

234 1227 450 1281 οταν-ἃν
487 1226 788 1295 σκοπήσῃς,
826 1225 931 1278 κᾶν
969 1225 1070 1294 τὴν
1117 1223 1211 1276 τοῦ
1247 1223 1451 1295 πατρδς
1492 1225 1628 1294 πρὸς
1677 1225 1814 1286 υἱον,

237 1320 344 1373 κᾶν
363 1319 462 1389 τὴν
483 1317 674 1387 ἀνδρὸς
694 1317 828 1388 πρὸς
847 1318 1103 1385 γυναῖκα,
1128 1315 1230 1370 κᾶν
1259 1315 1354 1379 τὰς
1381 1317 1544 1380 ἄλλας
1576 1317 1814 1378 ἁπάσας.

233 1412 347 1466 Καὶ
363 1410 461 1472 ⁵τὰς
489 1413 545 1463 ὲν
565 1413 676 1472 τοῖς
694 1408 851 1473 ζώοις
865 1408 944 1473 δὲ,
963 1408 1038 1472 ὡς
1054 1408 1162 1461 τῶν
1182 1409 1472 1478 μελισσῶν,
1489 1410 1562 1472 ὡς
1592 1409 1700 1463 τῶν
1725 1426 1816 1476 γε-

233 1505 441 1574 ράνων,
459 1502 652 1564 ὠςτῶν
669 1501 887 1571 ἰχθύων.
911 1519 930 1551 ι
943 1501 1105 1554 Ὥστε
1122 1503 1150 1554 ὁ
1167 1504 1642 1571 ἀντιτασσόμενος.
1658 1521 1676 1552 ι
1700 1503 1816 1554 Ἵνα

231 1596 312 1666 μὴ
336 1593 702 1658 εὐτελίζεσθαι
724 1594 1022 1662 νομίζωσιν
1042 1595 1089 1646 οἱ
1109 1591 1202 1646 τοῦ
1221 1593 1457 1663 Χριστοῦ
1484 1593 1657 1646 δοῦλοι
1685 1593 1817 1646 ὐπο-

233 1688 563 1756 τασσόμενοι
611 1686 860 1758 ἄρχουσι,
905 1685 1184 1738 δείκνυσιν
1231 1687 1314 1738 ὅτι
1371 1686 1476 1756 χρὴ
1528 1686 1814 1739 πείθεσθαι

229 1780 330 1830 καὶ
358 1779 432 1848 μὴ
464 1778 904 1843 ἀντιτάσσεσθαι,
939 1777 1074 1849 μηδὲ
1105 1777 1348 1830 ἀπειθεῖν
1376 1781 1489 1842 τοῖς
1532 1779 1810 1850 ἄρχουσιν.

242 1869 335 1931 Ὠς
368 1870 463 1936 ὅγε
503 1869 661 1922 τοῦτο
693 1870 886 1934 ποιῶν,
939 1870 1090 1939 φησὶ,
1139 1869 1261 1940 Θεῷ
1293 1869 1561 1937 ἀντιλέγει
1605 1870 1682 1940 τῷ
1714 1887 1810 1922 πε-

227 1963 490 2029 ποιηκότι
522 1961 626 2024 τὰς
668 1962 871 2031 ἀρχάς.
911 1978 940 2013 -ι
973 1962 1052 2031 Τῇ
1086 1960 1178 2013 τοῦ
1220 1960 1354 2013 Θεοῦ
1405 1961 1632 2032 διαταγῇ
1683 1961 1807 2015 ἀνθ-

224 2051 519 2120 ίστηκενδ
582 2082 650 2098 ..-
683 2050 886 2124 [ΦΩΤ.]
929 2051 1228 2122 Κερδανεῖς
1259 2051 1572 2114 κάντεῦθεν,
1623 2052 1807 2123 φησὶν,

226 2141 691 2213 ὑποτασσόμενος.
731 2144 792 2196 οὐ
835 2144 996 2212 μόνον
1041 2144 1120 2196 ὅτι
1162 2145 1381 2214 ἐντολὴν
1419 2144 1665 2215 πληροῖς,
1693 2144 1808 2196 ἀλλ’

228 2233 312 2285 δτι
345 2235 442 2286 καὶ
469 2235 560 2286 τὸν
588 2237 721 2288 Θεὸν
745 2236 928 2305 τιμᾷς,
963 2235 1139 2305 τιμῶν
1161 2236 1257 2308 τὴν
1291 2237 1380 2289 ὑπ’
1414 2236 1576 2288 αὑτοῦ
1610 2252 1808 2296 τεταγ-

231 2324 406 2393 μένην
434 2322 706 2390 ἐξουσίαν,
754 2325 964 2378 καὶτὸν
1006 2327 1213 2395 ταύτην
1239 2326 1564 2396 χειρίζοντα.
1612 2328 1809 2380 Maxi-

233 2432 347 2486 ριος
374 2418 402 2468 ὁ
428 2417 597 2479 οὕτως
625 2419 717 2470 καὶ
746 2418 835 2470 διὰ
864 2417 1040 2471 ταῦτα
1074 2419 1171 2488 τὴν
1202 2418 1449 2482 ἐξουσίαν
1487 2417 1665 2487 τιμῶν
1711 2419 1806 2471 καὶ

227 2511 689 2579 ὑποτασσόμενος,
725 2510 913 2581 ὥσπερ
947 2511 1147 2573 ἅθλιος,
1184 2512 1212 2564 ὁ
1250 2511 1337 2564 διὰ
1375 2510 1545 2564 ταῦτα
1569 2511 1642 2582 μὴ
1673 2512 1804 2564 ὐποο

223 2601 506 2670 κείμενος.
542 2601 649 2653 Καὶ
672 2602 782 2672 γὰρ
807 2600 1031 2654 διπλοῦν
1071 2602 1405 2671 ἀποφέρεται
1430 2605 1622 2673 κρῖμα,
1652 2602 1802 2673 πρῶ-

222 2708 318 2744 τον
353 2695 417 2744 ὲκ
446 2690 541 2743 τοῦ
564 2690 721 2756 Θεοῦ,
757 2693 838 2744 ὅτι
866 2691 965 2763 τὴν
992 2693 1084 2744 ὑπ’
1143 2691 1306 2745 αὑτοῦ
1338 2695 1679 2766 τεταγμένην
1709 2695 1802 2747 καὶ

1919 589 2196 659 princeps,
2237 607 2262 643 s
2296 592 2330 644 d
2389 611 2404 642 ι
2443 591 2561 646 Non
2604 601 2687 646 est
2731 599 2974 661 potestas
3011 593 3116 648 nisi
3147 610 3176 647 a
3206 594 3336 648 Deo.
3375 613 3392 646 ι
3427 625 3497 638 ——

1925 697 1942 729 ι
1981 679 2111 745 ριιτε
2144 697 2274 734 vero
2303 691 2431 736 sunt
2463 695 2781 752 potestates.
2817 704 2833 735 ι
2883 685 3182 738 θε-εοάειιι
3229 686 3495 756 loquitur.

1917 769 2052 823 Cum
2085 771 2232 824 enim
2264 772 2485 838 dixerit,
2521 793 2538 824 ι
2569 775 2688 829 Non
2718 783 2798 828 est
2830 783 3072 844 potestas
3104 776 3205 829 nisi
3236 793 3264 830 a
3301 777 3430 838 Deo,
3471 796 3492 828 ι

1919 876 2138 914 rursum
2175 863 2316 916 idem
2346 863 2516 918 dixit:
2545 864 2676 930 Quae
2692 881 2822 920 vero
2846 877 2973 920 sunt
2990 875 3306 936 potestates,
3333 850 3498 943 37%

1917 967 1948 1004 a
1988 952 2098 1006 Deo
2143 961 2274 1006 sunt
2319 955 2585 1009 ordinatae
2639 957 2754 1011 sive
2805 957 2981 1021 facite,
3019 977 3036 1008 ι
3081 959 3246 1020 Deus,
3289 962 3490 1030 inquit,

1920 1041 2040 1095 illas
2086 1042 2365 1096 ordinavit
2421 1059 2484 1098 ac
2521 1044 2814 1112 disposuit.
2850 1064 2868 1096 ι
2925 1079 2992 1090 —
3046 1047 3237 1102 Aliter.
3289 1050 3494 1105 Omnes

1913 1147 2049 1202 ergo
2098 1142 2398 1202 potestates
2445 1150 2475 1188 a
2529 1136 2641 1190 Deo
2687 1137 2951 1192 ordinata:
2987 1139 3101 1193 sive
3144 1141 3300 1195 facta:
3341 1149 3490 1206 sunt,

1917 1240 2301 1295 quamcunque
2327 1226 2762 1280 consideraveris
2791 1245 2803 1280 :
2829 1229 2941 1282 sive
2965 1231 3138 1297 patris
3159 1244 3286 1300 erga
3313 1231 3487 1284 tilium

1919 1316 2034 1370 sive
2056 1317 2160 1370 viri
2193 1332 2320 1388 erga
2349 1333 2599 1382 uxorem,
2632 1318 2746 1372 sive
2767 1318 2900 1373 alias
2927 1335 3136 1385 omnes,
3167 1321 3330 1374 etiam
3371 1333 3492 1390 qua:

1919 1406 1975 1460 in
2012 1409 2341 1463 animalibus
2375 1417 2524 1473 sunt,
2558 1420 2688 1479 puta
2727 1411 2941 1478 apibus,
2967 1411 3196 1480 gruibus
3229 1428 3291 1466 ac
3321 1414 3491 1482 pisci-

1918 1499 2042 1554 bus.
2101 1520 2116 1550 I
2151 1501 2338 1570 Itaque
2373 1503 2623 1571 quisquis
2664 1503 2890 1557 resistit.
2927 1521 2944 1552 ι
3007 1504 3085 1558 Ne
3116 1506 3314 1574 abjecti
3339 1505 3490 1560 vide-

1920 1601 2116 1646 rentur
2149 1593 2355 1648 Christi
2392 1595 2534 1648 serti
2571 1595 2615 1648 si
2659 1595 2999 1665 principibus
3042 1597 3486 1666 sulijicerentur:

1918 1683 2154 1737 ostendit
2183 1682 2330 1753 quod
2375 1692 2560 1752 patere
2591 1695 2840 1753 oporteat
2873 1695 2924 1740 et
2963 1701 3070 1739 non
3106 1688 3361 1741 resistere
3395 1697 3491 1743 aut

1920 1773 2302 1828 inobedieutes
2347 1789 2468 1828 esse
2508 1774 2870 1844 principibus.
2903 1776 3038 1830 Nam
3074 1778 3165 1846 qui
3198 1777 3302 1832 hoc
3339 1778 3486 1842 facit.

1919 1865 2050 1928 Deo,
2112 1864 2311 1933 inquit,
2368 1866 2575 1920 resistit
2625 1867 2719 1935 qui
2781 1867 3127 1937 principatus
3179 1870 3486 1924 constituit.

1925 1975 1942 2006 ι
1975 1957 2072 2009 Dei
2132 1956 2468 2010 ordinatioui
2523 1959 2747 2012 resistit.
2791 1975 2809 2009 ›
2866 1957 3004 2013 Hinc
3055 1960 3218 2013 ctiam
3274 1961 3490 2014 lucrum

1917 2047 2050 2103 facis
2083 2050 2179 2113 ait,
2230 2050 2376 2118 quod
2417 2050 2710 2104 subderis:
2763 2067 2870 2104 non
2905 2053 3080 2105 solum
3116 2052 3242 2123 quia
3286 2069 3490 2124 praece-

1915 2150 2068 2211 ptum
2117 2143 2376 2211 comples,
2421 2157 2611 2195 verum
2656 2143 2819 2196 etiam
2860 2143 2986 2212 quia
3019 2145 3188 2198 Deum
3229 2145 3484 2209 bonoras,

1917 2241 2241 2302 potestatem
2265 2233 2332 2286 ab
2353 2234 2469 2302 ipso
2494 2233 2802 2288 ordinatam
2823 2249 2885 2288 ac
2911 2236 3160 2290 traditam
3187 2237 3484 2293 honoraris.

1916 2324 2113 2378 Beatus
2139 2323 2231 2393 qui
2263 2323 2368 2378 hoc
2388 2325 2552 2378 modo
2581 2333 2635 2379 et
2666 2334 2889 2395 propter
2914 2326 3015 2379 ista
3041 2335 3364 2396 potestatem
3391 2327 3490 2382 ho-

1912 2424 2076 2469 norat
2099 2417 2260 2484 eique
2292 2415 2585 2469 subditur:
2617 2416 3076 2485 quemadmodum
3101 2419 3266 2472 miser
3288 2417 3486 2488 estqui

1917 2517 2140 2575 propter
2171 2507 2284 2561 haec
2315 2522 2422 2560 non
2449 2505 2720 2560 subditur.
2749 2507 3030 2577 Siquidem
3065 2507 3264 2578 duplex
3297 2525 3490 2578 repor-

1917 2607 1994 2651 tat
2027 2598 2317 2670 judicium.
2361 2597 2603 2651 Primum
2646 2613 2676 2652 a
2725 2599 2858 2666 Deo,
2901 2599 3046 2667 quod
3077 2601 3386 2653 ordinatam
3421 2613 3486 2654 ac

1913 2690 2192 2744 deﬁnitam
2238 2691 2306 2743 ab
2337 2705 2402 2744 eo
2431 2697 2755 2760 potestatem
2793 2691 3094 2745 contemnit
3126 2707 3140 2744 :
3189 2690 3432 2747 secundo
3452 2705 3484 2745 a

220 2784 541 2853 ὁρισθεῖσαν
588 2785 763 2855 ἀρχὴν
804 2785 1091 2849 ἑξουθενεῖ.
1143 2784 1425 2856 Δεύτερον,
1465 2787 1558 2839 καὶ
1601 2789 1664 2840 ἐκ
1695 2787 1802 2840 τῶν

1912 2779 2185 2847 despectis
2233 2778 2595 2847 principibus.
2661 2777 2796 2833 Vide
2845 2793 3026 2833 autem
3073 2791 3128 2836 et
3185 2781 3398 2834 lucrum
3451 2793 3484 2834 α

223 2876 621 2945 ἠτιμασμένων
660 2875 956 2946 ἀρχόντων.
986 2875 1128 2948 Ὅρα
1157 2876 1212 2928 δὲ
1241 2878 1334 2928 xui
1371 2876 1432 2929 τὸ
1471 2878 1659 2948 κέρδος
1695 2879 1800 2931 τῶν

1912 2870 2249 2939 principibus
2274 2878 2583 2937 acceptum,
2620 2869 2916 2938 prohibent
2959 2871 3152 2935 malos,
3189 2871 3483 2924 exhortan-

219 2971 538 3038 ἀρχόντωνο
572 2969 856 3021 κωλύουσι
899 2969 1023 3032 τοὺς
1073 2968 1307 3036 φαύλους
1331 3009 1348 3033 ,
1401 2970 1800 3042 προτρέπονται

1912 2973 2000 3018 tur
2033 2964 2255 3034 probos,
2288 2979 2411 3019 cum
2457 2963 2606 3034 ipsos
2644 2962 2915 3017 honorent
2962 2973 3016 3017 et
3060 2963 3388 3018 admoneant
3413 2962 3480 3017 ad

220 3061 353 3123 τοὺς
385 3059 729 3125 σπουδαίους,
757 3061 824 3113 δι’
855 3056 928 3114 ὧν
960 3062 1154 3124 αὐτοὺς
1196 3063 1400 3132 τιμῶσι
1429 3063 1524 3115 καὶ
1549 3065 1798 3117 ἐπαινοῦ-

1912 3057 2188 3110 virtutem.
2223 3055 2451 3124 Oportet
2478 3055 2638 3125 igitur
2662 3055 2807 3124 ipsos
2837 3055 3112 3123 suscipere
3139 3055 3302 3109 etiam
3334 3054 3404 3108 ob
3426 3054 3481 3108 id

220 3168 310 3204 σιν
340 3151 420 3212 εις
452 3152 674 3222 ἀρετήν.
726 3153 847 3224 Χρὴ
900 3150 992 3206 οὖν
1038 3153 1234 3218 αὐτοὺς
1280 3154 1658 3222 ἀποδέχεσθαι,
1704 3156 1796 3208 καὶ

1912 3148 2033 3216 quia
2057 3147 2148 3200 Dei
2167 3146 2402 3200 ministri
2425 3157 2572 3208 sunt,
2592 3146 2861 3200 voluntati
2889 3147 2982 3200 Dei
3001 3148 3399 3216 obsequentes;
3424 3155 3482 3201 et

217 3243 313 3296 διὰ
337 3244 518 3306 τοῦτο.
569 3247 665 3298 καὶ
693 3246 776 3298 ὅτι
806 3244 942 3298 Θεοῦ
973 3245 1209 3298 διάκονοί
1259 3247 1384 3308 εἰσι,
1417 3245 1494 3313 τῷ
1537 3245 1802 3315 θελήματι

1912 3241 2072 3293 tertio
2104 3240 2247 3308 quod
2269 3239 2504 3307 propriis
2523 3239 2750 3296 relictis.
2773 3239 3143 3293 communium
3168 3253 3356 3292 curam
3379 3239 3480 3292 hac

219 3334 393 3386 αὐτοῦ
431 3333 888 3404 ὑπηρετούμειιοι.
937 3336 1052 3388 Καὶ
1083 3336 1288 3406 τρίτον,
1337 3337 1418 3388 ὃτι
1447 3336 1516 3388 τὰ
1571 3336 1676 3388 ῖδια
1724 3335 1802 3387 λι·

1912 3329 2085 3388 beaut,
2109 3328 2478 3396 proximorum
2504 3327 2736 3381 utilitate
2755 3326 3131 3380 incumbentes
3153 3345 3165 3380 :
3186 3335 3235 3380 et
3257 3327 3479 3396 propria

220 3425 443 3485 πάντες,
471 3425 610 3494 ὑπὲρ
647 3424 756 3476 τῶν
801 3425 997 3480 κοινῶν
1030 3427 1398 3496 φροντίζουσι,
1431 3429 1495 3496 τῇ
1525 3427 1632 3478 τῶν
1671 3425 1802 3495 πλη-

1912 3421 2091 3489 requie
2116 3418 2434 3487 postposita,
2466 3417 2712 3471 laborem
2750 3433 2850 3487 pro
2876 3417 3314 3491 illissuscipiant.
3347 3417 3481 3483 Quis

220 3512 341 3565 σίον
365 3513 607 3585 ὠφελείᾳ
640 3515 1208 3584 προσκαρτεροῦντες,
1256 3518 1350 3568 καὶ
1399 3516 1504 3587 πρὸ
1543 3515 1638 3585 τῆς
1671 3515 1802 3578 ἰδίας

1912 3513 2024 3577 hos,
2057 3512 2102 3564 si
2138 3511 2322 3564 nullus
2347 3512 2513 3564 etiam
2549 3511 2800 3566 subesset
2830 3511 3015 3576 timor,
3047 3528 3112 3566 ex
3145 3513 3259 3582 ipsa
3283 3513 3478 3583 judicii

217 3603 485 3668 ἀνέσεως,
511 3605 603 3658 τὸν
627 3607 767 3676 ὑπὲρ
793 3607 900 3659 τῶν
937 3606 1162 3661 ἐκείνων
1193 3607 1357 3660 πόνον
1389 3607 1795 3678 ἀναδεχόμεναι.

214 3697 319 3760 Τίς
359 3696 601 3763 τούτους,
628 3699 678 3751 εί
707 3701 813 3752 -καὶ
841 3702 1004 3770 μήτις
1031 3700 1194 3770 φόϐος
1233 3701 1507 3764 ἐπέκειτο,
1544 3700 1601 3766 ἐξ
1631 3699 1798 3769 αὐτῆς

211 3787 312 3840 τοῦ
363 3789 665 3852 συνειδότος
713 3791 815 3860 τῆς
867 3791 1104 3861 κρίσεως
1148 3793 1249 3844 οὐκ
1285 3792 1350 3845 ἀν
1382 3792 1668 3860 ἀγάσαιτο,
1707 3790 1800 3843 καὶ

211 3879 275 3929 ἐν
327 3879 582 3948 πατέρων
629 3879 785 3948 θήσει
844 3881 937 3933 καὶ
971 3881 1337 3949 παραστατῶν
1385 3881 1568 3951 λόγῳ;
1615 3881 1797 3950 μακά-

1904 3604 2239 3659 conscientia
2279 3619 2386 3656 non
2420 3611 2798 3666 veneraretur,
2842 3612 2897 3656 et
2927 3613 3140 3673 patrum
3175 3619 3237 3658 ac
3277 3620 3480 3674 praece-

1901 3704 2122 3765 ptorum
2149 3695 2269 3749 loco
2295 3694 2568 3749 haberet?
2595 3695 2807 3749 Felices
2835 3703 2964 3748 sunt
2993 3695 3299 3765 liujusmodi
3325 3696 3480 3765 prin-

1906 3802 2072 3856 Cipes.
2122 3805 2139 3837 ι
2168 3786 2442 3841 Judicium
2493 3787 2784 3855 accipient.
2829 3804 2849 3838 ι
2905 3784 3429 3841 Condemnationem
3457 3826 3476 3852 ,

1907 3878 2108 3948 inquit,
2144 3894 2171 3932 a
2202 3878 2314 3931 Deo
2348 3877 2447 3931 sibi
2484 3878 2840 3932 contrahunt.

217 3972 330 4040 ριοί
369 3973 508 4025 εἰσιν
530 3975 582 4026 ,οἱ
611 3974 842 4028 τοιοῦτοι
870 3974 1155 4046 ἄρχοντες.
1199 3995 1216 4028 ι
1248 3979 1436 4048 Κρῖμα
1460 3976 1742 4048 λήψονται.
1769 3993 1786 4026 ι
1828 3975 2186 4044 Κατάκρισιν,
2225 3973 2381 4042 φησι,
2445 3972 2543 4042 τὴν
2574 3972 2724 4042 παρά
2756 3970 2888 4024 Θεοῦ
2925 3973 3136 4036 ἑαυτοῖς
3200 3973 3477 4026 ἐπισπῶν-

211 4087 334 4128 ται.

293 4169 364 4219 οι
403 4165 514 4235 γὰρ
547 4167 834 4236 ἄρχοντες
873 4169 984 4223 οὐκ
1023 4169 1141 4223 εἰσὶ
1188 4171 1372 4239 φόϐος
1414 4169 1532 4224 τῶν
1560 4169 1797 4238 ἀγαθῶν

219 4257 439 4325 ἔργων,
472 4258 632 4310 ἀλλὰ
661 4257 779 4310 τῶν
813 4258 1030 4313 κακῶν.
1060 4259 1262 4326 Θέλεις
1289 4260 1458 4329 δὲμὴ
1489 4261 1796 4329 φοϐεῖσθαι

217 4350 341 4414 τὴν
367 4347 704 4414 ἐξουσίαν;
731 4348 811 4414 ,τὸ
845 4350 1069 4418 ἀγαθὸν
1098 4353 1271 4415 ποίει,
1306 4353 1400 4404 καὶ
1445 4352 1600 4417 ἕξεις
1629 4353 1796 4405 ἕποιο

216 4455 338 4491 νον
360 4438 431 4502 ἐξ
458 4437 669 4507 αὐτῆς.
711 4439 858 4494 Θεοῦ
894 4440 1005 4510 γὰρ
1028 4440 1301 4507 διάκονός
1333 4444 1465 4496 ἐστι
1493 4459 1590 4496 σοι
1620 4447 1704 4507 εἰς
1733 4443 1798 4495 τὸ

1971 4165 2111 4228 XI",
2158 4163 2268 4217 3-5.
2306 4162 2445 4216 Nam
2489 4162 2746 4233 principes
2797 4179 2901 4216 non
2944 4171 3067 4216 sunt
3109 4164 3286 4216 timori
3331 4164 3476 4220 bonis

1901 4261 2139 4330 operibus
2162 4258 2248 4310 sed
2269 4255 2438 4308 malis.
2477 4254 2557 4308 Vis
2577 4265 2752 4308 autem
2781 4272 2883 4308 non
2913 4257 3095 4308 timere
3121 4263 3423 4325 potestatem
3450 4257 3479 4312 Ρ

1904 4350 2054 4415 Quod
2083 4348 2272 4401 bonum
2303 4355 2376 4400 est
2403 4346 2563 4416 facito
2603 4362 2621 4400 :
2658 4355 2707 4398 et
2745 4346 2954 4400 habebis
2991 4345 3198 4398 laudem
3230 4362 3292 4399 ea:
3325 4346 3419 4400 illa
3454 4363 3473 4402 .°

1904 4442 2002 4496 Dei
2051 4441 2189 4494 enim
2237 4440 2482 4492 minister
2527 4448 2601 4491 est
2657 4438 2747 4490 tibi
2801 4437 2870 4491 ad
2927 4437 3138 4492 bonum.
3186 4435 3244 4490 Si
3298 4447 3472 4490 autem

217 4529 470 4596 ἀγαθόν.
517 4529 657 4582 Ἐὰν
684 4529 750 4582 δὲ
775 4530 845 4583 τὸ
879 4532 1071 4585 κακὸν
1098 4532 1296 4600 ποιῇς,
1328 4535 1536 4601 φοϐοῦ.
1577 4536 1657 4587 Οὐ
1688 4538 1794 4604 γὰρ

1912 4531 2036 4601 piod
2059 4527 2255 4582 malum
2287 4535 2360 4580 est
2395 4527 2595 4596 feceris,
2616 4527 2756 4579 time.
2783 4524 2899 4578 Non
2938 4527 3076 4579 enim
3112 4525 3311 4594 [rustra
3349 4524 3472 4594 gla-

214 4621 354 4690 εικῆ
405 4622 522 4691 τὴν
563 4623 865 4694 μάχαιραν
910 4627 1098 4696 φορεῖ.
1155 4629 1302 4682 Θεοῦ
1366 4630 1474 4696 γὰρ
1517 4629 1796 4696 διάκονός

212 4715 394 4769 ἐστιν
423 4755 438 4780 ,
488 4716 726 4783 ἔκδικος
772 4721 860 4784 εις
913 4720 1101 4787 ὀργὴν
1140 4721 1219 4786 τῷ
1251 4721 1317 4774 τὸ
1359 4722 1548 4775 κακὸν
1599 4723 1792 4792 πράσ-

214 4819 393 4858 σοντι
421 4818 436 4834 ’
504 4804 595 4858 διὸ
647 4805 876 4876 ἀνάγκη
930 4809 1388 4867 ὑποτάσσεσθαι
1416 4853 1431 4878 ,
1479 4815 1552 4866 οὺ
1601 4817 1795 4882 μόνον

211 4895 318 4947 διὰ
362 4893 478 4963 τὴν
541 4896 770 4967 ὀργὴν,
819 4899 980 4954 ἀλλὰ
1032 4901 1132 4954 καὶ
1181 4901 1281 4958 διὰ
1347 4906 1462 4973 τὴν
1513 4906 1793 4976 συνείδη-

212 5003 341 5042 σιν.

286 5080 356 5131 Τί
403 5080 608 5148 ἀλγεῖς,
660 5084 846 5153 φησιν,
879 5084 1176 5154 ὑποταγεὶς
1228 5091 1294 5160 τῇ
1340 5089 1586 5164 ὲξουσίᾳ;
1631 5093 1684 5146 τί
1733 5093 1790 5146 δὲ

212 5168 358 5240 φοϐῇ
384 5172 551 5242 αὐτὴν
579 5174 675 5226 καὶ
703 5178 964 5245 τρέμεις;
995 5179 1086 5247 Μὴ
1135 5178 1244 5250 γὰρ
1269 5183 1500 5252 ἐπιτιμᾷ
1541 5185 1651 5247 τοῖς
1687 5202 1789 5237 κα-

211 5259 322 5323 λῶς
349 5261 514 5328 ζῶσι;
555 5265 629 5334 μὴ
654 5265 762 5335 γάρ
794 5269 912 5320 ἐστι
935 5269 1163 5339 φοϐερὸς
1198 5269 1276 5340 τῷ
1307 5271 1408 5340 τῆς
1436 5273 1638 5344 ἀρετῆς
1668 5277 1788 5328 ἐπι-

217 5350 576 5422 μελουμένῳς
611 5373 630 5404 ι
653 5355 773 5408 Τῶν
802 5357 1246 5427 ἀγαθῶνέργων.
1277 5379 1296 5411 ι
1335 5361 1599 5415 Τουτέστι
1620 5403 1634 5428 ,
1675 5367 1787 5428 τοῖς

212 5443 398 5510 ἁγαθά
427 5445 780 5513 πράττουσιν.
819 5465 838 5498 ι
877 5447 1037 5501 Ἀλλά
1059 5449 1166 5502 τῶν
1201 5451 1406 5507 κακῶν.
1438 5473 1456 5504 ι
1503 5455 1782 5520 Ἱόυτέστι,

211 5535 321 5587 τῶν
347 5535 422 5588 τὰ
454 5536 598 5589 κακὰ
645 5539 1017 5609 πραττόντων.
1059 5559 1077 5593 ι
1099 5541 1282 5607 Θέλεις
1313 5545 1369 5598 δὲ
1400 5546 1475 5616 μὴ
1503 5547 1784 5615 φοϐεῖσθαι

213 5625 313 5697 τὴν
343 5627 630 5695 ἔξουσῐανς
654 5648 680 5681 τ
715 5629 782 5685 Et
815 5631 873 5684 δὲ
921 5631 1116 5701 θέλεις,
1142 5636 1294 5706 φησὶ,
1332 5636 1406 5708 μὴ
1443 5639 1604 5708 μόνον
1642 5633 1784 5692 εἷναί

214 5732 298 5772 σοι
323 5716 419 5771 τὸν
460 5718 699 5790 ἄρχοντα
733 5721 916 5793 ἧπιον,
949 5723 1086 5779 ἀλλά
1109 5726 1174 5798 δὴ
1219 5730 1314 5782 καὶ
1339 5729 1683 5795 ἐπαινοῦντα,
1722 5730 1783 5785 τὸ

214 5805 418 5876 ἀγαθὸν
447 5810 610 5868 ποίει,
645 5829 664 5864 ι
687 5812 822 5869 Θεοῦ
861 5816 970 5888 γὰρ
1001 5817 1245 5885 διάκονός
1273 5821 1392 5876 ἐστι
1414 5838 1547 5878 σοι.»
1581 5823 1781 5878 Τοσοῦ-

1899 4623 2041 4674 dium
2066 4629 2232 4690 gestat
2266 4635 2284 4673 :
2325 4618 2462 4672 Nam
2491 4617 2584 4670 Dei
2613 4619 2852 4671 minister
2901 4630 2974 4670 est
3002 4658 3016 4682 ,
3048 4616 3192 4670 ultor
3235 4617 3305 4670 ad
3331 4617 3468 4670 iram

1897 4713 2109 4782 facienti
2142 4711 2281 4781 quod
2314 4709 2516 4762 malum
2547 4717 2643 4762 est.
2695 4707 2856 4778 375
2909 4708 3114 4762 Idcirco
3149 4716 3471 4762 necesseoest

1893 4805 2045 4859 subdi
2079 4816 2096 4854 :
2134 4818 2234 4856 non
2257 4801 2427 4856 solum
2444 4810 2658 4871 propter
2679 4801 2840 4865 iram,
2873 4815 3045 4852 verum
3072 4801 3229 4853 etiam
3255 4809 3470 4870 propter

1893 4896 2284 4951 conscientiam.

1962 5105 2102 5172 Quid
2133 5105 2308 5172 doles,
2345 5109 2550 5180 inquit,
2588 5109 2734 5180 quod
2769 5109 3029 5166 subditus
3057 5109 3133 5166 sis
3161 5109 3416 5179 potestati
3446 5111 3470 5164 ?

1890 5199 2021 5268 quid
2048 5214 2177 5252 vero
2207 5199 2368 5254 times
2398 5201 2542 5256 illam
2571 5219 2635 5258 ac
2659 5202 2848 5258 tremis
2869 5203 2892 5256 ἰ
2913 5203 3031 5256 Non
3049 5202 3194 5256 enim
3219 5203 3469 5272 increpat

1892 5297 2042 5344 recte
2074 5291 2322 5346 viventes
2345 5333 2360 5355 ,
2415 5309 2594 5363 neque
2626 5295 2988 5350 formidabilis
3022 5305 3108 5350 est
3146 5311 3332 5349 curam
3371 5295 3466 5348 lia-

1889 5379 2039 5434 benti
2089 5382 2330 5436 virtutis.
2362 5402 2379 5434 ι
2415 5383 2580 5441 Bonis
2613 5388 2894 5456 operibus.
2934 5406 2953 5438 ι
2997 5389 3111 5442 Hoc
3145 5397 3228 5444 est
3269 5388 3338 5443 iis
3369 5388 3464 5456 qui

1889 5473 2033 5527 bona
2080 5485 2398 5542 operantur.
2447 5497 2464 5528 ι
2503 5476 2608 5532 Sed
2655 5479 2830 5533 malis.
2872 5499 2891 5532 ι
2944 5479 3058 5534 Ηοο
3097 5487 3184 5534 est
3215 5479 3324 5534 illis
3365 5479 3463 5547 qui

1888 5563 2028 5618 mala
2067 5574 2388 5634 operantur.
2435 5585 2452 5617 ι
2481 5567 2574 5623 Vis
2617 5577 2798 5623 autem
2839 5584 2948 5622 non
2994 5569 3190 5623 timere
3227 5575 3467 5636 potesta-

1889 5662 1998 5708 tem
2028 5655 2050 5707 ?
2090 5674 2109 5706 ι
2143 5654 2298 5721 Quod
2339 5657 2384 5712 si
2419 5657 2522 5722 vis,
2564 5658 2765 5728 inquit,
2795 5674 2906 5714 non
2939 5657 3104 5714 modo
3134 5658 3468 5714 clementem.

1884 5760 2004 5801 esse
2034 5744 2130 5800 tibi
2157 5747 2480 5819 principem,
2506 5749 2600 5805 sed
2623 5759 2680 5805 et
2700 5749 3059 5814 laudatorem,
3081 5748 3461 5820 quodbonum
3510 5806 3512 5809 .

1818 5918 1822 5921 _
1883 5843 1972 5891 est
2019 5834 2206 5894 facito.
2261 5859 2279 5892 ι
2317 5840 2413 5900 Dei
2458 5839 2608 5897 enim
2657 5840 2906 5898 minister
2955 5849 3039 5898 est
3093 5841 3212 5898 tibi.
3251 5861 3269 5896 ι
3305 5842 3462 5898 Adeo
