3880 6546
214 354 299 419 581
1249 354 1644 414 COMMENT.
1686 355 1746 414 Il‘

1901 354 2049 416 ’IST.
2086 356 2184 415 AD
2218 355 2402 417 ROM.
3308 357 3433 420 ’582

201 472 315 528 Θεοῦ
346 469 450 538 γὰρ
490 468 756 537 πληροῦσι
791 469 1025 538 θέλημα.
1087 486 1104 519 ι
1141 467 1234 530 Εἰς
1261 468 1393 520 αὐτὸ
1418 468 1597 520 τοῦτο.
1627 487 1644 518 ι
1679 468 1733 518 Ti

1900 485 1970 522 nn
2006 469 2243 524 habeant
2291 469 2452 523 sicuti
2487 469 2668 522 Deus:
2695 468 2791 522 Dei
2817 467 2962 522 enim
3014 469 3296 537 complens
3336 485 3432 524 vo-

199 561 337 633 ήμῶν
359 559 639 629 κήδεσθαι.
692 559 1319 629 ιΠροσκαρτεροῦντες.»
1362 559 1480 610 Τῶν
1509 558 1731 610 οἰκείων.

1894 569 2137 614 nitatem.
2161 579 2179 611 ι
2205 561 2262 613 In
2282 559 2603 629 hocjpsum.
2636 579 2653 610 ι
2683 560 2752 615 Ut
2773 559 2936 613 vestri
2961 574 3147 614 curam
3171 560 3426 615 habeant.

203 653 362 724 φησὶν,
398 649 742 721 ἀμελοῦντες,
789 651 869 712 εἰς
915 651 1012 712 τὰς
1066 651 1205 720 ὑπὲρ
1252 649 1408 718 ἡμῶν
1450 649 1735 719 φροντίδας

1920 651 2324 705 lucumbentes.
2384 671 2401 702 ›
2449 650 2556 705 Sua
2585 653 2784 719 inquit,
2824 651 3184 720 negligentes,
3233 659 3428 704 vacant

205 742 604 814 ἀπησχόληνται.
647 760 666 792 ι
689 741 943 794 Ἀπόδοτε
969 736 1062 793 οὖν
1109 742 1242 793 πᾶσι
1270 741 1366 801 τὰς
1391 740 1634 808 ὀφειλάς,
1671 739 1737 808 τᾷ

1895 741 1999 794 uris
2030 756 2130 809 pro
2151 741 2312 794 nobis
2337 740 2626 810 susceptis.
2671 759 2688 791 ι
2727 740 2959 795 Reddite
3004 756 3134 809 ergo
3169 740 3427 794 omnibus

203 837 278 889 τὸν
308 833 486 903 φόρον,
511 831 604 884 τὸν
628 831 847 900 φόρον.»
879 829 1086 894 Ἕδειξε
1114 829 1274 898 χρέος
1305 828 1364 881 ὃν
1400 828 1460 881 τὸ
1494 830 1735 898 πρᾶγμα.

1894 833 2071 886 ebita:
2124 833 2214 886 cui
2272 833 2561 897 tributum,
2599 833 2885 886 tributum.
2914 852 2931 883 ι
2964 831 3216 886 Ostendit
3255 831 3426 886 debiti

204 929 286 981 Διά
307 925 454 978 τοῦτο
478 924 588 994 γὰρ
619 942 637 974 ι
661 922 914 990 Ὀφειλάς
940 942 958 976 ι
994 917 1136 984 εἶπε,
1172 922 1263 974 καὶ
1291 920 1354 972 τὸ
1381 939 1399 971 ι
1425 921 1700 982 Ἀπόδοτε,
1727 937 1736 968 ι

1887 938 1944 974 eu
1967 921 2163 976 crediti
2184 932 2304 976 ess’e
2327 923 2627 992 negotium,
2654 932 2944 992 propterea
2967 923 3104 977 dixit
3126 941 3143 973 ι
3173 923 3419 988 Debita,»

204 1018 264 1080 ὡς
305 1015 455 1085 χρέος
501 1017 617 1077 τοῖς
661 1013 943 1083 διαφόροις
991 1013 1165 1082 ἀρχὰς
1203 1011 1736 1081 ὲμπεπιστευμένοις.

1898 1052 1904 1065 .
1944 1032 1961 1064 ι
1995 1013 2247 1076 Reddite,
2275 1032 2292 1064 ι
2317 1022 2576 1083 tanquam
2606 1015 2864 1069 videlicet
2889 1013 3164 1068 creditum
3197 1013 3284 1066 his
3309 1013 3430 1082 qui-

206 1106 268 1175 τῷ
304 1104 387 1156 τὸν
430 1103 596 1174 φόρον
631 1102 1082 1172 χρεωστουμένῳ,
1129 1101 1296 1170 ἦγουν
1327 1101 1422 1171 τὴν
1449 1100 1738 1168 λεγομένηι

1899 1119 1954 1158 us
1981 1104 2116 1158 varii
2143 1105 2484 1174 principatus
2505 1105 2808 1159 concrediti
2849 1115 2997 1159 sunt.
3023 1104 3085 1158 Ei
3120 1105 3207 1159 cui
3253 1105 3431 1158 tribu-

209 1193 582 1264 κεφαλητιῶνα,
629 1194 829 1257 ἀπόδος
878 1194 970 1246 τὸν
1005 1193 1192 1264 φόρον.
1249 1193 1342 1262 Τῷ
1389 1193 1449 1246 τὸ
1492 1192 1641 1254 τέλος
1672 1192 1741 1256 δὲ,

1896 1207 1969 1246 tm
2008 1192 2262 1258 debetur,
2310 1194 2456 1263 quod
2505 1194 2768 1250 videlicet
2820 1193 3172 1264 καφα).ητιὼν
3226 1194 3428 1249 dicitur

208 1291 348 1358 ἧτουν
375 1286 470 1358 τὴν
500 1288 641 1356 ὑπὲρ
677 1285 780 1355 τῆς
811 1287 915 1355 γῆς
938 1284 1321 1355 συνεισφοράν,
1353 1283 1414 1336 τὸ
1439 1283 1610 1345 τέλος.
1646 1283 1740 1335 Kai

1897 1297 2070 1351 tempe
2125 1297 2225 1352 pro
2269 1281 2499 1352 singulis
2539 1282 2814 1351 capitibus
2864 1280 3195 1351 exsolutum)
3263 1281 3429 1336 redde

209 1382 257 1434 οὐ
289 1380 434 1450 μόνον
471 1379 753 1449 χρήματα,
783 1377 920 1431 ἀλλὰ
963 1378 1058 1430 καὶ
1096 1377 1280 1445 φόϐον,
1312 1376 1592 1428 τουτέστιν
1623 1373 1741 1426 αίδιὶ

1897 1371 2122 1424 ’ἰὺυιυιη
2151 1411 2166 1434 ,
2199 1371 2286 1425 cui
2317 1385 2449 1424 vero
2477 1370 2733 1441 vectigal,
2766 1372 2880 1426 sive
2911 1371 3134 1426 collatio
3164 1381 3260 1426 aut
3297 1387 3429 1426 con-

209 1473 287 1525 καὶ
330 1469 634 1535 εὐλάϐειαν,
690 1469 783 1522 καὶ
839 1468 1246 1538 Επιτεταμένην
1295 1467 1482 1536 τιμήν.
1528 1465 1741 1531 Ἐπάγει

1893 1461 2108 1526 ·ἰ1)υιὶο,
2133 1478 2332 1532 nempe
2365 1478 2464 1532 pro
2485 1471 2632 1516 terra
2666 1470 2939 1532 coempta.
2982 1462 3149 1517 redde
3173 1462 3425 1533 vectigal.

209 1560 336 1630 γοῦν,
370 1579 389 1614 ι
418 1559 508 1630 Τῷ
535 1559 635 1632 τὴν
661 1559 850 1630 τιμὴν,
901 1559 1002 1628 τὴν
1033 1559 1221 1628 τιμήν.
1260 1577 1280 1610 ι
1337 1558 1393 1610 Ὀ
1446 1557 1608 1625 φόϐος
1647 1555 1741 1624 γὰρ

1900 1568 1962 1606 ec
2004 1553 2178 1607 solum
2219 1554 2481 1622 pecunias
2507 1554 2770 1610 debemus
2798 1553 2894 1608 sed
2926 1563 2981 1608 et
3010 1554 3281 1614 timorem,
3325 1553 3427 1608 hoc

211 1653 378 1714 διττός.
417 1650 474 1702 ’0
503 1650 622 1721 μὲν,
651 1649 711 1704 ὃν
747 1648 1048 1720 φοϐοῦνται
1091 1649 1141 1702 οἱ
1169 1648 1474 1708 πταίοντες,
1507 1649 1534 1698 ὁ
1563 1647 1627 1698 ἐκ
1658 1643 1743 1698 τοῦ

1891 1654 1955 1707 st,
1998 1644 2262 1713 pudorem
2311 1656 2366 1700 et
2406 1646 2771 1700 reverentiam
2807 1660 2872 1700 ac
2899 1645 3204 1715 subjectum
3247 1646 3423 1698 hono-

210 1741 418 1811 πονηροῦ
482 1740 824 1804 συνειδότος,
883 1739 942 1792 ὃν
995 1740 1254 1810 ἀνωτέρω
1318 1737 1661 1806 ἀπηγόρευεν
1725 1735 1742 1787 ί

1899 1750 1993 1790 3m.
2018 1734 2311 1806 Subjungit
2345 1752 2476 1807 ergo
2507 1755 2522 1791 :
2561 1755 2579 1788 ι
2612 1736 2711 1793 Cui
2750 1737 2929 1790 honor
2959 1736 3246 1790 honorem.
3287 1755 3304 1786 ι
3341 1736 3431 1789 Ti-

220 1832 530 1896 ’Δπόστολος.
587 1831 648 1884 '0
677 1831 734 1885 δὲ
787 1830 849 1883 ὃν
898 1829 1112 1901 ἔχουσιν
1162 1830 1210 1883 οἱ
1263 1827 1582 1897 ἀγαπῶντες
1615 1826 1750 1897 πρὸς

1897 1842 1976 1880 ιοι·
2001 1828 2272 1897 siquidem
2296 1830 2493 1898 duplex
2521 1838 2606 1884 est
2634 1848 2646 1884 :
2677 1845 2818 1883 unus
2845 1828 3068 1898 quidem
3099 1842 3210 1896 quo
3239 1828 3429 1880 timent

209 1925 311 1987 τοὺς
334 1921 746 1992 ἀγαπωμένους,
793 1923 1076 1974 τουτέστιν
1129 1922 1163 1992 ή
1219 1918 1635 1990 ὑπερϐάλλουσα
1668 1934 1741 1969 τι-

1893 1917 2232 1986 elinquentes
2254 1919 2346 1988 qui
2367 1933 2434 1972 ex
2456 1919 2581 1972 mali
2608 1919 2942 1973 conscientia
2974 1917 3241 1988 procedit.
3267 1933 3425 1986 quem

212 2019 293 2086 μή.
321 2014 461 2068 Καοδ
484 2016 724 2084 εἴρηται,
753 2033 771 2066 ι
798 2014 908 2067 Οὐκ
941 2013 1086 2066 ἐστιν
1113 2012 1400 2081 ὑστέρημα
1421 2013 1534 2073 τοῖς
1557 2009 1744 2078 φοϐου-

1898 2024 1908 2060 ι
1941 2007 2322 2076 superioribus
2360 2007 2646 2062 interdixit
2696 2009 2858 2078 377
2889 2007 3222 2078 Apostolus:
3271 2006 3430 2060 aliter

213 2107 366 2175 μένοις
395 2106 578 2159 αὐτόν.
616 2122 636 2158 ι
687 2105 800 2174 Τὴν
845 2102 955 2174 γὰρ
1003 2101 1290 2156 εὐλάϐειαν
1338 2098 1573 2154 ἐνταῦθα
1620 2100 1745 2150 ὑπο-

1893 2114 1983 2154 ero
1998 2115 2164 2168 quem
2185 2099 2390 2154 habent
2413 2100 2701 2167 diligentes
2715 2115 2841 2170 erga
2864 2114 2960 2154 eos
2982 2114 3122 2168 quos
3147 2097 3381 2166 diligunt
3412 2114 3425 2150 :

208 2198 349 2267 δηλοῖ.
393 2217 410 2250 ι
446 2197 510 2250 Ei
558 2196 633 2268 μὴ
680 2196 742 2250 τὸ
799 2195 1020 2266 ἀγαπᾷν
1072 2193 1353 2262 ἀλλήλους.
1393 2210 1412 2244 ι
1483 2191 1605 2243 Ἐπὶ
1655 2188 1740 2258 rip

1897 2208 1960 2247 oc
1985 2202 2088 2256 est,
2115 2194 2448 2248 excellentes
2480 2193 2679 2255 honor,
2701 2191 2770 2246 de
2804 2206 2913 2261 quo
2940 2191 3146 2245 dictum
3171 2198 3274 2244 est.
3307 2190 3429 2244 Non

209 2292 397 2360 μητέρα
429 2290 539 2344 τῶν
575 2287 796 2358 ἀγαθῶν
825 2283 958 2358 ἦλθε
1005 2288 1104 2352 τὴν
1136 2285 1380 2355 ἀγάπην,
1415 2282 1631 2345 δεικνὺς
1658 2281 1741 2334 αὑ-

1897 2293 1937 2339 st
1985 2283 2168 2354 inepia
2215 2285 2534 2340 timentibus
2574 2299 2723 2348 eum,
2759 2284 3121 2338 reverentiam
3151 2282 3300 2336 enim
3338 2281 3429 2336 hic

205 2382 288 2452 τὴν
313 2382 464 2451 χρέος
497 2375 557 2435 οὗ
570 2397 663 2434 ταν
688 2380 782 2434 καὶ
809 2378 1060 2450 ὄφλημα.

1895 2371 2080 2429 tdicat.
2144 2391 2163 2424 ι
2203 2374 2320 2428 Νὶδὶ
2373 2373 2478 2428 hoc
2513 2382 2572 2428 ut
2604 2389 2703 2427 vos
2736 2382 2930 2428 mutuo
2975 2372 3237 2443 diligatis.
3274 2390 3292 2423 ι
3347 2371 3427 2426 Ad

1856 2475 2086 2520 matrem
2117 2466 2387 2520 bonorum
2423 2466 2696 2535 pervenit,
2732 2480 2925 2535 nempe
2958 2474 3202 2519 mutuam
3243 2462 3430 2518 chari-

1855 2562 2044 2617 tatem,
2074 2555 2369 2609 ostendens
2400 2554 2542 2610 hanc
2563 2553 2833 2609 creditum
2859 2568 2979 2608 esse
3005 2568 3069 2607 ac
3087 2552 3356 2607 debitum.

270 2656 329 2710 '0
393 2654 506 2726 γὰρ
576 2653 825 2726 ἀγαπῶν
885 2655 996 2708 τὸν
1047 2651 1488 2722 ἓτερον,“γόμον
1516 2651 1752 2717 πεπλή-

1925 2643 2062 2708 Xlll,
2107 2644 2159 2698 9.
2193 2642 2333 2698 Nam
2363 2644 2452 2713 qui
2493 2641 2666 2712 diligit
2696 2640 2946 2706 alterum,
2996 2639 3162 2710 legem
3192 2637 3425 2710 comple-

199 2766 348 2818 ρωκε.
394 2750 462 2803 Τὸ
497 2747 627 2818 γὰρ,
676 2751 758 2802 Οὺ
783 2746 1156 2817 μοιχεύσεις,
1186 2745 1258 2800 οὐ
1287 2745 1632 2812 φονεύσεις,
1684 2759 1731 2796 οι

1896 2737 1949 2789 it.
2005 2734 2278 2805 Siquidem
2332 2733 2510 2787 illud:
2543 2732 2661 2786 Non
2709 2730 3033 2786 adulterium
3073 2731 3363 2784 committes
3410 2746 3428 2784 :

202 2841 456 2910 κλέψεις,
513 2841 586 2895 οὐ
625 2837 1244 2908 ψευδομαρτυρήσεις,
1305 2839 1415 2890 οὐκ
1469 2836 1734 2905 ἐπιθινμήε

1897 2843 1961 2880 ou
1998 2825 2258 2895 furaberis
2289 2841 2307 2881 :
2342 2842 2448 2879 non
2479 2825 2676 2893 falsum
2701 2825 3053 2878 testimonium
3093 2824 3232 2876 dices
3273 2840 3286 2875 :
3325 2839 3427 2877 nou

202 2946 333 2996 σεις,
358 2930 454 2984 καὶ
480 2930 535 2985 ει
560 2947 649 2996 τις
672 2929 844 2996 ἑτέρα
875 2927 1119 2995 ἐντολὴ,
1166 2928 1237 2981 ἐν
1267 2929 1455 2991 τούτῳ
1485 2927 1564 2991 τῷ
1599 2928 1734 2995 λόγια

1898 2920 2212 2989 οηειιρὶεεεδ,
2245 2925 2294 2970 et
2317 2918 2362 2972 si
2401 2916 2541 2987 quod
2584 2914 2734 2969 aliud
2775 2922 2850 2968 est
2885 2923 3221 2984 praeceptum,
3253 2914 3308 2966 in
3335 2915 3430 2966 hoc

205 3022 748 3091 ἀνακεφαλαιοῦται,
765 3021 834 3074 ἐν
849 3020 948 3086 τῷ,
972 3019 1334 3090 ’Δγαπιὶσεις
1353 3019 1458 3072 τὸν
1487 3020 1737 3086 πλησίοι

1897 3012 2010 3066 erbo
2053 3009 2436 3079 recapitulatur
2466 3024 2648 3076 uetnpe
2675 3023 2692 3061 :
2723 3005 2921 3076 Diliges
2957 3006 3256 3077 proaimum
3282 3014 3429 3058 tuum

209 3129 309 3166 σου
335 3114 410 3179 ὡς
438 3113 679 3167 ἑαυτόν.

1785 3155 1827 3179 η
1859 3105 1927 3158 εει
1937 3113 1992 3155 ιιι
2017 3104 2263 3172 teipsum.

274 3155 404 3258 Ek;
442 3206 684 3259 δείκνυσι
724 3204 776 3257 τί
806 3203 866 3257 τὸ
913 3204 1101 3274 κέρεος
1152 3205 1253 3272 τῆς
1309 3202 1551 3273 ἀγάπης.
1609 3155 1806 3264 “Οτι,(

1897 3155 2172 3252 Hasten'dit
2204 3191 2404 3246 deinde
2425 3189 2574 3260 quod
2599 3190 2816 3243 lucrum
2841 3187 3136 3258 proveniat
3169 3201 3237 3242 ex
3289 3185 3429 3240 dile-

213 3297 378 3364 φησὶν,
403 3298 430 3350 ό
458 3297 660 3366 ταύτην
691 3294 938 3365 πληρῶν,
963 3292 1054 3348 τόν
1075 3293 1240 3364 νόμον
1265 3293 1387 3346 ὅλον
1416 3293 1630 3363 πληροῖ.
1647 3291 1745 3345 ΚαῚ

1896 3288 2074 3344 tione:
2105 3286 2241 3340 Nam
2271 3285 2364 3353 qui
2387 3284 2530 3336 hanc
2550 3281 2809 3350 complet,
2833 3281 3031 3349 inquit,
3051 3287 3220 3333 totam
3252 3277 3428 3348 legem

214 3386 345 3455 λέγει
372 3388 507 3451 πῶς.
540 3418 612 3428 -
633 3385 834 3459 [ΦΩΤ.]
867 3386 988 3449 Πῶς
1022 3387 1050 3438 ό
1075 3385 1308 3450 ἀγαπῶν
1360 3384 1450 3438 τὸν
1507 3383 1746 3451 πλησίον1

1897 3378 2120 3447 omplet.
2176 3377 2244 3430 Et
2273 3390 2384 3445 quo
2429 3373 2484 3427 id
2523 3372 2688 3426 modo
2719 3371 2812 3425 ﬁat
2847 3371 3003 3425 dicit.
3045 3367 3332 3434 Quomodo
3384 3366 3429 3422 is

215 3476 291 3528 τὸν
339 3477 493 3547 νόμον
548 3477 950 3547 πεπλήρωκεν,
1008 3474 1234 3529 αὐτόθεν
1278 3475 1458 3545 δῆλον.
1504 3474 1747 3544 Ἀγαπῶι

1901 3472 1955 3524 υἱ
2009 3469 2320 3540 proximum
2359 3465 2561 3537 diligit,
2615 3466 2792 3534 legem
2852 3461 3242 3531 compleverit,
3300 3459 3431 3513 hinc

215 3568 327 3637 γάρ,
362 3568 459 3622 οὐκ
501 3566 565 3621 ἂν
609 3565 703 3620 τοῦ
761 3564 1140 3635 ἀγαπωμένου·
1172 3565 1263 3618 τὸν
1287 3566 1464 3634 γάμον
1497 3564 1747 3636 διορύξει,

1898 3559 2212 3616 ianiiestum
2237 3557 2500 3613 est.Nam
2531 3555 2626 3624 qui
2661 3554 2860 3623 diligit,
2897 3551 3086 3606 dilecti
3136 3549 3430 3618 conjugem

215 3658 284 3718 εἰς
328 3656 449 3710 αὐτὸ
489 3657 548 3709 τὸ
577 3657 886 3724 κεφάλαιον
927 3655 1022 3708 cui
1056 3655 1172 3726 βίου
1214 3656 1604 3722 ἐπιϐουλεύων,
1663 3657 1747 3710 xui

1901 3666 2210 3722 equaquam
2240 3649 2491 3712 violabit,
2527 3647 2584 3701 in
2618 3647 2796 3716 ipsum
2829 3644 2954 3699 vita:
2996 3650 3161 3712 caput
3203 3639 3431 3694 insidias

218 3745 405 3816 ζημιῶν
432 3747 522 3802 τὸν
544 3745 890 3817 φιλούμενον.
910 3747 1052 3799 Ἀλλ’
1082 3747 1202 3800 οὐδὲ
1231 3748 1551 3816 μιαιφόνους
1571 3750 1750 3818 χεῖρας

1899 3757 2084 3805 arans,
2133 3750 2191 3794 et
2226 3739 2489 3793 dilectum
2523 3735 2726 3790 damno
2775 3732 3024 3786 afﬁciens
3058 3749 3071 3785 :
3114 3729 3208 3784 sed
3250 3743 3431 3797 neque

217 3837 404 3891 ὁπλίσει
430 3838 549 3892 κατ’
585 3837 774 3901 αὐτοῦ,
798 3839 859 3890 οὐ
887 3838 994 3907 μὴν
1029 3838 1150 3891 οὐδὲ
1183 3837 1440 3890 κλέπτειν
1473 3839 1749 3908 ἐπιχειρή-

1899 3839 2124 3887 ruentas
2156 3844 2352 3884 manus
2378 3828 2646 3882 adversus
2677 3839 2804 3880 eum
2836 3821 3093 3886 armabit,
3130 3835 3311 3890 neque
3339 3818 3431 3874 fu-

220 3945 308 3992 σει,
357 3930 460 3983 οὐδ’
494 3930 667 3993 ἄλλως
711 3946 831 3992 πως
859 3931 936 3992 εἰς
969 3929 1264 3998 ἐπιθυμίαν
1285 3927 1431 3992 τινὸς
1452 3923 1562 3982 τῶν
1595 3929 1752 3982 αὐτοῦ

1900 3926 1974 3979 ari
2001 3923 2311 3984 conabitur,
2345 3934 2450 3974 nec
2497 3919 2609 3971 ullo
2655 3916 2762 3970 alio
2801 3915 2966 3968 modo
3010 3913 3336 3968 obﬁrmatus
3375 3911 3432 3964 in

220 4022 487 4084 καταστὰς,
521 4021 914 4092 ἀφαιρήσεται,
945 4019 1037 4091 βίᾳ,
1065 4019 1266 4074 λαϐών.
1293 4020 1458 4074 Οὐδὲν
1497 4020 1607 4090 γάρ
1648 4020 1752 4072 τού-

1898 4011 2366 4083 oncupiscentiam
2394 4010 2627 4078 alicujus
2660 4023 2851 4062 eorum
2886 4021 3008 4074 quae
3057 4003 3231 4072 ipsius
3281 4011 3430 4066 sunt,

219 4126 312 4162 των
337 4113 446 4165 ἐστὶ
472 4113 778 4180 φιλοῦντος.
807 4113 883 4166 Οὐ
920 4111 1028 4182 μὴν
1079 4112 1200 4164 οὐδὲ
1245 4111 1551 4180 μαρτυρίαν
1591 4111 1751 4179 ψευδῆ

1901 4114 2004 4161 tcta
2037 4101 2299 4158 violentia
2317 4101 2550 4154 auferet.
2579 4097 2784 4152 Horum
2822 4097 2968 4152 enim
3007 4095 3143 4149 nihil
3181 4103 3266 4148 est
3308 4093 3433 4146 dili-

219 4205 344 4258 κατά
369 4206 458 4258 τοῦ
491 4205 718 4275 πλησίον
767 4205 1126 4276 μαρτυρήσει,
1159 4204 1267 4256 οὐδ’
1318 4203 1573 4271 ἐπίορκον
1603 4203 1751 4271 ὅρκοι

1903 4198 2065 4253 entis.
2093 4196 2280 4264 Neque
2306 4192 2502 4246 falsum
2530 4189 2907 4246 testimonium
2956 4187 3222 4242 adversus
3252 4185 3435 4254 proxi-

217 4292 404 4360 ὀμόσει.
439 4293 660 4364 Πατέρα
691 4293 747 4346 δὲ
770 4295 864 4347 καὶ
915 4294 1152 4363 μητέρα,
1185 4292 1300 4356 πῶς
1331 4295 1359 4345 ὁ
1410 4293 1502 4346 τὸν
1537 4292 1749 4361 πλησίω

1897 4306 2019 4346 num
2059 4289 2217 4350 feret,
2265 4299 2441 4353 neque
2497 4281 2876 4352 jusjurandum
2908 4280 3156 4350 pejerans
3203 4277 3429 4344 jurabit.

219 4385 371 4451 φιλῶν
395 4386 452 4439 οὐ
480 4385 847 4456 διαφερόντως
880 4385 1098 4454 φιλήσει
1145 4384 1240 4438 καὶ¹
1266 4384 1489 4454 τιμήσει
1516 4401 1531 4450 ;
1569 4385 1690 4447 Πῶς
1719 4385 1747 4438 δ

1904 4394 2084 4439 ’atrem
2111 4394 2291 4438 autem
2325 4389 2380 4435 et
2430 4389 2657 4432 matrem
2691 4386 2877 4426 annon
2925 4371 3122 4424 eximie
3157 4368 3346 4436 diliget
3381 4377 3436 4420 et

215 4474 326 4544 οὐχὶ
368 4477 426 4530 τὸ
479 4477 622 4529 θεῖον
665 4471 818 4539 οὗτος
849 4477 923 4538 ὡς
969 4473 1186 4537 ἀληθῶς
1217 4474 1274 4540 ἐξ
1303 4474 1430 4544 ὅλης
1471 4474 1635 4527 αὐτοῦ
1664 4475 1747 4543 τῆς

1911 4474 2274 4544 onorabitqui
2297 4473 2606 4542 proximum
2651 4463 2868 4535 diligit?
2898 4461 3182 4528 Quomodo
3229 4473 3358 4513 vero
3390 4458 3436 4511 is

219 4566 424 4634 καρδίας
444 4568 537 4621 καὶ
560 4567 620 4632 ἐξ
641 4568 767 4638 ὅλης
795 4567 894 4636 τῆς
921 4568 1101 4636 ἰσχύος
1128 4565 1296 4619 αὑτοῦ
1343 4567 1620 4636 ἀγαπήσει
1669 4566 1751 4618 καλ

1907 4571 1959 4624 ui
1984 4566 2252 4638 ejusmodi
2275 4573 2378 4627 est,
2397 4560 2740 4616 divinitatem
2759 4557 2930 4626 ipsam
2949 4569 3059 4608 non
3085 4568 3211 4607 vere
3236 4566 3302 4605 ex
3323 4559 3436 4604 toto

220 4654 565 4728 δοξολογήσει;
598 4660 626 4710 ό
650 4657 708 4711 δὲ
737 4657 949 4720 τούτοις
979 4657 1170 4710 ἑαυτὸν
1202 4655 1568 4727 περιφράξας,
1603 4657 1752 4708 ποῖαι

1904 4658 2032 4713 orde
2068 4671 2168 4712 suo
2192 4666 2324 4710 etex
2348 4661 2457 4706 tota
2487 4647 2810 4704 fortitudine
2829 4660 2926 4700 sua
2945 4641 3152 4696 amabit
3179 4655 3242 4695 ac
3264 4639 3404 4709 glori
3424 4666 3436 4676 -

221 4743 371 4817 ἀλλην
426 4747 624 4820 ἀρετήν
673 4749 793 4812 ταῖς
853 4747 1279 4818 προειρημέναις
1319 4748 1379 4799 ού
1440 4745 1753 4817 συναυξήσει

1906 4749 2084 4804 cabit?
2105 4747 2209 4814 Qui
2232 4754 2416 4800 autem
2435 4740 2774 4808 hisseipsum
2805 4735 3060 4796 munivit,
3090 4747 3252 4801 quam
3273 4730 3436 4784 aliam

225 4837 312 4889 καὶ
361 4840 788 4912 συναπαρτίσει;
843 4839 1010 4892 Ὥστε
1049 4842 1077 4892 ό
1121 4839 1350 4908 ἀγαπῶν
1383 4839 1474 4892 τὸν
1516 4839 1757 4910 πλησίον,

1908 4844 2130 4896 irtutem
2153 4855 2276 4895 cum
2297 4835 2572 4908 prmdictis
2591 4848 2701 4886 non
2715 4829 2938 4900 augebit
2959 4843 3021 4881 ac
3035 4824 3284 4895 perﬁciet
3304 4823 3440 4876 ’Πιε-

225 4925 333 4980 ὅλον
351 4930 434 4984 τὸν
455 4933 622 5003 νόμον
650 4930 1037 5004 πεπληρωκὼς
1068 4931 1135 4984 ἂν
1166 4931 1276 5000 εἴη.
1309 4926 1444 4984 Εἶτα
1488 4931 1678 5002 ἐπειδὴ
1707 4932 1757 4985 τὲ

1912 4935 2086 5002 uequi
2112 4931 2422 5001 proximum
2463 4927 2659 4996 diligit,
2712 4931 2879 4976 totam
2904 4919 3076 4988 legem
3135 4916 3438 4984 complesse

226 5019 312 5090 τῆς
357 5025 566 5096 ἀγάπης
622 5025 793 5094 ὄνομα
833 5024 1087 5078 εἰώθασιν
1135 5025 1184 5077 οἱ
1235 5024 1510 5095 ἄνθρωποι
1539 5026 1633 5078 καὶ
1675 5028 1758 5078 an!

1910 5028 1978 5081 ici
2007 5024 2224 5094 poterit.
2260 5021 2466 5076 Deinde
2490 5019 2615 5088 quia
2652 5016 2832 5070 solent
2853 5011 3106 5066 homines
3139 5023 3338 5063 nomen
3357 5008 3441 5061 di-

227 5113 323 5165 τῶν
343 5117 566 5182 ἀναξίων
625 5117 921 5171 διαθέσεων
951 5117 1050 5186 τῆς
1112 5116 1357 5187 κλήσεως
1394 5116 1600 5186 ταύτης
1629 5117 1759 5170 τιθέ-

1909 5120 2132 5174 :ctionis
2153 5116 2323 5170 etiam
2347 5125 2624 5181 apponere
2657 5107 2968 5167 aﬁ‘ectibus,
3003 5104 3108 5158 hac
3155 5101 3441 5156 vocatione

227 5217 325 5268 ναι,
353 5207 664 5278 ὑπογραφὴν
702 5209 871 5278 αὐτῆς
895 5208 1056 5270 αὐτὸς
1086 5207 1403 5271 ἀποδίδωσι,
1447 5209 1606 5260 ποίαν
1633 5207 1759 5278 ἔφη·

1911 5209 2136 5278 idignis,
2161 5207 2277 5274 ipse
2307 5203 2478 5257 tradit
2504 5202 2623 5270 ejus
2647 5197 3073 5265 descriptionem
3101 5208 3264 5262 quam
3292 5193 3443 5245 dixe-

229 5311 311 5349 σεν
356 5301 566 5372 ἀγάπην
616 5301 885 5371 παριστὰς
923 5301 980 5354 ὲν
1039 5299 1220 5371 ἑαυτῷ
1268 5301 1545 5370 περιέχειν
1565 5300 1654 5352 τὸν
1683 5298 1761 5351 v6-

1905 5299 1946 5352 it
1994 5298 2370 5358 dilectionem,
2409 5305 2664 5346 asserens
2711 5297 2879 5342 totam
2908 5283 3202 5353 complecti
3239 5283 3436 5350 legem,

229 5404 338 5455 μον,
368 5393 456 5445 καὶ
481 5391 1012 5462 συγκεφαλαιοῦσθαι
1047 5391 1156 5445 τῶν
1213 5391 1426 5461 ἀρετῶν
1462 5389 1522 5444 τὸ
1547 5389 1761 5459 πλῆθος,

1909 5406 1936 5445 c
1984 5388 2295 5444 summatim
2364 5386 2624 5454 colligere
2679 5383 2946 5434 virtutum
3007 5376 3435 5432 multitudinem.

238 5478 296 5532 Ἠ
336 5481 513 5553 ἀγάπη
568 5484 700 5553 γὰρ,
752 5485 939 5554 φησὶν,
990 5483 1058 5554 ἢν
1107 5482 1244 5553 ἔφην
1272 5483 1618 5536 συνάπτουσα
1647 5481 1770 5542 τοὺς

1907 5483 2008 5537 iatn
2043 5479 2289 5543 dilectio,
2350 5479 2552 5547 inquit,
2610 5490 2775 5545 quam
2835 5471 3109 5532 dicebam,
3161 5467 3439 5536 proximos

229 5568 436 5640 πλησίον
463 5573 730 5644 ἀλλήλοις,
764 5573 940 5638 οὕτως
996 5575 1256 5639 ἑνοποιετ,
1282 5573 1357 5637 ὡς
1394 5573 1654 5643 ἑκάτερον
1678 5573 1761 5642 οὐ)

1907 5583 2070 5629 uutuo
2119 5573 2457 5644 conjungens
2487 5570 2560 5622 ita
2587 5567 2706 5622 unit
2760 5575 2820 5621 ut
2854 5565 3090 5633 quisque
3122 5573 3228 5611 non
3273 5555 3439 5608 alium

227 5658 396 5732 ἕτερον
424 5666 664 5734 ἡγεῖσθαι
697 5665 790 5721 τὸν
810 5665 1176 5737 συναφθέντα,
1221 5665 1360 5720 ἀλλά
1387 5665 1652 5735 νομίζειν,
1685 5665 1759 5718 ἀλι

1912 5681 1999 5720 sse
2047 5665 2211 5719 ducat
2266 5678 2390 5720 eum
2440 5661 2536 5732 qui
2596 5658 2923 5726 conjunctus
2966 5659 3070 5714 est,
3105 5651 3216 5703 imo
3262 5645 3440 5714 ipsum

227 5753 311 5810 λον
338 5759 492 5816 αὐτὸν
519 5755 661 5818 εἶναι
691 5762 918 5856 ἐκεῖνον.
968 5760 1058 5826 Ἐξ
1090 5753 1152 5816 οὗ
1177 5759 1336 5830 δῆλον
1365 5759 1446 5814 ὅτι
1474 5759 1624 5814 οὐδὲν
1647 5758 1759 5815 έκά·

1907 5758 2155 5815 ιιίειὶωει
2196 5771 2320 5812 esse
2383 5756 2649 5825 seipsum.
2683 5748 2849 5820 378
2894 5745 3048 5801 Unde
3093 5737 3439 5796 manifestum
