3880 6564
517 355 624 420 583

1559 350 1964 415 [ΕΟῸΜΕΝῙῘ
2003 352 2090 413 ΤΗ

2196 349 2296 410 ce
2333 345 2682 409 EPISCOPI
3613 365 3689 430 ω

517 473 605 520 est
653 458 805 532 quod
876 459 1062 515 nullus
1113 457 1380 515 adversus
1429 461 1740 530 proximum
1804 459 2090 531 quidquan

2215 475 2372 530 τερος
2401 457 2476 528 τῷ
2508 456 2739 526 πλησίον
2761 457 3057 528 ιργάζεται
3087 461 3271 516 κακόν.
3326 457 3444 517 Εἶτα
3483 466 3672 544 [mutii

517 553 838 624 operabitur
894 550 1043 605 mali.
1101 550 1309 605 Deinde
1372 549 1758 605 concludendo
1831 550 2086 620 repetit:

522 665 541 698 ι
575 643 994 701 Consummatio
1021 643 1203 711 itaque
1225 641 1361 710 legis
1387 641 1737 696 estdilectio.
1778 661 1795 689 ι
1841 642 1956 696 Hoc
1979 649 2088 706 est,

511 752 644 791 vere
677 745 734 790 et
769 737 916 804 juste
951 733 1062 787 disi
1093 733 1240 802 quod
1275 733 1320 786 is
1349 733 1442 801 qui
1489 733 1691 803 diligit,
1719 735 1893 802 legem
1935 747 2089 788 com-

513 829 770 901 pleverit.
814 825 952 881 Cum
990 834 1174 878 autem
1228 825 1430 878 dixerit
1461 825 1608 893 quod
1638 825 1733 892 qui
1763 825 1964 893 diligit,
2002 831 2088 876 to-

517 931 627 975 tam
667 920 844 988 legem
892 917 1152 986 complet,
1204 917 1448 969 ostendit
1493 930 1732 986 quonam
1773 915 1936 968 modo
1984 913 2090 968 hoc

509 1012 645 1076 ﬁat;
678 1027 800 1064 nam
821 1010 1026 1072 omnia,
1061 1009 1559 1078 inquit,pra2cepta
1596 1023 1696 1076 per
1737 1008 2096 1062 dilectionem

509 1105 883 1173 complentur.
914 1102 1031 1155 Non
1059 1110 1241 1153 tamen
1277 1118 1294 1150 ι
1328 1099 1656 1168 simpliciter
1694 1099 1855 1164 dixit,
1888 1119 1906 1149 ο
1934 1098 2097 1153 Com-

512 1196 758 1266 plentur,
808 1194 927 1257 sed,
968 1211 986 1244 ι
1025 1192 1487 1260 Recapitulantur
1522 1210 1540 1242 ι
1593 1209 1607 1246 :
1649 1192 1755 1246 hoc
1802 1199 1908 1255 est,
1967 1204 2096 1244 suc-

2208 549 2400 601 πτικδν
2418 547 2816 618 συμπέρασμα.
2829 568 2848 599 ι
2868 550 3146 620 Πλήρωμα
3173 550 3265 604 οὖν
3279 553 3432 622 νόμον
3456 557 3687 631 tardum.

2201 640 2323 694 ἀντὶ
2346 640 2464 704 τοῦ,
2502 640 2745 708 Ἀληθῶς
2771 641 2881 710 ἄρα
2915 643 3008 694 καὶ
3031 641 3248 706 δικαίως
3279 644 3425 715 ἔφην,
3454 648 3523 700 ὅτι
3543 651 3568 702 ὀ
3585 654 3693 719 ἀγα-

2200 731 2340 795 πῶν,
2371 731 2461 782 τὸν
2491 732 2654 800 νόμον
2677 732 3059 801 πεπλήρωκεν.
3092 731 3272 784 Εἰπὼν
3323 735 3376 786 δὲ
3418 737 3492 791 ὅτι
3529 741 3555 792 ό
3595 745 3694 809 ἁγα-

2191 820 2338 885 .πῶν,
2356 820 2446 873 τὸν
2461 820 2628 888 νόμον
2648 819 2770 872 ὅλον
2787 820 3007 890 πληροῖ,
3025 821 3263 873 δείκνυσι
3283 823 3414 891 πῶς.
3439 827 3563 891 Ὅτι,
3579 834 3694 898 emi,

2196 915 2370 966 πᾶσαι
2410 914 2467 966 αἱ
2490 914 2700 966 ἐντολαὶ
2730 913 2818 965 διὰ
2839 915 2940 982 τῆς
2975 914 3197 982 ἀγάπης
3228 915 3554 984 πληροῦνται.
3583 921 3691 976 Ἀλλ’

2191 1006 2297 1058 οὐκ
2352 1001 2473 1057 εἷπε
2525 1004 2862 1075 πληροῦνται
2912 1003 3122 1067 ἁπλῶς,
3185 1005 3320 1070 ἀλλ’,
3385 1026 3402 1057 ι
3431 1009 3696 1079 ’Δνακεφμ

2195 1093 2494 1149 λαιοῦνται.
2539 1113 2557 1146 ι
2589 1094 2849 1146 Τουτέστι
2876 1093 3157 1162 συντόμως
3179 1096 3269 1145 καὶ
3295 1097 3349 1147 ἐν
3373 1095 3550 1165 βριχεῐ
3581 1099 3690 1172 λόγῳ

2197 1183 2258 1236 τὸ
2287 1185 2395 1236 πᾶν
2425 1185 2655 1252 γίνεται,
2698 1185 2792 1238 καὶ
2819 1184 2938 1237 ὅλον
2993 1184 3294 1254 πληροῦται
3315 1185 3417 1238 τῶν
3441 1189 3633 1244 ἐντολῶν
3651 1193 3696 1246 τδ

512 1285 740 1341 cinctim
786 1283 1053 1352 brevique
1111 1281 1326 1334 ratione
1380 1281 1638 1334 universa
1671 1279 2010 1341 efﬁciuntur,
2043 1286 2090 1332 et

2205 1276 2330 1344 εγον
2359 1277 2446 1330 διὰ
2481 1276 2752 1347 βραχέων.
2800 1295 2819 1326 ι
2844 1277 2949 1330 Τὸν
2973 1277 3196 1345 πλησίον
3225 1294 3316 1330 σου
3349 1279 3420 1342 ὡς
3441 1283 3646 1336 σεαυτόν.
3674 1303 3688 1336 ι

511 1391 678 1430 omne
705 1383 1104 1444 praeceptorum
1137 1387 1278 1441 opus
1314 1370 1578 1425 brevibus
1603 1371 1882 1439 impletur.
1909 1389 1929 1421 ι
1964 1370 2090 1424 Pro-

2200 1369 2295 1428 Τὸ.
2333 1387 2350 1419 ι
2377 1369 2453 1432 ὠς
2485 1368 2732 1431 σεαυτὸν,
2759 1387 2778 1418 ι
2829 1367 2927 1436 τὴν
2953 1369 3348 1438 ἐπιτεταμένην
3365 1371 3561 1440 ἀγάπην
3573 1374 3698 1442 δηλοῖ.

510 1462 718 1518 simum
779 1473 935 1516 tuum
1000 1461 1145 1516 sicut
1199 1461 1458 1530 teipsum.
1505 1479 1523 1511 ι
1575 1461 1731 1525 Quod
1791 1460 1890 1522 ait,
1942 1459 2086 1514 sicut
2123 1470 2173 1514 te
2207 1459 2410 1528 ipsum,
2442 1460 2712 1514 intensam
2745 1458 3098 1519 dilectionem
3121 1460 3410 1527 significat.

585 1551 726 1614 XIII,
762 1550 850 1613 10,
887 1550 976 1603 Η.
1005 1549 1235 1603 -Βιίεεεὶο
1285 1550 1530 1620 proximo
1577 1548 1784 1602 malum
1823 1565 1930 1602 non
1961 1564 2086 1618 ope-

2280 1549 2352 1604 Ἦ
2377 1548 2578 1619 ἀγάπη
2629 1547 2708 1614 τῷ
2733 1551 3003 1617 πλησίον
3058 1551 3250 1604 κακόν
3306 1554 3411 1605 οὐκ
3446 1551 3698 1621 ἐργάζεται.

513 1652 689 1695 ratur.
719 1643 1114 1695 Consummatio
1141 1642 1318 1711 itaque
1341 1640 1467 1712 legis
1518 1647 1592 1693 est
1617 1639 1850 1694 dilectio.
1877 1640 1946 1694 Et
1995 1643 2089 1694 hoc

2196 1639 2499 1708 Πλήρωμα
2519 1637 2634 1695 οὖν
2660 1643 2856 1710 νόμου
2887 1641 2925 1708 ἡ
2947 1639 3171 1709 ἀγάπη,
3205 1643 3300 1695 καί
3329 1643 3509 1703 τοῦτο.
3532 1645 3701 1713 ειδότες

509 1749 634 1786 cum
675 1734 904 1786 sciamus
933 1741 1137 1801 tempus
1173 1731 1312 1801 quod
1339 1732 1470 1783 liora
1497 1731 1567 1783 sit
1592 1729 1821 1799 nosjam
1844 1747 1875 1781 a
1904 1745 2088 1783 somno

2198 1733 2308 1786 τὸν
2328 1734 2559 1800 καιρὸν,
2591 1733 2679 1786 ὅτι
2725 1732 2848 1802 ἄιρα
2895 1732 3054 1802 ἡμᾶς
3076 1733 3194 1801 ἤδη
3246 1733 3314 1798 ἐξ
3363 1736 3540 1790 ὕπνου
3582 1737 3701 1805 ἐγερ-

513 1825 824 1896 expergisci.
849 1823 1000 1878 Nunc
1026 1826 1164 1876 enim
1194 1823 1408 1894 propior
1427 1829 1503 1876 est
1527 1830 1708 1875 nostra
1729 1820 1898 1885 salus,
1931 1838 2090 1892 quam

2198 1823 2396 1892 θῆναι.
2426 1825 2557 1878 Νῦν
2578 1825 2688 1895 γὰρ
2718 1826 3039 1896 ἐγγύτερον
3059 1825 3229 1895 ἡμῶν
3243 1827 3282 1894 ἡ
3313 1829 3615 1897 σωτηριά,ἢ
3633 1829 3702 1883 ὅτε

513 1924 627 1969 tum
659 1932 779 1968 cum
809 1915 1168 1968 credebamus.

576 2007 775 2062 Vidisti
789 2007 1066 2077 quomodo
1084 2006 1317 2060 virtutes
1335 2019 1527 2060 omnes
1547 2005 1828 2060 contineat
1844 2004 2088 2060 dilectio:

513 2099 792 2154 abstinere
821 2113 1018 2168 nempe
1046 2113 1077 2152 a
1116 2098 1276 2151 malis
1308 2108 1363 2152 et
1389 2098 1570 2152 facere
1604 2097 1788 2152 bona?
1827 2098 1969 2153 Ecce
1999 2099 2068 2153 ab

511 2191 830 2246 stinentiam
856 2206 886 2245 a
917 2189 1077 2244 malis
1107 2207 1120 2244 :
1157 2208 1175 2240 ι
1223 2189 1478 2244 Proximo
1514 2189 1718 2243 malum
1763 2202 1872 2244 non
1900 2204 2096 2259 operc-

512 2290 624 2335 tur.
653 2299 674 2334 ›
709 2280 849 2336 Ecce
873 2281 1144 2336 honorum
1171 2282 1591 2351 operationem-
1615 2300 1635 2332 ‹
1677 2281 2092 2336 Consummatio

510 2373 755 2443 legis-est
776 2373 1020 2428 dilectio.
1052 2392 1070 2424 ι
1111 2372 1244 2427 Nam
1286 2372 1540 2442 proximo
1577 2373 1716 2428 bene
1746 2373 1892 2427 facit.
1917 2371 2092 2428 Omne

511 2477 695 2521 autem
709 2466 845 2537 legis
862 2467 1104 2520 studium
1123 2467 1232 2520 huc
1245 2467 1420 2520 tendit
1440 2475 1501 2520 ut
1515 2465 1809 2521 recedatur
1824 2482 1854 2520 a
1867 2466 2027 2520 malis
2037 2474 2093 2520 et

516 2557 647 2611 fiant
669 2558 834 2612 bona.
866 2576 884 2610 ι
915 2558 1150 2612 Dilectio
1175 2557 1426 2626 proximo
1438 2557 1641 2611 malum
1668 2573 1778 2612 non
1795 2567 2086 2627 operatur:

513 2648 854 2717 Principium
874 2647 1108 2718 ﬁnisque
1129 2649 1402 2704 bonorum
1426 2657 1510 2704 est
1531 2649 1755 2720 diligere
1782 2648 2090 2719 proximum

515 2738 938 2809 sicutseipsum.
968 2760 984 2792 ι
1021 2741 1088 2794 Ει
1134 2741 1239 2795 hoc
1267 2756 1392 2796 cum
1433 2741 1692 2796 sciamus.
1729 2760 1748 2794 ›
1778 2741 2087 2812 Complete,

515 2830 717 2900 inquit,
745 2831 1058 2887 dilectionis
1087 2848 1250 2902 opus,
1269 2848 1392 2887 cum
1423 2832 1664 2888 sciamus
1688 2842 1906 2902 tempus
1927 2849 2092 2904 urge-

514 2940 575 2979 re
602 2923 976 2994 virtutemque
1017 2926 1260 2996 exigere.
1316 2945 1334 2977 ι
1361 2926 1517 2980 Nunc
1541 2925 1769 2995 propior
1792 2933 1877 2979 est
1901 2934 2090 2979 nostra

514 3015 720 3071 salus.»
760 3015 873 3069 [Ioc
892 3022 978 3070 est
1013 3031 1161 3070 nunc
1191 3030 1316 3070 cum
1351 3015 1607 3082 novimus
1636 3030 1759 3084 qua:
1779 3015 1891 3069 sint
1921 3029 2089 3084 opera

515 3107 914 3173 commodiora,
943 3108 1156 3162 facilius
1185 3116 1332 3162 certe
1355 3106 1543 3161 datum
1570 3115 1654 3161 est
1678 3115 1738 3161 ut
1757 3107 1892 3162 salvi
1916 3107 2090 3162 simus

515 3212 680 3267 quam
721 3204 837 3251 tum
895 3211 1021 3252 cum
1058 3195 1240 3250 adhuc
1267 3195 1696 3286 instituebamur
1736 3195 1790 3286 in
1820 3194 1947 3249 fidei
1999 3210 2090 3248 ra-
2122 3225 2166 3286 ε

516 3289 689 3345 tione.
723 3289 846 3344 Non
878 3288 1026 3343 enim
1053 3295 1116 3341 ut
1152 3287 1210 3342 in
1241 3286 1528 3342 Christum
1561 3285 1923 3351 credidimus,
1957 3301 2095 3341 con-

515 3381 676 3437 tinuo
700 3379 869 3435 etiam
903 3388 1151 3434 exactam
1209 3379 1548 3448 agendorum
1594 3377 2095 3447 apprehensionem

515 3472 853 3540 accepimus.
910 3488 928 3521 ι
983 3468 1122 3524 Cum
1163 3469 1433 3532 sciamus,
1488 3485 1506 3519 ι
1562 3468 1762 3536 inquit.
1821 3465 2095 3533 Quidnam

515 3561 693 3617 illud?
749 3579 768 3612 ι
812 3560 1074 3630 Tempus,
1119 3579 1144 3611 Δι
1205 3558 1318 3624 ait;
1369 3567 1426 3614 et
1488 3558 1616 3622 hoc,
1677 3573 1804 3612 cum
1834 3560 2093 3613 sciamus.

516 3653 632 3709 Hoc
698 3652 976 3723 pradictis
1007 3664 1310 3720 appensum
1335 3659 1440 3714 est,
1483 3659 1539 3704 et
1583 3650 1649 3704 ad
1681 3651 1772 3705 illa
1820 3650 2094 3714 redditur,

514 3759 641 3801 cum
691 3745 767 3798 sit
804 3743 977 3812 magis
1007 3741 1268 3806 intensio,
1302 3749 1358 3796 et
1418 3741 1863 3797 exhortationem
1916 3743 2095 3797 mani-

515 3838 684 3892 festet
717 3835 1129 3905 praedictorum.
1165 3833 1410 3900 Quorum
1443 3844 1628 3890 autem
1664 3835 2096 3905 prasdictorum?

521 3943 540 3976 ε
585 3924 778 3979 Omnis
819 3923 1000 3978 anima
1036 3923 1406 3993 potestatibus
1435 3925 1928 3994 praeminentibus
1967 3927 2098 3980 Sub-

514 4017 694 4072 datur.
735 4034 754 4067 ›
791 4015 861 4070 Et
895 4033 909 4068 :
942 4034 960 4067 ι
1038 4015 1270 4070 Reddite
1320 4016 1581 4070 omnibus
1638 4016 1846 4072 debita.
1896 4037 1914 4069 ι
1976 4018 2039 4070 Et
2077 4035 2091 4072 :

519 4126 537 4158 ι
604 4105 821 4162 Nemini
863 4105 1164 4176 quidquam
1220 4106 1474 4162 debeatis
1535 4107 1643 4162 nisi
1708 4107 1814 4162 hoc
1864 4115 1926 4162 ut
1994 4124 2093 4162 vos

514 4209 709 4254 mutuo
765 4198 1028 4269 diligatis.
1087 4217 1106 4251 ι
1141 4197 1268 4253 Haec
1317 4213 1450 4269 ergo
1496 4198 1661 4253 facite
1717 4199 1814 4264 ait,
1867 4209 2094 4269 propter

514 4293 798 4363 praedicta,
829 4291 994 4362 379
1023 4299 1081 4346 et
1106 4292 1179 4346 ob
1205 4291 1260 4344 id
1293 4291 1552 4355 maxime,
1593 4290 1906 4359 quodnam?
1934 4290 2091 4356 Quod

515 4385 757 4439 sciamus
778 4392 1016 4452 tempus,
1047 4398 1160 4452 quo
1193 4382 1576 4436 abbreviatum
1597 4382 1669 4436 sit
1695 4391 1912 4452 tempus
1966 4385 2092 4437 vita:

516 4485 721 4532 nostra:
756 4494 769 4530 :
797 4483 855 4531 et
887 4483 1110 4544 oportet
1137 4490 1241 4529 nos
1269 4475 1363 4544 qui
1391 4483 1652 4544 tanquam
1705 4475 1842 4528 nihil
1867 4483 2092 4546 agentes

2199 1915 2668 1985 ἐπιστεύσαμεν.

2272 2004 2423 2070 Εἶδες
2477 2009 2595 2073 πῶς
2649 2008 2750 2072 τὰς
2799 2008 3002 2078 ἀρετὰς
3043 2007 3313 2080 ἑκατέρας
3335 2008 3441 2078 ἔχει
3470 2010 3499 2080 ἡ
3528 2010 3700 2080 ἀγάπη,

2199 2101 2296 2173 τὴν
2317 2101 2428 2154 τῶν
2465 2101 2653 2155 κακῶν
2687 2101 2898 2172 ἀποχὴν
2932 2101 3098 2169 λέγω,
3133 2102 3228 2155 καὶ
3277 2100 3374 2171 τὴν
3398 2101 3586 2170 ποίησιν
3625 2104 3702 2153 τῶν

2199 2193 2458 2262 ἀγαθῶνς
2495 2193 2629 2246 Ἰδοὺ
2652 2195 2686 2262 ἡ
2747 2194 2925 2264 ἀποχὴ
2961 2193 3070 2245 τῶν
3102 2191 3313 2245 κακῶν
3350 2211 3369 2242 ι
3405 2191 3488 2261 Τῷ
3513 2192 3700 2261 πλησίον,

2201 2285 2354 2354 φησὶ,
2409 2281 2577 2336 κακδν
2623 2283 2725 2336 οὐκ
2765 2282 3075 2354 ἐργάζεται.
3127 2300 3146 2332 ι
3187 2280 3590 2350 Ἰδοὺήποίησις
3626 2282 3701 2332 τῶν

2199 2375 2420 2444 ἀγαθῶν
2446 2391 2461 2406 ·
2492 2394 2510 2428 ι
2546 2375 2848 2445 Πλήρωμα,
2904 2375 3057 2445 φησὶ,
3092 2374 3261 2444 νόμου
3291 2375 3324 2444 ἡ
3367 2373 3555 2443 ἀγάπη.
3581 2391 3596 2425 ι
3627 2374 3701 2425 Τὸν

2198 2472 2306 2540 γὰρ
2342 2469 2570 2540 πλησίον
2595 2469 2654 2523 εὖ
2691 2471 2856 2523 ποιεῖ.
2886 2469 3109 2522 ’Ἅπασα
3139 2467 3199 2521 δε
3251 2472 3283 2538 η
3325 2469 3513 2537 σπουδὴ
3547 2467 3621 2520 τοῦ
3644 2470 3703 2521 νό-

2201 2577 2327 2630 μου,
2356 2560 2514 2613 τοῦτο
2551 2561 2822 2631 βούλεται,
2859 2560 3075 2631 ἀποχὴν
3110 2560 3221 2612 τῶν
3276 2559 3474 2624 κακῶν,
3512 2560 3590 2610 καὶ
3633 2561 3702 2627 ἁρ-

2198 2653 2300 2724 χὴν
2329 2653 2438 2705 τῶν
2473 2653 2718 2722 ἀγαθῶν.
2756 2672 2776 2704 ι
2835 2650 2898 2706 Ἦ
2923 2653 3112 2722 ἀγάπη
3135 2653 3213 2718 τῷ
3239 2651 3458 2721 πλησίον
3479 2651 3618 2703 κακὸν
3632 2652 3701 2704 οὐκ

2199 2744 2514 2815 ἐργάζεται.
2549 2763 2567 2795 ι
2619 2746 2786 2814 Ἀρχὴ
2820 2744 2930 2796 τῶν
2959 2743 3142 2797 καλῶν
3189 2743 3286 2796 καὶ
3327 2744 3492 2806 τέλος,
3535 2745 3701 2812 ἀγαπᾷν

2197 2838 2290 2890 τὸν
2361 2836 2592 2906 πλησίον
2647 2835 2722 2898 ὡς
2771 2835 2984 2890 ἑαυτόν.
3051 2855 3069 2888 ι
3117 2837 3231 2888 Καὶ
3257 2835 3433 2900 τοῦτο,
3479 2835 3698 2897 ειδότες.»

2199 2926 2585 3002 -1ΣΕΥΗΡ.]
2611 2926 2910 2998 Πληροῦτε,
2945 2927 3098 2998 φησὶ,
3134 2927 3197 2980 τὸ
3229 2931 3328 2998 τῆς
3347 2929 3546 2996 ἀγάπης
3570 2928 3700 2997 ἔργον,

2199 3017 2397 3078 εἰδότες
2428 3016 2522 3069 τὸν
2552 3015 2744 3084 καιρὸν
2776 3017 3169 3083 κατεπείγοντα
3229 3018 3325 3069 καὶ
3373 3017 3554 3086 ἀρετὴν
3579 3017 3702 3068 ἅγιαι·

2197 3107 2418 3162 τοῦντα.
2453 3127 2472 3159 ι
2514 3106 2629 3160 Νῦν
2655 3107 2951 3176 ἐγγύτερον
2987 3107 3144 3177 ἡμῶν
3171 3111 3206 3178 ἡ
3244 3107 3497 3180 σωτηρία,
3524 3126 3540 3158 ι
3572 3108 3599 3178 ἢ
3638 3108 3700 3158 ὅτι

2198 3200 2602 3269 ἐπιστεύσαμεν
2625 3213 2640 3229 ο
2672 3199 2938 3264 τουτέστι,
2974 3199 3090 3253 Νῦν
3132 3203 3222 3254 ὅτε
3252 3201 3487 3271 ἔγνωμεν
3519 3201 3608 3252 τῶν
3629 3199 3692 3268 ἕρ-

2195 3308 2309 3361 γων
2335 3294 2402 3344 τά
2423 3289 2842 3362 ὠφελιμώτερα,
2871 3291 3074 3362 κοῦφον
3105 3294 3258 3362 ὅμως
3288 3295 3472 3362 γέγονε
3517 3292 3570 3345 τδ
3623 3307 3699 3344 σω-

2196 3383 2376 3454 θῆναι,
2409 3383 2550 3452 ἢπερ
2570 3384 2656 3436 ὅτε
2699 3383 3094 3454 κατηχούμεθα
3145 3384 3229 3438 ἔτι
3276 3385 3368 3439 τὸν
3390 3387 3481 3455 τῆς
3517 3383 3700 3442 πίστεως

2196 3474 2374 3542 λόγον.
2417 3474 2492 3528 Οὐ
2545 3475 2654 3545 γὰρ
2687 3475 2804 3544 ἀμα
2827 3473 2904 3543 τῷ
2935 3475 3226 3528 πιστεῦσαι
3254 3477 3334 3539 είς
3364 3475 3592 3545 Χριστὸν,
3636 3472 3703 3525 καὶ

2195 3570 2296 3638 τὴν
2377 3568 2578 3637 ἀκριϐῆ
2633 3567 2742 3621 τῶν
2781 3569 3072 3637 πρακτέων
3166 3569 3471 3638 κατάληψιν
3517 3569 3701 3636 είχομεν.

2203 3679 2221 3711 ι
2269 3659 2502 3722 Εἱὸότες,
2545 3678 2564 3709 ι
2626 3658 2781 3728 φησὶ,
2843 3661 2996 3711 ποῖον
3048 3658 3246 3724 τοῦτο;
3308 3678 3327 3710 ι
3368 3659 3439 3711 Τὸ
3480 3655 3700 3726 καιρὸν.»

2194 3751 2625 3824 φησί.-[ΦΩΤ.]
2662 3771 2680 3804 ι
2705 3753 2814 3808 Καὶ
2846 3753 3002 3807 τοῦτο
3030 3753 3287 3816 ειδότες.»
3305 3755 3442 3818 ’Τοῖς
3469 3752 3567 3806 ἀνω
3590 3748 3705 3802 τοῦτο

2198 3847 2562 3915 συνήρτηται,
2599 3845 2692 3897 καὶ⁵
2737 3845 2874 3915 πρὸς
2913 3845 3101 3898 ἐκεῖνα
3143 3845 3472 3905 ἀποδίδοται.
3515 3842 3725 3898 ἐπίτασις,

2201 3936 2402 4006 μᾶλλον
2429 3935 2489 3987 δν
2512 3936 2606 3987 καὶ
2637 3934 2957 4007 προτροπὴν
3003 3937 3272 4005 ἐμφαῖνον
3302 3937 3407 3989 τῶν
3439 3931 3702 4006 είρημένων.

2199 4027 2378 4088 Ποξοις
2430 4027 2486 4079 δὲ
2543 4026 2684 4091 ﬁve);
2739 4045 2757 4077 ι
2796 4027 2954 4080 Πᾶσα
2996 4025 3143 4097 ψυχὴ
3174 4028 3443 4091 ἐξουσίαις
3472 4019 3706 4094 ὑπερεχοῦο

2197 4134 2318 4180 σαις
2370 4115 2777 4169 ὑποτασσέσθω.
2820 4134 2838 4168 ι
2899 4117 3033 4184 Καὶ,
3073 4135 3093 4168 r
3160 4117 3417 4170 Ἀπόδοτε
3472 4116 3589 4168 πᾶσι
3635 4109 3704 4170 τὶς

2198 4208 2439 4277 ὀφειλάς.
2476 4227 2495 4258 ι
2557 4207 2688 4270 Καὶ,
2720 4225 2739 4258 ι
2780 4206 2977 4276 μηδενὶ
3016 4207 3184 4277 μηδὲν
3228 4206 3551 4274 ὀφείλετε,εί
3579 4201 3637 4272 μὴ
3663 4199 3705 4250 τὸ

2193 4299 2415 4369 ἀγαπᾷν
2445 4297 2725 4369 ἀλλήλους.
2746 4316 2764 4348 ι
2789 4295 2976 4350 Ταῦτα
3009 4296 3123 4361 οὖν,
3145 4299 3306 4367 φησὶ,
3340 4299 3548 4356 ποιεῖτε,
3577 4291 3704 4345 διὰτε

2196 4391 2264 4443 τά
2296 4389 2693 4461 προειρημένα,
2725 4388 2818 4441 καὶ
2843 4387 2930 4441 διὰ
2965 4387 3126 4441 τοῦτο
3161 4389 3420 4458 μάλιστα.
3445 4386 3534 4439 Διά
3562 4384 3702 4440 ποῖονς

2195 4481 2396 4542 εἰδότες
2456 4480 2547 4532 τὸν
2571 4479 2782 4550 καιρὸν,
2843 4479 2928 4532 ὅτι
2975 4479 3346 4549 συντέτμηται
3405 4480 3433 4530 ό
3469 4478 3558 4546 τῆς
3597 4469 3705 4536 ζωῆς

514 4569 846 4634 dormimus,
875 4566 1046 4621 veluti
1090 4582 1158 4621 ex
1219 4581 1416 4620 somno
1456 4566 1788 4637 quantocius
1837 4567 2088 4621 excitari.

2196 4574 2354 4643 ἡμῶν
2394 4571 2608 4642 χρόνος,
2638 4572 2734 4623 καὶ
2758 4570 2839 4623 δεῖ
2861 4571 3031 4638 ἡμᾶς,
3066 4572 3116 4624 εί
3143 4573 3238 4624 καὶ
3265 4569 3604 4634 ἑκαθεῦδομεν
3631 4576 3706 4631 μη·

513 4662 862 4717 Manifestum
893 4658 1042 4714 enim
1092 4667 1178 4714 est
1199 4658 1346 4728 quod
1374 4673 1523 4713 nunc
1572 4659 1747 4714 multo
1799 4659 1972 4729 magis
1994 4658 2090 4714 ﬁni

513 4755 641 4808 vita:
667 4763 869 4808 nostrae
887 4750 1208 4806 accedimus
1240 4765 1405 4820 quam
1433 4758 1545 4804 tum
1576 4765 1700 4804 cum
1723 4749 2085 4806 credidimus.

515 4844 757 4898 Sakitem
807 4853 993 4897 autem
1048 4850 1207 4896 vocat
1247 4839 1412 4894 finem
1455 4841 1620 4906 vitae;
1669 4840 1799 4910 quia
1847 4849 1977 4897 tunc
2005 4842 2091 4896 his

516 4934 612 5004 qui
651 4934 801 5005 digni
851 4942 982 4989 sunt
1029 4935 1182 4988 salus
1229 4948 1295 4988 ac
1319 4931 1513 4987 fruitio
1543 4933 1714 5004 magis
1759 4933 2036 5003 detegitur
2073 4951 2087 4988 :

516 5026 643 5082 ideo
675 5041 896 5096 quoque
923 5026 1070 5080 diem
1112 5025 1266 5079 illum
1297 5024 1556 5094 appellat,
1581 5026 1727 5094 quod
1771 5024 2092 5080 delectatio-

516 5133 644 5174 nem
690 5117 935 5188 praebeat
981 5125 1038 5170 et
1065 5117 1362 5180 illuminet,
1405 5130 1581 5185 eaque
1610 5117 1927 5172 manifestat
1967 5132 2091 5186 qua)

516 5211 675 5282 prius
721 5207 902 5278 quoad
948 5207 1352 5277 experientiam
1391 5223 1456 5261 ac
1503 5207 1823 5261 fruitionem
1871 5209 2092 5278 ignora-

518 5304 742 5364 bantur,
765 5301 884 5354 sola
932 5314 1064 5352 vero
1091 5314 1188 5369 spe
1227 5297 1734 5367 conspiciebantur.
1766 5299 1960 5353 Merito
1995 5314 2091 5352 au-

518 5402 627 5448 tem
661 5398 989 5462 prtesentem
1017 5390 1184 5443 vitam
1213 5397 1434 5442 noctem
1455 5389 1714 5458 appellat,
1751 5389 2090 5444 conferendo

513 5485 583 5541 ad
635 5483 884 5539 futurum
927 5480 1095 5534 diem.
1146 5479 1282 5534 Nam
1333 5480 1501 5532 multa
1535 5497 1658 5550 qua:
1690 5482 1794 5535 hoc
1841 5489 2090 5551 tempore

517 5587 777 5647 tanquam
823 5575 880 5629 in
911 5582 1074 5627 nocte
1103 5572 1485 5634 occultantur,
1513 5571 1646 5625 fient
1685 5571 1759 5626 ibi
1798 5573 2088 5626 manifesta

511 5669 685 5738 veluti
717 5667 772 5721 in
791 5667 949 5721 claro
983 5664 1094 5719 die.
1117 5663 1264 5718 Item
1316 5662 1489 5715 multa
1517 5678 1642 5732 qua:
1680 5664 1769 5718 hic
1827 5673 2090 5733 tanquam

512 5761 572 5815 In
624 5757 876 5814 tenebris
913 5756 1266 5826 ignorantur,
1327 5752 1407 5808 ibi
1447 5752 1596 5808 sicut
1635 5752 1690 5807 in
1721 5754 1846 5810 luce
1887 5768 2091 5824 cogno-

513 5860 741 5907 scentur
773 5849 958 5905 soluto
1016 5845 1164 5905 omni
1189 5845 1513 5902 umbracqu
1536 5844 1794 5916 omnique
1823 5847 1962 5906 facie
1989 5846 2090 5904 ab-

2193 4663 2282 4716 δὲν
2307 4664 2661 4732 πράττοντες,
2690 4661 2766 4724 ὡς
2789 4661 2846 4728 ἐξ
2877 4661 3049 4714 ὕπνου
3102 4661 3208 4714 κᾶν
3256 4662 3389 4729 γοῦν
3449 4654 3702 4728 ἐγερθῆναι·

2191 4753 2432 4825 Φανερὺν
2481 4753 2590 4823 γὰρ
2623 4753 2705 4806 ὅτι
2732 4753 2828 4805 νῦν
2883 4753 3118 4824 μάλιστα
3164 4753 3302 4821 πρὸς
3332 4752 3392 4806 τὸ
3421 4751 3557 4810 τέλος
3578 4743 3705 4812 ἐσμὲν

2192 4849 2293 4917 τῆς
2326 4849 2472 4916 ζωῆς
2509 4845 2671 4916 ἡμῶν
2702 4846 2734 4916 ἢ
2767 4847 2856 4899 ὅτε
2893 4846 3318 4914 ἐπιστεύσαμεν.
3368 4841 3621 4912 Σωτηρίαν
3663 4833 3704 4886 δὲ

2192 4941 2352 4992 καλεί
2376 4937 2436 4990 τὸ
2471 4936 2622 4998 τέλος
2647 4937 2746 5005 τῆς
2775 4936 2940 5003 ζωῆς,
2985 4937 3067 4989 ὃτι
3096 4936 3217 4988 τότε
3247 4938 3362 4997 τοῖς
3385 4935 3542 4999 ἀξίοις
3566 4930 3593 4997 ἠ
3621 4941 3698 4977 σω·

2191 5030 2358 5102 “tota
2387 5029 2484 5082 καὶ
2506 5032 2541 5100 ἢ
2571 5029 2880 5090 ἀπόλαυσις
2919 5027 3367 5082 ἀποκαλύπτεται
3419 5023 3611 5095 μᾶλλον.
3637 5012 3702 5067 Διδ

2196 5125 2287 5175 καὶ
2322 5120 2536 5190 ἡμέραν
2569 5118 2702 5172 αὐτο
2728 5119 2904 5183 καλεῖ,
2938 5121 3033 5174 καὶ
3062 5119 3256 5190 ἡδονὴν
3278 5119 3615 5189 παρέχουσαν,
3631 5104 3704 5158 καὶ

2195 5213 2561 5280 φωτίζουσαν,
2600 5213 2694 5264 καὶ
2725 5212 3200 5280 φανεροποιοῦσαν
3233 5211 3300 5264 τὰ
3329 5209 3453 5281 πρὶν
3481 5207 3533 5258 ἐν
3557 5196 3703 5266 ἀγνοίᾳ

2193 5305 2259 5373 τῇ
2293 5303 2431 5355 κατά
2466 5306 2662 5373 πεῖραν
2698 5303 2792 5356 καὶ
2824 5303 3124 5356 ἀπόλαυσιν
3148 5303 3398 5370 κείμενα,
3437 5299 3560 5368 μόνῃ
3585 5289 3632 5342 δὲ
3654 5286 3700 5352 τῇ

2195 5396 2372 5448 ἑλπίδι
2421 5395 2794 5466 Θεωρούμενα.
2852 5396 3095 5456 Εἰκότως
3137 5395 3192 5448 δὲ
3220 5394 3308 5448 τὸν
3359 5390 3580 5459 παρόντα
3619 5379 3702 5466 PE”

2193 5485 2365 5538 νύκτα
2423 5486 2602 5550 καλεῖ,
2639 5464 2798 5554 πρὸς
2831 5484 2928 5554 τὴν
2961 5485 3263 5554 μέλλουσαν
3294 5482 3515 5551 ἡμέραν.
3565 5464 3702 5525 [Ιολλέι

2194 5580 2303 5645 γὰρ
2339 5575 2448 5628 τῶν
2496 5577 2555 5627 ἐν
2611 5575 2785 5645 τούτῳ
2815 5575 2910 5628 νῦν
2939 5577 3014 5639 ὼς
3061 5576 3122 5627 ὲν
3157 5574 3307 5626 νυκτὶ
3343 5563 3698 5645 κρυτπομένων)

2193 5641 2311 5719 έκεῖ
2343 5667 2556 5736 φανερά
2592 5664 2667 5728 ὡς
2693 5641 3012 5736 ειν-λαμπρᾷ
3057 5664 3241 5735 ἡμέρᾳ
3296 5660 3583 5728 γενήσεται,
3632 5641 3701 5699 καὶ

2191 5757 2368 5812 πολλά
2397 5756 2930 5828 τῶν-ἀγνοουμένων
2962 5756 3196 5810 ἐνταῦθα
3227 5753 3373 5820 dictv
3414 5751 3592 5804 σκότει,
3617 5736 3702 5828 Mi

2194 5850 2270 5915 ὼς
2301 5851 2360 5904 ὲν
2386 5850 2525 5919 φωτὶ
2555 5848 3048 5920 ἐπιγνωσθήσεται,
3083 5849 3263 5918 πάσης
3308 5842 3504 5914 σκηνῆς
3555 5827 3699 5900 λυομέ-
