3880 6560
473 427 576 490 5‘37
910 486 912 489 .
1537 427 1900 490 (ECUMENI
1912 426 1933 487 Ι
1974 425 2266 487 ΤΠΙΟΩᾸΕ
2300 425 2641 487 EPISCOPI
3599 435 3678 494 583

472 542 742 598 dicuntur
777 557 914 614 aqua
937 544 1090 599 inter
1122 543 1486 599 vinolentiam
1510 551 1568 599 et
1593 541 1954 614 petulantiam
1977 559 2004 596 r

2171 545 2245 598 Ού
2301 545 2402 615 τὴν
2467 544 2613 615 μῖξιν
2673 543 2911 614 ἀναιρεῖ,
2951 541 3086 596 ἀλλά
3143 541 3240 612 τὴν
3270 544 3530 612 πορνείαν.
3563 565 3577 597 ι
3611 550 3679 620 Μὴ

469 639 747 698 teruntur.
777 641 836 696 ιιι
875 651 1060 698 autem
1081 642 1246 698 etiam
1279 640 1538 713 παροινία
1567 640 1901 712 appellatur.
1941 658 1959 692 ι
1991 638 2001 693 l

2157 639 2316 710 ἔριδι.
2347 652 2475 688 ι-ι
2513 633 2692 706 Ἔριδι
2726 653 2744 685 i
2780 633 2908 704 περὶ
2937 631 3112 702 θυμοῦ
3146 631 3326 701 λέγει*
3357 651 3376 684 ι
3414 632 3548 706 ζήλῳ
3583 637 3681 703 ibi,

473 733 821 790 libidinibus.
859 753 876 787 ι
928 734 1049 790 Non
1096 749 1317 791 omnem
1361 735 1507 791 tollit
1526 735 1909 801 concubitum,
1961 749 2005 789 st

2159 731 2289 801 περὶ
2319 726 2640 800 βασκανίας.
2669 745 2687 778 ι
2710 724 2851 780 Ἀλλ’
2875 723 3172 779 ἐνδύσασθε
3189 724 3280 778 τὸν
3299 723 3496 797 Κύριον
3517 727 3684 799 Ἰησοῦν

465 834 752 896 stuprum.
793 845 812 878 ι
851 825 972 882 Νοη
993 828 1352 884 contentione
1372 837 1429 884 et
1456 829 1827 884 aemulatione.
1873 847 1892 880 ι
1920 827 1997 882 Co

2158 821 2416 895 Χριστόν.
2459 839 2477 872 ι
2534 817 2594 873 Ὀ
2617 817 2726 888 γὰρ
2773 816 2937 871 αὑτὸν
2997 815 3381 886 ἐνδεδυμένος,
3437 816 3539 887 ἔχει
3584 821 3687 874 καθ.

477 919 722 974 tentione
738 917 870 974 dicit
886 918 954 974 de
974 920 1076 986 ira,
1093 920 1442 977 aemulatione
1457 936 1590 978 vero
1610 921 1678 977 de
1705 920 1931 978 invidia.
1950 918 2009 975 Se

2159 917 2282 972 όλου
2315 916 2414 984 τὴν
2443 913 2667 986 ἀρετήν.
2701 910 2826 975 Πῶς
2853 911 2909 965 δὲ
2947 909 3111 964 αύτδν
3146 909 3420 976 ἐνδυτὲον;
3455 907 3512 984 El
3547 911 3689 968 πάντα

473 1011 771 1068 induimini
809 1012 1101 1068 Dominum
1123 1012 1310 1069 Iesum
1339 1011 1642 1069 Christum.
1667 1031 1685 1065 ι
1714 1011 1848 1068 Nam
1872 1011 1966 1084 qui
1992 1013 2005 1067 i

2162 1012 2296 1083 ἡμῖν
2323 1008 2485 1073 αὐτὸς
2524 1009 2632 1078 εἴη,
2669 1006 2872 1060 ἔσωθεν
2913 1005 3009 1060 καὶ
3056 1003 3257 1070 ἔξωθεν
3293 1005 3351 1056 ἐν
3385 1004 3509 1074 ἡμῖν
3537 1007 3689 1075 (pauid-

466 1104 589 1159 .lum
612 1104 809 1172 induit,
830 1105 1072 1177 undique
1092 1106 1353 1162 virtutem
1370 1104 1557 1163 habet.
1571 1104 1858 1172 Quomodo
1878 1116 1998 1162 aute

2165 1121 2349 1176 μενος.
2373 1102 2448 1156 Τὸ
2473 1102 2528 1156 δὲ
2567 1100 2705 1172 μηδέ
2731 1117 2864 1153 ποτε
2889 1097 3055 1152 αὐτοῦ
3088 1096 3496 1164 ἀπολείπεσθαι,
3525 1097 3689 1168 ἔνδυμα

479 1198 596 1266 ipse
626 1197 940 1254 induendos
965 1201 1087 1255 est?
1116 1197 1174 1254 Si
1201 1197 1364 1256 nobis
1394 1199 1576 1254 omnia
1604 1200 1698 1264 sit.
1742 1200 1974 1256 interius

2166 1196 2341 1252 καλεῖ.
2377 1214 2396 1248 ι
2442 1195 2554 1248 Καὶ
2585 1194 2682 1264 τῆς
2707 1193 2910 1264 σαρκὸς
2943 1192 3221 1262 πρόνοιαν.
3260 1187 3479 1242 »Είπὼν
3516 1189 3582 1259 μὴ
3605 1189 3689 1243 δεῖν

476 1290 722 1346 exterius
747 1305 1020 1362 apparens
1056 1291 1108 1346 in
1145 1290 1327 1348 nobis.
1362 1290 1532 1347 Vocat
1557 1299 1740 1346 autem
1777 1291 2008 1347 indumei

2170 1289 2420 1360 προνοεῖν
2472 1286 2574 1357 τῆς
2631 1285 2856 1358 σαρκὸς,
2903 1285 3122 1352 ἐπάγει,
3164 1303 3183 1335 ι
3224 1284 3321 1344 Εἰς
3357 1281 3638 1354 ἐπιθυμίας,
3675 1303 3688 1334 ι

469 1391 617 1446 τιυιη,
655 1399 940 1453 nunquam
968 1383 1121 1439 abeo
1149 1381 1407 1439 deiicere.
1455 1403 1474 1436 ι
1505 1385 1773 1440 Etcarnis
1803 1400 1994 1440 curam

2170 1385 2257 1438 ἵνα
2283 1383 2357 1454 μὴ
2387 1381 2618 1454 νομίσῃς
2639 1383 2725 1436 ὅτι
2750 1380 2873 1434 ούδέ
2907 1381 2964 1434 ἐν
3002 1381 3116 1442 τοῖς
3145 1376 3461 1446 ἀναγκαίοις
3481 1377 3556 1430 δεῖ
3577 1379 3692 1450 ἡμᾶς

475 1473 636 1546 381
676 1475 874 1531 Diccns
918 1491 1030 1530 non
1079 1485 1335 1547 oportere
1379 1491 1598 1532 carnem
1648 1493 1846 1533 curare
1893 1479 2007 1533 velt

2167 1473 2515 1547 προνοεῖσθαι
2545 1474 2644 1545 τῆς
2677 1472 2902 1543 σαρκὸς,
2929 1465 3041 1524 οἷον
3073 1472 3132 1524 ἐν
3164 1469 3366 1541 βρώσει
3394 1469 3425 1540 ἢ
3456 1470 3690 1542 ἐνδύματι.

477 1565 792 1634 providere,
813 1565 1094 1637 adjunxit:
1122 1583 1141 1616 ι
1174 1566 1255 1621 Ad
1283 1567 1799 1638 concupiscentias;
1831 1586 1848 1619 ι
1872 1583 1942 1623 ne
1967 1585 2009 1622 αι

2167 1565 2505 1636 Προνοητέον
2521 1565 2812 1635 τοιγαροῦν
2841 1564 3010 1634 αὐτῆς
3044 1563 3181 1634 πρὸς
3207 1563 3484 1636 διαμονὴν,
3505 1566 3560 1619 ού
3589 1566 3691 1638 πρὸς

479 1657 704 1712 bitreris
732 1658 880 1728 quod
906 1673 1010 1714 nec
1045 1658 1099 1712 in
1132 1659 1465 1715 necessariis
1495 1670 1748 1730 oporteat
1767 1676 1869 1716 nos
1899 1660 2056 1716 carni
2163 1657 2477 1728 ἀσελγείας.

475 1752 790 1820 providere,
813 1761 946 1824 puta
975 1753 1031 1808 in
1055 1753 1180 1810 cibo
1197 1769 1262 1810 ac
1286 1753 1630 1812 indumento.
1650 1757 2059 1813 Providendum
2097 1764 2184 1814 est
2239 1755 2410 1826 igitur
2439 1753 2517 1809 illi
2549 1753 2616 1809 ad
2650 1756 3113 1825 permanentiam,
3145 1769 3258 1810 non
3284 1753 3351 1810 ad
3390 1754 3639 1811 libidines.

546 1844 686 1912 XIV,
727 1847 846 1903 1-4.
890 1847 1030 1905 Eum
1063 1860 1240 1905 autem
1275 1851 1364 1923 qui
1393 1852 1637 1922 inﬁrmus
1660 1860 1737 1908 est
1765 1852 1872 1924 ﬁde
1904 1871 2061 1909 assu-

2239 1855 2354 1910 Τὸν
2391 1851 2459 1907 δέ
2488 1852 2868 1909 ἀσθενοῦντα
2922 1850 2997 1922 τῇ
3029 1853 3232 1907 πίστει
3287 1852 3692 1923 προσλαμϐάνε-

480 1941 627 2004 mite,
689 1956 790 1995 non
827 1943 898 1996 ad
932 1941 1339 2010 dijudicationes
1374 1944 1811 2016 disceptationum
1843 1987 1859 2002 .
1911 1947 2012 2002 Alit

2164 1950 2295 2014 σθε,
2351 1944 2439 2017 μὴ
2493 1947 2582 2010 είς
2637 1944 2974 2014 διακρίσεις
3025 1944 3359 2016 λογισμῶν.
3397 1947 3489 2012 Ὃς
3507 1945 3605 2015 μὲν⁸
3625 1960 3695 1998 πι-

478 2032 687 2103 quidem
720 2031 885 2086 credit
923 2034 1118 2104 qumvis
1147 2033 1348 2088 edenda
1381 2050 1400 2089 :
1429 2033 1568 2090 alius
1613 2043 1813 2102 autem,
1839 2038 1930 2108 qui
1979 2038 2010 2092 i1

2165 2040 2366 2096 στεύει
2419 2038 2638 2110 φαγεῖν
2707 2037 2929 2106 πάντα,
2989 2041 3024 2093 ό
3085 2037 3156 2092 δὲ
3203 2037 3478 2094 ἀσθενῶν
3504 2037 3697 2108 λάχανα

475 2122 665 2192 firmus
688 2133 787 2191 est,
823 2123 972 2180 olera
1004 2126 1130 2180 edit.
1159 2124 1263 2192 Qui
1282 2127 1409 2193 edit,
1443 2144 1546 2182 non
1592 2131 1828 2184 edentem
1861 2146 1927 2185 ne
1980 2133 2007 2184 d

2166 2132 2376 2188 ἐσθίει.
2447 2133 2514 2185 '0
2544 2131 2770 2185 ἐσθίων
2816 2129 2928 2186 τὸν
2967 2129 3054 2202 μὴ
3089 2131 3378 2186 ἐσθίοντα
3394 2131 3474 2202 μὴ
3509 2131 3698 2197 ἐξουθε-

474 2219 666 2285 spiciat
689 2234 711 2284 ;
742 2227 792 2273 et
819 2219 908 2288 qui
937 2235 1042 2274 non
1073 2218 1199 2286 edit,
1230 2220 1473 2275 edentem
1507 2237 1611 2275 non
1643 2221 1889 2293 judicet;
1922 2222 2006 2278 De:

2165 2227 2364 2292 νείτω,
2422 2223 2522 2279 καὶ
2568 2227 2602 2280 ὁ
2641 2223 2730 2296 μὴ
2786 2223 3029 2291 ἐσθίων,
3057 2225 3165 2279 τὸν
3195 2223 3477 2280 ἐσθίοντα
3507 2225 3697 2294 p91pr-

477 2305 616 2364 euim
654 2309 808 2365 ilium
849 2314 1157 2383 assumpsit.
1183 2312 1257 2367 Tu
1307 2313 1423 2384 quis
1469 2329 1521 2368 es
1548 2315 1639 2384 qui
1672 2315 1886 2386 judicas
1925 2317 2009 2371 alii

2164 2319 2334 2374 νέτω.
2382 2318 2446 2373 '0
2483 2316 2630 2384 Θεὸς
2653 2317 2762 2388 γὰρ
2793 2316 2984 2371 αὐτὸν
3006 2315 3438 2385 προσελάϐετο.
3463 2317 3538 2372 Σὺ
3563 2319 3638 2384 τίς
3660 2317 3696 2369 εί

477 2419 605 2457 num
671 2403 981 2473 famulum?
1043 2402 1275 2476 PrOprio
1327 2405 1556 2460 Domino
1587 2416 1695 2463 stat
1743 2420 1838 2464 aut
1897 2410 2009 2464 cadi

2166 2413 2198 2466 ὁ
2223 2411 2444 2480 κρίνων
2470 2411 2796 2479 ἀλλότριον
2829 2407 3097 2476 οἱκέτην;
3125 2407 3208 2474 τῷ
3237 2409 3366 2474 ίδίῳ
3387 2408 3565 2477 Κυρίῳ
3586 2409 3698 2472 στή-

477 2494 764 2551 Statuetur
797 2509 974 2552 autem
1016 2516 1034 2564 ;
1088 2516 1214 2552 nam
1241 2509 1421 2570 potens
1473 2509 1549 2554 est
1575 2498 1715 2555 Deus
1738 2505 2009 2557 statuerei

2165 2517 2255 2555 κει
2286 2501 2325 2571 ἢ
2349 2501 2572 2555 πίπτει.
2593 2497 2967 2566 Σταθὴσεται
3011 2497 3100 2554 δέ.
3133 2498 3405 2565 Δυνατὸς
3435 2498 3534 2568 γάρ
3567 2500 3697 2552 ἐστιν

479 2588 612 2640 ίιιηι.
2166 2597 2200 2648 ό
2229 2593 2376 2660 Θεὸς
2403 2592 2633 2662 στῆσαι
2659 2593 2866 2648 αὐτόν.

550 2678 814 2734 Nonnulli
867 2679 962 2751 qui
1008 2679 1310 2736 ex—Judaeis
1330 2680 1706 2748 crediderant,
1731 2682 1836 2755 legi
1883 2683 2065 2740 adhuc

2233 2680 2419 2741 'Hcav
2457 2685 2514 2739 δέ.
2548 2702 2690 2750 τινες
2714 2684 2772 2752 ἐξ
2802 2683 3074 2740 Ἰουδαίων
3099 2685 3504 2751 πιστεύσαντες,
3544 2685 3697 2748 οἵτινες

476 2771 846 2839 adhaerentes,
864 2772 1065 2829 multas
1077 2787 1232 2829 escas
1247 2772 1734 2843 abominabantur,
1752 2776 1922 2832 veluti
1944 2792 2005 2832 ca

2166 2779 2246 2833 ἔτι
2277 2777 2372 2833 τοῦ
2403 2779 2571 2850 νόμου
2605 2779 2876 2851 ἐχόμενοι,
2905 2777 3078 2833 πολλὰ
3112 2778 3225 2835 τῶν
3263 2780 3556 2852 βρωμάτων
3579 2779 3696 2831 ὲύδε-

480 2880 581 2922 nes
613 2865 904 2936 porcinas:
936 2876 1012 2932 et,
1041 2882 1111 2923 ne
1135 2865 1408 2922 manifesti
1435 2867 1648 2934 tierent,
1682 2869 1799 2924 sola
1825 2869 2012 2924 edebat

2166 2869 2451 2933 λύσσοντο,
2483 2866 2595 2923 οἷον
2630 2871 2811 2942 χοίρια
2836 2869 2994 2942 κρέα.
3036 2869 3145 2923 Καὶ
3176 2869 3267 2922 διὰ
3303 2869 3360 2923 τὸ
3401 2868 3473 2941 μὴ
3501 2865 3695 2945 γίνεσθαι

478 2960 653 3028 olera,
688 2969 750 3016 ut
775 2960 1156 3033 temperantia;
1197 2961 1484 3019 videretur
1507 2976 1629 3019 esse
1655 2963 1976 3019 observatio
2009 2996 2010 3005 ι

2165 2961 2336 3032 δῆλοι,
2397 2961 2610 3031 λάχανα
2661 2961 2851 3032 ἤσθιον
2883 2961 3044 3032 μόνα,
3101 2960 3192 3013 ἵνα
3241 2959 3369 3032 δόξῃ
3402 2957 3695 3032 ἐγκρατείας.

481 3070 591 3110 non
627 3054 774 3126 quod
797 3055 1281 3112 abominarentur.
1315 3057 1486 3113 Erant
1517 3065 1701 3112 autem
1723 3067 1779 3112 et
1799 3058 1891 3112 alii
1926 3057 2013 3113 (id:

2167 3057 2303 3112 ἀλλά
2339 3054 2415 3127 μὴ
2449 3053 2754 3125 βδελυγμοῦ
2795 3047 2934 3107 εἶναι
2973 3055 3008 3125 ἠ
3049 3055 3459 3125 παρατήρησις.
3492 3049 3695 3107 Ἦσανδὲ

480 3146 564 3200 les
601 3160 668 3200 ex
699 3144 928 3215 Judaais,
987 3147 1080 3218 qui
1115 3162 1241 3203 cum
1289 3147 1526 3202 ﬁrmiter
1566 3146 1958 3215 credidissent,
1988 3164 2012 3205 ε

2169 3151 2264 3206 καὶ
2284 3149 2435 3204 ἄλλοι
2466 3148 2574 3202 ἀπὸ
2618 3147 2890 3203 Ἰουδαίων
2961 3148 3164 3213 πιστοὶ,
3224 3147 3276 3200 οἶ
3314 3147 3534 3219 ἐδραίως
3573 3163 3695 3200 πεπι-

483 3237 583 3293 bos
620 3253 732 3294 non
766 3238 1156 3296 observabant.
1195 3239 1278 3296 Ad
1303 3239 1408 3297 hos
1437 3239 1608 3311 igitur
1636 3239 1890 3296 sinceros
1930 3239 2015 3295 ﬁdi

2173 3241 2483 3308 στευκότες,
2520 3241 2579 3294 οὐ
2615 3239 3025 3313 παρετηροῦντο
3044 3239 3112 3294 τὰ
3146 3238 3434 3312 βρώματα.
3470 3241 3596 3312 Πρὸς
3610 3239 3698 3293 τού⁴

481 3331 566 3385 les
614 3343 930 3387 sermonem
991 3330 1262 3404 dirigens,
1299 3331 1625 3404 perstringit
1650 3346 1747 3386 eos
1788 3331 2013 3402 quicibi

2170 3354 2298 3402 τους
2347 3334 2638 3406 τοιγαροῦν
2699 3334 3020 3404 εἰλικρινεῖς
3053 3335 3287 3400 πιστοὺς
3313 3335 3594 3390 ἀποτείνων
3631 3334 3697 3386 τὸν

479 3421 968 3489 abominabantur,
1020 3422 1276 3479 infirmos
1305 3424 1411 3479 ﬁde
1437 3423 1744 3496 appellans.
1778 3423 1916 3479 Vide
1961 3439 2011 3478 at

2171 3430 2350 3499 λόγον,
2381 3429 2491 3484 τῶν
2521 3429 2589 3483 τὰ
2623 3427 2893 3501 βρώματα
2911 3428 3356 3501 βδελυττομένων
3384 3429 3695 3490 καθάπτεται,

469 3523 591 3570 τίθη]
610 3515 745 3570 mihi
766 3515 1121 3586 prudentiam
1143 3524 1195 3570 et
1230 3516 1526 3571 eﬂicaciam
1558 3531 1622 3570 ac
1662 3515 2001 3587 providentia

2171 3522 2536 3588 ἀσθενοῦντας
2597 3523 2780 3577 καλῶν
2838 3525 2906 3596 τῇ
2951 3522 3156 3578 πίστει.
3178 3555 3253 3566 -—-
3284 3521 3485 3598 [ΦΩΤ.]
3508 3525 3629 3594 Ὅρα
3658 3521 3697 3571 δέ

484 3609 662 3672 Pauli,
721 3608 960 3680 benigne
999 3609 1377 3680 corripiteum
1408 3609 1503 3680 qui
1544 3609 1896 3665 discernebat
1920 3611 2016 3664 intt

2175 3633 2268 3687 μοι
2299 3615 2359 3670 τὸ
2381 3615 2605 3671 συνετὸν
2647 3615 2742 3670 καὶ
2786 3615 3240 3687 δραστήριον,κα“ι
3266 3617 3600 3688 προνοητικὸν
3629 3613 3697 3668 τοῦ

481 3700 639 3756 cibos
676 3717 690 3754 :
725 3700 854 3756 hinc
879 3700 1130 3771 quidem,
1165 3717 1236 3757 ne
1271 3701 1315 3756 si
1340 3701 1515 3757 solam
1586 3702 1839 3758 intendat
1877 3703 2006 3775 obju

2174 3703 2415 3760 Παύλου.
2465 3703 2846 3776 Δεξιούμενος,
2874 3705 3204 3778 ἐπιπλήττει
3249 3709 3344 3762 τὸν
3367 3711 3476 3772 τοῖς
3498 3705 3699 3780 βρώμασι

475 3792 780 3863 gationcm,
809 3795 1056 3850 resiliat:
1089 3795 1241 3851 illinc
1263 3810 1396 3850 vero
1425 3811 1495 3851 ne
1524 3795 1666 3852 bene
1700 3811 1859 3868 agere
1882 3795 2006 3851 vide

2172 3794 2614 3868 διακρινόμενον,
2658 3795 2719 3849 τὸ
2776 3797 2900 3868 μὲν,
2932 3797 3023 3850 ἵνα
3057 3799 3133 3870 μὴ
3164 3798 3540 3872 ἀποσκιρτήσῃ
3563 3796 3696 3868 ἀκρά-

481 3897 594 3952 tur,
619 3886 665 3941 si
697 3896 919 3942 maneat
949 3902 1060 3941 non
1085 3897 1401 3958 correptus.
1464 3887 1592 3944 ldeo
1619 3889 1696 3944 ait
1736 3908 1748 3944 :
1786 3889 2013 3944 Assumi:

2173 3905 2266 3942 του
2295 3887 2390 3942 τοῦ
2423 3888 2646 3959 ἐλέγχου
2671 3891 3116 3961 προτεινομένου,
3151 3891 3212 3946 τὸ
3250 3894 3330 3960 δὲ,
3362 3893 3448 3948 ἴνα
3489 3893 3556 3964 μὴ
3603 3890 3698 3959 δόξῃ

479 3993 633 4043 eum,
666 3977 796 4048 quia
855 3978 1108 4036 infirmus
1129 3987 1234 4035 est.
1270 3979 1349 4036 Ne
1397 3979 1613 4052 judices
1643 3996 1768 4036 eum
1805 3999 1818 4035 :
1855 3997 2011 4053 quan

2172 3981 2339 4036 καλὸν
2375 3984 2550 4037 ποιεῖν
2581 3982 2973 4054 ἀνεπιτίμητος
3005 3984 3204 4054 μένων.
3238 3986 3355 4052 Διὸ,
3389 3982 3697 4056 Προσλαμύά·

478 4073 600 4140 Non
635 4071 781 4142 quod
818 4073 959 4128 male
1003 4088 1117 4128 non
1153 4083 1278 4144 agat
1311 4091 1325 4128 :
1356 4073 1453 4128 sed
1487 4073 1634 4144 quod
1661 4075 1830 4130 alium
1864 4076 2006 4132 habe

2173 4075 2328 4130 νεσθε
2361 4074 2545 4141 αὐτὸν,
2582 4075 2770 4148 φησὶν,
2803 4059 2886 4130 ὅτι
2917 4075 3152 4148 ἀσθενής
3223 4079 3395 4132 ἐστιν.
3429 4077 3515 4148 Μὴ
3549 4075 3694 4148 κρίνῃς

479 4166 778 4222 Dominum
846 4167 943 4238 qui
1010 4167 1190 4238 ipsum
1254 4167 1489 4240 judicet.
1548 4169 1652 4223 Per
1716 4169 1823 4224 hoc
1895 4171 2006 4224 etia

2176 4166 2363 4231 αὑτὸν,
2395 4166 2555 4238 φησί.
2593 4166 2784 4234 Διατί;
2817 4167 2930 4240 Ούχ
2956 4167 3117 4221 δτιού
3147 4171 3294 4223 ποιεῖ
3321 4169 3506 4234 κακὸν,
3528 4166 3624 4221 ἀλλ’
3639 4167 3696 4219 ὅτι

475 4271 609 4312 eum
661 4255 1020 4322 consolando,
1085 4267 1147 4311 ut
1187 4256 1451 4322 diximus,
1503 4257 1573 4313 de
1635 4273 1748 4313 non
1800 4259 2007 4315 conden

2173 4255 2381 4327 Κύριον
2412 4254 2526 4327 ἔχει
2582 4255 2762 4323 ἄλλον,
2799 4257 2892 4311 τὸν
2927 4259 3184 4328 κρίνοντα
3209 4259 3397 4322 αὐτὸν,
3426 4257 3584 4328 τούτῳ
3628 4255 3695 4306 καὶ

482 4351 668 4406 nando
691 4351 941 4422 proximo
979 4367 993 4405 :
1027 4367 1357 4421 rursumque
1404 4352 1542 4407 dans
1571 4352 1879 4424 intelligere
1916 4369 2014 4424 quc

2173 4347 2382 4401 ἐκεῖνον
2407 4333 2930 4418 παραμυθούμενος,
2949 4347 3024 4411 ὡς
3053 4347 3156 4418 ἔφη
3167 4365 3290 4418 μεν,
3335 4349 3426 4402 ἐπὶ
3449 4345 3520 4418 τῷ
3543 4345 3606 4417 μὴ
3626 4359 3697 4396 κα·

475 4444 589 4500 -etsi
615 4442 709 4498 hic
735 4445 890 4498 illum
923 4459 1035 4498 non
1074 4443 1307 4515 judicet,
1332 4444 1548 4516 judicio
1579 4453 1764 4500 tamen
1793 4446 2007 4502 obnoxii

2171 4437 2529 4510 τακρίνεσθαι
2562 4436 2668 4490 ὑπὸ
2686 4437 2778 4492 τοῦ
2797 4437 3051 4510 πλησίον,
3100 4440 3194 4493 καὶ
3237 4439 3416 4503 διδοὺς
3460 4437 3605 4493 πάλιν
3635 4435 3695 4486 ἐν·

480 4536 651 4593 estis
684 4535 781 4607 qui
831 4534 986 4591 cibos
1035 4535 1312 4590 observat.
1370 4535 1781 4605 Propemodum
1825 4537 2012 4594 dicens

2175 4531 2337 4592 νοεῖν,
2403 4528 2488 4584 δτι
2539 4527 2645 4583 κᾶν
2675 4519 2831 4594 οὗτος
2875 4529 3039 4583 αὑτὸν
3061 4528 3122 4583 ού
3163 4530 3352 4604 κρίνῃ,
3384 4527 3495 4584 ἀλλ’
3521 4525 3600 4581 οὖν
3622 4522 3697 4578 ὑπὸ

474 4591 806 4702 Quaitqtiam
835 4629 1003 4685 etiarn
1054 4628 1145 4682 hic
1174 4638 1224 4683 te
1257 4643 1365 4683 non
1393 4626 1626 4698 judicet,
1658 4628 1953 4684 Dominum
1984 4638 2006 4683 ιλ

2174 4622 2353 4696 κρῖμά
2397 4623 2536 4686 ἐστι,
2588 4591 3083 4694 παρατηνρούμενος
3113 4621 3184 4677 τὰ
3205 4591 3494 4694 Epist—sata.
3525 4621 3580 4673 Ei
3618 4616 3696 4686 γὰρ

485 4740 611 4780 men
661 4723 836 4780 babes
891 4722 986 4795 qui
1014 4733 1065 4777 te
1091 4721 1306 4793 judicet
1343 4739 1358 4775 :
1401 4721 1526 4777 ideo
1558 4733 1611 4776 te
1642 4721 1712 4776 ab
1747 4721 2017 4793 bujusmm

2174 4716 2272 4771 καὶ
2296 4709 2453 4782 οὗτος
2477 4716 2539 4770 ού
2563 4715 2736 4788 κρίνει
2767 4732 2850 4782 σε,
2911 4716 3194 4786 μονονουχὶ
3211 4714 3409 4784 λέγων,
3445 4711 3550 4768 ἀλλ’
3589 4709 3697 4781 ἔχεις

486 4815 827 4888 parcimonia
869 4831 935 4870 ac
958 4813 1125 4871 sorde
1175 4822 1401 4883 oportet
1446 4812 1748 4867 abstinere.
1804 4812 2018 4866 Pl‘Ohibt

2173 4809 2381 4877 Κύριον
2419 4809 2511 4864 τὸν
2571 4807 2830 4881 κρίνοντά
2849 4825 2932 4864 σε.
2989 4809 3081 4863 Διδ
3124 4808 3207 4862 δεῖ
3249 4825 3311 4862 σε
3349 4810 3446 4880 τῆς
3488 4805 3695 4870 τοιαύτης

485 4920 668 4964 autem
697 4923 764 4963 ne
789 4908 860 4964 de
886 4908 1028 4963 cibis
1054 4906 1198 4962 alius
1221 4905 1388 4961 alium
1430 4904 1644 4976 iudicet
1677 4922 1690 4958 :
1722 4920 1790 4958 ne
1819 4903 1965 4959 circa
1996 4904 2017 4958 ί

2172 4902 2516 4975 ἀποσχέσθαι
2558 4903 2974 4976 σμικρολογίας.
3021 4903 3238 4958 Κωλύει
3275 4903 3333 4957 δὲ
3369 4902 3492 4974 περὶ
3519 4897 3695 4972 βρωμά-

481 5000 573 5054 dei
599 4999 756 5054 initia
786 4999 855 5054 de
885 4999 974 5054 bis
1004 4997 1407 5055 contendentes
1435 5012 1501 5053 ac
1529 4997 1794 5058 rixantes.
1817 4996 1872 5052 in
1912 5013 2013 5070 per

2172 5017 2282 5054 των
2315 5001 2524 5073 κρίνειν
2554 4999 2843 5071 ἀλλήλους,
2880 4999 2969 5055 ἶνα
3001 5003 3079 5073 μὴ
3108 5002 3229 5055 κατ’
3286 4999 3460 5072 ἀρχὰς
3503 4995 3590 5065 τῆς
3631 4991 3694 5043 πίε

483 5092 670 5146 culum
686 5106 753 5145 ex
783 5091 887 5146 hoc
898 5092 1171 5158 venirent,
1195 5107 1262 5147 ne
1286 5089 1452 5146 etiam
1470 5088 1614 5148 circa
1638 5089 1882 5145 laetitiam
1903 5090 2015 5145 diss

2177 5107 2346 5154 στεως
2377 5091 2506 5161 περὶ
2531 5089 2712 5144 ταῦτα
2749 5089 3025 5160 ἐρίζοντες
3052 5089 3148 5143 καὶ
3182 5086 3611 5159 Wo“me
3649 5079 3693 5131 b‘

481 5181 684 5235 derent
717 5196 733 5234 :
767 5178 933 5250 382
965 5188 1021 5234 et
1042 5181 1100 5234 in
1131 5196 1198 5235 eo
1231 5179 1379 5250 quod
1409 5194 1624 5235 summa
1673 5187 1812 5244 erat,
1868 5194 2013 5250 nem]

2178 5181 2370 5238 τούτου
2401 5182 2497 5235 καὶ
2549 5184 2630 5245 είς
2669 5181 2811 5238 αὐτὰ
2849 5183 2920 5235 τὰ
2983 5181 3175 5255 καίρια
3231 5183 3510 5251 διαστῆναι
3556 5173 3693 5229 κινδυ-

485 5275 595 5329 ﬁde
624 5273 682 5328 in
709 5271 1014 5339 Christum,
1045 5271 1308 5326 damnum
1338 5280 1680 5341 paterentur.
1705 5271 1846 5339 Quid
1867 5271 2017 5343 igitun

2173 5272 2427 5333 νεύσωσι.
2477 5274 2572 5326 καὶ
2599 5273 2658 5326 τδ
2698 5274 3017 5342 κεφάλαιον,
3044 5273 3214 5344 αὐτὴν
3245 5271 3343 5342 τὴν
3399 5273 3474 5334 εἰς
3507 5263 3691 5338 Χριστὶν

488 5366 547 5423 Si
576 5379 728 5420 nunc
751 5362 1040 5418 videamus
1075 5363 1225 5417 circa
1260 5362 1416 5417 cibos
1439 5361 1697 5417 Judaicas
1717 5363 2020 5418 observatit

2173 5363 2358 5417 πίστιν
2413 5364 2760 5435 ζημιωθῶσι.
2791 5365 2856 5419 Τί
2889 5361 2983 5419 οὖν
3015 5381 3034 5432 ;
3061 5365 3128 5419 ἂν
3157 5364 3355 5434 ίδωμεν
3381 5362 3474 5416 νῦν
3501 5359 3612 5428 περὶ
3644 5353 3691 5403 τὰ

482 5474 586 5514 nes
617 5465 952 5520 servantem,
1017 5470 1203 5512 annon
1256 5452 1781 5510 condemnabimus?
1811 5453 2014 5509 Maximi

2174 5455 2444 5527 βρώματα
2468 5455 2778 5520 Ἰουδαϊκῶς
2817 5455 3332 5529 παρατηρούμενον,
3366 5454 3426 5508 ού
3470 5451 3540 5522 μὴ
3568 5459 3691 5501 καῖεν

485 5549 776 5621 Quomodo
804 5563 939 5619 ergo
979 5547 1098 5602 ait:
1134 5565 1158 5598 4
1192 5545 1270 5602 Nc
1299 5543 1560 5616 iudicetis
1591 5553 1650 5600 ut
1698 5561 1808 5600 non
1848 5545 2017 5618 judict

2171 5546 2483 5618 κρίνωμεν;
2510 5547 2620 5601 Καὶ
2651 5547 2885 5618 μάλιστα
2913 5564 2997 5616 γε.
3032 5548 3156 5612 Πῶς
3172 5547 3265 5602 οὖν
3292 5563 3441 5618 φησι.
3474 5541 3579 5612 ,Μὴ
3600 5534 3689 5607 κρῖ.

485 5642 741 5698 ιιιὶιιίδνῖ
763 5662 780 5691 ι
805 5639 924 5694 Non
957 5638 1024 5693 de
1057 5637 1160 5694 (ide
1181 5648 1276 5692 aut
1297 5636 1365 5692 de
1382 5635 1469 5692 his
1497 5651 1620 5705 quae
1651 5635 1719 5692 ad
1741 5635 1903 5690 ﬁdem
1926 5650 2017 5691 cor

2169 5656 2312 5708 νετε,
2336 5640 2434 5694 καὶ
2450 5641 2512 5694 ού
2537 5640 2612 5712 μὴ
2639 5641 2922 5712 κριθῆτε;ι
2947 5642 3021 5696 Oti
3047 5642 3175 5713 περὶ
3198 5643 3297 5712 τῆς
3319 5631 3586 5702 πίστεωςῆ
3609 5625 3688 5680 τῶν

477 5713 671 5792 terunt
727 5742 950 5804 oportet
978 5732 1083 5786 hoc
1111 5731 1386 5802 accipere.
1413 5729 1571 5786 Absit
1599 5731 1610 5784 ί
1645 5729 1835 5798 Neque
1866 5729 1935 5784 de
1969 5728 2005 5782 h

2169 5735 2249 5797 είς
2313 5733 2499 5788 πίστιν
2556 5732 2980 5800 συντελούντων,
3031 5733 3190 5788 τοῦτο
3216 5732 3296 5787 δεῖ
3359 5725 3685 5799 ἐκλαμϐάνειν.

563 5924 654 5960 -⁵⁸⁹
689 5920 880 5980 Matth.
911 5937 1006 5990 vn,
1041 5922 1089 5978 1.
