3880 6562
448 439 547 504 591

451 650 596 704 alius
618 663 738 703 vero
755 645 967 716 judicat
989 658 1197 698 omnem
1223 641 1384 695 diem.
1418 638 1783 710 Unusquisque
1803 636 2033 707 prapria:

455 739 620 795 menti
647 736 970 807 satisfaciat.
999 733 1102 800 Qui
1138 740 1290 788 curat
1320 731 1481 798 diem,
1511 730 1735 785 Domino
1761 736 1913 782 curat
1937 743 1956 782 :
1984 736 2033 782 et

442 829 545 899 .qui
569 843 672 881 non
695 833 850 880 curat
875 825 1036 888 diem,
1062 822 1290 877 Domino
1316 838 1422 877 non
1447 829 1618 875 curat.
1651 817 1753 885 Qui
1783 818 1908 885 edit,
1934 817 2036 872 Do.

449 919 598 973 mino
641 916 768 982 edit,
798 915 1004 985 gratias
1037 913 1179 966 enim
1222 914 1333 983 agit
1370 910 1476 965 Deo
1506 923 1525 962 :
1558 917 1608 964 et
1645 909 1734 980 qui
1771 923 1875 962 non
1905 907 2030 974 edit,

458 1010 680 1065 Domino
701 1025 806 1063 non
833 1009 961 1074 edit,
993 1016 1042 1062 et
1073 1006 1278 1079 gratias
1312 1005 1421 1076 agit
1451 1003 1580 1058 Deo.

530 1195 843 1254 Verisimile
885 1199 973 1250 est
995 1191 1144 1263 quod
1177 1188 1430 1246 nonnulli
1462 1187 1558 1260 qui
1593 1189 1649 1243 in
1679 1186 1796 1242 dies
1815 1185 2002 1258 jejuna
2023 1215 2036 1227 -

457 1289 589 1344 bant
629 1302 728 1344 seu
774 1283 1149 1350 abstinebant,
1191 1297 1260 1338 eo
1306 1290 1553 1352 tempore
1596 1279 2037 1335 condemnabam

453 1395 551 1436 eos
588 1380 682 1450 qui
737 1394 847 1434 non
891 1376 1154 1432 continue
1186 1373 1542 1430 abstinebant
1574 1389 1587 1427 :
1620 1372 1824 1443 quibus
1863 1372 2037 1426 inter-

456 1474 593 1530 dicit
636 1487 706 1528 ne
758 1470 1134 1528 condemnent
1195 1478 1292 1525 aut
1352 1467 1712 1524 vehementer
1755 1475 2035 1522 accusent.

457 1567 646 1638 Nuper
685 1565 835 1622 enim
877 1564 948 1620 ad
995 1563 1159 1619 ﬁdem
1205 1567 1494 1626 venerant,
1534 1569 1592 1617 et
1627 1559 1924 1616 verebatur
1968 1574 2038 1614 ne

459 1660 630 1716 multa
668 1657 949 1714 accusatio
969 1671 1067 1712 eos
1095 1654 1323 1710 omnino
1349 1669 1380 1708 a
1409 1652 1516 1707 ﬁde
1547 1661 1850 1723 separaret,
1870 1667 2037 1708 accu-

457 1750 770 1808 sationibus
834 1747 903 1804 ad
972 1746 1121 1802 iram
1171 1754 1520 1817 provocatos.
1576 1761 1595 1796 ι
1649 1744 2040 1815 Unusquisque

459 1844 698 1916 propriae
722 1841 916 1898 menti.
950 1859 970 1894 ι
1004 1841 1122 1896 Non
1145 1839 1214 1896 de
1238 1839 1497 1895 omnibus
1517 1837 1778 1908 accipias,
1803 1857 1820 1890 ι
1856 1837 2040 1894 Unus-

1508 427 1838 492 (ECUMEN
1851 423 1901 486 l1
1938 425 2229 486 TRICC/E
2265 421 2602 484 EPISCOI’I
3567 424 3645 488 ε,ςὲ

522 553 665 620 XIV,
716 553 772 614 5.
815 552 870 609 6.
926 550 1077 606 Atius
1127 549 1338 621 quidem
1385 547 1594 619 judicat
1645 545 1783 599 diem
1823 561 1855 597 a
1893 542 1976 598 die
2018 557 2036 596 :
2072 549 2113 605 Α

2219 542 2326 606 Ὃς
2375 539 2494 608 μὲν
2532 536 2722 606 κρίνει
2775 534 3007 606 ἡμέραν
3055 535 3190 605 παρ’
3237 535 3470 608 ἡμέραν,
3509 545 3566 614 ὃς
3598 549 3650 604 δέ

2139 631 2325 701 κρίνει
2363 631 2570 685 πᾶσαν
2604 629 2856 698 ἡμέραν.
2913 629 3209 696 Ἕκαστος
3243 629 3313 684 ἐν
3352 632 3426 699 τῷ
3457 635 3564 705 ίδίφ
3580 643 3654 695 νοῖ

2139 723 2656 792 πληροφορείσθω.
2689 722 2754 775 '0
2791 718 3033 791 φρονῶν
3065 720 3178 789 τὴν
3221 723 3458 793 ἡμέραν,
3501 731 3656 800 Κιφιφ

2141 814 2373 886 φρονεῖ,
2408 812 2510 868 καί
2539 815 2572 868 d
2590 814 2676 884 μὴ
2710 812 2952 883 φρονῶν
2973 811 3090 882 τὴν
3123 813 3366 883 ἡμέραν,
3400 821 3570 890 Κυρίῳ
3601 829 3656 881 οὺ

2139 905 2367 978 φρονεῖ.
2400 906 2509 961 Καὶ
2536 909 2569 961 ό
2591 905 2832 971 ἐσθίων,
2873 906 3070 977 Κυρίῳ
3097 906 3284 963 ἐσθίει
3325 925 3338 940 .
3370 913 3661 983 εὐχαριστεῖ

2140 1000 2250 1070 ’μὰρ
2271 1000 2351 1066 τῷ
2385 998 2508 1066 Θεῷ
2533 1015 2547 1030 ·
2599 999 2699 1054 καί
2725 1002 2760 1055 ὁ
2775 1000 2862 1070 μὴ
2886 1000 3128 1068 ἐσθίων,
3151 1002 3342 1072 Κυρίῳ
3368 1006 3471 1060 οὐκ
3488 1006 3658 1077 inﬂict,

2142 1094 2243 1148 καί
2274 1092 2630 1164 εὐχαριστεῖ
2645 1093 2728 1160 τῷ
2764 1093 2908 1161 Θεῷ.
3101 1109 3106 1114 ·

2204 1184 2364 1250 Eine;
2401 1179 2491 1256 ἦν,
2521 1185 2673 1250 τινὰς
2704 1185 2812 1240 τῶν
2847 1187 3084 1259 συνεχῶς
3111 1191 3487 1260 νηστευόντων,
3533 1213 3665 1252 κατα.

2141 1277 2349 1350 κρίνειν
2376 1277 2506 1343 τοὺς
2538 1279 2613 1350 μὴ
2659 1279 2900 1350 συνεχῶς
2931 1280 3314 1352 νηστεύοντας,
3347 1281 3425 1349 οἷς
3450 1284 3506 1340 τὸ
3527 1305 3664 1345 ita-.3-

2142 1373 2350 1444 κρίνειν
2403 1371 2496 1426 καὶ
2544 1371 2752 1441 σφόδρα
2811 1373 3065 1442 ἐγκαλεῖν
3121 1376 3473 1448 ἀπαγορεύει.
3521 1377 3663 1437 Ἦσαν

2142 1463 2252 1534 γὰρ
2309 1464 2563 1536 ventose;
2621 1465 2679 1518 ὲν
2740 1467 2806 1536 τῇ
2873 1465 3074 1529 πίστει,
3127 1470 3224 1521 καὶ
3279 1469 3519 1526 ἐδεδοίκει
3557 1474 3664 1548 μὴὴ

2144 1557 2314 1630 πολλὴ
2336 1557 2616 1630 ἐγκλησις,
2635 1557 2814 1612 τέλεον
2832 1559 3026 1624 αὐτοὺς
3053 1561 3325 1634 ἀποσχίσῃ
3348 1563 3440 1634 τῆς
3457 1565 3666 1634 πίστεως,

2143 1649 2492 1720 ὀργισθέντας
2541 1651 2666 1713 ταῖς
2733 1649 3080 1720 ἑγκλήσεσιν.
3147 1670 3168 1704 ι
3197 1652 3462 1716 Ἕκαστος
3505 1655 3556 1707 ιν
3611 1657 3668 1729 τῷ

2148 1743 2264 1814 ίδίῳ
2298 1743 2400 1798 νοτ.
2430 1761 2449 1795 ι
2487 1743 2580 1812 Μὴ
2611 1741 2740 1814 περὶ
2772 1743 2994 1797 πάντων
3023 1743 3150 1816 δέξῃ
3213 1743 3295 1808 τδ,
3329 1764 3347 1798 ι
3373 1747 3606 1813 Ἕκαστος
3627 1752 3669 1804 έν

2145 1837 2223 1909 τῷ
2261 1837 2376 1909 ἰδίῳ
2433 1835 2514 1890 νοῒ
2564 1835 3058 1908 πληροφορείσθω»
3103 1855 3119 1870 ⁶
3160 1837 3280 1892 ἀλλ’
3331 1839 3422 1892 ἐπὶ
3463 1842 3670 1910 νηστείας

461 1936 701 2007 quisque
741 1933 978 2006 propria:
1025 1932 1196 1988 menti
1242 1931 1565 2000 satisfaciat,
1602 1951 1621 1984 ι
1673 1929 1769 1986 sed
1824 1929 1893 1986 de
1926 1929 2044 1986 solo

2161 1928 2327 1995 μόνον,
2365 1927 2459 1982 καὶ
2485 1924 2642 1981 τοῦτο
2681 1926 3157 1994 συγκαταϐαίνων,
3187 1929 3376 2000 ἐπειδὴ
3400 1929 3670 2000 ἀρτιταγείς

455 2025 692 2100 jejunio,
738 2025 905 2097 idque
951 2022 1450 2080 condescendendo
1493 2023 1592 2089 ait,
1641 2022 1769 2093 quia
1807 2021 2044 2076 Romani
2071 2083 2095 2102 .

351 2117 354 2120 ’
457 2131 642 2186 nuper
697 2115 827 2172 ﬁdei
881 2114 1250 2171 adhaeserant.
1291 2112 1450 2182 Quod
1500 2113 1546 2170 si
1599 2114 1765 2169 etiam
1821 2113 1888 2168 de
1938 2112 2044 2168 llde

455 2208 788 2279 praedictum
830 2207 1064 2262 verbum
1108 2206 1418 2276 acceperis,
1456 2213 1572 2260 toto
1616 2205 1758 2261 cmlo
1797 2203 2044 2259 aberras.

461 2305 624 2361 Juxta
659 2301 940 2374 propriam
986 2311 1171 2357 autem
1200 2311 1440 2357 mentem
1473 2301 1709 2371 quisque
1743 2299 1847 2355 sibi
1881 2299 2048 2356 satis-

465 2396 632 2453 laciat
684 2413 697 2449 :
749 2395 836 2452 vel
881 2393 1029 2466 quod
1076 2393 1386 2450 benefaciat
1438 2393 1484 2448 si
1549 2407 1767 2463 semper
1814 2393 2045 2464 jejunet,

465 2493 582 2547 sive
635 2490 912 2546 abstineat
953 2507 967 2542 :
1005 2488 1093 2544 vel
1132 2487 1280 2558 quod
1330 2502 1441 2542 non
1496 2486 1807 2542 benefaciat
1852 2486 1897 2541 si
1938 2500 2048 2542 non

469 2596 689 2652 semper
713 2581 947 2651 jejunet.
986 2597 1004 2629 ι
1045 2578 1148 2644 Qui
1179 2587 1336 2634 curat
1359 2578 1526 2642 diem,
1555 2577 1790 2632 Domino
1818 2587 1992 2633 curat.
2024 2595 2044 2630 ι

467 2672 589 2727 Non
637 2681 722 2728 est
766 2671 872 2726 hoc
921 2670 1152 2726 verbum
1193 2669 1264 2725 de
1301 2667 1427 2728 ﬁdei
1470 2669 1726 2740 dogmate
1775 2670 2052 2740 accipien-

462 2764 601 2821 dum
638 2781 651 2819 :
690 2763 743 2818 id
779 2761 928 2834 quod
973 2771 1031 2817 et
1075 2761 1193 2833 ipse
1235 2760 1510 2834 praedixit.
1547 2760 1833 2831 Siquidem
1874 2770 1931 2817 et
1964 2762 2052 2818 hic

467 2865 530 2910 et
563 2854 654 2910 ille
697 2854 790 2909 uni
819 2853 1138 2909 innituntur
1165 2868 1355 2924 scopo,
1384 2867 1582 2924 nempe
1611 2852 1800 2908 divino
1830 2853 2049 2910 honori.

471 2947 607 3002 Nam
660 2947 758 3017 qui
827 2944 974 3001 diem
1032 2955 1191 3000 curat
1251 2943 1557 3000 arbitratur
1611 2959 1669 3000 se
1727 2943 1826 3000 Dei
1877 2946 2051 3016 legem

473 3038 802 3104 obseriare;
835 3035 1001 3109 384
1026 3036 1121 3107 qui
1153 3052 1286 3092 vero
1317 3037 1438 3092 dies
1465 3035 1620 3091 nullo
1653 3036 1708 3092 in
1746 3036 1854 3092 hoc
1886 3037 2056 3094 habet

474 3130 820 3196 discrimine,
847 3144 1064 3184 omnem
1097 3129 1244 3184 diem
1271 3136 1529 3201 tanquam
1564 3145 1594 3185 a
1632 3129 1741 3186 Deo
1768 3131 2052 3187 conditum

2146 2015 2290 2092 ἦσαν
2315 2021 2374 2074 ιν
2408 2022 2475 2090 τῇ
2513 2019 2694 2073 πίστει
2729 2020 2779 2072 cl
2823 2020 3110 2090 Ῥωμαῖοι.
3179 2019 3271 2084 Ὧς
3318 2021 3426 2089 εἴγε
3463 2023 3672 2096 καὶπερὶ

2148 2113 2388 2175 πίστεως
2445 2111 2570 2183 δέξῃ
2603 2111 2662 2164 τδ
2689 2111 3008 2183 εἰρημένον,
3061 2111 3156 2165 τοῦ
3205 2113 3407 2177 παντὸς
3441 2115 3670 2180 ἐξέπεσες.

2149 2205 2308 2261 Κατὰ
2351 2204 2409 2259 δὲ
2464 2205 2558 2258 τδν
2609 2203 2742 2258 ἴδιον
2789 2203 2915 2258 νοῦν
2960 2204 3195 2269 ἕκαστος
3254 2205 3670 2276 πληροφορείσθω,

2100 2322 2103 2326 ·
2149 2298 2292 2372 ηὸτι
2347 2295 2531 2362 καλῶς
2584 2298 2732 2350 ποιεῖ
2776 2295 3058 2367 νηστεύων
3102 2297 3214 2360 ἀεὶ,
3243 2295 3275 2368 ἡ
3303 2299 3382 2351 ὅτι
3428 2299 3484 2351 ού
3533 2298 3674 2362 καλῶς

2151 2392 2320 2456 ποιεῖ,
2353 2388 2415 2442 ού
2450 2387 2727 2460 νηστεύων
2786 2388 2894 2444 ἀεί.
2933 2407 2952 2441 ι
2989 2389 3047 2442 Ὀ
3071 2389 3289 2461 φρονῶν
3347 2389 3440 2458 τὴν
3484 2389 3673 2461 ἡμέραν,

2151 2482 2344 2556 Κυρίῳ
2381 2483 2588 2554 φρονεῖ.
2622 2501 2640 2535 ι
2677 2481 2752 2536 Ού
2783 2481 3001 2536 δεκτέον
3029 2481 3090 2536 τὺ
3123 2482 3296 2554 ῥητὸν
3353 2483 3440 2537 επὶ
3460 2483 3675 2554 δόγματος

2152 2576 2408 2638 πίστεως.
2459 2576 2655 2647 Ὅμως
2715 2577 2810 2630 καὶ
2851 2575 3013 2640 αὐτὸς
3074 2578 3338 2649 προεῖπε.
3403 2577 3677 2649 Ἀμφότεροι

2152 2670 2282 2740 γὰρ,
2317 2663 2469 2732 οὗτός
2497 2685 2557 2722 τε
2594 2667 2867 2734 κάκεῖνος,
2895 2668 2976 2721 ἑνὶ
2999 2668 3246 2739 χρῶνται
3273 2667 3472 2741 σκοπῷ,
3497 2671 3607 2739 τιμῇ
3629 2672 3675 2739 τῇ

2155 2762 2285 2833 περὶ
2324 2761 2415 2815 τὸν
2462 2760 2616 2814 Θεόν.
2646 2760 2716 2814 ’0
2740 2777 2800 2814 τε
2861 2761 2973 2832 γὰρ
3026 2760 3567 2832 παραφυλαττόμενος
3607 2759 3678 2831 τὴν

2153 2855 2402 2928 ἡμέραν,
2431 2855 2605 2909 οίεται
2631 2853 2766 2908 Θεοῦ
2807 2855 2973 2926 νόμον
3005 2854 3274 2927 πληροῦν
3309 2851 3342 2910 δ’
3355 2873 3408 2909 τε
3429 2855 3680 2926 ἀδιαφορῶν

2155 2932 2286 3017 περὶ
2343 2947 2523 3009 τοῦτο,
2561 2947 2741 3001 πᾶσαν
2769 2947 2845 3012 ὡς
2878 2947 2982 3001 ὑπὸ
3009 2947 3147 3002 Θεοῦ
3177 2947 3472 3019 γενομένην
3490 2948 3679 3018 ἡμέραν,

2155 3040 2224 3096 δι’
2255 3041 2449 3111 ὁμοίας
2491 3038 2607 3111 ἔχει
2641 3040 2832 3111 τιμῆς.
2863 3071 2933 3080 -
2955 3041 3219 3108 Ἄλλως.
3258 3039 3455 3114 [ΦΩΤ.]
3484 3041 3562 3104 Τὸ,
3597 3059 3612 3092 ι
3640 3040 3681 3093 '0

2157 3133 2371 3206 φρονῶν
2394 3133 2493 3204 τὴν
2519 3133 2755 3206 ἡμέραν,
2786 3133 2976 3205 Κυρίῳ
3002 3135 3212 3205 φρονεῖ,
3239 3137 3331 3188 καὶ
3361 3137 3388 3188 ό
3423 3135 3491 3205 μὴ
3515 3131 3682 3203 φρονῶν

473 3222 643 3278 simili
673 3223 840 3279 habet
887 3223 940 3277 in
971 3221 1203 3279 honore.
1240 3251 1308 3264 -—
1335 3222 1516 3278 Aliud.
1549 3221 1704 3290 Quod
1743 3223 1821 3278 ait
1854 3239 1868 3278 :
1907 3242 1924 3274 ι
1948 3223 2051 3292 Qui

2162 3228 2261 3298 τὴν
2319 3228 2555 3299 ἡμέραν,
2610 3225 2803 3297 Κυρίῳ
2832 3226 2894 3280 οὐ
2950 3229 3202 3298 φρονεῖ,ι
3265 3227 3495 3298 φανερόν
3536 3227 3590 3278 ὲκ
3615 3223 3680 3276 τοῦ

471 3323 630 3370 curat
658 3313 829 3380 diem,
863 3313 1094 3369 Domino
1128 3323 1309 3380 curat,
1335 3323 1392 3369 et
1421 3315 1517 3385 qui
1549 3330 1661 3370 non
1699 3323 1858 3370 curat
1887 3315 2056 3383 diem,

473 3409 708 3463 Domino
753 3424 863 3464 non
910 3418 1088 3473 curat,
1143 3428 1160 3461 ι
1221 3407 1577 3464 manifestum
1629 3418 1715 3464 est
1757 3409 1905 3480 quod
1954 3409 2061 3465 hoc

478 3500 644 3556 nobis
687 3501 982 3572 signiﬁcet.
1019 3499 1123 3568 Qui
1169 3501 1384 3571 iudicat
1425 3511 1484 3557 et
1528 3502 1808 3557 existimat
1856 3503 2062 3558 bonum

477 3607 602 3648 esse
651 3593 800 3647 omni
841 3593 932 3648 die
976 3593 1164 3657 edere,
1203 3594 1438 3648 Domino
1474 3603 1630 3649 curat
1673 3612 1688 3648 :
1739 3595 1841 3649 hoc
1873 3604 1977 3658 est,
2009 3595 2064 3651 in

457 3685 712 3738 Domino
793 3685 899 3740 hoc
980 3685 1302 3751 existimat,
1351 3692 1410 3742 et
1482 3694 1707 3756 propter
1772 3687 2064 3742 Dominum

459 3777 585 3831 hoc
625 3775 776 3831 facit.
824 3775 890 3830 Et
935 3777 1028 3847 qui
1083 3792 1193 3830 non
1239 3777 1452 3848 judicat
1489 3777 1615 3842 hoc,
1649 3793 1826 3848 neque
1862 3779 2066 3832 bonum

469 3869 785 3924 arbitratur
843 3869 994 3923 enini
1053 3870 1144 3925 die
1202 3871 1410 3938 edere,
1478 3883 1702 3942 propter
1773 3872 2068 3926 Dominum

484 3966 560 4018 ita
620 3963 830 4034 iudicat
898 3971 954 4020 ct
1017 3965 1344 4020 arbitratur.
1402 3965 1528 4020 Hinc
1597 3966 1744 4020 enim
1808 3965 2068 4036 praedicta

482 4056 758 4125 suntvipsi
811 4071 976 4111 causa
1024 4066 1083 4111 ut
1132 4055 1238 4112 hoc
1291 4055 1504 4128 judicet
1557 4075 1571 4112 :
1623 4065 1754 4128 puta
1804 4066 1864 4112 ut
1903 4075 2073 4114 unus-

482 4147 718 4218 quisque
800 4149 1036 4219 propriae
1114 4148 1285 4204 menti
1372 4150 1708 4205 satisfaciat.-
1783 4149 2071 4218 Quomodo

475 4240 589 4296 hoc
657 4239 815 4303 dicis.
876 4239 1075 4294 Panic?
1114 4240 1286 4304 Bene,
1332 4239 1532 4310 inquit,
1585 4241 1696 4295 dixi
1749 4260 1760 4294 :
1809 4244 2071 4311 quoniam

465 4343 539 4390 -et
606 4333 702 4403 qui
764 4348 932 4403 super
1001 4331 1146 4387 diem
1213 4334 1426 4404 jejunat
1493 4333 1610 4389 sive
1670 4334 1956 4399 abstinet,
2018 4342 2073 4390 et

479 4425 578 4496 qui
643 4424 758 4480 edit
817 4423 966 4478 omni
1033 4423 1143 4489 die,
1202 4425 1366 4478 ambo
1425 4424 1482 4479 in
1535 4425 1754 4479 Domini
1809 4425 2071 4497 placitum

460 4523 589 4576 --hoc
632 4519 842 4574 faciunt
877 4535 888 4571 :
931 4533 1035 4573 nec
1077 4527 1298 4588 oportet
1342 4527 1402 4573 ut
1445 4521 1515 4573 ob
1559 4519 1664 4575 hoc
1713 4521 1856 4576 alius
1905 4522 2072 4576 alium

2164 3322 2564 3393 προειρημένου
2613 3322 2748 3391 ἡμῖν
2809 3321 2890 3374 ὅτι
2939 3321 3100 3375 τοῦτο
3125 3321 3302 3390 λέγει,
3330 3323 3407 3374 ὅτι
3458 3321 3508 3373 '0
3531 3318 3685 3389 κρίνων

2163 3416 2259 3469 καὶ
2309 3413 2657 3484 λογιζόμενος
2711 3412 2873 3466 καλὸν
2917 3408 3055 3466 εἶναι
3093 3414 3216 3466 καθ’
3261 3413 3470 3483 ἡμέραν
3515 3412 3686 3481 φαγεῖν,

2162 3506 2242 3577 τῷ
2273 3505 2464 3576 Κυρίῳ
2530 3507 2741 3576 φρονεῖ,
2781 3505 3081 3571 τουτέστιν,
3121 3507 3176 3559 ἐν
3204 3506 3394 3577 Κυρίῳ
3420 3505 3559 3558 τοῦτο
3573 3503 3687 3570 λογίο

2167 3597 2343 3663 ζεται,
2397 3596 2676 3650 τουτέστιν
2717 3597 2806 3651 διὰ
2853 3596 2945 3650 τὸν
2973 3595 3177 3667 Κύριον
3232 3597 3365 3650 αὐτὸ
3394 3598 3544 3650 ποιεῖ.
3569 3593 3688 3647 Καὶό

2173 3689 2247 3760 μὴ
2307 3687 2510 3758 κρίνων
2557 3687 2737 3753 τοῦτο,
2778 3687 2910 3757 μηδὲ
2936 3687 3288 3758 λογιζόμενος
3331 3690 3408 3742 ὅτι
3437 3688 3579 3741 καλόν
3603 3687 3688 3738 ὲστι

2169 3781 2294 3835 καθ’
2341 3781 2556 3852 ἡμέραν
2614 3783 2835 3849 φαγεῖν,
2881 3779 2969 3834 διὰ
3000 3781 3093 3834 τὸν
3149 3783 3357 3852 Κύριον
3386 3781 3530 3836 τοῦτο
3555 3779 3688 3849 κρῖνει

2169 3871 2333 3925 καλὸν
2392 3870 2531 3925 εἶναι
2585 3873 2679 3924 καὶ
2709 3871 3007 3941 λογίζεται.
3063 3873 3226 3927 Δῐτια
3257 3875 3366 3944 γάρ
3410 3873 3545 3925 ἐστιν
3579 3867 3690 3935 αὐτῷ

2169 3960 2345 4016 ταῦτα
2367 3961 2634 4032 εἰρημένα
2652 3959 2770 4027 τοῦ,
2811 3979 2830 4012 ι
2855 3961 3125 4025 ’Ἕκαστος
3159 3963 3219 4016 ἐν
3247 3963 3324 4034 τῷ
3357 3961 3466 4034 ἰδίῳ
3488 3959 3560 4014 νοῒ
3588 3958 3691 4030 πλη·

2175 4055 2533 4127 ροφορείσθω.
2580 4073 2598 4107 ι
2634 4055 2759 4118 Πῶς
2809 4053 2988 4125 λέγεις
3039 4055 3221 4124 τοῦτο,
3283 4056 3494 4122 ﬂatile;
3542 4050 3692 4112 Καλῶς

2173 4142 2350 4210 εἷπον,
2381 4147 2566 4217 φησὶν,
2622 4147 2814 4218 ἐπειδὴ
2841 4149 2934 4200 καὶ
2961 4149 2989 4200 ὁ
3021 4148 3304 4219 νηστεύων
3339 4147 3473 4220 ὑπὲρ
3504 4146 3692 4218 ἡμέραν,

2173 4236 2540 4290 καὶδὲσθίων
2607 4236 2726 4290 καθ’
2779 4237 3016 4308 ἡμέραν,
3074 4239 3154 4302 εἰς
3197 4238 3494 4310 ἀρέσκειαν
3521 4233 3686 4304 Κυρίου

2173 4329 2334 4384 τοῦτο
2388 4329 2623 4391 ποιοῦσι,
2691 4331 2789 4384 καὶ
2821 4329 2881 4384 οὐ
2913 4331 2997 4384 δεῖ
3052 4330 3263 4402 κρίνειν
3313 4333 3448 4394 ὅλως
3483 4327 3695 4399 ἀλλήλους

2175 4422 2268 4474 ἐπὶ
2320 4421 2514 4491 τούτῳ.
2548 4416 2681 4475 Εἶτα
2703 4422 3075 4476 καὶὲπιτείνει
3093 4422 3192 4493 τὴν
3217 4422 3418 4486 αἰτίαν,
3448 4421 3533 4476 καί
3560 4433 3693 4490 φησι·

2177 4514 2289 4567 Καὶ
2315 4512 2423 4584 γὰρ
2448 4513 2478 4566 ὁ
2507 4513 2726 4578 ἐσθίων,
2754 4515 3070 4584 εὐχαριστεῖ
3094 4515 3172 4584 τῷ
3197 4514 3319 4584 Θεῷ
3347 4517 3404 4568 έν
3425 4512 3496 4586 τῷ
3517 4511 3695 4572 ἐσθίειν,

457 4613 598 4665 -υιιο
661 4611 824 4665 modo
886 4611 1116 4681 iudicet.
1183 4610 1392 4666 Deinde
1451 4612 1616 4667 etiam
1686 4628 1906 4669 causam
1974 4613 2057 4669 ad-

2177 4607 2259 4661 ὅτι
2290 4605 2490 4659 ἔδωκεν
2545 4604 2854 4675 ἀνθρώποις
2911 4605 3096 4676 πόρον,
3142 4608 3238 4659 καὶ
3281 4607 3550 4676 συνέχειαν
3568 4601 3696 4669 ζωῆς.

461 4704 563 4756 οόίι
602 4701 839 4756 dicens:
875 4700 1089 4754 Etenim
1132 4701 1179 4756 is
1232 4701 1327 4772 qui
1361 4701 1496 4768 edit,
1539 4703 1744 4775 gratias
1786 4705 1898 4774 agit
1941 4706 2077 4777 Deo,

464 4795 542 4848 'in
585 4808 652 4848 eo
696 4793 845 4866 quod
890 4793 1027 4860 edit,
1075 4792 1224 4863 quod
1259 4795 1582 4851 hominibus
1615 4796 1875 4852 tribuerit
1905 4799 2079 4853 facul-

2185 4698 2295 4752 Kal
2323 4701 2352 4751 ὁ
2378 4697 2654 4768 νηστεύων
2711 4699 3044 4768 εὐχαριστεῖ,
3081 4699 3165 4752 ὄτι
3209 4699 3408 4752 ἔδωκεν
3441 4697 3699 4768 ἀνθρώποις

2183 4789 2481 4861 καρτερίαν
2533 4791 2628 4842 καὶ
2685 4790 2984 4861 ὑπομονὴν,
3028 4790 3125 4844 καὶ
3160 4791 3434 4862 μεθόδους,
3462 4791 3524 4844 δι’
3553 4782 3616 4842 ὧν
3638 4802 3700 4842 τις

468 4895 648 4950 =tates,
702 4885 908 4956 quibus
948 4887 1116 4943 vitam
1160 4889 1551 4945 continuarent
1588 4909 1602 4945 :
1636 4900 1692 4947 et
1734 4891 1827 4962 qui
1864 4893 2054 4963 jejuna

2181 4882 2406 4938 δύναται
2465 4884 2846 4954 περιγενέσθαι
2869 4884 2979 4938 τῶν
3001 4885 3099 4956 τῆς
3131 4886 3334 4957 σαρκὸς
3355 4884 3550 4939 παθῶν.
3594 4880 3698 4934 ὐδὲ

487 4987 584 5032 aut
617 4978 886 5046 abstinet,
929 4982 1135 5052 gratias
1175 4983 1308 5053 agit,
1351 4983 1501 5054 quod
1551 4985 1871 5041 hominibus
1906 4987 2078 5041 absti-

471 5070 738 5126 nentiam
786 5071 1002 5127 dederit
1059 5091 1122 5129 ac
1173 5077 1546 5143 tolerantiam,
1579 5077 1667 5132 his
1701 5079 1930 5148 insuper
1963 5087 2075 5133 tra-

489 5161 623 5215 ditis
645 5161 848 5231 quibus
885 5171 1064 5231 potest
1089 5164 1362 5236 quispiam
1393 5167 1579 5222 carnis
1607 5167 1903 5222 devincerc
1938 5168 2073 5222 alie-

489 5260 634 5306 ctus.
667 5250 772 5318 Qui
810 5265 944 5306 vero
965 5251 1080 5306 alio
1115 5256 1313 5322 quovis
1349 5256 1513 5311 modo
1543 5257 1660 5313 edit
1683 5266 1780 5312 aut
1810 5258 2073 5325 abstinet,

486 5341 698 5416 judicio
737 5342 1013 5398 obnoxius
1061 5353 1146 5400 est
1184 5348 1511 5416 :quomodo
1557 5349 1784 5405 fuerunt
1824 5350 2073 5421 quaadam

471 5437 756 5490 haereses.
807 5434 935 5490 Haec
981 5451 1112 5507 ergo
1159 5439 1226 5495 de
1269 5439 1569 5498 edentibus
1613 5453 1669 5499 et
1698 5443 2076 5515 jejunantibus

474 5527 608 5582 ssive
651 5527 1068 5584 abstinentibus
1111 5531 1332 5601 proprie
1384 5531 1738 5605 intelligenda
1785 5544 1915 5590 sunt
1958 5555 1973 5592 :
2017 5547 2074 5592 at

478 5635 604 5674 non
632 5619 699 5675 de
731 5620 1024 5692 quibusvis
1060 5623 1203 5677 aliis.
1237 5622 1358 5678 Non
1384 5625 1533 5678 enim
1561 5624 1640 5679 ad
1684 5629 1868 5682 omnia
1897 5643 2074 5683 canon

495 5711 585 5768 hic
605 5713 1007 5781 pertinet,.scd,
1030 5721 1090 5769 ut
1107 5713 1371 5781 diximus,
1394 5715 1651 5786 specialis
1679 5726 1783 5782 est,
1808 5727 1865 5772 et
1896 5719 2084 5781 solum

493 5802 601 5858 hoc
655 5805 873 5876 aliaque
924 5807 1245 5879 liujusmodi
1309 5808 1716 5879 complecti-tur.
1785 5806 2072 5880 Siquidem

494 5910 676 5966 neque
709 5897 762 5950 in
794 5910 1119 5972 argumento
1141 5899 1305 5972 paulo
1332 5910 1460 5958 ante
1485 5899 1635 5957 dicto
1660 5899 1915 5973 quadrat,
1941 5911 2070 5971 puta

2181 4977 2358 5042 ἄλλως
2412 4995 2530 5042 πως
2561 4976 2765 5030 ἐσθίων
2803 4978 2838 5050 ἡ
2869 4977 3170 5047 νηστεύων,
3197 4980 3535 5050 κατάκριτος,
3555 4975 3700 5040 ὥσπερ

2180 5070 2289 5124 τῶν
2324 5068 2590 5140 αίρέσεών
2641 5085 2807 5133 τινες.
2839 5069 3028 5124 Ταῦτα
3053 5066 3148 5124 οὖν
3174 5072 3305 5138 περὶ
3330 5070 3437 5124 τῶν
3466 5065 3700 5138 νηπευόν·

2178 5181 2307 5230 των,
2364 5168 2460 5219 καὶ
2523 5164 2813 5219 ἐσθιόντων
2841 5165 3025 5230 ίδικῶς
3055 5165 3377 5237 ἑκληπτέον,
3402 5164 3528 5219 ἀλλὰ
3549 5160 3611 5231 μὴ
3635 5155 3702 5209 ἐπὶ

2177 5256 2358 5312 ἄλλων
2407 5257 2594 5313 τινῶν.
2629 5259 2705 5311 Οὐ
2751 5259 2863 5332 γὰρ
2915 5261 3007 5313 ἐπὶ
3071 5262 3307 5315 πάνταό
3359 5256 3531 5312 κανὼν
3585 5244 3703 5308 οὗτος

2171 5349 2376 5421 διήκειν
2429 5349 2566 5414 ἀλλ’,
2603 5349 2679 5413 ὥς
2717 5349 2953 5421 ἔφημεν,
3010 5350 3179 5414 ίδικός
3236 5352 3406 5414 ἐστιν,
3436 5347 3522 5399 ἐπὶ
3548 5339 3700 5396 τούτου

2180 5441 2344 5511 μόνον
2377 5443 2471 5496 καὶ
2527 5442 2639 5496 τῶν
2682 5443 2885 5510 ὁμοίων
2931 5442 3489 5516 περιλαμϐανόμενος,
3525 5434 3603 5490 Διδ
3620 5428 3702 5484 οὐδ’

2177 5533 2271 5586 ἐπὶ
2317 5531 2414 5585 τοῦ
2448 5533 2556 5604 πρὸ
2605 5534 2806 5605 μικροῦ
2840 5537 3142 5610 εἰρημένου
3178 5534 3472 5606 κεφαλαίου
3499 5524 3701 5600 ἁρμόζει.

2177 5617 2288 5678 οἷον
2331 5625 2424 5678 ἐπὶ
2466 5625 2562 5679 τοῦ
2631 5627 2688 5680 ἐν
2737 5628 2852 5692 τοῖς
2908 5627 3162 5700 βρώμασι
3188 5613 3702 5698 διακρινομένου.κσὶ

2176 5717 2287 5788 γὰρ
2319 5719 2527 5781 ἐκεῖνος
2585 5719 2662 5788 μὴ
2709 5717 2929 5784 ἐσθίων,
2986 5720 3108 5790 ούχὶ
3151 5722 3231 5784 είς
3277 5717 3436 5783 δόξαν
3463 5714 3554 5768 οὐκ
3573 5704 3702 5762 ἐσθίει

2178 5807 2272 5862 τοῦ
2311 5808 2575 5882 Χριστοῦ,
2605 5809 2722 5864 ἀλλ’
2751 5809 2828 5874 ὡς
2859 5810 3095 5880 ἀσθενὴς
3124 5813 3219 5866 καὶ
3265 5793 3701 5883 ἀστήρικτοςὶντῇ

2179 5903 2380 5959 πίστει.
2429 5905 2572 5961 ⁹Α)λ⁹
2607 5907 2814 5960 ἐκεῖνον
2847 5904 2947 5976 μὲν
2977 5907 3039 5962 ού
3059 5886 3149 5960 δεῖ
3171 5903 3510 5973 κατακρίνειν
3532 5893 3605 5951 διὰ
3632 5887 3701 5942 τδν
