3880 6560
167 462 271 527 ξε93

1231 465 1619 527 COMMENT.
1650 467 1728 526 ΙΝ
1772 469 2012 528 EPIST.
2051 467 2152 527 AD
2193 467 2380 527 ROMe.

3325 468 3429 531 594

166 579 376 648 καιρὸν,
395 577 478 632 δτι
495 576 639 650 ἀρχὴ
656 577 754 660 τοῦ
783 577 1136 651 κηρύγματος
1157 576 1246 651 ἦν.
1270 581 1373 634 Τὸν
1402 580 1456 634 δὲ
1485 581 1732 638 ἐσθίοντα
1764 635 1766 643 ,

1877 600 1906 638 e
1952 599 2021 639 eo
2068 583 2169 653 qui
2215 584 2360 640 inter
2411 583 2567 638 cibos
2614 581 2884 638 discernit
2928 599 2942 637 :
2989 583 3082 636 ille
3130 582 3278 637 enim
3321 599 3434 640 non

164 672 281 727 καθ’
332 672 549 742 ἡμέραν
604 671 699 726 καὶ
739 671 1070 741 νηστεύοντα
1118 671 1260 744 ὑπὲρ
1291 674 1530 744 ἡμέραν,
1569 675 1630 728 οὐ
1661 675 1744 728 δεῖ

1877 676 2039 742 dens,
2086 693 2434 748 nequaquam
2491 677 2559 733 ad
2609 676 2814 734 Christi
2865 675 3093 747 gloriam
3143 689 3252 730 non
3298 674 3435 740 edit,

164 765 294 826 ὅλως
356 762 467 815 οὐδ’
518 762 708 834 ἕτερον
767 762 877 816 οὐδ’
911 762 1086 834 ἑτέρῳ
1131 764 1340 834 μέμψιν
1370 766 1619 832 ἐπάγειν,
1658 766 1742 819 ὅτι

1853 767 1948 823 sed
1983 776 2244 838 tanquam
2287 767 2582 823 imbecillis
2616 776 2672 822 ct
2701 765 2951 822 infirmus
2989 765 3042 819 in
3075 763 3200 820 ﬁde.
3234 762 3340 820 Sed
3368 765 3436 820 il-

164 851 330 922 ἀμφω
351 854 432 915 είς
459 852 617 917 δόξαν
654 852 862 923 Κυρίου
910 852 1160 906 ποιοῦσιν
1191 853 1219 908 ὃ
1253 854 1492 910 ποιοῦσι.
1545 857 1655 910 Ka‘t
1677 855 1746 909 τὰ

1877 875 1965 913 nm
1996 858 2221 928 quidem
2253 874 2363 912 non
2381 866 2614 929 .0portct
2639 857 3016 912 condemnare
3041 863 3270 925 propter
3298 868 3438 910 tem-

162 945 360 1015 ἑφεξῆς
397 945 496 999 ὅσα
545 945 677 1016 περὶ
717 944 816 1015 τήν
849 945 1020 1017 αὐτὴν
1067 946 1278 1001 ἔννοιαν
1308 947 1626 1018 στρέφεται,
1655 948 1748 1000 ἐπὶ

162 1037 268 1090 τῶν
290 1036 668 1108 νηστευόντων
733 1039 874 1108 ὑπὲρ
914 1038 1150 1110 ἡμέραν,
1184 1039 1278 1094 καὶ
1310 1039 1600 1094 ἐσθιόντων
1625 1040 1748 1093 καθ’

159 1129 393 1200 ἡμέραν,
426 1129 726 1200 ὲκληπτέον
758 1129 920 1200 μόνον
949 1147 964 1164 ·
991 1125 1125 1198 οἷον,
1167 1149 1186 1184 ι
1228 1131 1300 1186 Σὺ
1327 1132 1384 1185 δὲ
1431 1131 1485 1184 τί
1539 1133 1748 1201 κρίνεις

158 1219 248 1272 τὸν
275 1216 508 1286 ἀδελφόν
562 1235 688 1284 00o;
729 1237 747 1270 ι
802 1218 918 1283 καὶ,
959 1221 1145 1292 ιἈρα
1180 1220 1276 1275 οὖν
1321 1220 1554 1285 ἕκαστος
1587 1221 1747 1292 ἡμῶν

159 1325 223 1361 πε
236 1309 287 1378 pl.
319 1307 518 1364 ἑαυτοῦ
551 1311 708 1379 λόγον
730 1309 890 1364 δώσει
919 1310 998 1382 τῷ
1023 1311 1160 1382 Θεῷ.
1193 1330 1212 1366 ι

1855 946 2007 1014 poris
2041 946 2412 1011 occasionem,
2437 946 2568 1016 quia
2594 944 3002 1015 praadicationis
3029 944 3250 999 initium
3279 951 3398 999 erat
3423 961 3436 998 :

1856 1038 2011 1092 illum
2056 1051 2186 1092 vero
2231 1037 2324 1108 qui
2365 1036 2610 1106 quotidie
2653 1037 2787 1101 edit,
2831 1046 2927 1092 aut
2971 1051 3098 1091 eum
3139 1037 3235 1105 qui
3272 1049 3440 1105 super

1859 1129 2006 1184 diem
2044 1130 2276 1201 jejunat,
2308 1142 2488 1198 neque
2537 1128 2688 1183 hunc
2727 1143 2907 1199 neque
2946 1129 3184 1184 alterum
3223 1133 3442 1197 oportet

1859 1219 2089 1275 omnino
2119 1219 2474 1274 accusatione
2500 1218 2760 1288 persequi
2799 1234 2812 1272 :
2839 1217 3006 1272 ambo
3031 1217 3181 1272 enim
3216 1215 3283 1271 ad
3325 1215 3443 1285 glo-

1867 1312 2006 1367 riam
2034 1313 2134 1368 Dei
2165 1311 2375 1367 faciunt
2400 1310 2547 1382 quod
2581 1310 2812 1365 faciunt.
2847 1310 2915 1368 Et
2943 1308 3231 1378 sequentia
3258 1305 3443 1363 omnia

159 1422 505 1476 quaecunque
544 1407 613 1463 ad
659 1408 808 1462 illam
849 1417 1177 1478 torquentur
1216 1409 1658 1482 intelligentiam,
1693 1412 1761 1466 de
1795 1410 2174 1482 jejunantibus
2199 1409 2286 1464 vel
2319 1407 2730 1464 abstinentibus
2753 1421 2920 1477 super
2947 1405 3093 1460 diem
3160 1413 3217 1460 et
3275 1403 3445 1459 eden-

160 1499 311 1555 tibus
347 1501 615 1569 quotidie,
647 1500 971 1570 accipienda
1017 1507 1230 1556 tantum
1257 1509 1406 1566 sunt,
1449 1502 1613 1571 quale
1659 1511 1747 1558 est
1805 1501 1942 1557 illud
1977 1519 1991 1554 :
2032 1519 2051 1552 ι
2091 1500 2172 1554 Tu
2212 1509 2394 1554 autem
2436 1496 2568 1568 quid
2591 1495 2808 1569 judicas
2830 1496 3056 1550 fratrem
3087 1491 3283 1548 tuum?
3325 1510 3342 1544 ι
3389 1503 3444 1548 et

157 1593 293 1649 illud
333 1611 348 1648 :
385 1613 405 1647 ι
444 1594 610 1665 lgitur
635 1597 1018 1666 unusquisque
1049 1605 1301 1651 nostrum
1333 1597 1403 1652 de
1433 1596 1616 1667 seipso
1647 1596 1920 1652 rationem
1944 1595 2100 1650 dabit
2129 1597 2263 1651 Deo.
2305 1613 2324 1647 ι

225 1681 366 1739 Εἶτα
427 1683 603 1738 λαϐὼν
652 1684 904 1739 ἐντεῦθεν
951 1686 1229 1756 ἀφορμὴν,
1281 1686 1378 1741 καὶ
1427 1686 1751 1758 ἀναμνήσας

157 1780 241 1833 δτι
274 1777 483 1851 Κύριον
507 1777 705 1848 ἔχομεν
739 1776 837 1832 καὶ
873 1778 1069 1848 κριτὴν
1096 1777 1189 1832 in!
1226 1777 1321 1830 τοῦ
1350 1777 1620 1849 βήματος,
1666 1780 1747 1842 είς

1933 1685 2096 1756 385
2138 1683 2348 1740 Deinde
2395 1695 2612 1755 sumpta
2671 1684 2802 1739 hinc
2848 1683 3134 1750 occasione
3183 1699 3248 1740 ac
3293 1698 3446 1739 men-

1865 1773 2014 1830 tione
2049 1773 2193 1830 lacta
2227 1773 2375 1844 quod
2405 1774 2700 1831 Dominum
2736 1774 3007 1829 habemus
3034 1784 3088 1830 et
3113 1774 3354 1846 judicem
3390 1775 3446 1830 in

159 1867 491 1938 παραίνεσιν
543 1867 736 1935 ἀνάγει
777 1867 869 1921 τὸν
897 1867 1054 1936 λόγον
1107 1868 1431 1938 καθολικὴν.
1468 1869 1554 1935 Τί,
1587 1870 1744 1939 φησι,

1877 1864 2109 1920 ribunali
2159 1864 2467 1930 sedentem,
2517 1866 2585 1920 ad
2637 1867 2952 1936 generalem
3005 1866 3447 1922 admonitionem

158 1959 381 2030 τοῦτοή
413 1960 592 2013 έκεῖνο
629 1959 810 2028 λέγω;
854 1959 1011 2013 Οὕτω
1056 1959 1138 2014 δεῖ
1172 1960 1311 2031 πρὸς
1339 1960 1606 2032 ἀλλήλους
1630 1961 1748 2015 διαο

160 2049 406 2118 κεῖσθαι,
442 2050 584 2104 ῶστε
612 2051 671 2104 ἐν
721 2047 936 2120 μηδενὶ,
968 2050 1030 2103 τὸ
1058 2051 1186 2104 ὅσον
1227 2050 1315 2121 ἐφ’
1339 2053 1496 2121 ἡμῖν,
1522 2052 1754 2120 ἐπάγειν

162 2143 423 2212 ἀλλήλοις
471 2142 811 2214 πρόσκομμα
873 2141 906 2212 ἢ
958 2141 1279 2196 σκάνδαλον.
1318 2143 1448 2214 (Τῷ
1475 2143 1692 2214 ἀδελφῷ
1727 2164 1747 2198 ι

164 2235 222 2290 δὲ
249 2236 500 2307 εἴρηκεν,
547 2235 643 2288 καὶ
693 2236 760 2288 ἐκ
790 2235 882 2288 τοῦ
909 2234 1173 2304 ὀνόματος
1203 2235 1525 2306 δυσωπῆσαι
1550 2236 1718 2292 θέλων
1737 2255 1751 2269 ·

170 2344 193 2380 ι
235 2327 325 2393 Τί,
385 2326 539 2398 φησὶ,
593 2326 970 2390 σκανδαλίζεις
1003 2344 1018 2393 ;
1050 2344 1068 2378 ι
1144 2327 1393 2398 Ἀδελφός
1461 2327 1556 2382 σού
1581 2330 1753 2395 ἐστιν,

169 2421 334 2490 μέλος
369 2421 462 2473 σού
486 2421 654 2484 ἐστιν,
687 2420 782 2475 ἕνα
821 2420 1039 2492 Πατέρα
1062 2419 1237 2490 ἔχετε,
1261 2420 1358 2480 ἕνα
1387 2421 1754 2492 Δημιουργόν.

169 2514 270 2567 Ἂν
290 2507 386 2566 οὖν
436 2512 696 2583 ἀναιρεθῇ
757 2513 1034 2583 ἀφ’ύμῶν
1085 2513 1157 2566 «ca
1207 2513 1476 2568 σκάνδαλα
1534 2513 1630 2568 καὶ
1688 2513 1758 2568 τὰ

169 2603 608 2674 προσκόμματα,
646 2604 828 2675 πολλῷ
859 2604 1064 2675 μᾶλλον
1087 2605 1508 2677 ἀναιρεθήσεται
1541 2605 1602 2659 τὸ
1629 2605 1756 2676 κρί-

170 2709 287 2746 νειν
331 2693 430 2746 καὶ
478 2694 856 2766 κατακρίνειν.
907 2694 1045 2766 Οὐχὶ
1105 2695 1268 2765 μόνον
1313 2697 1373 2750 τὸ
1439 2695 1534 2750 ἐπὶ
1583 2695 1768 2767 τούτῳ

171 2785 390 2856 κρίνειν
448 2785 543 2839 καὶ
589 2786 964 2858 κατακρίνειν,
1012 2788 1044 2859 ἢ
1078 2789 1171 2842 ἐπὶ
1195 2788 1392 2860 τούτῳ,
1425 2788 1540 2843 ἀλλ’
1571 2789 1760 2854 ἁπλῶς

169 2879 272 2933 καὶ
307 2876 540 2932 καθόλου
570 2878 988 2951 ἀναιρεθήσεται
1015 2880 1078 2933 τὸ
1110 2878 1319 2952 κρίνειν
1339 2882 1476 2946 ὅλως
1499 2881 1766 2950 ἀλλήλους.

170 2971 272 3024 καὶ
315 2969 689 3042 κατακρίνειν.
712 2973 822 3026 Καὶ
855 2971 979 3025 τότε
1012 2969 1166 3026 ἔσται
1193 2971 1274 3036 ὡς
1295 2971 1514 3045 ἀληθῶς
1538 2974 1566 3028 6
1589 2989 1650 3027 τε
1686 2973 1762 3044 μὴ

170 3062 499 3132 κρινόμενος
527 3062 1022 3132 τρισμακάριστος,
1063 3064 1162 3117 καὶ
1181 3063 1210 3117 6
1241 3062 1320 3136 μὴ
1352 3063 1558 3136 κρίνων
1584 3082 1764 3137 παρα-

170 3153 432 3224 πλήσιος,
477 3155 536 3207 έν
565 3155 734 3224 ἀρετῇ
774 3155 866 3206 καὶ
918 3153 1167 3225 ἁγιότητι
1212 3153 1435 3218 ζώντων
1456 3155 1637 3226 ἡμῶν,
1668 3158 1764 3210 καὶ

1859 1958 2135 2012 convertit
2169 1972 2500 2014 sermonem.
2527 1957 2669 2024 Quid
2720 1958 2826 2014 hoc
2855 1967 2952 2013 aut
2987 1959 3121 2013 illud
3170 1959 3340 2014 dico?
3366 1961 3452 2013 in-

1859 2048 2002 2119 quit.
2061 2049 2140 2105 lta
2195 2059 2417 2120 oportet
2463 2050 2533 2105 ad
2579 2065 2676 2106 eos
2715 2052 2953 2107 invicem
2999 2061 3192 2107 mutuo
3223 2052 3451 2107 affectos

1860 2155 1985 2197 esse
2012 2151 2074 2196 ut
2118 2143 2172 2196 in
2206 2143 2362 2198 nullo
2403 2151 2672 2212 quantum
2719 2144 2775 2198 in
2814 2144 2978 2199 nobis
3008 2153 3094 2199 est
3123 2144 3451 2201 inducamus

1861 2232 2005 2288 alius
2030 2233 2122 2288 alii
2143 2233 2505 2290 offensionem
2528 2245 2625 2290 aut
2646 2234 3066 2292 oﬂendiculum.
3092 2236 3236 2292 Dixit
3262 2247 3446 2298 autem

1869 2343 1888 2376 ι
1924 2325 2126 2391 Fratri,
2167 2345 2186 2378 ι
2223 2329 2414 2382 volens
2445 2335 2502 2382 et
2533 2328 2757 2383 nomine
2789 2327 3034 2384 ﬂectere.
3071 2347 3090 2381 ι
3133 2329 3333 2396 Quare,
3367 2329 3452 2384 in-

1864 2417 2007 2487 quit,
2035 2417 2312 2472 oﬂ‘cndis?
2349 2438 2375 2471 ι·
2404 2419 2597 2474 Frater
2643 2430 2773 2476 tuus
2804 2431 2910 2482 est,
2946 2421 3258 2475 membrum
3294 2430 3450 2476 tuum

1863 2520 1969 2577 est,
2019 2527 2191 2566 unum
2242 2512 2459 2567 habetis
2503 2514 2743 2578 Patrem,
2790 2531 2962 2569 unum
3016 2514 3354 2570 Creatorem.
3391 2515 3452 2570 Si

1865 2615 2007 2673 ergo
2046 2602 2277 2658 sublata:
2319 2602 2526 2658 fuerint
2565 2619 2596 2659 a
2635 2605 2796 2659 vobis
2837 2604 3176 2661 offensiones
3209 2614 3266 2659 et
3294 2621 3454 2661 scan-

1866 2691 2012 2756 dala,
2047 2694 2224 2750 multo
2269 2695 2444 2766 magis
2480 2694 2765 2752 auferetur
2794 2695 3069 2768 judicium
3101 2705 3157 2752 et
3187 2696 3452 2753 condem-

1867 2785 2018 2840 natio
2052 2801 2208 2842 rnon
2248 2787 2426 2842 solum
2459 2802 2529 2843 ne
2558 2788 2630 2844 ob
2669 2787 2776 2844 hoc
2807 2796 2904 2842 aut
2928 2788 3064 2844 illud
3097 2789 3364 2861 judicetis
3393 2798 3452 2844 et

1869 2875 2282 2934 condemnetis:
2311 2877 2408 2934 sed
2433 2878 2760 2949 simpliciter
2781 2889 2838 2934 et
2865 2881 2919 2934 in
2946 2889 3121 2937 totum
3144 2881 3452 2949 auferetur,

1869 2983 1941 3024 ne
1983 2970 2214 3026 omnino
2269 2971 2410 3026 alius
2449 2971 2616 3025 alium
2654 2971 2916 3042 jndicetis
2953 2980 3011 3028 et
3047 2973 3452 3029 condemnetis.

1870 3059 1940 3114 Et
1988 3069 2120 3115 tunc
2158 3076 2285 3116 vere
2328 3061 2438 3116 erit
2483 3071 2540 3118 et
2585 3062 2681 3132 qui
2736 3079 2845 3117 non
2887 3063 3172 3135 judicatur
3217 3065 3456 3120 maxime

1872 3147 2090 3215 beatus,
2125 3158 2182 3204 et
2230 3151 2512 3221 proximus
2561 3151 2711 3208 illius
2753 3153 2848 3222 qui
2895 3169 3006 3208 non
3051 3153 3292 3226 judicat,
3328 3170 3457 3211 cum

170 3243 275 3298 τοῦ
317 3244 532 3315 κρίνειν
581 3244 674 3298 καὶ
701 3242 1008 3314 κρίνεσθαι,
1061 3245 1244 3304 πᾶσαν
1266 3243 1578 3308 tanton.th
1608 3261 1762 3315 nom-

1877 3256 1974 3295 nos
2018 3241 2073 3296 in
2105 3242 2314 3298 virtute
2351 3251 2409 3298 et
2449 3245 2744 3300 sanctitate
2778 3244 3101 3312 vixerimus,
3148 3254 3204 3302 et
3234 3261 3455 3302 omnem

173 3333 442 3403 σαμένων
476 3332 770 3402 πρόφασιν.
803 3333 869 3386 ’Ὠ
890 3332 1110 3388 Παύλου.
1155 3335 1338 3406 φωνῆς
1365 3335 1378 3388 !
1409 3335 1454 3388 ὣ
1479 3336 1765 3407 οἰκοδόμου

174 3426 467 3498 θεμέλιοςὲ
501 3426 672 3480 Τοῦτο
707 3427 953 3498 κρίνατε,
984 3428 1140 3498 φησι,
1163 3427 1224 3482 τὸ
1249 3428 1325 3500 μὴ
1357 3427 1553 3484 τιθέναι
1594 3430 1768 3501 πρόσω

175 3535 373 3589 κομαα
396 3517 479 3588 τῷ
517 3516 734 3589 ἀδελφῷ
781 3517 813 3588 ἢ
867 3517 1201 3572 σκάνδαλον·
1269 3518 1480 3591 ταύτην
1529 3522 1771 3592 κρηπῖδα

175 3611 413 3682 πρώτην
467 3607 869 3664 καταϐάλεσθε.
909 3609 1009 3663 Ἂν
1055 3607 1196 3682 αὕτη
1234 3609 1473 3682 ἑδρασθῇ
1500 3613 1560 3665 ὲν
1584 3611 1768 3682 ύμῖνὴ

177 3701 417 3773 κρηπὶς,
495 3702 624 3772 ῥᾷον
647 3699 715 3754 τὰ
744 3699 880 3754 ἄλλα
937 3701 1313 3772 ἐποικοδομεῖν
1346 3704 1515 3757 ἐστιν.
1553 3722 1571 3756 ι
1598 3705 1710 3757 Καὶ
1741 3705 1770 3758 6

179 3793 259 3864 μή
291 3791 514 3863 φρονῶν
574 3790 673 3863 τὴν
724 3793 959 3863 ἡμέραν.
987 3812 1006 3845 ι
1052 3793 1109 3846 ὐ
1135 3793 1328 3860 οὕτως,
1363 3795 1520 3865 φησὶ,
1555 3794 1771 3865 φρονῶν

177 3881 326 3935 ῶστε
367 3879 495 3933 καθ’
531 3880 743 3951 ἡμέραν
793 3882 1102 3951 νηστεύειν,
1131 3881 1220 3935 διὰ
1251 3883 1342 3936 τὸν
1381 3883 1586 3954 Κύριον
1625 3883 1770 3939 οὕτω

181 3972 398 4042 φρονεῖ.
455 3969 567 4024 Καὶ
598 3971 626 4023 6
671 3969 885 4039 φρονῶν
946 3969 1087 4024 ὥστε
1137 3972 1260 4026 καθ’
1315 3975 1535 4046 ἡμέραν
1571 3975 1645 4046 μὴ
1676 3993 1773 4046 νη-

183 4064 426 4129 στεύειν,
453 4062 540 4116 διά
596 4061 688 4116 τὸν
728 4061 934 4134 Κύριον
957 4062 1130 4129 οὕτως
1161 4066 1370 4135 φρονεῖ.
1411 4067 1523 4119 Πᾶν
1554 4065 1611 4118 δὲ
1636 4066 1663 4120 ὃ
1685 4067 1772 4122 διὰ

182 4159 276 4212 τὸν
299 4156 515 4228 Κύριον
538 4157 768 4226 γένεται,
798 4154 962 4210 καλόν
989 4157 1129 4222 ἐστι,
1166 4158 1354 4226 φησίν.
1397 4178 1414 4209 ι
1445 4157 1776 4228 Εὐχαριστεῖ

183 4253 299 4322 γὰρ
353 4249 437 4322 τῷ
485 4249 623 4321 Θεῷ.
652 4269 671 4302 ι
713 4251 775 4304 Ei
815 4244 932 4314 οὖν,
982 4250 1139 4321 φησὶ,
1189 4249 1252 4305 τὸ
1297 4250 1511 4323 καίριον
1541 4250 1770 4321 γίνεται,

183 4347 250 4400 τὸ
272 4345 366 4398 διὰ
433 4343 650 4399 πάντων
696 4343 1140 4418 εὐχαριστεῖσθαι
1199 4344 1291 4398 τὸν
1319 4344 1474 4412 Θεὸν,
1501 4344 1557 4398 τί
1583 4344 1774 4413 διαφέ-

189 4441 361 4511 ρεσθε
431 4437 559 4509 περὶ
594 4438 696 4508 τῆς
744 4437 998 4510 νηστείας
1057 4436 1202 4492 οὕτω
1233 4436 1519 4510 σφοδρῶςς
1557 4436 1773 4508 Ὀλίγον

185 4532 302 4602 γὰρ
335 4530 398 4584 τὸ
457 4529 642 4600 μέσον.
689 4529 1186 4598 Συγκαταϐατικῶς
1248 4529 1350 4600 μὲν
1405 4530 1579 4594 οὕτως
1599 4529 1770 4597 λέγει.

1868 3331 2152 3402 judicandi
2188 3341 2284 3387 aut
2316 3332 2722 3390 condemnandi
2767 3337 3112 3392 occasionem
3153 3353 3223 3393 ex
3267 3338 3458 3396 multis

1875 3423 2286 3481 abstulerimus.
2322 3423 2368 3480 Ο
2406 3425 2560 3480 Pauli
2598 3441 2815 3490 vocem,
2859 3443 2892 3484 ο
2927 3429 3222 3487 architecti
3253 3429 3456 3486 funda-

1875 3521 2158 3574 mentum!
2190 3518 2304 3575 lloc
2342 3519 2442 3585 ait,
2472 3520 2716 3590 iudicate
2759 3537 2830 3578 ne
2874 3531 3114 3592 ponatur
3153 3523 3459 3580 oﬂ‘endicw

1875 3610 1988 3665 lum
2019 3611 2179 3666 fratri
2205 3622 2302 3667 aut
2324 3613 2560 3668 offensio
2587 3633 2602 3668 :
2627 3615 2770 3670 hanc
2793 3615 3026 3686 primam
3053 3617 3228 3672 basim
3247 3617 3412 3689 jaeite
3439 3635 3454 3673 :

1875 3703 1921 3758 si
1949 3704 2052 3759 hoc
2078 3703 2414 3775 principium
2445 3705 2502 3760 in
2529 3706 2686 3763 vobis
2712 3706 2879 3764 fuerit
2908 3708 3238 3779 perfectum,
3258 3719 3458 3770 cetera

1877 3793 2038 3849 facile
2094 3794 2262 3850 fuerit
2307 3796 2772 3866 superaedilicarc.
2826 3817 2844 3849 ι
2886 3798 2956 3852 Ει
3004 3799 3097 3868 qui
3143 3814 3254 3854 non
3300 3807 3460 3853 curat

1878 3885 2047 3940 diem.
2089 3905 2108 3937 ι
2143 3886 2239 3941 Vel
2265 3887 2339 3942 ita
2368 3887 2504 3942 dicit
2537 3906 2548 3941 :
2581 3887 2683 3943 Cui
2716 3887 2863 3944 curae
2891 3898 2977 3943 est
3002 3898 3063 3944 ut
3089 3888 3340 3959 quotidie
3371 3890 3459 3960 je-

1873 3979 2035 4049 junet
2069 3989 2166 4034 aut
2195 3979 2493 4046 abstineat,
2519 3990 2749 4050 propter
2784 3982 3078 4036 Dominum
3116 3981 3191 4037 ita
3228 3981 3460 4037 aﬂ‘ectus

1879 4077 1992 4132 est;
2026 4070 2136 4124 imo
2163 4071 2252 4125 cui
2279 4080 2532 4127 curaest
2563 4082 2626 4127 ut
2645 4073 2896 4142 quotidie
2920 4088 3030 4128 non
3054 4073 3284 4144 jejunet,
3307 4074 3459 4143 juxta

1881 4161 2172 4217 Dominum
2199 4162 2359 4234 sapit.
2389 4163 2669 4236 Quidquid
2695 4172 2880 4220 autem
2905 4172 3135 4235 propter
3163 4165 3460 4220 Dominum

1881 4253 1973 4320 sit,
2006 4252 2222 4309 bonum.
2244 4263 2348 4310 est.
2390 4274 2408 4306 ι
2454 4254 2671 4312 Gratias
2703 4255 2852 4310 enim
2893 4255 3001 4327 agit
3032 4255 3164 4310 Deo.
3215 4275 3235 4309 ι
3269 4254 3325 4310 Si
3359 4255 3458 4326 igi-

1883 4351 1973 4400 tur
2019 4355 2357 4415 oportunum
2405 4344 2642 4402 efficitur
2682 4361 2843 4418 opus,
2880 4354 2940 4401 ut
2984 4347 3096 4402 Deo
3141 4362 3241 4416 per
3278 4345 3458 4403 omnia

1881 4435 2072 4505 gratiae
2103 4444 2354 4506 agantur,
2389 4452 2560 4508 quare
2594 4437 2740 4493 circa
2763 4438 3037 4509 jejunium
3063 4436 3203 4492 adeo
3232 4436 3465 4492 disside-

1884 4527 1988 4581 tis?
2012 4528 2247 4584 Parvum
2285 4527 2435 4584 enim
2474 4539 2560 4584 est
2601 4528 2922 4586 discrimen.
2954 4529 3463 4586 Condescendende

184 4591 344 4694 illiw
375 4591 492 4685 πῶς
522 4621 746 4675 δύναται
774 4591 993 4693 Χριστῷ
1017 4591 1360 4693 εὐχαριστεῖν
1388 4623 1415 4674 6
1439 4623 1514 4692 μὴ
1547 4591 1766 4690 tollium;

1881 4619 2106 4690 quidem
2137 4621 2209 4675 ita
2235 4620 2372 4676 dicit
2405 4639 2418 4676 :
2450 4622 2704 4676 Attamen
2731 4622 3010 4692 quomodo
3040 4629 3219 4693 potest
3247 4621 3465 4678 Christo

196 4716 296 4778 Ὦς
327 4715 441 4784 γὰρ
469 4713 562 4768 τοῦ
589 4715 752 4783 νόμον
782 4713 1061 4783 ἐχόμενος,
1093 4715 1192 4768 οὐκ
1223 4714 1414 4768 ἐσθίει.
1451 4715 1557 4767 Kal.
1592 4713 1778 4768 λοιπὸν

188 4810 519 4882 εὐχαριστεῖ
543 4807 622 4879 τῷ
652 4805 791 4878 Θεῷ,
820 4807 847 4862 6
877 4806 1096 4864 ἐσθίων.

271 4989 488 5057 Οὐδείς
519 4990 627 5061 γὰρ
677 4988 847 5060 ήμῶν
885 4987 1080 5056 ἑαυτῷ
1111 4987 1199 5059 ζῇ,
1233 4991 1333 5044 καί
1361 4991 1562 5059 οὐδεὶς
1593 4991 1784 5057 ἐαυτῷ

191 5085 598 5151 ἀποθνήσκει.
660 5080 805 5136 Ἐάν
843 5096 909 5136 τε
960 5083 1070 5152 γὰρ
1143 5080 1328 5151 ζῶμεν
1355 5123 1370 5150 ,
1437 5082 1517 5150 τῷ
1587 5084 1784 5152 Κυρίῳ

196 5175 393 5246 ζῶμεν
414 5190 428 5205 ⁸
457 5173 568 5228 ἐὰν
604 5189 667 5228 τε
715 5173 1217 5243 ἀποθνήσκωμεν,
1264 5174 1348 5241 τῷ
1398 5175 1594 5244 Κυρίῳ
1637 5175 1786 5230 ἁπο-

194 5265 576 5336 θνήσκομεν.
618 5264 753 5320 Ἐάν
783 5281 848 5320 τε
890 5261 1006 5322 οὖν
1041 5263 1246 5334 ζῶμεν,
1294 5264 1405 5322 ἐάν
1437 5282 1503 5320 τε
1523 5265 1787 5331 ducam)-

196 5375 469 5428 σκωμεν,
499 5357 603 5412 τοῦ
628 5358 854 5426 Κυρίου
900 5356 1110 5426 ἐσμέν;
1155 5359 1263 5424 Εις
1306 5356 1483 5412 τοῦτο
1517 5359 1628 5428 γὰρ
1658 5359 1787 5428 Χρι-

199 5453 356 5517 στὰς
386 5450 486 5503 καὶ
539 5448 820 5510 ἀπέθανε,
855 5447 956 5502 καί
996 5447 1246 5515 ἀνέστη,
1297 5447 1397 5503 καὶ
1415 5445 1652 5518 ἔζησεν,
1685 5448 1787 5502 ἵνα

202 5544 306 5598 καὶ
337 5541 568 5612 νεκρῶν
597 5543 695 5596 καὶ
725 5539 956 5601 ζώντων
977 5541 1289 5610 κυριεύσῃ.

283 5634 542 5705 Ἐχομεν,
612 5633 766 5704 φησι,
817 5631 1021 5704 Κύριον
1043 5627 1084 5700 ᾧ
1107 5633 1199 5686 καὶ
1226 5633 1409 5704 ζῶμεν
1435 5633 1536 5687 ὲάν
1579 5631 1785 5703 ζῶμεν,

203 5719 253 5795 ᾧ
283 5727 379 5781 καὶ
416 5726 836 5797 ἀποθνήσκομεν
884 5727 980 5782 ἐὰν
1005 5727 1461 5799 ἀποθνήσκωμεν.
1497 5728 1558 5782 El
1590 5723 1689 5782 οὖν
1711 5730 1788 5801 τῷ

209 5818 408 5889 Κυρίῳ
457 5817 704 5887 διαφέρει
745 5816 901 5887 ήμῶν
940 5819 972 5888 ή
1011 5818 1124 5890 ζωὴ
1175 5820 1268 5873 καὶ
1299 5822 1327 5874 6
1355 5819 1605 5885 θάνατος,
1629 5822 1790 5886 αὐτὸς

215 5911 570 5981 οἰκονομήσει
609 5909 676 5962 τὰ
718 5908 837 5963 καθ’
875 5909 1042 5979 ἡμᾶς.
1069 5911 1161 5965 καὶ
1186 5912 1248 5966 ού
1277 5912 1435 5985 χρεία
1466 5912 1673 5987 κρίνειν
1698 5913 1788 5968 τὶν

1882 4711 2087 4783 gratias
2135 4729 2297 4784 agere
2346 4713 2393 4768 is
2436 4713 2532 4784 qui
2584 4729 2694 4769 non
2743 4715 2896 4770 edit?
2947 4715 3085 4770 Nam
3148 4715 3306 4785 quasi
3358 4715 3466 4786 legi

1882 4804 2173 4862 adhaerens
2215 4821 2325 4862 non
2375 4805 2510 4862 edit.
2537 4804 2809 4862 Caeterum
2856 4807 2903 4862 is
2946 4806 3043 4877 qui
3095 4807 3232 4874 edit,
3264 4808 3468 4879 gratias

1883 4899 1998 4967 agit
2029 4899 2162 4954 Deo.

1957 4989 2072 5054 XV,
2100 4991 2216 5046 7-9.
2257 4989 2450 5045 Nullus
2490 4992 2630 5045 enim
2666 4999 2906 5045 nostrum
2944 4991 3042 5045 sibi
3091 4993 3192 5063 ipsi
3244 4993 3392 5056 vivit,
3419 4999 3471 5046 et

1886 5078 2065 5133 nullus
2101 5088 2340 5136 nostrum
2364 5081 2463 5136 sibi
2502 5082 2604 5152 ipsi
2631 5083 2875 5136 moritur.
2901 5080 3042 5136 Nam
3069 5083 3176 5137 sive
3211 5084 3467 5148 vivamus,

1887 5169 2114 5226 Domino
2157 5173 2414 5238 vivimus;
2441 5174 2548 5226 sive
2578 5174 2889 5239 moriamur,
2921 5172 3147 5228 Domino
3185 5177 3466 5230 morimur.

1887 5262 2006 5319 Sive
2033 5281 2158 5336 ergo
2187 5266 2423 5320 vivamus
2454 5265 2562 5319 sive
2601 5267 2916 5332 moriamur,
2942 5265 3159 5321 Domini
3185 5283 3386 5322 sumus.
3405 5265 3471 5321 In

1888 5358 1984 5412 hoc
2024 5360 2163 5412 enim
2202 5355 2438 5414 Christus
2475 5367 2526 5412 et
2574 5367 2814 5413 mortuus
2857 5368 2938 5412 est
2976 5368 3026 5413 et
3074 5361 3366 5415 resurrexit
3409 5377 3470 5412 ac

1891 5451 2107 5518 revixit,
2125 5459 2182 5504 ut
2213 5458 2264 5504 et
2290 5451 2516 5506 mortuis
2534 5457 2586 5505 et
2614 5452 2742 5508 vivis
2773 5451 3092 5506 dominetur.

1963 5629 2264 5698 Habemus,
2313 5632 2513 5703 inquit,
2563 5633 2854 5688 Dominum
2904 5631 2995 5687 cui
3038 5641 3097 5688 et
3141 5630 3378 5687 vivimus
3425 5634 3470 5687 si

1893 5721 2150 5787 vivimus,
2185 5724 2274 5779 cui
2306 5726 2476 5780 etiam
2511 5725 2778 5779 morimur
2806 5724 2852 5778 si
2885 5723 3171 5778 morimur.
3213 5722 3380 5794 386
3415 5723 3471 5778 Si

1893 5831 2024 5886 ergo
2064 5815 2128 5869 all
2166 5815 2457 5871 Dominum
2486 5817 2594 5870 vita
2627 5830 2886 5884 morsque
2918 5814 3181 5884 pertinet,
3217 5815 3332 5885 ipse
3358 5814 3475 5872 dis-

1896 5917 2064 5979 ponet
2094 5923 2214 5978 qua:
2246 5925 2345 5965 nos
2375 5909 2719 5979 contingunt,
2767 5923 2945 5978 neque
2973 5916 3193 5976 oportet
3231 5907 3475 5975 iudicare
