3880 6558
459 460 570 524 595

1527 453 1926 519 (ECUMENII
1955 460 2249 522 TlilCC/E
2287 461 2630 522 EPISCOPI
3577 466 3658 526 5.96

459 574 772 646 proximum
807 583 903 629 aut
949 572 1252 642 despicere.
1293 591 1310 623 ι
1357 573 1493 627 Nam
1537 573 1654 628 sive
1695 575 1960 630 vivamus.
2011 594 2029 627 ι

2145 578 2370 648 πλησίον
2399 579 2432 650 ἢ
2460 578 2782 642 ὲξουθενεϊν.
2838 598 2856 628 ι
2897 579 3022 632 Ἐάν
3043 597 3102 632 τε
3143 579 3249 650 γὰρ
3273 578 3504 650 ζῶμεν.»
3535 584 3661 653 Ζωῆς

459 669 592 738 Ipse.
613 665 884 736 siquidem
923 665 1071 720 solus
1114 664 1238 720 vitae
1271 679 1333 719 ac
1364 663 1556 721 mortis
1597 666 1760 721 habet
1789 675 2030 735 potesta-

459 769 593 814 tem.
646 775 665 809 ι
709 758 768 812 ln
817 758 921 811 hoc
965 756 1112 811 enim
1155 755 1408 810 Christus
1453 767 1508 810 et
1558 765 1809 812 mortuus
1853 766 1956 811 est.
2007 776 2025 810 ι

460 855 749 910 Rationem
783 853 1065 924 subiunxit
1100 867 1200 907 cur
1239 867 1341 906 nos
1379 860 1434 908 et
1471 852 1719 910 viventes
1747 861 1802 906 et
1831 852 2030 906 mortui

458 945 666 1001 Christi
697 946 890 1000 simus.
922 944 1005 1000 Ad
1035 945 1149 1000 haec
1177 956 1363 999 autem
1399 943 1562 1000 etiam
1599 943 1733 998 illud
1768 943 2031 1007 ostendit,

457 1037 602 1107 quod
649 1036 693 1092 si
741 1045 890 1091 tanta
936 1036 1086 1092 circa
1133 1051 1234 1092 nos
1275 1051 1408 1090 usus
1442 1044 1526 1090 est
1574 1034 1938 1105 providentia,
1975 1042 2036 1088 ut

456 1129 620 1183 etiam
686 1127 1128 1199 cruciﬁgeretur,
1176 1140 1522 1198 nequaquam
1587 1137 1688 1180 nos
1743 1125 2029 1196 despiciet.

456 1220 590 1274 Nam
643 1219 687 1274 si
732 1220 909 1274 nostri
949 1220 1116 1274 etiam
1171 1219 1304 1274 dum
1352 1219 1554 1273 mortui
1608 1232 1799 1273 sumus
1844 1231 2032 1272 curam

459 1311 645 1376 habet,
683 1312 860 1367 multo
888 1312 1061 1382 magis
1087 1311 1216 1365 dum
1248 1312 1506 1365 vivimus.
1540 1309 1654 1364 Hoc
1687 1318 1872 1365 autem
1903 1305 2038 1364 dicit

456 1402 860 1459 adversuseos
900 1403 994 1473 qui
1023 1403 1393 1458 condemnant
1419 1403 1566 1473 quod
1600 1401 1941 1456 inﬁrmorum
1980 1400 2035 1455 in

458 1493 566 1547 iide
609 1508 797 1547 curam
846 1494 1047 1548 habeat
1086 1494 1252 1558 Deus,
1286 1495 1357 1548 ob
1399 1495 1723 1549 immensam
1753 1493 1899 1550 circa
1938 1507 2040 1549 nos

457 1586 885 1656 providentiam,
914 1593 970 1640 et
999 1600 1125 1640 cum
1153 1587 1244 1655 qui
1274 1583 1379 1640 ﬁde
1409 1585 1641 1654 pusillus
1665 1592 1752 1640 est
1780 1585 2040 1639 adhorta-

461 1688 571 1744 tur,
595 1678 737 1734 l'acta
766 1677 1162 1733 beneﬁciorum
1188 1676 1284 1733 Dei
1308 1678 1608 1732 mentione.
1642 1695 1660 1730 ι
1693 1677 1762 1732 Et
1788 1685 2040 1732 mortuus

456 1779 544 1827 est
569 1779 628 1827 et
668 1768 988 1826 resurrexit.
1033 1789 1051 1822 ι
1086 1769 1242 1836 Quod
1274 1769 1453 1836 nobis,
1488 1768 1689 1839 inquit,
1724 1769 2040 1824 dominare-

459 1870 571 1928 tur,
600 1863 756 1935 prius
784 1862 901 1934 ipse
925 1863 1104 1934 justas
1133 1878 1325 1920 causas
1350 1862 1627 1932 deposuit.
1664 1880 1683 1913 ι
1717 1863 1788 1918 Ut
1817 1872 1873 1916 et
1899 1861 2040 1916 vivis

2131 669 2242 741 γὰρ
2311 670 2474 734 αὐτὸς
2516 669 2611 724 καὶ
2673 670 2907 724 Θανάτου
2979 669 3138 741 μόνος
3168 670 3278 740 ἔχει
3307 671 3403 741 τὴν
3431 670 3657 735 ἐξουσίαν.

2139 779 2157 813 ι
2193 762 2286 826 Ei;
2336 761 2495 815 τοῦτο
2544 761 2652 832 γὰρ
2699 761 2931 832 Χριστὸς
2963 762 3057 814 καὶ
3089 760 3347 814 ἀπέθανε.
3373 779 3390 812 ι
3423 761 3519 815 Τὸν
3548 763 3665 831 λογιο

2136 852 2271 924 σμὺν
2319 853 2566 923 ἐπήγαγε
2591 892 2605 918 ,
2656 851 2749 906 τοῦ
2782 854 2877 904 καὶ
2931 851 3141 918 ζῶντας
3179 853 3327 922 ἡμᾶς
3369 853 3459 905 καὶ
3493 854 3668 909 ἀποθα-

2135 946 2323 1009 νόντας
2345 942 2484 1000 εἶναι
2543 943 2637 998 τοῦ
2685 945 2950 1015 Χριστοῦ.
2985 944 3130 1015 Πρὸς
3153 943 3207 996 δὲ
3235 943 3444 1006 τούτοις
3478 946 3669 1001 κάκεῖνο

2136 1037 2431 1099 δείκνυσιν,
2473 1036 2580 1099 ὃτι,
2631 1035 2818 1106 φησιν,
2852 1035 2914 1088 Ei
2940 1033 3180 1104 τοσαύτῃ
3214 1034 3340 1105 περὶ
3370 1034 3509 1103 ἡμᾶς
3535 1036 3670 1105 ἐχρή-

2138 1144 2269 1182 σατο
2318 1129 2546 1198 προνοίᾳ
2591 1127 2668 1191 ὡς
2715 1125 2810 1179 καὶ
2858 1125 3263 1198 σταυρωθῆναι,
3315 1126 3415 1179 οὒκ
3447 1125 3510 1179 ἂν
3545 1125 3674 1197 ήμῶν

2137 1217 2565 1288 καταφρονήσει.
2601 1215 2665 1270 Et
2697 1215 2806 1288 γὰρ
2856 1216 2950 1270 καὶ
2977 1215 3359 1270 ἀποθανόντων
3385 1215 3535 1286 ἡμῶν
3562 1232 3673 1286 προ-

2138 1310 2270 1374 νοεῖ,
2343 1307 2523 1378 πολλῷ
2585 1307 2788 1380 μᾶλλον
2849 1306 3091 1370 ζώντων.
3137 1306 3311 1361 Τοῦτο
3347 1306 3404 1361 δὲ
3431 1306 3554 1378 πρὸς
3577 1308 3676 1371 τοὺς

2139 1397 2574 1470 κατακρίνοντας
2627 1397 2801 1468 λέγει,
2834 1399 2918 1452 ὅτι
2957 1395 3326 1469 φροντισθῶσι
3347 1399 3493 1469 παρὰ
3517 1397 3619 1467 Θεῷ
3638 1401 3675 1451 oi

2139 1489 2388 1554 ἀσθενεῖς
2430 1492 2496 1561 τῇ
2540 1489 2748 1554 πίστει,
2816 1489 2906 1544 διὰ
2947 1491 3046 1561 τὴν
3075 1491 3352 1561 τοσαύτην
3399 1490 3552 1544 αὐτοῦ
3575 1494 3676 1562 περὶ

2141 1583 2352 1648 πάντας
2410 1583 2670 1654 πρόνοιαν
2691 1598 2706 1614 θ
2739 1583 2839 1636 καὶ
2865 1582 2956 1636 τὸν
2991 1583 3340 1652 ὀλιγόπιστον
3358 1582 3413 1636 δὲ
3439 1584 3676 1653 ἐντρέπει,

2139 1673 2248 1728 τῶν
2276 1673 2611 1746 εὐεργεσιῶν
2635 1673 3080 1745 ὑπομιμνήσκων
3117 1675 3212 1729 τοῦ
3241 1673 3400 1728 Θεοῦ.
3429 1693 3448 1727 ι
3474 1673 3572 1727 Καὶ
3594 1675 3676 1728 ἀπ·

2141 1765 2300 1821 ἑθανε
2347 1767 2442 1821 καὶ
2471 1766 2690 1837 ἀνέστη.
2722 1784 2740 1818 ι
2785 1765 3166 1839 Δικαιώματα,
3193 1767 3352 1837 φησὶ,
3384 1765 3680 1837 προαπέθετο

2141 1859 2238 1928 τῆς
2295 1857 2572 1929 ἡμετέρας
2619 1857 2960 1922 δεσποτείας.
3002 1855 3165 1912 «Ἵνα
3223 1858 3321 1911 καὶ
3372 1855 3569 1926 νεκρῶν
3606 1858 3680 1910 καὶ

458 1961 516 2008 et
544 1953 781 2008 mortuis
811 1955 1147 2009 dominetur.
1185 1971 1207 2005 ι
1241 1953 1357 2008 Iloc
1380 1962 1485 2020 est,
1521 1953 1723 2008 animis
1757 1961 1814 2007 et
1839 1967 2036 2022 corpo-

2145 1948 2355 2014 ζώντων
2401 1950 2687 2022 κυριεύσῃ.
2712 1969 2731 2003 ι
2761 1951 3043 2017 Τουτέστι,
3076 1949 3270 2022 ψυχῶν
3295 1952 3392 2004 καὶ
3428 1952 3677 2020 σωμάτων.

462 2041 616 2097 ribus
647 2059 660 2096 :
690 2041 766 2097 illi
802 2043 950 2098 enim
983 2049 1111 2098 sunt
1137 2042 1493 2108 immortales,
1521 2043 1624 2098 ista
1654 2058 1787 2098 vero
1826 2053 2034 2098 morta-

459 2133 552 2189 lia.
603 2135 682 2190 lta
730 2135 899 2192 habet
940 2135 1100 2192 divus
1136 2134 1448 2192 Mcthodius
1486 2135 1634 2191 libro
1674 2135 1751 2190 De
1793 2152 2034 2191 resurre-

460 2229 649 2283 ctione.

529 2318 671 2387 ΧΗ,
705 2318 896 2374 10-15.
938 2319 1013 2374 Tu
1055 2335 1178 2374 vero
1219 2336 1313 2373 cur
1338 2319 1552 2392 iudicas
1583 2319 1808 2391 fratrem
1848 2319 2040 2372 tuum?

466 2412 571 2466 Aut
614 2414 776 2466 etiam
827 2421 882 2466 tu
930 2429 1025 2467 cur
1072 2413 1292 2483 despicis
1336 2413 1558 2482 fratrem
1604 2414 1796 2467 tuum?
1850 2410 2040 2466 Ontnes

463 2505 601 2558 enim
636 2514 933 2558 statuemur
977 2515 1101 2560 ante
1136 2504 1376 2559 tribunal
1417 2504 1632 2560 Christi.
1667 2503 1936 2574 Scriptum
1965 2513 2041 2559 est

464 2595 603 2647 enim
631 2610 648 2648 :
677 2595 798 2649 Vivo
815 2609 929 2665 ego,
959 2595 1083 2650 dicit
1114 2595 1384 2650 Dominus.
1410 2594 1536 2649 Mihi
1560 2610 1669 2648 sese
1691 2596 1860 2664 ﬂectet
1889 2608 2043 2646 omne

463 2702 620 2757 genu,
651 2696 701 2743 et
725 2689 896 2742 omnis
937 2687 1118 2760 lingua
1152 2687 1482 2749 conﬁtebitur
1515 2687 1647 2742 Deo.
1677 2687 2043 2758 Unusquisque

463 2780 628 2849 igitur
681 2789 920 2835 nostrum
971 2780 1034 2833 de
1079 2780 1250 2850 seipse
1298 2781 1557 2834 rationem
1608 2779 1752 2833 dabit
1793 2778 1922 2832 Deo.
1965 2775 2044 2830 Ne

463 2873 684 2942 post/iac
726 2873 890 2943 igitur
936 2872 1075 2928 alius
1127 2872 1295 2927 alium
1326 2871 1646 2942 judicemus,
1687 2886 1868 2926 verum
1908 2868 2045 2924 illud

465 2962 698 3024 iudicate
732 2963 901 3036 magis
935 2981 997 3018 ne
1032 2971 1266 3036 ponatur
1303 2963 1520 3036 offensio
1551 2965 1709 3035 fratri
1744 2971 1837 3018 aut
1878 2963 2045 3034 on'en-

464 3051 723 3109 dicatum.

535 3242 776 3298 Rursum
816 3257 997 3299 sermo
1026 3242 1106 3298 illi
1140 3253 1224 3298 est
1260 3243 1327 3298 ad
1359 3257 1486 3299 eum
1527 3241 1623 3313 qui
1665 3241 1771 3297 ﬁde
1811 3238 2047 3310 pusillus

2136 2045 2202 2097 Ai
2233 2043 2330 2113 μὲν
2369 2043 2476 2114 γάρ
2508 2045 2648 2096 εἰσιν
2671 2043 2956 2109 ἀθάνατοι,
2983 2044 3051 2097 τά
3083 2043 3141 2096 δὲ
3175 2042 3368 2114 θνητά.
3401 2040 3574 2104 Οὕτως
3597 2043 3672 2092 καὶ

2137 2136 2165 2189 ό
2203 2135 2358 2205 ἅγιος
2386 2135 2649 2201 Μεθόδιος
2671 2137 2728 2190 ἐν
2758 2136 2837 2209 τῷ
2862 2135 3002 2204 Περὶ
3021 2133 3427 2201 ἀναστάσεως
3451 2133 3598 2203 λόγῳ.

2210 2325 2296 2381 Σὺ
2327 2325 2396 2380 δὲ
2416 2324 2475 2378 τί
2511 2325 2736 2394 κρίνεις
2791 2325 2899 2379 τὸν
2956 2324 3230 2395 ἀδελφόν
3274 2323 3486 2392 σου;ῆ
3521 2320 3682 2376 καὶσὺ

2141 2419 2198 2471 τί
2249 2417 2588 2483 ἐξουθενεῖς
2645 2417 2754 2470 τὸν
2798 2415 3070 2486 ἀδελφόν
3132 2432 3292 2481 σου;
3347 2413 3561 2480 Πάντες
3597 2413 3682 2482 γὰρ

2141 2507 2653 2576 παραστησόμεθα
2715 2503 2792 2570 τῷ
2819 2504 3049 2574 βήματι
3105 2505 3216 2559 τοῦ
3271 2502 3540 2574 Χριστοῦ.
3595 2504 3679 2557 N-

2145 2613 2402 2669 γραπται
2443 2598 2576 2666 γὰρ,
2613 2595 2706 2649 Ζῶ
2754 2595 2892 2664 ἐγὼ,
2944 2597 3108 2664 ,λέγει
3157 2596 3394 2665 Κύριος,
3453 2595 3534 2648 ὅτι
3579 2593 3680 2663 ἐμοι

2143 2690 2365 2760 κάμψει
2404 2688 2528 2746 πᾶν
2555 2690 2724 2759 γόνυ,
2758 2691 2856 2742 καὶ
2889 2687 3057 2744 πᾶσα
3082 2689 3339 2759 γλῶσσα
3371 2685 3683 2758 ἐξομολογή-

2145 2801 2314 2840 σεται
2361 2780 2441 2849 τῷ
2480 2781 2622 2848 Θεῷ.
2681 2778 2828 2851 Ἆρα
2890 2777 3005 2836 οὖν
3065 2782 3334 2849 ἕκαστος
3382 2780 3540 2850 ἡμῶν
3576 2779 3678 2846 περὶ

2145 2873 2366 2930 ἑαυτοῦ
2381 2874 2570 2943 λόγον
2600 2872 2784 2927 δώσει
2817 2869 2898 2936 τῷ
2927 2866 3067 2938 Θεῷ.
3114 2870 3354 2940 Μηκέτι
3391 2867 3500 2925 οὖν
3530 2867 3684 2932 ἀλλή-

2144 2968 2296 3030 λους
2341 2963 2656 3033 κρίνωμεν,
2708 2961 2869 3018 ἀλλὰ
2897 2962 3074 3017 τοῦτο
3111 2963 3360 3030 κρίνατε
3382 2959 3616 3031 μᾶλλον,
3636 2957 3687 3011 τὸ

2142 3056 2228 3126 μὴ
2272 3055 2499 3110 τιθέναι
2550 3055 2912 3125 πρόσκομμα
2952 3054 3033 3120 τῷ
3074 3053 3326 3124 ἀδελφῷ
3377 3053 3415 3124 ἢ
3463 3050 3684 3106 σκάνδα-

2147 3151 2283 3203 .Ior.
3487 3187 3490 3192 .

2223 3241 2367 3314 Πρὸς
2414 3241 2504 3295 τὸν
2557 3241 2902 3310 ὀλιγόπιστον
2955 3239 3118 3295 πάλιν
3143 3238 3304 3309 αὐτῷ
3329 3237 3538 3305 ὀλόγος.
3567 3252 3584 3285 ι
3605 3233 3686 3287 Καὶ

462 3344 566 3391 est.
606 3354 625 3388 ι
670 3335 846 3391 Etiam
883 3344 940 3390 tu
980 3351 1080 3391 cur
1114 3335 1353 3406 despicis
1383 3300 1609 3390 fratrem
1647 3300 1837 3388 tuumit
1883 3351 1900 3384 ι
1939 3329 2037 3387 llic

2150 3336 2215 3389 σὺ
2252 3300 2309 3388 τί
2325 3300 2634 3400 ἐξουθενεῖς
2654 3300 2755 3386 ’τὸν
2775 3331 3004 3400 ἀδελφόν
3031 3347 3125 3384 σου
3143 3347 3158 3396 ;
3181 3349 3200 3383 ι
3238 3300 3393 3402 ιίρὸς
3414 3300 3497 3382 τόν
3517 3326 3687 3396 ἑδραῖον

463 3445 644 3486 sermo
666 3430 735 3485 ad
765 3442 892 3484 eum
923 3430 1019 3500 qui
1044 3429 1150 3484 [ide
1182 3414 1372 3484 ﬁrmus
1406 3435 1492 3483 est
1521 3425 1800 3496 dirigitur.
1828 3422 2037 3478 Fratri

2145 3431 2210 3499 τῇ
2236 3426 2420 3480 πίστει
2437 3427 2465 3479 ό
2489 3425 2648 3494 λόγος
2692 3415 2869 3487 οὗτος.
2896 3423 2990 3493 Τῷ
3010 3423 3067 3476 δὲ
3088 3423 3329 3492 ὀνόματι
3356 3419 3446 3474 τοῦ
3471 3414 3684 3485 ἀδελφοῦ.

413 3528 416 3530 ’
469 3533 655 3580 autem
699 3523 923 3578 nomine
958 3523 1121 3578 solvit
1150 3521 1258 3575 illis
1295 3519 1729 3576 contentionem.
1761 3515 2037 3585 Scriptum

2145 3519 2259 3574 λύει
2289 3521 2471 3584 αὐτοῖς
2497 3517 2598 3590 τὴν
2622 3517 2760 3590 ἔριν.
2800 3535 2818 3568 ι
2845 3516 2932 3571 Ζῶ
2969 3515 3101 3585 ἐγὼ,
3131 3533 3150 3568 ι
3182 3518 3285 3569 καὶ
3300 3515 3370 3569 τὰ
3398 3514 3540 3583 ἑξῆς.
3562 3509 3691 3564 Δοκεῖ

357 3672 360 3676 .
463 3607 548 3670 est
597 3613 745 3669 enim
776 3631 790 3668 :
825 3633 844 3664 ι
878 3613 1016 3667 Vivo
1059 3627 1181 3684 ego,
1222 3632 1240 3663 ι
1274 3621 1383 3666 etc.
1411 3609 1642 3665 Videtur
1683 3607 1907 3678 quidem
1944 3620 2037 3675 per

2149 3614 2250 3685 μὲν
2271 3611 2360 3667 διὰ
2397 3614 2497 3682 τῆς
2529 3609 2881 3681 παραγωγῆς
2913 3612 3016 3678 τῆς
3045 3609 3417 3679 προφητείας,
3445 3607 3530 3659 καὶ
3553 3620 3687 3657 καταο

467 3705 774 3778 prophetia:
831 3703 1222 3758 deductionem
1278 3702 1345 3756 ad
1413 3700 1736 3756 modestiam
1784 3711 2037 3754 revocare

2151 3703 2392 3758 στέλλειν
2440 3701 2533 3757 τὸν
2570 3700 2785 3765 πιστὸν,
2822 3701 2904 3764 είς
2948 3699 3010 3752 τὸ
3040 3699 3114 3770 μὴ
3146 3699 3452 3764 ὲξουθενεῖν
3481 3696 3562 3749 τὸν
3584 3694 3689 3747 Ἰου-

467 3797 707 3861 ﬁdelem,
744 3811 813 3851 ne
869 3795 1235 3864 iudaizantetn
1267 3793 1620 3863 despiceret:
1663 3800 1830 3846 totam
1862 3798 2037 3846 tamen

2147 3794 2422 3860 δαΐζοντα,
2453 3791 2596 3864 πλὴν
2642 3792 2763 3846 ὅλον
2783 3791 2844 3844 τὸ
2874 3791 3079 3872 χωρίον
3111 3787 3255 3859 εἶπε,
3306 3788 3592 3846 κατασείων
3615 3783 3689 3854 τὴν

467 3889 794 3961 particulam
821 3889 978 3955 dixit,
1006 3888 1126 3960 ejus
1148 3887 1241 3959 qui
1268 3885 1450 3941 adhuc
1466 3885 1775 3958 judaizaret
1798 3883 2037 3939 animum

2145 3886 2325 3958 ψυχὴν
2379 3883 2474 3939 τοῦ
2521 3883 2906 3949 Ἰουδαῖζοντος
2947 3881 3052 3946 ἔτι,
3105 3875 3208 3937 ὧδε
3270 3881 3372 3953 μὲν
3421 3882 3483 3950 τῇ
3539 3876 3688 3947 μνήμῃ

472 3983 798 4038 concutiens
826 3999 840 4037 :
875 3982 968 4036 hic
1001 3980 1221 4052 quidem
1247 3978 1446 4051 judicii
1475 3977 1776 4041 mentione,
1806 3976 1883 4032 ibi
1913 3990 2037 4030 vero

2146 3979 2246 4049 τῆς
2291 3975 2549 4048 κρίσεως,
2594 3973 2790 4030 ἄνωδὲ
2846 3975 2972 4038 ταῖς
3009 3972 3363 4045 εὐεργεσίαις
3416 3969 3566 4024 αὑτοῦ
3616 3963 3688 4018 τοῦ

471 4075 679 4131 Christi
743 4073 1031 4130 beneﬁciis
1085 4073 1405 4129 exhortans.
1461 4070 1678 4127 Etenim
1729 4071 1776 4126 si
1830 4081 2037 4133 omnes,

2148 4067 2388 4138 Χριστοῦ
2432 4067 2730 4135 ἐντρέπων.
2760 4065 2824 4120 El
2850 4065 2958 4136 γὰρ
2985 4063 3063 4135 τῷ
3084 4064 3331 4135 Χριστῷ,
3356 4064 3503 4134 φησὶ,
3529 4062 3688 4117 nim;

468 4165 670 4238 inquit,
697 4175 824 4222 ante
848 4166 1130 4222 Christum
1157 4173 1466 4222 statuemur
1493 4181 1507 4218 :
1539 4173 1596 4220 et
1623 4163 1762 4235 ipse,
1797 4178 1908 4234 non
1933 4162 2037 4226 lex,

2153 4155 2647 4230 παραστησόμεθα,
2696 4157 2792 4209 καὶ
2821 4153 2984 4218 αὐτὸς
3037 4156 3206 4226 ήμᾶς,
3237 4156 3334 4210 καὶ
3361 4154 3458 4225 οὐχ
3482 4153 3508 4204 ό
3536 4149 3686 4219 νόμος,

468 4261 740 4316 rationem
777 4275 805 4314 a
848 4258 1011 4314 nobis
1054 4257 1237 4329 exiget
1269 4274 1283 4312 :
1317 4273 1418 4312 cur
1451 4265 1508 4311 tu
1543 4255 1651 4325 legi
1691 4255 1962 4318 adhaeres,
1993 4261 2037 4309 el

2150 4251 2378 4315 εὐθύνας
2433 4250 2750 4320 ἀπαιτήσει*
2781 4247 2835 4303 τί
2877 4249 2942 4304 σὺ
2979 4247 3076 4320 ἔχῃ
3128 4247 3224 4302 τοῦ
3291 4248 3477 4320 νόμου,
3527 4244 3608 4296 καὶ
3641 4243 3687 4294 οὐ

469 4365 580 4404 non
645 4347 931 4405 Christum
997 4348 1168 4404 semel
1235 4345 1641 4418 apprehendis?
1685 4364 1704 4398 ι
1749 4345 1882 4400 Mihi
1928 4358 2037 4399 sese

2153 4343 2410 4413 καθάπαξ
2454 4341 2805 4416 ἐπιλαμϐάνῃ
2864 4341 2960 4397 τοῦ
3016 4342 3294 4413 Χριστοῦς
3362 4361 3380 4393 ι
3431 4341 3546 4394 Ὀτι
3592 4334 3687 4406 ἐμοὶ

471 4440 656 4495 ﬂectet
715 4453 877 4494 omne
935 4453 1100 4509 genu.
1149 4453 1166 4489 ι
1218 4437 1384 4507 387
1426 4436 1686 4492 Omnium
1740 4434 2037 4492 dominium

2153 4439 2362 4511 κάμψει
2399 4424 2508 4492 πᾶν
2541 4437 2694 4506 γόνυ.
2733 4455 2752 4488 ι
2788 4437 2900 4508 Τὴν
2932 4436 3190 4490 ἁπάντων
3229 4436 3381 4491 αὐτῶ
3416 4431 3687 4488 δεσποτείαν

469 4531 600 4587 huic
629 4530 858 4586 subesse
887 4537 1203 4584 attestatur.
1245 4546 1263 4580 ι
1309 4528 1376 4584 Et
1401 4529 1582 4583 omnis
1606 4528 1790 4598 lingua
1819 4527 2037 4584 conﬁte-

2157 4532 2440 4601 μαρτυρεῖ.
2470 4547 2490 4582 ι
2516 4529 2626 4584 Καὶ
2647 4529 2797 4582 πᾶσα
2823 4527 3042 4596 γλῶσσα
3065 4525 3568 4597 ἐξομολογήσεται.»
3595 4520 3682 4581 Tit;

468 4624 640 4680 bitur.
690 4641 710 4674 ι
763 4621 995 4692 Propria
1045 4619 1306 4676 videlicet
1353 4631 1600 4690 peccata,
1644 4635 1711 4675 ex
1759 4621 1874 4690 ipsa
1916 4635 2037 4674 con-

2155 4623 2360 4687 οἰκείας
2418 4622 2695 4693 ἀμαρτίας
2747 4622 2806 4686 ἐξ
2862 4620 3027 4674 αὑτοῦ
3076 4604 3169 4674 τοῖ’)
3240 4617 3573 4680 συνειδότος,
3614 4613 3686 4667 ἀτε

466 4715 720 4778 scientia,
756 4725 1020 4784 tanquam
1047 4713 1274 4784 proprio
1301 4713 1498 4786 judici.
1522 4743 1592 4755 —
1621 4713 1800 4768 Aliud.
1830 4714 2037 4769 Dictum

2152 4716 2336 4784 κριτῇ.
2379 4741 2450 4753 —-
2489 4715 2737 4778 Ἄλλως.
2785 4709 3123 4784 [ΟΙΚΟΥΜ.]
3168 4709 3403 4781 Εἴρηται
3455 4707 3574 4777 περ)⁵
3617 4699 3687 4753 τοῦ

467 4818 556 4863 est
588 4808 657 4864 de
697 4808 808 4863 Deo
841 4809 1003 4863 Patre
1032 4806 1180 4877 quod
1213 4807 1302 4862 hic
1342 4807 1554 4861 nullum
1577 4807 1808 4879 judicat,
1839 4807 1935 4862 sed
1956 4807 2037 4878 ju-

2152 4804 2288 4858 Θεοῦ
2332 4804 2424 4858 καὶ
2475 4803 2706 4874 Πατρός,
2740 4803 2819 4856 ὅτι
2852 4801 3015 4864 αὐτὸς
3069 4804 3245 4871 κρίνει
3298 4800 3505 4861 οὐδένα,
3534 4796 3620 4864 τήν
3644 4790 3686 4842 δὲ

467 4897 675 4951 dicium
729 4896 881 4952 dedit
937 4897 1152 4952 Filio”.
1205 4897 1554 4953 Manifestum
1606 4913 1738 4968 ergo
1787 4898 1933 4968 quod
1982 4899 2037 4954 de

2156 4897 2338 4968 κρίσιν
2397 4895 2596 4950 δέδωκε
2657 4895 2734 4964 τῷ
2797 4893 2932 4964 Υίῷ.
2985 4893 3154 4964 Δῆλον
3213 4886 3308 4945 οὖν
3347 4890 3422 4954 ὡς
3459 4879 3684 4958 περὶτοῦ

460 4986 652 5059 judice
681 4987 892 5042 dictum
926 4987 1095 5044 fuerit
1123 5004 1155 5043 a
1190 4989 1382 5054 Paulo,
1413 5007 1431 5041 ι
1465 4988 1833 5045 Conﬁtebitur
1863 4992 1996 5056 Deo,
2030 5010 2037 5042 ι

2151 4985 2339 5062 κριτοῦ
2395 4990 2613 5062 εἴρηται
2668 4988 2746 5060 τῷ
2805 4989 3005 5060 Παύλῳ
3055 4988 3136 5051 τδ,
3175 5005 3194 5038 ι
3238 4981 3687 5054 Ἐξομολογήσεται

468 5091 526 5136 ct
561 5098 581 5131 ι
629 5079 922 5135 Rationem
952 5080 1107 5136 dabit
1133 5083 1264 5137 Deo.
1314 5101 1334 5135 ι
1383 5083 1572 5152 Itaque
1614 5082 1867 5138 Christus
1908 5083 2037 5138 Deut

2149 5084 2228 5156 τῷ
2256 5082 2395 5155 Θεῷ.
2426 5101 2444 5134 ι
2477 5083 2588 5136 Καὶ
2635 5084 2719 5148 τὸ,
2755 5100 2773 5134 ι
2796 5081 2970 5152 Λόγον
3026 5079 3187 5134 δώσει
3230 5079 3308 5150 τῷ
3342 5075 3481 5144 Θεῷ.
3514 5092 3528 5124 ι
3574 5070 3687 5137 Ἀρα

469 5181 576 5234 est,
611 5171 777 5226 etiam
811 5173 859 5227 si
893 5172 1070 5227 nolint
1094 5173 1268 5243 impii.
1303 5191 1322 5225 ι
1356 5174 1431 5229 Ne
1464 5174 1693 5244 posthac
1723 5175 1890 5244 igitur
1914 5174 2037 5228 alius

2149 5176 2282 5239 Θεὸς
2334 5177 2364 5229 ό
2411 5174 2681 5246 Χριστὸς,
2729 5175 2835 5230 κᾶν
2883 5177 2932 5228 oi
2995 5173 3216 5236 ἀσεϐεῖς
3275 5171 3353 5242 μὴ
3407 5165 3686 5238 βούλωνται.

470 5265 643 5320 alium
670 5263 1003 5334 iudicemus.
1049 5283 1067 5316 ι
1101 5265 1340 5319 Rursum
1375 5266 1554 5336 primo
1582 5267 1754 5322 haeret
1783 5266 2037 5333 sermoni,

2162 5286 2179 5319 ι
2209 5267 2422 5339 Μηκέτι
2453 5265 2548 5320 οὖν
2581 5266 2847 5340 ἀλλήλους
2874 5266 3174 5338 κρίνωμεν.
3205 5281 3223 5316 ι
3254 5262 3428 5316 Πάλιν
3455 5256 3542 5312 τοῦ
3566 5249 3686 5323 πρώ-

467 5372 538 5412 ne
573 5357 769 5411 timore
805 5355 1060 5410 videatur
1094 5355 1293 5412 fecisse
1321 5357 1514 5428 iudicii
1557 5360 1916 5426 mentionem,
1951 5358 2037 5414 sed

2155 5378 2248 5415 του
2312 5361 2495 5431 ἔχεται
2544 5360 2730 5430 λόγου,
2773 5361 2861 5415 ἵνα
2897 5361 2972 5432 μή
3001 5358 3128 5430 δόξῃ
3171 5356 3260 5410 διὰ
3285 5354 3449 5425 φόϐον
3479 5354 3567 5420 τῆς
3591 5342 3687 5415 κρί-

467 5449 708 5519 quadam
752 5448 1024 5505 sermonis
1054 5449 1468 5519 consequentia.
1512 5467 1530 5501 ι
1576 5448 1653 5505 Ne
1697 5461 1932 5521 ponatur
1961 5451 2037 5505 of-

2154 5467 2294 5514 σεως
2337 5451 2666 5523 μνησθῆναι,
2723 5451 2858 5508 ἀλλὰ
2901 5453 2989 5506 διά
3043 5468 3165 5507 τινα
3189 5449 3352 5518 λόγου
3383 5437 3684 5500 ἀκολουθίαν.

466 5540 668 5598 i'cnsio.
718 5558 737 5594 ι
770 5540 886 5596 Hoc
923 5549 980 5596 et
1025 5540 1093 5595 ad
1133 5557 1258 5597 eum
1303 5542 1400 5610 qui
1434 5541 1646 5596 sincere
1678 5541 1858 5598 ﬁdelis
1882 5550 2037 5597 estet

2163 5561 2181 5592 ι
2212 5543 2286 5595 Τὸ
2326 5543 2400 5613 μὴ
2433 5543 2640 5600 τιθέναι
2675 5545 3035 5617 πρόσκομμα.
3063 5562 3084 5597 ι
3123 5543 3293 5597 Τοῦτο
3321 5540 3417 5593 καὶ
3446 5537 3572 5607 πρὸς
3615 5527 3687 5579 τδν

468 5630 537 5685 ad
561 5630 718 5687 illum
751 5630 848 5703 qui
872 5630 1056 5688 adhuc
1093 5631 1339 5703 judaizat
1371 5639 1610 5702 aptatur.
1641 5631 1778 5686 Nam
1805 5643 1860 5685 et
1881 5633 1927 5686 is
1951 5631 2037 5700 qui

2158 5634 2425 5706 εἰλικρινῆ
2482 5635 2696 5703 πιστὸν,
2739 5637 2835 5691 καὶ
2863 5637 2954 5690 τὸν
2984 5635 3064 5690 ἔτι
3087 5631 3444 5697 Ἰουδαῖζοντα
3469 5620 3683 5697 ἁρμόζει-

467 5723 747 5791 perfectus
782 5731 925 5792 erat,
961 5724 1346 5784 oﬁ‘endebatur
1378 5725 1764 5782 observatione
1793 5725 2037 5780 ciborum

2153 5725 2265 5780 Καὶ
2294 5725 2404 5795 γὰρ
2431 5727 2457 5780 ό
2488 5726 2692 5792 τέλειος
2747 5728 3160 5794 ἐσκανδαλίζετο
3183 5729 3246 5800 τῇ
3283 5723 3393 5777 τῶν
3421 5715 3684 5792 βρωμάτων
3708 5740 3714 5755 ι

575 5905 617 5938 ⁸³
651 5908 810 5970 tuan.
838 5921 891 5972 v,
911 5904 1000 5965 22.
