3880 6552
191 410 289 476 597

1251 415 1640 478 COMMENT.
1676 416 1760 478 IN
1795 416 2032 478 EPIST.
2077 418 2181 480 AD
2223 417 2417 479 ROM.

3337 414 3444 479 59S

189 525 570 599 παρατηρήσει
623 519 720 580 τοῦ
766 526 1014 598 πλησίον,
1051 528 1142 582 καὶ
1166 531 1194 583 ὁ
1219 530 1288 585 τά
1331 530 1599 601 βρώματα
1629 549 1772 602 παρ-

1907 533 2132 598 »roximi,
2161 543 2219 591 et
2245 533 2294 589 is
2319 534 2414 604 qui
2443 531 2599 588 cibos
2634 531 2986 596 observabat,
3020 528 3338 585 vehementi
3369 530 3457 586 in—

189 619 526 689 αιτοὺμενος,
587 623 653 692 τῇ
717 621 925 694 σφοδρᾷ
963 621 1257 693 ἐπιπλήξει
1307 623 1404 678 τοῦ
1449 625 1764 696 εἰλικρινῶς

189 709 402 765 πιστοῦ.
463 710 629 764 Ὥστε
684 713 786 782 μιᾷ
823 713 1102 784 συμϐουλῇ
1146 714 1274 778 τοὺς
1335 714 1428 768 δύο
1455 715 1767 787 διορθοῦται

189 802 488 873 ἀπέχεσθαι
542 802 771 871 τούτων,
808 807 845 860 ἃ
870 805 1170 860 σκανδάλου
1224 806 1500 878 πρόφασις
1521 806 1600 877 τῷ
1631 805 1770 876 πλη-

189 896 300 950 σίον
339 896 576 965 γίνεται.

279 986 426 1044 Οἶδα
494 989 596 1045 καὶ
651 991 979 1061 πέπεισμαι
1037 992 1108 1047 ἐν
1159 995 1355 1063 Κυρίῳ
1416 994 1638 1064 Ἰησοῦ,
1679 993 1770 1049 δτι

188 1077 374 1133 οὐδὲν
427 1081 638 1134 κοινὸν
689 1080 768 1135 δι’
824 1082 1034 1148 αὑτοῦ,
1097 1085 1147 1138 al
1182 1084 1270 1154 μὴ
1307 1083 1391 1151 τῷ
1415 1085 1774 1155 λογιζομένῳ

189 1187 245 1224 τι
274 1173 488 1226 κοινὸν
513 1169 690 1240 εἴναι,
724 1173 938 1241 ἐκεινῳ
987 1179 1216 1232 κοινόν.
1252 1177 1321 1232 El
1343 1176 1411 1232 δὲ
1465 1178 1564 1233 διὰ
1618 1178 1775 1247 βρῶ-

186 1280 271 1333 μα
299 1266 334 1318 ὁ
363 1265 630 1336 ἁδελφός
655 1283 776 1323 σου
800 1269 1105 1337 λυπεῖται,
1139 1271 1253 1326 οὐκ
1303 1271 1390 1326 ἔτι
1449 1271 1602 1326 κατὰ
1632 1273 1777 1342 ἀγά-

192 1371 319 1422 πην
366 1358 738 1425 περιπατεῖς.
797 1359 894 1429 Μὴ
941 1359 1022 1426 τῷ
1067 1360 1342 1431 βρώματί
1397 1378 1516 1420 σου
1543 1363 1779 1419 ἐκεῖνον

191 1446 491 1518 ἀπόλλυε,
527 1452 680 1520 ὑπὲρ
717 1447 790 1508 οὗ
813 1451 1070 1521 Χριστὸς
1100 1453 1384 1509 ἀπέθανε.
1447 1453 1544 1524 Μὴ
1572 1456 1779 1521 ﬂlac-

192 1537 510 1604 φημείσθω
541 1537 655 1593 οὖν
716 1539 886 1610 ὑμῶν
912 1541 980 1596 τὸ
1017 1543 1266 1613 ἀγαθόν.
1316 1545 1398 1598 Οὐ
1435 1542 1546 1613 γάρ
1603 1543 1776 1599 ἐστιν

191 1627 547 1695 ἠβασιλεία
606 1630 711 1686 τοῦ
761 1632 913 1686 Θεοῦ
959 1631 1198 1704 ,βρῶσις
1249 1634 1350 1688 καὶ
1379 1636 1585 1702 πόσις,
1619 1636 1782 1691 ἀλλά

192 1719 560 1790 δικαιοσύνη
613 1722 712 1776 καὶ
794 1724 1005 1794 εἰρήνη
1079 1726 1180 1781 καὶ
1240 1726 1416 1796 χαρὰ,
1468 1726 1540 1782 ἐν
1594 1727 1785 1782 Πνεύ-

190 1828 336 1881 ματι
367 1813 536 1884 ἁγίῳ.
583 1815 635 1868 Ὁ
662 1813 775 1885 τὰρ
795 1817 865 1871 ἐν
913 1818 1148 1886 τούτοις
1205 1817 1517 1875 δουλεύων
1547 1817 1629 1886 τῷ
1653 1822 1784 1888 Χρι-

194 1903 347 1970 στῷ,
404 1905 736 1976 εὐάρεστος
802 1909 882 1977 τῷ
937 1909 1078 1978 Θεῷ,
1105 1911 1204 1966 καὶ
1248 1911 1494 1982 δόκιμος
1519 1912 1646 1981 τοῖς
1680 1913 1784 1968 ἀν-

196 1995 481 2064 θρώποις.

271 2089 402 2142 ·Ἐτι
458 2091 588 2162 περὶ
648 2095 748 2160 τῆς
780 2090 893 2146 τῶν
947 2092 1256 2165 βρωμάτων
1288 2097 1730 2168 παρατηρήσεως
1760 2101 1789 2153 ὁ

195 2181 359 2251 λόγος
389 2184 560 2256 αὐτῷ.
608 2188 761 2241 Ἐπεὶ
797 2187 892 2242 οὖν
921 2183 1097 2254 εἶπεν,
1131 2208 1148 2241 ι
1182 2185 1315 2245 Οἶδα
1347 2191 1444 2244 καὶ
1485 2191 1789 2264 πέπεισμαι

196 2275 277 2328 ὅτι
324 2276 485 2330 οὐδὲν
537 2279 716 2335 κοινὸν
741 2298 760 2333 ι
789 2321 804 2346 ,
841 2281 928 2336 ἴνα
958 2283 1033 2353 μὴ
1095 2282 1226 2352 εῐπῃ
1260 2283 1288 2335 ὁ
1336 2283 1746 2356 ἐτιΊουδαῖζων
1767 2303 1782 2318 ο

198 2367 312 2420 Καὶ
341 2365 421 2430 τί,
449 2370 497 2422 el
523 2371 588 2423 σὺ
632 2368 1110 2442 πεπεισμένος-εἷ,
1145 2373 1239 2428 τοῦ
1270 2374 1438 2445 νόμου
1462 2375 1522 2429 τὸ
1546 2377 1791 2432 ἐναντίον

197 2459 600 2531 εἰσηγουμένου
626 2479 643 2529 ;
677 2465 1007 2537 προστίθησι
1036 2466 1119 2531 τὸ,
1149 2484 1169 2519 ι
1200 2466 1290 2521 Ἐν
1318 2467 1509 2538 Κυρίῳ
1540 2468 1739 2538 Ἰησοῦ,
1769 2490 1787 2523 ι

198 2548 424 2616 δεικνὺς
457 2553 539 2607 ὅτι
566 2554 701 2626 παρ’
733 2556 900 2612 αὐτοῦ
928 2558 1101 2614 ταῦτα
1131 2562 1422 2636 μεμάθηκε
1454 2568 1551 2620 καὶ
1581 2566 1795 2636 πεπλη-

203 2644 534 2717 ροφδρηται,
561 2648 656 2702 καὶ
703 2650 803 2706 οὐκ
839 2651 933 2720 ἀφ’
962 2653 1160 2708 ἑαυτοῦ
1207 2655 1377 2725 λέγει.
1415 2677 1435 2710 ι
1478 2659 1600 2713 Ὀτι
1635 2659 1792 2712 οὐδὲν

200 2737 414 2792 κοινόν.
445 2756 465 2790 ι
505 2769 578 2780 —
623 2737 824 2814 [ΦΩΤ.]
879 2743 1162 2799 Ἐντεῦθεν
1197 2746 1360 2801 πάλιν
1410 2749 1491 2813 εἰς
1534 2749 1604 2803 τὰ
1659 2753 1791 2820 περὶ

204 2827 522 2900 βρωμάτων
585 2832 858 2899 ἐπάνεισι,
910 2838 1006 2889 καὶ
1052 2841 1316 2908 παραινεῖ
1349 2841 1477 2904 τοὺς
1529 2841 1798 2906 δυνατοὺς

205 2921 358 2976 κατά
418 2923 520 2994 τὴν
578 2924 786 2992 πίστιν,
842 2926 1342 3000 ἀντιλαμϐάνεσθαι
1381 2931 1492 2988 τῶν
1526 2933 1796 3000 ἀσθενῶν,

209 3013 312 3068 καὶ
345 3014 622 3071 δείκνυσιν
645 3018 709 3084 ἐξ
731 3014 808 3074 ὧν
834 3021 1006 3090 λέγει,
1037 3023 1204 3078 καλὸν
1243 3024 1342 3094 μὲν
1378 3025 1474 3080 καὶ
1507 3026 1568 3080 τὺ
1589 3027 1799 3081 ἐκεῖνον

213 3107 275 3158 ὲν
301 3105 558 3177 βρώμασι
600 3109 1014 3182 διακρινόμενον
1045 3153 1061 3179 ,
1129 3114 1430 3186 πειρᾶσθαι
1497 3112 1751 3189 διορθοῦν
1781 3160 1797 3186 ,

211 3197 442 3267 ἄμεινον
463 3200 521 3253 δὲ
542 3201 601 3254 τὸ
632 3203 1000 3260 ἀδυνατοῦντα
1051 3208 1111 3262 ὲν
1151 3206 1348 3278 τούτῳ,
1401 3209 1681 3283 ὐπερορᾷν
1739 3211 1801 3264 τὸ

216 3290 544 3362 ἐλάττωμα,
603 3295 698 3348 καὶ
754 3299 1118 3369 χειραγωγεῖν
1163 3300 1331 3353 παντὶ
1367 3300 1558 3372 τρόπῳ
1622 3301 1715 3354 ἐπὶ
1742 3302 1803 3354 τὸ

220 3384 487 3455 κερδῆσαι
517 3388 612 3441 καὶ
639 3389 814 3443 σῶσαι
842 3391 1028 3446 αὐτόν.
1069 3421 1130 3434 -—
1170 3390 1504 3464 [ΘΕΟΔΩΡ.]
1564 3409 1583 3444 ι
1613 3391 1802 3460 Οὐδὲν,

221 3478 378 3547 φησὶ,
416 3479 595 3534 κοινὸν
621 3479 690 3534 δι’
719 3481 905 3536 αὐτοῦ.
933 3500 952 3534 ι
976 3483 1096 3538 Ἵνα
1117 3482 1228 3554 γὰρ
1263 3483 1337 3556 μὴ
1365 3484 1589 3552 λέγωσι,
1617 3483 1689 3538 Σὺ
1722 3485 1808 3547 τίς

132 3620 140 3628 ,
221 3569 296 3622 ὣν
321 3571 755 3643 ἀντινομοθετεῐς
813 3575 1028 3646 Monii;
1085 3574 1178 3629 τὸν
1226 3574 1473 3640 Μωσέως
1526 3575 1807 3646 Δεσπότην

225 3665 306 3728 εἰς
337 3664 507 3734 μέσον
557 3667 823 3738 παράγει,
857 3667 1130 3723 διδάσκων
1152 3667 1229 3732 ὡς
1251 3668 1416 3732 αὐτὸς
1438 3671 1538 3733 τὰς
1577 3669 1810 3740 νομικὰς

225 3759 643 3827 παρατηρήσεις
706 3758 933 3825 ἔπαυσε,
991 3759 1088 3813 καὶ
1148 3759 1302 3816 οὐδὲν
1357 3759 1506 3814 εἴασε
1563 3759 1811 3832 νομιζειν

224 3845 538 3918 ἀκάθαρτον
595 3847 820 3920 ἔδεσμα.
850 3879 922 3892 --
957 3847 1254 3922 [ΣΕΥΗΡ.]
1296 3850 1369 3904 Τὸ
1393 3849 1523 3923 γάρ,
1561 3869 1581 3903 ι
1603 3852 1683 3905 Δι’
1713 3853 1812 3905 αὐ-

219 3936 344 4003 τοῦ,
370 3955 392 3990 ι
434 3939 705 4007 τουτέστι,
745 3940 836 3996 διὰ
860 3941 958 4013 τὴν
981 3941 1350 4012 εὐαγγελικὴν
1385 3943 1552 3997 αὑτοῦ
1579 3943 1811 4015 νομοθε-

220 4033 374 4086 σίαν.
401 4048 422 4082 ι
451 4030 808 4089 Οὐδὲνκοινὸν
832 4033 900 4087 δι’
922 4033 1112 4102 αὐτοῦ,
1140 4052 1159 4086 ι
1194 4035 1479 4088 τουτέστιν
1494 4034 1811 4108 ἀκάθαρτον

220 4125 296 4194 τῇ
321 4122 506 4192 φύσει.
537 4143 556 4177 ι
596 4124 678 4178 Δι’
695 4125 884 4195 αὐτοῦ,
926 4143 946 4177 ι
979 4125 1256 4192 τουτέστι,
1283 4125 1378 4180 τοῦ
1405 4125 1682 4182 Θεοῦ.Διά
1713 4127 1814 4198 τὴν

221 4215 351 4280 νῦν,
381 4215 542 4286 φησὶ,
593 4216 841 4275 δοθεῖσαν
890 4219 1052 4290 χάριν
1077 4217 1212 4292 παρ’
1237 4217 1428 4286 αὐτοῦ,
1461 4219 1620 4274 οῦδὲν
1650 4220 1812 4291 φύσει

223 4308 434 4376 κοινὸν,
477 4309 594 4363 ἀλλ’
637 4310 746 4366 ἀπὸ
795 4311 892 4378 τῆς
941 4312 1319 4384 προαιρέσεως
1377 4311 1474 4366 τοῦ
1539 4313 1817 4383 μετιόντος

225 4403 444 4472 γίνεται
501 4405 701 4459 κοινόν.
754 4403 920 4460 Ὅθεν
979 4403 1077 4458 καὶ
1129 4403 1327 4476 ἐκείνῳ
1396 4405 1546 4477 μόνῳ
1599 4404 1817 4474 γίνεται

230 4496 440 4564 κοινὸν,
462 4497 585 4568 οὐχὶ
611 4497 669 4550 δὲ
697 4497 795 4551 καὶ
822 4499 1010 4551 πᾶσιν.
1048 4516 1066 4549 ι
1106 4495 1334 4569 Ἑκείνῳ
1355 4496 1487 4568 γὰρ,
1513 4497 1671 4568 φησὶ,
1704 4513 1820 4549 κοι-

1872 627 2193 696 crepatione
2231 627 2383 682 illius
2424 625 2520 697 qui
2553 625 2770 681 sincere
2801 623 3084 681 credebat.
3113 621 3234 679 Uno
3264 623 3452 694 itaque

1873 718 2108 775 consilio
2153 717 2296 774 duos
2339 717 2589 788 corrigit,
2633 729 2693 772 ut
2739 717 2808 772 ab
2839 716 2931 772 his
2971 714 3286 770 abstineant
3333 730 3455 786 quae

1875 811 2129 882 proximo
2156 810 2296 867 ﬁunt
2324 810 2544 868 occasio
2568 811 2834 866 scandali.

1948 1018 2088 1085 XIV,
2121 1017 2309 1075 ll-lS.
2345 1017 2464 1073 Scia
2503 1019 2710 1089 quidem
2748 1025 2796 1070 et
2830 1031 3144 1086 persuasum
3173 1014 3336 1069 habeo
3366 1029 3460 1081 per

1880 1113 2163 1170 Dominum
2211 1111 2414 1176 Iesum,
2447 1111 2579 1165 nihil
2627 1124 2735 1164 esse
2777 1123 3052 1163 commune
3099 1122 3194 1177 per
3232 1108 3406 1177 ipsum
3441 1123 3460 1162 :

1879 1207 1981 1264 nisi
2013 1207 2152 1280 quod
2188 1208 2234 1262 ei
2262 1205 2356 1278 qui
2391 1204 2656 1259 existimat
2681 1202 2886 1274 aliquid
2917 1217 3026 1256 esse
3054 1216 3352 1267 commune,
3379 1199 3462 1255 illi

1879 1316 2152 1356 commune
2197 1308 2292 1355 est.
2332 1298 2521 1354 Verum
2559 1299 2607 1352 si
2655 1305 2871 1368 prapter
2915 1297 3083 1350 cibum
3129 1297 3299 1367 frater
3344 1303 3463 1349 tuus

1880 1395 2245 1457 contristatur,
2268 1394 2390 1463 jam
2417 1408 2521 1446 non
2550 1390 2835 1445 secundum
2859 1390 3172 1444 charitatem
3199 1385 3462 1442 ambulas.

1881 1485 1960 1542 Ne
1993 1486 2103 1540 cibo
2147 1493 2237 1539 tuo
2272 1483 2427 1539 illum
2469 1483 2658 1555 perdas
2689 1499 2786 1554 pro
2825 1497 2926 1554 quo
2956 1479 3198 1537 Christus
3227 1487 3468 1533 mortuus

1883 1587 1978 1634 est.
2008 1578 2085 1634 Ne
2109 1579 2272 1650 igitur
2293 1579 2534 1632 conviciis
2561 1577 2824 1647 afﬁciatur
2848 1575 3039 1629 bonum
3070 1581 3320 1627 vestrum.
3348 1570 3466 1625 Non

1885 1679 1960 1724 est
2002 1671 2141 1724 enim
2181 1686 2401 1740 regnum
2440 1668 2535 1723 Dei
2570 1667 2711 1722 cibus
2744 1675 2795 1720 et
2825 1674 2978 1737 potus
3010 1681 3028 1718 :
3055 1663 3145 1718 sed
3167 1662 3381 1733 justitia
3419 1669 3475 1714 et

1886 1779 1993 1835 paa:
2029 1773 2076 1817 et
2108 1766 2366 1836 gaudium
2404 1767 2456 1818 in
2505 1759 2726 1836 Spiritu
2748 1773 2952 1817 sancto.
2985 1759 3127 1814 Nam
3161 1758 3251 1830 qui
3293 1756 3347 1810 in
3391 1756 3474 1809 his

1815 1884 1858 1938 Β
1885 1859 2042 1911 servit
2066 1855 2292 1921 Christo,
2319 1865 2560 1926 acceptus
2584 1867 2657 1910 est
2688 1855 2791 1908 Deo
2818 1864 2865 1908 et
2884 1853 3136 1926 probatus
3156 1847 3470 1904 hominibus.

1961 2162 2158 2217 Adhuc
2198 2160 2301 2232 ipsi
2339 2160 2406 2214 de
2436 2160 2690 2215 ciborum
2729 2159 3118 2216 observatione
3158 2172 3342 2214 sermo
3369 2167 3479 2214 est.

1891 2254 2030 2323 Quia
2055 2271 2186 2326 ergo
2216 2254 2394 2310 dixit:
2435 2273 2453 2305 ι
2504 2253 2630 2309 Scio
2659 2261 2714 2310 et
2748 2268 3072 2324 persuasum
3118 2251 3297 2307 habeo
3338 2249 3481 2306 nihil

1891 2365 2014 2406 esse
2060 2364 2386 2416 commune;
2428 2367 2447 2401 ι
2495 2364 2566 2404 ne
2609 2348 2758 2404 dicat
2793 2347 2837 2403 is
2879 2346 2972 2418 qui
3007 2345 3190 2402 adhuc
3218 2344 3390 2401 haeret
3423 2344 3481 2398 in

1892 2441 2178 2500 Judaismo
2222 2457 2236 2493 :
2280 2441 2350 2496 Et
2401 2439 2535 2512 quid
2581 2440 2626 2495 si
2673 2448 2732 2495 tu
2774 2455 3072 2510 persuasus
3106 2439 3202 2500 sis.
3229 2453 3355 2494 cum
3393 2438 3482 2492 lex

1903 2534 2243 2592 contrarium
2265 2534 2480 2600 doceat,
2495 2532 2676 2587 addit:
2704 2551 2721 2582 ι
2749 2532 2854 2587 Per
2885 2531 3176 2586 Dominum
3204 2529 3424 2595 Jesum;
3456 2548 3477 2579 ι

1895 2627 2196 2686 ostendens
2242 2627 2393 2698 quod
2435 2625 2506 2680 ab
2554 2625 2677 2695 ipso
2723 2624 2842 2679 haec
2884 2621 3146 2678 didicerit
3191 2629 3248 2676 et
3279 2619 3484 2676 certior

1894 2720 2075 2775 factus
2109 2718 2202 2783 sit,
2233 2725 2288 2772 et
2317 2731 2429 2772 non
2457 2731 2490 2771 a
2516 2715 2700 2786 seipso
2733 2713 2900 2770 dicat.
2929 2735 2948 2764 ι
2993 2711 3143 2768 Nihil
3192 2725 3488 2767 commune

1897 2830 2043 2873 esse.
2089 2835 2109 2868 ι
2150 2813 2292 2870 Ilinc
2323 2826 2519 2868 rursus
2546 2809 2614 2866 ad
2644 2823 2708 2864 ea
2739 2809 2886 2864 redit
2920 2822 3042 2878 qua:
3071 2806 3141 2862 de
3174 2805 3317 2862 cibis
3339 2802 3490 2860 dicta

1899 2914 2030 2963 sunt
2057 2924 2072 2960 :
2104 2914 2160 2961 et
2192 2911 2449 2975 potentes
2479 2902 2534 2956 in
2565 2900 2672 2956 ﬁde
2696 2899 2959 2956 admonet
2997 2904 3058 2954 ut
3089 2894 3324 2952 inﬁrmis
3361 2909 3491 2950 suc-

1900 3006 2146 3058 currant.
2187 2998 2266 3052 Ex
2305 2995 2393 3052 his
2428 2994 2595 3050 etiam
2632 3007 2758 3063 quae
2797 2990 2956 3056 dicit,
2984 2987 3229 3045 ostendit
3279 2987 3488 3042 bonum

1902 3091 2129 3164 quidem
2176 3106 2298 3148 esse
2345 3089 2444 3144 niti
2477 3089 2632 3144 illum
2678 3085 2961 3156 corrigere
3005 3081 3102 3154 qui
3151 3083 3294 3137 inter
3333 3079 3490 3134 cibos

1905 3186 2175 3258 diiudicat
2206 3203 2219 3239 :
2247 3184 2394 3256 quod
2431 3182 2478 3238 si
2507 3182 2601 3237 hic
2627 3179 2833 3251 corrigi
2865 3184 3127 3249 nequeat,
3161 3175 3331 3246 388
3372 3186 3490 3226 me.

1906 3281 2014 3336 lius
2040 3287 2171 3334 tunc
2190 3291 2322 3334 esse
2347 3277 2625 3333 defectuum
2653 3273 2803 3328 hunc
2829 3279 3205 3332 contemnere,
3231 3264 3494 3334 omnique

1907 3375 2072 3431 modo
2101 3373 2258 3429 illum
2302 3369 2679 3426 manuducere
2717 3382 2829 3437 quo
2857 3362 3100 3421 lucriﬁat
3129 3375 3194 3416 ac
3225 3360 3493 3416 salvetur.

1913 3488 1932 3523 ‹
1979 3469 2151 3535 Nihil,
2202 3467 2403 3537 inquit,
2440 3479 2564 3521 esse
2613 3473 2915 3518 commune.
2961 3473 3062 3529 per
3107 3457 3308 3527 ipsum.
3359 3472 3378 3506 ι
3416 3451 3496 3507 Ne

1908 3563 2057 3619 enim
2109 3560 2345 3616 dicant:
2387 3559 2469 3612 Tu
2518 3557 2646 3629 quis
2685 3570 2748 3610 es
2794 3552 2890 3624 qui
2938 3551 3118 3622 legem
3162 3547 3312 3604 feras
3360 3541 3497 3600 Mosi

1909 3653 2280 3713 contrariam?
2310 3651 2478 3707 Mosis
2516 3647 2812 3705 Dominum
2845 3646 2904 3701 in
2940 3641 3185 3700 medium
3216 3637 3497 3710 producit.

1911 3751 2120 3805 docens
2147 3745 2297 3818 quod
2336 3744 2454 3815 ipse
2487 3742 2689 3814 legales
2721 3735 3145 3796 observationes
3173 3747 3391 3790 cessare
3419 3732 3500 3788 ic-

1911 3842 2071 3906 cerit,
2095 3839 2420 3910 nullumque
2439 3835 2686 3894 edulium
2709 3834 2836 3890 duci
2863 3834 3142 3903 impurum
3160 3825 3497 3900 permiserit.

1910 3937 2050 3992 Nam
2099 3935 2206 3989 hoc
2252 3930 2524 4004 signiﬁcat
2560 3947 2579 3980 ι
2628 3930 2734 3984 Per
2785 3927 2991 3997 ipsum,
3033 3943 3054 3978 ι
3102 3923 3158 3979 id
3197 3929 3305 3985 est,
3346 3921 3502 3993 juxta

1910 4031 2090 4100 legem
2125 4023 2521 4096 evangelicam.
2555 4022 2685 4087 Aut,
2715 4018 2862 4075 Nihil
2887 4031 3183 4074 commune
3213 4015 3280 4069 δι’
3309 4013 3499 4078 αὐτοῦ,

1915 4125 2024 4179 hoc
2063 4130 2170 4188 est,
2199 4135 2300 4192 per
2341 4133 2424 4179 se,
2455 4131 2524 4172 ex
2558 4125 2778 4173 natura.
2821 4112 2950 4169 Sive
2981 4111 3049 4167 δι’
3073 4108 3238 4164 αὐτοῦ
3281 4123 3384 4179 per
3419 4107 3505 4176 ip-

1918 4235 2065 4284 sum,
2107 4231 2305 4287 nempe
2356 4213 2700 4270 Deum.'Per
2744 4209 2948 4274 datam,
2995 4207 3198 4278 inquit,
3241 4219 3392 4261 nunc
3434 4203 3504 4259 ab

1918 4315 2040 4385 ipso
2089 4311 2321 4384 gratiam
2369 4307 2509 4364 nihil
2561 4313 2761 4361 natura
2810 4311 3105 4358 commune
3151 4307 3258 4359 est.
3303 4296 3399 4352 sed
3437 4295 3507 4350 ab

1922 4404 2240 4463 accedentis
2266 4403 2547 4458 voluntate
2588 4398 2648 4454 ﬁt
2682 4409 2998 4455 commune.
3027 4391 3184 4449 Unde
3205 4390 3373 4447 etiam
3404 4387 3507 4444 soli

1922 4495 2001 4552 illi
2031 4495 2420 4560 ﬁtcommune,
2441 4508 2550 4547 non
2571 4498 2755 4547 autem
2773 4486 3052 4545 omnibus.
3081 4484 3218 4540 Nam
3241 4481 3346 4537 ait:
3377 4500 3394 4533 ι
3428 4480 3508 4534 Illi

229 4591 350 4645 νόν.
382 4610 402 4642 ι
424 4621 495 4632 -
513 4609 533 4643 ι
561 4590 628 4645 El.
653 4590 712 4644 δὲ
730 4590 820 4644 διὰ
843 4589 1041 4661 βρῶμα
1065 4591 1093 4644 ὁ
1114 4591 1344 4660 ἀδελφός
1374 4607 1470 4644 σου
1489 4590 1764 4646 λυπεῖται.
1796 4611 1798 4642 1

1929 4600 2222 4644 commune
2238 4593 2346 4641 est.
2385 4602 2403 4636 ι
2426 4613 2498 4624 -
2522 4600 2542 4634 ι
2587 4579 2790 4637 Verum
2813 4579 2859 4635 si
2883 4584 3109 4650 propter
3130 4574 3316 4630 cibum
3337 4571 3509 4626 frater

245 4682 542 4746 Ὡνείδιζον
588 4681 697 4752 γὰρ
745 4682 944 4745 αὐτοὺς
967 4683 1020 4735 οἱ
1057 4682 1238 4735 πιστοὶ
1285 4681 1365 4747 ὡς
1421 4681 1818 4747 ’ἰουδαΐζοντας

236 4777 341 4838 ἑτι,
372 4776 468 4828 καὶ
507 4775 594 4829 διὰ
638 4774 798 4828 τοῦτο
845 4773 1379 4846 παρατηρουμένους
1427 4775 1497 4829 τὰ
1526 4773 1818 4846 βρώματα.

238 4870 316 4923 Οὐ
347 4867 598 4940 βούλεται
650 4866 743 4920 οὖν
793 4866 1014 4932 αὐτοὺς,
1049 4868 1108 4918 ὲν
1136 4868 1250 4929 τοῖς
1288 4864 1363 4938 μὴ
1391 4867 1532 4920 πάνυ
1567 4865 1824 4936 μεγάλοις

241 4959 579 5032 πλήττεσθαι
641 4959 910 5030 σφοδρῶς,
953 4957 1288 5030 φοϐούμενος
1327 4958 1402 5030 μή
1427 4973 1547 5023 πως
1578 4957 1824 5027 ὀλιγοθυ-

1924 4690 2055 4738 tuus
2095 4678 2479 4736 contristatur.
2531 4692 2549 4729 ι
2592 4672 2878 4744 Siquidem
2918 4670 3112 4726 ﬁdeles
3139 4667 3357 4722 sincere
3385 4678 3511 4719 cre-

1927 4774 2122 4830 dentes
2165 4769 2578 4840 exprobrabant
2623 4767 2734 4822 illis
2787 4763 2883 4834 qui
2925 4761 3272 4819 Judaismum
3328 4756 3511 4811 adhuc

1927 4865 2326 4937 sequebantur,
2369 4869 2426 4916 et
2476 4861 2549 4914 ita
2595 4858 2753 4913 cibos
2795 4853 3181 4910 observabant.
3223 4849 3344 4905 Non
3395 4848 3514 4901 vult

1927 4969 2062 5026 ergo
2091 4954 2214 5009 illos
2241 4953 2298 5006 in
2334 4952 2420 5006 his
2452 4965 2576 5020 quae
2603 4963 2715 5003 non
2749 4945 2888 5001 adeo
2922 4957 3117 5015 magna
3148 4951 3299 5005 sunt,
3325 4940 3512 5012 gravi-

245 5030 546 5124 μήσαντες,
591 5051 783 5105 τέλεον
833 5051 1115 5105 ἀποστῶσι
1158 5051 1259 5123 τῆς
1319 5049 1578 5114 πίστεως.
1637 5051 1702 5104 Εἰ
1731 5049 1798 5104 οὒ

1931 5054 2017 5099 ter
2059 5041 2287 5112 corripi,
2324 5041 2536 5096 veritus
2577 5053 2648 5094 ne
2691 5035 2832 5093 forte
2877 5034 3080 5105 pusillo
3128 5032 3258 5089 lacti
3304 5030 3513 5092 animo,

241 5121 339 5199 ᾆωίι
372 5144 540 5214 μηδὲν
565 5144 624 5196 ὲν
651 5141 906 5213 βρώμασι
972 5141 1172 5210 κοινὸν,
1216 5121 1370 5211 φησι,
1401 5141 1542 5212 πλὴν
1575 5141 1798 5212 ἀπισχοη

1933 5136 2154 5194 tandem
2187 5150 2214 5188 a
2249 5133 2355 5188 ﬁde
2393 5129 2726 5186 desciscant.
2763 5127 3107 5196 Quanquam,
3141 5123 3339 5194 inquit,
3372 5121 3513 5177 nihil

243 5237 345 5308 τῆς
375 5236 613 5307 σφοδρᾶς
643 5235 960 5306 ὲγκλήσεως
993 5233 1091 5288 τοῦ
1121 5233 1354 5304 ἀδελφοῦ
1381 5251 1478 5288 σου
1513 5249 1529 5266 ⁶
1552 5232 1830 5307 οἰκονομι-

1932 5229 1988 5284 in
2033 5227 2178 5284 cibis
2212 5235 2506 5281 commune
2547 5220 2638 5286 sit,
2673 5218 2892 5275 abstine
2929 5225 3114 5272 tamen
3137 5227 3170 5270 a‘
3195 5211 3512 5270 vehementi

200 5396 204 5398 _
249 5307 365 5394 κῶς
411 5328 712 5398 οἰκονομῶν
755 5327 846 5382 διὰ
902 5326 1002 5399 τὴν
1028 5325 1330 5398 εἰρημένην
1352 5327 1554 5382 αἰτίαν.
1588 5327 1732 5398 Ὅρα
1773 5327 1798 5380 δ

1935 5317 2371 5394 reprehensione
2398 5315 2588 5372 fratris
2611 5315 2713 5379 tui,
2746 5309 3154 5384 dispensatorio
3178 5308 3341 5364 modo
3371 5307 3516 5362 ordi-

249 5422 354 5493 τὴν
408 5419 506 5474 τοῦ
559 5396 716 5488 ἁγίου
751 5396 970 5489 σοφίανέ
1013 5396 1116 5471 Τὸν
1143 5396 1332 5470 τέλεον
1363 5396 1726 5489 πληροφορῶν
1750 5420 1798 5472 ὅτ

1935 5428 2073 5469 nans
2127 5419 2354 5482 propter
2395 5408 2600 5463 dictam
2654 5415 2898 5461 causam.
2945 5403 3082 5459 Vide
3128 5409 3314 5455 autem
3360 5396 3516 5454 Pauli

251 5515 356 5568 οὐκ
411 5513 527 5567 ἐστι
577 5512 780 5579 κοινὸν,
825 5514 922 5566 καὶ
946 5512 1040 5566 τὸν
1065 5511 1411 5579 ὁλιγδπιστον
1431 5511 1696 5575 ὡσαύτως
1723 5511 1802 5566 δει
1825 5541 1833 5552 -

1939 5503 2288 5576 sapientiam.
2313 5499 2554 5559 Omnino
2581 5498 2792 5554 certior
2813 5497 2990 5552 factus
3012 5493 3161 5564 quod
3191 5490 3328 5546 nihil
3363 5503 3518 5542 com-

253 5607 438 5661 κνύων
490 5605 823 5661 ἀσθενοῦντα
855 5607 920 5661 ἐκ
978 5605 1081 5676 τῆς
1126 5607 1570 5677 παρατηρήσεως
1597 5643 1614 5668 ,
1675 5623 1692 5656 ι
1719 5603 1795 5659 Οὐ

1940 5613 2108 5654 mune
2141 5596 2234 5661 sit,
2263 5603 2320 5652 et
2348 5595 2426 5650 ita
2454 5593 2562 5649 ﬁde
2601 5590 2861 5664 pusillum
2901 5601 3024 5643 esse
3061 5581 3360 5639 ostendens
3388 5595 3518 5634 eum

257 5702 361 5769 ἐτι,
390 5705 546 5772 φησὶ,
585 5701 728 5756 κατά
755 5700 976 5772 ἀγάπην
1007 5671 1422 5771 ἰτεριτιτιίτειῖςϊι⁷
1443 5697 1700 5751 Ballista:
1724 5695 1798 5766 τὰ

1941 5691 2034 5763 qui
2075 5707 2142 5746 ex
2180 5689 2431 5746 ciborum
2461 5683 2848 5742 observatione
2878 5677 3272 5734 inﬁrmaretur.
3313 5691 3332 5725 ι
3375 5671 3517 5734 1am,

260 5794 402 5850 εἶναι
448 5796 694 5866 ἀγάπην,
758 5793 913 5858 εἰδὼς
972 5794 1151 5848 πάντα
1180 5793 1249 5846 δι’
1279 5789 1454 5861 αὐτῆς
1493 5790 1636 5844 κατά
1663 5789 1837 5860 μέρος

263 5887 687 5961 κατορθοῦσθαι.
727 5906 744 5941 ι
768 5888 861 5960 Μὴ
893 5887 970 5958 τῷ
1005 5885 1254 5959 βρώματί
1317 5903 1408 5939 σου
1434 5884 1643 5938 δκεῖνον
1668 5883 1840 5938 ἀπόλ-

1945 5787 2147 5858 inquit,
2174 5801 2286 5840 non
2317 5779 2624 5839 secundum
2658 5773 2986 5831 charitatem
3025 5766 3298 5822 ambulas.
3345 5785 3366 5818 ι
3399 5764 3522 5820 Vult

1946 5879 2095 5936 enim
2125 5875 2452 5934 charitatem
2482 5884 2624 5936 esse,
2658 5867 2840 5924 sciens
2870 5861 3054 5920 omnia
3083 5875 3181 5933 per
3205 5858 3351 5916 illam
3387 5870 3523 5929 pau-
