3880 6574
455 413 568 476 599

1519 419 1910 480 (EL'UMENII
1957 423 2624 487 'I‘Rit'ICE'EPlSCOPI
3568 440 3648 501 £00

452 525 608 583 latim
635 525 862 596 corrigi.
903 546 920 579 ι
965 526 1044 583 Ne
1075 527 1198 582 cibo
1240 535 1334 583 luo
1375 528 1528 583 illum
1562 529 1782 600 perdas.
1829 551 1848 584 ι
1880 531 2006 586 Lice

2136 535 2296 590 λυε.»
2351 537 2442 607 Μὴ
2495 537 2684 609 ἐπειδὴ
2739 537 2803 592 σὺ
2856 538 3034 594 πάντα
3076 539 3276 605 ἐσθίεις
3321 545 3495 611 πιστδς
3551 551 3646 622 ὢν,

456 629 539 685 ιιι,
570 633 698 674 cum
730 618 806 673 sis
835 617 1033 683 ﬁdelis,
1051 618 1235 672 omnia
1269 618 1400 674 edas
1444 635 1514 674 ne
1547 620 1698 676 illum
1733 622 2030 678 vehemen-

456 716 540 764 ter
601 708 958 778 increpando,
1004 709 1223 778 penitus
1299 724 1328 763 a
1389 708 1496 765 ﬁde
1553 711 1761 782 ejicias.
1813 713 2028 768 Etenim

450 801 620 856 etiam
651 817 750 872 pro
769 801 863 855 illo
878 801 1131 856 Christus
1161 811 1418 857 mortuus
1447 812 1553 858 est.
1577 804 1878 875 Propterea
1909 805 2029 860 dis-

454 893 770 962 pensatorio
802 895 964 948 modo
996 893 1164 949 debes
1200 895 1276 948 illi
1317 895 1786 952 condescendere.
1817 927 1887 938 —-
1926 899 2024 954 ilic

454 982 649 1040 suadet
693 982 884 1038 ﬁdeles
927 1000 1146 1054 quoque
1175 1000 1205 1040 τι
1242 987 1382 1042 cibis
1412 988 1690 1045 abstinere
1732 999 1792 1045 ut
1827 991 2028 1047 conde-

452 1073 751 1130 scendatur
781 1073 886 1130 tide
917 1075 1153 1144 pusillis,
1187 1078 1331 1147 quod
1361 1079 1525 1134 etiam
1558 1081 1612 1134 in
1644 1097 1904 1152 processu
1944 1083 2028 1138 di-

451 1165 546 1220 cit.
609 1184 625 1214 ι
683 1164 762 1220 Ne
815 1165 983 1236 igitur
1031 1169 1297 1225 conviciis
1348 1171 1618 1228 afﬁciatur
1679 1174 1886 1230 bonum
1933 1192 2028 1231 ve-

451 1266 646 1314 strum.
691 1274 709 1308 ι
755 1257 1082 1313 Accusando
1122 1262 1268 1316 enim
1301 1272 1356 1317 et
1385 1279 1604 1334 semper
1642 1266 2026 1322 contendendo

449 1346 520 1401 ob
557 1347 810 1403 ciborum
869 1349 1310 1408 observationem
1355 1354 1618 1410 adversus
1668 1357 1816 1411 illum
1845 1397 1859 1422 ,
1912 1373 2024 1412 non

449 1439 626 1494 solum
669 1439 858 1495 reddis
903 1456 1029 1496 eum
1069 1443 1410 1512 pervicacem
1450 1445 1589 1501 :scd
1630 1447 1794 1501 etiam
1829 1448 2026 1504 alienis

449 1546 479 1585 a
506 1530 612 1586 ﬁde
646 1531 845 1588 tribuis
874 1535 1242 1602 occasionem,
1278 1546 1336 1590 ut
1370 1538 1528 1592 ﬁdem
1558 1549 1806 1596 nostram
1837 1543 2024 1597 convi-

448 1621 551 1679 ciis
575 1621 811 1678 aﬂiciant
828 1635 1054 1696 propter
1073 1626 1385 1698 hujusmodi
1410 1646 1634 1700 pugnas.
1657 1632 1791 1686 Nam
1817 1632 2021 1687 bonum

446 1722 610 1769 vocat
655 1715 840 1770 ﬁdem.
889 1717 1033 1772 Bene
1077 1718 1299 1787 quidem
1349 1720 1544 1787 doces,
1598 1722 1691 1776 sed
1739 1725 2022 1780 contentio

2133 627 2383 695 ἐγκαλῶν
2419 628 2664 699 σφοδρῶς
2689 628 2905 697 ἐκείνῳ,
2939 629 3185 703 ,ἐκϐάλῃς
3209 634 3366 688 αὑτὸν
3389 637 3551 693 τέλεον
3574 646 3649 712 τῆς

2133 719 2388 782 πίστεως.
2423 720 2532 774 Καὶ
2565 719 2672 792 γάρ
2727 721 2822 774 καί⁸
2860 722 3001 793 ὑπὲρ
3023 722 3184 776 αὑτοῦ
3223 726 3252 778 ὁ
3307 727 3521 798 Χριστὸς
3563 735 3646 788 ἀπ.

2129 809 2343 866 έθανεν.
2377 811 2542 864 Ὅθεν
2599 811 2836 879 ὀφείλεις
2869 814 3226 884 οἰκονομικῶς
3249 820 3652 885 συγκαταϐαίνειν

2131 895 2300 966 αύτῷ.
2323 926 2389 936 ——
2409 894 2608 968 [ΦΩΤ.]
2633 890 2758 950 Ὧδε
2778 897 2834 950 δὲ
2859 897 3220 968 συμϐουλεύει
3237 903 3327 955 καὶ
3342 904 3457 965 τοὺς
3470 910 3652 972 πιστοὺς

2128 985 2432 1056 ἀπέχεσθαι
2481 986 2792 1058 βρωμάτων
2820 1027 2837 1053 ,
2893 989 2983 1043 διὰ
3029 991 3128 1061 τὴν
3183 992 3290 1045 τῶν
3335 993 3650 1062 ὀλιγοπίστων

2130 1075 2559 1144 συγκατάϐασιν,
2614 1077 2752 1148 ὅπερ
2791 1078 2886 1132 καί
2909 1079 3114 1150 προῖὼν
3146 1081 3330 1150 λέγει·
3364 1102 3381 1133 ι
3404 1084 3488 1155 Μὴ
3517 1085 3651 1154 βλασ-

2129 1165 2417 1235 φημείσοω
2471 1161 2566 1221 οῦν
2613 1167 2767 1238 ὑμῶν
2822 1168 2916 1222 τὸν
2961 1170 3186 1238 ἀγαθόν.
3217 1190 3234 1224 ι
3274 1171 3533 1241 Ἐγκαλῶν
3566 1179 3650 1250 γὰρ

2127 1259 2220 1311 καὶ
2267 1259 2355 1312 ἀεὶ
2409 1258 2735 1329 φιλονεικῶν
2777 1261 2917 1332 πρὸς
2973 1262 3137 1316 αὑτὸν
3189 1263 3279 1317 διὰ
3333 1267 3428 1335 τὴν
3463 1265 3650 1338 τήρησιν

2125 1349 2234 1402 τῶν
2281 1349 2589 1422 βρωμάτων
2622 1393 2636 1413 .
2704 1351 2765 1406 ού
2842 1353 3005 1424 μόνον
3059 1355 3220 1410 αὑτὸν
3262 1357 3649 1431 φιλονεικότερον

2125 1443 2321 1506 ποιεῖς,
2371 1442 2506 1496 άλλά
2557 1443 2654 1496 καὶ
2699 1445 2975 1514 πρόφασιν
3003 1445 3160 1508 δίδως
3183 1448 3296 1511 τοῖς
3318 1447 3501 1513 ἐξωθεν
3516 1451 3649 1521 βλασ-

2126 1535 2330 1605 φημεῖν
2385 1533 2546 1603 ἡμῶν
2593 1534 2694 1606 τὴν
2747 1536 2930 1589 πίστιν
2965 1537 3053 1591 διὰ
3089 1538 3190 1603 τὰς
3213 1540 3459 1604 τοιαύτας
3486 1547 3648 1614 μάχας.

2126 1627 2198 1680 Τὸ
2221 1626 2426 1695 ἀγαθὸν
2487 1627 2616 1697 γὰρ,
2669 1621 2782 1680 οἷον
2812 1628 2845 1699 ή
2877 1628 3084 1692 πίστις,
3139 1631 3295 1699 φησί.
3345 1631 3524 1696 Καλῶς
3571 1636 3649 1703 μὲν

2123 1720 2418 1785 διδάσκεις,
2466 1718 2582 1772 ἀλλ’
2613 1721 2646 1790 ἡ
2676 1720 2823 1789 μάχη
2879 1720 3029 1772 αἰτία
3077 1720 3424 1792 βλασφημίας
3451 1726 3645 1792 γίνεται.

447 1805 822 1861 conviciorum
842 1823 1005 1862 causa
1020 1807 1274 1864 eiiicitur.
1307 1828 1325 1863 ι
1361 1812 1439 1866 Ne
1466 1815 1732 1870 conviciis
1754 1815 2014 1870 alliciatur

2122 1839 2192 1850 -
2235 1827 2254 1861 ι
2275 1809 2365 1878 Μὴ
2395 1807 2822 1879 βλασφημείσθω
2841 1805 2935 1862 οῦν
2957 1811 3112 1878 ὑμῶν
3145 1811 3209 1865 τὸ
3237 1811 3449 1879 ἀγαθόν.
3473 1831 3490 1864 ι
3522 1814 3649 1883 Ἀγασ

447 1896 652 1951 bonum
690 1906 956 1954 vestrum.
995 1920 1012 1953 ι
1043 1899 1252 1956 Bonum
1285 1904 1531 1972 quidem,
1562 1905 1728 1976 389
1756 1923 1879 1961 nam
1912 1908 2014 1962 ﬁde

2123 1901 2214 1955 θδν
2237 1901 2336 1971 μὲν
2359 1901 2488 1972 γὰρ,
2516 1900 2578 1954 τὸ
2593 1901 2683 1954 διὰ
2703 1900 2764 1955 τὸ
2800 1903 3028 1971 ἐστηριγ
3038 1904 3201 1974 μένον
3225 1901 3364 1958 εἶναι
3408 1909 3467 1976 τῇ
3495 1881 3645 1961 πίστει

446 1989 830 2046 conﬁrmatum
857 2000 942 2048 est
971 2009 1081 2048 non
1127 1995 1511 2065 dijudicandos
1544 2014 1664 2054 esse
1686 1999 1840 2054 cibos
1873 2018 1885 2054 :
1921 2001 2014 2056 sed

2124 1992 2199 2063 μὴ
2241 1993 2617 2062 διακρίνεσθαι
2666 1994 2724 2046 ὲν
2759 1997 2871 2055 τοῖς
2927 1995 3238 2066 βρώμασιν.
3295 1997 3572 2067 Ἐρίζοντες
3606 1999 3648 2053 δὲ

445 2083 846 2138 contendentes
881 2091 936 2139 et
965 2085 1322 2142 vehementer
1353 2090 1594 2144 rixantes
1624 2090 1887 2146 adversus
1924 2107 2014 2148 cos

2116 2084 2205 2137 καὶ
2222 2084 2741 2153 διαφιλονεικοῦντες
2765 2086 2972 2156 σφόδρα
3007 2087 3145 2155 πρὸς
3185 2089 3312 2151 τοὺς
3339 2088 3645 2161 διακρινομίο

445 2175 539 2244 qui
571 2174 900 2248 dijudicant',
927 2176 1106 2233 facitis
1136 2179 1341 2235 bonum
1379 2190 1622 2237 vestrum
1653 2182 1790 2238 allici
1821 2184 2015 2240 convi-

442 2283 566 2324 cus.

511 2359 595 2414 Illi
643 2377 881 2434 namque
921 2364 1199 2436 redarguti
1253 2366 1661 2436 compelluntur
1719 2366 2009 2423 advorsum

441 2465 541 2507 vos
563 2451 774 2519 dicere,
800 2457 948 2525 quod
973 2457 1079 2512 hoc
1107 2474 1218 2512 non
1246 2473 1313 2512 ex
1348 2459 1452 2513 [ide
1489 2459 1724 2525 faciatis,
1759 2461 1853 2516 sed
1878 2477 2013 2515 ven-

442 2543 545 2599 tris
565 2545 796 2599 curandi
823 2547 1017 2617 gratia.
1050 2548 1242 2618 Itaque
1283 2550 1452 2604 etiam
1485 2552 1530 2605 si
1575 2551 1725 2606 aliud
1773 2551 1909 2606 nihil
1960 2553 2011 2607 in

442 2649 612 2690 causa
654 2643 826 2700 esset,
887 2639 1138 2708 oportuit
1188 2641 1256 2695 ab
1297 2641 1617 2712 hujusmodi
1665 2644 2017 2698 contentione

443 2730 759 2786 abstinere:
795 2732 928 2803 quin
954 2734 1138 2803 potius
1161 2734 1265 2790 hoc
1296 2735 1476 2805 ipsum
1497 2752 1565 2792 ne
1600 2736 1864 2792 conviciis
1900 2736 2014 2791 atii-

377 2821 382 2837 "
442 2822 624 2878 ciatur
656 2823 863 2878 bonum
910 2834 1192 2890 vestrum,
1230 2826 1363 2881 satis
1395 2841 1516 2882 esse
1548 2826 1739 2882 debuit
1786 2835 1846 2882 ut
1885 2843 2012 2898 per-

441 2913 698 2968 suaderet
721 2913 880 2969 vobis
900 2916 1312 2971 contentionem
1343 2917 1649 2973 dissolvere
1692 2919 1746 2974 in
1779 2933 2012 2974 concor-

440 3004 587 3059 diam
620 3014 675 3060 et
699 3021 965 3062 amorem.
994 3007 1185 3078 Neque
1227 3008 1376 3062 enim
1415 3008 1519 3063 hoc
1543 3017 1626 3063 est
1657 3017 2015 3064 contemnere

441 3112 563 3166 qua:
587 3095 714 3152 fidei
749 3106 899 3162 sunt,
925 3097 1021 3154 sed
1056 3098 1352 3164 honorare,
1378 3099 1728 3169 prohibendo
1766 3100 2014 3156 convicia

2115 2195 2258 2244 νους,
2293 2180 2495 2233 ποιεῖτε
2526 2177 2587 2232 τὸ
2623 2178 2827 2246 ἀγαθὸν
2861 2178 3014 2249 ὑμῶν
3068 2179 3515 2252 βλασφημεῖσθαι.

2195 2364 2573 2436 Ἔλεγχὸμενοι
2619 2362 2728 2435 γὰρ
2770 2365 3006 2428 ἐκεῖνοι,
3052 2363 3462 2418 συνελαύνονται
3501 2365 3647 2432 λέγειν

2121 2457 2257 2528 πρὸς
2311 2458 2476 2527 ὑμᾶς,
2504 2456 2580 2520 ὼς
2623 2456 2684 2509 οὐ
2735 2456 2822 2510 διὰ
2872 2456 3056 2509 πίστιν
3103 2454 3264 2508 τοῦτο
3297 2457 3506 2519 ποιεῖτε,
3538 2457 3645 2508 ἀλλὰ

2113 2548 2212 2620 τὴν
2248 2548 2488 2619 γαστέρα
2521 2547 2937 2618 θεραπεύοντες.
2983 2548 3044 2600 Εἰ
3077 2542 3174 2601 οῦν
3218 2547 3312 2601 καὶ
3352 2547 3424 2619 μὴ
3449 2547 3509 2600 δι’
3535 2547 3646 2600 ἄλλο

2113 2655 2166 2692 τι
2200 2638 2368 2710 ἐχρῆν
2426 2637 2526 2706 τῆς
2568 2637 2699 2707 περὶ
2754 2637 2916 2690 τοῦτο
2960 2636 3137 2709 ἔριδος
3181 2636 3522 2707 ἀποσχέσθαι,
3557 2632 3647 2691 ἀλλ’

2115 2727 2208 2786 οῦν
2244 2732 2339 2783 καὶ
2362 2729 2494 2783 αὐτὸ
2527 2730 2685 2784 τοῦτο
2710 2728 2771 2782 τὸ
2801 2728 2875 2800 μὴ
2921 2728 3134 2799 βλασφη
3146 2729 3366 2800 μεῖσθαι
3399 2727 3456 2782 τὸ
3484 2728 3647 2794 ἀγαθὸν

2118 2821 2296 2892 ὑμῶν,
2321 2819 2505 2874 ἱκανόν
2531 2821 2678 2872 ἐστιν
2705 2821 2786 2882 εἰς
2816 2819 2878 2872 τὸ
2912 2822 3097 2874 πεῖσαι
3131 2821 3300 2890 ὑμᾶς,
3330 2819 3422 2890 τὴν
3446 2819 3547 2887 ἔριν
3585 2820 3646 2890 εἰς

2117 2915 2372 2984 ὁμόνοιαν
2407 2914 2502 2968 καὶ
2561 2913 2782 2982 ἀγάπην
2831 2911 3101 2967 διαλῦσαι.
3141 2915 3219 2967 Οὐ
3249 2913 3355 2984 γάρ
3385 2915 3489 2966 ἐστι
3522 2911 3648 2965 τοῦτο

2113 3008 2389 3078 ὐπερορᾷν
2418 3006 2488 3060 τά
2534 3006 2636 3077 τῆς
2685 3007 2943 3073 πίστεως,
2990 3007 3126 3060 ἀλλὰ
3165 3011 3354 3079 τιμᾷν,
3388 3010 3441 3063 ὲν
3470 3005 3537 3077 τῷ
3571 3006 3646 3069 τὰς

2114 3101 2234 3154 κατ’
2279 3099 2450 3169 αὐτῆς
2483 3098 2714 3154 κωλύειν
2751 3099 3118 3170 βλασφημίας.
3155 3101 3316 3164 Εἰκὸς
3351 3100 3403 3153 δὲ
3441 3099 3524 3152 καί
3561 3098 3645 3151 τῶν

439 3187 644 3246 cuibus
691 3188 1024 3245 adiceretur.
1077 3191 1391 3247 Verisimile
1437 3207 1660 3262 quoque
1707 3201 1794 3247 est
1860 3190 2006 3261 quod

2116 3191 2219 3255 ἐξω
2239 3191 2413 3255 τινὰς,
2444 3190 2543 3255 τὰς
2573 3191 2755 3262 ἐριδας
2789 3192 3162 3256 διακούοντας,
3199 3193 3450 3264 ἐπιγελᾷν
3485 3191 3564 3245 καὶ
3589 3190 3641 3242 τὰ

439 3279 860 3337 uonnulliaﬁde
889 3281 1056 3338 alieni
1079 3281 1368 3338 audientes
1387 3284 1793 3346 contentiones,
1843 3281 2007 3337 Chri-

437 3372 748 3428 stianorum
765 3374 1019 3445 dogmata
1054 3375 1289 3430 irrident
1331 3391 1393 3432 ac
1421 3377 1780 3439 subsannant,
1819 3375 2010 3431 convi-

438 3465 650 3536 ciisque
673 3465 937 3521 atDciunt.
979 3467 1060 3522 Ob
1099 3482 1223 3537 quae
1256 3468 1441 3522 omnia
1474 3467 1676 3521 melius
1698 3474 1846 3522 esset
1888 3466 2011 3520 loco

438 3557 840 3626 intempestivae
869 3557 1241 3613 contentionis
1279 3558 1581 3612 concordes
1631 3557 1776 3612 circa
1808 3572 2011 3626 oppor-

439 3658 574 3704 tuna
602 3658 660 3705 et
685 3647 990 3704 conformia
1037 3648 1316 3712 charitati,
1349 3664 1567 3704 omnem
1616 3649 1904 3704 calumniae
1947 3665 2012 3704 ac

438 3741 796 3812 blasphemiae
849 3748 1172 3810 prtetextum
1217 3750 1522 3810 amputare.
1548 3741 1674 3796 Hac
1698 3741 1845 3796 enim
1882 3750 2011 3796 sunt

437 3848 560 3903 quae
575 3833 642 3887 ad
663 3847 890 3903 regnum
913 3833 1180 3888 caelorum
1200 3832 1579 3898 introducunt,
1602 3849 1799 3903 nempe
1822 3850 1923 3904 pax
1953 3833 2008 3889 in

438 3925 570 3990 tide,
599 3925 860 3997 gaudium
908 3924 962 3979 in
993 3924 1203 3996 Spiritu
1234 3937 1448 3992 sancto,
1481 3935 1536 3981 et
1561 3926 1796 3996 justitia.
1842 3945 1859 3975 ι
1890 3926 2006 3980 Non

435 4029 526 4076 est
565 4019 714 4076 enim
768 4033 1000 4090 regnum
1025 4019 1122 4074 Dei
1154 4019 1313 4075 cibus
1357 4028 1414 4076 et
1438 4030 1622 4090 polus.
1658 4039 1675 4072 ι
1734 4019 2009 4076 Cohihere

435 4114 559 4169 vult
595 4112 724 4168 illos
769 4113 840 4168 ab
872 4111 1347 4168 accusationibus.
1383 4111 1668 4182 Siquidem
1697 4126 1794 4181 per
1821 4110 2007 4165 cibum

435 4215 495 4262 et
548 4214 761 4278 potum,
821 4207 1022 4278 inquit,
1061 4221 1288 4276 regnum
1331 4207 1427 4260 Dei
1457 4221 1568 4260 non
1603 4219 1898 4275 possumus
1928 4203 2010 4256 in-

436 4297 614 4368 gredi.
665 4327 736 4340 ——
765 4297 884 4353 Alio
920 4298 1098 4352 modo.
1145 4297 1372 4352 Dicens:
1413 4315 1431 4348 ι
1462 4297 1582 4351 Non
1612 4304 1696 4351 est
1740 4293 1886 4350 enim
1919 4308 2009 4347 re-

437 4404 604 4461 gnum
631 4389 728 4445 Dei
761 4389 918 4444 cibus
960 4398 1017 4445 et
1043 4397 1225 4456 potus,
1266 4407 1284 4438 ι
1317 4387 1563 4444 ostendit
1590 4385 2005 4440 contentionem

437 4482 663 4537 illorum
687 4483 835 4537 circa
859 4482 1014 4536 cibos
1041 4480 1580 4535 vehementissimam
1623 4493 1744 4534 esse
1775 4493 1839 4532 ac
1867 4477 2009 4532 ultra

2111 3281 2220 3335 τῶν
2266 3282 2612 3352 Χριστιανῶν
2660 3282 2942 3353 χλευάζειν
2991 3284 3088 3338 καὶ
3123 3284 3492 3355 βλασφημεῖνο
3520 3283 3576 3336 δι’
3617 3280 3644 3334 ἃ

2115 3373 2290 3428 πάντα
2323 3374 2547 3446 ἄμεινον
2587 3371 2678 3446 ἦν,
2707 3377 2822 3429 άντί
2854 3376 2947 3430 τοῦ
2977 3377 3177 3446 ἐρίζειν
3209 3379 3337 3448 περὶ
3366 3375 3432 3430 τὰ
3459 3376 3524 3446 μὴ
3549 3373 3645 3427 itan

2116 3483 2228 3538 ρια,
2253 3465 2612 3535 ὁμονοοῦντας
2660 3469 2790 3538 περὶ
2826 3469 2894 3522 τά
2928 3469 3117 3538 καίρια
3167 3469 3264 3522 καὶ
3305 3465 3634 3538 συνηρμοσμέ-

2112 3572 2236 3619 νους
2271 3557 2335 3627 τῇ
2396 3555 2608 3626 ἀγάπῃ.
2657 3557 2836 3610 πᾶσαν
2891 3557 3143 3627 διαϐολῆς
3192 3560 3287 3612 καὶ
3330 3554 3630 3628 βλασφημίας

2113 3648 2385 3719 πρόφασιν
2431 3649 2740 3702 ἐκκόπτειν.
2778 3649 2963 3703 Ταῦτα
3006 3652 3113 3723 γάρ
3146 3653 3264 3706 ἐστι
3293 3653 3357 3704 τά
3388 3650 3632 3716 εἰσάγοντα

2112 3742 2191 3804 εἰς
2211 3741 2310 3812 τὴν
2341 3741 2614 3812 βασιλείαν
2655 3741 2763 3795 τῶν
2792 3741 3071 3812 οὐρανῶν·
3102 3746 3136 3814 ἡ
3165 3745 3224 3798 ἐν
3258 3742 3430 3796 πίστει
3453 3741 3630 3810 εἰρήνη.

2110 3836 2143 3904 ἡ
2184 3835 2241 3887 ὲν
2273 3835 2415 3903 ἁγίῳ
2451 3834 2726 3904 Πνεύματι
2755 3834 2924 3904 χαρὰ,
2970 3835 3066 3888 καὶ
3111 3837 3143 3905 ή
3175 3835 3496 3902 δικαιοσύνη.
3531 3849 3547 3879 ι
3572 3830 3628 3883 Οὐ

2111 3926 2222 3997 γάρ
2258 3926 2406 3980 ἐστιν
2453 3929 2486 3997 ἡ
2513 3926 2758 3996 βασιλεία
2800 3927 2893 3979 τοῦ
2925 3927 3059 3981 Θεοῦ
3085 3927 3290 3997 βρῶσις
3321 3928 3407 3980 καὶ
3435 3923 3588 3984 πόσις.
3615 3939 3629 3970 ι

2114 4018 2324 4072 Παῦσαι
2355 4017 2604 4088 βούλεται
2637 4019 2879 4082 ἐκείνους
2913 4019 3020 4072 τῶν
3064 4020 3443 4090 ἐγκλημάτων.
3469 4016 3533 4070 Οὐ
3555 4013 3641 4080 γάρ

2110 4112 2196 4166 διὰ
2214 4110 2465 4181 βρώσεως
2489 4111 2522 4181 ἢ
2551 4112 2778 4175 πόσεως,
2793 4113 2976 4183 φησὶν,
2991 4112 3192 4182 ἔχομεν
3208 4110 3460 4165 εἰσελθεῖν
3474 4108 3544 4170 εἰς
3560 4106 3639 4168 τὴν

2113 4203 2391 4275 βασιλείαν
2443 4203 2538 4257 τοῦ
2603 4203 2761 4259 Θεοῦ.
2813 4233 2884 4244 -—
2918 4203 3171 4268 Ἄλλως.
3235 4201 3427 4276 [ΦΩΤ.Ι
3469 4195 3636 4258 Εἰπὼν,

2117 4313 2136 4346 ι
2173 4295 2246 4350 Ού
2280 4295 2389 4365 γάρ
2442 4295 2590 4348 ἐστιν
2643 4296 2676 4365 ἡ
2713 4293 2960 4364 βασιλεία
3007 4295 3099 4348 τοῦ
3147 4294 3282 4348 Θεοῦ
3332 4292 3519 4364 βρῶσις
3565 4285 3637 4339 καὶ

2113 4387 2291 4448 πόσις.
2331 4405 2348 4439 ι
2385 4385 2626 4440 δείκνυσι
2665 4387 2764 4456 τὴν
2795 4387 2921 4459 περί
2941 4387 3008 4440 τὰ
3043 4386 3310 4456 βρώματα
3338 4383 3502 4438 αὐτῶν
3527 4381 3632 4450 ἔριν.

2117 4479 2481 4549 σφοδροτάτην
2508 4475 2674 4533 οὖσαν
2699 4480 2792 4532 καὶ
2814 4479 2956 4550 πέρα
2984 4479 3077 4532 τοῦ
3119 4479 3339 4550 μέτρου.
3373 4478 3472 4530 Καὶ
3494 4472 3632 4528 civit-

435 4573 663 4638 limites,
689 4582 745 4629 et
767 4573 873 4628 tale
919 4573 1202 4643 quippiam
1235 4571 1510 4658 insinuat:
1558 4569 1614 4625 Si
1649 4585 1875 4639 regnum
1905 4568 2000 4624 Dei

2116 4588 2288 4636 τεταο,
2309 4571 2384 4634 ὡς
2405 4573 2465 4624 Εἰ
2489 4566 2556 4641 ἦν
2573 4571 2605 4639 ἠ
2624 4569 2870 4640 βασιλεία
2887 4569 2981 4624 τοῦ
3000 4570 3133 4623 Θεοῦ
3155 4571 3353 4642 βρῶσις
3373 4568 3460 4621 καὶ
3485 4565 3630 4658 stos-t3

439 4667 601 4723 cibus
633 4681 697 4722 ac
737 4675 905 4736 potus
933 4673 1104 4728 esset,
1153 4680 1262 4718 non
1313 4651 1674 4719 dccertaretis
1703 4661 2003 4717 vehemen-

438 4759 571 4813 tius.
599 4757 779 4812 Simul
805 4757 971 4813 etiam
1006 4753 1371 4811 adhortando.
1406 4752 1460 4808 Si
1508 4768 1606 4823 pro
1634 4752 1722 4807 his
1757 4751 1832 4806 ita
1875 4766 2009 4806 eon-

440 4849 690 4916 tcnditis,
725 4849 858 4918 quid
888 4849 1073 4904 facere
1103 4855 1322 4918 oportet
1350 4863 1451 4916 pro
1468 4846 1682 4917 justitia
1710 4853 1766 4900 et
1791 4860 1924 4915 pace
1954 4853 2010 4900 et

439 4941 640 5014 gaudio
665 4941 720 4996 in
741 4941 946 5012 Spiritu
972 4941 1205 4998 saneto?
1233 4959 1249 4992 ι
1281 4940 1387 4998 Sed
1409 4941 1640 5010 justitia.
1678 4959 1696 4992 ι
1728 4937 1859 5006 Quae
1882 4945 2011 4993 sunt

438 5048 572 5104 ergo
599 5047 723 5102 quae
750 5033 804 5088 in
835 5049 1064 5104 regnum
1091 5034 1186 5089 Dei
1220 5032 1582 5089 introducunt
1604 5031 1880 5104 ?justitia,
1905 5030 2011 5085 hoc

438 5133 546 5191 est,
580 5124 696 5179 vita
745 5125 990 5180 studiosa
1021 5142 1034 5178 :
1069 5143 1170 5196 pax
1197 5142 1324 5197 erga
1359 5126 1607 5190 fratrem,
1643 5134 1702 5180 et
1748 5123 2006 5196 gaudium

440 5231 508 5272 ex
542 5215 860 5273 concordia.
891 5215 1157 5281 Quoniam
1188 5225 1372 5279 autem
1417 5217 1684 5287 contingit
1730 5231 1918 5286 pacem
1954 5223 2011 5270 et

442 5291 703 5381 gaudium
730 5321 855 5362 esse
876 5306 1039 5362 etiam
1061 5307 1117 5362 in
1152 5307 1425 5377 turpious,
1456 5308 1628 5372 addit,
1665 5328 1684 5359 ‹
1719 5309 1777 5364 ιη
1799 5307 2007 5377 Spiritu

443 5409 657 5466 sancto,
695 5418 714 5451 ι
751 5407 1012 5468 tanquam
1033 5397 1242 5454 diceret
1267 5416 1280 5452 :
1311 5397 1462 5454 Hanc
1481 5399 1605 5454 dico
1623 5415 1811 5470 pacem
1834 5399 2011 5454 ethoc

442 5490 702 5564 gaudium
727 5504 850 5560 quae
871 5489 929 5544 in
962 5485 1166 5558 Spiritu
1190 5496 1382 5544 sancto
1409 5488 1743 5554 etliciuntur,
1768 5490 1873 5546 hoc
1901 5497 2007 5554 est,

442 5598 544 5656 per
570 5581 838 5654 Spiritum
879 5587 1130 5636 sanctum
1177 5578 1648 5635 introducuntur:
1700 5599 1718 5631 ι
1750 5581 1885 5636 Nam
1915 5579 2008 5650 qui

442 5677 500 5730 in
525 5674 614 5728 his
662 5674 831 5729 servit
860 5673 1098 5730 Christo.
1144 5692 1163 5726 ι
1225 5671 1351 5728 Hinc
1388 5671 1464 5726 ita
1490 5670 1696 5728 faciens
1751 5681 2010 5742 tanquam

443 5767 662 5824 debitor
689 5774 746 5822 et
769 5767 866 5837 qui
896 5765 964 5821 ad
1002 5764 1056 5822 id
1083 5765 1386 5837 obligatur,
1423 5779 1550 5820 cum
1587 5764 1777 5820 timore
1810 5779 1876 5820 ac
1904 5775 2012 5819 tre-

443 5873 618 5930 more,
649 5860 792 5916 sicut
811 5858 992 5918 ﬁdelis
1022 5858 1122 5917 Dei
1147 5873 1366 5916 servus.
1401 5856 1507 5926 Qui
1531 5857 1684 5916 enim
1714 5859 1770 5916 in
1795 5857 1884 5915 his
1919 5866 2008 5916 tu-

2111 4661 2211 4714 οὗκ
2244 4661 2308 4714 ἂν
2329 4659 2490 4714 πλέον
2518 4659 2930 4730 διηγωνίσασθε·
2953 4661 3070 4730 ἅμα
3093 4659 3150 4712 δὲ
3174 4660 3266 4712 καὶ
3287 4649 3631 4726 ἐντρεπτικῶςν

2113 4753 2196 4805 ὅτι
2244 4753 2305 4806 Εἰ
2355 4752 2498 4822 ὑπὲρ
2522 4752 2727 4805 τούτων
2749 4751 2921 4815 οὕτως
2952 4751 3173 4815 ποιεῖτε,
3207 4751 3257 4802 τί
3289 4749 3391 4822 χρὴ
3416 4743 3632 4816 πράττειν

2112 4844 2249 4914 ὑπὲρ
2273 4841 2616 4912 δικαιοσύνης
2649 4843 2745 4896 καὶ
2773 4844 3018 4914 εἰρήνης,
3049 4843 3143 4896 καὶ
3179 4844 3278 4912 τῆς
3306 4831 3633 4907 πνευματικῆς

2110 4938 2284 5008 χαρᾶς
2302 4953 2317 5003 ;
2365 4953 2385 4986 ί
2424 4933 2590 4990 Ἀλλὰ
2616 4935 2953 5005 δικαιοσύνη.
2986 4954 3003 4986 ι
3038 4933 3176 4988 Ποία
3204 4935 3296 4988 οῦν
3328 4934 3437 4986 ἐστι
3466 4927 3525 4979 τὰ
3549 4924 3634 4976 εἱσ-

2112 5028 2313 5097 άγοντα
2339 5029 2420 5090 εἰς
2461 5026 2560 5096 τὴν
2594 5025 2906 5096 βασιλείαν;
2937 5024 3282 5094 Δικαιοσύνη,
3321 5009 3632 5075 τουτέστιν,ό

2109 5119 2363 5186 ἐνάρετος
2403 5116 2537 5187 βίος,
2573 5117 2606 5188 ἡ
2638 5118 2772 5189 πρὸς
2803 5117 2894 5170 τὸν
2925 5116 3153 5186 ἀδελφὺν
3183 5116 3393 5187 εἰρήνη,
3420 5107 3505 5165 καὶ
3533 5106 3633 5175 ήέκ

2109 5213 2206 5280 τῆς
2233 5211 2484 5276 ὁμονοίας
2522 5210 2694 5282 χαρά.
2740 5210 2962 5280 Ἐπειδὴ
2995 5210 3052 5264 δέ
3085 5210 3165 5263 Evt
3187 5209 3373 5280 εἰρήνη
3406 5205 3491 5256 καὶ
3519 5195 3633 5269 χοιρά

2109 5305 2202 5358 ἐπὶ
2217 5305 2481 5376 αἰσχροῖς,
2496 5303 2818 5374 προστίθησι
2835 5303 2945 5367 τὺ,ι
2968 5304 3058 5357 Ἐν
3079 5302 3354 5372 Πνεύματι
3379 5295 3551 5364 άγίῳ,»
3569 5290 3628 5349 ὡς

2110 5399 2158 5450 εἰ
2190 5393 2309 5449 εἷπε
2331 5413 2346 5428 ’
2375 5394 2593 5464 Ταύτην
2625 5395 2770 5463 λέγω
2813 5396 2914 5465 τὴν
2950 5397 3172 5466 εἰρήνην
3213 5395 3303 5449 καὶ
3341 5389 3516 5462 χαρὰν,
3554 5382 3629 5450 τὴν

2111 5494 2169 5545 ἐν
2194 5489 2474 5560 Πνεύματι
2504 5491 2643 5561 ἁγίῳ
2683 5490 2993 5561 γινομένην,
3008 5491 3274 5553 τουτέστι,
3291 5488 3373 5541 διὰ
3397 5482 3481 5538 τοῦ
3504 5478 3626 5546 ἁγίοις

2112 5582 2430 5654 Πνεύματος
2473 5583 2899 5654 εἰσηγουμένην.
2940 5601 2960 5635 ι
2996 5584 3054 5638 '0
3089 5585 3192 5655 γάρ
3235 5585 3291 5635 ἐν
3322 5577 3514 5637 τούτοις
3536 5571 3626 5623 bou-

2110 5673 2282 5727 λεύων
2309 5671 2385 5742 τῷ
2422 5671 2665 5745 Χριστῷ.
2692 5691 2711 5726 ι
2739 5671 2926 5737 Οῦτως
2953 5673 3207 5743 πράττων
3239 5668 3372 5724 αύτὰ
3391 5666 3459 5726 ὡς
3490 5672 3620 5730 χρεω

2110 5765 2274 5832 στῶν,
2303 5765 2378 5828 ὡς
2407 5765 2712 5836 ὀφειλέτης,
2743 5766 2880 5837 μετὰ
2912 5765 3080 5835 φόϐου
3124 5765 3216 5820 καὶ
3250 5761 3380 5832 μετὰ
3406 5765 3620 5823 συντριρ’

2113 5856 2238 5930 μοῧι
2281 5859 2356 5925 ὡς
2391 5858 2578 5924 πιστὸς
2603 5856 2788 5922 δοῦλος
2829 5855 2992 5914 Θεοῦ.
3025 5877 3042 5912 ι
3082 5858 3137 5912 ⁸0
3174 5856 3277 5928 γὰρ
3313 5847 3622 5922 φυσιούμενοί
