3880 6548
178 407 253 476 601
1181 408 1571 477 COMMENT.
1600 410 1683 473 IN
1709 411 1952 477 EPIST.
1994 413 2093 476 AD
2124 414 2310 478 ROM.

3288 418 3397 483 602

177 528 246 580 καὶ
281 522 738 597 ἀλαζονευόμενος
772 525 832 582 ιν
875 525 1109 592 τούτοις,
1138 523 1265 583 οὕτε
1310 522 1554 579 δουλεύει
1585 521 1732 594 Θεῷ,

1840 528 1992 585 nidus
2024 539 2187 586 estet
2226 546 2512 603 arrogans,
2540 547 2653 587 non
2683 532 2851 604 390
2892 532 3065 588 servit
3107 534 3242 599 Deo,
3293 551 3396 590 ne-

175 615 269 672 ιύιε
289 616 577 687 εὐάρεστος
610 616 778 672 αὐτοῦ
804 619 982 673 ἐστιν.
1012 616 1133 670 Ἔνι
1158 615 1215 669 δὲ
1246 615 1341 670 καὶ
1362 613 1470 669 ἀπὸ
1502 615 1717 669 κενοδο-

178 708 267 774 ξίας
282 707 546 777 ἐγκαλεῖν,
580 709 678 763 καὶ
716 709 778 764 ού
808 708 896 763 διά
930 709 1096 777 φόϐον
1129 708 1162 779 ἦ
1195 708 1418 777 ἀγάπην
1442 706 1600 762 Θεοῦ.
1622 706 1716 761 Διὸ

179 803 353 870 ἐπάγει·
379 820 399 853 ε
428 800 614 872 ὀγὰρ
633 804 691 854 ὲν
728 801 941 864 τούτοις
965 799 1235 855 δουλεύων
1261 798 1342 871 τῷ
1358 797 1604 870 Χριστῷ,
1635 816 1654 849 3
1689 799 1719 851 ὅ

175 895 308 960 ἐστιν,
331 894 387 945 ὲν
403 893 722 966 δικαιοσύνῃ
743 895 838 948 καὶ
861 894 1006 965 χαρᾷ
1028 893 1120 948 καὶ
1139 894 1333 965 εἰρήνῃ
1349 894 1718 962 πνευματικῇ.

176 987 303 1041 «Kal.
323 986 544 1058 δόκιμος
581 990 695 1053 τοῖς
737 987 1070 1058 ἀνθρώποις.
1103 1005 1124 1039 3
1153 985 1247 1058 Μὴ
1284 988 1445 1057 μόνον
1470 984 1550 1050 δὲ,
1585 984 1720 1038 ἀλλὰ

171 1082 248 1133 καὶ
275 1080 318 1132 oi
368 1078 667 1152 avOpwmi,
701 1097 762 1134 σε
802 1079 1176 1150 θαυμάσουσιν
1219 1079 1454 1149 ὁρῶντες
1496 1079 1722 1150 εἰρήνην

174 1165 336 1241 ιγοντα
381 1169 478 1224 καὶ
529 1169 708 1242 χαράν
763 1170 860 1224 καὶ
901 1170 1275 1241 δικαιοσύνην,
1319 1169 1463 1241 παρὸ
1519 1169 1608 1225 διά
1653 1167 1724 1223 τὰ

177 1262 326 1335 χοίρια
360 1262 562 1318 ἐσθίειν
609 1263 942 1334 ἀδιαφόρως.

234 1362 368 1426 Ἄρα
386 1352 501 1413 οὖν
532 1356 606 1412 τά
635 1356 747 1424 τῆς
766 1356 1020 1425 ειρήνης
1047 1355 1359 1425 διώκομεν,
1386 1354 1487 1410 καὶ
1518 1354 1591 1409 τὰ
1614 1353 1725 1423 τῆς

172 1449 455 1522 οἰκοδομῆς
492 1449 604 1518 τῆς
655 1452 743 1515 εις
798 1447 1139 1517 ἀλλήλους.
1184 1449 1283 1517 Μὴ
1327 1448 1539 1504 ἕνεκεν
1568 1447 1726 1515 ,βρώο

166 1562 325 1621 ματος
366 1541 631 1597 κατάλυε
661 1541 729 1596 τὸ
764 1542 948 1610 ἔργον
986 1541 1099 1596 τοῦ
1147 1540 1317 1596 Θεοῦ.
1365 1539 1568 1596 Πάντα
1608 1539 1727 1610 μὲν

169 1635 390 1705 καθαρὰ,
420 1632 584 1690 ἀλλὰ
625 1633 817 1688 κακὸν
861 1630 942 1698 τῷ
980 1631 1271 1701 ἀνθρώπῳ
1296 1631 1379 1698 τῷ
1410 1632 1507 1687 διὰ
1541 1646 1728 1701 προσ-

167 1732 441 1801 κόμματος
475 1727 764 1783 ἐσθίοντι.
796 1725 998 1781 Καλὸν
1046 1728 1116 1779 τὸ
1152 1724 1234 1794 μὴ
1284 1728 1501 1796 φαγεῖν
1555 1727 1723 1794 κρέα,

162 1822 295 1893 [inde
358 1819 522 1876 πιεῖν
568 1815 756 1886 οἶνον,
802 1818 963 1887 μηδὲ
994 1819 1065 1873 ἐν
1104 1811 1153 1886 ᾧ
1200 1821 1234 1873 d
1277 1818 1542 1887 ἁδελφός
1606 1834 1724 1872 σου

164 1912 538 1984 προσκόπτει,
566 1909 606 1978 ἢ
638 1908 1118 1972 σκανδαλίζεται,
1148 1909 1186 1979 ἢ
1212 1908 1479 1965 ἀσθενεῖ.

215 2006 364 2060 Ἐπεὶ
405 2003 501 2059 οὖν
533 2003 708 2057 ταῦτα
749 2003 1186 2074 ἀνωμολόγηται,
1239 2003 1403 2076 φησὶ,
1438 2004 1530 2058 καὶ
1558 2002 1727 2057 δέδει-

165 2116 278 2153 κται
322 2098 404 2152 δτι
457 2096 626 2151 καλὸν
653 2096 688 2168 ἡ
737 2095 954 2168 εἰρήνη,
984 2096 1215 2168 ταύτην,
1250 2098 1405 2168 φησὶ,
1449 2092 1730 2167 μετερχώ·

163 2195 311 2265 μεθα,
341 2194 406 2248 δι’
437 2188 510 2266 ἧς
555 2193 708 2248 ἔσται
750 2194 847 2248 καὶ
898 2195 931 2263 ἠ
988 2194 1204 2248 πάντων
1250 2193 1539 2263 οἰκοδομή.
1586 2210 1606 2244 ι
1636 2190 1730 2262 Μὴ

161 2290 337 2344 ῖνεκεν
369 2286 681 2361 βρώματος.
717 2307 737 2341 3
768 2288 846 2342 Ού
867 2288 1049 2357 μόνον,
1075 2287 1264 2358 φησὶν,
1295 2288 1396 2342 ούκ
1430 2286 1731 2356 οἱκοδομεῖς

157 2381 395 2452 ἐγκαλῶν
451 2382 545 2437 ἀεὶ
582 2381 671 2437 διά
716 2380 788 2436 τὰ
850 2380 1144 2453 βρώματα,
1175 2380 1313 2435 ἀλλὰ
1354 2379 1451 2434 καὶ
1497 2378 1565 2452 ἢν
1620 2378 1731 2450 ἔχει

156 2473 335 2527 πίστιν
353 2470 665 2536 καταλύεις,
703 2471 1174 2543 φιλονεικοτέρους
1201 2470 1397 2533 αὐτοὺς
1422 2469 1612 2532 ποιῶν,
1638 2468 1732 2520 καὶ

157 2564 454 2633 ἀποστῆναι
475 2564 660 2617 τέλεον
685 2562 786 2633 τῆς
806 2562 1050 2628 »πίστεως
1071 2561 1411 2634 παροξύνων,
1436 2581 1454 2613 ι
1480 2559 1555 2614 Τὸ
1571 2560 1731 2631 ἔργον

153 2659 242 2713 τοῦ
266 2657 422 2714 Θεοῦ.
460 2677 480 2710 3
511 2655 855 2730 [OIKOI‘M.]
886 2653 946 2709 Ὀ
967 2654 1122 2721 Θεὸς,
1148 2655 1302 2725 φησὶ,
1326 2654 1415 2707 διὰ
1439 2651 1534 2706 τοῦ
1563 2668 1734 2705 σταυο

158 2752 244 2820 ρού
273 2751 613 2824 ᾠκοδόμησε,
635 2749 699 2804 σὺ
730 2750 788 2804 δὲ
811 2748 911 2820 τὴν
936 2747 1226 2817 οἰκοδομὴν
1252 2745 1416 2801 αύτοῦ
1440 2744 1731 2809 καταλύεις

154 2843 238 2896 διά
272 2842 489 2915 βρῶμα.
529 2842 730 2913 Ἔργον
756 2841 816 2896 δὲ
842 2840 938 2895 τοῦ
961 2840 1100 2895 Θεοῦ
1129 2839 1298 2907 λέγει,
1325 2838 1424 2910 τὴν
1455 2837 1732 2909 σωτηρίαν

153 2934 260 2989 τῶν
308 2933 630 3004 ἀνθρώπων.
666 2950 686 2986 ι
720 2933 909 2988 Πάντα
956 2931 1057 3004 μὲν
1094 2931 1333 3002 καθαρά.
1370 2949 1389 2983 3
1413 2931 1533 2985 ἰνα
1555 2930 1631 3001 μὴ
1663 2931 1730 3002 τῇ

163 3022 333 3094 πολλῇ
348 3023 456 3075 τῶν
470 3022 830 3092 ὑγιαινόντων
847 3020 1140 3093 ἐπιπλήξει
1186 3020 1462 3095 βεϐαιώσῃ
1474 3020 1553 3093 τῷ
1571 3023 1734 3075 ἀσθεο

156 3116 237 3166 νεῖ
250 3113 310 3167 τδ
326 3113 763 3186 παρατηρεῖσθαι
778 3113 1158 3187 τάβρώματα,
1176 3114 1269 3167 καὶ
1284 3115 1365 3178 εἰς
1384 3114 1548 3169 αὑτὸν
1569 3115 1737 3186 χωρεῖ

1816 633 1925 689 que
1960 619 2040 673 illi
2066 629 2329 691 acceptus
2359 631 2463 677 est.
2497 620 2785 694 Contingit
2813 633 2870 679 et
2918 638 2984 679 ex
3038 624 3187 679 inani
3220 625 3397 697 gloria

1820 710 2121 780 corripere,
2173 720 2230 766 et
2285 729 2392 767 non
2424 728 2493 769 ex
2538 713 2737 769 timore
2770 723 2867 770 ant
2910 714 3213 771 dilectione
3260 717 3397 776 Dei:

1820 800 1945 857 ideo
1974 801 2182 857 sublit.
2208 803 2345 859 Nam
2380 804 2475 875 qui
2524 804 2578 859 in
2617 805 2705 861 his
2726 806 2895 860 servit
2921 805 3166 873 Christo,
3200 823 3401 879 nempe

1824 897 1880 950 in
1911 896 2124 967 iustitia
2170 905 2227 952 et
2270 897 2473 968 gaudio
2497 914 2743 969 paceque
2778 899 3078 970 spirituali.
3116 920 3134 952 ι
3167 901 3234 956 Et
3268 919 3401 973 pro-

1821 984 1984 1039 batus
2015 985 2358 1040 hominibus.
2398 1003 2416 1036 3
2457 986 2575 1041 Non
2611 988 2789 1043 solum
2821 996 3007 1043 autem
3035 990 3161 1053 hoc,
3208 1006 3400 1046 verum

1823 1075 2251 1132 admirabuntur
2274 1084 2328 1130 te
2363 1076 2662 1133 homines:
2706 1078 2959 1136 videntes
3010 1083 3158 1151 quod
3210 1097 3402 1151 pacem

1824 1165 2028 1221 habeas
2059 1173 2115 1221 et
2153 1165 2413 1237 gaudium
2447 1182 2511 1223 ac
2535 1169 2810 1239 justitiam
2839 1187 2853 1224 :
2900 1180 3162 1240 praetcrea
3188 1184 3241 1228 ιιι
3272 1189 3406 1245 por-

1823 1258 1978 1313 cinas
2004 1272 2202 1314 carnes
2231 1259 2387 1314 nullo
2422 1259 2749 1316 discrimine
2780 1257 2934 1318 edas.

1896 1352 2036 1416 XIV,
2076 1353 2269 1409 19-21.
2296 1352 2490 1425 Itaque
2520 1370 2638 1425 qua
2685 1357 2828 1425 paris
2871 1365 2995 1411 sunt
3037 1368 3328 1414 sectemur:
3355 1369 3408 1414 et

1825 1461 1943 1516 qua:
1973 1455 2174 1501 mutua:
2214 1447 2356 1500 inter
2407 1462 2502 1501 nos
2524 1448 2924 1515 wdiﬁcationis.
2978 1449 3058 1504 Ne
3090 1451 3189 1504 cibi
3244 1468 3408 1506 causa

1826 1538 2067 1592 destruas
2098 1555 2229 1608 opus
2259 1538 2373 1593 Dei.
2407 1538 2599 1595 Omnia
2631 1541 2845 1611 quidem
2873 1558 3034 1612 pura,
3070 1544 3161 1597 scd
3203 1544 3406 1598 malum

1827 1644 1903 1687 est
1924 1634 2123 1687 homini
2153 1634 2243 1703 qui
2278 1648 2372 1704 per
2400 1628 2779 1705 o/Tendiculum
2813 1636 3062 1689 vescitur.
3093 1635 3303 1690 Bonum
3334 1648 3410 1692 est

1830 1742 1935 1780 non
1967 1726 2119 1779 edere
2147 1743 2357 1792 carnes,
2405 1742 2573 1797 neque
2623 1727 2794 1782 bibere
2824 1729 3026 1792 vinum,
3067 1743 3234 1800 neque
3257 1729 3414 1792 quid-

1832 1821 1977 1889 piam
2005 1819 2180 1885 facere
2214 1821 2268 1873 in
2293 1837 2394 1890 quo
2429 1820 2600 1890 frater
2630 1828 2752 1876 tuus
2779 1821 3029 1893 impingit
3053 1830 3146 1876 aut
3188 1822 3411 1894 offendi-

1832 1921 1920 1967 tur
1950 1921 2042 1967 aut
2067 1911 2401 1983 inﬁrmatur.

1900 2008 2040 2064 Cum
2083 2023 2215 2080 ergo
2246 2009 2363 2064 haec
2408 2009 2463 2064 in
2496 2007 2755 2064 confesso
2791 2008 2921 2075 sint,
2975 2009 3176 2079 inquit,
3230 2010 3413 2080 sitque

1831 2108 2119 2156 ostensum
2140 2100 2340 2155 bonam
2364 2116 2488 2156 esse
2530 2116 2745 2171 pacem,
2774 2101 2828 2154 in
2865 2101 2969 2155 hac
2997 2116 3099 2155 nos
3147 2115 3415 2156 exercea-

1831 2205 1976 2256 mus,
2011 2205 2112 2260 per
2136 2205 2301 2260 quam
2332 2191 2615 2262 continget
2635 2192 2806 2245 etiam
2823 2191 3073 2245 omnium
3099 2191 3414 2247 tediiicatio.

1837 2302 1857 2335 ι
1885 2282 1964 2338 Ne
1985 2282 2095 2337 cibi
2124 2297 2311 2337 causa.
2355 2301 2372 2335 ι
2408 2282 2529 2337 Non
2557 2284 2763 2348 solum,
2802 2282 3003 2354 inquit,
3035 2299 3145 2338 non
3178 2284 3417 2339 aediﬁcas

1832 2376 1962 2432 dum
1986 2386 2210 2447 propter
2249 2375 2404 2432 cibos
2433 2391 2653 2445 semper
2677 2391 2907 2432 accusas
2939 2393 2952 2431 :
2997 2375 3094 2431 sed
3145 2382 3202 2431 et
3254 2375 3415 2430 ﬁdem

1833 2487 1999 2543 quam
2027 2471 2195 2527 habet
2219 2471 2500 2537 dissolvis,
2527 2470 2938 2541 pervicaciores
2973 2470 3123 2540 ipsos
3169 2467 3419 2524 eﬂicieus

1835 2579 1901 2617 ac
1925 2563 2175 2628 irritans,
2196 2562 2375 2618 donec
2403 2566 2623 2633 penitus
2646 2579 2676 2618 a
2711 2562 2817 2618 tlde
2842 2561 3181 2618 desciscant.
3213 2579 3232 2612 ι
3267 2559 3419 2630 Opus

1837 2656 1953 2711 Dei.
1994 2677 2012 2708 3
2046 2657 2212 2720 Deus,
2248 2656 2446 2726 inquit,
2491 2671 2590 2727 per
2616 2655 2931 2727 passionem
2978 2653 3275 2709 :ediiicavit
3306 2669 3321 2718 ;
3360 2663 3414 2707 tu

1833 2766 1968 2805 vero
1989 2748 2164 2820 ipsius
2178 2748 2470 2805 aediﬁcium
2495 2758 2720 2819 propter
2741 2748 2927 2804 cibum
2956 2747 3233 2803 dissulvis.
3266 2746 3421 2817 Opus

1834 2850 2019 2897 autem
2046 2841 2145 2896 Dei
2184 2849 2345 2895 vocat
2370 2841 2659 2895 hominum
2696 2841 2956 2896 salutem.
3010 2858 3028 2891 ι
3066 2839 3263 2893 Omnia
3303 2839 3422 2909 qui-

1834 2930 1959 2986 dem
1992 2945 2151 3002 pura.
2184 2948 2202 2981 3
2249 2929 2329 2985 Ne
2354 2929 2523 2984 multa
2559 2931 2911 2999 correptione
2955 2928 3100 2983 facta
3152 2928 3422 2983 adversus

1834 3039 1931 3080 cos
1967 3024 2061 3095 qui
2094 3039 2289 3079 sanum
2330 3023 2609 3079 habebant
2666 3023 2965 3094 judicium,
2996 3021 3291 3077 conﬁrmet
3339 3021 3423 3074 in-

1837 3121 2055 3174 firmum
2085 3118 2154 3173 ad
2182 3119 2435 3174 ciborum
2456 3116 2930 3183 observationem,
2966 3116 3233 3186 deinceps
3254 3116 3419 3169 etiam

156 3207 357 3261 λοιπόν.
379 3207 563 3261 Πάντα
582 3206 679 3277 μὲν
697 3207 933 3277 καθαρὰ,
957 3207 1145 3278 φησὶν,
1165 3206 1299 3259 ἀλλά
1314 3207 1483 3260 κακὸν
1494 3203 1575 3276 τῷ
1599 3205 1732 3276 μετά

1840 3212 1908 3267 ad
1948 3211 2105 3267 illum
2136 3211 2305 3267 vertit
2353 3224 2689 3265 sermonem.
2730 3209 2927 3264 Omnia
2988 3208 3213 3280 quidem
3260 3223 3422 3277 pura,

161 3298 452 3363 συνειδότος
486 3297 731 3369 πονηροῦ
757 3298 1014 3355 ἐσθίοντι.
1035 3318 1054 3351 ι
1079 3298 1171 3369 Τῷ
1194 3299 1280 3352 διὰ
1306 3297 1733 3370 προσκόμματος

164 3390 413 3447 ἐσθίοντι.
447 3410 469 3444 3
522 3392 636 3446 Kal.
666 3393 776 3462 γὰρ
818 3394 870 3445 εί
899 3391 1266 3460 ἀναγκασθεὶς
1296 3392 1499 3464 φάγῃς,
1546 3392 1733 3462 φησὶν,

161 3482 311 3537 οὐδὲν
339 3484 624 3555 ὠφέλησας
648 3498 665 3516 ⁸
706 3485 848 3557 μετὰ
896 3483 1008 3557 γὰρ
1050 3485 1378 3557 διακρίσεως
1423 3484 1733 3557 βέϐρωκας.

168 3576 239 3628 ού
267 3578 373 3649 γὰρ
411 3577 474 3631 τδ
503 3580 702 3646 φαγεῖν
734 3579 881 3631 ποιεῖ
909 3594 969 3632 σε
1021 3577 1284 3649 καθαρὸν,
1313 3576 1431 3631 ἀλλ’
1458 3578 1492 3649 ή
1521 3577 1738 3648 καθαρά

171 3666 352 3741 γνώμη
381 3671 497 3740 μεθ’
527 3667 592 3744 ἧς
615 3671 837 3732 ἐσθίεις.
869 3690 889 3724 ι
910 3670 1088 3726 Καλὸν
1109 3672 1171 3724 τὸ
1196 3672 1273 3743 μὴ
1298 3673 1493 3742 φαγεῖν
1524 3670 1684 3742 κρέα.
1715 3689 1732 3721 3

184 3761 436 3818 Ἐνταῦθα
475 3765 536 3817 ού
574 3763 735 3834 μόνον
778 3762 860 3835 τῷ
906 3762 1084 3834 πιστῷ
1113 3765 1371 3833 παραινεί
1416 3761 1491 3833 μὴ
1531 3760 1738 3831 σφόδρα

175 3858 536 3914 καθάπτεσθαι
583 3857 682 3913 τοῦ
716 3857 1097 3924 ἀσθενοῦντος,
1148 3858 1287 3912 ἀλλὰ
1317 3858 1413 3912 καὶ
1463 3873 1740 3925 συγκατα-

177 3947 321 4017 6ἦναι
350 3949 518 4020 αὐτῷ,
550 3950 646 4005 καὶ
677 3950 753 4022 μὴ
781 3953 976 4020 φαγεῖν
1018 3950 1178 4020 κρέα,
1219 3948 1354 4021 μηδὲ
1382 3950 1526 4003 πιεῖν
1552 3942 1700 4001 οἶνον
1721 3962 1734 3975 ·

178 4037 287 4092 Κᾶν
310 4039 432 4095 ἄλλο
459 4058 514 4095 τι
532 4040 669 4107 δέοι,
708 4041 1055 4114 παραίτησαι
1093 4040 1185 4095 διὰ
1206 4039 1308 4111 τὴν
1342 4038 1621 4109 σωτηρίαν
1644 4034 1739 4091 τοῦ

178 4130 392 4200 ἀδελφοῦ
440 4151 556 4189 σου.
621 4134 903 4203 Μεγίστην
954 4133 1064 4205 γάρ
1116 4133 1232 4205 ἔχει
1281 4131 1740 4200 συγκα-ιασάσεως

183 4222 416 4295 ἀφορμὴν
457 4227 490 4296 ἠ
529 4225 807 4281 ἀσθένεια.
852 4245 871 4279 ι
909 4225 1062 4297 Μηδὲ
1096 4226 1154 4279 ὲν
1177 4217 1247 4292 -ᾧ
1280 4224 1309 4277 ό
1366 4221 1591 4292 ἀδελφός
1644 4237 1739 4276 σου

180 4316 515 4385 προσκόπτει.
538 4337 557 4371 3
583 4319 726 4389 Ὅρα
748 4318 866 4382 πῶς
890 4320 948 4372 ὲν
976 4318 1055 4389 τῷ
1085 4317 1220 4389 πρὸς
1246 4316 1337 4371 τὸν
1369 4314 1738 4385 πιστδνξλόγῳ,

105 4403 110 4407 ’
180 4404 277 4459 τῶν
320 4407 675 4478 ὀλιγοπίστων
715 4410 1079 4474 καθάπτεται,
1122 4411 1181 4462 ὲν
1237 4401 1393 4477 ᾧτινι
1454 4406 1742 4477 πράγματι

181 4498 516 4565 προσκόπτει,
551 4500 693 4571 ὅπερ
720 4498 834 4553 τῶν
869 4496 1257 4568 τυφλουμένων
1299 4497 1453 4551 ἴδιον.
1502 4495 1742 4548 Σκανδα-

1838 3302 2041 3374 inquit,
2077 3301 2175 3359 sed
2203 3302 2407 3356 malum
2441 3310 2528 3356 est
2562 3301 2774 3355 homini
2794 3301 2890 3371 qui
2923 3316 3051 3356 cum
3078 3299 3423 3355 conscientia

1839 3395 1969 3451 mali
1992 3394 2265 3450 vescitur.
2324 3411 2342 3445 ε
2375 3392 2479 3460 Qui
2508 3407 2610 3463 per
2638 3392 3037 3448 oliendiculum
3094 3391 3361 3447 vescitur.
3396 3408 3417 3441 3

1836 3487 2055 3544 Etenim
2095 3487 2141 3543 si
2186 3495 2413 3542 coactus
2440 3484 2593 3551 edas,
2642 3485 2782 3539 nihil
2823 3485 2931 3540 hoc
2976 3484 3076 3539 tibi
3111 3482 3420 3554 profuerit:

1839 3581 1968 3652 quia
1999 3595 2125 3635 cum
2169 3579 2571 3650 dijudicatione
2603 3578 2789 3633 edisti.
2824 3579 3014 3649 Neque
3039 3579 3186 3634 enim
3237 3576 3420 3647 ipsum

1837 3673 2004 3731 edere
2054 3672 2222 3729 elIicit
2273 3679 2324 3727 te
2367 3686 2592 3743 purum,
2646 3669 2741 3726 sed
2774 3685 2913 3741 pura
2946 3685 3107 3724 mens
3147 3683 3256 3738 qua
3281 3666 3424 3722 edis.

1847 3787 1866 3820 ε
1901 3768 2114 3822 Bonum
2144 3773 2231 3820 est
2287 3779 2401 3819 non
2430 3763 2599 3819 edere
2649 3778 2865 3818 carnes.
2903 3780 2922 3815 3
2963 3762 3065 3816 Hic
3100 3776 3210 3816 non
3245 3760 3424 3814 solum

1839 3860 2104 3915 admonet
2153 3857 2371 3912 ﬁdelem
2427 3872 2499 3911 ne
2550 3856 2793 3926 graviter
2833 3854 3072 3909 lacessat
3117 3851 3423 3908 inﬁrmum.

1838 3966 2034 4007 verum
2064 3950 2229 4005 etiam
2254 3956 2312 4003 ut
2338 3947 2407 4001 ad
2439 3948 2623 4017 ipsum
2660 3961 2782 4002 sese
2814 3947 3103 4002 demittat:
3137 3954 3193 3999 et
3229 3958 3427 3999 carnes

1836 4059 1950 4100 non
1988 4042 2138 4108 edat,
2186 4055 2290 4096 nec
2323 4041 2516 4095 vinum
2574 4039 2755 4102 bibat,
2796 4048 2853 4094 et
2880 4038 2925 4093 si
2959 4038 3093 4108 quid
3126 4036 3276 4092 aliud
3327 4035 3427 4090 ob-

1841 4150 2062 4194 servare
2081 4140 2340 4204 oporteat
2365 4132 2439 4188 ob
2466 4131 2658 4186 fratris
2679 4131 2937 4186 salutem.
2968 4130 3103 4185 Nam
3133 4130 3425 4184 maximam

1842 4230 2014 4286 habet
2088 4224 2584 4284 condescensionis
2674 4223 3025 4279 occasionem
3108 4219 3424 4276 inﬁrmitas.

1851 4340 1870 4375 ι
1908 4321 2101 4391 Neque
2140 4317 2426 4389 quippiam
2463 4315 2645 4370 facere
2690 4315 2746 4369 in
2800 4328 2911 4383 quo
2942 4312 3115 4367 frater
3160 4320 3289 4365 tuus
3321 4309 3427 4363 im-

1846 4412 2041 4484 pingit.
2080 4430 2098 4463 3
2141 4408 2276 4466 Vide
2315 4406 2594 4478 quomodo
2627 4407 2682 4460 in
2705 4420 2963 4461 sermone
2994 4403 3120 4458 Ιίᾶεί
3144 4417 3242 4458 eos
3281 4416 3428 4455 mor-

1846 4505 1974 4560 deat
1994 4503 2088 4574 qui
2113 4501 2221 4557 ﬁde
2249 4499 2439 4570 pusilli
2457 4507 2607 4554 sunt.
2633 4498 2694 4553 ln
2716 4497 2915 4567 quavis
2936 4512 2997 4552 re
3024 4495 3151 4550 talis
3169 4493 3427 4564 impingit

182 4585 368 4652 λιζεται
415 4591 495 4657 δὲ,
550 4592 690 4664 ὅπερ
750 4590 1248 4646 εύσκανδαλίστων.
1297 4587 1564 4653 Ἀσθενεῖ,
1596 4588 1732 4658 ὅπερ

1840 4598 1985 4671 quod
2000 4611 2270 4653 caecorum
2294 4594 2577 4664 proprium
2600 4600 2707 4657 est;
2724 4590 2883 4662 391
2907 4589 3423 4653 oil‘enditurautem,

184 4678 535 4749 όλιγοπίστων.

241 4959 316 5015 Σὺ
338 4961 550 5017 πίστιν
581 4959 764 5030 ἔχεις,
793 4959 945 5015 κατὰ
975 4957 1239 5013 σεαυτὸν
1273 4957 1397 5029 ἔχε.
1435 4957 1737 5026 Μακάριος

186 5053 213 5104 ό
237 5051 308 5121 μὴ
343 5054 567 5122 κρίνων
589 5051 812 5107 ἑαυτὸν
853 5051 924 5106 ἐν
969 5045 1018 5120 ᾧ
1053 5048 1369 5121 δοκιμάζει.
1417 5049 1479 5105 Ὀ
1510 5049 1580 5103 δέ
1612 5048 1737 5103 δια-

189 5152 531 5215 κρινόμενος,
566 5145 677 5199 car
697 5144 884 5215 φάγῃ,
921 5145 1360 5213 κατακέκριται,
1405 5143 1497 5198 ὅτι
1529 5145 1642 5198 οὐκ
1670 5143 1739 5196 ἐκ

188 5237 433 5308 πίστεως.
457 5240 590 5295 Πᾶν
611 5237 681 5293 δὲ
711 5237 743 5293 δ
767 5240 879 5295 οὐκ
911 5238 980 5293 ἐκ
1010 5238 1289 5304 πίστεως,
1306 5237 1561 5306 ἁμαρτία
1582 5234 1737 5292 ἐστι.

244 5428 421 5485 Πίστιν
442 5426 701 5493 ενταῦθα,
724 5427 826 5495 τὴν
861 5426 992 5496 περὶ
1022 5424 1132 5479 τῶν
1165 5424 1547 5496 προκειμένων
1569 5423 1740 5492 λέγει,

190 5514 281 5574 οἷον
300 5519 607 5595 βρωμάτων
632 5532 647 5549 ·
682 5519 761 5584 ὼς
791 5519 896 5591 ἦγε
935 5518 1066 5588 περὶ
1093 5515 1406 5588 δογμάτων,
1444 5517 1505 5570 ὲν
1532 5514 1612 5586 τῷ
1639 5532 1745 5584 φα-

189 5612 308 5683 νερῷ
344 5612 731 5685 ὁμολογεῖσθαι
773 5614 942 5668 πᾶσιν
975 5611 1204 5682 ὀφείλει.
1244 5629 1264 5663 ι
1301 5611 1418 5672 Πᾶς
1464 5608 1566 5680 μὲν
1608 5608 1741 5677 γὰρ,

191 5708 347 5776 φησὶν,
393 5707 546 5770 δστις
573 5705 889 5778 ὁμολογήσῃ
919 5706 979 5757 ὲν
1011 5704 1138 5775 ἐμοὶ
1182 5701 1464 5775 ἔμπροσθε
1493 5699 1601 5754 τῶν
1648 5702 1748 5754 άν-

191 5795 415 5867 θρώπων,
445 5818 466 5852 3
504 5800 601 5854 καὶ
648 5797 799 5870 ἀξῆς.
835 5795 1106 5853 Ἐνταῦθα
1156 5796 1212 5850 δὲ
1239 5835 1254 5862 ,
1306 5796 1402 5849 καὶ
1447 5792 1744 5863 κενοδοξεῖν

278 5914 318 5949 ³⁸
348 5913 538 5973 Matth.
558 5930 611 5985 ι,
635 5914 724 5975 32.

1844 4691 1992 4764 quod
2038 4705 2230 4747 eorum
2267 4686 2556 4759 proprium
2620 4694 2704 4741 est
2731 4686 2825 4758 qui
2859 4683 3017 4740 facile
3063 4680 3427 4737 otl‘ensionem

1839 4786 2146 4855 patiuntur.
2163 4778 2482 4836 Infirmatur
2499 4793 2665 4834 vero:
2690 4775 2838 4848 quod
2875 4773 3235 4829 imbecillium
3263 4782 3347 4829 est
3370 4783 3427 4829 et

1841 4876 1950 4933 ﬁde
1973 4875 2297 4947 pusillorum

1914 4968 2055 5033 XIV,
2082 4966 2268 5023 9.2-9.3.
2326 4965 2402 5021 Tu
2449 4964 2613 5034 ﬁdem
2658 4964 2860 5020 habes:
2914 4963 3057 5034 apud
3094 4960 3425 5030 temetipsum

1838 5061 1972 5117 habe
2002 5075 2183 5113 coram
2217 5056 2345 5111 Deo.
2378 5056 2574 5111 Beatus
2598 5058 2687 5128 qui
2718 5073 2823 5110 non
2847 5055 3059 5127 judicat
3088 5055 3425 5124 semetipsum

1836 5155 1893 5209 in
1939 5168 2000 5207 eo
2033 5150 2174 5222 quod
2216 5148 2423 5220 probat.
2480 5147 2585 5215 Qui
2627 5165 2751 5204 vero
2803 5148 3084 5215 diiudicat,
3137 5148 3183 5201 si
3234 5146 3423 5207 ederit,

1840 5242 2222 5297 condemnatus
2242 5245 2340 5303 est,
2376 5238 2502 5308 quia
2532 5254 2637 5291 non
2670 5251 2735 5291 ea:
2763 5238 2867 5306 ﬁde
2901 5238 3035 5292 edit.
3066 5235 3237 5291 Porro
3271 5234 3428 5306 quid-

1841 5333 1968 5404 quid
1996 5348 2100 5385 non
2129 5345 2192 5384 ea:
2219 5327 2324 5397 ﬁde
2345 5336 2441 5392 est,
2471 5334 2739 5397 peccatum
2767 5337 2867 5383 est.

1917 5423 2106 5481 Fidem
2128 5421 2222 5477 hic
2245 5420 2382 5476 dicit
2404 5419 2472 5475 de
2495 5419 2583 5475 his
2604 5434 2727 5490 qua:
2750 5418 3035 5490 prmmissa
3057 5427 3211 5481 sunt,
3226 5426 3426 5485 nempe

1845 5519 1915 5574 de
1940 5516 2109 5573 cibis:
2141 5512 2591 5586 quandoquidem
2619 5527 2741 5568 eam
2767 5527 2890 5583 qua:
2919 5512 2989 5568 de
3012 5510 3287 5581 dogmatis
3315 5518 3424 5572 est,

1843 5609 2012 5665 debet
2068 5607 2306 5678 quisque
2382 5619 2570 5660 coram
2628 5604 2894 5659 omnibus
2958 5601 3229 5673 profiteri.
3287 5600 3425 5655 Nam

1850 5720 1870 5755 ι
1905 5700 2119 5766 Omnis,
2147 5697 2352 5770 inquit,
2377 5696 2471 5769 qui
2501 5695 2792 5752 confessus
2828 5695 3000 5751 fuerit
3032 5695 3086 5749 in
3119 5709 3207 5749 me
3237 5707 3424 5748 coram

1841 5794 2163 5852 hominibus
2186 5792 2292 5863 ",3
2322 5801 2381 5849 et
2407 5797 2631 5848 cietera.
2669 5789 2767 5846 ilic
2805 5797 2990 5845 autem
3022 5787 3271 5844 insinuat
3293 5800 3425 5844 eum
