3880 6592
468 429 576 494 603
1539 425 1940 486 cacus-mnu
1976 387 2266 484 mices
2305 425 2652 486 EPISCOPI
3601 428 3694 488 eo;

469 557 691 615 quoque
734 540 971 596 inaniter
1011 537 1231 610 gloriari
1268 536 1364 606 qui
1416 535 1696 606 perfectus
1721 541 1860 588 erat.
1911 535 2041 588 Per-

2173 533 2439 589 μίνίττεται
2479 535 2570 589 τὸν
2602 535 2830 592 τέλειον.
2860 535 3080 598 Τέλειος
3117 530 3189 601 εἷ,
3230 536 3390 606 φησὶ,
3423 535 3515 590 καὶ
3549 538 3704 613 ἁπηρ-

468 637 671 698 tectus,
719 633 1018 702 inquit,-...es
1049 639 1105 686 et
1149 627 1397 684 numeris
1449 628 1706 682 omnibus
1754 627 2042 697 espletus?

2173 627 2436 696 ισμένοςς
2469 629 2522 681 τί
2557 629 2863 697 πομπεύεις
2886 628 2985 700 την
3006 629 3243 700 ἀρετήν;
3271 629 3434 683 Ἴστω
3456 631 3483 682 ὁ
3510 629 3629 694 Θεὸς
3651 634 3703 685 τὸ

468 725 606 795 quid
639 724 899 779 virtutem
928 723 1210 777 ostentas?
1242 719 1461 776 noverit
1505 718 1652 773 Deus
1681 735 1818 773 rem.
1858 737 1876 769 ι
1907 718 2042 773 Bea-

2173 718 2403 788 ιρᾶγμα.
2457 737 2475 770 ι
2510 719 2798 790 Μακάριος
2833 720 2971 784 ἐστι,
3011 719 3168 788 φησι,
3199 722 3229 774 δ
3278 720 3353 790 μὴ
3385 721 3704 791 κατακρίνων

472 827 562 872 tus
584 825 668 872 est
713 815 806 885 qui
859 829 967 870 non
1000 813 1214 886 judicat
1253 813 1498 882 seipsum
1547 812 1603 866 in
1635 825 1703 865 eo
1725 809 1874 880 quod
1913 825 2042 879 pro—

471 909 586 963 bat.
626 927 644 959 ι
685 907 800 962 Hoc
837 916 942 970 est,
984 906 1040 960 in
1065 922 1131 961 eo
1167 905 1316 975 quod
1367 902 1689 974 probaverit
1726 911 1909 956 utrum
1939 901 2046 955 hoc

472 999 637 1054 modo
668 1015 738 1053 an
781 1000 875 1053 illo
919 999 993 1053 sit
1036 997 1356 1069 agendum:
1408 1005 1542 1066 puta
1595 1004 1780 1050 utrum
1829 993 1934 1047 hoc
1973 992 2047 1047 sit

470 1091 746 1147 edendum
795 1106 977 1146 annon
1002 1091 1076 1146 sit
1102 1090 1402 1144 edendum.
1427 1087 1714 1154 Quomodo
1735 1095 1917 1140 autem
1942 1084 2048 1140 hoc

470 1185 615 1239 erit?
662 1186 742 1239 Ex
801 1184 1147 1241 conscientia
1207 1198 1365 1252 pura.
1429 1181 1535 1237 Ubi
1576 1179 1727 1234 enim
1776 1177 2042 1233 dixisset:

479 1295 498 1328 ι
535 1275 692 1346 Apud
749 1278 1098 1346 temetipsum
1145 1274 1287 1330 habe
1337 1272 1523 1338 ﬁdem,
1561 1291 1581 1325 ι
1633 1269 1761 1326 ait:
1817 1267 2045 1324 Etiamsi

475 1382 670 1423 omnes
705 1376 757 1422 te
808 1376 1074 1422 accusent
1105 1363 1526 1436 dispensatorie.
1563 1361 1851 1433 quidpiam
1883 1375 2049 1430 agen-

481 1469 611 1525 tem,
667 1470 761 1514 aut
814 1467 1041 1530 propter
1081 1458 1319 1514 salutem
1349 1456 1541 1510 fratris
1596 1455 1699 1517 tui,
1751 1451 1916 1507 modo
1957 1459 2050 1504 tua

475 1552 815 1606 conscientia
848 1568 956 1606 non
984 1558 1208 1606 accuset
1237 1558 1312 1614 te,
1340 1549 1534 1604 beatus
1567 1561 1645 1602 es.
1684 1545 1763 1600 Ex
1792 1544 1883 1598 his
1917 1557 2050 1598 sane

477 1642 756 1698 inﬁrmum
781 1644 920 1698 clam
950 1641 1212 1713 percutit.
1241 1641 1378 1696 Nam
1418 1640 1462 1696 si
1493 1654 1561 1694 ex
1603 1635 1944 1694 conscientia
1967 1644 2051 1692 est

479 1733 727 1790 ﬁdelium
769 1749 976 1790 corona
1008 1743 1068 1789 et
1106 1731 1368 1798 felicitas,
1407 1732 1601 1802 utique
1624 1739 1677 1784 et
1710 1728 2050 1785 condemna-

2173 1733 2327 1800 Ξσθιε,
2377 1732 2466 1787 διὰ
2519 1733 2621 1804 τὴν
2684 1733 2952 1805 ἀνάγκην,
3007 1733 3190 1805 φησίν.
3245 1751 3262 1785 ι
3308 1731 3369 1786 '0
3413 1732 3489 1802 μὴ
3535 1731 3714 1803 κρίνων

479 1829 576 1882 tio.
612 1827 692 1883 Ne
739 1842 869 1897 ergo
895 1844 961 1880 ex
986 1826 1384 1898 dijudicatione
1416 1825 1488 1880 ob
1531 1823 1922 1878 necessitatem
1954 1835 2050 1874 ve-

2173 1826 2369 1880 ιαυτόν.
2393 1843 2412 1876 ι
2435 1855 2501 1865 -
2527 1823 2730 1899 [ΦΩΤ.]
2761 1827 3114 1881 Ἀντιπῖπτον
3135 1823 3275 1878 λύει.
3308 1823 3374 1875 Τί
3405 1821 3516 1886 οὖν,
3550 1823 3714 1892 φησιν,

478 1920 684 1984 stiaris,
721 1920 922 1989 inquit.
971 1939 987 1970 ι
1011 1919 1116 1985 Qui
1147 1935 1258 1974 non
1282 1918 1496 1989 judicat
1529 1917 1793 1986 seipsum.
1819 1932 1916 1966 ι-
1945 1912 2056 1968 Ob-

2173 1918 2227 1972 iv
2247 1918 2336 1972 διὰ
2373 1919 2467 1973 τὸν
2495 1919 2696 1989 ἀσθενῆ
2733 1918 2869 1992 μηδὲ
2909 1916 3020 1986 ἐγὼ
3052 1917 3246 1986 (parte;
3281 1916 3359 1970 Οὐ
3394 1914 3716 1986 παραϐάλλο-

473 2009 774 2078 jectionem
797 2009 982 2064 solvit.
1008 2009 1151 2076 Quid
1175 2024 1308 2080 ergo
1328 2009 1477 2066 dicet
1499 2007 1722 2076 aliquis,
1740 2022 1808 2062 an
1828 2014 2054 2077 propter

2173 2029 2269 2082 μαι
2299 2009 2486 2080 αύτῷς
2521 2011 2583 2064 οὒ
2610 2012 2837 2081 γίνομαι
2862 2008 3012 2082 αύτῷ
3041 2012 3263 2081 ὃμοιοςς
3297 2009 3444 2079 Πρὸς
3464 2003 3556 2061 οὖν
3585 2006 3718 2061 τοῦτο

480 2100 756 2154 inlirmum
811 2118 990 2171 neque
1023 2117 1124 2173 ego
1159 2101 1368 2156 edam?
1413 2116 1543 2156 num
1573 2101 1640 2156 ad
1672 2101 1856 2170 ipsum
1890 2113 2053 2154 acce-

2173 2103 2448 2172 μονονουχὶ
2475 2102 2645 2171 λέγει,
2680 2103 2763 2156 ὅτι
2796 2102 2888 2173 Μὴ
2923 2103 3138 2171 γένοιτο
3163 2104 3177 2155 ι
3215 2099 3281 2154 Ἦ
3309 2099 3420 2172 γὰρ
3439 2099 3617 2164 πίστις
3641 2115 3716 2153 σου

479 2187 649 2244 dam?
682 2191 824 2245 Num
861 2191 965 2262 ipsi
995 2191 1198 2248 similis
1239 2192 1446 2248 eiﬁciar
1469 2193 1492 2246 ?
1515 2191 1594 2247 Ad
1623 2192 1730 2247 hoc
1762 2207 1895 2263 ergo
1922 2205 2056 2260 pro-

2173 2192 2396 2248 Ιινώπιον
2451 2193 2545 2258 τοῦ
2601 2194 2738 2248 Θεοῦ
2789 2194 3004 2267 καθαρὰ
3072 2194 3169 2249 καὶ
3217 2193 3513 2263 ἀκίδδηλος
3566 2193 3714 2264 μένει.

479 2282 778 2350 pemodum
811 2283 969 2350 dicit,
1008 2285 1187 2340 Absit.
1220 2286 1357 2341 Nam
1413 2285 1552 2340 ﬁdes
1585 2294 1676 2340 tua
1721 2299 1905 2340 coram
1946 2285 2058 2339 Deo

2173 2283 2319 2352 Εἶτα,
2351 2287 2417 2341 Τί
2444 2289 2502 2342 δὲ
2529 2287 2674 2356 λέγω
2711 2289 2794 2341 ὃτι
2833 2287 2987 2342 οὐδὲν
3019 2287 3393 2358 παραδλάπτῃ
3441 2288 3507 2339 ὲκ
3532 2286 3717 2348 τούτου,

481 2389 616 2441 pura
647 2382 734 2429 est
769 2383 824 2430 et
847 2376 1165 2446 incorrupta
1199 2386 1403 2433 manet.
1435 2377 1666 2440 Deinde,
1724 2377 1858 2447 quid
1909 2376 2055 2442 dico,

2173 2379 2262 2433 καὶ
2288 2381 2371 2432 ὅτι
2412 2381 2445 2448 ὴ
2481 2379 2661 2441 πίστις
2697 2396 2791 2433 σου
2837 2380 2988 2450 μένει
3035 2377 3268 2432 ἐνώπιον
3291 2377 3386 2431 τοῦ
3423 2376 3583 2442 Θεοῦ;
3628 2379 3717 2430 Καὶ

480 2465 678 2535 ihquit,
709 2468 859 2537 quod
902 2470 1040 2524 nihil
1081 2486 1150 2525 ex
1182 2471 1288 2525 hoc
1329 2469 1648 2525 nocumenti
1692 2469 1954 2538 recipias,
1988 2478 2047 2524 et

2173 2472 2527 2543 μακαρισμὸν
2557 2473 2838 2544 προξενείς
2864 2472 3096 2545 σεαυτῷ,
3125 2473 3219 2529 ἐὰν
3244 2473 3331 2528 διά
3357 2473 3456 2543 τὴν
3485 2472 3719 2541 ὠφέλειαν

483 2560 629 2628 quod
658 2559 793 2616 ﬁdes
823 2570 918 2616 tua
966 2572 1189 2617 maneat
1237 2578 1426 2617 coram
1462 2563 1612 2617 Deo?
1643 2563 1812 2617 etiam
1847 2561 2054 2632 purita-

2173 2562 2266 2616 καὶ
2301 2564 2577 2635 σωτηρίαν
2623 2564 2719 2617 τοῦ
2765 2564 3001 2635 ἀδελφοῦ
3040 2564 3102 2618 ού
3152 2563 3391 2636 τρὼγῃς.
3443 2565 3717 2637 Μακάριος,

483 2660 592 2706 tem
627 2652 726 2706 tibi
761 2653 864 2723 ipsi
891 2655 1180 2719 concilias,
1217 2656 1260 2710 si
1298 2663 1526 2726 prepter
1556 2656 1742 2712 fratris
1769 2656 2060 2710 utilitatem

2173 2654 2360 2724 φησὶν,
2411 2655 2439 2707 ὁ
2477 2652 2553 2726 μὴ
2598 2654 2946 2726 κατακρίνων
2998 2653 3192 2708 ἑαυτὸν
3245 2655 3304 2708 ὲν
3357 2647 3401 2722 ᾧ
3441 2652 3717 2722 δοκιμάζει,

483 2759 549 2798 ac
592 2745 828 2800 salutem
878 2762 990 2801 non
1025 2747 1293 2803 vescaris.
1331 2748 1556 2814 Beatus,
1586 2749 1790 2819 inquit,
1825 2748 1920 2819 qui
1953 2763 2063 2802 non

2173 2747 2470 2811 τουτέστιν,
2518 2748 2548 2798 ὁ
2603 2745 2742 2816 ἔχων
2810 2747 2872 2800 τὸ
2928 2745 3168 2809 συνειδὸς
3219 2744 3387 2799 αὐτοῦ
3439 2745 3719 2816 μαρτυροῦν

484 2835 820 2892 condeumat
860 2838 1100 2908 seipsum
1143 2839 1201 2892 in
1239 2855 1308 2894 eo
1352 2840 1501 2909 quod
1533 2841 1747 2910 probat,
1796 2840 1906 2896 hoc
1954 2846 2062 2904 est,

2173 2835 2341 2908 αύτῷ.
2380 2838 2495 2890 Οὐκ
2523 2839 2582 2891 ὲν
2615 2836 2789 2909 τούτῳ
2826 2837 3007 2908 μόνον,
3031 2838 3094 2890 ὲν
3129 2830 3174 2906 ᾧ
3218 2837 3308 2891 διά
3340 2836 3442 2908 τὴν
3477 2836 3718 2905 σωτηρίαν

487 2925 580 2996 qui
632 2928 1030 2984 conscientiam
1071 2945 1229 2984 suam
1282 2930 1450 2986 habet
1508 2931 1616 2987 sibi
1662 2940 2059 2988 attestantem:

2173 2927 2269 2981 τοῦ
2301 2928 2533 2998 ἀδελφοῦ
2577 2929 2843 3000 ἀπέχεται
2879 2929 3206 3000 βρωμάτων,
3245 2929 3382 2982 ἀλλὰ
3417 2930 3512 2982 καὶ
3553 2927 3716 2990 eam;

485 3031 595 3070 non
619 3017 671 3072 in
689 3017 793 3074 hoc
811 3020 988 3075 solum
1009 3022 1156 3090 quod
1179 3031 1404 3092 propter
1420 3023 1853 3091 fratrissalutem
1878 3039 1906 3077 a
1925 3023 2065 3078 cibis

2175 3018 2232 3072 ὲν
2257 3019 2419 3072 παντὶ
2436 3019 2718 3090 πράγματι
2759 3019 2789 3072 ὃ
2821 3019 2886 3073 ἂν
2914 3019 3002 3072 διά
3029 3018 3259 3089 δοκιμῆς
3287 3017 3549 3089 ἀκριϐοῦς
3569 3035 3714 3069 κατα-

486 3108 728 3164 abstinet
786 3129 799 3164 :
876 3113 1236 3168 verumetiam
1288 3114 1344 3169 in
1400 3115 1551 3170 omni
1608 3115 1936 3185 simpliciter
1983 3131 2063 3180 re,

2175 3112 2345 3184 νοήσῃ
2376 3112 2461 3165 ὅτι
2518 3111 2724 3180 ἀγαθόν
2766 3111 2938 3178 ἑστιν,
2969 3111 3420 3183 ἔπειταοπράττῃ
3465 3110 3605 3176 αὐτὸ,
3640 3107 3720 3179 τὴν

486 3215 875 3272 quamcunque
923 3213 1116 3259 exacta
1168 3205 1500 3275 probatione
1559 3205 1915 3276 perpenderit
1962 3205 2063 3259 boa

2180 3203 2488 3273 συνείδησιν
2534 3203 2674 3274 ἔχων
2730 3202 3137 3275 μαρτυροῦσαν.
3182 3204 3472 3274 Μακάριός
3527 3204 3658 3255 ἐστιν
3696 3202 3719 3253 ὁ

503 3253 520 3269 .
588 3253 592 3254 ν
671 3253 871 3272 νκνιη
929 3253 1116 3259 ----ν--
1172 3253 1500 3275 ,ν-ν---η--ν
1560 3253 1914 3276 τν-τν---υ-
1963 3253 2028 3259 --ν

489 3304 614 3342 nam
637 3304 759 3345 esse
788 3309 799 3344 :
820 3291 1020 3348 deinde
1039 3293 1186 3347 illam
1211 3293 1410 3350 fecerit
1431 3296 1829 3351 conscientiam
1853 3295 2064 3351 habens

2188 3253 2478 3273 7"77'1’”
2538 3253 2663 3274 'l\"'
2730 3253 3136 3275 r"‘r"r'"""
3182 3253 3469 3274 """"‘r‘"
3532 3253 3628 3255 ‘7”

2175 3295 2438 3360 τοιοῦτος,
2483 3295 2744 3350 τοσοῦτον
2793 3297 2986 3366 ἀπέχει
3019 3297 3112 3350 τοῦ
3151 3296 3358 3367 βλάϐην
3409 3295 3533 3350 τινά
3565 3295 3719 3348 ἕνεκεν

488 3391 872 3438 attestantem:
899 3385 1024 3440 talis
1040 3387 1234 3442 beatus
1259 3398 1343 3443 est
1364 3407 1379 3455 ;
1399 3389 1562 3459 392
1581 3398 1790 3444 tantum
1817 3391 1975 3444 abest
2006 3398 2065 3444 ut

2174 3385 2362 3441 τούτου
2389 3388 2665 3452 δέξασθαι.
2700 3406 2721 3440 ι
2770 3389 2827 3442 ’0
2855 3388 2913 3442 δὲ
2941 3389 3375 3459 διακρινόμενος.
3407 3409 3426 3442 ι
3455 3388 3614 3442 Τοῦτο
3635 3387 3722 3438 πά-

490 3487 885 3531 nocumentum
931 3479 1150 3550 aliquod
1186 3481 1351 3550 hujus
1386 3482 1558 3552 gratia
1597 3481 1848 3552 recipiat.
1906 3501 1924 3533 ι
1961 3483 2066 3550 Qui

491 3584 624 3623 vero
663 3570 952 3641 dijudicat.
1001 3592 1020 3626 ι
1080 3573 1197 3627 lloc
1231 3589 1455 3628 rursum
1502 3575 1571 3630 ad
1601 3591 1796 3630 sanum
1841 3576 1898 3632 in
1933 3576 2064 3632 ﬁde.

493 3660 606 3715 Cur
652 3665 799 3715 enim
839 3663 996 3717 illum
1038 3666 1192 3735 cogis
1241 3665 1410 3721 edere
1450 3667 1545 3736 (ιιιί
1578 3668 1824 3722 nondum
1861 3669 2067 3724 conﬁr-

495 3762 680 3808 matus
699 3755 828 3809 est?
860 3770 930 3809 an
961 3756 1144 3811 nescis
1169 3756 1318 3826 quod
1344 3756 1390 3810 is
1416 3757 1510 3827 qui
1537 3757 1825 3829 diiudicat,
1856 3761 1903 3816 si
1935 3760 2068 3816 ede-

497 3845 571 3898 rit
609 3845 1012 3900 condemnatus
1036 3854 1122 3902 est
1147 3863 1164 3914 ;
1191 3847 1322 3917 quia
1354 3864 1464 3903 non
1489 3863 1558 3904 ex
1584 3849 1690 3905 ﬁde
1712 3850 1848 3915 edit,
1879 3851 1975 3909 sed
2002 3868 2071 3908 ex

495 3937 826 3992 necessitate
856 3948 951 3993 aut
993 3939 1250 4009 pudore?
1281 3955 1463 4011 neque
1490 3941 1638 3998 enim
1671 3943 1912 3999 credidit
1931 3945 2071 4002 illud

495 4045 696 4099 purum
725 4045 870 4096 esse,
895 4039 952 4086 et
972 4031 1046 4086 ita
1069 4031 1204 4087 edit.
1228 4031 1342 4088 Cur
1361 4033 1468 4104 ipsi
1495 4049 1628 4105 ergo
1649 4035 2070 4093 condemnatio-

497 4124 582 4176 nis
606 4137 772 4179 causa
790 4121 1046 4192 elﬁceris,
1079 4140 1281 4196 cogens
1311 4126 1492 4196 ipsum
1514 4126 1580 4181 ad
1612 4126 1914 4193 edendum,
1943 4145 2070 4185 cum

494 4216 736 4284 patiatur
791 4216 1230 4272 oﬁ‘endiculuma
1266 4218 1479 4275 Deinde
1525 4220 1880 4289 postmodum
1929 4221 2074 4276 afﬁr-

494 4306 696 4362 mando
741 4307 880 4364 dicit
931 4309 1081 4378 quod
1115 4309 1393 4381 quidquid
1421 4310 1621 4366 fecerit
1646 4313 1924 4384 quispiam
1961 4331 2070 4370 non

492 4416 562 4454 cx
587 4399 715 4465 ﬁde,
760 4402 814 4456 in
839 4416 907 4456 eo
936 4413 1151 4472 peccat.

564 4492 705 4556 XVI,
733 4493 929 4548 25-27.
985 4495 1050 4549 Ei
1093 4503 1270 4549 autem
1297 4496 1387 4566 qui
1431 4506 1616 4567 potens
1648 4506 1726 4550 est
1758 4513 1848 4553 vos
1871 4500 2065 4568 conﬁr-

2258 4497 2342 4564 Τῷ
2363 4497 2432 4553 δὲ
2461 4497 2779 4568 δυναμένῳ
2809 4497 2966 4568 ὑμᾶς
2990 4499 3268 4570 στηρίξαι
3285 4499 3439 4554 κατὰ
3471 4501 3535 4555 τὸ
3563 4501 3717 4564 Εὐστ-

495 4602 644 4639 mare
656 4587 820 4656 juxta
847 4585 1194 4657 Euangelium
1220 4603 1395 4642 meum
1409 4599 1456 4642 et
1484 4590 1913 4659 medicationem
1937 4593 2061 4650 Iesu

2187 4591 2391 4660 τέλεόν
2411 4608 2552 4660 μου,
2575 4591 2670 4644 καὶ
2702 4579 2770 4644 τὸ
2801 4590 3075 4661 κήρυγμα
3103 4593 3300 4659 Ἰησοῦ
3327 4592 3577 4662 Χριστοῦ
3602 4589 3719 4644 κατὰ

495 4678 690 4732 Christi
714 4694 732 4732 :
769 4678 1062 4732 secundum
1110 4678 1483 4734 reuelationem
1528 4685 1786 4753 mysterii,
1832 4690 2065 4757 tempori.

2181 4683 2574 4752 ἀποκάλυψιν
2614 4685 2978 4753 μυστηρίου,
3022 4686 3265 4753 χρόνοις
3309 4688 3563 4752 αιωνίοις
3586 4698 3736 4756 ceae;

495 4773 588 4825 bus
652 4774 863 4828 uernis
907 4775 1077 4839 taciti,
1130 4791 1269 4828 nunc
1315 4792 1434 4830 vero
1493 4778 1856 4847 manifestati:
1903 4791 1953 4835 et
1984 4799 2065 4853 pet

2180 4775 2462 4846 γημένου,
2506 4775 2952 4844 φανερωθέντος
2986 4777 3054 4831 δὲ
3091 4780 3209 4832 νῦν
3229 4795 3243 4810 ·
3271 4778 3370 4832 διὰ
3409 4795 3472 4831 τε
3499 4773 3717 4845 Γραφῶν

498 4864 801 4934 Scriptura:
845 4867 1176 4936 praphcticas
1213 4868 1501 4922 secundum
1532 4879 1852 4941 praeceptum
1889 4882 2065 4928 (τίει-ιιι

2180 4865 2582 4936 προφητικῶν,
2609 4867 2734 4920 κατ’
2753 4867 3048 4936 ἐπιταγὴν
3073 4869 3179 4924 τοῦ
3199 4871 3445 4924 αἰωνίου
3473 4869 3626 4933 Θεοῦ,
3653 4869 3714 4928 είς

503 4956 620 5020 Dei,
654 4958 722 5010 ad
755 4958 1106 5014 obedientiam
1139 4959 1287 5029 ﬁdei,
1325 4977 1418 5031 per
1461 4977 1638 5015 omnes
1667 4971 1845 5032 gentes
1881 4967 2065 5035 agniti,

2181 4956 2462 5024 ὑπακοὴν
2487 4963 2768 5022 πίστεως,
2798 4960 2888 5022 εις
2914 4957 3112 5012 πάντα
3134 4959 3208 5013 τὰ
3236 4960 3382 5027 ἐθνη
3410 4957 3718 5030 γνωρισθέν-

498 5047 602 5101 δοίλί
620 5048 847 5116 sapienti
887 5047 992 5103 Deo
1016 5066 1110 5122 per
1145 5049 1327 5105 Iesum
1361 5050 1652 5117 Christum,
1698 5053 1780 5105 cui
1810 5051 1984 5122 gloria
2022 5055 2065 5108 in

2182 5067 2306 5115 τος,
2349 5051 2517 5119 μόνῳ
2556 5047 2728 5117 σοφῷ
2761 5049 2885 5115 Θεῷ
2935 5050 3033 5105 διὰ
3073 5053 3268 5119 Ἰησοῦ
3315 5054 3588 5122 Χριστοῦ,
3623 5044 3718 5118 ᾧή

503 5139 724 5194 δαισαία.
756 5141 947 5196 Amen.

2183 5141 2334 5206 δόξα
2371 5143 2459 5204 είς
2486 5139 2630 5206 τοὺς
2653 5139 2896 5208 αἰῶνας.
2933 5143 3142 5212 Ἀμήν.

2255 5234 2328 5286 Τὸ
2355 5231 2686 5303 ύπερόατόν.
2735 5252 2756 5287 ι
2791 5233 2883 5303 Τῷ
2920 5235 2976 5288 δὲ
3009 5235 3296 5306 δυναμένῳ
3319 5237 3464 5306 ὑμᾶς
3491 5232 3719 5306 στηρίξαι.

2184 5326 2312 5393 δόξα
2334 5326 2414 5388 είς
2441 5326 2568 5388 τοὺς
2600 5325 2825 5389 αἰῶνας.
2845 5325 3046 5398 Ἀμήν.
3073 5347 3091 5379 ι
3114 5359 3184 5368 -
3207 5347 3224 5380 ι
3245 5328 3425 5398 ’Υμᾶς
3457 5327 3715 5398 στηρίξαι.»

2148 810 2340 863 ἑαυτὸν
2362 813 2420 864 εν
2439 804 2484 879 ᾧ
2503 811 2810 882 δοκιμάζει.
2843 831 2860 864 ι
2889 813 3202 879 Τουτέστιν,
3228 815 3286 867 ὲν
3307 807 3352 882 ᾧ
3371 814 3439 867 ἂν
3464 813 3706 885 δοκιμάσῃ

2147 901 2434 971 πράγματι
2469 901 2688 955 τοιῶσδε
2713 902 2746 970 ἢ
2783 899 3032 968 τοιῶσδε,
3063 899 3174 957 οἷον
3210 905 3410 973 φαγεῖν
3431 903 3547 957 τόδε
3583 905 3612 976 ἢ
3643 906 3708 976 μὴ

2149 992 2362 1060 φαγεῖν.
2381 992 2503 1055 Πῶς
2523 991 2581 1045 δὲ
2602 991 2930 1046 ἔσταιτοῦτο
2950 1010 2965 1059 ;
2985 993 3120 1047 Ἀπὸ
3143 991 3387 1064 καθαροῦ
3411 993 3706 1057 συνειδότος.

2161 1083 2383 1155 Ἐπειδὴ
2427 1085 2538 1155 γὰρ
2585 1081 2730 1147 εἷπε,
2788 1103 2806 1137 ι
2850 1086 3007 1141 Κατά
3060 1083 3289 1140 σεαυτὸν
3336 1085 3428 1155 ἔχε
3468 1086 3703 1150 πίστιν,ι

2152 1175 2339 1244 φησιν,
2363 1176 2444 1228 ὅτι
2470 1176 2590 1230 Κάν
2621 1177 2825 1241 πάντες
2850 1193 2908 1230 σε
2933 1178 3261 1249 μέμφωνται
3288 1179 3638 1248 οἰκονομικῶς
3663 1195 3710 1232 τι

2153 1268 2430 1334 ποιοῦντα,
2471 1271 2504 1342 ἢ
2558 1271 2649 1324 διά
2686 1273 2964 1342 σωτηρίαν
3012 1272 3110 1326 τοῦ
3151 1272 3383 1340 ἀδελφοῦ
3431 1289 3548 1334 σου,
3581 1275 3638 1326 τὸ
3661 1274 3710 1326 δὲ

2153 1361 2243 1415 σδν
2285 1362 2526 1426 συνειδδς
2558 1362 2620 1416 οὐ
2657 1366 2966 1436 κατακρίνῃ
2999 1381 3082 1429 σε,
3116 1366 3386 1434 μακάριος
3417 1361 3486 1418 εί.
3535 1365 3625 1417 Ἐκ
3657 1366 3709 1435 δὴ

2149 1455 2359 1510 τούτων
2385 1456 2478 1509 τὸν
2523 1456 2726 1528 ἀσθενῆ
2760 1457 3006 1527 πλήττει.
3039 1457 3102 1510 Et
3134 1457 3244 1525 γὰρ
3273 1457 3339 1509 ὲκ
3373 1456 3469 1510 τοῦ
3500 1456 3714 1509 συνειδό-

2150 1565 2242 1611 τος
2269 1549 2298 1600 ὁ
2336 1549 2602 1616 στέφανος
2635 1548 2732 1603 καὶ
2764 1551 2791 1603 ὁ
2824 1549 3173 1621 μακαρισμὸς
3211 1547 3322 1600 τῶν
3359 1547 3586 1611 πιστῶν,
3629 1548 3712 1617 δη-

2152 1638 2329 1695 λονότι
2392 1641 2490 1695 καί⁵
2534 1641 2569 1713 ἡ
2600 1643 2948 1714 κατάκρισις.
2996 1642 3088 1712 Μὴ
3137 1637 3233 1695 οὖν
3279 1641 3421 1694 κατὰ
3464 1640 3713 1710 διάκρισιν

2175 3477 2258 3532 λιν
2301 3480 2435 3550 πρὸς
2463 3479 2554 3533 τὸν
2583 3481 2919 3549 ὑγιαίνοντα.
2956 3481 3020 3534 Τί
3053 3483 3163 3548 γάρ
3188 3482 3353 3536 αὐτὸν
3395 3480 3616 3552 exciam
3637 3497 3720 3548 φα·

2176 3575 2313 3641 γεῖν,
2352 3570 2508 3626 οὔπω
2553 3571 2988 3644 ὲστηριγμὲνονς
3022 3574 3136 3627 Οὐκ
3179 3570 3324 3638 οῐδας
3370 3574 3504 3627 ὅτιὸ
3535 3573 3718 3638 διακρι-

2178 3755 2434 3818 πίστεως,
2465 3755 2579 3809 ἀλλ’
2633 3757 2692 3824 ἐξ
2732 3756 2980 3826 ἀνάγκης
3018 3758 3049 3827 ἢ
3083 3756 3304 3820 αίδοῦςυ
3341 3756 3464 3810 οὐδὲ
3493 3755 3593 3825 γάρ
3619 3753 3717 3805 ἐπί-

2181 3861 2403 3899 στευσεν
2445 3844 2576 3898 αὐτὸ
2616 3844 2857 3916 καθαρὸν
2887 3841 3050 3912 εἶναι,
3083 3846 3178 3900 καὶ
3210 3844 3386 3910 οὕτως
3435 3844 3638 3915 ἔφαγεν.
3665 3842 3719 3894 Τί

2177 3931 2271 3990 οὖν
2327 3936 2478 4009 αύτῷ
2526 3937 2798 4009 πρόφασις
2828 3939 2955 4012 γίνῃ
2976 3939 3381 4010 κατακρίσεως,
3427 3935 3715 4005 ἀναγκάζων

2179 4028 2342 4084 αὑτὸν
2392 4029 2595 4084 ισθίειν
2640 4030 3164 4101 σκανδαλιζόμενον;
3197 4026 3334 4084 Εἶτα
3386 4029 3567 4084 λοιπὸν
3606 4028 3719 4080 κατά

2180 4107 2486 4192 ἀπόφανσιν
2515 4123 2681 4192 λέγει,
2717 4126 2800 4180 ὅτι
2831 4125 2942 4179 πᾶν
2987 4125 3016 4179 δ
3049 4126 3114 4180 ἀν
3146 4141 3230 4190 τις
3263 4127 3391 4197 ποιῇ
3436 4125 3535 4179 οὐκ
3561 4125 3616 4176 ὲκ
3648 4123 3712 4172 ai-

2184 4233 2370 4282 στεως,
2408 4217 2732 4289 ἁμαρτάνει.

576 5233 930 5304 llyperbaton
963 5242 1084 5290 est:
1121 5253 1139 5286 ι
1179 5235 1243 5290 Εἰ
1277 5244 1462 5291 autem
1490 5238 1585 5308 qui
1623 5248 1821 5310 potens
1871 5245 1959 5291 est
1982 5251 2082 5292 vos

505 5327 840 5382 conﬁrmare
888 5326 943 5381 in
973 5327 1198 5385 saecula.
1234 5329 1432 5384 Amen.
1478 5348 1497 5382 ι
1557 5362 1628 5374 --
1660 5349 1679 5383 ι
1714 5330 1826 5386 Vos
1875 5328 2082 5383 conﬁr-

2176 3665 2401 3732 νόμενος
2430 3663 2526 3717 ὲάν
2581 3663 2731 3736 φάγῃ
2775 3663 3206 3731 κατακέκριταις
3245 3665 3328 3717 δτι
3375 3662 3451 3733 μὴ
3491 3661 3640 3714 ἐσθίει
3666 3662 3718 3712 ὲκ
3821 3687 3829 3696 ί

508 5433 680 5475 mare.
726 5438 744 5470 ι
775 5420 1042 5475 Precatur
1073 5419 1340 5490 deinceps
1373 5436 1474 5491 pro
1505 5420 1898 5478 imbecillibus.
1945 5420 2082 5476 Nam

511 5512 827 5582 precatione
864 5512 975 5567 illis
1006 5529 1146 5583 opus
1176 5521 1298 5568 erat
1331 5513 1416 5568 vel
1463 5513 1720 5570 consilio.
1751 5513 1952 5568 Diceris
1981 5527 2084 5567 au-

509 5618 620 5659 tem
649 5624 667 5658 ι
691 5604 1045 5670 conﬁrmare,
1073 5625 1091 5658 ι
1124 5605 1396 5676 signiﬁcat
1426 5619 1523 5660 eos
1545 5606 1825 5662 vacillare.
1877 5604 2086 5660 Deinde

513 5699 735 5754 modum
760 5699 925 5758 etiam
949 5697 1384 5754 conﬁrmationis
1414 5697 1645 5762 inducit.
1677 5716 1696 5748 ι
1728 5697 1888 5752 Juxta
1911 5697 2088 5752 Evan-

515 5792 718 5859 gelium
752 5807 956 5847 meum.
993 5810 1010 5844 ι
1075 5792 1142 5847 Ut
1167 5792 1262 5853 ita,
1297 5790 1500 5861 inquit,
1531 5791 1720 5845 vivant
1750 5789 1895 5843 sicut
1931 5789 2088 5859 jubet

517 5883 900 5956 Evangelium.
934 5916 1002 5927 —
1041 5886 1175 5941 Item
1228 5885 1334 5940 alio
1369 5883 1537 5940 modo.
1573 5884 1706 5940 Post
1755 5881 2089 5938 admonitio-

2187 5417 2387 5473 Λοιπὸν
2421 5417 2715 5486 ἐπεύχεται
2755 5420 2864 5480 τοῖς
2913 5419 3220 5476 ἀσθενέσιν.
3249 5419 3434 5491 Εύχῆς
3478 5420 3580 5488 γὰρ
3607 5413 3720 5485 εἶχον

2189 5511 2378 5581 χρείαν
2402 5509 2624 5580 μᾶλλον,
2653 5510 2686 5581 ἢ
2710 5510 3041 5582 συμϐουλῆς.
3064 5511 3249 5566 Εἰπὼν
3286 5513 3343 5565 δὲ
3375 5532 3394 5564 ι
3428 5510 3673 5584 στηρίξαι,
3702 5522 3716 5556 ι

2189 5605 2338 5676 δηλοῖ
2372 5604 2457 5658 ὃτι
2492 5602 2834 5658 σαλεύονται.
2875 5601 3006 5658 Εἶτα
3053 5606 3247 5675 ἐπάγει
3281 5605 3378 5658 καὶ
3424 5607 3517 5660 τδν
3561 5601 3721 5672 τρόπον

2189 5697 2286 5753 τοῦ
2339 5695 2666 5768 στηριγμοῦ,
2721 5714 2739 5748 ι
2783 5696 2942 5750 Κατὰ
2981 5697 3041 5750 τὺ
3071 5697 3406 5766 Εὐαγγέλιὸν
3440 5714 3557 5768 μου.
3586 5712 3602 5746 ι
3632 5691 3720 5744 Ἰνσ

2191 5790 2364 5854 οὕτως
2385 5788 2544 5854 ζῶσι,
2576 5787 2731 5858 φησὶ,
2776 5787 2852 5852 ὡς
2882 5790 2946 5844 τὸ
2976 5790 3306 5860 Εὐαγγέλιον
3343 5788 3720 5861 διαγορεύεν-

2195 5879 2301 5938 Καὶ
2323 5879 2543 5946 ἄλλως.
2579 5874 2916 5953 ΙΟΙΚΟΥΜ
2947 5880 3097 5935 Μετά
3116 5880 3214 5953 τὴν
3231 5882 3545 5954 παραίνεσιν
3567 5871 3718 5932 εἴωθεν
