3880 6552
163 413 267 474 625

1219 417 1600 481 COMMENT.
1638 419 1720 482 IN
1769 421 2005 486 EPIST.
2043 429 2145 489 AD
2184 430 2368 492 ROM.

3308 429 3412 496 606

161 523 440 596 εὔχεσθαι,
481 525 511 576 ὃ
545 524 636 579 καὶ
666 523 900 580 ἐνταῦθα
937 528 1102 594 ποιεῖ,
1135 527 1277 598 ὑπὲρ
1311 529 1418 582 τῶν
1450 529 1734 583 ἅτελεστέ-
1763 581 1766 591 ,

1871 550 1965 590 rem
2017 553 2239 610 semper
2289 543 2507 613 precari
2557 543 2719 610 solet,
2767 543 2914 614 quod
2958 544 3124 599 etiam
3169 543 3224 598 id
3252 544 3406 612 facit,

167 634 279 689 ρων
305 615 622 686 εὐχόμενος,
673 617 767 671 καὶ
797 618 858 670 οὐ
896 618 1059 686 μόνον
1095 618 1237 688 λόγῳ
1272 621 1560 682 παιδεύων,
1601 621 1739 676 ἀλλὰ

168 710 258 762 καὶ
291 709 396 779 τὴν
426 708 578 780 παρὰ
618 708 757 764 Θεοῦ
789 712 1108 782 συμμαχίαν
1137 712 1392 780 εἰσάγων.
1435 713 1501 766 Ἦ
1528 713 1584 768 δὲ
1612 713 1742 766 ἀκο-

165 801 350 855 λουθία
380 801 481 872 τῆς
508 801 812 867 συντάξεως
831 804 1030 857 τοιάδε·
1058 822 1076 855 ι
1103 803 1194 868 Τῷ
1212 805 1270 858 δὲ
1288 805 1570 877 δυναμένῳ
1597 806 1740 876 ὑμᾶς

169 893 420 965 στηρίξαι
449 894 536 948 διὰ
564 893 739 964 Ἰησοῦ
775 897 1082 966 Χριστοῦ,ἡ
1111 896 1238 962 δόξα
1261 899 1341 961 εἰς
1368 898 1492 962 τοὺς
1517 898 1739 962 αἰῶνας.

181 987 377 1055 ’Δμήν.
403 1005 423 1038 ι
452 985 528 1039 T6
556 984 688 1057 γὰρ,
709 981 779 1054 ᾧ,
800 987 1023 1059 ἄρθρον,
1053 991 1117 1043 ὲκ
1135 989 1392 1061 περισσοῦ
1415 992 1613 1054 κεῖται,
1654 989 1742 1043 διὰ

167 1077 229 1131 τὺ
278 1077 489 1131 δεῖσθαι
511 1077 606 1132 τὸν
633 1079 792 1146 λόγον
820 1080 1232 1151 ἐπαναλήψεως,
1255 1081 1629 1152 παραληφθέν.
1654 1082 1745 1153 Τῷ

166 1170 449 1241 δυναμένῳ
476 1171 621 1240 ὑμᾶς
640 1171 765 1234 τοὺς
791 1171 1021 1237 ἀτελεῖς,
1039 1173 1167 1236 τοὺς
1189 1173 1588 1243 σαλευομένους
1611 1191 1747 1246 στη-

169 1263 339 1334 ρίξαι.
375 1263 498 1326 Πῶς
521 1279 538 1329 ;
563 1262 750 1316 «Κατὰ
779 1263 860 1326 τὸ,
881 1263 1207 1332 Εὐαγγέλιόν
1227 1283 1361 1335 μους
1392 1284 1410 1317 ι
1444 1266 1741 1329 τουτέστιν,

171 1354 294 1406 Ἵνα
319 1353 589 1424 κατέχητε
615 1352 652 1407 ἃ
675 1354 928 1409 διδάσκω.
962 1353 1038 1408 T6
1067 1356 1144 1422 δὲ,
1182 1375 1201 1408 ι
1230 1357 1562 1425 Εὐαγγέλιόν
1586 1375 1741 1427 μου,ι

170 1445 288 1510 καὶ,
305 1464 325 1497 ι
345 1446 441 1498 τοῦ
457 1444 693 1516 Χριστοῦ
713 1445 773 1498 τὸ
789 1447 1075 1515 κήρυγμα,
1101 1465 1120 1499 ι
1143 1447 1490 1518 ἕνείσιν.ούχ
1505 1449 1749 1520 ἡμέτερα

168 1538 282 1609 γὰρ
299 1537 373 1590 τὰ
397 1537 668 1608 δόγματα,
700 1537 816 1591 ἀλλ’
847 1538 1060 1593 ἐκείνου
1090 1540 1141 1592 οί
1167 1539 1340 1609 νόμοι.
1383 1557 1402 1591 ι
1437 1540 1594 1592 Κατὰ
1617 1539 1750 1593 ἀπο-

170 1630 410 1700 κάλυψιν
442 1630 761 1701 μυστηρίου.
795 1648 814 1681 ι
855 1631 1137 1702 Μεγίστης
1167 1630 1336 1702 τιμῆς
1375 1613 1622 1701 σημεῖον,
1682 1630 1750 1684 τὸ

171 1722 497 1793 μυστηρίων
549 1724 700 1793 ἡμᾶς
755 1721 1014 1790 γενέσθαι
1068 1723 1380 1788 κοινωνοὺς,
1428 1724 1752 1794 πράγματος

172 1814 346 1870 πάλαι
381 1814 481 1885 μὲν
516 1815 956 1885 προωρισμένου,
987 1813 1245 1884 φανέντος
1274 1815 1332 1869 δὲ
1361 1815 1459 1870 νῦν
1481 1815 1581 1870 διὰα
1607 1815 1752 1886 Γραιι

98 1929 106 1936 ’
171 1905 293 1974 φῶν
323 1905 708 1976 προφητικῶν.

248 1995 416 2050 Ὥστε
469 1995 524 2049 τί
575 1996 712 2067 φοϐῇ
751 1996 818 2051 σὺ
857 1998 887 2050 6
936 1996 1198 2068 ἀσθενὴς,
1241 1999 1316 2070 μὴ
1357 1999 1607 2071 ἀποστῇς
1656 2000 1752 2054 τοῦ

175 2089 369 2159 νόμου,
395 2089 592 2143 ἐσθίων
616 2089 684 2143 τὰ
713 2089 894 2160 χοίρια
918 2106 935 2155 ;
961 2090 1093 2144 Ἰδοὺ
1119 2091 1228 2162 γὰρ
1255 2092 1312 2146 αί
1339 2093 1555 2164 Γραφαὶ
1584 2095 1755 2149 πᾶσαι

173 2181 336 2234 τοῦτο
364 2181 426 2234 τὸ
476 2183 778 2252 μυστήριον
809 2179 1162 2252 κηρύττουσι,
1198 2181 1257 2235 τὸ
1286 2181 1387 2252 τὴν
1433 2183 1756 2254 ἀδιαφορίαν

173 2271 284 2324 τῶν
317 2270 626 2342 βρωμάτων
652 2271 894 2338 εἰσάγον.
917 2270 1076 2327 Ἀλλὰ
1099 2273 1194 2326 καὶ
1224 2273 1344 2327 κατ’
1369 2274 1638 2346 ἐπιταγὴν
1664 2273 1756 2328 τοῦ

176 2361 400 2414 αἰωνίου
434 2359 570 2414 Θεοῦ
603 2361 780 2416 ἐστιν.
817 2361 1050 2426 Οὐκοῦν,
1081 2363 1139 2415 οὐ
1185 2362 1266 2416 δεῖ
1295 2363 1414 2434 Θεῷ
1445 2364 1760 2418 ἀντιτάττε-

182 2451 334 2519 σθαι,
368 2452 502 2506 ana
535 2452 816 2506 πιστεύειν
844 2455 941 2508 καὶ
980 2455 1296 2510 ὑπακούειν.
1345 2457 1762 2529 ’Υπακοῆςηγὰρ

177 2547 213 2613 ἡ
264 2544 452 2608 πίστις
505 2545 698 2610 δεῖται,
749 2545 811 2599 οὐ
863 2546 1408 2620 φιλοπραγμοσύνης.
1471 2550 1633 2605 Ἀλλὰ
1670 2551 1764 2605 καὶ

182 2638 365 2692 πάντα
386 2637 456 2692 τὰ
479 2638 606 2710 ἔθνη
635 2639 775 2693 οὕτω
808 2644 1076 2696 πιστεύει.
1108 2643 1250 2697 nam
1282 2645 1392 2717 γὰρ
1431 2647 1761 2719 ἐγνωρίσθη.

183 2731 314 2795 Πῶς
336 2727 432 2785 οὖν
450 2732 610 2798 ante;
628 2732 707 2787 ἔτι
727 2733 805 2806 τῷ
820 2735 970 2807 νόμῳ
987 2735 1261 2801 δουλεύεις
1279 2756 1292 2805 ;
1316 2758 1335 2791 ι
1359 2740 1520 2811 Μόνῳ
1536 2740 1593 2796 δὲ
1616 2740 1765 2812 σοφῷ

181 2821 329 2892 Θεῷ,
360 2841 380 2874 ι
403 2819 548 2890 εἷπε,
582 2823 718 2896 πρὸς
749 2826 1154 2898 ἀντιδιαστολὴν
1179 2829 1427 2896 ἀγγέλων
1456 2831 1550 2885 καὶ
1583 2832 1765 2902 ἡμῶν,

189 2914 227 2984 ἢ
255 2915 371 2969 τῶν
397 2915 770 2989 ψευδωνύμων
800 2918 959 2984 θεῶν,
987 2921 1048 2974 οὐ
1078 2919 1173 2974 τοῦ
1210 2920 1341 2975 Υίοῦ
1375 2923 1408 2994 ἢ
1461 2923 1556 2976 τοῦ
1595 2925 1768 2978 Πνεύο

187 3025 383 3077 ματος.
416 3011 632 3078 ⁸’Δπιιγε
663 3012 676 3065 l
716 3011 776 3065 Ὀ
804 3011 934 3077 Υίὸς
961 3010 1068 3084 γάρ
1093 3015 1240 3068 ἐστιν
1272 3016 1304 3085 ἡ
1349 3016 1508 3084 σοφία
1536 3017 1630 3071 τοῦ
1661 3019 1771 3071 Πα-

184 3102 342 3172 τρός.
374 3103 537 3173 Δύτῷ
563 3103 656 3157 οὖν
699 3107 732 3175 ἡ
757 3104 886 3172 δόξα
931 3104 1010 3177 τῷ
1044 3105 1422 3180 φανερώσαντι
1453 3109 1516 3164 τὸ
1567 3112 1771 3182 μυστή-

1779 1868 1828 1928 Β

1841 637 2004 685 orans
2036 647 2136 701 pro
2190 633 2696 704 imperfectioribus
2724 653 2738 690 :
2770 651 2879 691 non
2907 637 3085 692 solum
3129 637 3301 692 verbo
3331 637 3418 692 in-

1841 732 2087 788 struens,
2137 726 2232 780 sed
2257 726 2425 781 etiam
2472 729 2737 782 auxilium
2766 741 2796 783 a
2830 730 2941 784 Deo
2970 729 3227 784 aﬂ'erens.
3266 727 3414 784 Con-

1840 813 2127 882 sequentia
2158 820 2342 869 autem
2358 816 2791 873 coordinationis
2807 817 2931 873 talis
2963 827 3068 872 est.
3091 837 3109 870 ι
3136 817 3195 871 Ei
3227 826 3412 872 autem

1842 905 1935 975 qui
1969 914 2165 976 potens
2191 916 2276 962 εει
2305 923 2405 963 vos
2434 909 2760 966 conﬁrmare
2788 927 2886 981 per
2908 911 3094 966 Jcsum
3131 911 3413 966 Christum

1843 998 2015 1068 gloria
2049 998 2105 1053 in
2123 1001 2342 1057 saecula.
2388 1001 2584 1057 Amen.
2616 1021 2635 1054 ι
2672 1001 2956 1057 Articulus
2979 1018 3110 1058 vero
3141 996 3204 1072 ᾧ,
3228 1003 3282 1057 id
3307 1011 3413 1067 est,

1845 1089 1956 1153 cui,
1994 1089 2273 1160 superﬂue
2315 1091 2493 1160 ponit,
2522 1092 2648 1147 ideo
2700 1103 3042 1164 assumptus,
3084 1093 3230 1163 quod
3278 1109 3418 1163 opus

1845 1189 1991 1236 esset
2022 1181 2368 1251 repetitione.
2396 1182 2459 1237 Ei
2487 1183 2579 1253 qui
2605 1192 2800 1253 potens
2830 1193 2915 1238 est
2940 1199 3040 1240 vos
3067 1184 3418 1254 imperfectos

1847 1279 1903 1326 et
1923 1271 2242 1327 vacillantes
2270 1271 2622 1327 conﬁrmare.
2641 1272 2971 1339 Quomodo?
3005 1293 3023 1325 ι
3059 1273 3220 1328 Juxta
3242 1274 3420 1328 Evan-

1847 1363 2048 1435 gelium
2061 1379 2266 1419 meum.
2279 1362 2420 1429 »Ηρε
2434 1370 2540 1429 εει,
2559 1373 2620 1418 ιιι
2637 1363 2723 1418 his
2739 1380 2862 1434 quae
2874 1363 3046 1420 doceo
3064 1364 3417 1420 adhaereatis.

1849 1456 2040 1517 Porro,
2081 1473 2100 1506 ι
2125 1453 2306 1510 Meum
2344 1455 2727 1526 Evangelium,
2761 1473 2780 1508 ι
2818 1464 2895 1521 ει,
2929 1475 2947 1507 ι
2975 1454 3181 1510 Christi
3218 1455 3420 1525 praedi-

1850 1544 2016 1610 catio,
2047 1565 2066 1598 ι
2096 1559 2268 1600 unum
2297 1552 2447 1600 sunt.
2470 1545 2591 1599 Non
2615 1545 2763 1600 enim
2782 1551 2970 1599 nostra
2990 1555 3121 1599 sunt
3145 1545 3421 1614 dogmata,

1851 1637 1944 1693 sed
1991 1637 2165 1708 ipsius
2214 1637 2382 1708 leges.
2438 1655 2456 1688 ι
2485 1636 2802 1692 Secundum
2868 1636 3261 1692 revelationem
3304 1652 3423 1703 my-

1851 1730 2061 1786 sterii.»
2095 1731 2273 1802 Magni
2307 1730 2525 1801 signum
2571 1731 2796 1786 honoris
2836 1731 2984 1802 quod
3015 1729 3263 1802 mysterii
3303 1729 3426 1784 sitis

1855 1823 1982 1880 facti
2011 1822 2343 1894 participes:
2371 1823 2453 1878 rei
2477 1823 2605 1877 olim
2627 1822 2850 1892 quidem
2879 1821 3252 1892 prmdeﬁnitze,
3279 1835 3427 1874 nunc

1855 1933 1988 1974 vero
2025 1933 2126 1988 per
2154 1917 2470 1988 Scripturas
2497 1917 2853 1986 prophetieas
2887 1912 3225 1985 apparentis.

1928 2011 2091 2082 393
2121 2010 2264 2077 Quid
2297 2012 2482 2082 itaque
2509 2012 2672 2067 times
2711 2020 2790 2076 tu,
2825 2007 3142 2070 imbecillis,
3178 2021 3270 2070 ne,
3299 2018 3428 2074 por-

1858 2103 2011 2160 clnas
2051 2117 2251 2159 carnes
2293 2104 2486 2169 edens,
2522 2119 2553 2159 a
2597 2104 2716 2174 lege
2769 2100 3056 2156 discedas?
3102 2099 3243 2152 Ecce
3283 2095 3430 2151 enim

1861 2196 2162 2266 Scriptura:
2191 2211 2384 2251 omnes
2431 2195 2732 2267 praedicant
2761 2195 2868 2248 hoc
2914 2191 3239 2264 mysterium
3285 2187 3434 2259 quod

1859 2289 2112 2344 ciborum
2144 2282 2571 2342 indiﬂ'erentiam
2615 2285 2849 2350 inducit,
2882 2295 2939 2341 et
2961 2283 3264 2341 secundum
3295 2297 3437 2352 prae-

1860 2385 2080 2447 ceptum
2107 2376 2300 2432 aeterni
2327 2376 2443 2430 Dei.
2472 2376 2590 2430 Non
2615 2390 2748 2447 ergo
2779 2376 2892 2430 Deo
2927 2387 3233 2445 repugnare
3267 2385 3435 2441 opor-

1862 2467 2088 2534 tet,‘sed
2132 2467 2361 2524 credere
2397 2482 2460 2522 ac
2491 2466 2757 2522 obedire:
2798 2481 2922 2521 nam
2957 2465 3094 2520 ﬁdes
3111 2480 3222 2518 non
3251 2463 3437 2517 curio-

1864 2561 2046 2624 sitate,
2092 2558 2189 2615 sed
2225 2557 2539 2613 obedientia
2589 2557 2818 2628 indiget.
2843 2555 2986 2622 Quin
3022 2562 3078 2608 et
3099 2562 3292 2625 gentes
3319 2565 3439 2606 om-

1865 2670 1966 2711 nes
1998 2654 2070 2710 ita
2099 2653 2366 2708 credunt:
2400 2650 2658 2706 omnibus
2681 2649 2829 2705 enim
2861 2649 3103 2702 innotuit
3127 2642 3438 2714 :quomodo

1865 2757 1997 2817 ergo
2021 2755 2075 2801 tu
2102 2745 2219 2815 ipse
2239 2743 2418 2797 adhuc
2435 2741 2540 2812 legi
2564 2739 2778 2796 servis?
2796 2740 2990 2800 Porro,
3023 2756 3040 2788 ι
3069 2734 3180 2791 Soli
3203 2733 3439 2803 sapienti

1868 2841 2003 2904 Deo,
2040 2857 2058 2890 ι
2082 2837 2240 2903 dixit,
2271 2837 2338 2891 ad
2372 2833 2782 2889 distinctionem
2807 2829 3125 2900 angelorum
3155 2833 3210 2881 et
3239 2824 3438 2891 nostri,

1871 2940 1966 2986 aut
1997 2928 2132 2984 falso
2164 2928 2577 2982 nominatorum
2609 2923 2859 2986 deorum,
2905 2934 3014 2974 non
3041 2918 3162 2973 Filii
3195 2925 3291 2970 aut
3320 2914 3443 2984 Spi-

1873 3021 2012 3076 ritus
2037 3017 2236 3074 sancti.
2269 3014 2457 3070 Absit!
2486 3013 2621 3067 Nam
2647 3011 2820 3066 Filius
2841 3006 3106 3078 sapientia
3129 3003 3306 3058 Patris
3333 3009 3440 3054 est.

1873 3112 1980 3183 Ipsi
2013 3124 2144 3181 ergo
2185 3107 2362 3178 gloria
2411 3104 2506 3174 qui
2539 3101 2862 3174 mysterium
2910 3093 3299 3155 manilestavit,
3331 3106 3444 3146 non

188 3211 334 3265 ριον.
364 3194 426 3248 οὐ
455 3193 535 3264 τῷ
576 3195 726 3266 νόμῳ
757 3189 802 3264 ᾧ
855 3194 1239 3270 προσεδρεύεις
1276 3199 1357 3253 ἔτι
1400 3201 1488 3264 σὺ,
1523 3217 1766 3273 παρατη-

1873 3202 1980 3274 legi
2007 3199 2094 3257 cui
2121 3199 2301 3254 adhuc
2323 3196 2592 3256 Adhaeres,
2621 3193 2776 3248 cibos
2797 3191 3120 3246 observans.
3145 3184 3300 3252 Quod
3343 3198 3445 3275 an-

187 3286 463 3365 ρούμενος
480 3287 550 3340 τὰ
577 3287 862 3362 βρώματα.
884 3289 958 3343 T6
985 3289 1066 3358 δὲ,
1095 3308 1112 3342 ι
1133 3291 1233 3345 Διὰ
1260 3291 1439 3363 Ἰησοῦ
1462 3293 1722 3362 Χριστοῦ,
1746 3313 1764 3346 ι

183 3378 418 3433 δύναται
477 3379 574 3450 μὲν
600 3417 616 3446 ,
663 3380 739 3444 ὡς
791 3379 1054 3453 ἀνωτέρω
1098 3383 1353 3454 εἴρηται.
1409 3385 1774 3455 συνταχθῆναι

186 3473 291 3543 τῷ,
321 3491 342 3525 ι
363 3473 662 3544 Δυναμένῳ
683 3470 827 3544 ὑμᾶς
861 3470 1109 3546 στηρίξαι
1135 3476 1222 3530 διὰ
1248 3469 1426 3549 Ἰησοῦ
1455 3479 1713 3548 Χριστοῦ.
1749 3499 1767 3530 ι

187 3565 370 3629 Αὐτὸς
426 3565 536 3636 γὰρ
569 3564 835 3636 ἐγνώρισε
867 3567 928 3620 τὸ
991 3569 1288 3638 μυστήριον
1315 3569 1430 3633 τοῖς
1485 3569 1715 3638 ἔθνεσιν,
1748 3571 1778 3624 6

186 3661 320 3722 τοὺς
355 3657 604 3729 μαθητὰς
637 3660 968 3725 ἀποστείλας
997 3663 1077 3726 είς
1107 3663 1168 3715 τὸ
1208 3662 1554 3733 μαθητεῦσαι
1593 3659 1774 3717 πάντα

185 3753 258 3807 τὰ
288 3753 443 3824 ἔθνη.
475 3753 549 3805 Τδ
579 3752 657 3817 δὲ,
700 3747 769 3820 ᾧ,
829 3754 1108 3823 περισσόν.
1158 3773 1177 3806 ι
1213 3757 1326 3810 Καὶ
1377 3757 1440 3810 τὸ
1509 3757 1776 3828 κήρυγμα

202 3842 382 3912 Ἰησοῦ
411 3842 674 3914 Χριστοῦ.
711 3862 730 3895 ι
753 3871 824 3883 -
854 3841 1058 3916 [ΦΩΤ.]
1102 3843 1168 3897 Τί
1206 3845 1264 3899 δέ
1297 3846 1413 3899 ὲστι
1433 3845 1493 3899 τὸ
1513 3847 1778 3918 κήρυγμα

190 3934 288 3988 τοῦ
323 3933 536 4004 Ἰησοῦ;
574 3952 594 3986 ι
620 3933 739 3988 Ἵνα
768 3934 1079 4002 γινώσκωσι
1130 3952 1214 4001 σε,
1270 3938 1428 4008 φησι,
1463 3938 1559 3992 καὶ
1584 3937 1644 3991 ὃν
1673 3939 1776 3992 ἀπ-

193 4024 690 4096 ἐστειλαςἸησοῦν.
720 4044 738 4078 ι
759 4057 831 4066 —-
855 4044 876 4079 ι
915 4027 976 4080 '0
1007 4028 1271 4099 ἑωρακὼς
1296 4029 1421 4099 ἐμὲ,
1451 4029 1664 4101 ἑώρακε
1687 4029 1780 4082 τὸν

197 4119 442 4189 Πατέρα.
471 4136 490 4169 ι
517 4146 587 4159 —
614 4135 634 4170 ι
665 4117 808 4187 Ἐγὼ
837 4118 933 4172 καὶ
953 4119 981 4171 6
1002 4117 1190 4190 Πατὴρ
1215 4117 1276 4172 ἐν
1305 4119 1495 4188 ὶσμεν.
1522 4137 1541 4172 ι
1569 4119 1681 4174 Καὶ
1703 4119 1780 4183 ὡς

193 4211 465 4280 ὸῐιέτρος
521 4209 714 4281 φησὶν,
743 4209 827 4263 ὅτι
880 4210 1043 4274 αὑτός
1094 4211 1246 4264 ἐστιν
1274 4211 1302 4263 6
1334 4211 1460 4276 Υἱὸς
1499 4210 1593 4264 τοῦ
1645 4211 1780 4265 Θεοῦ

193 4292 292 4355 τοῦ
327 4301 554 4367 ζῶντος.
583 4301 696 4356 Kal
722 4303 806 4356 ὅτι
838 4301 940 4372 τὴν
988 4301 1170 4372 κρίσιν
1209 4303 1393 4355 πᾶσαν
1424 4304 1452 4355 6
1487 4302 1616 4365 Υίδς
1646 4301 1780 4373 ἔχει.

195 4396 332 4459 Καὶ,
369 4414 388 4447 ι
424 4393 787 4466 Πορευθέντες
814 4392 1193 4464 μαθητεύσατε
1225 4393 1401 4447 πάντα
1421 4393 1489 4448 τὰ
1507 4393 1656 4465 ἔθνη,
1686 4394 1783 4464 βα-

197 4486 493 4551 πτίζοντες
539 4485 736 4548 αὐτοὺς
771 4487 850 4548 είς
879 4485 942 4538 τδ
969 4484 1140 4555 ὄνομα
1168 4483 1263 4539 τοῦ
1299 4485 1537 4555 Πατρὸς,
1571 4486 1781 4540 καὶτοῦ

197 4579 362 4644 Υἱοῦ,
418 4579 514 4632 καὶ
569 4578 664 4632 τοῦ
715 4578 870 4647 ἁγίου
905 4579 1242 4650 Πνεύματος,
1278 4598 1296 4631 ι
1343 4580 1436 4634 καὶ
1482 4579 1552 4634 τὰ
1595 4582 1776 4652 ὃμοια.
1813 4565 1854 4619 Ῑ)

203 4693 222 4723 ι
257 4671 373 4724 Καὶ
404 4671 464 4724 τδ
511 4671 775 4742 κήρυγμα
820 4671 996 4740 Ἰησοῦ
1036 4671 1300 4742 Χριστοῦ,
1334 4691 1352 4726 ι
1393 4674 1489 4737 Τίς
1538 4673 1594 4726 δέ
1638 4677 1786 4729 ἐστιν

199 4760 368 4829 οὗτος
396 4767 423 4818 ὀ
449 4763 660 4835 Ἰησοῦς
687 4765 958 4834 Χριστός;
997 4763 1056 4817 '0
1087 4764 1144 4829 ἐξ
1181 4760 1354 4837 ἀρχῆς
1381 4766 1478 4836 μὲν
1511 4765 1684 4820 συνὼν
1711 4767 1789 4837 τῷ

199 4854 406 4924 Πατρὶ,
427 4854 761 4926 φανερωθεὶς
791 4853 894 4926 [δὲ]
923 4855 1037 4907 νῦν.
1059 4855 1184 4918 Πῶς
1209 4854 1267 4908 δὲ
1288 4856 1657 4927 φανερωθείς;
1681 4857 1786 4910 Τοῦ

202 4947 538 5018 μυστηρίου,
572 4947 758 5018 φησιν,
785 4945 1286 5015 ἀποκαλυφθέντος.
1318 4947 1408 5001 Ἐν
1440 4950 1653 5020 χρόνοις
1681 4951 1790 5022 γὰρ

197 5041 447 5104 αἰωνίοις
479 5040 642 5093 τοῦτο
673 5041 1032 5110 σεσιγημένον
1062 5040 1298 5111 ὑπῆρχε,
1327 5041 1471 5111 μόνῳ
1491 5041 1567 5114 τῷ
1605 5045 1782 5114 Παειτρ)⁸

199 5135 304 5188 καὶ
332 5131 414 5202 τῷ
439 5133 554 5202 Υἱῷ
584 5133 676 5185 καὶ
705 5131 784 5202 τῷ
801 5132 1086 5202 Πνεύματι
1113 5133 1518 5204 γινωσκόμενον
1539 5151 1553 5165 ·
1579 5134 1676 5190 νῦν
1703 5136 1780 5202 δὲ,

197 5225 302 5280 τοῦ
341 5226 645 5296 μυστηρίου
678 5223 1181 5293 ἀποκαλυφθέντος,
1216 5226 1296 5288 είς
1333 5225 1511 5278 πάντα
1537 5227 1608 5280 τὰ
1654 5227 1782 5300 ἔθνη

200 5315 530 5388 ἐφανερώθη
575 5317 604 5368 6
644 5315 898 5386 Χριστὸς,
928 5316 1056 5380 Υἱὸς
1103 5315 1180 5370 ὢν
1223 5317 1317 5370 τοῦ
1347 5317 1484 5371 Θεοῦ
1518 5320 1610 5373 καὶ
1651 5320 1786 5386 Θεὸς

199 5407 516 5481 ὁμοούσιος.
546 5407 709 5462 Ἀλλὰ
756 5408 874 5472 πῶς
909 5408 1270 5481 ὲφανερώθης
1304 5410 1404 5464 Διὰ
1437 5412 1547 5465 τῶν
1575 5431 1790 5485 προφη-

201 5503 338 5566 τῶν,
370 5501 458 5554 διὰ
480 5501 592 5556 τῶν
628 5502 866 5571 Γραφῶν
901 5501 1104 5557 αὐτῶν.
1129 5504 1238 5557 Καὶ
1271 5504 1436 5558 πόθεν
1468 5498 1613 5560 οῦτοι
1661 5507 1788 5560 slai-

200 5593 381 5666 λησαν
409 5593 506 5646 xal
553 5591 836 5662 ἔγραψαν;
886 5587 1301 5656 Ἔπιτάττοντος
1335 5594 1428 5647 καὶ
1460 5595 1787 5664 ἐμπνέοντος

203 5686 392 5748 αὐτοῖς
416 5682 513 5737 τοῦ
553 5683 820 5753 παναγίου
853 5679 1170 5755 Πνεύματος
1189 5700 1202 5713 ·
1236 5685 1394 5739 τοῦτο
1428 5685 1536 5756 γὰρ
1566 5685 1786 5743 αἰώνιον

207 5884 403 5934 nun,
438 5866 526 5936 l9,
563 5865 656 5926 20.

1875 3272 1986 3349 tem
2023 3291 2209 3347 addit:
2245 3307 2267 3341 ι
2310 3288 2416 3342 Ρει·
2459 3286 2644 3342 Iesum
2668 3282 2952 3339 Christum
2997 3298 3043 3344 ι,
3068 3284 3270 3347 potest,
3297 3272 3449 3325 velut

1877 3393 2037 3438 antea
2067 3380 2276 3435 dictum
2327 3385 2434 3436 est.
2472 3373 2728 3446 conjungi
2777 3367 3128 3441 przrcedenti,
3174 3385 3192 3417 ι
3237 3364 3301 3418 Ei
3351 3361 3448 3432 qui

1876 3482 2074 3545 potens
2108 3478 2196 3526 εει
2226 3482 2325 3524 vos
2349 3464 2681 3522 confirmare
2716 3476 2814 3532 per
2845 3460 3033 3514 Jesum
3069 3454 3376 3512 Christum.
3425 3468 3443 3545 ι

1876 3542 2000 3636 ipse
2043 3563 2193 3620 enim
2243 3559 2569 3633 mysterium
2617 3555 2878 3627 gentibus
2913 3548 3305 3611 manifestavit,
3353 3542 3450 3614 qui

1877 3656 2181 3727 discipulos
2209 3653 2394 3710 emisit
2434 3651 2499 3705 ad
2531 3650 2836 3704 docendum
2887 3659 3078 3699 omnes
3105 3649 3316 3712 gentes.
3349 3638 3449 3690 Ar—

1879 3753 2081 3808 ticulus
2126 3763 2258 3804 vero
2298 3740 2364 3816 ᾧ,
2401 3744 2456 3800 id
2509 3751 2615 3808 est,
2649 3762 2667 3793 ι
2692 3740 2805 3806 cui,
2842 3757 2860 3791 ι
2909 3734 3222 3806 superﬂuus
3251 3740 3353 3787 est.
3381 3758 3450 3770 —

1885 3846 1981 3900 «Et
2012 3844 2297 3914 κήρυγμα,
2329 3837 2386 3893 id
2431 3844 2518 3893 est
2559 3831 2901 3905 praeconium
2957 3843 3056 3882 seu
3098 3821 3454 3920 praedicatio-

1879 3950 2030 4000 nem,
2069 3933 2198 3988 Jesu
2243 3926 2474 3984 Christi.
2508 3944 2528 3978 ι
2569 3923 2712 3992 Quid
2758 3928 2846 3978 est
2884 3927 3067 3974 autem
3117 3925 3452 4000 praeconium

1880 3999 2055 4084 Jesui?
2085 4042 2104 4073 ι
2149 4020 2219 4076 Ut
2247 4021 2603 4088 cognoscant,
2650 4011 2853 4081 inquit,
2901 4016 3032 4064 teet
3069 4018 3233 4074 quem
3257 3999 3456 4055 misisti

1879 4119 2066 4174 Jesum
2086 4111 2366 4169 Christum
2385 4109 2455 4164 ⁸⁷.
2489 4125 2508 4159 ι
2537 4135 2606 4147 --
2633 4123 2652 4158 ι
2675 4099 2935 4170 Quividit
2967 4113 3077 4164 me,
3100 4094 3242 4150 vidit
3271 4101 3329 4148 et
3350 4092 3457 4146 Pa-

1883 4219 2025 4265 trem
2059 4207 2130 4261 ".
2175 4224 2194 4257 ι
2221 4232 2292 4246 —-
2327 4221 2346 4254 ι
2397 4201 2513 4272 Ego
2556 4207 2613 4254 et
2659 4198 2823 4253 Pater
2867 4207 3038 4249 unum
3086 4201 3276 4245 sumus
3315 4187 3381 4237 ".
3433 4201 3452 4236 ι

1883 4302 1953 4356 Ει
1985 4299 2130 4355 sicut
2173 4295 2252 4351 ait
2294 4294 2515 4358 Petrus,
2546 4289 2695 4358 quod
2732 4287 2851 4358 ipse
2903 4283 2976 4339 sit
3014 4280 3188 4334 Filius
3219 4277 3313 4331 ille
3357 4273 3458 4328 Dei

1883 4391 2123 4448 viventis
2145 4390 2211 4441 '°.
2230 4387 2301 4442 Et
2321 4382 2469 4455 quod
2491 4380 2767 4453 iudicium
2787 4391 2950 4432 omne
2975 4373 3151 4428 Filius
3174 4369 3376 4424 habeat
3391 4367 3458 4420 “.

1884 4488 1973 4550 Et,
1992 4503 2010 4536 ι
2032 4484 2240 4539 Euntes
2255 4479 2450 4534 docete
2463 4479 2880 4545 omnesgentes,
2916 4465 3264 4538 haptizantes
3283 4475 3381 4517 eos
3402 4458 3460 4512 in

1885 4577 2107 4634 nomine
2139 4573 2336 4635 Patris,
2367 4577 2424 4626 et
2445 4567 2591 4632 Filii,
2611 4576 2668 4622 et
2693 4563 2935 4635 Spiritus
2964 4558 3141 4616 sancti
3163 4558 3230 4618 ⁶²,
3259 4574 3278 4606 ι
3315 4561 3363 4606 et
3391 4552 3465 4605 si-

1885 4671 2058 4727 milia.
2090 4669 2201 4739 ῃΕι
2221 4643 2670 4736 praedicationem
2691 4658 2822 4714 Jesu
2845 4652 3104 4710 Christi.»
3121 4647 3256 4715 Quis
3277 4653 3462 4739 autem

1884 4773 1972 4822 est
1999 4764 2092 4818 hic
2118 4738 2280 4818 .lesus
2297 4754 2594 4814 Christus?
2617 4751 2665 4807 Is
2690 4750 2787 4821 qui
2819 4748 2887 4803 ab
2910 4743 3070 4800 initio
3088 4750 3210 4797 erat
3239 4738 3461 4807 quidem

1887 4871 2012 4914 cum
2036 4857 2220 4920 Patre,
2250 4866 2401 4908 nunc
2449 4855 2636 4903 autem
2671 4840 3056 4898 manifestatus
3105 4843 3210 4890 est.
3242 4832 3312 4887 Et
3350 4843 3463 4900 quo
3491 4835 3493 4837 ‘

1887 4952 2048 5006 modo
2067 4947 2451 5002 manifestatus
2488 4940 2617 4996 est?
2651 4934 2933 5009 lllysterio,
2959 4929 3163 5001 inquit,
3191 4925 3466 4987 revelato;

1891 5060 2017 5101 nam
2044 5039 2267 5098 aeternis
2314 5034 2662 5105 temporibus
2697 5031 2927 5086 tacitum
2953 5032 3107 5082 erat:
3161 5021 3263 5077 soli
3313 5017 3473 5074 Patri

1891 5144 1948 5193 et
1970 5134 2110 5190 Filio
2135 5140 2195 5186 et
2223 5127 2662 5198 Splrituisancto
2684 5121 2964 5192 cognitum
2991 5124 3114 5173 erat
3139 5134 3152 5168 :
3183 5127 3332 5169 nunc
3363 5126 3465 5165 au-

1892 5238 2003 5284 tem
2032 5225 2275 5280 revelato
2304 5219 2589 5292 mysterio,
2620 5217 2675 5270 in
2708 5227 2902 5270 omnes
2922 5219 3116 5283 gentes
3144 5205 3464 5262 manifesta-

1897 5329 1986 5375 tus
2003 5327 2090 5374 est
2123 5316 2399 5381 Christus,
2428 5311 2571 5382 quod
2604 5309 2778 5366 Filius
2812 5307 2907 5362 Dei
2937 5306 3008 5360 sit
3050 5319 3113 5359 ac
3136 5303 3283 5357 Deus
3312 5299 3467 5370 ejus-

1893 5415 2019 5469 dem
2069 5407 2408 5466 substantiae.
2458 5403 2565 5459 Sed
2600 5399 2878 5472 quomodo
2916 5395 3301 5451 manifestatus
3342 5388 3476 5444 est?

1892 5507 1998 5562 Per
2024 5502 2343 5574 prophetas,
2382 5512 2482 5569 per
2511 5493 2830 5565 Scripturas
2865 5491 3105 5546 illorum.
3137 5485 3206 5540 Et
3231 5481 3375 5538 unde
3407 5478 3469 5533 hi

1897 5598 2071 5656 locuti
2103 5602 2236 5654 sunt
2265 5608 2330 5651 ac
2373 5587 2759 5662 scripserunt?
2787 5581 3027 5639 lubente
3057 5593 3122 5634 ac
3160 5575 3468 5646 inspirante

1895 5691 2248 5748 sanctissimo
2297 5687 2541 5760 Spiritu:
2583 5682 2735 5737 hunc
2774 5675 2923 5733 enim
2969 5682 3240 5730 aeternum
3293 5667 3468 5721 Deum

277 5801 322 5833 ιτ
353 5785 514 5870 Joan.
550 5807 680 5870 sint,
716 5795 770 5853 5.
828 5796 873 5830 ”
903 5795 1060 5855 Joan.
1094 5807 1206 5864 τιν,
1242 5797 1298 5854 9.
1383 5797 1429 5831 ⁵³
1461 5795 1618 5856 Joan.
1661 5799 1766 5870 ιλ

1933 5807 1976 5839 ⁸ο
2007 5804 2192 5860 Matth.
2227 5819 2336 5867 am,
2375 5801 2458 5856 l6.
2539 5797 2576 5830 "
2619 5793 2781 5852 Joan.
2847 5807 2900 5857 ν,
2965 5786 3055 5842 22.

3163 5783 3209 5815 “
3272 5779 3464 5838 Mulli}.
