  <div class='ocr_page' id='page_1' title='image "/cluster/home/n/w/nwhite01/storage/ocr_20150623/118/hvd.32044019208149/353.png"; bbox 0 0 3880 6566; ppageno 0'>
   <div class='ocr_carea' id='block_1_1' title="bbox 514 422 617 486">
    <p class='ocr_par' dir='ltr' id='par_1_1' title="bbox 514 422 617 486">
     <span class='ocr_line' id='line_1_1' title="bbox 514 422 617 486; baseline -0.029 -1"><span class='ocrx_word' id='word_1_1' title='bbox 514 422 617 486; x_wconf 76' lang='grc' dir='ltr'><strong>ευι</strong></span> 
     </span>
    </p>
   </div>
   <div class='ocr_carea' id='block_1_2' title="bbox 1571 415 3670 497">
    <p class='ocr_par' dir='ltr' id='par_1_2' title="bbox 1571 415 3670 497">
     <span class='ocr_line' id='line_1_2' title="bbox 1571 415 3670 497; baseline 0.009 -20"><span class='ocrx_word' id='word_1_2' title='bbox 1571 416 1968 478; x_wconf 82' lang='lat' dir='ltr'><strong>(ECUMENII</strong></span> <span class='ocrx_word' id='word_1_3' title='bbox 2003 415 2295 476; x_wconf 62' lang='lat' dir='ltr'><strong>TRICCE</strong></span> <span class='ocrx_word' id='word_1_4' title='bbox 2319 418 2661 478; x_wconf 82' lang='lat' dir='ltr'><strong>EPISCOPI</strong></span> <span class='ocrx_word' id='word_1_5' title='bbox 3590 434 3670 497; x_wconf 76' lang='lat'><strong>608</strong></span> 
     </span>
    </p>
   </div>
   <div class='ocr_carea' id='block_1_3' title="bbox 515 526 2064 611">
    <p class='ocr_par' dir='ltr' id='par_1_3' title="bbox 515 526 2064 598">
     <span class='ocr_line' id='line_1_3' title="bbox 515 526 2064 598; baseline -0.003 -12"><span class='ocrx_word' id='word_1_6' title='bbox 515 538 694 597; x_wconf 83' lang='lat' dir='ltr'><strong>vocat,</strong></span> <span class='ocrx_word' id='word_1_7' title='bbox 744 529 848 586; x_wconf 91' lang='lat' dir='ltr'><strong>hoc</strong></span> <span class='ocrx_word' id='word_1_8' title='bbox 879 538 983 594; x_wconf 90' lang='lat' dir='ltr'><strong>est,</strong></span> <span class='ocrx_word' id='word_1_9' title='bbox 1034 545 1143 584; x_wconf 91' lang='lat' dir='ltr'><strong>non</strong></span> <span class='ocrx_word' id='word_1_10' title='bbox 1189 527 1564 598; x_wconf 71' lang='lat' dir='ltr'><strong>temporalem.</strong></span> <span class='ocrx_word' id='word_1_11' title='bbox 1623 526 1782 594; x_wconf 85' lang='lat' dir='ltr'><strong>Quod</strong></span> <span class='ocrx_word' id='word_1_12' title='bbox 1817 543 1950 598; x_wconf 91' lang='lat' dir='ltr'><strong>ergo</strong></span> <span class='ocrx_word' id='word_1_13' title='bbox 1998 541 2064 582; x_wconf 86' lang='lat' dir='ltr'><strong>es</strong></span> 
     </span>
    </p>
   </div>
   <div class='ocr_carea' id='block_1_4' title="bbox 2170 526 3676 611">
    <p class='ocr_par' dir='ltr' id='par_1_4' title="bbox 2185 529 3676 611">
     <span class='ocr_line' id='line_1_4' title="bbox 2185 529 3676 611; baseline 0.011 -30"><span class='ocrx_word' id='word_1_14' title='bbox 2185 529 2317 582; x_wconf 79' lang='grc' dir='ltr'><strong>Θεὸν</strong></span> <span class='ocrx_word' id='word_1_15' title='bbox 2354 530 2526 591; x_wconf 77' lang='grc' dir='ltr'><strong>καλεῖ,</strong></span> <span class='ocrx_word' id='word_1_16' title='bbox 2564 531 2861 596; x_wconf 74' lang='grc' dir='ltr'><strong>τουτέστιν,</strong></span> <span class='ocrx_word' id='word_1_17' title='bbox 2891 532 3132 600; x_wconf 80' lang='grc' dir='ltr'><strong>ἄχρονον.</strong></span> <span class='ocrx_word' id='word_1_18' title='bbox 3161 532 3225 586; x_wconf 86' lang='grc' dir='ltr'><strong>Τί</strong></span> <span class='ocrx_word' id='word_1_19' title='bbox 3249 534 3337 588; x_wconf 78' lang='grc' dir='ltr'><strong>οῦν</strong></span> <span class='ocrx_word' id='word_1_20' title='bbox 3365 535 3419 590; x_wconf 77' lang='grc' dir='ltr'><strong>τὸ</strong></span> <span class='ocrx_word' id='word_1_21' title='bbox 3450 538 3676 611; x_wconf 72' lang='grc' dir='ltr'><strong>ἓργοντῶν</strong></span> 
     </span>
    </p>
   </div>
   <div class='ocr_carea' id='block_1_5' title="bbox 513 618 2086 692">
    <p class='ocr_par' dir='ltr' id='par_1_5' title="bbox 513 618 2086 692">
     <span class='ocr_line' id='line_1_5' title="bbox 513 618 2086 692; baseline -0.001 -18"><span class='ocrx_word' id='word_1_22' title='bbox 513 638 654 692; x_wconf 86' lang='lat' dir='ltr'><strong>opus</strong></span> <span class='ocrx_word' id='word_1_23' title='bbox 693 621 1137 692; x_wconf 83' lang='lat' dir='ltr'><strong>prapheticarum</strong></span> <span class='ocrx_word' id='word_1_24' title='bbox 1180 619 1612 688; x_wconf 90' lang='lat' dir='ltr'><strong>Scripturarum,</strong></span> <span class='ocrx_word' id='word_1_25' title='bbox 1649 634 1788 688; x_wconf 89' lang='lat' dir='ltr'><strong>quas</strong></span> <span class='ocrx_word' id='word_1_26' title='bbox 1834 635 1932 689; x_wconf 91' lang='lat' dir='ltr'><strong>per</strong></span> <span class='ocrx_word' id='word_1_27' title='bbox 1961 618 2086 689; x_wconf 79' lang='lat' dir='ltr'><strong>Spi-</strong></span> 
     </span>
    </p>
   </div>
   <div class='ocr_carea' id='block_1_6' title="bbox 515 709 2082 769">
    <p class='ocr_par' dir='ltr' id='par_1_6' title="bbox 515 709 2082 769">
     <span class='ocr_line' id='line_1_6' title="bbox 515 709 2082 769; baseline -0.003 0"><span class='ocrx_word' id='word_1_28' title='bbox 515 715 682 769; x_wconf 95' lang='lat' dir='ltr'><strong>ritum</strong></span> <span class='ocrx_word' id='word_1_29' title='bbox 729 713 894 768; x_wconf 91' lang='lat' dir='ltr'><strong>locuti</strong></span> <span class='ocrx_word' id='word_1_30' title='bbox 918 712 1084 766; x_wconf 86' lang='lat' dir='ltr'><strong>sunt?</strong></span> <span class='ocrx_word' id='word_1_31' title='bbox 1109 720 1168 765; x_wconf 91' lang='lat' dir='ltr'><strong>ut</strong></span> <span class='ocrx_word' id='word_1_32' title='bbox 1198 710 1642 766; x_wconf 86' lang='lat' dir='ltr'><strong>manifestaretur</strong></span> <span class='ocrx_word' id='word_1_33' title='bbox 1671 709 1934 765; x_wconf 76' lang='lat' dir='ltr'><strong>Christus</strong></span> <span class='ocrx_word' id='word_1_34' title='bbox 1960 725 2082 764; x_wconf 90' lang='lat' dir='ltr'><strong>om-</strong></span> 
     </span>
    </p>
   </div>
   <div class='ocr_carea' id='block_1_7' title="bbox 512 800 2080 873">
    <p class='ocr_par' dir='ltr' id='par_1_7' title="bbox 512 800 2080 873">
     <span class='ocr_line' id='line_1_7' title="bbox 512 800 2080 873; baseline -0.003 -15"><span class='ocrx_word' id='word_1_35' title='bbox 512 805 677 858; x_wconf 82' lang='lat' dir='ltr'><strong>nibus</strong></span> <span class='ocrx_word' id='word_1_36' title='bbox 700 803 973 873; x_wconf 81' lang='lat' dir='ltr'><strong>gentibus.</strong></span> <span class='ocrx_word' id='word_1_37' title='bbox 999 801 1324 869; x_wconf 83' lang='lat' dir='ltr'><strong>Quomodo?</strong></span> <span class='ocrx_word' id='word_1_38' title='bbox 1356 801 1492 855; x_wconf 83' lang='lat' dir='ltr'><strong>Dum</strong></span> <span class='ocrx_word' id='word_1_39' title='bbox 1518 802 1595 856; x_wconf 86' lang='lat' dir='ltr'><strong>illi</strong></span> <span class='ocrx_word' id='word_1_40' title='bbox 1619 801 1912 856; x_wconf 90' lang='lat' dir='ltr'><strong>obedirent</strong></span> <span class='ocrx_word' id='word_1_41' title='bbox 1929 800 2080 864; x_wconf 84' lang='lat' dir='ltr'><strong>ﬁdei,</strong></span> 
     </span>
    </p>
   </div>
   <div class='ocr_carea' id='block_1_8' title="bbox 511 893 2084 965">
    <p class='ocr_par' dir='ltr' id='par_1_8' title="bbox 511 893 2084 965">
     <span class='ocr_line' id='line_1_8' title="bbox 511 893 2084 965; baseline -0.001 -18"><span class='ocrx_word' id='word_1_42' title='bbox 511 893 676 965; x_wconf 66' lang='grc'><strong>394</strong></span> <span class='ocrx_word' id='word_1_43' title='bbox 704 909 800 962; x_wconf 90' lang='lat' dir='ltr'><strong>per</strong></span> <span class='ocrx_word' id='word_1_44' title='bbox 828 909 923 948; x_wconf 90' lang='lat' dir='ltr'><strong>eos</strong></span> <span class='ocrx_word' id='word_1_45' title='bbox 951 895 1043 963; x_wconf 87' lang='lat' dir='ltr'><strong>qui</strong></span> <span class='ocrx_word' id='word_1_46' title='bbox 1077 894 1248 962; x_wconf 83' lang='lat' dir='ltr'><strong>ipsam</strong></span> <span class='ocrx_word' id='word_1_47' title='bbox 1275 893 1384 948; x_wconf 89' lang='lat' dir='ltr'><strong>illis</strong></span> <span class='ocrx_word' id='word_1_48' title='bbox 1404 894 1905 947; x_wconf 80' lang='lat' dir='ltr'><strong>annuntiaverunt:</strong></span> <span class='ocrx_word' id='word_1_49' title='bbox 1943 907 2084 962; x_wconf 90' lang='lat' dir='ltr'><strong>quo-</strong></span> 
     </span>
    </p>
   </div>
   <div class='ocr_carea' id='block_1_9' title="bbox 510 983 2078 1054">
    <p class='ocr_par' dir='ltr' id='par_1_9' title="bbox 510 983 2078 1054">
     <span class='ocr_line' id='line_1_9' title="bbox 510 983 2078 1054; baseline 0 -16"><span class='ocrx_word' id='word_1_50' title='bbox 510 1001 631 1038; x_wconf 87' lang='lat' dir='ltr'><strong>rum</strong></span> <span class='ocrx_word' id='word_1_51' title='bbox 665 984 951 1052; x_wconf 83' lang='lat' dir='ltr'><strong>plurimam</strong></span> <span class='ocrx_word' id='word_1_52' title='bbox 991 995 1200 1052; x_wconf 86' lang='lat' dir='ltr'><strong>partem</strong></span> <span class='ocrx_word' id='word_1_53' title='bbox 1232 983 1383 1038; x_wconf 85' lang='lat' dir='ltr'><strong>l’auli</strong></span> <span class='ocrx_word' id='word_1_54' title='bbox 1416 999 1614 1039; x_wconf 88' lang='lat' dir='ltr'><strong>cursus</strong></span> <span class='ocrx_word' id='word_1_55' title='bbox 1644 995 1701 1039; x_wconf 91' lang='lat' dir='ltr'><strong>ct</strong></span> <span class='ocrx_word' id='word_1_56' title='bbox 1723 984 2078 1054; x_wconf 87' lang='lat' dir='ltr'><strong>Evangelium</strong></span> 
     </span>
    </p>
   </div>
   <div class='ocr_carea' id='block_1_10' title="bbox 508 1075 2080 1146">
    <p class='ocr_par' dir='ltr' id='par_1_10' title="bbox 508 1075 2080 1146">
     <span class='ocr_line' id='line_1_10' title="bbox 508 1075 2080 1146; baseline 0 -17"><span class='ocrx_word' id='word_1_57' title='bbox 508 1077 760 1146; x_wconf 83' lang='lat' dir='ltr'><strong>perfecit.</strong></span> <span class='ocrx_word' id='word_1_58' title='bbox 800 1077 981 1130; x_wconf 89' lang='lat' dir='ltr'><strong>Habes</strong></span> <span class='ocrx_word' id='word_1_59' title='bbox 1025 1076 1192 1144; x_wconf 84' lang='lat' dir='ltr'><strong>igitur</strong></span> <span class='ocrx_word' id='word_1_60' title='bbox 1223 1084 1279 1130; x_wconf 88' lang='lat' dir='ltr'><strong>et</strong></span> <span class='ocrx_word' id='word_1_61' title='bbox 1313 1076 1403 1130; x_wconf 88' lang='lat' dir='ltr'><strong>hic</strong></span> <span class='ocrx_word' id='word_1_62' title='bbox 1447 1077 1798 1146; x_wconf 75' lang='lat' dir='ltr'><strong>coniunctam</strong></span> <span class='ocrx_word' id='word_1_63' title='bbox 1836 1075 2080 1129; x_wconf 36' lang='lat' dir='ltr'><strong>Trinitas</strong></span> 
     </span>
    </p>
   </div>
   <div class='ocr_carea' id='block_1_11' title="bbox 509 1167 2073 1238">
    <p class='ocr_par' dir='ltr' id='par_1_11' title="bbox 509 1167 2073 1238">
     <span class='ocr_line' id='line_1_11' title="bbox 509 1167 2073 1238; baseline 0.001 -18"><span class='ocrx_word' id='word_1_64' title='bbox 509 1178 638 1221; x_wconf 89' lang='lat' dir='ltr'><strong>tem.</strong></span> <span class='ocrx_word' id='word_1_65' title='bbox 679 1169 736 1222; x_wconf 92' lang='lat' dir='ltr'><strong>ln</strong></span> <span class='ocrx_word' id='word_1_66' title='bbox 760 1183 826 1222; x_wconf 88' lang='lat' dir='ltr'><strong>eo</strong></span> <span class='ocrx_word' id='word_1_67' title='bbox 847 1169 1067 1238; x_wconf 86' lang='lat' dir='ltr'><strong>quidem</strong></span> <span class='ocrx_word' id='word_1_68' title='bbox 1092 1168 1237 1237; x_wconf 90' lang='lat' dir='ltr'><strong>quod</strong></span> <span class='ocrx_word' id='word_1_69' title='bbox 1266 1168 1509 1221; x_wconf 90' lang='lat' dir='ltr'><strong>dicitur:</strong></span> <span class='ocrx_word' id='word_1_70' title='bbox 1543 1186 1560 1218; x_wconf 84' lang='grc' dir='ltr'><strong>ι</strong></span> <span class='ocrx_word' id='word_1_71' title='bbox 1600 1167 1844 1236; x_wconf 85' lang='lat' dir='ltr'><strong>Sapienti</strong></span> <span class='ocrx_word' id='word_1_72' title='bbox 1876 1168 2009 1233; x_wconf 75' lang='lat' dir='ltr'><strong>Deo,</strong></span> <span class='ocrx_word' id='word_1_73' title='bbox 2055 1187 2073 1221; x_wconf 78' lang='grc' dir='ltr'><strong>ι</strong></span> 
     </span>
    </p>
   </div>
   <div class='ocr_carea' id='block_1_12' title="bbox 506 1259 2082 1330">
    <p class='ocr_par' dir='ltr' id='par_1_12' title="bbox 506 1259 2082 1330">
     <span class='ocr_line' id='line_1_12' title="bbox 506 1259 2082 1330; baseline 0 -16"><span class='ocrx_word' id='word_1_74' title='bbox 506 1260 758 1326; x_wconf 84' lang='lat' dir='ltr'><strong>Patrem;</strong></span> <span class='ocrx_word' id='word_1_75' title='bbox 790 1277 887 1330; x_wconf 86' lang='lat' dir='ltr'><strong>per</strong></span> <span class='ocrx_word' id='word_1_76' title='bbox 914 1260 1050 1314; x_wconf 89' lang='lat' dir='ltr'><strong>illud</strong></span> <span class='ocrx_word' id='word_1_77' title='bbox 1081 1269 1262 1314; x_wconf 86' lang='lat' dir='ltr'><strong>autem</strong></span> <span class='ocrx_word' id='word_1_78' title='bbox 1300 1259 1445 1329; x_wconf 90' lang='lat' dir='ltr'><strong>quod</strong></span> <span class='ocrx_word' id='word_1_79' title='bbox 1476 1260 1552 1314; x_wconf 90' lang='lat' dir='ltr'><strong>ait</strong></span> <span class='ocrx_word' id='word_1_80' title='bbox 1581 1277 1594 1312; x_wconf 93' lang='lat'><strong>:</strong></span> <span class='ocrx_word' id='word_1_81' title='bbox 1633 1279 1651 1311; x_wconf 83' lang='grc' dir='ltr'><strong>ι</strong></span> <span class='ocrx_word' id='word_1_82' title='bbox 1679 1260 1863 1314; x_wconf 85' lang='lat' dir='ltr'><strong>Jesum</strong></span> <span class='ocrx_word' id='word_1_83' title='bbox 1919 1259 2082 1315; x_wconf 84' lang='lat' dir='ltr'><strong>Chri-</strong></span> 
     </span>
    </p>
   </div>
   <div class='ocr_carea' id='block_1_13' title="bbox 510 1351 2080 1421">
    <p class='ocr_par' dir='ltr' id='par_1_13' title="bbox 510 1351 2080 1421">
     <span class='ocr_line' id='line_1_13' title="bbox 510 1351 2080 1421; baseline -0.001 -15"><span class='ocrx_word' id='word_1_84' title='bbox 510 1362 682 1418; x_wconf 79' lang='lat' dir='ltr'><strong>stum,</strong></span> <span class='ocrx_word' id='word_1_85' title='bbox 728 1370 747 1404; x_wconf 72' lang='grc' dir='ltr'><strong>ι</strong></span> <span class='ocrx_word' id='word_1_86' title='bbox 783 1352 1004 1421; x_wconf 89' lang='lat' dir='ltr'><strong>planum</strong></span> <span class='ocrx_word' id='word_1_87' title='bbox 1031 1359 1115 1406; x_wconf 88' lang='lat' dir='ltr'><strong>est</strong></span> <span class='ocrx_word' id='word_1_88' title='bbox 1161 1351 1307 1421; x_wconf 90' lang='lat' dir='ltr'><strong>quod</strong></span> <span class='ocrx_word' id='word_1_89' title='bbox 1345 1351 1573 1416; x_wconf 86' lang='lat' dir='ltr'><strong>Filium;</strong></span> <span class='ocrx_word' id='word_1_90' title='bbox 1617 1358 1876 1405; x_wconf 65' lang='lat' dir='ltr'><strong>caeterum</strong></span> <span class='ocrx_word' id='word_1_91' title='bbox 1917 1366 1982 1405; x_wconf 85' lang='lat' dir='ltr'><strong>ex</strong></span> <span class='ocrx_word' id='word_1_92' title='bbox 2011 1366 2080 1406; x_wconf 90' lang='lat' dir='ltr'><strong>eo</strong></span> 
     </span>
    </p>
   </div>
   <div class='ocr_carea' id='block_1_14' title="bbox 504 1443 2078 1516">
    <p class='ocr_par' dir='ltr' id='par_1_14' title="bbox 504 1443 2078 1516">
     <span class='ocr_line' id='line_1_14' title="bbox 504 1443 2078 1516; baseline 0.003 -20"><span class='ocrx_word' id='word_1_93' title='bbox 504 1447 648 1513; x_wconf 91' lang='lat' dir='ltr'><strong>quod</strong></span> <span class='ocrx_word' id='word_1_94' title='bbox 687 1444 991 1500; x_wconf 89' lang='lat' dir='ltr'><strong>secundum</strong></span> <span class='ocrx_word' id='word_1_95' title='bbox 1039 1455 1371 1516; x_wconf 63' lang='lat' dir='ltr'><strong>praeceptum</strong></span> <span class='ocrx_word' id='word_1_96' title='bbox 1411 1443 1599 1499; x_wconf 73' lang='lat' dir='ltr'><strong>aeterni</strong></span> <span class='ocrx_word' id='word_1_97' title='bbox 1643 1443 1736 1498; x_wconf 87' lang='lat' dir='ltr'><strong>Dei</strong></span> <span class='ocrx_word' id='word_1_98' title='bbox 1782 1443 2078 1514; x_wconf 89' lang='lat' dir='ltr'><strong>prophetas</strong></span> 
     </span>
    </p>
   </div>
   <div class='ocr_carea' id='block_1_15' title="bbox 504 1533 2078 1604">
    <p class='ocr_par' dir='ltr' id='par_1_15' title="bbox 504 1533 2078 1604">
     <span class='ocr_line' id='line_1_15' title="bbox 504 1533 2078 1604; baseline 0.001 -16"><span class='ocrx_word' id='word_1_99' title='bbox 504 1535 581 1590; x_wconf 87' lang='lat' dir='ltr'><strong>ait</strong></span> <span class='ocrx_word' id='word_1_100' title='bbox 629 1536 958 1589; x_wconf 88' lang='lat' dir='ltr'><strong>vaticinatos</strong></span> <span class='ocrx_word' id='word_1_101' title='bbox 1008 1535 1198 1599; x_wconf 88' lang='lat' dir='ltr'><strong>fuisse,</strong></span> <span class='ocrx_word' id='word_1_102' title='bbox 1230 1535 1494 1604; x_wconf 90' lang='lat' dir='ltr'><strong>Spiritum</strong></span> <span class='ocrx_word' id='word_1_103' title='bbox 1528 1542 1801 1588; x_wconf 89' lang='lat' dir='ltr'><strong>sanctum.</strong></span> <span class='ocrx_word' id='word_1_104' title='bbox 1859 1533 1928 1587; x_wconf 90' lang='lat' dir='ltr'><strong>Et</strong></span> <span class='ocrx_word' id='word_1_105' title='bbox 1951 1534 2078 1589; x_wconf 84' lang='lat' dir='ltr'><strong>vide</strong></span> 
     </span>
    </p>
   </div>
   <div class='ocr_carea' id='block_1_16' title="bbox 503 1626 2075 1683">
    <p class='ocr_par' dir='ltr' id='par_1_16' title="bbox 503 1626 2075 1683">
     <span class='ocr_line' id='line_1_16' title="bbox 503 1626 2075 1683; baseline 0.001 -2"><span class='ocrx_word' id='word_1_106' title='bbox 503 1636 719 1681; x_wconf 88' lang='lat' dir='ltr'><strong>acutam</strong></span> <span class='ocrx_word' id='word_1_107' title='bbox 757 1629 930 1683; x_wconf 89' lang='lat' dir='ltr'><strong>aciem</strong></span> <span class='ocrx_word' id='word_1_108' title='bbox 966 1628 1220 1682; x_wconf 86' lang='lat' dir='ltr'><strong>sublimis</strong></span> <span class='ocrx_word' id='word_1_109' title='bbox 1253 1643 1315 1682; x_wconf 92' lang='lat' dir='ltr'><strong>ac</strong></span> <span class='ocrx_word' id='word_1_110' title='bbox 1348 1643 1476 1682; x_wconf 80' lang='lat' dir='ltr'><strong>vere</strong></span> <span class='ocrx_word' id='word_1_111' title='bbox 1522 1626 1766 1682; x_wconf 67' lang='lat' dir='ltr'><strong>caelestis</strong></span> <span class='ocrx_word' id='word_1_112' title='bbox 1793 1627 2075 1682; x_wconf 86' lang='lat' dir='ltr'><strong>discursus</strong></span> 
     </span>
    </p>
   </div>
   <div class='ocr_carea' id='block_1_17' title="bbox 507 1721 2076 1792">
    <p class='ocr_par' dir='ltr' id='par_1_17' title="bbox 507 1721 2076 1792">
     <span class='ocr_line' id='line_1_17' title="bbox 507 1721 2076 1792; baseline -0.001 -16"><span class='ocrx_word' id='word_1_113' title='bbox 507 1723 710 1776; x_wconf 88' lang='lat' dir='ltr'><strong>mentis</strong></span> <span class='ocrx_word' id='word_1_114' title='bbox 760 1723 934 1777; x_wconf 86' lang='lat' dir='ltr'><strong>Pauli.</strong></span> <span class='ocrx_word' id='word_1_115' title='bbox 988 1721 1272 1792; x_wconf 85' lang='lat' dir='ltr'><strong>Siquidem</strong></span> <span class='ocrx_word' id='word_1_116' title='bbox 1307 1722 1565 1792; x_wconf 85' lang='lat' dir='ltr'><strong>quoniam</strong></span> <span class='ocrx_word' id='word_1_117' title='bbox 1610 1721 1915 1791; x_wconf 90' lang='lat' dir='ltr'><strong>sapientem</strong></span> <span class='ocrx_word' id='word_1_118' title='bbox 1963 1735 2076 1775; x_wconf 52' lang='lat' dir='ltr'><strong>om.</strong></span> 
     </span>
    </p>
   </div>
   <div class='ocr_carea' id='block_1_18' title="bbox 503 1809 2072 1881">
    <p class='ocr_par' dir='ltr' id='par_1_18' title="bbox 503 1809 2072 1881">
     <span class='ocr_line' id='line_1_18' title="bbox 503 1809 2072 1881; baseline 0.002 -19"><span class='ocrx_word' id='word_1_119' title='bbox 503 1809 636 1864; x_wconf 91' lang='lat' dir='ltr'><strong>nino</strong></span> <span class='ocrx_word' id='word_1_120' title='bbox 676 1809 944 1879; x_wconf 85' lang='lat' dir='ltr'><strong>Spiritum</strong></span> <span class='ocrx_word' id='word_1_121' title='bbox 994 1827 1138 1876; x_wconf 90' lang='lat' dir='ltr'><strong>esse,</strong></span> <span class='ocrx_word' id='word_1_122' title='bbox 1206 1813 1485 1866; x_wconf 90' lang='lat' dir='ltr'><strong>nullorum</strong></span> <span class='ocrx_word' id='word_1_123' title='bbox 1541 1820 1691 1881; x_wconf 88' lang='lat' dir='ltr'><strong>patet</strong></span> <span class='ocrx_word' id='word_1_124' title='bbox 1744 1811 2072 1865; x_wconf 68' lang='lat' dir='ltr'><strong>calumniae:</strong></span> 
     </span>
    </p>
   </div>
   <div class='ocr_carea' id='block_1_19' title="bbox 2187 619 3679 706">
    <p class='ocr_par' dir='ltr' id='par_1_19' title="bbox 2187 619 3679 706">
     <span class='ocr_line' id='line_1_19' title="bbox 2187 619 3679 706; baseline 0.005 -36"><span class='ocrx_word' id='word_1_125' title='bbox 2187 619 2544 689; x_wconf 76' lang='grc' dir='ltr'><strong>προφητικῶν</strong></span> <span class='ocrx_word' id='word_1_126' title='bbox 2577 620 2829 690; x_wconf 82' lang='grc' dir='ltr'><strong>Γραφῶν,</strong></span> <span class='ocrx_word' id='word_1_127' title='bbox 2871 621 2934 684; x_wconf 78' lang='grc' dir='ltr'><strong>ἃς</strong></span> <span class='ocrx_word' id='word_1_128' title='bbox 2964 622 3052 675; x_wconf 80' lang='grc' dir='ltr'><strong>διὰ</strong></span> <span class='ocrx_word' id='word_1_129' title='bbox 3090 622 3182 675; x_wconf 88' lang='grc' dir='ltr'><strong>τοῦ</strong></span> <span class='ocrx_word' id='word_1_130' title='bbox 3223 624 3511 694; x_wconf 79' lang='grc' dir='ltr'><strong>Πνεῦματος</strong></span> <span class='ocrx_word' id='word_1_131' title='bbox 3535 633 3679 706; x_wconf 75' lang='grc' dir='ltr'><strong>ἐλάλη.</strong></span> 
     </span>
    </p>
   </div>
   <div class='ocr_carea' id='block_1_20' title="bbox 2187 710 3676 792">
    <p class='ocr_par' dir='ltr' id='par_1_20' title="bbox 2187 710 3676 792">
     <span class='ocr_line' id='line_1_20' title="bbox 2187 710 3676 792; baseline 0.03 -58"><span class='ocrx_word' id='word_1_132' title='bbox 2187 725 2322 773; x_wconf 50' lang='lat' dir='ltr'><strong>ac,”</strong></span> <span class='ocrx_word' id='word_1_133' title='bbox 2352 710 2728 781; x_wconf 71' lang='grc' dir='ltr'><strong>Γνωρισθῆναι</strong></span> <span class='ocrx_word' id='word_1_134' title='bbox 2756 711 2850 764; x_wconf 56' lang='grc' dir='ltr'><strong>τὸν</strong></span> <span class='ocrx_word' id='word_1_135' title='bbox 2889 713 3124 781; x_wconf 75' lang='grc' dir='ltr'><strong>Χριστὸν</strong></span> <span class='ocrx_word' id='word_1_136' title='bbox 3163 716 3323 768; x_wconf 72' lang='grc' dir='ltr'><strong>πᾶσιν</strong></span> <span class='ocrx_word' id='word_1_137' title='bbox 3355 716 3529 775; x_wconf 77' lang='grc' dir='ltr'><strong>ἔθνεσι.</strong></span> <span class='ocrx_word' id='word_1_138' title='bbox 3555 723 3676 792; x_wconf 84' lang='grc' dir='ltr'><strong>Πῶς;</strong></span> 
     </span>
    </p>
   </div>
   <div class='ocr_carea' id='block_1_21' title="bbox 2199 798 3678 882">
    <p class='ocr_par' dir='ltr' id='par_1_21' title="bbox 2199 798 3678 882">
     <span class='ocr_line' id='line_1_21' title="bbox 2199 798 3678 882; baseline 0.009 -30"><span class='ocrx_word' id='word_1_139' title='bbox 2199 798 2659 854; x_wconf 84' lang='grc' dir='ltr'><strong>’Υπακουσάντων</strong></span> <span class='ocrx_word' id='word_1_140' title='bbox 2693 803 2876 856; x_wconf 80' lang='grc' dir='ltr'><strong>αὐτῶν</strong></span> <span class='ocrx_word' id='word_1_141' title='bbox 2914 806 2979 874; x_wconf 82' lang='grc' dir='ltr'><strong>τῇ</strong></span> <span class='ocrx_word' id='word_1_142' title='bbox 3017 805 3216 866; x_wconf 88' lang='grc' dir='ltr'><strong>πίστει,</strong></span> <span class='ocrx_word' id='word_1_143' title='bbox 3247 805 3330 860; x_wconf 78' lang='grc' dir='ltr'><strong>διὰ</strong></span> <span class='ocrx_word' id='word_1_144' title='bbox 3370 811 3466 862; x_wconf 88' lang='grc' dir='ltr'><strong>τῶν</strong></span> <span class='ocrx_word' id='word_1_145' title='bbox 3498 813 3678 882; x_wconf 84' lang='grc' dir='ltr'><strong>εὐαγγε-</strong></span> 
     </span>
    </p>
   </div>
   <div class='ocr_carea' id='block_1_22' title="bbox 2182 891 3679 974">
    <p class='ocr_par' dir='ltr' id='par_1_22' title="bbox 2182 891 3679 974">
     <span class='ocr_line' id='line_1_22' title="bbox 2182 891 3679 974; baseline 0.009 -30"><span class='ocrx_word' id='word_1_146' title='bbox 2182 891 2492 960; x_wconf 77' lang='grc' dir='ltr'><strong>λισαμένων</strong></span> <span class='ocrx_word' id='word_1_147' title='bbox 2527 893 2712 957; x_wconf 76' lang='grc' dir='ltr'><strong>αὐτοῖς</strong></span> <span class='ocrx_word' id='word_1_148' title='bbox 2745 894 2973 964; x_wconf 78' lang='grc' dir='ltr'><strong>ταύτην.</strong></span> <span class='ocrx_word' id='word_1_149' title='bbox 3018 891 3119 948; x_wconf 82' lang='grc' dir='ltr'><strong>Ὧν</strong></span> <span class='ocrx_word' id='word_1_150' title='bbox 3161 895 3222 948; x_wconf 79' lang='grc' dir='ltr'><strong>τὸ</strong></span> <span class='ocrx_word' id='word_1_151' title='bbox 3252 897 3483 953; x_wconf 78' lang='grc' dir='ltr'><strong>πλεῖστον</strong></span> <span class='ocrx_word' id='word_1_152' title='bbox 3509 905 3679 974; x_wconf 75' lang='grc' dir='ltr'><strong>μέροςό</strong></span> 
     </span>
    </p>
   </div>
   <div class='ocr_carea' id='block_1_23' title="bbox 2182 981 3544 1059">
    <p class='ocr_par' dir='ltr' id='par_1_23' title="bbox 2182 981 3544 1059">
     <span class='ocr_line' id='line_1_23' title="bbox 2182 981 3544 1059; baseline 0.008 -25"><span class='ocrx_word' id='word_1_153' title='bbox 2182 981 2275 1034; x_wconf 88' lang='grc' dir='ltr'><strong>τοῦ</strong></span> <span class='ocrx_word' id='word_1_154' title='bbox 2311 982 2521 1038; x_wconf 80' lang='grc' dir='ltr'><strong>Παύλου</strong></span> <span class='ocrx_word' id='word_1_155' title='bbox 2554 983 2754 1056; x_wconf 79' lang='grc' dir='ltr'><strong>δρόμος</strong></span> <span class='ocrx_word' id='word_1_156' title='bbox 2785 985 2879 1038; x_wconf 72' lang='grc' dir='ltr'><strong>καὶ</strong></span> <span class='ocrx_word' id='word_1_157' title='bbox 2909 985 2968 1038; x_wconf 83' lang='grc' dir='ltr'><strong>τὺ</strong></span> <span class='ocrx_word' id='word_1_158' title='bbox 2995 985 3319 1053; x_wconf 56' lang='lat' dir='ltr'><strong>manum</strong></span> <span class='ocrx_word' id='word_1_159' title='bbox 3351 991 3544 1059; x_wconf 73' lang='grc' dir='ltr'><strong>ἧνυσεν.</strong></span> 
     </span>
    </p>
   </div>
   <div class='ocr_carea' id='block_1_24' title="bbox 2259 1069 3677 1157">
    <p class='ocr_par' dir='ltr' id='par_1_24' title="bbox 2259 1069 3677 1157">
     <span class='ocr_line' id='line_1_24' title="bbox 2259 1069 3677 1157; baseline 0.017 -40"><span class='ocrx_word' id='word_1_160' title='bbox 2259 1073 2444 1142; x_wconf 81' lang='grc' dir='ltr'><strong>Ἔχεις</strong></span> <span class='ocrx_word' id='word_1_161' title='bbox 2493 1069 2586 1128; x_wconf 80' lang='grc' dir='ltr'><strong>οὖν</strong></span> <span class='ocrx_word' id='word_1_162' title='bbox 2619 1075 2901 1129; x_wconf 90' lang='grc' dir='ltr'><strong>κάνταῦθα</strong></span> <span class='ocrx_word' id='word_1_163' title='bbox 2929 1076 3030 1146; x_wconf 81' lang='grc' dir='ltr'><strong>τὴν</strong></span> <span class='ocrx_word' id='word_1_164' title='bbox 3073 1077 3278 1148; x_wconf 82' lang='grc' dir='ltr'><strong>Τριάδα</strong></span> <span class='ocrx_word' id='word_1_165' title='bbox 3316 1086 3677 1157; x_wconf 82' lang='grc' dir='ltr'><strong>συναπτομένην.</strong></span> 
     </span>
    </p>
   </div>
   <div class='ocr_carea' id='block_1_25' title="bbox 2181 1161 3679 1242">
    <p class='ocr_par' dir='ltr' id='par_1_25' title="bbox 2181 1161 3679 1242">
     <span class='ocr_line' id='line_1_25' title="bbox 2181 1161 3679 1242; baseline 0.013 -28"><span class='ocrx_word' id='word_1_166' title='bbox 2181 1161 2280 1215; x_wconf 78' lang='grc' dir='ltr'><strong>Διά</strong></span> <span class='ocrx_word' id='word_1_167' title='bbox 2331 1163 2429 1233; x_wconf 74' lang='grc' dir='ltr'><strong>μὲν</strong></span> <span class='ocrx_word' id='word_1_168' title='bbox 2459 1165 2575 1228; x_wconf 89' lang='grc' dir='ltr'><strong>τοῦ,</strong></span> <span class='ocrx_word' id='word_1_169' title='bbox 2626 1185 2644 1217; x_wconf 82' lang='grc' dir='ltr'><strong>ι</strong></span> <span class='ocrx_word' id='word_1_170' title='bbox 2678 1165 2835 1237; x_wconf 82' lang='grc' dir='ltr'><strong>Σοφῷ</strong></span> <span class='ocrx_word' id='word_1_171' title='bbox 2871 1167 3010 1238; x_wconf 86' lang='grc' dir='ltr'><strong>Θεῷ,</strong></span> <span class='ocrx_word' id='word_1_172' title='bbox 3049 1187 3068 1221; x_wconf 76' lang='grc' dir='ltr'><strong>ι</strong></span> <span class='ocrx_word' id='word_1_173' title='bbox 3103 1169 3194 1223; x_wconf 79' lang='grc' dir='ltr'><strong>τὸν</strong></span> <span class='ocrx_word' id='word_1_174' title='bbox 3242 1171 3448 1242; x_wconf 78' lang='grc' dir='ltr'><strong>Πατέρα</strong></span> <span class='ocrx_word' id='word_1_175' title='bbox 3475 1193 3488 1207; x_wconf 83' lang='lat'><strong><em>°</em></strong></span> <span class='ocrx_word' id='word_1_176' title='bbox 3537 1178 3606 1231; x_wconf 71' lang='grc' dir='ltr'><strong>διὰ</strong></span> <span class='ocrx_word' id='word_1_177' title='bbox 3637 1180 3679 1234; x_wconf 70' lang='grc' dir='ltr'><strong>δὲ</strong></span> 
     </span>
    </p>
   </div>
   <div class='ocr_carea' id='block_1_26' title="bbox 2181 1253 3678 1331">
    <p class='ocr_par' dir='ltr' id='par_1_26' title="bbox 2181 1253 3678 1331">
     <span class='ocr_line' id='line_1_26' title="bbox 2181 1253 3678 1331; baseline 0.009 -24"><span class='ocrx_word' id='word_1_178' title='bbox 2181 1253 2301 1319; x_wconf 90' lang='grc' dir='ltr'><strong>τοῦ,</strong></span> <span class='ocrx_word' id='word_1_179' title='bbox 2343 1272 2361 1304; x_wconf 84' lang='grc' dir='ltr'><strong>ι</strong></span> <span class='ocrx_word' id='word_1_180' title='bbox 2394 1256 2572 1323; x_wconf 83' lang='grc' dir='ltr'><strong>Ἰησοῦ</strong></span> <span class='ocrx_word' id='word_1_181' title='bbox 2607 1257 2868 1328; x_wconf 79' lang='grc' dir='ltr'><strong>Χριστοῦ,</strong></span> <span class='ocrx_word' id='word_1_182' title='bbox 2905 1278 2924 1311; x_wconf 69' lang='grc' dir='ltr'><strong>ι</strong></span> <span class='ocrx_word' id='word_1_183' title='bbox 2966 1260 3207 1331; x_wconf 84' lang='grc' dir='ltr'><strong>δηλονότι</strong></span> <span class='ocrx_word' id='word_1_184' title='bbox 3249 1262 3339 1316; x_wconf 85' lang='grc' dir='ltr'><strong>τὸν</strong></span> <span class='ocrx_word' id='word_1_185' title='bbox 3369 1264 3519 1319; x_wconf 81' lang='grc' dir='ltr'><strong>Υίόν·</strong></span> <span class='ocrx_word' id='word_1_186' title='bbox 3552 1269 3622 1324; x_wconf 75' lang='grc' dir='ltr'><strong>διὰ</strong></span> <span class='ocrx_word' id='word_1_187' title='bbox 3638 1272 3678 1325; x_wconf 77' lang='grc' dir='ltr'><strong>δὲ</strong></span> 
     </span>
    </p>
   </div>
   <div class='ocr_carea' id='block_1_27' title="bbox 2179 1347 3679 1430">
    <p class='ocr_par' dir='ltr' id='par_1_27' title="bbox 2179 1347 3679 1430">
     <span class='ocr_line' id='line_1_27' title="bbox 2179 1347 3679 1430; baseline 0.01 -32"><span class='ocrx_word' id='word_1_188' title='bbox 2179 1348 2298 1412; x_wconf 85' lang='grc' dir='ltr'><strong>τοῦ,</strong></span> <span class='ocrx_word' id='word_1_189' title='bbox 2329 1347 2450 1400; x_wconf 82' lang='grc' dir='ltr'><strong>κατ’</strong></span> <span class='ocrx_word' id='word_1_190' title='bbox 2478 1350 2747 1417; x_wconf 72' lang='grc' dir='ltr'><strong>ἐπιταγὴν</strong></span> <span class='ocrx_word' id='word_1_191' title='bbox 2776 1350 2869 1404; x_wconf 85' lang='grc' dir='ltr'><strong>τοῦ</strong></span> <span class='ocrx_word' id='word_1_192' title='bbox 2894 1352 3115 1406; x_wconf 78' lang='grc' dir='ltr'>αἰωνίου</span> <span class='ocrx_word' id='word_1_193' title='bbox 3133 1352 3290 1418; x_wconf 83' lang='grc' dir='ltr'><strong>Θεοῦ,</strong></span> <span class='ocrx_word' id='word_1_194' title='bbox 3316 1355 3432 1419; x_wconf 71' lang='grc' dir='ltr'><strong>τοὺς</strong></span> <span class='ocrx_word' id='word_1_195' title='bbox 3453 1363 3679 1430; x_wconf 63' lang='grc' dir='ltr'><strong>προφήτας</strong></span> 
     </span>
    </p>
   </div>
   <div class='ocr_carea' id='block_1_28' title="bbox 2183 1441 3680 1524">
    <p class='ocr_par' dir='ltr' id='par_1_28' title="bbox 2183 1441 3680 1524">
     <span class='ocr_line' id='line_1_28' title="bbox 2183 1441 3680 1524; baseline 0.007 -30"><span class='ocrx_word' id='word_1_196' title='bbox 2183 1441 2582 1510; x_wconf 78' lang='grc' dir='ltr'><strong>προφητεῦσαι,</strong></span> <span class='ocrx_word' id='word_1_197' title='bbox 2609 1444 2672 1497; x_wconf 80' lang='grc' dir='ltr'><strong>τὺ</strong></span> <span class='ocrx_word' id='word_1_198' title='bbox 2698 1443 2852 1513; x_wconf 74' lang='grc' dir='ltr'><strong>ἅγιον</strong></span> <span class='ocrx_word' id='word_1_199' title='bbox 2883 1447 3129 1516; x_wconf 88' lang='grc' dir='ltr'><strong>Πνεῦμα.</strong></span> <span class='ocrx_word' id='word_1_200' title='bbox 3162 1447 3270 1500; x_wconf 98' lang='lat' dir='ltr'><strong>Kal</strong></span> <span class='ocrx_word' id='word_1_201' title='bbox 3299 1449 3393 1520; x_wconf 85' lang='grc' dir='ltr'><strong>ὅρα</strong></span> <span class='ocrx_word' id='word_1_202' title='bbox 3414 1450 3502 1520; x_wconf 83' lang='grc' dir='ltr'><strong>τῆς</strong></span> <span class='ocrx_word' id='word_1_203' title='bbox 3521 1453 3680 1524; x_wconf 75' lang='grc' dir='ltr'><strong>ὑψηλῆς</strong></span> 
     </span>
    </p>
   </div>
   <div class='ocr_carea' id='block_1_29' title="bbox 2181 1532 3680 1612">
    <p class='ocr_par' dir='ltr' id='par_1_29' title="bbox 2181 1532 3680 1612">
     <span class='ocr_line' id='line_1_29' title="bbox 2181 1532 3680 1612; baseline 0.011 -29"><span class='ocrx_word' id='word_1_204' title='bbox 2181 1532 2275 1584; x_wconf 63' lang='grc' dir='ltr'><strong>καλ¹</strong></span> <span class='ocrx_word' id='word_1_205' title='bbox 2316 1533 2655 1612; x_wconf 45' lang='grc' dir='ltr'><strong>ὠςοάληθῶς</strong></span> <span class='ocrx_word' id='word_1_206' title='bbox 2701 1536 3107 1607; x_wconf 82' lang='grc' dir='ltr'><strong>οὐρανοδρόμου</strong></span> <span class='ocrx_word' id='word_1_207' title='bbox 3138 1538 3376 1604; x_wconf 83' lang='grc' dir='ltr'><strong>διανοίας</strong></span> <span class='ocrx_word' id='word_1_208' title='bbox 3431 1544 3611 1598; x_wconf 79' lang='grc' dir='ltr'><strong>Παύλου</strong></span> <span class='ocrx_word' id='word_1_209' title='bbox 3637 1549 3680 1600; x_wconf 76' lang='grc' dir='ltr'><strong>τὸ</strong></span> 
     </span>
    </p>
   </div>
   <div class='ocr_carea' id='block_1_30' title="bbox 2178 1621 3679 1702">
    <p class='ocr_par' dir='ltr' id='par_1_30' title="bbox 2178 1621 3679 1702">
     <span class='ocr_line' id='line_1_30' title="bbox 2178 1621 3679 1702; baseline 0.01 -28"><span class='ocrx_word' id='word_1_210' title='bbox 2178 1621 2445 1686; x_wconf 69' lang='grc' dir='ltr'><strong>ἑξυωπές.</strong></span> <span class='ocrx_word' id='word_1_211' title='bbox 2483 1625 2638 1678; x_wconf 68' lang='grc' dir='ltr'><strong>Ἐπεὶ</strong></span> <span class='ocrx_word' id='word_1_212' title='bbox 2680 1627 2786 1696; x_wconf 83' lang='grc' dir='ltr'><strong>γὰρ</strong></span> <span class='ocrx_word' id='word_1_213' title='bbox 2830 1628 2906 1690; x_wconf 85' lang='grc' dir='ltr'><strong>ὡς</strong></span> <span class='ocrx_word' id='word_1_214' title='bbox 2937 1629 3144 1682; x_wconf 70' lang='grc' dir='ltr'><strong>ἐπίπαν</strong></span> <span class='ocrx_word' id='word_1_215' title='bbox 3182 1628 3241 1682; x_wconf 79' lang='grc' dir='ltr'><strong>τὸ</strong></span> <span class='ocrx_word' id='word_1_216' title='bbox 3272 1631 3366 1700; x_wconf 82' lang='grc' dir='ltr'><strong>μὲν</strong></span> <span class='ocrx_word' id='word_1_217' title='bbox 3402 1633 3546 1702; x_wconf 77' lang='grc' dir='ltr'><strong>σοφὸν</strong></span> <span class='ocrx_word' id='word_1_218' title='bbox 3577 1631 3679 1690; x_wconf 68' lang='grc' dir='ltr'><strong>εἶναι</strong></span> 
     </span>
    </p>
   </div>
   <div class='ocr_carea' id='block_1_31' title="bbox 2180 1713 3678 1794">
    <p class='ocr_par' dir='ltr' id='par_1_31' title="bbox 2180 1713 3678 1794">
     <span class='ocr_line' id='line_1_31' title="bbox 2180 1713 3678 1794; baseline 0.01 -28"><span class='ocrx_word' id='word_1_219' title='bbox 2180 1713 2428 1785; x_wconf 86' lang='grc' dir='ltr'><strong>Πνεῦμα.</strong></span> <span class='ocrx_word' id='word_1_220' title='bbox 2465 1717 2526 1770; x_wconf 86' lang='grc' dir='ltr'><strong>οὐ</strong></span> <span class='ocrx_word' id='word_1_221' title='bbox 2563 1717 2922 1787; x_wconf 85' lang='grc' dir='ltr'><strong>προσίσταταί</strong></span> <span class='ocrx_word' id='word_1_222' title='bbox 2965 1736 3100 1786; x_wconf 85' lang='grc' dir='ltr'><strong>τισι,</strong></span> <span class='ocrx_word' id='word_1_223' title='bbox 3133 1721 3196 1773; x_wconf 85' lang='grc' dir='ltr'><strong>τδ</strong></span> <span class='ocrx_word' id='word_1_224' title='bbox 3238 1721 3296 1776; x_wconf 69' lang='grc' dir='ltr'><strong>δὲ</strong></span> <span class='ocrx_word' id='word_1_225' title='bbox 3336 1723 3538 1794; x_wconf 71' lang='grc' dir='ltr'><strong>ἄχρονον</strong></span> <span class='ocrx_word' id='word_1_226' title='bbox 3563 1724 3678 1794; x_wconf 73' lang='grc' dir='ltr'><strong>εἶναι,</strong></span> 
     </span>
    </p>
   </div>
   <div class='ocr_carea' id='block_1_32' title="bbox 2179 1803 3677 1884">
    <p class='ocr_par' dir='ltr' id='par_1_32' title="bbox 2179 1803 3677 1884">
     <span class='ocr_line' id='line_1_32' title="bbox 2179 1803 3677 1884; baseline 0.009 -30"><span class='ocrx_word' id='word_1_227' title='bbox 2179 1803 2536 1871; x_wconf 85' lang='grc' dir='ltr'><strong>προσίσταται</strong></span> <span class='ocrx_word' id='word_1_228' title='bbox 2563 1807 2676 1868; x_wconf 85' lang='grc' dir='ltr'><strong>τοῖς</strong></span> <span class='ocrx_word' id='word_1_229' title='bbox 2703 1806 2940 1871; x_wconf 78' lang='grc' dir='ltr'><strong>πολλοῖς,</strong></span> <span class='ocrx_word' id='word_1_230' title='bbox 2967 1808 3170 1879; x_wconf 76' lang='grc' dir='ltr'><strong>ἧμειψε</strong></span> <span class='ocrx_word' id='word_1_231' title='bbox 3195 1809 3392 1864; x_wconf 90' lang='grc' dir='ltr'><strong>ταῦτα·</strong></span> <span class='ocrx_word' id='word_1_232' title='bbox 3418 1813 3505 1865; x_wconf 75' lang='grc' dir='ltr'><strong>καὶ</strong></span> <span class='ocrx_word' id='word_1_233' title='bbox 3526 1815 3576 1866; x_wconf 73' lang='grc' dir='ltr'><strong>τὸ</strong></span> <span class='ocrx_word' id='word_1_234' title='bbox 3591 1816 3677 1884; x_wconf 77' lang='grc' dir='ltr'><strong>μὲν,</strong></span> 
     </span>
    </p>
   </div>
   <div class='ocr_carea' id='block_1_33' title="bbox 500 1887 2064 1975">
    <p class='ocr_par' dir='ltr' id='par_1_33' title="bbox 500 1901 2064 1975">
     <span class='ocr_line' id='line_1_33' title="bbox 500 1901 2064 1975; baseline 0.003 -20"><span class='ocrx_word' id='word_1_235' title='bbox 500 1901 677 1957; x_wconf 86' lang='lat' dir='ltr'><strong>fuisse</strong></span> <span class='ocrx_word' id='word_1_236' title='bbox 705 1918 835 1957; x_wconf 87' lang='lat' dir='ltr'><strong>vero</strong></span> <span class='ocrx_word' id='word_1_237' title='bbox 869 1903 937 1958; x_wconf 91' lang='lat' dir='ltr'><strong>ab</strong></span> <span class='ocrx_word' id='word_1_238' title='bbox 963 1914 1192 1970; x_wconf 73' lang='lat' dir='ltr'><strong>aeterno,</strong></span> <span class='ocrx_word' id='word_1_239' title='bbox 1232 1905 1532 1960; x_wconf 90' lang='lat' dir='ltr'><strong>multorum</strong></span> <span class='ocrx_word' id='word_1_240' title='bbox 1579 1904 1784 1973; x_wconf 88' lang='lat' dir='ltr'><strong>patitur</strong></span> <span class='ocrx_word' id='word_1_241' title='bbox 1808 1905 2064 1975; x_wconf 86' lang='lat' dir='ltr'><strong>objectio-</strong></span> 
     </span>
    </p>
   </div>
   <div class='ocr_carea' id='block_1_34' title="bbox 2170 1887 3680 1975">
    <p class='ocr_par' dir='ltr' id='par_1_34' title="bbox 2176 1893 3680 1974">
     <span class='ocr_line' id='line_1_34' title="bbox 2176 1893 3680 1974; baseline 0.009 -28"><span class='ocrx_word' id='word_1_242' title='bbox 2176 1893 2204 1946; x_wconf 79' lang='grc' dir='ltr'><strong>ὃ</strong></span> <span class='ocrx_word' id='word_1_243' title='bbox 2235 1893 2478 1964; x_wconf 79' lang='grc' dir='ltr'><strong>προῦστη</strong></span> <span class='ocrx_word' id='word_1_244' title='bbox 2508 1896 2572 1950; x_wconf 80' lang='grc' dir='ltr'><strong>ἀν</strong></span> <span class='ocrx_word' id='word_1_245' title='bbox 2603 1914 2767 1964; x_wconf 90' lang='grc' dir='ltr'><strong>τισιν,</strong></span> <span class='ocrx_word' id='word_1_246' title='bbox 2800 1900 2848 1950; x_wconf 84' lang='grc' dir='ltr'><strong>εί</strong></span> <span class='ocrx_word' id='word_1_247' title='bbox 2877 1899 2951 1970; x_wconf 82' lang='grc' dir='ltr'><strong>μὴ</strong></span> <span class='ocrx_word' id='word_1_248' title='bbox 2988 1899 3200 1964; x_wconf 81' lang='grc' dir='ltr'><strong>Παῦλος</strong></span> <span class='ocrx_word' id='word_1_249' title='bbox 3232 1901 3378 1967; x_wconf 70' lang='grc' dir='ltr'><strong>ἐϐόα,</strong></span> <span class='ocrx_word' id='word_1_250' title='bbox 3405 1905 3586 1974; x_wconf 80' lang='grc' dir='ltr'><strong>τίθησιν</strong></span> <span class='ocrx_word' id='word_1_251' title='bbox 3616 1911 3680 1961; x_wconf 71' lang='grc' dir='ltr'><strong>ἐπὶ</strong></span> 
     </span>
    </p>
   </div>
   <div class='ocr_carea' id='block_1_35' title="bbox 502 1993 2073 2067">
    <p class='ocr_par' dir='ltr' id='par_1_35' title="bbox 502 1993 2073 2067">
     <span class='ocr_line' id='line_1_35' title="bbox 502 1993 2073 2067; baseline 0.004 -21"><span class='ocrx_word' id='word_1_252' title='bbox 502 2007 622 2048; x_wconf 83' lang='lat' dir='ltr'><strong>nes.</strong></span> <span class='ocrx_word' id='word_1_253' title='bbox 656 1993 771 2048; x_wconf 65' lang='lat' dir='ltr'><strong>haec</strong></span> <span class='ocrx_word' id='word_1_254' title='bbox 790 1995 1120 2064; x_wconf 90' lang='lat' dir='ltr'><strong>permutavit</strong></span> <span class='ocrx_word' id='word_1_255' title='bbox 1145 2013 1158 2050; x_wconf 90' lang='lat'><strong>:</strong></span> <span class='ocrx_word' id='word_1_256' title='bbox 1197 1997 1376 2052; x_wconf 82' lang='lat' dir='ltr'><strong>ethoc</strong></span> <span class='ocrx_word' id='word_1_257' title='bbox 1398 1997 1620 2066; x_wconf 88' lang='lat' dir='ltr'><strong>quidem</strong></span> <span class='ocrx_word' id='word_1_258' title='bbox 1652 1997 1801 2067; x_wconf 90' lang='lat' dir='ltr'><strong>quod</strong></span> <span class='ocrx_word' id='word_1_259' title='bbox 1831 1999 2073 2054; x_wconf 92' lang='lat' dir='ltr'><strong>nonnul-</strong></span> 
     </span>
    </p>
   </div>
   <div class='ocr_carea' id='block_1_36' title="bbox 500 2081 2071 2156">
    <p class='ocr_par' dir='ltr' id='par_1_36' title="bbox 500 2081 2071 2156">
     <span class='ocr_line' id='line_1_36' title="bbox 500 2081 2071 2156; baseline 0.005 -20"><span class='ocrx_word' id='word_1_260' title='bbox 500 2081 584 2137; x_wconf 86' lang='lat' dir='ltr'><strong>los</strong></span> <span class='ocrx_word' id='word_1_261' title='bbox 617 2084 853 2139; x_wconf 87' lang='lat' dir='ltr'><strong>habebat</strong></span> <span class='ocrx_word' id='word_1_262' title='bbox 885 2087 1320 2142; x_wconf 77' lang='lat' dir='ltr'><strong>contradictores</strong></span> <span class='ocrx_word' id='word_1_263' title='bbox 1369 2088 1476 2142; x_wconf 88' lang='lat' dir='ltr'><strong>nisi</strong></span> <span class='ocrx_word' id='word_1_264' title='bbox 1527 2089 1730 2143; x_wconf 90' lang='lat' dir='ltr'><strong>Paulus</strong></span> <span class='ocrx_word' id='word_1_265' title='bbox 1760 2090 2071 2156; x_wconf 87' lang='lat' dir='ltr'><strong>clamasset,</strong></span> 
     </span>
    </p>
   </div>
   <div class='ocr_carea' id='block_1_37' title="bbox 500 2175 2076 2244">
    <p class='ocr_par' dir='ltr' id='par_1_37' title="bbox 500 2175 2076 2244">
     <span class='ocr_line' id='line_1_37' title="bbox 500 2175 2076 2244; baseline 0.006 -17"><span class='ocrx_word' id='word_1_266' title='bbox 500 2176 655 2244; x_wconf 87' lang='lat' dir='ltr'><strong>ponit</strong></span> <span class='ocrx_word' id='word_1_267' title='bbox 689 2175 756 2230; x_wconf 89' lang='lat' dir='ltr'><strong>de</strong></span> <span class='ocrx_word' id='word_1_268' title='bbox 791 2175 1018 2244; x_wconf 85' lang='lat' dir='ltr'><strong>Spiritu,</strong></span> <span class='ocrx_word' id='word_1_269' title='bbox 1050 2188 1315 2233; x_wconf 77' lang='lat' dir='ltr'><strong>:eternum</strong></span> <span class='ocrx_word' id='word_1_270' title='bbox 1345 2179 1517 2233; x_wconf 90' lang='lat' dir='ltr'><strong>Deum</strong></span> <span class='ocrx_word' id='word_1_271' title='bbox 1547 2195 1781 2236; x_wconf 83' lang='lat' dir='ltr'><strong>vocans:</strong></span> <span class='ocrx_word' id='word_1_272' title='bbox 1812 2181 1946 2236; x_wconf 91' lang='lat' dir='ltr'><strong>illud</strong></span> <span class='ocrx_word' id='word_1_273' title='bbox 1977 2198 2076 2236; x_wconf 85' lang='lat' dir='ltr'><strong>au-</strong></span> 
     </span>
    </p>
   </div>
   <div class='ocr_carea' id='block_1_38' title="bbox 500 2264 2071 2340">
    <p class='ocr_par' dir='ltr' id='par_1_38' title="bbox 500 2264 2071 2340">
     <span class='ocr_line' id='line_1_38' title="bbox 500 2264 2071 2340; baseline 0.005 -22"><span class='ocrx_word' id='word_1_274' title='bbox 500 2273 609 2318; x_wconf 84' lang='lat' dir='ltr'><strong>tem</strong></span> <span class='ocrx_word' id='word_1_275' title='bbox 631 2264 774 2333; x_wconf 90' lang='lat' dir='ltr'><strong>quod</strong></span> <span class='ocrx_word' id='word_1_276' title='bbox 803 2264 960 2320; x_wconf 84' lang='lat' dir='ltr'><strong>facile</strong></span> <span class='ocrx_word' id='word_1_277' title='bbox 987 2276 1147 2335; x_wconf 87' lang='lat' dir='ltr'><strong>captu</strong></span> <span class='ocrx_word' id='word_1_278' title='bbox 1175 2277 1313 2332; x_wconf 86' lang='lat' dir='ltr'><strong>erat,</strong></span> <span class='ocrx_word' id='word_1_279' title='bbox 1347 2279 1407 2322; x_wconf 92' lang='lat' dir='ltr'><strong>ut</strong></span> <span class='ocrx_word' id='word_1_280' title='bbox 1431 2268 1652 2322; x_wconf 81' lang='lat' dir='ltr'><strong>etiamsi</strong></span> <span class='ocrx_word' id='word_1_281' title='bbox 1717 2269 1785 2324; x_wconf 92' lang='lat' dir='ltr'><strong>de</strong></span> <span class='ocrx_word' id='word_1_282' title='bbox 1811 2269 1930 2340; x_wconf 88' lang='lat' dir='ltr'><strong>ipso</strong></span> <span class='ocrx_word' id='word_1_283' title='bbox 1961 2287 2071 2326; x_wconf 90' lang='lat' dir='ltr'><strong>non</strong></span> 
     </span>
    </p>
   </div>
   <div class='ocr_carea' id='block_1_39' title="bbox 503 2353 2072 2427">
    <p class='ocr_par' dir='ltr' id='par_1_39' title="bbox 503 2353 2072 2427">
     <span class='ocr_line' id='line_1_39' title="bbox 503 2353 2072 2427; baseline 0.007 -21"><span class='ocrx_word' id='word_1_284' title='bbox 503 2353 848 2421; x_wconf 83' lang='lat' dir='ltr'><strong>testificetur,</strong></span> <span class='ocrx_word' id='word_1_285' title='bbox 888 2363 1069 2410; x_wconf 88' lang='lat' dir='ltr'><strong>tamen</strong></span> <span class='ocrx_word' id='word_1_286' title='bbox 1095 2357 1160 2410; x_wconf 91' lang='lat' dir='ltr'><strong>de</strong></span> <span class='ocrx_word' id='word_1_287' title='bbox 1189 2357 1397 2427; x_wconf 88' lang='lat' dir='ltr'><strong>Spiritu</strong></span> <span class='ocrx_word' id='word_1_288' title='bbox 1429 2358 1808 2427; x_wconf 89' lang='lat' dir='ltr'><strong>conciperent,</strong></span> <span class='ocrx_word' id='word_1_289' title='bbox 1839 2360 1979 2415; x_wconf 90' lang='lat' dir='ltr'><strong>nihil</strong></span> <span class='ocrx_word' id='word_1_290' title='bbox 2005 2377 2072 2417; x_wconf 89' lang='lat' dir='ltr'><strong>ex</strong></span> 
     </span>
    </p>
   </div>
   <div class='ocr_carea' id='block_1_40' title="bbox 499 2443 2067 2520">
    <p class='ocr_par' dir='ltr' id='par_1_40' title="bbox 499 2443 2067 2520">
     <span class='ocr_line' id='line_1_40' title="bbox 499 2443 2067 2520; baseline 0.008 -23"><span class='ocrx_word' id='word_1_291' title='bbox 499 2443 606 2498; x_wconf 90' lang='lat' dir='ltr'><strong>hoc</strong></span> <span class='ocrx_word' id='word_1_292' title='bbox 631 2447 850 2512; x_wconf 83' lang='lat' dir='ltr'><strong>timens,</strong></span> <span class='ocrx_word' id='word_1_293' title='bbox 878 2449 1029 2516; x_wconf 87' lang='lat' dir='ltr'><strong>ponit</strong></span> <span class='ocrx_word' id='word_1_294' title='bbox 1059 2449 1125 2503; x_wconf 85' lang='lat' dir='ltr'><strong>de</strong></span> <span class='ocrx_word' id='word_1_295' title='bbox 1153 2449 1334 2514; x_wconf 89' lang='lat' dir='ltr'><strong>Patre,</strong></span> <span class='ocrx_word' id='word_1_296' title='bbox 1358 2463 1560 2504; x_wconf 90' lang='lat' dir='ltr'><strong>vocans</strong></span> <span class='ocrx_word' id='word_1_297' title='bbox 1582 2465 1707 2504; x_wconf 91' lang='lat' dir='ltr'><strong>eum</strong></span> <span class='ocrx_word' id='word_1_298' title='bbox 1737 2451 2067 2520; x_wconf 85' lang='lat' dir='ltr'><strong>sapientem.</strong></span> 
     </span>
    </p>
   </div>
   <div class='ocr_carea' id='block_1_41' title="bbox 497 2535 2067 2610">
    <p class='ocr_par' dir='ltr' id='par_1_41' title="bbox 497 2535 2067 2610">
     <span class='ocr_line' id='line_1_41' title="bbox 497 2535 2067 2610; baseline 0.005 -20"><span class='ocrx_word' id='word_1_299' title='bbox 497 2535 845 2606; x_wconf 80' lang='lat' dir='ltr'><strong>Nequeenim</strong></span> <span class='ocrx_word' id='word_1_300' title='bbox 879 2540 1174 2594; x_wconf 86' lang='lat' dir='ltr'><strong>verebatur</strong></span> <span class='ocrx_word' id='word_1_301' title='bbox 1205 2555 1274 2595; x_wconf 89' lang='lat' dir='ltr'><strong>ne</strong></span> <span class='ocrx_word' id='word_1_302' title='bbox 1307 2541 1432 2610; x_wconf 84' lang='lat' dir='ltr'><strong>quis</strong></span> <span class='ocrx_word' id='word_1_303' title='bbox 1474 2556 1505 2594; x_wconf 78' lang='grc' dir='ltr'><strong>ιι</strong></span> <span class='ocrx_word' id='word_1_304' title='bbox 1537 2540 1836 2597; x_wconf 90' lang='lat' dir='ltr'><strong>multorum</strong></span> <span class='ocrx_word' id='word_1_305' title='bbox 1880 2544 2067 2598; x_wconf 88' lang='lat' dir='ltr'><strong>cordi-</strong></span> 
     </span>
    </p>
   </div>
   <div class='ocr_carea' id='block_1_42' title="bbox 502 2626 2072 2700">
    <p class='ocr_par' dir='ltr' id='par_1_42' title="bbox 502 2626 2072 2700">
     <span class='ocr_line' id='line_1_42' title="bbox 502 2626 2072 2700; baseline 0.007 -20"><span class='ocrx_word' id='word_1_306' title='bbox 502 2626 606 2681; x_wconf 89' lang='lat' dir='ltr'><strong>bus</strong></span> <span class='ocrx_word' id='word_1_307' title='bbox 635 2629 875 2682; x_wconf 80' lang='lat' dir='ltr'><strong>auferret</strong></span> <span class='ocrx_word' id='word_1_308' title='bbox 904 2630 986 2683; x_wconf 89' lang='lat' dir='ltr'><strong>vel</strong></span> <span class='ocrx_word' id='word_1_309' title='bbox 1035 2631 1361 2699; x_wconf 87' lang='lat' dir='ltr'><strong>sapientiam</strong></span> <span class='ocrx_word' id='word_1_310' title='bbox 1400 2647 1430 2685; x_wconf 89' lang='lat' dir='ltr'><strong>a</strong></span> <span class='ocrx_word' id='word_1_311' title='bbox 1469 2631 1704 2700; x_wconf 90' lang='lat' dir='ltr'><strong>Spiritu,</strong></span> <span class='ocrx_word' id='word_1_312' title='bbox 1738 2635 1822 2690; x_wconf 89' lang='lat' dir='ltr'><strong>vel</strong></span> <span class='ocrx_word' id='word_1_313' title='bbox 1853 2637 2072 2691; x_wconf 67' lang='lat' dir='ltr'><strong>aeterni-</strong></span> 
     </span>
    </p>
   </div>
   <div class='ocr_carea' id='block_1_43' title="bbox 501 2720 2069 2793">
    <p class='ocr_par' dir='ltr' id='par_1_43' title="bbox 501 2720 2069 2793">
     <span class='ocr_line' id='line_1_43' title="bbox 501 2720 2069 2793; baseline 0.008 -22"><span class='ocrx_word' id='word_1_314' title='bbox 501 2726 666 2773; x_wconf 85' lang='lat' dir='ltr'><strong>tatem</strong></span> <span class='ocrx_word' id='word_1_315' title='bbox 693 2736 724 2773; x_wconf 85' lang='lat' dir='ltr'><strong>a</strong></span> <span class='ocrx_word' id='word_1_316' title='bbox 753 2720 934 2775; x_wconf 85' lang='lat' dir='ltr'><strong>Patre.</strong></span> <span class='ocrx_word' id='word_1_317' title='bbox 974 2723 1219 2793; x_wconf 71' lang='lat' dir='ltr'><strong>“ipsum</strong></span> <span class='ocrx_word' id='word_1_318' title='bbox 1253 2733 1438 2778; x_wconf 87' lang='lat' dir='ltr'><strong>autem</strong></span> <span class='ocrx_word' id='word_1_319' title='bbox 1469 2731 1526 2778; x_wconf 90' lang='lat' dir='ltr'><strong>et</strong></span> <span class='ocrx_word' id='word_1_320' title='bbox 1557 2723 1626 2779; x_wconf 92' lang='lat' dir='ltr'><strong>de</strong></span> <span class='ocrx_word' id='word_1_321' title='bbox 1654 2724 1816 2780; x_wconf 83' lang='lat' dir='ltr'><strong>Filio.</strong></span> <span class='ocrx_word' id='word_1_322' title='bbox 1849 2727 1984 2780; x_wconf 82' lang='lat' dir='ltr'><strong>Nam</strong></span> <span class='ocrx_word' id='word_1_323' title='bbox 2011 2739 2069 2784; x_wconf 89' lang='lat' dir='ltr'><strong>et</strong></span> 
     </span>
    </p>
   </div>
   <div class='ocr_carea' id='block_1_44' title="bbox 497 2813 2064 2883">
    <p class='ocr_par' dir='ltr' id='par_1_44' title="bbox 497 2813 2064 2883">
     <span class='ocr_line' id='line_1_44' title="bbox 497 2813 2064 2883; baseline 0.006 -20"><span class='ocrx_word' id='word_1_324' title='bbox 497 2813 642 2880; x_wconf 86' lang='lat' dir='ltr'><strong>quod</strong></span> <span class='ocrx_word' id='word_1_325' title='bbox 687 2813 784 2875; x_wconf 81' lang='lat' dir='ltr'><strong>ait,</strong></span> <span class='ocrx_word' id='word_1_326' title='bbox 844 2832 862 2864; x_wconf 83' lang='grc' dir='ltr'><strong>ι</strong></span> <span class='ocrx_word' id='word_1_327' title='bbox 897 2813 1260 2883; x_wconf 84' lang='lat' dir='ltr'><strong>Temporibus</strong></span> <span class='ocrx_word' id='word_1_328' title='bbox 1301 2814 1544 2880; x_wconf 72' lang='lat' dir='ltr'><strong>aeternis,</strong></span> <span class='ocrx_word' id='word_1_329' title='bbox 1585 2834 1604 2867; x_wconf 78' lang='grc' dir='ltr'><strong>ι</strong></span> <span class='ocrx_word' id='word_1_330' title='bbox 1658 2824 1734 2882; x_wconf 90' lang='lat' dir='ltr'><strong>et,</strong></span> <span class='ocrx_word' id='word_1_331' title='bbox 1786 2836 1804 2870; x_wconf 82' lang='grc' dir='ltr'><strong>ι</strong></span> <span class='ocrx_word' id='word_1_332' title='bbox 1838 2817 2064 2874; x_wconf 81' lang='lat' dir='ltr'><strong>Manife-</strong></span> 
     </span>
    </p>
   </div>
   <div class='ocr_carea' id='block_1_45' title="bbox 497 2901 2065 2977">
    <p class='ocr_par' dir='ltr' id='par_1_45' title="bbox 497 2901 2065 2977">
     <span class='ocr_line' id='line_1_45' title="bbox 497 2901 2065 2977; baseline 0.006 -21"><span class='ocrx_word' id='word_1_333' title='bbox 497 2901 650 2967; x_wconf 91' lang='lat' dir='ltr'><strong>stati,</strong></span> <span class='ocrx_word' id='word_1_334' title='bbox 695 2925 712 2954; x_wconf 71' lang='grc' dir='ltr'><strong>ι</strong></span> <span class='ocrx_word' id='word_1_335' title='bbox 772 2906 1132 2961; x_wconf 75' lang='lat' dir='ltr'><strong>aeternitatem</strong></span> <span class='ocrx_word' id='word_1_336' title='bbox 1181 2908 1440 2977; x_wconf 52' lang='lat' dir='ltr'><strong>praedicat</strong></span> <span class='ocrx_word' id='word_1_337' title='bbox 1478 2905 1632 2960; x_wconf 91' lang='lat' dir='ltr'><strong>Filii:</strong></span> <span class='ocrx_word' id='word_1_338' title='bbox 1674 2907 1725 2960; x_wconf 85' lang='lat' dir='ltr'><strong>id</strong></span> <span class='ocrx_word' id='word_1_339' title='bbox 1757 2923 1962 2964; x_wconf 89' lang='lat' dir='ltr'><strong>curans</strong></span> <span class='ocrx_word' id='word_1_340' title='bbox 1997 2910 2065 2965; x_wconf 92' lang='lat' dir='ltr'><strong>ad</strong></span> 
     </span>
    </p>
   </div>
   <div class='ocr_carea' id='block_1_46' title="bbox 497 2994 2068 3072">
    <p class='ocr_par' dir='ltr' id='par_1_46' title="bbox 497 2994 2068 3072">
     <span class='ocr_line' id='line_1_46' title="bbox 497 2994 2068 3072; baseline 0.008 -26"><span class='ocrx_word' id='word_1_341' title='bbox 497 2995 642 3063; x_wconf 89' lang='lat' dir='ltr'><strong>quod</strong></span> <span class='ocrx_word' id='word_1_342' title='bbox 667 2994 910 3049; x_wconf 86' lang='lat' dir='ltr'><strong>futurum</strong></span> <span class='ocrx_word' id='word_1_343' title='bbox 932 3008 1050 3052; x_wconf 90' lang='lat' dir='ltr'><strong>erat</strong></span> <span class='ocrx_word' id='word_1_344' title='bbox 1079 3009 1138 3052; x_wconf 93' lang='lat' dir='ltr'><strong>ut</strong></span> <span class='ocrx_word' id='word_1_345' title='bbox 1164 3001 1414 3055; x_wconf 90' lang='lat' dir='ltr'><strong>nonnulli</strong></span> <span class='ocrx_word' id='word_1_346' title='bbox 1447 3001 1838 3072; x_wconf 88' lang='lat' dir='ltr'><strong>impingerent.</strong></span> <span class='ocrx_word' id='word_1_347' title='bbox 1862 3001 2068 3069; x_wconf 60' lang='lat' dir='ltr'><strong>Quem-</strong></span> 
     </span>
    </p>
   </div>
   <div class='ocr_carea' id='block_1_47' title="bbox 495 3087 2070 3164">
    <p class='ocr_par' dir='ltr' id='par_1_47' title="bbox 495 3087 2070 3164">
     <span class='ocr_line' id='line_1_47' title="bbox 495 3087 2070 3164; baseline 0.008 -25"><span class='ocrx_word' id='word_1_348' title='bbox 495 3087 785 3142; x_wconf 83' lang='lat' dir='ltr'><strong>admodum</strong></span> <span class='ocrx_word' id='word_1_349' title='bbox 835 3105 964 3160; x_wconf 80' lang='lat' dir='ltr'><strong>ergo</strong></span> <span class='ocrx_word' id='word_1_350' title='bbox 1005 3091 1136 3145; x_wconf 83' lang='lat' dir='ltr'><strong>dum</strong></span> <span class='ocrx_word' id='word_1_351' title='bbox 1191 3092 1361 3149; x_wconf 86' lang='lat' dir='ltr'><strong>Filius</strong></span> <span class='ocrx_word' id='word_1_352' title='bbox 1403 3109 1467 3148; x_wconf 90' lang='lat' dir='ltr'><strong>ac</strong></span> <span class='ocrx_word' id='word_1_353' title='bbox 1505 3093 1745 3164; x_wconf 88' lang='lat' dir='ltr'><strong>Spiritus</strong></span> <span class='ocrx_word' id='word_1_354' title='bbox 1778 3095 1911 3150; x_wconf 86' lang='lat' dir='ltr'><strong>dicti</strong></span> <span class='ocrx_word' id='word_1_355' title='bbox 1939 3105 2070 3152; x_wconf 86' lang='lat' dir='ltr'><strong>sunt</strong></span> 
     </span>
    </p>
   </div>
   <div class='ocr_carea' id='block_1_48' title="bbox 493 3179 2063 3258">
    <p class='ocr_par' dir='ltr' id='par_1_48' title="bbox 493 3179 2063 3258">
     <span class='ocr_line' id='line_1_48' title="bbox 493 3179 2063 3258; baseline 0.006 -25"><span class='ocrx_word' id='word_1_356' title='bbox 493 3179 707 3243; x_wconf 63' lang='lat' dir='ltr'><strong>aeterni,</strong></span> <span class='ocrx_word' id='word_1_357' title='bbox 741 3181 907 3235; x_wconf 89' lang='lat' dir='ltr'><strong>etiam</strong></span> <span class='ocrx_word' id='word_1_358' title='bbox 944 3183 1105 3238; x_wconf 88' lang='lat' dir='ltr'><strong>Pater</strong></span> <span class='ocrx_word' id='word_1_359' title='bbox 1139 3199 1206 3238; x_wconf 89' lang='lat' dir='ltr'><strong>ex</strong></span> <span class='ocrx_word' id='word_1_360' title='bbox 1246 3187 1608 3255; x_wconf 89' lang='lat' dir='ltr'><strong>consequenti</strong></span> <span class='ocrx_word' id='word_1_361' title='bbox 1643 3189 1803 3242; x_wconf 86' lang='lat' dir='ltr'><strong>datur</strong></span> <span class='ocrx_word' id='word_1_362' title='bbox 1830 3187 2063 3258; x_wconf 79' lang='lat' dir='ltr'><strong>intelligi</strong></span> 
     </span>
    </p>
   </div>
   <div class='ocr_carea' id='block_1_49' title="bbox 2177 1985 3677 2071">
    <p class='ocr_par' dir='ltr' id='par_1_49' title="bbox 2177 1985 3677 2071">
     <span class='ocr_line' id='line_1_49' title="bbox 2177 1985 3677 2071; baseline 0.008 -33"><span class='ocrx_word' id='word_1_363' title='bbox 2177 1985 2272 2038; x_wconf 84' lang='grc' dir='ltr'><strong>τοῦ</strong></span> <span class='ocrx_word' id='word_1_364' title='bbox 2304 1985 2442 2038; x_wconf 79' lang='grc' dir='ltr'><strong>Πνεύ</strong></span> <span class='ocrx_word' id='word_1_365' title='bbox 2451 2004 2640 2056; x_wconf 87' lang='grc' dir='ltr'><strong>ματος,</strong></span> <span class='ocrx_word' id='word_1_366' title='bbox 2674 1988 2890 2043; x_wconf 87' lang='grc' dir='ltr'><strong>αίώνιον</strong></span> <span class='ocrx_word' id='word_1_367' title='bbox 2918 1990 3050 2046; x_wconf 81' lang='grc' dir='ltr'><strong>Θεὸν</strong></span> <span class='ocrx_word' id='word_1_368' title='bbox 3073 1990 3274 2047; x_wconf 80' lang='grc' dir='ltr'><strong>καλῶν.</strong></span> <span class='ocrx_word' id='word_1_369' title='bbox 3302 1994 3372 2048; x_wconf 75' lang='lat' dir='ltr'><strong>To</strong></span> <span class='ocrx_word' id='word_1_370' title='bbox 3395 1994 3468 2060; x_wconf 77' lang='grc' dir='ltr'><strong>δὲ,</strong></span> <span class='ocrx_word' id='word_1_371' title='bbox 3490 1997 3516 2048; x_wconf 77' lang='grc' dir='ltr'><strong>ὃ</strong></span> <span class='ocrx_word' id='word_1_372' title='bbox 3535 1999 3677 2071; x_wconf 77' lang='grc' dir='ltr'><strong>καὶμὴ</strong></span> 
     </span>
    </p>
   </div>
   <div class='ocr_carea' id='block_1_50' title="bbox 2178 2076 3676 2159">
    <p class='ocr_par' dir='ltr' id='par_1_50' title="bbox 2178 2076 3676 2159">
     <span class='ocr_line' id='line_1_50' title="bbox 2178 2076 3676 2159; baseline 0.011 -31"><span class='ocrx_word' id='word_1_373' title='bbox 2178 2076 2587 2148; x_wconf 86' lang='grc' dir='ltr'><strong>μαρτυροῦντος</strong></span> <span class='ocrx_word' id='word_1_374' title='bbox 2614 2078 2884 2150; x_wconf 77' lang='grc' dir='ltr'><strong>εὔληπτον</strong></span> <span class='ocrx_word' id='word_1_375' title='bbox 2909 2083 3153 2153; x_wconf 80' lang='grc' dir='ltr'><strong>νομίζειν</strong></span> <span class='ocrx_word' id='word_1_376' title='bbox 3182 2085 3274 2138; x_wconf 67' lang='grc' dir='ltr'><strong>ἐπὶ</strong></span> <span class='ocrx_word' id='word_1_377' title='bbox 3293 2083 3382 2139; x_wconf 89' lang='grc' dir='ltr'><strong>τοῦ</strong></span> <span class='ocrx_word' id='word_1_378' title='bbox 3409 2088 3676 2159; x_wconf 84' lang='grc' dir='ltr'><strong>Πνεύματος,</strong></span> 
     </span>
    </p>
   </div>
   <div class='ocr_carea' id='block_1_51' title="bbox 2173 2165 3676 2251">
    <p class='ocr_par' dir='ltr' id='par_1_51' title="bbox 2173 2165 3676 2251">
     <span class='ocr_line' id='line_1_51' title="bbox 2173 2165 3676 2251; baseline 0.011 -33"><span class='ocrx_word' id='word_1_379' title='bbox 2173 2165 2330 2219; x_wconf 86' lang='grc' dir='ltr'><strong>τοῦτο</strong></span> <span class='ocrx_word' id='word_1_380' title='bbox 2371 2165 2554 2236; x_wconf 85' lang='grc' dir='ltr'><strong>τίθησι</strong></span> <span class='ocrx_word' id='word_1_381' title='bbox 2602 2168 2768 2240; x_wconf 84' lang='grc' dir='ltr'><strong>μηδὲν</strong></span> <span class='ocrx_word' id='word_1_382' title='bbox 2828 2170 3016 2237; x_wconf 86' lang='grc' dir='ltr'><strong>δεδιὼς</strong></span> <span class='ocrx_word' id='word_1_383' title='bbox 3064 2174 3159 2228; x_wconf 76' lang='grc' dir='ltr'><strong>επὶ</strong></span> <span class='ocrx_word' id='word_1_384' title='bbox 3189 2175 3285 2230; x_wconf 90' lang='grc' dir='ltr'><strong>τοῦ</strong></span> <span class='ocrx_word' id='word_1_385' title='bbox 3319 2179 3530 2248; x_wconf 84' lang='grc' dir='ltr'><strong>Πατρὸς,</strong></span> <span class='ocrx_word' id='word_1_386' title='bbox 3559 2183 3676 2251; x_wconf 74' lang='grc' dir='ltr'><strong>σοφὸν</strong></span> 
     </span>
    </p>
   </div>
   <div class='ocr_carea' id='block_1_52' title="bbox 2174 2255 3677 2340">
    <p class='ocr_par' dir='ltr' id='par_1_52' title="bbox 2174 2255 3677 2340">
     <span class='ocr_line' id='line_1_52' title="bbox 2174 2255 3677 2340; baseline 0.009 -30"><span class='ocrx_word' id='word_1_387' title='bbox 2174 2255 2493 2313; x_wconf 80' lang='grc' dir='ltr'><strong>ἀποκαλῶν.</strong></span> <span class='ocrx_word' id='word_1_388' title='bbox 2523 2259 2599 2312; x_wconf 82' lang='grc' dir='ltr'><strong>Οὐ</strong></span> <span class='ocrx_word' id='word_1_389' title='bbox 2650 2260 2760 2331; x_wconf 80' lang='grc' dir='ltr'><strong>γὰρ</strong></span> <span class='ocrx_word' id='word_1_390' title='bbox 2815 2262 3006 2316; x_wconf 72' lang='grc' dir='ltr'><strong>ἐδεδίει</strong></span> <span class='ocrx_word' id='word_1_391' title='bbox 3059 2263 3133 2336; x_wconf 81' lang='grc' dir='ltr'><strong>μή</strong></span> <span class='ocrx_word' id='word_1_392' title='bbox 3182 2283 3265 2328; x_wconf 85' lang='grc' dir='ltr'><strong>τις</strong></span> <span class='ocrx_word' id='word_1_393' title='bbox 3314 2266 3564 2340; x_wconf 76' lang='grc' dir='ltr'><strong>ἀφαιρήσῃ</strong></span> <span class='ocrx_word' id='word_1_394' title='bbox 3601 2271 3677 2323; x_wconf 79' lang='grc' dir='ltr'><strong>τῶν</strong></span> 
     </span>
    </p>
   </div>
   <div class='ocr_carea' id='block_1_53' title="bbox 2175 2349 3677 2427">
    <p class='ocr_par' dir='ltr' id='par_1_53' title="bbox 2175 2349 3677 2427">
     <span class='ocr_line' id='line_1_53' title="bbox 2175 2349 3677 2427; baseline 0.007 -25"><span class='ocrx_word' id='word_1_395' title='bbox 2175 2349 2410 2414; x_wconf 81' lang='grc' dir='ltr'><strong>πολλῶν,</strong></span> <span class='ocrx_word' id='word_1_396' title='bbox 2441 2350 2474 2421; x_wconf 80' lang='grc' dir='ltr'>ἢ</span> <span class='ocrx_word' id='word_1_397' title='bbox 2521 2350 2582 2403; x_wconf 85' lang='grc' dir='ltr'><strong>τὺ</strong></span> <span class='ocrx_word' id='word_1_398' title='bbox 2626 2352 2790 2422; x_wconf 75' lang='grc' dir='ltr'><strong>σοφὸν</strong></span> <span class='ocrx_word' id='word_1_399' title='bbox 2819 2353 2929 2406; x_wconf 80' lang='grc' dir='ltr'><strong>ἀπὸ</strong></span> <span class='ocrx_word' id='word_1_400' title='bbox 2959 2353 3055 2406; x_wconf 87' lang='grc' dir='ltr'><strong>τοῦ</strong></span> <span class='ocrx_word' id='word_1_401' title='bbox 3091 2354 3424 2425; x_wconf 78' lang='grc' dir='ltr'><strong>Πνεῦματος,</strong></span> <span class='ocrx_word' id='word_1_402' title='bbox 3455 2357 3558 2427; x_wconf 53' lang='lat' dir='ltr'><strong>ne</strong></span> <span class='ocrx_word' id='word_1_403' title='bbox 3584 2358 3677 2412; x_wconf 82' lang='grc' dir='ltr'><strong>αίώ-</strong></span> 
     </span>
    </p>
   </div>
   <div class='ocr_carea' id='block_1_54' title="bbox 2173 2444 3674 2517">
    <p class='ocr_par' dir='ltr' id='par_1_54' title="bbox 2173 2444 3674 2517">
     <span class='ocr_line' id='line_1_54' title="bbox 2173 2444 3674 2517; baseline 0.007 -22"><span class='ocrx_word' id='word_1_404' title='bbox 2173 2461 2286 2498; x_wconf 86' lang='grc' dir='ltr'><strong>νιον</strong></span> <span class='ocrx_word' id='word_1_405' title='bbox 2315 2445 2421 2497; x_wconf 81' lang='grc' dir='ltr'><strong>ἀπὺ</strong></span> <span class='ocrx_word' id='word_1_406' title='bbox 2454 2444 2550 2498; x_wconf 93' lang='grc' dir='ltr'><strong>τοῦ</strong></span> <span class='ocrx_word' id='word_1_407' title='bbox 2594 2447 2832 2517; x_wconf 64' lang='grc' dir='ltr'><strong>Πατρός,</strong></span> <span class='ocrx_word' id='word_1_408' title='bbox 2862 2447 2922 2500; x_wconf 69' lang='grc' dir='ltr'><strong>τὺ</strong></span> <span class='ocrx_word' id='word_1_409' title='bbox 2957 2447 3090 2501; x_wconf 74' lang='grc' dir='ltr'><strong>αὐτὸ</strong></span> <span class='ocrx_word' id='word_1_410' title='bbox 3120 2449 3178 2502; x_wconf 77' lang='grc' dir='ltr'><strong>δὲ</strong></span> <span class='ocrx_word' id='word_1_411' title='bbox 3209 2449 3304 2503; x_wconf 80' lang='grc' dir='ltr'><strong>καὶ</strong></span> <span class='ocrx_word' id='word_1_412' title='bbox 3353 2450 3439 2503; x_wconf 69' lang='grc' dir='ltr'><strong>ἐπὶ</strong></span> <span class='ocrx_word' id='word_1_413' title='bbox 3459 2451 3540 2504; x_wconf 89' lang='grc' dir='ltr'><strong>τοῦ</strong></span> <span class='ocrx_word' id='word_1_414' title='bbox 3566 2451 3674 2506; x_wconf 78' lang='grc' dir='ltr'><strong>Υίοῦ.</strong></span> 
     </span>
    </p>
   </div>
   <div class='ocr_carea' id='block_1_55' title="bbox 2173 2535 3673 2611">
    <p class='ocr_par' dir='ltr' id='par_1_55' title="bbox 2173 2535 3673 2611">
     <span class='ocr_line' id='line_1_55' title="bbox 2173 2535 3673 2611; baseline 0.005 -23"><span class='ocrx_word' id='word_1_415' title='bbox 2173 2535 2266 2601; x_wconf 76' lang='grc' dir='ltr'><strong>Τὸ,</strong></span> <span class='ocrx_word' id='word_1_416' title='bbox 2303 2555 2320 2586; x_wconf 90' lang='grc' dir='ltr'><strong>ι</strong></span> <span class='ocrx_word' id='word_1_417' title='bbox 2351 2536 2574 2607; x_wconf 85' lang='grc' dir='ltr'><strong>Χρόνοις</strong></span> <span class='ocrx_word' id='word_1_418' title='bbox 2605 2537 2864 2604; x_wconf 89' lang='grc' dir='ltr'><strong>αίωνίοις,</strong></span> <span class='ocrx_word' id='word_1_419' title='bbox 2911 2557 2930 2591; x_wconf 74' lang='grc' dir='ltr'><strong>ι</strong></span> <span class='ocrx_word' id='word_1_420' title='bbox 2971 2539 3065 2593; x_wconf 75' lang='grc' dir='ltr'><strong>καὶ</strong></span> <span class='ocrx_word' id='word_1_421' title='bbox 3092 2539 3176 2599; x_wconf 80' lang='grc' dir='ltr'><strong>τὸ.</strong></span> <span class='ocrx_word' id='word_1_422' title='bbox 3212 2559 3230 2591; x_wconf 84' lang='grc' dir='ltr'><strong>ι</strong></span> <span class='ocrx_word' id='word_1_423' title='bbox 3255 2541 3673 2611; x_wconf 70' lang='grc' dir='ltr'><strong>Φανερωθίντος,ι</strong></span> 
     </span>
    </p>
   </div>
   <div class='ocr_carea' id='block_1_56' title="bbox 2171 2629 3674 2704">
    <p class='ocr_par' dir='ltr' id='par_1_56' title="bbox 2171 2629 3674 2704">
     <span class='ocr_line' id='line_1_56' title="bbox 2171 2629 3674 2704; baseline 0.003 -22"><span class='ocrx_word' id='word_1_424' title='bbox 2171 2629 2232 2682; x_wconf 76' lang='grc' dir='ltr'><strong>τὸ</strong></span> <span class='ocrx_word' id='word_1_425' title='bbox 2262 2629 2488 2700; x_wconf 77' lang='grc' dir='ltr'><strong>ἄχρονον</strong></span> <span class='ocrx_word' id='word_1_426' title='bbox 2531 2631 2797 2702; x_wconf 76' lang='grc' dir='ltr'><strong>κηρύσσει</strong></span> <span class='ocrx_word' id='word_1_427' title='bbox 2839 2630 2934 2685; x_wconf 88' lang='grc' dir='ltr'><strong>τοῦ</strong></span> <span class='ocrx_word' id='word_1_428' title='bbox 2967 2631 3123 2697; x_wconf 85' lang='grc' dir='ltr'><strong>Υίοῦ,</strong></span> <span class='ocrx_word' id='word_1_429' title='bbox 3163 2633 3294 2704; x_wconf 79' lang='grc' dir='ltr'><strong>περὶ</strong></span> <span class='ocrx_word' id='word_1_430' title='bbox 3325 2633 3352 2686; x_wconf 84' lang='grc' dir='ltr'><strong>ὃ</strong></span> <span class='ocrx_word' id='word_1_431' title='bbox 3382 2635 3674 2704; x_wconf 80' lang='grc' dir='ltr'><strong>προσκόπτειν</strong></span> 
     </span>
    </p>
   </div>
   <div class='ocr_carea' id='block_1_57' title="bbox 2171 2720 3674 2798">
    <p class='ocr_par' dir='ltr' id='par_1_57' title="bbox 2171 2720 3674 2798">
     <span class='ocr_line' id='line_1_57' title="bbox 2171 2720 3674 2798; baseline 0.005 -26"><span class='ocrx_word' id='word_1_432' title='bbox 2171 2720 2398 2787; x_wconf 79' lang='grc' dir='ltr'><strong>ἔμελλόν</strong></span> <span class='ocrx_word' id='word_1_433' title='bbox 2443 2740 2611 2787; x_wconf 83' lang='grc' dir='ltr'><strong>τινες,</strong></span> <span class='ocrx_word' id='word_1_434' title='bbox 2665 2723 2826 2777; x_wconf 88' lang='grc' dir='ltr'><strong>τοῦτο</strong></span> <span class='ocrx_word' id='word_1_435' title='bbox 2875 2725 3329 2795; x_wconf 82' lang='grc' dir='ltr'><strong>προθεραπεύων.</strong></span> <span class='ocrx_word' id='word_1_436' title='bbox 3388 2727 3570 2798; x_wconf 83' lang='grc' dir='ltr'><strong>Ὠσπερ</strong></span> <span class='ocrx_word' id='word_1_437' title='bbox 3607 2723 3674 2780; x_wconf 72' lang='grc' dir='ltr'><strong>οὖν</strong></span> 
     </span>
    </p>
   </div>
   <div class='ocr_carea' id='block_1_58' title="bbox 2173 2811 3675 2887">
    <p class='ocr_par' dir='ltr' id='par_1_58' title="bbox 2173 2811 3675 2887">
     <span class='ocr_line' id='line_1_58' title="bbox 2173 2811 3675 2887; baseline 0.006 -24"><span class='ocrx_word' id='word_1_438' title='bbox 2173 2811 2432 2882; x_wconf 77' lang='grc' dir='ltr'><strong>ῥηθέντος</strong></span> <span class='ocrx_word' id='word_1_439' title='bbox 2457 2813 2550 2866; x_wconf 83' lang='grc' dir='ltr'><strong>τοῦ</strong></span> <span class='ocrx_word' id='word_1_440' title='bbox 2591 2814 2724 2868; x_wconf 86' lang='grc' dir='ltr'><strong>Υίοῦ</strong></span> <span class='ocrx_word' id='word_1_441' title='bbox 2755 2815 2850 2869; x_wconf 84' lang='grc' dir='ltr'><strong>καὶ</strong></span> <span class='ocrx_word' id='word_1_442' title='bbox 2883 2815 2979 2869; x_wconf 86' lang='grc' dir='ltr'><strong>τοῦ</strong></span> <span class='ocrx_word' id='word_1_443' title='bbox 3011 2817 3334 2887; x_wconf 85' lang='grc' dir='ltr'><strong>Πνεύματος</strong></span> <span class='ocrx_word' id='word_1_444' title='bbox 3368 2819 3578 2882; x_wconf 86' lang='grc' dir='ltr'><strong>αίωνίου,</strong></span> <span class='ocrx_word' id='word_1_445' title='bbox 3607 2820 3675 2872; x_wconf 74' lang='grc' dir='ltr'><strong>καὶ</strong></span> 
     </span>
    </p>
   </div>
   <div class='ocr_carea' id='block_1_59' title="bbox 2169 2903 3671 2978">
    <p class='ocr_par' dir='ltr' id='par_1_59' title="bbox 2169 2903 3671 2978">
     <span class='ocr_line' id='line_1_59' title="bbox 2169 2903 3671 2978; baseline 0.004 -23"><span class='ocrx_word' id='word_1_446' title='bbox 2169 2903 2260 2956; x_wconf 71' lang='grc' dir='ltr'><strong>τὸν</strong></span> <span class='ocrx_word' id='word_1_447' title='bbox 2312 2903 2532 2975; x_wconf 77' lang='grc' dir='ltr'><strong>Πατέρα</strong></span> <span class='ocrx_word' id='word_1_448' title='bbox 2585 2905 2870 2978; x_wconf 81' lang='grc' dir='ltr'><strong>αίὼνιονή</strong></span> <span class='ocrx_word' id='word_1_449' title='bbox 2920 2907 3216 2962; x_wconf 83' lang='grc' dir='ltr'><strong>ἀκολουθία</strong></span> <span class='ocrx_word' id='word_1_450' title='bbox 3258 2909 3460 2962; x_wconf 84' lang='grc' dir='ltr'><strong>δίδωσιν</strong></span> <span class='ocrx_word' id='word_1_451' title='bbox 3501 2911 3671 2974; x_wconf 70' lang='grc' dir='ltr'><strong>ἐννοεῖν,</strong></span> 
     </span>
    </p>
   </div>
   <div class='ocr_carea' id='block_1_60' title="bbox 2170 2992 3674 3068">
    <p class='ocr_par' dir='ltr' id='par_1_60' title="bbox 2170 2992 3674 3068">
     <span class='ocr_line' id='line_1_60' title="bbox 2170 2992 3674 3068; baseline 0.003 -24"><span class='ocrx_word' id='word_1_452' title='bbox 2170 2992 2312 3046; x_wconf 77' lang='grc' dir='ltr'><strong>οὕτω</strong></span> <span class='ocrx_word' id='word_1_453' title='bbox 2345 2993 2514 3062; x_wconf 69' lang='grc' dir='ltr'><strong>σοφοῦ</strong></span> <span class='ocrx_word' id='word_1_454' title='bbox 2549 2993 2809 3065; x_wconf 77' lang='grc' dir='ltr'><strong>ῥηθέντος</strong></span> <span class='ocrx_word' id='word_1_455' title='bbox 2832 2995 2927 3049; x_wconf 88' lang='grc' dir='ltr'><strong>τοῦ</strong></span> <span class='ocrx_word' id='word_1_456' title='bbox 2958 2997 3197 3068; x_wconf 85' lang='grc' dir='ltr'><strong>Πατρδς,</strong></span> <span class='ocrx_word' id='word_1_457' title='bbox 3229 2997 3320 3051; x_wconf 72' lang='grc' dir='ltr'><strong>καὶ</strong></span> <span class='ocrx_word' id='word_1_458' title='bbox 3343 2999 3372 3050; x_wconf 84' lang='grc' dir='ltr'><strong>ό</strong></span> <span class='ocrx_word' id='word_1_459' title='bbox 3397 2996 3510 3060; x_wconf 81' lang='grc' dir='ltr'><strong>Υίδς</strong></span> <span class='ocrx_word' id='word_1_460' title='bbox 3540 2996 3613 3049; x_wconf 83' lang='grc' dir='ltr'><strong>καὶ</strong></span> <span class='ocrx_word' id='word_1_461' title='bbox 3630 2995 3674 3048; x_wconf 66' lang='grc' dir='ltr'><strong>τὸ</strong></span> 
     </span>
    </p>
   </div>
   <div class='ocr_carea' id='block_1_61' title="bbox 2170 3084 3674 3159">
    <p class='ocr_par' dir='ltr' id='par_1_61' title="bbox 2170 3084 3674 3159">
     <span class='ocr_line' id='line_1_61' title="bbox 2170 3084 3674 3159; baseline -0.001 -20"><span class='ocrx_word' id='word_1_462' title='bbox 2170 3084 2394 3156; x_wconf 82' lang='grc' dir='ltr'><strong>Πνεῦμα</strong></span> <span class='ocrx_word' id='word_1_463' title='bbox 2441 3087 2668 3150; x_wconf 74' lang='grc' dir='ltr'><strong>εἰκότως</strong></span> <span class='ocrx_word' id='word_1_464' title='bbox 2722 3089 2781 3140; x_wconf 78' lang='grc' dir='ltr'><strong>ὲν</strong></span> <span class='ocrx_word' id='word_1_465' title='bbox 2810 3089 3038 3159; x_wconf 69' lang='grc' dir='ltr'><strong>ἀρρήτῳ</strong></span> <span class='ocrx_word' id='word_1_466' title='bbox 3084 3089 3182 3142; x_wconf 79' lang='grc' dir='ltr'><strong>καὶ</strong></span> <span class='ocrx_word' id='word_1_467' title='bbox 3233 3088 3508 3158; x_wconf 88' lang='grc' dir='ltr'><strong>θεοπρεπεῖ</strong></span> <span class='ocrx_word' id='word_1_468' title='bbox 3553 3087 3674 3155; x_wconf 65' lang='grc' dir='ltr'><strong>σοφίᾳ</strong></span> 
     </span>
    </p>
   </div>
   <div class='ocr_carea' id='block_1_62' title="bbox 2171 3175 3670 3250">
    <p class='ocr_par' dir='ltr' id='par_1_62' title="bbox 2171 3175 3670 3250">
     <span class='ocr_line' id='line_1_62' title="bbox 2171 3175 3670 3250; baseline 0.002 -25"><span class='ocrx_word' id='word_1_469' title='bbox 2171 3175 2414 3241; x_wconf 83' lang='grc' dir='ltr'><strong>νοηθεῖεν</strong></span> <span class='ocrx_word' id='word_1_470' title='bbox 2442 3175 2530 3241; x_wconf 78' lang='grc' dir='ltr'><strong>ἂν,</strong></span> <span class='ocrx_word' id='word_1_471' title='bbox 2565 3177 2660 3231; x_wconf 77' lang='grc' dir='ltr'><strong>καὶ</strong></span> <span class='ocrx_word' id='word_1_472' title='bbox 2697 3175 2822 3231; x_wconf 77' lang='grc' dir='ltr'><strong>οὔτε</strong></span> <span class='ocrx_word' id='word_1_473' title='bbox 2855 3179 2917 3231; x_wconf 80' lang='grc' dir='ltr'><strong>τὸ</strong></span> <span class='ocrx_word' id='word_1_474' title='bbox 2946 3178 3169 3233; x_wconf 84' lang='grc' dir='ltr'><strong>αίώνιον</strong></span> <span class='ocrx_word' id='word_1_475' title='bbox 3197 3178 3292 3232; x_wconf 88' lang='grc' dir='ltr'><strong>τοῦ</strong></span> <span class='ocrx_word' id='word_1_476' title='bbox 3327 3179 3519 3250; x_wconf 69' lang='grc' dir='ltr'><strong>Πατρός</strong></span> <span class='ocrx_word' id='word_1_477' title='bbox 3548 3177 3670 3244; x_wconf 74' lang='grc' dir='ltr'><strong>ἀφαι-</strong></span> 
     </span>
    </p>
   </div>
   <div class='ocr_carea' id='block_1_63' title="bbox 494 3238 2064 3352">
    <p class='ocr_par' dir='ltr' id='par_1_63' title="bbox 494 3277 2060 3352">
     <span class='ocr_line' id='line_1_63' title="bbox 494 3277 2060 3352; baseline 0.007 -25"><span class='ocrx_word' id='word_1_478' title='bbox 494 3281 770 3330; x_wconf 85' lang='lat' dir='ltr'><strong>aeternus:</strong></span> <span class='ocrx_word' id='word_1_479' title='bbox 810 3277 882 3332; x_wconf 88' lang='lat' dir='ltr'><strong>ita</strong></span> <span class='ocrx_word' id='word_1_480' title='bbox 931 3277 1062 3332; x_wconf 93' lang='lat' dir='ltr'><strong>dum</strong></span> <span class='ocrx_word' id='word_1_481' title='bbox 1109 3279 1270 3335; x_wconf 89' lang='lat' dir='ltr'><strong>Pater</strong></span> <span class='ocrx_word' id='word_1_482' title='bbox 1299 3281 1482 3336; x_wconf 91' lang='lat' dir='ltr'><strong>dictus</strong></span> <span class='ocrx_word' id='word_1_483' title='bbox 1506 3291 1590 3336; x_wconf 92' lang='lat' dir='ltr'><strong>est</strong></span> <span class='ocrx_word' id='word_1_484' title='bbox 1623 3282 1862 3352; x_wconf 89' lang='lat' dir='ltr'><strong>sapiens.</strong></span> <span class='ocrx_word' id='word_1_485' title='bbox 1894 3284 2060 3338; x_wconf 87' lang='lat' dir='ltr'><strong>etiam</strong></span> 
     </span>
    </p>
   </div>
   <div class='ocr_carea' id='block_1_64' title="bbox 2170 3238 3670 3352">
    <p class='ocr_par' dir='ltr' id='par_1_64' title="bbox 2173 3238 3670 3341">
     <span class='ocr_line' id='line_1_64' title="bbox 2173 3238 3670 3341; baseline -0.001 -21"><span class='ocrx_word' id='word_1_486' title='bbox 2173 3238 2377 3339; x_wconf 84' lang='grc' dir='ltr'><strong>ρεθείη,</strong></span> <span class='ocrx_word' id='word_1_487' title='bbox 2423 3238 2547 3321; x_wconf 74' lang='grc' dir='ltr'><strong>οὔτε</strong></span> <span class='ocrx_word' id='word_1_488' title='bbox 2579 3269 2640 3322; x_wconf 79' lang='grc' dir='ltr'><strong>τὸ</strong></span> <span class='ocrx_word' id='word_1_489' title='bbox 2687 3269 2853 3339; x_wconf 72' lang='grc' dir='ltr'><strong>σοφὸν</strong></span> <span class='ocrx_word' id='word_1_490' title='bbox 2894 3273 2990 3324; x_wconf 81' lang='grc' dir='ltr'><strong>τοῦ</strong></span> <span class='ocrx_word' id='word_1_491' title='bbox 3043 3269 3363 3341; x_wconf 77' lang='grc' dir='ltr'><strong>Πνεῦματος</strong></span> <span class='ocrx_word' id='word_1_492' title='bbox 3396 3238 3534 3341; x_wconf 52' lang='grc' dir='ltr'><strong>η’τοῦ</strong></span> <span class='ocrx_word' id='word_1_493' title='bbox 3578 3238 3670 3320; x_wconf 74' lang='lat' dir='ltr'><strong>l‘loi</strong></span> 
     </span>
    </p>
   </div>
   <div class='ocr_carea' id='block_1_65' title="bbox 494 3363 2064 3452">
    <p class='ocr_par' dir='ltr' id='par_1_65' title="bbox 494 3363 2064 3452">
     <span class='ocr_line' id='line_1_65' title="bbox 494 3363 2064 3452; baseline 0.009 -35"><span class='ocrx_word' id='word_1_494' title='bbox 494 3363 672 3420; x_wconf 85' lang='lat' dir='ltr'><strong>Filius</strong></span> <span class='ocrx_word' id='word_1_495' title='bbox 715 3381 779 3421; x_wconf 89' lang='lat' dir='ltr'><strong>ac</strong></span> <span class='ocrx_word' id='word_1_496' title='bbox 813 3366 1051 3437; x_wconf 89' lang='lat' dir='ltr'><strong>Spiritus</strong></span> <span class='ocrx_word' id='word_1_497' title='bbox 1099 3371 1299 3425; x_wconf 88' lang='lat' dir='ltr'><strong>merito</strong></span> <span class='ocrx_word' id='word_1_498' title='bbox 1339 3370 1606 3426; x_wconf 80' lang='lat' dir='ltr'><strong>inellabili</strong></span> <span class='ocrx_word' id='word_1_499' title='bbox 1657 3388 1720 3428; x_wconf 83' lang='lat' dir='ltr'><strong>ac</strong></span> <span class='ocrx_word' id='word_1_500' title='bbox 1760 3373 1944 3452; x_wconf 80' lang='lat' dir='ltr'><strong>divina</strong></span> <span class='ocrx_word' id='word_1_501' title='bbox 1978 3390 2064 3430; x_wconf 89' lang='lat' dir='ltr'><strong>sa-</strong></span> 
     </span>
    </p>
   </div>
   <div class='ocr_carea' id='block_1_66' title="bbox 491 3456 2063 3534">
    <p class='ocr_par' dir='ltr' id='par_1_66' title="bbox 491 3456 2063 3534">
     <span class='ocr_line' id='line_1_66' title="bbox 491 3456 2063 3534; baseline 0.007 -25"><span class='ocrx_word' id='word_1_502' title='bbox 491 3456 696 3524; x_wconf 88' lang='lat' dir='ltr'><strong>pientia</strong></span> <span class='ocrx_word' id='word_1_503' title='bbox 723 3460 926 3528; x_wconf 85' lang='lat' dir='ltr'><strong>pollere</strong></span> <span class='ocrx_word' id='word_1_504' title='bbox 961 3462 1192 3532; x_wconf 79' lang='lat' dir='ltr'><strong>intelligi</strong></span> <span class='ocrx_word' id='word_1_505' title='bbox 1221 3472 1489 3532; x_wconf 89' lang='lat' dir='ltr'><strong>possunt:</strong></span> <span class='ocrx_word' id='word_1_506' title='bbox 1530 3475 1587 3518; x_wconf 90' lang='lat' dir='ltr'><strong>et</strong></span> <span class='ocrx_word' id='word_1_507' title='bbox 1626 3480 1808 3534; x_wconf 88' lang='lat' dir='ltr'><strong>neque</strong></span> <span class='ocrx_word' id='word_1_508' title='bbox 1841 3467 2063 3522; x_wconf 66' lang='lat' dir='ltr'><strong>aeterni-</strong></span> 
     </span>
    </p>
   </div>
   <div class='ocr_carea' id='block_1_67' title="bbox 492 3548 2057 3627">
    <p class='ocr_par' dir='ltr' id='par_1_67' title="bbox 492 3548 2057 3627">
     <span class='ocr_line' id='line_1_67' title="bbox 492 3548 2057 3627; baseline 0.008 -25"><span class='ocrx_word' id='word_1_509' title='bbox 492 3559 576 3602; x_wconf 86' lang='lat' dir='ltr'><strong>tas</strong></span> <span class='ocrx_word' id='word_1_510' title='bbox 605 3563 633 3602; x_wconf 90' lang='lat' dir='ltr'><strong>a</strong></span> <span class='ocrx_word' id='word_1_511' title='bbox 659 3548 816 3602; x_wconf 86' lang='lat' dir='ltr'><strong>Patre</strong></span> <span class='ocrx_word' id='word_1_512' title='bbox 833 3560 1011 3618; x_wconf 89' lang='lat' dir='ltr'><strong>potest</strong></span> <span class='ocrx_word' id='word_1_513' title='bbox 1035 3552 1272 3607; x_wconf 88' lang='lat' dir='ltr'><strong>auferri:</strong></span> <span class='ocrx_word' id='word_1_514' title='bbox 1301 3568 1480 3623; x_wconf 92' lang='lat' dir='ltr'><strong>neque</strong></span> <span class='ocrx_word' id='word_1_515' title='bbox 1507 3554 1680 3609; x_wconf 88' lang='lat' dir='ltr'><strong>Filius</strong></span> <span class='ocrx_word' id='word_1_516' title='bbox 1704 3557 2057 3627; x_wconf 84' lang='lat' dir='ltr'><strong>autSpiritus</strong></span> 
     </span>
    </p>
   </div>
   <div class='ocr_carea' id='block_1_68' title="bbox 491 3641 2062 3714">
    <p class='ocr_par' dir='ltr' id='par_1_68' title="bbox 491 3641 2062 3714">
     <span class='ocr_line' id='line_1_68' title="bbox 491 3641 2062 3714; baseline 0.007 -22"><span class='ocrx_word' id='word_1_517' title='bbox 491 3649 700 3708; x_wconf 89' lang='lat' dir='ltr'><strong>queunt</strong></span> <span class='ocrx_word' id='word_1_518' title='bbox 721 3641 988 3709; x_wconf 87' lang='lat' dir='ltr'><strong>sapientia</strong></span> <span class='ocrx_word' id='word_1_519' title='bbox 1019 3645 1242 3712; x_wconf 85' lang='lat' dir='ltr'><strong>privari.</strong></span> <span class='ocrx_word' id='word_1_520' title='bbox 1265 3645 1334 3698; x_wconf 88' lang='lat' dir='ltr'><strong>Et</strong></span> <span class='ocrx_word' id='word_1_521' title='bbox 1371 3645 1517 3714; x_wconf 91' lang='lat' dir='ltr'><strong>quod</strong></span> <span class='ocrx_word' id='word_1_522' title='bbox 1543 3645 1611 3700; x_wconf 90' lang='lat' dir='ltr'><strong>de</strong></span> <span class='ocrx_word' id='word_1_523' title='bbox 1630 3647 1789 3702; x_wconf 84' lang='lat' dir='ltr'><strong>Patre</strong></span> <span class='ocrx_word' id='word_1_524' title='bbox 1811 3647 1947 3702; x_wconf 88' lang='lat' dir='ltr'><strong>dicit</strong></span> <span class='ocrx_word' id='word_1_525' title='bbox 1970 3648 2062 3703; x_wconf 86' lang='lat' dir='ltr'><strong>hic</strong></span> 
     </span>
    </p>
   </div>
   <div class='ocr_carea' id='block_1_69' title="bbox 491 3729 2052 3809">
    <p class='ocr_par' dir='ltr' id='par_1_69' title="bbox 491 3729 2052 3809">
     <span class='ocr_line' id='line_1_69' title="bbox 491 3729 2052 3809; baseline 0.006 -26"><span class='ocrx_word' id='word_1_526' title='bbox 491 3729 651 3784; x_wconf 79' lang='lat' dir='ltr'><strong>divus</strong></span> <span class='ocrx_word' id='word_1_527' title='bbox 671 3731 894 3797; x_wconf 77' lang='lat' dir='ltr'><strong>Paulus,</strong></span> <span class='ocrx_word' id='word_1_528' title='bbox 915 3733 1144 3787; x_wconf 88' lang='lat' dir='ltr'><strong>dictioni</strong></span> <span class='ocrx_word' id='word_1_529' title='bbox 1176 3735 1448 3805; x_wconf 70' lang='lat' dir='ltr'><strong>«Sapienti</strong></span> <span class='ocrx_word' id='word_1_530' title='bbox 1464 3756 1481 3788; x_wconf 77' lang='grc' dir='ltr'><strong>ι</strong></span> <span class='ocrx_word' id='word_1_531' title='bbox 1505 3741 1830 3809; x_wconf 88' lang='lat' dir='ltr'><strong>contingens</strong></span> <span class='ocrx_word' id='word_1_532' title='bbox 1854 3740 2052 3807; x_wconf 65' lang='lat' dir='ltr'><strong>«Soli,»</strong></span> 
     </span>
    </p>
   </div>
   <div class='ocr_carea' id='block_1_70' title="bbox 490 3821 2056 3897">
    <p class='ocr_par' dir='ltr' id='par_1_70' title="bbox 490 3821 2056 3897">
     <span class='ocr_line' id='line_1_70' title="bbox 490 3821 2056 3897; baseline 0.008 -25"><span class='ocrx_word' id='word_1_533' title='bbox 490 3833 621 3872; x_wconf 84' lang='lat' dir='ltr'><strong>vere</strong></span> <span class='ocrx_word' id='word_1_534' title='bbox 657 3827 777 3873; x_wconf 89' lang='lat' dir='ltr'><strong>erat</strong></span> <span class='ocrx_word' id='word_1_535' title='bbox 811 3821 1095 3889; x_wconf 75' lang='lat' dir='ltr'><strong>sapientia:</strong></span> <span class='ocrx_word' id='word_1_536' title='bbox 1136 3822 1396 3886; x_wconf 81' lang='lat' dir='ltr'><strong>Spiritus,</strong></span> <span class='ocrx_word' id='word_1_537' title='bbox 1429 3835 1486 3879; x_wconf 88' lang='lat' dir='ltr'><strong>et</strong></span> <span class='ocrx_word' id='word_1_538' title='bbox 1519 3827 1722 3882; x_wconf 90' lang='lat' dir='ltr'><strong>mentis</strong></span> <span class='ocrx_word' id='word_1_539' title='bbox 1746 3843 1867 3897; x_wconf 73' lang='lat' dir='ltr'><strong>qua:</strong></span> <span class='ocrx_word' id='word_1_540' title='bbox 1887 3829 2056 3884; x_wconf 89' lang='lat' dir='ltr'><strong>Paulo</strong></span> 
     </span>
    </p>
   </div>
   <div class='ocr_carea' id='block_1_71' title="bbox 489 3913 2057 3990">
    <p class='ocr_par' dir='ltr' id='par_1_71' title="bbox 489 3913 2057 3990">
     <span class='ocr_line' id='line_1_71' title="bbox 489 3913 2057 3990; baseline 0.008 -26"><span class='ocrx_word' id='word_1_541' title='bbox 489 3925 751 3966; x_wconf 89' lang='lat' dir='ltr'><strong>concessa</strong></span> <span class='ocrx_word' id='word_1_542' title='bbox 776 3920 894 3966; x_wconf 84' lang='lat' dir='ltr'><strong>erat</strong></span> <span class='ocrx_word' id='word_1_543' title='bbox 922 3928 953 3967; x_wconf 91' lang='lat' dir='ltr'><strong>a</strong></span> <span class='ocrx_word' id='word_1_544' title='bbox 975 3913 1204 3983; x_wconf 89' lang='lat' dir='ltr'><strong>Spiritu.</strong></span> <span class='ocrx_word' id='word_1_545' title='bbox 1236 3915 1369 3970; x_wconf 82' lang='lat' dir='ltr'><strong>Nam</strong></span> <span class='ocrx_word' id='word_1_546' title='bbox 1393 3917 1445 3970; x_wconf 94' lang='lat' dir='ltr'><strong>in</strong></span> <span class='ocrx_word' id='word_1_547' title='bbox 1469 3918 1573 3973; x_wconf 90' lang='lat' dir='ltr'><strong>hoc</strong></span> <span class='ocrx_word' id='word_1_548' title='bbox 1601 3921 1787 3990; x_wconf 90' lang='lat' dir='ltr'><strong>posuit</strong></span> <span class='ocrx_word' id='word_1_549' title='bbox 1816 3940 1834 3972; x_wconf 83' lang='grc' dir='ltr'><strong>ι</strong></span> <span class='ocrx_word' id='word_1_550' title='bbox 1864 3921 1979 3976; x_wconf 91' lang='lat' dir='ltr'><strong>Soli</strong></span> <span class='ocrx_word' id='word_1_551' title='bbox 2011 3942 2057 3987; x_wconf 70' lang='grc' dir='ltr'><strong>ι,</strong></span> 
     </span>
    </p>
   </div>
   <div class='ocr_carea' id='block_1_72' title="bbox 491 3999 2056 4082">
    <p class='ocr_par' dir='ltr' id='par_1_72' title="bbox 491 3999 2056 4082">
     <span class='ocr_line' id='line_1_72' title="bbox 491 3999 2056 4082; baseline 0.009 -28"><span class='ocrx_word' id='word_1_552' title='bbox 491 3999 548 4055; x_wconf 91' lang='lat' dir='ltr'><strong>in</strong></span> <span class='ocrx_word' id='word_1_553' title='bbox 596 4017 706 4071; x_wconf 93' lang='lat' dir='ltr'><strong>quo</strong></span> <span class='ocrx_word' id='word_1_554' title='bbox 742 4003 998 4058; x_wconf 89' lang='lat' dir='ltr'><strong>omnibus</strong></span> <span class='ocrx_word' id='word_1_555' title='bbox 1046 4015 1131 4060; x_wconf 89' lang='lat' dir='ltr'><strong>est</strong></span> <span class='ocrx_word' id='word_1_556' title='bbox 1177 4007 1570 4073; x_wconf 89' lang='lat' dir='ltr'><strong>indubitatum,</strong></span> <span class='ocrx_word' id='word_1_557' title='bbox 1619 4011 1786 4065; x_wconf 83' lang='lat' dir='ltr'><strong>etiam</strong></span> <span class='ocrx_word' id='word_1_558' title='bbox 1843 4011 1932 4067; x_wconf 85' lang='lat' dir='ltr'><strong>his</strong></span> <span class='ocrx_word' id='word_1_559' title='bbox 1963 4015 2056 4082; x_wconf 90' lang='lat' dir='ltr'><strong>qui</strong></span> 
     </span>
    </p>
   </div>
   <div class='ocr_carea' id='block_1_73' title="bbox 491 4095 2056 4174">
    <p class='ocr_par' dir='ltr' id='par_1_73' title="bbox 491 4095 2056 4174">
     <span class='ocr_line' id='line_1_73' title="bbox 491 4095 2056 4174; baseline 0.009 -29"><span class='ocrx_word' id='word_1_560' title='bbox 491 4101 620 4147; x_wconf 87' lang='lat' dir='ltr'><strong>sunt</strong></span> <span class='ocrx_word' id='word_1_561' title='bbox 669 4095 903 4150; x_wconf 78' lang='lat' dir='ltr'><strong>maxime</strong></span> <span class='ocrx_word' id='word_1_562' title='bbox 935 4098 1274 4166; x_wconf 87' lang='lat' dir='ltr'><strong>pervicaccs,</strong></span> <span class='ocrx_word' id='word_1_563' title='bbox 1325 4101 1469 4170; x_wconf 91' lang='lat' dir='ltr'><strong>quod</strong></span> <span class='ocrx_word' id='word_1_564' title='bbox 1508 4102 1680 4157; x_wconf 81' lang='lat' dir='ltr'><strong>Filius</strong></span> <span class='ocrx_word' id='word_1_565' title='bbox 1712 4119 1776 4157; x_wconf 88' lang='lat' dir='ltr'><strong>ac</strong></span> <span class='ocrx_word' id='word_1_566' title='bbox 1811 4104 2056 4174; x_wconf 85' lang='lat' dir='ltr'><strong>Spiritus</strong></span> 
     </span>
    </p>
   </div>
   <div class='ocr_carea' id='block_1_74' title="bbox 489 4185 2054 4256">
    <p class='ocr_par' dir='ltr' id='par_1_74' title="bbox 489 4185 2054 4256">
     <span class='ocr_line' id='line_1_74' title="bbox 489 4185 2054 4256; baseline 0.009 -18"><span class='ocrx_word' id='word_1_567' title='bbox 489 4185 595 4241; x_wconf 91' lang='lat' dir='ltr'><strong>hoc</strong></span> <span class='ocrx_word' id='word_1_568' title='bbox 630 4187 827 4256; x_wconf 90' lang='lat' dir='ltr'><strong>privati</strong></span> <span class='ocrx_word' id='word_1_569' title='bbox 869 4204 976 4243; x_wconf 92' lang='lat' dir='ltr'><strong>non</strong></span> <span class='ocrx_word' id='word_1_570' title='bbox 1038 4191 1169 4245; x_wconf 89' lang='lat' dir='ltr'><strong>sint.</strong></span> <span class='ocrx_word' id='word_1_571' title='bbox 1203 4191 1315 4246; x_wconf 91' lang='lat' dir='ltr'><strong>Cur</strong></span> <span class='ocrx_word' id='word_1_572' title='bbox 1348 4193 1453 4248; x_wconf 91' lang='lat' dir='ltr'><strong>hoc</strong></span> <span class='ocrx_word' id='word_1_573' title='bbox 1483 4194 1654 4249; x_wconf 87' lang='lat' dir='ltr'><strong>fecit?</strong></span> <span class='ocrx_word' id='word_1_574' title='bbox 1686 4195 1756 4250; x_wconf 91' lang='lat' dir='ltr'><strong>Ut</strong></span> <span class='ocrx_word' id='word_1_575' title='bbox 1802 4198 1969 4251; x_wconf 87' lang='lat' dir='ltr'><strong>etiam</strong></span> <span class='ocrx_word' id='word_1_576' title='bbox 2000 4198 2054 4253; x_wconf 91' lang='lat' dir='ltr'><strong>in</strong></span> 
     </span>
    </p>
   </div>
   <div class='ocr_carea' id='block_1_75' title="bbox 485 4277 2058 4349">
    <p class='ocr_par' dir='ltr' id='par_1_75' title="bbox 485 4277 2058 4349">
     <span class='ocr_line' id='line_1_75' title="bbox 485 4277 2058 4349; baseline 0.008 -18"><span class='ocrx_word' id='word_1_577' title='bbox 485 4277 911 4349; x_wconf 89' lang='lat' dir='ltr'><strong>quibuscunque</strong></span> <span class='ocrx_word' id='word_1_578' title='bbox 941 4281 1066 4337; x_wconf 89' lang='lat' dir='ltr'><strong>aliis</strong></span> <span class='ocrx_word' id='word_1_579' title='bbox 1103 4283 1309 4338; x_wconf 88' lang='lat' dir='ltr'><strong>divinis</strong></span> <span class='ocrx_word' id='word_1_580' title='bbox 1350 4285 1604 4340; x_wconf 85' lang='lat' dir='ltr'><strong>sensibus</strong></span> <span class='ocrx_word' id='word_1_581' title='bbox 1633 4301 1697 4340; x_wconf 89' lang='lat' dir='ltr'><strong>ac</strong></span> <span class='ocrx_word' id='word_1_582' title='bbox 1739 4288 2058 4344; x_wconf 86' lang='lat' dir='ltr'><strong>nominibus</strong></span> 
     </span>
    </p>
   </div>
   <div class='ocr_carea' id='block_1_76' title="bbox 485 4369 2052 4444">
    <p class='ocr_par' dir='ltr' id='par_1_76' title="bbox 485 4369 2052 4444">
     <span class='ocr_line' id='line_1_76' title="bbox 485 4369 2052 4444; baseline 0.008 -23"><span class='ocrx_word' id='word_1_583' title='bbox 485 4369 782 4425; x_wconf 83' lang='lat' dir='ltr'><strong>dictionem</strong></span> <span class='ocrx_word' id='word_1_584' title='bbox 822 4390 840 4422; x_wconf 88' lang='grc' dir='ltr'><strong>ι</strong></span> <span class='ocrx_word' id='word_1_585' title='bbox 881 4372 1070 4426; x_wconf 88' lang='lat' dir='ltr'><strong>Solum</strong></span> <span class='ocrx_word' id='word_1_586' title='bbox 1103 4391 1121 4425; x_wconf 79' lang='grc' dir='ltr'><strong>ι</strong></span> <span class='ocrx_word' id='word_1_587' title='bbox 1184 4375 1499 4444; x_wconf 75' lang='lat' dir='ltr'><strong>adiunctam</strong></span> <span class='ocrx_word' id='word_1_588' title='bbox 1530 4376 1796 4439; x_wconf 88' lang='lat' dir='ltr'><strong>audieris,</strong></span> <span class='ocrx_word' id='word_1_589' title='bbox 1825 4393 1935 4432; x_wconf 93' lang='lat' dir='ltr'><strong>non</strong></span> <span class='ocrx_word' id='word_1_590' title='bbox 1983 4377 2052 4433; x_wconf 90' lang='lat' dir='ltr'><strong>ad</strong></span> 
     </span>
    </p>
   </div>
   <div class='ocr_carea' id='block_1_77' title="bbox 484 4461 2049 4539">
    <p class='ocr_par' dir='ltr' id='par_1_77' title="bbox 484 4461 2049 4539">
     <span class='ocr_line' id='line_1_77' title="bbox 484 4461 2049 4539; baseline 0.004 -23"><span class='ocrx_word' id='word_1_591' title='bbox 484 4461 896 4517; x_wconf 89' lang='lat' dir='ltr'><strong>distinctionem</strong></span> <span class='ocrx_word' id='word_1_592' title='bbox 947 4463 1072 4517; x_wconf 89' lang='lat' dir='ltr'><strong>Filii</strong></span> <span class='ocrx_word' id='word_1_593' title='bbox 1119 4479 1183 4518; x_wconf 91' lang='lat' dir='ltr'><strong>ac</strong></span> <span class='ocrx_word' id='word_1_594' title='bbox 1239 4464 1482 4534; x_wconf 90' lang='lat' dir='ltr'><strong>Spiritus</strong></span> <span class='ocrx_word' id='word_1_595' title='bbox 1518 4482 1710 4520; x_wconf 87' lang='lat' dir='ltr'><strong>vocem</strong></span> <span class='ocrx_word' id='word_1_596' title='bbox 1756 4467 2049 4539; x_wconf 71' lang='lat' dir='ltr'><strong>intelligas,</strong></span> 
     </span>
    </p>
   </div>
   <div class='ocr_carea' id='block_1_78' title="bbox 2167 3358 3671 3431">
    <p class='ocr_par' dir='ltr' id='par_1_78' title="bbox 2167 3358 3671 3431">
     <span class='ocr_line' id='line_1_78' title="bbox 2167 3358 3671 3431; baseline -0.005 -16"><span class='ocrx_word' id='word_1_597' title='bbox 2167 3359 2592 3431; x_wconf 83' lang='grc' dir='ltr'><strong>ἀποστερηθείη.</strong></span> <span class='ocrx_word' id='word_1_598' title='bbox 2612 3360 2721 3414; x_wconf 89' lang='lat' dir='ltr'><strong>Kal</strong></span> <span class='ocrx_word' id='word_1_599' title='bbox 2747 3361 2808 3414; x_wconf 80' lang='grc' dir='ltr'><strong>τὸ</strong></span> <span class='ocrx_word' id='word_1_600' title='bbox 2837 3362 3012 3414; x_wconf 70' lang='grc' dir='ltr'><strong>εἰπεῖν</strong></span> <span class='ocrx_word' id='word_1_601' title='bbox 3039 3361 3097 3414; x_wconf 76' lang='grc' dir='ltr'><strong>δὲ</strong></span> <span class='ocrx_word' id='word_1_602' title='bbox 3129 3362 3222 3414; x_wconf 85' lang='grc' dir='ltr'><strong>τὸν</strong></span> <span class='ocrx_word' id='word_1_603' title='bbox 3247 3360 3385 3414; x_wconf 84' lang='grc' dir='ltr'><strong>θεῖον</strong></span> <span class='ocrx_word' id='word_1_604' title='bbox 3407 3359 3585 3412; x_wconf 83' lang='grc' dir='ltr'><strong>Παῦλον</strong></span> <span class='ocrx_word' id='word_1_605' title='bbox 3606 3358 3671 3409; x_wconf 63' lang='grc' dir='ltr'><strong>ἐπὶ</strong></span> 
     </span>
    </p>
   </div>
   <div class='ocr_carea' id='block_1_79' title="bbox 2169 3449 3673 3524">
    <p class='ocr_par' dir='ltr' id='par_1_79' title="bbox 2169 3449 3673 3524">
     <span class='ocr_line' id='line_1_79' title="bbox 2169 3449 3673 3524; baseline -0.001 -20"><span class='ocrx_word' id='word_1_606' title='bbox 2169 3449 2263 3504; x_wconf 85' lang='grc' dir='ltr'><strong>τοῦ</strong></span> <span class='ocrx_word' id='word_1_607' title='bbox 2285 3451 2494 3523; x_wconf 82' lang='grc' dir='ltr'><strong>Πατρδς</strong></span> <span class='ocrx_word' id='word_1_608' title='bbox 2515 3450 2771 3518; x_wconf 76' lang='grc' dir='ltr'><strong>ἐνταῦθα,</strong></span> <span class='ocrx_word' id='word_1_609' title='bbox 2786 3452 2884 3523; x_wconf 80' lang='grc' dir='ltr'><strong>τῷ,</strong></span> <span class='ocrx_word' id='word_1_610' title='bbox 2903 3451 3096 3522; x_wconf 77' lang='grc' dir='ltr'><strong>Σοφῷ,</strong></span> <span class='ocrx_word' id='word_1_611' title='bbox 3118 3453 3426 3524; x_wconf 76' lang='grc' dir='ltr'><strong>συνάψαντα</strong></span> <span class='ocrx_word' id='word_1_612' title='bbox 3436 3451 3508 3514; x_wconf 79' lang='grc' dir='ltr'><strong>τὸ,</strong></span> <span class='ocrx_word' id='word_1_613' title='bbox 3523 3451 3673 3516; x_wconf 75' lang='grc' dir='ltr'><strong>Πόνῳ,</strong></span> 
     </span>
    </p>
   </div>
   <div class='ocr_carea' id='block_1_80' title="bbox 2166 3539 3672 3614">
    <p class='ocr_par' dir='ltr' id='par_1_80' title="bbox 2166 3539 3672 3614">
     <span class='ocr_line' id='line_1_80' title="bbox 2166 3539 3672 3614; baseline 0.004 -20"><span class='ocrx_word' id='word_1_614' title='bbox 2166 3542 2294 3612; x_wconf 80' lang='grc' dir='ltr'><strong>τῆς,</strong></span> <span class='ocrx_word' id='word_1_615' title='bbox 2325 3543 2400 3606; x_wconf 82' lang='grc' dir='ltr'><strong>ὡς</strong></span> <span class='ocrx_word' id='word_1_616' title='bbox 2430 3542 2647 3613; x_wconf 86' lang='grc' dir='ltr'><strong>ἀληθῶς</strong></span> <span class='ocrx_word' id='word_1_617' title='bbox 2675 3539 2766 3614; x_wconf 76' lang='grc' dir='ltr'><strong>ἦν,</strong></span> <span class='ocrx_word' id='word_1_618' title='bbox 2805 3543 2900 3597; x_wconf 88' lang='grc' dir='ltr'><strong>τοῦ</strong></span> <span class='ocrx_word' id='word_1_619' title='bbox 2927 3544 3250 3614; x_wconf 81' lang='grc' dir='ltr'><strong>Πνεῦματος</strong></span> <span class='ocrx_word' id='word_1_620' title='bbox 3277 3543 3474 3613; x_wconf 67' lang='grc' dir='ltr'><strong>σοφίας,</strong></span> <span class='ocrx_word' id='word_1_621' title='bbox 3501 3541 3580 3595; x_wconf 82' lang='grc' dir='ltr'><strong>καὶ</strong></span> <span class='ocrx_word' id='word_1_622' title='bbox 3602 3540 3672 3610; x_wconf 79' lang='grc' dir='ltr'><strong>τῆς</strong></span> 
     </span>
    </p>
   </div>
   <div class='ocr_carea' id='block_1_81' title="bbox 2167 3631 3671 3706">
    <p class='ocr_par' dir='ltr' id='par_1_81' title="bbox 2167 3631 3671 3706">
     <span class='ocr_line' id='line_1_81' title="bbox 2167 3631 3671 3706; baseline -0.002 -19"><span class='ocrx_word' id='word_1_623' title='bbox 2167 3634 2379 3687; x_wconf 76' lang='grc' dir='ltr'><strong>ἐκεῖθεν</strong></span> <span class='ocrx_word' id='word_1_624' title='bbox 2428 3635 2842 3706; x_wconf 83' lang='grc' dir='ltr'><strong>χορηγουμένης</strong></span> <span class='ocrx_word' id='word_1_625' title='bbox 2890 3635 3085 3706; x_wconf 85' lang='grc' dir='ltr'><strong>Παύλῳ</strong></span> <span class='ocrx_word' id='word_1_626' title='bbox 3124 3637 3380 3700; x_wconf 80' lang='grc' dir='ltr'><strong>διανοίας.</strong></span> <span class='ocrx_word' id='word_1_627' title='bbox 3426 3635 3506 3688; x_wconf 85' lang='grc' dir='ltr'><strong>Ἐν</strong></span> <span class='ocrx_word' id='word_1_628' title='bbox 3541 3631 3671 3699; x_wconf 79' lang='grc' dir='ltr'><strong>τούτῳ</strong></span> 
     </span>
    </p>
   </div>
   <div class='ocr_carea' id='block_1_82' title="bbox 2169 3719 3674 3797">
    <p class='ocr_par' dir='ltr' id='par_1_82' title="bbox 2169 3719 3674 3797">
     <span class='ocr_line' id='line_1_82' title="bbox 2169 3719 3674 3797; baseline -0.004 -18"><span class='ocrx_word' id='word_1_629' title='bbox 2169 3727 2276 3797; x_wconf 85' lang='grc' dir='ltr'><strong>γὰρ</strong></span> <span class='ocrx_word' id='word_1_630' title='bbox 2304 3725 2517 3780; x_wconf 71' lang='grc' dir='ltr'><strong>τέθεικε</strong></span> <span class='ocrx_word' id='word_1_631' title='bbox 2567 3727 2648 3793; x_wconf 77' lang='grc' dir='ltr'><strong>τὸ,</strong></span> <span class='ocrx_word' id='word_1_632' title='bbox 2695 3745 2714 3780; x_wconf 82' lang='grc' dir='ltr'><strong>ι</strong></span> <span class='ocrx_word' id='word_1_633' title='bbox 2741 3727 2925 3794; x_wconf 85' lang='grc' dir='ltr'><strong>Μόνῳ,</strong></span> <span class='ocrx_word' id='word_1_634' title='bbox 2961 3745 2979 3778; x_wconf 76' lang='grc' dir='ltr'><strong>ι</strong></span> <span class='ocrx_word' id='word_1_635' title='bbox 3016 3729 3074 3780; x_wconf 80' lang='grc' dir='ltr'><strong>ὲν</strong></span> <span class='ocrx_word' id='word_1_636' title='bbox 3103 3719 3150 3796; x_wconf 84' lang='grc' dir='ltr'>ᾧ</span> <span class='ocrx_word' id='word_1_637' title='bbox 3186 3729 3348 3780; x_wconf 80' lang='grc' dir='ltr'><strong>πᾶσίν</strong></span> <span class='ocrx_word' id='word_1_638' title='bbox 3375 3727 3510 3778; x_wconf 60' lang='grc' dir='ltr'><strong>ἔστιν</strong></span> <span class='ocrx_word' id='word_1_639' title='bbox 3545 3725 3674 3791; x_wconf 79' lang='grc' dir='ltr'><strong>ἀναμ-</strong></span> 
     </span>
    </p>
   </div>
   <div class='ocr_carea' id='block_1_83' title="bbox 2171 3812 3672 3888">
    <p class='ocr_par' dir='ltr' id='par_1_83' title="bbox 2171 3812 3672 3888">
     <span class='ocr_line' id='line_1_83' title="bbox 2171 3812 3672 3888; baseline -0.003 -18"><span class='ocrx_word' id='word_1_640' title='bbox 2171 3817 2412 3888; x_wconf 80' lang='grc' dir='ltr'><strong>φίϐολον,</strong></span> <span class='ocrx_word' id='word_1_641' title='bbox 2435 3817 2528 3871; x_wconf 75' lang='grc' dir='ltr'><strong>καὶ</strong></span> <span class='ocrx_word' id='word_1_642' title='bbox 2553 3819 2666 3882; x_wconf 86' lang='grc' dir='ltr'><strong>τοῖς</strong></span> <span class='ocrx_word' id='word_1_643' title='bbox 2691 3817 2812 3872; x_wconf 88' lang='grc' dir='ltr'><strong>λίαν</strong></span> <span class='ocrx_word' id='word_1_644' title='bbox 2841 3818 3188 3887; x_wconf 81' lang='grc' dir='ltr'><strong>φιλονείκοις,</strong></span> <span class='ocrx_word' id='word_1_645' title='bbox 3221 3820 3301 3873; x_wconf 81' lang='grc' dir='ltr'><strong>ὅτι</strong></span> <span class='ocrx_word' id='word_1_646' title='bbox 3321 3819 3409 3872; x_wconf 76' lang='grc' dir='ltr'><strong>καὶ</strong></span> <span class='ocrx_word' id='word_1_647' title='bbox 3435 3817 3460 3869; x_wconf 86' lang='grc' dir='ltr'><strong>ό</strong></span> <span class='ocrx_word' id='word_1_648' title='bbox 3484 3815 3587 3874; x_wconf 78' lang='grc' dir='ltr'><strong>Υἱὸς</strong></span> <span class='ocrx_word' id='word_1_649' title='bbox 3606 3812 3672 3863; x_wconf 74' lang='grc' dir='ltr'><strong>καὶ</strong></span> 
     </span>
    </p>
   </div>
   <div class='ocr_carea' id='block_1_84' title="bbox 2166 3903 3672 3981">
    <p class='ocr_par' dir='ltr' id='par_1_84' title="bbox 2166 3903 3672 3981">
     <span class='ocr_line' id='line_1_84' title="bbox 2166 3903 3672 3981; baseline -0.002 -20"><span class='ocrx_word' id='word_1_650' title='bbox 2166 3909 2229 3962; x_wconf 80' lang='grc' dir='ltr'><strong>τὸ</strong></span> <span class='ocrx_word' id='word_1_651' title='bbox 2261 3910 2484 3978; x_wconf 80' lang='grc' dir='ltr'><strong>Πνεῦμα</strong></span> <span class='ocrx_word' id='word_1_652' title='bbox 2514 3909 2614 3962; x_wconf 82' lang='grc' dir='ltr'><strong>οὐκ</strong></span> <span class='ocrx_word' id='word_1_653' title='bbox 2639 3910 3015 3981; x_wconf 78' lang='grc' dir='ltr'><strong>ἀπεστέρηται</strong></span> <span class='ocrx_word' id='word_1_654' title='bbox 3050 3913 3268 3966; x_wconf 80' lang='grc' dir='ltr'><strong>τούτου.</strong></span> <span class='ocrx_word' id='word_1_655' title='bbox 3300 3911 3362 3962; x_wconf 89' lang='grc' dir='ltr'><strong>Τί</strong></span> <span class='ocrx_word' id='word_1_656' title='bbox 3392 3907 3532 3962; x_wconf 89' lang='grc' dir='ltr'><strong>τοῦτο</strong></span> <span class='ocrx_word' id='word_1_657' title='bbox 3559 3903 3672 3971; x_wconf 79' lang='grc' dir='ltr'><strong>ποιήο</strong></span> 
     </span>
    </p>
   </div>
   <div class='ocr_carea' id='block_1_85' title="bbox 2169 3995 3672 4072">
    <p class='ocr_par' dir='ltr' id='par_1_85' title="bbox 2169 3995 3672 4072">
     <span class='ocr_line' id='line_1_85' title="bbox 2169 3995 3672 4072; baseline -0.015 -5"><span class='ocrx_word' id='word_1_658' title='bbox 2169 4016 2268 4064; x_wconf 80' lang='grc' dir='ltr'><strong>σας</strong></span> <span class='ocrx_word' id='word_1_659' title='bbox 2292 4017 2307 4065; x_wconf 80' lang='lat'><strong>;</strong></span> <span class='ocrx_word' id='word_1_660' title='bbox 2339 4001 2456 4053; x_wconf 81' lang='grc' dir='ltr'><strong>Ἵνα</strong></span> <span class='ocrx_word' id='word_1_661' title='bbox 2488 4000 2583 4054; x_wconf 78' lang='grc' dir='ltr'><strong>καὶ</strong></span> <span class='ocrx_word' id='word_1_662' title='bbox 2610 4001 2668 4054; x_wconf 73' lang='grc' dir='ltr'><strong>ὲν</strong></span> <span class='ocrx_word' id='word_1_663' title='bbox 2703 3995 2783 4063; x_wconf 77' lang='grc' dir='ltr'><strong>οἷς</strong></span> <span class='ocrx_word' id='word_1_664' title='bbox 2807 4001 2873 4054; x_wconf 82' lang='grc' dir='ltr'><strong>ἀν</strong></span> <span class='ocrx_word' id='word_1_665' title='bbox 2905 4001 3117 4072; x_wconf 79' lang='grc' dir='ltr'><strong>ἑτέροις</strong></span> <span class='ocrx_word' id='word_1_666' title='bbox 3153 3999 3469 4072; x_wconf 78' lang='grc' dir='ltr'><strong>θεοπρεπέσι</strong></span> <span class='ocrx_word' id='word_1_667' title='bbox 3494 3998 3672 4064; x_wconf 73' lang='grc' dir='ltr'><strong>νοήμασι</strong></span> 
     </span>
    </p>
   </div>
   <div class='ocr_carea' id='block_1_86' title="bbox 2166 4082 3674 4163">
    <p class='ocr_par' dir='ltr' id='par_1_86' title="bbox 2166 4082 3674 4163">
     <span class='ocr_line' id='line_1_86' title="bbox 2166 4082 3674 4163; baseline -0.005 -19"><span class='ocrx_word' id='word_1_668' title='bbox 2166 4093 2260 4146; x_wconf 74' lang='grc' dir='ltr'><strong>καὶ</strong></span> <span class='ocrx_word' id='word_1_669' title='bbox 2300 4093 2529 4162; x_wconf 80' lang='grc' dir='ltr'><strong>ὀνόμασι</strong></span> <span class='ocrx_word' id='word_1_670' title='bbox 2587 4093 2669 4158; x_wconf 79' lang='grc' dir='ltr'><strong>τὸ,</strong></span> <span class='ocrx_word' id='word_1_671' title='bbox 2709 4112 2727 4144; x_wconf 84' lang='grc' dir='ltr'><strong>ι</strong></span> <span class='ocrx_word' id='word_1_672' title='bbox 2753 4093 2953 4157; x_wconf 85' lang='grc' dir='ltr'><strong>Μόνον,</strong></span> <span class='ocrx_word' id='word_1_673' title='bbox 2990 4112 3007 4144; x_wconf 74' lang='grc' dir='ltr'><strong>ι</strong></span> <span class='ocrx_word' id='word_1_674' title='bbox 3045 4094 3525 4163; x_wconf 81' lang='grc' dir='ltr'><strong>ὲπισυναπτόμενον</strong></span> <span class='ocrx_word' id='word_1_675' title='bbox 3555 4082 3674 4140; x_wconf 76' lang='grc' dir='ltr'><strong>ἁκού-</strong></span> 
     </span>
    </p>
   </div>
   <div class='ocr_carea' id='block_1_87' title="bbox 2167 4170 3670 4254">
    <p class='ocr_par' dir='ltr' id='par_1_87' title="bbox 2167 4170 3670 4254">
     <span class='ocr_line' id='line_1_87' title="bbox 2167 4170 3670 4254; baseline -0.015 -6"><span class='ocrx_word' id='word_1_676' title='bbox 2167 4199 2284 4254; x_wconf 78' lang='grc' dir='ltr'><strong>σῃς.</strong></span> <span class='ocrx_word' id='word_1_677' title='bbox 2321 4181 2396 4253; x_wconf 77' lang='grc' dir='ltr'><strong>μὴ</strong></span> <span class='ocrx_word' id='word_1_678' title='bbox 2427 4182 2562 4252; x_wconf 72' lang='grc' dir='ltr'><strong>πρὸς</strong></span> <span class='ocrx_word' id='word_1_679' title='bbox 2595 4182 3004 4252; x_wconf 81' lang='grc' dir='ltr'><strong>ἀντιδιαστολὴν</strong></span> <span class='ocrx_word' id='word_1_680' title='bbox 3033 4182 3129 4235; x_wconf 83' lang='grc' dir='ltr'><strong>τοῦ</strong></span> <span class='ocrx_word' id='word_1_681' title='bbox 3157 4181 3287 4236; x_wconf 88' lang='grc' dir='ltr'><strong>Υἱοῦ</strong></span> <span class='ocrx_word' id='word_1_682' title='bbox 3320 4183 3408 4236; x_wconf 80' lang='grc' dir='ltr'><strong>καὶ</strong></span> <span class='ocrx_word' id='word_1_683' title='bbox 3436 4177 3519 4232; x_wconf 90' lang='grc' dir='ltr'><strong>τοῦ</strong></span> <span class='ocrx_word' id='word_1_684' title='bbox 3545 4170 3670 4228; x_wconf 82' lang='grc' dir='ltr'><strong>Πνεύ-</strong></span> 
     </span>
    </p>
   </div>
   <div class='ocr_carea' id='block_1_88' title="bbox 2169 4263 3670 4346">
    <p class='ocr_par' dir='ltr' id='par_1_88' title="bbox 2169 4263 3670 4346">
     <span class='ocr_line' id='line_1_88' title="bbox 2169 4263 3670 4346; baseline -0.005 -19"><span class='ocrx_word' id='word_1_685' title='bbox 2169 4291 2338 4346; x_wconf 86' lang='grc' dir='ltr'><strong>ματος</strong></span> <span class='ocrx_word' id='word_1_686' title='bbox 2361 4274 2460 4346; x_wconf 81' lang='grc' dir='ltr'><strong>τὴν</strong></span> <span class='ocrx_word' id='word_1_687' title='bbox 2486 4275 2671 4345; x_wconf 82' lang='grc' dir='ltr'><strong>φωνὴν</strong></span> <span class='ocrx_word' id='word_1_688' title='bbox 2701 4273 2976 4338; x_wconf 78' lang='grc' dir='ltr'><strong>ἑκλάὀοις,</strong></span> <span class='ocrx_word' id='word_1_689' title='bbox 3005 4273 3142 4328; x_wconf 84' lang='grc' dir='ltr'><strong>ἀλλά</strong></span> <span class='ocrx_word' id='word_1_690' title='bbox 3167 4275 3304 4344; x_wconf 75' lang='grc' dir='ltr'><strong>πρὸς</strong></span> <span class='ocrx_word' id='word_1_691' title='bbox 3327 4263 3670 4334; x_wconf 76' lang='grc' dir='ltr'><strong>ἀντιδιαστολὴν</strong></span> 
     </span>
    </p>
   </div>
   <div class='ocr_carea' id='block_1_89' title="bbox 2165 4363 3670 4438">
    <p class='ocr_par' dir='ltr' id='par_1_89' title="bbox 2165 4363 3670 4438">
     <span class='ocr_line' id='line_1_89' title="bbox 2165 4363 3670 4438; baseline -0.006 -18"><span class='ocrx_word' id='word_1_692' title='bbox 2165 4367 2266 4438; x_wconf 75' lang='grc' dir='ltr'><strong>μὲν</strong></span> <span class='ocrx_word' id='word_1_693' title='bbox 2307 4367 2415 4420; x_wconf 90' lang='grc' dir='ltr'><strong>τῶν</strong></span> <span class='ocrx_word' id='word_1_694' title='bbox 2447 4367 2624 4421; x_wconf 76' lang='grc' dir='ltr'><strong>ἄλλων</strong></span> <span class='ocrx_word' id='word_1_695' title='bbox 2662 4367 2939 4432; x_wconf 75' lang='grc' dir='ltr'><strong>ἁπάντων,</strong></span> <span class='ocrx_word' id='word_1_696' title='bbox 2971 4367 3168 4420; x_wconf 74' lang='grc' dir='ltr'><strong>ἕνωσιν</strong></span> <span class='ocrx_word' id='word_1_697' title='bbox 3198 4367 3256 4421; x_wconf 82' lang='grc' dir='ltr'><strong>δὲ</strong></span> <span class='ocrx_word' id='word_1_698' title='bbox 3301 4367 3391 4420; x_wconf 78' lang='grc' dir='ltr'><strong>καὶ</strong></span> <span class='ocrx_word' id='word_1_699' title='bbox 3438 4363 3670 4428; x_wconf 73' lang='grc' dir='ltr'><strong>συνάφειαι</strong></span> 
     </span>
    </p>
   </div>
   <div class='ocr_carea' id='block_1_90' title="bbox 2163 4453 3672 4532">
    <p class='ocr_par' dir='ltr' id='par_1_90' title="bbox 2163 4453 3672 4532">
     <span class='ocr_line' id='line_1_90' title="bbox 2163 4453 3672 4532; baseline -0.021 1"><span class='ocrx_word' id='word_1_700' title='bbox 2163 4461 2263 4532; x_wconf 68' lang='grc' dir='ltr'><strong>τῆς</strong></span> <span class='ocrx_word' id='word_1_701' title='bbox 2293 4461 2632 4532; x_wconf 69' lang='grc' dir='ltr'><strong>μοναρχικῆς</strong></span> <span class='ocrx_word' id='word_1_702' title='bbox 2663 4460 2916 4530; x_wconf 84' lang='grc' dir='ltr'><strong>Τριάδος.</strong></span> <span class='ocrx_word' id='word_1_703' title='bbox 2948 4453 3009 4514; x_wconf 81' lang='grc'><strong>’0</strong></span> <span class='ocrx_word' id='word_1_704' title='bbox 3039 4462 3149 4532; x_wconf 80' lang='grc' dir='ltr'><strong>γὰρ</strong></span> <span class='ocrx_word' id='word_1_705' title='bbox 3179 4459 3404 4514; x_wconf 78' lang='grc' dir='ltr'><strong>ἐνταῦθα</strong></span> <span class='ocrx_word' id='word_1_706' title='bbox 3422 4455 3558 4511; x_wconf 88' lang='grc' dir='ltr'><strong>τοῦτο</strong></span> <span class='ocrx_word' id='word_1_707' title='bbox 3573 4453 3672 4506; x_wconf 72' lang='grc' dir='ltr'><strong>νοεῖν</strong></span> 
     </span>
    </p>
   </div>
   <div class='ocr_carea' id='block_1_91' title="bbox 485 4543 2064 4626">
    <p class='ocr_par' dir='ltr' id='par_1_91' title="bbox 485 4555 2052 4626">
     <span class='ocr_line' id='line_1_91' title="bbox 485 4555 2052 4626; baseline 0.003 -16"><span class='ocrx_word' id='word_1_708' title='bbox 485 4556 578 4610; x_wconf 84' lang='lat' dir='ltr'><strong>sed</strong></span> <span class='ocrx_word' id='word_1_709' title='bbox 631 4555 698 4608; x_wconf 91' lang='lat' dir='ltr'><strong>ad</strong></span> <span class='ocrx_word' id='word_1_710' title='bbox 747 4555 993 4609; x_wconf 88' lang='lat' dir='ltr'><strong>omnium</strong></span> <span class='ocrx_word' id='word_1_711' title='bbox 1043 4555 1265 4625; x_wconf 91' lang='lat' dir='ltr'><strong>quidem</strong></span> <span class='ocrx_word' id='word_1_712' title='bbox 1317 4558 1554 4612; x_wconf 90' lang='lat' dir='ltr'><strong>aliorum</strong></span> <span class='ocrx_word' id='word_1_713' title='bbox 1613 4559 2052 4626; x_wconf 90' lang='lat' dir='ltr'><strong>distinctionem,</strong></span> 
     </span>
    </p>
   </div>
   <div class='ocr_carea' id='block_1_92' title="bbox 2170 4543 3670 4626">
    <p class='ocr_par' dir='ltr' id='par_1_92' title="bbox 2170 4543 3670 4623">
     <span class='ocr_line' id='line_1_92' title="bbox 2170 4543 3670 4623; baseline -0.006 -18"><span class='ocrx_word' id='word_1_714' title='bbox 2170 4551 2414 4623; x_wconf 76' lang='grc' dir='ltr'><strong>φανερῶς</strong></span> <span class='ocrx_word' id='word_1_715' title='bbox 2449 4551 2749 4614; x_wconf 76' lang='grc' dir='ltr'><strong>ὑποτιθεὶς,</strong></span> <span class='ocrx_word' id='word_1_716' title='bbox 2780 4550 2878 4605; x_wconf 77' lang='grc' dir='ltr'><strong>καὶ</strong></span> <span class='ocrx_word' id='word_1_717' title='bbox 2933 4554 3028 4606; x_wconf 75' lang='grc' dir='ltr'><strong>ὲπὶ</strong></span> <span class='ocrx_word' id='word_1_718' title='bbox 3061 4553 3172 4605; x_wconf 88' lang='grc' dir='ltr'><strong>τῶν</strong></span> <span class='ocrx_word' id='word_1_719' title='bbox 3219 4547 3579 4622; x_wconf 84' lang='grc' dir='ltr'><strong>παραπλησίων</strong></span> <span class='ocrx_word' id='word_1_720' title='bbox 3603 4543 3670 4610; x_wconf 67' lang='grc' dir='ltr'><strong>τὴν</strong></span> 
     </span>
    </p>
   </div>
   <div class='ocr_carea' id='block_1_93' title="bbox 484 4649 2052 4725">
    <p class='ocr_par' dir='ltr' id='par_1_93' title="bbox 484 4649 2052 4725">
     <span class='ocr_line' id='line_1_93' title="bbox 484 4649 2052 4725; baseline 0.004 -23"><span class='ocrx_word' id='word_1_721' title='bbox 484 4649 820 4704; x_wconf 86' lang='lat' dir='ltr'><strong>monarchiae</strong></span> <span class='ocrx_word' id='word_1_722' title='bbox 845 4665 978 4704; x_wconf 91' lang='lat' dir='ltr'><strong>vero</strong></span> <span class='ocrx_word' id='word_1_723' title='bbox 1011 4649 1300 4705; x_wconf 89' lang='lat' dir='ltr'><strong>Trinitatis</strong></span> <span class='ocrx_word' id='word_1_724' title='bbox 1329 4651 1586 4707; x_wconf 89' lang='lat' dir='ltr'><strong>unionem</strong></span> <span class='ocrx_word' id='word_1_725' title='bbox 1609 4668 1672 4707; x_wconf 86' lang='lat' dir='ltr'><strong>ac</strong></span> <span class='ocrx_word' id='word_1_726' title='bbox 1706 4655 2052 4725; x_wconf 88' lang='lat' dir='ltr'><strong>conjunctio-</strong></span> 
     </span>
    </p>
   </div>
   <div class='ocr_carea' id='block_1_94' title="bbox 483 4739 2054 4810">
    <p class='ocr_par' dir='ltr' id='par_1_94' title="bbox 483 4739 2054 4810">
     <span class='ocr_line' id='line_1_94' title="bbox 483 4739 2054 4810; baseline 0.006 -18"><span class='ocrx_word' id='word_1_727' title='bbox 483 4754 633 4792; x_wconf 89' lang='lat' dir='ltr'><strong>nem.</strong></span> <span class='ocrx_word' id='word_1_728' title='bbox 660 4739 795 4794; x_wconf 86' lang='lat' dir='ltr'><strong>Nam</strong></span> <span class='ocrx_word' id='word_1_729' title='bbox 825 4740 914 4795; x_wconf 92' lang='lat' dir='ltr'><strong>hic</strong></span> <span class='ocrx_word' id='word_1_730' title='bbox 939 4741 1252 4810; x_wconf 82' lang='lat' dir='ltr'><strong>exprimens</strong></span> <span class='ocrx_word' id='word_1_731' title='bbox 1281 4741 1373 4796; x_wconf 91' lang='lat' dir='ltr'><strong>ubi</strong></span> <span class='ocrx_word' id='word_1_732' title='bbox 1399 4742 1558 4798; x_wconf 79' lang='lat' dir='ltr'><strong>facile</strong></span> <span class='ocrx_word' id='word_1_733' title='bbox 1588 4744 1898 4800; x_wconf 87' lang='lat' dir='ltr'><strong>intellectus</strong></span> <span class='ocrx_word' id='word_1_734' title='bbox 1921 4760 2054 4801; x_wconf 85' lang='lat' dir='ltr'><strong>con-</strong></span> 
     </span>
    </p>
   </div>
   <div class='ocr_carea' id='block_1_95' title="bbox 483 4831 2053 4902">
    <p class='ocr_par' dir='ltr' id='par_1_95' title="bbox 483 4831 2053 4902">
     <span class='ocr_line' id='line_1_95' title="bbox 483 4831 2053 4902; baseline 0.004 -16"><span class='ocrx_word' id='word_1_735' title='bbox 483 4831 712 4899; x_wconf 89' lang='lat' dir='ltr'><strong>cipitur,</strong></span> <span class='ocrx_word' id='word_1_736' title='bbox 753 4832 912 4902; x_wconf 90' lang='lat' dir='ltr'><strong>jubet</strong></span> <span class='ocrx_word' id='word_1_737' title='bbox 943 4833 1111 4887; x_wconf 86' lang='lat' dir='ltr'><strong>etiam</strong></span> <span class='ocrx_word' id='word_1_738' title='bbox 1157 4833 1212 4887; x_wconf 93' lang='lat' dir='ltr'><strong>in</strong></span> <span class='ocrx_word' id='word_1_739' title='bbox 1257 4834 1533 4890; x_wconf 89' lang='lat' dir='ltr'><strong>similibus</strong></span> <span class='ocrx_word' id='word_1_740' title='bbox 1565 4837 1815 4893; x_wconf 85' lang='lat' dir='ltr'><strong>eamdem</strong></span> <span class='ocrx_word' id='word_1_741' title='bbox 1846 4838 2053 4894; x_wconf 87' lang='lat' dir='ltr'><strong>habere</strong></span> 
     </span>
    </p>
   </div>
   <div class='ocr_carea' id='block_1_96' title="bbox 482 4921 2054 4994">
    <p class='ocr_par' dir='ltr' id='par_1_96' title="bbox 482 4921 2054 4994">
     <span class='ocr_line' id='line_1_96' title="bbox 482 4921 2054 4994; baseline 0.006 -22"><span class='ocrx_word' id='word_1_742' title='bbox 482 4921 819 4989; x_wconf 89' lang='lat' dir='ltr'><strong>opinionem.</strong></span> <span class='ocrx_word' id='word_1_743' title='bbox 862 4922 1075 4980; x_wconf 81' lang='lat' dir='ltr'><strong>Audisti</strong></span> <span class='ocrx_word' id='word_1_744' title='bbox 1114 4925 1420 4994; x_wconf 86' lang='lat' dir='ltr'><strong>sapientem</strong></span> <span class='ocrx_word' id='word_1_745' title='bbox 1474 4925 1739 4982; x_wconf 86' lang='lat' dir='ltr'><strong>Patrem?</strong></span> <span class='ocrx_word' id='word_1_746' title='bbox 1765 4937 1823 4984; x_wconf 84' lang='lat' dir='ltr'><strong>et</strong></span> <span class='ocrx_word' id='word_1_747' title='bbox 1852 4928 2054 4983; x_wconf 86' lang='lat' dir='ltr'><strong>Filium</strong></span> 
     </span>
    </p>
   </div>
   <div class='ocr_carea' id='block_1_97' title="bbox 481 5011 2056 5090">
    <p class='ocr_par' dir='ltr' id='par_1_97' title="bbox 481 5011 2056 5090">
     <span class='ocr_line' id='line_1_97' title="bbox 481 5011 2056 5090; baseline 0.005 -24"><span class='ocrx_word' id='word_1_748' title='bbox 481 5026 546 5067; x_wconf 87' lang='lat' dir='ltr'><strong>ac</strong></span> <span class='ocrx_word' id='word_1_749' title='bbox 589 5011 856 5082; x_wconf 87' lang='lat' dir='ltr'><strong>Spiritum</strong></span> <span class='ocrx_word' id='word_1_750' title='bbox 903 5030 1010 5070; x_wconf 83' lang='lat' dir='ltr'><strong>una</strong></span> <span class='ocrx_word' id='word_1_751' title='bbox 1033 5016 1262 5086; x_wconf 89' lang='lat' dir='ltr'><strong>concipe</strong></span> <span class='ocrx_word' id='word_1_752' title='bbox 1290 5018 1619 5088; x_wconf 88' lang='lat' dir='ltr'><strong>sapientem.</strong></span> <span class='ocrx_word' id='word_1_753' title='bbox 1664 5019 1826 5090; x_wconf 76' lang='lat'><strong>395</strong></span> <span class='ocrx_word' id='word_1_754' title='bbox 1871 5020 2056 5077; x_wconf 54' lang='lat' dir='ltr'><strong>Alter-</strong></span> 
     </span>
    </p>
   </div>
   <div class='ocr_carea' id='block_1_98' title="bbox 483 5105 2056 5181">
    <p class='ocr_par' dir='ltr' id='par_1_98' title="bbox 483 5105 2056 5181">
     <span class='ocr_line' id='line_1_98' title="bbox 483 5105 2056 5181; baseline 0.007 -22"><span class='ocrx_word' id='word_1_755' title='bbox 483 5120 615 5160; x_wconf 88' lang='lat' dir='ltr'><strong>num</strong></span> <span class='ocrx_word' id='word_1_756' title='bbox 653 5105 765 5160; x_wconf 89' lang='lat' dir='ltr'><strong>dixi</strong></span> <span class='ocrx_word' id='word_1_757' title='bbox 800 5107 998 5163; x_wconf 85' lang='lat' dir='ltr'><strong>Filium</strong></span> <span class='ocrx_word' id='word_1_758' title='bbox 1025 5125 1091 5165; x_wconf 89' lang='lat' dir='ltr'><strong>ac</strong></span> <span class='ocrx_word' id='word_1_759' title='bbox 1129 5109 1434 5181; x_wconf 84' lang='lat' dir='ltr'><strong>Spiritum?</strong></span> <span class='ocrx_word' id='word_1_760' title='bbox 1472 5113 1666 5169; x_wconf 90' lang='lat' dir='ltr'><strong>eodem</strong></span> <span class='ocrx_word' id='word_1_761' title='bbox 1695 5114 1861 5169; x_wconf 88' lang='lat' dir='ltr'><strong>etiam</strong></span> <span class='ocrx_word' id='word_1_762' title='bbox 1889 5115 2056 5171; x_wconf 87' lang='lat' dir='ltr'><strong>modo</strong></span> 
     </span>
    </p>
   </div>
   <div class='ocr_carea' id='block_1_99' title="bbox 483 5194 2056 5272">
    <p class='ocr_par' dir='ltr' id='par_1_99' title="bbox 483 5194 2056 5272">
     <span class='ocr_line' id='line_1_99' title="bbox 483 5194 2056 5272; baseline 0.006 -24"><span class='ocrx_word' id='word_1_763' title='bbox 483 5194 702 5250; x_wconf 88' lang='lat' dir='ltr'><strong>Patrem</strong></span> <span class='ocrx_word' id='word_1_764' title='bbox 731 5196 867 5250; x_wconf 90' lang='lat' dir='ltr'><strong>mihi</strong></span> <span class='ocrx_word' id='word_1_765' title='bbox 899 5197 1163 5269; x_wconf 85' lang='lat' dir='ltr'><strong>intellige.</strong></span> <span class='ocrx_word' id='word_1_766' title='bbox 1195 5199 1398 5271; x_wconf 82' lang='lat' dir='ltr'><strong>Regem</strong></span> <span class='ocrx_word' id='word_1_767' title='bbox 1425 5199 1537 5255; x_wconf 90' lang='lat' dir='ltr'><strong>dixi</strong></span> <span class='ocrx_word' id='word_1_768' title='bbox 1579 5202 1823 5267; x_wconf 85' lang='lat' dir='ltr'><strong>Patrem,</strong></span> <span class='ocrx_word' id='word_1_769' title='bbox 1857 5213 2056 5272; x_wconf 87' lang='lat' dir='ltr'><strong>poten-</strong></span> 
     </span>
    </p>
   </div>
   <div class='ocr_carea' id='block_1_100' title="bbox 485 5289 2052 5362">
    <p class='ocr_par' dir='ltr' id='par_1_100' title="bbox 485 5289 2052 5362">
     <span class='ocr_line' id='line_1_100' title="bbox 485 5289 2052 5362; baseline 0.004 -21"><span class='ocrx_word' id='word_1_770' title='bbox 485 5297 620 5351; x_wconf 91' lang='lat' dir='ltr'><strong>tem,</strong></span> <span class='ocrx_word' id='word_1_771' title='bbox 653 5301 973 5357; x_wconf 72' lang='lat' dir='ltr'><strong>magnazque</strong></span> <span class='ocrx_word' id='word_1_772' title='bbox 994 5289 1382 5344; x_wconf 84' lang='lat' dir='ltr'><strong>auctoritatis?</strong></span> <span class='ocrx_word' id='word_1_773' title='bbox 1416 5291 1489 5346; x_wconf 85' lang='lat' dir='ltr'><strong>ita</strong></span> <span class='ocrx_word' id='word_1_774' title='bbox 1515 5307 1735 5362; x_wconf 90' lang='lat' dir='ltr'><strong>quoque</strong></span> <span class='ocrx_word' id='word_1_775' title='bbox 1759 5303 1816 5348; x_wconf 91' lang='lat' dir='ltr'><strong>et</strong></span> <span class='ocrx_word' id='word_1_776' title='bbox 1851 5293 2052 5348; x_wconf 88' lang='lat' dir='ltr'><strong>Filium</strong></span> 
     </span>
    </p>
   </div>
   <div class='ocr_carea' id='block_1_101' title="bbox 480 5378 2050 5452">
    <p class='ocr_par' dir='ltr' id='par_1_101' title="bbox 480 5378 2050 5452">
     <span class='ocr_line' id='line_1_101' title="bbox 480 5378 2050 5452; baseline 0.002 -17"><span class='ocrx_word' id='word_1_777' title='bbox 480 5394 545 5435; x_wconf 86' lang='lat' dir='ltr'><strong>ac</strong></span> <span class='ocrx_word' id='word_1_778' title='bbox 574 5378 840 5450; x_wconf 87' lang='lat' dir='ltr'><strong>Spiritum</strong></span> <span class='ocrx_word' id='word_1_779' title='bbox 862 5379 1170 5450; x_wconf 81' lang='lat' dir='ltr'><strong>gloriﬁcare</strong></span> <span class='ocrx_word' id='word_1_780' title='bbox 1193 5389 1431 5451; x_wconf 89' lang='lat' dir='ltr'><strong>oportet.</strong></span> <span class='ocrx_word' id='word_1_781' title='bbox 1461 5383 1606 5438; x_wconf 83' lang='lat' dir='ltr'><strong>Bene</strong></span> <span class='ocrx_word' id='word_1_782' title='bbox 1627 5384 1740 5440; x_wconf 91' lang='lat' dir='ltr'><strong>dixi</strong></span> <span class='ocrx_word' id='word_1_783' title='bbox 1773 5383 2050 5452; x_wconf 62' lang='lat' dir='ltr'><strong>«Solum,»</strong></span> 
     </span>
    </p>
   </div>
   <div class='ocr_carea' id='block_1_102' title="bbox 483 5469 2054 5540">
    <p class='ocr_par' dir='ltr' id='par_1_102' title="bbox 483 5469 2054 5540">
     <span class='ocr_line' id='line_1_102' title="bbox 483 5469 2054 5540; baseline 0.004 -16"><span class='ocrx_word' id='word_1_784' title='bbox 483 5478 545 5524; x_wconf 84' lang='lat' dir='ltr'><strong>ut</strong></span> <span class='ocrx_word' id='word_1_785' title='bbox 584 5469 938 5540; x_wconf 85' lang='lat' dir='ltr'><strong>singulariter</strong></span> <span class='ocrx_word' id='word_1_786' title='bbox 968 5469 1226 5526; x_wconf 87' lang='lat' dir='ltr'><strong>Trinitatl</strong></span> <span class='ocrx_word' id='word_1_787' title='bbox 1258 5469 1312 5525; x_wconf 90' lang='lat' dir='ltr'><strong>id</strong></span> <span class='ocrx_word' id='word_1_788' title='bbox 1349 5472 1494 5540; x_wconf 89' lang='lat' dir='ltr'><strong>quod</strong></span> <span class='ocrx_word' id='word_1_789' title='bbox 1515 5474 1792 5529; x_wconf 84' lang='lat' dir='ltr'><strong>excellens</strong></span> <span class='ocrx_word' id='word_1_790' title='bbox 1815 5483 1938 5530; x_wconf 89' lang='lat' dir='ltr'><strong>erat</strong></span> <span class='ocrx_word' id='word_1_791' title='bbox 1964 5491 2054 5530; x_wconf 90' lang='lat' dir='ltr'><strong>re-</strong></span> 
     </span>
    </p>
   </div>
   <div class='ocr_carea' id='block_1_103' title="bbox 481 5562 2058 5634">
    <p class='ocr_par' dir='ltr' id='par_1_103' title="bbox 481 5562 2058 5634">
     <span class='ocr_line' id='line_1_103' title="bbox 481 5562 2058 5634; baseline 0.003 -16"><span class='ocrx_word' id='word_1_792' title='bbox 481 5577 777 5627; x_wconf 80' lang='lat' dir='ltr'><strong>servarem,</strong></span> <span class='ocrx_word' id='word_1_793' title='bbox 829 5577 941 5617; x_wconf 89' lang='lat' dir='ltr'><strong>nou</strong></span> <span class='ocrx_word' id='word_1_794' title='bbox 1001 5571 1064 5617; x_wconf 92' lang='lat' dir='ltr'><strong>ut</strong></span> <span class='ocrx_word' id='word_1_795' title='bbox 1116 5563 1289 5632; x_wconf 89' lang='lat' dir='ltr'><strong>ipsam</strong></span> <span class='ocrx_word' id='word_1_796' title='bbox 1338 5562 1658 5634; x_wconf 88' lang='lat' dir='ltr'><strong>dignitatem</strong></span> <span class='ocrx_word' id='word_1_797' title='bbox 1702 5566 2058 5623; x_wconf 87' lang='lat' dir='ltr'><strong>discindendo</strong></span> 
     </span>
    </p>
   </div>
   <div class='ocr_carea' id='block_1_104' title="bbox 480 5650 2055 5726">
    <p class='ocr_par' dir='ltr' id='par_1_104' title="bbox 480 5650 2055 5726">
     <span class='ocr_line' id='line_1_104' title="bbox 480 5650 2055 5726; baseline 0.002 -16"><span class='ocrx_word' id='word_1_798' title='bbox 480 5653 936 5710; x_wconf 86' lang='lat' dir='ltr'><strong>auferrem.Cum</strong></span> <span class='ocrx_word' id='word_1_799' title='bbox 976 5671 994 5706; x_wconf 86' lang='grc' dir='ltr'><strong>ι</strong></span> <span class='ocrx_word' id='word_1_800' title='bbox 1023 5650 1214 5708; x_wconf 92' lang='lat' dir='ltr'><strong>Solum</strong></span> <span class='ocrx_word' id='word_1_801' title='bbox 1247 5673 1266 5707; x_wconf 76' lang='grc' dir='ltr'><strong>ι</strong></span> <span class='ocrx_word' id='word_1_802' title='bbox 1291 5653 1455 5718; x_wconf 86' lang='lat' dir='ltr'><strong>addo,</strong></span> <span class='ocrx_word' id='word_1_803' title='bbox 1486 5654 1668 5709; x_wconf 89' lang='lat' dir='ltr'><strong>omnia</strong></span> <span class='ocrx_word' id='word_1_804' title='bbox 1695 5655 1801 5710; x_wconf 85' lang='lat' dir='ltr'><strong>alia</strong></span> <span class='ocrx_word' id='word_1_805' title='bbox 1842 5672 2055 5726; x_wconf 88' lang='lat' dir='ltr'><strong>separo,</strong></span> 
     </span>
    </p>
   </div>
   <div class='ocr_carea' id='block_1_105' title="bbox 483 5745 2055 5819">
    <p class='ocr_par' dir='ltr' id='par_1_105' title="bbox 483 5745 2055 5819">
     <span class='ocr_line' id='line_1_105' title="bbox 483 5745 2055 5819; baseline 0.002 -18"><span class='ocrx_word' id='word_1_806' title='bbox 483 5747 658 5816; x_wconf 88' lang='lat' dir='ltr'><strong>ipsam</strong></span> <span class='ocrx_word' id='word_1_807' title='bbox 677 5763 807 5802; x_wconf 84' lang='lat' dir='ltr'><strong>vero</strong></span> <span class='ocrx_word' id='word_1_808' title='bbox 830 5763 926 5818; x_wconf 92' lang='lat' dir='ltr'><strong>per</strong></span> <span class='ocrx_word' id='word_1_809' title='bbox 943 5746 1238 5803; x_wconf 85' lang='lat' dir='ltr'><strong>dictionem</strong></span> <span class='ocrx_word' id='word_1_810' title='bbox 1255 5766 1272 5798; x_wconf 86' lang='grc' dir='ltr'><strong>ι</strong></span> <span class='ocrx_word' id='word_1_811' title='bbox 1288 5745 1507 5801; x_wconf 66' lang='lat' dir='ltr'><strong>Solum»</strong></span> <span class='ocrx_word' id='word_1_812' title='bbox 1542 5747 1716 5819; x_wconf 88' lang='lat' dir='ltr'><strong>magis</strong></span> <span class='ocrx_word' id='word_1_813' title='bbox 1743 5749 1876 5802; x_wconf 88' lang='lat' dir='ltr'><strong>unio</strong></span> <span class='ocrx_word' id='word_1_814' title='bbox 1902 5765 1915 5802; x_wconf 91' lang='lat'>:</span> <span class='ocrx_word' id='word_1_815' title='bbox 1949 5765 2055 5804; x_wconf 87' lang='lat' dir='ltr'><strong>non</strong></span> 
     </span>
    </p>
   </div>
   <div class='ocr_carea' id='block_1_106' title="bbox 483 5838 2058 5912">
    <p class='ocr_par' dir='ltr' id='par_1_106' title="bbox 483 5838 2058 5912">
     <span class='ocr_line' id='line_1_106' title="bbox 483 5838 2058 5912; baseline 0.002 -20"><span class='ocrx_word' id='word_1_816' title='bbox 483 5854 605 5893; x_wconf 73' lang='lat' dir='ltr'><strong>eam</strong></span> <span class='ocrx_word' id='word_1_817' title='bbox 636 5838 690 5894; x_wconf 88' lang='lat' dir='ltr'><strong>in</strong></span> <span class='ocrx_word' id='word_1_818' title='bbox 721 5848 904 5908; x_wconf 86' lang='lat' dir='ltr'><strong>partes</strong></span> <span class='ocrx_word' id='word_1_819' title='bbox 937 5839 1191 5897; x_wconf 80' lang='lat' dir='ltr'><strong>dividens</strong></span> <span class='ocrx_word' id='word_1_820' title='bbox 1221 5855 1342 5912; x_wconf 78' lang='lat' dir='ltr'><strong>qua:</strong></span> <span class='ocrx_word' id='word_1_821' title='bbox 1372 5838 1610 5896; x_wconf 86' lang='lat' dir='ltr'><strong>naturali</strong></span> <span class='ocrx_word' id='word_1_822' title='bbox 1639 5838 1815 5896; x_wconf 83' lang='lat' dir='ltr'><strong>forma</strong></span> <span class='ocrx_word' id='word_1_823' title='bbox 1858 5838 2058 5895; x_wconf 78' lang='lat' dir='ltr'><strong>indivi-</strong></span> 
     </span>
    </p>
   </div>
   <div class='ocr_carea' id='block_1_107' title="bbox 2156 4633 3672 4715">
    <p class='ocr_par' dir='ltr' id='par_1_107' title="bbox 2156 4633 3672 4715">
     <span class='ocr_line' id='line_1_107' title="bbox 2156 4633 3672 4715; baseline -0.007 -15"><span class='ocrx_word' id='word_1_824' title='bbox 2156 4644 2327 4715; x_wconf 79' lang='grc' dir='ltr'><strong>αὐτὴν</strong></span> <span class='ocrx_word' id='word_1_825' title='bbox 2357 4643 2623 4714; x_wconf 72' lang='grc' dir='ltr'><strong>ὑπόληψιν</strong></span> <span class='ocrx_word' id='word_1_826' title='bbox 2662 4643 2808 4714; x_wconf 74' lang='grc' dir='ltr'><strong>ἔχειν</strong></span> <span class='ocrx_word' id='word_1_827' title='bbox 2857 4643 3247 4698; x_wconf 85' lang='grc' dir='ltr'><strong>διακελεύεται.</strong></span> <span class='ocrx_word' id='word_1_828' title='bbox 3281 4645 3532 4702; x_wconf 86' lang='grc' dir='ltr'><strong>Ἤκουσας</strong></span> <span class='ocrx_word' id='word_1_829' title='bbox 3553 4633 3672 4702; x_wconf 77' lang='grc' dir='ltr'><strong>σοφὸν</strong></span> 
     </span>
    </p>
   </div>
   <div class='ocr_carea' id='block_1_108' title="bbox 2154 4723 3670 4808">
    <p class='ocr_par' dir='ltr' id='par_1_108' title="bbox 2154 4723 3670 4808">
     <span class='ocr_line' id='line_1_108' title="bbox 2154 4723 3670 4808; baseline -0.004 -16"><span class='ocrx_word' id='word_1_830' title='bbox 2154 4739 2246 4792; x_wconf 72' lang='grc' dir='ltr'><strong>τὸν</strong></span> <span class='ocrx_word' id='word_1_831' title='bbox 2278 4737 2532 4808; x_wconf 84' lang='grc' dir='ltr'><strong>Πατέρα;</strong></span> <span class='ocrx_word' id='word_1_832' title='bbox 2581 4737 2678 4790; x_wconf 68' lang='grc' dir='ltr'><strong>καὶ</strong></span> <span class='ocrx_word' id='word_1_833' title='bbox 2725 4737 2816 4790; x_wconf 77' lang='grc' dir='ltr'><strong>τὸν</strong></span> <span class='ocrx_word' id='word_1_834' title='bbox 2849 4736 2978 4791; x_wconf 82' lang='grc' dir='ltr'><strong>Υίὸν</strong></span> <span class='ocrx_word' id='word_1_835' title='bbox 3014 4737 3111 4790; x_wconf 65' lang='grc' dir='ltr'><strong>καλ⁵</strong></span> <span class='ocrx_word' id='word_1_836' title='bbox 3157 4738 3220 4790; x_wconf 61' lang='grc' dir='ltr'><strong>τι</strong></span> <span class='ocrx_word' id='word_1_837' title='bbox 3266 4735 3476 4804; x_wconf 84' lang='grc' dir='ltr'><strong>Πνεῦμα</strong></span> <span class='ocrx_word' id='word_1_838' title='bbox 3527 4723 3670 4786; x_wconf 75' lang='grc' dir='ltr'><strong>συνεξ-</strong></span> 
     </span>
    </p>
   </div>
   <div class='ocr_carea' id='block_1_109' title="bbox 2155 4821 3670 4898">
    <p class='ocr_par' dir='ltr' id='par_1_109' title="bbox 2155 4821 3670 4898">
     <span class='ocr_line' id='line_1_109' title="bbox 2155 4821 3670 4898; baseline -0.004 -14"><span class='ocrx_word' id='word_1_839' title='bbox 2155 4830 2389 4884; x_wconf 84' lang='grc' dir='ltr'><strong>άκουσον</strong></span> <span class='ocrx_word' id='word_1_840' title='bbox 2429 4829 2614 4898; x_wconf 80' lang='grc' dir='ltr'><strong>σοφόν.</strong></span> <span class='ocrx_word' id='word_1_841' title='bbox 2637 4827 2866 4882; x_wconf 77' lang='grc' dir='ltr'><strong>Αίώνιον</strong></span> <span class='ocrx_word' id='word_1_842' title='bbox 2889 4823 3043 4882; x_wconf 77' lang='grc' dir='ltr'><strong>εἷπον</strong></span> <span class='ocrx_word' id='word_1_843' title='bbox 3065 4829 3158 4882; x_wconf 76' lang='grc' dir='ltr'><strong>τὸν</strong></span> <span class='ocrx_word' id='word_1_844' title='bbox 3187 4828 3309 4882; x_wconf 82' lang='grc' dir='ltr'><strong>Υίδν</strong></span> <span class='ocrx_word' id='word_1_845' title='bbox 3332 4827 3362 4897; x_wconf 73' lang='grc' dir='ltr'>ἢ</span> <span class='ocrx_word' id='word_1_846' title='bbox 3385 4827 3442 4879; x_wconf 76' lang='grc' dir='ltr'><strong>τὸ</strong></span> <span class='ocrx_word' id='word_1_847' title='bbox 3467 4821 3670 4888; x_wconf 73' lang='grc' dir='ltr'><strong>Πνεῦμας</strong></span> 
     </span>
    </p>
   </div>
   <div class='ocr_carea' id='block_1_110' title="bbox 2162 4907 3670 4992">
    <p class='ocr_par' dir='ltr' id='par_1_110' title="bbox 2162 4907 3670 4992">
     <span class='ocr_line' id='line_1_110' title="bbox 2162 4907 3670 4992; baseline -0.009 -16"><span class='ocrx_word' id='word_1_848' title='bbox 2162 4923 2258 4976; x_wconf 77' lang='grc' dir='ltr'><strong>καὶ</strong></span> <span class='ocrx_word' id='word_1_849' title='bbox 2281 4920 2372 4975; x_wconf 82' lang='grc' dir='ltr'><strong>τὸν</strong></span> <span class='ocrx_word' id='word_1_850' title='bbox 2403 4920 2624 4992; x_wconf 75' lang='grc' dir='ltr'><strong>Πατέρα</strong></span> <span class='ocrx_word' id='word_1_851' title='bbox 2653 4918 2796 4974; x_wconf 76' lang='grc' dir='ltr'><strong>οὕτω</strong></span> <span class='ocrx_word' id='word_1_852' title='bbox 2839 4937 2929 4990; x_wconf 84' lang='grc' dir='ltr'><strong>μοι</strong></span> <span class='ocrx_word' id='word_1_853' title='bbox 2957 4921 3168 4991; x_wconf 89' lang='grc' dir='ltr'><strong>νόησον.</strong></span> <span class='ocrx_word' id='word_1_854' title='bbox 3203 4917 3431 4974; x_wconf 87' lang='grc' dir='ltr'><strong>Βασιλέα</strong></span> <span class='ocrx_word' id='word_1_855' title='bbox 3456 4909 3585 4968; x_wconf 79' lang='grc' dir='ltr'><strong>εἷπον</strong></span> <span class='ocrx_word' id='word_1_856' title='bbox 3605 4907 3670 4961; x_wconf 78' lang='grc' dir='ltr'><strong>τὸν</strong></span> 
     </span>
    </p>
   </div>
   <div class='ocr_carea' id='block_1_111' title="bbox 2163 4998 3670 5085">
    <p class='ocr_par' dir='ltr' id='par_1_111' title="bbox 2163 4998 3670 5085">
     <span class='ocr_line' id='line_1_111' title="bbox 2163 4998 3670 5085; baseline -0.011 -18"><span class='ocrx_word' id='word_1_857' title='bbox 2163 5014 2402 5085; x_wconf 69' lang='grc' dir='ltr'><strong>Πατέρα,</strong></span> <span class='ocrx_word' id='word_1_858' title='bbox 2435 5013 2683 5078; x_wconf 81' lang='grc' dir='ltr'><strong>δυνατὸν,</strong></span> <span class='ocrx_word' id='word_1_859' title='bbox 2720 5013 3104 5085; x_wconf 74' lang='grc' dir='ltr'><strong>ὲξουσιαστήνς</strong></span> <span class='ocrx_word' id='word_1_860' title='bbox 3145 5013 3240 5067; x_wconf 81' lang='grc' dir='ltr'><strong>καὶ</strong></span> <span class='ocrx_word' id='word_1_861' title='bbox 3281 5009 3370 5064; x_wconf 73' lang='grc' dir='ltr'><strong>τὸν</strong></span> <span class='ocrx_word' id='word_1_862' title='bbox 3397 5009 3508 5062; x_wconf 79' lang='grc' dir='ltr'><strong>Υίδν</strong></span> <span class='ocrx_word' id='word_1_863' title='bbox 3530 4998 3670 5058; x_wconf 79' lang='grc' dir='ltr'><strong>καὶτὸ</strong></span> 
     </span>
    </p>
   </div>
   <div class='ocr_carea' id='block_1_112' title="bbox 2158 5093 3668 5176">
    <p class='ocr_par' dir='ltr' id='par_1_112' title="bbox 2158 5093 3668 5176">
     <span class='ocr_line' id='line_1_112' title="bbox 2158 5093 3668 5176; baseline -0.001 -18"><span class='ocrx_word' id='word_1_864' title='bbox 2158 5104 2382 5176; x_wconf 83' lang='grc' dir='ltr'><strong>Πνεῦμα</strong></span> <span class='ocrx_word' id='word_1_865' title='bbox 2408 5104 2550 5159; x_wconf 76' lang='grc' dir='ltr'><strong>οὕτω</strong></span> <span class='ocrx_word' id='word_1_866' title='bbox 2584 5104 2831 5172; x_wconf 77' lang='grc' dir='ltr'><strong>δοξάζειν</strong></span> <span class='ocrx_word' id='word_1_867' title='bbox 2860 5106 2988 5176; x_wconf 86' lang='grc' dir='ltr'><strong>χρή.</strong></span> <span class='ocrx_word' id='word_1_868' title='bbox 3021 5123 3040 5156; x_wconf 82' lang='grc' dir='ltr'><strong>ι</strong></span> <span class='ocrx_word' id='word_1_869' title='bbox 3067 5104 3268 5172; x_wconf 88' lang='grc' dir='ltr'><strong>Μόνον,</strong></span> <span class='ocrx_word' id='word_1_870' title='bbox 3296 5122 3314 5157; x_wconf 80' lang='grc' dir='ltr'><strong>ι</strong></span> <span class='ocrx_word' id='word_1_871' title='bbox 3352 5097 3492 5155; x_wconf 80' lang='grc' dir='ltr'><strong>εἷπον</strong></span> <span class='ocrx_word' id='word_1_872' title='bbox 3514 5093 3668 5156; x_wconf 64' lang='grc' dir='ltr'><strong>καλῶς,</strong></span> 
     </span>
    </p>
   </div>
   <div class='ocr_carea' id='block_1_113' title="bbox 2159 5191 3668 5270">
    <p class='ocr_par' dir='ltr' id='par_1_113' title="bbox 2159 5191 3668 5270">
     <span class='ocr_line' id='line_1_113' title="bbox 2159 5191 3668 5270; baseline -0.005 -20"><span class='ocrx_word' id='word_1_873' title='bbox 2159 5197 2248 5251; x_wconf 70' lang='grc' dir='ltr'><strong>ἵνα</strong></span> <span class='ocrx_word' id='word_1_874' title='bbox 2288 5200 2357 5270; x_wconf 76' lang='grc' dir='ltr'><strong>τῇ</strong></span> <span class='ocrx_word' id='word_1_875' title='bbox 2408 5197 2673 5269; x_wconf 81' lang='grc' dir='ltr'><strong>μοναδικῇ</strong></span> <span class='ocrx_word' id='word_1_876' title='bbox 2723 5197 2917 5270; x_wconf 80' lang='grc' dir='ltr'><strong>Τριάδι</strong></span> <span class='ocrx_word' id='word_1_877' title='bbox 2958 5199 3283 5269; x_wconf 80' lang='grc' dir='ltr'><strong>συντηρησω</strong></span> <span class='ocrx_word' id='word_1_878' title='bbox 3323 5195 3382 5249; x_wconf 83' lang='grc' dir='ltr'><strong>τδ</strong></span> <span class='ocrx_word' id='word_1_879' title='bbox 3425 5191 3668 5260; x_wconf 67' lang='grc' dir='ltr'><strong>ἐξαίρετον.</strong></span> 
     </span>
    </p>
   </div>
   <div class='ocr_carea' id='block_1_114' title="bbox 2158 5276 3668 5360">
    <p class='ocr_par' dir='ltr' id='par_1_114' title="bbox 2158 5276 3668 5360">
     <span class='ocr_line' id='line_1_114' title="bbox 2158 5276 3668 5360; baseline -0.007 -18"><span class='ocrx_word' id='word_1_880' title='bbox 2158 5289 2257 5360; x_wconf 84' lang='grc' dir='ltr'><strong>οὐχ</strong></span> <span class='ocrx_word' id='word_1_881' title='bbox 2286 5288 2374 5342; x_wconf 78' lang='grc' dir='ltr'><strong>ἵνα</strong></span> <span class='ocrx_word' id='word_1_882' title='bbox 2427 5289 2620 5360; x_wconf 88' lang='grc' dir='ltr'><strong>σχίσας</strong></span> <span class='ocrx_word' id='word_1_883' title='bbox 2653 5289 2848 5360; x_wconf 79' lang='grc' dir='ltr'><strong>αὐτὴν,</strong></span> <span class='ocrx_word' id='word_1_884' title='bbox 2880 5289 3174 5360; x_wconf 76' lang='grc' dir='ltr'><strong>ἀφαιρήσω</strong></span> <span class='ocrx_word' id='word_1_885' title='bbox 3205 5287 3266 5341; x_wconf 83' lang='grc' dir='ltr'><strong>τὸ</strong></span> <span class='ocrx_word' id='word_1_886' title='bbox 3302 5286 3519 5355; x_wconf 75' lang='grc' dir='ltr'><strong>ἀξίωμα.</strong></span> <span class='ocrx_word' id='word_1_887' title='bbox 3548 5276 3668 5334; x_wconf 70' lang='lat' dir='ltr'><strong>«M6-</strong></span> 
     </span>
    </p>
   </div>
   <div class='ocr_carea' id='block_1_115' title="bbox 2157 5366 3667 5450">
    <p class='ocr_par' dir='ltr' id='par_1_115' title="bbox 2157 5366 3667 5450">
     <span class='ocr_line' id='line_1_115' title="bbox 2157 5366 3667 5450; baseline -0.007 -14"><span class='ocrx_word' id='word_1_888' title='bbox 2157 5398 2270 5446; x_wconf 89' lang='grc' dir='ltr'><strong>νον,</strong></span> <span class='ocrx_word' id='word_1_889' title='bbox 2310 5400 2330 5433; x_wconf 71' lang='grc' dir='ltr'><strong>ι</strong></span> <span class='ocrx_word' id='word_1_890' title='bbox 2365 5383 2492 5435; x_wconf 82' lang='grc' dir='ltr'><strong>ὅταν</strong></span> <span class='ocrx_word' id='word_1_891' title='bbox 2526 5381 2770 5450; x_wconf 78' lang='grc' dir='ltr'><strong>συνάψω,</strong></span> <span class='ocrx_word' id='word_1_892' title='bbox 2795 5381 2843 5435; x_wconf 79' lang='grc' dir='ltr'><strong>τ’</strong></span> <span class='ocrx_word' id='word_1_893' title='bbox 2867 5381 3000 5435; x_wconf 83' lang='grc' dir='ltr'><strong>ἄλλα</strong></span> <span class='ocrx_word' id='word_1_894' title='bbox 3023 5382 3201 5436; x_wconf 86' lang='grc' dir='ltr'><strong>πάντα</strong></span> <span class='ocrx_word' id='word_1_895' title='bbox 3229 5377 3526 5440; x_wconf 81' lang='grc' dir='ltr'><strong>διαστέλλω,</strong></span> <span class='ocrx_word' id='word_1_896' title='bbox 3557 5366 3667 5425; x_wconf 64' lang='grc' dir='ltr'><strong>ἐκεί·</strong></span> 
     </span>
    </p>
   </div>
   <div class='ocr_carea' id='block_1_116' title="bbox 2158 5465 3667 5544">
    <p class='ocr_par' dir='ltr' id='par_1_116' title="bbox 2158 5465 3667 5544">
     <span class='ocr_line' id='line_1_116' title="bbox 2158 5465 3667 5544; baseline -0.001 -16"><span class='ocrx_word' id='word_1_897' title='bbox 2158 5491 2257 5544; x_wconf 89' lang='grc' dir='ltr'><strong>νην</strong></span> <span class='ocrx_word' id='word_1_898' title='bbox 2284 5473 2341 5527; x_wconf 75' lang='grc' dir='ltr'><strong>δὲ</strong></span> <span class='ocrx_word' id='word_1_899' title='bbox 2367 5473 2568 5544; x_wconf 81' lang='grc' dir='ltr'><strong>μᾶλλον</strong></span> <span class='ocrx_word' id='word_1_900' title='bbox 2607 5473 2697 5528; x_wconf 80' lang='grc' dir='ltr'><strong>διὰ</strong></span> <span class='ocrx_word' id='word_1_901' title='bbox 2731 5472 2849 5537; x_wconf 86' lang='grc' dir='ltr'><strong>τοῦ,</strong></span> <span class='ocrx_word' id='word_1_902' title='bbox 2888 5492 2906 5525; x_wconf 84' lang='grc' dir='ltr'><strong>ι</strong></span> <span class='ocrx_word' id='word_1_903' title='bbox 2934 5473 3134 5537; x_wconf 83' lang='grc' dir='ltr'><strong>Μόνον,</strong></span> <span class='ocrx_word' id='word_1_904' title='bbox 3170 5492 3190 5525; x_wconf 76' lang='grc' dir='ltr'><strong>ι</strong></span> <span class='ocrx_word' id='word_1_905' title='bbox 3228 5469 3467 5532; x_wconf 73' lang='grc' dir='ltr'><strong>ἐνοποιῶ.</strong></span> <span class='ocrx_word' id='word_1_906' title='bbox 3492 5465 3574 5534; x_wconf 79' lang='grc' dir='ltr'><strong>τῆς</strong></span> <span class='ocrx_word' id='word_1_907' title='bbox 3595 5478 3667 5530; x_wconf 68' lang='lat'><strong>9”“</strong></span> 
     </span>
    </p>
   </div>
   <div class='ocr_carea' id='block_1_117' title="bbox 2163 5556 3664 5636">
    <p class='ocr_par' dir='ltr' id='par_1_117' title="bbox 2163 5556 3664 5636">
     <span class='ocr_line' id='line_1_117' title="bbox 2163 5556 3664 5636; baseline -0.003 -21"><span class='ocrx_word' id='word_1_908' title='bbox 2163 5564 2320 5633; x_wconf 79' lang='grc' dir='ltr'><strong>σικῆς</strong></span> <span class='ocrx_word' id='word_1_909' title='bbox 2351 5563 2588 5633; x_wconf 75' lang='grc' dir='ltr'><strong>σχέσεως</strong></span> <span class='ocrx_word' id='word_1_910' title='bbox 2617 5565 2680 5618; x_wconf 85' lang='grc' dir='ltr'><strong>οὐ</strong></span> <span class='ocrx_word' id='word_1_911' title='bbox 2725 5564 2967 5636; x_wconf 77' lang='grc' dir='ltr'><strong>μερίζων</strong></span> <span class='ocrx_word' id='word_1_912' title='bbox 2995 5564 3057 5619; x_wconf 79' lang='grc' dir='ltr'><strong>τὸ</strong></span> <span class='ocrx_word' id='word_1_913' title='bbox 3093 5565 3426 5624; x_wconf 82' lang='grc' dir='ltr'><strong>ἀδιάστατον,</strong></span> <span class='ocrx_word' id='word_1_914' title='bbox 3451 5556 3566 5612; x_wconf 79' lang='grc' dir='ltr'><strong>ἀλλὰ</strong></span> <span class='ocrx_word' id='word_1_915' title='bbox 3593 5568 3664 5604; x_wconf 82' lang='grc' dir='ltr'><strong>σν·</strong></span> 
     </span>
    </p>
   </div>
   <div class='ocr_carea' id='block_1_118' title="bbox 2163 5647 3662 5726">
    <p class='ocr_par' dir='ltr' id='par_1_118' title="bbox 2163 5647 3662 5726">
     <span class='ocr_line' id='line_1_118' title="bbox 2163 5647 3662 5726; baseline 0.006 -20"><span class='ocrx_word' id='word_1_916' title='bbox 2163 5653 2409 5724; x_wconf 79' lang='grc' dir='ltr'><strong>σφίγγων</strong></span> <span class='ocrx_word' id='word_1_917' title='bbox 2438 5658 2560 5721; x_wconf 82' lang='grc' dir='ltr'><strong>ταῖς</strong></span> <span class='ocrx_word' id='word_1_918' title='bbox 2584 5655 2694 5710; x_wconf 89' lang='grc' dir='ltr'><strong>τῶν</strong></span> <span class='ocrx_word' id='word_1_919' title='bbox 2732 5657 3019 5726; x_wconf 84' lang='grc' dir='ltr'><strong>ἀκροατῶν</strong></span> <span class='ocrx_word' id='word_1_920' title='bbox 3048 5655 3309 5719; x_wconf 85' lang='grc' dir='ltr'><strong>διανοίαις</strong></span> <span class='ocrx_word' id='word_1_921' title='bbox 3349 5653 3442 5722; x_wconf 76' lang='grc' dir='ltr'><strong>τὴν</strong></span> <span class='ocrx_word' id='word_1_922' title='bbox 3467 5647 3662 5714; x_wconf 52' lang='lat' dir='ltr'><strong>ﬁmi&quot;</strong></span> 
     </span>
    </p>
   </div>
   <div class='ocr_carea' id='block_1_119' title="bbox 2170 5733 3663 5820">
    <p class='ocr_par' dir='ltr' id='par_1_119' title="bbox 2170 5733 3663 5820">
     <span class='ocr_line' id='line_1_119' title="bbox 2170 5733 3663 5820; baseline -0.001 -24"><span class='ocrx_word' id='word_1_923' title='bbox 2170 5763 2187 5796; x_wconf 89' lang='grc' dir='ltr'><strong>ι</strong></span> <span class='ocrx_word' id='word_1_924' title='bbox 2223 5745 2335 5797; x_wconf 90' lang='lat' dir='ltr'><strong>Kal</strong></span> <span class='ocrx_word' id='word_1_925' title='bbox 2383 5745 2444 5799; x_wconf 86' lang='grc' dir='ltr'><strong>τὸ</strong></span> <span class='ocrx_word' id='word_1_926' title='bbox 2491 5748 2752 5819; x_wconf 80' lang='grc' dir='ltr'><strong>κήρυγμα</strong></span> <span class='ocrx_word' id='word_1_927' title='bbox 2797 5748 2976 5818; x_wconf 86' lang='grc' dir='ltr'><strong>Ἰησοῦ</strong></span> <span class='ocrx_word' id='word_1_928' title='bbox 3027 5747 3286 5820; x_wconf 87' lang='grc' dir='ltr'><strong>Χριστοῦ.</strong></span> <span class='ocrx_word' id='word_1_929' title='bbox 3315 5766 3333 5800; x_wconf 78' lang='grc' dir='ltr'><strong>ι</strong></span> <span class='ocrx_word' id='word_1_930' title='bbox 3382 5744 3436 5798; x_wconf 89' lang='lat'><strong>&#39;0</strong></span> <span class='ocrx_word' id='word_1_931' title='bbox 3479 5733 3663 5812; x_wconf 63' lang='grc' dir='ltr'><strong>Χριστὸς</strong></span> 
     </span>
    </p>
   </div>
   <div class='ocr_carea' id='block_1_120' title="bbox 2163 5825 3660 5912">
    <p class='ocr_par' dir='ltr' id='par_1_120' title="bbox 2163 5825 3660 5912">
     <span class='ocr_line' id='line_1_120' title="bbox 2163 5825 3660 5912; baseline 0.003 -20"><span class='ocrx_word' id='word_1_932' title='bbox 2163 5839 2302 5894; x_wconf 79' lang='grc' dir='ltr'><strong>αὐτὰ</strong></span> <span class='ocrx_word' id='word_1_933' title='bbox 2338 5838 2592 5912; x_wconf 70' lang='grc' dir='ltr'><strong>ἐκήρυξε,</strong></span> <span class='ocrx_word' id='word_1_934' title='bbox 2624 5838 2810 5912; x_wconf 71' lang='grc' dir='ltr'><strong>φησιν’</strong></span> <span class='ocrx_word' id='word_1_935' title='bbox 2835 5838 3032 5894; x_wconf 84' lang='grc' dir='ltr'><strong>οὐκοῦν</strong></span> <span class='ocrx_word' id='word_1_936' title='bbox 3053 5839 3151 5894; x_wconf 83' lang='grc' dir='ltr'><strong>οὑκ</strong></span> <span class='ocrx_word' id='word_1_937' title='bbox 3171 5833 3461 5910; x_wconf 84' lang='grc' dir='ltr'><strong>ἀνθρώπων</strong></span> <span class='ocrx_word' id='word_1_938' title='bbox 3480 5832 3521 5887; x_wconf 71' lang='lat' dir='ltr'><strong>oi</strong></span> <span class='ocrx_word' id='word_1_939' title='bbox 3547 5825 3660 5896; x_wconf 56' lang='grc' dir='ltr'><strong>νόμω</strong></span> 
     </span>
    </p>
   </div>
  </div>
