3880 6612
224 414 316 478 600

1275 409 1664 472 COMMENT.
1710 408 1791 471 ΙΝ
1830 409 2070 472 EPIST.
2113 412 2211 472 AD
2252 410 2436 474 ROM.

3360 411 3469 477 610

219 523 300 578 τοῦ
329 520 681 591 Εὗαγγελῖου,
717 520 833 576 ἀλλ’
859 519 1028 577 αὐτοῦ
1071 521 1166 577 τοῦ
1210 522 1473 596 Χριστοῦ.
1513 525 1588 577 Τὸ
1633 523 1777 589 ἀξιό-

1885 522 2060 578 sibilis
2102 533 2208 589 est,
2256 525 2351 579 sed
2393 523 2661 580 unitatem
2719 523 2776 580 in
2827 522 3146 581 auditorum
3186 525 3470 583 mentibus

220 631 392 670 πιστον
430 613 486 668 δὲ
518 613 699 668 αὐτῶν
726 614 1022 680 δείκνυσιν,
1064 615 1172 670 ἀπό
1197 631 1256 670 τε
1290 615 1386 670 τοῦ
1421 616 1779 690 κηρύγματος

223 706 305 760 καὶ
329 704 422 758 τοῦ
455 706 742 774 ὀνόματος.
797 704 1139 774 Εὐαγγέλιον
1173 705 1285 778 γάρ
1333 705 1573 776 λέγεται.
1621 706 1780 759 Ποῖον

221 801 271 854 δὲ
313 799 370 852 ιδ
428 799 696 870 κήρυγμα
731 798 828 853 τοῦ
879 799 1160 871 Χριστοῦ;
1224 799 1399 864 Αὐτὸς
1447 801 1476 853 ό
1522 800 1777 869 Χριστός.

226 914 243 948 ι
266 891 408 947 Κατά
432 892 778 963 ἀποκάλυψιν
805 894 1128 966 μυστηρίου.
1158 913 1179 948 s
1205 893 1312 948 Τοῦ
1333 894 1599 958 δοθέντος,
1620 895 1778 964 φησὶ,

221 989 342 1045 κατὰ
361 985 702 1058 ἀποκάλυψιν
730 1005 800 1058 μυ
809 1005 905 1059 στη
917 987 1054 1059 ρίου.
1075 986 1269 1053 ῐΙοίου;
1295 985 1389 1039 τοῦ
1415 986 1780 1057 σεσιγημένου

224 1083 308 1156 μὲν
337 1082 390 1135 ὲν
439 1082 552 1144 τοῖς
606 1079 976 1151 προλαϐοῦσιν
1022 1079 1266 1142 αἰωνίοις
1315 1079 1552 1151 χρόνοις,
1587 1079 1616 1133 ὃ
1663 1081 1780 1133 ἐστι

224 1174 432 1236 ⁴πολλοῖς,
465 1173 878 1244 φανερωθέντος
904 1171 961 1226 δὲ
991 1171 1108 1227 νῦν.
1128 1173 1202 1243 Ση
1213 1171 1447 1243 μείωσαι
1473 1172 1529 1226 δὲ
1553 1171 1615 1226 τὸ
1639 1165 1780 1225 εἶναι

223 1266 332 1320 αὐτὸ
369 1265 563 1336 πολλῆς
595 1265 764 1335 τιμῆς
797 1264 990 1337 δῶρον,
1048 1263 1108 1317 οὐ
1167 1263 1327 1330 μόνον
1359 1265 1423 1318 ἐκ
1473 1263 1568 1317 τοῦ
1608 1263 1783 1335 κηρύ-

224 1359 386 1425 ξαντος
425 1357 690 1430 Χριστοῦ,
723 1357 819 1411 καὶ
857 1359 920 1410 ὲκ
964 1355 1061 1410 τοῦ
1118 1356 1375 1426 λέγεσθαι
1420 1356 1777 1424 Εὑαγγέλιον,

222 1453 336 1506 ἀλλὰ
357 1453 446 1504 καὶ
477 1453 539 1504 ὲκ
562 1450 657 1504 τοῦ
682 1449 778 1503 νῦν
806 1451 938 1521 ἡμῖν
966 1450 1109 1504 κατά
1139 1450 1349 1520 δωρεὰν
1372 1448 1778 1521 φανερωθῆναι,

220 1551 258 1601 εί
283 1547 365 1600 καὶ
393 1541 455 1616 ἦν
477 1543 824 1616 προαιώνιον.
862 1542 956 1607 ἘΞ
977 1544 1153 1616 ἀρχῆς
1178 1543 1288 1612 γὰρ
1315 1537 1384 1613 ἦν
1417 1543 1446 1595 ὁ
1464 1542 1617 1607 Υἱὸς,
1642 1541 1779 1596 ἀλλά

219 1638 297 1691 νῦν
330 1636 589 1707 ἐγνώσθη,
623 1635 992 1707 ἀγνοούμενος
1048 1635 1111 1690 τὺ
1147 1636 1300 1706 πρίν.
1341 1653 1359 1688 ι
1397 1636 1500 1690 Διά
1532 1653 1593 1689 τε
1630 1637 1779 1708 Γρα-

219 1731 315 1800 φῶν
339 1728 712 1802 προφητικῶν.
742 1749 758 1781 ι
779 1729 905 1793 Πῶς
934 1729 1010 1791 δὲ,
1041 1729 1226 1801 φησὶν,
1253 1729 1604 1800 ὲφανερὼθη;
1639 1749 1657 1781 ι
1680 1731 1780 1785 Διά

216 1825 425 1896 Γραφῶν
477 1822 862 1895 προφητικῶν,
899 1842 918 1875 ι
971 1822 1142 1886 οὕτως
1178 1823 1272 1877 τοῦ
1330 1823 1544 1895 Πατρὸς
1585 1824 1778 1878 ἐπιτά-

1890 616 2067 688 magis
2125 617 2534 688 constringens.
2599 637 2618 672 ι
2677 618 2747 674 Ει
2819 620 3272 691 praedicationem
3337 620 3470 676 Jesu

1883 709 2114 766 Christi.
2147 729 2166 762 ι
2214 709 2495 776 Christus,
2548 711 2750 783 inquit,
2780 712 2897 769 hac
2929 712 3247 784 praedicavit
3275 732 3289 768 :
3321 714 3472 784 leges

1882 802 2071 872 itaque
2123 803 2407 874 Evangelii
2456 819 2567 859 non
2603 805 2890 860 hominum
2937 816 3086 872 sunt,
3147 807 3243 862 sed
3291 808 3469 877 ipsius

1881 895 2110 952 Christi.
2140 895 2298 962 Quod
2335 904 2520 952 autem
2549 896 2657 953 ﬁde
2685 899 2863 971 digna:
2903 899 3035 962 sint,
3061 900 3309 954 ostendit
3342 908 3399 956 et
3435 916 3467 956 a

1882 987 2275 1058 praedicatione
2314 997 2371 1044 et
2400 1005 2430 1042 a
2471 991 2730 1045 nomine:
2771 1007 2896 1045 nam
2937 991 3298 1062 Evangelium
3331 993 3470 1048 dici-

1885 1087 1994 1136 tur.
2025 1079 2160 1148 Qua:
2193 1089 2279 1136 est
2309 1091 2493 1136 autem
2521 1081 2728 1138 Christi
2772 1083 3129 1154 praedicatio?
3155 1085 3274 1154 Ipse
3303 1085 3467 1140 Chri-

1885 1180 2023 1228 stus.
2073 1191 2092 1225 ι
2125 1171 2443 1228 Secundum
2488 1174 2898 1248 revelationem
2942 1177 3208 1248 mysterii.
3243 1197 3262 1229 ι
3307 1177 3466 1244 Quod

1882 1264 2264 1337 Evangelium,
2316 1265 2520 1336 inquit,
2556 1268 2741 1321 datum
2782 1244 2900 1322 est.
2921 1244 3226 1323 secunduin
3257 1270 3468 1324 revela-

1884 1358 2094 1414 tionem
2141 1359 2415 1431 mysterii.
2455 1359 2682 1425 Qualis?
2713 1360 2890 1414 Taciti
2917 1361 3140 1430 quidem
3180 1362 3467 1431 prioribus

1882 1451 2108 1506 aeternis
2169 1452 2535 1522 temporibus,
2595 1451 2702 1506 hoc
2745 1462 2830 1507 est
2883 1453 3090 1516 multis,
3141 1470 3290 1508 nunc
3337 1468 3468 1507 vero

1884 1544 2245 1600 manifestati.
2293 1544 2617 1615 Signiﬁcare
2663 1547 2782 1600 vult
2828 1547 3010 1616 magni
3058 1546 3287 1602 honoris
3345 1564 3466 1604 esse

1885 1635 2112 1700 donum,
2139 1649 2250 1688 non
2283 1650 2350 1689 ex
2383 1635 2490 1690 hoc
2519 1637 2697 1692 solum
2733 1635 2882 1705 quod
2915 1636 3048 1690 illud
3083 1637 3468 1706 praedicavcrit

1881 1721 2161 1788 Christus,
2212 1731 2270 1778 et
2327 1726 2475 1794 quod
2527 1725 2888 1796 Evangelium
2953 1725 3176 1781 dicatur
3206 1767 3221 1791 ,
3270 1743 3465 1781 verum

1884 1809 2053 1864 etiam
2098 1825 2164 1864 ex
2217 1825 2284 1865 eo
2311 1811 2461 1881 quod
2512 1827 2661 1866 nunc
2704 1814 2876 1884 gratis
2924 1815 3337 1872 manifestatum
3372 1815 3464 1880 sit,

218 1910 384 1978 ξαντος
415 1912 692 1980 γενέσθαι.
727 1911 912 1984 Ταύτῃ
945 1912 1002 1965 δὲ
1055 1914 1146 1966 τὸν
1200 1915 1437 1968 ἄπιστον
1467 1915 1548 1978 είς
1591 1915 1777 1968 πίστιν

1885 1919 2199 1974 quanquam
2250 1912 2380 1959 ante
2431 1906 2630 1960 saecula
2670 1904 2860 1961 fuerit.
2893 1906 3028 1961 Nam
3060 1907 3129 1961 ab
3161 1908 3319 1960 initio
3346 1916 3468 1963 erat

220 2005 588 2074 προτρέπεται.
638 2003 705 2056 Τί
761 2004 872 2074 γὰρ
942 2003 1081 2075 φοϐῇ
1135 2004 1443 2075 εἰλικρινῶς
1481 2005 1626 2077 αὗτῷ
1693 2024 1780 2060 ττι-

219 2095 448 2159 ussitnt;
496 2097 560 2148 Οἱ
620 2095 901 2166 προφῆται
960 2092 1136 2160 εἶπον,
1187 2097 1215 2149 ὁ
1264 2097 1397 2162 Θεὸς
1452 2099 1774 2153 ἐνετείλατο.

218 2208 235 2241 ι
275 2189 359 2252 Et;
403 2187 646 2260 ὑπακοὴν
706 2190 962 2254 πίστεως.
1003 2209 1022 2243 ι
1081 2191 1367 2262 ’Υπακοῆς
1425 2193 1535 2264 γάρ
1584 2194 1776 2265 χρείαν

211 2281 310 2352 ἔχει
345 2283 376 2354 ή
413 2281 618 2346 πίστις,
655 2281 742 2335 ἵνα
782 2283 855 2354 μή
889 2301 974 2346 τις
1012 2286 1473 2356 περιεργάζηται,
1506 2286 1649 2341 διατί
1681 2287 1778 2342 νῦν

211 2374 536 2446 ξφα-ιερὼθη,
577 2376 672 2428 καί
707 2375 850 2428 διατί
902 2376 1070 2430 πάλαι
1125 2378 1428 2446 ὲσιγᾶτο.,‹
1463 2378 1558 2443 Ei;
1597 2379 1777 2434 πάντα

207 2467 267 2520 τὰ
298 2466 441 2536 ἔθνη.
473 2485 490 2517 ι
527 2465 620 2536 Μὴ
657 2465 845 2536 φοϐοῦ,
877 2469 1064 2536 φησὶν,
1091 2467 1154 2520 οὐ
1192 2469 1256 2522 σὺ
1291 2469 1452 2540 μόνος
1475 2469 1774 2536 πιστεύεις,

207 2559 333 2613 ἀλλά
367 2558 462 2613 καὶ⁸
505 2561 654 2613 πᾶσα
689 2561 722 2630 ἡ
769 2560 1086 2631 οἰκουμένη,
1129 2579 1148 2612 ι
1180 2561 1345 2631 Μόνῳ
1389 2561 1537 2631 σοφῷ
1574 2562 1713 2633 Θεῷ.
1750 2581 1770 2614 s

205 2652 338 2723 Πρὸς
378 2652 788 2724 ἀντιδιαστοὶεὴν
825 2653 936 2706 τῶν
969 2651 1346 2724 ψευδωνύμων
1381 2652 1543 2716 θεῶν,
1585 2655 1645 2708 οὺ
1681 2656 1775 2709 τοῦ

203 2741 448 2812 Χριστοῦ,
474 2743 508 2815 ἢ
537 2742 630 2796 τοῦ
656 2742 1000 2815 Πνεὺματος,
1038 2743 1115 2815 μὴ
1143 2744 1389 2812 γὲνοιτοῑ
1429 2762 1447 2796 t
1479 2745 1577 2798 Διὰ
1597 2745 1775 2818 Ἰησοῦ

202 2835 450 2908 Χριστοῦ.
488 2855 506 2888 ι
544 2835 948 2908 Γνωρισθὲντος
1001 2839 1060 2890 ἐν
1099 2840 1211 2902 τοῖς
1251 2837 1430 2892 ἔθνεσι
1473 2838 1563 2893 διὰ
1597 2839 1775 2912 Ἰησοῦ

202 2928 448 2997 Χριστοῦ,
478 2930 553 2994 ὠς
587 2929 682 2982 καὶ
719 2928 1084 2999 κηρύξαντος.
1121 2929 1325 2984 Λοιπὸν
1355 2930 1443 2983 διὰ
1489 2929 1656 2999 μέσου
1692 2931 1772 2996 τὸ,

207 3042 222 3073 ι
247 3023 402 3094 Μόνῳ
423 3021 568 3092 σοφῷ
591 3022 708 3093 Θεῷ
735 3026 766 3092 ἡ
791 3022 937 3090 δόξα.
963 3041 982 3074 s
1004 3053 1075 3062 —
1093 3025 1163 3080 Ἢ
1190 3023 1398 3090 οὕτως.
1429 3022 1773 3097 [ΟΙΚΟΥΜ.]

206 3133 222 3164 ι
251 3115 334 3183 Τῷ
369 3113 420 3167 δὲ
449 3114 732 3185 δυναμένῳ
759 3113 920 3185 ’ὑμᾶς
948 3114 1200 3185 στηρίξαι
1237 3117 1386 3185 μόνῳ
1411 3117 1561 3187 σοφῷ
1585 3115 1724 3187 Θεῷ.
1749 3135 1768 3170 ι

1882 1999 2076 2062 Filius,
2107 1997 2203 2052 sed
2235 2013 2384 2053 nunc
2413 2001 2669 2070 cognitus
2696 2007 2784 2054 est
2831 2016 2956 2055 cum
2991 2001 3146 2070 prius
3177 2001 3466 2072 ignorare-

1881 2102 1991 2147 tur.
2029 2110 2048 2144 ι
2103 2093 2172 2148 Ει
2210 2110 2309 2164 per
2350 2093 2667 2163 Scripturas
2705 2095 3079 2164 propheticus.
3117 2113 3135 2146 ι
3174 2093 3465 2159 Quomodo

1881 2193 2065 2240 autem
2099 2186 2508 2242 manifestatum
2551 2186 2681 2240 est?
2720 2187 2920 2256 inquit.
2959 2205 2978 2236 ι
3012 2187 3118 2240 Per
3144 2185 3464 2254 Scripturas

1881 2278 2256 2349 propheticas,
2298 2299 2314 2330 ι
2371 2295 2497 2334 cum
2554 2281 2717 2334 Pater
2763 2280 2839 2334 ita
2874 2279 2991 2333 ﬁeri
3033 2279 3310 2348 iussisset.
3358 2279 3465 2333 Per

1880 2371 1988 2427 hoc
2012 2381 2196 2428 autem
2245 2373 2594 2428 incredulum
2627 2373 2695 2427 ad
2741 2371 2904 2436 ﬁdem
2936 2371 3285 2426 exhortatur.
3325 2369 3463 2425 Nam

1879 2466 2014 2537 quid
2044 2465 2290 2535 trepidas
2321 2465 2400 2520 illi
2427 2465 2644 2521 sincere
2675 2464 2950 2519 credere?
2986 2463 3278 2532 Pmpheta:
3314 2461 3465 2516 dixe-

1880 2568 2030 2623 runt,
2081 2559 2228 2615 Deus
2272 2560 2554 2631 praecepit.
2605 2578 2624 2610 ι
2665 2559 2744 2613 Ad
2803 2557 3178 2612 obedientiam
3250 2555 3399 2609 ﬁdei.
3437 2572 3457 2606 ι

1878 2651 2015 2707 Nam
2052 2651 2189 2708 ﬁdes
2227 2652 2544 2708 obedientia
2570 2667 2711 2722 opus
2738 2651 2926 2714 habet,
2975 2666 3045 2704 ne
3089 2650 3214 2719 quis
3243 2649 3464 2704 curiose

1879 2753 2160 2800 scrutetur
2188 2761 2351 2816 quam
2377 2746 2448 2800 ob
2480 2759 2703 2799 causam
2733 2759 2882 2798 nunc
2913 2743 3325 2798 manifestatum
3365 2745 3459 2808 sit,

1879 2845 1934 2892 et
1957 2853 2130 2907 quare
2160 2839 2290 2892 olim
2322 2837 2629 2892 tacebatur.
2671 2855 2689 2886 ι
2725 2837 2830 2890 Per
2852 2851 3046 2891 omnes
3072 2845 3285 2906 gentes.
3318 2854 3336 2886 ι
3381 2835 3462 2891 Νο

1879 2931 2096 2996 timeas,
2133 2931 2331 3000 inquit,
2366 2946 2474 2984 non
2509 2939 2568 2985 tu
2607 2929 2760 2983 solus
2789 2929 2992 2988 credis.
3024 2929 3118 2982 sed
3142 2938 3200 2982 et
3239 2928 3463 2982 univer-

1879 3038 1975 3078 sus
2009 3023 2179 3078 orbis.
2229 3041 2246 3074 ι
2288 3021 2401 3077 Soli
2437 3021 2672 3092 sapienti
2698 3022 2832 3076 Deo.
2878 3040 2896 3071 ι
2933 3021 3013 3076 Ad
3045 3019 3462 3075 distinctionem

1878 3133 1947 3172 ex
1980 3117 2212 3171 adverso
2242 3116 2381 3172 falso
2412 3115 2688 3172 dictorum
2709 3116 2964 3178 deorum,
2997 3129 3108 3168 non
3140 3112 3347 3169 Christi
3375 3112 3463 3166 vel

201 3206 446 3276 Στηρίξαι
498 3206 557 3258 δὲ
610 3207 767 3273 πῶς;
815 3224 832 3258 ι
864 3206 964 3260 Διὰ
1010 3205 1190 3275 Ἰησοῦ
1238 3207 1500 3276 Χριστοῦ,
1533 3200 1577 3274 ᾧ
1623 3208 1771 3272 δόξα,

1885 3207 2152 3276 Spiritus:
2189 3207 2380 3278 Absit}
2435 3227 2452 3260 ι
2493 3208 2598 3264 Per
2635 3209 2821 3265 Jesum
2863 3207 3170 3262 Christum.
3204 3225 3222 3257 ι
3275 3204 3462 3274 Agniti

201 3300 376 3368 φησὶν,
400 3300 475 3363 εἰς
494 3300 617 3360 τοὺς
641 3299 866 3363 αἰῶνας.
889 3299 1085 3370 Ἀμήν.
1114 3316 1134 3350 ι
1169 3327 1231 3340 ς·-
1251 3317 1270 3350 ‹
1299 3291 1422 3370 τῼή
1451 3297 1597 3364 δόξα.
1631 3318 1651 3350 ι
1677 3300 1774 3366 Τὸ,

1879 3299 2025 3355 inter
2069 3316 2262 3355 omnes
2290 3309 2483 3372 gentes
2518 3317 2620 3371 per
2672 3301 2859 3355 Jesum
2906 3299 3211 3362 Christum,
3269 3307 3329 3351 ut
3365 3296 3461 3367 qui

197 3383 258 3458 ᾧ.
294 3391 638 3460 παρέ).κεται.
671 3418 738 3428 -
764 3388 964 3461 [ΦΩΤ.]
995 3389 1089 3454 Τὸ,
1142 3407 1161 3440 ι
1207 3383 1280 3460 1’ῼ
1320 3390 1354 3460 ἡ
1398 3387 1543 3453 δόξα,
1584 3407 1602 3440 ι
1639 3390 1777 3461 πρὸς

1885 3392 2044 3446 etiam
2097 3393 2445 3463 praedicavit.
2504 3394 2778 3448 Caeterum
2823 3408 2920 3463 per
2982 3391 3462 3461 interpositionem

199 3485 262 3535 τὶ
296 3485 418 3551 τρία
471 3482 870 3547 ἀκουστέον,ὼς
909 3482 990 3544 τὸ,
1032 3499 1050 3532 ι
1079 3481 1169 3550 Τῷ
1215 3481 1272 3534 δὲ
1305 3479 1596 3552 δυναμένῳ
1631 3481 1776 3551 ὑμᾶς

1885 3483 2048 3538 dicit:
2082 3505 2100 3538 ι
2133 3484 2246 3541 Soli
2280 3486 2515 3557 sapienti
2549 3487 2662 3542 Deo
2691 3486 2885 3555 gloria.
2928 3503 2947 3537 ι
3001 3483 3094 3538 γει
3124 3486 3222 3538 hoc
3263 3484 3419 3537 modo
3441 3499 3462 3539 :

201 3575 440 3644 στηρίξαι
465 3575 611 3645 μόνῳ
629 3573 769 3646 Θεῷ,
799 3593 817 3625 ι
847 3573 939 3626 καὶ
971 3573 1046 3638 ὡς
1069 3573 1149 3633 τὸ,
1182 3593 1200 3626 ι
1225 3573 1361 3627 Κατ’
1386 3574 1654 3643 ἐπιταγὴν
1679 3571 1774 3626 τοῦ

1885 3594 1905 3628 ι
1937 3576 2000 3631 Ei
2023 3586 2208 3633 autem
2239 3579 2336 3649 qui
2369 3587 2568 3649 potens
2609 3588 2695 3633 est
2743 3593 2843 3633 vos
2868 3577 3196 3632 conﬁrmare
3227 3576 3330 3632 soli
3371 3591 3462 3630 sa—

199 3669 406 3721 αἰιυνίου
431 3668 590 3734 Θεοῦ,
619 3688 638 3719 ι
669 3670 761 3720 καὶ
807 3666 882 3730 ὡς
922 3668 1002 3730 τδ,
1036 3685 1050 3718 ι
1091 3666 1189 3719 Διὰ
1239 3665 1417 3738 Ἰησοῦ
1450 3666 1712 3738 Χριστοῦ.
1743 3685 1763 3718 s

1885 3669 2048 3740 pienti
2079 3672 2210 3726 Deo.
2256 3692 2275 3725 ι
2315 3672 2437 3739 Quo
2471 3681 2657 3726 autem
2699 3671 2864 3727 modo
2901 3670 3278 3727 conﬁrmare?
3315 3688 3333 3722 ι
3358 3669 3464 3725 Per

199 3760 304 3829 Τῆς
351 3761 576 3831 Τριάδος
633 3757 742 3830 γὰρ
775 3759 863 3813 διὰ
919 3758 1125 3812 τούτων
1154 3758 1510 3830 δηλουμένης,
1561 3761 1654 3813 καὶ
1699 3761 1767 3830 τῇ

1885 3761 2064 3820 Iesum
2093 3762 2408 3820 Christum:
2439 3766 2529 3820 cui
2566 3764 2737 3835 gloria
2763 3765 2819 3819 in
2865 3765 3086 3820 saecula.
3113 3764 3310 3819 Amen.
3345 3781 3364 3815 ι
3393 3792 3466 3803 -

199 3854 380 3924 Τριάδι
411 3855 508 3925 τὴν
528 3853 687 3918 δόξαν
715 3854 1036 3924 ἀνήνεγκεν.

1887 3870 1907 3904 ι
1939 3851 2042 3908 Cui
2072 3855 2271 3924 gloria.
2306 3875 2324 3908 s
2367 3856 2533 3926 396
2562 3855 2664 3911 Cui
2695 3857 2952 3926 parelcon
2979 3865 3082 3921 est,
3105 3855 3210 3910 hoc
3231 3863 3336 3916 est,
3365 3869 3464 3924 per

201 3943 666 4017 interpositionem
722 3945 996 4000 additum.
1035 3943 1282 4012 -Quod
1333 3945 1578 4001 dicitur:
1633 3943 1782 3999 «Cui
1824 3943 2022 4015 gloria,
2056 3963 2074 3996 ι
2133 3945 2202 3999 ad
2252 3947 2357 4001 tria
2406 3949 2818 4018 adjungendum
2847 3957 2954 4011 est,
2981 3956 3136 4016 puta,
3186 3966 3204 3998 ι
3239 3946 3304 4001 Ei
3363 3945 3462 4016 qui

199 4050 386 4111 potens
423 4046 510 4094 est
561 4053 660 4093 vos
691 4039 1020 4094 conﬁrmare
1054 4038 1158 4094 soli
1185 4038 1420 4108 sapienti
1455 4038 1604 4104 Deo;
1641 4056 1658 4088 ι
1715 4044 1774 4090 et
1817 4053 1835 4088 ι
1875 4035 2193 4092 Secundum
2246 4047 2586 4108 praeceptum
2643 4039 2836 4094 aeterni
2897 4039 2995 4093 Dei
3031 4054 3046 4103 ;
3082 4055 3102 4089 ι
3164 4052 3229 4092 ac
3274 4039 3459 4101 tertio,

205 4157 222 4190 ι
256 4138 356 4194 Per
392 4139 580 4196 Jesum
613 4135 920 4193 Christum.
959 4153 977 4186 ι
1017 4133 1124 4189 Per
1190 4133 1310 4187 haec
1359 4131 1510 4187 enim
1559 4129 1914 4185 manifestata
1987 4129 2256 4186 Trinitate
2303 4131 2529 4202 gloriam
2607 4147 2829 4202 quoque
2855 4133 3068 4202 retulit,
3108 4130 3177 4186 ad
3220 4119 3463 4185 Trinita-

202 4238 322 4286 tem.

775 4326 1028 4382 ΚΕΦΛΛ.
1087 4322 1190 4378 ΙΘ’.

298 4425 431 4494 Περὶ
471 4423 776 4495 μιμήσεως
810 4421 924 4492 τῆς
972 4419 1233 4490 Χριστοῦ
1263 4416 1672 4483 ἀνεξικακίας.

276 4521 624 4590 Ὀφείλομεν
653 4516 721 4571 δὲ
744 4516 918 4586 ἡμεῖς
953 4518 1005 4568 οὶ
1029 4512 1275 4568 δυνατοὶ
1303 4512 1375 4566 τὰ
1397 4510 1786 4582 ἀσθενήματα

2471 4322 2702 4380 CAPUT
2738 4322 2879 4378 XIX.

2192 4417 2268 4472 De
2295 4419 2592 4472 imitatione
2622 4417 2914 4472 dementire
2944 4414 3162 4471 Christi.

1961 4513 2075 4577 XV,
2110 4512 2223 4567 1-4.
2262 4511 2518 4566 Debemus
2540 4520 2715 4566 autem
2746 4527 2862 4575 nos,
2883 4511 2970 4581 qui
2996 4517 3230 4582 potentes
3255 4523 3461 4573 sumus,

202 4612 309 4666 τῶν
337 4612 654 4667 ἀδυνάτων
680 4607 1046 4674 βαστάζειν,
1089 4607 1188 4659 καί
1238 4605 1324 4675 μὴ
1368 4604 1602 4670 ἑαυτοῖς
1647 4603 1777 4672 ἀρέ-

1889 4603 2228 4668 inﬁrmitates
2247 4604 2615 4672 impotentium
2642 4601 2904 4671 bajulare,
2942 4609 2990 4655 et
3024 4617 3130 4654 non
3163 4599 3310 4654 nobis
3336 4600 3465 4669 ipsis

202 4695 399 4758 σκεινί
415 4705 712 4767 Ἕκαστος
741 4699 910 4770 ἡμῶν
943 4697 1024 4764 τῷ
1060 4697 1330 4762 πλησίον
1364 4693 1665 4762 ἀρεσκέτω
1692 4697 1777 4761 είς

1893 4695 2122 4765 placere.
2171 4693 2539 4766 Unusquisque
2581 4703 2822 4748 nostrum
2873 4693 3113 4764 proximo
3157 4691 3364 4761 placeat
3406 4692 3464 4746 in

202 4792 258 4843 τὸ
298 4791 524 4862 ἀγαθὸν
573 4790 728 4858 πρὸς
773 4786 1122 4857 οἰκοδομήν.
1165 4786 1272 4840 Καὶ
1305 4784 1414 4855 γὰρ
1452 4786 1485 4837 ό
1523 4786 1780 4854 Χριστὸς

205 4886 302 4953 οὐχ
339 4881 530 4949 ἐαυτῷ
565 4882 805 4952 ἤρεσεν,
836 4881 1020 4944 ἀλλὰ,
1053 4876 1246 4943 καθὼς
1278 4875 1624 4947 γέγραπται,
1662 4895 1680 4928 ι
1713 4878 1778 4930 Oi

209 4977 522 5047 ὀνειδισμοὶ
573 4977 690 5030 τῶν
743 4972 1153 5032 ὀνειδιζόντων
1216 4985 1291 5024 σε
1347 4970 1651 5023 ἐπέπεσον
1685 4969 1780 5022 ἐπ’

208 5072 348 5141 ἐμέ.»
385 5074 535 5125 Ὅσα
571 5071 678 5140 γὰρ
703 5067 1075 5138 προεγράφη,
1106 5068 1194 5132 είς
1220 5065 1338 5132 τὴν
1371 5062 1668 5134 ἡμετέραν
1698 5063 1786 5117 δι-

209 5165 533 5220 δασκαλίαν
559 5161 932 5234 προεγράφη,
961 5161 1062 5214 ἵνα
1093 5157 1190 5212 διὰ
1219 5157 1330 5226 τῆς
1352 5156 1665 5226 ὑπομονῆς
1687 5158 1786 5212 καί

211 5257 303 5327 τῆς
325 5258 768 5328 παρακλήσεως
792 5257 913 5310 τῶν
935 5253 1217 5326 Γραφῶν,
1250 5251 1366 5321 τὴν
1391 5250 1612 5305 ἐλπίδα
1636 5249 1785 5319 ἐχω-

206 5369 323 5419 μεν.

279 5446 414 5518 Πρὸς
466 5445 596 5509 τοὺς
659 5443 1002 5512 ὑγιαίνοντας
1036 5439 1227 5512 τρέπει
1264 5436 1356 5493 τὸν
1406 5437 1584 5506 λόγον,
1629 5433 1782 5489 διδάει

217 5557 344 5593 σκων
380 5537 493 5590 δεῖν
531 5533 989 5604 συγκαταϐαίνειν
1013 5533 1126 5594 τοῖς
1153 5529 1426 5584 ἀσθενέσι.
1460 5525 1781 5598 Χρεωστοῦ-

217 5650 304 5703 μεν
335 5631 444 5703 γὰρ
492 5629 672 5696 τοῦτο,
705 5627 895 5700 φησίν.
939 5625 1083 5694 Ὅρα
1111 5623 1168 5677 δὲ
1217 5622 1336 5686 πῶς
1365 5619 1626 5684 εὐτελίζει
1656 5619 1780 5682 τοὺς

215 5727 464 5790 ἀσθενεῖς.
499 5724 634 5796 Περὶ
671 5723 772 5795 μὲν
818 5722 926 5791 γὰρ
964 5719 1072 5772 τῶν
1104 5717 1280 5772 ἀλλων
1308 5715 1493 5787 φησὶν,
1536 5731 1554 5764 ι
1581 5714 1642 5766 Oi
1681 5711 1776 5764 δυ-

215 5822 383 5877 νατοί⁶
446 5838 466 5873 s
509 5821 638 5890 περὶ
687 5815 894 5871 τούτων
950 5813 1030 5880 δὲ,
1093 5831 1113 5865 s
1171 5811 1254 5866 Τὰ
1303 5809 1696 5880 ἀσθενήματα·
1748 5825 1767 5858 ι

217 5915 315 5984 καὶ,
360 5934 379 5968 ι
411 5913 533 5969 Τῶν
567 5912 840 5969 ἀδυνάτων
864 5928 876 5942 ·
908 5928 927 5962 ι
967 5909 1060 5964 καὶ
1110 5907 1194 5977 τὸ,
1243 5926 1262 5961 ι
1301 5903 1624 5971 Βαστάζειν,
1683 5903 1777 5957 καὶ

1889 4789 2082 4843 bonum
2100 4787 2169 4842 ad
2188 4787 2614 4857 wdiﬁcationcm.
2636 4789 2847 4843 Etenim
2865 4787 3102 4843 Christus
3123 4801 3227 4838 non
3247 4785 3343 4838 sibi
3363 4786 3466 4856 ipsi

1891 4878 2112 4951 placuit,
2143 4879 2256 4944 scd,
2290 4879 2732 4950 quemadmodum
2771 4879 3024 4945 scriptum
3053 4884 3128 4929 est
3160 4889 3178 4928 :
3210 4893 3228 4925 ι
3263 4872 3468 4942 Oppro-

1886 4968 2003 5022 bna
2036 4967 2471 5040 opprobrantium
2510 4968 2601 5020 tibi
2616 4965 2912 5018 ceciderunt
2939 4978 3100 5032 super
3131 4978 3234 5015 me.
3264 4979 3283 5012 ι
3310 4959 3468 5026 Qua-

1884 5075 2089 5132 cunque
2108 5061 2248 5114 enim
2275 5062 2472 5129 scripta
2492 5065 2635 5119 sunt,
2669 5057 2740 5110 ad
2761 5066 2998 5110 nostram
3025 5055 3324 5109 doctrinam
3339 5052 3468 5107 olim

1881 5151 2079 5219 scripta
2109 5157 2256 5212 sunt,
2282 5156 2338 5200 ut
2357 5155 2450 5217 per
2468 5147 2782 5217 patientiam
2801 5153 2851 5199 et
2880 5145 3300 5200 exhortationem
3321 5142 3470 5198 Scri-

1883 5252 2167 5313 pturarum
2195 5255 2342 5312 spem
2372 5240 2681 5295 habeamus.

1955 5431 2034 5487 Ad
2081 5445 2177 5485 eos
2214 5429 2308 5500 qui
2357 5428 2474 5483 sani
2518 5434 2681 5482 erant
2711 5425 2767 5481 in
2796 5423 2902 5479 ﬁde
2931 5421 3210 5478 convertit
3238 5431 3455 5474 sermo-

1881 5543 2031 5592 nem,
2053 5526 2261 5580 docens
2282 5532 2541 5593 oportere
2583 5521 2708 5575 illos
2737 5515 3185 5574 condescendere
3219 5507 3471 5565 imbecil-

1876 5618 2341 5675 libus.Debitores
2361 5615 2508 5670 enim
2523 5613 2687 5683 hujus
2701 5625 2914 5666 sumus.
2938 5607 3074 5663 Vide
3096 5612 3279 5658 autem
3297 5614 3466 5671 quam

1875 5718 2122 5766 attenuet
2148 5723 2213 5763 ac
2250 5705 2473 5777 dejiciat
2490 5701 2813 5757 imbecilles.
2833 5697 2966 5751 Nam
2993 5695 3062 5748 de
3085 5691 3207 5746 aliis
3224 5688 3450 5760 quidem

1874 5804 1986 5860 ait:
2019 5821 2038 5855 ι
2063 5802 2341 5866 Potentes,
2363 5818 2382 5852 ι
2404 5797 2473 5852 de
2491 5796 2744 5859 hisvero,
2766 5810 2784 5842 ι
2806 5785 3158 5844 lnﬁrmitates
3181 5799 3200 5834 ›
3234 5788 3290 5836 et
3315 5798 3334 5833 ι
3368 5777 3472 5834 Im.

1883 5897 2190 5972 potentium
2215 5913 2234 5948 ι
2269 5909 2332 5951 ac
2373 5890 2682 5963 «Bajulare.
2709 5905 2729 5941 ι
2757 5913 2824 5929 --
2855 5900 2874 5936 ι
2912 5881 2979 5936 Et
2999 5892 3112 5935 non
3136 5875 3302 5935 nobis
3325 5873 3466 5946 ipsis
