3880 6564
522 364 626 430 611
1584 365 1984 429 (ECUMENII
2023 365 2054 426 Ἰ

2153 361 2316 424 ζΟΕίΕ
2350 361 2689 424 EPISCUPI
3604 374 3685 438 ί)ιὲ

521 488 759 559 placere,
794 502 812 536 ι
839 483 934 539 sed
960 481 1212 554 proximo
1223 481 1438 552 placere
1460 495 1558 552 per
1579 479 2053 536 condescensione]

2157 482 2181 538 ι
2208 474 2284 546 μὴ
2318 476 2528 541 ἑαυτοῖς
2557 479 2836 548 ἀρέσκειν,
2863 497 2880 529 ι
2915 477 3049 532 ἀλλά
3087 497 3104 530 ι
3136 479 3210 551 τῷ
3247 480 3454 553 πλησίον
3480 505 3495 538 ι
3521 487 3594 544 διὶ
3621 496 3689 565 τῆς

521 589 578 633 et
607 577 783 633 nostri
811 575 1226 632 demissionem.
1258 574 1461 628 Potens
1485 587 1548 628 es
1568 582 1625 628 et
1661 570 1882 626 ﬁdelis?
1907 569 2053 639 Capi:

2208 568 2688 637 συγκαταϐάσεως.
2720 573 2953 637 Δυνατὸς
2984 567 3037 626 εί
3063 575 3154 627 καὶ
3185 577 3394 642 πιστός;
3432 579 3604 637 λαϐέτω
3627 603 3691 641 σου

525 671 608 726 tui
653 669 1056 740 experientiam
1119 666 1374 722 inﬁrmus
1402 682 1502 737 per
1550 664 2057 722 condescensionen

2206 663 2401 730 πεῖραν
2434 663 2462 715 6
2495 661 2732 734 ἀσθενὴς
2758 663 2846 717 διά
2892 664 2991 736 τῆς
3035 669 3491 736 συγκαταϐάσεως.
3518 676 3591 728 Δεῖ
3617 680 3693 750 γὰρ

527 760 756 831 Oportet
776 759 922 814 enim
956 772 1409 828 unumquemque
1432 766 1684 812 nostrum
1708 754 1958 826 proximo
1983 753 2059 824 pla

2205 754 2433 810 ἕκαστον
2468 754 2625 826 ἡμῶν
2651 754 2728 826 τῷ
2757 755 2983 826 πλησίον
3013 757 3265 829 ἀρέσκειν
3285 779 3297 792 ο
3328 761 3433 815 ἀλλ’
3460 764 3615 838 iambi;
3637 771 3693 824 ἔνι

523 871 673 910 cere.
704 852 811 908 Sed
855 851 1121 921 quoniam
1157 852 1326 906 etiam
1371 850 1425 904 in
1458 850 1604 904 malo
1634 849 1852 920 placere
1881 845 2055 904 contir

2207 848 2467 919 ἀρέσκειν
2490 849 2584 902 καὶ
2607 848 2702 902 ἐπὶ
2729 848 2902 920 κακῷ,
2926 851 3280 922 προσέθηκεν,
3321 872 3338 902 ι
3366 854 3449 920 El;
3470 856 3520 910 16
3544 860 3695 926 ἀγαθὸν

525 947 623 1013 git,
651 943 899 998 addidit:
938 961 957 993 ι
996 941 1055 996 In
1095 942 1300 996 bonum
1326 941 1394 996 ad
1417 940 1859 996 aediﬁcationem.
1906 957 1925 991 ι
1968 937 2057 993 Nai

2208 939 2342 1009 πρὸς
2379 941 2694 1011 οίκοδομήν.
2732 961 2751 994 ι
2791 941 2963 998 Τοῦτο
3015 943 3124 1014 γάρ
3178 945 3360 1012 ποιῶν,
3401 947 3697 1024 οἰκοδομήσας

527 1039 630 1091 hoc
653 1036 862 1092 faciens
889 1037 1069 1106 ipsum
1097 1035 1395 1090 tediiicabis
1432 1049 1496 1089 ac
1523 1034 1788 1103 corriges.
1825 1051 1844 1083 ‹
1889 1031 2059 1086 Etenil

2207 1030 2372 1082 αὑτὸν
2425 1029 2520 1083 καί⁵
2572 1029 2908 1111 διορθῴσεις.
2969 1051 2986 1082 ι
3027 1032 3138 1086 Καὶ
3184 1033 3291 1106 γάρ
3332 1035 3358 1086 6
3408 1036 3605 1105 Χριστὸς
3631 1042 3697 1112 οὺχ

524 1127 779 1181 Christus
807 1142 916 1180 non
951 1125 1054 1180 sibi
1103 1125 1209 1195 ipsi
1248 1123 1477 1194 placuit.
1518 1143 1537 1175 ι
1594 1123 1650 1179 Si
1693 1121 1984 1183 voluisset,
2016 1119 2056 1173 ir

2205 1119 2386 1190 ἑαυτῷ
2416 1122 2632 1192 ἤρεσεν.
2669 1139 2686 1172 ι
2737 1121 2798 1176 lii
2853 1121 3105 1192 hilﬂ'qos,
3147 1122 3341 1193 φησὶν,
3384 1125 3409 1176 6
3441 1125 3632 1197 Χριστὸς
3658 1132 3697 1182 τὸ

527 1221 664 1290 quit,
693 1219 839 1290 quod
865 1234 1027 1274 suum
1063 1227 1182 1272 erat
1217 1223 1490 1286 spectare,
1535 1227 1882 1284 nequaquam
1912 1225 2059 1281 passr

2205 1211 2401 1267 ἑαυτοῦ
2451 1216 2697 1279 σκοπεῖν,
2729 1214 2829 1268 οὐκ
2879 1214 2946 1269 ἂν
3014 1213 3235 1270 ἔπαθεν.
3275 1215 3422 1286 Ἐξῆν
3461 1218 3552 1288 γὰρ
3594 1220 3698 1290 αὐτῷ

527 1315 762 1369 fuisset:
809 1312 1011 1367 licebat
1069 1310 1220 1366 enim
1264 1308 1368 1379 ipsi
1418 1309 1488 1364 ab
1539 1305 1757 1377 injuriis
1804 1305 2059 1359 immune]

2203 1304 2346 1376 μηδὲ
2389 1303 2731 1377 ὑϐρισθῆναι,
2774 1305 2889 1360 ἀλλ’
2923 1305 3022 1378 οὐχ
3056 1307 3234 1380 ἐαυτῷ
3263 1309 3465 1380 ἤρεσεν,
3511 1310 3608 1364 οὐδὲ
3636 1315 3698 1366 τοῦ

527 1421 650 1460 esse
677 1422 690 1458 :
721 1413 777 1458 at
803 1419 914 1457 non
943 1400 1049 1456 sibi
1087 1400 1188 1470 ipsi
1217 1398 1446 1470 placuit,
1472 1413 1650 1466 neque
1667 1396 1754 1453 sui
1780 1409 1968 1452 curam
2007 1391 2059 1447 li:

2211 1397 2343 1451 ἰδίου
2382 1399 2724 1468 ἐφρόντισεν,
2768 1398 2903 1452 ἀλλά
2939 1399 3030 1452 τοῦ
3081 1400 3346 1470 ἡμετέρου
3387 1401 3699 1470 συμφέροντος.

529 1496 670 1562 buit,
703 1495 798 1551 sed
841 1495 965 1565 ejus
997 1491 1144 1564 quod
1173 1490 1336 1546 nobis
1362 1489 1496 1544 utile
1519 1496 1660 1544 erat.
1695 1519 1764 1530 —-
1797 1485 1977 1540 A-liud.
2009 1483 2061 1538 Li

2201 1492 2524 1558 --'A.1.,lto¢.
2546 1489 3100 1564 [1ΩΑΝΝΟΥ.]Ἐξῆν
3129 1490 3276 1561 αὑτῷ
3305 1491 3375 1562 μὴ
3400 1492 3699 1563 ὀνειδισθῆναι,

529 1588 693 1644 cebat
757 1588 862 1658 ipsi
910 1601 1021 1640 non
1065 1583 1266 1654 exponi
1305 1581 1640 1652 opprobriis,
1671 1595 1781 1635 non
1819 1578 1933 1649 pati
1981 1593 2061 1648 qu:

2207 1583 2282 1654 μὴ
2314 1583 2505 1637 παθεῖν
2539 1582 2682 1653 άπερ
2721 1583 2949 1648 ἔπαθεν,
2983 1585 3097 1653 εῖγε
3126 1583 3186 1636 16
3226 1583 3413 1637 ἑαυτοῦ
3446 1586 3699 1654 ἐσιώπησεν,

529 1696 724 1751 passus
746 1689 850 1742 est.
876 1680 919 1734 si
949 1678 1097 1750 quod
1125 1692 1284 1732 suum
1315 1683 1434 1731 erat
1469 1682 1788 1745 spectasset.
1810 1671 1970 1743 397
1994 1671 2061 1726 Sc

2203 1675 2366 1728 Ἀλλά
2431 1676 2489 1728 τὸ
2520 1675 2674 1746 ἡμῶν
2733 1677 3042 1748 σκοπήσας,
3093 1677 3152 1728 16
3183 1674 3373 1730 ἑαυτοῦ
3405 1679 3615 1747 παρεῖδε.
3639 1665 3701 1731 sal

530 1775 660 1829 dum
693 1771 841 1842 quod
882 1779 1138 1825 nostrum
1170 1776 1291 1823 erat
1318 1765 1612 1838 spectavit,
1638 1763 1786 1836 quod
1812 1761 2062 1834 propriur

2167 1765 2462 1842 _669i50q,
2511 1768 2605 1819 καὶ
2655 1767 2898 1838 πονηράν
2943 1768 3095 1838 παρά
3138 1767 3348 1828 πολλοῖς
3396 1766 3534 1820 ἔλαϐε
3573 1767 3699 1832 δόξαν.

531 1872 651 1917 erat
677 1829 940 1933 neglexit,
974 1869 1030 1917 et
1051 1860 1254 1933 injuria
1288 1829 1522 1916 allectus
1549 1866 1656 1926 est,
1680 1865 1736 1912 et
1762 1855 1960 1911 malam
1983 1870 2063 1925 gr:

2171 1835 2178 1883 ⁵
2214 1877 2234 1910 ι
2265 1829 2643 1924 ’λλλάνκαθὼς
2675 1829 3006 1930 γέγραπται.
3025 1829 3069 1913 ἰ
3112 1861 3299 1924 Οὐδὲν,
3329 1859 3470 1930 φησὶ,
3499 1829 3703 1927 ξένον-γέ-

534 1954 664 2006 tiam
714 1952 858 2022 apud
914 1952 1117 2008 multos
1175 1950 1386 2007 retulit.
1447 1948 1603 2005 «Sed
1639 1947 2066 2020 quemadmodur

2209 1969 2388 2022 γονεν,
2423 1952 2540 2007 ἀλλ’
2562 1953 2614 2007 οἱ
2649 1954 2709 2006 ὲν
2740 1956 2808 2025 τῇ
2851 1952 3064 2026 Παλαιᾷ
3101 1953 3450 2016 ὀνειδίσαντες
3487 1952 3566 2009 καὶ
3595 1952 3701 2023 ὑδρί-

531 2045 798 2114 scriptum
839 2052 946 2099 est.
986 2062 1004 2094 ι
1058 2043 1228 2107 Nihil,
1279 2041 1482 2114 inquit,
1512 2055 1717 2096 novum
1741 2041 1943 2095 factum
1977 2047 2062 2094 est

2212 2045 2404 2108 σαντές
2436 2061 2522 2108 σε,
2553 2044 2655 2098 Bas
2689 2044 2873 2114 Πάτερ
2891 2087 2906 2112 ,
2936 2036 3085 2098 οὗτοι
3116 2044 3211 2098 καὶ
3240 2042 3377 2098 κατὰ
3401 2042 3485 2096 τοῦ
3513 2043 3616 2097 Tia-3
3643 2061 3702 2096 σου

529 2135 648 2200 sed,
682 2135 776 2205 qui
809 2135 863 2189 in
884 2136 1060 2190 veteri
1089 2136 1207 2206 lege
1242 2133 1340 2189 tibi
1376 2132 1786 2204 opprobrarunt
1809 2140 1867 2187 et
1892 2140 1947 2188 te
1972 2146 2061 2186 cor

2211 2136 2347 2207 ιμοῦ
2381 2132 2565 2208 ἦλθον.
2610 2155 2630 2190 t
2653 2137 2792 2191 Ὅσα
2828 2137 2938 2210 γὰρ
2969 2137 3314 2209 προεγράφη,
3356 2154 3374 2189 s
3408 2137 3492 2190 καὶ
3519 2135 3574 2190 τά
3601 2135 3703 2204 ἑξῆς,

532 2227 755 2282 tumelia
785 2227 1114 2292 affecerunt,
1137 2228 1332 2282 oDeus
1358 2226 1543 2290 Pater,
1572 2225 1812 2281 hietiam
1840 2223 2064 2280 adversu

2211 2231 2414 2298 ταῦτα,
2473 2231 2638 2302 φησὶ,
2687 2230 2825 2302 πρὸς
2887 2229 3167 2301 ἡμετέραν
3199 2227 3522 2283 διδασκαλίαν
3559 2227 3705 2298 γέτρο·

533 2337 618 2375 me
670 2321 872 2375 Filium
924 2329 1080 2376 tuum
1128 2329 1422 2377 venerunt.
1483 2339 1501 2374 ι
1537 2319 1895 2390 Quaecunque
1955 2317 2065 2374 enil

2214 2339 2376 2388 πται,
2432 2321 2519 2376 ῖνα
2583 2319 2909 2393 μιμώμεθα,
2959 2319 3054 2374 καὶ
3086 2317 3461 2389 ὑπομένωμεν.
3495 2336 3511 2368 ι
3540 2317 3629 2369 Ἵνα
3649 2316 3706 2368 διὰ

531 2414 733 2483 scripta
768 2423 918 2478 sunt,
959 2433 976 2465 ι
1028 2423 1134 2469 etc.
1195 2413 1323 2470 Haec
1361 2413 1429 2468 ad
1469 2422 1738 2478 nostram,
1774 2411 1976 2481 inquit,
2009 2410 2063 2466 dt

2213 2414 2313 2485 τῆς
2344 2413 2644 2485 ὑπομονῆς.
2684 2431 2701 2464 ι
2725 2414 2864 2477 Ἵνα,
2896 2412 3052 2483 φησὶ,
3065 2408 3617 2481 παρακαλούμενοιὺπδ
3635 2408 3707 2461 τῶν

529 2503 760 2558 ctrinam
795 2505 998 2574 scripta
1025 2514 1154 2558 sunt
1183 2514 1242 2559 ut
1269 2504 1522 2560 imitetur
1548 2512 1606 2559 et
1631 2503 1948 2558 toleremus.
1983 2519 2002 2553 ι
2039 2501 2061 2556 ι

2213 2508 2471 2578 Γραφῶν,
2512 2507 2608 2560 καὶ
2650 2505 2739 2559 διὰ
2783 2505 2881 2576 τῆς
2926 2505 3042 2560 ἐκεῖ
3079 2502 3465 2576 γεγραμμένης
3501 2501 3706 2572 ὑπομονῆς

529 2608 630 2662 per
661 2595 1003 2662 patientiam.
1039 2613 1058 2646 ι
1096 2595 1163 2650 Ut
1195 2595 1467 2649 admoniti
1493 2610 1524 2650 a
1550 2593 1877 2666 Scripturis,
1915 2603 1972 2649 et
2009 2609 2061 2664 ρ(

2215 2599 2567 2672 νευρούμενοι
2587 2639 2602 2663 ,
2643 2600 2894 2671 μένωμεν
2929 2599 3009 2662 εἰς
3041 2597 3142 2668 τὴν
3182 2596 3368 2652 ἐλπίδα
3398 2594 3481 2649 τοῦ
3513 2593 3636 2648 Θεοῦ.
3665 2593 3706 2645 'll

529 2683 794 2753 scriptam
825 2685 901 2739 ibi
934 2685 1259 2755 patientiam
1290 2687 1478 2742 nervis
1514 2686 1742 2752 additis,
1777 2687 1834 2741 in
1881 2700 1980 2757 spe
2009 2686 2061 2740 D1

2214 2695 2324 2764 γάρ
2349 2692 2620 2764 ὑπομονὴ,
2649 2691 2750 2760 τῆς
2775 2690 2990 2754 ἐλπίδος
3015 2689 3132 2746 ἐστὶ
3158 2688 3602 2758 κατασκευαστική
3618 2702 3628 2715 ·
3645 2686 3706 2740 καὶ

530 2788 978 2842 permaneamus.
1033 2777 1169 2831 Nam
1203 2777 1468 2847 patientia
1504 2793 1658 2847 spem
1690 2777 1949 2842 exstruit,
1986 2793 2062 2832 rul

1591 2793 1658 2833 :m
1690 2777 1949 2842 exstruit,
1986 2793 2106 2832 rur-
2215 2788 2248 2857 ἡ
2283 2786 2439 2851 ἐλπὶς
2470 2785 2656 2850 πάλιν,
2687 2784 2788 2856 τῆς
2823 2783 3123 2856 ὑπομονῆς.

531 2883 764 2938 sumque
802 2884 928 2938 spes
961 2869 1283 2938 patientiam
1309 2884 1406 2924 seu
1435 2869 1811 2925 tolerantiam.

601 2959 717 3023 XV,
749 2959 864 3015 5-8.
922 2958 1057 3013 Deus
1101 2968 1278 3014 autem
1324 2959 1594 3029 patientia:
1634 2967 1684 3011 et
1725 2958 2106 3012 exhortationis

2302 2971 2364 3025 Ὀ
2405 2969 2473 3025 δὲ
2514 2969 2660 3036 Θεὸς
2698 2967 2808 3036 τῆς
2845 2967 3159 3038 ὑπομονῆς
3206 2967 3303 3022 καί
3344 2965 3448 3036 τῆς
3478 2963 3707 3035 παρακλή-

528 3051 614 3103 dct
637 3052 777 3106 vobis
802 3052 942 3105 idem
969 3052 1163 3105 sentire
1204 3052 1342 3104 inter
1369 3067 1458 3105 vos
1490 3059 1672 3104 mutuo
1704 3048 1994 3103 secundum
2021 3048 2060 3103 ,1‹

2215 3078 2406 3127 σεως,
2446 3059 2566 3128 δῴη
2617 3059 2760 3130 ὑμῖν
2799 3059 2866 3112 τὸ
2916 3057 3063 3114 αὐτὸ
3105 3055 3353 3126 φρονεῖν
3391 3056 3456 3108 ἐν
3491 3053 3708 3120 ἀλλήλοις

526 3159 646 3200 sum
687 3142 953 3198 Christum
977 3160 996 3198 :
1039 3152 1097 3198 ut
1138 3145 1465 3198 unanimiter
1513 3158 1620 3195 uno
1672 3157 1762 3195 ore
1801 3139 2058 3212 glori/icet

2176 3191 2179 3238 λ
2215 3152 2366 3206 κατὰ
2411 3149 2673 3222 Χριστὸν
2705 3148 2972 3220 Ἰησοῦν,
3023 3149 3125 3203 ἵνα
3175 3145 3533 3218 ὁμοθυμαδὸν
3565 3145 3619 3198 ἐν
3649 3143 3708 3196 ἐτι

527 3234 699 3290 Deum
742 3243 793 3290 et
835 3236 1057 3290 Patrem
1082 3235 1298 3290 Domini
1333 3237 1502 3292 nostri
1529 3234 1656 3292 Iesu
1703 3232 1921 3289 Christi.
1960 3231 2059 3298 Qui

2175 3231 2179 3239 ’
2212 3243 2463 3312 στόματι
2497 3240 2781 3308 δοξάζητε
2813 3239 2923 3296 τὸν
2952 3241 3102 3295 Θεὸν
3133 3239 3240 3294 καί
3276 3237 3491 3308 Πατέρα
3519 3237 3604 3291 τοῦ
3630 3239 3707 3290 Κυ-

526 3339 745 3402 propter
764 3333 1016 3387 assumite
1038 3349 1124 3390 vos
1150 3334 1373 3388 inuicem
1397 3334 1532 3388 sicut
1558 3341 1609 3387 et
1645 3331 1882 3388 Christus
1903 3345 2058 3384 assum

2204 3336 2346 3404 ρίου
2379 3333 2549 3404 ἡμῶν
2582 3331 2776 3401 Ἰησοῦ
2812 3329 3091 3400 Χριστοῦ.
3123 3330 3226 3384 Διὸ
3258 3327 3709 3398 προσλαμϐάνεσθε

527 3426 628 3494 psit
651 3440 744 3479 nos
774 3426 845 3480 ad
867 3425 1096 3496 gloriam
1123 3425 1239 3480 Dei.
1269 3427 1395 3479 Dico
1421 3434 1600 3479 autem
1628 3423 1897 3481 Christum
1923 3422 2052 3476 Iesu

2210 3427 2548 3496 ἀλλήλους,
2599 3425 2796 3492 καθὼς
2844 3425 2944 3484 καί
2994 3427 3028 3478 ὀ
3076 3422 3336 3492 Χριστὸς
3385 3419 3710 3492 προσελάϐετο

527 3513 828 3568 ministrum
875 3513 1076 3582 factum
1123 3514 1288 3582 fuisse
1324 3514 1767 3577 circumcisionis,
1811 3510 1884 3566 ad
1916 3507 2059 3576 conﬁ.

2212 3519 2399 3590 ἡμᾶς,
2427 3522 2518 3587 είς
2547 3517 2738 3586 δόξαν
2760 3517 2932 3574 Θεοῦ.
2964 3515 3129 3587 Λέγω
3159 3515 3232 3570 δὲ
3264 3516 3507 3585 Χριστὸν
3533 3509 3710 3580 Ἰησοῦν

528 3601 755 3657 mandas
780 3603 1156 3673 promissione:
1183 3602 1426 3673 patribus
1461 3603 1654 3673 factas.

2211 3612 2501 3670 διάκονον
2536 3609 2897 3683 γεγενῆσθαι
2935 3607 3283 3678 περιτομῆς,
3321 3606 3464 3675 ὑπὲρ
3498 3605 3711 3672 ἀληθείας

2215 3707 2363 3762 Θεοῦ
2377 3709 2468 3774 είς
2478 3706 2545 3760 τὸ
2551 3704 2877 3771 ,ϐεϐαιῶσαι
2891 3701 2997 3769 τὰς
3005 3702 3365 3772 ἐπαγγελίας
3376 3697 3482 3752 τῶν
3492 3697 3709 3764 πατέρων.

596 3793 851 3850 Ostendit
875 3794 1022 3865 quod
1049 3809 1176 3850 cum
1209 3793 1512 3863 Scripturis
1531 3804 1588 3851 et
1611 3796 1828 3858 illarum
1856 3797 2110 3855 doctrina

2284 3800 2565 3852 Δείκνυσιν
2597 3799 2678 3852 ὅτι
2710 3796 2851 3868 μετά
2874 3795 2982 3851 τῶν
3009 3795 3247 3867 Γραφῶν
3279 3795 3370 3848 καὶ
3397 3796 3485 3865 τῆς
3513 3789 3563 3856 ἐξ
3589 3787 3711 3843 αὐτῶν

526 3902 592 3942 ac
636 3887 1024 3942 exhortatione
1078 3903 1221 3958 opus
1264 3888 1335 3943 sit
1365 3888 1532 3942 etiam
1575 3890 1857 3959 precibus,
1907 3899 1968 3947 ut
2011 3892 2058 3947 Di

2210 3890 2561 3954 διδασκαλίας
2585 3891 2680 3943 καὶ
2707 3888 3132 3960 παρακλήσεως,
3154 3889 3254 3943 καὶ
3283 3886 3446 3959 εὐχῶν
3469 3880 3710 3956 χρείαιπρὸς

525 3979 868 4034 attrahamus
913 3979 1203 4035 auxilium.
1257 3998 1276 4032 ι
1317 3979 1419 4035 Det
1450 3979 1604 4035 vobis
1635 3979 1780 4035 idem
1821 3981 2049 4036 sentire.

2211 3983 2271 4038 τὸ
2297 3980 2712 4037 ἐπισπάσασθαι
2739 3981 2840 4052 τὴν
2863 3979 2958 4035 τοῦ
2989 3981 3123 4036 Θεοῦ
3153 3981 3422 4053 βοήθειαν.
3457 3999 3474 4031 ι
3505 3979 3606 4050 Δῲη
3627 3976 3711 4044 ὑμῖν

525 4070 885 4128 Dilectionem
936 4079 1182 4128 mutuam
1225 4071 1363 4143 ipsis
1394 4081 1672 4143 precatur.
1698 4071 1807 4129 Sed
1837 4075 2057 4146 quoniai

2210 4075 2271 4129 16
2305 4073 2439 4127 αὐτὸ
2473 4076 2717 4145 φρονεῖν.
2758 4091 2776 4127 ι
2817 4072 3064 4143 Ἀγάπην
3097 4072 3286 4138 αὐτοῖς
3317 4070 3605 4142 ἐπεύχεται,
3632 4064 3709 4119 ἀλλ’

526 4164 798 4234 contingit
825 4164 1184 4219 dilectionem
1221 4164 1428 4220 habere
1459 4165 1627 4220 etiam
1665 4166 1721 4220 in
1759 4166 1926 4233 malo,
1968 4168 2058 4222 har

2209 4165 2398 4240 ἐπειδὴ
2443 4166 2523 4222 ενι
2573 4166 2668 4221 καὶ
2717 4166 2810 4220 ἐπὶ
2852 4165 3009 4236 κακῷ
3052 4165 3269 4237 ἀγάπη,
3313 4164 3521 4236 διαιρῶν
3555 4159 3711 4226 ἑκεένης

525 4256 596 4310 ab
650 4256 744 4311 illa
801 4256 1150 4328 distinguens
1170 4257 1476 4329 subiungit,
1515 4277 1532 4310 ι
1579 4257 1896 4314 Secundum
1920 4259 2048 4315 Jesu

2209 4261 2444 4332 ταύτην,
2485 4261 2682 4328 ἐπάγει
2705 4277 2720 4293 ο
2761 4278 2780 4310 ι
2811 4259 2967 4314 Κατά
2998 4259 3237 4330 Χριστὸν
3271 4257 3488 4330 Ἰησοῦν,
3517 4255 3590 4308 ἵνα
3620 4252 3710 4320 ὀμο-

523 4349 828 4406 Christum.
857 4350 927 4408 Ut
961 4351 1321 4412 unanimiter.
1358 4369 1378 4403 ι
1413 4350 1544 4418 Quae
1567 4363 1653 4406 est
1681 4359 1868 4408 autem
1899 4353 2055 4407 utilit:

2211 4353 2466 4425 θυμαδόν.¹
2501 4371 2520 4406 s
2551 4353 2615 4406 Ti
2644 4352 2700 4404 δὲ
2729 4351 2788 4404 τὸ
2815 4351 3007 4421 ὄφελος
3032 4351 3125 4404 τοῦ
3156 4351 3381 4422 ἀγάπην
3403 4350 3563 4421 ἔχειν,
3587 4339 3712 4398 iam

523 4443 792 4500 habendae
809 4451 1016 4500 mutuae
1038 4443 1380 4510 dilectionis,
1405 4453 1462 4498 et
1486 4443 1633 4500 idem
1662 4443 1938 4500 sentiendi
1963 4445 2055 4499 inti

2210 4445 2342 4500 αὑτὸ
2380 4446 2597 4518 φρονεῖν
2633 4443 2750 4514 μετ’
2777 4443 3065 4514 ἀλλήλωνς
3107 4444 3317 4508 Αἴτιον,
3357 4444 3512 4512 φησὶ,
3545 4438 3709 4508 γίνεται.

520 4551 581 4592 se
609 4535 839 4592 mutuo?
863 4534 944 4600 Id,
977 4535 1178 4606 inquit,
1204 4549 1368 4590 causa
1391 4534 1646 4601 eﬂicitur,
1677 4544 1738 4590 ut
1762 4536 2052 4592 unanimitt

2178 4547 2179 4560 ‘
2211 4541 2303 4593 τοῦ
2339 4539 2547 4602 πάντας
2579 4536 2929 4609 ὀμοθυμαδὶν
2947 4537 3049 4609 μιᾷ
3082 4536 3228 4609 ψυχῇ
3249 4537 3481 4603 δοξάζειν
3507 4533 3582 4586 16v
3604 4527 3710 4582 Θεὸν.

522 4645 744 4700 unoque
767 4615 954 4682 animo
980 4627 1293 4698 gloriﬁcent
1312 4628 1506 4683 Deum.
1535 4647 1553 4680 ι
1577 4627 1924 4700 Quapropter
1948 4645 2054 4686 aSSl

2213 4650 2232 4684 ι
2284 4632 2377 4685 Διὸ
2421 4630 2906 4704 προσλαμϐάνεσθε
2951 4630 3237 4702 ἀλλήλους.
3291 4649 3310 4682 ι
3353 4627 3552 4698 Ἐπειδὴ
3591 4619 3712 4676 ταῦτα

521 4723 652 4776 mite
685 4737 784 4776 vos
825 4721 1086 4778 invicem.
1116 4740 1134 4773 ι
1160 4720 1623 4791 Quandoquidem
1658 4721 1776 4778 haec
1802 4723 1881 4778 ita
1909 4738 1970 4779 se
1998 4722 2053 4778 hi

2203 4725 2376 4788 οὑτως
2393 4725 2531 4796 ἔχει,
2554 4725 2709 4796 φησί,
2733 4743 2751 4776 ι
2775 4724 3267 4796 Προσλαμόάνεσθε
3287 4723 3550 4796 ἀλλήλους,
3573 4730 3711 4771 »τουτ-

521 4813 672 4878 bent,
699 4814 898 4884 inquit,
929 4831 947 4865 ι
979 4813 1258 4870 Assumite
1284 4828 1382 4869 vos
1407 4814 1694 4883 invicem,»
1723 4815 1830 4871 hoc
1845 4823 1958 4882 est,
1986 4815 2053 4870 De

2203 4821 2345 4886 ἐστι,
2377 4817 2833 4880 Καταλλάσσεσθε
2859 4818 3092 4880 ἑαυτοῖς.
3132 4817 3246 4870 Καὶ
3276 4815 3434 4868 πάλιν
3471 4815 3522 4866 ἑν
3558 4803 3713 4863 ὑποδεί·

515 4907 887 4963 conoiliamini
928 4907 1165 4964 invicem
1199 4907 1347 4964 inter
1401 4923 1514 4964 vos.
1545 4909 1895 4981 Rursumque
1929 4908 2042 4965 Chr

2203 4927 2378 4980 γματι
2414 4910 2505 4962 τὸν
2545 4907 2780 4982 Χριστὸν
2823 4907 2998 4980 φέρει.
3044 4905 3219 4960 Τοῦτο
3258 4907 3314 4961 δὲ
3357 4903 3620 4965 ποιοῦντες,
3649 4895 3710 4949 16v

518 5011 664 5057 stqu
679 5001 840 5056 athrt
856 5003 909 5056 in
927 5003 1265 5072 exemplum.
1290 5003 1405 5060 Hoc
1427 5011 1611 5059 autem
1631 5003 1898 5060 facientes
1917 5004 2050 5058 Deut

2199 5003 2334 5059 Θεὸν
2367 5002 2621 5068 δοξάσετε
2664 5000 2752 5054 διὰ
2783 5001 2881 5071 τῆς
2915 4999 3156 5071 ἀγάπης.
3193 5019 3211 5052 ι
3254 5001 3348 5062 Ei;
3379 4998 3521 5063 δόξαν
3546 4991 3666 5049 θεοῦ.
3695 5006 3707 5039 t

517 5107 617 5161 per
642 5100 888 5145 mutuam
910 5091 1262 5150 dilectionem
1280 5095 1683 5166 gloriﬁcabitis.
1709 5116 1727 5148 ι
1753 5096 1835 5152 Ad
1864 5097 2049 5167 gloria:

2197 5097 2270 5149 T6
2294 5093 2602 5168 ὑπερϐατόν
2627 5112 2639 5124 ·
2670 5113 2686 5145 ι
2718 5089 3210 5164 Προσλαμὸάνεσθε
3234 5093 3487 5161 ἀλλήλους
3507 5089 3574 5151 είς
3601 5081 3711 5148 δόξαν

517 5183 638 5237 Dei.
669 5200 688 5233 ι
715 5182 1067 5253 Hyperhaton
1098 5193 1182 5239 est
1215 5203 1230 5240 :
1267 5205 1286 5238 ι
1315 5187 1596 5242 Assumite
1634 5202 1734 5244 vos
1759 5187 1995 5244 invicem
2024 5203 2049 5242 a

2195 5187 2353 5244 Θεοῦ.
2373 5207 2394 5240 s
2421 5218 2491 5228 —
2514 5205 2533 5244 ς
2557 5187 2718 5255 Λέγω
2746 5187 2802 5239 δὲ
2835 5187 3070 5258 Χριστὸν
3104 5185 3337 5258 Ἰησοῦν,
3366 5203 3383 5235 ι
3409 5182 3496 5236 καὶ
3521 5181 3579 5232 τά
3604 5174 3708 5240 ἐξῆςι

513 5276 742 5346 gloriam
763 5276 881 5332 Dei.
911 5295 1033 5328 s—-«
1054 5278 1187 5332 Dico
1206 5288 1388 5334 autem
1409 5278 1690 5335 Christum
1711 5281 1921 5346 Jesum,
1945 5301 1964 5334 ι
1983 5291 2045 5336 ειη

2204 5281 2330 5344 Τοῖς
2361 5278 2749 5342 Ἰουδαῖζουσιν
2789 5277 3034 5344 ἐγκαλεῖ,
3077 5280 3171 5333 καί
3211 5295 3376 5350 φησιν
3400 5293 3412 5307 ·
3448 5276 3503 5328 Ὀ
3538 5265 3711 5342 Χριστὸς

513 5368 625 5421 Eos
653 5367 748 5436 qui
771 5368 828 5420 in
856 5367 1144 5424 Judaismo
1183 5369 1368 5426 adhuc
1399 5369 1685 5426 haerebant
1707 5373 2042 5442 reprehendi

2199 5372 2370 5425 ἐλθὼν
2406 5369 2712 5441 συνέπραξε
2744 5367 2822 5440 τῷ
2871 5369 3080 5440 lla-cpi,
3115 5371 3196 5434 είς
3226 5373 3288 5425 16
3322 5372 3414 5430 τὰς
3457 5365 3568 5434 παρ’
3593 5353 3709 5413 αὑτοῦ

507 5469 569 5513 et
591 5461 705 5513 ait:
753 5458 1010 5514 Chrisws
1045 5460 1277 5516 veniens
1324 5460 1469 5516 Patri
1509 5474 1836 5534 cooperatus
1875 5474 1980 5529 cst,
2027 5482 2039 5518 ι

2199 5463 2448 5527 δοθείσας
2481 5465 2592 5528 τοῖς
2629 5463 2774 5536 ἀμφὶ
2803 5463 2896 5516 16v
2919 5461 3178 5534 Ἀϐραάμ
3210 5458 3528 5531 ἐπαγγελίας
3557 5453 3621 5514 είς
3645 5444 3711 5498 πί-

513 5551 912 5622 promissiones
942 5552 1178 5608 Abrahae
1223 5553 1365 5610 datae
1393 5553 1462 5608 ad
1505 5556 1803 5610 terminum
1848 5557 2045 5612 deduci

1252 5553 1365 5610 latae
1393 5553 1462 5608 ad
1505 5556 1803 5610 terminum
1848 5557 2090 5612 deduce-
2209 5572 2312 5626 ρας
2347 5554 2546 5610 ἐλθεῖν.
2776 5568 2784 5574 ·

513 5655 729 5701 rentur.

581 5736 921 5806 Cooperstus
947 5745 1032 5792 est
1070 5749 1254 5796 autem
1281 5753 1500 5796 omnem
1532 5739 1860 5809 complenda
1889 5741 2087 5812 legem,

2273 5740 2586 5814 Συνέπραξε
2637 5741 2693 5795 δὲ
2737 5741 2828 5797 16v
2870 5744 3034 5814 νόμον
3075 5743 3285 5798 ἅπαντα
3321 5737 3587 5810 πληρώσας
3599 5771 3610 5795 ν
3643 5721 3707 5777 κπὶ

512 5828 680 5883 etiam
729 5828 1116 5885 circumcisus.
1171 5830 1338 5902 398
1385 5831 1521 5888 Nam
1584 5832 1690 5888 hoc
1725 5841 1886 5887 vocat
1925 5831 2036 5888 min

2203 5834 2585 5906 περιτμηθείς.
2638 5833 2808 5889 Τοῦτο
2860 5837 2969 5908 γάρ
3023 5835 3169 5904 λέγει
3215 5835 3276 5887 16
3327 5834 3550 5886 διάκονον
3592 5831 3711 5893 τεῖ⁵⁸
