3880 6546
225 379 317 444 613

1241 378 1635 442 COMMENT.
1668 378 1747 439 IN
1786 379 2024 444 EPIST.
2066 382 2166 442 AD
2200 381 2382 443 ROM.

3347 387 3454 451 614

221 495 398 568 νῆσθαι
450 495 814 566 πρεριτομῆἶ,
869 495 956 549 ῐνα
991 495 1084 549 καὶ
1120 493 1297 568 ταύστι·Ι
1353 494 1627 566 βεϐαιώσῃ
1681 495 1757 549 κα¹

1880 506 2054 552 strum
2089 497 2292 552 factum
2317 498 2485 554 fuisse
2511 497 2982 555 circumcisionis:
3017 509 3076 556 ut
3098 502 3200 558 hac
3233 519 3456 575 quoque

218 587 464 662 πληρώσῃ
491 588 584 641 τὸν
609 588 792 658 νόμον.
830 605 849 638 ι
891 587 1049 656 Λέγω
1078 589 1189 658 γὰρ
1220 585 1454 658 Χριστὸν
1474 586 1706 658 Ἰησοῦν,
1747 607 1766 639 ι

213 681 296 734 καὶ
339 679 480 747 ἑξῆς.
514 708 578 720 ——
600 678 802 753 [ΦΩΤ.]
827 674 953 734 Οἷον
975 696 990 711 ”
1024 680 1149 742 Πῶς
1177 679 1546 752 προσελάϐετο
1573 679 1716 750 ὑμᾶς
1744 681 1772 732 ὁ

212 768 458 841 Χριστόςς
488 769 648 824 Οὕτω
673 770 837 838 λέγω,
886 770 1051 840 φησι⁹
1091 789 1111 822 ι
1137 771 1276 834 Τοὺς
1317 770 1416 840 μέν
1458 769 1769 833 Ἰουδαίους,

211 863 556 935 περιτμηθεὶς
611 865 707 919 καὶ
737 865 1088 936 χρηματίσας
1141 865 1283 919 κατὰ
1339 865 1517 936 σάρκα
1567 864 1632 918 ἐκ
1677 861 1770 916 τοῦ

212 957 508 1027 σπέρματος
552 957 755 1020 αὐτῶν,
799 957 854 1024 ἐξ
897 950 958 1009 οὗ
1011 956 1309 1028 ἀληθεῦσαι
1356 973 1412 1009 τε
1462 956 1771 1025 συνήργησε

205 1050 291 1102 τὸν
324 1049 567 1120 Πατέρα,
602 1049 696 1104 καὶ
731 1049 831 1113 τὰς
869 1048 1206 1119 ἐπαγγελίας
1247 1049 1624 1120 ἐκπληρῶσαι.

267 1255 382 1306 Ἵνα
394 1251 501 1322 γὰρ
518 1252 590 1323 μή
602 1267 687 1315 τις
699 1252 848 1323 εἴπῃ,
875 1252 986 1306 Καὶ
999 1253 1079 1313 τίς
1093 1251 1350 1324 χρείατοῦ
1365 1251 1774 1324 προσληφθῆναι

199 1347 319 1408 τοὺς
342 1342 657 1407 Ἰουδαίους,
698 1343 866 1398 πάλαι
911 1344 988 1414 τῷ
1033 1345 1209 1416 Πατρὶ
1247 1345 1773 1416 προσῳκειωμένους

197 1433 371 1498 ὄντας,
400 1431 496 1484 καὶ
528 1431 861 1500 ἐπαγγελίας
894 1433 1313 1504 ἐκδεχομένους,
1347 1434 1412 1497 ἅς
1443 1435 1540 1505 οὐχ
1569 1429 1681 1488 οἷόν
1709 1451 1770 1488 τε

197 1521 262 1596 ἦν
311 1525 387 1596 μὴ
435 1523 685 1594 ἐκϐῆναι,
741 1527 864 1579 ἐπεὶ
918 1524 1238 1598 παναληθής
1290 1526 1320 1579 ὀ
1367 1525 1765 1597 ὑποσχόμενος;

197 1614 360 1670 ταῦτα
407 1631 599 1687 φησιν,
635 1617 715 1670 ὅτι
766 1617 888 1670 Κᾶν
926 1617 1347 1689 προελήφθησαν
1409 1619 1460 1672 οἱ
1493 1618 1764 1686 Ἰουδαῖοι,

195 1707 292 1760 κᾶν
315 1707 651 1776 ἐπαγγελίας
679 1707 957 1774 ἐδέξαντο,
985 1711 1035 1765 εί
1067 1709 1142 1780 μὴ
1174 1710 1542 1782 προσελάϐετο
1567 1712 1757 1778 αὐτοὺς

1870 1711 2068 1782 inquit,
2119 1713 2246 1768 ideo
2283 1713 2388 1768 fuit
2415 1728 2663 1779 necesse,
2711 1715 2862 1785 quia,
2897 1717 3002 1772 etsi
3044 1719 3200 1788 prius
3237 1734 3454 1775 assum-
3568 1732 3571 1736 ‘

194 1801 221 1852 ὁ
246 1798 372 1862 Υἱὸς
409 1801 714 1868 σαρκωθεὶς
747 1803 839 1855 καὶ
877 1803 1261 1874 περιτμηθεὶς,
1294 1801 1419 1856 οὔτε
1450 1803 1559 1857 τῶν
1591 1803 1765 1873 ἐπαγ-

194 1890 384 1960 γελιῶν
418 1891 729 1964 ἠξιώθησαν
763 1893 854 1960 ἂν,
899 1895 1128 1960 ἑαυτοὺς
1167 1895 1277 1950 τῶν
1319 1896 1551 1953 ἐντολῶν
1588 1913 1767 1967 παρα-

195 1980 364 2046 ὁὰτας
393 1984 872 2057 ἀπεργασάμενοι,
902 1985 1015 2040 οὔτ’
1037 1987 1103 2042 ἂν
1132 1989 1192 2042 τὸ
1223 1989 1351 2060 περὶ
1377 1989 1476 2061 τὴν
1506 1989 1766 2061 ἀλήθειαν

191 2073 453 2146 ἄτρεπτον
481 2077 579 2129 καὶ
617 2077 1032 2149 ἀμεταμέλητον
1064 2079 1158 2134 τοῦ
1200 2080 1411 2152 Πατρδς
1443 2081 1524 2145 είς
1557 2081 1767 2151 συμφέ-

189 2183 274 2235 ρον
302 2167 488 2231 αὐτοῖς
522 2170 881 2240 ἐχρημάτιζε,
910 2171 1000 2227 διὰ
1027 2175 1124 2239 τῆς
1153 2173 1520 2244 παραϐάσεως
1551 2191 1767 2246 παρεμ-

187 2255 461 2321 ποδίζουσι
498 2258 704 2330 ταύτην
733 2261 1026 2332 ἁποὸἦναι.
1062 2263 1153 2316 Διὸ
1189 2264 1637 2336 προσλαϐόμενος
1671 2265 1768 2318 αὑ·

185 2350 306 2413 τοὺς
348 2350 445 2404 καὶ
485 2351 869 2424 περιτμηθεὶς,
908 2355 1007 2408 καὶ
1041 2356 1110 2426 τῇ
1153 2354 1250 2408 τοῦ
1284 2356 1499 2427 Πατρὸς
1539 2356 1768 2428 ἀληθείᾳ

186 2443 512 2515 συνέπραξε,
548 2445 642 2499 καὶ
677 2445 776 2509 τὰς
813 2447 1150 2516 ἐπαγγελίας
1187 2449 1508 2522 τελεσθῆναι
1544 2451 1639 2504 καὶ
1673 2449 1766 2522 βε-

184 2534 482 2606 σαιωθῆναι
534 2539 896 2609 συνήργησεν.
937 2540 1102 2596 Ἀλλὰ
1143 2541 1270 2606 τοὺς
1320 2543 1420 2613 μέν
1456 2541 1762 2609 Ἰουδαίους,

181 2627 322 2682 οὕτω
344 2647 401 2682 τε
432 2631 528 2684 καὶ
549 2631 638 2685 διὰ
662 2631 838 2686 ταῦτα
860 2647 875 2662 ⁸
897 2633 969 2688 τὰ
992 2631 1051 2688 δέ
1076 2631 1228 2706 ἔθνη,
1253 2636 1411 2706 φησὶ,
1435 2635 1585 2690 διὰτί
1600 2652 1768 2706 προσ-

180 2721 435 2787 ελάϐετο;
486 2723 567 2776 Δι’
596 2723 802 2793 ἄφατον
830 2723 1000 2790 ἐλεος,
1028 2727 1124 2780 καὶ
1149 2725 1245 2779 τοῦ
1274 2726 1600 2798 δοξασθῆναι
1631 2729 1768 2799 μᾶλ-

179 2810 266 2863 λον
307 2812 402 2866 τὸν
443 2812 682 2884 Πατέρα.
722 2815 786 2867 Et
822 2815 930 2887 γὰρ
962 2817 1022 2869 τὸ
1056 2815 1156 2881 τὰς
1192 2819 1526 2887 ἐπαγγελίας
1559 2821 1766 2891 ἐκπλη-

183 2903 382 2973 ρῶσαι,
413 2905 510 2958 καὶ
537 2905 612 2977 μὴ
635 2906 784 2972 δόξαι
806 2907 919 2960 τισὶ
948 2907 1256 2976 ψεύσασθαι
1285 2909 1379 2964 τὸν
1409 2911 1651 2983 Πατέρα,
1684 2914 1766 2978 είς

1879 588 2255 652 contlrmaret,
2279 603 2343 642 ac
2361 589 2535 660 legem
2560 588 2726 644 etiam
2745 589 3064 658 compleret.
3103 609 3120 642 ι
3149 589 3281 644 Dico
3301 592 3451 646 enim

1877 679 2162 735 Christum
2190 681 2433 736 Iesum.»
2469 711 2538 720 --
2565 681 2849 750 Tanquam
2873 681 3088 736 diceret
3119 699 3132 736 :
3167 681 3456 749 Quomodo

1880 787 1978 826 vos
2009 771 2310 842 assumpsit
2337 770 2629 826 Christus?
2668 771 2747 826 lta
2773 771 2920 836 dico,
2965 771 3182 841 inquit:
3235 771 3456 829 Judaios

1881 864 2128 934 quidem,
2160 864 2544 928 circumcisus,
2581 875 2638 920 et
2680 865 2834 936 juxta
2861 865 3085 920 oracula
3111 866 3456 922 descendens

1879 956 2184 1011 secundum
2247 972 2469 1011 carnem
2524 973 2591 1012 ex
2635 957 2846 1013 semine
2906 957 3176 1028 ipsorum,
3224 973 3292 1012 ex
3343 974 3455 1029 quo

1877 1047 2045 1101 etiam
2082 1048 2233 1102 Patri
2263 1057 2592 1118 cooperatus
2630 1058 2718 1103 est
2755 1059 2814 1103 ut
2859 1064 3018 1104 veras
3046 1050 3366 1107 ostenderet
3398 1063 3456 1108 et

1882 1137 2186 1207 compleret
2227 1137 2646 1206 promissiones.

1954 1252 2238 1324 Siquidem
2261 1269 2330 1308 ne
2352 1253 2478 1324 quis
2498 1253 2704 1308 diceret
2729 1273 2741 1308 :
2771 1255 2837 1309 Et
2858 1270 2979 1325 qua:
3001 1265 3122 1312 erat
3157 1259 3456 1316 necessitas

1879 1353 1940 1398 ut
1970 1355 2388 1401 assumerentur
2425 1345 2619 1411 Judaei,
2649 1347 2745 1416 qui
2780 1347 2892 1418 jam
2916 1349 3048 1402 olim
3069 1351 3136 1406 ad
3157 1351 3336 1408 Patris
3369 1354 3450 1409 fa-

1877 1435 2249 1492 miliaritatem
2317 1439 2584 1510 assumpti
2650 1447 2852 1504 erant,
2922 1455 2986 1496 ac
3059 1445 3454 1512 promissiones

1874 1538 2257 1600 susceperant,
2306 1545 2444 1599 quas
2498 1531 2840 1600 impossibile
2884 1542 3002 1588 erat
3042 1549 3153 1588 non
3205 1537 3452 1604 evenire,

1873 1635 1999 1675 cum
2053 1619 2243 1677 fallere
2285 1637 2394 1677 non
2451 1629 2636 1693 posset
2690 1622 2738 1678 is
2769 1622 2862 1694 qui
2893 1626 3270 1694 promiserat?
3318 1627 3453 1696 Hoc,

1867 1804 1946 1874 pti
1989 1815 2148 1861 erant
2196 1804 2410 1870 Judaei,
2461 1821 2777 1877 quanquam
2822 1810 3216 1878 promissiones
3265 1827 3452 1868 susce-

1866 1904 2083 1967 perant,
2129 1896 2237 1952 nisi
2278 1897 2667 1968 assumpsisset
2733 1913 2830 1955 eos
2882 1899 3083 1966 Filius,
3135 1902 3453 1962 incarnatus

1867 2003 1932 2044 ac
1974 1988 2356 2056 circumcisus,
2391 2006 2739 2062 nequaquam
2788 1993 3251 2062 promissionibus
3297 1996 3449 2068 digni

1868 2080 2044 2136 habiti
2097 2081 2355 2147 fuissent,
2406 2099 2531 2138 cum
2579 2085 2794 2154 seipsos
2825 2095 3230 2156 przeceptorum
3268 2097 3452 2144 trans-

1867 2189 2150 2245 gressores
2203 2173 2488 2240 fecissent.
2534 2191 2714 2247 neque
2744 2179 2922 2234 Patris
2959 2180 3246 2235 oraculum
3299 2182 3448 2236 circa

1867 2266 2182 2332 veritatem,
2215 2268 2558 2324 immutabile
2590 2283 2656 2324 ac
2683 2271 2951 2340 pcenitere
2991 2271 3262 2338 nescium,
3293 2273 3445 2327 utili-

1869 2358 1968 2414 tati
1999 2358 2080 2413 eis
2109 2358 2327 2424 fuisset,
2362 2359 2568 2431 quippe
2597 2361 2693 2430 qui
2737 2375 2836 2416 sua
2875 2361 3448 2433 transgressione.im-

1867 2447 2246 2518 pedimentum
2273 2448 2683 2518 praestitissent,
2717 2464 2788 2504 ne
2821 2460 2885 2504 e‘a
2909 2451 3115 2505 veritas
3162 2452 3448 2522 continge-

1866 2548 1972 2594 ret.
2002 2539 2303 2610 Propterea
2337 2553 2465 2595 cum
2497 2539 2646 2610 ipsos
2685 2540 3073 2612 assumpsisset
3111 2555 3175 2595 ac
3205 2541 3447 2596 circum-

1867 2627 2022 2683 cisus
2051 2637 2230 2683 esset:
2285 2637 2342 2684 et
2393 2628 2574 2683 Patris
2605 2628 2825 2684 veritati
2883 2637 3211 2698 cooperatus
3254 2637 3358 2695 est,
3389 2638 3447 2684 et

1865 2725 1930 2774 ut
1976 2719 2379 2790 promissiones
2423 2721 2828 2790 perficerentur
2868 2736 2934 2776 ac
2981 2719 3446 2776 conﬁrmarentur

1865 2810 2031 2866 simul
2049 2811 2254 2866 eﬂ‘ccit.
2291 2810 2396 2866 Sed
2429 2811 2579 2881 ipsos
2611 2812 2833 2882 quidem
2870 2813 3091 2869 Iudaeos
3124 2813 3231 2868 hoc
3281 2812 3444 2868 modo

1865 2912 1923 2960 et
1942 2913 2173 2974 propter
2202 2907 2307 2959 ista
2333 2905 2666 2974 assumpsit:
2701 2921 2890 2960 verum
2930 2921 3103 2976 quare
3138 2915 3330 2977 gentes
3352 2921 3442 2961 as-

179 2992 341 3059 δόξαν
361 2993 529 3047 αὑτοῦ
555 2995 818 3048 συντελεῖο
843 2995 904 3049 τὸ
930 2995 1052 3067 μηδ’
1072 2997 1425 3070 ὑποσχέσθαι,
1451 3001 1576 3071 μηδ’
1593 3002 1757 3071 ἐπαγ-

1866 2997 2135 3067 sumpsit?
2157 2995 2390 3067 Propter
2413 2996 2750 3052 inell‘abilem
2774 2997 3242 3060 misericordiam,
3269 3005 3442 3067 utque

176 3084 490 3154 γείλασθαι,
515 3087 629 3142 ἀλλ’
657 3088 832 3154 οὕτως
852 3089 1048 3163 ἀθρόον
1067 3091 1484 3163 χαρίσασθαιτὰ
1506 3096 1757 3168 ὑπερφυῆ

1867 3088 2043 3159 magis
2085 3087 2490 3160 glorificaretur
2544 3089 2726 3142 Pater.
2780 3087 2914 3142 Nam
2952 3087 2999 3143 si
3049 3087 3443 3158 promissiones

174 3179 263 3232 καὶ
284 3179 610 3246 ἀνέλπιστα,
637 3180 754 3244 πῶς
785 3181 906 3252 οὐχὶ
926 3183 1006 3246 είς
1031 3181 1235 3251 ἄφατον
1253 3182 1412 3247 δόξαν
1434 3183 1529 3238 τοῦ
1553 3187 1765 3258 Πατρὸς

174 3272 518 3339 συντελέσεις
543 3301 613 3313 —-
639 3275 871 3340 Ἄλλως
901 3273 1066 3347 [ΤΟΥ
1102 3275 1384 3350 ΑΥΤΟΥ.]
1425 3277 1482 3331 '0
1527 3279 1763 3351 Χριστὸς

171 3366 340 3436 μόνος
361 3367 647 3438 ἐπλήρωσε
678 3366 771 3420 τὸν
803 3367 990 3438 νόμον,
1025 3369 1209 3433 πάσας
1242 3369 1342 3432 τὰς
1375 3369 1595 3434 ἐντολὰς
1627 3388 1760 3426 κατ-

169 3456 444 3530 ορθῶσας.
488 3458 650 3512 Ἀλλὰ
678 3460 773 3515 καὶ
813 3458 1067 3524 Ἰουδαῖος
1094 3454 1162 3531 ἦν
1190 3459 1329 3514 κατὰ
1362 3461 1563 3533 σάρκα.
1589 3463 1760 3518 Τοῦτο

168 3549 275 3622 γὰρ
323 3551 422 3605 καὶ
460 3550 548 3604 διὰ
585 3550 687 3621 τῆς
730 3555 1031 3624 περιτομῆς
1070 3551 1346 3624 δηλοῦται.
1374 3553 1535 3609 Ἀλλὰ
1575 3557 1670 3610 καὶ
1710 3560 1758 3612 οι

167 3643 326 3715 αὐτῷ
355 3644 776 3716 υἱοθετηθέντες,
806 3645 882 3709 ὡς
906 3645 973 3699 τὰ
999 3646 1176 3718 ἄστρα
1200 3644 1296 3699 τοῦ
1323 3647 1556 3719 οὐρανοῦ
1585 3649 1756 3721 ἐπλη-

170 3732 471 3807 θύνθησαν,
501 3738 594 3791 καὶ
624 3737 700 3801 ὡς
726 3737 760 3808 ὴ
787 3737 970 3808 ἄμμος
1000 3739 1034 3809 ἡ
1062 3737 1214 3810 παρὰ
1238 3740 1300 3792 τὸ
1326 3741 1507 3813 χεῖλος
1533 3742 1635 3813 τῆς
1661 3742 1758 3799 0a-

167 3829 407 3900 λάσσης.
426 3829 588 3882 Ὥστε
614 3829 778 3894 αὐτὸς
804 3833 896 3884 καὶ
923 3829 1002 3901 τῷ
1029 3830 1202 3902 Πατρὶ
1228 3833 1572 3905 συνήργησεν
1594 3838 1674 3902 είς
1696 3837 1758 3892 τὸ

165 3921 510 3992 ἀληθεῦσαι,
543 3924 638 3976 καὶ
670 3924 750 3988 εἰς
783 3923 842 3976 τὸ
873 3922 973 3987 τὰς
1009 3924 1145 3996 πρὸς
1176 3924 1266 3979 τὸν
1288 3925 1546 3999 Ἀϐραὰμ
1579 3929 1755 4001 ἐπαγ-

165 4015 359 4084 γελίας
395 4015 859 4088 ἁποπληρωθῆναι
883 4058 897 4083 ,
935 4017 1288 4087 κατορθώσας
1324 4019 1424 4089 μὲν
1454 4021 1638 4076 πᾶσαν
1666 4023 1756 4077 ἐν·

164 4108 364 4178 τολὴν,
399 4109 475 4173 εἰς
501 4107 751 4180 Ἀϐραὰμ
783 4109 838 4162 δὲ
878 4110 1102 4181 σπέρμα
1135 4109 1447 4180 λογισθεὶς,
1483 4114 1666 4170 πᾶσαν
1692 4113 1754 4170 δέ

163 4203 256 4272 τὴν
296 4202 624 4273 οἰκουμένην
655 4201 951 4274 πληρώσας
981 4203 1070 4258 διὰ
1098 4202 1208 4256 τῶν
1239 4204 1468 4260 πιστῶν.
1509 4225 1529 4258 ι
1562 4205 1754 4263 Attina-

163 4311 249 4346 νον
280 4293 616 4365 γεγενῆσθαι
647 4293 972 4366 περιτομῆς.
1012 4312 1031 4345 ι
1064 4295 1184 4348 Ἔνι
1215 4296 1309 4349 καὶ
1333 4293 1508 4360 οὕτως
1538 4297 1746 4369 νοῆσαυ

1865 3177 2155 3248 compleri,
2191 3186 2248 3234 et
2275 3193 2387 3233 non
2414 3178 2588 3233 videri
2635 3177 2967 3247 quibusdam
3003 3178 3223 3233 Patrem
3265 3178 3440 3233 fuisse

1862 3269 2210 3336 mendacem,
2257 3270 2474 3326 confert
2524 3270 2592 3325 ad
2634 3269 2809 3340 ipsius
2846 3271 3118 3340 gloriam;
3161 3270 3441 3341 quomodo

1862 3361 1931 3418 ad
1963 3362 2287 3417 immensam
2352 3363 2530 3418 Patris
2563 3363 2793 3434 gloriam
2849 3379 2961 3418 non
2993 3362 3228 3428 confert,
3281 3362 3438 3432 prius

1860 3470 1973 3510 non
2023 3455 2386 3525 spopondisse
2423 3471 2525 3511 nec
2551 3456 2895 3526 promisisse,
2934 3464 2992 3511 et
3014 3466 3196 3512 tamen
3231 3455 3303 3510 ita
3346 3470 3438 3510 re-

1857 3558 2025 3620 pente
2071 3547 2309 3605 donatos
2364 3548 2536 3606 fuisse
2579 3549 3008 3604 incredibilibus
3046 3564 3110 3604 ac
3142 3548 3436 3619 insperatis

1857 3642 2050 3699 bonis?
2076 3671 2148 3683 -—
2196 3642 2319 3697 Alia
2344 3643 2520 3697 modo.
2547 3643 2804 3698 Christus
2855 3642 3008 3697 solus
3055 3643 3233 3712 legem
3277 3656 3434 3696 com-

1855 3738 2048 3809 plevit,
2095 3737 2281 3792 omnia
2308 3751 2617 3808 exsequens
2659 3743 2957 3806 praecepta.
2993 3734 3100 3791 Sed
3127 3746 3182 3790 et
3209 3734 3436 3791 Iudaeus

1853 3828 2162 3886 secundum
2192 3844 2416 3885 carnem
2453 3839 2604 3897 crat;
2640 3844 2767 3884 nam
2801 3839 2860 3884 et
2891 3828 2998 3884 hoc
3020 3843 3120 3898 per
3142 3827 3435 3882 circumci-

1851 3919 2071 3978 sionem
2120 3921 2494 3992 signiﬁcatur:
2553 3929 2610 3976 et
2659 3922 2755 3992 qui
2782 3920 2853 3976 ab
2879 3935 2948 3976 eo
2991 3918 3235 3989 adoptati
3279 3925 3430 3983 sunt,

1853 4011 2002 4071 sicut
2039 4021 2186 4068 astra
2228 4013 2354 4068 caeli
2405 4013 2756 4083 multiplicati
2798 4020 2949 4075 sunt,
2987 4020 3045 4066 et
3093 4013 3238 4066 sicut
3265 4025 3434 4066 arena

1853 4121 1981 4177 qua:
2030 4111 2116 4160 est
2145 4104 2212 4159 ad
2247 4105 2404 4160 littus
2438 4105 2628 4161 maris.
2673 4105 2794 4174 Ipse
2838 4106 3024 4174 itaque
3050 4110 3108 4158 et
3153 4103 3301 4158 Patri
3332 4117 3432 4156 co-

1853 4205 2117 4268 operatus
2144 4205 2316 4252 estut
2351 4211 2516 4252 verax
2550 4202 2882 4266 appareret:
2929 4204 2988 4250 et
3017 4204 3080 4250 ut
3109 4194 3430 4264 promissio-

1853 4306 1953 4346 nes
1974 4289 2042 4345 ad
2086 4288 2364 4345 Abraham
2392 4287 2547 4342 facta:
2566 4287 2994 4357 complerentur,
3023 4301 3187 4342 omne
3208 4286 3429 4357 quidem

162 4387 427 4449 Διάκονος
455 4386 678 4454 γέγονεν
701 4387 729 4438 ὁ
754 4385 987 4458 Χριστὸς
1010 4385 1425 4453 τῶνῚουδαίων,
1449 4389 1745 4456 τουτέστιν,

1865 4398 2160 4453 exsequens
2186 4391 2543 4452 praeceptum,
2571 4380 2668 4436 sed
2715 4381 2774 4435 in
2801 4395 2991 4436 semen
3021 4379 3300 4435 Abraham
3339 4395 3432 4435 re-

165 4479 306 4551 ὑπέρ
345 4477 444 4531 τοῦ
477 4478 604 4540 τοὺς
640 4478 924 4542 Ἰουδαίους
957 4477 1108 4542 ἐντὸς
1141 4479 1400 4548 γενέσθαι
1433 4481 1542 4534 τῶν
1577 4483 1749 4552 ἐπαγ-

160 4571 399 4640 γελιῶν,
444 4571 532 4624 ἴνα
579 4572 673 4625 καὶ
717 4573 747 4626 ὁ
793 4570 997 4637 ταύτας
1045 4573 1513 4644 ἐπαγγειλάμενος
1555 4575 1746 4648 Πατὴρ

158 4665 468 4738 ἀληθεύσῃ.
503 4683 522 4717 ι
559 4665 654 4729 Εἰς
715 4666 776 4718 τὸ
819 4664 1118 4736 βεϐαιῶσαι
1147 4665 1245 4730 τὰς
1276 4667 1611 4736 ἐπαγγελίας
1639 4668 1747 4722 τῶν

159 4757 449 4828 Πατέρων.
489 4777 508 4810 ι
549 4757 720 4830 ’Υπὲρ
750 4756 844 4811 τοῦ
881 4756 1212 4830 ἀληθεῦσαι,
1249 4757 1415 4828 φησὶ,
1452 4758 1543 4812 τὸν
1579 4760 1746 4829 ἐπαγ-

159 4850 486 4920 γειλάμενον
517 4849 756 4921 Πατέρα.
794 4849 854 4903 ’0
883 4849 940 4904 δέ
972 4866 1036 4920 γε
1071 4849 1230 4920 νόμος
1265 4849 1364 4902 οὐκ
1403 4850 1622 4921 ἴσχυσεν
1649 4853 1752 4906 αὐ-

156 4946 252 5010 τὰς
306 4944 625 5016 βεὸαιῶσαι.
674 4945 798 5010 Πῶς
847 4943 961 5010 οὖν,
1010 4945 1197 5016 φησὶν,
1245 4945 1344 4998 οὐκ
1392 4945 1614 5010 ἄτοπον,
1659 4946 1751 4999 τὸν

157 5035 543 5105 βεϐαιιὶισαντα
596 5035 756 5108 ήμῶν
807 5035 906 5098 τὰς
961 5033 1295 5102 ἐπαγγελίας
1343 5031 1410 5096 ἃς
1465 5031 1659 5085 ἔλαϐον
1701 5035 1750 5086 οἱ

158 5129 422 5200 πατέρες,
468 5128 702 5199 Χριστὸν
744 5127 1013 5198 παρορᾷν,
1055 5125 1279 5179 καὶτοῦ
1322 5125 1488 5196 νόμου
1530 5123 1754 5195 ἔχεσθαι

152 5221 244 5274 τοῦ
280 5221 364 5293 μὴ
395 5219 713 5292 ἰσχύσαντος
743 5221 840 5283 τὰς
869 5217 1202 5289 ἐπαγγελίας
1233 5219 1365 5289 ἡμῖν
1405 5217 1638 5288 φυλάξαι
1663 5234 1678 5279 ;

1855 4486 2101 4549 putatus,
2130 4463 2449 4533 universum
2477 4476 2667 4532 orbem
2689 4476 2946 4532 fidelibus
2982 4473 3248 4546 implevit.
3266 4475 3434 4546 399

1861 4591 1879 4623 ι
1920 4572 2229 4626 Ministrum
2255 4569 2462 4624 factum
2498 4570 2668 4625 fuisse
2707 4569 3167 4626 circumcisionis.
3207 4587 3226 4621 ιι
3268 4569 3432 4624 Potes

1856 4663 1963 4719 hoc
2003 4663 2169 4719 etiam
2219 4661 2386 4717 modo
2437 4662 2762 4733 intelligere.
2816 4661 3066 4716 Minister
3111 4660 3288 4714 factus
3343 4668 3431 4713 est

1854 4754 2104 4811 Christus
2135 4752 2490 4807 Judaeorum:
2533 4752 2587 4806 in
2618 4752 2723 4807 hoc
2756 4751 3015 4806 videlicet
3053 4760 3115 4805 ut
3137 4749 3311 4806 Judaei
3345 4749 3430 4804 in-

1857 4854 1936 4900 tra
1968 4843 2364 4915 promissiones
2394 4844 2836 4906 continerentur,
2876 4849 2936 4895 ut
2983 4841 3102 4911 ipse
3134 4842 3302 4896 etiam
3331 4840 3426 4911 qui

1854 4955 1948 4995 eas
1977 4938 2309 5009 promiserat
2342 4937 2524 4998 Pater,
2557 4951 2724 4990 verax
2763 4941 3076 5004 appareret.
3111 4953 3130 4985 ι
3176 4933 3258 4988 Ad
3289 4949 3426 4988 con-

1854 5032 2152 5087 ﬁrmandos
2195 5029 2594 5101 promissiones
2632 5027 2885 5098 patribus
2928 5026 3122 5082 factas.
3159 5045 3178 5076 ι
3225 5025 3297 5081 Ut
3333 5041 3427 5080 ve-

1852 5140 2057 5188 racem,
2084 5122 2285 5192 inquit,
2317 5119 2638 5176 ostenderet
2668 5119 2908 5182 Patrem,
2947 5117 3043 5187 qui
3077 5131 3172 5172 eas
3212 5115 3422 5186 promi-

1862 5226 2048 5272 serat:
2097 5216 2185 5270 lex
2229 5224 2415 5268 autem
2471 5214 2589 5266 non
2641 5212 2824 5281 potuit
2872 5211 3017 5279 ipsas
3072 5209 3420 5264 conﬁrmare.

153 5312 335 5380 Quam
390 5314 558 5385 igitur
598 5314 901 5370 absurdum
943 5320 1110 5377 esset,
1146 5327 1246 5367 nos
1294 5312 1475 5382 ipsum
1524 5311 1618 5381 qui
1663 5320 1879 5366 nostras
1950 5307 2295 5366 conﬁrmavit
2351 5306 2748 5378 promissiones
2779 5321 2916 5375 quas
2966 5313 3151 5375 patres
3198 5317 3422 5372 accepe-

154 5415 288 5459 rant
310 5446 326 5471 ,
349 5404 630 5462 Christum
672 5413 1048 5470 contemnere,
1096 5403 1313 5475 legique
1335 5403 1544 5459 haerere
1586 5419 1707 5474 qua:
1747 5403 2143 5474 promissiones
2168 5399 2329 5455 nobis
2358 5413 2579 5455 servare
2603 5397 2884 5467 nequivit!

228 5552 310 5606 Τὰ
359 5550 428 5603 δὲ
475 5550 618 5618 ἔθνη
661 5549 817 5618 ὑπὲρ
860 5546 1076 5614 ἐλέους
1120 5545 1378 5612 δοξάσαι
1407 5546 1514 5601 τὸν
1556 5546 1730 5613 Θεὸν,

153 5645 353 5710 καθὼς
374 5643 718 5714 τέτραπταν
734 5659 754 5693 ι
777 5642 878 5694 Διὰ
898 5640 1074 5694 τοῦτο
1093 5639 1616 5710 ἐξομολογήσομαι
1633 5654 1735 5694 σοι

152 5738 222 5789 ἐν
253 5737 483 5800 ἔθνεσι,
505 5735 600 5788 καὶ
623 5732 704 5800 τῷ
722 5733 970 5802 ὀνόματί
990 5748 1107 5786 σου
1139 5729 1336 5800 ψαλῶ.
1368 5750 1388 5784 ι
1423 5731 1530 5785 Kal
1549 5730 1739 5785 πάλιν

155 5828 341 5896 λέγει,
374 5847 392 5881 ι
426 5825 933 5896 Εὐφραίνθήσεσθε
962 5825 1105 5892 ἔθνη
1132 5823 1282 5894 μετὰ
1311 5821 1416 5878 τοῦ
1444 5822 1597 5877 ,1αοῦ
1626 5825 1734 5876 αὐ-

1912 5547 2032 5612 Χν,
2067 5547 2218 5603 9-12.
2257 5545 2540 5609 Craterum,
2583 5552 2641 5598 ut
2680 5550 2856 5615 gentes
2908 5557 3003 5612 pro
3056 5536 3416 5593 misericordia

1841 5637 2139 5711 gloriﬁcent
2160 5637 2343 5701 Deum,
2360 5635 2802 5707 quemadmodum
2819 5631 3070 5700 scriptum
3088 5635 3163 5679 est
3187 5642 3202 5679 :
3239 5643 3256 5675 ι
3277 5623 3413 5676 Pro-

1845 5739 1960 5800 pter
1988 5730 2083 5782 hoc
2130 5725 2420 5791 conﬁtebor
2465 5726 2555 5779 tibi
2603 5719 2941 5783 ingentibus,
2981 5726 3028 5768 et
3077 5713 3274 5766 nomini
3323 5720 3415 5766 tuo

1847 5819 2096 5891 psallam.
2122 5838 2140 5871 ι
2166 5819 2232 5872 Et
2251 5833 2461 5871 rursum
2476 5817 2600 5869 dicit
2623 5829 2640 5867 :
2666 5809 2922 5872 Gaudete,
2947 5811 3274 5876 gentes,cum
3309 5819 3412 5874 po-
