3880 6574
527 378 638 442 515
1585 378 1989 441 (ECUMENII
2025 376 2321 441 TRICCJ‘J
2344 374 2692 439 EPISCOPI
3004 390 3009 397 '
3622 385 3701 447 616
3773 426 3783 441 .

524 488 651 561 pulo
683 504 818 555 eius.
849 507 867 540 ι
894 487 961 543 Et
985 503 1230 542 rursum:
1263 505 1282 540 ι
1306 487 1542 542 Laudato
1563 487 1755 556 Deum,
1781 506 1961 546 omnes
1983 507 2056 563 ge:

2169 490 2341 553 ιτσῦ.
2378 508 2400 543 ι
2421 488 2532 545 Καὶ
2552 489 2760 553 πάλιν,
2797 504 2816 539 ι
2844 481 3072 541 Αἰνεῖτε
3099 483 3207 538 τὸν
3233 483 3456 554 Κύριον,
3480 488 3637 547 πάντα
3652 500 3701 553 τὰ

521 586 621 643 tes,
651 588 700 632 et
741 576 1045 632 collaudata
1088 593 1229 643 eum,
1267 592 1450 632 omnes
1482 577 1685 649 populi.
1727 598 1748 631 ι
1775 578 2053 652 Rursum]:

2203 582 2372 649 ἔθνη,
2390 580 2487 636 καί
2506 578 2864 636 ἐπαινέσατε
2885 575 3094 639 αὐτὸν,
3122 574 3342 643 ,πάντες
3355 580 3405 632 οι
3431 581 3599 638 λαοί.»
3625 591 3702 644 Kal

522 671 647 727 dicit
664 671 837 727 Isaias
865 688 884 726 :
922 690 940 723 ι
969 670 1089 725 Erit
1119 671 1278 725 radix
1324 670 1492 726 lassa
1521 687 1540 726 :
1572 680 1625 725 et
1648 674 1738 743 qui
1760 684 2002 746 exsurget
2033 691 2054 728 ο

2205 672 2396 728 πάλιν
2427 672 2666 738 Ἡσαΐας
2698 669 2879 740 λέγει·
2910 689 2931 722 ι
2963 668 3169 723 Ἔσται
3184 668 3223 735 ἡ
3232 666 3364 738 ῥίζα
3385 671 3482 724 τοῦ
3511 673 3702 746 Ἰεσσαί,

522 764 894 838 imperandum
921 763 1181 834 gentibus,
1205 762 1261 816 in
1284 780 1346 817 eo
1373 772 1551 835 gentes
1589 765 1899 836 sperabunt.
1928 785 1948 819 ε

2204 763 2305 818 καί
2340 767 2373 819 ὀ
2407 762 2812 834 ἀνιστάμενος
2848 760 3059 832 ἄρχειν
3084 760 3294 828 ἐθνῶν,
3327 762 3413 816 ἐπ’
3434 764 3571 832 αὐτῷ
3599 767 3703 840 ἔθνη

2203 853 2549 911 ἐλπιοῦσιν.
2574 874 2594 907 ι

596 991 768 1047 Judaei
813 989 1038 1062 quidem
1090 990 1494 1061 promissiones
1534 992 1727 1047 saltem
1754 1003 2101 1063 acceperant,

2278 988 2342 1042 Οί
2381 988 2481 1059 μὲν
2514 988 2763 1044 Ἰουδαῖοι
2796 990 2900 1045 κᾶν
2934 988 3267 1058 ἐπαγγελίας
3297 984 3430 1061 ἦσαν
3456 992 3699 1067 δεξάμενοι,

519 1098 831 1152 quanquam
884 1082 1022 1136 nihil
1078 1080 1207 1136 inde
1263 1081 1520 1137 utilitatis
1571 1084 1939 1154 accepissent,
1995 1084 2047 1138 ni

2206 1082 2254 1135 εί
2288 1083 2382 1135 καὶ
2420 1081 2589 1153 μηδὲν
2618 1082 2677 1150 ἐξ
2710 1082 2891 1136 αὐτῶν
2922 1082 3312 1154 ὠφελήθησαν,
3347 1086 3395 1137 εί
3432 1086 3497 1159 μὴ
3528 1089 3701 1159 Χριστὸς

520 1175 775 1232 Christus
818 1191 912 1230 eas
947 1173 1351 1230 conﬁrmasset.
1376 1175 1485 1232 Vos
1514 1186 1723 1239 autem,
1760 1188 1972 1247 gentes,
2020 1177 2052 1232 it

2207 1174 2376 1238 αὐτὰς
2410 1173 2763 1228 ἐϐεϐαίωσεν.
2805 1174 2996 1244 Ὑμεῖς
3028 1173 3119 1238 δὲ,
3153 1174 3313 1243 φησὶ,
3346 1176 3412 1229 τὰ
3443 1178 3576 1248 ἔθνη,
3602 1183 3702 1256 ὑπὲρ

519 1268 657 1337 quit.
696 1267 764 1322 de
796 1267 909 1321 sola
950 1266 1290 1335 benignitate
1320 1282 1384 1321 ac
1411 1267 1752 1325 humanitate
1777 1270 1948 1325 Deum
1981 1270 2051 1326 lat

2211 1267 2379 1338 μόνης
2424 1266 2841 1341 φιλανθρωπίας
2893 1265 3143 1335 ὀφείλετε
3192 1266 3547 1330 δοξάζεινιτδν
3583 1274 3702 1340 Θεὸν,

520 1358 652 1412 dare
697 1356 952 1412 debetis:
1000 1356 1450 1426 quandoquidem
1491 1373 1672 1427 neque
1708 1359 2052 1428 promissioni

2207 1360 2394 1430 ἐπειδὴ
2432 1363 2570 1431 μήτε
2610 1359 2947 1427 ἐπαγγελίας
2982 1360 3182 1428 είχετε,
3221 1359 3333 1412 ἀλλ’
3357 1361 3608 1433 ἠλεήθητε,
3636 1368 3704 1438 τῆς

519 1451 828 1513 habebatis,
864 1450 958 1505 sed
981 1451 1414 1505 misericordiam
1437 1453 1721 1509 consecuti
1746 1453 1903 1514 estis,
1933 1463 2051 1509 tota

2207 1454 2429 1525 χάριτος
2462 1453 2524 1506 τδ
2556 1454 2666 1505 πᾶν
2702 1451 3026 1523 ποιησάσης.
3052 1451 3218 1505 ὀσον
3253 1450 3365 1517 οὖν,
3401 1454 3566 1523 φησὶν,
3589 1456 3706 1528 ἠλεή-

520 1558 637 1598 rcm
703 1551 1040 1611 cxsequente
1107 1542 1321 1613 gratia:
1381 1553 1590 1612 quanto
1635 1544 1810 1615 magis
1856 1560 1986 1616 ergo
2036 1561 2052 1600 ε

2209 1545 2340 1617 θητε
2382 1546 2564 1618 χάριτι
2606 1544 2868 1616 Χριστοῦ,
2912 1543 3167 1598 τοσοῦτον
3203 1544 3469 1613 ὀφειλέται
3508 1547 3608 1600 ἐστὶ
3638 1550 3703 1603 τοῦ

520 1632 729 1687 Christi
753 1633 927 1703 gratia
966 1632 1411 1688 misericordiam
1447 1634 1731 1689 consecuti
1760 1636 1915 1701 estis,
1950 1643 2052 1689 tam

2209 1634 2370 1700 Θεοῦ,
2413 1638 2493 1700 εἰς
2536 1636 2598 1689 τὸ
2643 1634 2935 1707 βαστάζειν
2973 1634 3102 1698 τοὺς
3146 1633 3507 1702 ὀλιγοπίστους
3541 1637 3703 1702 ὲξἸον-

522 1726 697 1795 magis
741 1724 839 1780 Dei
882 1725 1163 1780 debitores
1206 1725 1361 1791 estis,
1394 1735 1456 1781 ut
1497 1727 1732 1796 portetis
1761 1742 1857 1783 eos
1904 1728 1997 1798 qui
2035 1743 2054 1783 ε

2208 1728 2395 1784 δαίων.
2417 1726 2588 1781 Τοῦτο
2615 1728 2725 1797 γὰρ
2757 1725 2886 1793 δόξα
2918 1725 3054 1779 Θεοῦ
3072 1767 3087 1793 ,
3121 1726 3156 1796 ἡ
3185 1727 3402 1796 ὁμόνοια
3432 1727 3566 1798 ὑμῶν
3589 1731 3700 1802 καὶὴ

519 1818 725 1875 Judaeis
757 1819 954 1888 pusilla
1011 1816 1119 1873 ﬁde
1163 1828 1315 1873 sunt.
1357 1819 1431 1874 Ea
1477 1820 1627 1875 enim
1679 1820 1775 1875 Dei
1811 1820 1984 1891 gloria
2015 1836 2047 1876 e

2174 1874 2175 1885 ,
2206 1823 2421 1892 εἰρήνη.
2447 1820 2765 1889 Διαλέγεται
2792 1820 2900 1891 γὰρ
2922 1822 3035 1882 τοῖς
3061 1817 3122 1883 ἐξ
3148 1816 3552 1884 ὲθνῶνπιστοίς,
3572 1822 3612 1875 o!
3634 1824 3706 1893 μά.

521 1911 816 1966 concordia
856 1920 911 1965 et
942 1927 1047 1981 pax
1078 1920 1301 1966 vestra:
1333 1926 1459 1966 cum
1490 1910 1578 1966 his
1614 1927 1852 1982 namque
1877 1911 2053 1967 disser

2205 1914 2362 1967 λιστα
2391 1912 2696 1977 ἐπέκειντο,
2722 1913 2839 1975 τοῖς
2869 1912 3379 1983 παρατηρουμένοις
3398 1913 3460 1966 τὰ
3485 1910 3700 1983 βρώματα.

521 2004 614 2074 qui
641 2020 706 2059 ex
734 2003 994 2074 gentibus
1022 2003 1213 2059 ﬁdeles
1244 2010 1424 2067 erant,
1451 2002 1545 2073 qui
1575 2003 1811 2057 maxime
1833 2002 2053 2074 urgebat

2204 2006 2670 2079 -—[10ANNOT,
2722 2006 2810 2070 είς
2860 2003 2929 2057 τὸ
2984 2001 3135 2057 ὅλον
3182 2002 3417 2074 χωρίον,
3465 2004 3565 2058 ἀπὸ
3602 2004 3701 2070 τοῦ,

521 2096 880 2151 observantes
910 2095 1081 2151 cibos.
1110 2093 1466 2168 —[Josums,
1499 2097 1553 2150 in
1579 2104 1747 2149 totum
1778 2110 1897 2149 eum
1930 2095 2053 2149 locu

2211 2115 2231 2150 ε
2274 2096 2437 2167 Λέγω
2481 2096 2550 2150 δὲ
2596 2094 2857 2161 Χριστὸν
2890 2093 3159 2163 Ἰησοῦν.
3214 2113 3234 2147 ι
3272 2094 3577 2163 Ἐπαγγελία
3608 2096 3702 2168 πρὸξ

521 2192 585 2246 ab
614 2206 675 2245 ea
712 2198 894 2260 parte:
932 2206 950 2241 ι
993 2189 1120 2243 Dico
1142 2198 1320 2244 autem
1349 2188 1617 2244 Christum
1645 2189 1845 2243 Iesum.
1890 2186 1938 2261 ι]
1972 2187 2053 2242 Ρη

2204 2191 2295 2244 τὸν
2330 2189 2584 2260 Ἀϐραὰμ
2623 2184 2693 2259 ἦν
2736 2187 3083 2258 γεγενημένη
3129 2187 3361 2256 λέγουσα
3386 2204 3400 2219 ·
3429 2205 3449 2239 ι
3488 2188 3566 2242 Σοὶ
3593 2188 3702 2242 δώσω

521 2285 712 2337 missio
745 2283 890 2337 facta
925 2290 1044 2336 erat
1074 2282 1139 2337 ad
1178 2282 1459 2336 Abraham
1494 2297 1616 2352 qua:
1643 2281 1890 2337 diceret:
1920 2299 1939 2333 ι
1977 2281 2053 2335 Til

2205 2283 2302 2354 τὴν
2327 2283 2467 2353 γῆν·
2500 2301 2520 2335 ε
2553 2280 2670 2346 καὶ,
2707 2300 2726 2332 ι
2753 2281 2843 2335 Ἐν
2871 2280 2951 2351 τῷ
2981 2280 3261 2351 σπέρματί
3298 2297 3389 2334 σου
3415 2279 3701 2352 εὐλογηθήσε-

519 2376 663 2430 dabo
705 2385 904 2430 terram
929 2375 999 2441 ",
1024 2386 1055 2427 ‘i
1107 2382 1215 2429 etc.
1255 2393 1273 2425 ι
1323 2375 1430 2429 Per
1471 2389 1658 2429 semen
1691 2382 1847 2427 tuum
1883 2373 2051 2428 bened

2202 2394 2293 2429 ται
2327 2376 2503 2430 πάντα
2530 2374 2601 2429 τὰ
2634 2374 2796 2445 ἔθνη·
2834 2392 2855 2428 ι
2884 2374 2999 2427 ἀλλ’
3023 2374 3275 2442 ἐγένοντο
3308 2373 3555 2437 κολάσεως
3581 2374 3701 2428 ὑπεύ·

521 2476 722 2522 centur
764 2481 960 2521 omnes
1004 2475 1196 2537 gentes
1238 2464 1325 2531 “;
1367 2483 1386 2517 ι
1438 2463 1533 2519 sed
1564 2475 1688 2534 post
1713 2464 1853 2527 hare,
1911 2480 2053 2518 omni

2206 2468 2354 2520 θυνοι
2379 2465 2519 2537 μετὰ
2537 2463 2709 2519 ταῦτα
2732 2467 2782 2518 oi.
2798 2463 2894 2518 τοῦ
2918 2464 3485 2537 σπέρματος¹Λδραὰμ
3500 2465 3697 2528 ἅπαντες.

521 2560 614 2630 qui
662 2560 730 2613 de
786 2558 998 2613 semine
1033 2557 1309 2611 Abraham
1337 2564 1518 2622 erant,
1558 2554 1784 2610 obnoxii
1817 2554 1946 2610 facti
1975 2571 2053 2609 θυι

2216 2556 2278 2610 ’0
2306 2558 2416 2629 γὰρ
2446 2556 2610 2627 νόμος
2637 2555 2806 2627 ὀργὴν
2835 2555 3018 2619 αὐτοῖς
3050 2555 3340 2627 εἰργάζετο
3371 2557 3699 2629 παραδαινύμι-

522 2652 833 2723 supplieio:
867 2651 951 2705 lex
987 2651 1136 2704 enim
1161 2664 1271 2703 non
1300 2658 1518 2704 servata
1553 2648 1689 2703 iram
1725 2647 1805 2703 eis
1827 2650 2054 2719 operab:

2206 2665 2318 2712 νος,
2359 2648 2456 2703 καὶ
2496 2648 2598 2718 τῆς
2643 2647 2981 2716 ἐπαγγελίας
3018 2648 3314 2721 ἀπεστέρει
3349 2647 3519 2702 λοιπὸν
3547 2648 3699 2717 ἐκείνης

526 2754 638 2810 tur,
685 2753 741 2798 et
788 2744 1016 2814 insuper
1059 2741 1429 2813 promissione
1466 2741 1556 2797 illa
1602 2741 1671 2797 ad
1720 2751 1908 2813 patres
1961 2741 2058 2797 lact

1226 2741 1429 2797 issione
1466 2741 1556 2797 illa
1602 2741 1671 2797 ad
1720 2751 1908 2813 patres
1961 2741 2103 2797 iacta
2204 2742 2308 2814 τῆς
2337 2742 2446 2797 τῶν
2473 2741 2758 2813 Πατέρων.

526 2836 797 2907 privabat.

594 2970 759 3043 ωο
789 2969 1078 3026 Accedens
1121 2970 1291 3042 igitur
1323 2970 1498 3026 Filius
1522 2980 1854 3041 eooperatus
1897 2983 1983 3029 est
2012 2973 2106 3029 Pa-

2280 2972 2736 3044 Παραγενόμενος
2762 2971 2940 3028 τοίνυν
2968 2972 2997 3026 6
3032 2972 3198 3037 Υἱὸς,
3234 2966 3519 3041 συνέπραξε
3538 2965 3599 3038 τῷ
3618 2967 3696 3021 lla-

524 3065 619 3128 tri,
656 3074 717 3119 ut
740 3064 1136 3134 promissiones
1157 3063 1281 3119 illas
1306 3079 1471 3121 veras
1501 3063 1778 3120 redderet.
1810 3065 2056 3136 Complet

2207 3065 2319 3138 τρὶ,
2344 3067 2423 3130 εἰς
2448 3067 2510 3121 τὸ
2536 3068 2634 3132 τὰς
2660 3066 2990 3137 ἐπαγγελίας
3018 3064 3318 3137 ἀληθεῦσαι
3341 3062 3547 3125 ὲκείνας.
3566 3063 3697 3117 Πάντα

524 3154 675 3209 enim
716 3161 885 3208 totam
919 3154 1096 3224 legem
1142 3154 1199 3208 in
1226 3170 1333 3223 qua
1382 3154 1550 3211 etiam
1586 3164 1706 3208 erat
1729 3154 2056 3212 circumcisit

2167 3199 2175 3251 ζ
2208 3157 2317 3229 γὰρ
2344 3159 2436 3212 τὸν
2464 3159 2628 3228 νόμον
2655 3159 2949 3230 πληρώσας
2983 3159 3042 3212 ἑν
3069 3151 3114 3226 ᾧ
3146 3158 3243 3211 καὶ
3272 3155 3522 3228 περιτομὴ
3544 3150 3613 3226 ἦν,
3636 3152 3699 3206 καὶ

523 3255 582 3301 et
614 3246 717 3300 hac
747 3244 832 3300 via
858 3252 914 3299 et
938 3259 1035 3314 per
1054 3258 1278 3300 crucem
1311 3245 1589 3301 libertatis
1613 3246 1701 3301 his
1721 3246 1816 3315 qui
1842 3246 1897 3301 in
1924 3255 2055 3302 tram

2166 3244 2175 3251 ’
2206 3249 2383 3323 ταύτῃ
2423 3250 2518 3304 καὶ
2551 3250 2639 3303 διὰ
2675 3251 2768 3304 τοῦ
2806 3249 3038 3322 σταυροῦ
3080 3248 3391 3314 ἀπαλλάξας
3422 3248 3530 3311 τοὺς
3561 3245 3630 3298 ἐπὶ
3655 3246 3698 3315 τῇ

524 3336 806 3407 gressione
871 3347 1053 3403 erant,
1078 3352 1188 3391 non
1226 3335 1479 3406 permisit
1506 3335 1762 3392 excidere
1784 3336 2056 3407 promissit

2260 3340 2540 3413 ιραόάσει,
2588 3342 2691 3395 οὐκ
2739 3342 2920 3411 ἀφῆκε
2967 3341 3251 3396 διαπεσεῖν
3293 3339 3388 3412 τὴν
3425 3335 3698 3406 ἐπαγγελίαν.

526 3442 674 3482 nem.
707 3427 939 3493 Quando
968 3444 1102 3499 ergo
1124 3429 1262 3483 dicit
1290 3428 1609 3485 ministrum
1637 3428 2058 3485 circumcisioni:

2209 3434 2381 3488 Ὅταν
2420 3433 2515 3488 οὖν
2558 3432 2707 3503 λέγει
2752 3434 2998 3489 διάκονον
3041 3435 3368 3506 περιτομῆς,
3410 3431 3548 3487 τοῦτο
3579 3429 3697 3496 λέγει.

526 3516 634 3572 hoc
671 3518 829 3583 dicit,
866 3519 1013 3586 quod
1041 3533 1168 3574 cum
1205 3520 1447 3574 venisset
1486 3528 1770 3588 totamque
1796 3519 1973 3605 legem
2003 3521 2058 3575 in

2260 3543 2288 3578 It
2316 3523 2488 3578 ἐλθὼν
2515 3525 2612 3579 καὶ
2642 3525 2819 3580 πάντα
2841 3525 2932 3580 τὸν
2957 3525 3125 3597 νόμον
3154 3524 3466 3598 πληρώσας,
3491 3523 3568 3576 καὶ
3592 3537 3701 3590 napt-

524 3607 751 3677 plesset,
783 3609 950 3663 etiam
997 3607 1369 3663 circumcisus
1396 3614 1452 3661 et
1481 3622 1672 3663 semen
1701 3607 1980 3663 Abraham
2022 3610 2056 3665 fa

2205 3616 2456 3688 τμηθεὶς,
2490 3618 2582 3672 καὶ
2613 3618 2904 3689 γενόμενος
2946 3619 3173 3689 σπέρμα
3202 3618 3295 3672 τοῦ
3319 3617 3564 3688 ’Δϐραὰμ,
3590 3613 3699 3667 ἔλυσε

525 3709 670 3763 ctus,
700 3701 867 3756 solvit
897 3701 1127 3770 legalem
1149 3699 1617 3765 maledictionem,
1648 3700 1786 3757 iram
1814 3700 1914 3757 Dei
1945 3702 2057 3757 sed:

2206 3710 2307 3781 τὴν
2351 3709 2599 3781 κατάραν
2640 3709 2741 3779 τὴν
2791 3708 3042 3781 νομικὴν,
3085 3708 3295 3764 ἔπαυσε
3338 3708 3432 3779 τὴν
3469 3706 3607 3779 ὀργὴν
3635 3698 3697 3755 τοῦ

526 3790 629 3856 vit,
659 3802 820 3861 aptos
848 3791 1088 3862 denique
1139 3792 1273 3849 fecit
1298 3801 1360 3847 ut
1386 3792 1442 3846 in
1466 3801 1749 3862 posterum
1784 3795 2058 3865 promissh

2207 3800 2368 3867 Θεοῦ,
2398 3800 2737 3870 ἐπιτηδείους
2764 3798 2950 3853 λοιπὸν
2977 3799 3205 3873 εποίησε
3233 3803 3355 3865 τοὺς
3382 3799 3626 3872 μέλλοντας
3645 3792 3700 3846 δὲ-

525 3896 653 3937 nem
686 3882 1059 3952 susciperent.
1081 3883 1162 3938 Ne
1182 3898 1314 3954 ergo
1330 3882 1520 3937 dicant
1544 3882 1603 3937 hi
1625 3883 2057 3954 quiaccusantut

2207 3893 2395 3965 χεσθαι
2422 3894 2522 3964 τὴν
2548 3892 2904 3962 ἐπαγγελίαν.
2932 3893 3051 3948 Ἵνα
3079 3889 3177 3947 οὖν
3207 3895 3281 3966 μὴ
3311 3894 3519 3960 λέγωσιν
3540 3882 3649 3942 οὗτοι
3666 3883 3697 3936 oi

523 3970 812 4038 Quomodo
849 3987 981 4044 ergo
1007 3972 1262 4030 Christus
1288 3974 1657 4030 circumcisus
1689 3985 1794 4042 est,
1822 3982 2055 4046 totamqt

2208 3983 2600 4053 ἐγκαλούμενοι
2620 4000 2636 4016 ·
2664 3984 2786 4047 Πῶς
2817 3981 2910 4037 οὖν
2935 3985 2962 4037 6
2991 3985 3227 4056 Χριστὸς
3258 3982 3617 4057 περιπέμπει).
3637 3972 3698 4029 καὶ

528 4062 703 4133 legem
737 4064 1000 4130 servavit,
1019 4064 1067 4120 si
1092 4080 1122 4121 e
1138 4065 1357 4121 diverso
1382 4066 1558 4135 ipsam
1578 4069 1824 4124 evertit?
1847 4069 1927 4124 ait
1951 4087 1965 4124 :
1995 4068 2060 4125 Νι

2207 4077 2388 4131 πάντα
2412 4077 2503 4131 τὸν
2528 4077 2693 4148 νόμον
2721 4075 3013 4148 ἐφύλαξεν,
3049 4077 3099 4130 εί
3129 4077 3458 4142 τούναντίον,
3483 4072 3614 4127 αὔειν
3633 4083 3699 4121 πε-

524 4170 633 4223 que
672 4155 823 4211 enim
900 4165 962 4210 ut
1012 4157 1101 4211 lex
1158 4167 1406 4214 maneret
1475 4158 1585 4214 hoc
1637 4158 1866 4227 fecerat,
1917 4161 2056 4216 sedi

2208 4166 2490 4236 ριτρέπει;
2527 4165 2690 4237 φησίν
2712 4184 2726 4197 ο
2760 4167 2834 4219 Οὐ
2880 4166 2988 4239 γὰρ
3034 4167 3123 4222 ἵνα
3170 4167 3327 4241 μείνῃ
3366 4166 3393 4219 6
3425 4165 3564 4235 νόμος
3590 4157 3699 4213 τοῦτο

527 4248 699 4315 ipsam
748 4248 1009 4313 solveret,
1043 4258 1100 4304 et
1122 4250 1191 4304 ab
1220 4249 1368 4306 illius
1395 4251 1784 4306 maledictione
1817 4252 2053 4308 liberare

2206 4257 2485 4330 ἐποίησεν,
2526 4257 2638 4311 ἀλλ’
2670 4258 2759 4312 ἴνα
2804 4257 2967 4313 αὑτὸν
3009 4258 3172 4332 λύσῃ,
3217 4259 3310 4313 καὶ
3355 4254 3601 4327 ἀπαλλάξῃ
3633 4248 3698 4317 τῆς

523 4338 737 4394 Deinde
764 4354 836 4395 ne
860 4340 1167 4398 idverteret
1192 4341 1249 4397 in
1279 4353 1556 4398 tumorem
1591 4358 1689 4399 eos
1735 4344 1833 4413 qui
1874 4359 1943 4398 ex
1974 4360 2055 4416 get

2206 4349 2416 4404 ἐκείνου
2449 4350 2714 4422 κατάρας.
2744 4347 2879 4404 Εἶτα
2921 4351 3007 4404 ἵνα
3031 4350 3106 4423 μὴ
3138 4351 3296 4405 τοῦτο
3323 4350 3520 4421 φυσήσῃ
3544 4345 3640 4404 τοὺς
3656 4338 3696 4402 ἒξ

528 4432 675 4486 tibus
735 4441 916 4496 erant,
960 4435 1126 4489 dicit:
1183 4453 1202 4486 ι
1233 4434 1303 4491 Ut
1333 4444 1523 4505 gentes
1562 4451 1665 4506 pro
1721 4435 2060 4491 misericordi

2207 4438 2400 4507 ἐθνῶν,
2436 4438 2590 4511 φησί.
2629 4459 2645 4492 ι
2685 4440 2766 4494 Τὰ
2798 4438 2855 4493 δὲ
2889 4440 3015 4510 ἔθνη
3052 4440 3195 4513 ὑπὲρ
3229 4440 3406 4504 ἐλέους
3434 4436 3617 4503 δοξάσαι
3637 4429 3696 4482 τὸν

523 4522 832 4594 gloriﬁcent
864 4524 1057 4580 Deum.
1092 4543 1111 4577 ι
1151 4525 1264 4580 Hoc
1297 4536 1381 4580 est
1408 4535 1594 4581 autem
1628 4528 1774 4597 quod
1799 4527 1971 4584 dicit:
2005 4529 2055 4585 Jt

2163 4551 2177 4600 ι
2206 4531 2358 4586 Θεὸν.
2398 4552 2417 4584 ι
2453 4533 2517 4586 Ὀ
2551 4530 2607 4585 δὲ
2638 4531 2818 4601 λέγει,
2852 4531 3095 4586 τοιοῦτόν
3129 4535 3296 4587 ἐστιν·
3329 4532 3389 4588 Οί
3422 4530 3510 4602 μὲν
3535 4524 3695 4591 £5109-

524 4617 629 4670 daei
668 4616 897 4687 quidem
940 4617 1343 4688 promissiones
1386 4620 1579 4675 Saltem
1626 4631 1991 4692 acceperant;
2038 4630 2056 4678 t

2205 4623 2391 4690 δαίων,
2422 4624 2525 4678 κᾶν
2556 4624 2884 4695 ἐπαγγελίας
2912 4619 3086 4696 εἶχον·
3121 4626 3186 4680 σὺ
3219 4624 3275 4678 δὲ
3307 4624 3422 4678 οὐδὲ
3448 4620 3597 4682 τοῦτο,
3618 4611 3696 4668 ἀλλ’

524 4724 657 4764 vero
709 4725 779 4766 ne
826 4708 881 4764 id
904 4710 1155 4780 quidem,
1204 4710 1302 4767 sed
1348 4711 1464 4766 sola
1515 4711 1856 4784 benignitate
1916 4714 2056 4769 salvi

2206 4714 2314 4767 ἀπὸ
2345 4714 2757 4788 φιλανθρωπίας
2785 4714 2994 4786 ἐσώθης
3028 4715 3219 4786 μόνης,
3251 4718 3299 4770 εί
3329 4714 3419 4769 καὶ
3442 4712 3501 4767 τὰ
3525 4708 3695 4779 μάλιστα

524 4802 704 4858 factus
725 4811 809 4858 est
835 4822 849 4858 :
881 4819 1196 4874 quanquam
1228 4820 1330 4860 nec
1367 4804 1443 4859 illi
1487 4819 1517 4859 a
1541 4806 1911 4875 promissione
1942 4807 2056 4877 quit

2206 4804 2317 4857 οἰδ*
2334 4804 2565 4869 ἐκείνοις
2594 4823 2646 4859 τι
2681 4805 2842 4860 πλέον
2862 4808 3078 4877 ἐγένετο
3098 4808 3206 4863 ἀπὸ
3222 4809 3320 4879 τῆς
3352 4801 3647 4872 ἐπαγγελίας,
3662 4794 3694 4846 τε

525 4916 690 4970 quam
711 4902 1049 4959 eminentius
1069 4903 1418 4971 habuissent,
1448 4904 1556 4959 nisi
1598 4903 1917 4960 advenisset
1949 4903 2057 4959 Chr

2212 4894 2288 4966 μὴ
2306 4895 2642 4969 παρεγένετο
2663 4899 2691 4952 6
2716 4899 2971 4970 Χριστός.
2995 4900 3131 4965 Δόξα
3142 4900 3199 4955 δὲ
3219 4898 3372 4965 Θεοῦ,
3393 4896 3450 4950 τὸ
3471 4887 3693 4961 συνῆφθαι,

527 5002 669 5047 stus.
696 4991 884 5049 Gloria
897 5005 1080 5051 autem
1103 4996 1197 5051 Dei
1216 5005 1301 5052 est
1320 4995 1470 5067 quod
1491 4998 1772 5068 conjuncti
1794 4997 1927 5063 sint,
1952 5013 2059 5068 quo

2204 4992 2267 5044 τὸ
2314 4988 2656 5061 ὁμοθυμαδὸν
2702 4991 2992 5063 εὐφημεῖν,
3040 4995 3101 5047 τὺ
3147 4990 3429 5067 βαστάζειν
3470 4987 3548 5040 τὸν
3580 4978 3693 5036 ἀσθε-

528 5086 711 5154 ipsutn
741 5087 1078 5142 unanimiter
1095 5088 1449 5154 benedieant,
1487 5090 1631 5160 quod
1682 5090 2060 5146 imbecilliora

2205 5082 2479 5154 νέστερον.
2507 5101 2525 5134 ι
2554 5081 2654 5137 Διὰ
2672 5082 2831 5139 τοῦτο
2851 5085 3313 5158 ἐξομολογησομαί
3340 5101 3417 5138 σοι
3438 5082 3490 5135 ἐν
3506 5078 3688 5132 ἔθνεσι.»

527 5174 727 5231 (emit.
756 5195 777 5226 ι
816 5176 1045 5247 PrOpter
1080 5178 1189 5234 hoc
1216 5180 1529 5238 conﬁtebor
1561 5181 1661 5237 tibi
1690 5181 1746 5236 in
1777 5181 2054 5252 gentibus.

2208 5174 2319 5245 Τὴν
2352 5174 2660 5247 μαρτυρίαν
2688 5173 2864 5245 φέρει.
2895 5175 3106 5240 δεικνὺς
3136 5177 3214 5230 ὅτι
3247 5173 3495 5245 συνῆφθαι
3521 5167 3588 5222 δεῖ
3606 5162 3692 5243 τοῇς

528 5267 929 5324 Testimonium
976 5269 1207 5339 profert,
1251 5275 1549 5328 ostendens
1583 5273 1734 5344 quod
1780 5274 2060 5345 eonjunctt

2206 5270 2266 5336 ἒξ
2298 5268 2568 5324 Ἰουδαίων
2594 5271 2704 5334 τοῖς
2733 5269 2962 5325 ἔθνεσιν.
2988 5300 3055 5311 --
3078 5272 3321 5337 Ἄλλως.
3347 5268 3416 5323 Τὸ
3452 5265 3519 5325 δὲ.
3558 5277 3576 5314 ι
3607 5253 3689 5318 '35-

527 5368 781 5430 oporteat
814 5377 935 5417 esse
955 5362 1177 5418 Iudaeos
1198 5364 1477 5435 gentibus.
1508 5397 1577 5407 —-
1598 5365 1717 5422 Alio
1753 5367 1927 5422 modo.
1957 5366 2059 5422 lllu

2208 5359 2620 5431 ομολογήσομαί
2661 5377 2744 5415 σοι
2787 5360 2845 5415 ἑν
2880 5360 3082 5425 ἔθνεσι,
3122 5358 3310 5430 Κύριε,
3339 5376 3357 5410 ι
3383 5359 3443 5410 ἐκ
3465 5346 3687 5424 προσώπου

527 5462 710 5508 autem
745 5471 763 5505 ι
799 5452 1116 5510 Conﬁtebor
1143 5456 1242 5511 tibi
1275 5456 1329 5511 in
1372 5459 1657 5529 gentibus,
1688 5460 1944 5524 Domine,
1976 5477 1995 5511 ι
2029 5474 2059 5514 e

2204 5452 2299 5507 τοῦ
2328 5452 2564 5530 Χριστοῦ
2592 5453 2827 5523 εἴρηται,
2851 5453 2973 5507 ἀντὶ
2995 5453 3113 5517 τοῦ,
3133 5450 3363 5524 Κηρΰξω
3386 5465 3458 5514 σε,
3479 5439 3518 5499 ὦ
3538 5438 3686 5505 ﬁeri?!

526 5560 758 5615 persona
780 5544 984 5602 Christi
1007 5547 1214 5603 dictum
1239 5559 1325 5605 est
1351 5568 1365 5604 :
1407 5551 1515 5608 hoc
1536 5560 1641 5619 est,
1680 5548 1992 5621 praedicabo
2023 5557 2058 5602 υ

2204 5545 2264 5599 ἑν
2289 5546 2402 5608 τοῖς
2434 5544 2633 5600 ἔθνεσι.
2670 5564 2691 5598 ι
2726 5545 2838 5599 Καὶ
2864 5546 2894 5599 6
2920 5545 3276 5618 ἀνιστάμενος
3300 5542 3476 5614 ἄρχειν
3495 5532 3643 5591 ἐθνῶν.
3668 5541 3681 5575 ³

531 5634 689 5690 l‘ater
717 5636 813 5695 mi.
846 5637 990 5692 inter
1023 5647 1234 5709 gentes.
1292 5658 1312 5693 ι
1352 5641 1417 5697 Et
1444 5643 1541 5711 qui
1570 5648 1832 5709 exsurget
1873 5637 1943 5693 ad
1994 5636 2063 5691 im

2204 5638 2300 5705 Τὸ,
2325 5637 2446 5703 καί,
2476 5638 2830 5709 παρέλκεται,
2851 5638 2939 5695 ἵνα
2963 5635 3022 5713 ᾗ,
3044 5656 3065 5692 ι
3089 5639 3278 5694 Ἔσται
3302 5637 3335 5706 ἠ
3360 5632 3475 5706 ῥίζα
3495 5625 3572 5682 τοῦ
3592 5622 3686 5676 Ἰισ·

596 5808 644 5842 ⁸³
666 5806 800 5865 Cen.
831 5826 953 5877 xm,
984 5812 1071 5869 l5.
1149 5813 1194 5847 “
1221 5812 1359 5870 Gen.
1393 5831 1492 5881 an,
1528 5816 1582 5871 ’5.
