3880 6554
160 453 273 516 63‘)
1183 447 1576 510 COMMENT.
1612 447 1693 507 1N
1727 447 1965 509 EPIST.
1997 401 2094 510 An
2133 450 2315 510 non.
2744 490 2749 495 -
3325 454 3432 518 634

161 563 229 614 ού
259 560 572 615 δουλεύουσι
603 559 680 631 τῷ
703 557 946 631 Χριστῷ,
980 555 1118 611 ἀλλὰ
1154 559 1219 628 τῇ
1265 555 1464 628 κοιλία.
1501 557 1658 609 Δοκεῖ
1689 554 1743 608 δὲ
1771 567 1785 616 λ

1895 555 1976 612 leo
2009 557 2146 614 dicit
2175 560 2324 630 quod
2351 561 2484 617 tales
2506 561 2725 616 Christo
2757 578 2865 618 non
2905 565 3178 630 serviunt,
3203 567 3297 622 sed
3331 586 3432 624 suo

163 656 296 716 τοὺς
346 653 407 718 ἐξ
438 652 710 706 Ἰουδαίων
761 651 1114 706 αἰνίττεσθαι.
1175 650 1284 705 Καὶ
1312 650 1422 722 γὰρ
1475 647 1747 704 Ἰουδαίων

1895 647 2053 700 entri.
2107 649 2340 703 Videtur
2383 659 2568 706 autem
2616 651 2835 708 Iudaeos
2887 653 3197 724 designare.
3227 654 3432 716 Omnes

167 750 374 807 πάντες
426 744 502 807 ὡς
553 742 988 814 γαστριμάργων
1046 740 1434 814 κατηγοροῦσι.
1465 738 1606 794 (Διὰ
1649 741 1748 811 τῆς

166 831 586 907 χρηστολογίας.
609 852 628 886 ι
648 834 810 904 ’Δχρι
841 833 1103 904 ῥημάτων
1126 834 1160 905 ἡ
1189 832 1474 903 θεραπεία,
1503 830 1690 903 φησὶν,
1711 831 1747 902 ἡ

169 926 230 976 (ὲ
255 925 487 986 διάνοια,
514 922 709 994 δολερά
736 922 872 995 πρὸς
896 923 1060 992 ὑμᾶς.
1091 922 1284 976 Κοινδν
1311 922 1368 976 δὲ
1392 920 1582 976 τοῦτον
1602 920 1752 989 λέγει

169 1017 376 1087 τρόπον
423 1017 676 1084 ἀπάτης,
749 1016 813 1071 τὸ
870 1017 1088 1088 πρῶτον
1142 1015 1344 1080 αὐτοὺς
1411 1013 1754 1070 κολακεύειν.

181 1129 200 1161 ε
241 1107 356 1172 Τὰς
403 1109 632 1180 καρδίας
681 1106 789 1164 τῶν
822 1108 1070 1163 ἀκάκων.
1101 1127 1120 1160 ι
1169 1109 1284 1164 Ούκ
1331 1101 1505 1176 εἶπεν,
1545 1105 1753 1178 ’Υμῶν,

175 1199 338 1266 ἀλλα,
378 1219 397 1251 ι
427 1200 548 1252 Τῶν
575 1199 980 1272 ἁπλουστέρων.
1005 1217 1026 1251 ι
1058 1199 1169 1254 Καὶ
1193 1200 1276 1254 ὅτι
1303 1198 1403 1270 ούχ
1434 1199 1599 1270 ὑμᾶς,
1621 1196 1758 1253 ἀλλὰ

177 1291 312 1348 τοὺς
342 1289 584 1353 ἀκάκους
631 1288 968 1356 ἐξαπατῶσι,
995 1288 1154 1361 δῆλον
1199 1287 1372 1355 ἔνθεν,
1402 1288 1484 1342 ὅτι
1517 1288 1552 1360 ἡ
1604 1286 1758 1357 ὑμῶν

179 1380 403 1446 ὑπακοὴ
425 1380 522 1434 καὶ
560 1379 754 1447 πειθὼ,
786 1381 867 1445 είς
909 1379 1122 1444 πάντας
1143 1374 1298 1451 ἦλθε.
1325 1377 1560 1442 Πολλοὺς
1584 1376 1642 1432 δι
1665 1376 1762 1432 αύ-

179 1475 297 1536 τοίς
320 1472 552 1542 έιρίστησ
596 1471 901 1544 μάρτυρας,
927 1471 1015 1526 ἴνα
1037 1471 1116 1543 μὴ
1132 1471 1604 1542 ἀναισχυντήσωσι
1625 1469 1761 1542 πρὸς

178 1566 284 1634 τὴν
328 1566 504 1637 κακὴν
537 1565 778 1638 διδαχήν.
812 1583 831 1618 ι
857 1565 1046 1637 Χαίρω
1093 1558 1187 1619 οῦν
1216 1562 1278 1618 τὸ
1300 1565 1386 1634 ἐφ’
1418 1564 1566 1635 ὑμῖν.
1597 1562 1763 1625 ιΤοῖς

1852 738 2128 808 siquidem
2154 751 2415 797 accusant
2440 742 2660 798 Judzeos
2693 753 2950 814 tanquam
2982 747 3161 800 ventri
3192 745 3429 803 deditos.

1860 849 1880 883 ι
1914 830 2020 886 Per
2065 831 2621 904 blandiloquentiam.
2686 854 2703 884 ι
2757 835 2942 890 Verbo
2995 845 3177 901 tenus,
3233 837 3433 907 inquit,

1854 924 2266 996 obsequuntur,
2325 942 2482 983 mens
2532 937 2717 983 autem
2763 929 2952 984 dolosa
3005 940 3090 984 est
3157 945 3284 1001 erga
3319 947 3434 986 vos.

1855 1017 2017 1074 Hunc
2060 1033 2194 1074 vero
2257 1019 2391 1073 dicit
2431 1006 2779 1075 communem
2827 1021 3051 1075 modum
3097 1021 3440 1092 deceptionis

1858 1109 2009 1182 quod
2057 1109 2297 1181 primum
2347 1110 2482 1180 ipsis
2505 1119 2878 1166 assentantur.
2911 1129 2932 1165 ς
2981 1112 3162 1168 Corda
3225 1113 3439 1182 simpli-

1859 1200 2028 1256 cium.
2092 1219 2111 1253 ι
2173 1201 2294 1256 Non
2363 1199 2537 1266 dixit,
2580 1201 2814 1265 Vestra,
2887 1201 2982 1256 sed
3045 1221 3064 1253 ‹
3127 1201 3442 1271 Simplicio-

1859 1307 2007 1348 rum.
2046 1311 2066 1344 ι
2097 1320 2165 1335 --
2211 1311 2229 1343 ι
2263 1291 2400 1348 Nam
2428 1300 2612 1348 vestra
2635 1293 2974 1349 obedientia.
3015 1313 3034 1345 ι
3062 1295 3132 1348 Ει
3153 1293 3298 1365 quod
3329 1309 3440 1349 non

1861 1400 1980 1452 vos,
2011 1383 2109 1440 sed
2143 1383 2512 1455 simpliciores
2555 1384 2855 1454 decipiant,
2913 1385 3037 1439 hinc
3089 1385 3442 1440 manifestum

1863 1486 1970 1545 est,
2025 1477 2174 1549 quod
2227 1493 2356 1533 vera
2402 1476 2717 1533 obedientia
2764 1493 2827 1532 ac
2877 1478 3313 1547 persuasibilitas
3374 1477 3444 1532 ad

1862 1585 2058 1628 omnes
2085 1569 2356 1642 pervenit.
2397 1569 2596 1625 Multos
2620 1578 2803 1623 autem
2846 1577 3012 1624 testes
3034 1569 3167 1639 ipsis
3218 1569 3440 1636 statuit,

183 1658 263 1730 μὴ
293 1658 738 1728 ἐξαπατωμένοις
765 1657 952 1729 φησίν.
981 1675 1001 1710 ι
1033 1657 1237 1728 Σοφοὺς
1267 1655 1366 1728 μὲν
1415 1651 1556 1709 εἶναι
1582 1657 1663 1720 είς
1701 1652 1764 1708 τὸ

1895 1678 1936 1720 ιο
1959 1662 2026 1718 ad
2057 1663 2256 1718 malam
2281 1661 2588 1719 doctrinam
2609 1661 3024 1718 erubescerent.
3055 1660 3218 1732 412
3255 1680 3271 1712 ‹
3297 1660 3446 1716 Gau-

183 1752 416 1820 ἀγαθόν.
444 1769 464 1803 ι
483 1750 888 1805 ’Υπαινίττεται
920 1749 1004 1803 ὃτι
1036 1748 1128 1803 καὶ
1152 1747 1213 1814 ἐξ
1241 1747 1420 1802 αὐτῶν
1452 1741 1592 1818 ἦσαν
1611 1761 1757 1809 τινες

1895 1757 1974 1810 leo
2005 1754 2173 1826 igitur
2219 1762 2445 1826 propter
2490 1769 2608 1818 vos,
2647 1773 2665 1804 ι
2703 1753 2852 1824 quod
2900 1768 3010 1807 non
3059 1753 3179 1808 sitis
3208 1752 3444 1822 decepti.

183 1841 562 1911 ἀπατώμενοι.
614 1838 766 1893 Θέλω
791 1838 922 1911 γὰρ,
981 1837 1168 1910 φησὶν,
1204 1838 1286 1902 εἰς
1328 1836 1428 1908 μὲν
1464 1836 1526 1890 τὸ
1559 1834 1765 1906 ἀγαθὸν

1895 1864 1899 1897 ι
1937 1845 2228 1918 Sapientes
2251 1845 2474 1916 quidem
2509 1859 2632 1900 esse
2684 1844 2752 1899 ad
2796 1844 3027 1900 bonum.
3059 1871 3078 1896 ι
3125 1843 3449 1899 Subindicat

185 1931 330 1990 εἶναι
364 1903 513 2004 (ipsi;
545 1903 881 2002 φρονίμους,
907 1903 1008 1997 εἰς’
1147 1903 1217 1984 τὰ
1260 1903 1462 2002 φαῦλα,
1504 1903 1762 1995 ἀπείρους

1895 1903 2207 2010 [uodletiam
2234 1903 2455 2009 quidam
2477 1937 2698 1994 illorum
2726 1937 2938 2007 decepti
2959 1945 3135 1992 erant.
3164 1935 3447 2007 Siquidem

188 2025 364 2082 κακοῦ
377 2058 463 2079 .---
475 2025 769 2099 [ΣΕΥΗΡ.]
787 2025 1050 2080 Τουτέστι
1064 2023 1324 2096 φρονήσει
1340 2023 1439 2094 μὶν
1463 2021 1768 2096 κεχρῆσθαι

1895 2032 1945 2087 tit
1991 2049 2007 2088 :
2039 2031 2122 2088 Ad
2163 2031 2370 2087 bonum
2405 2030 2628 2101 quidem
2671 2030 2798 2086 volo
2827 2045 2924 2084 vos
2966 2029 3269 2100 prudentes
3300 2044 3445 2092 esse,

187 2120 268 2183 είς
291 2118 355 2172 τδ
385 2119 461 2190 μὴ
492 2118 584 2189 ὑφ’
609 2118 813 2189 ἑτέρων
845 2115 1171 2181 ἀδικεῖσθαι,
1203 2115 1561 2187 ἀκεραιότητι
1598 2114 1656 2168 δὲ
1688 2116 1771 2179 είς

1895 2124 1935 2179 ιιι
1961 2139 2132 2194 prava
2163 2139 2295 2179 vero
2347 2123 2630 2194 imperitos
2658 2121 2852 2188 malis;
2887 2121 2990 2176 hoc
3021 2131 3128 2186 est,
3155 2119 3448 2191 prudentia

189 2211 250 2264 τὸ
267 2210 346 2280 μὴ
362 2209 570 2281 ἑτέροις
593 2207 986 2264 ὶπιδονλεύειν.
1021 2226 1041 2260 ι
1061 2207 1120 2262 Ὀ
1137 2206 1194 2262 δὲ
1206 2207 1338 2272 Θεὸς
1355 2206 1456 2276 τῆς
1469 2206 1720 2278 εἰρήνης.
1744 2223 1764 2258 ι

1895 2216 2097 2288 [uidem
2144 2215 2248 2281 uti,
2286 2229 2356 2270 ne
2396 2214 2466 2270 ab
2503 2214 2629 2269 aliis
2657 2213 2956 2283 quidquam
2993 2212 3256 2281 iniustum
3293 2211 3449 2267 vobis

203 2300 426 2372 Ἐπειδὴ
469 2296 613 2372 ἦσαν
654 2299 1013 2371 διχοστασίαι,
1045 2297 1136 2353 τὸν
1167 2298 1267 2369 τῆς
1313 2299 1536 2369 εἰρήνης
1571 2297 1773 2368 δοτῆρα

1895 2310 1967 2363 lat
2017 2325 2034 2370 ;
2091 2307 2464 2363 sinceritatem
2517 2315 2722 2370 autem,
2777 2320 2847 2359 ne
2905 2304 3030 2358 aliis
3091 2303 3448 2358 insidiemini.

195 2393 563 2456 ἐπικαλεῖται,
584 2392 671 2446 ἵνα
689 2391 875 2464 παύσῃ
892 2393 958 2446 τὰ
975 2387 1268 2445 σκάνδαλα.
1288 2408 1307 2442 ι
1328 2387 1638 2460 Συντρίψει.
1663 2406 1682 2439 ι
1707 2388 1772 2442 '0

1895 2399 2082 2454 {Deus
2133 2406 2319 2453 autem
2366 2397 2538 2468 pacis.
2595 2414 2614 2447 ι
2667 2394 2938 2461 Quoniam
2998 2405 3156 2449 erant
3198 2392 3450 2459 dissidia,

194 2484 377 2556 πολλῷ
407 2485 590 2556 μεῖζον
619 2481 687 2556 ἦν
719 2484 812 2538 τοῦ
845 2484 1134 2550 ὑποτάξαι.
1167 2502 1185 2535 ι
1210 2483 1316 2537 Τὸν
1342 2482 1604 2537 Σατανᾶν.
1650 2500 1671 2534 ι
1697 2481 1770 2534 Ού

1895 2489 2026 2544 iacis
2073 2488 2322 2544 datorem
2382 2487 2622 2550 invocat,
2671 2494 2731 2540 ut
2781 2484 3038 2540 cohibeat
3099 2482 3451 2541 oll‘endicula.

198 2578 381 2645 μόνον,
415 2579 568 2648 φησι,
613 2578 681 2632 τὰ
731 2577 1004 2631 σκάνδαλα
1035 2576 1522 2648 παρεμϐάλλοντας
1557 2575 1774 2646 συντρί-

1895 2600 1901 2633 ι
1939 2580 2220 2637 Conteret.
2255 2599 2272 2632 ι
2315 2578 2473 2648 Quod
2521 2577 2698 2634 multo
2737 2576 2911 2648 magis
2947 2592 3109 2648 quam
3155 2576 3452 2646 subjicere.

193 2668 313 2736 ψει,
348 2667 486 2720 ἀλλὰ
521 2667 615 2720 καὶ
644 2667 808 2721 αὐτὸν
831 2668 923 2720 τὸν
945 2667 1250 2739 στρατηγὸν
1285 2667 1467 2722 αὐτῶν
1509 2667 1773 2722 Σατανᾶν.

1895 2693 1904 2725 ι
1932 2673 2212 2729 Satanam.
2243 2692 2261 2725 ι
2284 2671 2402 2728 Non
2431 2670 2632 2734 solum,
2661 2668 2862 2740 inquit,
2897 2666 3259 2722 immittentes
3282 2667 3458 2722 oﬂ'en-

205 2781 224 2811 ι
245 2759 338 2813 Ἐν
366 2758 542 2830 τάχει,
570 2778 588 2811 ι
613 2760 798 2830 φησίν.
835 2760 929 2814 Ἐκ
960 2761 1052 2813 τοῦ
1086 2761 1277 2831 χρόνου
1310 2759 1410 2830 τὴν
1427 2759 1778 2830 παραμυθίαν

1895 2766 2062 2821 licula
2086 2773 2359 2831 conteret,
2393 2761 2492 2820 sed
2518 2771 2574 2817 et
2603 2760 2784 2832 ipsum
2817 2760 3038 2816 illorum
3073 2759 3266 2815 ducem
3298 2759 3457 2814 Sata-

200 2850 652 2915 κατασκευάζων.
697 2869 716 2902 ι
766 2851 830 2903 Ἦ
862 2851 1022 2920 χάρις
1043 2849 1138 2903 τοῦ
1170 2847 1377 2923 Κυρίου
1408 2849 1562 2920 ἡμῶν
1599 2848 1777 2916 Ἰησοῦ

1895 2875 2028 2914 iam.
2069 2877 2087 2910 ‹
2119 2855 2302 2912 Brevi.
2361 2875 2378 2908 ι
2423 2855 2467 2910 Α
2496 2863 2741 2926 tempore
2789 2852 3222 2909 consolationem
3253 2850 3456 2907 contir-

201 2942 442 3014 Χριστοῦ
501 2942 623 3013 μεθ’
669 2942 843 3014 ὑμῶν.
877 2960 894 2992 ι
947 2941 1278 3013 ’Δνέμνησεν
1325 2943 1524 3005 αὐτοὺς
1560 2943 1658 3011 τῆς
1683 2941 1777 2994 τοῦ

1895 2957 2016 3004 mat.
2053 2969 2071 3000 ι
2107 2947 2290 3004 Gratia
2315 2945 2532 3002 Domini
2561 2945 2737 3000 nostri
2776 2945 2905 3002 Iesu
2932 2943 3135 3000 Christi
3167 2943 3238 2998 sit
3267 2943 3454 2998 vobis-

200 3035 337 3089 Θεοῦ
369 3035 613 3106 χάριτος,
635 3037 736 3106 τῆς
763 3035 851 3088 ἀεὶ
878 3034 1154 3106 σωσάοης.
1188 3033 1252 3087 El
1275 3034 1332 3087 δὲ
1361 3035 1585 3104 ἐχθροὺς
1621 3033 1782 3097 δντας

1895 3056 2029 3096 cum.
2068 3059 2086 3092 ι
2149 3038 2402 3110 Suggerit
2435 3027 2582 3109 ipsis
2630 3037 2728 3092 Dei
2772 3035 3027 3108 gratiam,
3076 3051 3198 3106 quae
3243 3049 3460 3104 semper

201 3127 398 3191 εσωσε,
433 3128 588 3198 φησὶ,
619 3128 797 3198 πολλῷ
828 3127 1028 3198 μᾶλλον
1057 3125 1172 3180 νῦν.
1209 3127 1376 3198 Ὁρᾷς
1398 3128 1483 3180 ὅτι
1511 3127 1648 3196 μετὰ
1674 3125 1782 3182 τῶν

1895 3129 2063 3183 salvos
2115 3127 2264 3182 facit.
2304 3126 2458 3194 Quod
2505 3126 2552 3182 si
2597 3141 2727 3182 cum
2792 3125 3004 3180 inimici
3047 3132 3232 3180 essent
3284 3123 3463 3179 salvos

203 3219 406 3290 εργων,
438 3219 532 3272 καὶ
571 3217 794 3291 χάριτος
833 3220 911 3283 είς
945 3219 1004 3272 τὸ
1043 3218 1284 3288 σωθῆναι
1322 3218 1592 3288 δεόμεθας
1631 3219 1785 3274 Μετὰ

1895 3217 2040 3285 fecit,
2075 3219 2251 3274 multo
2279 3219 2450 3289 magis
2473 3233 2642 3273 nunc.
2672 3217 2840 3273 Vides
2865 3216 3012 3288 quod
3053 3231 3177 3272 cum
3202 3215 3465 3287 operibus

203 3311 313 3380 γὰρ
342 3310 406 3362 τὸ
443 3313 786 3383 μαρτυρῆσαι
817 3312 1001 3376 αὐτοῖς
1040 3311 1310 3382 ὑπακοὴν,
1342 3311 1465 3364 τότε
1494 3310 1593 3382 τὴν
1618 3311 1782 3382 χάριν

1895 3314 2048 3371 etiam
2095 3313 2268 3386 gratia
2311 3315 2470 3371 nobis
2508 3327 2650 3382 opus
2692 3311 2765 3365 sit
2807 3319 2869 3366 ut
2908 3310 3042 3366 salvi
3075 3309 3284 3365 simus?
3325 3308 3463 3362 Nam

208 3402 507 3470 ἐπεύξατο.

277 3585 676 3646 Ἀσπάζονται
718 3585 872 3654 ὑμᾶς
919 3584 1198 3655 Τιμόθεος
1238 3586 1270 3638 ὀ
1313 3586 1609 3652 συνεργός
1643 3598 1784 3650 μου,

208 3678 309 3734 καί
338 3679 617 3744 Λούκιος,
641 3677 737 3730 καί
755 3677 992 3742 Ἰάσων,
1022 3677 1120 3730 καὶ
1138 3674 1539 3742 Σωσίπατρος,
1565 3677 1618 3728 cl
1647 3688 1790 3742 avr-

209 3770 413 3842 γενεῖς
460 3787 603 3840 μου.
660 3768 1017 3838 Ἀσπάζομαι
1073 3767 1228 3838 ὑμᾶς
1283 3767 1396 3838 ἐγὼ
1447 3765 1708 3835 Τέρτιος,
1757 3767 1789 3819 ό

208 3865 452 3934 γράψας
507 3861 623 3932 τὴν
673 3862 1012 3931 ἐπιστολὴν
1056 3861 1126 3914 ἐν
1179 3860 1397 3928 Κυρίῳ.
1439 3857 1790 3918 Ἀσπάζεται

209 3955 373 4026 ὑμᾶς
413 3954 598 4021 Γάϊος
648 3956 682 4008 ὁ
713 3953 888 4019 ξένος
938 3970 1080 4023 μου,
1141 3951 1373 4019 καὶτῆς
1423 3949 1792 4016 Ἐκκλησίας

211 4049 389 4117 ὅλης.
423 4045 773 4108 Ἀσπάζεται
798 4046 952 4116 ὑμᾶς
977 4048 1272 4112 Ἔραστος
1292 4045 1326 4098 ὁ
1350 4043 1662 4112 οἰκονόμος
1683 4040 1793 4110 τῆς

215 4145 478 4207 πόλεως,
512 4141 611 4194 καί
643 4141 947 4207 Κούαρτος
984 4141 1018 4192 d
1047 4137 1333 4206 ἀδελφός.
1377 4135 1448 4189 Ἦ
1484 4133 1656 4204 χάρις
1687 4131 1792 4187 τοῦ

214 4239 445 4308 Κυρίου
474 4235 641 4307 ήμῶν
659 4231 868 4304 Ἰησοῦ
891 4228 1151 4300 Χριστοῦ
1171 4226 1320 4298 μετὰ
1347 4224 1586 4279 πάντων
1606 4215 1789 4293 ὑμῶν.

229 4331 444 4401 Ἀμήν.

292 4421 453 4487 Εἶδες
481 4421 754 4493 ἐγκώμιον
781 4419 876 4474 τοῦ
907 4415 1212 4489 Τιμοθέους
1258 4414 1516 4485 συνήργει
1552 4411 1609 4466 δὲ
1645 4409 1794 4480 αύτῷ

219 4521 278 4573 έν
339 4515 419 4588 τῷ
443 4513 779 4585 Εύαγγελίῳ.
822 4529 842 4565 ι
877 4511 987 4566 Καὶ
1021 4507 1394 4578 Σωσίπατρος,
1437 4505 1485 4558 cl
1511 4503 1794 4572 συγγενεῖς

1885 3410 2175 3474 postquam
2238 3401 2608 3456 obedientiam
2657 3396 2790 3465 ipsis
2843 3395 3038 3453 adesse
3086 3402 3318 3451 testatus
3355 3404 3462 3458 est,

1888 3505 2021 3550 tunc
2058 3493 2222 3548 etiam
2255 3491 2483 3563 gratiam
2508 3497 2682 3560 optat.

1958 3585 2097 3651 XVI,
2131 3559 2318 3640 2l-2v4.
2351 3559 2602 3639 Salutant
2624 3597 2712 3636 vos
2745 3559 3044 3635 Timotheus
3066 3578 3279 3648 adjutor
3301 3593 3465 3643 meus,

1889 3684 1938 3730 et
1957 3675 2168 3737 Lucius,
2203 3682 2251 3728 et
2273 3672 2461 3738 lason,
2489 3690 2551 3727 ac
2574 3670 2848 3741 Sosipater
2878 3669 3090 3739 cognati
3133 3667 3253 3721 mei.
3280 3665 3468 3721 Saluto

1890 3786 1978 3824 vos
2025 3785 2116 3840 ego
2152 3767 2377 3831 Tertius,
2413 3768 2502 3836 qui
2549 3765 2738 3836 scripsi
2792 3761 3070 3832 epistolam
3119 3760 3175 3813 in
3222 3759 3469 3814 Domino.

1891 3858 2106 3915 Salutat
2151 3875 2237 3912 vos
2289 3857 2452 3914 Gaius
2498 3857 2680 3924 hospes
2726 3871 2870 3908 meus
2911 3855 3170 3923 totiusque
3200 3851 3469 3907 Ecclesia.

1894 3952 2109 4008 Salutat
2136 3968 2222 4004 vos
2251 3949 2496 4013 Erastus,
2533 3964 2830 4003 wconomus
2868 3946 3116 4010 civitatis,
3153 3952 3204 3998 et
3235 3944 3469 4009 Quartus

1893 4045 2082 4114 frater.
2119 4040 2305 4096 Gratia
2364 4039 2578 4092 Domini
2611 4041 2773 4091 nostri
2813 4032 2944 4088 Jcsu
2993 4034 3186 4091 Christi
3237 4039 3304 4091 sit
3351 4050 3470 4088 cum

1893 4135 2132 4191 omnibus
2161 4134 2324 4190 vobis.
2349 4133 2538 4189 Amen.

1969 4406 2136 4464 Vides
2203 4403 2519 4459 encomium
2587 4397 2902 4455 Timothei?
2959 4395 3248 4468 adiuvabat
3323 4393 3472 4447 enim

1899 4501 2079 4571 ipsum
2106 4499 2162 4553 in
2188 4497 2500 4568 Evangelio.
2533 4512 2550 4544 ι
2596 4493 2662 4548 Ει
2693 4491 2995 4560 Sosipater,
3034 4485 3248 4558 cognati
3285 4485 3412 4538 mei.
3447 4501 3466 4534 ι

221 4627 350 4682 μου.
439 4575 743 4676 Συγγενείς
785 4619 942 4674 φησι,
975 4601 1103 4665 τοὺς
1140 4575 1384 4660 ἐοικότας
1403 4594 1544 4649 κατὰ
1576 4594 1678 4666 τὴν
1708 4592 1785 4647 εύ-

1899 4591 2150 4665 Cognati,
2195 4589 2394 4660 inquit,
2430 4585 2639 4642 similes
2675 4585 2729 4638 in
2775 4583 2996 4654 pietate.
3038 4599 3055 4630 ι
3101 4577 3339 4634 Tertius.
3383 4575 3480 4645 qui

219 4700 467 4756 σέσειαν.
494 4698 766 4770 «Τέρτιος,
790 4698 818 4750 6
835 4693 1072 4766 γράψας.
1094 4709 1114 4746 ι
1135 4692 1279 4746 ’Δντὶ
1303 4688 1541 4762 μεγάλου
1557 4687 1802 4741 τέθεικεν

221 4794 480 4853 ἐπαίνου.
505 4793 567 4846 τδ
593 4787 732 4846 εἶναι
754 4787 1080 4858 ύπογραφέα
1097 4784 1334 4840 Παύλου.
1362 4803 1380 4836 ι
1404 4782 1566 4846 Γάϊος
1593 4781 1622 4834 6
1651 4780 1803 4847 ξένος

226 4905 356 4961 μου.
384 4906 405 4940 ι
427 4884 720 4940 Τουτέστιν
750 4883 778 4938 6
805 4879 1078 4951 ξενοδόχος
1107 4895 1230 4949 μου.
1254 4876 1364 4930 Καὶ
1395 4873 1563 4938 πολὺς
1591 4874 1620 4928 6
1647 4873 1804 4928 επαι-

220 4997 340 5044 νος,
373 4979 456 5033 ὅτι
483 4978 663 5031 πᾶσαν
699 4973 860 5038 αὐτὸς
914 4971 1178 5042 ξενοδοχεῖ
1199 4968 1298 5043 τὴν
1324 4965 1677 5037 Ἐκκλησίαν,
1709 4963 1806 5020 καὶ

222 5075 322 5129 τὸν
353 5069 592 5134 Παῦλον,
631 5067 688 5129 ὃς
727 5065 828 5119 ούκ
875 5063 942 5119 ἂν
973 5061 1160 5125 ἁπλῶς
1191 5059 1320 5132 παρ’
1355 5059 1503 5129 αύτῷ
1533 5057 1804 5128 ἰξενίσοη,

225 5168 278 5220 εί
307 5164 384 5237 μὴ
421 5159 491 5235 ἦν
513 5163 542 5215 6
570 5160 729 5222 Γάϊος
758 5156 928 5222 ἄξιος.
957 5173 976 5206 ι
998 5153 1058 5208 '0
1083 5153 1366 5222 οίκονόμος
1391 5150 1492 5222 τῆς
1524 5149 1750 5212 πόλεως.
1777 5165 1796 5198 ι

225 5259 342 5328 Τὴν
378 5253 535 5322 ἀξίαν
569 5249 734 5307 αὐτοῦ
761 5249 1023 5310 τέθεικεν,
1056 5247 1145 5300 ἵνα
1172 5244 1316 5317 γνῷς
1344 5245 1427 5298 ὅτι
1459 5243 1518 5297 ού
1551 5241 1802 5305 πλοῦτος,

227 5351 331 5404 οὐκ
360 5348 615 5416 ἀξίωμα,
647 5341 878 5412 κώλυμα
931 5337 1141 5408 γίνεται
1186 5355 1291 5393 τινι
1336 5337 1474 5409 πρὸς
1519 5335 1582 5389 τὸ
1631 5333 1806 5404 ὀρθῶς

232 5442 385 5514 βιοῦν
417 5441 452 5511 ἢ
496 5437 793 5492 πιστεύειν.

311 5553 333 5586 α
371 5533 440 5588 Ἡ
466 5533 624 5604 χάρις
651 5532 746 5585 τοῦ
777 5532 982 5603 Κυρίου
1010 5526 1186 5596 Ἰησοῦ
1217 5523 1477 5594 Χριστοῦ.
1509 5542 1526 5575 ι
1562 5523 1674 5590 Τῆς
1703 5520 1802 5590 χά·

239 5644 388 5694 ριτος
421 5626 716 5696 μέμνηται,
749 5623 858 5677 τῶν
892 5619 1227 5691 εὐεργεσιῶν
1260 5616 1696 5686 ὑπομιμνήσκων
1715 5609 1808 5664 τοῦ

236 5714 499 5789 Χριστοῦ.
526 5733 543 5764 ι
571 5716 728 5768 Μετὰ
757 5713 976 5766 πάντων
1007 5707 1183 5779 ὑμῶν.
1219 5706 1417 5776 Ἀμήν.
1443 5723 1461 5754 r
1487 5701 1673 5763 Οὕτως
1707 5700 1809 5768 ’ἦρ-ο

239 5809 369 5875 ξατο
393 5807 502 5863 ἀπὸ
523 5806 706 5877 εὐχῆς.
755 5825 770 5854 ι
807 5805 973 5872 Χάρις
1013 5803 1140 5869 ύμῖν
1173 5801 1268 5853 καί
1301 5797 1487 5868 εὲρήνη
1524 5797 1629 5846 ἀπὺ
1675 5789 1807 5844 Θεοῦ

238 5903 452 5976 Πατρδς
486 5900 577 5954 καὶ
611 5899 814 5969 Κυρίου
844 5895 1016 5963 Ἰησοῦ
1042 5893 1299 5962 Χριστοῦ,
1339 5911 1354 5940 ι
1393 5891 1481 5944 καὶ
1519 5888 1807 5949 adsurgu-

1904 4682 2122 4754 scripsi.
2154 4701 2171 4734 ›
2203 4681 2264 4736 Id
2305 4692 2512 4749 magna:
2543 4675 2722 4732 laudis
2760 4675 2881 4728 loco
2913 4671 3118 4742 posuit.
3145 4667 3290 4738 quod
3331 4666 3482 4722 Pauli

1905 4772 2256 4832 amanuensis
2283 4769 2470 4825 luerit.
2504 4786 2522 4819 ι
2552 4765 2718 4821 Gaius
2748 4765 2948 4832 hospes
2973 4776 3148 4816 meus.
3187 4778 3204 4810 ι
3242 4757 3356 4812 Hoc
3375 4766 3481 4824 est,

1905 4864 2147 4935 hospitio
2190 4876 2277 4916 me
2308 4858 2618 4928 suscipiens
2659 4872 2673 4908 :
2705 4864 2760 4909 et
2807 4867 3002 4922 magna
3042 4849 3163 4904 laus
3189 4857 3306 4902 erat
3338 4847 3486 4915 quod

1907 4973 2128 5016 omnem
2179 4956 2484 5012 Ecclesium
2549 4949 2789 5019 hospitio
2852 4945 3132 5014 exciperet
3193 4957 3301 4996 una
3359 4956 3488 4995 cum

1907 5053 2099 5116 Paulo,
2129 5050 2222 5121 qui
2272 5064 2382 5102 non
2433 5055 2640 5101 temere
2673 5039 2819 5110 apud
2859 5054 2986 5094 eum
3014 5037 3207 5091 fuisset
3243 5035 3487 5105 hospita-

1908 5149 2019 5210 tus,
2052 5141 2157 5194 nisi
2199 5137 2368 5194 Gaius
2417 5135 2642 5189 omnino
2675 5131 2874 5202 dignus
2915 5129 3128 5183 fuisset.
3182 5146 3200 5178 ‹
3232 5126 3487 5182 (Econo-

1911 5251 2035 5290 mus
2060 5231 2322 5289 civitatis.
2355 5250 2372 5281 ι
2409 5230 2542 5299 Ejus
2582 5226 2766 5297 posuit
2795 5223 3142 5295 dignitatem.
3171 5229 3232 5274 ut
3271 5218 3492 5274 noveris

1911 5326 2058 5398 quod
2101 5340 2208 5379 non
2230 5321 2456 5385 divitiae,
2498 5334 2605 5373 non
2629 5316 2887 5387 dignitas,
2924 5311 3088 5366 alicui
3125 5306 3473 5378 sintimpedi-

1912 5429 2098 5476 mento
2121 5418 2187 5473 ad
2218 5425 2362 5471 recte
2389 5410 2710 5474 vivendum,
2747 5417 2842 5462 aut
2871 5405 3229 5460 credendum.

1981 5513 2143 5586 5.13
2173 5530 2191 5562 ι
2227 5508 2411 5565 Gratia
2437 5503 2654 5560 Domini
2687 5500 2863 5556 nostri
2887 5499 3011 5554 Jesu
3047 5493 3270 5552 Christi.
3307 5510 3326 5543 ο
3351 5492 3487 5586 Gra-

1913 5582 2296 5666 tiaa’mentiuit,
2329 5599 2535 5655 Christi
2563 5592 2829 5650 beneﬁcia
2862 5591 2970 5644 illis
2999 5601 3315 5658 suggerens.
3353 5601 3370 5632 ι
3405 5582 3486 5636 Sit

1914 5715 2040 5756 cum
2095 5693 2356 5752 omnibus
2411 5690 2590 5743 vobis.
2656 5687 2850 5738 Amen.
2891 5701 2908 5731 ι
2951 5681 3027 5734 Ita
3068 5695 3097 5732 a
3173 5675 3489 5746 precatione

1917 5790 2082 5861 cmpit
2116 5806 2129 5843 :
2172 5804 2190 5837 ι
2224 5783 2409 5839 Gratia
2445 5777 2600 5833 vobis
2637 5786 2692 5829 et
2740 5788 2840 5843 pax
2881 5786 2909 5826 ι)
2944 5771 3057 5825 Deo
3086 5769 3244 5822 Patre
3290 5775 3345 5861 et
3387 5766 3467 5818 Do

1921 5853 2069 5937 mino
2103 5877 2232 5932 Jesn
2257 5873 2477 5929 Christo
2513 5885 2525 5920 :
2571 5883 2590 5916 ι
2628 5872 2680 5917 et
2709 5863 2780 5915 ita
2812 5857 3156 5914 convcnieuti
3186 5853 3348 5909 modo
3378 5870 3471 5908 scr
