3880 6564
485 339 590 438 635

1541 381 1942 448 (ECUMENII
1971 389 2271 449 TilltICJi
2315 391 2658 454 EPISCOPI

3595 422 3674 489 636

487 502 705 542 munem
733 490 1014 546 concludit
1045 493 1099 548 in
1146 496 1540 563 precationem,
1575 517 1594 551 ‹
1629 497 1837 564 Gratia,
1868 500 2067 570 inquit,

488 579 704 600 ..___,J.
744 581 862 600 .-η
899 583 958 600 η.
1230 586 1244 600 .
1361 597 1370 600 ,
1482 589 1494 600 .
1842 591 1854 600 .

2174 501 2407 556 ταπαύει
2441 502 2532 556 τὸν
2562 504 2719 572 λόγον
2749 508 3058 580 προσεικῶς
3097 513 3176 576 εἰς
3203 513 3379 586 εὐχήν.
3424 540 3441 574 ι
3483 524 3537 580 Ἥ
3557 531 3676 600 χάρις

488 579 704 633 Domini
736 581 865 636 Jesn
897 583 1123 638 Christi.
1164 604 1180 636 ι
1216 586 1376 642 Amat
1406 589 1554 644 enim
1581 607 1799 661 semper
1842 591 1947 647 hoc
1973 608 2072 663 p0-

2174 594 2268 692 τοῦ
2295 595 2668 692 Κυρςουὴμῶν
2690 597 2864 666 Ἰησοῦ
2892 601 3175 672 Χριστοῦ.»
3213 607 3414 682 Ταύτην
3441 616 3533 688 γάρ

487 686 620 724 nere
670 669 1112 741 fundamentum,
1159 679 1391 749 parique
1455 683 1619 736 modo
1670 683 1818 739 hunc
1863 701 2070 755 ponere

2174 687 2300 752 λιον,
2333 688 2538 761 ταύτην
2571 691 2694 763 ὅρον
2713 693 2798 746 ἀεὶ
2823 697 3001 750 ποιεῖν
3034 697 3184 769 αύτῷ
3212 701 3374 770 φίλον.

489 765 809 820 terminum.

486 849 652 920 Finis,
697 855 872 911 divino
894 858 1350 948 faventeauxilio,
1385 865 1643 938 Epistula:
1677 871 1747 924 ad
1773 871 2061 928 Romanos.

486 983 698 1056 Scripta
733 998 817 1045 est
848 1006 879 1046 a
919 991 1188 1050 Corintho
1212 1013 1310 1067 per
1339 999 1586 1057 Phoeben
1619 1004 1926 1061 ministram
1956 1007 2066 1062 Ee-

955 1085 1139 1144 elesiae
1161 1087 1588 1152 C—encbreensis.

614 1304 1072 1317 Μ

2170 870 2350 948 Τέλος
2371 857 2492 938 σὺν
2525 874 2644 941 Θεῷ
2681 875 2792 945 τῆς
2819 878 2971 946 πρὸς
3007 879 3328 948 Ῥωμαίους
3357 885 3678 966 Ἐπιστολῆς,

2187 1005 2432 1078 ἐγράφη
2461 1009 2566 1062 ἀπὸ
2601 1011 2868 1082 Κορίνθου
2901 1013 2994 1066 διὰ.
3017 1014 3214 1085 Φοίϐης
3241 1018 3336 1087 τῆς
3363 1020 3578 1080 διακόνου
3615 1033 3680 1102 τῆς

2564 1103 2623 1155 ἐν
2659 1105 2968 1177 Κεγχρεαῖς
3020 1106 3359 1178 Ἐκκλησίας.

1844 1500 2414 1593 ΥΠΟΘΕΣΙΣ

1299 1678 1434 1732 ΤΗΣ
1480 1679 1657 1734 ΠΡΟΣ
1701 1682 2125 1738 ΚΟΡΙΝΘΙΟΥΣ
2200 1685 2477 1740 ΠΡΩΤΠΣ
2527 1686 2938 1748 ΕΠΙΣΤΟΛΗΣ.

1696 1933 2540 2105 ARGUMENTUM

1478 2200 1761 2259 PRIORIS
1787 2199 1879 2256 AD
1905 2200 2341 2261 CORINTHIOS‘
2360 2203 2742 2264 EPISTOLE.

558 2519 723 2596 4η
748 2519 901 2575 lianc
926 2518 994 2573 ab
1025 2515 1242 2589 Epheso
1266 2515 1488 2574 civitate
1518 2517 1657 2574 Asia:
1694 2518 1909 2582 scribit,
1945 2533 2070 2577 cum

2248 2516 2464 2588 Ταύτην
2494 2517 2804 2572 ἐπιστέλλει
2829 2518 2936 2598 ἀπὸ
2968 2520 3197 2590 Ἐφέσου
3221 2523 3320 2594 τῆς
3338 2524 3530 2588 Ἀσίας,
3556 2525 3685 2594 Euga-

482 2613 594 2686 jam
615 2630 710 2669 eos
727 2623 783 2668 et
801 2612 1031 2667 vidisset
1051 2619 1107 2666 et
1127 2611 1408 2666 docuisset
1429 2627 1443 2674 ;
1468 2610 1575 2666 hac
1602 2611 1787 2682 itaque
1816 2612 2062 2680 Epistula

486 2721 762 2762 memores
799 2719 894 2760 eos
931 2702 1133 2758 reddit.
1168 2702 1264 2756 Est
1297 2712 1479 2758 autem
1530 2703 1637 2758 hoc
1664 2702 1919 2774 Epistolae
1962 2704 2068 2759 Ar-

489 2807 833 2869 gumentum.
880 2794 1152 2852 Corinthii
1197 2795 1546 2850 contentiose
1583 2795 1898 2867 congregati
1938 2810 2068 2850 sen-

491 2890 677 2946 tentiis
704 2889 1114 2954 dividebantur,
1155 2896 1209 2944 et
1229 2889 1338 2961 jam
1371 2897 1529 2943 erant
1573 2888 1720 2944 inter
1761 2903 1856 2944 eos
1903 2887 2068 2944 dissi-

486 2984 597 3038 dia.
630 2981 876 3053 Cumque
901 2980 1200 3037 divisiones
1223 2990 1427 3047 essent,
1461 2980 1829 3036 connivebant
1856 2997 1980 3036 cum
2001 2996 2070 3036 eo

487 3079 582 3148 qui
615 3091 909 3132 novercam
935 3075 1123 3130 uxoris
1141 3075 1268 3130 loco
1301 3086 1606 3145 acceperat.
1636 3075 1744 3130 Alii
1775 3091 1905 3131 vero
1941 3091 2072 3130 con-

491 3169 737 3223 tTnentia:
762 3174 1026 3238 praetequ
1055 3165 1306 3238 proprias
1324 3166 1654 3223 deserebant
1675 3182 1872 3222 uxores
1899 3182 1914 3222 :
1947 3166 2072 3237 qui-

489 3261 616 3315 dam
648 3272 833 3316 autem
867 3260 922 3315 in
958 3263 1180 3332 templis
1215 3261 1483 3316 idolorum
1517 3259 1774 3326 edebant,
1803 3259 2072 3316 habentes

485 3369 552 3409 ea
584 3370 705 3423 qua:
730 3354 892 3410 idolis
920 3353 1342 3410 immolabantur
1366 3352 1766 3408 indifferentia.
1800 3352 1903 3407 Alii
1929 3368 2071 3422 prae-

489 3456 638 3501 terea
678 3462 774 3502 eos
810 3447 905 3516 qui
944 3447 1147 3518 linguis
1184 3447 1545 3516 loquerentur
1617 3447 1674 3501 in
1707 3447 2071 3502 admiratione

488 3537 778 3601 habentes.
812 3547 1038 3594 cazteros
1087 3537 1505 3611 despiciebant;
1537 3537 1787 3607 Denique
1815 3539 2075 3594 errabant

489 3627 656 3681 etiam
709 3627 860 3683 circa
930 3628 1358 3682 resurrectionis
1420 3626 1762 3699 mysterium,
1827 3627 2074 3685 dicentes

490 3735 712 3775 carnem
757 3719 905 3787 hanc,
938 3735 1048 3776 non
1101 3721 1445 3776 resuscitari.
1498 3719 1596 3775 llis
1641 3721 1899 3777 omnibus
1927 3721 2072 3794 apud

489 3809 839 3868 Corinthium
887 3811 1226 3876 commotis,
1313 3810 1499 3882 populi
1576 3811 1744 3866 vicini
1820 3813 2074 3868 scribunt

488 3905 752 3973 Apostolo
785 3921 800 3958 :
827 3914 882 3960 et
914 3920 1064 3960 nunc
1091 3903 1158 3960 ad
1188 3905 1400 3976 singula
1429 3905 1704 3962 rescribit.
1744 3906 1808 3961 Et
1834 3907 2074 3978 primum

491 3997 714 4066 quidem
761 3995 868 4052 fert
927 3997 1302 4053 testimonium
1331 3997 1399 4053 de
1443 3997 1738 4068 prudentia
1777 4007 1946 4070 atque
1982 4014 2075 4055 co-

491 4089 736 4158 gnitione
794 4089 1036 4159 ipsorum
1086 4106 1241 4145 :nec
1289 4105 1386 4144 eos
1445 4090 1643 4161 recipit
1694 4090 1786 4160 qui
1844 4090 2074 4146 dissidia

488 4181 818 4234 excitabant.
855 4181 1124 4237 Praeterea
1165 4181 1360 4236 suadet
1406 4198 1516 4236 non
1563 4183 1618 4236 in
1653 4199 1928 4247 sermone,
1978 4182 2071 4238 sed

489 4273 545 4325 in
587 4287 753 4341 opere
785 4283 840 4326 et
868 4273 1074 4327 virtute
1105 4273 1412 4328 existimari
1450 4275 1611 4328 sitam
1638 4290 1760 4329 esse
1784 4275 2071 4330 virtutem.

487 4365 700 4419 Deinde
741 4365 833 4420 ubi
877 4365 1033 4420 illum
1071 4366 1409 4435 increpasset
1456 4367 1551 4436 qui
1587 4381 1878 4422 novercam
1913 4382 2074 4423 acce-

487 4467 646 4527 perat
699 4476 710 4510 :
746 4457 1051 4527 fuissetque
1093 4458 1440 4524 adhortatus,
1476 4475 1546 4515 ne
1598 4459 1724 4514 lites
1763 4475 1826 4514 ac
1865 4461 2074 4532 judicia

489 4549 635 4602 inter
678 4564 736 4602 se
783 4549 1076 4616 haberent,
1115 4561 1520 4620 consequenter
1558 4551 1626 4606 ad
1674 4567 1737 4607 ea
1779 4553 2074 4622 respondet

487 4656 613 4710 qua:
655 4641 1018 4712 scripserant,
1064 4642 1131 4698 de
1183 4645 1394 4714 nuptiis
1441 4643 1685 4714 quidem,
1738 4645 2072 4702 indivisibile

488 4749 610 4789 esse
659 4736 976 4807 conjugium
1007 4754 1020 4790 :
1051 4736 1118 4791 ad
1152 4746 1369 4808 tempus
1416 4747 1599 4793 autem
1626 4738 1788 4810 415
1836 4747 2069 4808 tantum,

490 4835 549 4879 ut
575 4825 936 4888 abstinerent,
973 4843 1082 4897 quo
1117 4828 1357 4883 orationi
1390 4839 1673 4884 vacarent.
1705 4831 1905 4885 Verum
1943 4845 2072 4886 cum

493 4915 572 4968 illi
617 4919 1016 4975 continentiam
1064 4929 1334 4988 amarent,
1373 4921 1442 4978 de
1500 4921 1811 4993 virginitate
1855 4923 2068 4978 scribit.

492 5008 607 5062 Hoc
643 5024 749 5062 non
781 5011 848 5064 ad
876 5014 1281 5080 necessitatem,
1314 5015 1514 5086 inquit,
1547 5016 1643 5070 sed
1684 5016 1913 5071 consilio
1953 5015 2066 5070 fiat.

493 5100 846 5155 Postmodum
909 5103 976 5158 de
1034 5105 1123 5160 his
1173 5122 1297 5175 quas
1348 5107 1512 5162 idolis
1575 5107 1947 5174 immolantur,
1999 5123 2068 5163 ne

2171 2609 2283 2674 κὼς
2305 2611 2503 2674 αὐτοὺς
2533 2610 2636 2682 ἤδη
2663 2611 2756 2666 καὶ
2785 2611 3022 2679 διδάξας,
3067 2614 3491 2687 ὑπομιμνήσκων
3507 2616 3555 2671 δὲ
3573 2618 3682 2687 ὅμως

2169 2702 2258 2757 διὰ
2284 2705 2380 2774 τῆς
2399 2703 2718 2773 Ἐπιστολῆς
2743 2704 2968 2776 ταύτης.
3013 2707 3076 2761 Ἡ
3105 2707 3164 2760 δὲ
3195 2709 3458 2778 πρόφασις
3484 2709 3684 2779 τῆςῈπι-

2171 2796 2363 2865 στολῆς
2389 2796 2551 2868 αὕτη·
2604 2797 2888 2868 Κορίνθιοι
2914 2799 2978 2853 ὲκ
3004 2799 3340 2869 φιλονεικίας
3370 2803 3679 2873 συναγόμενα,

2170 2887 2452 2956 ἐσχίζοντο
2496 2890 2620 2950 ταῖς
2667 2887 2939 2958 γνώμαις,
2994 2891 3088 2944 καὶ
3134 2890 3328 2945 λοιπὸν
3374 2889 3438 2963 ἦν
3479 2896 3528 2947 ιν
3550 2894 3684 2956 αὐτοῖς

2173 2979 2608 3049 σχίσματαίιίαὶ
2637 2979 2806 3035 ὄντων
2849 2981 2957 3034 τῶν
2990 2983 3332 3052 σχισμάτων,
3359 2985 3686 3056 παρεόλέποντο

2171 3072 2262 3127 τὸν
2291 3072 2524 3126 λαϐόντα
2557 3072 2658 3144 τὴν
2695 3073 2989 3144 μητρυιάν.
3026 3075 3216 3130 Ἀλλοι
3245 3077 3302 3129 δὲ
3345 3078 3517 3148 ἤθελον
3559 3093 3712 3150 κατ’αοὶ

2170 3164 2466 3236 λιμπάνειν
2510 3163 2611 3228 τὰς
2644 3165 2780 3229 ιδίας
2809 3169 3095 3233 γυναῖκας,
3128 3169 3400 3240 προφάσει
3427 3169 3513 3238 τῆς
3536 3169 3685 3238 ἐγκρα-

2171 3258 2343 3322 τείας.
2375 3257 2531 3322 Τινὲς
2562 3258 2618 3312 δὲ
2662 3259 2720 3312 ὲν
2751 3259 3044 3324 εἰδωλείοις
3084 3261 3311 3332 ἤσθιον,
3343 3262 3414 3325 ὡς
3439 3260 3685 3331 ἀδιαςόρων

2173 3352 2340 3406 ὅντων
2367 3353 2478 3405 τῶν
2506 3351 2896 3406 εἰδωλοθύτων.
2931 3353 3114 3407 ’Ἄλλοι
3142 3354 3225 3419 δὲ,
3256 3355 3382 3417 τοὺς
3415 3355 3502 3424 μὲν
3537 3351 3681 3413 ἄλλους

2173 3446 2514 3513 ὲξουθένουν,
2539 3447 2665 3508 τοὺς
2697 3446 2752 3499 δὲ
2777 3446 3072 3511 λαλοῦντας
3097 3447 3378 3516 γλώσσαις
3425 3447 3686 3517 ἐθαύμαζον.

2173 3539 2286 3592 Kal.
2325 3537 2500 3603 τέλος,
2536 3539 2820 3609 ἡπάτηντο
2872 3540 2967 3593 καὶ
3009 3541 3090 3603 εἰς
3141 3542 3207 3594 ea
3257 3541 3384 3611 περὶ
3411 3539 3688 3598 ἀναστάσεως

2179 3632 2502 3703 μυστήριον,
2551 3631 2804 3701 λέγοντες
2837 3633 2913 3704 μὴ
2943 3633 3263 3704 ἐγείρεσθαι
3295 3635 3392 3703 τὴν
3423 3634 3576 3703 σάρκα
3596 3629 3689 3684 ταύ-

2174 3740 2296 3796 την.
2321 3725 2538 3778 Τούτων
2586 3725 2805 3782 πάντων
2854 3729 2912 3779 ἐν
2948 3727 3203 3799 Κορίνθῳ
3240 3722 3687 3797 κινουμένων,γρά·

2178 3832 2370 3884 φουσιν
2385 3818 2434 3870 οἱ
2465 3817 2585 3870 λαοὶ
2606 3817 2684 3887 τῷ
2715 3817 3047 3885 ’Δποστόλῳ.
3079 3819 3190 3872 Καὶ
3217 3820 3399 3873 λοιπὸν
3419 3819 3538 3887 πρὸς
3562 3818 3690 3869 πάντα

2175 3907 2523 3978 ἀντιγράφει.
2570 3909 2680 3962 Καὶ
2735 3909 2950 3979 πρῶτον
3007 3909 3128 3980 μὲν,
3163 3913 3431 3982 μαρτυρεῖ
3474 3907 3688 3968 αὐτοῐςὲν

2177 4002 2437 4072 φρονήσει
2475 4001 2572 4055 καὶ
2627 4001 2864 4071 γνώσει·
2924 4004 3024 4057 οὐκ
3079 4005 3405 4076 ἀποδέχεται
3450 4003 3502 4058 δὲ
3543 4001 3690 4060 αὐτοὺς

2176 4093 2464 4158 ποιοῦντας
2494 4094 2791 4165 σχίσματα,
2838 4096 2974 4150 ἀλλὰ
3013 4098 3110 4150 καὶ
3152 4097 3525 4168 συμϐουλεύει,
3563 4094 3622 4164 μὴ
3647 4093 3686 4144 ὲν

2176 4185 2320 4256 λόγῳ
2351 4185 2450 4258 τὴν
2476 4187 2699 4257 ἀρετὴν,
2721 4187 2836 4241 ἀλλ’
2859 4189 2914 4240 ὲν
2932 4187 3080 4260 ἔργῳ
3104 4189 3200 4242 xa‘t
3228 4190 3450 4260 δυνάμει
3477 4186 3685 4258 ἡγεῖσθαι.

2181 4281 2411 4333 Ἔπειτα
2458 4282 2793 4351 ἐπιτιμήσας
2827 4281 2906 4351 τῷ
2939 4282 3037 4352 τὴν
3088 4283 3366 4353 μητρυιάν
3393 4281 3600 4342 λαϐόντι,
3624 4275 3688 4328 καὶ

2175 4374 2513 4443 παραινέσας
2542 4374 2617 4444 μὴ
2648 4374 2794 4444 ἔχειν
2826 4374 3070 4444 κρίματα
3101 4377 3240 4445 πρὸς
3287 4375 3521 4436 ἑαυτοὺς,
3551 4366 3690 4422 λοιπὸν

2177 4464 2306 4533 περὶ
2343 4457 2417 4518 ὧν
2452 4465 2699 4535 ἔγραψαν
2723 4465 3098 4534 ἀποκρίνεται,
3147 4469 3280 4538 περὶ
3329 4467 3422 4537 μὲν
3455 4463 3534 4517 τοῦ
3557 4461 3688 4528 γάμου

2173 4553 2440 4609 διδάσκων
2462 4557 2740 4628 ἄρρηκτον
2772 4553 2912 4609 εἶναι
2939 4558 3039 4628 τὴν
3071 4557 3355 4626 συζυγίαν,
3379 4556 3467 4611 καὶ
3486 4558 3535 4608 ἑν
3560 4545 3691 4618 καιρῷ

2178 4647 2326 4718 μόνῳ
2376 4647 2683 4719 σχολάζειν,
2738 4649 2828 4702 διὰ
2875 4649 2974 4720 τὴν
3005 4651 3194 4721 εὐχήν.
3227 4651 3327 4706 Διά
3375 4651 3426 4702 δὲ
3452 4649 3506 4701 τὸ
3527 4642 3691 4712 ἀγαπᾷν

2175 4741 2376 4803 αὐτοὺς
2399 4741 2498 4814 τὴν
2528 4742 2884 4813 ἐγκράτειαν,
2918 4744 3124 4814 γράφε-ι
3153 4745 3282 4815 περὶ
3331 4741 3613 4813 παρθενίας,
3636 4736 3692 4786 ὅτι

2175 4836 2252 4890 Od
2279 4835 2419 4902 κατὰ
2444 4835 2712 4906 ἀνάγκην,
2763 4835 2900 4890 ἀλλὰ
2933 4835 3116 4890 πειθοῖ
3140 4837 3302 4890 τοῦτο
3327 4835 3557 4905 γινέσθω.
3597 4825 3690 4882 Εἶτα

2175 4928 2304 5000 περὶ
2335 4927 2444 4980 τῶν
2473 4927 2867 4996 εἰδωλοθύτων,
2896 4928 2981 4982 ἵνα
3010 4928 3084 5000 μὴ
3119 4930 3496 4999 καταχρῶνται
3515 4927 3568 4994 τῇ
3598 4917 3693 4988 γνώο

2153 5037 2282 5088 σει,
2311 5020 2447 5074 ἀλλὰ
2491 5024 2555 5092 τῇ
2595 5022 2785 5093 ἀγάπῃ
2816 5022 3229 5077 πολιτεύωνται.
3260 5020 3465 5076 Κωλύει
3484 5014 3564 5070 οὖν
3582 5014 3633 5066 τὰ
3655 5013 3692 5060 ἐν

2173 5115 2429 5185 εἰδωλεῑῳ
2467 5116 2765 5184 συμπόσια,
2832 5116 2916 5168 ἴνα
2954 5117 3030 5185 μὴ
3080 5116 3525 5178 σκανδαλίζωνται
3564 5109 3602 5160 οἱ
3628 5122 3692 5174 μισ

493 5190 724 5245 scientia
755 5191 1077 5260 abutantur,
1109 5197 1204 5252 sed
1262 5198 1318 5252 in
1356 5211 1550 5255 mutua
1599 5200 1895 5258 dilectione
1938 5216 2070 5258 con-

2177 5209 2324 5280 κροί.
2351 5205 2488 5262 Εἶτα
2530 5209 2658 5278 περὶ
2685 5206 2795 5261 τῶν
2834 5208 3218 5278 πνευματικῶν
3244 5205 3573 5278 χαρισμάτων

491 5291 803 5338 versentur.
832 5286 1092 5342 Prohibet
1113 5289 1296 5360 itaque
1323 5292 1440 5348 fieri
1491 5295 1742 5350 convivia
1773 5295 1827 5349 in
1850 5296 2070 5365 templis

491 5373 506 5428 i
535 5376 789 5444 lolorum,
823 5393 892 5432 ne
920 5381 1102 5448 pusilli
1143 5383 1515 5440 offendantur.
1547 5386 1758 5442 Exinde
1788 5387 2068 5444 scribitde

491 5469 872 5538 Spiritualibus
913 5473 1092 5540 donis,
1121 5490 1190 5530 ne
1230 5476 1301 5530 ob
1337 5477 1480 5533 dona
1507 5479 1815 5536 dissideant
1844 5498 1858 5534 ι
1890 5498 2069 5551 neque

492 5561 658 5616 istum
679 5563 773 5633 qui
800 5565 905 5620 hoc
930 5565 1095 5624 habet
1125 5567 1332 5624 donum
1371 5569 1422 5626 ei
1446 5582 1770 5642 praeponam
1800 5574 1893 5643 qui
1931 5573 2066 5628 illud

494 5653 679 5710 habet.
704 5657 838 5712 Nam
868 5659 1051 5714 omnia
1091 5661 1336 5732 ejusdem
1387 5664 1521 5718 dicit
1551 5679 1672 5720 esse
1703 5667 1963 5737 Spiritus.
2001 5668 2070 5722 Et

495 5747 716 5802 tandem
758 5750 826 5806 de
857 5756 1447 5814 resurrectioncdocet
1493 5773 1713 5813 carnem
1759 5776 2067 5831 resurgere,

495 5836 624 5905 quia
651 5839 884 5897 moritur
913 5846 1132 5913 quidem
1164 5850 1542 5920 corruptibilis
1583 5865 1731 5916 caro,
1767 5851 1939 5921 surgit
1970 5867 2070 5906 au-

2180 5317 2306 5370 (ρει,
2355 5298 2440 5350 ἵνα
2471 5297 2544 5368 μὴ
2572 5297 2938 5368 διαφέρωνται
2992 5299 3050 5350 ὲν
3103 5300 3217 5362 τοῖς
3247 5296 3550 5368 χαρίσμασι,
3592 5284 3690 5359 μηδὲ

2179 5390 2517 5462 προκρίνωσι
2573 5391 2664 5443 τὸν
2710 5389 2902 5460 ἔχοντα
2925 5393 3169 5462 χάρισμα
3223 5390 3364 5455 τόδε,
3397 5386 3483 5440 τοῦ
3529 5384 3689 5451 ἔχοντος

2179 5485 2320 5538 τόδε.
2342 5485 2533 5539 Πάντα
2563 5482 2671 5553 γάρ
2700 5483 2794 5536 τοῦ
2820 5482 2987 5536 αὐτοῦ
3036 5483 3355 5551 Πνεύματος
3399 5474 3524 5532 εἶναι
3557 5472 3685 5536 λέγεις

2180 5577 2290 5632 Καὶ
2321 5577 2506 5630 λοιπὸν
2552 5577 2681 5645 περὶ
2730 5577 3079 5640 ἀναστάσεως
3126 5576 3392 5639 διδάσκει,
3439 5570 3562 5638 ὁτιή
3592 5557 3689 5628 σάρξ

2178 5669 2912 5740 ὲγείρεται.ἁποθνήσκουσα
2966 5669 3064 5736 μὲν
3117 5667 3298 5738 σαρκὶ,
3349 5659 3630 5734 ἐγειρομένη
3649 5650 3686 5702 δὲ

2179 5760 2449 5834 ἄφθαρτος
2481 5761 2621 5813 κατὰ
2649 5761 2748 5831 τὴν
2774 5761 2866 5813 τοῦ
2891 5763 3129 5830 Χριστοῦ
3161 5760 3336 5831 χάριν.
3379 5757 3479 5826 Τὴν
3518 5751 3564 5805 δὲ
3593 5750 3685 5800 ἀπ’

2183 5869 2389 5919 στασιν,
2425 5853 2533 5904 ἀπὸ
2563 5851 2656 5906 τοῦ
2718 5853 3019 5925 ἐγηγέρθαι
3063 5854 3155 5908 τὸν
3185 5849 3412 5924 Χριστὸν
3442 5843 3681 5908 συνίστησιν

2965 6111 2996 6146 \
