3880 6558
449 423 556 488 639

1509 424 1906 486 (ECUMENII
1948 423 2242 496 TRICCE
2287 422 2633 484 EPISCOPI

3578 427 3670 494 6-10

1229 734 1866 856 ΠΑΥΛΟΥ
1957 730 2922 853 ΑΠΟΣΤΟΛΟΥ

1998 957 2137 1010 ΤΩΝ

926 1128 1223 1215 ΠΡΟΣ
1313 1129 2003 1218 ΚΟΡΙΝΘΙΟΥΣ
2083 1130 2730 1219 ΕΠΙΣΤΟΛΩΝ
2806 1131 3222 1218 ΠΡΩΤΗ.

2024 1350 2098 1367 ﬁ

1465 1501 1880 1618 PAULI
1957 1501 2656 1618 APOSTOLI

1918 1725 2052 1784 DUA
2061 1726 2207 1784 RUM

875 1902 1024 1996 AD
1098 1903 1849 1997 CORINTHIOS
1905 1905 2748 2000 EPISTOLARUM
2824 1906 3238 1996 PRIMA.

913 2256 1076 2329 417
1141 2257 1557 2315 PROOEMIUM.
2051 2265 2099 2322 Α
2703 2251 3107 2306 ΠΡΟΟΙΜΙΟΝ.

513 2375 551 2442 l,
575 2375 685 2429 l-3.
710 2371 912 2426 Paulus
925 2381 1136 2426 vocatus
1154 2371 1436 2440 Apostolus
1451 2372 1574 2427 Iesu
1603 2372 1796 2427 Christi
1811 2392 1904 2445 per
1931 2392 2020 2430 vo-

440 2469 701 2522 luntatem
725 2465 841 2530 Dei,
875 2475 922 2517 et
958 2463 1231 2519 Sosthenes
1267 2465 1452 2534 frater,
1489 2464 1736 2521 Ecclesia
1764 2467 1876 2532 Dei,
1903 2484 2020 2538 quae

439 2565 517 2612 est
543 2558 779 2613 Corinthi
815 2555 1160 2624 sanctiﬁcatis
1190 2571 1281 2627 per
1302 2556 1568 2612 Christum
1613 2560 1793 2612 Iesum
1825 2563 2019 2615 vocatis

438 2651 655 2710 sanctis,
688 2666 798 2702 una
830 2665 948 2702 cum
983 2649 1220 2702 omnibus
1265 2650 1352 2719 qui
1396 2651 1642 2704 invocant
1691 2668 1879 2705 nomen
1910 2651 2018 2706 Do-

441 2742 573 2796 mini
619 2743 785 2795 nostri
831 2740 954 2796 Iesu
986 2739 1198 2808 Christi,
1244 2741 1299 2795 in
1339 2745 1516 2812 quovis
1559 2742 1691 2808 loco,
1725 2753 1772 2797 et
1807 2761 1924 2811 suo,
1970 2755 2020 2799 et

438 2840 618 2888 nostro
651 2850 669 2888 :
711 2835 887 2903 gratia
930 2833 1068 2887 vobis
1099 2841 1148 2885 et
1200 2849 1306 2903 pax
1341 2851 1371 2886 a
1404 2833 1510 2888 Deo
1539 2835 1703 2889 Patre
1752 2845 1929 2889 nostro
1970 2845 2020 2890 et

439 2925 664 2979 Domino
691 2925 814 2979 Iesu
851 2925 1078 2981 Christo.

506 3096 584 3152 Ex
612 3111 678 3152 eo
707 3098 854 3167 quod
880 3097 1120 3168 seipsum
1151 3099 1287 3154 dicit
1310 3111 1584 3166 vocatum,
1613 3102 1840 3174 corrigit
1872 3103 2016 3159 illos.

438 3189 552 3260 Ego
592 3189 729 3259 ipse,
781 3191 981 3260 inquit,
1030 3207 1139 3246 non
1171 3193 1432 3248 constitui
1480 3195 1750 3265 meipsum
1796 3205 2020 3266 aposto—

438 3278 574 3345 lum,
629 3289 683 3336 et
726 3281 1002 3350 quomodo
1027 3299 1122 3338 vos
1152 3286 1300 3354 ipsos
1344 3288 1679 3342 constituitis
1720 3297 2023 3360 praecepto-

438 3371 572 3426 res?
607 3391 626 3422 ι
658 3372 950 3442 Apostolus
990 3374 1120 3429 .lesu
1158 3374 1380 3442 Christi,
1418 3397 1437 3430 ι
1503 3379 1811 3449 Praeceptor
1840 3391 2020 3436 vester

438 3459 698 3518 Christus
743 3475 848 3528 est,
901 3465 1101 3535 inquit,
1154 3481 1254 3521 cur
1310 3467 1563 3524 homines
1609 3471 1816 3526 fecistis
1862 3473 2020 3529 vobis

437 3557 842 3626 praeceptores?
891 3575 910 3608 ι
956 3557 1060 3612 Per
1098 3559 1439 3613 voluntatem
1489 3561 1608 3615 Dei.
1647 3580 1665 3613 ι
1715 3562 1781 3615 Et
1822 3563 1927 3618 hoc
1957 3573 2018 3618 ut

439 3649 692 3703 voluntas
722 3651 818 3704 Dei
857 3667 956 3720 per
988 3666 1090 3706 nos
1131 3654 1407 3721 apostolos
1449 3655 1860 3728 praedicaretur.
1896 3677 1912 3707 ι
1949 3659 2016 3712 Ει

439 3737 759 3793 Sosthenes.
799 3759 817 3791 ι
857 3740 1140 3809 Siquidem
1182 3757 1250 3796 ne
1290 3743 1635 3799 arbitremini
1675 3745 1840 3817 418
1868 3747 2014 3815 quod

437 3827 714 3882 vindicata
761 3829 894 3883 mibi
949 3830 1054 3900 ipsi
1098 3830 1331 3888 docendi
1364 3834 1650 3906 dignitate,
1693 3853 1789 3891 vos
1815 3853 2010 3909 purga-

440 3930 599 3975 turus
628 3921 841 3974 veniam
876 3937 905 3976 a
948 3931 1163 3977 tumore
1195 3925 1289 3996 qui
1323 3925 1448 3982 inde
1494 3928 1784 3996 provenire
1818 3928 1961 3982 solet
1996 3945 2010 3983 :

436 4027 567 4068 ecce
605 4020 660 4067 ct
693 4013 1017 4069 Sosthenem
1065 4016 1199 4071 mihi
1230 4017 1332 4086 ipsi
1363 4020 1634 4090 conjungo
1679 4035 1744 4076 ac
1786 4020 2011 4076 fratrem

437 4107 674 4177 appello,
727 4117 780 4163 et
823 4124 929 4164 una
977 4125 1102 4164 cum
1157 4111 1275 4181 ipso
1310 4114 1511 4180 scribo,
1555 4131 1676 4185 quae
1720 4132 1840 4171 mea
1885 4125 2014 4170 sunt

435 4201 863 4256 communieans.
903 4202 1016 4258 Cur
1057 4204 1223 4275 igitur
1254 4205 1412 4260 vobis
1457 4207 1711 4262 obsisto?
1741 4209 1880 4277 Quia
1911 4225 2012 4263 no-

434 4291 590 4346 civus
627 4300 711 4347 est
760 4294 919 4349 vobis
957 4303 1138 4350 tumor
1183 4297 1252 4351 ob
1292 4297 1600 4353 doctrinam
1643 4311 1888 4355 exortus.
1916 4301 2013 4354 Et-

433 4381 580 4433 enim
611 4395 734 4434 cum
782 4382 922 4436 nihil
947 4383 1105 4437 vobis
1137 4386 1333 4451 prosit,
1356 4399 1453 4440 eos
1479 4385 1643 4439 etiam
1669 4387 1762 4455 qui
1794 4388 2012 4442 obtem-

433 4479 626 4539 perant
653 4486 682 4525 a
711 4471 961 4527 doctrina
990 4489 1119 4528 sana
1149 4475 1408 4531 aberrare
1440 4476 1588 4543 facit,
1619 4487 1675 4532 et
1719 4493 2012 4536 commune

432 4561 631 4618 dividit
672 4563 925 4619 Ecclesiae
969 4581 1192 4634 corpus.
1235 4586 1252 4618 ι
1310 4568 1518 4623 Frater.
1551 4587 1568 4620 ι
1621 4570 1700 4624 Ex
1742 4571 2009 4627 modestia

432 4671 553 4711 sese
581 4657 840 4713 Sostheni
877 4659 1180 4730 conjungit.
1223 4679 1239 4709 ι
1280 4659 1536 4716 Ecclesize
1565 4661 1682 4715 Dei.
1722 4681 1739 4714 ι
1777 4663 1929 4729 Quod
1965 4664 2011 4718 si

432 4747 528 4803 Dei
584 4750 828 4806 Ecclesia
862 4752 1016 4816 estis,
1048 4767 1159 4822 quo
1194 4762 1353 4821 pacto
1379 4768 1476 4808 vos
1517 4754 1666 4824 ipsos
1697 4755 2013 4812 hominibus

432 4839 724 4897 addixistis
770 4863 783 4898 :
838 4861 856 4894 ι
909 4843 1278 4899 Sanctiﬁcatis
1329 4861 1429 4915 per
1480 4844 1780 4901 Christum.
1818 4867 1836 4898 ι
1898 4846 2013 4903 lloc

2055 3616 2096 3671 Β

2194 2369 2432 2435 Παῦλος
2462 2365 2689 2434 κλητὸς
2719 2365 3060 2430 ἀπόστολος
3103 2363 3300 2432 Ἰησοῦ
3330 2365 3585 2432 Χριστοῦ
3603 2365 3680 2419 διὰ

2121 2462 2452 2532 θελήματος
2494 2458 2663 2518 Θεοῦ,
2707 2457 2802 2510 καὶ
2861 2456 3178 2523 Σωσθένης
3224 2459 3257 2510 ὀ
3307 2457 3588 2527 ἀδελφὸς,
3622 2457 3678 2527 τῇ

2133 2553 2473 2620 Ἐκκλησία
2505 2551 2608 2605 τοῦ
2641 2549 2790 2604 Θεοῦ
2819 2547 2894 2616 τῇ
2935 2549 3091 2616 οὔσῃ
3131 2549 3200 2603 ἐν
3224 2550 3516 2620 Κορίνθῳ,
3546 2552 3683 2619 1131a-

2121 2645 2367 2715 σμένοις
2423 2646 2492 2696 ἐν
2540 2641 2773 2712 Χριστῷ
2821 2641 3018 2708 Ἰησοῦ
3069 2639 3314 2707 κλητοῖς
3349 2643 3546 2711 ἁγίοις
3580 2643 3679 2696 σὺν

2122 2735 2272 2793 ,πᾶσι
2325 2735 2450 2801 τοῖς
2482 2729 2984 2801 ἐπικαλουμένοις
3015 2732 3082 2785 τὸ
3118 2731 3305 2800 ὄνομα
3339 2734 3452 2787 τοῦ
3489 2737 3677 2804 Κυρίου

2123 2827 2296 2895 ἡμῶν
2334 2825 2529 2891 Ἰησοῦ
2574 2823 2836 2892 Χριστοῦ
2889 2823 2958 2876 ἐν
2991 2823 3170 2876 παντί
3204 2824 3385 2890 τόπῳ,
3413 2825 3606 2878 αὐτῶν
3631 2844 3680 2881 τι

2122 2915 2220 2970 καὶ
2263 2915 2450 2983 ἡμῶν,
2477 2913 2648 2982 χάρις
2694 2911 2837 2981 ὑμῖν
2873 2913 2969 2965 καὶ
3006 2911 3214 2979 εἰρήνη
3251 2912 3372 2966 ἀπὸ
3405 2915 3556 2968 Θεοῦ
3582 2919 3678 2968 Ila-

2123 3007 2260 3074 τρὸς
2286 3003 2458 3074 ἡμῶν
2484 3005 2581 3056 καὶ
2619 3005 2839 3070 Κιιρίου
2869 3002 3079 3069 Ἰησοῦ
3105 3002 3386 3069 Χριστοῦ.

2194 3096 2289 3149 Ἐκ
2317 3095 2410 3148 τοῦ
2471 3094 2666 3164 κλητὸν
2697 3093 2888 3146 ἐιυτδν
2952 3093 3212 3158 καλέσαι,
3268 3094 3575 3165 διορθοῦται
3607 3097 3681 3148 αὖ·

2121 3188 2268 3252 τοὺς.
2291 3187 2433 3257 Ἐγὼ
2472 3187 2654 3252 αὐτὸς,
2690 3186 2879 3258 φησὶν,
2907 3187 3008 3242 οὐκ
3039 3188 3553 3259 αὐτοχειροτόνητός
3584 3191 3679 3257 ειμι

2121 3278 2440 3345 ἀπόστολος,
2491 3280 2587 3333 καὶ
2640 3280 2759 3342 πῶς
2806 3278 2963 3349 ὑμεῖς
2991 3279 3505 3352 αὐτοχειροτόνητοι
3557 3281 3678 3334 615d-

2125 3372 2348 3436 σκαλοι;
2390 3391 2407 3423 ι
2430 3370 2754 3436 ’Δπόστολος
2784 3371 2964 3441 Ἰησοῦ
2997 3371 3259 3442 Χριστοῦ.
3300 3391 3319 3424 ι
3360 3373 3422 3425 '0
3459 3372 3681 3426 διδάσκα-

2122 3462 2211 3528 λος
2238 3463 2414 3534 ὑμῶν,
2443 3450 2676 3536 Χριστός
2697 3465 2835 3528 ἔστι,
2856 3465 3009 3532 φησὶ,
3028 3463 3083 3516 τί
3105 3463 3426 3533 ἀνθρώπους
3451 3464 3681 3534 ἐποιήσα-

2111 3545 2182 3607 ’τε
2215 3554 2369 3625 ὑμῶν
2391 3554 2782 3623 διδασκάλουςς
2848 3576 2866 3608 ι
2904 3556 3012 3610 Καὶ
3066 3553 3226 3608 τοῦτο
3254 3554 3469 3626 θέλημα
3493 3555 3630 3609 Θεοῦ.
3661 3573 3677 3604 ι

2122 3650 2200 3700 Δι’
2231 3648 2390 3718 ἡμῶν
2443 3647 2814 3719 κηρύσσεσθαι
2878 3648 2987 3700 τῶν
3019 3647 3354 3701 ἀποστόλων.
3407 3663 3426 3697 ι
3466 3648 3571 3700 Καὶ
3588 3647 3680 3699 Σω-

2124 3739 2339 3812 σθένης.
2372 3759 2390 3792 ι
2427 3741 2518 3810 Μὴ
2550 3741 2657 3810 γὰρ
2689 3740 2951 3812 νομίσητε
2984 3741 3064 3794 ὅτι
3108 3738 3329 3809 ἐμαυτῷ
3388 3738 3680 3809 περιποιού-

2124 3847 2284 3902 μενος
2307 3831 2367 3884 τὸ
2389 3834 2487 3903 τῆς
2507 3832 2852 3895 διδασκαλίας
2873 3831 3109 3902 ἀξίωμα,
3133 3832 3276 3902 ὑμᾶς
3307 3830 3491 3902 μέλλω
3519 3829 3682 3884 καθαι-

2122 3923 2236 3991 ρεῖν
2267 3921 2366 3990 τῆς
2393 3923 2486 3977 ἐπὶ
2513 3923 2687 3995 τούτῳ
2741 3923 3076 3994 φυσιώσεως.
3109 3923 3243 3975 Ἰδοὺ
3295 3923 3406 3992 γὰρ
3457 3923 3550 3976 καὶ
3587 3922 3679 3973 Σω-

2122 4011 2316 4082 σθένην
2351 4015 2574 4085 ἐμαυτῷ
2628 4015 2937 4079 συντάττω,
2978 4016 3071 4067 καὶ
3103 4000 3335 4084 ἀδελφὸν
3403 4014 3570 4078 καλῶ,
3599 4011 3678 4065 καὶ

2123 4106 2221 4158 σὺν
2249 4104 2399 4173 αὐτῷ
2423 4106 2743 4172 ἐπιστέλλω,
2768 4106 3239 4178 κοινοποιούμενος
3273 4105 3343 4159 τὰ
3394 4105 3520 4177 ἐμά.
3553 4103 3680 4158 Διατί

2120 4191 2214 4250 οὖν
2244 4196 2389 4268 ὑμᾶς
2421 4199 2702 4268 ὲγκόπτω;
2741 4200 2866 4252 ’Ότι
2913 4198 3204 4263 ἑπιῆλαὸὲς
3235 4197 3392 4268 ὑμῶν
3434 4200 3493 4251 τὸ
3518 4198 3602 4250 ἐπὶ
3624 4197 3679 4264 τῇ

2119 4287 2440 4364 διδασκαλίᾳ
2484 4291 2733 4362 φύσημα.
2797 4291 2973 4360 Ὑμᾶς
3001 4309 3061 4345 τε
3103 4291 3214 4362 γὰρ
3260 4291 3416 4344 οὐδὲν
3473 4291 3675 4359 ὀνίνησι,

2119 4388 2244 4452 τούς
2267 4404 2325 4441 τε
2366 4384 2722 4453 πειθομένους
2771 4383 3014 4452 ἐξίστησι
3049 4386 3148 4454 τῆς
3173 4382 3523 4452 ὑγιαινούσης
3552 4380 3676 4434 διδα-

2123 4480 2370 4542 σκαλίας,
2401 4477 2567 4530 καὶτὸ
2592 4474 2770 4528 κοινὸν
2803 4473 3013 4546 μερίζει
3045 4474 3143 4543 τῆς
3161 4474 3492 4542 Ἐκκλησίας
3523 4472 3677 4539 σῶμα.

2126 4591 2144 4624 ι
2182 4572 2240 4626 Ὀ
2268 4570 2515 4639 ἀδελφός.
2559 4587 2578 4620 ι
2620 4567 2776 4621 Κατὰ
2828 4567 3158 4638 μετριότητα
3205 4566 3469 4620 συνάπτει
3509 4562 3677 4616 ἑαυτὸν

2121 4664 2411 4718 Σωσθένει.
2467 4681 2485 4713 ι
2522 4663 2599 4733 Τῇ
2643 4659 2940 4731 Ἐκκλησία
2977 4659 3070 4713 τοῦ
3123 4659 3283 4714 Θεοῦ.
3326 4680 3343 4712 ι
3383 4661 3443 4713 Εἰ
3479 4658 3532 4711 δὲ
3561 4651 3676 4708 Θεοῦ

2121 4757 2242 4808 ἐστε
2257 4754 2577 4824 Ἐκκλησία,
2601 4751 2717 4816 πῶς
2746 4752 3051 4824 ἀνθρώποις
3083 4753 3311 4816 ἑαυτοὺς
3341 4749 3677 4823 προσενείμα-

2118 4866 2217 4914 τε;
2257 4867 2274 4900 ι
2315 4847 2700 4917 Ἡγιασμένοις
2733 4847 2791 4899 ὲν
2809 4844 3052 4918 Χριστῷ.
3089 4865 3106 4897 ι
3160 4845 3249 4915 Τῷ
3279 4844 3491 4914 λουτρῷ
3519 4842 3602 4895 καὶ
3619 4841 3675 4908 τῇ

431 4943 538 4996 est,
566 4933 785 4989 lavacro
833 4944 889 4991 et
921 4935 1026 4992 ﬁde
1071 4935 1306 5001 Christi,
1351 4952 1460 4992 non
1492 4953 1590 5008 per
1618 4953 1710 4993 eos
1735 4938 1828 5009 qui
1865 4955 2013 4993 nunc

2126 4937 2305 4990 πίστει
2341 4936 2599 5008 Χριστοῦ,
2626 4939 2687 4991 οὐ
2734 4937 2824 4991 διὰ
2869 4937 2973 4990 τῶν
3017 4937 3112 4990 νῦν
3149 4937 3304 5006 ὑμῶν
3345 4933 3675 4990 διδασκάλων.

431 5032 562 5078 sunt
597 5024 752 5079 vobis
794 5037 1183 5098 praeceptores.
1225 5048 1243 5080 ι
1282 5029 1504 5084 Vocatis
1551 5029 1774 5084 sanctis.
1823 5049 1840 5082 ι
1879 5030 2014 5085 Nam

2132 5050 2149 5081 ι
2187 5031 2421 5100 Κὶητοῖς
2475 5031 2670 5096 ἁγίοις.
2717 5048 2734 5080 ι
2805 5030 2915 5083 Καὶ
2968 5029 3098 5082 αὐτὸ
3148 5029 3258 5099 γὰρ
3312 5029 3372 5082 τὸ
3424 5024 3676 5081 πιστεῦσαι

430 5123 487 5170 et
528 5115 634 5171 hoc
675 5116 855 5186 ipsum
897 5121 1040 5188 quod
1085 5137 1183 5176 vos
1222 5121 1570 5176 credideritis
1622 5137 1730 5177 non
1774 5130 2016 5178 vestrum

2126 5121 2287 5190 ὑμᾶς,
2323 5119 2421 5191 οὐχ
2450 5118 2733 5190 ὑμέτερον,
2768 5119 2881 5172 ἁλλ’
2915 5119 3021 5172 ἀπὸ
3055 5117 3190 5171 Θεοῦ
3214 5118 3350 5188 πρὸς
3396 5117 3492 5188 τὴν
3520 5115 3675 5166 πίστιν

433 5216 540 5272 est,
582 5207 676 5262 sed
722 5223 751 5263 a
794 5210 905 5263 Deo
944 5212 1123 5264 vocati
1171 5211 1305 5266 estis
1351 5212 1417 5266 ad
1464 5212 1648 5268 ﬁdem.
1699 5233 1716 5264 ι
1751 5214 1866 5269 Una
1894 5229 2016 5268 eum

2126 5210 2414 5281 ἐκλήθητε.
2457 5231 2474 5262 ι
2510 5211 2615 5264 Σὺν
2651 5214 2784 5265 πᾶσι
2807 5213 2919 5275 τοῖς
2947 5211 3420 5280 ἐπικαλουμένοις.
3452 5229 3470 5260 ι
3499 5209 3566 5262 Of:
3595 5204 3676 5275 μὸο

431 5299 692 5354 omnibus
724 5300 816 5369 qui
867 5301 1146 5357 invocant.
1181 5322 1198 5353 ι
1247 5303 1363 5357 Non
1410 5304 1587 5358 solum
1630 5305 1790 5360 vobis
1826 5304 2022 5360 Corin-

433 5393 588 5456 thiis,
618 5392 818 5462 inquit,
848 5394 1022 5464 gratia
1067 5406 1122 5451 et
1152 5411 1282 5466 pax,
1315 5396 1412 5450 sed
1455 5413 1561 5450 una
1608 5413 1734 5451 cum
1766 5398 2026 5452 omnibus

434 5485 531 5554 qui
563 5486 822 5541 invocant
853 5486 1133 5541 Christum
1181 5489 1234 5542 in
1267 5505 1600 5559 quocunque
1646 5489 1768 5545 loco
1801 5499 1897 5544 aut
1943 5489 2024 5544 illi

433 5586 565 5632 sunt
610 5585 706 5632 aut
752 5595 852 5633 vos
892 5578 1047 5634 estis.
1079 5611 1145 5621 —
1178 5581 1358 5634 Aliud.
1413 5581 1687 5647 Quantum
1735 5581 1811 5636 illi
1859 5582 2022 5636 etiam

435 5665 585 5722 inter
652 5684 711 5724 se
768 5669 1134 5736 dissidebant,
1199 5679 1410 5726 tantum
1465 5672 1584 5742 ipse
1654 5672 2026 5729 contendebat

437 5774 535 5813 eos
572 5758 682 5814 illis
722 5777 944 5831 quoque
973 5763 1309 5834 conjungere
1341 5763 1433 5833 qui
1471 5763 1662 5833 procul
1703 5763 2021 5817 distabant:

436 5853 560 5910 ideo
583 5862 869 5924 optaturus
916 5856 994 5913 eis
1021 5856 1249 5928 gratiam
1290 5863 1342 5912 et
1391 5871 1578 5926 pacem
1619 5873 1647 5909 a
1704 5856 1836 5922 Deo,
1885 5869 2006 5909 cum

2124 5321 2214 5356 νον
2251 5303 2380 5375 ὑμῖν
2408 5306 2522 5366 τοῖς
2553 5302 2881 5372 Κορινθίοις,
2916 5305 3072 5373 φησὶ,
3132 5304 3295 5373 χάρις
3346 5304 3443 5354 καὶ
3490 5301 3672 5370 εἰρήνην

2120 5394 2256 5450 ἀλλὰ
2283 5396 2377 5448 σὺν
2412 5397 2544 5448 πᾶσι
2590 5397 2704 5457 τοῖς
2737 5394 3200 5464 ἐπικαλουμένοις
3229 5395 3320 5447 τὸν
3361 5393 3585 5462 Χριστὸν
3619 5388 3672 5440 ἐν

2121 5488 2414 5556 οἱῳδήποτε
2462 5486 2645 5554 τόπῳ,
2692 5487 2750 5538 ὲν
2794 5479 2838 5553 ᾧ
2885 5488 3031 5540 εἰσιν
3067 5485 3264 5540 ἐκεῖνοί
3289 5504 3346 5539 τε
3399 5484 3492 5538 καὶ
3521 5481 3669 5551 ὑμεῖς·

2121 5581 2398 5632 -Ἂλλο,
2421 5579 2487 5630 ’⁷0
2498 5595 2586 5630 σον
2603 5579 2935 5646 ὲκεῖνοιξκατ⁹
2953 5579 3198 5649 ἀλλήλων
3213 5576 3555 5648 διεσχίζοντο,
3570 5584 3671 5622 τοσ·

2120 5671 2274 5724 οὓτον
2309 5671 2472 5733 αὐτὸς
2517 5671 2840 5739 ἐφιλονείκει
2885 5672 3122 5735 καὶτοῖς
3179 5671 3371 5744 πόρρω
3416 5668 3669 5722 συνάπτειν

2122 5761 2340 5825 αὐτούς.
2393 5763 2485 5815 Διὸ
2519 5763 2728 5833 μέλλων
2784 5765 2972 5826 αὐτοῖς
3009 5764 3354 5834 προσφωνεῖν
3391 5762 3488 5830 τὴν
3537 5756 3666 5828 χάριν

2120 5855 2210 5906 καὶ
2235 5855 2331 5924 τὴν
2367 5855 2590 5929 εἰρήνην
2617 5855 2714 5927 τὴν
2742 5856 2848 5911 ἀπὸ
2882 5856 3040 5924 Θεοῦ,
3069 5857 3164 5911 καὶ
3186 5853 3375 5921 εἰπὼν,
3413 5872 3430 5905 ι
3467 5845 3664 5920 Κλητῡῖς
