3880 6552
207 391 293 453 641

1221 380 1604 441 COMMENT.
1649 383 1729 444 IN
1770 381 2064 446 EPISTJ
2099 385 2198 446 AD
2237 385 2410 451 COR.

3323 382 3434 453 042

207 496 380 566 ἁγίοις,
413 512 430 544 ι
471 491 665 546 αὐτίκα
692 486 893 560 συνῆψε
915 508 928 520 ·
968 509 986 541 ι
1022 491 1126 544 Σὺν
1156 492 1288 544 πᾶσι
1310 493 1425 552 τοῖς
1448 491 1730 546 ὲπικαλου·

1846 493 2078 550 dixissct
2107 515 2126 549 ι
2167 499 2390 553 Vocatis
2434 498 2660 561 sanctis.
2696 518 2714 552 ι
2742 499 3010 571 'protiuus
3038 505 3421 579 conjungendo

209 591 384 663 μένοις,
413 604 431 637 δ
470 586 561 638 καὶ
590 584 732 654 ἑξῆς.
779 584 887 636 Καὶ
918 584 1046 654 ὑμῖν
1074 627 1088 649 ,
1129 586 1283 654 φησι,
1320 585 1411 637 καὶ
1463 585 1740 654 σύμπασιν

205 674 277 744 εἴη
309 671 461 742 ἡάπδ
483 669 620 722 θεοῦ
649 672 743 724 καὶ
777 671 988 740 Πατρὶς
1011 673 1170 742 χάρις
1210 673 1304 725 καὶ
1327 673 1542 744 εἰρήνη.
1574 690 1594 724 ι
1632 675 1741 726 Αὑ-

205 767 297 820 τῶν
333 783 385 818 τε
409 765 498 818 καὶ
546 765 755 834 ἡμῶν.)
811 765 1026 836 Ἐπειδὴ
1049 764 1220 818 εἰπὼν
1242 808 1255 831 ,
1295 785 1314 816 ε
1338 767 1441 820 Σὺν
1469 768 1601 820 πᾶσι
1631 769 1741 830 τοῖς

204 857 616 926 ἐπικαλουμένοις
633 857 693 909 τὸ
715 855 884 925 ὄνομα
903 856 995 910 τοῦ
1014 859 1238 928 Κυρίου,
1259 878 1276 909 ι
1312 859 1560 928 ἐπήγαγε
1580 857 1740 929 μόνον

200 949 267 1008 τὸ,
302 965 318 996 ι
354 946 550 1014 Ἥμῶν,
585 963 603 996 ι
648 945 1122 1016 ὲπιδιορθούμενος
1177 947 1272 1000 καὶ
1322 947 1534 1010 δεικνὺς
1563 946 1740 1000 κοινὸν

201 1036 340 1089 αὑτὸν
365 1034 559 1104 Κύριον
594 1034 688 1088 καὶ
722 1036 1002 1106 Δεσπότην
1048 1037 1304 1090 ἁπάντων
1331 1038 1480 1100 ὄντα,
1513 1039 1739 1107 προστί-

201 1127 352 1196 θησιν,
390 1143 408 1177 ι
435 1125 623 1178 Αὐτῶν
655 1142 712 1178 τε
745 1127 838 1180 καὶ
869 1127 1044 1198 ἡμῶν.
1087 1147 1106 1179 ι
1158 1130 1219 1182 Ei
1262 1130 1318 1181 δὲ
1351 1129 1529 1192 κοινὸς
1561 1129 1740 1184 ἀπάν-

197 1237 288 1272 των
338 1217 570 1288 Κύριος,
605 1217 700 1270 καὶ
749 1219 810 1270 οὐ
862 1219 1024 1289 μόνον
1064 1219 1243 1290 ἡμῶν,
1305 1221 1440 1276 ἀλλὰ
1491 1222 1584 1274 καὶ
1629 1221 1738 1274 τῶν

199 1307 501 1377 ἁπανταχοῦ,
530 1307 584 1359 τί
611 1308 908 1378 σχιζόμεθα
933 1309 1201 1380 ἀλλήλων,
1220 1311 1315 1366 καὶ
1338 1310 1438 1384 τὴν
1470 1311 1652 1383 κοινὴν
1680 1311 1739 1376 ἐξ

196 1395 259 1452 ὧν
284 1398 531 1469 τέμνεσθε
562 1399 985 1470 καθυϐρίζοντες
1036 1405 1358 1472 κυριότητα,
1387 1403 1596 1474 ἑτέροις
1643 1405 1738 1457 καὶ

197 1492 376 1562 ἑτέροις,
407 1491 629 1552 ἑαυτοὺς
663 1491 985 1561 διανέμετε;
1027 1512 1046 1544 ι
1075 1495 1184 1548 Καὶ
1212 1498 1399 1566 εἰρήνη
1450 1496 1558 1549 ἀπὸ
1598 1495 1735 1550 Θεοῦ

195 1582 399 1648 Πατρός.
433 1600 450 1632 ι
493 1581 556 1633 Τί
581 1582 659 1648 δὲ,
695 1584 880 1653 φησὶν,
915 1584 947 1655 ἢ
980 1585 1118 1657 πρὸς
1161 1585 1312 1639 τόνδε
1339 1585 1667 1658 εἰρηνεύετε,
1701 1586 1734 1657 ἢ

195 1675 284 1728 ἀπὸ
307 1673 449 1727 τοῦδε
478 1675 636 1746 χάριν
667 1675 855 1746 ἔχετες
907 1678 1069 1746 Ἐγὼ,
1097 1680 1252 1749 φησὶ,
1277 1670 1448 1733 ταῦτα
1471 1680 1579 1732 ἀπὸ
1598 1679 1732 1734 Θεοῦ

196 1767 302 1835 ὑμῖν
330 1763 548 1834 εὔχομαι
569 1767 846 1833 γενέσθαι.
883 1750 1185 1824 Α’ίνίττεται
1221 1771 1298 1839 δὲ,
1321 1771 1446 1835 τοὺς
1471 1755 1736 1826 διδασκάο

195 1855 300 1917 λους
321 1852 492 1908 αὐτῶν
516 1855 956 1927 καθαπτόμενος.

1766 1847 1809 1902 Β

253 2127 580 2199 Εὐχαριστῶ
633 2130 716 2196 τῷ
755 2131 876 2196 Θεῷ
929 2151 1049 2202 μου
1099 2132 1357 2188 πάντοτε
1383 2138 1511 2206 περὶ
1546 2137 1728 2208 ὑμῶν,

191 2219 270 2272 ἐπὶ
296 2219 362 2287 τῇ
391 2218 578 2289 χάριτι
619 2221 731 2276 τοῦ
778 2223 927 2276 Θεοῦ
965 2223 1038 2291 τῇ
1065 2222 1309 2292 δοθείσῃ
1341 2226 1483 2295 ὑμῖν
1510 2227 1579 2281 ἐν
1603 2231 1734 2296 Χρι-

193 2311 295 2375 στῷ
319 2310 532 2377 Ἰησοῦ,
553 2313 644 2365 ὅτι
672 2313 742 2367 ἐν
766 2314 947 2367 παντί
969 2317 1410 2384 ἐπλουτίσθητε
1447 2318 1518 2372 ἓν
1550 2321 1728 2386 αὐτῷ,

193 2400 248 2452 ὲν
270 2401 430 2454 παντί
457 2402 614 2470 λόγῳ
648 2403 748 2457 καί
778 2403 947 2474 πάσῃ
978 2403 1216 2474 γνώσει,
1270 2407 1465 2474 καθὼς
1493 2409 1557 2463 τὸ
1579 2429 1731 2479 μαρ-

195 2494 368 2560 τύριον
391 2495 493 2548 τοῦ
518 2495 783 2564 Χριστοῦ
812 2497 1126 2575 ἐϐεϐαιώθη
1159 2499 1227 2552 ἐν
1255 2499 1416 2568 ὑμῖν.

251 2586 292 2660 [ι
311 2586 641 2658 Εὐχαρίστῶ.
658 2589 1084 2662 ›]Εΰχαρίστους
1101 2588 1240 2646 εἶναι
1271 2595 1418 2664 ἡμᾶς
1437 2595 1728 2662 παιδεύων,

196 2681 240 2731 ὲν
256 2681 384 2752 πάσῃ
400 2683 685 2755 Ἐπιστολῇ
703 2684 858 2738 τοῦτο
883 2685 1116 2755 τίθησιν.
1151 2705 1170 2737 ι
1196 2687 1284 2757 Τῷ
1304 2686 1424 2758 Θεῷ
1443 2705 1564 2758 μου.
1591 2707 1609 2742 ι
1637 2691 1732 2746 Ἐκ

195 2773 365 2841 πολλῆς
381 2775 616 2847 ἀγάπης,
650 2775 710 2829 τὸ
726 2777 904 2830 κοινδν
927 2777 1055 2832 ῐδιον
1081 2782 1338 2834 ποιεῖται.
1363 2780 1517 2834 «Ἐπὶ
1544 2785 1610 2852 τῇ
1630 2784 1730 2853 χά-

196 2880 284 2932 ριτι
304 2865 387 2918 τοῦ
407 2866 556 2920 Θεοῦ.
582 2887 600 2919 ›
633 2867 793 2937 Μέγα
817 2869 1077 2940 ἐφρόνουν
1102 2870 1194 2924 ἐπὶ
1229 2875 1342 2935 τοῖς
1372 2873 1727 2944 χαρίσμασιν.

195 2956 458 3012 Αἰνίττεται
485 2959 610 3014 οὖν·
652 2960 716 3015 Ei
752 2963 851 3016 οὐκ
883 2962 941 3028 ἐξ
991 2963 1208 3017 οἰκείων
1261 2967 1725 3038 κατορθωμάτων,

195 3048 303 3101 ἀλλὰ
333 3052 389 3121 τῇ
418 3052 508 3105 τοῦ
535 3053 775 3124 Χριστοῦ
802 3053 979 3126 δωρεᾷ
1008 3055 1068 3110 τὸ
1096 3056 1342 3127 χάρισμα
1363 3059 1644 3128 εἰλήφατε,
1674 3064 1729 3116 τί

198 3140 317 3209 μέγα
351 3147 583 3216 φρονεῖτε
610 3163 628 3212 ;
671 3164 689 3198 ι
717 3145 807 3200 Ἐν
829 3148 1056 3218 Χριστῷ
1095 3149 1292 3218 Ἰησοῦ.
1319 3171 1338 3202 ι
1378 3151 1458 3224 Τῇ
1483 3153 1575 3206 διὰ
1595 3155 1730 3226 Χρι-

198 3232 321 3288 στοῦ.
350 3235 441 3290 Διὰ
481 3237 727 3308 Χριστοῦ
765 3239 875 3310 γὰρ
905 3241 932 3294 6
954 3241 1141 3311 Πατὴρ
1173 3243 1423 3300 δέδωκεν.
1460 3264 1481 3297 ι
1517 3247 1606 3298 Ἐν
1637 3247 1730 3299 αὐ-

196 3321 273 3391 τῷ.
308 3342 324 3373 ι
364 3325 524 3379 Πάλιν
555 3327 640 3392 τὸ,
661 3327 732 3380 ἐν
751 3327 930 3394 αὐτῷ,
956 3332 1223 3396 τουτέστι,
1254 3332 1324 3386 δι’
1351 3334 1542 3389 αὐτοῦ.
1577 3337 1638 3390 Ei
1676 3337 1734 3390 δὲ

197 3412 250 3465 δι’
271 3414 418 3468 αὐτοῦ
452 3418 847 3488 ἐπλουτίσθητε
881 3422 940 3474 ὲν
997 3425 1158 3477 παντὶ
1210 3425 1532 3496 πράγματι,
1578 3429 1673 3484 καὶ
1702 3430 1732 3482 ὁ

198 3501 389 3570 πλοῦτος
422 3507 567 3579 παρὰ
597 3508 760 3562 Θεοῖν
794 3509 910 3574 πῶς
945 3511 1252 3583 ἀνθρώποις
1283 3517 1530 3583 ἑαυτοὺς,
1572 3521 1727 3590 φησὶ,

198 3606 584 3678 προσενείματε;
623 3628 644 3662 ι
683 3611 792 3662 Καὶ
814 3611 961 3683 πάσῃ
985 3613 1202 3682 γνώσει.
1239 3635 1258 3667 ι
1301 3617 1421 3672 Ἔνι
1445 3618 1554 3690 γὰρ
1574 3618 1732 3688 λόγος
1775 3658 1778 3660 -

199 3695 338 3764 χωρὶς
365 3698 634 3766 γνώσεως,
659 3703 734 3765 ὡς
766 3704 798 3774 ή
838 3702 1096 3775 φλυαρία.
1116 3707 1249 3763 ,Ἕνι
1282 3710 1374 3762 καὶ
1396 3709 1598 3777 γνῶσις
1619 3729 1730 3780 χω-

198 3785 265 3855 ρὶς
289 3788 452 3858 λόγου,
483 3795 556 3858 ὡς
574 3799 608 3862 ἡ
652 3796 760 3849 τῶν
789 3797 1311 3866 ίδιωτῶν,νοοῦντων
1353 3801 1473 3873 μὲν,
1494 3802 1728 3869 ἐξειπεῖν

196 3877 242 3931 δὲ
266 3881 316 3934 τὸ
340 3885 520 3956 νοηθὲν
557 3889 635 3959 μὴ
665 3888 999 3959 δυναμένων.
1037 3891 1180 3946 Ἀλλ’
1214 3895 1394 3964 ὑμεῖς,
1424 3896 1580 3966 φησὶ,
1606 3898 1727 3950 κατ’

193 3970 330 4041 ἄμφω
355 3977 756 4050 ἐπλουτίσθητε,
791 3983 885 4036 καὶ
915 3984 1058 4056 λόγῳ
1091 3989 1186 4040 καὶ
1215 3986 1435 4055 γνώσει.
1474 4008 1494 4040 ι
1530 3988 1728 4053 Καθὼς

193 4061 241 4113 τὸ
259 4067 534 4141 μαρτύριον
561 4071 660 4126 τοῦ
690 4074 948 4142 Χριστοῦ.
992 4096 1010 4129 ι
1070 4078 1296 4145 Καθὼς,
1342 4081 1607 4144 τουτέστι,
1657 4080 1726 4135 δι’

195 4149 271 4208 ὧν.
292 4158 381 4212 Διὰ
407 4162 559 4232 λόγου
591 4164 720 4235 γὰρ,
756 4169 910 4236 φησι,
935 4169 1027 4222 καὶ
1053 4169 1153 4239 τῆς
1173 4169 1416 4225 θεοδότου
1446 4171 1722 4240 γνώσεως,

192 4247 241 4297 τὸ
259 4255 528 4325 μαρτύριον
559 4257 658 4310 τοῦ
692 4259 926 4328 Χριστοῦ
949 4301 963 4323 ,
1005 4262 1274 4326 τουτέστι,
1335 4264 1396 4317 τὸ
1436 4265 1722 4336 κήρυγμα,

193 4339 255 4399 εἰς
276 4341 402 4411 ὑμᾶς
429 4347 712 4402 πιστευθὲν
737 4348 1074 4419 ὲ6ε6αιώθη’
1131 4352 1268 4420 ὅπερ
1303 4353 1430 4422 ὑμῖν
1482 4354 1718 4424 ἐγένετο,

193 4429 239 4481 οὐ
265 4432 320 4484 δι’
369 4438 590 4508 εὐφυΐας
623 4440 831 4504 οἰκείας
861 4441 894 4512 ἢ
950 4442 1054 4513 τῆς
1087 4442 1286 4507 ἔξωθεν
1335 4445 1548 4514 σοφίας,
1587 4445 1722 4502 ἀλλὰ

192 4522 262 4575 διὰ
281 4526 479 4598 χάριτος
501 4532 662 4588 Θεοῦ.
686 4561 754 4572 -·-
783 4534 972 4589 Ἄλλο
998 4533 1196 4608 [ΦΩΤ.]
1229 4537 1398 4592 Πόθεν
1449 4539 1606 4610 δῆλον
1637 4541 1720 4594 ὅτι
1755 4553 1798 4607 Ῑ)

191 4616 537 4695 ἐπλουτίσθητε
568 4627 713 4699 λόγῳ
745 4629 836 4682 καὶ
863 4627 1060 4696 γνώσει
1086 4646 1102 4697 ;
1147 4632 1214 4686 ἐκ
1242 4633 1334 4686 τοῦ
1369 4633 1430 4687 τὸ
1459 4635 1721 4706 κήρυγμα

189 4706 267 4776 τῆς
287 4714 357 4774 εἰς
381 4715 610 4786 Χριστὸν
657 4718 912 4786 πίστεως,
961 4720 1324 4792 βεϐαιωθῆναι
1369 4725 1428 4777 ὲν
1456 4725 1603 4795 ὑμῖν.
1654 4725 1718 4780 Ἦ

190 4799 277 4870 γὰρ
296 4805 467 4860 τούτου
487 4809 778 4880 βεδαίωσις
792 4812 850 4864 ἐν
876 4813 1025 4882 ὑμῖν,
1044 4816 1137 4868 καὶ
1165 4815 1323 4885 λόγου
1352 4819 1444 4872 καὶ
1467 4817 1719 4886 γνώσεως

189 4891 363 4957 γίνεται
399 4905 697 4976 μαρτύριον
726 4908 874 4977 ὑμῖν.
908 4925 927 4959 ι
951 4907 1266 4978 Μαρτύριον
1298 4911 1554 4980 Χριστοῦ.
1585 4932 1602 4966 ι
1647 4913 1720 4966 Ἢ

189 4985 238 5036 τὸ
263 4989 488 5048 ἑκούσιον
517 4998 613 5050 καὶ
650 5001 919 5070 σωτήριον
949 5002 1140 5065 πάθος,
1177 5002 1270 5056 καὶ
1305 5003 1489 5067 ἁπλῶς
1517 5005 1549 5074 ﬂ
1578 5005 1717 5075 ὑπὲρ

191 5075 321 5169 ἡμῶν
347 5085 435 5139 τοῦ
460 5089 632 5157 Λόγου
664 5089 889 5157 κένωσις
919 5091 1014 5145 καὶ
1040 5092 1452 5168 ὲνανθρώπησις
1473 5112 1486 5126 °
1525 5097 1551 5168 ἢ
1579 5115 1720 5169 μαρ-

191 5168 344 5242 τύριον
385 5180 614 5248 Χριστοῦ
659 5185 694 5254 ἡ
736 5184 843 5237 τῶν
891 5186 1131 5256 σημείων
1165 5186 1322 5257 χάρις
1373 5188 1468 5241 καὶ
1516 5168 1714 5259 δωρεά.

189 5259 278 5315 Καὶ
298 5267 396 5339 γὰρ
419 5273 523 5327 εἰσὶ
551 5275 724 5328 ταῦτα
767 5275 1067 5347 μαρτύριον
1101 5277 1200 5347 τῆς
1229 5279 1308 5342 είς
1355 5279 1592 5350 Χριστὸν
1624 5281 1715 5335 πί-

193 5364 352 5440 ςτεως,
401 5363 492 5415 καὶ
523 5365 617 5434 τῆς
640 5365 916 5436 θειότητος
949 5366 1112 5420 αὐτοῦ
1143 5368 1235 5420 καὶ
1274 5368 1711 5440 μεγαλειότητος.

189 5431 339 5498 Ἦσαν
360 5450 481 5523 γὰρ,
505 5431 641 5525 ἦσαν
663 5458 710 5509 oi
730 5431 1006 5525 Κορίνθιοι
1032 5431 1390 5524 πλουτοῦντες
1407 5463 1465 5513 ὲν
1483 5431 1714 5524 τούτοις.

200 5531 326 5590 Ἐπεὶ
358 5537 463 5606 οὖν,
497 5548 649 5617 φησὶ,
703 5549 877 5605 ταῦτα
920 5551 1114 5620 ὁρᾶται
1146 5552 1204 5606 ὲν
1233 5552 1362 5619 ὑμῖν
1400 5553 1458 5605 ὲν
1485 5553 1718 5626 ἀφθονίᾳ

191 5629 266 5716 δαὶ
291 5631 580 5707 βεϐαιώσει,
603 5642 802 5709 καλῶς,
828 5645 983 5713 φησι,
1004 5645 1341 5716 προείπομεν
1358 5647 1440 5699 ὅτι
1469 5646 1528 5699 ἑν
1552 5649 1716 5700 παντὶ

1845 585 2172 656 subiunxit:
2231 608 2248 640 ι
2298 589 2436 645 Cum
2488 592 2747 648 omnibus
2791 595 2885 664 qui
2937 596 3213 662 invocant,
3246 619 3264 651 ι
3311 609 3418 657 etc.

1843 679 1912 733 Et
1959 681 2139 748 vobis,
2195 683 2408 755 inquit,
2477 677 2535 742 et
2583 690 2858 745 universis
2901 691 2972 746 sit
3014 708 3044 747 a
3097 694 3208 747 Deo
3263 696 3421 750 Patre

1842 771 2017 840 gratia
2058 781 2114 826 ct
2161 788 2284 843 pax.
2333 795 2351 826 ι
2394 777 2477 843 Et
2512 793 2634 845 suo,
2700 787 2756 835 et
2803 791 3012 837 nostro.
3074 802 3092 834 ι
3149 784 3419 852 Quoniam

1843 860 1935 916 ubi
1965 862 2211 930 dixisset,
2255 885 2272 918 ι
2306 865 2442 922 Cum
2479 871 2738 927 omnibus
2781 874 2876 942 qui
2914 874 3171 932 invocant
3217 895 3418 934 nomen

1841 952 2082 1019 Domini,
2104 973 2122 1006 ›
2146 957 2471 1028 adjunxerat
2503 971 2714 1018 tantum
2754 984 2773 1015 ι
2795 963 3050 1032 Νοειτί,ἰ
3088 977 3344 1039 tanquam
3367 973 3419 1026 id

1841 1044 2118 1115 corrigens
2195 1056 2252 1101 ει
2331 1052 2628 1108 ostendens
2684 1070 3032 1114 communem
3109 1061 3286 1131 ipsum
3365 1072 3425 1118 et

1840 1143 2164 1190 cunctorum
2203 1153 2326 1194 esse
2375 1141 2666 1198 Dominum
2716 1155 2772 1200 et
2824 1149 3164 1219 magistrum,
3205 1154 3358 1209 addit
3404 1172 3418 1209 :

1848 1246 1866 1276 ι
1903 1227 1968 1282 Ει
1996 1243 2120 1294 suo,
2163 1239 2220 1284 et
2257 1240 2472 1288 nostro.
2502 1254 2520 1286 ι
2560 1235 2715 1302 Quod
2764 1240 2806 1293 si
2838 1245 3149 1300 communis
3173 1247 3419 1302 omnium

1839 1319 2106 1378 Dominus
2136 1333 2241 1387 est,
2285 1333 2343 1380 et
2381 1341 2492 1381 non
2519 1329 2697 1383 solum
2749 1342 2956 1395 noster,
3003 1337 3096 1391 sed
3133 1339 3298 1394 etiam
3324 1356 3424 1396 εο-

1840 1427 1962 1466 rum
1994 1413 2088 1484 qui
2118 1415 2302 1470 ubivis
2331 1417 2578 1473 locorum
2622 1421 2851 1491 degunt,
2885 1425 3079 1495 utquid
3133 1428 3278 1484 inter
3324 1447 3424 1486 vos

1844 1514 2035 1559 mutuo
2089 1506 2391 1576 dissidetis,
2441 1519 2497 1564 et
2565 1527 2914 1569 communem
2963 1517 3421 1586 dominationem,

1838 1611 1937 1651 vos
1966 1597 2118 1666 ipsos
2150 1602 2476 1670 separando,
2511 1603 2710 1674 injuria
2745 1606 3065 1674 adicientes,
3095 1612 3218 1668 aliis
3259 1625 3423 1685 atque

1838 1688 1963 1744 aliis
1987 1705 2086 1746 vos
2116 1694 2470 1750 attribuitis?
2501 1715 2519 1748 ι
2557 1698 2625 1752 Ει
2668 1715 2770 1768 pax
2811 1716 2840 1754 a
2867 1702 2980 1756 Deo
3014 1705 3194 1759 Patre.
3229 1725 3248 1757 ι
3279 1707 3422 1773 Quid

1840 1791 2048 1849 autem,
2080 1793 2177 1839 aut
2208 1802 2338 1857 erga
2373 1805 2558 1858 quem,
2602 1791 2802 1861 inquit,
2840 1809 3027 1863 pacem
3062 1796 3293 1858 habetis.
3328 1809 3424 1854 aut

1837 1888 1868 1928 a
1922 1890 2032 1944 quo
2077 1879 2308 1948 gratiam
2350 1881 2638 1951 accipitis?
2687 1884 2821 1955 Ego,
2853 1887 2951 1952 ait,
2997 1887 3114 1944 haec
3154 1897 3210 1945 ct
3247 1906 3276 1944 a
3310 1891 3422 1946 Deo

1837 1966 1995 2021 vobis
2022 1969 2346 2040 contingere
2379 1974 2560 2043 cupio.
2599 1974 2695 2030 His
2722 1985 2905 2031 autem
2936 1977 3193 2034 doctores
3225 1994 3419 2036 eorum

1836 2059 2052 2114 occulte
2082 2062 2464 2130 reprehendit.

1907 2150 1948 2214 1,
1983 2152 2093 2207 4-6.
2127 2153 2339 2210 Gratias
2367 2173 2464 2226 ago
2494 2157 2600 2212 Deo
2624 2175 2734 2212 meo
2753 2175 2956 2230 semper
2977 2179 3072 2230 pro
3104 2164 3242 2217 vobis
3264 2181 3422 2235 super

1836 2244 2011 2313 gratia
2041 2243 2158 2312 Dei,
2189 2263 2306 2316 qua:
2335 2248 2462 2302 data
2491 2259 2568 2304 est
2602 2250 2742 2304 vobis
2785 2268 2880 2320 per
2914 2252 3177 2308 Christum
3208 2256 3412 2323 Iesum,

1838 2338 2089 2406 quoniam
2133 2339 2185 2392 in
2229 2342 2373 2394 omni
2420 2358 2475 2394 re
2519 2343 2675 2397 dilati
2707 2347 2827 2399 estis
2862 2362 2956 2414 per
2984 2347 3154 2416 ipsum
3199 2349 3420 2405 inomni

1835 2444 2076 2483 sermone
2101 2439 2150 2484 et
2172 2432 2225 2484 in
2249 2434 2391 2487 omni
2411 2433 2576 2505 519
2599 2437 2835 2498 scientia,
2858 2438 3041 2507 quibus
3062 2443 3420 2500 testimonium
3444 2509 3458 2520 ο

1838 2521 2033 2576 Christi
2057 2524 2434 2593 conﬁrmatum
2461 2536 2540 2580 est
2567 2528 2632 2581 in'
2651 2529 2818 2595 vobis,

1914 2630 1933 2662 ι
1973 2610 2187 2667 Gratias
2222 2629 2342 2684 ago.
2391 2632 2408 2666 ι
2465 2617 2750 2672 instruens
2782 2635 2903 2684 nos,
2956 2630 3014 2676 ut
3056 2624 3193 2693 grati
3223 2625 3415 2690 simus,

1838 2702 2020 2758 hocin
2059 2706 2210 2760 omni
2234 2706 2389 2761 addit
2415 2708 2680 2778 Epistola.
2718 2711 2865 2766 «Deo
2905 2729 3048 2769 meo.
3090 2735 3107 2765 ι
3141 2716 3205 2770 Ει
3243 2718 3418 2772 multo

1836 2810 2025 2850 amore
2050 2796 2293 2852 vindicat
2317 2797 2424 2853 sibi
2451 2798 2505 2853 id
2535 2799 2686 2868 quod
2720 2815 3012 2857 commune
3039 2813 3142 2858 est.
3181 2824 3199 2854 ι
3241 2804 3418 2874 Super

1836 2885 2007 2954 gratia
2039 2886 2156 2940 Dei.
2187 2905 2205 2938 ι
2242 2887 2410 2942 Douis
2431 2888 2731 2958 plurimum
2767 2890 3226 2948 intumescebant.
3257 2894 3417 2952 Hunc

1836 2990 1968 3046 ergo
1998 2977 2181 3031 innuit
2207 2994 2429 3034 sensum
2458 2997 2472 3034 :
2497 2979 2552 3034 Si
2577 2996 2686 3036 non
2714 2983 2916 3038 vestris
2946 2984 3105 3038 bonis
3127 2986 3414 3054 operibus,

1837 3066 1934 3120 sed
1976 3066 2184 3122 Christi
2210 3083 2440 3122 munere
2474 3068 2678 3123 donum
2727 3072 3040 3143 accepistis,
3091 3075 3224 3144 quid
3267 3075 3415 3131 intu-

1838 3159 2103 3213 mcscitis.
2149 3176 2167 3207 ι
2203 3158 2308 3212 Ρει·
2346 3157 2625 3213 Christum
2672 3159 2882 3218 Jesum.
2939 3184 2958 3216 ι
2999 3164 3226 3235 Capitur
3262 3168 3411 3222 enim

1839 3249 1894 3300 ὲν
1931 3248 2156 3318 Χριστῷ
2199 3263 2300 3318 pro
2345 3250 2434 3302 διὰ
2484 3251 2742 3322 Χριστοῦ.
2785 3253 2921 3308 Nam
2973 3271 3073 3325 per
3129 3256 3411 3314 Christum

1835 3338 1986 3394 dedit
2033 3339 2213 3396 Pater.
2255 3359 2273 3391 ι
2319 3341 2421 3396 Ρει·
2463 3342 2665 3412 ipsum.
2710 3364 2731 3395 ›
2768 3344 3054 3416 Siquidem
3099 3365 3317 3404 rursum
3353 3353 3413 3406 ὲν

1835 3432 1983 3502 αὑτῷ
2021 3433 2234 3502 rapitur
2273 3449 2370 3503 pro
2405 3435 2472 3487 δι’
2500 3436 2689 3490 αὑτοῦ.
2742 3437 2901 3503 Quod
2942 3441 2987 3494 si
3013 3456 3112 3510 per
3146 3440 3321 3511 ipsum
3355 3444 3412 3498 in

1834 3523 1983 3580 omni
2016 3540 2075 3580 re
2107 3525 2262 3580 ditati
2298 3527 2455 3593 estis,
2486 3527 2652 3598 idque
2680 3529 2889 3586 divitiis
2921 3547 3042 3602 quae
3071 3545 3100 3587 a
3125 3534 3234 3588 Deo
3259 3541 3410 3599 sunt,

1833 3633 1943 3688 quo
1974 3627 2134 3689 pacto
2170 3634 2269 3674 vos
2303 3620 2452 3689 ipsos
2479 3621 2797 3677 hominibus
2833 3622 3172 3679 addixistis?
3201 3644 3219 3675 ι
3249 3625 3319 3680 Ει
3354 3625 3412 3682 in

1831 3711 1982 3765 omni
2033 3710 2282 3767 scientia.
2331 3731 2350 3764 ι
2406 3712 2690 3786 Contingit
2729 3717 2878 3771 enim
2929 3732 3239 3773 sermonem
3289 3733 3415 3775 esse

1831 3803 2037 3875 absque
2072 3804 2325 3872 scientia,
2368 3806 2538 3862 veluti
2568 3817 2698 3862 sunt
2727 3823 2904 3879 nugas.
2949 3810 3186 3865 Rursum
3227 3811 3414 3866 scien-

1830 3897 1959 3951 tiam
1998 3912 2119 3951 essc
2165 3897 2441 3969 contingit
2478 3897 2658 3968 abque
2704 3915 2982 3967 sermone,
3035 3903 3406 3972 quemadmo-

1827 3988 1960 4041 dum
1992 3987 2045 4040 in
2079 3985 2304 4042 idiotis:
2337 3989 2432 4058 qui
2467 4005 2582 4044 rem
2607 3991 2828 4062 quidem
2862 3993 3194 4066 intelligunt,
3217 4009 3410 4050 verum

1829 4078 1976 4149 quod
2041 4077 2229 4133 animo
2287 4091 2685 4151 conceperant,
2731 4085 3040 4154 exprimere
3103 4094 3410 4155 nequeunt.

1829 4168 1935 4225 Sed
1959 4184 2077 4232 vos,
2102 4166 2301 4238 inquit,
2333 4178 2570 4242 utroque
2601 4173 2922 4238 ditatiestis
2960 4193 2974 4229 :
3009 4185 3120 4230 tam
3154 4192 3411 4233 sermone

1826 4281 1990 4336 quam
2023 4267 2275 4323 scientia.
2310 4284 2328 4316 ι
2357 4263 2569 4333 Quibus
2592 4269 2965 4326 testimonium
2990 4271 3109 4326 Dei.
3151 4289 3169 4324 ι
3202 4272 3403 4338 Καθὼς

1825 4359 2042 4429 capitur
2068 4375 2168 4430 pro
2193 4360 2244 4434 δι
2265 4353 2359 4413 ὧν.
2385 4357 2666 4430 Siquidem
2696 4375 2796 4432 per
2840 4377 3174 4429 sermonem,
3205 4364 3404 4434 inquit.

1827 4461 1884 4507 et
1932 4451 2183 4507 traditam
2221 4430 2252 4506 εἰ
2285 4451 2396 4506 Deo
2427 4430 2735 4519 scientiam,
2771 4453 3143 4510 testimonium
3174 4430 3401 4519 Christi,

1827 4544 1932 4599 hoc
1969 4554 2074 4608 est,
2115 4542 2452 4613 praedicatio,
2501 4543 2607 4599 [ide
2654 4545 3037 4600 confirmatum
3070 4554 3153 4601 est
3194 4546 3249 4600 in
3283 4562 3404 4609 vos.

1827 4636 1972 4706 quod
2023 4635 2178 4690 vobis
2214 4648 2323 4689 non
2357 4636 2578 4706 propria
2625 4636 2810 4692 datum
2849 4645 2933 4692 est
2982 4637 3269 4702 industria,
3310 4645 3406 4693 aut

1828 4737 2052 4784 externa
2091 4727 2380 4798 sapientia,
2431 4728 2526 4783 scd
2559 4729 2656 4784 Dei
2701 4731 2895 4801 gratia.
2935 4755 3008 4770 --
3033 4729 3210 4784 Aliud.
3245 4731 3402 4788 Unde

1829 4822 2178 4876 manifestum
2234 4830 2320 4877 est
2385 4822 2534 4892 quod
2602 4837 2857 4877 sermone
2915 4823 3071 4883 ditati
3143 4823 3262 4878 sitis
3337 4839 3402 4878 ac

1828 4913 2092 4968 scientia?
2119 4929 2186 4968 ex
2228 4928 2295 4968 eo
2325 4914 2470 4982 quod
2501 4913 2815 4982 praedicatio
2853 4914 2976 4969 ﬁdei
3019 4914 3072 4969 in
3096 4913 3398 4980 Christum,

1829 5006 2212 5062 conﬁrmatum
2272 5015 2356 5059 est
2394 5004 2449 5058 in
2493 5005 2671 5058 vobis:
2733 5005 2900 5075 hujus
2964 5021 3201 5076 namque
3264 5024 3386 5062 cnn-

1830 5093 2068 5149 ﬁrmatio
2119 5095 2173 5148 in
2229 5094 2410 5158 vobis,
2445 5102 2501 5148 et
2540 5094 2812 5149 sermonis
2861 5103 2917 5150 et
2944 5096 3192 5152 scientiae
3240 5097 3397 5153 vobis

1829 5187 2202 5241 testimonium
2255 5195 2356 5241 est.
2412 5205 2429 5238 ι
2480 5187 2877 5244 Testimonium
2952 5187 3176 5245 Christi.
3214 5210 3234 5244 ι
3288 5191 3398 5248 Aut

1827 5279 2134 5334 voluntaria
2189 5288 2245 5333 et
2304 5279 2561 5334 salutaris
2593 5279 2794 5347 passio.
2846 5290 3017 5351 utque
3067 5297 3178 5338 uno
3225 5284 3395 5338 verbo

1827 5373 2028 5436 dicam,
2064 5370 2206 5426 facta
2257 5386 2356 5441 pro
2386 5372 2546 5427 nobis
2584 5372 2750 5427 Verbi
2785 5373 3084 5429 exinanitio
3122 5383 3179 5428 et
3215 5375 3396 5430 incar-

1824 5464 1978 5518 natio
2010 5480 2024 5517 :
2058 5473 2152 5517 aut
2177 5463 2548 5517 testimonium
2577 5462 2779 5518 Christi
2823 5464 2998 5534 gratia
3027 5472 3112 5520 est
3156 5464 3394 5520 donum-

1824 5571 1932 5628 que
1989 5556 2289 5626 signorum.
2332 5555 2614 5626 Siquidem
2663 5557 2779 5610 haec
2832 5566 2962 5611 sunt
3018 5555 3393 5616 testimonium

1824 5649 1952 5704 ﬁdei
2003 5650 2056 5702 in
2107 5647 2390 5703 Christum
2443 5664 2506 5702 ac
2547 5647 2852 5702 divinitatis
2893 5659 2947 5701 et
3001 5647 3393 5718 magnitudinis

190 5713 307 5789 λόγῳ
330 5726 415 5778 καὶ
443 5731 588 5806 πάσῃ
612 5734 811 5804 γνώσει
833 5713 1250 5807 ὲπλουτίσθητεέ
1276 5737 1456 5808 Μέρος
1473 5737 1716 5808 γὰρ·τῶν

1836 5740 1961 5809 ejus.
1997 5738 2052 5792 In
2093 5738 2179 5792 his
2204 5740 2350 5792 enim
2385 5738 2542 5792 ditati
2579 5745 2738 5791 erant
2781 5736 3070 5791 Corinthii.
3094 5713 3237 5793 'Nam
3265 5756 3389 5795 cum

190 5818 520 5889 χαρισμάτων,
559 5827 586 5879 ὃ
610 5845 666 5880 τε
699 5827 855 5896 λόγος
891 5829 1035 5900 καὶὴ
1091 5829 1316 5897 γνῶσις,
1355 5831 1382 5882 ὁ
1425 5829 1525 5900 μὲν
1554 5830 1710 5900 λόγος

1823 5832 1960 5903 haec,
1995 5832 2196 5904 inquit,
2229 5832 2282 5886 in
2313 5831 2470 5887 vobis
2504 5831 2932 5902 conSpiciantur,
2965 5831 3104 5887 bene
3137 5833 3396 5904 praedixi-
