3880 6560
469 367 574 434 θέῖ
1551 369 1960 430 (ECUMENII
1998 367 2290 426 TRICCE
2326 366 2663 428 EPISCOPI
3620 374 3706 439 ΜΒ

471 481 584 538 Deo
633 481 773 552 quod
809 483 1071 538 nemiuem
1106 486 1336 534 vestrum
1377 475 1754 548 baptizauerim
1806 474 1910 528 nisi
1949 473 2058 528 Cri-

2171 475 2258 528 ὄτι
2281 475 2502 532 οὐδένα
2529 473 2695 544 ὑμῶν
2748 472 3064 538 ἐϐάπτισα,
3107 477 3160 529 εί
3185 476 3271 546 μὴ
3323 478 3583 544 Ιιζρέσπον
3626 495 3706 542 και

469 589 624 642 apum
673 585 720 628 et
768 575 979 634 Gaium.
1007 588 1072 626 ne
1110 571 1224 642 quis
1269 571 1413 624 dicat
1455 569 1672 639 quodin
1706 568 1912 620 nomine
1949 582 2058 620 mea

2169 567 2375 634 Γάϊον,
2401 569 2501 620 ἵνα
2525 567 2606 634 μή
2637 585 2722 633 τις
2742 567 2883 635 εἴπῃ
2913 566 3001 620 ὅτι
3039 569 3120 632 εἰς
3139 567 3204 620 τὸ
3236 568 3381 637 ἐμὸν
3403 569 3579 640 ὄνομα
3602 574 3710 628 ted-

471 664 874 734 baptizaverim.
928 664 1204 736 Baptizavi
1261 671 1441 718 autem
1482 671 1530 714 et
1575 658 1856 728 Stephamr
1908 659 2064 730 [arni-

473 753 602 808 lium
637 771 656 810 :
713 764 967 826 praeterea
1009 753 1162 821 'jtaud
1203 754 1312 807 scio
1367 769 1493 806 num
1556 767 1709 821 quem
1750 748 1920 803 alium
1967 747 2065 801 ba-

471 847 802 918 ptizaverim.
846 844 963 899 Non
993 846 1134 897 enim
1167 845 1308 898 misit
1339 859 1420 896 me
1443 839 1703 906 Christus,
1729 849 1785 893 ut
1828 838 2065 909 baptiza-

473 953 604 1000 rem,
649 937 740 990 sed
789 944 845 989 ut
894 934 1244 1006 Evangelium
1290 935 1637 1006 prwdicarem
1681 947 1699 984 :
1741 948 1846 986 non
1873 931 1930 983 in
1974 947 2065 984 sa-

470 1030 666 1098 pientia
694 1028 973 1092 sermonis,
998 1044 1062 1082 ne
1094 1035 1376 1081 evacuatur
1397 1041 1530 1079 crux
1559 1023 1771 1080 Christi.

542 1120 965 1191 Consequentur
993 1119 1134 1174 tollit
1160 1117 1306 1189 quod
1334 1117 1636 1172 absurdum
1678 1125 1784 1182 est,
1817 1131 2062 1172 omnem-

467 1227 574 1282 que
590 1227 703 1267 rem
735 1212 789 1266 in
811 1211 1054 1282 seipsum
1077 1209 1318 1265 traducit
1343 1227 1356 1262 :
1386 1225 1454 1264 ne
1470 1225 1535 1264 ex
1555 1207 1859 1263 invidentia
1872 1207 2061 1263 videa~

468 1314 559 1358 tur
579 1304 917 1359 mentionem
971 1302 1148 1358 facere
1169 1303 1453 1357 nominum
1477 1301 1732 1355 aliorum.
1751 1297 1864 1354 Nec
1881 1298 2020 1353 dixit
2043 1315 2058 1353 :

467 1394 629 1468 423
654 1396 794 1450 Num
829 1395 1035 1450 Paulus
1065 1409 1163 1449 vos
1204 1393 1334 1450 fecit
1376 1401 1474 1448 aut
1520 1389 1754 1456 creavit,
1780 1389 1878 1447 sed
1909 1388 2060 1461 quod

468 1489 642 1544 multo
655 1489 893 1558 amplius
911 1488 1063 1542 illius
1076 1486 1480 1558 benignitatem
1511 1484 1918 1548 manifestabat,
1935 1500 2063 1539 cru-

468 1581 921 1637 ceminmedium
955 1579 1205 1645 adduxit,
1251 1594 1315 1634 ac
1337 1578 1606 1648 baptisma
1633 1592 1744 1648 quo
1758 1575 2060 1648 purifican-

470 1685 560 1729 tur
588 1683 833 1744 peccata.
863 1671 1002 1728 Nam
1059 1687 1157 1742 per
1213 1672 1330 1727 haec
1384 1671 1479 1725 Dei
1533 1685 1758 1742 regnum
1784 1670 1930 1725 nacti
1961 1686 2056 1726 su-

467 1780 612 1819 mus.

531 1858 615 1912 Ab
642 1856 869 1913 exordio
891 1867 1076 1914 autem
1103 1858 1363 1930 Epistolaa
1396 1859 1453 1913 in
1485 1857 1648 1913 ﬁnem
1672 1873 1845 1929 usque
1877 1858 2057 1914 conti-

469 1966 582 2006 nuo
641 1951 816 2006 ferme
865 1951 1062 2006 ordine
1116 1952 1371 2006 meminit
1418 1951 1660 2006 nominis
1710 1949 1940 2016 Christi,
1998 1961 2059 2004 ut

469 2043 779 2114 frequentia
825 2044 1082 2099 salutaris
1130 2043 1294 2116 hujus
1333 2043 1722 2115 appellationis
1751 2042 1952 2098 fastum
1993 2059 2059 2098 ac

467 2138 819 2207 putredinem
891 2140 1222 2212 arrogantiae
1287 2137 1627 2194 exhauriens
1701 2144 2056 2208 expurgaret.

475 2249 492 2281 ι
527 2230 745 2286 Gratias
795 2247 897 2303 ago
948 2233 1084 2288 Deo.
1155 2253 1172 2286 ι
1237 2232 1518 2302 Baptizavi
1566 2230 1813 2303 quidem,
1872 2229 1968 2285 sed
2003 2229 2058 2285 in

468 2322 677 2377 Christi
731 2324 980 2390 nomine,
1037 2325 1240 2395 inquit.
1292 2323 1405 2379 Cur
1454 2323 1661 2390 gratias
1695 2323 1832 2392 agis,
1868 2322 2055 2387 Paule,

468 2414 618 2484 quod
673 2415 950 2470 neminem
1005 2431 1199 2471 eorum
1261 2414 1631 2486 baptizaveris
1680 2423 1882 2484 praeter
1934 2414 2058 2468 illos

468 2520 608 2574 quos
639 2507 1016 2561 enumerasti?
1042 2521 1112 2561 an
1139 2507 1448 2579 baptismus
1477 2508 1619 2560 inter
1651 2506 1740 2561 illa
1768 2506 2058 2576 ponendus

467 2607 576 2659 est,
617 2613 852 2666 quorum
884 2612 1053 2667 parva
1084 2607 1168 2653 est
1199 2597 1447 2652 habenda
1475 2599 1658 2653 ratio?
1686 2612 2054 2668 nequaquam,

471 2690 678 2758 inquit,
725 2690 822 2746 sed
876 2690 944 2744 de
989 2690 1096 2745 hoc
1148 2689 1354 2761 duplici
1409 2692 1632 2746 nomine
1677 2691 1884 2762 gratias
1931 2706 2054 2762 ago.

470 2780 599 2837 Uno
655 2781 878 2851 quidem
931 2782 1077 2854 quod
1113 2799 1225 2838 non
1279 2783 1610 2854 baptizando
1648 2800 1758 2838 non
1807 2783 2056 2839 dederim

470 2870 804 2940 quibusdam
828 2887 1016 2927 ansam
1047 2872 1289 2937 dicendi,
1323 2873 1472 2943 quod
1502 2873 1710 2928 multos
1741 2874 1812 2928 ob
1868 2874 1919 2928 id
1952 2873 2055 2928 ba-

468 2963 757 3034 ptizarem,
786 2980 894 3035 quo
908 2978 1109 3020 emtum
1129 2965 1526 3035 discipulorum
1560 2966 1693 3020 mihi
1723 2965 1824 3036 ipsi
1848 2965 2054 3020 consti-

471 3067 655 3123 tuens,
688 3057 1049 3128 praeceptoris
1078 3073 1144 3112 ac
1177 3057 1337 3114 ducis
1361 3073 1562 3113 nomen
1587 3057 1724 3114 mihi
1756 3058 2053 3129 conquire-

470 3163 614 3203 rem.
642 3149 830 3204 Altero
856 3158 1040 3205 autem
1072 3150 1224 3220 quod
1263 3165 1444 3220 neque
1491 3149 1560 3204 ad
1590 3164 1711 3204 eam
1744 3164 1859 3204 rem
1916 3163 2052 3218 apo-

466 3239 744 3294 stolorum
807 3255 840 3296 a
870 3239 1095 3296 Christo
1142 3240 1475 3311 acceperim.
1523 3240 1698 3295 Simul
1757 3241 2056 3295 ostendens

468 3329 616 3404 quod
651 3331 699 3387 si
730 3347 850 3405 ego,
883 3333 1084 3403 inquit,
1123 3333 1216 3403 qui
1247 3349 1279 3387 a
1301 3333 1523 3388 Christo
1580 3332 1783 3387 missus
1825 3348 1947 3387 sum
1997 3340 2060 3386 ut

468 3424 838 3496 pne-dicarem
895 3434 953 3482 et
1005 3427 1398 3482 annuntiarem
1455 3425 1630 3496 ipsius
1674 3425 2058 3496 Evangelium,

471 3533 637 3587 parce
667 3533 733 3573 ac
765 3533 893 3573 raro
922 3518 1220 3590 baptizari,
1254 3533 1381 3573 cum
1413 3526 1598 3572 tamen
1643 3527 1935 3588 cognatum
1987 3517 2064 3574 sit

468 3625 535 3665 ac
562 3611 978 3665 consecutivum
1035 3609 1305 3680 baptisma
1364 3607 1774 3680 praedicationis
1802 3627 1815 3661 :
1840 3623 1940 3663 vos
1964 3609 2060 3678 qui

470 3701 699 3772 penitus
721 3700 874 3756 missi
896 3717 1010 3758 non
1040 3706 1200 3767 estis,
1234 3701 1512 3773 quomodo
1532 3717 1632 3756 vos
1680 3701 1828 3771 ipsos
1856 3715 2063 3772 prece-

470 3800 664 3862 ptores
693 3791 959 3849 exhibere
987 3793 1250 3850 audetis?
1275 3793 1554 3864 quomodo
1603 3808 1736 3848 vero
1765 3792 1931 3848 etiam
1957 3791 2059 3848 ba-

470 3884 716 3954 ptizatis;
746 3893 844 3940 aut
866 3886 1101 3941 aliorum
1125 3885 1411 3957 quidpiam
1433 3885 1661 3941 omnino
1687 3884 1888 3949 facitis,
1915 3898 2059 3956 quo-

471 3989 595 4029 rum
624 3974 830 4032 donum
856 3984 954 4032 aut
973 3976 1338 4048 apostolatum
1365 3993 1475 4032 non
1500 3976 1832 4048 accepistis?

546 4084 567 4119 ι
648 4067 806 4135 Quod
875 4070 1154 4125 neminem
1231 4077 1477 4124 vestrum
1539 4069 1957 4139 baptizaverim.
2031 4086 2050 4121 ι

468 4158 705 4226 Quidam
764 4160 836 4216 ob
890 4176 988 4217 eos
1048 4160 1495 4218 intumescebant
1547 4175 1688 4230 quos
1743 4160 2058 4231 baptizan-

472 4259 621 4309 rant.
656 4249 846 4322 Ilaque
865 4252 977 4308 ait:
1001 4252 1142 4319 Quid
1171 4253 1558 4318 intumescitis,
1582 4267 1706 4307 cum
1727 4265 1830 4321 ego
1851 4251 2058 4322 gratias

475 4359 633 4416 agam
663 4343 808 4415 quod
833 4360 941 4400 non
972 4344 1412 4416 baptizaverim?
1433 4343 1549 4400 Hoc
1575 4352 1760 4398 autem
1781 4342 1915 4398 dicit
1934 4343 2057 4398 illo-

473 4453 597 4493 rum
619 4453 935 4509 expurgans
958 4438 1352 4508 arrogantiam,
1376 4451 1487 4490 non
1510 4435 1786 4506 baptisma
1815 4435 2056 4505 vilipen-

2166 672 2373 712 πτισα.
2413 657 2734 713 Ἐεὰπτισα
2766 657 2833 710 δὲ
2856 658 2954 712 καὶ
2984 657 3090 710 τὸν
3116 656 3388 728 Στεφανᾶ
3408 657 3586 717 οἷκον.
3603 670 3711 720 on.

2167 753 2286 803 πον
2313 752 2425 805 οὐκ
2467 745 2599 804 οἶδα
2647 750 2701 804 ετ
2737 767 2869 804 τινα
2911 750 3108 804 ἄλλον
3150 749 3461 806 ἐϐάπτισα.
3508 756 3584 809 Οὐ
3623 761 3711 828 τὰρ

2168 839 2490 896 ἀπέστειλέ
2504 859 2582 912 με
2611 841 2869 911 Χριστὸς
2892 841 3225 908 βαπτίζειν,
3269 843 3406 897 ἀλλ’
3440 847 3713 916 εὐαγγελί-

2167 929 2389 993 ζεσθαι,
2429 937 2541 989 οὐκ
2569 934 2640 988 ἐν
2683 933 2874 1005 σοφίᾳ
2907 935 3131 1005 λὸγου,
3172 937 3272 990 ἵνα
3310 935 3400 1007 μὴ
3444 940 3654 1010 κενωθῇ
3685 947 3711 996 ό

2165 1027 2432 1094 σταυρὸς
2465 1027 2571 1081 τοῦ
2598 1028 2881 1096 Χριστοῦ.

2239 1117 2441 1173 Λοιπὸν
2457 1119 2674 1190 ἀναιρεῖ
2705 1119 2766 1173 τὸ
2793 1121 2994 1174 άτοπον
3014 1161 3030 1186 ,
3085 1120 3181 1174 καὶ
3211 1119 3272 1174 τὸ
3301 1123 3412 1174 πᾶν
3441 1119 3525 1190 ἐφ’
3549 1123 3711 1177 ἐαυτὸν

2167 1209 2343 1280 φέρει,
2377 1209 2465 1263 ἵνα
2495 1209 2570 1278 μὴ
2593 1208 2720 1282 δόξῃ
2744 1209 2888 1264 κατά
2919 1210 3115 1281 φθόνον
3131 1211 3435 1282 ἀλλοτρίων
3465 1213 3711 1283 ὀνομάτων

2167 1301 2499 1372 μεμνῆσθαι.
2529 1303 2642 1356 Οὐκ
2673 1298 2818 1370 εἷπε,
2845 1304 2939 1376 Μὴ
2962 1303 3172 1368 Παῦλος
3199 1304 3430 1375 ἐποίησε
3461 1305 3549 1359 καὶ
3575 1305 3712 1359 ἔπλεο

2167 1409 2260 1446 σεν
2287 1393 2431 1463 ὑμᾶς
2456 1410 2472 1460 ;
2503 1393 2640 1456 ἀλλ’,
2668 1393 2698 1447 ὃ
2733 1393 2915 1463 πολλῷ
2931 1393 3098 1447 πλέον
3117 1394 3216 1465 τὴν
3243 1393 3412 1447 αὑτοῦ
3445 1393 3714 1465 φιλανθρω-

2164 1483 2296 1538 πίαν
2317 1485 2528 1560 ἐδήλου,
2556 1485 2646 1539 τὸν
2682 1485 2918 1558 σταυρὸν
2943 1487 3024 1551 είς
3061 1488 3224 1558 μέσον
3269 1485 3510 1556 παρῆξε,
3561 1488 3643 1539 καὶ
3663 1487 3713 1540 τδ

2161 1576 2274 1629 τῶν
2304 1578 2590 1648 ἁμαρτιῶν
2622 1579 2921 1651 καθάρσιον
2961 1577 3268 1651 βάπτισμα,
3298 1578 3368 1632 δι’
3395 1569 3474 1632 ὧν
3494 1577 3711 1650 ηῦραμεν

2160 1666 2259 1736 τὴν
2293 1668 2573 1738 βασιλείαν
2601 1668 2696 1723 τοῦ
2727 1669 2885 1725 Θεοῦ.

2251 1847 2348 1902 Ἐκ
2377 1850 2680 1922 προοιμίων
2710 1849 2764 1905 δὲ
2799 1851 2895 1920 τῆς
2918 1851 3242 1921 Ἐπιστολῆς
3260 1853 3390 1921 ἄχρι
3412 1850 3511 1904 τοῦ
3539 1849 3709 1915 τέλους,

2163 1939 2307 1994 κατά
2360 1943 2542 2011 στίχον
2583 1944 2770 2013 σχεδὸν
2797 1944 2891 1998 τοῦ
2939 1944 3203 2015 ὀνόματος
3231 1943 3326 1998 τοῦ
3365 1940 3710 2012 Χριστοῦ,μί·

2165 2045 2387 2100 μνηται,
2443 2031 2530 2084 ἵνα
2567 2035 2632 2104 τῇ
2691 2033 2993 2106 πυκνότητι
3027 2034 3126 2105 τῆς
3157 2032 3546 2104 σωτηριώδους
3569 2045 3707 2100 προσ·

2159 2125 2388 2194 ⁴ῃγορίας
2422 2127 2648 2196 ταύτης,
2701 2126 2800 2197 τὴν
2844 2127 3148 2199 ὑπεροψίαν
3176 2128 3271 2181 καὶ
3324 2127 3427 2198 τὴν
3473 2127 3567 2195 τῆς
3603 2127 3708 2178 ὑπο-

2160 2215 2308 2276 νοίας
2333 2215 2601 2284 σηπεδόνα
2633 2216 2916 2280 ἐπαντλῶν
2937 2215 3241 2288 ἐκκαθάρῃ.
3277 2232 3294 2266 ι
3319 2216 3634 2287 Εὐχάριστῶ
3651 2214 3709 2285 τῷ

2161 2303 2301 2375 Θεῷ.
2353 2325 2370 2356 ι
2414 2304 2716 2360 Ἐϐάπτισα
2771 2307 2906 2379 μὲν,
2946 2307 3061 2361 ἀλλ’
3107 2309 3189 2372 είς
3237 2309 3298 2361 τὸ
3355 2310 3459 2361 τοῦ
3511 2308 3708 2378 Χριστοῦ

2160 2396 2371 2467 ὄνομα,
2413 2397 2567 2469 φησί.
2615 2399 2680 2450 Τί
2724 2400 3110 2470 εὐχαριστεῖς,
3161 2399 3342 2454 Παῦλε
3367 2440 3383 2465 ,
3422 2400 3512 2453 ὅτι
3555 2399 3710 2452 οὐδένα

2159 2487 2342 2541 αὐτῶν
2373 2485 2865 2559 ἐϐάπτισας,’πλὴν
2897 2483 2972 2542 ὧν
3007 2484 3207 2555 sitae;
3259 2488 3335 2560 μὴ
3366 2488 3427 2541 τὸ
3462 2488 3709 2558 βάπτισμα

2161 2580 2219 2634 ἐν
2250 2579 2443 2650 βραχεῖ
2483 2580 2768 2652 τιθέμενος
2788 2582 2963 2653 λόγως
2985 2583 3078 2655 Μὴ
3118 2583 3348 2652 γένοιτο,
3382 2583 3572 2651 φησὶν,
3603 2578 3708 2632 ἀλλὰ

2158 2671 2245 2726 διὰ
2267 2671 2360 2726 δύο
2386 2672 2592 2738 ταύτας
2619 2674 2798 2754 αἰτίας
2836 2675 3172 2746 εὐχαριστῶ,
3214 2677 3345 2746 μίαν
3379 2675 3504 2746 μὲν,
3536 2675 3608 2726 ὅτι
3651 2674 3708 2742 μὴ

2162 2765 2459 2836 βαπτίζων,
2496 2767 2682 2838 φησιν,
2715 2767 2836 2822 οὐδὲ
2865 2768 3044 2823 ἔδωκά
3084 2785 3227 2822 τισιν
3253 2767 3517 2839 ἀφορμὴν
3544 2766 3711 2832 λέγειν,

2158 2861 2238 2914 ὅτι
2266 2859 2354 2913 διὰ
2381 2860 2539 2913 τοῦτο
2583 2859 2855 2915 ἐϐάπτισα
2907 2860 3158 2927 πολλοὺς,
3191 2861 3279 2915 ἵνα
3317 2859 3480 2930 χορὸν
3524 2857 3708 2928 ἐμαυτῷ

2162 2949 2422 3020 μαθητῶν
2456 2950 2888 3022 συστησάμενος,
2920 2951 3092 3022 ὄνομα
3122 2951 3344 3023 ἐμαυτῷ
3375 2951 3710 3022 περιποιήσω-

2163 3059 2260 3111 μαι
2289 3040 2612 3096 διδασκάλου
2642 3041 2737 3094 καὶ
2778 3041 3116 3112 καθηγητοῦ.
3147 3042 3228 3096 Δι’
3267 3043 3463 3113 ἑτέραν
3520 3041 3604 3104 δὲ,
3642 3040 3708 3092 ὅτι

2159 3133 2268 3185 οὐδ’
2298 3129 2444 3204 εἶχον
2487 3133 2586 3188 ἐπὶ
2611 3134 2772 3188 τοῦτο
2816 3135 2966 3207 παρὰ
2994 3133 3231 3205 Χριστοῦ
3267 3133 3588 3204 ἀποστολὴν,
3616 3133 3706 3202 ἅμα

2158 3227 2392 3289 δεικνὺς,
2425 3227 2508 3281 ὅτι
2533 3227 2595 3280 El
2623 3225 2778 3297 ἐγὼό
2805 3227 3136 3291 ἀποσταλεὶς
3181 3226 3327 3298 παρά
3368 3227 3598 3299 Χριστοῦ
3625 3241 3706 3294 κη-

2161 3317 2384 3389 ρύσσειν
2413 3318 2511 3372 καὶ⁵
2535 3319 2927 3388 καταγγέλλειν
2947 3321 3010 3373 τὸ
3038 3320 3204 3375 αὐτοῦ
3235 3318 3707 3390 Εὑαγγέλιον,μετά

2160 3411 2376 3481 φειδοῦς
2429 3412 2522 3466 καὶ
2567 3413 2812 3480 σπανίως
2873 3413 3144 3468 ἐϐάπτισα
3207 3413 3406 3486 (καίτοι
3481 3411 3706 3481 συγγενές

2156 3503 2276 3554 ἐστι
2309 3505 2404 3557 καὶ
2439 3504 2730 3575 συνέχεται
2771 3505 2835 3560 τὸ
2879 3506 3164 3578 βάπτισμα
3197 3503 3288 3558 τοῦ
3334 3503 3705 3576 κηρῦγματο;,)

2160 3594 2318 3662 ὑμεῖς
2349 3596 2398 3648 oi
2432 3595 2555 3667 μηδ’
2575 3595 2713 3662 ὅλως
2743 3596 3164 3661 ἀποσταλέντες,
3183 3597 3301 3660 πῶς
3333 3597 3564 3668 τολμᾶτε
3585 3594 3705 3648 διδα-

2145 3681 2397 3746 ’σκάλους
2421 3685 2650 3750 ἐαυτοὺς
2681 3686 3042 3755 άποφαίνεινς
3076 3686 3268 3752 πῶςδέ
3293 3687 3390 3742 καὶ
3425 3686 3703 3758 βαπτίζετε.

2159 3771 2192 3841 ἢ
2229 3771 2448 3862 ὅλωςητί
2477 3776 2703 3843 ποιεῖτε,
2729 3768 2805 3833 ὧν
2837 3777 2937 3832 οὐκ
2964 3776 3187 3833 ἐλάϐετε
3225 3778 3474 3844 χάρισμα
3505 3778 3539 3850 ἢ
3590 3779 3704 3832 ἀπο·

2161 3863 2356 3937 στολήν
2369 3882 2385 3931 ;

2237 4063 2256 4095 ι
2269 4041 2594 4098 Ὄτιοῦδένα
2611 4044 2764 4116 ὑμῶν
2777 4046 3067 4102 ἐϐάπτισα.
3092 4065 3111 4099 ι
3128 4046 3289 4117 Μέγα
3303 4047 3446 4112 τινές
3455 4047 3699 4119 ἐφρόνουν,

2156 4132 2276 4187 ἀνθ’
2304 4127 2381 4188 ὧν
2405 4135 2717 4202 ἐϐάπτιζον.
2741 4137 2834 4192 καί
2851 4155 3002 4210 φησι,
3022 4138 3088 4192 Τί
3111 4139 3254 4211 μέγα
3273 4138 3580 4212 φρονοῦσινς
3609 4137 3700 4207 ἐγὼ

2159 4226 2473 4299 εὐχαριστῶ
2497 4229 2571 4300 μὴ
2595 4228 2886 4300 βαπτίσας.
2912 4231 3084 4286 Τοῦτο
3097 4231 3154 4286 δὲ
3174 4231 3358 4302 λέγει,
3387 4232 3484 4304 τὴν
3507 4232 3699 4286 ἐκείνοιν

2160 4319 2420 4374 ἀπόνοιαν
2449 4320 2751 4394 καθαιρῶν,
2787 4323 2847 4377 οὐ
2879 4323 2941 4378 τὸ
2971 4323 3255 4396 βάπτισμα
3307 4323 3600 4390 εὑτελίζων,
3634 4321 3696 4392 μὴ

2160 4411 2402 4479 γένοιτοί
2438 4432 2456 4464 ι
2492 4413 2608 4468 Ἵνα
2633 4415 2709 4483 μή
2737 4431 2818 4478 τις
2836 4414 3019 4487 εἴπῃ.»
3047 4416 3200 4470 Διατί
3221 4416 3279 4469 δέ
3299 4417 3620 4489 εὐχαριστεῖς
3635 4413 3697 4483 μὴ

473 4529 632 4584 dens.
662 4503 858 4583 A-bsit!
898 4544 918 4578 ι
945 4526 1025 4582 Ne
1054 4503 1181 4597 quis
1203 4526 1371 4582 dicat.
1406 4543 1425 4577 ι
1455 4503 1823 4593 Quamobrem
1852 4503 2056 4597 gratias

2165 4503 2464 4573 βαπτίσας;
2505 4523 2523 4557 ι
2547 4503 2660 4558 Ἵνα
2685 4506 2760 4579 μή
2789 4524 2872 4570 τις
2899 4506 3051 4579 εἴπῃ,
3088 4508 3272 4576 φησὶν,
3290 4508 3374 4562 ὅτι
3394 4510 3470 4574 είς
3505 4507 3560 4561 τὸ
3589 4505 3698 4575 ἐμὸν

473 4621 592 4693 agis
642 4618 793 4691 quod
858 4618 1134 4674 neminem
1166 4617 1566 4688 baptizaveris?
1615 4636 1634 4668 ι
1685 4616 1765 4672 Ne
1794 4617 1922 4687 quis
1971 4618 2058 4674 di~

473 4724 587 4776 cat,
627 4712 850 4782 inquit,
908 4709 1054 4780 quod
1127 4725 1252 4764 meo
1296 4709 1519 4764 nomine
1582 4708 1994 4778 baptizaverim.
2031 4728 2051 4762 ι

474 4805 610 4860 Nam
671 4804 740 4868 si,
807 4816 934 4858 cum
990 4801 1192 4873 abjecti
1249 4801 1329 4856 illi
1384 4809 1440 4855 et
1517 4800 1742 4857 obscuri
1805 4801 2057 4873 baptiza-

477 4900 623 4956 rcnt,
705 4899 917 4946 tantum
982 4900 1236 4946 exortum
1285 4899 1374 4946 est
1430 4890 1746 4955 dissidium,
1819 4900 1881 4946 ut
1937 4893 2059 4948 illo-

479 4999 604 5036 rum
666 4983 889 5038 nomine
951 4984 1507 5055 cognominarentur,
1548 4983 1725 5053 quid,
1791 4983 2058 5050 obsecro,

476 5076 686 5132 factum
727 5075 942 5146 fuisset,
975 5077 1021 5131 si
1077 5077 1281 5132 Paulus
1340 5075 1632 5132 universos
1692 5075 2061 5146 baptizasset?

483 5154 504 5220 ι
544 5169 813 5228 Prmterea
847 5166 997 5221 haud
1033 5167 1167 5222 scio.
1200 5187 1219 5219 ι
1262 5167 1342 5222 Ex
1373 5167 1481 5222 hoc
1513 5166 1758 5222 ostendit
1781 5166 1929 5238 quod
1953 5167 2060 5222 hoc

478 5258 556 5313 illi
585 5272 783 5328 magno
804 5256 988 5312 studio
1031 5273 1143 5312 non
1166 5265 1306 5323 erat,
1342 5265 1405 5312 ut
1449 5257 1777 5329 baptizaret,
1816 5273 1943 5312 cum
1987 5273 2059 5313 ne

480 5347 826 5404 meminisset
867 5348 1114 5418 quidem.
1168 5349 1287 5404 Hoc
1333 5358 1518 5406 autem
1568 5350 1704 5406 dicit
1761 5349 2058 5421 obiurgans

478 5444 681 5499 fastum
713 5441 934 5504 illorum
959 5441 1052 5511 qui
1083 5455 1151 5496 ex
1185 5456 1252 5494 eo
1279 5440 1725 5498 intumescebant
1783 5441 1932 5512 quod
1961 5442 2060 5497 ba-

477 5535 774 5608 ptizarent.
806 5551 825 5584 ι
857 5532 975 5588 Non
1000 5533 1148 5589 enim
1180 5533 1332 5589 misit
1378 5549 1465 5588 me
1500 5534 1755 5591 Christus
1789 5543 1850 5588 ut
1879 5534 2058 5604 bapti-

480 5643 684 5683 εει-ειη.
727 5644 746 5677 ι
786 5625 970 5693 Quare
1004 5626 1174 5698 igitur
1202 5625 1521 5694 baptizabat
1557 5625 1602 5680 si
1633 5623 1702 5679 ad
1730 5625 1837 5680 hoc
1861 5625 2062 5680 missus

480 5737 591 5776 non
643 5720 797 5776 erat?
847 5719 1013 5793 ἀκᾷ.
1073 5719 1213 5787 Quia
1265 5719 1332 5774 ad
1379 5717 1790 5790 praedicandum
1834 5717 2058 5787 quidem

481 5812 840 5883 Evangelium
900 5813 1105 5870 missus
1155 5823 1310 5881 erat,
1371 5829 1483 5870 non
1537 5820 1720 5867 tamen
1775 5810 2056 5880 baptizare

2157 4596 2332 4668 ὄνομα
2347 4598 2637 4655 ἐϐάπτισα.
2659 4617 2679 4652 ι
2700 4599 2763 4653 El
2781 4598 2890 4671 γὰρ
2912 4600 3018 4656 τῶν
3035 4599 3268 4654 εὐτελῶν
3285 4602 3506 4655 ἐκείνων
3531 4601 3696 4672 βαπτιο

2161 4689 2372 4743 σάντων
2390 4731 2406 4757 ,
2429 4691 2664 4762 τοσαύτη
2678 4691 2868 4760 γέγονε
2893 4692 3152 4764 διχόνοια,
3177 4691 3253 4755 ὡς
3273 4692 3352 4764 τῷ
3377 4693 3586 4747 ἐκείνων
3603 4689 3698 4743 ὀνό-

2163 4800 2294 4854 ματι
2323 4783 2722 4850 ἐπικαλεῖσθαι,
2749 4786 2801 4839 τί
2831 4785 2896 4840 ἂν
2923 4787 3144 4857 γέγονεν
3166 4788 3214 4840 εί
3239 4787 3449 4852 Παῦλος
3475 4783 3536 4862 ἦν
3562 4784 3698 4857 βεϐαο
3740 4783 3741 4787 “

2159 4874 2368 4939 πτ-ικὼς
2401 4875 2681 4943 arcanae;
2714 4894 2734 4928 ι
2771 4879 2970 4932 Λοιπὸν
3017 4883 3119 4934 οὐκ
3167 4874 3306 4935 οῖδα.
3347 4899 3366 4932 ι
3405 4879 3499 4934 Ἐκ
3539 4877 3693 4931 τοῦτον

2159 4968 2430 5023 δείκνυσιν
2457 4969 2539 5024 ὅτι
2567 4971 2689 5024 οὐδὲ
2712 4972 3178 5043 περισπούδαστον
3199 4967 3269 5044 ἦν
3289 4973 3438 5045 αὐτῷ
3459 4973 3516 5026 τὸ
3533 4969 3694 5044 βαπτί-

2161 5059 2297 5126 ζειν,
2330 5062 2453 5115 ὃθεν
2469 5063 2589 5116 οὐδὲ
2611 5065 2674 5133 μέ
2684 5081 2903 5134 μνηται.
2929 5064 3101 5120 Τοῦτο
3115 5067 3172 5120 δέ
3191 5067 3344 5139 λέγει
3362 5063 3693 5121 καταστέλλειν

2159 5154 2221 5204 τὸ
2251 5155 2506 5224 φρόνημα
2532 5156 2643 5209 τῶν
2721 5156 2815 5210 ἐπὶ
2855 5156 2933 5227 τῷ
2977 5157 3261 5226 βαπτίζειν
3307 5160 3454 5228 μέγα
3481 5155 3692 5229 φρονούν-

2157 5263 2291 5302 των.
2320 5266 2339 5299 ι
2362 5250 2435 5302 Οὐ
2463 5248 2573 5319 γὰρ
2601 5248 2887 5302 ἀπέστειλέ
2911 5266 2980 5320 με
2998 5250 3233 5322 Χριστὸς
3261 5251 3557 5322 βαπτίζειν.
3578 5269 3594 5302 ι
3623 5245 3692 5300 Τίη

2161 5358 2249 5405 νος
2271 5341 2363 5395 οῦν
2384 5341 2571 5396 ἐνεκεν
2587 5341 2903 5407 ἐϐάπτισεν,
2929 5340 3080 5413 είλμὴ
3099 5342 3192 5396 ἐπὶ
3205 5342 3382 5413 τούτῳ
3392 5341 3685 5400 animum;

2161 5434 2272 5490 Καί
2299 5433 2599 5504 φαμεν,ξότι
2622 5433 2814 5504 ἐπὶτῷ
2837 5433 3285 5504 εὐαγγελίζεσθαι
3305 5438 3404 5508 μὲν
3429 5433 3684 5498 ἀπεστάλη.

2161 5527 2222 5580 τὸ
2277 5527 2334 5580 δέ
2381 5525 2664 5596 βαπτίζειν
2708 5527 2811 5581 οὐκ
2866 5527 3137 5598 ἐκωλύθη.
3184 5529 3280 5582 Ἐκ
3330 5527 3616 5602 φιλοτιμίας
3644 5523 3685 5574 δὲ

2163 5620 2258 5673 καὶ
2285 5619 2445 5674 τοῦτο
2477 5621 2703 5676 κάκεῖνο
2736 5620 2934 5677 ἐποίει.
2967 5639 2988 5672 ι
3035 5621 3176 5676 ’Δλλ’
3196 5617 3636 5692 εὐαγγελίζεσθαι.
3665 5628 3680 5662 ι

2163 5711 2332 5766 Τοῦτο
2353 5712 2464 5787 γάρ
2488 5708 2556 5786 ἦν
2585 5713 2862 5781 ἐπίπονον,
2881 5713 2979 5769 καὶ
3013 5715 3239 5784 σιδηρᾶς
3261 5715 3504 5785 δεόμενον
3520 5704 3682 5780 ψυχῆςο

2174 5805 2233 5858 Ὀ
2259 5806 2361 5876 μὲν
2393 5806 2500 5878 γὰρ
2526 5807 2627 5879 ἤδη
2652 5807 3091 5873 πεπιστευκότας
3144 5805 3417 5879 βαπτίζει,
3447 5807 3475 5860 ό
3507 5801 3554 5856 δέ
3579 5795 3682 5852 ἀπί-
