3880 6572
259 427 358 492 illi)

1147 429 1533 493 COMMENT.
1574 433 1654 493 IN
1698 435 1934 498 EPIST.
1982 439 2003 498 Ι
2047 441 2147 500 ΑΙ)
2199 440 2560 503 CORINTH.

3415 449 3522 513 650

258 558 400 604 στοις
431 539 842 610 εὐηγγελίζετο,
877 545 1006 614 παρ’
1030 540 1116 612 οῖς
1151 547 1246 600 καὶ
1277 545 1638 603 ἐκινδύνευεν.
1682 566 1700 600 ι
1727 550 1819 602 υὺπ

1949 552 2366 620 prohibebatur,
2421 555 2516 611 sed
2556 555 2607 610 id
2631 571 2851 628 quoque
2886 574 2951 613 ex
3022 559 3348 620 liberalitate
3386 583 3526 637 prie-

257 634 308 684 ἐν
342 631 506 704 σοφίᾳ
527 631 708 701 λόγου.
735 653 754 687 ι
793 635 908 690 Οὐκ
934 633 1108 704 εἶπεν,
1145 638 1259 692 Οὐκ
1291 640 1349 691 ἐν
1379 639 1541 712 σοφίᾳ
1573 639 1848 709 γνώσεως,

257 723 348 777 ἀλλ
378 739 394 755 ·
439 744 458 776 ι
495 725 609 778 Οῦκ
655 725 715 780 ἑν
749 729 911 801 σοφίᾳ
937 730 1119 798 λόγου.
1158 749 1176 782 ι
1216 730 1435 795 Καλῶς.
1490 733 1602 785 Καὶ
1638 733 1749 803 γὰρ
1791 735 1850 788 ὲν

256 818 410 886 σοφία
434 816 690 884 γνώσεως
705 818 1106 890 εὐηγγελίζετο.
1131 822 1222 876 Διδ
1252 823 1348 877 καλ⁵
1373 824 1660 895 άλλαχοῦ,ι
1685 825 1849 879 ’ἰδιώ-

253 927 344 981 της
396 909 476 981 τῷ
530 913 698 982 λόγῳ,
785 911 992 967 ἀλλὀὐ
1049 918 1115 987 τῇ
1167 915 1432 984 γνώσει.»
1479 917 1544 970 Τί
1567 918 1676 989 γάρ
1730 919 1847 972 ἐστι

255 1002 627 1076 σοφώτερονῆ
667 1007 746 1070 είς
767 1007 971 1075 γνῶσιν
1014 1010 1238 1079 ἄμεινον
1289 1011 1385 1064 καὶ
1434 1011 1843 1084 λαμπρότερον,

250 1095 339 1151 τοῦ
368 1096 562 1168 μαθεῖν
592 1098 687 1151 καὶ
710 1098 919 1166 διδάξαι
938 1100 1019 1154 ὃτι
1044 1101 1265 1174 σταυρῷ
1283 1103 1378 1156 καὶ
1400 1102 1616 1175 θανάτῳ
1639 1105 1778 1176 κατή
1786 1122 1846 1175 ρ-

248 1207 413 1262 γηται
466 1191 730 1259 θάνατος;
787 1192 884 1246 καὶ
939 1193 1001 1246 τὸ
1056 1194 1327 1268 ἡμέτερον
1376 1195 1486 1249 τῶν
1534 1197 1842 1268 ἀνθρώπων

248 1284 425 1354 γένος,
461 1285 683 1358 μακρᾶς
718 1287 811 1339 καὶ
853 1285 1249 1358 χαλεπωτάτης
1290 1288 1389 1359 τῆς
1439 1289 1534 1342 τοῦ
1576 1289 1839 1344 Διαϐόλου

245 1378 567 1449 τυραννίδος
604 1378 1017 1451 ὴλευθέρωται;
1070 1400 1088 1434 ι
1123 1381 1243 1435 Ἵνα
1278 1380 1353 1453 μὴ
1383 1382 1596 1454 κενωθῇ
1619 1384 1648 1436 ὁ
1674 1400 1839 1438 σταυ-

249 1468 336 1537 ρὸς
388 1466 484 1520 τοῦ
526 1468 792 1538 Χριστοῦ.
828 1487 846 1521 ι
885 1469 1004 1524 ’Ὶνα
1041 1469 1116 1542 μὴ
1148 1469 1354 1540 βλάϐην
1401 1473 1495 1525 καὶ
1538 1473 1837 1527 ἐλάττωσιν

244 1561 518 1635 ὑπομείνῃ
545 1562 574 1614 ό
614 1561 870 1634 σταυρός.
912 1563 976 1616 Ei
1002 1562 1112 1634 γὰρ
1149 1564 1208 1618 ὲν
1244 1563 1409 1636 σοφίᾳ
1433 1564 1594 1634 λόγου
1627 1567 1836 1638 ἐκήρυσ-

241 1651 337 1718 ξαν
382 1655 434 1708 oi
475 1652 786 1718 ἀπόστολοι,
812 1649 961 1725 εἶχόν
1003 1673 1150 1721 τινες
1185 1657 1451 1727 νομίζειν,
1480 1657 1568 1712 διὰ
1604 1658 1704 1729 τὴν
1727 1659 1835 1714 τῶν

237 1745 413 1816 λόγων
438 1745 634 1814 πειθὼ,
667 1747 964 1801 πεπεῖσθαι
1001 1749 1129 1812 τοὺς
1160 1749 1506 1822 ἀνθρώπους,
1535 1750 1595 1804 οὐ
1623 1751 1714 1805 διὰ
1732 1752 1833 1824 τὴν

234 1841 466 1912 δύναμιν
497 1839 590 1895 τοῦ
631 1841 1044 1912 κηρυσσομένου
1084 1842 1345 1914 Χριστοῦ,
1379 1839 1494 1915 δῆν
1525 1843 1699 1916 βλάϐη
1733 1845 1828 1900 τοῦ

1950 642 2148 697 stabat.
2183 663 2201 694 ι
2235 643 2343 700 Sed
2401 656 2457 700 ut
2515 647 2872 718 Erangelium
2900 651 3274 720 praedicarem.
3314 675 3332 708 ι
3390 658 3526 714 Nam

1950 731 2056 787 hoc
2083 735 2264 805 magni
2298 745 2415 790 erat
2444 737 2674 805 laboris,
2701 740 2961 811 quodque
3000 743 3240 800 ferreum
3274 750 3528 818 require-

1948 833 2031 878 ret
2058 825 2324 880 animum.
2359 829 2644 900 Siquidem
2681 833 2773 888 ille
2798 835 2908 903 jam
2937 836 3230 895 credentes
3262 833 3538 912 baptizat,’

1949 913 2038 970 hic
2068 931 2202 972 vero
2226 917 2533 976 incredulis
2564 922 2928 994 Evangelium
2981 930 3347 1000 praedicabat,
3379 938 3525 1006 apud

1945 1021 2084 1074 quos
2107 1008 2272 1064 etiam
2293 1011 2555 1078 periculis
2576 1018 2976 1086 exponebatur.
2998 1041 3016 1072 ι
3038 1023 3157 1078 Νοη
3183 1025 3237 1080 in
3254 1029 3526 1098 sapientia

1946 1100 2095 1154 verbi
2129 1141 2143 1154 .
2188 1120 2206 1152 ι
2244 1102 2363 1157 Non
2414 1103 2576 1172 dixit,
2642 1108 2763 1164 Non
2822 1111 2878 1166 in
2939 1114 3208 1184 sapientia
3258 1119 3525 1186 scientiae,

1943 1191 2042 1247 sed
2080 1207 2094 1247 :
2132 1211 2150 1245 ι
2184 1192 2302 1250 Non
2332 1195 2388 1250 in
2421 1199 2689 1269 sapientia
2729 1203 2907 1258 verbi.
2939 1224 2958 1258 ι
2991 1206 3249 1265 Pulchre.
3288 1211 3424 1269 Nam
3471 1215 3527 1271 in

1943 1283 2212 1353 sapientia
2283 1288 2530 1346 scientia:
2580 1291 2940 1365 Evangelium
2989 1301 3348 1370 pradicabat.
3396 1307 3526 1363 Ideo

1941 1388 2160 1444 quoque
2197 1378 2328 1432 alibi
2361 1379 2539 1436 dicit:
2577 1401 2594 1432 ι
2635 1371 2750 1439 Etsi
2776 1385 3066 1457 imperitus
3104 1408 3380 1462 sermone,
3414 1415 3525 1454 non

1942 1474 2126 1523 tamen
2151 1469 2408 1526 scientia.
2449 1492 2467 1526 ι
2509 1473 2653 1540 Quid
2676 1477 2826 1532 enim
2853 1481 3161 1550 sapientius
3191 1499 3298 1552 est,
3331 1501 3426 1544 aut
3455 1494 3524 1546 ad

1939 1559 2224 1616 scientiam
2282 1564 2483 1620 melius
2529 1581 2594 1622 ac
2643 1569 3034 1629 vehementius
3081 1593 3246 1647 quam
3283 1581 3428 1638 scire
3461 1601 3526 1640 ac

1936 1649 2136 1708 docere
2166 1655 2314 1725 quod
2345 1671 2510 1713 cruce
2540 1675 2605 1715 ac
2637 1672 2812 1718 morte
2840 1663 3060 1721 devicta
3114 1669 3188 1724 sit
3243 1687 3412 1739 mors,
3467 1687 3525 1732 et

1935 1755 2189 1802 nostrum
2247 1765 2442 1820 genus,
2492 1767 2690 1825 nempe
2733 1757 3018 1813 hominum
3046 1761 3207 1833 longa
3257 1768 3524 1824 maxime-

1935 1853 2044 1908 que
2094 1841 2396 1899 miserabili
2447 1845 2652 1902 diaboli
2709 1852 2999 1921 tyrannide
3056 1855 3128 1910 sit
3186 1857 3524 1916 liberatum?

233 1932 591 2004 κηρύγματος
627 1933 724 1985 καὶ
753 1931 848 1986 τοῦ
879 1935 1140 2006 σταυροῦ.
1172 1934 1289 1989 Νῦν
1317 1936 1375 1990 δὲ
1405 1938 1482 2008 τῷ
1522 1939 1819 2011 ἀγραμμά-

1942 1949 1960 1982 ι
1992 1931 2072 1987 Ne
2101 1945 2402 1991 evacuetur
2429 1954 2562 1994 crux
2589 1940 2797 1997 Christi
2824 1987 2838 2000 .
2879 1965 2895 1997 ι
2937 1947 3015 2002 Ne
3041 1962 3436 2008 nocumentum
3467 1965 3524 2009 et

232 2041 349 2088 τοις
378 2025 478 2078 καὶ
507 2022 744 2089 ἰδιώταις
777 2023 1090 2096 ἀνθρώποις
1142 2027 1232 2082 τὸν
1267 2028 1474 2100 κόσμον
1522 2047 1825 2084 πεπιστευ-

234 2115 418 2183 κέναι,
444 2115 544 2187 τὴν
577 2117 673 2172 τοῦ
719 2119 960 2190 Χριστοῦ
1006 2119 1239 2190 δύναμιν
1285 2121 1677 2192 ἀνακηρύττει.
1711 2124 1822 2175 Κε-

232 2205 427 2262 νοῦται
462 2209 572 2282 γὰρ
613 2211 711 2265 καὶ
765 2209 1207 2275 κατευτελίζεται
1245 2212 1275 2265 ό
1306 2212 1540 2279 σταυρὸς
1573 2214 1666 2266 τοῦ
1691 2216 1826 2286 Χρι-

233 2299 362 2354 στοῦ
397 2301 519 2372 ἢτοι
543 2302 604 2356 τὸ
637 2303 780 2376 ὑπὲρ
822 2304 982 2374 ἡμῶν
1011 2305 1260 2358 ἑκούσιον
1289 2305 1461 2369 πάθος
1487 2304 1678 2370 αὑτοῦ,
1707 2309 1820 2371 τοῖς

227 2392 376 2462 λόγῳ
429 2395 620 2464 σοφίας
670 2398 764 2450 καὶ
803 2395 1126 2467 πιθανότητι
1147 2397 1517 2468 πειρωμένοις
1562 2398 1731 2452 αὑτοῦ
1763 2399 1823 2452 τὸ

232 2487 528 2558 μεγαλεῖον
554 2489 650 2543 καὶ
677 2488 776 2561 τὴν
806 2488 1065 2561 θειότητα
1118 2491 1495 2561 παραστῆσαι.
1539 2491 1664 2556 Πῶς
1713 2491 1823 2563 γάρ

225 2580 347 2632 ἐστι
378 2578 440 2632 τὸ
475 2579 614 2651 ὑπὲρ
648 2579 806 2649 λόγον
837 2581 931 2636 καὶ
974 2580 1158 2650 φύσιν,
1182 2579 1363 2650 λόγοις
1393 2580 1488 2633 καὶ
1518 2580 1680 2650 τέχνῃ
1714 2583 1823 2635 τινὶ

223 2675 620 2744 παραστῆσαι;
655 2674 752 2739 Τίς
798 2674 856 2728 δὲ
891 2676 987 2730 καὶ
1018 2674 1179 2747 χρεία
1227 2673 1405 2743 λόγων
1441 2677 1534 2728 καὶ
1573 2673 1820 2739 πειθοῦς,

220 2765 335 2818 τῶν
367 2765 613 2836 σημείων
637 2767 730 2820 καὶ
759 2765 1054 2838 θαυμάτων
1077 2765 1261 2839 μεῖζον
1282 2768 1380 2822 καὶ⁵
1403 2769 1586 2839 φωνῆς
1605 2768 1824 2837 ἁπάσης

218 2857 622 2928 κεκραγότων,
679 2858 774 2912 καὶ
831 2859 1010 2913 πάντα
1065 2859 1158 2914 τὸν
1208 2860 1536 2931 βουλόμενον
1585 2861 1678 2914 ἐπὶ
1722 2860 1823 2931 τὴν

217 2949 513 3002 εὐσέϐειαν
541 2949 633 3003 καὶ
663 2948 725 3002 τὸ
755 2949 1020 3020 κήρυγμα
1049 2950 1573 3020 χειραγωγούντων;

1933 2024 2301 2096 abjectioneni
2342 2046 2479 2085 crux
2515 2035 2808 2091 sustineat.
2839 2038 3059 2094 Etenim
3096 2041 3141 2096 si
3173 2043 3226 2097 in
3254 2047 3520 2114 sapientia

1931 2121 2209 2178 sermonis
2244 2125 2641 2193 prmdicassent
2697 2132 2957 2201 apostoli,
3007 2139 3326 2205 potuissent
3376 2157 3521 2195 non-

1928 2211 2067 2266 nulli
2097 2214 2422 2272 existimare
2443 2219 2592 2288 quod
2624 2233 2852 2292 propter
2886 2239 3207 2282 sermonum
3243 2246 3519 2301 apparen-

1929 2301 2059 2357 tiam
2079 2309 2328 2375 persuasi
2350 2309 2870 2380 luissenthomines,
2890 2332 3000 2372 non
3017 2331 3243 2390 propter
3261 2323 3518 2380 virtutem

1927 2393 2137 2450 Christi
2203 2398 2300 2468 qui
2379 2402 2807 2470 praedicabatur,
2891 2409 3036 2478 quod
3108 2425 3514 2471 nocumentuni

1928 2485 2124 2542 luisset
2149 2491 2557 2559 pnedieationis
2577 2505 2634 2551 et
2661 2499 2866 2554 crucis.
2901 2501 3060 2558 Nunc
3120 2513 3302 2562 autem
3355 2525 3516 2564 mun-

1930 2578 2060 2633 dum
2101 2581 2403 2640 illitteratis
2427 2602 2491 2642 ac
2531 2588 2807 2660 imperitis
2839 2594 3142 2652 credidisse
3173 2598 3513 2668 hominibus,

1931 2671 2138 2728 Christi
2202 2671 2469 2733 virtutem
2554 2681 2821 2740 declarat.
2893 2687 3206 2744 Evacuatur
3280 2691 3427 2746 enim
3459 2703 3516 2748 et

1931 2764 2146 2836 abjecta
2176 2769 2428 2825 redditur
2460 2788 2594 2828 crux
2621 2774 2853 2844 Christi,
2884 2779 3002 2834 sive
3053 2781 3365 2837 voluntaria
3393 2785 3515 2855 ejus

1930 2859 2115 2928 passio
2173 2877 2276 2930 pro
2335 2865 2513 2930 nobis,
2578 2869 2648 2923 ab
2697 2869 2785 2925 his
2833 2871 2928 2942 qui
2983 2875 3418 2945 magnitudinem
3450 2893 3515 2932 ae

1931 2949 2283 3010 divinitatem
2353 2957 2493 3028 ejus,
2577 2963 2850 3032 sapientia
2917 2981 2981 3020 ac
3042 2968 3514 3036 persuasibilitate

216 3039 479 3096 nituntur
524 3040 930 3095 demonstrare.
981 3040 1119 3096 Nam
1158 3042 1256 3112 qui
1304 3041 1425 3099 ﬁeri
1484 3051 1688 3115 potest,
1734 3053 1797 3100 ut
1837 3043 1986 3114 quod
2032 3060 2202 3116 supra
2231 3063 2543 3106 sermonem
2592 3068 2657 3108 ac
2701 3066 2954 3112 naturam
3011 3069 3117 3127 est,
3167 3077 3422 3120 sermone
3458 3075 3514 3120 et

214 3142 338 3190 arte
371 3133 609 3206 quadam
644 3133 1094 3189 demonstretur?
1130 3135 1247 3191 lmo
1285 3151 1408 3207 quin
1445 3139 1612 3193 etiam
1646 3138 1949 3194 necessitas
1997 3147 2084 3194 est
2126 3156 2450 3199 sermonum
2481 3147 2816 3220 virtutisque
2839 3146 3163 3218 ﬂexanimte,
3197 3171 3319 3210 eum
3355 3156 3510 3227 signa

213 3243 285 3284 ac
312 3227 582 3282 miracula
610 3229 808 3286 fortius
841 3232 992 3286 omni
1021 3248 1152 3288 voce
1168 3235 1406 3290 clament
1443 3250 1773 3306 omnemque
1803 3237 2075 3290 volentem
2100 3237 2168 3292 ad
2199 3239 2460 3308 pietatem
2486 3253 2540 3296 ct
2565 3244 3008 3313 praedicationem
3043 3251 3350 3306 deducant?

309 3321 379 3375 Ὀ
409 3322 596 3392 λόγος
623 3321 736 3392 γὰρ
769 3327 803 3378 ὁ
834 3326 940 3380 τοῦ
974 3326 1272 3395 σταιιροῦ,
1303 3328 1430 3395 τοῖς
1475 3328 1592 3396 μὲν
1625 3329 1817 3382 dno}-

1991 3329 2032 3392 Ι,
2060 3327 2246 3386 18-20.
2268 3329 2454 3386 Sermo
2479 3335 2620 3388 enim
2638 3337 2828 3400 crucis,
2849 3340 2926 3392 his
2944 3340 3155 3410 quidem
3172 3344 3260 3411 qui
3285 3355 3510 3413 pereunt

211 3413 532 3482 λυμένοις,
558 3415 750 3484 μωρία
784 3414 954 3471 ἐστι’.
992 3417 1122 3483 Τοῖς
1157 3417 1226 3472 δὲ
1262 3417 1620 3489 σωζομένοις
1646 3418 1811 3488 ἡμῖν,

1927 3421 2149 3478 stultitia
2181 3433 2257 3478 est
2290 3441 2309 3479 :
2343 3427 2489 3484 nobis
2521 3436 2700 3483 autem
2731 3432 2821 3501 qui
2850 3431 3079 3486 salutem
3112 3438 3506 3507 consequimur,

215 3505 480 3575 δύναμις
514 3507 661 3561 Θεοῦ
689 3507 844 3564 ἐστι.
877 3508 1217 3578 Γέγραπται
1253 3509 1401 3580 γάρ·
1441 3510 1678 3566 Ἀπολῶ
1699 3510 1814 3578 τὴν

211 3613 445 3667 σοφίαν
491 3598 610 3652 τῶν
638 3599 867 3670 σοφῶν,
903 3601 1002 3656 καί
1041 3601 1156 3670 τὴν
1187 3604 1447 3657 σύνεσιν
1473 3602 1594 3657 τῶν
1629 3618 1812 3658 συνε-

210 3689 338 3742 τῶν
361 3689 658 3757 ἀθετήσω.
685 3691 812 3746 Ποῦ
843 3694 1069 3762 σοφός;
1093 3692 1218 3747 Ποῦ
1245 3694 1660 3765 γραμματεύς;
1686 3694 1811 3749 Ποῦ

212 3781 565 3851 συζητητὴς
585 3783 691 3838 τοῦ
729 3783 950 3852 αἰῶνος
983 3787 1202 3841 τούτου
1220 3803 1240 3852 ;
1273 3786 1420 3856 Οὐχί
1445 3784 1750 3857 ἐμώρανεν
1778 3789 1812 3842 d

214 3875 370 3942 Θεὸς
405 3875 520 3944 τὴν
540 3876 774 3946 σοφίαν
801 3877 909 3931 τοῦ
939 3879 1174 3948 κόσμου
1203 3880 1419 3934 τούτου
1436 3896 1457 3947 ;

288 3967 457 4030 Είκδς
489 3965 628 4022 εἶναι
652 3971 784 4041 παρ’
813 3971 996 4035 αὐτοῖς
1022 3971 1314 4040 ἀπίστους,
1337 3973 1387 4026 οἳ
1424 3972 1676 4044 διέσυρον
1715 3972 1808 4026 τὸν

212 4063 478 4134 σταυρόν.
501 4061 671 4133 Φησὶν
687 4059 801 4118 οῦν·
826 4065 1012 4135 Μηδὲν
1041 4063 1346 4136 ξενισθῆτε.
1368 4065 1495 4131 Τοῖς
1513 4068 1623 4140 γὰρ
1643 4067 1809 4120 ἀπολ-

209 4154 496 4224 λυμένοις,
518 4155 586 4209 τὰ
608 4159 689 4221 είς
714 4158 992 4229 σωτηρίαν
1015 4157 1241 4213 δοθέντα
1263 4159 1416 4231 παρὰ
1436 4159 1594 4228 Θεοῦ,
1625 4162 1808 4232 μωρία

209 4243 358 4300 εἶναι
381 4249 550 4304 δοκεῖ.

286 4339 500 4412 [ΦΩΤ.]
537 4341 786 4396 Δείκνυσι
813 4343 1020 4410 λοιπὸν,
1043 4345 1126 4398 ὅτι
1151 4345 1272 4398 οὐδὲ
1296 4347 1422 4417 ἐνῆν
1445 4346 1589 4418 λόγῳ
1614 4348 1805 4417 σοφίας

208 4435 672 4504 προσαγαγέσθαι
701 4439 854 4501 τινὰς
895 4437 974 4508 τῷ
1022 4439 1364 4510 κηρύγματι.
1407 4439 1467 4493 Ὀ
1519 4443 1627 4514 γὰρ
1675 4446 1805 4514 περὶ

204 4524 307 4578 τοῦ
355 4526 596 4595 σταυροῦ
631 4529 810 4598 λόγος,
841 4531 902 4584 οὐ
942 4533 1104 4603 μόνον
1129 4533 1189 4585 οὐ
1223 4533 1513 4603 προσάγει,
1541 4535 1677 4589 ἀλλὰ
1709 4537 1804 4590 καὶ

204 4619 323 4682 τοῖς
344 4620 745 4692 ἀπολλυμένοις
765 4624 946 4695 μωρία
975 4627 1142 4681 δοκεῖ.
1169 4627 1231 4680 Εί
1262 4626 1320 4680 δὲ
1341 4626 1523 4694 τοῦτο,
1548 4630 1602 4683 τί
1631 4629 1698 4684 ἄν
1718 4648 1804 4694 τις

203 4711 326 4783 ῑχοι
383 4713 566 4782 λέγειν
608 4717 739 4787 περ)⁸
780 4718 874 4772 τοῦ
911 4719 1306 4790 κηρύγματος,
1363 4722 1439 4794 μὴ
1479 4723 1660 4778 πάντα
1703 4724 1802 4796 τῆς

1916 3519 2152 3586 potentia
2205 3517 2305 3572 Dei
2327 3527 2424 3574 est.
2492 3519 2762 3592 Siquidem
2819 3527 3077 3596 scriptum
3116 3536 3194 3582 est
3229 3544 3246 3581 :
3278 3529 3508 3586 Perdant

1915 3610 2238 3680 sapientiam
2259 3613 2579 3682 sapientium
2601 3625 2650 3668 et
2668 3616 3077 3686 intelligentiam
3100 3620 3506 3692 intelligentiam

1916 3698 2181 3767 rejiciam.
2228 3697 2324 3754 Ubi
2369 3703 2631 3772 sapiens?
2681 3703 2774 3759 Ubi
2821 3706 3042 3759 scriba?
3080 3706 3172 3762 Ubi
3206 3711 3509 3786 disputator

1914 3791 2073 3862 hujus
2109 3792 2337 3847 surculi?
2397 3795 2589 3850 Annon
2632 3797 2920 3867 infamavit
2977 3797 3114 3854 Deus
3181 3804 3505 3872 sapientiam

1914 3884 2102 3938 mundi
2124 3886 2313 3955 hujus?

1985 3977 2296 4034 Verisimile
2321 3990 2405 4035 est
2427 3980 2746 4036 incredulos
2769 3983 2940 4039 fuisse
3012 3985 3155 4056 apud
3204 3989 3354 4058 ipsos
3407 3992 3501 4060 qui

1911 4067 2061 4122 cruci
2085 4067 2460 4124 detraherent.
2484 4070 2576 4126 Ait
2605 4088 2738 4144 ergo
2770 4091 2784 4127 :
2807 4075 2954 4129 Nihil
2972 4078 3172 4131 mirum
3192 4089 3500 4134 autnorum

1915 4160 2070 4215 vobis
2097 4161 2381 4228 videatur,
2400 4163 2674 4235 siquidem
2693 4166 2781 4222 his
2801 4168 2894 4237 qui
2919 4182 3176 4239 pereunt,
3197 4187 3261 4226 ea
3285 4189 3406 4243 quae
3434 4175 3503 4230 ad

1911 4253 2146 4309 salutem
2207 4271 2238 4309 a
2269 4255 2382 4312 Deo
2433 4257 2559 4312 data
2593 4270 2742 4322 sunt,
2810 4262 3044 4318 stultitia
3073 4280 3197 4319 esse
3219 4265 3501 4321 videntur.

1978 4344 2142 4417 425
2156 4345 2825 4421 Ostenditconsequenter
2841 4355 2987 4424 quod
3014 4354 3131 4410 ﬁeri
3159 4373 3268 4412 non
3293 4369 3500 4426 posset,

1909 4445 2233 4494 utscrmone
2253 4439 2538 4510 sapientiae
2556 4443 2964 4500 adducerentur
2980 4447 3203 4516 quidam
3219 4448 3284 4503 ad
3306 4449 3504 4519 prwdi-

1907 4529 2212 4586 eationem:
2234 4532 2509 4603 siquidem
2534 4551 2716 4591 sermo
2739 4537 2805 4593 de
2827 4554 2990 4594 cruce
3015 4556 3124 4594 non
3150 4548 3361 4594 tantum
3387 4558 3500 4597 non

1905 4621 2152 4687 adducit,
2175 4625 2271 4678 sed
2293 4625 2462 4680 etiam
2482 4628 2714 4682 stultitia
2729 4628 2948 4684 videtur
2988 4631 3074 4685 his
3120 4634 3212 4702 qui
3239 4642 3497 4704 pereunt.

1908 4712 2064 4781 Quod
2089 4716 2136 4770 si
2156 4715 2262 4771 hoc
2279 4716 2354 4772 ita
2374 4729 2478 4785 est,
2499 4720 2768 4790 quidnam
2795 4721 2978 4777 dicere
3017 4735 3201 4793 posset
3222 4725 3498 4796 quispiam

203 4807 443 4876 χάριτος
494 4807 640 4877 αὐτῷ
697 4812 1078 4881 χορηγούσηςς
1118 4830 1137 4863 ι
1184 4813 1310 4877 Τοῖς
1357 4814 1415 4867 δὲ
1464 4815 1797 4887 σωζομένοις

1927 4806 1976 4860 le
2031 4807 2421 4877 praedicatione
2447 4851 2462 4876 ,
2502 4825 2626 4865 cum
2679 4813 2850 4882 gratia
2878 4813 2978 4883 ipsi
3004 4829 3114 4868 non
3153 4818 3338 4870 omnia
3368 4832 3499 4888 sup-

202 4901 367 4968 ήμῖν,
392 4899 624 4970 δύναμις
665 4901 806 4954 Θεοῦ
835 4903 976 4956 ἐστι.
1013 4923 1031 4955 ι
1081 4906 1144 4957 Οἱ
1177 4905 1286 4977 γάρ
1319 4905 1394 4978 μὴ
1429 4905 1804 4980 ἐξεστηκότες,

203 4991 324 5045 ἀλλ’
365 4986 448 5056 οἷς
487 4994 605 5046 ἐστι
655 4995 930 5066 σωτηρίας
977 4995 1154 5061 ἐλπὶς,
1185 5000 1250 5051 ὲκ
1325 5000 1517 5054 τούτου
1571 5001 1808 5071 μάλιστα

204 5086 559 5157 γινώσκομεν
592 5089 692 5159 τὴν
723 5089 956 5160 δύναμιν
1011 5092 1106 5145 καλ⁸
1135 5091 1232 5164 τὴν
1268 5095 1460 5163 σοφίαν
1511 5094 1605 5148 τοῦ
1644 5095 1806 5152 Θεοῦ.

202 5180 459 5250 Δύναμιν
491 5181 614 5251 μὲν,
644 5184 726 5236 ὅτι
756 5183 970 5253 θανάτῳ
1001 5185 1230 5240 θάνατον
1271 5187 1451 5241 ἔλυσε·
1488 5188 1680 5258 σοφίαν
1727 5190 1806 5254 δὲ,

201 5271 287 5322 ὅτι
346 5268 528 5340 τούτῳ
593 5270 674 5342 τῷ
717 5272 904 5343 τρόπῳ
952 5273 1301 5339 ἀπολωλότας
1342 5274 1589 5334 διέσωσε.
1633 5299 1650 5332 ι
1689 5279 1799 5333 Ποῦ

206 5358 377 5427 σοφός
402 5374 418 5424 ;
458 5377 476 5408 ι
509 5359 705 5413 Λαϐὼν
731 5361 1045 5433 παρρησίαν
1079 5362 1186 5416 ἀπὸ
1213 5362 1314 5433 τῆς
1343 5364 1588 5436 Γραφῆς,
1615 5368 1800 5423 λοιπὸν

203 5448 555 5500 καθάπτεται
594 5447 806 5501 αὐτῶν·
846 5467 864 5500 ι
895 5448 1004 5502 Ποῦ
1037 5451 1231 5519 σοφός;
1273 5469 1291 5502 s
1324 5453 1454 5524 περὶ
1494 5455 1796 5525 Ἑλλήνων

201 5537 420 5606 λέγων’
461 5555 480 5588 ι
513 5537 621 5592 Ποῦ
661 5538 1053 5612 γραμματεύς;
1085 5559 1104 5592 s
1140 5541 1267 5611 περὶ
1313 5542 1603 5598 Ἰουδαίων.
1637 5563 1655 5595 ι
1688 5545 1798 5600 Ποῦ

199 5624 554 5696 συζητητής;
595 5644 613 5676 ι
649 5626 943 5680 Τουτέστιν
967 5669 981 5688 ,
1016 5630 1064 5682 οἱ
1099 5630 1381 5700 λογισμοῖς
1421 5633 1516 5685 καὶ
1548 5635 1800 5703 ἐρεύναις

189 5719 270 5772 τὰ
307 5714 496 5770 πάντα
527 5718 944 5788 ἐπιτρέψαντες.
975 5711 1136 5772 υῦτοι
1180 5721 1290 5792 γάρ
1323 5722 1522 5787 πάντες
1543 5764 1559 5789 ,
1600 5725 1801 5782 ὡσανεὶ

189 5809 419 5878 Ξλεγεν,
462 5807 771 5884 ἐξαρπάσαι
816 5813 940 5865 τινὰ
993 5813 1094 5883 τῆς
1156 5814 1365 5885 πλάνης
1409 5817 1508 5870 οὐκ
1550 5811 1796 5888 ἴσχυσαν.

185 5904 344 5976 Οὐχὶ
400 5903 688 5975 ἐμώρανεν
744 5907 774 5959 ό
823 5905 957 5970 Θεὸς
1024 5906 1122 5978 τὴν
1182 5909 1377 5977 σοφίαν
1433 5909 1529 5963 τοῦ
1586 5912 1796 5984 κόσμου

536 6002 806 6066 Ps'rnOL.
855 6005 974 6066 Gn.
1017 6007 1301 6074 CXVIII.

1905 4898 2116 4968 peditct
2146 4899 2170 4953 ?
2203 4919 2221 4950 ι
2257 4901 2428 4957 Nobis
2451 4913 2633 4957 autem
2669 4904 2763 4974 qui
2810 4905 3041 4960 salutem
3077 4908 3494 4978 consequimur,

1909 4992 2153 5062 potentia
2203 4992 2299 5047 Dei
2337 5003 2446 5048 est.
2505 5013 2524 5046 ι
2560 4995 2695 5049 Nam
2746 4996 2839 5065 qui
2893 5013 3003 5050 non
3039 4999 3336 5064 resilimus,
3398 5001 3494 5055 sed

1909 5099 2062 5153 spem
2120 5085 2388 5141 habemus
2443 5088 2673 5154 salutis,
2729 5104 2796 5145 ex
2846 5091 2952 5146 hoc
3013 5092 3363 5162 potissimum
3395 5093 3495 5149 Dei

1912 5179 2208 5247 percutiam
2268 5188 2325 5235 et
2370 5183 2697 5250 sapientiam
2726 5185 3113 5256 cognoscimus
3143 5205 3156 5240 :
3186 5186 3491 5256 potentiam

1911 5271 2154 5342 quidem,
2202 5274 2351 5343 quod
2381 5286 2561 5332 morte
2610 5278 3135 5348 solveritmortem;
3163 5283 3489 5352 sapientiam

1909 5380 2066 5427 vero,
2102 5366 2250 5435 quod
2271 5368 2383 5439 jam
2412 5369 2681 5440 perditos,
2718 5373 2826 5429 hoc
2854 5373 3016 5428 modo
3052 5375 3234 5430 salvos
3260 5375 3488 5430 fecerit.

1916 5475 1933 5507 ι
1969 5454 2074 5511 Ubi
2101 5458 2360 5528 sapiens?
2395 5479 2413 5512 ι
2449 5460 2680 5534 Sumpta
2702 5465 2968 5537 loquendi
2994 5468 3247 5522 libertate
3273 5484 3302 5521 a
3341 5468 3492 5522 Scri-

1906 5559 2092 5620 ptura,
2123 5566 2220 5607 eos
2252 5554 2602 5623 postmodum
2626 5557 2900 5630 obiurgat,
2947 5559 3177 5615 dicens:
3207 5558 3310 5614 Ubi
3347 5578 3364 5610 ι
3395 5574 3490 5613 sa-

1900 5639 2122 5713 piens?»
2149 5643 2219 5700 de
2256 5642 2499 5705 Graecis:
2527 5667 2546 5699 ι
2574 5649 2678 5705 Ubi
2707 5651 2886 5706 scriba
2905 5651 2926 5703 ?
2945 5651 3013 5706 de
3032 5649 3238 5706 Judznis
3271 5667 3285 5704 :
3322 5669 3340 5700 ι
3380 5649 3488 5706 Ubi

1901 5735 2264 5806 disputator?
2300 5757 2319 5790 ι
2358 5737 2472 5794 Hoc
2526 5749 2644 5805 est,
2707 5741 2801 5810 qui
2855 5737 3378 5794 ratiocinationibus
3423 5755 3490 5793 ac

1900 5828 2341 5885 serutationibus
2381 5831 2567 5886 omnia
2608 5831 2984 5886 committunt.
3015 5831 3092 5886 Ac
3138 5830 3184 5886 si
3238 5830 3485 5891 diceret:

1900 5917 1967 5973 Hi
1995 5920 2144 5975 enim
2171 5937 2364 5977 omnes
2405 5923 2618 5978 nullum
2675 5926 2744 5980 ab
2791 5940 2980 5980 errore
3038 5934 3340 5994 potuerunt
3375 5923 3486 5978 eri-

3037 6025 3111 6086 ‘21
