3880 6584
455 410 555 471 G51

1514 415 1849 477 (ECUMEN
1859 415 1879 475 ί
1889 415 1916 475 Ι
1948 413 2242 476 TRICCAZ
2270 412 2612 474 EPISCOPI
3557 425 3641 490 55g

449 538 603 597 pere.
639 542 658 575 ι
696 522 894 580 Annon
927 524 1220 582 infatuavit
1276 526 1422 583 Deus
1470 528 1795 598 sapientiam
1835 529 2024 585 mundi

2133 527 2359 593 eodem»;
2397 546 2416 579 ι
2454 524 2662 588 Πάντες
2687 520 2797 595 γάρ
2822 520 2874 577 oi
2899 519 3188 587 δοκοῦντες
3208 516 3342 578 εἶναι
3373 528 3508 598 σοφοὶ
3528 529 3644 600 ἔμω-

450 616 655 689 hujus?
689 636 707 669 »
746 616 950 673 Omnes
975 617 1121 674 enim
1153 618 1249 690 qui
1277 620 1557 691 sapientes
1603 635 1725 677 esse
1756 620 2025 677 videban-

452 719 543 765 tur
574 709 827 766 infatuati
847 719 995 777 sunt,
1027 711 1166 767 adeo
1193 722 1254 767 ut
1280 713 1358 767 illi
1383 712 1633 768 invenire
1667 728 1774 768 non
1801 722 2029 784 possent.

453 818 576 874 quae
604 820 633 856 a
668 802 1040 872 piscatoribus
1061 814 1117 859 et
1151 804 1453 862 illitteratis
1482 806 1804 863 hominibus
1829 807 2029 880 praedi-

448 904 572 950 cata
604 903 735 949 sunt
772 903 828 949 et
876 896 1224 953 conﬁrmata.
1260 897 1550 965 Quomodo
1580 909 1768 955 autem
1819 899 2027 955 conﬁr-

449 986 656 1042 mavit?
698 985 813 1042 Hoc
857 997 963 1054 est,
1007 990 1231 1044 stultam
1279 1006 1400 1047 esse
1451 992 1723 1064 coarguit,
1769 1007 1837 1048 eo
1879 991 2027 1063 quod

448 1077 734 1133 veritatem
756 1078 1007 1144 invenire
1028 1095 1136 1134 non
1160 1081 1522 1150 possent.—A
1533 1081 1662 1137 liud.
1687 1081 2025 1153 Sapientiam

447 1169 641 1225 mundi
691 1180 849 1227 vocat
881 1171 1300 1243 eloquentiam;
1332 1174 1538 1230 ctenim
1585 1159 1750 1248 hujus
1800 1175 2029 1247 largitor

445 1263 592 1318 Deus
617 1271 721 1318 est.
764 1263 899 1318 Nam
934 1277 990 1320 et
1021 1266 1139 1336 ipse
1173 1266 1390 1339 linguas
1421 1267 1631 1333 divisit,
1664 1277 1720 1323 et
1768 1269 2028 1340 prOprios

450 1356 653 1426 cuique
682 1354 1036 1413 characteres
1069 1358 1375 1414 distribuit.
1408 1362 1600 1431 Itaque
1640 1359 1842 1417 Graecae
1890 1378 2029 1433 quo-

448 1466 557 1521 que
587 1450 787 1521 linguae
824 1451 942 1521 ipse
972 1449 1127 1506 dedit
1153 1450 1523 1521 splendorem.
1560 1450 1631 1505 At
1662 1450 1743 1505 illi
1791 1450 1899 1506 hoc
1939 1451 2026 1507 usi

447 1561 559 1600 non
587 1553 719 1598 sunt
760 1543 829 1598 ad
861 1543 915 1597 id
965 1542 1113 1614 quod
1174 1543 1443 1614 oportuit,
1497 1541 1796 1598 eﬂicientes
1846 1542 2023 1614 ipsam

446 1636 792 1694 seductionis
819 1636 1130 1716 illecebras,
1177 1636 1345 1709 idque
1391 1644 1617 1708 agentes
1647 1643 1707 1691 ut
1752 1635 2026 1691 sermonis

448 1731 889 1804 persuasibilitas
905 1746 1071 1786 causa
1104 1729 1260 1788 ﬁeret
1288 1729 1907 1787 introducendierroris
1926 1746 2026 1801 per
2068 1786 2073 1790 .

2139 620 2435 692 ράνθησαν,
2465 616 2542 688 τῷ
2579 614 2655 688 μὴ
2686 613 2980 687 δυνηθῆναι
3004 615 3203 680 αὐτοὺς
3238 617 3406 684 εὑρεῖν
3450 620 3571 694 ἅπερ
3599 625 3648 678 ἐκ

2133 711 2242 767 τῶν
2278 710 2472 766 ἁλιέων
2505 709 2599 763 καὶ
2629 708 3014 779 ἀγραμμάτων
3044 708 3373 778 κεκήρυκται
3415 712 3500 764 καὶ
3523 716 3649 768 πεπί-

2141 820 2381 859 στευται.
2403 802 2526 866 Πῶς
2567 800 2625 855 δὲ
2668 797 2959 872 ὲμώρανε;
3008 800 3271 861 τουτέστι,
3305 800 3479 871 μωρὰν
3522 801 3652 857 οὖσαν

2148 895 2366 967 ῆλεγξι,
2394 894 2473 966 τῷ
2508 893 2583 966 μὴ
2624 892 2845 965 ίσχύσαι
2877 892 3058 964 εὑρεῖν
3094 890 3153 945 τὸ
3180 891 3385 963 ἀληθές.
3412 895 3651 951 -Ἀλλα

2138 984 2470 1062 [ΘΕΟΔΩΡ.]
2487 986 2687 1057 Σοφίαν
2705 985 2799 1040 τοῦ
2823 986 3055 1057 κόσμου,
3075 983 3174 1056 τὴν
3190 984 3307 1054 εὐγ)
3319 984 3502 1039 ωττίαν
3516 987 3652 1042 καλεῖ.

2140 1081 2233 1136 καὶ
2257 1081 2366 1151 γάρ
2404 1080 2607 1151 ταύτης
2642 1078 2881 1153 χορηγὸς
2906 1083 2932 1133 ὁ
2964 1077 3116 1140 Θεός.
3149 1077 3316 1142 Αὐτὸς
3339 1077 3439 1149 γὰρ
3465 1080 3546 1134 καὶ
3579 1081 3656 1144 τὰς

2138 1173 2389 1244 γλώσσας
2414 1173 2596 1241 διεῖλε,
2628 1172 2725 1226 καὶ
2754 1171 2964 1243 ἑκάστῃ
3021 1169 3371 1242 χαρακτῆρας
3408 1169 3551 1234 ἰδίους
3578 1171 3659 1224 ἀπ-

2137 1264 2338 1329 ένειμε.
2371 1264 2483 1320 Καὶ
2503 1266 2570 1336 τῇ
2587 1262 2797 1319 Ἐλλάδι
2820 1262 3001 1317 τοίνυν
3032 1262 3208 1332 (ρωνῇ,
3236 1258 3391 1323 αὐτὸς
3415 1258 3560 1312 ἔδωκε
3581 1261 3658 1330 τὴν

2133 1356 2520 1430 λαμπρότητα.
2555 1358 2621 1412 Οί
2679 1356 2736 1410 δέ.
2785 1373 2849 1425 γε
2900 1356 3003 1409 οὐκ
3041 1355 3120 1419 είς
3150 1353 3267 1406 δέον
3302 1352 3465 1425 ταύτῃ
3497 1354 3663 1424 χρησά-

2137 1468 2309 1524 μενοι,
2341 1450 2537 1522 δέλεαρ
2562 1448 2737 1522 αὐτὴν
2773 1449 2873 1518 τῆς
2897 1448 3117 1518 ἀπάτης
3146 1446 3444 1515 ἀπέφηναν,
3482 1444 3662 1499 ualet-

2133 1543 2301 1616 θανὴν
2334 1542 2431 1616 τὴν
2458 1542 2788 1615 μυθολογίαν
2824 1540 2923 1611 τῆς
2955 1541 3162 1611 πλάνης
3187 1537 3517 1612 εἰργάσαντο.
3548 1538 3663 1592 Κατ·

2130 1637 2323 1708 ηγορεῖ
2345 1635 2546 1702 τοίνυν,
2580 1635 2641 1688 οὐ
2673 1637 2773 1705 τῆς
2797 1632 3151 1702 εὐγλωττίας,
3184 1629 3322 1686 ἀλλά
3353 1630 3444 1702 τῆς
3470 1631 3520 1684 ἐν
3555 1629 3662 1701 αὐτῇ

2139 1728 2529 1801 κρυπτομένης
2561 1727 2936 1801 ψευδολογίας.

444 1826 726 1906 fabulosas
739 1824 1211 1881 ratiocinationes.
1228 1825 1534 1898 Redarguit
1552 1825 1719 1897 igitur
1734 1840 1846 1881 non
1863 1824 2262 1896 eloquentiam,
2285 1823 2380 1880 sed
2397 1837 2519 1878 eam
2531 1837 2653 1891 quae
2666 1819 2720 1875 in
2736 1820 2851 1891 ipsa
2865 1829 2949 1874 est
2964 1815 3186 1873 fallendi
3204 1814 3662 1906 promptitudinem.

516 1920 561 1985 Ι,
589 1919 707 1974 21-
741 1919 830 1974 9.3.
869 1917 1307 1989 Quandoquidem
1345 1919 1486 1973 enim
1515 1918 1571 1972 in
1622 1919 1889 1990 sapientia
1936 1917 2034 1974 Dei
2067 1929 2108 1985 Β

443 2029 548 2068 non
577 2012 819 2084 cognovit
850 2012 1078 2066 mundus
1112 2028 1207 2084 per
1236 2012 1559 2083 sapientiam
1592 2011 1786 2079 Deum,
1822 2012 2024 2084 placuit

446 2106 553 2160 Deo
584 2122 680 2176 per
709 2104 996 2160 stultitiam
1030 2104 1425 2175 prwdicationis
1452 2104 1626 2161 salvos
1681 2106 1855 2178 facere
1908 2123 2026 2160 cre-

441 2198 640 2252 dentes.
672 2198 939 2262 Quoniam
977 2205 1027 2251 et
1061 2196 1237 2253 Judazi
1258 2198 1414 2270 signa
1443 2197 1738 2271 postulant,
1771 2207 1821 2252 et
1859 2197 2026 2255 Graeci

440 2290 761 2358 sapientiam
789 2298 1057 2361 quaerunt.
1092 2289 1201 2345 Nos
1261 2300 1439 2345 autent
1467 2292 1820 2361 prwdicamus
1869 2291 2025 2348 Citri-

439 2389 581 2436 stum
611 2379 944 2450 cruciﬁxum,
968 2379 1146 2435 Judazi
1174 2379 1388 2452 quidem
1413 2380 1805 2451 oﬁendiculum,
1830 2378 2026 2438 Graecis

440 2487 565 2526 vero
595 2470 908 2526 stultitiam.

514 2563 680 2633 426
716 2583 732 2613 ι
771 2562 831 2616 1η
878 2561 1173 2633 sapientia.
1214 2581 1233 2615 ι
1265 2563 1397 2631 Quae
1427 2562 1694 2620 videlicet
1751 2564 1809 2618 in
1867 2579 2023 2620 crea-

443 2654 585 2709 turis
613 2654 915 2719 relucebat,
945 2670 1142 2724 nempe
1168 2654 1224 2709 in
1246 2655 1386 2710 caelo
1409 2663 1466 2709 et
1497 2655 1553 2709 in
1580 2665 1747 2711 terra.
1769 2654 2023 2722 Quando-

445 2745 692 2817 quidem,
759 2744 962 2816 inquit,
996 2760 1106 2800 non
1147 2745 1406 2816 cognovit
1454 2746 1694 2801 mundus
1720 2747 1894 2801 Deum
1929 2762 2027 2815 per

446 2836 612 2891 talem
647 2835 823 2908 ipsius
850 2835 1179 2906 sapientiam
1214 2852 1337 2907 quae
1376 2836 1432 2891 in
1485 2838 1758 2892 creaturis
1803 2838 2028 2909 conspi-

446 2926 720 2994 ciebatur,
776 2928 989 3000 placuit
1042 2929 1155 2985 Deo
1175 2945 1276 3000 per
1334 2943 1555 2986 crucem
1613 2930 1791 2985 salvos
1843 2930 2026 2986 facere

445 3037 544 3077 cos
565 3021 660 3092 qui
691 3021 1006 3087 crederent,
1043 3037 1164 3092 quae
1190 3021 1422 3076 stultitia
1452 3037 1574 3077 esse
1597 3022 1820 3078 videtur
1847 3024 2030 3080 incre-

445 3113 614 3177 dulis,
643 3122 700 3169 et
722 3112 809 3167 his
836 3112 932 3184 qui
966 3121 1223 3183 pereunt.
1258 3112 1597 3183 Sapientiam
1624 3121 1808 3169 autem
1840 3114 2028 3185 appel-

444 3204 523 3260 lat
572 3205 871 3260 humanam
916 3221 1138 3277 quoque
1196 3205 1615 3277 intelligentiam
1673 3218 1730 3262 et
1758 3207 2023 3278 eloquens

2222 1913 2456 1984 Ἐπειδὴ
2484 1917 2593 1986 γὰρ
2630 1913 2699 1967 ἐν
2730 1910 2804 1981 τῇ
2833 1910 3022 1979 σοφίᾳ
3061 1909 3172 1963 οὐκ
3219 1907 3370 1978 ἔγνω
3415 1908 3446 1960 ό
3482 1904 3665 1975 κόσμος

2128 2007 2225 2063 διὰ
2243 2007 2350 2076 τῆς
2364 2007 2588 2077 σοφίας
2617 2004 2724 2059 τὸν
2746 2003 2914 2069 Θεὸν,
2941 2000 3284 2068 εὐδόκησεν
3298 2000 3330 2052 ὁ
3342 1997 3476 2065 Θεὸς
3487 1994 3571 2049 διὰ
3583 1995 3664 2063 τῆς

2121 2102 2349 2173 μωρίας
2400 2094 2510 2156 τοῦ
2537 2098 2937 2169 κηρύγματος,
2987 2092 3186 2149 σῶσαι
3210 2091 3359 2157 ,τοὺς
3406 2088 3666 2144 πιστεύον

2127 2212 2254 2262 τας.
2323 2190 2565 2261 Ἐπειδή
2613 2190 2715 2246 καὶ
2770 2188 3049 2246 Ἰουδαῖοι
3076 2174 3665 2257 amicior-altaria,qu
3715 2195 3721 2203 '

2128 2286 2432 2354 Ἕλληνες
2477 2284 2706 2354 σοφίαν
2752 2280 3060 2351 ζητοῦσιν,
3100 2278 3278 2349 ἡμεῖς
3309 2275 3379 2331 δὲ
3410 2276 3664 2345 κηρύσσο-

2121 2396 2237 2451 μεν
2310 2375 2573 2448 Χριστὸν
2651 2372 3110 2444 ἐσταυρωμένον
3132 2412 3149 2439 ,
3230 2369 3528 2434 Ἰουδαίοις
3575 2367 3665 2438 μέν

2128 2469 2508 2536 σκάνδαλον,
2531 2469 2805 2536 Ἕλλησι
2838 2465 2907 2519 δὲ
2929 2467 3184 2536 μωρίαν.

2204 2581 2224 2616 ι
2249 2562 2335 2616 Ἑν
2356 2565 2422 2634 τῇ
2445 2560 2628 2634 σοφίᾳ.
2655 2579 2674 2612 ι
2702 2560 2780 2630 Τῇ
2798 2557 2888 2613 διὰ
2914 2557 3022 2611 τῶν
3052 2556 3374 2629 κτισμάτων
3394 2551 3662 2625 φαινομένῃ,

2126 2649 2236 2708 οἷον
2274 2653 2505 2726 οὐρανοῦ
2535 2653 2630 2708 καὶ
2680 2652 2804 2721 γῆς.
2848 2649 3089 2719 Ἐπειδὴ,
3141 2648 3337 2717 φησὶν,
3381 2647 3477 2701 οὑκ
3500 2644 3663 2714 ἔγνωΰ

2128 2746 2332 2817 κόσμος
2362 2746 2453 2798 τὸν
2473 2744 2607 2798 Θεὸν
2642 2741 2730 2798 διὰ
2766 2741 2862 2812 τῆς
2890 2740 3144 2810 τοιαύτης
3170 2738 3348 2793 ,αὐτοῦ
3392 2735 3563 2808 σοφίας
3585 2737 3659 2805 τῆς

2127 2838 2573 2910 ὲνθεωρουμένης
2624 2839 2737 2899 τοῖς
2783 2834 3111 2905 κτίσμασινθ,
3167 2832 3460 2904 εὐδόκησεν
3498 2831 3523 2883 ὁ
3561 2825 3664 2889 Θεὸς

2127 2932 2218 2987 διὰ
2249 2934 2344 2988 τοῦ
2372 2927 2607 3004 σταυροῦ
2637 2930 2809 2983 σῶσαι
2838 2929 2964 2994 τούς
2992 2925 3379 2991 πιστεύοντας,
3407 2925 3539 2984 ὅστις
3574 2937 3662 2990 μωο

2135 3025 2224 3098 pia
2252 3026 2364 3087 τοῖς
2389 3023 2644 3088 ἀπίστοις
2673 3023 2766 3077 καὶ
2816 3020 3218 3099 ἀπολλυμένοις
3251 3017 3391 3074 εἶναι
3417 3018 3563 3072 δοκεῖ.
3590 3015 3663 3067 Σο-

2129 3117 2259 3187 φίαν
2287 3115 2367 3181 δὲ,
2405 3115 2500 3169 καὶ
2529 3115 2629 3185 τὴν
2663 3113 3016 3185 ἀνθρωπίνην
3048 3112 3310 3183 ὀνομάζει
3351 3112 3563 3171 συνέσιν,
3595 3108 3665 3162 καὶ

2129 3209 2228 3281 τὴν
2263 3206 2619 3277 εὐγλωττίας),
2664 3205 2781 3276 ἦτοι
2816 3187 2946 3258 αὐτὸ
2991 3205 3050 3258 τὸ
3099 3205 3201 3275 τῆς
3235 3204 3428 3269 λέξεως
3457 3199 3663 3270 ἀνθηρὸν,

447 3298 603 3364 tiam,
635 3298 750 3354 sive
782 3298 957 3370 ipsam
993 3298 1261 3354 doctrinae
1282 3299 1650 3355 suavitatem:
1681 3309 1744 3355 ut
1776 3301 2028 3357 ostendat

2135 3301 2224 3356 ἵνα
2255 3299 2463 3371 διδάξῃ,
2492 3299 2573 3352 ὅτι
2620 3299 2711 3352 νοῦ
2742 3297 2972 3370 ποιητὴς
3011 3300 3038 3353 ὁ
3078 3298 3237 3362 Θεὸς,
3266 3299 3361 3351 καὶ
3402 3295 3663 3368 φρονήσεως

448 3392 620 3446 Deum
652 3391 853 3447 mentis
879 3408 1003 3448 esse
1032 3402 1343 3465 creatorem
1372 3402 1429 3449 et
1473 3394 1781 3465 prudentia:
1814 3410 1879 3450 ac
1908 3395 2026 3451 elo-

447 3482 687 3553 quentia:
709 3482 1071 3555 largitorem:
1105 3499 1420 3555 quanquam
1451 3484 1707 3540 nonnulli
1734 3485 1822 3541 his
1863 3487 1933 3541 ad
1961 3502 2027 3542 ea

448 3591 572 3646 qua:
602 3591 711 3630 non
737 3584 958 3646 oportet
985 3575 1068 3630 usi
1109 3575 1237 3631 sint.
1273 3574 1574 3631 Stultitiam
1606 3592 1740 3632 vero
1763 3576 2029 3647 praedica-

451 3666 621 3721 tionis
648 3666 785 3721 dicit
817 3665 1231 3737 simplicitatem
1267 3664 1596 3722 dictionum.
1631 3667 1813 3721 Divini
1851 3668 2027 3738 siqui-

451 3757 578 3812 dem
628 3755 889 3827 discipuli
941 3754 1127 3811 idiotte
1181 3764 1361 3824 erant,
1409 3756 1556 3826 quod
1598 3756 1666 3811 ad
1717 3772 2025 3812 sermonem

447 3850 669 3918 attinet,
699 3848 797 3905 sed
818 3848 1019 3904 divites
1044 3848 1295 3904 scientia.
1327 3867 1345 3900 ι
1374 3848 1441 3903 Et
1464 3848 1639 3904 Judaei
1667 3849 1821 3921 signa
1839 3858 2027 3920 postu-

448 3943 587 3995 lant.
624 3959 643 3993 ι
670 3939 727 3995 Si
751 3938 960 4001 Judaeo,
994 3938 1195 4009 inquit,
1229 3938 1532 3993 dixerimus
1561 3956 1575 3993 :
1610 3937 1810 4004 Crede,
1851 3938 2027 4009 proti-

451 4048 558 4088 nus
580 4031 734 4103 signa
759 4046 825 4086 ac
841 4030 1090 4102 prodigia
1113 4030 1233 4086 ﬁeri
1258 4030 1498 4101 postulat
1523 4029 1591 4084 ad
1616 4030 2027 4103 praedicationis

448 4122 949 4181 conﬁrmationem.
990 4123 1105 4178 Nos
1133 4131 1315 4178 autem
1348 4122 1628 4180 Christum
1665 4123 2029 4195 praedicamus

449 4217 801 4286 cruciﬁxum,
862 4217 1011 4290 quod
1056 4233 1167 4273 non
1222 4217 1385 4271 modo
1440 4234 1549 4273 non
1610 4227 1696 4275 est
1746 4218 2027 4289 signorum

449 4311 873 4376 demonstratio,
906 4310 1038 4382 quin
1069 4309 1668 4382 potiusimbccillitatis
1696 4319 1801 4375 est,
1854 4325 2028 4379 quan-

450 4413 570 4462 tum
596 4405 665 4460 ad
698 4405 753 4460 id
775 4405 923 4476 quod
946 4413 1194 4475 apparet.
1227 4403 1485 4457 Attamen
1533 4417 1660 4457 cum
1713 4401 1818 4457 hoc
1869 4400 2027 4457 inﬁr-

451 4515 602 4555 mum
626 4498 903 4562 videatur,
933 4506 991 4551 et
1024 4496 1112 4551 his
1149 4511 1271 4566 quae
1320 4494 1612 4565 requirunt
1663 4495 2024 4559 contrarium,

449 4592 805 4648 adducuntur
846 4587 1212 4644 nihilominus
1247 4585 1315 4641 ad
1357 4585 1546 4651 ﬁdem,
1589 4586 1738 4659 quod
1776 4601 2026 4655 magnam

2134 3391 2369 3465 χορηγὸς
2400 3392 2495 3446 καὶ
2528 3390 2881 3460 εὐγλωττίας,
2927 3390 2977 3443 εί
3014 3389 3110 3445 καί
3141 3407 3295 3454 τινες
3350 3390 3521 3453 αὐτοῖς
3542 3387 3610 3458 ἐφ’
3637 3383 3665 3441 ἃ

2136 3485 2214 3558 μὴ
2239 3485 2319 3538 δεῖ
2351 3484 2673 3557 ἐχρήσαντο.
2698 3481 2927 3554 Μωρίαν
2977 3481 3036 3535 δὲ
3078 3480 3169 3536 τοῦ
3200 3481 3558 3555 κηρύγματος,
3587 3480 3662 3545 την

2134 3577 2242 3631 τῶν
2255 3576 2452 3643 λέξεων
2473 3575 2752 3647 ἀπλότητά
2776 3591 2963 3646 φησιν.
2983 3574 3220 3629 ἰδιῶται
3247 3575 3346 3645 μὲν
3360 3574 3428 3645 γά
3435 3591 3464 3646 ρ
3477 3570 3665 3643 τῷλόγῳ

2133 3664 2273 3739 ἦσαν
2316 3671 2366 3722 οἱ
2416 3667 2693 3722 θεσπέσιοι
2734 3666 3002 3739 μαθηταὶ,
3038 3666 3291 3721 πλούσιοι
3321 3666 3378 3720 δὲ
3406 3668 3467 3736 τῇ
3489 3662 3665 3734 γνώσει.

2143 3780 2161 3813 ι
2188 3763 2298 3816 Καὶ
2312 3762 2549 3815 Ἰουδαῖοι
2580 3755 2804 3832 σημεῖον
2832 3759 3094 3814 αἰτοῦσιν.
3124 3777 3146 3812 ι
3167 3759 3320 3825 Ἐὰν,
3340 3758 3514 3830 φησὶν,
3535 3754 3665 3809 εἴπω·

2134 3871 2237 3925 μεν
2272 3853 2531 3925 Ἰουδαίῳ,
2547 3853 2861 3919 Πίστευσον,
2881 3852 3040 3917 εὐθὺς
3054 3854 3265 3925 σημεῖα
3277 3836 3373 3907 καὶ
3386 3853 3569 3923 τέρατα
3580 3850 3669 3900 ἐπι-

2136 3945 2288 4014 ζητεῖ
2347 3938 2620 4013 γενέσθαι,
2677 3944 2814 4015 πρὸς
2863 3932 3129 3998 σύστασιν
3176 3944 3277 3999 τοῦ
3342 3943 3664 4013 κηρύγματος.

2148 4034 2339 4105 Ἡμεῖς
2365 4036 2419 4089 δὲ
2444 4034 2681 4108 Χριστὸν
2714 4034 3061 4107 κηρύσσομεν
3080 4036 3510 4107 ἐσταυρωμένον.
3529 4034 3668 4098 ὀπερ

2135 4126 2196 4180 οὐ
2223 4122 2382 4197 μόνον
2409 4126 2507 4179 οὐκ
2540 4116 2654 4179 ἔστι
2689 4127 2931 4197 σημείων
2954 4126 3234 4193 ἐπίδειξις,
3268 4125 3403 4179 ἀλλά
3432 4125 3517 4177 καὶ
3542 4119 3668 4176 deﬁt.

2135 4219 2304 4284 νείας,
2331 4219 2453 4271 ὅσον
2479 4219 2617 4272 κατά
2645 4220 2703 4272 τὸ
2736 4218 3080 4289 φαινόμενον.
3114 4214 3227 4271 καὶ
3255 4218 3406 4289 ὅμως
3434 4215 3589 4285 τούτῳ
3610 4211 3668 4277 τῷ

2134 4304 2376 4358 δοκοῦντι
2401 4305 2617 4359 ἀσθενεῖ
2645 4309 2737 4359 καὶ
2770 4307 2997 4377 ἐναντίῳ
3038 4305 3113 4369 ὡς
3147 4307 3288 4377 πρὸς
3330 4306 3367 4361 ἃ
3395 4302 3668 4361 ἀπαιτοῦσιν

2135 4398 2418 4466 ὲνάγονται
2450 4399 2585 4469 πρὸς
2616 4399 2714 4468 τὴν
2755 4400 2956 4465 πίστιν,
2988 4398 3125 4469 ὅπερ
3178 4400 3428 4471 μεγάλην
3473 4397 3669 4452 δείκνυσι

2135 4490 2228 4544 τοῦ
2257 4490 2390 4543 Θεοῦ
2418 4490 2515 4562 τὴν
2554 4490 2802 4561 δύναμιν.
2852 4491 3020 4546 Πάλιν
3059 4490 3328 4562 Ἕλληνες
3378 4491 3559 4561 σοφίαν
3594 4488 3670 4553 ξη-

2134 4584 2287 4637 τοῦσι
2320 4585 2446 4655 παρ’
2475 4583 2652 4654 ἡμῶν,
2684 4583 2821 4638 ἀλλὰ
2855 4584 3128 4647 κάκείνοις
3156 4585 3322 4657 ἡμεῖς
3352 4583 3442 4639 τὸν
3482 4578 3672 4650 σταυρὸν

448 4683 551 4740 Dei
580 4679 837 4740 ostendat
866 4676 1187 4750 potentiam.
1223 4673 1468 4730 Rursum
1499 4674 1675 4731 Graeci
1698 4672 2023 4746 sapientiam

2133 4674 2497 4746 κηρύσσομεν,
2527 4675 2681 4747 ὅπερ,
2715 4676 2854 4729 κατά
2874 4675 2934 4728 τὸ
2954 4674 3304 4746 φαινόμενον,
3336 4674 3540 4745 μωρίας
3558 4666 3671 4722 εἶναι

451 4791 483 4830 a
531 4773 694 4828 nobis
728 4775 1047 4844 requirunt,
1089 4768 1186 4825 sed
1242 4767 1350 4823 illis
1400 4782 1621 4838 quoque
1669 4783 1771 4823 nos
1806 4780 2030 4822 crucem

450 4866 838 4939 praedicamus,
857 4861 1007 4934 quod
1034 4860 1106 4918 ad
1131 4861 1185 4917 id
1214 4860 1361 4933 quod
1391 4861 1447 4915 in
1471 4868 1766 4933 prospectu
1783 4867 1869 4915 est
1895 4859 2032 4914 stul-

452 4957 589 5013 titiae
641 4972 761 5012 esse
791 4956 1036 5024 videtur,
1066 4955 1243 5011 Deum
1272 4953 1533 5010 videlicet
1561 4952 1861 5024 praedicare
1902 4968 2025 5006 crus

452 5048 715 5104 eitlxum:
765 5056 821 5102 at
868 5047 974 5104 hoc
1018 5063 1239 5120 quoque
1286 5047 1455 5103 modo
1508 5045 1920 5117 persuadentur
1976 5050 2033 5099 et

450 5143 856 5212 obtemperant.
891 5141 1084 5195 Annon
1114 5142 1229 5195 haee
1256 5140 1505 5194 maxima:
1558 5146 1687 5193 sunt
1712 5136 2033 5191 admiratio-

450 5236 540 5290 nis
572 5250 637 5289 ac
663 5232 938 5293 miraculi.
970 5247 1067 5287 eos
1088 5247 1184 5302 per
1212 5232 1329 5285 haec
1375 5230 1693 5302 persuaderi
1722 5244 1844 5299 quae
1898 5243 2032 5285 con-

451 5325 622 5382 traria
675 5332 805 5379 sunt
840 5323 907 5378 iis
939 5338 1062 5394 quae
1113 5323 1448 5392 requirunt?
1491 5321 1599 5375 Aut
1654 5320 1761 5375 hoc
1810 5334 2032 5390 quoque

449 5421 616 5476 modo
685 5417 919 5488 intelligi
973 5427 1189 5488 potest:
1253 5415 1544 5484 Quoniam,
1608 5414 1808 5487 inquit,
1856 5414 2030 5473 Judaei

450 5513 604 5584 signa
665 5511 946 5584 postulant
1013 5517 1064 5564 et
1114 5508 1287 5564 ϐπερὶ
1351 5511 1699 5581 sapientiam,
1743 5508 2030 5564 inveniunt

448 5607 671 5675 utrique
704 5604 760 5659 in
800 5602 1023 5658 Christo
1080 5618 1144 5657 ea
1186 5617 1309 5673 quae
1360 5603 1672 5675 requirunt.
1705 5601 2032 5670 Quomodo?

448 5697 737 5769 Siquidem
761 5694 1066 5750 incredulis
1089 5693 1295 5752 Iudaeis
1322 5695 1719 5751 oll'endiculum
1752 5705 1857 5761 est,
1882 5694 2032 5751 Grae-

444 5790 640 5860 eisque
664 5787 979 5844 inﬁdelibus
1014 5787 1240 5843 fatuitas
1286 5798 1534 5859 apparet.
1588 5790 1660 5844 At
1709 5787 1767 5843 hi
1813 5788 1906 5860 qui
1960 5804 2029 5842 ex

444 5882 583 5955 ipsis
610 5880 789 5939 vocati
817 5889 947 5938 sunt
981 5891 1037 5940 et
1092 5881 1277 5953 electi,
1328 5880 1618 5938 inveniunt
1666 5896 1794 5938 eum
1844 5880 2022 5938 Patris

2129 4767 2294 4828 δοκεῖ,
2322 4767 2455 4821 Θεὸν
2502 4768 2803 4839 κηρύσσειν
2852 4766 3292 4840 ἐσταυρωμένον,
3327 4767 3463 4821 ἀλλά
3491 4762 3575 4819 καὶ
3602 4758 3673 4814 οὖα

2128 4877 2235 4923 τως
2265 4860 2559 4914 πείθονται.
2609 4857 2759 4932 Ἀρα
2796 4860 2856 4913 οὐ
2899 4860 3073 4914 ταῦτα
3125 4860 3389 4931 μεγίστου
3437 4855 3673 4925 θαύματος

2129 4954 2190 5007 τὸ
2215 4954 2279 5006 ἐκ
2304 4953 2411 5006 τῶν
2433 4953 2694 5007 ἐναντίων
2725 4953 2800 5017 ὡς
2824 4952 2961 5025 πρὸς
2985 4953 3021 5008 ἃ
3052 4952 3206 5006 αὐτοὶ
3236 4950 3550 5017 ἐπιζητοῦσι
3577 4942 3672 4999 πεί·

2130 5044 2316 5100 θεσθαι
2350 5043 2586 5112 αὐτούς;
2617 5045 2650 5118 ἢ
2680 5047 2773 5098 καὶ
2798 5044 2966 5108 οὑτως
2995 5045 3236 5116 νοητὲονο
3284 5040 3519 5111 Ἐπειδὴ,
3548 5035 3670 5107 φησὶ,

2131 5138 2225 5193 καὶ
2262 5139 2506 5193 Ἰουδαῖοι
2555 5140 2755 5210 σημεῖα
2808 5139 3124 5209 ἐπιζητοῦσι
3171 5137 3267 5191 καὶ
3311 5135 3561 5206 Ἕλληνες
3602 5144 3671 5181 σου

2132 5230 2280 5300 (ρίαν,
2338 5232 2683 5304 εὑρίσκουσιν
2737 5233 3038 5306 ἀμφότεροι
3090 5231 3125 5285 ἀ
3178 5230 3436 5300 ζητοῦσιν
3485 5228 3558 5288 είς
3599 5220 3669 5273 τὸν

2131 5325 2386 5396 Χριστόν.
2440 5327 2603 5393 Πῶς;
2649 5327 2777 5392 Τοῖς
2841 5326 2939 5396 μὲν
2974 5326 3079 5395 γὰρ
3125 5325 3381 5386 ἀπίστοις
3436 5313 3671 5374 Ἰουδαίοις

2134 5418 2430 5473 σκάνδαλον
2491 5421 2628 5486 ἐστι,
2677 5421 2771 5474 καὶ
2814 5422 2928 5484 τοῖς
2973 5418 3223 5481 ἀπίστοις
3258 5416 3486 5485 Ἕλλησι
3524 5404 3670 5482 μωρία

2127 5510 2292 5565 δοκεῖ.
2320 5512 2382 5565 Οἱ
2412 5510 2467 5564 δέ
2494 5528 2577 5581 γε,
2627 5513 2781 5583 φησὶ,
2835 5513 3024 5582 κλητοὶ
3058 5510 3153 5564 καὶ
3187 5507 3466 5562 ἐπίλεκτοι
3509 5501 3562 5567 ἐξ
3590 5495 3668 5552 αὖ·

2127 5602 2255 5671 τῶν,
2281 5596 2630 5675 εὑρίσκουσιν
2661 5604 2823 5657 αὐτὸν
2847 5602 2976 5658 ὄντα
3009 5603 3236 5673 δύναμιν
3282 5600 3376 5653 καὶ
3402 5596 3578 5665 σοφέαν
3595 5586 3667 5642 τοῦ

2128 5696 2365 5768 Πατρός.
2387 5698 2476 5752 ,Τί
2505 5696 2613 5767 γὰρ
2646 5695 2846 5764 λέγεις,
2892 5689 2937 5750 ὧ
2980 5695 3233 5759 ἰουδαίε;
3269 5692 3478 5762 Σημεῖα
3507 5680 3667 5746 ἐπιζη-

2125 5789 2281 5852 τεῖςῖ
2340 5786 2471 5840 Ἰδοὺ
2509 5789 2536 5840 ὁ
2584 5786 2842 5857 Χριστὸς,
2875 5785 3010 5839 Θεοῦ
3066 5783 3293 5855 δύναμίς
3348 5778 3548 5846 ὲστινή
3581 5769 3666 5821 τῶν

2131 5879 2372 5953 σημείων
2409 5879 2691 5952 ποιητική.
2725 5878 2836 5934 Καὶ
2863 5878 2927 5933 σύ
2961 5878 3014 5934 τί
3055 5878 3249 5948 λέγεις,
3280 5871 3327 5932 ὦ
3358 5870 3574 5943 Ἐλληνῑ
3597 5875 3666 5914 σθ’
