3880 6590
246 462 348 528 657

1180 458 1564 521 ΕΟΜΜΕΝΤ.
1593 458 1675 519 IN
1713 452 1952 516 EPIST.
1986 457 2014 516 Ι
2056 457 2158 518 AD
2196 457 2561 520 CORINTH.

3393 407 3519 522 a658

253 598 272 631 ο
292 578 486 639 ὀπως
508 573 584 646 μὴ
622 572 972 644 καυχήσηται
1000 571 1161 626 πᾶσα
1174 569 1312 642 σὰρξ
1338 569 1571 625 ἐνώπιον
1599 569 1819 624 αὐτοῦ.»

1956 579 2154 636 lantur,
2181 569 2342 640 quod"
2362 583 2482 624 sese
2505 567 2715 638 aliquid
2743 584 2865 626 esse
2905 569 3338 638 arbitrarentur,
3392 585 3520 627 cum

248 668 457 725 Οὐκοῦν
476 667 596 722 οὐδὲ
623 668 806 737 ἡμεῖς,
830 665 996 736 φησὶ,
1016 662 1416 736 καυχησόμεθα
1436 679 1464 730 ;λ
1483 663 1615 726 Ναὶ,
1641 661 1830 731 φησὶν,

248 764 408 832 ὑμεῖς
437 763 486 816 ol
512 761 716 826 πιστοὶ,
769 759 1079 828 καυχᾶσθαι
1130 758 1396 828 ὀφείλετε.
1453 757 1526 810 Ού
1559 755 1671 827 γάρ
1709 757 1834 808 ἐστε

249 855 409 922 ὑμεῖς
470 853 626 924 σὰρξ,
681 850 797 905 ἀλλ’
855 850 914 915 ἐξ
946 847 1110 903 αὐτοῦ
1139 847 1228 902 διὰ
1256 849 1354 918 τῆς
1404 845 1837 917 παλιγγενεσίας

247 944 604 1015 ὲγεννήΘητε,
658 943 756 996 καὶ
813 942 967 1010 σοφοί
1027 942 1173 1006 ἐστε,
1219 939 1356 994 ἀλλ”
1405 939 1570 992 αὑτὸν
1619 940 1836 1008 ἔχοντες

247 1036 470 1106 σοφίαν,
537 1032 1190 1104 τὸν-ἀπολύτρωσάμενον
1234 1035 1334 1104 τῆς
1370 1031 1706 1104 τυραννίδος,
1741 1030 1838 1084 καὶ

245 1130 304 1182 οὐ
343 1131 508 1199 μόνον
541 1128 722 1194 τοῦτο,
754 1127 889 1182 ἀλλὰ
909 1127 1004 1180 καὶ
1034 1127 1336 1196 ἀγιάσοντα
1369 1125 1467 1179 διὰ
1507 1125 1601 1177 τοῦ
1641 1123 1839 1194 βαπτί-

247 1239 482 1291 σματος,
537 1220 632 1273 καὶ
663 1221 726 1274 ού
759 1219 920 1291 μόνον
971 1217 1152 1284 τοῦτο,
1183 1218 1315 1271 ἀλλὰ
1341 1218 1433 1271 καὶ
1469 1216 1839 1270 δικαιώσαντα

243 1313 334 1366 διὰ
382 1313 765 1384 χαρισμάτων.
818 1311 1009 1381 Ἡμεῖς
1063 1309 1156 1365 οὖν
1214 1311 1302 1365 δία
1351 1309 1523 1364 ταῦτα
1547 1309 1838 1380 ὀφείλομεν

244 1404 580 1473 καυχᾶσθαι,
627 1403 938 1474 καυχᾶσθαι
963 1402 1043 1467 δὲ,
1074 1404 1173 1473 οὑχ
1203 1403 1285 1456 ὅτι
1313 1400 1704 1473 κατορθώματί
1730 1416 1839 1454 τινι

242 1495 513 1566 ἡμετέρῳ
559 1495 768 1550 τούτων
812 1495 1150 1567 ἠξιώθημεν,
1216 1495 1330 1548 ἀλλ’
1377 1495 1434 1547 ἐν
1485 1493 1696 1565 Κυρίῳ,
1752 1494 1836 1546 ὅτι

241 1589 434 1643 πάντα
480 1589 580 1657 τῆς
627 1588 792 1642 αὐτοῦ
826 1589 1038 1660 δωρεᾶς
1068 1589 1163 1642 καὶ
1193 1587 1607 1660 φιλανθρωπίας
1634 1587 1731 1658 τῆς
1760 1586 1840 1650 είς

240 1682 425 1753 ἡμᾶς,
460 1681 530 1735 τά
550 1681 854 1753 τηλικαῦτα
899 1681 1136 1753 ὑπάρχει
1172 1681 1646 1751 πλεονεκτήματα.

327 1867 454 1931 Ἐξ
483 1865 669 1922 αὐτοῦ
724 1865 792 1920 δὲ
839 1864 1010 1935 ὑμεῖς
1054 1864 1198 1917 ἐστε
1234 1862 1304 1917 ἐν
1339 1858 1570 1930 Χριστῷ
1620 1859 1838 1929 Ἰησοῦ,

1937 670 2120 717 tamen
2151 679 2262 717 non
2290 670 2498 718 essent.
2537 682 2555 714 ι
2595 662 2674 718 Ne
2703 664 2972 735 glorietur
2996 665 3109 720 ulla
3149 679 3280 720 caro
3331 679 3519 720 coram

1937 756 2078 827 ipso.
2115 775 2132 808 ι
2170 757 2266 811 Αῐῒ
2288 757 2457 828 igitur
2484 773 2663 828 neque
2696 775 2821 826 nos,
2856 760 3060 832 inquit,
3095 760 3464 832 gldriabimur
3499 759 3524 812 ?

1938 847 2139 918 Utique
2169 863 2266 903 vos
2289 849 2384 918 qui
2421 848 2610 904 fideles
2637 850 2794 916 estis,
2838 851 3062 922 gloriari
3089 851 3325 906 'debetis
3351 867 3367 916 ;
3392 865 3521 904 non

1937 941 2084 995 enim
2118 942 2253 997 estis
2281 957 2432 1007 caro,
2461 943 2555 997 sed
2587 942 2656 997 ab
2681 957 2747 998 eo
2771 959 2870 1014 per
2899 943 3523 1015 regenerationem-nati

1937 1033 2092 1100 estis,
2124 1043 2180 1088 et
2215 1034 2492 1104 sapientes
2525 1036 2661 1091 estis
2690 1054 2702 1089 :
2737 1035 2832 1091 sed
2861 1036 3053 1108 ipsum
3109 1036 3380 1091 habentes
3426 1033 3524 1105 qui

1938 1126 2206 1196 sapientia
2237 1137 2341 1192 est,
2377 1127 2471 1197 qui
2504 1143 2533 1182 a
2561 1130 2775 1200 tyranni
2801 1129 3076 1183 redemit:
3106 1144 3211 1184 nec
3241 1127 3523 1193 id‘solum,

1917 1223 2035 1276 sed
2055 1230 2112 1276 et
2135 1222 2500 1278 sanctiﬁcavit
2523 1239 2622 1294 per
2645 1225 2918 1295 baptisma
2946 1244 2961 1279 :
2992 1240 3094 1280 nec
3121 1233 3335 1280 tantum
3358 1223 3524 1278 etiam

1939 1312 2067 1378 hoc,
2096 1329 2287 1368 verum
2319 1317 2483 1370 etiam
2518 1331 2615 1385 per
2645 1316 2790 1370 dona
2835 1315 3181 1387 justilicavit.
3231 1317 3343 1372 Nos
3395 1331 3527 1386 ergo

1939 1412 2166 1474 propter
2194 1405 2310 1461 [nec
2343 1405 2568 1476 gloriari
2593 1406 2880 1462 debemus.
2934 1406 3170 1462 Gliiriari
3201 1415 3388 1462 autem
3414 1422 3525 1461 non

1940 1495 2088 1565 quod
2121 1505 2312 1552 nostro
2335 1497 2520 1567 aliquo
2550 1498 2773 1569 egregio
2809 1497 3056 1554 facinore
3091 1498 3180 1554 his
3215 1498 3368 1570 digni
3395 1498 3524 1553 lacti

1941 1587 2152 1643 simus:
2194 1590 2288 1644 sed
2320 1590 2377 1644 in
2410 1590 2662 1653 Domino,
2699 1591 2845 1662 quod
2889 1590 3152 1646 universa
3203 1591 3524 1662 huiusmodi

1942 1684 2227 1738 commoda
2259 1685 2446 1755 gratia:
2476 1685 2650 1756 ipsius
2678 1686 2810 1753 sint,
2852 1701 2917 1741 ac
2971 1686 3328 1757 Benignitatis
3361 1703 3530 1756 quam

1941 1774 2102 1830 nobis
2123 1776 2394 1833 exhibuit.

2017 1867 2068 1934 i,
2101 1869 2267 1924 30-31
2280 1877 2295 1925 '.
2340 1869 2421 1925 Ea:
2452 1887 2510 1925 eo
2539 1881 2717 1926 autent
2747 1873 2882 1927 estis‘
2903 1888 2995 1943 per
3019 1870 3286 1928 Christum
3323 1872 3532 1938 Iesum,

237 1959 312 2024 ὃς
372 1960 630 2028 ἐγενήθη
690 1957 839 2027 ἡμῖν
875 1931 1072 2026 σοφία
1111 1955 1228 2010 ἀπὸ
1275 1954 1447 2018 Θεοῦ,
1478 1952 1836 2020 δικαιοσύνη

1956 1962 2036 2032 yui
2058 1960 2229 2030 factus
2256 1973 2333 2017 est
2363 1963 2508 2018 nobis
2560 1966 2829 2036 sapientia
2860 1983 2893 2019 a
2931 1965 3058 2028 Deo,
3092 1965 3416 2037 iustitiaque
3485 1973 3536 2020 et

238 2051 439 2106 taxat
487 2050 781 2122 ἁγιασμὸς
813 2049 911 2104 καὶ
965 2047 1425 2114 ἀπολύτρωσις,
1471 2046 1596 2109 ἵνα,
1644 2043 1840 2108 καθὼς

237 2144 582 2214 γέγραπται
613 2183 628 2209 ,
673 2146 706 2199 d
766 2139 1156 2212 καυχώμενος
1228 2139 1326 2193 ἐν·
1361 2139 1558 2206 Κυρίῳ
1614 2135 1840 2206 καυχά-

241 2237 407 2290 σ·θω.
971 2236 980 2243 ’
1413 2243 1418 2248 ‘

325 2349 349 2382 ‹
398 2329 492 2394 Ἐξ
532 2326 701 2384 αὑτοῦ
753 2329 812 2383 δὲ
865 2327 1028 2398 ὑμεῖς
1072 2327 1220 2391 ἐστε,
1268 2343 1288 2376 ι
1346 2323 1507 2377 Ἤτοι
1552 2320 1648 2375 τοῦ
1679 2318 1839 2375 Θεοῦ.

237 2423 554 2477 ’τουτέστιν
604 2421 938 2491 ἀφελόμενος
974 2420 1122 2490 ὑμᾶς
1156 2419 1254 2487 τῆς
1280 2415 1605 2480 ἀλαζονείας
1631 2417 1658 2468 ὁ
1683 2413 1842 2482 Θεὸς,

239 2515 423 2569 τέκνα
442 2515 550 2569 ἴδια
599 2514 871 2584 πεποίηκε
906 2513 996 2567 διά
1045 2509 1222 2583 Ἰησοῦ
1251 2508 1514 2582 Χριστοῦ.
1536 2507 1844 2579 Τοιγαροῦν

239 2608 548 2679 ὄφείλομεν
577 2607 680 2660 καὶ·
701 2608 868 2675 ἡμεῖς·
886 2603 1110 2675 φεύγειν
1135 2603 1234 2674 τὴν
1256 2600 1598 2666 ἀλαζονείαν,
1641 2598 1845 2671 ἐχθράν

240 2695 427 2752 οὖσαν
492 2697 584 2751 τοῦ
641 2697 798 2764 Θεοῦ,
839 2715 857 2748 ι
904 2699 1055 2760 Ὃς,.
1093 2694 1264 2764 φησὶ,
1317 2692 1554 2764 Χριστὸς
1610 2690 1846 2764 ἐγενήθη

242 2795 392 2864 ἡμῖν
425 2791 534 2846 άτ.δ
573 2791 710 2846 Θεοῦ
766 2791 930 2861 σοφία
987 2791 1082 2844 καὶ
1107 2787 1424 2858 δικαιοσύνη
1449 2788 1544 2841 καὶ
1573 2786 1847 2857 ἁγιασμὸς

240 2892 350 2944 καὶ
399 2889 846 2963 ἀπολύτρωσις.»
903 2888 1222 2950 Τουτέστιν,
1277 2885 1336 2950 ὃς
1376 2884 1635 2955 ἐποίησεν
1697 2883 1848 2953 ἡμᾶς

241 2986 353 3039 καὶ
422 2984 665 3048 δικαίους
727 2984 821 3038 καὶ
853 2982 1063 3052 ἁγίους,
1097 2979 1692 3054 λυτρωσάμενοςὴμᾶς
1740 2979 1848 3031 ἀπὸ

240 3076 368 3129 τῶν
419 3076 680 3130 τοιούτων
741 3075 1022 3130 ἐναντίων.
1063 3073 1284 3142 Ἐπειδὴ
1335 3073 1448 3142 γὰρ
1482 3070 1640 3142 μωρά
1677 3068 1849 3135 ἐξελέ-

242 3171 416 3235 ξατο,
455 3168 599 3237 σοφᾶ
645 3167 788 3221 αὐτὰ
807 3166 1030 3237 ἐποίησε
1061 3166 1156 3219 καὶ
1178 3165 1359 3218 δίκαια
1382 3164 1476 3217 καὶ
1503 3163 1654 3231 ἆγια,
1693 3181 1710 3213 ι
1750 3164 1847 3226 ’ος

1941 2060 2292 2128 sanctiﬁcatio
2323 2079 2384 2115 ac
2421 2063 2747 2130 redemptio:
2779 2071 2859 2128 ut,
2907 2062 3353 2132 quemadmodum
3398 2060 3534 2116 scri-

1943 2161 2090 2222 ptum
2121 2161 2195 2207 est
2235 2171 2249 2208 :
2275 2153 2375 2219 Qui
2399 2152 2663 2225 gloriatur
2688 2155 2740 2209 in
2771 2153 2997 2208 D’omino
3027 2153 3302 2226 glorietur.

2014 2333 2179 2407 43o
2207 2335 2320 2390 «Ex
2356 2351 2423 2391 eo
2443 2339 2627 2392 autem
2661 2351 2759 2392 vos
2795 2335 2949 2392 estis.
2985 2355 3002 2387 ι
3032 2336 3241 2407 Nempe
3267 2337 3400 2392 Deo.
3423 2335 3539 2390 lloc

1945 2439 2050 2496 est,
2075 2430 2304 2486 abduxit
2331 2446 2428 2486 vos
2461 2430 2530 2486 ab
2570 2431 2722 2485 omni
2775 2430 2923 2486 fastu
2988 2432 3154 2498 Deus,
3213 2429 3354 2485 ﬁlios
3409 2444 3539 2485 suos

1949 2540 2052 2595 per
2088 2524 2282 2581 Jesum
2323 2523 2604 2585 Christum
2658 2523 2867 2580 etl'ecit.
2915 2523 3105 2594 Itaque
3165 2522 3435 2578 debemus
3482 2530 3541 2576 et

1947 2628 2050 2669 nos
2101 2615 2474 2686 arrogantiam
2533 2613 2724 2686 lugere
2771 2629 2896 2684 quae
2959 2612 3182 2668 inimica
3235 2620 3323 2667 est
3382 2610 3537 2666 Deo;

1954 2723 1973 2757 ‹
2005 2705 2131 2773 Qui,
2157 2707 2358 2777 inquit.
2389 2705 2643 2762 Christus
2681 2704 2861 2760 factus
2897 2712 2982 2759 est
3024 2702 3187 2758 nobis
3216 2719 3246 2757 a
3273 2702 3387 2757 Deo
3445 2717 3541 2757 sa-

1949 2797 2177 2868 pientia,
2212 2807 2268 2853 et
2281 2798 2520 2869 justitia,
2547 2807 2604 2853 et
2624 2796 3010 2862 sanctiﬁcatio,
3051 2803 3108 2851 et
3131 2796 3471 2866 redemptio.
3513 2815 3533 2848 ι

1951 2887 2066 2945 Ii'oc
2089 2899 2192 2955 est,
2225 2890 2319 2960 qui
2352 2890 2599 2944 fecitnos
2627 2898 2684 2944 et
2712 2888 2895 2958 justos
2919 2895 2974 2943 et
2999 2895 3220 2942 sanctos
3253 2902 3379 2941 cum
3429 2901 3541 2941 nos

1951 2983 2276 3039 redemisset
2317 2983 2386 3038 ab
2435 2983 2543 3038 illis
2593 2997 2716 3053 qua:
2761 2989 2889 3036 sunt
2926 2981 3047 3036 istis
3084 2977 3538 3037 contraria.Cum

1951 3077 2101 3132 enim
2142 3076 2306 3131 stulta
2327 3075 2643 3148 delegisset,
2675 3073 2857 3130 ell'ccit
2885 3090 2950 3129 ea
2994 3072 3264 3144 sapientia
3290 3080 3346 3126 et
3366 3071 3538 3141 justa.

1962 3188 1980 3222 ι
2015 3169 2120 3237 Qui
2139 3171 2315 3226 factus
2336 3178 2419 3224 est
2437 3169 2597 3224 nobis
2621 3167 2893 3239 sapientia
2923 3183 2952 3222 a
2976 3167 3111 3222 Deo.
3143 3184 3161 3217 ι
3196 3165 3317 3219 Non
3355 3164 3494 3218 dixit
3523 3181 3537 3217 :

243 3261 502 3332 ἐγενηθη
540 3263 672 3332 ἡμῖν
742 3261 904 3330 σοφία
931 3259 1038 3314 ἀπὸ
1075 3257 1273 3312 Θεοῦ.»
1315 3259 1428 3310 Οὐκ
1474 3252 1648 3319 εἶπεν.
1695 3257 1847 3310 Ἐσό-

1956 3261 2243 3332 Sapientes
2271 3278 2371 3317 nos
2400 3261 2608 3326 ell‘ecit,
2647 3260 2742 3316 sed
2767 3260 3062 3314 ostendens
3111 3256 3389 3326 inellabile
3423 3272 3542 3310 mu~

244 3373 424 3427 φιςεν
467 3358 636 3426 ἡμᾶς,
671 3355 829 3420 ἀλλὰ,
862 3355 1077 3415 δεικνὺς
1117 3353 1176 3406 τὸ
1209 3353 1418 3422 ἄφατον
1473 3352 1573 3421 τῆς
1619 3350 1850 3421 δωρεᾶς,

246 3450 436 3522 φησίν
460 3467 475 3480 ·
517 3469 535 3501 ι
571 3448 837 3519 Ἑγενήθη
889 3449 1022 3518 ἡμῖν
1051 3447 1233 3515 σοφία,
1254 3465 1272 3498 ι
1309 3445 1592 3500 τουτέστιν
1615 3485 1629 3507 ,
1661 3444 1852 3498 ἑαυτὸν

245 3542 399 3611 ἡμῖν
453 3539 674 3592 ἔδωκεν.
737 3537 965 3605 Μεγάλαι
995 3537 1165 3589 εἰπὼν
1231 3537 1361 3607 περὶ
1415 3534 1511 3589 τοῦ
1565 3531 1852 3600 Υἱοῦ,οἷον

248 3632 464 3700 σοφίαν
505 3673 520 3695 ,
583 3628 930 3698 δικαιοσύνην
967 3670 982 3694 ,
1037 3629 1308 3698 άγιασμὸν
1339 3668 1351 3690 ,
1432 3625 1848 3698 ἀπολύτρωσιν,

248 3717 596 3793 τέροστίθησι
618 3721 696 3785 τό,
726 3739 745 3770 «
767 3719 900 3772 Ἀπὸ
925 3717 1082 3784 Θεοῦ,
1112 3737 1129 3770 ι
1161 3718 1246 3772 ἵνα
1277 3717 1350 3789 μὴ
1376 3718 1671 3788 ἀγέννητον
1691 3717 1852 3772 αὑτὸν

247 3815 571 3888 ὑπολάϐῃς.
637 3833 655 3866 ι
697 3815 805 3866 Καὶ
867 3812 1317 3886 ἀπολύτρωσις.»
1375 3814 1515 3883 Ὅρα
1580 3813 1697 3876 πῶς
1747 3812 1853 3884 ὁδῷ

248 3908 572 3981 προϐαίνει.
620 3908 843 3978 Πρῶτον
895 3905 1025 3978 γάρ,
1060 3905 1255 3974 σοφοὺς
1284 3907 1539 3975 ποιήσας,
1577 3905 1854 3977 ἀπήλλαξε

245 4000 367 4070 τῆς
433 3997 666 4066 πλάνης,
728 3998 821 4049 καὶ
875 3997 998 4049 τότε
1049 3994 1293 4058 δικαίους
1323 3995 1415 4047 καὶ
1449 3995 1635 4062 ἁγίους
1666 3999 1731 4065 τῇ
1756 3994 1851 4049 τοῦ

248 4092 424 4158 ἁγίου
471 4089 787 4158 Ιινεύματος
838 4087 1207 4157 ἐπιφοιτήσει,
1268 4085 1364 4138 καὶ
1397 4084 1570 4150 οὕτως
1627 4086 1856 4156 ἠλευθέ-

251 4201 414 4256 ρωσε
446 4183 662 4236 πάντων
687 4180 793 4234 τῶν
820 4179 1026 4234 κακῶν.
1092 4198 1110 4230 ι
1136 4177 1306 4232 Τοῦτο
1342 4178 1450 4250 γάρ
1497 4179 1636 4242 ἐστι,
1664 4177 1850 4249 φησιν,

249 4280 285 4347 ἡ
322 4274 732 4345 ἀπολύτρωσις.
765 4273 904 4337 Ἵνα,
964 4272 1147 4335 καθὼς
1206 4271 1540 4342 γέγραπται,
1581 4275 1609 4326 ὁ
1641 4270 1856 4343 καυχώ-

256 4385 434 4440 μενος
472 4367 529 4420 ὲν
570 4367 760 4438 Κυρίῳ
822 4365 1138 4436 καυχάσθω.
1163 4384 1180 4416 ι
1217 4367 1422 4432 Πάντα,
1475 4367 1630 4437 φησὶ,
1659 4365 1853 4432 γέγονε

249 4461 468 4524 ταῦτα,
495 4460 583 4513 ῑνα
623 4460 810 4530 μηδεὶς
841 4459 1036 4514 ἑαυτὸν
1060 4458 1200 4511 εἶναί
1237 4477 1290 4511 τι
1312 4457 1532 4532 νομίζῃ,
1599 4458 1740 4528 μηδέ
1773 4459 1854 4522 εἰς

251 4554 462 4606 ἑαυτὸν
523 4550 860 4620 καυχῶνται,
915 4550 1033 4605 ἀλλ’
1090 4551 1171 4613 είς
1233 4549 1505 4604 τὸνθεόν.
1540 4549 1853 4603 Λίνίττεται

249 4648 314 4701 δὲ
391 4645 612 4708 αὐτούς.
669 4639 850 4698 Ἦσαν
898 4645 1010 4716 γάρ
1088 4661 1237 4709 τινες
1325 4644 1538 4716 μεγάλα
1595 4641 1932 4716 φρονοῦν-1)

248 4756 383 4803 τες.

332 4833 514 4905 Κάγὼ
551 4834 746 4888 ἐλθὼν
796 4833 946 4901 πρὸς
1006 4832 1186 4902 ὑμᾶς,
1243 4833 1514 4904 ἀδελφοί,
1564 4830 1758 4905 ἦλθον
1782 4835 1870 4888 oif

251 4929 399 4984 καθ’
436 4927 748 4996 ὑπεροχὴν
783 4929 971 4996 λόγου
1013 4926 1068 4995 ἢ
1115 4928 1336 4996 σοφίας
1369 4967 1384 4991 ,
1431 4927 1858 4997 καταγγέλλων

251 5021 412 5092 ὑμῖν
435 5019 500 5073 τὸ
517 5020 846 5089 μαρτύριον
883 5019 993 5074 τοῦ
1040 5019 1211 5073 Θεοῦ.
1251 5021 1334 5074 Οὐ
1380 5019 1489 5090 γὰρ
1517 5020 1724 5089 ἔκρινα
1749 5020 1855 5073 τοῦ

251 5111 492 5167 εἰδέναι
513 5128 566 5164 τι
587 5111 656 5164 ἑν
672 5109 815 5180 ὑμῖν
829 5113 880 5165 εὶ
895 5109 981 5180 μὴ
1024 5111 1269 5179 Ἰησοῦν
1287 5112 1685 5180 Χριστὸν-,καί
1721 5113 1856 5167 τοῦ-

251 5222 375 5260 τον
399 5203 884 5274 ἐσταυρωμένον.

337 5294 597 5368 Εἰρηκὼς
621 5297 704 5350 ὅτι
736 5298 770 5369 ή
807 5297 969 5366 σοφία
1011 5297 1328 5368 ὲμωράνθη,
1365 5300 1459 5352 καί¹
1483 5300 1532 5352 οἱ
1570 5299 1856 5364 δοκοῦντες

258 5391 451 5464 μωροὶ
490 5389 843 5459 ὲξελέγησαν,
897 5391 1248 5461 προστίθησι⁹
1298 5393 1406 5447 Καὶ
1455 5391 1566 5461 ἐγῶ
1593 5393 1651 5445 δὲ
1692 5393 1855 5458 αὐτὸς

253 5489 288 5540 ὁ
322 5484 525 5557 κῆρυξ,
577 5484 677 5537 οὐκ
706 5478 870 5554 ἦλθον
895 5483 1283 5554 συλλογισμοῖς
1311 5487 1855 5557 παρεσκευασμένος,

257 5575 366 5630 καὶ
420 5573 587 5646 σοφίᾳ
644 5574 984 5646 ἀνθρωπίνῃ,
1041 5575 1196 5646 φησί.
1248 5594 1267 5628 ι
1309 5577 1548 5648 Λόγουῆ
1582 5579 1794 5648 σοφίας.
1831 5599 1850 5632 ι

257 5667 335 5720 Τί
354 5666 491 5737 γὰρ,
530 5667 578 5718 εί
605 5665 698 5718 καὶ
723 5665 1010 5735 ἠθέλησεν,
1042 5665 1294 5737 ἠδύνατο,
1331 5668 1476 5721 είποι
1505 5686 1610 5733 τις,
1639 5670 1700 5723 τὸ
1716 5666 1858 5726 εἶναι

260 5759 330 5810 ὲν
355 5758 556 5830 coaptat;
603 5758 772 5822 Αὐτὸς
825 5757 922 5826 μὲν
967 5759 1067 5812 οὐκ
1125 5759 1376 5830 ἠδύνατο,
1433 5761 1462 5813 ὁ
1521 5762 1577 5814 δὲ
1624 5763 1858 5834 Χριστὸς

258 5853 506 5922 ἠδύνατο
556 5851 718 5905 αὐτὸν
763 5853 988 5922 ποιῆσαι
1053 5855 1239 5922 σοφὸν,
1292 5857 1341 5908 εί
1394 5855 1684 5926 ἠθέλησεν.
1739 5859 1858 5912 «Τὸ

267 5943 580 6018 μαρτύριον
606 5945 700 6000 τοῦ
727 5945 883 6001 Θεοῦ.
917 5967 935 5998 ι
973 5947 1215 6001 Θάνατον
1249 5947 1357 6017 γὰρ
1397 5947 1611 6017 περιῆει
1644 5948 1854 6014 κηρύσ-

1955 3370 2082 3420 nus,
2115 3355 2190 3409 ait
2228 3371 2243 3410 :
2294 3373 2311 3406 ι
2354 3354 2556 3410 Factus
2583 3363 2664 3410 est
2697 3352 2860 3408 nobis
2893 3349 3198 3422 sapientia;
3237 3367 3256 3400 ι
3291 3347 3398 3402 hoc
3433 3355 3540 3413 est,

1954 3446 2196 3516 seipsum
2229 3447 2390 3502 nobis
2421 3445 2590 3502 dedit.
2614 3445 2752 3500 Cum
2789 3460 2983 3514 magna
3013 3441 3079 3498 de
3112 3441 3250 3496 Filio
3292 3439 3540 3504 dixisset,

1955 3545 2146 3609 utpote
2176 3537 2322 3607 quod
2346 3537 2617 3608 sapientia
2646 3545 2813 3600 esset,
2851 3533 3174 3605 juslilicatio
3221 3547 3284 3586 ac
3327 3532 3543 3585 redem-

1955 3633 2094 3704 ptio,
2122 3631 2314 3688 addit:
2350 3652 2368 3685 ι
2403 3635 2449 3687 Α
2481 3632 2618 3698 Deo,
2654 3651 2671 3683 ι
2709 3647 2778 3686 ne
2809 3629 3113 3701 ingenitum
3137 3643 3264 3682 eum
3296 3624 3543 3695 suspice-

1954 3724 2052 3780 ris.
2079 3742 2098 3777 ι
2143 3723 2222 3780 Ac
2252 3723 2584 3796 redemptio.
2625 3742 2643 3775 ι
2686 3723 2823 3778 Vide
2871 3737 2981 3791 quo
3009 3719 3203 3775 ordine
3255 3719 3543 3790 procedat.

1955 3818 2201 3873 Primum
2227 3818 2449 3890 quidem
2475 3818 2752 3888 sapientes
2777 3815 3024 3871 efficiens
3065 3813 3134 3868 ab
3169 3829 3357 3868 errore
3401 3810 3544 3865 libe-

1955 3913 2118 3977 ravit,
2143 3920 2200 3966 et
2228 3921 2358 3967 tunc
2377 3911 2554 3980 justos
2595 3918 2651 3965 et
2671 3917 2892 3964 sanctos
2915 3907 3344 3977 superventione
3364 3903 3545 3974 Spiri-

1957 4011 2044 4058 tus
2073 4001 2249 4056 sancti
2283 4001 2546 4066 reddidit,
2573 4009 2630 4055 et
2653 4000 2727 4055 ita
2759 4015 2788 4054 a
2821 3999 3040 4054 cunctis
3065 3995 3496 4052 malisliberavit
3521 4011 3537 4062 ;

1955 4111 2082 4150 nam
2114 4095 2220 4150 hoc
2239 4103 2324 4150 est
2341 4085 2682 4164 redemptio.
2713 4111 2730 4144 ι
2767 4091 2859 4157 Ut,
2886 4089 3355 4163 quemadmodum
3407 4087 3543 4142 scri-

1955 4199 2112 4261 ptum
2169 4198 2277 4256 est,
2332 4189 2425 4259 qui
2478 4187 2741 4261 gloriatur
2783 4186 2840 4240 in
2900 4184 3134 4241 Domino
3188 4181 3475 4253 glorietur.
3516 4197 3538 4230 ι.

1955 4283 2170 4345 Omnia.
2201 4281 2403 4352 inquit,
2432 4281 2548 4335 haec
2577 4279 2718 4336 facta
2739 4285 2888 4343 sunt,
2910 4286 3153 4336 utnemo
3175 4275 3417 4345 seipsum
3441 4272 3553 4327 ali-7

1955 4376 2086 4446 quid
2105 4391 2225 4431 esse
2245 4374 2542 4437 existimet,
2569 4388 2749 4444 neque
2771 4372 2824 4426 in
2850 4372 3032 4442 seipso
3055 4367 3344 4441 glorietur,
3365 4365 3460 4419 sed
3485 4364 3542 4418 in

1959 4468 2089 4522 Deo.
2119 4466 2343 4521 Occulte
2373 4475 2557 4520 autem
2577 4465 2922 4536 ipsosnotat;
2946 4478 3072 4534 nam
3100 4468 3259 4517 erant
3279 4456 3536 4513 nonnulli

1956 4561 2342 4634 superbientes
2368 4569 2421 4614 et
2442 4559 2594 4618 elati.
2619 4615 2624 4618 _

2029 4830 2100 4896 ΙῙ,
2126 4829 2246 4884 1-2.
2274 4828 2342 4883 Et
2362 4845 2455 4901 ego
2482 4846 2602 4883 cum
2634 4831 2888 4883 venissem
2923 4827 2994 4882 ad
3021 4844 3130 4893 vos,
3179 4827 3396 4898 fratres,
3423 4832 3563 4885 ueni‘

1959 4938 2064 4976 non
2090 4923 2145 4975 in
2179 4919 2487 4975 excellentia
2512 4921 2770 4973 sermonis
2791 4929 2882 4972 aut
2911 4919 3186 4990 sapientia:
3213 4923 3544 4977 annuntians

1958 5011 2097 5065 vobis
2129 5011 2484 5065 testimonium
2531 5009 2648 5065 Dei.
2685 5009 2804 5063 Non
2833 5011 2970 5064 enim
3006 5011 3246 5080 judicavi
3296 5028 3376 5066 me
3408 5015 3546 5068 scire

1958 5107 2245 5176 quidquam
2291 5106 2426 5159 inter
2457 5121 2546 5158 vos
2596 5105 2698 5158 nisi
2746 5103 2927 5159 Iesum
2975 5104 3262 5173 Christum,
3312 5117 3361 5162 et
3405 5109 3544 5163 hunc

1960 5197 2292 5264 cruciﬁxum.

2021 5296 2156 5352 Cum
2188 5295 2419 5352 dixisset
2448 5296 2596 5367 quod
2619 5295 2886 5367 sapientia
2909 5295 3175 5351 infatuata
3203 5307 3306 5362 cst,
3341 5305 3397 5352 et
3446 5298 3542 5367 qui

1961 5391 2117 5446 stulti
2153 5389 2482 5446 videbantur
2515 5389 2714 5445 delecti
2746 5398 2897 5454 sunt,
2936 5389 3088 5443 addit
3117 5406 3130 5442 :
3166 5388 3236 5442 Et
3269 5403 3370 5457 ego
3397 5387 3538 5458 ipse,

1961 5483 2054 5554 qui
2091 5498 2271 5554 praeco
2295 5498 2416 5538 sum
2442 5490 2498 5539 et
2523 5482 2882 5549 praedicator,
2919 5496 3032 5535 non
3054 5481 3179 5535 veni
3205 5481 3539 5552 syllogismis

1963 5576 2268 5631 instructus
2307 5583 2402 5629 aut
2429 5575 2672 5629 humana
2707 5572 2999 5644 sapientia.
3053 5590 3071 5624 ι
3115 5570 3399 5627 Sermonis
3445 5581 3557 5627 aut.

1964 5670 2264 5740 sapientiae.
2306 5689 2324 5722 ι
2364 5668 2504 5736 Quid
2533 5669 2706 5730 enim,
2745 5667 2912 5722 etiam
2938 5666 2981 5720 si
3004 5663 3289 5727 voluisset,
3340 5664 3558 5723 dixerit-

1963 5762 2256 5834 quispiam,
2296 5778 2427 5816 num
2453 5761 2507 5816 in
2535 5758 2804 5830 sapientia
2841 5757 3051 5811 versari
3073 5756 3344 5826 potuisset
3370 5757 3394 5811 ?
3421 5757 3546 5828 ipse

1964 5854 2188 5925 quidem
2238 5869 2345 5907 non
2373 5851 2666 5921 potuisset,
2692 5857 2748 5903 at
2779 5845 3033 5902 Christus
3063 5845 3334 5917 potuisset
3361 5846 3544 5918 ipsum

1965 5947 2272 6016 sapientem
2325 5943 2542 6000 ellicerc
2599 5941 2644 5998 si
2708 5937 2994 5994 voluisset.
3061 5956 3082 5991 ι
3142 5937 3544 5995 Testimonium
