3880 6566
229 400 326 463 661

1136 395 1524 458 COMMENT.
1562 392 1648 456 ΙΝ
1684 392 1926 455 EPIST.
1959 393 1990 454 Ῑ
2033 394 2127 455 AD
2171 391 2528 454 CORINTH.

3357 394 3497 458 6627-

229 511 466 574 τελείοις.
506 530 525 563 ι
565 509 858 564 Τουτέστιν
905 509 962 562 ἐν
1005 508 1118 573 τοῖς
1149 509 1361 574 πιστοῖς
1385 524 1400 539 ’
1427 508 1624 562 ἐκεῖνοι
1680 505 1790 577 γὰρ

1914 509 2084 562 cetos.
2123 525 2140 556 ι
2184 506 2298 559 lloc
2342 513 2445 568 est,
2482 503 2626 558 inter
2655 500 2882 557 ﬁdeles:
2938 517 3060 556 nam
3092 502 3168 558 illi
3194 475 3502 574 sapientes--

226 605 368 672 σοφοὶ
407 603 504 658 καὶ
530 603 744 666 τέλειοι,
774 603 824 655 οί
867 602 936 656 τὰ
973 601 1287 673 ἀνθρώπινα
1316 600 1663 672 ὑπεριδόντες
1713 600 1788 662 ὡς

226 697 439 768 ἀσθενῆ,
487 697 584 752 καὶ
627 697 746 767 Θεῷ
800 695 1029 760 ἑαυτοὺς
1083 695 1466 758 ὲκδεδωκότες.
1511 713 1528 746 ι
1575 692 1650 747 Οὐ
1697 689 1790 745 τοῦ

224 791 411 854 αἰῶνος
436 789 650 844 τούτου.
686 809 706 841 ι
732 789 934 854 Altino;
965 789 1155 843 τούτου
1179 789 1348 858 λέγει,
1379 788 1466 842 διὰ
1495 787 1554 841 τὸ
1580 789 1794 842 ἐπίκαι-

225 898 311 950 ρον
348 880 550 942 αὐτῶν,
602 881 696 932 καὶ
751 880 910 950 μέχρι
955 879 1050 934 τοῦ
1081 880 1274 943 αἰῶνος
1311 879 1502 934 τούτου
1543 880 1792 941 ἑστάναι,

223 973 312 1028 καὶ
333 974 409 1043 μὴ
427 973 670 1042 προῖέναι
692 973 838 1033 εἰςτὸ
861 972 1071 1043 μέλλον.
1096 993 1113 1025 ι
1138 973 1256 1026 Τῶν
1277 973 1791 1044 καταργουμένων.»

225 1066 327 1118 Καὶ
362 1065 471 1134 γὰρ
506 1064 908 1134 καταργοῢνται
940 1065 1035 1118 καὶ
1063 1068 1440 1135 συμπαύονται
1463 1065 1541 1134 τῷ
1571 1066 1798 1136 παρόντι

223 1157 342 1225 βίῳ,
372 1157 488 1210 ἀλλ’
519 1160 614 1229 οὐχ
644 1160 690 1212 οἱ
721 1158 936 1225 δίκαιοι,
976 1158 1110 1212 ἀλλὰ
1141 1160 1259 1213 τότε
1289 1160 1490 1229 μᾶλλον
1515 1161 1546 1230 ἦ
1590 1159 1685 1212 νῦν
1707 1160 1800 1212 άν-

222 1248 426 1302 θοῦσιν.
467 1249 765 1319 Ἀρχοντας
813 1250 870 1305 δὲ
909 1251 1080 1315 καλεῖ,
1111 1252 1485 1321 αἰνιττόμενος
1512 1252 1639 1314 τοὺς
1669 1250 1800 1320 παρ’

220 1342 406 1404 αὐτοῖς
461 1343 814 1412 φιλοσόφους,
863 1342 1257 1413 λογογράφους,
1303 1345 1556 1414 ῥήτορας,
1607 1343 1655 1396 οἳ
1707 1343 1801 1396 καὶ

219 1433 544 1501 δημαγωγοὶ
591 1433 852 1501 ἐγίνοντο.
891 1453 911 1486 ι
944 1435 1034 1488 Ἐν
1082 1435 1388 1506 μυστηρίῳ,
1429 1454 1447 1487 ›
1483 1435 1802 1502 Μυστήριον

221 1523 399 1589 καλεῖ,
425 1523 487 1576 τδ
522 1525 661 1578 κατὰ
692 1524 927 1594 Χριστδν
953 1526 1240 1596 κήρυγμα,
1271 1527 1350 1578 ὅτι
1391 1525 1616 1594 οὐδεμία
1643 1525 1800 1578 δύνα-

222 1633 313 1685 μις
335 1615 585 1685 οὐρανία,
603 1616 717 1686 ᾔδει
733 1616 863 1670 αὐτὸ
884 1617 990 1687 πρδ
1004 1617 1097 1670 τοῦ
1116 1616 1390 1684 γενέσθαι,
1417 1619 1512 1670 καὶ
1536 1618 1640 1679 ὅτι,
1670 1617 1805 1670 ἄλλοι

217 1709 476 1777 δρῶντες,
491 1709 987 1779 ἄλλαπιστεύομεν.
1003 1711 1048 1762 Χ
1056 1727 1084 1778 ρ
1094 1710 1108 1760 ί
1115 1726 1234 1762 στον
1248 1709 1410 1778 δρῶν,
1424 1709 1499 1772 ὡς
1512 1727 1546 1777 φ
1557 1708 1701 1762 ιλάνθ
1710 1726 1808 1778 pto-

218 1816 319 1853 πον
333 1801 504 1854 σέϐων
521 1801 703 1855 δοῦλον
717 1802 978 1870 γεγονότα
991 1801 1227 1864 ἀκούων,
1247 1801 1345 1871 τῆς
1371 1801 1694 1871 κηδεμονίας
1714 1801 1809 1854 αὑ-

1893 613 1956 652 ac
2004 596 2230 667 perfecti
2276 605 2425 662 sunt,
2470 595 2562 664 qui
2605 596 2836 650 humana
2884 604 3138 665 tanquam
3175 595 3505 652 imbecillia,

1895 687 2285 757 despexerunt,
2315 701 2380 741 ac
2409 701 2529 741 sese
2557 685 2668 740 Deo
2692 683 3057 741 tradiderunt.
3094 686 3258 742 c'Non
3287 687 3470 742 saeculi

1895 781 2082 851 hujus.
2119 799 2137 831 ι
2175 779 2368 834 Saeculi
2405 778 2570 849 hujus
2603 777 2738 832 dicit
2760 787 2988 849 propter
3017 779 3472 850 temporalitatem

1897 874 2164 944 ipsorum,
2206 872 2354 942 quod
2381 888 2490 927 una
2531 889 2655 928 cum
2699 875 2806 929 hoc
2833 873 3033 928 saeculo
3061 873 3380 943 persistant,
3419 881 3476 928 at

1896 981 2008 1022 non
2044 965 2342 1036 procedant
2374 965 2441 1020 ad
2477 964 2742 1018 futurum.
2781 983 2800 1016 ι
2836 964 2939 1032 Qui
2974 963 3286 1021 abolentur.
3326 985 3344 1018 ι
3385 964 3474 1020 Si-

1899 1057 2122 1129 quidem
2160 1066 2377 1112 cessant
2405 1073 2510 1111 una
2543 1072 2666 1113 cum
2698 1058 2950 1126 praesenti
2986 1057 3118 1111 vita.
3155 1057 3224 1110 At
3253 1071 3361 1112 non
3400 1056 3474 1111 ita

1894 1151 2026 1224 justi
2058 1167 2072 1205 :
2127 1151 2262 1220 quin
2303 1149 2486 1220 potius
2525 1148 2723 1204 ﬂorent
2755 1155 2886 1203 tunc
2907 1149 3079 1220 magis
3115 1165 3276 1220 quam
3306 1165 3475 1204 nunc.

1901 1243 2185 1314 Principes
2208 1252 2391 1298 autem
2423 1250 2584 1298 vocat
2607 1261 2620 1297 :
2641 1241 2780 1297 clam
2809 1242 3103 1312 designans
3125 1241 3479 1312 philosophos

1903 1335 1996 1407 qui
2037 1336 2183 1406 apud
2219 1351 2316 1390 eos
2358 1344 2536 1400 erant,
2594 1333 3060 1404 historiographos
3107 1348 3172 1388 ac
3207 1333 3474 1398 rhetores,

1904 1430 1997 1498 qui
2033 1427 2198 1483 etiam
2238 1427 2557 1498 reipublicae
2607 1425 3079 1481 administratores
3125 1424 3254 1480 facti
3298 1431 3476 1479 erant.

1913 1538 1932 1569 ι
1968 1520 2024 1572 ln
2050 1520 2325 1590 mysterio.
2362 1539 2381 1571 ι
2417 1519 2734 1590 Mysterium
2761 1526 2920 1572 vocat
2942 1516 3383 1588 praedicationem
3410 1516 3480 1570 de

1905 1611 2148 1674 Christo,
2205 1613 2334 1681 quia
2379 1626 2557 1680 neque
2610 1612 2717 1666 ulla
2759 1610 2998 1666 cmleslis
3041 1609 3218 1663 virtus
3253 1615 3481 1663 noverat

1907 1702 2042 1756 illud
2076 1703 2394 1772 priusquam
2430 1703 2602 1767 ﬁeret,
2633 1709 2689 1757 et
2713 1701 2842 1772 quia
2869 1703 2972 1756 alia
3011 1701 3261 1756 videmus
3294 1709 3349 1754 et
3375 1699 3505 1753 alia-

1909 1796 2207 1852 credimus.
2234 1795 2516 1852 Christum
2553 1796 2768 1859 videns,
2813 1804 3072 1864 tanquam
3107 1791 3403 1862 benignum
3428 1797 3484 1845 et

217 1891 308 1944 τδν
331 1894 681 1961 προσκυνῶ.ι
700 1895 812 1966 Τὴν
837 1895 1358 1964 ἀποκεκρυμμένην.
1392 1914 1412 1946 ι
1443 1895 1564 1947 Ἔτι
1590 1895 1697 1963 γὰρ
1713 1895 1808 1946 καὶ

1914 1887 2209 1940 humanum
2241 1886 2362 1940 colo
2393 1903 2405 1939 :
2447 1901 2664 1940 servum
2690 1883 3227 1947 audienseﬂ'ectum,
3262 1881 3332 1936 ob
3365 1880 3483 1935 dis-

217 1983 312 2035 νῦν
369 1984 694 2054 κέκρυπται,
722 1989 835 2050 τοῖς
875 1987 972 2058 μὲν
1003 1987 1252 2050 ἀπίστοις
1297 1987 1391 2040 καὶ
1446 1987 1669 2058 σφόδρα,
1701 1988 1812 2049 τοῖς

217 2071 269 2123 δὲ
299 2074 542 2139 πιστοῖς,
570 2074 632 2125 οὐ
669 2073 896 2144 σφόδρα.
939 2092 956 2124 ι
995 2075 1100 2127 Ἢν
1143 2073 1448 2147 προώρισεν
1475 2074 1674 2136 ὁΘεός.
1712 2076 1812 2128 Ἢν

220 2159 424 2225 σοφίαν
453 2158 757 2228 προώρισεν
809 2163 836 2214 ό
876 2161 1084 2230 Πατὴρ,
1143 2162 1296 2233 φησὶ,
1337 2165 1438 2232 τήν
1483 2161 1611 2232 περὶ
1662 2163 1811 2231 ήμᾶς

219 2250 556 2319 κηδεμονίαν
575 2251 1001 2322 ἐνδεικνύμενος,
1032 2254 1117 2306 ἵνα
1142 2255 1290 2324 ἡμᾶς
1309 2256 1377 2308 δι’
1401 2257 1570 2325 αὐτῆς
1589 2255 1808 2326 δοξάσῃ.

219 2342 291 2393 Τὸ
321 2341 413 2405 δὲ,
447 2360 466 2394 ι
497 2343 610 2415 Πρὸ
625 2343 732 2396 τῶν
760 2344 991 2411 αἰώνων,
1021 2364 1039 2396 ι
1079 2345 1246 2416 δηλοῖ,
1282 2347 1552 2401 ωναῖδιον
1569 2348 1702 2417 πρὸς
1725 2348 1814 2400 τὸν

221 2432 472 2504 Πατέρα.
527 2454 545 2485 ι
589 2436 689 2488 Ἦν
743 2435 920 2499 οὐδεὶς
975 2437 1086 2490 τῶν
1137 2439 1438 2507 ἀρχόντων.
1479 2457 1496 2490 ι
1536 2439 1654 2491 ’Ένι
1716 2440 1816 2507 μὲν

219 2523 422 2594 νοῆσαι
471 2524 648 2591 τοῦτο,
685 2526 780 2580 καὶ
823 2527 954 2596 περὶ
1001 2527 1094 2580 τοῦ
1146 2529 1379 2582 Πιλάτου
1420 2529 1513 2583 καὶ
1555 2527 1812 2598 Ἡρώδου.

217 2615 464 2682 ἠγνόουν
493 2618 620 2688 γάρ.
653 2619 774 2671 Ἔτι
825 2619 882 2672 δὲ
933 2620 1028 2674 καὶ
1062 2620 1192 2691 περὶ
1225 2621 1335 2674 τῶν
1383 2621 1688 2692 ἀρχιερέων
1721 2623 1816 2676 καὶ

222 2706 632 2776 γραμματέων,
696 2709 891 2774 οἵτινες
925 2711 1156 2781 ἠγνόουν
1203 2711 1300 2784 τὴν
1333 2713 1420 2767 διὰ
1446 2711 1540 2765 τοῦ
1573 2713 1805 2785 σταυροῦ

140 2870 143 2871 ν
223 2797 320 2849 τοῦ
359 2799 595 2867 Χριστοῦ
635 2801 728 2854 καὶ
760 2802 853 2854 ruﬁ
883 2803 1116 2858 Θανάτου
1150 2804 1446 2874 γινομένην
1470 2805 1804 2875 οἰκονομίαν.

227 2890 389 2942 ’Δνω
419 2891 476 2942 δὲ
529 2893 695 2945 εἰπὼν
736 2894 1000 2965 ἄρχοντας
1043 2894 1135 2948 τοῦ
1189 2896 1384 2960 αἰῶνος
1425 2896 1615 2950 τούτου
1683 2897 1810 2961 τοὺς

223 2979 340 3032 τῶν
389 2981 654 3051 Ἑλλήνων
678 2988 893 3053 σοφοὺς,
926 2985 1019 3040 νῦν
1053 2985 1201 3054 λέγει
1221 2989 1348 3050 τοὺς
1374 2988 1484 3042 τῶν
1519 2988 1807 3044 Ἰουδαίων.

1908 1981 2286 2048 pensationem
2333 1993 2460 2032 eum
2510 1977 2703 2032 adoro.
2759 1995 2778 2028 ι
2817 1974 2948 2042 Quae
2990 1973 3272 2030 recondita
3324 1980 3426 2026 est.
3455 1988 3476 2022 ι

1908 2069 2044 2125 Nam
2075 2077 2131 2123 et
2153 2068 2257 2123 hoc
2286 2084 2504 2138 quoque
2531 2075 2778 2136 tempore
2808 2065 3023 2120 occulta
3053 2072 3158 2129 est,
3186 2061 3482 2118 incredulis

1909 2160 2131 2230 quidem
2171 2160 2547 2222 vehementer,
2591 2157 2945 2214 credentibus
2997 2170 3129 2210 vero
3165 2171 3274 2209 non
3323 2154 3480 2208 adeo.

1918 2274 1936 2306 ι
1975 2253 2148 2320 Quam
2189 2253 2484 2323 prmiinivit
2518 2253 2684 2306 Deus.
2729 2269 2747 2302 ι
2787 2249 3135 2319 Quanquam,
3162 2247 3362 2316 inquit,
3393 2261 3474 2301 sa-

1911 2346 2170 2416 pientiam
2211 2345 2502 2414 praetinivit
2548 2343 2730 2409 Pater,
2781 2341 3077 2397 ostendens
3126 2337 3483 2410 gubernatio-

1910 2453 2058 2501 nem,
2118 2452 2280 2508 quam
2329 2437 2476 2492 circa
2525 2451 2626 2491 nos
2675 2433 2886 2499 habuit,
2925 2441 2985 2488 ut
3026 2447 3126 2503 per
3169 2432 3341 2501 ipsam
3385 2444 3486 2484 nos

1909 2529 2258 2600 glorificaret.
2313 2527 2469 2595 Quod
2527 2536 2712 2582 autem
2760 2526 2834 2581 ait
2875 2542 2890 2580 :
2943 2544 2962 2576 ι
2997 2525 3136 2579 Ante
3183 2520 3378 2578 saecula
3406 2559 3421 2583 ,
3459 2537 3478 2570 ι

1911 2621 2182 2693 signiﬁcat
2209 2619 2640 2693 comternitatem
2679 2633 2804 2674 cum
2843 2618 3022 2673 Patre.
3069 2635 3088 2668 ι
3125 2614 3298 2682 Quam
3326 2627 3486 2667 nemo

1909 2714 2240 2784 principum.
2277 2733 2295 2766 ›
2337 2715 2521 2768 Potest
2546 2711 2769 2781 quidem
2811 2710 2918 2766 hoc
2953 2708 3183 2779 intelligi
3219 2707 3382 2762 etiam
3419 2705 3486 2759 de

1911 2805 2088 2859 Pilato
2119 2812 2174 2858 et
2205 2802 2416 2858 Herode
2446 2819 2459 2854 :
2498 2817 2620 2855 nam
2652 2799 2976 2871 ignorabant
3005 2795 3348 2866 sapientiam.
3383 2794 3487 2848 Po-

1915 2905 2018 2952 test
2066 2904 2123 2950 et
2169 2896 2236 2950 de
2293 2893 2646 2965 pontificibus
2679 2908 2742 2947 ac
2788 2891 2987 2948 scribis
3030 2889 3122 2960 qui
3165 2887 3488 2959 ignorabant

1916 2989 2116 3045 iactam
2142 3004 2239 3058 per
2269 2986 2478 3043 Christi
2502 3001 2720 3042 crucem
2760 2992 2817 3040 et
2857 2991 3088 3038 mortem
3121 2979 3489 3051 dispensatio-

224 3089 384 3128 nem.
425 3074 584 3146 5,33
616 3074 750 3131 Cum
778 3087 961 3132 autem
1005 3078 1161 3147 prius
1189 3081 1516 3151 appellasset
1539 3081 1816 3152 principes
1853 3083 2038 3138 saeculi
2080 3082 2244 3154 hujus
2285 3079 2562 3151 sapientes
2628 3079 2964 3142 Graecorum,
3004 3089 3152 3129 nunc
3218 3071 3352 3128 dicit
3399 3085 3489 3125 sa-

227 3166 456 3237 pientes
494 3167 836 3222 Judaeornm.

305 3260 381 3313 Ei
408 3261 517 3330 γὰρ
543 3262 836 3332 ἔγνωσαν,
869 3265 978 3319 οὐκ
1002 3263 1078 3319 ἂν
1110 3264 1217 3320 τὸν
1234 3265 1454 3335 Κύριον
1487 3265 1596 3335 τῆς
1630 3266 1813 3334 δόξης

1979 3264 2047 3330 Il,
2082 3264 2135 3329 8,
2161 3263 2214 3320 9.
2237 3263 2376 3318 Nam
2399 3264 2443 3318 si
2466 3263 2839 3333 cognovissent,
2856 3276 3185 3331 nequaquam
3206 3257 3486 3312 Dominum
3590 3300 3598 3305 .

227 3353 645 3422 ἐσταύρωκανο
670 3356 850 3422 ἀλλὰ,
881 3358 1070 3424 καθὼς
1104 3357 1446 3427 γέγραπται,
1493 3361 1561 3411 ’Ἀ
1591 3360 1814 3428 dedux-

225 3447 352 3514 μὸς
385 3447 497 3499 οὐκ
543 3443 684 3511 εἶδε,
718 3448 813 3502 καὶ
855 3444 964 3514 οὖς
989 3451 1102 3503 οὐκ
1133 3450 1382 3518 ἤκουσε,
1413 3451 1510 3504 καὶ
1543 3450 1640 3504 ἐπὶ
1672 3467 1816 3518 καρ-

230 3538 382 3592 δίαν
411 3539 726 3607 ἀνθρώπου
767 3543 880 3595 οὐκ
907 3541 1111 3610 ἀνέϐη,
1145 3541 1186 3597 ἂ
1232 3542 1564 3613 ἡτοίμασεν
1600 3545 1632 3597 d
1672 3543 1815 3608 Θεὸς

231 3630 372 3696 τοῖς
399 3629 716 3700 ἀγαπῶσιν
747 3634 955 3688 αὐτόν.
1323 3675 1326 3678 λ

309 3723 536 3794 Ἐπειδὴ
571 3728 682 3789 τοῖς
713 3726 961 3798 ἀνοήτοις
1005 3727 1032 3779 ό
1083 3729 1313 3798 σταυρὸς
1344 3728 1529 3794 ἀδοξία
1561 3727 1699 3781 εἶναι
1732 3728 1817 3782 δοι-

234 3817 352 3876 κεῖ,
385 3818 490 3887 δρα
516 3818 652 3885 πῶς,
680 3819 915 3890 Χριστοῦ
950 3820 1226 3892 μνησθεὶς,
1248 3822 1450 3893 Κύριον
1476 3823 1638 3877 αὑτὸν
1659 3821 1815 3892 δόξης

237 3910 424 3972 καλεῖ,
461 3910 672 3974 δεικνὺς
708 3912 791 3965 ὅτι
839 3911 900 3964 οὐ
951 3913 1112 3983 μόνον
1157 3914 1308 3968 οὐδὲν
1337 3916 1417 3977 εἰς
1461 3914 1618 3978 δόξαν
1678 3931 1816 3982 παρέ

242 4001 459 4072 εὸλάση
508 4004 570 4054 ἐκ
606 4005 698 4056 τοῦ
738 4005 972 4075 σταυροῦ
1012 4008 1105 4059 καὶ
1138 4007 1230 4060 τοῦ
1255 4007 1505 4069 θανάτου,
1547 4008 1684 4060 ἀλλὰ
1725 4009 1817 4060 καὶ

241 4094 453 4163 μᾶλλον
501 4096 592 4148 ἐπὶ
630 4097 1006 4169 φιλανθρωπίᾳ
1053 4099 1331 4169 ἐδοξάσθη.
1361 4128 1428 4142 --
1462 4101 1661 4154 Ἄλλο.
1698 4099 1819 4172 [οι-

240 4186 684 4258 ΚΟΥΜΕΝΙΟΥ]
722 4188 782 4241 Ei
841 4189 940 4258 μὲν
993 4188 1074 4255 τό,
1136 4207 1155 4242 ι
1212 4189 1331 4242 Τῶν
1393 4190 1668 4260 ἀρχόντων
1721 4189 1816 4244 τοῦ

243 4273 444 4335 ~Ed'ivo;
473 4273 662 4326 τούτου
699 4273 844 4347 δέξῃ,
884 4295 901 4328 ι
949 4277 1023 4340 ὡς
1053 4277 1188 4348 πρὸς
1213 4279 1303 4330 τὸν
1342 4278 1585 4349 Ἡρώδην
1614 4282 1705 4332 καὶ
1729 4280 1818 4332 τὸν

244 4366 503 4426 Πιλᾶτον,
536 4365 912 4438 ἀπλουστέρως
934 4369 1148 4439 νοήσεις
1164 4370 1236 4422 ’τὸ
1259 4370 1540 4438 ἑπόμενον.
1563 4390 1581 4422 ι
1609 4373 1666 4423 Ei
1691 4371 1814 4440 γὰρ,

243 4458 438 4526 φησιν,
469 4457 729 4525 ἔγνωσαν,
759 4461 856 4513 οὐκ
886 4460 950 4514 ἂν
973 4461 1064 4515 τὸν
1088 4461 1290 4534 Κύριον
1321 4462 1418 4532 τῆς
1443 4463 1601 4532 δόξης
1621 4463 1818 4518 ἐσταύ·

245 4566 457 4617 ρωσαν.
495 4568 512 4600 ›
544 4550 616 4603 Οὐ
665 4551 774 4621 γὰρ
803 4552 1057 4607 τοσοῦτον
1105 4554 1473 4625 ὲμεμήνεσαν,
1503 4554 1698 4623 φθόνου
1745 4556 1820 4627 μὴ

1911 3356 2096 3428 gloriae
2132 3356 2557 3424 cruciﬁxiuent;
2601 3355 2710 3419 sed,
2755 3351 3193 3424 quemadmodum
3236 3350 3489 3420 scriptum

1913 3455 1990 3502 est
2020 3465 2038 3503 :
2089 3447 2220 3513 ρυω
2255 3446 2437 3503 oculus
2465 3463 2567 3500 non
2591 3447 2738 3510 vidit,
2767 3461 2860 3499 nec
2896 3444 3042 3498 auris
3071 3442 3289 3505 audivit,
3321 3457 3413 3494 nec
3436 3441 3489 3494 ii

1914 3557 2004 3592 cor
2048 3541 2272 3594 hominis
2333 3538 2678 3594 ascenderunt
2715 3553 2834 3609 quia
2883 3536 3206 3607 praeparavit
3242 3533 3381 3588 Deus
3406 3533 3490 3588 di-

1918 3631 2196 3702 ligentibus
2225 3649 2302 3688 se.

1986 3723 2255 3791 Quoniam
2287 3723 2580 3780 insensatis
2608 3740 2741 3779 crux
2767 3722 3067 3794 ignominia
3101 3736 3220 3778 esse
3249 3719 3490 3785 videtur,

1917 3813 2042 3868 vide
2083 3812 2378 3882 quomodo,
2425 3814 2565 3868 facta
2616 3812 2820 3868 Christi
2874 3812 3173 3876 mentione,
3205 3809 3494 3867 Dominum

1918 3903 2105 3974 gloriae
2151 3904 2328 3973 ipsum
2382 3911 2580 3957 vocat:
2636 3902 2934 3958 ostendens
2976 3900 3124 3971 quod
3170 3914 3280 3954 non
3316 3899 3526 3953 solum~

1919 3993 2059 4051 nihil
2100 3993 2179 4047 illi
2208 3993 2275 4047 ad
2316 3993 2544 4063 gloriam
2576 4007 2713 4046 crux
2755 4002 2850 4047 aut
2888 4007 3037 4045 mors
3067 3990 3265 4055 obfuit,
3300 4004 3495 4043 verum

1920 4087 2083 4142 etiam
2137 4086 2208 4141 ob
2266 4085 2665 4140 humanitatem
2725 4100 2823 4140 seu
2877 4084 3268 4154 benignitatem
3324 4081 3500 4151 magis

1921 4177 2260 4249 gloriﬁcatus
2287 4188 2392 4232 est.
2422 4207 2491 4217 —
2518 4175 2700 4233 Aliud.
2727 4176 2782 4230 Si
2817 4176 2868 4230 id
2897 4174 3043 4244 quod
3068 4174 3145 4228 ait
3175 4190 3188 4226 :
3225 4192 3244 4224 ι
3285 4171 3530 4226 Primi--

1922 4285 2054 4340 pum
2083 4269 2266 4324 saeculi
2300 4269 2485 4340 hujus,
2526 4289 2544 4321 |
2583 4283 2684 4338 pro
2722 4267 2936 4323 Herode
2964 4275 3020 4321 et
3059 4267 3234 4321 Pilato
3267 4279 3498 4334 accepe-

1924 4365 2021 4430 ris,
2063 4363 2368 4434 simplicius
2400 4361 2672 4432 intelliges
2708 4359 3175 4429 quod'sequitur:
3223 4375 3239 4407 ι
3284 4355 3420 4410 Nam
3453 4353 3496 4409 si

1925 4459 2329 4530 cognovissent,
2353 4471 2697 4526 nequaquam
2732 4454 3023 4509 Dominum
3055 4450 3243 4523 gloria:
3281 4448 3502 4504 crucifi-

1925 4553 2178 4617 xissent;
2217 4569 2236 4603 ›
2287 4564 2467 4620 neque
2495 4549 2644 4604 enim
2694 4555 2842 4600 tanta
2875 4543 3020 4614 capti
3065 4550 3223 4597 erant
3265 4538 3496 4599 insanin,

246 4642 634 4712 ὑποκειμένου.
674 4644 735 4698 Εἰ
772 4645 830 4697 δὲ
881 4646 1014 4715 πρὸς
1047 4647 1170 4710 τοὺς
1202 4650 1476 4718 ἀρχιερεῖς
1509 4650 1603 4702 καὶ
1637 4667 1813 4721 γραμ-

1927 4659 2052 4699 cum
2085 4657 2180 4698 eos
2201 4656 2312 4696 non
2335 4649 2631 4710 occuparet
2658 4637 2882 4692 invidia.
2918 4635 2972 4690 Si
2997 4648 3128 4687 vero
3148 4647 3250 4701 pro
3277 4629 3499 4700 pontiﬁ-

248 4737 446 4805 ματεῖς
476 4735 722 4797 ἑκλάϐοις
767 4738 815 4790 οἳ
844 4737 1036 4808 ᾔδεσαν
1085 4738 1246 4791 αὑτὸν
1277 4739 1405 4791 ὄντα
1446 4739 1536 4792 τὸν
1590 4742 1822 4811 Χριστὶν

247 4824 371 4894 (καὶ
401 4826 560 4894 δῆλον
592 4826 652 4891 ἐξ
681 4820 755 4880 ὧν
777 4827 958 4896 ἔλεγον
985 4830 1034 4882 οἱ
1071 4832 1307 4901 γεωργοὶ
1340 4830 1434 4884 τοῦ
1465 4831 1820 4900 ἀμπελῶνος·

253 4937 274 4970 σ
311 4917 486 4981 Οὗτός
517 4921 665 4973 ἐστιν
706 4923 734 4974 ό
786 4921 1140 4994 κληρονόμος,
1205 4923 1357 4976 δεῦτε
1416 4923 1824 4994 ἀποκτείνωμεν

249 5011 442 5074 αὑτὸν,
472 5011 568 5065 καὶ
589 5015 616 5066 ὁ
647 5013 911 5084 ἀμπελῶν
942 5015 1099 5085 ἡμῶν
1125 5015 1297 5081 ἔσται,
1333 5036 1350 5069 ι
1384 5016 1518 5070 ἀλλὰ
1539 5015 1617 5085 τῷ
1647 5017 1825 5086 φθόνῳ

250 5101 764 5174 ἀπετυιρλώθησαν),
812 5103 985 5168 οὕτως
1033 5107 1247 5174 νοήσεις
1294 5107 1356 5160 τὸ
1405 5107 1578 5173 κάτω,
1622 5109 1726 5172 ὅτι,
1763 5107 1826 5160 Ei

251 5192 524 5260 ἔγνωσαν,
558 5196 742 5265 φησιν,
773 5197 855 5249 ὅτι
880 5197 1115 5269 τοσαύτη
1141 5198 1292 5251 ἔσται
1312 5203 1421 5263 τοῖς
1442 5200 1619 5254 ἔθνεσι
1649 5216 1827 5271 σωτη-
1851 5238 1854 5239 ν

257 5286 348 5354 pia.
368 5288 436 5339 ὲκ
465 5285 559 5339 τοῦ
590 5288 844 5357 σταυροῦ,
881 5290 988 5344 οὐδ’
1018 5291 1085 5344 ἂν
1111 5288 1274 5362 ἦλθον
1296 5293 1374 5354 είς
1395 5292 1456 5345 τὸ
1489 5291 1852 5364 σταυρῶσαιί.

255 5377 586 5448 ἑκτήκεσθαι
623 5379 823 5448 μᾶλλον
857 5382 921 5434 ὲκ
949 5381 1041 5434 τοῦ
1072 5381 1290 5450 φθόνου,
1310 5381 1644 5454 αἱρούμενοι,
1673 5381 1705 5451 ἢ
1743 5382 1827 5434 ἴνα

259 5468 406 5539 σωθῇ
438 5468 505 5522 τὰ
539 5469 666 5541 ἔθνη
699 5471 794 5524 καὶ
827 5471 1031 5544 ἐκϐάλῃ
1062 5474 1278 5540 αὐτοὺς,
1328 5475 1422 5526 καὶ
1458 5475 1824 5543 ὰντικαταστῇ

260 5561 340 5622 είς
365 5561 459 5613 τὸν
485 5560 645 5615 τόπον
693 5562 892 5616 αὐτῶν.
919 5595 992 5606 -—
1021 5564 1222 5618 Ἄλλο.
1273 5562 1509 5636 [1ΩΑΝ.]
1541 5562 1827 5631 Εύκαίρως

262 5649 468 5723 Κύριον
497 5651 653 5723 δόξης
679 5652 954 5710 ἐκάλεσεν.
988 5654 1205 5727 Ἐπειδὴ
1227 5656 1334 5726 γὰρ
1364 5657 1392 5710 ὁ
1434 5656 1669 5725 σταυρὺς
1705 5652 1828 5708 ἀδο-

345 5833 388 5864 ⁷¹
421 5830 612 5888 Μοιιιι.
649 5846 762 5898 xxi,
799 5833 888 5887 58.

1925 4735 2086 4790 cibus
2113 4744 2170 4788 et
2196 4732 2487 4803 pharisaeis
2512 4727 2792 4800 acceperis
2815 4767 2828 4792 ,
2880 4725 2972 4796 qui
3017 4730 3284 4778 noverant
3320 4719 3499 4790 ipsum

1924 4842 2046 4883 esse
2090 4824 2371 4881 Christum
2423 4822 2609 4894 (idque
2642 4835 2709 4874 ex
2753 4835 2820 4874 eo
2864 4817 3212 4872 manifestum
3241 4823 3323 4868 est
3353 4811 3500 4882 quod

1927 4918 2197 4974 dicebant
2213 4916 2456 4971 cultores
2485 4913 2690 4968 vineae:
2717 4929 2734 4962 ι
2762 4909 2862 4965 Hic
2886 4919 2971 4963 est
2991 4908 3186 4971 hazres,
3213 4905 3376 4975 agite,
3407 4918 3498 4957 oc—

1929 5011 2180 5066 eidamus
2207 5014 2426 5070 eum,et
2452 5004 2614 5059 vinea
2639 5003 2746 5058 erit
2770 5008 2955 5055 nostra
2984 5001 3026 5030 τι
3056 5015 3072 5064 ;
3115 5016 3134 5050 ι
3164 4995 3269 5051 Sed
3297 4993 3501 5048 invidia
3539 5033 3543 5036 .

1932 5100 2190 5156 excaecati
2212 5097 2386 5168 sunt),
2414 5105 2543 5151 tunc
2571 5094 2718 5165 quod
2747 5093 2974 5148 inferius
2997 5090 3218 5146 additur
3241 5089 3320 5143 sic
3344 5085 3504 5140 intel-

1931 5196 2066 5264 liges
2094 5212 2107 5247 :
2136 5191 2192 5248 Si
2219 5191 2604 5262 cognovissent
2633 5187 2779 5258 quod
2809 5203 2839 5241 a
2875 5201 3038 5240 cruce
3072 5193 3218 5238 tanta
3251 5179 3504 5252 gentibus

1928 5285 2112 5340 futura
2160 5282 2327 5346 salus,
2368 5293 2708 5348 nequaquam
2767 5275 2835 5331 ad
2880 5275 2985 5329 hoc
3017 5271 3393 5343 pervenissent
3445 5274 3538 5320 ut.

1930 5391 2057 5432 eum
2080 5372 2469 5443 cruciﬁgerent
2494 5386 2509 5423 ι
2533 5370 2797 5440 eligentes
2817 5367 2998 5438 potius
3020 5363 3224 5419 invidia
3256 5360 3504 5415 tabesce-

1933 5482 2018 5531 re,
2067 5479 2232 5535 quam
2263 5471 2323 5517 ut
2356 5469 2546 5533 gentes
2579 5460 2741 5514 salvae
2775 5458 2989 5518 tierent,
3033 5464 3089 5510 et
3137 5453 3270 5522 ipsis
3315 5447 3504 5519 ejectis
3539 5491 3545 5497 .

1933 5543 2040 5614 illa:
2063 5573 2254 5612 eorum
2281 5556 2404 5611 loco
2425 5549 3025 5610 substituerentur.~-—A
3036 5546 3164 5600 liud.
3187 5543 3505 5612 Opportune
3537 5570 3544 5577 -

1940 5650 2228 5706 Dominum
2276 5646 2461 5719 gloriae
2513 5643 2826 5716 appellavit.
2880 5640 3012 5694 Nam
3068 5635 3322 5706 quoniam
3372 5645 3556 5688 crux-
