3880 6570
422 369 529 433 663
1467 367 1871 430 CECUMENII
1905 365 2201 428 TRICCE
2239 369 2583 433 EPISCOPI
3537 384 3622 442 επ

419 479 740 553 ignominia:
789 493 912 537 esse
951 479 1261 545 videbatur,
1298 480 1540 536 ostendit
1576 495 1696 535 eam
1743 496 1865 535 esse
1898 496 1948 533 tn

2117 483 2234 548 ξὶας
2273 479 2414 538 εἶναι
2442 483 2609 548 δοκεῖ,
2635 484 2905 552 δείκνυσιν
2953 483 3036 536 ὅτι
3085 481 3286 553 μεγάλη
3317 482 3432 550 δόξα
3466 487 3625 546 ἐστὶνὸ

420 591 582 647 gnam
635 575 865 646 gloriam
921 592 936 628 :
993 595 1010 626 ι
1045 573 1176 640 Quae
1213 573 1537 643 pizeparavit
1582 574 1747 628 Deus.
1795 592 1813 624 ι
1880 571 1952 639 Qu

2116 577 2369 648 σταυρός.
2406 595 2424 628 ι
2463 578 2530 630 Ἀ
2553 575 2611 629 δὲ
2642 575 2942 647 ἡτοίμασεν
2967 577 2995 629 ὁ
3019 575 3168 638 Θεός.
3195 593 3213 628 ι
3250 577 3310 629 Τί
3336 577 3387 630 δὲ
3413 580 3625 650 ἡτοίμασε

424 681 609 724 autent
647 668 973 739 praeparavit
1021 667 1166 722 Deus
1196 666 1554 738 diligentibus
1579 681 1636 722 se
1669 667 1692 719 ?
1727 665 1951 722 Christu

2115 672 2228 734 τοῖς
2267 669 2557 738 ἀγαπῶσιν
2592 672 2795 738 αὑτόνς
2827 669 2917 724 τδν
2949 669 3183 740 Χριστὸν
3209 669 3412 742 δηλαδὴ,
3447 673 3530 725 καὶ
3553 675 3628 745 τὴν

422 762 683 816 videlicet
712 777 776 814 ac
818 760 1069 824 salutem,
1102 774 1222 828 quae
1269 774 1367 829 per
1400 758 1834 814 incarnationem
1873 757 1954 811 fac

2114 761 2202 817 διὰ
2230 763 2326 833 τῆς
2378 763 2850 835 ὲνανθρωπήσεως
2901 761 3192 832 σωτηρίαν.
3222 763 3540 829 Ἀγαπῶντας
3570 766 3627 831 δὲ,

421 861 525 908 est.
575 851 874 922 Diligentcs
916 858 1099 905 autem
1153 850 1439 921 Scriptura
1493 859 1654 906 vocat
1699 849 1953 906 credente

2115 854 2243 918 τοῦς
2278 857 2680 920 πιστεύσαντας
2713 855 2868 909 καλεῖ
2893 857 2926 926 ἠ
2948 855 3166 926 Γραφή.
3198 855 3304 907 Καὶ
3333 856 3436 919 πῶς
3465 858 3541 919 οὓς
3555 860 3630 913 οὐκ

424 945 532 1001 Sed
578 944 877 1015 quomodo,
933 943 1032 1009 ait,
1076 943 1228 998 auris
1277 959 1385 998 non
1421 943 1649 1001 audivit.
1687 958 1789 997 nec
1833 942 1886 996 in
1920 957 1956 997 ct

2116 945 2341 1016 ἤκουσε,
2376 947 2472 1001 καὶ
2504 948 2597 1001 ἐπὶ
2637 948 2867 1018 καρδίαν
2899 946 3188 1017 ἀνθρώπου
3223 947 3320 1000 οῦκ
3351 948 3520 1019 ἀνέϐη,
3551 951 3633 1005 τῶν

420 1035 662 1092 hominis
708 1035 1096 1091 ascenderunt.
1150 1050 1274 1089 eum
1317 1035 1494 1089 sancti
1553 1034 1832 1105 praphetae
1861 1033 1945 1103 pri

2117 1037 2290 1107 ἁγίων
2307 1025 2626 1110 προφητῶν,
2650 1056 2723 1109 φη
2733 1040 2805 1104 al,
2825 1039 3278 1110 προακουσάντων
3294 1039 3351 1092 τδ
3369 1043 3633 1111 μηστήριονς

421 1128 738 1184 audiverint
759 1128 1116 1200 mysterium?
1143 1126 1465 1182 Etdicimus
1491 1127 1636 1181 aliud
1662 1142 1780 1181 esse
1797 1126 1953 1181 audis

2118 1133 2229 1188 Καί
2259 1153 2464 1206 φαμεν,
2491 1136 2573 1190 ὅτι
2607 1134 2795 1206 ἕτερόν
2819 1134 2874 1188 τί
2904 1136 3018 1189 ἐστι
3046 1134 3107 1189 τὸ
3129 1135 3203 1199 ὠς
3228 1135 3488 1206 ἄνθρωπον
3510 1139 3639 1192 ἀκοῦ-

424 1233 483 1278 ut
508 1222 811 1288 hominem,
843 1221 1066 1276 etaliud
1101 1220 1322 1276 audisse
1355 1228 1414 1275 ut
1459 1220 1809 1291 pr0plietam.
1849 1217 1950 1272 lsai

2120 1243 2234 1294 σαι,
2275 1229 2372 1282 καὶ
2417 1227 2605 1299 ἕτερον
2641 1227 2703 1282 τὸ
2751 1228 2826 1292 ὡς
2856 1229 3165 1300 προφήτην.
3201 1228 3419 1297 Καὶγάρ
3457 1229 3637 1294 Ἠσαίας

420 1313 568 1368 enim
585 1310 720 1367 dicit
745 1331 758 1366 :
783 1333 800 1363 ι
827 1310 1058 1366 Addidit
1079 1311 1214 1364 mihi
1238 1319 1422 1365 autem
1447 1310 1514 1365 ad
1539 1307 1876 1363 audiendum
1895 1308 1952 1358 ⁷³η

2121 1319 2256 1392 φησί
2280 1335 2296 1352 ο
2336 1338 2354 1370 α
2391 1319 2707 1390 Προσέθηκέ
2734 1336 2825 1388 μοι
2879 1318 3041 1372 ὠτίον
3071 1319 3151 1382 είς
3175 1317 3238 1371 τὸ
3257 1317 3494 1382 ἀκοῦσαι,
3525 1321 3638 1374 »οὐκ

422 1427 535 1467 non
571 1410 719 1482 quod
768 1419 929 1465 antea
981 1425 1117 1464 aure
1169 1408 1412 1463 hominis
1459 1406 1759 1462 destitutus
1796 1404 1954 1460 fuisse

2121 1411 2311 1483 ἐπειδὴ
2335 1410 2580 1465 ἐνέλιπεν
2619 1409 2769 1480 αὐτῷ
2797 1404 2889 1470 οὖς
2918 1409 3230 1482 ἀνθρώπου,
3270 1408 3378 1463 ἀλλ’
3415 1409 3486 1463 ὅτι
3509 1427 3640 1482 προσ-

424 1502 524 1558 sed
550 1501 698 1572 quod
727 1502 1008 1572 prophette
1040 1516 1234 1577 aurem
1263 1499 1587 1569 accepisset.

1274 1499 1587 1569 accepisset.
2123 1504 2347 1560 ελάὸετο
2382 1504 2479 1559 τοῦ
2501 1507 2806 1577 προφήτου.

491 1587 657 1660 434
694 1588 762 1653 Il,
799 1587 883 1654 l0,
926 1587 1012 1642 11.
1048 1587 1209 1641 Nobis
1249 1599 1427 1641 autem
1459 1586 1601 1641 Dens
1647 1586 1894 1640 reuelauit
1927 1603 2020 1658 per

2208 1597 2381 1668 Ἡμῖν
2419 1597 2488 1651 δὲ
2518 1601 2551 1653 δ
2590 1598 2733 1664 Θεὸς
2764 1595 3128 1666 ἀπεκάλυψας
3151 1595 3247 1650 διὰ
3277 1595 3378 1650 τοῦ
3414 1594 3641 1663 Πνεῦμα-

421 1677 678 1748 Spiritum
709 1695 884 1732 suum.
910 1676 1048 1732 Nam
1067 1676 1298 1748 Spiritus
1323 1687 1509 1732 cuncta
1544 1685 1836 1742 scrutatur,
1858 1679 1953 1732 etia

2125 1708 2225 1758 τος
2253 1690 2462 1745 αὑτοῦ.
2493 1689 2564 1744 Τὸ
2593 1687 2705 1758 γὰρ
2755 1687 3002 1757 Πνεῦμα
3027 1686 3224 1742 πάντα
3243 1684 3462 1756 ἐρευνᾷ,
3484 1687 3567 1740 καί
3590 1685 3643 1739 τὰ

423 1771 690 1842 profunda
721 1770 834 1829 Dei.
863 1770 996 1838 Quis
1019 1773 1159 1825 enim
1181 1773 1321 1826 novit
1355 1789 1471 1842 qua:
1503 1780 1624 1826 sunt
1655 1771 1897 1829 hominis.
1919 1788 1951 1824 η

429 1865 639 1886 -..Ξ-3.---
674 1864 890 1886 1-4ν---3--3-
934 1864 1016 1886 ---3
1053 1874 1117 1886 --ι
1143 1865 1191 1886 Β--
1245 1866 1335 1886 --Ω
1365 1862 1445 1886 σε-
1484 1873 1524 1886 ,Α
1564 1881 1613 1886 ,μ
1649 1879 1758 1886 --μι-
1796 1862 1883 1886 "-3
1902 1880 1954 1886 ,μ

2123 1783 2288 1851 ,ϐάθη
2319 1783 2426 1838 τοῦ
2461 1781 2630 1838 Θεοῦ.
2671 1781 2769 1848 Τις
2797 1779 2910 1850 γὰρ
2952 1776 3120 1835 οἶδεν
3155 1777 3464 1846 ἀνθρώπων
3480 1778 3541 1831 τὰ
3565 1777 3642 1831 τοῦ

422 1865 640 1933 spiritus
668 1864 892 1918 hominis
926 1864 1016 1935 qui
1044 1865 1192 1917 estin
1235 1866 1335 1918 eo?
1359 1862 1445 1920 Sic
1475 1873 1524 1919 et
1554 1881 1615 1920 ea
1641 1879 1758 1935 quae
1785 1862 1954 1917 Deisu

2122 1877 2464 1946 ἀνθρώπου,
2493 1877 2547 1929 εί
2571 1873 2659 1945 μὴ
2697 1873 2763 1928 τὸ
2790 1873 3029 1943 πνεῦμα
3063 1871 3171 1926 τοῦ
3208 1869 3499 1938 ἀγορά-που
3519 1870 3573 1924 τὸ
3594 1870 3645 1924 ἐν

425 1973 577 2011 nemo
610 1957 770 2021 nouit,
800 1958 900 2012 nisi
931 1954 1164 2024 Spiritus
1195 1956 1306 2012 Dei.

2120 1967 2316 2034 adeo"):
2341 1967 2540 2032 οὕτως
2563 1967 2664 2020 καί
2694 1965 2768 2020 τὰ
2783 1965 2889 2020 τοῦ
2919 1963 3070 2020 Θεοῦ
3090 1962 3292 2029 οὐδεὶς
3319 1959 3490 2028 οἶδεν,
3521 1964 3564 2015 εὶ
3578 1962 3642 2031 μὴ

2119 2062 2187 2114 τὸ
2217 2059 2462 2130 Πνεῦμα
2490 2057 2596 2112 τοῦ
2639 2057 2811 2112 Θεοῦ.

496 2135 553 2191 Si
595 2134 765 2206 igitur
790 2135 975 2191 nullus
1009 2135 1184 2202 novit,
1221 2151 1337 2200 vos,
1379 2136 1580 2208 inquit,
1621 2137 1900 2206 quomodo
1929 2137 2017 2192 di-

2191 2152 2256 2206 Εί
2281 2148 2573 2220 οὗνςοὺδεὶς
2595 2149 2759 2218 ἔγνω,
2792 2149 2972 2218 ὑμεῖς,
3002 2143 3162 2216 φησι,
3188 2141 3302 2206 πῶς
3327 2139 3643 2214 μεμαθήκατε;

424 2230 682 2286 dicistis?
721 2229 860 2296 Quia
900 2231 1066 2296 Deus,
1093 2231 1192 2296 ait,
1226 2230 1388 2286 nobis
1423 2231 1689 2287 revelavit
1718 2247 1817 2302 per
1840 2231 1956 2302 Spit

2121 2248 2267 2313 Ὅτι,
2301 2245 2488 2317 φησιν,
2518 2246 2547 2298 ὁ
2576 2243 2708 2306 Θεὸς
2747 2244 2881 2312 ἡμῖν
2906 2239 2994 2293 διὰ
3025 2237 3122 2292 τοῦ
3157 2235 3456 2306 Πνεῦματος
3481 2233 3643 2286 ἀπεκά-

430 2333 571 2390 tum,
599 2340 707 2378 non
740 2340 838 2393 per
869 2324 1166 2378 humanam
1192 2323 1540 2394 sapientiam.
1579 2321 1704 2378 llaec
1725 2324 1873 2378 enim
1911 2340 1962 2378 ιι(

2120 2338 2309 2408 λυψεν,
2331 2337 2393 2392 οὐ
2410 2337 2478 2390 δι’
2496 2334 2848 2406 ἀνθρωπίνης
2875 2332 3088 2402 σοφίας.
3114 2327 3264 2396 Αὕτη
3297 2326 3399 2395 γὰρ
3419 2327 3505 2379 οὐκ
3523 2324 3646 2393 ἠξιὼ-

424 2427 509 2472 est
541 2417 727 2471 habita
750 2418 913 2488 digna
937 2433 1059 2486 quae
1090 2416 1275 2471 videat
1302 2417 1584 2487 mysteria.
1615 2418 1751 2472 Nam
1779 2417 1951 2486 Spirit

2178 2451 2188 2504 ι
2229 2431 2356 2485 ίδεϊν
2395 2429 2466 2483 τὰ
2516 2428 2812 2500 μυστήρια.
2844 2425 2918 2478 Τὸ
2950 2426 3060 2493 γὰρ
3093 2421 3317 2491 Πνεῦμα
3354 2421 3510 2474 πάντα
3533 2421 3647 2488 ipsa-

426 2518 627 2563 cuncta
661 2517 964 2564 scrutatur.
997 2508 1207 2563 Deinde
1230 2509 1472 2563 ostendit
1495 2509 1639 2580 quod
1671 2509 1958 2580 potissimu

2123 2527 2211 2596 νᾷ.
2244 2521 2376 2578 Εἶτα
2409 2522 2652 2576 δείκνυσι
2692 2520 2751 2574 τὸ
2808 2518 3069 2590 μέγιστον
3121 2515 3221 2586 τῆς
3252 2512 3490 2581 τοιαύτης
3515 2511 3645 2582 μαθή-

424 2611 510 2656 cst
534 2600 588 2655 in
616 2601 717 2654 hac
741 2600 1054 2670 disciplina.
1085 2600 1201 2654 Nisi
1227 2600 1376 2655 enim
1401 2599 1646 2671 Spiritus
1673 2617 1774 2657 nos
1804 2600 1956 2656 docui

2125 2636 2286 2682 σεως.
2317 2619 2380 2670 Εί
2414 2616 2490 2687 μὴ
2516 2615 2627 2686 γὰρ
2666 2613 2727 2667 τὸ
2753 2611 3004 2682 Πνεῦμα,
3037 2610 3197 2680 φησὶ,
3240 2606 3302 2659 τὸ
3338 2606 3426 2660 καὶ
3455 2604 3511 2657 τὰ
3544 2601 3644 2673 βάθη

426 2690 548 2758 set,’
569 2693 880 2762 inquit,qui
915 2693 1010 2748 Dei
1045 2709 1264 2764 quoque
1301 2693 1574 2765 profunda
1602 2694 1776 2759 novit,
1807 2711 1952 2765 nequ

2121 2710 2215 2765 τοῦ
2247 2708 2383 2764 Θεοῦ
2408 2710 2797 2776 ἐπιστάμενον,
2825 2702 3067 2770 ἐδίδαξεν
3090 2701 3265 2773 ἡμᾶς,
3294 2699 3390 2752 οὐκ
3416 2697 3475 2751 ἂν
3497 2695 3646 2766 ἡδυνήσ

425 2801 593 2856 quam
631 2785 774 2841 scire
811 2787 1186 2856 potuissemus
1219 2805 1234 2854 ;
1269 2803 1394 2842 nam
1435 2787 1540 2843 hoc
1586 2789 1905 2859 mysterium
1937 2805 1957 2844 e

2124 2804 2299 2874 θημεν
2328 2801 2542 2873 μαθεῖν.
2576 2799 2668 2854 Ἐν
2699 2800 2814 2861 τοῖς
2842 2795 3187 2866 ἀπορρήτοις
3227 2792 3334 2863 γὰρ
3370 2788 3432 2861 ἦν
3458 2790 3510 2843 τὸ
3546 2803 3646 2859 μυσ-

429 2879 577 2934 inter
603 2878 1017 2944 inenarrabilia,
1052 2879 1175 2934 ideo
1205 2896 1427 2952 quoque
1464 2880 1674 2952 Spiritu
1707 2883 1866 2940 nobis
1881 2899 1961 2954 Opl

2121 2897 2310 2966 τήριον
2331 2893 2509 2949 τοῦτο.
2528 2893 2620 2945 Διδ
2649 2891 2743 2944 καὶ
2769 2889 2863 2944 τοῦ
2887 2887 3214 2958 Πνεῦματος
3245 2883 3519 2956 ἐδεήθημεν
3541 2879 3648 2932 διδα-

427 2979 547 3027 erat
584 2980 942 3042 praceptore.
978 2971 1139 3040 Quod
1171 2983 1357 3029 autem
1387 2974 1466 3030 ait
1518 2993 1530 3028 :
1575 2993 1594 3027 ι
1632 2974 1947 3044 Scrutatur,

2125 2989 2348 3044 σκάλου.
2394 2986 2466 3040 Τὸ
2508 2986 2585 3053 δὲ,
2629 3003 2647 3036 ι
2681 2983 2934 3054 Ἐρευνᾷ,
2979 2999 2998 3034 ι
3025 2981 3129 3035 οὐκ
3177 2976 3394 3048 ἀγνοίας
3437 2971 3648 3028 δεικτικόν

427 3079 540 3118 non
567 3062 889 3135 ignorantia:
921 3065 1265 3119 ostensivum
1296 3074 1404 3134 est,
1438 3065 1534 3120 sed
1574 3082 1605 3122 e
1638 3067 1858 3124 diverso
1890 3083 1955 3124 ex

2123 3083 2295 3143 ἐστιν,
2326 3077 2460 3132 ἀλλά
2494 3075 2828 3138 τουναντίον,
2870 3071 3136 3143 ἀκριϐοῦς
3167 3069 3430 3140 γνώσεως.
3471 3065 3522 3119 '0
3541 3063 3584 3116 δὲ
3609 3063 3648 3114 ἐν

427 3165 532 3211 etas
559 3156 743 3226 potius
772 3156 1128 3227 cognitionis.
1167 3158 1335 3214 Divus
1364 3158 1664 3229 Gregorius
1707 3160 1782 3214 ita
1815 3160 1959 3216 intell

2134 3173 2311 3241 ἁγίοις
2348 3171 2646 3244 Γρηγόριος
2680 3167 2855 3232 οὕτως
2884 3182 2899 3196 ⁶
2938 3167 3054 3236 Οὺχ
3091 3166 3171 3228 ὡς
3199 3159 3647 3233 περιεργαζόμενον,

427 3249 548 3321 git':
576 3249 694 3304 Non
715 3249 862 3320 quod
892 3249 1131 3320 Spiritus
1145 3251 1362 3307 curiose
1393 3251 1635 3322 indaget,
1663 3253 1759 3308 sed
1791 3253 1940 3324 quod

2125 3265 2240 3319 ἀλλ’
2292 3263 2367 3327 ὡς
2401 3260 2684 3332 ἐντρυφῶν
2732 3262 2800 3329 τῇ
2854 3258 3081 3330 θεωρία.
3117 3277 3137 3310 ι
3185 3255 3296 3310 Καὶ
3320 3254 3386 3308 τὰ
3434 3250 3551 3323 βάθη
3579 3244 3647 3301 τοῦ

429 3340 896 3412 contemplatione
923 3342 1254 3398 delectetur.
1282 3363 1299 3396 ι
1339 3344 1516 3398 Etiam
1544 3344 1814 3415 profunda
1841 3346 1960 3400 Dei;

2124 3355 2282 3411 Θεοῦ.
2319 3373 2338 3408 ι
2369 3383 2434 3394 -
2461 3349 2758 3426 [ΣΕΥΗΡ.]
2808 3349 2960 3421 Bson
2991 3348 3087 3403 τοῦ
3133 3348 3271 3403 Θεοῦ
3295 3346 3454 3415 λέγει,
3481 3337 3646 3409 τὰς

430 3427 708 3482 Profunda
743 3429 840 3484 Dei
863 3431 1101 3500 appellat
1144 3433 1605 3501 profumlissiutas
1634 3434 1828 3505 ipsius,
1850 3451 1962 3489 ma:

2125 3451 2358 3513 θυτάτας
2382 3448 2546 3502 αὑτοῦ
2576 3448 2670 3501 καὶ
2689 3442 3154 3507 διαλανθανοῦσας
3181 3443 3328 3512 ἡμᾶς
3369 3431 3642 3502 οἰκονομίας-

430 3535 627 3590 meque
657 3537 761 3576 nos
785 3521 1023 3578 latentes
1072 3523 1468 3595 dispositiones
1521 3542 1619 3582 seu
1651 3527 1962 3598 dispensatil

2123 3563 2197 3580 --
2226 3538 2479 3603 Ἄλλως.
2518 3532 2806 3608 [ΚΥΡΙΛ.]
2831 3531 2980 3604 Βάθη
3003 3531 3100 3585 τοῦ
3121 3530 3260 3584 Θεοῦ
3287 3530 3387 3582 εἰσι
3408 3525 3502 3579 τῶν
3529 3519 3647 3592 ἱερῶν

430 3625 553 3666 nes.
582 3639 652 3651 —-
679 3611 801 3666 Alio
824 3614 996 3668 modo.
1019 3615 1298 3670 Profunda
1325 3617 1419 3671 Dei
1440 3627 1570 3674 sunt
1599 3635 1879 3674 sacrarum
1909 3620 1962 3675 Li

2123 3630 2472 3702 γραμμάτων
2502 3629 2536 3699 ἡ
2567 3626 2930 3699 κεκρυμμένη
2969 3624 3064 3678 καὶ
3111 3623 3373 3684 ἀπόθετος
3395 3615 3583 3687 γνῶσις,
3602 3611 3649 3682 ἣν

433 3712 679 3756 terarum
714 3706 927 3759 occulta
955 3720 1019 3760 ac
1050 3706 1334 3762 recondita
1378 3708 1643 3779 cognitio,
1685 3726 1808 3764 cum
1845 3710 1965 3781 Spir

2121 3723 2260 3787 ιίδδς
2278 3721 2339 3775 τὸ
2356 3721 2580 3790 Πνεῦμα
2609 3721 2731 3782 ταῖς
2757 3717 2866 3771 τῶν
2895 3716 3068 3786 ἀγίων
3091 3714 3456 3769 ἀποκαλύπτει
3474 3704 3645 3777 ψυχαῖς.

436 3803 526 3850 tus
545 3795 640 3865 qui
660 3797 832 3861 novit,
856 3805 1174 3853 sanctorum
1204 3800 1412 3855 revelat
1441 3801 1751 3868 animabus,
1776 3802 1968 3859 divina:

2123 3814 2267 3868 θεῖόν
2283 3830 2406 3867 τινα
2417 3811 2541 3866 νοῦν
2556 3811 2855 3879 ἀποφαῖνον
2887 3811 2945 3862 ἐν
2963 3809 3172 3871 αὐτοῖς.
3198 3826 3217 3858 ι
3246 3805 3308 3859 Εἰ
3329 3802 3400 3874 μὴ
3423 3800 3476 3854 τὸ
3487 3792 3651 3863 πνεῦμα

433 3888 729 3956 quamdam
787 3889 1212 3960 intelligentiam
1265 3893 1320 3949 in
1371 3894 1456 3949 eis
1512 3895 1799 3950 exhibens.
1846 3916 1864 3948 ι
1900 3897 1964 3952 Ni

2119 3908 2216 3964 τοῦ
2263 3904 2555 3978 ἀνθρώπου
2583 3904 2645 3958 τὸ
2686 3904 2745 3956 ὲν
2771 3901 2943 3972 αὐτῷ.
2983 3919 3002 3953 ι
3045 3899 3252 3970 Ὠσπερ
3286 3898 3408 3966 γὰρ,
3437 3890 3566 3961 φησὶ,
3597 3885 3645 3936 τά

431 3977 664 4048 spiritus
697 3978 936 4036 hominis
987 3982 1081 4052 qui
1126 3993 1210 4039 est
1242 3984 1297 4040 in
1339 4000 1426 4040 eo.
1479 4006 1496 4038 ο
1544 3986 1958 4054 Quemadmodu

2119 4000 2266 4058 κατά
2312 3977 2602 4070 ἄνθρωπον
2653 3993 2828 4058 οὐδεὶς
2870 3989 3011 4047 οῐδεν
3059 3989 3382 4062 ἀνθρώπων,
3443 3985 3485 4036 εί
3508 3979 3569 4070 μη
3607 3977 3649 4028 τὸ

432 4070 607 4137 enim,
643 4071 844 4142 inquit,
881 4090 1004 4144 qua:
1049 4075 1291 4134 hominis
1331 4088 1462 4134 sunt
1501 4079 1688 4136 nullus
1730 4081 1957 4137 hominu

2121 4094 2254 4164 [διον
2281 4090 2446 4145 αὑτοῦ
2473 4087 2709 4159 πνεῦμα,
2739 4084 2916 4149 οὕτως
2933 4084 3056 4139 οὐδὲ
3081 4083 3149 4138 τὰ
3172 4082 3264 4137 τοῦ
3290 4078 3418 4134 Θεοῦ
3437 4092 3506 4138 τις
3529 4067 3648 4126 οἶδενο

432 4163 609 4229 novit,
657 4165 763 4220 nisi
804 4169 1061 4238 proprius
1107 4170 1282 4241 ipsius
1328 4171 1556 4243 spiritus
1590 4192 1602 4228 :
1634 4174 1708 4228 ita
1744 4190 1964 4244 nequet

1407 4174 1556 4229 Lritus
1590 4192 1602 4228 :
1634 4174 1708 4228 ila
1744 4190 1924 4244 neque
1953 4191 2016 4231 ca
2121 4203 2170 4240 ει
2195 4184 2270 4258 μὴ
2295 4184 2356 4238 τὸ
2388 4180 2616 4252 Πνεῦμα
2649 4177 2743 4233 τοῦ
2781 4177 2939 4233 Θεοῦ.

432 4271 557 4326 qua:
587 4258 682 4313 Dei
717 4269 846 4315 sunt
877 4261 1150 4332 quispiam
1182 4265 1338 4320 novit
1369 4266 1471 4321 nisi
1513 4265 1754 4336 Spiritus
1792 4268 1913 4324 Dei.

505 4349 571 4415 ΙΙ,
604 4351 692 4417 12,
727 4352 814 4408 15.
845 4354 952 4409 Nos
987 4364 1165 4411 autem
1190 4375 1294 4412 non
1321 4360 1565 4427 spiritum
1597 4362 1782 4415 mundi
1815 4364 2018 4433 accepi-

2204 4365 2402 4438 Ἦμεῖς
2433 4364 2502 4419 δὲ
2544 4364 2616 4418 οὐ
2645 4361 2712 4417 τὸ
2740 4359 2978 4430 πνεῦμα
3009 4356 3116 4412 τοῦ
3149 4357 3378 4422 κόσμου
3393 4345 3647 4438 aﬂuit":

434 4459 578 4509 mus,
643 4445 736 4498 sed
773 4445 1033 4517 Spiritum
1077 4451 1168 4520 qui
1202 4468 1265 4506 ea:
1293 4451 1401 4506 Deo
1433 4461 1530 4515 est,
1557 4461 1612 4507 ut
1639 4455 1868 4509 sciamus
1902 4429 1966 4526 qu

2122 4429 2286 4516 omni
2311 4429 2390 4512 τὸ.
2405 4455 2648 4524 Πνεῦμα
2687 4452 2753 4507 τὸ
2783 4451 2852 4505 ἐκ
2877 4429 3048 4510 Θεοῦ,
3090 4447 3193 4500 ἵνα
3219 4441 3456 4510 είδῶμεν
3483 4434 3543 4490 τὰ
3563 4429 3648 4526 ὐδτὸ

436 4555 470 4594 α
520 4536 727 4593 Christo
764 4541 966 4596 donata
996 4555 1122 4598 sunt
1159 4545 1303 4599 nobis
1335 4563 1353 4600 :
1377 4563 1496 4617 quae
1521 4554 1570 4601 et
1611 4522 1968 4615 loquimur-sm

2136 4552 2244 4607 τοῦ
2271 4549 2421 4605 Θεοῦ
2455 4522 2818 4618 χαρισθέντα
2849 4541 3014 4612 ἡμῖν,
3051 4538 3090 4593 ἃ
3119 4537 3218 4592 καί
3247 4531 3548 4600 λαλοῦμεν,
3570 4522 3650 4618 eiut

437 4645 533 4698 per
563 4647 828 4689 sermones
854 4651 984 4706 quos
1027 4636 1178 4691 docet
1205 4612 1442 4692 humana
1478 4612 1764 4710 sapientia,
1804 4643 1896 4696 sed
1932 4660 1966 4712 p

2134 4645 2204 4698 ἐν
2227 4612 2940 4706 διδακτοίς-ἁνθρωπίνης
2964 4630 3190 4701 σοφίας
3215 4612 3655 4723 λόγοις,,ιὶυισιὰίγ⁹

438 4737 525 4775 eos
567 4739 698 4794 quos
736 4725 883 4780 docet
927 4725 1156 4797 Spiritus
1187 4737 1424 4795 sanctus,
1457 4731 1828 4801 spirituaiibus
1862 4734 1970 4804 spir

2135 4730 2436 4797 διδακτοῖς
2473 4727 2822 4798 Πνεῦματος
2851 4724 3049 4794 ἁγίου,
3077 4721 3486 4790 πνευματικοῖς
3512 4721 3652 4762 πνευ-

440 4816 609 4871 tualia
633 4829 1017 4890 comparantes.

2129 4824 2348 4897 ματικὰ
2377 4821 2838 4892 συγκρίνοντες.

514 4908 701 4966 Mundi
750 4912 1006 4983 spiritum
1045 4926 1222 4978 vocat.
1265 4923 1325 4970 ut
1352 4917 1571 4988 Opinor,
1605 4919 1899 4976 humanam
1931 4936 2022 4975 sa-

2129 4890 2146 4897 ν
2207 4890 2984 4992 [ΟΙΚΟΥΜΕΝΙΟΥ.]Πνεῦμα
3017 4909 3224 4977 κόσμου
3253 4903 3422 4967 καλεῖ,
3440 4890 3649 4995 «halitu.

439 4998 730 5069 pientiam,
770 5017 834 5056 ac
879 5003 1271 5072 eruditionem,
1321 5024 1486 5077 quam
1531 5025 1640 5064 non
1686 5010 1967 5081 accepimu

2131 4989 2232 5076 τὴν
2247 5004 2595 5078 ἀνθρωπίνην
2617 5001 2811 5070 σοφίαν
2827 5002 2922 5054 καὶ
2947 4999 3250 5062 παίδευσιν,
3269 4996 3490 5064 ὅπερ,φη
3499 4989 3651 5081 τὶν,

440 5093 624 5162 inquit
671 5103 731 5147 ut
759 5095 853 5164 qni
885 5111 1104 5153 crucem
1147 5100 1432 5166 obscuret,
1462 5118 1530 5157 ne
1573 5103 1863 5159 aboleatur
1886 5121 1972 5158 οη

2134 5070 2445 5166 καταργοῦν
2457 5070 2815 5161 τὸν-σταυρὸν,
2829 5089 2905 5153 ὡς
2923 5091 3202 5159 προεῖπεν,
3216 5087 3313 5139 οῦκ
3328 5070 3652 5178 nomen:

439 5184 607 5241 sicuti
651 5187 924 5254 praedixit.
971 5189 1077 5244 Sed
1122 5191 1391 5261 Spiritum
1438 5193 1535 5249 Dei
1573 5198 1927 5266 accepimus,
1965 5214 1971 5246 ι

2139 5193 2216 5263 μὴ
2244 5174 2459 5259 κε’νωθῇ
2481 5189 2509 5241 ὁ
2531 5184 2788 5257 σταυρὸς,
2811 5182 2950 5237 ἀλλά
2968 5182 3028 5237 τδ
3056 5181 3279 5252 Πνεῦμα
3309 5177 3399 5232 τοῦ
3420 5167 3652 5266 Θεοῦ-ἐλέ-

439 5276 684 5332 sciamus
710 5294 834 5348 quae
863 5278 1062 5335 donata
1093 5284 1612 5342 suntnobisaDeo:
1643 5263 1748 5345 hoc
1778 5298 1971 5359 est,qu

2136 5283 2429 5356 6ομεν,ῖνα
2458 5279 2689 5349 εἰδῶμεν
2721 5278 2790 5332 τὰ
2819 5276 3149 5348 χαρισθέντα
3177 5276 3309 5346 ἡμῖν
3325 5264 3518 5326 ἀπὸτοῦ
3531 5263 3649 5356 Θεοξιι

442 5369 762 5438 dispensata
789 5369 904 5425 sive
937 5369 1078 5427 facta
1108 5383 1235 5429 sunt
1263 5390 1292 5430 a
1331 5374 1574 5433 Christo.

2135 5377 2382 5430 τουτέστι
2399 5413 2415 5439 ,
2441 5373 2510 5426 τά
2537 5369 2659 5426 κατ’
2691 5369 3006 5439 οἰκονομίαν
3027 5366 3292 5437 γεγονότα
3325 5360 3414 5416 τοῦ
3441 5359 3648 5428 Χριστου·

513 5461 678 5534 435
714 5462 860 5517 «Non
886 5478 986 5533 per
1017 5480 1303 5522 sermones
1369 5484 1510 5539 quos
1563 5471 1728 5527 docet
1785 5473 2024 5529 humana

2211 5487 2230 5519 ι
2266 5468 2381 5520 Οὐκ
2409 5467 2467 5519 ὲν
2490 5464 2758 5526 διδακτοῖς
2790 5460 3140 5533 ἀνθρωπίνης
3167 5458 3373 5528 σοφίας.
3393 5472 3411 5507 ι
3437 5452 3650 5505 Τοσοῦτον

443 5557 734 5626 sapientia.
773 5577 792 5608 ι
841 5557 1260 5632 Tanto,inquit,
1323 5578 1426 5618 nos
1455 5563 1773 5620 hominibus
1801 5567 1972 5635 sapiet

2131 5563 2314 5631 ἡμεῖς,
2346 5559 2500 5630 φησι,
2532 5557 2642 5612 τῶν
2664 5555 2797 5628 παρ’
2823 5553 3146 5627 ἀνθρώπους
3176 5551 3355 5622 σοφῶν
3380 5543 3647 5635 σοφὼτεμοιν

447 5652 621 5709 tiores
643 5668 856 5712 sumus.
903 5652 1126 5723 quando
1177 5655 1503 5725 sapientiori
1555 5657 1762 5714 utimur
1818 5625 1979 5728 praect

2140 5625 2263 5705 {iam
2290 5625 2459 5722 οἱ
2494 5625 2758 5703 Πλάτωνα
2783 5645 2878 5701 καὶ
2929 5625 3258 5715 Πυθαγόραν
3315 5639 3487 5711 έχουσι
3537 5625 3647 5684 διδα-

522 5829 569 5861 ii
600 5829 703 5884 lsa.
732 5846 784 5894 L,
822 5831 876 5888 5.
