3880 6566
171 413 268 476 665
1123 409 1510 471 COMMENT.
1541 411 1620 472 IN
1661 412 1900 476 EPIST.
1933 415 1952 473 l
2000 416 2100 476 AD
2149 413 2514 476 CORINTH.
3323 415 3432 481 666

171 521 418 584 σκάλους,
453 518 616 589 ἡμεῖς
646 518 703 572 δὲ
727 516 788 572 τὸ
823 515 1052 590 Πνεῦμα
1093 519 1153 572 τὸ
1193 521 1370 585 ἅγιον.
1410 541 1428 571 ι
1484 520 1623 574 Ἀλλ’
1682 522 1703 573 ὲ

1904 540 2026 579 ore.
2060 524 2144 579 Illi
2164 525 2437 595 siquidem
2457 525 2742 580 Platonem
2761 523 3204 597 aePytbagoram
3227 523 3436 582 habent

168 612 428 673 διδακτοῖς
444 609 586 662 Πνεῦ
594 625 762 677 ματος
775 609 956 676 ἁγίου.
970 609 1206 664 »Οὐκοῦν
1219 610 1457 681 οὐδαμοῦ
1474 613 1632 681 χρεία
1642 612 1700 665 τί

1902 624 2240 686 -ποορῑοι-εε,
2286 632 2389 671 nos
2416 626 2602 672 autem
2634 616 2907 688 Spiritum
2938 628 3215 671 sanctum.
3248 635 3266 668 ι
3327 616 3434 672 Sed

169 701 506 775 ἀνθρωπίνης
525 700 737 769 σοφίας.
767 701 904 754 ’Ὀλα
919 701 1027 773 γὰρ
1049 701 1415 771 πνευματικά.
1444 721 1463 755 ι
1492 704 1701 773 Πνευμε

1905 724 1948 761 :r
1970 724 2065 763 eos
2091 724 2232 779 quos
2247 708 2410 764 docet
2435 708 2678 780 Spiritus
2703 721 2952 764 sanctus.
2980 727 2999 761 »
3032 709 3228 764 Nullus
3251 709 3437 779 itaque

167 798 329 859 τικοῖς
355 795 701 864 πνευματικὰ
722 795 1155 862 συγκρίνοντες.»
1189 795 1359 850 Τοῦτο
1391 796 1561 864 λέγει,
1588 799 1699 851 δτατ

1903 818 1983 856 ius
2013 811 2099 856 est
2123 802 2382 857 humanae
2428 803 2714 858 scientiae:
2749 801 2934 857 omnia
2980 817 3220 872 namque
3269 802 3435 872 spiri-

171 887 354 958 φησὶν,
387 886 644 958 ἀνακύψῃ
673 885 897 957 ζήτημα
961 887 1352 957 πνευματικὸν,
1402 888 1512 940 ἀπὸ
1567 905 1703 958 παρα

1910 896 2015 949 alia
2044 905 2196 951 sunt.
2230 913 2250 946 ι
2306 895 2705 965 Spiritualibus
2746 894 3057 965 spiritualia
3106 910 3435 965 comparan-

171 981 480 1050 δειγμάτων
538 979 929 1051 πνευματικῶν
973 979 1077 1044 τὰς
1133 979 1454 1050 συγκρίσεις
1505 979 1602 1032 καὶ
1643 979 1703 1031 τὰ

1905 1002 1950 1040 s.
1983 1006 2001 1038 ι
2022 987 2138 1041 Hoc
2162 995 2270 1051 est,
2301 987 2450 1056 quod
2481 987 2637 1042 dicit.
2657 986 2796 1042 Cum
2827 987 3190 1058 investigatur
3204 987 3435 1058 quaestio

173 1072 442 1134 ἑπιλύσεις
479 1073 782 1139 ὲπάγομεν,
832 1065 982 1124 οἷον·
1035 1072 1084 1124 εί
1129 1071 1329 1143 ἀνέστη
1385 1073 1684 1141 τριήμερος

1903 1079 2027 1148 iqua
2093 1078 2424 1149 spiritualis,
2455 1094 2519 1132 ac
2549 1077 2820 1148 exemplis
2866 1080 3250 1149 spiritualibus
3281 1095 3435 1134 com-

171 1163 416 1236 Χριστδς,
464 1163 532 1215 ὲκ
556 1161 654 1216 τοῦ
698 1162 857 1215 Ἰωνᾶ
897 1162 997 1225 τὰς
1026 1161 1330 1226 ἀποδείξεις
1379 1162 1614 1232 παράγω
1647 1177 1703 1214 κε

1903 1168 2166 1224 irationes
2194 1184 2263 1224 ac
2284 1168 2774 1238 interpretationes
2800 1168 3146 1231 adducimus,
3177 1180 3261 1238 ut,
3280 1169 3435 1225 verbi

173 1256 262 1326 τὴν
291 1253 624 1326 μαρτυρίαν·
649 1255 698 1306 εἰ
730 1252 988 1323 ἐγέννησε
1043 1253 1320 1324 παρθένος
1371 1252 1465 1305 τὸν
1513 1251 1705 1324 Κύριοι

1903 1274 2013 1314 lusa
2037 1275 2052 1313 :
2075 1258 2122 1313 si
2144 1257 2387 1312 surrexit
2412 1257 2580 1312 tertio
2609 1257 2700 1312 die
2723 1257 2980 1312 Christus
3001 1297 3017 1325 ,
3053 1275 3120 1313 ex
3149 1258 3287 1314 Jona
3310 1273 3435 1328 pro-

175 1349 233 1401 ὲκ
256 1346 359 1401 τῶν
384 1344 614 1416 στειρῶν
639 1345 843 1415 Ἀννης
880 1343 977 1398 καὶ
1018 1343 1298 1399 Ἐλισάδετ
1324 1345 1359 1415 ἠ
1397 1343 1669 1407 ὲπίλυσις.

1901 1351 2106 1406 itiones
2143 1363 2207 1405 ac
2234 1348 2615 1404 testimonium
2660 1348 2878 1404 adduco
2903 1366 2916 1403 :
2947 1350 2994 1404 si
3022 1357 3188 1404 natus
3215 1358 3300 1404 est
3324 1349 3433 1404 Do-

1848 1442 2035 1497 minus
2090 1457 2158 1497 ex
2181 1441 2426 1512 virgine,
2460 1456 2528 1496 ex
2550 1440 2835 1496 sterilibus
2869 1440 3027 1496 Anna
3063 1449 3121 1496 et
3149 1441 3434 1497 Elisabeth

1847 1535 2088 1590 sumitur
2110 1533 2518 1604 interpretatio.

245 1623 508 1692 Ψυκικὸς
529 1619 598 1674 δὲ
623 1619 957 1688 ἄνθρωπος,
982 1620 1055 1675 οὐ
1081 1619 1318 1688 δέχεται
1334 1619 1406 1674 τὰ
1429 1620 1535 1676 τοῦ
1556 1620 1748 1675 Uret}-

1918 1627 1986 1694 ll,
2020 1628 2206 1682 “~16.
2233 1625 2495 1681 Animaiis
2526 1633 2706 1680 autem
2727 1626 2998 1679 homonan
3025 1625 3212 1692 accipit
3237 1641 3298 1678 ea
3321 1640 3437 1695 que

179 1732 356 1785 ματος
409 1714 516 1767 τοῦ
552 1713 700 1766 Θεοῦ
732 1730 745 1743 ·
774 1713 966 1781 μωρία
1005 1715 1116 1782 γὰρ
1144 1712 1305 1778 αὐτῷ
1333 1713 1486 1777 ἐστι,
1520 1713 1620 1766 καί
1673 1731 1705 1768 ο

1905 1731 1972 1776 :nt
2001 1721 2229 1791 Spiritus
2251 1721 2370 1786 Dei,
2398 1719 2629 1774 stultitia
2657 1719 2918 1790 siquidem
2971 1718 3073 1788 ipsi
3129 1726 3251 1770 sunt
3276 1733 3295 1771 :
3345 1733 3437 1770 nec

181 1811 414 1864 δύναται
441 1805 659 1877 γνῶναι
687 1804 777 1858 ὅτι
810 1804 1226 1874 πνευματικῶς
1246 1805 1653 1873 ἀνακρίνεται.
1691 1804 1713 1855 't

1903 1823 2017 1869 itest
2070 1828 2398 1885 cognoscere,
2475 1813 2602 1883 quia
2644 1810 2999 1882 spiritualiter
3048 1809 3435 1880 dijudicantur.

183 1904 245 1958 δὲ
265 1898 682 1971 πνευματικὸς,
705 1899 1015 1967 ἀνακρίνει
1040 1897 1159 1968 μὲν
1207 1897 1422 1963 πάντα,
1455 1898 1639 1964 αὐτὸς
1683 1897 1715 1951 δ

1906 1882 2165 1976 piritualis
2181 1923 2303 1961 vero
2329 1882 2576 1959 universa
2594 1903 2810 1974 quidem
2829 1901 3111 1972 dijudicat,
3125 1901 3236 1966 ipse
3259 1908 3438 1954 autem

186 1996 279 2049 ὑπ’
307 1993 556 2058 οὐδενὸς
583 1991 990 2060 ἀνακρίνεται.
1019 1989 1114 2057 Τίς
1140 1991 1252 2061 γὰρ
1275 1991 1428 2061 ἔγνω
1461 1991 1615 2045 νοῦν
1639 1995 1718 2045 Κυ

1918 2001 2127 2054 nemine
2151 1999 2503 2068 dijudicatur.
2561 1993 2694 2060 Quis
2725 1995 2864 2048 enim
2925 1993 3172 2063 cognovit
3211 2000 3437 2044 mentem

184 2088 310 2155 pinv
346 2085 411 2152 ὃς
439 2081 795 2154 συμϐιϐάσει
833 2084 1054 2164 αὐτόν;
1097 2082 1298 2153 Ἡμεῖς
1328 2082 1398 2136 δὲ
1435 2082 1589 2137 νοῦν
1613 2085 1716 2151 Χρι

1903 2092 2066 2144 omini
2088 2089 2176 2160 qui
2195 2086 2493 2142 conciliabit
2517 2102 2638 2140 eum
2664 2085 2689 2139 ί
2714 2084 2820 2140 Nos
2841 2091 3020 2137 autem
3035 2089 3259 2137 mentem
3280 2079 3435 2136 Chri-

195 2176 334 2231 στοῦ
365 2176 605 2246 ἔχομεν.

1854 2183 1924 2237 sti
1953 2191 2209 2236 tenemus.

252 2269 488 2338 Ψυχικδν
541 2269 828 2341 ἄνθρωπον
875 2266 1052 2332 καλεῖ,
1103 2267 1198 2322 τὸν
1246 2267 1426 2322 πάντα
1451 2269 1565 2333 τοῖς
1598 2268 1751 2335 λογι-

1921 2271 2227 2326 Animalcm
2257 2281 2418 2327 vocat
2440 2268 2722 2325 hominem
2744 2280 2894 2331 eum,
2910 2264 3004 2334 qui
3033 2261 3218 2318 omnia
3239 2261 3439 2317 anime

193 2365 333 2432 σμοῖς
352 2363 449 2432 τῆς
477 2361 655 2432 ψυχῆς
689 2361 927 2427 διδόντα,
955 2360 1050 2414 καὶ
1085 2360 1256 2432 μηδὲν
1306 2360 1488 2414 πίστει
1518 2360 1725 2429 δεχόμε

1917 2363 2160 2418 tionibus
2189 2363 2384 2418 tribuit
2419 2381 2433 2416 :
2457 2377 2560 2416 nec
2589 2359 2894 2430 quidquam
2922 2354 3028 2410 (ide
3053 2354 3308 2424 suscipit,
3335 2367 3441 2408 nec

191 2471 291 2516 νον,
321 2454 452 2524 μήτε
481 2453 776 2523 νομίζοντά
797 2470 942 2518 τινος
988 2451 1196 2507 ἀνωθεν
1231 2451 1440 2506 δεῖσθαι
1474 2451 1723 2523 βοηθείας

1904 2469 2096 2526 iperno
2131 2471 2273 2525 opus
2302 2470 2426 2511 esse
2461 2453 2671 2508 auxilio
2725 2449 3035 2506 arbitratur
3091 2463 3106 2500 :
3156 2444 3252 2516 qui
3309 2459 3436 2497 cum

199 2547 284 2610 ’ος
303 2549 408 2608 τοῖς
435 2549 536 2617 τῆς
563 2545 742 2616 ψυχῆς
771 2546 1040 2616 νοήμασιν
1061 2545 1122 2598 οὐ
1155 2543 1456 2615 δυνάμενος
1517 2544 1731 2599 καταλα

1907 2543 2133 2599 )ctrinas
2171 2543 2412 2614 Spiritus
2459 2557 2569 2597 non
2619 2540 2796 2611 possit
2835 2547 3021 2594 mente
3071 2534 3439 2604 comprehen-

194 2638 297 2692 δεῖν
329 2638 787 2703 τάςδιδατκαλίας
829 2639 923 2692 τοῦ
968 2637 1311 2708 Πνεῦματος,
1345 2635 1635 2691 πιστεῦσαι
1693 2637 1726 2691 δὲ

1909 2653 2007 2701 πε,
2049 2652 2154 2691 nec
2198 2637 2332 2692 velit
2366 2635 2576 2705 absque
2618 2631 2932 2688 rationibus
2961 2629 3213 2690 credere,
3254 2625 3441 2682 omnia

194 2729 452 2802 λογισμῶν
474 2732 643 2804 χωρὶς
662 2732 762 2786 οὐκ
794 2731 1017 2795 ἐθέλων,
1046 2731 1226 2785 πάντα
1259 2730 1419 2800 μωρά
1447 2731 1659 2797 νομίζει
1683 2730 1726 2784 τί

1911 2727 2156 2782 ‘bitralur
2184 2741 2304 2782 esse
2345 2726 2514 2781 stulta
2569 2739 2692 2794 quae
2717 2723 2922 2778 divinae
2972 2729 3105 2776 sunt
3157 2717 3443 2788 dispensa-

191 2823 281 2891 τῆς
324 2821 632 2893 οἰκονομίας
679 2823 778 2876 τοῦ
834 2821 1066 2892 Κυρίου.
1111 2849 1182 2861 -—
1217 2822 1474 2888 Ἄλλως.
1508 2819 1698 2892 [ιΩΑΝ

1909 2819 2039 2873 )nis.
2063 2849 2132 2859 —
2160 2817 2278 2872 Alio
2305 2817 2479 2871 modo.
2501 2814 2772 2870 Animalis
2788 2821 2891 2876 est,
2918 2811 3013 2882 qui
3042 2810 3198 2880 juxta
3222 2821 3441 2862 carnem

193 2916 418 2986 Ψυχικός
466 2917 637 2979 ἔστιν,
687 2917 716 2970 δ
757 2915 900 2969 κατά
926 2913 1104 2985 σάρκα
1133 2912 1266 2978 ζῶν,
1317 2913 1412 2966 καὶ
1451 2913 1620 2983 μήπω
1657 2913 1725 2964 τὸ·

1912 2910 1989 2964 vit
2018 2907 2339 2964 etnondum
2393 2920 2494 2976 per
2554 2902 2810 2973 spiritum
2867 2907 3052 2954 mente
3087 2895 3443 2950 illuminatus

195 3011 310 3064 νοῦν
345 3011 637 3082 φωτισθεὶς
682 3011 771 3065 διὰ
821 3009 917 3064 τοῦ
980 3009 1322 3082 πνεύματος,
1381 3007 1520 3062 ἀλλὰ
1583 3007 1727 3077 μόνηι

1920 3009 1960 3066 ι,
1997 3001 2096 3057 sed
2131 3001 2376 3054 innatam
2405 3004 2621 3052 tantum
2648 3003 2702 3048 et
2732 2994 3029 3048 humanam
3058 2989 3227 3044 habet
3281 2986 3446 3040 intel-

195 3103 287 3174 τὴν
312 3078 548 3174 ἔμφυτον
574 3105 670 3158 καὶ
695 3103 1044 3174 ἀνθρωπίνην
1067 3078 1283 3158 σύνεσιν
1311 3101 1478 3172 ἔχων,
1503 3102 1572 3170 ἢν
1628 3103 1727 3153 ταῖ

1917 3095 2178 3161 gentiam,
2251 3106 2421 3166 quam
2479 3097 2807 3144 cunctorum
2867 3083 3158 3140 animabus
3217 3078 3449 3135 Creator

198 3170 433 3252 ἁπάντων
456 3198 654 3268 ψυχαῖς
677 3170 936 3268 spesne:
972 3170 1380 3268 o-Aqutoupyogi
1399 3227 1472 3237 —
1491 3197 1728 3261 ’Ἄλλως

1912 3186 2121 3240 ιωίιιὶι.
2149 3183 2355 3238 -Αιὶο
2383 3181 2556 3235 modo.
2589 3179 2706 3234 Hoc
2752 3186 2838 3233 est
2871 3194 2885 3231 :
2942 3173 3175 3242 Quando
3226 3170 3444 3241 aliquid

211 3289 347 3343 Ἀντί
379 3262 495 3355 τοῦ,
537 3262 793 3345 ζΟτανψτι
821 3262 1192 3360 πνευματίκδν
1218 3262 1312 3341 καὶ
1354 3287 1669 3358 ἀπόρρητον
1695 3283 1743 3358 ᾖε

1917 3277 2151 3332 ιίτίιιιειε
2170 3283 2227 3330 et
2255 3273 2539 3330 inetl‘abile
2581 3271 2771 3334 fuerit,
2798 3285 2829 3324 a
2875 3266 3260 3338 spiritualibus
3289 3262 3449 3318 testi-

201 3379 300 3433 ἀπὸ
328 3380 431 3434 τῶν
459 3380 849 3451 πνευματικῶν
877 3354 977 3444 τὰς
1005 3382 1313 3452 μαρτυρίας
1363 3354 1594 3452 ἄγομεν,
1644 3354 1733 3436 oio‘

1917 3371 2042 3425 ouia
2071 3369 2347 3424 ducimus.
2401 3365 2602 3434 Utpote
2633 3362 2700 3418 ad
2725 3362 2778 3416 id
2802 3359 2953 3431 quod
2999 3357 3243 3414 surrexit
3288 3354 3449 3411 Chri-

201 3475 276 3526 ὂτι
303 3474 518 3546 ἀνέστη,
551 3447 790 3544 παράγω
821 3475 923 3545 τὴν
951 3447 1046 3528 τοῦ
1078 3447 1237 3529 ‘va'a
1269 3447 1597 3546 μαρτυρίαν.
1633 3475 1733 3528 ’οτ

1917 3479 2002 3527 us,
2027 3461 2180 3518 Iona:
2213 3457 2593 3516 testimonium
2624 3454 2839 3510 adduco
2881 3469 2895 3506 :
2926 3451 3076 3522 quod
3123 3465 3190 3504 ex
3233 3447 3448 3510 virgine

203 3565 263 3618 ὲκ
306 3539 570 3638 παρθένου
619 3539 908 3638 έγεννήθτί,
971 3567 1213 3638 παράγω
1384 3539 1492 3622 τῶν
1527 3566 1735 3638 στειρῶε

1916 3563 2025 3611 itus
2045 3563 2153 3617 est,
2198 3553 2416 3608 adduco
2443 3547 2715 3605 sterilium
2762 3556 2982 3617 partum
3030 3560 3095 3598 ac
3132 3539 3448 3622 generatio-

204 3656 464 3729 γέννησιν.
501 3658 751 3728 Ψυχικδς
781 3658 838 3712 δέ
871 3660 1020 3714 εστιν
1048 3661 1078 3713 δ
1100 3659 1160 3712 τὺ
1191 3661 1302 3714 πᾶν
1341 3661 1455 3725 τοῖς
1481 3659 1736 3730 λογισμοῦ

1918 3664 2009 3704 2m.
2037 3647 2306 3703 Animalis
2335 3659 2468 3700 vero
2519 3650 2624 3707 est,
2678 3641 2773 3711 qui
2821 3655 2936 3694 rem
2989 3651 3208 3692 omnem
3252 3641 3450 3688 animae

203 3747 294 3818 τῆς
347 3749 517 3821 ψυχῆς
560 3750 756 3816 διδοὺς,
800 3751 895 3804 καὶ
961 3747 1036 3820 μὴ
1081 3750 1318 3821 νομίζων
1376 3749 1583 3807 ἄνωθέν
1615 3767 1730 3803 τινο

1917 3739 2405 3798 msiderationibus
2435 3734 2713 3800 attribuit,
2747 3748 2850 3787 nec
2882 3731 3184 3786 arbitratur
3208 3739 3449 3796 superno

207 3816 564 3913 senatui;
613 3844 873 3908 Ἄλλως.
1146 3816 1159 3821 ⁷
1186 3842 1248 3897 '0
1297 3841 1550 3912 ψυχικὸς,
1572 3842 1739 3914 χρείαε

1919 3837 2048 3906 iquo
2077 3846 2216 3903 opus
2239 3845 2361 3887 esse
2401 3827 2630 3884 auxilio.
2655 3853 2726 3866 —
2786 3823 2909 3880 Alio
2966 3821 3143 3876 modo.
3183 3816 3451 3873 Animalis

209 3912 308 4002 εχει
329 3933 662 4004 ἀνακρίσεως
691 3933 786 3986 καὶ
817 3912 1118 3998 ἐξετάσεως
1143 3933 1238 3986 καὶ
1273 3912 1741 4003 μαθήσεωςίπνευ·

1921 3943 2004 3983 ius
2076 3926 2245 3981 habet
2305 3919 2706 3992 dijudicatione
2750 3925 2807 3972 et
2863 3912 3325 3986 perscrutatione,
3387 3923 3453 3962 ac

213 3998 447 4096 ματικῆς,
469 3998 569 4078 ’ἴνα
596 4023 967 4095 παραδέξηται
986 4023 1054 4078 τὰ
1093 4021 1188 4076 τοῦ
1239 3998 1567 4095 πνεύματος.
1603 4024 1745 4078 Ἀλλὲ

1925 4017 2151 4089 sciplina
2185 4013 2484 4086 spirituali,
2521 4019 2584 4067 ut
2607 4007 2978 4079 suscipiatea,
3029 4019 3152 4076 qua
3185 4009 3318 4058 sunt
3339 3998 3453 4096 spi:

210 4090 332 4184 πρὸς
357 4090 557 4186 ταύτην
575 4090 1097 4184 ἀπαυθαδιζόμενος,
1125 4114 1222 4167 καὶ
1267 4090 1438 4167 δοκῶν
1475 4114 1742 4184 ἀρκεῖσθα

1920 4121 2028 4175 tus,
2057 4109 2220 4182 436
2249 4106 2345 4162 sed
2376 4119 2501 4161 cum
2525 4100 2875 4174 arrogantior
2929 4098 3003 4154 sit
3058 4110 3223 4167 quam
3279 4099 3342 4147 ut
3381 4090 3451 4146 ad

207 4208 310 4270 soi;
359 4207 720 4280 ἀνθρωπίνοις
779 4207 1095 4277 λογισμοῖς,
1147 4205 1210 4258 οὐ
1265 4204 1427 4276 μόνον
1482 4205 1635 4260 οὐδὲν
1691 4199 1737 4260 ὦ

1921 4219 2011 4258 inc
2043 4217 2165 4257 sese
2195 4198 2474 4264 demittat,
2499 4207 2557 4253 et
2613 4194 2866 4252 suilicere
2919 4190 3132 4264 iudicet
3181 4187 3453 4242 humanas

210 4299 380 4362 ἀγνοεῖ
449 4277 859 4369 καταλαμσάνει
879 4337 894 4365 ,
965 4295 1100 4350 ἀλλὰ
1155 4297 1250 4350 καὶ
1311 4295 1617 4350 τούναντίον
1687 4297 1742 4350 εί

1921 4291 2364 4358 msiderationes,
2398 4305 2512 4345 non
2534 4287 2702 4344 modo
2729 4284 2870 4340 nihil
2909 4277 3334 4351 comprehendit
3357 4290 3453 4331 eo-

212 4387 417 4444 πλείονα
483 4389 1025 4460 καταϐαπτιζόμενος
1100 4387 1372 4456 ἄγνοιαν,
1434 4385 1498 4440 τὸ
1556 4385 1744 4440 ἐκείνοι

1920 4402 1992 4441 Im
2023 4401 2145 4458 quas
2175 4386 2410 4457 ignorat,
2434 4382 2530 4438 sed
2561 4397 2592 4436 e
2610 4381 2830 4436 diverso
2856 4389 3077 4446 quoque
3101 4372 3157 4427 in
3186 4370 3452 4460 majorem

213 4481 371 4547 πάθος
431 4484 525 4538 καὶ
578 4483 824 4553 νόσημα,
866 4457 992 4544 -τοῖς
1061 4478 1158 4534 τοῦ
1225 4478 1535 4550 πνεύματος
1581 4478 1745 4549 νόμον

1922 4457 2160 4534 emersus
2188 4474 2584 4547 ignorantiam,
2622 4471 2819 4525 animae
2839 4465 3098 4522 aﬁ‘ectum
3125 4469 3183 4516 et
3233 4457 3454 4532 aegritu-

215 4575 510 4644 περιάπτει,
569 4575 664 4628 καὶ⁵
704 4576 920 4644 ἡγεῖται
970 4571 1109 4627 αὐτὰ
1160 4571 1395 4643 μωρίαν,
1434 4571 1552 4626 δέον
1591 4572 1747 4642 έαυτίε

1921 4569 2060 4622 inem
2092 4566 2308 4636 legibus
2327 4563 2557 4634 spiritus
2585 4561 2832 4631 adoptat,
2861 4565 2918 4613 et
2934 4554 3298 4611 existimatea
3327 4564 3453 4605 esse

221 4641 537 4736 μέμφεσθαι,
567 4641 840 4730 ταπεινοῖς
872 4666 968 4720 καὶ
1002 4641 1364 4737 ἀνθρωπίνοις
1401 4665 1643 4736 μέτροις,
1699 4641 1753 4718 τε

1927 4660 2185 4723 ultitiam,
2247 4673 2373 4713 cum
2425 4656 2668 4725 seipsum
2718 4663 2980 4707 accusare
3039 4645 3289 4707 deberet,
3358 4641 3453 4710 qui

221 4733 452 4829 ὑπερφυῆ
477 4759 571 4813 καὶ
590 4759 874 4830 κρείττονα
900 4733 1178 4827 λογισμῶν
1212 4733 1432 4828 μετρεῖν
1480 4733 1575 4811 καὶ
1603 4773 1753 4811 κατα·

1923 4752 2178 4806 umilibus
2221 4765 2286 4805 ac
2312 4749 2575 4803 humanis
2612 4742 2896 4801 mensuris
2928 4733 3373 4809 supernaturalia
3397 4741 3455 4788 et

221 4825 493 4919 laubavs‘tv
525 4825 927 4921 ὲγχειρήσαντι.
973 4825 1034 4902 Ὅ
1059 4825 1116 4902 δὲ
1171 4825 1536 4919 πνευματικὸς
1567 4849 1627 4902 οὐ
1659 4849 1742 4901 δεῖ

1921 4841 2321 4898 ttiocinationes
2367 4837 2690 4896 excedentia
2757 4845 3084 4888 mensurare
3137 4825 3453 4882 tentaverit.

220 4917 298 4996 ται
326 4917 688 5015 ἀνακρίσεως,
712 4917 824 4996 ἀλλ’
871 4941 1033 5005 αὐτὸς
1062 4917 1448 5010 πνευματικῶς
1502 4941 1598 4994 καὶ
1658 4942 1752 4994 θεο

1922 4935 2188 5006 piritualis
2241 4948 2375 4988 vero
2396 4947 2508 4986 non
2537 4944 2682 5002 opus
2721 4925 2891 4980 habet
2916 4919 3337 4994 dijudicatione,
3359 4917 3454 4972 sed

223 5035 385 5104 σὸεξως
414 5037 630 5091 ἅπαντα
650 5035 959 5104 δοκιμάζων
992 5032 1088 5086 καὶ
1113 5031 1312 5100 κρίνων
1348 5031 1650 5085 τελειοῦται
1703 5035 1755 5103 τῇ

1928 5044 2000 5081 im
2037 5026 2220 5081 omnia
2245 5023 2616 5094 spiritualiter
2646 5028 2702 5074 et
2734 5017 2920 5072 divina
2957 5012 3228 5083 sapientia
3261 5011 3460 5081 probet

225 5125 404 5192 γνώσει
443 5127 540 5180 τοῦ
578 5126 910 5197 πνεύματος.
946 5124 1038 5178 Διδ
1083 5123 1177 5177 ὑπ’
1221 5123 1434 5188 οὐδενὸς
1485 5123 1757 5196 ἀνακρίνει

1926 5119 2202 5189 :judicet,
2238 5114 2470 5185 spiritus
2520 5111 2834 5183 cognitione
2885 5107 3193 5179 perﬁcitur.
3251 5104 3382 5158 ideo
3427 5115 3458 5154 a

223 5234 324 5273 ται.
362 5221 497 5273 ’Υπδ
521 5221 618 5292 μὲν
634 5220 744 5273 τῶν
780 5218 1014 5282 πιστῶν,
1043 5219 1126 5271 ὅτι
1159 5218 1218 5271 οὗ
1245 5216 1507 5286 διαφωνεῖ
1534 5217 1755 5288 ἣδιστα-

1924 5212 2032 5267 ullo
2061 5209 2402 5281 diiudicatur
2439 5222 2509 5261 :a
2541 5204 2800 5259 ﬁdelibus
2851 5201 3098 5272 quidem,
3157 5196 3288 5267 quia
3348 5208 3456 5248 non

227 5312 386 5376 σιάζει
417 5288 552 5384 πρὸς
586 5311 781 5377 αὐτούς
814 5329 829 5344 '
861 5312 964 5366 ὑπὸ
989 5311 1045 5364 δὲ
1072 5310 1180 5363 τῶν
1203 5310 1470 5372 ἀπίστων,
1496 5311 1578 5364 ὅτι
1597 5309 1759 5380 πολλιῖ

1925 5307 2123 5360 issonat
2147 5317 2252 5356 nec
2271 5298 2530 5355 dissentit
2578 5298 2648 5352 ab
2671 5296 2837 5366 ipsis;
2871 5294 2942 5349 ab
2966 5288 3272 5348 incredulis
3302 5300 3457 5350 vero,

227 5377 475 5476 κρείττων
509 5377 625 5461 ἐστὶ
661 5407 763 5476 τῆς
797 5405 1021 5459 ἐκείνων
1063 5402 1429 5473 ἀνακρίσεως,
1462 5403 1557 5458 καὶ
1579 5404 1662 5457 ὅτι
1714 5377 1759 5456 oi

1929 5397 2008 5451 uia
2035 5395 2194 5466 longe
2219 5391 2474 5463 superior
2524 5395 2610 5444 est
2650 5387 2872 5442 illorum
2934 5377 3354 5454 dijudicatione,
3403 5385 3461 5427 et

233 5470 375 5566 μόνον
397 5508 457 5559 οὒ
494 5507 666 5560 δεῖται
698 5470 924 5574 ταύτης,
959 5501 1093 5556 ἀλλὰ
1138 5470 1235 5555 καῖ
1271 5500 1512 5554 σύνοιδεν
1534 5497 1765 5571 ἀκριϐῶς

1928 5489 2011 5543 uia
2036 5503 2147 5542 non
2187 5485 2368 5542 solum
2402 5483 2509 5538 hac
2539 5496 2650 5536 non
2679 5486 2825 5549 eget,
2852 5475 2948 5531 sed
2971 5483 3026 5527 et
3079 5470 3236 5525 novit
3269 5470 3460 5521 exacte

231 5595 535 5668 ἀνακρίνων,
557 5599 639 5651 ὅτι
671 5598 782 5659 τοῖς
810 5565 984 5668 ταύτῃ
1012 5593 1318 5666 χρωμένοις
1361 5565 1627 5663 μέγιστον.
1677 5591 1763 5658 ἐμ·

1927 5579 2195 5653 ijudicans
2225 5576 2377 5648 quod
2405 5575 2513 5630 hac.
2533 5570 2819 5627 utentibus
2840 5565 3139 5621 maximum
3160 5565 3459 5668 litajpm-

228 5647 394 5741 nitito;
442 5687 582 5758 αῦτη
614 5647 984 5754 καθέστηκενῗ
1014 5647 1096 5747 είς
1134 5647 1201 5739 ⁸τὸ
1229 5647 1624 5752 πνψευιματικῶς
1650 5647 1760 5734 ἀναι

1927 5647 2087 5729 .iterit
2118 5669 2574 5741 impedimentum
2628 5662 2696 5718 ad
2722 5655 3097 5758 Spirituall‘iter.
3152 5647 3459 5758 diiudican-

228 5778 490 5846 κρίνεσθαι
522 5733 620 5836 zeal.
647 5733 902 5844 δέξασθαι
927 5733 997 5830 τθι
1042 5733 1134 5830 τοῦ
1168 5733 1507 5845 Πνεύμοῖτος.
1534 5733 1624 5827 Διδ
1684 5776 1760 5828 κα⁴

1927 5782 2037 5828 um,
2071 5773 2128 5820 et
2164 5733 2539 5831 recipiendum
2562 5772 2626 5811 ea
2655 5767 2778 5822 quae
2807 5742 3215 5815 suntSpiritus.
3242 5733 3459 5794 Idcirco

227 5876 535 5945 χηρεύουσιν
564 5867 709 5928 οῦτοι
758 5869 852 5926 τοῦ
887 5866 1168 5940 Κυριακοῦ
1205 5868 1320 5934 νοῦ,
1351 5867 1468 5939 ἦτοι
1497 5865 1604 5921 τῶν
1627 5866 1759 5919 έντο

1928 5874 2104 5932 uoque
2157 5857 2213 5914 lii
2267 5852 2552 5910 Dominico
2607 5861 2769 5903 sensu
2829 5847 3041 5906 carent,
3087 5845 3203 5892 sive
3259 5845 3460 5905 praece-
