3880 6560
506 399 610 464 €67

1570 405 1972 468 (ECUMENII
1996 403 2290 464 mrces
2317 402 2663 464 EPISCOPI
3614 421 3696 484 es,

505 529 550 590 ιι
574 517 637 579 is,
667 524 722 571 et
751 533 816 573 ea
852 533 975 587 quae
1002 514 1128 572 inde
1155 517 1427 587 sequitur,
1451 517 1588 588 legis
1616 518 1932 578 traditione,
1970 532 2083 586 qua

2193 513 2302 567 λῶν
2344 513 2438 567 καὶ
2488 514 2589 583 τῆς
2645 512 2855 568 ἐκεῖθεν
2913 513 3266 584 νομοθεσίας,
3316 517 3410 591 τῆς
3450 530 3702 604 epam,“

507 625 603 664 eos
626 609 942 680 castigaret,
980 615 1037 663 et
1068 607 1134 662 ad
1175 607 1545 678 Spiritualium
1587 609 1954 678 qmestiunum
1993 625 2088 678 ap-

508 700 945 768 prehensionem
973 698 1261 755 excitaret.
1297 699 1418 768 lpsa
1447 699 1596 753 enim
1642 699 1927 754 Dominica
1952 715 2092 769 prae-

507 801 666 863 cepta
707 793 1035 848 conﬁrmant
1092 807 1195 847 nos
1230 799 1288 848 et
1333 791 1402 847 ad
1462 808 1588 848 eum
1632 807 1733 849 nos
1793 793 2086 858 reducunt,

500 896 774 955 aptusque
837 883 1087 940 elllciunt
1134 884 1202 939 ad
1254 884 1499 939 divinam
1557 885 1868 942 doctrinam
1915 895 1972 940 et
2007 886 2081 939 in-

502 975 889 1046 'clligeutiam,
925 992 1048 1046 quae
1096 976 1282 1047 dignis
1320 976 1450 1032 inde
1506 978 1912 1048 suppeditatur.
1951 978 2089 1032 Pro-

499 1081 690 1134 nterea
709 1083 832 1123 cum
855 1084 958 1123 nos
978 1069 1127 1139 ipsos
1145 1069 1214 1124 ad
1238 1071 1356 1126 haec
1373 1070 1869 1141 composuerimus,
1891 1073 2088 1125 merito

495 1158 711 1214 Christi
742 1171 980 1217 mentem
1033 1162 1322 1217 habemus.
1381 1163 1518 1218 Nam
1557 1179 1679 1233 quae
1728 1163 1929 1218 Christi
1959 1172 2089 1218 sunt

499 1251 808 1307 sentientes
830 1268 896 1307 ac
923 1253 1315 1324 intelligentes,
1345 1255 1457 1326 jam
1489 1271 1596 1309 non
1627 1255 1867 1309 humana
1893 1265 1949 1310 et
1969 1271 2089 1309 car-

503 1341 614 1396 nali
669 1345 1004 1414 cogitatione
1057 1346 1400 1402 tluctuantes.
1440 1348 1754 1412 obruimur,
1821 1349 2087 1403 adversus

506 1430 766 1501 utrinque
825 1434 1046 1490 ﬂatibus
1078 1444 1459 1506 tempestatem
1489 1437 1764 1494 ferentes:
1797 1439 1891 1492 sed
1923 1439 2086 1494 solidi

504 1538 570 1578 ac
587 1525 725 1579 ﬁrmi
759 1526 812 1580 in
845 1528 1057 1583 cmlesti
1085 1529 1380 1600 divinaque
1410 1531 1810 1591 menteeﬂ‘ecti.
1839 1532 2087 1588 veritatis

506 1618 1008 1687 apprehensionem
1039 1623 1407 1692 assequimur.
1471 1643 1492 1675 ε
1511 1625 1624 1679 Nec
1673 1633 1855 1694 potest
1885 1640 2086 1694 cogno-

507 1721 684 1762 scere.
723 1727 743 1760 ›
773 1708 1010 1778 Ignorat,
1041 1711 1243 1782 inquit,
1263 1714 1411 1784 quod
1448 1715 1562 1786 ipse
1588 1715 1826 1770 stolidus
1849 1715 1940 1770 sit.
1967 1714 2082 1770 Non

505 1798 654 1853 enim
685 1810 865 1869 potest
910 1803 1216 1876 intelligere
1243 1809 1390 1877 quod
1417 1809 1471 1862 in
1505 1809 1708 1863 talibus
1737 1810 1854 1864 sola
1881 1809 1986 1865 ﬁde
2012 1810 2084 1864 sit

2192 608 2387 670 αὐτοὺς
2430 610 2522 660 καὶ
2569 606 2948 678 διεγειρούσης
2975 608 3056 670 είς
3099 607 3196 680 τὴν
3233 610 3340 663 τῶν
3378 627 3703 687 πνευματικῶν

2193 697 2526 769 ζητημάτων
2572 700 2900 768 κατάληψιν.
2947 693 3118 752 Αὐται
3146 701 3256 770 γάρ
3276 701 3330 754 αἱ
3364 704 3612 776 Κυριακαὶ
3643 714 3702 765 ἐν.

2194 792 2344 845 τολαὶ
2375 832 2392 856 ,
2443 791 2879 861 συμσιῦάςουσαι
2929 792 3077 860 ἡμᾶς
3149 794 3243 844 καὶ
3295 797 3704 860 καταλλάσσουσαι

2193 883 2326 951 πρὸς
2357 881 2541 946 αὐτὸν,
2573 881 3086 952 παρασκευάζουσιν
3136 883 3468 952 ἐπιτηδείους
3511 891 3579 953 εἰς
3627 895 3703 965 τὴν

2191 973 2401 1025 ἐκεῖθεν
2428 975 2542 1034 τοῖς
2570 971 2742 1037 ἀξίοις
2765 972 3182 1043 χορηγουμένην
3235 974 3489 1045 ἔλλαμψίν
3531 999 3583 1033 τε
3633 988 3704 1038 καὶ

2191 1065 2538 1136 κατανόησιν.
2567 1065 2656 1118 Διὸ
2678 1065 2728 1117 οί
2766 1065 2995 1128 ταύταις
3036 1065 3263 1128 ἑαυτοὺς
3310 1070 3702 1140 καταρτίσαντες,

2189 1157 2414 1219 εἰκότως
2445 1155 2569 1210 νοῦν
2600 1154 2838 1225 Χριστοῦ
2864 1155 3085 1225 ἔχομεν.
3139 1156 3217 1208 Τά
3246 1155 3350 1227 γὰρ
3383 1157 3470 1210 τοῦ
3511 1162 3703 1231 Χριστοῦ

2191 1251 2518 1319 φρονοῦντες
2564 1249 2660 1303 καὶ
2707 1249 2974 1314 νοοῦντες,
3037 1250 3139 1302 οὐκ
3203 1249 3283 1302 ἔτι
3324 1251 3616 1324 ἀνθρωπίνῳ
3633 1260 3704 1310 καὶ

2191 1341 2441 1413 σαρκικῷ
2500 1341 2746 1412 λογισμῷ
2803 1342 3123 1405 σαλεύοντες
3162 1343 3561 1413 κυμαινόμεθα,
3611 1351 3703 1410 ταῖς

2187 1433 2530 1505 ἑκατέρωθεν
2563 1436 2901 1498 ἀντιπνοίαις
2953 1433 3364 1505 χειμαζόμενοι,
3405 1436 3528 1490 ἀλλὰ
3559 1440 3704 1508 πάγαι

2188 1525 2284 1578 καὶ
2329 1526 2725 1596 ἀμετάπειστοι
2786 1526 3076 1594 γεγονότες
3132 1527 3191 1580 ἐν
3238 1527 3469 1597 οὐρανίῳ
3493 1530 3574 1581 καὶ
3601 1531 3699 1599 θείῳ

2187 1617 2288 1680 νοῒ,
2327 1619 2427 1690 τῆς
2465 1619 2729 1687 ἀληθείας
2763 1618 3130 1689 καρπούμεθα
3148 1618 3249 1688 τὴν
3269 1620 3597 1688 mamma
3622 1623 3704 1674 Καὶ

2187 1712 2246 1763 οὐ
2268 1711 2489 1764 δύναται
2519 1711 2746 1781 γνῶναι.
2789 1730 2807 1762 ι
2853 1711 3088 1780 ’Ᾱγνοεῖ,
3115 1713 3300 1782 φησῖν,
3335 1712 3410 1764 ὅτι
3436 1713 3579 1776 αὐτός
3593 1715 3702 1768 ἐστιν

2184 1805 2214 1856 ὁ
2273 1803 2526 1872 ἀνόητος.
2590 1804 2665 1857 Οὐ
2715 1803 2940 1856 δύναται
2993 1805 3102 1874 γὰρ
3150 1803 3354 1872 γνῶναι
3407 1804 3482 1856 ὅτι
3529 1805 3703 1856 ἐπὶτῶν

500 1904 660 1957 opus,
694 1891 1083 1951 deﬁcientibus
1108 1899 1318 1953 scilicet
1343 1901 1600 1956 humanis
1631 1902 2078 1973 cogitationibus.

2187 1895 2465 1957 τοιούτων,
2517 1896 2752 1959 πίστεως
2811 1898 2979 1967 μόνης
3023 1896 3206 1966 χρεία,
3256 1896 3330 1956 ὡς
3396 1895 3703 1950 ἀσθενούντων

500 1979 636 2036 Nam
662 1983 776 2038 hoc.
797 1995 902 2051 est,
930 1988 1294 2058 spiritualiter
1313 1992 1708 2064 dijudicantur,
1773 1993 1922 2064 quod
1983 2010 2082 2064 per

2187 1990 2298 2042 τιῖιν
2320 1989 2618 2059 λογισμῶν.
2656 1989 2826 2042 Τοῦτο
2860 1989 2970 2060 γάρ
3000 1989 3137 2050 ἐστι,
3203 1989 3567 2058 πνευματικῶς
3602 1989 3700 2040 ἂνα-

500 2069 665 2127 ﬁdem
693 2089 758 2129 ac
781 2074 1048 2145 Spiritum
1082 2081 1582 2138 demonstrationes
1611 2085 1820 2139 habent
1857 2099 1922 2139 ea
1961 2100 2082 2154 qua:

2189 2083 2457 2151 κρίνεται,
2482 2082 2761 2135 τουτέστιν
2796 2081 2996 2135 ὅτιδιᾶι
3015 2081 3254 2144 πίστεως
3295 2082 3387 2135 καὶ
3443 2081 3700 2151 Πνεῦματος

498 2163 682 2220 divina
714 2177 866 2224 sunt.
904 2188 923 2221 ι
969 2171 1236 2228 Universa
1263 2175 1487 2244 quidem
1535 2176 1826 2247 diiudicat.
1856 2195 1873 2226 ι
1905 2175 2083 2246 Spiri-

499 2256 683 2321 tualis,
715 2258 917 2328 inquit,
952 2261 1190 2319 fideliter
1223 2265 1472 2320 intuetur
1497 2268 1682 2321 omnia
1712 2283 1776 2322 ac
1825 2268 2084 2338 intelligit

499 2349 781 2416 universa,
804 2361 861 2407 et
895 2369 1017 2424 qum
1035 2357 1257 2427 propria
1284 2368 1413 2414 sunt
1461 2370 1518 2415 et
1554 2376 1678 2432 quae
1721 2360 2025 2416 inﬁdelium
2062 2378 2078 2418 :

498 2451 623 2504 quae
650 2447 836 2494 autem
865 2441 1040 2510 ipsius
1083 2455 1232 2507 sunt,
1259 2446 1529 2502 increduli
1557 2457 1844 2517 nequeunt
1873 2448 2083 2504 intelli-

498 2539 652 2592 gere.
701 2526 838 2582 Nam
877 2529 986 2586 hoc
1040 2541 1146 2598 est,
1193 2535 1343 2604 quod
1398 2535 1477 2592 ait
1513 2552 1528 2591 :
1559 2555 1578 2589 ι
1631 2537 1754 2607 lpse
1814 2547 1998 2594 autem
2049 2553 2080 2593 a

498 2616 723 2673 nemine
739 2619 1106 2691 dij-ndieatur.
1143 2644 1161 2678 ι
1225 2626 1516 2693 Quomodo
1548 2630 1720 2700 igitur
1758 2630 1936 2686 fidelis
1977 2648 2078 2687 no-

498 2703 578 2757 vit
609 2706 795 2760 omnia
817 2708 1126 2776 lQuoniam
1145 2719 1441 2784 praesentia
1469 2719 1695 2788 quidem
1714 2720 1892 2786 novit,
1917 2720 2079 2792 5.37

496 2796 646 2863 quod
679 2798 940 2857 videlicet
968 2804 1177 2860 caduca
1217 2807 1329 2862 sint
1354 2819 1412 2864 et
1457 2809 1694 2882 fragilia,
1727 2811 1914 2867 futura
1946 2829 2080 2870 vero

496 2889 674 2956 novit,
707 2907 908 2964 nempe
943 2897 1090 2966 quod
1123 2899 1346 2956 stabilia
1377 2903 1490 2957 sint
1517 2914 1573 2959 ct
1597 2911 1825 2958 (eterna.
1892 2906 2079 2960 lncreo

491 2981 668 3038 dulus
723 2993 910 3041 autem
962 3005 1146 3060 neque
1196 2995 1486 3062 praesentia
1544 2996 1700 3050 novit
1741 2997 2082 3067 (magnifacit

495 3075 644 3128 enim
693 3077 815 3147 ipsa
834 3096 961 3136 cum
1009 3083 1149 3139 nihil
1183 3085 1316 3157 sint)
1372 3104 1554 3160 neque
1576 3089 1783 3155 futura,
1821 3106 1952 3156 nam
2009 3108 2073 3148 ea

497 3179 570 3219 ne
589 3181 711 3222 esse
730 3171 953 3238 quidem
973 3176 1168 3232 credit.
1195 3197 1213 3229 ι
1234 3177 1369 3244 Quis
1383 3182 1532 3234 enim
1551 3186 1812 3254 cognovit
1831 3194 2071 3241 montem

387 3308 390 3310 _
494 3258 733 3318 Domini.
762 3282 782 3315 ›
821 3263 1003 3332 Quare
1028 3267 1266 3327 inﬁdelis
1303 3274 1437 3328 nihil
1462 3277 1666 3331 novit?
1685 3277 1820 3333 Nam
1850 3279 1957 3335 hoc
1983 3286 2071 3334 est

2185 2176 2286 2236 τὰς
2357 2171 2662 2236 ἀποδείξεις
2712 2171 2824 2242 ἔχει
2897 2172 2968 2224 τὰ
3015 2170 3156 2224 θεῖα.
3218 2189 3237 2222 ι
3302 2170 3585 2240 Ἀνακρίνει
3630 2171 3700 2238 μὲν

2187 2266 2386 2318 πάντα.
2434 2283 2452 2314 ι
2513 2263 2570 2316 Ὀ
2609 2261 3004 2332 πνευματικὸς,
3026 2261 3184 2331 φησὶ.
3225 2262 3426 2326 πιστῶς
3447 2263 3539 2333 ὁρᾷ
3567 2262 3698 2315 πάντα

2187 2356 2283 2408 καὶ
2318 2357 2430 2408 νοεῖ
2455 2355 2654 2420 πάντα,
2684 2355 2778 2408 καὶ
2805 2354 2873 2408 τὰ
2906 2354 3012 2407 ῖδια
3046 2355 3141 2408 καὶ
3170 2354 3242 2408 τὰ
3268 2354 3373 2408 τῶν
3397 2354 3698 2407 interemti

2185 2448 2243 2501 δέ
2270 2464 2332 2513 γε
2362 2446 2550 2512 αὐτοῦ,
2581 2449 2630 2501 οί
2658 2447 2878 2502 ἄπιστοι
2899 2445 3095 2500 είδὲναι
3121 2445 3186 2499 οὐ
3231 2444 3499 2499 δύνανται.
3527 2463 3542 2496 ι
3571 2442 3698 2498 Τοῦτο

2186 2541 2294 2609 γάρ
2317 2541 2488 2605 ἐστιν,
2523 2539 2684 2603 αὐτὸς
2715 2539 2771 2592 δέ
2811 2539 2904 2595 ὐπ’
2929 2539 3148 2602 οὐδενὸς
3171 2539 3528 2611 ἀνακρίνεται.
3562 2555 3578 2588 ι
3608 2536 3698 2596 Πῶς

2188 2631 2288 2687 οῦν
2318 2634 2345 2686 ὁ
2379 2633 2570 2697 πιστὸς
2599 2632 2780 2686 πάντα
2802 2628 2982 2696 οἷδενς
3019 2631 3213 2702 ἐπειδὴ
3241 2627 3351 2684 οἶδε
3407 2627 3501 2700 μὲν
3538 2628 3594 2679 τὰ
3635 2627 3696 2677 ὲν.

2184 2725 2379 2789 ταῦθα,
2412 2726 2493 2777 ὃτι
2531 2723 2709 2795 σαθρᾶ
2739 2725 2833 2776 καὶ
2859 2723 3125 2794 ἐπίκηρα,
3163 2719 3275 2776 οῐδε
3303 2721 3359 2774 δέ
3387 2720 3450 2774 τὰ
3493 2720 3606 2781 ἐκεῖ,
3635 2717 3693 2768 ὅτι

2188 2817 2390 2888 μόνιμα
2408 2818 2502 2870 καὶ
2540 2815 2758 2870 αἰώνια·
2789 2818 2818 2869 ὁ
2848 2816 2905 2870 δέ
2930 2832 2994 2884 γε
3025 2818 3280 2881 ἄπιστος,
3307 2813 3422 2868 οὐδέ
3437 2812 3498 2866 τὰ
3517 2809 3696 2865 ἐνταῦθα

2186 2900 2348 2960 οἶδεν.
2405 2906 2690 2977 (Ἦγείται
2737 2905 2847 2975 γὰρ
2901 2905 3044 2958 αὐτὰ
3100 2898 3341 2976 μεγάλα,
3376 2902 3516 2958 οὐδὲν
3563 2900 3692 2964 avra.)

2186 2999 2306 3052 οὐδὲ
2331 2999 2402 3052 τά
2446 2999 2580 3061 ἐκεῖ,
2629 2998 2853 3052 ἀπιστεῖ
2887 2997 2992 3068 γὰρ
3039 2998 3251 3061 αὐτοῖς.
3287 3016 3308 3049 ι·
3347 2995 3440 3059 Τίς
3474 2993 3568 3063 γὰρ
3593 2992 3696 3059 ἔγνω

2186 3088 2313 3143 νοῦν
2343 3088 2572 3159 Κυρίου.
2607 3105 2624 3140 ι
2672 3089 2822 3141 Διατί
2851 3088 2907 3141 δέ
2929 3089 2957 3141 ὁ
2992 3089 3227 3151 ἄπιστος
3253 3088 3402 3142 οὐδὲν
3428 3082 3552 3150 alas;
3579 3079 3694 3135 τοῦτό

2182 3182 2299 3234 ἐστι
2341 3182 2423 3243 τό,
2473 3180 2590 3246 Τίς,
2643 3182 2764 3235 ἀντὶ
2823 3181 2936 3244 τοῦ,
2963 3181 3158 3244 Οὐδεὶς
3195 3181 3305 3233 τῶν
3328 3179 3552 3235 ἀπίστων
3575 3170 3691 3229 οἶδεν.

2184 3275 2332 3339 Ὅτι,
2371 3274 2558 3346 φησιν,
2592 3275 2693 3328 οὐκ
2730 3275 2871 3342 ἔγνω
2902 3274 3027 3330 νοῦν
3064 3275 3304 3343 Κυρίου.

495 3355 646 3423 quod
683 3355 798 3421 ait;
824 3357 981 3426 Quis,
1007 3359 1059 3414 id
1081 3371 1188 3426 est,
1214 3364 1400 3420 nullus
1422 3367 1682 3435 inﬁdelis,
1709 3371 1905 3426 novit?
1936 3370 2099 3437 Quia,
2134 3367 2335 3436 inquit,
2370 3383 2481 3421 non
2508 3368 2764 3438 cognovit
2796 3377 3034 3422 mentem
3065 3367 3315 3422 Domini.

569 3446 700 3502 Ideo
734 3464 915 3519 neque
949 3454 1270 3509 conciliabit
1301 3471 1427 3511 eum
1460 3459 1586 3524 sibi,
1620 3461 1726 3516 hoc
1750 3472 1855 3526 est,
1884 3465 2071 3534 placa-

2247 3459 2339 3512 Διὸ
2369 3459 2489 3513 οὐδὲ
2518 3458 2844 3528 ωμσισάσει
2899 3458 3061 3512 αὐτὸν
3111 3457 3319 3528 ἑαυτῷ,
3359 3455 3575 3511 τουτέστι
3601 3469 3696 3505 κατ’

498 3537 585 3592 bit
609 3547 706 3593 aut
733 3541 791 3595 in
816 3542 1116 3599 amicitiam
1152 3547 1382 3603 reducet
1416 3567 1430 3602 :
1465 3549 1691 3608 inimico
1745 3561 1930 3610 autem
1984 3570 2081 3610 ne-

495 3645 776 3701 quaquam
807 3635 1078 3690 revelabit
1108 3637 1271 3693 Deus.
1305 3641 1374 3695 Et
1419 3659 1592 3713 quare
1639 3644 1831 3702 ﬁdeles
1869 3657 1928 3702 et
1971 3647 2084 3717 spi—

496 3720 728 3778 rituales
772 3731 1152 3795 cognoscunt?
1219 3731 1510 3798 Quoniam,
1567 3736 1767 3807 inquit,
1843 3747 2082 3795 mentem

498 3808 707 3866 Christi
766 3813 1056 3884 habemus,
1101 3819 1207 3876 hoc
1264 3831 1370 3887 est,
1421 3825 1676 3894 spiritum
1729 3825 1988 3883 Christi?
2026 3837 2084 3883 et

497 3917 624 3972 quae
652 3905 929 3973 novimus,
965 3926 995 3964 a
1052 3910 1261 3981 Spiritu
1295 3917 1700 3974 sancto-edocti
1729 3927 1954 3976 sumus.
1998 3920 2084 3976 Illi

496 3994 885 4066 igiturmcrito
938 4002 1214 4072 ignorant,
1245 4023 1372 4063 cum
1405 4010 1575 4064 Deum
1621 4012 1858 4069 habeant
1922 4031 2084 4069 aver-

501 4102 625 4142 sum
660 4089 806 4146 z'nos
831 4108 986 4160 vero,
1029 4097 1230 4168 inquit,
1267 4103 1676 4173 cognoscimus,
1710 4119 1837 4160 cum
1871 4107 1954 4162 usi
1990 4122 2086 4162 su-

479 4191 623 4233 .mus
650 4179 876 4238 doctore
906 4183 1205 4254 Spiritu.—-—-
1233 4190 1329 4245 Est
1356 4201 1539 4247 autem
1565 4195 1906 4266 hyperbaton
1936 4201 2083 4267 quod

497 4269 612 4323 ait:
641 4289 658 4322 ι
681 4272 816 4338 Quis
842 4277 990 4331 enim
1032 4283 1541 4348 cognovitmentcm
1567 4286 1808 4341 Domini.
1835 4308 1852 4340 ι
1879 4289 2087 4345 Conse—

496 4361 683 4419 cutive
725 4366 874 4421 enim
907 4367 1074 4424 debet
1096 4373 1172 4426 illi
1210 4375 1496 4443 particulae
1532 4379 1815 4449 conjungi,
1850 4381 1962 4436 Nec
1984 4396 2083 4451 po-

500 4461 609 4508 test
633 4471 989 4526 cognoscere,
1009 4463 1138 4530 quia
1152 4463 1517 4532 spiritualiter
1543 4467 1869 4538 diiudicant.
1901 4471 2088 4528 Potest

497 4554 683 4602 tamen
713 4558 771 4604 et
801 4550 924 4606 sine
956 4552 1264 4622 hyperbato
1285 4558 1581 4623 declarari,
1609 4573 1775 4630 prout
1800 4565 1974 4632 posita
2004 4575 2087 4620 est

494 4638 834 4698 elocutionis
862 4646 1159 4713 particula.
1199 4667 1217 4699 ι
1272 4649 1384 4704 Nos
1427 4661 1613 4707 autem
1672 4665 1916 4710 mentem
1979 4657 2086 4712 Do-

497 4733 942 4793 minihabcmus.
982 4757 1000 4790 ι
1029 4740 1133 4805 Qui
1161 4741 1679 4801 imitationementis
1702 4747 1850 4802 illius
1879 4764 1988 4817 quo
2014 4750 2080 4804 ad

2181 3550 2420 3616 αλλάξει.
2469 3551 2581 3604 Οὐκ
2617 3551 2682 3604 ἂν
2739 3550 2796 3604 δὲ
2846 3549 2928 3621 τῷ
2965 3549 3145 3621 ἐχθρῷ
3195 3544 3691 3616 άποκαλύψιιὸθείς.

2183 3643 2337 3698 Διατί
2369 3644 2426 3697 δέ
2457 3643 2506 3695 οἱ
2532 3642 2715 3696 πιστοὶ
2734 3642 2833 3696 καὶ
2864 3643 2915 3696 ot
2972 3643 3344 3712 πνευματικοὶ
3395 3641 3581 3704 (cum;
3619 3638 3691 3699 ὅτι,

2185 3735 2340 3806 φησὶ,
2373 3733 2497 3788 νοῦν
2526 3731 2764 3804 Χριστοῦ
2823 3733 3042 3804 ἔχομεν,
3074 3734 3329 3787 τουτέστι
3378 3730 3570 3799 πνεῦμα
3601 3727 3694 3793 Χρι-

2189 3826 2340 3894 στοῦ,
2371 3826 2636 3895 καὶᾶ-περ
2694 3824 3012 3896 ῐσμεν,“ὐπὸ
3055 3824 3152 3878 τοῦ
3199 3825 3504 3894 Πνεύματος
3548 3817 3694 3873 δεδιδά-

2185 3920 2388 3990 γμεθα.
2422 3919 2662 3983 Εξκοτως
2693 3913 2788 3972 οὖν
2821 3919 2871 3972 οί
2902 3917 3002 3988 μὲν
3031 3918 3345 3984 ἀγνοοῦσιν,
3379 3911 3694 3984 ἀπεστραμμέ-

2185 4029 2274 4064 νον
2305 4011 2518 4082 ἔχοντες
2545 4011 2638 4064 τὸν
2669 4009 2823 4073 Θεὸν,
2854 4012 3016 4079 ἡμεῖς
3075 4011 3154 4076 δὲ,
3204 4013 3400 4080 φησίν,
3457 4009 3590 4078 ίσμεν
3627 4002 3692 4058 τοῦ

2186 4105 2506 4174 Πνεύματος
2571 4103 2978 4175 εὐπορήσαντες
3039 4103 3385 4158 διδασκάλου.
3441 4131 3504 4142 -—
3542 4094 3690 4172 [ΦΩΉ

2188 4198 2327 4250 Καθ’
2351 4194 2660 4267 ὑπερϐατὸν
2683 4195 2738 4248 δέ
2765 4195 2846 4258 τὸ,
2883 4213 2904 4246 ‹
2930 4194 3026 4257 Τίς
3045 4194 3156 4264 γὰρ
3182 4194 3326 4263 ἔγνω
3351 4191 3468 4247 νοῦν
3490 4190 3687 4260 κυρίους»

2199 4290 2314 4359 Ἐφ’
2345 4289 2475 4357 ἑξῆς
2495 4289 2603 4357 γὰρ
2632 4286 2836 4356 ὀφείλει
2864 4285 3278 4351 συντάττεσθαι,
3309 4285 3420 4350 τοῦ,
3446 4282 3512 4339 Οὐ
3527 4279 3689 4335 δύναται

2187 4379 2394 4449 γνῶναι
2424 4381 2506 4433 ὅτι
2535 4377 2926 4448 πνευματικῶς
2989 4377 3364 4446 ἀνακρίνεται.
3416 4374 3616 4429 Δυνατδν
3651 4368 3688 4421 δὲ

2187 4472 2284 4526 καὶ
2345 4471 2516 4542 χωρὶς
2567 4469 2879 4543 ὑπερϐατοῦ
2921 4470 2997 4533 ὡς
3053 4469 3167 4538 ἔχει
3209 4471 3456 4541 φράσεως
3475 4468 3528 4520 τὸ
3545 4463 3689 4536 χωρίον

2187 4564 2460 4617 ἐκλαϐεῖν.
2517 4581 2534 4614 ι
2587 4563 2779 4632 Ἡμεῖς
2832 4563 2890 4617 δὲ
2951 4563 3078 4617 νοῦν
3125 4563 3365 4634 Χριστοῦ
3403 4562 3690 4632 ἔχομεν.»-

2191 4655 2438 4727 [ΓΡΗΓ.,
2474 4654 3012 4728 υῐ-ΚΟΥΜΕΝΙΟΥ.]
3090 4658 3152 4710 Οἱ
3239 4657 3461 4726 μιμήσει
3512 4649 3588 4704 τος,
3625 4644 3688 4698 νοῇ

2189 4747 2398 4802 ἐκείνου
2437 4746 2531 4800 τοῦ
2561 4747 2929 4817 ἀνθρωπίνου,
2961 4743 3022 4803 οὗ
3055 4747 3283 4804 ἀνέλαῦε
3318 4744 3532 4817 Χριστδς
3557 4737 3688 4797 ὁΘεδς

500 4823 900 4884 humanitatem
926 4848 1092 4900 quam
1161 4835 1394 4905 suscipit
1419 4837 1672 4894 Christus
1715 4841 1859 4896 Deus
1894 4851 2082 4897 noster

2188 4839 2363 4908 ἡμῶν,
2397 4838 2486 4890 τὸν
2509 4838 2719 4892 ἑαυτῶν
2751 4838 2878 4893 νοῦν
2908 4837 3343 4908 ἐκκαθάραντες,
3379 4855 3398 4888 ι
3428 4826 3567 4887 Οὗτοι
3599 4825 3688 4880 νοῦν

500 4931 658 4970 suam
726 4929 968 4977 mentem
1038 4925 1427 4994 puriticarunt,
1482 4929 1536 4983 hi
1593 4941 1830 4985 mentem
1877 4931 2084 4988 Christi

500 5006 985 5068 habent—Aliud.
1017 5018 1126 5072 Aut
1160 5027 1400 5074 mentem
1427 5019 1634 5077 Christi
1657 5031 1815 5077 vocat
1840 5023 2079 5078 Patrem.

504 5098 805 5168 Habemus,
831 5103 1033 5174 inquit,
1087 5109 1142 5162 in
1169 5111 1330 5167 vobis
1379 5112 1513 5181 ipsis
1557 5112 1765 5169 Christi
1821 5115 2039 5170 Patrem
2066 5155 2084 5183 ,

494 5191 654 5261 juxta
683 5193 816 5248 illud
853 5211 868 5248 :
903 5215 921 5247 ι
951 5196 1278 5256 lnhabitabo
1318 5204 1376 5256 in
1404 5203 1488 5259 eis
1513 5212 1572 5260 et
1589 5205 1945 5262 inambulabo
1960 5208 2028 5262 ’³.
2053 5227 2073 5261 ι

501 5282 741 5339 Mentem
775 5285 924 5340 enim
964 5291 1238 5358 appellare
1269 5293 1507 5359 Patrem,
1568 5297 1773 5353 sanctis
1823 5297 2086 5369 frequens

502 5385 625 5439 est,
657 5385 719 5430 ut
746 5393 875 5432 cum
912 5379 1081 5435 habet
1127 5381 1434 5454 Gregorius
1466 5403 1480 5439 :
1518 5387 1717 5454 Mente,
1775 5390 1977 5454 Verbo,
2031 5401 2088 5446 et

502 5467 720 5537 Spiritu
756 5487 865 5526 una
914 5476 1262 5530 connaturali
1317 5477 1628 5534 divinitate.
1685 5481 1754 5535 Et
1811 5497 2084 5537 rursum:

501 5561 754 5618 P.-in.um
788 5565 1011 5634 quidem
1054 5568 1373 5624 considerat
1389 5570 1667 5640 angelicas
1702 5573 1977 5640 potentias
2024 5589 2088 5630 ac

502 5669 536 5711 c
559 5659 762 5713 ciestcs
795 5664 852 5712 et
875 5667 1178 5728 conceptus
1209 5659 1408 5716 Mentis
1435 5676 1574 5732 opus
1591 5662 1696 5717 fuit
1722 5661 1907 5720 Verbo
1935 5681 2086 5720 com-

507 5755 714 5821 pictum
770 5758 830 5806 et
876 5751 1086 5822 Spiritu
1147 5756 1470 5825 perfectum.
1537 5775 1555 5807 ι
1596 5755 1830 5812 Mentem
1878 5757 2079 5814 Christi

577 5867 623 5900 "
657 5865 698 5922 ll
724 5867 850 5922 Cor.
889 5884 960 5933 v1,
1007 5870 1090 5924 l6.

2186 4926 2424 4996 Χριστοῦ
2489 4927 2726 4997 ἔχουσιν.
2799 4945 2819 4979 t
2873 4927 3075 4980 Ἄλλο.
3127 4926 3196 4978 Ἦ
3249 4924 3373 4977 νοῦν
3397 4915 3602 4992 Χριστοῦ
3626 4911 3688 4964 τίν

2185 5019 2405 5088 Πατέρα
2443 5019 2618 5073 καλεῖ.
2679 5036 2698 5070 ι
2734 5018 2992 5088 Ἔχομεν,
3049 5016 3236 5088 φησὶν,
3298 5018 3354 5069 ὲν
3404 5010 3590 5071 ἑαυτοῖς
3625 5002 3687 5056 τὸν

2182 5111 2276 5166 τοῦ
2308 5109 2548 5181 Χριστοῦ
2581 5109 2822 5181 Πατέρα,
2857 5109 2933 5173 ὡς
2987 5110 3069 5174 τδ,
3114 5108 3412 5180 Ἐνοικήσω
3456 5104 3510 5156 ἐν
3555 5096 3688 5153 αὐτοῖς

2184 5205 2279 5257 καὶ
2307 5202 2773 5273 ἐμπεριπατήσω.
2806 5219 2824 5252 ι
2853 5199 3135 5271 Νοῦνιγὰρ
3157 5201 3253 5253 τὸν
3308 5197 3514 5268 Πατέρα
3555 5188 3685 5253 λέγειν

2185 5296 2306 5360 ἔθος
2332 5297 2444 5358 τοῖς
2489 5295 2691 5363 ἁγίοις,
2735 5293 2810 5357 ὼς
2847 5293 3146 5364 Γρηγὸριος
3167 5292 3324 5346 ’Καὶ
3347 5289 3436 5360 Νῷ
3466 5285 3547 5340 καὶ
3572 5279 3684 5344 Λάγῳ

2185 5389 2281 5442 καὶ
2315 5387 2596 5458 Πνεῦματι
2624 5389 2689 5458 τῇ
2717 5387 2817 5458 μιᾷ
2852 5385 3174 5456 συμπεφυῖςι
3205 5383 3434 5454 θεότητι⁸
3482 5376 3574 5431 καὶ
3611 5368 3685 5423 πά.

2184 5481 2290 5532 λιν·
2323 5481 2547 5550 Πρῶτον
2577 5479 2675 5550 μὲν
2701 5480 2872 5533 ἐννοεῖ
2925 5479 3024 5542 τὰς
3055 5475 3351 5547 ἀγγελικάς
3377 5471 3600 5542 δυνάμεις
3619 5459 3685 5515 κδὶ

2184 5572 2490 5644 οὐρανίους,
2526 5575 2620 5626 καὶ
2650 5570 3002 5642 τὸἘννόημα
3016 5570 3177 5642 ἔργον
3199 5564 3288 5640 ἦν,
3317 5567 3467 5636 Λόγῳ
3494 5556 3688 5630 dum”?

2189 5665 2472 5737 ρούμενον,
2508 5664 2603 5718 καὶ
2633 5664 2912 5735 Πνεύματι
2935 5661 3328 5733 τελειούμενον.
3359 5679 3377 5712 ι
3427 5655 3552 5712 Νοῦν
3587 5649 3681 5746 Χρέ-

2193 5759 2319 5814 στοῦ
2355 5757 2570 5831 ἔχομεν.
2607 5777 2624 5810 ι
2652 5757 2933 5821 Τουτέστι,
2982 5755 3050 5810 τὰ
3080 5755 3136 5807 ἐν
3167 5752 3245 5826 τῷ
3273 5752 3348 5824 νῷ
3373 5751 3458 5806 τοῦ
3480 5749 3678 5816 Χριστου.
