3880 6566
519 425 623 493 671

1576 423 1978 487 (ECUMENII
2000 418 2295 484 TRICCA‘I
2331 423 2672 486 EPISCOPI
3615 437 3692 502 ετξ

523 537 696 608 igitur
758 542 844 593 est
895 535 1140 592 Paulus?
1173 554 1192 588 ι
1229 531 1273 593 0
1325 533 1706 590 admirandam
1753 534 2113 604 sapientiam!

2220 527 2320 588 οῦν
2349 536 2470 588 ἐστι
2519 532 2734 599 Παῦλος
2763 551 2780 600 ;
2815 551 2834 587 ι
2873 531 3048 589 Βαϐαὶ
3076 533 3177 605 τῆς
3205 506 3436 606 ’σοφίαςί
3459 539 3526 604 είς
3549 542 3693 602 ἑαυτὸν

525 627 783 710 Seipsum
809 636 866 683 et
891 627 1089 696 Apollo
1105 637 1366 682 extenuat
1388 635 1450 680 ut
1489 626 1595 682 hoc
1629 634 1852 680 statuat.
1907 623 1965 680 Si
1989 639 2110 691 nos,

525 718 726 788 inquit,
757 719 896 773 nihil
930 734 1144 782 sumus,
1176 719 1305 788 quid
1350 718 1860 789 poterit'quispiam
1926 717 2114 773 dicere

521 811 587 866 de
617 811 1051 880 praeceptoribus
1069 812 1162 880 qui
1199 811 1345 880 apud
1372 828 1470 867 vos
1519 819 1648 867 sunt
1676 811 1707 865 ?‘
1733 831 1750 862 ι
1782 810 1898 866 Nisi
1952 810 2118 864 mini-

519 901 643 955 stri.
677 919 695 952 ι
737 901 992 972 Magnum
1021 901 1244 970 quidem
1275 909 1360 956 est
1419 916 1542 957 esse
1607 901 1774 956 etiam
1831 900 2117 955 ministros

525 991 674 1058 lidei;
719 1007 917 1047 verum
947 991 992 1047 si
1027 992 1094 1047 ad
1121 993 1433 1062 exemplum
1453 993 1726 1058 conferas,
1760 992 2116 1061 radicemque

522 1085 799 1138 honorum
833 1083 1152 1148 Christum,
1209 1100 1340 1156 pars
1384 1084 1634 1154 quadarn
1684 1083 1959 1140 sermonis
2007 1091 2113 1137 est.

517 1170 655 1229 Nam
687 1177 782 1246 qui
805 1177 952 1232 bona
985 1177 1204 1241 tribuit,
1256 1175 1304 1230 is
1349 1175 1569 1230 demum
1631 1175 1773 1230 bene
1832 1174 1900 1229 de
1954 1173 2116 1230 nobis

521 1279 790 1335 meretur,
818 1285 930 1323 non
963 1268 1387 1339 qui-ministrat.
1418 1266 1666 1322 Minister
1714 1276 1894 1321 tamen
1941 1265 2117 1337 major

522 1370 607 1416 est
632 1377 698 1417 eo
723 1361 816 1431 qui
841 1361 1201 1431 Evangelium
1236 1359 1514 1430 praedicat,
1550 1368 1821 1429 quatenus
1854 1358 1945 1413 hic
1989 1357 2116 1428 qui-

523 1455 648 1509 dem
704 1469 995 1509 sermones
1043 1453 1356 1515 annuntiat,
1407 1451 1501 1506 ille
1549 1469 1682 1507 vero
1725 1452 1890 1507 etiam
1931 1440 2114 1520 'Vopera

524 1547 774 1602 exhibet.
820 1565 844 1597 ο
871 1547 940 1600 Ει
997 1553 1062 1600 ut
1092 1545 1295 1615 cuique
1330 1545 1600 1600 Dominus
1653 1544 1828 1601 dedit.
1865 1564 1884 1595 ι
1924 1544 2115 1614 Neque

523 1656 674 1705 eam,
699 1641 900 1710 inquit,
921 1639 1220 1695 ministerii
1241 1647 1449 1710 partem
1468 1655 1496 1692 a
1520 1639 1823 1709 nobisipsis
1845 1639 2116 1694 habemus

527 1733 626 1789 sed
657 1732 764 1787 hoc
799 1733 985 1802 ipsum
1031 1748 1252 1803 quoque
1280 1748 1312 1787 a
1344 1731 1567 1787 Christo
1610 1733 1946 1802 accepimus.
2003 1732 2116 1787 Hoc

2215 626 2310 678 καὶ
2366 625 2611 679 Ἀπολλῶ
2653 625 2896 698 ἐκενώθη
2933 667 2949 693 ,
3009 626 3169 681 τοῦτο
3235 633 3620 698 κατασκευάζων.
3649 640 3695 693 Et

2215 716 2400 787 ἡμεῖς,
2439 716 2627 787 φησιν,
2650 716 2804 770 οὐδέν
2835 718 3028 788 ἐσμεν,
3068 718 3120 770 τί
3145 719 3210 774 ἄν
3241 736 3320 782 τις
3339 721 3467 774 είποι
3493 725 3599 794 περὶ
3617 729 3696 782 τῶν

2217 807 2346 876 παρ’
2375 807 2506 877 ὗμῐν
2546 807 2921 875 διδασκάλωνζ
2958 827 2978 860 ι
3032 808 3171 862 Ἀλλ’
3215 809 3247 880 ἢ
3278 810 3512 868 διάκονοι.
3539 833 3558 865 ι
3581 817 3697 886 Μέγα

2219 896 2341 969 μὲν,
2378 899 2472 952 καὶ
2505 896 2566 950 1:6
2619 892 2761 950 εἶναι
2800 897 3084 962 διακόνους
3129 899 3376 966 πίστεως,
3429 903 3545 973 πρὸς
3589 906 3698 961 δὲτδ

2216 987 2526 1060 ἀρχέτυπον
2565 987 2661 1042 καὶ
2687 989 2796 1059 τὴν·
2817 989 2976 1060 ῥίζαν
3005 988 3113 1043 τῶν
3132 989 3348 1058 ἀγαθῶν
3397 995 3478 1047 τὸν
3505 996 3696 1066 Χριστὸν,

2221 1079 2388 1150 μέρος
2413 1097 2465 1132 τι
2491 1077 2675 1148 λόγου.
2721 1079 2787 1133 '0
2804 1079 2914 1150 γὰρ
2940 1079 3197 1152 παρέχων
3245 1083 3313 1137 τὰ
3345 1085 3526 1154 ἀγαθὰ,
3572 1089 3646 1160 οὐχ
3681 1093 3699 1144 6

2215 1165 2478 1220 διακονῶν
2509 1167 2807 1238 εὐεργετεὶ.
2865 1167 2939 1220 Τὸ
2963 1169 3071 1240 γὰρ
3127 1169 3388 1237 διάκονος,
3444 1176 3599 1243 μεῖζον
3635 1177 3700 1230 τοῦ

2217 1263 2729 1333 εὗαγγελιζομὲνου,
2788 1264 2913 1318 ὅσον
2943 1267 2972 1319 6
3024 1266 3123 1336 μὲν
3161 1265 3347 1335 λόγους
3368 1269 3703 1338 deny-{mani

2214 1357 2272 1412 δὲ
2299 1359 2389 1410 καὶ
2412 1356 2552 1427 ἔργα
2575 1359 2745 1412 ποιεῖ.
2779 1376 2797 1410 ι
2839 1359 2949 1412 Καὶ
2987 1360 3207 1431 ἑκάστῳ
3238 1360 3312 1424 ὡς
3340 1364 3366 1415 6
3420 1363 3592 1434 Κύριος
3613 1366 3703 1421 ἔδω.

2217 1465 2332 1502 κεν.
2377 1467 2394 1500 ι
2435 1449 2568 1502 Οὐδὲ
2600 1449 2732 1503 αὐτὸ
2753 1450 2813 1503 τὸ
2839 1451 3036 1522 μικρὸν
3060 1452 3122 1505 τὸ
3151 1455 3250 1524 τῆς
3271 1452 3538 1520 διακονίας,
3590 1465 3701 1529 φησὶ,

2216 1541 2352 1612 παρ’
2387 1541 2597 1595 ἑαυτῶν
2625 1542 2847 1613 ἔχομεν,
2876 1543 3014 1598 ἀλλὰ
3039 1545 3134 1598 καὶ
3172 1545 3328 1599 τοῦτο
3377 1549 3510 1619 παρὰ
3553 1552 3705 1623 Κυρίου

2216 1633 2542 1705 εἰλήφαμεν.
2573 1635 2745 1688 Τοῦτο
2766 1636 2939 1705 λέγει,
2981 1656 2999 1689 ι
3041 1638 3152 1691 Καὶ
3191 1637 3399 1709 ἑκάστῳ
3419 1639 3485 1704 ὡς
3511 1643 3535 1696 6
3560 1645 3706 1713 Κύριος

2217 1725 2438 1780 ἔδωκεν.
2505 1745 2523 1779 ι
2567 1745 2585 1780 ι
2635 1725 2776 1797 Ἐγὼ
2809 1729 3108 1799 ἐφύτευσα.
3158 1749 3178 1782 ι
3245 1731 3378 1800 Ἐγὼ
3425 1732 3541 1802 μὲν,
3595 1737 3702 1804 φησι,

525 1824 681 1881 enim
699 1825 816 1880 vuit
847 1841 970 1880 cum
1007 1825 1085 1880 ait
1111 1843 1123 1880 :
1163 1845 1181 1877 ι
1205 1826 1273 1880 Et
1295 1835 1357 1879 ut
1379 1825 1577 1895 cuique
1603 1825 1867 1880 Dominus
1889 1823 2058 1879 dedit.
2088 1841 2108 1876 ι

2219 1819 2438 1892 πρῶτος
2468 1819 2530 1874 τὸ
2559 1822 2822 1894 κήρυγμα
2883 1824 3312 1896 ἔγκατέσπειρα,
3362 1825 3391 1878 δ
3421 1825 3472 1880 δὲ
3505 1827 3705 1893 Ἀπολλὼς

533 1933 553 1967 ι
585 1915 707 1986 Ego
730 1917 988 1986 plantavi.
1020 1936 1050 1967 ι-
1077 1917 1190 1986 Ego
1241 1917 1465 1986 quidem
1511 1917 1725 1986 primus
1766 1916 2114 1986 praedicatio-

526 2022 663 2061 nem
685 2008 747 2062 in
769 2007 927 2063 vobis
945 2008 1327 2073 disseminavi,
1357 2009 1584 2079 Apollos
1612 2024 1745 2064 vero
1781 2024 1878 2063 sua
1910 2007 2112 2062 exhor-

528 2097 738 2153 tatione
757 2113 869 2153 non
900 2099 1354 2168 permisitsemcn
1373 2101 1572 2155 ardore
1600 2099 1965 2154 tentationum
1985 2115 2114 2154 exa-

527 2203 766 2243 rescere.
824 2189 1135 2246 Perfectum
1162 2206 1294 2245 vero
1347 2205 1505 2261 opus,
1555 2191 1652 2246 Dei
1683 2199 1767 2246 est
1812 2192 1908 2261 qui
1959 2191 2114 2246 dedit

529 2280 954 2336 incrementum.
997 2301 1015 2332 ι
1052 2282 1242 2352 Neque
1273 2283 1367 2352 qui
1399 2283 1610 2352 plantat
1663 2291 1752 2336 est
1795 2282 2024 2353 aliquid.
2088 2302 2107 2335 ι

528 2371 664 2427 Vide
683 2373 961 2442 quomodo
986 2373 1402 2444 depressionem
1440 2374 1674 2428 divitum
1705 2390 1767 2429 ae
1798 2375 2110 2444 sapientum

529 2466 734 2536 qtri‘eis
754 2476 1050 2536 praeerant,
1080 2467 1290 2522 invidia
1314 2481 1517 2522 carere
1533 2467 1685 2532 facit,
1750 2466 2114 2538 deprimendo

529 2557 857 2627 Scipsum‘et
911 2558 1106 2628 Apollo
1163 2569 1428 2629 quantum
1484 2560 1551 2614 ad
1610 2563 2009 2631 apparentiam,
2059 2570 2115 2616 et

535 2651 880 2706 oStendendo
930 2652 1076 2722 quod
1109 2652 1175 2707 ad
1198 2653 1375 2707 solum
1401 2654 1573 2708 Deum
1622 2640 1906 2710 attendere
1951 2670 2116 2726 opor-

535 2748 665 2800 teat,
694 2748 751 2795 et
783 2739 835 2794 in
863 2741 1038 2811 ipsum
1066 2742 1274 2798 referre
1317 2743 1571 2799 universa
1616 2760 1737 2815 qua:
1790 2745 2116 2816 contingunt

537 2830 716 2886 bona?
746 2849 765 2883 ι
793 2833 894 2900 Qui
920 2835 1138 2904 plantat
1172 2844 1228 2891 et
1261 2836 1357 2906 qui
1387 2836 1525 2908 rigat
1585 2853 1756 2892 unum
1807 2845 1955 2892 sunt.
1989 2857 2006 2889 ι
2053 2837 2111 2893 In

532 2929 638 2983 hoc
670 2929 830 2999 quod‘
865 2930 1003 2985 nihil
1041 2931 1278 3002 amplius
1317 2933 1532 3003 possint
1595 2933 1803 3004 absque
1850 2934 1964 2990 Deo
2016 2949 2115 2987 an-

532 3028 869 3092 gmentante.
903 3053 972 3062 —
1010 3022 1130 3078 A’h’b
1180 3025 1354 3078 modo.
1427 3024 1887 3096 Quandoquidem
1945 3027 2115 3081 multa

536 3127 666 3167 sane
691 3115 966 3184 percurrit
1007 3115 1074 3172 de
1118 3117 1574 3187 prmeeptorihus,
1639 3119 1876 3174 dicens:
1917 3137 1935 3170 ι
1982 3117 2117 3185 Quis

533 3215 618 3261 est
640 3207 859 3271 Paulus,
889 3210 1014 3278 quis
1045 3226 1176 3265 vero
1206 3211 1470 3280 Apollosl
1511 3229 1528 3262 ›
1565 3219 1620 3266 et
1649 3227 1868 3266 rursum
1899 3223 1929 3265 :-
1959 3229 1977 3263 ι
2005 3211 2112 3266 lta-
2140 3252 2185 3316 C

533 3313 641 3368 que
681 3316 858 3369 neque
901 3301 994 3371 qui
1053 3301 1365 3371 plantatest
1392 3303 1624 3373 aliquid,
1672 3319 1854 3374 neque
1900 3303 1994 3374 qui
2034 3303 2111 3358 ri-

533 3399 648 3459 gat.
677 3410 696 3443 ι
718 3390 832 3446 Hoc
861 3403 1045 3447 autem
1075 3393 1330 3460 faciebat,
1377 3412 1570 3451 eorum
1625 3397 1878 3468 mitigare
1923 3397 2114 3453 volens

534 3480 819 3549 ardorem,
873 3484 966 3554 qui
1010 3485 1081 3539 ob
1141 3486 1452 3542 doctrinam
1493 3489 1891 3558 superbiebant
1940 3498 2002 3543 et
2043 3489 2112 3544 ad

533 3574 919 3629 contentiones
972 3591 1038 3631 ac
1082 3574 1350 3633 factiones
1395 3578 1600 3634 Christi
1657 3579 1934 3648 populum
1981 3594 2110 3648 per-

536 3664 846 3720 trahebant.
889 3666 1158 3733 Quoniam
1205 3669 1374 3739 igitur
1413 3672 1547 3725 satis
1583 3672 1734 3725 visus
1774 3680 1858 3726 est
1890 3671 2113 3728 illorum

533 3756 733 3811 fastum
790 3773 1088 3829 purgasse;
1125 3775 1192 3816 eo
1237 3763 1381 3832 quod
1440 3761 1684 3832 seipsum
1733 3779 1954 3833 quoque
2008 3780 2114 3819 una

533 3865 660 3906 cum
704 3851 899 3922 Apollo
933 3852 1287 3924 d'epresserit,
1321 3871 1387 3910 ne
1421 3857 1644 3926 quidam
1695 3858 1917 3914 dicant:
1952 3857 2118 3930 440

533 3940 684 3996 Vane
743 3941 912 4012 igitur
952 3943 1243 4013 praedicas,
1290 3945 1493 4002 frustra
1533 3949 1814 4002 sustinens
1856 3964 1954 4018 pro
1978 3965 2117 4018 pra:-

477 4081 488 4092 ,
531 4029 816 4088 dicatione
837 4033 1076 4090 labores.
1114 4035 1442 4106 Huj‘usmodi
1465 4037 1724 4093 refellens
1774 4038 2117 4110 objectiones

531 4123 821 4195 subiungit
853 4141 867 4178 :
897 4125 1290 4198 Unusquisque
1318 4145 1476 4183 suam
1511 4129 1822 4185 mercedem
1858 4131 2114 4202 accipiet,

525 4215 684 4286 iuxta
711 4232 872 4272 suum
896 4218 1165 4274 laborem.
1201 4239 1219 4272 ι
1257 4221 1460 4277 Dicens
1504 4223 1904 4293 propemodum
1949 4239 1964 4278 :
2017 4241 2120 4280 ne-

530 4324 808 4380 quaquam
843 4311 1028 4366 animo
1048 4322 1282 4380 angatur
1311 4313 1405 4384 qui
1423 4313 1566 4370 bene
1586 4313 1783 4380 docet,
1804 4331 2118 4387 quanquam

529 4403 680 4458 enim
702 4403 1141 4472 prohibetur,ne
1171 4405 1377 4461 Christi
1403 4407 1671 4478 pepulum
1702 4407 1937 4475 dividat,
1976 4409 2117 4465 sibi-

529 4511 638 4565 que
693 4496 960 4561 vindicet,
1017 4507 1074 4553 et
1131 4497 1278 4553 inter
1338 4514 1437 4554 vos
1495 4507 1753 4570 tanquam
1813 4512 2121 4572 praeceptor

2215 1915 2282 1984 τῇ
2309 1914 2440 1985 παρ’
2469 1914 2666 1966 ἑαυτοῦ
2701 1915 3070 1987 παρακλήσει,
3102 1916 3204 1970 οὐκ
3261 1916 3432 1971 εἴασεν
3469 1920 3706 1990 ἀποξηραν-

2218 2003 2376 2074 θῆναι
2402 2005 2495 2077 τὸν
2518 2005 2721 2075 σπόρον
2747 2007 2822 2078 τῷ
2847 2007 3089 2062 καύσωνι
3121 2008 3227 2062 τῶν
3289 2011 3591 2080 πειρασμῶν,
3607 2011 3651 2063 τὸ
3668 2012 3703 2064 δὲ

2217 2095 2289 2166 δὴ
2329 2096 2470 2159 ὅλον,
2521 2096 2619 2150 τοῦ
2683 2097 3010 2163 αὖξάνοντος
3062 2098 3223 2154 Θεοῦ.
3263 2120 3279 2152 ι
3309 2099 3436 2154 Οῦτε
3467 2104 3492 2155 6
3524 2103 3704 2170 φυτεύων

2219 2189 2334 2242 ἔστι
2355 2207 2428 2243 τι.
2474 2209 2493 2244 ι
2530 2192 2674 2262 Ὅρα
2719 2192 2838 2255 πῶς
2876 2192 3164 2263 ἀνεπαχθῆ
3213 2195 3440 2247 ποιεῖται
3487 2194 3567 2264 τὴν
3600 2197 3704 2262 ἑξῆς.

2219 2284 2444 2339 δένωσιν
2481 2286 2590 2338 τῶν
2639 2285 3003 2358 προεστώτων
3031 2287 3212 2341 αὐτῶν
3258 2287 3426 2357 σοφῶν
3472 2289 3551 2343 καὶ
3590 2291 3704 2343 πλον-

2221 2377 2373 2442 σίων,
2406 2378 2602 2434 ἑαυτδν
2635 2379 2730 2431 καὶ
2771 2378 3021 2433 ’Λπόλλῶ
3052 2380 3136 2443 είς
3179 2379 3241 2433 τδ
3281 2379 3573 2450 φαινόμενον
3599 2380 3707 2445 tio-i-

2219 2472 2480 2539 δενώσας.
2516 2472 2612 2526 καὶ
2644 2472 2824 2538 δείξας
2859 2473 2936 2536 ὡς
2987 2473 3096 2546 χρὴ
3154 2472 3299 2544 μόνῳ
3344 2471 3417 2543 τῷ
3450 2472 3550 2544 Θεῷ
3587 2491 3704 2545 πριι-

2221 2559 2389 2631 ἐχειν,
2411 2560 2507 2614 καὶ
2526 2562 2605 2624 είς
2628 2561 2792 2614 αὐτὸν
2813 2561 3143 2616 ἀνατιθέναι·
3156 2562 3334 2616 πάντα
3348 2563 3410 2615 τὰ
3428 2561 3706 2632 συμϐαίνοντι

2222 2653 2442 2720 ἁγαθά;
2485 2671 2504 2704 ι
2547 2652 2608 2706 '0
2643 2651 2911 2721 φυτεύων,
2954 2653 3108 2724 φησὶ,
3146 2653 3239 2706 καὶ
3267 2654 3294 2707 6
3338 2652 3546 2718 ποτίζων
3587 2652 3703 2705 Eva!-

2223 2759 2329 2807 σιν,
2376 2759 2395 2792 ι
2439 2741 2562 2794 ὅσον
2591 2736 2749 2812 ἧκεν,
2789 2741 2883 2804 Εἰς
2904 2741 2967 2794 τὸ
2998 2741 3176 2813 μηδὲν
3205 2741 3456 2794 δύνασθαι
3480 2740 3702 2792 πλέονὺευ

2223 2831 2317 2886 τοῦ
2377 2831 2702 2900 αύξάνοντος
2740 2829 2898 2885 Θεοῦ.
2929 2861 2997 2872 -
3028 2833 3288 2900 Ἄλλως.
3319 2830 3503 2904 [ΦΩΤ.]
3550 2831 3704 2899 Ἐπειδὴ

2222 2923 2393 2978 πολλὰ
2419 2923 2730 2996 κατέδραμε
2758 2923 2868 2976 τῶν
2898 2915 3260 2989 διδασκάλων,
3285 2923 3466 2992 λέγων,
3503 2941 3517 2975 ι
3542 2923 3613 2984 Τίς
3628 2923 3704 2973 ἐστι

2223 3015 2455 3082 Παῦλος,
2497 3015 2581 3078 τίς
2635 3013 2694 3068 δὲ
2767 3014 3042 3080 Ἀπολλώς
3067 3032 3096 3082 ;.
3143 3035 3164 3068 ι
3219 3015 3326 3069 Καὶ
3355 3015 3518 3080 πάλιν,
3550 3033 3566 3066 ‹
3596 3013 3703 3065 Ὥστε

2221 3105 2346 3159 οὒτε
2374 3107 2402 3159 6
2429 3104 2666 3169 ποτίζων
2690 3103 2805 3158 ἔστι
2832 3121 2907 3171 τι,
2927 3103 3052 3159 οὗτε
3101 3107 3133 3159 6
3164 3104 3426 3176 φυτεύων.
3469 3123 3486 3156 ι
3517 3102 3646 3158 τοῦτο
3667 3100 3704 3152 δὲ

2223 3199 2418 3264 ἐποίει,
2452 3197 2692 3269 πραϋναι
2714 3197 2889 3250 Θέλων
2921 3197 3018 3269 τὴν
3048 3198 3362 3270 φλεγμονὴν
3414 3196 3511 3251 τῶν
3553 3194 3624 3249 ἐπὶ
3659 3194 3709 3261 τῇ,

2217 3289 2542 3360 διδασκαλίᾳ
2586 3290 3198 3361 καταλαζονευομένων,
3247 3291 3338 3344 καὶ
3393 3291 3464 3354 είς
3501 3288 3616 3359 ἕρεις
3644 3286 3706 3339 καὶ

2225 3381 2445 3444 στάσεις
2466 3381 2560 3434 τὸν
2584 3380 2713 3434 λαδν
2734 3379 2831 3434 τοῦ
2885 3379 3130 3452 Χριστοῦ
3165 3379 3578 3435 καταδιελόντων.
3601 3373 3707 3428 Ἐπεί

2217 3471 2312 3542 οὖν
2341 3473 2543 3538 ἱκανῶς
2564 3473 2711 3540 ἔδοξε
2738 3475 3020 3547 καθαιρεῖν
3039 3475 3136 3530 τὸν
3170 3475 3388 3529 ἐκείνων
3413 3471 3570 3540 τῦφον,
3590 3468 3652 3521 διὰ
3668 3466 3706 3518 τί

2218 3565 2314 3622 καὶ
2337 3565 2530 3620 ἑαυτὸν
2553 3567 2926 3621 συνευτελίσαι
2945 3567 3039 3622 καὶ
3059 3565 3152 3620 τὸν
3168 3565 3424 3631 Ἀπολλὼ,
3445 3565 3520 3618 ἵνα
3539 3563 3596 3633 μή
3609 3575 3705 3620 τινες

2219 3657 2446 3711 εἴπωσιν
2479 3672 2494 3688 ·
2537 3657 2750 3712 οὐκοῦν
2776 3659 2951 3729 μάτην
2971 3657 3269 3724 διδάσκεις,
3299 3657 3467 3729 μάτην
3491 3655 3591 3716 τοὺς
3611 3651 3704 3717 ὑπὲρ

2219 3748 2312 3804 τοῦ
2341 3749 2697 3821 κηρύγματος
2726 3749 2920 3814 πόνους
2944 3749 3363 3822 ἀναδεχόμενος.
3393 3746 3626 3817 Ἐπήγαγε
3643 3740 3709 3802 τὶς

2219 3841 2474 3905 τοιαύτας
2526 3841 2968 3912 ἀποκρουόμενος
3017 3841 3194 3906 λαϐὰς
3221 3881 3236 3906 ,
3292 3857 3313 3894 ι
3372 3840 3604 3897 Ἕκαστος
3649 3832 3707 3883 τὴν

2222 3931 2352 3987 ῐδιον
2381 3931 2573 4003 μισθὸν
2597 3932 2851 4003 λήψεται,
2898 3931 3038 3986 κατὰ
3063 3933 3159 3987 τδν
3183 3932 3313 3986 ίδιον
3341 3930 3513 3992 κόπον,
3539 3945 3552 3978 ι
3577 3938 3708 3996 μονω-

2221 4026 2342 4097 auxi.
2364 4025 2562 4094 λέγων,
2623 4026 2790 4096 μηδξν
2835 4025 3119 4097 ἁθυμείτω
3152 4027 3180 4079 ό
3203 4023 3382 4087 καλῶς
3414 4019 3646 4074 διδάσκων.
3670 4012 3708 4064 El

2220 4118 2331 4190 γὰρ
2359 4120 2456 4173 καὶ
2485 4117 2804 4173 κεκώλυται·
2826 4117 3073 4190 μερίζειν
3099 4116 3195 4171 τὸν
3233 4115 3361 4170 λαδν
3408 4113 3493 4166 τοῦ
3539 4101 3708 4181 Χριστοῦ

2220 4210 2316 4264 καὶ
2341 4209 2738 4274 ίδιοποιεῖσθαι,
2766 4211 2862 4264 καὶ
2895 4208 3348 4281 σεμνολογεῐσθαι
3396 4209 3451 4260 ἐν
3491 4203 3636 4264 αὐτοῖς
3662 4197 3709 4255 ὡς

2218 4294 2560 4362 διδάσκαλος,
2626 4297 2743 4352 ἀλλ’
2802 4293 2898 4352 οῦν
2941 4314 3006 4367 γε
3065 4297 3264 4369 μισθὸν
3297 4295 3530 4368 λήψεται,
3556 4285 3711 4352 καὶούχ
3786 4335 3787 4344 χ

2220 4387 2431 4454 ἁπλῶς,
2474 4388 2613 4443 ἀλλὰ
2668 4389 2810 4444 κατὰ
2860 4388 2953 4444 τδν
2975 4389 3106 4443 ίδιον
3146 4389 3338 4444 κόπον.
3372 4384 3492 4442 Elea
3538 4380 3714 4451 ἐπαίρων

2222 4482 2315 4535 έπὶ
2355 4481 2519 4536 πλέον
2546 4481 2609 4536 τὸ
2635 4483 2890 4554 πρᾶγμα,
2926 4482 3024 4536 καὶ
3077 4483 3438 4555 πιστούμενος
3464 4481 3536 4534 ότι
3557 4474 3711 4528 πάντως

530 4603 648 4643 sese
673 4589 847 4660 jactet
887 4605 906 4643 ι
937 4599 1180 4645 attamen
1227 4592 1534 4647 mercedem
1566 4565 1831 4664 accipiet,-
1849 4565 2028 4664 neque
2063 4595 2114 4650 id

2224 4571 2378 4628 ἔσται
2405 4574 2434 4626 6
2464 4573 2675 4644 μισθὸς,
2699 4592 2719 4626 ι
2751 4573 2887 4628 Θεοῦ
2914 4574 3044 4647 γὰρ.
3067 4576 3257 4645 φησὶν,
3290 4573 3450 4646 ἐσμὲν
3466 4565 3710 4665 συνεργοῖιι

533 4682 1051 4754 temere.sedjuxta
1087 4699 1251 4738 suum
1287 4685 1556 4741 laborem.
1603 4685 1813 4742 Deinde
1857 4701 1974 4742 rem
1999 4702 2116 4742 am-

531 4773 677 4840 plius
716 4775 998 4840 attollens,
1044 4783 1100 4830 et
1152 4776 1489 4831 conﬁrmans
1531 4776 1681 4846 quod”
1735 4776 1965 4832 omnino
2009 4776 2118 4831 erit

531 4879 764 4920 merces.
823 4885 841 4917 ι
875 4866 1010 4920 Nam
1039 4867 1156 4932 Dei,
1197 4867 1397 4937 inquit,
1426 4875 1818 4936 cooperatores
1866 4882 2109 4932 sumus,»

530 4951 698 5006 simul
721 4955 941 5023 quidem
961 4967 1021 5010 ut
1042 4956 1153 5011 dixi
1175 4957 1440 5012 doctrina:
1469 4972 1608 5028 opus
1633 4957 1935 5023 illustrans,
1951 4957 2116 5013 simul

529 5045 697 5099 etiam
724 5035 944 5101 rursum
963 5049 1322 5103 subindicans
1340 5049 1488 5120 quod
1511 5065 1652 5120 opus
1675 5051 1772 5106 Dei
1803 5051 1896 5105 sit.
1922 5051 2115 5120 itaque

530 5153 642 5191 non
681 5146 902 5206 Oportet
934 5149 1028 5193 aut
1059 5141 1160 5194 sibi
1186 5142 1469 5196 vindicare
1501 5152 1596 5208 aut
1617 5143 1760 5197 illud
1779 5142 2113 5210 discindere,

530 5228 665 5298 quin
694 5228 879 5298 potius
910 5231 1244 5302 conjungere
1285 5241 1342 5287 et
1375 5235 1530 5288 unire
1571 5250 1586 5288 :
1619 5251 1745 5289 nam
1771 5235 1878 5291 hoc
1894 5243 1978 5291 est
2025 5251 2116 5291 co-

529 5320 768 5389 operari.
798 5318 915 5373 Sibi
947 5333 1131 5375 autem
1161 5321 1443 5377 vindicare
1471 5339 1534 5378 ac
1556 5323 1826 5389 dividere,
1861 5326 2116 5381 inimico-

532 5428 655 5466 rum
677 5421 761 5467 est
810 5413 1148 5468 ethostium.
1188 5414 1398 5469 Deinde
1432 5416 1486 5470 in
1525 5415 1629 5472 hoc
1682 5419 2111 5487 insistitfeadem

533 5516 697 5562 utens
726 5506 1220 5564 demonstrationis
1275 5510 1462 5580 regula
1498 5527 1512 5564 :
1550 5511 1696 5578 quod
1730 5511 1958 5568 omnino
2001 5528 2114 5568 non

531 5610 784 5672 oporteat
813 5602 1081 5671 populum
1106 5603 1358 5672 personis
1389 5603 1748 5659 distribuere.
1789 5624 1806 5656 ι
1853 5605 1972 5670 Dei,
2026 5606 2114 5660 in-

531 5693 673 5761 quit,
705 5693 1027 5763 agricolatio
1047 5691 1200 5757 estis,
1223 5694 1323 5747 Dei
1362 5693 1674 5749 aedificatio.
1717 5693 1823 5749 »υι
1869 5694 1964 5763 qui
2017 5709 2114 5748 vos

530 5784 683 5854 ipsos
702 5785 1035 5855 deprimitis,
1061 5785 1114 5840 id
1143 5785 1292 5860 quod
1326 5786 1421 5841 Dei
1446 5794 1550 5851 est,
1575 5785 1942 5840 attribuentes
1977 5800 2111 5838 con-

532 5873 750 5932 servis?
785 5894 803 5928 ι
846 5877 1008 5934 Juxta
1029 5893 1193 5934 suum
1228 5877 1497 5935 laborem.
1537 5897 1554 5930 ›
1590 5877 1863 5946 Quoniam
1910 5875 2108 5934 verisi-

2223 4664 2342 4732 ἅμα
2373 4662 2496 4734 μὲν,
2527 4661 2716 4736 ὥσπερ
2731 4658 2908 4729 εἶπον,
2931 4666 3026 4718 καὶ
3054 4665 3393 4737 λαμπρύνων
3422 4662 3477 4716 τὸ
3497 4659 3582 4726 τῆς
3611 4653 3712 4708 διδα-

2223 4759 2472 4824 σκαλίας.
2500 4759 2617 4830 ἅμα
2642 4759 2700 4814 δὲ
2727 4760 2822 4814 καὶ
2847 4759 3008 4814 πάλιν
3031 4760 3372 4823 ὑποδεικνὺς,
3405 4759 3478 4811 ὅτι
3503 4749 3614 4807 Θεοῦ
3636 4742 3713 4798 ἐστὶ

2220 4852 2279 4905 τὸ
2307 4851 2486 4923 ἔργον,
2522 4851 2669 4906 ὥστε
2691 4853 2752 4906 οὐ
2786 4852 2866 4906 δεῖ
2895 4852 3266 4906 ίδιοποιείσθαι
3298 4852 3391 4906 καὶ
3430 4840 3712 4910 κατατέμνειν

2219 4943 2372 5009 αὐτὸ,
2415 4942 2615 5015 μᾶλλον
2671 4944 2728 4997 δὲ
2762 4944 3055 5000 συνάπτειν
3075 4946 3168 4999 καὶ
3194 4945 3451 4999 ἑνοποιεϊν
3476 4937 3621 5011 (τοῦτο
3640 4929 3719 4998 γᾶρ-

2221 5035 2543 5108 συνεργῶν),
2571 5037 2633 5090 τδ
2667 5037 2724 5090 δὲ
2759 5037 3136 5092 ίδιοποιεῖσθαι
3161 5038 3259 5092 καὶ
3291 5034 3538 5107 μερίζειν,
3564 5019 3710 5108 ὲχθρῴν

2218 5126 2313 5180 καὶ
2346 5106 2640 5198 πολεμίων.
2670 5121 2805 5181 Εἶτα
2849 5128 3117 5198 ἐπιμένει,
3145 5126 3222 5198 τῷ
3243 5125 3389 5196 αὐτῷ
3439 5122 3526 5192 τῆς
3553 5106 3708 5170 ἀποδεξ-

2219 5219 2356 5287 ξεως
2379 5219 2661 5291 χρώμενος
2687 5221 2893 5287 κανόνι,
2919 5221 3003 5276 ὅτι
3028 5221 3089 5274 οὐ
3139 5219 3253 5292 χρὴ
3284 5208 3636 5284 κατανέμεσθαι
3651 5201 3709 5252 τδν

2216 5315 2342 5369 λαὸν
2371 5313 2687 5386 προσώποις
2716 5313 2875 5378 ὅλως.
2921 5333 2940 5366 ι
2971 5313 3108 5366 Θεοῦ
3144 5310 3407 5383 γεῶργιὸν
3434 5309 3558 5367 ἐστε,
3600 5293 3704 5386 φηξὶ.

2216 5407 2352 5462 Θεοῦ
2402 5384 2682 5477 οἰκοδομή.
2739 5424 2758 5458 ι
2793 5405 2861 5458 Τί
2902 5403 3308 5467 κατευτελίζετε
3361 5396 3578 5456 ἑαυτοὺς,
3627 5384 3706 5477 if”

2216 5501 2352 5554 Θεοῦ
2376 5475 2655 5562 εἶναιτοῖς⁷
2679 5497 2993 5568 ὁμοδούλοις
3024 5495 3399 5563 ἁνατιθέμενοι
3423 5507 3436 5555 ;
3463 5507 3478 5539 ι
3511 5475 3703 5580 Κατᾶἶδν

2217 5595 2348 5648 ίδιον
2375 5593 2563 5648 κόπον.
2605 5609 2623 5642 ι
2671 5589 2891 5660 Ἐπειδὴ
2923 5589 3070 5652 είκδς
3094 5585 3161 5661 ἦν
3198 5588 3322 5650 τοὺς
3369 5581 3521 5635 πλείω
3561 5585 3716 5638 καίων’

2215 5703 2315 5750 τας
2351 5683 2588 5756 περὶτὴν
2621 5684 2847 5736 ἐκείνων
2873 5682 3056 5735 πίστιν
3087 5676 3476 5753 ριθυμοτέρους
3494 5661 3710 5756 γενέσίὲιι

2214 5751 2559 5840 ἀκούσαντας
2619 5775 2679 5829 ἓν
2711 5771 2855 5829 εἶναι
2915 5751 3123 5838 πάντας
3151 5772 3252 5826 κᾶν
3285 5768 3468 5842 μικρὸν
3493 5760 3578 5857 κᾶν
3596 5751 3706 5857 μέγα

2214 5887 2317 5937 τις,
2351 5866 2512 5940 ἔτυχε
2541 5867 2993 5939 συνεισενεγκὼν,
3034 5865 3236 5930 εὐθέως
3279 5861 3404 5918 αὐτὸ
3443 5852 3692 5928 διορθοῦται.
