3880 6556
138 387 249 455 6Ἱ3
1070 392 1457 458 COMMENT.
1501 395 1583 457 IN
1625 395 1654 455 Ῑ
1691 394 1733 454 Ε

1840 395 1936 460 5T.
1976 395 2078 457 AD
2113 394 2481 458 CORINTH.
3295 400 3404 467 674

145 505 242 559 Ἐν
284 503 416 568 είσι,
442 500 634 573 φησιν,
671 501 748 565 ὡς
793 497 932 572 πρὸς
951 500 1014 556 τδ
1054 502 1130 574 μὴ
1159 501 1418 558 δύνασθαι
1447 503 1576 559 ἄνευ
1627 502 1721 558 τοῦ

1840 503 1957 559 mile
1977 511 2100 559 erat
2124 518 2222 562 eos
2237 505 2332 576 qui
2361 503 3000 576 ampliuslaboraverant
3017 504 3167 564 circa
3180 506 3405 567 illorum

149 596 474 664 ιῦξάνοντος
494 594 631 650 Θεοῦ
656 594 817 649 πλέον
843 613 898 650 τι
937 597 1184 667 ποιῆσαι.
1230 594 1384 650 Ἐπεὶ
1413 597 1537 650 ὅσον
1579 595 1717 667 πρὸς

1840 594 1990 650 idem
2013 597 2300 666 segniores
2352 597 2685 666 reddendos,
2734 614 2861 655 cum
2921 599 3179 656 audirent
3211 616 3408 660 omnes

143 691 236 759 τὴν
263 687 649 752 ἀνταπόδοσιν,
677 688 932 754 ἕκαστος,
968 689 1124 760 φησὶ,
1172 687 1314 743 κατὰ
1348 688 1439 742 τὸν
1459 687 1588 741 ίδιον
1627 691 1718 741 κό-

1840 702 1997 741 mum
2029 703 2172 754 esse,
2204 689 2321 744 sive
2342 705 2538 760 parum
2558 691 2675 747 sive
2709 692 2944 747 multum
2969 692 3244 764 quispiam
3269 709 3408 750 con-

141 799 237 834 πον
261 782 354 834 τὸν
385 780 580 852 μισθὸν
606 780 743 845 ἕξει.

1840 777 2071 844 Lulisset,
2110 779 2244 834 illud
2268 781 2455 836 statim
2484 790 2663 838 curat.
2704 783 2910 850 Unum,
2948 784 3150 854 inquit,
3189 795 3319 843 sunt
3336 785 3406 858 ,in

139 873 241 927 hoc
262 872 413 944 quod
467 873 604 928 nihil
636 873 874 944 amplius
898 871 1078 930 facere
1121 874 1336 946 possint
1386 874 1598 945 absque
1625 873 1759 939 Deo,
1794 870 1890 942 qui
1917 870 2322 928 incrementum
2355 875 2569 930 tribuit.
2610 876 2747 932 Nam
2775 877 2924 949 quod
2955 877 3024 933 ad
3041 881 3408 938 resurrectio-

134 981 260 1019 nem
303 965 568 1036 pertinet,
616 964 996 1035 unusquisque
1049 967 1201 1036 juxta
1260 983 1421 1021 suum
1464 967 1709 1022 laborem
1739 965 1966 1022 habebit
2000 964 2336 1024 mercedem.

199 1058 362 1113 Θεοῦ
377 1057 489 1127 γάρ
515 1057 704 1126 ἐσμεν
726 1057 1032 1126 συνεργοί·
1060 1058 1211 1113 Θεοῦ
1238 1057 1541 1129 γεώργιον,
1567 1059 1716 1115 Θεοῦ

1885 1057 1977 1124 Ill,
2005 1057 2162 1113 9-H.
2198 1055 2340 1112 Nam
2375 1057 2474 1114 Dei
2505 1071 2874 1129 cooperatores
2896 1081 3077 1120 sumus
3098 1081 3119 1121 :
3139 1065 3239 1120 Dei
3262 1069 3414 1140 agri-

124 1149 424 1220 οἰκοδομή
477 1149 641 1216 ἐστε,
691 1149 845 1203 κατὰ
899 1149 1017 1217 τὴν
1042 1151 1218 1219 χάριν
1257 1150 1364 1204 τοῦ
1410 1151 1559 1207 Θεοῦ
1604 1151 1722 1220 τὴν

1840 1150 2034 1218 roiatio,
2065 1151 2164 1206 Dei
2181 1151 2468 1220 wdiﬁcatio
2489 1154 2632 1208 estis.
2662 1153 2832 1209 Juxta
2877 1158 3110 1226 gratiam
3143 1158 3258 1224 Dei,
3285 1177 3410 1231 qua:
3462 1221 3471 1235 ν

124 1243 427 1300 δοθεῖσάν
485 1261 609 1314 μοι,
643 1244 726 1310 ὡς
777 1243 974 1312 σοφὸς
1031 1243 1401 1312 ἁρχιτέκτων
1442 1245 1720 1314 θεμέλιον

1840 1243 1948 1299 fata
1972 1253 2048 1299 est
2079 1244 2226 1310 mihi,
2258 1251 2316 1296 ut
2367 1245 2582 1313 sapiens
2641 1249 2953 1304 architectus
3001 1252 3405 1320 fundamentum

123 1336 399 1411 τέθεικα.
461 1337 689 1402 "Auno;
734 1333 804 1388 es
839 1334 1240 1405 ἐποικοδομεῖ.
1305 1337 1608 1404 Ἕκαστος
1652 1335 1724 1392 δὲ

1840 1337 1972 1390 tosui
2006 1351 2022 1389 :
2059 1335 2200 1390 alius
2220 1346 2400 1390 autem
2415 1339 2828 1407 supermdilicat.
2861 1340 3034 1396 Porro
3081 1345 3300 1415 quisque
3323 1347 3405 1402 ui-

121 1426 416 1492 βλεπέτω
450 1426 579 1494 πῶς
604 1426 1004 1497 ἐποικοδομεῖ.
1032 1427 1322 1498 Θεμέλιον
1362 1428 1473 1499 γὰρ
1521 1428 1722 1484 ἄλλον

1840 1428 1942 1482 teat
1965 1428 2224 1499 quomodo
2251 1429 2804 1500 superadiﬁcet.Nam
2832 1431 3236 1500 fundamentum
3258 1438 3410 1492 aliud

123 1520 342 1588 οὐδεὶς
387 1519 638 1576 δύναται
688 1519 879 1575 θεῖναι
930 1519 1092 1590 παρὰ
1150 1519 1260 1576 τὸν
1315 1521 1616 1592 κείμενον,
1655 1521 1725 1590 ὅς

1840 1533 1975 1572 temo
1997 1526 2167 1588 potest
2195 1535 2390 1588 ponere
2423 1528 2620 1590 prater
2641 1519 2696 1573 id
2733 1521 2869 1591 quod
2879 1522 3117 1592 positum
3141 1529 3242 1590 est,
3264 1524 3410 1594 quod

121 1615 310 1669 ἐστιν
353 1613 598 1683 Ἰησοῦς
621 1615 897 1683 Χριστός.

1840 1618 1898 1664 ut
1934 1609 1970 1664 Ι
1972 1625 2089 1665 esus
2119 1609 2384 1666 Christus.

215 1708 419 1778 Ἦμείς
460 1707 517 1762 δὲ
571 1709 619 1762 οί
663 1708 731 1761 τὰ
767 1708 906 1780 πρὸς
967 1707 1249 1781 σωτηρίαν
1312 1709 1442 1780 ὑμῖν
1471 1708 1722 1778 δόγματα

1890 1699 2006 1755 Nos
2033 1709 2222 1755 autem
2285 1701 2382 1771 qui
2429 1701 2685 1774 dogmata
2735 1703 2968 1760 salutem
3011 1707 3410 1764 concernentia

125 1795 503 1868 κηρύξαντες,
539 1815 560 1850 ι
611 1797 748 1852 Θεοῦ
789 1800 960 1869 ὲσμεν
1001 1799 1274 1870 συνεργοί.
1327 1817 1350 1856 .t
1405 1799 1498 1871 Τῷ
1528 1798 1720 1869 σκοπῷ

1840 1792 2206 1860 traadicamus,
2248 1813 2266 1847 ι
2295 1795 2393 1850 Dei
2421 1803 3036 1867 cooperatoressumus.
3066 1817 3090 1851 ι
3119 1797 3411 1870 Siquidem

126 1890 274 1960 γὰρ,
308 1890 468 1962 φησὶ,
494 1888 590 1943 τοῦ
633 1889 768 1944 Θεοῦ
804 1889 900 1944 τοῦ
925 1891 1098 1946 σῶσαι
1129 1891 1395 1956 θέλοντος,
1453 1891 1723 1963 συνεπρά-

1840 1885 1891 1940 Id
1931 1885 2030 1941 Dei
2060 1901 2311 1955 scopum,
2351 1888 2448 1960 qui
2471 1889 2590 1944 vult
2613 1905 2807 1944 omnes
2834 1891 3016 1946 salvos
3038 1906 3160 1948 esse
3205 1908 3412 1964 coope-

125 1980 334 2051 ξαμεν.
367 1980 508 2036 Ἀλλ’
524 1979 646 2052 οὐχὶ
694 1980 745 2034 oi
779 1980 874 2034 νῦν
923 1982 1068 2050 ὑμᾶς
1104 1981 1569 2054 καταδιελόμενοι,
1624 1981 1720 2038 καὶ

1840 1976 1930 2032 rati
1953 1991 2168 2035 sumus.
2195 1979 2267 2035 At
2291 1996 2403 2034 non
2437 1980 2518 2034 ita
2562 1980 2657 2051 qni
2715 1995 2814 2036 vos
2843 1996 2994 2036 nunc
3016 1982 3298 2053 dividunt,
3347 2000 3414 2041 ac

131 2073 423 2142 πρόφασις
456 2073 586 2142 ὑμῖν
608 2072 853 2136 στάσεως
870 2074 1177 2143 γενόμενοι.
1487 2137 1500 2144 Α

1840 2067 2190 2127 lissensionis
2219 2087 2386 2129 causa
2421 2072 2580 2127 vobis
2599 2071 2760 2145 44],
2791 2071 3129 2128 eﬂiciuntur.

206 2183 230 2216 ι
260 2163 398 2218 Θεοῦ
426 2163 708 2237 γεώργιον.
758 2182 777 2216 ι
827 2165 1014 2236 Ὑμεῖς
1042 2165 1100 2219 δὲ
1155 2166 1292 2223 Θεοῦ
1324 2165 1597 2237 γεώργιον
1624 2164 1724 2221 καὶ

129 2255 401 2327 οἰκοδομὴ
429 2254 564 2308 Θεοῦ
601 2255 896 2326 ὕπάρχετε,
929 2257 1026 2310 καὶ
1062 2257 1111 2311 εί
1144 2257 1414 2330 γεώργιον
1451 2261 1577 2312 ἐστε
1628 2257 1724 2313 καὶ

128 2347 401 2418 οἰκοδομὴ
450 2346 608 2413 Θεοῦ,
641 2346 750 2401 ἀπὸ
800 2347 893 2401 τοῦ
934 2351 1209 2404 Δεσπότου
1256 2350 1541 2406 καλεῖσθαι
1571 2350 1724 2421 ὀφεί-

132 2440 284 2504 λετε,
325 2439 427 2492 οὐκ
453 2438 562 2492 ἀπὸ
603 2439 714 2493 τῶν
749 2439 844 2493 νῦν
897 2442 1257 2510 προεστώτων
1289 2443 1464 2514 ὑμῶν.
1497 2444 1724 2513 Ἔλεγον

133 2533 274 2602 γὰρ’
309 2529 452 2599 Ἐγὼ
479 2529 654 2595 τοῦδε,
696 2530 790 2584 καὶ
825 2529 950 2609 ἐγὼ.
968 2531 1122 2585 τοῦδε
1145 2572 1161 2596 ,
1204 2533 1274 2587 τὰ
1325 2533 1567 2604 ὀνόματα
1616 2533 1725 2587 τῶν

137 2623 327 2694 σοφῶν
375 2622 468 2676 καὶ¹
510 2622 802 2677 πλουσίων.
854 2641 873 2675 ι
949 2623 1038 2688 Ὠς
1093 2625 1258 2694 σοφὸς
1300 2625 1660 2696 ἀρχιτέκτων.
1701 2646 1720 2680 ι

135 2718 316 2786 Σοφὸν
351 2717 542 2771 ἑαυτὸν
584 2717 741 2770 καλεῖ
767 2716 1147 2788 ἀρχιτέκτονα,
1188 2717 1288 2771 οὑκ
1321 2718 1559 2771 ἐπαινῶν
1593 2718 1724 2772 ἑαυ-

138 2810 258 2876 τὸν,
285 2808 424 2863 ἀλλὰ
461 2807 782 2880 βουλόμενος
821 2808 1024 2876 δεῖξαι,
1069 2810 1154 2864 ὅτι
1187 2809 1346 2863 τοῦτό
1379 2811 1524 2864 ἐστιν
1566 2812 1727 2883 ἁρχι-

138 2903 398 2966 τέκτονος
437 2901 626 2972 σοφοῦ,
664 2903 726 2956 τὸ
766 2902 1009 2957 τοιοῦτον
1063 2902 1232 2957 θεῖναι
1263 2902 1536 2973 θεμέλιον,
1574 2920 1730 2957 τουτ-

143 2997 264 3048 έστι
297 2994 558 3067 Χριστόν.
620 2996 730 3049 Καὶ
777 2995 862 3050 ὅτι
915 2994 1017 3048 οὐκ
1059 2995 1380 3068 ἐπαίροντος
1441 2997 1636 3050 ἑαυτὸν
1667 2996 1730 3050 τὸ

147 3090 326 3161 ῥῆμα,
367 3089 520 3158 φησὶ,
563 3108 583 3142 ι
630 3088 791 3143 Κατὰ
819 3088 917 3159 τὴν
947 3088 1109 3160 χάριν
1140 3089 1239 3161 τὴν
1270 3088 1514 3142 δοθεῖσάν
1550 3106 1663 3160 μοι.
1703 3107 1724 3141 ι

145 3181 266 3234 οὐκ
291 3181 424 3251 ὲμδν
455 3179 782 3251 κατόρθωμα
804 3180 980 3250 λέγων
1003 3181 1062 3234 τὸ
1091 3181 1346 3251 γενέσθαι
1375 3182 1560 3252 σοφὸν,
1593 3181 1730 3236 ἀλλὰ

147 3269 286 3324 Θεοῦ
324 3242 432 3324 ’τοῦ
466 3242 928 3343 χαριίιαμένουίι
973 3242 1167 3336 ’Ἄλλος
1202 3272 1258 3326 δὲ
1305 3242 1668 3345 ἐποικοδομεῖ.
1701 3293 1721 3325 ι
1756 3242 1800 3303 c

147 3364 245 3428 Ei;
278 3364 380 3436 τὴν
411 3365 540 3436 περὶ
588 3364 864 3430 πολιτείας
894 3361 1027 3438 ἦλθε
1072 3364 1417 3436 παραίνεσιν,
1455 3366 1732 3420 ἐποικοδο-

150 3455 264 3528 μὴν
291 3455 496 3523 καλῶν,
555 3455 656 3520 τὰς
711 3457 947 3512 ἑκάστου
1007 3457 1260 3528 πράξεις.
1321 3458 1432 3512 Καὶ
1485 3457 1734 3528 βλεπέτω

147 3549 382 3613 ἕκαστος
411 3548 526 3613 πῶς
556 3551 832 3620 οἰκοδομεί
859 3552 952 3604 ἐπὶ
984 3548 1076 3604 τὸν
1113 3549 1398 3621 θεμέλιον,
1429 3549 1732 3616 τουτέστιν,

148 3640 289 3712 ἔχων
311 3639 409 3711 τὴν
445 3638 627 3694 πίστιν
654 3641 749 3695 καὶ
768 3641 932 3695 αὑτὸν
961 3643 1052 3697 τὸν
1080 3641 1446 3712 Χριστὸνιείς
1470 3640 1531 3694 τὸ
1561 3640 1735 3694 ποιεῖν

148 3732 362 3803 ἀγαθὰς
403 3734 686 3804 ἐργασίας.
727 3752 746 3786 ι
792 3734 1053 3806 Θεμέλιον
1098 3733 1208 3806 γὰρ
1242 3735 1422 3790 ἄλλον.
1455 3751 1475 3786 ι
1513 3734 1606 3806 Μὴ
1630 3731 1738 3787 τοί-

148 3842 247 3878 νυν
301 3827 628 3896 προσέχετε,
688 3826 846 3898 φησὶ,
898 3829 1014 3890 τοῖς
1052 3827 1523 3899 καταδιελομὲνοις
1566 3828 1734 3899 ὑμᾶς,

147 3916 249 3969 οὐκ
270 3915 352 3968 ἔνι
373 3915 531 3979 ἄλλος
553 3914 798 3985 θεμέλιος
821 3917 870 3971 εί
894 3915 970 3988 μὴ
994 3916 1251 3989 Χριστὸς,
1282 3916 1342 3971 ὃν
1372 3917 1732 3988 κατήγγειλα.

147 4008 356 4062 Τούτου
408 4007 691 4080 ἐχώμεθα,
719 4008 902 4082 τούτῳ,
945 4009 1442 4084 προπολληθῶμεν
1465 4009 1540 4075 ὡς
1573 4010 1736 4081 θεμε-

123 4101 284 4182 λίῳ,
317 4100 515 4172 ,τούτῳ
575 4101 1092 4176 ὲποικοδομήσωμεν
1159 4104 1261 4169 τὰς
1329 4105 1395 4158 ὲκ
1455 4103 1736 4166 πολιτείας

144 4193 396 4264 χρηστῆς
421 4192 730 4265 οἰκοδομάς.

223 4376 291 4428 Ei
322 4372 390 4428 δέ
410 4391 501 4440 τις
521 4373 902 4444 ἐποικοδομεῖ
919 4373 1018 4428 ἐπὶ
1055 4374 1164 4430 τὸν
1190 4374 1470 4447 θεμέλιον
1497 4374 1735 4440 τοῦτον,

144 4465 412 4534 χρυσὸν,
429 4465 710 4536 ἄργυρον,
746 4467 958 4533 λίθους
994 4467 1248 4536 τιμίους,
1281 4466 1461 4533 ξύλα,
1494 4467 1735 4537 χόρτον,

1896 2180 1920 2216 ι
1958 2163 2054 2219 Dei
2106 2164 2449 2235 agricolatio.
2487 2183 2507 2216 ι
2546 2164 2656 2220 Vos
2698 2173 2887 2220 autem
2936 2164 3038 2220 Dei
3085 2159 3412 2236 agricolatio

1822 2254 2033 2326 Deique
2055 2255 2352 2312 aedificatio
2371 2255 2524 2321 estis,
2551 2255 2700 2327 quod
2727 2255 2774 2311 si
2801 2255 3126 2327 agricolatio
3151 2265 3212 2312 et
3230 2257 3414 2313 aedili-

1822 2349 1970 2404 catio
2019 2348 2116 2404 Dei
2163 2349 2320 2418 estis,
2362 2365 2394 2404 a
2449 2349 2684 2405 Domino
2719 2364 2818 2405 vos
2859 2350 3123 2420 appellari
3166 2359 3408 2421 oportet,

1823 2456 1936 2497 non
1958 2441 2028 2496 ab
2055 2441 2127 2497 iis
2151 2442 2247 2512 qui
2273 2458 2424 2499 nunc
2444 2441 2604 2498 vobis
2632 2449 2902 2512 praesunt.
2927 2441 3196 2498 Dicebant
3218 2444 3370 2498 enim
3396 2461 3409 2496 :

1826 2535 1940 2606 Ego
1975 2534 2199 2604 quidem
2232 2535 2401 2604 hujus
2430 2550 2577 2601 sum,
2608 2549 2710 2606 ego
2739 2551 2870 2590 vero
2897 2534 3070 2599 illius,
3100 2549 3298 2605 nempe
3328 2549 3416 2590 sa-

1826 2627 2098 2696 pientium
2141 2642 2209 2682 ac
2257 2626 2493 2683 divi-tum
2557 2628 2783 2684 nomina
2827 2625 3224 2697 exprimentes.
3283 2645 3301 2678 ι
3344 2625 3415 2681 Ut

1827 2721 2048 2791 sapiens
2075 2720 2432 2776 architectus.
2464 2739 2484 2772 ι
2521 2721 2834 2792 Sapientem
2863 2719 3231 2776 architectum
3254 2729 3417 2775 vocat

1827 2811 2008 2884 ipsum
2033 2830 2145 2869 non
2180 2823 2241 2870 ut
2269 2830 2328 2870 se
2359 2813 2567 2878 laudet,
2613 2814 2708 2870 sed
2735 2813 3028 2870 ostendere
3052 2814 3242 2867 volens
3265 2814 3412 2882 quod

1829 2904 1936 2958 hoc
1968 2905 2236 2976 sapientis
2271 2905 2340 2960 sit
2369 2904 2665 2960 architecti
2693 2915 2898 2975 ponere
2934 2903 3248 2975 hujusmodi
3283 2903 3416 2959 fun-

1828 2994 2171 3060 damentum,
2204 2996 2311 3052 hoc
2337 3005 2424 3051 est
2446 2995 2748 3051 Christum.
2785 2996 2855 3051 Et
2887 3003 2948 3049 ut
2967 3002 3237 3064 appareat
3264 2993 3415 3064 quod

1829 3100 1942 3141 non
1969 3085 2214 3156 seipsum
2237 3086 2518 3140 laudantis
2540 3085 2615 3140 sit
2640 3084 2895 3148 verbum,
2925 3102 2944 3135 ι
2967 3083 3131 3139 Juxta
3155 3083 3412 3154 gratiam,

1831 3177 1932 3241 ait,
1958 3193 2080 3247 quae
2116 3185 2201 3232 est
2239 3175 2365 3231 data
2398 3175 2554 3230 mihi.
2594 3195 2616 3229 is
2649 3176 2724 3230 Ac
2762 3174 2810 3229 si
2841 3173 2990 3228 dicat
3025 3189 3042 3227 ε
3076 3171 3197 3228 Non
3231 3187 3415 3228 meum

1831 3279 1916 3325 est
1942 3270 2160 3340 sapiens
2185 3269 2292 3325 hoc
2322 3268 2558 3334 facinus,
2587 3268 2680 3324 sed
2708 3267 2825 3330 Dei,
2855 3267 2948 3338 qui
2981 3265 3218 3338 gratiose
3243 3266 3387 3320 dona
3405 3295 3420 3306 -

1832 3362 1932 3417 vit.
1971 3382 1990 3415 ι
2021 3362 2180 3418 Alius
2213 3370 2400 3418 autem
2446 3359 2872 3431 superanliﬁcat.
2907 3376 2925 3410 ›
2959 3358 3043 3412 Λᾶ
3073 3357 3412 3412 exhortatio-

1830 3471 1960 3510 nem
1987 3471 2108 3526 quae
2134 3455 2282 3512 circa
2313 3469 2663 3510 communem
2696 3451 3175 3510 conversationem
3209 3436 3295 3506 est
3323 3451 3420 3504 dc-

1831 3548 2072 3612 scendit,
2095 3564 2264 3619 super
2286 3547 2710 3604 aediﬁcationem
2728 3559 2932 3600 vocans
2950 3544 3215 3614 cujusque
3243 3542 3421 3596 actio-

1833 3655 1954 3696 nes.
1986 3641 2185 3696 Videat
2230 3640 2420 3712 igitur,
2467 3639 2668 3710 inquit,
2713 3637 3098 3707 unusquisque
3139 3635 3421 3706 quomodo

1831 3733 2071 3790 aediﬁcet
2107 3748 2278 3804 super
2305 3732 2752 3795 fundamentum,
2783 3729 2839 3784 id
2873 3737 2978 3795 est,
3003 3729 3211 3784 habens
3254 3727 3418 3783 fidem

1835 3824 2129 3896 ipsumque
2176 3822 2490 3892 Christum,
2529 3834 2592 3881 ut
2625 3825 2799 3880 bonas
2838 3822 3005 3879 faciat
3046 3821 3420 3892 operationes.

1840 3938 1861 3972 ι
1880 3918 2016 3974 Nam
2037 3918 2462 3975 fundamentum
2494 3918 2700 3972 aliud.»
2724 3916 2806 3971 Ne
2837 3915 3004 3986 igitur
3027 3914 3138 3970 illis
3165 3912 3423 3968 attenda-

1836 4008 1933 4075 tis,
1962 4008 2060 4075 ait,
2089 4009 2186 4080 qui
2211 4025 2310 4066 vos
2337 4008 2614 4070 dividunt,
2647 4021 2770 4062 cum
2799 4005 2952 4060 aliud
2983 4020 3092 4058 non
3120 4003 3196 4059 sit
3224 4001 3421 4058 funda-

1837 4106 2086 4154 mentum
2122 4109 2327 4170 ιιι-αξιοι·
2371 4098 2674 4162 Christum,
2709 4111 2874 4167 quem
2914 4094 3260 4152 annuntiavi.
3305 4094 3422 4149 Hoc

1836 4191 2161 4262 habeamus,
2186 4194 2314 4248 huic
2337 4191 2712 4248 adhaereamus
2739 4197 2999 4259 tanquam
3027 4186 3421 4242 fundamento:

1837 4295 2006 4352 super
2026 4283 2132 4339 hoc
2150 4281 2488 4338 adificemus
2515 4279 2749 4337 aedificia
2775 4279 2934 4334 bonm
2965 4275 3422 4333 conversationit.

1918 4375 2011 4443 Ill,
2039 4376 2227 4431 12-15.
2257 4373 2408 4440 Quod
2432 4375 2478 4428 si
2502 4374 2618 4445 quis
2639 4379 2973 4444 superstruat
3001 4385 3162 4441 super
3183 4370 3278 4422 hoc
3303 4371 3427 4438 [un-

1840 4474 2174 4535 damentum,
2201 4485 2416 4533 aurum,
2447 4474 2752 4538 argentum,
2798 4463 3004 4535 lapides
3050 4462 3327 4535 pretiosos,
3361 4461 3427 4514 li-

144 4557 462 4628 καλάμην.
508 4557 770 4615 ἑκάστου
798 4559 864 4614 τὸ
894 4558 1073 4630 ἔργον
1094 4561 1359 4630 φανερὸν
1393 4560 1733 4630 γενήσεται.

1840 4583 1971 4638 gna,
2035 4565 2236 4636 fenum,
2283 4561 2574 4632 stipulam,
2616 4560 2870 4630 cujusque
2907 4573 3037 4628 opus
3084 4556 3424 4625 manifestum

156 4649 227 4703 Ἠ
262 4649 378 4718 γὰρ
413 4647 604 4717 ἡμέρα
647 4647 910 4718 δηλώσει
969 4649 1060 4704 ὅτι
1113 4649 1184 4704 ἐν
1237 4649 1380 4720 πυρί
1427 4650 1735 4705 ἀποκαλύ-

145 4755 385 4805 πτεται,
420 4741 516 4794 καί
543 4741 804 4797 ἑκάστου
827 4741 893 4796 τὸ
919 4739 1096 4812 ἔργον
1117 4741 1327 4798 ὁποῖόν
1347 4742 1500 4808 ἐστι,
1526 4743 1590 4797 τὸ
1621 4741 1742 4811 πῦρ

145 4833 492 4905 δοκιμάσει.
521 4836 596 4889 ει
639 4853 806 4903 τινος
844 4836 910 4890 τὸ
949 4834 1130 4905 ἔργον
1173 4834 1342 4905 μένει
1373 4832 1406 4888 ὃ
1438 4833 1742 4900 ἐπῳκοδό-

139 4945 337 5000 μησε,
370 4928 594 5000 μισθὸν
616 4928 902 4998 λήψεται.
953 4927 1028 4983 ει
1059 4943 1226 4991 τινος
1253 4925 1320 4981 τὸ
1353 4925 1531 4996 ἔργον
1567 4942 1742 4980 κατα-

147 5023 471 5093 καήσεται,
517 5019 979 5092 ζημιωθήσεται,
1034 5019 1220 5086 αὐτὸς
1259 5018 1329 5073 δὲ
1377 5021 1740 5091 σωθήσεται,

147 5116 348 5180 οὕτως
379 5113 461 5180 ὡς
481 5113 580 5168 διὰ
617 5101 827 5182 σέυρός.

225 5206 390 5261 Μετὰ
423 5205 536 5276 γὰρ
569 5203 668 5277 τὴν
704 5205 889 5259 πίστιν
936 5203 1034 5259 καὶ
1059 5204 1347 5276 ἐργασίας,
1395 5204 1492 5260 καὶ
1533 5205 1741 5260 οίκοδο-

153 5301 267 5370 μῆς
318 5297 499 5369 χρεία.
546 5297 688 5350 Ἀλλ’
738 5297 790 5350 oi
846 5296 947 5369 μὲν
979 5298 1204 5364 δίκαιοι,
1261 5299 1352 5352 ίσα
1402 5298 1611 5370 χρυσίῳ
1645 5297 1742 5352 καὶ

148 5393 410 5471 ἁργμρίῳ
443 5391 536 5445 καὶ
589 5390 756 5454 λίθοις
787 5389 1056 5460 διαυγέσι,
1102 5390 1201 5454 τὰς
1249 5391 1456 5456 οίκείας
1511 5391 1742 5462 πράξεις

148 5483 577 5554 ἑποικοδομοῦσι
616 5485 684 5554 τῇ
716 5482 922 5545 πίστει,
957 5481 1086 5535 οίδέ
1124 5497 1187 5546 γε
1219 5481 1560 5552 ἁμαρτωλοὶ,
1607 5480 1740 5552 ὓλην

147 5581 359 5653 ῥᾳδίως
387 5575 768 5647 ὲξαπτομένην
808 5572 1022 5628 καὶτοῦ
1055 5574 1234 5627 ἐκεῖσε
1260 5574 1431 5645 πυρὸς
1463 5573 1639 5638 ἀξίαν.
1672 5602 1742 5614 -

146 5676 364 5730 Ἄλλο.
641 5671 704 5724 Οἱ
751 5666 1064 5722 διδάσκαλοι
1099 5667 1170 5722 τὰ
1203 5666 1324 5722 θεῖα
1361 5667 1736 5721 παιδεύουσιν·

139 5771 198 5826 οἱ
237 5769 303 5823 δὲ
330 5766 648 5832 ἀκούοντες,
682 5765 826 5820 κατὰ
863 5762 922 5818 τὸ
955 5763 1053 5835 τῆς
1095 5761 1350 5834 γνώσεως
1392 5763 1736 5835 αὐθαίρετον,

136 5862 210 5919 τὸ
239 5860 520 5932 πρακτέον
557 5857 864 5930 αἱροῦνται.
904 5855 1067 5912 Ἀλλὰ
1091 5856 1236 5915 κατὰ
1277 5854 1375 5926 τὴν
1402 5855 1501 5929 τῆς
1530 5856 1735 5926 ἐπιφα-

1841 4658 1954 4728 Ῑῑει.
2000 4657 2126 4710 Dies
2157 4656 2298 4710 enim
2323 4653 2638 4718 declarabit,
2662 4653 2786 4722 quia
2819 4667 2912 4722 per
2937 4652 3110 4720 ignem
3139 4647 3426 4711 revelatur;

1843 4765 1892 4810 et
1927 4754 2184 4825 cujusque
2221 4767 2352 4822 opus
2385 4747 2544 4820 quale
2575 4749 2644 4802 sit
2689 4746 2825 4818 ignis
2871 4743 3130 4814 probabit.
3177 4740 3237 4796 Si
3276 4742 3426 4812 cujus

1839 4864 1974 4918 opus
2003 4846 2256 4901 manserit
2279 4848 2416 4914 quod
2448 4839 2824 4911 superstruxit,
2859 4835 3149 4890 mercedem
3185 4835 3424 4905 accipiet.

1840 4940 1903 4996 Si
1929 4941 2078 5011 cujus
2108 4953 2240 5009 opus
2257 4942 2496 4991 exustum
2526 4933 2707 5000 fuerit,
2731 4931 2985 4984 damnum
3010 4927 3246 4999 patietur
3271 4943 3291 4982 :
3317 4927 3428 4999 ipse

1817 5048 1966 5090 .vero
2002 5029 2319 5096 servabitur,
2345 5027 2421 5080 sic
2450 5034 2628 5079 tamen
2665 5029 2722 5075 ut
2755 5035 2850 5091 per
2881 5018 3078 5090 ignem.

1918 5213 2050 5268 Post
2081 5211 2240 5266 fidem
2267 5208 2416 5265 enim
2451 5204 2772 5276 operatione
2800 5218 2866 5258 ac
2894 5201 3257 5256 adiﬁcatione
3289 5215 3429 5270 opus

1841 5314 1947 5361 est.
1993 5306 2062 5360 At
2092 5302 2224 5374 justi
2273 5315 2412 5355 auro
2455 5297 2700 5368 a‘quales
2743 5305 2799 5350 et
2847 5303 3074 5365 argento
3107 5293 3432 5363 pellucenti-

1845 5398 2060 5468 busque
2097 5394 2350 5466 gemmis,
2393 5405 2520 5446 suas
2550 5406 2717 5460 super
2753 5387 2917 5442 [idem
2948 5385 3224 5441 aadilicant
3253 5385 3428 5438 actio-

1843 5507 1944 5547 nes
1975 5509 1987 5543 :
2022 5499 2340 5560 peccatores
2365 5500 2497 5539 vero
2527 5483 2746 5546 silvam,
2773 5497 2897 5550 quin
2924 5479 3084 5533 facile
3107 5476 3431 5532 accenditur

1843 5583 2145 5650 futuroque
2173 5579 2294 5649 igne
2317 5578 2479 5648 digna
2501 5583 2605 5630 est.
2626 5604 2690 5613 —
2708 5573 2831 5626 Alio
2859 5571 3029 5624 modo.
3056 5570 3430 5636 Przeceptores

1843 5673 2028 5728 divina
2053 5672 2274 5734 docent,
2298 5669 2583 5724 auditores
2607 5681 2738 5721 Vero
2759 5665 2912 5735 juxta
2937 5661 3114 5716 scient
3135 5676 3182 5716 αι
3207 5658 3404 5712 electio

1842 5780 1972 5824 nem
1999 5763 2146 5836 quod
2169 5762 2440 5834 agendum
2470 5769 2556 5816 est
2588 5760 2802 5828 eligunt
2836 5771 2851 5808 :
2884 5754 2980 5810 sed
3009 5754 3098 5808 die
3121 5769 3233 5822 quo
3260 5767 3430 5820 appa-

1843 5856 2018 5914 ruerit
2041 5854 2311 5931 _Salvator
2339 5851 2595 5928 probatio
2621 5850 2748 5917 erit,
2773 5854 3074 5916 exactaque
3113 5843 3276 5919 442
3313 5843 3429 5900 dis-
