3880 6566
533 424 638 487 675

534 533 766 604 quisitio
825 548 841 586 :

537 633 797 695 tanquam
829 636 1027 678 aurum
1058 627 1114 676 et
1142 627 1450 689 argentum,
1482 614 1626 685 ignis
1651 613 1844 668 reddet
1875 609 2116 682 splendi-

537 719 722 774 diores
763 736 778 773 :
814 714 1104 787 pravitatis
1140 721 1324 767 autem
1384 715 1728 780 cperatore's,
1760 720 1912 787 more
1936 703 2114 774 ligno—

540 827 688 876 rum,
722 809 835 865 feni
863 824 927 863 ac
963 805 1179 877 stipula:
1209 812 1515 860 consumet.
1543 803 1587 856 A
1610 801 1837 856 doctore
1865 814 1995 853 vero
2023 795 2119 867 qui

539 918 604 957 ea
627 901 813 956 docuit
837 914 959 969 qua:
984 899 1183 952 decent
1213 911 1326 950 non
1353 895 1648 965 exigentur
1671 908 1868 963 paenae,
1896 891 2008 945 imo
2035 903 2124 943 sa-

539 992 652 1047 lute
683 991 883 1061 dignus
918 988 1236 1049 habebitur,
1268 995 1324 1041 et
1359 987 1466 1040 hoc
1489 993 1573 1040 est
1607 985 1754 1054 quod
1787 984 1863 1036 ait
1895 1000 1910 1035 :
1953 1000 1970 1033 ‹
2002 981 2120 1052 Ipse

537 1097 673 1136 vero
703 1080 1038 1145 servabitur,
1076 1098 1094 1132 ι
1134 1092 1332 1148 nempe
1363 1076 1457 1146 qui
1486 1075 1669 1140 docet,
1707 1094 1724 1126 ι
1754 1075 1904 1144 Opus
1936 1083 2122 1127 autem

538 1181 824 1236 exuretur,
870 1188 891 1223 ι
946 1168 1054 1223 Ιιοο
1107 1176 1210 1233 est,
1268 1167 1306 1220 ii
1351 1165 1445 1236 qui
1494 1165 1707 1234 seipsos
1730 1171 2124 1218 exstruxerunt

541 1278 769 1334 pravum
805 1277 968 1332 opus.
1016 1261 1086 1315 Et
1133 1260 1208 1314 ita
1247 1259 1543 1328 diligenter
1573 1257 1830 1326 legentes
1875 1255 2126 1310 invenie-

541 1369 665 1410 mus
687 1353 1102 1423 Scripturarum
1125 1349 1459 1406 sententiam
1487 1365 1501 1401 :
1546 1365 1564 1398 ι
1606 1346 1662 1400 Si
1684 1346 1844 1417 cujus
1873 1360 2012 1414 opus
2033 1358 2126 1397 cx-

541 1456 723 1502 ustum
745 1446 936 1511 fuerit,
970 1444 1232 1498 damnum
1253 1441 1531 1512 patietur:
1567 1441 1683 1510 ipse
1711 1453 1842 1493 vero
1876 1437 2125 1492 servabi-

544 1548 637 1594 tur
657 1541 749 1594 sic
787 1545 973 1593 tamen
1017 1546 1077 1591 ut
1121 1551 1220 1607 per
1261 1538 1484 1606 ignem;
1513 1553 1535 1587 -ι
1585 1533 1689 1588 hoc
1729 1541 1833 1598 est,
1869 1537 2124 1585 exustum

547 1630 713 1685 fuerit
735 1633 894 1700 {opus
929 1629 1046 1699 ejus
1079 1643 1178 1698 per
1209 1629 1409 1699 ignem.
1461 1627 1583 1696 lpse
1619 1641 1753 1680 vero
1791 1621 2124 1688 servabitur,

545 1739 743 1794 nempe
776 1724 970 1778 doctor
1000 1722 1094 1776 ille
1121 1734 1136 1773 :
1165 1737 1346 1791 neque
1371 1720 1519 1774 enim
1545 1732 1710 1773 causa
1736 1716 1843 1770 fuit
1867 1714 2129 1769 mutatio-

545 1815 634 1869 nis
663 1813 733 1868 ad
775 1813 830 1868 id
874 1812 1022 1883 quod
1060 1813 1218 1883 pejus
1254 1821 1358 1867 est.
1393 1811 1527 1866 Nam
1559 1809 1977 1864 convenientem
2009 1805 2128 1876 ipse

546 1905 856 1959 doctrinam
890 1903 1097 1957 attulit.
1128 1903 1332 1958 Verum
1369 1902 1415 1956 si
1455 1902 1581 1972 quis
1620 1899 1762 1954 nolit
1799 1899 2158 1969 particulam'

547 1995 720 2062 illam,
761 2014 779 2047 ι
818 1995 910 2051 Sic
951 2004 1132 2050 tamen
1172 2004 1235 2050 ut
1275 2010 1375 2065 per
1415 1995 1621 2065 ignem,
1661 2012 1681 2045 ι
1733 1992 1887 2062 operi
1917 2001 2128 2061 aptare,

547 2087 645 2144 sed
669 2087 881 2142 doctori
911 2095 1088 2141 :vtunc
1111 2086 1200 2140 sic
1229 2085 1540 2155 intelligito,
1565 2082 1715 2152 quod
1746 2097 1847 2153 pro
1881 2082 1989 2137 illis
2023 2093 2133 2136 non

545 2179 840 2249 exigentur
895 2177 965 2232 ab
1015 2191 1083 2232 eo
1141 2192 1359 2247 pinnae;
1419 2175 1734 2231 servabitur
1782 2184 1989 2240 autem,
2034 2189 2136 2244 per

545 2269 729 2341 ignem
775 2279 832 2326 et
872 2269 990 2341 ipse
1036 2271 1323 2340 probatus,
1356 2281 1542 2324 utrum
1586 2269 1755 2324 vitam
1796 2269 1996 2323 habeat
2035 2267 2136 2320 do~

546 2364 742 2418 ctrina;
785 2370 1212 2435 congruentum.
1251 2379 1269 2412 ι
1307 2363 1542 2427 Aurum,
1601 2377 1620 2410 ι
1661 2359 1825 2413 ﬁdem
1873 2357 1929 2410 in
1976 2356 2138 2411 Chri-

551 2463 717 2508 stum.
751 2473 769 2505 ι
801 2455 1126 2524 Argentum.
1150 2471 1168 2504 ι
1205 2453 1340 2508 Nam
1371 2460 1503 2506 sunt
1529 2459 1586 2506 et
1615 2450 1926 2515 inferiores,
1952 2448 2138 2502 multa:

551 2545 826 2616 siquidem
868 2555 1000 2600 sunt
1040 2546 1187 2615 apud
1226 2545 1445 2599 Patrem
1486 2543 1804 2597 mansiones
1837 2541 1905 2594 ".
1944 2559 1970 2592 .‹
2010 2539 2138 2595 Dies

553 2639 702 2692 enim
720 2638 1042 2693 declarabit.
1073 2656 1091 2690 ι
1115 2637 1272 2692 Diem
1310 2636 1447 2691 dicit
1465 2635 1682 2708 judicii.
1703 2653 1721 2686 ι
1747 2634 1809 2690 ln
1829 2633 1952 2704 igne
1983 2653 2000 2686 ι
2036 2647 2138 2687 au-

558 2739 668 2784 tem
692 2729 829 2786 dicit
863 2729 1100 2784 revelari
1127 2744 1294 2800 opera
1321 2745 1336 2782 :
1370 2728 1477 2784 hoc
1501 2737 1607 2793 est,
1633 2725 1987 2782 manifestum
2019 2723 2138 2779 fieri

556 2823 716 2892 cujus
745 2820 857 2874 sint
886 2829 1118 2883 naturai,
1145 2829 1330 2875 utrum
1363 2834 1583 2886 aurum,
1610 2808 1798 2873 utrum
1826 2825 2137 2888 argentum,

558 2915 768 2980 talium,
797 2914 995 2984 inquit,
1020 2913 1166 2986 ignis
1195 2912 1518 2984 probativus
1543 2912 1669 2966 erit.
1697 2931 1715 2962 ι
1737 2909 1794 2966 Si
1817 2911 1976 2980 cujus
2002 2923 2140 2978 opus

555 3016 810 3062 exustum
843 3005 1032 3064 fuerit.
1066 3026 1083 3058 ι
1121 3005 1178 3060 Si
1216 3006 1394 3077 cujus,
1435 3003 1638 3074 inquit,
1671 3018 1811 3074 opus
1845 3003 1954 3056 vim
2000 3000 2143 3072 ignis

557 3113 669 3152 non
701 3097 913 3163 tulerit,
941 3097 1037 3153 sed
1065 3097 1358 3166 probatum
1385 3111 1448 3150 ac
1478 3096 1792 3150 convictum
1824 3095 1989 3149 fuerit
2019 3108 2142 3148 esse

1601 403 1998 468 (EtZUMENIl
2043 401 2344 464 TllICCE
2383 393 2728 459 EPISCOPI

906 539 963 586 et
1013 544 1110 584 eos
1188 525 1411 596 quidem
1469 522 1566 593 qui
1622 521 1794 592 probe
1836 520 2112 583 vixerunt,

2240 514 2368 577 νείας
2392 512 2486 565 τοῦ
2509 511 2660 579 Σωτῆ
2671 525 2761 579 ρος
2789 505 3028 577 ἡμέραν,
3053 497 3274 572 βάσανος
3302 498 3438 554 ἔσται
3453 504 3533 556 καὶ
3549 505 3688 570 ἐξέτι.

2219 626 2304 671 σις
2335 606 2592 677 ἀκριδής.
2631 605 2743 657 Καὶ
2773 602 2898 662 τοὺς
2929 598 3030 668 μὲν
3063 592 3120 650 εὖ
3150 595 3474 666 βεῦιωκότας,
3502 599 3693 672 καθάπερ

3611 396 3689 459 ϐῖϐ

2221 701 2420 771 χρυσὸν
2455 699 2550 752 καὶ
2569 695 2809 768 ἄργυρον
2837 692 2897 745 τδ
2927 688 3040 760 πῦρ
3071 686 3456 758 λαμπρθτέρους
3473 690 3692 758 ἀποφανεῖ·

2221 793 2348 854 τοὺς
2377 789 2433 842 δὲ
2479 789 2578 859 τῆς
2619 786 2819 848 κακίας
2854 783 3113 854 ἐργάτας,
3147 780 3296 849 δίκην
3328 779 3482 845 ξύλων
3505 781 3697 852 xei-16p.

2220 901 2314 937 τευ
2346 885 2436 937 κάι
2465 881 2721 950 καλάμης
2769 874 3163 930 καταναλὼσει.
3190 874 3245 926 ’0
3283 873 3337 926 δέ
3367 888 3426 939 γε
3454 872 3698 937 διδάσκαλος

2221 979 2290 1031 τὰ
2318 977 2667 1047 προσήκοντα
2692 970 2929 1034 διδάξας,
2970 969 3071 1021 ούκ
3110 965 3538 1037 είσπραχθήσεται
3571 967 3699 1032 δίκας,

2224 1069 2362 1126 ἀλλὰ
2408 1066 2686 1137 σωτηρίας
2738 1062 3127 1132 ἀξιωθήσεται.
3185 1059 3350 1112 Τοῦτο
3395 1059 3520 1129 γὰρ,
3565 1061 3701 1132 φησιν,

2231 1182 2250 1214 ι
2297 1161 2471 1224 Αὐτὸς
2523 1159 2581 1211 δὲ
2645 1155 2984 1226 σωθήσεται,
3035 1173 3055 1206 ι
3105 1151 3372 1206 τουτέστιν
3413 1153 3442 1204 ὁ
3486 1150 3703 1206 διδάσκων.

2232 1272 2250 1305 ι
2287 1253 2360 1307 Τὸ
2393 1252 2452 1306 δὲ
2481 1251 2639 1322 ἔργον
2674 1249 3109 1316 κατακαήσεται,
3135 1263 3154 1296 ι
3194 1244 3313 1298 ἀντὶ
3343 1243 3428 1297 τοῦ
3455 1245 3497 1296 oi
3534 1245 3704 1314 πονηρὸν

2232 1345 2467 1407 ἑαυτοὺς
2575 1339 3092 1401 κατασκευάσαντες
3193 1337 3368 1408 ἔργον.
3451 1336 3605 1399 Οὕτως
3668 1338 3706 1389 δὲ

2228 1437 2578 1506 ἀναγνόντες,
2617 1433 2859 1506 ἀκριϐῶς
2892 1431 3200 1503 εὑρήσομεν
3246 1429 3337 1498 τὴν
3373 1428 3470 1481 τῶν
3504 1430 3702 1498 γραμμά-

2227 1551 2337 1586 των
2385 1532 2658 1585 διάνοιαν·
2701 1547 2720 1581 ι
2761 1528 2826 1582 Εἰ
2873 1542 3019 1588 τινος
3071 1524 3130 1576 τὸ
3173 1522 3327 1596 ἔργον
3365 1523 3706 1589 κατακαήσεται,

2230 1622 2678 1694 ζημιωθήσεται·
2714 1619 2887 1682 οὓτως
2917 1618 2995 1681 δὲ,
3017 1615 3091 1678 ὡς
3123 1614 3208 1666 διὰ
3235 1612 3397 1683 πυρὸς
3411 1612 3706 1682 σωθήσεται.»

2227 1720 2354 1773 ἀντὶ
2425 1718 2542 1782 τοῦ,
2601 1712 3084 1782 κατακαυθήσεται
3141 1706 3302 1761 αὑτοῦ
3357 1709 3413 1759 τὸ
3477 1707 3606 1776 ἔργον
3641 1708 3710 1759 ὑπὸ

2232 1811 2324 1866 τοῦ
2381 1810 2567 1881 πυρός.
2626 1806 2798 1868 Αὐτὸς
2825 1805 2881 1857 δὲ
2911 1801 3240 1872 σωθήσεται,
3278 1798 3532 1852 τουτέστιν
3569 1799 3711 1851 eaad-

2236 1905 2453 1968 σκαλος.
2499 1903 2574 1957 Οὐ
2618 1899 2726 1970 γὰρ
2789 1898 2962 1960 αἴτιος
3021 1895 3125 1964 τῆς
3167 1891 3365 1946 τούτων
3411 1892 3493 1944 ἐπὶ
3517 1890 3569 1944 τὸ
3586 1894 3711 1962 χεῖρον

2234 2002 2466 2071 τροπῆς.
2515 1995 2690 2059 Αὐτὸς
2735 1992 2844 2063 γὰρ
2891 1991 2992 2063 τὴν
3039 1989 3414 2060 προσήκουσαν
3449 1986 3712 2040 διδασκαλίαν

2235 2093 2636 2167 προσήνεγκεν.
2697 2087 2762 2141 Ei
2813 2084 2871 2139 δέ
2906 2101 2992 2148 τις
3042 2085 3104 2138 οὐ
3142 2083 3384 2154 βούλεται
3411 2080 3486 2144 τδ,
3517 2099 3533 2133 ι
3571 2081 3710 2143 Ὦςδιὲ

2229 2180 2430 2253 πυρὸς,
2471 2197 2489 2230 ι
2517 2177 2607 2248 τῷ.
2633 2177 2780 2247 ἔργῳ
2801 2175 3207 2246 προσαρμόσαι,
3227 2173 3356 2227 ἀλλὰ
3380 2173 3452 2242 τῷ
3473 2171 3710 2239 διδασκάλῳ,

2236 2272 2409 2335 οὕτως
2434 2271 2704 2342 νοησάτω,
2737 2271 2820 2324 ὃτι
2870 2269 3010 2338 ὑπὲρ
3046 2267 3148 2339 μὲν
3194 2267 3412 2321 ἐκείνων
3437 2266 3524 2319 ούκ
3552 2268 3713 2332 εἰσπρα-

2237 2365 2502 2436 χθήσεται
2527 2363 2700 2428 δίκας,
2738 2360 3045 2432 σωθήσεται
3083 2359 3144 2412 δὲ
3178 2357 3267 2412 διὰ
3292 2357 3463 2428 ,πυρὸς
3505 2359 3580 2410 καὶ
3603 2357 3713 2418 αὐτὸς

2229 2457 2693 2529 ’δοκιμαζόμενος,
2727 2454 2884 2525 εἴπερ
2913 2455 3024 2525 ἄρα
3045 2452 3163 2525 ἔχει
3193 2453 3284 2506 τὸν
3316 2451 3424 2523 βίον
3452 2453 3510 2521 τῇ
3539 2450 3715 2503 διδασκα-

2236 2550 2329 2622 λίᾳ
2377 2549 2735 2618 κατάλληλον.
2771 2567 2790 2598 ‹
2833 2546 3068 2617 Χρυσόν.
3125 2563 3147 2598 ι
3198 2543 3308 2616 Τὴν
3337 2545 3412 2608 είς
3440 2543 3627 2615 Χριστὸν
3659 2542 3716 2593 τί.

2240 2659 2378 2697 στιν’
2417 2661 2437 2695 ι
2497 2642 2794 2712 ’Δργυροικ
2839 2658 2857 2690 ›
2903 2638 3028 2692 Eia}.
3078 2637 3193 2711 γὰρ
3242 2638 3335 2692 καὶ
3380 2636 3714 2704 καταδεέστεροι.

2239 2737 2442 2791 Πολλαὶ
2474 2734 2586 2806 γὰρ
2623 2735 2783 2803 μοναὶ
2814 2733 2968 2802 παρὰ
2999 2731 3076 2803 τῷ
3107 2731 3306 2802 Πατρί.
3345 2749 3362 2782 ι
3400 2731 3457 2782 Ἦ
3484 2730 3572 2798 γὰρ
3593 2728 3716 2798 ἡμέρα

2239 2828 2495 2900 δηλώσει.
2541 2847 2561 2882 ι
2615 2827 2859 2897 Ἠμέραν
2893 2825 3028 2897 φησὶ
3072 2825 3174 2896 τὴν
3224 2823 3321 2894 τῆς
3353 2822 3572 2893 κρίσεως.
3607 2839 3622 2872 ι
3660 2820 3716 2872 Ἐν

2242 2925 2377 2996 πυρὶ
2423 2923 2480 2977 δὲ
2532 2921 2680 2990 λέγει
2727 2921 2797 2974 τὰ
2852 2920 2992 2990 ἔργα
3035 2917 3520 2979 ἀποκαλύπτεσθαι,
3545 2913 3716 2967 τουτέστι

2244 3017 2454 3089 φανερὰ
2479 3017 2749 3086 γίνεσθαι,
2781 3015 2944 3067 ὁποῖα
2997 3013 3096 3084 τὴν
3147 3013 3309 3082 φύσιν
3337 3009 3490 3074 ἐστὶν,
3518 3005 3603 3081 ἄρα
3633 3023 3717 3077 χρυ-

2246 3113 2360 3177 σὸς,
2405 3107 2514 3181 ἆρα
2561 3108 2832 3181 ἄργυροςς
2865 3105 2971 3160 τῶν
3003 3105 3060 3158 δὲ
3089 3105 3349 3159 τοιούτων
3376 3104 3432 3157 τὺ
3458 3101 3566 3174 πῦρ,
3591 3099 3716 3169 φησιν,

557 3189 782 3253 malum,
806 3189 1091 3254 damnum,
1110 3188 1208 3252 ait,
1229 3187 1491 3258 patietur.
1525 3186 1714 3256 Itaque
1744 3185 1882 3239 nihil
1919 3183 2136 3254 prodest

2249 3203 2584 3271 ἐλεγκτικόν.
2634 3220 2652 3251 ι
2682 3199 2748 3254 Et
2774 3217 2914 3263 τινος
2946 3198 3007 3251 τὸ
3039 3197 3201 3268 ἔργον
3241 3195 3616 3265 κατακαήσεται.
3645 3189 3718 3242 illi

558 3279 693 3335 ﬁdes
722 3289 893 3346 recta,
921 3281 1129 3352 absque
1155 3280 1315 3336 bonis
1358 3278 1873 3349 operibus—Anne
1903 3277 1978 3331 ita
2007 3290 2145 3347 quo-

555 3387 664 3442 que
714 3373 1024 3444 intelligere
1064 3371 1402 3444 possumus?
1431 3371 1513 3426 llli
1545 3369 1770 3441 quidem
1813 3369 1910 3440 qui
1949 3369 2145 3423 silvam

556 3479 656 3519 seu
687 3464 976 3519 materiam
1014 3463 1180 3520 facile
1220 3463 1561 3520 exurendam
1595 3461 1959 3527 aedificarunt,
1990 3459 2148 3530 peni-

557 3565 650 3611 tus
681 3556 984 3627 ejiciuntur
1016 3573 1030 3609 :
1069 3556 1336 3611 damnum
1377 3557 1527 3611 enim
1570 3555 1861 3625 patiuntur
1899 3553 2145 3608 omnium

559 3661 791 3701 suorum
841 3647 1111 3702 laborum.
1157 3666 1176 3698 ι
1215 3647 1337 3717 lpse
1374 3662 1510 3701 vero
1550 3645 1890 3701 servabitur.
1929 3661 1947 3694 ι
1985 3643 2152 3711 Quis-

557 3739 735 3793 nam?
761 3737 867 3805 Qui
900 3739 1365 3809 superaediﬁcavit
1387 3754 1582 3794 aurum
1611 3748 1672 3794 et
1696 3746 1982 3810 argentum
2009 3739 2147 3808 lapi-

558 3831 766 3902 desque
795 3835 1092 3903 pretiosos.
1140 3833 1279 3889 Cum
1308 3833 1455 3887 enim
1495 3832 1564 3887 de
1613 3832 1734 3902 ipso
1761 3832 1966 3887 dixerit
1996 3833 2146 3902 quod

557 3924 1172 3996 mercedem-accipiet,
1211 3939 1370 3981 nunc
1411 3925 1554 3981 dicit
1595 3941 1764 3996 quam
1809 3926 2144 3991 mercedem,

558 4029 758 4086 nempe
805 4016 1060 4072 salutem.
1113 4016 1438 4073 Servabitur
1483 4028 1668 4073 autem
1695 4058 1709 4083 ,
1767 4017 1884 4088 ipse
1925 4033 2147 4088 quoque

558 4107 809 4164 dolorem
845 4125 1059 4180 passus,
1091 4110 1236 4167 sicut
1265 4111 1568 4166 verisimile
1597 4122 1682 4166 est
1718 4111 1785 4166 de
1818 4125 1886 4166 eo
1919 4113 2010 4180 qui
2048 4127 2148 4181 per

560 4200 739 4270 ignem
813 4203 1102 4257 transierit
1149 4201 1366 4272 sibique
1418 4202 1604 4257 unitas
1661 4203 1906 4257 modicas
1955 4203 2146 4257 sordes

558 4295 900 4364 cxpu-rgarit.
935 4294 1118 4350 Solius
1153 4311 1392 4365 namque
1421 4296 1520 4350 Dei
1537 4306 1626 4350 est
1647 4295 1892 4365 perfecte
1921 4305 2146 4366 peccato

559 4401 773 4440 carere.
826 4385 988 4458 M3
1057 4387 1322 4444 Homines
1371 4403 1505 4443 vero
1549 4388 1652 4442 etsi
1698 4403 1861 4458 quam
1911 4389 2146 4443 maxime

487 4497 499 4507 ’
554 4476 692 4549 justi
746 4475 974 4542 fuerint,
1022 4494 1133 4533 non
1189 4479 1432 4548 perfecte
1492 4479 1619 4549 puri
1666 4488 1815 4534 sunt.
1864 4477 2146 4550 Siquidem

2248 3314 2412 3360 τινος,
2443 3295 2596 3366 φησὶ,
2623 3295 2683 3347 τὸ
2705 3294 2864 3365 ἔργον
2887 3291 2987 3345 οὐκ
3021 3292 3163 3344 οἴσει
3187 3291 3286 3362 τὴν
3318 3289 3405 3342 τοῦ
3442 3287 3584 3359 πυρὸς
3608 3299 3718 3352 προσ·

2249 3387 2434 3458 ϐολὴν,
2487 3388 2603 3439 ἀλλ’
2630 3385 3023 3456 ἐλεγχθήσεται
3051 3383 3110 3436 ὃν
3149 3382 3382 3454 πονηρὸν
3421 3380 3503 3434 καὶ
3528 3375 3719 3443 κατεκσή-

2250 3499 2422 3545 σεται,
2455 3479 2894 3552 ζημιωθήσεται,
2923 3477 3109 3548 φησίν.
3149 3476 3294 3548 ’Λρα
3325 3473 3414 3529 οὖν
3436 3472 3564 3527 οὐδὲν
3588 3468 3720 3537 ὠφελεῖ

2247 3577 2437 3639 ¹πίστις
2492 3572 2649 3646 ὀρθὴ,
2695 3572 2866 3644 χωρὶς
2927 3569 3129 3641 ἔργων.
3167 3600 3235 3611 -—
3277 3557 3720 3641 [OIKOTMENIOTJ

2248 3664 2396 3738 Ἀρα
2427 3667 2501 3737 μὴ
2533 3668 2627 3721 καὶ
2674 3664 2850 3729 οὕτως
2880 3662 3163 3734 δυνάμεθα
3189 3663 3406 3733 νοῆσαι;
3438 3659 3495 3714 Oi
3530 3656 3721 3728 μὲνοῖκο·

2249 3761 2584 3830 δομὴσαντες
2613 3758 2712 3827 τὴν
2758 3756 3221 3826 εὐκατάπρηστον
3258 3754 3406 3824 ὕλην,
3443 3751 3593 3806 τέλεον
3619 3744 3722 3800 ἐκδί-

2249 3851 2501 3922 6).ηνται.
2545 3849 2911 3920 Ἐζημίωνται
2941 3846 3051 3917 γὰρ
3082 3847 3264 3899 πάντα
3295 3844 3464 3900 αὐτῶν
3486 3842 3542 3896 τὰ
3563 3835 3723 3893 σπουδά-

2253 3957 2455 4012 σματα.
2497 3958 2516 3994 ι
2554 3939 2728 4004 Αὐτὸς
2758 3936 2815 3993 δὲ
2849 3938 3182 4009 σωθήσεται.
3210 3955 3228 3989 ι
3260 3937 3388 4002 Τίς;
3432 3935 3484 3987 Ὀ
3526 3929 3722 3986 ἐποικοδο-

2254 4037 2434 4104 μήσας
2466 4032 2558 4086 τὸν
2585 4031 2786 4104 χρυσὸν
2814 4028 3018 4084 καὶτὸν
3052 4028 3423 4101 ἄργυρον,καὶ
3445 4027 3554 4087 τοὺς
3578 4020 3723 4091 τιμίους

2250 4124 2458 4190 λίθους.
2491 4122 2680 4177 Εἰπὼν
2705 4121 2814 4192 γὰρ
2851 4121 2981 4192 περὶ
3028 4120 3196 4174 αὐτοῦ
3238 4119 3319 4173 ὅτι
3351 4117 3524 4188 μισθὸν
3549 4113 3721 4184 λήψεται,

2249 4218 2347 4273 νῦν
2407 4217 2560 4286 λέγει
2611 4217 2762 4268 ποῖον
2823 4213 3037 4284 μισθὸν,
3077 4212 3328 4265 τουτέστι
3383 4209 3476 4280 τὴν
3515 4203 3722 4274 σωτηρίαν.

2251 4310 2566 4381 Σωθήσεται
2601 4307 2658 4360 δέ
2693 4322 2758 4374 γε
2788 4303 3080 4368 ἐπωδύνως
3116 4303 3214 4357 καὶ
3237 4302 3413 4368 αὐτὸς,
3444 4300 3510 4361 ὡς
3540 4293 3649 4355 είκὸς
3669 4289 3724 4339 τὸν

2249 4403 2340 4458 διὰ
2411 4403 2584 4474 πυρδς
2657 4396 2967 4469 παριόντα,
3035 4397 3132 4450 καὶ
3195 4392 3617 4464 ἐκκαθαιρόμενον
3669 4382 3726 4433 τὸν

2251 4497 2444 4554 ἐνόντα
2518 4493 2668 4566 αὐτῷ
2727 4491 2935 4564 βραχὺν
2993 4489 3187 4563 ῥύπον.
3250 4487 3394 4541 ’Θεοῦ
3453 4485 3549 4554 γὰρ
3601 4477 3725 4548 μόνω.

559 4569 770 4624 dictum
816 4579 924 4634 est,
969 4569 1118 4638 quod
1165 4571 1221 4623 in
1261 4570 1453 4624 multis
1494 4569 1734 4624 labimur
1773 4585 1967 4625 omnes
1991 4572 2056 4636 ⁷⁸,
2088 4580 2136 4627 el

2250 4591 2313 4648 τὺ
2363 4589 2562 4651 τελέως
2605 4561 3014 4657 ἀναμάρτητον.
3045 4582 3113 4636 Οἱ
3160 4582 3219 4635 δὲ
3280 4578 3537 4651 ἅνθρωποι
3582 4567 3728 4626 trivit:

564 4681 583 4714 ι
619 4662 817 4717 Nullus
863 4677 1041 4733 purus
1073 4672 1159 4717 est
1196 4677 1226 4716 a
1256 4673 1508 4732 peccato,
1546 4678 1614 4717 ne
1648 4664 1694 4718 si
1730 4664 1894 4718 unius
1920 4665 2143 4736 quidem

558 4754 670 4811 diei
707 4756 780 4811 sit
815 4757 926 4811 vita
959 4756 1080 4826 ejus
1102 4756 1167 4810 ".
1203 4772 1222 4806 ι
1262 4755 1402 4810 Nam
1445 4754 1726 4811 Malacbiae
1756 4755 1964 4812 dictum
1993 4766 2078 4812 est
2101 4757 2145 4790 ⁷⁸

560 4850 708 4920 quod
744 4858 1002 4920 tanquam
1039 4850 1219 4920 ignem
1260 4849 1317 4903 in
1354 4847 1599 4916 fornace,
1633 4860 1689 4906 et
1729 4857 1984 4922 tanquam
2017 4852 2146 4907 ber-

560 4948 687 5002 bam
721 4948 993 5003 fullonum
1031 4948 1299 5021 quosdam
1327 4948 1516 5003 abluet
1547 4949 1692 5005 Deus
1721 4958 1778 5004 et
1810 4949 2144 5022 purifieabit.

565 5060 582 5092 ι
619 5041 742 5110 Ipse
771 5056 903 5094 vero
935 5041 1272 5096 servabitur.
1307 5060 1325 5092 ›
1365 5040 1522 5108 Quod
1563 5042 1642 5097 ait
1679 5059 1697 5093 ι
1737 5041 2084 5107 Servabitur,
2122 5059 2140 5093 ι

561 5130 904 5189 tantumdem
931 5140 1015 5186 est
1045 5149 1109 5187 ac
1135 5133 1181 5187 si
1223 5133 1374 5188 dicat
1417 5150 1430 5186 :
1478 5133 1597 5188 Non
1632 5134 1858 5190 tolletur
1883 5148 1914 5188 e
1944 5132 2146 5198 medio,

557 5239 741 5295 neque
767 5231 1079 5279 revertetur
1106 5225 1161 5279 in
1189 5225 1449 5290 nihilum,
1475 5225 1939 5296 quemadmodum
1970 5241 2150 5295 prava:

522 5323 525 5325 ’
557 5317 679 5389 ejus
713 5317 985 5372 actiones.
1028 5317 1163 5372 Nam
1216 5318 1332 5372 haec
1352 5334 1528 5389 usque
1561 5319 1628 5374 ad
1661 5319 1716 5372 id
1751 5329 1968 5388 tempus
1998 5318 2149 5374 exsi-

2256 4684 2493 4756 μάλιστα
2560 4673 2662 4733 ὦσι
2738 4678 2958 4742 δίκαιοι,
3041 4676 3100 4727 ού
3160 4675 3343 4728 τέλεόν
3405 4673 3502 4725 είσι
3550 4659 3726 4756 καθαροί.

2253 4748 2484 4846 Ῐεῖῖρηται
2516 4772 2622 4843 γὰρ
2648 4770 2728 4823 ὅτι
2765 4767 2934 4821 πολλὰ
2978 4765 3248 4836 πταίομεν
3285 4765 3493 4826 πάντες,
3547 4755 3627 4846 καὶἶ
3669 4748 3727 4846 0'5:

2253 4837 2637 4934 δείςοιαθαρδς
2683 4861 2791 4916 ἀπὸ
2835 4858 3138 4931 ἁμαρτίας,
3172 4858 3281 4913 οὐδ’
3315 4857 3379 4910 ἂν
3411 4853 3502 4924 μία
3543 4837 3728 4919 ἡμέραὸ

2255 4961 2367 5034 βίος
2398 4933 2590 5013 αὐτού.
2622 4956 2851 5029 Εἴρηται
2876 4953 2986 5025 γὰρ
3023 4949 3120 5007 καὶ
3177 4952 3254 5025 τῷ
3292 4947 3549 5020 Μαλαχίςιυ
3587 4942 3652 5034 ’ὅτ-⁸

2256 5053 2366 5122 πῦρ
2404 5053 2462 5104 ὲν
2515 5046 2870 5121 χωνευτηρίῳ
2927 5047 3024 5100 καὶ
3071 5024 3563 5099 πόανίπλυνόντων,
3602 5024 3729 5084 πλυνεῖ

2249 5145 2345 5199 καὶ
2367 5143 2656 5214 καθαρίσει
2685 5142 2712 5193 ό
2737 5140 2867 5203 Θεός
2904 5157 3079 5203 τινας.
3123 5153 3142 5190 ι
3177 5137 3348 5202 Αὐτὸς
3377 5135 3430 5188 δὲ
3459 5128 3723 5214 monstrate

2248 5209 2530 5311 -[ΦΩΤ.]”
2552 5236 2626 5289 Τὸ
2651 5255 2668 5287 ι
2695 5234 3030 5305 Σωθὴ-σεται,
3059 5253 3077 5286 ι
3099 5231 3377 5287 τουτέστιν
3393 5229 3484 5281 οὐκ
3509 5209 3725 5312 ἀφανισθῇ·

2253 5309 2427 5391 σεται,
2460 5325 2580 5378 οὐδὲ
2628 5325 2708 5386 εἰς
2737 5323 2798 5376 τὸ
2846 5324 2919 5393 μὴ
2965 5322 3026 5376 ὃν
3067 5323 3328 5394 χωρήσει,
3359 5319 3530 5384 ὥσπερ
3561 5309 3604 5363 αἱ
3630 5309 3724 5397 πρ²ξ

453 5469 456 5472 ,
558 5411 818 5467 stentiam
869 5411 1078 5467 habere
1127 5413 1459 5470 videbantur
1502 5423 1555 5470 et
1604 5415 1845 5482 ﬁebant;
1886 5415 2136 5472 veniente

2254 5420 2364 5486 ξεις
2399 5416 2560 5470 αὐτοῦ
2595 5417 2650 5469 αἱ
2677 5415 2932 5488 πονηραί,
2966 5411 3138 5471 At)“,
3187 5415 3314 5485 γὰρ,
3368 5411 3514 5482 μέχρι
3557 5401 3633 5474 μὲν
3664 5406 3723 5488 τη,

555 5514 741 5560 autem
776 5520 843 5560 eo
871 5503 961 5560 die
1003 5515 1059 5561 et
1101 5505 1242 5578 igne,
1285 5508 1414 5578 ipsa:
1445 5508 1669 5578 quidem
1699 5523 1850 5562 vanae
1883 5517 1940 5563 et
1975 5525 2136 5564 cassae

2251 5482 2446 5584 καιροῦ
2507 5510 2738 5572 ἐκείνου,
2802 5482 2902 5579 τὴν
2957 5507 3191 5580 ὕπαρξιν
3250 5482 3389 5576 ἐχειν
3437 5498 3619 5555 ἐδόκουν
3665 5482 3724 5584 καί

557 5596 894 5664 efﬁciuntur,
937 5615 1117 5670 neque
1145 5601 1385 5670 amplius
1422 5571 1542 5654 ficri
1583 5608 1814 5670 possunt
1847 5615 1860 5652 :
1901 5609 2136 5656 attamen

2252 5571 2606 5674 ἐπράττοντο.
2655 5571 2948 5672 Ἐλθούσης
2998 5601 3054 5654 δὲ
3077 5571 3192 5670 ’τῆς
3215 5571 3418 5670 ἡμέρας
3462 5571 3724 5674 ἐκείνης)αὶ

557 5686 726 5744 homo
757 5689 852 5759 qui
888 5689 1009 5745 illas
1038 5702 1303 5762 operatus
1324 5699 1429 5759 est,
1465 5707 1577 5746 non
1601 5691 1762 5745 simul
1793 5706 1917 5745 cum
1949 5693 2028 5746 eis
2063 5694 2136 5746 in-

2253 5666 2351 5749 τού
2385 5692 2578 5764 πυρὸς,
2606 5687 2767 5746 αὗται
2801 5666 3160 5766 μὲννφροῦδοι
3179 5666 3446 5758 γεγόνασι,
3479 5681 3590 5755 μήτε
3611 5666 3718 5726 emi:

637 5867 686 5900 "
712 5865 871 5924 Joan.
902 5885 1011 5938 τιν,
1039 5870 1093 5924 2.
1171 5872 1219 5904 "
1258 5869 1375 5926 Jac.
1405 5886 1485 5936 ιιι,
1515 5871 1572 5926 2.
1651 5871 1693 5903 ⁷⁷
1723 5871 1827 5928 Job
1861 5887 1970 5937 xiv,
1998 5870 2050 5936 4,
2079 5871 2132 5937 5,

2240 5885 2278 5925 3.
2314 5868 2478 5925 LXX.
2555 5868 2602 5902 "
2641 5866 2874 5924 Malacb.
2908 5882 2990 5934 ιιι,
3025 5867 3082 5933 ‘2,
3117 5868 3170 5921 5.
