3880 6564
235 394 328 462 677

1152 391 1540 455 COMMENT.
1574 384 1921 453 IN'EPIST.
1963 389 1995 450 Ι
2031 391 2133 452 AD
2167 390 2529 455 CORINTH.

3408 304 3453 319 ‘

3377 397 3487 465 6‘8

238 508 366 584 μήτε
398 502 742 578 πράττεσθαι
779 497 1099 577 mittunt.
1152 505 1212 558 '0
1264 505 1363 577 μέν
1392 521 1474 557 τοι
1510 520 1804 574 καταπρα-

1923 504 2213 571 terimitur,
2250 504 2347 561 sed
2370 511 2561 561 manet
2593 512 2953 572 scservatur,
2989 505 3360 577 pmnasluens
3387 527 3489 582 per

235 602 460 673 ξάμενος
496 598 666 663 αὑτὰς
681 596 995 670 ἄνθρωπος,
1020 598 1082 651 οὐ
1120 599 1527 668 συναναιρεῖται
1570 597 1801 660 ταύταις

232 692 319 750 καὶ
363 689 713 761 ἀφανίζεται,
756 688 894 744 ἀλλά
955 690 1106 761 μένει
1136 689 1234 743 καὶ
1282 687 1537 753 σώζεται,
1569 688 1670 758 τὴν
1721 687 1811 742 διὰ

230 782 396 857 πυρὸς
425 781 584 853 δίκην
612 777 819 844 τιννύς.
844 778 942 833 Διὰ
984 778 1143 834 τοῦτο
1186 778 1295 849 γὰρ
1335 776 1530 845 εἰπὼν,
1556 796 1577 831 ι
1616 778 1809 849 Σωθή-

230 891 401 938 astat,
432 891 453 925 ι
488 872 771 943 ἐπήγαγεν
801 870 1122 942 ἑρμηνεύων
1147 868 1265 934 πῶς
1287 868 1616 940 σωθήσεται,
1653 888 1672 923 ι
1695 867 1809 923 Οὖ-

226 983 330 1029 τως
371 965 449 1029 ὡς
476 964 566 1019 διὰ
600 963 793 1036 πυρὸς,
827 981 848 1016 ι
883 962 1182 1028 τουτέστιν,
1214 964 1293 1025 είς
1323 961 1481 1015 τοῦτο
1530 962 1683 1034 μένει
1715 960 1810 1015 καὶ

228 1058 484 1126 σώζεται,
535 1057 619 1121 είς
663 1056 727 1111 τὸ
774 1056 865 1111 διὰ
898 1057 1072 1128 πυρὸς
1121 1056 1212 1109 τὸν
1260 1054 1433 1109 αίῶνα
1463 1053 1807 1120 κολάζεσθαι.

237 1149 325 1202 Ἐν
352 1150 422 1219 τῇ
454 1146 724 1219 ἑρμηνείᾳ
752 1145 846 1200 τοῦ
891 1145 1135 1211 Ἡσαΐου,
1162 1146 1190 1198 ὀ
1216 1147 1274 1200 ἐν
1298 1144 1478 1214 ἁγίοις
1507 1145 1808 1211 Βασίλειοςν

230 1238 483 1312 δεύτερον
510 1237 873 1309 ἐπιμνησθεὶς
898 1236 993 1291 τοῦ
1023 1235 1216 1308 ῥητοῦ,
1258 1236 1353 1290 ἐπὶ
1383 1237 1653 1308 καθάρσει
1680 1237 1812 1290 αὐτὸ

237 1333 469 1401 ἐδέξατο.
503 1349 525 1384 t
577 1330 665 1394 Ὠς
694 1329 783 1383 διὰ
832 1329 1021 1402 πυρός.
1061 1348 1082 1381 ι
1122 1328 1263 1384 Ὄλα
1295 1328 1682 1401 μεταφορικῶς
1728 1324 1812 1381 εἴ·

236 1439 351 1485 πεν,
392 1420 509 1475 ἀλλ’
544 1421 648 1490 δρα
669 1436 684 1452 ·
718 1418 1047 1492 Οὐχνῶσπερ
1073 1418 1135 1473 τὸ
1166 1419 1387 1491 φορτίον
1420 1419 1624 1473 καυθὲν
1649 1420 1727 1483 είς
1750 1418 1813 1473 τὸ

235 1514 400 1586 μηδὲν
434 1513 679 1585 χωρήσει
706 1512 804 1566 καὶ
832 1511 1018 1576 αὐτὸς,
1058 1512 1195 1566 ἀλλά
1219 1513 1275 1566 τί
1288 1529 1305 1579 ;
1345 1531 1365 1564 ε
1407 1512 1580 1578 Αὐτὸς
1618 1513 1676 1567 δὲ
1702 1529 1813 1566 σω·-

230 1607 478 1677 θήσεται,
516 1622 536 1656 ι
575 1602 860 1674 Σωτηρίαν
913 1603 1115 1669 καλῶν,
1179 1603 1279 1676 τὴν
1341 1604 1429 1656 ἀεὶ
1479 1606 1534 1656 ἐν
1571 1603 1648 1675 τῷ
1680 1604 1813 1677 πυρὶ

228 1697 394 1768 ζωὴν,
452 1696 550 1750 καὶ
599 1696 663 1749 τὸ
708 1696 769 1749 ὲν
817 1694 968 1766 αὐτῷ
999 1694 1384 1761 διασώζεσθαι.
1423 1696 1568 1767 Ὅρα
1598 1698 1709 1768 γὰρ
1758 1695 1813 1749 τί

229 1790 572 1870 προσέθηκεν
598 1804 614 1820 ο
639 1787 827 1852 Οὕτως
858 1788 935 1852 δὲ,
972 1789 1162 1860 φησὶν,
1189 1787 1265 1853 ὡς
1301 1788 1389 1842 διὰ
1414 1788 1620 1860 πυρὸς,
1652 1804 1815 1841 τουτο

1909 598 2114 668 ignem.
2156 597 2240 654 0b
2277 599 2383 654 hoc
2413 598 2560 655 enim
2589 614 2715 654 cum
2746 598 2995 665 dixisset,
3020 619 3051 653 αι
3085 599 3431 667 Servabitur,
3462 623 3483 656 ο

1909 689 2194 759 subiungit
2227 688 2518 746 declarans
2538 690 2820 761 quomodo
2841 691 3153 747 servabitur
3179 708 3193 747 :
3227 711 3248 746 ι
3277 692 3370 749 Sic
3405 703 3490 750 ta-

1909 796 2035 836 men
2064 789 2128 834 ut
2159 796 2260 851 per
2286 781 2493 853 ignem,
2530 802 2550 834 ο
2586 783 2692 837 hoc
2716 790 2821 849 est,
2845 783 2913 838 ad
2939 783 3046 840 hoc
3075 791 3259 841 manet
3287 796 3343 841 et
3368 800 3490 842 ser-

1910 883 2071 931 vatur
2098 882 2159 928 ut
2189 889 2290 945 per
2319 874 2499 946 ignem
2529 876 2792 946 puniatur
2818 877 2875 939 in
2902 877 3187 934 seculum.
3218 877 3278 933 In
3310 877 3491 935 inter-

1910 964 2224 1035 pretatione
2269 964 2423 1020 Isaia:
2466 965 2902 1022 divustBasilius
2944 966 3086 1023 facta
3128 968 3295 1041 hujus
3332 969 3491 1025 verbi

1910 1053 2217 1123 mentione,
2243 1070 2345 1125 pro
2369 1055 2754 1126 puriﬁcatione
2782 1058 2964 1128 ipsum
2986 1059 3208 1131 accipit.
3246 1080 3264 1112 ι
3293 1060 3364 1117 Ut
3393 1078 3494 1132 per

1911 1146 2118 1217 ignem.
2152 1165 2172 1200 ι
2208 1147 2400 1202 Omnia
2435 1148 2811 1219 metaphorice
2840 1149 2978 1206 dixit
3007 1167 3023 1205 :
3055 1151 3152 1207 sed
3182 1151 3306 1208 vide
3331 1170 3347 1207 :
3372 1152 3493 1208 Non

1910 1239 2070 1309 quasi
2100 1239 2236 1295 iacis
2264 1248 2493 1296 exustus
2511 1241 2577 1296 ad
2600 1241 2839 1296 nihilum
2865 1242 3167 1314 redigetur,
3193 1244 3290 1300 sed
3322 1245 3496 1315 quid!

1920 1350 1938 1383 ο
1976 1330 2098 1402 Ipse
2140 1346 2275 1386 vero
2314 1332 2648 1388 servabitur.
2692 1351 2712 1385 ι
2754 1333 3248 1393 Conservationem
3289 1353 3497 1396 vocans

1911 1421 2080 1476 vitam
2102 1436 2224 1492 quae
2253 1436 2473 1493 semper
2504 1423 2562 1477 in
2591 1423 2719 1495 igne
2742 1433 2943 1496 agetur
2964 1434 3022 1481 et
3054 1427 3236 1497 ipsum
3262 1442 3494 1484 conser-

1912 1513 2031 1569 vari
2058 1515 2113 1568 in
2139 1514 2256 1569 illo.
2279 1514 2415 1570 Nam
2443 1514 2573 1571 vide
2591 1515 2724 1586 quid
2750 1516 3028 1572 addiderit
3052 1535 3066 1570 :
3096 1517 3192 1573 Sic
3220 1529 3404 1575 tamen
3433 1531 3497 1577 ut

1912 1621 2013 1676 per
2047 1606 2226 1677 ignem
2262 1623 2276 1661 ι
2314 1607 2421 1663 hoc
2451 1616 2556 1675 est,
2591 1608 2668 1663 ita
2703 1609 3020 1665 servabitur
3058 1619 3120 1665 u-t
3152 1612 3246 1681 qui
3283 1612 3339 1666 in
3370 1613 3498 1684 igne

1915 1704 2188 1761 servatur,
2224 1695 2277 1751 id
2309 1706 2415 1763 est,
2441 1698 2694 1754 exuritur
2716 1713 2821 1753 nec
2843 1698 3211 1753 consumitur.
3240 1699 3321 1754 Ne
3343 1700 3499 1755 enim

1912 1788 2391 1843 conservationem
2428 1789 2682 1857 audiens,
2715 1792 2788 1846 ob
2814 1792 3018 1847 bonum
3045 1794 3288 1849 nominis
3311 1808 3498 1860 omen,

225 1868 605 1947 έστιν,ὀῦτως
654 1879 986 1951 σωθήσεται,
1035 1879 1117 1945 ὡς.
1177 1881 1236 1933 ὲν
1284 1880 1423 1952 πυρὶ
1479 1878 1809 1949 σωζόμενος,

1923 1878 2200 1936 existimes
2217 1882 2549 1952 supplicium
2571 1898 2739 1953 opera
2760 1884 3028 1939 duntaxat
3048 1885 3502 1955 inspicat-emam

224 1975 471 2030 τουτέστι
526 1973 964 2044 κατακαιόμενος
988 2012 1006 2039 ,
1058 1972 1156 2026 καὶ
1219 1972 1300 2055 μὴ
1354 1971 1805 2054 ἀναλισκόμενος.

222 2068 344 2122 Ἵνα
376 2067 486 2138 γὰρ
542 2068 617 2139 μὴ
666 2064 946 2140 σωτηρίαν
1002 2063 1247 2149 ἀκούων,
1295 2064 1374 2135 τῷ
1427 2065 1659 2149 εὐφήμῳ
1710 2061 1807 2118 τοῦ

1912 1971 2018 2029 fuit
2048 1973 2152 2027 hac
2176 1974 2458 2061 additione
2487 1992 2502 2031 :
2530 1977 2650 2046 ipse
2682 1977 3003 2033 servabitur
3019 1994 3118 2048 per
3136 1979 3325 2049 ignem
3351 1991 3502 2034 sem-

1916 2080 2017 2136 per
2040 2065 2263 2122 ardens.
2283 2064 2427 2122 ~Nam
2463 2069 2571 2125 hoc
2591 2070 2865 2141 signiﬁcat
2895 2070 3068 2127 dictio
3095 2071 3189 2136 ὼς,
3211 2071 3265 2127 id
3286 2078 3392 2137 est.
3408 2078 3499 2126 at.

219 2161 490 2233 ὀνόματος
531 2160 762 2233 νομίσῃς
790 2158 921 2231 ἄχρι
943 2157 1039 2212 τοῦ
1071 2158 1140 2212 τὰ
1170 2146 1309 2229 ἔργα.
1325 2146 1681 2228 κατακαῆναι
1723 2157 1824 2230 τὴν
1869 2159 2146 2231 τιμωρίαν
2185 2157 2346 2227 εἶναι,
2373 2160 2571 2233 ἐδεήθη
2634 2161 2839 2233 ταύτης
2878 2162 2981 2232 τῆς
3024 2161 3368 2234 προσθήκης,
3413 2161 3504 2214 οτὸ

218 2256 393 2318 Αὐτὸς
421 2254 727 2325 σωθήσεται
755 2253 844 2308 διὰ
872 2254 1047 2325 πυρὸς
1069 2252 1355 2325 καιόμενος
1386 2253 1493 2318 ἀεὶ,
1519 2252 1676 2306 τοῦτο
1697 2253 1810 2325 γὰρ
1846 2252 2000 2326 δηλοῖ
2029 2253 2114 2318 τὸ,
2141 2254 2241 2321 ὡς.
2312 2268 2315 2269 ⁷
2872 2266 2877 2271 ’
2930 2282 2935 2289 ·

295 2350 426 2403 Οὐκ
465 2347 667 2402 οἴδατε
716 2347 806 2402 ὅτι
835 2346 984 2414 ναὸς
1008 2347 1173 2402 -Θεοῦ
1201 2347 1363 2411 ἐστε,
1387 2346 1496 2401 eral
1522 2345 1588 2399 τὸ
1616 2346 1800 2400 Πνεῦ-

213 2458 303 2514 μα
332 2441 443 2496 τοῦ
467 2440 803 2494 Genucius?
832 2439 904 2493 ἐν
936 2439 1116 2510 ὺμῖν;
1143 2437 1201 2492 εί
1247 2454 1341 2505 τις
1376 2440 1488 2492 τὰν
1518 2436 1679 2492 ναὸν
1706 2436 1815 2492 τοῦ

215 2533 379 2590 Θεοῦ
400 2533 647 2604 φθείρει,
676 2531 885 2602 φθερεῖ
899 2531 1121 2586 τοῦτον
1148 2532 1184 2586 ὁ
1233 2532 1398 2597 Oeric.
1447 2529 1512 2584 '0
1534 2528 1646 2602 τὰρ
1667 2529 1817 2596 ναὸς

215 2627 336 2684 τοῦ
372 2625 525 2683 Θεοῦ
558 2624 727 2695 ἅγιός
756 2625 949 2691 ἐστιν,
998 2624 1222 2690 οἵτινές
1268 2623 1411 2677 ἐστε
1458 2622 1655 2694 ὑμεῖς.
1689 2622 1816 2689 Μη-

210 2718 351 2784 δεὶς
374 2717 596 2772 ἑαυτὸν
623 2714 996 2780 ἐξαπατάτω.
1022 2713 1209 2782 Eheu;
1238 2712 1412 2768 δοκεῖ
1434 2714 1631 2783 σοφὸς
1655 2709 1810 2769 εἶναι

210 2813 292 2867 ἐν
321 2811 491 2882 ὑμῖν,
526 2811 601 2867 ἐν
635 2811 718 2878 τῷ
757 2805 929 2867 αἰῶνι
955 2809 1163 2876 τούτῳ,
1185 2807 1384 2879 μωρὸς
1402 2806 1678 2889 ’γενέσθω
1707 2807 1811 2863 ἵνα

214 2909 477 2979 τέγη-ται
501 2908 721 2978 σοφός.
760 2907 834 2964 Ἦ
854 2907 966 2977 γὰρ
982 2903 1306 2975 σοφίαγοῦ
1330 2906 1565 2971 κόσμου
1593 2902 1812 2959 τούτου

204 3005 419 3074 μωρία
452 3000 619 3071 παρὰ
655 3000 736 3067 τῷ
766 2999 887 3067 Θεῷ
917 3000 1108 3054 ἐστιν.

297 3096 401 3158 Εἰς
429 3094 522 3148 τὸν
553 3091 964 3169 πεπορνευκότα
993 3092 1075 3156 είς
1104 3089 1203 3163 τὴν
1232 3089 1508 3162 μητρυιὰν
1540 3087 1814 3141 εἰσϐαλεῖν

214 3187 378 3241 θέλει
438 3185 644 3258 λοιπὸν,
674 3185 770 3240 καὶ
797 3186 901 3255 ὅρα
954 3182 1071 3248 πῶς
1100 3181 1343 3255 ἁρμοδίῳ
1374 3182 1639 3253 κέχρηται
1682 3197 1818 3254 προ-

210 3280 422 3352 οιμίῳ,
456 3278 823 3350 ὲντρεπτικῶς
870 3277 1056 3341 αὐτοῖς
1114 3275 1316 3330 λαλῶν.
1356 3292 1375 3326 t
1414 3276 1522 3329 Kal
1552 3274 1614 3329 τὸ
1646 3272 1817 3328 Πνεῦ-

220 3389 317 3441 μα
341 3370 441 3426 τοῦ
473 3370 611 3424 Θεοῦ
642 3370 783 3424 οἰκεῖ
827 3370 887 3423 ὲν
921 3369 1074 3439 ὑμῖν.
1104 3384 1124 3419 ›
1162 3365 1414 3439 Ἐπαίρει
1454 3366 1521 3420 τὸ
1560 3364 1816 3443 ἔγκλημα
1842 3391 1889 3454 C

217 3461 347 3516 ἀπὺ
404 3461 509 3530 τῆς
562 3460 807 3532 δωρεᾶς,
841 3459 1128 3526 τουτέστι,
1184 3456 1285 3525 τῆς
1344 3457 1678 3527 ἐνοικήσεως
1725 3455 1819 3510 τοῦ

225 3553 586 3624 Πνεῦματος.
623 3579 690 3591 --
716 3547 1277 3624 [OIKOYMENIOIX]
1319 3549 1383 3602 El
1414 3547 1470 3601 δὲ
1512 3548 1637 3610 ναὸς
1682 3547 1818 3601 Θεοῦ

222 3648 432 3717 ἐσμεν,
467 3643 658 3715 ἐπειδὴ
681 3642 742 3697 es
763 3641 990 3714 Πνεῦμα
1013 3640 1108 3695 τοῦ
1128 3640 1270 3695 Θεοῦ
1288 3642 1432 3693 οἰκεῖ
1451 3639 1511 3692 ὲν
1536 3638 1821 3709 ἡμῖνίᾶρα

223 3740 372 3803 Θεὸς
416 3737 476 3792 τὸ
526 3735 775 3807 Πνεῦμα.
807 3733 1022 3804 Φθερεῖ
1038 3733 1232 3788 τοῦτον
1252 3735 1280 3786 ὁ
1333 3730 1487 3796 Θεός.
1512 3724 1643 3784 οἷον
1670 3730 1820 3784 ἀπο-

221 3832 351 3889 λεῖ.
385 3830 562 3886 Τοῦτο
591 3830 670 3892 δὲ,
703 3829 764 3882 οὐ
796 3826 1218 3900 καταρωμένου,
1273 3824 1409 3878 ἀλλὰ
1450 3822 1514 3877 τὸ
1565 3822 1821 3892 ἐσόμενον

228 3926 627 3996 προλέγοντος.
663 3941 683 3975 ι
726 3922 786 3974 ’0
813 3919 924 3991 γὰρ
951 3918 1080 3981 ναὸς
1135 3915 1228 3970 τοῦ
1262 3914 1404 3969 Θεοῦ
1434 3913 1590 3984 ἅγιός
1620 3916 1756 3967 ἐστι.
1796 3931 1815 3964 ι

227 4016 551 4088 Τοιγαροῦν
585 4014 772 4084 ἐπειδὴ
819 4012 977 4082 ἅγιός
1022 4012 1174 4063 ἐστιν
1222 4009 1252 4061 ὁ
1292 4007 1445 4072 -ναδς,
1477 4005 1636 4075 ἅγιον
1664 4006 1823 4074 ’ἔχων

226 4111 331 4164 τὸν
373 4105 717 4171 ἐνοικοῦντα,
768 4103 832 4158 οὐ
882 4101 1110 4156 δύναται
1170 4096 1310 4153 εἶναι
1355 4099 1386 4152 ὁ
1436 4099 1633 4169 πόρνος
1696 4096 1823 4159 ναὸς

226 4200 407 4258 Θεοῦ.
439 4198 538 4263 Τίς
566 4198 623 4252 δὲ
650 4200 679 4251 ὁ
699 4193 797 4249 τοῦ
824 4192 960 4248 Θεοῦ
978 4192 1131 4259 ναός;
1169 4191 1358 4261 Ὑμεῖς
1386 4188 1608 4260 δηλαδὴ,
1628 4188 1689 4240 -εί
1719 4203 1822 4241 ua-

228 4295 407 4368 θαρο“ι
437 4293 684 4364 μείνητε.
725 4306 744 4339 t
798 4286 1006 4359 Μηδεὶς
1055 4283 1248 4337 ἑαυτὸν
1278 4282 1626 4349 ἐξαπατάτω.
1661 4299 1681 4333 ι
1714 4279 1824 4333 Νο-

230 4389 427 4460 μίζων
450 4384 583 4439 ἀλλο
606 4400 658 4436 τι
696 4376 838 4435 εἷναι
882 4377 1035 4452 παρά
1061 4369 1143 4430 τά
1176 4375 1464 4446 εἰρημένα,
1506 4373 1729 4442 φησίν.‹
1760 4373 1830 4426 Et

226 4496 323 4543 τις
362 4479 519 4531 δοκεῖ
544 4475 705 4543 σοφὸς
732 4469 893 4526 εἶναι.
934 4489 953 4523 ι
989 4468 1196 4538 Σοφοῦς
1224 4464 1464 4519 ἐνταῦθα
1488 4465 1646 4518 καλεῖ
1698 4465 1826 4528 τοὺς

227 4573 339 4644 τὴν
366 4567 719 4641 ἀνθρωπίνην
746 4564 939 4635 σοφίαν
968 4562 1211 4635 ἔχοντας.
1256 4579 1274 4612 ι
1299 4558 1503 4628 Μωρδς
1522 4555 1818 4627 γενέσθω.»

227 4663 447 4735 Muigo;
481 4661 694 4731 γίνεται
737 4659 797 4711 ὲν
827 4655 909 4728 τῷ
940 4655 1097 4708 αἰῶνι
1122 4651 1321 4722 τούτῳ,
1342 4652 1374 4704 ό
1413 4650 1515 4722 τὴν
1536 4648 1824 4721 ἀνθρωπί-

1987 2345 2081 2412 Ill,
2114 2347 2304 2404 16-19.
2350 2350 2432 2404 An
2474 2350 2683 2404 nescitis
2714 2349 2855 2421 quod
2878 2349 3137 2421 templum
3166 2348 3266 2405 Dei
3288 2349 3425 2415 sitis,
3452 2356 3504 2403 et

1915 2439 2150 2513 Spiritus
2187 2441 2283 2498 Dei
2306 2442 2504 2498 habitet
2536 2444 2592 2498 in
2630 2442 2821 2499 vobis?
2865 2442 2928 2498 Si
2965 2444 3082 2514 quis
3118 2443 3369 2514 templum
3408 2441 3506 2498 Dei

1913 2532 2194 2602 profanat,
2242 2533 2380 2588 hunc
2433 2534 2615 2604 perdet
2676 2531 2839 2587 Deus.
2903 2532 3044 2587 Nam
3094 2531 3353 2604 templum
3398 2530 3501 2587 Dei

1915 2634 2160 2681 sanctum
2191 2633 2290 2694 est,
2316 2627 2454 2698 quod
2481 2628 2605 2681 estis
2635 2642 2746 2682 vos.
2778 2625 2942 2681 Nemo
2962 2626 3192 2692 seipsum
3228 2625 3408 2697 fallat.
3446 2621 3509 2679 Si

1920 2717 2038 2789 quis
2090 2716 2302 2772 videtur
2336 2719 2477 2771 inter
2523 2733 2615 2771 vos
2652 2718 2869 2788 sapiens
2911 2731 3022 2770 esse
3061 2717 3117 2770 in
3154 2718 3250 2771 hoc
3291 2715 3506 2787 stmulo,

1915 2808 2109 2865 stultus
2157 2809 2257 2879 ﬁat
2307 2817 2365 2863 ut
2412 2810 2482 2864 sit
2528 2810 2761 2880 sapiens.
2812 2807 3088 2878 Sapientia
3134 2809 3275 2863 enim
3323 2809 3511 2864 mundi

1917 2904 2076 2977 hujus
2100 2902 2331 2958 stultitia
2360 2912 2435 2958 est
2470 2918 2652 2957 coram
2686 2901 2812 2956 Deo.

1990 3080 2155 3155 m
2193 3081 2400 3137 Veiens
2438 3090 2853 3151 consequenter
2887 3074 3160 3136 adversus
3208 3080 3365 3136 illum
3409 3081 3510 3138 dc-

1921 3169 2147 3227 ﬂectere
2179 3184 2514 3238 sermonem,
2560 3171 2656 3241 qui
2692 3186 2818 3225 cum
2859 3185 3097 3226 noverca
3132 3171 3509 3241 st-ortabatur,

1921 3262 2046 3318 vide
2068 3277 2232 3332 quam
2254 3269 2385 3331 apto
2409 3264 2479 3318 sit
2511 3277 2643 3317 usus
2673 3262 2961 3332 prommio,
2979 3277 3106 3318 cum
3135 3263 3511 3319 sollicitudine

1922 3370 2086 3426 quam
2115 3354 2185 3410 de
2209 3355 2343 3425 ipsis
2367 3354 2534 3410 habet
2557 3369 2653 3411 eos
2675 3355 2984 3424 alloquens.
3014 3374 3033 3407 ι
3058 3355 3123 3410 Ει
3154 3356 3388 3427 spiritus
3409 3355 3510 3413 Dei

1922 3448 2138 3503 habitat
2169 3448 2223 3502 in
2248 3447 2426 3503 vobis.
2458 3466 2477 3500 ι
2512 3447 2805 3504 Peccatum
2832 3454 2997 3520 auget
3022 3465 3090 3504 ex
3114 3448 3283 3511 dono,
3308 3463 3510 3520 nempe

1922 3537 2326 3593 inbabitatione
2358 3536 2713 3609 Spiritus.—-
2739 3537 2796 3593 Si
2821 3551 2955 3593 vero
2989 3538 3257 3608 templum
3290 3539 3383 3593 Dei
3413 3554 3512 3594 su-

1922 3644 2046 3683 mus
2067 3643 2229 3683 exeo
2259 3628 2409 3699 quod
2448 3627 2690 3698 Spiritus
2732 3626 2788 3681 in
2832 3626 3000 3682 nobis
3039 3626 3277 3690 habitat,
3317 3627 3511 3697 utique

1922 3719 2166 3791 Spiritus
2203 3729 2289 3776 est
2333 3720 2500 3776 Deus.
2542 3739 2562 3772 ‹
2606 3719 2806 3789 Φθερεῖ
2833 3720 2974 3774 hunc
3011 3720 3178 3786 Deus,
3221 3738 3240 3772 ι
3290 3720 3395 3775 hoc
3428 3728 3513 3775 est

1923 3816 2138 3880 ἀπολεῖ,
2174 3815 2231 3869 id
2262 3822 2367 3878 est,
2404 3814 2593 3884 perdet
2631 3813 2812 3884 (prius
2843 3824 3029 3869 autem
3061 3813 3298 3885 φθείρει,
3329 3813 3512 3884 profu-

1924 3917 2037 3971 nat,
2060 3908 2382 3976 vertimus),
2410 3904 2526 3961 Hoc
2556 3915 2744 3961 autem
2776 3921 2889 3960 non
2908 3906 3250 3961 exsccrantis
3277 3913 3381 3972 est,
3415 3904 3512 3960 sed

1923 3997 2072 4069 quod
2104 3997 2352 4052 futurum
2381 4005 2466 4052 est
2494 3996 2868 4066 praedicentis.
2898 4015 2922 4048 ι
2955 3996 3089 4051 Nam
3110 3996 3384 4065 templum
3414 3997 3511 4053 Dei

1923 4097 2175 4145 sanctum
2210 4095 2319 4143 est.
2352 4106 2371 4139 ι
2413 4086 2683 4153 Quoniam
2730 4086 2899 4157 igitur
2944 4095 3196 4140 sanctum
3238 4094 3325 4140 est
3369 4095 3509 4140 tem-

1924 4181 2076 4252 plum
2111 4180 2257 4251 quod
2286 4186 2537 4233 sanctum
2570 4177 2733 4232 habet
2766 4177 3222 4240 inhabitatorem,
3260 4190 3370 4231 non
3409 4193 3511 4249 po-

1928 4282 2035 4328 test
2069 4279 2341 4327 scortator
2386 4270 2648 4340 templum
2680 4284 2816 4324 esse
2860 4269 2978 4324 Dei.
3025 4268 3158 4335 Quis
3199 4276 3381 4324 autem
3424 4281 3512 4326 est

1928 4366 2191 4436 templum
2240 4363 2387 4420 Dei?
2437 4378 2565 4428 vos,
2622 4362 2837 4431 inquit,
2893 4361 2941 4416 si
2991 4361 3117 4431 puri
3173 4360 3507 4417 manseritis.

1930 4474 1954 4509 ς
1980 4456 2154 4512 Nemo
2185 4456 2435 4525 seipsum
2466 4455 2640 4519 fallat,
2670 4473 2688 4505 ›
2718 4454 3042 4509 existimans
3068 4452 3327 4531 videlicet
3358 4453 3509 4509 aliud

1926 4564 2048 4607 esse
2072 4558 2273 4620 praeter
2293 4562 2357 4604 ea
2397 4563 2519 4616 quae
2566 4546 2716 4601 diota
2761 4554 2912 4602 sunt.
2961 4565 2983 4598 ι
3028 4544 3083 4602 Si
3111 4547 3238 4617 quis
3284 4545 3511 4602 videtur

1930 4643 2150 4715 sapiens
2178 4657 2319 4698 esse.
2344 4659 2362 4693 )
2400 4640 2689 4712 Sapientes
2722 4641 2963 4715 appellat
2988 4640 3226 4695 humana
3251 4639 3511 4711 praeditos

228 4732 657 4826 quantum;
704 4748 935 4819 σοφίαν,
988 4746 1084 4801 uel.
1133 4743 1291 4805 εἰδὼς
1333 4743 1503 4814 μηδὲν
1549 4740 1610 4807 ἐξ
1652 4742 1817 4813 αὐτῆς

1926 4736 2220 4810 sapientia.
2257 4756 2274 4788 ι
2301 4735 2514 4793 Stultus
2544 4735 2657 4791 ﬁat.
2688 4752 2708 4788 ι
2742 4734 2957 4790 Stultus
2981 4734 3054 4790 sit
3086 4734 3143 4789 in
3174 4732 3280 4790 hoc
3307 4736 3509 4791 szeculo

228 4847 588 4921 ὠφελῆσθαι.
638 4845 810 4900 Τοῦτο
840 4842 950 4914 γὰρ
993 4840 1092 4914 τὴν
1141 4839 1348 4893 ἄνωθεν
1378 4837 1530 4909 αὐτῷ
1571 4835 1826 4906 προξενεῖ

233 4943 466 5014 σοφίαν.
520 4941 733 5011 Ὠσπερ
765 4938 875 5009 γὰρ
921 4934 1140 5007 ἰι-κατά
1195 4931 1544 4987 Θεὸνλπενὶα
1594 4928 1824 4992 πλοῦτός

232 5039 389 5100 ἔστι,
418 5036 516 5089 καὶ
538 5034 573 5104 ἡ
616 5029 801 5096 ἀδοξία
845 5028 995 5096 δόξα,
1027 5025 1203 5090 οὕτως
1242 5026 1276 5096 ἡ
1310 5023 1455 5078 κατά
1482 5020 1615 5076 Θεὸν
1642 5020 1825 5092 μωρία

235 5128 415 5196 σοφία
464 5125 632 5178 ἐστίν.
668 5123 810 5193 Ὅρα
852 5119 944 5185 δὲ,
989 5119 1089 5171 οὐκ
1130 5111 1308 5181 εἶπεν,
1352 5112 1677 5168 ’Δποθέσθω
1712 5113 1826 5181 ,τὴν

236 5220 466 5290 σοφίαν,
495 5216 630 5271 ἀλλὰ
665 5198 842 5287 δηλῶν
870 5212 946 5273 ὡς
977 5209 1254 5282 μεγίστως
1281 5207 1450 5277 αὐτῆς
1474 5204 1825 5275 καταφφνῆ-

235 5326 336 5364 σαι
384 5306 549 5378 χρεία
594 5299 738 5369 εἶπε,
801 5320 822 5354 ι
882 5299 1087 5372 Marso;
1124 5297 1368 5368 γενέσθω
1394 5295 1753 5366 καὶςῐδιὼτης,
1801 5313 1821 5349 s

233 5400 528 5455 παιδεύων
558 5397 660 5470 τὴν
691 5395 822 5468 παρ’
864 5396 1021 5466 ἡμῖν’
1047 5391 1122 5464 μὴ
1153 5390 1504 5462 αίσχύνεσθαι
1539 5389 1824 5444 ίδιωτείαν.

243 5494 516 5565 Προξενεῖ
544 5491 656 5562 γὰρ
670 5476 809 5562 ἡμῖν
830 5485 1121 5551 ﬁlatim-oti
1152 5483 1433 5554 λογισμοῖς
1465 5481 1825 5554 ἀνθρωπίνοις

236 5587 658 5658 ἐπιτρέπουσαν
700 5581 763 5636 τὸ
816 5579 1125 5650 μυστήριον·
1142 5574 1240 5630 τοῦ
1268 5576 1416 5630 *κατὰ
1446 5573 1680 5644 Χριστὸν
1726 5590 1828 5645 κη-

233 5678 556 5753 ρῦγματος,
582 5672 693 5730 οἷον
723 5672 891 5728 πόθεν
917 5671 1183 5738 λέγουσαν
1211 5667 1391 5736 δῆλον,
1424 5668 1506 5746 ότι
1533 5668 1561 5718 ό
1582 5666 1828 5736 Χριστὸς

233 5774 382 5835 Υἱός
435 5772 555 5824 ἐστι
596 5767 756 5834 Θεοῦ,
806 5764 842 5837 ἢ
893 5765 976 5818 ὅτι
1022 5758 1444 5834 ὲνηνθρὼπησεν
1477 5757 1826 5827 ὲρευνοῦσαν.

244 5867 321 5923 Ἦ
353 5862 468 5937 γὰρ
506 5859 669 5931 σοφία
724 5857 820 5913 τοῦ
859 5856 1068 5928 κόσμου
1108 5852 1297 5908 τούτου
1350 5849 1533 5923 μωρία
1572 5848 1726 5921 παρὰ
1754 5848 1830 5921 τῷ

1931 4833 2025 4903 qui
2060 4831 2363 4886 humanum
2403 4836 2730 4899 aspernatur
2766 4826 3095 4898 sapientiam
3138 4825 3402 4897 novitque
3441 4843 3510 4883 ex

1931 4940 1996 4981 ea
2027 4924 2172 4979 nihil
2200 4939 2348 4979 vera:
2380 4921 2637 4978 utilitatis
2670 4919 2956 4975 accedere.
2991 4918 3108 4974 Hoc
3134 4920 3280 4974 enim
3314 4934 3511 4991 snper-

1928 5038 2058 5081 nam
2086 5025 2189 5095 ipsi
2214 5021 2470 5080 conciliat
2496 5019 2844 5089 sapientiam.
2861 5015 3335 5084 Quemadmodum
3361 5014 3509 5070 enim

1930 5125 2228 5188 paupertas
2270 5111 2575 5168 secundum
2608 5109 2783 5164 Deum
2821 5105 3031 5162 divitiae
3070 5115 3313 5173 sunt,'et
3348 5107 3512 5178 igno-

1926 5208 2098 5262 minia
2127 5206 2300 5278 gloria
2329 5220 2342 5257 :
2378 5204 2453 5258 ita
2483 5201 2716 5257 stultitia
2747 5201 3051 5256 secundum
3081 5199 3253 5254 Deum
3289 5198 3511 5269 sapien-

1924 5300 2001 5355 tia
2040 5306 2145 5354 est.
2190 5295 2328 5353 Vide
2374 5301 2559 5349 autem
2606 5290 2755 5363 quod
2807 5305 2920 5347 non
2965 5288 3169 5345 dixerit
3214 5307 3226 5343 :
3273 5289 3513 5361 Abjiciat

1926 5389 2276 5462 sapientiam,
2314 5387 2407 5444 sed
2440 5385 2756 5457 signiﬁcans
2792 5392 3050 5455 oportere
3084 5382 3233 5437 illam
3277 5381 3511 5435 maxime

1928 5481 2233 5552 despicere,
2259 5478 2399 5534 dixit
2425 5496 2438 5532 :
2473 5499 2492 5531 ι
2520 5476 2733 5534 Stultus
2757 5476 2851 5532 ﬁat
2876 5487 2925 5532 et
2958 5476 3149 5539 idiom,
3176 5490 3194 5525 ι
3229 5475 3514 5529 instruens

1931 5590 2005 5632 ne
2033 5588 2134 5631 nos
2161 5573 2369 5645 pudeat
2404 5572 2550 5644 apud
2570 5587 2679 5628 nos
2708 5572 2858 5642 ipsos
2893 5558 3239 5641 ignorantiae.
3282 5566 3417 5621 Nam
3453 5564 3514 5619 ii-

1933 5669 2059 5725 dem
2103 5666 2268 5723 nobis
2303 5665 2586 5730 conciliat,
2628 5679 2751 5734 quae
2793 5660 3117 5733 mysterium
3168 5654 3516 5729 prmdiCatio-

1935 5762 2024 5818 nis
2065 5761 2134 5816 de
2169 5759 2389 5817 Christo
2439 5756 2696 5812 humanis
2732 5769 2840 5808 non
2879 5750 3151 5823 permittit
3181 5749 3512 5809 rationibus.

1935 5854 2105 5914 Verbi
2135 5868 2323 5924 causa,
2346 5850 2494 5907 unde
2524 5847 2633 5906 sibi
2664 5840 3015 5923 manifestum
3044 5855 3168 5899 esse
3202 5839 3340 5899 dicit
3363 5837 3512 5912 quod
