3872 6568
468 405 578 470 679

1538 385 1940 452 (ECU‘MENII
1967 381 2260 444 TRICCA'Z
2289 376 2631 440 EPISCOPI

3568 373 3650 438 680

469 515 724 571 Christus
744 513 816 569 sit
841 511 1017 568 Filius
1039 507 1160 572 Dei,
1181 511 1279 561 aut
1301 491 1450 558 unde
1472 503 1752 554 scrutatur
1771 489 1918 561 quod
1939 502 2062 545 car-

2184 484 2280 553 θεῷ
2307 485 2472 538 ἐστιν.
2501 502 2518 533 ι
2557 481 2632 534 Οὐ
2679 478 2840 550 μόνον
2867 475 2977 548 γάρ
3003 473 3152 529 οὐδὲν
3183 474 3409 529 συντελεῖ
3433 475 3546 548 apii;
3579 482 3652 552 τὴν

471 621 597 661 nem
625 604 923 675 acceperit.
957 621 975 653 ι
1009 598 1290 670 Sapientia
1316 593 1463 648 enim
1495 587 1688 643 mundi
1721 585 1890 654 hujus
1923 580 2061 675 stu]:

473 697 594 749 titia
634 702 719 749 est
762 669 946 747 coram
1006 669 1140 744 Deo.
1185 705 1202 736 ι
1265 681 1551 752 Siquidem
1597 692 1708 730 non
1761 673 1940 727 solum
1993 669 2061 723 ad

475 804 658 842 veram
691 785 828 839 nihil
855 782 1066 837 confert
1097 777 1443 849 sapientiam,
1471 787 1661 826 verum
1690 767 1855 822 etiam
1886 766 2063 833 impe-

2165 575 2426 645 ἀληθινὴν
2470 573 2564 626 καὶ
2601 571 2768 634 ὅντως
2797 568 3010 638 σοφίαν,
3038 566 3172 621 ἀλλὰ
3205 571 3296 620 καὶ
3321 570 3581 639 ἐμποδίζει,
3600 576 3657 644 τῷ

2167 665 2374 720 οἴεσθαι
2406 662 2642 728 εἰδέναι,
2697 661 2792 715 καὶ
2841 659 3107 726 ἀπαξιοῦν
3155 657 3359 730 μαθεῖν.
3395 660 3543 714 Τοῦτο
3579 663 3658 734 γὰρ

2169 759 2312 811 ποιεῖ
2345 758 2378 826 ὴ
2419 755 2682 825 φυσίωσις
2713 753 2904 821 αὐτῆς.

475 879 723 932 dimento
768 885 852 930 est
906 873 1051 943 quod
1093 843 1340 926 se-scire
1385 872 1602 938 putent,
1648 867 2021 930 respuantque
2059 852 2368 916 addiscere,
2433 863 2559 904 nam
2594 849 2700 904 hoc
2736 846 2868 902 facit
2903 844 3186 916 sapientiae
3257 843 3487 902 humana
3547 847 3659 903 inn:

481 979 578 1030 tio.
1313 977 1347 1010 ο

420 1045 424 1054 ’
547 1067 636 1127 lll,
666 1063 847 1120 l9-2l.
889 1057 1154 1130 Scriptum
1186 1066 1262 1110 est
1301 1054 1438 1107 enim
1479 1068 1496 1106 :
1529 1049 1633 1115 Qui
1669 1041 2055 1116 comprehendit

477 1160 741 1228 sapientes
775 1170 868 1224 per
901 1152 1155 1204 astutiam
1189 1150 1442 1217 ipsorum.
1477 1142 1546 1196 Et
1582 1155 1794 1194 rursum
1824 1154 1842 1191 :
1876 1134 2060 1189 Domi—

483 1266 579 1303 nus
619 1251 758 1302 novit
805 1244 1147 1315 cogitationes
1202 1237 1518 1308 sapientium
1568 1231 1704 1301 quod
1741 1243 1892 1284 uana
1931 1228 2056 1282 sint.

480 1340 646 1395 Nemo
675 1338 855 1406 itaque
887 1333 1156 1386 hominum
1184 1327 1460 1398 glorietur.

554 1431 660 1484 Per
710 1426 928 1496 propria
985 1424 1229 1492 ipsorum
1278 1432 1464 1480 arma,
1521 1427 1718 1484 nempe
1773 1412 2060 1472 astutiam,

485 1517 909 1590 comprehendit
931 1529 1027 1569 eos
1052 1514 1216 1567 Deus.
1242 1510 1490 1576 Quonam
1514 1505 1716 1562 modo?
1741 1503 1901 1576 445
1927 1502 2066 1568 Quia

487 1610 633 1664 enim
666 1624 764 1678 per
785 1606 1138 1661 calliditatem
1165 1615 1342 1662 suam,
1363 1597 1477 1652 sive
1498 1593 1797 1651 versutiam
1825 1609 1886 1647 ac
1915 1601 2066 1646 astu-

487 1699 620 1754 tiam
643 1698 792 1752 circa
819 1712 906 1752 res
930 1695 1223 1756 humanas,
1263 1689 1582 1744 existimant
1605 1701 1664 1740 se
1689 1683 1871 1738 omnia
1900 1681 2065 1744 scire,

489 1808 594 1848 nec
621 1791 726 1846 sibi
759 1804 900 1860 opus
928 1803 1051 1843 esse
1087 1782 1432 1846 doctoribus,
1464 1795 1563 1850 per
1595 1779 1738 1833 hanc
1767 1777 1940 1847 ipsam
1969 1790 2066 1828 eos

491 1883 728 1952 accepit,
768 1881 936 1936 rebus
968 1876 1264 1934 ostendens
1297 1871 1445 1945 quod
1484 1870 1622 1926 nihil
1665 1869 1842 1925 sciant
1873 1880 2067 1923 eorum

491 1988 616 2044 qua:
649 1970 958 2027 necessaria
991 1975 1141 2023 sunt.

512 2063 517 2070 ’
561 2062 848 2131 Quomodo
867 2071 1050 2116 autem
1073 2057 1489 2128 comprehendit
1510 2055 1788 2125 sapientes
1812 2067 1909 2122 per
1926 2057 2070 2105 astu-

493 2159 623 2214 tiam
642 2154 922 2228 ipsorum?
937 2151 1360 2209 Arbitrabantur
1377 2163 1475 2219 per
1490 2147 1808 2208 humanam,
1824 2157 1946 2213 qua:
1961 2140 2072 2195 illis

495 2249 671 2304 inerat
711 2245 1073 2317 sapientiam,
1119 2257 1239 2299 sese
1280 2237 1778 2309 comprehensuros
1809 2233 2071 2288 virtutem

494 2339 741 2412 mysterii
762 2335 970 2396 Christi
998 2354 1012 2392 :
1041 2334 1144 2407 ipsi
1172 2349 1304 2390 vero
1332 2346 1444 2386 non
1470 2329 1648 2385 solum
1677 2341 1788 2380 non
1823 2332 1953 2380 sunt
1981 2337 2072 2377 as-

497 2432 674 2487 secuti
702 2446 824 2501 quae
848 2429 952 2484 sibi
981 2427 1238 2483 humanis
1268 2422 1577 2478 rationibus
1599 2432 1863 2475 concessa
1884 2415 2076 2473 existi-

497 2521 724 2575 mabant
758 2539 772 2574 :
808 2535 1000 2574 verum
1035 2517 1200 2572 etiam
1234 2515 1434 2571 astutia
1466 2513 1601 2584 ipsis
1636 2513 1691 2566 in
1732 2510 2073 2566 contrarium

497 2610 664 2666 cessit
689 2625 878 2664 eorum
915 2608 981 2662 ad
1017 2624 1137 2676 quae
1164 2606 1486 2670 tendebant,
1526 2605 1583 2658 in
1615 2603 1879 2674 majorem
1918 2601 2075 2671 igno.

501 2704 736 2758 rantiam
761 2712 927 2773 atque
954 2700 1371 2771 perplexitatem
1395 2697 1724 2768 eonjiciente
1752 2696 1903 2766 ipsos
1924 2693 2075 2765 cogi-

503 2795 774 2849 tationum
823 2809 886 2848 ac
936 2792 1211 2846 rationum
1274 2789 1671 2844 imbecillitate.
1736 2806 1755 2839 s
1813 2786 2078 2842 Dominus

501 2888 657 2942 novit
688 2887 1071 2957 cogitationes.
1113 2903 1132 2936 ι
1187 2882 1244 2939 Si
1287 2898 1418 2954 ergo
1454 2882 1720 2936 Dominus
1749 2880 1922 2944 novit,
1953 2878 2078 2950 quis

498 2980 611 3051 jam
656 2979 1040 3035 contradicet‘!
1093 2976 1250 3044 Quod
1297 2976 1343 3030 si
1391 2975 1748 3046 cogitationes
1791 2971 2078 3034 hominum

505 3089 659 3128 vana:
691 3081 841 3132 sunt.
878 3080 937 3127 et
965 3071 1010 3125 si
1041 3070 1318 3140 sapientes
1351 3083 1449 3138 per
1481 3082 1635 3122 suam
1669 3065 1926 3120 astutiam
1959 3078 2078 3117 ma-

507 3165 589 3234 gis
622 3166 937 3234 capiuntur,
968 3165 1244 3233 quodnam
1275 3161 1489 3216 lucrum
1524 3160 1700 3230 magis
1730 3174 1796 3214 ex
1831 3159 1949 3228 ipsa
1977 3156 2078 3210 ha-

505 3255 670 3310 beant
696 3256 1042 3312 manifestum
1071 3263 1158 3312 est
1184 3273 1198 3309 :
1231 3255 1358 3325 quia
1387 3267 1568 3323 neque
1598 3251 1836 3306 humana
1863 3248 2080 3320 sapien-

2237 1033 2579 1104 Γέγραπται
2609 1029 2720 1101 γάρ
2741 1071 2756 1096 ,
2801 1029 2856 1082 Ὀ
2892 1028 3308 1099 δρασσόμενος
3343 1029 3473 1095 τοὺς
3489 1035 3670 1102 σοφοὺς

2163 1127 2234 1180 ἐν
2275 1125 2350 1194 τῇ
2379 1124 2716 1194 πανουργίᾳ
2747 1123 2962 1177 αὐτῶν.
3005 1121 3115 1178 Kal
3163 1122 3363 1177 πάλιν
3391 1125 3578 1193 Κύριος
3609 1148 3670 1202 γι-

2165 1217 2385 1273 νώσκει
2415 1217 2560 1283 τοὺς
2597 1215 3028 1284 διαλογισμοὺς
3078 1213 3194 1266 τῶν
3229 1213 3446 1282 σοφῶν,
3473 1215 3548 1268 ὅτι
3585 1221 3671 1272 εισι

2163 1310 2421 1379 μάταιοι.
2457 1310 2638 1362 Ὥστε
2670 1307 2880 1376 μηδεὶς
2913 1306 3234 1376 καυχάσθω
3263 1308 3328 1360 ἐν
3353 1308 3650 1378 ἀνθρώποις.

2235 1401 2333 1456 Διὰ
2372 1403 2481 1454 τῶν
2498 1400 2714 1453 οἰκείων
2745 1400 2927 1452 αὐτῶν
2963 1399 3164 1462 ὃπλων,
3191 1399 3424 1451 τουτέστι
3454 1401 3539 1469 τῆς
3570 1420 3672 1456 πονο

2163 1493 2410 1565 ουργίας,
2444 1493 2655 1546 άλίσκει
2687 1492 2885 1554 αὐτοὺς
2931 1493 2958 1544 ὁ
3001 1491 3164 1554 Θεὸς.
3201 1491 3359 1558 Πῶςὶ
3415 1491 3578 1563 ἐπειδὴ
3598 1496 3677 1565 ῖλρ

2163 1587 2253 1640 διὰ
2279 1585 2379 1654 τῆς
2406 1583 2743 1653 πανουργίας
2771 1583 2970 1643 αὐτῶν,
2994 1583 3022 1636 ὃ
3052 1584 3168 1634 ἐστι
3203 1583 3300 1652 τῆς
3344 1583 3465 1654 περὶ
3493 1583 3550 1637 τὰ
3570 1586 3677 1653 πρά-

2167 1696 2353 1750 γματα
2406 1679 2728 1750 δεινότητος,
2776 1678 2979 1732 οἴονται
3043 1677 3226 1732 πάντα
3281 1678 3470 1732 εἰδέναι
3508 1680 3587 1734 καὶ
3625 1682 3678 1752 μὴ

2172 1771 2378 1824 δεῖσθαι
2415 1770 2774 1834 διδασκάλων,
2809 1769 2877 1822 δι’
2910 1769 3078 1840 αὐτῆς
3129 1769 3332 1840 ταύτης
3381 1770 3554 1832 αὐτοὺς
3578 1766 3678 1836 εἷλε,

2174 1860 2264 1916 διά
2301 1861 2412 1914 τῶν
2459 1862 2804 1931 πραγμάτων
2845 1861 3047 1928 δείξας,
3099 1861 3186 1914 ὅτι
3236 1860 3384 1914 οὐδὲν
3436 1859 3565 1915 ίσασι
3601 1863 3680 1917 τῶν

2096 1969 2144 2028 Β
2173 1953 2508 2020 ἀναγκαίων.

2245 2041 2446 2114 [ΦΩΤ.]
2501 2042 2627 2106 Πῶς
2673 2042 2732 2096 δὲ
2762 2042 2980 2109 ἐδέξατο
3007 2043 3136 2108 τοὺς
3199 2043 3394 2114 σοφοὺς
3423 2044 3476 2097 ὲν
3501 2046 3558 2118 τῇ
3580 2063 3679 2101 παν-

2171 2135 2368 2207 ουργίᾳ
2395 2134 2605 2202 αὐτῶν;
2643 2135 2931 2206 Ἐνόμισαν
2963 2135 3053 2190 διὰ
3094 2137 3196 2210 τῆς
3227 2135 3518 2209 προσούσης
3545 2140 3680 2202 αὐτοῖς

2171 2225 2430 2295 γνώσεως
2459 2224 2830 2296 ἀνθρωπίνης,
2866 2224 2962 2281 τοῦ
2994 2226 3140 2282 κατά
3167 2228 3402 2298 Χριστὸν
3433 2229 3675 2299 μυστηρίου

2174 2318 2272 2390 τὴν
2299 2318 2533 2389 δύναμιν
2558 2317 2990 2392 καταλήψεσθαιτ
3023 2321 3074 2374 οί
3107 2319 3165 2374 δὲ
3209 2321 3272 2374 οὐ
3305 2321 3457 2390 μόνον
3487 2322 3572 2375 οὐκ
3589 2321 3681 2374 ιτυ.

2174 2431 2273 2486 χον
2304 2405 2491 2484 ὦνπερ
2527 2413 2762 2485 ἦλπισαν
2791 2412 3156 2485 ἀνθρωπίνοις
3199 2413 3471 2482 λογισμοῖς
3506 2413 3682 2476 ἑαυτοὺς

2177 2506 2594 2578 ἐπιτρέψαντες,
2619 2505 2758 2560 ἀλλά
2799 2506 2894 2559 καὶ
2932 2507 3013 2568 είς
3042 2504 3358 2558 τούναντίον
3402 2503 3434 2574 ἢ
3465 2503 3682 2566 ἔσπευδον,

2175 2600 2247 2652 τά
2290 2599 2390 2670 τῆς
2447 2597 2783 2670 πανουργίας
2826 2598 3012 2661 αὐτοῖς
3069 2596 3373 2668 ἐχώρησεν,
3425 2595 3589 2664 ἀγνοίᾳ
3617 2594 3685 2648 καὶ

2177 2691 2382 2763 ἀπορίᾳ
2409 2690 2638 2756 πλείονι,
2664 2693 2761 2761 τῆς
2781 2690 2890 2744 τῶν
2908 2689 3191 2759 λογισμῶν
3213 2687 3487 2749 ἀσθενείας
3513 2687 3684 2750 ἑαυτοὺς

2177 2783 2605 2856 περιλασούσης.
2651 2800 2670 2835 ι
2711 2782 2914 2855 Κύριος
2960 2782 3228 2852 γινώσκει
3311 2782 3433 2844 τοὺς
3505 2779 3684 2846 διαλογι-

2181 2876 2373 2948 σμούς.
2409 2894 2429 2929 s
2473 2876 2536 2929 Εἰ
2563 2872 2658 2930 οὖν
2700 2877 2728 2930 ὁ
2788 2874 2994 2948 Κύριος
3041 2872 3333 2944 γινώσκει,
3394 2873 3471 2938 τίς
3524 2873 3686 2941 ἀντερεῖ

2179 2968 2408 3035 λοιπόν;
2461 2968 2525 3022 Et
2579 2967 2672 3021 οὖν
2711 2969 2760 3020 oi
2808 2967 3153 3038 διαλογισμοὶ
3185 2966 3297 3022 τῶν
3326 2965 3592 3038 ἀνθρώπων
3614 2963 3685 3034 μάν

2180 3059 2324 3114 ταιοί
2379 3062 2508 3123 είσι,
2561 3060 2658 3114 καὶ
2714 3059 2766 3112 οί
2814 3061 2970 3128 σοφοὶ
3002 3060 3060 3112 ὲν
3105 3061 3172 3129 τῇ
3225 3057 3516 3130 πανουργίᾳ
3558 3056 3685 3108 αὐτῶν

2187 3152 2388 3224 μᾶλλον
2418 3151 2754 3217 ἁλίσκονται,
2781 3151 2927 3222 ἥπερ
2955 3168 3006 3204 τι
3042 3149 3236 3222 κέρδος
3262 3148 3322 3215 ἐξ
3355 3149 3510 3219 αὐτῆς
3537 3147 3685 3215 ἔχουσι.

2185 3244 2342 3315 δῆλον
2363 3245 2444 3298 ὅτι
2471 3241 2595 3297 οὔτε
2628 3243 2792 3312 σοφία
2817 3242 3162 3312 ἀνθρωπίνη,
3185 3240 3312 3296 οὔτε
3353 3240 3597 3310 λογισμῶν
3611 3238 3685 3290 δει-

508 3346 602 3410 tia,
633 3361 813 3416 neque
844 3312 1543 3415 cogitationum-calliditas
1574 3350 1755 3413 potest
1782 3312 2079 3412 quidquam

2184 3338 2343 3408 νότης
2388 3336 2561 3407 ἰσχύει
2593 3354 2645 3390 τι
2678 3337 2709 3407 ἢ
2754 3335 3000 3389 συντελεί
3052 3337 3193 3407 πρὸς
3225 3337 3324 3397 τὴν
3361 3335 3463 3388 τῶν
3494 3349 3681 3400 πνευμα-

506 3449 601 3494 aut
637 3439 859 3510 prodest
895 3439 963 3494 ad
997 3440 1328 3502 doctrinam,
1365 3447 1461 3492 aut
1490 3436 1860 3508 cognitionem
1894 3449 2084 3490 rerum

509 3527 908 3597 spiritualium.
937 3527 1094 3593 Quod
1125 3527 1172 3581 si
1199 3527 1397 3580 horum
1429 3524 1568 3580 nihil
1606 3523 1677 3578 ad
1713 3523 1816 3577 ista
1849 3521 2082 3586 confert,

507 3618 786 3688 quomodo
816 3619 1022 3689 poterit
1044 3617 1318 3689 quispiam
1348 3619 1552 3672 docens
1577 3615 1795 3687 gloriari
1823 3616 1968 3684 (cum
1993 3615 2086 3670 de-

509 3717 810 3764 monstrata
853 3707 962 3762 sint
993 3723 1057 3764 ea
1092 3723 1214 3778 quae
1240 3708 1392 3765 inter
1422 3705 1677 3762 homines
1715 3704 1924 3776 aliquid
1965 3721 2086 3762 esse

510 3797 774 3852 videntur
801 3798 940 3852 nihil
973 3799 1154 3868 posse)
1181 3798 1338 3867 quasi
1369 3796 1684 3852 conferrent
1715 3796 1806 3850 illa
1836 3796 1904 3850 ad
1937 3796 2088 3851 utili-

512 3891 721 3944 tatem?
745 3889 1089 3946 Manifestum
1114 3889 1260 3944 enim
1284 3898 1369 3944 est
1391 3887 1536 3958 quod
1559 3888 1722 3958 etiam
1747 3888 1794 3943 si
1816 3889 2088 3960 quispiam

511 3982 720 4052 aliquid
755 3983 968 4050 doceat,
1007 3983 1193 4054 gratiae
1228 3982 1326 4038 Dei
1359 3991 1445 4038 est
1476 3981 1716 4052 donique
1753 3982 2002 4052 superni,
2033 3989 2090 4036 et

511 4092 622 4130 non
658 4076 891 4146 propriae
922 4091 1062 4146 opus
1093 4076 1379 4145 sapientiae
1411 4083 1506 4130 aut
1538 4073 1807 4130 acuminis
1838 4073 2042 4145 ingenii
2072 4090 2084 4127 :

513 4167 656 4220 dona
686 4181 818 4220 vero
846 4181 957 4220 non
987 4176 1048 4220 ut
1080 4165 1168 4220 his
1197 4166 1591 4220 extolleremur
1633 4163 1955 4233 accipimus,
1991 4162 2090 4218 sed

511 4256 582 4312 ad
613 4271 962 4311 communem
1003 4255 1288 4309 hominum
1327 4255 1644 4310 utilitatem.
1691 4271 1711 4305 ι
1751 4251 1913 4319 Quod
1940 4266 2095 4308 vana:

513 4350 647 4403 sint.
682 4367 700 4400 ι
733 4349 930 4403 Annon
964 4348 1039 4402 ita
1071 4348 1196 4402 est?
1225 4347 1568 4402 arbitrantur
1625 4361 1685 4401 se
1718 4346 1873 4403 nullo
1907 4361 2091 4417 egere,

514 4441 611 4496 sed
670 4440 776 4494 sibi
832 4438 1085 4494 sufficere
1146 4438 1215 4494 ad
1269 4438 1521 4494 veritatis
1577 4438 2091 4508 apprehensionem.

509 4551 539 4585 ,ι
563 4532 744 4588 Nemo
792 4531 979 4601 itaque
1029 4529 1313 4585 hominum
1351 4529 1634 4601 glorietur.
1662 4548 1680 4582 ι
1733 4529 1794 4584 ln
1839 4530 2094 4586 doctores

2185 3431 2358 3485 τικῶν
2394 3429 2742 3484 διδασκαλίαν
2769 3428 2866 3482 καὶ
2895 3427 3153 3499 μάθησιν.
3190 3430 3255 3481 Εἰ
3277 3427 3335 3482 δὲ
3365 3426 3518 3499 μηδὲν
3539 3423 3687 3478 τούτων

2185 3523 2322 3596 πρὸς
2345 3522 2521 3577 ταῦτα
2555 3521 2818 3591 συντελεῖ,
2863 3519 2982 3585 πῶς
3031 3519 3097 3574 ἄν
3131 3537 3223 3583 τις
3253 3520 3508 3574 διδάσκων
3540 3517 3690 3585 καυχή-

2190 3633 2366 3681 σαιτο,
2401 3615 2568 3688 μηδὶν
2601 3614 2710 3668 τῶν
2764 3615 2823 3667 ὲν
2855 3611 3170 3684 ἀνθρώποις
3211 3612 3498 3667 δοκούντων
3524 3609 3689 3680 ἰσχύειν,

2188 3709 2681 3780 ἀποδεδειγμένων,
2720 3706 2796 3771 ὡς
2835 3705 3148 3760 συντελοῦσι
3184 3706 3322 3776 πρὸς
3349 3706 3548 3776 δνησιν;
3571 3701 3690 3772 Δῆλον

2187 3801 2298 3874 γὰρ
2327 3802 2402 3866 ὡς
2435 3801 2491 3854 εἴ
2515 3801 2596 3865 τίς
2623 3817 2674 3854 τι
2708 3797 2804 3854 καὶ
2833 3797 3102 3862 διδάσκει,
3132 3798 3358 3869 χάριτός
3399 3798 3505 3849 ἐστι
3528 3796 3604 3847 καὶ
3623 3792 3692 3844 δω-

2192 3898 2320 3968 ρεᾶς
2352 3894 2452 3965 τῆς
2480 3893 2708 3957 ἀνωθεν,
2736 3892 2852 3946 ἀλλ’
2883 3892 3006 3962 οὐχὶ
3037 3891 3233 3959 σοφίας
3263 3890 3460 3955 οἰκείας
3497 3889 3642 3960 ἔργον,
3669 3885 3690 3952 ἠ

2187 3989 2287 4058 τῆς
2321 3989 2461 4041 κατὰ
2496 3987 2733 4041 διάνοιαν
2767 3984 3048 4055 ὀξύτητος.
3088 3983 3172 4037 Τὰ
3207 3984 3268 4037 δὲ
3297 3983 3601 4056 χαρίσματα,
3626 3979 3694 4048 οὐκ

2193 4081 2278 4134 ἵνα
2309 4080 2523 4143 τούτοις
2555 4077 2918 4150 ὲπαιρὼμεθα
2955 4078 3335 4149 λαμϐάνομεν,
3365 4078 3469 4131 ἀλλ’
3491 4077 3567 4129 ἐπὶ
3587 4073 3692 4138 κοινῇ

2191 4173 2298 4226 τῶν
2330 4172 2632 4243 ἀνθρώπων
2664 4169 2928 4242 ὠφελείᾳ.
2964 4190 2983 4224 s
3018 4171 3142 4224 Ὅτι
3175 4170 3288 4224 εἰσὶ
3313 4169 3533 4240 μάταιοι.
3564 4184 3580 4217 ι
3611 4161 3693 4222 ῐιῶς

2193 4263 2301 4336 γὰρ
2329 4263 2424 4328 οὓς
2458 4263 2740 4336 νομίξουσι
2775 4263 2852 4335 μὴ
2887 4262 3096 4316 δεῖσθαι
3125 4263 3376 4334 μηδενὸς,
3409 4260 3513 4314 ἀλλ’
3543 4257 3695 4314 ἑαυτοῖς

2195 4355 2516 4427 ἀρκεῖσθαι,
2539 4355 2678 4426 πρὸς
2712 4355 2814 4426 τὴν
2843 4355 2937 4410 τοῦ
2964 4354 3201 4425 ἀληθοῦς
3221 4353 3532 4424 κατάληψιν.
3557 4350 3695 4401 «Ὥστε

2198 4448 2387 4521 μηδεὶς
2413 4448 2707 4519 καυχάσθω
2746 4449 2804 4502 ὲν
2852 4447 3181 4520 ἀνθρώποις.
3219 4467 3238 4501 ι
3290 4448 3429 4518 Πρὸς
3455 4445 3564 4507 τοὺς
3599 4439 3698 4493 διδα-

2199 4540 2434 4605 σκάλους
2481 4542 2661 4596 αὐτῶν
2691 4543 2856 4596 πάλιν
2885 4541 3258 4608 ἀποτείνεται,
3289 4541 3476 4602 οἵτινες
3508 4537 3699 4608 μέγιστον

515 4626 761 4697 ipsorum
812 4638 1032 4678 rursum
1073 4622 1374 4689 invehitur,
1423 4621 1516 4692 qui
1563 4621 1860 4693 plurimum
1897 4622 2082 4678 eﬂ‘ere‘

2203 4633 2488 4703 ἐφρόνουν.
2535 4633 2621 4702 ἐφ’
2671 4629 2753 4698 οἷς
2801 4634 3119 4704 χαρίσματα
3148 4633 3408 4704 εἰλήφασι
3427 4625 3701 4684 διδασκαλίας

514 4718 722 4774 bantur
770 4715 919 4787 quod
968 4714 1113 4770 dona
1160 4717 1410 4786 quadam
1460 4713 1723 4770 doctrinae
1764 4723 1822 4770 et
1864 4715 2094 4771 aliorum

517 4808 880 4879 quorumdam
938 4807 1304 4878 accepissent.
1366 4805 1545 4872 Quare
1603 4816 1787 4862 autem
1842 4808 2098 4862 doctores

517 4914 628 4954 non
659 4899 864 4954 debent
895 4899 1142 4974 gloriari,
1175 4897 1273 4954 sed
1307 4897 1448 4953 dicis
1487 4914 1501 4952 :
1543 4916 1561 4952 ι
1602 4899 1776 4954 Nemo
1809 4899 2096 4955 hominum

516 4990 827 5061 glorietur?
853 5009 872 5042 ι
910 4991 1070 5058 Quia,
1099 4991 1300 5062 inquit,
1333 5006 1674 5062 quacunque
1697 4994 1838 5046 dona
1869 4991 2096 5058 habent,

518 5083 612 5137 illa
663 5091 891 5153 propter
937 5098 1038 5139 vos
1083 5099 1283 5154 nempe
1328 5084 1546 5154 plebem
1592 5093 1947 5154 acceperunt,
1991 5098 2102 5154 quo

518 5173 677 5229 vobis
706 5173 1054 5244 prodessent.
1094 5174 1236 5242 Quid
1271 5191 1399 5248 ergo
1432 5175 1490 5230 in
1524 5175 1612 5231 his
1647 5175 1954 5246 gloriantur
1981 5189 2103 5244 quae

518 5279 630 5321 non
685 5266 802 5321 suis
848 5265 1154 5336 laboribus,
1203 5270 1298 5325 sed
1353 5281 1582 5341 propter
1627 5283 1728 5323 vos
1770 5275 2105 5336 acceperunt

517 5367 875 5430 vestramque
907 5360 1184 5417 salutem?
1210 5381 1228 5414 ι
1262 5361 1435 5418 Nemo
1472 5362 1759 5432 glorietur.
1803 5379 1819 5411 ι
1844 5360 1939 5415 Vel
1975 5374 2106 5429 pro-

517 5460 642 5522 pter
666 5450 924 5508 doctores
951 5467 965 5506 :
1004 5469 1183 5526 neque
1214 5456 1362 5510 enim
1383 5454 1683 5524 quidquam
1713 5469 1743 5507 a
1773 5468 1830 5506 se
1862 5453 2098 5518 habent;

516 5543 605 5599 vel
656 5553 886 5615 propter
935 5545 1208 5604 humanas
1258 5546 1645 5618 cogitationes.
1691 5544 1858 5616 446
1910 5546 2102 5615 Neque

516 5633 665 5690 enim
697 5651 796 5706 per
814 5636 944 5692 illas
962 5645 1144 5708 potest
1170 5641 1378 5694 veritas
1399 5636 1816 5707 comprehendi,
1842 5652 1986 5706 saepe
2009 5652 2107 5691 au-

518 5733 630 5781 tem
662 5727 1048 5797 interpretatio
1091 5729 1266 5799 magis
1292 5737 1514 5798 aptatur
1535 5736 1591 5785 et
1614 5726 1894 5799 particula:
1914 5726 2109 5782 dictio-

518 5816 707 5885 nibus,
731 5828 787 5876 et
816 5819 904 5876 his
932 5834 1056 5893 qua
1078 5828 1410 5892 sequuntur.

2205 4726 2300 4780 καὶ
2341 4725 2543 4794 ἑτέρων
2589 4725 2772 4780 τινῶν.
2806 4724 2956 4778 Διατί
3007 4723 3065 4777 δὲ
3121 4723 3175 4777 οἱ
3223 4722 3539 4783 διδάσκαλοι,
3566 4715 3700 4787 quasi.

2203 4820 2304 4873 οὐκ
2342 4817 2618 4885 ὀφείλουσι
2667 4816 3014 4887 καυχᾶσθαι,
3070 4816 3210 4871 ἀλλὰ
3264 4817 3460 4885 λέγεις,
3505 4833 3524 4866 ι
3554 4809 3703 4880 Μηδεὶς

2205 4911 2500 4981 καυχάσθω
2550 4911 2608 4964 ιν
2652 4908 2998 4981 ἀνθρώποις;
3037 4927 3056 4961 ι
3089 4909 3173 4962 δτι
3220 4910 3326 4963 ὅσα
3364 4910 3565 4980 ἔχουσι,
3588 4900 3701 4972 φησὶν

2203 5003 2541 5072 χαρίσματα,
2567 4999 2636 5052 δι’
2671 5001 2815 5070 ὑμᾶς
2852 4999 2945 5052 τὸν
2967 4999 3096 5053 λαδν
3132 5000 3328 5054 ἔλαϐον
3353 5000 3483 5054 αὐτά
3508 4998 3581 5050 ῖνα
3603 4992 3702 5060 ὑμᾶς

2202 5093 2497 5162 ῶφειλῶσι.
2530 5092 2596 5146 Τί
2645 5090 2738 5146 οὖν
2770 5093 2856 5144 ἐπ’
2879 5093 3110 5156 ἐκείνοις
3152 5093 3481 5164 καυχῶνται,
3508 5089 3539 5144 ἂ
3565 5084 3702 5140 ἐλαὸον

2203 5186 2265 5238 οὐ
2299 5185 2367 5239 δι’
2395 5184 2632 5249 οἰκείους
2700 5183 2920 5248 πόνους,
2975 5183 3110 5238 ἀλλά
3174 5184 3244 5239 δι’
3301 5185 3460 5256 ὑμᾶς,
3519 5177 3597 5234 καὶ
3636 5171 3702 5240 τὴν

2205 5278 2359 5348 ὑμῶν
2392 5277 2665 5349 σωτηρίαν
2689 5293 2708 5343 ;
2736 5296 2754 5329 ι
2784 5277 2990 5347 Μηδεὶς
3021 5278 3335 5349 καυχάσθω,
3383 5295 3401 5330 ι
3435 5275 3500 5328 Ἦ
3537 5266 3704 5326 latini;

2204 5371 2565 5436 διδασκαλίοις
2595 5371 2676 5442 (οὐ
2710 5371 2822 5443 γάρ
2841 5389 2894 5425 τι
2917 5371 3133 5443 ἔχουσιν
3160 5373 3317 5426 αὐτοὶ
3338 5366 3569 5434 οἴκοθεν),
3595 5356 3703 5431 ﬂii!

2197 5466 2309 5526 τοῖς
2335 5463 2697 5538 ἀνθρωπίνοις
2735 5463 3040 5536 λογισμοῖς.
3073 5465 3148 5518 Οὐ
3191 5463 3301 5537 γὰρ
3345 5461 3456 5515 ἐστι
3491 5457 3550 5512 δι’
3572 5449 3703 5507 αὐτῶν

2202 5556 2528 5610 καταλαϐεῖν
2588 5556 2688 5627 τὴν
2746 5556 3034 5626 ἀλήθειαν,
3071 5558 3270 5628 μᾶλλον
3323 5556 3380 5610 δὲ
3427 5555 3458 5624 ἡ
3506 5541 3703 5611 ἀνωτέρω

2203 5647 2398 5719 ἐκδοχὴ
2430 5648 2524 5702 καὶ
2574 5650 2641 5718 τῇ
2692 5647 2837 5716 λέξει
2875 5649 2970 5705 τοῦ
3031 5651 3229 5723 χωρίου
3271 5649 3366 5704 καὶ
3411 5643 3514 5707 τοῖς
3555 5630 3702 5708 ἑφεξῆς

2209 5738 2357 5791 ἔστιν
2382 5735 2792 5809 ὲφάρμὸζουσα.
