3872 6568
180 343 284 411 δτι

1106 343 1491 405 COMMENT.
1522 342 1603 403 IN
1647 341 1881 404 EPIST.
1916 342 1944 401 Ι
1979 342 2079 401 ΑΙ)
2100 340 2462 406 CORINTH.

3335 356 3440 418 (82

248 455 456 510 Πάντα
511 451 620 525 γὰρ
668 452 835 523 ὑμῶν
891 452 1086 516 ἐστιν,
1141 451 1262 505 εἴτε
1324 450 1585 517 Παῦλος,
1635 451 1749 504 εἴτε

1929 447 2018 514 lll,
2042 448 2133 515 22,
2169 449 2264 508 25.
2297 449 2489 508 Omnia
2523 454 2663 508 enim
2697 463 2868 509 vestra
2901 464 3043 531 sunt,
3074 457 3182 512 sive
3213 459 3438 527 Paulus,

191 545 510 613 Ἀπολλὼς,
542 545 664 600 εἴτε
693 543 919 614 Κηφᾶς.
971 544 1092 598 εἴτε
1143 545 1403 614 κόσμοςν
1454 543 1575 597 εἶτε
1620 542 1754 611 cui"

178 640 298 693 ειτε
345 636 635 704 θάνατος’,
706 636 827 691 εἴτε
867 633 1170 690 ἐνεστῶτα
1197 675 1212 698 ,
1267 636 1388 690 εἴτε
1421 635 1755 705 μέλλοντα,

178 731 381 784 πάντα
417 729 587 800 ὑμῶν
624 726 816 796 ἐστιν,
852 729 1022 798 ὑμεῖς
1078 726 1145 781 δὲ
1187 727 1459 797 Χριστοῦ,
1502 727 1757 796 Χριστὸς

177 820 242 874 δὲ
274 819 444 874 Θεοῦ.

245 913 418 967 Πάλιν
467 911 660 966 ἑαυτὸν
704 909 798 965 καὶ
831 910 1038 982 Πέτρον
1090 912 1184 968 καὶ
1240 909 1486 966 Ἀπολλὼ
1519 909 1756 973 τέθεικε,

171 1007 298 1068 τοὺς
329 1003 686 1067 διδασκάλους
725 1003 906 1058 αὐτῶν
963 1004 1356 1073 αἰνιττόμενος,
1411 1001 1626 1064 δεικνὺς
1673 1002 1756 1057 ὅτι

172 1097 266 1151 καὶ
296 1096 618 1168 χαρίσματα
657 1096 725 1150 δι’
762 1096 962 1161 αὐτοὺς
989 1098 1331 1168 εἰλήφεισαν,
1369 1097 1468 1150 καὶ
1499 1095 1755 1149 διδάσκα-

171 1190 252 1244 λοι
280 1189 674 1260 προὸἐὸληντο.
708 1188 882 1244 Τοῦτο
913 1191 972 1244 δὲ
1005 1190 1214 1262 σφόδρα
1244 1190 1334 1244 τὸν
1368 1189 1476 1243 τῶν
1500 1186 1756 1242 διδασκά-

174 1283 280 1338 λων
307 1281 479 1352 τῦφον
505 1282 779 1354 καθαιρεῖ.
807 1283 1040 1337 Ἔπειτα
1071 1284 1295 1337 κάκεῖνο
1319 1279 1753 1353 παρασημαίνει,

172 1373 234 1429 Ei
267 1373 404 1444 ἐγὼ,
438 1375 592 1445 φησὶ,
623 1374 717 1428 καὶ
740 1375 940 1446 Κηφᾶς
961 1375 1055 1427 καὶ
1091 1372 1368 1437 Ἀπολλὼς
1387 1371 1539 1443 ὑμῶν
1566 1372 1755 1442 ἐσμεν,

173 1467 340 1538 σχολῇ
371 1469 422 1537 γ’
443 1467 510 1522 ἂν
540 1469 589 1520 οἱ
619 1467 928 1523 διδάσκαλοι
961 1467 1116 1538 ὑμῶν
1148 1465 1379 1536 ὤφειλον
1426 1465 1572 1537 μέγα
1616 1481 1753 1534 φρο-

169 1564 308 1616 νεῖν.
347 1580 368 1614 ι
401 1561 524 1616 Εἴτε
558 1562 784 1632 κόσμος.
837 1579 856 1613 ι
910 1561 1022 1614 Καὶ
1065 1560 1250 1623 αὐτὸς,
1281 1558 1466 1628 φησιν,
1495 1558 1524 1610 ὁ
1553 1557 1756 1628 κόσμος

170 1655 269 1708 καὶ
294 1656 330 1726 ἡ
359 1655 500 1725 ζωὴ,
536 1654 604 1708 δι’
639 1655 783 1723 ὑμᾶς
826 1655 946 1706 ἐστι
982 1653 1076 1706 καὶ
1111 1653 1321 1722 γέγονε,
1350 1651 1446 1705 καὶ
1472 1651 1500 1704 ό
1526 1650 1753 1714 θάνατος

1855 545 1964 597 sive
2005 543 2242 613 Apollas,
2279 547 2388 600 sive
2420 545 2621 618 Cephas
2667 563 2680 578 ·
2725 548 2833 602 sive
2879 551 3127 617 mundus,
3163 553 3271 609 sive
3310 558 3441 626 vita,

1853 638 1960 692 sive
2008 652 2170 702 mars,
2207 639 2314 692 sive
2366 641 2672 708 prmsentia,
2715 642 2823 695 sive
2858 643 3064 712 fusura.
3108 644 3324 714 Omnia,
3352 651 3446 703 in-

1856 741 2039 794 quam,
2079 733 2250 778 vestra
2281 735 2426 793 sunt,
2459 744 2546 783 vos
2581 739 2762 782 autem
2793 727 3006 795 Christi,
3047 731 3286 790 Christus
3320 754 3442 792 vero

1857 816 1977 872 Dei.
2841 829 2846 832 ’

1922 907 2164 978 Rursum
2213 910 2456 982 seipsum
2500 921 2556 969 et
2601 915 2826 970 Petrum
2876 931 2940 972 ac
2983 918 3180 988 Apollo
3230 922 3440 990 posuit,

1853 1002 2110 1059 doctores
2140 1019 2333 1060 eorum
2374 1005 2670 1077 designans
2703 1024 2716 1060 :
2755 1010 3053 1066 ostendens
3084 1014 3234 1081 quod
3271 1016 3440 1070 etiam
3527 1031 3530 1034 ·

1854 1096 1998 1150 dona
2038 1104 2266 1166 propter
2307 1097 2457 1168 ipsas
2496 1098 2840 1168 accepissent
2882 1107 2938 1156 et
2977 1103 3232 1160 doctores
3269 1105 3454 1161 creati'

1851 1195 2060 1245 essent.
2110 1188 2227 1243 Hoc
2258 1197 2443 1244 autem
2489 1189 2690 1245 fastum
2725 1207 2917 1246 eorum
2956 1193 3314 1252 vehementer
3342 1200 3443 1264 de-

1851 1279 2056 1350 primit.
2089 1281 2296 1335 Deinde
2327 1281 2464 1336 illud
2490 1297 2712 1352 quoque
2742 1283 3018 1354 signiﬁcat
3048 1304 3064 1340 :
3100 1287 3156 1342 Si
3199 1304 3320 1360 ego,
3359 1290 3444 1344 in—

1855 1372 1998 1443 quit,
2045 1382 2102 1428 et
2147 1372 2363 1443 Cephas
2409 1382 2465 1430 et
2515 1374 2742 1445 Apollas
2789 1379 2960 1432 vestri
3011 1395 3223 1444 sumus,
3269 1384 3443 1438 multo

1857 1464 2041 1520 minus
2065 1479 2197 1520 sane
2220 1465 2490 1521 deberent
2513 1467 2769 1523 doctores
2789 1469 2959 1523 vestri
2989 1471 3186 1525 cristas
3206 1474 3440 1544 erigere.

1859 1575 1877 1608 ι
1915 1555 2042 1611 Sive
2075 1557 2334 1612 mundus.
2365 1577 2383 1610 ι
2424 1559 2546 1629 Ipse
2573 1575 2797 1630 quoque
2825 1553 3068 1616 mundus
3089 1571 3145 1616 et
3171 1563 3281 1617 vita
3315 1580 3444 1634 pra-
3537 1614 3541 1618 .

1852 1653 1976 1716 pter
2016 1661 2114 1701 vos
2157 1657 2307 1714 sunt,
2352 1662 2418 1703 ac
2455 1649 2676 1703 condita
2719 1659 2849 1705 sunt
2882 1668 2895 1705 :
2933 1653 3011 1706 ita
3046 1667 3194 1708 mors
3228 1655 3345 1724 ipsa
3374 1655 3442 1709 ad

168 1748 337 1810 αὐτὸς
375 1747 514 1820 πρὸς
551 1746 932 1818 σωφρονισμὸν
985 1746 1208 1814 γέγονεν
1238 1744 1527 1815 ὑμέτερον.
1570 1762 1590 1796 ι
1625 1742 1749 1797 Εἴτε

1858 1745 2094 1793 vestram
2121 1738 2266 1796 facta
2286 1750 2372 1797 est
2394 1742 2836 1813 castigationem.
2875 1763 2892 1796 ι
2923 1744 3050 1802 Sive
3081 1748 3434 1817 praesentia.»

169 1841 472 1895 ἐνεστῶτα.
511 1860 530 1892 s
583 1839 835 1894 Aslxvuat
885 1837 1067 1892 πάντα
1120 1837 1188 1890 δι’
1226 1837 1426 1899 αὐτοὺς
1479 1835 1748 1905 γενόμενα

1858 1829 2110 1886 Ostendit
2138 1841 2333 1888 cuncta
2364 1843 2592 1908 propter
2615 1835 2766 1905 ipsos
2796 1834 2936 1892 facta
2967 1848 3174 1904 esse,et
3203 1856 3445 1910 praesen-

168 1935 270 1988 καὶ
298 1935 368 1987 τὰ
403 1933 674 1987 ινεστῶτα
716 1931 812 1986 καὶ
838 1930 909 1985 τὰ
931 1929 1217 2001 μέλλοντα.
1250 1948 1270 1980 ι
1304 1928 1488 1984 Πάντα
1507 1926 1682 1999 ὑμῶν.
1723 1947 1742 1979 ι

179 2026 271 2088 Ὠς
305 2024 622 2095 εὐεργεσίαι
645 2024 738 2076 καὶ
767 2021 988 2094 δωρεαί.
1027 2039 1045 2074 ι
1097 2021 1288 2091 Ὑμεῖς
1319 2019 1377 2074 δὲ
1417 2017 1676 2089 Χριστοῦ.
1724 2037 1744 2069 ›

177 2117 272 2180 Ὠς
305 2117 565 2186 κτήματα
607 2116 703 2169 καὶ
747 2115 1048 2183 ποιήματα.
1092 2131 1110 2165 ι
1147 2110 1384 2183 Χριστὸς
1429 2111 1486 2164 δὲ
1529 2109 1686 2165 Θεοῦ.
1723 2127 1742 2162 s

180 2209 272 2272 Ὠς
303 2208 550 2277 γέννημα
575 2206 670 2260 καὶ
691 2206 840 2269 Υἱός.
877 2205 1073 2268 Καλῶς
1097 2205 1155 2258 δὲ
1192 2203 1350 2258 τοῦτο
1383 2202 1746 2274 προσέθηκεν.

180 2296 406 2367 Ἐπειδὴ
452 2295 562 2366 γὰρ
591 2291 733 2348 εἷπε·
787 2313 806 2346 ι
849 2295 1040 2350 Πάντα
1088 2294 1265 2366 ὑμῶν,
1300 2295 1457 2364 ὑμεῖς
1516 2292 1574 2346 δὲ
1611 2293 1750 2364 Χριι-

167 2389 356 2454 στοῦ,ι
390 2389 476 2442 ἵνα
500 2387 574 2460 μὴ
602 2387 832 2451 στάντος
853 2387 1018 2441 αὑτοῦ
1049 2386 1308 2452 ἐνταῦθα,
1323 2387 1619 2457 ἀγέννητον
1653 2385 1750 2441 καὶ

165 2481 413 2536 ἀναίτιον
439 2481 702 2551 νομίσωσι
737 2481 830 2534 τὸν
878 2480 1029 2546 Υἱὸν,
1064 2481 1341 2550 ἐπήγαγε·
1378 2498 1397 2531 ι
1428 2477 1661 2550 Χριστὸς
1691 2477 1748 2532 δὲ

164 2572 328 2627 Θεοῦ.
373 2591 392 2623 ι
424 2573 538 2643 Οὐχ
582 2573 659 2635 ὡς
715 2573 877 2642 ἡμεῖς
908 2572 1169 2643 Χριστοῦ,
1225 2571 1398 2636 οὕτως
1436 2574 1464 2626 ό
1515 2570 1748 2642 Χριστὸς

164 2666 328 2731 Θεοῦ,
362 2667 566 2734 ἄπαγε.
620 2664 758 2718 Ἀλλ’
809 2666 973 2736 ἡμεῖς
1029 2665 1126 2735 μὲν
1159 2665 1419 2736 Χριστοῦ,
1470 2665 1547 2728 ὡς
1588 2664 1754 2734 ἔργον,

165 2759 322 2822 ὄντες
353 2757 517 2812 αὑτοῦ
549 2759 643 2811 καὶ
682 2757 918 2828 ποίημα.
972 2754 1034 2812 '0
1062 2756 1121 2811 δὲ
1150 2756 1386 2829 Χριστὸς
1439 2755 1533 2810 τοῦ
1587 2755 1747 2821 Θεοῦ,

164 2851 245 2915 ὥς
287 2849 615 2922 προαιὼνιον
663 2851 912 2921 γέννημα
963 2849 1058 2904 καὶ
1114 2849 1263 2917 Υἱὸς,
1299 2849 1392 2904 καὶ
1436 2848 1512 2912 ὡς
1572 2846 1750 2902 αἰτίαν

166 2943 309 3014 ἔχων
338 2943 430 2996 τὸν
457 2940 698 3013 Πατέρα.

241 3033 446 3100 οὕτως
475 3034 634 3102 ἡμᾶς
658 3032 980 3102 λογιζέσθω
1035 3035 1370 3104 ἄνθρωπος,
1405 3035 1488 3103 ὠς
1521 3032 1748 3102 ὑπηρέ-

1853 1920 1927 1974 tia
1953 1931 2010 1975 et
2034 1921 2238 1977 futura.
2275 1943 2292 1974 ι
2322 1922 2517 1980 Omnia
2541 1936 2724 1981 vestra
2759 1936 2943 1992 sunt,»
2984 1937 3242 2000 tanquam
3271 1930 3443 1987 bene-

1855 2011 1978 2068 ﬁcia
2005 2021 2060 2068 et
2084 2014 2248 2070 dona.
2287 2034 2304 2067 ι
2329 2014 2441 2072 Vos
2467 2027 2652 2073 autem
2681 2018 2942 2088 Christi,»
2993 2031 3252 2093 tanquam
3288 2039 3444 2080 crea-

1851 2109 1992 2158 tura;
2039 2113 2094 2159 et
2140 2121 2330 2176 Opera.
2383 2126 2401 2158 ι
2445 2107 2698 2165 Christus
2741 2125 2875 2176 vero
2935 2110 3056 2178 Dei,
3093 2133 3112 2165 ι
3179 2121 3439 2185 tanquam

1850 2207 2074 2262 germen
2107 2209 2170 2248 ac
2202 2195 2394 2251 Filius.
2420 2196 2656 2252 Pulchre
2686 2210 2870 2284 autem
2902 2200 3006 2256 hoc
3035 2202 3274 2269 addidit;
3301 2220 3442 2274 quo-

1852 2283 2002 2338 niam
2033 2285 2182 2339 enim
2219 2285 2474 2342 dixerat:
2518 2306 2536 2338 ι
2571 2283 2767 2344 Omnia
2803 2298 2986 2346 vestra
3028 2301 3176 2358 sunt,
3208 2309 3307 2348 vos
3335 2311 3438 2350 au-

1850 2383 1961 2430 tem
1987 2375 2229 2445 Christi;
2265 2398 2284 2430 ι
2321 2395 2393 2434 ne
2427 2380 2474 2435 si
2505 2380 2579 2435 ibi
2614 2382 2810 2451 pedem
2848 2383 3080 2449 ﬁxisset,
3115 2386 3317 2440 Filium
3348 2389 3437 2443 in-

1848 2470 2096 2542 genitum
2119 2487 2183 2526 ac
2215 2471 2333 2528 sine
2367 2473 2643 2544 principio
2669 2475 3076 2544 existimarent,
3101 2480 3432 2550 subjunxit:

1856 2583 1874 2616 ι
1900 2562 2156 2621 Christus
2187 2581 2315 2621 vero
2349 2565 2471 2622 Dei.
2500 2587 2519 2619 ι
2561 2567 2681 2623 Non
2714 2577 2898 2625 autem
2931 2569 3189 2628 Christus
3221 2572 3297 2628 ita
3333 2575 3432 2629 Dei

1847 2665 1934 2712 est
1967 2665 2027 2711 ut
2065 2673 2169 2712 nos
2205 2657 2433 2713 Christi.
2467 2659 2660 2715 Absit!
2699 2661 2796 2717 sed
2837 2677 2937 2717 nos
2970 2664 3192 2732 quidem
3230 2663 3435 2719 Christi

1847 2765 2072 2817 sumus,
2115 2760 2376 2822 tanquam
2419 2769 2558 2824 opus
2595 2761 2651 2808 et
2693 2753 2901 2810 [actura
2936 2756 3136 2827 ipsius.
3184 2758 3438 2813 Christus

1848 2860 1978 2900 vero
2010 2844 2102 2899 Dei
2129 2855 2232 2910 est,
2252 2857 2508 2916 tanquam
2533 2864 2756 2918 germen
2787 2861 2914 2906 ante
2939 2853 3136 2908 saecula
3159 2861 3215 2909 et
3239 2854 3434 2922 Filius,

1849 2945 1907 2992 et
1938 2947 2200 3008 tanquam
2236 2940 2454 2998 Patrem
2486 2941 2700 2998 habens
2728 2943 3081 3016 principium.

1921 3031 2014 3096 IV,
2034 3030 2149 3086 1-4.
2188 3032 2275 3087 Sic
2301 3050 2395 3088 nos
2423 3035 2679 3092 existimet
2702 3038 2855 3091 homo
2881 3048 3138 3109 tanquam
3168 3041 3436 3098 ministros

163 3145 281 3194 τας
349 3127 628 3196 Χριστοῦ,
660 3127 758 3180 καὶ
799 3129 1155 3197 οικονόμους
1197 3127 1550 3197 μυστηρίων
1580 3126 1749 3182 Θεοῦ.

1858 3121 2072 3189 Christi,
2104 3132 2151 3178 et
2175 3125 2562 3195 dispensatores
2599 3130 2971 3198 mysteriorum
3006 3129 3120 3184 Dei.
3153 3129 3306 3195 Quod
3339 3149 3434 3186 su-

171 3223 248 3274 ‘0
283 3219 356 3274 se
399 3221 614 3274 λοιπὸν
669 3219 921 3288 ζητεῖται
971 3220 1044 3274 ἐν
1108 3221 1230 3288 τοῖς
1275 3221 1611 3289 οἰκονόμοις
1651 3220 1754 3274 ἵνα

166 3313 391 3377 πιστός
417 3329 508 3380 τις
535 3313 770 3383 εὑρεθῆ.
805 3313 970 3382 Ἐμοὶ
1003 3312 1072 3367 δὲ
1102 3316 1190 3378 εὶς
1211 3313 1540 3382 ἐλάχιστόν
1557 3312 1749 3378 ἐστιν,

165 3406 248 3459 ἵν’
287 3406 390 3475 ἀφ’
425 3404 591 3474 ὑμῶν
627 3406 943 3475 ἀνακριθῶ,
983 3405 1021 3475 ἢ
1051 3406 1169 3460 ὑπὸ
1215 3405 1597 3475 ἀνθρωπίνης
1617 3402 1755 3474 ἡμέε

160 3512 302 3564 ρας.
359 3497 684 3552 Ἀλλόῠδὲ
731 3499 996 3568 ἐμαυτὸν
1050 3499 1366 3567 ἀνακρίνω.
1403 3496 1595 3553 οὐδὲν
1640 3495 1753 3565 γὰρ

164 3585 408 3655 ἐμαυτῷ
443 3587 718 3642 σύνοιδα.
763 3589 928 3644 Ἀλλ’
967 3590 1077 3644 οὐκ
1112 3588 1183 3642 ἐν
1225 3589 1414 3652 τούτῳ
1451 3587 1752 3642 δεδικαιω-

160 3695 295 3750 pas.
340 3682 406 3732 Ὃ
438 3678 507 3732 δὲ
541 3679 880 3748 ἀνακρίνων
921 3697 1000 3750 με
1029 3679 1244 3748 Κύριός
1275 3679 1466 3734 ἐστιν.

255 3771 435 3841 Ἦμᾶς
465 3770 659 3838 λέγων,
688 3773 814 3834 τοὺς
852 3772 984 3842 παρ’
1034 3772 1219 3835 αὐτοῖς
1264 3771 1618 3836 διδασκάλους
1663 3773 1750 3825 αἱ·

166 3864 438 3920 νιττεται.
466 3881 486 3916 ι
511 3864 598 3928 Ὠς
624 3864 904 3935 ὑπηρέτας
937 3863 1198 3935 Χριστοῦ.
1234 3883 1252 3916 ι
1290 3863 1510 3936 Ἐπειδὴ
1545 3866 1751 3935 σφόδρα

168 3955 574 4026 κατεδεσλήκει
639 3957 770 4019 τοὺς
824 3954 1181 4018 διδασκάλους
1207 3994 1223 4021 ,
1266 3955 1363 4011 νῦν
1406 3956 1591 4026 ἡρέμα
1625 3956 1753 4014 {ulmi

167 4047 398 4110 αὐτοὺς,
435 4045 718 4116 ὑπηρέτας
748 4044 989 4116 Χριστοῦ
1044 4044 1228 4100 καλῶν
1282 4045 1377 4099 καὶ
1410 4045 1748 4116 οἰκονόμους.

168 4139 345 4208 Πλὴν,
379 4137 569 4210 φησὶν,
611 4138 662 4191 εἰ
697 4139 794 4192 καὶ
818 4136 993 4200 οὕτως
1025 4136 1198 4203 ἐστὶν,
1229 4136 1401 4200 οὐδεὶς
1441 4135 1532 4189 τὸν
1556 4136 1751 4189 δεσπό-

167 4247 273 4296 την
308 4229 493 4298 ἀφεὶς,
528 4230 636 4284 ἀπὸ
679 4228 789 4282 τῶν
838 4228 1128 4300 ὑπηρετῶν
1159 4227 1507 4298 ὀνομάζεται.
1559 4245 1581 4280 ι
1642 4226 1752 4281 Καὶ

167 4321 516 4391 οἰκονόμους.
549 4339 567 4372 ι
607 4320 938 4389 Οἰκονόμους
987 4319 1306 4390 μυστηρίων
1336 4319 1512 4384 καλεῖ,
1537 4318 1750 4382 δεικνὺς

166 4414 253 4467 ὅτι
301 4413 366 4465 οὐ
425 4413 589 4465 παντὶ
637 4412 827 4476 ἁπλῶς
883 4413 967 4466 δεῖ
1003 4412 1272 4483 παρέχειν
1320 4411 1388 4465 τὰ
1451 4413 1749 4482 μυστήρια,

1855 3223 2025 3285 perest
2065 3222 2266 3280 autem,
2305 3215 2442 3270 illud
2471 3220 2756 3288 requiritur
2793 3221 2847 3273 in
2885 3221 3348 3290 dispensatoribus,
3377 3233 3435 3278 ut

1853 3307 1993 3376 ﬁdus
2043 3307 2238 3378 aliquis
2284 3309 2612 3366 inveniatur.
2659 3311 2790 3366 Mihi
2833 3329 2954 3367 vero
3003 3315 3434 3384 indignissimum

1853 3399 2083 3465 videtur,
2119 3407 2179 3453 ut
2228 3419 2260 3455 a
2301 3402 2444 3456 vobis
2487 3403 2768 3473 dijudicer,
2816 3414 2911 3458 aut
2954 3405 3018 3460 ab
3051 3405 3282 3462 humano
3327 3408 3431 3472 die,

1853 3490 1962 3546 imo
1995 3505 2087 3544 nec
2125 3492 2384 3562 meipsum
2423 3492 2680 3563 dijudica.
2719 3492 2934 3548 Nullius
2966 3496 3106 3549 enim
3145 3497 3275 3550 mihi
3309 3514 3434 3551 can-

1853 3583 1992 3636 scius
2029 3599 2169 3650 sum,
2200 3583 2291 3638 sed
2321 3600 2426 3638 non
2450 3586 2511 3638 ob
2551 3586 2607 3640 id
2629 3585 2954 3655 justi/iratus
2992 3603 3130 3644 sum.
3169 3587 3433 3644 Ceterum

1853 3678 1944 3745 qui
1975 3675 2234 3746 dijudicat
2267 3691 2349 3729 me
2380 3675 2638 3731 Dominus
2674 3685 2770 3732 est.

1924 3766 2170 3823 Dicenda
2206 3786 2224 3818 ι
2260 3767 2396 3828 Nos.
2427 3787 2447 3821 ι
2484 3769 2738 3838 designat
2765 3769 3040 3836 doctores,
3067 3771 3159 3842 qui
3189 3772 3339 3843 apud
3370 3775 3435 3829 il-

1852 3858 1936 3913 los
1961 3866 2142 3913 erant.
2165 3857 2476 3928 «Tanquam
2507 3860 2788 3916 ministras
2810 3859 3073 3918 Christi.»
3101 3861 3264 3935 447
3279 3864 3433 3933 Quo-

1853 3949 2000 4006 niam
2027 3952 2385 4006 vehementer
2415 3951 2674 4006 doctores
2705 3967 2897 4007 eorum
2938 3954 3250 4024 dejecerat,
3284 3973 3434 4012 nunc

1854 4042 2059 4097 sensim
2088 4041 2238 4113 ipsos
2261 4043 2478 4110 exaltat,
2511 4042 2718 4097 Christi
2748 4045 3033 4101 ministros
3065 4047 3345 4116 appellans
3376 4058 3433 4105 et

1853 4133 2279 4203 dispensatores.
2303 4134 2558 4190 Attamen
2591 4134 2722 4190 licet
2750 4135 2825 4191 ita
2858 4137 2949 4202 sit,
2993 4138 3190 4208 inquit,
3242 4139 3430 4196 nullus

1854 4226 2046 4282 relicto
2061 4226 2295 4281 Domino
2310 4242 2339 4281 a
2357 4227 2628 4283 ministris
2639 4243 2844 4283 nomen
2859 4228 3081 4299 accipit.
3102 4229 3198 4286 «Et
3209 4231 3431 4301 dispen-

1853 4328 2131 4381 sataresu
2169 4318 2562 4389 mysteriorum
2592 4319 3206 4390 vacatdispensatares,
3240 4330 3431 4379 osten-

1853 4412 1988 4465 dens
2003 4411 2272 4480 quodnon
2297 4410 2814 4482 cuivissimpliciter
2837 4421 3056 4482 apartet
3074 4415 3292 4470 tradere
3314 4430 3432 4489 my-

167 4501 310 4554 ἀλλὰ
335 4502 451 4564 τοῖς
485 4501 677 4568 ἀξίοις.
717 4503 868 4555 «Ἵνα
903 4502 1092 4565 πιστός
1121 4519 1205 4566 τις
1227 4501 1486 4573 εὑρεθῇ.)
1526 4502 1743 4564 Πιστὸς,

1858 4502 2042 4569 steria,
2069 4504 2167 4560 sed
2190 4503 2390 4575 dignis.
2423 4505 2521 4562 «Ut
2550 4503 2728 4560 ﬁdelis
2751 4505 3025 4576 quispiam
3053 4506 3421 4564 inveniatur.»

170 4593 363 4664 φησιν,
419 4591 646 4662 ὤφειλεν
681 4588 822 4647 εἶναι
861 4593 1216 4663 ὁοίκονόμος,
1271 4593 1368 4648 καὶ
1423 4593 1499 4665 μὴ
1545 4593 1616 4647 τὰ
1655 4593 1750 4646 τοῦ

168 4687 451 4740 Δεσπότου
490 4687 596 4740 ῖδια
623 4685 806 4755 λέγειν
829 4684 992 4751 εἶναι,
1018 4686 1130 4739 ἀλλ’
1152 4689 1227 4749 ὼς
1257 4687 1539 4757 οἰκονόμος
1565 4687 1751 4741 διακο-

168 4782 306 4832 νεῖν.
335 4779 448 4831 Καὶ
477 4778 650 4851 ταύτῃ
679 4779 737 4832 δὲ
762 4779 854 4832 τὸν
879 4778 1046 4848 τῦφον
1088 4779 1268 4834 αὐτῶν
1293 4780 1647 4835 καταϐάλλει.

237 4868 453 4942 [titul]
479 4871 651 4924 Τοῦτο
680 4871 792 4942 γάρ
823 4872 962 4936 ἐστι,
989 4872 1142 4940 φησι,
1177 4872 1238 4925 τὸ
1278 4872 1610 4947 ζητούμενον
1659 4873 1755 4926 καὶ

165 4964 390 5031 ὀφεῖλον
431 4964 594 5016 παντὶ
621 4965 811 5034 τρόπῳ
844 4965 1209 5032 φυλάττεσθαι
1252 4966 1407 5036 παρὰ
1440 4967 1548 5020 τῶν
1602 4967 1751 5020 οἰκος·
1795 5003 1805 5012 -

165 5057 376 5128 νόμων,
394 5055 454 5108 τὸ
472 5057 696 5118 πιστοὺς
721 5052 882 5121 εἶναι,
919 5057 1014 5110 καὶ
1045 5057 1326 5128 ὑπηρέτας
1352 5059 1602 5128 ἡγεῖσθαι
1626 5059 1756 5113 ἐαυ-

164 5151 318 5212 τοὺς,
343 5147 442 5200 καὶ
475 5146 550 5217 μὴ
584 5147 968 5202 ἰδιοποιεῖσοαι
1007 5149 1102 5201 καὶ
1121 5147 1538 5220 σφετερίζεσθαι
1569 5151 1635 5203 τὰ
1659 5150 1751 5204 τοῦ

163 5240 468 5295 Δεσπότου.
491 5241 651 5294 -“Η
669 5239 877 5306 οὕτως·
917 5239 1231 5308 Λογιζέσθω
1269 5243 1416 5310 ἡμᾶς
1467 5241 1754 5312 ἄνθρωπος

160 5334 230 5390 τά
258 5348 324 5384 τε
356 5329 494 5384 ἄλλα
523 5328 667 5400 ἅπερ
700 5325 875 5393 εἷπον,
899 5331 1054 5399 φησι,
1081 5331 1175 5382 καὶ
1205 5331 1232 5382 ὃ
1271 5330 1462 5386 λοιπὸν
1494 5334 1672 5385 κειται
1697 5335 1754 5385 ἐν

161 5427 283 5488 τοῖς
309 5421 642 5492 οἰκονόμοις,
681 5423 904 5476 κάκεῖνο
942 5423 1090 5492 ἡμᾶς
1121 5423 1442 5491 λογιζέσθω,
1493 5419 1604 5498 ἵν⁶ᾑ
1648 5423 1754 5478 ἀπὸ

165 5515 356 5572 κοινοῦ
389 5515 472 5579 τὸ,
505 5515 870 5584 «Λογιζέσθω.
901 5534 920 5568 ι
954 5516 1020 5569 Ti
1050 5516 1106 5570 δέ
1128 5519 1246 5572 ἐστι
1277 5516 1437 5572 τοῦτο
1465 5517 1526 5571 τδ
1557 5521 1615 5572 ἐν
1642 5522 1753 5583 τοῖς

164 5609 478 5680 οἰκονόμοις
511 5607 885 5680 ζητούμενον;
922 5608 1039 5664 Ἵνα
1077 5610 1287 5676 πιστὸς,
1316 5609 1500 5682 φησιν,
1529 5611 1750 5682 εὑρεθῇ.

167 5700 306 5756 Εἶτα
364 5701 502 5771 πρὸς
533 5703 660 5764 τοὺς
688 5702 1070 5772 ἀναισχυντεῖν
1108 5703 1402 5774 μέλλοντας
1439 5704 1533 5757 καὶ
1571 5702 1752 5772 λέγειν

167 5794 612 5868 ἰπιχειροῦντας,
629 5793 695 5848 Tl
717 5789 844 5862 06v;
876 5796 942 5850 ab
967 5795 1209 5859 τοιοῦτος
1231 5791 1286 5850 εἴ
1310 5814 1324 5864 ;
1359 5795 1749 5870 προαπαντῶν,

495 5887 765 5950 Ρλτιιοι..
801 5887 916 5950 Gn.
956 5890 1240 5955 CXVllI.

1855 4594 2075 4661 Fidelis,
2103 4595 2304 4667 inquit,
2331 4597 2564 4652 deberet
2589 4612 2707 4652 esse
2723 4597 3093 4668 dispensator,
3125 4614 3226 4655 nec
3243 4600 3430 4658 dicere

1854 4703 1951 4742 sua
1998 4703 2120 4743 esse
2165 4705 2286 4758 quae
2313 4689 2531 4743 Domini
2560 4697 2711 4754 sunt,
2741 4691 2838 4745 sed
2888 4698 3148 4761 tanquam
3181 4694 3432 4750 minister

1853 4779 2194 4850 dispensare.
2220 4782 2292 4837 Et
2313 4782 2421 4837 hac
2447 4783 2609 4838 modo
2639 4782 2901 4853 deprimit
2929 4784 3174 4854 ipsorum
3203 4786 3426 4844 fastum.

1925 4874 2040 4929 Hoc
2066 4875 2216 4929 enim
2239 4884 2346 4942 est,
2384 4875 2589 4945 inquit,
2619 4876 2769 4945 quod
2802 4877 3092 4945 quaeritur,
3119 4886 3176 4933 et
3203 4881 3431 4935 omnino

1854 4965 2061 5020 servari
2085 4971 2315 5022 deberet
2343 4982 2374 5020 a
2404 4965 2900 5034 dispensatoribus,
2924 4976 2986 5022 ut
3009 4968 3199 5024 ﬁdeles
3221 4979 3428 5036 essent,

1853 5075 1919 5115 ac
1949 5060 2162 5128 seipsos
2209 5058 2446 5114 famulos
2487 5058 2761 5124 dicerent,
2799 5069 2855 5114 et
2884 5075 2994 5115 non
3035 5061 3141 5117 sibi
3179 5063 3432 5120 vindica-

1854 5159 1978 5207 rent
2017 5159 2112 5206 aut
2151 5151 2728 5221 appropriarentquse
2759 5152 2976 5207 Domini
3013 5162 3162 5208 sunt.
3208 5185 3279 5195 —
3326 5155 3429 5210 Aut

1854 5243 1951 5295 hoc
1984 5241 2154 5295 modo.
2203 5240 2514 5305 Existimet,
2546 5240 2750 5310 inquit,
2788 5257 2892 5296 nos
2922 5241 3091 5297 homo
3127 5251 3186 5299 et
3230 5253 3429 5299 extera

1854 5334 2058 5390 habere
2081 5350 2202 5405 quae
2223 5333 2337 5388 dixi
2363 5342 2448 5390 :et
2467 5334 2614 5405 quod
2643 5335 2990 5405 potissimum
3021 5336 3431 5406 dispensatores

1854 5426 2145 5496 contingit,
2187 5424 2355 5480 etiam
2390 5440 2492 5480 nos
2535 5425 2740 5481 habere
2776 5427 3072 5491 existimet,
3115 5436 3174 5481 ut
3207 5442 3250 5480 ~a
3277 5441 3430 5481 com-

1856 5519 2011 5573 muni
2051 5533 2217 5574 sensu
2241 5526 2546 5588 repetatur.
2574 5537 2593 5570 ι
2631 5519 2942 5575 Existimet.
2975 5539 2994 5571 ›
3028 5519 3170 5586 Quid
3205 5527 3290 5573 est
3326 5533 3421 5573 au-

1856 5617 1966 5664 tem
2009 5608 2115 5664 hac
2141 5607 2288 5679 quod
2337 5609 2484 5663 inter
2539 5608 2946 5680 dispensatores
2984 5609 3323 5678 requiritur?
3361 5607 3432 5664 Ut

1859 5699 2054 5767 ﬁdelis,
2101 5700 2306 5770 inquit,
2351 5699 2691 5755 inveniatur.’
2734 5700 2946 5756 Deinde
2981 5697 3071 5753 his
3117 5697 3211 5767 qui
3253 5699 3432 5769 impu-

1857 5793 2054 5851 dentes
2083 5792 2258 5851 futuri
2285 5800 2445 5850 erant
2473 5808 2712 5865 eumque
2729 5791 3060 5864 aggressuri,
3095 5806 3160 5850 ac
3188 5791 3430 5852 dicturi:

2959 5876 3038 5946 22
