3872 6568
487 377 592 440 683

1548 371 1912 435 (ECUMENI
1920 373 1946 432 Ι
1981 375 2274 437 TBICCE
2316 373 2657 437 EPISCOPI
3583 379 3666 446 684

484 488 628 558 Quid
668 489 837 560 ergo?
881 486 1020 544 Num
1070 497 1126 542 tu
1167 481 1481 559 lidiusmorli
1528 492 1617 542 es':
1661 488 1893 544 obvians
1937 487 2015 542 ait
2051 507 2058 542 :

2172 489 2360 560 φησίν.
2407 508 2424 539 ι
2457 488 2613 559 Ἐμοὶ
2646 487 2702 541 δὲ
2757 487 2836 551 εἰς
2868 484 3153 556 ἐλάχιστόν
3180 485 3320 539 ἔστιν
3344 486 3424 542 ἱνα
3450 490 3527 558 ὑφ’
3547 493 3664 562 ὑμῶν

494 604 511 634 «
551 582 686 637 Mihi
716 597 846 635 vero
877 580 1321 650 indignissimum
1352 579 1590 645 videtur,
1619 589 1678 634 ut
1709 597 1739 634 a
1769 580 1928 636 vobis
1974 581 2062 636 di~

480 677 718 748 judieer.
751 693 769 726 ι
812 673 926 729 lloc
953 684 1135 743 autem
1169 673 1304 726 dicit
1339 687 1448 726 non
1492 671 1735 741 seipsum
1771 673 2060 739 extollens,

483 773 579 828 sed
632 787 751 827 eam
805 785 925 838 qua:
976 767 1133 822 decet
1181 766 1524 836 dignitatem.
1569 765 1944 834 praedicationi
2000 781 2063 821 ac

483 864 746 918 doetrinm
779 877 1024 915 servans.
1050 860 1185 913 Nam
1217 861 1260 914 si
1287 860 1465 928 ipsum
1496 860 1714 913 curiose
1743 868 2062 913 scrutaren-

483 965 594 1013 tur,
645 956 873 1022 ejusque
931 952 1072 1006 facta
1130 951 1534 1021 disquirerent.
1587 959 1681 1004 aut
1743 959 2062 1019 suspectum

481 1045 772 1106 haberent,
811 1044 1127 1097 nullatenus
1161 1042 1278 1096 ﬁeri
1325 1050 1530 1112 posset,
1570 1053 1633 1096 ut
1665 1057 1727 1095 ea
1767 1056 1889 1111 quae
1917 1041 2063 1111 apud

479 1154 575 1192 eos
602 1137 928 1206 praedicaret
955 1153 1018 1190 ac
1049 1136 1276 1189 doceret
1312 1137 1681 1204 susciperent.
1709 1135 1865 1189 Juste
1897 1135 2064 1204 igitur

481 1245 544 1282 ac
578 1230 880 1298 sapienter,
905 1238 960 1282 et
981 1227 1049 1281 ad
1078 1243 1270 1281 eorum
1299 1228 1545 1296 ipsorum
1574 1227 1806 1281 salutem
1831 1226 2059 1292 utiliter,

480 1319 798 1390 huiusmodi
850 1321 1248 1390 suspicionem,
1298 1319 1633 1390 illorumque
1696 1320 2062 1373 temeritatem

478 1412 733 1481 reprimit
766 1427 830 1464 ac
859 1412 1107 1474 cohibet,
1137 1421 1192 1465 et
1223 1420 1539 1466 constanter
1571 1411 1731 1466 tollit.
1765 1412 1844 1467 Ne
1876 1420 2061 1465 tamen

481 1505 595 1557 hare
620 1519 726 1557 non
758 1519 920 1558 causa
952 1503 1360 1573 praedicationis
1393 1503 1596 1558 dixisse
1623 1504 1876 1558 videatur
1907 1512 1960 1557 et
1991 1503 2062 1557 ob

477 1607 826 1646 communem
865 1592 1180 1657 utilitatem,
1225 1591 1322 1646 sed
1370 1606 1490 1645 sese
1539 1591 1753 1662 iactans
1787 1607 1852 1646 ac
1883 1590 2025 1647 extol
2049 1622 2063 1632 -

476 1682 618 1743 lens,
683 1682 966 1752 subiungit
1027 1698 1040 1735 :
1093 1701 1111 1732 ι
1177 1681 1283 1736 Sed
1341 1698 1452 1735 non
1509 1682 1580 1737 ob
1628 1682 1682 1736 id
1731 1682 2062 1753 iustiﬁcatus

479 1787 622 1826 sum.
658 1792 675 1822 ι
717 1772 1039 1841 Quanquam
1067 1773 1215 1827 enim
1255 1772 1412 1826 vobis
1453 1788 1561 1826 non
1598 1773 1764 1828 liceat
1793 1789 1880 1827 me
1917 1773 2059 1842 diiu-

2166 580 2466 651 ἀνακριθῶ.
2493 599 2510 632 ι
2549 580 2721 634 Τοῦτο
2770 579 2826 632 δέ
2863 594 3050 648 φησιν,
3085 577 3183 632 οὐκ
3233 578 3461 650 ἐπαίρων
3498 585 3665 653 ἑαυτὴν,

2165 671 2300 724 ἀλλά
2337 671 2397 724 τὸ
2435 671 2644 740 πρέπον
2677 668 2894 738 ἀξίωμα
2919 667 2996 736 τῷ
3022 667 3333 736 κηρύγματι
3361 669 3447 722 καὶ
3466 673 3523 740 τῇ
3559 672 3669 726 diu.

2167 761 2364 835 σκαλίᾳ
2387 764 2690 831 φυλάττων.
2713 762 2772 814 Ei
2789 762 2857 827 γὰ
2865 778 2894 831 ρ
2911 763 2976 813 αὑ
2986 760 3072 812 τὸν
3091 761 3250 812 ὲπολυ
3261 762 3580 832 πραγμόνουν
3599 769 3671 820 καὶ

2169 854 2452 924 ἐξήταζον,
2485 851 2949 922 καὶὲνδισταγμῷ
2975 849 3144 921 εἶχον,
3167 851 3322 921 σχολῇ
3347 853 3394 918 γ’
3423 854 3481 904 ἂν
3499 857 3555 906 τὰ
3573 858 3672 926 παρ’

2166 947 2346 1010 αὐτοῖς
2365 947 2752 1017 κηρυσσόμενα.
2770 947 2864 998 καὶ
2885 937 3247 1013 διδασκόμενα
3267 944 3592 1014 παρεδέξαντο
3607 949 3671 1005 ἄν.

2169 1039 2420 1107 Εύλόγως
2455 1039 2565 1110 ἄρα
2605 1040 2699 1093 καὶ
2757 1038 2939 1106 σοφῶς
2989 1039 3084 1090 καὶ
3119 1037 3210 1089 ἐπὶ
3263 1040 3326 1107 τῇ
3353 1038 3488 1104 σφῶν
3534 1042 3673 1094 αὐτῶν

2167 1135 2431 1205 σωτηρέᾳ,
2465 1135 2564 1205 τὴν
2608 1134 2864 1203 τοιαύτην
2915 1131 3187 1200 ὑπόληψιν
3245 1132 3336 1184 καὶ
3382 1136 3675 1200 περιπέτειαν

2166 1225 2345 1279 αύτῶν
2370 1224 2794 1296 προαναστέλλει
2823 1223 2916 1276 καὶ
2945 1219 3298 1292 ἐπιρραπίζει
3332 1220 3421 1272 καὶ
3455 1222 3676 1285 ὲπιμόνως

2168 1319 2405 1389 ἀναιρεῖ.
2441 1313 2578 1371 Εἶτα
2605 1317 2692 1368 ἴνοι
2725 1315 2800 1384 μὴ
2825 1313 2951 1384 δόξῃ
2974 1315 3097 1383 οὐχὶ
3125 1313 3220 1365 τοῦ
3257 1312 3574 1381 κηρύγματος
3590 1313 3678 1366 ἓνε-

2165 1428 2237 1463 κα
2272 1409 2445 1464 ταῦτα
2478 1412 2651 1461 εἰπεῖν
2678 1408 2888 1477 καὶτῆς
2913 1405 3098 1475 κοινῆς
3141 1403 3420 1472 ὠφελείας,
3461 1404 3577 1455 ἀλλὰ
3613 1422 3679 1456 σε·

2171 1502 2450 1574 μνολογῶν
2485 1503 2577 1554 καὶ
2605 1502 2846 1572 ἐπαίρων
2874 1500 3086 1562 ἑαυτὸν,
3116 1498 3330 1564 ὲπάγει’
3363 1497 3514 1548 ι’Δλλ“
3533 1497 3614 1550 οὐκ
3635 1498 3678 1548 ὲν

2162 1595 2338 1666 τούτῳ
2366 1593 2746 1665 δεδικαεωμαι.
2777 1612 2795 1644 ι
2835 1593 2896 1645 El
2948 1593 3056 1660 γὰρ
3109 1591 3204 1643 καὶ
3239 1590 3312 1658 μὴ
3364 1589 3551 1652 ἔξεστιν
3582 1590 3678 1657 ύμῖν

2163 1686 2476 1756 ἀνακρίνειν
2499 1687 2621 1757 ἐμὲ.
2662 1687 2801 1757 μήτε
2830 1683 3018 1746 ἁπλῶς
3071 1681 3252 1743 ἄλλοις
3282 1680 3580 1748 ἀνθρώποις,
3607 1680 3678 1732 ἀλ-

2165 1779 2234 1832 )-ἀ
2261 1781 2700 1840 πεπιστευκότας
2727 1778 2870 1847 ὑμᾶς
2896 1777 2990 1830 καὶ
3040 1772 3417 1843 ἀναμφιϐόλως
3449 1771 3677 1839 διακειμέ-

477 1860 687 1923 dicare,
714 1861 825 1913 imo
867 1875 970 1913 nec
1002 1861 1228 1914 omnino
1264 1861 1388 1914 aliis
1431 1860 1752 1914 hominibus
1782 1875 1794 1913 :
1832 1861 1926 1916 sed
1962 1877 2058 1931 po-

2165 1891 2288 1936 voo;
2329 1873 2464 1942 πρὸς
2495 1873 2615 1942 ἐμὲ,
2643 1873 2724 1926 δεῖ
2749 1869 3099 1942 καρποῦσθαι
3144 1867 3245 1936 τὴν
3273 1864 3364 1918 τοῦ
3388 1863 3676 1934 κηρύγματος

478 1951 588 2004 tius
631 1954 944 2014 credentes,
978 1951 1297 2020 nullamque
1337 1951 1485 2006 circa
1531 1967 1617 2005 me
1659 1951 2058 2006 haesitationem

473 2043 767 2105 habentes.
821 2043 1117 2098 utilitatem
1162 2059 1226 2098 ac
1287 2043 1600 2098 doctrinam
1654 2045 2062 2114 praedicationis

475 2143 729 2203 Oporteat
755 2135 978 2188 haurire
1017 2153 1030 2188 :
1064 2135 1231 2204 idque
1263 2135 1404 2190 adeo
1436 2135 1673 2190 fideliter
1704 2153 1767 2192 ac
1804 2137 2059 2204 ﬁrmiter,

476 2235 537 2282 ut
568 2227 732 2279 etiam
769 2226 957 2280 sciatis
988 2227 1133 2296 quod
1167 2243 1349 2296 neque
1377 2229 1494 2297 ipse
1518 2227 1724 2297 possim
1756 2229 2063 2299 diiudicare

473 2320 783 2388 meipsum:
815 2319 1059 2373 «Nullius
1081 2321 1229 2373 enim
1264 2321 1400 2373 mihi
1430 2321 1684 2374 conscius
1711 2329 1886 2386 sum,»
1916 2321 2064 2391 quod

475 2413 775 2464 maximum
811 2419 896 2464 est
935 2426 999 2464 ac
1035 2411 1358 2466 invincibile
1388 2412 1612 2466 virtutis
1643 2414 2014 2468 testimonium
2047 2432 2060 2467 :

474 2504 921 2572 quandoquidem
946 2504 1131 2557 nullus
1152 2504 1305 2557 novit
1324 2519 1445 2572 qua:
1470 2513 1592 2558 sunt
1618 2504 1880 2567 hominis,
1901 2504 2068 2576 m

473 2597 580 2651 nisi
609 2597 839 2664 spiritus
863 2596 1123 2660 hominis,
1143 2597 1238 2664 qui
1267 2596 1320 2648 in
1343 2595 1464 2664 ipso
1501 2597 2065 2668 habitat.Qnanquam

473 2689 589 2741 haec
625 2688 677 2741 in
723 2703 810 2742 me
837 2688 969 2753 sint,
998 2688 1197 2756 inquit,
1233 2703 1342 2741 non
1373 2688 1443 2741 ob
1477 2688 1530 2742 id
1553 2689 1885 2758 iustiﬁcatus
1909 2705 2063 2745 sum:

473 2779 657 2833 adhuc
721 2779 873 2833 enim
936 2782 1213 2832 communi
1272 2779 1460 2849 judice
1536 2779 1671 2832 mihi
1744 2795 1882 2850 opus
1957 2789 2062 2846 est,

479 2871 685 2939 illoque
733 2870 980 2924 nondum
1025 2885 1054 2923 a
1084 2885 1247 2924 causa
1278 2870 1617 2932 discedente,
1668 2871 1724 2924 in
1765 2873 2067 2928 certamine

474 2977 540 3016 ac
573 2963 775 3015 timore
819 2961 1003 3016 adhuc
1040 2977 1184 3027 sum,
1222 2969 1482 3030 tanquam
1516 2966 1763 3016 nondum
1795 2964 2059 3032 iustiﬁca-

475 3042 585 3110 ‘us.
632 3055 832 3111 Verum
890 3073 1070 3126 neque
1128 3065 1422 3126 propterea
1460 3058 1618 3112 vobis
1667 3060 1928 3114 convenit
1970 3060 2065 3130 qui

473 3148 922 3218 praedicationem
969 3149 1272 3218 suscipitis.
1319 3160 1382 3204 ut
1418 3167 1544 3206 cum
1588 3151 1936 3206 haesitatione
1963 3169 2059 3207 vos
2087 3185 2130 3242 Ο

475 3253 605 3308 erga
629 3253 715 3293 me
746 3240 1016 3302 habeatis,
1046 3240 1412 3310 autiudicare
1444 3243 1560 3296 sive
1586 3242 1891 3312 diiudicare
1915 3257 2058 3312 prae-

476 3331 732 3394 sumatis,
770 3340 865 3386 aut
892 3331 1040 3400 quod
1080 3332 1393 3386 communis
1417 3341 1502 3387 est
1534 3332 1734 3402 iudicis
1777 3331 2059 3387 insensate

475 3421 635 3474 vobis
659 3422 794 3490 ipsis
824 3421 1074 3490 rapiatis,
1111 3437 1176 3474 ac
1205 3429 1422 3490 tempus
1449 3421 1646 3491 iudicii
1676 3420 1742 3474 ad
1770 3436 1868 3475 vos
1898 3430 2059 3474 antea

475 3511 757 3566 deriveiis.
797 3512 852 3566 Si
895 3527 1028 3566 vero
1067 3528 1178 3566 non
1223 3511 1492 3582 ζητεῖται,
1529 3513 1581 3566 id
1623 3520 1729 3577 est,
1761 3512 2054 3580 quaeritur,

475 3603 573 3656 sed
607 3604 847 3668 ζητεῖτε,
883 3603 935 3656 id
967 3614 1072 3667 est,
1105 3619 1228 3674 quae
1275 3604 1377 3658 rite
1424 3604 1750 3673 accipiatur,
1797 3612 2058 3673 tanquam

477 3695 802 3763 imperantis
851 3703 946 3748 aut
998 3695 1361 3760 consulentis,
1409 3705 1560 3759 tunc,
1601 3704 1661 3749 ut
1709 3695 2056 3750 manifestum

475 3794 580 3848 est,
608 3786 748 3838 nihil
791 3787 1148 3841 obscuritatis
1194 3788 1440 3852 habebit,
1482 3787 1578 3842 sed
1611 3787 1790 3841 facilis
1817 3788 1927 3842 erit
1971 3787 2058 3841 in-

478 3879 754 3934 tellectus.
785 3897 804 3930 «
836 3880 966 3934 Mihi
995 3897 1126 3936 vero
1163 3881 1606 3953 indignissimum
1635 3892 1720 3938 est
1749 3892 1808 3937 ut
1835 3899 1864 3937 a
1898 3883 2056 3938 vobis

472 3973 712 4044 iudicer.
751 3992 770 4025 ι
819 3973 896 4028 Ne
928 3973 1035 4030 hoc
1074 3987 1337 4044 praetextu
1371 3977 1439 4032 de
1483 3977 1603 4047 ipso
1632 3993 1853 4049 quoque
1886 3979 2054 4032 Paulo

475 4065 836 4135 ambigerem,
875 4082 1005 4120 num
1041 4067 1218 4122 ﬁdelis
1255 4079 1403 4124 esset
1459 4070 1810 4140 dispensator
1844 4086 2051 4134 annon,

475 4157 622 4226 quod
666 4158 861 4212 fuisset
915 4161 1135 4214 eversio
1179 4161 1305 4216 ﬁdei
1355 4162 1624 4231 ipsorum,
1670 4178 1828 4217 suam
1867 4171 2056 4217 tuetur

473 4263 788 4317 personam,
830 4252 1020 4306 dicens
1075 4269 1090 4305 :
1145 4271 1162 4302 «
1210 4253 1501 4323 Indignum
1543 4255 1710 4318 duco,
1754 4263 1874 4308 uta
1915 4269 2054 4323 quo-

473 4357 637 4411 quam
671 4343 962 4414 «liimlicer.
1005 4365 1020 4394 ι
1052 4343 1164 4399 Hoc
1191 4354 1372 4398 autem
1417 4361 1524 4399 non
1570 4361 1636 4398 cx
1675 4345 1913 4399 elatione
1955 4345 2051 4409 ait,

473 4431 568 4485 sed
606 4441 663 4484 ut
705 4432 841 4494 dixi.
893 4434 1092 4488 timens
1130 4447 1199 4486 ne
1244 4433 1468 4487 dubiam
1507 4433 1616 4486 illis
1665 4433 1827 4486 ﬁdem
1869 4431 2052 4486 faciat.

2165 1965 2435 2034 ὠφέλειαν
2460 1964 2557 2018 καὶ
2595 1965 2968 2027 διδασκαλίαν,
2996 1965 3089 2017 καὶ
3139 1961 3393 2015 τοσοῦτον
3416 1960 3593 2021 πιστῶς
3609 1959 3676 2011 καὶ

2165 2059 2578 2130 ἀναμφιϐόλως,
2629 2058 2706 2121 ὡς
2763 2059 2976 2120 εἰδότας
3027 2058 3109 2110 δτι
3147 2055 3271 2108 οὐδὲ
3323 2052 3538 2123 ἐμαυτὸν
3561 2049 3679 2114 αὐτὸς

2165 2151 2487 2218 ἀνακρίνειν
2519 2151 2646 2219 ἔχω,
2688 2150 2827 2218 ὅπερ
2857 2149 2975 2201 ἐστὶ
3010 2148 3272 2217 μέγιστον
3305 2145 3395 2197 καὶ
3415 2141 3680 2211 ἀπαράγρα-

2167 2256 2300 2293 πτον
2341 2239 2544 2309 ἀρετῆς
2581 2238 2908 2310 μαρτύριον,
2939 2239 3100 2306 εῐπερ
3124 2239 3268 2290 κατὰ
3297 2234 3532 2302 ἀληθειαν
3549 2231 3680 2292 οὐδεὶς

2165 2325 2272 2382 οἶδε
2301 2331 2371 2381 τὰ
2397 2329 2493 2382 τοῦ
2535 2327 2846 2400 ἀνθρώπου,
2882 2329 2930 2380 ει
2961 2332 3034 2397 μὴ
3089 2327 3150 2378 τὸ
3182 2324 3396 2394 πνεῦμα
3422 2324 3476 2376 τὸ
3497 2322 3679 2375 ἐνοικοῦν

2167 2419 2338 2489 αὐτῷ.
2396 2420 2539 2473 Ἀλλ’
2593 2422 2641 2472 el
2698 2420 2792 2473 καὶ
2834 2419 3011 2472 ταῦτα
3071 2417 3192 2470 ἐστι
3249 2433 3359 2486 μοι,
3403 2415 3566 2484 φησὶν,
3609 2413 3680 2466 οὐκ

2169 2511 2809 2582 ἑντούτῳδεδικαίωμαι.
2871 2511 2993 2562 Ἔτι
3049 2511 3161 2578 γὰρ
3197 2507 3290 2560 τοῦ
3337 2506 3502 2558 κοινοῦ
3539 2503 3680 2573 κριτοῦ

2167 2604 2381 2675 δέομαι,
2424 2606 2634 2658 ἐκείνου
2665 2605 2724 2657 δὲ
2757 2607 2923 2674 μήπω
2960 2603 3144 2670 πάσης
3182 2602 3406 2670 ἀφέντος
3436 2599 3611 2659 αἰτίας,
3638 2600 3678 2648 ὲν

2168 2697 2339 2764 ἀγῶνι
2371 2699 2464 2750 καὶ
2483 2699 2541 2750 ὲν
2559 2699 2835 2767 eoseum
2855 2696 2930 2758 ὡς
2951 2696 3116 2765 μήπω
3136 2692 3552 2762 δεδικαιωμένος.
3575 2688 3678 2741 Ἀλλ’

2168 2788 2290 2840 οὐδὲ
2336 2787 2427 2840 διὰ
2462 2788 2620 2841 τοῦτο
2655 2789 2932 2858 προσῆκεν
2976 2788 3122 2857 ὑμᾶς
3156 2786 3285 2845 τοὺς
3324 2781 3680 2851 ὑποδεχομένους

2169 2880 2229 2932 τὸ
2269 2881 2552 2950 κήρυγμα,
2583 2878 2898 2948 ἀμφιϐόλως
2921 2878 3065 2949 ἔχειν
3090 2877 3225 2948 περὶ
3250 2877 3410 2944 suem
3428 2874 3602 2944 κρίνειν
3615 2868 3679 2922 καὶ

2169 2971 2482 3040 ἀνακρίνειν
2533 2970 2902 3041 κατατολμᾷν,
2927 2971 3018 3022 καὶ
3043 2971 3070 3022 ὃ
3096 2972 3263 3037 μόνου
3305 2969 3414 3022 ἐστὶ
3445 2965 3525 3018 τοῦ
3546 2958 3678 3015 κοινοῦ

2170 3059 2382 3130 κριτοῦ,
2415 3061 2495 3122 εἰς
2514 3060 2672 3113 τοῦτο
2705 3060 2932 3122 ἑαυτοὺς
2975 3057 3433 3128 ἀναισθητοῦντας
3457 3052 3676 3110 συνωθεῖν.

2171 3152 2378 3204 καὶτὸν
2411 3153 2604 3223 καιρὸν
2655 3153 2868 3215 ἑαυτοῖς
2917 3151 3302 3223 προαρπάζειν
3343 3151 3438 3219 τῆς
3472 3148 3676 3218 κρίσεως.

2166 3247 2226 3298 Et
2255 3245 2310 3298 δὲ
2339 3246 2418 3304 τὸ.
2455 3245 2717 3312 Ζητεῖτε,
2756 3243 2833 3307 ὡς
2860 3245 3269 3315 προστακτικὸν
3297 3242 3540 3311 ὲκληςρθῇ.
3580 3239 3606 3308 ἦ
3635 3253 3675 3290 τε

2167 3337 2467 3406 σύμφασις,
2496 3336 2572 3399 ὡς
2601 3336 2781 3406 δῆλον,
2810 3337 2964 3389 οὐδὲν
3009 3336 3224 3402 ἀσαφὲς
3253 3335 3382 3399 ἕξει,
3435 3331 3516 3384 καὶ
3539 3333 3560 3382 ό
3586 3326 3675 3388 νοῦς

2164 3430 2474 3500 πρόχειρος.
2509 3446 2528 3479 ι
2555 3428 2714 3497 Ἐμοὶ
2756 3427 2814 3480 δὲ
2848 3430 2927 3491 εἰς
2951 3426 3238 3495 ἐλάχιστόν
3272 3427 3431 3477 ἐστιν.
3471 3442 3486 3472 ι
3511 3421 3604 3474 Ἵνα
3623 3417 3676 3486 μὴ

2163 3522 2229 3574 ἐκ
2266 3522 2366 3589 τῆς
2414 3519 2744 3589 προφάσεως
2796 3520 3002 3590 ταύτης
3033 3521 3126 3572 καὶ
3167 3518 3331 3570 αὐτὸν
3387 3515 3588 3584 μέλλωσι
3611 3511 3676 3561 τὸν

2164 3611 2378 3668 Παῦλον
2408 3615 2466 3665 ἐν
2499 3613 2790 3682 ἀμφιϐόλῳ
2813 3612 2983 3682 ἔχειν,
3024 3613 3073 3663 εἰ
3109 3611 3306 3670 πιστός
3341 3611 3477 3662 ἐστιν
3519 3604 3674 3658 οξκονό·

2165 3721 2261 3775 μος
2291 3702 2428 3773 ἦοῦ,
2455 3705 2594 3774 ὅπερ
2625 3703 2772 3756 ἐστὶν
2799 3701 3084 3772 ἀνατροπὴ
3113 3702 3216 3771 τῆς
3265 3700 3490 3760 πίστεως
3521 3694 3673 3757 αὐτῶν.

2161 3797 2220 3849 τὸ
2250 3796 2414 3849 αὑτοῦ
2445 3795 2806 3864 ἁσφαλξζεται
2849 3795 3161 3864 πρόσωπον,
3190 3793 3385 3858 λέγων,
3412 3809 3429 3842 ι
3464 3787 3672 3852 ’Δνάξιονι

2162 3888 2349 3958 φησὶν,
2377 3889 2638 3958 ἡγοῦμαι,
2664 3888 2724 3940 τὸ
2754 3888 2859 3940 ὑπό
2879 3904 3024 3948 τινος
3073 3886 3478 3957 ἀνακρινεσθαι.
3509 3901 3526 3931 ι
3549 3878 3674 3933 Τοῦτο

2159 3979 2238 4042 δὲ,
2270 3981 2331 4032 ού
2368 3980 2506 4049 μέγα
2533 3979 2746 4050 φρονῶν
2777 3978 2945 4047 λέγει,
2979 3978 3114 4041 ἀλλ’,
3153 3977 3231 4039 ὡς
3275 3972 3442 4040 εἶπον,
3480 3967 3674 4027 δεδοικὼς

2165 4071 2238 4140 μὴ
2274 4071 2576 4141 ἀμφίϐολον
2620 4074 2805 4136 αὐτοῖς
2849 4074 2949 4143 τὴν
2995 4073 3180 4126 πίστιν
3237 4074 3453 4142 ποιήσῃ.
3487 4069 3573 4121 ιἪ
3601 4065 3674 4116 ὐπῦ

2159 4162 2527 4232 ἀνθρωπίνης.
2563 4182 2582 4214 ι
2605 4163 2776 4216 Τοῦτο
2803 4164 3083 4232 προσθεὶς,
3116 4145 3342 4228 ἔδειξεν,
3373 4164 3449 4216 ὅτι
3471 4159 3536 4213 Ού
3558 4157 3674 4228 μόνον

2159 4255 2293 4323 παρ’
2337 4253 2491 4322 ὑμῶν
2523 4254 2623 4307 ούκ
2663 4254 2799 4320 ἀξιῶ
2823 4255 3215 4325 ἀνακρίνεσϐαι
3263 4255 3316 4325 (ἢ
3342 4255 3446 4323 γὰρ
3472 4254 3529 4305 ἄν
3563 4250 3672 4300 εὐτε·

2158 4343 2305 4406 λείας
2323 4342 2390 4415 ἦν
2411 4347 2726 4416 αὑτῷ),ἀλλ’
2753 4348 2872 4399 οὐδὲ
2900 4349 3032 4418 παρ’
3055 4347 3237 4402 ἄλλου.
3271 4350 3314 4400 Τ
3315 4348 3436 4400 ούτο
3449 4345 3591 4410 δηλοῖ.
3613 4338 3672 4401 τδν

2159 4437 2272 4488 ἁλλ’
2298 4437 2420 4490 οὐδὲ
2444 4438 2551 4491 ὑπὸ
2579 4439 2926 4508 ἀνθρωπίνης
2949 4440 3186 4510 ἡμέρας.
3221 4460 3240 4491 «
3269 4439 3405 4492 Ἀλλ’
3425 4437 3530 4490 οὐδὲ
3549 4439 3672 4499 ἐμαυ-

479 4543 498 4578 «
527 4527 641 4579 Aut
669 4526 738 4579 ab
774 4527 1013 4579 humano
1043 4526 1152 4580 die.
1197 4544 1216 4575 ι
1249 4525 1362 4579 Hoc
1390 4525 1597 4578 addens
1624 4523 1867 4578 ostendit
1905 4523 2053 4592 quod

2164 4529 2250 4581 τὸν
2275 4530 2572 4600 ἀνακρίνω.
2596 4550 2614 4581 ι
2652 4532 2965 4592 Τουτέστιν,
2988 4533 3108 4584 οὐδὲ
3127 4533 3332 4584 ἑαυτὸν
3359 4532 3532 4600 ἀρκεῖν
3566 4525 3672 4587 λέγει

473 4614 593 4673 Νοιι
630 4633 661 4672 a
697 4618 855 4673 vobis
885 4626 1121 4679 tantum,
1157 4615 1356 4684 inquit,
1401 4617 1532 4669 nolo
1559 4616 1798 4687 iudicari
1829 4614 2059 4688 (alioqui

474 4708 577 4763 hoc
623 4710 689 4763 ad
730 4719 1110 4779 contemptum
1164 4708 1268 4776 ipsi
1311 4707 1576 4773 cederet),
1627 4708 1722 4761 sed
1764 4722 1942 4776 neque
1987 4706 2058 4760 ab

470 4796 620 4849 alio:
655 4813 780 4850 nam
831 4798 937 4851 hoc
981 4795 1257 4866 significat
1289 4797 1434 4864 quod
1477 4796 1636 4849 addit
1663 4813 1680 4846 ι
1719 4796 1829 4848 Aut
1853 4796 1922 4848 ab
1952 4796 2058 4849 hu-

470 4902 632 4940 mano
662 4889 774 4943 die.
805 4909 822 4938 ι
859 4917 927 4928 --
953 4908 969 4938 ι
1006 4887 1116 4943 Sed
1148 4902 1251 4941 nec
1289 4888 1559 4957 meipsum
1587 4887 1854 4957 diiudico.
1890 4906 1909 4939 ›
1939 4887 2056 4942 Hoc

468 4986 573 5040 est,
601 4980 750 5046 quod
791 4994 894 5034 nec
934 4980 1177 5050 seipsum
1212 4979 1350 5034 dicit
1385 4981 1637 5034 sufﬁcere
1678 4979 1747 5034 ad
1791 4991 2046 5034 exactum

466 5070 787 5140 huiusmodi
806 5072 1078 5142 iudicium
1110 5090 1124 5126 :
1161 5074 1423 5141 quoniam
1471 5073 1718 5128 «Nullius
1746 5073 1881 5127 mihi
1919 5089 2050 5128 con-

466 5162 616 5217 scius
640 5176 782 5227 sum,
813 5163 909 5217 sed
943 5179 1052 5218 non
1084 5161 1156 5218 ob
1185 5165 1240 5218 id
1267 5165 1604 5236 iustiﬁcatus
1630 5181 1806 5220 sum.»
1833 5164 1915 5220 Ne.
1934 5167 2050 5236 jac-

468 5255 658 5310 tantiw
682 5257 855 5309 ducas
879 5271 1001 5310 esse
1029 5258 1174 5325 quod
1197 5257 1408 5313 dictum
1436 5268 1541 5323 est,
1568 5259 1850 5330 subiungit
1873 5277 1885 5312 :
1912 5259 2050 5315 «Sed

2160 4621 2295 4692 πρὸς
2319 4623 2420 4692 τὴν
2439 4625 2699 4693 τοιαύτην
2715 4627 2812 4690 τῆς
2842 4626 3078 4694 κρῐσεως
3101 4624 3408 4694 ἀκρίϐειαν,
3432 4621 3538 4672 ἐπεὶ
3563 4609 3674 4676 Μηδὲ

2158 4709 2374 4764 σύνοιδά
2402 4729 2455 4764 τι
2489 4715 2714 4783 ἐμαυτῴ
2738 4731 2752 4744 ο
2780 4715 2897 4767 ἀλλ’
2925 4717 3028 4767 οὐκ
3059 4719 3115 4768 ὲν
3148 4717 3324 4784 τούτῳ
3353 4713 3671 4772 δεδικαίωμαι.

2159 4803 2274 4856 Ἵνα
2305 4807 2379 4874 μὴ
2397 4805 2625 4878 νομίσῃς
2661 4809 2982 4877 καυχήσεως
3015 4805 3150 4860 εἶναι
3195 4807 3255 4859 τὸ
3290 4805 3572 4874 εἰρημένον,
3603 4801 3673 4848 ἐπ-

2143 4895 2303 4960 άγει·
2320 4896 2488 4948 «Ἀλλ’
2509 4898 2679 4950 οὑκὲν
2696 4900 2868 4967 τούτῳ
2889 4897 3265 4966 δεδικαίωμαι.
3281 4897 3416 4949 »Οὐκ
3439 4884 3670 4964 ἔχω,φησῖι

2159 4988 2494 5056 τὸάσφαλὲς,
2511 4991 2556 5040 ει
2583 4991 2656 5058 μὴ
2678 4989 2849 5054 όΘεός
2875 5007 2942 5061 με
2960 4991 3260 5045 δικαιώσει.
3289 4990 3465 5056 Τίγαρ
3490 4985 3673 5051 sibi“?

2158 5097 2250 5132 τον
2278 5097 2292 5144 ;
2330 5081 2403 5150 μὴ
2430 5081 2558 5151 ὑμῖν
2590 5083 2816 5150 ἐνόμισα
2864 5085 3248 5154 ἡμαρτηκέναι
3280 5100 3294 5148 ;
3321 5083 3474 5135 Ὅθεν
3500 5077 3667 5137 mare“

2166 5189 2184 5223 ι
2211 5170 2269 5224 ’0
2313 5174 2516 5244 κρίνων
2571 5188 2660 5243 με,
2693 5176 2857 5243 φησὶ,
2892 5176 3098 5246 Κύριός
3143 5179 3312 5228 ἐστιν.
3337 5193 3356 5224 ι
3417 5173 3470 5223 '0
3511 5161 3669 5234 ἀληθὴς

2160 5261 2374 5332 κριτής.
2437 5267 2442 5270 ’

466 5364 578 5403 non
613 5348 684 5404 ob
720 5348 773 5401 id
801 5347 1140 5419 iustiﬁcatus
1170 5365 1314 5404 sum.
1356 5369 1374 5402 ι
1421 5351 1539 5406 Non
1569 5367 1816 5422 possum,
1848 5353 2045 5422 inquit,
2088 5367 2320 5407 securus
2351 5369 2473 5408 esse
2493 5355 2603 5409 nisi
2639 5355 2785 5410 Dens
2809 5355 3311 5424 meiustiflcaverit.
3381 5352 3510 5421 Quid
3557 5346 3668 5402 enim

469 5441 516 5495 si
549 5437 875 5508 peecarem?
904 5453 1035 5492 nqu
1059 5439 1216 5495 vobis
1249 5455 1504 5510 peccasse
1563 5443 1907 5499 arbitrarer?
1945 5443 2100 5499 Unde
2140 5444 2421 5516 subiungit
2449 5461 2463 5500 :
2502 5463 2520 5498 «
2551 5445 2654 5513 Qui
2677 5447 2943 5519 diiudicat
2966 5464 3054 5504 me
3079 5449 3342 5505 Dominus
3370 5455 3467 5502 est.
3491 5461 3508 5494 ι
3535 5440 3668 5498 Verul

463 5546 663 5600 nempe
688 5531 878 5604 iudex.

1629 5635 1665 5654 ,..

534 5713 626 5778 IV,
664 5716 716 5772 5.
761 5717 952 5792 Itaque
980 5736 1045 5774 ne
1079 5729 1202 5775 ante
1237 5731 1438 5794 tempus
1466 5723 1755 5795 quidquam
1775 5721 2042 5791 judiceﬂ'c,

2225 5718 2411 5775 Ὥστε
2435 5715 2521 5787 μὴ
2540 5717 2653 5787 πρὸ
2673 5719 2884 5787 καιροῦ
2918 5735 2972 5772 τι
2996 5717 3246 5787 κρίνετε,
3272 5713 3379 5778 ἕως
3413 5709 3485 5764 ἂν
3503 5705 3622 5766 ἔλθη
3639 5698 3664 5749 δ

464 5812 728 5883 tantisper
763 5814 890 5869 dum
933 5814 1108 5869 veniat
1149 5813 1432 5884 Dominus,
1469 5819 1558 5889 qui
1598 5816 1799 5870 occulta
1843 5828 2046 5885 quoque

2164 5815 2390 5882 Κύριος,
2425 5813 2492 5879 ὃς
2515 5814 2610 5866 καὶ
2637 5816 2883 5882 φωτίσει
2913 5811 2986 5866 τὰ
3016 5810 3248 5880 κρυπτὰ
3278 5805 3384 5863 τοῦ
3427 5802 3662 5858 σκότους,
