3872 6562
227 381 344 448 ωε

1189 387 1578 450 COMMENT.
1617 387 1702 452 IN
1735 387 1971 450 EPIST.
2011 388 2042 449 Ι
2078 389 2178 451 AD
2213 389 2577 455 CORINTH.

3388 397 3496 465 686

231 503 334 558 και
362 500 697 574 ,φανερώσει
727 504 835 572 τὰς
852 504 1089 572 ,ϐουλὰς
1112 505 1231 560 τῶν
1251 504 1532 577 καρδιῶν,
1559 507 1658 563 καὶ
1706 507 1788 561 τό·

1911 507 2201 566 illustrabit
2222 511 2558 566 tenebrarum
2584 520 2636 566 et
2659 515 2961 584 propalabit
2975 514 3193 570 consilia
3217 519 3453 574 cordium
3477 538 3490 574 :

227 609 298 651 ts
323 598 361 651 ό
380 595 632 664 ἔπαινος
655 597 973 668 γενήσεται
999 597 1120 653 ἀπὸ
1155 597 1324 653 Θεοῦ.

298 687 367 741 Ei
391 686 486 742 οὖν
512 689 608 742 καὶ
642 688 736 743 τὸν
792 689 958 761 μηδὲν
982 689 1162 761 ἑαυτῷ
1219 690 1500 745 συνειδότα
1531 693 1560 744 ό
1609 690 1811 763 Κύριος

223 777 433 849 κρίνει,
469 779 604 834 καθὸ
628 780 794 844 αὑτός
821 782 969 835 ἐστιν
996 783 1025 836 ό
1047 781 1217 846 ὅντως
1247 782 1342 836 καὶ
1364 782 1570 854 ἀληθὴς
1593 784 1808 853 κριτὴς,

220 874 281 928 τί
313 876 380 947 δή
416 893 550 931 ¹ιτοτε
583 878 743 949 ὑμεῖς
770 878 986 950 κρίνετε
1016 881 1146 947 τοὺς
1176 882 1443 952 ἀδελφοὺς
1468 883 1656 954 ὑμῶνς
1699 881 1808 938 Ἦν

221 967 340 1039 γὰρ
364 970 462 1024 καὶ
489 969 648 1023 τοῦτο
683 973 817 1043 παρ’
839 973 1025 1038 αὐτοῖς
1062 974 1128 1028 τὸ
1167 975 1397 1046 νόσημα,
1425 976 1454 1029 δ
1484 976 1578 1030 καὶ
1609 978 1807 1050 πειρᾶ·

218 1075 316 1113 ται
346 1059 660 1130 διορθῶσαι.

295 1153 503 1208 Ἄλλο.
534 1154 800 1224 Παραινεῖ
826 1158 902 1228 μὴ
923 1159 1210 1213 σπουδαῖον
1237 1160 1486 1230 ἡγεῖσθαι
1504 1162 1564 1216 τὸ
1579 1164 1804 1228 ἑαυτοὺς

214 1242 482 1308 ἐκδικεῖν,
501 1246 636 1315 μηδὲ
648 1247 708 1300 τὸ
721 1248 926 1318 κρίνειν
948 1252 1075 1315 τοὺς
1094 1253 1472 1323 ἡμαρτηκέναι
1489 1253 1803 1322 δοκοῦντας,

215 1329 361 1400 μηδὲ
393 1335 763 1404 ταράσσεσθαι
795 1340 908 1403 τοῖς
930 1340 1022 1392 ἐπὶ
1037 1341 1130 1394 τοῦ
1149 1341 1415 1410 παρόντος
1436 1344 1534 1406 τὰς
1555 1343 1664 1398 τῶν
1684 1345 1808 1414 θνη-

213 1420 328 1473 τῶν
347 1422 501 1493 δψεις
513 1425 976 1496 διαλανθάνουσιν,
998 1431 1230 1504 ἐπείπερ
1248 1432 1410 1496 αὐτὸς
1423 1435 1450 1486 ό
1468 1433 1670 1505 Κύριος
1687 1437 1804 1488 tm-

210 1511 376 1576 στὰς,
391 1512 501 1566 τῶν
517 1514 616 1584 μὲν
627 1517 861 1584 ἀσεϐῶν,
880 1521 1106 1587 φωτίσει
1126 1521 1191 1574 τὰ
1203 1523 1424 1593 κρυπτὰ
1438 1521 1532 1576 τοῦ
1556 1523 1803 1590 σκότους,

208 1604 329 1659 τῶν
353 1605 414 1660 δὲ
437 1608 678 1678 κοσμίων
706 1610 798 1663 καὶ
820 1610 1090 1666 θεοσεόῶν
1119 1613 1186 1667 δι’
1216 1613 1520 1668 ἐπιείκειαν
1546 1615 1640 1670 καὶ
1675 1615 1806 1668 ἰδιοο

209 1699 617 1770 πραγμοσύνην
650 1700 747 1753 καὶ
773 1700 1148 1758 λανθανόντων
1177 1705 1303 1768 τοὺς
1349 1705 1600 1773 πολλοὺς,
1635 1723 1802 1775 φανε-

208 1788 387 1859 ρώσει
415 1791 516 1855 τὰς
540 1792 742 1861 βουλὰς
779 1793 889 1847 τῶν
922 1795 1183 1867 καρδιῶν.
1214 1791 1311 1860 Οἷς
1341 1798 1438 1851 καὶ
1477 1798 1571 1852 τον
1612 1797 1800 1852 luat--

206 1898 330 1946 νον,
365 1883 521 1952 φησι,
553 1884 882 1955 γενήσεσθαι
911 1887 1016 1939 ἀπὸ
1045 1886 1138 1940 τοῦ
1164 1887 1323 1941 Θεοῦ.
1353 1906 1372 1940 ι
1413 1890 1509 1952 Ὃς
1547 1889 1641 1943 καὶ
1683 1906 1797 1958 φω-

204 1973 379 2029 τίσει.
407 1993 427 2026 s
469 1975 586 2038 Ὃς,
618 1976 774 2046 φησὶ.
827 1975 1134 2050 φανερώσει
1185 1978 1257 2032 τὰ
1280 1979 1340 2032 ὲν
1367 1981 1501 2051 ἡμῖν
1549 1981 1792 2050 κρυπτά.

203 2066 328 2122 Τοῦ
365 2067 592 2130 σκότους
621 2068 678 2122 δὲ
696 2069 846 2137 λέγει
871 2070 968 2134 τὰς
997 2070 1366 2136 λανθανούσας
1394 2073 1638 2144 πονηρὰς
1665 2073 1799 2143 πρά-

208 2157 354 2223 ξεις.
402 2159 666 2226 Πολλάκις
705 2163 816 2234 γάρ
867 2181 949 2227 τις
977 2163 1118 2217 κατὰ
1148 2163 1211 2217 τὸ
1239 2163 1562 2234 φαινόμενον
1595 2163 1797 2232 ἀγαθόν

202 2266 261 2303 τι
295 2250 546 2323 πράττει,
579 2253 612 2324 η
639 2253 695 2307 δέ
747 2269 811 2321 γε
840 2253 1158 2324 προαιρεσις
1196 2253 1533 2310 λανθάνουσα
1561 2255 1794 2324 σφάλλε-

203 2357 328 2396 ται.
368 2359 387 2394 ι
425 2343 534 2396 Kal
564 2343 870 2416 φανερώσει
924 2345 1024 2406 τὰς
1064 2342 1261 2413 βουλὰς
1315 2343 1423 2398 τῶν
1478 2345 1787 2416 καρδιῶν.»

206 2431 408 2486 Πάντα
439 2432 547 2503 γὰρ
581 2437 710 2506 παρ’
738 2433 889 2506 αὐτῷ
930 2436 1114 2508 γυμνὰ
1158 2435 1254 2490 καὶ
1302 2437 1792 2507 τετραχηλισμένα,

203 2525 316 2577 καὶ
387 2524 541 2579 οὐδὲν
626 2529 968 2596 προσωπεῖον
1049 2527 1336 2592 εὐλαδειας
1425 2528 1627 2598 ὠφελεῖ
1703 2529 1795 2582 τὸν

207 2613 432 2683 ἕχοντα.
475 2633 494 2667 ι
537 2617 648 2670 Kal
676 2618 799 2672 τότε
827 2620 854 2672 ὁ
895 2619 1115 2683 ἔπαινος
1149 2621 1440 2689 γενήσεται
1468 2620 1577 2674 ἀπὸ
1595 2619 1784 2673 Θεοῦ.)

211 2703 343 2759 Ἐπὶ
371 2706 434 2760 τὸ
465 2706 840 2780 εὐφημότερον
885 2706 1070 2783 ἦλθεν.
1098 2711 1210 2766 Kal
1242 2712 1350 2783 γὰρ
1378 2705 1447 2782 ἦν
1497 2709 1789 2764 ἀκόλουθον

211 2800 417 2866 εἰπεῖν,
439 2800 574 2856 Τότε
599 2803 631 2872 ἡ
660 2803 902 2874 τιμωρίαι
933 2803 967 2875 ἢ
997 2806 1023 2858 ό
1050 2803 1292 2872 ἔπαινος,
1324 2803 1440 2860 ἀλλ’
1470 2805 1549 2869 εις
1573 2803 1632 2856 τὸ
1657 2820 1788 2874 χρη-

213 2892 341 2948 στὸν
369 2893 606 2949 ἀπέθετο
628 2895 719 2950 τὸν
739 2897 916 2965 λόγον.

1915 617 1978 654 αο
2002 609 2126 655 tunc
2157 601 2276 656 laus
2298 604 2397 658 erit
2425 622 2458 658 α
2486 603 2616 660 Deo.

1983 692 2141 758 Quod
2176 694 2222 748 si
2256 710 2384 749 eum
2415 711 2636 766 quoque
2661 697 2874 769 iudicat
2915 698 3184 753 Dominus
3229 699 3324 768 qui
3363 701 3493 755 nul-

1911 784 2020 839 lius
2055 785 2165 839 sibi
2203 787 2459 843 conscius
2487 797 2593 853 est,
2637 806 2705 844 eo
2736 791 2882 861 quod
2921 791 3040 861 ipse
3094 801 3280 848 rectus
3322 794 3393 847 sit
3430 810 3494 848 ac

1911 875 2289 944 verusjudex,
2323 892 2423 932 cur
2447 894 2786 948 vos,qua:so,
2818 881 3018 936 fratres
3039 893 3253 937 vestros
3279 883 3494 952 judica-

1912 963 2016 1019 tis?
2054 966 2189 1020 Nam
2240 976 2297 1022 et
2339 968 2431 1023 hic
2479 971 2706 1024 morbus
2761 975 2907 1040 apud
2961 973 3110 1042 ipsos
3147 982 3286 1034 erat,
3325 989 3488 1043 quem

1911 1057 2078 1113 etiam
2107 1059 2384 1129 corrigere
2415 1061 2632 1116 nititur.

1907 1181 1910 1184 -
1981 1151 2146 1223 m
2178 1151 2641 1210 Aliud.Admonet
2656 1171 2724 1210 ne
2742 1156 3032 1212 honestum
3051 1173 3172 1214 esse
3185 1160 3389 1214 ducant
3405 1175 3492 1216 se-

1908 1241 2063 1314 ipsos
2089 1244 2299 1309 ulcisci,
2333 1261 2512 1315 neque
2527 1247 2888 1316 eosjudicent
2917 1248 3010 1318 qui
3040 1265 3267 1318 peccare
3293 1250 3489 1304 viden-

1909 1345 2002 1391 tur
2029 1354 2042 1390 :
2069 1354 2248 1408 neque
2277 1339 2572 1394 turbentur
2595 1340 2666 1394 ob
2691 1335 2907 1410 ea'qua:
2937 1342 3041 1396 hoc
3067 1352 3312 1411 tempore
3338 1359 3486 1398 mor-

1909 1430 2103 1485 talium
2151 1432 2468 1501 aspectibus
2529 1434 2747 1488 occulta
2789 1443 2919 1488 sunt
2961 1451 2975 1486 :
3035 1436 3485 1504 quandoquidem

1905 1521 2173 1577 Dominus
2237 1523 2355 1592 ipse
2408 1523 2503 1592 qui
2554 1525 2814 1579 omnibus
2865 1526 3142 1594 pmsidet,
3187 1529 3483 1594 impiorum

1906 1614 2130 1683 quidem
2176 1617 2393 1670 occulta
2435 1617 2788 1671 tenebrarum
2835 1617 3134 1672 illustrabit
3163 1636 3174 1669 :
3203 1619 3480 1688 justorum

1905 1716 2036 1758 vero
2060 1703 2157 1771 qui
2203 1703 2259 1757 in
2300 1704 2509 1759 mundo
2545 1714 2696 1768 sunt,
2738 1706 2833 1775 qui
2866 1706 3038 1760 Deum
3087 1722 3184 1761 sua
3214 1707 3483 1763 modestia

1904 1809 1968 1848 ac
1997 1793 2268 1850 industria
2298 1797 2510 1861 colunt,
2543 1806 2600 1853 et
2625 1798 2786 1868 Vulgo
2813 1798 3195 1862 occulti-sunt,
3231 1801 3483 1870 propala-

1900 1886 1983 1940 bit
2019 1888 2249 1943 consilia
2282 1889 2534 1944 cordium
2569 1905 2582 1942 :
2616 1890 2820 1959 quibus
2863 1894 3031 1946 etiam
3061 1891 3279 1947 laudem
3324 1891 3481 1947 futu-

1901 1994 2019 2034 ram
2048 1994 2168 2034 esse
2191 1979 2327 2034 dicit
2353 1996 2382 2034 a
2405 1981 2534 2034 Deo.
2567 1999 2584 2030 ι
2609 1981 2713 2046 Qui
2739 1982 2953 2036 occulta
2979 1997 3201 2052 quoque
3234 1982 3480 2038 illustra-

1899 2069 1982 2124 bit
2008 2071 2382 2125 tenebrarum.
2423 2090 2440 2123 ι
2470 2070 2572 2138 Qui
2606 2071 3005 2137 manifestabit,
3040 2073 3241 2141 inquit,
3274 2089 3395 2142 quae
3422 2073 3480 2129 in

1899 2160 2059 2216 nobis
2089 2162 2406 2217 abscondita
2431 2172 2580 2217 sunt.
2609 2163 2889 2218 Tenebras
2918 2178 3049 2218 vero
3081 2163 3214 2220 dicit
3246 2166 3478 2221 latentes

1897 2267 2096 2320 pravas
2121 2251 2384 2306 actiones.
2413 2252 2754 2322 Frequenter
2784 2254 2934 2308 enim
2964 2254 3236 2323 quispiam
3269 2255 3474 2311 bonum

1898 2342 2123 2411 aliquod
2154 2353 2420 2412 quantum
2456 2345 2525 2398 ad
2557 2346 2936 2414 apparentiam
2970 2357 3252 2416 operatur,
3281 2358 3338 2402 at
3375 2364 3475 2403 vo-

1896 2431 2079 2486 luntas
2109 2448 2229 2502 quae
2253 2433 2407 2500 latet,
2443 2449 2636 2490 errare
2663 2435 3033 2490 convincitur.
3070 2455 3088 2486 ι
3123 2436 3192 2491 Ει
3223 2438 3476 2508 propala~

1898 2523 1979 2578 bit
2023 2525 2252 2579 consilia
2293 2525 2566 2580 cordium.
2611 2546 2630 2578 ι
2673 2527 2870 2581 Omnia
2915 2527 3065 2582 enim
3111 2543 3296 2582 coram
3351 2531 3473 2598 ipso

1895 2617 2043 2672 nuda
2075 2626 2203 2672 sunt
2229 2627 2284 2674 et
2305 2620 2582 2688 aperta",
2623 2619 2946 2689 nullumque
2993 2620 3280 2690 religionis
3320 2622 3468 2676 vela-

1895 2719 2140 2764 mentum
2174 2713 2368 2781 juvare
2420 2719 2603 2782 potest
2651 2712 2967 2766 habentem.
3011 2731 3029 2764 ι
3061 2713 3141 2768 Ac
3181 2723 3313 2768 tunc
3351 2717 3473 2770 laus

1893 2801 2000 2856 erit
2025 2818 2054 2854 a
2087 2802 2219 2856 Deo.
2247 2822 2264 2854 ι
2288 2803 2366 2857 Ad
2395 2803 2449 2857 id
2477 2804 2624 2873 quod
2659 2803 2832 2874 magis
2860 2803 3102 2858 faustum
3129 2813 3214 2858 est
3240 2805 3472 2860 descen-

1893 2893 1992 2947 dit.
2036 2892 2318 2964 Siquidem
2361 2909 2707 2965 consequens
2747 2897 2919 2966 magis
2955 2905 3166 2951 eratut
3212 2897 3467 2952 diceret:

1893 2981 2048 3035 Tunc
2093 2981 2425 3051 supplicium
2469 2983 2598 3047 erit,
2637 2999 2801 3051 quam
2848 2985 3000 3050 laus;
3052 2999 3245 3038 verum
3293 2987 3361 3040 ad
3410 2985 3469 3042 id

1891 3073 2037 3142 quod
2067 3073 2418 3128 commodum
2449 3082 2533 3128 est
2562 3073 2782 3128 deﬂexit
2811 3090 3142 3130 sermonem.

287 3154 481 3210 Ταῦτα
496 3153 584 3222 δὲ,
615 3155 891 3226 ἀδελφοὶ,
907 3157 1399 3228 μετεσχημάτισα
1418 3160 1505 3225 εἰς
1528 3157 1788 3229 ἐμαυτὸν

1964 3163 2050 3226 IV,
2073 3163 2123 3218 6.
2159 3163 2281 3218 Herc
2311 3172 2508 3229 autem,
2539 3147 2751 3233 fratres.
2769 3180 2861 3232 per
2885 3164 3385 3236 ﬁguramtranstuli
3411 3168 3467 3222 in

213 3246 314 3299 καὶ
357 3246 626 3302 Ἀπολλώ
644 3247 720 3302 δι’
741 3248 918 3320 ὑμᾶς,
951 3251 1051 3304 ἵνα
1072 3252 1141 3305 ἑν
1173 3251 1318 3322 ἡμῖν
1333 3251 1582 3320 μάθητε,
1601 3251 1666 3304 τὸ
1700 3248 1786 3319 μὴ

1895 3256 2146 3323 mcipsum
2164 3264 2210 3306 et
2227 3253 2414 3322 Apollo
2433 3263 2644 3326 propter
2663 3271 2771 3319 vos,
2796 3257 2923 3309 utin
2945 3256 3086 3310 nobis
3102 3257 3339 3318 discetis,
3361 3273 3466 3312 non

212 3338 365 3408 ὑπὲρ
387 3339 419 3393 ὃ
450 3339 771 3410 γέγραπται
799 3341 1066 3412 φρονεῖν,
1096 3343 1196 3397 ἵνα
1221 3343 1306 3412 μὴ
1349 3336 1437 3410 εἷς
1481 3341 1634 3410 ὑπὲρ
1682 3340 1788 3394 τοῦ

198 3429 350 3498 ἐνὸς
372 3431 714 3500 φυσιοῦσθε
731 3435 886 3490 κατὰ
920 3433 1026 3489 τοῦ
1050 3434 1280 3503 ἐτέρου.

276 3522 508 3597 [ΦΩΤ.]
547 3525 698 3578 Διατί
745 3526 890 3596 ὑμᾶς
926 3527 1375 3597 μετεσχημάτισα
1414 3529 1496 3593 εἰς
1550 3531 1788 3601 ἐμαυτὸν

197 3619 303 3672 καὶ
341 3616 624 3682 ’Δπολλῶς
678 3618 756 3670 Δι’
789 3617 954 3687 ὑμᾶς,
1006 3637 1025 3670 ι
1074 3620 1260 3690 φησὶν,
1318 3617 1404 3672 ἵνα
1463 3621 1540 3692 μὴ
1579 3623 1789 3677 ἀνιάσω

197 3711 378 3780 ὑμᾶς,
398 3709 657 3780 ὀνομαστὶ
686 3709 1119 3781 καθαπτόμενος.
1157 3709 1516 3781 Διορθοῦσθαι
1549 3715 1648 3784 μὲν
1677 3715 1786 3786 γὰρ

197 3800 488 3865 ἔσπευδεν,
529 3800 686 3871 ἀνιᾷν
713 3801 771 3854 δὲ
796 3801 1142 3870 ἐφυλάττετο.
1178 3802 1277 3856 Διά
1305 3804 1360 3858 δὲ
1391 3804 1486 3859 τοῦ
1507 3822 1785 3880 μετασχη-

200 3891 510 3964 ματισμοῠ,
541 3894 726 3962 φησὶν,
754 3893 1042 3964 ἀμφότερα
1077 3897 1207 3964 ὑμῖν
1246 3895 1590 3967 βουλομένοις
1607 3898 1784 3965 ἔσται,

196 3984 302 4040 καὶ
331 3984 393 4038 τδ
425 3983 804 4055 διορθωθῆναι,
839 3986 932 4038 καὶ
953 3986 1014 4038 τὸ
1051 3986 1384 4056 ἀλυπότερον
1407 3988 1635 4043 ἀκοῦσαι
1677 3989 1786 4044 τῶν

193 4077 301 4132 ἐπὶ
337 4078 406 4148 τῇ
438 4073 719 4146 διορθώσει
752 4076 1021 4147 ἐλέγχων.
1050 4077 1260 4130 Ἐποίει
1285 4077 1340 4131 δὲ
1363 4079 1541 4144 τοῦτο,
1571 4079 1666 4133 καὶ
1699 4081 1785 4134 ἵνα

200 4166 284 4236 μὴ
308 4164 593 4237 ὡρισμένα
647 4167 918 4236 πρόσωπα
955 4164 1033 4237 τῷ
1084 4165 1294 4237 ἐλέγχῳ
1332 4165 1780 4235 καθυποόάλλων,

194 4257 331 4328 δῦξῃ
372 4255 812 4332 ἀνθρωπίνῃτινὶ
843 4257 1191 4330 προσπαθείᾳ
1226 4258 1258 4327 ἢ
1287 4259 1630 4330 άντιπαθείᾳ,
1657 4260 1782 4323 τοὺς

200 4349 309 4419 μὲν
346 4349 462 4418 ἐᾷν,
494 4347 602 4400 τῶν
631 4347 687 4402 δὲ
738 4348 1115 4420 κατατρέχειν.
1143 4348 1352 4413 Ἀλλως
1383 4366 1441 4402 τε
1471 4347 1547 4413 δὲ,
1582 4348 1674 4402 καὶ
1698 4350 1784 4404 ἴνα

1888 3362 2051 3416 supra
2083 3347 2138 3399 id
2178 3347 2316 3416 quod
2335 3347 2590 3416 scriptum
2625 3357 2699 3400 est
2733 3347 2797 3400 de
2827 3348 2966 3401 vobis
3000 3349 3231 3408 sentire;
3267 3364 3358 3400 nec
3383 3350 3469 3402 hic

1889 3441 2060 3505 istius,
2074 3439 2328 3511 illehujus
2344 3441 2552 3493 nomine
2567 3441 2845 3510 inﬂemini,
2861 3439 2998 3493 alius
3013 3440 3260 3493 adversus
3274 3439 3463 3494 alium.

1951 3521 2141 3597 Quare
2164 3547 2262 3586 vos
2285 3547 2383 3602 per
2409 3532 2636 3602 ﬁguram
2667 3532 2925 3587 transtuli
2958 3531 3012 3585 in
3033 3546 3118 3584 me
3149 3539 3203 3586 et
3233 3531 3466 3600 Apollo?

1896 3639 1917 3672 ι
1951 3621 2181 3691 Pr0pter
2211 3635 2326 3683 vos,
2358 3639 2376 3672 ι
2411 3620 2612 3690 inquit,
2638 3637 2708 3674 ne
2738 3635 2838 3674 vos
2866 3620 3252 3675 contristarem
3287 3619 3330 3674 si
3365 3635 3465 3674 no-

1888 3709 2140 3766 minatim
2179 3711 2558 3781 obiurgarem.
2598 3711 2820 3764 Etenim
2867 3710 3148 3779 corrigere
3185 3708 3463 3772 studebat,

1887 3811 1945 3857 at
1976 3817 2045 3857 ne
2075 3802 2456 3866 contristaret,
2476 3801 2826 3856 observabat.
2871 3801 2976 3856 Per
3015 3800 3300 3870 ﬁguralem
3332 3815 3463 3856 vero

1888 3894 2300 3949 translationem
2347 3902 2644 3963 utrumque
2689 3894 2992 3962 continget,
3045 3893 3247 3962 inquit,
3299 3894 3462 3950 modo

1887 3983 2194 4048 volueritis,
2257 3993 2317 4037 ut
2348 3994 2405 4038 et
2456 3983 2828 4052 corrigamini,
2868 3990 2924 4036 et
2967 3983 3176 4052 absque
3224 3998 3464 4038 maerore

1887 4077 2124 4132 audiatis
2173 4093 2294 4148 quae
2350 4093 2452 4147 ego
2507 4076 2574 4132 ad
2631 4077 3038 4130 correctionem
3088 4075 3458 4146 reprehendo.

1886 4165 2004 4222 Hoc
2033 4178 2214 4221 autem
2244 4165 2480 4220 faciebat
2509 4181 2578 4220 ne
2607 4165 2652 4219 si
2693 4163 2947 4218 deﬁnitas
2977 4179 3240 4233 personas
3270 4178 3461 4234 repre-

1888 4257 2154 4313 hensione
2199 4256 2530 4328 designaret,
2594 4255 2876 4310 videretur
2923 4254 3168 4307 humano
3218 4252 3458 4322 quodam

1887 4348 2086 4404 aﬂ'ectu
2109 4356 2205 4402 aut
2227 4347 2376 4411 odio,
2408 4347 2511 4402 bos
2538 4347 2760 4416 quidam
2785 4345 2988 4408 sinere,
3021 4343 3146 4399 illos
3176 4359 3306 4398 vero
3335 4359 3461 4414 per-

200 4441 284 4511 μὴ
325 4441 387 4492 ὲν
415 4441 481 4510 τῇ
507 4437 732 4512 τοιαύτῃ
759 4439 1050 4510 διακρίσει,
1087 4433 1162 4493 ὧν
1191 4441 1290 4510 μὲν
1324 4439 1628 4511 καθήψατο,
1656 4443 1780 4494 τούο

1895 4438 2174 4510 stringere.
2215 4439 2486 4494 Praeterea
2517 4453 2756 4506 quoque,
2799 4451 2868 4490 ne
2906 4433 3222 4506 hujusmodi
3254 4432 3456 4504 dijudi-

193 4550 329 4596 τους
362 4534 444 4596 εἰς
474 4532 778 4600 ἀπόγνωσιν
805 4531 1038 4602 ἐμϐάλῃ,
1057 4531 1090 4602 ἢ
1111 4533 1187 4594 εἰς
1212 4531 1378 4603 ὀργὴν
1418 4531 1514 4586 κα.)⁵
1549 4531 1780 4602 φιλονει-

198 4626 335 4680 κίαν
367 4623 590 4694 μείζονα
613 4617 901 4695 ἀνάψη,ὧν
923 4623 967 4677 δ’
983 4625 1078 4678 ἐπὶ
1091 4627 1204 4689 τοῖς
1229 4623 1470 4695 ἐλέγχοις
1487 4627 1586 4678 οὐκ
1608 4627 1778 4696 ἐμνή-

196 4719 328 4788 σθη,
365 4719 588 4780 τούτους
617 4716 787 4786 τύφου
821 4719 918 4771 καὶ
951 4719 1210 4782 ἀπονοίας
1263 4719 1464 4789 μᾶλλον
1497 4721 1773 4792 ἐμπλήσῃ.

193 4809 291 4861 Διὸ
323 4807 553 4868 εἰκότως
581 4805 639 4872 ἐξ
666 4807 926 4876 ὀνόματος
953 4808 1014 4860 οὐ
1050 4807 1356 4878 καθήψατο,
1392 4808 1506 4861 ἀλλ’
1536 4811 1615 4872 εἰς
1648 4811 1775 4864 ἐαυ-

190 4903 286 4954 τδν
314 4901 412 4953 καὶ
439 4897 683 4952 ’Δπολλὼ
713 4900 804 4953 τὸν
827 4899 1041 4969 ἔλεγχον
1078 4902 1588 4972 μετασχηματίσας,
1607 4901 1778 4954 καθα.

195 4993 300 5063 ραν
332 4993 430 5044 καὶ
464 4991 788 5061 εὐπρόσοδον
827 4991 926 5063 τὴν
979 4993 1293 5064 νουθέτησιν
1345 4993 1534 5064 κοινὴν
1572 4993 1776 5048 ἅπασιν

192 5082 518 5152 ἐποιήσατο.
565 5099 581 5130 ι
603 5082 680 5134 Δι’
713 5080 876 5150 ὑμᾶς.
907 5098 926 5130 ι
959 5081 1247 5134 Τουτέστιν
1277 5081 1362 5135 ἵνα
1395 5082 1468 5154 μὴ
1497 5085 1564 5134 τὰ
1611 5082 1776 5154 πρόσ-

193 5190 326 5226 ωπα
364 5172 559 5235 ὶδικῶς
607 5172 898 5235 ἀκούοντες
939 5171 1045 5226 τῶν
1101 5171 1440 5227 διδασκάλων
1496 5173 1772 5249 ὑμῶναμὴ

189 5263 425 5334 δέξησθε
457 5264 551 5316 τὸν
601 5262 779 5331 λόγιν.
815 5262 974 5318 «Ἵνα
1031 5264 1089 5316 ὲν
1132 5266 1265 5333 ἡμῖν
1301 5263 1528 5334 μάθητε.
1565 5283 1582 5316 ι
1629 5265 1775 5336 Πρὸς

191 5357 321 5418 τοὺς
376 5353 726 5416 διδασκάλους
753 5354 1112 5408 ἀποτείνεται.
1149 5355 1292 5420 Ἵνα,
1327 5355 1484 5428 φησὶ,
1527 5355 1616 5408 διὰ
1675 5354 1768 5409 τοῦ

190 5448 474 5519 ἡμετέρου
504 5447 796 5520 προσώπου
835 5447 1041 5520 μάθητε
1075 5451 1313 5520 φρονεῖν,
1344 5448 1525 5512 καθὼς
1569 5448 1771 5517 γέγρα-

193 5556 348 5595 πται.
376 5539 692 5610 Γέγραπται
712 5540 796 5594 δι’
848 5558 868 5592 ι
888 5539 950 5593 Ὀ
979 5538 1152 5593 θέλων
1175 5536 1312 5594 εἶναι
1358 5540 1595 5612 πρῶτος,
1632 5539 1772 5593 εστω

193 5633 421 5690 πάντων
435 5629 684 5704 ἔσχατος.
699 5632 950 5687 ι-ιἿνα
981 5634 1054 5705 μὴ
1076 5628 1158 5697 εἷς
1176 5633 1318 5704 ὑπὲρ
1336 5632 1429 5687 τοῦ
1450 5631 1619 5697 ἑνός.»
1644 5626 1770 5687 Οῖον

261 5811 312 5852 ’⁸
347 5810 519 5875 Παῦε.
543 5829 618 5884 tr,
654 5812 741 5869 l5.

1883 4533 2099 4588 catione
2133 4531 2235 4586 hos
2261 4529 2481 4600 quidem
2509 4530 2834 4599 corriperet,
2867 4528 2990 4582 illos
3012 4543 3144 4582 vero
3166 4527 3233 4581 ad
3261 4529 3460 4596 despe-

1883 4622 2152 4678 rationem
2181 4622 2456 4693 injiceret.
2489 4630 2585 4674 aut
2613 4619 2681 4674 ad
2715 4621 2874 4682 iram,
2917 4620 3289 4689 maioremque
3319 4632 3454 4671 con-

1881 4715 2185 4770 tentionem
2209 4715 2515 4770 excitaret:
2552 4729 2789 4785 quorum
2823 4728 2956 4766 vero
2985 4712 3038 4764 in
3073 4709 3459 4781 reprehensio-

1881 4806 2047 4860 nibus
2073 4821 2183 4860 non
2217 4804 2580 4866 meminisset,
2615 4803 2718 4856 bos
2745 4811 2958 4856 tumore
2996 4803 3180 4870 potius
3206 4807 3262 4854 et
3301 4815 3455 4853 arro-

1881 4897 2064 4968 gantia
2097 4897 2372 4965 impleret.
2401 4895 2748 4965 ldeojustam
2777 4892 2848 4947 ob
2882 4907 3101 4946 causam
3131 4890 3452 4945 nominatim

1882 5003 1990 5044 non
2013 4989 2352 5059 objurgavit:
2375 4987 2468 5040 sed
2493 4986 2756 5039 translata
2782 4983 3157 5055 ﬁguraliterin
3183 4983 3451 5053 seipsum,

1879 5088 1935 5134 et
1974 5080 2170 5149 Apollo
2197 5076 2571 5139 accusatione,
2607 5075 2772 5147 450
2805 5089 3156 5130 communem
3201 5073 3456 5128 admoni-

1881 5170 2088 5225 tionem
2115 5169 2322 5224 nudam
2341 5183 2406 5223 ac
2433 5167 2648 5222 facilem
2676 5167 2936 5222 omnibus
2967 5167 3198 5221 reddit.t
3228 5167 3455 5234 Pr0pter

1878 5277 1998 5316 vos.
2037 5279 2055 5313 ι
2096 5261 2210 5317 Hoc
2233 5269 2339 5322 est.
2375 5259 2660 5330 speciatim
2703 5269 3104 5330 praceptorum
3142 5266 3452 5314 vestrorum

1879 5369 2144 5425 personas
2192 5353 2500 5417 audientes,
2542 5353 2905 5424 despiceretis
2947 5364 3283 5406 sermonem.
3317 5365 3338 5401 ι
3381 5345 3452 5404 Ut

1878 5447 1934 5502 in
1968 5447 2131 5501 nobis
2168 5445 2416 5501 discetis.
2463 5463 2483 5498 ι
2515 5444 2594 5502 Ad
2632 5455 3002 5517 praeceptores
3035 5441 3294 5511 dirigitur
3330 5455 3344 5491 :
3390 5448 3452 5493 ut

1877 5554 1978 5613 per
2007 5551 2244 5607 nostras,
2267 5539 2469 5611 inquit,
2497 5549 2763 5612 personas
2790 5537 3014 5592 discatis
3033 5536 3102 5592 de
3129 5533 3286 5589 vobis
3319 5547 3443 5587 sen-

1880 5633 1988 5690 tire
2032 5634 2211 5707 juxta
2233 5633 2290 5690 id
2323 5631 2472 5707 quod
2515 5631 2782 5706 scriptum
2817 5638 2922 5688 est.
2961 5629 3058 5686 Est
3092 5635 3275 5720 autem
3309 5623 3445 5681 sori-
