3872 6566
437 372 546 437 631
1495 369 1899 431 (ECUMENII
1936 370 2226 431 TRICCJE
2260 371 2607 433 EPISCOPI
3536 383 3623 448 εδδ

429 508 585 565 ptum
615 508 630 548 :
661 509 681 544 ι
704 489 809 558 Qui
832 491 949 545 vult
986 504 1107 546 esse
1136 489 1372 560 primus,
1410 486 1482 543 sit
1513 487 1763 543 omnium
1805 492 1958 558 poStr

2096 541 2097 548 η
2130 487 2378 559 μαθητὴς
2409 489 2551 561 ὑπὲρ
2579 490 2929 546 διδασκάλου.
2978 508 2998 541 ι
3019 489 3326 545 Φυσιοῦσδε.
3361 510 3379 543 ι
3418 493 3534 558 τοὺς
3564 496 3625 550 δι-

434 600 556 639 mus
572 584 663 638 7".
678 602 696 635 ι
727 583 833 638 «Ne
854 582 946 636 hic
965 582 1145 648 istius,
1161 581 1250 636 ille
1268 580 1671 651 hujusnomine
1694 578 1957 635 intlemini

2126 578 2428 645 δασκάλους
2443 583 2622 651 ἀφεὶς,
2648 583 2784 653 πρὸς
2804 582 2898 636 τὸν
2913 581 3041 638 λαὸν
3066 582 3411 638 ἀποτείνεται.
3437 588 3531 641 Καὶ
3541 589 3627 660 γὰρ

428 676 635 744 Nempe
670 673 927 744 discipuli
953 679 1352 743 praceptorum
1374 669 1655 725 nomineu
1679 667 1953 723 lnﬂemini

2122 674 2150 725 ό
2184 672 2313 733 λαὸς
2351 674 2491 744 ὑπὲρ
2524 676 2634 728 τῶν
2662 674 3001 729 διδασκάλων
3034 675 3173 745 μέγα
3200 676 3463 745 ἐφρόνουν.
3483 674 3630 731 Οῐονό

426 765 658 821 Relictis
701 774 886 821 autem
943 762 1267 818 doctoribus
1316 762 1383 818 ad
1438 761 1704 832 populum
1750 760 1955 831 dirigit:

2118 764 2268 817 τόνδε
2299 764 2437 835 ἔχων
2475 765 2794 822 διδάσκαλον
2835 767 2977 820 κατὰ
3020 765 3116 819 τοῦ
3163 766 3305 819 τόνδε
3342 766 3528 837 ἔχοντος
3556 786 3633 839 μα-

428 872 612 913 sermo
648 874 661 910 :
693 856 934 926 populus
969 870 1204 925 namque
1232 854 1305 910 ob
1335 862 1709 925 praceptores
1736 852 1957 908 eﬂ‘ereb:

2120 852 2307 923 θητοῦ,
2344 854 2636 923 ὲφυσιοῦτο
2669 857 2765 909 καὶ
2798 856 2943 927 μέγα
2964 854 3202 926 ἐφρόνει.
3232 855 3415 919 Καλῶς
3438 857 3489 909 δὲ
3530 858 3634 912 sint

428 958 519 1005 tur
552 955 676 1013 τω,
704 947 807 1017 qui
840 946 988 1001 hunc
1031 946 1236 1002 habeat
1277 954 1702 1017 praeceptorem,
1743 943 1957 1000 advers:

2126 942 2396 1013 φυσίωσιν
2432 945 2717 1010 ικάλεσεν,
2768 947 2936 1000 οῑονεὶ
2979 946 3185 1017 οῐδησιν
3235 946 3339 1000 ἀπὺ
3381 950 3636 1021 μεταφορᾶς

426 1038 761 1109 discipulum
789 1038 885 1108 qui
926 1038 1098 1093 alium
1129 1038 1329 1094 habeat
1358 1037 1766 1093 intumescebat
1798 1050 1864 1092 ac
1891 1035 1955 1106 gl4

2122 1031 2378 1103 σώματος
2400 1034 2739 1106 κακοχὺμου,
2772 1036 2806 1108 ἢ
2841 1034 3012 1091 κακὸν
3040 1035 3254 1106 πνεῦμα
3273 1034 3553 1105 δεξαμένου.

423 1132 690 1187 riabatur.
717 1132 866 1188 Bene
891 1140 1074 1187 autem
1109 1132 1241 1185 illud
1273 1131 1569 1201 appellavit
1595 1128 1935 1185 inﬂationem
1959 1132 2017 1182 et
2055 1124 2227 1181 veluti
2254 1134 2552 1194 tumorem,
2582 1142 2616 1183 a
2641 1128 2963 1198 metaphora
2988 1128 3239 1200 corporis
3289 1127 3430 1198 quod
3483 1143 3640 1199 pravos

425 1225 600 1297 gignit
630 1225 916 1291 humores,
942 1232 1038 1279 aut
1058 1238 1289 1294 pravum
1312 1222 1528 1293 accepit
1555 1221 1837 1292 spiritum.

499 1339 592 1405 IV,
627 1338 740 1394 7-8.
773 1336 903 1403 Quis
927 1338 1067 1392 enim
1092 1324 1474 1390 te'discernit?
1504 1334 1631 1405 quid
1654 1340 1832 1389 autem
1854 1332 2014 1388 habes

2202 1333 2299 1399 Τίς
2332 1331 2444 1403 γάρ
2487 1347 2562 1388 σε
2614 1333 2903 1403 διακρίνει
2930 1349 2949 1399 ;
2981 1335 3044 1390 Τί
3071 1332 3140 1388 δὲ
3184 1334 3339 1402 ἔχεις
3363 1333 3392 1387 ὃ
3414 1335 3511 1388 οὐκ
3535 1336 3641 1390 ἕλε’

426 1432 563 1503 quod
580 1448 685 1486 non
700 1429 1137 1501 accepisti?un
1160 1430 1204 1483 si
1217 1429 1376 1482 etiam
1397 1427 1660 1498 accepisti,
1674 1426 1801 1497 quid
1813 1425 1953 1496 glori

2125 1426 2223 1492 σες
2251 1442 2271 1490 ;
2299 1428 2351 1479 εἰ
2372 1425 2441 1479 δὲ
2466 1427 2564 1480 καὶ
2588 1426 2822 1495 ἔλαϐες,
2846 1428 2907 1482 τί
2936 1425 3240 1498 καυχᾶσαι
3264 1427 3342 1492 ὡς
3353 1425 3431 1496 μὴ
3450 1427 3639 1492 λαόὡντ

428 1524 501 1575 ris
523 1522 676 1592 quasi
694 1536 797 1574 non
816 1520 1097 1589 accepisses
1116 1519 1278 1573 Nam
1294 1519 1525 1572 saturati
1537 1519 1659 1572 estis
1679 1516 1841 1572 Nam
1859 1517 1957 1570 dite

2123 1519 2241 1587 ἤδη
2270 1520 2697 1590 κεκορεσμένοι
2712 1521 2894 1588 ἐστέ;
2916 1520 3033 1593 ἤδη
3055 1519 3484 1588 ἐπλουτήσατε;
3503 1519 3642 1591 χωρὶς

425 1616 549 1667 estis
576 1613 600 1666 ?
628 1612 754 1667 Sine
793 1612 939 1666 nobis
975 1628 1194 1682 regnum
1229 1612 1407 1683 adepti
1431 1613 1551 1665 estis
1572 1612 1598 1664 ?
1626 1620 1782 1682 atque
1808 1612 1954 1665 atina

2122 1609 2293 1680 ἡμῶν
2329 1612 2808 1676 ἐϐασιλεύσατες
2844 1613 2940 1665 καὶ
2969 1612 3194 1681 ὄφελόν
3217 1627 3282 1680 γε
3303 1611 3642 1669 ἐϐασιλεύσα-

425 1722 557 1761 sane
607 1705 784 1774 adepti
817 1705 952 1770 sitis,
987 1713 1041 1757 ut
1078 1712 1126 1757 et
1151 1720 1243 1758 nos
1275 1720 1381 1757 una
1418 1703 1676 1758 vobiscum
1719 1717 1954 1773 regnem

1936 1718 2013 1755 us.
2051 1703 2088 1710 '
2126 1720 2210 1768 τε,
2246 1706 2348 1758 ἵνα
2379 1704 2481 1759 καὶ
2507 1704 2677 1774 ἡμεῖς
2705 1704 2852 1774 ὑμῖν
2879 1705 3465 1774 συμϐασιλεύσωμεν.

496 1799 575 1852 Ac
621 1796 669 1851 si
708 1796 966 1852 diceret:
1007 1795 1143 1861 Quis
1183 1803 1237 1850 te
1274 1795 1545 1867 judicavit
1584 1805 1642 1851 et
1682 1795 2018 1865 approbavit

2175 1793 2323 1863 Οἷον,
2356 1797 2453 1861 Τίς
2483 1797 2707 1869 κέκρικέ
2729 1814 2787 1850 σε
2814 1797 2907 1851 καὶ
2930 1795 3304 1869 δεδοκίμακεν,
3326 1790 3370 1851 ὦ
3391 1796 3642 1867 διδάσκαλε,

427 1898 691 1959 tanquam
737 1887 901 1943 laude
951 1887 1202 1958 dignum,
1247 1904 1281 1943 ο
1330 1898 1637 1959 praeceptor
1675 1904 1742 1943 ac
1783 1889 1956 1943 docto

2120 1887 2272 1954 ἄξιον
2301 1887 2527 1942 ἐπαίνου
2562 1904 2576 1951 ;
2607 1888 2655 1940 oi
2683 1886 2964 1958 ἄνθρωποι
2992 1904 3008 1954 ;
3040 1886 3156 1940 ἀλλ’
3184 1887 3284 1941 οὐκ
3334 1874 3644 1959 ὀρθὴτούτων

423 1995 558 2034 num
583 1979 877 2035 homines?
906 1986 963 2035 at
986 1995 1100 2035 non
1127 1991 1340 2036 rectum
1368 1990 1454 2036 est
1485 1981 1704 2036 illorum
1720 1981 1952 2052 judiciui

2119 1986 2151 2052 ἡ
2188 1981 2389 2051 κρίσις.
2447 1999 2465 2031 ι
2489 1979 2555 2033 Τί
2602 1979 2658 2032 δὲ
2689 1979 2835 2050 ἔχεις
2857 1978 2885 2032 ὃ
2917 1981 3018 2033 οὐκ
3052 1978 3284 2045 ἔλαϐεςς
3323 1999 3340 2031 ι
3371 1980 3501 2033 Ἀλλ’
3532 1982 3643 2052 ἐρεῖς

434 2091 453 2123 ι
488 2071 634 2139 Quid
668 2081 853 2128 autem
883 2072 1058 2129 habes
1098 2074 1245 2143 quod
1283 2089 1392 2128 non
1421 2073 1725 2143 accepisti?
1756 2093 1773 2124 ι
1810 2074 1957 2130 Veru

2119 2076 2202 2129 ὅτι
2228 2073 2363 2144 ὀρθὴ
2388 2075 2421 2144 ή
2459 2073 2568 2127 τῶν
2598 2074 2667 2127 άν
2683 2072 2919 2140 Θρώπων
2942 2071 3036 2126 ἐπὶ
3066 2073 3149 2127 σοὶ
3177 2072 3372 2144 κρίσις,
3409 2076 3491 2126 καὶ
3515 2073 3644 2139 δντως

425 2164 577 2218 dices
617 2173 834 2219 rectum
882 2179 1005 2219 esse
1048 2164 1338 2219 hominum
1392 2166 1459 2221 de
1516 2173 1569 2219 te
1605 2165 1881 2237 judicium
1917 2182 1929 2218 :

2121 2166 2438 2234 ἀξιέπαινος
2465 2161 2517 2221 εἶ
2541 2166 2599 2220 ὲν
2627 2167 2693 2239 τῇ
2721 2164 3059 2238 διδασκαλίᾳ.
3094 2165 3249 2237 Μηδὲ
3294 2164 3455 2227 οὕτως
3500 2165 3644 2236 φρόνει

431 2270 562 2310 vere
586 2254 839 2311 fortassis
862 2256 1026 2311 laude
1060 2255 1261 2327 dignus
1292 2271 1351 2311 es
1382 2256 1454 2311 ob
1478 2254 1788 2311 doctrinam
1821 2273 1833 2308 :
1861 2265 1918 2311 at
1947 2273 1960 2311 1

2123 2256 2288 2330 μέγα.
2321 2259 2397 2313 οὐ
2426 2260 2536 2330 γάρ
2574 2260 2665 2313 σὺν
2694 2261 3029 2331 κατόρθωμα
3057 2259 3118 2313 τὸ
3146 2259 3396 2330 πρᾶγμα,
3424 2258 3541 2312 ἀλλὰ
3578 2257 3643 2312 δό-

434 2347 511 2402 ita
562 2347 787 2418 quidem
825 2348 1129 2402 extollaris.
1176 2349 1300 2403 Non
1348 2348 1498 2402 enim
1542 2355 1698 2403 tuum
1746 2363 1887 2419 opus
1935 2364 1963 2404 e

2124 2368 2206 2414 σις
2234 2350 2393 2405 Θεοῦ.
2437 2350 2497 2405 Ὀ
2523 2351 2580 2405 δὲ
2623 2350 3003 2423 καυχώμενος,
3041 2350 3264 2413 πάντως
3296 2351 3389 2420 οὐχ
3414 2351 3480 2413 ὡς
3506 2350 3644 2404 λαϐὼν

426 2440 631 2497 factum
668 2442 794 2507 hoc,
828 2443 921 2497 sed
960 2442 1055 2497 Dei
1088 2440 1291 2496 donum
1325 2456 1337 2493 :
1368 2441 1463 2511 qni
1507 2448 1690 2496 autem
1725 2442 1955 2512 gloriatu

2121 2444 2182 2497 τδ
2216 2445 2464 2514 χάρισμα
2493 2447 2791 2515 καυχᾶται,
2823 2444 2941 2497 ἀλλ’
2971 2440 3047 2506 ὡς
3081 2443 3141 2508 ἐξ
3164 2442 3374 2497 οἰκείων
3404 2442 3518 2496 αὐτὸ
3563 2443 3645 2495 πό-

425 2550 488 2589 ac
514 2550 635 2590 sese
663 2536 832 2606 jactat
862 2550 1211 2605 nequaquam
1246 2545 1305 2589 ut
1330 2534 1585 2604 qui'illud
1618 2533 1766 2589 dono
1804 2549 1954 2605 acee]

2123 2553 2229 2589 νων
2283 2553 2387 2607 κτη
2403 2546 2656 2607 σαμενος.
2706 2555 2723 2588 ι
2748 2537 2810 2589 Ei
2864 2536 2922 2590 δὲ
2954 2537 3047 2589 καὶ
3071 2535 3296 2599 ἔλαϐες,
3327 2533 3375 2587 τί
3404 2534 3643 2604 καυχᾶσαι,

428 2627 722 2697 gloriatur,
745 2626 842 2680 sed
871 2635 1132 2696 tanquam
1162 2626 1280 2681 suis
1300 2625 1355 2681 id
1380 2635 1577 2682 nactus
1603 2628 1676 2681 sit
1704 2626 1957 2682 laboribu

2120 2628 2195 2691 ὡς
2222 2628 2296 2699 μὴ
2325 2628 2506 2682 λαϐὼν
2532 2646 2547 2695 ;
2580 2648 2599 2678 ι
2635 2627 2807 2681 Τοῦτο
2837 2627 3014 2696 λέγων
3074 2626 3219 2679 κατὰ
3267 2623 3531 2696 ἐρώτησιν.
3558 2623 3644 2678 Ἵνα

439 2716 646 2784 «Quod
683 2716 727 2770 si
764 2717 928 2771 etiam
959 2717 1246 2787 accepisti,
1279 2716 1413 2788 quid
1438 2717 1693 2788 gloriaris
1722 2718 1881 2788 quasi
1906 2733 1968 2772 nc

2121 2720 2292 2784 οὕτως
2322 2720 2514 2792 νοηθῇ.
2543 2720 2609 2774 Τί
2641 2722 2917 2791 καυχᾶσαι
2944 2737 2959 2785 ;
3002 2715 3113 2790 ἆρα
3134 2719 3213 2781 ὡς
3250 2719 3322 2789 μὴ
3349 2716 3531 2782 λαϐὼν,
3561 2717 3644 2770 ἀλλ’

429 2810 786 2881 accepisses?
837 2830 856 2862 ι
911 2811 1313 2883 lnterrogative
1353 2812 1460 2868 hoc
1504 2812 1641 2868 dicit
1685 2820 1747 2868 ut
1797 2811 1869 2868 sit
1914 2812 1958 2867 is

2177 2813 2337 2868 κοθεν
2367 2811 2545 2883 ἔχωνς
2596 2814 2777 2867 καίτοι
2807 2813 3061 2884 εῑληφας.
3097 2831 3115 2864 ι
3151 2813 3294 2883 Ἤδη
3319 2810 3646 2882 κεκορεσμένοι
3702 2808 3706 2813 ⁴

432 2919 649 2961 sensus.
683 2902 825 2970 Quid
866 2904 1161 2975 gloriaris?
1190 2919 1324 2960 num
1360 2906 1519 2976 quasi
1553 2921 1668 2961 non
1708 2904 1961 2975 acceperi

2122 2906 2288 2973 ὲστές
2325 2927 2343 2959 ι
2384 2909 2516 2962 Ἀπὸ
2547 2906 2641 2962 τοῦ
2670 2906 2863 2978 χρόνου
2912 2905 3113 2970 αὐτοὺς
3162 2907 3428 2976 ἐντρέπει,
3478 2904 3642 2970 λέγων·

430 2996 527 3051 sed
550 2995 698 3051 domi
725 2996 987 3052 habueris
1006 2997 1031 3050 ?
1052 2997 1215 3068 Atqui
1243 2997 1525 3068 accepisti.
1578 3018 1596 3049 ι
1632 2998 1752 3054 tam
1783 3005 1959 3051 satura

2120 2999 2306 3064 Οὕτως
2343 3001 2504 3071 ταχὺ,
2538 3001 2725 3072 φησιν,
2754 2998 3087 3071 ὲκορέσθητε
3120 2998 3224 3052 καὶ
3246 2997 3450 3060 οὐδενὸς
3482 2994 3644 3060 Meet;

427 3086 596 3144 estis?
631 3107 649 3139 ι
686 3087 732 3143 Α
771 3097 1019 3159 tempore
1060 3089 1209 3159 ipsos
1246 3088 1558 3156 confundit,
1595 3089 1786 3144 dicens
1818 3106 1831 3143 :
1858 3088 1956 3144 Αιιι

2126 3113 2145 3146 ι
2180 3094 2321 3164 Ἤδη
2349 3094 2761 3166 ὲπλουτήσατε;
2798 3113 2816 3145 ι
2858 3092 2954 3146 καὶ
3000 3092 3057 3145 ὲν
3086 3091 3304 3154 οὐδενός
3351 3092 3463 3144 ἐστε
3493 3088 3644 3160 χρείας

427 3181 694 3238 velociter
727 3182 963 3237 saturari
995 3183 1154 3248 estis,
1197 3183 1463 3253 nulloque
1504 3181 1806 3253 indigetis?
1836 3200 1855 3232 ι
1891 3181 1953 3236 Ja

2118 3187 2283 3255 ἡγὰρ
2309 3184 2578 3255 καύχησις
2619 3184 2790 3255 δηλοῖ,
2828 3183 2911 3237 δτι
2968 3182 3048 3245 είς
3095 3180 3270 3250 αὐτὴν
3308 3178 3550 3247 ὲφθάσατε
3576 3176 3647 3243 τὴν

428 3273 587 3328 ditati
622 3274 889 3333 estis?'Ut
912 3275 1064 3330 nullo
1094 3275 1252 3331 vobis
1269 3291 1409 3346 opus
1438 3274 1542 3331 sit?
1579 3274 1863 3346 Siquidem
1898 3274 1957 3341 gl

2120 3276 2364 3349 κορυφὴν
2384 3277 2481 3347 τῆς
2499 3274 2775 3345 γνώσεως,
2795 3277 2886 3329 καὶ
2901 3275 2961 3328 οὐ
2988 3272 3182 3346 χρείαν
3206 3270 3354 3343 ἔχετέ
3371 3286 3513 3331 τινος.
3538 3267 3647 3319 «Χω-

428 3366 589 3421 riatio
619 3367 930 3423 manifestat
954 3367 1102 3439 quod
1136 3367 1202 3422 ad
1236 3368 1408 3438 ipsam
1438 3375 1806 3437 pervenerant
1832 3366 1957 3422 sciel

2120 3368 2202 3437 ρ“ις
2235 3366 2392 3437 ἡμῶν
2424 3365 2842 3431 ἐϐασιλεύσατες
2865 3366 3020 3418 Κατὰ
3037 3360 3171 3435 ἦθος
3193 3365 3221 3418 ὁ
3236 3363 3388 3431 λόγος
3414 3358 3646 3429 προῆκται.

431 3460 522 3515 tite
562 3459 931 3523 saturitatem,
974 3474 1078 3515 nec
1107 3459 1218 3514 ulla
1255 3475 1314 3514 re
1344 3469 1589 3531 egerent.
1628 3478 1645 3511 ι
1680 3459 1809 3514 Sine
1855 3458 1960 3514 nob

2119 3458 2227 3510 Kal.
2264 3456 2482 3527 πρῶτον
2523 3455 2644 3526 μὲν,
2678 3457 2740 3510 τδ
2772 3456 3127 3526 άσυνείδητον
3156 3452 3339 3508 αὐτῶν
3378 3450 3648 3505 ἐνδείκνυται

431 3566 659 3620 regnum
682 3550 867 3621 adepti
895 3550 1093 3605 estis?»
1118 3550 1399 3605 Moraliter
1420 3549 1789 3621 processithic
1812 3564 1956 3604 serm

2121 3548 2214 3603 καὶ
2269 3547 2329 3601 τὸ
2364 3549 2612 3619 ἀνόητον.
2657 3548 2801 3613 Ὅτι,
2830 3548 2985 3617 φησὶ,
3014 3546 3359 3616 τηλικούτων
3389 3540 3650 3609 ἀξιωθέντες

427 3640 587 3712 4'51
622 3640 685 3694 Et
714 3642 950 3711 primum
986 3641 1212 3712 quidem
1252 3641 1477 3697 illorum
1523 3641 1758 3697 stultitia
1792 3641 1956 3695 demo:

2120 3637 2361 3710 δωρεῶν,
2396 3638 2457 3691 οὐ
2489 3637 2745 3710 βούλεσθε
2774 3641 2927 3709 ἡμᾶς
2978 3640 3276 3702 κοινωνοὺς
3329 3638 3419 3692 καὶ
3445 3634 3649 3707 μετόχους

439 3743 651 3788 stratur
682 3749 748 3789 ae
787 3733 1058 3804 sapientia
1090 3752 1105 3789 :
1137 3733 1266 3804 quia
1309 3734 1500 3800 tantis,
1550 3733 1749 3803 inquit,
1780 3740 1968 3802 accept

2122 3728 2231 3783 τῶν
2253 3728 2518 3783 δοθέντων
2539 3730 2670 3799 ὑμῖν
2703 3731 2949 3802 ποιῆσαι.
2969 3729 3207 3800 Ἀλγῶν,
3247 3729 3399 3801 φησὶ,
3428 3725 3573 3779 ταῦτα
3590 3719 3651 3772 Αί-

434 3826 596 3881 donis
633 3841 744 3881 non
781 3825 946 3881 vultis
996 3840 1099 3881 nos
1135 3825 1320 3881 socios
1368 3839 1433 3880 ac
1469 3823 1766 3896 participes
1802 3822 1963 3878 efﬁce]

2120 3837 2222 3892 γω.
2255 3820 2557 3891 Εῑρωνικδς
2578 3821 2635 3877 δι
2664 3816 2818 3889 οὗτος
2854 3825 2882 3876 ό
2918 3821 3105 3891 λόγος,
3147 3824 3233 3877 ὃτι
3269 3841 3287 3874 ι
3324 3815 3649 3875 Ἐδασιλεΰσα-

433 3932 627 3973 eorum
675 3933 798 3989 quae
838 3918 997 3973 vobis
1030 3917 1155 3973 data
1196 3928 1345 3974 sunt.
1392 3918 1619 3983 Dolens,
1660 3917 1860 3987 inquit,
1902 3915 1962 3972 ha

2121 3912 2251 3984 τε.)
2281 3912 2411 3967 Em:
2449 3913 2579 3983 γὰρ,
2610 3912 2777 3983 φησιν
2800 3953 2815 3976 ,
2845 3906 2944 3985 ἤτε
2970 3912 3410 3983 βασιλεύσαντες,
3439 3909 3541 3964 ἀλλ’
3578 3905 3650 3958 οὐκ

431 4011 578 4067 dico.
618 4010 727 4065 ‘Est
771 4019 956 4066 autem
999 4011 1312 4066 sermo’hic
1361 4011 1609 4066 ironicus
1661 4002 1771 4081 qu‘o
1831 4008 1960 4065 dicit

2121 4004 2267 4061 ιστέ.
2300 4000 2437 4059 Εῑτα
2453 4005 2540 4058 ἵνα
2578 4004 2654 4077 μὴ
2681 4004 2806 4077 δόξῃ
2850 4005 2991 4059 κατὰ
3031 4006 3321 4077 εἰρωνείαν
3361 4000 3569 4074 sipario;
3590 3997 3649 4059 τδι

439 4122 458 4155 ι
505 4102 987 4175 Regnum-adepti
1037 4102 1193 4166 estis,
1235 4103 1447 4158 utinam
1500 4102 1690 4172 adepti
1742 4101 1961 4168 essetis,

2132 4114 2152 4149 ι
2174 4096 2288 4151 Καὶ
2314 4097 2508 4167 ὄφελόν
2545 4115 2608 4167 γε
2632 4096 3044 4166 ἑδασιλεύσατε,
3070 4117 3088 4150 ι
3132 4099 3404 4151 δείκνυσιν
3423 4136 3436 4162 ,
3459 4097 3529 4148 ὅτι
3557 4089 3651 4159 σφό-

426 4195 509 4251 ait
549 4213 563 4250 :
594 4202 649 4249 at
688 4210 797 4250 non
829 4194 905 4250 ita
939 4205 1044 4251 est.
1077 4194 1285 4251 Deinde
1326 4211 1396 4251 ne
1434 4195 1651 4250 ironice
1702 4193 1905 4249 dixisse
1942 4211 1955 4241 π

2123 4187 2226 4258 δρα
2250 4186 2407 4240 τοῦτο
2435 4186 2615 4259 ἤθελε.
2652 4188 2814 4255 Πῶς;
2848 4189 2949 4255 ὅτι,
2986 4190 3151 4259 φησιν
3206 4190 3240 4261 ή
3267 4187 3415 4260 ὑμῶν
3439 4179 3652 4255 βασιλείαν

433 4286 671 4342 deatur:
716 4306 733 4338 ι
771 4289 950 4359 Atque
986 4295 1195 4342 utinam
1225 4303 1356 4342 sane
1387 4285 1576 4357 adepti
1611 4285 1751 4349 sitis,
1788 4304 1806 4336 ι
1835 4293 1962 4340 oste]

2126 4279 2236 4351 ἐμὴ
2265 4272 2355 4350 ἦν·
2392 4279 2529 4343 Δόξα
2560 4281 2669 4350 γὰρ
2697 4279 3025 4351 διδασκάλῳ,
3078 4280 3193 4334 τῶν
3234 4279 3480 4350 μαθητῶν
3504 4278 3552 4327 εν
3585 4270 3652 4322 πί.

432 4379 515 4435 dit
544 4380 691 4450 quod
723 4380 1081 4436 vehementer
1109 4388 1350 4451 Optaret.
1382 4378 1442 4433 ld
1482 4388 1668 4433 autem
1703 4377 1961 4448 quomodt

2132 4389 2246 4427 στει
2277 4370 2719 4441 πλουτησάντων.
2751 4372 2814 4425 Ei
2845 4371 3205 4444 ὲκορέσθητε,
3234 4371 3283 4424 εί
3323 4368 3651 4435 ἐπλουτήσατε,

431 4472 572 4541 Quia
596 4480 866 4535 vestrum,
910 4471 1113 4543 inquit,
1150 4486 1383 4541 regnum
1415 4477 1564 4526 esset
1590 4484 1796 4524 meum.
1836 4468 1960 4539 Siqu

2134 4466 2182 4519 εῑ
2217 4463 2629 4529 ὲδασιλεὺσατε,
2663 4464 2790 4530 δόξα
2812 4464 3106 4535 ήμῶνὲστι
3161 4458 3654 4535 συμϐασιλευσαντων

432 4564 559 4620 dem
603 4562 934 4636 prameptori
980 4563 1153 4636 gloria
1199 4574 1305 4626 est,
1348 4577 1473 4617 eum
1518 4560 1779 4631 discipuli
1817 4561 1874 4615 iu
1919 4560 1955 4614 ii

2130 4558 2281 4626 ὑμῖν.
2314 4555 2506 4627 Ὑμεῖς
2538 4556 2641 4627 ἤδη
2669 4556 2726 4609 ὲν
2751 4555 2976 4626 Χριστῷ
3007 4556 3102 4609 καὶ
3127 4556 3403 4628 φρόνιμοι,
3442 4552 3523 4606 καὶ
3547 4548 3656 4636 isla-

435 4630 804 4713 ditati'sunt.‘
852 4656 909 4713 Si
968 4630 1205 4711 svatttrari
1254 4654 1412 4719 estis,
1460 4654 1505 4709 si
1566 4630 1729 4708 ditati
1780 4652 1938 4717 estis,

2133 4645 2353 4718 ροὶ,καὶ
2385 4644 2607 4709 ἔνδοξοι.
2650 4643 2837 4698 Ταῦτα
2868 4644 2976 4715 γάρ
3002 4644 3256 4714 λέγοντος
3295 4640 3552 4715 εἰρωνείας
3569 4630 3657 4687 ἐστὶ

435 4763 664 4819 regnum
710 4747 893 4818 adepti
945 4747 1103 4811 estis,
1139 4746 1313 4816 gloria
1353 4752 1541 4800 nostra
1586 4752 1691 4810 est,
1736 4758 1863 4797 cum
1913 4758 2024 4796 una
2133 4740 2372 4809 ῥήματα.

434 4843 723 4900 vobiscum
753 4859 986 4916 regnum
1009 4842 1192 4913 adepti
1220 4842 1416 4896 simus.
1444 4838 1554 4895 Vos
1570 4839 1682 4910 jam
1720 4838 1777 4894 in
1803 4836 2028 4894 Christo
2072 4842 2127 4891 et
2164 4830 2466 4905 prudentes
2496 4829 2633 4885 estis
2662 4838 2717 4885 et
2752 4828 2924 4885 fortes
2963 4845 3026 4885 ac
3056 4830 3329 4901 praeclari.
3395 4826 3518 4882 Nam
3570 4819 3658 4874 haec

436 4934 651 4993 irouice
685 4936 973 5008 loquentis
1006 4935 1178 4991 verba
1200 4941 1351 4989 sunt.

513 5073 534 5108 ι
571 5054 661 5119 ιγ,
693 5055 852 5110 9-H.
901 5054 1086 5108 Videre
1136 5052 1318 5107 videor
1365 5052 1506 5105 enim
1552 5048 1691 5120 quod
1746 5046 1888 5103 Deus
1930 5032 2026 5100 nos

2202 5038 2371 5097 Δοκῶ
2401 5038 2511 5110 γὰρ
2535 5078 2549 5103 ,
2582 5038 2673 5093 ὅτι
2715 5041 2748 5093 d
2775 5038 2922 5107 Θεὸς
2947 5037 3107 5109 ἡμᾶς
3148 5038 3293 5106 τοὺς
3326 5032 3657 5094 ἀποστάιους

439 5145 706 5218 apostolos
734 5151 1024 5214 postremos
1052 5143 1367 5212 designavit,
1397 5149 1654 5209 tanquam
1681 5138 1840 5192 morti
1866 5138 1968 5191 a'est

2136 5131 2436 5202 ἐσχάτους
2465 5129 2785 5195 ἀπέδειξεν
2817 5131 2897 5197 ὡς
2929 5132 3373 5195 ἐπιθανατίους.
3409 5129 3525 5181 Ὀτι
3555 5121 3657 5218 (lia:

440 5205 644 5294 natos:
682 5205 938 5308 quoniam
981 5205 1718 5305 spectaculumfacti-sumus
1758 5229 1954 5284 mundo

2143 5238 2289 5292 ερον
2314 5220 2688 5292 ἐγενήθημεν
2739 5218 2822 5285 τῷ
2864 5220 3075 5290 κόσμῳ
3103 5261 3121 5287 ,
3155 5220 3256 5275 καὶ
3297 5215 3556 5312 ἀγγέλοις

441 5329 644 5401 angelis
688 5295 751 5382 ac
781 5295 1094 5381 hominibus.
1139 5325 1248 5380 Nos
1283 5295 1438 5379 stulti
1472 5332 1689 5393 propter
1734 5320 1970 5377 Christur

2136 5312 2490 5382 ἀνθρώποις.
2555 5310 2758 5381 Ἡμεῖς
2777 5312 2964 5382 μωροὶ
2993 5308 3093 5365 διὰ
3121 5309 3401 5380 Χριστὸν,
3425 5302 3575 5401 ὑμεῖς

440 5389 539 5477 eo;
569 5428 745 5477 autem
772 5418 1057 5491 prudentes
1102 5420 1161 5473 in
1204 5389 1584 5480 Clarium—nos
1605 5412 1910 5476 imbecilles,
1937 5427 1966 5465 υ

2135 5406 2416 5475 φρόνιμοι
2433 5404 2504 5459 ἐν
2532 5402 2788 5473 Χριστῷ.
2840 5403 3041 5474 Ἡμεῖς
3089 5402 3387 5468 ἀσθενεῖς,
3422 5396 3571 5491 ὑμεῖς
3608 5389 3659 5490 δὲ

442 5520 622 5565 autem
667 5488 874 5575 validi;
923 5524 1011 5562 vos
1056 5505 1325 5577 praeclari,
1369 5520 1463 5560 nos
1496 5512 1672 5559 autem
1701 5500 1914 5573 inglorii
1954 5518 1971 5553 t

2133 5497 2395 5567 ἰσχυροί.
2434 5496 2619 5567 Ὑμεῖς
2637 5495 3086 5567 ἕνδοξοι,ἠμεῖς
3113 5495 3181 5549 δὲ
3199 5495 3408 5565 ἄτιμοι,
3440 5488 3659 5559 ἀιριτῆς

444 5603 542 5657 hoe
573 5618 735 5673 usque
760 5608 989 5671 tempus.

2122 5590 2252 5660 ἄρτι
2275 5588 2452 5658 ὥρας.
3624 5662 3635 5678 ο

515 5691 820 5758 Mter-enus,
862 5692 976 5748 imo
1026 5691 1213 5763 potius
1254 5690 1310 5745 in
1346 5689 1606 5744 ruborem
1641 5686 2017 5743 convertentis

2197 5681 2382 5734 Λυπου
2391 5678 2578 5751 μένου,
2613 5679 2817 5751 μᾶλλον
2837 5680 2893 5735 δὲ
2929 5681 3285 5761 ἐντρέποντος
3306 5675 3398 5733 καὶ
3413 5675 3658 5737 καταισκο·

515 5819 587 5854 ""
616 5818 783 5877 lare.
820 5835 896 5889 rx,
933 5820 1022 5877 δι.
