3872 6562
229 459 333 525 630
631 470 653 510 κ

1183 457 1570 520 COMMENT.
1606 458 1687 518 IN
1727 456 1965 519 EPIST.
2006 456 2035 516 I
2076 456 2571 519 AD-CORIN’I‘H.
2623 406 2637 418 ’

3391 461 3498 521 6'30

230 590 417 636 νοντος
449 572 668 642 ῥήματα
693 568 862 638 λέγει.
904 570 994 632 Ὧς
1029 568 1136 639 γὰρ
1164 568 1299 640 ὁρῶ,
1326 568 1484 638 φησι,
1512 568 1608 622 καὶ
1638 568 1699 634 ἐξ
1735 560 1810 622 ὧν

1916 580 1976 620 ac
2007 565 2408 636 pudefacientis
2436 565 2606 621 verba
2641 565 2904 636 loquitur.
2929 567 3066 622 Nam
3096 573 3155 622 ut
3191 565 3376 629 video.
3406 568 3497 622 in-

230 670 391 740 ύμεῖς
417 666 643 730 ποιεῖτε,
684 664 845 735 ἡμεῖς
882 666 932 717 οἱ
972 663 1283 726 ἀπόστολοι,
1319 661 1536 732 ἔσχατοι
1594 661 1810 714 πάντων

226 761 385 832 παρὰ
413 759 550 814 Θεοῦ
611 758 1035 829 ἀπεδείχθημεν,
1076 757 1153 822 ὡς
1197 754 1478 811 κατάδικοί
1518 772 1663 819 τινες
1714 754 1811 809 καὶ

225 853 593 913 tenendum,
619 852 916 918 τουτέστιν,
940 851 1020 914 εἰς
1062 849 1123 903 τδ
1154 848 1478 921 φονεύεσθαι
1504 850 1669 902 πᾶσιν
1716 847 1809 900 εύ-

226 947 439 1016 χερεῖς.
478 943 670 1012 Ἡμεῖς
722 940 819 1011 μὲν
847 936 941 995 οῦν
974 941 1052 1005 είς
1080 941 1141 994 τὸ
1191 940 1425 1010 πάσχειν
1464 938 1650 1001 κακῶς
1680 954 1813 1010 προ-

225 1035 490 1108 κείμεθα,
542 1034 701 1105 ὑμεῖς
737 1033 795 1086 δὲ
824 1033 925 1104 ἡδη
971 1031 1383 1087 ἐϐασιλεύσατε.
1428 1029 1521 1097 Ἐξ
1568 1023 1644 1083 ὧν
1677 1030 1810 1097 γὰρ,

223 1128 421 1199 φησὶν,
457 1128 616 1198 ὑμεῖς
649 1124 1038 1179 ἐϐασιλεύσατε
1078 1122 1223 1178 οὕτω
1248 1123 1479 1194 ταχέως,
1512 1122 1588 1186 ὡς
1608 1120 1814 1190 νομίζω

227 1221 435 1293 (τοῦτο
453 1220 602 1289 λέγει
632 1218 937 1287 τὺ,Δοκῶ),
978 1218 1143 1287 ἡμεῖς
1172 1215 1516 1285 γινώσκομεν
1545 1213 1627 1267 ὅτι
1651 1211 1812 1281 ἔσχας

224 1331 314 1369 τοι
350 1315 416 1367 τὸ
455 1311 643 1376 κακῶς
700 1311 931 1382 πάσχειν
974 1306 1445 1378 κατακεκρίμεθα.
1490 1303 1722 1358 Δυνατὺν
1755 1302 1812 1356 δὲ

227 1407 327 1459 καὶ
352 1406 495 1459 κατά
526 1404 834 1475 ἀπόφανσιν
870 1404 966 1457 καὶ
992 1400 1054 1467 ἐξ
1085 1401 1301 1463 εὐθείας
1326 1399 1511 1451 λαϐεῖν
1540 1397 1601 1450 τὸ
1624 1396 1808 1469 ῥητόν.

229 1497 387 1552 Δοκῶ
416 1498 547 1571 γὰρ,
584 1500 770 1566 φησιν,
796 1497 879 1550 ὅτι
917 1496 1066 1567 ἡμᾶς
1092 1495 1221 1557 τοὺς
1250 1490 1603 1552 ἀποστόλους.
1649 1487 1812 1558 ὲσχά-

227 1608 360 1654 τους
388 1591 637 1661 κήρυκας
671 1589 765 1643 καὶ
796 1587 1151 1651 διδασκάλους
1206 1585 1359 1656 ὑμῶν
1411 1583 1809 1653 προεστήσατο,

234 1683 358 1754 μεθ’
381 1682 477 1747 οὓς
508 1683 607 1737 οὐκ
631 1682 697 1739 ἄν
724 1700 808 1745 τις
838 1681 1032 1744 ἄλλους
1056 1678 1356 1749 ἀλλαχόθεν
1390 1676 1553 1730 ποθὲν
1597 1677 1810 1745 ἀναφα-

231 1774 425 1834 νέντας
452 1771 654 1840 ὀφείλει
685 1769 1102 1843 προσδέχεσθαι.
1130 1769 1204 1821 Οὐ
1237 1768 1345 1838 γὰρ
1377 1768 1444 1821 ἂν
1468 1767 1699 1829 εἴποιεν,
1729 1767 1810 1819 ὃτι

229 1860 326 1913 καὶ
351 1861 510 1914 αὐτοὶ
555 1859 665 1915 ἀπὸ
695 1859 937 1929 Χριστοῦ
988 1856 1406 1930 ἀπεστάλησαν.
1459 1858 1649 1926 Ἡμεῖς
1701 1855 1809 1926 γάρ

230 1954 401 2020 ὲσμεν
482 1951 533 2004 ot
600 1928 939 2004 ἐπιθανάτιοι
1018 1928 1438 2009 ἀποσταλέντες.
1502 1946 1575 1998 Τὸ
1617 1945 1698 2006 δὲ.
1754 1947 1809 1998 οἱ
1844 1928 1882 1982 Β

228 2039 619 2105 ὲπιθανάτιοι,
663 2038 825 2111 διχῶς
886 2038 952 2093 ἀν
978 2038 1223 2108 νοηθείη,
1258 2038 1292 2109 ἢ
1347 2039 1431 2091 ὅτι
1459 2036 1553 2090 καὶ
1593 2036 1643 2088 οἱ
1685 2034 1808 2088 κατ’

233 2133 397 2187 αὐτὸν
426 2134 517 2186 τὸν
551 2132 778 2188 θάνατον
804 2131 1143 2202 κυρωθέντες
1173 2127 1315 2184 εἷναι
1364 2129 1624 2198 μαθηταὶ,
1685 2143 1811 2180 συν-

233 2226 443 2280 τάττων
467 2226 561 2279 καὶ
613 2225 806 2280 ἑαυτὸν
852 2227 964 2287 τοῖς
992 2223 1170 2287 ἄλλοις
1232 2221 1523 2293 μαθηταῖς,
1567 2217 1663 2272 καὶ
1702 2216 1814 2272 ἀπὸ

231 2318 341 2373 τῶν
394 2317 654 2373 πλειόνων
673 2318 815 2372 οὕτω
845 2317 1051 2379 πάντας
1080 2313 1368 2386 ὀνομάζων
1390 2328 1402 2342 ·
1449 2312 1483 2384 ἡ
1512 2325 1808 2383 μεταφορι-

235 2409 348 2473 κῶς
376 2409 461 2470 τὸ,
514 2407 904 2473 ἑπιθανάτιοι,
949 2401 1064 2461 οἷον
1086 2406 1136 2458 οἱ
1169 2403 1399 2475 βέϐαιοι,
1450 2403 1501 2457 οί
1543 2398 1812 2471 ἀληθινοὶ,

239 2500 358 2569 μεθ’
392 2498 487 2563 οὓς
508 2499 771 2560 ούκείσὶν
797 2498 969 2563 ἄλλοι,
999 2498 1109 2552 ἀπὸ
1138 2497 1248 2552 τῶν
1272 2493 1674 2551 ἐπιθανατίων
1686 2491 1813 2547 δια·-

236 2588 442 2657 οηκῶν
464 2628 480 2643 .
509 2584 678 2644 Αὖται
710 2590 819 2660 γάρ
847 2591 957 2643 είσι
1007 2588 1215 2660 βέϐαιοι
1256 2586 1351 2639 καί⁸
1399 2582 1809 2654 ἀμετακίνητοι.

234 2685 306 2737 Δί
329 2700 389 2738 τε
421 2683 532 2755 γὰρ
567 2683 674 2756 πρὸ
704 2682 906 2746 αὐτῶν,
935 2683 1237 2744 κινοῦνται,
1266 2680 1362 2735 καὶ
1385 2681 1441 2732 αἱ
1469 2677 1586 2749 μετ’
1640 2675 1813 2739 αὐτὰς

110 2836 121 2843 _
236 2776 317 2841 δέ,
349 2773 588 2829 πλασταὶ
615 2774 710 2828 καὶ
746 2772 1029 2845 ἀκίϐδηλοι
1055 2771 1150 2826 καὶ
1177 2770 1474 2840 ἀπόϐλητοι
1506 2768 1658 2840 νόμῳ
1680 2782 1812 2835 τυγ-

236 2869 484 2938 χάνουσι.
507 2868 619 2922 Καὶ
640 2867 701 2921 τὸ
720 2866 883 2922 Δοκῶ
901 2867 981 2932 δὲ,
1006 2865 1067 2919 ού
1110 2863 1436 2935 δισταγμοῦ,
1481 2861 1597 2916 ἀλλ’
1646 2860 1812 2931 ἡθους

236 2959 387 3011 ἐστὶν
421 2959 776 3029 ἐμφαντικόν.
800 2953 938 3013 Εῐτα
970 2958 1065 3012 καὶ
1103 2956 1267 3012 πόθεν
1304 2956 1485 3027 δῆλον,
1521 2952 1813 3024 φησὶν,ὅτι

236 3051 584 3122 ἐσχατοιυκαὶ
610 3052 930 3117 τελευταῖοι,
962 3050 1064 3105 καὶ
1123 3049 1243 3121 μεθ’
1268 3048 1362 3113 οὒς
1388 3038 1487 3102 οὐκ
1517 3046 1672 3103 ἐστιν
1716 3046 1815 3102 ἄ).-

236 3145 361 3208 λους
376 3145 515 3199 ἄλλα
540 3144 916 3216 κηρύσσοντας
940 3143 1357 3214 ἀποδειχθῆναις
1389 3139 1658 3212 «Θέατρον
1687 3140 1830 3209 tre—-

235 3238 373 3307 νήθη
384 3255 484 3309 μεν
509 3236 589 3307 τῷ
606 3236 815 3307 κόσμῳ,
839 3256 858 3289 ι
901 3236 1086 3306 φησίν.
1131 3236 1189 3287 '0
1218 3235 1423 3305 κόσμος
1437 3233 1621 3300 αὐτὸς,
1655 3232 1812 3304 φησὶ,

234 3331 331 3383 καὶ
357 3331 394 3400 ἡ
427 3330 719 3400 οἰκουμένη
744 3327 905 3382 τοῦτο
935 3330 1221 3399 μαρτυρεῖ,
1272 3326 1367 3380 καὶ
1420 3326 1485 3379 οὐ
1514 3326 1674 3396 μόνον
1721 3324 1815 3379 ἄν·

235 3420 466 3490 θρωποι,
501 3419 635 3473 ἀλλά
658 3421 752 3472 καὶ
785 3420 843 3473 αῖ
877 3418 989 3473 ἄνω
1021 3418 1130 3473 τῶν
1156 3418 1405 3486 ἀγγέλων
1440 3418 1645 3482 τάξεις.
1688 3415 1812 3478 Πῶς

234 3507 330 3565 οὖν
354 3511 513 3581 ὑμεῖς
539 3528 553 3578 ;
585 3511 661 3575 ὼς
686 3511 922 3582 ἀρχηγοὶ
953 3511 1150 3581 καινῆς
1175 3510 1524 3573 διδασκαλίας
1562 3510 1655 3562 καὶ
1681 3507 1814 3562 καθα

236 3602 443 3673 ηγηταὶ
472 3602 764 3672 φυσιοῦσθε
791 3603 887 3657 καὶ
916 3603 1241 3675 ἐπαίρεσθες
1271 3603 1332 3655 Εἰ
1355 3603 1454 3671 μὲν
1485 3600 1647 3673 γάρᾶ
1680 3601 1811 3672 παρ’

235 3696 397 3764 ἡμῶν
430 3695 810 3767 παρειλήφατε
834 3737 849 3757 .
894 3696 1197 3761 διδάσκετε,
1235 3695 1474 3767 μαθηταί
1512 3697 1657 3759 ἐστε,
1719 3693 1813 3747 καὶ

240 3785 420 3853 μάτην
449 3782 813 3855 ἑφυσιὼθητε.
834 3785 896 3839 Εἰ
919 3784 975 3839 δὲ
996 3784 1170 3856 ἑτέρῳ
1197 3785 1328 3854 παρ’
1349 3784 1385 3839 δι
1412 3784 1813 3856 παρειλήφατε,

235 3872 539 3940 γινώσκετε
559 3873 641 3928 ὅτι
675 3876 837 3945 ἡμεῖς
861 3876 1029 3946 ἐσμεν
1060 3873 1153 3938 οὓς
1198 3874 1461 3944 ἐσχάτους
1492 3873 1591 3928 καὶ
1624 3873 1812 3927 τελευ-

232 3963 424 4027 ταίους
463 3964 558 4019 καὶ
589 3964 1020 4033 ἐπιθανατίους
1083 3966 1113 4018 ὁ
1141 3964 1274 4029 Θεὸς
1320 3965 1594 4033 ἀπέδειξε.
1641 3964 1813 4018 Πόθεν

235 4051 329 4111 οὖν
356 4057 518 4127 ὑμεῖς
577 4058 971 4129 παρειληφότες
1032 4058 1314 4114 διδάσκετε
1346 4075 1360 4123 ;
1396 4060 1459 4112 Εί
1503 4058 1612 4130 γὰρ
1647 4061 1812 4130 ἡμεῖς

237 4152 408 4218 ἔσμεν
440 4148 534 4213 οὓς
559 4150 588 4203 ὀ
607 4150 738 4214 Θεὸς
766 4151 1112 4215 τελευταίους
1145 4152 1238 4206 καὶ
1270 4151 1657 4215 ἐπιθανατίους
1677 4153 1814 4206 ἁπο-

237 4241 465 4306 στόλους
491 4242 762 4308 ἀπέδειξε,
787 4244 948 4313 δῆλον
973 4244 1054 4298 ὃτι
1101 4244 1157 4297 εί
1184 4262 1237 4298 τι
1267 4245 1502 4315 χρηστὸν
1557 4246 1813 4317 παρειλὴ-

237 4350 378 4401 φατε
409 4333 643 4404 μάθημα
671 4336 763 4389 καὶ
785 4334 1138 4407 κατόρθωμα,
1171 4336 1234 4389 ἐκ
1257 4336 1368 4389 τῶν
1395 4335 1680 4406 ἡμετέρων
1714 4337 1815 4391 πό-

237 4443 346 4480 νων
374 4425 586 4497 καὶτῆς
617 4427 984 4491 διδασκαλίας,
1016 4429 1143 4497 ὑμῖν
1155 4429 1543 4499 προσγέγονεν.
1566 4429 1695 4483 Είθε
1719 4426 1813 4483 οὖν

237 4516 298 4569 ἐν
323 4517 539 4579 τούτοις
569 4517 958 4586 ἐπλουτήσατε,
987 4518 1099 4573 εἴθε
1133 4519 1544 4586 ἐϐασιλεύσατε,
1593 4522 1680 4574 ἵνα
1718 4523 1812 4576 καὶ

1913 660 2058 730 quit,
2087 674 2155 714 ex
2189 660 2276 715 his
2307 661 2473 715 etiam
2508 676 2631 730 qua:
2661 675 2760 716 vos
2788 660 2969 731 agitis,
3003 677 3106 716 nos
3132 661 3364 731 apostoli
3396 675 3497 716 no-

1913 751 2129 806 vissimi
2157 751 2402 806 omnium
2435 767 2465 806 a
2503 753 2617 807 Deo
2661 751 2930 823 designati
2976 767 3189 815 sumus,
3235 762 3496 822 tanquam

1912 842 2103 898 nescio
2125 843 2242 912 qui,
2268 842 2617 899 condemnati
2658 860 2721 899 ae
2743 845 2905 897 morti
2935 844 3217 900 destinati.
3247 844 3363 899 Hoc
3389 850 3495 908 est,

1918 943 1981 990 ut
2010 935 2171 990 facile
2203 936 2275 989 ab
2299 935 2560 991 omnibus
2590 936 2931 991 occidamur.
2980 937 3265 1007 Siquidem
3300 951 3403 992 nos
3439 945 3501 991 ut

1916 1029 2078 1083 malis
2123 1027 2428 1084 alliciamur
2475 1030 2828 1100 exponimur,
2882 1046 2992 1086 vos.
3036 1039 3220 1086 autem
3263 1046 3498 1103 regnum

1908 1120 2019 1191 jam
2053 1117 2240 1189 adepti
2268 1120 2423 1175 estis.
2458 1121 2535 1175 Ex
2565 1135 2634 1175 eo
2664 1123 2810 1176 enim
2835 1121 2986 1191 quod
3026 1137 3126 1177 vos
3155 1122 3292 1177 adeo
3330 1124 3483 1179 brevi

1914 1228 2145 1283 regnum
2171 1213 2355 1284 adepti
2389 1213 2546 1278 estis,
2578 1229 2700 1278 nos,
2730 1222 2784 1269 ul
2816 1215 3056 1270 arbitror
3089 1215 3234 1286 (nam
3270 1216 3377 1269 hoe
3409 1223 3496 1270 est

1914 1305 2061 1375 quod
2122 1305 2391 1376 praemisit
2442 1324 2461 1357 ι
2510 1304 2708 1360 Videre
2758 1306 2960 1361 .videor
3010 1306 3058 1378 ι)
3110 1306 3496 1376 cognoscimus

1913 1396 2063 1462 quod
2115 1395 2397 1451 novissimi
2440 1395 2875 1451 condemnamur
2910 1405 2972 1451 ut
3007 1396 3148 1449 mala
3192 1395 3493 1466 patiamur.

1912 1488 2102 1542 Potest
2131 1499 2352 1556 quoque
2374 1484 2697 1541 aﬂirmative
2726 1495 2990 1556 rectaque
3017 1487 3291 1541 sententia
3322 1487 3496 1557 accipi

1911 1582 2060 1651 quod
2090 1580 2301 1635 dictum
2324 1589 2428 1636 est.
2461 1579 2664 1635 Videre
2687 1579 2902 1644 videor,
2940 1580 3136 1650 inquit,
3173 1579 3319 1649 quod
3354 1580 3499 1634 Deus

1913 1689 2016 1727 nos
2042 1673 2339 1750 apostolos,
2372 1681 2687 1743 postremos
2718 1671 3109 1743 praedicatores
3139 1687 3204 1727 ac
3243 1671 3498 1726 doctores

1868 1796 1875 1803 -
1912 1776 2128 1822 vestros
2157 1766 2469 1833 constituit,
2508 1778 2635 1837 post
2676 1782 2816 1837 quos
2855 1781 3020 1821 nemo
3065 1781 3308 1836 unquam
3352 1765 3494 1821 alios

1913 1857 2137 1913 aliunde
2165 1867 2495 1928 apparentes
2533 1857 2766 1913 deberet
2806 1858 3111 1927 suscipere.
3136 1856 3496 1926 Nequaquam

1910 1954 2059 2008 enim
2099 1954 2284 2008 dicere
2319 1961 2546 2024 possent
2567 1953 2717 2024 quod
2750 1952 2854 2024 ipsi
2880 1968 3101 2022 quoque
3130 1968 3162 2007 a
3195 1952 3310 2007 Deo
3340 1951 3495 2005 missi

1910 2056 2063 2103 sunt.
2088 2047 2199 2102 Nos
2224 2048 2371 2103 enim
2404 2047 2558 2103 missi
2591 2061 2785 2102 sumus
2804 2054 2841 2101 ‘a
2864 2047 2980 2102 Deo
3014 2046 3296 2102 destinati.
3339 2045 3497 2112 Quod

1910 2145 2098 2191 autem
2125 2136 2202 2189 ait
2224 2137 2273 2191 οί
2305 2136 2641 2191 ὲπιθανάτιοι
2662 2137 2959 2207 dupliciter
3001 2137 3233 2208 intelligi
3266 2144 3451 2206 potest
3482 2155 3494 2189 :

1911 2236 2010 2284 aut
2052 2230 2184 2300 quia
2224 2229 2387 2302 452
2420 2230 2607 2286 caeteri
2651 2229 2909 2300 discipuli
2955 2229 3050 2300 qui
3096 2244 3198 2284 suo
3238 2239 3492 2299 tempore

1906 2320 2150 2386 fuerant,
2181 2322 2346 2383 morti
2371 2321 2577 2378 addicti
2606 2329 2786 2388 erant,
2816 2323 3060 2393 seipsum
3091 2336 3310 2393 quoque
3337 2329 3499 2376 caete-

1912 2414 2050 2472 teris
2097 2425 2428 2471 annumerat
2469 2416 2778 2486 discipulis,
2827 2423 2888 2469 et
2933 2430 3127 2470 omnes
3166 2430 3195 2469 a
3241 2414 3497 2484 pluribus

1911 2510 2254 2567 denominat.
2279 2511 2388 2565 Aut
2412 2517 2472 2564 ut
2490 2508 2866 2578 melaphoriee
2885 2516 3137 2561 sumatur
3155 2506 3497 2559 ὲπιθανάτιοι

1911 2600 2059 2656 idem
2097 2599 2417 2671 signiﬁcans
2457 2599 2605 2669 quod
2651 2598 2813 2660 certi,
2862 2598 3001 2664 veri,
3040 2606 3167 2668 post
3206 2611 3345 2666 quos
3386 2610 3494 2650 non

1911 2702 2041 2749 sunt
2075 2693 2210 2748 alii:
2237 2691 2703 2764 quemadmodum
2736 2691 2901 2745 etiam
2938 2690 3196 2744 dicuntur
3222 2687 3486 2741 ὲπιθανὰο

1911 2801 2023 2837 τιαι
2037 2783 2315 2854 διαθῆκαι,
2331 2782 2385 2837 id
2402 2790 2507 2845 est,
2528 2780 2703 2835 ﬁrma.
2718 2788 3106 2850 postremaque
3133 2784 3455 2832 testamenta
3481 2794 3493 2829 :

1911 2888 2111 2944 nempe
2150 2888 2218 2928 eo
2261 2872 2409 2943 quod
2449 2871 2561 2925 sint
2592 2869 2989 2933 immutabilia;
3036 2881 3161 2921 nam
3204 2878 3329 2934 qua?
3370 2864 3497 2917 ante

1911 2960 2004 3014 illa
2037 2967 2186 3027 sunt,
2217 2965 2525 3022 mutantur,
2556 2968 2677 3027 quae
2700 2970 2835 3012 vero
2879 2964 3006 3027 post
3034 2955 3147 3019 illa,
3186 2951 3307 3031 [icta
3331 2966 3395 3006 ac
3423 2952 3497 3005 ir-

1912 3052 2020 3105 rita
2055 3059 2205 3117 sunt,
2236 3059 2294 3105 et
2333 3051 2453 3121 lege
2481 3049 2832 3120 rejiciuntur.
2876 3048 3092 3102 Rursus
3120 3043 3269 3115 Quod
3322 3043 3453 3097 dicit
3482 3060 3494 3095 :

1921 3163 1941 3196 ε
1973 3143 2177 3199 Videre
2209 3143 2424 3207 videor,
2458 3161 2476 3193 ι
2510 3156 2622 3196 non
2653 3139 3021 3196 haesitationis
3046 3148 3155 3205 est,
3195 3136 3292 3193 sed
3326 3136 3499 3191 moris

1917 3232 2360 3302 signiﬁcativum.
2394 3230 2475 3285 Ad
2507 3231 2646 3294 haec,
2692 3229 2860 3295 unde,
2902 3228 3105 3299 inquit,
3135 3225 3494 3281 manifestum

1918 3334 2003 3381 est
2037 3324 2184 3395 quod
2221 3323 2489 3395 postremi
2513 3338 2577 3378 ac
2600 3322 2888 3377 novissimi
2921 3320 3192 3392 designati
3223 3318 3417 3382 simus,
3443 3324 3501 3370 et

1919 3426 2042 3489 post
2069 3434 2208 3488 quos
2249 3433 2359 3472 non
2398 3418 2471 3472 sit
2513 3417 2650 3471 alios
2678 3416 2797 3471 dari
2829 3413 3271 3486 praedicatores?
3309 3430 3327 3462 ι
3361 3407 3500 3475 Quia

1920 3511 2297 3581 spectaculum
2349 3509 2478 3564 facti
2525 3523 2715 3564 sumus
2764 3507 2991 3573 mundo,
3030 3527 3048 3559 ι
3097 3506 3210 3572 ait;
3261 3502 3501 3558 mundus

1922 3605 2041 3674 ipse
2071 3603 2335 3673 orbisque
2378 3612 2653 3657 terrarum
2688 3601 2796 3655 hoc
2833 3608 3088 3661 testatur,
3126 3612 3227 3653 nec
3256 3595 3355 3651 soli
3395 3594 3499 3648 ho-

1920 3695 2117 3759 mines,
2143 3695 2238 3750 sed
2260 3701 2318 3750 et
2342 3694 2568 3765 superni
2596 3694 2915 3765 angelorum
2945 3692 3188 3748 ordines.
3214 3686 3502 3756 Quomodo

1920 3805 2020 3845 vos
2048 3799 2307 3859 tanquam
2342 3796 2600 3843 auctores
2646 3802 2711 3841 ac
2746 3783 2994 3854 magistri
3037 3796 3197 3837 novae
3237 3778 3503 3834 doctrinae

1920 3881 2190 3937 inﬂamini
2220 3897 2284 3937 ac
2314 3880 2629 3951 crigimini?
2661 3877 2880 3933 Etenim
2912 3876 2960 3931 si
2991 3890 3055 3931 ea
3081 3874 3293 3929 docetis
3315 3887 3437 3942 qua:
3467 3888 3498 3926 a

1919 3973 2083 4028 nobis
2133 3972 2444 4041 accepistis,
2500 3968 2760 4039 discipuli
2803 3968 2938 4023 estis
2988 3966 3303 4033 frustraque
3348 3961 3505 4016 inﬂa-

1921 4064 2077 4119 mini.
2113 4063 2171 4118 Si
2209 4078 2343 4118 vero
2385 4063 2492 4117 alia
2542 4062 2612 4116 ab
2657 4062 2746 4116 his
2776 4075 2900 4131 quae
2945 4058 3260 4128 accepistis,
3306 4055 3501 4110 scitote

1922 4154 2068 4225 quod
2100 4168 2201 4209 nos
2235 4154 2275 4207 ii
2318 4167 2513 4208 sumus
2540 4167 2680 4222 quos
2707 4153 2855 4207 Deus
2880 4156 3190 4220 postremos
3216 4162 3282 4202 ac
3312 4145 3503 4201 ﬁnales

1921 4256 2214 4315 certosque
2247 4245 2526 4316 apostolos
2571 4244 2901 4315 designavit,
2939 4242 3055 4297 sive
3096 4238 3498 4301 ἐπιθανατίους.

1922 4339 2079 4396 Unde
2112 4340 2279 4409 igitur
2309 4338 2603 4408 accepistis
2633 4352 2696 4391 ea
2725 4351 2848 4406 quae
2886 4332 3138 4390 docetis?
3162 4333 3296 4387 Nam
3328 4330 3372 4385 si
3400 4345 3503 4384 nos

1921 4448 2115 4489 sumus
2143 4446 2282 4500 quos
2308 4431 2453 4485 Deus
2482 4429 2816 4484 novissimos
2837 4443 2900 4483 ac
2925 4434 3231 4497 postremos
3252 4424 3504 4495 designa-

1920 4524 2021 4589 vit,
2048 4522 2398 4578 manifestum
2420 4531 2503 4577 est
2526 4521 2674 4592 quod
2702 4521 2747 4575 si
2772 4535 2935 4591 quam
2954 4519 3143 4594 utilem
3171 4517 3497 4581 doctrinam,

236 4608 399 4677 ἡμεῖς
417 4607 547 4677 ὑμῖν
561 4611 609 4662 οί
623 4609 691 4663 τά
707 4610 996 4681 σπέρματα
1011 4612 1108 4682 τῆς
1124 4611 1452 4681 θεογνωσίας
1468 4614 1564 4666 καὶ
1577 4614 1685 4668 τῶν
1696 4615 1816 4686 ἀρε-

1920 4615 2201 4671 t‘acinusve
2227 4614 2510 4686 egregium
2538 4612 2889 4684 acceperitis,
2921 4627 2951 4667 a
2976 4609 3178 4665 nostris
3212 4607 3499 4662 laboribus

229 4699 351 4753 τῶν
379 4701 800 4768 καταϐαλόντες,
817 4702 1362 4776 συμϐασιλεύσωμεν.
1392 4705 1555 4760 Ἀλλά
1575 4705 1813 4774 δέδοικα,

238 4791 319 4860 μὴ
358 4791 460 4863 οὐχ
489 4791 663 4857 οὕτως
685 4793 785 4867 εχῃ
814 4796 882 4849 τὰ
909 4796 1174 4867 ὑμέτερα.
1214 4816 1232 4849 ι
1256 4798 1396 4861 Τοὺς
1428 4798 1809 4862 ἀποστόλους.»

239 4883 527 4952 Ἐμφασιν
556 4883 670 4955 ἔχει
690 4885 913 4956 πολλὴν,
938 4887 1019 4953 τὸ,
1041 4906 1060 4941 ι
1081 4888 1259 4960 Ἢμᾶς
1275 4889 1397 4954 τοὺς
1425 4891 1777 4954 ἀποστόλους,
1791 4911 1809 4943 ι

233 4975 491 5028 τουτέστι
500 4976 624 5040 τοὺς
636 4977 874 5030 τοσαῦτα
887 4979 1027 5049 ὑπὲρ
1036 4981 1080 5033 Χ
1090 4980 1272 5050 ριστοῦ
1285 4982 1644 5046 πεπονθότας.
1663 5001 1682 5034 ι
1696 4983 1817 5037 ’Ὀτι

234 5066 476 5136 θέατρον
491 5069 722 5140 ἑγενὴθη
733 5087 854 5141 μεν.
867 5089 886 5122 ι
909 5071 1033 5135 Πῶς
1048 5071 1128 5136 δὲ,
1153 5072 1308 5144 φησι,
1325 5071 1535 5144 νομίζω
1549 5075 1631 5128 ὅτι
1655 5074 1818 5145 ἐσχα-

231 5158 319 5212 τοί
371 5161 579 5228 ὲσμενς
632 5158 754 5213 Ὅτι
803 5160 1031 5232 θέατρον
1075 5162 1156 5234 τῷ
1205 5163 1396 5235 κόσμῳ
1449 5165 1812 5236 ἐγενήθημεν,

231 5251 545 5312 τουτέστιν.
579 5251 683 5305 οὐκ
713 5252 772 5305 ὲν
807 5254 906 5324 μιᾷ
935 5253 1109 5325 γωνίᾳ
1142 5256 1442 5326 πάσχοντες
1477 5258 1687 5323 κακῶς,
1718 5257 1817 5311 ἀλ·-

230 5345 303 5399 λά
342 5344 630 5413 πανταχοῦ
656 5344 762 5415 γῆς
784 5361 800 5376 ο
830 5346 924 5400 καὶ
954 5347 1113 5416 ὑμεῖς
1135 5348 1237 5418 ἡδη
1274 5348 1560 5418 βασιλείαν
1604 5352 1815 5421 ὀνειρο-

232 5438 459 5492 πολιῖτε
485 5452 501 5500 ;
528 5435 619 5500 Ἐξ
644 5430 721 5491 ὧν
746 5436 802 5490 δὲ
829 5437 1084 5505 περὶτῶν
1107 5439 1419 5494 ἀποστόλων
1441 5440 1617 5495 ταῦτα
1644 5441 1813 5510 λέγει,

228 5528 489 5583 δείκνυσι
508 5527 608 5597 τὴν
628 5528 853 5581 ἐκείνων
875 5528 1052 5600 οἴησιν
1070 5530 1306 5600 ματαίαν
1331 5530 1426 5589 καὶ
1443 5532 1635 5603 ψευδῆ.
1660 5552 1680 5583 ι
1705 5533 1816 5586 Καὶ

228 5622 520 5691 ἀγγέλοις.
552 5640 571 5673 ι
606 5621 865 5686 Τοιαῦτα,
899 5622 1085 5691 φησὶν,
1123 5624 1280 5694 ἡμῶν
1323 5626 1391 5680 τὰ
1435 5626 1812 5697 παλαίσματα,

225 5715 310 5779 ὼς
334 5714 436 5768 καὶ
460 5713 764 5784 ἀγγελικῆς
788 5709 929 5768 εἶναι
955 5711 1188 5786 θεωρίας
1213 5716 1360 5783 ἄξια.

1921 4725 1986 4764 ac
2020 4708 2331 4778 disciplinis
2350 4707 2507 4762 vobis
2527 4706 2807 4777 provenit.
2829 4705 3050 4761 Utinam
3086 4718 3218 4773 ergo
3245 4718 3346 4773 per
3384 4701 3500 4755 ha:c

1922 4799 2079 4855 dilati
2125 4798 2270 4864 sitis,
2311 4798 2517 4852 utinam
2568 4812 2797 4867 regnum
2838 4794 3046 4865 adepti,
3096 4800 3157 4847 ut
3187 4800 3243 4847 et
3272 4806 3371 4846 nos
3405 4790 3500 4860 qui

1922 4892 2080 4948 vobis
2116 4892 2316 4947 divina:
2345 4890 2557 4945 semina
2590 4887 2921 4957 cognitionis
2961 4902 3026 4941 ac
3065 4885 3334 4940 virtutum
3361 4882 3502 4954 jeci-

1922 5000 2069 5052 mus,
2113 5000 2222 5039 una
2270 4983 2557 5038 vobiscum
2596 4994 2908 5049 regnemus.
2950 4979 3156 5034 Verum
3202 4978 3390 5041 timeo,
3431 4990 3502 5030 ne

1920 5085 2107 5134 vestra
2149 5093 2260 5131 non
2314 5076 2387 5130 ita
2434 5089 2493 5129 se
2538 5073 2796 5127 habeant.
2829 5092 2848 5122 ‹
2883 5071 3193 5142 Apostolus.
3228 5090 3245 5122 ι
3278 5068 3500 5123 Multam

1898 5166 2410 5237 ‘habetemphasim
2442 5164 2587 5234 quod
2606 5164 2681 5218 ait
2702 5181 2746 5217 ει
2770 5164 2880 5219 Nos
2903 5164 3199 5234 apostolos,
3226 5181 3243 5214 ι
3272 5162 3378 5216 hoc
3393 5167 3498 5225 est,

1923 5260 2019 5333 qui
2048 5266 2201 5314 tanta
2235 5272 2337 5328 pro
2361 5255 2581 5312 Christo
2610 5256 2754 5327 passi
2785 5271 2995 5311 sumus.
3027 5275 3045 5307 ι
3074 5253 3345 5320 Quoniam
3370 5267 3498 5322 spe-

1927 5353 2201 5409 ctaculum
2238 5350 2368 5406 facti
2402 5365 2614 5405 sumus.
2647 5369 2666 5401 ι
2712 5348 2891 5415 Unde,
2920 5348 3120 5419 inquit,
3152 5347 3401 5402 adducor
3439 5351 3500 5398 ut

1927 5444 2233 5502 existimem
2286 5442 2434 5514 quod
2474 5442 2741 5513 postremi
2792 5442 2921 5499 facti
2969 5441 3188 5498 simus?
3226 5437 3497 5506 Quoniam

1923 5538 2300 5610 spectaculum
2354 5534 2546 5593 mundi
2594 5553 2787 5593 sumus
2821 5553 2835 5592 :
2868 5538 2975 5592 hoc
3002 5543 3108 5600 est,
3142 5549 3252 5588 non
3282 5532 3339 5584 in
3386 5545 3499 5584 uno

1923 5631 2124 5702 angulo
2155 5631 2296 5686 mala
2330 5630 2653 5693 tolerantes,
2696 5629 2790 5685 sed
2828 5627 3034 5697 ubique
3084 5615 3358 5679 terrarum
3391 5639 3404 5676 :
3440 5628 3498 5676 et

1925 5734 2021 5774 vos
2052 5720 2162 5787 jam
2196 5735 2426 5790 regnum
2467 5719 2795 5776 somniatis?
2832 5716 3099 5783 Quoniam
3144 5719 3326 5764 autem
3380 5711 3498 5766 haec
3538 5762 3543 5765 Α

231 5809 375 5864 dicit
401 5809 470 5865 de
510 5811 791 5881 apostolis,-
820 5810 1061 5865 ostendit
1085 5810 1307 5868 illorum
1343 5814 1808 5872 existimationem
1848 5832 2044 5872 vanam
2072 5831 2214 5879 esse,
2243 5831 2305 5870 ac
2332 5814 2603 5870 fallacem.
2637 5831 2653 5864 ι
2703 5812 2766 5866 Ει
2804 5809 3032 5881 angelis.
3062 5824 3091 5855 ·›
3159 5802 3333 5868 Talia,
3406 5804 3496 5857 lno

233 5898 383 5969 quit,
408 5910 538 5956 sunt
564 5909 745 5957 nostra
768 5900 1084 5968 certamina,
1110 5911 1169 5957 ut
1189 5906 1433 5973 angelico
1457 5905 1622 5962 etiam
1651 5908 1811 5971 digna
1851 5910 1959 5965 sint
1987 5917 2233 5970 aspectu.
