3872 6590
437 379 535 496 6θὶ
1460 428 1853 492 (ECUMENII
1896 428 2187 490 TRICCE
2230 430 2574 494 EPISCOPI
3551 440 3638 506 692

506 547 670 620 453
705 567 720 598 ι
755 545 866 604 Nos
894 545 1047 603 stulti
1080 552 1306 617 propter
1329 544 1661 601 Christum»
1691 545 1869 601 Etiam
1901 545 2007 600 hoc

2187 566 2206 600 ι
2255 547 2450 619 Ἡμεῖς
2477 548 2652 621 μωροὶ
2672 548 2760 603 διὰ
2787 547 3043 621 Χριστόν.
3092 566 3111 600 ι
3139 549 3250 603 Καὶ
3296 548 3442 618 τοῦτο
3488 551 3638 625 ἐντρε-

438 639 841 709 pudefacientis
881 651 986 694 est.
1036 638 1148 694 Nos
1195 647 1255 692 ut
1284 637 1444 692 video
1483 637 1638 692 stulti
1671 651 1888 702 sumus,
1915 653 1967 706 qt

2111 641 2343 705 πτικῶς.
2409 641 2623 711 Ἡμεῖς,
2673 641 2858 712 φησὶν,
2915 640 2992 704 ὡς
3073 641 3204 712 ὁρῶ,
3270 642 3432 711 μωροί
3483 645 3637 714 ἔσμεν,

441 734 569 788 talia
614 733 728 802 pati
767 732 1124 786 sustinemus.
1183 749 1202 780 ι
1250 729 1360 784 Vos
1386 738 1568 783 autem
1600 729 1900 798 prudentes
1925 745 1970 783 es

2111 730 2336 784 τοιαῦτα
2381 732 2613 801 πάσχειν
2665 733 3005 802 ἀνεχόμενοι.
3039 750 3058 782 ι
3103 732 3290 801 Ὑμεῖς
3331 732 3385 786 δὲ
3430 734 3640 805 φρόνιμοί

445 827 536 888 tis,
577 844 596 876 ι
645 826 738 892 qui
779 825 851 877 ita
885 834 1068 876 vestra
1099 821 1509 890 disposueritis,
1537 830 1595 874 ut
1630 821 1740 892 jam
1771 821 1974 892 regneti

2113 823 2259 876 ἐστε.
2298 839 2318 874 ›
2376 821 2562 885 Οὕτως
2583 821 2654 875 τὰ
2674 822 2791 876 καθ’
2815 822 3041 885 ἑαυτοὺς
3097 822 3547 892 οίκονομήσαντες,
3585 827 3642 889 ὡς

443 923 495 976 in
524 921 764 983 Christo,
804 919 858 974 id
891 928 996 977 est.
1029 921 1082 973 in
1117 918 1284 973 rebus
1311 933 1432 986 qua:
1469 917 1750 973 Christum
1780 931 1972 972 conch

2116 913 2214 983 ἤδη
2277 915 2373 968 καὶ
2431 914 2742 985 βασιλεύειν
2799 915 2858 968 ὲν
2903 914 3148 986 Χριστῷ,
3204 915 3232 967 ὃ
3267 917 3428 980 ἐστιν,
3470 918 3523 969 ὲν
3559 921 3645 982 τοῖς

440 1022 597 1068 nunt.
634 1012 841 1066 Deinde
871 1011 1156 1082 subiungit
1186 1010 1332 1079 quod
1381 1009 1684 1064 imbecilles
1709 1025 1930 1080 quoque
1959 1026 1969 1062 ι

2115 1007 2255 1062 κατὰ
2315 1007 2552 1078 Χριστὸν
2609 1007 2953 1078 πράγμασιν.
3017 1004 3152 1060 Εἶτα
3198 1005 3408 1074 ἐπάγει,
3458 1006 3529 1061 ὅτι
3573 1012 3644 1063 καὶ

443 1105 660 1174 inglorii
709 1119 774 1158 ac
817 1103 1148 1157 necessariis
1177 1102 1346 1157 rebus
1391 1109 1638 1172 egentes.
1683 1102 1790 1158 Vos
1831 1111 1972 1156 aute:

2115 1097 2362 1161 ἀσθενεῖς
2385 1096 2484 1150 καὶ
2514 1098 2723 1166 ἄτιμοι,
2773 1097 2864 1150 καὶ
2911 1094 3021 1148 τῶν
3081 1095 3394 1162 ἀναγκαίων
3451 1094 3642 1159 ἐνδεεῖς·

323 1239 326 1243 .
441 1195 664 1249 omnino
689 1211 718 1248 e
747 1194 969 1249 diverso
993 1236 1006 1257 ,
1037 1202 1298 1264 tanquam
1337 1194 1440 1248 hoc
1470 1193 1762 1249 ostendere
1787 1201 1852 1247 vo

2117 1190 2272 1259 ὑμεῖς
2310 1189 2367 1242 δὲ
2407 1189 2517 1242 πᾶν
2545 1187 2856 1242 τούναντίον
2882 1204 2895 1218 ·
2931 1187 3092 1242 τοῦτο
3139 1186 3563 1250 κατασκευάζων,
3583 1189 3646 1241 ὅτι

441 1300 543 1338 nos
576 1285 755 1353 potius
788 1293 1046 1354 oportere
1083 1285 1244 1339 bonis
1279 1283 1408 1350 frui,
1445 1286 1540 1355 qui
1571 1284 1869 1340 modestias
1891 1285 1966 1339 tul

2118 1285 2265 1353 ἡμᾶς
2312 1283 2514 1352 μᾶλλον
2548 1282 2656 1336 ἔδει
2686 1282 2812 1346 τοὺς
2839 1282 3213 1343 κοπιάσαντας
3230 1279 3326 1332 καὶ
3346 1279 3647 1349 κεκμηκότας

442 1393 587 1441 mus,
616 1393 678 1431 ac
719 1377 1113 1440 laboravimus,
1148 1392 1312 1445 quam
1353 1391 1472 1442 vos,
1500 1378 1594 1445 qui
1624 1377 1677 1431 in
1708 1377 1862 1431 nullo
1887 1376 1971 1430 fati

2118 1373 2410 1427 ἀπολαύειν
2429 1371 2539 1426 τῶν
2561 1371 2803 1440 ἀγαθῶν,
2819 1387 2894 1424 πα
2903 1370 2948 1440 ρ’
2984 1371 3128 1440 ὑμᾶς
3145 1371 3272 1433 τοὺς
3305 1369 3378 1440 μὴ
3395 1369 3647 1421 κοπιάσαν-

441 1470 552 1540 gati
596 1469 728 1525 estis
765 1486 778 1522 :
811 1469 958 1538 quod
990 1469 1035 1522 si
1073 1483 1173 1522 nos
1207 1467 1452 1522 nondum
1481 1467 1751 1533 fruimur,
1795 1468 1888 1522 sed
1923 1483 1970 1522 at

2119 1483 2236 1530 τας.
2266 1465 2328 1518 Ei
2361 1465 2416 1518 δὲ
2444 1466 2604 1536 ἡμεῖς
2651 1462 2804 1518 οὔπω
2849 1462 3221 1532 ἀπολαύομεν,
3261 1459 3374 1514 ἀλλ’
3397 1459 3472 1512 ἔτι
3516 1459 3648 1529 ἐσμὲν

441 1565 551 1618 huc
587 1563 726 1616 mala
753 1562 1016 1631 patimur,
1056 1562 1333 1630 quomodo
1365 1576 1464 1616 vos
1496 1570 1750 1631 tanquam
1780 1562 1965 1630 praemi

2120 1560 2179 1612 ὲν
2207 1559 2286 1626 τῷ
2308 1559 2540 1628 πάσχειν
2557 1557 2764 1624 κακῶς,
2797 1556 2915 1620 πῶς
2963 1556 3122 1626 ὑμεῖς
3179 1554 3256 1619 ὡς
3314 1553 3412 1624 ἤδη
3448 1552 3649 1622 ἀμοιύων

442 1671 543 1725 per
573 1655 716 1707 dona
761 1653 1027 1717 fruentes,
1076 1663 1132 1708 et
1158 1653 1314 1723 quasi
1345 1653 1454 1723 jam
1485 1668 1714 1723 regnum
1754 1653 1971 1708 coelorm

2120 1650 2554 1713 ἀπολελαυκότες
2573 1649 2663 1704 διά
2692 1649 2802 1703 τῶν
2827 1649 3206 1719 χαρισμάτων,
3241 1645 3337 1699 καὶ
3369 1644 3440 1708 ὡς
3461 1645 3549 1714 ἤδη
3573 1644 3649 1714 τὴν

445 1748 500 1800 in
547 1745 805 1801 manibus
838 1746 1105 1801 habentes
1133 1744 1302 1818 (quod
1333 1747 1586 1815 superius
1627 1745 1896 1816 designat.
1937 1744 1970 1799 d

2125 1749 2405 1822 βασιλείαν
2435 1749 2544 1801 τῶν
2598 1747 2845 1818 οὐρανῶν
2892 1745 3108 1814 ἔχοντες
3162 1742 3222 1795 ιν
3269 1740 3450 1811 χερσὶν
3492 1740 3649 1810 (ἤνπερ

443 1853 575 1895 cens
616 1855 630 1892 :
681 1857 700 1890 ι
748 1837 866 1893 Jam
899 1853 1128 1908 regnum
1157 1838 1341 1907 adepti
1367 1838 1502 1892 estis
1535 1857 1554 1890 ι
1587 1839 1606 1907 )
1635 1837 1920 1907 magniﬁce
1950 1836 1972 1890 ὁ

2122 1844 2235 1897 ἀνω
2301 1840 2449 1908 λέγει
2524 1839 2606 1892 ὃτι
2671 1857 2690 1890 ι
2743 1835 3162 1893 Ἐϐασιλεύσατε
3201 1854 3220 1886 ι
3251 1833 3294 1903 ),
3345 1831 3479 1902 μέγα
3547 1847 3651 1900 φρο-

442 1931 602 1983 vobis
639 1930 878 1993 sentitis,
930 1939 986 1984 et
1035 1943 1134 1984 vos
1179 1930 1328 1999 ipsos
1365 1930 1619 2000 iactatis?
1653 1948 1670 1981 ι
1707 1928 1818 1984 Nos
1864 1929 1969 1982 stul

2121 1935 2284 1996 νεῖτε,
2315 1933 2408 1985 καὶ
2434 1927 2826 1995 ἁλαζονεύεσθε
2857 1945 2873 1992 ;
2905 1946 2924 1979 ι
2973 1927 3168 1996 Ἡμεῖς
3214 1925 3385 1994 μωροὶ
3433 1921 3514 1976 διὰ
3547 1923 3650 1991 Χρι-

444 2031 670 2090 propter
721 2020 1004 2075 Christum
1043 2036 1057 2073 :
1105 2039 1124 2072 ι
1162 2021 1266 2076 hoc
1317 2029 1423 2080 est.
1471 2021 1623 2077 stulti
1688 2036 1973 2089 apparemu

2122 2026 2264 2079 στόν.
2303 2044 2322 2077 ι
2362 2024 2643 2088 Τουτέστι,
2691 2023 2770 2076 Δι’
2799 2021 2961 2074 αὐτὸν
3020 2019 3198 2089 μωροὶ
3241 2015 3544 2086 φαινώμεθα
3580 2014 3651 2066 καὶ

446 2110 784 2166 ευσειοεηύο.
816 2111 926 2168 Vos
965 2121 1172 2176 autem,
1209 2128 1333 2167 cum
1374 2113 1511 2167 nihil
1553 2111 1871 2182 patiamini,
1899 2127 1969 2181 op

2118 2117 2445 2188 πάσχοντες,
2476 2116 2635 2186 ὑμεῖς
2670 2115 2727 2168 δὲ
2769 2113 2827 2178 ἐξ
2855 2115 3108 2183 οἰήσεως,
3137 2109 3235 2163 καὶ
3271 2107 3345 2178 μὴ
3379 2107 3646 2171 πάσχοντες,

444 2201 614 2256 nione
664 2212 846 2257 vestra
905 2202 1113 2257 habere
1176 2202 1442 2258 videmini
1497 2202 1702 2257 Christi
1766 2216 1973 2272 regnun

2121 2210 2380 2278 φαίνεσθε
2409 2209 2557 2279 ἔχειν
2585 2208 2686 2280 τὴν
2715 2207 2811 2261 τοῦ
2842 2203 3082 2277 Χριστοῦ
3119 2201 3418 2273 βασιλείαν.
3457 2198 3581 2259 Ἕως
3608 2196 3650 2248 δὲ

444 2293 618 2348 Porro
646 2294 714 2348 ad
740 2294 904 2348 ﬁnem
936 2311 1109 2364 usque
1135 2297 1422 2352 sententiae
1446 2311 1630 2350 sermo
1659 2311 1758 2365 per
1783 2295 1973 2350 ironia:

2121 2301 2294 2367 κάτω,
2347 2301 2491 2354 κατά
2543 2297 2851 2369 εἰρωνείαν,
2910 2299 2939 2350 ό
2993 2295 3150 2364 λόγος
3216 2291 3363 2360 αὐτῷ
3403 2290 3647 2360 προῆκται.

445 2384 549 2455 ipsi
584 2391 872 2455 processit.
910 2405 929 2439 ι
976 2389 1056 2441 Ad
1102 2387 1209 2442 hoc
1241 2403 1417 2458 usque
1449 2397 1684 2457 tempus.
1723 2406 1742 2441 ι
1786 2387 1974 2444 Οιηίιιι

2126 2413 2146 2446 ι
2178 2395 2341 2463 Ἀχρι
2371 2392 2471 2462 τῆς
2493 2392 2618 2462 ἄρτι
2647 2391 2818 2462 ὥρας.
2857 2409 2876 2444 ι
2920 2389 3045 2454 Ἐῶ,
3068 2387 3226 2457 φησὶ,
3253 2383 3326 2439 τὰ
3355 2380 3559 2444 παλαιὰ,
3580 2378 3633 2431 τὰ

446 2477 647 2546 inquit.
675 2486 886 2538 vetera,
919 2479 1211 2546 praesentia
1257 2488 1468 2534 tantum
1507 2479 1691 2534 refero
1722 2479 1777 2533 in
1819 2480 1975 2550 quihu

1288 2489 1468 2534 antum
1507 2479 1691 2534 refero
1722 2479 1777 2533 in
1819 2480 2019 2550 quibus
2118 2484 2220 2540 νῦν
2259 2479 2602 2554 λέγω,ὲνοῖς
2629 2484 2817 2554 ὶσμιν.

448 2568 732 2623 constituti
765 2584 980 2623 sumus.
2280 2622 2289 2632 .

517 2657 608 2724 IV,
642 2659 726 2722 Η,
759 2661 844 2714 i5.
876 2660 948 2714 Et
969 2663 1228 2715 esurimus
1266 2670 1315 2714 et
1334 2662 1538 2715 sitimus
1567 2679 1628 2715 ac
1659 2664 1785 2716 nudi
1817 2679 2018 2727 sumus,

2193 2670 2301 2726 Καί
2336 2669 2654 2738 πεινῶμεν,
2684 2668 2780 2722 καί
2795 2667 3087 2736 διψῶμεν,
3115 2662 3218 2718 καὶ
3235 2659 3645 2732 γυμνητεύομενο

448 2749 788 2820 colaphisque
833 2753 1109 2816 «edimur,
1161 2761 1210 2805 et
1255 2755 1466 2806 incertis
1495 2771 1756 2822 vagamur
1791 2755 1977 2808 sedibu.

2123 2762 2221 2816 καὶ
2240 2761 2692 2832 κολαφιζόμεθα,
2711 2760 2806 2814 καί
2837 2759 3241 2827 ἀστατοῦμεν,
3279 2753 3374 2809 καί
3389 2749 3651 2817 κοπιῶμεν,

448 2853 496 2896 et
540 2843 834 2913 fatigamur
854 2846 1080 2914 prapriis
1121 2843 1420 2898 laborantes
1452 2846 1692 2900 manibus
1716 2862 1734 2899 :
1764 2846 1903 2900 male
1926 2863 1977 2900 at

2123 2853 2502 2924 ἐργαζόμενοι
2550 2853 2683 2920 ταῖς
2706 2852 2881 2916 ἰδίαις
2904 2851 3101 2920 χερσί.
3118 2841 3652 2915 Λοιόορούμενοι.εὑ-

449 2935 668 2999 dientes,
709 2936 1060 2991 benedicimus
1094 2939 1553 3006 :persecutionem
1585 2941 1864 3007 patientes,
1903 2955 1978 2992 aut

2125 2947 2450 3016 λογοῦμεν,
2510 2945 2858 3015 διωκόμενοι
2888 2943 3248 3013 ἀνεχόμεθα,
3298 2933 3648 3005 ,βλασφημού-

451 3025 676 3078 tinemus
711 3041 730 3078 :
771 3027 1016 3080 conviciis
1065 3027 1254 3096 affecti,
1309 3027 1642 3082 obsecramus
1675 3044 1694 3082 :
1739 3029 1899 3082 ueluti
1936 3045 1980 3083 ea

2123 3055 2296 3110 μενοι
2349 3039 2833 3108 παρακαλοῦμεν,
2865 3038 2946 3103 ὡς
2979 3033 3453 3104 περικαθάρματα
3479 3027 3568 3082 τοῦ
3584 3026 3649 3079 κόι

451 3126 717 3170 crementa
753 3119 938 3171 mundi
971 3119 1099 3188 facti
1124 3134 1326 3183 sumus,
1357 3121 1593 3174 omnium
1627 3121 1922 3190 peripsema
1955 3138 1980 3174 ο

2129 3145 2290 3201 σμου
2323 3131 2715 3201 ἐγενήθημεν,
2764 3129 3008 3183 πάντων
3033 3127 3350 3196 περίψημα
3389 3121 3492 3186 ἕως
3513 3119 3632 3186 ἀρτι-

451 3208 546 3261 Itoc
566 3223 730 3278 usque
758 3218 982 3279 tempus.
2055 3229 2098 3288 ο

521 3299 602 3354 Ad
643 3316 740 3355 eos
781 3302 876 3371 qui
920 3301 1138 3356 deliciis
1178 3299 1479 3358 afﬂuebant
1509 3301 1715 3358 dicitur
1755 3319 1770 3356 :
1811 3323 1830 3356 ι
1867 3304 2031 3360 Cola-

2202 3314 2344 3386 Πρὸς
2409 3313 2537 3377 τοὺς
2601 3311 2946 3382 τρυφῶντας,
2981 3309 3102 3374 καὶ,
3137 3328 3157 3360 ι
3201 3300 3649 3374 Κολαφιζόμεθα.»

451 3388 577 3471 phis
601 3391 892 3456 caedimur;
938 3409 958 3443 ι
999 3391 1068 3446 ad
1099 3407 1196 3447 eos
1224 3392 1318 3462 qui
1361 3392 1838 3459 intumescebant,
1885 3412 1902 3445 ι
1947 3393 1980 3448 ιι

2132 3406 2278 3478 Πρὸς
2329 3406 2456 3469 τοὺς
2505 3403 2984 3475 πεφυσιωμένους,
3017 3421 3038 3455 ι
3086 3398 3507 3468 ’Δστατοῦμεν,ι
3539 3408 3650 3447 sou:-

453 3481 620 3536 certis
640 3497 904 3554 vagamur
934 3483 1182 3548 sedibus,
1219 3503 1237 3536 ι
1271 3483 1327 3537 id
1357 3493 1462 3549 est,
1482 3483 1554 3538 ob
1588 3483 1982 3552 persecutione:

2133 3500 2248 3554 ἐστι
2299 3498 2612 3566 διωκόμεθα
2659 3495 2850 3550 στάσιν
2908 3495 2983 3565 μὴ
3045 3493 3287 3563 ἔχοντες.
3315 3509 3334 3543 ι
3377 3485 3649 3559 Ἐργαζόμι-

454 3582 666 3627 certum
713 3589 824 3628 non
873 3574 1143 3629 habemus
1176 3575 1520 3630 consistendi
1551 3576 1754 3630 locum.
1793 3596 1812 3629 ι
1856 3578 1983 3632 ιεικ

2133 3608 2235 3646 νοι.
2278 3609 2296 3641 ι
2350 3590 2537 3644 Ταῦτα
2601 3588 2678 3652 ὠς
2731 3589 2869 3659 πρὸς
2932 3587 3060 3650 τοὺς
3118 3585 3346 3657 κέρδους
3393 3583 3555 3636 ἕνεκεν
3588 3576 3651 3630 tul

456 3670 664 3718 rantes.
700 3683 718 3716 ι
749 3664 874 3719 Hac
897 3666 964 3719 ad
990 3666 1114 3720 illos
1144 3665 1461 3720 referuntur
1486 3667 1581 3754 qui
1605 3669 1744 3722 lucri
1764 3684 1829 3722 ac
1854 3684 1985 3738 quae:

2135 3680 2408 3751 πορισμοῦ
2428 3677 2838 3749 ἐπιχειροῦντας
2869 3678 2931 3731 τὸ
2957 3677 3280 3747 κηρύσσειν.
3317 3673 3510 3741 Ἡμεῖς,
3536 3667 3651 3737 φησὶ.

461 3763 550 3808 tus
594 3769 759 3812 causa
809 3756 878 3809 ad
933 3756 1380 3825 praedicationem
1405 3758 1765 3814 accedebant.
1793 3759 1924 3825 Nos,
1953 3759 1990 3813 it

2135 3771 2420 3840 κοπιῶμεν
2458 3771 2840 3842 ἐργαζόμενοι.
2893 3769 3334 3839 Λοιόορούμενοι,
3372 3763 3652 3830 διωκόμεναι

460 3845 604 3914 quit,
637 3845 930 3916 fatigamur
967 3848 1205 3917 prapriis
1234 3859 1528 3918 operantes
1572 3851 1846 3917 manibus,
1893 3851 1989 3906 mal

2141 3863 2648 3934 βλασφημούμενοι,
2685 3863 2746 3915 οὐ
2775 3861 3232 3934 δυσχεραίνομεν,
3257 3857 3390 3913 ἀλλὰ
3423 3855 3653 3926 χαίρομεν·

461 3936 771 4003 audientes,
836 3941 1281 4008 persecutionem
1341 3944 1716 4010 sustinentes,
1771 3945 1983 4000 convici

2137 3952 2219 4008 διὸ
2289 3954 2383 4006 καὶ
2439 3953 2788 4022 εὐλογοῦμεν.
2853 3971 2871 4003 ι
2918 3952 3256 4020 Διωκόμενοι
3327 3943 3651 4018 ἀνεχόμεθα.»

461 4030 644 4086 aﬂecti
670 4047 780 4086 non
815 4032 1190 4104 indignamur,
1223 4035 1318 4090 sed
1343 4037 1647 4106 gaudemus
1671 4055 1685 4103 ;
1709 4037 1833 4094 ideo
1867 4038 1990 4114 etial

2139 4044 2313 4098 Τοῦτό
2357 4048 2474 4098 ἐστι
2509 4043 2692 4114 μωρὸν
2741 4042 2997 4112 γενέσθαι
3044 4043 3132 4096 διὰ
3177 4041 3426 4115 Χριστόν.
3486 4035 3542 4090 οῑ
3579 4032 3657 4100 γὰρ

460 4122 863 4179 benedicimus.
912 4143 929 4177 ι
976 4125 1420 4182 Persecutionem
1475 4129 1748 4198 patientes
1799 4130 1989 4184 ευειίιιι

2139 4137 2313 4190 ταῦτα
2343 4136 2647 4206 πάσχοντες
2705 4134 2803 4189 καὶ
2863 4134 2939 4205 μὴ
2991 4134 3371 4206 ἀντιδρῶντες,
3425 4127 3543 4183 ἀλλά
3586 4121 3655 4177 καὶ

465 4231 606 4270 mus.
647 4233 666 4267 ι
714 4215 831 4272 Hoc
875 4225 962 4272 est
1008 4218 1240 4273 stultum
1292 4218 1412 4274 fieri
1463 4228 1689 4289 propter
1732 4219 1994 4276 Christnn

2140 4228 2255 4291 τοῖς
2278 4226 2664 4298 χρηστοτέροις
2697 4227 3076 4296 ἀμειϐόμενοι,
3110 4226 3288 4297 μωροὶ
3349 4225 3454 4286 τοῖς
3495 4214 3657 4286 ἀνθρώ·

463 4306 568 4376 Qui
611 4310 757 4364 enim
796 4310 915 4365 haec
957 4311 1244 4380 patiuntur
1279 4326 1380 4366 nec
1413 4318 1742 4382 repugnant,
1781 4312 1916 4381 quin
1945 4328 1992 4381 [ιι

2143 4336 2266 4382 ποις
2295 4317 2630 4389 νομίζονται.
2663 4337 2682 4370 ι
2733 4319 2824 4380 Ὠς
2850 4317 3342 4390 περικαθάρματα.
3381 4335 3401 4370 ι
3427 4309 3657 4369 Tentis-1w

468 4401 578 4454 tius
633 4399 823 4454 verbis
889 4400 1360 4455 commodioribns
1425 4400 1800 4470 respondent,
1888 4403 1996 4456 stul

2144 4411 2220 4474 ὡς
2243 4409 2582 4480 ἀκαθαρσία,
2623 4409 2699 4472 ὼς
2729 4410 2916 4479 ἀτιμοι
2949 4410 3046 4464 καὶ
3074 4410 3304 4479 φευκτοὶ
3356 4403 3654 4474 ἐγενήθημεν.

464 4491 611 4562 apud
651 4491 906 4547 homines
930 4491 1336 4546 existimantur.
1371 4492 1584 4546 «Veluti
1608 4500 1982 4553 excrementa,

2148 4497 2280 4555 Εῐτα
2295 4501 2385 4554 ῖνα
2415 4501 2488 4571 μὴ
2515 4500 2812 4569 νομίσωσιν
2842 4501 2925 4555 ὅτι
2972 4501 3170 4564 αὐτοὺς
3204 4502 3484 4555 αἰνίττεται
3513 4488 3659 4565 (πολλὰ

465 4584 571 4640 hoc
605 4595 710 4648 est,
755 4593 1012 4653 tanquam
1047 4582 1416 4646 immunditia,
1455 4581 1535 4636 sic
1578 4582 1793 4653 inglorii
1823 4591 1879 4637 et
1911 4599 1994 4638 cor

2148 4593 2258 4664 γὰρ
2271 4587 2338 4662 ἦν
2355 4590 2656 4660 ὑπομείνας
2672 4592 2728 4644 ὲν
2742 4591 3038 4663 Κορίνθῳ),
3063 4611 3080 4644 ι
3108 4591 3216 4646 Τοῦ
3231 4592 3447 4661 κόσμου,
3481 4607 3497 4639 ι
3519 4582 3657 4652 φησῖνι

467 4677 660 4733 temnti
692 4674 821 4730 facti
869 4689 1082 4729 sumus.
1116 4672 1324 4727 Deinde
1359 4688 1426 4728 ne
1461 4671 1626 4744 454
1660 4672 1996 4728 existimaret

2150 4685 2250 4754 οὐχ
2305 4684 2480 4754 ὑμῶν.
2520 4701 2539 4734 ι
2579 4683 3076 4754 Περικαθάρματα,
3109 4703 3130 4736 ι
3172 4683 3329 4737 ἀντὶ‹
3355 4681 3444 4735 τοῦ
3501 4671 3660 4741 ἀποψή-

467 4767 616 4838 quod
650 4767 799 4838 ipsos
825 4766 1140 4837 designaret
1171 4763 1318 4832 (nam
1354 4763 1605 4820 Corinthi
1646 4766 1815 4820 multa
1848 4782 1996 4836 passt

2151 4793 2363 4846 γματα,
2397 4775 2494 4830 καὶ
2513 4773 2704 4846 ὥσπερ
2730 4774 3146 4846 ἀποσαρὼματα
3172 4773 3485 4842 γεγόναμεν,
3533 4767 3659 4832 ἧγουν

467 4858 608 4929 erat)
639 4876 652 4911 :
699 4876 718 4910 ι
755 4859 967 4924 Mundi,
1007 4877 1024 4939 ι
1053 4857 1252 4926 inquit,
1282 4872 1394 4911 non
1416 4865 1619 4911 vestra.
1659 4875 1678 4909 ‹
1712 4857 1996 4914 Excremet

2155 4864 2423 4928 σκύσαλα,
2491 4867 2636 4936 ἀπερ
2698 4865 2893 4928 κοινῶς
2954 4863 3532 4935 ἀποφάσκωλήματα.
3562 4852 3660 4908 Ὑπὸ

472 4959 546 5005 ta.
587 4967 606 5000 ι
644 4951 761 5005 Hoc
793 4960 899 5013 est,
941 4949 1227 5020 putamina
1275 4955 1334 5003 et
1383 4957 1743 5020 purgamenta
1779 4948 1908 5004 facti
1954 4965 2001 5006 st

2153 4957 2374 5011 πάντων
2410 4954 2836 5026 εὐτελιζόμενοι,
2882 4956 2978 5010 καὶ
3007 4956 3227 5009 πάντων
3289 4941 3661 5018 ἀποκαθάρμτά

472 5053 617 5099 mus.
656 5039 770 5093 sive
803 5040 1025 5103 rudera,
1057 5054 1179 5109 qua:
1223 5039 1596 5094 communiter
1645 5038 2001 5108 ἀποφιλοκαλι

2154 5051 2344 5119 ισμεν,
2377 5049 2730 5114 ὑποτιθέντες
2785 5050 3012 5112 ἑαυτοὺς
3075 5050 3241 5105 πᾶσιν
3278 5045 3562 5116 ἀνθριῖητοις
3599 5033 3660 5087 διὰ

475 5149 622 5202 ματα
643 5129 926 5186 dicuntur.
954 5132 1035 5187 Ab
1057 5132 1316 5187 omnibus
1334 5131 1749 5202 vilipendimur,
1773 5133 2004 5187 omnium

2154 5124 2412 5210 Χριστόν.
2450 5158 2472 5192 ‹
2511 5139 2738 5195 Πάντων
2769 5139 3079 5212 περίψημα.
3109 5158 3128 5192 ι
3170 5140 3258 5202 Ὠς
3286 5132 3504 5197 είεῐπεν,
3531 5127 3661 5194 Χάριν

472 5238 580 5294 que
626 5235 978 5278 excrementa
1013 5240 1205 5279 sumus
1240 5239 1342 5280 nos
1382 5223 1530 5294 ipsos
1567 5223 1830 5280 omnibus
1874 5225 1995 5296 subj

2157 5231 2266 5302 ἔχω
2316 5233 2502 5286 πᾶσιν.
2531 5231 2988 5304 Βαρυθυμοῦντος
3049 5233 3108 5287 δὲ
3153 5231 3298 5301 λέγει
3344 5229 3559 5300 ῥήματα,
3601 5218 3661 5268 ἵνα

475 5316 687 5372 cientes
731 5314 1051 5371 hominibus
1097 5324 1323 5386 propter
1370 5315 1673 5372 Christum.
1726 5334 1745 5368 ι
1794 5314 2004 5372 Οιηηίιιι

2156 5324 2322 5395 πείσῃ
2347 5324 2546 5388 αὐτοὺς
2579 5325 2656 5394 μὴ
2685 5327 2905 5396 φρονεῖν
2934 5325 3100 5395 μέγα.
3123 5325 3188 5377 El.
3209 5324 3316 5392 γὰρ
3331 5319 3499 5391 ἡμεῖςν
3518 5309 3657 5396 φησῖντ

478 5407 815 5478 peripsema.
851 5426 871 5460 ι
903 5407 981 5460 Ac
1013 5407 1058 5462 si
1088 5408 1296 5463 diceret
1335 5425 1349 5462 :
1381 5407 1624 5464 Gratiam
1656 5408 1913 5464 omnibus
1954 5408 2007 5465 ιιι

2154 5416 2204 5470 οί
2227 5393 2519 5470 ἀπόστολοι
2547 5393 2605 5470 ὲν
2625 5393 2856 5482 τούτοις,
2877 5393 3118 5486 τίύμεῖς
3157 5415 3299 5486 μέγα
3342 5408 3566 5482 φρονεῖτε
3599 5393 3659 5486 ἕλε’

476 5501 602 5557 beo.
645 5500 787 5558 Sunt
816 5508 1002 5555 autem
1030 5500 1202 5555 veluti
1235 5501 1478 5571 graviter
1512 5499 1739 5556 ferentis
1768 5500 1956 5562 verba.
1994 5516 2005 5554 ι

2155 5500 2238 5570 οἷς
2267 5505 2496 5560 ἐλάϐετε
2517 5506 2857 5577 χαρίσμασιν
2883 5505 2959 5568 ὡς
2980 5485 3081 5577 ἤδη
3110 5485 3334 5576 μεγάλοι
3353 5497 3486 5560 τινές
3509 5485 3659 5580 #18191.-

479 5593 615 5663 ipsis
643 5592 977 5665 persuadeat
1012 5609 1083 5648 ne
1113 5592 1400 5661 magniﬁce
1429 5592 1498 5648 de
1536 5608 1595 5648 se
1619 5593 1880 5649 sentiant.
1916 5593 2008 5649 Nat

2156 5599 2325 5667 ψημα
2351 5597 2406 5650 δὲ
2424 5596 2645 5666 λέγεται
2674 5597 2737 5651 τὸ
2783 5596 3075 5658 σάϐανον,
3103 5595 3132 5650 ὃ
3179 5593 3304 5656 τοὺς
3342 5587 3546 5658 ἱδρῶτας
3588 5589 3657 5673 τξυ

481 5685 526 5740 si
556 5701 677 5746 nos.
704 5685 905 5756 inquit,
935 5685 1166 5756 apostoli
1200 5684 1345 5739 inter
1367 5683 1484 5738 haec
1502 5698 1812 5747 versamur,
1840 5694 1900 5738 ut
1920 5683 2010 5753 qui

2163 5688 2465 5756 κάμνοντος
2545 5687 2839 5757 ἀποψήχει.
2873 5705 2894 5740 ι
2957 5687 3103 5747 Ἕως
3174 5685 3318 5756 ἀρτι.
3363 5699 3380 5734 ι
3412 5674 3538 5732 ’Δντὶ
3570 5681 3655 5726 τον,

479 5792 578 5834 vos
607 5777 902 5834 eﬁ‘erimini
928 5786 1156 5850 propter
1189 5793 1257 5835 ea
1288 5791 1410 5848 qua:
1453 5775 1746 5847 accepistis
1782 5774 1948 5839 dona,
1984 5790 2008 5829 a

2048 5818 2050 5826 ι
2161 5777 2302 5835 Οῦτε
2329 5777 2440 5848 γὰρ
2467 5776 2584 5845 νῦν,
2607 5776 3116 5849 φησὶν,ὲπαύσαντο
3133 5778 3182 5831 οί
3202 5768 3577 5842 ἐπηρεάζοντες·

481 5875 526 5931 si
557 5873 670 5946 jam
716 5875 902 5948 magni
947 5875 1154 5949 aliquid
1219 5876 1459 5937 essetis?
1521 5873 1815 5948 Περίᾴημα
1879 5888 2011 5954 vero
2079 5873 2282 5931 dicitur
2328 5876 2559 5933 σάόανον
2612 5876 2760 5946 quod
2800 5875 3100 5932 laborantis
3171 5870 3388 5929 sudores
3428 5852 3653 5925 absumi"
