3872 6572
194 433 304 496 693

1062 433 1447 496 COMMENT.
1489 433 1572 495 IN
1601 433 1842 496 EPIST.
1877 433 1907 494 Ι
1937 434 2037 495 ΑΙ)
2075 433 2444 496 CORINTH.

200 561 221 595 ι
255 541 341 599 Ad
385 543 493 598 hoc
521 557 697 613 usque
740 550 978 613 tempus.
1027 560 1046 594 ι
1082 541 1199 598 lloc
1236 549 1344 608 est,
1377 557 1447 600 ne
1492 559 1644 600 nunc
1671 541 1896 614 quidem
1922 543 2259 613 quieverunt
2286 542 2721 600 calumniatores
2747 550 2804 600 et
2861 541 2960 613 qui
3024 556 3129 598 nos
3195 541 3472 606 molesti-is

192 639 464 707 adiciunt.

254 740 385 791 οὐκ
397 737 700 804 ἐντρέπων
722 735 876 804 ὑμᾶς
899 737 1102 807 γράφω
1122 737 1328 804 ταῦτα,
1347 739 1485 794 ἀλλ’
1503 739 1584 806 ὡς
1598 738 1777 792 τέκνα

1959 737 2048 801 ιν,
2099 737 2185 800 Η,
2235 736 2322 791 i6.
2372 735 2497 789 Non
2547 743 2605 789 ut
2645 736 2843 805 pudore
2886 750 2976 788 vos
3020 733 3322 804 suffundam
3365 735 3476 788 hac

183 845 311 897 μου
342 827 624 895 ἀγαπητὰ
656 828 939 884 νουθετῶ.
995 829 1135 884 Ἐὰν
1162 830 1274 900 γὰρ
1317 832 1574 900 μυρίους
1616 831 1786 885 παιδ-

191 921 474 990 αγωγοὺς
500 921 679 990 ἔχητε
696 921 767 975 ἐν
787 922 1038 989 Χριστῷ,
1057 925 1198 978 ἀλλ’
1219 928 1292 979 οὐ
1313 923 1582 990 πολλοὺς
1604 925 1785 980 πατέ-

179 1027 326 1079 ρας.
377 1013 483 1067 Ἔν
522 1015 630 1084 γὰρ
657 1013 892 1082 Χριστῷ
928 1015 1122 1081 Ἰησοῦ
1145 1015 1245 1070 διὰ
1281 1016 1389 1070 τοῦ
1416 1016 1786 1086 Εὺαττελίου

1892 829 2137 891 dico,sed
2169 837 2428 898 tanquam
2457 826 2596 895 ﬁlios
2622 843 2761 881 meos
2783 827 3000 880 dilectos
3033 829 3305 877 admoneo.
3336 824 3474 878 Num

1893 920 2103 972 etiamsi
2165 920 2470 972 innumeros
2515 919 2829 989 paedagogos
2873 917 3114 970 habeatis
3146 917 3199 968 iu
3245 916 3472 979 Christo,

1894 1029 2000 1067 non
2035 1012 2228 1066 multos
2263 1022 2441 1066 tamen
2487 1022 2685 1080 patres.
2715 1010 2986 1080 Siquidem
3019 1012 3072 1063 in
3113 1008 3324 1063 Christo
3351 1009 3478 1062 Jesu

184 1101 313 1170 ἐγὼ
334 1101 492 1170 ὑμᾶς
519 1102 844 1174 ἐγέννησα.
862 1106 1196 1172 Παρακαλῶ
1213 1105 1326 1164 οὖν
1342 1109 1520 1179 ὑμᾶς,
1540 1111 1790 1179 μιμηταί

1905 1123 1990 1175 per
2030 1106 2381 1177 Evangelium
2408 1121 2501 1176 ego
2541 1121 2626 1160 vos
2657 1106 2834 1176 genui.
2861 1104 3128 1160 Adhortor
3149 1106 3328 1174 itaque
3364 1119 3475 1168 uos,

178 1208 314 1260 μου
337 1194 600 1262 γίνεσθε.

265 1287 386 1356 οὐχ
411 1287 522 1350 ἵνα,
546 1290 704 1360 φησὶ,
726 1291 1092 1362 καταισχύνω
1117 1294 1285 1364 ὑμᾶς,
1337 1295 1512 1348 ταῦτα
1549 1295 1786 1366 ἔγραψα,

186 1375 317 1429 ἀλλ’
343 1379 435 1432 ἵνα
459 1383 789 1452 νουθετήσω.
815 1384 877 1437 Ει
895 1386 1010 1456 ,γὰρ
1031 1387 1108 1450 ὡς
1147 1389 1314 1440 τέκνα
1336 1388 1555 1455 ἀγαπῶ,
1600 1389 1788 1460 δηλον-

183 1469 273 1522 ότι
314 1469 498 1526 πάντα
551 1473 688 1542 πρὸς
717 1474 992 1544 ὠῃέλειαν
1041 1479 1197 1547 ὑμῶν
1254 1479 1412 1532 ποιῶ.
1449 1480 1526 1534 Οὐ
1555 1481 1664 1553 γὰρ
1714 1480 1790 1546 ὡς

190 1559 634 1629 μαθηταῖς,άλλ⁹
651 1565 726 1628 ὡς
743 1568 958 1631 τέκνοις
985 1571 1259 1640 προσέχω.
1291 1591 1310 1622 ι
1347 1572 1473 1625 Ἐὰν
1493 1574 1739 1644 μυρίους.
1765 1593 1783 1626 ι

186 1652 348 1722 Πρὸς
374 1656 502 1716 τοὺς
534 1656 890 1723 διδασκάλους
941 1661 1124 1715 αὐτῶν
1155 1663 1526 1725 ἀποτείνεται.
1549 1665 1790 1732 δεικνὺς,

187 1745 280 1798 ὅτι
319 1747 485 1800 nam:
517 1749 716 1818 μᾶλλον
740 1753 940 1816 αὐτοὺς
963 1755 1175 1825 ἀγαπᾷ,
1211 1758 1356 1826 παρὸ
1375 1757 1422 1810 οἱ
1462 1757 1556 1810 νῦν
1595 1760 1794 1829 ἐπιπη-

189 1833 466 1906 δήσαντες
525 1840 617 1894 καὶ
664 1843 1109 1914 καταδιελόμενοι
1175 1847 1376 1911 αὐτοὺς
1457 1849 1789 1904 διδάσκαλοι.

193 1927 375 1996 Δῆλον
403 1929 482 1993 δὲ,
526 1931 680 2003 φησι,
708 1935 804 1987 καὶ
833 1935 1089 2000 ἐξαύτῶν
1120 1938 1229 1990 τῶν
1270 1939 1568 2010 ὀνομάτων.
1596 1943 1660 1994 υἱ
1693 1943 1794 2012 μὲν

199 2019 315 2090 γὰρ
343 2022 706 2092 παιδαγωγοὶ,
723 2025 834 2096 ἐγὼ
853 2027 910 2080 δὲ
930 2031 1130 2100 πατήρ.
1157 2050 1174 2082 ι
1201 2031 1400 2101 Ἕχητε
1419 2035 1478 2085 ἐν
1495 2033 1738 2104 Χριστῷ.
1769 2053 1790 2087 ι

1898 1210 1951 1253 ιιι
1982 1201 2275 1254 imitatores
2310 1199 2411 1254 mei
2438 1200 2576 1252 sitis.

1967 1292 2087 1346 Non
2128 1292 2264 1356 haec,
2311 1291 2511 1360 inquit,
2543 1291 2743 1360 scripsi
2783 1306 2894 1360 quo
2939 1290 3328 1360 pudefacerem
3355 1303 3475 1352 vos.

1897 1384 1997 1438 sed
2026 1394 2087 1438 ut
2117 1383 2496 1438 admonerem.
2525 1383 2660 1437 Nam
2685 1384 2731 1438 si
2773 1392 2831 1436 ut
2861 1383 3003 1437 ﬁlios
3025 1384 3215 1453 diligo,
3242 1397 3480 1439 consen-

1900 1488 2122 1532 taneum
2149 1491 2369 1547 quoque
2400 1485 2504 1538 est,
2537 1484 2598 1530 ut
2627 1492 2974 1546 qmecunque
3001 1477 3054 1530 iu
3086 1487 3328 1532 vestram
3352 1483 3482 1530 sunt

1899 1568 2193 1622 utilitatem
2221 1567 2437 1620 faciam.
2476 1568 2668 1637 Neque
2694 1566 2842 1620 enim
2881 1578 3140 1636 tanquam
3179 1567 3482 1636 discipulo-

1900 1676 2046 1726 rum,
2099 1661 2196 1715 scd
2233 1669 2492 1730 tanquam
2547 1660 2783 1714 ﬁliorum
2821 1674 3010 1714 curam
3057 1659 3253 1713 habeo.
3289 1677 3305 1709 ι
3345 1659 3478 1712 Nam

1899 1753 2114 1809 etiamsi
2167 1753 2491 1807 innumeros
2521 1753 2864 1822 paedagogos.
2901 1769 2920 1800 ι
2959 1750 3036 1802 Ad
3076 1764 3206 1802 suos
3233 1748 3482 1817 discipu-

1884 1847 1982 1902 los
2026 1848 2141 1902 haec
2179 1846 2386 1917 dirigit,
2432 1845 2731 1900 ostendens
2770 1844 2916 1914 quod
2967 1844 3142 1897 multo
3179 1842 3352 1909 magis
3387 1853 3483 1894 eos

1901 1939 2158 2009 diligeret
2188 1953 2352 2007 quam
2385 1935 2631 2007 magistri
2663 1935 2757 2005 qui
2779 1945 2910 1989 tunc
2943 1934 3273 1996 insilierant,
3309 1931 3485 2000 ipsos-

1904 2048 2012 2101 que
2061 2031 2384 2087 diviserant.
2427 2031 2482 2084 Id
2526 2038 2712 2084 autem
2753 2038 2808 2083 et
2842 2044 2905 2083 ex
2945 2027 3100 2096 ipsis.
3138 2026 3339 2094 inquit,
3369 2037 3484 2076 ma-

199 2112 343 2163 Οῦδὲ
374 2115 614 2178 ἐκείνους
649 2117 851 2187 ἔπληξε
878 2121 1137 2191 προσθεὶς
1165 2125 1700 2195 τὺμπαιδαγωγοὺς
1725 2129 1794 2182 ἐν

1905 2125 2161 2180 uil'estum
2218 2135 2304 2180 est
2346 2123 2686 2186 nominibus,
2735 2121 3008 2190 siquidem
3063 2118 3142 2172 illi
3203 2115 3482 2187 piedagogi

199 2203 457 2272 Χριστῷ.
496 2226 514 2258 ι
571 2209 658 2262 Ἐν
681 2211 788 2282 γὰρ
820 2211 1044 2285 Χριστῷ
1093 2217 1292 2287 Ἰησοῦ.
1331 2237 1350 2270 ι
1401 2220 1516 2272 Οὐκ
1546 2221 1790 2291 ἐμαυτῷ,

199 2296 365 2366 φησι,
400 2296 560 2352 τοῦτο
583 2299 890 2372 λογίζομαι,
953 2304 1090 2359 ἀλλὰ
1151 2307 1231 2378 τῷ
1293 2309 1537 2381 Χριστῷ.
1585 2331 1602 2364 ι
1651 2313 1793 2381 Ἐγὼ

207 2388 708 2462 ὑμᾶς’ἐγέννησα.ι
741 2395 1045 2466 Τοιγαροῦν
1069 2397 1167 2451 καὶ
1191 2400 1240 2450 οι
1271 2399 1588 2454 διδάσκαλοι
1615 2403 1792 2472 ὑμῶν,

209 2481 342 2550 παρ’
378 2480 513 2550 ἐμοῦ
542 2481 743 2552 ἔμαθον
767 2486 910 2557 ᾶπερ
933 2487 1061 2556 ὑμῖν
1095 2487 1337 2556 λέγουσι.
1379 2492 1452 2543 Τὸ
1471 2492 1794 2561 δὲ,ῖιἘγέν-

209 2588 370 2641 νησα,
419 2594 437 2624 ι
473 2573 642 2644 ἢτοῖς
697 2576 795 2645 τῆς
857 2578 1077 2646 φύσεως
1144 2580 1370 2651 ὀνόμασι
1415 2584 1636 2652 χρῆται,
1698 2586 1797 2657 τὴν

208 2664 432 2735 ἀγάπην
465 2667 897 2738 ἐνδεικνύμενος,
948 2671 982 2740 ἢ
1013 2672 1098 2725 ὄτι
1133 2673 1234 2726 Διὰ
1276 2673 1370 2728 τοῦ
1411 2677 1792 2748 κηρύγματος.

209 2757 528 2826 φησὶν,ὲγὼ
550 2761 697 2830 ὑμᾶς
728 2763 997 2832 ἐγέννησα
1037 2767 1095 2818 ὲν
1111 2765 1190 2836 τῷ
1231 2766 1596 2837 βαπτίσματι.
1628 2788 1646 2822 ι
1682 2773 1797 2826 Πα-

213 2850 443 2918 ρακαλῶ
495 2847 588 2906 οῦν
649 2854 815 2924 ὑμᾶς,
883 2857 1121 2927 μιμηταί
1175 2874 1278 2928 μου
1336 2860 1572 2928 γίνεσθε.
1626 2881 1644 2914 ι
1705 2864 1793 2916 Δι-

212 2959 359 2996 καιοι
395 2945 574 2998 τοίνυν
601 2947 725 2999 ἐστὲ
761 2948 1050 3017 μιμεῖσθαί
1113 2966 1180 3020 με
1229 2951 1324 3004 ἅτε
1386 2953 1624 3022 πατέρα.
1683 2954 1798 3008 Οὐκ

214 3035 460 3105 ἐπαίρων
516 3038 710 3091 ἑαυτὸν
750 3039 924 3108 λέγει,
966 3041 1102 3095 ἀλλὰ
1135 3044 1350 3107 δεικνὺς
1381 3045 1580 3115 εὐχερῆ
1615 3048 1798 3108 αὐτοῖς

212 3123 469 3198 εἶναιτὴν
501 3131 668 3184 αὑτοῦ
700 3134 956 3205 μίμησιν.
987 3136 1048 3189 Εἰ
1081 3136 1190 3207 γὰρ
1207 3136 1340 3206 ἐγὼ,
1371 3141 1528 3209 φησι,
1563 3139 1799 3210 Χριστὸν

219 3221 513 3293 μιμοῦμαι,
537 3225 653 3290 πῶς
675 3227 798 3296 οὐχὶ
829 3230 986 3299 ὑμεῖς
1024 3229 1160 3300 ὲμές

1895 2227 2046 2279 sunt,
2089 2232 2192 2288 ego
2221 2231 2354 2270 vero
2386 2224 2560 2284 pater.
2599 2232 2618 2265 ι
2658 2212 2920 2267 Habeatis
2962 2211 3016 2266 in
3054 2210 3306 2265 Christo.
3342 2226 3360 2258 ι
3402 2206 3481 2260 Ne

1896 2309 2020 2364 illos
2060 2307 2283 2377 quidem
2327 2306 2496 2360 ferire
2538 2303 2715 2358 voluit
2759 2318 2885 2357 cum
2945 2301 3110 2356 addat
3149 2302 3205 2353 in
3243 2297 3479 2353 Christo.

1903 2420 1922 2453 ι
1956 2401 2014 2455 In
2045 2399 2268 2454 Christo
2291 2398 2442 2453 Iesu.
2483 2415 2501 2448 ι
2542 2396 2661 2450 Non
2694 2394 2761 2448 ad
2797 2410 2883 2448 me
2918 2393 3034 2446 haec
3062 2391 3262 2454 refero,
3295 2387 3388 2443 sed
3414 2387 3485 2442 ad

1895 2492 2199 2549 Christum.
2239 2509 2274 2564 i
2302 2489 2411 2560 Ego
2454 2503 2553 2542 vos
2597 2486 2785 2557 genui.
2836 2505 2854 2536 ›
2894 2485 3083 2553 llaque
3117 2481 3221 2551 ipsi
3263 2494 3484 2550 quoque

1897 2597 2269 2662 prmeeptores
2309 2585 2480 2640 vestri
2529 2600 2561 2638 a
2610 2598 2696 2638 me
2728 2582 3046 2636 didicerunt
3073 2594 3137 2633 ea
3172 2593 3293 2646 qua:
3328 2574 3486 2628 vobis

1898 2689 2238 2752 proponunt.
2281 2697 2300 2729 ι
2347 2677 2545 2732 Genui.
2593 2695 2610 2726 ι
2659 2674 2881 2728 Natura:
2927 2672 3104 2724 utitur
3144 2667 3482 2730 nominibus,

1897 2784 1996 2828 aut
2018 2773 2320 2827 ostendens
2359 2785 2521 2824 suum
2547 2783 2815 2828 amorem,
2841 2776 2940 2820 aut
2973 2764 3121 2834 quod
3160 2779 3258 2832 per
3283 2761 3487 2830 praedi-

1900 2865 2176 2918 cationem
2214 2861 2495 2931 genuisset
2527 2875 2624 2914 eos
2657 2859 2716 2912 in
2754 2857 3106 2928 baptismate.
3143 2875 3160 2906 ι
3205 2856 3488 2910 Adhortor

1901 2953 2089 3022 itaque
2118 2969 2236 3018 vos,
2285 2961 2366 3015 ut,
2432 2971 2449 3002 ι
2499 2962 2605 3005 etc.
2655 2949 2898 3018 Aiquum
2948 2957 3034 3002 est
3069 2948 3257 3017 igitur,
3295 2956 3357 3001 ut
3401 2961 3490 3001 me

1902 3047 2048 3101 sicut
2101 3055 2314 3115 patrem
2377 3043 2692 3099 imitemini.
2754 3042 2947 3110 Neque
3003 3041 3109 3094 hoc
3141 3041 3277 3094 dicit
3324 3039 3487 3110 455

1901 3139 2148 3206 seipsum
2173 3136 2449 3208 iactando.
2487 3136 2582 3191 sed
2615 3135 2922 3190 ostendens
2957 3133 3115 3186 facile
3149 3131 3397 3196 eisesse,
3429 3142 3491 3186 ut

1903 3235 2083 3304 ipsum
2132 3236 2500 3289 imitarentur.
2546 3235 2678 3289 Nam
2729 3235 2774 3288 si
2804 3249 2929 3304 ego,
2975 3232 3177 3302 inquit,
3206 3229 3489 3285 Christum

1905 3327 2115 3386 imitor.
2143 3327 2427 3396 quomodo
2451 3342 2548 3380 vos
2573 3341 2660 3380 me
2686 3341 2797 3379 non
2823 3322 3157 3377 imitamini?

281 3405 388 3460 Διὰ
410 3406 596 3462 τοῦτο
625 3409 870 3478 ἔπεμψα
897 3410 1042 3480 ὑμῖν
1085 3413 1386 3481 Τιμόθεον,
1426 3414 1495 3480 ὅς
1531 3414 1663 3469 ἐστι
1710 3415 1795 3470 τέ-

1975 3421 2064 3475 IV.
2097 3421 2183 3484 l7,
2213 3419 2304 3475 20.
2336 3419 2626 3489 Propterea
2660 3419 2776 3472 misi
2817 3418 2887 3470 ad
2912 3434 2999 3471 vos
3030 3415 3375 3474 Timotheum,
3399 3411 3491 3482 qui

214 3515 364 3552 κνον
381 3517 505 3568 μου
531 3501 845 3570 ἀγαπητὸν
867 3503 965 3556 καὶ
990 3505 1213 3558 πιστὸν
1233 3505 1304 3558 ἐν
1325 3507 1538 3575 Κυρίῳ,
1554 3507 1621 3573 ὃς
1647 3507 1800 3578 ὑμᾶς

211 3593 552 3662 ἀναμνήσει
589 3597 695 3660 τὰς
725 3595 904 3662 ὁδούς
937 3613 1052 3664 μου
1081 3597 1187 3662 τὰς
1216 3599 1287 3652 ἐν
1327 3600 1577 3666 Χριστῷ,
1610 3601 1804 3668 καθὼς

210 3688 528 3756 πανταχοῦ
555 3688 626 3742 ἐν
657 3689 826 3757 πάσῃ
859 3689 1192 3758 Ἐκκλησία
1242 3689 1530 3748 διδάσκω.
1573 3693 1671 3760 Ὠς
1714 3694 1800 3763 μὴ

205 3779 546 3848 ἐρχομένου
561 3779 630 3833 δέ
642 3799 762 3849 μου
790 3782 941 3848 πρὸς
970 3782 1147 3850 ὑμᾶς,
1175 3783 1607 3852 ἐφυσιώθησάν
1621 3805 1799 3854 τινες.

219 3871 589 3941 Ἐλεύσομαι
627 3873 697 3928 δὲ
723 3875 950 3942 ταχέως
982 3875 1134 3944 πρὸς
1161 3875 1318 3946 ὑμᾶς
1346 3878 1457 3932 ἐὰν
1509 3882 1542 3933 ὀ
1591 3882 1804 3948 Κύριος

199 3965 478 4030 θελήσῃ.
515 3967 613 4020 καὶ
638 3966 941 4036 γνώσομαι
967 3970 1039 4023 οὐ
1077 3968 1185 4022 τὸν
1219 3973 1410 4040 λόγον
1461 3972 1582 4024 τῶν
1615 3987 1804 4041 negav-

197 4056 550 4125 σιωμένων,
584 4058 745 4112 ἀλλὰ
773 4059 891 4125 τὴν
919 4060 1199 4128 δύναμιν.
1246 4062 1328 4114 Οὐ
1391 4061 1501 4130 γὰρ
1551 4063 1619 4117 ὲν
1643 4065 1802 4134 λόγῳ

200 4155 240 4223 ἡ
269 4151 580 4219 βασιλεία
619 4153 726 4206 τοῦ
748 4153 918 4216 Θεοῦ,
951 4153 1090 4210 ἀλλ’
1121 4154 1190 4207 ἐν
1212 4153 1480 4223 δυνάμει.

279 4265 302 4298 e
337 4244 447 4297 Διὰ
473 4243 632 4296 τοῦτο
666 4243 887 4314 ἔπεμψα
929 4247 1056 4314 ὑμῖν
1092 4246 1379 4315 Τιμόθεον,
1418 4265 1438 4300 ι
1493 4247 1685 4318 ἐπειδὴ
1729 4247 1806 4311 ὡς

193 4336 425 4391 τέκνων
452 4336 709 4406 κήδομαι.
743 4355 762 4387 ι
802 4336 902 4401 ’ος
929 4339 1047 4391 ἐστι
1069 4338 1263 4390 τέκνον
1318 4355 1442 4408 μου.
1479 4358 1499 4390 ι
1561 4340 1677 4408 Τήν
1745 4357 1806 4393 τε

198 4431 355 4503 πρὸς
393 4429 670 4498 Τιμόθεον
691 4430 916 4500 ἀγάπην
961 4431 1239 4500 ἐμφαίνει,
1299 4431 1590 4496 κάκείνους
1625 4449 1807 4503 παρα-

199 4521 481 4584 σκευάζει
512 4520 810 4588 αἰδεαίμως
834 4521 999 4575 αὑτὸν
1027 4523 1177 4576 ἰδεῖν.
1232 4523 1343 4592 Οὐχ
1372 4523 1579 4588 ἁπλῶς,
1649 4525 1805 4594 φησὶ,

199 4618 415 4673 πιστὸν
437 4619 518 4678 εἰς
542 4617 784 4686 σαρκικὰ
813 4617 1134 4686 πράγματα,
1168 4618 1285 4671 ἀλλ’
1323 4621 1383 4673 ἑν
1417 4620 1628 4689 Κυρίῳ,
1654 4637 1810 4674 τουτο

1907 3520 1982 3565 est
2013 3510 2157 3578 ﬁlius
2188 3527 2332 3564 meus
2364 3509 2584 3564 dilectus
2635 3520 2683 3563 et
2729 3508 2899 3578 fidelis
2943 3509 3000 3560 in
3029 3507 3276 3568 Domino,
3307 3505 3398 3574 qui
3433 3503 3490 3556 in

1905 3609 2221 3662 memoriam
2275 3606 2416 3660 vobis
2473 3604 2684 3658 reducet
2736 3605 2849 3657 vias
2902 3617 3068 3662 meas,
3125 3614 3244 3669 que
3280 3605 3404 3651 sunt
3435 3599 3492 3651 in

1905 3698 2113 3756 Christo
2151 3701 2328 3753 :sicut
2366 3699 2558 3767 ubique
2592 3697 2645 3750 in
2690 3696 2836 3749 omni
2878 3693 3120 3748 Ecclesia
3165 3691 3342 3744 doceo.
3391 3688 3495 3742 Pe-

1905 3787 2060 3840 rinde
2079 3788 2234 3856 quasi
2263 3803 2369 3839 non
2397 3787 2498 3838 sim
2522 3793 2774 3838 venturus
2795 3783 2862 3837 ad
2888 3798 2998 3844 vos,
3021 3781 3200 3851 inﬂati
3227 3785 3350 3831 sunt
3377 3777 3495 3847 qui-

1905 3881 2052 3934 dam.
2087 3878 2190 3933 Sed
2223 3879 2432 3932 veniam
2467 3878 2608 3932 brevi
2640 3878 2710 3931 ad
2739 3893 2827 3930 vos
2864 3878 2910 3929 si
2950 3874 3210 3927 Dominus
3248 3871 3490 3934 voluerit,

1907 3980 1956 4026 et
2002 3987 2313 4041 cognoscam
2365 3985 2471 4023 non
2528 3984 2826 4022 sermonem
2881 3969 3126 4028 istorum,
3189 3965 3278 4032 qui
3320 3963 3494 4033 inﬂati

1904 4074 2050 4129 sunt,
2089 4065 2178 4117 sed
2215 4064 2483 4116 virtutem.
2519 4062 2638 4115 Non
2669 4063 2810 4114 enim
2849 4077 2944 4131 per
2969 4072 3265 4112 sermonem
3293 4064 3368 4110 est
3409 4069 3493 4107 re-

1905 4173 2068 4228 gnum
2101 4155 2218 4215 Dei,
2243 4156 2336 4209 sed
2363 4172 2456 4226 per
2482 4157 2755 4208 virtutem.

1985 4269 2004 4302 ι
2042 4250 2342 4319 Propterea
2390 4247 2517 4302 misi
2556 4247 2624 4302 ad
2667 4262 2768 4302 vos
2815 4243 3192 4299 Timotheum.
3239 4259 3258 4294 ι
3302 4239 3493 4308 Quan-

1909 4339 2410 4411 ᾶοῳιίἀεηινεειτί
2437 4355 2629 4396 curam
2665 4339 2866 4402 habeo,
2915 4345 3174 4406 tanquam
3228 4333 3492 4389 ﬁliorum.

1915 4451 1935 4486 ι
1983 4433 2088 4499 Qui
2120 4441 2207 4487 est
2253 4431 2400 4487 ﬁlius
2447 4447 2624 4486 meus.
2666 4450 2685 4484 ι
2729 4431 2987 4486 Amorem
3033 4428 3299 4489 ostendit,
3329 4441 3493 4495 quem

1910 4539 2037 4596 erga
2070 4525 2424 4579 Timotheum
2473 4524 2734 4587 habebat,
2778 4524 3038 4593 ipsosque
3085 4529 3496 4590 praeparatquo

1913 4629 2240 4672 reverenter
2280 4632 2408 4671 eum
2459 4617 2827 4686 conspiciant.
2861 4615 2982 4669 Non
3017 4614 3252 4682 vulgari,
3289 4611 3494 4680 inquit,

3364 431 3471 496 694
3551 407 3586 422 ”

199 4710 373 4763 ἐστιν
400 4711 464 4760 ὲν
485 4712 596 4772 τοῖς
618 4709 761 4762 κατὰ
791 4710 1029 4780 Χριστὸν
1081 4712 1426 4782 πράγμασιν.
1483 4729 1502 4764 ι
1533 4714 1631 4771 Ὃς
1664 4713 1795 4782 ὑμᾶς

1914 4713 2080 4768 modo
2111 4711 2326 4766 ﬁdelem
2373 4709 2439 4764 ad
2485 4725 2653 4780 opera
2693 4723 2982 4778 corporea,
3013 4706 3109 4761 sed
3145 4707 3202 4759 in
3241 4705 3494 4768 Domino,

202 4801 556 4870 ἀναμνήσει.
585 4819 604 4853 ι
649 4802 764 4855 Οὐκ
814 4797 971 4855 εἴπεο
1023 4802 1260 4867 Διδάξει,
1316 4804 1404 4858 ἵνα
1458 4803 1533 4875 μὴ
1577 4805 1795 4859 δυσανα-

1917 4807 2022 4861 Ιιοο
2045 4814 2151 4868 est,
2181 4806 2237 4859 in
2271 4805 2436 4859 rebus
2459 4820 2580 4873 quae
2607 4803 2674 4856 ad
2701 4803 2983 4857 Christum
3010 4797 3313 4869 pertinent.
3345 4817 3364 4848 ι
3392 4797 3497 4863 Qui

203 4895 588 4962 σχιτήσωσιν,
612 4892 687 4956 ὡς
710 4894 861 4964 παρὰ
900 4894 1172 4964 Τιμοθέου
1193 4895 1320 4950 νέου
1373 4895 1527 4960 ὄντος
1569 4897 1795 4968 μαθησό-

1912 4899 1969 4953 in
2002 4898 2325 4954 memoriam
2356 4897 2515 4951 vobis
2559 4896 2810 4953 reducet,
2861 4913 2877 4944 ι
2920 4893 3038 4948 Non
3082 4893 3158 4946 ait
3195 4910 3208 4945 :
3243 4892 3495 4952 Docehit,

211 4999 404 5054 μενοιο
439 4981 566 5036 ὅθεν
611 4985 769 5053 φησὶ,
801 4985 945 5049 «Τὰς
982 4984 1137 5046 ὁδούς
1161 5004 1286 5056 μου,
1312 4987 1614 5051 τουτέστιν,
1650 4988 1795 5041 Οὐδὲε

1912 5008 1983 5047 ne
2029 4991 2272 5062 graviter
2307 4991 2514 5044 ferrent
2539 4988 2582 5042 si
2629 5003 2659 5042 a
2699 4987 3014 5049 Timotheo,
3049 4986 3140 5055 qui
3173 4999 3367 5040 recens
3405 4983 3501 5037 ad-

213 5075 361 5128 ῐδιον
397 5077 553 5147 εἴπῃ,
579 5077 719 5130 ἀλλὰ
736 5078 805 5131 τά
844 5078 978 5149 ἐμά.
1019 5077 1227 5144 Ὁδοὺς,
1266 5080 1423 5149 φησὶ,
1475 5081 1577 5143 τὰς
1612 5082 1791 5135 οἱκονο

1914 5085 2162 5138 venisset
2185 5080 2422 5136 docendi
2451 5086 2639 5134 essent
2667 5097 2680 5132 :
2713 5087 2937 5148 propter
2958 5078 3106 5147 quod
3129 5078 3295 5132 etiam
3321 5076 3455 5130 dicit.
3484 5092 3496 5127 :

218 5167 382 5238 μίας,
413 5167 476 5222 τδ
505 5169 793 5239 κήρυγμα,
832 5171 956 5234 τοὺς
983 5171 1294 5236 κινδύνους,
1331 5173 1404 5226 τὰ
1435 5173 1532 5242 ἔθη
1555 5174 1622 5228 τά
1680 5175 1795 5227 ὁποι

1925 5192 1944 5225 ι
1987 5174 2116 5229 Vias
2161 5186 2332 5225 meas.
2379 5190 2396 5222 ι
2428 5170 2543 5224 Hoc
2573 5181 2680 5232 est,
2719 5169 2856 5224 nihil
2885 5170 3172 5239 proprium
3205 5169 3372 5227 dicet,
3405 5166 3500 5219 sed

218 5260 481 5325 στολικὰ,
511 5263 638 5324 τοὺς
667 5264 862 5332 νόμους
878 5263 1006 5327 τοὺς
1033 5265 1209 5329 θείους
1265 5267 1322 5319 ὲν
1373 5261 1457 5330 οἷς
1501 5266 1791 5337 περιπατῶ

1925 5277 2048 5332 qua:
2083 5276 2202 5316 mea
2237 5269 2388 5314 sunt.
2431 5259 2559 5313 Vias
2590 5268 2751 5314 vocat
2781 5259 3194 5329 dispositiones.
3235 5259 3501 5328 praedica-

221 5354 389 5425 φησι.
425 5371 446 5405 ι
483 5355 595 5419 Τὰς
617 5357 676 5408 ὲν
705 5358 948 5429 Χριστῷ.
989 5377 1007 5411 ι
1050 5353 1184 5412 Εἶτα
1231 5358 1456 5425 ἀνάγων
1497 5358 1592 5411 τὸν
1634 5358 1792 5426 λόγον

1925 5355 2155 5418 tionem,
2199 5349 2468 5422 pericula,
2501 5365 2686 5405 mores
2718 5352 3067 5420 apostolicos,
3096 5367 3159 5405 ac
3184 5350 3398 5404 divinas
3426 5348 3505 5401 le-

223 5447 392 5516 φησι,
413 5446 513 5510 τὰς
543 5447 602 5501 ἐν
630 5449 852 5520 Χριστῷ
880 5450 1057 5515 ὀδοὺς,
1096 5450 1197 5514 τὰς
1227 5449 1392 5521 μηδὲν
1449 5449 1681 5520 ἐχούσας
1719 5451 1795 5502 ἀν·

1922 5461 2019 5517 ges
2063 5447 2117 5500 in
2165 5444 2367 5514 quibus
2409 5444 2654 5498 ambulo.
2693 5463 2711 5494 ι
2752 5444 2884 5510 Quae
2933 5453 3062 5498 sunt
3095 5444 3147 5496 in
3189 5441 3430 5496 Christo.
3476 5460 3495 5490 ι

225 5535 529 5608 θρώπινον.
561 5540 750 5607 Οὐδὲν,
780 5541 936 5612 φησὶ,
967 5541 1153 5596 καινὸν
1191 5543 1325 5613 ὑμῖν
1360 5545 1509 5614 εἴπῃ.
1545 5542 1680 5596 ἀλλὰ
1715 5541 1795 5600 τάι

1922 5541 2134 5596 Deinde
2167 5555 2479 5596 sermonem
2506 5538 2817 5610 proferens,
2843 5538 2980 5600 vias,
3003 5535 3202 5604 inquit,
3232 5547 3354 5604 quae
3375 5541 3504 5586 sunt

222 5630 290 5683 ὲν
327 5631 537 5703 ἑκάστῃ
559 5630 858 5706 Ἐκκλησία
876 5633 1228 5698 διδασκαλίας
1261 5651 1382 5705 μου.
1419 5653 1438 5685 ι
1488 5633 1576 5697 Ὧς
1619 5635 1695 5703 μὴ
1727 5635 1795 5704 ὲρι

1923 5635 1979 5689 in
2006 5634 2248 5694 Christo.
2271 5634 2405 5688 nihil
2433 5634 2736 5686 humanum
2758 5631 3062 5687 habentes;
3100 5627 3239 5679 nihil
3289 5639 3495 5678 novum

223 5725 469 5798 χομίνου
487 5726 546 5781 δέ
603 5745 721 5800 μου.
738 5747 758 5781 ι
804 5729 1022 5800 Ἐπειδὴ
1043 5725 1188 5792 εἷπε,
1213 5729 1456 5798 «nepam
1480 5726 1768 5798 Τιμόθεον,

1920 5727 2081 5782 vobis
2110 5726 2282 5790 dicet,
2316 5727 2412 5780 sed
2461 5725 2745 5780 doctrinas
2794 5733 2964 5778 meas.
3010 5732 3148 5786 quas
3181 5717 3234 5770 in
3274 5714 3506 5786 singulis

209 5818 326 5872 -ῐνα
354 5816 430 5888 μὴ
461 5817 823 5891 ρᾳθυμὰτεροι
851 5823 1118 5890 γένωνται
1175 5821 1253 5885 ὡς
1329 5820 1498 5875 αὐτοῦ
1562 5820 1636 5891 μὴ
1689 5820 1792 5890 μέλ

1921 5819 2187 5874 Ecclesiis
2236 5817 2430 5872 doceo.
2479 5836 2500 5868 ι
2545 5813 2782 5870 Perinde
2825 5811 2980 5881 quasi
3013 5824 3126 5862 non
3159 5807 3263 5863 sim
3308 5817 3504 5861 ventu-

218 5911 422 5974 λοντος
451 5911 694 5982 ἀπιέναι,
723 5912 1026 5984 διορθοῦται
1044 5912 1196 5983 αὐτὸ,
1225 5913 1445 5984 ἐπάγων
1481 5912 1561 5979 τὸ,
1594 5930 1612 5962 ι
1634 5908 1795 5964 Ἐλεύ·

1919 5927 2037 5967 rus.
2073 5929 2090 5965 ι
2126 5908 2396 5978 Quoniam
2427 5906 2564 5962 dixit
2596 5923 2610 5961 :
2643 5924 2661 5958 ι
2699 5902 2854 5959 Mitto
2878 5897 3249 5966 Timotheum,
3284 5911 3388 5953 tuo
3421 5908 3505 5951 se-
