3872 6568
473 405 583 469 695

1529 410 1931 474 (ECUMENII
1969 411 2272 474 ΤΗΙοω
2303 412 2653 473 EPlSCOPI
3563 425 3640 490 696

468 529 695 598 gniores
724 527 1092 586 redderentur
1117 503 1378 602 tanquam
1407 531 1528 602 ipse
1562 532 1630 588 ad
1661 547 1758 588 eos
1778 540 2043 588 venturus

2148 523 2310 605 σομαι
2355 531 2433 586 δέ.
2464 550 2483 585 ι
2520 560 2593 574 —
2628 551 2647 584 ι
2689 528 3102 603 Ἐφυσιῶθησάν
3125 549 3285 597 τινες.
3311 551 3330 585 ι·
3359 529 3515 591 Ἦσαν
3537 548 3642 598 mi

461 636 574 676 non
614 629 780 688 esset,
814 624 1044 695 corrigit
1094 624 1221 690 hoc,
1264 625 1455 682 dicens
1499 643 1514 682 :
1552 645 1571 678 ι
1612 625 1718 682 Sed
1747 627 1987 682 veniam.
2018 647 2037 678 ι

467 732 489 765 ι
540 713 722 768 inﬂati
766 722 896 770 sunt
929 716 1178 786 quidam.
1222 736 1241 770 ι
1277 719 1450 772 Erant
1492 719 1766 784 nonnulli,
1799 729 1859 773 ut
1895 719 2044 774 veri-

463 803 646 859 simile
675 813 758 859 est
780 807 874 874 qui
901 806 1116 876 seipsos
1136 817 1530 878 provexerant,
1570 817 1895 880 arroganter
1925 823 2070 876 sese,

464 900 742 963 gerentes,
777 903 874 949 aut
902 895 975 950 ob
1021 897 1334 962 scientiam,
1377 906 1473 952 aut
1522 897 1593 952 ob
1622 899 1810 963 vitam,
1841 906 1936 952 aut
1969 897 2042 953 ob

467 985 618 1039 aliud
665 987 888 1056 quidvis
939 1005 1128 1043 rerum
1187 990 1596 1060 spiritualium.
1650 991 1858 1046 Deinde
1911 991 2043 1047 hinc

468 1075 650 1130 inanis
673 1078 846 1148 gloria
873 1093 938 1134 ac
969 1079 1178 1134 inﬁatio
1210 1081 1572 1134 subintrarat.
1601 1080 1706 1134 Per
1736 1080 2040 1136 absentiam

467 1167 744 1237 siquidem
771 1171 1016 1242 magistri
1043 1187 1168 1227 cum
1193 1172 1378 1227 nullus
1406 1181 1552 1227 esset
1580 1172 1675 1242 qui
1698 1180 1952 1242 argueret
1977 1188 2042 1228 ac

465 1260 792 1331 corrigeret,
825 1261 1184 1317 inﬂabantur.
1227 1281 1244 1314 ι
1277 1261 1383 1318 Sed
1417 1261 1657 1316 veniam.
1691 1279 1708 1312 ι
1745 1261 1899 1327 Quod
1923 1261 2036 1315 ait:

474 1371 493 1404 ι
533 1354 760 1410 Veniam
794 1356 953 1412 brevi
998 1356 1068 1412 ad
1097 1371 1215 1422 vos,
1246 1375 1264 1408 ι
1301 1357 1562 1411 terrentis
1585 1365 1670 1411 est
1695 1364 1750 1410 et
1782 1370 2040 1426 pavorem

467 1444 812 1513 incutientis,
864 1444 1031 1519 556
1078 1446 1244 1519 idque
1273 1445 1592 1518 apparantis
1613 1456 1675 1502 ut
1720 1445 1824 1516 ipsi
1847 1445 2042 1516 vigila-

467 1547 594 1592 rent
617 1546 673 1593 et
704 1539 756 1592 in
789 1538 968 1594 ofﬁcio
1001 1539 1439 1595 continerentur.
1479 1555 1498 1590 ι
1534 1536 1602 1593 Ει
1628 1551 1974 1608 cognoscam.
2013 1555 2033 1588 ι

468 1629 933 1685 Fortassisetiam
963 1645 1085 1686 sese
1109 1630 1394 1702 iactabant
1422 1637 1683 1699 tanquam
1714 1626 1943 1698 perfecti
1977 1641 2043 1681 ac

464 1723 785 1792 spirituales
813 1741 826 1776 :
854 1723 950 1779 sed
985 1723 1236 1789 veniens,
1268 1723 1469 1794 inquit,
1494 1731 1685 1792 potero
1709 1735 2042 1791 cognoscere

465 1828 598 1868 num
644 1813 714 1870 de
757 1814 1058 1886 vobisipsis
1101 1815 1438 1887 gloriemini.
1482 1813 1632 1869 Nihil
1661 1812 1808 1868 enim
1858 1811 2042 1866 meriti

2149 627 2210 680 τδ
2241 626 2389 690 εἰκὸς
2439 624 2666 688 ἔαυτούς
2702 623 3112 690 ἔπιδεδωκότες,
3175 625 3207 696 ἢ
3271 625 3358 678 int
3409 629 3640 702 γνὼσει,ἢ

2149 719 2242 773 ἐπὶ
2278 718 2398 789 βίῳ,
2433 717 2468 789 ἢ
2495 717 2587 771 ἔπί
2615 733 2722 771 τινι
2741 717 2851 772 τῶν
2880 718 3265 786 πνευματικῶν
3320 718 3648 793 ἀλαζονευόμεο

2148 829 2250 866 νοι.
2292 808 2424 864 Εῐτα
2446 810 2599 865 ἔνθεν
2634 809 2912 877 κενοδοξία
2939 811 3032 864 καὶ
3059 809 3318 879 φυσίωσις
3361 817 3649 887 παρυπέστη,

2148 905 2226 975 Τῇ
2256 900 2348 960 οὖν
2375 903 2612 976 ἀπουσίᾳ
2638 902 2731 956 τοῦ
2762 901 3106 968 διδασκάλου,
3136 903 3357 974 μηδενὸς
3414 905 3545 970 δντος
3579 910 3650 962 τοῦ

2149 997 2467 1067 ἐλέγχοντος
2495 996 2590 1049 καὶ
2639 995 3051 1066 διορθουμὲνου,
3093 989 3233 1064 ἦσαν
3281 998 3648 1066 πεφυσιωμένοι,

2155 1107 2173 1140 ι
2219 1087 2544 1160 Ἐλεύσομαι
2600 1087 2678 1142 δέ.
2714 1108 2731 1140 ι
2781 1088 2874 1153 Τὸ,
2921 1106 2940 1140 ι
2970 1086 3286 1157 Ἐλεύσομαι
3335 1089 3522 1158 ταχέως
3552 1092 3653 1161 πρὸς

2148 1181 2316 1250 ὑμᾶς,
2344 1198 2364 1232 ι
2408 1179 2700 1244 πτοοῦντός
2769 1181 2886 1233 ἔστι
2937 1180 3034 1234 καὶ
3079 1179 3428 1249 φοὸουμένου,
3480 1181 3652 1246 τούτους

2147 1271 2340 1341 νήφειν
2397 1270 2494 1324 καὶ
2538 1268 2904 1324 κατεστάλθαι
2974 1267 3491 1339 παρασκευάζοντος.
3520 1287 3536 1320 ι
3575 1269 3656 1323 Καὶ

2146 1358 2449 1430 γνώσομαι.
2481 1377 2502 1411 ›
2539 1357 2698 1422 Ἰσως
2719 1358 2814 1412 καὶ
2844 1357 3160 1426 ἐκόμπαζον
3197 1357 3271 1421 ὡς
3319 1357 3498 1410 τέλειοί
3547 1375 3657 1421 τινες

2146 1453 2241 1506 καὶ
2259 1449 2613 1522 πνευματικοί
2635 1467 2648 1482 ·
2673 1451 2830 1515 ἀλλὰ,
2859 1452 3046 1522 φησὶν,
3066 1449 3377 1521 ἐρχόμενος,
3394 1449 3490 1519 ἔχω
3501 1449 3658 1516 γνῶναι

2147 1546 2197 1598 εί
2228 1544 2355 1614 περὶ
2377 1542 2589 1598 ἑαυτῶν
2620 1543 2959 1614 κομπάζετε.
2987 1541 3156 1596 Τοῦτο
3194 1542 3302 1612 γὰρ
3328 1541 3657 1604 οὐδενὸςᾶξιον,

2146 1628 2208 1682 τὺ
2233 1627 2540 1697 κομπάζειν
2567 1628 2729 1698 μόνον
2777 1628 2902 1698 δίχα
2935 1626 3136 1700 ἔργων,
3193 1625 3305 1679 ἀλλ’
3343 1625 3389 1676 εί
3425 1626 3535 1688 ἀξια
3579 1626 3660 1678 τῶν

2146 1718 2323 1786 λόγων
2350 1718 2419 1772 τά
2445 1717 2605 1790 ἔργα.
2640 1718 2715 1771 Οὐ
2741 1719 2851 1789 γὰρ
2875 1717 3052 1786 λόγων
3082 1715 3266 1788 χρεία,
3297 1714 3426 1770 ἀλλὰ
3442 1715 3524 1768 τοῦ
3541 1716 3660 1787 ἔργον

2147 1811 2322 1862 ποιεῖν
2353 1809 2742 1877 πνευματικόν.
2780 1809 2856 1862 Οὐ
2883 1809 2992 1879 γὰρ
3028 1809 3178 1878 λόγοι
3207 1808 3372 1879 χωρὶς
3399 1806 3553 1877 ἔργων
3577 1810 3662 1860 εἰσ-

465 1904 651 1972 habet,
695 1907 903 1978 absque
941 1906 1204 1978 operibus
1249 1905 1495 1978 gloriari,
1529 1905 1629 1961 sed
1655 1904 1700 1960 si
1737 1903 1901 1975 digna
1931 1917 2043 1958 ser-

2148 1901 2425 1969 ενέγκοιεν
2479 1901 2559 1963 είς
2610 1901 2708 1971 τὴν
2768 1899 3045 1971 βασιλείαν
3095 1900 3207 1954 τῶν
3272 1899 3521 1970 οὐρανῶν,
3562 1901 3662 1968 ὅπερ

463 1999 722 2055 monibus
749 1999 862 2056 sint
887 2015 1077 2071 opera.
1123 1999 1408 2070 Siquidem
1437 2014 1548 2054 non
1576 2005 1708 2055 sunt
1738 1993 2041 2053 necessarii

462 2106 768 2156 sermones,
805 2093 900 2149 sed
950 2101 1015 2149 ut.
1050 2109 1218 2164 opera
1258 2092 1566 2163 spiritualia
1604 2091 1730 2161 quis
1756 2097 2041 2160 operetur.

2148 1991 2296 2059 λέγει
2320 1992 2400 2054 είς
2433 1991 2532 2061 τὴν
2569 1989 2849 2060 βασιλείαν
2897 1990 2990 2045 τοῦ
3035 1990 3196 2058 Θεοῦ,
3229 1989 3340 2044 ἀλλ’
3375 1992 3428 2043 ἔν
3463 1988 3659 2058 δυνάμει,

2150 2082 2429 2152 τουτέστιν
2459 2084 2518 2136 ἔν
2546 2085 2612 2154 τῇ
2643 2083 2903 2151 ἐπιδείξει
2929 2083 3039 2138 τῶν
3065 2083 3266 2156 ἔργων.

461 2184 758 2243 Sermones
798 2203 1037 2260 namque
1095 2189 1215 2245 sine
1280 2189 1543 2260 operibus
1574 2188 1631 2243 in
1673 2199 1901 2257 regnum
1957 2181 2236 2246 ,cmlorum
2308 2191 2658 2248 nequaquam
2705 2176 3080 2234 introducent.
3149 2179 3220 2232 Et
3269 2176 3372 2232 hoc
3411 2184 3486 2233 est
3551 2178 3660 2248 quod

459 2277 539 2332 ait
569 2297 584 2334 :
623 2297 642 2332 ι
673 2280 796 2338 Non
816 2281 972 2339 enim
1005 2297 1105 2356 per.
1136 2298 1446 2340 sermonem
1473 2291 1559 2338 est
1584 2295 1813 2352 regnum
1843 2278 1963 2344 Dei,
1996 2274 2094 2332 sed
2134 2287 2234 2345 per
2260 2271 2550 2337 virtutem,
2595 2287 2614 2323 ι
2649 2269 2707 2326 id
2739 2279 2844 2340 est,
2877 2286 2978 2343 per
3015 2286 3250 2342 operum
3300 2270 3662 2326 demonstratio-

457 2391 606 2431 nem.

977 2549 980 2554 .
1085 2495 1314 2552 CAPUT
1353 2495 1416 2551 ll.

459 2583 722 2639 Adversus
766 2593 954 2657 stupra
997 2595 1046 2639 et
1078 2588 1422 2640 scortationes
1458 2601 1520 2640 ac
1557 2601 1642 2640 eos
1674 2584 1764 2655 qui
1809 2601 1927 2638 cum
1959 2585 2037 2638 his

1077 2659 1424 2727 participant.

529 2747 618 2813 IV,
644 2747 735 2802 21.
759 2777 830 2788 -
850 2747 916 2814 γ,
949 2749 1000 2812 i,
1035 2748 1091 2802 2.
1124 2747 1262 2814 Quid
1285 2748 1444 2803 vultis
1465 2749 1490 2802 ?
1511 2766 1638 2803 num
1663 2757 1720 2802 ut
1741 2766 1862 2803 cum
1885 2749 2035 2818 virga

459 2843 676 2895 veniam
695 2841 775 2895 ad.
797 2858 889 2896 vos
919 2857 991 2896 an
1023 2857 1141 2895 cum
1173 2843 1433 2896 charitate
1460 2851 1510 2896 et
1535 2843 1726 2912 spiritu
1758 2839 1991 2894 lenitatis
2012 2839 2037 2891 .9

459 2931 687 2986 Omnino
725 2931 941 2985 auditur
976 2934 1113 2986 inter:
1149 2949 1236 2987 vos
1274 2941 1541 2999 stuprum,
1575 2930 1734 3001 quale
1771 2946 1863 2984 nec
1898 2931 2038 2982 inter

458 3029 636 3092 gentes
665 3025 974 3078 nominatur
1005 3041 1023 3078 :.
1054 3033 1120 3078 ut.
1147 3027 1315 3079 etiam
1344 3025 1512 3096 patris
1547 3039 1766 3077 uxorem
1794 3023 1910 3093 quis
1943 3023 2040 3076 Ita-

460 3118 600 3170 beat.
634 3115 705 3170 Et
749 3132 839 3170 vos
876 3117 1053 3188 inﬂati
1099 3119 1221 3172 estis
1265 3135 1328 3172 ac
1377 3135 1478 3172 non
1511 3117 1680 3188 magis
1711 3115 1940 3181 luxistis,
1985 3124 2041 3169 ut

2720 2489 2972 2546 ΚΕΦᾹΛ.
3013 2489 3091 2544 B'.

2147 2587 2308 2645 Κατὰ
2361 2585 2603 2655 πορνῶν
2657 2585 2760 2641 καί
2801 2585 3107 2673 πορνείας,
3167 2585 3266 2638 καί
3329 2581 3440 2638 τῶν
3485 2583 3662 2646 τούτοις

2717 2670 3195 2710 κοινωνούντων.

2218 2751 2286 2806 Τί
2317 2752 2523 2807 θέλετε
2557 2767 2575 2813 ;
2608 2750 2679 2804 ἐν
2705 2749 2906 2819 ῥάϐδῳ
2947 2748 3102 2803 ἔλθω
3157 2747 3311 2816 πρὸς
3351 2745 3495 2815 ὑμᾶς
3539 2745 3571 2812 ἦ
3617 2744 3664 2797 ir

2135 2844 2340 2914 ἀγάπη
2402 2842 2717 2912 πνεύματι.
2741 2858 2804 2895 τε
2861 2840 3244 2908 πραότητος;
3310 2838 3493 2902 Ὀλως
3533 2834 3666 2890 ἀκού·

2138 2953 2266 2991 εται
2297 2935 2522 3006 ἐνύμῖν
2549 2935 2820 3004 πορνεία,
2849 2933 2947 2986 καὶ
2996 2933 3252 3000 τοιαύτη
3313 2929 3536 2998 πορνεία
3573 2927 3666 2993 ἥτις

2140 3026 2286 3084 οὐδὲ
2338 3028 2410 3083 ἐν
2460 3027 2587 3094 τοῖς
2621 3029 2870 3084 ἔθνεσιν
2899 3021 3272 3094 ὀνομάζεται,
3301 3021 3448 3077 ὥστε
3475 3018 3668 3090 γυναῖκὰ

2143 3138 2280 3176 τινα
2299 3121 2404 3176 τοῦ
2435 3120 2664 3190 πατρὸς
2701 3119 2890 3188 ἔχειν.
2928 3117 3038 3173 Καὶ
3069 3116 3244 3186 ὑμεῖς
3299 3111 3667 3184 πεφυσιωμένοι

462 3207 739 3264 tolleretur
775 3209 840 3264 de
880 3211 1048 3266 medio
1084 3219 1316 3266 uestrum
1344 3213 1433 3282 qui
1475 3211 1682 3281 {acinus
1713 3211 1807 3264 hoc
1847 3223 2036 3280 perpe-

2148 3214 2308 3280 ὲστὲ,
2341 3215 2438 3270 καί
2466 3213 2603 3283 οὐχὶ
2625 3211 2869 3283 μᾶλλον
2893 3209 3300 3277 ἐπενθήσατε,
3357 3209 3451 3263 ἵνα
3502 3197 3669 3274 ἐξίει)θῇ

464 3305 645 3358 travit.

533 3397 668 3452 Nam
696 3397 752 3452 in
781 3407 985 3471 vestra,
1011 3398 1212 3470 inquit,
1238 3399 1404 3455 situm
1440 3408 1525 3454 est
1545 3405 1816 3468 potestate
1841 3404 1903 3452 ut
1924 3395 2042 3450 haec

466 3487 684 3542 faciatis
715 3506 729 3542 :
768 3497 864 3542 aut
903 3497 962 3544 ut
986 3504 1184 3559 segnes
1208 3489 1392 3544 eﬂ'ecti
1419 3504 1506 3544 me
1531 3487 1599 3542 ad
1625 3488 1762 3541 iram
1787 3495 1843 3541 et
1873 3486 2043 3540 ultio-

465 3597 589 3636 nem
626 3583 960 3651 provocetis,
1003 3583 1467 3652 quemadmodum
1509 3583 1734 3637 Petrum
1779 3579 2040 3643 Ananias,

463 3680 520 3726 et
548 3673 824 3743 meipsum
851 3673 1056 3729 Elimas
1081 3691 1094 3726 :
1118 3684 1213 3729 aut
1233 3683 1294 3729 ut
1313 3673 1559 3729 studiose
1581 3679 1807 3743 agentes
1831 3679 1887 3725 et
1906 3670 2045 3741 vigi-

466 3761 646 3817 lantes
696 3763 763 3817 ad
815 3763 1140 3820 cbaritatem
1195 3781 1259 3822 ac
1305 3765 1593 3821 lenitatem
1637 3779 1724 3819 me
1768 3761 2042 3818 excitetis.

474 3874 492 3905 ο
527 3851 667 3908 Cum
701 3854 902 3925 spiritu
939 3856 1204 3912 lenitatis.
1247 3875 1266 3909 ι
1300 3857 1490 3912 Potest
1525 3854 1675 3912 enim
1716 3861 1775 3910 et
1814 3853 2046 3924 spiritus

465 3960 590 4001 esse
613 3948 952 4004 austeritatis
982 3963 1046 4003 ac
1075 3949 1326 4006 ultionis.
1357 3968 1376 4001 ι
1408 3949 1649 4004 Auditur
1675 3948 1821 4004 inter
1850 3963 1967 4002 vos.
2019 3965 2037 3998 ι

461 4035 822 4093 Communem
845 4038 978 4094 facit
996 4039 1256 4096 omnibus
1283 4041 1695 4097 accusationem
1721 4057 1736 4095 :
1759 4055 1830 4094 ne
1848 4051 2046 4108 segnes

467 4129 769 4186 reddantur
799 4139 1060 4204 tanquam
1085 4133 1253 4188 alieni
1296 4151 1328 4189 a
1351 4133 1577 4189 delicto.
1618 4152 1638 4186 ι
1677 4135 1826 4190 Inter
1857 4146 1975 4185 vos.
2019 4147 2039 4181 ι

465 4221 560 4289 (ιιιί
593 4221 784 4280 ﬁdeles
812 4225 970 4295 estis,
995 4235 1259 4297 tantaque
1286 4227 1580 4297 accepistis
1608 4224 1897 4281 beneﬁcia.
1932 4222 2047 4278 Nec

465 4312 636 4370 dicit:
674 4315 986 4386 Peragitur,
1014 4318 1113 4373 sed
1145 4333 1213 4373 ex
1237 4317 1540 4374 abundanti
1575 4316 1852 4379 cautione,
1881 4331 1900 4364 ι
1935 4312 2048 4365 Au-

465 4406 636 4462 ditur.
671 4425 690 4459 ι
732 4437 798 4450 -
835 4427 854 4460 ι
886 4409 999 4465 Nec
1024 4409 1170 4466 inter
1206 4417 1419 4480 gentes.
1459 4427 1480 4462 ι
1514 4409 1559 4463 Α
1585 4406 1901 4478 gentilibus,
1937 4405 2045 4460 hoc

465 4508 571 4564 est,
611 4499 940 4567 incredulis,
971 4501 1270 4572 exprobrat
1309 4500 1586 4556 ﬁdelibus.
1614 4498 1770 4566 Quod
1808 4499 1855 4554 si
1900 4497 2044 4568 apud

2142 3307 2212 3362 ἐκ
2233 3305 2429 3377 μέσου
2451 3305 2619 3375 ὑμῶν
2642 3307 2676 3360 d
2703 3303 2769 3358 τὸ
2794 3304 2975 3373 ἔργον
3000 3301 3183 3356 τοῦτο
3216 3299 3485 3365 ποιήσας.

2225 3399 2415 3468 Ὑμεῖς
2440 3398 2570 3466 γὰρ.
2635 3395 2792 3467 φησὶ,
2821 3394 3028 3449 τούτων
3077 3392 3266 3464 κύριοί
3321 3388 3513 3458 ἔστε,ἢ
3551 3384 3671 3457 mea-

2148 3489 2383 3562 μοῦντες
2411 3492 2491 3552 εἰς
2525 3490 2696 3559 ὀργήν
2734 3505 2800 3559 με
2828 3489 2924 3541 καὶ
2972 3485 3254 3556 τιμωρίαν
3283 3485 3500 3553 ὲγεῖιραι,
3528 3479 3588 3540 ὡς
3606 3477 3669 3529 τὸν

2145 3583 2346 3652 πέτρον
2403 3583 2432 3634 ό
2465 3581 2738 3645 Ἀνανίας,
2793 3581 2889 3634 καὶ
2947 3579 3048 3650 ἐμὲ
3101 3577 3273 3633 αὐτὸν
3318 3576 3347 3628 ό
3388 3574 3609 3642 Ἐλύμας,
3646 3565 3669 3634 ἢ

2147 3673 2552 3738 σπουδάζοντες
2574 3671 2669 3726 καὶ
2698 3672 2982 3740 νήφοντες,
3015 3671 3096 3734 είς
3129 3669 3382 3738 ἀγάπην.
3412 3686 3433 3718 ο
3459 3664 3538 3718 Ἑν
3550 3657 3670 3714 πνεύ-

2149 3765 2634 3838 ματιπραότητος.
2678 3782 2697 3815 ι
2737 3764 2858 3816 Ἐνι
2883 3762 2995 3834 γάρ
3025 3762 3120 3816 καὶ
3161 3759 3385 3830 πνεῦμα
3435 3749 3671 3822 αὐστηρίας

2152 3861 2248 3914 καὶ
2271 3859 2569 3930 τιμωρίας.
2613 3877 2632 3910 ι
2678 3856 2968 3911 Ἀκούεται
3000 3857 3061 3908 ἔν
3085 3855 3224 3925 ὐμῖν
3249 3893 3262 3908 .
3296 3871 3315 3904 ι
3369 3848 3544 3905 Κοινδν
3567 3843 3670 3896 πάν-

2145 3972 2257 4008 των
2285 3955 2430 4007 ποιεῖ
2455 3952 2516 4006 τὸ
2549 3950 2810 4022 ἔγκλημα
2843 3949 2933 4003 ἴνα
2960 3948 3034 4020 μὴ
3064 3945 3459 4018 ρᾳθυμήσωσιν
3473 3940 3539 4003 ὡς
3558 3933 3671 3990 ἁλλό-

2146 4065 2288 4120 τριοι
2318 4045 2413 4100 τοῦ
2445 4044 2942 4115 πλημμελήματος.
2973 4059 2991 4091 ι
3027 4040 3118 4092 Ἐν
3143 4038 3300 4109 ὑμῖν,
3338 4056 3354 4088 ι
3391 4031 3530 4104 φησί.
3550 4029 3672 4120 Τουτ-

2151 4119 2266 4194 έστι
2312 4140 2424 4201 τοῖς
2467 4139 2703 4200 πιστοῖς,
2745 4136 2854 4197 τοῖς
2889 4131 3161 4186 τοσούτων
3220 4122 3534 4200 εὐεργεσιῶν
3576 4119 3673 4172 ἀπο-

2147 4231 2399 4287 λαύσασι.
2448 4229 2559 4284 Καὶ
2601 4228 2703 4282 οὐκ
2740 4221 2882 4290 εἷπε,
2910 4223 3244 4294 Πράττεται,
3290 4220 3476 4274 άλλ⁹ἔκ
3505 4225 3671 4284 περιου-

2150 4326 2294 4387 σίας,
2331 4341 2351 4375 ο
2385 4321 2692 4388 Ἀκούεται,
2725 4339 2744 4373 ι
2784 4317 2940 4389 φησί.
2978 4336 2996 4369 ι
3034 4315 3172 4370 Οὐδὲ
3196 4316 3256 4368 ἔν
3288 4310 3398 4374 τοῖς
3431 4308 3622 4362 ἔθνεσιν.
3652 4316 3666 4348 ι

2150 4416 2284 4471 Ἀπὸ
2313 4415 2424 4469 τῶν
2451 4413 2704 4476 ἐθνικῶν,
2737 4411 3011 4474 τουτέστι,
3050 4408 3164 4461 τῶν
3191 4406 3433 4459 ἀπίστων
3478 4393 3672 4456 ὀνειδίζει

2148 4513 2262 4574 τοῖς
2286 4509 2520 4570 πιστοῖς.
2551 4506 2614 4560 Ει
2641 4505 2699 4559 δὲ
2724 4503 2856 4575 παρ’
2886 4502 3073 4565 αὐτοῖς
3127 4501 3231 4554 οὐκ
3281 4493 3596 4568 ὀνομάζεται,
3635 4482 3673 4537 τί

468 4591 593 4647 illos
617 4605 724 4648 nec
752 4593 1094 4656 nominatur,
1137 4591 1271 4662 quid
1307 4591 1456 4647 dicet
1485 4591 1669 4662 quivis
1700 4590 1924 4661 quando
1960 4590 2043 4644 hic

2159 4601 2305 4654 είποι
2321 4616 2407 4662 τις
2436 4597 2566 4651 ἔνθα
2588 4597 2682 4652 καὶ⁵
2705 4595 3010 4666 πράσσεται
3034 4609 3051 4659 ;
3089 4609 3110 4644 ι
3158 4592 3323 4644 Ὥστε
3352 4584 3566 4657 γυναῖκα
3587 4593 3676 4633 τινα

465 4682 633 4738 etiam
657 4682 1054 4754 perpetratur?
1091 4701 1110 4734 ι
1139 4683 1209 4739 Ut
1258 4682 1426 4738 etiam
1469 4681 1642 4752 patris
1667 4697 1894 4737 uxorem
1923 4679 2050 4750 quis

466 4777 721 4833 habeat.»
754 4776 1026 4834 Fortassis
1052 4774 1502 4832 novercam.—Si
1534 4791 1658 4844 quae
1691 4775 1834 4830 inter
1858 4783 2051 4844 gentes

467 4876 620 4937 sunt,
657 4884 722 4926 ea
741 4870 826 4926 vel
855 4870 1036 4926 audiri
1076 4869 1223 4924 inter
1249 4885 1346 4924 vos
1378 4883 1636 4939 magnum
1659 4867 1818 4923 aﬁ‘ert
1846 4881 2050 4936 oppro-

471 4961 652 5016 brium
684 4979 698 5015 :
728 4961 888 5034 457
916 4963 1097 5033 turpia
1124 4976 1248 5031 qua:
1286 4960 1432 5016 inter
1464 4968 1657 5031 gentes
1682 4966 2045 5029 peraguntur,

475 5055 593 5106 haec
613 5051 780 5106 etiam
803 5053 949 5108 inter
973 5069 1072 5109 vos
1098 5052 1218 5107 ﬁeri
1251 5065 1499 5122 magnam
1530 5050 1726 5106 reddet
1749 5050 2052 5106 accusatio-

472 5157 622 5198 nem.
649 5141 810 5208 Quod
831 5143 877 5198 si
901 5143 1006 5198 hoc
1025 5144 1104 5197 ita
1125 5151 1233 5206 est,
1257 5141 1373 5196 ﬁeri
1399 5144 1541 5198 inter
1567 5158 1664 5198 vos
1681 5158 1804 5212 quae
1823 5156 1928 5196 nec
1959 5140 2046 5194 iu-

472 5244 557 5287 ter
594 5231 718 5286 illos
748 5240 1157 5302 perpetrantur,
1191 5247 1355 5300 quam
1383 5247 1494 5286 non
1535 5231 1821 5300 superabit
1859 5229 2050 5300 pravi-

475 5323 683 5379 tatem?
707 5321 864 5389 Quod
907 5337 1038 5378 vero
1076 5322 1156 5376 ait
1189 5339 1203 5376 :
1243 5339 1260 5374 ι
1282 5320 1519 5377 Omnino
1556 5322 1836 5389 auditur,»
1871 5306 2045 5377 veluti

473 5429 541 5467 cx
572 5412 716 5468 fama
743 5412 1188 5483 obstupescentis
1213 5421 1299 5467 est
1320 5420 1376 5467 et
1401 5412 1876 5469 excandescentis.
1909 5411 1954 5467 Ο
1975 5413 2049 5466 fa-

471 5507 630 5560 cinus
658 5505 974 5576 indignum!
1025 5524 1040 5556 ι
1079 5503 1334 5568 Omnino,
1361 5504 1560 5576 inquit,
1596 5505 1845 5562 auditur.
1875 5523 1894 5556 ι
1923 5501 2049 5558 Haec

474 5599 529 5651 in
560 5599 873 5668 aliquorum
906 5597 1090 5668 lingua
1136 5599 1364 5653 omnino
1394 5598 1464 5654 de
1510 5598 1671 5654 vobis
1701 5606 2046 5668 grassantur.

479 5708 494 5733 ι
527 5685 596 5742 Ει
618 5703 716 5742 vos
742 5687 913 5741 inﬁati
941 5688 1092 5742 estis.
1125 5708 1143 5742 ι
1177 5689 1328 5745 Illius
1352 5705 1593 5760 namque
1614 5688 1877 5743 delictum
1899 5701 2047 5742 com-

474 5792 697 5831 munem
742 5777 936 5832 debuit
982 5779 1178 5836 aﬁ‘erre
1230 5783 1388 5838 vobis
1435 5783 1727 5851 pudorem,
1766 5795 1913 5834 nunc
1951 5795 2048 5833 au-

475 5879 584 5925 tem
614 5866 787 5924 inﬂati
807 5869 960 5937 estis,
990 5886 1054 5928 eo
1077 5873 1226 5943 quod
1254 5874 1474 5931 videtur
1497 5873 1599 5929 sibi
1633 5873 1864 5943 quisque
1898 5882 2044 5929 rcctc

2155 4689 2250 4743 τοῦ
2276 4687 2483 4761 πατρὸς
2507 4687 2672 4757 ἔχειν.
2701 4705 2720 4739 ι
2760 4687 2918 4747 Ἴσως
2945 4684 3318 4755 μητρυιάν.--
3573 4666 3675 4724 Elii

2151 4781 2188 4836 ἃ
2217 4781 2515 4852 πράττεται
2539 4780 2600 4834 ἔν
2632 4781 2748 4842 τοῖς
2769 4778 2971 4840 ἔθνεσι,
2996 4773 3172 4828 ταῦτα
3191 4775 3262 4826 ἔν
3279 4773 3308 4825 ὐ
3318 4774 3406 4842 μίν
3429 4769 3513 4822 καὶ
3554 4763 3675 4834 μόνον

2153 4871 2464 4941 ἀκουόμενα
2492 4869 2635 4941 μέγα
2667 4869 2868 4931 ὄνειδος
2893 4867 3070 4938 φέρει,
3115 4867 3177 4919 τὸ
3207 4866 3305 4919 καὶ
3344 4860 3531 4932 ὁμοίως
3558 4857 3605 4908 ἔν
3630 4866 3673 4903 τε

2152 4963 2264 5026 τοῖς
2286 4961 2466 5015 ἔθνεσι
2492 4961 2591 5015 καὶ
2637 4961 2694 5014 ἔν
2721 4961 2850 5031 ὑμῖν
2895 4963 3008 5024 τοίς
3047 4959 3272 5021 πιστοῖς
3315 4951 3528 5008 τοιαῦτα
3551 4945 3674 5011 αἴσχη

2154 5052 2516 5122 πράττεσθαι,
2555 5052 2734 5124 πόσην
2788 5051 2888 5123 τὴν
2931 5049 3272 5120 κατηγορίαν
3328 5044 3476 5109 αὐξει
3504 5058 3518 5106 ;
3548 5038 3600 5092 Ei
3637 5032 3676 5084 ἃὲ

2155 5143 2333 5208 τοῦτο,
2360 5143 2424 5198 τδ
2471 5143 2815 5214 πράττεσθαι
2847 5145 2903 5196 ἔν
2953 5139 3298 5212 opus“?
3345 5140 3402 5192 ἔν
3473 5131 3676 5186 ἔκείνοιςν

2151 5233 2273 5287 τίνα
2327 5233 2526 5288 κακίαν
2561 5235 2662 5303 οὐχ
2695 5230 3142 5303 ὑπερακοντίζεις
3176 5259 3250 5270 -
3277 5228 3350 5281 Τὸ
3367 5226 3442 5291 δὲ,
3496 5239 3513 5273 ι
3540 5215 3676 5303 "om;

2154 5320 2432 5387 ἀκούεται,
2474 5341 2493 5374 ι
2537 5302 3112 5390 ὼςέκπεπληγμένου
3164 5317 3259 5372 ἐπὶ
3316 5319 3382 5387 τῇ
3428 5312 3569 5382 φήμῃ
3611 5302 3678 5358 καὶ

2150 5413 2652 5485 ἀσχάλλοντος.Φεῦ
2677 5415 2776 5481 τῆς
2798 5411 3026 5475 ἀτοπίας
3045 5413 3058 5465 !
3091 5429 3108 5462 ι
3123 5410 3322 5475 Ὀλως,
3339 5407 3513 5476 φησὶν,
3533 5395 3679 5455 ἀκούε-

2151 5522 2242 5559 ται
2267 5521 2281 5570 ;
2316 5524 2334 5558 ι
2362 5505 2542 5570 Ὃλως
2584 5506 2677 5559 ἐπὶ
2703 5505 2957 5574 γλώσσης
2994 5503 3141 5566 τινὸς
3187 5501 3360 5554 ταῦτα
3382 5498 3549 5565 λέγειν
3576 5488 3676 5559 περὶ

2155 5596 2310 5667 ὑμῶν
2331 5596 2747 5667 ἐγκατέσκηψεν
2771 5616 2786 5664 ;
2828 5616 2844 5648 ι
2885 5593 3302 5666 Πεφυσιωμὲνοι
3325 5591 3463 5645 ἔστὲ.
3478 5607 3496 5642 ι
3515 5587 3571 5640 Ἦ
3591 5583 3675 5651 γὰρ

2155 5688 2364 5742 ἐκείνου
2385 5688 2755 5759 πλημμέλεια,
2785 5688 2972 5758 κοινὴν
2998 5686 3228 5756 ῶφειλεν
3285 5685 3412 5756 ὑμῖν
3459 5676 3674 5748 αίσχύνην

2153 5781 2435 5850 γεννῆσαι,
2468 5779 2563 5835 νῦν
2585 5779 2641 5832 δὲ
2709 5779 3003 5849 φυσιοῦσθε
3036 5780 3122 5848 ἔφ’
3146 5771 3227 5842 οἷς
3261 5777 3485 5838 ἔκαστος
3516 5781 3673 5833 uno!”

2153 5868 2456 5927 θοῦνδοκεί.
2482 5871 2608 5926 Ἐὰν
2630 5871 2685 5925 δὲ
2701 5867 2796 5942 ἦτε
2821 5873 3022 5926 οίκειου
3032 5871 3186 5941 μένοι
3205 5867 3303 5920 καὶ
3327 5866 3522 5921 ἐκείνου
3536 5859 3673 5924 πλημ-
