3872 6560
111 441 202 508 697

1019 442 1410 508 conum.
1441 443 1527 507 IN
1565 442 1810 507 EPIST.
1841 443 1990 506 un
2027 405 2422 508 CORINTHr

3248 450 3354 514 698

117 554 322 631 μέλημα
349 554 423 619 ὡς
455 553 724 626 ὑμετέρου
744 553 966 626 μέρους,
1003 553 1280 609 ὲπενθεϊτε
1332 553 1420 620 ἀν,
1481 551 1671 626 ἐπειδὴ

1790 557 2016 629 ψει-πῖ.
2041 556 2198 626 Quod
2229 559 2278 615 si
2309 559 2593 629 proprium
2616 557 2894 616 duceretis
2920 560 3070 616 illius
3089 561 3353 618 delictum

117 649 183 712 ιις
205 648 263 701 τὸ
288 647 471 702 κοινὸν
492 647 591 718 τῆς
621 647 945 716 Ἐκκληοίας
984 649 1016 717 ἡ
1055 646 1228 718 βλάϐη
1263 644 1671 718 προεχώρησεν.

124 761 138 795 ι
171 742 283 794 ’Ίνα
313 740 541 813 ἐξαρθῇ.
577 760 596 793 ι
631 741 784 794 Διατί
808 741 1194 810 ὲπενθήσαμεν
1222 738 1328 806 ᾶν;
1363 738 1440 802 ὡς
1483 736 1543 805 ἐξ
1576 739 1674 792 ἀν-

120 830 377 894 τιθέσεως.

124 921 300 991 ίξαρθῇ
325 921 400 984 ὡς
421 921 516 973 ἐπὶ
546 921 736 993 λοιμοῦ
760 939 905 986 τινος
928 939 942 955 ο
969 921 1045 985 ὡς
1068 923 1115 975 εί
1140 919 1317 975 εἶπεν
1356 920 1548 991 Εύχῶν
1581 921 1678 974 καὶ

126 1014 328 1077 πένθους
363 1013 526 1084 χρεία
571 1015 657 1067 ἵνα
707 1014 907 1085 ἐξαρθῇ
959 1015 989 1066 δ
1026 1014 1216 1084 λοιμὸς
1262 1007 1437 1077 οὗτος.
1467 1033 1486 1066 ι
1528 1013 1587 1065 '0
1618 1013 1678 1066 τὸ

123 1111 264 1179 ἔργον
291 1108 446 1162 τοῦτο
496 1110 752 1180 ποιήσας.
793 1126 811 1160 ι
856 1107 932 1162 Ού
962 1107 1114 1176 λέγει
1178 1108 1238 1160 τὸ
1295 1107 1488 1178 ὄνομα,
1539 1107 1677 1176 ὅπερ

123 1199 372 1269 εἰώθαμεν
391 1201 483 1253 ἐπὶ
515 1201 624 1254 τῶν
651 1200 860 1270 σφόδρα
900 1200 1118 1254 ἀτόπων
1173 1201 1372 1261 ποιεῖν,
1427 1195 1540 1253 οἷον
1581 1198 1676 1252 καὶ

120 1294 205 1364 τὴν
232 1291 599 1363 προσηγορίαν
615 1291 690 1354 ὡς
726 1291 1006 1361 μολυσμὸν
1040 1290 1500 1361 παραιτούμενος.

1776 659 2032 721 tanquam
2084 651 2256 722 partis
2294 652 2467 707 vestri
2511 653 2784 722 corporis,
2829 653 3094 722 lugeretis
3139 654 3354 725 utique,

1773 741 2038 812 quoniam
2073 740 2130 795 in
2169 754 2462 795 commune
2492 738 2751 795 Ecclesiae
2785 739 3049 795 damnum
3079 741 3359 795 redunda-

467 832 658 895 Διατί;
712 833 824 902 Οὐχ
918 831 1008 885 ἴνα
1071 831 1363 902 ὲκὸάλητε,
1420 829 1536 884 ἀλλ’
1585 829 1674 883 ἵνα

1790 831 1876 886 rit.
1923 848 1943 882 ι
1991 829 2064 886 Ut
2094 829 2407 884 tolleretur.
2446 847 2466 882 ›
2503 828 2685 896 Quare
2719 845 2823 885 nos
2854 831 3042 901 lugere
3071 831 3360 900 oportuit?

1777 929 2041 991 tanquam
2085 935 2152 975 ex
2190 937 2251 976 re
2298 919 2572 990 opposita.
2607 920 2783 987 Quam
2821 921 2893 976 ob
2931 923 3089 977 rem?
3127 921 3250 976 Non
3297 930 3360 977 ut

1777 1015 2078 1087 eiiceretis,
2111 1013 2208 1068 sed
2247 1022 2309 1068 ut
2341 1014 2781 1070 tolleretisveluti
2815 1015 2869 1068 in
2900 1023 3054 1084 peste
3085 1013 3360 1084 quadam;

1780 1123 1846 1162 ac
1870 1107 1916 1162 si
1948 1106 2198 1172 dixisset,
2236 1105 2579 1162 Necessariae
2601 1113 2732 1160 sunt
2761 1121 2955 1174 preces
2981 1121 3046 1161 ac
3088 1106 3271 1161 luctus
3301 1116 3362 1159 ut

1781 1198 2008 1254 tollatur
2051 1197 2372 1269 huiusmodi
2414 1198 2603 1267 pestis.
2639 1217 2656 1249 ι
2697 1198 2801 1264 Qui
2841 1197 3058 1253 facinus
3090 1198 3195 1254 hoc
3233 1213 3362 1267 per-

1782 1289 2044 1360 petravit.
2077 1308 2096 1341 ι
2131 1289 2253 1345 Non
2280 1292 2544 1361 exprimit
2573 1307 2772 1348 nomen
2803 1310 2818 1346 :
2845 1294 2992 1364 quod
3019 1295 3198 1350 facere
3223 1309 3360 1349 con-

123 1385 380 1444 suevimus
411 1385 464 1440 in
499 1384 569 1441 iis
597 1401 720 1457 quae
748 1385 1047 1441 admodum
1076 1384 1317 1442 absurda
1349 1392 1478 1440 sunt
1523 1400 1538 1438 :
1604 1391 1864 1454 tanquam
1929 1383 2356 1453 appellationem
2407 1400 2628 1455 quoque
2679 1385 2852 1441 veluti
2902 1402 3018 1442 rem
3103 1385 3362 1440 infectam

125 1479 372 1537 devitans.

191 1617 329 1687 Ἐγὼ
339 1615 453 1686 μὲν
477 1616 587 1685 γὰρ
626 1616 701 1682 ὡς
735 1614 908 1670 ἀπὼν
939 1615 1020 1681 τῷ
1064 1613 1312 1684 σώματι,
1368 1611 1574 1682 παρὼν
1609 1611 1677 1664 δὲ

124 1710 191 1778 τῷ
224 1711 522 1778 πνεύματι,
574 1707 691 1777 ἤδη
727 1707 970 1777 κέκρικα
1013 1707 1094 1773 ὡς
1143 1705 1370 1776 παρὼν,
1425 1704 1531 1759 τὸν
1579 1703 1680 1756 οῦ-

127 1820 222 1872 τως
242 1803 409 1856 τοῦτο
440 1799 985 1870 κατεργασάμενον,
1038 1800 1110 1853 ἐν
1144 1796 1226 1864 τῷ
1269 1797 1514 1866 ὀνόματι
1567 1795 1674 1848 τοῦ

126 1895 320 1962 Κυρίου
338 1891 507 1962 ἡμῶν
520 1891 725 1962 Ἰησοῦ
745 1888 1030 1959 Χριστοῦ,
1057 1889 1490 1958 συναχθέντων
1508 1884 1676 1955 ὑμῶν

129 1986 208 2042 καὶ
232 1985 330 2041 τοῦ
352 1985 498 2054 ἐμοῦ
543 1984 906 2053 πνεύματος,
968 1981 1092 2035 σὺν
1145 1979 1221 2049 τῇ
1271 1978 1521 2047 δυνάμει
1568 1975 1675 2030 τοῦ

1849 1609 1914 1673 γ,
1956 1609 2011 1677 5,
2051 1607 2106 1664 6.
2151 1607 2422 1680 Siquidem
2457 1627 2550 1682 ego
2592 1619 2853 1682 tanquam
2896 1612 3081 1666 absens
3115 1631 3360 1684 corpore,

1779 1717 2015 1774 prwseus
2054 1711 2235 1756 autem
2269 1704 2485 1772 spiritu,
2519 1704 2641 1773 jam
2665 1705 2907 1774 judicavi
2941 1717 3198 1776 tanquam
3224 1723 3364 1777 pra:-

1778 1812 1920 1860 seus,
1956 1803 2014 1849 ut
2046 1797 2090 1850 is
2132 1798 2221 1867 qui
2259 1797 2355 1850 hoc
2384 1797 2464 1850 ita
2511 1799 2766 1867 patravit,
2806 1799 2861 1852 in
2913 1801 3121 1852 nomine
3156 1797 3367 1853 Domini

1783 1890 1952 1942 nostri
1981 1887 2105 1942 Iesu
2135 1888 2354 1954 Christi,
2387 1889 2720 1960 congregatis
2760 1891 2898 1945 vobis
2928 1898 2979 1944 et
3009 1906 3122 1943 meo
3152 1891 3366 1960 spiritu,

1783 1997 1902 2034 cum
1931 1983 2125 2035 virtute
2153 1981 2370 2036 Domini
2397 1982 2564 2036 nostri
2589 1981 2716 2036 Jesu
2745 1980 2961 2048 Christi,
2995 1982 3244 2037 tradatur
3266 1980 3369 2038 Sa-

130 2078 322 2148 Κυρίου
357 2053 529 2146 ἡμῶν
573 2074 780 2144 Ἰησοῦ
826 2073 1110 2144 Χριστοῦ,
1150 2071 1524 2142 παραδοῦναι
1578 2069 1684 2124 τὸν

1790 2081 1930 2126 ιαηα
1957 2072 2028 2126 ad
2048 2072 2323 2127 interitum
2350 2075 2548 2138 carnis,
2575 2081 2634 2127 ut
2662 2075 2882 2144 spiritus
2901 2073 3081 2128 salvus
3109 2077 3176 2129 sit
3207 2075 3262 2129 in
3285 2075 3369 2128 die

129 2171 372 2226 τοιοῦτον
396 2169 476 2234 τῷ
497 2168 737 2236 Σατανᾷ
760 2169 848 2234 εις
884 2167 1136 2235 ὄλεθρον
1155 2164 1264 2232 τῆς
1287 2163 1536 2231 σαρκὸς,
1580 2161 1683 2214 ἵνα

129 2260 181 2313 τὸ
211 2261 434 2328 πνεῦμα
462 2259 628 2327 σωθῇ
658 2259 728 2312 ὲν
750 2257 826 2327 τῇ
850 2257 1036 2326 ἡμέρᾳ
1067 2257 1174 2312 τοῦ
1205 2254 1428 2324 Κυρίου
1449 2251 1680 2322 Ἰησοῦ.

131 2354 197 2408 Οὐ
221 2353 402 2407 καλὸν
429 2352 497 2406 τὸ
529 2352 809 2423 καύχημα
833 2349 1021 2422 ὑμῶν.

184 2487 754 2558 Ἐπείγεταιικδιῶξαι
793 2487 982 2552 αύτδν,
1029 2486 1128 2542 καὶ
1154 2484 1277 2540 οὐδὲ
1307 2486 1403 2557 τὴν
1438 2503 1684 2558 σωματι-

127 2582 212 2653 κὴν
247 2581 403 2636 αὑτοῦ
441 2581 752 2653 παρουσίαν
795 2581 1094 2652 ἀναμεῖναι
1139 2581 1340 2644 αὐτοὺς
1398 2579 1676 2650 βούλεται.

129 2693 144 2726 ι
176 2673 358 2746 Παρὼν
396 2674 455 2728 δὲ
480 2674 560 2744 τῷ
579 2671 875 2744 πνεύματι.
909 2691 928 2724 ι
969 2672 1258 2726 Δείκνυοιν
1295 2673 1496 2726 ἑαυτὸν
1518 2675 1686 2730 πνεύ-

125 2783 242 2834 ματι
266 2765 530 2836 παρόντα,
565 2761 817 2827 δεδοικὼς
845 2762 920 2834 μή
966 2778 1020 2815 τι
1051 2761 1240 2832 ἕτερον
1288 2759 1684 2829 βουλεύσωνται

125 2856 310 2924 περὶτδ
339 2853 594 2908 ὲκὸαλεῖν
622 2852 811 2917 αὑτὸν,
829 2852 924 2906 καί
955 2868 1150 2923 φησιν,
1173 2870 1192 2903 ι
1222 2851 1362 2921 Ἤδη
1382 2852 1636 2923 κέκρικα,
1659 2871 1678 2906 ι

118 2947 307 3018 Μηδεὶς
331 2947 516 3001 τοίνυν
563 2944 973 3001 ἀναϐαλλέσθω.
1014 2943 1080 2997 Ἠ
1116 2943 1224 3014 ὲμὴ
1261 2943 1444 3014 κρίσι-ς
1479 2947 1511 3016 ἡ
1561 2947 1684 3000 κατ’

117 3041 288 3104 αὑτοῦ,
312 3041 410 3112 ἤδη
438 3041 706 3110 πέπηγεν.
738 3039 872 3093 ιΤδν
897 3037 1069 3101 οὕτως
1093 3036 1254 3090 τοῦτο
1273 3039 1686 3110 κατεργασάμε-

116 3133 456 3199 νονηΓΔλλοι
471 3132 643 3196 οὕτως
667 3133 1002 3202 ἀνέγνωσαν·
1036 3130 1140 3184 Τὸν
1161 3128 1336 3193 οὕτως
1362 3129 1529 3203 ,τοῦτο
1547 3149 1684 3186 κατ-

111 3225 482 3295 ιργασάμενον
513 3227 569 3278 ὲν
593 3223 672 3296 τῷ
691 3224 920 3294 ὀνόματι
944 3222 1038 3277 τοῦ
1079 3219 1290 3291 Κυρίου
1309 3221 1470 3290 ἡμῶν
1504 3222 1682 3293 Ἰησοῦ

110 3315 657 3383 Χριστοῦ,τουτὲστι,
691 3316 783 3369 τὸν
818 3317 898 3380 είς
947 3315 1008 3369 τὸ
1070 3313 1242 3387 ὄνομα
1297 3313 1391 3366 τοῦ
1442 3314 1682 3385 Χριστοῦ

1789 2163 2002 2218 Domini
2031 2163 2180 2222 Iesu.
2215 2163 2340 2220 Non
2370 2173 2445 2220 est
2478 2167 2612 2220 bona
2644 2165 2894 2238 gloriatio
2921 2173 3117 2222 vestra.

1857 2489 2126 2563 Properat
2145 2507 2273 2549 eum
2305 2493 2604 2564 expellere,
2629 2503 2686 2550 et
2709 2509 2890 2566 neque
2915 2494 3258 2566 corporalem
3281 2495 3367 2550 sui

1787 2584 2138 2653 prasentiam
2165 2587 2286 2640 vult
2314 2586 2464 2656 ipsos
2487 2596 2832 2656 exspectare.
2871 2605 2890 2638 ι
2917 2587 3162 2642 Praesens
3183 2597 3369 2642 autem

1785 2674 2008 2746 spiritu.
2053 2695 2074 2728 ι
2126 2675 2382 2732 Ostendit
2425 2693 2485 2732 se
2522 2678 2724 2747 spiritu
2771 2685 3124 2746 praesentem,
3154 2677 3366 2731 veritus

1786 2780 1857 2820 ne
1890 2765 2025 2836 quid
2071 2767 2221 2821 aliud
2268 2767 2339 2822 de
2383 2767 2503 2838 ipso
2549 2767 2829 2838 ejiciendo
2875 2768 3280 2831 consultarent,
3313 2774 3372 2821 et

1785 2861 1862 2916 ait
1889 2877 1903 2914 :
1934 2878 1952 2912 ι
1983 2848 2102 2917 Jam
2117 2863 2385 2933 iudicavi.
2419 2882 2436 2915 ι
2465 2862 2660 2918 Nullus
2683 2863 2869 2933 itaque
2894 2862 3115 2918 diﬂerat
3145 2878 3160 2916 :
3185 2876 3369 2916 meum

1785 2952 2053 3008 adversus
2097 2954 2253 3008 illum
2292 2955 2564 3026 judicium
2610 2956 2723 3024 iam
2755 2955 3060 3009 stabilitum
3104 2961 3211 3008 est.
3243 2971 3262 3004 ι
3302 2953 3372 3008 Ut

1786 3043 1834 3099 is
1860 3044 1954 3114 qui
1985 3044 2091 3100 hoc
2120 3044 2196 3098 ita
2226 3045 2523 3114 patravit.»
2566 3045 2673 3100 Alii
2705 3045 2782 3101 ita
2808 3047 3104 3117 legerunt:
3139 3043 3209 3100 Ut
3238 3059 3367 3099 eum

1785 3135 1880 3206 qui
1912 3137 2018 3191 hoc
2060 3135 2134 3191 ita
2165 3139 2404 3206 patravit
2438 3139 2492 3192 in
2545 3153 2746 3192 nomen
2774 3138 2990 3192 Domini
3039 3138 3214 3192 nostri
3241 3137 3370 3192 Jesu

1785 3226 1993 3282 Christi
2036 3243 2050 3281 :
2085 3227 2192 3282 hoc
2237 3237 2343 3292 est,
2391 3228 2487 3296 qui
2526 3227 2581 3282 in
2637 3243 2840 3283 nomen
2887 3227 3093 3283 Christi
3137 3226 3374 3297 iniurius

1786 3317 1893 3372 fuit
1929 3335 1945 3372 :
1981 3327 2038 3373 et
2067 3327 2356 3389 postquam
2387 3319 2596 3375 Christi
2631 3334 2936 3390 cognomen
2971 3318 3204 3386 accepit,
3244 3317 3372 3371 talia

125 3408 604 3480 ἒνυὸρίσαντα,καὶ
639 3409 778 3482 μετά
826 3410 886 3464 τὸ
945 3410 1244 3482 ἀξιωθῆναι
1299 3411 1399 3480 τῆς
1442 3407 1682 3480 Χριστοῦ

1790 3427 1956 3467 ausus
1997 3421 2103 3475 εει,
2146 3411 2378 3467 tradatis
2418 3412 2653 3467 Satanae.
2693 3430 2712 3463 ι
2745 3411 3105 3481 Congregatis
3127 3409 3308 3463 vobis.
3350 3427 3368 3459 ι

139 3501 441 3573 ὶτιωνυμίας,
465 3503 690 3557 τοιαῦτα
726 3502 1100 3575 τολμήσαντα,
1140 3504 1413 3575 παράδοτε
1451 3503 1532 3576 τῷ
1577 3504 1683 3556 Σαυ

139 3597 263 3666 τανᾷ.
293 3613 310 3646 ι
333 3595 715 3665 Συναχθέντων
743 3596 924 3665 ὑμῶν.
951 3614 970 3647 ι
1001 3597 1119 3650 Ἵνα
1146 3595 1222 3668 μὴ
1239 3595 1366 3667 δόξῃ
1387 3595 1682 3657 αὐθαδείας

138 3683 250 3743 εἶναι
263 3692 341 3757 τὸ,
371 3710 390 3744 ι
406 3691 545 3761 Ἤδη
569 3691 826 3761 κέκρικα,
839 3709 856 3740 ι
879 3689 974 3744 καὶ
991 3690 1190 3753 αὐτοὺς
1207 3688 1476 3760 λαμόἀνει
1495 3705 1687 3742 κοινω-

138 3785 253 3847 νοὺς,
277 3786 332 3839 ὲν
359 3783 438 3854 τῷ
454 3784 658 3853 λέγειν·
684 3783 1096 3855 ιΣυναχθέντων
1135 3783 1288 3854 ὑμῶν
1321 3782 1415 3836 καὶ
1441 3779 1683 3852 τοῦέμοῦ

139 3874 436 3946 πνεύματος,
473 3895 494 3930 ι
561 3877 661 3946 τῆς
710 3877 850 3947 ἐμῆς
893 3878 1131 3946 ἀοράτου
1197 3874 1518 3946 ἐπιδημίας.
1554 3868 1688 3928 Εἶτα

138 3966 327 4036 nam
352 3987 373 4021 ι
409 3969 502 4022 Ἐν
535 3968 614 4039 τῷ
643 3968 868 4038 ὀνόματι
893 3968 983 4022 τοῦ
1015 3968 1223 4036 Κυρίου
1259 3967 1490 4039 Ἰησοῦ.»
1516 3967 1686 4019 Taur-

138 4057 250 4125 ἐστι,
287 4061 426 4116 κατά
452 4062 589 4116 Θεὸν
623 4061 930 4133 συνάχθητε
949 4061 1045 4116 καὶ
1076 4061 1324 4132 κρίνατε,
1362 4059 1438 4130 μὴ
1475 4058 1688 4129 ἀνθρω-

139 4151 244 4224 πίνῃ
273 4154 406 4226 πρὸς
429 4154 596 4208 αὑτὸν
623 4154 831 4224 αίδοί,ἢ
862 4157 996 4225 τιμῇ
1051 4152 1434 4224 κατεχόμενοι.
1469 4151 1688 4204 Δέδοικε

137 4243 244 4316 rip,
280 4247 352 4318 μή
371 4265 425 4300 τι
463 4247 653 4318 ἕτερον
676 4246 926 4319 κρίνωσι.
962 4266 981 4298 ι
1009 4247 1120 4300 Καὶ
1146 4245 1241 4299 τοῦ
1276 4239 1412 4316 ἐμοῦ
1439 4243 1687 4313 πνεύμα-

135 4351 228 4396 τος.
265 4357 282 4391 ι
318 4340 486 4394 Πάλιν
514 4340 826 4411 ἐπέστησεν
853 4339 1042 4402 αὐτοῖς
1074 4336 1291 4401 ἑαυτὸν,
1328 4335 1424 4389 καὶ
1484 4334 1544 4387 οὑ
1594 4331 1691 4402 μό-

134 4446 210 4485 νον
230 4432 402 4499 τοῦτο,
432 4433 570 4488 ἀλλά
607 4435 702 4488 καὶ¹
730 4433 826 4486 τὸν
875 4431 1114 4502 Χριστόν
1147 4448 1158 4461 ³
1197 4429 1287 4483 ἴνα
1321 4429 1451 4482 ὅταν
1483 4427 1688 4497 κρίνω-

143 4540 231 4591 σιν,
263 4527 337 4592 ὡς
363 4526 456 4581 τοῦ
483 4523 724 4597 Χριστοῦ
756 4525 850 4579 καὶ
871 4523 1039 4577 αὑτοῦ
1068 4521 1359 4593 παρόντος,
1399 4518 1689 4572 ἀδίκαστον

135 4615 435 4687 ἐξενέγκωσι
487 4618 687 4687 ψῆφον.
756 4633 776 4669 ι
813 4616 909 4679 Et;
957 4614 1181 4685 ὀλεθρον
1251 4616 1352 4684 τῆς
1399 4610 1624 4681 σαρκός.
1663 4626 1682 4661 ι

137 4707 281 4779 Ὀρον
309 4711 492 4780 τίθησι
525 4709 599 4780 τῷ
621 4709 856 4779 Σατανᾷ,
912 4707 1074 4778 μόνου
1127 4706 1379 4777 σώματος
1425 4704 1686 4771 ἅψασθαι,

1783 3501 1864 3556 Νε
1895 3500 2172 3571 praai'racti
2209 3501 2379 3556 animi
2411 3516 2534 3558 esse
2572 3500 2822 3556 videatur
2845 3499 2994 3570 quod
3021 3500 3131 3570 iam
3161 3497 3377 3568 iudica-

1785 3593 1948 3658 verit,
1983 3591 2150 3664 458
2180 3593 2330 3664 ipsos
2357 3608 2582 3664 quoque
2606 3592 3062 3654 assumitsocios,
3095 3590 3226 3645 dum
3259 3591 3371 3644 ait:

1791 3702 1812 3737 ι
1841 3683 2210 3758 Congregatis
2235 3686 2392 3740 vobis
2437 3694 2493 3740 et
2535 3699 2661 3740 meo
2694 3684 2915 3754 spiritu,
2967 3703 2987 3737 ι
3025 3683 3078 3737 id
3116 3691 3222 3747 est,
3254 3697 3377 3737 mea

1787 3775 2051 3830 invisibili
2073 3776 2387 3846 prementia.
2423 3775 2636 3830 Deinde
2667 3774 2920 3846 adiunxit
2949 3791 2963 3828 :
3005 3792 3024 3824 ι
3057 3773 3115 3828 In
3153 3771 3378 3828 nomine

1788 3865 2004 3920 Domini
2036 3864 2192 3921 Jesu.
2245 3884 2264 3917 ι
2308 3865 2426 3921 11οε
2457 3876 2562 3930 εει,
2596 3866 2902 3921 secundum
2934 3866 3106 3919 Deum
3143 3878 3378 3932 congre-

1787 3959 1992 4030 gemini
2017 3974 2083 4014 ac
2099 3959 2382 4030 iudicetis,
2410 3974 2522 4012 non
2551 3958 2794 4011 humano
2816 3972 2945 4026 erga
2982 3957 3134 4009 illum
3165 3955 3378 4023 pudore

1789 4060 1886 4106 aut
1907 4050 2120 4105 honore
2140 4048 2525 4120 reprimamini
2549 4065 2564 4102 :
2591 4048 2777 4102 timuit
2800 4047 2948 4102 enim
2971 4061 3039 4100 ne
3065 4045 3196 4114 quid
3225 4044 3376 4098 aliud

1786 4143 2124 4217 iudicarent.
2171 4162 2190 4195 ‹
2245 4143 2314 4197 Ει
2363 4157 2486 4196 meo
2521 4141 2742 4211 spiritu.
2788 4159 2807 4192 ι
2847 4141 3088 4194 Rursum
3131 4137 3376 4206 seipsum

1791 4236 1902 4291 illis
1931 4236 2204 4300 exhibuit,
2245 4250 2348 4291 nec
2391 4235 2445 4289 id
2480 4235 2682 4299 solum,
2729 4233 2823 4288 sed
2866 4241 2923 4288 et
2952 4231 3236 4287 Christum
3271 4249 3283 4283 :
3320 4239 3380 4287 ut

1791 4343 1919 4384 cum
1950 4326 2328 4398 iudicaverint
2364 4333 2629 4396 tanquam
2670 4322 2894 4380 Christo
2939 4331 2996 4376 et
3041 4321 3160 4392 ipso
3207 4321 3378 4376 Paulo

1790 4426 2086 4490 praesente,
2125 4419 2408 4473 sincerum
2461 4433 2526 4474 ac
2552 4417 2936 4486 incorruptum
2970 4413 3148 4469 ferant
3177 4412 3378 4468 ευστα-

1791 4511 1961 4583 gium.
1994 4529 2014 4563 ι
2048 4509 2129 4566 Ad
2164 4509 2453 4565 interitum
2477 4509 2685 4564 carnis.
2718 4527 2738 4560 ι
2782 4507 3106 4564 Tcrminum
3143 4504 3380 4576 praeﬁgit

1792 4603 2032 4667 Satanae,
2071 4610 2135 4656 ut
2179 4601 2453 4657 duntaxat
2493 4617 2697 4672 corpus
2743 4609 3029 4672 tangeret,
3065 4617 3178 4656 non
3210 4600 3380 4655 etiam

1793 4693 2056 4748 animam.
2089 4691 2282 4748 Simile
2319 4701 2405 4748 est
2440 4690 2589 4762 quod
2617 4690 2686 4746 de
2721 4691 2826 4746 Job
2863 4691 2941 4745 ait
2974 4691 3120 4746 Deus
3152 4705 3167 4742 :
3207 4708 3226 4742 ‹
3267 4689 3376 4744 Ve-

140 4773 308 4868 μὴααὶ
331 4773 530 4872 ψυχῆς.
567 4773 884 4869 ’Ὅμοιον-ὲν
912 4773 1010 4870 ⁷’τῷ
1046 4797 1167 4852 ’1ὡῦ
1212 4773 1380 4867 ιρησιν
1431 4795 1460 4848 ὁ
1513 4795 1679 4858 Θεόςο

1790 4785 2351 4840 rumtamenanimam
2366 4783 2486 4854 eius
2504 4796 2575 4837 ne
2594 4791 2784 4852 tangas
2805 4779 2951 4835 “4‘.
2977 4800 2995 4833 ι
3026 4780 3172 4836 Bene
3195 4786 3380 4834 autem

141 4907 158 4938 ι
185 4891 314 4964 Πλὴν
338 4893 437 4962 τῆς
458 4893 638 4962 ψυχῆς
667 4889 834 4944 αὑτοῦ
870 4889 1112 4962 μηῖἀψῃ.
1150 4909 1169 4942 ι
1206 4887 1406 4952 Καλῶς
1439 4887 1519 4954 δὲ,
1558 4889 1684 4952 «Εἰς

135 4979 331 5054 ὀλεθρον
364 4987 465 5056 τῆς
493 4983 721 5054 σαρκὸς,
757 5001 776 5036 ι
829 4979 941 5036 οἷον
972 4983 1062 5036 τνα
1108 4981 1250 5052 νόσῳ
1311 4982 1474 5036 αὑτὸν
1527 4978 1668 5051 τήξῃ

147 5072 342 5147 Ἐπειδὴ
375 5077 490 5148 γὰρ
534 5078 600 5130 ὲκ
629 5076 725 5130 τοῦ
778 5074 1033 5146 σώματος
1081 5075 1178 5128 καὶ
1219 5073 1321 5144 τῆς
1375 5074 1588 5145 τρυφῆς
1637 5070 1701 5124 αι

133 5160 420 5238 ἐπιθυμίαι,
444 5166 508 5220 τὸ
534 5166 696 5238 σῶμα
716 5165 1048 5237 κολασθῆναι
1079 5166 1175 5220 καὶ
1199 5164 1550 5236 νεκρωθῆναι
1573 5161 1700 5233 βού-

130 5251 281 5315 λεται.
313 5261 576 5332 Ὄλεθρον
602 5262 703 5331 τῆς
733 5260 938 5333 σαρκὸς
999 5241 1174 5326 εἶπεν,
1229 5258 1356 5327 ὅρον
1408 5255 1576 5318 τιθεὶς
1619 5253 1698 5324 τῷ

124 5345 362 5424 διαϐόλῳ,
377 5355 473 5409 καὶ
493 5354 569 5426 μὴ
601 5353 706 5408 ὲῶν
722 5353 884 5408 αὐτὸν
901 5352 1214 5423 περαιτέρω
1233 5347 1520 5420 προϐῆναι.
1533 5365 1552 5399 ι
1581 5348 1700 5399 Ἵνα

120 5439 173 5492 τὸ
201 5447 414 5517 πνεῦμα
466 5446 638 5517 σωθῇ.
677 5465 696 5498 ι
732 5445 920 5516 Τούτῳ
961 5445 1071 5514 γὰρ
1102 5443 1180 5514 τῷ
1237 5443 1447 5514 τρόπῳ,
1497 5441 1595 5495 καὶ
1639 5439 1702 5492 τὸ

115 5529 188 5581 σῶ
203 5555 275 5605 μα
309 5538 636 5610 σωθήσεται.
671 5538 780 5592 Καὶ
801 5537 975 5600 ἄλλως
1007 5538 1087 5600 είς
1112 5537 1194 5601 τό,
1231 5535 1350 5588 Ἵνα
1378 5534 1439 5586 τὸ
1483 5531 1702 5602 πνεῦμα

113 5629 301 5700 σωθῇ,
354 5630 629 5694 τουτέστι,
665 5631 729 5683 τὸ
759 5629 983 5700 Πνεῦμα
1015 5629 1077 5682 τὸ
1136 5626 1292 5696 ἅγιον
1332 5625 1480 5696 σωθῇ
1529 5623 1699 5693 αύτῷ,

126 5715 224 5768 δ’εαῖ
251 5723 314 5790 μὴ
337 5721 671 5793 ἀναχωρήσῃ
704 5721 778 5784 ὡς
806 5719 866 5786 ἐξ
900 5720 1150 5783 ἀσεϐοῦς.
1206 5716 1380 5772 Τοῦτο
1433 5716 1487 5769 δὲ
1538 5715 1695 5785 κηδο-

209 5894 307 5932 ¹Μ¹
333 5901 455 5958 Job.
490 5916 552 5967 ιι,
592 5901 646 5954 6.

1791 4877 1910 4932 ait:
1949 4894 1968 4928 ι
2006 4874 2091 4930 Ad
2134 4875 2424 4931 interitum
2451 4874 2674 4938 carnis,
2716 4892 2734 4925 ι
2773 4873 2881 4927 hoc
2923 4879 3025 4938 est,
3063 4879 3124 4927 ut
3155 4871 3382 4943 aegritu-

1793 4968 1925 5024 dine
1959 4969 2140 5039 ipsum
2169 4975 2500 5023 maceraret.
2535 4965 2805 5032 Quoniam
2838 4966 2987 5020 enim
3013 4982 3043 5021 a
3073 4979 3304 5037 corpore
3326 4973 3384 5021 et

1793 5062 2061 5118 alimento
2119 5061 2430 5134 procedunt
2480 5060 2967 5131 concupiscentiae,
3017 5075 3220 5130 corpus
3265 5060 3385 5114 vult

1794 5154 1982 5226 puniri
2010 5169 2074 5210 ac
2093 5152 2437 5210 mortiﬁcari.
2466 5153 2758 5207 lnteritum
2788 5153 2974 5222 itaque
3008 5152 3158 5208 dixit
3175 5152 3382 5216 carnis,

1797 5245 2097 5300 terminum
2128 5245 2420 5315 prmﬁgens
2437 5243 2680 5308 diabolo,
2718 5259 2823 5298 nec
2856 5243 3046 5300 sinens
3077 5260 3206 5300 eum
3238 5243 3386 5297 ultra

1800 5337 2126 5410 procedere.
2165 5357 2182 5390 ι
2221 5337 2290 5394 Ut
2314 5337 2546 5407 spiritus
2576 5337 2764 5392 salvus
2787 5338 2880 5392 sit.
2915 5357 2935 5392 ι
2958 5337 3032 5394 Ut
3055 5337 3256 5400 anima,
3291 5335 3379 5388 in-

1798 5435 1939 5504 quit,
1963 5441 2234 5498 servetur,
2259 5447 2388 5487 nam
2409 5441 2465 5488 et
2484 5448 2686 5503 corpus
2710 5434 2817 5490 hoc
2842 5435 3007 5489 modo
3034 5433 3376 5488 servabitur.

1799 5526 1868 5581 Et
1896 5533 2158 5596 praeterea
2202 5524 2258 5578 in
2293 5523 2419 5590 hoc,
2464 5523 2537 5579 Ut
2594 5525 2826 5594 spiritus
2868 5535 3139 5589 servetur,
3189 5521 3240 5576 id
3273 5528 3379 5584 est,

1804 5631 1862 5676 ut
1905 5619 2148 5690 Spiritus
2193 5627 2418 5676 sanctus
2459 5617 2564 5688 ipsi
2605 5629 2856 5674 servetur
2897 5629 2953 5674 et
2992 5631 3103 5671 non
3133 5611 3386 5667 discedat

1809 5723 2068 5783 tanquam
2101 5712 2170 5768 ab
2205 5710 2394 5783 impio.
2450 5708 2566 5766 Hoc
2613 5717 2797 5764 autem
2830 5703 3166 5778 providentis
3198 5699 3400 5771 potius.
