3872 6570
533 429 643 494 θθῦ

1590 417 1995 482 (ECUMENII
2022 414 2320 479 TRICCE
2358 414 2704 479 EPISCOPI
3611 427 3686 495 τοο

530 550 619 598 est
652 551 818 609 quam
865 532 1198 606 supplicium
1247 529 1566 601 indigentis.
1609 548 1628 582 ι
1676 528 1798 585 Non
1843 537 1930 585 est
1971 529 2117 584 bona

2221 544 2384 617 μένου
2422 545 2642 618 μᾶλλον,
2676 543 2709 617 ἢ
2761 541 3170 615 τιμωρουμένου
3215 540 3382 602 τέστίν.
3425 565 3442 600 ι
3471 549 3534 605 οι
3574 559 3689 615 iam

527 632 782 706 gloriatio
809 639 1014 687 vestra.
1047 647 1065 680 ι
1105 625 1434 682 Subindieat
1465 624 1612 695 quod
1649 623 1805 679 illum
1833 639 1944 678 non
1980 639 2114 694 per-

530 726 810 780 misissent
842 721 1165 792 resipiscere
1187 734 1256 774 eo
1285 719 1434 788 quod
1469 717 1842 788 gloriarentur
1869 716 1926 771 in
1965 717 2110 784 ipso.

531 820 666 876 Nlm
697 826 815 873 erat
845 817 934 870 hic
969 813 1219 870 fortassis
1251 829 1397 868 unus
1427 813 1739 882 sapientum
1767 812 1912 883 apud
1937 812 2110 882 ipsos.

609 911 672 970 ν.
714 910 766 971 6,
793 910 843 963 8.
869 911 949 962 An
973 908 1181 961 nescitis
1204 907 1342 976 quod
1366 905 1644 974 paululum
1671 906 1920 973 [ει-πιαιιὶ
1943 913 2112 959 totum

530 1003 953 1071 sonspersionem
983 999 1304 1069 fermentat?
1351 996 1660 1068 Expurgate
1703 1004 1848 1050 vetus
1883 997 2114 1066 fermen-

531 1103 643 1144 tum
685 1101 742 1142 ut
781 1092 895 1144 sitis
935 1107 1067 1143 nova
1109 1089 1430 1158 conspersio,
1470 1088 1604 1141 sicut
1645 1089 1765 1142 estis
1803 1087 1998 1158 azymi,
2033 1085 2112 1156 (id

529 1191 626 1243 est,
663 1183 920 1250 fermento
953 1181 1235 1250 carentes).
1267 1179 1406 1234 Nam
1439 1187 1489 1232 et
1521 1182 1719 1252 pascha
1748 1188 1986 1234 nostrum
2013 1193 2110 1249 pro

531 1272 677 1325 nobis
717 1271 1023 1325 immolatus
1052 1280 1128 1325 est
1163 1270 1423 1324 Christus.
1452 1270 1640 1342 Itaque
1671 1271 1858 1340 festum
1886 1270 2113 1324 celebre-

532 1377 649 1415 mus
674 1379 776 1416 non
809 1364 863 1415 in
902 1363 1153 1430 fermento
1189 1363 1372 1426 ueteri,
1403 1377 1570 1432 neque
1609 1362 1664 1414 in
1707 1361 1960 1431 fermento
1990 1378 2110 1415 ma-

530 1451 662 1507 litiae
692 1463 742 1507 et
767 1455 1082 1525 pravitatis;
1107 1455 1198 1507 sed
1228 1455 1282 1507 in
1308 1455 1508 1526 azymis
1543 1454 1862 1508 sinceritatis
1899 1461 1948 1507 et
1976 1453 2115 1508 veri-

529 1548 678 1600 tatis.

602 1633 741 1702 Ipsis
771 1648 991 1704 quoque
1039 1641 1217 1690 cavet.
1247 1635 1463 1690 Etenim
1488 1635 1714 1702 malum,
1740 1635 1942 1706 inquit,
1963 1634 2112 1707 quod

526 1726 849 1796 negligitur,
906 1725 1180 1798 reliquum
1221 1730 1480 1784 Ecclesia:
1537 1745 1742 1801 corpus
1794 1729 1990 1795 inlicit,
2044 1743 2113 1785 eo

520 1817 675 1886 quod
708 1819 801 1872 alii
829 1834 1050 1889 quoque
1087 1820 1223 1875 illud
1259 1823 1572 1877 imitentur.
1628 1822 2107 1890 Quemadmodum

2215 639 2276 692 τὸ
2313 638 2578 710 καύχημα
2631 637 2806 707 ὑμῶν.
2844 655 2864 690 ι
2908 636 3211 691 Αίνίττεται
3261 638 3338 692 ὅτι
3397 640 3529 696 αὐτοὶ
3573 649 3691 705 αὐτὴν

2213 727 2313 782 οὐκ
2332 728 2522 782 εῖασαν
2554 727 2907 799 μετανοῆσαι.
2937 726 3279 796 καυχώμενοι
3309 729 3382 791 εἰς
3400 728 3688 803 αὑτόν.”1σως

2213 819 2324 890 γὰρ
2346 817 2453 872 τῶν
2483 819 2634 890 παρὰ
2659 817 2812 886 σφίσι
2841 816 3024 886 σοφῶν
3053 812 3132 881 εἷς
3158 813 3225 888 ἦν
3246 812 3411 881 οὗτος.
3532 879 3534 883 ,

2287 907 2410 959 Οὐκ
2449 903 2654 960 οἴδατε
2676 904 2765 958 ὅτι
2783 905 2964 972 μικρὰ
2982 904 3127 974 ζύμη
3163 903 3306 959 ὅλον
3329 903 3394 958 τὸ
3416 907 3614 977 φύραμα
3629 911 3693 972 ευ.

2208 996 2346 1068 poi";
2361 996 2752 1066 Ἐκκαθάρατε
2767 996 2883 1064 τὴν
2901 995 3164 1050 παλαιὰν
3183 995 3375 1064 ζύμην,
3396 997 3485 1050 ira
3496 994 3581 1067 ἦτε
3594 1002 3694 1056 νέοιο

2212 1089 2474 1158 φύραμα,
2510 1090 2700 1155 καθώς
2728 1088 2870 1144 ἐστε
2901 1085 3126 1156 ἄζυμοι.
3165 1085 3284 1154 Kal]
3314 1087 3412 1156 γὰρ
3437 1089 3498 1143 τὸ
3536 1091 3695 1161 Πάσχα

2211 1179 2384 1250 ἡμῶν
2408 1179 2563 1248 ὑπὲρ
2587 1177 2760 1249 ἡμῶν
2787 1179 2973 1246 sanan
2995 1178 3266 1246 Χριστός.
3294 1179 3457 1232 Ὥστε
3495 1181 3697 1249 ἑορτάζωι

2209 1288 2344 1342 μεν,
2362 1272 2448 1342 μὴ
2478 1272 2549 1325 ἐν
2563 1270 2711 1340 ζύμῃ
2732 1269 2979 1339 παλαιᾷ,
2993 1269 3150 1340 μηδὲ
3167 1272 3236 1324 ἐν
3255 1269 3393 1340 ζύμῃ
3423 1274 3602 1341 κακίας
3625 1277 3693 1330 καὶ
3782 1263 3783 1274 “

2211 1365 2528 1432 πονηρίας,
2609 1363 2748 1419 sax
2810 1363 2882 1418 ἐν
2932 1361 3176 1432 ἀζύμοις
3238 1363 3580 1432 etlapsa-stac
3625 1366 3695 1420 sal

2211 1455 2522 1525 ἀληθείας.

2283 1637 2393 1694 Καὶ
2418 1636 2599 1692 αὐτῶν
2632 1635 2896 1707 φείδεται.
2924 1634 3036 1689 Καὶ
3060 1634 3170 1706 γὰρ
3204 1632 3562 1724 ἀμελούμενον,
3584 1638 3694 1706 φησι,

2211 1733 2275 1787 τὸ
2308 1731 2498 1799 κακὸν,
2527 1731 2624 1785 καὶ
2658 1731 2736 1803 τῷ
2763 1729 2938 1800 λοιπῷ
2979 1727 3301 1801 λυμαίνεται
3336 1727 3428 1798 τῆς
3455 1729 3698 1799 Ἐκκλησίας

2216 1825 2450 1894 σώματι,
2482 1825 2572 1880 διὰ
2595 1825 2656 1878 τὸ
2702 1825 2796 1879 καὶ
2841 1820 3059 1894 ἑτέρους
3092 1821 3225 1875 αὐτὸ
3253 1821 3699 1893 μιμεῖσθαι.Ὠσπερ

521 1909 678 1964 enim
706 1910 1059 1976 fermentum,
1089 1927 1212 1966 cum
1238 1911 1310 1968 sit
1334 1913 1636 1977 modicum,
1669 1923 1839 1970 totam
1867 1914 2110 1969 fermen-

2221 1917 2323 1990 γάρ
2353 1918 2498 1990 ζύμη
2531 1917 2702 1990 μικρὰ
2731 1916 2870 1971 οὖσα
2896 1916 2958 1970 τὸ
2979 1917 3126 1970 ἅπαν
3156 1913 3335 1984 ζυμοῖ,
3383 1913 3468 1969 καὶ
3497 1915 3562 1984 είς
3602 1913 3700 1970 ἅπαν

525 2006 613 2052 lat
649 2001 1100 2066 eonspersionem
1135 2011 1190 2055 et
1236 2001 1291 2055 in
1324 2011 1499 2057 totum
1542 2002 1876 2058 diffunditur
1908 2021 1922 2057 :
1958 2005 2032 2059 ita
2059 2014 2114 2060 et

521 2084 699 2155 Ihujus
741 2095 1051 2157 peccatum,
1106 2091 1309 2160 inquit,
1359 2094 1563 2148 multos
1601 2093 1668 2148 ad
1714 2110 1773 2149 se
1818 2094 2048 2150 attrahit
2098 2111 2112 2148 :

522 2189 553 2222 -‹
593 2173 905 2244 Expurgatc
953 2187 1110 2232 vetus
1144 2177 1499 2236 fermentum.
1542 2201 1560 2233 ι
1603 2181 1714 2238 Hoc
1741 2193 1848 2248 est,
1887 2199 1986 2239 eos
2019 2185 2114 2255 qui

517 2260 844 2336 huiusmodi
862 2281 1179 2338 operantur.
1205 2272 1372 2344 459
1391 2275 1561 2329 Vetus
1579 2284 1761 2331 autem
1780 2276 2114 2332 fermentum

523 2356 685 2427 zipsos
710 2361 969 2428 appellat,
999 2364 1257 2432 autquod
1287 2374 1516 2432 peccato
1544 2367 1839 2436 putrefacti
1868 2369 2000 2435 sint,
2021 2376 2118 2424 aut

517 2450 678 2519 quod
711 2466 906 2506 omnes
949 2454 1005 2508 in
1046 2454 1271 2519 Christo
1299 2471 1442 2511 nova
1469 2458 1581 2512 sint
1616 2468 1894 2524 creatura.
1937 2462 2115 2516 solum

513 2550 714 2597 autem
745 2553 1031 2612 peccatum
1067 2546 1141 2600 sit
1171 2555 1348 2603 vetus.

599 2633 796 2688 Dicens
832 2644 1014 2691 autem
1061 2656 1080 2689 ι
1115 2638 1450 2710 Expurgate,
1487 2659 1507 2694 ι
1553 2652 1806 2700 exactam
1837 2645 2120 2714 significat

522 2728 935 2798 purgationem.
982 2749 1001 2783 ι
1040 2731 1110 2788 Ut
1138 2733 1262 2788 sitis
1287 2749 1428 2790 nova
1462 2738 1802 2808 conspersio.
1842 2759 1860 2792 ›
1903 2740 2119 2796 Novum

529 2820 676 2875 enim
703 2820 982 2878 hominem
1009 2827 1160 2880 novit
1191 2825 1478 2899 Scriptura
1511 2831 1605 2899 qui
1646 2832 1852 2902 probus
1882 2842 1988 2898 est,
2022 2849 2121 2890 ve-

531 2919 703 2966 terem
730 2929 860 2968 vero
882 2915 1036 2971 illum
1069 2919 1160 2987 qui
1187 2919 1407 2990 impius.
1441 2921 1723 2993 Significat
1755 2934 1940 2981 autem
1971 2927 2121 2996 quod

529 3017 642 3058 non
684 3006 842 3061 multi
890 3017 1050 3062 erant
1082 3011 1239 3080 apud
1289 3027 1386 3066 eos
1438 3023 1778 3082 peccatores.
1825 3035 1843 3068 ι
1883 3015 1954 3071 Ut
2001 3017 2124 3072 sitis

529 3112 672 3152 nova
703 3101 1049 3169 conspersio.
1088 3120 1107 3154 ι
1147 3103 1262 3159 Hoc
1291 3115 1398 3171 est,
1431 3117 1588 3162 extra
1631 3117 1790 3163 vetus
1835 3108 1973 3164 illud
2007 3109 2122 3166 fero

529 3195 800 3253 mentum,
825 3190 893 3245 de
919 3208 1034 3262 quo
1058 3194 1283 3263 praedixi
1313 3196 1462 3266 quod
1494 3197 1743 3253 debeatis
1773 3201 1949 3270 azymi
1975 3187 2117 3268 esse,

529 3277 586 3333 id
613 3289 717 3345 est,
752 3281 1024 3340 fermento
1049 3296 1323 3343 carentes.
1351 3289 1421 3343 Et
1453 3289 1598 3345 unde
1643 3291 1996 3347 manifestum
2037 3301 2123 3348 est

531 3373 680 3440 quod
709 3375 982 3431 fermento
1012 3393 1206 3434 carere
1241 3379 1578 3437 debeamus?
1603 3383 1682 3437 Ex
1709 3383 1904 3438 eodem
1949 3383 2125 3438 mani-

527 3460 730 3518 festum
760 3475 863 3520 est.
895 3486 915 3518 ι
953 3468 1088 3523 Nam
1129 3470 1337 3526 Pascha
1382 3482 1633 3528 nostrum
1669 3491 1768 3545 pro
1813 3475 1975 3530 nobis
2017 3477 2125 3532 im-

531 3555 770 3610 molatus
805 3565 890 3612 est
915 3557 1190 3616 Christus.
1232 3581 1251 3615 ι
1288 3562 1443 3619 Sicut
1481 3580 1613 3636 ergo
1636 3567 1692 3622 hi
1736 3567 1832 3638 qui
1870 3569 1976 3624 sub
2002 3569 2122 3640 lege

527 3643 810 3707 vivebant,
843 3645 1128 3705 immolato
1151 3650 1221 3705 ab
1263 3651 1398 3722 ipsis
1429 3656 1763 3724 temporario
1793 3672 1858 3711 ac
1895 3659 2124 3713 irratio-

526 3736 641 3790 nali
669 3751 831 3806 agno,
863 3749 1077 3809 septem
1117 3743 1317 3800 diebus
1344 3757 1502 3801 erant
1535 3749 1732 3820 azymi,
1781 3749 1837 3804 id
1883 3759 1987 3815 est,
2017 3751 2124 3806 fer-

473 3831 480 3840 ‘
527 3836 716 3881 mento
743 3839 1014 3886 carentes.
1056 3833 1245 3905 Neque
1280 3838 1428 3894 enim
1474 3839 1675 3896 licebat
1728 3842 2122 3899 fermentatum

525 3933 724 3987 panem
753 3931 848 3976 aut
873 3921 1023 3978 domi
1057 3925 1261 3983 habere
1307 3939 1401 3985 aut
1432 3930 1621 3988 edere.
1670 3933 1746 3990 ιω
1801 3949 2026 4006 quoque
2065 3940 2123 3990 et

525 4024 630 4066 nos
659 4020 872 4069 aeterno
901 4031 967 4071 ac
1014 4019 1268 4074 rationali
1317 4038 1459 4093 agno
1494 4024 1590 4094 qui
1637 4026 1783 4081 tollit
1829 4035 2122 4096 peccatum

524 4103 718 4158 mundi
764 4120 864 4175 pro
893 4108 1056 4166 nobis
1085 4111 1364 4168 immolato
1395 4115 1522 4185 (hoc
1549 4118 1697 4172 cnim
1745 4126 1830 4174 est
1870 4128 2122 4174 nostrum

523 4192 758 4268 Pascha)
795 4198 1063 4257 debemus
1108 4219 1329 4274 semper
1360 4206 1634 4263 fermento
1663 4224 1854 4264 carere
1885 4221 1943 4264 et
1991 4223 2119 4265 esse

522 4301 668 4344 nova
693 4296 1040 4363 conspersio,
1071 4305 1131 4350 ut
1159 4298 1297 4352 nihil
1324 4301 1530 4354 veteris
1562 4300 1819 4356 fermenti
1848 4301 1966 4357 sive
1989 4318 2121 4373 pec-

523 4381 631 4433 cati
669 4381 829 4436 nobis
864 4383 998 4452 ipsis
1028 4387 1402 4444 conferamus.
1442 4389 1580 4444 Vide
1612 4400 1800 4446 autem
1843 4393 2121 4462 quomodo

523 4484 932 4542 consequenter
973 4491 1036 4531 ac
1067 4477 1411 4535 familiariter
1453 4484 1823 4550 permanserit
1855 4485 1910 4538 in
1942 4496 2119 4540 meta-

2217 2013 2524 2082 ἀναχεῖται,
2555 2011 2729 2074 οὓτως
2763 2010 2914 2082 καὶή
2949 2008 3144 2063 τούτου
3173 2005 3429 2077 ἁμαρτία,
3458 2007 3585 2076 φησὶ,
3613 2008 3702 2077 πρὸς

2219 2102 2422 2172 ἑαυτὴν
2459 2102 2762 2156 ἐπισπᾶται
2806 2100 3057 2164 πολλούς.
3100 2117 3122 2152 ι
3163 2097 3516 2167 Ἐκκαθάρατε
3540 2096 3703 2168 ripas-

2217 2191 2380 2246 λαιὰν
2399 2191 2598 2266 ζύμην.
2641 2211 2660 2245 ι
2686 2192 2966 2257 Τουτέστι,
2995 2191 3124 2256 τοὺς
3153 2189 3225 2244 τὰ
3258 2188 3470 2243 τοιαῦτα
3503 2187 3703 2259 πράσσον-

2217 2301 2340 2348 τας.
2371 2285 2616 2338 Παλαιὰν
2644 2285 2703 2339 δὲ
2728 2286 2927 2348 αὐτοὺς
2957 2282 3141 2357 ζύμην
3165 2282 3339 2350 καλεῖ,
3371 2282 3402 2354 ἢ
3425 2280 3502 2336 διὰ
3520 2282 3570 2336 τὸ
3593 2298 3704 2352 σεσηο

2219 2375 2468 2449 πέναιτῇ
2505 2377 2832 2449 ἁμαρτίᾳ,ῆ
2871 2377 2953 2430 ὅτι
3013 2377 3073 2430 ἐν
3127 2375 3345 2446 Χριστῷ
3393 2373 3564 2436 πάντες
3596 2371 3705 2440 καινὴ

2218 2470 2420 2534 κτίσις,
2451 2469 2586 2540 μόνη
2614 2469 2672 2522 δὲ
2697 2471 2731 2538 ἡ
2769 2466 3016 2540 ἁμαρτία
3048 2466 3280 2522 παλαιά.

2293 2655 2370 2711 Τδ
2393 2655 2470 2723 δὲ,
2497 2673 2516 2707 ι
2543 2651 2940 2726 Ἐκκαθάρατε,
2973 2671 2992 2706 ι
3027 2654 3130 2727 τὴν
3165 2653 3366 2726 ἀκριϐῆ
3404 2651 3536 2723 δηλοῖ
3560 2653 3705 2722 κάθαρ-

2223 2763 2331 2801 σιν.
2369 2766 2390 2800 ι
2419 2748 2540 2802 Ἵνα
2573 2743 2672 2820 ἦτε
2728 2748 2850 2801 νέον
2883 2747 3140 2818 φύραμα.
3172 2765 3192 2799 ι
3229 2747 3367 2811 Ἵνα,
3409 2747 3542 2816 φησι,
3569 2746 3706 2808 πάντες

2221 2837 2322 2911 ἦτε
2350 2841 2444 2895 τοῦ
2477 2841 2599 2894 νέου
2663 2839 3009 2912 φυράματος.
3057 2838 3200 2893 Νέον
3240 2838 3348 2910 γὰρ
3396 2833 3521 2892 οἶδεν
3564 2837 3706 2906 mw-

2223 2947 2326 2987 πον
2378 2934 2410 3004 ἡ
2449 2931 2638 3004 Γραφὴ
2694 2933 2786 2986 τὸν
2832 2932 3116 3002 ἐνάρετον,
3155 2931 3380 2985 παλαιὸν
3422 2932 3492 2996 δὲ,
3535 2934 3605 2984 τιν
3625 2931 3704 2982 ἀσι-

2219 3026 2318 3097 6ἧ.
2356 3027 2519 3098 Δηλοῖ
2545 3026 2603 3080 δέ
2635 3027 2718 3080 ὅτι
2760 3025 2822 3079 ού
2855 3025 3041 3079 πολλοὶ
3068 3019 3213 3096 ἦσαν
3243 3026 3372 3096 παρ’
3400 3025 3558 3088 αὐτοῖς
3582 3025 3706 3092 ἅμερα

2221 3117 2407 3174 τωλοί.
2444 3119 2614 3185 «Ἵνα,
2646 3119 2833 3190 φησὶν,
2875 3114 3028 3191 ﬁte,»
3066 3119 3367 3182 τουτέστιν,
3397 3116 3531 3180 ἐκτὸς
3554 3114 3709 3184 τῆςπα·

2227 3207 2386 3272 λαιᾶς
2437 3204 2618 3279 ζύμης
2668 3208 2884 3277 ἐκείνης
2939 3207 3069 3279 περὶ
3118 3202 3189 3282 ἧς
3251 3205 3396 3274 εἶπα,
3440 3204 3590 3269 καθώς
3629 3204 3708 3256 ἐπε

2227 3298 2449 3369 ἄζυμοι.
2508 3298 2726 3362 Καθὼς,
2780 3299 2940 3370 φησὶ,
2994 3300 3164 3371 χρέος
3213 3301 3340 3371 ὑμῖν
3370 3301 3504 3353 ἐστιν
3554 3295 3710 3365 ἀζύμοις

2227 3387 2392 3446 εἶναι.
2437 3390 2612 3444 Πόθεν
2644 3390 2703 3445 δὲ
2731 3390 2889 3460 δῆλον
2931 3391 3015 3446 ὅτι
3059 3392 3269 3462 ἄζυμοι
3311 3391 3569 3462 ὀφείλομεν
3594 3379 3708 3448 sliat;

2223 3480 2460 3534 Δῦτόθεν
2483 3482 2736 3552 φανερόν.
2763 3483 2838 3536 Τὸ
2860 3482 2969 3555 γὰρ
3021 3502 3041 3536 ι
3064 3483 3266 3555 Πάσχα
3293 3484 3464 3555 ἡμῶν,
3483 3481 3596 3550 ὑπὲρ
3611 3477 3709 3548 ήμῶν

2228 3569 2396 3641 ἐτύθη
2425 3571 2680 3642 Χριστός.
2717 3590 2736 3624 s
2777 3571 2992 3643 ’Ὠσπερ
3023 3568 3125 3626 οὖν
3157 3574 3208 3626 oi
3246 3573 3303 3626 ἐν
3327 3571 3403 3642 τῷ
3423 3571 3557 3641 νόμῳ
3591 3564 3708 3637 βιοῦν-

2223 3679 2336 3727 τες,
2391 3663 2657 3733 θυομένου
2707 3664 2894 3729 αὐτοῖς
2935 3663 3029 3719 τοῦ
3086 3665 3423 3736 προσκαίρου
3462 3663 3542 3716 καὶ
3581 3660 3710 3723 ἀλόγου

2225 3753 2427 3824 ἀμνοῦ,
2463 3755 2522 3808 ὲν
2551 3755 2692 3808 ἐπτὰ
2721 3756 2962 3827 ἡμέραις
2991 3755 3198 3826 ἄζυμοι
3227 3751 3365 3826 ἦσαν
3419 3753 3492 3824 (οὐ
3519 3752 3604 3822 γὰρ
3631 3747 3712 3814 {iiii

2223 3844 2410 3908 αὐτοῖς
2457 3845 2813 3918 έζυμωμένον
2872 3847 2998 3902 οὔτε
3029 3847 3181 3917 ἔχειν
3221 3847 3359 3902 οἶκοι
3402 3845 3512 3900 οὔτε
3547 3839 3711 3912 φαγεῖν)”

2225 3935 2399 3999 οὕτως
2432 3938 2529 3991 καὶ
2567 3938 2750 4008 ὑμεῖς,
2800 3938 2897 3992 τοῦ
2953 3940 3180 3995 αἰωνίου
3225 3942 3318 3995 καὶ
3371 3934 3566 4007 λογικοῦ
3598 3928 3712 4002 ἐμοῦ

2225 4027 2320 4081 τοῦ
2353 4028 2602 4101 αἴροντος
2637 4030 2739 4100 τὴν
2774 4031 3050 4102 ἁμαρτίαν
3085 4031 3186 4086 τοῦ
3242 4032 3441 4103 κόσμου
3475 4027 3590 4096 ὑπὲρ
3613 4021 3713 4092 ἡμῶν

2223 4119 2480 4184 τυθέντας
2532 4121 2732 4191 (τοῦτο
2784 4122 2893 4193 γάρ
2941 4125 3058 4178 ἐστι
3103 4125 3172 4179 τδ
3228 4126 3483 4197 ἡμέτερον
3537 4114 3710 4189 Πάσχα)’

2224 4207 2514 4281 ὀφείλομεν
2537 4211 2742 4282 ἄζυμοι
2765 4213 2854 4266 ἀεὶ
2875 4214 2969 4267 καὶ
2997 4215 3188 4269 καινὸν
3214 4215 3436 4286 φύραμα
3456 4207 3590 4274 εἶναι,
3605 4205 3714 4277 μηδὲν

2222 4303 2325 4374 τῆς
2349 4303 2586 4368 παλαιᾶς
2613 4304 2816 4376 ζύμης,
2843 4306 2963 4373 ἦτοι
2985 4306 3085 4376 τῆς
3114 4306 3410 4379 ἁμαρτίας,
3435 4303 3613 4364 ἑαυτοῖς
3635 4314 3713 4352 συν·

2223 4396 2638 4468 επιφερὸμενοι.
2668 4398 2812 4467 Ὅρα
2846 4396 2919 4450 ss
2961 4397 3082 4460 πῶς
3115 4397 3464 4470 καταλλήλως
3489 4395 3569 4452 καὶ
3598 4404 3712 4459 πρω-

2226 4488 2377 4558 φυῶς
2413 4488 2671 4557 ἐπέμεινε
2719 4491 2786 4559 τῇ
2830 4491 3029 4559 τροπῇ.
3075 4488 3298 4559 Ἐπειδὴ
3334 4489 3437 4560 γὰρ
3467 4485 3548 4542 τοῦ
3575 4493 3714 4546 πεπυρ-

523 4563 720 4634 phora.
754 4565 1026 4632 Quoniam
1055 4569 1203 4624 enim
1239 4582 1525 4640 peccatum
1559 4575 1682 4644 ejus
1729 4577 1824 4646 qui
1856 4588 2113 4648 stuprum

2221 4579 2478 4644 νευκότος
2517 4579 2618 4652 τὴν
2671 4580 2948 4652 ἁμαρτίαν
2983 4580 3169 4651 ζύμην
3202 4563 3475 4644 ἐκάλεσεν,
3513 4571 3714 4645 ἐμφαίνων

523 4660 899 4724 commiserat,
971 4662 1273 4732 appellarat
1352 4663 1686 4720 fermentum
1739 4683 1754 4720 :
1820 4670 2122 4727 ostendens

523 4752 670 4820 quod
699 4767 764 4807 ex
790 4753 916 4817 hoc,
950 4753 1058 4808 nisi
1091 4753 1440 4824 purificetur,
1484 4757 1643 4813 facile
1672 4766 1731 4814 et
1759 4761 1866 4815 alia
1895 4771 2123 4830 paratur

525 4855 702 4899 massa
743 4846 861 4901 sive
883 4847 1242 4917 conspersio:
1283 4849 1496 4919 aptavit
1535 4863 1950 4925 consequenter
1975 4862 2031 4909 et
2058 4870 2122 4910 ea

524 4950 648 5004 qua:
685 4949 1022 5006 sequuntur,
1060 4957 1258 5010 nempe
1287 4951 1446 4998 vetus
1482 4943 1812 5000 fermentum
1833 4955 1891 5001 et
1919 4963 2120 5002 novam

526 5030 986 5096 conspersionem
1014 5048 1077 5086 ac
1103 5049 1323 5104 azymos
1357 5034 1474 5090 sive
1505 5051 1675 5101 panes
1723 5036 1997 5094 fermento
2028 5055 2123 5094 ca-

527 5129 713 5176 rentes
741 5139 754 5175 :
789 5123 1026 5182 virtutes
1051 5141 1116 5181 ac
1145 5127 1278 5181 vitia
1306 5127 1394 5183 his
1436 5129 1735 5199 designans
1776 5130 2118 5185 nominibus.

527 5229 551 5264 ι
582 5211 717 5267 Nam
748 5221 805 5268 et
833 5215 1040 5270 Pascha
1074 5227 1346 5273 nostrum.
1369 5238 1388 5270 ι
1407 5217 1738 5290 Conjunctio
1763 5222 1870 5298 γάρ
1885 5223 2124 5279 causalis

524 5313 611 5360 est
657 5315 712 5360 et
733 5306 808 5362 ita
831 5308 1128 5364 causaliter
1150 5311 1396 5380 ponitur.
1443 5311 1610 5368 «Nam
1634 5315 1844 5370 Pascha
1871 5326 2122 5371 nostrum

525 5411 626 5466 pro
658 5397 822 5454 nobis
855 5399 1170 5457 immolatus
1206 5413 1292 5458 est
1325 5403 1601 5462 Christus.
1633 5425 1653 5459 ι
1677 5406 1948 5473 Quoniam
1972 5409 2122 5464 enim

520 5487 683 5560 jubet
712 5490 800 5545 lex
823 5499 949 5562 post
972 5492 1326 5565 primogeniti
1349 5496 1629 5552 victimam
1658 5499 1713 5553 in
1740 5500 2008 5555 Paschate
2032 5515 2120 5555 se-

523 5588 675 5650 ptem
711 5579 910 5636 diebus
935 5597 1108 5652 panes
1134 5581 1411 5642 fermento
1453 5596 1710 5642 carentes
1750 5585 1940 5651 edere,
1987 5585 2124 5641 dicit

523 5673 673 5741 quod
698 5690 870 5744 panes
902 5675 981 5730 illi
1025 5675 1300 5734 fermento
1341 5688 1597 5736 carentes
1630 5679 1804 5750 ﬁgura
1847 5687 2006 5734 erant
2053 5693 2124 5734 ne

527 5777 632 5820 nos
685 5766 990 5837 quidquam
1031 5768 1288 5825 vitiorum
1321 5769 1379 5826 in
1417 5769 1582 5826 nobis
1608 5769 1743 5840 ipsis
1769 5767 2120 5832 haberemus,

521 5852 596 5909 de
617 5869 749 5927 quo,
795 5859 894 5926 ait,
936 5859 1218 5920 «Christus
1241 5863 1610 5927 immolatus,»
1669 5859 1726 5915 in
1751 5859 1977 5931 figuram
1997 5858 2119 5932 agni

2225 4671 2307 4724 ὅτι
2349 4669 2426 4742 μὴ
2475 4670 2949 4741 ἐκκαθαιρομένης
2999 4671 3229 4742 ταύτης,
3276 4670 3410 4741 ταχὺ
3441 4668 3525 4722 καὶ
3563 4655 3712 4716 sane

2227 4758 2703 4830 συναναζυμοῦται
2732 4758 2984 4830 φύραμα,
3009 4759 3330 4825 ’ἀκολούθως
3368 4760 3556 4831 ἥρμοσε
3582 4748 3652 4804 καὶ
3672 4743 3713 4796 τὰ

2226 4849 2461 4920 ἐφεξῆς,
2525 4848 2704 4920 ζύμην
2778 4850 3036 4916 παλαιὰν,
3086 4853 3182 4906 καὶ
3236 4852 3355 4906 νέον
3407 4849 3616 4920 φύραμα.
3652 4833 3713 4890 καὶ

2225 4943 2494 5013 ἀζύμους.
2524 4943 2624 5016 Et}:
2668 4943 2870 5015 ἀρετὰς
2923 4944 3020 4999 καὶ
3049 4944 3275 5010 κακίας,
3308 4943 3506 5004 τούτοις
3529 4940 3619 4999 τοῖς
3637 4929 3714 4986 Μ’

2229 5052 2394 5105 μασιν
2430 5034 2736 5106 ὑποδηλῶν.
2791 5055 2810 5088 ι
2840 5035 2952 5090 Καὶ
2999 5036 3108 5108 γὰρ
3139 5038 3202 5092 τὸ
3238 5037 3443 5108 Πάσχα.
3480 5051 3498 5086 ι
3537 5031 3602 5094 ’0.
3625 5024 3710 5092 Ws

2228 5126 2528 5197 σύνδεσμος
2580 5127 2964 5197 αἰτιολογικός.
3016 5129 3146 5184 Ἐπὶ
3187 5130 3338 5200 alti;
3365 5124 3455 5183 οὖν
3484 5125 3640 5180 κεῖται.
3667 5113 3713 5166 Ti

2227 5219 2357 5290 γάρν
2395 5238 2413 5271 ι
2451 5219 2644 5290 Πάσχα
2697 5220 2857 5292 ἡμῶν
2905 5221 3046 5294 ὑπὲρ
3077 5222 3236 5293 ἡμῶν
3280 5220 3439 5290 ἐτύθη
3480 5209 3708 5286 Χριστός-⁸

2239 5312 2458 5382 Ἐπειδὴ
2488 5312 2596 5384 γὰρ
2625 5314 2654 5366 ὀ
2682 5314 2848 5384 νόμος
2873 5313 3186 5386 διαγορεύει
3219 5314 3358 5384 μετὰ
3387 5312 3478 5381 τὴν
3509 5304 3588 5364 τοῦ
3610 5315 3711 5369 πριν-

2226 5402 2448 5456 τοτόκου
2491 5403 2704 5470 θυσίαν,
2740 5407 2798 5458 ἐν
2831 5404 2909 5475 τῷ
2937 5405 3128 5476 Πάσχα
3168 5405 3313 5458 ἑπτὰ
3334 5403 3530 5474 ἡμέρας
3566 5393 3709 5458 ἄζυμι

2227 5495 2460 5562 ἐσθίειν,
2517 5498 2720 5568 φησὶν,
2760 5499 2842 5553 ὅτι
2890 5497 3064 5559 τύπος
3115 5493 3186 5568 ἦν
3241 5499 3422 5552 ἐκεῖνα
3463 5491 3525 5547 τὰ
3559 5486 3708 5552 ﬁlii”!

2225 5587 2321 5642 τοῦ
2354 5589 2506 5660 ἡμᾶς
2539 5567 2614 5660 μὴ
2661 5590 2809 5661 ἔχειν
2842 5591 2902 5644 ἐν
2952 5567 3167 5654 ἑαυτοῖς
3197 5607 3251 5644 τι
3285 5592 3382 5661 τῆς
3412 5582 3598 5679 “xuii!

2225 5673 2294 5752 ἦς
2346 5695 2535 5750 φησιν·
2578 5679 2637 5735 Ὀ
2673 5682 2784 5752 γὰρ
2811 5683 3049 5752 Χριστὸς
3072 5681 3280 5748 τυθεὶς,
3307 5678 3482 5752 φησιν,
3506 5674 3573 5735 είς
3595 5673 3709 5752 τύπογ

2225 5769 2321 5824 τοῦ
2352 5772 2699 5840 πρωτοτόκου
2726 5771 2899 5842 ἀμνοῦ
2947 5773 3187 5828 τέθυται.
3212 5773 3532 5837 Ἐπάναγκες
3555 5755 3626 5814 οὖν
3648 5749 3709 5804 καὶ

2228 5863 2377 5933 ἡμᾶς
2409 5860 2502 5916 τὸν
2529 5859 2702 5918 τύπον
2731 5861 2851 5917 τῶν·
2883 5863 3107 5933 ἀζύμων
3137 5860 3396 5934 πληροῦν,
3429 5860 3483 5913 ἐν
3505 5852 3570 5922 τῷ
3589 5849 3706 5901 ἐκκα-
