3872 6558
183 431 275 503 701

1085 432 1478 497 COMMENT-
1511 433 1595 496 IN
1633 434 1934 498 EPISTJ
1975 434 2077 498 AD
2114 433 2476 500 CORINTH.

3323 436 3432 509 702

191 552 373 624 θαίρειν
419 548 646 614 ἑαυτοὺς
682 549 790 604 ἀπὸ
823 549 922 622 τῆς
966 546 1152 622 ζύμης
1192 552 1290 623 τῆς
1321 551 1610 622 πονηρίας,
1659 550 1737 605 ἵνα

1851 550 2206 622 primogeniti
2237 551 2558 608 immolatus
2593 558 2698 608 εει.
2729 546 2962 622 Oportet
2985 565 3118 625 ergo
3149 557 3209 608 et
3239 563 3342 608 nos
3370 553 3434 608 ﬁ-

186 646 380 707 τελείως
406 643 728 713 ἐπιτελεσθῇ
757 643 820 698 τὸ
845 645 1032 714 νοητὸν
1062 646 1275 716 Πάσχα.
1318 662 1338 696 ι
1372 644 1546 714 ’Υπὲρ
1580 644 1740 716 ἡμῶν

187 736 329 806 nter,
361 737 615 807 Χριστός.
643 756 660 788 ι
694 736 860 790 Πάλιν
890 737 1224 808 εὐεργεσιῶν
1255 737 1552 808 μέμνηται.
1577 739 1740 792 Ὥστε

189 827 533 898 ἑορτάζωμεν.
581 826 890 896 Ἐορτάζειν
915 828 1025 900 γὰρ
1055 828 1162 900 χρὴ
1202 829 1297 882 ἐπὶ
1333 832 1452 894 ταῖς
1479 829 1743 900 μεγάλαις

189 922 408 991 δωρεαῖς.
443 938 462 970 ι
487 919 579 989 Μὴ
611 922 670 973 ἐν
702 920 851 992 ζύμῃ
879 921 1108 991 παλαιᾷ.
1141 941 1160 974 ι
1199 923 1278 993 Τῇ
1307 925 1482 994 τροπῇ
1525 921 1742 992 ἐνέμειο

189 1028 282 1079 νιν,
321 1015 522 1068 ὡσανεὶ
567 1014 776 1078 λέγων’
824 1015 916 1086 Μὴ
945 1016 1004 1068 ὲν
1035 1016 1253 1087 πονηρῷ
1280 1016 1374 1070 καὶ
1420 1016 1579 1086 κακῷ
1617 1016 1739 1087 βίῳ,

188 1107 287 1164 ἀλλ’
314 1109 368 1161 ὲν
395 1107 496 1178 βίῳ
525 1108 600 1178 μὴ
625 1107 801 1177 ἔχοντι
823 1107 1107 1176 ἐπιμιξίαν
1136 1110 1237 1179 τῆς
1260 1109 1498 1174 παλαιᾶς
1524 1111 1742 1178 ἐκείνης

193 1201 348 1268 ζύμης
379 1199 480 1268 τῆς
518 1199 750 1265 ὀξὼδους
789 1199 885 1254 καὶ
917 1198 1221 1269 σεσητιυίας
1243 1239 1258 1263 ,
1297 1199 1578 1254 τουτέστιν
1600 1241 1616 1264 ,
1679 1199 1740 1253 ὲν

190 1290 388 1360 καθαρῷ
423 1289 516 1343 καὶ
537 1290 814 1363 ἀκιόδήλῳ
989 1291 1160 1346 Τοῦτο
1190 1291 1298 1362 γάρ
1330 1293 1500 1358 ἐστιν,
1541 1312 1560 1344 ι
1585 1289 1742 1354 ’Δζύ-

191 1398 294 1450 μοις
327 1380 669 1448 είλικρινείας
694 1382 788 1434 καὶ
818 1382 1099 1450 ἀληθείας.
1132 1400 1152 1433 s

1847 643 2079 715 ﬁguram
2115 645 2394 714 complere
2434 658 2639 716 panum
2671 644 2947 702 fermento
2976 645 3308 708 carentium,
3335 660 3435 700 ex-

1848 735 2134 806 purgando
2163 751 2265 790 nos
2293 736 2441 807 ipsos
2479 753 2512 792 a
2563 737 2837 793 fermento
2866 738 3173 808 pravitatis,
3209 743 3272 791 ut
3305 752 3435 806 per-

1843 828 1986 884 fecte
2039 828 2354 885 celebretur
2413 829 2472 886 in
2540 831 2705 887 nobis
2773 832 3144 887 intellectuale
3202 831 3430 885 Pascha.

1849 939 1871 972 ι
1909 921 2016 976 Pro
2055 919 2215 975 nobis
2256 920 2569 978 immolatus
2599 933 2686 978 est
2711 923 2988 978 Christus.
3024 942 3045 976 ι
3081 923 3293 978 Rursus
3323 922 3433 977 be-

1844 1012 2170 1069 neﬁciorum
2192 1017 2466 1073 meminit.
2500 1037 2520 1070 ι
2560 1017 2750 1089 Itaque
2776 1019 2977 1074 festum
3002 1019 3364 1073 celebremus.
3409 1033 3427 1066 ι

1846 1103 1981 1160 Nam
2009 1107 2080 1162 ob
2104 1122 2298 1179 magna
2327 1109 2471 1166 dona
2502 1112 2782 1168 celebrare
2801 1112 2940 1168 festa
2982 1117 3223 1182 oportet.
3269 1107 3435 1180 5.60

1851 1215 1870 1248 ι
1907 1199 2026 1254 Non
2060 1201 2118 1256 in
2142 1201 2418 1260 fermento
2451 1205 2648 1260 veteri.
2690 1206 2778 1260 iln
2801 1205 3124 1274 metaphora
3167 1215 3430 1273 perseve-

1846 1302 1952 1354 rat,
1980 1307 2044 1347 ac
2079 1294 2125 1349 si
2160 1294 2406 1352 diceret:
2456 1296 2575 1352 Non
2629 1295 2685 1350 in
2711 1297 2908 1351 vitiosa
2960 1308 3238 1366 pravaque
3298 1292 3433 1353 vita,

1846 1383 1941 1439 sed
1970 1387 2026 1440 in
2054 1387 2165 1441 vita
2205 1403 2327 1455 qua:
2356 1388 2796 1444 commistionem
2819 1401 2932 1442 non
2981 1386 3180 1440 habeat
3226 1381 3438 1438 veteris

189 1473 315 1528 illius
366 1473 623 1529 fermenti
677 1462 821 1530 acidi
853 1476 1144 1546 gravisque
1177 1473 1386 1539 odoris,
1430 1473 1538 1528 hoc
1559 1479 1645 1528 est
1691 1473 1746 1528 in
1798 1468 1934 1544 pu‘ra
1981 1477 2414 1551 incorruptaque
2452 1481 2565 1536 vita
2591 1497 2606 1534 :
2632 1495 2757 1534 nam
2784 1479 2891 1534 hoc
2911 1486 2994 1532 est
3019 1475 3164 1546 quod
3186 1475 3282 1535 ait,
3316 1491 3334 1524 ι
3372 1472 3436 1528 In

191 1567 372 1638 azymis
429 1567 768 1624 sinceritatis
809 1579 865 1623 et
891 1567 1144 1624 veritatis
1180 1587 1198 1617 ι
1241 1570 1260 1639 (
1292 1567 1346 1624 id
1375 1576 1481 1633 est,
1510 1568 1567 1621 in
1591 1566 1827 1637 panibus
1849 1567 2122 1626 fermento
2149 1573 2464 1629 carentibus
2495 1573 2589 1643 qui
2617 1580 2747 1628 sunt
2765 1571 3054 1626 sinceritas
3086 1582 3150 1622 ac
3180 1565 3432 1631 Veritas).

250 1663 511 1731 Ἔγραψα
539 1663 683 1733 ὑμῖν
724 1664 792 1717 ἐν
822 1661 898 1731 τῇ
938 1663 1261 1732 ἐπιστολῇ,
1291 1663 1380 1734 μὴ
1408 1663 1742 1731 συναναμί-

191 1755 421 1821 γνυσθαι
468 1755 738 1822 πόρνοις,
777 1753 876 1807 καί
905 1756 978 1808 οὑ
1031 1754 1269 1820 πάντως
1318 1753 1441 1819 τοῖς
1495 1753 1743 1820 πόρνοις

190 1843 279 1897 τοῦ
319 1845 553 1912 κόσμου
595 1847 836 1910 τούτου,
878 1845 916 1914 ἢ
947 1846 1073 1910 τοῖς
1106 1846 1520 1912 πλεονέκταις,
1551 1845 1590 1913 ἢ
1633 1843 1742 1912 ἄρ-

187 1936 368 2001 ειαξιν,
400 1936 438 2005 ἣ
471 1937 956 2006 εἰδωλολάτραις.
1005 1938 1169 1992 Ἐπεὶ
1219 1939 1490 2008 ὀφείλετε
1529 1937 1643 2004 ἄρα
1673 1938 1742 1991 ἐκ

187 2027 278 2083 τοῦ
316 2030 546 2098 κόσμου
585 2030 879 2095 ἐξελθεῖν.
908 2031 1062 2086 Νυνί
1106 2030 1175 2085 δὲ
1216 2033 1450 2101 ἔγραψα
1481 2029 1627 2100 ὑμῖν
1653 2027 1742 2100 μὴ

186 2123 754 2192 συναναμίγνυσθαι.

243 2212 436 2286 [ΦΩΤ]
485 2214 593 2268 Ποῦ
619 2213 896 2286 ἔγραψεν;
936 2214 1026 2269 Ἕν
1065 2208 1146 2279 οἷς
1188 2216 1370 2283 λέγει’
1411 2234 1430 2268 ι
1464 2215 1578 2269 Καὶ
1619 2215 1742 2287 οὐχὶ

187 2309 367 2379 μᾶλλον
387 2310 748 2381 ἐπενθήσατε,
772 2311 860 2365 ἵνα
875 2310 1078 2384 ἐξαρθῇ
1107 2313 1171 2367 ἔκ
1203 2313 1371 2382 μέσου
1399 2312 1554 2382 ὑμῶν
1581 2314 1611 2365 ὁ
1630 2329 1742 2366 τοι-

185 2402 344 2466 οὗτος.
379 2421 402 2456 ι
430 2403 550 2474 οὐχὶ
569 2406 596 2457 ὁ
622 2404 791 2469 δεῖνα,
815 2403 846 2475 ἢ
869 2407 898 2458 ὁ
917 2405 1066 2458 δεῖνα
1113 2403 1230 2458 ἀλλ’
1261 2405 1410 2468 ὅστις
1430 2405 1494 2458 ἂν
1517 2399 1744 2479 ᾖτοιοῦβ

183 2513 282 2560 τος.
307 2498 414 2550 Καὶ
440 2497 624 2550 πάλιν·
651 2515 670 2550 ι
704 2497 1082 2569 Ἐκκαθάρατε
1114 2498 1213 2569 τὴν
1241 2497 1478 2553 παλαιὰν
1501 2497 1742 2568 ζύμηνρ

186 2589 295 2658 οὐχ).
318 2588 479 2658 τήνδε
507 2590 544 2658 ἢ
583 2590 762 2661 τήνδε,
795 2589 926 2644 ἁλλῖ
962 2589 1092 2661 ὅλην
1133 2590 1232 2661 τὴν
1262 2590 1500 2644 παλαιὰν
1538 2588 1738 2661 ζύμην.

181 2675 361 2730 Λαϐὼν
408 2678 518 2748 γὰρ
556 2679 812 2750 ἀφορμὴν
841 2680 950 2735 ἀπὸ
999 2679 1094 2734 τοῦ
1153 2681 1272 2747 ἑνὸς
1304 2681 1398 2734 τοῦ
1433 2698 1741 2752 πεπορνευ-

182 2769 345 2834 κότος,
377 2769 471 2823 ἐπὶ
498 2771 560 2825 τὸ
587 2774 766 2825 κοινὸν
791 2773 1081 2828 ἀνεϐίὸασε
1113 2774 1205 2827 τὸν
1231 2773 1408 2844 λόγον,
1439 2778 1738 2842 τουτέστιν,

181 2859 266 2913 ἰπὶ
293 2862 466 2915 πάντα
486 2862 707 2933 πόρνον.
726 2864 996 2918 Κάκεῖθεν
1030 2865 1192 2918 πάλιν
1214 2867 1520 2938 κοινότερον
1544 2865 1626 2920 ἔτι
1647 2863 1742 2920 τὸν

179 2951 321 3019 λόγον
350 2953 688 3024 ἀποφαίνων,
726 2957 950 3025 ἐπάγων
980 2956 1041 3011 τδ
1071 2957 1204 3011 αὐτὸ
1239 2959 1613 3030 παράγγελμα
1645 2957 1742 3014 καὶ

181 3041 264 3096 int
285 3042 390 3100 τῶν
416 3045 485 3098 τὰ
507 3047 670 3116 ὃμοια
692 3046 837 3118 πλημ
853 3047 1178 3117 μελούντων,
1207 3044 1318 3103 οἷον
1348 3049 1740 3104 πλεονεκτούν-

183 3152 301 3199 των,
329 3139 880 3209 εἰδωλολατρούντων,
911 3140 1007 3194 καλ⁸
1029 3141 1081 3194 εί
1105 3159 1158 3194 τι
1182 3143 1388 3213 ὅμοιον.
1413 3162 1430 3194 ι
1456 3143 1582 3207 Τοῖς
1608 3143 1742 3214 πόρ-

181 3245 282 3292 νοις
304 3229 395 3283 τοῦ
422 3227 630 3301 κόσμου
654 3231 867 3287 τούτου.
890 3250 908 3283 ι
938 3233 1054 3287 ’Ίνα
1079 3235 1154 3305 μὴ
1183 3235 1479 3304 νομίσωσιν
1503 3233 1741 3306 ὀφείλειν

183 3319 399 3384 καὶτοῖς
418 3320 532 3374 τῶν
563 3320 834 3392 Ἑλλήνων
857 3323 1080 3392 πόρνοις
1113 3326 1186 3396 μὴ
1213 3325 1738 3396 συναναμίγνυσθαι,

1921 1664 1964 1721 ν
2018 1668 2174 1723 9-H.
2211 1666 2410 1740 Scripsi
2432 1669 2572 1724 vobis
2607 1669 2664 1722 in
2703 1666 2928 1738 epistola
2998 1680 3064 1718 ne
3091 1661 3432 1716 commiscca'

1849 1758 1980 1812 mini
2017 1776 2134 1814 cum
2154 1763 2529 1814 scortatoribus
2555 1767 2605 1814 et
2629 1776 2733 1813 non
2769 1759 2981 1812 omnino
3005 1772 3124 1809 cum
3179 1759 3438 1807 scortato-

1845 1850 1991 1905 ribus
2008 1853 2190 1906 mundi
2212 1853 2391 1924 hujus,
2406 1860 2497 1907 atat
2519 1854 2717 1917 auaris,
2739 1859 2834 1904 aut
2850 1848 3249 1920 rapacibus,aut
3271 1842 3440 1897 idolo-

1849 1944 2020 2000 (atris.
2056 1947 2267 2017 Alioqui
2299 1949 2552 2002 deberetis
2579 1963 2709 2002 sane
2738 1947 2802 2000 de
2844 1944 3041 1999 mundo
3087 1943 3251 1998 exire.
3282 1938 3436 1996 Nunc

1774 2077 1818 2135 Β
1848 2043 2026 2090 autem
2054 2037 2240 2108 scripsi
2263 2039 2403 2092 vobis
2438 2054 2503 2092 ne
2528 2035 2995 2092 commisceamini.

1912 2212 2020 2270 Ubi
2056 2215 2319 2286 scripsit?
2347 2215 2578 2285 Quando
2608 2215 2748 2272 dixit
2780 2233 2793 2270 :
2834 2235 2854 2269 ι
2886 2215 2964 2271 Ac
2999 2229 3112 2270 non
3138 2214 3314 2284 magis
3342 2213 3433 2268 lu-

1841 2306 2002 2363 xi‘stis
2032 2317 2094 2363 ut
2121 2310 2411 2365 tolleretur
2442 2310 2510 2366 de
2542 2313 2726 2366 medio
2753 2319 2998 2365 vestrum
3022 2307 3372 2380 hujusmodi;
3404 2325 3426 2360 ι

1839 2415 1954 2456 non
1996 2401 2088 2458 hic
2135 2412 2230 2459 aut
2263 2403 2376 2467 ille,
2431 2405 2526 2459 sed
2561 2403 2899 2475 quicumque
2930 2403 3098 2458 fuerit
3137 2401 3433 2474 ejusmodi.

1841 2492 2230 2566 Rursumque:
2274 2514 2292 2548 ι
2333 2496 2643 2567 Expurgate
2677 2505 2838 2551 vetus
2873 2495 3228 2560 fermentum,
3268 2511 3440 2550 rnon

1842 2591 1949 2646 hoc
1977 2599 2072 2645 aut
2099 2591 2257 2656 illud,
2279 2591 2374 2647 sed
2405 2599 2582 2647 totum
2619 2601 2781 2647 vetus
2813 2590 3169 2645 fermentum.
3205 2588 3438 2659 Sumpta

1841 2685 1988 2740 enim
2030 2685 2319 2740 occasione
2364 2685 2433 2739 ab
2479 2700 2591 2739 uno
2650 2685 2744 2754 qui
2784 2691 3060 2740 scortatus
3110 2683 3312 2748 fuerat,
3363 2682 3434 2737 ad

1841 2791 2190 2832 communem
2221 2777 2564 2832 transcendit
2588 2790 2922 2840 sermonem,
2952 2776 3060 2830 hoc
3085 2785 3170 2831 est
3201 2775 3269 2830 ad
3311 2791 3435 2830 om-
3471 2789 3479 2797 ’

1840 2879 1970 2921 nem
1995 2874 2376 2924 scortatorem.
2412 2868 2477 2922 Et
2506 2869 2633 2924 inde
2661 2869 3096 2924 communiorem
3123 2868 3308 2923 adhuc
3340 2885 3434 2923 os-

1845 2961 2076 3015 tendens
2107 2974 2442 3040 sermonem,
2467 2946 2658 3017 rursus
2709 2961 2853 3015 idem
2883 2959 3186 3030 .subjungit
3232 2973 3436 3029 praece-

1840 3063 1994 3122 ptum
2020 3053 2090 3106 de
2121 3051 2208 3107 his
2233 3067 2453 3122 quoque
2479 3053 2572 3122 qui
2613 3053 2667 3106 in
2715 3053 2990 3108 similibus
3019 3052 3428 3122 delinquerent,

1846 3153 2036 3214 utpote
2064 3145 2264 3208 avaris,
2300 3144 2624 3208 idololatris,
2647 3157 2743 3199 aut
2764 3145 2909 3200 aliud
2938 3147 3218 3216 quippiam
3238 3144 3430 3199 simile

1845 3236 2320 3308 perpetrantibus.
2353 3255 2371 3288 ι
2403 3237 2812 3292 Scortatoribus
2837 3238 3026 3292 mundi
3067 3238 3251 3308 hujus.
3289 3255 3308 3289 ι
3349 3237 3430 3292 Ne

1843 3331 2223 3386 existimarent
2243 3339 2571 3399 Oporterese
2594 3348 2702 3386 non
2735 3332 3082 3387 commisceri
3115 3329 3433 3386 scortatori-

181 3408 308 3481 ὅπερ
367 3406 434 3481 ἦν
479 3412 742 3468 ἀδύνατον
788 3417 900 3480 τοῖς
954 3415 1112 3469 πόλιν
1142 3415 1372 3483 οἰκοῦσι,
1428 3417 1737 3490 διορθοῦται

1850 3421 1948 3479 bus
1967 3423 2194 3488 Graecis,
2227 3426 2374 3496 quod
2399 3424 2736 3495 impossibile
2764 3434 2913 3480 esset
2942 3424 3009 3480 iis
3029 3424 3124 3494 qui
3153 3427 3430 3479 civitatem

181 3500 321 3555 αὐτό.
354 3502 422 3556 Τὸ
443 3501 522 3567 δὲ,
561 3505 864 3572 ιπάντως,ι
899 3506 1156 3570 ἐνταῦθα,
1186 3509 1278 3561 ἐπὶ
1299 3507 1734 3578 ὁμολογουμένου

179 3595 366 3648 κεῖται.
402 3615 421 3648 ι
462 3597 616 3650 Ἐπεὶ
652 3597 895 3666 ὀφείλετε
936 3599 1066 3670 ἄρα.
1109 3617 1128 3652 s
1163 3600 1321 3654 Μετά
1359 3600 1454 3654 τοῦ
1480 3599 1732 3665 δυνατοῦ,

177 3685 263 3738 καὶ
292 3687 354 3740 τὸ
380 3687 600 3742 εὔκολον
633 3689 780 3760 ἔχειν
810 3691 1102 3756 σπουδάζει
1139 3693 1240 3762 τὴν
1266 3692 1609 3763 νομοθεσίαν.
1642 3692 1735 3764 Μὴ

185 3779 385 3846 κρίνετε
407 3781 534 3846 τοὺς
560 3783 793 3853 πόρνους
819 3783 915 3836 τοῦ
946 3785 1154 3854 κόσμου
1178 3784 1389 3847 τούτου,
1418 3786 1586 3856 ἤγουν
1607 3784 1732 3849 τοὺς

185 3865 576 3942 εἰδωλολάτρας,
613 3872 735 3926 ἐπεὶ
773 3873 870 3928 καὶ
896 3873 1054 3946 χρέος
1085 3873 1262 3945 εἴχετε
1287 3873 1348 3940 ἐξ
1379 3875 1558 3928 αὐτῶν
1587 3875 1737 3943 εξελ-

184 3955 302 4030 θιίν,
330 3961 464 4018 ἀλλὰ
493 3963 709 4037 κρίνετε
741 3966 838 4020 καὶ
868 3965 1201 4038 ἀνακρίνατε
1230 3969 1421 4022 πιστδν
1444 3969 1663 4041 πόρνον.

247 4243 388 4300 Ἐάν
418 4261 510 4312 τις
553 4244 820 4315 ἀδελφὸς
856 4245 1290 4316 ὀνομαζόμενος
1328 4243 1372 4320 ᾖ
1412 4249 1658 4318 πόρνος.
1693 4247 1734 4320 ’ἦ

180 4335 547 4404 πλεονέκτης,
579 4336 619 4406 ἢ
652 4336 1111 4406 εἰδωλολάτρης,
1154 4337 1194 4407 ἢ
1235 4339 1528 4408 λοίδορος,
1564 4339 1602 4408 ἢ
1633 4339 1738 4411 μέ-

180 4429 374 4493 θυσος,
401 4427 440 4497 ἢ
466 4428 687 4497 ἅρπαξ,
711 4427 792 4495 τῷ
813 4432 1061 4498 τοιούτῳ
1089 4429 1246 4501 μηδὲ
1267 4433 1638 4488 συνεσθίειν.
1674 4434 1737 4488 Τί

181 4519 280 4586 γάρ
327 4538 424 4589 μοι
472 4521 572 4577 καὶ
606 4521 749 4588 τοὺς
789 4522 909 4586 ἕξω
948 4524 1215 4592 aspir-scr;
1257 4524 1395 4592 οὐχί
1433 4524 1577 4587 τοὺς
1613 4525 1740 4581 ἔσω

180 4608 336 4675 ὑμεῖς
382 4612 649 4680 spirate;
684 4610 831 4678 Τοὺς
861 4611 928 4665 δὲ
972 4613 1089 4676 ἔξω
1132 4614 1167 4666 ὀ
1219 4611 1362 4679 θεὸς
1391 4612 1600 4681 κρίνει,
1636 4613 1737 4668 καὶ

181 4697 424 4769 ἐξαρεῖτε
448 4704 552 4758 τὸν
589 4701 950 4774 πονηρὸν-ζέε
976 4702 1144 4773 ὑμῶν
1170 4703 1388 4760 αὐτῶν.

1841 3516 2260 3575 inhabitarent:
2293 3519 2520 3589 corrigit
2569 3518 2722 3573 illud.
2778 3516 2935 3584 Quod
2968 3527 3152 3571 autem
3197 3517 3284 3569 hic
3329 3517 3428 3578 ait,

1849 3623 1870 3666 ι
1913 3611 2160 3674 omnino,
2187 3628 2205 3662 ι
2243 3609 2516 3680 signiﬁcat
2543 3609 2771 3679 quodin
2797 3607 3050 3663 confesso
3083 3615 3184 3660 est.
3225 3625 3242 3655 ‹
3283 3606 3432 3658 Alin-

1841 3699 1935 3768 qui
1970 3698 2248 3754 deberetis
2267 3713 2417 3753 sane.
2461 3717 2480 3749 ι
2518 3680 2716 3753 Studet
2757 3697 3050 3752 ostendere
3079 3695 3267 3748 datum
3297 3709 3432 3761 prae-

1843 3799 2064 3862 c‘eptum
2111 3799 2228 3846 tum
2269 3790 2531 3861 possibile
2578 3805 2722 3854 esse,
2775 3798 2890 3843 tum
2925 3789 3092 3844 etiam
3137 3785 3320 3840 facile.
3352 3785 3432 3839 Ne

1837 3882 2118 3955 iudicetis,
2142 3883 2343 3953 inquit,
2387 3889 2723 3937 scortatores
2762 3880 2928 3951 hujus
2965 3879 3180 3944 mundi,
3233 3893 3432 3948 nempe

1844 3975 2164 4030 idololatras
2190 3990 2206 4029 :
2239 3975 2443 4044 alioqui
2462 3988 2690 4030 necesse
2706 3974 2865 4029 vobis
2887 3982 3030 4028 esset
3053 3974 3122 4027 ab
3154 3972 3260 4025 illis
3293 3986 3433 4039 quo-

1844 4083 1951 4140 que
1981 4069 2178 4124 exire:
2235 4069 2332 4124 sed
2360 4067 2608 4138 iudicate
2661 4082 2726 4124 ac
2764 4067 3062 4139 dijudicate
3113 4069 3430 4120 credentem

1843 4161 1938 4233 qui
1965 4169 2240 4216 scortator
2264 4169 2372 4215 est.

1917 4255 1982 4320 Υ,
2019 4253 2205 4309 11-15.
2254 4253 2313 4309 Si
2363 4254 2477 4322 quis
2507 4253 2676 4324 frater
2725 4253 2894 4307 dictus
2944 4251 3099 4322 fuerit
3148 4259 3429 4313 scortator,

1845 4354 1939 4403 aut
1959 4361 2154 4400 auarus
2172 4354 2266 4401 aut
2293 4345 2606 4411 idololatra,
2643 4354 2737 4399 aut
2763 4345 3100 4402 concidatur.
3135 4352 3227 4396 aut
3259 4341 3432 4394 ebrie-

1841 4455 1950 4494 sus.
1983 4439 2259 4510 autlrapaz
2282 4454 2300 4494 :
2327 4455 2447 4493 cum
2465 4439 2720 4510 ejusmodi
2744 4454 2808 4490 ne
2823 4437 2991 4490 cibum
3008 4435 3217 4502 quidem
3241 4434 3432 4501 capia-

1845 4531 1932 4586 tis.
1962 4529 2101 4596 Quid
2127 4531 2270 4584 enim
2294 4530 2366 4584 ad
2399 4545 2479 4584 nte
2505 4531 2694 4584 attinet
2727 4529 2885 4582 etiam
2917 4543 3005 4581 eos
3027 4527 3118 4596 qui
3155 4525 3280 4594 foris
3310 4530 3434 4576 sunt

1842 4623 2126 4694 iudicare?
2169 4637 2345 4678 nonne
2394 4638 2480 4676 eos
2524 4622 2615 4692 qui
2659 4621 2802 4674 intus
2850 4629 2972 4673 sunt
3021 4635 3108 4676 οτι
3135 4615 3436 4688 judicatis.’

1844 4712 1952 4768 Eos
1971 4727 2092 4768 uero
2119 4714 2208 4782 qui
2244 4712 2372 4782 foris
2399 4717 2522 4764 sunt
2568 4709 2704 4763 Deus
2724 4708 2956 4779 judicat.
3000 4706 3186 4761 Etiam
3223 4704 3434 4775 auferte

1714 4799 1721 4805 ’
1764 4793 1810 4850 Ῑ)
1839 4819 1958 4859 eum
1980 4804 2072 4875 qui
2096 4803 2270 4858 malus
2304 4812 2381 4857 est
2413 4817 2478 4856 ea:
2501 4802 2643 4856 vobis
2683 4801 2835 4872 ipsis.

242 4884 435 4959 [ΦΩΤ.]
462 4886 556 4951 Τὸ,
589 4883 1054 4955 Ὀνομαζόμενος
1073 4925 1091 4951 ,
1130 4887 1275 4951 τινὲς
1314 4887 1447 4957 μὶν,
1493 4890 1557 4959 τῇ
1600 4907 1734 4962 προ-

183 4981 443 5051 ηγουμένη
470 4979 615 5046 λέξει
642 4978 998 5042 συνάπτουσι.
1016 4979 1114 5034 καὶ
1142 4978 1434 5050 δηλοῦσθαι
1459 4981 1742 5052 βούλονται

185 5067 237 5118 δι’
271 5071 452 5133 αὐτοῦ,
486 5072 569 5124 ὅτι
605 5071 837 5140 ἁδελφὸς
885 5071 984 5141 μὲν
1022 5070 1422 5143 ὀνομαζόμενος
1442 5075 1536 5127 καὶ
1577 5075 1739 5146 μέχρι

187 5156 410 5222 κλήσεως
461 5160 601 5230 ἒχων
629 5160 730 5230 τὴν
780 5160 1090 5226 κοινωνίαν,
1127 5161 1204 5231 τῷ
1251 5162 1366 5216 ὄντι
1398 5162 1457 5217 δὲ
1500 5163 1588 5220 διὰ
1631 5165 1739 5219 τῶν

185 5244 340 5313 ἔργων
369 5251 563 5321 ἐχθρὸς
593 5251 854 5323 ὑπάρχων
882 5252 977 5305 καὶ
1000 5251 1364 5322 διιστάμενος.
1409 5254 1563 5326 Ἐμοὶ
1590 5255 1648 5308 δὲ
1675 5251 1737 5310 εὖ

182 5331 312 5404 ἔχειν
339 5343 505 5400 δοκεῖ.
541 5343 636 5395 καὶ
667 5345 718 5397 ιτ
749 5359 833 5407 τις
865 5343 997 5397 αὐτὸ
1029 5347 1142 5408 τοῖς
1169 5346 1460 5417 ἑπομένοις
1493 5349 1739 5420 συνάψας

171 5426 402 5497 ἐπιλάϐοι,
435 5435 536 5487 οὐκ
567 5434 648 5488 ἔτι
677 5434 795 5500 τοῦ,
827 5434 1280 5506 ὀνομαζόμενος.
1317 5438 1417 5510 τὴν
1443 5439 1612 5514 αὐτὴν
1641 5459 1740 5514 ση-

159 5530 450 5598 μαίνοντος
479 5525 713 5590 ἔννοιαν,
755 5527 893 5582 ἀλλὰ
921 5529 1256 5594 τούναντίον,
1291 5531 1384 5586 τὸν
1417 5531 1510 5584 ἐπὶ
1544 5533 1745 5604 προδή-

141 5616 268 5685 ὶοις
296 5622 409 5679 τοῖς
443 5618 628 5686 ἔργοις
659 5619 782 5689 ἥδη,
814 5621 911 5674 καὶ
949 5620 1100 5692 παρὰ
1127 5623 1262 5676 πᾶσι
1291 5622 1437 5675 κατὰ
1471 5622 1541 5676 τὰ
1568 5625 1743 5678 οἰκεῖα

141 5718 292 5790 ἔργα
355 5712 780 5782 ὀνομαζόμενον.
817 5713 928 5766 Καὶ
982 5712 1154 5786 γὰρὴ
1210 5717 1312 5786 τῆς
1358 5714 1556 5780 λέξεως
1600 5715 1740 5784 αῦτη

142 5803 448 5880 σημασία,
511 5803 704 5872 ὥσπερ
757 5803 853 5858 καὶ
916 5803 1072 5858 ἄλλαι
1109 5805 1302 5860 πολλαὶ
1357 5805 1568 5873 λέξεις,
1611 5807 1736 5879 διχῆ

137 5903 424 5980 σχίζεται.
471 5895 674 5952 Ἐνίοτε
725 5896 847 5970 μὲν,
891 5895 966 5962 ὡς
1005 5897 1236 5972 ἔφημεν,
1302 5898 1392 5952 τὸν
1442 5899 1588 5972 μόνῳ
1623 5917 1734 5956 κοι-

1915 4892 2074 4964 ἀιθι
2139 4891 2344 4947 Vocem
2403 4909 2422 4943 ι
2475 4890 2701 4954 Dictus,
2754 4907 2774 4941 ι
2825 4888 3050 4959 quidam
3096 4882 3434 4958 praecedenti

1844 4986 2189 5056 coniungunt
2217 4983 2468 5049 dictioni,
2512 4991 2569 5039 et
2601 4997 2701 5054 per
2735 4997 2856 5038 eam
2899 4980 3196 5054 signiﬁcari
3240 4979 3436 5036 volunt

1846 5075 1992 5144 quod
2013 5073 2184 5128 frater
2202 5073 2426 5144 quidem
2453 5072 2638 5128 dictus
2658 5072 2752 5139 sit,
2775 5080 2834 5128 et
2852 5072 3026 5129 solius
3047 5070 3434 5143 appellationis

1844 5166 2058 5222 habens
2079 5165 2443 5231 consortium,
2467 5179 2658 5220 revera
2681 5173 2864 5220 autem
2895 5164 3153 5220 inimicus
3177 5178 3242 5219 ac
3265 5163 3434 5219 dissi-

1845 5257 1984 5313 dens
2018 5273 2034 5312 :
2068 5255 2204 5311 mihi
2248 5271 2380 5312 vero
2427 5270 2541 5310 non
2587 5256 2727 5311 male
2763 5254 3037 5326 quadrare
3087 5254 3331 5319 videtur,
3381 5254 3431 5309 si

1846 5350 1972 5421 quis
2000 5351 2167 5406 etiam
2191 5347 2329 5404 illud
2373 5346 2737 5420 sequentibus
2759 5348 3012 5421 junctum
3045 5346 3342 5418 acceperit,
3369 5351 3433 5401 ut
3519 5414 3521 5417 ι

1845 5441 2014 5497 dictio
2038 5439 2652 5510 6vopa€6pevo;,dictus
2678 5440 2796 5497 sive
2824 5440 3163 5504 nominatus.
3183 5440 3294 5510 jam
3317 5452 3432 5493 non

1842 5535 2018 5605 ipsam
2051 5533 2306 5604 designet
2341 5533 2804 5598 benevolentiam,
2853 5533 2950 5590 sed
2989 5532 3173 5603 potius
3205 5537 3429 5585 contra-

1844 5624 1988 5679 rium
2016 5638 2216 5694 nempe
2255 5637 2384 5678 eum
2427 5622 2523 5692 qui
2567 5631 2796 5694 propter
2829 5619 3276 5677 manifestissima
3314 5617 3427 5688 jam

1840 5731 2048 5788 opera,
2093 5714 2260 5773 etiam
2310 5715 2456 5787 apud
2499 5729 2692 5770 omnes
2739 5729 2772 5769 ο
2814 5712 3062 5786 propriis
3107 5710 3430 5766 nominatur

1838 5807 2124 5878 operibus.
2157 5805 2440 5877 Siquidem
2476 5803 2648 5860 dictio
2676 5803 2795 5860 hac
2842 5801 3244 5874 signiﬁcatione
3282 5799 3462 5856 Μὴν

1841 5901 1977 5958 riam
2045 5900 2373 5966 dissecatur,
2435 5897 2892 5973 quemadmodum
2939 5905 2997 5958 et
3057 5897 3178 5955 alia
3236 5895 3460 5953 multa:
