3872 6600
488 459 600 524 703

1545 450 1945 515 (ECUMENII
1972 449 2266 513 TRICCIE
2305 449 2651 514 EPISCOPI

3631 447 3736 510 7;)!

487 575 762 631 dictiones
805 590 819 628 :
857 571 1186 644 quandoque
1215 570 1476 627 videlicet
1509 580 1570 626 ut
1605 586 1732 627 eum
1781 569 2074 643 signiﬁcet,

2182 570 2456 627 νωνοῦντα
2491 572 2568 643 τῷ
2619 573 2844 644 ὀνόματι
2891 567 3300 642 παραδηλοῦσα,
3331 569 3501 622 hiate
3533 570 3605 634 δὲ,
3654 573 3740 623 τιν

486 676 654 739 prout
678 666 935 733 diximus,
969 667 1062 737 qui
1099 665 1216 720 solo
1240 664 1462 719 nomine
1497 665 1837 720 consortium
1863 662 2030 718 habet
2057 677 2070 714 :

488 759 767 814 interdum
799 772 934 812 vero
982 771 1109 811 eum
1139 755 1232 825 qui
1277 756 1348 809 ad
1394 761 1702 809 extremum
1752 766 2076 824 progressus

487 859 574 906 est
601 850 806 919 operis,
855 857 916 903 ut
940 848 1066 903 inde
1097 862 1450 903 communem
1487 861 1710 916 quoque
1740 845 2074 916 appellatio-

489 955 615 995 nem
647 940 712 994 ad
737 940 977 1010 scipsum
1005 939 1364 1004 derivaverit,
1399 947 1460 992 ut
1488 939 1558 992 ab
1580 938 1683 993 hac
1711 937 1885 1008 magis
1909 952 2074 1007 quam

423 1022 428 1029 ’
487 1049 519 1088 a
569 1033 796 1103 proprio
844 1032 1067 1087 nomine
1109 1042 1167 1088 et
1227 1041 1593 1104 cognoscatur
1645 1041 1700 1086 et
1743 1031 2070 1101 appelletur.

487 1121 820 1195 Hujusmodi
852 1123 1038 1192 itaque
1073 1131 1438 1176 scortatorem
1465 1129 1522 1176 et
1547 1136 1770 1175 avarum
1798 1131 1854 1175 et
1879 1121 2072 1176 convi—

487 1215 750 1270 ciatorem
781 1223 837 1270 et
866 1215 1172 1275 ebriosum.
1212 1214 1318 1269 hoc
1349 1223 1453 1278 est,
1493 1213 1586 1282 qui
1630 1212 1770 1267 adeo
1819 1213 2074 1282 publicus

489 1319 554 1359 ac
609 1304 934 1358 manifestus
972 1311 1076 1367 est,
1124 1311 1187 1356 ut
1237 1303 1369 1356 hinc
1418 1301 1584 1356 etiam
1634 1301 1704 1355 ab
1755 1301 2074 1356 hominibus

489 1406 852 1466 cognoscatur
902 1411 966 1449 ac
1011 1395 1351 1461 nominetur,
1381 1394 1531 1448 hunc
1580 1392 1786 1447 evitare
1816 1393 1973 1463 jubet
2017 1400 2075 1447 et

487 1505 619 1543 cum
650 1504 716 1543 eo
740 1503 842 1543 nec
866 1489 1050 1542 cibum
1081 1503 1296 1558 capere,
1324 1503 1424 1542 nec
1454 1487 1692 1556 colloqui
1730 1496 1823 1541 aut
1845 1501 2074 1540 conver-

490 1577 600 1632 sari
636 1596 648 1631 :
691 1593 802 1632 non
836 1587 1020 1632 autem
1063 1594 1189 1637 eum
1233 1578 1326 1648 qui
1368 1579 1731 1647 quorumdam
1779 1577 2074 1646 exponitur

491 1687 725 1726 susurro
771 1680 864 1726 aut
912 1671 1278 1726 detractioni:
1315 1671 1440 1725 ideo
1471 1671 1747 1740 sapienter
1775 1669 2072 1724 admodum

487 1779 554 1818 ac
603 1779 713 1818 non
745 1764 863 1818 sine
910 1779 1102 1834 magna
1145 1761 1384 1817 efficacia
1427 1762 1572 1816 inter
1622 1760 1760 1815 alios
1807 1761 2074 1815 absurdos

489 1863 811 1923 operatores
853 1853 1104 1918 adjunxit
1163 1869 1383 1924 quoque
1442 1853 1868 1908 conviciatorem
1927 1868 1942 1904 :
2009 1859 2070 1906 ut

491 1948 674 2002 sciens
694 1947 944 2004 eamdem
996 1962 1212 2016 pmnam
1238 1961 1296 2001 se
1333 1947 1648 2002 habiturum
1700 1961 1866 2017 quam
1919 1961 2069 2000 scor-

490 2046 635 2092 tator
663 2047 755 2093 aut
791 2039 1100 2103 idololatra,
1140 2046 1404 2108 quantum
1453 2039 1518 2092 ad
1555 2039 1660 2092 hoc
1687 2036 1884 2091 attinet
1907 2046 1968 2090 ut
1997 2035 2067 2090 ab

488 2131 748 2185 omnibus
797 2130 1103 2196 devitetur,
1140 2130 1382 2201 linguam
1431 2129 1610 2184 frenet
1657 2145 1720 2185 ac
1765 2129 2065 2196 contineat,

486 2237 591 2278 nec
634 2238 756 2279 eam
816 2223 993 2278 solvat
1043 2223 1109 2278 ad
1168 2224 1471 2278 rodendum
1494 2223 1867 2304 proximorum
1901 2222 2063 2277 vitas.

485 2312 834 2369 ldololatram
886 2329 1016 2371 vero
1091 2324 1381 2385 propterea
1436 2314 1570 2367 mibi
1637 2327 2067 2368 connumerasse

485 2404 706 2460 videtur
741 2406 796 2460 in
824 2406 931 2461 hoc
955 2407 1098 2471 loco,
1135 2416 1197 2461 ut
1229 2405 1453 2460 doceret
1485 2414 1776 2473 certosque
1794 2403 2066 2471 redderet,

483 2497 634 2567 quod
664 2497 792 2552 licet
822 2513 1079 2568 magnum
1105 2508 1252 2552 esset
1271 2499 1450 2554 scelus
1480 2513 1760 2567 unumque
1784 2514 1851 2553 ex
1874 2499 2092 2578 absurﬁ

485 2593 728 2649 dissimis
759 2594 828 2650 de
869 2610 980 2663 quo
1014 2594 1266 2648 nonnulli
1295 2603 1553 2650 accusant
1589 2593 1890 2660 hominem,
1933 2595 1979 2651 si
2012 2597 2071 2650 in

487 2685 672 2752 lucem
705 2702 816 2742 non
865 2686 1092 2755 prodiit,
1142 2702 1245 2741 nec
1289 2687 1364 2742 ita
1407 2695 1663 2756 oportere
1706 2702 1771 2742 ex
1797 2688 1911 2743 sola
1951 2703 2076 2742 sus-

2179 663 2258 726 είς
2286 662 2454 732 ἄκρον
2488 663 2709 717 ἐλθόντα
2747 662 2844 734 τῆς
2875 662 3146 734 πράξεως,
3194 661 3334 714 ὥστε
3388 661 3482 712 καὶ
3512 660 3604 731 τὴν
3632 680 3741 715 κοι-

2178 751 2276 822 νὴν
2297 751 2670 823 προσηγορίαν
2701 753 2782 817 είς
2808 753 3004 806 ἑαυτὸν
3034 753 3441 812 ἐπισπάσαντα,
3466 753 3529 804 ἐκ
3553 752 3742 823 ταύτης

2181 843 2380 913 μᾶλλον
2419 845 2452 915 ἢ
2509 845 2574 898 ἐκ
2603 842 2697 896 τοῦ
2755 843 2984 915 Κυρίου,
3041 839 3512 911 ὲπιγινώσκεσθαί
3558 859 3616 894 τε
3658 845 3744 897 καὶ

2176 935 2564 1005 ὀνομάζεσθαι.
2598 935 2703 989 Τὸν
2733 933 2826 990 οὖν
2873 933 3116 988 τοιοῦτον
3174 934 3374 1005 πόρνον
3428 933 3743 987 καὶιπλεον-

2177 1027 2343 1098 ἐκτην
2374 1029 2468 1081 καὶ
2497 1028 2736 1099 λοίδορον
2766 1029 2860 1081 καὶ
2898 1027 3153 1098 μέθυσον,
3185 1027 3458 1090 τουτέστι,
3492 1025 3584 1078 τὸν
3626 1026 3748 1096 πρὸ·

2174 1120 2335 1191 δηλον
2369 1122 2465 1174 καὶ
2499 1123 2734 1193 φανερὸν
2781 1121 2974 1185 οὕτως,
3010 1120 3150 1174 ὥστε
3188 1120 3342 1192 παρά
3373 1122 3510 1174 πᾶσι
3550 1121 3643 1173 καὶ
3671 1139 3748 1189 γι-

2175 1213 2480 1268 νώσκεσθαι
2540 1215 2637 1267 καί⁸
2696 1211 3085 1284 ὀνομάζεσθαι,
3147 1211 3337 1265 τοῦτον
3397 1213 3747 1283 ἐκτρέπεσθαι
3832 1251 3833 1258 η

2176 1306 2639 1378 παρακελεύεται,
2699 1307 2796 1360 καὶ
2834 1305 2968 1376 μηδὲ
3021 1304 3329 1358 συνεσθίειν
3383 1304 3570 1374 αὐτῷ,
3621 1307 3747 1376 μήτε

2176 1397 2626 1465 κοινολογεῖσθαι,
2669 1398 2808 1467 μήτε
2846 1395 3409 1466 συναναστρέφεσθαι,
3438 1396 3562 1464 οὐχὶ
3590 1396 3644 1448 δὲ
3669 1397 3749 1449 τὸν

2176 1488 2267 1542 ὑπ’
2317 1489 2477 1542 ἐνίων
2525 1487 3053 1560 ὑποψιθυριζόμενον
3104 1489 3137 1560 ἢ
3191 1487 3625 1558 λοιδορούμενον.
3674 1491 3750 1543 Arb

2177 1580 2356 1648 σοφῶς
2404 1581 2544 1649 ἄγαν
2582 1580 2678 1634 καὶ
2733 1580 3082 1651 δραστηρίως
3134 1580 3247 1642 τοῖς
3305 1578 3493 1641 ἄλλοις
3543 1578 3750 1643 ἀτόποις

2174 1675 2436 1742 ἐργάταις
2464 1673 2671 1744 συνῆψε
2701 1673 2797 1727 καὶ
2824 1675 2917 1726 τὸν
2946 1671 3208 1741 λοίδορον,
3232 1673 3320 1725 ἵνα
3350 1671 3414 1725 τὸ
3444 1672 3581 1725 αὐτὸ
3610 1672 3750 1736 εἰδὼς

2173 1767 2320 1837 ἔχειν
2353 1767 2648 1843 ἐπιτίμιον,
2682 1771 2820 1843 ὅπερ
2859 1773 2888 1825 ὁ
2918 1769 3116 1841 πόρνος
3151 1773 3250 1825 καὶ
3279 1773 3309 1825 6
3342 1771 3745 1842 εἰδωλολάτρης.

2172 1859 2294 1912 ὅσον
2319 1857 2396 1922 είς
2412 1859 2472 1912 τὸ
2492 1861 2598 1915 ὑπὸ
2625 1861 2840 1917 πάντων
2867 1865 3235 1935 ἀποτρόπαιος
3257 1862 3418 1927 εἶναι,
3443 1865 3652 1936 χαλινοῖ
3667 1864 3749 1935 τὴν

2177 1951 2430 2020 γλῶσσαν
2458 1954 2552 2007 καὶ
2577 1958 2805 2028 κατέχῃ,
2825 1959 2919 2011 καὶ
2941 1959 3016 2029 μὴ
3045 1959 3343 2031 ἐπαφίησιν
3379 1959 3578 2029 αὐτὴν,
3600 1975 3747 2012 κατα-

2178 2042 2471 2099 ϐόσκεσθαι
2492 2049 2618 2110 τοὺς
2648 2047 2755 2102 τῶν
2773 2049 3000 2120 πλησίον
3022 2049 3192 2119 βίους.
3227 2051 3335 2104 Καὶ
3368 2050 3451 2115 τὸ,
3482 2050 3746 2103 είδωλολά-

2177 2153 2314 2206 τρης
2337 2137 2414 2205 δὲ,
2447 2137 2535 2192 διά
2566 2138 2727 2193 τοῦτό
2759 2157 2849 2210 μοι
2871 2141 3019 2198 δοκεῖ
3057 2141 3293 2195 ἐνταῦθα
3326 2141 3744 2211 συναριθμῆσαι,

2179 2225 2448 2280 διδάσκων
2468 2227 2563 2282 καὶ
2590 2227 3046 2300 ἀσφαλιζόμενος,
3071 2229 3146 2294 ὡς
3184 2231 3232 2282 εί
3261 2230 3357 2284 καὶ
3385 2230 3533 2301 μέγα
3561 2231 3646 2299 εἴη
3671 2231 3747 2282 καὶ

2179 2316 2289 2370 τῶν
2321 2317 2712 2383 ἀτοπωτάτων,
2753 2319 2811 2371 ὲν
2834 2310 2879 2386 ᾧ
2917 2335 3068 2381 τινες
3097 2317 3402 2372 αἰτιῶνται.
3424 2318 3524 2371 τὸν
3558 2317 3746 2386 ἀνθρω-

2179 2425 2302 2473 πον,
2338 2403 2474 2482 μὴῇ
2523 2408 2581 2462 δὲ
2615 2408 2732 2477 φῶς
2770 2409 3012 2480 ἠγμένον
3053 2410 3116 2462 τδ
3147 2409 3427 2480 τόλμημα,
3457 2408 3574 2461 οὐδ’
3627 2408 3747 2461 οὕτω

2180 2501 2287 2572 χρὴ
2316 2501 2409 2554 τὸν
2459 2500 2704 2555 τοιοῦτον
2735 2500 2795 2567 ἐξ
2853 2501 3089 2572 ὑποψίας
3143 2501 3313 2572 μόνης
3369 2499 3742 2571 ἐκτρέπεσθαι.

2193 2593 2346 2648 Ἐπεὶ
2395 2593 2538 2647 οὕτω
2565 2609 2630 2662 γε
2677 2591 2744 2647 ἀν
2773 2593 2896 2657 ταῖς
2948 2593 3028 2656 είς
3067 2591 3332 2662 ἀλλήλους
3367 2590 3632 2662 ὑποψίαις
3672 2592 3747 2642 καὶ

2178 2684 2457 2748 διαϐολαῖς
2515 2683 2948 2755 ὲξερεθιζόμενοι
3004 2682 3284 2753 ἄνθρωποι
3327 2683 3409 2745 είς
3467 2681 3742 2751 πολεμίων,

453 2777 708 2846 -picione
737 2779 992 2834 devitari.
1031 2779 1312 2849 Siquidem
1375 2781 1478 2835 hoc
1513 2781 1676 2835 modo
1697 2780 1904 2836 mutuis
1930 2782 2074 2836 inter

2185 2774 2388 2846 μᾶλλον
2446 2774 2504 2828 δὲ
2559 2777 2639 2840 είς
2675 2774 2882 2846 θηρίων
2941 2775 3078 2844 βίον,
3119 2773 3219 2843 τὴν
3272 2772 3556 2827 πολιτείαν
3585 2774 3746 2835 αὐτοῖς

487 2876 550 2918 se
601 2863 1010 2933 suspicionibus
1059 2879 1126 2920 ac
1185 2864 1478 2921 calumniis
1522 2865 1721 2920 irritati
1796 2865 2068 2934 homines,

2183 2869 2634 2939 μεταστήσονται.
2683 2867 2826 2920 Ἀλλ’
2875 2869 3088 2922 ἐκεῖνον
3136 2867 3219 2920 δεῖ
3273 2866 3470 2920 ἑαυτὸν
3526 2865 3744 2935 ἐξαίρειν

488 2957 966 3012 conversationem
999 2972 1156 3012 suam
1188 2965 1622 3014 transmutarent
1649 2958 1716 3013 ad
1745 2960 1912 3015 vitam
1941 2959 2071 3016 hOS-

2182 2961 2277 3015 καὶ
2301 2959 2686 3031 ἀποχωρίζειν,
2713 2960 2775 3024 ὃς
2801 2960 3058 3032 ἐπίδηλος
3087 2961 3184 3014 καὶ
3207 2962 3321 3024 τοῖς
3355 2958 3546 3030 ἔργοις
3576 2959 3668 3012 καὶ
3689 2961 3742 3028 τῇ

489 3049 654 3116 tium,
683 3049 793 3103 imo
830 3049 1015 3120 potius
1037 3049 1302 3106 ferarum.
1334 3050 1440 3106 Sed
1475 3051 1627 3106 illum
1657 3061 1874 3122 oportet
1905 3067 1936 3106 a
1984 3067 2074 3108 se-

2182 3052 2336 3122 παρά
2381 3054 2598 3108 πάντων
2642 3053 2910 3126 ὀνομασία
2956 3053 3314 3125 καθέστηκεν.
3383 3072 3402 3106 ι
3436 3053 3515 3106 Ἦ
3555 3052 3744 3106 εἰδωλο-

488 3139 628 3210 ipsis
667 3140 888 3212 abigere
937 3158 1000 3198 ac
1029 3158 1284 3213 separare
1333 3143 1426 3213 qui
1459 3143 1799 3204 'manifeslus
1844 3143 2074 3200 effectus

2183 3144 2408 3216 λάτρης.
2446 3165 2465 3197 ι
2504 3147 2615 3200 Καὶ
2653 3147 2770 3210 πῶς
2805 3147 2884 3201 ένι
2929 3145 3160 3217 ἀδελφὸν
3201 3146 3355 3209 ὄντα,
3391 3146 3646 3200 τουτέστι
3671 3161 3741 3197 πι-

488 3241 575 3288 est
597 3242 706 3288 tam
741 3234 1004 3304 operibus
1038 3251 1199 3305 quam
1247 3235 1614 3306 appellatione
1643 3251 1750 3305 qua
1779 3237 1921 3306 apud
1955 3251 2044 3292 om

2187 3237 2331 3302 στὸν,
2365 3231 2504 3291 εἶναι
2531 3238 2962 3310 εἰδωλολάτρην;
2994 3239 3167 3292 Τοῦτο
3202 3238 3356 3308 δηλοῖ
3383 3239 3622 3307 ἀδελφὸν
3649 3240 3744 3292 δνο-

486 3339 588 3380 nes
606 3327 942 3381 nominatur.
973 3330 1108 3382 «Aut
1129 3328 1471 3383 idololatran
1503 3329 1569 3382 Et
1594 3328 1871 3397 quomodo
1893 3338 2078 3398 potest

487 3419 582 3489 qui
615 3418 785 3475 frater
806 3429 908 3482 est,
941 3421 1048 3477 hoc
1071 3433 1155 3477 est
1183 3421 1378 3488 fidelis,
1403 3437 1525 3477 esse
1553 3421 1716 3476 simul
1748 3421 2078 3477 idololatra?

488 3509 603 3566 lloc
635 3526 760 3566 eum
782 3512 1359 3584 signiﬁcatquifrater
1395 3515 1574 3569 solum
1607 3514 1828 3570 dicitur.
1845 3515 2076 3582 Quidam

488 3603 636 3657 enim
658 3605 1009 3659 crediderant
1073 3615 1128 3661 et
1179 3607 1490 3662 simulacris
1513 3608 2080 3681 adhaerebantzﬁez-

491 3692 618 3748 ideo
647 3710 867 3764 quoque
898 3697 1033 3752 dicit
1062 3715 1076 3750 :
1117 3717 1134 3750 ι
1169 3698 1360 3752 Frater
1386 3697 1633 3763 dictusn
1659 3700 1778 3755 talis
1805 3701 2077 3771 siquidem

492 3798 686 3837 revera
715 3800 825 3839 non
857 3794 940 3840 est
989 3786 1178 3842 frater.
1212 3807 1230 3839 ι
1271 3787 1412 3854 Quid
1461 3789 1606 3844 enim
1645 3790 1714 3844 ad
1753 3807 1841 3846 me
1878 3793 2079 3848 attinet

492 3875 661 3930 etiam
687 3890 783 3932 eos
813 3879 905 3947 qui
933 3879 1069 3934 foris
1106 3890 1237 3935 sunt
1279 3882 1570 3953 judicare?
1597 3903 1616 3936 ι
1661 3884 2079 3955 Consequeuter

493 3983 715 4024 causam
745 3970 927 4026 reddit
955 3988 1052 4028 cur
1101 3990 1212 4029 non
1256 3975 1546 4044 prohibeat
1589 3979 1908 4034 conversari
1953 3993 2078 4033 cum

493 4058 698 4114 Graecis
738 4063 1136 4119 scortatoribus
1188 4073 1283 4119 aut
1327 4068 1508 4122 avaris
1552 4083 1616 4122 ac
1666 4069 1908 4126 caeteris:
1941 4069 2080 4136 Quia

491 4151 780 4221 judicium,
823 4155 1024 4225 inquit,
1067 4157 1134 4212 de
1175 4159 1285 4213 illis
1324 4158 1434 4215 Deo
1474 4161 1906 4230 permittendum
1951 4171 2075 4218 est:

497 4259 595 4300 nos
624 4255 808 4301 autem
857 4248 1063 4305 fratres
1104 4253 1453 4323 corrigimus,
1495 4254 1626 4307 dum
1675 4255 1844 4309 vitam
1885 4271 2078 4310 eorum

501 4333 556 4389 in
576 4338 1260 4410 correctionejudicamus
1281 4351 1337 4396 et
1371 4343 1839 4398 condcmnamus:
1874 4346 1944 4400 ab
1973 4347 2082 4402 illis

499 4428 648 4484 enim
695 4429 1074 4487 discessimus.
1110 4450 1128 4484 ι
1166 4433 1276 4488 Eos
1305 4449 1436 4488 vero
1465 4435 1558 4504 qui
1596 4434 1732 4490 foris
1761 4445 1890 4491 sunt
1934 4437 2082 4494 Deus

2183 3325 2520 3396 μαζόμενον,
2553 3329 2634 3381 ὅτι
2677 3329 2821 3392 τινὲς
2861 3329 2958 3382 καὶ
2991 3328 3318 3382 ἐπίστευσαν
3351 3328 3446 3381 καὶ
3478 3329 3592 3382 τῶν
3619 3327 3743 3380 εἰδὼ-

2181 3417 2288 3472 λων
2312 3419 2539 3489 εἴχοντο.
2572 3419 2664 3472 Διδ
2701 3419 2798 3473 καί
2834 3437 3021 3490 φησιν,
3067 3437 3085 3470 ι
3117 3419 3374 3488 Ἀδελφὺς
3419 3419 3742 3489 ὀνομαζόμε-

2179 3528 2292 3574 νος.
2325 3530 2344 3564 ι
2384 3513 2494 3564 Καὶ
2527 3513 2635 3583 γὰρ
2665 3512 2808 3566 κατά
2861 3512 2961 3583 τὴν
3011 3512 3270 3583 ἀλήθειαν
3298 3514 3326 3565 ὁ
3356 3511 3608 3574 τοιοῦτος
3645 3511 3739 3564 οὐδὲ

2179 3603 2370 3666 πιστός
2404 3605 2575 3659 ἐστιν.
2611 3623 2629 3655 ι
2669 3603 2733 3655 Τί
2765 3603 2873 3675 γάρ
2920 3621 3014 3674 μοι
3044 3605 3138 3658 καὶ
3169 3604 3294 3668 τοὺς
3323 3604 3429 3668 ἔξω
3464 3606 3736 3675 κρίνεινς»

2178 3697 2380 3750 Λοιπὸν
2439 3697 2538 3766 τὴν
2613 3697 2792 3751 αἰτίαν
2857 3697 3006 3765 λέγει
3068 3697 3164 3751 τοῦ
3231 3695 3305 3768 μὴ
3368 3697 3606 3749 κωλύειν
3654 3697 3742 3757 τοῖς

2190 3788 2456 3859 Ἑλλήνων
2511 3789 2730 3859 πόρνοις
2784 3790 2816 3862 ἢ
2872 3791 3225 3854 πλεονέκταις
3290 3789 3323 3860 ἦ
3384 3789 3599 3854 λοιποῖς
3641 3806 3743 3842 συν-

2181 3880 2584 3950 αναμίγνυσθαι
2611 3893 2628 3911 ⁶
2656 3879 2802 3946 Ὅτι,
2831 3880 2984 3951 φησὶ,
3039 3879 3137 3951 τὴν
3164 3883 3292 3952 περὶ
3326 3881 3512 3934 αὐτῶν
3557 3880 3739 3950 κρίσιν,

2180 3973 2300 4044 Θεῷ
2336 3973 2543 4028 ἐατέον.
2583 3974 2776 4044 Ἡμεῖς
2811 3974 2868 4027 δὲ
2916 3975 3044 4038 τοὺς
3068 3974 3330 4043 ἀδελφοὺς
3369 3971 3737 4043 διορθούμεθα,

2181 4064 2239 4118 ὲν
2278 4064 2356 4136 τῷ
2399 4065 2608 4135 κρίνειν
2665 4065 2759 4118 καὶ
2797 4065 3111 4136 ἀνακρίνειν
3147 4065 3328 4119 αὐτῶν
3367 4066 3459 4120 τὸν
3511 4064 3628 4135 βίον
3667 4063 3739 4116 ἐπὶ

2181 4155 2486 4227 διορθώσει.
2525 4157 2615 4224 Ἐξ
2654 4155 2880 4210 ἐκείνων
2908 4157 3016 4227 γὰρ
3050 4157 3451 4229 ἐχωρίσθημεν.
3497 4177 3516 4210 ι
3540 4156 3738 4220 Τοὺςᾶ

2182 4248 2287 4314 ἔξω
2333 4249 2364 4302 6
2407 4249 2543 4312 Θεὸς
2575 4249 2775 4321 κρίνει.
2807 4268 2825 4301 ι
2866 4245 2998 4304 Εἶτα
3027 4251 3114 4304 ἵνα
3173 4250 3247 4320 μὴ
3283 4252 3518 4324 νομίσῃς
3557 4252 3738 4319 ἀτιμω-

2185 4341 2383 4412 ρήτους
2423 4341 2646 4395 ἔσεσθαι
2691 4342 2817 4404 τοὺς
2852 4341 3122 4413 ’Έλληνας
3169 4343 3485 4407 πταίοντας,
3515 4341 3736 4412 φοϐερώ-

2181 4449 2340 4504 τερον
2395 4434 2580 4496 αὐτοῖς
2625 4434 2898 4504 ἐπέστησε
2951 4433 3325 4505 δικαστήριον,
3371 4435 3435 4487 τὸ
3463 4435 3557 4487 τοῦ
3605 4431 3734 4486 Θεοῦ.

488 4521 724 4592 judicat.
763 4539 782 4572 ι
812 4523 1020 4579 Deinde
1044 4540 1113 4580 ne
1143 4524 1528 4594 delinquentes
1555 4525 1774 4583 Griecos
1797 4528 2074 4586 existimes

2191 4545 2208 4577 ι
2245 4525 2355 4578 Καὶ
2397 4525 2644 4596 ὲξαρεῖτε
2675 4524 2769 4577 τὸν
2800 4525 3058 4596 πονηρόν.
3104 4544 3122 4577 ι
3169 4527 3384 4595 Ἤγαγε
3413 4526 3514 4598 τὴν
3553 4542 3733 4596 μαρτνο

493 4612 770 4667 immunes
801 4611 1021 4668 futuros
1073 4629 1104 4667 a
1140 4614 1428 4683 supplicio,
1463 4615 1765 4673 terribilius
1798 4620 2074 4690 magisque

2189 4619 2331 4687 ρίαν,
2362 4617 2576 4681 δεικνὺς
2608 4617 2816 4672 ἀνωθεν
2839 4617 2999 4671 τοῦτο
3029 4617 3510 4689 νενομοθετῆσθαι,
3544 4618 3634 4670 καὶ
3659 4616 3740 4668 οὐκ

492 4705 852 4761 metuendum
898 4705 1006 4760 illis
1061 4705 1360 4775 assignavit
1401 4707 1660 4772 tribunal,
1711 4725 1910 4781 nempe
1957 4713 2074 4769 Dei.

499 4816 519 4851 ι
565 4798 742 4853 Etiam
765 4798 980 4854 auferte
1003 4815 1129 4854 eum
1157 4798 1250 4868 qui
1274 4799 1448 4855 malus
1469 4810 1574 4855 est.
1620 4821 1638 4854 ι
1675 4803 2075 4860 Testimonium

494 4887 727 4942 adduxit
751 4889 1054 4945 ostendens
1085 4889 1230 4959 quod
1248 4905 1487 4959 superne
1517 4891 1651 4947 illud
1676 4895 1947 4950 sancitum
1971 4906 2078 4962 est,

491 4995 599 5035 nec
618 4991 704 5036 681»
731 4997 936 5036 novum
967 4990 1299 5052 praeceptum
1320 4991 1417 5036 aut
1439 4998 1590 5038 nunc
1613 5000 1805 5041 recens
1833 4988 2082 5056 promul-

493 5079 702 5140 gatum,
731 5079 791 5126 ut
827 5072 1142 5127 auferretur
1169 5072 1216 5128 is
1253 5072 1348 5142 qui
1393 5073 1570 5130 malus
1613 5085 1700 5131 est
1742 5078 1809 5133 de
1859 5079 2064 5136 medio.

2185 4706 2326 4764 εἶναι
2353 4709 2718 4780 καινοτομίαν,
2749 4709 2781 4780 ἢ
2814 4709 2908 4763 νῦν
2939 4715 3256 4780 γεγένηται,
3290 4711 3352 4763 τὸ
3386 4711 3625 4782 ἐξαίρειν
3663 4707 3738 4760 τὸν

2185 4801 2420 4873 πονηρὸν
2465 4802 2530 4854 ἐκ
2566 4801 2753 4872 μέσου.
2781 4801 2853 4855 Τὸ
2882 4802 2962 4866 δὲ,
2993 4820 3011 4852 ι
3042 4803 3134 4867 Ἐξ
3174 4802 3328 4872 ὑμῶν
3358 4802 3563 4868 αὐτῶν,
3599 4820 3617 4854 ι
3647 4798 3736 4853 62i-

2179 4914 2337 4950 κνυσι
2365 4896 2458 4950 καὶ
2487 4895 2688 4956 αὐτοὺς
2720 4895 2786 4948 ὲκ
2819 4896 3016 4949 τούτου
3065 4895 3483 4966 ὠφελουμένους
3514 4896 3563 4948 εί
3594 4909 3736 4966 χωριο

2182 4987 2384 5042 σθῶσιν
2410 4989 2458 5041 οἰ
2494 4987 2744 5058 πονηροί.
2791 4987 2856 5039 Et
2886 4987 3071 5054 μέλλει
3128 4990 3157 5042 δ
3197 4987 3333 5050 Θεὸς
3363 4987 3585 5050 τούτους
3640 4982 3736 5053 κρί-

2181 5097 2318 5148 νειν,
2343 5079 2655 5150 χωρίσθητε
2690 5078 2786 5132 ἀπ’
2816 5079 3019 5134 αὐτῶν.

495 5165 651 5232 Quod
695 5175 880 5220 autem
929 5164 1102 5229 addit,
1163 5184 1181 5217 ι
1233 5165 1312 5218 Ex
1359 5166 1516 5223 vobis
1550 5168 1704 5238 ipsis,
1765 5189 1784 5223 ι
1829 5174 2075 5229 ostendit
2113 5173 2264 5245 ipsos
2327 5187 2548 5242 quoque
2586 5171 2768 5243 juvari
2838 5170 2885 5226 si
2932 5171 3062 5227 mali
3107 5179 3456 5243 separentur.
3507 5169 3563 5226 Si
3613 5168 3732 5223 Deus

496 5256 968 5328 hosjudicaturus
991 5264 1100 5321 est,
1131 5259 1464 5322 separamini
1489 5261 1557 5315 ab
1586 5263 1689 5318 eis.

1113 5354 1337 5412 CAPUT
1384 5356 1475 5410 lli.

655 5460 806 5527 Quod
838 5479 942 5516 non
970 5472 1209 5532 oporteat
1241 5464 1430 5517 habere
1459 5464 1572 5519 lites
1599 5482 1661 5518 ac
1679 5467 1908 5535 judicia.

571 5618 661 5685 Vl,
693 5621 809 5677 1-5.
852 5621 1024 5676 Audet
1053 5622 1244 5692 aliquis
1287 5630 1518 5677 uestrum
1558 5625 1823 5693 negotium
1881 5625 2076 5680 habens

503 5729 624 5766 cum
661 5713 831 5767 altera
851 5713 1089 5783 judicari
1123 5715 1218 5770 sub
1263 5717 1494 5786 injustis,
1536 5726 1582 5770 et
1637 5733 1739 5770 non
1779 5721 1944 5786 magis
1982 5719 2076 5771 sub

504 5803 746 5856 sanctis?
776 5803 857 5858 An
883 5806 1088 5859 nescitis
1122 5805 1258 5876 quod
1273 5807 1444 5864 sancti
1466 5806 1716 5862 mundum
1742 5805 2078 5868 iudicabunt?

515 5891 582 5946 Et
608 5893 652 5946 si
677 5909 770 5964 per
803 5912 888 5950 uos
911 5897 1178 5966 iudicatur
1219 5899 1460 5966 mundus,
1497 5898 1701 5968 indigni
1743 5899 1862 5952 estis
1911 5898 2079 5967 abjec-

2772 5355 3023 5409 ΚΕΦΛΛ.
3086 5354 3160 5409 Γ.

2289 5459 2427 5528 Περὶ
2459 5459 2566 5513 τοῦ
2601 5459 2684 5529 μὴ
2715 5458 2948 5514 δεῖσθαι
2980 5460 3184 5528 δικῶν,
3211 5463 3308 5514 καὶ
3342 5462 3527 5516 ταῦτα
3556 5461 3644 5514 ἐπὶ

2832 5531 3124 5585 ἀπίστων.

2263 5622 2458 5691 Τολμᾷ
2487 5640 2574 5687 τις
2597 5621 2764 5690 ὑμῶν
2791 5622 3030 5691 πρᾶγμα
3062 5624 3219 5693 ἔχων
3249 5625 3404 5692 πρὸς
3431 5628 3531 5679 uir
3557 5625 3732 5691 ἕτερον

2186 5713 2493 5781 κρίνεσθαι
2545 5712 2642 5764 ἐπὶ
2695 5711 2811 5765 τῶν
2861 5713 3087 5768 ἀδίκων
3149 5715 3246 5767 καί
3299 5716 3436 5785 οὐχὶ
3489 5715 3581 5768 ἐπί
3635 5711 3731 5764 τῶν

2193 5805 2411 5872 (ig-law;
2449 5806 2568 5858 Οὐκ
2597 5805 2795 5858 οἴδατε
2825 5804 2915 5857 ὅτι
2943 5807 2998 5858 οι
3044 5804 3197 5872 ἅγιοι
3240 5806 3347 5858 τὸν
3385 5807 3600 5874 κόσμον
3627 5818 3730 5866 xpl-

2202 5896 2416 5951 νοῦσιν
2432 5913 2449 5961 ;
2481 5897 2584 5951 Καὶ
2629 5900 2679 5950 ει
2725 5897 2794 5949 ἐν
2836 5896 2974 5966 ὑμῖν
3005 5899 3266 5964 κρίνεται
3291 5900 3322 5952 ό
3349 5900 3578 5968 κόσμος,
3603 5888 3730 5947 ἀνά-
