3872 6566
143 413 235 476 7‘05
599 355 604 361 '
1055 401 1438 466 COMMENT.
1471 403 1550 462 ΙΝ
1583 401 1824 461 EPIST.
1865 402 1892 460 Ι
1931 403 2030 462 ΑΒ
2066 401 2427 462 CORlNTIl.

3283 397 3395 460 706

148 522 250 583 ξιοί
277 525 414 573 ἐστε
457 519 772 586 κριτηρίων
804 515 1163 584 ἐλαχίστων.
1212 517 1330 568 Οὐκ
1381 513 1581 567 οἴδατε
1621 511 1708 565 ὅτι

1820 511 2028 564 tissimis
2069 513 2308 581 judiciis.
2344 514 2424 566 An
2476 511 2680 565 nescitis
2705 514 2842 581 quod
2890 519 3104 580 angelos
3130 504 3398 575 judicavi-

147 608 426 677 ἀγγέλους
454 606 800 675 κρινοῦμεν,
825 605 1038 676 μήτιγε
1058 603 1347 668 ,βιωτικά;

204 700 342 770 Ὅρα
364 701 447 753 ὅτι
477 699 553 761 ὡς
575 699 667 750 ἐπὶ
695 696 1138 766 ὡμολογημένων
1170 698 1407 747 ποιεῖται
1434 692 1532 762 τὴν
1570 709 1704 744 κατ-

149 792 376 860 ηγορίαν,
406 790 501 842 καὶ
524 788 686 850 εὐθὺς
720 790 782 839 ἐκ
805 787 1106 857 προοιμίων
1140 784 1311 855 Θυμδν
1349 783 1704 846 ἐνδείκνυται,

149 884 225 934 καὶ
267 882 468 951 τόλμαν
521 879 699 942 καλεῖ,
732 879 828 932 καὶ
873 875 1224 948 παρανομίαν
1255 875 1316 928 τὸ
1361 877 1708 944 πρᾶγμα.-

145 971 326 1044 [ΦΩΤ]
384 971 603 1024 Τούτων
641 969 848 1034 οὕτως,
891 969 1060 1039 φησὶ,
1112 968 1256 1021 κατὰ
1313 966 1374 1020 τὸ
1431 966 1707 1036 προσῆκον

143 1066 381 1133 ἑχόντων,
407 1065 503 1116 καὶ
529 1065 654 1126 τοὺς
686 1062 786 1131 μὲν
815 1063 873 1114 ὲν
897 1062 1024 1131 ὑμῖν
1040 1061 1302 1129 ἀδελφοὺς
1325 1059 1532 1128 κρίνειν
1558 1059 1708 1128 ἐχόν-

143 1174 238 1208 των
270 1157 366 1226 τὴν
409 1155 679 1220 ἐξουσίαν,
721 1153 816 1207 ἐπὶ
843 1153 902 1206 δὲ
947 1154 1072 1224 τοὺς
1097 1152 1202 1216 ἔξω
1241 1152 1400 1204 τοῦτο
1445 1152 1707 1220 πράττειν

145 1250 198 1302 ού
221 1249 704 1318 συγχωρουμένων,
725 1247 900 1316 τολμᾷ
919 1263 1004 1308 τις
1029 1246 1156 1308 τοὺς
1180 1244 1285 1308 ἔξω
1310 1245 1492 1298 καλεῖν
1514 1243 1707 1313 κριτὰς

149 1342 344 1403 ἑαυτοῖς
385 1339 638 1407 γενέσθαι
684 1337 836 1406 ὑμῖν,
887 1338 983 1389 καὶ
1015 1336 1076 1389 οὐ
1117 1334 1447 1389 καταδύεται
1493 1333 1596 1386 κᾶν
1628 1334 1708 1395 είς

153 1432 426 1502 λογισμοὺς
470 1429 631 1483 τοῦτο
679 1429 904 1492 λαϐεἶνς
944 1428 994 1480 οἱ
1043 1428 1229 1480 πιστοὶ
1260 1427 1388 1488 τοὺς
1443 1424 1708 1486 ἀπίστους

159 1527 344 1586 ἑαυτοῖς
394 1520 679 1575 καθίσουσι
711 1519 950 1587 κριτάς;
1005 1516 1316 1581 ἐκλέξανται
1348 1515 1402 1570 δὲ
1433 1514 1554 1569 ἀντὶ
1600 1514 1707 1566 τῶν

159 1619 308 1685 ἁγίων
336 1615 461 1677 τοὺς
487 1613 746 1677 ἀδίκους;
781 1610 1030 1682 σφοδρῶς
1060 1610 1116 1662 δὲ
1157 1607 1338 1672 τοῦτο,
1373 1610 1532 1677 φησὶ,
1569 1622 1707 1659 παν-

158 1705 355 1776 ταχόθεν
377 1701 812 1772 ἀσφαλιζόμενος
843 1697 1213 1769 περιστέλλειν
1235 1697 1483 1758 ἑαυτοὺς,
1509 1694 1601 1747 καὶ
1633 1691 1708 1762 μὴ

161 1796 334 1860 διδόναι
361 1796 470 1856 τοῖς
498 1792 750 1854 ἀπίστοις
772 1790 946 1858 λαϐὴν
975 1790 1032 1841 ὲν
1073 1787 1285 1858 μηδενὶ,
1321 1788 1459 1857 μήτε
1489 1784 1707 1848 δικαζο-

165 1889 349 1958 μένους,
380 1887 518 1956 μήτε
550 1883 676 1938 ἄλλο
696 1901 749 1936 τι
777 1882 885 1935 τῶν
907 1881 1027 1951 οὐχὶ⁹
1057 1879 1272 1950 σεμνῶν
1297 1878 1391 1932 καὶ
1418 1875 1711 1948 εἰρηνικῶν
1744 1873 1784 1928 Β

153 1979 651 2050 διαπραττομένους.

216 2168 374 2220 Τοῦτο
401 2166 534 2236 γὰρ,
554 2163 680 2218 οὔτε
709 2165 770 2219 τὺ
791 2165 962 2236 ὄνομα
991 2163 1086 2218 τοῦ
1111 2161 1246 2216 Θεοῦ
1273 2159 1714 2232 βλασφημεῖσθαι

159 2260 214 2314 δι’
235 2260 419 2322 αὐτοὺς
452 2257 887 2330 παρεσκεύαζεν,
915 2258 1205 2320 κάκείνους
1239 2256 1412 2309 ὲποίει
1455 2254 1593 2323 πρὸς
1624 2253 1715 2307 τὸν

155 2352 315 2420 ἔρωτα
333 2350 730 2415 διανίστασθαι,
755 2351 850 2403 καὶ
875 2351 962 2403 τὸν
991 2349 1252 2418 θειασμδν
1274 2349 1370 2416 τῆς
1397 2345 1711 2415 θρησκείας.

159 2465 176 2496 ι
203 2445 485 2514 Κρίνεσθαι
520 2446 613 2497 ἐπὶ
645 2445 755 2496 τῶν
800 2443 1022 2497 ἀδίκων.
1062 2461 1082 2492 ι
1123 2436 1199 2495 Ob
1240 2441 1456 2514 πρῶτον
1489 2442 1518 2492 ὁ
1564 2439 1715 2492 δικα-

153 2539 366 2607 ζόμενος
416 2540 603 2607 τυχεῖν
662 2537 958 2607 βούλεται,
1009 2536 1262 2588 τουτέστι
1311 2533 1417 2586 τῶν
1463 2533 1711 2595 δικαίων,

150 2629 297 2682 τοῦτο
331 2628 602 2683 δείκνυσιν
655 2629 818 2680 αὑτὸν
853 2627 914 2680 οὔ
973 2626 1338 2696 τυγχάνοντα·
1374 2624 1550 2678 ἄδικοι
1583 2623 1708 2691 γὰρ,

149 2725 323 2791 φησὶν,
373 2720 529 2773 εἰσίν.
564 2717 708 2790 Πλὴν
763 2718 1100 2787 σημειωτέον
1134 2719 1217 2770 ὅτι
1273 2716 1404 2787 περὶ
1445 2715 1715 2784 Ἑλλήνων

148 2814 346 2884 είρηται
373 2812 660 2867 δικαστῶν.
692 2831 710 2865 ι
741 2813 848 2866 Καὶ
872 2812 992 2882 οὐχὶ
1011 2813 1104 2864 ἐπὶ
1123 2809 1232 2865 τῶν
1259 2810 1460 2878 ἀγίων;
1487 2828 1504 2860 ι
1529 2809 1716 2880 Τολμᾷ

144 2921 223 2966 τις
250 2906 404 2974 ὑμῶν
433 2907 609 2957 ποιεῖν
661 2902 906 2956 τοιοῦτον
940 2903 1208 2973 πρᾶγμα;
1255 2901 1394 2971 ἔχων
1429 2899 1714 2971 κρίνεσθαι

146 2999 278 3065 μετὰ
314 2997 568 3065 ἀδελφοῦ,
597 2995 657 3049 οὐ
701 2995 948 3066 κρίνεται
980 2994 1074 3046 ἐπὶ
1106 2993 1214 3046 τῶν
1248 2994 1442 3060 ἁγίων,
1475 2993 1591 3044 ἀλλ’
1619 2991 1715 3045 ἐπὶ

141 3091 246 3142 τῶν
294 3090 599 3161 Ἐλ>.ήνων;
657 3087 928 3157 ἐδήλωσεν
966 3085 1065 3156 μὲν
1099 3082 1193 3139 οὖν
1231 3084 1410 3139 αὐτῶν
1463 3085 1524 3137 τδ
1566 3083 1714 3149 ἀξιό-

142 3199 326 3235 πιστον
356 3183 544 3250 ἁγίους
573 3181 831 3242 καλέσας.
868 3180 987 3232 Ἔτι
1016 3177 1073 3230 δὲ
1107 3177 1370 3248 μειζόνως
1398 3177 1594 3240 αὐτοὺς
1624 3177 1712 3240 ὲξ-
1739 3211 1783 3272 C

135 3277 300 3345 αἰρει.
352 3293 372 3327 ι
411 3276 514 3327 Τὸν
552 3275 754 3343 κόσμον
803 3271 936 3342 γὰρ,
985 3270 1156 3339 φησὶ,
1194 3268 1506 3339 κρινοῦσιν,
1544 3286 1561 3320 ι
1611 3269 1711 3321 οὐκ

138 3368 290 3420 αὐτοὶ
349 3368 656 3437 καθήμενοι
710 3365 804 3418 καὶ
872 3361 1184 3432 κρίνοντες,
1254 3361 1432 3428 ἄπαγε
1495 3360 1553 3430 (ό
1601 3360 1712 3431 γὰρ

139 3459 345 3528 Κύριος
395 3457 626 3528 κρινεῖ),
677 3454 812 3508 ἀλλὰ
865 3451 1288 3524 κατακρίνοντες
1346 3451 1437 3503 τὸν
1483 3451 1710 3520 κόσμον.

141 3549 297 3614 Πῶςς
330 3551 498 3603 Ὅταν
526 3549 679 3602 αὐτοὶ
701 3545 982 3617 ἄνθρωποι
1008 3543 1162 3606 ὄντες
1191 3541 1546 3613 ὁμοιοπαθεῖς
1577 3544 1712 3612 ἡμῖν

141 3643 232 3693 καὶ
261 3642 607 3704 ἐπίστευσαν,
635 3640 728 3692 καὶ
758 3639 1002 3710 χρηστὴν
1039 3635 1386 3700 ἐπεδείξαντο
1411 3634 1712 3688 πολιτείαν.

140 3731 264 3785 Τῶν
296 3734 370 3803 μὴ
415 3733 672 3786 τοιούτων
717 3732 1030 3800 γενομένων
1058 3725 1169 3798 ἆρα
1208 3729 1310 3782 οὐκ
1336 3728 1550 3780 ἔσονται
1581 3745 1714 3780 κατ-

141 3825 365 3896 ήγοροι;
405 3824 740 3893 διελέγχουσι
777 3822 888 3893 γάρ
935 3822 1105 3893 ἡμᾶς,
1144 3820 1226 3873 ὅτι
1279 3819 1341 3873 οὐ
1383 3819 1523 3872 κατά
1554 3818 1716 3872 ἀσθέ-

139 3933 284 3969 νειαν
324 3917 560 3985 φύσεως,
608 3915 744 3968 ἀλλά
792 3914 933 3968 κατά
982 3912 1257 3984 ῥᾳθυμίαν
1292 3913 1713 3983 ἡμαρτὴσαμεν.

140 4008 318 4081 Ὅπερ
371 4012 652 4080 ἐμφαίνων
683 4007 901 4076 ὲπόιγει⁹
943 4025 962 4057 ι
988 4007 1098 4059 Καὶ
1132 4006 1180 4058 εἰ
1214 4006 1272 4057 ὲν
1307 4007 1436 4074 ὑμῖν
1470 4005 1718 4075 κρίνεται

137 4103 165 4155 δ
194 4104 419 4171 κόσμος.
447 4121 466 4154 ι
496 4103 610 4156 Ούκ
639 4097 814 4165 εἶπεν,
847 4099 969 4169 Ὑφ’
1001 4097 1176 4168 ὑμῶν,
1199 4096 1338 4163 ἀλλ’,
1372 4115 1390 4148 ι
1415 4097 1503 4150 Ἐν
1528 4097 1710 4167 ὑμῖν,ι

138 4199 402 4261 τουτέστι,
420 4197 496 4249 Δι’
523 4194 698 4265 ὑμῶν.
730 4213 747 4246 ι
763 4196 883 4246 Ὅτι
899 4194 948 4245 οἱ
968 4192 1129 4260 ἆγιοι.
1145 4209 1163 4240 ι
1181 4189 1273 4256 Ἐξ
1290 4190 1469 4242 αὐτῶν
1491 4190 1715 4260 γυμνῶν

140 4291 245 4345 τῶν
285 4292 568 4361 ὀνομάτων
620 4292 855 4343 ποιεῖται
898 4291 996 4358 τῆς
1034 4285 1272 4355 κρίσεως
1317 4284 1380 4338 τὸ
1433 4283 1713 4354 διάφορον,

140 4383 261 4446 τοὺς
287 4384 384 4452 μὲν
415 4384 656 4447 ἀδίκους,
691 4381 820 4444 τοὺς
859 4380 916 4433 δὲ
965 4379 1155 4447 ἁγίους
1186 4377 1391 4430 καλῶν.
1437 4397 1456 4430 ι
1481 4379 1719 4443 ’Δνάξιοί

143 4473 261 4526 ἕστε
301 4473 604 4546 κριτηρίων
629 4473 951 4542 ἐλαχίστων.
1000 4490 1018 4522 ι
1058 4469 1323 4540 Δίσχύνη,
1357 4459 1542 4540 φήσιν,
1590 4471 1718 4540 ὑμῖν

1815 619 1950 663 ntus.
1979 604 2168 657 nedum
2199 605 2469 657 mundana
2497 603 2523 654 Ρ

1887 695 2022 749 Vide
2057 697 2203 764 quod
2255 695 2323 750 de
2357 696 2524 750 rebus
2573 710 2695 764 qua:
2733 692 2848 762 iam
2887 693 2940 747 in
2978 691 3231 747 confesso
3272 701 3402 745 sunt

1814 782 1978 837 faciat
2009 785 2440 861 accusationem,
2491 785 2787 853 statimque
2814 784 2882 837 ab
2919 784 3079 838 initio
3119 785 3256 838 iram
3307 787 3404 839 de-

1817 884 2115 940 monstret,
2144 884 2200 930 et
2228 892 2344 930 rem
2378 876 2550 946 ipsam
2580 885 2739 930 vocat
2762 891 2954 931 ausum
2973 892 3038 932 ac
3063 877 3196 946 legis
3227 887 3403 932 trans'

1813 967 2174 1037 gressionem.
2233 999 2304 1007 —
2335 968 2450 1033 liis,
2475 968 2678 1037 inquit,
2710 969 2786 1023 ita
2817 969 3034 1025 decenti
3063 970 3227 1024 modo
3253 985 3408 1024 com-

1814 1059 2030 1129 positis,
2072 1068 2134 1113 ut
2172 1059 2424 1114 habeatis
2454 1068 2782 1128 potestatem
2823 1060 3103 1131 iudicandi
3133 1062 3348 1131 aliquos
3369 1077 3401 1116 e

1813 1150 2085 1205 fratribus
2115 1150 2208 1219 qui
2241 1150 2386 1204 inter
2420 1165 2518 1204 vos
2545 1160 2696 1215 sunt,
2725 1166 2833 1204 non
2879 1153 3278 1221 permittamini
3305 1170 3403 1209 au-

1819 1250 1922 1295 tem
1953 1243 2097 1298 idem
2131 1242 2310 1297 facere
2335 1257 2461 1312 erga
2487 1257 2583 1297 eos
2613 1243 2708 1311 qui
2747 1242 2884 1296 foris
2923 1255 3072 1306 sunt,
3103 1249 3268 1301 audet
3298 1247 3403 1302 ali-

1814 1336 1940 1404 quis
1969 1343 2260 1391 extraneos
2291 1351 2489 1390 vocare
2535 1350 2600 1390 ac
2629 1335 2749 1390 illos
2771 1337 2926 1391 vobis
2953 1337 3086 1406 ipsis
3123 1338 3401 1408 pmﬁcere

1812 1428 2036 1499 iudices
2057 1437 2114 1484 et
2147 1444 2257 1482 non
2289 1428 2650 1483 confunditur
2681 1429 2735 1482 id
2774 1429 2861 1483 vel
2896 1431 3080 1485 animo
3108 1433 3401 1500 concipere

1817 1530 1879 1574 ut
1904 1519 2093 1575 fideles
2124 1521 2228 1575 sibi
2262 1520 2395 1590 ipsis
2428 1522 2645 1592 iudices
2674 1522 3013 1576 constituant
3036 1523 3322 1580 inﬁdeles?
3345 1533 3404 1580 et

1816 1627 1914 1680 pro
1943 1612 2149 1666 sanctis
2192 1613 2424 1682 iniustos
2458 1614 3014 1686 constituant?ﬁ.63
3057 1615 3171 1670 Hoc
3215 1626 3399 1672 autem

1818 1703 2182 1760 vehementer
2208 1706 2575 1775 undequaque
2597 1707 2904 1760 communit
2934 1716 2993 1760 ut
3026 1708 3105 1761 sei
3111 1723 3239 1776 psos
3259 1723 3405 1763 com-

1817 1798 2092 1866 primam;
2122 1812 2225 1852 nec
2247 1783 2561 1852 incredulis
2585 1799 2640 1852 in
2673 1799 2866 1868 quavis
2890 1815 2950 1852 re
2995 1799 3124 1854 dent
3157 1801 3406 1855 occasio-

1813 1887 1962 1949 nem,
1988 1903 2168 1956 neque
2197 1887 2328 1941 dum
2346 1888 2689 1956 iudicantur,
2709 1905 2886 1958 neque
2909 1890 3039 1945 dum
3070 1892 3220 1945 aliud
3237 1893 3402 1961 quip—

1815 1979 1961 2049 piam
1988 1994 2179 2032 eorum
2210 1994 2330 2048 quae
2355 1995 2465 2034 non
2489 1981 2622 2035 satis
2650 1981 2883 2036 honesta
2909 1992 3038 2038 sunt
3059 1991 3153 2036 aut
3173 1985 3402 2053 paciﬁca

1814 2086 1879 2139 pe
1889 2081 2151 2140 rpetraut.

1883 2163 2020 2217 Nam
2043 2164 2148 2219 hoc
2174 2165 2339 2221 modo
2364 2165 2637 2222 efficiebat
2673 2176 2732 2222 ut
2756 2177 2984 2238 propter
3010 2171 3159 2239 ipsos
3196 2187 3399 2228 nomen

1814 2254 1910 2308 Dei
1937 2256 2204 2312 conviciis
2237 2274 2345 2312 non
2376 2259 2751 2314 incesseretur
2778 2277 2792 2313 :
2824 2269 2879 2314 et
2908 2262 3106 2330 agebat
3135 2270 3194 2316 ut
3230 2264 3308 2317 illi
3331 2264 3400 2318 ad

1815 2345 2098 2415 religionis
2125 2363 2369 2404 amorem
2395 2356 2450 2402 et
2484 2348 2728 2403 alllatum
2775 2351 3160 2406 incitarentur.
3199 2373 3216 2403 ι
3248 2354 3404 2409 Judi-

1815 2445 1925 2498 cari
1970 2447 2073 2499 sub
2119 2445 2355 2515 iniustis.
2399 2466 2416 2496 ι
2469 2446 2622 2512 Quod
2655 2448 2888 2515 primum
2916 2449 3131 2518 assequi
3178 2451 3330 2517 cupit
3357 2451 3405 2505 is

1814 2536 1908 2605 qui
1939 2537 2240 2606 iudicatur,
2281 2552 2480 2606 nempe
2525 2537 2745 2606 iudices
2787 2539 2984 2607 iustos,
3033 2539 3138 2594 hoc
3164 2540 3406 2596 ostendit

1817 2628 1973 2682 illum
2004 2643 2112 2682 non
2141 2629 2359 2698 assequi
2410 2646 2422 2682 :
2456 2645 2582 2683 nam
2619 2631 2809 2700 iniusti
2841 2640 2989 2696 sunt,
3028 2633 3224 2702 inquit.
3251 2635 3404 2687 Atta-

1815 2735 1940 2773 men
1971 2720 2367 2776 advertendum
2415 2733 2500 2776 est
2530 2722 2678 2790 quod
2724 2723 2791 2777 de
2836 2722 3041 2778 Graacis
3082 2725 3288 2778 dictum
3320 2731 3406 2779 est

1808 2813 2107 2882 iudicibus.
2149 2832 2166 2862 ι
2205 2813 2270 2867 Ει
2320 2829 2429 2868 non
2477 2814 2650 2884 magis
2699 2815 2800 2869 sub
2832 2815 3087 2869 sanctis?
3121 2834 3140 2867 ι
3199 2817 3403 2884 Audet,

1815 2906 2016 2974 inquit,
2055 2905 2326 2975 quispiam
2380 2905 2696 2975 huiusmodi
2737 2922 2852 2960 rem
2885 2908 3138 2976 operati,
3174 2916 3235 2961 ut
3277 2923 3401 2962 cum

1814 2998 2016 3052 habeat
2041 2998 2277 3068 iudicari
2309 3013 2434 3052 cum
2464 2997 2654 3060 fratre,
2689 3013 2797 3051 non
2820 2999 3106 3067 iudicetur
3128 3000 3230 3052 sub
3269 3015 3400 3053 san-

1815 3090 1940 3154 etis,
1970 3089 2065 3143 sed
2097 3089 2199 3143 sub
2221 3089 2466 3144 Grazcis?
2505 3089 2847 3160 Signiﬁcavit
2869 3091 3053 3161 itaque
3087 3091 3140 3144 id
3170 3092 3315 3163 quod
3341 3092 3400 3146 in

1816 3180 1898 3235 eis
1943 3181 2049 3236 lide
2089 3182 2314 3252 dignum
2343 3190 2484 3243 erat.
2515 3198 2640 3236 cum
2671 3193 2892 3238 sanctos
2925 3185 3139 3237 vocavit
3173 3203 3186 3239 :
3218 3184 3400 3240 adhuc

1815 3283 2002 3328 autem
2051 3275 2224 3343 magis
2259 3290 2355 3328 eos
2382 3275 2602 3328 extollit
2639 3275 2832 3330 dicens
2863 3293 2876 3328 :
2912 3293 2930 3326 ι
2968 3275 3228 3330 Mundum
3253 3277 3402 3347 judi-

1815 3365 2038 3427 cabunt,
2079 3383 2097 3415 ι
2121 3381 2230 3420 non
2264 3365 2366 3436 ipsi
2391 3364 2610 3434 quidem
2641 3365 2896 3421 sedentes
2923 3375 3017 3420 aut
3067 3365 3399 3436 iudicantes,

1815 3453 1994 3511 absit:
2023 3457 2290 3512 Dominus
2324 3457 2470 3510 enim
2492 3467 2578 3511 est
2603 3458 2696 3526 qui
2722 3458 2934 3527 iudicat
2961 3475 2978 3512 :
3006 3459 3102 3513 sed
3132 3460 3400 3514 mundum

1817 3550 2272 3605 condemnantes.
2310 3549 2644 3616 Quomodo?
2671 3551 2807 3604 Dum
2851 3551 2952 3620 ipsi
3002 3552 3096 3621 qui
3153 3553 3405 3608 homines

1819 3650 1999 3704 erant,
2029 3649 2086 3696 et
2126 3641 2383 3696 similiter
2410 3650 2470 3694 ut
2498 3655 2600 3695 nos
2643 3641 3032 3697 aliectionibus
3077 3642 3324 3708 obnoxii,
3350 3653 3406 3698 ct

1819 3733 2201 3800 crediderunt,
2241 3743 2296 3788 et
2333 3733 2562 3804 probam
2604 3735 2981 3804 pmstiterunt
3023 3736 3404 3790 conversatio-

1818 3842 1948 3882 nem
1997 3844 2010 3880 :
2057 3842 2243 3881 annon
2296 3836 2652 3882 accusatores
2695 3827 2870 3880 nostri
2919 3837 3084 3881 erunt
3135 3830 3229 3897 qui
3269 3829 3405 3883 tales

1819 3917 2005 3972 ell‘ecti
2035 3933 2144 3970 non
2175 3916 2409 3970 sumus?
2438 3914 2789 3970 Conviucunt
2811 3918 2958 3970 enim
2990 3932 3091 3972 nos
3119 3918 3266 3987 quod
3292 3934 3403 3973 non

1820 4019 2032 4064 natura
2075 4008 2478 4074 imbecillitate,
2537 4007 2630 4062 sed
2660 4009 2912 4063 socordia
2968 4012 3402 4078 peccaverimus.

1821 4099 1976 4167 Quod
2013 4101 2312 4155 ostendens
2346 4100 2671 4171 subiungit:
2703 4119 2720 4151 ι
2761 4100 2829 4154 Et
2863 4101 2908 4155 si
2929 4118 3028 4171 per
3067 4118 3161 4158 vos
3182 4103 3402 4173 iudica-

1825 4201 1915 4247 tur
1961 4192 2224 4247 mundus.
2260 4210 2278 4242 ι
2312 4192 2432 4246 Non
2471 4192 2626 4256 dicit,
2660 4207 2691 4246 a
2721 4191 2898 4257 vobis,
2924 4192 3019 4247 sed
3055 4211 3074 4245 ι
3109 4194 3214 4248 Per
3245 4209 3395 4250 vos.»

1823 4284 1959 4339 Nam
1996 4285 2052 4338 ὲν
2075 4285 2202 4354 ὑμῖν
2224 4285 2440 4354 capitur
2468 4299 2568 4354 pro
2591 4284 2658 4336 δι’
2689 4285 2864 4355 ὑμῶν.
2914 4303 2932 4336 ι
2959 4285 3113 4352 Quod
3148 4287 3342 4341 sancti.
3377 4306 3396 4339 ι

1822 4379 1902 4432 Ex
1931 4379 2067 4448 ipsis
2096 4379 2259 4432 nudis
2283 4377 2605 4431 nominibus
2626 4377 2818 4447 iudicii
2844 4376 2975 4431 facit
3003 4377 3400 4442 diversitatem,

1827 4472 1952 4526 illos
1994 4473 2218 4542 quidem
2257 4487 2462 4525 vocans
2500 4470 2756 4542 iniustos,
2791 4471 2891 4524 hos
2939 4479 3122 4523 autem
3157 4479 3397 4524 sanctos.

143 4564 256 4616 tm
281 4569 392 4629 τοῖς
434 4567 642 4635 κρίνειν
669 4566 762 4618 τὸν
793 4565 996 4634 κόσμον
1029 4563 1303 4633 μέλλουσι,
1333 4563 1394 4615 τὸ
1437 4565 1713 4634 κρίνεσθαι

1831 4580 1851 4614 ι
1889 4561 2102 4635 lndigni
2149 4563 2283 4617 estis
2324 4561 2568 4615 minimis
2610 4560 2854 4631 iudiciis.
2891 4578 2907 4610 ι
2947 4559 3170 4624 Pudori,
3200 4559 3399 4628 inquit,

146 4655 200 4707 ὲν
217 4661 330 4720 τοῖς
361 4659 604 4723 εὐτελέσι
639 4658 734 4712 καὶ
758 4657 964 4719 ἀδίκοις
987 4657 1294 4727 κριτηρίοις
1319 4655 1428 4709 τῶν
1449 4656 1712 4712 ἀπίστων.

151 4765 167 4798 ι
201 4749 324 4805 ὀτι
375 4751 642 4820 ἀγγέλους
683 4749 1000 4822 κρινοῦμεν.
1051 4768 1071 4801 ι
1106 4748 1399 4816 Ἀγγέλους
1441 4749 1568 4809 τοὺς
1597 4749 1716 4801 δαί-

148 4844 310 4911 μονάς
357 4863 512 4915 φησι,
561 4843 744 4906 καθὼς
776 4844 870 4895 καὶ
906 4843 934 4894 ὁ
966 4840 1200 4910 Χριστὸς
1227 4839 1399 4908 ἔλεγεο
1436 4859 1454 4892 ι
1483 4839 1574 4909 Τῷ
1599 4840 1718 4893 δια·

147 4934 279 5006 δόλῳ
307 4939 402 4991 καὶ
429 4940 543 4999 τοῖς
563 4935 816 5004 ἀγγέλοις
839 4932 1029 4986 αὑτοῦ.
1070 4951 1089 4984 ι
1127 4932 1251 4995 Πῶς
1287 4932 1344 4986 δὲ
1379 4933 1572 4995 αὐτοὺς
1597 4949 1716 5002 κρι-

147 5026 374 5095 νοῦμενς
409 5029 580 5081 Ὅταν
610 5026 914 5097 ἀσώματοι,
949 5023 1170 5076 ἔλαττον
1201 5024 1358 5093 ἡμῶν
1381 5024 1490 5078 τῶν
1517 5040 1722 5095 σαρκο-

149 5118 447 5186 φορούντων
485 5119 701 5188 ἔχοντες
748 5115 1038 5186 εὑρεθῶσι,
1076 5113 1239 5167 πλέον
1278 5115 1719 5185 κατακρίνονται.

152 5211 308 5267 Ὅταν
361 5213 418 5266 δὲ
475 5212 744 5280 ἀγγέλους
791 5209 1110 5280 κρινοῦμεν,
1170 5209 1322 5279 πόσῳ
1380 5225 1444 5276 γε
1491 5209 1724 5280 βιωτικὰ

150 5309 475 5377 πράγματα;
508 5332 568 5347 -σ
614 5305 873 5368 Ἄλλως.
921 5300 1123 5372 [ΦΩΤ.]
1174 5301 1236 5354 Εἰ
1281 5301 1548 5369 ἀγγέλους
1594 5304 1721 5366 τοὺς

145 5398 568 5461 ἐκπεπτωκότας
619 5396 726 5467 τῆς,
775 5394 984 5456 οἰκείας
1015 5392 1245 5458 τάξεως,
1294 5391 1522 5463 γνώμης
1583 5393 1722 5457 ιδίας

145 5492 438 5566 μοχθηρίᾳ,
473 5494 554 5554 εις
596 5489 820 5550 τούτους
860 5484 1179 5557 κρινοῦμεν,
1228 5485 1348 5555 ἢτοι
1405 5485 1719 5557 ἐλέγξομεν,

140 5588 293 5643 αὐτοὶ
361 5584 504 5655 μετά
573 5582 825 5649 σώματος
880 5580 1067 5642 ὄντες,
1125 5579 1210 5631 ὃτι
1279 5579 1478 5630 ἐκεῖνοι
1553 5579 1722 5650 χωρὶς

145 5673 394 5749 σώματος
463 5675 638 5740 ὄντες,
692 5673 784 5726 τὸν
845 5673 1043 5726 οἰκεῖον
1102 5668 1304 5740 Θεσμὺν
1355 5671 1455 5724 οὐκ
1518 5672 1720 5743 ἐτήρηο

202 5865 276 5899 ⁸¹’
302 5859 502 5918 Matth.
536 5862 776 5934 uva“.

1825 4655 1986 4711 vobis
2007 4665 2112 4719 est,
2144 4663 2223 4720 ut,
2251 4654 2345 4723 qui
2378 4653 2644 4708 mundum
2691 4651 2992 4722 iudicaturi
3023 4651 3177 4714 estis,
3221 4651 3273 4704 in
3313 4651 3405 4703 ab-

1823 4749 1986 4822 iectis
2022 4764 2082 4802 ac
2111 4749 2331 4818 iniustis
2362 4747 2772 4801 incredulorum
2803 4746 3025 4815 iudiciis
3054 4743 3399 4814 iudicemini.
3487 4811 3490 4814 _

1833 4861 1851 4894 ι
1892 4841 2048 4906 Quod
2073 4839 2295 4910 angelos
2322 4837 2729 4907 iudicabimus?
2766 4856 2782 4888 i
2838 4837 3074 4904 Angelos
3107 4843 3264 4888 vocat
3295 4833 3405 4888 da:-

1824 4948 2036 4997 mones,
2067 4930 2531 5002 quemadmodum
2574 4939 2628 4983 et
2655 4928 2910 4983 Christus
2941 4928 3186 4981 dicebat:
3224 4945 3241 4976 ι
3279 4926 3406 4980 Dia-

1819 5028 1946 5082 bolo
1961 5037 2017 5082 et
2042 5024 2250 5094 angelis
2275 5024 2396 5089 ejus
2413 5022 2502 5074 3".
2541 5020 2857 5087 iQuomodo
2887 5029 3068 5073 autem
3090 5020 3235 5088 ipsos
3258 5018 3408 5089 iudi-

1821 5116 2112 5175 cabimus?
2149 5115 2286 5169 Cum
2320 5113 2421 5182 ipsi
2446 5113 2539 5182 qui
2580 5121 2710 5165 sunt
2744 5110 3076 5180 incorporei,
3117 5110 3410 5164 inferiores

1824 5210 1987 5264 nobis
2032 5205 2239 5260 inventi
2291 5203 2497 5257 fuerint
2540 5203 2636 5272 qui
2673 5216 2894 5256 carnem
2943 5201 3404 5263 circumferimus,

1825 5300 2063 5371 amplius
2115 5296 2576 5352 condemnamur.
2609 5293 2745 5348 Cum
2783 5301 2962 5347 autem
3000 5291 3222 5360 angelos
3256 5289 3406 5356 judi-

1826 5391 2006 5448 caturi
2029 5391 2222 5454 simus,
2249 5398 2456 5458 quanto
2481 5386 2654 5457 magis
2679 5401 2768 5440 res
2784 5384 3113 5438 mundanas?
3136 5411 3201 5425 -
3227 5381 3406 5437 Aliud.

1827 5486 1881 5540 Si
1913 5483 2138 5554 angelos
2182 5481 2275 5551 qui
2308 5480 2545 5550 propria:
2588 5478 2793 5532 mentis
2821 5476 3088 5546 pravitate
3118 5474 3186 5528 ab
3212 5471 3407 5525 ordine

1827 5591 1927 5631 suo
1955 5573 2304 5638 exciderunt,
2344 5573 2392 5628 si
2429 5567 2531 5627 bos
2556 5569 2932 5644 iudicabimus
2977 5574 3073 5621 aut
3111 5575 3407 5633 arguemus

1823 5669 1922 5740 qui
1957 5683 2187 5738 corpora
2212 5666 2481 5723 habemus
2509 5682 2523 5720 :
2549 5663 2678 5735 quia
2700 5661 2779 5717 illi
2809 5658 3137 5730 corporibus
3157 5661 3412 5712 carentel
