3872 6558
173 386 285 452 709

1111 381 1496 446 COMMENT.
1526 383 1609 444 ΙΝ
1635 381 1870 444 EPIST.
1900 379 1929 440 Ι
1955 379 2054 440 AD
2082 377 2449 440 CORINTH.

3331 378 3441 447 710

249 498 502 554 Βιωτικά
529 495 646 566 μὲν
677 489 792 552 οὖν
824 494 1092 566 κριτήρια
1122 496 1233 550 ἐὰν
1257 495 1456 566 ἔχητε,
1487 513 1630 560 τους
1655 495 1754 559 ἐξ-

1930 493 2021 556 Vl,
2055 493 2170 547 4-6.
2207 492 2483 546 Hundana
2505 491 2668 562 igitur
2696 491 2744 546 si
2777 491 3064 548 habueritis
3083 493 3308 564 judicia,
3349 499 3441 570 qui

176 588 626 658 ουθενημένους
670 589 740 643 ἐν
777 587 872 658 itii
931 588 1260 654 Ἐκκλησία
1319 587 1570 653 τούτους
1619 590 1760 640 καο-

179 684 347 743 ίζετε.
385 681 542 749 Πρὸς
567 680 868 747 ἐντροπὴν
905 678 1070 748 ὑμῶν
1101 678 1275 747 λέγω.
1309 679 1509 744 Οὕτως
1528 680 1638 732 οὐκ
1673 677 1762 731 ἔνι

177 776 249 828 ἐν
273 775 419 842 ὑμῖν
448 772 641 840 σοφὸς
665 771 808 825 οὐδὲ
850 766 938 837 εἷς
960 812 976 837 ,
1015 769 1083 836 ὃς
1110 770 1437 836 δυνήσεται
1464 770 1761 838 διακρῖναι

179 864 497 934 ἀναμέσον
547 863 651 916 τοῦ
699 862 967 931 ἀδελφοῦ
1027 863 1251 926 acroi};
1300 863 1461 916 ἀλλὰ
1496 860 1760 930 ἀδελφὸς

174 959 327 1027 μετὰ
350 954 620 1024 ἀδελφοῦ
646 956 931 1022 κρίνεται,
965 954 1062 1007 καὶ
1094 955 1270 1008 τοῦτο
1307 954 1405 1007 ἐπὶ
1427 955 1720 1007 ἀπίστων.

255 1048 420 1120 ιΤΟΐ
460 1046 713 1118 ΑΥΤΟΥ]
737 1049 1025 1100 Τουτέστιν
1049 1047 1142 1100 ὲάν
1168 1047 1348 1099 αὐτῶν
1370 1047 1558 1116 χρείαν
1577 1046 1758 1116 ἔχητε,

178 1143 277 1194 ὲάν
320 1143 538 1210 ἀνάγκη
570 1136 710 1193 εἶναι
746 1141 885 1193 αὖτά
920 1141 978 1192 ἐν
1027 1140 1178 1208 ὑμῖν,
1215 1139 1311 1192 ὲάν
1353 1139 1449 1210 δέῃ
1496 1139 1760 1207 συστῆναι

180 1235 344 1289 αὑτά.
378 1235 489 1286 Καὶ
515 1236 547 1301 ἡ
605 1234 702 1303 μὲν
753 1233 1042 1304 πρόχειρος
1068 1233 1249 1286 ἔννοιά
1293 1249 1352 1284 τε
1382 1234 1476 1284 καὶ
1508 1231 1763 1296 σύνταξις

179 1326 350 1394 αὕτη,
391 1327 473 1379 ἔνι
508 1327 564 1379 δὲ
620 1327 715 1379 καὶ
768 1326 1064 1396 βαθύτερον
1093 1328 1191 1396 τήν
1235 1343 1292 1378 τε
1341 1326 1482 1388 λέξιν
1519 1325 1762 1379 διελόντα

180 1419 444 1482 συνιδεῖν,
473 1419 567 1471 καὶ
599 1418 661 1470 τὸ
691 1419 872 1487 νόημα
904 1418 1229 1482 ἀναπτύξαι.
1265 1438 1282 1470 ι
1309 1419 1451 1482 Τοὺς
1480 1417 1764 1487 ἐξουθενη-

183 1510 382 1579 μένους
415 1510 474 1560 ὲν
503 1510 567 1576 τῇ
609 1509 924 1579 Ἐκκλησία.
957 1527 974 1558 ι
1007 1509 1104 1562 Ἐκ
1131 1510 1450 1580 περιουσίας
1478 1511 1628 1581 ἡμᾶς
1653 1510 1761 1564 τῶν

180 1601 388 1667 ἔξωθεν
420 1601 786 1671 δικαστηρίων
810 1603 1121 1668 ἀποστῆσαι
1147 1603 1420 1672 βούλεται,
1449 1603 1543 1656 καί
1573 1619 1758 1673 φησιν,

185 1693 349 1762 Ἐχει
395 1709 480 1754 τις
515 1692 732 1755 πάντως
781 1695 955 1746 εἰπεῖν
1003 1695 1086 1747 ὅτι
1119 1697 1218 1747 οὐκ
1255 1695 1333 1748 ἔνι
1369 1695 1535 1762 σορός
1571 1713 1653 1758 τις
1703 1696 1762 1748 ὲν

178 1789 252 1856 τῇ
299 1785 597 1856 Ἐκκλησία
635 1786 664 1837 ὁ
711 1785 988 1857 διακρῖναι
1033 1786 1360 1856 δυνάμενος;
1404 1789 1454 1840 εί
1507 1787 1615 1857 γὰρ
1663 1787 1760 1841 καὶ

1862 583 2149 651 contempti
2181 593 2304 636 sunt
2327 584 2381 636 in
2406 581 2644 637 Ecclesia
2665 599 2750 637 eos
2770 585 3094 638 constituite.
3125 586 3208 641 Ad
3227 589 3439 643 erubes-

1863 676 2093 730 centiam
2111 683 2340 728 vestram
2365 675 2494 729 dico.
2523 675 2668 729 Adeo
2695 692 2799 728 non
2835 684 2910 729 est
2931 677 3074 729 inter
3100 694 3187 732 ros
3211 695 3274 732 ne
3304 696 3441 734 unus

1861 767 2075 837 quidem
2101 769 2312 837 sapiens
2363 768 2452 838 qui
2510 770 2671 838 possit
2723 769 3018 838 dijudicare
3058 771 3198 824 inter
3249 775 3441 839 fratres

1861 873 1984 910 suos
2010 857 2036 909 7
2067 857 2160 911 sed
2188 858 2358 926 frater
2391 875 2511 911 cum
2534 859 2920 928 fratrejudtcio
2958 862 3244 924 contendit,
3289 864 3441 931 idque

1860 947 1956 1002 sub
1991 947 2311 1016 infidelibus.

1946 1040 2061 1095 Hoc
2095 1041 2141 1095 si
2172 1040 2416 1109 ipsorum
2454 1042 2841 1098 necessitatem
2889 1043 3218 1102 habueritis.
3247 1045 3290 1098 si
3340 1062 3436 1100 ne-

1861 1143 2014 1184 cesse
2058 1131 2131 1185 sit
2175 1140 2234 1185 ut
2275 1146 2340 1184 ea
2385 1132 2494 1185 sint
2531 1133 2676 1186 inter
2725 1150 2846 1198 vos,
2888 1135 2932 1188 si
2981 1151 3120 1204 opus
3169 1136 3333 1188 fuerit
3375 1153 3438 1190 ea

1861 1220 2221 1274 constituere.
2257 1219 2321 1272 Et
2345 1220 2463 1274 haec
2494 1219 2716 1288 quidem
2743 1221 3106 1290 intelligentia
3135 1237 3197 1275 ac
3221 1226 3435 1275 ordina-

1863 1310 1942 1363 tio
1968 1309 2143 1364 facilis
2171 1319 2276 1365 εει.
2307 1311 2498 1364 Potest
2533 1319 2716 1365 autem
2751 1318 2805 1364 et
2833 1311 3159 1377 profuimus
3207 1312 3435 1364 distinc-

1864 1401 1936 1456 tis
1975 1402 2314 1458 dictionibus
2377 1403 2610 1473 intelligi
2669 1419 2977 1472 sensusque
3022 1406 3244 1473 aperiri.
3281 1423 3298 1456 ι
3338 1408 3436 1469 Qui

1862 1491 2162 1560 contempti
2207 1499 2337 1545 sunt
2373 1492 2428 1545 in
2475 1492 2744 1548 Ecclesia.
2779 1511 2800 1542 ι
2845 1491 2923 1545 Ex
2973 1493 3271 1546 abundanti
3329 1495 3436 1546 ιιι-11

1859 1596 1966 1636 nos
1989 1582 2059 1636 ab
2103 1583 2349 1638 externis
2383 1583 2670 1637 discedere
2694 1583 2942 1650 iudiciis,
2978 1593 3035 1636 et
3091 1584 3199 1636 ait:
3259 1586 3439 1636 I'Olcst

1860 1672 2137 1742 quispiam
2183 1672 2411 1726 omnino
2453 1672 2641 1726 dicere
2699 1673 2846 1740 quod
2893 1689 3001 1727 non
3051 1673 3123 1726 sit
3169 1673 3438 1741 quispiam

1863 1761 2084 1830 sapiens
2113 1761 2168 1814 in
2198 1761 2448 1817 Ecclesia
2487 1762 2604 1816 sive
2667 1763 3096 1832 congregatione
3143 1765 3235 1832 qui
3268 1767 3441 1832 possit

181 1852 328 1931 κατὰ
354 1877 444 1930 τὸν
475 1852 630 1946 ύμων
658 1877 816 1945 λόγον
841 1852 942 1930 οὐκ
972 1877 1052 1930 ἔνι
1081 1852 1262 1946 σοιρδς,
1297 1881 1422 1940 τοὺς
1451 1852 1755 1944 ἐξουθενουο

1865 1852 2211 1921 diiudicare?
2241 1853 2468 1908 Etiamsi
2517 1854 2671 1922 juxta
2705 1863 2950 1908 vestrum
2989 1871 3298 1909 sermonem
3333 1872 3440 1909 non

183 1971 386 2039 μένους
421 1970 620 2038 μᾶλλον
648 1973 747 2038 τῆς
787 1968 1115 2038 Ἐκκλησίας
1147 1970 1263 2038 ἦτοι
1293 1970 1417 2030 τοὺς
1447 1969 1762 2022 εὐτελεστέ-

180 2076 336 2131 ρους,
376 2061 636 2124 δικαστὰς
665 2060 938 2125 καθίζετε,
973 2062 1142 2130 ἡγουν
1178 2061 1391 2132 κριτὰς,
1423 2061 1605 2129 ἢτοῦς
1631 2062 1760 2115 ἀπί-

182 2171 372 2218 στους.
408 2173 429 2206 ι
458 2156 596 2226 Πρὸς
615 2156 878 2226 ἐντροπὴν
899 2156 1050 2225 ὑμῶν
1081 2155 1244 2224 λέγω.
1276 2174 1295 2208 ι
1337 2155 1481 2226 Πρὸς
1499 2157 1558 2209 τὸ
1579 2157 1762 2231 ἐντρέ-

179 2246 306 2316 sint,
332 2265 405 2316 φη
418 2249 520 2309 etv,
537 2248 700 2316 ὑμᾶς,
724 2249 817 2301 καὶ
835 2248 898 2300 ὲκ
917 2247 1232 2316 περιουσίας
1249 2249 1458 2302 ἀνελεῖν
1481 2249 1634 2318 ὑμῶν
1663 2249 1761 2314 τάς

175 2339 510 2407 προφάσεις,
537 2332 688 2389 εἷπον
713 2339 820 2389 δεῖν
851 2339 977 2400 τοὺς
1007 2337 1462 2406 ἐξουθενημένους
1494 2340 1758 2406 καθίζειν,

178 2432 306 2484 ἐπεὶ
338 2430 448 2499 ἄρα
488 2429 748 2498 τοσαύτη,
792 2429 948 2499 φησι,
993 2431 1190 2493 σπάνις
1229 2430 1407 2500 σοφῶν
1444 2431 1573 2500 παρ’
1610 2433 1756 2502 ὑμῖν,

174 2525 254 2586 ὡς
285 2525 417 2585 τοὺς
457 2523 913 2592 ἐξουθενημένους
947 2523 1361 2593 ἀναγκασθῆναι
1390 2524 1612 2578 καθίσαι
1640 2542 1760 2596 κρι-

172 2617 298 2678 τάς.
338 2633 358 2666 ι
390 2615 694 2684 ’Δναμέσον
730 2614 822 2667 τοῦ
863 2615 1094 2685 ἀδελφοῦ
1129 2617 1312 2669 αὑτοῦ.
1339 2636 1358 2667 ι
1388 2617 1494 2670 Τοῦ
1528 2617 1756 2687 αδελφοῦ

175 2705 514 2777 προσέθηκε.
549 2705 710 2758 τοῦτο
744 2708 1047 2775 σημαίνων,
1083 2709 1184 2769 ὅτι,
1219 2709 1404 2777 φησιν,
1437 2711 1496 2761 ὲν
1533 2703 1576 2777 ᾧ
1622 2710 1757 2782 πρὸς

171 2797 413 2864 ἀδελφόν
439 2798 587 2850 ἐστιν
621 2798 653 2866 ἡ
698 2796 844 2866 δίκη,
884 2798 1008 2851 οὐδὲ
1043 2799 1244 2868 πολλῆς
1276 2803 1432 2868 χρεὲα
1477 2801 1554 2871 τῷ
1600 2817 1758 2870 μεσι-

171 2889 391 2941 τεύοντι
421 2889 698 2951 ποικιλίας
739 2890 832 2942 καὶ
866 2889 1144 2958 εἰδήσεως,
1172 2891 1271 2957 τῆς
1312 2890 1608 2960 ἀδελφικῆς
1640 2892 1758 2945 δια-

172 2977 386 3042 θέσεως
421 2978 592 3031 πολλὰ
632 2980 1096 3050 συμπραττούπης
1150 2981 1287 3048 πρὸς
1319 2981 1418 3049 τὴν
1455 2981 1610 3034 λύσιν
1658 2983 1757 3050 τῆς

174 3071 536 3140 φιλονεικίας.
579 3090 598 3122 ι
626 3072 879 3140 Ἀδελφὸς
913 3073 1054 3140 μετά
1091 3072 1341 3140 ἀδελφοὶ
1375 3090 1394 3124 ι
1429 3074 1661 3128 Διπλοῦν
1693 3076 1756 3129 τδ

173 3165 367 3218 κακόν.
402 3164 466 3216 Et
495 3165 605 3236 γὰρ
649 3167 742 3218 καὶ
779 3165 909 3218 αὐτὸ
939 3166 1000 3217 τὸ
1052 3165 1334 3237 κρίνεσθαι
1364 3167 1594 3235 ἀδελφὸν
1621 3168 1755 3238 πρὸς
1779 3199 1822 3262 C

176 3254 408 3322 ἀδελφὸν
450 3256 643 3319 κακὸν,
695 3257 846 3328 πόσῳ
877 3258 1077 3328 μᾶλλον
1123 3259 1170 3311 εί
1226 3259 1322 3312 καὶ
1377 3259 1471 3314 ἐπὶ
1508 3259 1755 3314 ἀπίστων

183 3346 436 3416 κρίνεσθε
462 3365 477 3412 ;

256 3438 400 3506 ΙἨδη
426 3438 540 3506 μὲν
567 3435 683 3494 οὖν
705 3439 860 3505 ὅλως
885 3439 1117 3510 ἥττημα
1139 3440 1282 3510 ὑμῖν
1299 3444 1487 3504 ἐστιν.
1515 3444 1604 3498 ὅτι
1626 3446 1752 3514 κρί-

191 3548 338 3600 ματα
373 3533 541 3599 ἔχετε
564 3534 695 3602 μεθ’
721 3532 970 3587 ἑαυτῶν.
1005 3536 1170 3588 Διατί
1191 3536 1325 3603 οὐχὶ
1355 3533 1600 3605 μᾶλλον
1626 3539 1754 3593 ἀδι-

198 3622 418 3687 κεῖσθε;
447 3625 608 3676 Διατί
635 3623 773 3692 οὐχι
818 3623 1062 3693 μᾶλλον
1103 3627 1566 3695 ἁποστερεῖσθε;
1593 3631 1756 3686 ἀλλὰ

203 3715 352 3782 ὑμεῖς
379 3716 657 3783 ἀδικεῖτε,
680 3718 777 3771 καὶ
804 3718 1209 3786 ἀποστερεῖτε,
1230 3720 1327 3774 καί
1362 3721 1551 3776 ταῦτα
1581 3723 1758 3779 ἀδελ-

205 3809 356 3873 ρούς.

267 3923 406 3976 Μετά
430 3926 548 3988 τοὺς
581 3924 843 3989 δικαστὰς
883 3925 1140 3996 ἀμεῖψαι,
1173 3925 1362 3980 λοιπὸν
1397 3929 1490 3981 καὶ
1527 3929 1660 3982 αὐτὸ
1694 3929 1754 3985 τὸ

207 4013 324 4076 ὅλως
361 4019 636 4086 κρίνεσθαι
677 4018 984 4084 διαϐάλλεις
1017 4018 1238 4088 ἥττημα
1288 4019 1472 4072 καλῶν
1501 4021 1562 4074 τὸ
1609 4021 1752 4093 πρᾶ-

197 4121 325 4176 γμα,
353 4111 441 4162 καὶ
467 4111 711 4174 δικαίως.
756 4111 1017 4164 Ἦττᾶται
1045 4113 1154 4184 γὰρ
1177 4117 1245 4184 τῇ
1280 4115 1441 4185 ὀργῇ,
1472 4115 1500 4167 ὁ
1523 4113 1754 4178 ἐπεξιὼν

190 4196 271 4265 τῷ
297 4198 593 4270 ἠδικηκότι.
665 4201 865 4271 Ἐντῷ
929 4201 1075 4272 ἔχειν
1113 4204 1214 4267 τὰς
1267 4203 1511 4274 κρίσεις,
1563 4204 1751 4274 φησιν,

191 4289 412 4356 ἡττᾶσθε
447 4292 523 4361 τῷ
561 4290 721 4344 πάθει
765 4293 865 4362 τῆς
902 4293 1075 4362 ὀργῆς
1121 4296 1214 4346 καὶ
1259 4295 1355 4365 τῆς
1391 4295 1750 4363 φιλονεικίας,

193 4379 392 4446 ἔχοντες
445 4386 541 4447 τὰς
581 4385 793 4454 κρίσεις
837 4386 927 4438 ἐπ’
971 4387 1320 4456 ἀμφοτέρων.
1375 4406 1394 4439 ι
1428 4389 1580 4442 Διατί
1631 4390 1754 4461 οὐχὶ

195 4474 383 4540 μᾶλλον
407 4478 714 4542 ἀδικεῖσθε;
752 4497 770 4530 ι
818 4477 1165 4531 Πολλαπλοῦν
1195 4479 1253 4532 τὸ
1283 4479 1550 4552 ἔγκλημα.
1590 4483 1752 4554 Πρῶ-

1861 1943 1935 2001 sit
1964 1945 2208 2012 sapiens,
2233 1960 2330 2000 eos
2352 1945 2538 2014 potius
2565 1945 2660 2014 qui
2683 1944 2983 2014 contempti
3013 1947 3124 1999 sint
3159 1946 3213 1999 in
3251 1947 3439 2000 Eccle-

1860 2035 1964 2098 sia,
1988 2035 2043 2089 id
2067 2044 2173 2100 est,
2200 2036 2528 2106 abiectiores
2555 2037 2878 2091 constituite
2901 2037 3086 2091 litium
3131 2037 3438 2099 dirempto-

1861 2142 1952 2182 res
1987 2128 2103 2182 sive
2130 2127 2349 2197 judices
2378 2144 2545 2197 quam
2577 2129 2847 2182 infideles.
2901 2148 2920 2179 ι
2971 2129 3051 2181 Ad
3105 2129 3437 2182 erubescen-

1861 2219 1998 2274 tiam
2031 2228 2271 2273 vestram
2301 2219 2450 2282 dico,
2491 2237 2510 2270 ι
2545 2227 2606 2272 ut
2631 2219 2988 2282 contundam,
3018 2219 3216 2286 inquit,
3247 2233 3361 2281 vos,
3388 2228 3444 2273 et

1863 2325 1931 2364 ex
1955 2309 2264 2363 abundanti
2291 2309 2476 2362 tollam
2504 2320 2718 2367 vestros
2742 2318 3059 2377 praetextus,
3082 2309 3192 2360 dixi
3220 2317 3442 2376 oporte-

1862 2415 1922 2453 re
1963 2400 2211 2469 abiectos
2258 2402 2622 2454 constituere.
2660 2399 3122 2468 Quandoquidem
3162 2410 3311 2453 tanta
3353 2407 3441 2452 est

1859 2488 2006 2556 apud
2039 2504 2139 2542 vos
2166 2488 2498 2558 sapientium
2525 2489 2746 2552 raritas,
2778 2497 2841 2542 ut
2887 2504 2984 2543 eos
3009 2490 3100 2557 qui
3133 2488 3440 2557 contempti

1859 2587 1988 2633 sunt
2013 2595 2239 2634 necesse
2264 2580 2335 2634 sit
2361 2583 2700 2634 constituere
2727 2580 2963 2650 iudices.
3001 2597 3020 2629 ι
3059 2579 3204 2633 Inter
3236 2580 3436 2634 fratres

1858 2685 2010 2724 suos.
2047 2689 2066 2721 ι
2101 2671 2332 2726 Addidit
2362 2671 2499 2725 inter
2547 2673 2734 2742 fatres,
2777 2671 2883 2726 hoc
2910 2669 3230 2741 significans
3291 2671 3440 2740 quod

1859 2774 1985 2814 cum
2041 2776 2172 2830 erga
2231 2760 2459 2816 fratrem
2531 2762 2603 2816 sit
2646 2777 2832 2826 causa,
2891 2778 3002 2816 non
3055 2763 3163 2818 erit
3230 2762 3442 2816 arbitro

1858 2848 2172 2902 necessaria
2228 2849 2381 2902 varia
2431 2864 2617 2903 rerum
2650 2851 2915 2920 cognitio,
2960 2851 3159 2906 aﬂ'ectu
3199 2851 3444 2906 fraterno

1859 2939 2098 2992 multum
2127 2939 2426 3009 adiuvante
2465 2941 2530 2994 ad
2582 2941 2959 2996 contentionis
2990 2942 3440 3011 diremptionem.

1865 3049 1884 3082 ι
1912 3031 2106 3086 Frater
2129 3047 2254 3086 cum
2281 3031 2514 3086 fratre.»
2545 3032 2754 3101 Duplex
2776 3042 2860 3086 est
2882 3031 3274 3104 malumm.
3303 3033 3440 3087 Nam

1858 3122 1902 3178 si
1931 3121 2098 3178 etiam
2132 3122 2237 3176 hoc
2272 3123 2476 3176 malum
2509 3130 2594 3176 est
2626 3131 2685 3176 ut
2714 3122 2886 3176 frater
2912 3121 3182 3178 adversus
3207 3125 3440 3178 fratrem

1849 3212 2153 3284 iudicetur,
2198 3223 2407 3283 quanto
2447 3213 2621 3284 magis
2659 3213 2706 3268 si
2751 3214 2920 3269 etiam
2970 3214 3076 3270 sub
3120 3214 3443 3274 infidelibus

1850 3308 2040 3379 iudice
2051 3309 2186 3364 mini
2204 3310 2228 3363 ?

1932 3494 2022 3556 Vl,
2051 3494 2107 3559 _7,
2153 3493 2206 3548 8.
2247 3494 2438 3565 Itaque
2475 3493 2567 3549 hoc
2599 3495 2723 3565 jam
2773 3495 2988 3549 omnino
3034 3496 3254 3566 dejectio
3302 3496 3442 3551 vobis

1857 3593 1959 3651 est,
2001 3588 2142 3656 quod
2155 3587 2367 3654 judicia
2400 3589 2541 3642 inter
2575 3604 2664 3642 vos
2682 3586 2940 3642 habeatis.
2967 3587 3075 3643 Cur
3105 3605 3210 3642 non
3265 3591 3440 3660 potius

1856 3680 2123 3749 injurtam
2179 3682 2473 3750 patimini?
2519 3680 2627 3736 Cur
2666 3697 2771 3735 non
2804 3678 2978 3750 potius
3011 3681 3269 3736 damnum
3309 3681 3447 3735 acci-

1855 3771 2160 3840 pitis.’Imo
2190 3788 2279 3828 uos
2334 3772 2592 3842 injuriam
2643 3772 2838 3842 facitis,
2871 3779 2920 3825 et
2971 3772 3167 3826 damno
3216 3773 3443 3842 officim,

1853 3861 2012 3931 idque
2042 3863 2258 3931 fratres.

1926 3953 2220 4022 Postquam
2248 3952 2316 4006 ad
2339 3952 2559 4024 iudices
2586 3953 2778 4007 retulit
2805 3951 2955 4022 quod
2987 3968 3088 4008 eos
3133 3967 3441 4008 concerne-

1856 4043 1987 4111 bat;
2035 4044 2296 4113 deinceps
2333 4058 2445 4112 quo
2480 4043 2656 4112 ipsum
2703 4043 2931 4097 omnino
2960 4043 3196 4114 iudicari
3225 4043 3412 4114 vitupe

1857 4141 1963 4204 rat,
2021 4150 2137 4188 rem
2193 4135 2366 4204 ipsam
2405 4149 2613 4189 vocans
2665 4133 3058 4204 dejectionem,
3105 4144 3165 4190 et
3199 4135 3438 4190 merito.

1864 4239 1966 4295 per
1993 4225 2130 4280 iram
2154 4226 2303 4281 enim
2327 4226 2586 4298 deiicitur
2613 4241 2679 4280 ac
2710 4225 2974 4286 vincitur.
3004 4225 3100 4294 qui
3127 4238 3253 4280 eum
3289 4225 3439 4281 inse-

1855 4313 2046 4383 quitur
2068 4330 2098 4368 a
2127 4329 2237 4385 quo
2265 4315 2502 4371 allectus
2526 4324 2610 4369 est
2633 4315 2855 4384 injuria.
2885 4313 2945 4368 ln
2969 4314 3266 4384 eo,inquit,
3291 4314 3443 4386 quod

1852 4403 2062 4475 iudicia
2087 4403 2324 4469 habetis,
2355 4407 2423 4458 ah
2458 4404 2555 4460 ira:
2586 4386 3070 4472 contentionisque
3091 4404 3293 4460 all'ectu
3322 4405 3444 4460 vin-

1857 4494 2072 4559 cimini,
2096 4495 2211 4550 sive
2241 4496 2344 4550 sub
2385 4495 2473 4552 bis
2509 4496 2623 4550 sive
2649 4495 2752 4550 sub
2781 4496 2892 4550 illis
2914 4495 3126 4566 iudicia
3163 4495 3438 4552 habeatis.

195 4578 278 4614 τον
305 4568 359 4618 τὸ
391 4569 460 4636 μὴ
487 4568 674 4639 φέρειν
692 4569 1065 4639 ἀδικούμενον.
1091 4570 1353 4643 Δεύτερον
1371 4574 1431 4625 τὸ
1458 4574 1618 4626 αὐτὸν
1638 4553 1752 4628 abt-

1865 4602 1882 4637 ι
1920 4583 2032 4640 Cur
2057 4601 2166 4640 non
2219 4589 2404 4657 potius
2466 4587 2725 4657 iniuriam
2769 4553 3044 4657 patimini.
3081 4607 3101 4640 ι
3156 4587 3444 4656 Multiplex

196 4657 330 4704 κεῖν·
364 4661 543 4726 τρίτον
568 4662 652 4724 τὸ,
687 4662 780 4714 καὶ
813 4662 1042 4730 ἀδελφὸν
1076 4663 1383 4716 ἀδικεῖν.-
1410 4663 1752 4741 [ΟΙΚΟΥΜ]

208 4741 287 4803 '0;
333 4750 377 4799 εί
433 4745 610 4814 εἶπεν,
671 4753 847 4805 Καλὸν
905 4754 1026 4823 μὲν,
1068 4754 1127 4806 τὸ
1185 4756 1321 4826 μήτε
1354 4756 1580 4822 ἀδικεῖν,
1616 4760 1753 4830 μήτε

201 4834 503 4928 ἀδικεῖσθαι,
539 4844 599 4893 ὲν
633 4843 842 4912 αἱρέσει
871 4843 949 4909 δὲ,
981 4845 1190 4914 βέλτιον
1221 4847 1282 4898 τὸ
1315 4848 1640 4906 ἀδικεῖσθαι.
1723 4911 1746 4928 χ

1867 4686 1953 4731 est
1985 4677 2270 4734 delictum.
2304 4680 2575 4746 Primum,
2606 4679 2757 4750 quod
2792 4695 2918 4734 eum
2965 4695 3074 4734 non
3113 4679 3302 4735 feratis
3344 4681 3442 4748 qui

1861 4770 2029 4824 infert
2050 4772 2330 4842 iniuriam.
2364 4772 2704 4836 Secundum,
2725 4770 2873 4840 quod
2910 4769 3168 4840 iniuriam
3197 4770 3436 4826 faciatis.

1861 4859 2111 4916 Tertium
2149 4863 2297 4934 quod
2344 4864 2510 4917 etiam
2566 4863 2791 4917 fratrem
2843 4860 3045 4931 injuria
3096 4860 3442 4916 alliciatis.—-

202 4921 334 5024 Αεᾼεί
367 4929 632 4984 dixisset:
667 4931 875 4985 Bonum
914 4935 1138 5003 quidem
1179 4947 1324 4993 esset
1369 4954 1548 5010 neque
1599 4941 1853 5014 iniuriam
1880 4949 2062 5006 facere
2118 4921 2296 5022 neque
2325 4953 2525 5024 injuria
2587 4950 2750 5007 allici.
2813 4951 2873 5006 ln
2922 4951 3192 5008 electione
3255 4961 3442 5010 autem

201 5022 373 5077 melius
400 5034 483 5078 est
515 5026 714 5096 iniuria
761 5027 922 5084 allici.

253 5119 323 5170 ’11
352 5122 462 5172 οὐκ
511 5122 713 5175 οἴδατε
760 5123 849 5176 ὅτι
902 5124 1094 5178 ἄδικοι
1126 5125 1458 5190 ,βασιλείαν
1502 5131 1651 5187 Θεοῦ
1682 5135 1755 5188 οὐ

193 5213 742 5282 τληρονομήσουσι;
789 5215 883 5285 Μὴ
934 5219 1272 5276 πλανᾶσθε.
1336 5224 1484 5277 Οὔτε
1523 5227 1756 5294 πόρνοι,

186 5304 310 5356 οὔτε
330 5303 785 5374 είδωλολάτραι,
821 5309 958 5362 οὔτε
1003 5312 1226 5379 μοιχοί,
1285 5314 1424 5368 οὔτε
1469 5318 1752 5385 μαλακοὶ,

181 5395 312 5448 οὔτε
350 5395 797 5464 ἀρσενοκοῖται,
837 5401 974 5454 οὔτε
1024 5404 1295 5472 κλέπται,
1332 5407 1470 5461 οὔτε
1501 5409 1753 5464 πλεονέ-

173 5503 325 5550 κται,
379 5488 516 5540 οὔτε
550 5490 827 5556 μέθυσοι,
870 5493 941 5546 οὐ
979 5493 1262 5563 λοίδοροι,
1309 5500 1419 5566 οὐχ
1448 5497 1752 5570 ἅρπαγες,

167 5580 502 5640 Βασιλείαν
571 5580 716 5634 Θεοῦ
773 5586 1329 5655 κληρονομήσουσι.
1389 5592 1495 5645 Καί
1566 5594 1754 5647 ταῦτὰ

163 5688 328 5738 τινες
353 5667 483 5739 ἦτε.
517 5671 703 5726 Ἀλλὰ
726 5673 1174 5742 ἀπελούσασθε,
1198 5679 1360 5735 ἀλ.ιά
1401 5683 1748 5751 ἡγιάσθητε,

159 5766 302 5826 1.1.1‘
371 5763 756 5831 ἐδικαιώθητε
811 5765 880 5819 ἐν
940 5766 1019 5832 τῷ
1073 5771 1316 5839 ὀνόματι
1371 5775 1480 5828 τοῦ
1527 5779 1749 5845 Κυρίου

158 5854 392 5928 Ἰησοῦ
417 5893 433 5922 ,
485 5854 582 5910 καί
620 5855 690 5910 ὲν
730 5854 810 5922 τῷ
843 5859 1156 5930 ,Ηνεύματι
1202 5863 1310 5919 τοῦ
1353 5864 1502 5920 Θεοῦ
1557 5865 1742 5937 ἡμῶν.

1928 5138 2016 5196 Vl.
2053 5140 2208 5194 9-H.
2244 5140 2325 5194 An
2383 5139 2589 5192 nescitis
2637 5137 2776 5209 quod
2816 5138 3077 5208 injuriam
3151 5138 3438 5208 inferentes

1860 5232 2010 5300 regni
2060 5231 2156 5284 Dei
2186 5225 2548 5286 [nereditatem
2599 5246 2704 5284 non
2770 5231 3028 5298 accipient
3056 5229 3084 5284 1
3113 5229 3194 5284 Ne
3230 5232 3438 5284 erretis.

1860 5321 2042 5393 Neque
2070 5332 2407 5386 scortatores.
2443 5339 2609 5393 neque
2633 5321 2956 5386 idololatria,
2991 5339 3158 5394 neque
3188 5321 3441 5384 adulteri,

1862 5429 2028 5483 neque
2063 5414 2264 5474 molles,
2295 5429 2460 5483 neque
2499 5415 2589 5484 qui
2623 5413 2973 5468 concumbunt
3013 5429 3131 5466 cum
3169 5410 3440 5476 masculis,

1860 5522 2027 5574 neque
2054 5506 2217 5574 fures,
2246 5522 2409 5574 neque
2438 5507 2611 5572 avari,
2643 5522 2811 5577 neque
2863 5505 3071 5566 ebriosi,
3116 5519 3282 5572 neque
3313 5518 3442 5555 con-

1854 5598 2149 5660 vitiatorcs,
2168 5613 2334 5668 neque
2359 5613 2599 5668 rapaces,
2636 5598 2784 5668 regni
2804 5595 2900 5648 Dei
2921 5595 3282 5650 hatreditatem
3303 5593 3442 5646 acci-

1857 5686 2022 5754 pient.
2049 5686 2216 5755 Atque
2235 5687 2344 5740 lucc
2375 5689 2537 5741 eratis
2565 5687 2804 5756 quidam,
2841 5684 2934 5737 sed
2967 5682 3134 5737 abluti
3171 5683 3321 5744 estis,
3346 5681 3440 5734 sed

1855 5778 2180 5844 sanctificati
2232 5781 2377 5842 estis,
2439 5779 2532 5832 sed
2583 5775 2868 5846 justiﬁcati
2907 5775 3030 5828 estis
3101 5789 3195 5850 per
3249 5787 3442 5828 nomen

1855 5869 2070 5927 Domini
2097 5870 2220 5928 Iesu
2261 5879 2310 5926 et
2329 5886 2423 5941 per
2449 5868 2706 5939 Spiritum
2738 5866 2835 5920 Dei
2864 5867 3048 5920 nostri.
