3872 6562
542 363 646 427 711

1587 359 2000 422 '(ECUMENII
2025 356 2320 418 TlllCC/E
2346 357 2689 419 EPISCOPI
3626 369 3701 435 712

613 474 936 530 Sermonem
997 473 1163 527 minis
1225 472 1424 530 clausit
1485 474 1540 528 in
1597 488 1664 528 eo
1721 472 1871 542 quod
1926 470 2111 526 dixit:

2290 470 2384 533 Εἰς
2420 469 2654 539 ἀπειλὴν
2701 467 3018 522 συνέκλεισε
3053 466 3142 520 τόν
3174 467 3345 537 λόγον,
3384 471 3437 523 iv
3463 474 3531 544 τῷ
3558 479 3702 534 εἰπεῖν.

550 586 568 617 ι
607 566 868 635 lnjuriam
918 563 1218 618 inferentes
1261 563 1417 634 regni
1449 563 1545 619 Dei
1587 562 1969 618 haereditatem
2005 575 2115 614 non

539 659 990 727 accipient.i——¢
1028 656 1107 711 Ne
1138 656 1394 710 erretis.»
1429 657 1615 710 lnnuit
1643 656 1734 710 hic
1756 655 1928 710 fuisse
1953 669 2121 723 quos-

543 749 667 804 dam
697 749 839 818 apud
880 764 977 804 eos
1000 748 1096 818 qui
1132 748 1412 804 dicerent:
1442 747 1717 818 Benignus
1758 754 1844 801 est
1885 746 2030 800 Deus
2061 753 2119 798 et

536 841 802 894 omnibus
830 841 1081 910 ignoscit,
1119 856 1184 895 ac
1214 841 1270 894 in
1312 856 1541 910 regnum
1569 841 1835 895 cmlorum
1865 836 2121 892 introdu--

541 930 616 985 cit
647 931 811 986 etiam
845 939 1163 999 peccatores
1186 945 1252 984 ex
1284 929 1638 1001 benignitatis
1665 925 2120 991 abundantia;ait

539 1035 705 1089 ergo:
743 1021 822 1074 Ne
855 1020 977 1075 haec
1025 1021 1279 1076 dicentes
1311 1037 1376 1075 ac
1419 1029 1713 1090 sperantes
1759 1019 1980 1076 erretis.
2029 1017 2118 1072 Si-

481 1096 494 1106 ’
539 1111 766 1181 quidem
799 1112 852 1167 id
883 1129 1076 1168 revera
1099 1129 1259 1168 error
1286 1123 1391 1178 est,
1435 1111 1582 1167 bona
1627 1127 1852 1182 sperare
1896 1119 1954 1165 et
2002 1125 2112 1164 non

541 1205 761 1275 assequi
799 1246 814 1260 .
853 1224 871 1257 ι
911 1206 1103 1276 Neque
1183 1215 1540 1261 scortatores.
1572 1225 1592 1258 ι
1647 1206 1806 1259 lllum
1864 1203 2120 1274 designat

540 1308 903 1352 scortatorem
941 1298 1009 1352 de
1067 1312 1180 1366 quo
1231 1297 1407 1366 prius,
1469 1296 1594 1352 ideo
1635 1295 1804 1351 etiam
1868 1313 1886 1345 (
1929 1293 2118 1364 Neque

540 1404 874 1450 scortatores
902 1413 920 1445 ι
967 1393 1146 1464 primo
1186 1393 1306 1447 loco
1346 1391 1550 1462 posuit.

608 1486 772 1558 467
810 1505 828 1537 ι
863 1485 1052 1554 Neque
1113 1485 1322 1539 ebriosi
1387 1497 1568 1552 neque
1616 1479 2043 1536 conviciatores.
2091 1497 2110 1530 ι

477 1592 482 1597 ·
537 1573 710 1640 Quam
741 1575 811 1629 ob
841 1591 1065 1629 causam
1109 1574 1360 1629 ebriosos
1396 1589 1461 1627 ac
1491 1571 1890 1627 conviciatores
1933 1569 2120 1640 posuit

544 1676 666 1736 post
705 1667 988 1722 adulteros
1014 1677 1072 1721 et
1103 1667 1422 1721 idololatras
1447 1680 1511 1720 ac
1532 1665 1964 1720 concumhentes
1991 1677 2116 1716 cum

541 1758 845 1812 masculis?
879 1757 1148 1823 Quoniam
1181 1767 1239 1812 et
1262 1757 1520 1813 Christus
1547 1773 1673 1811 eum
1703 1756 1796 1826 qui
1833 1775 1850 1806 ι
1890 1754 2060 1809 Fatue
2091 1771 2110 1805 ι

2231 579 2248 612 ι
2261 561 2324 612 Οἱ
2350 559 2525 614 ἄδικοι
2545 559 2826 630 βασιλείαν
2838 557 2970 612 Θεοῦ
2985 558 3045 610 οὐ
3063 558 3524 631 κληρονομήσουσι.
3537 575 3703 643 ι-ιΜῂ

2222 651 2520 705 πλανᾶσθε.
2563 669 2582 703 ι
2618 650 2887 705 Ἐνταῦθα
2915 651 3236 715 αἰνίττεται,
3268 654 3344 705 ὅτι
3368 650 3493 724 ἦσαν
3515 663 3619 729 παρ’
3642 667 3708 715 αὑ.

2220 744 2335 804 τοῖς
2369 759 2515 804 τινες
2571 742 2842 811 λέγοντες
2874 742 3257 814 Φιλάνθρωπός
3292 748 3429 798 ἐστιν
3451 749 3477 799 ό
3508 748 3615 815 Θεὸς
3645 759 3710 808 καὶ

2224 833 2501 900 συγχωρεῖ
2540 833 2696 897 πᾶσι,
2739 832 2832 886 καὶ
2860 833 2941 896 είς
2969 833 3070 903 τὴν
3105 833 3375 901 βασιλείαν
3399 838 3606 908 εἰσφέρει
3623 845 3710 906 τοὺς

2222 922 2584 992 ἁμαρτωλοὺς
2611 922 2699 976 διὰ
2732 923 2938 995 πλῆθος
2969 927 3351 998 χρηστότητος,
3389 927 3472 980 καί
3509 937 3710 1007 φησι-Μὴ

2224 1011 2501 1066 πλανᾶσθε
2532 1013 2708 1068 ταῦτα
2759 1015 3012 1084 λέγοντες
3057 1015 3150 1070 καὶ
3174 1014 3490 1081 ἐλπίζοντες.
3526 1021 3614 1073 Καὶ
3639 1027 3713 1094 γὰρ

2220 1103 2391 1168 ὅντως
2451 1105 2626 1176 πλάνη
2681 1107 2799 1159 ἐστὶ
2857 1107 2942 1172 τὸ,
3000 1108 3216 1179 χρηστὰ
3255 1107 3574 1175 ἐλπίσαντας.
3621 1114 3714 1169 ἄλλα

2221 1197 2425 1268 εὑρεῖν.
2461 1216 2480 1250 ι
2513 1196 2653 1251 Οὔτε
2702 1198 2915 1269 πόρνοι.
2937 1217 2957 1250 ι
2983 1227 3054 1238 --
3094 1197 3429 1270 [ΟῙΚΟΥΒΗ
3453 1202 3543 1255 Τὸν
3566 1221 3713 1276 πεπορ-

2221 1289 2450 1342 νευκότα
2475 1291 2682 1343 ἐκεῖνον
2726 1291 3049 1346 αἰνίττεται.
3089 1291 3182 1345 Διὸ
3212 1291 3306 1345 καὶ
3339 1292 3535 1363 πρῶτον
3557 1295 3713 1352 τέθεικε

2220 1379 2304 1447 τὸ,
2337 1379 2462 1434 οὔτε
2491 1383 2704 1452 πόρνοι.

2298 1493 2318 1527 ι
2349 1474 2488 1528 Οὔτε
2525 1476 2776 1546 μέθυσοι,
2823 1476 2886 1530 οὐ
2932 1476 3183 1547 λοίδοροι.
3215 1495 3234 1529 ι
3284 1478 3346 1530 Τί
3371 1477 3430 1550 δή
3483 1495 3592 1532 ποτε
3627 1483 3714 1544 τοὺς

2224 1567 2493 1638 μεθύσους
2533 1570 2628 1623 καὶ
2657 1569 2954 1640 λοιδόρους,
2985 1569 3126 1639 μετὰ
3147 1569 3256 1622 τῶν
3288 1570 3480 1640 μοιχῶν
3507 1575 3585 1625 καὶ
3607 1577 3715 1642 ἡται-

2223 1661 2472 1732 ρηκότων
2501 1662 2596 1715 καὶ
2626 1661 3032 1732 εἰδωλολατρῶν
3058 1661 3274 1716 τέθεικε
3296 1679 3311 1725 ;
3341 1664 3543 1733 Πρῶτον
3569 1665 3713 1734 μὲνότι

2220 1755 2316 1807 καὶ
2345 1758 2373 1807 ό
2413 1755 2648 1826 Χριστὸς
2680 1755 2768 1810 τὸν
2803 1756 3048 1822 εἰπόντα,
3086 1775 3104 1808 ι
3128 1756 3345 1826 Μωρὸν,
3375 1775 3394 1808 ο
3427 1757 3585 1828 ἔνοχον
3632 1756 3714 1814 εἴτε

541 1847 775 1913 diceret,
805 1850 1108 1903 obnoxium
1134 1850 1396 1920 gehennae
1418 1850 1652 1903 asseruit
1677 1851 1744 1911 δ’,
1770 1855 1826 1902 et
1850 1847 2021 1902 Judaei
2049 1862 2113 1900 ex

2221 1847 2467 1916 γεέννης.
2502 1846 2615 1900 Καὶ
2650 1847 2892 1900 Ἰουδαῖοι
2925 1847 3002 1912 δὲ,
3039 1850 3105 1901 ὲκ
3130 1849 3228 1917 τῆς
3263 1847 3428 1918 μέθης
3463 1851 3534 1912 εἰς
3558 1850 3714 1904 εἰδωλοο

541 1941 938 1995 comessatione
954 1957 1019 1998 ac
1031 1941 1300 1997 ebrietate
1318 1941 1370 1995 in
1385 1942 1747 1996 idololatriam
1772 1938 2114 1994 venerunt”.

550 2031 761 2086 Deinde
819 2033 898 2086 ait
951 2033 1098 2102 quod
1163 2033 1220 2087 hi
1252 2049 1446 2088 omnes
1477 2047 1646 2101 regno
1675 2031 1895 2086 interim
1943 2029 2114 2084 coelo-

543 2137 668 2176 rum
693 2122 983 2176 excidunt:
1021 2131 1281 2177 caeterum
1313 2123 1711 2193 suppliciorum
1737 2120 2113 2174 diversitatem

540 2213 597 2268 in
635 2214 880 2268 futurum
928 2231 1343 2286 cognoscemus.
1381 2233 1400 2266 ι
1427 2215 1606 2284 Atque
1633 2214 1751 2268 haec
1795 2213 1966 2267 eratis
1989 2210 2114 2280 qui-

540 2306 690 2360 dam.
728 2326 746 2358 ι
789 2307 936 2367 limo,
978 2307 1178 2377 inquit,
1250 2307 1408 2361 multi
1461 2306 1782 2360 habebatis:
1831 2314 1888 2357 et
1945 2302 2116 2358 eratis

541 2398 766 2467 quidam
795 2399 912 2453 hzec
957 2399 1243 2452 habentes.
1283 2417 1301 2448 ι
1339 2397 1446 2452 Sed
1477 2397 1650 2451 abluti
1698 2396 1854 2450 estis.
1892 2413 1910 2445 ι
1958 2393 2116 2448 Post-

541 2489 768 2542 modum
814 2489 1022 2544 Christi
1059 2489 1326 2543 beneﬁcia
1371 2499 1644 2543 recenset.
1673 2484 1879 2551 Eratis,
1908 2485 2110 2554 inquit,

539 2594 659 2648 quae
682 2578 939 2648 praedicta
963 2591 1112 2642 sunt,
1148 2578 1243 2633 sed
1294 2594 1462 2648 puros
1494 2593 1592 2633 vos
1630 2577 1873 2632 reddidit
1903 2574 2112 2642 ;Chris-

543 2681 666 2727 tus:
702 2688 805 2728 nec
829 2674 884 2728 id
917 2674 1118 2739 solum,
1147 2688 1340 2728 verum
1371 2675 1539 2727 etiam
1605 2673 1992 2737 sanctiﬁcavit,
2019 2686 2116 2726 ne-

539 2780 647 2834 que
675 2765 781 2820 hoc
818 2775 1055 2828 tantum,
1079 2765 1176 2820 sed
1210 2765 1630 2836 etjustiﬁcavit.
1686 2783 1704 2815 ι
1762 2765 1867 2819 Per
1912 2779 2114 2818 nomen

539 2855 757 2910 Domini
793 2855 944 2911 Jesu.
983 2875 1001 2909 ι
1042 2857 1108 2910 Et
1139 2856 1275 2919 haec,
1307 2855 1508 2925 inquit,
1538 2854 1724 2909 omnia
1759 2854 1917 2908 vobis
1943 2853 2115 2907 conti-

545 2957 742 3015 gerunt
765 2963 861 3016 per
885 2962 1084 3001 nomen
1107 2947 1314 3002 Christi
1334 2957 1389 3001 et
1411 2961 1510 3017 per
1547 2946 1812 3016 Spiritum
1835 2955 2109 3002 sanctum.

539 3037 645 3093 Per
665 3036 972 3100 Christum,
1004 3039 1250 3107 inquam,
1293 3047 1349 3092 et
1381 3054 1480 3108 per
1525 3037 1790 3107 Spiritum
1828 3056 1842 3092 :
1871 3053 1981 3092 non
2011 3052 2114 3106 per

540 3129 689 3183 hunc
713 3139 810 3183 aut
846 3145 947 3197 per
978 3129 1172 3184 illum:
1208 3131 1462 3199 ipsorum
1515 3129 1844 3200 pncpositos
1888 3143 2110 3184 rursum

539 3218 860 3290 designans,
899 3222 1179 3290 sapientes
1219 3237 1284 3275 ac
1313 3221 1535 3276 divites.

610 3311 700 3374 Vl,
734 3311 923 3366 12-14.
963 3311 1152 3366 Omnia
1183 3313 1310 3365 mihi
1345 3313 1522 3378 licent,
1559 3323 1614 3368 at
1638 3331 1742 3369 non
1776 3317 1956 3370 omnia
1988 3332 2116 3371 con-

536 3400 755 3455 ducunt.
786 3401 977 3457 Omnia
1011 3405 1138 3457 mihi
1169 3402 1349 3467 licent,
1407 3413 1462 3457 at
1491 3421 1584 3477 ego
1612 3423 1714 3459 non
1770 3408 1984 3480 redigar
2021 3408 2114 3462 sub

541 3493 706 3548 ullius
748 3502 1083 3566 potestatem.
1119 3495 1270 3549 Esca:
1308 3495 1448 3561 alvo,
1487 3507 1536 3550 et
1586 3496 1736 3552 alvus
1783 3501 1932 3552 escis.
1979 3498 2116 3554 Deus

537 3590 717 3636 autem
747 3592 794 3635 et
815 3583 954 3635 hanc
983 3591 1033 3636 et
1067 3583 1191 3637 illas
1221 3583 1466 3637 abolebit.
1501 3584 1704 3656 Corpus
1723 3604 1845 3642 vero
1867 3605 1972 3642 non
1999 3596 2116 3643 stu-

538 3686 660 3740 pro,
679 3673 770 3724 sed
803 3670 1053 3736 Domino,
1087 3682 1138 3726 et
1165 3672 1424 3729 Dominus
1443 3678 1672 3745 corpori.
1698 3678 1837 3732 Deus
1865 3689 2045 3733 autem
2069 3690 2116 3734 et

537 3759 829 3815 Dominum
852 3763 1151 3829 suscitavit,
1181 3772 1232 3817 et
1262 3781 1355 3819 nos
1389 3767 1666 3821 suscitabit
1694 3785 1788 3840 per
1824 3774 2115 3841 potentiam

535 3867 715 3906 σκαιιι.

610 4036 690 4092 Ad
724 4039 893 4094 alium
925 4040 1186 4097 aﬂecwm
1213 4043 1480 4100 transfert
1508 4061 1844 4114 sermonem,
1876 4057 1932 4104 et
1959 4050 2115 4105 inve.

535 4128 690 4182 hitur
716 4130 773 4184 in
797 4146 894 4186 eos
918 4133 1012 4203 qui
1043 4135 1183 4204 gula
1209 4134 1384 4190 dediti
1415 4146 1564 4193 sunt.
1595 4138 1833 4194 Licitum
1864 4141 2000 4196 mihi
2027 4151 2115 4196 est

537 4221 704 4278 edere
733 4239 797 4278 ae
827 4226 1042 4290 bibere,
1071 4244 1261 4282 verum
1288 4230 1395 4285 hoc
1428 4247 1540 4285 non
1565 4232 1828 4287 conducit
1855 4234 1961 4288 nisi
1988 4250 2113 4289 cum

539 4316 923 4374 mediocritate
981 4319 1186 4374 facere.
1240 4340 1259 4372 ι
1293 4325 1364 4376 At
1416 4338 1519 4394 ego
1569 4338 1682 4377 non
1739 4324 1959 4395 redigar
2010 4327 2114 4381 sub

533 4408 704 4463 ullius
766 4419 1117 4479 potestatem.
1152 4433 1170 4464 ι
1240 4413 1546 4480 Dominus,
1613 4415 1816 4485 inquit,
1874 4433 1996 4472 sum
2053 4427 2115 4472 ut

2215 1937 2473 2010 λατρείαν
2519 1935 2704 2010 ἦλθον.
2747 1941 2999 2007 Ἔπειτα,
3041 1941 3244 2011 φησὶν,
3279 1941 3360 1993 ὅτι
3395 1935 3526 1995 οὗτοι
3554 1944 3712 2006 πάντες,

2215 2030 2353 2092 τέως
2382 2032 2482 2100 τῆς
2511 2031 2789 2101 βασιλείας
2819 2033 3150 2086 ἐκπίπτουσι
3173 2033 3282 2084 τῶν
3303 2031 3549 2103 οὐρανῶν.
3573 2035 3714 2088 Amata

2215 2121 2274 2174 δὲ
2307 2123 2368 2176 τὸ
2402 2123 2510 2178 τῶν
2544 2124 2827 2196 τιμωριῶν
2871 2125 3126 2196 διάφορον
3173 2127 3289 2178 εκεῖ
3318 2125 3570 2194 εἰσόμεθα.
3601 2146 3617 2178 ι
3641 2129 3714 2181 Καὶ

2215 2213 2386 2268 ταῦτα
2417 2233 2560 2278 τινες
2589 2211 2712 2287 ἦτε.
2739 2235 2757 2268 ι
2792 2216 2999 2283 Ταῦτα,
3031 2218 3222 2287 φησὶν,
3268 2218 3439 2286 είχετε
3466 2217 3634 2285 πολλοὶ,
3654 2220 3714 2273 tul

2214 2303 2315 2378 ἧτέ
2370 2327 2518 2373 τινες
2570 2309 2742 2364 ταῦτα
2794 2311 3030 2382 ἔχοντες.
3081 2330 3100 2364 ι
3144 2310 3308 2364 Ἀλλὰ
3345 2311 3709 2364 ἁπελοίισασθε.»

2214 2399 2417 2452 Λοιπὸν
2440 2401 2540 2464 τὰς
2563 2401 2887 2472 εὐεργεσίας
2925 2401 3226 2470 καταλέγει
3257 2399 3352 2453 τοῦ
3383 2399 3604 2470 Χριστοῦ.
3623 2397 3715 2453 Ἥιι

2216 2492 2350 2564 γὰρ,
2378 2493 2534 2563 φησὶ,
2569 2494 2638 2547 τὰ
2671 2495 2961 2565 εἰρημένα,
3008 2494 3146 2550 ἀλλὰ
3176 2493 3448 2565 καθαροὺς
3477 2493 3716 2564 ἐποίησενὸ

2214 2587 2471 2656 Χριστός.
2517 2587 2627 2642 Καὶ
2661 2588 2722 2642 οὐ
2773 2587 2930 2642 τοῦτο
2990 2587 3173 2657 μόνον,
3222 2587 3354 2642 ἀλλὰ
3408 2585 3497 2640 καὶ
3534 2587 3711 2657 ἡγίασεν.

2216 2679 2327 2732 Καὶ
2357 2680 2418 2732 οὐ
2458 2680 2619 2750 μόνον
2651 2678 2833 2747 τοῦτο,
2868 2680 3005 2734 ἀλλὰ
3039 2681 3133 2734 καὶ
3177 2680 3504 2738 ἐδικαίωσεν.
3531 2699 3548 2732 ι
3578 2681 3645 2734 Ἓν
3665 2680 3715 2749 τῷ

2213 2768 2442 2840 ὀνόματι
2489 2771 2585 2823 τοῦ
2641 2770 2848 2840 Κυρίου
2899 2770 3097 2840 Ἰησοῦ.
3129 2789 3148 2823 ι
3214 2773 3327 2825 Καὶ
3375 2771 3556 2834 ταῦτα,
3596 2770 3711 2839 φησὶ,

2215 2861 2396 2916 πάντα
2427 2861 2668 2932 ὑπῆρξεν
2693 2863 2845 2933 ὑμῖν,
2873 2863 2931 2915 ἐν
2956 2862 3036 2933 τῷ
3069 2861 3303 2933 ὀνόματι
3331 2862 3421 2916 τοῦ
3443 2862 3638 2934 Χριστοῦ
3654 2863 3713 2913 καὶ

2216 2954 2274 3006 ἐν
2309 2952 2388 3022 τῷ
2415 2952 2554 3022 ἁγίῳ
2584 2953 2888 3022 ΙΙνεύματι,
2919 2948 3055 3018 οἷον,
3078 2954 3169 3008 διὰ
3199 2953 3296 3008 ¹τοῦ
3323 2955 3539 3025 Χριστοῦ
3567 2951 3711 3008 καὶτοῦ

2218 3043 2561 3114 Πνεύματος.
2585 3045 2661 3098 Οὐ
2695 3045 2784 3099 διὰ
2820 3046 2976 3099 τοῦδε
3014 3046 3048 3115 ἡ
3079 3045 3263 3112 τοῦδε,
3293 3047 3418 3110 τοὺς
3449 3046 3712 3116 προεστῶτας

2218 3136 2398 3192 αὐτῶν
2448 3135 2613 3190 πάλιν
2653 3137 3054 3210 αἰνιττόμενος,
3093 3138 3228 3202 τοὺς
3265 3140 3456 3209 σοφοὺς
3487 3141 3565 3192 καί
3603 3137 3710 3190 5:101:-

2221 3228 2395 3292 σίους.

2287 3318 2492 3373 Πάντα
2529 3337 2632 3389 μοι
2670 3320 2940 3386 ἔξεστιν,
2965 3323 3106 3378 ἀλλ’
3144 3325 3224 3378 οὐ
3267 3324 3457 3378 πάντα
3483 3322 3709 3392 συμφέρει.

2216 3410 2421 3465 Πάντα
2444 3431 2548 3483 μοι
2588 3413 2857 3485 ἔξεστιν,
2895 3415 3036 3469 ἀλλ’
3084 3418 3200 3470 οὐκ
3245 3417 3363 3487 ἐγὼ
3403 3414 3713 3482 ἐξουσιασθτὲ-

2217 3519 2402 3575 caput
2438 3506 2561 3560 ὑπό
2584 3523 2768 3573 τινος.
2827 3507 2903 3562 Τὰ
2922 3506 3213 3577 ,βρώματα
3256 3509 3332 3578 τῇ
3374 3511 3568 3577 κοιλίᾳ,
3595 3507 3711 3573 καίή
3802 3527 3803 3530 η

2216 3598 2418 3652 κοιλία
2452 3599 2579 3664 τοῖς
2604 3599 2942 3669 βρώμασιν,
2973 3602 3007 3654 ὁ
3026 3601 3095 3654 δὲ
3127 3603 3276 3670 Θεὸς
3301 3604 3397 3657 καί
3433 3603 3623 3668 ταύτην
3649 3601 3713 3652 καί
3802 3633 3803 3636 η

2217 3691 2405 3744 ταῦτα
2455 3693 2841 3762 καταργήσει.
2900 3696 2969 3748 Τὸ
3000 3692 3071 3747 δὲ
3101 3694 3281 3764 σῶμα
3303 3698 3379 3751 οὐ
3416 3694 3484 3764 τῇ
3519 3694 3711 3760 πορνείᾳ,
3802 3725 3803 3732 ι

2216 3781 2382 3837 ἀλλὰ
2406 3781 2486 3848 τῷ
2517 3785 2731 3852 Κιῳίφ,
2774 3785 2946 3854 καλὸν
2979 3787 3199 3854 Κύριος
3235 3787 3315 3852 τῷ
3354 3789 3574 3857 σώματι.
3611 3785 3650 3835 '0
3671 3782 3714 3833 δὲ

2220 3875 2365 3940 Θεὸς
2388 3874 2486 3929 καὶ
2520 3875 2628 3928 τὸν
2672 3877 2899 3944 Κύριον
2951 3878 3173 3947 ἤγειρε,
3206 3880 3307 3934 καὶ
3349 3877 3496 3950 ἡμᾶς
3529 3871 3712 3944 ἐξεγερεῖ

2217 3963 2314 4016 διὰ
2342 3963 2448 4032 τῆς
2485 3964 2797 4035 δυνάμεως
2827 3968 3034 4022 αὑτοῦ.

2285 4057 2624 4110 Μεταϐαίνει
2651 4058 2709 4111 δὲ
2745 4059 2888 4130 πρὸς
2928 4059 3119 4130 ἓτερον
3147 4060 3342 4126 πάθος,
3381 4060 3472 4114 καὶ
3509 4055 3712 4112 ἀποτείνει

2216 4165 2307 4203 ται
2335 4149 2478 4201 κατὰ
2513 4148 2623 4202 τῶν
2667 4151 3125 4222 γαστριμάργων.
3176 4152 3396 4218 Ἔξεστί
3453 4167 3533 4221 μοι
3577 4147 3714 4218 φαγεῖν

2217 4243 2311 4294 καὶ
2342 4245 2523 4306 πιεῖν,
2575 4243 2691 4296 ἀλλ’
2732 4244 2794 4296 οῦ
2843 4244 3119 4314 συμφέρει
3150 4247 3294 4316 μετὰ
3346 4244 3586 4315 ἀμετρίας
3607 4239 3714 4292 τοῦτο

2218 4337 2412 4389 ποιεῖν.
2445 4353 2464 4386 ι
2505 4335 2645 4388 Ἀλλ’
2671 4336 2773 4388 οὐκ
2801 4335 2914 4403 ἐγὼ
2942 4337 3436 4409 ἐξουσιασθήσομαι
3456 4335 3548 4388 ὑπό
3563 4347 3711 4392 τινος-ο
3802 4395 3803 4404 γ

2223 4424 2430 4494 Κύριός
2478 4427 2615 4494 είμι,
2654 4426 2808 4498 φησὶ,
2841 4426 2937 4480 τοῦ
2988 4431 3183 4498 φαγεῖν
3233 4430 3331 4483 καὶ
3361 4431 3514 4482 πιεῖν
3543 4425 3715 4479 ἐὰν
3802 4457 3803 4462 η

531 4501 692 4556 edam
727 4517 792 4556 ac
823 4502 1035 4557 bibam:
1069 4521 1260 4558 verum
1288 4507 1335 4560 si
1358 4507 1445 4561 his
1487 4524 1596 4563 non
1642 4518 1863 4564 servata
1899 4512 2113 4566 medio-

2219 4519 2360 4572 ἐκδῶ
2397 4519 2633 4589 ἐμαυτὸν
2663 4519 2878 4584 τούτοις
2931 4522 3211 4592 ἀμέτρως,
3242 4522 3428 4584 δοῦλος
3460 4519 3611 4575 αὐτῶν
3635 4513 3716 4568 ἀντὶ
3802 4563 3803 4568 η

530 4597 730 4648 eritate
756 4596 1028 4665 meipsum
1064 4598 1368 4665 tradidero,
1401 4600 1597 4656 horum
1629 4618 1822 4659 servus
1847 4605 2117 4670 inveniar,

532 4701 662 4738 eum
690 4685 909 4740 Domini
941 4703 1164 4742 servum
1200 4697 1322 4744 esse
1346 4702 1658 4761 oporteret,
1695 4703 1751 4749 et
1806 4696 1895 4750 his
1940 4698 2120 4752 inser-

531 4776 674 4828 viam
729 4775 1013 4832 sicutalibi
1028 4777 1162 4832 dicit
1181 4783 1224 4810 πθ
1249 4798 1262 4832 :
1291 4799 1309 4830 ι
1339 4780 1584 4846 Quorum
1602 4784 1749 4838 Deus
1765 4795 1960 4840 venter
1980 4794 2083 4840 est.
2098 4807 2115 4836 ι

528 4865 718 4934 Itaque
752 4884 861 4922 non
895 4871 1116 4940 redigar
1149 4873 1252 4926 sub
1281 4872 1481 4926 horum
1529 4885 1879 4944 potestatem.
1919 4897 1936 4925 ι
1969 4878 2120 4932 Esca:

533 4957 682 5011 alvo.
726 4978 744 5010 ι
794 4960 966 5015 Escas
1025 4963 1132 5017 hoc
1179 4965 1301 5019 loco
1343 4969 1582 5037 appellat
1627 4969 1979 5037 edacitatem,
2015 4988 2114 5026 seu

529 5053 922 5122 inexplebilem
962 5059 1165 5114 edendi
1195 5062 1555 5129 aviditatem;
1595 5065 1777 5120 alvum
1813 5083 1947 5120 vero
1994 5068 2113 5123 sive

529 5146 902 5200 ventriculum
958 5151 1394 5222 gastrimargiam
1446 5156 1562 5210 sive
1600 5157 1950 5228 gulositatem
1997 5175 2108 5213 non

529 5235 712 5305 ipsum
745 5248 1024 5292 ventrem.
1055 5271 1120 5280 --
1145 5244 1327 5297 Aliud.
1358 5245 1417 5300 Si
1465 5263 1622 5304 escas
1673 5260 1925 5320 oporteat
1977 5253 2110 5307 sim-

529 5327 752 5396 pliciter
784 5329 1108 5385 alimentum
1147 5332 1480 5404 intelligere,
1507 5350 1563 5392 et
1582 5340 1764 5393 alvum
1783 5352 2107 5411 receptacu-

531 5420 646 5473 lum
678 5420 974 5475 ciborum:
1011 5424 1213 5477 melius
1245 5435 1330 5479 est
1380 5437 1441 5480 ut
1479 5429 1534 5483 id
1563 5433 1709 5499 quod
1753 5435 2108 5505 subiungitur

525 5509 596 5562 ad
630 5512 959 5566 vaticinium
986 5513 1159 5569 futuri
1200 5518 1384 5572 szeculi
1412 5521 1714 5590 accipiatur
1735 5543 1748 5578 :
1773 5539 1836 5579 ac
1874 5527 1919 5579 si
1953 5527 2106 5581 diee-

528 5610 613 5655 ret
637 5645 647 5654 .
683 5601 827 5656 Deus
840 5613 1025 5657 autem
1058 5616 1114 5659 et
1143 5605 1288 5660 hanc
1314 5617 1371 5662 et
1394 5609 1516 5664 illas
1544 5611 1789 5667 abolebit
1813 5631 1828 5680 ;
1854 5615 1959 5670 hoc
1979 5626 2063 5671 est
2090 5634 2105 5670 :

2219 4613 2426 4682 Kupiou
2453 4612 2848 4682 εὑρεθήσομαι,
2877 4617 2972 4666 καὶ
3000 4613 3274 4666 δουλεύσω
3300 4604 3612 4675 αὑτοῖς.ιὮν
3627 4608 3713 4672 γὰρ.

2220 4705 2376 4774 φησὶ,
2413 4705 2546 4768 Θεὸς
2577 4705 2610 4775 η
2656 4706 2856 4760 κοιλία.
2893 4725 2913 4758 s
2961 4707 3264 4778 Τοιγαροῦν
3303 4707 3405 4759 οὒκ
3443 4696 3713 4767 ἐξουσιασθίὶ⁶

2221 4813 2384 4865 σομαι
2420 4796 2525 4849 ῦπὸ
2551 4813 2694 4859 τινος
2732 4798 2958 4852 τούτων.
3005 4817 3023 4849 ι
3047 4797 3127 4850 Τὰ
3151 4797 3414 4867 βρώματα
3452 4799 3511 4865 τῇ
3534 4790 3712 4855 κοιλίὲδ
3802 4827 3803 4830 η

2220 4884 2494 4955 Βρὼματα
2538 4885 2796 4949 ἐνταῦθα,
2840 4887 2940 4957 τὴν
2986 4887 3323 4956 ἀδδηφαγίαν
3369 4884 3510 4956 φησί.
3555 4876 3716 4934 Κοιλίιν

2219 4977 2298 5040 δὲ,
2323 4977 2420 5047 τὴν
2449 4979 2916 5049 γαστριμαργίαν,
2946 4981 3006 5031 οὐ
3027 4979 3127 5049 τὴν
3157 4980 3502 5050 γαστέρα.-
3522 4974 3712 5030 ’Ἄλλως-
3797 4967 3803 4990 ’¹

2223 5069 2423 5142 [ΦΩΤ.]
2453 5071 2513 5122 Εἰ
2544 5071 2643 5136 μὲν
2671 5072 2857 5134 ἁπλῶς
2881 5071 3148 5142 βρώματα
3176 5073 3274 5142 τὴν
3304 5069 3500 5142 τροφὴν
3519 5067 3588 5119 δεῖ
3607 5060 3715 5114 ἐκλα-

2219 5160 2355 5223 ϐεῖν,
2385 5160 2481 5213 καὶ
2508 5160 2721 5213 κοιλίαν
2755 5160 2852 5230 τὴν
2886 5161 3156 5231 ὑποδοχὴν
3186 5163 3295 5214 τῶν
3335 5161 3529 5220 σιτίων,
3554 5156 3712 5221 ἄμεινον

2218 5255 2298 5314 εἰς
2325 5253 2728 5323 προαγόρευσιν
2754 5253 2850 5306 τοῦ
2883 5253 3174 5323 μέλλοντος
3215 5251 3521 5322 ἐκδέχεσθαι
3565 5245 3614 5298 τὸ
3649 5242 3714 5292 ἐπ’

2215 5345 2502 5413 αγόμενον,
2524 5341 2655 5398 οἷον·
2676 5343 2734 5399 '0
2745 5346 2801 5400 δὲ
2819 5346 2949 5410 Θεὸς
2971 5348 3066 5401 καὶ
3079 5348 3279 5416 ταύτην
3294 5343 3549 5400 καὶταῦτα
3568 5345 3713 5398 ut“?

2216 5436 2397 5502 γήσει.
2437 5453 2455 5485 ι
2488 5438 2800 5500 τουτέστιν,
2844 5436 3006 5490 Ἀλλὰ
3057 5435 3233 5491 ταῦτα
3276 5437 3335 5488 ἐν
3378 5436 3442 5503 τῇ
3484 5422 3711 5482 ἀναστάσει

2214 5527 2360 5596 ἀργὰ
2392 5526 2483 5579 καὶ
2543 5526 2793 5599 ἀχρηστα
2833 5530 3012 5594 ἔσται,
3056 5531 3138 5592 είς
3181 5526 3479 5596 ἁςρθαρσίαν
3504 5519 3626 5590 ἡμᾶς
3648 5507 3710 5563 τοῦ

2215 5615 2350 5668 Θεοῦ
2397 5619 2955 5689 μεταστοιχειοῦντος,
3007 5620 3083 5684 ὡς
3131 5623 3266 5692 μήτε
3298 5615 3494 5690 τρσςῇς
3541 5605 3710 5665 δεῖσθαι,

597 5777 644 5810 ⁸⁸
700 5780 887 5836 Ilatth.
924 5800 976 5848 v,
1010 5784 1103 5838 εξ.
1180 5785 1226 5816 ⁸³
1262 5784 1432 5842 Exod.
1468 5803 1643 5854 χχιιι,
1680 5790 1701 5844 Ι
1738 5806 1854 5862 seq.
1933 5793 1976 5824 "
2008 5793 2107 5847 Phi

2218 5812 2246 5848 ι.
2275 5810 2354 5863 ιιι,
2393 5795 2477 5852 l9.
