3872 6566
492 386 598 450 715

1549 386 1952 447 (ECUMENII
1993 389 2284 451 TRICC/E
2310 391 2650 453 EPISCOPI

3583 404 3662 469 716

493 499 673 556 Patris
708 504 837 553 sunt
860 496 1018 552 Filio.
1042 496 1175 552 Nam
1214 511 1335 566 quae
1357 495 1518 551 Pater
1534 494 1683 564 facit,
1703 497 1819 554 haec
1835 511 1889 554 et
1905 500 2052 555 Filiu:

2179 501 2450 572 δῆλονὼς
2478 503 2944 574 συναναστῆσεται
2981 503 3040 557 τὸ
3073 503 3253 558 λοιπὸν
3279 505 3442 578 σῶμα.
3466 512 3578 566 «Διὰ
3598 519 3670 586 τῆς

480 594 642 658 .facit,
661 601 716 648 et
732 605 834 647 nos
858 588 1295 646 resuscitabit.Si
1313 602 1444 658 ergo
1465 604 1658 644 sumus
1669 589 1874 646 Christi
1891 608 2052 648 mem-

2176 593 2461 664 δυνάμεως
2488 595 2677 650 αὐτοῦ.
2713 614 2731 647 ι
2773 596 2846 650 Τὸ
2883 597 2974 650 τοῦ
3023 595 3178 664 λόγου
3214 597 3476 665 ἀπίθανον,
3507 602 3578 656 διὰ
3600 612 3673 677 τῆς

479 687 608 749 bra,
629 685 789 740 sicuti
803 690 954 740 certe
970 697 1180 748 sumus,
1196 681 1545 736 manifestum
1561 691 1644 737 est
1661 681 1808 752 quod
1831 685 2052 740 excltalt

2175 692 2460 763 δυνάμεως
2492 693 2587 748 τοῦ
2617 693 2752 748 Θεοῦ
2790 696 3206 762 πιστοποιέῖται,
3240 695 3370 765 ὅπερ
3401 697 3473 761 είς
3504 699 3584 771 τὴν
3604 704 3672 756 τοῦ

485 779 687 848 capite,
774 777 1045 846 reliquum
1098 790 1204 832 una
1231 789 1431 844 corpus
1491 775 1844 831 excitabitur.
1904 795 1922 830 ι
1967 778 2052 834 Pe]

2176 783 2415 852 Χριστοῦ
2469 785 2765 840 ἀνάστασιν
2823 785 2883 840 οὐ
2949 785 3192 838 τέθεικεν
3261 787 3503 855 (ἐγεγόνει
3545 793 3672 863 γὰρ),

486 870 785 940 potentiam
844 882 1021 923 suam.
1061 885 1078 919 ι
1116 867 1245 937 Ejus
1281 866 1428 936 quod
1459 867 1515 921 in
1560 882 1820 923 sermone
1849 869 2052 924 credita

2178 873 2295 928 ἀλλ’
2328 875 2421 929 ἐπὶ
2449 876 2550 945 τῆς
2581 875 2736 947 ἡμῶν
2771 876 3145 940 ἀναστάσεως,
3173 878 3258 930 ἵνα
3295 877 3366 949 μὴ
3392 879 3674 952 ἀπιστῶμεν,

501 961 720 1017 diﬂicile
747 969 883 1026 erat,
916 975 1016 1030 per
1051 958 1148 1014 Dei
1180 957 1482 1029 potentiam
1513 957 1675 1013 ﬁdem
1730 958 1882 1027 facit,
1927 975 2052 1029 quo:

2177 965 2275 1020 καὶ
2311 965 2400 1021 ἴνα
2430 967 2556 1031 τοὺς
2586 967 2968 1036 ἀντιλέγοντας
3000 969 3344 1040 ἐπιστομίσῃε

485 1057 553 1111 ad
582 1053 787 1111 Christi
837 1052 1298 1108 resurrectionem
1343 1067 1454 1105 non
1524 1051 1741 1121 posuit,
1811 1053 1920 1121 jam
1977 1056 2125 1111 enim
2164 1057 2308 1114 facta
2367 1068 2505 1126 erat,
2551 1059 2647 1115 sed
2695 1068 2920 1133 propter
2967 1070 3207 1117 nostram
3243 1062 3675 1132 resurrectionem;

483 1163 552 1204 ne
580 1145 847 1202 increduli
912 1144 1106 1218 simius,
1135 1153 1189 1197 et
1215 1151 1276 1197 ut
1301 1142 1808 1197 contradicentibus
1828 1143 2079 1200 obstruat
2118 1162 2232 1204 ora.

551 1240 642 1304 Vl,
677 1237 863 1291 15-18.
893 1239 976 1290 An
1011 1234 1218 1287 nescitis
1241 1233 1380 1304 quod
1426 1249 1653 1304 corpora
1685 1241 1858 1287 vestra
1889 1249 2056 1287 mem-

2242 1241 2364 1293 Οὐκ
2393 1239 2593 1295 οἴδατε
2625 1240 2714 1294 ὅτι
2746 1239 2816 1293 τὰ
2848 1237 3094 1309 σώματα
3111 1238 3278 1309 ὑμῶν
3301 1240 3447 1311 μέλη
3475 1246 3677 1312 Χριστοῦ

474 1335 576 1386 ’θνα
605 1334 709 1386 sint
738 1329 976 1384 Christi?
1005 1325 1145 1380 Num
1171 1327 1333 1396 igitur
1364 1324 1553 1378 tollens
1607 1324 1841 1378 membra
1874 1323 2052 1380 Christ

2166 1327 2378 1397 écrrtr;
2427 1331 2571 1398 ἄρας
2613 1327 2726 1385 οὖν
2772 1330 2843 1384 τὰ
2885 1332 3045 1401 μέλη
3085 1332 3192 1386 τοῦ
3227 1334 3472 1401 Χριστοῦ
3498 1339 3679 1404 ποιήσω

482 1427 677 1496 faciam
734 1422 894 1476 scorti
919 1418 1200 1473 membra?
1234 1418 1402 1472 Absit.
1470 1418 1553 1472 An
1585 1419 1789 1472 nescitis
1820 1416 1958 1484 quod
1976 1433 2052 1487 qu:

2171 1423 2400 1491 πόρνης
2426 1423 2617 1492 μέλη;
2666 1423 2763 1491 Μὴ
2801 1423 3051 1494 γένοιτο.
3085 1427 3161 1479 Ἦ
3189 1427 3297 1478 οὐκ
3336 1426 3518 1481 οἴδατε
3549 1430 3618 1483 ὅτι
3657 1436 3679 1485 ὁ

482 1515 849 1584 agglutinatur
890 1519 1064 1565 scorto
1085 1525 1250 1563 unum
1285 1524 1472 1578 corpus
1503 1507 1624 1562 est?
1685 1507 1861 1561 Erunt
1925 1508 2052 1560 enim

2171 1512 2552 1582 κολλώμενος
2578 1513 2652 1582 τῇ
2685 1517 2876 1584 πόρνῃ
2917 1514 2986 1568 ἓν
3013 1515 3186 1584 σῶμά
3225 1516 3424 1583 iactr;
3450 1517 3677 1575 Ἔσονται

481 1607 606 1670 duo,
630 1605 819 1674 inquit,
845 1603 900 1657 in
916 1617 1126 1657 carnem
1150 1601 1420 1656 unam.At
1443 1599 1533 1670 qui
1561 1600 1927 1670 agglutinatur
1969 1598 2068 1652 Do-

2170 1605 2302 1674 γὰρ,
2328 1604 2540 1676 φησιν,
2569 1607 2622 1659 οι
2649 1604 2759 1658 δύο
2785 1607 2872 1671 εἰς
2891 1605 3089 1673 σάρκα
3125 1606 3292 1674 μίαν.
3329 1605 3381 1657 '0
3417 1607 3478 1660 δὲ
3501 1609 3678 1662 κολλώ-

482 1698 626 1752 mino
665 1713 800 1750 unus
852 1695 1066 1764 spiritus
1113 1702 1208 1747 est.
1254 1691 1437 1762 Fugite
1470 1693 1868 1757 scortationcm,
1902 1689 2052 1746 0mm

2166 1714 2352 1767 μενος
2382 1695 2463 1762 τῷ
2491 1697 2684 1766 Κυρίῳ
2732 1698 2802 1751 ἓν
2855 1699 3097 1768 πνεῦμά
3138 1699 3291 1753 ἐστι.
3341 1700 3566 1769 Φεύτετε
3597 1701 3692 1771 τὴν

481 1797 749 1857 peccatum
775 1761 1115 1858 quodcunque
1139 1761 1533 1855 feceritihomo,
1553 1794 1701 1838 extra
1736 1800 1924 1856 corpus
1954 1791 2052 1839 est;

2166 1761 2278 1858 ⁷,ποί
2290 1761 2483 1844 retur.
2513 1761 2991 1861 Πάν-ἁμάρτημα
3012 1761 3028 1768 ⁷
3045 1791 3077 1846 ὃ
3130 1792 3242 1845 ἐὰν
3267 1761 3479 1860 ποιήσι)
3507 1761 3679 1862 ἀνθρύ-

471 1879 570 1933 sed
606 1880 1002 1951 quiscortatur,
1029 1879 1084 1931 in
1123 1878 1396 1948 proprium
1432 1893 1618 1948 corpus
1651 1886 1850 1948 peccat.

548 2061 628 2117 Ad
654 2060 996 2132 prwmissam
1017 2059 1163 2115 redit
1187 2058 1630 2115 adhortationem
1647 2074 1770 2129 qua:
1798 2059 2062 2115 adversus

475 2154 1032 2211 scortationemerat.
1065 2151 1202 2208 Vide
1234 2160 1418 2206 autem
1475 2151 1623 2222 quod
1681 2165 1792 2206 non
1819 2150 2060 2207 dixerit:

475 2244 722 2301 Membra
744 2242 950 2299 Christi
977 2244 1203 2314 jungam
1229 2241 1530 2307 meretrici,
1566 2241 1661 2297 sed
1697 2241 1842 2312 quod
1874 2242 2061 2297 horri-

476 2335 642 2390 bilius
670 2343 811 2398 erat,
838 2348 1035 2402 nempe
1071 2333 1266 2386 tollere
1300 2347 1332 2386 a
1362 2332 1587 2386 Christo
1637 2331 1828 2386 eadem
1886 2331 2062 2402 ipsius

476 2425 746 2487 membra.
793 2433 852 2480 et
872 2422 1091 2478 edicere
1115 2427 1176 2474 ut
1205 2420 1318 2476 sint
1357 2421 1527 2476 scorti
1563 2437 1578 2474 :
1616 2438 1636 2472 ι
1685 2420 1863 2476 Erunt
1913 2420 2060 2476 enim

476 2515 610 2579 duo,
644 2514 856 2584 inquit,
888 2514 945 2567 in
975 2527 1204 2568 carnem
1236 2527 1427 2567 unam.
1469 2530 1489 2564 ι
1549 2511 1632 2567 Ad
1678 2510 2059 2566 testimonium

476 2607 706 2663 adducit
731 2615 889 2661 vetus
917 2605 1351 2661 Testamentum.
1382 2604 1666 2671 Quomodo
1687 2612 1870 2659 autem
1897 2612 2060 2659 erunt

480 2701 600 2757 sive
635 2699 956 2770 redigentur
986 2697 1040 2752 in
1067 2712 1290 2753 carnem
1317 2697 1522 2752 unam?
1571 2695 1843 2763 Quoniam
1904 2710 2059 2750 com-

482 2793 670 2848 mistio
704 2809 816 2848 non
847 2791 1119 2862 permittit
1143 2789 1282 2846 duos
1339 2805 1462 2845 esse
1521 2788 1681 2856 duos,
1739 2789 1832 2845 sed
1886 2803 2056 2844 unum

475 2884 644 2942 emcit
671 2893 766 2952 ;et
797 2884 1058 2954 quoniam
1100 2882 1349 2938 membra
1380 2882 1584 2940 Christi
1615 2892 1747 2937 sunt
1767 2881 1934 2938 homo
1960 2880 2056 2952 qui

474 2986 660 3032 scorto
705 2975 918 3041 unitur,
960 2975 1038 3029 illi
1069 2974 1313 3044 seipsum
1343 2973 1484 3039 unit,
1533 2973 1854 3044 Christique
1879 2988 2056 3029 mem-

472 3071 573 3125 hra
628 3079 984 3140 conspurcat.
1009 3071 1077 3124 Et
1101 3083 1414 3140 quanquam
1439 3069 1495 3123 in
1519 3084 1652 3124 vero
1684 3083 1902 3138 quoque
1923 3083 2058 3124 con-

396 3208 424 3226 ,
468 3163 624 3233 jugio
650 3162 910 3218 uniantur
939 3161 1105 3233 470
1158 3163 1268 3216 duo
1326 3161 1384 3216 in
1437 3176 1659 3216 carnem
1699 3177 1885 3227 unam,
1936 3160 2055 3232 pari

466 3263 660 3310 tamen
684 3253 849 3309 modo
891 3254 1056 3309 ctiam
1105 3252 1307 3309 accidit
1352 3234 1408 3307 in
1455 3252 1646 3308 infami
1693 3253 2052 3310 scortatione.

464 3368 498 3398 ξι
531 3349 602 3404 At
645 3349 742 3418 qui
795 3349 1169 3418 agglutinatur
1215 3349 1472 3404 Domino.
1519 3369 1537 3402 ι
1584 3349 1722 3405 Vide
1774 3348 2055 3419 quomodo

465 3443 679 3512 apertis
705 3443 1024 3498 nominibus
1039 3443 1208 3497 scorti
1227 3453 1283 3497 et
1311 3441 1543 3507 Christi,
1589 3442 1855 3513 producat
1891 3458 2055 3498 accu-

473 3531 768 3592 sationem,
784 3530 1024 3586 reddens
1040 3531 1211 3602 ipsam
1233 3531 1565 3602 graviorem.
1607 3551 1624 3584 ι
1649 3532 1805 3588 Unus
1824 3533 2055 3603 spiritus

469 3628 606 3676 est.»
633 3621 798 3684 Talis,
821 3621 1020 3691 inquit,
1039 3622 1140 3677 etsi
1173 3638 1405 3693 corpore
1419 3623 1813 3688 circumdetur,
1829 3625 2056 3695 spiritus

473 3722 657 3767 tanien
687 3711 944 3779 edicitur,
976 3730 1042 3769 ex
1071 3715 1176 3770 hoc
1208 3717 1385 3771 solum
1437 3717 1583 3786 quod
1641 3717 1779 3772 nihil
1835 3718 2054 3773 carnale

471 3811 752 3871 operatur.
789 3834 857 3842 —
887 3803 1006 3857 Alio
1033 3804 1208 3858 modo.
1244 3804 1350 3861 Aut
1377 3805 1506 3875 quia
1533 3821 1633 3875 per
1651 3806 1914 3860 medium“
1928 3805 2054 3876 Spi-

475 3901 644 3955 ritum
677 3911 926 3956 sanctum
948 3901 1061 3955 Deo
1091 3902 1467 3974 conjungitur,
1499 3903 1592 3973 qui
1615 3918 1715 3973 per
1743 3903 2051 3973 spiritualia

470 4006 638 4060 npera
668 3990 773 4060 ipsi
811 3991 1218 4061 .agglulinatur.
1246 4022 1317 4036 --
1371 3993 1491 4048 Alio
1526 3994 1698 4048 modo.
1747 3994 1922 4050 Unius
1966 4001 2052 4050 est

469 4082 700 4153 speciei,
725 4083 960 4140 omnino
985 4083 1291 4154 spiritualis
1323 4085 1558 4140 edicitur
1581 4087 1788 4141 unione
1835 4085 1902 4142 ad
1938 4087 2050 4142 Do-

469 4176 702 4240 minum,
731 4191 840 4230 non
857 4178 1164 4231 attrahitur
1185 4178 1502 4233 carnalibus
1528 4178 1839 4243 aﬂ‘cctibus,
1868 4192 2048 4248 neque

469 4268 742 4322 scinditur
765 4268 818 4324 in
842 4269 1068 4339 duplum
1094 4270 1376 4339 quiddam,
1401 4272 1512 4326 Deo
1538 4272 1786 4326 serviens
1805 4278 1861 4325 et
1880 4285 2050 4324 mam-

469 4375 668 4425 monae,
693 4360 790 4414 sed
806 4360 992 4414 nnitus
1007 4361 1235 4415 omnino
1249 4369 1354 4426 est,
1377 4369 1632 4431 totusque
1647 4361 1969 4431 spiritualis,
1991 4359 2046 4414 in

2079 3116 2125 3181 C

2165 1897 2299 1948 πος,
2331 1881 2507 1950 ἐκτός
2526 1883 2632 1938 τοῦ
2665 1883 2938 1953 σώματός
2957 1883 3148 1951 ἐστιν,
3185 1886 3220 1938 ό
3241 1882 3309 1936 δὲ
3329 1885 3603 1954 πορνεύων
3616 1888 3678 1953 είς

2164 1975 2232 2027 τὸ
2257 1973 2413 2029 ἴδιον
2437 1974 2610 2047 σῶμα
2640 1977 2984 2046 ἁμαρτάνει.

2236 2065 2406 2119 Πάλιν
2436 2066 2530 2120 ἐπὶ
2556 2067 2656 2139 τὴν
2699 2067 3071 2140 προκειμένην
3099 2063 3237 2139 ἦλθε
3269 2067 3577 2138 παραίνεσιν,
3605 2067 3676 2141 τὴν

2165 2156 2304 2212 κατὰ
2335 2160 2612 2230 πορνείας.
2645 2161 2787 2234 Ὀρα
2817 2161 2895 2236 δὲ,
2925 2162 3024 2215 οὐκ
3053 2155 3176 2215 εἶπε
3209 2163 3291 2216 Τά
3319 2163 3447 2234 μέλη
3477 2161 3554 2215 τοῦ
3581 2163 3677 2230 Χρι-

2165 2248 2292 2302 στοῦ
2322 2250 2498 2316 ζεύξω
2521 2252 2718 2324 πόρνῃ,
2764 2251 2881 2306 ἀλλ’
2911 2255 3048 2326 ὅπερ
3077 2249 3144 2325 ἦν
3191 2254 3474 2327 φρικῶδες,
3509 2254 3560 2306 τὸ
3582 2249 3675 2323 ἆραι

2161 2341 2232 2395 τὰ
2261 2341 2456 2398 ἑαυτοῦ
2483 2344 2618 2416 μέλη
2649 2346 2728 2416 τῷ
2755 2341 2894 2399 εἶναι
2937 2346 3175 2419 Χριστοῦ
3221 2347 3312 2401 καὶ
3341 2349 3544 2417 ποιῆσαι
3571 2342 3672 2399 εἶναι

2164 2433 2372 2506 πόρνης
2401 2451 2414 2466 ·
2445 2454 2463 2487 ι
2513 2437 2771 2492 Ἔσονται
2797 2439 2928 2509 γάρ,
2964 2440 3152 2510 φησὶν,
3205 2440 3256 2492 οἱ
3293 2439 3383 2492 δύο
3428 2441 3499 2502 είς
3541 2439 3672 2508 σάρκα

2165 2523 2314 2595 μίαν.
2355 2544 2373 2578 ι
2423 2527 2521 2592 Εἰς
2554 2529 2864 2600 μαρτυρίαν
2902 2530 3060 2601 φέρει
3089 2529 3188 2601 τὴν
3228 2531 3478 2588 Παλαιάν.
3519 2530 3617 2592 Πῶς
3635 2529 3674 2581 δὲ

2159 2615 2373 2671 ἔσονται
2404 2620 2483 2682 εἰς
2518 2619 2698 2691 σάρκα
2732 2622 2886 2690 μίαν;
2927 2623 3048 2678 Ὅτι
3089 2624 3122 2694 ἡ
3174 2623 3392 2687 σύνοδος
3413 2623 3501 2676 οὐκ
3527 2622 3673 2692 ἀφίησι

2159 2707 2286 2772 τοὺς
2311 2707 2404 2763 δύο
2436 2705 2577 2764 εἷναι
2604 2711 2719 2776 δύο,
2747 2712 2862 2766 ἀλλ’
2895 2714 2990 2767 ἕνα
3019 2716 3183 2770 ποιεῖ.
3233 2715 3441 2786 Ἐπειδὴ
3475 2713 3586 2784 μέλη
3606 2713 3672 2766 τοῦ

2159 2797 2400 2869 Χριστοῦ
2431 2801 2582 2856 ἐστιν
2609 2803 2636 2856 ό
2670 2802 2960 2875 ἄνθρωπος
2989 2805 3285 2878 ἐνούμενος
3311 2809 3375 2877 τῇ
3407 2805 3574 2876 πόρνῃ,
3595 2805 3674 2859 ἑνοῖ

2159 2889 2354 2946 ἑαυτὸν
2385 2891 2524 2964 αὐτῇ
2555 2894 2652 2947 καὶ⁵
2703 2895 2905 2965 μιαίνει
2951 2896 3021 2952 τὰ
3056 2897 3194 2968 μέλη
3235 2897 3483 2968 Χριστοῦ.
3514 2896 3565 2950 Εἰ
3595 2895 3672 2964 γὰρ

2159 2981 2256 3035 καὶ
2282 2981 2362 3046 είς
2389 2981 2481 3037 τὸν
2511 2983 2764 3054 ἀληθινὸν
2791 2986 2968 3057 γάμον
2992 2986 3246 3042 ἑνοῦνται
3277 2990 3325 3040 ot
3347 2987 3433 3041 δύο
3459 2988 3526 3051 εἰς
3541 2987 3670 3057 σάρκα

2165 3071 2312 3143 μίαν,
2348 3072 2463 3126 ἀλλ’
2494 3073 2698 3145 ὁμοίως
2743 3077 2836 3130 καὶ
2884 3079 2964 3141 είς
2992 3076 3090 3149 τὴν
3136 3078 3549 3150 διαϐεϐλημένην
3574 3094 3670 3146 πορ-

2159 3161 2330 3217 νείαν.
2371 3181 2390 3214 ι
2435 3163 2497 3216 '0
2528 3164 2586 3217 δὲ
2635 3165 2976 3238 κολλώμενος
3017 3168 3095 3240 τῷ
3143 3170 3361 3242 Κυρίῳ.
3396 3189 3412 3222 ι
3443 3171 3562 3241 Ὅρα
3586 3166 3670 3228 πῶς

2157 3255 2246 3310 διὰ
2275 3257 2500 3328 γυμνῶν
2527 3258 2638 3312 τῶν
2667 3259 2947 3330 ὀνομάτων
2973 3261 3071 3332 τῆς
3101 3263 3314 3335 πόρνης
3354 3265 3440 3318 καὶ
3468 3262 3546 3316 τοῦ
3575 3262 3671 3331 Χρι-

2159 3346 2307 3412 στοῦ,
2356 3348 2589 3418 προάγει
2639 3351 2739 3418 τὴν
2791 3355 3148 3424 κατηγορίαν,
3185 3354 3495 3409 δεινοποιῶν
3522 3352 3665 3422 αὐτήν.

2163 3457 2182 3492 ι
2229 3440 2326 3493 Ἐν
2357 3440 2576 3512 πνεῦμά
2603 3443 2770 3498 ἐστιν,
2811 3461 2829 3496 ι
2880 3445 2939 3498 '0
2970 3444 3241 3513 τοιοῦτος,
3265 3447 3417 3518 φησὶ,
3445 3446 3532 3500 κᾶν
3553 3442 3670 3513 σῶμα

2155 3530 2489 3600 περίκειται,
2519 3534 2737 3604 πνεῦμα
2766 3535 2998 3603 γίνεται,
3040 3538 3207 3607 μόνον
3244 3538 3321 3608 τῷ
3355 3537 3508 3608 μηδὲν
3541 3533 3670 3587 ποιεῖν

2158 3624 2442 3694 σαρκικόν.
2477 3653 2542 3665 -—
2565 3627 2815 3694 Ἄλλως.
2851 3627 3194 3702 [ΟΙΚΟΥΜ]
3233 3631 3306 3683 Ἦ
3335 3631 3411 3684 ὅτι
3441 3628 3517 3683 διὰ
3547 3627 3668 3698 μέσον

2152 3717 2250 3770 τοῦ
2283 3716 2440 3784 ἁγίου
2467 3717 2786 3790 Πνεύματος
2817 3721 3152 3775 συνάπτεται
3185 3722 3269 3792 τῷ
3291 3722 3515 3794 Χριστῷ,
3545 3733 3670 3789 προσ-

2157 3803 2500 3874 κολλώμενος
2541 3805 2690 3877 αὐτῷ
2722 3807 2810 3860 διὰ
2849 3809 2960 3862 τῶν
3007 3812 3398 3882 πνευματικῶν
3439 3811 3673 3881 ἔργων.-

2160 3895 2407 3962 Ἇλλως.
2471 3895 2683 3970 [ΦΩΤ.]
2741 3900 3038 3970 Μονοειδής
3091 3903 3280 3968 ἐστιν,
3347 3903 3474 3965 ὅλως
3514 3899 3670 3969 γίνεται

2155 3989 2547 4056 πνευματικὸς,
2601 3992 2668 4060 τῇ
2733 3991 2872 4060 πρὸς
2934 3992 3026 4045 τὸν
3098 3993 3310 4064 Κύριον
3360 3992 3550 4048 ὲνώσει.
3590 3988 3671 4042 ὓῦκ

2152 4079 2470 4149 ὲπισύρεται
2513 4081 2582 4134 τὰ
2618 4084 2860 4153 σαρκικά
2913 4085 3082 4155 πάθη,
3116 4087 3244 4140 οὐδὲ
3277 4088 3504 4159 σχίζεται
3533 4084 3598 4144 είς
3617 4079 3666 4131 δι-

2151 4172 2322 4240 πλόην
2355 4172 2498 4238 τινὰ,
2548 4173 2670 4244 Θεῷ
2720 4175 2990 4230 δουλεύων
3021 4178 3117 4230 καὶ
3152 4163 3412 4250 μαμωνᾷ,
3443 4171 3665 4230 mw;
3703 4187 3706 4190 '

2153 4262 2354 4327 ἐνιαῖός
2387 4265 2503 4317 ἐστι
2543 4265 2637 4318 καὶ
2662 4266 2782 4330 ὅλος
2813 4269 3208 4338 πνευματικὸς,
3242 4271 3324 4334 είς
3355 4271 3552 4330 inter,“
3577 4273 3667 4308 συνε

2151 4359 2424 4424 αγόμενος
2453 4354 2784 4427 πνεύματος.
2817 4379 2837 4411 ι
2873 4360 2990 4414 Πᾶν
3025 4361 3330 4430 ἁμάρτημα
3353 4353 3382 4407 ὃ
3409 4353 3494 4406 ὲάν
3514 4347 3668 4418 ποιήσι

468 4450 700 4519 spiritus
720 4451 985 4505 unitatem
1003 4451 1292 4507 adductus.
1317 4470 1335 4500 ι
1369 4452 1541 4506 Omne
1568 4463 1851 4522 peccatum
1871 4451 2048 4522 quod-

2155 4443 2460 4514 ἄνθρωπος,
2485 4447 2641 4511 ἐκτὸς
2663 4449 2756 4502 τοῦ
2783 4449 3030 4520 σώματός
3053 4454 3227 4502 εστιν,
3269 4465 3290 4497 ι
3329 4443 3448 4498 Ἐπὶ
3468 4441 3554 4510 τῆς
3571 4454 3668 4535 πυρί

467 4558 686 4611 cunque
716 4542 910 4597 fecerit
949 4543 1134 4606 homo,
1169 4553 1322 4598 extra
1343 4559 1554 4614 corpus
1575 4553 1679 4599 est.
1711 4563 1729 4595 ι
1758 4545 1821 4599 In
1842 4555 2050 4598 scorta-

470 4635 642 4698 tione,
699 4633 899 4703 inquit,
927 4642 1100 4690 totum
1128 4651 1330 4705 corpus
1353 4646 1751 4707 conspurcatur
1777 4651 1791 4690 :
1825 4644 2048 4706 propter

469 4722 619 4792 quod
641 4723 808 4778 etiam
839 4723 1012 4778 moris
1026 4733 1111 4778 est
1141 4733 1201 4780 ut
1223 4725 1316 4793 qui
1351 4727 1573 4780 scortati
1609 4726 1819 4781 suntad
1850 4725 2046 4779 halnea

475 4820 724 4864 currant.
754 4810 1037 4865 Homicida
1058 4827 1188 4866 vero
1243 4820 1298 4867 et
1319 4821 1508 4882 raptor
1535 4829 1730 4867 manus
1784 4816 2048 4867 duntaxat

469 4902 894 4957 commaculant.
951 4901 1111 4968 Quod
1137 4913 1318 4960 autem
1361 4904 1518 4969 dicit,
1554 4923 1572 4955 ‹
1609 4905 1801 4975 Fugite
1841 4911 2050 4959 scorta-

472 4992 699 5054 tionom,
733 5011 750 5043 ι
794 4994 1093 5048 studiosam
1126 4996 1377 5066 designat
1426 4997 1804 5052 evitationem.
1841 5027 1910 5036 —
1939 4996 2048 5050 Aut

471 5083 601 5152 quia
635 5092 829 5136 caetera
854 5085 984 5138 vilia
1005 5101 1071 5140 ex
1093 5087 1259 5140 animi
1280 5088 1713 5157 uniuscujusque
1742 5087 2048 5157 procedunt

482 5173 794 5238 affectibus,
831 5182 1019 5243 utpote
1043 5175 1135 5230 ira:
1163 5176 1217 5229 in
1242 5177 1536 5241 homicida,
1566 5178 1744 5234 inanis
1769 5180 1955 5249 gloria?
1988 5179 2042 5233 in

473 5265 560 5318 his
591 5267 683 5333 qui
713 5263 985 5319 ditescere
1019 5266 1247 5334 cupiunt
1276 5283 1290 5328 ;
1329 5269 1594 5324 scortatio
1626 5284 1762 5324 vero
1811 5284 1881 5324 ex
1923 5269 2044 5338 ipso

456 5371 699 5425 corpore
717 5354 903 5410 fontes
925 5356 1008 5410 sui
1035 5355 1199 5410 habet
1227 5359 1462 5414 ardoris.
1481 5360 1616 5414 Rem
1637 5370 1817 5416 autem
1840 5376 2045 5431 augere
2093 5385 2097 5388 ·

471 5447 674 5510 noluit,
706 5446 967 5514 quoniam
993 5445 1061 5500 de
1098 5447 1292 5500 eodem
1348 5449 1632 5518 praemissa
1673 5457 1760 5505 est
1810 5451 1880 5506 ab
1924 5451 2044 5520 ipso

467 5537 801 5592 exhortatio.
844 5537 1034 5607 Neque
1065 5539 1212 5593 enim
1241 5541 1425 5594 omnia
1450 5542 1676 5596 omnino
1722 5543 1939 5600 excedit
1988 5543 2042 5597 in

468 5627 740 5698 pravitate
769 5628 1051 5682 scortatio.
1083 5629 1274 5683 Plures
1305 5630 1408 5684 hac
1429 5629 1494 5684 de
1521 5646 1580 5685 re
1597 5630 1749 5686 dedit
1771 5633 2045 5702 interpre-

471 5717 706 5771 tationes
731 5716 928 5772 beatus
968 5717 1298 5773 Severianus
1324 5718 1781 5790 quinquagesimo
1806 5725 2044 5792 Septimo

471 5807 779 5876 volumine,
801 5824 1056 5867 sermone
1085 5811 1458 5884 tertio,capite
1486 5812 1702 5870 decimo
1727 5829 1874 5870 nono
1899 5815 2040 5872 hanc

2153 4535 2320 4600 νείας,
2352 4537 2537 4607 φησιν,
2563 4538 2682 4591 ὅλον
2715 4540 3000 4609 μολύνεται
3031 4535 3089 4590 τὸ
3112 4535 3296 4606 σῶμα.
3327 4533 3481 4588 Ὅθεν
3501 4530 3581 4584 καὶ
3603 4525 3668 4580 ἐπὶ

2152 4624 2407 4697 βαλανεῖα
2432 4629 2647 4700 τρέχειν
2679 4629 2798 4693 ἔθος
2822 4631 2934 4693 τοῖς
2959 4627 3342 4700 πορνεύσασιν,
3379 4623 3432 4680 ’0
3458 4623 3508 4677 δέ
3529 4638 3581 4690 γε
3599 4620 3670 4672 ἁν-

2149 4718 2404 4787 δροφόνος
2434 4721 2528 4774 καὶ
2572 4721 2781 4792 ἅρπαξ,
2815 4724 2972 4792 χεῖρα
3003 4719 3292 4791 μολύνουσι
3326 4718 3498 4788 μόνον.
3528 4711 3588 4764 Τὸ
3609 4707 3692 4767 δὲ.-

2153 4827 2174 4860 ι
2209 4810 2444 4879 Φεύγετε
2478 4813 2576 4885 τὴν
2609 4815 2886 4885 πορνείαν,
2923 4813 3020 4884 τὴν
3067 4812 3206 4882 μετὰ
3248 4809 3480 4877 σπουδῆς
3515 4801 3670 4857 ἀποδο-

2149 4904 2250 4971 1729
2278 4903 2444 4974 δηλοῖ.
2480 4935 2549 4946 -
2584 4904 2926 4978 [ΟΙΚΟῚἮ.]
2966 4905 3034 4959 Ἦ
3064 4907 3146 4959 ὅτι
3183 4904 3252 4958 τὰ
3285 4902 3441 4956 λοιπὰ
3468 4891 3670 4967 ἁμαρτῆ·

2152 5009 2300 5061 ματα
2343 4997 2437 5048 καὶ
2482 4996 2545 5049 ἐκ
2582 4997 2816 5066 ψυχικοῦ
2871 4998 3078 5060 πάθους
3123 4996 3355 5065 γίνεται,
3396 4986 3498 5046 οἷον
3540 4984 3666 5057 ὀργῆς

2147 5085 2244 5138 ἐπὶ
2291 5087 2643 5158 ἀνδροφόνου,
2696 5090 3002 5156 κενοδοξίας
3049 5091 3144 5142 ἐπὶ
3183 5089 3296 5142 τῶν
3330 5075 3667 5141 πλουτεῖνέθε-

2147 5178 2364 5236 λόντων.
2412 5181 2475 5234 Ἦ
2505 5181 2562 5234 δέ
2595 5199 2658 5251 γε
2686 5183 2912 5252 πορνεία
2943 5181 3001 5246 ἐξ
3033 5180 3197 5234 αὑτοῦ
3225 5180 3320 5234 τοῦ
3351 5177 3577 5246 σώματος
3595 5166 3667 5225 τὰς

2147 5273 2328 5341 πηγὰς
2361 5273 2473 5343 ἔχει
2509 5276 2609 5343 τῆς
2642 5274 2963 5345 ἐπιθυμίας.
3011 5273 3231 5344 Ἐξᾶραι
3261 5264 3592 5342 δὲίησουλήθη
3621 5256 3664 5309 τδ

2147 5365 2400 5434 πρᾶγμα,
2427 5366 2614 5435 ἔπειδὴ
2640 5367 2768 5437 περὶ
2802 5366 2968 5420 αὐτοῦ
3005 5365 3292 5437 πρόκειται
3324 5359 3466 5431 αὐτῷ
3497 5359 3526 5426 ἡ
3554 5366 3664 5419 παρ·

2146 5453 2370 5517 αἰνεσις.
2409 5455 2484 5508 υῦ
2533 5455 2644 5527 γὰρ
2672 5456 2888 5520 πάντως
2927 5457 3145 5511 πάντων
3179 5456 3360 5525 χεῖρον
3401 5440 3660 5520 ήπορνείαι

2145 5541 2314 5599 Εἶπεν
2375 5548 2450 5610 εἰς
2509 5547 2672 5601 τοῦτο
2728 5547 2947 5610 πλείους
2995 5546 3313 5620 ἑρμηνείας,
3361 5544 3389 5596 δ
3431 5542 3484 5593 ἐν
3522 5529 3660 5620 “mf;

2145 5637 2494 5708 Σευηριανδςν
2525 5638 2709 5710 τεύχει
2731 5638 2832 5706 νῖν
2875 5616 3120 5710 λόγῳᾶν,
3155 5634 3424 5706 κεφαλαίῳ
3452 5624 3526 5691 ιΘ’,
3558 5616 3658 5673 ταύ-

2142 5745 2242 5796 την
2290 5746 2348 5782 τε
2403 5729 2574 5801 αὐτὴν
2620 5729 2789 5785 εἰπὼν
2815 5731 2908 5784 τοῦ
2941 5729 3350 5801 Χρυσοστόμου,
3381 5722 3466 5776 καὶ
3494 5715 3656 5808 uno:

2147 5820 2287 5888 Ὅτι,
2317 5824 2506 5892 φησιν,
2534 5826 2562 5880 ὁ
2593 5823 2890 5895 πορνεύων,
2917 5823 2997 5886 είς
3020 5822 3119 5892 τὴν
3151 5821 3284 5874 ἰδίαν
3309 5815 3560 5872 σύστασιν,
3585 5817 3655 5854 και
