3872 6558
223 388 321 453 ’ἶιῖ

1172 387 1568 452 COMMENT.
1606 387 1686 450 IN
1723 387 1960 451 EPIST.
2002 387 2160 450 IAD
2199 387 2558 450 CORINTH.

3367 392 3473 456 ’ἶίῖ

222 510 298 572 εἰς
346 505 517 578 αὐτὴν
546 504 644 579 τὴν
676 504 769 560 τοῦ
819 504 1071 577 σώματος
1110 506 1204 561 τοῦ
1233 505 1575 579 ἀνθρωπείου
1621 524 1789 563 κατα-

1895 505 2066 576 ipsam
2097 503 2288 563 dicens
2332 521 2456 563 esse
2483 505 2860 579 Chrysostomi
2884 522 2901 573 ;
2924 514 2981 563 et
3006 506 3193 577 aliam,
3230 507 3371 577 Quia
3408 513 3475 576 is,

222 597 422 669 σκευὴν
472 597 804 669 πλημμελεῖ,
826 594 1142 669 ὶνυϐρίζων
1185 600 1266 662 εἰς
1306 598 1368 652 τὸ
1396 597 1490 652 τοῦ
1538 598 1787 670 σώματος

221 688 378 761 ἡμῶν
412 688 795 760 ἐργαστήριον.
827 688 938 741 Καὶ
962 687 1150 759 ἀλληνο
1186 687 1309 741 Ὅτι
1339 687 1497 757 σῶμα
1525 687 1785 762 Χριστοῦ,

220 781 315 833 καὶ
366 778 507 848 μέλη
535 776 775 849 Χριστοῦ
809 777 959 831 ἐστιν
984 777 1012 830 6
1042 776 1349 849 ἄνθρωπος.
1390 776 1449 832 ’0
1490 773 1583 834 οὖν
1620 779 1702 843 εἰς
1728 779 1788 831 τὸ

219 871 350 926 ίδιον
374 870 536 941 σῶμα
566 869 925 942 πλημμελῶν,
951 873 1032 935 είς
1063 870 1297 942 Χριστὸν
1326 870 1659 944 πλημμελεῐ,
1688 872 1788 944 τὴν

215 963 459 1035 κεφαλὴν
489 962 671 1035 ἡμῶν,
720 956 781 1019 οὗ
828 963 924 1017 καὶ
953 965 1081 1027 ναός
1125 964 1243 1018 ἔστι
1291 963 1351 1021 τὸ
1406 963 1587 1037 σῶμα.
1632 963 1788 1018 Μετὰ

214 1054 439 1109 πάντων
486 1055 581 1108 καὶ
610 1053 782 1108 ταῦτα
805 1054 955 1120 δέξαι
993 1056 1043 1109 εί
1072 1052 1252 1126 βούλει
1289 1071 1304 1087 ’
1353 1054 1576 1128 Ἐξᾶραι
1603 1055 1789 1128 βουλό-

212 1161 380 1215 μενος
407 1143 466 1199 τδ
488 1145 589 1216 τῆς
627 1146 887 1219 πορνείας
921 1145 1246 1219 ἁμάρτημα,
1275 1146 1518 1202 τοιοῦτόν
1547 1164 1669 1202 τινα
1696 1147 1787 1203 λέ-

209 1254 300 1305 γει
330 1236 554 1303 σκοπὸν,
608 1238 691 1293 ὅτι
738 1239 951 1310 μυρίων
1001 1238 1153 1306 ἄξιος
1184 1238 1469 1312 τιμωριῶν
1513 1242 1541 1295 6
1570 1239 1787 1314 πόρνος.

219 1333 284 1386 Ὅ
312 1334 420 1404 γὰρ
448 1333 543 1389 τοῦ
572 1334 846 1407 μολυσμοῦ
869 1336 961 1390 τιοῦ
991 1336 1192 1391 οἰκείου
1222 1335 1475 1409 σώματος
1507 1337 1582 1409 μὴ
1609 1337 1788 1408 φειδό-

210 1440 405 1493 μενος,
452 1425 568 1490 πῶς
617 1426 777 1481 ἄλλου
810 1427 1094 1499 φείσαιτος
1136 1428 1195 1485 ’0
1224 1429 1334 1501 γὰρ
1371 1428 1555 1499 ἑαυτῷ
1596 1428 1784 1494 κακὸς,

207 1516 323 1570 τίνι
355 1517 559 1587 ἀγαθός
583 1533 599 1584 ;

289 1704 402 1760 Kal
463 1703 683 1771 ἄλλως.
754 1705 1071 1777 Γέγραπται
1127 1704 1257 1777 περὶ⁸
1310 1703 1405 1759 τοῦ
1457 1703 1649 1776 ἀνδρὸς
1696 1705 1789 1758 καὶ

203 1794 311 1864 τῆς
348 1795 627 1864 γυναικὸς,
659 1813 680 1848 ι
716 1797 1035 1851 Ἕσονταιοί
1083 1796 1176 1851 δύο
1224 1797 1305 1862 είς
1360 1796 1540 1869 σάρκα
1580 1795 1727 1868 μίαν.
1764 1814 1783 1848 ι

216 1887 282 1940 Ὀ
335 1885 430 1941 οὖν
471 1886 546 1959 μὴ
576 1888 725 1960 νόμῳ
771 1888 1242 1962 ἐπιτετραμμένος
1292 1889 1389 1945 καὶ
1421 1887 1553 1961 θείῳ
1597 1889 1785 1961 γάμῳ,
1820 1868 1867 1926 Β

205 1979 352 2037 ἀλλὰ
384 1981 686 2054 πορνεύων,
714 1981 833 2038 δέον
869 1982 1013 2055 ἔχειν
1054 1982 1235 2056 τίμιον
1270 1983 1447 2055 γάμον
1478 1983 1576 2040 καὶ
1604 1983 1792 2055 κοίτην

205 2077 502 2147 ἀμίαντον,
548 2077 613 2129 ὲκ
656 2074 760 2146 τῆς
807 2076 1065 2139 πορνείας
1094 2075 1310 2146 καὶτῆς
1355 2075 1508 2130 ἐνθεν
1546 2076 1793 2147 ἀκαθαρ-

205 2167 363 2231 σίας,
407 2166 681 2239 ὲνυδρίζει
706 2167 800 2222 τὸν
845 2165 1025 2238 γάμον
1058 2166 1153 2220 καὶ
1194 2165 1294 2237 τὴν
1325 2167 1581 2236 γυναῖκα.
1633 2166 1693 2221 '0
1734 2166 1791 2220 δὲ

202 2262 375 2319 τοῦτο
406 2263 594 2328 ποιῶν,
628 2265 707 2328 εἰς
737 2262 866 2319 ἴδιον
901 2263 1059 2335 σῶμα
1091 2263 1417 2336 ἁμαρτάνει,
1455 2265 1536 2328 είς
1565 2264 1663 2337 τὴν
1694 2281 1792 2334 γυ-

202 2358 379 2410 ναῖκα
412 2356 762 2427 ἁμαρτάνων,
797 2356 919 2427 ἣτις
947 2355 1007 2411 ἓν
1055 2355 1221 2426 σῶμά
1259 2356 1373 2411 ἐστι
1410 2356 1548 2425 μετὰ
1574 2355 1671 2410 τοῦ
1702 2357 1793 2410 ἀνο

202 2450 363 2523 δρός.
394 2450 505 2506 Καὶ
532 2448 693 2520 σῶμά
713 2450 829 2504 ἐστι
862 2448 956 2504 τοῦ
985 2448 1200 2521 ἀνδρὸς,
1236 2449 1373 2506 καθὸ
1398 2449 1609 2521 πλευρά
1629 2448 1791 2505 αὐτοῦ

205 2543 375 2596 ἐστιν
405 2541 499 2596 καὶ
521 2540 581 2606 ἐξ
607 2539 773 2595 αὐτοῦ
811 2540 1046 2614 ἐλήφθη.
1088 2541 1199 2612 Τὴν
1231 2541 1548 2598 τελευταίαν
1589 2541 1793 2613 νομίζω

204 2633 515 2703 καλλίστην
544 2627 706 2688 εῖναι·
738 2632 1000 2704 ἀνελλιπῆ
1045 2631 1155 2705 γάρ
1207 2632 1307 2706 την
1350 2632 1445 2687 τοῦ
1477 2633 1641 2705 ῥητοῦ
1675 2634 1792 2690 διά-

202 2743 371 2785 νοιαν
400 2726 580 2792 σώζει.
608 2726 938 2803 Εὑρίσκεται
967 2725 1078 2799 γὰρ
1103 2725 1277 2791 οὕτως
1304 2745 1321 2762 ο
1353 2728 1469 2782 Πᾶν
1489 2727 1792 2800 ἁμάρτημα

206 2819 241 2874 ὃ
270 2820 341 2874 ἂν
372 2819 553 2893 πράξῃ
607 2819 925 2892 ἄνθρωπος,
958 2821 1114 2885 ἐκτός
1139 2822 1253 2876 ἐστι
1285 2821 1378 2891 τῆς
1412 2822 1549 2893 πρὸς
1573 2821 1671 2894 τὴν
1697 2839 1791 2891 γυ-

204 2912 385 2965 ναῖκα
436 2911 678 2983 ἑπιμίξει
731 2911 1040 2984 παροινίας,
1071 2911 1168 2967 καὶ
1218 2912 1579 2985 ἀκαθαρσίας.
1633 2913 1692 2968 '0
1734 2913 1792 2967 δὲ

204 3003 526 3074 πορνεύων,
567 3005 648 3068 είς
674 3003 776 3077 τὴν
803 3004 1039 3072 γυναῖκα
1078 3004 1406 3078 ἁμαρτάνει,
1450 3004 1791 3076 ἀκαθαρσίας

205 3092 395 3163 αὐτὴν
427 3094 781 3165 ἀναπιμπλάς
815 3093 912 3148 καθ⁵
938 3095 1314 3170 αίσχρότητος.
1361 3096 1470 3152 Καὶ
1501 3096 1597 3150 τοῦ
1632 3097 1790 3166 ἁγίου

218 3184 549 3283 ’ἑθανασίου
590 3185 741 3283 ἐστὶ.
759 3185 897 3283 προς
931 3186 1142 3252 τούτοις
1180 3189 1382 3283 ἅπασιν
1410 3189 1695 3261 ἑρμηνεία,
1733 3190 1792 3243 ὲν
1818 3219 1861 3283 c

205 3273 299 3344 τῷ
325 3273 469 3343 Περὶ
516 3274 745 3344 σεμνοῦ
780 3273 971 3345 γάμου
995 3315 1009 3341 ,
1069 3277 1164 3331 καὶ
1207 3277 1344 3349 πρὸς
1389 3278 1600 3344 τούτοις
1648 3279 1792 3343 ὅλοις

207 3365 567 3435 ἡρμήνευσεν
594 3363 788 3430 οὕτως·
824 3367 968 3438 Πρὸς
999 3366 1373 3440 ἁϐροδιαίτους
1408 3367 1502 3423 καὶ
1530 3369 1791 3442 φιλοσάρ-

207 3470 355 3521 κους
389 3455 615 3525 γράφων
647 3455 677 3509 6
708 3457 940 3526 Παῦλος,
971 3461 1037 3530 τῇ
1080 3459 1259 3514 αὐτῶν
1299 3458 1627 3531 φιλοσαρκίᾳ
1673 3476 1794 3516 συν-

208 3546 374 3618 εργῷ
411 3546 682 3619 ἐχρήσατο
707 3547 843 3621 πρὸς
871 3548 971 3622 τὴν
1002 3549 1104 3621 τῆς
1147 3551 1405 3622 πορνείας
1440 3550 1792 3623 παραίτησιν,

207 3638 384 3693 τοῦτο
408 3638 604 3709 λέγων,
634 3639 719 3694 ὅτι
756 3638 827 3694 τὰ
859 3640 1024 3695 λοιπὰ
1064 3641 1440 3714 ἁμαρτήματα
1473 3640 1648 3715 ψυχὴν
1677 3640 1795 3697 ἀδι-

208 3730 330 3795 κεῖ,
372 3731 468 3786 καὶ
501 3731 581 3795 είς
614 3730 784 3801 αὐτὴν
811 3728 978 3803 μόνην
1009 3729 1108 3799 τὴν
1142 3729 1347 3801 βλάϐην
1382 3730 1744 3800 παραπέμπει
1772 3745 1788 3762 ο

209 3820 244 3874 ὸ
270 3819 330 3874 δέ
379 3837 445 3889 γε
505 3820 802 3894 πορνεύων,
852 3822 950 3876 σὺν
976 3822 1040 3892 τῇ
1070 3820 1215 3894 ψυχῇ
1270 3821 1365 3875 καὶ
1390 3820 1451 3875 τὸ
1499 3820 1656 3893 σῶμα
1678 3822 1793 3876 ἀδι-

209 3914 326 3977 κεῖ,
365 3911 606 3984 φθείρων
643 3912 776 3967 αὐτὸ
810 3912 905 3967 καὶ
934 3911 1273 3985 ὲκδυναμῶν,
1312 3929 1409 3967 και
1440 3911 1531 3967 τὸν
1558 3912 1789 3983 ψυχικδν

209 4006 313 4056 καὶ
355 4002 590 4068 ζωτικὸν
616 4004 895 4075 καθαιρῶν
921 4004 1096 4067 τόνον,
1115 4003 1190 4069 ὡς
1222 4006 1270 4058 εἰ
1302 3999 1456 4059 εἶπεν
1480 4020 1495 4036 ο
1532 4004 1793 4059 Φείσασθε

210 4092 322 4146 κᾶν
352 4093 453 4146 τοῦ
502 4091 749 4164 σώματος
789 4093 944 4158 ὑμῶν
995 4093 1025 4148 ὃ
1069 4094 1363 4167 περιέπετε
1410 4095 1503 4148 καὶ
1536 4094 1792 4160 θάλπετε,

214 4183 316 4231 καὶ
347 4176 411 4236 οὗ
450 4183 706 4254 πρόνοιαν
749 4184 1022 4255 πλείστηνΔ
1054 4184 1315 4241 ποιεῖσθε.
1348 4214 1413 4227 -—
1459 4186 1623 4258 [ΤΟΥ
1671 4186 1796 4240 Αἶύ

214 4268 413 4343 ΤΟΥ.]
438 4275 504 4325 Τί
540 4275 670 4345 οὖνς
700 4278 728 4331 6
757 4276 969 4347 φθόνος,
1010 4278 1196 4349 φησὶν,
1227 4277 1288 4332 οὐ
1325 4277 1484 4351 τήκει
1506 4278 1566 4332 τὸ
1600 4278 1793 4350 σῶμα;

213 4363 272 4416 τί
298 4357 400 4415 οὖν
434 4361 604 4433 μόνην
638 4368 738 4437 τὴν
771 4368 1029 4439 πορνείαν
1064 4368 1224 4423 τοῦτο
1259 4369 1365 4442 φὴς
1396 4370 1610 4436 ποιεϊνς
1662 4369 1796 4423 Δίαν

213 4453 489 4522 ἀσφαλῶς
556 4451 710 4510 εἶπεν
761 4460 790 4511 6
840 4459 1187 4526 Ἀπόστολος.
1230 4462 1371 4532 Φησὶ
1417 4462 1548 4530 γάρ,
1600 4474 1621 4514 t
1680 4460 1797 4516 Πᾶν

1887 598 2089 668 inquit,
2116 599 2212 669 qui
2240 599 2644 666 scortatur,sin
2675 600 2956 670 propriam
2985 609 3181 671 peccat
3204 602 3438 659 substan
3456 634 3476 648 ο

1887 687 2019 743 tiam
2044 697 2101 745 et
2134 688 2191 745 in
2214 689 2387 760 ipsam
2441 689 2671 747 humani
2726 691 2976 761 corporis
3030 690 3419 751 formationem
3455 727 3474 753 9

1887 795 2144 851 lnjurtam
2176 796 2442 837 exercens
2468 781 2525 837 in
2549 782 2805 853 corporis
2836 783 3013 840 nostri
3060 783 3356 842 otliciuam.
3399 787 3471 842 Et

1889 872 2109 929 tertiam
2150 890 2165 928 :
2192 871 2331 939 Quia
2359 889 2562 946 corpus
2585 874 2791 933 Christi
2824 883 2884 933 et
2903 876 3145 933 membra
3175 877 3341 935 homo
3372 888 3477 943 est.

1886 965 1983 1035 qui
2011 965 2069 1021 in
2110 966 2396 1038 proprium
2419 977 2611 1038 peccat
2632 983 2857 1041 corpus,
2883 969 2941 1027 in
2970 969 3259 1028 Christum
3303 982 3470 1043 caput

1887 1066 2137 1115 nostrum
2165 1068 2376 1131 peccat,
2401 1061 2562 1133 cujus
2586 1061 2753 1118 etiam
2796 1064 3063 1135 templum
3109 1072 3196 1122 est
3244 1080 3476 1138 corpus.
3572 1104 3575 1111 .

1889 1150 2044 1208 lnter
2094 1152 2282 1207 omnia
2316 1167 2450 1209 vero
2479 1161 2536 1210 et
2565 1152 2685 1210 haec
2713 1154 2904 1227 accipe
2951 1156 2996 1213 si
3030 1157 3249 1228 placet:
3279 1158 3479 1215 Veiens

1889 1241 2253 1301 scortationis
2282 1259 2484 1315 augere
2505 1253 2818 1315 peccatum,
2847 1246 3011 1303 talem
3030 1249 3345 1320 quempiam
3358 1264 3481 1305 sco-

1891 1348 2025 1405 pum
2086 1334 2275 1403 habet,
2327 1349 2529 1405 nempe
2579 1335 2726 1407 quod
2787 1337 3095 1396 innumeris
3137 1339 3338 1412 dignus
3390 1347 3479 1397 est

1891 1432 2164 1481 scortator
2195 1425 2521 1497 suppliciis:
2550 1427 2819 1500 quienim
2861 1444 2973 1485 non
3014 1430 3256 1488 abstinet
3293 1448 3328 1489 a
3371 1433 3478 1491 fte-

1892 1517 2078 1573 dando
2110 1519 2336 1590 proprio
2362 1533 2615 1590 corpore,
2642 1520 2922 1591 quomodo
2965 1520 3035 1577 ab
3081 1523 3190 1579 alio
3229 1524 3477 1582 abstine-

1892 1609 2007 1666 bit?
2036 1609 2174 1666 Nam
2227 1610 2327 1681 qui
2359 1611 2466 1667 sibi
2499 1627 2735 1685 nequam
2784 1623 2891 1681 est,
2952 1613 3044 1670 cui
3093 1614 3274 1672 bonus
3320 1617 3480 1673 erit!

1964 1701 2083 1757 Alio
2143 1718 2348 1775 quoque
2394 1705 2568 1761 modo.
2629 1703 2904 1776 Scriptum
2956 1713 3042 1763 est
3121 1708 3189 1764 de
3239 1708 3359 1765 viro
3420 1718 3477 1766 et

1897 1793 2132 1849 muliere
2166 1792 2368 1867 ι471
2411 1812 2431 1848 ι
2468 1796 2648 1852 Erunt
2688 1791 2904 1854 duo‘in
2965 1815 3185 1857 carnem
3222 1816 3410 1857 unam.
3446 1820 3471 1855 ι

1897 1883 1999 1952 Qui
2052 1901 2185 1958 ergo
2237 1900 2351 1942 non
2385 1887 2504 1959 lege
2558 1888 2827 1946 divinisve
2865 1893 3192 1964 eonjunctus
3247 1901 3332 1949 est
3381 1908 3477 1949 nu-

1892 1977 2045 2047 ptiis,
2075 1975 2170 2033 sed
2196 1985 2497 2046 scortatur,
2518 1979 2611 2036 ubi
2635 1996 2775 2052 opus
2796 1993 2944 2040 esset
2966 1984 3347 2040 honorandum
3380 1984 3477 2042 ha-

1892 2068 2025 2124 bere
2092 2069 2435 2125 connuhium
2505 2078 2797 2143 torumque
2852 2056 3352 2140 immaculatum“,
3406 2090 3476 2131 ex

1891 2161 2225 2217 scortatione
2261 2169 2318 2217 et
2336 2161 2694 2219 immunditia
2733 2179 2857 2235 qua:
2920 2164 3050 2221 inde
3090 2165 3345 2238 provenit
3384 2166 3473 2221 in-

1886 2251 2033 2325 juria
2060 2251 2227 2309 allicit
2280 2254 2505 2325 nuptias
2550 2263 2608 2311 et
2659 2271 2910 2313 uxorem.
2980 2256 3088 2325 Qui
3131 2265 3317 2314 autem
3371 2258 3474 2312 hoc

1892 2342 2116 2409 facit,in
2146 2346 2432 2417 proprium
2459 2361 2664 2417 corpus
2687 2347 2976 2420 delinquit,
3004 2349 3139 2405 dum
3167 2349 3224 2405 in
3247 2365 3473 2406 uxorem

1890 2435 2185 2507 delinquit,
2232 2452 2355 2508 qua;
2385 2454 2562 2493 unum
2589 2454 2791 2510 corpus
2818 2449 2904 2495 est
2947 2455 3075 2497 cum
3125 2442 3248 2497 viro
3285 2458 3301 2508 ;
3358 2441 3473 2497 imo
3576 2490 3581 2501 .

1890 2541 2092 2599 corpus
2117 2528 2221 2584 viri
2245 2538 2333 2585 est
2363 2529 2652 2586 earatione
2672 2546 2782 2601 qua
2812 2530 2990 2602 ipsius
3017 2531 3163 2589 latus
3192 2543 3279 2589 est
3315 2542 3373 2590 et
3402 2532 3473 2588 ab

1891 2631 1961 2674 eo
2006 2628 2247 2689 sumpta.
2295 2619 2503 2676 Harum
2556 2620 3083 2693 interpretationum
3130 2633 3467 2695 postremam

1891 2709 2130 2766 arbitror
2181 2725 2307 2767 esse
2356 2712 2809 2783 pulcherrimam.
2867 2715 3063 2771 Servat
3110 2716 3258 2772 enim
3315 2717 3473 2774 verbi

1893 2804 2250 2871 sententiam,
2295 2805 2377 2861 sic
2422 2813 2485 2860 ut
2524 2805 2665 2861 nihil
2698 2806 2778 2862 illi
2810 2806 2975 2874 desit,
3011 2808 3264 2880 nihilque
3290 2809 3471 2864 abun-

1892 2896 2003 2952 det.
2054 2896 2190 2953 Nam
2225 2897 2334 2965 hoc
2378 2897 2541 2954 modo
2581 2897 2910 2956 deducitur:
2959 2900 3135 2956 Omne
3181 2911 3471 2972 peccatum

1890 2989 2260 3061 quodcunque
2285 2988 2477 3046 fecerit
2508 2990 2694 3058 homo,
2718 2992 2854 3048 illud
2886 2993 3207 3064 operabitur
3262 2993 3472 3066 absque

1890 3080 2226 3137 contumelia
2257 3096 2322 3139 ac
2347 3081 2697 3139 immunditia
2724 3099 2844 3155 quae
2866 3083 2927 3139 tit
2962 3068 3017 3139 in
3049 3099 3317 3139 uxorem:
3372 3086 3468 3155 qui

1893 3184 2078 3232 autem
2099 3184 2399 3243 scortatur,
2424 3177 2482 3232 in
2517 3193 2743 3235 uxorem
2773 3186 2985 3249 peccat,
3022 3178 3374 3235 immunditia
3400 3194 3472 3235 ac

1896 3267 2236 3339 turpitudine
2263 3268 2435 3340 ipsam
2494 3268 2731 3340 replens.
2780 3269 2984 3325 Praeter
3010 3268 3127 3325 haec
3144 3269 3327 3325 omnia
3356 3270 3470 3326 divi

1895 3373 2116 3430 quoque
2141 3359 2427 3416 Athanasii
2453 3359 2617 3418 datur
2638 3360 3045 3432 interpretatio,
3074 3360 3169 3431 qui
3216 3359 3271 3416 in
3323 3361 3470 3418 lihro

1893 3450 1974 3507 De
1994 3452 2306 3508 venerandis
2325 3452 2548 3525 nuptiis,
2588 3453 2731 3508 ultra
2759 3451 2862 3508 ista
2883 3452 3067 3508 omnia
3097 3452 3172 3507 ita
3194 3451 3468 3524 interpre-

1898 3551 2048 3600 tatus
2066 3552 2173 3601 est:
2194 3545 2275 3602 Ad
2296 3545 2563 3602 delicatos
2584 3561 2649 3602 ac
2670 3544 3050 3616 voluptuarios
3071 3545 3317 3602 scribens
3332 3547 3471 3601 Pau-

1897 3635 1985 3693 lus
2047 3637 2253 3694 auxilio
2274 3639 2637 3710 voluptuarite
2687 3654 2880 3695 eorum
2928 3639 3053 3695 vita:
3108 3653 3239 3696 usus
3276 3649 3361 3696 est
3398 3640 3467 3695 ad

1897 3729 2248 3784 scortationis
2272 3729 2675 3800 depulsionem,
2710 3729 2817 3786 hoc
2854 3730 3065 3797 dicens,
3095 3730 3241 3801 quod
3270 3738 3468 3787 caetera
3538 3758 3545 3763 ο

1895 3827 2119 3890 peccata
2147 3821 2386 3876 animam
2410 3821 2611 3894 injuria
2633 3819 2896 3887 alliciunt,
2926 3830 2983 3878 et
3023 3821 3079 3879 in
3104 3821 3272 3878 solam
3296 3821 3467 3893 ipsam
3568 3838 3581 3857 ε

1897 3919 2293 3967 nocumentum
2311 3912 2693 3967 transmittunt
2715 3929 2731 3980 ;
2759 3912 2854 3983 qui
2877 3926 3013 3968 vero
3035 3921 3471 3976 scortatur,c0r-

1898 4015 2003 4072 pus
2035 4015 2143 4056 una
2166 4016 2291 4056 cum
2309 4000 2491 4056 anima
2517 4000 2682 4056 allicit
2714 4001 2937 4073 injuria,
2954 4015 3315 4072 corrumpens
3330 4000 3468 4057 illud

1899 4108 1966 4148 ac
2004 4091 2338 4159 debilitans,
2387 4101 2445 4148 et
2498 4093 2790 4148 animalem
2831 4108 2896 4148 ac
2936 4093 3157 4149 vitalem
3212 4092 3471 4149 auferens

1898 4183 2144 4254 vigorem
2189 4182 2268 4237 Ac
2295 4183 2342 4239 si
2368 4184 2596 4240 dixisset
2626 4200 2640 4237 :
2688 4182 2904 4239 Parcite
2931 4184 3019 4256 vel
3042 4184 3259 4254 corpori
3284 4192 3470 4240 vestro

1900 4275 2046 4346 quod
2063 4274 2316 4331 eycotttis
2339 4289 2405 4330 ac
2430 4274 2646 4336 fovetis,
2675 4281 2730 4330 et
2761 4274 2919 4348 cujus
2948 4290 3218 4330 summam
3251 4275 3471 4332 habetis

1901 4365 2195 4422 rationes).
2219 4397 2273 4411 -ν
2314 4363 2457 4434 Quid
2490 4381 2622 4438 ergo
2649 4366 2672 4422 i
2707 4382 2893 4422 annon
2926 4375 2984 4423 et
3019 4366 3224 4423 invidia
3269 4383 3472 4438 corpus

1902 4451 2307 4511 maceraticur
2332 4470 2466 4527 ergo
2504 4455 2675 4511 solam
2736 4454 3127 4513 scortationem
3176 4454 3318 4510 dicis
3366 4454 3473 4509 hoc

215 4545 535 4615 ἁμάρτημα
560 4546 588 4600 6
605 4548 701 4602 ἐὰν
723 4550 941 4621 ποιήσει
969 4548 1277 4624 ἄνθρωπος,
1304 4550 1461 4615 ἐκτὸς
1491 4551 1585 4605 τοῦ
1614 4549 1790 4622 σῶμα·

1902 4544 2126 4602 facere?
2152 4545 2327 4602 Caute
2359 4546 2658 4603 admodum
2688 4547 2906 4602 locutus
2925 4554 3010 4603 est
3062 4545 3373 4617 Apostolus.
3402 4545 3472 4599 At

216 4637 313 4699 τός
371 4637 553 4689 ἐστιν·
610 4657 631 4692 ι
691 4638 720 4691 6
750 4639 810 4693 δὲ
859 4639 1053 4711 φθόνος
1090 4642 1153 4696 οὐ
1182 4642 1389 4712 γίνεται
1439 4642 1571 4715 παρ’
1612 4642 1792 4712 ἡμῶν,

215 4724 343 4780 ἀλλ’
361 4727 668 4798 ἐνεργεῖται
721 4730 800 4793 είς
824 4732 974 4802 ἡμᾶς
1006 4746 1021 4763 ⁸
1064 4732 1348 4805 πάσχομεν
1376 4733 1486 4805 γάρ
1514 4771 1531 4801 ,
1563 4733 1681 4787 ἀλλ’
1731 4733 1793 4786 ού

220 4816 496 4888 ποιοῦμεν
519 4819 611 4875 τὸν
631 4820 843 4890 φθόνον,
868 4822 961 4877 καὶ
988 4823 1157 4889 πάθος
1183 4827 1350 4893 ἐστὶν,
1376 4807 1491 4881 ἀλλ’
1512 4824 1614 4879 οὐκ
1645 4824 1795 4896 ἐνέρ-

218 4928 378 4980 γεια,
410 4911 538 4984 περὶ
570 4915 848 4985 ἐνεργείας
876 4912 932 4968 δὲ
962 4916 1057 4971 νῦν
1090 4917 1291 4986 ὁλόγος
1317 4918 1393 4987 τῷ
1434 4916 1742 4988 ’Δποστόλῳ
1776 4932 1791 4946 ·

1898 4638 2049 4694 enim
2084 4657 2101 4689 ι
2133 4636 2306 4693 Omne
2353 4648 2637 4709 peccatum
2689 4639 3055 4710 quodcunque
3080 4636 3273 4693 fecerit
3305 4636 3471 4691 homo

1899 4739 2051 4786 extra
2079 4744 2281 4800 corpus
2303 4737 2426 4797 est;
2464 4748 2482 4783 ι
2524 4729 2727 4786 invidia
2793 4745 2925 4786 vero
2983 4746 3093 4786 non
3142 4729 3199 4785 tit
3224 4743 3255 4784 a
3284 4728 3467 4792 nobis,

1902 4821 2000 4878 sed
2030 4822 2085 4877 in
2112 4836 2214 4877 nos
2250 4820 2508 4877 efficitur.
2561 4821 2807 4877 Patimur
2838 4822 2985 4877 enim
3021 4830 3077 4877 et
3102 4836 3212 4877 non
3260 4821 3472 4891 agimus

1901 4909 2186 4976 invidiam,
2216 4911 2508 4981 passioque
2541 4920 2708 4967 estet
2750 4926 2858 4966 non
2885 4911 3028 4967 actio
3063 4930 3078 4967 :
3115 4926 3265 4967 nunc
3286 4918 3470 4968 autem

220 5001 364 5071 φησὶ
393 5001 551 5071 γὰρ,«
576 5003 690 5057 Πᾶν
719 5004 1020 5076 ἁμάρτημα
1045 5006 1074 5059 ὃ
1101 5007 1198 5060 ἐὰν
1226 5008 1423 5079 ποιήσῃ
1454 5007 1790 5077 ἄνθρωπος»

1897 5001 1965 5057 de
1984 5001 2204 5057 actione
2223 5016 2536 5057 sermonem
2561 5001 2693 5057 facit
2714 5004 3022 5073 Apostolus,
3053 5010 3107 5058 et
3126 5018 3471 5075 nequaquam

219 5094 283 5146 οὗ
322 5093 433 5164 μὴν
481 5095 609 5166 περὶ
642 5094 868 5161 πάθους.
916 5126 986 5138 --
1016 5098 1254 5165 ’Ἄλλως
1290 5096 1485 5170 [φοι]
1514 5097 1656 5154 Αὐτὸ
1702 5113 1790 5167 με·

1897 5093 1964 5149 de
1986 5092 2261 5163 passione.
2294 5093 2384 5148 Ait
2405 5093 2590 5150 enim:
2633 5113 2652 5145 ι
2681 5092 2855 5150 Omne
2881 5102 3169 5164 peccatum
3185 5097 3473 5166 quodcun-

224 5182 372 5251 ρίζει
400 5181 462 5236 τὸ
497 5182 625 5238 ἴδιον
641 5185 941 5255 σῶμα,νκαὶ
963 5187 1042 5250 εἰς
1070 5187 1285 5253 ἑαυτὸν,
1321 5187 1436 5241 ἀλλ’
1462 5188 1564 5241 οὐκ
1594 5172 1675 5251 είς
1702 5187 1790 5242 ἀλ-

1896 5200 2004 5255 que
2028 5184 2221 5239 fecerit
2253 5185 2438 5242 homo.
2480 5203 2500 5236 ι
2528 5214 2598 5228 —-
2628 5184 2746 5242 Alio
2764 5186 2938 5243 modo.
2960 5187 3144 5258 Ipsum
3166 5202 3328 5243 suum
3345 5202 3471 5243 cor~

219 5272 319 5327 λον
364 5272 467 5343 τὴν
498 5273 713 5330 ἀδικίαν
746 5275 1137 5344 ἐπιδείκνυται,
1174 5278 1312 5350 ὅπερ
1354 5278 1441 5332 ἐπ’
1478 5277 1653 5332 οὐδενὶ
1691 5278 1790 5332 τῶν

1899 5290 2004 5346 pus
2027 5275 2250 5343 dividit,
2291 5276 2425 5331 etin
2455 5277 2698 5349 seipsum
2753 5293 2863 5334 non
2929 5278 2983 5333 in
3031 5278 3197 5334 alium
3252 5288 3473 5334 exercet

220 5367 406 5420 ἀλλων
437 5367 584 5421 ἐστιν
614 5367 793 5440 εὑρεῖν
833 5369 1266 5441 ἁμαρτημάτων.
1300 5370 1507 5435 Πάντες
1550 5369 1658 5441 γὰρ
1702 5369 1790 5425 ἀλα

1902 5366 2256 5439 injustitiam,
2284 5369 2433 5440 quod
2469 5369 2538 5426 de
2578 5371 2729 5426 nullo
2767 5370 3000 5427 aliorum
3047 5371 3324 5427 invenitur
3342 5383 3472 5445 pec-

221 5458 356 5522 λους
389 5457 717 5529 βλάπτοντες
749 5462 1177 5534 ἁμαρτάνουσιν,
1214 5463 1243 5516 6
1269 5463 1327 5517 δὲ
1353 5462 1655 5536 πορνεύων,
1678 5464 1790 5517 ἑαυ·

1905 5469 2174 5515 calorum.
2206 5459 2411 5518 Omnes
2439 5461 2586 5517 enim
2618 5463 2741 5519 aliis
2760 5471 3151 5520 nocumentum
3183 5460 3473 5517 inferendo

223 5549 322 5602 τὸν
351 5549 603 5619 βλάπτων
621 5555 717 5607 καὶ
742 5553 1407 5622 κακοποιῶν.-Ἀλ.ιως.
1444 5554 1509 5608 Ἦ
1537 5556 1790 5624 ιπαγωγῦ

1910 5560 2143 5623 peccant
2177 5570 2192 5607 :
2224 5554 2320 5624 qui
2350 5569 2482 5610 vero
2499 5564 2773 5612 scortntur
2805 5557 2911 5613 sibi
2947 5555 3051 5627 ipsi
3081 5560 3261 5618 nocet,
3304 5553 3472 5608 malo-

228 5641 473 5696 δείκνυσι
498 5643 595 5715 τὴν
615 5645 823 5703 Ξννοιαν
844 5646 939 5702 τοῦ
958 5647 1402 5718 προτεταγμένου
1425 5645 1591 5717 αὐτῆς
1616 5645 1790 5715 ῥητοῦ

1918 5660 2025 5714 que
2084 5643 2269 5701 allicit.
2289 5672 2361 5685 -—
2393 5647 2514 5703 Alio
2541 5649 2711 5705 modo.
2737 5649 3001 5705 Deductio
3025 5644 3290 5716 praemissi
3316 5644 3469 5703 veriti

334 5797 379 5830 "
412 5796 578 5857 llebr.
604 5817 725 5871 xm,
757 5804 811 5858 ί.
