3872 6564
484 386 597 453 719

1538 391 1953 455 4(ECUMENII
1994 391 2290 459 TRICC/E
2329 400 2677 464 EPISCOPI
3196 380 3203 395 ’
3593 417 3674 482 7:0

468 513 655 570 talem
694 507 940 565 ostendit
979 521 1098 563 esse
1122 506 1462 562 intellectum
1497 505 1600 561 :Lln
1625 507 1913 579 proprium
1944 525 2054 565 eor-

2173 513 2427 587 τοιαύτην
2454 510 2596 572 εἶναι
2623 536 2638 551 ο
2663 519 2758 583 Ei;
2787 518 2848 573 τὸ
2893 517 3025 574 ίδιον
3072 518 3229 591 σῶμα
3258 519 3552 594 ἀμαρτάνει,
3589 525 3673 586 οἷον

481 620 585 676 pus
603 610 813 675 peccat,
847 601 1010 674 472
1055 600 1160 655 hoc
1191 609 1295 661 est,
1329 599 1384 653 in
1418 599 1597 669 ipsum
1638 600 1927 671 proprium
1955 602 2039 657 Do

468 697 615 752 mini
647 710 867 765 corpus.
892 693 1110 749 Etenim
1136 692 1416 764 subjungit
1449 708 1503 746 ει
1537 693 1621 747 Αιι
1653 692 1880 747 nescitis
1921 693 2068 763 quod

472 804 713 861 corpora
741 797 921 843 vestra
960 787 1228 857 templum
1257 796 1387 841 sunt
1422 785 1667 856 Spiritus
1707 784 1929 851 sancti;
1967 804 1985 838 ι
2012 793 2069 841 et

488 898 715 938 rursum
755 897 770 935 :
807 899 830 933 ι
860 880 929 935 Et
960 895 1070 935 non
1093 879 1230 935 estis
1247 878 1599 950 vestrijuris;
1628 885 1681 934 et
1713 879 1876 949 paulo
1899 886 2063 934 ante:

488 995 506 1028 ι
554 978 636 1030 An
661 974 891 1030 nescitis
912 972 1060 1044 quod
1119 986 1355 1044 corpora
1405 979 1590 1027 vestra
1638 971 1886 1028 membra
1936 977 2068 1026 sunt

481 1072 727 1129 Christi?
755 1091 774 1125 ι
803 1086 1138 1142 rursumque
1192 1086 1209 1125 :
1261 1089 1281 1123 ι
1313 1070 1455 1125 Num
1481 1068 1648 1141 igitur
1681 1067 1878 1123 tollens
1894 1082 2067 1123 mem-

478 1167 579 1221 bra
603 1166 911 1222 Christi...?
941 1185 959 1219 ι
1004 1166 1196 1235 Itaque
1221 1162 1267 1219 is
1288 1163 1383 1233 qui
1430 1171 1728 1224 scortatur,
1754 1161 1807 1215 in
1842 1159 2062 1231 propria

476 1258 686 1313 Christi
712 1255 961 1311 membra
1015 1263 1071 1311 et
1148 1255 1206 1309 in
1270 1253 1447 1323 ipsius
1491 1267 1692 1323 corpus
1767 1250 2061 1320 delinquit.

458 1351 621 1418 'Quid
648 1349 818 1422 ergo?
846 1349 1025 1419 inquit
1051 1347 1177 1417 :qui
1206 1346 1261 1401 in
1298 1343 1512 1401 ceteris
1532 1344 1862 1413 delinquunt
1891 1341 2061 1406 vitiis,

474 1457 665 1497 annon
720 1440 902 1511 etipsi
921 1441 1078 1512 juxta
1106 1438 1363 1493 eumdem
1394 1451 1705 1493 sermonem
1740 1435 1797 1489 in
1856 1433 2062 1490 Christi

477 1551 683 1607 corpus
707 1534 1087 1605 delinquunt?
1113 1532 1183 1587 Et
1205 1530 1445 1587 dicimus
1464 1528 1612 1601 quod
1641 1544 1752 1584 non
1781 1543 1848 1583 eo
1877 1527 2063 1582 modo.

468 1634 800 1700 Quanquam
827 1627 976 1683 enim
1021 1626 1068 1682 is
1084 1626 1178 1696 qui
1203 1624 1438 1689 furatur,
1460 1634 1555 1678 aut
1582 1621 1675 1691 qui
1700 1618 2060 1675 homicidium

476 1722 915 1790 committit,‘per
930 1717 1154 1788 aliquod
1190 1715 1501 1771 membrum
1553 1721 1840 1784 peccatum
1875 1710 2059 1776 iaciat,

476 1823 533 1869 at
557 1828 669 1868 non
706 1812 886 1883 ipsum
906 1809 1239 1887 membrum,
1268 1807 1363 1864 sed
1404 1816 1558 1863 extra
1580 1814 1640 1861 et
1663 1806 1716 1860 in
1745 1803 2060 1881 quempiam

475 1908 645 1963 alium
666 1880 928 1978 operatur
956 1880 1159 1959 malum
1180 1919 1195 1957 :
1214 1902 1309 1972 qui
1338 1917 1469 1957 vero
1498 1907 1792 1965 scortatur,
1819 1912 1917 1969 per
1948 1880 2066 1967 ipsa
2099 1880 2142 1937 Β

474 2014 694 2070 quoque
714 1996 960 2053 membra
986 1994 1129 2050 sicut
1167 2003 1221 2050 et
1250 1992 1352 2060 illi,
1405 2000 1462 2047 et
1487 1991 1543 2046 in
1570 2005 1669 2046 sua
1699 1988 1945 2043 membra
1975 1994 2062 2041 to-

467 2102 705 2160 tumque
732 2103 932 2159 corpus
959 2093 1350 2142 nocumentum
1374 2081 1709 2162 etinjuriam
1739 2077 2058 2134 committit.

471 2174 658 2241 -Αιὶὀ
677 2185 848 2239 modo.
868 2182 986 2238 Non
1006 2178 1275 2246 dixit,Per
1287 2193 1488 2249 corpus
1503 2173 1715 2248 peccat,
1739 2172 1883 2244 quod
1905 2171 2061 2227 multi

472 2277 869 2343 existimantes,
936 2273 1218 2345 negotium
1284 2271 1563 2326 facessunt
1617 2265 2059 2338 interpretibus,

473 2370 569 2426 sed
600 2389 617 2422 ι
646 2369 701 2423 ln
723 2368 1008 2440 proprium
1032 2379 1234 2436 corpus
1267 2371 1510 2433 peccatu
1540 2359 1595 2415 in
1628 2360 1807 2430 ipsum
1833 2359 2058 2423 labitur,

477 2465 657 2535 ipsum
679 2461 953 2531 inquinat,
991 2460 1170 2529 ipsum
1196 2454 1381 2511 reddit
1443 2452 1848 2509 detestandum.
1881 2449 2058 2535 Veluti

478 2528 525 2613 s-i
552 2556 680 2627 quis
710 2528 894 2609 dicat:
927 2528 1161 2619 Quidam
1186 2550 1429 2619 seipsum
1488 2545 1688 2617 injuria
1716 2541 1881 2599 allicit
1926 2528 2057 2597 dum

471 2652 708 2706 alterum
737 2652 894 2719 putat
943 2643 1145 2717 injuria
1167 2641 1401 2697 allicere.
1430 2640 1589 2697 Nunc
1625 2637 1773 2693 enim
1831 2634 2057 2706 respicit

472 2741 718 2813 Apostoli
749 2753 931 2795 sermo
954 2753 1063 2792 non
1099 2733 1432 2806 supplicium
1481 2732 1629 2803 quod
1658 2740 1846 2801 postea
1869 2727 2055 2798 sequi-

473 2844 565 2891 tur
599 2841 906 2905 peccatum,
942 2828 1038 2886 sed
1066 2825 1322 2900 injuriam
1355 2825 1552 2897 quain
1607 2823 1726 2894 ipso
1777 2837 1943 2892 opere
1983 2819 2059 2891 flit

478 2929 697 2997 corpori
720 2940 789 2981 ex
818 2923 966 2980 co’itu
1018 2935 1257 2975 vcnereo
1294 2935 1309 2974 :
1368 2919 1475 2974 hoc
1524 2927 1627 2981 est,
1671 2915 2053 2971 l'uedationem.

465 2996 762 3090 Siquidem
790 3016 884 3086 qui
910 3014 1271 3070 homicidium
1302 2996 1613 3083 perpetrat,
1646 3008 1813 3065 alium
1852 3004 2056 3063 interi-

474 3112 575 3168 mit
603 3128 618 3166 :
643 3108 738 3181 qui
768 3123 902 3164 vero
931 3113 1209 3162 scortatur
1233 3104 1477 3175 seipsum
1506 3103 1708 3175 injuria
1748 3101 1930 3156 allicit.
1986 3100 2053 3155 Et

2171 608 2255 672 είς
2305 608 2459 674 αὐτὸ,
2511 611 2664 680 φησὶ,
2695 611 2757 665 τὸ
2791 611 2921 666 ἴδιον
2968 611 3064 667 τοῦ
3110 613 3377 667 Δεσπότου
3410 617 3563 688 σῶμα.
3591 622 3675 678 Καὶ

2169 700 2280 773 γὰρ
2329 704 2546 773 ἐπάγει,
2593 724 2611 757 ι
2653 706 2723 759 Ἢ
2762 705 2863 760 οὐκ
2892 705 3071 759 οἴδατε
3101 706 3182 760 ὅτι
3215 706 3280 761 τὰ
3308 706 3516 779 σώματα
3560 714 3677 784 ὑμῶν

2169 796 2295 860 ναὸς
2323 797 2417 851 τοῦ
2440 797 2598 865 ἀγίου
2631 797 2950 870 Πνεύματός
2979 799 3131 864 tota;
3171 816 3188 850 ›
3229 801 3319 853 καὶ
3348 801 3516 855 πάλιν
3553 824 3569 856 ι
3601 808 3679 861 Καὶ

2169 890 2270 944 οῦκ
2294 889 2416 943 ὲστὲ
2449 890 2663 944 ἑαυτῶν
2695 907 2709 923 ο
2756 909 2775 943 ι
2811 892 2907 949 καὶ
2931 893 3036 958 πρὸ
3076 891 3321 963 βραχέος·
3358 911 3376 944 ί
3412 894 3514 948 οὐκ
3537 896 3677 953 οἴδατε

2169 984 2251 1037 ὅτι
2301 984 2371 1037 τά
2418 986 2645 1055 σώματα
2699 983 2853 1056 ὑμῶν
2883 985 3043 1057 ζμέλη
3096 984 3329 1056 Χριστοῦ
3375 987 3511 1055 tm;
3559 1006 3578 1041 ι
3610 993 3681 1046 καὶ

2168 1078 2352 1133 πάλιν·
2395 1097 2414 1131 ι
2452 1080 2518 1132 Ἀ
2529 1095 2630 1149 ρας
2663 1074 2755 1133 οὖν
2787 1077 2856 1133 τά
2876 1079 3013 1149 μέλη
3045 1076 3139 1132 τοῦ
3162 1077 3480 1148 Χριστοῦ...;
3509 1098 3526 1134 ι
3554 1082 3680 1137 Ὥστε

2166 1175 2193 1226 ὁ
2221 1172 2524 1245 πορνεύων,
2557 1173 2638 1237 είς
2666 1172 2734 1227 τά
2770 1173 2878 1228 ἴδια
2909 1173 3048 1245 μέλη
3071 1171 3165 1228 τοῦ
3188 1174 3420 1246 Χριστοῦ
3446 1176 3530 1229 καὶ
3553 1178 3619 1241 εἰς
3637 1180 3682 1232 τὸ

2167 1266 2327 1337 σῶμα
2379 1267 2544 1321 αὑτοῦ
2595 1265 2931 1338 πλημμελεῖ.
2965 1265 3032 1319 Τί
3072 1262 3198 1333 οῦνς
3240 1268 3420 1338 φησίν,
3449 1268 3506 1321 Οί
3533 1268 3701 1335 λοιπὰς-

2166 1357 2616 1431 πλημμελοῦντες
2649 1360 2948 1430 ἁμαρτίας,
2983 1359 3104 1429 ούχὶ
3134 1361 3278 1414 κατά
3308 1359 3487 1414 τοῦτον
3518 1362 3595 1415 τὸν
3617 1362 3683 1415 λό-

2163 1469 2259 1521 γον
2289 1453 2382 1507 καὶ
2422 1453 2576 1507 αὐτοὶ
2616 1452 2805 1516 είςκτδ
2837 1452 2930 1507 τοῦ
2980 1450 3220 1524 Χριστοῦ
3279 1451 3432 1522 σῶμα
3480 1452 3682 1524 πλημμε-
3788 1512 3793 1527 η

2163 1545 2352 1613 λοῦσι;
2388 1546 2499 1601 Καί
2525 1564 2727 1617 φαμεν,
2763 1532 2845 1601 ac;
2886 1546 2985 1620 οὐχ
3022 1546 3216 1611 οῦτως.
3265 1546 3328 1599 El
3374 1545 3475 1615 γάρ
3515 1550 3594 1599 καὶ
3619 1547 3683 1601 διά
3792 1584 3793 1611 η

2161 1655 2307 1702 τινος
2348 1638 2544 1710 μέλους
2585 1640 2613 1692 ὁ
2661 1635 2909 1692 κλέπτων
2947 1638 2979 1709 ἢ
3028 1636 3272 1708 φονεύων
3323 1636 3418 1707 τὴν
3460 1638 3681 1708 ἁμαρτίαν

2163 1732 2327 1795 ποιεῖ,
2366 1729 2483 1785 ἀλλ’
2511 1730 2632 1801 ούχὶ
2663 1730 2744 1795 εἰς
2772 1730 2833 1784 τὸ
2858 1729 3024 1785 αὑτοῦ
3065 1729 3249 1801 μέλος,
3290 1729 3403 1783 ἀλλ’
3426 1729 3581 1797 ἐκτὸς,
3614 1731 3683 1783 καὶ

2166 1826 2247 1886 είς
2279 1822 2438 1877 ἄλλον
2474 1822 2597 1876 τινὰ
2623 1824 2947 1893 κακουργεῖ.
2997 1820 3057 1877 '0
3086 1822 3144 1876 δὲ
3192 1820 3485 1892 πορνεύων,
3515 1822 3595 1875 καὶ
3620 1821 3682 1875 διὰ

2167 1913 2278 1969 τῶν
2298 1913 2498 1986 μελῶν,
2526 1916 2713 1987 ὥσπερ
2731 1916 2953 1978 ἐκεῖνοι,
2980 1914 3076 1970 καὶ
3098 1916 3179 1983 είς
3203 1913 3369 1968 αὐτοῦ
3393 1914 3456 1968 ea
3480 1913 3595 1984 μέλη
3616 1914 3684 1967 καὶ

2166 2010 2289 2064 ὅλον
2342 2007 2600 2079 τδισῶμα
2641 2007 2742 2080 τὴν
2789 2007 2997 2079 βλάϐην
3041 2007 3136 2062 καὶ
3167 2007 3270 2079 τὴν
3301 2005 3503 2061 ἀδικίαν
3529 2006 3681 2061 ἐπιδεί-

2167 2121 2347 2161 κνυσι.
2696 2106 2705 2113 “
3768 2098 3793 2105 ’“

2238 2198 2486 2263 Ἄλλως.
2533 2194 2647 2250 Οὔκ
2687 2188 2832 2262 εἷπε,
2862 2193 2963 2248 Διά
2994 2191 3089 2247 τοῦ
3132 2192 3388 2264 σώματος
3415 2191 3680 2264 ἁμαρτάνει,

2163 2289 2301 2362 ὅπερ
2356 2291 2405 2343 οί
2460 2288 2642 2342 πολλοὶ
2692 2286 3028 2359 νομίζοντες,
3079 2286 3386 2358 πράγματα
3441 2287 3680 2359 παρέχουσι

2164 2384 2279 2446 τοῖς
2326 2381 2743 2451 ἑρμηνεύουσιν,
2798 2379 2938 2445 ἀλλ’,
2972 2378 3069 2443 Εἰς
3118 2378 3255 2433 αὐτὸ
3291 2379 3586 2448 ἁμαρτάνει,
3622 2379 3680 2439 είς

2165 2472 2299 2527 αὐτὸ
2327 2472 2570 2543 σφάλλει,
2605 2471 2736 2526 αὐτὸ
2764 2471 3002 2543 μολύνει,
3036 2471 3166 2525 αὐτὸ
3204 2472 3397 2539 ἐναγὲς
3425 2469 3677 2541 ἀποφαίνει·

2163 2567 2239 2630 ὡς
2271 2565 2335 2619 ἄν
2356 2581 2440 2630 τις
2471 2566 2633 2631 είποι,
2654 2564 2713 2618 '0
2739 2564 2884 2618 δεῖνα
2914 2564 3105 2618 ἑαυτὸν
3133 2562 3525 2634 ὑϐρίζει,ᾶλλον
3546 2563 3679 2615 δοκῶν

2166 2659 2423 2731 ὑϐρίζειν.
2457 2658 2570 2711 Νῦν
2600 2658 2708 2729 γὰρ
2740 2656 2926 2728 βλέπει
2951 2657 3029 2728 τῷ
3069 2656 3381 2729 Ἀποστόλῳ
3415 2658 3440 2710 ό
3469 2655 3615 2723 λόγος,
3635 2655 3677 2707 ού

2166 2751 2299 2823 πρὸς
2325 2750 2423 2822 τήν
2443 2752 2580 2821 μετά
2599 2749 2770 2805 ταῦτα
2791 2750 3062 2821 ἐψομένην
3092 2749 3168 2820 τῷ
3193 2749 3539 2823 ἁμαρτήματι
3554 2765 3680 2819 τιμω-

2165 2846 2307 2918 ρίαν,
2324 2844 2460 2899 ἀλλά
2475 2845 2611 2915 πρὸς
2624 2844 2723 2915 τὴν
2742 2845 2801 2897 ὲν
2824 2830 3102 2915 τῇπράξει
3120 2843 3416 2914 γινομένην
3429 2841 3500 2913 τῷ
3518 2839 3678 2910 σώματι

2162 2939 2228 3001 ὲκ
2244 2937 2343 3007 τῆς
2389 2934 2712 3009 συμπλοκῆς
2743 2935 2919 3007 ὓϐριν,
2950 2934 3200 2989 τουτέστι
3237 2935 3329 2988 τὸν
3360 2932 3614 3005 μολυσμόν.
3637 2930 3677 2983 '0
3792 2964 3793 2973 η

2162 3032 2263 3102 μὲν
2275 3031 2383 3101 γάρ
2397 3031 2659 3100 φονεύων,
2676 3031 2835 3086 ἄλλον
2849 3029 3083 3100 φονεύει,
3104 3030 3132 3081 ό
3153 3028 3212 3082 δὲ
3237 3028 3520 3099 πορνεύων,
3535 3023 3675 3081 ἑαυτὸν

2160 3122 2501 3194 καθυϐρίζει.
2545 3123 2654 3177 Καὶ
2710 3123 2739 3175 ό
2788 3121 2857 3175 τὰ
2888 3121 3022 3175 ἄλλα
3072 3121 3396 3192 πταίσματα
3449 3119 3585 3190 δρῶν,
3621 3115 3677 3177 εἰς

467 3203 563 3275 qui
588 3211 784 3260 extera
815 3209 1078 3271 Operatur
1094 3206 1336 3270 peccata,
1371 3194 1423 3250 in
1456 3196 1562 3251 alia
1596 3205 1877 3264 operatur,
1902 3205 2047 3246 scor-

2164 3215 2289 3271 ἀλλα
2322 3216 2445 3287 δρᾷ.
2473 3218 2502 3269 ό
2521 3215 2577 3269 δὲ
2602 3214 2902 3280 λαγνεύων,
2925 3213 3118 3268 ἑαυτὸν
3148 3211 3515 3285 καταισχύνει,
3535 3208 3677 3264 ἑαυτὸν

469 3305 618 3352 tator
647 3302 833 3349 autem
866 3290 1111 3361 seipsum
1153 3286 1454 3365 pudefacit,
1491 3286 1734 3356 seipsum
1776 3283 2051 3354 inquinat.

460 3385 629 3444 Unde
660 3385 826 3441 etiam
854 3382 1181 3445 abluuntur,
1221 3395 1288 3434 eo
1311 3379 1458 3448 quod
1509 3376 1815 3432 fmditatcm
1850 3374 2055 3431 intelli-

470 3486 623 3550 gant,
665 3486 721 3533 et
751 3476 1149 3531 absurditatetn
1179 3472 1590 3527 abominantur.
1616 3469 1833 3525 Etenim
1855 3477 2055 3524 czetera

468 3572 672 3627 delicta
694 3569 750 3623 in
768 3585 896 3623 eum
924 3567 1093 3622 etiam
1124 3563 1429 3634 respiciunt
1451 3563 1545 3632 qui
1566 3559 1765 3633 injuria
1782 3559 2050 3629 afﬁcitur;

470 3665 584 3719 hoc
613 3671 796 3718 autem
818 3661 873 3715 in
906 3657 1160 3727 eumqui
1193 3655 1357 3709 allicit
1389 3654 1610 3724 injuria.
1658 3652 1866 3708 Caetera
1900 3659 2053 3708 extra
2080 3714 2083 3715 ν

469 3771 676 3827 corpus
697 3761 828 3809 sunt
847 3750 1117 3812 facientis,
1144 3748 1251 3803 hoc
1270 3747 1523 3817 inquinat
1545 3746 1720 3815 ipsum
1738 3735 2051 3800 facientem.

2164 3735 2399 3846 μολύνεί.
2433 3735 2547 3826 Kal
2578 3773 2639 3826 ὲν
2675 3771 2775 3843 μὲν
2811 3735 2922 3836 τοίς
2970 3735 3172 3837 ἄλλοις,
3222 3769 3415 3836 ἄλλους
3446 3735 3612 3831 ἀδικεῖ,
3637 3762 3676 3816 ὲν

464 3846 528 3901 1η
559 3845 775 3900 caeteris
801 3838 1156 3913 aliosinjuria
1193 3836 1378 3903 allicit,
1415 3837 1468 3891 in
1530 3833 1865 3890 scortatione
1915 3849 2052 3891 vero

463 3938 544 3993 sei
551 3952 733 4008 psum.

539 4029 698 4099 Quod
720 4029 763 4085 si
792 4029 1093 4084 secundum
1114 4025 1315 4098 aperiri
1352 4024 1451 4081 tibi
1483 4024 1621 4080 velis
1640 4025 1866 4091 ostium,
1915 4036 2051 4078 con-

460 4124 650 4181 sidera
671 4123 838 4193 quod,
864 4137 987 4176 cum
1018 4120 1335 4190 frequenter
1356 4118 1568 4173 homini
1589 4117 1864 4173 laboranti
1899 4114 2053 4170 defe-

463 4228 557 4275 ctu
588 4226 683 4272 aut
716 4216 921 4271 delicto
946 4213 1094 4284 quod
1119 4213 1280 4268 venia
1312 4212 1538 4283 dignum
1565 4219 1669 4275 est,
1694 4210 2052 4264 adhortantes

464 4311 713 4366 dicamus
747 4308 1053 4370 z—Frater,
1082 4304 1303 4360 discede
1335 4303 1403 4357 ab
1430 4303 1536 4357 hoc
1563 4300 1757 4356 morbo
1772 4298 1865 4370 qui
1893 4306 2055 4353 caete-

463 4402 821 4460 risomnibus
840 4400 996 4471 pejor
1021 4407 1128 4466 est,
1159 4427 1229 4438 —
1257 4412 1369 4451 non
1404 4395 1551 4466 quod
1582 4408 1774 4448 omnes
1798 4390 2048 4457 excedat,

462 4497 558 4554 sed
580 4496 727 4568 quod
790 4493 859 4548 ab
882 4493 978 4548 illo
1011 4507 1231 4563 quoque
1256 4490 1493 4545 velimus
1538 4489 1715 4559 ipsum
1754 4484 1997 4556 separari
2031 4500 2045 4537 :

2162 3308 2391 3383 μιαίνει.
2430 3308 2591 3377 ᾯθεν
2638 3309 2732 3365 καὶ
2774 3306 3152 3370 ἀπολούονται,
3202 3306 3299 3360 τὸν
3345 3302 3589 3377 μολυσμδν
3614 3301 3677 3352 ἐν·
3716 3310 3723 3311 ’

2158 3402 2429 3469 νοοῦντες,
2473 3402 2568 3455 καὶ
2598 3402 2699 3471 τὴν
2747 3399 2980 3456 ἀτοπίαν
3025 3395 3456 3470 βδελυττόμενοι.
3498 3395 3569 3449 Ta
3607 3391 3677 3465 μὲν

2157 3496 2266 3567 γὰρ
2306 3493 2441 3549 ἄλλα
2474 3493 2945 3566 πλημμελήματα,
2990 3492 3086 3546 καί
3129 3492 3215 3555 είς
3253 3490 3345 3545 τὸν
3390 3488 3678 3557 ἀδικούμενον

2159 3586 2369 3658 βλέπει,
2409 3585 2566 3641 τοῦτο
2595 3585 2674 3650 δὲ,
2712 3586 2793 3648 είς
2820 3584 2911 3638 τὸν
2948 3584 3270 3638 ἀδικοῦντα.
3306 3582 3385 3636 Τά
3414 3580 3534 3636 ἄλλα
3559 3577 3675 3639 ἐκτὸς

2155 3680 2250 3736 τοῦ
2284 3679 2537 3753 σώματός
2563 3680 2681 3734 ἐστι
2712 3678 2807 3733 τοῦ
2852 3678 3106 3750 δρῶντος,
3136 3676 3303 3733 τοῦτο
3327 3678 3386 3731 δὲ
3413 3676 3498 3730 τὸν
3517 3674 3676 3746 δρῶντα

2155 3865 2213 3920 δὲ
2242 3868 2308 3938 τῇ
2342 3864 2592 3938 πορνεία,
2623 3865 2838 3920 ἑαυτόν.

2226 4050 2367 4107 Είδὲ
2405 4036 2662 4123 δευτέραν
2690 4048 2870 4120 βούλει
2912 4065 2994 4103 σοι
3025 4050 3317 4122 ἀνοιγῆναι
3361 4042 3677 4121 θύραν,ἐννόει
3792 4118 3793 4125 γ

2152 4142 2236 4209 ὅτι
2274 4141 2462 4214 ἐπειδὴ
2492 4141 2752 4206 πολλάκις
2785 4139 3059 4214 ἀνθρώπῳ
3091 4144 3152 4196 οὐ
3189 4142 3512 4213 συγγνώμης
3540 4136 3675 4208 μεῖζον

2152 4232 2329 4306 ἔχοντι
2372 4233 2687 4304 ἐλάττωμα,
2742 4234 3132 4305 παραινοῦντες
3168 4235 3405 4306 λέγομεν
3429 4249 3443 4265 ⁸
3491 4222 3676 4291 Ἀδελφέ.

2153 4326 2423 4398 ἀπόστηθι
2453 4325 2645 4381 τούτου
2671 4325 2765 4381 τοῦ
2800 4328 3130 4399 νοσήματος,
3164 4327 3328 4380 τοῦτο
3370 4320 3568 4375 πάντων
3592 4316 3676 4368 ἐστὶ
3792 4362 3793 4385 η

2153 4422 2347 4475 κάκιον
2388 4420 2513 4493 (οὐκ
2558 4419 2747 4491 ἐπειδὴ
2791 4420 2975 4483 πάντα
2994 4419 3335 4487 ὑπερϐαίνει,
3376 4413 3485 4467 ἀλλ’
3513 4413 3582 4465 ὅτι
3607 4408 3678 4462 κά·

2153 4511 2337 4566 κείνου
2372 4512 2535 4566 αὑτὸν
2565 4511 2872 4576 ἀπαλλάξαι
2907 4505 3238 4582 βουλόμεθα)
3265 4523 3279 4537 ’
3311 4507 3386 4578 μή
3422 4519 3539 4557 ποτε
3568 4497 3677 4554 καὶὸ

460 4590 605 4646 forte
675 4587 843 4643 etiam
922 4583 1221 4655 Apostolus
1271 4580 1339 4636 de
1394 4589 1586 4649 stupro
1651 4578 1758 4633 hoc
1798 4576 2047 4641 dixerit,

2170 4602 2492 4666 Ἀπόστολος
2540 4604 2634 4657 ἐπὶ
2671 4602 2771 4674 τῆς
2827 4576 3085 4674 πορνείας
3118 4576 3451 4667 τοῦτοξέφη.
3484 4594 3574 4648 Τὸν
3600 4590 3678 4658 γὰρ

462 4690 519 4738 et
543 4680 776 4752 cupiens
801 4684 933 4735 eum
957 4675 1052 4747 qui
1076 4675 1219 4745 apud
1243 4673 1562 4747 Corinthios
1581 4680 1853 4726 scortatus
1870 4668 2049 4724 fuerat

463 4784 673 4829 castum
702 4788 845 4835 esse,
875 4771 931 4827 in
965 4771 1105 4824 hanc
1121 4768 1309 4838 erupit
1341 4780 1555 4822 vocem.

520 4881 596 4937 ,Si
622 4896 754 4937 vero
778 4887 851 4935 .et
899 4880 1147 4943 tertium,
1190 4875 1353 4949 473
1401 4874 1643 4945 intelligo
1698 4871 1846 4945 quod
1905 4870 2048 4927 sicut

454 4973 512 5028 .is
529 4971 623 5042 qui
653 4972 894 5026 triticum
927 4979 1022 5025 aut
1045 4969 1195 5024 aliud
1220 4983 1406 5024 semen
1435 4966 1493 5021 in
1512 4981 1662 5021 mare
1694 4965 1937 5037 projicit,
1991 4964 2048 5019 in

453 5079 655 5121 semen
685 5073 898 5133 peccat,
920 5063 1227 5133 prohibens
1271 5062 1451 5133 ipsum
1483 5076 1550 5116 ne
1602 5058 1674 5114 ad
1738 5058 2049 5130 generatio-

458 5171 590 5212 nem
624 5156 888 5226 procedat
915 5173 930 5209 :
959 5156 1033 5209 ita
1058 5165 1116 5210 et
1145 5156 1240 5225 qui
1283 5170 1444 5210 suum
1497 5168 1686 5209 semen
1718 5152 1772 5206 in
1801 5161 2045 5207 scortum

452 5248 707 5320 projicit,
729 5256 783 5302 tn
808 5234 1093 5317 propribm
1114 5254 1555 5317 corpuspeccat:
1604 5253 1848 5301 scortum
1895 5244 2044 5298 enim

468 5356 576 5396 non
608 5339 788 5395 solum
816 5338 1086 5393 interimit
1109 5338 1255 5408 quod
1273 5338 1508 5409 peperit,
1552 5338 1651 5395 sed
1678 5336 2046 5407 impedimen-

454 5446 583 5491 tum
618 5435 782 5490 etiam
806 5432 963 5503 ponit
993 5448 1061 5487 ne
1082 5431 1284 5501 pariat.

535 5527 696 5595 Quod
754 5526 802 5582 si
851 5525 1021 5580 etiam
1091 5534 1377 5595 quartum,
1432 5524 1742 5595 intelligere
1826 5530 2047 5594 oportet

460 5617 614 5688 quod
641 5633 706 5673 ea
730 5626 902 5689 ορατ-ιε
936 5629 1045 5686 qua
1074 5615 1206 5686 agit,
1255 5614 1418 5670 etiam
1462 5615 1694 5684 patitur.
1760 5613 2046 5685 Siquidem

466 5710 575 5764 nisi
614 5724 809 5779 passus
837 5717 1005 5770 esset.
1028 5724 1139 5764 non
1170 5707 1488 5765 defluxisset
1521 5707 1701 5779 ;quod
1723 5709 1765 5763 si
1794 5707 2045 5775 deﬂuxit,

467 5810 765 5870 corruptus
793 5810 923 5865 est;
973 5801 1225 5857 siautem
1280 5815 1570 5871 corruptus
1612 5809 1718 5866 est,
1784 5800 2045 5868 iniuriam

459 5894 704 5966 accepit.
753 5894 1002 5966 Denique
1027 5896 1082 5951 in
1118 5895 1266 5952 nulla
1317 5894 1420 5951 alia
1445 5894 1765 5966 operatione
1800 5908 1964 5964 quam
1989 5893 2046 5949 in

2153 4694 2531 4766 πορνεύσαντα
2562 4693 2715 4766 παρὰ
2752 4693 3061 4766 Κορινθίοις
3086 4689 3428 4761 σωφρονίσαι
3465 4681 3678 4757 βουλόμε·
3792 4694 3793 4747 j

2156 4802 2271 4854 νος,
2311 4783 2518 4856 ταύτην
2540 4785 2738 4857 ἔρρηξε
2774 4785 2874 4855 τὴν
2905 4784 3108 4855 φωνήν.

2224 4877 2285 4930 Εἰ
2312 4876 2369 4931 δὲ
2398 4878 2492 4931 καὶ
2516 4876 2732 4948 τρίτην,
2766 4875 2936 4930 ἐννόει
2961 4876 3044 4928 ὅτι
3074 4873 3263 4946 ὥσπερ
3293 4875 3320 4926 ὁ
3351 4872 3430 4934 είς
3455 4868 3676 4924 θάλασσαν

2156 4968 2301 5023 σῖτον
2322 4968 2355 5040 ἦ
2380 4969 2567 5038 ἕτερον
2591 4968 2801 5042 ῥίπτων
2826 4968 3069 5041 σπέρμα,
3101 4967 3181 5031 εἰς
3202 4966 3294 5019 τὸν
3327 4965 3517 5036 σπόρον
3536 4963 3675 5029 ἀμαρ-

2155 5060 2328 5127 τάνει,
2364 5056 2794 5116 κωλύωνάὐτὸν
2822 5062 2901 5124 είς
2926 5061 3183 5130 γέννησιν
3208 5059 3407 5123 ἐλθεῖν,
3436 5054 3588 5116 οὕτως
3607 5048 3675 5102 καὶ

2154 5154 2183 5207 ό
2239 5154 2319 5217 είς
2370 5153 2596 5223 ἑταίραν
2657 5153 2867 5224 ῥίπτων
2914 5153 2976 5207 τὸ
3016 5150 3213 5206 ἑαυτοῦ
3265 5152 3503 5221 σπέρμα,
3535 5145 3602 5206 είς
3634 5140 3677 5190 τὶ

2153 5249 2353 5300 οἰκεῖον
2385 5247 2545 5316 σῶμα
2570 5234 2902 5317 ἁμαρτάνει,
2925 5246 3141 5317 ἐκείνης
3177 5245 3237 5299 οὐ
3265 5242 3450 5314 τεχθὲν
3473 5232 3678 5306 ἀναιροὺ·

2156 5354 2254 5409 σης
2279 5337 2464 5408 μόνον,
2508 5338 2646 5393 ἀλλὰ
2671 5340 2766 5391 καὶ
2794 5339 3054 5408 τεχθῆναι
3089 5334 3431 5404 κωλυούσης.

2156 5513 2160 5517 θ
2226 5526 2288 5580 Et
2316 5527 2372 5581 δὲ
2411 5528 2507 5582 καὶ
2539 5527 2836 5599 τετάρτην,
2882 5528 3085 5580 ἐννοεῖν
3116 5526 3245 5596 χρὴ,
3294 5522 3377 5577 ὅτι
3461 5517 3569 5588 δρᾷ,
3605 5505 3673 5561 καὶ

2154 5620 2374 5690 πάσχει,
2412 5620 2474 5672 Et
2507 5619 2605 5689 μὲν
2634 5618 2744 5689 γὰρ
2801 5618 2876 5689 μὴ
2920 5617 3145 5680 ἔπαθεν,
3197 5615 3298 5675 οὐχ
3345 5612 3409 5666 ἂν
3441 5608 3672 5690 ἔρρευσεν.

2156 5713 2220 5767 Et
2273 5689 2330 5765 δὲ
2371 5712 2664 5787 ’ἔρρευσεη
2714 5709 2950 5782 ἐφθάρη.
2994 5710 3058 5763 Et
3106 5708 3162 5761 δὲ
3193 5704 3422 5775 ἐφθάρη,
3465 5689 3670 5787 ὑϐρίσθη-

2165 5783 2382 5875 Ἀμέλει
2454 5802 2543 5855 ἐπ’
2607 5803 2835 5874 οὐδεμιᾷ
2892 5801 3028 5872 ἄλλῃ
3102 5797 3297 5871 πράξει
3342 5794 3375 5866 ἢ
3423 5791 3508 5846 ἐπὶ
3565 5783 3668 5875 μᾴντ

2151 5872 2439 5969 τῦάνδρδς
2475 5894 2608 5965 πρὶς
2649 5872 2884 5962 γυναῖκα
2927 5891 3131 5960 συνόδῳ
3169 5889 3401 5958 λέγεται,
3449 5872 3668 5953 ἐφθάρθαι
