3872 6568
148 471 237 538 721

1052 470 1438 534 COMMENT.
1474 468 1549 527 IN
1593 463 1834 526 EPIST.
1871 448 1898 520 1
1939 462 2039 520 AD
2083 456 2448 520 comma.

3284 452 3401 514 72‘}

154 589 237 661 τὴν
308 588 577 660 παρθένον
640 589 734 643 καὶ
805 589 896 644 τὸν
977 590 1259 643 νεανίσκον
1328 583 1703 658 πειραθέντας.

1820 576 1925 630 viri
1976 590 2102 630 cum
2166 572 2398 629 muliere
2440 567 2844 635 commistione,
2886 566 3089 623 dicitur
3132 581 3228 622 cos
3274 583 3397 623 esse

213 874 346 929 Εἰδὲ
379 872 475 927 καὶ
502 872 783 944 πέμπτην,
821 872 991 927 ἐννόει
1036 872 1119 926 ὅτι
1143 869 1221 943 τῷ
1249 872 1424 944 πόρνῃ
1458 888 1712 943 συνερχο-

161 964 309 1037 μένῳ,
335 963 381 1014 εί
410 960 629 1031 τεχθείη
661 961 894 1027 παιδίον,
919 963 997 1026 είς
1021 962 1279 1032 πορνείαν
1322 962 1708 1031 ἀνατρέφεται,

158 1058 236 1113 καὶ
261 1059 288 1110 6
318 1055 456 1125 ὀρῶν
480 1056 620 1125 μετὰ
647 1055 818 1108 ταῦτα
843 1055 1007 1121 λέξειο
1042 1054 1252 1120 Ὄντως
1286 1056 1479 1109 ἑαυτὸν
1506 1057 1713 1118 ἐκεῖνος

159 1150 411 1219 ἡδίκησεν.
447 1148 577 1222 Ἰδοὺ
611 1149 720 1221 γὰρ
748 1149 810 1203 τδ
850 1150 1091 1222 σπέρμα,
1138 1151 1338 1221 μᾶλλον
1364 1148 1420 1202 δὲ
1445 1148 1505 1202 τὸ
1552 1147 1712 1219 σῶμα

158 1241 305 1297 αὐτοῦ
331 1240 604 1312 πορνεύει.

218 1354 276 1407 Εἰ
302 1351 355 1406 δὲ
385 1353 475 1406 καὶ
503 1355 691 1426 ἕκτην,
743 1353 1035 1419 ἐπίστησον
1078 1354 1158 1409 ὃτι
1202 1354 1251 1407 εί
1293 1354 1453 1425 δούλῃ
1488 1371 1572 1417 τις
1599 1371 1711 1407 κοι-

156 1447 450 1516 νωνήσειεν,
486 1446 672 1501 δοῦλον
697 1447 849 1500 ἔσται
876 1446 939 1500 τὸ
964 1446 1307 1517 τικτόμενον.
1338 1445 1464 1510 Πῶς
1493 1446 1586 1501 οὖν
1608 1446 1711 1499 οὐκ

154 1538 224 1600 είς
249 1536 430 1591 ἑαυτὸν
470 1537 799 1607 ἁμαρτάνει,
834 1539 861 1591 ό
887 1536 1077 1591 δοῦλον
1110 1533 1425 1603 σπουδάζων
1456 1535 1670 1597 τεκεῖν;

213 1817 273 1871 Ei
299 1816 351 1870 δὲ
379 1800 471 1872 καὶ
497 1817 754 1888 ἑϐδόμην,
783 1819 886 1888 δρα
914 1817 997 1871 δτι
1038 1815 1132 1870 καὶ
1156 1816 1217 1870 τὸ
1252 1816 1569 1887 τικτόμενον
1592 1816 1707 1871 ἀδι-

1815 674 2107 738 corruptos
2128 666 2222 737 qui
2242 664 2512 736 virginem
2533 670 2628 720 aut
2649 661 3124 719 adolescentulum
3155 660 3398 732 aggressi

1814 767 1969 815 sunt.

1884 849 1942 905 Si
2017 862 2154 903 vero
2202 855 2309 902 et~
2338 846 2591 918 quintum
2625 886 2639 911 ,
2693 844 2966 916 intelligo:
3007 844 3159 916 quod
3210 844 3255 899 is
3300 843 3395 914 qui

1815 952 2003 997 scorto
2034 939 2415 1011 congreditur,
2436 940 2479 994 si
2514 938 2789 1011 infantem,
2811 948 3053 1010 generet,
3080 937 3151 992 ad
3189 947 3397 992 scorta-

1813 1035 2022 1089 tionem
2053 1032 2277 1098 crescit,
2301 1040 2358 1087 ει
2376 1031 2471 1101 qui
2519 1039 2709 1101 postea
2758 1030 2982 1096 viderit,
3016 1030 3166 1086 dicet
3200 1046 3225 1083 z
3252 1027 3399 1083 Vere

1813 1125 1906 1181 ille
1934 1125 2180 1195 seipsum
2218 1122 2419 1194 injuria
2448 1124 2650 1179 aﬂ‘ecit.
2678 1124 2819 1179 Ecce
2880 1139 3013 1195 ergo
3035 1137 3247 1189 semen,
3284 1121 3399 1176 imo

1810 1217 1996 1287 potius
2025 1233 2189 1274 suum
2222 1218 2398 1289 ipsius
2425 1232 2630 1287 corpus
2661 1222 3007 1286 eonstuprat.

1881 1332 2037 1398 Quod
2082 1332 2128 1388 si
2192 1341 2402 1389 sextam
2452 1345 2673 1401 quoque
2733 1327 3249 1399 interpretationem
3300 1326 3401 1383 de—

1812 1422 2054 1488 sideras,
2093 1419 2474 1477 animadverte
2496 1420 2642 1490 quod
2680 1418 2870 1490 siquis
2896 1418 3109 1474 ancillae
3167 1418 3399 1474 commi—

1812 1520 2064 1576 secatur,
2108 1509 2156 1565 is
2205 1524 2369 1581 quem
2419 1510 2509 1563 illa
2543 1508 2724 1579 pariet
2774 1522 2968 1563 servus
3012 1506 3156 1561 erit:
3213 1522 3400 1561 annon

1812 1615 1943 1671 ergo
2002 1600 2058 1655 in
2100 1599 2344 1671 seipsum
2398 1607 2593 1671 peccat
2635 1597 2732 1670 qui
2786 1612 3009 1652 servum
3030 1595 3399 1668 studetgene-

1814 1708 1937 1747 mre
1973 1692 1998 1746 ?

1883 1804 1939 1859 Si
1988 1820 2116 1860 vero
2168 1812 2323 1874 optas
2367 1812 2422 1859 et
2469 1802 2781 1873 septimam,
2834 1800 2958 1856 vide
2985 1798 3132 1867 quod
3156 1799 3204 1854 is
3223 1798 3395 1854 etiam

152 1910 334 1971 κεῖται,
358 1907 524 1963 ,νόθον
551 1904 927 1977 καλούμενον,’
954 1908 1049 1963 καὶ¹
1080 1908 1274 1979 ἄτιμον
1306 1907 1581 1980 πανταχοῦ
1616 1924 1703 1976 γι-

1818 1898 1905 1966 qui
1937 1906 2235 1968 generatur
2277 1896 2478 1968 injuria
2506 1894 2762 1960 adicitur,
2796 1909 2919 1949 cum
2974 1892 3177 1948 nothus
3206 1892 3395 1963 appel-
3468 1965 3481 1971 θ

153 2001 378 2072 νόμενον.
410 1999 529 2055 Κᾶν
583 2002 641 2055 ἑν
698 2001 1087 2072 βουλευτηρίῳ,
1128 2001 1234 2055 κᾶν
1278 2002 1336 2054 ὲν
1368 2000 1705 2072 δικαστηρίῳ

156 2094 252 2148 δέοι
283 2092 560 2157 εἰσελθεῖν,
604 2093 950 2149 ἐκϐάλλεται.
981 2094 1061 2147 Δι’
1096 2086 1158 2146 οὗ
1185 2092 1279 2147 καὶ
1304 2095 1333 2148 6
1362 2092 1708 2162 φυτευσάμε-

153 2203 230 2249 νος
278 2184 629 2241 συναπολαύει
653 2188 754 2257 τῆς
789 2184 1073 2260 αἰσχύνης.
1115 2184 1446 2257 Ύπόμνημα
1471 2182 1582 2256 γὰρ
1607 2183 1705 2257 τῆς

153 2278 340 2342 οίκείας
364 2278 622 2348 λαγνείας
648 2278 965 2333 κατέλιπεν.

218 2462 277 2518 Ei
327 2463 381 2518 δὲ
433 2467 527 2519 καὶ
575 2464 791 2534 ὀγδόην,
847 2463 1145 2535 δοκίμασον
1192 2465 1254 2520 τὸ
1307 2465 1701 2539 ῥηθησόμενονσ

170 2555 365 2628 Ἐπειδὴ
387 2559 413 2610 ό
441 2556 722 2627 πορνεύων
764 2556 823 2610 ἓν
852 2559 991 2629 πρὸς
1023 2558 1123 2630 τὴν
1161 2559 1529 2630 πορνεύουσαν
1559 2560 1707 2629 γίνε-

158 2665 258 2711 ται,
280 2651 307 2701 6
331 2648 395 2703 τὰ
416 2650 597 2704 οίκεῖα
631 2648 768 2720 μέλη
797 2650 965 2704 ποιιῖιν
995 2648 1131 2720 μέλη
1156 2650 1383 2723 πόρνης,
1406 2652 1488 2715 είς
1512 2652 1704 2707 ἑαυτὸν

158 2738 228 2810 τῷ
276 2739 379 2793 δντι
424 2740 751 2811 ἁμαρτάνει.
799 2742 950 2813 Φόνῳ
985 2742 1082 2813 μὲν
1112 2745 1221 2812 γὰρ
1243 2741 1304 2796 εὖ
1343 2741 1488 2808 τινὲς
1536 2745 1703 2815 ἐχρή-

160 2846 322 2897 σαντο,
343 2830 414 2895 ὡς
434 2832 642 2902 Μωσῆς
660 2834 752 2887 καὶ
771 2834 974 2898 Φινεὲς,
991 2834 1085 2888 καὶ
1107 2835 1271 2907 ὀργῇ.
1289 2834 1585 2908 ὡς,Πέτρος
1609 2838 1703 2892 καὶ

164 2922 367 2991 Παῦλος,
393 2925 624 2998 πορνείᾳ
655 2925 714 2981 δὲ
747 2926 922 2991 οὐδεὶς
958 2926 1042 2981 πώ
1055 2944 1178 2982 ποτε
1211 2929 1481 3001 ἐχρήσατο
1513 2928 1596 2986 εὖ.

222 3094 278 3148 Et
301 3092 353 3149 δὲ
380 3096 473 3151 καὶ
504 3097 761 3181 ὲννάτην,
785 3096 954 3152 ἐννόει
979 3112 992 3127 ⁶
1028 3096 1249 3171 Ἐπειδὴ
1279 3096 1436 3171 σῶμα
1466 3099 1523 3154 ἓν
1555 3102 1702 3156 ἐστιν

161 3185 516 3259 ήἘκκλησὲα,
566 3192 595 3244 6
636 3189 692 3243 δὲ
729 3189 852 3245 καθ’
891 3185 971 3255 εἷς
1002 3190 1250 3262 ἀλλήλων
1286 3192 1421 3263 μέλη
1455 3209 1472 3225 ο
1496 3193 1526 3247 6
1570 3210 1704 3265 πορ-

1808 1989 1953 2044 letur
1982 1997 2039 2045 et
2076 1989 2281 2059 ubique
2335 1990 2585 2043 locorum
2624 1986 2701 2042 sit
2748 1986 3042 2055 abjectus:
3081 1993 3137 2038 et
3190 1983 3306 2039 sive
3334 1983 3392 2038 in

1807 2082 2099 2138 consilium
2123 2083 2242 2137 sive
2281 2081 2335 2135 in
2356 2079 2626 2152 judicium
2664 2077 2877 2150 ingredi
2935 2083 3207 2147 oporteat,
3252 2076 3393 2146 abji-

1806 2173 1995 2228 citur:
2034 2173 2185 2244 quod
2214 2172 2262 2227 is
2295 2172 2461 2226 etiam
2495 2170 2589 2241 qui
2631 2168 2915 2241 generavit
2979 2168 3255 2238 particeps
3306 2175 3401 2221 est

1805 2264 2033 2337 pudoris
2067 2281 2084 2321 :
2117 2278 2241 2321 nam
2276 2262 2714 2319 recordationem
2744 2261 2980 2332 propria:
3012 2246 3211 2327 accipit
3261 2256 3396 2313 libi-

1806 2357 1975 2413 dinis.

1874 2467 2031 2536 Quod
2066 2467 2115 2524 si
2146 2475 2394 2523 octavam
2424 2480 2644 2537 quoque
2669 2462 2849 2535 cupis,
2893 2463 3183 2535 considera
3235 2461 3385 2533 quod

1806 2557 2006 2621 dicturi
2028 2573 2242 2625 sumus,
2289 2572 2490 2629 nempe
2519 2556 2666 2628 quod
2696 2556 2741 2611 is
2761 2554 2857 2628 qui
2914 2561 3191 2610 scortntur
3215 2570 3389 2609 unum

1805 2664 1933 2704 sum
1973 2656 2159 2705 scorto
2183 2647 2442 2715 edicitur,
2460 2647 2685 2719 propria
2717 2646 2967 2703 membra
2992 2646 3200 2702 faciens
3220 2645 3395 2701 scorti

1804 2741 2055 2797 membra
2083 2758 2099 2808 ;
2124 2748 2181 2796 et
2204 2738 2279 2796 ita
2302 2756 2434 2797 vere
2477 2740 2533 2794 in
2564 2739 2807 2809 seipsum
2861 2747 3074 2809 peccat.
3101 2738 3388 2808 Siquidem

1804 2814 2228 2913 nonnullicaede
2255 2839 2385 2887 sunt
2428 2831 2570 2886 bene
2627 2830 2734 2894 usi,
2793 2836 2855 2885 ut
2908 2829 3087 2885 Moses
3144 2844 3211 2884 ac
3260 2829 3390 2884 Phi-

1803 2937 1938 2978 nees
1964 2924 2043 2990 ⁸⁹ς
2079 2934 2135 2978 ει
2156 2925 2261 2989 ira,
2295 2930 2355 2977 ut
2382 2922 2577 2978 Petrus
2600 2931 2656 2977 et
2685 2921 2891 2977 Paulus
2928 2922 3010 2973 ’σε
3035 2930 3227 2992 stupro
3257 2937 3391 2976 vero

1804 3013 1989 3073 nullus
2017 3024 2257 3084 linquam
2276 3014 2419 3069 bene
2456 3030 2591 3069 usus
2621 3024 2728 3069 est.

1826 3102 1903 3179 Si
1925 3118 2058 3157 vero
2092 3114 2149 3158 et
2179 3117 2400 3168 nonam,
2432 3102 2718 3158 considera
2746 3101 2892 3173 quod
2915 3103 3047 3174 quia
3065 3118 3233 3157 unum
3261 3117 3386 3157 cor-

1803 3210 1909 3266 pus
1939 3205 2022 3250 est
2055 3194 2319 3261 Ecclesia,
2349 3194 2550 3266 singuli
2579 3202 2762 3250 autem
2797 3194 2888 3250 alii
2932 3196 3165 3251 aliorum
3217 3209 3397 3250 mem-

161 3280 331 3343 νεύων,
359 3283 435 3346 είς
456 3283 662 3346 πάντας
688 3282 1009 3354 ἁμαρτάνει.
1058 3284 1365 3355 ’Δνατρέχει
1395 3283 1509 3353 γάρ
1535 3283 1700 3339 αὐτοῦ

1818 3287 1910 3342 bra
1932 3288 1976 3320 ⁸³
2016 3305 2029 3341 :
2072 3287 2167 3357 qui
2191 3294 2491 3349 scortntur,
2525 3286 2579 3341 in
2608 3301 2802 3342 omnes
2836 3295 3069 3358 peccat:
3107 3287 3387 3357 percurrit

160 3372 214 3426 τὸ
238 3374 442 3443 σφάλμα
466 3375 561 3430 ἐπὶ
586 3376 647 3431 τδ
673 3376 774 3444 τῆς
824 3374 1154 3447 Ἐκκλησίας
1188 3376 1482 3449 πλήρωμα,
1511 3370 1571 3431 οὗ
1610 3377 1713 3433 καὶ

161 3464 437 3534 ἐκκοπῆναι
463 3468 627 3521 αὐτον
660 3466 1012 3538 προσέταξεν,
1050 3468 1154 3531 ἓως
1182 3468 1249 3523 ἂν
1278 3469 1614 3541 μετανοήσῃ.
1688 3517 1699 3524 .

219 3571 343 3626 Et“
374 3575 466 3627 καὶ
502 3574 736 3645 δεκάτην
768 3574 970 3645 βούλει,
1008 3575 1227 3646 λεχθείη
1277 3574 1365 3640 ἂν,
1398 3576 1483 3630 ὅτι
1517 3575 1706 3647 ἐπειδὴ

158 3659 201 3711 oi
244 3660 382 3731 νόμῳ
416 3660 508 3717 τοῦ
540 3662 724 3732 τιμίου
757 3665 939 3733 γάμου
987 3663 1278 3732 συνιόντες,
1312 3664 1373 3720 ἒν
1416 3665 1578 3736 σῶμα
1621 3665 1703 3734 γί·

157 3766 320 3806 νονται
339 3754 650 3823 (ιἜσονται
677 3757 808 3827 γάρ,
838 3755 995 3827 φησὶ,
1021 3755 1179 3811 οίδύο
1203 3757 1282 3821 εί(⁵
1305 3757 1484 3830 σάρκα
1516 3759 1699 3831 μίαν.»

159 3844 239 3897 Διὸ
263 3847 366 3911 καὶ,
392 3866 409 3899 ι
434 3848 497 3901 Ἦ
528 3848 667 3921 γυνὴ
696 3850 791 3904 τοῦ
820 3849 952 3905 ίδίου
988 3849 1236 3922 σώματος
1256 3852 1356 3905 οὐκ
1376 3853 1704 3917 ἐξουσιάζει,

157 3933 260 3986 ἀλλ’
290 3938 317 3988 6
336 3936 493 4009 ἀνὴρ,
515 3937 778 4003 ὡσαύτως
793 3939 888 3993 καὶ
917 3940 947 3993 6
977 3940 1116 4012 ἀνήρ
1145 3941 1217 4013 ›)·
1255 3942 1483 4007 εἰκότως
1504 3944 1532 3997 6
1570 3960 1705 4014 πορ-

156 4026 308 4082 νεύων
346 4031 442 4097 μὶν
471 4032 634 4103 ἀνὴρ,
676 4035 753 4097 είς
796 4034 894 4107 τὴν
921 4033 1191 4107 γαμετὴν,
1236 4036 1515 4091 τουτέστιν
1540 4038 1620 4099 είς
1647 4038 1708 4092 τὸ

158 4112 273 4169 ῑδιον
318 4118 474 4189 σῶμα
523 4121 852 4191 ἁμαρτάνει.
899 4122 1175 4185 Ὡσαύτως
1212 4125 1307 4177 καὶ
1337 4126 1369 4195 ἡ
1405 4125 1708 4196 γυνή.Ἐττλ⁸

160 4200 280 4274 μόνη
308 4207 411 4277 γὰρ
440 4209 611 4281 ταύτῃ
639 4212 707 4279 τῇ
742 4196 990 4282 ἁμαρτίᾳ
1017 4210 1182 4282 νόμον
1196 4211 1362 4265 ’ἔθετο
1384 4214 1412 4265 6
1447 4213 1705 4284 Χριστὸς,

157 4290 461 4359 χωρίζεσθαι
488 4296 685 4360 αὐτοὺς
715 4297 822 4364 ἀπ’,
841 4298 1113 4370 ἀλλήλων.
1143 4316 1166 4350 ι
1190 4298 1284 4362 Εἰς
1308 4299 1368 4352 τὸ
1389 4298 1521 4352 ῖδιον
1545 4300 1708 4371 σῶμα

156 4378 461 4451 ἁμαρτάνει.
499 4402 521 4438 ι
571 4386 851 4454 Τουτὲστι,
898 4388 960 4443 τὸ
1008 4388 1140 4444 ἴδιον
1184 4387 1347 4461 σῶμα
1393 4390 1706 4464 ἀκάθαρτον

155 4470 301 4522 ποιεῖ.

216 4561 289 4616 Ἥ
317 4566 427 4620 οὐκ
474 4565 675 4622 οίδατε
706 4568 809 4624 ῗότι
841 4570 909 4625 τὸ
939 4569 1110 4641 σῶμα
1156 4572 1343 4643 ὑμῶν,
1397 4542 1545 4641 vade
1593 4575 1700 4631 τοῦ

150 4647 212 4700 ἐν
242 4653 373 4721 ὑμῖν
399 4657 573 4725 ἁγίου
625 4624 971 4727 Πνεύματόξ
1727 4624 1780 4683 D

151 4741 303 4809 Θεοῦ,
332 4746 427 4798 καί
449 4748 561 4801 οὐκ
587 4748 729 4803 ἐστὲ
760 4750 1009 4806 ἑαυτῶν·
1040 4754 1416 4824 ἠγοράσθητε
1461 4757 1700 4828 γάρτι-

142 4832 281 4900 prie;
317 4838 623 4902 Δοξὰσατε
651 4841 727 4910 δὴ
761 4842 867 4896 τὸν
889 4846 1039 4898 Θεὸν
1065 4846 1134 4899 ἐν
1161 4845 1240 4912 τῷ
1260 4848 1486 4918 σώματι
1511 4850 1699 4920 ὑμῶν,

146 4925 314 4982 καὶέν
350 4930 431 4996 τῷ
464 4934 755 5002 πνεύματι
787 4935 972 5005 ὑμῶν,
1008 4938 1178 4993 ἅτινά
1228 4941 1358 4995 ἐστι
1387 4943 1495 4997 τοῦ
1528 4945 1697 4999 Θεοῦ.

207 5018 308 5074 Καὶ
334 5023 415 5094 τῷ
452 5026 670 5107 μεγέθει
696 5027 793 5096 τῆς
821 5028 1052 5100 δωρεᾶς,
1093 5033 1189 5086 καὶ
1223 5036 1291 5106 τῇ
1328 5034 1455 5109 ἀξίᾳ
1488 5037 1582 5091 τοῦ
1613 5037 1699 5091 δε-

144 5105 377 5185 δωκότος,
429 5105 747 5172 καταπτοεῖ.
798 5119 1021 5192 Πνεῦμα
1057 5120 1167 5193 γάρ
1210 5124 1244 5193 ἡ
1278 5105 1478 5196 δωρεά.
1510 5127 1702 5199 Ἔχετε

142 5199 191 5254 δὲ
220 5204 369 5261 τοῦτο
402 5208 512 5263 άπὸ
535 5210 694 5266 Θεοῦ.
728 5211 786 5266 '0
816 5210 926 5285 γάρ
964 5215 1215 5289 δεδωκὼς
1244 5217 1377 5271 αὐτὸ
1430 5218 1582 5284 Θεὸς,
1607 5222 1701 5275 καὶ

140 5294 287 5350 obtth
310 5301 370 5354 ὲν
396 5300 473 5371 τῷ
502 5302 616 5374 ναῷ
644 5303 738 5358 τοῦ
762 5304 922 5371 Θεοῦ,
962 5308 1239 5363 τουτέστιν
1278 5311 1335 5363 ὲν
1364 5312 1444 5384 τῷ
1485 5312 1699 5384 σώματι

142 5386 297 5449 ὑμῶν.
323 5413 343 5446 ι
375 5397 487 5449 Καὶ
510 5397 609 5450 οὐκ
636 5399 760 5453 ἐστὲ
781 5400 1041 5455 ἑαυτῶν.»
1066 5402 1139 5456 Οὐ
1158 5403 1220 5457 τὸ
1235 5404 1581 5471 αὐτεξούσιον
1608 5408 1700 5461 ἀν-

141 5484 289 5549 αιρεί,
301 5486 439 5543 ἀλλά
454 5489 566 5541 τῶν
580 5490 766 5543 κακῶν
784 5493 1033 5563 πράξεων
1049 5496 1325 5568 ἀπείργει.
1348 5498 1469 5554 Ὀτι
1492 5502 1701 5557 Δεσπόη

138 5588 248 5644 την.
269 5581 451 5651 φησὶν,
477 5583 650 5654 ἔχετε,
679 5586 777 5640 καὶ
801 5588 954 5641 οὐδὲν
982 5589 1136 5660 ἔχετε
1162 5591 1312 5658 ἴδιον,
1335 5593 1455 5646 οὐδὲ
1478 5595 1610 5648 αὐτὸ
1636 5596 1697 5650 τὺ

114 5666 335 5738 τώμὼ(
359 5674 735 5748 Ἠγοράσθητε
762 5679 875 5752 γάρ
892 5683 1199 5756 τιμῆς,›τῷ
1221 5686 1419 5756 ατματι
1441 5688 1536 5742 τοῦ
1562 5690 1699 5743 Υἱοῦ

136 5759 311 5831 αὑτοῦ,
343 5766 499 5833 ὄντες
533 5769 638 5824 ὑπὸ
660 5772 760 5839 τὴν
791 5773 1040 5840 ἐξουσίαν
1066 5777 1160 5831 τοῦ
1200 5779 1435 5835 Σατανᾶ.
1470 5800 1488 5832 ι
1530 5782 1698 5850 Δοξά-

194 5870 425 5979 ⁸’οῙῐιιηι.
463 5898 591 5949 xxv,
622 5884 642 5938 Ι
676 5899 835 5958 seqq.
912 5888 957 5921 ’°
991 5890 1112 5945 Act.
1147 5894 1260 5979 v,~3
1289 5908 1459 5966 seqq;
1497 5912 1611 5961 xm,
1648 5897 1732 5953 il.

129 5936 208 6005 27,
240 5941 314 6003 28

1808 3378 1956 3434 enim
1995 3380 2116 3452 ejus
2136 3379 2324 3450 lapsus
2351 3379 2418 3434 ad
2461 3378 2719 3435 Ecclesiae
2749 3378 3173 3449 plenitudinem,
3205 3396 3235 3433 ιι
3273 3394 3384 3450 qua

1806 3472 1974 3528 etiam
2048 3488 2303 3544 separare
2345 3488 2403 3529 se
2456 3470 2756 3528 destinavit
2787 3473 2965 3529 donec
3008 3472 3385 3543 resipisceret.

1877 3581 2035 3649 Quod
2065 3583 2111 3638 si
2130 3592 2189 3639 et
2215 3582 2487 3639 decimam
2520 3582 2826 3650 desideres,
2854 3583 2962 3640 dici
2985 3583 3191 3654 poterit
3212 3584 3391 3655 quod,

1807 3688 1933 3729 cum
1969 3674 2029 3729 hi
2055 3676 2153 3745 qui
2186 3675 2306 3746 lege
2350 3674 2663 3731 honorandi
2710 3673 2975 3731 connubii
3026 3675 3384 3740 conveniunt,

1807 3780 1980 3819 unum
2013 3764 2145 3819 (iant
2171 3780 2377 3836 corpus
2398 3767 2549 3836 (nam
2583 3763 2781 3832 Erunt,
2797 3764 3001 3837 inquit,
3029 3765 3142 3822 duo
3173 3765 3232 3823 in
3258 3781 3388 3821 car-

1805 3871 1932 3910 nem
1962 3872 2145 3911 unam.
2179 3857 2307 3912 Ideo
2347 3858 2513 3913 etiam
2543 3872 2684 3913 uxor
2742 3858 2954 3929 proprii
3003 3859 3252 3929 corporis
3288 3874 3390 3929 po-

1807 3954 2062 4003 testatem
2088 3964 2200 4004 non
2239 3948 2429 4014 habet,
2455 3948 2552 4006 sed
2580 3950 2663 4004 vir
2687 3965 2702 4004 :
2735 3949 2989 4005 similiter
3011 3950 3176 4006 etiam
3193 3950 3382 4019 vir"),

1806 4039 2010 4093 merito
2040 4037 2128 4093 vir
2156 4038 2253 4109 qui
2283 4048 2589 4109 scortator,
2615 4040 2670 4094 in
2702 4055 2955 4105 uxorem,
3007 4040 3113 4096 hoc
3165 4048 3269 4106 est,
3326 4038 3383 4094 in

1807 4129 2094 4200 proprium
2118 4145 2318 4201 corpus
2347 4139 2585 4205 peceat;
2643 4131 2901 4203 similiter
2921 4140 2977 4187 et
3004 4148 3141 4187 uxor
3174 4144 3189 4185 ι
3219 4130 3390 4204 474

1809 4234 1938 4273 nam
1979 4220 2034 4274 in
2059 4219 2179 4276 solo
2200 4220 2306 4276 hoc
2332 4228 2557 4292 peccato
2601 4221 2777 4293 legem
2814 4222 3003 4294 posuit
3026 4222 3345 4279 Christus”
3367 4264 3384 4289 ,

1806 4309 1852 4366 si
1876 4324 1907 4365 a
1929 4326 1988 4366 se
2014 4310 2248 4367 invicem
2269 4321 2679 4384 separarentur.
2725 4333 2744 4366 ι
2782 4313 2844 4370 In
2866 4313 3151 4385 proprium
3186 4329 3389 4384 corpus

1806 4392 2019 4470 peccdt.
2057 4420 2075 4454 ι
2107 4400 2224 4457 Hoc
2276 4411 2384 4471 est,
2412 4402 2699 4474 proprium
2746 4410 2952 4475 corpus
2982 4404 3163 4460 reddit
3203 4404 3387 4476 impu.

1807 4506 1957 4545 ιίω.

1876 4581 1964 4645 Vi,
2033 4581 2122 4647 i9,
2176 4583 2266 4638 20.
2328 4583 2411 4638 An
2457 4584 2662 4640 nescitis
2719 4587 2859 4655 quod
2913 4603 3101 4659 corpus
3155 4594 3387 4643 vestrum

1808 4671 2060 4752 templum
2090 4683 2166 4728 est
2193 4674 2487 4732 habitantis
2507 4677 2563 4732 in
2598 4678 2739 4733 vobis
2764 4676 2994 4749 Spiritus
3012 4679 3205 4743 sancti,
3229 4694 3384 4749 quem

1807 4765 2004 4820 habetis
2036 4783 2068 4820 a
2106 4766 2237 4833 Deo,
2290 4776 2469 4825 etnon
2495 4770 2619 4824 estis
2637 4772 2796 4826 vestri
2826 4772 3014 4838 juris?
3049 4771 3228 4841 Empti
3248 4772 3389 4826 enim

1807 4859 1929 4913 estis
1960 4860 2150 4929 pretio.
2188 4859 2503 4929 Gloriﬁcate
2521 4864 2642 4933 jam
2674 4864 2841 4921 Deum
2868 4866 2923 4919 in
2954 4879 3172 4935 corpore
3220 4865 3387 4919 vestro

1806 4960 1853 5003 et
1882 4951 1936 5006 in
1968 4952 2159 5023 spiritu
2186 4962 2379 5019 vestro,
2401 4970 2517 5026 qua:
2550 4964 2674 5010 sunt
2704 4955 2819 5010 Dei.

1860 5044 1939 5098 Es
1968 5045 2099 5099 doni
2123 5046 2502 5117 magnitudine
2522 5056 2577 5101 et
2596 5048 2717 5119 ejus
2742 5048 2835 5117 qui
2870 5047 3022 5105 dedit
3052 5049 3387 5120 dignitatem

1812 5135 2087 5193 deterret.
2132 5137 2271 5193 Nam
2296 5138 2526 5207 spiritus
2547 5139 2750 5195 donum
2767 5149 2851 5196 est
2892 5156 2905 5191 :
2958 5140 3173 5197 habetis
3201 5150 3385 5197 autem

1808 5228 1955 5284 hunc
1981 5244 2012 5284 a
2049 5230 2182 5285 Deo.
2218 5230 2536 5287 Deusenim
2567 5241 2653 5287 est
2682 5232 2777 5304 qui
2806 5234 2979 5300 dedit,
3011 5243 3069 5290 et
3107 5235 3201 5306 qui
3226 5234 3387 5289 habi-

1808 5330 1886 5377 tat
1912 5323 1966 5377 in
2016 5322 2222 5393 templo
2258 5323 2380 5387 Dei,
2402 5323 2509 5379 hoc
2540 5332 2646 5390 est,
2689 5327 2746 5380 in
2781 5341 3013 5397 corpore
3046 5334 3253 5380 vestro.
3290 5325 3387 5379 «Et

1807 5431 1914 5469 non
1937 5415 2074 5471 estis
2100 5415 2276 5472 vestri
2292 5415 2456 5487 juris.
2485 5437 2503 5469 ι
2546 5416 2667 5473 Non
2692 5418 2831 5473 tollit
2857 5418 3028 5489 ipsam
3046 5398 3386 5483 libertatem,

1807 5508 1902 5563 sed
1926 5508 2135 5564 amalis
2162 5510 2618 5580 arcetoperibus.
2669 5509 2990 5577 Dominum,
3029 5509 3230 5579 inquit,
3281 5507 3385 5562 ha-

1774 5599 1952 5655 /betis
1980 5608 2240 5672 tanquam
2270 5602 2435 5667 servi,
2454 5610 2510 5658 et
2529 5603 2667 5657 nihii
2697 5602 2911 5658 habetis
2961 5601 3246 5672 proprium
3266 5641 3280 5664 ,
3312 5615 3383 5654 ne

1806 5692 1986 5763 ipsum
2007 5694 2234 5765 quidem
2270 5709 2543 5764 corpus“
2578 5695 2758 5764 Empti
2776 5693 2922 5750 enim
2961 5693 3095 5747 estis
3120 5692 3322 5762 pretio,
3356 5710 3380 5745 ι
3446 5704 3457 5715 '

1805 5800 2004 5856 nempe
2059 5800 2326 5857 sanguine
2354 5785 2475 5840 Filii
2517 5785 2709 5855 ipsius,
2766 5799 2891 5839 cum
2944 5782 3153 5838 redacti
3184 5782 3379 5838 essetis

1808 5898 1852 5932 "
1887 5896 2045 5954 Rern.
2073 5913 2168 5968 xu,
2201 5898 2253 5953 5.
2333 5897 2429 5952 "i
2463 5896 2596 5951 Cor.
2654 5909 2750 5961 vn,
2807 5896 2861 5949 4.
2964 5892 3009 5927 ⁸⁸
3070 5891 3262 5950 Matth.
3322 5887 3378 5949 5.
