3872 6560
191 423 282 487 725
1093 430 1490 492 COMMENT.
1531 431 1615 492 ΙΝ
1653 431 1896 491 EPIST.
1940 432 1965 489 Ι
2003 430 2104 490 AD
2144 430 2504 491 CORlN’l‘lI.

3327 429 3434 493 726

190 535 273 605 Μὴ
291 534 725 606 ἐγκρατευέσθω,
761 539 916 608 φησι,
945 538 1194 612 θάτερος,
1221 541 1452 612 θατέρου
1496 542 1570 612 μὴ
1616 541 1750 612 βου-

1858 540 1928 594 Ne
1959 540 2261 603 contineat,
2297 539 2499 610 inquit,
2547 538 2689 594 alter
2731 539 2951 595 uolente
2993 539 3190 605 altero,
3223 554 3291 595 ne
3319 553 3432 609 quo

193 628 424 699 λομένου,
451 631 523 698 μή
550 647 667 693 πως
680 632 938 701 πορνείας
954 631 1180 704 γένηται
1203 633 1462 705 πρόξενος
1478 634 1556 703 τῷ
1580 634 1752 706 ἑτέρῳ

197 723 336 793 μέρει
368 723 400 792 ὴ
433 723 747 790 ἐγκράτεια.
783 744 802 776 ι
836 725 977 795 Πρὸς
1000 726 1212 797 καιρόν.
1247 746 1266 778 ι
1302 728 1584 792 Τουτέστι,
1609 728 1751 782 κατά

195 812 367 884 καιρὸν
393 812 483 866 τὸν
516 816 881 884 προσήκοντα.
916 815 1182 888 Εύκαιρία
1205 817 1261 872 δέ
1287 819 1435 872 ἐστιν
1456 819 1687 890 ἀποχῆς,
1718 820 1751 890 ή

193 904 398 976 νηστεία
432 907 524 958 καὶ
561 908 594 976 ὴ
622 910 923 979 προσευχὴ.
958 909 1130 964 Τοῦτο
1157 911 1236 977 δὲ,
1293 913 1481 983 φησὶν,
1521 913 1584 966 ού
1625 914 1752 976 τοὺς

167 988 434 1060 ’συνόντας
460 1001 703 1067 γυναικὶ,
732 999 988 1071 εὕχεσθαι
1011 1003 1044 1074 ἥ
1064 1004 1349 1075 νηστεύειν
1368 1005 1614 1072 κωλύων,
1637 1006 1751 1060 ἀλλ’

193 1092 382 1162 ὃπωςή
419 1091 554 1163 εὐχὴ
585 1093 682 1148 καὶ⁵
726 1097 759 1166 ἠ
811 1098 1037 1168 νηστεία
1069 1097 1462 1168 σπουδαιοτέρα
1506 1098 1749 1168 γένηται.

203 1183 479 1255 ’Δπέχεσθε
506 1186 633 1256 γάρ,
662 1189 848 1258 φησιν,
875 1189 960 1242 ἵνα
988 1189 1287 1260 σχολάσητε
1315 1192 1381 1261 τῇ
1407 1191 1631 1263 νηστείᾳ
1662 1194 1753 1244 καὶ

193 1277 250 1346 τῇ
280 1279 570 1358 προσευχῇ,
599 1278 676 1342 ὡς
709 1281 812 1346 τῆς
847 1279 1048 1351 μίξεως
1090 1281 1350 1351 ἀσχολίαν
1375 1283 1476 1336 ούκ
1507 1283 1753 1354 ἀκαθαρ-

195 1365 305 1431 σίας
348 1367 631 1439 ποιούσης,
689 1371 890 1442 μίξεως
920 1373 977 1428 δέ
1028 1375 1129 1446 τῆς
1189 1377 1329 1445 πρὸς
1367 1375 1466 1444 τὴν
1513 1377 1753 1448 νομίμην

190 1458 430 1526 γυναέχα.
469 1478 488 1512 ι
529 1462 628 1515 Διά
666 1464 766 1534 τὴν
818 1458 1092 1536 ἀκρασίαν
1149 1467 1326 1540 ὑμῶν.
1363 1488 1382 1521 ι
1423 1470 1541 1525 Ἰνα
1573 1470 1755 1544 μάθῃς

188 1550 264 1601 ὅτι
295 1550 386 1620 οὐχ
417 1553 444 1605 ό
465 1552 709 1619 διάϐολος
742 1556 902 1626 μόνος
933 1559 1108 1621 αίτιος
1138 1561 1239 1632 τῆς
1294 1564 1574 1635 πορνείας,
1617 1565 1752 1620 ἀλλά

188 1641 333 1712 καἱὴ
380 1645 537 1713 ἡμῶν
573 1647 834 1718 ἀκρασία,
895 1651 1116 1720 ἐπάγει,
1155 1671 1174 1707 ι
1224 1654 1326 1708 Διά
1349 1655 1448 1726 τὴν
1481 1657 1752 1726 ἀκρασίαν

189 1734 348 1804 ὑμῶν,
386 1755 405 1787 ι
431 1737 648 1803 δεικνὺς
677 1741 830 1796 ἔνθεν
856 1744 1078 1814 μᾶλλον,
1108 1746 1141 1818 ἢ
1183 1749 1246 1802 ἐκ
1278 1748 1372 1802 τοῦ
1403 1749 1648 1802 διαϐόλου
1675 1751 1753 1818 γί-

184 1827 359 1881 νεσθαι
397 1833 755 1902 πειρασμούς.
788 1854 807 1888 t
845 1837 924 1890 Οὐ
958 1839 1075 1892 κατ’
1117 1841 1406 1912 ἐπιταγήν.
1464 1861 1482 1894 ι
1535 1841 1751 1914 -[οι-

181 1919 418 1992 ΚΟΥΜ.]
438 1924 511 1976 Oti
536 1925 645 1996 γὰρ
663 1925 854 1998 ὥσπερ
870 1929 953 1995 τὺ,
976 1931 1082 1986 «ού
1110 1934 1442 2004 μοιχεύσεις,
1467 1935 1544 1988 Οὐ
1557 1935 1752 2004 φονεύ-ο

180 2029 309 2078 σεις,
348 2032 367 2066 ι
411 2015 513 2086 ἠδη
553 2018 649 2070 καὶ
678 2017 758 2088 ,τὸ
796 2021 871 2092 μὴ
903 2022 1228 2094 ἀποστερεῖν
1259 2025 1524 2096 ἀλλήλους
1556 2029 1778 2080 snitu--

181 2108 246 2176 γή
295 2107 376 2172 τίς
396 2109 534 2171 ἐστι,
567 2111 662 2165 καὶ
689 2113 979 2180 ἐπαινετὸς
1032 2117 1062 2170 ό
1088 2115 1250 2172 τοῦτο
1282 2118 1452 2172 ποιῶν
1486 2119 1564 2183 ὼς
1586 2119 1751 2191 νόμον

185 2198 412 2271 πληρῶν.
475 2201 633 2256 Κατά
680 2205 1048 2278 συγγνώμην,
1110 2211 1246 2281 φησι
1269 2251 1285 2277 ,
1343 2210 1502 2264 τοῦτο
1560 2207 1748 2279 εἷπον,

183 2293 519 2358 συγκαταϐὰς
565 2297 633 2367 τῇ
665 2297 919 2372 ἀσθενείᾳ
967 2301 1144 2372 ὑμῶν,
1195 2303 1297 2357 ούκ
1327 2304 1627 2361 ἐπιτάσσω.
1659 2304 1752 2377 Μὴ

184 2385 547 2456 ἀποστερεῖτε,
583 2389 721 2445 ἀλλά
745 2393 1018 2462 μακάριος
1050 2395 1079 2448 ὁ
1115 2396 1613 2470 ἐγκρατευόμενος.
1655 2401 1752 2456 Ἐκ

186 2476 238 2528 δέ
257 2476 342 2530 τοῦ
371 2481 562 2544 εἰπεῖν,
585 2482 974 2555 συγγνώμην,
1012 2485 1212 2552 ἔδειξεν
1233 2490 1317 2542 ὄτι
1345 2491 1436 2544 καὶ
1472 2509 1752 2562 κατεγνω-

190 2569 372 2636 σμένον
400 2571 628 2643 πράττει
660 2577 918 2646 πρᾶγμα,
949 2577 978 2631 ὁ
1005 2579 1168 2649 μόνον
1210 2581 1266 2634 ἐν
1295 2585 1360 2654 τῇ
1400 2583 1753 2658 νηστείαίκαὶ

190 2662 250 2729 τῇ
278 2667 544 2736 προσευχῇ
603 2666 967 2739 ἀπεχόμενος.
1018 2689 1037 2724 t
1078 2668 1232 2728 Εἶναι
1285 2675 1364 2739 ὡς
1409 2675 1667 2747 ἐμαυτόν.
1728 2699 1748 2733 ι

195 2752 347 2845 Ἔνθα
368 2754 622 2827 δυσχερὲς
656 2760 941 2845 ἐπιτάσσει
987 2765 1244 2836 πρᾶγμα,
1277 2767 1467 2822 ἐαυτὸν
1512 2771 1569 2823 ἐν
1603 2772 1754 2844 μέσῳ

194 2839 352 2914 cipit.
391 2864 410 2899 ι
439 2847 583 2902 Ἀλλ’
607 2839 840 2919 ἕκαστος
874 2855 1006 2909 ῐδιον
1032 2857 1282 2929 χάρισμα
1309 2858 1422 2930 ἔχει
1445 2861 1511 2915 ἐκ
1543 2839 1746 2918 Θευῡλ

207 2937 404 3013 Ἐπειδὴ
433 2943 640 3014 σφόδρα
692 2946 875 3002 αὐτῶν
922 2951 1303 3022 κατηγόρησεν
1360 2953 1553 3024 εἰπὼν,
1593 2975 1613 3009 ι
1659 2959 1750 3029 Μή

198 3049 299 3096 πως
343 3037 578 3110 πειράζῃ
638 3040 784 3112 ὑμᾶς
838 3042 867 3095 ὁ
919 3043 1165 3110 Σατανᾶς
1210 3045 1302 3101 διά
1333 3047 1431 3120 τὴν
1479 3050 1752 3121 ἀκρασίαν

200 3125 353 3196 ὑμῶν,
399 3147 419 3182 ι
475 3131 572 3184 νῦν
621 3134 913 3200 σπουδάζει
960 3139 1471 3211 παραμυθήσασθαι
1527 3142 1750 3208 αὐτούς.

199 3218 449 3291 Παρθένος
479 3218 547 3295 ἦν
579 3227 607 3279 ό
627 3225 858 3296 Παῦλος,
887 3230 979 3284 καὶ
1009 3231 1197 3303 ἐπειδὴ
1218 3229 1360 3298 εἷπε,
1383 3251 1402 3286 ι
1435 3233 1586 3287 Θέλω
1623 3236 1753 3288 πάν-

1863 3217 2158 3271 consolari.
2216 3217 2380 3287 Virgo
2441 3225 2561 3272 erat
2611 3217 2816 3271 Paulus
2868 3232 2882 3270 :

199 3325 283 3374 τας
334 3309 465 3367 εἶναι
499 3315 576 3379 ὡς
606 3317 737 3387 ἐγὼ,
771 3337 791 3370 ι
837 3323 992 3392 φησι,
1021 3322 1082 3376 τὸ
1119 3325 1298 3394 μεῖναι
1330 3325 1625 3395 παρθένον,
1657 3327 1756 3398 χάε-

203 3417 350 3475 ρισμα
375 3403 511 3462 εἶναι
543 3409 652 3463 ἀπὸ
680 3410 775 3465 τοῦ
800 3412 960 3480 Θεοῦ,
989 3414 1092 3469 οὐκ
1121 3415 1310 3488 ἐπειδὴ
1335 3417 1436 3488 τῆς
1477 3419 1755 3491 ἡμετέρας

198 3495 250 3546 ού
274 3497 430 3552 δεῖται
467 3502 714 3574 σπουδῆς
746 3504 807 3558 τὺ
841 3506 1100 3578 πρᾶγμα·
1134 3509 1267 3562 αὐτὸ
1295 3507 1405 3581 γὰρ
1432 3509 1493 3564 τὸ
1515 3510 1751 3583 (15-01971-

198 3603 274 3642 ναι
303 3591 654 3664 χαρίσματος,
692 3595 865 3652 πολλὰ
900 3601 1071 3673 κοπιᾷ
1113 3617 1229 3665 τιςο
1261 3599 1378 3655 ἀλλ’
1428 3601 1505 3666 ὡς
1538 3603 1755 3676 εἴρηται

197 3682 578 3752 παραμυθεῖται
613 3687 809 3752 αὐτοὺς
834 3689 976 3759 ὑπὲρ
1028 3689 1130 3762 τῆς
1169 3689 1404 3764 ὕϐρεως.
1444 3711 1464 3744 ε
1509 3695 1608 3758 Ὃς
1645 3694 1746 3762 μὲν

197 3769 369 3840 οὕτως,
411 3776 470 3842 ὃς
498 3778 555 3832 δὲ
600 3777 793 3845 οὕτως.
837 3802 856 3836 ι
903 3784 1002 3848 ’ος
1039 3786 1136 3856 μὲν
1175 3785 1272 3840 καὶ
1319 3787 1604 3852 παντελῶς
1648 3788 1754 3843 ἀπ⁹

197 3861 357 3934 έχεται
390 3869 610 3940 μίξεως,
631 3871 690 3936 ὃς
722 3873 778 3927 δὲ
811 3874 936 3948 ἄχρι
971 3878 1070 3946 τῆς
1099 3877 1347 3950 γαμετῆς
1373 3879 1612 3936 ἵσταται.

252 4141 407 4209 Λέγω
430 4141 498 4197 δὲ
523 4143 649 4210 τοῖς
682 4145 950 4217 ἀγάμοις,
991 4149 1090 4204 καί
1135 4151 1266 4218 ταῖς
1297 4154 1532 4224 χήραις,
1563 4160 1756 4213 καλὸν

188 4231 379 4301 αὐτοῖς
419 4235 590 4290 ἐστιν
613 4237 723 4292 ἐὰν
749 4240 1047 4309 μείνωσιν
1070 4241 1151 4309 ὠς
1184 4243 1368 4315 κάγώ.
1422 4249 1494 4301 Et
1534 4247 1602 4302 δὲ
1643 4249 1756 4305 οὐκ

178 4323 655 4397 ἐγκρατεύονται,
679 4333 1146 4400 γαμησάτωσαν.
1173 4336 1478 4405 Κρεῖσσον
1501 4339 1612 4410 γάρ
1625 4341 1755 4397 ἐστι

172 4422 462 4494 γαμῆσαι,
489 4425 530 4495 ἢ
561 4425 920 4495 πυροῦσθαι.

1855 631 2018 686 modo
2047 632 2408 702 temperantia
2428 632 2498 687 sit
2520 631 2681 688 alteri
2705 631 2846 702 parti
2870 647 3031 688 causa
3063 631 3262 701 stupri.
3299 650 3317 682 ι
3351 630 3434 685 Ad

1856 732 2092 794 tempus.
2148 743 2166 776 ι
2217 725 2332 779 iloc
2364 733 2469 790 est,
2519 724 2872 781 convenienti
2908 734 3171 794 tempore.
3205 714 3434 779 Occasio

1853 825 2038 872 autem
2085 816 2398 872 abstinendi
2435 825 2520 873 est
2555 818 2828 890 jejunium
2875 827 2930 873 et
2959 817 3158 872 oratio.
3197 816 3311 871 Hoc
3337 832 3438 870 au-

1854 923 1963 968 tem
2015 912 2170 974 dicit,
2227 927 2341 967 non
2389 913 2696 983 prohibens
2735 928 2832 968 eos
2863 912 2960 982 qui
3007 910 3436 966 commiscentur

1853 1021 1979 1061 cum
2025 1020 2196 1059 uxore
2225 1005 2476 1076 jejunare
2511 1011 2606 1060 aut
2635 1004 2850 1075 precari
2879 1021 2894 1060 :
2930 1003 3025 1058 sed
3062 1011 3121 1058 ut
3159 1001 3432 1074 jejunium

1853 1111 1918 1152 ac
1948 1097 2126 1151 oratio
2150 1095 2458 1152 studiosius
2493 1096 2606 1152 ﬁat.
2634 1096 2770 1152 Nam
2808 1096 3106 1160 abstinete,
3135 1093 3338 1164 inquit,
3375 1101 3438 1147 ut

1855 1192 2059 1247 vacetis
2085 1191 2296 1264 jejunio
2337 1200 2394 1248 et
2419 1191 2659 1247 orationi
2687 1206 2702 1244 :
2730 1207 2799 1246 ne
2829 1191 3090 1246 videlicet
3111 1187 3435 1258 occupatio-

1854 1300 1978 1340 nem
2021 1292 2212 1340 eauset
2267 1284 2560 1356 impuritas
2589 1284 2992 1340 commistionis
3029 1299 3155 1338 cum
3191 1282 3436 1353 legitima

1855 1391 2048 1432 uxore.
2101 1394 2120 1428 ι
2169 1377 2404 1446 Propter
2449 1376 2933 1446 intemperantiam
2989 1383 3252 1430 vestram.
3299 1391 3317 1424 ι
3363 1371 3436 1428 U'.

1853 1469 2033 1524 discas
2058 1468 2206 1538 quod
2227 1484 2335 1523 non
2364 1469 2517 1524 solus
2541 1467 2799 1523 diabolus
2819 1466 2996 1537 stupri
3027 1481 3192 1521 causa
3216 1466 3311 1533 sit,
3337 1465 3434 1520 sed

1851 1562 2021 1616 etiam
2062 1570 2253 1616 nostra
2298 1559 2747 1630 intemperantia,
2793 1557 3099 1629 subjungit,
3139 1576 3158 1607 ι
3205 1557 3437 1626 Propter

1853 1653 2341 1724 intemperantiam
2368 1662 2610 1708 vestram
2652 1671 2666 1708 :
2710 1671 2730 1705 ›
2769 1651 3074 1706 ostendens
3101 1648 3234 1702 hinc
3265 1648 3440 1717 magis

1851 1761 2017 1817 quam
2045 1761 2112 1802 ex
2143 1745 2362 1801 diabolo
2401 1745 2538 1800 oriri
2586 1745 2942 1800 tentationes.
2981 1761 3000 1794 ι
3035 1741 3158 1796 Non
3199 1755 3267 1794 ex
3294 1754 3437 1808 pra:-

1853 1849 2034 1911 cepto.
2089 1857 2108 1892 ι
2154 1839 2345 1910 Neque
2379 1839 2529 1895 enim
2574 1839 2739 1906 sicut,
2779 1857 2799 1891 ι
2843 1838 2963 1894 Non
3013 1835 3274 1899 occides;
3315 1833 3440 1888 Non

1853 1932 2188 1988 adulterium
2238 1933 2572 1998 eommittes,
2627 1952 2647 1986 ι
2701 1932 2777 1987 ita
2823 1945 2974 1986 nunc
3010 1943 3232 1999 quoque
3277 1941 3344 1981 ne
3377 1940 3439 1980 se

1850 2023 2107 2080 fraudent
2139 2025 2396 2091 invicem,
2427 2034 2762 2096 praeceptum
2789 2011 3012 2094 aliquod
3045 2033 3152 2087 est,
3180 2030 3242 2076 ut
3263 2019 3429 2076 laude

1853 2115 2054 2187 dignus
2079 2117 2152 2172 sit
2177 2119 2272 2188 qui
2317 2119 2424 2172 hoc
2458 2118 2590 2189 agit,
2633 2127 2894 2188 tanquam
2924 2117 3100 2186 legem
3131 2113 3434 2183 complens.

1853 2207 1932 2261 Ex
1974 2209 2363 2278 permissioue,
2406 2209 2605 2280 inquit,
2638 2210 2746 2264 hoc
2775 2209 2911 2271 dixi,
2943 2207 3242 2262 demittens
3264 2219 3350 2258 me
3368 2202 3438 2257 ad

1855 2297 2292 2355 imbecillitatem
2339 2307 2601 2354 vestram.
2655 2298 2775 2353 Non
2815 2298 2984 2369 jubeo
3028 2311 3098 2352 ne
3145 2293 3435 2357 fraudetis,

1853 2391 1951 2447 sed
1995 2391 2193 2446 beatus
2233 2399 2319 2446 est
2351 2391 2448 2462 qui
2491 2391 2761 2446 continet.
2802 2390 2882 2444 Ex
2931 2390 3034 2443 hoc
3063 2397 3248 2443 autem
3288 2385 3437 2455 quod

1854 2483 1990 2539 dicit
2027 2484 2382 2555 συγγνώμην,
2429 2483 2483 2538 id
2530 2495 2635 2550 est,
2678 2485 3074 2555 permissionem
3120 2488 3217 2535 aut
3255 2480 3440 2550 potius

1853 2574 2082 2638 veniam,
2109 2574 2354 2630 ostendit
2376 2590 2503 2629 eum
2537 2574 2718 2630 facere
2747 2573 3120 2629 damnandum
3149 2585 3308 2641 opus,
3343 2568 3440 2640 qui

1855 2664 2036 2719 solum
2062 2664 2306 2720 abetinet
2340 2681 2466 2720 eum
2505 2664 2866 2738 jejunandum
2905 2673 2989 2718 est
3019 2672 3114 2718 aut
3143 2661 3437 2718 orandum.

1863 2776 1880 2808 ι
1916 2757 1985 2814 Ut
2021 2772 2126 2828 ego
2160 2758 2277 2828 ipse
2311 2775 2455 2814 sum.
2507 2777 2526 2811 ι
2571 2759 2676 2815 Ubi
2714 2774 2828 2812 rem
2864 2757 3099 2828 imponit
3138 2756 3438 2823 ditlicilem,

1855 2849 2098 2918 seipsum
2133 2849 2190 2903 in
2220 2849 2528 2918 exemplum
2557 2848 2836 2919 proponit.
2866 2868 2883 2900 ι
2919 2847 3026 2902 Sed
3058 2848 3440 2916 unusquisque

1855 2941 2140 3011 proprium
2166 2941 2332 2996 habet
2353 2942 2581 2996 donum.
2615 2959 2634 2993 ι
2665 2940 2934 3008 Quoniam
2962 2940 3319 2994 vehementer
3343 2953 3441 2994 eos

1857 3043 2214 3091 accusaverat
2243 3035 2434 3090 dicens
2462 3053 2474 3088 :
2509 3051 2527 3086 ι
2547 3033 2638 3089 Ne
2677 3041 2854 3088 tentet
2881 3048 2979 3088 vos
3014 3032 3246 3088 Satanas
3271 3046 3440 3100 prop-

1859 3133 1944 3179 ter
1975 3125 2460 3195 iutemperantiam
2499 3133 2762 3188 vestram,
2822 3143 2841 3176 ι
2885 3123 3070 3178 studet
3111 3137 3260 3178 nunc
3290 3123 3442 3192 ipsos

2935 3224 2991 3270 et
3024 3215 3152 3286 quia
3203 3213 3441 3279 dixerat,

1864 3323 1883 3358 ι
1917 3305 2189 3376 Cuperem
2231 3322 2423 3362 omnes
2458 3323 2580 3362 esse
2625 3316 2687 3360 ut
2715 3322 2818 3377 ego
2857 3322 3021 3372 sum;
3062 3325 3081 3358 ι
3129 3306 3265 3361 dicit
3293 3321 3443 3361 nunc

1857 3397 2004 3468 quod
2036 3413 2261 3454 manere
2290 3399 2562 3470 virginem
2605 3399 2810 3453 donum
2854 3397 2950 3454 Dei
2993 3405 3112 3465 est;
3151 3413 3260 3452 non
3291 3396 3442 3468 quod

1858 3506 1946 3546 res
1975 3501 2166 3547 nostro
2194 3508 2305 3546 non
2336 3502 2493 3562 egeat
2522 3492 2707 3546 studio
2736 3509 2750 3548 :
2783 3491 3020 3547 multum
3055 3491 3203 3547 enim
3229 3491 3444 3546 laborat

1857 3585 2131 3655 quispiam
2157 3585 2210 3639 in
2237 3584 2342 3640 hoc
2371 3595 2432 3639 ut
2453 3585 2651 3655 dignus
2676 3584 2949 3641 habeatur
2970 3584 3148 3640 dono:
3169 3584 3263 3640 sed
3289 3585 3440 3654 quia,

1861 3684 1918 3730 ut
1947 3676 2154 3730 dictum
2179 3687 2284 3744 est,
2316 3678 2744 3734 consolatureos
2761 3677 2830 3734 de
2855 3678 3218 3749 improperio.
3243 3699 3259 3730 ι
3289 3678 3445 3734 Unus

1857 3768 2082 3839 quidem
2114 3769 2214 3835 sic,
2251 3769 2393 3824 alius
2418 3786 2548 3825 vero
2575 3770 2676 3825 sic.
2714 3790 2732 3823 ι
2776 3769 2875 3826 llic
2908 3770 3132 3841 quidem
3164 3770 3387 3840 penitus
3410 3785 3444 3824 α

1858 3859 2244 3914 commistione
2291 3859 2555 3926 abstinet,
2608 3861 2702 3916 ille
2738 3876 2870 3916 vero
2912 3861 3015 3926 sic,
3073 3869 3134 3915 ut
3176 3861 3243 3914 ad
3279 3862 3441 3915 aliam

1857 3967 1968 4006 non
2001 3951 2409 4022 accedatquam
2451 3969 2699 4007 uxorem.

1927 4131 2090 4204 477
2121 4132 2234 4196 Vll,
2279 4131 2332 4196 8,
2369 4133 2421 4188 9.
2473 4131 2603 4187 Dico
2649 4141 2828 4186 autem
2872 4133 3232 4204 inconjugatis
3273 4145 3321 4186 et
3368 4133 3444 4187 vi-

1857 4225 2016 4279 duis:
2051 4224 2247 4278 bonum
2287 4224 2360 4278 eis
2409 4232 2484 4278 est
2531 4225 2578 4278 si
2622 4225 3014 4296 permanserint
3052 4226 3188 4278 sicut
3229 4233 3279 4278 et
3323 4239 3440 4295 ego.

1859 4316 2010 4384 Quod
2055 4319 2100 4372 si
2140 4335 2244 4371 non
2298 4319 2602 4384 continent,
2647 4319 2968 4373 contrahant
3020 4317 3441 4383 matrimonium,

1859 4427 1986 4465 nam
2025 4409 2212 4465 melius
2253 4418 2327 4464 est
2356 4411 2759 4464 matrimonium
2795 4412 3109 4465 contrahere
3147 4427 3308 4481 quam
3335 4411 3441 4464 uri.

236 4590 581 4666 [ΘΕΟΔΩΡ.]
603 4594 817 4661 Ἔδειξε
853 4596 1018 4651 πάλιν
1052 4598 1247 4653 ἐαυτὸν
1268 4599 1372 4671 τῆς
1393 4599 1502 4656 τῶν
1523 4603 1753 4675 ἀγάμων

1935 4591 2175 4647 Rursum
2223 4591 2468 4662 seipsum
2512 4591 2754 4646 ostendit
2797 4605 2918 4646 esse
2975 4591 3044 4646 de
3087 4589 3438 4645 multitudine

166 4682 296 4738 ὄντα
341 4685 678 4755 συμμορίας.
713 4686 787 4740 Ού
827 4686 1034 4760 γὰρ’ἀν
1064 4704 1150 4753 τις
1176 4689 1342 4745 αὐτὸν
1380 4693 1608 4759 εἰκότως
1635 4699 1756 4761 ταῖς

161 4772 538 4844 χηρευούσαις
569 4775 816 4830 ἐντάττοι
847 4795 862 4809 ο
899 4779 1113 4843 νεανίας
1145 4780 1252 4852 γὰρ
1281 4781 1356 4835 ὢν
1389 4781 1469 4837 ἔτι
1495 4785 1596 4855 τῆς
1623 4785 1756 4857 κλή-

159 4885 308 4927 σεως
333 4865 564 4939 ἠξιώθη.
599 4867 806 4938 Μηδεὶς
847 4868 906 4922 δὲ
951 4871 1112 4924 αὑτὸν
1138 4873 1335 4927 οίέσθω
1363 4874 1462 4946 τὴν
1487 4877 1588 4947 μέν
1614 4878 1755 4946 ἀγα·-

157 4958 302 5030 μίαν
323 4959 441 5020 τοῖς
466 4958 715 5030 ἀνδράσι,
741 4961 840 5031 τὴν
861 4961 919 5014 δὲ
945 4963 1084 5032 μετὰ
1105 4965 1196 5017 τὸν
1220 4964 1401 5037 γάμον
1425 4967 1755 5040 ἐγκράτειαν

153 5054 288 5114 ταῖς
320 5051 541 5118 γυναιξὶ
601 5053 794 5122 μόναις
824 5056 1164 5125 νομοθετεῖν,
1200 5059 1288 5113 διά
1321 5059 1380 5114 τὸ
1404 5061 1599 5126 εἰπεῖν,
1631 5064 1758 5130 τοῖς

152 5140 447 5211 ἀγάμοις,
469 5142 608 5212 ἦτοι,
633 5146 745 5208 τοῖς
767 5146 1018 5216 ἀνδράσι,
1046 5151 1142 5202 καὶ
1162 5147 1292 5217 ταῖς
1313 5149 1549 5220 χήραις,
1567 5153 1756 5224 ἤγουν,

151 5237 289 5298 ταῖς
327 5235 598 5303 γυναιξίν.
642 5236 963 5310 ’Λμφότερα
986 5241 1096 5312 γὰρ
1129 5243 1394 5313 ἑκάτερον
1439 5245 1758 5299 ἐκπαιδεύει

153 5317 354 5395 γένος,
386 5325 482 5377 καὶ
503 5324 602 5398 τὴν
626 5327 895 5399 ἀγαμίαν,
930 5332 1025 5383 καὶ
1044 5331 1142 5402 τὴν
1170 5334 1306 5404 μετά
1329 5333 1423 5388 τὸν
1451 5336 1628 5406 γάμον
1663 5337 1760 5402 ἐγ-

155 5418 438 5490 κράτειαν
472 5416 572 5488 τῆς
621 5421 871 5491 χηρείας.
915 5440 932 5473 ι
969 5423 1032 5476 Ei
1073 5422 1130 5476 δέ
1158 5425 1258 5478 οὐκ
1309 5427 1756 5499 ἐγκρατεύονται,

127 5545 138 5558 .
157 5511 608 5582 γαμησάτωσαν.
648 5531 666 5564 ι
704 5514 848 5584 Ὅρα
866 5515 1082 5584 σοφίανο
1114 5517 1211 5572 καὶ
1243 5517 1488 5590 βελτίονα
1515 5521 1760 5574 δείκνυσι

159 5604 270 5674 τὴν
295 5603 647 5674 ἐγκράτειαν,
675 5607 770 5660 καὶ
795 5608 895 5660 οὐκ
917 5609 1224 5678 ἀναγκάζει
1249 5611 1340 5664 τὸν
1365 5611 1440 5682 μὴ
1465 5612 1757 5680 φθάνοντα,

163 5691 431 5755 δεδοικὼς
485 5695 558 5765 μή
603 5712 656 5748 τι
719 5699 905 5766 μεῖζον
947 5700 1308 5772 παράπτωμα
1340 5703 1589 5773 γένηται.
1632 5720 1651 5754 ι
1688 5703 1760 5756 Ἦ

168 5782 503 5852 πυροῦσθαι.
538 5803 556 5836 ι
602 5784 893 5856 Ἐνέφηνεν
921 5790 1021 5862 ὅση
1046 5791 1144 5861 τῆς
1169 5791 1466 5863 ἐπιθυμίας
1496 5793 1531 5864 ἡ
1563 5809 1762 5862 τνραν-

171 5873 278 5937 νίς.
315 5873 379 5928 Εἰ
415 5875 638 5947 πολλὴν,
685 5879 874 5951 φησιν,
921 5882 1199 5957 ὑπομένῃς
1237 5884 1357 5956 βίαν
1415 5887 1509 5942 καὶ
1570 5884 1752 5958 πύρω-

1859 4698 2050 4739 eorum
2083 4682 2177 4752 qui
2204 4682 2484 4754 conjugati
2519 4698 2627 4738 non
2654 4693 2784 4738 sunt
2811 4701 2822 4736 :
2855 4698 3036 4752 neque
3059 4681 3206 4738 enim
3241 4681 3442 4735 merito

1858 4773 2150 4843 quisquam
2180 4773 2358 4842 ipsum
2411 4773 2556 4827 inter
2584 4771 2783 4826 viduas
2826 4773 3114 4842 producet,
3147 4787 3273 4826 cum
3305 4770 3442 4824 ado-

1859 4865 2076 4920 lescens
2099 4865 2282 4920 adhuc
2315 4865 2484 4920 fuerit
2514 4880 2640 4918 eum
2671 4865 2961 4918 vocatione
2985 4863 3186 4934 dignus
3218 4863 3443 4918 habitus

1859 4969 1960 5014 est.
2001 4960 2174 5014 Porro
2212 4974 2376 5013 nemo
2416 4957 2695 5012 existimet
2729 4957 2905 5027 ipsum
2942 4958 3079 5012 viris
3099 4968 3342 5014 statuere
3373 4975 3443 5013 ne

1859 5049 2192 5104 contrahant
2229 5047 2666 5110 matrimonium,
2702 5048 3030 5105 mulieribus
3067 5066 3201 5105 vero
3232 5060 3292 5104 ut
3321 5059 3445 5120 post

1859 5152 2172 5198 contractas
2211 5141 2435 5212 nuptias
2459 5139 2672 5196 etl'ecta:
2701 5140 2881 5196 vidua:
2919 5143 3255 5208 abstineant,
3280 5159 3348 5198 ex
3377 5157 3445 5196 eo

1860 5235 2005 5307 quod
2035 5236 2110 5289 ait
2137 5237 2252 5297 τοῖς
2290 5234 2548 5305 ἀγάμοις,
2569 5233 2623 5288 id
2653 5242 2757 5299 est,
2780 5250 2893 5290 non
2913 5237 3222 5308 conjugatis
3243 5252 3444 5306 genere

1862 5328 2189 5388 masculino,
2229 5341 2428 5396 nempe
2450 5325 2588 5380 viris
2623 5343 2638 5379 :
2667 5333 2724 5382 et
2757 5331 2880 5391 ταῖς
2901 5330 3120 5400 χήραις,
3152 5329 3205 5383 id
3229 5337 3335 5393 est,
3365 5329 3448 5382 vi~

1863 5420 1989 5474 duis
2005 5419 2294 5485 feminino,
2322 5428 2451 5489 puta
2480 5418 2788 5475 feminian
2815 5429 3048 5491 utroque
3069 5421 3216 5476 enim
3239 5431 3448 5476 utrum-

1865 5529 1972 5584 que
2015 5513 2241 5568 instruit
2285 5528 2476 5584 genus,
2510 5523 2568 5568 et
2599 5514 2666 5569 de
2697 5515 3034 5570 abstinentia
3083 5529 3114 5568 a
3162 5513 3443 5584 eonjugio,

1863 5607 2008 5662 etde
2031 5607 2372 5662 continentia
2400 5607 2455 5662 in
2498 5607 2770 5662 viduitate
2811 5616 2936 5678 post
2961 5616 3274 5662 contractas
3300 5623 3446 5678 ηυρ-

1866 5701 1990 5755 tias.
2030 5717 2048 5751 ι
2082 5699 2240 5766 Quod
2277 5699 2323 5753 si
2364 5714 2477 5753 non
2520 5700 2824 5765 continent,
2874 5698 3202 5753 contrahant
3256 5700 3450 5753 matri-

1865 5792 2136 5848 monium.
2196 5811 2214 5844 ι
2272 5792 2408 5847 V'ide
2457 5791 2827 5860 prudentiam.
2875 5790 3160 5845 Meliorem
3203 5789 3448 5846 ostendit
3515 5864 3518 5866 _

1866 5883 2286 5950 continentiam,
2338 5897 2440 5938 nec
2493 5890 2673 5935 tamen
2720 5879 2866 5951 cogit
2914 5895 3040 5935 eum
3077 5879 3170 5952 qui
3219 5880 3288 5937 ad
3323 5895 3448 5937 eam
