3872 6572
488 422 590 491 727

1548 420 1712 481 (ECU
1725 419 1943 479 MENll
1982 420 2066 479 ΤΗ

2169 421 2273 480 [ΗΕ
2311 421 2655 483 EPISCOPI
3578 428 3655 491 iis

490 555 604 595 non
640 536 926 610 pertingit,
966 537 1181 593 veritus
1223 549 1293 590 ne
1326 536 1502 607 major
1543 534 1744 605 aliquis
1790 535 2066 607 contingat

2175 553 2281 600 σιν,
2336 535 2686 607 ἀπαλλάγηθι
2737 536 2832 591 καὶ
2876 535 3143 606 γάμησον,
3201 535 3423 607 μήποτε
3455 556 3658 614 περιτρι.

491 632 695 702 lapsus.
732 649 752 684 ι
784 630 956 697 Quam
999 629 1105 684 uri.
1147 647 1166 680 ι
1201 626 1455 683 Ostendit
1479 635 1685 697 quanta
1737 627 1814 682 sit
1850 640 2063 681 concu-

494 724 780 795 piscentiae
823 722 1092 795 tyrannis.
1142 721 1201 777 Si
1254 722 1517 785 multam,
1577 719 1779 790 inquit,
1829 718 2071 773 sustines

492 815 839 877 violentiam.
875 830 1244 884 magnumque
1287 814 1564 878 ardorem,
1598 812 1834 867 liberare
1865 824 1929 865 ac
1956 825 2073 865 ma-

496 907 818 962 trimonium
856 906 1143 970 contrahe,
1179 905 1474 975 nequando
1503 901 1793 959 evertaris.

562 999 674 1059 VII,
711 998 796 1064 10,
826 1000 910 1052 Η.
964 998 1029 1053 At
1071 991 1670 1069 roujugatis'prwripio,
1711 1012 1815 1049 non
1849 1011 1943 1065 ego
1982 994 2073 1048 sed

500 1086 752 1142 Dominus
780 1105 797 1143 :
826 1104 960 1141 στοι-
989 1107 1021 1143 ο
1048 1091 1158 1143 viro
1189 1105 1293 1142 nou
1329 1096 1621 1158 separetur.
1654 1085 1803 1151 Quod
1837 1086 1884 1139 si
1911 1087 2072 1139 etiam

492 1188 741 1250 separata
768 1178 944 1249 fuerit,
972 1187 1187 1233 maneat
1219 1181 1469 1250 innupta,
1503 1187 1595 1232 aut
1623 1179 1735 1232 viro
1772 1176 2074 1232 reconcilie-

497 1280 601 1325 tur.
635 1272 699 1326 Et
729 1273 809 1327 vir
831 1288 1046 1328 uxorem
1079 1288 1184 1327 non
1206 1272 1459 1326 dimittat.

566 1363 838 1431 Quoniam
869 1364 1043 1436 legem
1067 1364 1359 1418 manifeste
1384 1379 1414 1418 a
1439 1362 1670 1418 Domino
1694 1362 1926 1434 positam
1951 1362 2068 1417 dic-

498 1466 655 1513 turus
693 1464 801 1522 est,
836 1466 1132 1527 propterea
1166 1456 1245 1510 ait
1293 1472 1305 1508 :
1361 1474 1379 1507 ι
1428 1456 1547 1511 Non
1591 1471 1693 1527 ego
1745 1455 1841 1510 sed
1882 1453 2071 1510 Domi-

496 1563 623 1606 nus.
663 1568 679 1601 ι
717 1548 848 1616 Quae
879 1556 965 1604 est
998 1558 1179 1604 autem
1212 1548 1336 1603 lex?
1378 1548 1456 1603 Ne
1487 1548 1583 1601 ﬁat
1623 1546 1843 1610 divisio,
1877 1545 1983 1601 nisi
2013 1545 2069 1600 in

497 1655 664 1697 causa
716 1640 917 1711 stupri.
969 1640 1039 1696 Et
1093 1639 1317 1712 quidem
1366 1655 1431 1695 ea
1476 1654 1598 1709 quae
1637 1637 1896 1709 praedicta
1942 1642 2073 1692 sunt

499 1748 813 1803 quanquam
836 1732 1102 1788 Dominus
1122 1746 1381 1802 expresse
1409 1747 1519 1787 non
1548 1730 1772 1795 dixerit,
1827 1736 2070 1784 attamen

499 1824 604 1895 ipsi
646 1824 880 1880 Domino
912 1825 1211 1879 convenire
1242 1823 1522 1889 videntur,
1561 1831 1657 1877 aut
1704 1837 1803 1891 per
1850 1836 1931 1887 se,
1975 1828 2070 1874 aut

496 1930 598 1986 per
622 1931 691 1970 os
724 1916 876 1971 Pauli
914 1916 1183 1987 loquenti.
1224 1916 1426 1971 Verum
1451 1914 1712 1985 quoniam
1743 1912 1972 1969 verbum
2000 1912 2069 1967 de

499 2009 849 2078 separatione
893 2010 1070 2081 palam
1124 2008 1350 2064 tradidit
1401 2008 1685 2071 Dominus,
1741 2005 1864 2060 ideo
1913 2003 2068 2071 dicit,

426 2158 439 2167 ,
502 2118 524 2153 ι
552 2100 670 2155 Νοη
702 2117 825 2171 ego,
850 2102 945 2157 sed
972 2102 1285 2158 Dominus.»
1315 2099 1464 2155 lianc
1489 2101 1673 2169 itaque
1699 2096 2069 2153 diﬁ‘erentiam

497 2193 705 2249 habent
741 2213 759 2245 ι
791 2194 925 2266 Ego,
965 2215 982 2246 ι
1020 2202 1078 2250 et
1115 2214 1133 2246 ι
1166 2194 1285 2250 Non
1311 2209 1434 2264 ego,
1477 2212 1494 2245 ι
1529 2192 1660 2248 utei
1684 2189 1835 2262 quod
1878 2188 2069 2245 Domi-

495 2301 601 2341 nus
633 2286 772 2342 dixit
816 2287 1020 2343 serviat
1061 2305 1080 2339 ι
1128 2286 1248 2342 Non
1295 2301 1417 2357 ego,
1471 2305 1489 2337 ι
1529 2285 1596 2339 de
1632 2284 1742 2339 alio
1772 2299 1905 2339 vero
1932 2281 2069 2338 dicit

501 2397 521 2431 ι
558 2379 692 2451 Ego.
728 2399 747 2433 ι
791 2379 858 2436 Et
886 2396 955 2435 ne
979 2396 1101 2451 qute
1133 2380 1306 2451 ipsius
1332 2389 1462 2435 sunt
1498 2379 1738 2434 humana
1769 2392 1890 2433 esse
1918 2376 2068 2432 exis-

497 2472 679 2536 times,
707 2473 993 2543 subjungit
1018 2472 1289 2528 inferius:
1325 2491 1343 2523 ι
1385 2471 1595 2542 Opinor
1616 2478 1798 2526 autem
1831 2468 1977 2540 quod
2011 2477 2069 2524 et

493 2577 596 2633 ego
627 2562 894 2632 Spiritum
940 2562 1036 2617 Dei
1080 2563 1334 2617 habeam.
1362 2582 1406 2644 ‘D
1445 2593 1513 2604 ——
1554 2581 1572 2614 ι
1618 2560 1775 2629 Quod
1806 2561 1852 2615 si
1899 2561 2065 2615 etiam

498 2662 751 2724 separata
780 2654 967 2708 fuerit.
1018 2673 1037 2706 ι
1076 2653 1291 2717 Melius,
1325 2653 1524 2723 inquit,
1556 2661 1727 2708 estut
1754 2667 1865 2706 non
1905 2666 2067 2720 sepa-

495 2752 693 2797 retur:
731 2743 879 2813 quod
909 2743 956 2799 si
999 2743 1165 2799 etiam
1214 2752 1463 2812 separata
1494 2742 1682 2805 fuerit,
1715 2751 1937 2797 maneat
1965 2741 2067 2797 ba-

493 2833 633 2890 bens
683 2835 889 2900 virum;
938 2832 1105 2906 478
1145 2832 1249 2888 etsi
1284 2849 1393 2889 non
1437 2832 1843 2895 commistione,
1883 2841 2066 2886 tamen

495 2925 717 2988 aﬁ‘ectu,
765 2926 845 2981 sic
886 2934 945 2980 ut
990 2941 1100 2980 non
1131 2925 1366 2980 adducat
1392 2924 1510 2980 sive
1554 2925 1812 2995 adjungat
1841 2924 1945 2979 sibi
1986 2924 2067 2978 vi-

496 3031 617 3072 rum
646 3016 835 3070 alium.
880 3033 897 3067 ι
931 3015 1168 3073 Uxorem
1217 3029 1326 3069 non
1373 3014 1634 3070 dimittat.
1678 3032 1696 3064 ι
1748 3012 1862 3067 Nisi
1907 3012 2067 3082 quip-

495 3106 639 3176 piam
669 3107 966 3162 accesserit
1002 3107 1060 3161 in
1091 3121 1256 3161 causa
1289 3104 1490 3176 stupri.
1525 3105 1659 3160 Nam
1700 3103 1817 3159 haec
1859 3102 2064 3160 Christi

494 3199 581 3253 lex
607 3208 712 3253 est.
952 3236 959 3241 ι

494 3208 581 3253 lex
607 3214 667 3252 es
698 3237 712 3251 .
952 3236 959 3241 .

444 3306 453 3325 ί
562 3208 878 3356 νιιξιεμ.
905 3288 1139 3363 Reliquis
1160 3299 1336 3345 autem
1362 3306 1453 3361 ego
1480 3290 1615 3353 dico,
1643 3305 1746 3344 non
1772 3288 2061 3375 Dom'quts:
2086 3230 2135 3331 ct

493 3380 551 3437 Si
573 3385 687 3453 quis
722 3383 893 3451 frater
954 3400 1169 3439 uxorem
1198 3384 1390 3438 habeat
1425 3383 1712 3451 inﬁdelem,
1764 3390 1813 3436 et
1841 3383 1949 3436 bwc
1978 3396 2065 3434 as-

489 3476 715 3529 seutitur
731 3485 787 3528 ut
818 3475 1011 3529 habitet
1031 3493 1150 3530 cum
1175 3474 1290 3539 illo,
1321 3491 1385 3528 ne
1411 3475 1647 3528 dimittat
1675 3489 1812 3526 eam.
1836 3471 1905 3525 Et
1933 3486 2065 3524 tsa‘or

491 3578 611 3632 quat
632 3563 783 3616 habet
811 3564 980 3617 uirum
1005 3562 1293 3630 inﬁdelem,
1335 3571 1384 3616 et
1407 3562 1449 3615 is
1478 3563 1764 3616 assentitur
1784 3568 1840 3613 ut
1867 3560 2064 3612 habitet

493 3670 613 3709 cum
649 3670 734 3718 ea,
762 3669 827 3706 ne
852 3654 1083 3706 dimittat
1116 3652 1290 3708 illum.
1318 3650 1694 3720 Sanctiﬁcatus
1726 3660 1799 3704 est
1820 3649 1958 3704 enim
1988 3650 2066 3702 vir

492 3747 722 3815 inﬁdelis
761 3763 854 3816 per
888 3763 1105 3801 uxorem
1141 3764 1158 3802 :
1193 3755 1242 3802 et
1277 3730 1608 3815 sanctiﬁcata
1638 3754 1714 3801 est
1757 3760 1889 3800 uaor
1937 3743 2065 3812 inﬁ-

494 3840 625 3894 delis
645 3856 738 3909 per
766 3841 958 3894 virum.

563 3933 642 3988 Nc
678 3932 1012 3987 divellantur
1057 3933 1309 4005 coniugia
1358 3950 1373 3990 :
1412 3942 1469 3990 et
1510 3933 1584 3989 ita
1615 3932 1959 3990 confusionis
2000 3947 2065 3989 ac

495 4025 847 4091 turbationis,
876 4025 1278 4097 domorumque
1311 4027 1615 4083 eversionis
1654 4042 1816 4081 causa
1845 4042 1877 4081 a
1902 4027 2063 4097 vulgo
2090 4008 2099 4045 ³

488 4116 770 4187 iudicetur
808 4116 904 4172 Dei
947 4117 1150 4181 cultus;
1201 4126 1490 4187 propterea
1530 4117 1790 4187 prohibet
1820 4132 1919 4172 eos
1967 4116 2062 4186 qui

491 4208 638 4264 nacti
670 4217 795 4263 sunt
822 4207 1094 4271 inﬁdeles,
1121 4194 1188 4264 ne
1216 4225 1245 4263 a
1276 4208 1687 4265 cohabitatione
1717 4208 2061 4264 dividantur.

489 4300 679 4370 Neque
704 4301 854 4357 enim
894 4301 962 4356 de
988 4301 1075 4356 his
1105 4302 1280 4373 legem
1322 4302 1515 4357 statuit
1542 4302 1637 4372 qui
1663 4302 1906 4357 nondum
1934 4317 2066 4357 con-

491 4404 778 4452 traxerunt
806 4396 1238 4460 matrimonium,
1262 4395 1357 4450 sed
1390 4395 1569 4450 dehis
1591 4395 1684 4465 qui
1717 4395 1783 4450 ad
1812 4395 2064 4466 eonjugia

486 4488 597 4559 jam
658 4496 1051 4556 pervenerunt.
1109 4487 1392 4557 Siquidem
1448 4504 1557 4543 non
1602 4488 1744 4544 dixit
1791 4504 1804 4541 :
1847 4487 1901 4542 Si
1938 4488 2064 4558 quis

2175 632 2306 700 πῇς.

2249 907 2380 974 Τοῖς
2407 905 2475 959 δὲ
2504 908 2870 976 γεγαμηκόσι
2900 905 3287 975 ποραγγάιλω
3311 909 3415 961 οὐκ
3434 906 3664 979 iram

2184 1003 2217 1055 ό
2240 1002 2475 1067 Κύριος.
2529 998 2783 1068 γυναῖκα
2815 998 2933 1052 ἀπὸ
2973 998 3195 1066 ἀνδρὸς
3227 998 3311 1068 μὴ
3351 1004 3665 1070 χωρισθῆναι.

2186 1089 2321 1143 Ἐὰν
2345 1089 2413 1142 δὲ
2436 1089 2534 1145 καί
2568 1084 2857 1159 χωρισθῇ,
2884 1090 3110 1158 μενέτω
3136 1090 3376 1160 ἄγαμος,
3406 1092 3441 1161 ἢ
3488 1095 3556 1160 τῷ
3585 1098 3665 1150 ἀγ.

2172 1179 2267 1249 api
2295 1179 2758 1252 καταλλαγήτω.
2787 1180 2902 1253 Kal
2953 1179 3144 1250 ἀνδρα
3170 1182 3418 1252 γυναῖκα
3450 1183 3525 1253 μὴ
3542 1186 3668 1255 deti-

2172 1287 2292 1326 ναι.

2258 1363 2476 1436 Ἐπειδὴ
2507 1364 2684 1435 ῥητῶς
2710 1365 2887 1435 ινόμου
2947 1364 3054 1418 ὑπὸ
3084 1363 3181 1418 τοῦ
3234 1365 3430 1436 Κυρίου
3479 1367 3669 1432 τεθέντος

2172 1456 2351 1524 λέγειν
2399 1456 2606 1526 μέλλει,
2664 1456 2754 1511 διὰ
2799 1455 2958 1511 τοῦτό
2986 1474 3171 1527 φησιν.
3210 1476 3230 1509 ι
3265 1458 3375 1511 Οὐκ
3407 1457 3521 1525 ἐγὼ,
3548 1460 3671 1514 id“

2175 1546 2396 1618 Κύριος.
2444 1566 2466 1600 ι
2526 1546 2622 1611 Τίς
2666 1548 2725 1601 δὲ
2761 1546 2789 1599 6
2827 1547 3022 1616 νόμοςς
3077 1546 3184 1601 Τοῦ
3222 1548 3296 1618 μὴ
3331 1548 3547 1615 γίνεσθαι
3571 1551 3672 1603 διαί-

2175 1656 2324 1709 ρεσιν
2353 1636 2624 1711 παρεκτὸς
2666 1639 2827 1707 λόγου
2860 1639 3136 1709 πορνείας.
3171 1641 3281 1693 Καὶ
3300 1641 3365 1693 τὰ
3397 1641 3486 1708 μὲν
3514 1641 3671 1711 iunpo-

2174 1730 2300 1783 σθεν
2327 1730 2615 1800 είρημένα,
2647 1730 2695 1783 εί
2732 1730 2807 1799 μὴ
2861 1730 2956 1783 καὶ
2985 1730 3247 1799 ὀνομαστὶ
3274 1732 3304 1783 6
3346 1729 3528 1802 Κύριος
3545 1728 3671 1797 εἶπεν,

2173 1822 2325 1891 ὅμως
2355 1826 2448 1877 καὶ
2498 1822 2646 1893 αὐτῷ
2693 1821 2774 1891 τῷ
2807 1821 2995 1892 Κυρίῳ
3054 1823 3240 1885 καλῶς
3293 1823 3431 1893 ἔχειν
3470 1818 3593 1877 δοκεί
3620 1825 3674 1895 τῷ

2171 1915 2438 1980 λαλοῦντι,
2457 1916 2626 1986 ήγουν
2646 1914 2796 1982 αὐτῷ
2823 1914 2901 1985 τῷ
2923 1915 3116 1987 Κυρίῳ
3142 1915 3223 1986 τῷ
3250 1916 3336 1971 διὰ
3358 1916 3447 1971 τοῦ
3470 1916 3675 1987 πόματος

2172 2007 2385 2061 Παύλου
2420 2005 2688 2061 λαλοῦντι.
2724 2006 2871 2076 Πλὴν
2901 2006 3112 2076 ἐπειδὴ,
3133 2008 3201 2061 τὸ
3218 2008 3314 2063 τοῦ
3337 2008 3586 2078 χωρισμοῦ
3608 2011 3675 2078 tr,-

2168 2097 2299 2162 τῶς.
2316 2098 2390 2161 ὡς
2411 2097 2647 2167 εἴρηται,
2669 2099 2698 2151 6
2716 2096 2920 2168 Κύριος
2938 2099 3247 2169 παρέδωκε,
3266 2097 3446 2153 τοῦτον
3460 2097 3593 2168 χάριν
3606 2117 3678 2169 φτ·

2170 2190 2446 2255 σἰνμΟὖκ
2465 2189 2596 2258 ἐγὼ,
2617 2188 2735 2242 ἀλλ’
2756 2189 2786 2242 6
2808 2188 3028 2260 Κύριος.
3043 2209 3061 2242 ι
3085 2176 3252 2244 "dare
3274 2189 3350 2254 τὸ,
3373 2206 3393 2240 ι
3412 2189 3578 2256 Ἐγὼ,ι
3595 2192 3674 2254 καὶ,

2173 2284 2317 2339 «Οὐκ
2332 2281 2461 2351 ἐγὼ,
2476 2302 2492 2335 ι
2504 2282 2706 2353 ταύτην
2722 2283 2835 2355 ἔχει
2854 2284 2952 2353 τὴν
2977 2282 3268 2353 διαφοράν·
3290 2281 3373 2349 τδ,
3391 2276 3538 2335 Εἶπεν
3552 2282 3578 2333 6
3598 2281 3675 2333 lii-

2171 2394 2306 2451 pto;,
2353 2376 2532 2444 λέγει,
2594 2394 2613 2428 ι
2653 2377 2766 2430 Οὐκ
2828 2374 2988 2446 Ἐγιὶν
3024 2394 3043 2428 ι
3083 2375 3145 2429 τὸ
3197 2373 3256 2428 δὲ
3304 2372 3498 2443 ἕτερον,
3538 2373 3675 2441 φησὶν,

2174 2488 2193 2522 ι
2217 2468 2410 2537 Ἐγώ.»
2439 2468 2556 2524 Ἵνα
2570 2467 2677 2537 γὰρ
2698 2470 2773 2540 μὴ
2797 2468 2865 2521 τὰ
2886 2466 3051 2521 αὑτοῦ
3080 2464 3397 2537 ἀνθρώπινα
3421 2458 3541 2517 εἶναι
3566 2461 3675 2530 νομίο

2169 2576 2289 2633 σῃς,
2319 2561 2512 2628 ἐπάγει
2538 2558 2856 2631 κατωτέρω,
2888 2557 3069 2612 «Δοκῶ
3090 2556 3147 2610 δὲ
3185 2553 3340 2625 κάγὼ
3366 2553 3560 2623 Πνεῦμα
3581 2549 3675 2605 Θεοῦ

2167 2655 2468 2724 ἔχειν.ι-ι
2490 2652 2617 2706 Ἐὰν
2644 2652 2703 2706 δὲ
2733 2654 2827 2707 καὶ
2857 2648 3416 2723 χωρισθῇ.ιΚάλλιον
3443 2645 3673 2717 μὲν,φῃσὶ,

2167 2747 2228 2800 τὸ
2290 2746 2365 2817 μὴ
2426 2744 2782 2815 χωρισθῆναι.
2837 2743 2900 2796 Εί
2952 2743 3010 2797 δὲ
3046 2742 3141 2796 καὶ
3206 2738 3465 2811 χωρισθῇ,
3514 2736 3672 2804 μενέτω

2167 2836 2369 2907 ἔχουσα
2417 2836 2508 2890 τὸν
2567 2836 2757 2906 ἄνδρα,
2810 2836 2860 2889 εί
2911 2832 3110 2903 καὶμὴ
3139 2834 3211 2903 τῇ
3253 2831 3417 2900 μίξει,
3454 2830 3512 2899 τῇ
3539 2826 3670 2896 μέντοι

2167 2927 2429 2994 διαθέσει,
2462 2928 2558 2981 καὶ
2597 2927 2675 2998 τῷ
2732 2927 2806 2996 μὴ
2863 2927 3266 2994 ἐπεισαγαγεῖν
3309 2924 3468 2993 ἄνδρα
3517 2921 3669 2988 ἕτερον.

2174 3036 2194 3071 ι
2234 3019 2475 3072 Γυναῖκα
2524 3018 2600 3090 μὴ
2635 3019 2875 3089 ἀφιέναι.
2917 3038 2936 3070 ι
2986 3019 3050 3072 Εἰ
3101 3019 3180 3088 μή
3218 3035 3270 3071 τι
3309 3017 3400 3069 ἐπὶ
3426 3015 3551 3085 λόγῳ
3575 3029 3672 3084 πορ-

2168 3110 2338 3176 νείας.
2383 3108 2553 3179 Οὗτος
2577 3111 2686 3185 γὰρ
2710 3113 2738 3166 ὁ
2766 3111 2857 3166 τοῦ
2887 3109 3125 3182 Χριστοῦ
3144 3111 3348 3181 νόμος.

2246 3297 2380 3365 Τοῖς
2402 3296 2471 3351 δὲ
2493 3296 2750 3364 λοιποῖς,
2770 3295 2885 3366 ἐγὼ
2900 3296 3074 3366 λέγω,
3103 3296 3222 3366 οὐχ
3249 3298 3281 3350 ὁ
3303 3295 3522 3363 Κύριος’
3545 3290 3602 3346 Εἴ
3614 3306 3673 3352 τις

2171 3389 2435 3461 ἀδελφὸς
2460 3389 2716 3460 γυναῖκα
2745 3389 2868 3457 ἔχει
2895 3388 3179 3453 ἄπιστον,
3213 3386 3312 3440 καὶ
3347 3381 3490 3451 αὑτὴ
3512 3392 3677 3434 aureu-
3790 3392 3791 3397 ‘

2171 3480 2341 3535 δοκεῖ
2371 3478 2560 3535 οἰκεῖν
2581 3478 2708 3548 μετ’
2734 3476 2942 3542 αὑτοῦ,
2980 3477 3073 3546 μὴ
3097 3476 3322 3546 ἀφιέτω
3365 3471 3557 3538 αὑτήν.
3599 3466 3674 3522 Kal

2173 3572 2328 3644 γυνὴ
2357 3571 2486 3639 ἣτις
2519 3571 2643 3640 ἔχει
2668 3568 2860 3637 ἄνδρα
2880 3567 3162 3630 ἄπιστον,
3193 3569 3291 3622 καί
3322 3565 3493 3631 αὐτὸς
3512 3576 3674 3616 συνευ-

2171 3664 2339 3718 δοκεῖ
2352 3662 2538 3717 οἰκεῖν
2557 3662 2685 3733 μετ’
2708 3658 2920 3732 αὐτῆς,
2942 3658 3028 3729 μὴ
3054 3659 3283 3729 ἀφιέτω
3308 3658 3500 3713 αὐτόν.
3534 3652 3675 3718 Ἡγία-

2173 3772 2309 3810 atat
2340 3755 2450 3824 γὰρ
2509 3757 2540 3808 ὁ
2569 3753 2726 3824 ἀνὴρ
2760 3755 2793 3809 ό
2814 3751 3071 3821 ἄπιστος
3126 3751 3202 3804 ἐν
3246 3749 3321 3818 τῇ
3348 3745 3577 3819 γυναικί·
3606 3738 3674 3795 καὶ

2172 3849 2210 3916 νὴ
2224 3845 2509 3917 γςάσταιή
2539 3844 2693 3916 γυνὴ
2720 3846 2752 3914 ἠ
2785 3845 3040 3910 ἄπιστος
3071 3844 3144 3898 ἐν
3165 3843 3252 3908 τῷ
3277 3840 3464 3909 ἀνδρί.

2240 3940 2355 3992 Ἵνα
2407 3941 2485 4009 μὴ
2514 3936 2926 3991 διασπασθῶσιν
2967 3934 3015 3988 oi
3054 3936 3251 4005 γάμοι,
3284 3933 3378 3986 καὶ
3403 3929 3565 3984 λοιπὸν
3586 3939 3677 3989 συγ·

2172 4031 2382 4102 χύσεως
2414 4034 2507 4084 καὶ
2550 4029 2799 4101 ταραχῆς
2832 4029 2925 4082 καὶ
2969 4028 3136 4081 οἴκων
3184 4025 3489 4096 ἀνατροπῆς
3516 4017 3674 4084 attici]

2171 4120 2421 4175 εὑσέὄεια
2450 4124 2562 4189 τοῖς
2594 4120 2805 4197 πολλοῖς
2832 4118 3084 4191 νομισθῇ,
3108 4119 3200 4173 διὰ
3250 4119 3406 4173 τοῦτο
3430 4116 3541 4176 τοὺς
3565 4110 3669 4180 φθά-

2174 4233 2374 4281 σαντας
2403 4216 2655 4279 ἀπίστοις
2691 4216 2985 4281 συνοικεῖν,
3036 4212 3240 4266 κωλύει
3274 4206 3588 4281 διαιρεῖσθαι.
3623 4199 3675 4252 0'3

2171 4310 2281 4379 γὰρ
2306 4309 2435 4380 περὶ
2464 4309 2575 4361 τῶν
2606 4309 2776 4379 μήπω
2812 4306 3217 4377 γεγαμηκότων
3238 4303 3408 4356 ταῦτα
3440 4292 3674 4380 νομοθετεῖ,

2173 4378 2310 4454 ἀλλὰ
2335 4378 2463 4469 περὶ
2511 4398 2619 4452 τῶν
2644 4378 2967 4468 φθασάντων
2997 4397 3194 4466 γῆμαι.
3227 4395 3303 4449 Οὐ
3334 4392 3438 4461 γὰρ
3462 4383 3607 4449 εἶπεν,
3633 4378 3679 4432 Εἰ

2173 4510 2256 4555 τις
2286 4490 2533 4562 βούλεται
2562 4489 2744 4543 λαϐεῖν
2774 4490 3024 4550 ἄπιστον,
3057 4486 3197 4549 ἀλλ’,
3234 4505 3254 4538 ι
3292 4485 3357 4538 El
3402 4497 3480 4544 τις
3523 4478 3669 4562 ἔχει.)

488 4581 608 4635 vult
654 4581 904 4650 accipere
954 4579 1250 4642 inﬁdelem,
1304 4580 1400 4635 sed
1453 4600 1473 4632 ι
1520 4579 1577 4636 Si
1622 4581 1748 4651 quis
1793 4580 1980 4639 habet.
2039 4601 2056 4634 ι

2169 4560 2295 4639 Καιὶή
2315 4586 2426 4653 γὰρ
2459 4567 2775 4636 συνέῦαινεν
2805 4577 3135 4651 ἁνδρογύνου
3157 4577 3335 4639 ὖντος,
3370 4574 3461 4627 ενα
3507 4560 3677 4623 πιστεῦ-

490 4672 864 4743 Contingebat
908 4672 1057 4728 enim
1108 4671 1162 4726 in
1202 4673 1458 4743 conjugio
1492 4681 1552 4728 ut
1600 4689 1744 4728 unus
1785 4673 2059 4740 crederet,

490 4762 631 4815 alter
675 4778 812 4817 vero
863 4762 918 4816 in
975 4762 1362 4817 incredulitate
1406 4747 1777 4833 permaneret.
1828 4784 1848 4815 ι
1886 4764 2063 4820 Habet

490 4850 789 4921 inﬁdelem.
827 4869 845 4905 ι
874 4851 1015 4919 Quid
1049 4853 1215 4925 ergo?
1236 4854 1279 4907 si
1312 4854 1365 4908 iu
1397 4863 1589 4924 stupro
1622 4856 1872 4925 capiatur
1901 4870 2059 4920 uxor,

491 4943 821 5012 permissum
855 4954 939 4998 est
970 4944 1142 5014 ipsam
1179 4945 1478 5010 dimittere,
1515 4946 1561 5002 si
1594 4963 1726 5001 vero
1754 4946 1826 5002 sit
1867 4947 2063 5002 inﬁde-

492 5035 578 5097 lis,
611 5049 722 5088 non
752 5022 925 5090 licet?
972 5037 1134 5107 Atqui
1203 5040 1358 5108 peior
1400 5048 1484 5094 est
1530 5039 1851 5095 inﬁdelitas.
1901 5040 2062 5110 Pejor

490 5124 714 5194 quidem
746 5134 851 5189 est,
896 5127 991 5181 sed
1029 5127 1084 5182 in
1125 5129 1376 5184 adultera
1403 5140 1594 5201 aperta
1627 5141 1712 5187 est
1742 5128 1972 5192 malitia,
2005 5132 2061 5186 in

489 5216 699 5273 inﬁdeli
740 5233 872 5272 vero
898 5219 1205 5289 ignorantia
1248 5223 1432 5291 potius
1473 5225 1665 5280 subest
1697 5240 1861 5295 quam
1900 5225 2062 5280 mali-

490 5308 585 5362 tia.
633 5307 767 5363 Erat
814 5324 1036 5378 quoque
1073 5310 1376 5367 verisimile
1422 5330 1542 5369 eam
1595 5324 1953 5383 cessaturam,
2004 5323 2063 5373 et

488 5400 637 5471 quod
689 5400 1073 5459 inﬁdelitatem
1116 5405 1457 5477 relinqueret
1506 5410 1651 5479 (nam
1686 5419 1743 5465 et
1791 5409 1898 5465 hoc
1926 5410 2063 5466 dicit

486 5492 605 5565 ipse
632 5494 833 5550 Paulus
863 5512 877 5548 :
909 5497 1045 5562 Quid
1070 5499 1216 5554 enim
1245 5501 1413 5567 nosti,
1448 5516 1603 5566 uxor,
1641 5517 1711 5556 an
1736 5503 1915 5557 virum
1941 5518 2062 5559 ser-

484 5590 695 5663 vabis?)
721 5591 767 5646 si
792 5592 986 5647 saltem
1029 5597 1331 5651 assentitur
1367 5598 1433 5653 ad
1458 5598 1912 5654 cohabitaudum.
1945 5620 1964 5651 ι
1997 5601 2063 5655 Et

488 5682 607 5738 haec
635 5685 987 5740 assentitur.»
1011 5684 1066 5740 Si
1092 5688 1229 5755 vult,
1263 5689 1462 5761 inquit.
1488 5690 1644 5756 Quod
1670 5691 1817 5746 enim
1841 5691 2063 5761 dispen-

492 5775 646 5830 dium
678 5777 832 5832 estsi
864 5776 969 5833 ﬁde
992 5779 1155 5836 unius
1178 5784 1349 5853 partis
1380 5783 1595 5839 sincera
1629 5792 1907 5849 manente,
1936 5799 2062 5854 spes

492 5864 730 5925 bonasit
749 5867 895 5937 quod
919 5867 1155 5928 inﬁdelis
1172 5880 1415 5944 tempore
1439 5873 1749 5929 mutabitur
1769 5880 1829 5927 ut
1849 5872 2061 5939 credat?

2170 4693 2280 4743 σαι,
2311 4676 2539 4746 θάτερον
2571 4673 2628 4728 δὲ
2656 4674 2717 4728 ἐν
2745 4672 2975 4744 ἀπιστίᾳ
3003 4670 3205 4741 μεῖναι.
3236 4668 3423 4737 «Ἔχει
3448 4663 3672 4718 ἄπιστον

2166 4768 2231 4820 'l'l
2273 4766 2401 4834 θῦνε
2438 4767 2491 4821 εί
2523 4766 2584 4818 ὲν
2622 4764 2851 4836 πορνείᾳ
2907 4763 3018 4834 ἁλῷ
3058 4764 3091 4832 ἡ
3133 4761 3295 4831 γυνὴ,
3326 4760 3530 4829 ἀφεῖναι
3548 4749 3701 4817 αὐτὴν

2163 4859 2577 4928 ἐπιτέτραπται·
2608 4857 2657 4911 εἰ
2688 4856 2744 4910 δὲ
2780 4857 3025 4917 ἄπιστος,
3058 4853 3158 4906 οὐκ
3186 4852 3307 4917 En;
3339 4850 3504 4903 καίτοι
3537 4844 3674 4913 χεῖρον

2167 4954 2199 5022 ἡ
2237 4951 2485 5007 ἀπιστία.
2520 4950 2716 5021 Χεῖρον
2760 4949 2880 5019 μὲν,
2914 4946 3027 5002 ἀλλ’
3053 4947 3144 4999 ἐπὶ
3182 4945 3281 5014 τῆς
3311 4944 3505 5013 πῦρνης
3528 4932 3676 5001 ὁμολο-

2164 5043 2401 5112 γουμένη
2419 5041 2564 5094 ἐστὶν
2593 5041 2625 5111 ἠ
2656 5038 2911 5108 πονηρία,
2933 5037 3026 5090 ἐπὶ
3050 5036 3108 5090 δὲ
3149 5034 3247 5104 τῆς
3273 5034 3493 5121 ςπξστω
3528 5028 3675 5121 ἀγνοια

2168 5133 2367 5204 μᾶλλόν
2416 5134 2586 5199 ἐστιν,
2639 5130 2674 5202 ἢ
2710 5129 2966 5200 πονηρία,
3000 5129 3066 5200 ἣν
3126 5130 3220 5181 καὶ
3260 5115 3672 5194 παυθῆναιεὶκὸ;’

2163 5225 2321 5281 τοῦτο
2344 5226 2453 5296 γὰρ
2496 5224 2590 5280 καὶ
2618 5223 2782 5286 αὐτός
2817 5237 2971 5295 φησιο
3014 5221 3111 5275 «Ti
3140 5222 3247 5291 γὰρ
3274 5215 3443 5280 οἶδας,
3468 5214 3621 5283 γύναι,
3640 5205 3674 5256 εἰ

2163 5318 2254 5371 τὸν
2269 5317 2434 5388 ἄνδρα
2446 5314 2639 5379 σώσεις
2659 5332 2706 5382 ς»
2734 5315 2894 5386 μόνον
2919 5314 3013 5368 ὲὰν
3038 5315 3348 5368 συνευδοκεῖ
3370 5309 3544 5364 οἰκεῖν.
3570 5298 3677 5355 ικαὶ

2164 5409 2302 5480 αὐτὴ
2338 5408 2670 5464 συνευδοκεῖ.
2709 5426 2729 5461 ι
2766 5408 2831 5461 El
2866 5407 3140 5477 βούλεται,
3183 5405 3339 5476 φησί.
3376 5403 3439 5455 Τί
3466 5398 3563 5467 γάρ
3587 5396 3673 5445 ἕπε

2167 5502 2381 5573 βλάσος.
2413 5502 2463 5555 εί
2506 5500 2607 5571 τῆς
2638 5500 2879 5562 πίστεως
2921 5499 3016 5552 τοῦ
3060 5500 3181 5562 ἑνὸς
3216 5497 3414 5568 μέρους
3462 5483 3673 5573 ἀκεραίαν

2166 5571 2455 5665 μενούσης,
2502 5592 2659 5655 ἑλπὶς
2706 5592 2794 5663 εἴη
2839 5591 3076 5663 χρηστὴ,
3121 5589 3214 5645 καὶ
3262 5589 3356 5643 τὸν
3397 5586 3596 5640 ἄπιστον
3617 5571 3673 5639 τῷ

2163 5688 2339 5759 χρόνῳ
2380 5687 2754 5757 μεταϐαλόντα
2808 5685 3129 5751 πιστεῦσαις
3191 5703 3211 5736 ι
3250 5683 3344 5755 Μὴ
3375 5677 3564 5751 ἀφιέτω
3600 5669 3673 5727 azi-

2159 5781 2282 5852 τήν.
2315 5800 2336 5833 ι
2372 5781 2432 5833 Ei
2464 5780 2492 5835 6
2521 5779 2861 5851 κολλώμενος
2893 5783 2960 5851 τῇ
2997 5778 3173 5851 πόρνῃ
3208 5776 3267 5830 ἒν
3296 5775 3453 5845 σῶμα
3479 5770 3668 5839 γίνεται.

2163 5874 2260 5930 καὶ
2289 5876 2320 5928 6
2358 5873 2697 5959 κολλώμενος
2727 5877 2793 5947 τῇ
2822 5873 3038 5946 ἀπίστῳ
3060 5870 3302 5945 δηλονότι
3338 5868 3396 5924 ἓν
3432 5864 3570 5937 σῶμα
3594 5855 3665 5927 τί·
