3872 6558
215 404 310 480 7'23

1119 417 1509 481 COMMENT.
1549 420 1633 479 IN
1660 419 1901 479 EPIST.
1946 418 1972 477 Ι
2008 419 2109 479 AD
2141 416 2505 477 COBINTH.

3364 411 3474 475 730

217 547 374 593 νεται,
401 528 514 593 πῶς
547 529 722 583 έκεῖνο
754 529 865 599 μὲν
893 529 1114 597 κωλύει,
1142 530 1298 585 τοῦτο
1323 531 1381 584 δὲ
1406 529 1502 595 οῦ;
1534 531 1639 584 Καί
1672 548 1777 598 φα-

1944 528 2024 583 Ne
2050 514 2293 583 dimittat
2319 543 2462 582 eam.
2503 544 2520 576 ι
2555 524 2611 579 Si
2640 521 2687 578 is
2710 521 2805 592 qui
2842 520 3215 591 agglutinatur
3261 532 3469 585 scorto,

219 638 331 694 μεν,
350 620 405 673 ἒν
434 620 534 689 μὲν
566 620 728 691 σῶμα
761 621 855 675 καὶ
883 622 977 674 ἐπὶ
1012 623 1110 692 τῆς
1131 622 1361 676 ἀπίστου
1387 622 1615 696 γίνεται,
1644 620 1780 675 ἀλλὰ

218 715 331 785 νικᾷ
372 714 403 783 ή
437 712 749 784 καθαρότης
784 712 877 766 τοῦ
906 714 1101 767 πιστοῦ
1139 714 1364 784 μέρους,
1396 716 1494 785 τὴν
1531 712 1780 785 ἀκαθαρ-

220 808 330 861 σίαν
372 805 460 858 τοῦ
505 806 762 859 ἀπίστου.
803 805 964 869 Πῶς;
1013 806 1269 874 Ἑπὶ’μὲν
1294 805 1402 877 γὰρ
1431 808 1531 876 τῆς
1574 805 1783 876 πόρνης

219 897 505 967 ἀμφότεροι
551 895 879 967 ἀκάθαρτοι,
936 897 1031 951 καὶ
1071 900 1104 968 ἡ
1151 897 1325 968 πόρνη
1383 897 1479 950 καὶ
1517 899 1545 951 ὁ
1577 897 1671 948 ἐπὶ
1702 895 1782 966 τῷ

221 986 495 1056 πορνεῦσαι
519 989 780 1059 προσιών.
829 990 954 1043 Ἐπὶ
983 989 1040 1044 δὲ
1068 990 1168 1059 τῆς
1201 989 1453 1053 ἀπίστου,
1504 986 1644 1055 αῦτη
1684 988 1782 1058 μὲν

220 1079 344 1135 καθό
370 1080 511 1131 ἐστιν
529 1080 1125 1152 ἄπιστος,ἀκάθαρτος,
1154 1082 1180 1133 ὁ
1205 1081 1262 1134 δὲ
1293 1079 1534 1151 προσιὼν
1559 1081 1661 1134 οὐκ
1680 1078 1780 1135 ἔτι.

221 1171 290 1225 Οὐ
316 1173 416 1239 γὰρ
435 1170 519 1224 ἴνα
547 1172 658 1225 τῶν
681 1175 1150 1245 ἀπηγορευμένων
1173 1191 1226 1227 τι
1262 1172 1445 1246 πράξῃ
1479 1171 1779 1242 προσέρχε-

219 1281 323 1329 ται,
348 1264 476 1317 ἀλλὰ
496 1264 589 1336 τὴν
620 1266 1107 1336 ἐπιτετραμμένην
1135 1265 1232 1320 τοῦ
1258 1265 1436 1335 γάμου
1464 1263 1632 1332 μίξιν.

1888 636 2063 676 unum
2101 636 2304 690 corpus
2321 620 2600 685 eﬁicitur_:
2631 624 2687 671 et
2711 615 2804 685 qui
2834 612 3472 685 agglutinaturjnﬁdeli,
3516 678 3523 687 ι

1884 712 2081 769 itidem
2111 728 2281 767 unum
2315 726 2517 779 corpus
2545 708 2781 764 eﬁicitur
2821 724 2834 762 :
2862 704 3149 776 quomodo
3183 703 3317 758 illud
3348 719 3476 773 pro-

1888 804 2068 867 hibet,
2103 802 2251 857 istud
2279 818 2411 859 vero
2440 801 2589 855 non?
2618 800 2685 854 Et
2711 797 2950 853 dicimus
2974 794 3123 865 quod
3154 810 3323 847 unum
3350 794 3473 862 qui-

1895 897 2021 952 dem
2052 910 2257 965 corpus
2287 895 2454 949 etiam
2509 892 2562 947 in
2593 890 2801 947 inﬁdeli
2834 886 3093 951 eﬁicitur,
3134 886 3229 940 sed
3264 887 3475 955 puritas

1891 989 2065 1059 partis
2085 988 2263 1043 ﬁdelis
2285 986 2459 1040 vincit
2482 984 2853 1053 impuritatem
2880 980 3138 1035 inﬁdelis.
3159 968 3474 1046 Quomodo?

1888 1078 2111 1134 Etenim
2154 1078 2208 1132 in
2242 1088 2436 1145 stupro
2493 1085 2726 1143 uterque
2756 1073 3075 1128 immundus
3109 1079 3212 1134 est,
3242 1078 3297 1124 et
3325 1085 3476 1124 scor-

1891 1182 2011 1229 tum
2062 1183 2119 1230 et
2157 1173 2252 1243 qui
2298 1169 2515 1226 accedit
2545 1177 2607 1222 ut
2658 1174 2958 1223 scortetur.
2989 1164 3049 1218 in
3098 1164 3310 1218 inﬁdeli
3342 1176 3474 1216 vero

1885 1282 2078 1331 uxore,
2122 1267 2239 1336 ipsa
2278 1262 2503 1334 quidem
2544 1276 2609 1316 ea
2648 1259 2861 1315 ratione
2902 1274 3009 1329 qua
3052 1256 3310 1317 inﬁdelis,
3370 1257 3475 1309 im-

220 1356 408 1411 munda
440 1365 524 1411 est
564 1374 579 1412 :
612 1358 709 1427 qui
750 1373 935 1413 autem
965 1357 1180 1414 accedit
1204 1359 1319 1429 jam
1358 1372 1468 1412 non
1501 1356 1627 1412 talis
1654 1363 1761 1411 est.
1806 1354 1995 1428 Neque
2039 1360 2189 1415 enim
2228 1338 2459 1415 accedit.
2505 1362 2565 1411 ut
2600 1353 2946 1426 prohibitum
2994 1350 3202 1420 aliquid
3264 1362 3474 1417 opere-

222 1462 325 1512 tur,
352 1448 441 1503 sed
467 1457 526 1504 ut
558 1452 825 1521 permissa
863 1451 1106 1522 conjugii
1143 1450 1531 1505 commistione
1560 1456 1770 1515 utatur,

293 1541 391 1595 Καὶ
422 1543 601 1609 πάλιν,
635 1544 757 1597 κατ’
787 1543 916 1598 ἄλλο
965 1545 1064 1615 μὲν
1097 1545 1131 1615 ὴ
1164 1543 1393 1607 ἄπιστός
1437 1545 1586 1598 ἐστιν
1641 1542 1782 1597 durit-

221 1637 405 1707 θαρτος
426 1636 566 1691 κατὰ
589 1639 691 1707 τὴν
736 1638 1013 1703 ἀσέϐειαν,
1060 1640 1182 1693 κατ’
1252 1636 1380 1694 ἄλλο
1421 1637 1479 1691 δὲ
1530 1638 1785 1691 κοινωνεί

221 1730 292 1799 τῷ
330 1729 499 1800 πιστῷ
542 1730 735 1800 μέρει,
785 1730 927 1784 κατὰ
993 1730 1094 1801 τὴν
1144 1728 1253 1783 τῶν
1284 1729 1569 1799 ¹σωμὸιαιιων
1615 1727 1782 1798 μίξιν.

232 1822 352 1875 Ἐπὶ
387 1821 440 1876 δὲ
461 1823 559 1892 τῆς
586 1822 795 1893 πόρνης
820 1825 940 1876 κατ’
967 1824 1104 1878 αὐτὸ
1158 1822 1294 1877 καθό
1347 1825 1495 1877 ἐστιν
1546 1821 1786 1892 ἀκάθαρ-

219 1932 308 1979 τος
358 1916 389 1985 ή
449 1914 704 1969 κοινωνία
767 1916 974 1985 γίνεται
1002 1958 1017 1983 ,
1080 1914 1195 1972 οἷον
1247 1917 1391 1971 κατά
1471 1916 1532 1972 τὸ
1604 1917 1783 1987 σῶμα.

225 2023 245 2057 ι
283 2006 558 2074 Ἥγίασται
599 2007 715 2078 γὰρ
736 2007 765 2059 ὁ
800 2009 941 2078 ἀνὴρ
971 2011 997 2061 ὁ
1032 2007 1441 2071 ἄπιστος.»’Ἱνα
1456 2007 1533 2078 μὴ
1556 2005 1794 2075 φοϐῆται

222 2097 280 2151 to
340 2098 521 2150 πιστὶν
548 2098 718 2169 μέρος
757 2097 1040 2152 συνοικοῦν
1058 2099 1138 2171 τῷ
1161 2100 1377 2169 ἀπίστῳ
1398 2099 1474 2161 ὼς
1502 2097 1796 2167 γενόμενον

220 2193 286 2261 τῇ
325 2191 629 2260 συνοικήσει
670 2190 1008 2262 ἀκάθαρτον,
1059 2192 1162 2261 ὅρα
1214 2190 1335 2253 πῶς
1399 2188 1653 2242 ἐκϐάλλει
1705 2188 1796 2241 τὸν

216 2284 398 2353 φόϐον.
441 2283 753 2351 Ἡγίασται,
788 2284 942 2354 φησὶ,
975 2286 1043 2354 τῇ
1081 2281 1371 2354 περιουσίᾳ
1410 2281 1512 2351 τῆς
1563 2281 1799 2352 καθαρό-

213 2392 392 2446 τητος,
426 2375 605 2445 λέγων
635 2375 894 2429 νικᾶσθαι
925 2374 1025 2446 τὴν
1060 2374 1428 2444 ἀκαθαρσίαν,
1459 2375 1560 2427 οὐκ
1607 2373 1797 2445 ἐπειδὴ

215 2469 367 2535 ἄρτιος
397 2470 424 2520 ὁ
445 2466 676 2531 ἄπιστος
699 2467 912 2535 γίνεται
941 2483 954 2497 ο
986 2465 1047 2520 οῦ
1079 2466 1187 2537 γὰρ
1217 2464 1391 2529 οὕτως
1455 2462 1629 2530 εἶπεν,
1657 2465 1793 2530 ἀλλ’,

220 2576 240 2607 ε
283 2556 588 2625 Ἥγίασται,
628 2546 669 2609 ι’
701 2556 1202 2628 παραμυθούμενος
1248 2556 1311 2609 τδ
1361 2554 1552 2610 πιστὸν
1609 2555 1794 2626 μέρος,

214 2649 313 2703 καὶ
358 2649 415 2702 τὸ
486 2649 716 2704 ἄπιστον
781 2651 862 2712 είς
912 2648 1214 2719 ἐπιθυμίαν
1269 2648 1507 2712 πίστεως
1565 2647 1794 2715 ὲνάγων.

212 2771 287 2783 -
312 2740 506 2816 [ΦΩΤ.]
536 2744 647 2796 Καὶ
671 2743 803 2797 αὐτὸ
830 2742 889 2796 δὲ
915 2742 1075 2796 τοῦτο
1105 2742 1165 2795 τὸ
1198 2740 1490 2811 ἀνέχεσθαι
1533 2744 1628 2794 τὸν
1666 2741 1800 2796 ἄπι-

215 2848 363 2902 στον,
386 2835 476 2886 καὶ
508 2832 582 2904 μὴ
610 2833 902 2904 ἀποπηδᾷν
931 2832 1025 2886 τοῦ
1057 2835 1327 2885 συνοικεῖν
1350 2830 1429 2901 τῷ
1459 2830 1655 2902 πιστῷ,
1709 2831 1801 2900 ὲγο

217 2923 323 2992 τύς
354 2926 466 2979 ὲστι
491 2925 585 2979 τοῦ
639 2925 778 2997 πρὸς
828 2926 929 2993 τὴν
1002 2924 1289 2979 εὐσέϐειαν
1349 2914 1607 2995 συνορᾷνέ
1659 2910 1801 2977 Ἀλλ’

221 3014 362 3068 εῐποι
381 3032 463 3079 τις
492 3017 556 3070 ἂν
584 3015 715 3080 ἴσως
736 3031 751 3046 ·
777 3014 989 3070 Οὐκοῦν
1016 3015 1079 3069 τὸ
1107 3015 1239 3070 αὐτὸ
1265 3016 1513 3080 νοοῦντες
1550 3017 1645 3069 καὶ
1671 3016 1800 3086 περὶ

223 3104 321 3158 τοῦ
346 3106 555 3171 πιστοῦ,
580 3107 750 3175 ἐγγὺς
777 3105 942 3161 αὑτὸν
977 3101 1117 3160 εἶναι
1139 3107 1379 3177 φαίημεν
1410 3107 1476 3161 ἂν
1520 3106 1614 3160 τοῦ
1667 3107 1804 3178 πρὸς

226 3197 471 3254 ἀσέϐειαν
497 3201 652 3271 ὁρᾷν.
696 3199 839 3271 Πρὸς
888 3200 917 3253 ὅ
955 3196 1160 3269 ᾡαμεν,
1196 3200 1280 3252 ὅτι
1309 3198 1409 3251 οὐκ
1459 3198 1607 3250 ἐστιν
1667 3199 1801 3264 ἴσον,

1961 1541 2127 1614 479
2154 1542 2221 1597 Et
2257 1553 2479 1596 rursum
2508 1555 2524 1593 :
2555 1537 2721 1593 Juxta
2742 1534 2893 1591 aliud
2917 1534 3137 1602 impura
3199 1539 3286 1586 est
3341 1526 3478 1584 inﬁ-

1892 1631 2055 1697 delis,
2090 1646 2287 1702 nempe
2313 1629 2618 1685 secundum
2678 1626 3057 1696 impietatem;
3110 1622 3269 1691 juxta
3321 1617 3475 1673 aliud

1892 1740 2027 1781 vero
2057 1721 2431 1779 communicat
2456 1736 2583 1778 cum
2613 1726 2770 1790 parte
2800 1715 2972 1781 ﬁdeli,
3004 1723 3136 1786 puta
3169 1712 3478 1769 secundum

1891 1832 2183 1895 corporum
2216 1815 2679 1872 commistionem.
2724 1811 2784 1865 in
2824 1818 3010 1865 scorto
3059 1814 3253 1861 autem
3292 1804 3348 1857 in
3373 1803 3479 1856 hoc

1893 1912 2015 1981 ipso
2037 1925 2147 1980 quo
2194 1906 2473 1963 immunda
2523 1912 2608 1958 est
2638 1902 2714 1963 ,ﬁt
2769 1896 3219 1957 communicatio.
3282 1908 3480 1961 nempe

1895 2002 2199 2059 secundum
2213 2013 2438 2067 corpus.
2468 2015 2487 2047 ι
2516 1995 3002 2050 Sanctilicatusest
3027 1987 3175 2043 enim
3226 1985 3313 2038 vir
3345 1982 3480 2035 ﬁde-

1893 2095 1986 2152 lis.
2009 2095 2114 2150 »Ne
2139 2100 2348 2148 metuat
2372 2105 2503 2160 pars
2531 2086 2708 2142 ﬁdelis
2732 2082 3047 2138 cohabitare
3074 2077 3305 2138 inﬁdeli,
3325 2073 3482 2144 quasi

1894 2186 2305 2245 cobabitatione
2338 2183 2590 2252 impurus
2627 2176 2953 2231 redderetur
2982 2209 2999 2234 ,
3031 2171 3159 2226 vide
3203 2165 3482 2238 quomodo

1896 2281 2111 2352 repellit
2139 2281 2413 2335 timorem.
2450 2272 2834 2330 Sanctiﬁcatus
2854 2275 2957 2329 est,
2986 2263 3186 2335 inquit.
3217 2273 3477 2316 asserens

1894 2348 2039 2430 vinci
2069 2371 2444 2443 impuritatem
2475 2366 2803 2421 adveniente
2841 2360 3079 2431 puritate
3113 2373 3127 2409 :
3167 2369 3281 2443 non
3332 2348 3482 2421 quod

1894 2437 2400 2524 inﬁdelis—sanctus
2453 2461 2587 2514 ﬁat:
2619 2470 2797 2525 neque
2855 2453 3000 2509 enim
3039 2452 3115 2504 ita
3165 2438 3328 2507 dixit.
3385 2437 3485 2498 sed

1908 2578 1927 2612 ι
1974 2557 2352 2615 sanctiﬁcatus
2376 2560 2501 2607 est:
2540 2569 2557 2603 ι
2590 2546 2927 2604 consolando
2970 2550 3184 2613 partem
3241 2537 3484 2601 ﬁdelem,

1900 2669 1965 2708 ac
1993 2653 2262 2707 inducens
2292 2645 2568 2703 inﬁdelem
2598 2644 2662 2697 a.l
2697 2641 2819 2694 ﬁdei
2870 2651 3113 2693 amorem
3159 2644 3215 2688 et
3262 2630 3487 2685 deside-

1899 2745 2162 2799 rium.—
2192 2741 2369 2796 Etiam
2434 2738 2539 2792 hoc
2570 2736 2746 2806 ipsum
2798 2746 2995 2800 nempe
3040 2728 3188 2799 quod
3248 2723 3487 2780 inﬁdelis

1902 2835 2121 2897 toleret,
2179 2846 2283 2886 nec
2346 2827 2560 2883 resiliat
2611 2826 2681 2878 ab
2735 2821 3078 2877 habitatione
3131 2832 3256 2872 cum
3315 2813 3485 2878 ﬁdeli,

1899 2924 2144 2979 vicinum
2186 2919 2471 2991 quidpiam
2531 2917 2643 2986 agit
2700 2922 2764 2968 ut
2818 2913 3063 2966 animum
3126 2907 3366 2977 applicet
3418 2901 3488 2956 ad

1901 3016 2184 3086 pietatem.
2217 3012 2321 3067 Sed
2356 3009 2500 3066 dicet
2523 3007 2756 3061 fortasse
2777 3003 3014 3073 aliquis:
3049 3001 3218 3069 Igitur
3248 2997 3487 3064 idipsum

1874 3104 2336 3166 considerantes,
2372 3101 2440 3155 de
2470 3099 2613 3154 ﬁdeli
2646 3095 2956 3167 poterimus
2986 3094 3172 3146 dicere
3196 3086 3344 3158 quod
3371 3095 3494 3141 ten-

1905 3197 1998 3251 dat
2057 3194 2125 3249 ad
2166 3193 2525 3262 impietatem.
2564 3189 2643 3244 Ad
2701 3185 2850 3256 quod
2918 3181 3155 3236 dicimus
3198 3192 3310 3231 non
3367 3189 3491 3229 esse

229 3291 346 3345 οὐδὲ
369 3264 686 3349 πολλοῦδετ.
747 3264 806 3346 ⁵ο
868 3264 978 3363 μὲν⁷
1002 3264 1115 3362 γάρ
1165 3290 1356 3356 πιστὸς
1406 3291 1670 3346 συνοικῶν
1721 3292 1799 3363 τῷ

1913 3286 2106 3350 simile,
2143 3284 2324 3353 neque
2353 3282 2584 3349 omnino
2609 3278 2662 3333 id
2687 3284 2965 3346 oportere.
3000 3271 3137 3327 Nam
3171 3267 3349 3323 ﬁdelis
3368 3264 3493 3334 qui-

210 3382 456 3456 σὰπίστῳ.
488 3384 591 3454 τῆς
615 3383 853 3448 πίστεως
879 3383 1099 3455 ἐντολὴν
1126 3382 1222 3436 καὶ
1249 3382 1413 3451 νόμον
1439 3380 1802 3452 πληροῖ,“ὦσ-

231 3490 292 3529 τε
319 3477 591 3551 καὶταύτῃ
622 3477 823 3551 μᾶλλον
855 3478 1129 3550 ᾠκείωται
1148 3479 1214 3547 τῇ
1245 3474 1573 3541 πίστει,“καὶ
1595 3476 1803 3530 διίστα-

234 3582 322 3622 ται
346 3570 442 3639 τῆς
463 3550 747 3634 ἀπιστίας.
780 3571 839 3624 '0
867 3571 925 3624 δὲ
963 3569 1195 3633 ἄπιστος
1244 3569 1382 3640 μόνῃ
1425 3572 1490 3639 τῇ
1529 3568 1667 3639 πρὸς
1714 3569 1806 3622 τὸν

238 3660 572 3716 συνοικοῦντα
602 3665 808 3734 στοργῇ
866 3663 1173 3732 δεδεμένος,
1223 3662 1324 3733 τὴν
1389 3661 1687 3731 συνάφειαν
1743 3661 1804 3714 οὐ

241 3750 369 3817 λύει,
400 3754 518 3825 οὐχὶ
543 3753 709 3823 νόμον
727 3754 822 3807 τὸν
838 3753 946 3806 ἀπὸ
973 3754 1073 3824 τῆς
1119 3752 1327 3821 οἰκείας
1360 3752 1618 3815 ἀπιστίας
1645 3751 1808 3815 αὐτὸς

242 3844 479 3912 ἱκτελῶν,
511 3850 759 3918 στέργων
788 3846 844 3899 δὲ
888 3846 982 3899 τὸν
1012 3845 1368 3899 συνοικοῦντα
1395 3844 1811 3916 χειραγωγηθή-

251 3938 393 3990 σεταί
419 3955 549 3992 ποτε
589 3939 683 3991 καὶ
733 3937 869 4008 πρὸς
929 3936 1030 4007 τὴν
1070 3936 1238 3991 αὑτοῦ
1289 3935 1475 3990 πίστιν
1530 3935 1597 3987 δι’
1621 3933 1809 3989 αὐτοῦ.

253 4030 354 4083 Καὶ
384 4030 442 4084 τὸ
472 4031 808 4103 στέργειφδὲ
830 4032 985 4096 αὐτὸ,
1014 4030 1114 4100 τῆς
1130 4028 1390 4092 εὐσεϐοῦς
1435 4030 1551 4082 ἐστι
1587 4026 1813 4097 νομοθε-

255 4119 378 4189 σίας,
408 4123 519 4179 ἀλλ’
545 4124 667 4194 οὐχὶ
698 4123 800 4193 τῆς
815 4122 1093 4185 ἀσεϐείας.
1124 4122 1287 4174 Ὥστε
1311 4120 1406 4174 καὶ
1436 4118 1607 4190 ταύτῃ
1644 4117 1814 4186 ἐγγύς

256 4213 359 4269 ἔστι
388 4214 478 4267 τοῦ
524 4215 775 4269 εὐσεϐεῖν
806 4213 992 4281 αὐτὸν,
1029 4213 1124 4266 καὶ
1143 4212 1405 4282 ήγιάσθαι
1432 4211 1523 4264 διὰ
1556 4211 1654 4281 τῆς
1686 4224 1810 4262 συν-

255 4307 495 4376 οικήσεως
525 4305 622 4359 τοῦ
652 4304 869 4362 πιστοῦ.
1710 4285 1719 4291 θ

326 4398 473 4453 Ἐπεὶ
499 4399 610 4469 ἄρα
639 4398 710 4452 τὰ
747 4397 929 4450 τέκνα
960 4395 1128 4465 ὑμῶν
1154 4394 1463 4463 ἀκάθαρτά
1505 4394 1661 4449 ἐστι.
1690 4393 1821 4449 Νῦν

258 4489 316 4544 δὲ
328 4492 464 4561 ἀγ·ιὰ
481 4493 671 4546 ἐστιν.
701 4492 769 4544 El
802 4488 871 4542 ss
900 4491 931 4543 ό
956 4488 1206 4554 ἄπιστος
1241 4488 1567 4557 χωρίζεται,
1645 4502 1821 4556 χωρι-

259 4581 436 4645 ζέσθω.
468 4588 549 4641 Οὐ
578 4583 941 4639 δεδούλωται
995 4585 1029 4637 ό
1063 4581 1326 4651 ἁδελφὸς
1358 4581 1396 4649 ἢ
1431 4582 1469 4649 ἠ
1488 4577 1722 4649 ἀδελφὴ
1756 4578 1828 4633 ἐν

1906 3381 2030 3437 dem
2054 3378 2260 3434 inﬁdeli
2287 3374 2634 3437 cohabitans,
2663 3368 2787 3424 ﬁdei
2813 3372 3147 3436 praeceptum
3198 3361 3491 3430 legemque

1906 3470 2167 3540 complet,
2208 3477 2270 3522 ut
2295 3467 2403 3520 hoc
2435 3463 2601 3518 modo
2631 3468 2688 3515 et
2736 3457 2863 3512 ﬁdei
2913 3454 3083 3525 magis
3138 3450 3492 3513 concilietur,

1906 3572 1965 3620 et
1998 3564 2066 3619 ab
2096 3560 2422 3616 inﬁdelitate
2446 3557 2623 3626 magis
2680 3552 2946 3608 dissideat
2975 3567 2988 3605 τ
3016 3546 3257 3602 inﬁdelis
3308 3550 3496 3599 autem

1909 3670 2095 3713 amore
2131 3655 2322 3710 saltem
2351 3665 2480 3721 erga
2541 3647 2951 3704 cohabitantcm
3000 3640 3312 3700 devinctus,
3358 3650 3495 3690 con-

1905 3750 2249 3823 iunctionem
2281 3762 2391 3801 non
2423 3744 2607 3805 solvit,
2636 3757 2749 3795 sure
2774 3736 3116 3793 inﬁdelitatis
3158 3734 3337 3803 legem
3384 3742 3498 3783 non

1911 3841 2223 3914 perﬁciens,
2275 3836 2369 3893 sed
2418 3851 2607 3890 amore
2655 3844 2999 3903 prosequens
3062 3825 3499 3885 coltallitantem.

1912 3913 2014 4005 per
2039 3948 2166 3988 eum
2199 3928 2606 3984 manuducetur
2634 3921 2967 3993 quandoque
2998 3918 3067 3972 ad
3100 3917 3276 3986 ipsius
3312 3913 3498 3968 ﬁdem.

1912 4026 2099 4096 Ipsum
2128 4035 2361 4091 namque
2383 4033 2588 4081 amare,
2614 4015 2884 4084 religiosae
2914 4008 3281 4080 legislationis
3318 4013 3399 4058 est
3445 4012 3501 4057 et

1914 4095 2028 4171 non
2059 4112 2356 4184 impietatis
2392 4128 2405 4164 :
2446 4109 2632 4177 itaque
2653 4105 2758 4158 hoc
2781 4117 3002 4173 quoque
3055 4113 3244 4154 amore
3287 4095 3504 4148 vicinus

1918 4216 2002 4264 est
2029 4215 2085 4261 ut
2117 4199 2734 4275 religiosus-elliciatur,
2775 4202 2831 4250 et
2879 4192 3255 4249 sanctiﬁcetur
3294 4203 3394 4259 per
3410 4200 3505 4243 eo-

1921 4298 2321 4355 hahitationem
2348 4292 2549 4349 ﬁdelis.

1991 4393 2108 4458 Vll,
2142 4391 2228 4455 Η,
2262 4388 2347 4443 15.
2380 4385 2595 4457 Alioqui
2642 4385 2744 4454 ﬁlii
2792 4383 2951 4440 uestri
2996 4376 3257 4434 immundi
3312 4381 3503 4436 essent,

1924 4503 2065 4542 nunc
2096 4495 2273 4540 autem
2299 4482 2471 4535 sancti
2517 4489 2663 4534 sunt.
2706 4477 2856 4543 Quod
2902 4477 2948 4530 si
2993 4469 3223 4539 inﬁdelis
3267 4466 3504 4527 discedit,

1928 4581 2186 4637 discedat.
2212 4578 2330 4633 Non
2359 4588 2431 4646 est
2459 4576 2698 4631 servituti
2729 4573 2991 4642 subjectus
3025 4571 3194 4636 frater
3246 4567 3340 4616 aut
3357 4574 3510 4614 soror

258 4674 367 4757 τοῖς
385 4679 694 4745 τοιούτοις.
742 4678 846 4732 Ἐν
869 4675 939 4730 δὲ
975 4674 1183 4746 εἰρήνῃ
1235 4672 1532 4743 κέκληκεν
1576 4672 1734 4745 ἡμᾶς
1785 4692 1801 4728 ι

1922 4675 1977 4728 in
2012 4670 2331 4741 hujusmodi.
2364 4670 2503 4724 Nam
2533 4670 2587 4722 in
2608 4682 2735 4738 pace
2759 4665 2958 4720 vocavit
2987 4677 3081 4716 nos
3101 4658 3260 4712 Deus.

260 4770 405 4837 Θεός.

317 4862 374 4914 El
400 4862 506 4933 γὰρ
548 4862 624 4933 μὴ
656 4861 895 4928 νικᾶται,
927 4860 1063 4932 φησι
1089 4900 1105 4925 ,
1132 4862 1199 4931 τῇ
1234 4858 1568 4930 καθαρότητι
1601 4858 1696 4913 τοῦ
1728 4876 1822 4912 πι-

264 4954 372 5010 στοῦ
403 4956 605 5029 μέρους
637 4957 698 5010 τὸ
724 4957 975 5021 ἄπιστον,
1020 4955 1172 5008 οὐδὲν
1199 4954 1376 5007 λείπει
1434 4954 1726 5025 ἀκάθαρτα
1758 4954 1827 5008 τὰ

261 5046 558 5119 γεννώμενα
593 5046 862 5114 γίνεσθαι,
891 5047 923 5117 ἢ
966 5044 1024 5110 ἐξ
1052 5045 1303 5115 ἡμισείας
1357 5043 1594 5113 καθαρά.
1629 5044 1824 5112 Ὅπερ,

264 5142 427 5209 φησιν,
456 5140 556 5194 οὐκ
586 5139 734 5193 ἔστιν
764 5139 917 5211 (ἆγια
962 5138 1069 5206 γάρ
1122 5135 1282 5205 ἐστι),
1319 5138 1385 5205 τῇ
1420 5135 1706 5206 περιουσίᾳ
1729 5135 1829 5203 τῆς

263 5233 352 5288 τοῦ
375 5233 550 5305 ἀγιρυ
570 5234 772 5298 λέξεως
795 5216 1076 5287 ἐκϐάλλων
1100 5230 1162 5284 τὸ
1187 5231 1324 5292 δέος.
1355 5229 1527 5282 Τοῦτο
1556 5230 1665 5298 γάρ
1682 5233 1828 5284 ἐστιν

265 5323 494 5395 ὃλέγειέ
518 5327 660 5383 Επεὶ
689 5327 797 5398 ἄρα
824 5327 889 5377 τὰ
910 5324 1075 5377 τέκνα
1107 5322 1261 5393 ὑμῶν
1292 5320 1582 5391 ἀκάθαρτά
1605 5324 1772 5387 ἐστιν,
1806 5340 1826 5374 ι

266 5419 307 5471 εί
328 5420 421 5492 οὐχ
446 5421 620 5484 οὕτως
644 5420 776 5492 ἔχει.
825 5415 991 5472 Ἀλλά
1012 5416 1107 5471 νῦν
1140 5415 1272 5483 ἅγιά
1293 5415 1410 5467 ἐστι
1437 5416 1505 5485 τῇ
1543 5416 1832 5486 περιουσίᾳ

267 5511 347 5581 τῆς
367 5510 704 5579 ἁγιωσύνης.
1104 5498 1109 5507 ’

330 5621 347 5655 ι
374 5605 435 5658 Εἰ
466 5605 525 5659 δὲ
567 5606 596 5658 ὁ
625 5604 853 5668 ἄπιστος
905 5604 1221 5676 χωρίζεται,
1268 5603 1607 5676 χωριζέσθω.
1636 5621 1654 5654 ι
1705 5595 1832 5654 Οἷον

270 5697 310 5749 ει
333 5697 542 5752 κελεύει
572 5697 1004 5767 συγκοινωνῆσαι
1045 5696 1146 5767 τῆς
1177 5697 1434 5759 ἀπιστίας
1492 5694 1721 5765 αὐτῷ,ῆ
1758 5694 1833 5764 μὴ

270 5792 410 5845 τοῦτο
476 5792 759 5861 ποιούσης,
827 5792 1156 5863 ἀναχωρεῖν,
1212 5789 1587 5861 ἀναχωρείτω,
1677 5788 1831 5857 φησί.

274 5882 470 5939 Βέλτιον
500 5884 608 5957 γὰρ
638 5884 733 5940 τὸν
762 5884 962 5955 γάμον,
1006 5882 1039 5956 ἢ
1079 5882 1178 5957 τὴν
1233 5881 1516 5937 εὐσέϐειαν
1577 5878 1826 5953 λυθῆναι.

1976 4861 2110 4918 Nam
2134 4860 2178 4917 si
2202 4874 2351 4931 pars,
2380 4856 2578 4926 inquit,
2606 4850 2845 4908 inﬁdelis
2873 4863 2980 4903 non
3007 4843 3251 4900 vincitur
3274 4838 3514 4910 puritate

1927 4956 2124 5019 ﬁdelis,
2156 4929 2295 5008 nihil
2328 4958 2500 5004 restat
2526 4948 2631 5001 nisi
2665 4952 2725 5000 ut
2747 4943 2840 5011 qui
2890 4946 3194 4995 nascuntur
3242 4929 3510 4986 immundi

1926 5032 2175 5113 ﬁantfaut
2197 5044 2423 5100 dimidia
2447 5050 2656 5097 tantum
2682 5047 2834 5107 parte
2866 5032 3057 5088 mundi
3088 5048 3101 5084 :
3128 5027 3277 5099 quod
3306 5027 3380 5079 ita
3423 5024 3515 5078 in-

1929 5141 2070 5210 quit,
2096 5154 2202 5191 non
2232 5145 2335 5199 est,
2362 5149 2487 5188 nam
2513 5130 2689 5186 sancti
2715 5136 2847 5182 sunt
2877 5144 2889 5179 :
2924 5141 3023 5195 per
3050 5121 3343 5175 dictionem
3385 5127 3518 5168 san-

1937 5206 2145 5288 ctitatis
2170 5229 2520 5284 abundanter
2577 5225 2850 5293 repellens
2901 5221 3180 5273 timorem.
3223 5211 3339 5265 Hoc
3367 5206 3515 5260 enim

1936 5323 2184 5393 estquod
2208 5323 2285 5376 ait
2311 5340 2322 5375 :
2362 5340 2380 5372 ι
2422 5318 2641 5388 Alioqui
2668 5317 2763 5370 ﬁlii
2781 5314 2950 5369 vestri
2975 5308 3466 5365 inuuundicssent,
3497 5319 3513 5348 ι

1929 5418 2043 5474 nisi
2075 5415 2428 5472 videlicetita
2471 5422 2657 5467 esset:
2723 5418 2779 5465 at
2820 5422 2968 5462 nunc
3019 5402 3197 5459 sancti
3253 5400 3402 5461 sum,
3451 5407 3524 5448 ex

1939 5510 2277 5567 abundantia
2333 5506 2661 5562 sanctitatis.

2009 5600 2176 5674 480
2214 5620 2228 5649 ι
2255 5598 2408 5664 Quod
2429 5597 2473 5651 si
2513 5594 2749 5649 inﬁdelis
2784 5588 3036 5649 discedit,
3068 5580 3371 5638 discedat.»
3406 5574 3525 5632 Hoc

1934 5673 2269 5764 est,sijubet
2290 5699 2349 5745 ut
2370 5704 2493 5744 cum
2513 5704 2578 5742 eo
2592 5684 2965 5743 communices
2984 5681 3036 5734 in
3066 5673 3410 5732 inﬁdelitate.
3428 5677 3528 5727 aut

1934 5784 2041 5839 nisi
2061 5760 2178 5845 hoc
2195 5783 2383 5847 facias,
2402 5779 2549 5852 quod
2568 5775 2938 5848 separabitur,
2975 5774 3283 5847 separetur,
3302 5760 3485 5833 inquit
3510 5779 3524 5815 :

1937 5878 2136 5934 melius
2161 5885 2245 5932 est
2273 5874 2421 5931 enim
2451 5871 2765 5945 coniugium
2790 5862 3018 5924 dissolvi
3050 5874 3215 5934 quam
3240 5858 3523 5933 pietatem.
