3872 6572
453 417 556 484 ’ΠΙ

1511 400 1909 478 (ECUMENII
1947 413 2242 476 mecm
2281 415 2626 476 EPISCOPI

3591 410 3687 473 732

461 531 611 587 «Non
643 540 728 587 est
745 530 1000 587 servituti
1029 530 1315 602 subjectus
1358 532 1552 585 frater.
1582 549 1600 582 ι
1623 530 1780 596 Quod
1797 530 1843 586 si
1867 530 2030 585 etiam

2140 547 2159 580 ι
2190 530 2265 583 Ού
2304 529 2626 583 δεδούλωται
2656 528 2684 581 6
2733 525 2982 596 ἀδελφός.
3019 544 3038 578 ι
3083 524 3146 578 Ei
3171 525 3228 578 δὲ
3273 523 3370 578 καὶ
3423 525 3542 579 καθ’
3572 529 3686 583 ἐκά-

455 623 512 677 in
539 623 658 679 dies
682 632 884 693 pugnat
906 631 999 679 aut
1020 622 1321 689 contendit,
1357 622 1545 676 volens
1571 631 1621 676 te
1647 624 1713 676 ad
1734 636 1887 677 suam
1909 619 2031 674 infi-

456 716 734 770 delitatem
766 715 1082 784 pertrahere
1125 731 1138 768 :
1170 715 1274 768 hoc
1299 729 1518 784 quoque
1553 713 1716 768 modo
1753 727 2028 784 separare.

455 806 574 860 Non
595 808 740 871 enim
761 809 824 860 ad
850 806 1230 876 hujuscemodi
1263 823 1351 860 res
1373 807 1656 876 subjectus
1677 821 1737 860 es
1756 804 2029 871 servituti,

459 900 703 952 utetiam
720 907 1050 966 pugnantem
1071 895 1232 950 feras.
1254 896 1680 950 Etmanifestum
1701 905 1784 950 est
1801 895 1945 956 quod
1965 893 2033 950 de

457 1005 635 1059 pugna
653 1005 773 1057 quze
797 988 998 1044 accidit
1017 988 1419 1057 loquitur,cutn
1442 987 1751 1056 subjungit:
1780 1004 1797 1036 ι
1824 987 1882 1039 lu
1902 999 2052 1055 pace‘

455 1079 671 1135 vocavit
701 1095 802 1133 nos
824 1081 990 1142 Deus,
1037 1098 1055 1130 ι
1085 1080 1189 1132 hoc
1235 1087 1338 1141 est,
1388 1086 1442 1131 ut
1489 1077 1543 1130 in
1576 1093 1711 1147 pace
1753 1076 2031 1146 degamus,

458 1179 514 1224 et
544 1187 652 1224 non
689 1172 926 1225 sitinter
949 1185 1050 1224 nos
1077 1169 1361 1224 dissidium
1400 1176 1494 1222 aut
1541 1183 1743 1238 pugna.
1767 1167 2034 1232 Quoniam

459 1262 625 1331 igitur
659 1271 860 1331 pugnat
884 1270 937 1316 et
958 1262 1188 1327 rixatur‘,
1245 1269 1534 1330 propterea
1566 1259 1769 1313 bonum
1795 1268 1878 1314 est
1897 1259 2036 1314 libe-

458 1355 626 1407 rari.¢
662 1354 779 1408 bon
806 1365 890 1409 est
918 1354 1169 1408 servituti
1195 1355 1473 1424 subjectus
1490 1353 1659 1408 frater
1686 1362 1779 1407 aut
1802 1368 1957 1407 soror
1981 1351 2037 1406 in

459 1445 795 1516 huiusmodi.
839 1465 856 1498 ι
879 1446 998 1500 Νοη
1045 1445 1231 1510 habet,
1257 1445 1455 1514 inquit,
1488 1443 1668 1498 fidelis
1691 1445 1922 1498 maritus
1943 1452 2039 1498 aut

461 1551 598 1590 uxor
626 1551 749 1590 cum
802 1535 1054 1589 fidelibus
1079 1550 1200 1590 eam
1231 1536 1609 1590 necessitatem
1633 1550 1754 1604 quae
1791 1533 2039 1589 imminet

460 1627 510 1681 ei
529 1643 654 1680 cum
729 1626 1004 1681 fidelibus.
1030 1628 1109 1681 lbi
1128 1627 1274 1682 enim
1296 1627 1447 1682 nullo
1467 1627 1632 1681 modo
1645 1627 1853 1697 absque
1875 1641 2038 1681 causa

460 1716 838 1773 fornicationis
865 1719 995 1773 licet
1017 1736 1046 1773 ιι
1066 1735 1126 1774 se
1151 1735 1343 1774 mutuo
1368 1735 1464 1774 eos
1485 1718 1578 1789 qui
1611 1719 1888 1789 conjuncti
1909 1726 2040 1773 sunt

460 1811 723 1878 separari.
762 1809 861 1863 Hic
889 1825 1019 1864 vero
1040 1810 1084 1863 si
1121 1810 1415 1864 assenserit
1451 1810 1674 1878 quidem
1729 1823 1860 1879 pars
1911 1808 2035 1862 infi-

458 1899 600 1954 delis
623 1909 682 1955 ut
724 1901 936 1956 habitet
988 1917 1111 1956 cum
1158 1902 1325 1966 fideli,
1381 1911 1598 1971 oportet
1652 1916 1762 1954 non
1816 1901 2030 1956 solvere

459 1993 773 2062 conjugium
791 2033 806 2056 ,
832 1993 877 2046 si
902 2009 1030 2046 vero
1057 1993 1348 2047 dissidium
1369 1994 1599 2047 moverit
1615 2008 1678 2047 ac
1701 1993 2028 2048 solutionem

457 2081 550 2135 illa
579 2081 793 2146 fecerit,
823 2098 940 2137 non-
967 2092 1051 2137 est
1086 2083 1346 2154 servituti
1399 2084 1680 2152 subjectus
1730 2084 1910 2138 ﬁdelis
1969 2093 2032 2138 ut

454 2188 565 2228 non
598 2183 883 2242 separetur
912 2193 926 2228 :
963 2174 1057 2228 Sed
1085 2174 1226 2227 liber
1253 2182 1337 2226 est
1365 2181 1422 2226 ut
1467 2173 1559 2226 illa
1616 2173 2029 2227 matrimonium

457 2262 704 2318 solvente
725 2265 892 2318 etiam
926 2265 1042 2333 ipse
1067 2275 1370 2334 separetur.
1418 2265 1670 2319 Attamen
1718 2259 2053 2336 quanquam'

454 2352 597 2408 liber
623 2355 713 2416 sit,
741 2363 800 2408 ut
829 2365 1052 2424 propter
1079 2356 1373 2410 incredula:
1395 2356 1682 2410 dissidium
1705 2357 1882 2411 solvat
1901 2373 2032 2412 con-

451 2449 698 2520 jugium:
733 2453 904 2504 multo
939 2459 1117 2504 tamen
1153 2451 1348 2505 melius
1373 2450 1615 2505 facturus
1639 2463 1744 2516 est,
1771 2453 1820 2506 si‘
1852 2451 2029 2506 soluta

453 2542 805 2595 contentione
829 2559 926 2610 per
960 2557 1147 2611 pacem
1177 2542 1430 2611 bonaque
1455 2557 1643 2610 opera,
1664 2557 1774 2596 non
1799 2543 2030 2597 solverit

454 2631 888 2686 matrimonium.
925 2652 944 2682 ι
983 2632 1117 2686 Nam
1142 2633 1195 2684 in
1225 2647 1358 2701 pace
1385 2632 1601 2686 vocavit
1635 2647 1734 2686 nos
1794 2631 1958 2688 Deus.
2004 2650 2023 2684 ι

454 2721 586 2784 Hoc,
626 2723 828 2792 inquit,
852 2723 1066 2793 signum
1092 2731 1176 2778 est
1205 2723 1546 2778 vocationem
1574 2733 1815 2777 nostram
1849 2740 1970 2779 esse
1989 2724 2030 2790 Ia

454 2814 584 2870 Deo.
612 2817 656 2869 si
709 2831 836 2885 erga
893 2831 1086 2869 omnes
1131 2825 1395 2885 quantum
1430 2815 1483 2869 in
1509 2815 1670 2869 nobis
1706 2825 1791 2870 est
1820 2816 2029 2886 pacifici

451 2905 642 2960 simus.
705 2906 772 2960 Et
830 2906 959 2960 huic
1006 2906 1447 2976 interpretationi
1503 2906 1784 2961 conforme
1837 2915 1921 2962 est
1975 2907 2030 2963 id

451 2998 594 3066 quod
623 2994 874 3066 sequitur
915 3014 928 3052 :
967 3017 982 3049 ι
1024 2999 1162 3064 Quid
1201 2997 1347 3052 enim
1379 2997 1549 3059 nosti,
1573 3013 1728 3061 uxor,
1753 3015 1819 3053 an
1849 3000 2030 3054 virum

451 3088 660 3141 salvum
686 3088 850 3144 facies
880 3090 904 3143 ?
945 3108 962 3142 ι
1009 3098 1234 3161 propter
1259 3089 1548 3143 maximam
1574 3090 1640 3144 ad
1677 3089 1851 3161 ipsam
1895 3105 2029 3146 con-

450 3178 805 3234 formitatem.
1144 3159 1148 3176 ί

522 3271 633 3331 Vll,
669 3271 754 3337 l6,
783 3273 868 3326 l7.
892 3271 1029 3337 Quid
1061 3275 1196 3328 enim
1227 3277 1398 3339 nosti,
1440 3291 1594 3333 uxor.
1621 3292 1691 3328 an
1720 3277 1892 3330 virum
1927 3272 2039 3330 saf-

443 3379 570 3418 uum
598 3365 756 3428 facies
782 3365 808 3418 .9
828 3376 918 3418 aut
937 3367 1030 3435 qui
1043 3368 1199 3432 nosti,
1225 3369 1325 3432 vir,
1343 3385 1410 3421 an
1434 3384 1646 3422 uxorem
1665 3368 1869 3422 salvam
1884 3368 2040 3437 facies

450 3472 627 3511 annon
671 3459 695 3510 ?
730 3457 1089 3528 Unusquisque
1110 3468 1167 3513 ut
1195 3462 1294 3528 ipsi
1323 3460 1503 3515 divisit
1551 3461 1727 3517 Deus:
1761 3463 2040 3532 unusquis-

443 3563 551 3616 que
593 3557 650 3600 ut
701 3549 870 3616 ipsum
930 3553 1131 3604 vocavit
1177 3551 1456 3618 Dominus,
1489 3554 1564 3606 ita
1590 3553 1820 3608 a'mbulet
1851 3572 1870 3609 :
1899 3564 1949 3609 et
1967 3555 2041 3608 sic

441 3640 508 3692 riu
546 3639 773 3692 ecclesiis
798 3643 1035 3695 omnibus
1063 3644 1238 3696 doceo.

522 3730 602 3784 Ad
637 3731 688 3784 id
744 3749 962 3786 rursum
1020 3737 1253 3801 accedit,
1304 3746 1488 3792 utrum
1553 3738 1913 3793 dimittendus
1965 3739 2038 3794 sit

453 3819 694 3876 infidelis
725 3823 954 3892 quivult
979 3841 1221 3891 manere,
1254 3842 1360 3881 nec
1395 3827 1687 3882 dissidium
1731 3838 1933 3894 movet,
1979 3837 2037 3884 et

449 3914 567 3970 ait:
599 3914 655 3969 Si
683 3916 972 3971 dissidium
1005 3934 1114 3972 non
1137 3929 1350 3974 moveat
1371 3923 1664 3975 adversum
1700 3930 1774 3987 te,
1815 3932 2035 3977 maneto

455 4024 580 4062 cum
609 4008 748 4077 ipso.
778 4009 1087 4074 Verisimile
1117 4011 1263 4064 enim
1287 4012 1539 4082 estquod
1568 4014 1838 4082 temporis
1868 4013 2028 4086 481,

453 4116 747 4170 progressu
801 4101 978 4171 ipsum
1041 4120 1259 4174 quoque
1314 4107 1524 4159 salvum
1583 4106 1772 4172 faetes,
1824 4108 2031 4162 factum

451 4193 697 4261 ejusdem
761 4202 941 4247 tecum
995 4195 1188 4259 animi,
1246 4197 1524 4266 faciesque
1581 4198 1819 4252 fidelem.
1895 4199 2034 4254 Vide

452 4294 634 4340 autem
659 4286 804 4355 quod
838 4304 947 4341 non
999 4289 1167 4359 exigit
1209 4299 1268 4343 ut
1321 4290 1374 4344 id
1422 4291 1732 4345 necessario
1792 4291 1904 4352 fiat.
1958 4309 2030 4348 ne

451 4392 613 4446 grave
643 4395 783 4433 onus
809 4381 1073 4449 imponat,
1099 4381 1192 4436 sed
1222 4381 1393 4435 futuri
1435 4382 1826 4437 incertitudine
1856 4393 1912 4438 et
1935 4399 2032 4437 ne-

451 4469 764 4524 cessitatem
799 4472 1023 4535 ademit,
1050 4481 1106 4526 et
1138 4473 1187 4525 id
1215 4475 1428 4528 curavit
1457 4489 1525 4528 ne
1557 4475 1672 4529 haec
1728 4475 2030 4531 necessitas

2131 637 2265 688 στην
2291 621 2508 692 ἡμέραν
2541 619 2800 673 πυκτεύει
2828 619 2922 671 καὶ
2955 617 3214 689 μάχεται,
3270 616 3586 688 βουλόμενός
3633 638 3687 675 σε

2129 710 2382 781 πρδςτὴν
2416 709 2611 763 ἐαυτοῦ
2641 707 2902 762 ἀπιστίαν
2927 705 3177 771 ἑλκύσαι,
3229 708 3321 761 καὶ
3369 707 3543 770 οὕτως
3589 728 3690 778 χω-

2134 804 2366 875 ρίσθητι.
2405 805 2478 858 Οὐ
2502 804 2610 875 γάρ
2636 803 2980 866 δεδούλωσαι,
3013 803 3198 873 φησὶν,
3235 805 3313 866 εἰς
3340 805 3408 856 τά
3460 803 3689 870 τοιαῦτα,

2133 894 2275 948 ὥστε
2309 897 2402 947 καὶ
2458 895 2765 964 μαχόμενον
2790 894 3103 965 βαστάζειν.
3141 894 3250 947 Καὶ
3283 893 3442 962 δῆλον
3471 897 3552 948 ὅτι
3574 899 3690 968 περὶ

2135 983 2311 1053 μάχης
2336 983 2636 1052 γενομένης
2663 983 2833 1049 λέγει,
2861 983 2919 1050 ἐξ
2948 976 3022 1035 ὧν
3042 983 3258 1051 ἐπάγει·
3288 1002 3307 1034 ι
3332 984 3418 1035 Ἐν
3441 983 3495 1036 δὲ
3515 985 3694 1058 εἰρήνῃ

2132 1073 2401 1144 κέκληκεν
2429 1075 2576 1143 ἡμᾶς
2608 1075 2636 1126 6
2673 1073 3172 1138 ΘεόςῚτουτέστιν,
3204 1073 3291 1126 ῖνα
3317 1076 3694 1145 εἰρηνεύωμεν,

2135 1165 2228 1218 καὶ
2262 1165 2337 1236 μὴ
2368 1165 2427 1218 ἐν
2459 1159 2642 1237 ύμῖνῇ
2670 1164 2859 1228 στάσις
2895 1165 2926 1235 ἢ
2956 1165 3128 1237 μάχη.
3165 1165 3317 1218 Ἐπεὶ
3339 1161 3432 1220 οὖν
3451 1167 3690 1236 μάχεται,

2133 1258 2218 1312 διά
2249 1243 2404 1310 τούτο
2457 1257 2839 1328 ἀπαλλαγῆναι
2892 1258 3076 1312 καλόν.
3129 1259 3256 1333 ςΟύ
3318 1258 3696 1312 δεδούλωταιό

2137 1348 2362 1418 ἀδελφὸς
2394 1349 2484 1420 ῆή
2503 1349 2704 1424 ἀδελφὴ
2727 1352 2786 1402 ἐν
2816 1352 2926 1414 τοῖς
2955 1350 3262 1414 τοιούτοις.)
3300 1352 3413 1404 Ούκ
3435 1351 3546 1420 ἔχει
3575 1353 3698 1404 ἀνά-

2136 1458 2298 1512 γκην,
2328 1443 2514 1512 φησιν,
2545 1444 2573 1496 6
2603 1444 2791 1507 πιστὸς
2825 1443 2858 1515 ἢ
2912 1445 2944 1515 ἡ
2981 1444 3147 1516 πιστὴ
3191 1448 3249 1498 ἐν
3306 1448 3418 1508 τοῖς
3465 1446 3700 1508 ἀπίστοις

2135 1534 2414 1604 τοιαύτην,
2447 1534 2538 1589 οἵα
2559 1535 2710 1606 αὐτῷ
2745 1536 3020 1589 ἐπίκειται
3057 1537 3278 1590 ἐπὶτῶν
3305 1537 3538 1590 πιστῶν.
3569 1538 3702 1591 Ἑκεῖ

2141 1626 2241 1697 μὲν
2269 1625 2378 1696 γὰρ
2407 1627 2572 1679 παντὶ
2600 1627 2806 1699 τρόπῳ,
2857 1629 3026 1699 χωρὶς
3059 1628 3220 1692 λόγου
3271 1627 3555 1699 πορνείας,
3611 1629 3698 1682 οὐκ

2139 1719 2351 1786 ἔξεστιν
2379 1720 2473 1774 ἀπ’
2497 1720 2740 1790 ἀλλήλων
2769 1722 2894 1784 τοὺς
2927 1720 3296 1791 συναφθέντας
3343 1722 3694 1792 χωρισθῆναι*

2144 1811 2377 1866 ἐνταῦθα
2423 1812 2498 1880 δὲ,
2557 1813 2751 1883 ἂνμὲν
2801 1813 3098 1884 συνευδοκῇ
3157 1813 3219 1867 τὸ
3269 1813 3502 1867 ἄπιστον
3553 1815 3700 1884 μέρος

2138 1903 2216 1974 τῷ
2247 1903 2422 1974 πιστῷ
2488 1907 2774 1969 συνοικεῖν,
2812 1905 2894 1958 δεῖ
2945 1905 3020 1975 μὴ
3054 1905 3202 1957 λύειν
3251 1905 3313 1957 τὺ
3355 1905 3699 1958 συνοικέσιον·

2138 1995 2204 2050 ἂν
2252 1994 2308 2050 δὲ
2378 1997 2676 2067 στασιάζῃ.
2739 1995 2834 2048 καὶ
2877 1998 2976 2067 τὴν
3058 1996 3213 2049 λύσιν
3293 1997 3501 2060 ἐκεῖνος
3565 2000 3700 2067 ποιῇ,

2136 2087 2198 2140 ού
2239 2087 2561 2141 δεδούλωται
2625 2089 2654 2139 6
2724 2087 2914 2150 πιστὸς
2970 2089 3052 2151 εἰς
3081 2087 3146 2141 τὸ
3220 2088 3293 2158 μὴ
3353 2087 3698 2158 χωρισθῆναι,

2135 2179 2250 2232 ἀλλ’
2317 2177 2596 2249 ἐλεύθερᾶς
2680 2179 2850 2243 ἐστιν,
2914 2179 3123 2232 ἐκείνου
3181 2178 3400 2244 λύοντος
3439 2181 3537 2233 τὸν
3619 2181 3703 2243 γάρ

2140 2287 2259 2340 μον,
2296 2269 2389 2324 καὶ
2447 2268 2606 2332 adeo;
2664 2270 3038 2340 διαναστῆναι.
3090 2271 3450 2344 Πλὴν,φησὶν,
3502 2274 3554 2326 ει
3624 2274 3702 2326 καὶ

2137 2359 2418 2430 ἐλεύθερός
2447 2360 2561 2412 ἐστι
2618 2359 2680 2413 τὸ
2745 2360 3075 2415 συνοικέσιον
3129 2361 3216 2416 διὰ
3275 2364 3377 2432 τὴν
3406 2360 3503 2414 τοῦ
3587 2361 3700 2416 ἀπί-

2139 2469 2265 2506 στου
2339 2451 2526 2506 στάσιν
2601 2451 2770 2514 λύειν,
2865 2452 2981 2506 ἀλλ’
3036 2455 3258 2523 άμεινον
3348 2454 3530 2525 πολλῷ
3561 2457 3700 2524 ποιή-

2139 2561 2243 2606 σει,
2297 2545 2346 2597 εἰ
2411 2545 2512 2616 τὴν
2541 2545 2658 2614 ἔριν
2716 2546 2912 2619 εἰρήνῃ
2967 2546 3060 2599 καὶ
3105 2547 3482 2618 καλοκαγαθίᾳ
3532 2548 3700 2610 λύσας,

2140 2637 2214 2707 μὴ
2247 2636 2400 2689 λύσει
2430 2636 2521 2689 τὸν
2555 2636 2753 2705 γάμον.
2787 2654 2807 2688 ι
2849 2637 2939 2689 Ἐν
2989 2635 3099 2706 γάρ
3139 2638 3354 2710 εἰρήνῃ,
3409 2637 3568 2708 φησὶ,
3623 2637 3700 2688 κέ·

2137 2727 2346 2796 κληκεν
2367 2729 2519 2796 ἡμᾶς
2544 2729 2572 2780 6
2613 2727 2768 2792 Θεός.
2808 2746 2828 2780 ›
2874 2727 3054 2780 Τοῦτο
3099 2728 3230 2798 γὰρ,
3261 2729 3415 2799 φησὶ,
3471 2729 3571 2782 καὶ
3620 2727 3701 2796 τῆς

2136 2821 2381 2892 κλήσεως
2451 2820 2553 2892 τῆς
2627 2821 2736 2873 ἀπὸ
2820 2819 2955 2873 Θεοῦ
3040 2824 3287 2892 σημεῖον,
3361 2820 3422 2874 τδ
3505 2823 3701 2890 εἰρηνι-

2136 2913 2264 2974 κοὺς
2305 2914 2428 2966 ὅσον
2488 2914 2546 2966 τ’)
2591 2913 2649 2978 ἐξ
2700 2912 2855 2984 ἡμῶν
2897 2913 3038 2982 πρὸς
3088 2914 3300 2976 πάντας
3377 2909 3548 2966 εἶναι.
3608 2913 3698 2964 Καὶ

2135 2997 2198 3050 τὸ
2227 2998 2425 3068 ἐφεξῆς
2446 2999 2524 3064 δέ,
2550 3017 2570 3051 t
2606 3001 2671 3053 Ti
2696 3001 2802 3072 γάρ
2818 2997 2985 3067 οἶδας,
3017 3000 3231 3070 γύναῳ
3255 3003 3348 3055 καὶ
3373 3001 3525 3071 ἑξῆς,
3550 2999 3699 3070 ταύτῃ

2139 3091 2356 3160 συνᾴδει
2396 3094 2458 3163 τῇ
2498 3093 2768 3164 ἑρμηνείᾳ
2794 3091 2899 3162 ,διὰ
2953 3093 3050 3164 τῆς
3091 3094 3229 3165 πρὸς
3273 3094 3448 3164 αὐτὴν
3482 3093 3700 3164 μάλιστα

2141 3184 2485 3249 ἀκολουθίας.

2221 3277 2282 3330 Τί
2320 3277 2429 3347 γὰρ
2452 3273 2642 3344 οἶδας,
2677 3277 2870 3346 γύναι,
2902 3279 2955 3332 ει
2986 3276 3096 3332 τὸν
3115 3276 3304 3347 ἄνδρα
3351 3277 3577 3344 σώσεις
3615 3295 3634 3342 ;
3673 3277 3700 3344 ἢ

2142 3366 2199 3421 τί
2222 3364 2412 3436 οἶδας,
2459 3369 2623 3438 ἆνερ,
2680 3371 2732 3423 ει
2761 3372 2878 3435 τὴν
2916 3369 3174 3436 γυναῖκα
3235 3368 3456 3435 σώσεις
3489 3368 3530 3437 ἢ
3584 3367 3702 3437 μήέ

2135 3459 2370 3526 ἑκάστῳ
2427 3461 2509 3525 ὡς
2589 3461 2920 3529 ἐμέρισενὸ
2954 3459 3121 3525 Θεὸς,
3178 3460 3442 3514 ἕκαστον
3501 3463 3586 3526 ὡς
3625 3459 3701 3512 κέ·

2137 3556 2366 3618 miner
2387 3555 2420 3606 ό
2447 3554 2682 3621 Κύριος,
2705 3553 2896 3619 οὕτως
2930 3553 3340 3622 περιπατείτω.
3375 3552 3488 3606 Καὶ
3537 3553 3701 3615 οὕτως

2135 3645 2206 3700 ἐν
2232 3646 2363 3712 ταῖς
2393 3646 2788 3714 Ἐκκλησίαις
2812 3645 3036 3711 πάσαις
3047 3644 3468 3714 διατάσσομαι.

2209 3739 2379 3794 Πάλιν
2412 3739 2550 3810 πρὸς
2582 3739 2672 3792 τὸν
2701 3739 2918 3808 ἀφιέναι
2956 3737 3138 3807 μένειν
3170 3738 3392 3790 θέλοντα
3437 3738 3530 3791 τὸν
3593 3739 3700 3792 άπι-

2142 3849 2267 3885 στον
2302 3832 2437 3902 μηδέ
2501 3829 2864 3896 στασιάζοντα
2936 3831 3297 3902 μεταϐέϐηκε,
3357 3831 3453 3883 καί
3531 3847 3697 3899 φησιν’

2098 3906 2108 3916 ’
2135 3921 2197 3974 Ei
2223 3923 2297 3992 μὴ
2323 3921 2695 3986 διαστασιάζοι
2717 3923 2856 3992 πρὸς
2881 3921 2962 3986 σὲ,
3003 3923 3129 3992 μένε
3157 3921 3276 3990 μετ’
3327 3920 3516 3975 αὑτοῦ.
3566 3921 3701 3980 Εἰκὸς

2135 4007 2244 4078 γάρ
2272 4006 2348 4077 τῷ
2377 4007 2558 4079 χρόνῳ
2582 4009 2678 4062 καὶ
2702 4008 2900 4073 σώσεις
2933 4009 3095 4063 αὐτὸν
3130 4009 3596 4080 συμόουλεύοντα,
3625 4009 3701 4062 καὶ

2137 4100 2330 4153 πιστὸν
2358 4101 2632 4170 ποιήσεις.
2663 4100 2806 4172 Ὅρα
2840 4101 2897 4154 δὲ
2921 4101 3037 4164 πῶς
3064 4101 3166 4154 οὐκ
3197 4103 3255 4154 ἐν
3300 4101 3520 4175 ἀνάγκῃ
3566 4100 3700 4153 τοῦτο

2135 4191 2389 4260 γενέσθαι
2411 4192 2714 4263 ἀπῄτησεν,
2743 4191 2834 4246 ἵνα
2859 4191 2935 4262 μὴ
2966 4191 3132 4263 βάρος
3161 4192 3348 4262 ἐπιθῇ,
3369 4191 3508 4244 ἀλλὰ
3537 4194 3601 4261 τῇ
3624 4187 3698 4242 τοῦ

2138 4283 2426 4353 μέλλοντος
2507 4282 2704 4354 ἀδηλίᾳ
2756 4283 2852 4336 καὶ
2897 4283 2994 4353 τὴν
3052 4283 3300 4351 ἀνάγκην
3357 4281 3552 4346 ἐξεῖλε,
3625 4279 3698 4333 καὶ

2142 4373 2352 4444 ταύτην
2394 4375 2471 4445 μὴ
2539 4373 2854 4443 ἀπογνῶναι
2922 4374 3018 4428 καὶ
3085 4374 3418 4445 ἐνναρκῆσαι
3486 4373 3698 4443 συμϐου-

2133 4466 2414 4532 λεύουσαν,
2459 4466 2896 4538 παρεσκεύασεν.
2989 4485 3005 4516 ι
3037 4466 3110 4519 Ἦ
3172 4467 3272 4536 μή.
3305 4486 3324 4518 ι
3403 4467 3558 4530 Ἕως
3590 4465 3691 4524 τοῦ.

449 4557 520 4612 ad
556 4559 996 4628 desperationem
1049 4563 1307 4618 suaderet
1357 4573 1452 4619 aut
1510 4573 1725 4634 torpere
1784 4567 2020 4622 faceret.

2140 4577 2156 4612 t
2217 4561 2288 4613 Ἢ
2354 4559 2450 4630 μὴ,
2501 4579 2519 4611 ι
2579 4559 2759 4624 στίξον
2812 4558 3024 4611 τελείαν
3103 4558 3363 4628 στιγμὴν,
3411 4555 3568 4633 ἵναῇ
3617 4557 3696 4610 oi:-

456 4665 477 4700 ι
522 4650 740 4706 Annon.
787 4671 806 4703 ι
844 4651 1026 4721 Usque
1043 4654 1109 4708 ad
1151 4653 1202 4708 id
1236 4654 1504 4708 verbum:
1547 4655 1764 4722 Annon,
1800 4675 1817 4708 ι
1845 4655 2029 4727 perfe-

449 4747 592 4793 ctam
626 4743 917 4810 producito
948 4744 1388 4809 distinctionem,
1424 4755 1482 4799 ut
1513 4745 1583 4800 sit
1637 4746 1729 4800 hic
1785 4762 1983 4802 sensus
2019 4765 2034 4802 :

449 4827 559 4882 Aut
585 4832 677 4899 qui
709 4833 874 4900 nosti,
913 4835 1014 4895 vir,
1057 4845 1239 4890 utrum
1267 4852 1492 4891 uxorem
1517 4831 1912 4894 salvam'facies
1935 4856 2038 4894 an-

451 4922 604 4974 non?
635 4923 745 4977 l-loe
769 4935 875 4989 est,
907 4926 1058 4982 Unde
1091 4928 1234 4983 nosti
1260 4939 1444 4984 utrum
1480 4931 1681 4986 salvam
1710 4930 1898 4994 facies,
1928 4948 2029 4987 an-

2134 4666 2270 4716 τως’
2301 4652 2371 4704 Ἦ
2402 4651 2453 4702 τί
2477 4645 2647 4715 οἶδας,
2670 4648 3003 4720 άνερ,εἱτὴν
3030 4651 3265 4718 γυναῖκα
3294 4649 3488 4712 σώσεις
3522 4650 3552 4719 ἦ
3583 4649 3649 4718 μή
3674 4666 3686 4713 ;

2138 4743 2408 4804 τουτέστι,
2434 4742 2604 4794 Πόθεν
2625 4737 2774 4804 οἶδας
2804 4743 2854 4794 εἰ
2881 4741 3126 4811 σώσειςῆ
3160 4740 3234 4810 μὴ
3259 4741 3452 4803 σώσεις
3479 4757 3493 4805 ;
3525 4740 3695 4809 ἄδηλον

2141 4834 2251 4905 γὰρ
2291 4833 2352 4886 τὸ
2383 4833 2574 4903 μέλλον
2596 4847 2612 4863 '
2667 4832 2866 4903 ἀδήλου
2913 4832 2970 4888 δέ
3006 4833 3176 4896 ὄντος,
3204 4833 3264 4884 οὐ
3306 4832 3389 4885 δεῖ
3423 4832 3568 4886 λύειν
3614 4831 3692 4885 τὸν

2142 4926 2344 4996 γάμον.

449 5023 560 5063 non
590 5013 794 5067 salvam
820 5015 988 5094 facies
1010 5018 1034 5072 ‘Z
1059 5018 1333 5075 Incertum
1361 5029 1446 5077 est
1477 5021 1624 5075 enim
1668 5021 1801 5092 quid
1835 5021 2083 5078 futurum
2145 5022 2216 5076 sit
2248 5035 2262 5072 :
2318 5030 2555 5086 cumque
2585 5015 2861 5070 incertum
2930 5016 3022 5081 sit,
3061 5030 3175 5072 non
3234 5024 3460 5088 oportet
3495 5017 3686 5073 solvere

447 5105 787 5174 conjugium.

521 5197 738 5250 Etenim
769 5198 812 5252 si
844 5201 1046 5256 salvam
1082 5220 1190 5259 non
1247 5205 1465 5273 feceris,
1519 5209 1732 5264 nullum
1789 5209 2030 5280 accipies

2197 5207 2288 5278 Μὴ
2319 5205 2510 5272 σώζων
2551 5206 2652 5276 μὲν
2679 5204 2789 5277 γάρ
2813 5205 2913 5260 οὐκ
2953 5204 3213 5274 ἐϐλάϐης,
3254 5205 3445 5270 σώζων
3479 5205 3532 5259 δὲ
3564 5203 3694 5271 ὠφε-

447 5287 844 5342 detrimentum
878 5307 891 5344 :
930 5292 975 5346 si
1007 5310 1136 5348 vero
1178 5297 1382 5350 salvam
1414 5299 1636 5363 feceris,
1695 5310 1751 5355 et
1809 5301 2032 5372 juvabis

2140 5300 2324 5371 λήθης.
2359 5317 2378 5350 t
2424 5297 2672 5369 Ἐκάστῳ
2713 5297 2788 5361 ὡς
2851 5298 3106 5368 ἐμέρισεν
3151 5298 3180 5350 6
3236 5297 3431 5360 Θεός.»
3476 5298 3542 5350 Τὸ
3596 5296 3689 5363 γὰρ

445 5389 502 5432 et
526 5379 958 5450 ipsejuvaberis.
992 5403 1010 5436 ι
1043 5385 1354 5458 Unicuique
1376 5398 1437 5443 ut
1460 5391 1564 5460 ips:
1598 5394 1786 5449 divisit
1811 5395 1977 5449 Deus.
2009 5413 2028 5446 ι

2140 5391 2412 5462 συμφέρον
2462 5389 2625 5454 αὐτὸς
2667 5390 2826 5460 μόνος
2887 5385 3018 5454 οἶδε,
3053 5389 3149 5442 καὶ
3213 5390 3444 5459 πότερον
3500 5386 3678 5457 μᾶλλον

447 5471 732 5540 Siquidem
769 5474 919 5528 solus
947 5475 1064 5546 ipse
1095 5479 1246 5532 novit
1275 5481 1406 5549 quid
1437 5482 1572 5536 utile
1599 5484 1690 5550 sit,
1734 5494 1791 5539 et
1844 5495 2029 5541 utrum

2140 5481 2433 5547 συνετέλει,
2462 5480 2554 5534 τὸν
2578 5480 2770 5534 πιστὸν
2815 5479 2873 5546 ἐξ
2915 5480 3089 5550 ἀρχῆς
3124 5479 3338 5548 ἀπίστῳ
3376 5475 3688 5546 συναφθῆναι

446 5563 620 5633 magis
673 5565 992 5621 conferebat
1041 5577 1100 5624 ut
1155 5570 1223 5625 ab
1273 5571 1433 5626 initio
1485 5573 1664 5628 fidelis
1709 5566 2033 5647 conjunctus

2143 5575 2178 5645 ἢ
2205 5573 2401 5642 πιστῷ.
2426 5573 2547 5625 Ἐπ’
2584 5573 2742 5625 ἐνίων
2761 5573 2861 5642 μὲν
2893 5572 3002 5641 γὰρ
3033 5572 3296 5641 συνέφερε
3325 5570 3506 5624 πιστὸν
3529 5564 3686 5635 πιστῷ

447 5666 599 5710 esset
627 5657 832 5713 infideli
864 5676 933 5714 an
968 5660 1128 5716 fideli.
1167 5662 1382 5717 Etenim
1421 5663 1854 5734 in‘quibusdam
1900 5683 2033 5722 con-

2144 5667 2434 5726 συνοικεῖν,
2463 5663 2556 5716 καὶ
2583 5664 2826 5734 συνήφθη
2857 5665 2972 5717 ’ἐπ’
2996 5666 3153 5717 ἐνίων
3176 5665 3232 5718 δι
3262 5664 3447 5718 πιστὸν
3460 5659 3675 5726 ἀπίστῳ,

445 5748 684 5805 ducebat
719 5761 778 5806 ut
812 5753 988 5809 fidelis
1022 5755 1168 5812 fideli
1230 5755 1572 5812 cobabitaret
1601 5773 1665 5813 ac
1707 5760 2033 5829 conjunctus

2142 5758 2237 5813 καὶ
2269 5757 2490 5826 γέγονεν
2512 5753 2704 5818 οὕτως.
2739 5757 2849 5809 Καὶ
2867 5755 3071 5810 τούτων
3089 5756 3263 5819 οὐδείς
3312 5757 3453 5809 ἐστιν
3499 5749 3680 5812 ἱκανὸς,

445 5852 613 5912 esset,
647 5845 700 5900 in
728 5846 1059 5917 quibusdam
1092 5867 1222 5908 vero
1252 5861 1310 5908 ut
1335 5850 1513 5910 ﬁdelis
1556 5851 1765 5910 infideli
1803 5862 1896 5910 :ct
1943 5854 2017 5911 ita

2140 5849 2360 5906 συνιδεῖν
2387 5848 2484 5914 τὰς
2515 5847 2712 5916 αἰτίας,
2738 5847 2879 5919 πλὴν
2897 5845 3001 5902 τοῦ
3036 5846 3178 5902 οὕτω
3197 5845 3575 5916 διαταξαμένου
3597 5838 3678 5893 καὶ
