3872 6588
219 425 304 490 733

1111 427 1507 491 COMMENT.
1542 425 1900 492 IN-‘Epls'r.
1931 431 1960 491 Ι
1999 432 2100 493 AD
2129 408 2494 494 c'ORINTH.

3345 435 3454 500 ’134

219 537 513 608 μερίσαντος
525 534 684 600 Θεοῦ,
710 536 804 590 καὶ
823 535 1154 601 καλέσαντος
1175 538 1405 611 Κυρίου.
1433 538 1496 591 Et
1519 539 1576 592 δὲ
1597 537 1766 600 ὁΘεδς

1880 539 2070 597 Factum
2104 551 2208 599 est.
2239 543 2309 598 Et
2340 542 2541 598 horum
2568 557 2763 598 causas
2782 559 2946 600 nemo
2979 543 3213 600 idoneus
3242 555 3328 601 est
3355 546 3452 617 qui

217 629 290 682 καὶ
308 627 551 698 ὁΚύριος
574 626 674 690 τὰς
693 626 949 692 τοιαύτας
977 622 1275 698 συναφείας
1305 628 1466 695 ἔταξε
1493 630 1588 684 καὶ
1631 629 1770 699 ἐμέ-

218 736 315 791 ρισε
336 719 471 773 κατὰ
500 721 561 772 τὸ
585 720 815 774 ἑκάστου
830 721 1134 792 συμφέρον,
1157 723 1260 775 οὐκ
1289 723 1496 791 ὀφείλει
1528 724 1555 776 ὁ
1574 721 1768 786 πιστὸς

217 811 403 880 ἀπίστῳ
428 811 721 881 συναφθεὶς
750 813 1062 885 δυσφορεῖν,
1109 814 1141 885 ἦ
1175 815 1416 883 ἀγωνίαν
1472 814 1570 869 καὶ⁵
1613 814 1768 867 λύσιν

215 904 488 970 ἐπιζητεῖν,
525 903 660 956 ἀλλὰ
729 903 910 972 καθὼς
975 904 1178 976 ἐκλήθη
1249 906 1498 967 ἕκαστος,
1578 904 1755 976 τούτῳ

217 993 452 1063 ἐμμένειν
471 994 1034 1064 καὶζσυμπεριπατεῖν.
1053 994 1112 1048 'O
1124 995 1232 1066 γὰρ
1263 995 1595 1066 Σευηριανὸς
1623 996 1770 1048 ἐστι·

215 1084 287 1150 ξεν
315 1085 501 1146 οὕτως.
531 1085 595 1136 Ei
635 1085 745 1156 γὰρ
791 1085 865 1156 μὴ
910 1084 1083 1150 οὕτως
1137 1087 1345 1158 στίξῃς,
1397 1087 1770 1156 ἀσυνάρτητον

213 1177 373 1242 ἔλεγεν
393 1171 528 1227 εἶναι
553 1174 654 1248 τὴν
674 1174 947 1241 σύνταξιν.
971 1175 1158 1239 Οὕτως
1176 1194 1257 1242 σε,
1277 1178 1463 1247 φησὶν,
1513 1178 1769 1248 ἐμέρισεν

214 1271 235 1321 ὁ
259 1267 376 1327 Θεὸς
406 1266 496 1319 καὶ
522 1264 696 1329 οὓτως
727 1265 1020 1336 κέκληκεν,
1060 1267 1198 1339 μετὰ
1237 1268 1495 1337 γυναικὸς
1517 1267 1552 1338 ἢ
1578 1267 1772 1337 ἀνδρὸς

214 1361 418 1416 ἀπίστου
437 1375 452 1390 ⁸
484 1363 684 1430 στέργε
723 1359 1017 1431 τοιγαροῦν
1045 1359 1137 1414 τὸν
1159 1360 1362 1430 γάμον,
1398 1359 1495 1414 καὶ
1523 1359 1599 1430 μὴ
1647 1359 1770 1414 δια-

213 1453 359 1524 λύσῃς
385 1451 482 1523 τὴν
497 1452 933 1516 πίστιν.ιοὖτως
959 1454 1017 1506 ἐν
1042 1455 1164 1516 ταῖς
1180 1451 1535 1524 Ἐκκλησίαις
1568 1451 1771 1515 πάσαις

211 1544 784 1614 διατάσσομαι.›Τοῦτο
800 1546 1023 1615 ἐπάγει,
1056 1545 1142 1598 ἵνα
1170 1545 1248 1616 τῷ
1272 1547 1423 1616 σχεῖν
1451 1547 1546 1598 καὶ
1578 1544 1770 1608 ἄλλους

211 1636 476 1699 κοινωνοὺς
547 1636 642 1706 καὶ
708 1636 876 1701 ἄλλας
962 1637 1312 1709 Ἐκκλησίας,
1369 1638 1771 1710 προθυμότεροι

208 1728 322 1800 περὶ
352 1726 446 1798 τήν
484 1727 731 1800 ὑπακοὴν
756 1729 1043 1798 γένωνται.

1870 642 2168 704 cognoscat
2215 634 2320 688 nisi
2381 635 2497 704 ipse
2527 635 2674 690 Deus
2706 635 2797 705 qui
2833 636 2906 691 ita
2942 636 3218 706 disposuit
3244 654 3308 694 ac
3364 640 3453 693 di-

1869 722 2080 788 visit,et
2101 724 2366 778 Dominus
2388 724 2476 792 qui
2509 725 2906 792 vocavit.Quod
2935 727 2980 782 si
3006 728 3149 781 Deus
3175 743 3238 782 ac
3265 729 3454 783 Domi-

1868 807 2181 884 bujusmodi
2209 810 2632 879 conjunctiones
2658 812 2956 882 disposuit,
2989 831 3054 869 ac
3076 815 3266 870 divisit
3286 818 3444 886 juxta

1867 903 2138 973 cujusque
2163 903 2474 967 utilitatem,
2522 919 2630 958 non
2680 903 2845 960 debet
2890 905 3068 963 ﬁdelis
3128 909 3456 978 conjunctus

1868 996 2078 1051 inﬁdeli
2107 998 2348 1067 graviter
2405 997 2550 1052 ferre
2610 1007 2705 1052 aut
2753 1000 2965 1053 anxiari
3021 1003 3452 1064 et,solutionem

1868 1087 2154 1158 requirere
2187 1105 2200 1141 :
2233 1087 2329 1142 sed
2361 1087 2507 1142 sicut
2543 1089 2924 1159 imusqnisque
2969 1101 3197 1146 vocatus
3244 1101 3349 1154 est,
3396 1092 3452 1146 in

1869 1178 1977 1234 hoc
2003 1186 2320 1248 permaneat
2347 1195 2413 1234 ac
2468 1181 2749 1250 procedat.
2799 1181 3132 1238 Severianus
3177 1184 3328 1239 enim
3375 1185 3452 1238 ita

1869 1271 2118 1328 distinxit
2149 1287 2314 1326 :nam
2347 1271 2392 1325 si
2422 1271 2496 1326 ita
2527 1287 2637 1326 non
2664 1273 2992 1343 distinguas.
3020 1275 3445 1344 incompositam

1870 1362 2008 1417 dixit
2032 1378 2153 1418 esse
2183 1364 2609 1419 ordinationem.
2649 1363 2751 1428 Ita,
2779 1366 2980 1434 inquit.
3007 1373 3060 1420 te
3093 1366 3280 1420 divisit
3305 1368 3450 1421 Deus

1869 1464 1924 1510 et
1965 1456 2037 1508 ita
2068 1456 2431 1510 vocavitcum
2476 1471 2645 1510 uxore
2700 1464 2795 1509 aut
2853 1457 2970 1510 viro
3018 1457 3269 1512 inﬁdeli:
3327 1473 3456 1512 ama

1869 1547 2037 1618 igitur
2065 1548 2380 1618 conjugium
2415 1563 2517 1602 nec
2549 1547 2711 1602 ﬁdem
2739 1547 3028 1603 dissolvas.
3066 1567 3085 1600 ι
3122 1546 3199 1603 Ita
3243 1549 3298 1603 in
3340 1550 3448 1604 Ec-

1869 1639 2054 1694 clesiis
2088 1638 2348 1694 omnibus
2369 1639 2616 1693 ordino.»
2645 1637 2760 1694 Hoc
2803 1647 2990 1694 autem
3036 1638 3340 1710 snlijungit,
3393 1646 3456 1694 ut

1869 1740 1937 1779 ex
1967 1725 2072 1780 hoc
2103 1725 2251 1797 quod
2278 1726 2416 1781 alios
2443 1741 2663 1797 quoque
2698 1728 2936 1782 habeant
2983 1728 3164 1783 socios
3201 1738 3258 1784 et
3316 1729 3452 1784 alias

1871 1817 2155 1882 ecclesias,
2182 1819 2550 1887 promptiores
2581 1820 2714 1874 (iant
2744 1819 2811 1874 ad
2839 1819 3234 1874 obedientiam.

264 1909 762 1980 Περιτετμημένος
801 1928 895 1978 τις
937 1911 1190 1981 ἐκλήθη,
1231 1912 1319 1983 μὴ
1378 1913 1762 1970 ἐπισπάσθω.

1940 1909 2055 1974 VII,
2083 1909 2266 1963 18-20.
2299 1909 2644 1966 Circumcisus
2671 1912 2934 1981 quispiam
2963 1920 3180 1965 vocatus
3208 1921 3308 1977 est,
3345 1926 3452 1966 non

213 2004 309 2056 Ἐν
341 2002 704 2069 ἀκροϐυστίᾳ
736 2019 828 2070 τις
875 2003 1128 2073 ἐκλήθη,
1167 2005 1254 2075 μὴ
1310 2007 1770 2075 περιτεμνέσθω,

214 2095 283 2151 Ἦ
298 2093 576 2164 περιτομὴ
604 2095 786 2149 οὐδέν
814 2097 966 2164 ἐστι,
996 2097 1094 2152 καί
1127 2099 1164 2166 ἡ
1195 2099 1561 2166 ἀκροϐυστία
1593 2097 1775 2153 οὐδέν

202 2190 380 2255 ἐστιν,
409 2190 572 2246 ἀλλὰ
624 2190 877 2259 τήρησις
911 2191 1178 2247 ἐντολῶν
1232 2193 1400 2248 Θεοῦ.
1471 2194 1774 2261 Ἕκαστος

201 2283 265 2337 ἐν
292 2281 359 2351 τῇ
397 2283 614 2350 κλήσει
648 2278 688 2356 ᾖ
735 2284 985 2352 ἐκλήθη,
1023 2287 1095 2339 ἐν
1142 2286 1328 2354 ταύτῃ
1381 2285 1627 2354 μενέτω.

277 2376 459 2436 Πάλιν,
487 2377 646 2446 φησὶ,
670 2376 1142 2447 περιτετμημένος
1165 2375 1508 2448 ἐκλήθης,μὴ
1531 2376 1770 2432 ἐπισπῶ.

202 2493 268 2505 -
296 2462 490 2536 ιΦΩΤ.]
525 2464 586 2517 '0
613 2463 768 2534 ἅγιος
791 2465 1112 2534 Ἐπιφὰνιος
1145 2465 1308 2518 τοῦτό
1336 2483 1522 2536 φησιν,
1560 2467 1642 2520 ὅτι
1683 2465 1776 2519 διά

205 2573 336 2618 τινος
355 2555 647 2627 θεραπείας
672 2559 1132 2628 φαρμακευτικῆς
1176 2557 1408 2612 δύναταί
1436 2575 1521 2622 τις
1545 2559 1774 2628 ποιῆσαι

207 2646 294 2700 τὸν
311 2648 676 2719 ἑμπερίτομον
695 2648 899 2721 ἀκρόϐυ
909 2667 1056 2716 στον,
1082 2650 1178 2704 καὶ
1193 2650 1276 2702 ὅτι
1303 2648 1507 2721 ταύτης
1537 2649 1638 2720 τῆς
1653 2651 1775 2703 ἐπι-

206 2740 342 2800 νοίας
365 2739 578 2809 πρῶτος
603 2741 832 2812 εὑρετής
857 2742 1078 2811 γέγονεν
1115 2742 1307 2797 Ἡσαῦ.
1327 2742 1428 2796 Διὰ
1474 2741 1631 2795 τοῦτό
1677 2760 1776 2813 φη-

209 2832 485 2896 σινὸΘεύς·
513 2851 531 2885 ι
555 2833 842 2888 ΤὸνἮσαῦ
871 2835 1269 2906 ὲμίσησα.›--«
1303 2837 1392 2889 Ἐν
1436 2835 1775 2910 ἀκροᾷυστίᾳ

207 2939 284 2988 τις
327 2925 545 2996 ἐκλήθη,
593 2925 669 2996 μή
709 2925 1138 2996 περιτεμνέσθω.
1166 2944 1186 2978 ι
1243 2911 1667 2998 -[ΟΙΚΟΥΜ.]
1688 2927 1776 2980 Ei-

209 3018 296 3081 κὸς
321 3017 426 3087 γὰρ
461 3017 568 3072 ειπό
599 3034 743 3081 τινος
776 3016 1341 3089 θεραπείαςδύνασθαι
1367 3020 1449 3081 εἰς
1471 3015 1530 3070 τὸ
1552 3018 1775 3088 ἀρχαῖον

211 3109 502 3162 ἐπανελθεῖν
523 3109 622 3179 τήν
647 3126 713 3162 πε
722 3108 970 3180 ριτομήν,
991 3108 1085 3162 καὶ
1105 3109 1241 3180 πρὸς
1266 3108 1435 3180 αὐτὴν
1458 3109 1777 3179 ἀνατρέχειν

213 3200 298 3253 καὶ
315 3201 628 3271 καυχᾶσθαι.
647 3201 734 3254 Ἐν
749 3200 1104 3272 ἀκροϐυστίᾳ,
1125 3203 1308 3271 φησὶν,
1327 3200 1582 3271 ἐκλήθης,
1605 3200 1730 3271 μένε
1745 3199 1774 3254 ὃ
1801 3233 1845 3292 C

214 3289 278 3346 εἴ.
293 3291 424 3346 Ούτε
436 3293 542 3363 γὰρ
562 3295 595 3365 ή
619 3294 894 3365 περιτομὴ
917 3294 1054 3363 πρὸς
1072 3293 1349 3364 σωτηρίαν
1374 3311 1436 3347 συ
1446 3293 1768 3363 μϐἁλλεται,

213 3383 323 3438 οὔτε
351 3385 735 3457 ήὰκροὸυστία
761 3386 1102 3456 λυμαίνεται.
1125 3385 1274 3451 Ἑνδς
1300 3387 1407 3457 γὰρ
1434 3386 1594 3458 χρεία
1613 3387 1773 3451 μόνον

216 3477 301 3530 τοῦ
319 3477 546 3550 πληροῦν
561 3478 661 3542 τὰς
676 3477 920 3543 ἐντολάς.
956 3508 1027 3520 -
1061 3475 1261 3551 [ΦΩΤ.]
1333 3479 1444 3532 Καὶ
1475 3481 1510 3550 ή
1537 3477 1776 3550 ὠφέλεια

216 3570 294 3625 διὰ
315 3574 408 3643 τήν
433 3573 667 3644 τήρησιν
704 3572 802 3642 τῆς
833 3570 1055 3641 ἐντολῆς
1069 3570 1417 3643 περιγίνεται
1448 3571 1650 3643 ὁμοίως
1681 3573 1775 3628 καὶ

214 3665 274 3732 τῇ
300 3667 556 3735 περιτομῇ
586 3664 680 3716 καὶ
711 3665 776 3734 τῇ
815 3662 1172 3734 ἀκροϐυστίᾳ.
1233 3663 1354 3716 Τῶν
1411 3662 1521 3734 γὰρ
1565 3665 1622 3717 ἐν
1679 3664 1776 3718 ἀν-

213 3753 434 3825 θρώποις
460 3755 736 3827 πράξεων,
764 3757 818 3809 αἱ
853 3755 952 3826 μὲν
987 3754 1108 3808 καθ’
1134 3755 1305 3818 αὐτὰς
1330 3755 1515 3826 έχουσι
1557 3759 1616 3809 τὸ
1639 3758 1779 3829 χρή-

211 3863 378 3916 σιμον,
400 3848 487 3903 καὶ
514 3849 562 3900 εἰ
593 3846 670 3918 μὴ
703 3841 836 3900 ὦσιν
869 3846 1089 3918 ἐντολῆς
1120 3847 1425 3919 ἡρτημέναι
1458 3848 1628 3915 θείας,
1665 3843 1778 3901 οἷον

211 3941 242 4010 ή
291 3939 590 4010 δικαιοσύνη
652 3941 748 3993 καὶ
796 3941 866 3995 τὰ
913 3941 1096 4004 ὅμοιαο
1153 3939 1304 3993 αἰδὲ
1339 3939 1428 3993 διὰ
1471 3939 1637 4012 μόνην
1679 3939 1778 4012 τήν

166 4023 174 4029 ’
208 4031 434 4102 ἐντολὴν,
465 4033 538 4094 ὡς
561 4031 629 4086 τὰ
650 4031 880 4086 πλεῖστα
916 4033 1022 4085 τῶν
1054 4033 1110 4084 ἐν
1134 4030 1212 4101 τῷ
1236 4031 1408 4102 νόμῳ.

274 4123 488 4190 Δοῦλος
512 4123 800 4191 ἐκλήθης,
855 4122 938 4193 μή
994 4139 1094 4178 σοι
1147 4123 1396 4191 μελέτω·
1429 4122 1568 4177 ἀλλ’
1607 4119 1777 4175 εὶκαί

207 4213 452 4269 δύνασαι
497 4216 816 4282 ἐλεύθερος
876 4215 1178 4286 γενέσθαι,
1237 4213 1477 4284 μᾶλλον
1532 4213 1775 4284 χρῆσαι.

219 4307 277 4357 ’0
307 4309 410 4376 γὰρ
448 4308 518 4362 ἐν
550 4309 744 4378 Κυρίῳ
803 4307 1051 4376 κληθείς
1092 4306 1339 4374 δοῦλος,
1378 4307 1780 4376 ἀπελεύθερος

210 4399 414 4464 Καρίου
439 4397 631 4452 ἐστίν.
681 4398 921 4468 Ὁμοίως
1021 4398 1120 4452 καὶ
1174 4401 1208 4452 ό
1261 4398 1576 4466 ἐλεύθερος
1635 4401 1781 4464 κλη-

208 4487 351 4553 θείς,
395 4487 614 4552 δοῦλός
655 4488 786 4542 ἐστι
856 4489 1135 4558 Χριστοῦ.
1197 4489 1381 4559 Τιμ-ῆ(
1442 4488 1781 4559 ἠγοράσθη-

1874 2011 2111 2058 accersat
2143 2005 2460 2073 prwputium
2495 2023 2514 2058 :
2547 2006 2600 2058 in
2626 2007 2881 2074 praeputio
2919 2005 3055 2059 alius
3099 2015 3312 2060 vocatus
3351 2014 3448 2071 est,

1875 2114 1978 2151 non
2005 2097 2434 2150 circumcidatur.
2466 2095 2805 2170 Circumcisio
2841 2097 2976 2151 nihil
2998 2106 3092 2163 est,
3144 2107 3192 2151 et
3238 2113 3454 2166 prazpu-

1875 2191 2007 2242 tium
2035 2189 2168 2242 nihil
2195 2198 2293 2253 est,
2312 2189 2403 2242 sed
2427 2190 2715 2244 observatio
2741 2189 3255 2260 praceptorumjbei.
3287 2191 3455 2246 Unus-

1874 2283 2092 2352 quisque
2120 2283 2174 2334 in
2203 2298 2263 2335 ea
2280 2284 2549 2336 vocatione
2569 2293 2783 2336 maneat
2808 2283 2860 2336 in
2885 2300 2988 2351 qua
3012 2291 3223 2338 vocatus
3250 2291 3346 2336 est.

1945 2375 2234 2439 Praeterea,
2269 2374 2470 2444 inquit,
2494 2374 2856 2430 circumcisus
2883 2384 3110 2430 vocatus
3139 2390 3221 2440 es,
3257 2390 3326 2430 ne
3361 2389 3456 2430 ac—

1875 2479 2060 2520 cersas
2092 2465 2686 2535 praeputium—Divus
2708 2466 3053 2536 Epiphanius
3080 2467 3176 2527 ait.
3200 2466 3344 2535 quod
3361 2482 3459 2536 per

1874 2557 2113 2626 aliquam
2143 2559 2527 2613 medicinalem
2554 2575 2744 2614 curam
2776 2567 2957 2628 potest
3000 2559 3272 2629 quispiam
3330 2575 3458 2615 eum

1875 2651 1969 2720 qui
2000 2650 2364 2705 circumcisus
2389 2660 2475 2706 est
2521 2650 2705 2706 facere
2746 2651 3171 2721 przputiatum:
3205 2651 3370 2722 482
3401 2660 3460 2707 et

1875 2739 2019 2810 quod
2047 2739 2216 2810 hujus
2261 2741 2477 2795 consilii
2539 2741 2753 2810 primus
2802 2740 3058 2796 inventor
3109 2740 3214 2795 fuit
3238 2741 3382 2796 Esau
3427 2757 3442 2794 :

1873 2839 1931 2886 et
1976 2841 2264 2902 propterea
2299 2833 2437 2888 dixit
2481 2834 2626 2889 Deus
2659 2853 2672 2888 :
2713 2853 2732 2886 ι
2771 2835 2915 2889 Esau
2950 2835 3078 2889 odio
3137 2834 3390 2888 habui".
3431 2849 3452 2887 ι

1875 2955 1944 2966 -
1985 2944 2004 2976 ι
2045 2925 2106 2979 1η
2130 2927 2400 2996 praeputio
2429 2926 2572 2980 alius
2600 2937 2826 2981 vocatus
2859 2934 2967 2992 est,
2995 2941 3104 2980 non
3162 2926 3456 2981 circumci-

1877 3016 2056 3071 datur.
2106 3017 2551 3072 i—Verisimile
2575 3024 2667 3078 est
2713 3016 2896 3085 aliqua
2955 3031 3085 3071 cura
3133 3015 3248 3070 fieri
3301 3031 3461 3085 posse

1877 3114 1940 3162 ut
1969 3116 2279 3162 revertatur
2309 3097 2665 3162 circumcisio
2695 3107 2748 3160 in
2779 3107 2830 3160 id
2857 3106 3002 3176 quod
3039 3106 3171 3160 olim
3220 3117 3360 3170 erat,
3398 3115 3454 3162 et

1879 3200 1944 3254 ad
1980 3202 2150 3270 ipsam
2178 3201 2302 3268 quis
2333 3207 2583 3254 recurrat
2621 3214 2686 3253 ac
2717 3199 3003 3269 glorietur.
3057 3198 3117 3253 in
3168 3199 3456 3266 praeputio,

1879 3291 2076 3362 inquit,
2097 3299 2324 3346 vocatus
2343 3307 2424 3354 es,
2450 3306 2609 3346 mane
2635 3293 2690 3344 in
2723 3307 2790 3346 eo
2816 3291 2962 3362 quod
2989 3306 3071 3346 es.
3103 3290 3293 3358 Neque
3312 3293 3458 3346 enim

1875 3384 2090 3440 confert
2115 3385 2184 3440 ad
2215 3386 2443 3440 salutem
2471 3383 2839 3450 circumcisio,
2882 3399 3063 3454 neque
3123 3384 3278 3438 obest
3325 3398 3462 3452 pra:-

1876 3475 2113 3545 putium.
2146 3475 2426 3546 Siquidem
2456 3477 2559 3530 hoc
2593 3491 2702 3530 uno
2728 3491 2868 3546 opus
2897 3484 2982 3532 est
3025 3487 3084 3531 ut
3149 3480 3464 3545 complean-

1879 3575 1972 3626 tur,
1985 3576 2271 3637 praecepta.
2299 3598 2366 3608 —
2390 3568 2454 3621 Et
2471 3584 2568 3637 per
2589 3567 3032 3623 observationem
3055 3576 3462 3638 praeceptorum

1877 3657 2068 3712 eadem
2096 3657 2310 3712 accedit
2346 3657 2554 3712 utilitas
2589 3656 2999 3711 circumcisioni
3052 3665 3107 3710 et
3165 3657 3461 3729 praeputio.

1878 3752 2026 3806 Inter
2048 3767 2212 3822 opera
2243 3769 2480 3822 namque
2519 3751 2781 3818 humana,
2837 3750 3086 3820 quaedam
3150 3765 3219 3803 ex
3269 3749 3466 3819 seipsis

1879 3841 2021 3897 bona
2055 3851 2201 3905 sunt,
2237 3843 2452 3896 etiamsi
2501 3849 2776 3911 praecepto
2817 3856 2926 3895 non
2965 3849 3225 3910 aptentur
3257 3839 3464 3906 divino,

1878 3931 2051 3986 veluti
2086 3939 2172 3985 est
2197 3930 2410 4001 justitia
2466 3945 2530 3985 ac
2596 3931 2797 3985 similia
2839 3949 2852 3984 :
2891 3931 2997 3984 alia
3054 3944 3188 3984 vero
3237 3940 3466 3998 propter

1879 4022 2057 4077 solum
2080 4030 2435 4091 praeceptum,
2469 4019 2654 4089 qualia
2685 4028 2814 4071 sunt
2847 4019 3015 4070 multa
3054 4017 3107 4069 in
3139 4018 3280 4085 lege.

1951 4113 2066 4178 VII,
2086 4112 2474 4167 2|-24.Servus
2489 4120 2700 4165 vocatus
2719 4127 2793 4174 es,
2813 4127 2877 4163 ue
2898 4111 2966 4163 sit
2992 4109 3085 4161 tibi
3111 4124 3252 4161 cura:
3273 4124 3290 4160 :
3317 4108 3475 4177 quiu-

1881 4208 2043 4262 etiam
2085 4207 2132 4261 si
2177 4214 2318 4274 potes
2349 4204 2468 4274 ﬁeri
2515 4203 2678 4267 liber,
2709 4203 2880 4273 potius
2922 4209 3086 4254 utere.
3114 4197 3374 4266 Numqui
3414 4199 3471 4250 in

1881 4300 2108 4354 Domino
2128 4307 2341 4353 vocatus
2368 4305 2442 4351 est
2471 4312 2649 4350 servus
2685 4295 2901 4348 libertus
2927 4293 3134 4344 Domini
3164 4301 3238 4343 est
3273 4305 3290 4342 :
3321 4290 3474 4342 simi-

1880 4392 2002 4446 liler
2017 4404 2064 4447 et
2088 4393 2174 4461 qui
2208 4390 2339 4444 liber
2357 4399 2570 4444 vocatus
2600 4397 2696 4451 est,
2728 4403 2906 4440 servus
2939 4393 3012 4438 est
3031 4383 3246 4444 Christi.
3292 4382 3467 4434 Pretio

1882 4488 2040 4558 empti
2059 4489 2201 4548 estis,
2231 4502 2294 4540 ne
2321 4484 2615 4555 eﬁiciamini
2641 4483 2777 4536 servi
2795 4481 3084 4535 hominum.
3114 4476 3475 4544 Unusquisque

209 4594 284 4643 τε,
304 4577 386 4647 μὴ
404 4580 644 4650 γίνεσθε
683 4581 892 4636 δοῦλοι
932 4581 1277 4651 ἀνθρώπων.
1313 4584 1613 4648 Ἕκαστος
1632 4584 1700 4637 ἐν
1717 4576 1764 4649 ᾧ

1880 4579 1922 4631 ἔτι
1945 4595 2004 4632 eo
2035 4577 2090 4630 in
2116 4593 2216 4648 quo
2241 4585 2450 4630 vocatus
2477 4583 2574 4638 est,
2610 4577 2826 4644 fratres,
2847 4573 2901 4625 in
2935 4572 3028 4625 hoc
3075 4576 3290 4622 maneat
3327 4565 3471 4633 apud-

205 4669 441 4738 ἐκλήθη,
460 4670 737 4740 ἀδελφοί,
758 4671 830 4726 ἐν
855 4672 1046 4738 τούτῳ
1069 4671 1297 4741 μενέτω
1329 4674 1486 4740 παρὰ
1511 4671 1590 4738 τῷ
1620 4670 1763 4736 Θεῷ,

269 4763 432 4816 Πάλιν
454 4766 487 4834 ἡ
523 4763 662 4834 αὐτὴ
690 4763 993 4834 συμϐουλὴ,
1034 4763 1096 4816 τὸ
1127 4765 1186 4818 ὲν
1215 4765 1325 4826 τοῖς
1374 4764 1557 4828 αὐτοῖς
1619 4759 1778 4824 εἶναι,

210 4853 261 4906 ἐν
285 4851 361 4918 οἷς
378 4855 584 4926 ἐκλήθη
616 4873 719 4920 τις.
746 4857 810 4909 Ei
836 4855 1022 4919 δοῦλος
1056 4854 1131 4909 ὢν
1163 4855 1424 4928 ἐκλήθης,
1483 4857 1558 4926 μὴ
1587 4855 1779 4926 ’,θορυ-

211 4945 316 5010 ϐοὗ,
349 4947 409 5000 ού
441 4945 762 5017 λυμαίνεται
801 4947 938 5018 πρὸς
958 4947 1056 5018 τὴν
1083 4947 1266 5000 πίστιν
1297 4948 1332 5017 ή
1370 4947 1605 5016 δουλεία.
1674 4947 1782 4999 Καὶ

207 5036 447 5091 τοσοῦτον
467 5039 528 5090 ού
548 5037 893 5108 λυμαίνεται,
926 5038 1009 5092 ὅτι
1040 5037 1088 5090 εί
1116 5040 1210 5092 καὶ
1226 5037 1455 5093 δύνασαι
1483 5039 1780 5110 ἐλευθερω-

211 5129 374 5198 θῆναι,
427 5129 627 5201 μᾶλλον
681 5132 786 5203 χρή
850 5148 907 5184 σε
948 5131 1242 5186 δουλεύειν.
1293 5131 1480 5194 Οὕτως
1521 5131 1642 5184 οὐδὲ
1701 5125 1782 5194 εἷς

209 5217 348 5272 ἔσται
372 5237 454 5273 σοι
494 5222 559 5273 ἐκ
605 5219 705 5292 τῆς
737 5221 981 5285 δουλείας
1033 5222 1482 5294 ὲμποδισμός.-
1520 5223 1779 5287 Ἄλλως,

203 5309 400 5384 [ΦΩΤ.]
427 5313 544 5365 Ἵνα
571 5311 646 5383 μὴ
671 5315 784 5376 τοῖς
813 5313 1024 5377 δούλοις
1051 5314 1306 5385 ἐμπόδιον
1335 5314 1472 5385 πρὸς
1500 5313 1598 5386 τὴν
1641 5314 1787 5366 εὐσέ-

199 5405 351 5456 ϐειαν
384 5404 415 5473 ἡ
443 5401 656 5456 δουλεία
682 5405 933 5476 νομισθῇ,
965 5405 1264 5478 διαρρήδην
1296 5407 1480 5476 φησιν,
1514 5407 1594 5460 ὅτι
1626 5407 1784 5461 τοῦτο

206 5493 447 5546 τοσοῦτον
464 5493 655 5563 ἀπέχει
677 5495 770 5547 τοῦ
785 5496 1032 5565 ἐμποδὼν
1050 5495 1209 5562 εἶναι,
1225 5496 1365 5551 ὥστε
1401 5497 1522 5550 οὐδὲ
1545 5498 1784 5569 ὲνξςρρον-

214 5582 462 5641 τίδιεῖναι
508 5586 588 5640 δεῖ
626 5590 756 5657 περὶ
796 5588 988 5658 αὐτῆς.
1019 5607 1038 5641 r
1067 5589 1159 5661 Μὴ
1214 5589 1326 5660 γὰρ
1370 5589 1580 5658 μελέτω
1621 5607 1764 5652 oet,»

217 5681 385 5752 φησὶν,
409 5678 526 5734 ἀλλ’
565 5680 615 5733 εί
673 5680 769 5736 καὶ
813 5681 1042 5736 δύνασαι
1093 5683 1182 5737 διά
1212 5699 1360 5748 τινος
1402 5681 1640 5755 σπουδῆς
1685 5683 1780 5737 καὶ⁹

313 5863 361 5898 ⁹⁶
399 5862 688 5933 Gen.xxv,
727 5861 1013 5932 23;Rom.
1052 5879 1130 5930 ix,
1168 5863 1249 5919 l0.

1885 4669 2078 4724 Deum.

1951 4763 2101 4818 ldem
2137 4776 2329 4817 rursus
2352 4756 2644 4814 consilium
2680 4765 2786 4822 est,
2821 4771 3020 4824 nempe
3049 4763 3107 4807 ut
3131 4754 3183 4806 in
3209 4753 3278 4807 iis
3308 4752 3464 4822 quis-

1882 4869 1989 4924 que
2022 4861 2340 4925 permaneat
2389 4855 2445 4906 in
2520 4849 2724 4920 quibus
2785 4858 3014 4902 vocatus
3068 4857 3170 4900 est.
3233 4845 3287 4900 Si
3341 4859 3466 4897 enni

1881 4959 2077 4999 servus
2099 4959 2252 4999 esses
2283 4951 2510 4998 vocatus
2542 4957 2622 5004 es,
2650 4955 2720 4993 ne
2746 4939 3028 4992 turberise:
3063 4952 3171 4990 non
3198 4934 3372 4989 ollicit
3401 4935 3468 4987 ad

1883 5034 2045 5089 ﬁdem
2084 5034 2343 5096 servitus,
2394 5031 2641 5099 adeoque
2689 5044 2800 5082 non
2865 5026 3033 5081 ollicit
3086 5035 3148 5080 ut
3196 5025 3361 5079 etiam
3422 5023 3477 5077 si.
3582 5078 3591 5085 _

1881 5140 2071 5195 posses
2103 5123 2220 5178 ﬁeri
2247 5123 2407 5185 liber,
2439 5122 2609 5191 magis
2635 5119 2894 5189 expediat
2949 5117 3049 5171 tibi
3097 5101 3327 5170 servire.
3388 5113 3477 5167 lta~

1883 5218 2094 5271 nullum
2171 5217 2272 5271 tibi
2314 5215 2616 5286 'provcnict
2677 5228 2708 5268 e
2763 5212 3031 5266 servitute
3095 5209 3472 5278 impedimen-

1885 5318 2021 5363 tum.
2054 5339 2123 5350 —
2155 5308 2340 5362 Aliud.
2399 5307 2478 5362 Ne
2513 5306 2688 5360 servis
2735 5301 3167 5359 existimeturad
3211 5300 3474 5368 pietatem

1883 5401 2227 5456 olistacnlum
2258 5417 2380 5455 esse
2405 5399 2664 5464 servitus,
2695 5399 2896 5468 palam,
2925 5397 3123 5466 inquit,
3177 5401 3262 5447 est
3317 5389 3472 5459 quod.

1886 5495 1991 5551 hoc
2027 5496 2165 5550 adeo
2218 5510 2328 5548 non
2375 5501 2596 5564 prastat
2658 5491 3142 5562 impedimentum,
3201 5493 3474 5549 utneque

1885 5592 2052 5662 hujus
2075 5603 2260 5643 curam
2287 5587 2489 5642 habere
2527 5595 2800 5657 oporteat,
2850 5584 2930 5638 ait
2975 5581 3162 5635 extim:
3207 5595 3224 5627 ι
3265 5575 3342 5628 Ne
3397 5576 3472 5629 sil

1891 5682 1994 5738 tibi
2026 5696 2216 5751 curas;
2252 5699 2270 5733 ›
2317 5679 2624 5752 quinetiam
2648 5679 2694 5734 si
2723 5679 2882 5748 p'otes
2921 5673 3106 5742 aliquo
3163 5665 3346 5723 studio
3401 5679 3471 5719 ac
