3872 6606
413 438 521 543 7ἓό

1469 426 1871 491 (ECUMENII
1912 426 2207 489 TRICC/E
2248 426 2594 488 EPISCOPI

3552 428 3646 493 736

416 522 548 610 cura
578 552 693 609 ﬁeri
716 552 858 613 liber
889 573 902 604 :
926 551 1045 607 sine
1068 550 1194 616 hoc,
1218 557 1274 604 et
1290 548 1476 620 potius
1499 556 1656 602 utere
1678 547 1946 602 servitute
1972 563 1986 599 :

2110 544 2414 615 ;πιμελείας
2448 514 2730 620 ἐλεύθερος
2759 539 3039 610 γενέσθαι,
3100 541 3164 595 ἔα
3218 540 3379 595 τοῦτο
3440 542 3649 597 καὶκέ-

416 656 474 702 et
506 661 684 716 neque
717 647 790 700 ita
821 645 876 699 in
905 644 1017 698 ullo
1039 643 1152 697 eris
1173 642 1353 696 minor
1380 642 1604 696 domino
1634 658 1649 696 :
1676 641 1986 696 communis

415 738 563 792 enim
591 736 794 792 domini
825 735 1058 789 libertus
1109 748 1169 786 es
1216 733 1359 787 sicut
1404 741 1461 786 et
1522 732 1636 786 ille.
1700 730 1983 801 Siquidem

418 827 728 882 communis
756 824 971 879 Domini
1004 839 1200 877 servus
1226 839 1285 877 es
1311 824 1453 877 sicut
1497 831 1550 875 et
1595 822 1685 877 ille
1737 837 1989 877 rursum-

417 920 768 990 quelihertus
799 919 940 972 sicut
966 917 1091 979 illeK
1111 916 1250 983 Quid
1303 931 1433 987 ergo
1471 931 1659 970 curam
1720 914 1866 985 geris
1918 913 1987 969 de

418 1010 685 1079 corporali
714 1009 1000 1070 servitute,
1028 1023 1150 1077 qua:
1191 1023 1370 1076 neque
1422 1014 1473 1061 te
1505 1006 1780 1070 diminuit,
1810 1020 1987 1075 neque

415 1102 466 1156 ei
493 1102 579 1155 cui
612 1100 851 1154 servitur
908 1102 1084 1171 majus
1114 1101 1393 1170 quidpiam
1415 1099 1568 1154 addit
1598 1118 1612 1154 :
1637 1098 1729 1153 sed
1777 1106 1989 1152 utrum-

415 1206 522 1261 que
584 1174 917 1261 aal‘zequalia
961 1189 1345 1261 consequenda
1388 1192 1611 1262 pramia
1642 1191 1777 1246 nihil
1801 1191 1986 1246 ollieit.

422 1302 443 1336 ι
470 1282 606 1338 Nam
645 1285 740 1354 qui
780 1285 834 1339 in
868 1285 1100 1339 Domino
1134 1293 1361 1338 vocatus
1412 1292 1494 1340 est
1531 1299 1740 1339 servus.
1779 1302 1797 1334 ›
1827 1283 1989 1356 483

413 1375 475 1431 In
522 1375 611 1439 iis,
639 1362 854 1445 inquit,
893 1392 1015 1446 qua:
1053 1375 1337 1432 Christum
1374 1383 1719 1434 concernunt
1755 1376 1991 1446 mqualcs

415 1468 547 1523 estis
569 1478 624 1522 tu
656 1477 894 1538 tuusque
947 1468 1226 1523 dominus.

486 1559 621 1614 Nam
654 1568 711 1613 et
739 1560 830 1614 ille
864 1558 1069 1615 Christi
1096 1576 1289 1615 servus
1331 1570 1449 1616 est:
1504 1561 1638 1631 quin
1694 1562 1878 1632 potius
1935 1571 1993 1617 tu

415 1650 648 1707 iortasse
671 1653 793 1722 plus
824 1652 1015 1716 habes,
1046 1652 1248 1710 Christi
1283 1654 1429 1708 enim
1450 1654 1689 1710 libertus
1704 1670 1782 1718 es,
1818 1655 1995 1726 siqui-

418 1743 541 1797 dem
594 1743 711 1814 ipse
764 1753 817 1799 te
863 1744 1009 1799 omni
1059 1744 1331 1815 spirituali
1386 1746 1651 1800 servitute
1717 1744 1991 1799 liberavit.

423 1835 632 1890 Tamen
699 1852 765 1891 ex
814 1851 1009 1891 vocum
1075 1837 1408 1892 abundantia
1462 1838 1581 1891 vult
1623 1836 1991 1906 aequalitatem

425 1930 717 1985 ostendere
740 1932 886 1986 servi
917 1940 971 1986 et
999 1931 1205 1986 domini
1236 1949 1250 1996 ;
1294 1932 1549 2002 quoniam
1604 1930 1996 1987 omnesliberti

423 2037 615 2077 sumus
637 2021 865 2087 Christi,
899 2024 1202 2077 secundum
1229 2022 1375 2093 quod
1404 2039 1505 2077 nos
1562 2024 1816 2078 liberavit
1842 2039 1871 2089 ξι
1920 2032 2001 2094 ty-

424 2110 654 2166 rannide
683 2111 930 2178 Satanae;
963 2119 1019 2166 et
1057 2112 1201 2167 servi
1252 2111 1457 2167 Christi
1494 2129 1507 2167 :
1554 2129 1679 2183 nam
1723 2128 1848 2168 cum
1898 2128 2003 2168 nos

419 2201 753 2257 reddidisset
812 2201 939 2257 inde
987 2202 1211 2268 liberos,
1257 2204 1359 2257 sub
1414 2204 1699 2273 proprium
1777 2202 2003 2259 adduxit

422 2308 671 2364 regnum.
708 2313 729 2346 ι
766 2293 950 2349 Pretio
993 2294 1164 2363 empti
1213 2294 1367 2358 estis,
1407 2298 1461 2345 Γ
1487 2311 1685 2365 nempe
1736 2300 2001 2368 sanguine

421 2385 699 2457 Unigeniti
742 2387 948 2457 ipsius;
968 2387 1268 2442 cmitenim
1296 2403 1397 2442 nos
1417 2388 1558 2441 Deus
1578 2398 1633 2442 et
1656 2389 1837 2444 Pater.
1877 2411 1893 2443 ι
1922 2393 2001 2447 Ne

422 2477 735 2533 eﬂiciamini
806 2479 950 2533 servi
1034 2478 1343 2531 hominum.
1383 2495 1402 2528 ›
1478 2477 1742 2548 Superius
1822 2481 2001 2537 dixit:

430 2589 450 2622 ι
489 2570 781 2635 Quoniam,
823 2571 867 2626 si
904 2579 1061 2640 potes
1114 2568 1232 2624 ﬁeri
1287 2569 1445 2623 iiber.
1509 2569 1692 2639 potius
1728 2580 1897 2628 «itere
1931 2591 1944 2640 ;
1978 2593 1997 2627 ι

426 2663 723 2718 bicaulem
754 2663 925 2718 dicit:
969 2682 987 2713 ι
1021 2663 1100 2717 Ne
1131 2662 1440 2718 eﬂiciamini
1468 2664 1609 2719 servi
1642 2664 1947 2721 hominum.
1980 2687 1999 2720 ι

424 2750 562 2805 Nam
605 2751 704 2805 hoc
734 2760 789 2805 et
815 2747 1009 2806 liberis
1040 2760 1260 2821 aptatur
1284 2761 1339 2806 et
1359 2754 1554 2809 servis.
1591 2754 1695 2822 Qui
1733 2758 1880 2811 enim
1908 2758 2006 2813 do-

432 2844 584 2898 mino
622 2844 787 2914 impia
825 2855 882 2900 et
924 2846 1163 2901 absurda
1211 2847 1428 2919 jubenti
1490 2864 1599 2904 non
1658 2861 1837 2920 paret,
1889 2869 2004 2907 non

427 2930 663 2986 cﬂieitur
717 2948 913 2990 servus
967 2935 1273 3001 hominum,
1325 2938 1538 2994 etiamsi
1596 2940 1699 2994 sub
1753 2942 1885 3011 jugo
1935 2945 2003 2999 sit

426 3023 711 3080 servitutis
740 3043 754 3079 :
787 3027 910 3080 talis
944 3025 1046 3081 fuit
1082 3028 1304 3098 Ioseph.
1340 3029 1443 3096 Qui
1467 3046 1596 3086 vero
1633 3043 1857 3103 propter
1885 3050 2006 3088 mu-

426 3131 559 3170 nera
602 3126 695 3171 aut
724 3119 933 3173 ventris
974 3120 1365 3188 cxpletionem,
1421 3122 1739 3180 hominibus
1778 3141 1835 3180 se
1884 3128 2006 3181 sub.

2088 655 2260 710 χρησο
2285 638 2488 709 μᾶλλον
2518 638 2586 707 τῇ
2612 616 2847 707 δουλείᾳ.
2866 634 2989 686 Οὐδ’
3013 631 3185 696 οὕτως
3221 632 3379 685 οὐδὲν
3412 630 3652 687 annos-

2092 750 2179 785 σαι
2209 731 2302 784 τοῦ
2338 729 2617 783 δεσπότου.
2661 725 3053 795 ’Δπελεύθερος
3081 723 3210 796 γὰρ,
3245 723 3438 794 ὥσπερ
3476 725 3653 778 κάκεῖ-

2089 842 2200 889 νος,
2217 823 2308 876 τοῦ
2337 822 2515 874 κοινοῦ
2532 820 2827 873 Δεσπότου.
2846 817 3040 880 Δοῦλος
3067 817 3162 887 μὲν
3184 808 3297 886 γᾶρ
3316 811 3367 869 εί
3382 817 3473 869 τοῦ
3490 818 3658 871 κοινοῦ

2090 916 2388 973 Δεσπότου.
2430 914 2620 982 ὥσπερ
2653 913 2926 976 κάκεῖνος,
2953 908 3046 963 καὶ
3076 908 3441 978 ἀπελεύθερος
3489 908 3659 974 πάλιν,

2091 1008 2282 1081 ὥσπερ
2321 1010 2545 1070 ἐκεῖνος.
2565 1005 2630 1058 Τί
2663 1001 2757 1058 οὖν
2795 1020 2878 1056 σοι
2914 1003 3014 1073 τῆς
3038 1001 3353 1072 σωματικῆς
3387 999 3663 1069 μέλεεδοοι-

2090 1101 2262 1168 λείας,
2289 1101 2387 1169 τῆς
2443 1101 2580 1170 μήτε
2616 1097 2676 1152 σὲ
2710 1093 3060 1165 ἐλαττοΰσης,
3113 1094 3251 1164 μήτε
3290 1092 3369 1162 τῷ
3421 1091 3665 1145 δουλευοο

2095 1196 2241 1267 μένῳ
2284 1193 2468 1265 μεῖζόν
2512 1209 2562 1246 τι
2603 1188 3011 1262 προστιθείσης,
3058 1186 3172 1241 ἀλλ’
3211 1184 3451 1256 ἑκάτερα
3503 1182 3666 1255 μηδὲν

2096 1289 2181 1351 είς
2203 1286 2262 1339 τὸ
2281 1287 2462 1356 τυχεῖν
2488 1284 2594 1337 τῶν
2614 1282 2746 1336 ἴσων
2766 1280 3299 1352 παραϐλαπτοῦσηςς
3338 1295 3358 1328 ί
3397 1277 3457 1329 '0
3484 1277 3588 1345 γὰρ
3610 1277 3667 1328 ἐν

2093 1380 2286 1451 Κυρίῳ
2305 1376 2524 1446 κληθεὶς
2553 1374 2758 1439 δοῦλος.
2778 1393 2795 1426 ι
2832 1374 2920 1426 Ἑν
2944 1375 3060 1435 τοῖς
3074 1371 3217 1425 κατὰ
3235 1369 3494 1440 Χριστὸν,
3510 1370 3663 1436 φησι,

2101 1474 2441 1543 πράγμασιν,
2474 1469 2578 1523 τσοι
2615 1467 2761 1533 ἐστὶ,
2790 1468 2854 1521 σὺ
2885 1468 2975 1520 καὶ
3012 1464 3373 1534 ὀδεσπότηςό
3415 1463 3525 1524 σός.

2168 1566 2434 1625 Κάκεῖνος
2467 1562 2569 1633 γὰρ
2593 1560 2779 1625 δοῦλος
2833 1558 3072 1630 Χριστοῦ
3131 1559 3267 1611 ἐστι.
3322 1556 3395 1607 Συ
3421 1555 3480 1608 δὲ
3511 1555 3668 1623 τάχα,

2098 1645 2252 1726 φηὰι,
2290 1657 2384 1708 καὶ
2437 1654 2601 1707 πλέον
2661 1653 2830 1723 ἔχεις.
2880 1639 3271 1717 ’Ᾱπελεύθερος
3317 1648 3427 1719 γὰρ
3462 1643 3513 1699 εἶ
3540 1648 3673 1716 Χριο

2100 1749 2248 1803 στοῦ.
2299 1749 2470 1811 Αὐτὸς
2502 1747 2612 1816 γάρ
2657 1763 2714 1799 σε
2754 1744 2933 1813 πάσης
2969 1743 3167 1812 νοητῆς
3192 1741 3435 1803 δουλεὲας
3459 1737 3674 1810 ἠλευθέ-

2104 1856 2298 1911 ρωσεν.
2336 1840 2529 1909 Ὅμως
2561 1838 2626 1891 ὲκ
2658 1839 2758 1906 τῆς
2802 1835 3119 1907 περιουσίας
3159 1834 3268 1887 τῶν
3299 1832 3503 1898 λέξεων
3540 1830 3674 1883 θέλει
3706 1846 3709 1847 ⁷

2104 1932 2271 1995 δεῖξαι
2322 1931 2382 1984 τὸ
2437 1931 2550 1984 ἴσον
2599 1928 2785 1983 δούλου
2835 1929 2928 1981 καὶ
2973 1926 3255 1989 δεσπότου,
3308 1925 3434 1979 ἐπεὶ
3487 1923 3678 1985 πάντες

2105 2023 2460 2095 ἀπελεύθεροι
2502 2023 2563 2077 τέ
2617 2024 2787 2093 ἐσμεν
2843 2021 3103 2091 Χριστοῦ,
3143 2020 3279 2074 καθὸ
3308 2017 3677 2090 ἠλευθέρωσεν

2105 2119 2252 2189 ἡμᾶς
2276 2117 2377 2187 τῆς
2402 2115 2719 2186 τυραννίδος
2750 2115 2845 2169 τοῦ
2895 2115 3130 2181 Σατανᾶ,
3181 2113 3277 2164 καὶ⁵
3327 2109 3507 2163 δοῦλοι
3557 2111 3679 2179 Χρι-

2106 2207 2254 2271 στοῦ,
2300 2207 2489 2277 ἐπειδὴ
2524 2205 2735 2259 ἐκεῖθεν
2769 2203 3163 2275 ἐλευθερώσας,
3209 2200 3317 2254 ὑπὸ
3347 2199 3448 2269 τὴν
3480 2197 3679 2251 οίκείαν

2104 2301 2275 2370 ἧγαγε
2334 2298 2630 2371 βασιλείαν.
2682 2316 2701 2349 ι
2737 2297 2916 2367 Τιμῆς
2976 2293 3343 2366 ἠγοράσθητε.
3385 2309 3405 2342 ι
3444 2289 3542 2359 Τῷ
3583 2289 3680 2359 γὰρ

2104 2391 2295 2459 αἵματι
2351 2390 2446 2442 τοῦ
2501 2389 2840 2455 Μονογενοῦς
2896 2387 3083 2451 αὐτοῦ,
3143 2385 3423 2455 ἠγόρασεν
3467 2382 3613 2451 ἡμᾶς
3650 2380 3676 2432 ό

2103 2481 2237 2544 Θεὸς
2256 2482 2349 2534 καὶ
2385 2481 2595 2552 Πατήρ.
2630 2498 2649 2532 ι
2684 2480 2777 2550 Μὴ
2816 2477 3028 2547 γίνεσθε
3078 2476 3256 2530 δοῦλοι
3297 2472 3621 2543 ἀνθρώπων.
3654 2489 3673 2524 ι

2109 2576 2257 2628 Ἀνω
2300 2570 2470 2639 εἶπεν,
2508 2593 2527 2627 ι
2561 2572 2688 2626 Ἐὰν
2713 2572 2805 2645 καὶ
2831 2571 3055 2625 δύνασαι
3077 2569 3366 2638 ἐλεύθερος
3403 2565 3673 2635 γενέσθαι,

2109 2667 2310 2739 μᾶλλον
2351 2667 2576 2737 χρῆσαι·
2617 2684 2636 2718 ι
2675 2663 2910 2718 ἐνταῦθα
2942 2663 2998 2715 δὲ
3048 2663 3217 2731 λέγει,
3277 2680 3296 2713 ι
3324 2660 3417 2729 Μὴ
3471 2655 3674 2726 γίνεσθε

2104 2757 2281 2813 δοῦλοι
2314 2755 2640 2825 ἀνθρώπων.
2672 2774 2692 2808 ι
2733 2753 2905 2807 Τοῦτο
2934 2753 3044 2825 γὰρ
3074 2750 3330 2820 καὶπρὸς
3367 2747 3675 2816 ἐλευθέρους

2107 2850 2203 2903 καὶ
2268 2849 2408 2918 πρὸς
2466 2847 2685 2911 δούλους
2745 2845 2996 2916 ἁρμόζει.
3044 2844 3103 2898 '0
3155 2843 3264 2913 γὰρ
3311 2841 3393 2911 τῷ
3449 2839 3674 2907 δεσπότῃ

2107 2943 2284 2997 ἄτοπα
2315 2943 2412 2995 καὶ
2440 2940 2612 3013 ἀσεὸῆ
2647 2939 2992 2993 ἐπιτάττοντι
3025 2937 3100 3008 μὴ
3146 2937 3332 2997 εῐκων,
3374 2934 3439 2986 οὐ
3475 2931 3674 2999 γίνεται

2106 3034 2290 3097 δοῦλος
2343 3034 2670 3104 ἀνθρώπων,
2708 3032 2810 3085 κᾶν
2838 3031 2947 3085 ὑπὸ
2977 3030 3141 3099 ζυγὸν
3239 3027 3512 3086 δουλείας.
3564 3025 3677 3076 Τοι-

2111 3127 2268 3190 οῦτος
2316 3122 2384 3196 ἦν
2409 3126 2435 3178 ὁ
2463 3125 2684 3195 Ἰωσήφ.
2706 3124 2764 3177 Ὁ
2794 3123 2851 3177 δὲ
2872 3123 2961 3176 διὰ
2989 3122 3157 3193 δῶρα,
3186 3121 3217 3191 ἢ
3240 3115 3675 3189 γαστριμαργίαν

420 3204 544 3277 jicit
574 3206 642 3259 ad
681 3207 920 3262 absurda
948 3208 1275 3273 ministeria,
1308 3226 1502 3268 servus
1547 3224 1632 3268 est
1691 3215 2000 3284 hominum,

2112 3221 2406 3292 ὑπουργῶν
2480 3218 2789 3290 ἀνθρώποις
2855 3218 2993 3289 πρὸς
3058 3216 3293 3278 ἀτόπους
3354 3210 3675 3304 ὑπηρεσίας,

426 3311 757 3366 quamquam
812 3299 955 3355 liber
1007 3316 1127 3355 esse
1181 3302 1487 3360 videatur:
1544 3305 1687 3360 hanc
1743 3308 2002 3377 prohibet

425 3390 920 3455 servitutem,‘non
965 3408 1085 3447 eam
1138 3410 1260 3464 quas
1302 3405 1564 3469 consueta
1611 3407 1697 3453 est
1734 3409 1790 3454 et
1846 3401 2002 3471 juxta

427 3481 576 3553 leges
596 3484 881 3538 humanas.
912 3485 1047 3539 Nam
1076 3486 1180 3541 hac
1209 3489 1480 3544 servitute
1533 3492 1839 3562 subjectum
1881 3508 2002 3550 esse

428 3582 486 3628 et
515 3575 894 3644 obtemperare
921 3578 1127 3647 ubique
1158 3579 1439 3636 admonet.

507 3686 619 3751 Vl],
647 3687 839 3743 95-28.
874 3688 953 3743 De
985 3690 1278 3761 virginibus
1334 3702 1512 3748 autem
1546 3706 1866 3768 prwceptum
1895 3698 2005 3752 Do-

434 3777 563 3830 mini
597 3793 701 3830 non
728 3778 910 3844 habeo,
936 3781 1217 3836 consilium
1257 3790 1434 3838 tamen
1457 3786 1521 3839 do
1559 3797 1819 3858 tanquam
1854 3794 2006 3845 mise-

433 3869 719 3923 ricordium
757 3881 1063 3927 consecutus
1113 3892 1145 3929 a
1199 3874 1444 3939 Domino,
1480 3886 1538 3932 ut
1591 3897 1753 3934 essem
1804 3883 1999 3949 fidelis.

334 4038 339 4045 .
433 3959 675 4014 Arbitror
688 3963 848 4033 igitur
864 3967 957 4017 hoc
973 3965 1163 4019 bonum
1192 3983 1300 4021 esse
1318 3968 1378 4021 ob
1399 3981 1705 4041 prmsentem
1727 3977 2007 4030 necessita-

397 4122 401 4127 ε
437 4063 561 4107 tem.
579 4053 717 4108 Nam
734 4057 924 4110 bonum
941 4068 1015 4110 est
1033 4060 1313 4113 hominisic
1331 4078 1459 4117 esse.
1484 4062 1744 4134 Alligatus
1757 4082 1809 4119 es
1828 4067 2002 4132 uxori,

433 4163 499 4200 ne
515 4163 724 4218 quwras
747 4148 1060 4205 solutionem
1084 4151 1321 4215 ,‘solutus
1349 4171 1401 4208 es
1431 4155 1493 4209 ab
1520 4142 1701 4217 uxore‘,
1720 4175 1783 4211 ne
1798 4174 2005 4228 quwras

430 4244 994 4309 uxorem.Attamen,si
1019 4243 1235 4298 duxeris
1262 4262 1604 4312 uxoremmon
1619 4251 1866 4315 peccasti;
1888 4261 1935 4303 et
1960 4252 2007 4305 si

433 4338 669 4404 nupserit
708 4336 874 4406 virgo,
916 4353 1020 4390 non
1055 4338 1331 4407 peccavit:
1362 4338 1693 4409 afﬂictionem
1741 4349 1917 4396 tamen
1950 4343 2005 4396 in

432 4443 593 4481 carne
640 4428 895 4483 habebunt
938 4430 1254 4500 Imjusmodi.
1288 4428 1396 4499 Ego
1450 4438 1620 4484 autem
1652 4432 1792 4487 vobis
1826 4451 2004 4503 parco.

501 4519 770 4588 Quoniam
795 4520 862 4575 ad
901 4523 1160 4585 maiorem
1190 4520 1339 4575 venit
1369 4521 1700 4589 doctrinam,
1731 4524 1887 4580 timet
1937 4525 2004 4579 il-

2110 3313 2293 3378 δοῦλός
2327 3315 2475 3367 ἔστιν
2531 3310 2856 3384 ἀνθρώπων,
2893 3309 2997 3363 κᾶν
3041 3307 3324 3378 ἐλεύθερος
3355 3299 3501 3358 εἶναι
3534 3303 3675 3370 δοκῇ.

2110 3404 2327 3470 Ταύτην
2370 3403 2708 3474 ἀπαγορεύει
2765 3402 2864 3473 τὴν
2916 3400 3183 3463 δουλείαν,
3231 3398 3293 3451 οὗ
3346 3396 3449 3468 τὴν
3482 3393 3675 3463 συνήθη
3752 3408 3764 3429 ο

2110 3497 2205 3552 καὶ
2230 3497 2649 3567 νενομισμένην.
2696 3495 2913 3565 Ἐκεξνῃ
2950 3492 3060 3563 γὰρ
3093 3494 3158 3561 τῇ
3194 3489 3413 3560 δουλείᾳ
3446 3486 3675 3540 ὑποτάσ-

2113 3588 2303 3645 σεσθαι
2324 3591 2419 3644 καὶ
2448 3589 2618 3643 εῐκειν
2652 3586 2927 3657 πανταχοῦ
2955 3587 3227 3658 παραινεῖ.

2184 3703 2320 3773 Περὶ
2358 3702 2424 3756 δὲ
2472 3700 2589 3756 τῶν
2639 3699 2953 3769 παρθένων
2999 3695 3291 3765 ἐπιταγὴν
3318 3694 3544 3762 Κυρίου
3576 3691 3673 3745 οὐκ

2111 3772 2522 3866 ἔχωςγνώμην
2539 3793 2606 3847 δὲ
2627 3792 2833 3861 δίδωμι
2866 3792 2938 3857 ὡς
2970 3788 3303 3858 ἠλεημένος
3326 3787 3444 3840 ὑπὸ
3467 3784 3676 3851 Κυρίου
3732 3772 3735 3781 ’

2112 3888 2327 3954 πιστὸς
2362 3883 2534 3941 εἶναι.
2569 3882 2791 3953 Νομίζω
2812 3879 2925 3937 οὖν
2955 3881 3127 3935 τοῦτο
3157 3879 3351 3934 καλὸν
3374 3875 3676 3944 ὑπάρχειν,

2112 3981 2208 4034 διὰ
2236 3975 2721 4047 τὴν-ἐνεστῶσαν
2748 3975 3040 4042 ἀνάγκην,
3076 3973 3162 4025 ὅτι
3185 3971 3379 4025 καλὸν
3402 3967 3678 4036 ἀνθρώπῳ

2112 4072 2178 4125 τὸ
2206 4071 2392 4136 οὕτως
2420 4066 2593 4123 εἶναι.
2620 4067 2867 4122 Δέδεσαι
2890 4063 3148 4135 γυναικί,
3172 4062 3256 4133 μὴ
3284 4060 3444 4127 ζήτει
3467 4060 3673 4113 λύσιν·

2111 4146 2369 4216 λέλυσαι
2406 4159 2523 4213 ἀπὸ
2563 4158 2869 4230 γυναικὸς,
2910 4154 2997 4224 μὴ
3047 4153 3201 4223 ζήτει
3232 4152 3511 4223 γυναῖκα.
3551 4146 3675 4203 Ἐὰν

2112 4253 2181 4307 δὲ
2233 4253 2331 4306 καὶ
2388 4250 2606 4323 γήμῃς,
2646 4252 2760 4319 οὐχ
2820 4248 3093 4317 ἥμαρτες.
3136 4244 3235 4298 καὶ
3287 4244 3399 4297 ἐὰν
3435 4240 3593 4309 γήμῃ
3640 4238 3673 4304 ἦ

2112 4347 2430 4417 παρθένος,
2464 4345 2576 4410 οὐχ
2609 4341 2853 4409 ἥμαρτε.
2915 4340 3137 4406 autem
3159 4336 3229 4390 δὲ
3266 4336 3335 4389 ἐν
3380 4332 3458 4403 τῇ
3510 4330 3675 4400 σαρκί

2112 4438 2364 4502 ἕξουσιν
2385 4439 2437 4490 ol
2464 4433 2736 4489 τοιοῦτοι.
2781 4430 2930 4502 Ἐγὼ
2955 4430 3023 4483 δὲ
3053 4426 3219 4497 ὑμῶν
3248 4425 3545 4497 φείδομαι.

2185 4531 2405 4602 Ἐπειδὴ
2459 4531 2539 4592 είς
2598 4528 2818 4598 μείζονα
2890 4522 3210 4595 φιλοσοφίαν
3276 4520 3518 4590 ἔρχεται,
3592 4529 3678 4584 φο-

431 4610 538 4665 lam
575 4626 711 4680 pure
746 4610 1019 4679 nudisque
1064 4609 1249 4664 verbis
1282 4610 1500 4680 jubere,
1558 4627 1745 4666 casum
1795 4614 2000 4670 veritus

2110 4625 2280 4677 δεῖται
2339 4622 2471 4676 αὐτὸ
2545 4619 2801 4689 καθαρῶς
2881 4614 3172 4681 ἐπιτάξαι,
3242 4612 3343 4682 τὴν
3390 4605 3675 4676 ἀποτυχίαν

431 4719 622 4758 eorum
671 4704 765 4774 qui
805 4702 1259 4774 aggrederentur,
1316 4699 1525 4756 idcirco
1576 4718 1686 4756 non
1741 4712 2001 4775 tanquam

433 4804 794 4866 praeceptum,
855 4794 950 4850 sed
1003 4795 1159 4866 quasi
1205 4795 1497 4849 consilium
1553 4795 1719 4849 tradit
1746 4796 1903 4849 illud.
1938 4828 2006 4839 -

433 4887 558 4941 [hec
586 4897 767 4942 autem
794 4904 914 4958 qucc
932 4887 999 4943 de
1030 4888 1337 4960 virginibus
1373 4897 1535 4949 sunt,
1561 4887 1880 4960 diligentius
1920 4889 2006 4944 in-

435 4990 770 5049 terpretatus
804 4990 908 5045 est,
954 4988 1016 5035 ut
1044 4983 1136 5051 qui
1175 4982 1389 5053 integro
1429 4981 1710 5037 volumine
1754 4984 2005 5038 exactius

437 5070 539 5124 bac
566 5069 634 5125 de
666 5087 724 5124 re
753 5070 1101 5133 disseruerit,
1127 5082 1182 5127 et
1208 5072 1283 5127 ibi
1306 5074 1702 5129 animadverte.
1737 5076 1847 5144 Ego
1879 5090 2009 5130 vero

435 5179 559 5232 quae
606 5163 780 5234 gratia
813 5163 905 5216 Dei
958 5173 1244 5218 assecutus
1298 5182 1418 5220 sum
1463 5167 1787 5236 conscripsi.
1845 5166 2011 5240 484

439 5275 457 5307 ι
497 5255 779 5323 Tanquam
814 5255 1247 5309 misericordiam
1279 5268 1606 5312 consecutus
1636 5275 1663 5312 a
1695 5261 1947 5318 Domino.
1988 5279 2006 5311 ι

433 5346 890 5411 Misericordiam,
920 5347 1122 5417 inquit,
1159 5361 1489 5405 consecutus
1518 5360 1575 5405 ut
1605 5367 1782 5405 essem
1808 5352 2005 5416 ﬁdelis,

433 5448 566 5512 puta
622 5454 801 5509 prch
845 5454 942 5494 seu
1004 5440 1379 5509 concionator,
1437 5443 1703 5512 daturque
1767 5444 2005 5500 consilii.

439 5554 457 5586 ι
491 5535 745 5590 Arbitror
771 5534 937 5604 igitur
960 5533 1066 5589 hoc
1108 5534 1314 5589 bonum
1344 5551 1515 5590 esse.»
1550 5536 1684 5592 Vide
1717 5552 1847 5605 ergo
1869 5553 2012 5606 quo-

435 5627 598 5682 modo
626 5634 894 5697 temperet
918 5635 1252 5697 praeceptum
1279 5642 1345 5681 ex
1374 5628 1699 5682 necessitate
1727 5637 2005 5682 exortum.

441 5740 459 5772 ι
494 5721 766 5784 Arbitror,
810 5738 827 5772 ι
857 5718 1055 5789 inquit,
1091 5718 1387 5788 quidnam?
1410 5719 1553 5788 quod
1576 5719 1780 5774 bonum
1802 5719 1872 5773 sit
1893 5719 2011 5773 sine

449 5816 711 5887 coniugio
735 5832 880 5891 esse,
903 5826 1132 5887 propter
1155 5815 1504 5871 dimeullates
1541 5832 1660 5885 qua:
1687 5816 1741 5869 in
1772 5829 1838 5869 eo
1859 5821 2011 5880 sunt,

441 5905 691 5977 malaque
734 5892 1079 5978 nuptiarum.
1130 5926 1149 5960 ι
1211 5906 1283 5963 0b
1333 5918 1661 5977 praesentem
1712 5905 2015 5963 necessita-

2107 4717 2217 4770 τῶν
2256 4713 2563 4785 μετιόντων·
2588 4709 2869 4773 δεδοικώς.
2908 4706 3005 4761 Διά
3036 4704 3197 4760 τοῦτο
3229 4704 3326 4772 οὐχ
3381 4700 3458 4763 ὡς
3504 4699 3675 4751 ἐπιτα-

2107 4812 2230 4882 γὴν,
2267 4809 2383 4863 ἀλλ’
2404 4809 2478 4871 ὡς
2510 4805 2817 4877 συμὸουλὴν
2847 4804 3029 4858 δίδωσι
3050 4829 3123 4842 —-
3155 4793 3498 4873 [OIKOYMJ
3531 4793 3607 4846 Τὰ
3625 4789 3673 4842 δὲ

2111 4906 2240 4975 περὶ
2260 4903 2368 4957 τῶν
2419 4902 2703 4972 παρθένων
2739 4900 2864 4952 τάδε
2898 4889 3670 4966 ὲμμελέστερονήρμὴνευσεν,

2110 4996 2183 5055 ὡς
2215 4998 2272 5048 ὲν
2301 4993 2604 5064 μονοὸίόλῳ
2637 4991 3032 5062 ἀκριϐέστερον
3074 4984 3203 5055 περὶ
3260 4982 3452 5035 τούτου
3500 4976 3672 5031 διαλα-

2110 5088 2243 5150 ϐὼν,
2275 5088 2367 5140 καὶ
2397 5088 2514 5139 ἐκεῖ
2546 5085 2805 5153 πρόσχες.
2855 5079 3000 5148 Ἐγὼ
3022 5078 3076 5132 δὲ
3110 5076 3179 5129 τὰ
3209 5076 3396 5146 χάριτι
3428 5070 3558 5123 Θεοῦ
3585 5070 3673 5120 ἐπ⁸

2111 5174 2333 5229 ελθόντα
2367 5191 2456 5244 μοι
2486 5170 2722 5243 ἔγραψα.
2765 5189 2783 5222 ι
2817 5170 2904 5232 Ὠς
2928 5168 3231 5238 ἠλεημένος
3266 5164 3370 5218 ὑπὸ
3399 5162 3617 5232 Κυρίου.
3648 5174 3665 5207 ι

2123 5265 2475 5337 ’ίίλεημένος,
2509 5263 2696 5335 φησὶν,
2739 5263 2819 5325 είς
2850 5261 2911 5313 τδ
2948 5256 3087 5313 εἶναι
3117 5257 3330 5319 πιστὸς,
3362 5248 3475 5308 οἷον
3510 5246 3670 5320 κῆρυξ

2114 5359 2205 5411 καὶ
2255 5357 2621 5428 γνωμοδότης.
2684 5351 2953 5425 «Νομίζω
3009 5351 3102 5406 οὖν
3158 5349 3316 5403 τοῦτο
3374 5346 3532 5400 καλὸν
3580 5343 3672 5394 ὑπ·

2113 5450 2325 5520 ἀρχειν.
2358 5469 2377 5502 ο
2415 5450 2558 5517 Ὅρα
2586 5447 2748 5501 πάλιν
2783 5445 2900 5508 πῶς
2933 5443 3033 5513 τὴν
3056 5443 3113 5507 ea
3138 5442 3383 5509 ἀνάγκης
3422 5434 3669 5503 ἐπιταγὴν

2115 5541 2357 5605 κολάζει.
2386 5559 2403 5591 ι
2437 5539 2685 5607 Νομίζω,
2722 5555 2740 5589 s
2778 5534 2932 5604 φησί.
2970 5533 3035 5587 Τί
3065 5550 3080 5598 ;
3109 5533 3231 5585 Ὅτι
3283 5529 3446 5584 καλὸν
3466 5525 3521 5579 τδ
3552 5526 3667 5578 ἄνευ

2115 5633 2296 5703 γάμου
2328 5628 2489 5695 εἶναι,
2525 5630 2610 5685 διὰ
2640 5630 2737 5692 τὰς
2767 5632 2825 5682 ὲν
2857 5625 3007 5696 αὐτῷ
3035 5623 3346 5688 δυσκολίας,
3377 5621 3468 5676 καὶ
3486 5618 3550 5670 τὰ
3584 5614 3667 5668 τοῦ

2115 5724 2295 5796 γάμου
2319 5724 2486 5778 κακά.
2518 5741 2535 5774 ι
2568 5721 2666 5775 Διὰ
2697 5721 2795 5792 τὴν
2826 5716 3135 5772 ἐνεστῶσαν
3155 5710 3667 5786 ἀνάγκηνηέ-’Ἃλ-

2114 5820 2258 5884 λως.
2285 5813 2484 5890 [ΦΩΤ.]
2537 5815 2643 5868 Τὸν
2677 5812 2919 5883 διωγμὸν
2948 5806 3101 5880 οἶμαι
3151 5808 3333 5878 λέγειν
3380 5803 3532 5860 αὐτδν
3583 5802 3663 5851 ἓν·

2115 5909 2311 5979 ταῦθα,
2333 5908 2424 5965 τὸν
2453 5908 2562 5964 ἀπὸ
2590 5908 2697 5964 τῶν
2728 5905 2972 5961 ἀπίστων
3004 5902 3115 5967 τοῖς
3158 5902 3369 5965 πιστοῖς
3398 5900 3660 5952 smne“.
