3872 6552
217 388 299 454 Ἰῑρτ
926 464 932 475 Ι
1094 395 1481 458 COMMENT.
1526 398 1608 459 ΙΝ
1641 400 1881 475 EPIS'I’.
1892 404 1953 469 ,1
1990 406 2090 467 AD
2118 407 2486 475 CORINTH.

3332 420 3439 485 738

216 498 434 569 νόμενον,
489 498 586 581 καὶ
626 499 727 563 τὰς
778 464 944 566 ἄλλας
989 502 1255 576 ἐπηρείας
1311 505 1406 558 καὶ
1464 464 1731 570 κακώσεις

1867 519 1997 565 tem.
2043 532 2063 565 ι
2099 513 2282 569 Aliud.
2309 515 2518 587 Opinor
2546 531 2672 573 eum
2709 518 2814 576 hoc
2844 519 2966 577 loco
2992 526 3438 592 persecutionem

213 589 266 652 ἃς
297 576 575 655 ὑπέμενον.
607 588 777 643 Τοῦτο
813 589 922 662 γὰρ
949 592 1241 649 ἀκόλουθον
1272 596 1577 652 ἐνεστῶσαν
1624 598 1759 654 ἀνά-

212 699 329 752 γκην
351 680 511 733 αὑτὸν
545 681 752 737 καλεῖν.
783 682 1003 755 Ἐπειδὴ
1047 688 1154 759 γὰρ
1186 688 1512 760 παραίνεσιν
1538 690 1751 761 ὑψηλὴν

211 775 286 828 καὶ
307 773 542 844 μεγάλην
566 773 799 845 ἠθέλησε
828 778 1182 846 ποιήσασθαι,
1219 780 1355 849 μετὰ
1383 784 1758 853 περιστάσεως

210 865 360 929 ἔδοξεν
411 865 582 936 αὐτὴν
624 869 889 936 εἰσάγειν.
940 870 1140 938 Καλὸν,
1190 873 1374 942 φησὶν,
1404 875 1436 944 ή
1471 874 1752 944 παρθενία,

209 961 286 1014 καὶ
341 959 427 1014 διὰ
488 960 587 1032 τὴν
644 963 949 1016 ἐνεστῶσαν
1016 964 1124 1017 τῶν
1187 965 1504 1036 πειρασμῶν
1562 968 1754 1035 φοράν.

213 1054 353 1125 Ῥᾷον
379 1054 489 1125 γὰρ
516 1054 611 1108 καὶ
642 1055 994 1127 ἀκοπώτερον
1022 1056 1228 1129 ταύτην
1275 1060 1515 1129 οἴσομεν,
1561 1060 1594 1130 ἢ
1654 1076 1754 1128 γυ-

204 1149 373 1210 ναῖκας
405 1144 501 1199 καὶ
526 1145 691 1200 τέκνα
726 1149 782 1199 ἐν
808 1147 1070 1218 διωγμοῖς
1099 1150 1192 1203 καὶ
1223 1150 1445 1220 μυρίαις
1474 1151 1751 1205 ταλαιπιιι.

205 1238 331 1309 ρίαις
380 1239 830 1309 συνεπαγόμενοι.
907 1241 1437 1313 Καταμεριζομένης
1512 1244 1620 1323 γὰρ
1673 1244 1753 1309 εἰς

202 1330 352 1385 πολλὰ
378 1330 522 1400 πάθη
574 1332 669 1402 τῆς
692 1332 895 1403 ψυχῆς,
932 1335 990 1388 ἐν
1022 1336 1279 1407 ἀφορήτῳ
1327 1336 1481 1407 κακῷ
1537 1340 1751 1412 ἀνάγκη

203 1422 689 1493 καταδαπτισϋῆναι
725 1424 816 1477 τὸν
852 1424 1141 1495 ἄνθρωπον
1165 1443 1180 1458 ο
1208 1428 1367 1497 μόνον
1395 1429 1449 1481 δὲ
1480 1428 1628 1493 ὄντα,
1657 1433 1752 1484 καὶ

201 1518 297 1577 τοῖς
325 1514 522 1585 ἐτέρων
556 1515 755 1571 πάθεσι
785 1519 859 1588 μὴ
880 1520 1375 1590 κατατεμνόμενον,
1407 1523 1635 1593 εὐχερὲς
1651 1526 1752 1595 τῆς

199 1608 293 1660 τῶν
325 1605 503 1661 κακῶν
535 1608 940 1680 ὑπερανασχεῒν
988 1612 1304 1683 τρικυμίας.
1362 1609 1493 1667 Εἶτα
1542 1615 1629 1669 ἵνα
1675 1618 1748 1689 μή

198 1717 269 1764 τις
316 1699 475 1773 εἴπῃι
509 1701 719 1755 Οὐκοῦν
790 1703 886 1757 καὶ
927 1704 955 1756 ὀ
1009 1704 1221 1773 φθάσας
1276 1708 1440 1777 γάμῳ
1491 1709 1749 1778 κοινωνῆ-

199 1778 297 1857 cat,
335 1793 555 1862 ἄμεινον
615 1795 833 1865 ποιήσει
890 1794 1035 1851 λύων
1083 1797 1176 1850 τὸν
1229 1798 1430 1867 γάμον,
1477 1799 1744 1868 ἐπήγαγε,

192 1884 268 1953 Μὴ
320 1885 541 1953 γένοιτο.
618 1886 794 1939 Τοῦτο
893 1889 1001 1959 γὰρ
1086 1887 1238 1959 δηλοῖ
1278 1889 1365 1944 διὰ
1406 1891 1500 1944 τοῦ
1547 1893 1742 1955 εἰπεῖν,

196 1992 212 2025 ι
240 1973 448 2027 Δέδεσαι
478 1976 718 2041 γυναικὶ.
757 1976 831 2045 μὴ
874 1975 1028 2046 ζήτει
1055 1975 1229 2031 λύσιν.
1269 1996 1290 2030 ι
1348 1977 1492 2029 Ἀλλ’
1534 1977 1743 2049 ῶσπερ,

190 2064 355 2133 φησιν,
384 2065 412 2117 ὀ
438 2064 721 2134 δεδεμένος
759 2067 859 2119 οὐκ
901 2066 1110 2135 ὀφείλει
1140 2067 1296 2129 λύσιν
1329 2067 1533 2138 ζητεῖν,
1570 2067 1744 2133 οὕτως

185 2157 291 2209 οῦδὲ
324 2158 351 2210 ὀ
403 2156 694 2226 λελυμένος
725 2155 923 2226 δεσμὸν
958 2156 1137 2227 ἐαυτῷ
1183 2156 1389 2223 ὀφείλει
1449 2160 1739 2228 περινοεῖν.

185 2245 249 2301 τὸ
288 2246 361 2311 δὲ,
421 2248 729 2313 «Λέλυσαι,
760 2265 783 2297 ι
831 2247 995 2318 διχῶς
1049 2247 1199 2300 ἔστιν
1251 2247 1525 2312 ἐκλαϐεῖνς
1579 2247 1611 2319 ἢ
1661 2247 1741 2300 ὅτι

182 2338 331 2393 Οὔπω
346 2340 482 2404 ὅλως
511 2342 722 2411 tatem,
750 2342 783 2413 ἢ
812 2342 893 2395 ὅτι
945 2341 1264 2409 Λυθεὶς·ἁφ⁹
1302 2337 1364 2395 οὗ
1417 2340 1604 2412 ἐδέθης
1647 2341 1737 2394 δε-

181 2430 322 2500 σμοῦ,
346 2433 441 2485 οὐκ
469 2432 704 2503 ὀφείλεις
733 2432 875 2502 ἄλλῳ
908 2432 1169 2502 γυναικὸς
1208 2432 1393 2503 δεσμῷ
1430 2431 1592 2486 πάλιν
1616 2450 1740 2486 συν-

175 2522 402 2593 δεθῆναι.
469 2543 489 2577 ι
521 2526 613 2594 Μὴ
666 2524 821 2596 ζήτει
880 2525 1059 2597 λύσιν.
1100 2544 1120 2577 ο
1182 2524 1402 2595 Ἐπειδὴ
1440 2520 1561 2579 εἷπε
1612 2526 1739 2597 περὶ

176 2615 479 2686 παρθενίας,
515 2616 773 2681 δεδοικὼς
804 2596 1004 2682 αὐτους
1054 2618 1131 2684 ὡς
1176 2619 1540 2690 ἀστηρίκτους
1577 2621 1650 2691 μή
1680 2638 1733 2674 τι

174 2703 517 2773 Θορυδηθῶσι,
573 2709 854 2779 συντρέχει
911 2708 1006 2762 τὸν
1045 2710 1243 2779 γάμον.
1284 2710 1509 2782 Σννᾲδει
1537 2710 1594 2763 δέ
1623 2714 1736 2773 τοῖς

172 2797 272 2850 ἄνω
323 2798 647 2868 εἰρημένοις.
700 2799 872 2853 Λύσιν
919 2800 1030 2871 γὰρ
1087 2800 1346 2867 ἐνταῦθα,
1394 2803 1457 2856 οὐ
1511 2802 1613 2873 τὴν
1669 2803 1733 2855 ἐκ

174 2890 475 2958 συμφωνίας
525 2891 738 2963 ἀποχὴν
795 2893 896 2962 τῆς
959 2892 1158 2960 μίξεως
1209 2893 1385 2963 λέγει,
1443 2894 1581 2948 ἀλλὰ
1633 2893 1732 2964 τὴν

116 3038 131 3049 ,
170 2982 305 3050 παρά
351 2980 572 3053 γνώμην
619 2985 713 3037 καὶ
763 2983 894 3038 ἄνευ
945 2985 1105 3053 λόγου
1157 2985 1436 3056 πορνείας,
1485 2986 1731 3040 διάλυσιν

168 3070 253 3123 τοῦ
281 3073 720 3144 συναλλάγματος
753 3088 770 3105 ·
805 3075 864 3128 τὸ
908 3075 985 3141 δὲ,
1039 3076 1289 3145 μένοντος
1320 3076 1416 3128 τοῦ
1460 3076 1729 3144 ἀνδρογύ-

1862 602 2074 668 dicere,
2114 621 2236 675 qua:
2269 609 2338 663 ab
2374 609 2675 666 incredulis
2718 612 3110 670 intendebatur
3161 617 3436 688 ﬁdelibus,

1860 703 2197 765 meterasque
2227 701 2640 768 persecutiones
2660 713 2717 756 et
2749 702 3078 760 afﬂictiones
3099 720 3238 776 quas
3264 711 3437 764 susti-

1858 787 2086 842 nebant.
2121 789 2256 843 Nam
2287 805 2633 862 consequens
2660 803 2780 847 erat
2804 804 2864 848 ut
2901 795 3008 850 hoc
3034 807 3259 852 vocaret
3297 814 3437 868 prze-
3496 816 3501 821 ·

1860 889 2075 934 sentem
2102 881 2511 939 necessitatem.
2543 884 2682 939 Cum
2706 886 2853 940 enim
2884 887 3174 944 sublimem
3202 907 3267 946 ac
3322 907 3438 946 ma-

1860 980 2023 1035 gnam
2087 966 2356 1023 voluisset
2396 971 2615 1027 tradere
2669 973 3123 1043 admonitionem,
3166 981 3318 1034 visus
3348 993 3436 1038 est

1858 1055 2008 1109 illam
2030 1071 2099 1109 ex
2119 1059 2386 1126 temporis
2408 1061 2825 1117 circumstantia
2851 1064 3146 1122 deducere.
3173 1068 3322 1124 Bona
3343 1086 3433 1127 res

1858 1144 2057 1215 inquit.
2089 1155 2173 1202 est
2200 1147 2491 1217 virginitas
2520 1150 2590 1204 ob
2631 1162 2957 1220 prmsentem
2989 1171 3209 1227 quoque
3253 1158 3433 1214 afﬂic-

1858 1238 2069 1291 tionum
2102 1239 2390 1308 impetum.
2415 1241 2549 1295 Nam
2578 1241 2796 1298 facilius
2817 1253 2873 1297 et
2900 1246 3019 1299 sine
3044 1247 3432 1319 defatigatione

1857 1328 2005 1386 hunc
2047 1330 2311 1398 feremus,
2348 1348 2513 1402 quam
2568 1333 2614 1389 si
2648 1350 2849 1390 uxores
2891 1354 2956 1391 ac.
2991 1338 3131 1393 ﬁlios
3158 1340 3212 1393 in
3246 1356 3434 1410 perse-

1855 1421 2195 1487 cutionibns,
2218 1424 2633 1495 innumerisque
2658 1428 2904 1481 miseriis
2941 1431 3228 1499 adjunctus
3260 1433 3431 1488 habe-

1854 1529 2061 1569 remus.
2118 1516 2426 1585 Siquidem,
2454 1517 2631 1571 divisa
2662 1518 2720 1573 in
2756 1520 2942 1574 varios
2964 1521 3196 1577 allectus
3224 1525 3428 1590 anima,
3503 1546 3507 1550 '

1851 1616 2079 1657 necesse
2108 1613 2195 1657 est
2248 1613 2310 1659 ut
2340 1605 2506 1659 homo
2550 1606 2606 1660 in
2653 1607 2797 1661 malo
2841 1608 3173 1665 intolerabili
3210 1611 3429 1667 demer-

1853 1704 2014 1764 gatur
2056 1714 2069 1749 :
2113 1711 2239 1750 cum
2291 1705 2475 1761 tamen
2522 1699 2569 1753 si
2638 1701 2791 1754 solus
2835 1710 3002 1766 esset,
3048 1717 3151 1757 nec
3193 1703 3428 1759 aliorum

1852 1796 2077 1851 quoque
2115 1785 2631 1849 perturbationibus
2658 1789 3117 1855 contunderetur,
3149 1792 3308 1847 facile
3336 1809 3429 1849 es-

1851 1883 1936 1927 set
1965 1876 2233 1931 malorum
2263 1878 2498 1934 tolerare
2523 1882 2842 1950 procellam.
2864 1883 3069 1938 Deinde
3095 1900 3163 1939 ne
3181 1886 3307 1955 quis
3337 1886 3426 1941 di-

1850 1976 1941 2020 cat
1986 1984 1998 2019 :
2036 1968 2209 2039 Igitur
2258 1971 2426 2026 etiam
2460 1972 2507 2026 is
2532 1975 2629 2042 qui
2666 1989 2733 2029 eo
2757 1977 3011 2043 pervenit
3046 1992 3106 2032 ut
3150 1979 3428 2049 particeps

1842 2056 1954 2127 jam
1992 2057 2064 2111 sit
2091 2060 2356 2130 conjugii,
2382 2063 2580 2118 tneiius
2607 2063 2773 2119 faciet
2802 2067 2846 2120 si
2879 2067 3055 2123 solvat
3079 2070 3421 2139 conjugium,

1845 2146 2584 2223 Subjuugit:Nequaquam;
2639 2155 2745 2210 hoc
2799 2157 2947 2212 enim
2992 2159 3266 2228 signiﬁcat
3295 2178 3422 2217 cum

1844 2239 2027 2297 dicit:
2073 2261 2092 2296 ι
2147 2243 2418 2316 Alligatus
2457 2262 2519 2302 es
2575 2249 2756 2314 uxori,
2803 2265 2872 2305 ne
2927 2267 3143 2321 quaeras
3190 2254 3423 2310 solutio-

1842 2348 1992 2387 nem.
2029 2352 2047 2386 ι
2109 2332 2217 2389 Sed
2251 2338 2737 2406 quemadmodum,
2785 2340 2986 2412 inquit,
3047 2344 3139 2413 qui
3168 2345 3424 2417 alligatus

1840 2434 1926 2480 est
1952 2441 2064 2493 non
2095 2427 2261 2482 debet
2287 2445 2536 2497 quaerere
2571 2431 2925 2498 solutionem,
2960 2433 3032 2499 ita
3069 2435 3115 2490 is
3140 2435 3233 2506 qui
3268 2438 3422 2492 solu-

1842 2527 1931 2572 tus
1967 2528 2183 2581 estnon
2213 2518 2379 2574 debet
2425 2519 2531 2574 sibi
2566 2520 2668 2591 ipsi
2703 2523 2984 2578 vinculum
3016 2524 3295 2580 adducere
3325 2536 3422 2583 aut

1839 2613 2203 2670 comminisci.
2237 2614 2392 2681 Quod
2424 2606 2608 2670 autem
2653 2615 2731 2670 ait
2767 2633 2781 2669 :
2820 2634 2836 2666 ι
2871 2617 3098 2673 Solutus
3134 2635 3215 2686 es,
3261 2639 3279 2671 ι
3318 2620 3421 2674 du-

1837 2706 2059 2777 pliciter
2112 2717 2294 2778 potest
2339 2709 2569 2779 intclligi
2604 2728 2618 2764 :
2653 2711 2738 2765 vel
2768 2710 2894 2780 quia
2941 2711 3187 2766 nondum
3219 2713 3421 2784 ligatus

1838 2815 2084 2869 unquam
2129 2799 2305 2865 fuisti,
2325 2802 2413 2856 vel
2444 2804 2572 2871 quia
2625 2803 2841 2858 solutus
2873 2818 2934 2859 es
2979 2820 3008 2858 a
3041 2805 3263 2871 vinculo
3307 2822 3418 2875 quo

1834 2893 2037 2963 ligatus
2064 2908 2189 2948 eras
2224 2911 2238 2946 :
2278 2909 2386 2948 non
2448 2894 2619 2949 debes
2672 2909 2804 2965 ergo
2837 2895 3035 2950 iterato
3073 2898 3262 2951 uxoris
3291 2897 3417 2951 vin-

1835 2984 1963 3040 culo
1987 2985 2260 3056 colligari.
2301 3005 2321 3038 ι
2357 2986 2437 3041 Ne
2458 3002 2672 3057 quaeras
2694 2988 3050 3043 solutionem.
3087 3007 3105 3039 δ
3140 2988 3413 3056 Quoniam

1834 3076 1901 3131 de
1924 3077 2238 3145 virginitate
2260 3077 2483 3132 locutus
2510 3086 2632 3132 erat
2652 3119 2665 3142 ,
2701 3077 2908 3132 veritus
2928 3093 2995 3132 ne
3035 3078 3113 3132 illi
3153 3090 3413 3148 tanquam

169 3179 249 3217 νου
288 3164 663 3237 παρθενεύειν,
720 3168 906 3223 καλόν.
960 3186 978 3219 ι
1015 3168 1144 3221 ‘an
1198 3167 1255 3219 δέ
1307 3167 1400 3220 καὶ
1457 3168 1663 3240 γήμῃς.
1702 3189 1718 3221 ι

1836 3184 1943 3223 non
1972 3169 2115 3222 ﬁrmi
2147 3169 2202 3222 in
2250 3169 2435 3239 aliquo
2471 3170 2850 3232 turbarentur.
2878 3170 3043 3224 simul
3073 3170 3241 3225 etiam
3275 3186 3411 3241 con-

176 3256 588 3330 Ἐπιδιορϐοὖται
617 3259 770 3322 αὐτὸ,
805 3258 865 3311 τὺ
896 3258 1121 3321 ἀσθενὲς
1145 3259 1255 3311 τῶν
1300 3258 1585 3329 ἀκροατῶν
1637 3259 1722 3312 δε-

168 3346 359 3415 δοικὼς,
385 3350 458 3415 ὡς
484 3350 893 3421 οὖ“χωρούντων
924 3350 1020 3418 τὴν
1046 3351 1365 3419 παρθενίαν.

1824 3261 2037 3331 jugium
2088 3261 2322 3327 inducit,
2374 3268 2431 3316 et
2463 3260 2824 3316 conformitcr
2870 3262 3112 3331 loquitur
3169 3263 3255 3316 bis
3288 3278 3413 3331 quae

1832 3369 2001 3423 supra
2051 3354 2198 3409 dicta
2241 3361 2387 3409 sunt.
2422 3353 2558 3407 Nam
2611 3354 2941 3409 solutionem
3001 3354 3107 3408 hoc
3131 3355 3252 3408 loco
3298 3368 3410 3408 non

167 3452 308 3499 vocat
332 3444 725 3512 separationem
755 3456 784 3496 a
815 3443 1200 3497 commistione
1223 3451 1415 3495 mutuo
1445 3456 1718 3497 consensu
1758 3443 1955 3500 factam
1993 3462 2013 3500 :
2056 3445 2151 3500 sed
2212 3454 2411 3514 praeter
2464 3445 2736 3500 consortis
2767 3446 3128 3514 voluntatem,
3168 3456 3225 3501 et
3297 3464 3407 3509 non

173 3535 543 3591 subexsistcnte
575 3551 738 3592 causa
788 3536 967 3605 stupri
1001 3534 1241 3605 conjugii
1276 3535 1743 3596 dissolutionem;
1779 3544 1837 3590 at
1894 3534 2129 3591 durante
2189 3536 2451 3591 ccelibatu
2505 3552 2729 3592 servare
2817 3538 3186 3609 virginitatem
3231 3540 3412 3596 hone-

170 3638 294 3684 stum
323 3642 419 3686 est.
457 3650 476 3685 ι
516 3634 769 3686 Attamen
798 3631 843 3685 si
866 3632 1092 3686 duxeris
1122 3646 1375 3692 uxorem,
1401 3645 1512 3684 non
1541 3630 1804 3699 peccasti.
1843 3650 1861 3682 ι
1889 3630 2128 3701 Corrigit
2153 3638 2210 3685 et
2232 3631 2488 3699 explanat
2540 3629 2688 3699 quod
2752 3628 2960 3684 dictum
3030 3640 3138 3698 est,
3201 3635 3410 3690 veritus

170 3727 458 3783 auditorum
503 3728 961 3793 imbecillitatem,
1011 3736 1073 3783 ut
1121 3729 1216 3798 qui
1277 3742 1387 3782 non
1423 3728 1718 3799 capiebant
1756 3729 2154 3800 virginitatem.

228 3822 472 3888 Ἄλλως.
523 3817 725 3893 [ΦΩΤ.]
778 3821 873 3887 τὸ,
916 3840 935 3873 ε
994 3821 1124 3876 Ἐὰν
1146 3821 1202 3873 δὲ
1250 3825 1341 3874 καὶ
1390 3821 1598 3891 γήμῃς,
1624 3821 1722 3891 οὐχ

168 3911 441 3985 ἧμαρτες,ι
506 3914 603 3969 καὶ
656 3913 875 3983 ἐφεξῆς,
924 3916 1037 3977 τοῖς
1088 3914 1199 3968 ἀνω
1240 3913 1361 3967 καθ’
1415 3914 1721 3984 ὑπερϐατὸν

170 4006 490 4079 σνντακτέον,
550 3998 662 4058 οἷον
704 4021 718 4034 ο
754 4005 933 4059 Καλὸν
962 4003 1236 4075 ἀνθρώπῳ
1260 4004 1322 4058 τὸ
1354 4003 1527 4068 οὕτως
1554 4000 1718 4058 εἶναι.

178 4093 389 4151 Ἐὰν-δὲ
439 4098 535 4153 καὶ
582 4099 769 4172 γήμῃς
826 4099 925 4169 οὐχ
982 4098 1256 4169 ἥμαρτες,
1312 4098 1406 4149 καὶ
1441 4095 1587 4166 ἑξῆς.
1646 4097 1721 4148 Οὐ

165 4185 358 4263 γὰριδεῖ
382 4192 672 4245 συνάπτειν
700 4192 832 4245 αὐτὸ
859 4190 960 4262 τῷ,
998 4210 1016 4241 ι
1042 4190 1278 4243 Λέλυσαι
1300 4188 1409 4243 ἀπὸ
1442 4187 1719 4256 γυναικδς,

168 4279 231 4352 μή
258 4282 402 4353 ζήτει
431 4287 687 4359 γυναῖκα.
719 4283 852 4336 Ἐὰν
880 4283 936 4335 δέ
958 4284 1051 4335 καὶ
1071 4285 1259 4354 γήμῃς
1289 4281 1386 4351 οὐχ
1412 4281 1712 4351 ἥμαρτες.»

163 4366 369 4439 Πρῶτον
398 4373 495 4443 μὲν
534 4374 662 4442 γὰρ,
717 4370 1080 4435 ἀνακόλουθος
1128 4372 1273 4424 οὕτω
1326 4370 1714 4441 λαμϐανομένη

158 4457 188 4527 ἡ
221 4465 407 4520 ἔννοια.
441 4465 505 4518 Τί
530 4466 639 4535 γὰρ
669 4464 746 4537 τῷ
772 4464 1117 4534 γεγαμηκότι
1156 4464 1257 4535 ἤδη
1288 4464 1379 4516 καὶ
1410 4462 1715 4516 διαλυθέντι

1895 3820 2060 3892 485
2087 3819 2267 3874 Aliud.
2296 3819 2450 3887 Quod
2482 3821 2708 3887 dicitur,
2749 3840 2767 3873 ι
2806 3822 3063 3877 Attamen
3093 3821 3139 3877 si
3182 3822 3407 3878 duxeris

1824 3928 2073 3976 uxorem,
2092 3928 2200 3967 non
2234 3913 2473 3983 peccasti
2508 3934 2527 3965 ι
2563 3923 2620 3968 et
2645 3925 2861 3976 caetera.
2893 3913 3278 3983 superioribus
3306 3929 3406 3983 per

1824 4005 2171 4076 hyperbaton
2206 4005 2588 4075 coniungenda
2639 4014 2791 4067 sunt,
2826 4014 2957 4074 puta
2994 4023 3009 4060 :
3074 4004 3284 4059 Bonum
3319 4013 3404 4059 cst

1824 4095 2038 4151 homini
2078 4096 2157 4149 sic
2188 4110 2310 4150 esse
2348 4115 2362 4172 ε
2399 4105 2640 4150 attamen
2677 4095 2722 4149 si
2750 4094 2974 4149 duxeris
2998 4108 3246 4157 uxorem,
3291 4108 3400 4148 non

1823 4189 2064 4261 peccasu
2091 4203 2108 4252 ;
2132 4201 2240 4243 etc.
2275 4203 2456 4257 neque
2512 4187 2659 4241 enim
2688 4187 2946 4256 conjungi
2982 4184 3146 4240 debet
3177 4200 3303 4239 cum
3334 4200 3401 4241 eo

1825 4285 1975 4353 quod
2028 4281 2238 4337 dicitur
2271 4299 2283 4335 :
2328 4300 2345 4331 ι
2384 4281 2610 4335 Solutus
2659 4295 2721 4335 es
2765 4279 2842 4334 ab
2862 4294 3055 4344 uxore,
3089 4293 3159 4332 ne
3189 4292 3402 4347 quaeras

1822 4392 2073 4431 uxorem.
2101 4375 2356 4430 Attamen
2378 4373 2424 4427 si
2446 4372 2669 4427 duxeris
2689 4386 2937 4436 uxorem,
2967 4385 3078 4425 non
3100 4369 3391 4440 peccasti.»

1823 4466 2072 4522 Primum
2104 4466 2351 4538 quidem,
2403 4481 2514 4520 non
2552 4472 2702 4519 recte
2750 4463 3112 4533 consequitur
3144 4470 3400 4530 sumptus

158 4556 413 4627 προσήκει
462 4558 666 4626 λέγειν,
711 4576 727 4602 ι
762 4555 891 4609 Ἐὰν
941 4555 997 4608 δέ
1052 4557 1148 4609 καὶ
1197 4557 1427 4625 γήμῃςς
1471 4572 1488 4605 ³
1548 4553 1721 4607 Τοῦτο

1836 4562 1931 4615 hoc
1967 4561 2137 4614 modo
2182 4560 2516 4614 intellectus.
2551 4557 2692 4623 Quid
2728 4557 2875 4611 enim
2905 4555 3166 4612 convenit
3202 4554 3255 4609 ei
3303 4553 3397 4621 qui

154 4650 257 4722 γὰρ
281 4654 387 4716 τοῖς
431 4654 599 4723 μήπω
644 4651 1021 4720 γεγαμηκόσιν
1061 4649 1337 4721 ἁρμόδιον.
1374 4648 1603 4710 Ἔπειτα
1636 4645 1713 4709 δὲ,

150 4747 245 4795 καὶ
304 4746 442 4813 μέγα
505 4745 654 4798 ἐστὶν
710 4744 1038 4814 ἁμάρτημα,
1101 4741 1407 4817 λυσάμενον
1463 4738 1572 4793 ἀπὸ
1619 4737 1718 4806 τῆς

144 4837 419 4900 γυναικὸς,
477 4836 646 4906 ἄλλην
709 4834 1043 4905 γήμασθαιι·
1109 4834 1250 4886 ὥστε
1320 4832 1422 4885 οὐκ
1479 4830 1714 4901 ἐγχωρεῖ

134 4916 314 4990 ῡῦτως
336 4928 567 4998 συνάψαι
596 4927 657 4980 τὸ
684 4925 909 4997 χωρίον,
950 4924 1062 4979 ἀλλ’
1082 4925 1157 4988 ὡς
1191 4924 1454 4996 πρότερον
1480 4924 1716 4993 εἴρηται.

130 5007 183 5063 Κ
207 5020 257 5070 αὶ
294 5018 398 5091 γὰρ
439 5022 533 5073 καὶ
576 5020 683 5091 πρὸ
736 5018 919 5087 ὀλίγου
970 5017 1155 5086 φησιν,
1193 5033 1212 5068 ι
1241 5016 1368 5069 Ἐὰν
1406 5016 1462 5069 δὲ
1489 5014 1583 5069 καὶ
1612 5032 1718 5083 χω-

122 5113 325 5185 ρξσθῇ,
365 5115 570 5184 μενέτω
593 5114 823 5181 ἄγαμος.
860 5130 879 5164 ι
904 5111 1019 5163 Διά
1036 5127 1093 5163 τε
1118 5109 1212 5163 οὖν
1238 5109 1305 5161 τὰ
1343 5108 1717 5191 προειρημένα

113 5203 243 5254 lat
276 5205 335 5257 τὸ
370 5205 464 5259 νῦν
492 5205 806 5275 εἰρημένον,
838 5202 925 5256 ἵνα
964 5201 1038 5272 μὴ
1074 5200 1291 5254 ἐναντία
1326 5198 1499 5269 ἐαυτῷ
1537 5198 1716 5266 λέγειν

101 5282 288 5367 δἔρξῃ,
337 5298 460 5352 καθ’
503 5296 809 5369 ὑπερῦατὸν
862 5294 1212 5349 συντακτέον.
1248 5295 1305 5345 Εἰ
1335 5293 1392 5346 δὲ
1426 5293 1505 5357 τὸ,
1549 5311 1566 5342 ι
1606 5290 1713 5343 Λέ-

93 5372 345 5454 λ¹κισαιμ
395 5390 514 5460 οὐχὶ
554 5390 690 5459 πρὸς
729 5390 853 5452 τοὺς
915 5385 1319 5455 σνναφθέντας,
1365 5381 1484 5438 εἶτα
1532 5382 1714 5437 διαλυ-

121 5466 333 5547 Ἁέντας
358 5482 633 5547 ἀκούσεις,
675 5480 790 5536 ἀλλ’
826 5480 1016 5544 ἁπλῶς
1058 5480 1199 5550 πρὸς
1242 5480 1367 5540 τοὺς
1411 5478 1484 5549 μὴ
1525 5475 1712 5530 συνελε-

152 5560 332 5638 ὒύντας
361 5576 496 5639 ὃλως
525 5575 603 5637 είς
633 5574 813 5645 γάμου
848 5573 1154 5636 κοινωνίαν,
1205 5570 1341 5624 ἀλλὰ
1385 5570 1713 5639 λελυμένους

153 5654 299 5731 δντας
325 5666 420 5721 τοῦ
450 5666 691 5721 τοιούτου
736 5664 961 5735 δεσμοῦ,
1006 5666 1240 5735 ἐγχωρεῖ
1268 5663 1363 5716 καὶ
1404 5662 1544 5715 κατὰ
1575 5659 1712 5713 πόδα

148 5748 495 5829 ήσῦνταξις.‹
524 5761 631 5813 Καὶ
648 5759 743 5814 ἐὰν
765 5760 917 5831 γήμῃ
940 5760 972 5830 ἡ
998 5757 1290 5828 παρθένος,
1310 5755 1408 5826 οὐχ
1430 5755 1669 5826 ἥμαρτε.
1685 5770 1703 5803 ι

143 5836 411 5917 Παρθένον
438 5852 676 5909 ἐνταῦθα
704 5869 875 5926 φησιν
919 5852 978 5906 οὐ
1010 5852 1108 5925 τὴν
1147 5848 1530 5924 ἀφιερωμένην
1562 5846 1703 5919 Θεῷ,

1817 4651 1932 4721 jam
1954 4651 2188 4705 duxerat
2214 4659 2269 4705 et
2301 4650 2517 4704 solutus
2538 4657 2623 4702 est
2653 4647 2839 4702 dicere
2863 4646 3180 4700 :iAttamen
3216 4646 3263 4699 si
3289 4643 3396 4698 du-

1821 4742 1972 4797 xeris
1995 4757 2223 4797 uxorem
2257 4742 2281 4795 ‘i
2309 4761 2328 4794 ι
2361 4741 2494 4796 Nam
2538 4739 2644 4794 hoc
2664 4739 2734 4794 iis
2757 4745 2975 4807 aptatur
3003 4737 3098 4806 qui
3148 4736 3395 4790 nondum

1821 4851 2051 4890 uxorem
2104 4836 2403 4890 duxerunt.
2434 4833 2641 4889 Deinde
2666 4830 2802 4886 vero
2827 4845 3082 4898 magnum
3119 4836 3206 4884 est
3260 4844 3395 4898 pec—

1821 4936 2030 4991 catum,
2062 4927 2108 4981 si
2146 4927 2192 4981 is
2222 4926 2316 4996 qui
2351 4926 2565 4980 solutus
2587 4934 2675 4977 est
2697 4922 2767 4975 ab
2801 4935 2975 4974 uxore
3016 4920 3189 4994 alian;
3206 4920 3390 4974 ducat.

1818 5019 2007 5088 Itaque
2029 5033 2140 5072 non
2176 5027 2357 5087 potest
2384 5032 2452 5070 eo
2478 5016 2641 5069 modo
2683 5012 2942 5083 conjungi
2982 5014 3269 5082 particula,
3297 5014 3394 5067 sed

1819 5112 1964 5166 sicut
2006 5112 2161 5181 prius
2185 5111 2390 5165 dictum
2434 5118 2540 5163 est.
2606 5107 2741 5163 Nam
2770 5114 2827 5161 ct
2882 5106 3046 5176 paulo
3098 5114 3224 5159 ante
3270 5106 3389 5159 ait:

1826 5225 1844 5257 ι
1878 5206 2035 5271 Quod
2061 5205 2106 5259 si
2136 5205 2301 5259 etiam
2335 5210 2585 5272 separata
2619 5200 2810 5263 fuerit,
2851 5208 3068 5253 maneat
3090 5198 3339 5267 innupta.
3365 5217 3384 5248 ι

1819 5297 2052 5366 Propter
2090 5296 2181 5350 illa
2210 5296 2377 5365 igitur
2429 5311 2551 5364 qua:
2577 5294 2609 5348 d
2635 5302 2724 5348 cta
2762 5301 2912 5355 sunt,
2962 5290 3127 5345 etiam
3154 5303 3391 5359 praesens

1817 5390 2075 5453 verbum,
2108 5403 2179 5442 ne
2206 5388 2311 5442 sibi
2343 5387 2618 5443 contraria
2641 5386 2828 5441 dicere
2859 5385 3135 5446 videatur,
3163 5396 3261 5450 per
3294 5380 3390 5451 hy-

1818 5482 2084 5553 perbaton
2132 5480 2577 5550 conjungcndum
2623 5486 2728 5533 est.
2779 5474 3034 5543 Quod;si
3093 5470 3389 5526 dictionem

1823 5594 1842 5627 ι
1879 5574 2108 5630 Solutus
2155 5589 2238 5635 es.
2278 5592 2296 5623 ι
2323 5588 2432 5626 non
2463 5572 2529 5625 ad
2563 5586 2661 5626 eos
2689 5569 2785 5634 qui
2812 5566 3093 5638 conjuncti
3132 5564 3385 5622 fuerunt,

1815 5674 1873 5719 et
1900 5664 2102 5719 deinde
2129 5664 2296 5718 soluti
2326 5671 2483 5725 sunt,
2502 5659 2780 5722 retuleris,
2821 5655 2918 5711 sed
2950 5649 3275 5720 simpliciter
3316 5646 3386 5701 ad

1812 5771 1909 5814 eos
1924 5757 2019 5827 qui
2036 5756 2263 5817 omnino
2284 5770 2395 5809 non
2417 5756 2796 5808 convenerunt
2818 5748 2884 5801 ad
2910 5740 3386 5815 participationem

1814 5847 2080 5919 conjugii,
2104 5847 2201 5903 sed
2229 5848 2296 5901 ab
2324 5842 2639 5916 bnjusmodi
2670 5838 2894 5896 vinculo
2934 5833 3095 5895 liberi
3126 5841 3180 5888 et
3219 5830 3386 5886 soluti
