3872 6570
505 387 613 453 739

1558 379 1959 440 (ECUMENII
1997 379 2289 442 TRICCE
2320 381 2663 444 EPISCOPI
2729 384 2735 390 ’
3589 399 3668 461 ἨΟ

509 504 658 561 sunt,
707 495 888 550 locum
932 491 1099 549 habet
1128 506 1252 562 qua:
1297 489 1482 548 statim
1512 505 1634 546 sese
1663 490 1829 546 ollert
1857 490 2077 545 ordina-

2194 491 2320 546 ἀλλὰ
2342 492 2440 564 τὴν
2470 493 2685 566 ἄγαμον
2725 494 2916 567 κόρην.
2961 495 3051 561 Ὠς
3089 496 3190 567 ἥγε
3221 498 3547 570 ἀφιερωθεῖσι
3565 506 3670 580 Θεῷ,

510 587 607 642 tio.
643 604 661 637 ι
699 586 766 640 Ει
797 584 843 640 si
876 584 1124 654 nupserit
1148 582 1324 653 virgo,
1354 597 1463 636 non
1484 581 2083 653 peccavitJVirginem

510 681 615 734 hoc
641 679 762 732 loco
787 677 1024 746 appellat
1047 691 1159 729 non
1205 690 1324 730 eam
1354 691 1476 744 quae
1507 675 1620 728 Deo
1645 685 1963 729 consecrata
1977 683 2086 742 est,

441 787 451 796 '
511 771 608 827 sed
651 771 938 838 innuptam
994 767 1253 836 puellam.
1284 766 1418 820 Nam
1453 781 1575 837 quae
1617 766 1729 820 Deo
1766 777 2087 822 consecrata

513 868 600 914 est
636 858 683 912 si
732 856 1004 926 nupserit,
1035 855 1254 912 Christo
1281 856 1462 911 reddit
1486 857 1798 911 adulterum
1826 873 1954 913 eum
1995 858 2086 912 cui

513 951 695 1006 nubit.
736 969 754 1002 ι
788 948 1159 1005 Altlictionern
1185 957 1366 1003 tamen
1398 949 1451 1003 in
1487 963 1652 1003 carne
1675 948 1957 1005 habebunt
1979 949 2081 1004 bu-

511 1041 773 1114 jusmodi.
823 1060 840 1093 ι
881 1041 983 1108 Qui
1020 1041 1456 1106 matrimonium,
1487 1041 1687 1110 inquit,
1726 1041 2082 1105 contrahunt,

513 1135 863 1190 siﬂictionem
902 1133 1187 1188 habebunt
1207 1133 1279 1187 ob
1306 1148 1574 1188 mmrores
1599 1133 1693 1202 qui
1746 1133 1800 1188 in
1827 1133 2084 1204 coniugio

515 1237 662 1282 sunt.
719 1245 738 1277 ι
774 1227 887 1294 Ego
941 1234 1126 1280 autem
1160 1225 1318 1280 vobis
1368 1241 1554 1294 parco,
1593 1243 1611 1276 ι
1648 1233 1905 1294 tanquam
1938 1225 2084 1292 (iliis,

2189 585 2238 636 εί
2272 585 2444 655 γήμῃ,
2493 586 2678 656 μοιχὸν
2706 588 2959 658 ἐπιφέρει
2993 588 3070 659 τῷ
3104 589 3334 660 Χριστῷ,
3369 585 3410 660 ᾧ
3435 597 3674 667 νενὺμφιυ.

2190 695 2303 735 ται.
2362 698 2381 732 ι
2411 679 2601 748 Θλίψιν
2640 679 2696 732 δὲ
2729 680 2908 744 ἕξουσι
2941 684 3006 752 τῇ
3040 683 3220 750 σαρκί.
3258 700 3276 733 ι
3324 685 3382 736 Oi
3415 688 3673 758 γαμοῦντες,

2189 767 2346 836 φησὶ,
2386 768 2567 839 θλίψιν
2602 769 2804 834 ἕξουσι,
2855 769 2944 823 διὰ
2988 770 3088 834 τὰς
3129 771 3185 823 ὲν
3233 771 3308 842 τῷ
3342 775 3488 846 γάμῳ
3525 777 3674 845 λύπας.

2197 877 2215 909 ι
2244 857 2388 926 Ἐγὼ
2416 859 2493 925 δὲ,
2519 861 2674 930 φησι,
2724 861 2979 932 φείδομαι
3027 862 3200 932 ὑμῶν,
3229 881 3248 916 ι
3291 865 3361 924 ὡς
3396 856 3588 934 τίκνων,
3610 875 3678 926 καὶ

2193 947 2456 1019 βούλομαι
2492 950 2811 1022 ἐλευθέρους
2856 948 2998 1006 εἶναι
3041 954 3135 1005 καὶ
3178 953 3425 1021 ἀλύπους.
3453 955 3577 1024 Τέως
3599 964 3678 1036 γάρ

2189 1042 2248 1095 ὲν
2301 1043 2522 1112 δεσμοῖς
2563 1046 2882 1114 τυγχάνετε.
2937 1064 2956 1097 ι
2994 1047 3215 1100 Δέδεσαι
3269 1049 3390 1117 γὰρ,
3438 1054 3569 1120 φησὶ,
3607 1072 3678 1121 γυ.

2191 1135 2360 1189 ναικί.
2403 1155 2422 1190 ι
2452 1133 2584 1190 Εἶτα
2609 1137 2703 1191 καὶ
2725 1138 2934 1192 ἑαυτῶν
2961 1140 3064 1194 οὑκ
3091 1140 3496 1210 ὲξουσιάζουσιν,
3518 1144 3579 1210 ὡς
3601 1147 3681 1203 άνω

2195 1227 2378 1295 φησίν.

513 1329 570 1375 ει
598 1321 764 1388 cupio
789 1335 886 1374 vos
914 1321 1119 1374 liberos
1140 1335 1262 1375 esse
1315 1335 1379 1376 ac
1419 1321 1538 1376 sine
1565 1336 1826 1376 mterore.
1861 1320 2084 1376 Interim
2125 1336 2361 1390 namque
2391 1321 2445 1375 in
2477 1322 2715 1379 vinculis
2744 1325 2899 1380 estis.
2933 1325 3025 1381 Ait
3055 1326 3201 1381 enim
3233 1344 3247 1382 :
3317 1345 3335 1380 ι
3366 1328 3596 1401 Alligatus
3640 1357 3682 1410 εδ

516 1410 696 1462 uxori.
739 1427 756 1460 ι
800 1410 1005 1465 Deinde
1041 1413 1210 1465 etiam
1246 1425 1358 1464 non
1411 1421 1540 1465 sunt
1576 1412 1660 1466 sui
1684 1411 1842 1481 juris,
1886 1419 1946 1465 ut
1984 1411 2239 1482 superius
2273 1411 2434 1466 dixit.
3043 1408 3049 1414 ’

588 1503 701 1567 νη,
728 1504 923 1558 29-51.
957 1503 1219 1558 Caeterum
1247 1503 1383 1557 illud
1436 1505 1574 1568 dico,
1631 1505 1846 1574 fratres,
1888 1513 2092 1574 tempus

517 1606 844 1650 confractum
872 1607 948 1652 est
979 1615 996 1652 :
1032 1607 1267 1668 superest
1292 1607 1348 1652 ut
1379 1599 1469 1668 qui
1500 1597 1694 1651 habent
1725 1614 1916 1651 uxores
1937 1639 1951 1662 ,
1983 1601 2090 1652 sint

519 1696 772 1759 tanquam
809 1706 914 1742 non
946 1690 1175 1744 habeant
1205 1698 1292 1744 :et
1325 1692 1412 1755 qui
1444 1688 1674 1759 plorant,
1709 1699 1963 1754 tanquam
1985 1706 2088 1743 non

517 1778 726 1848 plorent
757 1794 775 1831 :
801 1788 853 1832 et
887 1780 976 1850 qui
1002 1781 1256 1851 gaudent,
1282 1789 1537 1850 tanquam
1569 1796 1673 1833 non
1696 1779 1962 1850 gaudeant
1996 1794 2013 1831 :
2039 1785 2088 1832 et

2279 1505 2462 1559 Τοῦτο
2513 1505 2581 1558 δέ
2623 1525 2798 1576 φημι,
2850 1507 3122 1577 ἀδελφοὶ,
3171 1509 3258 1562 ὅτι
3293 1512 3324 1563 ὀ
3366 1513 3542 1580 καιρὸς
3577 1532 3684 1571 aur-

2197 1598 2578 1665 εσταλμένος
2617 1597 2680 1650 τὸ
2706 1601 2926 1653 λοιπόν
2955 1600 3146 1666 ἐστιν,
3178 1601 3274 1654 ἵνα
3304 1605 3393 1656 καί
3427 1608 3474 1658 oi
3503 1607 3684 1676 ἔχοντες

2150 1697 2155 1704 ’
2197 1688 2508 1756 γυναῖκας,
2540 1689 2618 1754 ὡς
2639 1689 2726 1758 μὴ
2759 1689 3007 1759 ἔχοντες
3031 1686 3202 1757 ὦσιν,
3234 1693 3329 1746 καὶ
3355 1697 3406 1748 ol
3446 1699 3684 1768 κλαίοντες

2193 1779 2274 1844 ὡς
2309 1779 2396 1848 μὴ
2442 1781 2778 1846 κλαίοντες,
2829 1781 2927 1834 καί
2975 1785 3029 1836 οἱ
3067 1785 3373 1851 χαίροντες
3400 1787 3470 1853 ὡς
3499 1789 3570 1857 μὴ
3592 1795 3685 1858 χαι.

519 1871 609 1938 qui
636 1877 838 1934 emunt,
866 1878 1127 1940 tanquam
1156 1888 1260 1924 non
1285 1872 1587 1940 possideant
1618 1888 1637 1925 :
1661 1879 1708 1924 et
1743 1873 1834 1940 qui
1865 1878 2089 1946 utuntur

2194 1887 2421 1939 ροντες,
2489 1872 2587 1926 καὶ
2650 1876 2703 1926 ol
2761 1873 3148 1941 ἀγοράζοντες
3211 1877 3291 1944 ὡς
3339 1877 3418 1947 μὴ
3474 1882 3686 1950 κατέχον.

517 1961 851 2025 mundohoc,
888 1975 1145 2032 tanquam
1177 1979 1280 2016 non
1318 1963 1630 2018 abutantur.
1672 1962 1921 2017 Praeterit
1949 1963 2087 2016 enim

515 2047 724 2101 habitus
756 2049 940 2103 mundi
964 2051 1141 2120 hujus.

586 2260 857 2329 Quoniam
884 2258 1022 2313 dixit
1065 2273 1080 2310 :
1117 2276 1136 2308 ι
1182 2256 1548 2312 Afﬂictionem
1583 2265 1763 2312 tamen
1824 2255 1880 2312 in
1924 2272 2090 2312 carne

515 2351 821 2411 habebunt,
860 2367 877 2399 ι
926 2363 994 2402 ηε
1020 2347 1144 2416 quis
1177 2346 1368 2400 dicat:
1415 2347 1576 2416 Atqui
1630 2347 1795 2402 etiam
1834 2348 2088 2417 volupta-

518 2454 628 2499 tem
661 2441 966 2504 habebunt,
1000 2455 1066 2494 ex
1100 2449 1384 2493 contracto
1417 2449 1661 2509 tempore
1691 2450 1924 2495 conatur
1951 2457 2092 2510 pm-

517 2534 770 2590 scindere
822 2530 988 2602 586
1039 2531 1400 2599 voluptatem.
1431 2532 1726 2601 Propterea
1776 2532 1852 2586 ait
1909 2549 1930 2588 :
1960 2532 2093 2589 Dico

518 2625 665 2697 quod
707 2624 1066 2680 alﬂictioncm
1125 2623 1432 2688 habebunt,
1473 2624 1735 2694 quoniam
1784 2641 1967 2696 neque
1999 2642 2094 2681 vo-

520 2717 788 2784 luptatem
841 2711 1046 2767 habere
1075 2721 1306 2781 possunt
1333 2711 1404 2766 ob
1427 2712 1480 2766 id
1515 2713 1662 2782 quod
1711 2723 1929 2784 tempus
1956 2716 2094 2770 adeo

518 2816 858 2864 contractum
908 2805 981 2859 sit
1021 2814 1078 2860 et
1131 2805 1197 2858 ad
1232 2805 1648 2861 dissolutionem
1698 2815 1911 2877 urgeat.
1973 2809 2091 2864 Jam

519 2901 666 2953 enim
695 2897 1160 2968 appropinquavit
1201 2911 1428 2968 regnum
1463 2897 1690 2962 Christi,
1751 2908 1807 2954 et
1835 2900 2096 2970 deinceps

485 3017 495 3040 -ι
521 2991 586 3044 ad
615 2989 742 3045 eum
778 2989 1014 3059 migrare
1037 2989 1320 3059 iubemur.
1357 3006 1376 3041 ι
1409 2989 1531 3044 Sint
1565 3000 1819 3059 tanquam
1850 3007 1958 3045 non
1994 2991 2095 3046 ba-

518 3082 706 3136 beant.
757 3099 774 3132 ›
807 3080 926 3146 Quo
957 3089 1117 3149 pacto
1167 3079 1287 3134 ﬁeri
1337 3087 1518 3149 potest
1577 3090 1638 3135 ut
1667 3081 1779 3136 sint
1829 3091 2092 3152 tanquam

518 3189 625 3227 non
677 3171 955 3266 habeant?
983 3170 1044 3266 in
1075 3171 1180 3226 hoc
1209 3171 1356 3266 quod
1397 3171 1534 3266 ipsis
1564 3187 1672 3227 non
1711 3172 2096 3266 obsequantur
2121 3208 2162 3266 ο

519 3265 585 3320 ad
617 3264 813 3318 stultas
846 3261 1038 3316 mundi
1063 3263 1575 3332 concupiscentias;
1619 3272 1715 3319 aut
1739 3264 1882 3335 quod
1924 3266 2089 3320 etiam

519 3357 674 3426 cupit
703 3367 762 3410 ut
793 3356 936 3412 circa
971 3357 1411 3411 commistionem
1437 3357 1780 3413 abstinentes
1801 3359 1930 3413 sint.
1970 3379 1988 3411 ι
2025 3359 2092 3414 Et

521 3447 615 3516 qui
681 3448 922 3516 plorant.
960 3456 1215 3514 tanquam
1241 3460 1352 3498 non
1376 3446 1613 3514 plorent.
1656 3465 1675 3499 ι
1708 3447 1790 3502 Ob
1828 3449 2092 3518 temporis

521 3539 881 3600 brevitatem,
916 3537 1114 3606 inquit,
1141 3535 1326 3590 omnia
1351 3550 1473 3604 qua:
1501 3538 1782 3592 nonnullis
1812 3538 1866 3591 in
1897 3555 2091 3609 magna

521 3639 647 3683 sunt
693 3642 852 3689 cura,
884 3627 1148 3680 debemus
1171 3625 1376 3680 ducere
1415 3615 1672 3696 tanquam
1711 3642 1820 3682 non
1849 3639 2038 3685 essent
2071 3649 2086 3685 :

522 3728 580 3774 et
635 3720 710 3773 ita
762 3719 968 3772 habere
1002 3733 1228 3772 uxorem
1260 3724 1317 3770 et
1345 3717 1584 3788 gaudere
1625 3735 1690 3774 ac
1716 3719 1925 3790 lugere.
1953 3719 2090 3777 Cum

521 3813 669 3868 enim
733 3813 786 3865 in
835 3811 1147 3880 propinquo
1203 3811 1274 3866 sit
1304 3809 1472 3876 mors,
1511 3811 1642 3881 quid
1678 3828 1816 3882 opus
1835 3822 1920 3868 est
1951 3829 2092 3884 pra:-

523 3903 775 3959 sentibus
802 3918 925 3957 eum
951 3917 1137 3956 amore
1169 3902 1492 3958 immorari?
1517 3903 1605 3958 vel
1628 3904 1947 3960 existimare
1970 3920 2091 3962 esse

521 3995 833 4066 coniugium
859 4002 953 4048 aut
976 3993 1202 4048 omnino
1220 3994 1424 4048 mundo
1453 3994 1570 4050 uti?
1605 4014 1624 4047 ι
1659 3995 1728 4052 Et
1746 3997 1840 4068 qui
1860 4006 2092 4053 utuntur

519 4088 625 4142 hoc
679 4085 905 4151 mundo,
952 4094 1212 4156 tanquam
1251 4102 1360 4141 non
1390 4087 1714 4143 abutantur.
1764 4106 1781 4140 ι
1841 4089 2090 4145 Abusum

519 4179 652 4234 dicit
689 4179 920 4233 nimium
947 4179 1028 4233 uti
1061 4178 1342 4234 mundana
1372 4180 1656 4249 voluptate
1687 4189 1816 4250 puta
1851 4181 2090 4246 deliciis,

521 4272 723 4326 divitiis
750 4287 813 4326 ac
853 4271 1128 4340 voluptate
1156 4287 1251 4326 seu
1306 4272 1540 4342 imperio
1570 4289 1583 4324 :
1620 4272 1934 4342 signiﬁcans
1985 4274 2092 4330 hoc

517 4378 639 4419 esse
666 4379 774 4417 non
802 4363 879 4417 uti
915 4377 983 4416 eo
1024 4363 1174 4418 sicut
1207 4362 1388 4417 decet.
1425 4363 1616 4432 Neque
1655 4363 1802 4418 enim
1830 4363 1902 4419 ob
1945 4364 2000 4418 id
2034 4364 2091 4419 in

517 4457 782 4512 mundum
815 4455 1039 4511 adducti
1076 4471 1266 4510 sumus
1297 4464 1358 4510 ut
1401 4457 1518 4512 hzec
1557 4456 1845 4512 faciamus.
1871 4456 2007 4512 Nam
2035 4457 2087 4512 in

2190 1977 2307 2027 τες,
2365 1960 2465 2015 καὶ
2518 1963 2571 2016 ol
2623 1965 2911 2032 χρώμενοι
2962 1964 3042 2029 τῷ
3094 1966 3300 2036 κόσμῳ
3351 1970 3518 2033 τούτῳ
3543 1972 3683 2042 ὡςμὴ

2190 2049 2652 2123 καταχρώμενοι.
2684 2055 2940 2126 Παράγει
2967 2073 3075 2126 γαρ
3097 2058 3162 2110 τὸ
3187 2057 3388 2129 σχῆμα
3407 2059 3498 2116 τοῦ
3515 2063 3684 2134 κόσμου

2192 2146 2428 2200 τούτου.

2277 2235 2496 2306 Ἐπειδὴ
2521 2231 2680 2289 εἶπεν
2706 2237 2786 2290 ὅτι
2814 2237 2994 2306 Ολίψιν
3023 2240 3088 2310 τῇ
3119 2241 3286 2312 σαρκὶ
3309 2242 3519 2310 ἕξουσιν,
3541 2245 3608 2300 ἵνα
3634 2247 3684 2318 μή

2191 2343 2274 2390 τις
2304 2329 2457 2398 εἴπῃ,
2491 2327 2653 2381 Ἀλλά
2701 2329 2795 2382 καὶ
2836 2329 3050 2398 ἡδονὴν,
3078 2332 3142 2384 ὲκ
3197 2331 3292 2385 τοῦ
3332 2335 3684 2406 συνεσταλμένου

2193 2419 2389 2486 καιροῦ
2413 2422 2668 2494 πειρᾶται
2693 2422 2762 2475 τά
2788 2423 2884 2492 τῆς
2912 2421 3104 2493 ἡδονῆς
3139 2423 3444 2494 ὑποτεμεῖν.
3476 2426 3556 2479 Διὰ
3576 2427 3684 2481 τοῦτό

2194 2529 2360 2581 φησι·
2391 2513 2571 2581 Λέγω,
2597 2515 2679 2567 ὅτι
2711 2513 2893 2584 θλίψιν
2935 2513 3174 2581 ἕξουσιν,
3198 2516 3382 2587 ἐπειδὴ
3411 2519 3527 2587 μήτε
3551 2520 3685 2589 ἡδονὴν

2192 2604 2446 2658 δύνανται
2499 2603 2668 2675 ἔχειν,
2716 2604 2793 2675 τῷ
2821 2604 2913 2658 τὸν
2954 2606 3146 2678 καιρὸν
3191 2605 3334 2660 οὕτω
3385 2609 3682 2673 συνεστάλθαι,

2194 2697 2446 2768 καὶπρὸς
2470 2697 2623 2751 λύσιν
2653 2698 2995 2768 ἐπείγεσθαι.
3027 2700 3169 2771 Ἤδη
3207 2699 3312 2773 γάρ
3345 2701 3546 2771 ἦγγικεν
3570 2703 3595 2771 ἡ

2196 2792 2373 2845 σιλεία
2397 2791 2488 2845 τοῦ
2514 2791 2777 2864 Χριστοῦ,
2804 2793 2897 2846 καὶ
2922 2791 3108 2846 λοιπὸν
3131 2793 3428 2862 ἀποδημεῖν
3447 2794 3559 2862 πρὸς
3575 2795 3685 2847 αὐτὸν

2195 2883 2556 2954 κελευόμεθα.
2593 2903 2611 2935 ι
2649 2883 2735 2948 Ὠς
2767 2885 2842 2956 μὴ
2867 2884 3080 2955 ἔχοντες
3103 2877 3229 2938 ὦσι.
3269 2902 3288 2937 ι
3323 2885 3440 2947 Πῶς
3464 2884 3504 2938 δ’
3528 2885 3579 2940 ἂν
3597 2877 3686 2939 ὗεν

2193 2974 2267 3037 ὡς
2297 2974 2371 3045 μὴ
2397 2974 2610 3045 ἔχοντες
2635 2993 2650 3040 ;
2683 2975 2774 3029 Ἐν
2808 2975 2886 3046 τῷ
2913 2975 2986 3048 μὴ
3012 2975 3314 3030 ὑπακούειν
3338 2978 3509 3040 αὑταῖς
3537 2977 3596 3039 είς
3621 2977 3684 3037 τὰς

2199 3067 2387 3137 μωρὰς
2407 3066 2502 3119 τοῦ
2534 3066 2739 3137 κόσμου
2773 3067 3093 3138 ἐπιθυμίας.
3130 3099 3202 3108 -
3223 3063 3538 3141 [ΟΙΚΟΥΜ.]
3563 3067 3684 3120 Ἣότι

2197 3156 2290 3207 καὶ
2319 3155 2446 3226 περὶ
2478 3157 2577 3227 τὴν
2613 3157 2764 3228 μίξιν
2795 3161 3084 3230 ἐγκρατεῖς
3122 3155 3266 3212 εἷναι
3295 3160 3538 3230 βούλεται.
3571 3177 3586 3211 ι
3613 3157 3684 3211 Καὶ

2198 3246 2247 3299 οἱ
2274 3246 2608 3312 κλαίοντες.»
2639 3248 2739 3302 Διὰ
2756 3248 2854 3319 τὴν
2872 3249 2964 3303 τοῦ
2993 3251 3191 3320 καιροῦ
3225 3251 3534 3322 βραχύτητα,
3562 3249 3684 3301 πάντα

2199 3340 2257 3391 ὲν
2283 3339 2487 3411 σπουδῇ
2514 3339 2608 3393 νῦν
2640 3339 2958 3411 ὑπάρχοντά
2983 3359 3147 3406 τισιν,
3172 3343 3250 3405 ὡς
3269 3344 3366 3396 οὐκ
3397 3343 3527 3403 ὄντα,
3554 3338 3681 3409 φησιν.

2198 3430 2487 3502 ὀφείλομεν
2543 3433 2819 3502 ἡγεῖσθαι,
2866 3434 2960 3487 καὶ
2995 3434 3056 3488 τὸ
3086 3433 3236 3506 ἔχειν
3265 3436 3500 3504 γυναῖκα,
3545 3433 3616 3485 καὶ
3645 3428 3683 3481 ti

2198 3522 2434 3593 χαίρειν,
2494 3525 2590 3578 καὶ
2641 3525 2702 3577 τὸ
2761 3524 3070 3581 λυπεῖσθαι.
3125 3528 3301 3581 Ὅταν
3360 3526 3459 3596 γάρ
3511 3521 3682 3592 mliti

2199 3613 2450 3678 Θάνατος.
2489 3615 2543 3668 τί
2571 3615 2651 3669 δεῖ
2674 3619 2784 3680 τοῖς
2820 3610 2922 3672 ὧδε
2953 3618 3373 3690 ἐμφιλοχωρεῖν,
3405 3618 3486 3671 καὶ
3514 3613 3683 3682 νομίζειν

2199 3704 2339 3762 εἶναι
2371 3707 2550 3778 γάμον
2585 3710 2676 3762 καὶ
2713 3710 3034 3782 ἀγορασίας,
3075 3711 3107 3782 ἢ
3141 3712 3209 3765 τὸ
3253 3712 3386 3775 ὅλως
3422 3709 3612 3782 χρᾶσθαι
3635 3703 3684 3772 τῷ

2197 3801 2390 3871 κόσμῳ
2419 3818 2433 3868 ;
2475 3820 2492 3854 ι
2523 3803 2634 3856 Καὶ
2653 3803 2702 3856 οἱ
2729 3803 3002 3874 χρώμενοι
3031 3803 3108 3874 τῷ
3136 3804 3331 3876 κόσμῳ
3361 3803 3532 3872 τούτῳ.
3560 3799 3616 3863 ὡς
3637 3797 3684 3866 μὴ

2199 3896 2635 3969 καταχρώμενοι.
2673 3918 2691 3951 ι
2743 3899 2816 3954 Τὸ
2854 3901 2995 3954 πάνυ
3053 3903 3117 3972 τῇ
3168 3903 3402 3972 κοσμικῇ
3447 3895 3685 3954 ἀπολαύσειν

2197 3982 2310 4042 οἷον
2359 3993 2538 4059 τρυφῇ
2591 3993 2689 4045 καὶ
2727 3991 2942 4062 πλούτῳ
2973 3992 3066 4046 καὶ
3107 3992 3398 4063 δυναστείᾳ
3444 3983 3684 4058 κεχρῆσθαι.

2199 4082 2551 4152 παράχρησιν
2601 4083 2781 4150 καλεῖ,
2807 4083 3056 4138 τουτέστι
3093 4084 3154 4137 τὸ
3192 4085 3268 4155 μὴ
3297 4081 3564 4154 κεχρῆσθαι
3587 4072 3686 4141 αὐτῷ

2198 4173 2379 4238 καθὼς
2409 4176 2610 4247 πρέπει
2639 4176 2943 4247 σημαίνων.
3001 4177 3076 4230 Οὐ
3127 4177 3240 4249 γάρ
3289 4176 3374 4231 διὰ
3412 4173 3549 4228 τοῦτο
3589 4182 3685 4235 πιρ-

2198 4267 2450 4339 ήχθημεν
2482 4271 2562 4333 εἰς
2589 4269 2682 4322 τὸν
2709 4268 2934 4339 κόσμον,
2951 4269 3038 4323 ἵνα
3065 4268 3244 4323 ταῦτα
3278 4269 3590 4340 πράττωμεν.
3610 4255 3684 4312 Ἐπ’

2198 4361 2383 4432 εργοις
2435 4362 2546 4434 γὰρ
2601 4362 2827 4432 ἀγαθοῖς
2874 4362 3202 4433 ἑκτίσμεθα.
3257 4361 3318 4418 Ὀ
3354 4356 3442 4415 οὖν
3485 4357 3542 4410 τὰ
3570 4357 3612 4408 ὲν
3634 4341 3686 4410 oi;

2199 4454 2446 4524 ἐπλάσθη
2477 4455 2655 4524 ἀφεὶς,
2689 4456 2784 4510 καὶ
2827 4455 3034 4525 ἑτέρως
3087 4455 3171 4527 τῷ
3231 4456 3417 4526 κόσμῳ
3461 4449 3686 4522 χρώμενοςν
3788 4479 3789 4507 ξ

518 4551 676 4604 bouis
706 4548 966 4619 aperibus
994 4548 1160 4603 creati
1191 4549 1512 4616 sumus.Qui
1535 4565 1667 4621 ergo
1696 4550 1782 4604 his
1806 4549 1860 4604 in
1891 4550 2089 4620 quibus

2199 4549 2550 4618 παραχρᾶται
2611 4548 2782 4616 αὐτῷ.
2823 4567 2842 4599 ι
2885 4549 3132 4618 Παράγει
3189 4547 3299 4618 γάρ
3335 4545 3392 4599 τὸ
3440 4543 3592 4613 σχῆμα
3625 4530 3687 4586 τοῦ

516 4643 782 4698 formatus
796 4651 880 4696 cst
899 4642 1128 4707 relictis,
1161 4641 1324 4696 etiam
1344 4642 1452 4697 alio
1487 4642 1838 4696 modoutitur
1857 4643 2088 4707 mundo,

515 4733 759 4786 abutitur
785 4732 922 4802 ipso.
965 4752 983 4784 ι
1026 4733 1274 4787 Praeterit
1327 4733 1475 4786 enim
1504 4731 1728 4787 habitus
1755 4733 1946 4787 mundi
1983 4733 2092 4788 hu-

511 4825 620 4894 jus.
663 4842 681 4874 ι
723 4823 944 4878 Transit
987 4831 1044 4878 et
1077 4822 1237 4878 ﬁnem
1269 4823 1461 4889 habet,
1495 4825 1696 4894 inquit,
1725 4827 1966 4882 mundus
1995 4828 2090 4897 qui

515 4929 661 4968 nunc
695 4915 931 4968 videtur.
961 4915 1101 4982 Quid
1137 4931 1268 4986 ergo
1334 4916 1411 4969 illi
1470 4915 1752 4972 adhaerere
1809 4933 1950 4988 opus
2002 4928 2092 4974 est

514 5007 658 5075 quod
687 5007 1040 5061 dissolvitur?
1068 5008 1326 5063 Habitum
1367 5015 1550 5062 autem
1587 5007 1748 5072 dixit,
1791 5008 2091 5064 ostendens

2198 4639 2407 4709 κόσμου
2440 4639 2651 4693 τούτου.
2683 4658 2702 4691 ι
2738 4639 3080 4710 Παρέρχεται
3111 4640 3206 4692 καὶ
3235 4637 3384 4698 τέλος
3417 4634 3534 4699 ἔξει,
3556 4627 3686 4697 φησὶν.

2198 4732 2228 4785 ὁ
2257 4733 2461 4802 κόσμος
2493 4731 2521 4784 ὁ
2555 4731 2650 4784 νῦν
2680 4731 2978 4803 ὁρώμενος.
3031 4732 3096 4784 Τί
3138 4727 3268 4796 οὗν;
3305 4726 3507 4801 ἔχεσθαι
3541 4721 3605 4775 δεῖ
3624 4712 3686 4768 τοῦ
3786 4753 3787 4803 γ

2197 4825 2461 4896 λυομένου
2492 4843 2507 4892 ;
2539 4826 2729 4897 Σχῆμα
2767 4826 2823 4878 δὲ
2873 4820 3046 4889 εἶπεν,
3103 4824 3380 4894 ἐμφαίνων
3432 4811 3686 4886 άχριὸψεως

2197 4913 2337 4971 εἶναι
2387 4917 2457 4971 τὰ
2512 4917 2607 4970 τοῦ
2651 4917 2917 4989 παρόντος
2968 4915 3196 4986 κόσμου,
3249 4913 3342 4967 καὶ
3389 4910 3481 4964 οὐκ
3523 4904 3634 4975 ἔχειν
3652 4911 3685 4946 τι
3783 4983 3785 4992 Ε

2200 5011 2428 5082 μόνιμον
2451 5011 2484 5080 ἢ
2515 5010 2750 5081 βέϐαιον.

515 5097 568 5151 in
603 5107 890 5166 prospectu
921 5106 1130 5153 tantum
1184 5115 1304 5154 esse
1333 5115 1454 5169 qua:
1505 5099 1668 5171 hujus
1697 5101 1886 5155 mundi
1923 5109 2073 5167 sunt,
2113 5117 2215 5161 nec
2252 5105 2550 5175 quidquam
2588 5102 2792 5157 habere
2825 5099 3077 5156 durabile
3111 5096 3457 5154 autﬁrmum.

589 5189 696 5252 νιι,
726 5188 797 5242 Ξῖ
830 5191 918 5244 54.
957 5190 1123 5259 Cupio
1159 5202 1337 5247 autem
1382 5210 1470 5248 vos
1505 5195 1698 5263 absque
1735 5193 2088 5249 sollicitudine

513 5297 642 5335 esse.
683 5279 785 5345 Qui
817 5281 1000 5336 carlebs
1023 5292 1097 5336 est
1120 5293 1272 5338 curat
1301 5301 1361 5338 eo
1393 5301 1511 5355 quin
1531 5295 1657 5340 sunt
1705 5285 1942 5350 Domini,
1964 5301 2092 5356 quo-

2263 5199 2425 5255 Θέλω
2474 5197 2542 5252 δὲ
2585 5197 2742 5267 ὑμᾶς
2781 5197 3140 5265 ἀμερίμνους
3190 5187 3363 5246 εἶναι.
3423 5187 3479 5242 '0
3521 5183 3684 5250 ἄγαμος

2186 5289 2443 5362 μεριμνᾷ
2473 5291 2544 5346 τὰ
2589 5291 2694 5346 τοῦ
2729 5291 2992 5358 Κυρίου,
3017 5285 3140 5352 πῶς
3181 5285 3383 5353 ἁρέσει
3430 5277 3499 5344 τῷ
3529 5269 3683 5362 Κιιοίξὲ

513 5371 664 5426 modo
691 5370 980 5441 placiturus
1009 5375 1078 5426 sit
1110 5374 1354 5428 Domino.
1406 5353 1514 5440 Qui
1541 5385 1722 5432 autem
1775 5379 1925 5437 duxit
1956 5353 2089 5432 uso-

2401 5353 2678 5452 ’γαμήσας
2731 5353 2984 5451 μεριμνᾷ
3044 5377 3118 5432 τὰ
3169 5375 3278 5430 τοῦ
3338 5374 3560 5438 κόσμου.

512 5481 622 5517 rem
644 5507 659 5528 ,
689 5471 840 5516 curat
891 5480 952 5518 ea
983 5481 1100 5534 qua:
1131 5475 1253 5519 sunt
1286 5469 1490 5532 mundi,
1519 5469 1777 5537 quomodo
1798 5468 2089 5540 placiturus

2194 5443 2502 5546 ἀρέσθ’τῆ
2542 5443 2818 5543 ’τυκαιιιίξ
2859 5443 3228 5539 *Μεμέρισται
3285 5468 3323 5533 ή
3372 5457 3510 5533 γυνὴ
3549 5450 3622 5546 καί
3657 5443 3682 5508 ἦ

508 5559 578 5610 sit
604 5558 778 5612 uxori.
799 5556 981 5612 Divisa
1017 5568 1090 5612 est
1119 5559 1407 5629 conjugata
1439 5578 1472 5614 a
1499 5562 1718 5630 virgine.
1753 5560 1881 5626 Quae
1911 5561 2089 5616 celebs

513 5659 586 5703 est
632 5658 783 5704 curat
830 5667 892 5704 ea
940 5667 1055 5722 quc
1094 5660 1219 5706 sunt
1247 5651 1475 5716 Domini,
1509 5661 1565 5706 ut
1591 5653 1657 5706 sit
1685 5663 1870 5708 sancta
1899 5661 1948 5707 et
1971 5669 2091 5706 cor-

512 5756 636 5810 pore
685 5751 734 5794 et
760 5743 948 5812 spiritu
985 5761 1003 5799 :
1039 5760 1156 5810 qua
1183 5759 1305 5799 vero
1335 5747 1509 5814 nupsit
1543 5746 1677 5808 viro,
1707 5753 1859 5799 curat
1885 5759 1945 5798 ea
1977 5760 2092 5812 qua

513 5843 634 5887 sunt
662 5837 864 5896 mundi.
905 5838 1160 5907 quomodo
1187 5837 1452 5910 placitura
1485 5839 1556 5893 sit
1583 5838 1712 5894 uiro.

2196 5542 2512 5637 παρθένος.
2678 5565 2905 5634 ἄγαμος
2945 5559 3200 5633 μεριμνᾷ
3255 5557 3326 5612 τὰ
3373 5551 3471 5610 τοῦ
3504 5542 3680 5637 Κιιιξιόςί

2431 5619 2622 5722 ⁷ἀγίιῖ
2648 5619 2747 5706 καί
2789 5619 3034 5718 ἓώᾷιᾶτὶ
3076 5619 3180 5700 2ιαὶ
3244 5641 3513 5709 πνεύματι
3533 5628 3619 5725 ’-ἧι
3639 5619 3684 5672 δέ

2196 5721 2541 5814 γαμήσασα,
2571 5737 2827 5815 μεριμνᾷ
2855 5739 2927 5794 τὰ
2963 5738 3068 5794 τοῦ
3111 5737 3360 5806 κόσμου,
3393 5727 3502 5793 πῶς
3539 5721 3682 5788 ἀρέσῃ
3777 5759 3779 5815 i

2196 5829 2274 5896 τῷ
2291 5830 2485 5899 ἀνδρί.

3774 5773 3779 6038 Υ
