3872 6558
157 391 265 456 741

159 595 268 661 Τὰς
296 595 404 666 γὰρ
432 595 704 666 κοσμικὰς
735 596 1044 665 φροντίδας,
1073 596 1158 660 τίς
1184 597 1376 665 ἀγνοεῖ
1400 613 1416 660 ς
1449 615 1468 649 ι
1519 595 1577 650 '0
1602 597 1744 665 ἄγα-

161 706 259 760 μος
312 689 556 758 μεριμνᾷ
585 689 656 742 τὰ
694 688 790 740 τοῦ
837 688 1068 758 Κυρίου.
1104 705 1122 740 ι
1179 678 1321 760 Ὅρα
1366 688 1484 752 πῶς
1527 691 1595 758 τῇ
1643 689 1744 758 τῆς

161 783 430 853 μερίμνης
464 781 704 852 διαφορᾷ
727 781 820 855 ἐπὶ
843 781 1144 852 παρθενίαν
1168 781 1499 853 παρακαλεῖ.
1526 779 1602 835 Τὸ
1633 781 1742 851 γὰρ

154 871 222 927 τὰ
262 872 358 924 τοῦ
408 872 618 941 Κυρίου
670 873 963 942 μεριμνᾷν,
989 873 1087 926 οὐκ
1121 873 1237 926 ἔστι
1281 873 1559 944 μέριμνα,
1607 872 1744 927 ἀλλὰ

158 965 422 1036 σωτηρία.
461 963 626 1017 Ὅθεν
657 963 769 1018 ἄνω
815 963 986 1033 λέγει,
1025 983 1043 1016 ι
1082 965 1234 1019 Θέλω
1287 965 1345 1019 δὲ
1378 966 1522 1029 ὑμᾶς
1547 964 1743 1036 ἀμερί-

159 1073 322 1125 μνους
366 1051 529 1110 εἶναι.
565 1073 582 1106 ι
605 1086 674 1095 -
709 1074 727 1109 ι
761 1057 1104 1128 Μεμέρισται
1139 1059 1172 1127 ἡ
1206 1059 1346 1128 γυνὴ
1375 1057 1466 1110 καὶ
1523 1058 1558 1129 ἡ
1602 1073 1745 1129 παρ-

156 1147 364 1208 θένος.»
403 1145 813 1218 [ΟῙΚΟΥΜ.]-
833 1149 1197 1218 Μεμέρισται,
1219 1150 1518 1213 τουτέστιν,
1550 1147 1611 1200 οὐ
1645 1148 1742 1216 τὴν

154 1239 324 1308 αὐτὴν
353 1237 539 1308 έχουσι
575 1239 856 1310 φροντίδα,
886 1238 1023 1292 ἀλλά
1051 1240 1459 1309 μεμερισμέναι
1486 1239 1592 1291 εἰσὶ
1621 1239 1742 1300 ταῖς

156 1329 438 1391 σπουδαῖς.
516 1329 580 1382 Ἦ
644 1329 743 1399 μὲν
799 1331 904 1400 γὰρ
967 1331 1260 1401 παρθένος,
1301 1331 1457 1400 φησὶ,
1517 1332 1588 1386 τὰ
1647 1330 1740 1385 τοῦ

162 1419 371 1489 Κυρίου
401 1419 664 1488 μεριμνᾷ,
705 1418 792 1472 ἵνα
832 1415 865 1491 ᾗ
915 1419 1127 1490 σώματι
1161 1422 1254 1474 καὶ
1286 1421 1556 1490 πνεύματι
1589 1421 1737 1489 ἁγία,

159 1509 374 1578 σώματι
407 1509 507 1579 μὲν
563 1509 651 1562 διά
693 1511 790 1580 τὴν
835 1511 1080 1578 ἁγνείαν,
1133 1513 1408 1584 πνεύματι
1436 1515 1491 1567 δὲ
1521 1515 1609 1568 διὰ
1643 1513 1740 1584 τὴν

159 1600 294 1670 πρὸς
340 1600 432 1652 τὸν
479 1600 611 1653 Θεὸν
669 1601 1004 1670 οἰκειότητα,
1053 1606 1148 1658 καὶ⁵
1171 1606 1272 1673 τὴν
1328 1605 1597 1675 ἐνοίκησιν
1645 1605 1738 1658 τοῦ

162 1690 512 1760 παρακλήτου
566 1690 902 1762 Πνεύματος.
967 1713 986 1746 ι
1042 1694 1104 1748 Ἢ
1143 1696 1200 1749 δὲ
1255 1696 1324 1750 τὰ
1379 1695 1476 1749 τοῦ
1533 1696 1738 1761 κόσμου

168 1783 427 1853 μεριμνᾷ.
462 1801 481 1833 ι
525 1781 706 1852 ’Δνδρὶ
754 1784 861 1854 γὰρ
888 1785 1084 1854 ἀρέσαι
1122 1784 1392 1856 βούλεται.
1427 1788 1590 1850 Ἴσως
1631 1787 1737 1855 γὰρ

1048 393 1439 458 COMMENT.
1482 394 1567 454 ΙΝ
1602 393 1845 456 EPIST.
1867 395 1898 455 ἶ
1927 397 2028 456 AD
2067 395 2430 459 CORINTH.

226 502 351 567 Πῶς
402 501 450 557 δ’
495 500 563 556 ἂν
609 500 800 571 εἴημεν
832 501 1150 575 ἀμέριμνοι,
1191 504 1240 556 εἰ
1292 504 1499 576 ἄγαμοι
1544 497 1738 574 (busti;

1915 506 2202 572 Quomodo
2247 517 2435 565 autem
2502 507 2713 579 absque
2762 509 3133 568 sollicitudine
3165 528 3287 569 esse
3318 528 3423 586 ρο·
3514 505 3518 512 ’

3308 400 3418 464 ’ΜΞ

1847 596 2098 662 terimus,
2129 599 2322 653 sinon
2353 599 2528 654 simus
2557 600 2876 670 conjugati?
2897 600 3033 667 Quis
3066 604 3214 658 enim
3259 620 3423 660 curas

1844 687 2060 758 ignorat
2083 691 2437 746 mundanas?
2468 711 2488 746 ι
2542 693 2644 760 Qui
2676 693 2876 748 czelebs
2903 702 2985 749 est
3020 705 3179 748 curat
3203 712 3266 749 ea
3295 714 3419 766 quae

1843 789 1973 835 sunt
2004 781 2243 836 Domini.
2286 800 2306 834 ι
2348 783 2489 838 Vide
2515 785 2793 853 quomodo
2822 801 2922 854 per
2965 802 3112 842 curse
3155 787 3420 842 diﬁeren-

1844 872 1975 927 tiam
2005 872 2251 944 “7M
2288 874 2657 945 virginitatem
2684 877 3030 934 adhortetur.
3065 878 3200 932 Nam
3225 896 3421 936 curare

1841 979 1905 1019 ea
1928 981 2050 1035 quae
2074 966 2289 1020 Domini
2317 975 2469 1031 sunt,
2499 983 2609 1022 non
2655 979 2739 1024 est
2765 971 3067 1025 sollicitum
3123 988 3272 1038 esse,
3323 974 3420 1028 sed

1841 1064 1925 1109 est
1957 1057 2125 1110 salus.
2156 1057 2309 1113 Unde
2334 1059 2590 1128 superius
2629 1059 2763 1114 dicit
2801 1077 2813 1111 :
2853 1081 2870 1112 ι
2905 1062 3082 1131 Cupio
3115 1073 3298 1118 autem
3324 1081 3421 1120 vos

1841 1143 2050 1213 absque
2065 1146 2436 1201 sollicitudine
2460 1163 2604 1203 esse.
2620 1168 2640 1201 ι
2659 1150 2946 1206 —iDivisa
2969 1159 3052 1204 est
3074 1154 3363 1223 conjugata
3389 1170 3420 1208 a

1841 1235 2076 1304 virgine.
2111 1256 2128 1289 ι
2172 1256 2190 1289 ι
2231 1239 2416 1292 Divisa
2445 1249 2548 1303 est,
2606 1259 2624 1291 ι
2684 1242 2787 1296 hoc
2835 1252 2939 1307 est,
3000 1259 3109 1297 non
3165 1245 3416 1299 eamdem

1842 1327 2049 1383 habent
2105 1345 2317 1394 curam,
2352 1330 2448 1385 ευά
2479 1330 2676 1404 studiis
2713 1332 2904 1387 divisae
2935 1344 3082 1388 sunt.
3131 1335 3416 1404 Siquidem

1841 1421 2016 1492 virgo,
2039 1421 2236 1492 inquit,
2259 1433 2414 1478 curat
2443 1403 2652 1495 eaquae
2673 1438 2799 1482 sunt
2833 1429 3072 1496 Domini,
3097 1439 3158 1483 ut
3190 1445 3419 1500 corpore

1840 1520 1896 1564 et
1944 1511 2144 1580 spiritu
2201 1524 2390 1568 sancta
2446 1515 2563 1568 sit:
2620 1530 2855 1584 corpore
2913 1518 3138 1586 quidem
3190 1535 3418 1589 propter

1842 1604 2177 1668 castitatem,
2211 1607 2412 1674 spiritu
2460 1624 2591 1662 vero
2623 1619 2847 1678 propter
2879 1609 3312 1665 familiaritatem
3353 1614 3419 1667 ad

1842 1695 2038 1760 Deum,
2074 1707 2131 1751 et
2160 1695 2402 1766 Spiritus
2425 1702 2684 1768 paraclcti
2717 1701 3197 1757 inhabitationem.
3235 1723 3251 1753 ι
3288 1703 3418 1769 Quae

1840 1803 1973 1843 vero
2005 1790 2193 1858 nupsit
2229 1791 2379 1856 viro,
2425 1803 2581 1846 curat
2604 1809 2668 1848 ea
2697 1810 2818 1864 qua:
2840 1795 3029 1848 mundi
3072 1805 3252 1849 sunt.)
3283 1797 3416 1851 Nam

164 1873 254 1928 καὶ
269 1873 493 1938 εὕοπτος
523 1870 661 1926 εἶναι
685 1874 958 1944 βούλεται,
984 1880 1076 1931 καὶ
1096 1879 1366 1949 οἰκουρὸς,
1398 1881 1488 1932 καὶ
1507 1879 1642 1949 μηδὲ
1660 1881 1736 1948 τῷ

1845 1879 1966 1934 viro
2002 1881 2218 1950 placere
2248 1883 2423 1952 cupit.
2452 1883 2723 1938 Fortassis
2749 1887 2894 1939 enim
2919 1887 3147 1955 pulchra
3188 1897 3417 1956 aspectu

164 1966 398 2036 δεομένῳ
424 1964 676 2019 ἀπλοῦσα
713 1969 872 2036 χεῖρα
932 1969 1334 2040 φιλάνθρωπον.
1381 1969 1652 2024 Γυναῖκα
1679 1970 1734 2022 δέ

167 2075 311 2130 φησι,
342 2059 444 2129 τὴν
465 2061 871 2131 γεγαμηκυῖαν.

235 2341 417 2398 Τοῦτο
440 2341 509 2396 δὲ
530 2341 681 2412 πρὸς
706 2341 772 2396 τὸ
801 2341 972 2412 ὑμῶν
997 2342 1197 2396 αὐτῶν
1227 2341 1542 2413 συμφέρον
1555 2343 1734 2414 λέγω,

171 2441 277 2506 οὐχ
323 2438 423 2491 ἵνα
464 2437 697 2506 βρόχον
725 2436 866 2506 ὑμῖν
918 2436 1201 2503 ἐπιϐάλω,
1248 2437 1409 2492 ἀλλὰ
1463 2438 1612 2505 πρὸς
1671 2437 1738 2492 τὸ

172 2531 472 2598 εὔσχημον
497 2533 598 2583 καὶ
636 2528 1048 2597 εὐπρόσεδρον
1073 2528 1152 2594 τῷ
1184 2531 1384 2597 Κυρίῳ
1410 2530 1738 2598 ἁπερισπά·

174 2640 341 2688 στως.
391 2625 460 2678 Ει
499 2621 568 2676 δέ
602 2640 694 2688 τις
723 2622 1100 2691 ἀσχημονεῖν
1164 2623 1263 2676 ἐπὶ
1297 2623 1412 2691 τὴν
1437 2624 1739 2692 παρθένον

175 2715 349 2770 αὐτοῦ
412 2714 656 2784 νομίζει,
705 2715 816 2769 ἐὰν
864 2710 905 2786 ᾖ
959 2715 1322 2784 ὑπέρακμος,
1399 2716 1498 2770 καί
1552 2715 1740 2782 οὕτως

178 2805 391 2874 ὀφείλει
429 2807 720 2876 γίνεσθαι,
772 2806 805 2861 ὃ
849 2806 1031 2876 θέλει,
1077 2808 1334 2874 ποιείτω,
1379 2808 1493 2877 οὐχ
1559 2807 1737 2877 ἀμαρ-

179 2896 352 2958 τὰνει,
384 2898 780 2966 γαμείτωσαν.

238 2988 368 3050 Τοὺς
393 2987 449 3039 δὲ
501 2988 629 3058 περὶ
661 2987 956 3058 παρθενίας
987 2987 1203 3057 λόγους,
1249 2990 1434 3058 φησὶν,
1482 2989 1732 3060 ὲκίνησα,

173 3079 323 3134 τοῦτο
348 3080 472 3150 ὑμῖν
510 3081 811 3151 συμφέρειν
841 3079 1020 3147 εἰδὼς,
1047 3083 1147 3152 οὐχ
1207 3081 1296 3135 ἵνα
1345 3083 1402 3136 δὲ
1440 3083 1738 3150 ἀναγκάσω

174 3171 309 3241 ὑμᾶς
357 3173 449 3227 καὶ
499 3173 750 3237 θέλοντας
797 3174 891 3228 καὶ
953 3176 1028 3245 μὴ
1073 3175 1324 3238 θέλοντας
1348 3175 1726 3244 παρθενεύειν.

175 3229 402 3337 ’ίὴνγάρ
428 3266 672 3335 ἀνάγκην
722 3229 915 3337 θρὸχον
941 3229 1118 3322 καλεῖ.
1155 3229 1324 3339 Ὁρᾷς
1371 3229 1488 3330 πως
1535 3267 1738 3321 δέδοικε
1766 3229 1808 3286 C

174 3355 364 3411 τέλειά)
401 3375 452 3409 τι
482 3356 781 3421 ὲπιτάξαις
823 3375 842 3408 ι
897 3355 1060 3410 Ἀλλά
1093 3357 1228 3427 πρὸς
1263 3357 1324 3410 τὸ
1363 3358 1656 3428 εὔσχημον.
1716 3376 1734 3410 ι

177 3446 239 3500 Τί
294 3447 398 3518 γὰρ
427 3448 696 3519 παρθένου
725 3447 821 3502 καὶ
865 3447 966 3516 τῆς
1029 3448 1285 3518 τοιαύτης
1317 3447 1592 3510 πολιτείας
1647 3448 1740 3501 καὶ

177 3541 311 3610 ζωῆς
348 3541 880 3612 εὐσχημονέστερον;
922 3559 940 3592 ι
970 3541 1080 3595 Καὶ
1114 3541 1474 3613 εὐπρόσεδρον
1505 3541 1582 3611 τῷ
1629 3541 1740 3593 Κυ-

183 3633 292 3703 ρίιρ.
351 3651 370 3685 ι
402 3635 476 3688 Οὐ
502 3635 609 3706 γὰρ
640 3633 805 3701 λέγω,
833 3634 986 3703 φησι,
1010 3635 1204 3697 ταῦτα,
1258 3633 1346 3688 ἵνα
1375 3632 1568 3704 βρόχον
1610 3633 1740 3701 ὑμῖν

179 3724 268 3775 καὶ
285 3724 522 3795 ἀνάγκην
545 3725 810 3788 ἑπιὸἀλω,
846 3725 982 3779 ἀλλά
1033 3727 1169 3796 πρὸς
1193 3725 1255 3778 τὸ
1317 3724 1593 3795 εὖσχημον
1645 3725 1739 3779 καὶ

181 3813 592 3887 ἀπερισπάστως
623 3817 986 3888 εὐπρόσεδρον
1008 3817 1084 3889 τῷ
1107 3817 1296 3888 Κυρίῳ
1325 3819 1553 3886 ἀγαγεῖν
1597 3817 1740 3886 ὑμᾶς

190 3904 514 3978 βουλόμενος.
565 3910 722 3964 Ἐστι
761 3910 818 3964 δὲ
850 3910 1233 3982 εὐπρόσεδρον,
1265 3909 1327 3964 τὸ
1371 3907 1612 3980 εὐχερῶς
1638 3925 1743 3960 πα-

189 3999 462 4070 ραμένονῆ
507 4000 792 4068 διηνεκῶς,
839 4002 1280 4071 ἀμετεωρίστως,
1343 3999 1735 4071 ἀφροντίστως.

193 4105 209 4138 ι
251 4089 307 4141 Et
334 4089 389 4142 δέ
421 4108 504 4153 τις
528 4093 876 4161 ἀσχημονεῖν.
924 4109 943 4143 ι
987 4092 1268 4144 Ἀσθένεια
1296 4091 1507 4160 φύσεως
1529 4088 1740 4161 ἀνθρὼ-

189 4195 278 4234 που
301 4182 360 4235 τὸ
385 4183 626 4252 νομίζειν
651 4184 1003 4253 ἀσχημονεῖν,
1052 4184 1170 4251 εἴγε
1201 4184 1299 4254 τὴν
1346 4183 1538 4236 ἑαυτοῦ
1574 4183 1741 4250 θυγα-

187 4271 304 4342 τέρα
332 4276 886 4346 φυλάττειπαρθένον,
924 4277 1018 4329 καὶ
1049 4275 1167 4346 Θεῷ
1201 4277 1512 4346 ἀφιεροῖ.--
1537 4273 1738 4348 [ΦΩΤ.]

190 4361 242 4416 Et
271 4366 325 4418 δέ
351 4384 450 4431 τις,
483 4369 668 4436 φησὶν,
702 4368 1088 4438 ἀσχημοσύνην
1112 4369 1321 4440 νομίζει
1350 4369 1538 4440 φέρειν
1566 4367 1736 4437 αὐτῷ,

190 4454 452 4511 ἀνέκδοτον
477 4459 640 4529 γάμῳ
661 4459 950 4528 φυλάττειν
983 4461 1121 4514 οἴκοι
1144 4461 1244 4530 τὴν
1275 4461 1550 4531 θυγατέρα
1597 4476 1738 4530 παρ-

1840 1986 1962 2026 esse
1986 1973 2124 2038 vult,
2151 1981 2207 2028 et
2235 1975 2432 2029 domus
2486 1991 2670 2029 rurant
2725 1977 2954 2041 habens,
3000 1993 3099 2032 nec
3155 1978 3416 2048 indigenti

1841 2062 2134 2134 benignam
2180 2067 2413 2138 porrigit
2442 2083 2685 2122 manum.
2742 2071 2912 2125 Vocat
2970 2080 3150 2126 autem
3188 2077 3419 2138 γυναῖκα

1839 2173 1958 2213 eam
1993 2174 2115 2228 qua:
2132 2161 2256 2215 viro
2287 2171 2455 2230 nupta
2501 2171 2605 2226 est,
2635 2177 2832 2232 nempe
2858 2178 3082 2227 uxorem
3117 2164 3232 2218 sive
3280 2179 3418 2218 con-

1835 2250 2098 2322 jngatam.

1917 2338 2026 2404 ΥΠ,
2061 2339 2151 2405 55,
2187 2341 2256 2395 56
2301 2341 2410 2396 Hoc
2445 2353 2619 2397 autem
2649 2343 2718 2397 ad
2739 2344 2793 2398 id
2823 2344 2963 2414 quod
2993 2345 3134 2399 vobis
3166 2347 3416 2400 conduci-

1841 2430 1944 2485 bile
1970 2441 2046 2486 est
2071 2433 2207 2498 dico,
2249 2450 2353 2487 non
2379 2435 2458 2487 uti
2487 2434 2736 2504 laqueum
2761 2437 2900 2489 vobis
2939 2437 3201 2506 injiciam.
3229 2438 3320 2491 sed
3349 2437 3420 2491 ad

1839 2529 1895 2582 id
1925 2530 2064 2598 quod
2096 2529 2340 2583 decorum
2379 2537 2454 2583 est
2493 2539 2542 2582 et
2577 2529 2838 2584 indivulse
2873 2529 3099 2584 Domino
3145 2532 3418 2586 adimi-eus

1843 2619 2038 2690 absque
2080 2619 2195 2672 ulla
2251 2621 2612 2674 distractione.
2654 2619 2807 2686 Quod
2855 2623 2902 2675 si
2945 2623 3061 2693 quis
3117 2624 3420 2678 indecorum

1840 2712 2032 2781 virgini
2061 2728 2172 2766 sum
2208 2720 2381 2782 putat,
2433 2714 2480 2767 si
2523 2723 2804 2783 praetereat
2850 2714 3076 2768 nubendi
3113 2724 3335 2785 tempus,
3371 2723 3420 2768 ct

1839 2804 1915 2858 sic
1947 2813 2151 2874 Oportet
2190 2804 2308 2872 ﬁeri
2331 2821 2350 2859 :
2383 2805 2524 2875 quod
2548 2805 2657 2859 vult
2691 2807 2877 2876 faciat,
2922 2823 3027 2859 non
3067 2817 3268 2876 peccat,
3309 2807 3422 2861 elo-

1841 2905 1980 2949 cent.

1913 2986 2228 3051 Sermones,
2254 2987 2453 3057 inquit,
2479 2987 2546 3042 de
2571 2986 2888 3058 virginitate
2913 2987 3079 3050 movi,
3107 2989 3288 3042 sciens
3312 2988 3418 3045 hoc

1839 3078 1998 3134 vobis
2030 3079 2163 3133 utile
2204 3093 2327 3133 esse
2357 3095 2373 3132 :
2407 3093 2514 3133 non
2545 3089 2730 3133 autem
2767 3089 2827 3134 ut
2869 3095 3058 3149 cogam
3104 3095 3200 3133 vos
3229 3090 3286 3134 et
3323 3095 3418 3133 vo-

1841 3170 2018 3225 lentes
2046 3178 2100 3225 et
2132 3171 2382 3225 nolentes
2417 3171 2472 3224 in
2510 3170 2822 3240 virginitate
2854 3171 3075 3240 degere.
3109 3170 3418 3224 Necessita-

1846 3270 1953 3316 tem
1982 3261 2130 3316 enim
2162 3270 2321 3316 vocat
2363 3262 2641 3331 laqueum.
2676 3261 2870 3317 Viden‘
2906 3276 3068 3330 quam
3097 3262 3286 3315 timeat
3320 3259 3419 3316 ali—

1841 3355 1973 3424 quid
2009 3354 2313 3424 perfectum
2347 3355 2679 3424 praecipere?
2709 3373 2726 3403 ι
2761 3354 2866 3408 Sed
2899 3355 2964 3408 ad
3000 3354 3049 3406 id
3083 3355 3228 3422 quod
3259 3354 3422 3408 deco-

1841 3462 1964 3500 rum
2008 3455 2112 3500 est.
2156 3465 2174 3498 ι
2209 3445 2348 3512 Quid
2380 3446 2530 3500 enim
2579 3445 2788 3516 virgine
2816 3454 2872 3500 et
2909 3445 3002 3498 tali
3037 3446 3145 3498 vita
3178 3459 3242 3498 ac
3281 3461 3418 3499 con-

1840 3539 2154 3594 versatione
2188 3537 2361 3606 magis
2393 3537 2695 3592 decorum?
2734 3556 2752 3588 ι
2796 3536 2860 3591 Et
2890 3537 3160 3590 indivulse
3191 3536 3420 3591 Domino

1841 3631 2153 3687 adhaerens.
2190 3649 2210 3682 ι
2241 3630 2612 3700 Nom-inquit,
2658 3630 2773 3684 haec
2802 3629 2926 3683 dico
2969 3637 3028 3682 ut
3073 3629 3331 3697 laqueum
3364 3636 3422 3682 et

1841 3721 2228 3776 necessitatem
2274 3719 2432 3774 vobis
2481 3720 2743 3789 injiciam,
2791 3719 2884 3773 sed
2922 3719 3111 3773 volens
3144 3718 3423 3772 adducere

1840 3825 1902 3869 ut
1967 3814 2164 3868 decore
2235 3821 2293 3868 et
2339 3813 2660 3868 indistracte
2717 3829 2782 3866 ac
2854 3810 3423 3874 indivulseDomino

1839 3904 2188 3960 adhaereatis.
2265 3903 2364 3957 Est
2450 3913 2633 3956 autem
2702 3903 3114 3973 εὐπρόσεδρον,
3171 3911 3422 3971 prompte

1839 3995 1928 4049 vel
1981 3995 2243 4048 continue
2305 4008 2638 4061 permanens
2693 3993 2814 4047 sine
2869 3993 3107 4046 elatione
3163 4002 3220 4046 et
3265 4008 3421 4048 cura.

1848 4104 1865 4136 ι
1897 4084 2052 4151 Quod
2102 4085 2148 4138 si
2189 4084 2314 4154 quis
2363 4083 2708 4139 indecorum.
2752 4103 2771 4135 ι
2813 4085 2890 4138 Ex
2919 4095 3131 4137 natura:
3166 4083 3420 4137 humana:

1841 4177 2224 4232 imbecillitate
2271 4177 2550 4246 provenit,
2581 4184 2644 4230 ut
2675 4177 2801 4246 quis
2828 4175 3150 4244 indecorum
3175 4175 3415 4228 arbitre-

1843 4280 1934 4326 tur
1955 4271 1998 4324 si
2034 4269 2198 4324 ﬁliam
2224 4285 2383 4324 suam
2417 4279 2598 4324 servet
2628 4269 2898 4337 virginem
2935 4284 2998 4322 ac
3028 4268 3141 4322 Deo
3178 4267 3418 4321 dedicet.

1842 4361 1901 4417 Si
1934 4363 2080 4431 quis,
2139 4361 2339 4431 inquit,
2386 4361 2688 4416 arbitratur
2737 4359 2855 4413 ﬁeri
2902 4359 3007 4412 sibi
3047 4360 3100 4412 in
3152 4357 3418 4421 dedecus,

1841 4454 1988 4524 quod
2022 4454 2295 4508 illocatam
2321 4462 2503 4508 servet
2529 4453 2677 4506 domi
2709 4451 2873 4505 ﬁliam
2897 4450 2953 4505 in
2981 4451 3296 4520 virginitate
3325 4449 3421 4502 de-

190 4543 512 4613 θενεύουσαν,
543 4551 637 4601 καὶ
669 4547 842 4602 οἴεται
887 4548 1030 4602 οὕτω
1062 4548 1259 4619 μᾶλλον
1310 4549 1546 4618 ὀφείλειν
1595 4549 1738 4616 γίνε-

1845 4557 2082 4616 gentem,
2115 4555 2173 4600 et
2215 4546 2288 4600 ita
2324 4546 2507 4615 potius
2535 4544 2655 4599 ﬁeri
2695 4543 2900 4598 debere
2931 4550 3090 4612 putat
3121 4551 3182 4596 ut
3219 4542 3420 4604 elocet,

190 4637 320 4702 σθαι,
369 4635 484 4695 οἷον
549 4640 818 4704 ἐκδοῦναι,
884 4658 903 4692 ι
959 4641 1186 4694 Ποιείτω
1212 4642 1424 4695 δθέλει.
1461 4659 1479 4692 ι
1514 4643 1590 4695 Οὐ
1629 4641 1738 4711 γὰρ

190 4729 478 4782 κεκώλυται
504 4732 531 4782 ὁ
577 4730 752 4799 γάμος
779 4729 878 4800 (μὴ
913 4730 1127 4797 γένοιτο
1152 4733 1215 4799 ι),
1249 4732 1297 4783 εί
1336 4732 1430 4785 καὶ
1478 4729 1739 4800 ὑψηλότε-

187 4825 270 4877 ρον
300 4818 331 4885 ἡ
360 4816 640 4886 παρθενία.
681 4818 842 4870 Ὥστε
889 4821 935 4870 εἰ
959 4817 1258 4887 βούλονται,
1323 4821 1738 4889 ὲκγαμείτωσαν

179 4903 356 4971 αὐτὰς,
389 4909 544 4978 φησί.
579 4909 641 4961 Εἰ
673 4909 730 4961 δέ
746 4926 827 4970 τις
851 4909 1079 4979 ἔστηκεν
1106 4913 1162 4962 ὲν
1205 4910 1380 4981 ταύτῃ
1424 4913 1490 4980 τῇ
1543 4910 1739 4982 γνώμῃ

174 4989 400 5065 ἑδραῖος,
447 5001 563 5071 ἦτοι
595 5001 672 5062 είς
713 5000 773 5053 τὸ
805 5001 878 5070 μὴ
908 5002 1207 5069 ὲκγαμίσαι
1242 5003 1432 5067 αὐτὴν,
1465 5005 1539 5072 μὴ
1567 5002 1737 5055 ποιῶν

168 5087 330 5142 τοῦτο
357 5091 430 5154 ὡς
459 5095 517 5158 ἐξ
555 5092 800 5162 ἀνάγκης
875 5093 970 5146 καὶ
1026 5093 1133 5146 ἀπὸ
1185 5087 1350 5163 νόμου
1397 5095 1740 5164 κωλυόμενος

164 5172 230 5239 (ὁ
257 5183 356 5253 γὰρ
387 5181 529 5236 οὕτω
561 5183 718 5237 τοῦτο
761 5183 951 5248 ποιῶν,
991 5184 1110 5237 λίαν
1137 5185 1489 5256 ἀμαρτάνει)·
1522 5187 1618 5240 ἐὰν
1645 5183 1739 5240 οὖν

154 5275 259 5333 τις
306 5272 458 5326 τοῦτο
505 5274 580 5337 ὡς
613 5275 687 5344 μὴ
726 5274 865 5345 ἔχων
893 5275 1136 5345 ἀνάγκην
1167 5281 1317 5347 ποιῇ,
1365 5277 1479 5330 ἀλλ’
1529 5278 1605 5342 ὡς
1644 5278 1740 5332 κύ-

145 5365 287 5425 Ριος
328 5367 422 5434 μὲν
449 5366 526 5419 ὣν
575 5367 834 5437 ἐκατέρου
881 5365 1186 5437 θελήματος
1247 5369 1355 5422 ἀπὸ
1400 5368 1494 5423 τοῦ
1550 5371 1736 5441 νόμου,

139 5457 192 5494 οι
211 5455 334 5520 ὐτὸς
355 5457 412 5510 δὲ
445 5459 802 5529 αἱρετώτερον
841 5459 1044 5530 κρίνων
1073 5461 1135 5514 τὸ
1159 5461 1233 5532 μὴ
1279 5463 1622 5533 ὲκγαμίξειν,
1645 5466 1740 5518 καὶ

132 5534 326 5610 οἶκος
349 5549 531 5614 καλῶς
579 5554 723 5603 ποιεῖ
747 5551 1030 5620 φυλάττων
1076 5553 1343 5622 παρθένον
1388 5556 1481 5608 καὶ
1541 5557 1741 5628 ἀμέρι-

125 5639 306 5719 ξκνον
324 5641 417 5712 τὴν
445 5643 640 5696 ἑαυτοῦ
667 5643 959 5712 θυγατέρα.
994 5643 1230 5699 Δύναται
1253 5647 1309 5699 δὲ
1337 5647 1416 5708 τὸ,
1452 5650 1571 5718 «Μὴ
1602 5649 1742 5719 ἔχων

112 5712 178 5809 δέ
197 5730 464 5805 ’νάγκηνρ
493 5735 587 5788 καὶ
604 5734 773 5799 ἄλλως
789 5734 937 5789 οὐδὲν
957 5731 1118 5807 ἦττον
1144 5736 1356 5801 οἰκείως
1385 5712 1740 5809 έκληφθῆναι,

111 5803 286 5875 “\zov
467 5828 904 5900 ἀναγκαζόμενος
930 5803 993 5883 rb
1027 5829 1268 5886 ἐναντίον
1309 5833 1484 5884 ποιεῖν
1505 5803 1744 5900 τῆς

1850 4661 1868 4694 ι
1907 4642 2092 4698 Faciat
2128 4642 2277 4712 quod
2326 4643 2464 4696 vult.
2510 4659 2530 4692 ι
2567 4641 2756 4710 Neque
2785 4639 2933 4695 enim
2974 4637 3262 4708 prohibita:
3292 4644 3422 4690 sunt

1845 4736 2071 4805 nuptiae.
2113 4735 2340 4789 minime
2371 4735 2639 4805 gentium,
2669 4745 2981 4803 quanquam
3021 4727 3308 4784 sublimior
3348 4726 3421 4781 sit

1844 4827 2150 4898 virginitas.
2193 4827 2380 4896 itaque
2419 4825 2464 4880 si
2495 4825 2709 4889 volunt,
2746 4824 2962 4877 elocent
3011 4820 3176 4888 ipsas,
3219 4817 3417 4887 inquit.

1844 4919 2012 4991 488
2041 4918 2097 4973 Si
2133 4933 2266 4973 vero
2291 4919 2417 4987 quis
2443 4925 2550 4970 stat
2585 4915 2638 4968 in
2675 4914 2779 4967 hac
2806 4911 3079 4966 sententia
3114 4909 3326 4970 ﬁrmus,
3359 4918 3422 4962 ut

1844 5027 1956 5065 non
1986 5013 2166 5066 elocet
2205 5011 2395 5079 ipsam,
2426 5025 2536 5063 non
2564 5007 2616 5061 id
2651 5021 2820 5077 agens
2847 5015 3106 5074 tanquam
3139 5018 3204 5057 ex
3231 5016 3424 5056 neces-

1845 5103 2028 5167 sitate,
2059 5111 2114 5156 et
2150 5118 2180 5156 a
2226 5103 2345 5170 lege
2386 5100 2698 5170 prohibitus
2721 5109 2866 5160 (nam
2902 5097 2994 5166 qui
3028 5097 3102 5150 ita
3130 5096 3236 5149 hoc
3263 5093 3415 5158 facit,

1846 5194 2205 5247 vehementer
2231 5193 2401 5257 errat)
2435 5209 2449 5254 ;
2478 5191 2521 5244 si
2553 5191 2676 5260 quis
2709 5205 2840 5260 ergo
2873 5199 3128 5258 tanquam
3169 5202 3279 5239 non
3319 5200 3420 5238 ne-

1847 5287 2103 5340 cessitate
2141 5293 2366 5338 coactus
2413 5284 2518 5337 hoc
2566 5283 2749 5345 iaciat,
2796 5281 2888 5337 sed
2936 5279 3092 5351 quasi
3129 5277 3418 5344 utriusque

1846 5376 2062 5434 consilii
2088 5375 2346 5431 dominus
2386 5391 2416 5430 a
2451 5376 2567 5446 lege
2603 5377 2941 5431 constitutus
2977 5391 2990 5428 :
3021 5373 3138 5443 ipse
3171 5383 3301 5423 vero
3327 5368 3419 5435 ju-
3507 5416 3509 5418 ,

1847 5466 2040 5521 dieans
2086 5465 2387 5536 eligibilius
2429 5481 2553 5521 esse
2596 5481 2704 5520 non
2733 5465 2950 5520 elocare
2994 5480 3008 5516 :
3045 5471 3100 5518 et
3141 5460 3234 5515 hic
3278 5458 3420 5512 bene

1847 5558 1998 5623 facit,
2045 5574 2199 5613 suam
2245 5558 2410 5614 ﬁliam
2462 5574 2688 5614 servans
2725 5558 2987 5628 virginem
3023 5564 3079 5610 et
3117 5554 3238 5608 sine
3263 5565 3420 5605 cura.

1849 5649 2034 5704 Potest
2063 5659 2244 5704 autem
2269 5649 2414 5718 quod
2450 5650 2694 5705 dicitur:
2733 5668 2749 5699 ι
2784 5647 2903 5701 Non
2940 5645 3149 5700 habens
3175 5639 3421 5696 necessi-

1849 5748 2040 5805 tatem,
2077 5758 2096 5792 ι
2129 5739 2238 5794 alio
2263 5756 2484 5809 quoque
2516 5739 2682 5795 modo
2709 5752 2812 5792 nec
2857 5736 3043 5789 minus
3072 5733 3294 5803 proprie
3326 5746 3423 5784 ac-

1848 5833 1980 5904 cipi,
2008 5832 2112 5888 hoc
2136 5842 2248 5888 est:
2277 5833 2390 5916 .Qui
2417 5848 2524 5887 non
2555 5833 2770 5902 cogitur
2799 5845 2829 5883 a
2857 5828 2966 5883 ﬁlia
3000 5834 3060 5880 ut
3085 5825 3424 5881 contrarium
