3872 6574
495 389 605 453 ’143

1575 378 1981 441 (ECUMENII
2023 378 2318 440 'l‘RlCCAi
2354 378 2695 439 EPISCOPI
3382 386 3387 395 ’
3587 387 3665 450 iii

498 505 683 560 faciat.
722 498 779 556 Si
826 500 1064 571 namque
1101 496 1253 553 videt
1284 510 1468 551 mores
1496 504 1593 551 aut
1621 509 1787 566 opera
1822 492 1950 548 ﬁliae
1990 508 2082 547 co-

2191 490 2474 561 θυγατρός.
2527 488 2652 543 Ἐὰν
2680 489 2787 560 ἐρᾷ
2845 486 2953 559 γάρ
3011 487 3078 542 τὰ
3138 489 3233 560 τῆς
3278 489 3512 565 summa;
3548 498 3668 562 ιιςτδ

498 615 627 670 gere
656 598 833 667 ipsum
859 595 924 651 ad
959 592 1304 654 elocandnm,
1331 607 1441 646 non
1472 591 1633 645 debet
1660 590 1832 659 ipsam
1860 601 2082 643 servare

501 690 792 762 virginem,
826 702 1028 758 cogens
1052 701 1170 740 eam
1204 685 1472 739 adversus
1508 682 1562 737 id
1591 681 1739 752 quod
1766 689 1851 736 est
1887 681 2084 734 volun-

506 783 631 837 tatis
657 797 721 835 ac
741 778 1029 835 sententiae
1055 777 1248 847 ipsius.
1273 776 1574 847 V'irginitas
1600 774 1747 829 enim
1770 772 2082 827 voluntaria

506 890 630 930 esse
660 874 827 928 debet
875 879 932 927 et
984 887 1092 924 non
1146 880 1356 926 coacta.
1404 869 1539 923 Nam
1588 866 1860 925 coactioni
1893 867 2083 933 juncta

502 975 687 1037 posset
708 966 762 1020 in
803 964 957 1035 pejus
980 963 1258 1018 declinare
1290 980 1302 1014 :
1335 962 1436 1015 sibi
1484 959 1708 1030 quidem
1735 959 1952 1014 veniam
1984 958 2084 1011 tri-

504 1062 702 1123 buens,
739 1059 805 1112 ad
831 1073 957 1111 cum
990 1072 1124 1111 vero
1151 1055 1246 1125 qui
1291 1055 1464 1125 ipsam
1499 1051 2083 1124 cocgissetvirginita-

506 1161 618 1206 tem
652 1164 894 1210 servare,
922 1146 1148 1201 absurdi
1177 1145 1405 1201 sceleris
1434 1160 1653 1200 causam
1682 1143 1950 1198 referens.
1976 1141 2086 1196 Aut

505 1241 581 1303 id,
614 1259 630 1291 ι
650 1240 769 1295 Non
802 1239 1010 1292 habens
1038 1237 1448 1302 necessitatem,
1475 1255 1492 1287 ι
1519 1236 1624 1289 hoc
1651 1233 1959 1306 significare
1987 1248 2087 1302 po-

505 1332 654 1395 terit,
683 1346 793 1385 non
822 1330 1030 1384 habens
1053 1329 1106 1383 id
1132 1328 1364 1384 faciendi
1393 1326 1799 1389 necessitatem,
1824 1337 1919 1381 aut
1938 1325 2084 1395 quod

506 1424 660 1494 prius
693 1423 805 1476 Deo
840 1423 1248 1476 consecraverit
1291 1436 1357 1475 ac
1396 1419 1763 1484 dedicaverit,
1799 1428 1897 1473 aut
1935 1418 2085 1487 quod

508 1514 617 1569 filia
648 1515 715 1569 ad
755 1514 859 1568 hoc
902 1513 1177 1580 cogat.'Ei
1207 1513 1354 1567 enim
1390 1511 1483 1581 qui
1527 1511 1597 1565 ab
1640 1510 1825 1579 aliquo
1884 1508 2085 1579 pradi-

515 1613 732 1659 ctorum
761 1602 1143 1657 necessitatem
1172 1600 1338 1654 habet
1363 1588 1472 1653 non
1491 1599 1743 1653 elocandi
1760 1598 1827 1653 ad
1842 1605 2081 1668 nuptias,

507 1709 610 1748 nec
640 1694 790 1748 aliud
838 1694 1071 1748 suadere
1114 1693 1264 1756 licet,
1311 1707 1415 1747 nec
1462 1692 1623 1746 aliam
1660 1691 1992 1746 sententiam
2028 1689 2084 1744 in

506 1784 672 1841 corde
703 1786 955 1840 meditari
985 1804 998 1839 :
1043 1785 1154 1839 imo
1186 1800 1367 1855 neque
1398 1784 1683 1854 peragenti
1720 1793 1932 1838 tantum
1963 1783 2084 1838 laus

2186 580 2516 653 ἑκγαμίζειν
2546 579 2716 634 αὐτὸν
2745 580 3142 649 ἀναγκάζοντα,
3165 582 3262 637 οὐκ
3304 584 3488 653 ὀφείλει
3515 594 3669 661 nam.

2186 692 2274 731 νον
2307 675 2477 744 αὐτὴν
2507 676 2715 744 τηρεῖν,
2750 674 2829 737 είς
2880 674 2943 727 τὸ
3003 674 3240 729 ἐναντίον
3290 677 3447 749 αὐτὴν
3479 683 3556 734 καὶ
3598 685 3669 755 τῆς

2182 768 2360 837 ὁρμῆς
2388 766 2483 820 καὶ
2521 766 2618 833 τῆς
2652 762 2884 836 γνώμης
2912 765 3324 835 ἐκϐιαζόμενος·
3349 770 3560 827 ἑκούσιον
3575 776 3670 848 γὰρ,

2185 857 2299 912 ἀλλ’
2356 859 2458 911 οὐκ
2499 858 2777 923 ἀκούσιον,
2817 856 2877 909 τὸ
2923 856 3022 924 τῆς
3077 857 3377 928 παρθενίας.
3402 860 3537 915 Ἐπεὶ
3573 871 3672 933 μετὰ

2184 949 2277 1003 τοῦ
2317 949 2601 1013 ἀκουσίου,
2632 949 2726 1001 καὶ
2778 950 2855 1011 εἰς
2890 950 3072 1020 χεῖρον
3102 949 3165 1002 ἂν
3193 950 3519 1018 ἀποκλίνειεν,
3552 954 3670 1029 ἑαυτῇ

2191 1040 2292 1109 μὲν
2324 1040 2657 1111 συγγνώμην
2685 1042 2951 1109 φέρουσα,
3018 1045 3097 1105 si;
3161 1043 3217 1095 δὲ
3266 1043 3352 1096 τὸν
3419 1045 3673 1116 βιασάμενον

2187 1134 2560 1204 παρθενεύειν,
2599 1134 2697 1203 τῆς
2729 1134 2960 1199 ἀτοπίας
3024 1134 3123 1207 τὴν
3179 1135 3349 1190 αίτίαν
3383 1126 3674 1210 ἀναφέρουσα.

2188 1228 2259 1280 Ἦ
2289 1226 2349 1279 τὸ
2376 1267 2389 1291 ,
2448 1246 2468 1279 ι
2514 1227 2606 1296 Μὴ
2636 1227 2774 1299 ἔχων
2801 1228 3071 1300 ἀνάγκην,
3119 1246 3139 1281 s
3200 1229 3291 1282 καὶ
3322 1230 3464 1283 τοῦτο
3489 1229 3544 1285 ἂν
3580 1234 3675 1286 tim-

2186 1320 2505 1390 δηλὼσειεν.
2538 1321 2632 1391 Μὴ
2653 1320 2815 1390 ἔχων,
2842 1322 3029 1390 φησὶν,
3064 1322 3306 1391 ἀνάγκην
3357 1323 3496 1377 τοῦτο
3536 1329 3675 1391 ποιεῖν,

2187 1412 2219 1481 ἦ
2254 1412 2328 1476 ὡς
2365 1411 2788 1484 προατριερὼσας
2820 1414 2899 1484 τῷ
2957 1414 3105 1484 Θεῷ.
3164 1416 3257 1467 καὶ
3286 1415 3484 1478 ἀναθεὶς
3531 1418 3678 1488 παρθε-

2185 1504 2440 1574 νεύειν,ἢ
2472 1506 2548 1568 ὡς
2590 1506 2691 1575 τῆς
2732 1505 3005 1576 θυγατρὸς
3048 1507 3142 1560 ἐπὶ
3193 1505 3346 1560 τοῦτο
3404 1525 3677 1577 καταναγκαε

2188 1598 2408 1669 ζούσης.
2441 1598 2515 1651 Τὸ
2543 1599 2652 1669 γὰρ
2685 1599 2797 1653 ὑπό
2828 1617 2969 1662 τινος
3000 1600 3108 1652 τῶν
3166 1601 3459 1672 εἰρημένων
3497 1604 3676 1672 ἀνάγκην

2190 1686 2367 1756 ἔχοντι
2448 1686 2523 1758 μὴ
2575 1689 2915 1759 έκγαμίζειν,
2962 1688 3082 1743 οὐδὲ
3155 1689 3518 1759 βουλεύσασθαι
3556 1693 3676 1759 ἄλλως

2186 1780 2286 1840 Evt,
2339 1779 2461 1833 οὐδὲ
2522 1781 2706 1852 κρίσιν
2752 1782 2918 1852 ἀλλην
2967 1783 3024 1835 ὲν
3071 1784 3138 1853 τῇ
3182 1783 3371 1855 καρδιᾳ
3431 1785 3675 1856 μελετῆσαι.

510 1880 796 1945 tribuitur,
847 1888 1114 1948 quantum
1168 1895 1276 1933 non
1326 1879 1608 1949 peragenti
1661 1877 2077 1941 condemnatio,

2208 1872 2349 1926 ’Δ>.λ”
2375 1873 2496 1926 οὐδὲ
2526 1849 2883 1927 ἐπιτελοῦντι
2912 1849 3230 1946 τηλικοδτος
3258 1849 3309 1928 ’ὁ
3345 1849 3537 1940 inim;
3557 1849 3679 1942 ..ὅσον

506 1985 682 2039 eaque
706 1971 1013 2040 multiplex.
1044 1971 1146 2037 Qui
1178 1984 1363 2025 autem
1392 1970 1600 2040 absque
1632 1970 1962 2025 necessitate
1987 1969 2082 2023 de-

509 2062 684 2117 crevit
734 2063 788 2117 in
839 2063 1009 2117 corde
1056 2063 1162 2118 hoc
1213 2063 1395 2118 facere
1430 2076 1445 2115 :
1485 2062 1529 2118 si
1566 2062 1837 2132 virginem
1880 2070 2082 2126 servat,

506 2155 786 2225 egregium
826 2155 1083 2225 praestitit
1111 2156 1327 2211 facinus
1361 2172 1374 2208 :
1425 2156 1470 2210 si
1497 2170 1629 2209 vero
1659 2156 1836 2210 elocet
1864 2154 1930 2209 ad
1982 2170 2087 2209 nu-

513 2249 679 2317 ptias,
713 2250 940 2303 omnino
986 2265 1096 2302 non
1147 2249 1412 2318 peccavit.
1441 2268 1459 2299 ι
1494 2248 1649 2315 Quod
1694 2249 1813 2302 vult
1843 2248 2026 2304 faciat.
2059 2267 2079 2300 ι

509 2341 635 2396 Sive
661 2342 864 2407 tradat,
897 2342 1099 2411 inquit,
1129 2342 1408 2411 coniugio,
1437 2341 1551 2396 sive
1587 2354 1770 2397 servet
1793 2341 2084 2411 virginem,

398 2463 403 2477 ι
511 2432 648 2487 bene
685 2433 837 2498 facit,
871 2441 1127 2487 neutrum
1160 2433 1309 2488 enim
1333 2442 1616 2503 peccatum
1644 2442 1748 2487 est.
1786 2433 1970 2488 Placet
1993 2449 2090 2487 au-

510 2529 619 2575 tem
654 2522 828 2593 magis
863 2523 908 2577 si
942 2531 1127 2577 servet
1158 2523 1452 2593 virginem,
1484 2530 1545 2576 ut
1589 2522 1645 2576 in
1679 2537 1971 2593 progressu
2003 2523 2089 2577 di-

510 2613 589 2666 cit
636 2629 650 2665 :
703 2632 722 2665 ι
781 2612 960 2682 Cupio
1001 2627 1100 2668 vos
1149 2613 1270 2668 sine
1302 2611 1680 2668 sollicitudine
1727 2627 1871 2678 esse,
1915 2630 1933 2664 ι
1973 2613 2087 2668 sive

512 2705 775 2775 virgines.

584 2801 695 2863 ΥΠ,
730 2800 818 2866 57,
851 2800 942 2854 '58.
969 2800 1071 2867 Qui
1094 2817 1213 2856 vero
1232 2808 1338 2856 stat
1366 2801 1552 2870 ﬁrmus
1576 2802 1637 2855 in
1655 2802 1829 2865 corde,
1858 2818 1961 2855 non
1994 2803 2090 2856 ha-

511 2889 634 2945 bens
664 2894 1020 2945 necessitatem
1046 2932 1061 2957 ,
1100 2895 1190 2947 sed
1218 2903 1526 2964 potestatem
1560 2894 1751 2948 habens
1791 2895 1930 2948 circa
1966 2911 2091 2965 pro-

512 2979 688 3048 priam
729 2981 1050 3035 voluntatem
1078 2999 1096 3036 :
1137 2990 1187 3035 et
1220 2985 1314 3037 hoc
1351 2985 1574 3038 decrevit
1612 2986 1667 3039 in
1709 2987 1861 3039 corde
1896 3002 1990 3039 suo
2035 2994 2091 3039 ut

508 3077 677 3122 servet
705 3086 858 3123 suam
884 3071 1158 3140 virginem,
1187 3072 1315 3125 bene
1339 3073 1486 3143 facit.
1519 3073 1711 3145 Itaque
1731 3084 1781 3129 et
1808 3077 1898 3145 qui
1923 3075 2094 3131 eloco:

2191 1964 2267 2035 μὴ
2292 1964 2625 2018 ἐπιτελοῦντι
2688 1966 2748 2020 τὸ
2797 1966 3132 2039 κατάκριμα,
3190 1965 3325 2022 ἀλλά
3345 1967 3678 2026 πολλαπλάσιον.

2198 2057 2296 2118 "O;
2337 2056 2393 2109 δὲ
2423 2057 2593 2127 χωρὶς
2615 2057 2858 2127 ἀνάγκης
2904 2056 3064 2112 τοῦτο
3098 2056 3325 2129 κέκρικε
3347 2060 3504 2111 ποιεῖν
3551 2061 3594 2112 ὲν
3634 2063 3678 2132 τῇ

2187 2148 2386 2219 καρδίᾳ
2413 2189 2428 2213 ,
2485 2148 2753 2219 παρθένον
2810 2149 2910 2219 μὲν
2964 2149 3124 2219 ἔχων,
3181 2150 3322 2219 μέγα
3379 2149 3678 2223 κατώρθωσεν,

2187 2239 2496 2308 έκγαμίσας
2543 2240 2620 2305 δὲ,
2674 2240 2829 2293 οὐδὲν
2898 2240 3034 2303 ὅλως
3086 2240 3355 2310 ἥμαρτεν.
3415 2259 3433 2293 ι
3483 2242 3538 2294 Ὃ
3581 2241 3680 2295 θέλει

2190 2332 2430 2396 ποιείτω,
2465 2351 2485 2384 ι
2527 2360 2597 2373 -—
2626 2330 2967 2403 [OlKOThL]
2993 2331 3116 2384 Εἴτε
3148 2330 3504 2402 έκγαμισάτω,
3549 2334 3679 2401 φησιν,

2186 2424 2296 2477 εἴτε
2326 2424 2560 2494 τηρείτω
2626 2422 2917 2495 παρθένον.
2975 2424 3282 2495 Οὐδέτερον
3333 2424 3433 2494 γὰρ
3482 2423 3677 2495 ἁμαρτία.

2191 2519 2414 2570 Εὺδοκεῖ
2443 2517 2499 2570 δὲ
2535 2517 2734 2588 μᾶλλον
2784 2517 2813 2569 ὁ
2867 2516 3155 2586 φυλάττων
3208 2515 3459 2588 παρθένον
3497 2517 3559 2580 ὡς
3593 2531 3682 2586 τρο-

2189 2608 2309 2672 ῖὼν,
2340 2610 2496 2678 φησι,
2534 2627 2553 2661 ι
2590 2608 2741 2661 eam
2771 2607 2916 2679 ὑμᾶς
2946 2606 3285 2680 ἀμερίμνους
3325 2602 3474 2673 εἷναι,
3505 2624 3522 2659 ι
3566 2607 3681 2677 ἧτοιιν

2195 2700 2524 2772 παρθένους.

2282 2794 2377 2857 "Oc
2404 2792 2472 2846 δὲ
2503 2792 2767 2860 ἔστηκεν
2789 2794 3024 2862 ἑδραῖος
3049 2795 3119 2848 ἐν
3151 2793 3228 2862 τῇ
3258 2792 3460 2861 καρδίᾳ
3484 2790 3555 2862 μὴ
3576 2790 3682 2860 ἔχων

2192 2881 2484 2952 ἀνάγκην,
2517 2883 2807 2948 ἐξουσίαν
2835 2884 2903 2938 δὲ
2933 2886 3055 2955 ἔχει
3082 2884 3221 2952 περὶ
3248 2883 3349 2938 τοῦ
3375 2883 3515 2938 ίδίου
3559 2882 3683 2949 θελή-

2187 2992 2396 3046 ματος,
2475 2977 2788 3031 statumina
2830 2977 3107 3046 κέκρικεν
3164 2977 3239 3030 ἐν
3287 2974 3359 3043 τῇ
3405 2972 3586 3042 καρδίᾳ
3611 2973 3681 3026 αὐ-

2193 3069 2301 3122 τοῦ
2329 3068 2436 3122 τοῦ
2465 3068 2671 3136 τηρεῖν
2732 3069 2851 3137 τὴν
2896 3069 3115 3125 ἑαυτοῦ
3193 3070 3496 3137 παρθένον,
3546 3064 3683 3129 καλῶς

514 3158 586 3212 ad
618 3161 852 3230 nuptias,
884 3161 1012 3215 bene
1045 3162 1193 3232 facit,
1242 3164 1333 3234 qui
1370 3181 1492 3219 vero
1531 3182 1633 3220 non
1670 3166 1860 3234 elocat,
1902 3168 2089 3224 melius

2195 3160 2370 3215 ποιεῖ.
2404 3161 2585 3215 Ὥστε
2628 3162 2725 3215 καὶ
2759 3163 2792 3215 ό
2825 3160 3156 3231 ἐκταμίζων
3177 3159 3373 3227 καλῶς
3405 3156 3545 3214 ,ποιεῖ
3565 3174 3576 3188 ·
3599 3154 3682 3211 tibi

514 3249 661 3319 facit.

585 3340 751 3412 489
779 3341 946 3397 Vides
966 3345 1242 3413 quomodo
1263 3347 1444 3401 statim
1472 3346 1540 3402 ab
1567 3347 1728 3403 initio
1757 3363 1884 3404 eum
1914 3348 2088 3404 admi-

515 3441 670 3485 ratur
700 3432 792 3500 qni
820 3442 1000 3488 servat
1033 3451 1186 3489 snam
1214 3437 1522 3507 virginem?
1549 3457 1568 3490 ι
1603 3438 1707 3505 Qui
1740 3448 1848 3494 stat
1875 3438 2086 3507 ﬁrmus,

515 3517 717 3588 inquit,
749 3519 802 3573 in
828 3521 995 3577 corde
1020 3538 1143 3578 suo.
1184 3544 1201 3574 ι
1232 3526 1371 3578 Nam
1399 3527 1446 3580 is
1479 3527 1574 3596 qui
1602 3540 1828 3597 propter
1860 3529 2086 3584 indeco-

515 3625 662 3673 rum,
694 3619 757 3663 ut
790 3611 1101 3679 videbatur,
1133 3616 1320 3670 omisit
1345 3632 1408 3672 ac
1433 3626 1666 3687 nuptum
1697 3621 1951 3683 elocavit,
1976 3638 2089 3677 non

515 3700 675 3755 stetit
707 3700 760 3754 in
799 3717 965 3771 opere
1001 3704 1094 3759 Dei
1132 3706 1342 3761 tinnus.
1394 3727 1411 3759 ι
1459 3709 1579 3764 Non
1612 3710 1823 3765 habens
1848 3713 2090 3767 necessi-

519 3797 708 3847 tatem.
753 3812 771 3844 ι
810 3794 914 3860 Qui
963 3810 1073 3850 non
1107 3796 1299 3861 habet,
1333 3799 1533 3869 inquit,
1561 3802 1941 3857 necessitatem
1979 3820 2089 3858 non

516 3882 768 3938 elocandi
800 3885 969 3940 illam.
1001 3886 1223 3957 Alioqui
1269 3889 1416 3944 enim
1452 3906 1795 3963 nequaquam
1825 3894 1963 3949 adeo
1990 3894 2089 3949 ad-

518 3971 804 4028 mirandus
828 3984 976 4030 esset
1001 3975 1044 4030 si
1075 3992 1183 4031 non
1207 3978 1484 4035 clocaret:
1507 3982 1822 4037 necessitati
1855 3999 2089 4054 namque

518 4080 661 4135 opus
690 4067 809 4136 ejus
851 4067 1249 4137 attribueretur
1289 4082 1346 4126 et
1386 4088 1497 4128 non
1542 4073 1643 4143 ipsi
1677 4091 1690 4127 :
1725 4090 1874 4131 nunc
1905 4083 2088 4130 autem

521 4166 631 4212 tota
658 4173 747 4211 res
776 4167 860 4213 est
884 4158 951 4212 ad
980 4160 1103 4229 ejus
1133 4162 1385 4231 gloriam,
1416 4174 1473 4219 et
1501 4166 1643 4234 piam
1668 4166 1877 4238 Deique
1906 4169 2095 4224 cultri-

519 4263 635 4302 cem
667 4248 1015 4303 electioncm.
1052 4249 1333 4320 Siquidem
1360 4254 1454 4324 qui
1490 4255 1696 4312 invitus
1715 4267 1769 4312 et
1793 4274 1860 4313 ex
1896 4275 2092 4315 neces-

521 4336 682 4392 sitate
727 4326 882 4392 suam
917 4350 1104 4394 servat
1151 4342 1445 4413 virginem,
1491 4355 1721 4415 quaeest
1760 4349 1837 4402 illi
1882 4350 2094 4420 gratia?

520 4430 624 4496 Qui
658 4447 790 4486 vero
820 4430 1028 4487 Christi
1060 4433 1360 4503 desiderio,
1391 4453 1502 4492 non
1543 4438 1754 4497 habens
1796 4444 2091 4499 necessita-

2185 3251 2271 3321 μὴ
2312 3251 2656 3321 sequamur,
2688 3251 2980 3320 κρεῖσσον
3002 3252 3185 3309 ποιεῖ.

2271 3340 2433 3413 Ὁρᾷς
2463 3343 2580 3406 πῶς
2612 3344 2676 3396 ὲκ
2701 3344 3006 3416 προοιμίων
3040 3342 3314 3417 θαυμάζει
3365 3344 3450 3398 τὸν
3474 3338 3674 3412 τηροῦντα

2190 3434 2358 3505 αὐτὴν
2389 3434 2691 3503 παρθένονς
2725 3453 2744 3486 ι
2789 3436 2884 3500 Ὃς
2925 3436 3151 3505 ἕστηκε,
3203 3437 3386 3507 φησιν,
3447 3434 3614 3504 “peis;
3648 3431 3684 3483 ἐν

2187 3528 2254 3597 τῇ
2290 3524 2506 3596 καρδίᾳ.
2559 3542 2579 3577 ι
2613 3525 2872 3596 Δηλονότι
2924 3527 3136 3589 ἐκεῖνος
3176 3528 3207 3580 ὁ
3246 3526 3335 3580 διὰ
3361 3525 3456 3596 τὴν
3500 3520 3683 3576 δοκοῦσαν

2189 3616 2578 3689 ἀσχημοσύνην
2606 3617 2874 3688 καθυφεὶς
2908 3620 3002 3673 καὶ
3044 3618 3373 3688 ὲγγαμίσας,
3404 3616 3493 3686 οὐχ
3524 3614 3685 3683 Imm

2191 3708 2399 3779 ἑδραῖος
2420 3708 2478 3762 ὲν
2495 3707 2574 3778 τῷ
2602 3707 2748 3778 ἔργῳ
2774 3706 2868 3760 τοῦ
2898 3707 3057 3762 Θεοῦ.
3091 3727 3109 3760 ι
3134 3707 3253 3780 ,Μὴ
3276 3707 3410 3779 ἔχων
3437 3704 3681 3772 ἀνάγκην.»

2191 3801 2306 3854 Οὐκ
2330 3799 2463 3870 ἔχει,
2497 3802 2682 3870 φησὶν,
2709 3801 2957 3870 ἀνάγκην
2986 3800 3060 3870 μὴ
3090 3800 3396 3871 ὲγγαμίσαι
3444 3796 3604 3867 αὐτήν.
3635 3787 3687 3846 Ἦ

2191 3892 2301 3961 γὰρ
2333 3891 2399 3944 ἂν
2429 3889 2555 3944 οὔτε
2584 3889 2759 3953 οὕτως
2806 3891 3111 3961 θαυμάσιος
3157 3888 3231 3962 ἦν
3284 3890 3374 3961 μὴ’
3428 3886 3686 3957 ἑγγαμίζυν.

2193 3985 2271 4054 Τῇ
2303 3982 2410 4052 γὰρ
2434 3982 2646 4053 ἀνάγκῃ
2680 3982 2774 4036 καὶ
2825 3982 2924 4036 οὐκ
2954 3981 3103 4053 αὐτῷ
3151 3982 3214 4036 τὸ
3260 3982 3418 4053 ἔργον
3461 3978 3685 4047 ἐλογίζετο.

2194 4075 2310 4128 Νῦν
2360 4073 2417 4126 δὲ
2454 4072 2616 4127 αὑτοῦ
2645 4073 2925 4144 φιλοτιμία
2960 4074 3079 4127 ἐστὶ
3133 4075 3198 4127 τὸ
3229 4075 3364 4139 πᾶν,
3393 4073 3481 4126 καὶ
3506 4067 3690 4135 θεοφιλὴς

2194 4170 2539 4241 προαίρεσις.
2581 4170 2641 4223 '0
2665 4169 2777 4240 γὰρ
2800 4170 2949 4223 ἄκων
2977 4169 3073 4223 καὶ
3108 4169 3170 4235 ἐξ
3194 4170 3437 4239 ἀνάγκης
3481 4164 3689 4236 φυλάττων

2192 4264 2291 4332 τὴν
2320 4260 2513 4315 ἑαυτοῦ
2554 4260 2846 4332 παρθένον,
2881 4263 3099 4333 ἄχαρις.
3135 4260 3199 4314 Ὀ
3224 4261 3283 4314 δὲ
3306 4261 3392 4314 διὰ
3405 4260 3490 4313 τὸν
3523 4257 3597 4310 τοῦ
3614 4253 3689 4306 Κν-

2198 4356 2315 4426 ρίου
2366 4353 2531 4407 πόθον
2584 4352 2659 4425 μὴ
2710 4352 2851 4423 ἒχων
2901 4353 3169 4431 ἀνάγκην,
3227 4352 3344 4407 ἀλλ’
3366 4351 3394 4405 δ
3442 4349 3567 4404 θέλει
3583 4344 3692 4399 τοῦτο

2197 4449 2370 4502 ποιεῖν
2398 4447 2728 4516 δυνάμενος,
2772 4445 3020 4515 φυλάξει,
3049 4447 3258 4509 ἐκεῖνος
3283 4442 3599 4513 θαυμάσιος.ι
3618 4435 3692 4489 Καὶ

523 4528 654 4585 tem,
684 4520 779 4574 sed
818 4530 1016 4590 potens
1042 4523 1189 4592 quod
1224 4526 1343 4581 vult
1386 4526 1589 4594 facere,
1640 4534 1962 4599 servaverit,
1998 4534 2089 4590 ille

2192 4538 2348 4593 τοῦτο
2376 4539 2633 4610 κέκρικεν
2666 4538 2725 4592 ὲν
2757 4540 2822 4609 τῇ
2866 4537 3063 4609 καρδίᾳ
3094 4537 3321 4592 αὑτοῦ.»
3355 4536 3576 4606 Ἐδραῖόν
3610 4543 3693 4581 τινα

520 4613 880 4670 admirandus
910 4626 1016 4672 est.
1049 4635 1068 4669 ι
1106 4615 1171 4671 Ει
1208 4619 1314 4674 hoc
1342 4620 1587 4679 decrevit
1616 4624 1670 4679 in
1699 4626 1864 4683 corde
1901 4644 2021 4685 suo.
2068 4650 2086 4683 ι

520 4705 762 4760 Firmum
784 4707 1021 4777 aliquem
1043 4709 1250 4780 profert
1276 4711 1329 4765 in
1348 4713 1588 4769 medium
1612 4716 1910 4787 hominem,
1930 4738 2093 4792 quem

522 4812 630 4851 non
656 4799 836 4868 potuit
867 4799 918 4855 id
952 4816 1300 4860 commovere
1329 4804 1477 4874 quod
1501 4807 1647 4876 apud
1677 4808 1928 4866 homines
1972 4815 2093 4868 exi-

533 4888 793 4945 stimatur
823 4892 1143 4948 indecorum
1196 4895 1251 4949 in
1280 4895 1367 4951 his
1405 4912 1526 4952 esse
1566 4899 1662 4969 qui
1707 4900 1841 4956 filias
1876 4892 2105 4961 servant'

524 4984 779 5053 virgines.
826 5004 845 5038 ι
888 4986 1032 5043 Bene
1065 4989 1218 5045 facit.
1268 5009 1286 5041 ι
1336 4989 1548 5044 Laudat
1582 4992 1758 5061 ipsum
1795 4993 1866 5048 oh
1894 4995 2099 5055 mentis

527 5072 864 5129 firmitatem.
904 5093 921 5126 ι
973 5077 1039 5130 Ει
1069 5079 1161 5147 qui
1192 5078 1370 5134 clocat
1398 5078 1537 5133 bene
1568 5079 1716 5136 facit.
1756 5100 1773 5133 ι
1812 5081 2096 5152 Siquidem

525 5172 581 5215 et
638 5164 773 5218 illud
822 5167 1020 5221 bonum
1069 5179 1157 5223 est
1206 5186 1220 5221 :
1268 5186 1446 5240 neque
1494 5174 1638 5227 enim
1678 5186 1963 5243 peccatum
2013 5186 2099 5232 est

526 5264 758 5325 nuptum
785 5256 1006 5312 elocare
1038 5276 1053 5311 :
1083 5276 1244 5315 omne
1276 5272 1459 5317 autem
1488 5265 1634 5333 quod
1657 5281 1763 5320 non
1794 5274 1877 5321 est
1905 5284 2101 5337 pecca-

527 5358 664 5410 tum,
691 5349 984 5404 honestum
1009 5360 1111 5405 est.
1136 5350 1238 5417 Qui
1266 5370 1398 5423 vero
1423 5371 1529 5410 non
1553 5358 1750 5423 elocat,
1776 5360 2099 5428 praclarum

525 5440 802 5511 quoddam
857 5455 1000 5510 opus
1046 5439 1179 5497 facit
1221 5443 1371 5512 quod
1418 5445 1615 5502 melius
1647 5456 1751 5502 est.
1797 5448 2100 5507 Considera

488 5545 712 5590 \aulem
751 5536 896 5606 quod
937 5552 1006 5592 ex
1047 5536 1246 5592 horum
1277 5539 1674 5612 dijudicatione
1719 5545 1947 5600 suadeat
1988 5562 2099 5601 non

525 5628 745 5683 elocare
768 5638 1023 5699 nuptum.

599 5720 710 5783 VII,
740 5720 829 5787 39,
860 5721 951 5779 40.
985 5721 1133 5779 Uxor
1162 5723 1275 5796 lege
1305 5724 1473 5796 ligata
1511 5734 1588 5781 est
1606 5714 1842 5798 quandiu
1867 5729 1990 5782 vivit
2022 5730 2102 5783 vir

529 5810 674 5876 ejus;
703 5814 839 5884 quod
868 5815 915 5869 si
947 5816 1220 5872 darmierit
1243 5819 1322 5872 vir
1346 5818 1483 5891 ejus,
1514 5817 1674 5873 libera
1703 5826 1779 5873 est
1812 5828 1867 5873 ut
1890 5819 1976 5875 cui
1993 5819 2100 5874 vult

2198 4631 2513 4686 ὑποτίθεται
2544 4630 2852 4702 ἄνθρωπον,
2879 4630 2938 4684 ὃν
2969 4629 3069 4683 οὐκ
3105 4630 3295 4701 ἴσχυσε
3330 4628 3565 4684 σαλεῦσαι
3587 4626 3612 4692 ἡ
3632 4620 3694 4673 δο-

2196 4723 2371 4777 κοῦσα
2417 4723 2565 4795 παρὰ
2586 4726 2697 4788 τοῖς
2750 4723 3060 4794 ἀνθρώποις
3106 4724 3476 4795 ἀσχημοσύνη,
3513 4718 3589 4773 ἐπὶ
3619 4713 3693 4767 τῶν

2196 4814 2571 4884 φυλαττόντων
2627 4815 2933 4884 παρθένους
2986 4819 3086 4881 τὰς
3130 4815 3451 4886 θυγατέρας.
3493 4829 3510 4864 ι
3554 4803 3695 4864 Καλῶς

2197 4910 2358 4962 ποιεῖ.
2398 4927 2417 4961 s
2483 4909 2728 4962 Ἐπαινεῖ
2760 4910 2920 4963 αὐτὸν
2952 4912 3052 4980 τῆς
3100 4909 3322 4978 ἑδραίας
3370 4904 3587 4976 γνώμης.
3618 4895 3694 4951 Καὶ

2196 4999 2224 5051 ὁ
2254 4998 2595 5067 ,ἐγγαμίζων
2644 4998 2821 5062 καλῶς
2904 5000 3067 5054 ποιεῖ.
3136 5028 3207 5041 -
3258 4991 3574 5071 [ΟΙΚΟΥΜ.]
3621 4983 3694 5039 Καὶ

2198 5093 2372 5145 έκεῖνο
2408 5091 2524 5161 μὲν,
2568 5092 2723 5162 φησὶ,
2757 5093 2940 5146 καλόν.
2978 5093 3054 5145 Οὐ
3111 5092 3220 5162 γὰρ
3283 5088 3513 5162 ἁμαρτία
3536 5085 3588 5139 τὺ
3633 5079 3696 5145 ἔτ·

2199 5180 2473 5251 γαμίζειν.
2522 5184 2637 5235 Πᾶν
2693 5183 2801 5236 δὲὸ
2841 5183 2939 5254 οὐχ
3006 5184 3272 5256 ἁμαρτία,
3324 5182 3496 5238 καλόν.
3528 5174 3695 5236 Ὀδέγε

2205 5273 2277 5343 μὴ
2306 5273 2641 5342 ἐγγαμίζων,
2684 5274 2778 5326 καὶ
2801 5276 3135 5345 κατόρθωμά
3166 5292 3216 5327 τι
3257 5274 3493 5345 πράττει,
3520 5262 3697 5336 ὀκρεῖτο

2201 5367 2291 5419 τόν
2336 5368 2502 5421 ἐστιν.
2544 5369 2684 5436 Ὅρα
2715 5368 2769 5421 δὲ
2802 5369 2922 5433 πῶς
2954 5370 3017 5423 ἐκ
3052 5370 3148 5439 τῆς
3187 5367 3532 5437 συγκρίσεως,
3571 5357 3620 5412 τδ
3645 5352 3697 5424 μὴ

2202 5457 2525 5528 ἐγγαμίζειν
2555 5459 2934 5529 συμϐουλεύει.

2273 5727 2443 5796 Γυνὴ
2500 5727 2734 5782 δέδεται
2796 5730 2976 5798 νόμῳ,
3021 5729 3113 5798 ἐφ’
3156 5727 3309 5781 ὅσον
3361 5725 3563 5794 χρόνον
3594 5710 3700 5781 (id

2203 5821 2359 5889 ἀνὴρ
2383 5820 2596 5889 αὐτῆς.
2635 5821 2780 5875 Ἐὰν
2801 5820 2869 5875 δὲ
2890 5822 2986 5877 καί
3029 5817 3283 5893 κοιμηθῇ
3315 5821 3346 5875 ό
3366 5815 3526 5883 ἀνὴρ.
3570 5802 3699 5862 Μεθ’

3790 268 3798 361 l
