3872 6616
162 454 243 518 πε
1039 439 1428 504 CUMMENT.
1458 435 1538 498 IN
1586 434 1828 498 EPIST.
1875 437 2042 499 IAD
2071 439 2437 503 comam.

3263 443 3374 510 746

159 563 270 636 θέρε
301 563 470 619 ἐστὶν
619 559 780 616 θέλει
829 555 1188 628 γαμηθῆναι,
1223 554 1416 626 μόνον
1458 551 1529 606 ἐν
1564 556 1711 609 Κυ..

1821 551 1969 619 nbat,
2017 555 2169 609 modo
2212 556 2268 608 in
2303 553 2533 612 Domino
2572 573 2592 613 :
2623 555 2827 611 beatior
2871 562 3049 612 tamen
3097 568 3174 614 est
3217 561 3266 615 si
3304 561 3386 616 sic

155 662 268 727 ηἰῳ.
315 652 737 724 Μακαριωτέρα
781 650 850 704 δέ
886 651 1060 704 ἐστιν
1103 649 1216 703 ἐὰν
1257 647 1449 714 οὕτως
1493 649 1694 716 μείνῃ,

1806 648 2179 714 permanserit,
2202 647 2366 714 juxta
2393 664 2566 702 meam
2601 650 2944 705 sententiam.
2971 646 3175 720 Opinor
3204 659 3382 708 autem

151 750 278 806 ataui
299 749 410 817 τὴν
454 743 612 818 ἐμὴν
642 743 909 816 γνώμην.
945 741 1107 798 Δοκῶ
1145 741 1215 796 δὲ
1244 740 1407 811 κάγὼ
1455 739 1700 813 Πνεῦμα

1821 735 1946 804 [uad
1975 744 2024 789 et
2061 737 2171 806 ipse
2186 736 2451 810 Spiritum
2476 739 2573 795 Dei
2591 741 2834 796 habeam.

153 844 276 901 οεοῦ
313 843 497 911 ἔχειν.

212 937 357 1006 Νόμῳ
387 935 539 1002 λέγει
561 930 642 1004 τῷ
675 930 808 1001 περὶ
835 929 942 985 τῶν
974 927 1200 1002 μοιχῶν,
1231 918 1277 997 ᾧ
1306 925 1594 998 κατέχεται
1619 927 1700 990 είς

150 1027 209 1080 τὸ
236 1026 300 1096 μὴ
329 1022 721 1096 συμπλακῆναι
747 1022 948 1094 ἑτέρῳ.
979 1021 1076 1074 Διὰ
1100 1019 1258 1074 τοῦτο
1287 1015 1432 1085 εἷπε,
1468 1036 1488 1071 s
1541 1020 1702 1072 Δέδεο

149 1133 244 1170 ται.
272 1134 289 1166 ι
319 1115 424 1168 Καὶ
457 1116 516 1168 ἐν
544 1113 622 1184 τῷ
645 1115 844 1177 εἰπεῖν,
891 1131 910 1164 s
951 1111 1191 1178 Δέδεται,
1236 1131 1256 1165 ι
1292 1112 1565 1166 δείκνυσιν
1617 1111 1702 1164 ὅτι

152 1212 186 1259 ὁ
209 1207 268 1278 μὴ
294 1203 626 1274 ἐγγαμίζων,
666 1208 920 1277 κρεῖσσον
943 1208 1108 1272 ποιεῖ,
1131 1206 1334 1277 δεσμοῦ
1357 1207 1526 1274 αὐτὴν
1555 1204 1705 1259 ἐλευ-

154 1298 317 1370 θερῶν.
345 1315 364 1348 ι
394 1297 690 1369 Ἐλευθέρα
715 1298 862 1352 ἐστὶν
879 1291 924 1367 ᾧ
961 1298 1105 1353 θέλει
1123 1300 1460 1370 γαμηθῆναι.
1483 1297 1706 1352 οἪλευ-

151 1389 474 1462 θέρωταιγὰρ
488 1390 582 1444 τοῦ
601 1390 818 1460 πρώτου
830 1392 1035 1462 δεσμοῦ
1055 1392 1152 1446 καὶ
1170 1394 1228 1445 νό
1236 1409 1336 1463 μου
1354 1391 1450 1446 καὶ
1463 1391 1701 1446 λέλυται.

149 1483 312 1538 Εἰπὼν
333 1483 390 1538 δὲ
415 1484 498 1538 ὅτι
521 1483 711 1556 ἐλύθη,
735 1485 1102 1558 προτρέπεται
1127 1486 1204 1558 μὴ
1228 1485 1392 1540 πάλιν
1413 1488 1593 1558 γῆμαι
1611 1486 1706 1538 καὶ

145 1578 367 1649 δεθῆναι.
403 1596 422 1631 ι
457 1579 639 1633 Μόνον
680 1579 740 1633 ἐν
792 1579 1006 1651 Κυρίῳ.
1053 1597 1074 1634 ι
1107 1581 1254 1652 Πλὴν
1305 1581 1446 1653 μετὰ
1493 1597 1712 1652 σωφρο-

145 1669 317 1740 σύνης,
346 1671 502 1741 φησὶ,
545 1669 642 1724 καὶ
689 1672 1052 1742 κοσμιότητος
1105 1673 1323 1744 νομίμῳ
1375 1675 1558 1744 γάμῳ,
1615 1673 1708 1725 ἐπὶ

139 1760 444 1832 ’.παιδοποιίᾳ
506 1761 601 1815 καὶ
633 1762 967 1835 προστασίᾳ,
1024 1765 1101 1835 μὴ
1146 1765 1238 1818 διὰ
1281 1764 1455 1829 πάθος
1512 1765 1706 1820 ἐπιθυ-

140 1852 284 1924 μίας.
313 1869 331 1903 ι
373 1853 532 1907 Κατὰ
556 1852 656 1923 τὴν
707 1852 846 1925 ἐμὴν
875 1853 1123 1926 γνώμην.
1178 1874 1198 1908 ι
1234 1855 1354 1910 Ἵνα
1417 1857 1492 1929 μὴ
1541 1860 1706 1927 ἀνάγο

134 1960 244 2012 ειην
287 1947 342 1998 τὸ
383 1947 619 2017 πρᾶγμα
675 1947 924 2022 νομίσῃς,
974 1949 1131 2020 φησί.
1195 1968 1215 2002 ι
1257 1951 1414 2005 Κατὰ
1443 1955 1541 2023 τὴν
1574 1953 1711 2024 ἐμὴν

138 2037 374 2108 -γνώμην,
420 2056 441 2090 ι
505 2037 672 2094 Ὅσον
722 2039 833 2110 ἐγὼ
887 2041 1160 2110 γινώσκω,
1213 2044 1365 2113 φησὶ,
1424 2045 1564 2098 κατὰ
1616 2045 1715 2118 τὴν

134 2131 275 2201 ἐμὴν
305 2133 619 2203 παραίνεσιν
647 2134 744 2187 καὶ
775 2135 1108 2206 συμδουλὴν,
1149 2137 1209 2190 ού
1271 2139 1414 2193 κατὰ
1452 2155 1576 2193 τινα
1625 2157 1716 2193 νο-

145 2221 386 2291 μοθεσίας
427 2222 697 2292 ἀνάγκην.
750 2219 885 2276 Εἶτα
941 2223 1027 2277 ἵνα
1064 2225 1138 2295 μή
1175 2241 1260 2288 τις
1306 2225 1458 2298 εἴπῃ,
1503 2224 1716 2280 Οὐκοῦν

154 2312 203 2362 εἰ
229 2311 292 2380 μὴ
327 2311 438 2364 ἔστι
468 2311 781 2382 νομοθεσία,
812 2314 866 2366 τί
923 2313 1028 2386 χρὴ
1077 2315 1214 2379 ὅλως
1254 2315 1376 2368 τινὰ
1429 2315 1570 2368 κατὰ
1613 2317 1716 2386 τὴν

164 2405 452 2474 παραίνεσιν
509 2409 728 2472 amisii);
796 2409 1096 2478 ἐπήγαγεν,
1129 2410 1210 2463 ὅτι
1277 2411 1388 2463 Καὶ
1433 2409 1605 2464 ταῦτα
1651 2413 1716 2464 ἐκ

163 2495 236 2548 τοῦ
272 2498 533 2565 παναγίου
587 2498 906 2570 Πνεύματος
951 2500 1347 2572 παραινοῦμεν,
1386 2504 1433 2556 εί
1495 2504 1589 2556 καὶ
1641 2503 1716 2575 μὴ

159 2589 227 2649 εἰς
239 2588 395 2658 νόμου
416 2588 689 2662 ἀνάγκην,
715 2591 802 2644 διὰ
826 2591 924 2662 τὴν
941 2592 1228 2646 ἀσθένειαν
1251 2593 1425 2660 ὑμῶν,
1453 2594 1552 2665 τὴν
1575 2611 1715 2665 συμ-

159 2681 326 2753 bauth
349 2683 764 2755 κατακλείομεν.
809 2702 827 2736 t
860 2683 1012 2738 Δοκῶ
1039 2683 1095 2737 δὲ
1125 2685 1280 2754 κάγὼ
1309 2687 1537 2757 Πνεῦμα
1577 2686 1713 2740 Θεοῦ

157 2769 297 2840 ἔχειν.
341 2790 360 2824 ι
403 2773 519 2827 Ἵνα
553 2777 629 2846 μή
659 2792 743 2839 τις
791 2776 993 2849 νομίσῃ
1017 2777 1116 2840 τὰς
1154 2777 1409 2841 τοιαύτας
1470 2777 1714 2850 συμϐουο

155 2863 256 2928 ita;
296 2865 505 2920 Παύλου
547 2863 685 2922 εἶναι
734 2868 833 2922 καὶ
859 2870 949 2923 διὰ
973 2869 1132 2924 τοῦτο
1165 2868 1532 2942 ἀνθρωπίνας,
1613 2874 1716 2925 ἐτ-

151 2958 277 3025 άγει,
303 2960 384 3014 ὅτι
421 2978 440 3013 ι
470 2959 697 3030 Πνεῦμα
724 2959 860 3014 Θεοῦ
877 2959 1006 3032 ἔχω,
1037 2979 1058 3014 ι
1091 2961 1328 3027 δεικνὺς,
1355 2962 1438 3016 ὅτι
1469 2964 1716 3034 Νομοθε-

151 3050 251 3103 aiat
294 3052 399 3105 είσὶ
439 3050 534 3105 τοῦ
582 3052 969 3124 Παρακλήτου.
1037 3052 1140 3106 οὐκ
1191 3053 1345 3124 ἐμαί.
1402 3053 1612 3126 Πολλὴν
1658 3056 1716 3110 δὲ

152 3146 640 3218 ταπεινοφροσύνην
679 3146 1034 3212 ἐνδείκνυται,
1090 3145 1174 3213 τὸ,
1208 3163 1231 3201 s
1262 3144 1438 3216 Δοκῶ,
1473 3165 1493 3202 s
1519 3147 1711 3218 λέγων·

147 3233 429 3305 τουτέστιν,
470 3235 764 3309 Ἦγοῦμαι,
799 3237 1036 3294 ὑπονοῶ.

763 3521 1018 3576 ΚΕΦΑΛ.
1060 3522 1121 3577 E.

137 3609 273 3678 Περὶ
302 3609 597 3680 διαφορᾶς
639 3609 1005 3687 ἐὸεςμάτ-ων,
1037 3615 1133 3667 καὶ
1162 3613 1401 3684 ἀποχῆς
1450 3615 1714 3687 damon-

655 3682 769 3736 κοῦ
798 3683 1202 3753 σεόιὶσματος.

203 3777 345 3845 Περὶ
380 3776 450 3831 δὲ
479 3775 598 3830 τῶν
636 3777 1047 3831 εἰδωλοθύτων
1086 3777 1334 3848 οἴδαμεν
1365 3778 1455 3833 ὅτι
1489 3777 1712 3846 πάντες

125 3867 364 3933 γνῶσιν
406 3871 656 3940 ἔχομεν.
715 3861 788 3923 Ἠ
815 3867 1040 3939 γνῶσις
1071 3870 1301 3939 φυσιοῖ,
1330 3870 1369 3938 ἠ
1403 3871 1473 3924 δὲ
1509 3870 1710 3940 ἀγάπη

121 3962 452 4032 οἰκοδομεῖ.
484 3965 552 4017 El
582 3961 650 4016 δέ
701 3979 790 4027 τις
829 3961 998 4015 δοκεῖ
1039 3960 1262 4016 ειδέναι
1307 3979 1383 4027 τι,
1425 3961 1568 4016 οὐδέ
1621 3977 1712 4014 πω

119 4055 312 4108 οὐδὲν
339 4057 626 4124 ἔγνωκεν,
646 4055 840 4121 καθὼς
859 4054 948 4108 δεῖ
977 4054 1218 4122 γνῶναι.
1237 4058 1304 4110 Εί
1321 4055 1388 4108 δέ
1405 4073 1496 4121 τις
1511 4053 1714 4126 ἀγαπᾷ

117 4145 235 4198 τόν·
266 4147 443 4209 Θεὸν,
474 4142 656 4210 οὗτος
683 4147 978 4214 ἔγνωσται
1010 4145 1116 4200 ὑπ’
1137 4146 1346 4200 αὑτοῦ.

213 4234 282 4288 Ἦ
329 4237 478 4290 αίτία
511 4240 613 4306 τῆς
647 4237 757 4290 τῶν
784 4235 1149 4290 εἰδωλοθύτων
1174 4237 1519 4306 ἐπιπλήξεως
1545 4237 1708 4310 αὕτη*

132 4323 298 4387 Τινές
328 4325 482 4387 ὅντες
522 4326 652 4396 περὶ
680 4327 779 4395 τὴν
807 4327 993 4378 πίστιν
1025 4325 1242 4389 τέλειοι,
1271 4325 1368 4378 καὶ
1400 4326 1601 4390 ειδότες
1631 4328 1712 4380 ὅτι

128 4415 194 4466 οὐ
222 4416 291 4468 τὰ
324 4417 753 4488 είσπορευὸμενα
804 4419 973 4470 κοινοί
1005 4416 1096 4470 τὸν
1143 4416 1448 4487 ἄνθρωπον,
1503 4418 1599 4471 καὶ
1628 4419 1712 4473 ὅτι

126 4509 207 4561 τὰ
242 4511 438 4565 εἴδωλα
473 4511 604 4576 ξύλα
634 4511 731 4563 καὶ
765 4509 902 4581 λίθοι
946 4510 1079 4564 ὂντα
1122 4510 1273 4563 οὐδέν
1303 4512 1460 4576 εἰσιν,
1483 4511 1714 4581 ἀδιαφό-

131 4616 254 4670 ρως
278 4603 336 4654 ἐν
367 4605 478 4666 τοῖς
524 4604 740 4673 μιαροῖς
772 4601 880 4654 τῶν
927 4601 1163 4656 εἰδώλων
1199 4601 1368 4670 οἴκοις
1427 4603 1709 4670 εἰσιόντες,
1741 4630 1792 4692 D

132 4697 395 4765 μετεῖχον
441 4695 552 4748 τῶν
597 4697 775 4747 ἐκεῖσε
834 4695 1146 4762 τραπεζῶν,
1214 4697 1309 4749 καὶ
1346 4695 1713 4750 εἰδωλοθύτων

123 4783 413 4850 ἐγεύοντο.
446 4784 618 4837 Τοῦτο
634 4783 689 4836 δὲ
722 4784 814 4836 καὶ
832 4784 1029 4846 αὐτοὺς
1053 4785 1176 4847 τοὺς
1197 4784 1433 4848 τελείους
1455 4784 1712 4840 ἔϐλαπτε.

128 4877 429 4944 Δαιμόνων
497 4876 607 4946 γὰρ
673 4875 993 4929 ἐκοινώνουν
1056 4876 1396 4946 τραπέζαις,
1445 4879 1541 4930 καὶ
1589 4880 1716 4943 τοὺς

121 4967 534 5038 ἀτελεστέρους
560 4967 848 5020 ἔϐλαπτον.
882 4965 1016 5020 Οὐδὲ
1039 4968 1150 5036 γὰρ
1184 4965 1446 5037 ἐξήταζον
1472 4969 1592 5040 μεθ’
1646 4966 1716 5043 ἧς

117 5060 315 5112 ταῦτα
367 5060 585 5114 ποιοῦσι
637 5059 888 5130 γνώμης,
919 5058 1056 5112 ἀλλὰ
1117 5060 1178 5113 τὺ
1211 5061 1494 5132 γινόμενον
1554 5065 1714 5131 μόνον

115 5152 400 5222 ὁρῶντες,
429 5153 704 5223 πρόφασιν
729 5151 1035 5221 ἐλάμϐανον
1077 5153 1464 5221 είδωλοθυτείν,
1499 5154 1574 5219 ὡς
1621 5157 1715 5209 καὶ

112 5244 246 5297 τῶν
290 5245 508 5298 τελείων
539 5246 681 5297 κατὰ
706 5244 873 5313 τιμὴν
892 5244 1000 5296 τῶν
1031 5244 1266 5298 εἰδώλων
1314 5246 1716 5302 κοινωνούντων

110 5335 244 5387 τῶν
292 5337 467 5389 ἐκεῖσε
508 5335 824 5407 τραπεζῶν.
859 5355 882 5387 ε
912 5337 1148 5407 Οἴδαμεν
1180 5339 1261 5390 ὅτι
1317 5339 1518 5402 πάντες
1571 5340 1714 5408 γνῶ-

113 5444 218 5480 σιν
256 5429 474 5500 ἔχομεν.
513 5449 531 5482 i
565 5431 730 5496 Μέγα
797 5430 1083 5499 ἐφρόνουν,
1133 5432 1207 5494 ὡς
1271 5431 1474 5499 γνῶσιν
1499 5431 1714 5502 ἕχοντες

105 5521 293 5576 Θεοῦ.
320 5523 408 5576 Διὸ
427 5525 646 5576 ἐδόκουν
683 5521 817 5593 μηδέ
859 5522 1376 5592 παραφυλάττεσθαι
1434 5525 1506 5578 τὰ
1558 5527 1712 5578 εἰδω-

100 5614 349 5670 λόθυτα.
375 5617 592 5685 Ταύτην
615 5611 709 5670 οὖν
739 5616 840 5685 τὴν
865 5615 1065 5684 γνῶσιν
1085 5615 1267 5686 κοινὴν
1295 5619 1510 5673 πάντων
1543 5617 1710 5686 λέγει⁸

107 5727 130 5758 s
162 5705 394 5768 Πάντες
423 5705 534 5775 γὰρ
558 5704 759 5775 ἐχομεν
789 5703 991 5774 ταύτην
1019 5705 1118 5776 τὴν
1156 5705 1373 5773 γνῶσιν.
1398 5723 1419 5759 s
1439 5704 1608 5761 Τοῦτο
1634 5705 1714 5756 λέο

95 5817 241 5869 των
263 5798 516 5870 κ-θαιρεί
540 5795 720 5851 αὐτῶν
739 5795 801 5848 τὸ
818 5795 1093 5874 φρόνημα.
1120 5813 1139 5848 ι
1163 5795 1227 5848 Ἦ
1251 5795 1452 5864 γνῶσις
1470 5799 1670 5868 φυσιοῖ.
1686 5814 1706 5850 s

177 5913 328 5956 "—“
359 5913 555 5971 Matth.
590 5927 680 5975 xv,
719 5910 806 5966 il-

464 6013 735 6074 Pnnon.
785 6010 896 6071 Gs.
946 6010 1226 6074 CXl'lll.

1878 922 2080 995 Legem
2108 923 2246 980 dicit
2271 941 2395 995 qua:
2425 926 2494 982 de
2527 928 2795 984 adulteris
2826 929 2936 986 lata
2963 941 3070 999 est,
3109 949 3217 1004 qua
3249 936 3387 991 reti-

1810 1025 1974 1070 netur
2005 1017 2130 1082 hoc,
2156 1019 2402 1073 ne-alteri
2426 1022 2872 1078 commisceatur.
2893 1024 3187 1095 Propterea
3205 1026 3344 1082 dixit
3369 1045 3384 1083 :

1816 1129 1836 1162 ‹
1889 1111 2076 1181 Ligata
2115 1119 2223 1166 est.
2277 1129 2296 1162 ι
2339 1111 2406 1166 Ει
2440 1127 2540 1183 per
2570 1113 2676 1169 hoc
2713 1115 2862 1184 quod
2908 1117 3045 1171 dixit
3084 1136 3096 1171 :
3142 1137 3160 1170 ι
3199 1118 3387 1190 Ligata

1810 1211 1916 1268 est,
1953 1221 1971 1254 ι
2002 1204 2250 1259 ostendit
2279 1204 2426 1275 quod
2458 1205 2551 1276 qui
2579 1223 2689 1262 non
2719 1208 2900 1264 elocat
2923 1219 3158 1280 nuptum
3190 1213 3389 1267 melius

1811 1294 1962 1362 facit,
1989 1296 2224 1352 vinculis
2260 1298 2436 1366 ipsam
2479 1298 2741 1355 liberans.
2779 1319 2798 1352 ι
2839 1301 3038 1357 Libera
3073 1313 3158 1359 est
3199 1313 3259 1360 ut
3295 1305 3386 1360 cui

1811 1388 1930 1441 vult
1960 1388 2152 1443 nubat.
2186 1405 2210 1440 -ι
2243 1388 2501 1444 Liberata
2531 1397 2615 1445 est
2650 1391 2830 1460 primo
2859 1392 3081 1448 vinculo
3126 1410 3192 1449 ac
3244 1395 3386 1465 lege,

1812 1487 1870 1534 et
1899 1480 2078 1536 soluta
2099 1489 2208 1536 est.
2242 1481 2441 1538 Dicens
2471 1491 2654 1538 autem
2677 1484 2825 1554 quod
2853 1484 3033 1540 soluta
3057 1497 3164 1552 est,
3191 1488 3390 1563 adhor-

1814 1576 1965 1626 tatur
1986 1586 2055 1628 ne
2099 1587 2320 1628 rursum
2360 1575 2536 1629 nubat
2567 1591 2632 1631 ac
2667 1577 2889 1648 ligetur.
2931 1597 2951 1631 ς
2985 1579 3146 1634 Modo
3192 1581 3246 1634 in
3281 1579 3390 1635 Do-

1814 1661 1986 1716 mino.
2027 1679 2046 1714 ι
2082 1663 2338 1719 Attamen
2360 1681 2483 1720 cum
2513 1666 2802 1734 modestia,
2830 1669 3032 1740 inquit,
3057 1686 3120 1726 ac
3141 1671 3390 1728 decentia

1814 1752 2077 1826 legitimis
2099 1754 2366 1826 jungatur
2404 1757 2616 1828 nuptiis
2659 1759 2732 1814 ob
2771 1761 2944 1831 prolis
2983 1763 3391 1832 susceptionem

1814 1855 1870 1901 et
1911 1846 2321 1914 educationem,
2376 1866 2489 1906 non
2539 1866 2608 1906 ex
2653 1852 2854 1909 affectu
2904 1857 3392 1921 concupiscentiae.

1823 1955 1842 1989 ι
1877 1936 2041 1993 Juxta
2066 1953 2244 1994 meam
2277 1944 2628 1997 sententiam.
2665 1960 2683 1994 ι
2710 1943 2790 1998 Ne
2817 1960 2932 2000 rem
2957 1946 3240 2002 existimes
3271 1963 3395 2003 esse

1818 2029 2227 2097 necessitatem,
2274 2031 2371 2088 ait.
2441 2052 2460 2086 ι
2494 2033 2665 2090 Juxta
2733 2050 2914 2092 meam
2961 2039 3327 2094 sententiam:
3370 2060 3388 2093 ι

1817 2120 1982 2194 490
2017 2132 2285 2193 quantum
2321 2142 2422 2198 ego
2456 2127 2612 2182 valeo
2639 2129 2952 2200 concipere,
2993 2141 3258 2201 quantum
3293 2147 3396 2203 ego

1819 2212 2128 2282 intelligere
2167 2231 2428 2286 possum;
2466 2220 2622 2290 juxta
2658 2237 2837 2276 meam
2877 2222 3308 2279 admonitionem
3339 2232 3396 2280 et

1819 2306 2136 2372 consilium,
2168 2323 2280 2362 non
2311 2325 2374 2362 ex
2409 2311 2741 2368 necessitate
2771 2312 3154 2384 legislationis.
3189 2316 3395 2370 Deinde

1815 2415 1888 2456 ne
1921 2401 2046 2470 quis
2071 2401 2220 2457 dicat
2253 2421 2267 2457 :
2294 2402 2350 2458 Si
2391 2418 2524 2475 ergo
2563 2421 2674 2460 non
2702 2415 2786 2462 est
2817 2421 2882 2462 ea
2911 2405 2981 2463 de
3007 2423 3065 2462 re
3098 2408 3394 2479 legislatio,

1818 2507 1919 2546 cur
1950 2502 2168 2563 oportet
2205 2510 2540 2566 quemquam
2572 2500 2802 2554 omnino
2837 2501 2992 2570 juxta
3027 2509 3175 2556 tuam
3204 2502 3398 2557 admo-

1820 2587 2088 2641 nitionem
2131 2589 2330 2658 agere?
2370 2591 2658 2660 subjunxit
2697 2607 2712 2645 :
2763 2583 2944 2646 Etiam
2998 2592 3135 2658 haec,
3195 2593 3396 2664 inquit,

1812 2678 1968 2750 juxta
2001 2680 2412 2735 sanctissnmum
2459 2681 2728 2753 Spiritum
2766 2685 3129 2741 adnmnemus
3171 2704 3185 2741 :
3223 2703 3402 2757 quan-

1818 2788 1982 2842 quam
2010 2772 2081 2828 ob
2112 2784 2348 2830 vestram
2378 2775 2812 2833 imbecillitatem
2840 2778 3138 2834 consilium
3164 2780 3230 2833 ad
3263 2780 3399 2850 legis

1817 2861 2203 2916 necessitatem
2223 2878 2339 2918 non
2364 2863 2731 2922 declinemus.
2760 2887 2777 2919 ι
2810 2866 3022 2937 Opinor
3045 2877 3226 2923 autem
3251 2869 3396 2938 quod

1814 2961 1874 3008 et
1905 2953 2021 3022 ipse
2049 2953 2318 3024 Spiritum
2354 2956 2450 3011 Dei
2478 2957 2728 3013 habeam.
2763 2977 2780 3012 ι
2815 2961 2894 3015 Νε
2920 2960 3047 3030 quis
3077 2960 3393 3031 bujusmodi

1814 3046 2050 3100 consilia
2062 3061 2182 3101 esse
2200 3047 2353 3102 Pauli
2376 3047 2675 3113 existimet,
2700 3051 2848 3105 etita
2876 3051 3137 3116 humana,
3164 3051 3393 3121 subjun-

1818 3140 1938 3209 git:
1981 3156 2000 3190 ι
2042 3139 2310 3210 Spiritum
2343 3141 2438 3196 Dei
2466 3141 2664 3208 habeo,
2697 3163 2714 3194 I
2753 3159 2817 3198 ac
2846 3143 2893 3198 si
2925 3143 3137 3199 diceret
3171 3143 3398 3214 :Legis—

1820 3227 2056 3282 lationes
2093 3237 2224 3284 sunt
2260 3230 2554 3298 Paracleti,
2593 3249 2704 3288 non
2747 3250 2904 3289 mem.
2947 3233 3170 3288 Multam
3212 3244 3397 3289 autem

1821 3317 2162 3374 demonstrat
2189 3321 2516 3378 modestiam
2541 3323 2731 3380 dicens
2765 3343 2785 3379 ‹
2814 3324 3055 3397 Opinor,
3108 3344 3130 3381 ι
3161 3327 3268 3384 hoc
3291 3339 3395 3394 est,

1814 3415 2095 3476 existimo,
2130 3417 2392 3474 arbitror.

2451 3509 2676 3569 CAPUT
2717 3511 2782 3569 ν.

1817 3600 1894 3657 De
1913 3603 2216 3659 diversitate
2245 3605 2502 3670 ciborum,
2533 3617 2582 3661 et
2607 3607 2924 3663 abstinentia
2964 3624 2998 3662 a
3026 3606 3170 3662 cultu
3198 3607 3398 3664 daemo-

1890 3766 2027 3834 νηί,
2056 3768 2108 3834 1,
2133 3769 2187 3824 5.
2216 3767 2478 3826 Craterum
2509 3771 2574 3825 de
2601 3772 2680 3826 his
2715 3787 2832 3844 qua:
2851 3769 3008 3826 idolis
3045 3770 3401 3827 immolantur

1819 3863 2056 3917 nouimus
2098 3864 2237 3933 quod
2275 3881 2454 3920 omnes
2495 3865 2770 3921 scientiam
2812 3867 3122 3922 habeamus.
3167 3866 3399 3924 Scientia

1815 3952 1992 4023 inﬂat,
2024 3953 2234 4010 dilectio
2261 3973 2382 4010 vero
2410 3957 2662 4026 aediﬁcat.
2689 3957 2843 4024 Quod
2864 3960 2911 4012 si
2935 3960 3051 4030 quis
3071 3959 3168 4013 sibi
3193 3961 3401 4014 videtur

1817 4046 2023 4116 aliquid
2049 4063 2220 4114 nosse,
2258 4049 2495 4104 nondum
2522 4051 2810 4122 quidquam
2839 4053 2981 4106 novit
3012 4053 3148 4106 sicut
3191 4062 3399 4123 oportet

1820 4154 1990 4193 nosse.
2012 4139 2078 4194 At
2111 4141 2159 4194 si
2189 4143 2306 4212 quis
2325 4141 2501 4212 diligit
2531 4143 2718 4207 Deum,
2740 4143 2824 4196 hic
2842 4145 3080 4214 cognitus
3098 4153 3173 4198 est
3193 4145 3257 4198 ab
3281 4144 3395 4199 illa.

1887 4230 2066 4286 Causa
2110 4232 2509 4302 increpati-onis
2553 4233 2621 4289 de
2669 4235 2754 4289 his
2802 4251 2924 4305 quae
2966 4235 3130 4291 idolis
3180 4236 3400 4292 fuerant

1819 4323 2120 4393 immolata,
2151 4336 2271 4382 erat
2300 4327 2417 4383 haec
2437 4347 2450 4382 :
2472 4328 2732 4384 Nonnulli
2766 4330 2818 4383 in
2852 4328 2957 4384 fide
2989 4329 3242 4399 perfecti,
3272 4347 3399 4387 cum

1819 4417 2026 4473 scirent
2051 4433 2116 4474 ea
2157 4434 2279 4488 quae
2306 4419 2714 4488 ingrediuntur,
2751 4436 2860 4475 non
2889 4435 3240 4475 communem
3273 4421 3401 4476 red-

1817 4509 1952 4566 dere
1992 4517 2090 4564 aut
2114 4510 2475 4580 coinquinare
2505 4511 2785 4568 hominem
2813 4512 2934 4554 ⁹⁷-’⁸
2955 4529 2968 4565 :
2988 4520 3047 4566 et
3079 4513 3394 4579 simulacra,

1819 4618 1946 4657 cum
1987 4601 2131 4674 ligna
2164 4603 2276 4658 sint
2303 4611 2360 4658 et
2399 4603 2637 4673 lapides,
2687 4604 2827 4659 nihil
2857 4621 3002 4671 esse,
3031 4605 3148 4660 sive
3193 4605 3400 4660 nullius

1820 4709 1942 4750 esse
1973 4694 2235 4749 momenti
2271 4712 2284 4748 :
2315 4695 2699 4751 indifferenter
2740 4696 2796 4750 in
2847 4697 3090 4767 impuras
3125 4694 3398 4752 idolorum

1821 4783 2016 4842 domos
2064 4786 2464 4857 ingredientes,
2514 4788 2812 4858 participes
2861 4804 3179 4843 mensarum
3237 4799 3399 4844 erant

1822 4893 1946 4948 quae
1993 4879 2069 4934 ibi
2131 4880 2578 4950 apponebantur,
2630 4888 2686 4934 et
2743 4881 3056 4935 simulacris
3115 4881 3394 4938 immolata

1821 4966 2134 5037 gustabant.
2169 4967 2285 5023 Hoc
2319 4977 2504 5023 autem
2533 4967 2668 5038 ipsis
2694 4984 2915 5037 quoque
2942 4969 3201 5039 perfectis
3226 4984 3394 5024 noce.-

1822 5058 1937 5125 bat,
1959 5075 2081 5114 nam
2105 5050 2419 5114 mensarum
2451 5060 2759 5115 daemonum
2785 5061 3082 5131 participes
3112 5072 3274 5117 erant
3304 5080 3318 5126 ;
3341 5072 3398 5118 et

1823 5149 2160 5218 imperfectis
2190 5150 2484 5216 nocebant,
2520 5166 2700 5220 neque
2730 5153 2878 5206 enim
2921 5152 2998 5207 illi
3037 5154 3398 5223 requirebant

1823 5257 1934 5312 quo
1964 5243 2078 5297 haec
2106 5242 2355 5297 facerent
2388 5243 2576 5298 animo
2620 5243 2763 5298 :sed
2806 5243 3008 5300 factum
3052 5255 3264 5301 tantum
3312 5246 3399 5301 in-

1825 5342 2064 5398 tuentes,
2099 5336 2446 5388 occasionem
2499 5335 2794 5390 sumebant
2845 5336 3009 5390 idolis
3050 5336 3392 5401 immolandi,

1821 5440 1887 5480 ac
1915 5425 1959 5478 si
1990 5423 2219 5495 perfecti
2267 5423 2321 5478 in
2353 5424 2619 5478 honorem
2655 5425 2927 5481 idolorum
2963 5428 3263 5497 participes
3293 5428 3392 5484 (ie-

1823 5526 1946 5572 rent
1973 5530 2286 5570 mensarum
2330 5531 2452 5585 qua:
2477 5515 2550 5570 ibi
2585 5518 3008 5586 apponebantur
3037 5538 3051 5573 :
3081 5538 3100 5571 ‹
3131 5520 3392 5576 Novium:

1762 5649 1792 5680 λ
1820 5609 1969 5680 quod
1999 5625 2192 5666 omnes
2224 5609 2512 5665 scientiam
2556 5610 2879 5666 habeamus.
2926 5630 2946 5664 ι
2977 5611 3127 5683 49]
3186 5613 3391 5681 Super-

1820 5703 2046 5762 biebant
2069 5711 2328 5773 tanquam
2357 5702 2451 5758 Dei
2477 5703 2764 5758 scientiam
2796 5703 3084 5768 habentes;
3115 5703 3239 5759 ideo
3269 5705 3390 5774 opi-

1821 5795 2096 5851 nabantur
2155 5810 2263 5851 non
2325 5809 2448 5850 esse
2512 5793 2804 5852 devitanda
2854 5809 2976 5864 quae
3022 5793 3184 5851 idolis
3231 5805 3393 5856 erant

3003 5993 3079 6062 ει
