  <div class='ocr_page' id='page_1' title='image "/cluster/home/n/w/nwhite01/storage/ocr_20150623/118/hvd.32044019208149/424.png"; bbox 0 0 3872 6556; ppageno 0'>
   <div class='ocr_carea' id='block_1_1' title="bbox 143 407 3348 496">
    <p class='ocr_par' dir='ltr' id='par_1_1' title="bbox 143 407 3348 496">
     <span class='ocr_line' id='line_1_1' title="bbox 143 407 3348 496; baseline -0.002 -3"><span class='ocrx_word' id='word_1_1' title='bbox 143 428 252 496; x_wconf 64' lang='lat'><strong>739</strong></span> <span class='ocrx_word' id='word_1_2' title='bbox 1065 430 1449 494; x_wconf 76' lang='lat' dir='ltr'><strong>COMMENT.</strong></span> <span class='ocrx_word' id='word_1_3' title='bbox 1481 430 1563 492; x_wconf 89' lang='lat' dir='ltr'><strong>IN</strong></span> <span class='ocrx_word' id='word_1_4' title='bbox 1604 427 1900 490; x_wconf 89' lang='lat' dir='ltr'><strong>EPIST.I</strong></span> <span class='ocrx_word' id='word_1_5' title='bbox 1939 427 2040 486; x_wconf 80' lang='lat' dir='ltr'><strong>AD</strong></span> <span class='ocrx_word' id='word_1_6' title='bbox 2078 426 2437 488; x_wconf 69' lang='lat' dir='ltr'><strong>comma.</strong></span> <span class='ocrx_word' id='word_1_7' title='bbox 2949 407 2960 416; x_wconf 83' lang='lat'><strong>&#39;</strong></span> <span class='ocrx_word' id='word_1_8' title='bbox 3278 426 3348 487; x_wconf 71' lang='grc' dir='ltr'><strong>τε,</strong></span> 
     </span>
    </p>
   </div>
   <div class='ocr_carea' id='block_1_2' title="bbox 143 535 1735 614">
    <p class='ocr_par' dir='ltr' id='par_1_2' title="bbox 143 539 1721 614">
     <span class='ocr_line' id='line_1_2' title="bbox 143 539 1721 614; baseline -0.001 -18"><span class='ocrx_word' id='word_1_9' title='bbox 143 544 266 606; x_wconf 72' lang='grc' dir='ltr'>λους</span> <span class='ocrx_word' id='word_1_10' title='bbox 295 543 449 607; x_wconf 75' lang='grc' dir='ltr'>θεοὺς</span> <span class='ocrx_word' id='word_1_11' title='bbox 480 542 621 597; x_wconf 81' lang='grc' dir='ltr'><strong>κατὰ</strong></span> <span class='ocrx_word' id='word_1_12' title='bbox 650 541 808 614; x_wconf 77' lang='grc' dir='ltr'>χάριν</span> <span class='ocrx_word' id='word_1_13' title='bbox 835 542 1153 614; x_wconf 78' lang='grc' dir='ltr'><strong>κεκλῆσθαι.</strong></span> <span class='ocrx_word' id='word_1_14' title='bbox 1171 543 1379 613; x_wconf 82' lang='grc' dir='ltr'>Ὠσπερ</span> <span class='ocrx_word' id='word_1_15' title='bbox 1403 541 1513 612; x_wconf 78' lang='grc' dir='ltr'><strong>γὰρ</strong></span> <span class='ocrx_word' id='word_1_16' title='bbox 1539 539 1721 611; x_wconf 70' lang='grc' dir='ltr'>εἴρηνο</span> 
     </span>
    </p>
   </div>
   <div class='ocr_carea' id='block_1_3' title="bbox 1839 535 3391 614">
    <p class='ocr_par' dir='ltr' id='par_1_3' title="bbox 1839 535 3391 602">
     <span class='ocr_line' id='line_1_3' title="bbox 1839 535 3391 602; baseline -0.001 -10"><span class='ocrx_word' id='word_1_17' title='bbox 1839 538 2029 594; x_wconf 79' lang='lat' dir='ltr'><strong>nullos</strong></span> <span class='ocrx_word' id='word_1_18' title='bbox 2081 537 2321 594; x_wconf 91' lang='lat' dir='ltr'><strong>habeant</strong></span> <span class='ocrx_word' id='word_1_19' title='bbox 2366 536 2499 592; x_wconf 91' lang='lat' dir='ltr'><strong>deos</strong></span> <span class='ocrx_word' id='word_1_20' title='bbox 2551 549 2616 591; x_wconf 87' lang='lat' dir='ltr'><strong>ac</strong></span> <span class='ocrx_word' id='word_1_21' title='bbox 2663 535 2939 602; x_wconf 82' lang='lat' dir='ltr'><strong>dominos,</strong></span> <span class='ocrx_word' id='word_1_22' title='bbox 2990 535 3152 591; x_wconf 88' lang='lat' dir='ltr'><strong>nobis</strong></span> <span class='ocrx_word' id='word_1_23' title='bbox 3212 545 3391 591; x_wconf 90' lang='lat' dir='ltr'><strong>tamen</strong></span> 
     </span>
    </p>
   </div>
   <div class='ocr_carea' id='block_1_4' title="bbox 144 628 1735 704">
    <p class='ocr_par' dir='ltr' id='par_1_4' title="bbox 144 631 1721 704">
     <span class='ocr_line' id='line_1_4' title="bbox 144 631 1721 704; baseline -0.001 -19"><span class='ocrx_word' id='word_1_24' title='bbox 144 651 236 687; x_wconf 82' lang='grc' dir='ltr'>ται</span> <span class='ocrx_word' id='word_1_25' title='bbox 260 634 453 704; x_wconf 72' lang='grc' dir='ltr'>Ἀρχαὶ</span> <span class='ocrx_word' id='word_1_26' title='bbox 475 635 570 688; x_wconf 75' lang='grc' dir='ltr'><strong>καὶ</strong></span> <span class='ocrx_word' id='word_1_27' title='bbox 601 633 891 700; x_wconf 79' lang='grc' dir='ltr'>Ἐξουσίαι,</span> <span class='ocrx_word' id='word_1_28' title='bbox 925 633 1283 704; x_wconf 78' lang='grc' dir='ltr'>Κυριὸτητες,</span> <span class='ocrx_word' id='word_1_29' title='bbox 1301 633 1516 704; x_wconf 90' lang='grc' dir='ltr'>Θρόνοι,</span> <span class='ocrx_word' id='word_1_30' title='bbox 1549 631 1721 694; x_wconf 69' lang='grc' dir='ltr'>οὕτως</span> 
     </span>
    </p>
   </div>
   <div class='ocr_carea' id='block_1_5' title="bbox 1839 628 3388 704">
    <p class='ocr_par' dir='ltr' id='par_1_5' title="bbox 1839 628 3388 701">
     <span class='ocr_line' id='line_1_5' title="bbox 1839 628 3388 701; baseline -0.003 -15"><span class='ocrx_word' id='word_1_31' title='bbox 1839 647 1970 686; x_wconf 67' lang='lat' dir='ltr'><strong>inus</strong></span> <span class='ocrx_word' id='word_1_32' title='bbox 2003 639 2088 685; x_wconf 91' lang='lat' dir='ltr'><strong>est</strong></span> <span class='ocrx_word' id='word_1_33' title='bbox 2116 630 2281 685; x_wconf 88' lang='lat' dir='ltr'><strong>Deus.</strong></span> <span class='ocrx_word' id='word_1_34' title='bbox 2323 647 2341 681; x_wconf 80' lang='grc' dir='ltr'><strong>ι</strong></span> <span class='ocrx_word' id='word_1_35' title='bbox 2380 629 2498 701; x_wconf 92' lang='lat' dir='ltr'><strong>Dei.</strong></span> <span class='ocrx_word' id='word_1_36' title='bbox 2541 647 2561 682; x_wconf 75' lang='grc' dir='ltr'><strong>ι</strong></span> <span class='ocrx_word' id='word_1_37' title='bbox 2601 628 2750 684; x_wconf 92' lang='lat' dir='ltr'><strong>Dicit</strong></span> <span class='ocrx_word' id='word_1_38' title='bbox 2775 628 2922 683; x_wconf 90' lang='lat' dir='ltr'><strong>enim</strong></span> <span class='ocrx_word' id='word_1_39' title='bbox 2947 629 3172 699; x_wconf 77' lang='lat' dir='ltr'><strong>angelos</strong></span> <span class='ocrx_word' id='word_1_40' title='bbox 3193 643 3388 683; x_wconf 85' lang='lat' dir='ltr'><strong>secun-</strong></span> 
     </span>
    </p>
   </div>
   <div class='ocr_carea' id='block_1_6' title="bbox 145 725 1722 796">
    <p class='ocr_par' dir='ltr' id='par_1_6' title="bbox 145 725 1722 796">
     <span class='ocr_line' id='line_1_6' title="bbox 145 725 1722 796; baseline -0.001 -18"><span class='ocrx_word' id='word_1_41' title='bbox 145 727 241 778; x_wconf 72' lang='grc' dir='ltr'><strong>καὶ</strong></span> <span class='ocrx_word' id='word_1_42' title='bbox 280 726 414 780; x_wconf 81' lang='grc' dir='ltr'>θεοί.</span> <span class='ocrx_word' id='word_1_43' title='bbox 458 743 478 778; x_wconf 72' lang='grc' dir='ltr'><strong>ι</strong></span> <span class='ocrx_word' id='word_1_44' title='bbox 510 726 720 796; x_wconf 83' lang='grc' dir='ltr'>Ὠσπερ</span> <span class='ocrx_word' id='word_1_45' title='bbox 765 725 874 779; x_wconf 74' lang='grc' dir='ltr'><strong>εἰσὶ</strong></span> <span class='ocrx_word' id='word_1_46' title='bbox 911 727 1023 780; x_wconf 70' lang='grc' dir='ltr'>Θεοι</span> <span class='ocrx_word' id='word_1_47' title='bbox 1057 725 1257 778; x_wconf 86' lang='grc' dir='ltr'>πολλοί.</span> <span class='ocrx_word' id='word_1_48' title='bbox 1304 745 1322 778; x_wconf 74' lang='grc' dir='ltr'><strong>ι</strong></span> <span class='ocrx_word' id='word_1_49' title='bbox 1367 725 1501 779; x_wconf 85' lang='grc' dir='ltr'><strong>Ἀπὸ</strong></span> <span class='ocrx_word' id='word_1_50' title='bbox 1542 725 1722 778; x_wconf 81' lang='grc' dir='ltr'>κοινοῦ</span> 
     </span>
    </p>
   </div>
   <div class='ocr_carea' id='block_1_7' title="bbox 141 817 1723 890">
    <p class='ocr_par' dir='ltr' id='par_1_7' title="bbox 141 817 1723 890">
     <span class='ocr_line' id='line_1_7' title="bbox 141 817 1723 890; baseline 0 -20"><span class='ocrx_word' id='word_1_51' title='bbox 141 817 226 885; x_wconf 84' lang='grc' dir='ltr'>τὸ,</span> <span class='ocrx_word' id='word_1_52' title='bbox 255 837 274 869; x_wconf 84' lang='grc'>‹</span> <span class='ocrx_word' id='word_1_53' title='bbox 296 817 615 888; x_wconf 72' lang='grc' dir='ltr'>Λεγόμενοι,</span> <span class='ocrx_word' id='word_1_54' title='bbox 642 837 661 870; x_wconf 74' lang='grc' dir='ltr'><strong>ι</strong></span> <span class='ocrx_word' id='word_1_55' title='bbox 687 818 854 883; x_wconf 83' lang='grc' dir='ltr'>δέξαι.</span> <span class='ocrx_word' id='word_1_56' title='bbox 878 819 998 871; x_wconf 69' lang='grc' dir='ltr'><strong>Εἰσὶ</strong></span> <span class='ocrx_word' id='word_1_57' title='bbox 1019 819 1148 889; x_wconf 81' lang='grc' dir='ltr'>γὰρ,</span> <span class='ocrx_word' id='word_1_58' title='bbox 1173 819 1328 888; x_wconf 69' lang='grc' dir='ltr'>φησι,</span> <span class='ocrx_word' id='word_1_59' title='bbox 1352 817 1482 890; x_wconf 86' lang='grc' dir='ltr'>παρ’</span> <span class='ocrx_word' id='word_1_60' title='bbox 1499 817 1723 886; x_wconf 78' lang='grc' dir='ltr'>Ἕλλησι</span> 
     </span>
    </p>
   </div>
   <div class='ocr_carea' id='block_1_8' title="bbox 143 905 1726 979">
    <p class='ocr_par' dir='ltr' id='par_1_8' title="bbox 143 905 1726 979">
     <span class='ocr_line' id='line_1_8' title="bbox 143 905 1726 979; baseline 0 -19"><span class='ocrx_word' id='word_1_61' title='bbox 143 907 260 961; x_wconf 77' lang='grc' dir='ltr'><strong>θεοὶ</strong></span> <span class='ocrx_word' id='word_1_62' title='bbox 303 909 398 962; x_wconf 76' lang='grc' dir='ltr'><strong>καὶ</strong></span> <span class='ocrx_word' id='word_1_63' title='bbox 440 910 620 979; x_wconf 83' lang='grc' dir='ltr'>κύριοι</span> <span class='ocrx_word' id='word_1_64' title='bbox 665 908 969 979; x_wconf 76' lang='grc' dir='ltr'><strong>λεγόμενοι,</strong></span> <span class='ocrx_word' id='word_1_65' title='bbox 1008 907 1277 978; x_wconf 72' lang='grc' dir='ltr'><strong>ἀλλ’ήμῖν</strong></span> <span class='ocrx_word' id='word_1_66' title='bbox 1315 905 1396 971; x_wconf 76' lang='grc' dir='ltr'>εἷς</span> <span class='ocrx_word' id='word_1_67' title='bbox 1434 907 1588 972; x_wconf 88' lang='grc' dir='ltr'>Θεὸς,</span> <span class='ocrx_word' id='word_1_68' title='bbox 1628 907 1726 960; x_wconf 75' lang='grc' dir='ltr'>καὶ</span> 
     </span>
    </p>
   </div>
   <div class='ocr_carea' id='block_1_9' title="bbox 141 996 1724 1072">
    <p class='ocr_par' dir='ltr' id='par_1_9' title="bbox 141 996 1724 1072">
     <span class='ocr_line' id='line_1_9' title="bbox 141 996 1724 1072; baseline 0 -20"><span class='ocrx_word' id='word_1_69' title='bbox 141 996 225 1062; x_wconf 76' lang='grc' dir='ltr'><strong>εἷς</strong></span> <span class='ocrx_word' id='word_1_70' title='bbox 254 1000 478 1072; x_wconf 80' lang='grc' dir='ltr'>Κύριος.</span> <span class='ocrx_word' id='word_1_71' title='bbox 509 1021 526 1053; x_wconf 77' lang='grc' dir='ltr'><strong>ι</strong></span> <span class='ocrx_word' id='word_1_72' title='bbox 559 1001 846 1070; x_wconf 76' lang='grc' dir='ltr'><strong>Ἀλλ’ήμῖν</strong></span> <span class='ocrx_word' id='word_1_73' title='bbox 875 997 956 1066; x_wconf 70' lang='grc' dir='ltr'><strong>εἷς</strong></span> <span class='ocrx_word' id='word_1_74' title='bbox 985 1000 1116 1065; x_wconf 86' lang='grc' dir='ltr'>Θεὸς</span> <span class='ocrx_word' id='word_1_75' title='bbox 1146 1003 1175 1054; x_wconf 99' lang='lat'><strong>6</strong></span> <span class='ocrx_word' id='word_1_76' title='bbox 1207 1001 1418 1070; x_wconf 82' lang='grc' dir='ltr'>Πατήρ.</span> <span class='ocrx_word' id='word_1_77' title='bbox 1453 1019 1474 1052; x_wconf 67' lang='grc' dir='ltr'>ο</span> <span class='ocrx_word' id='word_1_78' title='bbox 1507 999 1724 1071; x_wconf 82' lang='grc' dir='ltr'><strong>Ἐπειδὴ</strong></span> 
     </span>
    </p>
   </div>
   <div class='ocr_carea' id='block_1_10' title="bbox 142 1088 1725 1164">
    <p class='ocr_par' dir='ltr' id='par_1_10' title="bbox 142 1088 1725 1164">
     <span class='ocr_line' id='line_1_10' title="bbox 142 1088 1725 1164; baseline 0.004 -21"><span class='ocrx_word' id='word_1_79' title='bbox 142 1089 319 1157; x_wconf 78' lang='grc' dir='ltr'>εἶπεν,</span> <span class='ocrx_word' id='word_1_80' title='bbox 349 1111 367 1145; x_wconf 84' lang='grc' dir='ltr'><strong>ι</strong></span> <span class='ocrx_word' id='word_1_81' title='bbox 405 1088 498 1158; x_wconf 80' lang='grc' dir='ltr'><strong>Εἷς</strong></span> <span class='ocrx_word' id='word_1_82' title='bbox 543 1093 679 1157; x_wconf 89' lang='grc' dir='ltr'>Θεὸς</span> <span class='ocrx_word' id='word_1_83' title='bbox 721 1095 749 1147; x_wconf 89' lang='lat'><strong>6</strong></span> <span class='ocrx_word' id='word_1_84' title='bbox 776 1093 985 1164; x_wconf 82' lang='grc' dir='ltr'>Πατὴρ,</span> <span class='ocrx_word' id='word_1_85' title='bbox 1023 1094 1119 1147; x_wconf 75' lang='grc' dir='ltr'>καὶ</span> <span class='ocrx_word' id='word_1_86' title='bbox 1147 1089 1228 1156; x_wconf 80' lang='grc' dir='ltr'><strong>εἷς</strong></span> <span class='ocrx_word' id='word_1_87' title='bbox 1264 1092 1468 1164; x_wconf 84' lang='grc' dir='ltr'>Κύριος</span> <span class='ocrx_word' id='word_1_88' title='bbox 1518 1089 1725 1160; x_wconf 72' lang='grc' dir='ltr'>Ἰησοῦς</span> 
     </span>
    </p>
   </div>
   <div class='ocr_carea' id='block_1_11' title="bbox 142 1182 1727 1259">
    <p class='ocr_par' dir='ltr' id='par_1_11' title="bbox 142 1182 1727 1259">
     <span class='ocr_line' id='line_1_11' title="bbox 142 1182 1727 1259; baseline -0.004 -17"><span class='ocrx_word' id='word_1_89' title='bbox 142 1189 402 1259; x_wconf 84' lang='grc' dir='ltr'>Χριστὸς,</span> <span class='ocrx_word' id='word_1_90' title='bbox 431 1205 448 1238; x_wconf 78' lang='grc' dir='ltr'><strong>ι</strong></span> <span class='ocrx_word' id='word_1_91' title='bbox 475 1187 548 1256; x_wconf 82' lang='grc' dir='ltr'>μὴ</span> <span class='ocrx_word' id='word_1_92' title='bbox 564 1187 792 1257; x_wconf 76' lang='grc' dir='ltr'>νομίσῃς</span> <span class='ocrx_word' id='word_1_93' title='bbox 805 1185 1297 1258; x_wconf 83' lang='grc' dir='ltr'><strong>ἁποκεκληρῶσθαι</strong></span> <span class='ocrx_word' id='word_1_94' title='bbox 1337 1186 1434 1255; x_wconf 84' lang='grc' dir='ltr'>μὲν</span> <span class='ocrx_word' id='word_1_95' title='bbox 1455 1183 1534 1256; x_wconf 82' lang='grc' dir='ltr'><strong>τῷ</strong></span> <span class='ocrx_word' id='word_1_96' title='bbox 1552 1182 1727 1255; x_wconf 76' lang='grc' dir='ltr'>Πατρὶ</span> 
     </span>
    </p>
   </div>
   <div class='ocr_carea' id='block_1_12' title="bbox 143 1276 1727 1348">
    <p class='ocr_par' dir='ltr' id='par_1_12' title="bbox 143 1276 1727 1348">
     <span class='ocr_line' id='line_1_12' title="bbox 143 1276 1727 1348; baseline -0.003 -16"><span class='ocrx_word' id='word_1_97' title='bbox 143 1280 226 1342; x_wconf 80' lang='grc' dir='ltr'>τὸ,</span> <span class='ocrx_word' id='word_1_98' title='bbox 240 1277 394 1342; x_wconf 80' lang='grc' dir='ltr'>Θεὸς,</span> <span class='ocrx_word' id='word_1_99' title='bbox 413 1276 491 1347; x_wconf 83' lang='grc' dir='ltr'>τῷ</span> <span class='ocrx_word' id='word_1_100' title='bbox 519 1278 576 1331; x_wconf 74' lang='grc' dir='ltr'><strong>δὲ</strong></span> <span class='ocrx_word' id='word_1_101' title='bbox 602 1277 734 1348; x_wconf 76' lang='grc' dir='ltr'>Υίῷ,</span> <span class='ocrx_word' id='word_1_102' title='bbox 752 1277 835 1342; x_wconf 84' lang='grc' dir='ltr'>τὸ,</span> <span class='ocrx_word' id='word_1_103' title='bbox 853 1277 1080 1348; x_wconf 86' lang='grc' dir='ltr'>Κύριος.</span> <span class='ocrx_word' id='word_1_104' title='bbox 1100 1277 1372 1348; x_wconf 80' lang='grc' dir='ltr'>Πολλαχοῦ</span> <span class='ocrx_word' id='word_1_105' title='bbox 1389 1277 1497 1345; x_wconf 85' lang='grc' dir='ltr'>γὰρ</span> <span class='ocrx_word' id='word_1_106' title='bbox 1513 1279 1566 1330; x_wconf 79' lang='grc' dir='ltr'><strong>αἱ</strong></span> <span class='ocrx_word' id='word_1_107' title='bbox 1583 1276 1727 1346; x_wconf 87' lang='grc' dir='ltr'>Γρα-</span> 
     </span>
    </p>
   </div>
   <div class='ocr_carea' id='block_1_13' title="bbox 149 1366 1727 1442">
    <p class='ocr_par' dir='ltr' id='par_1_13' title="bbox 149 1366 1727 1442">
     <span class='ocr_line' id='line_1_13' title="bbox 149 1366 1727 1442; baseline -0.001 -19"><span class='ocrx_word' id='word_1_108' title='bbox 149 1371 382 1440; x_wconf 70' lang='grc' dir='ltr'>φαὶ,καὶ</span> <span class='ocrx_word' id='word_1_109' title='bbox 405 1372 495 1423; x_wconf 94' lang='grc' dir='ltr'>τὸν</span> <span class='ocrx_word' id='word_1_110' title='bbox 522 1370 740 1442; x_wconf 78' lang='grc' dir='ltr'><strong>Πατέρα</strong></span> <span class='ocrx_word' id='word_1_111' title='bbox 759 1371 964 1442; x_wconf 77' lang='grc' dir='ltr'><strong>Κύριον</strong></span> <span class='ocrx_word' id='word_1_112' title='bbox 989 1369 1266 1435; x_wconf 79' lang='grc' dir='ltr'>καλοῦσιν,</span> <span class='ocrx_word' id='word_1_113' title='bbox 1293 1371 1368 1434; x_wconf 85' lang='grc' dir='ltr'>ὡς</span> <span class='ocrx_word' id='word_1_114' title='bbox 1394 1371 1476 1433; x_wconf 79' lang='grc' dir='ltr'><strong>τὸ,</strong></span> <span class='ocrx_word' id='word_1_115' title='bbox 1511 1390 1529 1421; x_wconf 79' lang='grc' dir='ltr'><strong>ι</strong></span> <span class='ocrx_word' id='word_1_116' title='bbox 1559 1366 1727 1422; x_wconf 82' lang='grc' dir='ltr'>Εἶπεν</span> 
     </span>
    </p>
   </div>
   <div class='ocr_carea' id='block_1_14' title="bbox 151 1461 1727 1534">
    <p class='ocr_par' dir='ltr' id='par_1_14' title="bbox 151 1461 1727 1534">
     <span class='ocr_line' id='line_1_14' title="bbox 151 1461 1727 1534; baseline -0.002 -17"><span class='ocrx_word' id='word_1_117' title='bbox 151 1467 177 1517; x_wconf 89' lang='lat'><strong>6</strong></span> <span class='ocrx_word' id='word_1_118' title='bbox 207 1464 411 1534; x_wconf 84' lang='grc' dir='ltr'>Κύριος</span> <span class='ocrx_word' id='word_1_119' title='bbox 437 1462 513 1533; x_wconf 81' lang='grc' dir='ltr'>τῷ</span> <span class='ocrx_word' id='word_1_120' title='bbox 543 1463 734 1533; x_wconf 80' lang='grc' dir='ltr'>Κυρίῳ</span> <span class='ocrx_word' id='word_1_121' title='bbox 763 1479 890 1533; x_wconf 76' lang='grc' dir='ltr'>μουο</span> <span class='ocrx_word' id='word_1_122' title='bbox 926 1481 943 1514; x_wconf 84' lang='grc' dir='ltr'><strong>ι</strong></span> <span class='ocrx_word' id='word_1_123' title='bbox 979 1464 1074 1516; x_wconf 71' lang='grc' dir='ltr'>καὶ</span> <span class='ocrx_word' id='word_1_124' title='bbox 1099 1465 1190 1517; x_wconf 83' lang='grc' dir='ltr'><strong>τὸν</strong></span> <span class='ocrx_word' id='word_1_125' title='bbox 1217 1464 1344 1516; x_wconf 87' lang='grc' dir='ltr'>Υἱὸν</span> <span class='ocrx_word' id='word_1_126' title='bbox 1369 1464 1520 1528; x_wconf 84' lang='grc' dir='ltr'>Θεὸν,</span> <span class='ocrx_word' id='word_1_127' title='bbox 1546 1461 1621 1525; x_wconf 85' lang='grc' dir='ltr'>ὡς</span> <span class='ocrx_word' id='word_1_128' title='bbox 1645 1461 1727 1524; x_wconf 90' lang='grc' dir='ltr'>τὸ,</span> 
     </span>
    </p>
   </div>
   <div class='ocr_carea' id='block_1_15' title="bbox 156 1552 1731 1623">
    <p class='ocr_par' dir='ltr' id='par_1_15' title="bbox 156 1552 1731 1623">
     <span class='ocr_line' id='line_1_15' title="bbox 156 1552 1731 1623; baseline 0.002 -19"><span class='ocrx_word' id='word_1_129' title='bbox 156 1574 175 1604; x_wconf 71' lang='grc' dir='ltr'><strong>ι</strong></span> <span class='ocrx_word' id='word_1_130' title='bbox 205 1555 304 1608; x_wconf 78' lang='grc' dir='ltr'><strong>Διὰ</strong></span> <span class='ocrx_word' id='word_1_131' title='bbox 327 1553 485 1606; x_wconf 70' lang='grc' dir='ltr'>τοζτο</span> <span class='ocrx_word' id='word_1_132' title='bbox 515 1554 699 1623; x_wconf 74' lang='grc' dir='ltr'>ἑχρισέ</span> <span class='ocrx_word' id='word_1_133' title='bbox 726 1569 784 1606; x_wconf 86' lang='grc' dir='ltr'>σε</span> <span class='ocrx_word' id='word_1_134' title='bbox 810 1556 838 1608; x_wconf 89' lang='lat'><strong>6</strong></span> <span class='ocrx_word' id='word_1_135' title='bbox 862 1554 994 1617; x_wconf 90' lang='grc' dir='ltr'>Θεὸς</span> <span class='ocrx_word' id='word_1_136' title='bbox 1018 1555 1045 1607; x_wconf 97' lang='lat'><strong>6</strong></span> <span class='ocrx_word' id='word_1_137' title='bbox 1070 1555 1202 1618; x_wconf 78' lang='grc' dir='ltr'>Θεός</span> <span class='ocrx_word' id='word_1_138' title='bbox 1231 1571 1347 1608; x_wconf 91' lang='grc' dir='ltr'>σου·</span> <span class='ocrx_word' id='word_1_139' title='bbox 1385 1573 1404 1605; x_wconf 75' lang='grc' dir='ltr'><strong>ι</strong></span> <span class='ocrx_word' id='word_1_140' title='bbox 1457 1553 1572 1618; x_wconf 72' lang='grc' dir='ltr'>καὶ,</span> <span class='ocrx_word' id='word_1_141' title='bbox 1601 1572 1618 1606; x_wconf 78' lang='grc' dir='ltr'><strong>ι</strong></span> <span class='ocrx_word' id='word_1_142' title='bbox 1639 1552 1731 1618; x_wconf 79' lang='grc' dir='ltr'><strong>Ἐξ</strong></span> 
     </span>
    </p>
   </div>
   <div class='ocr_carea' id='block_1_16' title="bbox 156 1639 1732 1716">
    <p class='ocr_par' dir='ltr' id='par_1_16' title="bbox 156 1639 1732 1716">
     <span class='ocr_line' id='line_1_16' title="bbox 156 1639 1732 1716; baseline 0.001 -18"><span class='ocrx_word' id='word_1_143' title='bbox 156 1639 226 1699; x_wconf 74' lang='grc' dir='ltr'>ὢν</span> <span class='ocrx_word' id='word_1_144' title='bbox 251 1647 279 1698; x_wconf 91' lang='lat'><strong>6</strong></span> <span class='ocrx_word' id='word_1_145' title='bbox 312 1643 568 1714; x_wconf 85' lang='grc' dir='ltr'>Χριστὸς,</span> <span class='ocrx_word' id='word_1_146' title='bbox 596 1661 614 1695; x_wconf 74' lang='grc' dir='ltr'><strong>ι</strong></span> <span class='ocrx_word' id='word_1_147' title='bbox 650 1643 711 1696; x_wconf 91' lang='grc' dir='ltr'>τὸ</span> <span class='ocrx_word' id='word_1_148' title='bbox 739 1645 882 1698; x_wconf 75' lang='grc' dir='ltr'>κατὰ</span> <span class='ocrx_word' id='word_1_149' title='bbox 922 1643 1120 1716; x_wconf 78' lang='grc' dir='ltr'>σάρκα,</span> <span class='ocrx_word' id='word_1_150' title='bbox 1157 1663 1176 1696; x_wconf 85' lang='grc'><strong>‹</strong></span> <span class='ocrx_word' id='word_1_151' title='bbox 1219 1647 1246 1699; x_wconf 91' lang='lat'><strong>6</strong></span> <span class='ocrx_word' id='word_1_152' title='bbox 1279 1644 1356 1698; x_wconf 83' lang='grc' dir='ltr'>ὢν</span> <span class='ocrx_word' id='word_1_153' title='bbox 1387 1647 1478 1699; x_wconf 76' lang='grc' dir='ltr'><strong>ἐπὶ</strong></span> <span class='ocrx_word' id='word_1_154' title='bbox 1513 1647 1732 1700; x_wconf 83' lang='grc' dir='ltr'>πάντων</span> 
     </span>
    </p>
   </div>
   <div class='ocr_carea' id='block_1_17' title="bbox 157 1734 1730 1807">
    <p class='ocr_par' dir='ltr' id='par_1_17' title="bbox 157 1734 1730 1807">
     <span class='ocr_line' id='line_1_17' title="bbox 157 1734 1730 1807; baseline 0 -19"><span class='ocrx_word' id='word_1_155' title='bbox 157 1735 284 1799; x_wconf 79' lang='grc' dir='ltr'>Θεὸς</span> <span class='ocrx_word' id='word_1_156' title='bbox 314 1734 624 1805; x_wconf 73' lang='grc' dir='ltr'>εὐλογητύς.</span> <span class='ocrx_word' id='word_1_157' title='bbox 664 1753 683 1786; x_wconf 72' lang='grc' dir='ltr'><strong>ι</strong></span> <span class='ocrx_word' id='word_1_158' title='bbox 721 1735 786 1788; x_wconf 78' lang='lat' dir='ltr'><strong>El</strong></span> <span class='ocrx_word' id='word_1_159' title='bbox 818 1735 874 1788; x_wconf 81' lang='grc' dir='ltr'><strong>δέ</strong></span> <span class='ocrx_word' id='word_1_160' title='bbox 906 1752 988 1800; x_wconf 91' lang='grc' dir='ltr'><strong>τις</strong></span> <span class='ocrx_word' id='word_1_161' title='bbox 1015 1738 1164 1804; x_wconf 79' lang='grc' dir='ltr'>λέγει</span> <span class='ocrx_word' id='word_1_162' title='bbox 1197 1737 1288 1789; x_wconf 76' lang='grc' dir='ltr'>ἐπὶ</span> <span class='ocrx_word' id='word_1_163' title='bbox 1324 1736 1534 1806; x_wconf 84' lang='grc' dir='ltr'>Πατρὸς</span> <span class='ocrx_word' id='word_1_164' title='bbox 1568 1737 1730 1807; x_wconf 80' lang='grc' dir='ltr'>μόνου</span> 
     </span>
    </p>
   </div>
   <div class='ocr_carea' id='block_1_18' title="bbox 164 1822 1733 1898">
    <p class='ocr_par' dir='ltr' id='par_1_18' title="bbox 164 1822 1733 1898">
     <span class='ocr_line' id='line_1_18' title="bbox 164 1822 1733 1898; baseline -0.001 -17"><span class='ocrx_word' id='word_1_165' title='bbox 164 1827 401 1892; x_wconf 72' lang='grc' dir='ltr'>τὸ,Θεὸς,</span> <span class='ocrx_word' id='word_1_166' title='bbox 421 1824 702 1896; x_wconf 75' lang='grc' dir='ltr'><strong>ἁρμόζειν,</strong></span> <span class='ocrx_word' id='word_1_167' title='bbox 731 1826 820 1879; x_wconf 73' lang='grc' dir='ltr'><strong>διὰ</strong></span> <span class='ocrx_word' id='word_1_168' title='bbox 845 1827 1108 1892; x_wconf 77' lang='grc' dir='ltr'>τὸείπεῖν,</span> <span class='ocrx_word' id='word_1_169' title='bbox 1143 1845 1160 1878; x_wconf 74' lang='grc' dir='ltr'><strong>ι</strong></span> <span class='ocrx_word' id='word_1_170' title='bbox 1186 1822 1277 1891; x_wconf 75' lang='grc' dir='ltr'><strong>Εἷς</strong></span> <span class='ocrx_word' id='word_1_171' title='bbox 1305 1827 1454 1890; x_wconf 86' lang='grc' dir='ltr'>Θεὸς,</span> <span class='ocrx_word' id='word_1_172' title='bbox 1490 1846 1510 1879; x_wconf 82' lang='grc'><strong>›</strong></span> <span class='ocrx_word' id='word_1_173' title='bbox 1533 1823 1642 1898; x_wconf 80' lang='grc' dir='ltr'><strong>ἆρά</strong></span> <span class='ocrx_word' id='word_1_174' title='bbox 1670 1845 1733 1896; x_wconf 80' lang='grc' dir='ltr'>γε</span> 
     </span>
    </p>
   </div>
   <div class='ocr_carea' id='block_1_19' title="bbox 172 1916 1731 1989">
    <p class='ocr_par' dir='ltr' id='par_1_19' title="bbox 172 1916 1731 1989">
     <span class='ocr_line' id='line_1_19' title="bbox 172 1916 1731 1989; baseline -0.001 -17"><span class='ocrx_word' id='word_1_175' title='bbox 172 1919 254 1972; x_wconf 70' lang='grc' dir='ltr'>καὶ</span> <span class='ocrx_word' id='word_1_176' title='bbox 283 1919 372 1970; x_wconf 71' lang='grc' dir='ltr'><strong>ἐπὶ</strong></span> <span class='ocrx_word' id='word_1_177' title='bbox 399 1917 493 1970; x_wconf 79' lang='grc' dir='ltr'><strong>τοῦ</strong></span> <span class='ocrx_word' id='word_1_178' title='bbox 525 1916 654 1969; x_wconf 80' lang='grc' dir='ltr'><strong>Υἱοῦ</strong></span> <span class='ocrx_word' id='word_1_179' title='bbox 709 1917 939 1987; x_wconf 77' lang='grc' dir='ltr'>ἁρμόσει</span> <span class='ocrx_word' id='word_1_180' title='bbox 995 1918 1076 1982; x_wconf 84' lang='grc' dir='ltr'>τὸ,</span> <span class='ocrx_word' id='word_1_181' title='bbox 1135 1917 1358 1989; x_wconf 81' lang='grc' dir='ltr'>Κύριος,</span> <span class='ocrx_word' id='word_1_182' title='bbox 1415 1917 1504 1972; x_wconf 81' lang='grc' dir='ltr'>διὰ</span> <span class='ocrx_word' id='word_1_183' title='bbox 1557 1918 1618 1971; x_wconf 90' lang='grc' dir='ltr'>τὸ</span> <span class='ocrx_word' id='word_1_184' title='bbox 1651 1920 1731 1971; x_wconf 80' lang='grc' dir='ltr'>εί-</span> 
     </span>
    </p>
   </div>
   <div class='ocr_carea' id='block_1_20' title="bbox 174 2004 1729 2079">
    <p class='ocr_par' dir='ltr' id='par_1_20' title="bbox 174 2004 1729 2079">
     <span class='ocr_line' id='line_1_20' title="bbox 174 2004 1729 2079; baseline 0.002 -19"><span class='ocrx_word' id='word_1_185' title='bbox 174 2013 299 2074; x_wconf 82' lang='grc' dir='ltr'>πεῖν,</span> <span class='ocrx_word' id='word_1_186' title='bbox 333 2029 349 2060; x_wconf 81' lang='grc' dir='ltr'><strong>ι</strong></span> <span class='ocrx_word' id='word_1_187' title='bbox 377 2004 469 2068; x_wconf 74' lang='grc' dir='ltr'><strong>Εἷς</strong></span> <span class='ocrx_word' id='word_1_188' title='bbox 501 2007 704 2079; x_wconf 85' lang='grc' dir='ltr'>Κύριος</span> <span class='ocrx_word' id='word_1_189' title='bbox 725 2007 934 2078; x_wconf 74' lang='grc' dir='ltr'>Ἰησοῦς</span> <span class='ocrx_word' id='word_1_190' title='bbox 958 2008 1224 2079; x_wconf 80' lang='grc' dir='ltr'><strong>Χριστός;</strong></span> <span class='ocrx_word' id='word_1_191' title='bbox 1255 2026 1273 2060; x_wconf 77' lang='grc' dir='ltr'><strong>ι</strong></span> <span class='ocrx_word' id='word_1_192' title='bbox 1301 2008 1444 2062; x_wconf 84' lang='grc' dir='ltr'>Ἀλλ’</span> <span class='ocrx_word' id='word_1_193' title='bbox 1465 2009 1565 2063; x_wconf 84' lang='grc' dir='ltr'>οὐκ</span> <span class='ocrx_word' id='word_1_194' title='bbox 1595 2009 1729 2063; x_wconf 77' lang='grc' dir='ltr'>ἐστι.</span> 
     </span>
    </p>
   </div>
   <div class='ocr_carea' id='block_1_21' title="bbox 175 2097 1734 2169">
    <p class='ocr_par' dir='ltr' id='par_1_21' title="bbox 175 2097 1734 2169">
     <span class='ocr_line' id='line_1_21' title="bbox 175 2097 1734 2169; baseline 0.001 -19"><span class='ocrx_word' id='word_1_195' title='bbox 175 2099 298 2168; x_wconf 83' lang='grc' dir='ltr'>Πρὸς</span> <span class='ocrx_word' id='word_1_196' title='bbox 317 2101 409 2153; x_wconf 80' lang='grc' dir='ltr'><strong>ἀντ</strong></span> <span class='ocrx_word' id='word_1_197' title='bbox 421 2097 722 2168; x_wconf 78' lang='grc' dir='ltr'>ιδιαστολὴν</span> <span class='ocrx_word' id='word_1_198' title='bbox 739 2099 848 2168; x_wconf 75' lang='grc' dir='ltr'><strong>γὰρ</strong></span> <span class='ocrx_word' id='word_1_199' title='bbox 863 2099 968 2151; x_wconf 77' lang='grc' dir='ltr'><strong>τῶν</strong></span> <span class='ocrx_word' id='word_1_200' title='bbox 989 2097 1232 2167; x_wconf 80' lang='grc' dir='ltr'>ψευδωνύ</span> <span class='ocrx_word' id='word_1_201' title='bbox 1240 2116 1356 2169; x_wconf 86' lang='grc' dir='ltr'>μων</span> <span class='ocrx_word' id='word_1_202' title='bbox 1376 2098 1511 2152; x_wconf 80' lang='grc' dir='ltr'><strong>θεῶν</strong></span> <span class='ocrx_word' id='word_1_203' title='bbox 1528 2100 1621 2152; x_wconf 75' lang='grc' dir='ltr'>καὶ</span> <span class='ocrx_word' id='word_1_204' title='bbox 1640 2118 1734 2152; x_wconf 84' lang='grc' dir='ltr'><strong>κυ-</strong></span> 
     </span>
    </p>
   </div>
   <div class='ocr_carea' id='block_1_22' title="bbox 177 2186 1737 2262">
    <p class='ocr_par' dir='ltr' id='par_1_22' title="bbox 177 2186 1737 2262">
     <span class='ocr_line' id='line_1_22' title="bbox 177 2186 1737 2262; baseline 0.004 -23"><span class='ocrx_word' id='word_1_205' title='bbox 177 2194 292 2261; x_wconf 80' lang='grc' dir='ltr'>ρῗων</span> <span class='ocrx_word' id='word_1_206' title='bbox 310 2192 384 2253; x_wconf 83' lang='grc' dir='ltr'><strong>τὸ,</strong></span> <span class='ocrx_word' id='word_1_207' title='bbox 414 2211 432 2242; x_wconf 76' lang='grc' dir='ltr'><strong>ι</strong></span> <span class='ocrx_word' id='word_1_208' title='bbox 460 2186 572 2255; x_wconf 75' lang='grc' dir='ltr'><strong>Εἷς,</strong></span> <span class='ocrx_word' id='word_1_209' title='bbox 601 2209 617 2241; x_wconf 82' lang='grc' dir='ltr'><strong>ι</strong></span> <span class='ocrx_word' id='word_1_210' title='bbox 643 2192 878 2262; x_wconf 77' lang='grc' dir='ltr'>εἴρηται.</span> <span class='ocrx_word' id='word_1_211' title='bbox 905 2190 1094 2244; x_wconf 76' lang='grc' dir='ltr'>Πολλοὶ</span> <span class='ocrx_word' id='word_1_212' title='bbox 1118 2190 1174 2244; x_wconf 84' lang='grc' dir='ltr'><strong>δὲ</strong></span> <span class='ocrx_word' id='word_1_213' title='bbox 1193 2191 1437 2262; x_wconf 77' lang='grc' dir='ltr'>ζητοῦσι,</span> <span class='ocrx_word' id='word_1_214' title='bbox 1462 2192 1605 2256; x_wconf 84' lang='grc' dir='ltr'>τίνος</span> <span class='ocrx_word' id='word_1_215' title='bbox 1621 2191 1737 2246; x_wconf 74' lang='grc' dir='ltr'><strong>ἓνε-</strong></span> 
     </span>
    </p>
   </div>
   <div class='ocr_carea' id='block_1_23' title="bbox 181 2282 1731 2354">
    <p class='ocr_par' dir='ltr' id='par_1_23' title="bbox 181 2282 1731 2354">
     <span class='ocr_line' id='line_1_23' title="bbox 181 2282 1731 2354; baseline 0.001 -19"><span class='ocrx_word' id='word_1_216' title='bbox 181 2301 260 2336; x_wconf 80' lang='grc' dir='ltr'><strong>κεν</strong></span> <span class='ocrx_word' id='word_1_217' title='bbox 285 2283 377 2337; x_wconf 76' lang='grc' dir='ltr'>οὐκ</span> <span class='ocrx_word' id='word_1_218' title='bbox 406 2282 650 2354; x_wconf 76' lang='grc' dir='ltr'><strong>ἐμνήσθη</strong></span> <span class='ocrx_word' id='word_1_219' title='bbox 709 2283 802 2336; x_wconf 77' lang='grc' dir='ltr'><strong>τοῦ</strong></span> <span class='ocrx_word' id='word_1_220' title='bbox 833 2283 992 2352; x_wconf 78' lang='grc' dir='ltr'>ἁγίου</span> <span class='ocrx_word' id='word_1_221' title='bbox 1028 2283 1363 2354; x_wconf 85' lang='grc' dir='ltr'>Πνεύματος.</span> <span class='ocrx_word' id='word_1_222' title='bbox 1393 2284 1502 2339; x_wconf 85' lang='grc' dir='ltr'><strong>Καί</strong></span> <span class='ocrx_word' id='word_1_223' title='bbox 1530 2299 1731 2354; x_wconf 76' lang='grc' dir='ltr'>φαμεν,</span> 
     </span>
    </p>
   </div>
   <div class='ocr_carea' id='block_1_24' title="bbox 178 2368 1736 2446">
    <p class='ocr_par' dir='ltr' id='par_1_24' title="bbox 178 2368 1736 2446">
     <span class='ocr_line' id='line_1_24' title="bbox 178 2368 1736 2446; baseline 0.003 -20"><span class='ocrx_word' id='word_1_224' title='bbox 178 2373 247 2426; x_wconf 80' lang='grc' dir='ltr'><strong>ὄτι</strong></span> <span class='ocrx_word' id='word_1_225' title='bbox 287 2371 412 2441; x_wconf 79' lang='grc' dir='ltr'>πρὸς</span> <span class='ocrx_word' id='word_1_226' title='bbox 437 2373 705 2444; x_wconf 82' lang='grc' dir='ltr'>Ἕλληνας</span> <span class='ocrx_word' id='word_1_227' title='bbox 747 2368 816 2444; x_wconf 77' lang='grc' dir='ltr'><strong>ἦν</strong></span> <span class='ocrx_word' id='word_1_228' title='bbox 855 2374 884 2426; x_wconf 92' lang='lat'><strong>6</strong></span> <span class='ocrx_word' id='word_1_229' title='bbox 928 2374 1087 2443; x_wconf 73' lang='grc' dir='ltr'>λόγος</span> <span class='ocrx_word' id='word_1_230' title='bbox 1129 2373 1299 2446; x_wconf 79' lang='grc' dir='ltr'>αὐτῷ,</span> <span class='ocrx_word' id='word_1_231' title='bbox 1341 2375 1466 2440; x_wconf 80' lang='grc' dir='ltr'>τοὺς</span> <span class='ocrx_word' id='word_1_232' title='bbox 1506 2376 1736 2440; x_wconf 78' lang='grc' dir='ltr'>πολλοὺς</span> 
     </span>
    </p>
   </div>
   <div class='ocr_carea' id='block_1_25' title="bbox 179 2463 1734 2540">
    <p class='ocr_par' dir='ltr' id='par_1_25' title="bbox 179 2463 1734 2540">
     <span class='ocr_line' id='line_1_25' title="bbox 179 2463 1734 2540; baseline 0.004 -24"><span class='ocrx_word' id='word_1_233' title='bbox 179 2463 315 2528; x_wconf 68' lang='grc' dir='ltr'>θεοὺς</span> <span class='ocrx_word' id='word_1_234' title='bbox 356 2467 444 2518; x_wconf 79' lang='grc' dir='ltr'>καὶ</span> <span class='ocrx_word' id='word_1_235' title='bbox 487 2465 708 2537; x_wconf 82' lang='grc' dir='ltr'>κυρίους</span> <span class='ocrx_word' id='word_1_236' title='bbox 750 2465 1029 2536; x_wconf 79' lang='grc' dir='ltr'>λέγοντας.</span> <span class='ocrx_word' id='word_1_237' title='bbox 1054 2467 1332 2540; x_wconf 80' lang='grc' dir='ltr'><strong>Ἐφοϐήθη</strong></span> <span class='ocrx_word' id='word_1_238' title='bbox 1376 2464 1469 2523; x_wconf 75' lang='grc' dir='ltr'><strong>οὖν</strong></span> <span class='ocrx_word' id='word_1_239' title='bbox 1510 2470 1602 2522; x_wconf 75' lang='grc' dir='ltr'>καὶ</span> <span class='ocrx_word' id='word_1_240' title='bbox 1640 2468 1734 2522; x_wconf 78' lang='grc' dir='ltr'>τοῦ</span> 
     </span>
    </p>
   </div>
   <div class='ocr_carea' id='block_1_26' title="bbox 181 2553 1736 2628">
    <p class='ocr_par' dir='ltr' id='par_1_26' title="bbox 181 2553 1736 2628">
     <span class='ocr_line' id='line_1_26' title="bbox 181 2553 1736 2628; baseline 0.002 -21"><span class='ocrx_word' id='word_1_241' title='bbox 181 2553 472 2624; x_wconf 79' lang='grc' dir='ltr'>Πνεύματος</span> <span class='ocrx_word' id='word_1_242' title='bbox 511 2555 841 2626; x_wconf 82' lang='grc' dir='ltr'>μνησθῆναι,</span> <span class='ocrx_word' id='word_1_243' title='bbox 876 2557 951 2627; x_wconf 77' lang='grc' dir='ltr'>μή</span> <span class='ocrx_word' id='word_1_244' title='bbox 983 2575 1099 2621; x_wconf 86' lang='grc' dir='ltr'>πως</span> <span class='ocrx_word' id='word_1_245' title='bbox 1129 2561 1224 2611; x_wconf 70' lang='grc' dir='ltr'><strong>καὶ</strong></span> <span class='ocrx_word' id='word_1_246' title='bbox 1256 2557 1385 2628; x_wconf 83' lang='grc' dir='ltr'>παρ’</span> <span class='ocrx_word' id='word_1_247' title='bbox 1411 2559 1541 2628; x_wconf 76' lang='grc' dir='ltr'>ἡμῖν</span> <span class='ocrx_word' id='word_1_248' title='bbox 1573 2559 1736 2611; x_wconf 74' lang='grc' dir='ltr'>πολυ-</span> 
     </span>
    </p>
   </div>
   <div class='ocr_carea' id='block_1_27' title="bbox 181 2642 1736 2719">
    <p class='ocr_par' dir='ltr' id='par_1_27' title="bbox 181 2642 1736 2719">
     <span class='ocr_line' id='line_1_27' title="bbox 181 2642 1736 2719; baseline 0.003 -21"><span class='ocrx_word' id='word_1_249' title='bbox 181 2647 311 2700; x_wconf 77' lang='grc' dir='ltr'>οεῖαν</span> <span class='ocrx_word' id='word_1_250' title='bbox 348 2642 482 2699; x_wconf 80' lang='grc' dir='ltr'>εἶναι</span> <span class='ocrx_word' id='word_1_251' title='bbox 526 2648 811 2716; x_wconf 83' lang='grc' dir='ltr'>νομίσωσι.</span> <span class='ocrx_word' id='word_1_252' title='bbox 853 2649 946 2703; x_wconf 89' lang='grc' dir='ltr'><strong>Διὸ</strong></span> <span class='ocrx_word' id='word_1_253' title='bbox 991 2651 1084 2704; x_wconf 74' lang='grc' dir='ltr'><strong>καὶ</strong></span> <span class='ocrx_word' id='word_1_254' title='bbox 1127 2648 1301 2713; x_wconf 81' lang='grc' dir='ltr'>οὕτως</span> <span class='ocrx_word' id='word_1_255' title='bbox 1343 2649 1601 2719; x_wconf 73' lang='grc' dir='ltr'>ἀσφαλῶς</span> <span class='ocrx_word' id='word_1_256' title='bbox 1641 2649 1736 2702; x_wconf 80' lang='grc' dir='ltr'>τοῦ</span> 
     </span>
    </p>
   </div>
   <div class='ocr_carea' id='block_1_28' title="bbox 183 2738 1736 2812">
    <p class='ocr_par' dir='ltr' id='par_1_28' title="bbox 183 2738 1736 2812">
     <span class='ocr_line' id='line_1_28' title="bbox 183 2738 1736 2812; baseline 0.002 -23"><span class='ocrx_word' id='word_1_257' title='bbox 183 2739 373 2808; x_wconf 74' lang='grc' dir='ltr'>Πιτρὸς</span> <span class='ocrx_word' id='word_1_258' title='bbox 399 2738 492 2791; x_wconf 75' lang='grc' dir='ltr'><strong>καὶ</strong></span> <span class='ocrx_word' id='word_1_259' title='bbox 513 2738 754 2806; x_wconf 75' lang='grc' dir='ltr'>τοῦ,Υἱοῦ</span> <span class='ocrx_word' id='word_1_260' title='bbox 781 2741 1050 2812; x_wconf 77' lang='grc' dir='ltr'>ἐμνήσθη·</span> <span class='ocrx_word' id='word_1_261' title='bbox 1080 2743 1171 2795; x_wconf 86' lang='grc' dir='ltr'><strong>τὸν</strong></span> <span class='ocrx_word' id='word_1_262' title='bbox 1197 2743 1292 2812; x_wconf 77' lang='grc' dir='ltr'><strong>μὲν</strong></span> <span class='ocrx_word' id='word_1_263' title='bbox 1319 2741 1538 2812; x_wconf 80' lang='grc' dir='ltr'>Πατέρα</span> <span class='ocrx_word' id='word_1_264' title='bbox 1568 2739 1736 2795; x_wconf 77' lang='grc' dir='ltr'>εἰπὼν</span> 
     </span>
    </p>
   </div>
   <div class='ocr_carea' id='block_1_29' title="bbox 181 2827 1738 2900">
    <p class='ocr_par' dir='ltr' id='par_1_29' title="bbox 181 2827 1738 2900">
     <span class='ocr_line' id='line_1_29' title="bbox 181 2827 1738 2900; baseline 0.003 -19"><span class='ocrx_word' id='word_1_265' title='bbox 181 2828 262 2881; x_wconf 70' lang='grc' dir='ltr'>ἕνα</span> <span class='ocrx_word' id='word_1_266' title='bbox 285 2827 430 2893; x_wconf 84' lang='grc' dir='ltr'>Θεὸν,</span> <span class='ocrx_word' id='word_1_267' title='bbox 453 2828 540 2880; x_wconf 79' lang='grc' dir='ltr'><strong>ἵνα</strong></span> <span class='ocrx_word' id='word_1_268' title='bbox 573 2831 649 2898; x_wconf 81' lang='grc' dir='ltr'>μὴ</span> <span class='ocrx_word' id='word_1_269' title='bbox 669 2828 762 2882; x_wconf 89' lang='grc' dir='ltr'>δύο</span> <span class='ocrx_word' id='word_1_270' title='bbox 790 2829 946 2892; x_wconf 81' lang='grc' dir='ltr'>θεοὺς</span> <span class='ocrx_word' id='word_1_271' title='bbox 975 2829 1260 2900; x_wconf 80' lang='grc' dir='ltr'>νομίσωσι,</span> <span class='ocrx_word' id='word_1_272' title='bbox 1288 2830 1376 2884; x_wconf 89' lang='grc' dir='ltr'>τὸν</span> <span class='ocrx_word' id='word_1_273' title='bbox 1405 2831 1461 2884; x_wconf 84' lang='grc' dir='ltr'><strong>δὲ</strong></span> <span class='ocrx_word' id='word_1_274' title='bbox 1489 2831 1616 2884; x_wconf 79' lang='grc' dir='ltr'>Υίὸν</span> <span class='ocrx_word' id='word_1_275' title='bbox 1645 2831 1738 2886; x_wconf 75' lang='grc' dir='ltr'><strong>ἕνα</strong></span> 
     </span>
    </p>
   </div>
   <div class='ocr_carea' id='block_1_30' title="bbox 183 2919 1736 2995">
    <p class='ocr_par' dir='ltr' id='par_1_30' title="bbox 183 2919 1736 2995">
     <span class='ocr_line' id='line_1_30' title="bbox 183 2919 1736 2995; baseline 0.003 -23"><span class='ocrx_word' id='word_1_276' title='bbox 183 2920 385 2988; x_wconf 78' lang='grc' dir='ltr'>Κύριον,</span> <span class='ocrx_word' id='word_1_277' title='bbox 415 2920 499 2972; x_wconf 84' lang='grc' dir='ltr'><strong>ἶνα</strong></span> <span class='ocrx_word' id='word_1_278' title='bbox 542 2919 616 2993; x_wconf 78' lang='grc' dir='ltr'>μὴ</span> <span class='ocrx_word' id='word_1_279' title='bbox 648 2921 741 2974; x_wconf 89' lang='grc' dir='ltr'>δύο</span> <span class='ocrx_word' id='word_1_280' title='bbox 766 2920 1328 2992; x_wconf 82' lang='grc' dir='ltr'>Κυρίουςνομίσωσιν.</span> <span class='ocrx_word' id='word_1_281' title='bbox 1362 2922 1426 2976; x_wconf 82' lang='lat' dir='ltr'><strong>El</strong></span> <span class='ocrx_word' id='word_1_282' title='bbox 1451 2923 1560 2995; x_wconf 77' lang='grc' dir='ltr'><strong>γὰρ</strong></span> <span class='ocrx_word' id='word_1_283' title='bbox 1594 2920 1736 2991; x_wconf 77' lang='grc' dir='ltr'>εἷπε,</span> 
     </span>
    </p>
   </div>
   <div class='ocr_carea' id='block_1_31' title="bbox 185 3011 1739 3088">
    <p class='ocr_par' dir='ltr' id='par_1_31' title="bbox 185 3011 1739 3088">
     <span class='ocr_line' id='line_1_31' title="bbox 185 3011 1739 3088; baseline 0.005 -24"><span class='ocrx_word' id='word_1_284' title='bbox 185 3011 299 3064; x_wconf 81' lang='grc' dir='ltr'>Θεὸν</span> <span class='ocrx_word' id='word_1_285' title='bbox 336 3014 424 3066; x_wconf 79' lang='grc' dir='ltr'><strong>καὶ</strong></span> <span class='ocrx_word' id='word_1_286' title='bbox 451 3014 605 3078; x_wconf 85' lang='grc' dir='ltr'>Θεὸν,</span> <span class='ocrx_word' id='word_1_287' title='bbox 651 3013 943 3068; x_wconf 79' lang='grc' dir='ltr'><strong>πολυθεῖαν</strong></span> <span class='ocrx_word' id='word_1_288' title='bbox 983 3015 1048 3070; x_wconf 82' lang='grc' dir='ltr'>ἂν</span> <span class='ocrx_word' id='word_1_289' title='bbox 1079 3015 1138 3079; x_wconf 81' lang='grc' dir='ltr'>ἐξ</span> <span class='ocrx_word' id='word_1_290' title='bbox 1183 3016 1438 3086; x_wconf 77' lang='grc' dir='ltr'><strong>ἀπειρίας</strong></span> <span class='ocrx_word' id='word_1_291' title='bbox 1481 3018 1739 3088; x_wconf 74' lang='grc' dir='ltr'><strong>ἐνόμισαν</strong></span> 
     </span>
    </p>
   </div>
   <div class='ocr_carea' id='block_1_32' title="bbox 188 3101 1739 3179">
    <p class='ocr_par' dir='ltr' id='par_1_32' title="bbox 188 3101 1739 3179">
     <span class='ocr_line' id='line_1_32' title="bbox 188 3101 1739 3179; baseline 0.005 -26"><span class='ocrx_word' id='word_1_292' title='bbox 188 3101 444 3174; x_wconf 78' lang='grc' dir='ltr'>Ἕλληνες,</span> <span class='ocrx_word' id='word_1_293' title='bbox 489 3105 522 3177; x_wconf 79' lang='grc' dir='ltr'><strong>ἢ</strong></span> <span class='ocrx_word' id='word_1_294' title='bbox 557 3105 765 3176; x_wconf 80' lang='grc' dir='ltr'>Κύριον</span> <span class='ocrx_word' id='word_1_295' title='bbox 815 3106 909 3158; x_wconf 71' lang='lat' dir='ltr'><strong>ml.</strong></span> <span class='ocrx_word' id='word_1_296' title='bbox 935 3105 1159 3176; x_wconf 82' lang='grc' dir='ltr'>Κύριον,</span> <span class='ocrx_word' id='word_1_297' title='bbox 1213 3107 1645 3179; x_wconf 77' lang='grc' dir='ltr'>πολυκυριότητα</span> <span class='ocrx_word' id='word_1_298' title='bbox 1674 3109 1739 3162; x_wconf 83' lang='grc' dir='ltr'><strong>ἂν</strong></span> 
     </span>
    </p>
   </div>
   <div class='ocr_carea' id='block_1_33' title="bbox 189 3194 1738 3270">
    <p class='ocr_par' dir='ltr' id='par_1_33' title="bbox 189 3194 1738 3270">
     <span class='ocr_line' id='line_1_33' title="bbox 189 3194 1738 3270; baseline 0.004 -24"><span class='ocrx_word' id='word_1_299' title='bbox 189 3194 440 3264; x_wconf 74' lang='grc' dir='ltr'>ἐνόμισαν.</span> <span class='ocrx_word' id='word_1_300' title='bbox 466 3197 628 3250; x_wconf 81' lang='grc' dir='ltr'>Ὥστε</span> <span class='ocrx_word' id='word_1_301' title='bbox 662 3197 756 3250; x_wconf 71' lang='grc' dir='ltr'>καὶ</span> <span class='ocrx_word' id='word_1_302' title='bbox 785 3196 880 3250; x_wconf 81' lang='grc' dir='ltr'>τοῦ</span> <span class='ocrx_word' id='word_1_303' title='bbox 910 3197 1006 3250; x_wconf 78' lang='grc' dir='ltr'>νῦν</span> <span class='ocrx_word' id='word_1_304' title='bbox 1035 3199 1211 3252; x_wconf 83' lang='grc' dir='ltr'>εἰπεῖν</span> <span class='ocrx_word' id='word_1_305' title='bbox 1243 3199 1374 3252; x_wconf 84' lang='grc' dir='ltr'>Θεὸν</span> <span class='ocrx_word' id='word_1_306' title='bbox 1394 3201 1612 3270; x_wconf 81' lang='grc' dir='ltr'>Πατέρα</span> <span class='ocrx_word' id='word_1_307' title='bbox 1646 3201 1738 3252; x_wconf 75' lang='grc' dir='ltr'><strong>καὶ</strong></span> 
     </span>
    </p>
   </div>
   <div class='ocr_carea' id='block_1_34' title="bbox 191 3287 1741 3362">
    <p class='ocr_par' dir='ltr' id='par_1_34' title="bbox 191 3287 1741 3362">
     <span class='ocr_line' id='line_1_34' title="bbox 191 3287 1741 3362; baseline 0.004 -24"><span class='ocrx_word' id='word_1_308' title='bbox 191 3287 368 3356; x_wconf 76' lang='grc' dir='ltr'>Κύριον</span> <span class='ocrx_word' id='word_1_309' title='bbox 382 3288 467 3342; x_wconf 88' lang='grc' dir='ltr'>τὸν</span> <span class='ocrx_word' id='word_1_310' title='bbox 496 3289 646 3355; x_wconf 87' lang='grc' dir='ltr'>Υἰὸν,</span> <span class='ocrx_word' id='word_1_311' title='bbox 674 3289 812 3362; x_wconf 75' lang='grc' dir='ltr'>αὕτη</span> <span class='ocrx_word' id='word_1_312' title='bbox 840 3291 872 3360; x_wconf 83' lang='grc' dir='ltr'>ἡ</span> <span class='ocrx_word' id='word_1_313' title='bbox 905 3290 1077 3346; x_wconf 82' lang='grc' dir='ltr'><strong>αἰτία.</strong></span> <span class='ocrx_word' id='word_1_314' title='bbox 1096 3287 1204 3345; x_wconf 75' lang='grc' dir='ltr'>Ἶιν</span> <span class='ocrx_word' id='word_1_315' title='bbox 1233 3291 1340 3362; x_wconf 76' lang='grc' dir='ltr'><strong>γὰρ</strong></span> <span class='ocrx_word' id='word_1_316' title='bbox 1371 3292 1741 3362; x_wconf 79' lang='grc' dir='ltr'>ὑποσχόμενος</span> 
     </span>
    </p>
   </div>
   <div class='ocr_carea' id='block_1_35' title="bbox 190 3379 1743 3450">
    <p class='ocr_par' dir='ltr' id='par_1_35' title="bbox 190 3379 1743 3450">
     <span class='ocr_line' id='line_1_35' title="bbox 190 3379 1743 3450; baseline 0.007 -22"><span class='ocrx_word' id='word_1_317' title='bbox 190 3379 442 3450; x_wconf 78' lang='grc' dir='ltr'><strong>παρ’ήμίν</strong></span> <span class='ocrx_word' id='word_1_318' title='bbox 472 3382 566 3434; x_wconf 72' lang='grc' dir='ltr'><strong>ἕνα</strong></span> <span class='ocrx_word' id='word_1_319' title='bbox 604 3381 736 3434; x_wconf 87' lang='grc' dir='ltr'>Θεὸν</span> <span class='ocrx_word' id='word_1_320' title='bbox 771 3379 940 3437; x_wconf 80' lang='grc' dir='ltr'>εἶναι.</span> <span class='ocrx_word' id='word_1_321' title='bbox 978 3382 1040 3436; x_wconf 85' lang='grc' dir='ltr'>Εἰ</span> <span class='ocrx_word' id='word_1_322' title='bbox 1079 3379 1172 3437; x_wconf 83' lang='grc' dir='ltr'><strong>οὖν</strong></span> <span class='ocrx_word' id='word_1_323' title='bbox 1206 3379 1357 3437; x_wconf 80' lang='grc' dir='ltr'>εἶπεν</span> <span class='ocrx_word' id='word_1_324' title='bbox 1393 3385 1483 3438; x_wconf 71' lang='grc' dir='ltr'>καὶ</span> <span class='ocrx_word' id='word_1_325' title='bbox 1518 3385 1607 3438; x_wconf 84' lang='grc' dir='ltr'>τὸν</span> <span class='ocrx_word' id='word_1_326' title='bbox 1632 3387 1743 3439; x_wconf 87' lang='grc' dir='ltr'><strong>Πα-</strong></span> 
     </span>
    </p>
   </div>
   <div class='ocr_carea' id='block_1_36' title="bbox 189 3470 1741 3550">
    <p class='ocr_par' dir='ltr' id='par_1_36' title="bbox 189 3470 1741 3550">
     <span class='ocr_line' id='line_1_36' title="bbox 189 3470 1741 3550; baseline 0.017 -45"><span class='ocrx_word' id='word_1_327' title='bbox 189 3470 302 3540; x_wconf 65' lang='grc' dir='ltr'>τέρχ</span> <span class='ocrx_word' id='word_1_328' title='bbox 327 3471 412 3524; x_wconf 61' lang='grc' dir='ltr'><strong>καὶ</strong></span> <span class='ocrx_word' id='word_1_329' title='bbox 437 3472 526 3526; x_wconf 56' lang='grc' dir='ltr'><strong>τὸν</strong></span> <span class='ocrx_word' id='word_1_330' title='bbox 552 3473 703 3539; x_wconf 70' lang='grc' dir='ltr'>Υἱὸν,</span> <span class='ocrx_word' id='word_1_331' title='bbox 733 3473 865 3527; x_wconf 82' lang='grc' dir='ltr'>Θεὸν</span> <span class='ocrx_word' id='word_1_332' title='bbox 891 3474 1163 3545; x_wconf 83' lang='grc' dir='ltr'>ἢΚύριον,</span> <span class='ocrx_word' id='word_1_333' title='bbox 1183 3476 1341 3530; x_wconf 79' lang='grc' dir='ltr'>πάλιν</span> <span class='ocrx_word' id='word_1_334' title='bbox 1369 3477 1653 3548; x_wconf 79' lang='grc' dir='ltr'>εὑρίσκετο</span> <span class='ocrx_word' id='word_1_335' title='bbox 1677 3480 1741 3550; x_wconf 74' lang='grc' dir='ltr'><strong>τῇ</strong></span> 
     </span>
    </p>
   </div>
   <div class='ocr_carea' id='block_1_37' title="bbox 183 3561 1739 3638">
    <p class='ocr_par' dir='ltr' id='par_1_37' title="bbox 183 3561 1739 3638">
     <span class='ocr_line' id='line_1_37' title="bbox 183 3561 1739 3638; baseline 0.006 -27"><span class='ocrx_word' id='word_1_336' title='bbox 183 3561 343 3631; x_wconf 64' lang='grc' dir='ltr'>οἰκείᾳ</span> <span class='ocrx_word' id='word_1_337' title='bbox 375 3563 660 3633; x_wconf 78' lang='grc' dir='ltr'><strong>ὑποσχέσει</strong></span> <span class='ocrx_word' id='word_1_338' title='bbox 696 3565 818 3618; x_wconf 85' lang='grc' dir='ltr'>ὅσον</span> <span class='ocrx_word' id='word_1_339' title='bbox 846 3567 979 3635; x_wconf 86' lang='grc' dir='ltr'>πρὸς</span> <span class='ocrx_word' id='word_1_340' title='bbox 1003 3566 1273 3637; x_wconf 84' lang='grc' dir='ltr'><strong>’Έλληνας</strong></span> <span class='ocrx_word' id='word_1_341' title='bbox 1307 3569 1739 3638; x_wconf 70' lang='grc' dir='ltr'>ἐναντιούμενος,</span> 
     </span>
    </p>
   </div>
   <div class='ocr_carea' id='block_1_38' title="bbox 185 3649 1742 3726">
    <p class='ocr_par' dir='ltr' id='par_1_38' title="bbox 185 3649 1742 3726">
     <span class='ocr_line' id='line_1_38' title="bbox 185 3649 1742 3726; baseline 0.006 -26"><span class='ocrx_word' id='word_1_342' title='bbox 185 3649 268 3702; x_wconf 83' lang='grc' dir='ltr'>καὶ</span> <span class='ocrx_word' id='word_1_343' title='bbox 302 3650 580 3705; x_wconf 79' lang='grc' dir='ltr'>πολυθεῖαν</span> <span class='ocrx_word' id='word_1_344' title='bbox 619 3652 652 3724; x_wconf 78' lang='grc' dir='ltr'>ἢ</span> <span class='ocrx_word' id='word_1_345' title='bbox 703 3653 1132 3725; x_wconf 75' lang='grc' dir='ltr'>πολυκυριότητα</span> <span class='ocrx_word' id='word_1_346' title='bbox 1160 3653 1300 3708; x_wconf 81' lang='grc' dir='ltr'>κατὰ</span> <span class='ocrx_word' id='word_1_347' title='bbox 1321 3655 1382 3708; x_wconf 90' lang='grc' dir='ltr'>τὸ</span> <span class='ocrx_word' id='word_1_348' title='bbox 1420 3657 1742 3726; x_wconf 76' lang='grc' dir='ltr'>φαινόμενον</span> 
     </span>
    </p>
   </div>
   <div class='ocr_carea' id='block_1_39' title="bbox 183 3739 1742 3818">
    <p class='ocr_par' dir='ltr' id='par_1_39' title="bbox 183 3739 1742 3818">
     <span class='ocr_line' id='line_1_39' title="bbox 183 3739 1742 3818; baseline 0.008 -28"><span class='ocrx_word' id='word_1_349' title='bbox 183 3739 418 3810; x_wconf 75' lang='grc' dir='ltr'><strong>εἰσάγων.</strong></span> <span class='ocrx_word' id='word_1_350' title='bbox 470 3743 560 3796; x_wconf 87' lang='grc' dir='ltr'>Διὸ</span> <span class='ocrx_word' id='word_1_351' title='bbox 591 3744 724 3796; x_wconf 87' lang='grc' dir='ltr'>Θεὸν</span> <span class='ocrx_word' id='word_1_352' title='bbox 765 3745 933 3798; x_wconf 77' lang='grc' dir='ltr'>εἰπὼν</span> <span class='ocrx_word' id='word_1_353' title='bbox 973 3746 1064 3799; x_wconf 76' lang='grc' dir='ltr'>τὸν</span> <span class='ocrx_word' id='word_1_354' title='bbox 1090 3747 1328 3818; x_wconf 79' lang='grc' dir='ltr'><strong>Πατέρα,</strong></span> <span class='ocrx_word' id='word_1_355' title='bbox 1375 3748 1579 3818; x_wconf 79' lang='grc' dir='ltr'>Κύριον</span> <span class='ocrx_word' id='word_1_356' title='bbox 1621 3747 1742 3803; x_wconf 81' lang='grc' dir='ltr'>εἷπε</span> 
     </span>
    </p>
   </div>
   <div class='ocr_carea' id='block_1_40' title="bbox 183 3830 1741 3913">
    <p class='ocr_par' dir='ltr' id='par_1_40' title="bbox 183 3830 1741 3913">
     <span class='ocr_line' id='line_1_40' title="bbox 183 3830 1741 3913; baseline 0.008 -30"><span class='ocrx_word' id='word_1_357' title='bbox 183 3830 263 3885; x_wconf 84' lang='grc' dir='ltr'>τὸν</span> <span class='ocrx_word' id='word_1_358' title='bbox 288 3835 428 3903; x_wconf 77' lang='grc' dir='ltr'>Υίὸν,</span> <span class='ocrx_word' id='word_1_359' title='bbox 451 3840 515 3907; x_wconf 76' lang='grc' dir='ltr'>τῇ</span> <span class='ocrx_word' id='word_1_360' title='bbox 547 3837 832 3907; x_wconf 74' lang='grc' dir='ltr'>νηπιότητι</span> <span class='ocrx_word' id='word_1_361' title='bbox 853 3839 1302 3904; x_wconf 75' lang='grc' dir='ltr'>συγκαταϐαίνων</span> <span class='ocrx_word' id='word_1_362' title='bbox 1325 3840 1433 3893; x_wconf 84' lang='grc' dir='ltr'><strong>τῶν</strong></span> <span class='ocrx_word' id='word_1_363' title='bbox 1452 3840 1741 3913; x_wconf 78' lang='grc' dir='ltr'><strong>Ἑλλήνων.</strong></span> 
     </span>
    </p>
   </div>
   <div class='ocr_carea' id='block_1_41' title="bbox 184 3921 1742 4002">
    <p class='ocr_par' dir='ltr' id='par_1_41' title="bbox 184 3921 1742 4002">
     <span class='ocr_line' id='line_1_41' title="bbox 184 3921 1742 4002; baseline 0.008 -30"><span class='ocrx_word' id='word_1_364' title='bbox 184 3921 569 3978; x_wconf 80' lang='grc' dir='ltr'>’Δποόέδεικται</span> <span class='ocrx_word' id='word_1_365' title='bbox 597 3928 706 3995; x_wconf 73' lang='grc' dir='ltr'>γὰρ</span> <span class='ocrx_word' id='word_1_366' title='bbox 735 3926 1040 3998; x_wconf 77' lang='grc' dir='ltr'><strong>ἀδιαφόρως</strong></span> <span class='ocrx_word' id='word_1_367' title='bbox 1072 3931 1184 3992; x_wconf 87' lang='grc' dir='ltr'>τοῖς</span> <span class='ocrx_word' id='word_1_368' title='bbox 1219 3930 1482 3994; x_wconf 84' lang='grc' dir='ltr'>τοιούτοις</span> <span class='ocrx_word' id='word_1_369' title='bbox 1513 3932 1742 4002; x_wconf 69' lang='grc' dir='ltr'>ὀνόμασι</span> 
     </span>
    </p>
   </div>
   <div class='ocr_carea' id='block_1_42' title="bbox 186 4012 1744 4092">
    <p class='ocr_par' dir='ltr' id='par_1_42' title="bbox 186 4012 1744 4092">
     <span class='ocr_line' id='line_1_42' title="bbox 186 4012 1744 4092; baseline 0.007 -29"><span class='ocrx_word' id='word_1_370' title='bbox 186 4013 478 4084; x_wconf 78' lang='grc' dir='ltr'>κεχρημένη</span> <span class='ocrx_word' id='word_1_371' title='bbox 503 4016 536 4084; x_wconf 80' lang='grc' dir='ltr'>ἡ</span> <span class='ocrx_word' id='word_1_372' title='bbox 568 4015 782 4088; x_wconf 80' lang='grc' dir='ltr'>Γραφή.</span> <span class='ocrx_word' id='word_1_373' title='bbox 835 4035 853 4068; x_wconf 82' lang='grc' dir='ltr'><strong>ι</strong></span> <span class='ocrx_word' id='word_1_374' title='bbox 877 4017 967 4085; x_wconf 76' lang='grc' dir='ltr'>Ἐξ</span> <span class='ocrx_word' id='word_1_375' title='bbox 995 4012 1054 4071; x_wconf 74' lang='grc' dir='ltr'>οὗ</span> <span class='ocrx_word' id='word_1_376' title='bbox 1078 4019 1147 4072; x_wconf 82' lang='grc' dir='ltr'><strong>τὰ</strong></span> <span class='ocrx_word' id='word_1_377' title='bbox 1174 4021 1368 4074; x_wconf 83' lang='grc' dir='ltr'><strong>πάντα.</strong></span> <span class='ocrx_word' id='word_1_378' title='bbox 1401 4040 1418 4071; x_wconf 75' lang='grc' dir='ltr'><strong>ι</strong></span> <span class='ocrx_word' id='word_1_379' title='bbox 1441 4021 1611 4084; x_wconf 78' lang='grc' dir='ltr'>Αὐτὸς</span> <span class='ocrx_word' id='word_1_380' title='bbox 1637 4023 1744 4092; x_wconf 78' lang='grc' dir='ltr'><strong>γὰρ</strong></span> 
     </span>
    </p>
   </div>
   <div class='ocr_carea' id='block_1_43' title="bbox 186 4103 1738 4182">
    <p class='ocr_par' dir='ltr' id='par_1_43' title="bbox 186 4103 1738 4182">
     <span class='ocr_line' id='line_1_43' title="bbox 186 4103 1738 4182; baseline 0.008 -28"><span class='ocrx_word' id='word_1_381' title='bbox 186 4103 319 4157; x_wconf 71' lang='grc' dir='ltr'>αἰτία</span> <span class='ocrx_word' id='word_1_382' title='bbox 355 4108 477 4160; x_wconf 79' lang='grc' dir='ltr'>πᾶσι</span> <span class='ocrx_word' id='word_1_383' title='bbox 507 4113 620 4171; x_wconf 75' lang='grc' dir='ltr'>τοῖς</span> <span class='ocrx_word' id='word_1_384' title='bbox 653 4105 794 4163; x_wconf 79' lang='grc' dir='ltr'>οὖσι.</span> <span class='ocrx_word' id='word_1_385' title='bbox 821 4109 895 4164; x_wconf 87' lang='grc' dir='ltr'>Τὸ</span> <span class='ocrx_word' id='word_1_386' title='bbox 928 4113 1035 4182; x_wconf 81' lang='grc' dir='ltr'>γὰρ</span> <span class='ocrx_word' id='word_1_387' title='bbox 1056 4150 1070 4175; x_wconf 93' lang='grc'><strong>,</strong></span> <span class='ocrx_word' id='word_1_388' title='bbox 1105 4131 1124 4164; x_wconf 76' lang='grc' dir='ltr'><strong>ι</strong></span> <span class='ocrx_word' id='word_1_389' title='bbox 1153 4112 1244 4178; x_wconf 83' lang='grc' dir='ltr'><strong>Ἐξ</strong></span> <span class='ocrx_word' id='word_1_390' title='bbox 1278 4107 1338 4168; x_wconf 78' lang='grc' dir='ltr'><strong>οὗ</strong></span> <span class='ocrx_word' id='word_1_391' title='bbox 1367 4115 1435 4167; x_wconf 70' lang='grc' dir='ltr'><strong>τὰ</strong></span> <span class='ocrx_word' id='word_1_392' title='bbox 1468 4115 1644 4168; x_wconf 77' lang='grc' dir='ltr'>πάντα</span> <span class='ocrx_word' id='word_1_393' title='bbox 1665 4157 1678 4180; x_wconf 89' lang='grc'><strong>,</strong></span> <span class='ocrx_word' id='word_1_394' title='bbox 1720 4133 1738 4166; x_wconf 78' lang='grc' dir='ltr'><strong>ι</strong></span> 
     </span>
    </p>
   </div>
   <div class='ocr_carea' id='block_1_44' title="bbox 183 4196 1745 4277">
    <p class='ocr_par' dir='ltr' id='par_1_44' title="bbox 183 4196 1745 4277">
     <span class='ocr_line' id='line_1_44' title="bbox 183 4196 1745 4277; baseline 0.009 -32"><span class='ocrx_word' id='word_1_395' title='bbox 183 4196 274 4265; x_wconf 80' lang='grc' dir='ltr'>τὴν</span> <span class='ocrx_word' id='word_1_396' title='bbox 301 4197 662 4271; x_wconf 71' lang='grc' dir='ltr'>δημιουργίαν</span> <span class='ocrx_word' id='word_1_397' title='bbox 693 4200 981 4272; x_wconf 84' lang='grc' dir='ltr'>σημαίνει,</span> <span class='ocrx_word' id='word_1_398' title='bbox 1014 4204 1110 4256; x_wconf 78' lang='grc' dir='ltr'>καὶ</span> <span class='ocrx_word' id='word_1_399' title='bbox 1138 4205 1236 4275; x_wconf 78' lang='grc' dir='ltr'><strong>τὴν</strong></span> <span class='ocrx_word' id='word_1_400' title='bbox 1265 4207 1330 4258; x_wconf 75' lang='grc' dir='ltr'><strong>ἐκ</strong></span> <span class='ocrx_word' id='word_1_401' title='bbox 1357 4206 1450 4258; x_wconf 80' lang='grc' dir='ltr'><strong>τοῦ</strong></span> <span class='ocrx_word' id='word_1_402' title='bbox 1485 4205 1560 4277; x_wconf 83' lang='grc' dir='ltr'>μὴ</span> <span class='ocrx_word' id='word_1_403' title='bbox 1592 4206 1745 4270; x_wconf 77' lang='grc' dir='ltr'>ὄντος</span> 
     </span>
    </p>
   </div>
   <div class='ocr_carea' id='block_1_45' title="bbox 183 4283 1746 4364">
    <p class='ocr_par' dir='ltr' id='par_1_45' title="bbox 183 4283 1746 4364">
     <span class='ocr_line' id='line_1_45' title="bbox 183 4283 1746 4364; baseline 0.011 -29"><span class='ocrx_word' id='word_1_404' title='bbox 183 4289 258 4348; x_wconf 79' lang='grc' dir='ltr'><strong>εἰς</strong></span> <span class='ocrx_word' id='word_1_405' title='bbox 281 4287 340 4340; x_wconf 88' lang='grc' dir='ltr'>τὸ</span> <span class='ocrx_word' id='word_1_406' title='bbox 362 4283 496 4343; x_wconf 74' lang='grc' dir='ltr'>εἶναι</span> <span class='ocrx_word' id='word_1_407' title='bbox 525 4293 890 4363; x_wconf 75' lang='grc' dir='ltr'><strong>παραγωγήν.</strong></span> <span class='ocrx_word' id='word_1_408' title='bbox 915 4311 932 4344; x_wconf 76' lang='grc' dir='ltr'><strong>ι</strong></span> <span class='ocrx_word' id='word_1_409' title='bbox 960 4293 1067 4345; x_wconf 73' lang='grc' dir='ltr'><strong>Καὶ</strong></span> <span class='ocrx_word' id='word_1_410' title='bbox 1095 4295 1254 4364; x_wconf 79' lang='grc' dir='ltr'>ἡμεῖς</span> <span class='ocrx_word' id='word_1_411' title='bbox 1285 4295 1364 4358; x_wconf 77' lang='grc' dir='ltr'><strong>εἰς</strong></span> <span class='ocrx_word' id='word_1_412' title='bbox 1391 4297 1572 4352; x_wconf 79' lang='grc' dir='ltr'><strong>αὐτόν.</strong></span> <span class='ocrx_word' id='word_1_413' title='bbox 1600 4316 1618 4350; x_wconf 77' lang='grc' dir='ltr'><strong>ι</strong></span> <span class='ocrx_word' id='word_1_414' title='bbox 1642 4299 1746 4352; x_wconf 90' lang='grc' dir='ltr'>Τὸν</span> 
     </span>
    </p>
   </div>
   <div class='ocr_carea' id='block_1_46' title="bbox 184 4378 1742 4459">
    <p class='ocr_par' dir='ltr' id='par_1_46' title="bbox 184 4378 1742 4459">
     <span class='ocr_line' id='line_1_46' title="bbox 184 4378 1742 4459; baseline 0.008 -29"><span class='ocrx_word' id='word_1_415' title='bbox 184 4378 274 4446; x_wconf 78' lang='grc' dir='ltr'><strong>τῆς</strong></span> <span class='ocrx_word' id='word_1_416' title='bbox 298 4379 520 4444; x_wconf 83' lang='grc' dir='ltr'>πίστεως</span> <span class='ocrx_word' id='word_1_417' title='bbox 539 4385 570 4454; x_wconf 80' lang='grc' dir='ltr'>ἡ</span> <span class='ocrx_word' id='word_1_418' title='bbox 581 4383 694 4452; x_wconf 85' lang='grc' dir='ltr'>μῶν</span> <span class='ocrx_word' id='word_1_419' title='bbox 721 4385 813 4437; x_wconf 74' lang='grc' dir='ltr'><strong>καὶ</strong></span> <span class='ocrx_word' id='word_1_420' title='bbox 842 4385 1171 4450; x_wconf 85' lang='grc' dir='ltr'><strong>οἱκειὼσεως</strong></span> <span class='ocrx_word' id='word_1_421' title='bbox 1198 4387 1347 4454; x_wconf 80' lang='grc' dir='ltr'>λέγει</span> <span class='ocrx_word' id='word_1_422' title='bbox 1370 4390 1592 4459; x_wconf 67' lang='grc' dir='ltr'>τρὸπον,</span> <span class='ocrx_word' id='word_1_423' title='bbox 1612 4385 1742 4456; x_wconf 77' lang='grc' dir='ltr'>οἷον,</span> 
     </span>
    </p>
   </div>
   <div class='ocr_carea' id='block_1_47' title="bbox 1823 720 3394 793">
    <p class='ocr_par' dir='ltr' id='par_1_47' title="bbox 1823 720 3394 793">
     <span class='ocr_line' id='line_1_47' title="bbox 1823 720 3394 793; baseline -0.003 -15"><span class='ocrx_word' id='word_1_424' title='bbox 1823 723 1953 778; x_wconf 92' lang='lat' dir='ltr'><strong>dum</strong></span> <span class='ocrx_word' id='word_1_425' title='bbox 1999 722 2233 793; x_wconf 79' lang='lat' dir='ltr'><strong>gratiam</strong></span> <span class='ocrx_word' id='word_1_426' title='bbox 2280 722 2414 776; x_wconf 89' lang='lat' dir='ltr'><strong>deos</strong></span> <span class='ocrx_word' id='word_1_427' title='bbox 2468 730 2688 776; x_wconf 71' lang='lat' dir='ltr'><strong>vocatos</strong></span> <span class='ocrx_word' id='word_1_428' title='bbox 2727 736 2870 778; x_wconf 90' lang='lat' dir='ltr'><strong>esse.</strong></span> <span class='ocrx_word' id='word_1_429' title='bbox 2919 720 3394 787; x_wconf 90' lang='lat' dir='ltr'><strong>Quemadmodum</strong></span> 
     </span>
    </p>
   </div>
   <div class='ocr_carea' id='block_1_48' title="bbox 1823 815 3396 886">
    <p class='ocr_par' dir='ltr' id='par_1_48' title="bbox 1823 815 3396 886">
     <span class='ocr_line' id='line_1_48' title="bbox 1823 815 3396 886; baseline -0.001 -15"><span class='ocrx_word' id='word_1_430' title='bbox 1823 831 2064 886; x_wconf 81' lang='lat' dir='ltr'><strong>namque</strong></span> <span class='ocrx_word' id='word_1_431' title='bbox 2091 815 2223 870; x_wconf 93' lang='lat' dir='ltr'><strong>dicti</strong></span> <span class='ocrx_word' id='word_1_432' title='bbox 2259 825 2390 868; x_wconf 90' lang='lat' dir='ltr'><strong>sunt</strong></span> <span class='ocrx_word' id='word_1_433' title='bbox 2432 815 2780 884; x_wconf 89' lang='lat' dir='ltr'><strong>Principatus</strong></span> <span class='ocrx_word' id='word_1_434' title='bbox 2825 823 2882 870; x_wconf 91' lang='lat' dir='ltr'><strong>et</strong></span> <span class='ocrx_word' id='word_1_435' title='bbox 2926 815 3256 879; x_wconf 88' lang='lat' dir='ltr'><strong>Potestates,</strong></span> <span class='ocrx_word' id='word_1_436' title='bbox 3287 815 3396 869; x_wconf 89' lang='lat' dir='ltr'><strong>Do-</strong></span> 
     </span>
    </p>
   </div>
   <div class='ocr_carea' id='block_1_49' title="bbox 1826 906 3399 981">
    <p class='ocr_par' dir='ltr' id='par_1_49' title="bbox 1826 906 3399 981">
     <span class='ocr_line' id='line_1_49' title="bbox 1826 906 3399 981; baseline 0.001 -19"><span class='ocrx_word' id='word_1_437' title='bbox 1826 907 2159 981; x_wconf 86' lang='lat' dir='ltr'><strong>minationes</strong></span> <span class='ocrx_word' id='word_1_438' title='bbox 2187 921 2251 962; x_wconf 85' lang='lat' dir='ltr'><strong>ac</strong></span> <span class='ocrx_word' id='word_1_439' title='bbox 2280 906 2510 971; x_wconf 91' lang='lat' dir='ltr'><strong>Throni,</strong></span> <span class='ocrx_word' id='word_1_440' title='bbox 2548 907 2623 962; x_wconf 92' lang='lat' dir='ltr'><strong>ita</strong></span> <span class='ocrx_word' id='word_1_441' title='bbox 2663 917 2720 963; x_wconf 89' lang='lat' dir='ltr'><strong>et</strong></span> <span class='ocrx_word' id='word_1_442' title='bbox 2748 907 2846 962; x_wconf 91' lang='lat' dir='ltr'><strong>dii.</strong></span> <span class='ocrx_word' id='word_1_443' title='bbox 2886 925 2904 959; x_wconf 76' lang='grc' dir='ltr'><strong>ι</strong></span> <span class='ocrx_word' id='word_1_444' title='bbox 2944 906 3231 975; x_wconf 86' lang='lat' dir='ltr'><strong>Quomodo</strong></span> <span class='ocrx_word' id='word_1_445' title='bbox 3269 919 3399 964; x_wconf 90' lang='lat' dir='ltr'><strong>sunt</strong></span> 
     </span>
    </p>
   </div>
   <div class='ocr_carea' id='block_1_50' title="bbox 1825 998 3400 1070">
    <p class='ocr_par' dir='ltr' id='par_1_50' title="bbox 1825 998 3400 1070">
     <span class='ocr_line' id='line_1_50' title="bbox 1825 998 3400 1070; baseline 0 -15"><span class='ocrx_word' id='word_1_446' title='bbox 1825 1000 1901 1055; x_wconf 91' lang='lat' dir='ltr'><strong>dii</strong></span> <span class='ocrx_word' id='word_1_447' title='bbox 1930 999 2111 1055; x_wconf 88' lang='lat' dir='ltr'><strong>multi.</strong></span> <span class='ocrx_word' id='word_1_448' title='bbox 2147 1019 2165 1052; x_wconf 74' lang='grc' dir='ltr'><strong>ι</strong></span> <span class='ocrx_word' id='word_1_449' title='bbox 2197 1000 2242 1055; x_wconf 79' lang='grc' dir='ltr'><strong>Α</strong></span> <span class='ocrx_word' id='word_1_450' title='bbox 2265 998 2543 1055; x_wconf 90' lang='lat' dir='ltr'><strong>communi</strong></span> <span class='ocrx_word' id='word_1_451' title='bbox 2574 1013 2738 1055; x_wconf 90' lang='lat' dir='ltr'><strong>sensu</strong></span> <span class='ocrx_word' id='word_1_452' title='bbox 2765 1010 2974 1070; x_wconf 89' lang='lat' dir='ltr'><strong>repete,</strong></span> <span class='ocrx_word' id='word_1_453' title='bbox 3016 1019 3035 1051; x_wconf 75' lang='grc' dir='ltr'><strong>ι</strong></span> <span class='ocrx_word' id='word_1_454' title='bbox 3072 1000 3176 1066; x_wconf 86' lang='lat' dir='ltr'><strong>Qui</strong></span> <span class='ocrx_word' id='word_1_455' title='bbox 3206 1001 3400 1056; x_wconf 82' lang='lat' dir='ltr'><strong>dicun-</strong></span> 
     </span>
    </p>
   </div>
   <div class='ocr_carea' id='block_1_51' title="bbox 1828 1093 3396 1165">
    <p class='ocr_par' dir='ltr' id='par_1_51' title="bbox 1828 1093 3396 1165">
     <span class='ocr_line' id='line_1_51' title="bbox 1828 1093 3396 1165; baseline 0.003 -19"><span class='ocrx_word' id='word_1_456' title='bbox 1828 1101 1938 1146; x_wconf 88' lang='lat' dir='ltr'><strong>tur.</strong></span> <span class='ocrx_word' id='word_1_457' title='bbox 1987 1111 2006 1144; x_wconf 77' lang='grc'><strong>»</strong></span> <span class='ocrx_word' id='word_1_458' title='bbox 2041 1093 2176 1146; x_wconf 83' lang='lat' dir='ltr'><strong>Nam</strong></span> <span class='ocrx_word' id='word_1_459' title='bbox 2213 1100 2363 1158; x_wconf 91' lang='lat' dir='ltr'><strong>sunt,</strong></span> <span class='ocrx_word' id='word_1_460' title='bbox 2403 1093 2602 1162; x_wconf 84' lang='lat' dir='ltr'><strong>inquit,</strong></span> <span class='ocrx_word' id='word_1_461' title='bbox 2643 1093 2788 1163; x_wconf 88' lang='lat' dir='ltr'><strong>apud</strong></span> <span class='ocrx_word' id='word_1_462' title='bbox 2823 1093 3043 1148; x_wconf 74' lang='lat' dir='ltr'><strong>Grmcos</strong></span> <span class='ocrx_word' id='word_1_463' title='bbox 3080 1095 3174 1165; x_wconf 89' lang='lat' dir='ltr'><strong>qui</strong></span> <span class='ocrx_word' id='word_1_464' title='bbox 3201 1095 3396 1150; x_wconf 88' lang='lat' dir='ltr'><strong>dicun-</strong></span> 
     </span>
    </p>
   </div>
   <div class='ocr_carea' id='block_1_52' title="bbox 1829 1184 3400 1259">
    <p class='ocr_par' dir='ltr' id='par_1_52' title="bbox 1829 1184 3400 1259">
     <span class='ocr_line' id='line_1_52' title="bbox 1829 1184 3400 1259; baseline 0 -19"><span class='ocrx_word' id='word_1_465' title='bbox 1829 1193 1919 1259; x_wconf 88' lang='lat' dir='ltr'><strong>tur</strong></span> <span class='ocrx_word' id='word_1_466' title='bbox 1951 1184 2027 1239; x_wconf 93' lang='lat' dir='ltr'><strong>dii</strong></span> <span class='ocrx_word' id='word_1_467' title='bbox 2069 1199 2134 1239; x_wconf 91' lang='lat' dir='ltr'><strong>ac</strong></span> <span class='ocrx_word' id='word_1_468' title='bbox 2171 1184 2412 1250; x_wconf 84' lang='lat' dir='ltr'><strong>domini;</strong></span> <span class='ocrx_word' id='word_1_469' title='bbox 2452 1184 2613 1240; x_wconf 92' lang='lat' dir='ltr'><strong>nobis</strong></span> <span class='ocrx_word' id='word_1_470' title='bbox 2656 1195 2841 1239; x_wconf 88' lang='lat' dir='ltr'><strong>tamen</strong></span> <span class='ocrx_word' id='word_1_471' title='bbox 2871 1202 3016 1241; x_wconf 91' lang='lat' dir='ltr'><strong>unus</strong></span> <span class='ocrx_word' id='word_1_472' title='bbox 3045 1196 3130 1242; x_wconf 92' lang='lat' dir='ltr'><strong>est</strong></span> <span class='ocrx_word' id='word_1_473' title='bbox 3169 1187 3314 1242; x_wconf 88' lang='lat' dir='ltr'><strong>Deus</strong></span> <span class='ocrx_word' id='word_1_474' title='bbox 3343 1197 3400 1241; x_wconf 91' lang='lat' dir='ltr'><strong>et</strong></span> 
     </span>
    </p>
   </div>
   <div class='ocr_carea' id='block_1_53' title="bbox 1831 1275 3400 1348">
    <p class='ocr_par' dir='ltr' id='par_1_53' title="bbox 1831 1275 3400 1348">
     <span class='ocr_line' id='line_1_53' title="bbox 1831 1275 3400 1348; baseline 0.002 -17"><span class='ocrx_word' id='word_1_475' title='bbox 1831 1292 1975 1331; x_wconf 90' lang='lat' dir='ltr'><strong>unus</strong></span> <span class='ocrx_word' id='word_1_476' title='bbox 2014 1275 2299 1330; x_wconf 88' lang='lat' dir='ltr'><strong>Dominus.</strong></span> <span class='ocrx_word' id='word_1_477' title='bbox 2341 1293 2360 1326; x_wconf 74' lang='grc' dir='ltr'><strong>ι</strong></span> <span class='ocrx_word' id='word_1_478' title='bbox 2399 1275 2570 1330; x_wconf 87' lang='lat' dir='ltr'><strong>Nobis</strong></span> <span class='ocrx_word' id='word_1_479' title='bbox 2596 1283 2777 1331; x_wconf 90' lang='lat' dir='ltr'><strong>tamen</strong></span> <span class='ocrx_word' id='word_1_480' title='bbox 2812 1293 2958 1332; x_wconf 90' lang='lat' dir='ltr'><strong>unus</strong></span> <span class='ocrx_word' id='word_1_481' title='bbox 2991 1287 3076 1333; x_wconf 89' lang='lat' dir='ltr'><strong>est</strong></span> <span class='ocrx_word' id='word_1_482' title='bbox 3117 1278 3258 1334; x_wconf 85' lang='lat' dir='ltr'><strong>Deus</strong></span> <span class='ocrx_word' id='word_1_483' title='bbox 3283 1279 3400 1348; x_wconf 89' lang='lat' dir='ltr'><strong>ipse</strong></span> 
     </span>
    </p>
   </div>
   <div class='ocr_carea' id='block_1_54' title="bbox 1830 1367 3400 1440">
    <p class='ocr_par' dir='ltr' id='par_1_54' title="bbox 1830 1367 3400 1440">
     <span class='ocr_line' id='line_1_54' title="bbox 1830 1367 3400 1440; baseline 0.002 -18"><span class='ocrx_word' id='word_1_484' title='bbox 1830 1367 2012 1422; x_wconf 87' lang='lat' dir='ltr'><strong>Pater.</strong></span> <span class='ocrx_word' id='word_1_485' title='bbox 2060 1387 2079 1419; x_wconf 77' lang='grc' dir='ltr'><strong>ι</strong></span> <span class='ocrx_word' id='word_1_486' title='bbox 2111 1368 2190 1422; x_wconf 86' lang='lat' dir='ltr'><strong>Ex</strong></span> <span class='ocrx_word' id='word_1_487' title='bbox 2221 1383 2288 1422; x_wconf 93' lang='lat' dir='ltr'><strong>eo</strong></span> <span class='ocrx_word' id='word_1_488' title='bbox 2319 1367 2465 1437; x_wconf 89' lang='lat' dir='ltr'><strong>quod</strong></span> <span class='ocrx_word' id='word_1_489' title='bbox 2491 1368 2630 1422; x_wconf 82' lang='lat' dir='ltr'><strong>dixit</strong></span> <span class='ocrx_word' id='word_1_490' title='bbox 2663 1386 2676 1422; x_wconf 91' lang='lat'><strong>:</strong></span> <span class='ocrx_word' id='word_1_491' title='bbox 2714 1385 2732 1418; x_wconf 85' lang='grc'><strong>‹</strong></span> <span class='ocrx_word' id='word_1_492' title='bbox 2774 1369 2932 1425; x_wconf 88' lang='lat' dir='ltr'><strong>Unus</strong></span> <span class='ocrx_word' id='word_1_493' title='bbox 2969 1371 3118 1425; x_wconf 89' lang='lat' dir='ltr'><strong>Deus</strong></span> <span class='ocrx_word' id='word_1_494' title='bbox 3153 1371 3268 1440; x_wconf 87' lang='lat' dir='ltr'><strong>ipse</strong></span> <span class='ocrx_word' id='word_1_495' title='bbox 3297 1371 3400 1425; x_wconf 86' lang='lat' dir='ltr'><strong>Pa-</strong></span> 
     </span>
    </p>
   </div>
   <div class='ocr_carea' id='block_1_55' title="bbox 1829 1459 3403 1532">
    <p class='ocr_par' dir='ltr' id='par_1_55' title="bbox 1829 1459 3403 1532">
     <span class='ocr_line' id='line_1_55' title="bbox 1829 1459 3403 1532; baseline 0.003 -19"><span class='ocrx_word' id='word_1_496' title='bbox 1829 1467 1936 1524; x_wconf 90' lang='lat' dir='ltr'><strong>ter,</strong></span> <span class='ocrx_word' id='word_1_497' title='bbox 1971 1468 2027 1514; x_wconf 90' lang='lat' dir='ltr'><strong>et</strong></span> <span class='ocrx_word' id='word_1_498' title='bbox 2055 1475 2197 1514; x_wconf 91' lang='lat' dir='ltr'><strong>unus</strong></span> <span class='ocrx_word' id='word_1_499' title='bbox 2225 1460 2493 1515; x_wconf 88' lang='lat' dir='ltr'><strong>Dominus</strong></span> <span class='ocrx_word' id='word_1_500' title='bbox 2521 1461 2682 1516; x_wconf 88' lang='lat' dir='ltr'><strong>Jesus</strong></span> <span class='ocrx_word' id='word_1_501' title='bbox 2706 1459 2981 1526; x_wconf 86' lang='lat' dir='ltr'><strong>Christus,</strong></span> <span class='ocrx_word' id='word_1_502' title='bbox 3012 1481 3028 1511; x_wconf 74' lang='grc' dir='ltr'><strong>ι</strong></span> <span class='ocrx_word' id='word_1_503' title='bbox 3059 1478 3130 1518; x_wconf 90' lang='lat' dir='ltr'><strong>ne</strong></span> <span class='ocrx_word' id='word_1_504' title='bbox 3154 1463 3403 1532; x_wconf 84' lang='lat' dir='ltr'><strong>opineris</strong></span> 
     </span>
    </p>
   </div>
   <div class='ocr_carea' id='block_1_56' title="bbox 1832 1551 3404 1625">
    <p class='ocr_par' dir='ltr' id='par_1_56' title="bbox 1832 1551 3404 1625">
     <span class='ocr_line' id='line_1_56' title="bbox 1832 1551 3404 1625; baseline 0.003 -19"><span class='ocrx_word' id='word_1_505' title='bbox 1832 1551 1909 1608; x_wconf 89' lang='lat' dir='ltr'><strong>ita</strong></span> <span class='ocrx_word' id='word_1_506' title='bbox 1937 1553 2290 1623; x_wconf 87' lang='lat' dir='ltr'><strong>appropriata</strong></span> <span class='ocrx_word' id='word_1_507' title='bbox 2309 1569 2430 1609; x_wconf 91' lang='lat' dir='ltr'><strong>esse</strong></span> <span class='ocrx_word' id='word_1_508' title='bbox 2456 1553 2704 1620; x_wconf 88' lang='lat' dir='ltr'><strong>nomina,</strong></span> <span class='ocrx_word' id='word_1_509' title='bbox 2730 1564 2791 1609; x_wconf 90' lang='lat' dir='ltr'><strong>ut</strong></span> <span class='ocrx_word' id='word_1_510' title='bbox 2822 1555 2985 1610; x_wconf 87' lang='lat' dir='ltr'><strong>Pater</strong></span> <span class='ocrx_word' id='word_1_511' title='bbox 3015 1555 3236 1625; x_wconf 90' lang='lat' dir='ltr'><strong>quidem</strong></span> <span class='ocrx_word' id='word_1_512' title='bbox 3258 1557 3404 1611; x_wconf 84' lang='lat' dir='ltr'><strong>Deus</strong></span> 
     </span>
    </p>
   </div>
   <div class='ocr_carea' id='block_1_57' title="bbox 1831 1645 3402 1718">
    <p class='ocr_par' dir='ltr' id='par_1_57' title="bbox 1831 1645 3402 1718">
     <span class='ocr_line' id='line_1_57' title="bbox 1831 1645 3402 1718; baseline 0.001 -17"><span class='ocrx_word' id='word_1_513' title='bbox 1831 1645 2069 1710; x_wconf 81' lang='lat' dir='ltr'><strong>dicatur,</strong></span> <span class='ocrx_word' id='word_1_514' title='bbox 2107 1646 2280 1700; x_wconf 88' lang='lat' dir='ltr'><strong>Filius</strong></span> <span class='ocrx_word' id='word_1_515' title='bbox 2311 1662 2440 1701; x_wconf 85' lang='lat' dir='ltr'><strong>vero</strong></span> <span class='ocrx_word' id='word_1_516' title='bbox 2466 1645 2749 1701; x_wconf 87' lang='lat' dir='ltr'><strong>Dominus.</strong></span> <span class='ocrx_word' id='word_1_517' title='bbox 2783 1646 2920 1702; x_wconf 85' lang='lat' dir='ltr'><strong>Nam</strong></span> <span class='ocrx_word' id='word_1_518' title='bbox 2963 1647 3262 1718; x_wconf 74' lang='lat' dir='ltr'><strong>Scriptura:</strong></span> <span class='ocrx_word' id='word_1_519' title='bbox 3290 1648 3402 1703; x_wconf 82' lang='lat' dir='ltr'><strong>fre-</strong></span> 
     </span>
    </p>
   </div>
   <div class='ocr_carea' id='block_1_58' title="bbox 1834 1737 3403 1814">
    <p class='ocr_par' dir='ltr' id='par_1_58' title="bbox 1834 1737 3403 1814">
     <span class='ocr_line' id='line_1_58' title="bbox 1834 1737 3403 1814; baseline 0.001 -22"><span class='ocrx_word' id='word_1_520' title='bbox 1834 1747 2067 1814; x_wconf 81' lang='lat' dir='ltr'><strong>quenter</strong></span> <span class='ocrx_word' id='word_1_521' title='bbox 2089 1737 2305 1793; x_wconf 83' lang='lat' dir='ltr'><strong>Patrem</strong></span> <span class='ocrx_word' id='word_1_522' title='bbox 2344 1751 2564 1808; x_wconf 90' lang='lat' dir='ltr'><strong>quoque</strong></span> <span class='ocrx_word' id='word_1_523' title='bbox 2606 1737 2899 1794; x_wconf 88' lang='lat' dir='ltr'><strong>Dominum</strong></span> <span class='ocrx_word' id='word_1_524' title='bbox 2935 1747 3155 1804; x_wconf 87' lang='lat' dir='ltr'><strong>vocant,</strong></span> <span class='ocrx_word' id='word_1_525' title='bbox 3188 1747 3247 1793; x_wconf 92' lang='lat' dir='ltr'><strong>ut</strong></span> <span class='ocrx_word' id='word_1_526' title='bbox 3278 1755 3403 1793; x_wconf 88' lang='lat' dir='ltr'><strong>cum</strong></span> 
     </span>
    </p>
   </div>
   <div class='ocr_carea' id='block_1_59' title="bbox 1837 1827 3405 1884">
    <p class='ocr_par' dir='ltr' id='par_1_59' title="bbox 1837 1827 3405 1884">
     <span class='ocr_line' id='line_1_59' title="bbox 1837 1827 3405 1884; baseline 0 -1"><span class='ocrx_word' id='word_1_527' title='bbox 1837 1828 2041 1884; x_wconf 92' lang='lat' dir='ltr'><strong>dicitur</strong></span> <span class='ocrx_word' id='word_1_528' title='bbox 2075 1844 2087 1880; x_wconf 91' lang='lat'>:</span> <span class='ocrx_word' id='word_1_529' title='bbox 2119 1845 2138 1879; x_wconf 86' lang='grc'><strong>‹</strong></span> <span class='ocrx_word' id='word_1_530' title='bbox 2178 1827 2325 1883; x_wconf 82' lang='lat' dir='ltr'><strong>Dixit</strong></span> <span class='ocrx_word' id='word_1_531' title='bbox 2353 1827 2618 1883; x_wconf 86' lang='lat' dir='ltr'><strong>Dominus</strong></span> <span class='ocrx_word' id='word_1_532' title='bbox 2651 1828 2885 1884; x_wconf 89' lang='lat' dir='ltr'><strong>Domino</strong></span> <span class='ocrx_word' id='word_1_533' title='bbox 2919 1843 3043 1884; x_wconf 92' lang='lat' dir='ltr'><strong>meo</strong></span> <span class='ocrx_word' id='word_1_534' title='bbox 3078 1829 3118 1882; x_wconf 80' lang='grc'><strong>³.</strong></span> <span class='ocrx_word' id='word_1_535' title='bbox 3157 1849 3174 1880; x_wconf 74' lang='grc' dir='ltr'><strong>ι</strong></span> <span class='ocrx_word' id='word_1_536' title='bbox 3211 1828 3278 1883; x_wconf 89' lang='lat' dir='ltr'><strong>Et</strong></span> <span class='ocrx_word' id='word_1_537' title='bbox 3314 1828 3405 1883; x_wconf 87' lang='lat' dir='ltr'><strong>Fi—</strong></span> 
     </span>
    </p>
   </div>
   <div class='ocr_carea' id='block_1_60' title="bbox 1835 1921 3402 1991">
    <p class='ocr_par' dir='ltr' id='par_1_60' title="bbox 1835 1921 3402 1991">
     <span class='ocr_line' id='line_1_60' title="bbox 1835 1921 3402 1991; baseline 0 -15"><span class='ocrx_word' id='word_1_538' title='bbox 1835 1921 1970 1976; x_wconf 91' lang='lat' dir='ltr'><strong>lium</strong></span> <span class='ocrx_word' id='word_1_539' title='bbox 1987 1921 2266 1991; x_wconf 91' lang='lat' dir='ltr'><strong>appellant</strong></span> <span class='ocrx_word' id='word_1_540' title='bbox 2289 1921 2482 1987; x_wconf 88' lang='lat' dir='ltr'><strong>Deum,</strong></span> <span class='ocrx_word' id='word_1_541' title='bbox 2508 1928 2714 1977; x_wconf 91' lang='lat' dir='ltr'><strong>utcum</strong></span> <span class='ocrx_word' id='word_1_542' title='bbox 2748 1921 2994 1976; x_wconf 88' lang='lat' dir='ltr'><strong>dicitur:</strong></span> <span class='ocrx_word' id='word_1_543' title='bbox 3051 1941 3068 1972; x_wconf 76' lang='grc' dir='ltr'><strong>ι</strong></span> <span class='ocrx_word' id='word_1_544' title='bbox 3101 1923 3402 1991; x_wconf 87' lang='lat' dir='ltr'><strong>Propterea</strong></span> 
     </span>
    </p>
   </div>
   <div class='ocr_carea' id='block_1_61' title="bbox 1835 2013 3406 2084">
    <p class='ocr_par' dir='ltr' id='par_1_61' title="bbox 1835 2013 3406 2084">
     <span class='ocr_line' id='line_1_61' title="bbox 1835 2013 3406 2084; baseline 0.001 -16"><span class='ocrx_word' id='word_1_545' title='bbox 1835 2015 1993 2069; x_wconf 87' lang='lat' dir='ltr'><strong>unxit</strong></span> <span class='ocrx_word' id='word_1_546' title='bbox 2030 2022 2082 2068; x_wconf 90' lang='lat' dir='ltr'><strong>te</strong></span> <span class='ocrx_word' id='word_1_547' title='bbox 2109 2014 2276 2078; x_wconf 91' lang='lat' dir='ltr'><strong>Deus,</strong></span> <span class='ocrx_word' id='word_1_548' title='bbox 2312 2014 2459 2068; x_wconf 92' lang='lat' dir='ltr'><strong>Deus</strong></span> <span class='ocrx_word' id='word_1_549' title='bbox 2486 2021 2614 2068; x_wconf 87' lang='lat' dir='ltr'><strong>tuus</strong></span> <span class='ocrx_word' id='word_1_550' title='bbox 2646 2015 2688 2079; x_wconf 77' lang='grc'>³,</span> <span class='ocrx_word' id='word_1_551' title='bbox 2729 2032 2748 2066; x_wconf 74' lang='grc' dir='ltr'><strong>ι</strong></span> <span class='ocrx_word' id='word_1_552' title='bbox 2783 2023 2840 2068; x_wconf 92' lang='lat' dir='ltr'><strong>et</strong></span> <span class='ocrx_word' id='word_1_553' title='bbox 2876 2031 2890 2068; x_wconf 89' lang='lat'><strong>:</strong></span> <span class='ocrx_word' id='word_1_554' title='bbox 2926 2033 2944 2065; x_wconf 75' lang='grc' dir='ltr'><strong>ι</strong></span> <span class='ocrx_word' id='word_1_555' title='bbox 2985 2013 3062 2068; x_wconf 87' lang='lat' dir='ltr'><strong>Ex</strong></span> <span class='ocrx_word' id='word_1_556' title='bbox 3092 2015 3296 2084; x_wconf 86' lang='lat' dir='ltr'><strong>quibus</strong></span> <span class='ocrx_word' id='word_1_557' title='bbox 3323 2029 3406 2070; x_wconf 90' lang='lat' dir='ltr'><strong>est</strong></span> 
     </span>
    </p>
   </div>
   <div class='ocr_carea' id='block_1_62' title="bbox 1833 2103 3407 2176">
    <p class='ocr_par' dir='ltr' id='par_1_62' title="bbox 1833 2103 3407 2176">
     <span class='ocr_line' id='line_1_62' title="bbox 1833 2103 3407 2176; baseline -0.002 -16"><span class='ocrx_word' id='word_1_558' title='bbox 1833 2105 2106 2170; x_wconf 88' lang='lat' dir='ltr'><strong>Christus,</strong></span> <span class='ocrx_word' id='word_1_559' title='bbox 2142 2125 2160 2157; x_wconf 73' lang='grc' dir='ltr'><strong>ι</strong></span> <span class='ocrx_word' id='word_1_560' title='bbox 2194 2106 2341 2176; x_wconf 86' lang='lat' dir='ltr'><strong>quod</strong></span> <span class='ocrx_word' id='word_1_561' title='bbox 2365 2105 2432 2160; x_wconf 89' lang='lat' dir='ltr'><strong>ad</strong></span> <span class='ocrx_word' id='word_1_562' title='bbox 2452 2120 2675 2161; x_wconf 90' lang='lat' dir='ltr'><strong>carnem</strong></span> <span class='ocrx_word' id='word_1_563' title='bbox 2699 2105 2918 2172; x_wconf 84' lang='lat' dir='ltr'><strong>attinet,</strong></span> <span class='ocrx_word' id='word_1_564' title='bbox 2949 2124 2968 2156; x_wconf 74' lang='grc' dir='ltr'>α</span> <span class='ocrx_word' id='word_1_565' title='bbox 2999 2103 3102 2171; x_wconf 88' lang='lat' dir='ltr'><strong>Qui</strong></span> <span class='ocrx_word' id='word_1_566' title='bbox 3129 2112 3214 2160; x_wconf 88' lang='lat' dir='ltr'><strong>est</strong></span> <span class='ocrx_word' id='word_1_567' title='bbox 3242 2120 3407 2174; x_wconf 86' lang='lat' dir='ltr'><strong>super</strong></span> 
     </span>
    </p>
   </div>
   <div class='ocr_carea' id='block_1_63' title="bbox 1835 2195 3407 2266">
    <p class='ocr_par' dir='ltr' id='par_1_63' title="bbox 1835 2195 3407 2266">
     <span class='ocr_line' id='line_1_63' title="bbox 1835 2195 3407 2266; baseline 0.001 -17"><span class='ocrx_word' id='word_1_568' title='bbox 1835 2195 2020 2250; x_wconf 87' lang='lat' dir='ltr'><strong>omnia</strong></span> <span class='ocrx_word' id='word_1_569' title='bbox 2070 2196 2217 2251; x_wconf 91' lang='lat' dir='ltr'><strong>Deus</strong></span> <span class='ocrx_word' id='word_1_570' title='bbox 2262 2197 2608 2252; x_wconf 84' lang='lat' dir='ltr'><strong>benedictus.</strong></span> <span class='ocrx_word' id='word_1_571' title='bbox 2655 2215 2676 2250; x_wconf 72' lang='grc' dir='ltr'><strong>ι</strong></span> <span class='ocrx_word' id='word_1_572' title='bbox 2716 2195 2873 2264; x_wconf 86' lang='lat' dir='ltr'><strong>Quod</strong></span> <span class='ocrx_word' id='word_1_573' title='bbox 2908 2197 2954 2251; x_wconf 91' lang='lat' dir='ltr'><strong>si</strong></span> <span class='ocrx_word' id='word_1_574' title='bbox 3001 2197 3126 2266; x_wconf 92' lang='lat' dir='ltr'><strong>quis</strong></span> <span class='ocrx_word' id='word_1_575' title='bbox 3154 2196 3302 2251; x_wconf 81' lang='lat' dir='ltr'><strong>dicat</strong></span> <span class='ocrx_word' id='word_1_576' title='bbox 3338 2197 3407 2251; x_wconf 87' lang='lat' dir='ltr'><strong>ad</strong></span> 
     </span>
    </p>
   </div>
   <div class='ocr_carea' id='block_1_64' title="bbox 1835 2287 3404 2359">
    <p class='ocr_par' dir='ltr' id='par_1_64' title="bbox 1835 2287 3404 2359">
     <span class='ocr_line' id='line_1_64' title="bbox 1835 2287 3404 2359; baseline -0.002 -15"><span class='ocrx_word' id='word_1_577' title='bbox 1835 2291 2014 2344; x_wconf 90' lang='lat' dir='ltr'><strong>solum</strong></span> <span class='ocrx_word' id='word_1_578' title='bbox 2049 2289 2228 2359; x_wconf 91' lang='lat' dir='ltr'><strong>aptari</strong></span> <span class='ocrx_word' id='word_1_579' title='bbox 2276 2289 2492 2344; x_wconf 88' lang='lat' dir='ltr'><strong>Patrem</strong></span> <span class='ocrx_word' id='word_1_580' title='bbox 2535 2289 2684 2358; x_wconf 91' lang='lat' dir='ltr'><strong>quod</strong></span> <span class='ocrx_word' id='word_1_581' title='bbox 2717 2289 2813 2353; x_wconf 89' lang='lat' dir='ltr'><strong>ait,</strong></span> <span class='ocrx_word' id='word_1_582' title='bbox 2865 2287 3028 2353; x_wconf 84' lang='lat' dir='ltr'><strong>Deus,</strong></span> <span class='ocrx_word' id='word_1_583' title='bbox 3069 2287 3198 2358; x_wconf 89' lang='lat' dir='ltr'><strong>quia</strong></span> <span class='ocrx_word' id='word_1_584' title='bbox 3247 2287 3404 2352; x_wconf 87' lang='lat' dir='ltr'><strong>dicit,</strong></span> 
     </span>
    </p>
   </div>
   <div class='ocr_carea' id='block_1_65' title="bbox 1843 2380 3406 2450">
    <p class='ocr_par' dir='ltr' id='par_1_65' title="bbox 1843 2380 3406 2450">
     <span class='ocr_line' id='line_1_65' title="bbox 1843 2380 3406 2450; baseline 0 -16"><span class='ocrx_word' id='word_1_585' title='bbox 1843 2400 1863 2434; x_wconf 76' lang='grc' dir='ltr'><strong>ι</strong></span> <span class='ocrx_word' id='word_1_586' title='bbox 1900 2384 2056 2440; x_wconf 89' lang='lat' dir='ltr'><strong>Unus</strong></span> <span class='ocrx_word' id='word_1_587' title='bbox 2083 2384 2251 2446; x_wconf 91' lang='lat' dir='ltr'><strong>Deus,</strong></span> <span class='ocrx_word' id='word_1_588' title='bbox 2294 2401 2312 2435; x_wconf 76' lang='grc' dir='ltr'><strong>ι</strong></span> <span class='ocrx_word' id='word_1_589' title='bbox 2345 2397 2476 2436; x_wconf 91' lang='lat' dir='ltr'><strong>num</strong></span> <span class='ocrx_word' id='word_1_590' title='bbox 2504 2381 2672 2437; x_wconf 89' lang='lat' dir='ltr'><strong>etiam</strong></span> <span class='ocrx_word' id='word_1_591' title='bbox 2701 2380 2769 2436; x_wconf 91' lang='lat' dir='ltr'><strong>ad</strong></span> <span class='ocrx_word' id='word_1_592' title='bbox 2801 2381 2980 2436; x_wconf 90' lang='lat' dir='ltr'><strong>solum</strong></span> <span class='ocrx_word' id='word_1_593' title='bbox 2997 2380 3282 2450; x_wconf 89' lang='lat' dir='ltr'><strong>aptabitur</strong></span> <span class='ocrx_word' id='word_1_594' title='bbox 3314 2380 3406 2435; x_wconf 85' lang='lat' dir='ltr'><strong>Fi-</strong></span> 
     </span>
    </p>
   </div>
   <div class='ocr_carea' id='block_1_66' title="bbox 1836 2473 3402 2547">
    <p class='ocr_par' dir='ltr' id='par_1_66' title="bbox 1836 2473 3402 2547">
     <span class='ocr_line' id='line_1_66' title="bbox 1836 2473 3402 2547; baseline -0.001 -15"><span class='ocrx_word' id='word_1_595' title='bbox 1836 2477 1970 2532; x_wconf 88' lang='lat' dir='ltr'><strong>lium</strong></span> <span class='ocrx_word' id='word_1_596' title='bbox 2029 2477 2175 2547; x_wconf 90' lang='lat' dir='ltr'><strong>quod</strong></span> <span class='ocrx_word' id='word_1_597' title='bbox 2239 2477 2336 2544; x_wconf 85' lang='lat' dir='ltr'><strong>ait,</strong></span> <span class='ocrx_word' id='word_1_598' title='bbox 2393 2494 2412 2529; x_wconf 80' lang='grc' dir='ltr'><strong>ι</strong></span> <span class='ocrx_word' id='word_1_599' title='bbox 2478 2475 2766 2541; x_wconf 90' lang='lat' dir='ltr'><strong>Dominus,</strong></span> <span class='ocrx_word' id='word_1_600' title='bbox 2825 2493 2844 2528; x_wconf 76' lang='grc' dir='ltr'><strong>ι</strong></span> <span class='ocrx_word' id='word_1_601' title='bbox 2898 2489 2965 2530; x_wconf 92' lang='lat' dir='ltr'><strong>eo</strong></span> <span class='ocrx_word' id='word_1_602' title='bbox 3012 2473 3160 2544; x_wconf 91' lang='lat' dir='ltr'><strong>quod</strong></span> <span class='ocrx_word' id='word_1_603' title='bbox 3208 2474 3402 2530; x_wconf 86' lang='lat' dir='ltr'><strong>dicat:</strong></span> 
     </span>
    </p>
   </div>
   <div class='ocr_carea' id='block_1_67' title="bbox 1844 2568 3409 2627">
    <p class='ocr_par' dir='ltr' id='par_1_67' title="bbox 1844 2568 3409 2627">
     <span class='ocr_line' id='line_1_67' title="bbox 1844 2568 3409 2627; baseline 0 -5"><span class='ocrx_word' id='word_1_604' title='bbox 1844 2589 1862 2622; x_wconf 77' lang='grc' dir='ltr'><strong>ι</strong></span> <span class='ocrx_word' id='word_1_605' title='bbox 1901 2570 2052 2627; x_wconf 91' lang='lat' dir='ltr'><strong>Unus</strong></span> <span class='ocrx_word' id='word_1_606' title='bbox 2079 2571 2345 2625; x_wconf 90' lang='lat' dir='ltr'><strong>Dominus</strong></span> <span class='ocrx_word' id='word_1_607' title='bbox 2371 2569 2530 2626; x_wconf 79' lang='lat' dir='ltr'><strong>Jesus</strong></span> <span class='ocrx_word' id='word_1_608' title='bbox 2559 2569 2812 2624; x_wconf 88' lang='lat' dir='ltr'><strong>Christus</strong></span> <span class='ocrx_word' id='word_1_609' title='bbox 2840 2569 2864 2622; x_wconf 90' lang='lat'><strong>?</strong></span> <span class='ocrx_word' id='word_1_610' title='bbox 2899 2587 2918 2620; x_wconf 75' lang='grc' dir='ltr'><strong>ι</strong></span> <span class='ocrx_word' id='word_1_611' title='bbox 2960 2568 3032 2622; x_wconf 88' lang='lat' dir='ltr'><strong>At</strong></span> <span class='ocrx_word' id='word_1_612' title='bbox 3062 2584 3170 2624; x_wconf 91' lang='lat' dir='ltr'><strong>non</strong></span> <span class='ocrx_word' id='word_1_613' title='bbox 3205 2568 3279 2622; x_wconf 92' lang='lat' dir='ltr'><strong>ita</strong></span> <span class='ocrx_word' id='word_1_614' title='bbox 3303 2575 3409 2624; x_wconf 84' lang='lat' dir='ltr'><strong>est.</strong></span> 
     </span>
    </p>
   </div>
   <div class='ocr_carea' id='block_1_68' title="bbox 1837 2661 3412 2718">
    <p class='ocr_par' dir='ltr' id='par_1_68' title="bbox 1837 2661 3412 2718">
     <span class='ocr_line' id='line_1_68' title="bbox 1837 2661 3412 2718; baseline -0.002 0"><span class='ocrx_word' id='word_1_615' title='bbox 1837 2663 1973 2718; x_wconf 83' lang='lat' dir='ltr'><strong>Nam</strong></span> <span class='ocrx_word' id='word_1_616' title='bbox 1997 2663 2065 2718; x_wconf 90' lang='lat' dir='ltr'><strong>ad</strong></span> <span class='ocrx_word' id='word_1_617' title='bbox 2092 2662 2461 2718; x_wconf 79' lang='lat' dir='ltr'><strong>dill&#39;erentiam</strong></span> <span class='ocrx_word' id='word_1_618' title='bbox 2487 2662 2624 2716; x_wconf 83' lang='lat' dir='ltr'><strong>falso</strong></span> <span class='ocrx_word' id='word_1_619' title='bbox 2649 2661 3058 2716; x_wconf 88' lang='lat' dir='ltr'><strong>nominatorum</strong></span> <span class='ocrx_word' id='word_1_620' title='bbox 3083 2661 3313 2716; x_wconf 92' lang='lat' dir='ltr'><strong>deorum</strong></span> <span class='ocrx_word' id='word_1_621' title='bbox 3346 2675 3412 2715; x_wconf 89' lang='lat' dir='ltr'><strong>ae</strong></span> 
     </span>
    </p>
   </div>
   <div class='ocr_carea' id='block_1_69' title="bbox 1839 2752 3414 2822">
    <p class='ocr_par' dir='ltr' id='par_1_69' title="bbox 1839 2752 3414 2822">
     <span class='ocr_line' id='line_1_69' title="bbox 1839 2752 3414 2822; baseline -0.003 -12"><span class='ocrx_word' id='word_1_622' title='bbox 1839 2754 2192 2810; x_wconf 87' lang='lat' dir='ltr'><strong>dominorum</strong></span> <span class='ocrx_word' id='word_1_623' title='bbox 2220 2755 2427 2810; x_wconf 91' lang='lat' dir='ltr'><strong>dictum</strong></span> <span class='ocrx_word' id='word_1_624' title='bbox 2461 2762 2546 2808; x_wconf 89' lang='lat' dir='ltr'><strong>est</strong></span> <span class='ocrx_word' id='word_1_625' title='bbox 2567 2754 2742 2810; x_wconf 88' lang='lat' dir='ltr'><strong>Unus.</strong></span> <span class='ocrx_word' id='word_1_626' title='bbox 2769 2752 2923 2806; x_wconf 83' lang='lat' dir='ltr'><strong>Multi</strong></span> <span class='ocrx_word' id='word_1_627' title='bbox 2949 2761 3133 2807; x_wconf 89' lang='lat' dir='ltr'><strong>autem</strong></span> <span class='ocrx_word' id='word_1_628' title='bbox 3157 2760 3414 2822; x_wconf 64' lang='lat' dir='ltr'><strong>quaerunt</strong></span> 
     </span>
    </p>
   </div>
   <div class='ocr_carea' id='block_1_70' title="bbox 1841 2845 3412 2917">
    <p class='ocr_par' dir='ltr' id='par_1_70' title="bbox 1841 2845 3412 2917">
     <span class='ocr_line' id='line_1_70' title="bbox 1841 2845 3412 2917; baseline -0.001 -15"><span class='ocrx_word' id='word_1_629' title='bbox 1841 2863 2005 2917; x_wconf 91' lang='lat' dir='ltr'><strong>quam</strong></span> <span class='ocrx_word' id='word_1_630' title='bbox 2044 2847 2114 2902; x_wconf 90' lang='lat' dir='ltr'><strong>ob</strong></span> <span class='ocrx_word' id='word_1_631' title='bbox 2160 2862 2380 2903; x_wconf 85' lang='lat' dir='ltr'><strong>causam</strong></span> <span class='ocrx_word' id='word_1_632' title='bbox 2427 2845 2668 2915; x_wconf 91' lang='lat' dir='ltr'><strong>Spiritus</strong></span> <span class='ocrx_word' id='word_1_633' title='bbox 2713 2846 2888 2900; x_wconf 89' lang='lat' dir='ltr'><strong>sancti</strong></span> <span class='ocrx_word' id='word_1_634' title='bbox 2935 2860 3048 2900; x_wconf 86' lang='lat' dir='ltr'><strong>non</strong></span> <span class='ocrx_word' id='word_1_635' title='bbox 3076 2845 3412 2900; x_wconf 87' lang='lat' dir='ltr'><strong>meminerit.</strong></span> 
     </span>
    </p>
   </div>
   <div class='ocr_carea' id='block_1_71' title="bbox 1839 2938 3412 3010">
    <p class='ocr_par' dir='ltr' id='par_1_71' title="bbox 1839 2938 3412 3010">
     <span class='ocr_line' id='line_1_71' title="bbox 1839 2938 3412 3010; baseline -0.003 -14"><span class='ocrx_word' id='word_1_636' title='bbox 1839 2942 1908 2996; x_wconf 80' lang='lat' dir='ltr'><strong>Et</strong></span> <span class='ocrx_word' id='word_1_637' title='bbox 1952 2941 2190 2996; x_wconf 89' lang='lat' dir='ltr'><strong>dicimus</strong></span> <span class='ocrx_word' id='word_1_638' title='bbox 2234 2939 2383 3010; x_wconf 92' lang='lat' dir='ltr'><strong>quod</strong></span> <span class='ocrx_word' id='word_1_639' title='bbox 2429 2939 2496 2994; x_wconf 92' lang='lat' dir='ltr'><strong>ad</strong></span> <span class='ocrx_word' id='word_1_640' title='bbox 2541 2938 2761 2994; x_wconf 82' lang='lat' dir='ltr'><strong>Graecos</strong></span> <span class='ocrx_word' id='word_1_641' title='bbox 2807 2938 2912 3008; x_wconf 84' lang='lat' dir='ltr'><strong>ipsi</strong></span> <span class='ocrx_word' id='word_1_642' title='bbox 2957 2953 3140 2994; x_wconf 88' lang='lat' dir='ltr'><strong>sermo</strong></span> <span class='ocrx_word' id='word_1_643' title='bbox 3175 2947 3295 2992; x_wconf 89' lang='lat' dir='ltr'><strong>erat</strong></span> <span class='ocrx_word' id='word_1_644' title='bbox 3319 2939 3412 3007; x_wconf 91' lang='lat' dir='ltr'><strong>qui</strong></span> 
     </span>
    </p>
   </div>
   <div class='ocr_carea' id='block_1_72' title="bbox 1842 3029 3414 3100">
    <p class='ocr_par' dir='ltr' id='par_1_72' title="bbox 1842 3029 3414 3100">
     <span class='ocr_line' id='line_1_72' title="bbox 1842 3029 3414 3100; baseline -0.003 -12"><span class='ocrx_word' id='word_1_645' title='bbox 1842 3035 2046 3088; x_wconf 88' lang='lat' dir='ltr'><strong>multos</strong></span> <span class='ocrx_word' id='word_1_646' title='bbox 2089 3032 2350 3088; x_wconf 85' lang='lat' dir='ltr'><strong>dicebant</strong></span> <span class='ocrx_word' id='word_1_647' title='bbox 2395 3031 2532 3086; x_wconf 85' lang='lat' dir='ltr'><strong>deos</strong></span> <span class='ocrx_word' id='word_1_648' title='bbox 2577 3046 2642 3086; x_wconf 93' lang='lat' dir='ltr'><strong>ac</strong></span> <span class='ocrx_word' id='word_1_649' title='bbox 2694 3031 2968 3086; x_wconf 89' lang='lat' dir='ltr'><strong>dominos.</strong></span> <span class='ocrx_word' id='word_1_650' title='bbox 3031 3029 3238 3084; x_wconf 89' lang='lat' dir='ltr'><strong>Timuit</strong></span> <span class='ocrx_word' id='word_1_651' title='bbox 3283 3045 3414 3100; x_wconf 78' lang='lat' dir='ltr'><strong>ergo</strong></span> 
     </span>
    </p>
   </div>
   <div class='ocr_carea' id='block_1_73' title="bbox 1843 3122 3416 3197">
    <p class='ocr_par' dir='ltr' id='par_1_73' title="bbox 1843 3122 3416 3197">
     <span class='ocr_line' id='line_1_73' title="bbox 1843 3122 3416 3197; baseline -0.004 -15"><span class='ocrx_word' id='word_1_652' title='bbox 1843 3127 2084 3197; x_wconf 78' lang='lat' dir='ltr'><strong>Spiritus</strong></span> <span class='ocrx_word' id='word_1_653' title='bbox 2110 3141 2330 3196; x_wconf 88' lang='lat' dir='ltr'><strong>quoque</strong></span> <span class='ocrx_word' id='word_1_654' title='bbox 2358 3125 2540 3179; x_wconf 82' lang='lat' dir='ltr'><strong>facere</strong></span> <span class='ocrx_word' id='word_1_655' title='bbox 2571 3124 2934 3187; x_wconf 87' lang='lat' dir='ltr'><strong>mentionem,</strong></span> <span class='ocrx_word' id='word_1_656' title='bbox 2973 3138 3043 3178; x_wconf 87' lang='lat' dir='ltr'><strong>ne</strong></span> <span class='ocrx_word' id='word_1_657' title='bbox 3071 3123 3212 3178; x_wconf 81' lang='lat' dir='ltr'><strong>forte</strong></span> <span class='ocrx_word' id='word_1_658' title='bbox 3234 3122 3416 3178; x_wconf 56' lang='lat' dir='ltr'><strong>multi.</strong></span> 
     </span>
    </p>
   </div>
   <div class='ocr_carea' id='block_1_74' title="bbox 1767 3215 3417 3288">
    <p class='ocr_par' dir='ltr' id='par_1_74' title="bbox 1767 3215 3417 3288">
     <span class='ocr_line' id='line_1_74' title="bbox 1767 3215 3417 3288; baseline 0.001 -19"><span class='ocrx_word' id='word_1_659' title='bbox 1767 3227 1808 3284; x_wconf 70' lang='grc' dir='ltr'><strong>(ζ</strong></span> <span class='ocrx_word' id='word_1_660' title='bbox 1849 3219 2046 3288; x_wconf 83' lang='lat' dir='ltr'><strong>plicem</strong></span> <span class='ocrx_word' id='word_1_661' title='bbox 2076 3217 2242 3272; x_wconf 90' lang='lat' dir='ltr'><strong>etiam</strong></span> <span class='ocrx_word' id='word_1_662' title='bbox 2284 3217 2427 3287; x_wconf 85' lang='lat' dir='ltr'><strong>apud</strong></span> <span class='ocrx_word' id='word_1_663' title='bbox 2468 3231 2570 3270; x_wconf 92' lang='lat' dir='ltr'><strong>nos</strong></span> <span class='ocrx_word' id='word_1_664' title='bbox 2598 3216 2980 3271; x_wconf 73' lang='lat' dir='ltr'><strong>existimarent</strong></span> <span class='ocrx_word' id='word_1_665' title='bbox 3011 3231 3134 3272; x_wconf 90' lang='lat' dir='ltr'><strong>esse</strong></span> <span class='ocrx_word' id='word_1_666' title='bbox 3157 3215 3417 3270; x_wconf 86' lang='lat' dir='ltr'><strong>divinita-</strong></span> 
     </span>
    </p>
   </div>
   <div class='ocr_carea' id='block_1_75' title="bbox 1845 3306 3416 3377">
    <p class='ocr_par' dir='ltr' id='par_1_75' title="bbox 1845 3306 3416 3377">
     <span class='ocr_line' id='line_1_75' title="bbox 1845 3306 3416 3377; baseline -0.001 -15"><span class='ocrx_word' id='word_1_667' title='bbox 1845 3316 1978 3364; x_wconf 89' lang='lat' dir='ltr'><strong>tem.</strong></span> <span class='ocrx_word' id='word_1_668' title='bbox 2018 3308 2148 3363; x_wconf 82' lang='lat' dir='ltr'><strong>Ideo</strong></span> <span class='ocrx_word' id='word_1_669' title='bbox 2182 3323 2403 3377; x_wconf 88' lang='lat' dir='ltr'><strong>quoque</strong></span> <span class='ocrx_word' id='word_1_670' title='bbox 2435 3307 2574 3362; x_wconf 89' lang='lat' dir='ltr'><strong>adeo</strong></span> <span class='ocrx_word' id='word_1_671' title='bbox 2615 3317 2778 3362; x_wconf 87' lang='lat' dir='ltr'><strong>caute</strong></span> <span class='ocrx_word' id='word_1_672' title='bbox 2817 3307 2998 3362; x_wconf 88' lang='lat' dir='ltr'><strong>Patris</strong></span> <span class='ocrx_word' id='word_1_673' title='bbox 3038 3321 3104 3361; x_wconf 91' lang='lat' dir='ltr'><strong>ac</strong></span> <span class='ocrx_word' id='word_1_674' title='bbox 3133 3306 3258 3361; x_wconf 88' lang='lat' dir='ltr'><strong>Filii</strong></span> <span class='ocrx_word' id='word_1_675' title='bbox 3297 3321 3416 3361; x_wconf 89' lang='lat' dir='ltr'><strong>me-</strong></span> 
     </span>
    </p>
   </div>
   <div class='ocr_carea' id='block_1_76' title="bbox 1843 3398 3415 3472">
    <p class='ocr_par' dir='ltr' id='par_1_76' title="bbox 1843 3398 3415 3472">
     <span class='ocr_line' id='line_1_76' title="bbox 1843 3398 3415 3472; baseline -0.002 -17"><span class='ocrx_word' id='word_1_676' title='bbox 1843 3401 2004 3455; x_wconf 88' lang='lat' dir='ltr'><strong>minit</strong></span> <span class='ocrx_word' id='word_1_677' title='bbox 2039 3419 2052 3454; x_wconf 90' lang='lat'>:</span> <span class='ocrx_word' id='word_1_678' title='bbox 2081 3399 2248 3472; x_wconf 63' lang='lat'><strong>493</strong></span> <span class='ocrx_word' id='word_1_679' title='bbox 2285 3401 2502 3456; x_wconf 87' lang='lat' dir='ltr'><strong>Patrem</strong></span> <span class='ocrx_word' id='word_1_680' title='bbox 2537 3398 2762 3468; x_wconf 86' lang='lat' dir='ltr'><strong>quidem</strong></span> <span class='ocrx_word' id='word_1_681' title='bbox 2799 3413 2969 3453; x_wconf 89' lang='lat' dir='ltr'><strong>unum</strong></span> <span class='ocrx_word' id='word_1_682' title='bbox 3001 3398 3190 3454; x_wconf 91' lang='lat' dir='ltr'><strong>dicens</strong></span> <span class='ocrx_word' id='word_1_683' title='bbox 3221 3399 3415 3461; x_wconf 85' lang='lat' dir='ltr'><strong>Deum,</strong></span> 
     </span>
    </p>
   </div>
   <div class='ocr_carea' id='block_1_77' title="bbox 1843 3491 3416 3556">
    <p class='ocr_par' dir='ltr' id='par_1_77' title="bbox 1843 3491 3416 3556">
     <span class='ocr_line' id='line_1_77' title="bbox 1843 3491 3416 3556; baseline -0.003 -8"><span class='ocrx_word' id='word_1_684' title='bbox 1843 3509 1912 3548; x_wconf 89' lang='lat' dir='ltr'><strong>ne</strong></span> <span class='ocrx_word' id='word_1_685' title='bbox 1946 3493 2086 3547; x_wconf 88' lang='lat' dir='ltr'><strong>duos</strong></span> <span class='ocrx_word' id='word_1_686' title='bbox 2109 3508 2229 3547; x_wconf 89' lang='lat' dir='ltr'><strong>esse</strong></span> <span class='ocrx_word' id='word_1_687' title='bbox 2253 3491 2388 3547; x_wconf 88' lang='lat' dir='ltr'><strong>deos</strong></span> <span class='ocrx_word' id='word_1_688' title='bbox 2411 3492 2814 3556; x_wconf 78' lang='lat' dir='ltr'><strong>existimarent,</strong></span> <span class='ocrx_word' id='word_1_689' title='bbox 2846 3491 3052 3546; x_wconf 88' lang='lat' dir='ltr'><strong>Filium</strong></span> <span class='ocrx_word' id='word_1_690' title='bbox 3082 3506 3213 3546; x_wconf 91' lang='lat' dir='ltr'><strong>vero</strong></span> <span class='ocrx_word' id='word_1_691' title='bbox 3247 3506 3416 3546; x_wconf 89' lang='lat' dir='ltr'><strong>unum</strong></span> 
     </span>
    </p>
   </div>
   <div class='ocr_carea' id='block_1_78' title="bbox 1845 3580 3416 3650">
    <p class='ocr_par' dir='ltr' id='par_1_78' title="bbox 1845 3580 3416 3650">
     <span class='ocr_line' id='line_1_78' title="bbox 1845 3580 3416 3650; baseline -0.001 -12"><span class='ocrx_word' id='word_1_692' title='bbox 1845 3582 2160 3647; x_wconf 91' lang='lat' dir='ltr'><strong>Dominum,</strong></span> <span class='ocrx_word' id='word_1_693' title='bbox 2201 3596 2270 3636; x_wconf 90' lang='lat' dir='ltr'><strong>ne</strong></span> <span class='ocrx_word' id='word_1_694' title='bbox 2300 3581 2440 3636; x_wconf 90' lang='lat' dir='ltr'><strong>duos</strong></span> <span class='ocrx_word' id='word_1_695' title='bbox 2489 3581 2742 3637; x_wconf 90' lang='lat' dir='ltr'><strong>dominos</strong></span> <span class='ocrx_word' id='word_1_696' title='bbox 2775 3581 3157 3650; x_wconf 87' lang='lat' dir='ltr'><strong>opinarentur.</strong></span> <span class='ocrx_word' id='word_1_697' title='bbox 3190 3580 3245 3636; x_wconf 90' lang='lat' dir='ltr'><strong>Si</strong></span> <span class='ocrx_word' id='word_1_698' title='bbox 3269 3582 3416 3636; x_wconf 88' lang='lat' dir='ltr'><strong>enim</strong></span> 
     </span>
    </p>
   </div>
   <div class='ocr_carea' id='block_1_79' title="bbox 1845 3675 3420 3740">
    <p class='ocr_par' dir='ltr' id='par_1_79' title="bbox 1845 3675 3420 3740">
     <span class='ocr_line' id='line_1_79' title="bbox 1845 3675 3420 3740; baseline -0.001 -11"><span class='ocrx_word' id='word_1_699' title='bbox 1845 3675 2076 3730; x_wconf 82' lang='lat' dir='ltr'><strong>dixisset</strong></span> <span class='ocrx_word' id='word_1_700' title='bbox 2097 3676 2270 3730; x_wconf 90' lang='lat' dir='ltr'><strong>Deum</strong></span> <span class='ocrx_word' id='word_1_701' title='bbox 2301 3682 2356 3730; x_wconf 91' lang='lat' dir='ltr'><strong>et</strong></span> <span class='ocrx_word' id='word_1_702' title='bbox 2383 3675 2580 3740; x_wconf 92' lang='lat' dir='ltr'><strong>Deum,</strong></span> <span class='ocrx_word' id='word_1_703' title='bbox 2605 3675 2815 3729; x_wconf 84' lang='lat' dir='ltr'><strong>variam</strong></span> <span class='ocrx_word' id='word_1_704' title='bbox 2839 3684 2991 3730; x_wconf 89' lang='lat' dir='ltr'><strong>certe</strong></span> <span class='ocrx_word' id='word_1_705' title='bbox 3014 3675 3420 3730; x_wconf 81' lang='lat' dir='ltr'><strong>existimassem</strong></span> 
     </span>
    </p>
   </div>
   <div class='ocr_carea' id='block_1_80' title="bbox 1843 3765 3422 3837">
    <p class='ocr_par' dir='ltr' id='par_1_80' title="bbox 1843 3765 3422 3837">
     <span class='ocr_line' id='line_1_80' title="bbox 1843 3765 3422 3837; baseline 0.001 -15"><span class='ocrx_word' id='word_1_706' title='bbox 1843 3765 2018 3822; x_wconf 61' lang='grc' dir='ltr'><strong>ϐιωσί</strong></span> <span class='ocrx_word' id='word_1_707' title='bbox 2063 3766 2408 3822; x_wconf 85' lang='lat' dir='ltr'><strong>divinitatem</strong></span> <span class='ocrx_word' id='word_1_708' title='bbox 2442 3766 2514 3822; x_wconf 81' lang='lat' dir='ltr'><strong>ob</strong></span> <span class='ocrx_word' id='word_1_709' title='bbox 2542 3782 2697 3821; x_wconf 90' lang='lat' dir='ltr'><strong>suam</strong></span> <span class='ocrx_word' id='word_1_710' title='bbox 2728 3767 3081 3837; x_wconf 90' lang='lat' dir='ltr'><strong>imperitiam,</strong></span> <span class='ocrx_word' id='word_1_711' title='bbox 3111 3777 3206 3823; x_wconf 89' lang='lat' dir='ltr'><strong>aut</strong></span> <span class='ocrx_word' id='word_1_712' title='bbox 3240 3768 3287 3823; x_wconf 91' lang='lat' dir='ltr'><strong>si</strong></span> <span class='ocrx_word' id='word_1_713' title='bbox 3313 3768 3422 3823; x_wconf 88' lang='lat' dir='ltr'><strong>Do-</strong></span> 
     </span>
    </p>
   </div>
   <div class='ocr_carea' id='block_1_81' title="bbox 1847 3856 3419 3921">
    <p class='ocr_par' dir='ltr' id='par_1_81' title="bbox 1847 3856 3419 3921">
     <span class='ocr_line' id='line_1_81' title="bbox 1847 3856 3419 3921; baseline 0.001 -11"><span class='ocrx_word' id='word_1_714' title='bbox 1847 3857 2058 3911; x_wconf 90' lang='lat' dir='ltr'><strong>minum</strong></span> <span class='ocrx_word' id='word_1_715' title='bbox 2079 3865 2134 3911; x_wconf 87' lang='lat' dir='ltr'><strong>et</strong></span> <span class='ocrx_word' id='word_1_716' title='bbox 2155 3857 2448 3912; x_wconf 89' lang='lat' dir='ltr'><strong>Dominum</strong></span> <span class='ocrx_word' id='word_1_717' title='bbox 2475 3856 2725 3921; x_wconf 79' lang='lat' dir='ltr'><strong>dixisset,</strong></span> <span class='ocrx_word' id='word_1_718' title='bbox 2751 3858 2957 3912; x_wconf 83' lang='lat' dir='ltr'><strong>variam</strong></span> <span class='ocrx_word' id='word_1_719' title='bbox 2985 3857 3419 3913; x_wconf 89' lang='lat' dir='ltr'><strong>dominationem</strong></span> 
     </span>
    </p>
   </div>
   <div class='ocr_carea' id='block_1_82' title="bbox 1844 3946 3423 4017">
    <p class='ocr_par' dir='ltr' id='par_1_82' title="bbox 1844 3946 3423 4017">
     <span class='ocr_line' id='line_1_82' title="bbox 1844 3946 3423 4017; baseline 0.003 -16"><span class='ocrx_word' id='word_1_720' title='bbox 1844 3947 2055 4017; x_wconf 85' lang='lat' dir='ltr'><strong>opinati</strong></span> <span class='ocrx_word' id='word_1_721' title='bbox 2090 3946 2342 4002; x_wconf 79' lang='lat' dir='ltr'><strong>fuissent.</strong></span> <span class='ocrx_word' id='word_1_722' title='bbox 2385 3947 2512 4002; x_wconf 66' lang='lat' dir='ltr'><strong>Haec</strong></span> <span class='ocrx_word' id='word_1_723' title='bbox 2547 3947 2731 4016; x_wconf 89' lang='lat' dir='ltr'><strong>itaque</strong></span> <span class='ocrx_word' id='word_1_724' title='bbox 2773 3963 2937 4002; x_wconf 89' lang='lat' dir='ltr'><strong>causa</strong></span> <span class='ocrx_word' id='word_1_725' title='bbox 2983 3957 3101 4003; x_wconf 88' lang='lat' dir='ltr'><strong>erat</strong></span> <span class='ocrx_word' id='word_1_726' title='bbox 3133 3964 3234 4003; x_wconf 90' lang='lat' dir='ltr'><strong>cur</strong></span> <span class='ocrx_word' id='word_1_727' title='bbox 3272 3965 3423 4005; x_wconf 89' lang='lat' dir='ltr'><strong>nunc</strong></span> 
     </span>
    </p>
   </div>
   <div class='ocr_carea' id='block_1_83' title="bbox 1846 4038 3422 4103">
    <p class='ocr_par' dir='ltr' id='par_1_83' title="bbox 1846 4038 3422 4103">
     <span class='ocr_line' id='line_1_83' title="bbox 1846 4038 3422 4103; baseline 0.001 -8"><span class='ocrx_word' id='word_1_728' title='bbox 1846 4041 2018 4095; x_wconf 88' lang='lat' dir='ltr'><strong>Deum</strong></span> <span class='ocrx_word' id='word_1_729' title='bbox 2070 4040 2287 4094; x_wconf 90' lang='lat' dir='ltr'><strong>Patrem</strong></span> <span class='ocrx_word' id='word_1_730' title='bbox 2333 4038 2544 4094; x_wconf 87' lang='lat' dir='ltr'><strong>diceret</strong></span> <span class='ocrx_word' id='word_1_731' title='bbox 2593 4048 2648 4094; x_wconf 92' lang='lat' dir='ltr'><strong>et</strong></span> <span class='ocrx_word' id='word_1_732' title='bbox 2699 4040 2991 4094; x_wconf 90' lang='lat' dir='ltr'><strong>Dominum</strong></span> <span class='ocrx_word' id='word_1_733' title='bbox 3041 4041 3263 4103; x_wconf 88' lang='lat' dir='ltr'><strong>Filium,</strong></span> <span class='ocrx_word' id='word_1_734' title='bbox 3300 4051 3422 4096; x_wconf 88' lang='lat' dir='ltr'><strong>erat</strong></span> 
     </span>
    </p>
   </div>
   <div class='ocr_carea' id='block_1_84' title="bbox 1845 4130 3421 4204">
    <p class='ocr_par' dir='ltr' id='par_1_84' title="bbox 1845 4130 3421 4204">
     <span class='ocr_line' id='line_1_84' title="bbox 1845 4130 3421 4204; baseline 0.001 -19"><span class='ocrx_word' id='word_1_735' title='bbox 1845 4131 1993 4186; x_wconf 90' lang='lat' dir='ltr'><strong>enim</strong></span> <span class='ocrx_word' id='word_1_736' title='bbox 2024 4130 2312 4200; x_wconf 78' lang='lat' dir='ltr'><strong>professus</strong></span> <span class='ocrx_word' id='word_1_737' title='bbox 2337 4145 2506 4184; x_wconf 89' lang='lat' dir='ltr'><strong>unum</strong></span> <span class='ocrx_word' id='word_1_738' title='bbox 2539 4130 2685 4200; x_wconf 91' lang='lat' dir='ltr'><strong>apud</strong></span> <span class='ocrx_word' id='word_1_739' title='bbox 2709 4145 2814 4186; x_wconf 89' lang='lat' dir='ltr'><strong>nos</strong></span> <span class='ocrx_word' id='word_1_740' title='bbox 2841 4146 2960 4186; x_wconf 88' lang='lat' dir='ltr'><strong>esse</strong></span> <span class='ocrx_word' id='word_1_741' title='bbox 2992 4131 3186 4188; x_wconf 90' lang='lat' dir='ltr'><strong>Deum.</strong></span> <span class='ocrx_word' id='word_1_742' title='bbox 3214 4131 3268 4186; x_wconf 92' lang='lat' dir='ltr'><strong>Si</strong></span> <span class='ocrx_word' id='word_1_743' title='bbox 3291 4147 3421 4204; x_wconf 75' lang='lat' dir='ltr'><strong>ergo</strong></span> 
     </span>
    </p>
   </div>
   <div class='ocr_carea' id='block_1_85' title="bbox 1847 4221 3421 4278">
    <p class='ocr_par' dir='ltr' id='par_1_85' title="bbox 1847 4221 3421 4278">
     <span class='ocr_line' id='line_1_85' title="bbox 1847 4221 3421 4278; baseline 0.001 -1"><span class='ocrx_word' id='word_1_744' title='bbox 1847 4223 2076 4278; x_wconf 78' lang='lat' dir='ltr'><strong>dixisset</strong></span> <span class='ocrx_word' id='word_1_745' title='bbox 2105 4232 2162 4277; x_wconf 92' lang='lat' dir='ltr'><strong>et</strong></span> <span class='ocrx_word' id='word_1_746' title='bbox 2189 4222 2408 4278; x_wconf 88' lang='lat' dir='ltr'><strong>Patrem</strong></span> <span class='ocrx_word' id='word_1_747' title='bbox 2440 4230 2496 4276; x_wconf 91' lang='lat' dir='ltr'><strong>et</strong></span> <span class='ocrx_word' id='word_1_748' title='bbox 2526 4221 2726 4276; x_wconf 87' lang='lat' dir='ltr'><strong>Filium</strong></span> <span class='ocrx_word' id='word_1_749' title='bbox 2757 4221 2930 4277; x_wconf 89' lang='lat' dir='ltr'><strong>Deum</strong></span> <span class='ocrx_word' id='word_1_750' title='bbox 2963 4237 3084 4278; x_wconf 91' lang='lat' dir='ltr'><strong>esse</strong></span> <span class='ocrx_word' id='word_1_751' title='bbox 3117 4222 3203 4278; x_wconf 87' lang='lat' dir='ltr'><strong>vel</strong></span> <span class='ocrx_word' id='word_1_752' title='bbox 3233 4223 3421 4278; x_wconf 88' lang='lat' dir='ltr'><strong>Domi-</strong></span> 
     </span>
    </p>
   </div>
   <div class='ocr_carea' id='block_1_86' title="bbox 1847 4313 3422 4385">
    <p class='ocr_par' dir='ltr' id='par_1_86' title="bbox 1847 4313 3422 4385">
     <span class='ocr_line' id='line_1_86' title="bbox 1847 4313 3422 4385; baseline 0 -15"><span class='ocrx_word' id='word_1_753' title='bbox 1847 4329 2004 4382; x_wconf 89' lang='lat' dir='ltr'><strong>num,</strong></span> <span class='ocrx_word' id='word_1_754' title='bbox 2049 4330 2272 4369; x_wconf 84' lang='lat' dir='ltr'><strong>rursum</strong></span> <span class='ocrx_word' id='word_1_755' title='bbox 2312 4313 2658 4370; x_wconf 85' lang='lat' dir='ltr'><strong>inveniretur</strong></span> <span class='ocrx_word' id='word_1_756' title='bbox 2697 4329 2766 4370; x_wconf 83' lang='lat' dir='ltr'><strong>ex</strong></span> <span class='ocrx_word' id='word_1_757' title='bbox 2806 4329 2904 4370; x_wconf 87' lang='lat' dir='ltr'><strong>sua</strong></span> <span class='ocrx_word' id='word_1_758' title='bbox 2932 4313 3156 4384; x_wconf 90' lang='lat' dir='ltr'><strong>quidem</strong></span> <span class='ocrx_word' id='word_1_759' title='bbox 3205 4314 3422 4385; x_wconf 85' lang='lat' dir='ltr'><strong>profes-</strong></span> 
     </span>
    </p>
   </div>
   <div class='ocr_carea' id='block_1_87' title="bbox 1849 4406 3424 4473">
    <p class='ocr_par' dir='ltr' id='par_1_87' title="bbox 1849 4406 3424 4473">
     <span class='ocr_line' id='line_1_87' title="bbox 1849 4406 3424 4473; baseline 0 -12"><span class='ocrx_word' id='word_1_760' title='bbox 1849 4407 2006 4462; x_wconf 86' lang='lat' dir='ltr'><strong>sione</strong></span> <span class='ocrx_word' id='word_1_761' title='bbox 2048 4406 2253 4462; x_wconf 82' lang='lat' dir='ltr'><strong>Graecis</strong></span> <span class='ocrx_word' id='word_1_762' title='bbox 2291 4407 2629 4473; x_wconf 87' lang='lat' dir='ltr'><strong>contrarius,</strong></span> <span class='ocrx_word' id='word_1_763' title='bbox 2676 4418 2733 4463; x_wconf 89' lang='lat' dir='ltr'><strong>et</strong></span> <span class='ocrx_word' id='word_1_764' title='bbox 2765 4415 2946 4462; x_wconf 89' lang='lat' dir='ltr'><strong>tamen</strong></span> <span class='ocrx_word' id='word_1_765' title='bbox 2975 4407 3182 4462; x_wconf 89' lang='lat' dir='ltr'><strong>variam</strong></span> <span class='ocrx_word' id='word_1_766' title='bbox 3217 4406 3424 4461; x_wconf 84' lang='lat' dir='ltr'><strong>divini-</strong></span> 
     </span>
    </p>
   </div>
   <div class='ocr_carea' id='block_1_88' title="bbox 188 4471 1735 4570">
    <p class='ocr_par' dir='ltr' id='par_1_88' title="bbox 188 4471 1735 4570">
     <span class='ocr_line' id='line_1_88' title="bbox 188 4471 1735 4570; baseline 0.01 -48"><span class='ocrx_word' id='word_1_767' title='bbox 188 4471 270 4570; x_wconf 65' lang='lat' dir='ltr'><strong>lii;</strong></span> <span class='ocrx_word' id='word_1_768' title='bbox 298 4474 451 4527; x_wconf 77' lang='lat' dir='ltr'><strong>a6r6v</strong></span> <span class='ocrx_word' id='word_1_769' title='bbox 480 4477 647 4546; x_wconf 78' lang='grc' dir='ltr'>ἐσμεν</span> <span class='ocrx_word' id='word_1_770' title='bbox 677 4478 997 4547; x_wconf 66' lang='grc' dir='ltr'>ἠρτημένοι.</span> <span class='ocrx_word' id='word_1_771' title='bbox 1029 4497 1048 4530; x_wconf 76' lang='grc' dir='ltr'><strong>ι</strong></span> <span class='ocrx_word' id='word_1_772' title='bbox 1079 4479 1187 4532; x_wconf 74' lang='grc' dir='ltr'><strong>Καὶ</strong></span> <span class='ocrx_word' id='word_1_773' title='bbox 1215 4477 1294 4542; x_wconf 75' lang='grc' dir='ltr'><strong>εἷς</strong></span> <span class='ocrx_word' id='word_1_774' title='bbox 1314 4481 1532 4552; x_wconf 82' lang='grc' dir='ltr'>Κύριος.</span> <span class='ocrx_word' id='word_1_775' title='bbox 1566 4501 1585 4534; x_wconf 75' lang='grc' dir='ltr'><strong>ι</strong></span> <span class='ocrx_word' id='word_1_776' title='bbox 1616 4485 1735 4538; x_wconf 77' lang='grc' dir='ltr'><strong>’Λλ-</strong></span> 
     </span>
    </p>
   </div>
   <div class='ocr_carea' id='block_1_89' title="bbox 1839 4471 3424 4570">
    <p class='ocr_par' dir='ltr' id='par_1_89' title="bbox 1851 4498 3424 4570">
     <span class='ocr_line' id='line_1_89' title="bbox 1851 4498 3424 4570; baseline 0.001 -17"><span class='ocrx_word' id='word_1_777' title='bbox 1851 4507 2018 4554; x_wconf 90' lang='lat' dir='ltr'><strong>tatcm</strong></span> <span class='ocrx_word' id='word_1_778' title='bbox 2053 4512 2118 4554; x_wconf 90' lang='lat' dir='ltr'><strong>ac</strong></span> <span class='ocrx_word' id='word_1_779' title='bbox 2158 4498 2591 4554; x_wconf 88' lang='lat' dir='ltr'><strong>dominationem</strong></span> <span class='ocrx_word' id='word_1_780' title='bbox 2633 4511 2968 4570; x_wconf 84' lang='lat' dir='ltr'><strong>apparenter</strong></span> <span class='ocrx_word' id='word_1_781' title='bbox 3012 4499 3300 4554; x_wconf 89' lang='lat' dir='ltr'><strong>inducere.</strong></span> <span class='ocrx_word' id='word_1_782' title='bbox 3337 4498 3424 4554; x_wconf 86' lang='lat' dir='ltr'><strong>Id-</strong></span> 
     </span>
    </p>
   </div>
   <div class='ocr_carea' id='block_1_90' title="bbox 188 4559 1735 4657">
    <p class='ocr_par' dir='ltr' id='par_1_90' title="bbox 188 4560 1735 4639">
     <span class='ocr_line' id='line_1_90' title="bbox 188 4560 1735 4639; baseline 0.01 -26"><span class='ocrx_word' id='word_1_783' title='bbox 188 4560 266 4626; x_wconf 77' lang='grc' dir='ltr'>λος</span> <span class='ocrx_word' id='word_1_784' title='bbox 281 4566 307 4616; x_wconf 87' lang='lat'><strong>6</strong></span> <span class='ocrx_word' id='word_1_785' title='bbox 326 4567 526 4639; x_wconf 82' lang='grc' dir='ltr'><strong>Πατήρ.</strong></span> <span class='ocrx_word' id='word_1_786' title='bbox 547 4569 647 4621; x_wconf 73' lang='grc' dir='ltr'>Διὰ</span> <span class='ocrx_word' id='word_1_787' title='bbox 662 4569 922 4623; x_wconf 77' lang='grc' dir='ltr'>τοῦτοκαὶ</span> <span class='ocrx_word' id='word_1_788' title='bbox 943 4573 1033 4623; x_wconf 78' lang='grc' dir='ltr'><strong>ἐπὶ</strong></span> <span class='ocrx_word' id='word_1_789' title='bbox 1053 4571 1216 4625; x_wconf 79' lang='grc' dir='ltr'>αὑτοῦ</span> <span class='ocrx_word' id='word_1_790' title='bbox 1242 4573 1322 4638; x_wconf 90' lang='grc' dir='ltr'><strong>τὸ,</strong></span> <span class='ocrx_word' id='word_1_791' title='bbox 1337 4594 1354 4628; x_wconf 77' lang='grc' dir='ltr'><strong>ι</strong></span> <span class='ocrx_word' id='word_1_792' title='bbox 1375 4571 1735 4639; x_wconf 36' lang='lat' dir='ltr'><strong>Eiet—(Kal</strong></span> 
     </span>
    </p>
   </div>
   <div class='ocr_carea' id='block_1_91' title="bbox 1839 4559 3424 4657">
    <p class='ocr_par' dir='ltr' id='par_1_91' title="bbox 1854 4591 3424 4657">
     <span class='ocr_line' id='line_1_91' title="bbox 1854 4591 3424 4657; baseline 0 -11"><span class='ocrx_word' id='word_1_793' title='bbox 1854 4593 2003 4647; x_wconf 91' lang='lat' dir='ltr'><strong>circo</strong></span> <span class='ocrx_word' id='word_1_794' title='bbox 2041 4607 2166 4647; x_wconf 86' lang='lat' dir='ltr'><strong>eum</strong></span> <span class='ocrx_word' id='word_1_795' title='bbox 2194 4592 2369 4647; x_wconf 85' lang='lat' dir='ltr'><strong>Deum</strong></span> <span class='ocrx_word' id='word_1_796' title='bbox 2400 4592 2628 4649; x_wconf 87' lang='lat' dir='ltr'><strong>dixisset</strong></span> <span class='ocrx_word' id='word_1_797' title='bbox 2669 4592 2906 4657; x_wconf 89' lang='lat' dir='ltr'><strong>Patrem,</strong></span> <span class='ocrx_word' id='word_1_798' title='bbox 2954 4593 3245 4647; x_wconf 91' lang='lat' dir='ltr'><strong>Dominum</strong></span> <span class='ocrx_word' id='word_1_799' title='bbox 3285 4591 3424 4646; x_wconf 83' lang='lat' dir='ltr'><strong>dixit</strong></span> 
     </span>
    </p>
   </div>
   <div class='ocr_carea' id='block_1_92' title="bbox 191 4651 1746 4743">
    <p class='ocr_par' dir='ltr' id='par_1_92' title="bbox 191 4651 1746 4743">
     <span class='ocr_line' id='line_1_92' title="bbox 191 4651 1746 4743; baseline 0.012 -36"><span class='ocrx_word' id='word_1_800' title='bbox 191 4651 334 4723; x_wconf 64' lang='grc' dir='ltr'><strong>ἧμεῖς</strong></span> <span class='ocrx_word' id='word_1_801' title='bbox 361 4659 427 4712; x_wconf 83' lang='grc' dir='ltr'><strong>δι’</strong></span> <span class='ocrx_word' id='word_1_802' title='bbox 465 4661 655 4715; x_wconf 81' lang='grc' dir='ltr'><strong>αὑτοῦ.</strong></span> <span class='ocrx_word' id='word_1_803' title='bbox 679 4680 697 4714; x_wconf 80' lang='grc' dir='ltr'><strong>ι</strong></span> <span class='ocrx_word' id='word_1_804' title='bbox 723 4661 904 4732; x_wconf 84' lang='grc' dir='ltr'>Διπλῷ</span> <span class='ocrx_word' id='word_1_805' title='bbox 933 4661 1109 4734; x_wconf 83' lang='grc' dir='ltr'>λόγῳ,</span> <span class='ocrx_word' id='word_1_806' title='bbox 1140 4664 1219 4735; x_wconf 80' lang='grc' dir='ltr'>τῷ</span> <span class='ocrx_word' id='word_1_807' title='bbox 1247 4681 1306 4718; x_wconf 89' lang='grc' dir='ltr'>τε</span> <span class='ocrx_word' id='word_1_808' title='bbox 1336 4668 1400 4720; x_wconf 82' lang='grc' dir='ltr'><strong>ὲκ</strong></span> <span class='ocrx_word' id='word_1_809' title='bbox 1427 4667 1522 4722; x_wconf 82' lang='grc' dir='ltr'><strong>τοῦ</strong></span> <span class='ocrx_word' id='word_1_810' title='bbox 1554 4670 1630 4743; x_wconf 78' lang='grc' dir='ltr'>μὴ</span> <span class='ocrx_word' id='word_1_811' title='bbox 1655 4671 1746 4724; x_wconf 82' lang='lat' dir='ltr'><strong>6v-</strong></span> 
     </span>
    </p>
   </div>
   <div class='ocr_carea' id='block_1_93' title="bbox 191 4750 1746 4833">
    <p class='ocr_par' dir='ltr' id='par_1_93' title="bbox 191 4750 1746 4833">
     <span class='ocr_line' id='line_1_93' title="bbox 191 4750 1746 4833; baseline 0.011 -33"><span class='ocrx_word' id='word_1_812' title='bbox 191 4762 266 4809; x_wconf 82' lang='grc' dir='ltr'>τος</span> <span class='ocrx_word' id='word_1_813' title='bbox 301 4753 375 4813; x_wconf 79' lang='grc' dir='ltr'>είς</span> <span class='ocrx_word' id='word_1_814' title='bbox 408 4752 466 4805; x_wconf 85' lang='grc' dir='ltr'>τὸ</span> <span class='ocrx_word' id='word_1_815' title='bbox 506 4750 648 4806; x_wconf 76' lang='grc' dir='ltr'>εἶναι</span> <span class='ocrx_word' id='word_1_816' title='bbox 689 4754 892 4818; x_wconf 74' lang='grc' dir='ltr'>ἐλθεῖν,</span> <span class='ocrx_word' id='word_1_817' title='bbox 931 4755 1028 4808; x_wconf 68' lang='grc' dir='ltr'>καὶ</span> <span class='ocrx_word' id='word_1_818' title='bbox 1060 4754 1140 4826; x_wconf 84' lang='grc' dir='ltr'>τῷ</span> <span class='ocrx_word' id='word_1_819' title='bbox 1184 4757 1368 4828; x_wconf 79' lang='grc' dir='ltr'><strong>ἐκτῆς</strong></span> <span class='ocrx_word' id='word_1_820' title='bbox 1405 4759 1636 4833; x_wconf 84' lang='grc' dir='ltr'>πλάνης,</span> <span class='ocrx_word' id='word_1_821' title='bbox 1666 4767 1746 4828; x_wconf 75' lang='grc' dir='ltr'>είς</span> 
     </span>
    </p>
   </div>
   <div class='ocr_carea' id='block_1_94' title="bbox 193 4835 1744 4916">
    <p class='ocr_par' dir='ltr' id='par_1_94' title="bbox 193 4835 1744 4916">
     <span class='ocr_line' id='line_1_94' title="bbox 193 4835 1744 4916; baseline 0.014 -27"><span class='ocrx_word' id='word_1_822' title='bbox 193 4835 272 4908; x_wconf 70' lang='grc' dir='ltr'><strong>τήν</strong></span> <span class='ocrx_word' id='word_1_823' title='bbox 296 4842 544 4913; x_wconf 74' lang='grc' dir='ltr'>ἀλήθειαν</span> <span class='ocrx_word' id='word_1_824' title='bbox 570 4845 896 4916; x_wconf 74' lang='grc' dir='ltr'>ἐπιστρέψαι</span> <span class='ocrx_word' id='word_1_825' title='bbox 917 4845 983 4898; x_wconf 80' lang='grc' dir='ltr'><strong>δι’</strong></span> <span class='ocrx_word' id='word_1_826' title='bbox 1011 4845 1198 4900; x_wconf 79' lang='grc' dir='ltr'><strong>αὑτοῦ.</strong></span> <span class='ocrx_word' id='word_1_827' title='bbox 1227 4866 1245 4900; x_wconf 75' lang='grc' dir='ltr'><strong>ι</strong></span> <span class='ocrx_word' id='word_1_828' title='bbox 1269 4849 1409 4904; x_wconf 81' lang='grc' dir='ltr'>Ἀλλ’</span> <span class='ocrx_word' id='word_1_829' title='bbox 1426 4853 1527 4907; x_wconf 78' lang='grc' dir='ltr'>οὐκ</span> <span class='ocrx_word' id='word_1_830' title='bbox 1555 4857 1612 4909; x_wconf 82' lang='grc' dir='ltr'>ὲν</span> <span class='ocrx_word' id='word_1_831' title='bbox 1636 4859 1744 4910; x_wconf 77' lang='grc' dir='ltr'><strong>πᾶ-</strong></span> 
     </span>
    </p>
   </div>
   <div class='ocr_carea' id='block_1_95' title="bbox 195 4933 1744 5013">
    <p class='ocr_par' dir='ltr' id='par_1_95' title="bbox 195 4933 1744 5013">
     <span class='ocr_line' id='line_1_95' title="bbox 195 4933 1744 5013; baseline 0.014 -32"><span class='ocrx_word' id='word_1_832' title='bbox 195 4940 263 4982; x_wconf 86' lang='grc' dir='ltr'><strong>σιν</strong></span> <span class='ocrx_word' id='word_1_833' title='bbox 285 4933 317 5003; x_wconf 73' lang='grc' dir='ltr'><strong>ἡ</strong></span> <span class='ocrx_word' id='word_1_834' title='bbox 343 4935 556 5001; x_wconf 85' lang='grc' dir='ltr'>γνῶσις.</span> <span class='ocrx_word' id='word_1_835' title='bbox 589 4955 607 4988; x_wconf 71' lang='grc' dir='ltr'><strong>ι</strong></span> <span class='ocrx_word' id='word_1_836' title='bbox 637 4937 710 4989; x_wconf 80' lang='grc' dir='ltr'><strong>Οὐ</strong></span> <span class='ocrx_word' id='word_1_837' title='bbox 739 4938 960 5002; x_wconf 81' lang='grc' dir='ltr'>πάντες,</span> <span class='ocrx_word' id='word_1_838' title='bbox 989 4940 1176 5008; x_wconf 73' lang='grc' dir='ltr'>φησὶν,</span> <span class='ocrx_word' id='word_1_839' title='bbox 1205 4941 1384 4996; x_wconf 84' lang='grc' dir='ltr'>ῐσασιν</span> <span class='ocrx_word' id='word_1_840' title='bbox 1410 4944 1492 4998; x_wconf 85' lang='grc' dir='ltr'>ὅτι</span> <span class='ocrx_word' id='word_1_841' title='bbox 1517 4940 1596 5011; x_wconf 80' lang='grc' dir='ltr'><strong>εἷς</strong></span> <span class='ocrx_word' id='word_1_842' title='bbox 1611 4946 1744 5013; x_wconf 82' lang='grc' dir='ltr'>Θεός</span> 
     </span>
    </p>
   </div>
   <div class='ocr_carea' id='block_1_96' title="bbox 195 5019 1743 5102">
    <p class='ocr_par' dir='ltr' id='par_1_96' title="bbox 195 5019 1743 5102">
     <span class='ocr_line' id='line_1_96' title="bbox 195 5019 1743 5102; baseline 0.014 -31"><span class='ocrx_word' id='word_1_843' title='bbox 195 5019 313 5088; x_wconf 61' lang='grc' dir='ltr'>ἐστι,</span> <span class='ocrx_word' id='word_1_844' title='bbox 335 5030 423 5080; x_wconf 74' lang='grc' dir='ltr'>καὶ</span> <span class='ocrx_word' id='word_1_845' title='bbox 451 5023 529 5091; x_wconf 75' lang='grc' dir='ltr'><strong>εἷς</strong></span> <span class='ocrx_word' id='word_1_846' title='bbox 556 5029 778 5100; x_wconf 81' lang='grc' dir='ltr'>Κύριος,</span> <span class='ocrx_word' id='word_1_847' title='bbox 801 5030 894 5082; x_wconf 73' lang='grc' dir='ltr'>καὶ</span> <span class='ocrx_word' id='word_1_848' title='bbox 920 5028 978 5082; x_wconf 83' lang='grc' dir='ltr'>οὐ</span> <span class='ocrx_word' id='word_1_849' title='bbox 1009 5029 1210 5083; x_wconf 81' lang='grc' dir='ltr'>πολλοί.</span> <span class='ocrx_word' id='word_1_850' title='bbox 1234 5032 1368 5086; x_wconf 81' lang='grc' dir='ltr'><strong>Οὐδὲ</strong></span> <span class='ocrx_word' id='word_1_851' title='bbox 1399 5036 1596 5102; x_wconf 87' lang='grc' dir='ltr'>πάντες</span> <span class='ocrx_word' id='word_1_852' title='bbox 1627 5039 1743 5092; x_wconf 81' lang='grc' dir='ltr'>ῐσα-</span> 
     </span>
    </p>
   </div>
   <div class='ocr_carea' id='block_1_97' title="bbox 193 5116 1008 5176">
    <p class='ocr_par' dir='ltr' id='par_1_97' title="bbox 193 5116 1008 5176">
     <span class='ocr_line' id='line_1_97' title="bbox 193 5116 1008 5176; baseline 0.009 -11"><span class='ocrx_word' id='word_1_853' title='bbox 193 5127 262 5164; x_wconf 78' lang='grc' dir='ltr'>σῑν</span> <span class='ocrx_word' id='word_1_854' title='bbox 286 5116 362 5170; x_wconf 83' lang='grc' dir='ltr'><strong>ὅτι</strong></span> <span class='ocrx_word' id='word_1_855' title='bbox 387 5119 454 5172; x_wconf 78' lang='grc' dir='ltr'>τὰ</span> <span class='ocrx_word' id='word_1_856' title='bbox 480 5121 670 5173; x_wconf 80' lang='grc' dir='ltr'>εἴδωλα</span> <span class='ocrx_word' id='word_1_857' title='bbox 700 5120 851 5176; x_wconf 79' lang='grc' dir='ltr'>οὐδέν</span> <span class='ocrx_word' id='word_1_858' title='bbox 881 5122 1008 5173; x_wconf 88' lang='grc' dir='ltr'>εἱσι.</span> 
     </span>
    </p>
   </div>
   <div class='ocr_carea' id='block_1_98' title="bbox 189 5199 222 5250">
    <p class='ocr_par' dir='ltr' id='par_1_98' title="bbox 189 5199 222 5250">
     <span class='ocr_line' id='line_1_98' title="bbox 189 5199 222 5250; baseline 0 -36"><span class='ocrx_word' id='word_1_859' title='bbox 189 5199 222 5250; x_wconf 55' lang='grc' dir='ltr'>ρ</span> 
     </span>
    </p>
   </div>
   <div class='ocr_carea' id='block_1_99' title="bbox 1855 4680 3423 4746">
    <p class='ocr_par' dir='ltr' id='par_1_99' title="bbox 1855 4680 3423 4746">
     <span class='ocr_line' id='line_1_99' title="bbox 1855 4680 3423 4746; baseline 0.001 -11"><span class='ocrx_word' id='word_1_860' title='bbox 1855 4680 2074 4746; x_wconf 90' lang='lat' dir='ltr'><strong>Filium,</strong></span> <span class='ocrx_word' id='word_1_861' title='bbox 2101 4681 2168 4736; x_wconf 88' lang='lat' dir='ltr'><strong>ad</strong></span> <span class='ocrx_word' id='word_1_862' title='bbox 2200 4681 2486 4737; x_wconf 80' lang='lat' dir='ltr'><strong>infantiam</strong></span> <span class='ocrx_word' id='word_1_863' title='bbox 2517 4698 2638 4739; x_wconf 89' lang='lat' dir='ltr'><strong>sese</strong></span> <span class='ocrx_word' id='word_1_864' title='bbox 2665 4683 2952 4738; x_wconf 89' lang='lat' dir='ltr'><strong>dimittens</strong></span> <span class='ocrx_word' id='word_1_865' title='bbox 2974 4683 3308 4740; x_wconf 51' lang='lat' dir='ltr'><strong>Graecorum.</strong></span> <span class='ocrx_word' id='word_1_866' title='bbox 3340 4681 3423 4738; x_wconf 87' lang='lat' dir='ltr'><strong>Si-</strong></span> 
     </span>
    </p>
   </div>
   <div class='ocr_carea' id='block_1_100' title="bbox 1854 4773 3421 4846">
    <p class='ocr_par' dir='ltr' id='par_1_100' title="bbox 1854 4773 3421 4846">
     <span class='ocr_line' id='line_1_100' title="bbox 1854 4773 3421 4846; baseline 0.001 -18"><span class='ocrx_word' id='word_1_867' title='bbox 1854 4773 2077 4843; x_wconf 90' lang='lat' dir='ltr'><strong>quidem</strong></span> <span class='ocrx_word' id='word_1_868' title='bbox 2107 4773 2549 4830; x_wconf 88' lang='lat' dir='ltr'><strong>demonstratum</strong></span> <span class='ocrx_word' id='word_1_869' title='bbox 2589 4785 2674 4831; x_wconf 89' lang='lat' dir='ltr'><strong>est</strong></span> <span class='ocrx_word' id='word_1_870' title='bbox 2721 4775 3063 4845; x_wconf 89' lang='lat' dir='ltr'><strong>Scripturam</strong></span> <span class='ocrx_word' id='word_1_871' title='bbox 3105 4775 3421 4846; x_wconf 83' lang='lat' dir='ltr'><strong>hujusmodi</strong></span> 
     </span>
    </p>
   </div>
   <div class='ocr_carea' id='block_1_101' title="bbox 1851 4864 3420 4936">
    <p class='ocr_par' dir='ltr' id='par_1_101' title="bbox 1851 4864 3420 4936">
     <span class='ocr_line' id='line_1_101' title="bbox 1851 4864 3420 4936; baseline 0.001 -17"><span class='ocrx_word' id='word_1_872' title='bbox 1851 4864 2171 4919; x_wconf 88' lang='lat' dir='ltr'><strong>nominibus</strong></span> <span class='ocrx_word' id='word_1_873' title='bbox 2212 4864 2598 4921; x_wconf 76' lang='lat' dir='ltr'><strong>inditl‘erenter</strong></span> <span class='ocrx_word' id='word_1_874' title='bbox 2631 4881 2785 4920; x_wconf 88' lang='lat' dir='ltr'><strong>usam</strong></span> <span class='ocrx_word' id='word_1_875' title='bbox 2833 4881 2974 4920; x_wconf 89' lang='lat' dir='ltr'><strong>esse.</strong></span> <span class='ocrx_word' id='word_1_876' title='bbox 3015 4884 3034 4917; x_wconf 77' lang='grc' dir='ltr'><strong>ι</strong></span> <span class='ocrx_word' id='word_1_877' title='bbox 3069 4866 3145 4920; x_wconf 85' lang='lat' dir='ltr'><strong>Ex</strong></span> <span class='ocrx_word' id='word_1_878' title='bbox 3166 4882 3274 4936; x_wconf 86' lang='lat' dir='ltr'><strong>quo</strong></span> <span class='ocrx_word' id='word_1_879' title='bbox 3299 4883 3420 4921; x_wconf 94' lang='lat' dir='ltr'><strong>om-</strong></span> 
     </span>
    </p>
   </div>
   <div class='ocr_carea' id='block_1_102' title="bbox 1851 4953 3418 5027">
    <p class='ocr_par' dir='ltr' id='par_1_102' title="bbox 1851 4953 3418 5027">
     <span class='ocr_line' id='line_1_102' title="bbox 1851 4953 3418 5027; baseline 0.003 -19"><span class='ocrx_word' id='word_1_880' title='bbox 1851 4954 1965 5008; x_wconf 88' lang='lat' dir='ltr'><strong>nia.</strong></span> <span class='ocrx_word' id='word_1_881' title='bbox 2011 4973 2030 5006; x_wconf 76' lang='grc' dir='ltr'><strong>ι</strong></span> <span class='ocrx_word' id='word_1_882' title='bbox 2076 4953 2350 5011; x_wconf 90' lang='lat' dir='ltr'><strong>Omnibus</strong></span> <span class='ocrx_word' id='word_1_883' title='bbox 2394 4956 2544 5010; x_wconf 89' lang='lat' dir='ltr'><strong>enim</strong></span> <span class='ocrx_word' id='word_1_884' title='bbox 2577 4971 2700 5026; x_wconf 76' lang='lat' dir='ltr'><strong>quae</strong></span> <span class='ocrx_word' id='word_1_885' title='bbox 2747 4965 2896 5021; x_wconf 91' lang='lat' dir='ltr'><strong>sunt,</strong></span> <span class='ocrx_word' id='word_1_886' title='bbox 2945 4957 3063 5027; x_wconf 90' lang='lat' dir='ltr'><strong>ipse</strong></span> <span class='ocrx_word' id='word_1_887' title='bbox 3107 4973 3272 5013; x_wconf 87' lang='lat' dir='ltr'><strong>causa</strong></span> <span class='ocrx_word' id='word_1_888' title='bbox 3313 4967 3418 5013; x_wconf 89' lang='lat' dir='ltr'><strong>est.</strong></span> 
     </span>
    </p>
   </div>
   <div class='ocr_carea' id='block_1_103' title="bbox 1851 5046 3422 5123">
    <p class='ocr_par' dir='ltr' id='par_1_103' title="bbox 1851 5046 3422 5123">
     <span class='ocr_line' id='line_1_103' title="bbox 1851 5046 3422 5123; baseline 0.004 -23"><span class='ocrx_word' id='word_1_889' title='bbox 1851 5046 2010 5110; x_wconf 82' lang='lat' dir='ltr'><strong>Nam,</strong></span> <span class='ocrx_word' id='word_1_890' title='bbox 2051 5065 2069 5098; x_wconf 75' lang='grc' dir='ltr'><strong>ι</strong></span> <span class='ocrx_word' id='word_1_891' title='bbox 2106 5047 2185 5102; x_wconf 84' lang='lat' dir='ltr'><strong>Ex</strong></span> <span class='ocrx_word' id='word_1_892' title='bbox 2220 5063 2330 5117; x_wconf 88' lang='lat' dir='ltr'><strong>quo</strong></span> <span class='ocrx_word' id='word_1_893' title='bbox 2365 5047 2572 5113; x_wconf 91' lang='lat' dir='ltr'><strong>omnia,</strong></span> <span class='ocrx_word' id='word_1_894' title='bbox 2622 5067 2641 5100; x_wconf 71' lang='grc' dir='ltr'><strong>ι</strong></span> <span class='ocrx_word' id='word_1_895' title='bbox 2688 5048 3023 5104; x_wconf 89' lang='lat' dir='ltr'><strong>creationem</strong></span> <span class='ocrx_word' id='word_1_896' title='bbox 3063 5051 3336 5123; x_wconf 74' lang='lat' dir='ltr'><strong>designat,</strong></span> <span class='ocrx_word' id='word_1_897' title='bbox 3365 5059 3422 5106; x_wconf 91' lang='lat' dir='ltr'><strong>et</strong></span> 
     </span>
    </p>
   </div>
   <div class='ocr_carea' id='block_1_104' title="bbox 1851 5137 3412 5198">
    <p class='ocr_par' dir='ltr' id='par_1_104' title="bbox 1851 5137 3412 5198">
     <span class='ocr_line' id='line_1_104' title="bbox 1851 5137 3412 5198; baseline 0.003 -6"><span class='ocrx_word' id='word_1_898' title='bbox 1851 5137 2238 5193; x_wconf 91' lang='lat' dir='ltr'><strong>deductionem</strong></span> <span class='ocrx_word' id='word_1_899' title='bbox 2262 5154 2292 5192; x_wconf 89' lang='lat' dir='ltr'><strong>a</strong></span> <span class='ocrx_word' id='word_1_900' title='bbox 2316 5155 2424 5194; x_wconf 90' lang='lat' dir='ltr'><strong>non</strong></span> <span class='ocrx_word' id='word_1_901' title='bbox 2451 5155 2572 5195; x_wconf 88' lang='lat' dir='ltr'><strong>esse</strong></span> <span class='ocrx_word' id='word_1_902' title='bbox 2593 5139 2660 5194; x_wconf 92' lang='lat' dir='ltr'><strong>ad</strong></span> <span class='ocrx_word' id='word_1_903' title='bbox 2682 5154 2823 5195; x_wconf 88' lang='lat' dir='ltr'><strong>esse.</strong></span> <span class='ocrx_word' id='word_1_904' title='bbox 2856 5158 2874 5191; x_wconf 81' lang='grc' dir='ltr'><strong>ι</strong></span> <span class='ocrx_word' id='word_1_905' title='bbox 2898 5141 2965 5196; x_wconf 83' lang='grc' dir='ltr'>Ει</span> <span class='ocrx_word' id='word_1_906' title='bbox 2991 5157 3092 5198; x_wconf 88' lang='lat' dir='ltr'><strong>nos</strong></span> <span class='ocrx_word' id='word_1_907' title='bbox 3108 5143 3164 5198; x_wconf 92' lang='lat' dir='ltr'><strong>in</strong></span> <span class='ocrx_word' id='word_1_908' title='bbox 3187 5142 3365 5198; x_wconf 91' lang='lat' dir='ltr'><strong>illum.</strong></span> <span class='ocrx_word' id='word_1_909' title='bbox 3392 5162 3412 5196; x_wconf 76' lang='grc' dir='ltr'><strong>ι</strong></span> 
     </span>
    </p>
   </div>
   <div class='ocr_carea' id='block_1_105' title="bbox 226 5207 3418 5304">
    <p class='ocr_par' dir='ltr' id='par_1_105' title="bbox 226 5207 3418 5304">
     <span class='ocr_line' id='line_1_105' title="bbox 226 5207 3418 5304; baseline 0.007 -39"><span class='ocrx_word' id='word_1_910' title='bbox 226 5207 323 5304; x_wconf 81' lang='lat' dir='ltr'><strong>idei</strong></span> <span class='ocrx_word' id='word_1_911' title='bbox 367 5223 569 5268; x_wconf 66' lang='lat' dir='ltr'><strong>nostrae</strong></span> <span class='ocrx_word' id='word_1_912' title='bbox 623 5229 688 5269; x_wconf 90' lang='lat' dir='ltr'><strong>ac</strong></span> <span class='ocrx_word' id='word_1_913' title='bbox 730 5215 1120 5276; x_wconf 73' lang='lat' dir='ltr'><strong>familiaritatis</strong></span> <span class='ocrx_word' id='word_1_914' title='bbox 1167 5219 1390 5276; x_wconf 87' lang='lat' dir='ltr'><strong>modum</strong></span> <span class='ocrx_word' id='word_1_915' title='bbox 1420 5223 1554 5280; x_wconf 88' lang='lat' dir='ltr'><strong>dicit</strong></span> <span class='ocrx_word' id='word_1_916' title='bbox 1583 5245 1596 5281; x_wconf 89' lang='lat'><strong>:</strong></span> <span class='ocrx_word' id='word_1_917' title='bbox 1631 5227 1740 5284; x_wconf 88' lang='lat' dir='ltr'><strong>hoc</strong></span> <span class='ocrx_word' id='word_1_918' title='bbox 1776 5239 1882 5300; x_wconf 83' lang='lat' dir='ltr'><strong>est,</strong></span> <span class='ocrx_word' id='word_1_919' title='bbox 1916 5245 2018 5287; x_wconf 85' lang='lat' dir='ltr'><strong>nos</strong></span> <span class='ocrx_word' id='word_1_920' title='bbox 2054 5233 2122 5287; x_wconf 88' lang='lat' dir='ltr'><strong>ad</strong></span> <span class='ocrx_word' id='word_1_921' title='bbox 2154 5233 2333 5302; x_wconf 88' lang='lat' dir='ltr'><strong>ipsum</strong></span> <span class='ocrx_word' id='word_1_922' title='bbox 2367 5233 2670 5304; x_wconf 89' lang='lat' dir='ltr'><strong>pendemus</strong></span> <span class='ocrx_word' id='word_1_923' title='bbox 2701 5240 2758 5288; x_wconf 87' lang='lat' dir='ltr'><strong>et</strong></span> <span class='ocrx_word' id='word_1_924' title='bbox 2805 5233 2856 5288; x_wconf 91' lang='lat' dir='ltr'><strong>ei</strong></span> <span class='ocrx_word' id='word_1_925' title='bbox 2930 5234 3135 5290; x_wconf 91' lang='lat' dir='ltr'><strong>addicti</strong></span> <span class='ocrx_word' id='word_1_926' title='bbox 3205 5251 3418 5294; x_wconf 87' lang='lat' dir='ltr'><strong>sumus.</strong></span> 
     </span>
    </p>
   </div>
   <div class='ocr_carea' id='block_1_106' title="bbox 190 5302 3412 5402">
    <p class='ocr_par' dir='ltr' id='par_1_106' title="bbox 190 5302 3412 5402">
     <span class='ocr_line' id='line_1_106' title="bbox 190 5302 3412 5402; baseline 0.009 -46"><span class='ocrx_word' id='word_1_927' title='bbox 190 5313 214 5402; x_wconf 45' lang='grc' dir='ltr'>ἒ</span> <span class='ocrx_word' id='word_1_928' title='bbox 240 5302 306 5402; x_wconf 82' lang='lat' dir='ltr'><strong>Et</strong></span> <span class='ocrx_word' id='word_1_929' title='bbox 318 5321 470 5402; x_wconf 81' lang='lat' dir='ltr'><strong>unus</strong></span> <span class='ocrx_word' id='word_1_930' title='bbox 499 5307 782 5363; x_wconf 90' lang='lat' dir='ltr'><strong>Dominus.</strong></span> <span class='ocrx_word' id='word_1_931' title='bbox 822 5329 841 5361; x_wconf 78' lang='grc' dir='ltr'><strong>ι</strong></span> <span class='ocrx_word' id='word_1_932' title='bbox 880 5311 1036 5367; x_wconf 82' lang='lat' dir='ltr'><strong>Alius</strong></span> <span class='ocrx_word' id='word_1_933' title='bbox 1058 5322 1144 5368; x_wconf 91' lang='lat' dir='ltr'><strong>est</strong></span> <span class='ocrx_word' id='word_1_934' title='bbox 1170 5314 1286 5384; x_wconf 91' lang='lat' dir='ltr'><strong>ipse</strong></span> <span class='ocrx_word' id='word_1_935' title='bbox 1315 5315 1498 5384; x_wconf 87' lang='lat' dir='ltr'><strong>Pater,</strong></span> <span class='ocrx_word' id='word_1_936' title='bbox 1524 5329 1819 5392; x_wconf 89' lang='lat' dir='ltr'><strong>propterea</strong></span> <span class='ocrx_word' id='word_1_937' title='bbox 1858 5327 2022 5381; x_wconf 89' lang='lat' dir='ltr'><strong>etiam</strong></span> <span class='ocrx_word' id='word_1_938' title='bbox 2046 5327 2267 5402; x_wconf 82' lang='lat' dir='ltr'><strong>additur</strong></span> <span class='ocrx_word' id='word_1_939' title='bbox 2333 5302 2556 5386; x_wconf 44' lang='lat' dir='ltr'><strong>c—Unus.</strong></span> <span class='ocrx_word' id='word_1_940' title='bbox 2575 5346 2593 5380; x_wconf 75' lang='grc' dir='ltr'><strong>ι</strong></span> <span class='ocrx_word' id='word_1_941' title='bbox 2618 5344 2727 5379; x_wconf 75' lang='grc' dir='ltr'>-ι</span> <span class='ocrx_word' id='word_1_942' title='bbox 2749 5327 2818 5382; x_wconf 85' lang='lat' dir='ltr'><strong>Et</strong></span> <span class='ocrx_word' id='word_1_943' title='bbox 2880 5343 2980 5382; x_wconf 87' lang='lat' dir='ltr'><strong>nos</strong></span> <span class='ocrx_word' id='word_1_944' title='bbox 3034 5344 3132 5398; x_wconf 89' lang='lat' dir='ltr'><strong>per</strong></span> <span class='ocrx_word' id='word_1_945' title='bbox 3186 5330 3364 5388; x_wconf 91' lang='lat' dir='ltr'><strong>illum.</strong></span> <span class='ocrx_word' id='word_1_946' title='bbox 3394 5353 3412 5384; x_wconf 78' lang='grc' dir='ltr'><strong>ι</strong></span> 
     </span>
    </p>
   </div>
   <div class='ocr_carea' id='block_1_107' title="bbox 181 5382 3420 5496">
    <p class='ocr_par' dir='ltr' id='par_1_107' title="bbox 181 5382 3420 5496">
     <span class='ocr_line' id='line_1_107' title="bbox 181 5382 3420 5496; baseline 0.009 -44"><span class='ocrx_word' id='word_1_947' title='bbox 181 5382 381 5496; x_wconf 57' lang='lat' dir='ltr'><strong>Poplici</strong></span> <span class='ocrx_word' id='word_1_948' title='bbox 415 5404 677 5496; x_wconf 76' lang='lat' dir='ltr'><strong>ratione:</strong></span> <span class='ocrx_word' id='word_1_949' title='bbox 722 5413 836 5460; x_wconf 89' lang='lat' dir='ltr'><strong>tum</strong></span> <span class='ocrx_word' id='word_1_950' title='bbox 867 5409 1220 5476; x_wconf 88' lang='lat' dir='ltr'><strong>procedendo</strong></span> <span class='ocrx_word' id='word_1_951' title='bbox 1247 5428 1313 5466; x_wconf 81' lang='lat' dir='ltr'><strong>ex</strong></span> <span class='ocrx_word' id='word_1_952' title='bbox 1365 5430 1476 5468; x_wconf 90' lang='lat' dir='ltr'><strong>non</strong></span> <span class='ocrx_word' id='word_1_953' title='bbox 1523 5432 1644 5473; x_wconf 91' lang='lat' dir='ltr'><strong>esse</strong></span> <span class='ocrx_word' id='word_1_954' title='bbox 1676 5419 1743 5474; x_wconf 91' lang='lat' dir='ltr'><strong>ad</strong></span> <span class='ocrx_word' id='word_1_955' title='bbox 1783 5435 1944 5489; x_wconf 84' lang='lat' dir='ltr'><strong>esse,</strong></span> <span class='ocrx_word' id='word_1_956' title='bbox 1997 5433 2110 5478; x_wconf 91' lang='lat' dir='ltr'><strong>tum</strong></span> <span class='ocrx_word' id='word_1_957' title='bbox 2189 5421 2258 5477; x_wconf 88' lang='lat' dir='ltr'><strong>ab</strong></span> <span class='ocrx_word' id='word_1_958' title='bbox 2300 5437 2490 5478; x_wconf 91' lang='lat' dir='ltr'><strong>errore</strong></span> <span class='ocrx_word' id='word_1_959' title='bbox 2539 5423 2609 5478; x_wconf 90' lang='lat' dir='ltr'><strong>ad</strong></span> <span class='ocrx_word' id='word_1_960' title='bbox 2690 5422 2979 5478; x_wconf 82' lang='lat' dir='ltr'><strong>veritatem</strong></span> <span class='ocrx_word' id='word_1_961' title='bbox 3029 5427 3279 5480; x_wconf 85' lang='lat' dir='ltr'><strong>conversi</strong></span> <span class='ocrx_word' id='word_1_962' title='bbox 3319 5441 3420 5496; x_wconf 88' lang='lat' dir='ltr'><strong>per</strong></span> 
     </span>
    </p>
   </div>
   <div class='ocr_carea' id='block_1_108' title="bbox 179 5493 3424 5586">
    <p class='ocr_par' dir='ltr' id='par_1_108' title="bbox 179 5493 3424 5586">
     <span class='ocr_line' id='line_1_108' title="bbox 179 5493 3424 5586; baseline 0.008 -40"><span class='ocrx_word' id='word_1_963' title='bbox 179 5493 375 5586; x_wconf 47' lang='lat' dir='ltr'><strong>‘nDsum.</strong></span> <span class='ocrx_word' id='word_1_964' title='bbox 409 5512 428 5546; x_wconf 78' lang='grc' dir='ltr'><strong>ι</strong></span> <span class='ocrx_word' id='word_1_965' title='bbox 468 5494 576 5550; x_wconf 88' lang='lat' dir='ltr'><strong>Sed</strong></span> <span class='ocrx_word' id='word_1_966' title='bbox 627 5511 738 5550; x_wconf 87' lang='lat' dir='ltr'><strong>non</strong></span> <span class='ocrx_word' id='word_1_967' title='bbox 786 5497 842 5551; x_wconf 89' lang='lat' dir='ltr'><strong>in</strong></span> <span class='ocrx_word' id='word_1_968' title='bbox 879 5500 1138 5557; x_wconf 88' lang='lat' dir='ltr'><strong>omnibus</strong></span> <span class='ocrx_word' id='word_1_969' title='bbox 1172 5513 1260 5558; x_wconf 89' lang='lat' dir='ltr'><strong>est</strong></span> <span class='ocrx_word' id='word_1_970' title='bbox 1281 5507 1534 5564; x_wconf 88' lang='lat' dir='ltr'><strong>scientia.</strong></span> <span class='ocrx_word' id='word_1_971' title='bbox 1575 5529 1594 5563; x_wconf 75' lang='grc' dir='ltr'><strong>ι</strong></span> <span class='ocrx_word' id='word_1_972' title='bbox 1624 5511 1744 5567; x_wconf 87' lang='lat' dir='ltr'><strong>Non</strong></span> <span class='ocrx_word' id='word_1_973' title='bbox 1779 5529 1996 5583; x_wconf 89' lang='lat' dir='ltr'><strong>omnes,</strong></span> <span class='ocrx_word' id='word_1_974' title='bbox 2021 5515 2224 5584; x_wconf 91' lang='lat' dir='ltr'><strong>inquit,</strong></span> <span class='ocrx_word' id='word_1_975' title='bbox 2248 5524 2454 5571; x_wconf 89' lang='lat' dir='ltr'><strong>norunt</strong></span> <span class='ocrx_word' id='word_1_976' title='bbox 2479 5515 2626 5586; x_wconf 87' lang='lat' dir='ltr'><strong>quod</strong></span> <span class='ocrx_word' id='word_1_977' title='bbox 2663 5531 2808 5572; x_wconf 87' lang='lat' dir='ltr'><strong>unus</strong></span> <span class='ocrx_word' id='word_1_978' title='bbox 2833 5524 2918 5571; x_wconf 90' lang='lat' dir='ltr'><strong>est</strong></span> <span class='ocrx_word' id='word_1_979' title='bbox 2942 5518 3084 5573; x_wconf 85' lang='lat' dir='ltr'><strong>Deus</strong></span> <span class='ocrx_word' id='word_1_980' title='bbox 3147 5528 3204 5573; x_wconf 89' lang='lat' dir='ltr'><strong>et</strong></span> <span class='ocrx_word' id='word_1_981' title='bbox 3276 5493 3424 5575; x_wconf 79' lang='lat' dir='ltr'><strong>unus</strong></span> 
     </span>
    </p>
   </div>
   <div class='ocr_carea' id='block_1_109' title="bbox 166 5567 2254 5675">
    <p class='ocr_par' dir='ltr' id='par_1_109' title="bbox 166 5567 2254 5675">
     <span class='ocr_line' id='line_1_109' title="bbox 166 5567 2254 5675; baseline 0.014 -40"><span class='ocrx_word' id='word_1_982' title='bbox 166 5567 436 5641; x_wconf 69' lang='lat' dir='ltr'><strong>Dominus</strong></span> <span class='ocrx_word' id='word_1_983' title='bbox 463 5598 519 5642; x_wconf 92' lang='lat' dir='ltr'><strong>et</strong></span> <span class='ocrx_word' id='word_1_984' title='bbox 555 5590 852 5657; x_wconf 28' lang='lat' dir='ltr'><strong>nonomulti</strong></span> <span class='ocrx_word' id='word_1_985' title='bbox 884 5609 897 5643; x_wconf 90' lang='lat'>:</span> <span class='ocrx_word' id='word_1_986' title='bbox 933 5608 1112 5662; x_wconf 86' lang='lat' dir='ltr'><strong>neque</strong></span> <span class='ocrx_word' id='word_1_987' title='bbox 1139 5610 1328 5654; x_wconf 91' lang='lat' dir='ltr'><strong>omnes</strong></span> <span class='ocrx_word' id='word_1_988' title='bbox 1359 5611 1565 5658; x_wconf 90' lang='lat' dir='ltr'><strong>norunt</strong></span> <span class='ocrx_word' id='word_1_989' title='bbox 1594 5606 1741 5675; x_wconf 91' lang='lat' dir='ltr'><strong>quod</strong></span> <span class='ocrx_word' id='word_1_990' title='bbox 1781 5608 1928 5665; x_wconf 84' lang='lat' dir='ltr'><strong>idola</strong></span> <span class='ocrx_word' id='word_1_991' title='bbox 1952 5567 2254 5665; x_wconf 43' lang='lat' dir='ltr'><strong>nihiljsint.</strong></span> 
     </span>
    </p>
   </div>
   <div class='ocr_carea' id='block_1_110' title="bbox 254 5679 1735 5771">
    <p class='ocr_par' dir='ltr' id='par_1_110' title="bbox 254 5679 1735 5768">
     <span class='ocr_line' id='line_1_110' title="bbox 254 5679 1735 5768; baseline 0.015 -36"><span class='ocrx_word' id='word_1_992' title='bbox 254 5680 407 5747; x_wconf 72' lang='grc' dir='ltr'>Τινὲς</span> <span class='ocrx_word' id='word_1_993' title='bbox 437 5679 506 5735; x_wconf 76' lang='grc' dir='ltr'><strong>δὲ</strong></span> <span class='ocrx_word' id='word_1_994' title='bbox 533 5679 607 5751; x_wconf 77' lang='grc' dir='ltr'><strong>τῇ</strong></span> <span class='ocrx_word' id='word_1_995' title='bbox 638 5683 989 5753; x_wconf 80' lang='grc' dir='ltr'>συνειδήσει</span> <span class='ocrx_word' id='word_1_996' title='bbox 1020 5687 1128 5742; x_wconf 82' lang='grc' dir='ltr'><strong>τοῦ</strong></span> <span class='ocrx_word' id='word_1_997' title='bbox 1155 5690 1288 5745; x_wconf 79' lang='grc' dir='ltr'><strong>ειόώ</strong></span> <span class='ocrx_word' id='word_1_998' title='bbox 1302 5695 1406 5750; x_wconf 73' lang='grc' dir='ltr'>λου</span> <span class='ocrx_word' id='word_1_999' title='bbox 1433 5696 1545 5766; x_wconf 79' lang='grc' dir='ltr'><strong>ἕως</strong></span> <span class='ocrx_word' id='word_1_1000' title='bbox 1575 5698 1735 5768; x_wconf 79' lang='grc' dir='ltr'>ἄρτι,</span> 
     </span>
    </p>
   </div>
   <div class='ocr_carea' id='block_1_111' title="bbox 1839 5679 3422 5771">
    <p class='ocr_par' dir='ltr' id='par_1_111' title="bbox 1924 5699 3422 5771">
     <span class='ocr_line' id='line_1_111' title="bbox 1924 5699 3422 5771; baseline 0.002 -12"><span class='ocrx_word' id='word_1_1001' title='bbox 1924 5702 2060 5771; x_wconf 79' lang='lat' dir='ltr'><strong>Vill,</strong></span> <span class='ocrx_word' id='word_1_1002' title='bbox 2105 5703 2158 5771; x_wconf 87' lang='lat'><strong>7,</strong></span> <span class='ocrx_word' id='word_1_1003' title='bbox 2194 5703 2246 5760; x_wconf 90' lang='lat'><strong>8.</strong></span> <span class='ocrx_word' id='word_1_1004' title='bbox 2292 5701 2552 5760; x_wconf 78' lang='lat' dir='ltr'><strong>Nonnulli</strong></span> <span class='ocrx_word' id='word_1_1005' title='bbox 2593 5718 2712 5759; x_wconf 78' lang='lat' dir='ltr'><strong>vero</strong></span> <span class='ocrx_word' id='word_1_1006' title='bbox 2759 5716 2878 5758; x_wconf 84' lang='lat' dir='ltr'><strong>cum</strong></span> <span class='ocrx_word' id='word_1_1007' title='bbox 2927 5699 3240 5759; x_wconf 73' lang='lat' dir='ltr'><strong>conscientia</strong></span> <span class='ocrx_word' id='word_1_1008' title='bbox 3290 5702 3422 5762; x_wconf 85' lang='lat' dir='ltr'><strong>idoli</strong></span> 
     </span>
    </p>
   </div>
   <div class='ocr_carea' id='block_1_112' title="bbox 258 5855 1220 5935">
    <p class='ocr_par' dir='ltr' id='par_1_112' title="bbox 258 5855 1220 5935">
     <span class='ocr_line' id='line_1_112' title="bbox 258 5855 1220 5935; baseline 0.015 -25"><span class='ocrx_word' id='word_1_1009' title='bbox 258 5855 274 5888; x_wconf 84' lang='grc'><em>³</em></span> <span class='ocrx_word' id='word_1_1010' title='bbox 302 5855 441 5915; x_wconf 82' lang='lat' dir='ltr'><strong>Psal.</strong></span> <span class='ocrx_word' id='word_1_1011' title='bbox 470 5875 586 5931; x_wconf 73' lang='lat' dir='ltr'><strong>eis,</strong></span> <span class='ocrx_word' id='word_1_1012' title='bbox 624 5865 673 5920; x_wconf 81' lang='grc' dir='ltr'><strong>Ι.</strong></span> <span class='ocrx_word' id='word_1_1013' title='bbox 751 5867 770 5897; x_wconf 83' lang='grc'><strong><em>²</em></strong></span> <span class='ocrx_word' id='word_1_1014' title='bbox 813 5866 957 5924; x_wconf 81' lang='lat' dir='ltr'><strong>Psal.</strong></span> <span class='ocrx_word' id='word_1_1015' title='bbox 990 5882 1132 5935; x_wconf 80' lang='lat' dir='ltr'><strong>xuv,</strong></span> <span class='ocrx_word' id='word_1_1016' title='bbox 1167 5868 1220 5924; x_wconf 91' lang='lat'><strong>8.</strong></span> 
     </span>
    </p>
   </div>
  </div>
