3872 6556
146 438 255 502 75'!

1073 437 1459 502 COMMENT.
1494 438 1575 500 IN
1606 435 1847 499 EPIST.
1891 439 1919 500 Ι
1950 441 2053 503 ΑΙ)
2092 446 2452 510 CORINTH.

3315 438 3421 513 75L

150 555 602 623 σκανδαλίζησαι.
627 575 645 607 ι
668 554 781 609 Καὶ
803 553 1103 619 τύπτοντες
1135 548 1319 610 αὗτῶν
1362 555 1463 625 τὴν
1484 552 1733 625 συνείδηο

1842 556 2082 611 nentiam
2104 567 2215 616 tete
2234 559 2502 627 demittis,
2519 554 3007 620 ue'oﬂendiculum
3027 566 3289 636 patiatur.
3311 588 3331 621 ι
3360 569 3426 623 Et

150 664 255 701 σιν.
288 666 310 699 ι
344 646 459 702 Οὐκ
487 643 628 713 εἷπε,
657 647 1131 714 Σκανδαλίζοντες,
1165 646 1301 702 ἀλλά
1329 646 1390 701 τὸ
1421 646 1728 718 ὠμότερον,

153 758 174 791 ι
210 738 538 804 Τύπτοντες.
579 757 600 792 ι
633 739 698 792 Τί
728 738 840 812 γὰρ
873 739 1155 812 ὠμότερον
1183 740 1278 794 τοῦ
1310 738 1610 804 τύπτοντος
1639 738 1731 794 τὸν

148 831 379 902 ἀσθενῆ;
415 851 437 884 ι
472 831 570 897 El;
600 833 837 904 Χριστὸν
863 834 1232 906 ἁμαρτάνετε.
1268 852 1288 887 ι
1322 834 1448 898 Πῶς
1477 834 1560 897 είς
1592 836 1731 906 Χρι-

150 922 275 975 στὸν
320 923 618 996 πταίομεν,
646 924 1078 996 ἁμαρτάνοντες
1126 928 1207 991 είς
1251 926 1381 991 τοὺς
1426 925 1729 996 ἀδελφούς;

149 1014 311 1080 Πῶς;
343 1016 425 1070 ὄτι
456 1015 527 1071 τά
553 1016 663 1070 τῶν
690 1018 939 1085 οἰκετῶν,
957 1018 1033 1082 ὡς
1052 1018 1358 1090 Δεσπότης,
1381 1020 1732 1073 οἱκειοποιεί-

149 1126 238 1163 ται
262 1125 278 1140 ο
312 1110 410 1164 καὶ
445 1112 528 1165 ὅτι
565 1112 645 1174 είς
685 1112 846 1181 σῶμα
879 1112 1043 1167 αὑτοῦ
1073 1112 1319 1168 τελοῦσιν
1346 1114 1395 1167 οἱ
1424 1113 1735 1185 πληττόμε-

150 1215 258 1266 νοι,
288 1202 387 1255 καὶ
422 1200 450 1254 δ
479 1203 689 1267 ἐκεῖνος
726 1203 816 1258 διὰ
842 1204 943 1275 τῆς
977 1204 1189 1268 οἰκείας
1218 1204 1552 1277 κατώρθωσε
1590 1223 1733 1276 στραο

154 1292 287 1361 γῆς,
325 1295 391 1349 σὺ
423 1294 513 1349 διὰ
546 1294 837 1366 βρώματος
869 1296 1186 1363 καταλύεις.
1216 1299 1328 1354 Καὶ
1353 1297 1408 1352 τί
1442 1298 1640 1368 γένοιτ’
1663 1299 1735 1355 ἂν

158 1385 346 1441 τούτου
371 1388 710 1461 ἀλογώτερον
731 1408 749 1459 ;

224 1566 438 1636 Διόπερ
504 1570 559 1623 εί
625 1568 842 1641 ,βρῶμα
877 1572 1270 1639 σκανδαλίζει
1322 1574 1432 1629 τὸν
1464 1575 1738 1647 ἀδελφόν

161 1676 291 1731 μου,
330 1663 404 1715 οὺ
451 1662 540 1732 μὴ
586 1662 756 1735 φάγω
800 1665 949 1735 κρέα
983 1669 1074 1735 είς
1110 1668 1222 1723 τὸν
1270 1668 1478 1732 αιῶνα,
1514 1672 1617 1726 ινα
1644 1672 1732 1742 μὴ

167 1754 264 1808 τὸν
297 1754 564 1825 ἀδελφόν
602 1775 724 1825 μου
763 1760 1179 1818 σκανδαλίσω.
1227 1765 1353 1819 Οὐκ
1411 1765 1528 1835 εἰμὶ
1584 1767 1734 1821 ἀπό-

167 1851 370 1915 στολος
386 1866 409 1914 ;
440 1852 554 1905 οὐκ
594 1853 712 1922 ειμι
750 1853 1103 1922 ἐλεύθερος;
1131 1857 1269 1926 οὐχί
1317 1857 1564 1926 Ἰησοῦν
1595 1862 1731 1929 Χρι-

1834 649 2210 717 percutientes
2258 655 2657 711 conscientiam
2708 658 2949 714 illorum.
3007 680 3027 713 ι
3070 660 3190 716 Non
3235 661 3422 719 dixit:

1836 737 2244 798 Offendiculum
2293 729 2600 817 ponentes;
2635 747 2753 813 sed,
2791 750 2939 819 quod
2988 751 3269 807 crudelius
3315 763 3420 819 est,

1840 846 1863 882 σ
1901 830 2308 892 Percutientes.
2345 857 2363 889 ι
2395 837 2536 904 Quid
2582 842 2733 896 enim
2780 856 2849 896 eo
2881 844 3165 899 crudelius
3195 852 3299 910 est,
3328 847 3423 916 qui

1835 920 2117 980 inﬁrmum
2148 929 2445 984 verberat?
2480 950 2497 981 ο
2534 932 2592 1010 In
2621 933 2902 990 Christum
2929 938 3187 1008 peccatis.
3225 957 3243 990 ι
3279 937 3425 1006 Quo-

1835 1016 2000 1071 modo
2017 1017 2366 1085 inChristum
2385 1023 2626 1078 labimur
2650 1041 2774 1080 cum
2798 1028 2851 1082 in
2874 1029 3073 1084 fratres
3096 1031 3426 1099 peccamus?

1836 1104 2160 1174 Quomodo?
2194 1113 2323 1181 quia
2365 1122 2625 1184 tanquam
2665 1118 2933 1174 Dominus
2967 1139 3063 1177 sua
3105 1123 3259 1178 ducit
3305 1140 3429 1194 quae

1839 1211 2125 1256 servorum
2147 1212 2296 1269 sunt,
2322 1204 2541 1278 sibique
2571 1208 2833 1275 vindieat,
2873 1222 2929 1268 et
2958 1215 3087 1284 quia
3127 1215 3194 1269 ad
3225 1230 3431 1286 corpus

1836 1292 1958 1362 ejus
1993 1305 2292 1352 censentur
2322 1298 2416 1368 qui
2454 1302 2844 1370 percutiuntur
2875 1321 2890 1358 :
2923 1313 2980 1360 et
3011 1306 3158 1376 quod
3189 1308 3280 1364 ille
3325 1324 3425 1364 sua
3460 1352 3463 1353 ν

1836 1395 2016 1441 morte
2048 1390 2323 1457 provexit,
2355 1392 2464 1448 hoc
2515 1400 2571 1447 tu
2617 1411 2716 1465 per
2744 1410 2928 1452 eseam
2961 1399 3217 1457 dissolvis
3248 1419 3260 1456 :
3292 1403 3427 1473 quid

1835 1488 2020 1535 autem
2066 1479 2183 1537 fieri
2228 1493 2412 1554 potest
2457 1488 2563 1544 haec
2606 1506 2664 1545 re
2711 1490 3043 1549 absurdius?
3258 1556 3259 1559 η

1907 1570 2049 1637 Vill,
2081 1574 2179 1640 13;
2211 1574 2302 1639 ιχ,
2332 1577 2382 1642 l,
2410 1576 2466 1631 2.
2510 1577 2850 1652 Quapropter
2877 1585 2924 1638 si
2956 1601 3075 1640 esca
3116 1589 3430 1658 oﬁ'endiculo

1836 1671 1909 1726 est
1940 1663 2102 1734 fratri
2134 1684 2270 1734 meo,
2306 1686 2647 1744 nequaquam
2686 1692 2870 1731 uescar
2902 1681 3150 1736 carnibus
3183 1682 3235 1735 in
3273 1693 3430 1738 teter-

1838 1773 1988 1825 num,
2063 1776 2130 1815 ne
2193 1762 2356 1831 fratri
2400 1783 2512 1821 meo
2559 1770 2658 1823 sim
2705 1770 3034 1841 offendicula.
3089 1775 3280 1830 Annon
3313 1793 3432 1832 sum

1838 1849 2157 1918 apostolus?
2196 1853 2392 1911 Annon
2446 1875 2567 1914 sum
2629 1860 2803 1916 liber?
2838 1880 3018 1919 annon
3047 1865 3227 1922 Iesum
3274 1866 3430 1925 Clari-

168 1940 306 1995 στὸν
332 1940 442 1994 τὸν
472 1943 694 2013 Κύριον
725 1945 898 2015 ἡμῶν
921 1948 1191 2017 ἑώρακα;
1218 1952 1293 2005 οὐ
1316 1951 1385 2005 τὸ
1415 1952 1596 2021 ἔργον
1608 1970 1732 2022 μου

1842 1952 1977 1998 stum
2018 1944 2307 2003 Dominum
2350 1960 2587 2007 nostrum
2650 1956 2803 2011 vidi?
2850 1976 3029 2014 armon
3069 1977 3199 2033 opus
3256 1980 3429 2019 meum

170 2034 324 2103 ὑμεῖς
348 2035 489 2090 ἐστε
529 2037 599 2090 ἐν
631 2040 862 2106 Κυρίῳ;
904 2040 973 2095 El
1004 2040 1220 2108 ἄλλοις
1255 2043 1369 2098 οὐκ
1416 2045 1532 2113 ειμι
1583 2045 1733 2101 ἀπό-

1842 2051 1921 2089 υοσ
1945 2036 2068 2091 estis
2094 2038 2150 2092 in
2171 2038 2399 2095 Domino
2416 2043 2442 2096 ἵ
2462 2042 2521 2097 Si
2547 2048 2752 2100 cwteris
2779 2064 2883 2102 non
2905 2066 3023 2104 sum
3053 2053 3347 2122 apostolus,
3373 2062 3431 2113 at

171 2131 395 2194 στολος,
419 2129 584 2185 ἀλλά
609 2148 679 2196 γε
723 2132 862 2202 ὑμῖν
888 2135 1029 2203 ειμι.
1082 2135 1153 2191 Ἠ
1191 2138 1304 2206 γὰρ
1331 2139 1593 2211 σφραγὶς
1625 2138 1735 2207 τῆς

1842 2143 1963 2182 rane
1984 2129 2127 2185 vobis
2154 2149 2292 2199 sum,
2314 2135 2571 2206 siquidem
2592 2138 2828 2210 sigillum
2854 2144 3181 2213 apostolatus
3213 2149 3315 2203 mei
3340 2166 3429 2205 vos

170 2217 306 2287 ἐμῆς
330 2219 685 2289 ἀποστολῆς
708 2224 881 2292 ὑμεῖς
911 2226 1054 2282 ἐστε
1082 2228 1153 2282 ἐν
1186 2230 1403 2299 Κυρίῳ.

1842 2221 1956 2276 estis
1985 2239 2081 2292 per
2107 2224 2420 2284 Dominum.

233 2312 397 2367 Τοῦτο
439 2314 674 2385 μάλιστα
720 2319 948 2388 ἀρίστου
976 2321 1327 2389 διδασκάλου,
1359 2324 1420 2378 τὸ
1447 2325 1507 2390 ἐξ
1537 2326 1732 2381 ἑαυτοῦ

1904 2314 1965 2369 ld
1995 2315 2157 2387 longe
2184 2319 2378 2389 optimi
2412 2327 2768 2395 praeceptoris
2792 2337 2876 2385 est
2905 2344 2936 2385 a
2966 2332 3206 2402 propriis
3241 2334 3429 2403 operi-

172 2405 454 2461 παιδεύειν.
486 2407 700 2479 ἰ’μεῖς,
735 2411 928 2481 φησὶν,
953 2412 1075 2467 οὐδὲ
1102 2414 1473 2470 εἰδωλοθύτων
1498 2418 1607 2473 τῶν
1641 2420 1735 2474 καὶ

1842 2406 1943 2462 bus
1980 2407 2278 2466 instruere.
2313 2415 2443 2480 Vos,
2482 2418 2681 2487 inquit,
2711 2437 2779 2476 ne
2813 2423 2883 2478 ab
2917 2422 3006 2479 his
3031 2425 3256 2495 quidem
3290 2436 3430 2482 tem-

173 2497 331 2563 ἄλλως
368 2499 833 2573 ἀπηγορευμένων
867 2505 1135 2575 φείδεσθε,
1169 2506 1309 2580 ὑπὲρ
1338 2508 1434 2562 τοῦ
1465 2510 1540 2580 μὴ
1574 2528 1735 2565 σκαν-

1842 2502 2045 2573 peratis
2090 2520 2213 2574 quas
2260 2505 2732 2569 idolisimmolata
2779 2524 2930 2582 sunt,
2984 2532 3055 2573 ne
3104 2518 3260 2576 fratri
3306 2522 3429 2579 sitis

174 2591 371 2647 δαλίσαι
408 2595 656 2666 ἀδελφόν.
707 2598 849 2668 Ἐγὼ
905 2599 962 2653 δὲ
1010 2600 1064 2654 τί
1119 2599 1268 2670 λέγω
1333 2602 1731 2674 είδωλοθύτωνς

1842 2596 2198 2666 otl'endieulo,
2237 2618 2362 2672 quae
2406 2604 2573 2660 etiam
2622 2608 2830 2679 alioqui
2868 2611 3042 2668 vetita
3087 2623 3218 2669 sunt
3260 2631 3274 2670 :
3324 2632 3429 2688 ego

176 2684 287 2738 οὐδὲ
313 2685 469 2741 ἄλλον
501 2686 567 2741 ἂν
600 2689 849 2760 ἀψαίμην
889 2691 1087 2761 κρέως,
1116 2695 1166 2747 εί
1188 2696 1253 2748 ἐκ
1275 2694 1467 2750 τούτου
1501 2698 1735 2754 σκανδα-

1842 2705 1992 2753 vero,
2018 2692 2153 2762 quid
2184 2694 2310 2750 dico
2337 2696 2501 2753 idolis
2534 2699 2819 2759 immolata
2843 2704 2868 2758 ί
2895 2705 3088 2776 Neque
3116 2708 3280 2764 aliam
3313 2684 3429 2766 ullo

178 2773 367 2842 λίζεταί
403 2797 510 2846 τις.
548 2781 613 2836 Ἢ
658 2783 711 2836 δὲ
751 2785 1083 2856 παραίτησίς
1138 2805 1261 2859 μου,
1311 2788 1464 2844 ἔσται
1491 2792 1687 2847 αἱωνία
1718 2810 1732 2824 ’

1842 2782 2004 2839 modo
2047 2801 2274 2843 carnem
2317 2792 2602 2862 attingam,
2634 2795 2678 2849 si
2714 2799 2987 2868 quispiam
3018 2801 3227 2858 ex'hoc
3260 2804 3432 2860 sumit

187 2887 205 2919 ι
231 2870 299 2923 Οὐ
330 2871 400 2944 μὴ
422 2873 583 2943 φάγω
609 2876 769 2945 κρέα.
799 2878 985 2946 φησὶν,
1011 2878 1093 2941 εἰς
1114 2879 1206 2932 τὸν
1231 2880 1423 2936 αἰῶνα.
1459 2901 1478 2935 ι
1517 2882 1735 2959 Ἐπειδὴ

1842 2875 2321 2940 oil'eudieulum.et
2334 2882 2451 2938 lucc
2468 2899 2588 2940 mea
2610 2888 2927 2945 observatio
2944 2891 3053 2946 erit
3068 2894 3426 2963 sempiterna:

183 2962 281 3033 γὰρ
309 2959 470 3030 εἶπεν,
500 2985 519 3018 ι
548 2967 609 3020 Ei
640 2967 836 3039 βρῶμα
869 2971 1209 3038 σκανδαλίζει
1231 2973 1321 3027 τὸν
1345 2975 1572 3043 ἀδελφόν
1609 2996 1735 3048 μου,

1847 2988 1865 3021 ι
1892 2970 2272 3042 Nequaquam,
2299 2974 2500 3045 inquit,
2524 2993 2718 3034 vescar
2738 2984 2999 3038 carnibus
3023 2983 3076 3039 in
3101 2995 3423 3043 aeternum.»

186 3055 239 3108 ού
266 3058 334 3126 μὴ
356 3060 509 3129 φάγω
528 3061 670 3132 κρέα
696 3064 776 3126 εἰς
814 3063 905 3117 τὸν
935 3066 1132 3131 αίὼνα,
1166 3084 1185 3117 ι
1212 3068 1297 3122 ἵνα
1327 3071 1401 3140 μή
1427 3086 1513 3134 τις
1538 3074 1735 3146 νομίσῃ

1843 3061 1913 3117 Et
1940 3064 2201 3133 quoniam
2230 3065 2446 3122 dixerat
2484 3087 2497 3122 :
2532 3070 2587 3126 Si
2625 3087 2752 3127 esca
2783 3073 3121 3131 oll‘endieulo
3152 3089 3237 3134 est
3270 3080 3430 3137 fratri

185 3149 257 3203 ὅτι
285 3151 555 3224 φιλοτιμία
598 3156 861 3227 ῥημάτων
889 3156 1027 3230 αὕτη
1067 3159 1190 3230 (οὐκ
1222 3161 1290 3214 ἂν
1323 3164 1432 3234 γὰρ
1462 3164 1557 3217 καὶ
1594 3164 1735 3235 ἔργῳ

1844 3171 1972 3211 meo
2004 3173 2356 3229 nequaquam
2387 3176 2583 3217 vescar
2618 3165 2881 3222 carnibus
2915 3168 2968 3222 in
3002 3179 3270 3227 aeternum
3309 3190 3322 3227 :
3360 3191 3430 3230 ne

183 3242 337 3296 ταῦτα
366 3246 727 3318 ἐπλήρωσεν),
775 3248 1145 3317 ἀναγκάζεται
1186 3250 1374 3307 λοιπὸν
1410 3255 1584 3320 δεῖξαι
1619 3257 1735 3321 πῶς

1842 3249 1968 3318 quis
2003 3251 2350 3307 existimaret
2393 3253 2536 3310 hanc
2570 3256 2798 3326 gloriam
2840 3268 3050 3315 tantum
3081 3278 3202 3320 esse
3234 3266 3430 3321 verbo-

183 3334 271 3387 καὶ
315 3336 417 3390 τῶν
467 3343 982 3412 συγκεχωρημένων
1031 3344 1302 3415 ἀπέσχετο
1340 3344 1480 3419 ὑπὲρ
1515 3350 1608 3403 τοῦ
1660 3351 1738 3421 μὴ

182 3429 515 3485 σκανδαλίσαι
548 3433 718 3496 τινάς.
773 3434 839 3487 Τί
890 3433 1000 3506 γάρ
1031 3435 1199 3505 λέγω,
1237 3437 1392 3508 φησὶ,
1447 3442 1576 3510 περὶ
1627 3442 1737 3496 τῶν

176 3519 556 3592 είδωλοθύτωνς
582 3526 757 3579 Αὐτοῦ
802 3528 897 3581 τοῦ
946 3530 1186 3599 Χριστοῦ
1233 3531 1610 3602 ἐπιτάξαντος,
1646 3536 1739 3590 τὸν

177 3616 505 3686 κηρύσσοντα
550 3622 616 3673 ἐκ
669 3621 764 3674 τοῦ
810 3621 1151 3691 Εὑαγγελίου
1206 3625 1431 3692 ἐσθίειν,
1487 3631 1737 3685 τουτέστι

176 3712 317 3775 παρά
339 3713 441 3765 τῶν
461 3712 938 3785 μαθητευομένων,
970 3716 1216 3788 είλόμην,
1244 3722 1292 3773 εί
1312 3721 1442 3787 δέοι,
1473 3725 1567 3776 καὶ¹
1592 3724 1738 3796 λιμῷ

176 3800 452 3874 φθαρῆναι,
487 3808 583 3859 καὶ
616 3807 784 3878 μηδὲν
815 3810 947 3880 παρ’
978 3810 1133 3879 ύμῶν
1166 3810 1372 3867 λαϐεῖν·
1405 3816 1506 3870 οὐκ
1539 3818 1733 3890 ἐπειδὴ

174 3897 490 3968 παρέχοντὲς
521 3917 633 3971 μοι,
659 3903 816 3973 φησὶ,
844 3903 1289 3973 σκανδαλίξεσθε,
1315 3906 1432 3963 ἀλλ’
1458 3908 1545 3963 ἵνα
1573 3910 1737 3964 πλέον

171 3987 536 4061 οἱκοδομῆσθε,
565 3994 804 4064 ὁρῶντές
840 4013 908 4065 με
945 3997 1220 4052 ἀδάπανον
1250 3999 1381 4055 ὄντα
1411 4003 1563 4071 ύμῖν.
1603 4004 1735 4057 Ὥσ-

171 4096 248 4147 τε,
281 4086 428 4153 φησι,
454 4086 549 4140 καλ⁵
585 4087 752 4159 νόμου
778 4089 924 4143 θείου
956 4092 1347 4161 ὲπιτρὲποντός
1385 4112 1475 4164 μοι
1508 4098 1738 4168 λαμϐά-

171 4188 301 4242 νειν,
328 4177 411 4231 διὰ
445 4180 546 4250 τήν
580 4182 735 4250 ὑμῶν
773 4185 1063 4258 οἰκοδομὴν
1095 4186 1247 4240 οὐδὲν
1290 4187 1514 4260 είλόμην
1551 4190 1739 4245 λαϐεῖν

171 4268 299 4340 παρ’
325 4270 497 4342 ὑμῶν,
533 4275 675 4330 ἀλλὰ
704 4280 826 4339 ταῖς
872 4282 1032 4352 χερσί
1079 4298 1181 4351 μου
1220 4282 1460 4336 ἐκοπίων
1501 4285 1735 4356 ἐργαζό-

174 4376 327 4431 μενος
354 4369 442 4421 καὶ
469 4371 930 4443 ἀποτρεφόμενος.
966 4375 1096 4431 Ἰδοὺ
1128 4377 1267 4441 τέως
1291 4377 1579 4445 ἀπέδειξεν
1606 4381 1739 4453 ἀλη-

172 4458 354 4516 θεύων·
406 4463 594 4519 λοιπὸν
626 4467 684 4520 δὲ
733 4469 829 4522 καὶ
860 4469 990 4524 ἄλλο
1029 4473 1455 4538 κατασκευάζει.
1502 4474 1566 4527 El
1601 4474 1734 4544 ἐγὼ,

174 4557 349 4625 φησὶν,
379 4557 581 4625 οὕτως,
631 4561 792 4631 ὑμεῖς
842 4564 965 4617 οὐδὲ
1016 4564 1382 4620 εἰδωλοθύτων
1437 4569 1731 4639 ἀπέχεσθε,

1847 3356 1992 3407 rum,
2014 3351 2071 3397 et
2096 3345 2243 3414 quod
2275 3345 2390 3402 hare
2420 3348 2573 3403 nullo
2605 3350 2766 3404 modo
2793 3368 2961 3422 opere
2986 3358 3288 3428 compleret
3318 3377 3330 3412 :
3361 3363 3430 3416 ad

1846 3433 1953 3490 hoc
2001 3440 2407 3508 consequenter
2452 3442 2714 3513 adigitur,
2749 3454 2809 3498 ut
2853 3448 3109 3501 ostendat
3154 3454 3431 3519 quomodo

1845 3529 1916 3583 ab
1957 3528 2044 3583 his
2082 3546 2303 3601 quoque
2335 3534 2639 3590 abstineret
2680 3553 2803 3606 quae
2842 3542 3110 3609 permissa
3151 3554 3327 3605 erant.
3362 3562 3432 3602 ne

1845 3621 2128 3691 aliquibus
2160 3633 2308 3680 esset
2346 3626 2702 3684 oll‘endiculo.
2748 3630 2890 3697 Quid
2930 3635 3075 3700 dico,
3125 3638 3325 3709 inquit,
3363 3641 3432 3694 de

1846 3714 1935 3769 his
1964 3731 2087 3787 quae
2114 3716 2278 3772 idolis
2301 3729 2430 3771 sunt
2458 3719 2781 3779 immolata?
2811 3727 2945 3780 Cum
2973 3726 3228 3784 Christus
3249 3730 3432 3801 jussea

1850 3809 1921 3864 rit
1963 3819 2024 3864 ut
2065 3811 2159 3881 qui
2206 3813 2554 3882 praedicaret,
2598 3815 2666 3870 de
2710 3817 3008 3889 Evangelio
3051 3822 3260 3887 ederet,
3325 3825 3432 3880 hoc

1849 3912 1961 3968 est,
2004 3902 2074 3957 ab
2124 3904 2213 3959 bis
2263 3906 2357 3976 qui
2407 3907 2680 3963 docentur
2728 3910 3051 3967 alimentum
3108 3916 3381 3986 acciperet
3416 3957 3428 3979 ,

1848 3996 2009 4066 elegi,
2047 3997 2090 4051 si
2135 4013 2276 4067 opus
2312 4009 2479 4061 esset.
2523 4001 2666 4057 fame
2706 4005 2910 4075 perire,
2945 4014 3000 4061 et
3039 4006 3178 4062 nihil
3212 4023 3242 4062 a
3270 4008 3431 4064 vobis

1846 4089 2099 4158 accipere
2139 4106 2153 4143 :
2197 4105 2307 4145 non
2337 4092 2484 4162 quod
2514 4109 2614 4149 vos
2648 4095 2784 4149 mihi
2826 4097 3139 4166 praebentes
3181 4098 3429 4154 offenda-

1845 4182 2006 4247 mini,
2043 4182 2244 4254 inquit,
2276 4185 2373 4240 sed
2415 4193 2475 4240 ut
2514 4187 2754 4258 amplius
2785 4188 3156 4254 ardillcemini,
3202 4194 3426 4263 conspi-

1846 4272 2056 4328 cientes
2102 4275 2247 4345 quod
2286 4276 2405 4330 sine
2440 4285 2662 4347 sumptu
2696 4278 2855 4333 vobis
2891 4280 3203 4351 prmdicem.
3238 4282 3426 4354 itaque

1845 4365 2084 4419 eumlex
2117 4380 2339 4436 quoque
2383 4366 2568 4421 divina
2610 4368 2927 4441 manus
2967 4372 3237 4440 permittit
3278 4376 3426 4431 acci-
3513 4410 3519 4416 -

1844 4470 1996 4525 pere.
2017 4462 2414 4527 proptervestri
2440 4461 2858 4518 rediticationem
2878 4464 3095 4520 decrevi
3117 4468 3255 4523 nihil
3278 4485 3308 4524 a
3326 4486 3426 4524 vo-

1846 4548 1932 4604 bis
1955 4550 2206 4620 accipere
2225 4552 2320 4607 sed
2341 4553 2654 4609 laborabam
2688 4557 2946 4612 manibus
2968 4559 3107 4614 meis
3120 4575 3356 4631 Operans
3372 4573 3428 4618 et

173 4649 303 4718 πρὸς
330 4653 390 4706 τὸ
425 4655 498 4726 μὴ
530 4658 660 4719 τοὺς
710 4656 960 4723 ἀσθενεῖς
1007 4659 1116 4712 τῶν
1167 4660 1417 4731 ἀδελφῶν
1451 4638 1735 4718 σκανδαλί-

1847 4652 1934 4692 me
1948 4638 2118 4694 alens.
2137 4639 2276 4697 Ecce
2294 4643 2513 4697 interim
2531 4645 2774 4700 ostendit
2795 4651 2998 4714 sepem
3018 4648 3203 4703 dicere
3219 4659 3271 4703 ct
3287 4666 3427 4719 prm-

174 4738 303 4806 ζειν,
352 4747 550 4816 μᾶλλον
599 4749 657 4803 δὲ
713 4751 1024 4806 ἀπολλύειν.
1057 4753 1276 4808 Πολλῶν
1308 4754 1366 4808 δὲ
1409 4756 1608 4829 στίχων
1644 4775 1739 4812 πε-

176 4840 407 4907 ριεκτική
459 4842 608 4894 ἐστιν
638 4842 671 4912 ἡ
702 4841 881 4897 ἔννοια
911 4843 1011 4915 τῆς
1053 4847 1451 4918 παραγραφῆς,
1500 4851 1595 4902 καὶ
1644 4852 1738 4904 ἐκ·

173 4926 393 4984 τείνεται
409 4931 515 4997 Ξως
534 4934 652 4998 τοῦ,
676 4954 695 4987 ι
720 4935 1034 5008 Ἐλεύθερος
1055 4937 1130 4992 ὢν
1148 4942 1211 4994 ὲκ
1226 4942 1462 4997 πάντων.
1479 4963 1602 4997 ι-ι
1622 4946 1739 5000 Οὐκ

174 5017 284 5088 εἰμὶ
310 5023 606 5091 ἀπόστολος
624 5043 643 5094 ;
673 5046 690 5078 i
720 5024 853 5083 Εἶτα
883 5031 972 5084 ἵνα
1024 5032 1100 5105 μὴ
1132 5032 1387 5103 λέγωσιν,
1427 5037 1509 5090 ὅτι
1540 5038 1602 5091 Et
1645 5039 1738 5091 καὶ

174 5110 385 5170 δύούλου
439 5119 647 5187 λαϐεῖν,
686 5122 787 5175 οὐκ
826 5122 956 5193 ἐξῆν
1010 5141 1115 5188 σοι⁹
1162 5125 1250 5181 διὰ
1297 5126 1458 5183 τοῦτο
1505 5130 1615 5184 οὐδ’
1668 5130 1739 5183 εἴ·

174 5199 359 5273 ληφας,
391 5210 507 5264 Ἵνα
541 5211 616 5276 τί,
647 5214 837 5283 φησὶν,
869 5215 971 5271 οὐκ
1011 5218 1139 5289 ἐξῆν
1181 5237 1309 5292 μοι;
1338 5223 1387 5276 οἱ
1417 5223 1568 5278 ἄλλοι
1599 5224 1739 5278 ἀπό-

176 5296 339 5388 στολοι
365 5303 426 5356 ού
462 5304 758 5374 τρέφονται
788 5308 853 5362 ἐκ
879 5309 976 5363 τοῦ
1003 5310 1374 5382 Εὐαγγελίου;
1403 5315 1533 5378 Ναὶ,
1577 5315 1732 5388 φησί.

174 5385 235 5442 Τί
268 5387 389 5460 οὖν;
441 5395 553 5465 ἐγὼ
600 5398 703 5451 οὐκ
746 5399 865 5470 είμὶ
910 5402 1210 5468 ἀπόστολος
1263 5405 1338 5469 ὡς
1369 5407 1599 5475 ὲκεῖνοις
1636 5385 1737 5464 οὐκ

176 5482 280 5550 εἶμὶ
305 5484 621 5559 ἐλεύθεροςς
657 5491 925 5558 τουτέστι,
960 5494 1051 5565 Μὴ
1079 5496 1185 5550 ὑπό
1215 5497 1338 5552 τινά
1366 5501 1484 5569 είμι
1514 5500 1606 5553 τὸν
1635 5518 1739 5556 κω-

173 5570 354 5632 λύοντά
385 5596 451 5651 με
472 5582 688 5651 λαδεῑνς
721 5582 853 5639 Εἶτα
882 5586 967 5640 ἶνα
1004 5588 1081 5659 μὴ
1111 5589 1365 5658 λέγωσιν,
1395 5592 1478 5645 ὅτι
1508 5595 1556 5647 oi
1586 5594 1736 5648 ἄλλοι

174 5664 444 5778 ἀπόστολοι
486 5676 650 5757 πλέον
681 5678 887 5749 έχουσι,
915 5680 976 5734 τὸ
1003 5681 1096 5736 τὸν
1160 5684 1397 5755 Χριστὸν
1429 5685 1735 5778 ἑωρακέναι

181 5755 264 5808 καὶ
305 5754 811 5839 συναναστραφῆναι
844 5769 1013 5850 αὐτῷ,
1045 5754 1263 5842 ἐπάγει·
1300 5792 1320 5826 ι
1356 5754 1736 5847 Ούχὶ’⁹ιησοῦν

186 5846 398 5916 Χριστὸν
419 5858 512 5912 τὸν
540 5859 748 5931 Κύριον
777 5862 934 5934 ἡμῶν
963 5846 1219 5934 cuipam;
1256 5883 1275 5917 ι
1307 5865 1471 5920 ’Ὥστε
1508 5846 1644 5939 μηδὲ
1677 5871 1734 5924 ὲν

184 5941 336 6017 τούτῳ
384 5949 603 6009 ἔλαττόν
649 5974 701 6010 τι
752 5955 885 6029 λέχει
955 5958 1062 6015 τῶν
1118 5958 1323 6036 λοιπῷν
1397 5963 1734 6022 ἀποστόλων.

1842 4741 1989 4786 stare
2026 4748 2150 4802 quae
2182 4734 2421 4794 dicebat.
2481 4737 2750 4808 Deinceps
2779 4754 2910 4794 vero
2941 4741 3106 4796 etiam
3138 4743 3287 4797 aliud
3325 4759 3423 4814 pa-

1842 4834 1947 4879 rat.
1979 4824 2116 4881 Cum
2148 4842 2269 4899 ego,
2300 4829 2502 4899 inquit,
2538 4830 2611 4884 ita
2640 4833 2869 4901 egerim,
2908 4849 3006 4889 vos
3034 4850 3211 4906 neque
3238 4837 3307 4891 ab
3338 4837 3424 4891 his

1841 4933 1965 4987 quae
2007 4918 2171 4974 idolis
2211 4932 2339 4975 sunt
2384 4922 2661 4977 immolata
2705 4923 3014 4992 abstinetis,
3070 4944 3139 4983 ne
3188 4928 3424 4986 inﬁrmis

1842 5008 2110 5065 fratribus
2155 5012 2280 5069 sitis
2331 5013 2666 5070 offendicqu
2705 5057 2718 5081 ,
2778 5016 2889 5071 imo
2965 5020 3229 5088 perdatis.
3287 5021 3426 5076 :‘vlul-

1842 5109 1928 5157 tos
1959 5113 2144 5159 autem
2177 5121 2374 5162 versus
2404 5110 2823 5179 comprehendit
2866 5111 3225 5186 intelligentia
3260 5114 3425 5187 hujus

1842 5198 2151 5264 sententiae,
2177 5207 2234 5254 et
2259 5198 2326 5254 ad
2353 5216 2480 5255 eum
2511 5217 2686 5273 usque
2720 5203 2901 5260 locum
2935 5208 3284 5276 protenditur
3312 5225 3423 5279 quo

1839 5288 1918 5344 ait
1950 5307 1965 5344 :
2005 5308 2024 5342 ι
2051 5288 2187 5347 Cum
2244 5291 2387 5348 liber
2413 5307 2592 5349 essem
2621 5311 2687 5350 ex
2716 5298 2996 5355 omnibus.
3028 5320 3044 5350 ι
3073 5329 3145 5340 -
3178 5318 3195 5350 c
3224 5299 3421 5355 Annon

1842 5397 1965 5439 sum
1992 5384 2302 5454 apostolus.
2333 5404 2352 5437 ι
2386 5385 2595 5442 Deinde
2625 5404 2693 5445 ne
2720 5390 2907 5446 dicant
2935 5409 2947 5444 :
2974 5391 3150 5446 Etiam
3181 5392 3226 5447 si
3254 5391 3421 5447 velles

1839 5477 2114 5549 accipere,
2157 5493 2268 5533 non
2306 5478 2404 5534 tibi
2434 5481 2653 5547 liceret,
2689 5493 2917 5553 promer
2959 5483 3065 5538 hoc
3107 5499 3215 5537 non
3261 5499 3421 5538 acce-

1837 5569 1968 5638 pisti
1998 5586 2011 5623 :
2041 5569 2111 5627 Ut
2137 5569 2293 5641 quid,
2325 5571 2523 5642 inquit,
2550 5588 2660 5627 non
2696 5572 2831 5628 mihi
2862 5574 3096 5629 liceret?
3123 5588 3302 5629 nonne
3326 5574 3420 5632 alii

1838 5662 2070 5734 apostoli
2099 5664 2327 5719 aluntur
2354 5681 2423 5720 ex
2452 5666 2792 5737 Evangelio?
2818 5666 3036 5736 Utique.
3072 5665 3214 5731 Quid
3246 5668 3421 5738 ergo?

1837 5770 2022 5810 annon
2063 5771 2184 5811 sum
2224 5771 2326 5829 ego
2387 5758 2671 5827 apostolus
2704 5758 2847 5813 sicut
2887 5756 3004 5811 illi?
3040 5755 3234 5811 Annon
3298 5774 3416 5813 sum

1838 5847 2018 5901 liber?
2048 5848 2164 5903 Hoc
2187 5857 2293 5914 est,
2324 5864 2454 5903 num
2486 5848 2651 5904 alicui
2672 5849 2955 5921 ,subjieior
2985 5848 3076 5919 qui
3110 5863 3195 5903 me
3228 5850 3418 5919 prohi-

1840 5941 1966 5998 beat
2006 5941 2293 6011 accipere?
2324 5940 2682 6004 Postmodum
2724 5958 2793 5998 ne
2835 5941 3017 5998 dicant
3053 5940 3199 6012 quod
3235 5944 3423 6001 ueteri
