3872 6552
169 415 266 479 757

1080 412 1470 478 COMMENT.
1509 409 1592 471 IN
1632 408 1873 470 EPIST.
1906 408 1935 469 Ι
1964 408 2066 469 AD
2097 406 2465 471 COBINTH.

3310 405 3414 466 758

172 530 243 601 μὴ
267 529 624 601 ἑργάζεσθαις
650 547 670 584 ι
687 529 795 585 Τοῦ
820 529 888 584 τά
903 528 1039 601 πρὸς
1060 528 1266 601 τροφὴν
1291 526 1385 581 καὶ
1403 526 1734 597 αὐτάρκειαν

1875 522 2063 590 icaret,
2094 538 2220 578 cum
2264 527 2592 593 potestatem
2637 517 2867 574 haberet
2906 516 2980 572 ita
3013 513 3270 581 faciendi,
3303 531 3414 572 non

170 620 274 675 ἀπδ
294 621 391 676 τοῦ
418 621 770 694 κηρύγματος
803 620 1160 695 πορίζεσθαι;
1203 620 1318 674 ἀλλ’
1348 620 1495 691 ὅμως
1523 619 1736 690 ἔχοντες

174 709 434 777 ἰξουσίαν.
462 713 525 766 ού
560 711 822 784 χρώμεθα
855 716 921 786 τῇ
966 711 1205 784 ἐξουσίᾳ,
1232 712 1321 766 ἵνα
1358 711 1557 782 μᾶλλον
1592 712 1735 781 ὑμᾶς

175 803 558 875 ὠφελήσωμεν,
592 806 867 860 ἀδάπανον
900 804 1273 876 κηρύσσοντες
1301 804 1365 857 τὸ
1380 801 1733 872 Εὑαγγὲλιον.

178 898 235 952 Et
265 899 319 952 δὲ
348 899 505 954 τοῦτο
527 900 710 971 δῆλον,
734 901 817 956 ὃτι
841 903 888 955 εί
915 902 1011 955 καὶ⁸
1041 901 1290 972 συνῄδειν
1316 898 1738 969 σκανδαλιζομὲ-

177 1008 291 1055 νους
323 993 468 1064 ὑμᾶς
491 991 677 1047 ἕνεκεν
703 995 1078 1064 κρεωφαγίας,
1112 994 1288 1048 καίτοι
1321 992 1599 1046 ἀκώλυτον
1652 991 1734 1060 ὃν,

178 1082 268 1136 οὐκ
302 1084 370 1138 ἂν
408 1084 610 1152 ἔφαγον
659 1086 740 1148 είς
782 1085 877 1138 τὸν
930 1085 1124 1150 αἰῶνα,
1177 1082 1265 1139 ἵνα
1318 1083 1392 1155 μὴ
1440 1083 1737 1137 σκανδάλου

178 1172 429 1242 πρόξενος
476 1172 743 1243 γενοίμην
786 1173 868 1244 τῷ
914 1170 1153 1245 ἀδελφῷο
1212 1171 1365 1244 πόσῳ
1417 1170 1619 1243 μᾶλλον
1659 1172 1742 1226 δεῖ

168 1264 534 1333 φυλάττεσθαι
574 1265 717 1335 ὑμᾶς
753 1266 861 1320 ἀπὸ
889 1266 1001 1320 τῶν
1034 1265 1427 1334 είδωλοθύτωνς
1470 1266 1537 1320 δι’
1570 1261 1646 1319 ὧν
1678 1265 1738 1319 οὐ

164 1358 336 1425 μόνον
362 1359 411 1412 οἱ
436 1358 658 1428 ἀδελφοὶ
684 1358 1147 1424 σκανδαλίζονται,
1181 1358 1316 1413 ἀλλά
1357 1360 1453 1412 καὶ
1486 1359 1586 1422 τὰς
1615 1375 1740 1413 συν-

160 1447 406 1518 ειδήσεις
437 1450 747 1521 μολύνονσι.
778 1450 851 1505 Τὸ
878 1451 957 1517 δὲ,
991 1468 1012 1504 ι
1047 1453 1119 1506 Ἢ
1150 1451 1311 1521 μόνος
1339 1451 1449 1521 ἐγὼ
1478 1454 1573 1506 καὶ
1602 1454 1744 1525 Βαρ-

162 1540 342 1605 νάϐας
390 1542 491 1596 οὐκ
545 1542 748 1614 ἔχομεν
776 1545 1023 1609 ἐξουσίαν
1056 1545 1149 1599 τοῦ
1197 1545 1272 1617 μὴ
1301 1544 1673 1616 ὲργάξεσθαις
1715 1564 1736 1600 ι

163 1633 496 1705 οἰκειότερόν
524 1635 640 1689 ἐστι
672 1636 773 1705 τῆς
803 1636 1002 1703 λέξεως
1027 1636 1201 1700 οὕτως
1233 1637 1507 1691 ἑκλαδείν-
1541 1639 1603 1691 Ol
1645 1638 1743 1710 μὲν

165 1723 264 1779 οὖν
289 1725 461 1791 ἄλλοι,
516 1727 702 1798 φησιν,
740 1728 1052 1795 ἀπόστολοι,
1116 1728 1366 1794 ἐξουσίαν
1430 1728 1614 1800 ἔχουσι
1669 1729 1744 1801 μὴ

169 1814 526 1884 ἐργάξεσθαι,
581 1818 717 1890 μηδὲ
749 1821 945 1890 κοπιᾷν
976 1822 1096 1885 ταῖς
1140 1822 1351 1892 χερσὶν,
1383 1821 1500 1875 ἀλλ’
1531 1823 1596 1876 ἐκ
1632 1822 1743 1876 τῶν

1841 616 2157 671 occultavit.
2207 614 2374 671 «Non
2422 613 2691 669 habemus
2740 618 3068 681 potestatem
3123 622 3236 664 non
3284 624 3416 679 ope-

1842 707 2044 763 randi?
2077 727 2096 759 ι
2137 707 2253 763 Hoc
2286 714 2393 773 est,
2422 715 2484 762 ut
2513 723 2543 760 a
2579 703 2967 777 praedicatione
2997 700 3417 771 suppeditaren-

1844 806 1933 855 tur
1980 799 2143 856 nobis
2180 814 2302 866 quae
2342 798 2411 855 ad
2448 799 2658 855 vietum
2698 794 3053 851 sulﬁcerent?
3098 795 3191 848 sed
3236 801 3415 846 tamen

1842 905 1969 948 eum
2005 892 2167 946 talem
2206 890 2538 945 haberemus
2578 897 2929 959 potestatem,
2961 899 3071 941 non
3105 900 3296 940 sumus
3330 883 3415 938 usi

1843 988 2115 1052 potestate
2157 986 2218 1035 ut
2258 980 2433 1049 magis
2486 994 2585 1034 vos
2637 979 2999 1048 juvaremus,
3059 974 3416 1046 Evangelium

1843 1074 1963 1126 sine
1992 1078 2213 1140 sumptu
2241 1069 2621 1140 pradicantes.
2660 1066 2816 1135 Quod
2852 1067 2897 1123 si
2933 1067 3037 1120 hoc
3064 1065 3136 1120 ita
3161 1072 3268 1127 est,
3301 1076 3418 1116 ma-

1842 1160 2103 1217 nifestum
2134 1167 2219 1216 est
2245 1159 2395 1231 quod
2438 1160 2485 1214 si
2531 1173 2630 1214 vos
2665 1157 3029 1229 intelligerem
3073 1167 3291 1218 sumere
3334 1150 3419 1205 of-

1844 1254 2183 1310 fcmliculum
2215 1252 2287 1307 ob
2319 1265 2478 1307 esum
2514 1249 2787 1315 carnium,
2827 1248 2923 1319 Qui
2968 1257 3147 1302 tamen
3190 1259 3300 1299 non
3336 1248 3422 1297 est

1846 1343 2185 1417 prohibitus,
2221 1355 2568 1413 nequaquam
2592 1341 2675 1395 eis
2703 1352 2955 1394 vescerer
2978 1337 3035 1392 in
3061 1345 3323 1391 aeternum
3350 1346 3422 1387 ne

1848 1438 2006 1494 fratri
2039 1450 2201 1494 causa
2232 1436 2418 1491 lierem
2442 1431 2762 1489 oﬂ‘eudieuli
2788 1448 2802 1484 :
2830 1439 3040 1501 quanto
3067 1427 3237 1498 magis
3258 1424 3426 1480 absti-

1846 1546 1980 1587 nere
2011 1545 2110 1587 vos
2138 1537 2357 1601 oportet
2386 1525 2454 1584 ab
2482 1527 2572 1581 bis
2600 1536 2721 1595 quae
2759 1531 2888 1580 sunt
2926 1521 3086 1576 idolis
3122 1519 3421 1584 immolata,

1844 1617 2016 1690 ωε
2045 1633 2146 1688 per
2179 1632 2301 1688 qua:
2329 1628 2439 1671 non
2468 1612 2644 1671 solum
2670 1613 2871 1668 fratres
2901 1609 3293 1665 offendiculum
3325 1623 3423 1677 pa-

1846 1714 2084 1779 tiuntur,
2115 1712 2212 1768 sed
2238 1720 2296 1767 et
2322 1708 2692 1766 conscientias
2722 1702 3023 1778 polluant?
3045 1701 3203 1770 Quod
3235 1710 3423 1755 tamen

1850 1807 1926 1862 ait
1947 1824 1960 1861 :
1995 1824 2016 1857 ι
2035 1808 2149 1864 Aut
2171 1806 2327 1861 solus
2343 1817 2447 1875 ego
2469 1811 2526 1858 et
2542 1800 2822 1857 Barnabas
2838 1813 2946 1853 non
2960 1797 3226 1852 habemus
3245 1802 3427 1864 potes-

154 1904 566 1965 διακονούντων
581 1884 779 1976 ναύτοῖς
814 1884 1287 1984 τρέφεσθαι-’.ἐγὼ
1314 1884 1372 1968 δὲ
1406 1915 1499 1969 καὶ
1542 1914 1745 1985 Βαρνά·

1869 1905 2013 1952 atem
2034 1912 2145 1951 non
2166 1893 2455 1966 operandi,
2476 1912 2494 1946 ι
2511 1892 2744 1964 propius
2765 1890 2832 1946 ad
2856 1889 3083 1944 verbum
3102 1887 3175 1940 ita
3192 1884 3427 1953 accipia-

180 1995 392 2062 δας,ὠς
438 2000 706 2069 φαίνεται,
760 2004 946 2074 φησὶν,
982 2004 1082 2059 ούκ
1115 2004 1314 2077 ἔχομεν
1363 2004 1614 2072 ἐξουσίαν
1668 2005 1742 2078 μὴ

187 2087 526 2158 δργάζεσθαι,
555 2093 672 2148 ἀλλ’
703 2094 918 2169 ἀνάγκη
948 2100 1069 2160 ταῖς
1101 2099 1261 2169 χερσὶ
1289 2098 1619 2163 κοπιῶντας,
1653 2097 1747 2153 οῦ-

187 2198 285 2330 τωῗ
330 2185 544 2250 ἑαυτοῖς
589 2186 661 2241 τά
706 2186 844 2260 πρὸς
881 2188 980 2261 τὴν
1019 2190 1323 2260 ἀναγκαίαν
1352 2191 1541 2264 χρείαν
1584 2191 1752 2263 ὶπαρι

193 2292 247 2330 κε
272 2294 297 2330 ν
314 2292 336 2330 :

193 2292 297 2330 κειν
314 2292 336 2343 ;

263 2541 355 2608 Τίς
378 2548 759 2613 στρατεύεται
789 2548 963 2617 ίὸίοις
986 2552 1266 2622 ὀψωνίοις
1296 2553 1476 2619 arcte;
1506 2554 1599 2621 τίς
1644 2571 1756 2624 φυ-

194 2631 341 2685 τεύει
375 2634 717 2705 ἀμπελῶνα,
759 2640 857 2695 καί
894 2641 963 2696 ἐκ
1005 2642 1112 2698 τοῦ
1134 2644 1370 2713 καρποῦ
1414 2645 1602 2701 αὐτοῦ
1644 2649 1756 2701 οὐκ

193 2720 373 2778 ἐσθίει
390 2742 411 2791 ;
446 2728 483 2796 ἢ
514 2728 604 2795 τίς
632 2734 930 2802 ποιμαίνει
954 2736 1237 2806 ποίμνην,
1269 2738 1368 2794 καί
1398 2739 1467 2794 ἐκ
1497 2739 1605 2795 τοῦ
1652 2738 1758 2811 rci-

198 2813 409 2883 ⁸ιιικτος
435 2816 541 2887 τῆς
572 2824 832 2893 ποίμνης
861 2829 973 2882 οὐκ
1003 2828 1235 2895 domet;

241 2906 380 3015 .Tif,
406 2913 557 3015 φησι,
599 2918 1054 3015 στρατευόμενος,
1093 2921 1307 2976 οἴκοθεν
1345 2923 1628 2995 τρέφεται,
1666 2926 1760 2980 καὶ

205 3000 298 3052 οὑκ
324 3000 386 3053 ὲκ
432 3002 532 3073 τῆς
581 3008 904 3076 στρατείαςς
944 3011 1037 3065 καὶ
1081 3013 1240 3067 τοῦτο
1293 3013 1463 3083 λέγει,
1518 3034 1537 3068 ι
1585 3014 1761 3080 ’ἰδίοις

207 3085 460 3157 ὀψωνίοις.
499 3112 520 3147 ι
552 3096 748 3162 Καλῶς
789 3099 846 3153 δὲ
887 3100 950 3155 τὸ
977 3100 1072 3156 τοῦ
1122 3103 1457 3175 στρατιώτου
1498 3105 1762 3177 πρότερον

203 3177 427 3236 τέθεικε.
472 3184 642 3241 Τοῦτο
669 3188 778 3260 γὰρ
808 3190 1065 3262 ἁρμόδιον
1094 3196 1158 3265 τῇ
1201 3194 1475 3264 ἀποστολῇ
1508 3195 1597 3249 διὰ
1636 3197 1763 3258 τοὺς

202 3270 260 3321 ὲν
309 3272 439 3347 αὐτῇ
501 3277 801 3347 κινδύνους,
843 3284 937 3337 καὶ
982 3283 1076 3338 τὸν
1122 3285 1357 3355 πόλεμον
1406 3285 1517 3340 τῶν
1550 3285 1760 3357 νοητῶν

201 3360 426 3433 ἐχθρῶν.
458 3387 478 3420 ι
514 3369 611 3435 Τίς
658 3372 879 3443 φυτεύει
924 3378 1253 3448 ἀμπελῶνας
1295 3397 1315 3431 ι
1369 3377 1553 3433 Ταῦτα
1585 3379 1764 3434 πάντα

206 3451 273 3504 τὶ
319 3458 755 3532 παραδείγματα,
802 3463 1040 3519 δείκνυσι
1084 3467 1279 3539 χρῆναι
1304 3468 1396 3522 τὸν
1444 3468 1763 3532 διδάσκαλον

208 3539 272 3595 ὲκ
296 3544 402 3600 τῶν
426 3550 881 3624 μαθητευομένων
909 3555 1129 3622 ἐσθίειν,
1161 3556 1352 3629 ὥσπερ
1385 3559 1477 3614 τὶν
1510 3559 1768 3629 στρατιώ-

206 3649 305 3740 :th
338 3640 400 3740 ἐκ
439 3641 554 3740 τῆς.
579 3645 889 3717 στρατείας,
939 3647 1033 3702 καὶ
1065 3646 1156 3701 τὸν
1199 3649 1541 3719 φυτεύσαντα
1589 3651 1766 3720 ἀμπε-

206 3724 347 3831 λῶνα
374 3731 435 3786 ἐκ
462 3734 554 3788 τοῦ
584 3738 798 3808 καρποῦ
827 3739 1015 3805 αὐτοῦ,
1058 3741 1151 3795 καὶ
1188 3742 1278 3796 τὸν
1315 3744 1547 3814 ποιμένα
1577 3743 1639 3796 ἐκ
1669 3742 1764 3796 τοῦ

207 3825 300 3888 τῆν
316 3825 558 3897 ,ποίμνης
601 3829 896 3898 γάλακτος.
955 3833 1092 3887 Ἀλλ’
1125 3835 1298 3903 ὅμως,
1348 3837 1499 3905 φησὶ,
1547 3831 1764 3889 καὶτοῦ

208 3909 409 3969 δικαίου
437 3917 594 3975 τοῦτο
618 3921 965 3996 βουλομένου,
1003 3926 1100 3980 καὶ
1126 3926 1220 3980 τοῦ
1252 3928 1458 3999 Κυρίου
1481 3925 1769 3981 κελεύσαν-

211 4018 317 4069 τος.
346 4008 452 4076 ἐγὼ
481 4012 768 4079 ἀδαπάνως
801 4017 929 4088 ὑμῖν
951 4018 1218 4091 ὲκήρυξα.
1239 4018 1328 4073 ῐνα
1354 4019 1427 4089 μή
1458 4035 1579 4073 τινα
1603 4034 1768 4072 σκαν-

212 4094 423 4156 δαλίσω.
468 4104 609 4174 Ἐγὼ
653 4108 941 4180 τοιγαροῦν
988 4110 1083 4164 καὶ
1125 4110 1233 4164 τῶν
1277 4109 1767 4180 ὲπιτετραμμένων

213 4186 543 4264 ἀπεσχόμην,
573 4197 664 4251 διὰ
695 4198 795 4271 τὴν
823 4200 1097 4271 ὑμετέραν
1128 4200 1437 4269 οἰκοδομήν.
1488 4201 1675 4271 Ὑμεῖς
1708 4199 1766 4255 δὲ

214 4281 328 4336 οὐδὲ
358 4286 714 4345 εἰδωλοθύτων
741 4291 1011 4364 ἀπέχεσθε
1042 4293 1130 4347 διὰ
1163 4293 1225 4347 τὸ
1254 4291 1331 4365 μὴ
1358 4292 1615 4364 βλάπτειν
1644 4292 1770 4357 τοὺς

214 4369 481 4444 ἀδελφούς.
515 4373 684 4445 Οὗτος
718 4381 826 4454 γὰρ
867 4385 896 4438 ό
936 4383 1136 4449 σκοπός
1160 4385 1310 4437 ἐστιν
1335 4382 1487 4455 αὑτῷ
1529 4385 1612 4448 είς
1650 4384 1770 4441 ὅλον

213 4464 367 4521 τοῦτο
393 4469 452 4523 τὸ
491 4474 708 4544 χωρίον.
760 4493 778 4527 ι
819 4473 917 4539 Τίς
957 4475 1181 4546 φυτεύει
1218 4475 1558 4547 ἀμπελῶνα;
1591 4495 1609 4531 ι
1675 4478 1770 4531 Ἐκ

1848 1998 1961 2045 tur:
1977 1989 2187 2060 itaque,
2209 1988 2412 2059 inquit,
2428 1984 2610 2043 caeteri
2628 1983 2859 2055 apostoli
2882 1987 3206 2053 potestatem
3224 1978 3428 2033 habent

1848 2094 1959 2137 non
1979 2079 2245 2151 operaudi
2264 2093 2445 2148 neque
2465 2076 2753 2133 laborandi
2779 2074 3052 2137 manibus,
3077 2071 3169 2126 sed
3195 2078 3258 2124 ut
3279 2069 3431 2122 alan-

1854 2183 1949 2230 tur
1968 2188 2036 2229 οι
2058 2174 2147 2229 his
2164 2187 2286 2243 qua:
2307 2171 2413 2227 sibi
2434 2169 2855 2234 ministrentur;
2878 2179 2979 2237 ego
3003 2177 3136 2219 vero
3148 2172 3202 2219 et
3218 2161 3429 2216 Barna-

1851 2266 2309 2336 bas,utapparet,
2340 2278 2451 2318 non
2497 2261 2766 2316 habemus
2796 2262 3121 2329 potestatem
3152 2268 3263 2309 non
3297 2264 3429 2322 ope-

1852 2357 2035 2423 raudi,
2054 2356 2151 2411 sed
2169 2353 2541 2410 necessarium
2558 2360 2643 2407 est
2656 2360 2715 2406 ut
2736 2347 2992 2405 manibus
3008 2348 3337 2409 laborantes,
3357 2345 3432 2398 ita

1853 2446 2016 2503 nobis
2040 2445 2458 2517 suppeditemus
2487 2458 2610 2514 qua:
2638 2441 2705 2496 ad
2732 2452 2893 2495 usum
2921 2446 3051 2493 sunt
3082 2433 3434 2492 necessaria?

1924 2537 2019 2602 ιχ,
2044 2539 2097 2593 7.
2147 2537 2275 2603 Quis
2325 2535 2524 2591 militat
2564 2535 2677 2589 suis
2718 2531 2945 2587 obsoniis
2989 2528 3270 2600 unquam?
3306 2524 3434 2592 Quis

1855 2629 2069 2701 plantat
2107 2631 2317 2684 vineam
2343 2637 2392 2685 et
2416 2627 2480 2682 de
2505 2627 2678 2698 fructu
2710 2625 2824 2695 ejus
2855 2636 2959 2677 non
2989 2619 3136 2676 edit?
3173 2618 3279 2675 Aut
3320 2618 3435 2689 quis

1856 2724 2027 2795 pascit
2051 2739 2277 2795 gregem,
2311 2731 2360 2776 et
2390 2722 2452 2777 de
2485 2720 2618 2777 lacte
2645 2718 2816 2791 gregis
2847 2731 2950 2771 non
2986 2713 3138 2770 edit?

1930 2903 2084 2971 Quis,
2123 2901 2323 2973 inquit,
2357 2901 2520 2956 miles
2543 2912 2574 2954 a
2606 2899 2770 2954 domo
2805 2911 2904 2952 sua
2936 2894 3105 2950 alitur
3139 2901 3195 2946 et
3229 2905 3338 2945 non
3370 2905 3438 2944 ex

1808 2992 1811 2995 λ
1861 2996 2095 3055 militia?
2137 2995 2205 3051 E-t
2252 2994 2361 3049 hoc
2404 3001 2491 3049 est
2520 2991 2669 3063 quod
2705 2992 2783 3045 ait
2819 3007 2832 3043 :
2875 3010 2894 3041 ι
2937 2987 3066 3043 Suis
3099 2983 3365 3039 obsoniis.
3414 2998 3433 3032 ι

1862 3087 2010 3145 Bene
2038 3095 2224 3143 autem
2259 3084 2453 3140 militis
2481 3083 2792 3153 exemplum
2829 3079 2985 3151 prius
3026 3076 3211 3148 posuit
3253 3091 3268 3128 :
3312 3087 3437 3128 nam

1866 3179 1921 3235 id
1961 3188 2151 3250 aptum
2187 3188 2278 3234 est
2319 3175 2651 3247 apostolatui
2696 3182 2925 3244 propter
2962 3186 3027 3226 ea
3064 3185 3185 3240 quae
3225 3167 3282 3222 in
3318 3166 3439 3238 ipso

1788 3240 1833 3298 θ
1867 3279 1997 3330 sunt
2019 3270 2263 3341 pericula
2282 3278 2339 3324 et
2359 3267 2564 3323 bellum
2590 3240 3043 3320 intellectu-alium
3069 3260 3437 3315 inimicorum.

1875 3383 1895 3417 ι
1922 3363 2058 3430 Quis
2086 3362 2295 3432 plantat
2317 3360 2532 3416 vineam
2552 3360 2575 3411 ?
2602 3378 2619 3409 ι
2649 3356 2773 3413 “me
2784 3355 2969 3411 omnia
2990 3353 3237 3422 exempla
3255 3359 3442 3405 osten-

1867 3456 2007 3514 dunt
2048 3464 2307 3526 oportere
2347 3461 2743 3525 prmeeptorem
2776 3450 2853 3505 ali
2885 3449 2956 3503 ab
2990 3447 3078 3502 bis
3110 3445 3203 3515 qui
3234 3444 3406 3499 doceu
3426 3470 3443 3483 -

1869 3558 1981 3615 tur,
2026 3547 2489 3619 quemadmodum
2531 3546 2763 3601 militem
2810 3559 2877 3598 ex
2922 3540 3139 3602 militia,
3185 3548 3242 3593 et
3286 3535 3441 3590 illum

1869 3643 1963 3714 qui
1997 3642 2266 3713 plantavit
2294 3639 2509 3696 vineam
2538 3654 2609 3694 ex
2643 3638 2792 3692 illius
2820 3635 3025 3699 fructu,
3055 3637 3443 3703 pastoremque

1869 3749 1902 3790 e
1934 3734 2075 3789 lacte
2105 3734 2306 3806 gregis.
2343 3733 2410 3788 Et
2443 3740 2623 3786 tamen
2654 3742 2964 3799 quanquam
2997 3733 3054 3780 et
3078 3721 3326 3792 aequitas,
3363 3718 3448 3772 iu-

1871 3822 2016 3893 quit,
2060 3821 2169 3877 hoc
2214 3820 2483 3891 requirat,
2529 3828 2587 3873 et
2628 3817 2893 3872 Dominus
2942 3815 3027 3869 ita
3061 3810 3305 3884 jusserit,
3344 3821 3446 3877 ego

1873 3915 1994 3971 sine
2024 3922 2244 3983 sumptu
2268 3911 2423 3967 vobis
2443 3907 2757 3980 praedicavi,
2784 3922 2851 3962 ne
2879 3921 3057 3962 essem
3085 3903 3244 3961 vobis
3270 3901 3448 3957 oﬂ'en-

1874 4006 2079 4062 diculo.
2111 4006 2223 4076 Ego
2257 4004 2421 4076 igitur
2447 4003 2613 4058 etiam
2652 4000 2721 4055 ab
2762 4000 2847 4054 bis
2879 3997 3121 4053 abstinui
3151 4010 3274 4065 quae
3307 4008 3442 4048 can-

1874 4113 2028 4153 cessa
2058 4104 2239 4161 erant,
2280 4102 2508 4166 propter
2548 4100 2785 4147 vestram
2829 4089 3248 4147 aediﬁcationem
3297 4103 3310 4139 :
3352 4100 3450 4140 vos

1876 4198 2061 4245 autem
2087 4202 2265 4259 neque
2288 4186 2357 4241 ab
2386 4185 2472 4240 his
2494 4200 2617 4254 quae
2643 4182 2805 4237 idolis
2828 4179 3107 4235 immolata
3135 4186 3265 4233 sunt
3287 4174 3453 4231 absti-

1877 4282 2042 4346 netis,
2066 4295 2135 4334 ne
2162 4277 2426 4333 fratribus
2456 4282 2850 4330 nocumentutn
2882 4270 3148 4326 inferatis.
3176 4269 3310 4323 Nam
3337 4274 3450 4320 tota

1879 4374 1983 4431 bac
2020 4379 2175 4443 parte
2212 4370 2304 4424 bie
2345 4369 2466 4440 ejus
2511 4381 2710 4436 scopus
2750 4374 2856 4419 est.
2894 4381 2912 4414 ι
2956 4362 3091 4428 Quis
3118 4361 3328 4431 plantat
3366 4358 3452 4413 γί-

1879 4463 2083 4520 neam?
2115 4481 2133 4514 ι
2176 4462 2279 4517 Per
2313 4461 2530 4514 vineam
2569 4455 2839 4527 significat
2881 4453 3122 4507 laborem
3158 4451 3251 4521 qui
3281 4458 3365 4505 est
3396 4449 3453 4504 in

216 4557 305 4611 τοῦ
335 4562 668 4632 ἀμπελῶνος,
716 4567 808 4622 τὸν
847 4569 905 4622 ὲν
949 4571 1017 4641 τῇ
1052 4545 1325 4640 ἀποστολῇ
1375 4570 1535 4623 πόνον
1590 4570 1759 4639 δηλοῖ.

1881 4555 2210 4629 apostolatu.
2239 4573 2257 4606 ι
2290 4553 2398 4608 Aut
2421 4551 2545 4624 quis
2566 4546 3011 4621 pascitgregem?
3044 4564 3063 4597 ι
3101 4545 3210 4600 Per
3232 4557 3453 4615 gregem

223 4663 242 4699 ι
280 4651 351 4703 Ἦ
388 4654 468 4720 τίς
511 4657 789 4727 ποιμαίνει
832 4635 1110 4730 uoluunt);
1156 4677 1174 4711 ι
1237 4635 1339 4713 Διά
1391 4658 1493 4731 τῆς
1543 4635 1759 4731 ποίμνης

1880 4647 2152 4718 significat
2165 4645 2468 4701 doctrinam
2490 4652 2546 4698 et
2564 4641 2844 4714 providam
2859 4635 3321 4711 gubernationem
3336 4648 3457 4704 qua:

215 4735 363 4813 δηλοῖ
410 4745 506 4817 τὴν
553 4746 774 4820 διδαχὴν
817 4749 911 4803 καὶ
954 4746 1067 4820 τὴν
1103 4746 1429 4822 κηδεμονίαν
1479 4746 1577 4819 τὴν
1617 4748 1675 4801 ἐν
1708 4750 1776 4821 τῇ

216 4824 497 4912 ἀποστολῇ.

285 4930 377 4998 Μὴ
417 4931 561 4987 κατὰ
590 4932 904 5001 ἄνθρωπον
926 4934 1113 4989 ταῦτα
1136 4934 1304 4989 λαλῶ
1320 4950 1340 4999 ;
1369 4932 1406 5003 ἢ
1442 4933 1577 5004 οὐχὶ
1613 4934 1711 4988 καὶ
1742 4936 1776 4989 ό

215 5021 390 5092 νόμος
401 5025 580 5080 ταῦτα
597 5041 616 5090 ;
650 5026 755 5080 Ἔν
767 5027 873 5097 γὰρ
890 5025 969 5093 τῷ
988 5027 1246 5094 Μωσέως
1266 5028 1426 5096 νόμῳ
1441 5027 1779 5097 γέγραπται.

217 5115 303 5169 οὺ
332 5118 607 5188 φιμώσεις
642 5119 806 5185 ,βοῦν
830 5118 1125 5177 ἀλοῶντα.
1147 5119 1244 5188 Μὴ
1276 5117 1396 5173 τῶν
1419 5118 1588 5185 ,βοῶν
1606 5119 1781 5190 μέλει

214 5206 298 5274 τῷ
345 5210 495 5278 Θεῷ;
537 5216 615 5269 "H
657 5213 732 5268 δι’
791 5212 951 5285 ἡμᾶς
993 5213 1232 5280 πάντως
1260 5213 1456 5284 Jsret;
1492 5213 1571 5267 Δι’
1622 5211 1784 5282 ἡμᾶς

207 5303 325 5370 γάρ
356 5303 575 5374 ἐῇιοάερη
630 5305 722 5361 ὅτι
768 5305 860 5361 ἐπ’
890 5304 1093 5360 ἐλπίδι
1147 5304 1375 5374 ὀφείλει
1405 5305 1439 5358 ό
1492 5302 1783 5372 ἀροτριῶν

212 5391 509 5466 ἀροτριᾷν,
531 5399 630 5454 καί
663 5400 696 5453 ὁ
725 5395 926 5454 ἀλοῶν
950 5396 1061 5466 τῆς
1113 5394 1364 5462 ἐλπίδος
1424 5393 1612 5452 αὑτοῦ
1647 5411 1786 5464 μετ-

206 5484 377 5554 ἐχειν
403 5491 491 5544 ἐπ’
516 5490 739 5546 ἑλπίδι.

302 5577 511 5653 Ἐπειδὴ
561 5580 623 5634 τὸ
674 5581 971 5653 τρέφεσθαι
1036 5581 1102 5635 ὲκ
1155 5580 1265 5635 τῶν
1325 5578 1784 5652 μαθητευομένων

212 5661 402 5735 ἔδειξε,
444 5672 538 5726 καὶ
581 5672 692 5726 τῶν
728 5671 933 5725 λοιπῶν
972 5671 1286 5727 ἀποστόλων
1342 5666 1481 5725 εἶναι
1542 5668 1641 5739 τὴν
1676 5684 1787 5722 κοι-

214 5763 314 5834 νὴν
342 5768 620 5839 συνήθειαν
646 5769 806 5823 τοῦτο
835 5767 1142 5839 βούλεσθαι,
1171 5766 1357 5821 λοιπδν
1389 5767 1481 5820 καὶ
1509 5762 1620 5819 ἀπὸ
1650 5763 1788 5835 Γραο

220 5858 382 5928 τοκῆι
414 5860 713 5931 μαρτνρὶεις
740 5858 881 5913 Θέλει
900 5858 1056 5913 τοῦτο
1082 5857 1472 5923 πιστώσασθαι,
1508 5854 1603 5911 καί
1628 5868 1781 5925 φησι·

1878 4751 1965 4800 est
1978 4742 2053 4798 -in
2082 4741 2412 4813 apostolatu.

1951 4924 2042 4986 IX.
2079 4924 2112 4980 8
2144 4921 2230 4976 l0.
2272 4917 2409 4974 Num
2448 4914 2733 4971 secundum
2776 4910 3035 4965 hominem
3084 4908 3192 4961 hac
3234 4902 3459 4975 loquor?

1883 5035 2062 5075 annon
2123 5024 2173 5069 et
2237 5012 2321 5067 lex
2361 5010 2544 5064 eadem
2597 5005 2770 5061 dicit?
2810 5002 3021 5058 Etenim
3068 5000 3125 5054 in
3178 4997 3308 5052 Mosi
3349 4995 3461 5066 lege

1879 5113 2135 5182 scriptum
2167 5117 2241 5163 est
2268 5122 2286 5159 :
2312 5104 2429 5159 Non
2468 5098 2733 5155 obturabis
2760 5113 2815 5149 os
2849 5093 2963 5148 bovi
2995 5092 3291 5146 trituranti.
3317 5088 3457 5144 Num

1883 5206 2029 5260 bores
2072 5216 2213 5256 curw
2248 5205 2368 5253 sunt
2412 5192 2565 5249 Deo?
2601 5190 2683 5245 An
2729 5189 2823 5241 hoc
2864 5193 3076 5258 propter
3120 5199 3212 5237 nos
3249 5183 3461 5235 omnino

1884 5295 2048 5350 dicit?
2075 5293 2297 5362 Propter
2334 5304 2427 5343 nos
2466 5285 2606 5339 enim
2636 5279 2889 5351 scriptum
2924 5286 2997 5331 est
3031 5273 3170 5346 quod
3203 5271 3384 5326 debeat
3418 5271 3462 5324 is

1884 5391 1973 5462 qui
1998 5396 2118 5443 arat
2148 5386 2242 5442 sub
2271 5400 2359 5455 spe
2385 5395 2544 5437 arare
2568 5418 2583 5441 ,
2613 5387 2662 5431 et
2688 5376 2778 5445 qui
2805 5374 3043 5433 triturat,
3068 5369 3177 5440 spei
3204 5379 3314 5421 sua?
3340 5379 3464 5434 par-

1887 5484 2045 5553 ticeps
2075 5495 2184 5534 esse
2213 5476 2305 5531 sub
2335 5490 2447 5546 spe.

1955 5541 2121 5645 £99
2153 5541 2420 5637 Quoniam
2453 5560 2682 5619 alendos
2710 5571 2836 5612 esse
2877 5548 3116 5608 ostendit
3148 5544 3217 5601 ab
3249 5543 3336 5598 bis
3365 5541 3462 5599 uui

1888 5639 2177 5725 docentur,
2220 5656 2480 5729 quodque
2512 5652 2620 5708 hoc
2660 5650 2735 5703 ita
2772 5646 2867 5709 sit,
2899 5639 3093 5697 suadet
3134 5644 3463 5691 caeteroer

1887 5756 2260 5830 apostolorum
2305 5744 2613 5805 communis
2659 5733 3024 5798 consuetudo,
3063 5734 3466 5830 consequenter

1887 5815 2051 5907 eiiam
2086 5846 2190 5918 her:
2221 5860 2250 5898 a
2280 5838 2580 5910 Scripturte
2616 5825 2931 5887 testimonio
2964 5821 3079 5875 vult
3113 5815 3466 5873 confirmare-
