3872 6616
416 393 524 458 750

1495 403 1830 466 (EUUMEN
1836 405 1897 466 ΙΙ
1931 406 1976 466 Τ
1981 407 2015 466 Β

2122 406 2224 468 [ΣΕ
2260 405 2605 468 EPISCOPI
3579 408 3670 471 760

421 520 475 565 ut
505 510 582 564 alt
615 525 629 565 :
674 528 695 562 ι
730 508 873 566 Num
905 511 1208 568 secundum
1239 511 1524 570 hominem
1558 516 1674 574 hac
1709 517 1945 589 loquor?
1983 539 2000 574 ι

2122 538 2136 574 ι
2173 522 2265 594 Μὴ
2301 521 2442 576 κατά
2488 520 2779 593 ἄνθρωπον
2811 521 2983 576 ταῦτα
3017 520 3200 587 λαλῶς
3245 539 3264 573 s
3296 523 3557 587 τουτέστι,
3591 527 3670 599 Μὴ

424 605 527 658 hoc
581 615 686 665 est.
743 605 882 659 Num
949 607 1125 661 solum
1188 608 1408 662 videtur
1483 609 1590 666 hoc
1654 611 2013 668 horninibus?

430 697 537 749 Aut
571 695 938 751 humanorum
983 705 1192 752 tantum
1218 699 1602 770 exemplorum
1626 717 1849 772 possum
1871 718 2009 758 con-

428 787 644 842 ﬁrmare
690 789 943 843 ratione?
979 787 1173 845 Annon
1207 799 1262 846 et
1285 792 1581 848 lexeadem
1615 794 1786 850 dicit?
1814 813 1832 848 ι
1867 795 2011 850 Num

427 880 597 936 boves
619 897 766 936 cura:
797 891 925 938 sunt
961 884 1112 938 Deo?
1138 905 1154 936 ι
1176 885 1253 941 Ne
1277 887 1403 956 quis
1432 887 1617 943 dicat:
1646 889 1718 955 Et
1745 904 2010 959 quorsum

429 975 726 1031 azlductum
755 983 841 1032 est
863 977 1008 1048 quod
1039 978 1107 1033 de
1126 977 1305 1034 bobus
1331 979 1542 1034 dictum
1563 981 1675 1036 est?
1693 981 1800 1035 ait:
1823 999 1842 1032 ι
1867 979 2010 1035 Num

319 1108 331 1115 .
428 1068 597 1122 boves
641 1085 788 1124 cura:
826 1078 957 1126 sunt
1000 1071 1112 1126 Deo
1129 1073 1157 1125 ?-
1183 1090 1200 1123 ι
1246 1071 1448 1128 Curam
1493 1075 1685 1144 utique
1720 1073 1861 1145 gerit
1896 1074 2012 1145 ipse

426 1160 595 1216 etiam
631 1163 700 1216 de
736 1162 947 1230 brutis,
979 1173 1036 1220 at
1068 1181 1179 1220 non
1215 1167 1287 1221 ita
1325 1175 1390 1222 ut
1421 1177 1646 1238 propter
1680 1168 1793 1238 ipsa
1833 1168 2012 1238 legem

424 1266 649 1322 quoque
681 1253 959 1322 posuisset
989 1271 1002 1308 :
1034 1256 1128 1310 sed
1166 1271 1266 1326 per
1293 1257 1398 1313 hoc
1427 1259 1544 1313 vult
1575 1273 1678 1314 nos
1711 1259 2010 1324 instruere,

426 1341 572 1409 quod
607 1341 924 1398 laborantes
953 1360 1062 1400 non
1099 1345 1304 1403 frustra
1337 1348 1675 1414 laboremus,
1704 1350 1802 1406 sed
1829 1365 1896 1406 ex
1930 1351 2013 1405 la-

427 1431 658 1489 boribus
690 1435 873 1490 alendi
908 1453 1120 1494 sumus.
1160 1439 1351 1511 Itaque
1379 1449 1436 1497 et
1473 1457 1574 1512 ego
1599 1442 1694 1512 qui
1724 1442 1971 1498 laboravi
1993 1479 2013 1511 ,

426 1524 628 1596 dignus
660 1542 784 1582 sum
814 1529 908 1598 qui
939 1531 1150 1588 a-vobis
1173 1535 1308 1588 alar.
1349 1554 1368 1587 ι
1401 1533 1483 1590 An
1515 1536 1621 1591 hoc
1653 1549 1882 1608 propter
1910 1553 2012 1596 nos

426 1619 656 1674 omnino
681 1620 858 1675 dicit?
889 1641 910 1674 s
945 1621 1202 1692 Omnino,
1237 1626 1289 1682 id
1315 1637 1422 1694 est,
1447 1637 1509 1684 ut
1538 1628 1593 1683 in
1621 1628 1874 1685 confesso
1904 1638 2011 1696 est,

427 1709 688 1765 omnibus
726 1712 924 1768 modis.
977 1734 994 1766 ι
1036 1715 1175 1783 Quia
1221 1719 1325 1774 sub
1367 1735 1463 1790 spe
1507 1719 1693 1776 debet.
1732 1740 1751 1774 ι
1803 1722 2014 1780 Insistit

429 1809 590 1871 tropo
618 1804 713 1873 qui
744 1804 812 1860 de
842 1805 1018 1862 bobus
1041 1818 1145 1864 est.
1167 1808 1306 1878 Quia
1337 1822 1663 1883 praeceptor,
1689 1814 1888 1886 inquit,
1915 1816 2013 1872 de-

2113 618 2226 680 τοῖς
2263 613 2574 686 ἀνθρώποις
2605 614 2768 685 μόνον
2791 614 2950 668 τοῦτο
2983 613 3148 679 δοκεῖ,
3181 613 3214 684 ἥ
3246 611 3308 679 ἐξ
3337 613 3670 684 ἀνθρωπίνων

2115 705 2576 777 παραδειγμάτων
2615 704 2777 758 τοῦτο
2804 704 2912 774 ἔχω
2943 703 3211 773 συστῆσαι
3240 703 3320 773 τῷ
3357 702 3525 774 λόγῳς
3571 705 3673 775 οὗχὶ

2115 802 2210 856 καὶ
2236 801 2264 854 6
2296 799 2460 870 νόμος
2488 799 2664 854 ταῦτα
2695 798 2880 866 λέγει;
2921 818 2939 848 ι
2988 798 3078 867 Μὴ
3110 797 3219 850 τῶν
3261 796 3402 866 βοῶν
3437 797 3581 865 μέλει
3609 800 3674 870 τῷ

2114 890 2264 960 Θεῷ;
2305 909 2324 943 s
2361 889 2478 942 Ἵνα
2505 889 2579 960 μή
2606 906 2692 952 τις
2711 889 2864 960 εἴπῃ,
2885 887 2996 943 Καὶ
3035 885 3089 939 τί
3120 886 3290 956 ἀνῆκε
3322 884 3457 956 πρὸς
3471 886 3532 938 τὸ
3561 904 3676 957 προ.

2114 982 2368 1053 κείμενον
2390 981 2450 1034 τὸ
2485 980 2751 1052 περὶτῶν
2791 979 2962 1052 βοῶν;
3005 979 3162 1051 φησι,
3215 997 3233 1030 ι
3277 977 3369 1048 Μὴ
3411 977 3518 1031 τῶν
3558 977 3674 1048 pain

2118 1075 2272 1146 μέλει
2301 1073 2558 1146 τῷεθεῷς
2597 1093 2620 1126 s
2647 1073 2816 1129 Μέλει
2849 1074 2949 1145 μὲν
2977 1073 3088 1143 γὰρ
3123 1072 3273 1141 αὐτῷ
3305 1072 3402 1125 καὶ
3433 1070 3560 1142 περὶ
3586 1073 3675 1124 τῶν

2115 1169 2290 1238 ζώων,
2323 1170 2423 1242 οὐχ
2464 1168 2636 1232 οὕτως
2683 1167 2740 1221 δέ
2777 1167 2852 1232 ὡς
2892 1168 2988 1222 καὶ
3026 1168 3192 1238 νόμον
3230 1165 3300 1220 δι’
3327 1164 3524 1228 αὐτοὺς
3551 1164 3677 1219 τιθέ-

2113 1284 2225 1321 ναι.
2280 1266 2418 1319 ’Δλλ’
2453 1267 2518 1320 ἐκ
2545 1264 2738 1319 τούτου
2769 1262 3062 1317 παιδεῦσαι
3092 1263 3241 1332 ἡμᾶς
3271 1260 3545 1330 βούλεται,
3567 1261 3678 1323 τοὺς

2114 1359 2426 1423 κοπιῶντας
2455 1359 2529 1430 μὴ
2561 1359 2839 1427 ἀνονήτοις
2870 1358 3094 1426 κοπιᾷν,
3137 1354 3275 1409 ἀλλά
3319 1351 3608 1425 τρέφεσθαι
3626 1354 3678 1406 ἐκ

2111 1449 2222 1505 τῶν
2247 1454 2446 1504 πόνων.
2492 1449 2648 1503 Ἐπεὶ
2678 1445 2772 1502 οὖν
2805 1447 2900 1501 καὶ
2939 1446 3052 1515 ἐγὼ
3091 1446 3151 1509 ὃς
3177 1444 3470 1509 ἐκοπίασα,
3493 1443 3679 1506 δίκαιος

2115 1547 2266 1618 ἥμην
2293 1545 2614 1617 τρέφεσθαιι
2664 1563 2684 1596 ι
2729 1545 2801 1598 Ἦ
2821 1542 2890 1598 δι’
2910 1544 3061 1615 ἡμᾶς
3089 1542 3309 1605 πάντως
3326 1540 3513 1608 λέγεις
3544 1558 3562 1591 s
3599 1541 3676 1602 τέ,

2121 1659 2144 1692 ι-
2163 1641 2400 1704 πάντως,
2415 1656 2436 1689 ν
2448 1637 2523 1702 ὡς
2537 1637 2628 1690 ἐπὶ
2644 1635 3082 1706 ὁμολογουμένου
3103 1652 3173 1702 φη
3183 1634 3257 1695 αἱ.
3273 1632 3546 1695 τουτέστι,
3564 1633 3677 1684 πᾶσι

2112 1735 2359 1806 τρόποις.
2377 1751 2395 1784 ι
2409 1733 2531 1785 Ὀτι
2545 1730 2631 1784 ἐπ’
2654 1730 2831 1784 ἐλπίδι
2847 1729 3075 1797 ὀφείλει.
3089 1745 3108 1779 ι
3126 1726 3427 1796 Ἐπέμεινε
3438 1726 3507 1794 τῇ
3525 1727 3677 1795 τροπῇ

2114 1826 2221 1879 τῶν
2248 1823 2407 1894 βοῶν.
2426 1823 2552 1876 Ὀτι
2589 1824 2618 1876 6
2642 1820 2984 1883 διδάσκαλος,
3016 1819 3202 1890 φησὶν,
3227 1817 3438 1885 όφεᾶει
3469 1815 3576 1868 τῶν
3599 1815 3678 1868 πό⁶

429 1895 521 1950 bet
554 1898 937 1967 repensionem
979 1901 1184 1958 habere
1223 1903 1497 1971 laborum,
1533 1921 1642 1962 non
1683 1911 1828 1978 quod
1863 1909 2015 1965 nulla

2122 1934 2225 1970 νων
2271 1915 2416 1986 ἔχειν
2459 1914 2716 1985 ἀμοιὸἀς,
2741 1912 2862 1984 οὐχὶ
2915 1914 2999 1982 ἐφ’
3039 1913 3146 1979 ὅτῳ
3192 1910 3363 1981 μηδὲν
3393 1907 3678 1980 περαιτέρω

430 1989 678 2046 ulteriori
708 1991 984 2050 fruiturus
1013 1995 1086 2050 sit
1118 1998 1509 2064 retributione,
1549 2001 1642 2057 sed
1675 2001 1819 2072 quod
1860 2017 2012 2071 spem

426 2081 628 2139 habeat
659 2095 782 2154 post
813 2086 954 2142 hanc
984 2091 1340 2160 temporalem
1373 2108 1709 2165 parvamque
1733 2096 2012 2165 repensio-

427 2189 554 2229 nem
581 2177 746 2232 etiam
771 2188 975 2236 :eterna
1007 2197 1070 2236 ac
1096 2186 1537 2252 supernaturalia
1569 2186 1813 2243 nancisci
1846 2187 2012 2244 bona.

428 2267 560 2324 Nam
591 2281 646 2326 et
680 2271 784 2327 hoc
819 2274 1092 2344 significat
1119 2277 1266 2346 quod
1299 2278 1615 2349 subiungit:
1647 2299 1665 2330 ι
1697 2279 1762 2335 Ει
1792 2282 1886 2351 qui
1919 2282 2016 2337 tri-

430 2368 600 2424 turat,
635 2362 755 2430 spei
783 2379 895 2419 suae
932 2367 1209 2437 particeps
1241 2384 1363 2423 esse
1397 2370 1503 2425 sub
1533 2385 1650 2441 spe.
1677 2391 1694 2424 ι
1727 2372 2013 2443 Siquidem

429 2453 661 2522 apostoli
706 2470 864 2524 spem
895 2457 1175 2514 habebant
1205 2461 1352 2530 quod
1384 2462 1453 2516 ab
1487 2462 1572 2518 his
1608 2463 1700 2534 qui
1733 2463 2014 2520 doceban-

430 2550 521 2597 tur
542 2557 1020 2616 consequerentur
1045 2549 1372 2621 obsequium
1395 2568 1506 2623 quo
1532 2555 1855 2610 alimentum
1885 2557 2016 2612 sub-

429 2637 872 2705 ministraretur,
919 2653 976 2698 et
1015 2647 1517 2716 consequebantur.
1572 2650 1740 2720 Atqui
1782 2665 1892 2705 non
1959 2650 2014 2705 id

427 2738 546 2784 erat
589 2730 723 2801 ipsis
752 2747 878 2805 spes
915 2734 1130 2801 ﬂnalis;
1163 2737 1259 2792 sed
1295 2738 1396 2794 bac
1429 2754 1525 2808 spe
1556 2738 1806 2795 fruentes
1839 2741 2014 2812 majo-

432 2836 547 2876 rem
585 2823 768 2878 adhuc
809 2827 1204 2897 exspectabant
1242 2845 1306 2885 ac
1331 2831 1647 2900 Sperabant.
1682 2830 1796 2887 I'Ioc
1829 2843 2014 2888 autem

430 2914 527 2975 ait,
563 2915 707 2984 quod
743 2917 882 2972 nihil
917 2919 1253 2990 impediebat
1289 2921 1605 2978 futurorum
1646 2939 1798 2994 spem
1836 2941 1899 2980 ac
1934 2943 2018 2982 re-

434 3007 792 3064 tributionem
837 3011 1135 3074 bonorum,
1169 3015 1417 3084 acceptio
1452 3016 1744 3072 ministerii
1791 3033 1901 3088 quo
1947 3019 2016 3074 ab

433 3101 521 3156 his
561 3103 656 3172 qui
699 3103 1046 3161 docebantur
1090 3107 1352 3163 alimenta
1402 3109 2012 3166 subministrabantur:

431 3193 560 3250 hinc
600 3197 918 3265 signiﬁcans
947 3199 1092 3270 quod
1123 3200 1275 3256 Licet
1313 3202 1451 3256 nihil
1481 3202 1745 3273 impediat
1775 3203 2013 3259 futuram

433 3289 878 3353 retributionem.
914 3309 948 3348 a-
973 3293 1262 3364 discipulis
1303 3295 1396 3351 hic
1437 3296 1688 3366 accipere
1729 3297 2012 3365 alimenta,

430 3397 540 3436 non
574 3392 758 3437 tamen
797 3383 1010 3454 accepi,
1049 3384 1250 3454 inquit.
1305 3386 1568 3442 Plurimis
1607 3399 1791 3443 autem
1837 3389 2016 3444 modis

435 3476 632 3530 nititur
681 3485 934 3532 astruere
993 3479 1140 3548 quod
1192 3480 1425 3534 vetitum
1485 3497 1596 3535 non
1656 3481 1845 3546 fuerit,
1898 3491 2015 3536 tum

433 3580 660 3640 propter
695 3570 749 3624 id
797 3570 944 3641 quod
985 3571 1193 3626 dictum
1235 3581 1341 3636 est,
1388 3580 1504 3626 tum
1538 3589 1607 3628 ne
1652 3575 1768 3644 ipse
1815 3575 1919 3629 hac
1955 3590 2016 3630 re

433 3664 743 3726 abstinens.
771 3664 1097 3723 calumniari
1131 3679 1227 3719 eos
1253 3664 1538 3719 videretur
1566 3667 1660 3736 qui
1694 3667 2014 3722 utebantur.

439 3775 460 3808 ι
493 3757 561 3811 Ει
619 3758 712 3827 qni
754 3758 995 3824 triturat,
1038 3759 1154 3830 spei
1173 3774 1305 3814 suae.
1340 3777 1358 3809 ι
1390 3758 1539 3814 Idem
1572 3775 1794 3814 rursum
1825 3768 2019 3831 tropus

435 3858 541 3904 est.
577 3869 594 3901 ι
623 3851 691 3904 Et
718 3850 811 3922 qui
843 3851 1091 3916 triturat,
1111 3851 1438 3922 inquit,spei
1459 3867 1570 3907 sua:
1597 3852 1872 3923 particeps
1897 3869 2018 3908 esse.

435 3941 539 3996 sub
567 3957 685 4012 spe.
729 3960 748 3995 ι
779 3943 1050 4010 Quoniam
1089 3944 1237 4000 enim
1282 3943 1330 3998 is
1370 3944 1463 4014 qui
1488 3953 1606 3999 arat
1651 3945 1705 3999 in
1737 3960 1833 4015 spe
1877 3954 2016 4011 arat,

437 4036 539 4090 hac
567 4037 732 4091 etiam
779 4051 879 4107 spe
917 4036 1026 4092 frui
1055 4037 1218 4093 debet
1253 4038 1343 4108 qui
1386 4037 1737 4108 postmodum
1768 4037 2015 4104 triturat,

435 4145 542 4197 qua
590 4129 848 4200 sperabat
896 4130 1032 4185 dum
1080 4139 1285 4187 araret.
1333 4131 1466 4198 Quae
1488 4141 1574 4188 est
1616 4141 1803 4188 autem
1851 4132 2018 4202 spes?

436 4221 597 4293 500
630 4239 825 4295 nempe
855 4222 1002 4294 quod
1037 4223 1311 4294 particeps
1337 4225 1444 4279 erit
1478 4223 1781 4280 fructuum.
1807 4224 2019 4279 Deinde

435 4315 610 4380 addit,
643 4333 661 4368 ι
693 4315 807 4372 Sub
841 4333 961 4387 spe.
988 4336 1006 4369 ι
1044 4316 1122 4372 Ne
1157 4316 1280 4385 quis
1306 4316 1455 4372 enim
1482 4317 1631 4372 dicat
1669 4334 1682 4368 :
1716 4317 2017 4371 Tantorum

433 4424 564 4478 ergo
606 4409 858 4465 laborum
895 4427 1033 4481 quos
1067 4413 1340 4466 sustinent
1373 4411 1629 4482 apostoli,
1661 4410 1779 4465 haec
1814 4417 1900 4465 est
1931 4424 2019 4464 re-

436 4502 685 4564 tributio.
727 4512 856 4573 puta
884 4502 1090 4558 edere?
1117 4502 1331 4557 addidit
1370 4521 1387 4554 ι
1423 4501 1537 4557 Sub
1569 4517 1686 4572 spe,
1718 4519 1736 4553 ι
1773 4501 1880 4557 hoc
1912 4509 2018 4567 est,

435 4608 531 4663 spe
561 4593 787 4665 quidem
815 4593 1128 4648 futurorum
1167 4594 1436 4648 bonorum
1470 4593 1724 4649 laborant
1754 4595 2011 4664 apostoli,
2048 4633 2092 4690 υ

434 4697 675 4743 attamen
700 4695 919 4759 oportet
943 4701 1162 4758 quoque
1189 4687 1318 4741 hinc
1345 4687 1398 4741 in
1432 4685 1778 4757 refrigerium
1809 4687 2016 4742 habere

435 4791 736 4853 sumptum,
763 4781 832 4836 ab
864 4780 950 4834 his
972 4779 1066 4851 qui
1097 4779 1385 4835 docentur.
1419 4779 1534 4834 lIoc
1561 4787 1743 4834 autem
1775 4779 2020 4834 ostendit

435 4875 582 4946 quod
611 4874 714 4930 sub
744 4873 926 4928 futura
959 4888 1054 4944 spe
1088 4872 1414 4943 participem
1449 4886 1573 4927 esse
1601 4879 1856 4942 oporteat
1883 4872 2015 4928 alte-

437 4968 554 5023 rius
583 4983 802 5040 quoqne
831 4967 970 5038 spei,
1002 4967 1109 5022 hoc
1137 4975 1240 5027 est.
1271 4965 1517 5021 alimenti
1561 4981 1626 5020 ac
1665 4973 2016 5021 cmterorum.

506 5062 601 5124 IX.
638 5062 725 5128 Η,
757 5062 840 5116 12.
884 5059 943 5118 Si
984 5077 1078 5116 nos
1109 5061 1249 5115 vobis
1277 5059 1584 5131 spiritantia
1619 5061 2018 5124 seminavimus,

438 5172 693 5228 magnum
722 5163 796 5210 est
833 5157 879 5210 si
915 5171 1007 5210 nos
1038 5155 1284 5209 carnalia
1315 5161 1487 5208 vestra
1517 5153 1933 5208 messuerimus?
1962 5153 2021 5209 Si

435 5252 532 5310 alii
567 5251 841 5324 potestatis
872 5265 998 5321 erga
1027 5265 1114 5304 uos
1148 5249 1431 5320 participes
1467 5257 1612 5311 sunt,
1646 5263 1742 5301 cur
1780 5263 1882 5301 non
1923 5263 2021 5315 po-

435 5348 539 5401 tius
619 5345 759 5400 nos?
803 5343 965 5411 Atqui
1015 5359 1120 5398 non
1190 5342 1271 5396 usi
1338 5357 1521 5396 sumus
1559 5349 1815 5412 potestate
1865 5342 2020 5394 ista:

430 5444 524 5497 sed
566 5440 747 5496 omnia
789 5439 1088 5512 sufferimus
1130 5453 1195 5492 ne
1238 5435 1380 5508 quod
1427 5434 1800 5506 offendiculum
1840 5435 2023 5488 demus

434 5535 728 5608 Evangelia
759 5534 975 5591 Christi.

505 5628 714 5686 Deinde
746 5628 893 5683 aliud
927 5641 1148 5698 quoque
1185 5623 1343 5687 dicit,
1374 5631 1435 5676 ut
1469 5619 1722 5675 ostendat
1759 5630 2019 5690 oportere

434 5729 829 5794 praeceptorem
861 5718 956 5773 ali.
985 5717 1107 5772 Non
1144 5724 1205 5772 ut
1235 5711 1461 5776 similia,
1496 5711 1695 5780 inquit,
1731 5710 2023 5780 praebentis

440 5814 531 5874 his
559 5829 680 5886 quae
697 5811 1008 5883 accepistis.
1026 5810 1163 5864 Nam
1195 5807 1241 5862 si
1266 5821 1370 5860 nos
1393 5802 1702 5874 spiritualia
1733 5802 1786 5856 in
1811 5815 1908 5856 vos
1937 5817 2022 5857 se-

439 5903 790 5970 minavimus,
820 5903 922 5956 hoc
951 5910 1056 5967 est,
1083 5897 1437 5970 przehnimus,
1477 5910 1544 5950 an
1574 5907 1828 5964 magnum
1864 5898 1947 5948 est
1977 5893 2019 5946 si

2116 2007 2471 2070 ἀπολαύσειν,
2511 2006 2628 2062 ἀλλ’
2663 2007 2750 2076 ἐφ’
2786 1998 2830 2075 ᾧ
2877 2005 3068 2059 ἐλπίδα
3113 2003 3258 2074 ἔχειν
3313 2001 3452 2072 μετά
3497 1999 3680 2065 ταύτην

2115 2102 2216 2173 τὴν
2257 2093 2595 2173 πρόσκαιρον
2651 2099 2746 2154 καὶ
2784 2098 3047 2170 βραχεῖαν
3091 2095 3419 2157 ἀπόλαυσιν,
3470 2090 3679 2147 καὶτῶν

2117 2192 2352 2250 αἰωνίων
2399 2191 2495 2246 καὶ
2536 2189 2833 2260 ὑπερφυῶν
2874 2189 3059 2259 τυχεῖν
3099 2184 3345 2254 ἀγαθῶν.
3395 2182 3561 2236 Τοῦτο
3587 2181 3676 2250 γὰρ

2116 2287 2270 2357 δηλοῖ
2291 2285 2372 2352 τὸ,
2405 2304 2424 2336 ι
2460 2283 2569 2338 Καὶ
2591 2285 2619 2336 6
2654 2280 2829 2336 ἀλοῶν
2860 2280 2956 2350 τῆς
2985 2278 3202 2339 ἐλπίδος
3243 2275 3412 2332 αὑτοῦ
3455 2275 3678 2345 μετέχειν

2119 2380 2205 2434 ἐπ’
2251 2376 2449 2431 ἐλπίδι.
2500 2396 2519 2428 ι
2556 2376 2668 2439 Τῆς
2709 2373 2820 2446 γὰρ
2860 2371 3138 2435 διακονίας
3175 2372 3223 2424 oi
3265 2366 3553 2422 ἀπόστολοι
3596 2364 3677 2435 τῆς

2118 2473 2211 2526 ἐπὶ¹
2237 2474 2302 2544 τῇ
2331 2471 2595 2542 διατροφῇ
2627 2467 2818 2523 ἐλπίδα
2853 2461 3000 2538 εἶχον
3042 2463 3196 2537 παρά
3239 2462 3351 2517 τῶν
3398 2462 3676 2533 μαθητευοο

2121 2567 2300 2635 μένων
2321 2564 2638 2634 τυγχάνειν,
2663 2560 2758 2615 καὶ
2787 2559 3102 2630 ἐτύγχανον.
3129 2557 3204 2611 Οὐ
3247 2556 3430 2628 μέντοι
3457 2572 3520 2623 γε
3545 2553 3678 2606 τοῦτο

2116 2655 2186 2730 ἦν
2213 2657 2397 2720 αὐτοῖς
2425 2657 2458 2727 ἡ
2490 2653 2672 2708 τελεία
2713 2652 2894 2714 ἐλπὶς,
2935 2649 3071 2704 ἀλλά
3101 2647 3309 2716 ταύτης
3341 2643 3675 2706 ἀπολαύοντες

2117 2751 2218 2822 τῆς
2253 2749 2485 2813 ἐλπίδος,
2519 2746 2598 2801 ἔτι
2625 2745 2696 2800 τά
2736 2743 2962 2816 μείζονα
2994 2741 3356 2813 ὲκαροδόκουν
3400 2739 3494 2792 καὶ
3533 2737 3674 2807 ἠλπι-

2119 2846 2232 2911 ζον.
2265 2842 2438 2896 Τοῦτο
2479 2842 2536 2896 δέ
2576 2857 2763 2910 φησιν,
2815 2840 2897 2892 ὅτι
2927 2836 3098 2890 Οὐδὲν
3145 2833 3407 2888 ἐνέκοπτε
3457 2831 3550 2901 τὴν
3587 2827 3675 2883 τῶν

2122 2935 2426 3008 μελλόντων
2471 2931 2663 2986 ἐλπίδα
2698 2930 2793 2985 καὶ
2825 2928 3128 2983 ἀπόλαυσιν
3159 2927 3194 2997 ἡ
3241 2926 3343 2996 τῆς
3397 2922 3543 2994 παρά
3587 2920 3676 2974 τῶν

2123 3027 2582 3102 μαθητευομὲνων
2614 3024 2706 3077 ἐπὶ
2735 3027 2801 3094 τῇ
2831 3023 3004 3092 τροφῇ
3041 3018 3354 3091 ὑπηρεσίας
3382 3015 3673 3076 ἀπόλαυσις·

2118 3120 2368 3175 ἐντεῦθεν
2408 3117 2604 3187 δηλῶν,
2639 3117 2715 3181 ὡς
2760 3115 2954 3170 Καίτοι
3007 3113 3175 3186 μηδὲν
3244 3107 3493 3182 ἐμποδὼν
3540 3108 3671 3169 ὄντος

2120 3212 2257 3283 πρὸς
2305 3210 2406 3283 τὴν
2459 3209 2671 3264 ἐκεῖθεν
2726 3208 3028 3263 ἀπόλαυσιν
3076 3203 3172 3259 τοῦ
3207 3201 3504 3275 τρέφεσθαι
3549 3199 3675 3270 παρὰ

2118 3305 2229 3360 τῶν
2262 3301 2539 3375 μαθητῶν,
2589 3302 2740 3373 ὅμως
2782 3299 2881 3371 οὐχ
2931 3298 3177 3369 εἱλόμην.
3234 3295 3452 3349 Πλείοσι
3485 3292 3540 3346 δὲ
3565 3289 3673 3345 adeo

2120 3397 2544 3468 ἐπιχειρήμασιν
2575 3392 2857 3447 ἀκώλυτον
2895 3389 2954 3444 δν
2985 3386 3405 3452 κατασκευάζει,
3439 3384 3524 3439 διά
3549 3400 3600 3436 τε
3626 3379 3674 3435 τὸ

2120 3487 2431 3559 εἰρημένον,
2465 3487 2559 3540 καὶ
2601 3484 2688 3540 ἵνα
2740 3484 2815 3554 μὴ
2862 3482 3200 3554 ἀπεχόμενος
3233 3478 3412 3542 αὐτὸς,
3454 3478 3572 3538 τοὺς
3599 3473 3674 3527 ἄλο

2119 3581 2244 3644 λους
2275 3578 2402 3651 δόξῃ
2429 3577 2746 3649 χρωμένους
2769 3577 2827 3628 ἐν
2849 3574 3068 3644 διαϐολῇ
3093 3591 3199 3626 τινι
3229 3569 3510 3641 καθιστᾷν.
3541 3585 3558 3618 ι
3585 3565 3674 3618 Καὶ

2120 3671 2148 3724 6
2181 3670 2352 3725 ἀλοῶν
2381 3669 2480 3739 τῆς
2497 3667 2734 3731 ἐλπίδος.
2769 3685 2786 3717 ι
2819 3665 2887 3718 Ἥ
2908 3663 3049 3734 αὐτὴ
3071 3663 3233 3724 πάλιν
3267 3661 3462 3731 τροπή.
3499 3676 3517 3709 ι
3539 3653 3671 3709 Καὶό

2120 3761 2314 3826 ἀλοῶν,
2343 3762 2496 3832 φησὶ,
2521 3761 2621 3831 τῆς
2637 3759 2853 3822 ἐλπίδος
2875 3757 3038 3810 αὐτοῦ
3071 3755 3322 3828 μετέχειν
3343 3753 3428 3806 ἐπ’
3448 3749 3624 3805 ἐλπίδι.
3652 3764 3667 3797 ι

2121 3854 2343 3924 Ἐπειδὴ
2373 3854 2482 3925 γὰρ
2505 3855 2532 3905 6
2560 3850 2853 3924 ἀροτριῶν,
2878 3852 2967 3903 ἐπ’
3002 3849 3178 3903 ἐλπίδι
3217 3848 3465 3918 ἀροτριᾷ,
3497 3842 3674 3912 ταύτης

2119 3947 2218 4014 τῆς
2248 3946 2463 4009 ἐλπίδος
2491 3945 2681 4000 λοιπὸν
2721 3945 2814 3998 καὶ
2859 3946 2887 3998 6
2931 3943 3108 3998 ἀλοῶν
3137 3940 3343 4011 ὀφείλει
3379 3935 3671 3994 ἀπολαῦσαι,

2120 4039 2188 4110 ἦν
2222 4037 2450 4109 ἤλπισεν
2491 4038 2549 4092 ἒν
2579 4037 2657 4108 τῷ
2689 4036 2970 4109 ἀροτριᾷν.
3011 4034 3109 4098 Τίς
3141 4032 3197 4087 δέ
3228 4034 3262 4103 ἡ
3304 4030 3484 4095 ἐλπίς;
3512 4029 3563 4080 τὸ
3592 4042 3672 4095 με·

2119 4131 2376 4187 ταλασείν
2425 4131 2668 4202 δηλονότι
2718 4130 2827 4184 τῶν
2858 4126 3110 4199 καρπῶν.
3160 4122 3293 4178 Εἶτα
3331 4119 3669 4195 προστίθησιν,

2126 4245 2154 4280 ι-
2186 4225 2304 4280 Ἐπ’
2332 4223 2527 4279 ἐλπίδι.
2566 4242 2586 4273 ι
2623 4224 2742 4276 Ἶνα
2776 4223 2885 4294 γὰρ
2933 4222 3007 4293 μή
3056 4237 3142 4284 τις
3180 4217 3332 4290 εἴπῃ,
3365 4217 3486 4271 Τῶν
3515 4213 3670 4268 τοσοῦ-

2121 4337 2230 4372 των
2261 4317 2354 4372 οὖν
2412 4316 2592 4372 πόνων
2624 4310 2699 4369 ὧν
2735 4314 3100 4385 ὑπομένουσιν
3139 4312 3188 4364 oi
3218 4308 3526 4368 ἀπόστολοι,
3557 4304 3669 4373 αὕτη

2121 4411 2270 4465 ἐστὶν
2302 4411 2334 4481 ἡ
2368 4409 2594 4481 ἀμοιϐὴ.
2623 4408 2684 4461 to
2712 4406 2952 4470 ἐσθίειν;
2989 4402 3362 4476 προσέθηκεν,
3403 4420 3435 4454 ι-
3470 4395 3669 4453 Ἐπ⁶ἐλο

2123 4503 2258 4558 πίδι.
2299 4521 2317 4554 ι
2357 4499 2674 4564 Τουτέστιν,
2726 4498 2814 4552 ἐπ’
2862 4495 3041 4551 ἐλπίδι
3093 4495 3193 4567 μέν
3241 4493 3353 4547 τῶν
3411 4490 3670 4563 μελλόντων

2121 4594 2344 4665 ἀγαθῶν
2394 4594 2446 4648 oi
2481 4591 2770 4647 ἀπόστολοι
2813 4587 3106 4662 μοχθοῦσι,
3155 4585 3296 4655 πλὴν
3346 4585 3429 4638 δεῖ
3475 4581 3561 4635 καὶ
3597 4581 3667 4632 ὲν-

2123 4689 2318 4744 τεῦθεν
2346 4687 2494 4759 ἐχειν
2519 4683 2850 4756 παραψυχὴν
2877 4683 2979 4754 τὴν
3009 4680 3161 4752 παρά
3184 4679 3296 4732 τῶν
3333 4670 3670 4748 μαθητευομέο

2127 4800 2234 4837 νων
2265 4779 2554 4853 χορηγίαν.
2585 4776 2756 4832 Τοῦτο
2783 4775 2842 4830 δὲ
2886 4773 3059 4843 δηλοῖ,
3091 4774 3172 4826 ὅτι
3195 4772 3288 4824 ἐπί.
3328 4772 3401 4842 τῇ
3439 4765 3667 4841 μελλοῦσῃ

2127 4875 2304 4931 ἐλπίδι
2353 4873 2436 4928 δεῖ
2497 4871 2748 4942 μετέχειν
2799 4868 2897 4924 καὶ
2932 4867 3130 4938 ἐτέρας
3183 4863 3422 4928 ἐλπίδος,
3465 4859 3668 4914 τουτέστι

2128 4965 2339 5042 τροφῆς
2376 4963 2474 5018 καὶ
2501 4965 2608 5016 τῶν
2639 4959 2866 5016 λοιπῶν.

2200 5063 2270 5116 El
2295 5057 2466 5128 ἡμεῖς
2493 5056 2637 5125 ὑμῖν
2659 5056 2731 5110 τὰ
2747 5052 3124 5125 πνευματικὰ
3145 5053 3526 5122 ἐσπείραμεν,
3549 5043 3666 5116 [tiri

2127 5157 2178 5209 εί
2213 5151 2383 5224 ἡμεῖς
2414 5148 2582 5220 ὑμῶν
2632 5149 2706 5204 τὰ
2754 5147 3014 5217 σαρκικὰ
3041 5148 3393 5216 θερίσομεν;
3419 5145 3487 5198 El
3525 5140 3664 5192 ἄλλοι

2127 5246 2239 5315 τῆς
2306 5243 2598 5310 ἐξουσίας
2661 5239 2830 5311 ὑμῶν
2877 5239 3280 5310 μετέχουσιν,
3345 5240 3418 5293 οὔ
3465 5232 3665 5306 μᾶλλον

2127 5339 2334 5409 quisic;
2362 5338 2517 5392 Ἀλλ’
2542 5337 2653 5390 οὐκ
2681 5331 3065 5404 ἐχρησάμεθα
3093 5331 3168 5401 τῇ
3206 5331 3459 5398 ἐξουσίᾳ
3498 5325 3664 5388 ταύτῃ.

2125 5433 2286 5488 ἀλλά
2311 5431 2510 5486 πάντα
2539 5427 2854 5496 στέγομεν.
2883 5427 2986 5480 ἵνα
3010 5424 3097 5496 μὴ
3129 5423 3400 5497 ἐγκοπήν
3437 5435 3558 5475 τινα
3581 5413 3666 5469 8(3-

2117 5544 2234 5598 μεν
2267 5525 2346 5591 τῷ
2374 5521 2721 5590 Etiamsiqu
2748 5519 2854 5574 τοῦ
2884 5519 3162 5587 Χριστοῦ.

2196 5613 2329 5673 Εἶτα
2371 5615 2466 5671 καὶ
2499 5614 2628 5670 ἄλλο
2656 5613 2825 5682 λέγει,
2857 5611 3072 5676 δεικνὺς
3111 5614 3222 5667 δεῖν
3254 5612 3345 5666 τδν
3390 5603 3663 5664 διδάσκαλον

2122 5710 2442 5786 τρέφεσθαι.
2473 5709 2548 5763 Οὐ
2572 5706 2680 5776 γὰρ
2703 5707 2885 5775 ὃμοια,
2917 5705 3102 5774 φησιν,
3131 5725 3207 5759 ων
3232 5705 3528 5777 λαμβάνετε
3553 5710 3664 5763 παρ.

2128 5805 2300 5876 ἔχετε.
2336 5803 2398 5858 Ei
2437 5800 2547 5873 γὰρ
2578 5801 2738 5870 ἡμεῖς
2767 5800 2833 5852 τά
2867 5799 3214 5870 πνευματικὰ
3241 5801 3318 5865 εἰς
3348 5798 3482 5868 ὑμᾶς
3501 5786 3662 5876 laneis

2132 5912 2327 5970 ραμεν,
2374 5891 2644 5957 τουτέστι,
2685 5890 3055 5962 παρέσχομεν,
3100 5893 3243 5963 μέγα
3305 5893 3446 5943 iam
3500 5884 3581 5937 ἐὰν
3611 5873 3663 5930 τὰ
