3872 6624
341 436 448 500 7ὓ3

1407 432 1801 495 (ECUMENII
1826 429 2122 491 ΤΒΙΟΟᾹΞ
2161 431 2503 494 EPISCOl’I

3475 427 3581 491 ’ἴω

341 553 503 624 gelio.
544 569 564 604 ι
615 549 682 606 Et
717 550 855 606 bene
885 550 982 618 ait,
1014 549 1219 616 vivere,
1259 549 1555 606 ostendens
1595 549 1735 621 quod
1775 546 1912 604 nihil

2032 547 2161 612 m',
2208 566 2226 600 ι
2279 549 2372 603 Ἐκ
2397 549 2491 603 τοῦ
2522 547 2909 618 Εὐαγγελίου.»
2946 545 3142 611 Καλῶς
3164 543 3220 600 δὲ
3246 543 3309 598 τδ
3336 545 3454 617 ζῇν,
3480 546 3584 598 δει-

343 643 490 698 aliud
515 643 676 698 liceat
703 642 949 712 accipere
977 649 1171 712 praeter
1201 641 1520 696 alimentum
1551 647 1608 695 et
1635 640 1911 695 vestitum.

351 755 371 790 ι
425 736 586 792 Nullo
639 737 831 790 horum
886 750 1018 791 usus
1070 749 1214 790 sum.
1253 752 1273 787 ι
1333 734 1566 799 Horum,
1619 735 1918 805 quorum?

345 831 718 899 exemplorum
748 844 869 895 quae
901 828 1037 893 dixi,
1068 828 1202 898 legis
1233 837 1287 882 et
1317 828 1725 883 ordinationum
1757 827 1916 882 Chri—

345 923 456 980 sti:
489 923 633 991 quod
667 927 912 989 oporteat
952 920 1199 991 accipere
1239 929 1619 991 praeceptores,
1649 928 1702 974 ct
1739 920 1918 974 vivere

345 1029 410 1070 ex
445 1015 526 1068 his
557 1013 649 1083 qui
684 1012 970 1067 docentur.

419 1191 692 1262 5021K,
725 1191 908 1246 15-18.
935 1191 1252 1262 Quanquam
1275 1207 1375 1246 non
1403 1191 1512 1247 [nec
1541 1193 1731 1262 scripsi
1751 1203 1806 1246 ut
1841 1193 1919 1246 ita

348 1285 446 1353 fiat
465 1285 516 1337 in
538 1300 636 1336 me.
658 1283 852 1338 Melius
869 1285 1007 1339 enim
1037 1294 1110 1338 est
1134 1284 1262 1338 mihi
1286 1285 1441 1349 mori,
1459 1302 1616 1355 quam
1636 1293 1692 1338 ut
1714 1285 1920 1357 gloria-

351 1377 541 1430 tionem
568 1394 738 1431 nteant
762 1379 953 1449 aliquis
979 1380 1189 1435 inanem
1213 1381 1420 1436 reddat.
1450 1382 1654 1436 Etenim
1675 1383 1722 1437 si
1743 1382 1921 1437 Evan-

347 1467 538 1536 gelium
577 1470 878 1535 praedicem,
924 1488 1027 1526 non
1065 1481 1143 1526 est
1180 1473 1317 1544 quod
1361 1473 1604 1544 glorier:
1640 1477 1922 1530 necessitas

346 1561 484 1613 enim
514 1561 640 1614 mihi
673 1562 950 1618 incumbit.
984 1564 1072 1619 γω
1094 1574 1265 1620 autem
1297 1567 1424 1620 mihi
1453 1577 1529 1620 est
1553 1567 1655 1620 nisi
1689 1567 1924 1638 Evange-

350 1651 478 1704 lium
509 1654 809 1722 prmdicem.
861 1655 1001 1710 Nam
1031 1659 1078 1710 si
1109 1657 1378 1713 ultroneus
1404 1659 1500 1713 hoc
1528 1659 1746 1730 faciam,
1783 1676 1921 1727 pra:-

349 1744 516 1797 mium
540 1745 724 1810 habeo,
751 1752 796 1800 si
821 1759 994 1802 autem
1026 1765 1127 1802 non
1145 1750 1433 1818 ultroneus,
1453 1752 1777 1820 dispensatio
1795 1753 1923 1806 mihi

351 1838 634 1890 commissa
678 1847 777 1892 est.
831 1838 984 1904 Quod
1010 1841 1173 1911 igitur
1212 1843 1340 1896 mihi
1375 1845 1650 1912 prwmium
1693 1847 1820 1901 est?
1853 1843 1921 1899 Ut

350 1940 468 1978 cum
514 1930 881 1998 evangelium,
911 1931 1027 1986 sine
1045 1943 1254 2000 sumptu
1287 1949 1478 2002 ponam
1505 1935 1704 1991 Christi
1751 1935 1923 1990 Evan-

350 2018 564 2087 getium,
596 2037 696 2075 non
721 2023 979 2078 abutendo
1005 2033 1264 2094 potestate
1294 2043 1410 2082 mea
1435 2027 1489 2082 in
1521 2027 1880 2100 Erangelium.

422 2190 500 2247 Ne
526 2194 818 2263 Opinentur
845 2195 958 2252 haec
986 2213 1109 2253 eum
1132 2209 1416 2269 propterea
1445 2202 1734 2272 scripsisse
1765 2205 1922 2272 quasi

347 2282 460 2350 jam
489 2285 651 2340 vellet
679 2287 730 2341 in
761 2298 1038 2358 posterum
1085 2293 1356 2360 accipere,
1393 2296 1616 2366 corrigit
1645 2297 1770 2352 hoc.
1805 2298 1922 2354 Non

352 2375 573 2446 scripsi,
624 2379 824 2449 inquit,
861 2381 995 2448 haec,
1045 2393 1104 2437 ut
1137 2384 1210 2437 ita
1248 2385 1337 2438 fiat
1371 2386 1425 2439 in
1468 2401 1573 2452 me,
1612 2397 1740 2459 puta
1781 2391 1925 2447 sicut

347 2472 598 2537 exempla
628 2473 939 2542 requirunt,
973 2475 1114 2530 sicut
1151 2475 1362 2533 Domini
1405 2480 1560 2549 jussa
1599 2483 1922 2552 disponunt,

349 2572 546 2628 nempe
571 2570 629 2615 ut
658 2564 948 2634 accipiam.
982 2582 1003 2616 ι
1038 2565 1229 2622 Melius
1253 2569 1397 2623 enim
1430 2578 1518 2627 cst
1549 2573 1680 2627 mihi
1714 2575 1872 2629 mori.
1899 2594 1918 2628 ι

352 2647 489 2705 Vide
540 2668 662 2707 cum
712 2666 916 2724 quanta
970 2659 1310 2716 vehementia
1366 2663 1601 2734 refugiat
1653 2667 1922 2738 accipere.

351 2741 570 2810 Melius,
616 2747 816 2817 inquit,
859 2760 942 2804 est
969 2753 1097 2805 mihi
1127 2755 1287 2819 mori,
1323 2770 1521 2827 nempe
1554 2757 1716 2826 fame,
1758 2776 1923 2831 quam

353 2844 415 2888 ut
461 2836 642 2892 inanis
667 2849 719 2892 et
743 2854 878 2894 vana
921 2843 1012 2896 fiat
1054 2844 1307 2913 gloriatio
1344 2864 1465 2918 qua:
1499 2849 1565 2905 de
1601 2850 1702 2906 hac
1729 2868 1786 2908 re
1817 2861 1922 2909 est.

2019 645 2149 708 κνύς
2199 645 2280 698 δτι
2299 645 2452 698 οὐδὲν
2501 644 2708 711 ἔξεστιν
2755 642 2882 698 ἄλλο
2932 641 3253 710 λαμϐάνειν,
3303 637 3440 709 πλὴν
3468 656 3585 708 τρο-

2019 736 2136 806 φῶν
2188 735 2283 790 καὶ
2313 736 2628 804 ἐνδύματος.
2662 753 2680 788 ι
2717 733 2906 788 Οὐδενὶ
2954 731 3278 804 ἐχρησάμην
3308 729 3540 783 τούτων.
3565 749 3581 778 ι

2020 828 2258 896 Τούτων,
2286 828 2490 897 ποίων;
2521 829 2642 882 Τῶν
2677 826 3137 900 παραδειγμάτων
3190 816 3266 878 ὧν
3292 820 3464 887 εἷπον,
3495 820 3590 875 τοῦ

2018 922 2211 992 νόμου,
2261 922 2372 976 τῶν
2428 920 2818 990 ἐπιταγμάτων
2876 916 2970 971 τοῦ
3024 914 3287 985 Χριστοῦ,
3347 914 3428 968 ὅτι
3483 912 3593 986 χρὴ

2019 1011 2318 1084 λαμϐάνειν
2348 1013 2476 1075 τοὺς
2535 1009 2915 1072 διδασκάλους,
2971 1006 3066 1060 καὶ
3115 1003 3216 1074 ζῇν
3241 1003 3308 1056 ὲκ
3338 1000 3448 1055 τῶν
3493 1017 3594 1071 μα-

2023 1101 2423 1172 Θητευομένων.

2097 1196 2218 1249 Οὐκ
2252 1193 2484 1262 ἕκρτιψα
2507 1191 2576 1246 δὲ
2612 1189 2798 1246 ταῦτα
2830 1186 2932 1242 ἵνα
2981 1187 3170 1253 οὕτως
3235 1185 3482 1256 γένηται
3527 1179 3590 1234 ἐν

2021 1287 2170 1356 ἐμοί.
2198 1285 2400 1340 Καλὸν
2464 1282 2577 1353 γάρ
2627 1281 2730 1351 μοι
2757 1277 2999 1349 μᾶλλον
3051 1273 3403 1338 ἀποθανεῖν,
3429 1271 3473 1339 ἦ
3530 1269 3594 1324 τὸ

2022 1376 2300 1446 καύχημα
2341 1393 2460 1445 μου
2511 1375 2613 1427 ἵνα
2645 1389 2736 1436 τις
2786 1367 3044 1436 κενώσῃ.
3089 1367 3235 1422 Ἐὰν
3287 1364 3397 1434 γὰρ
3421 1364 3597 1433 εὐαγ-

2023 1467 2349 1543 γελίζωμαι,
2386 1466 2496 1520 οὐκ
2526 1464 2656 1518 ἔστι
2702 1461 2806 1532 μοί
2847 1461 3148 1530 καύχημα.
3190 1456 3443 1526 Ἀνάγκη
3486 1454 3598 1525 γάρ

2017 1578 2121 1633 μοι
2171 1559 2479 1613 ἐπίκειται.
2512 1555 2657 1610 Οὐαί
2686 1553 2754 1608 δέ
2780 1552 2887 1623 μοί
2919 1552 3108 1614 ἐστιν,
3163 1548 3274 1603 ἐὰν
3298 1546 3386 1618 μὴ
3423 1548 3599 1615 εὐαγ-

2024 1651 2354 1725 γελίζωμαι.
2384 1651 2454 1704 El
2483 1648 2591 1720 γὰρ
2631 1644 2786 1702 ἑκὼν
2835 1643 3014 1698 τοῦτο
3056 1640 3333 1711 πράσσω,
3377 1636 3599 1725 proﬂat

2023 1723 2159 1816 ἔχω·
2185 1747 2238 1800 εί
2257 1743 2324 1798 δὲ
2349 1743 2528 1808 ἄκων,
2547 1739 2892 1808 οἰκονομίαν
2911 1735 3332 1802 πεπίστευμαι.
3361 1730 3461 1796 Τίς
3490 1723 3602 1785 οὖν

2020 1842 2123 1910 μοί
2137 1839 2267 1893 ἐστι
2285 1835 2502 1907 μισθός
2525 1851 2542 1900 ;
2567 1834 2700 1889 Ἵνα
2722 1828 3267 1902 εὐαγγελιζόμενος,
3285 1823 3603 1878 ἀδάπανον

2025 1933 2190 1998 θήσω
2241 1929 2307 1984 τὸ
2347 1927 2718 1997 Εὐαγγέλιον
2771 1923 2876 1978 τοῦ
2930 1918 3212 1990 Χριστοῦ,
3245 1918 3330 1982 είς
3389 1914 3458 1968 τὸ
3516 1910 3600 1982 μὴ

2022 2023 2518 2095 καταχρήσασθαι
2534 2017 2608 2090 τῇ
2630 2016 2880 2084 ἐξουσίᾳ
2896 2031 3018 2086 μου
3040 2011 3112 2068 ἐν
3130 2010 3210 2078 τῷ
3231 2006 3597 2079 Ebur-radiat.

2097 2208 2215 2263 Ἵνα
2271 2207 2344 2278 μὴ
2370 2203 2638 2275 νομίσωσι
2668 2201 2756 2256 διὰ
2798 2198 2958 2253 τοῦτο
2986 2194 3151 2252 αὐτὸν
3195 2192 3370 2247 ταῦτα
3397 2206 3603 2260 γεγρα-

2025 2300 2258 2371 φηκέναι
2285 2297 2362 2360 ὡς
2411 2293 2736 2366 βουλόμενον
2783 2289 2988 2359 ἀπάρτι
3013 2283 3108 2340 τοῦ
3164 2283 3357 2338 λοιποῦ
3385 2279 3602 2350 λαμϐά-

2026 2409 2160 2457 νειν,
2198 2387 2507 2460 διορθοῦται
2537 2383 2688 2439 αὐτό.
2744 2401 2762 2434 ι
2793 2383 2909 2435 Οὐκ
2939 2378 3156 2450 ἔγραψα
3187 2375 3362 2428 ταῦτα
3393 2375 3484 2426 ἵνα
3508 2372 3608 2426 οῦ-

2025 2501 2156 2549 τως,
2179 2481 2333 2552 φησι,
2366 2479 2590 2550 γένηται
2615 2477 2672 2529 ὲν
2694 2477 2838 2545 ἐμοὶ,
2876 2494 2896 2526 ι
2930 2471 3209 2527 τουτέστιν
3225 2469 3301 2533 ὡς
3329 2467 3401 2520 τὰ
3425 2481 3602 2536 παραα

2025 2574 2294 2645 δείγματα
2358 2570 2625 2642 βούλεται,
2676 2566 2751 2630 ὡς
2815 2565 2870 2618 al
2909 2562 3002 2616 τοῦ
3058 2562 3268 2633 Κυρίου
3303 2554 3601 2621 διατάξεις,

2024 2663 2138 2720 οἷον
2185 2665 2272 2718 ἵνα
2301 2662 2586 2734 λαμϐάνω.
2630 2679 2648 2711 ι
2687 2655 2868 2713 Καλὸν
2910 2653 3020 2727 γάρ
3085 2670 3177 2725 μοι
3235 2651 3439 2722 μᾶλλον
3469 2649 3603 2701 άποο

2029 2761 2262 2815 θανεῖν.»
2305 2758 2447 2828 Ὅρα
2507 2751 2646 2826 μετὰ
2677 2753 2849 2824 πόσης
2889 2749 2950 2804 τδ
3009 2748 3194 2802 λαϐεῖν
3254 2743 3601 2816 διακρούεται

2030 2851 2408 2922 σφοδρότητος.
2442 2866 2460 2900 ι
2482 2845 2664 2902 Καλόν
2693 2862 2803 2915 μοι,
2824 2843 2981 2914 φησὶ,
3012 2840 3214 2912 μᾶλλον
3241 2836 3554 2894 ἀποθανεῖν,
3579 2852 3597 2886 ο

351 2925 430 2982 Ne
450 2929 575 2998 quis
593 2931 735 2985 enim
767 2933 912 2987 dicat
940 2936 1084 3005 quod
1109 2952 1232 2992 cum
1257 2953 1367 2993 non
1399 2942 1651 3010 accipiat,
1683 2945 1923 3000 tristatur

2032 2941 2142 3001 οἷον
2176 2942 2341 3014 λιμῷ,
2380 2941 2413 3012 ἢ
2443 2939 2532 2993 ἵνα
2575 2935 2785 3007 κενωθῇ
2831 2933 2927 2988 καὶ
2963 2930 3191 3004 μάταιόν
3244 2945 3346 2998 μου
3378 2926 3439 2979 τὸ
3467 2923 3605 2996 ὑπὲρ

354 3035 488 3075 sane
515 3032 569 3076 et
602 3024 845 3093 graviter
885 3028 986 3082 fert
1017 3027 1160 3100 quod
1193 3047 1299 3087 non
1331 3035 1585 3104 accipiat,
1606 3051 1717 3091 rem
1748 3036 1922 3108 ipsam

2032 3037 2219 3094 τούτου
2243 3035 2464 3106 γένηται
2484 3030 2766 3101 καύχημα.
2799 3028 2917 3080 Ἵνα
2955 3026 3065 3096 γὰρ
3092 3024 3167 3095 μή
3205 3039 3292 3085 τις
3321 3019 3480 3090 λέγῃ,
3525 3017 3602 3072 ὅτι

355 3127 514 3169 vocat
552 3117 952 3187 gloriationem,
1001 3123 1301 3181 ostendens
1348 3127 1608 3197 gaudium
1658 3137 1712 3184 et
1757 3129 1923 3186 animi

2032 3133 2093 3188 Εἰ
2120 3131 2212 3186 καὶ
2261 3130 2336 3202 μὴ
2380 3125 2670 3198 λαμϐάνει,
2718 3124 2919 3194 ἀθυμεῖ
2973 3120 3159 3191 μέντοι
3203 3117 3298 3170 καὶ
3349 3113 3606 3183 ἀδημονεῖ

354 3206 693 3265 alacritatem
717 3226 884 3281 super
910 3229 978 3268 eo
997 3216 1142 3285 quod
1171 3217 1351 3273 fiebat.
1382 3217 1516 3284 Quis
1543 3221 1687 3275 enim
1705 3221 1922 3278 inanem

2032 3216 2221 3293 ὲφόίς
2273 3221 2336 3274 οὐ
2391 3217 2680 3288 λαμϐάνει,
2734 3213 3000 3285 καύχημα
3028 3213 3087 3267 ab
3146 3210 3382 3314 πρᾶγμα
3430 3207 3602 3314 καλεῖ,

355 3300 670 3358 redditurus
714 3313 863 3360 esset
904 3304 1056 3362 Pauli
1103 3309 1483 3380 gloriationem
1517 3311 1672 3378 ?Qui
1717 3314 1923 3384 aliquid

2032 3315 2243 3378 δεικνὺς
2293 3313 2391 3383 τὴν
2425 3310 2563 3383 ὑπὲρ
2615 3307 2711 3362 τοῦ
2743 3306 3029 3377 γινομένου
3073 3302 3249 3375 χαρὰν
3277 3301 3374 3356 καὶ
3405 3298 3602 3370 προθυ-

353 3389 458 3460 ipsi
483 3395 856 3450 contribueret
878 3395 945 3450 ad
975 3395 1349 3469 Erangelium.
1381 3419 1399 3452 ι
1429 3399 1642 3456 Etenim
1671 3403 1716 3458 si
1744 3403 1925 3459 Evan-

354 3485 553 3551 gelium
594 3486 907 3555 praedicem,
943 3489 1140 3560 inquit,
1187 3507 1293 3547 non
1334 3501 1419 3548 est
1451 3494 1598 3565 quod
1641 3495 1862 3565 glorier.
1902 3514 1920 3549 ι

355 3574 498 3640 Quid
541 3589 629 3631 est
665 3593 796 3647 ergo
837 3582 890 3635 in
933 3598 1043 3651 quo
1093 3584 1348 3653 glorieris
1375 3584 1399 3638 ἲ
1425 3594 1613 3656 posset
1657 3587 1929 3657 quispiam

357 3666 463 3735 ipsi
488 3669 692 3725 dicere.
715 3670 1010 3744 Subjungit
1044 3691 1058 3727 :
1092 3674 1164 3730 Ut
1200 3675 1254 3730 id
1287 3676 1516 3732 eiliciam
1547 3693 1658 3749 quo
1686 3677 1932 3750 Evange-

356 3759 492 3813 lium
521 3761 642 3816 sine
665 3773 887 3833 sumptu
917 3765 1010 3820 sit.
1046 3767 1186 3834 Quid
1222 3783 1351 3839 ergo
1377 3770 1490 3824 ian
1520 3770 1625 3826 hoc
1651 3772 1824 3842 majus
1849 3781 1933 3829 est

357 3865 525 3921 quam
572 3852 923 3925 Evangeliqu
991 3858 1342 3928 praedicare?
1383 3877 1724 3933 nequaquam
1764 3879 1779 3918 :
1837 3864 1931 3920 sed

357 3943 639 3999 definitum
669 3957 753 4001 est
783 3955 840 4002 ut
877 3963 943 4003 ex
978 3948 1252 4022 Evangelii
1291 3953 1679 4020 prmdicatione
1709 3954 1886 4012 alerer
1917 3973 1932 4012 :

356 4037 502 4106 quod
532 4045 712 4093 autem
738 4039 858 4096 sine
890 4052 1110 4112 sumptu
1148 4043 1249 4098 hoc
1284 4044 1480 4100 faciam
1508 4051 1646 4116 Opus
1684 4055 1765 4103 est
1804 4063 1938 4103 mete

2032 3407 2185 3480 μίαν.
2220 3405 2314 3469 Τίς
2344 3402 2454 3475 γάρ
2490 3400 2693 3474 ἧμελλε
2753 3399 2991 3454 κενῶσαι
3043 3397 3104 3450 τὸ
3150 3396 3412 3464 καύχημα
3468 3387 3606 3445 [1σύ-

2030 3499 2170 3566 λους
2235 3497 2293 3551 ’0
2343 3494 2601 3567 παρέχων
2675 3509 2730 3547 τι
2793 3489 2944 3562 αὐτῷ
2996 3489 3076 3553 είς
3128 3487 3186 3542 τὸ
3243 3483 3594 3570 Εὐαγγέλιον.

2038 3609 2058 3643 ι
2101 3591 2228 3645 Ἐὰν
2257 3587 2366 3660 γὰρ
2389 3584 2852 3656 εὐαγγελίζωμαι,
2885 3583 3072 3655 φησιν,
3098 3580 3196 3634 οὐκ
3215 3578 3331 3633 ἔστι
3353 3593 3445 3648 μοι
3474 3571 3601 3628 καύ-

2031 3699 2207 3754 χημαο
2246 3700 2265 3734 ³
2308 3680 2373 3734 Τί
2418 3678 2510 3734 οὖν
2538 3678 2654 3733 ἐστί
2684 3694 2766 3732 σοι
2800 3676 3100 3749 καύχημας
3135 3675 3281 3728 εἴποι
3309 3687 3396 3735 τις
3440 3665 3599 3737 αὐτῷ·

2033 3776 2250 3844 ἐπάγει,
2283 3772 2357 3827 Τδ
2402 3771 2682 3826 ἀδάπανον
2753 3769 2977 3839 ποιῆσαι
3035 3767 3096 3819 τὸ
3149 3762 3514 3834 Εὐαγγέλιον.
3544 3757 3603 3812 Τί

2035 3867 2158 3934 oin;
2212 3866 2371 3920 τοῦτο
2418 3865 2513 3919 τοῦ
2549 3854 2996 3932 εὐαγγελίζεσθαι
3047 3859 3266 3932 μεῖζονς
3309 3850 3601 3925 Οὐμενοῦν,

2037 3961 2174 4017 ἀλλὰ
2205 3961 2267 4015 τὸ
2315 3955 2766 4028 εὐαγγελίζεσθαι
2826 3953 3092 4026 ὡρίσθην,
3161 3947 3600 4020 ὲπιτέτραμμαι·

2037 4055 2098 4109 τὸ
2161 4054 2217 4108 δὲ
2271 4051 2584 4118 ἀδαπάνως,
2632 4050 2774 4122 ἐμῆς
2829 4045 3139 4117 φιλοτιμίας
3201 4041 3385 4113 ἔργον.
3425 4057 3444 4091 ι
3499 4035 3600 4088 Οὐκ

357 4128 727 4188 liberalitatis.
761 4152 780 4185 ι
807 4132 924 4189 Non
953 4144 1035 4190 est
1060 4136 1204 4205 quod
1239 4138 1460 4208 glorier.
1492 4158 1510 4190 ι
1543 4139 1923 4197 (ἷιΙοι-ἱίιῑῑοηθητ

2040 4149 2156 4202 ἔστι
2211 4164 2300 4218 μοι
2351 4145 2675 4216 mantia.)-
2711 4173 2780 4184 —
2805 4136 3147 4213 [OIKOYMJ
3182 4135 3460 4204 Καύχημα
3485 4129 3602 4200 γὰρ.

359 4223 506 4278 enim
538 4225 672 4279 dicit
706 4233 765 4280 ut
809 4226 925 4298 ipse
968 4244 1033 4285 ex
1066 4231 1284 4300 propria
1329 4231 1652 4289 liberalitate
1697 4232 1751 4289 id
1795 4250 1923 4304 pra:-

2041 4241 2227 4313 φησὶν,
2279 4239 2307 4292 ὃ
2353 4237 2514 4301 αὐτὸς
2568 4236 2627 4300 ὲξ
2653 4234 2865 4298 οἰκείας
2923 4230 3234 4304 φιλοτιμίας
3304 4225 3595 4280 ἐπιδείκνυ-

361 4324 468 4371 stet
499 4332 516 4370 :
549 4333 675 4372 nam
714 4333 824 4390 quo
854 4319 1070 4376 Domini
1106 4333 1436 4393 praeceptum
1474 4335 1736 4396 tanquam
1765 4327 1923 4384 lidelit

2041 4351 2153 4397 ται,
2202 4331 2300 4403 τὴν
2341 4330 2398 4384 δὲ
2475 4325 2814 4399 Δεσποτικὴν
2873 4325 3139 4394 ἐπιταγὴν
3194 4321 3270 4384 ὡς
3296 4317 3478 4380 δοῦλος
3524 4330 3602 4367 πι-

358 4423 554 4467 servus
594 4420 948 4485 exsequatur,
989 4427 1098 4471 non
1149 4419 1426 4473 existimat
1472 4420 1538 4474 ad
1591 4435 1752 4476 suum
1805 4437 1923 4492 prae-

2043 4425 2188 4489 στδς,
2219 4423 2279 4476 οὐ
2308 4422 2650 4492 λογιζόμενος
2672 4420 2751 4483 είς
2773 4419 2971 4472 οἰκεῖον
2998 4413 3350 4486 κατόρθωμα.
3379 4409 3600 4463 Ἤκουσε

357 4505 566 4558 clarum
611 4504 828 4564 facinus
871 4511 1165 4578 pertinere.
1205 4511 1425 4568 Audivit
1461 4515 1604 4570 enim
1645 4515 1923 4572 Dominum

2041 4513 2152 4586 γὰρ
2207 4511 2301 4566 τοῦ
2328 4510 2596 4564 Δεσπότου
2649 4509 2923 4577 λέγοντος·
2958 4526 2976 4560 ι
3013 4507 3183 4558 Ὅταν
3231 4502 3412 4556 πάντα
3469 4496 3602 4563 ’ποιίι⁴

359 4595 655 4664 dicentem,
685 4617 702 4650 ι
731 4599 866 4655 Cum
895 4601 1135 4659 feceritis
1166 4606 1352 4660 omnia
1379 4623 1499 4676 quae
1528 4619 1793 4679 praecepta
1807 4619 1923 4666 sunt

2042 4623 2196 4677 σητε,
2252 4604 2463 4672 λέγετε,
2509 4603 2592 4656 ὅτι
2636 4601 2874 4673 Ἀχρεϊοι
2904 4597 3081 4654 δοῦλοί
3116 4599 3305 4668 ἐσμεν,
3334 4595 3363 4648 δ
3394 4589 3601 4663 ὠφείλοο

357 4689 537 4756 vobis,
569 4690 736 4746 dicite
759 4709 774 4746 :
795 4693 949 4748 Servi
976 4695 1196 4752 inutiles
1226 4713 1438 4765 sumus,
1471 4701 1616 4770 quod
1643 4703 1923 4760 debuimus

2043 4717 2143 4772 μεν
2177 4697 2422 4767 ποιῆσαι,
2485 4699 2888 4766 πεποιήκαμεν.
2916 4714 2934 4747 ι
2975 4695 3136 4748 Ποῖον
3191 4691 3285 4745 οῦν
3329 4687 3599 4758 κούχημα,

360 4780 540 4838 facere
567 4783 798 4841 fecimus
818 4785 860 4840 ⁸.
896 4805 914 4838 ι
950 4786 1082 4855 Quae
1104 4805 1234 4858 ergo
1259 4791 1511 4862 gloriatio
1540 4795 1585 4849 si
1617 4794 1818 4850 factum
1849 4806 1923 4854 est

2038 4796 2100 4848 τὸ
2166 4791 2309 4847 κατὰ
2367 4790 2525 4862 χρέος
2607 4790 2923 4859 γινόμενον;
2991 4806 3010 4840 ι
3063 4785 3306 4854 Ἀνάγκη
3368 4782 3474 4852 γάρ
3527 4793 3603 4847 μοι

359 4876 506 4944 quod
539 4877 651 4933 ﬁeri
683 4881 961 4949 oportuit?
995 4900 1014 4933 ι
1035 4881 1350 4939 Necessitas
1379 4885 1524 4940 enim
1557 4886 1691 4941 mihi
1721 4888 1923 4943 incum-

2042 4886 2342 4950 ἐπίκειται,
2403 4901 2422 4935 ι
2477 4877 2669 4952 ἐπειδὴ
2740 4879 2978 4950 Χριστὸς
3049 4877 3374 4932 ἐνετείλατο.
3431 4893 3450 4926 ι
3485 4869 3604 4926 Οὐαὶ

364 4968 461 5024 bit.
491 4986 510 5020 ι
541 4969 806 5034 Quoniam
829 4973 1086 5030 Christus
1111 4977 1385 5046 praecepit.
1421 4995 1440 5028 ι
1471 4975 1563 5031 Va:
1589 4985 1773 5033 autem
1803 4977 1923 5034 mihi

2038 4981 2099 5034 δέ
2161 4979 2251 5050 μοί
2304 4980 2480 5042 ἐστιν,
2528 4977 2622 5031 ἐὰν
2700 4976 2775 5048 μὴ
2844 4973 3310 5044 εὐαγγελίζωμαι.
3351 4991 3370 5025 ι
3437 4969 3603 5040 Παρα-

361 5070 446 5114 est
475 5063 581 5116 nisi
611 5063 958 5136 Evangelium
986 5069 1298 5138 praedicem.
1321 5089 1338 5122 ι
1367 5069 1526 5142 5ρ3
1543 5070 1923 5142 Transgredim

2045 5069 2219 5124 ϐαίνω
2249 5068 2358 5141 γὰρ
2386 5069 2484 5132 τὰς
2515 5067 2737 5130 ἐντολὰς
2790 5065 2882 5120 τοῦ
2919 5065 3146 5136 Κυρίου.
3205 5083 3223 5115 ι
3256 5065 3317 5117 Ei
3345 5063 3450 5135 γὰρ
3477 5059 3602 5115 ἑκὼν

362 5154 509 5208 enim
561 5155 770 5208 Domini
819 5169 1107 5227 praecepta.
1166 5180 1184 5212 ι
1227 5159 1362 5215 Nam
1409 5132 1468 5218 si
1499 5162 1784 5219 ultroneus
1839 5158 1923 5220 hoc

2042 5162 2199 5216 τοῦτο
2232 5132 2464 5232 πράσσω
2495 5177 2514 5211 ι
2574 5157 2796 5229 (ποῖον;
2846 5157 2906 5211 τὸ
2966 5132 3242 5210 ἀδάπανον
3307 5132 3511 5207 τιθέναι
3552 5148 3604 5201 τὸ

365 5243 586 5311 faciam,
625 5264 644 5299 ι
680 5247 980 5316 quidnam?
1003 5259 1059 5304 ut
1089 5253 1256 5320 gratis
1279 5268 1477 5322 ponam
1508 5255 1625 5310 sive
1653 5256 1923 5325 praedicet!

2045 5249 2440 5324 Εὐαγγέλιον),
2497 5267 2518 5304 ι
2567 5249 2759 5321 μισθὸν
2814 5247 2941 5320 ἔχω,
2976 5265 2994 5301 ι
3022 5249 3104 5302 δτι
3137 5247 3233 5301 καὶ
3271 5245 3366 5298 τοῦ
3417 5240 3600 5313 Κυρίου

364 5336 740 5407 Evangelium,
776 5357 797 5391 ι
833 5338 1121 5394 Praemium
1150 5343 1357 5399 habeo:
1398 5363 1416 5395 ι
1453 5347 1578 5415 quia
1615 5362 1738 5401 cum
1772 5347 1923 5402 etian

2041 5343 2343 5414 λαμϐάνειν
2387 5339 2802 5415 ἐπιτρέψαντος,
2842 5339 2943 5393 οὐκ
2984 5339 3205 5408 εἴληφα.
3234 5337 3387 5392 -Ἦ
3410 5335 3598 5396 οὕτως·

364 5429 678 5499 permiserit
707 5429 970 5484 Dominus
1002 5439 1280 5499 sumptum
1311 5433 1579 5501 accipere.
1641 5449 1749 5488 non
1780 5449 1939 5490 acce-

366 5519 445 5590 pi.
471 5549 543 5561 --
567 5520 670 5574 Aut
697 5521 793 5576 hac
817 5520 991 5575 modo.
1017 5519 1151 5574 Nam
1186 5522 1229 5577 si
1265 5521 1614 5593 Evangelium
1646 5525 1940 5592 praedicare

371 5615 478 5671 mei
510 5623 654 5672 esset
680 5615 907 5670 omnino
937 5614 1177 5670 liberalis
1212 5615 1403 5679 animi,
1435 5623 1489 5672 et
1515 5617 1662 5671 nulla
1694 5617 1822 5672 mihi
1855 5619 1942 5674 iu-

372 5710 654 5766 cumbcret
704 5708 976 5766 Dominici
1028 5709 1282 5781 praecepti
1333 5710 1398 5766 ad
1460 5709 1562 5765 hoc
1614 5711 1936 5777 necessitas,

446 5890 470 5923 ⁶
488 5891 618 5948 Luc.
653 5905 784 5956 xvn,
815 5891 879 5946 i0

2043 5437 2110 5494 Ei
2152 5437 2262 5507 γάρ
2306 5436 2366 5490 τδ
2414 5435 2711 5506 κηρύσσειν
2739 5435 2800 5488 τὸ
2843 5433 3200 5504 Εὐαγγέλιον,
3231 5432 3331 5502 τῆς
3373 5431 3504 5500 ἐμῆς
3543 5419 3601 5494 ἦν

2046 5529 2183 5592 ὅλως
2206 5528 2536 5599 φιλοτιμίας.
2563 5529 2654 5582 καὶ
2682 5527 2908 5598 οὐδεμία
2941 5540 3032 5596 μοι
3063 5525 3280 5595 ἀνάγκη
3307 5527 3370 5578 ἐκ
3397 5521 3490 5591 τῆς
3517 5519 3601 5571 Δε-

2052 5622 2316 5692 σποτικῆς
2348 5617 2569 5690 ἐντολῆς
2614 5619 2886 5684 ἐπέκειτο,
2930 5617 3157 5679 εἰκότως
3190 5616 3284 5668 ἐπὶ
3322 5613 3491 5683 τούτῳ
3522 5627 3600 5678 μι-

2056 5712 2180 5767 σθδν
2207 5713 2382 5784 μέγαν
2417 5710 2665 5783 ἤλπιζον,
2702 5709 2796 5764 καὶ
2835 5707 2962 5781 ἐξῆν
2991 5725 3082 5781 μοι
3115 5709 3190 5774 ὡς
3225 5707 3320 5762 ἐπὶ
3353 5705 3461 5775 ίδίῳ
3485 5711 3595 5756 κατ·
