3872 6620
442 420 547 485 767

1484 422 1885 486 (ECUMENII
1920 422 2034 483 TR}

2135 420 2216 483 ΞΜ
2254 420 2605 485 EPISCOPI
3546 429 3627 493 7G8

442 543 583 588 erat.
635 530 870 600 Quando
924 542 1105 591 autem
1167 534 1345 591 factus
1402 544 1488 592 est
1538 535 1701 607 quasi
1756 535 2033 593 Iudaeus?

2135 536 2296 607 ἔτεμε
2330 534 2618 606 Τιμόθεον,
2645 534 2774 590 ὅταν
2804 534 3170 606 ἁγνισάμενος
3190 536 3356 609 εἰσῄει
3378 536 3429 591 ἒν
3445 553 3511 610 τῳ
3533 543 3630 613 ἱερῷ

441 621 673 691 Quando
708 623 1054 682 Timotheum
1086 627 1437 684 circumcidit
1466 631 1488 662 '
1522 647 1538 697 ;
1578 631 1799 703 quando
1832 630 2027 703 purifi-

443 726 606 770 catus
636 717 898 785 templum
928 718 1214 789 ingressus
1236 728 1322 776 est
1344 736 1471 779 cum
1511 723 1593 779 his
1623 726 1719 795 qui
1751 725 2030 783 habebant

444 816 631 861 votum
659 809 699 863 ⁸.
734 808 800 864 Ut
820 812 967 864 enim
995 826 1089 866 eos
1111 812 1204 882 qui
1239 828 1363 869 vere
1387 812 1562 871 Judaei
1591 826 1750 873 erant
1776 832 1842 873 ac
1867 819 2029 874 fidem

447 899 807 967 transferret,
842 900 1022 961 factus
1072 913 1157 961 est
1196 907 1353 978 quasi
1398 906 1645 967 Judaeus.
1690 910 2030 979 Quomodo?

444 990 555 1047 nisi
596 992 738 1047 enim
779 994 1244 1063 circumcidisset,
1276 1008 1331 1054 et
1361 1002 1679 1070 purilicatus
1716 1003 1934 1074 fuisset,
1963 1020 2030 1063 ac

443 1078 651 1139 Judaeis
698 1087 1069 1155 persuasisset
1115 1090 1218 1161 legi
1253 1107 1315 1149 se
1345 1093 1646 1159 adhaerere,
1682 1111 2031 1169 nequaquam

445 1174 512 1229 ad
560 1190 685 1230 eum
722 1179 1132 1237 accessissent:
1180 1184 1292 1240 imo
1322 1201 1445 1241 cum
1487 1201 1553 1242 eo
1591 1196 1849 1258 tanquam
1901 1204 2029 1246 cum

447 1276 697 1338 apostata
717 1273 810 1341 qui
840 1288 994 1328 suam
1027 1274 1197 1345 legem
1216 1277 1656 1348 reliquissetnie
1685 1282 2033 1340 sermonibus

448 1358 671 1430 quidem
704 1365 1212 1423 communicassent
1244 1387 1259 1424 :
1299 1386 1410 1440 quo
1441 1379 1622 1426 autem
1659 1372 1821 1427 modo
1847 1372 2031 1429 salvos

445 1452 629 1509 facere
679 1456 831 1527 ipsos
879 1462 1198 1529 potuisset,
1258 1464 1351 1534 qui
1408 1480 1586 1536 neque
1643 1466 2030 1531 accessissent,

447 1562 628 1618 neque
661 1550 783 1620 ejus
814 1551 1124 1609 doctrinam
1154 1557 1456 1625 audissent,
1487 1558 1583 1614 sed
1622 1566 1883 1631 tanquam
1912 1574 2031 1615 rem

447 1640 873 1699 abominandam
899 1661 1025 1701 eum
1062 1647 1475 1706 duxissenti—
1492 1650 1613 1707 Alio
1638 1653 1808 1707 modo.
1826 1651 2033 1710 Factus

447 1741 533 1787 est
567 1730 772 1792 Iudaeis
811 1738 969 1808 quasi
999 1738 1241 1808 Judaeus,
1273 1743 1496 1813 quando
1536 1744 1591 1799 in
1640 1745 1845 1816 templo
1880 1745 2033 1817 puri-

450 1825 647 1882 ﬁcatus
679 1839 785 1892 est,
833 1838 888 1886 et
937 1832 1147 1890 hostias
1179 1835 1401 1903 obtulit,
1431 1852 1496 1894 ac
1535 1837 1884 1895 Timotheum
1921 1839 2033 1893 cir-

2133 627 2273 701 μετὰ
2306 628 2419 683 τῶν
2451 627 2684 699 ἑχόντων
2730 627 2830 701 τὴν
2868 627 3055 699 εὐχήν.
3091 627 3211 683 Ἵνα
3239 628 3343 700 γὰρ
3377 631 3487 694 τοὺς
3510 632 3632 697 δντσς

2129 721 2352 793 ἀληθεῖς
2386 720 2674 785 Ἰουδαίους
2703 723 3044 794 μεταστήσῃ,
3075 720 3289 790 δγένετο
3309 720 3378 786 ὡς
3410 723 3630 789 Ἰουδαῖος.

2131 815 2294 880 Πῶς;
2320 813 2445 871 Ὅτι
2467 815 2516 867 si
2541 813 2615 884 μὴ
2636 813 2928 884 περιέτεμε
2961 814 3085 883 μηδ’
3113 812 3461 883 ἡγνίσθη,καὶ
3479 816 3527 867 ἒν
3540 818 3635 869 τοῦ-

2128 924 2210 977 τῳ
2232 906 2451 961 ἔπεισεν
2490 905 2777 970 Ἰουδαίους
2808 907 2891 960 ὅτι
2926 906 3112 977 ἔχεται
3138 906 3235 960 τοῦ
3282 906 3455 977 νόμου,
3482 909 3563 962 οὐκ
3587 911 3636 964 ἂν

2132 999 2443 1071 προσῆλθον
2461 999 2634 1071 αὐτῷ,
2657 999 2754 1053 καὶ
2776 999 2852 1062 ὡς
2876 999 3182 1070 ἀποστάτῃ,
3205 998 3324 1052 οὐδὲ
3352 999 3509 1067 λόγων
3526 1003 3636 1055 ἐκοι-

2131 1090 2404 1162 νώνησαν.
2457 1090 2583 1155 Πῶς
2611 1090 2670 1144 δὲ
2700 1085 2770 1161 ἦν
2803 1090 2979 1144 σῶσαι
3006 1091 3133 1153 τοὺς
3166 1088 3300 1161 μηδι
3350 1091 3634 1162 προσιόντας,

2135 1183 2271 1256 μηδὲ
2292 1180 2597 1246 ἀκούοντας
2639 1185 2741 1254 τῆς
2780 1180 2946 1236 αὑτοῦ
2981 1181 3223 1253 διδαχῆς,
3270 1181 3380 1235 ἀλλ’
3404 1182 3468 1246 ὡς
3496 1184 3637 1253 βδέλυ-

2130 1291 2248 1346 γμα
2278 1274 2442 1329 αὑτὸν
2467 1274 2846 1345 ήγουμένους;
2876 1305 2944 1317 -
2970 1275 3231 1341 Ἀλλως.
3265 1273 3595 1347 [ΙΣΙΔΩΡΟΥ.
3620 1277 3634 1352 ]

2143 1367 2395 1436 Ἐγένετο
2442 1368 2558 1430 τοῖς
2595 1365 2876 1429 Ἰουδαίοις
2920 1366 2997 1429 ὡς
3036 1366 3292 1430 Ἰουδαῖος
3313 1407 3327 1432 ,
3373 1367 3454 1420 ὅτε
3493 1370 3543 1421 ὲν
3579 1371 3638 1441 τῷ

2133 1459 2267 1533 ῑερῷ
2298 1459 2560 1531 ἡγνίσατο
2606 1460 2703 1514 καὶ
2727 1459 2909 1525 ἔθυσε,
2942 1460 3038 1513 καὶ
3081 1455 3390 1532 περιτεμὼν
3410 1458 3492 1513 τδν
3514 1460 3640 1531 Τιμό-

2132 1554 2279 1624 θεον,
2295 1554 2575 1618 Ἰουδαίοις
2602 1553 2861 1624 πέπομφε
2887 1552 3231 1619 διδάσκαλον,
3262 1551 3349 1606 διὰ
3393 1555 3639 1624 περιτομῆς

2130 1649 2234 1722 τὴν
2289 1647 2599 1721 περιτομὴν
2629 1646 2896 1721 ἀναιρῶν.
2941 1646 3034 1700 Διὸ
3078 1645 3184 1701 οὐκ
3222 1641 3387 1706 εἶπεν,
3424 1646 3639 1712 Ἰουδαῖος,

2130 1742 2302 1809 ang.
2324 1741 2413 1808 ὀς
2439 1742 2713 1806 Ἰουδαῖος.
2740 1758 2869 1794 ›-‹
2897 1740 3027 1804 Τοῖς
3069 1738 3298 1810 ἀνόμοις
3326 1738 3398 1803 ὡς
3421 1739 3600 1810 ἄνομος.
3622 1760 3636 1793 ι

2134 1834 2267 1889 Ὅτε
2281 1833 2589 1905 Ἀθηναίοις
2613 1832 2967 1905 δημηγορῶν,
2986 1831 3089 1886 οὐκ
3111 1832 3222 1886 ἀπὸ
3246 1831 3533 1903 προφητῶν,
3552 1833 3641 1886 οὐδὲ

448 1918 760 1975 cumcisum
794 1919 1001 1981 Iudaeis
1039 1925 1094 1981 in
1132 1936 1525 1999 prmccptorem
1566 1930 1742 1996 misit,
1792 1931 2034 1987 circum-

2135 1927 2245 1983 ἀπὸ
2270 1926 2367 1981 τοῦ
2393 1927 2561 1999 νόμου
2587 1925 2840 1997 διελέχθη
2862 1966 2879 1991 ,
2913 1925 3032 1980 ἀλλ’
3063 1924 3176 1979 ἀπὸ
3220 1923 3399 1996 βωμοῦ
3428 1927 3513 1996 τὴν
3535 1943 3642 1997 παρ-

449 2007 662 2068 cisiune
705 2014 904 2071 tollens
947 2017 1448 2077 circumcisionem.
1480 2021 1694 2079 Idcirco
1722 2037 1834 2080 non
1867 2024 2033 2090 dixit,

2133 2019 2341 2076 αίνεσιν
2365 2021 2699 2093 ἐποιήσατο,
2743 2019 2854 2076 ἀπὸ
2893 2018 3003 2073 τῶν
3034 2018 3255 2074 οἰκείων
3286 2017 3468 2081 αὐτοὺς
3489 2019 3643 2089 δογμά-

447 2097 692 2172 .ludaaus,
737 2107 834 2163 scd
872 2127 891 2161 ι
935 2108 1101 2177 Quasi
1131 2109 1380 2171 Iudaeus.
1425 2133 1446 2168 ι
1496 2146 1566 2158 -
1598 2134 1618 2169 ι
1672 2114 1744 2173 lis
1780 2115 1876 2188 qui
1916 2116 2034 2173 sine

2135 2130 2245 2169 των
2269 2110 2649 2184 χειρούμενος,
2683 2112 2775 2166 ὅτε
2801 2104 2961 2183 εὗρεν
2994 2111 3056 2166 ιν
3094 2108 3178 2182 τῷ
3222 2107 3407 2183 βωμῷ,
3438 2109 3518 2163 καὶ
3535 2110 3641 2173 ὅστις

449 2193 569 2264 lege
609 2207 768 2255 erant
815 2203 977 2271 quasi
1016 2202 1136 2259 sine
1182 2204 1320 2275 lege.
1359 2225 1379 2260 ι
1423 2206 1655 2274 Quando
1693 2208 1840 2279 apud
1870 2206 2034 2264 Atbe‘

2137 2206 2226 2276 εἴη
2261 2206 2540 2276 ἄγνωστος
2574 2204 2733 2271 Θεός.

448 2287 668 2349 nienses
698 2296 1020 2353 concionem
1059 2299 1271 2357 habens
1291 2300 1335 2367 ',
1363 2316 1472 2356 non
1504 2316 1569 2357 ex
1604 2302 1722 2373 lege
1751 2316 1930 2372 neque
1992 2317 2059 2358 ex
2100 2302 2386 2374 prOphetis
2445 2301 2786 2372 disputavit,
2845 2297 2943 2355 sed
2979 2297 3051 2355 ab
3119 2311 3217 2353 ara
3276 2295 3640 2353 exhortationem

447 2388 731 2442 contexuit
763 2404 778 2444 :
815 2403 845 2443 a
876 2391 1115 2462 propriis
1151 2393 1427 2466 dogmatis
1459 2408 1559 2451 eos
1588 2393 1991 2463 manuducens,
2057 2395 2280 2468 quando
2337 2393 2503 2449 etiam
2538 2393 2594 2448 in
2627 2407 2724 2448 ara
2757 2390 2969 2448 invenit
2996 2390 3256 2462 quisnam
3275 2401 3416 2446 esset
3471 2387 3641 2459 ignotus

446 2474 614 2534 Deus.

518 2569 679 2643 505
707 2571 834 2627 Ideo
868 2589 977 2630 non
1012 2576 1153 2632 dixit
1187 2577 1555 2650 simpliciter:
1587 2580 1717 2637 Sine
1739 2580 1875 2652 lege,
1913 2579 2033 2647 sed,

455 2681 475 2715 ι
509 2661 678 2729 Quasi
721 2665 841 2721 sine
866 2668 1024 2738 Hege.
1064 2687 1085 2723 ι
1124 2669 1261 2727 Cum
1293 2681 1475 2729 autem
1517 2674 1594 2728 ait
1626 2692 1641 2729 :
1692 2692 1710 2725 ι
1745 2671 1882 2729 Cum
1923 2673 2036 2729 Deo

448 2769 560 2810 non
599 2770 778 2812 essem
824 2758 945 2816 sine
995 2760 1135 2834 lege,
1178 2764 1274 2820 sed
1305 2764 1411 2821 sub
1454 2765 1573 2838 lege
1614 2765 1843 2831 Christi,
1887 2785 1908 2820 ι
1939 2772 2037 2821 aut

446 2845 607 2916 quasi
641 2846 708 2903 de
737 2862 796 2903 re
820 2848 1152 2906 indiil‘erenti
1179 2853 1316 2909 dixit
1347 2867 1365 2907 :
1398 2871 1520 2909 nam
1550 2870 1676 2911 cum
1710 2870 1817 2911 una
1845 2857 1919 2912 sit
1946 2871 2034 2911 es-

450 2937 651 3004 sentia,
688 2940 841 2995 nulla
868 2949 951 2998 est
973 2942 1317 3013 ditl‘erentia;
1347 2955 1441 3003 aut
1466 2948 1514 3004 si
1546 2948 1598 3004 id
1628 2956 1882 3004 coactum
1910 2948 2031 3004 exi.

450 3031 664 3100 stimas,
701 3033 806 3090 hoc
835 3035 1033 3106 opinor
1057 3053 1182 3093 eum
1215 3039 1483 3107 indicare,
1529 3042 1675 3112 quod
1707 3057 1817 3098 non
1850 3043 2031 3098 solum

447 3135 812 3182 conversetur
841 3127 995 3197 juxta
1049 3129 1245 3200 legem,
1285 3148 1408 3203 qua:
1438 3148 1467 3187 a
1510 3133 1837 3204 quibusdam
1879 3133 2034 3190 Patri

448 3216 769 3284 ascribitur,
797 3229 852 3274 et
884 3222 1187 3277 secundum
1209 3238 1401 3279 eorum
1432 3225 1525 3296 qui
1559 3223 1848 3282 discebant
1872 3225 2033 3282 haon

450 3309 722 3375 tudinem,
737 3326 845 3366 non
871 3314 1173 3369 secundum
1189 3314 1311 3385 ejus
1325 3315 1421 3387 qui
1441 3316 1664 3372 tradidit
1682 3317 2034 3388 dignitatem,

448 3399 757 3458 infantibus
802 3404 976 3477 magis
1026 3386 1365 3477 aptabatur:
1414 3424 1605 3465 verum
1655 3386 1822 3466 etiam
1872 3386 2105 3482 juxtac

448 3495 731 3551 caelestem
750 3512 814 3551 ac
831 3500 1131 3569 perfectam
1154 3502 1358 3559 Christi
1380 3504 1576 3576 legem.
1603 3503 1724 3562 Non
1747 3508 1868 3563 sine
1891 3506 2032 3577 lege,

450 3588 628 3655 quoad
680 3600 918 3647 veterem
992 3593 1199 3665 legem;
1247 3597 1341 3652 sed
1376 3608 1432 3653 et
1490 3599 1597 3655 sub
1641 3600 1779 3671 lege,
1852 3601 2036 3672 quoad

452 3679 831 3752 Evangelium.
863 3684 985 3741 Non
1020 3698 1178 3742 extra
1211 3689 1406 3756 legem,
1433 3690 1530 3746 sed
1557 3692 1724 3747 etiam
1759 3694 1813 3748 in
1831 3695 2032 3765 gratia.

452 3775 574 3831 Non
607 3778 862 3835 commisi
902 3790 1153 3851 stuprum
1186 3793 1413 3854 propter
1444 3786 1618 3857 legem
1652 3803 1668 3840 :
1712 3787 1811 3842 sed
1855 3802 2036 3858 neque

455 3868 657 3924 lascive
691 3870 924 3929 intuitus
971 3889 1115 3941 sum,
1160 3885 1389 3947 pr0pter
1422 3878 1779 3947 Evangelium
1816 3880 1859 3935 ⁸.
1911 3880 2036 3936 Non

451 3962 656 4030 occidi,
703 3973 924 4035 propter
959 3966 1250 4037 timorem;
1314 3971 1410 4027 sed
1455 3983 1513 4029 et
1538 3973 1675 4029 iram
1702 3973 2037 4045 expugnavi,

451 4064 677 4124 propter
702 4071 967 4115 amorem.
988 4060 1270 4132 Siquidem
1302 4062 1349 4118 is
1377 4065 1469 4135 qui
1505 4074 1743 4122 veterem
1774 4066 2036 4131 servavit,

452 4161 564 4203 nun
604 4158 723 4204 erat
752 4151 872 4207 sine
900 4152 1018 4224 lege
1051 4171 1067 4222 ;
1100 4155 1192 4226 qui
1223 4164 1408 4212 autem
1454 4172 1676 4224 novam,
1714 4169 1834 4216 erat
1868 4163 2039 4215 etiam

452 4239 558 4295 Sub
603 4239 721 4312 lege
746 4244 975 4301 Christi.
1011 4247 1139 4303 Haec
1170 4257 1353 4305 autem
1384 4248 1542 4313 dicit,
1580 4266 1692 4306 non
1729 4252 2040 4308 attribuens

453 4331 604 4389 Patri
637 4334 834 4406 legem,
867 4335 1009 4393 Filio
1052 4354 1183 4396 vero
1219 4340 1577 4413 Evangelium
1610 4358 1627 4409 ;
1659 4343 1755 4400 sed
1786 4344 1853 4399 ad
1892 4344 2039 4413 vulgi

452 4427 826 4496 suspicionem
870 4440 925 4485 ct
949 4432 1265 4502 opinionem
1302 4436 1632 4506 respiciens.
1664 4434 1862 4492 Omnia
1891 4438 2040 4493 enim

453 4533 575 4589 qua:
629 4519 810 4577 Patris
850 4530 1003 4588 sunt,
1052 4525 1219 4580 etiam
1266 4524 1389 4581 Filii
1414 4537 1590 4595 sunt;
1630 4539 1685 4584 et
1737 4544 1859 4599 quae
1914 4530 2040 4586 Filii

452 4617 782 4676 sunt,etiam
803 4615 983 4671 Patris
1001 4616 1176 4673 sunt’.
1208 4647 1279 4659 —
1321 4618 1442 4675 Alio
1477 4622 1654 4677 modo.
1692 4620 1937 4686 Iudaeos,
1977 4633 2039 4679 ut

2205 2577 2299 2633 Διδ
2339 2576 2442 2631 οὐκ
2483 2572 2659 2642 εἶπεν,
2699 2574 2957 2645 Ἀνομος,
2981 2571 3125 2639 ἀλλ’,
3169 2590 3193 2626 r
3231 2572 3318 2637 Ὠς
3342 2572 3642 2644 avos“.th

2133 2671 2210 2736 δὲ,
2241 2691 2259 2724 ι
2286 2671 2376 2740 Μὴ
2412 2668 2489 2724 ὢν
2532 2670 2734 2739 ἄνομος
2771 2666 2912 2737 Θεῷ,
2967 2666 3093 2721 ἀλλ’
3149 2666 3371 2736 ἔννομος
3402 2667 3635 2739 Χριστῷ,ι

2132 2766 2166 2837 ἢ
2203 2766 2281 2831 ὡς
2321 2764 2611 2836 ἀδιάφορον
2667 2758 2824 2815 εἶπεν
2876 2761 2995 2833 (ἐπὶ
3048 2759 3165 2831 γὰρ
3224 2762 3349 2831 μιᾶς
3374 2761 3537 2826 οὐσίας
3570 2765 3641 2817 οὐκ

2101 2859 2248 2914 ’ἐστι
2305 2854 2584 2928 διαφορὰ),
2621 2853 2656 2925 ἢ
2689 2855 2738 2907 τί
2763 2851 2929 2907 τοῦτο
2994 2851 3357 2924 βεϐιασμένον
3399 2850 3639 2924 ήγῇ,οῐμαι

2131 2951 2292 3008 τοῦτο
2346 2948 2597 3022 μηνύειν,
2627 2947 2688 3003 τὸ
2718 2946 2792 3019 μὴ
2818 2946 2980 3018 μόνον
3037 2945 3182 3000 κατὰ
3206 2944 3365 3017 νόμον
3388 2944 3639 2999 πεπολιτεῦ-

2138 3045 2261 3100 σθαι
2297 3042 2390 3097 τδν
2407 3041 2489 3113 τῷ
2515 3041 2692 3112 Πατρὶ
2725 3039 2877 3110 παρά
2904 3054 3070 3093 τινων
3108 3038 3539 3109 ἐπιγραφόμενον,
3575 3039 3640 3091 καὶ

2133 3138 2221 3193 διὰ
2249 3138 2351 3207 τὴν
2377 3133 2493 3202 ἕξιν
2522 3134 2633 3189 τῶν
2673 3132 3081 3205 μανθανόντων,
3110 3130 3174 3185 οὐ
3213 3130 3301 3185 διὰ
3325 3129 3418 3204 τὴν
3435 3131 3563 3198 ἀξῖαν
3577 3130 3641 3184 τοῦ

2136 3229 2455 3293 δεδωκότος,
2506 3226 2725 3299 νηπίοις
2781 3224 2987 3296 μᾶλλον
3034 3221 3346 3297 ἁρμόζοντα
3372 3264 3387 3289 ,
3425 3222 3539 3278 ἀλλά
3577 3222 3642 3276 καὶ

2137 3322 2279 3380 κατὰ
2334 3323 2428 3377 τὸν
2473 3320 2569 3375 τοῦ
2629 3317 2868 3393 Χριστοῦ
2897 3319 3158 3390 οὐράνιον
3185 3318 3284 3373 καὶ
3303 3318 3490 3372 τέλειον
3504 3317 3641 3384 νόμον.

2138 3418 2254 3473 Οὐκ
2287 3416 2489 3487 ἄνομος
2514 3415 2660 3470 κατά
2692 3414 2785 3469 τὸν
2816 3411 3049 3467 παλαιὸν
3071 3412 3260 3483 νόμον,
3287 3412 3415 3466 ἀλλά
3432 3411 3512 3465 καὶ
3536 3410 3640 3464 Em-

2139 3526 2239 3582 μος
2286 3508 2429 3564 κατὰ
2467 3507 2529 3562 τὸ
2557 3505 2917 3576 Εὑαγγέλιον.
2946 3505 3062 3559 Οὔκ
3114 3503 3222 3569 ἔξω
3247 3503 3338 3558 τοῦ
3360 3503 3522 3574 νόμον,
3549 3501 3643 3555 ἀλλὰ

2136 3604 2232 3657 καὶ
2264 3602 2396 3655 τίσω
2425 3600 2529 3670 τῆς
2569 3598 2816 3672 χάριτος,
2840 3599 2942 3652 οὐκ
2965 3596 3266 3668 ἑμοίχευσα
3293 3593 3377 3650 διὰ
3402 3594 3481 3649 τὸν
3511 3593 3640 3663 νόμον,

2137 3692 2253 3749 ἀλλ’
2279 3691 2403 3746 οὐδὲ
2435 3686 2575 3744 εἶδον
2627 3687 2943 3751 ἀκολάστως
2974 3686 3061 3740 διὰ
3086 3686 3152 3740 τδ
3227 3684 3543 3754 Εὐαγγέλιον.
3562 3682 3642 3734 υὸιι

2136 3785 2408 3854 ἐφόνευσα
2439 3781 2529 3837 διὰ
2573 3782 2667 3836 τὸν
2695 3780 2882 3850 φόϐον,
2908 3779 3047 3833 ἀλλὰ
3079 3779 3176 3833 καὶ
3213 3778 3377 3851 ὀργῆς
3425 3774 3642 3846 ἐκράτησα

2136 3878 2340 3948 διὰ,τὺν
2390 3876 2577 3932 πόθον.
2621 3877 2682 3931 '0
2722 3876 2821 3948 μὲν
2872 3874 2984 3947 γὰρ
3031 3874 3125 3930 τὸν
3160 3874 3389 3928 παλαιὸν
3442 3869 3642 3942 φυλάξας,

2138 3973 2241 4027 οὐκ
2260 3965 2329 4043 ἦν
2359 3971 2561 4042 ἄνομος
2580 3968 2717 4024 Θεοῦ
2747 3985 2762 3999 ·
2789 3967 2819 4021 ό
2836 3967 2894 4022 δὲ
2921 3969 3015 4022 τὸν
3043 3967 3189 4034 νέον,
3225 3967 3337 4021 ἐστι
3367 3965 3455 4021 καὶ
3477 3964 3645 4032 ἔννομος

2137 4066 2401 4138 Χριστοῦ.
2451 4064 2638 4120 Ταῦτα
2658 4063 2718 4117 δέ
2745 4078 2936 4134 φησιν,
2983 4061 3085 4115 οὐκ
3141 4059 3459 4132 ἀποκληρῶν
3498 4052 3644 4127 μὲντῷ

2138 4159 2319 4230 Πατρὶ
2371 4158 2466 4211 τδν
2519 4156 2705 4226 νόμον,
2732 4154 2812 4226 τῷ
2847 4152 2961 4226 Υίῷ
3010 4152 3068 4207 δὲ
3101 4153 3167 4209 τδ
3196 4150 3521 4220 samum,
3547 4143 3643 4200 ἀλλά

2138 4252 2277 4322 πρὸς
2323 4248 2422 4322 τὴν
2479 4248 2588 4302 τῶν
2638 4247 2852 4301 πολλῶν
2876 4246 3139 4300 ὑπόνοιαν
3174 4245 3269 4301 καὶ
3288 4242 3438 4308 δόξαν
3456 4237 3641 4310 ἀφορῶν.

2138 4344 2326 4399 Πάντα
2349 4344 2459 4413 γὰρ
2486 4341 2556 4396 τὰ
2584 4338 2679 4395 τοῦ
2703 4338 2938 4409 Πατρδς,
2970 4337 3068 4392 τοῦ
3098 4336 3229 4391 1⁸ίοῦ
3258 4338 3392 4399 ἐστι,
3413 4334 3496 4389 καὶ
3518 4326 3643 4385 raw}

2140 4434 2403 4502 Υίοῦ,τοῦ
2422 4433 2651 4504 Πατρός.
2679 4461 2753 4473 -
2772 4431 3022 4498 Ἄλλως.
3059 4425 3386 4504 [ΘΕΟΔΩΡ.]
3409 4422 3643 4481 Ἰουδαίους.

2139 4530 2216 4593 ὡς
2264 4523 2441 4598 οἶμαι,
2466 4524 2592 4589 τοὺς
2643 4514 2870 4594 μηδέπω
2914 4517 3355 4580 πεπιστευκότας
3398 4512 3546 4568 καλεῖ·
3570 4505 3646 4562 ὑπὸ

2140 4620 2304 4692 νόμον
2334 4618 2415 4681 δὲ.
2443 4620 2569 4681 τοὺς
2602 4616 2664 4670 τὸ
2694 4614 3027 4684 Εὑαγγέλιον
3080 4614 3181 4683 μὲν
3229 4610 3547 4680 δεξαμένους,
3577 4602 3636 4654 ἔτι

451 4707 716 4774 arbitror,
747 4724 846 4765 eos
877 4709 1118 4780 appellat
1149 4710 1502 4781 quinondum
1531 4713 1908 4782 crediderant;
1932 4716 2034 4772 sub

2139 4714 2197 4768 δὲ
2230 4714 2295 4784 τῇ
2353 4710 2448 4765 τοῦ
2496 4710 2660 4780 νόμου
2705 4707 2920 4779 φυλακῇ
2975 4703 3445 4778 προσδεδεμένους,
3480 4692 3643 4793 iisti-t1

449 4800 570 4870 lege
598 4812 778 4858 autem
800 4804 926 4860 illos
942 4804 1077 4861 dicit
1095 4806 1189 4875 qui
1223 4804 1578 4876 Evangelium
1601 4807 1824 4878 quidem
1848 4824 2040 4865 susce-

450 4902 681 4964 perant,
729 4895 912 4953 adhuc
951 4905 1136 4954 tamen
1190 4897 1331 4969 legis
1383 4899 1770 4957 observatione
1829 4901 2042 4972 alligati

451 4996 630 5045 erant.
662 4989 798 5044 Nam
832 4999 888 5047 et
915 5004 1142 5063 propter
1179 4992 1282 5050 bos
1308 5001 1365 5049 et
1393 4994 1775 5065 propterillos,
1807 4994 2037 5065 legalem

451 5081 891 5159 purificationem
919 5081 1315 5156 Hierosolymis
1347 5084 1636 5151 sustinuit,
1659 5093 1713 5141 et
1743 5086 1799 5140 in
1822 5084 2039 5156 Lycao-

454 5172 544 5226 nia
577 5171 928 5229 Timotheum
970 5176 1341 5242 circumcidit,
1376 5177 1471 5232 sed
1502 5186 1556 5233 et
1582 5177 1691 5232 alia
1722 5177 2034 5246 innumera,

452 5263 872 5332 dispensatione
891 5266 1127 5335 quadam
1163 5277 1429 5338 operatus
1454 5276 1560 5323 est.
1597 5298 1669 5310 —
1698 5268 1821 5324 Alio
1855 5269 2034 5325 modo.

2137 4805 2365 4867 τούτους
2409 4801 2597 4873 γάρτοι
2643 4804 2737 4855 καὶ
2797 4799 2865 4853 δι’
2901 4797 3170 4861 ἐκείνους,
3216 4797 3308 4850 καὶ
3350 4796 3441 4863 τῆς
3470 4786 3643 4858 νομικῆς

2142 4895 2464 4968 καθάρσεως
2509 4895 2570 4947 ὲν
2607 4891 3010 4964 Ἰεροσολύμοις
3063 4890 3339 4961 ἠνέσχετο,
3388 4884 3473 4938 καὶ
3514 4884 3561 4935 ἐν
3594 4878 3641 4946 τῇ

2139 4989 2417 5061 Λυκαονία
2467 4988 2561 5043 τὸν
2609 4986 2875 5058 Τιμόθεον
2912 4988 3237 5058 περιέτεμε,
3262 4983 3352 5038 καὶ
3375 4979 3493 5035 ἄλλα
3519 4971 3644 5061 μυρὺι

2137 5084 2496 5156 παραπλήσια
2518 5080 2973 5154 ᾠκονόμησεν.-
2998 5082 3255 5145 Ἄλλως.
3290 5097 3310 5131 ‹
3341 5075 3382 5128 Τ
3384 5076 3456 5137 οἷς
3483 5067 3566 5124 ὑπὸ

2145 5192 2264 5248 μον.
2290 5194 2310 5228 a
2361 5173 2496 5228 ’Υπδ
2532 5173 2698 5244 νόμον
2722 5171 2895 5240 λέγει,
2928 5170 3055 5233 τοὺς
3096 5169 3157 5234 ἐξ
3176 5167 3433 5222 Ἰουδαίων
3474 5171 3641 5248 πιστευ-

2143 5242 2366 5328 σαντας,
2397 5263 2477 5317 ἐτι
2505 5262 2564 5317 δὲ
2596 5242 2692 5316 τοῦ
2746 5260 2914 5331 νόμου
2948 5258 3261 5329 ἐχομένους.
3296 5255 3422 5309 Πότε
3451 5249 3500 5302 ἃ
3521 5242 3641 5314 τέτο·

458 5374 477 5408 ι
516 5355 590 5411 lis
624 5357 717 5424 qui
756 5357 861 5412 sub
900 5358 1019 5428 lege
1047 5337 1229 5414 erant.
1274 5378 1295 5413 ι
1330 5359 1447 5415 Sub
1477 5360 1595 5431 lege
1634 5360 1769 5416 dicit
1809 5375 1907 5417 eos
1938 5362 2033 5433 qui

2135 5377 2228 5416 νεν
2280 5358 2357 5422 ὡς
2377 5357 2482 5411 ὑπὸ
2519 5355 2718 5425 νόμονς
2769 5354 2859 5408 ὅτε
2889 5350 3041 5407 εἷπον
3083 5349 3231 5421 αὐτῷ
3258 5350 3307 5403 oi
3337 5344 3466 5416 ἀμφὶ
3498 5337 3638 5433 Ἰάλην·

453 5465 520 5505 ex
549 5447 755 5506 Iudaeis
797 5450 1177 5514 crediderant,
1211 5450 1394 5507 adhuc
1423 5461 1610 5507 tamen
1649 5453 1754 5524 legi
1789 5454 2039 5510 adhaere-

452 5537 605 5594 bant.
656 5536 884 5604 Quando
928 5549 1110 5595 autem
1154 5539 1334 5595 factus
1379 5551 1465 5596 est
1512 5543 1673 5611 quasi
1715 5544 1819 5599 sub
1864 5544 2037 5615 lege?

452 5633 675 5700 quando
701 5633 841 5687 dixit
861 5634 908 5688 ei
942 5616 1181 5690 Iacobus
1208 5648 1223 5687 :
1253 5651 1273 5686 ι
1311 5632 1504 5696 Vides,
1534 5634 1722 5700 frater,
1756 5643 1889 5706 quot
1914 5637 2038 5692 mil-

455 5723 527 5776 lia
567 5730 677 5778 sint
718 5724 811 5795 qui
858 5725 1251 5793 crediderunt,
1300 5734 1354 5783 et
1391 5740 1584 5782 omnes
1630 5737 1759 5781 sunt
1802 5729 2035 5785 studiosi

2140 5452 2256 5507 δον*
2289 5470 2308 5505 ι
2330 5451 2515 5522 Ὁρᾷς,
2534 5421 2753 5517 ἁδελφὲ,
2777 5448 2943 5501 πόσαι
2974 5444 3230 5516 μυριάδες
3252 5440 3385 5493 εἰσὶν
3406 5435 3450 5488 οἱ
3468 5421 3638 5529 τίω-εξξῶ

2140 5559 2354 5606 σαντες,
2392 5517 2489 5595 οιαὶ
2536 5540 2735 5603 πάντες
2782 5539 2892 5592 εἰσὶ
2914 5536 3156 5608 ζηλωταὶ
3171 5533 3263 5589 τοῦ
3292 5531 3470 5600 νόμους
3497 5542 3514 5575 ν
3539 5517 3636 5608 Τᾷτε

2141 5637 2251 5706 γὰρ
2275 5633 2507 5705 ἡγνίσθη
2537 5632 2605 5687 δι’
2643 5632 2861 5695 αὐτούς.
2900 5607 3043 5700 "opu
3070 5629 3128 5684 δὲ
3184 5617 3444 5690 πανταχοῦ
3470 5613 3538 5675 τὸ,
3560 5607 3634 5710 ibi“.

2143 5726 2583 5798 προσκείμενον,
2653 5724 2741 5779 ἴνα
2788 5723 2939 5797 δείξῃ
2993 5724 3076 5776 ὅτι
3131 5710 3466 5786 οἰκονομικῶς
3506 5711 3634 5757 ταῦτα

526 5906 697 5965 ⁸Δοι.
731 5925 841 5977 xvr,
870 5912 923 5968 3.
1002 5912 1022 5942 “
1055 5913 1176 5971 Act.
1217 5931 1331 5981 xxi,
1363 5915 1455 5971 ‘26.
1531 5913 1551 5946 ⁷
1580 5916 1699 5972 Act.
1739 5931 1872 5982 svnt,
1899 5914 1992 5971 εδ.

2135 5912 2308 5969 liatth.
2346 5928 2398 5970 ν.
2439 5910 2506 5967 τι
2538 5924 2657 5981 seq.
2730 5905 2929 5969 ’Joan.
2972 5921 3103 5970 xm,
3132 5904 3215 5969 l0,
