3872 6642
436 417 539 481 ’ττι

1466 401 1870 466 (ECUMENU
1906 399 1951 458 Τ
1961 394 2202 457 ΒΙΕΟίΕ
2239 389 2580 454 EPISCOPI

3553 397 3636 459 ’ἲῑὲ

434 542 625 595 corpus
659 530 908 578 meamet
950 521 1005 576 in
1038 520 1338 576 servitutem
1379 515 1582 585 redigo,
1615 527 1676 566 ne
1717 526 1820 582 quo
1863 506 2017 561 modo

2143 520 2245 565 μου
2270 501 2335 556 τὸ
2358 499 2532 571 σῶμα
2566 499 2663 557 καί
2742 498 3122 570 δουλαγωγῶ,
3185 496 3269 569 μή
3312 516 3427 568 πως
3474 503 3641 575 ἄλλοις

435 621 556 691 ﬁat.
591 627 790 670 sitcum
812 613 934 667 aliis
963 611 1360 683 pradicaverim
1393 608 1500 677 ipse
1528 603 1777 674 reprobus
1796 601 2011 671 eﬂiciar.

508 708 802 779 Postquam
833 705 1071 760 ostendit
1095 710 1349 773 oportere
1378 699 1666 755 demittere
1695 710 1755 751 se
1799 693 1867 747 ad
1926 693 2014 746 in-

438 800 653 865 firmos,
695 796 980 850 dicendo:
1049 813 1068 846 ι
1117 792 1317 847 Factus
1356 805 1486 846 sum
1554 786 1712 855 quasi
1772 783 2015 850 Iudaeus,

440 890 599 960 quasi
653 887 772 946 sine
819 885 957 954 lege,
986 884 1142 955 quasi
1169 882 1441 948 infirmus,
1479 899 1498 933 ι
1531 886 1591 934 ιιι
1616 891 1713 934 eos
1762 876 1855 948 qui
1889 888 2017 930 vere

441 980 582 1035 tales
620 985 779 1034 erant
821 976 1006 1031 salvos
1034 974 1274 1029 facerent
1314 989 1330 1027 :
1367 970 1630 1041 deinceps
1660 966 1845 1023 acrius
1890 978 2015 1020 cum

442 1072 525 1126 eis
557 1070 800 1129 disserit.
837 1066 952 1120 Hoc
986 1076 1170 1120 autem
1201 1063 1508 1130 exemplum
1541 1059 1747 1130 posuit,
1779 1072 1886 1112 non
1919 1070 2019 1111 vo-

444 1162 563 1217 lens
605 1160 892 1217 ostendere
926 1176 984 1213 se
1010 1158 1189 1213 soiutn
1222 1172 1288 1209 ex
1334 1154 1593 1209 omnibus
1632 1152 1877 1208 futurum
1909 1149 2020 1205 sal-

444 1268 569 1307 vmn
610 1273 624 1308 :
681 1253 830 1308 alisit
864 1268 878 1304 :
911 1250 1005 1305 sed
1061 1246 1358 1302 ostendens
1409 1244 1555 1316 quod
1609 1243 1745 1300 satis
1791 1256 1902 1297 non
1948 1241 2021 1297 sit

444 1347 673 1403 credere
718 1355 956 1409 tantum,
998 1343 1143 1398 sicut
1186 1356 1289 1396 nec
1323 1340 1432 1395 illis
1456 1341 1593 1394 satis
1626 1346 1712 1394 est
1760 1350 2012 1400 currere,

446 1437 543 1491 sed
598 1443 816 1505 oportet
847 1433 1161 1503 diligentem
1188 1446 1250 1487 ac
1286 1430 1539 1486 sedulum
1565 1443 1710 1492 esse,
1742 1441 1920 1498 usque
1950 1426 2018 1482 ad

445 1527 655 1598 prtetttii
722 1526 838 1580 sive
893 1538 1115 1579 coronae
1192 1521 1619 1593 perceptionem.
1693 1519 2018 1589 Quanquam

446 1617 594 1673 enim
629 1617 777 1679 fidei,
807 1617 1009 1687 inquit,
1033 1614 1287 1669 notitiam
1325 1613 1560 1678 habetis,
1598 1612 1705 1668 nisi
1756 1626 1881 1668 eam
1910 1610 2023 1665 fra-

458 1721 599 1765 trum
627 1708 912 1763 dilectioni
928 1705 1245 1780 junxeritis,
1265 1704 1400 1758 nihil
1423 1703 1666 1776 proderit
1687 1702 1865 1760 vobis.
1886 1700 2021 1757 Nam

449 1805 506 1857 in
544 1802 930 1872 sUperioribus
968 1815 1191 1872 quoque
1225 1800 1371 1853 hunc
1398 1812 1705 1853 sermonem
1733 1795 2024 1867 explicuit.

2121 593 2408 664 κηρύξας,
2436 591 2618 658 αὐτὸς
2630 590 2914 661 ἀδόκιμος
2940 591 3218 659 γένωμαι.

2198 684 2356 742 Μετὰ
2381 684 2441 739 τὸ
2473 681 2644 750 δεῖξαι
2683 682 2794 737 δεῖν
2825 682 3287 752 συγκαταϐαίνειν
3307 687 3411 748 τοῖς
3438 685 3643 745 ἀσθενέσι

2120 780 2190 837 δι’
2216 775 2290 838 ὧν
2313 773 2486 845 εἶπεν,
2525 795 2542 832 ι
2610 776 2912 847 Ἐγενόμην
2940 775 3015 840 ὡς
3064 774 3340 839 Ἰουδαῖος,
3367 777 3437 840 ὡς
3467 778 3645 850 ἄνομος.

2121 873 2197 938 ὡς
2225 872 2479 943 ἀσθενὴς,
2510 874 2542 923 θ’
2563 870 2651 924 ἵνα
2668 870 2793 933 τοὺς
2820 870 2876 922 ἐν
2905 867 3307 938 ἀληθείαδντας
3333 868 3493 934 οὕτως
3507 872 3645 938 σώσω,

2122 963 2311 1019 λοιπὸν
2368 959 2813 1034 πληκτικὼτερον
2888 958 3071 1022 αὐτοῖς
3142 957 3461 1028 διαλέγεται.
3505 962 3567 1014 Τὸ
3606 965 3647 1018 δὲ

2123 1057 2479 1128 παράδειγμα
2504 1053 2662 1108 τοῦτο
2708 1047 2852 1119 εἷπε,
2883 1051 2945 1105 ού
2971 1051 3144 1118 δεῖξαι
3165 1050 3339 1105 θέλων
3358 1052 3437 1105 ὅτι
3466 1054 3522 1107 ἐκ
3544 1055 3649 1108 πάν-

2121 1164 2232 1202 των
2299 1141 2379 1210 εἷς
2430 1146 2758 1216 σωθήσεται,
2810 1144 2992 1212 ἄπαγε
3029 1144 3044 1198 ί
3076 1142 3221 1197 ἀλλὰ
3264 1141 3465 1209 δεικνὺς
3491 1146 3650 1202 ὅτιούκ

2123 1241 2289 1312 ἀρκεῖ
2323 1236 2613 1292 πιστεῦσαι
2647 1237 2831 1309 μόνον,
2857 1236 3048 1309 ῶσπερ
3069 1236 3197 1290 ούδέ
3227 1235 3451 1299 ἐκείνοις
3478 1239 3530 1290 τὸ
3554 1239 3652 1309 δρα-

2128 1334 2273 1404 μεῖν,
2328 1331 2465 1387 ἀλλά
2520 1331 2629 1404 χρὴ
2663 1329 2986 1395 σπουδάζειν
3021 1328 3222 1402 μέχρις
3244 1327 3404 1382 αὐτοῦ
3430 1329 3513 1383 τοῦ
3551 1331 3652 1402 βρα-

2126 1425 2295 1493 ϐείου,
2353 1424 2521 1495 ἤγουν
2573 1422 2669 1476 τοῦ
2730 1423 3022 1492 στεφάνου.
3077 1422 3145 1475 Εί
3204 1420 3315 1493 γὰρ
3364 1421 3451 1474 καὶ
3497 1422 3655 1490 γνῶσιν

2125 1515 2300 1588 ἔχετε,
2365 1514 2524 1586 φησι,
2583 1514 2683 1583 τῆς
2739 1511 2997 1578 πίστεως,
3059 1512 3111 1565 εί
3146 1510 3224 1582 μὴ
3281 1511 3415 1582 μετὰ
3460 1514 3547 1582 τῆς
3571 1514 3653 1567 τῶν

2126 1605 2372 1677 ἀδελφῶν
2396 1605 2619 1676 ἀγάπης
2659 1602 2832 1674 ἔχετε,
2857 1602 3012 1657 ούδέν
3041 1600 3482 1672 ὠφεληθήσεσθε.
3500 1602 3655 1655 Τοῦτον

2127 1698 2235 1770 γάρ
2259 1699 2353 1753 καὶ
2380 1697 2493 1753 ἄνω
2529 1698 2621 1752 τὸν
2653 1696 2812 1765 λόγον
2842 1693 3177 1765 ἐγύμνασεν.
3210 1710 3230 1746 ι
3250 1690 3435 1759 Οὕτως
3461 1694 3652 1767 τρέχετε,

2129 1792 2216 1846 ἵνα
2289 1788 2658 1861 καταλάϐητε.
2692 1808 2711 1841 ι
2776 1789 2892 1843 Οὐκ
2947 1788 3058 1860 ἄρα
3108 1786 3488 1855 κατειληφότες
3534 1783 3655 1858 ἦσαν.

455 1914 473 1947 ι
506 1895 598 1949 Sic
629 1894 837 1949 currite
871 1903 931 1947 ut
953 1890 1459 1963 comprehendatis.
1499 1908 1518 1943 ι
1559 1889 1750 1960 Itaque
1780 1886 2027 1945 nondum

2143 1902 2158 1940 ι
2207 1884 2322 1948 Πᾶς
2351 1882 2408 1937 δὲ
2437 1885 2465 1937 ὁ
2485 1880 2909 1952 ἀγωνιζόμενος.
2929 1898 2947 1933 ι
2976 1878 3237 1933 Διδάσκει
3266 1878 3457 1932 καὶτὸν
3484 1878 3655 1948 τρόπον,

450 1984 1007 2056 comprehenderant.
1089 2002 1108 2036 ι
1168 1981 1431 2052 Quisquis
1491 1988 1676 2036 autem
1760 1988 1959 2038 certat.
2002 1998 2021 2032 ι

454 2076 628 2132 Docet
658 2078 825 2131 etiam
864 2076 1089 2131 modum
1123 2091 1233 2146 quo
1267 2074 1444 2145 possit
1470 2071 1748 2147 quispiam
1774 2086 2027 2143 compre-

450 2168 716 2224 hendere.
763 2187 781 2221 ι
836 2165 1075 2223 Omnino
1134 2176 1457 2240 temperans
1507 2175 1615 2222 est.
1671 2184 1691 2217 ι
1748 2164 1864 2220 Hoc
1921 2172 2028 2229 est,

449 2260 572 2323 Non
629 2263 990 2333 aliquousque
1042 2267 1315 2332 temperat
1364 2267 1419 2316 et
1480 2258 1850 2329 aliquousque
1894 2271 2029 2312 non.

450 2351 587 2409 Nam
630 2354 736 2409 hoc
795 2368 923 2409 vere
970 2362 1188 2409 certare
1247 2359 1357 2418 cst,
1413 2360 1736 2406 cunctarum
1768 2350 2033 2404 virtutum

452 2456 507 2501 et
537 2456 928 2518 praeceptorum
967 2447 1351 2501 observantem
1394 2458 1540 2507 esse,
1583 2449 1638 2498 et
1676 2442 1743 2497 ab
1775 2440 2034 2497 omnibus

455 2541 616 2595 malis
659 2549 713 2594 et
762 2538 1062 2594 contrariis
1104 2535 1536 2601 abstinere:hic
1572 2534 1715 2590 enim
1750 2547 1914 2588 verus
1949 2538 2037 2588 est

456 2627 628 2697 pugil.
684 2643 696 2676 ι
747 2623 824 2678 'Ut
888 2624 1305 2693 carruptihilcm
1374 2635 1635 2677 coronam
1667 2619 1968 2690 accipiant.
2006 2635 2027 2670 ι

459 2716 536 2771 Ex
564 2717 976 2787 comparatione
994 2714 1062 2770 ad
1088 2713 1141 2769 id
1166 2714 1311 2784 quod
1327 2712 1506 2768 minus
1531 2722 1611 2768 est
1631 2726 1743 2767 rem
1765 2717 1949 2781 auget.
1973 2707 2033 2765 Si

460 2808 542 2872 hi,
559 2809 757 2878 inquit,
779 2806 874 2879 qui
897 2809 950 2862 in
976 2807 1158 2862 stadio
1177 2814 1413 2872 certant,
1430 2803 1656 2860 omnino
1675 2808 2041 2881 temperantes

460 2909 592 2955 sunt
644 2915 709 2954 ne
767 2898 1150 2955 fortitudinem
1195 2904 1579 2965 corrumpant,
1621 2893 2039 2964 corruptibilem

459 2999 711 3061 Optantes
730 3005 1012 3054 coronam,
1034 2985 1309 3060 quomodo
1331 3002 1434 3043 nos
1450 2984 1544 3057 qui
1570 2984 2040 3057 incorruptibilem

462 3090 848 3151 exspectamus
874 3097 979 3135 non
1015 3082 1185 3136 multo
1217 3079 1393 3151 magis
1427 3080 1497 3135 ab
1524 3078 1784 3134 omnibus
1828 3076 2044 3134 nocivis

462 3171 894 3226 abstinebimus.
944 3188 963 3222 ι
1000 3169 1114 3241 Ego
1150 3170 1355 3240 itaque.
1411 3188 1432 3222 ι
1466 3168 1716 3240 Seipsum
1752 3178 1939 3241 postea
1985 3167 2042 3223 in

2130 1976 2248 2041 πῶς
2270 1978 2335 2032 ἄν
2364 1993 2450 2038 τις
2491 1974 2815 2032 καταλάϐοι.
2848 1974 3057 2040 Πάντα,
3104 1973 3267 2043 φησὶ,
3303 1972 3654 2042 ἐγκρατεύεται,

2132 2068 2414 2123 τουτέστιν
2454 2067 2577 2139 οὐχὶ
2633 2065 2793 2121 τοῦδε
2853 2065 2951 2135 μέν
3003 2063 3321 2134 ἀντέχεται,
3353 2061 3494 2116 τοῦδε
3522 2061 3654 2116 ἂοῦο

2131 2159 2291 2216 τοῦτο
2321 2162 2452 2232 γὰρ,
2476 2161 2537 2213 τδ
2568 2159 2742 2223 ὅντως
2795 2156 3200 2226 ἀγωνίσασθαι,
3253 2156 3316 2208 τὸ
3345 2155 3542 2209 πάντων
3577 2156 3655 2209 τῶν

2132 2252 2344 2322 ἀρετῶν
2368 2252 2465 2308 καὶ
2489 2250 2723 2305 ἐντολῶν
2772 2249 2948 2320 φύλαξ
2979 2247 3267 2319 γενέσθαι,
3297 2248 3390 2301 καὶ
3416 2247 3654 2319 ἀπέχεσθτι

2135 2345 2355 2399 πάντων
2420 2342 2529 2398 τῶν
2569 2342 2823 2417 πονηρῶν
2895 2341 2992 2396 καὶ
3041 2338 3331 2394 ἐναντίων.
3387 2332 3536 2402 Οὗτος
3577 2342 3655 2409 γὰρ

2136 2436 2344 2506 ἀληθὴς
2362 2436 2695 2506 ἀγωνιστής.
2718 2434 2870 2490 ι’ίνα
2884 2432 3126 2506 φθαρτὸν
3143 2431 3408 2500 στέφανον
3421 2430 3650 2486 λάϐωσιν.»

2150 2529 2244 2585 Ἐκ
2267 2530 2367 2599 τῆς
2403 2530 2484 2593 είς
2516 2527 2577 2581 τὺ
2596 2526 2819 2582 ἔλαττον
2873 2527 3228 2599 συγκρίσεως
3267 2524 3418 2592 αὔξει
3442 2525 3496 2579 τὺ
3520 2526 3655 2594 πρᾶτ-

2142 2638 2238 2694 μα.
2259 2621 2322 2674 Εί
2348 2623 2398 2674 oi
2429 2619 2848 2691 ἀγωνιζόμενοι,
2869 2619 3058 2692 φησὶν,
3095 2620 3157 2672 ἐν
3203 2616 3284 2688 τῷ
3310 2616 3496 2688 σταδίῳ
3521 2616 3653 2670 πάντα

2139 2713 2587 2785 ἐγκρατεύονται,
2621 2712 2708 2767 ἶνα
2745 2710 2821 2784 μὴ
2848 2710 2946 2782 τὴν
2998 2712 3161 2781 ἰσχὺν
3194 2708 3453 2763 ἐκλύσωσι
3473 2707 3653 2779 φθαρτοῦ

2141 2802 2419 2872 ἐφιέμενοι
2479 2801 2767 2872 στεφάνου,
2830 2800 2949 2866 πῶς
2977 2802 3143 2872 ἡμεῖς
3178 2801 3229 2854 oi
3254 2799 3512 2871 ἄφθαρτον
3534 2814 3661 2871 προτ-

2140 2894 2431 2959 δοκῶντες,
2462 2893 2563 2948 οὐκ
2606 2895 2673 2949 ἂν
2705 2892 2907 2964 μᾶλλον
2958 2891 3458 2965 ἐγκρατευσώμεθα
3480 2892 3535 2945 ἐκ
3555 2891 3653 2944 πᾶν·

2142 3004 2250 3042 των
2287 2986 2395 3041 τῶν
2423 2986 2807 3059 βλαπτόντωνς
2842 3003 2861 3038 ι
2888 2983 3032 3054 Ἐγὼ
3060 2985 3268 3039 τοίνυν.
3295 3003 3314 3038 ι
3350 2985 3530 3039 Λοιπὸν
3563 2984 3654 3036 ἐπυ-

2143 3081 2234 3135 τδν
2261 3080 2341 3144 είς
2388 3080 2554 3151 μέσον
2585 3077 2763 3151 φέρει·
2806 3071 2964 3142 οὗτος
2995 3077 3224 3150 ἄριστος
3247 3076 3439 3149 τρόπος
3464 3077 3655 3130 διδασκα-

2144 3171 2290 3238 λίας,
2326 3172 2384 3239 ἐξ
2449 3169 2642 3224 ἑαυτοῦ
2705 3169 2885 3243 εὑρεῖν
2931 3168 3001 3224 τά
3059 3168 3494 3243 παραδείγματα.
3557 3166 3655 3236 Ἐγὼ

461 3264 772 3333 excinplum
808 3239 1122 3333 profertpet
1155 3239 1398 3333 optimus
1434 3263 1524 3317 hic
1555 3239 1789 3318 docendi
1843 3259 2039 3317 modus

2147 3263 2459 3335 τοιγαροῦν,
2509 3263 2647 3334 μετὰ
2698 3239 2955 3331 γνῶσεως
3015 3239 3201 3334 τρέχω
3240 3303 3260 3329 ,
3313 3261 3428 3333 οὐχὶ
3478 3261 3652 3331 ἀδήλως,

467 3365 552 3412 est
580 3372 609 3410 a
650 3357 833 3426 seipso
864 3355 1111 3426 exempla
1145 3355 1417 3411 invenire.
1448 3355 1560 3428 Ego
1588 3355 1776 3426 itaque
1805 3355 2043 3423 pruden-

472 3452 548 3505 tia
574 3450 711 3505 duce
734 3464 921 3514 curro,
961 3464 1073 3503 non
1106 3449 1160 3502 in
1198 3449 1490 3516 incertum,
1531 3448 1633 3503 hoc
1653 3455 1755 3512 est,
1787 3463 1895 3503 non
1927 3446 2045 3503 fru-

467 3551 581 3593 stra
623 3547 677 3593 ct
715 3540 768 3593 in
800 3552 1025 3603 vanum,
1055 3545 1111 3592 et
1140 3538 1207 3591 ad
1243 3538 1450 3592 nullum
1483 3553 1735 3609 scopum,
1761 3538 1907 3593 sicut
1943 3552 2044 3593 vos

468 3631 563 3701 qui
605 3631 659 3685 in
696 3645 894 3684 vanum
931 3628 1182 3685 curritis.
1216 3627 1349 3695 Qua:
1375 3629 1522 3685 enim
1545 3631 1705 3687 vobis
1736 3630 1954 3685 utilitas
1977 3645 2046 3686 ex

470 3737 540 3778 eo
583 3722 728 3792 quod
761 3730 1024 3792 tanquam
1064 3719 1450 3792 perfectionem
1493 3728 1837 3778 ostentantes
1868 3722 2048 3778 idolo-

472 3815 628 3887 thyta
689 3814 889 3882 edatis,
925 3830 1049 3868 cum
1115 3814 1232 3869 haec
1277 3822 1485 3881 vestra,
1530 3813 1733 3886 inquit,
1779 3813 2049 3887 perfectio

473 3908 635 3963 fratri
667 3904 899 3962 noceat?
925 3908 995 3961 At
1027 3920 1137 3961 non
1177 3920 1277 3977 ego
1314 3905 1412 3972 ita,
1462 3906 1555 3963 sed
1585 3907 1819 3978 exigenti
1847 3923 2053 3981 oppor-

473 4002 707 4056 tunitate
749 4000 912 4055 etiam
965 4000 1073 4055 mei
1103 3999 1438 4056 demissione
1470 4016 1600 4057 usus
1653 4017 1799 4066 sum,
1828 4010 1892 4056 ut
1925 4017 2045 4058 om-

475 4093 609 4147 nino
632 4093 849 4164 aliquos
878 4093 1063 4149 salvos
1085 4091 1309 4147 faciam.
1345 4110 1363 4145 ι
1406 4092 1524 4149 Non
1557 4094 1709 4151 velut
1739 4109 1922 4149 aerem
1970 4077 2050 4148 fe-

473 4184 646 4240 riens.
686 4202 706 4237 ι
741 4184 818 4239 lta
858 4185 1099 4255 pugilem
1128 4199 1231 4255 ago
1253 4192 1307 4240 et
1333 4194 1506 4252 certo,
1536 4200 1646 4240 non
1671 4195 1727 4240 ut
1751 4200 1933 4241 aerem
1970 4185 2053 4241 feo

475 4278 611 4331 riam
658 4295 672 4332 :
722 4279 893 4332 habeo
924 4278 1073 4332 enim
1117 4293 1281 4345 quem
1343 4277 1535 4334 feriam
1584 4277 1862 4333 diabolum
1906 4291 2054 4331 :vos

479 4373 662 4420 autem
688 4365 794 4421 ﬁde
829 4376 1144 4433 currentes,
1174 4375 1229 4422 et
1263 4367 1586 4423 verberibus
1612 4366 1828 4437 pugiles
1882 4381 2053 4439 agen-

478 4465 583 4522 tes,
614 4457 679 4512 ad
717 4458 856 4512 nihil
897 4472 1089 4512 eorum
1125 4472 1249 4529 quas
1288 4466 1589 4528 oporteret,
1624 4457 1863 4513 utimini.
1890 4456 2055 4529 508

2144 3358 2447 3421 τουτέστιν,
2492 3356 2593 3409 οὐκ
2654 3353 2780 3425 είκῆ
2825 3356 2920 3408 καὶ
2978 3355 3159 3426 μάτην
3227 3355 3323 3410 καὶ
3372 3354 3492 3426 πρὸς
3517 3353 3654 3407 obitu

2150 3448 2377 3515 σκοπὸν,
2398 3448 2475 3512 ὼς
2505 3447 2686 3518 ὑμεῖς,
2741 3448 2931 3516 φησιν,
2959 3447 3009 3499 οί
3058 3445 3244 3518 μάτην
3302 3447 3571 3518 τρέχοντες.
3609 3443 3654 3497 Τί

2146 3544 2254 3616 γὰρ
2319 3541 2470 3614 ὑμῖν,
2514 3542 2701 3613 φησιν,
2765 3540 2956 3610 ὄφελος
2980 3541 3042 3595 ἐκ
3074 3540 3174 3595 τοῦ
3231 3540 3522 3611 τελειότητα
3542 3536 3655 3608 δῆθεν

2147 3633 2551 3691 ἐπιδείκνυσθαι
2599 3634 2658 3688 ἐν
2702 3631 2784 3705 τῷ
2834 3632 2905 3687 τά
2962 3632 3294 3688 εἰδωλόθυτα
3342 3631 3541 3694 ἐσθίειν,
3572 3630 3652 3700 ητις

2150 3744 2245 3781 σου
2280 3728 2553 3796 τελειότης
2606 3722 2833 3797 βλάπτει
2862 3723 2952 3779 τὸν
2978 3722 3106 3777 άδελ
3120 3723 3224 3793 φύν
3249 3739 3266 3790 ;
3314 3722 3446 3776 Ἀλλ’
3473 3722 3556 3776 οὐκ
3578 3716 3655 3787 ἐγὼ

2147 3819 2344 3886 οὕτως,
2411 3817 2602 3890 φησιν,
2660 3816 2775 3872 ἀλλ’
2831 3817 2889 3871 ἐν
2948 3814 3130 3889 καιρῷ
3178 3816 3270 3872 καὶ
3328 3811 3655 3884 συγκαταδάσει

2151 3912 2455 3984 κέχρημαι,
2492 3910 2580 3965 ἴνα
2616 3910 2830 3973 πάντως
2864 3909 3018 3973 τινὰς
3049 3909 3238 3965 σώσω.
3282 3926 3303 3962 ι
3350 3908 3434 3972 Ὠς
3460 3906 3544 3961 οὐκ
3561 3904 3656 3970 ἀέρα

2150 4005 2346 4076 δέρων.
2376 4021 2395 4056 ι
2454 4000 2642 4065 Οὕτως
2684 4000 2942 4055 πυκτεύω
2973 4001 3068 4055 καὶ
3100 4000 3458 4072 ἀγωνίζομαι,
3485 3996 3565 4065 οὐχ
3597 3993 3655 4048 ἵνα

2154 4097 2295 4166 δέρω
2355 4093 2516 4166 ἀέρα.
2578 4094 2729 4165 Ἔχω
2773 4092 2883 4167 γὰρ
2938 4093 3062 4149 τίνα
3113 4094 3305 4166 δείρω,
3349 4090 3433 4144 τὸν
3453 4087 3654 4144 διάϐολον.

2167 4190 2360 4260 Ὑμεῖς
2394 4187 2453 4242 δέ
2481 4190 2549 4260 τῇ
2581 4186 2760 4240 πίστει
2808 4187 3114 4259 τρέχοντες,
3177 4187 3275 4241 καὶ
3314 4186 3429 4248 ταῖς
3475 4178 3654 4249 πληγαῖς

2158 4278 2543 4346 πυκτεύοντες,
2577 4280 2656 4342 εἰς
2677 4276 2830 4332 οὐδὲν
2861 4276 2982 4332 δέον
3013 4276 3310 4350 κέχρησθε.
3360 4293 3380 4328 ι
3413 4272 3535 4327 Ἀλλ’
3554 4271 3659 4325 ὑπω-

2156 4370 2335 4436 πιάζω
2360 4386 2461 4440 μου
2494 4369 2556 4422 τὸ
2586 4366 2765 4439 σῶμα.
2790 4386 2808 4419 ι
2842 4367 2958 4422 Ούκ
2988 4367 3215 4438 ἀφίημι,
3252 4366 3398 4437 φησι,
3425 4363 3483 4433 τῇ
3514 4354 3656 4430 γαστρὶ

2157 4464 2251 4519 καὶ
2276 4463 2353 4534 τῷ
2389 4461 2604 4533 σώματι
2660 4462 2760 4524 τὰς
2802 4460 2961 4532 ἡνίας
2987 4500 3004 4526 ,
3055 4459 3193 4514 ἀλλὰ
3223 4455 3541 4530 περισφίγγω
3568 4444 3658 4503 αὐτὸ

486 4566 505 4599 ι
547 4547 654 4603 Sed
683 4547 928 4616 subjicio
961 4562 1164 4619 corpus
1195 4564 1401 4603 meum.
1440 4568 1459 4602 ι
1493 4548 1612 4605 Non
1640 4551 1923 4620 permitzo,
1968 4551 2039 4605 in-

2159 4558 2250 4611 xa‘:
2291 4533 2395 4610 ὑπο
2408 4556 2602 4610 τάσσω.
2668 4553 2840 4606 Τοῦτο
2877 4553 2986 4623 γὰρ
3009 4550 3160 4621 λέγει
3193 4550 3275 4617 τὸ,
3305 4533 3657 4603 ὑπωπιάζωιωὶ

478 4642 621 4710 quit,
656 4642 834 4697 ventri
865 4649 961 4695 aut
990 4643 1210 4712 corpori
1243 4657 1362 4698 meo
1393 4642 1658 4711 habenas,
1701 4643 1797 4700 sed
1822 4657 2054 4701 coerceo

480 4732 616 4787 illud
671 4742 723 4788 et
757 4731 995 4802 subjicio
1028 4750 1043 4787 :
1073 4748 1197 4788 nam
1233 4733 1339 4789 hoc
1374 4733 1481 4790 sibi
1536 4737 1652 4793 vult
1685 4749 1700 4789 :
1747 4733 1979 4807 Subjicio
2006 4744 2056 4790 et

479 4823 536 4877 in
593 4824 896 4879 seruitutem
949 4824 1149 4897 redigo,
1183 4824 1287 4881 hoc
1309 4834 1413 4893 est,
1451 4825 1613 4881 domo
1647 4840 1713 4883 ac
1740 4827 1792 4881 in
1835 4826 2059 4882 modum

487 4913 635 4967 servi
676 4914 884 4984 redigo.
911 4913 1103 4984 Neque
1149 4917 1296 4971 enim
1327 4918 1617 4988 prodesset
1650 4918 1827 4974 solum
1859 4918 2061 4989 praedi-

481 5018 629 5071 care,
682 5005 789 5059 nisi
839 5008 1003 5061 etiam
1065 5023 1188 5078 quae
1214 5023 1245 5062 a
1275 5025 1362 5063 me
1394 5009 1512 5064 fleri
1554 5017 1794 5080 possunt
1827 5020 2059 5080 praesta-

484 5109 621 5150 rem.
663 5090 788 5149 ﬂaec
822 5106 1003 5151 autem
1049 5100 1262 5166 dicens,
1302 5100 1596 5157 innuiteos
1624 5101 1799 5156 ventri
1824 5102 2061 5169 deditos,

482 5185 741 5257 quodque
757 5203 867 5242 non
890 5190 1026 5244 satis
1048 5190 1127 5244 eis
1141 5191 1217 5245 sit
1230 5191 1532 5247 credidisse
1547 5201 1782 5260 tantum,
1800 5194 1943 5251 sicut
1963 5209 2063 5250 nec

487 5279 590 5352 ipsi
623 5277 949 5350 praedicasse
982 5296 996 5333 :
1039 5281 1146 5336 nisi
1169 5291 1223 5336 et
1239 5297 1362 5353 ego,
1396 5283 1597 5353 inquit,
1627 5292 1683 5340 et
1707 5299 1828 5349 vos,
1857 5300 2064 5356 corpus

484 5371 717 5442 ejusque
735 5370 1215 5440 concupiscentias
1250 5372 1303 5426 in
1336 5374 1657 5429 servitutem
1691 5376 2030 5448 redigamus.

554 5461 622 5529 Χ,
660 5462 779 5517 1-4.
825 5459 1012 5517 Nolim
1044 5474 1221 5518 autem
1256 5481 1342 5520 vos
1396 5466 1645 5536 ignorare
1697 5466 1888 5535 fratres
1923 5469 2063 5541 quod

483 5565 661 5628 patres
693 5554 865 5609 nostri
912 5570 1090 5609 omnes
1127 5555 1222 5610 sub
1256 5555 1390 5610 nube
1411 5558 1625 5625 {uerunt
1648 5572 1668 5611 :
1689 5566 1737 5610 et
1768 5575 1947 5613 omnes
1973 5575 2064 5628 per

485 5663 634 5704 mare
667 5647 1007 5701 transierunt
1046 5661 1068 5701 :
1127 5657 1176 5701 et
1213 5662 1391 5703 omnes
1439 5649 1536 5703 sub
1580 5648 1765 5704 Mosen
1809 5649 2064 5719 baptizoti

487 5751 609 5795 sunt
640 5740 691 5793 in
724 5740 859 5794 nube
879 5747 929 5793 et
965 5739 1021 5793 in
1045 5740 1183 5793 mari
1218 5754 1237 5793 :
1292 5750 1343 5795 et
1374 5757 1551 5796 omnes
1601 5741 1839 5797 eumdem
1889 5741 2062 5796 cibum

487 5827 783 5897 spiritalem
855 5828 1193 5883 comederunt
1231 5838 1330 5884 εει
1370 5846 1548 5885 omnes
1593 5832 1828 5885 eumdem
1880 5842 2060 5899 potum

2160 4645 2537 4719 ὃουλαγωγῶο
2562 4646 2832 4711 τουτέστι,
2873 4645 3109 4717 Δαμάζω
3132 4645 3233 4698 καὶ
3276 4642 3349 4706 ὡς
3377 4636 3537 4694 δοῦλον
3559 4633 3656 4698 dtu.

2162 4741 2238 4795 Οὐ
2278 4740 2388 4811 γὰρ
2447 4737 2838 4809 συμϐάλλεται,
2871 4737 3025 4808 φησὶ,
3054 4735 3150 4806 μοὶ
3193 4735 3256 4789 τὸ
3286 4729 3501 4805 κηρύξαι
3518 4723 3652 4798 μόνον.

2161 4832 2229 4887 ἂν
2261 4837 2336 4903 μὴ
2360 4810 2465 4885 καὶ
2499 4831 2568 4885 τά
2587 4831 2720 4902 παρ’
2748 4828 2990 4902 ἐμαυτοῦ
3020 4827 3407 4899 παράσχωμαι.
3433 4820 3587 4876 Ταῦτα
3614 4810 3656 4867 δδ

2162 4924 2355 4993 λέγων,
2399 4924 2695 4977 αίνίττεται
2745 4921 2941 4983 αὐτοὺς
2993 4919 3089 4975 καὶ
3124 4917 3556 4992 γαστριμάργους,
3591 4903 3655 4959 καί

2162 5019 2244 5072 ὅτι
2268 5018 2384 5071 Ούκ
2415 5017 2577 5087 ἀρκεῖ
2621 5014 2751 5086 ὑμῖν
2775 5015 2834 5068 τὸ
2858 5013 3148 5068 πιστεῦσαι
3181 5012 3359 5083 μόνον,
3380 5007 3543 5072 ὥσπερ
3571 4995 3654 5051 αἰδὲ

2165 5110 2288 5181 ἐμοὶ
2319 5110 2381 5164 τὸ
2408 5108 2667 5180 κηρύξαι,
2705 5106 2802 5161 ἐὰν
2834 5107 2909 5179 μὴ
2932 5106 3046 5177 ἐγὼ
3066 5108 3161 5163 καὶ
3189 5105 3344 5177 ὑμεῖς
3372 5099 3456 5156 καί
3473 5095 3523 5149 τὸ
3542 5090 3655 5159 σῶμα

2164 5201 2262 5258 καὶ
2289 5202 2387 5266 τὰς
2420 5199 2717 5272 ἐπιθυμίας
2736 5200 2902 5257 αὐτοῦ
2927 5199 3256 5271 δουλώσητε.

2239 5467 2323 5519 Οὺ
2380 5464 2533 5521 θέλω
2571 5462 2641 5518 δέ
2703 5461 2861 5533 ὑμᾶς
2919 5460 3181 5533 ἀγνοεῖν,
3216 5453 3467 5528 ἀδελφοί,
3512 5447 3582 5501 ὅτι
3617 5439 3653 5493 οι

2165 5560 2419 5628 πατέρες
2463 5557 2632 5628 ἡμῶν
2693 5554 2916 5622 πάντες
2962 5555 3082 5611 ὑπὸ
3120 5553 3232 5620 τὴν
3253 5547 3497 5621 νεφέλην
3518 5534 3649 5628 vim”:

2168 5652 2264 5706 xui
2304 5617 2527 5717 ἑπιέ-τέξ
2590 5647 2690 5704 διὰ
2744 5647 2856 5718 τῆς
2893 5617 3229 5715 Vaut-Idaan
3286 5617 3547 5707 διῆλθον.
3583 5617 3649 5676 καί

2167 5745 2390 5810 ,πάντες
2434 5746 2523 5810 είς
2568 5742 2675 5797 τὸν
2712 5740 2943 5811 Μωσῆν
2990 5740 3380 5796 ἐϐαπτίσαντο
3410 5730 3472 5784 ἐν
3506 5720 3565 5789 τῇ

2167 5835 2324 5897 (βέλη
2367 5801 2585 5890 ’καίὲν
2623 5833 2697 5903 τῆ
2745 5801 3049 5890 θαλάσση.
3082 5831 3190 5889 Kal
3228 5827 3430 5889 πάντες
3461 5815 3514 5872 τὸ
3543 5801 3648 5864 αὐτὸ
