3872 6600
157 500 249 569 777
1071 502 1460 567 COMMENT.
1502 500 1584 560 IN
1628 498 1865 559 EPIST.
1894 498 1924 558 Ι
1972 499 2073 559 ΑΙ)
2111 497 2473 559 CORIN'I‘H.

3316 500 3423 561 778

229 642 404 697 Ἀλλ’
442 642 562 695 οὐκ
595 641 665 695 ἐν
692 641 819 707 τοῖς
841 642 1130 696 πλείοσιν
1168 641 1368 697 αὐτῶν
1400 639 1740 705 εὐδόκησεν

1913 635 1983 700 X,
2010 637 2159 692 5-10.
2198 636 2302 693 Sed
2329 638 2507 706 plures
2538 638 2775 706 ipsorum
2801 653 2903 692 non
2937 635 3252 706 placuerunt
3282 636 3420 693 Deo:

155 740 179 787 ὁ
205 736 372 800 Θεός.
398 731 914 799 Κατεστρώθησαν
940 731 1051 801 ⁸γπιίρ
1069 731 1140 785 ἐν
1162 728 1237 800 τῇ
1261 729 1476 799 ἐρήμῳ.
1534 727 1732 782 Ταῦτα

148 826 206 880 δὲ
232 829 416 881 τύποι
446 825 615 896 ἡμῶν
634 822 1032 893 ἐγενήθησαν,
1059 824 1147 887 εἰς
1171 821 1241 875 τὸ
1262 820 1348 891 μὴ
1379 817 1533 874 εἶναι
1572 817 1732 888 ἡμᾶς

143 918 514 987 ἐπιθυμητὰς
562 914 784 978 κακῶν,
846 912 1041 979 καθὼς
1069 913 1287 966 ἐκεῖνοι
1315 911 1728 979 ἐπεθύμησαν.

140 1007 310 1074 Μηδὲ
334 1006 767 1074 εἰδωλολάτραι
798 1003 1062 1074 γίνεσθε,
1094 1002 1289 1068 καθώς
1314 1016 1475 1067 τινες
1505 997 1728 1064 αὐτῶν,

135 1102 211 1166 ὡς
273 1103 607 1171 γέγραπται
642 1137 659 1163 ,
705 1094 1028 1150 Ἐκάθισεν
1077 1097 1111 1149 ό
1168 1096 1320 1160 λαὸς
1362 1092 1577 1163 φαγεῖν
1635 1091 1735 1146 καί

134 1191 322 1252 πιεῖν.
355 1191 455 1244 καί
474 1188 831 1255 ἀνέστησαν
851 1183 1104 1246 παίζειν.
1130 1184 1298 1253 Μηδὲ
1324 1183 1732 1253 πορνεύωμεν,

137 1286 339 1353 καθώς
385 1302 550 1352 τινες
578 1264 579 1269 γ
602 1282 804 1337 αὐτῶν
845 1281 1249 1350 ἐπόρνευσαν,
1278 1278 1377 1333 καὶ
1408 1278 1638 1332 ἔπεσον
1664 1276 1734 1330 ἐν

138 1377 242 1451 μιᾷ
296 1377 494 1448 ἡμέρᾳ
542 1375 900 1441 εἰκοσιτρεῖς
973 1371 1267 1442 χιλιάδες.
1317 1368 1486 1438 Μηδὲ
1535 1369 1737 1423 ἐκπει-

143 1466 408 1540 ράζωμεν
452 1467 563 1522 τὸν
601 1465 880 1534 Χριστὸν,
938 1461 1134 1529 καθὼς
1192 1461 1294 1515 καί
1316 1476 1480 1525 τινες
1535 1458 1737 1514 αὐτῶν

150 1563 476 1631 ἐπείρασαν
531 1559 627 1615 καί
658 1558 779 1614 ὑπὸ
804 1556 925 1611 τῶν
971 1555 1168 1626 ὄφεων·
1205 1554 1543 1609 ἀπώλοντο.
1568 1552 1738 1621 Μηδὲ

155 1653 482 1725 τοτΐύζετε.
530 1652 727 1718 καθὼς
754 1650 859 1705 καί
898 1667 1062 1714 τινες
1113 1646 1314 1706 αὐτῶν
1332 1647 1733 1717 ἐγγόγνγηισαν,

156 1744 249 1799 καί
268 1743 582 1799 ἀπώλοντο
606 1741 727 1797 iam)
763 1739 872 1795 τοῦ
904 1739 1290 1807 ὀλοθρευτοῦ.

229 1837 429 1898 Πάντες
446 1827 522 1888 ὧν
542 1830 696 1887 εἷπον
720 1832 1020 1902 θαυμάτων
1044 1831 1141 1884 καὶ
1165 1829 1385 1902 δωρεῶν
1400 1828 1735 1901 ἠξιώθησαν,

160 1928 268 1983 ἀλλ’
296 1929 395 1982 οὐκ
419 1929 479 1980 ὲν
505 1928 680 1989 -πᾶσι,
739 1924 932 1995 φησὶν,
990 1919 1051 1977 εὖ
1086 1922 1449 1977 ἐϐουλεύσατο
1496 1924 1526 1976 ὁ
1576 1921 1734 1984 Θεός.

1842 746 1964 783 nam
1996 731 2256 799 prostrati
2284 740 2406 784 sunt
2432 730 2485 785 in
2526 730 2755 787 deserto.
2792 730 2952 803 511
2989 728 3119 786 Ha’c
3151 740 3328 785 autem
3355 733 3424 801 ﬁ-

1839 836 1985 891 gurat
2032 823 2201 875 nostri
2233 822 2471 891 fuerunt,
2533 839 2597 876 ne
2631 840 2724 877 nos
2777 824 2944 878 simus
2998 824 3422 892 concupiscentes

1843 927 2017 965 rerum
2049 911 2336 977 malarum,
2371 913 2819 982 quemadmodum
2840 925 2890 969 et
2921 914 3002 969 illi
3021 918 3422 985 concupierunt.

1844 1001 2024 1073 Neque
2044 1002 2347 1059 idololatrcc
2365 1006 2675 1071 sitis,sicuti
2712 1007 2929 1077 quidam
2964 1007 3183 1061 illorum
3204 1048 3219 1073 ,
3238 1023 3423 1079 quem-

1842 1095 2130 1150 admodum
2169 1096 2424 1166 scriptum
2453 1108 2530 1152 est
2563 1115 2580 1152 :
2612 1097 2760 1153 Sedit
2807 1099 3034 1167 populus
3077 1110 3135 1153 ut
3187 1100 3427 1156 comede-

1841 1197 1918 1243 ret
1972 1204 2036 1242 ac
2094 1187 2312 1253 biberet,
2368 1200 2417 1244 et
2453 1201 2805 1246 surrexerunt
2861 1200 2920 1245 ut
2944 1192 3206 1250 luderent.
3244 1192 3427 1266 Neque

1842 1288 2138 1334 scortemur
2176 1282 2317 1335 sicut
2346 1282 2563 1351 quidam
2612 1282 2853 1352 ipsorum
2904 1286 3131 1339 scortati
3168 1295 3292 1340 sunt
3327 1295 3425 1351 ;et

1843 1372 2189 1428 conciderunt
2221 1389 2325 1428 uno
2351 1373 2437 1428 die
2473 1374 2659 1447 viginti
2690 1376 2797 1430 tria
2828 1377 3024 1431 millia.
3048 1376 3231 1448 Neque
3262 1388 3430 1433 tente-

1843 1481 1958 1519 mus
2014 1466 2312 1530 Christum.
2378 1469 2517 1522 sicut
2564 1477 2616 1523 et
2677 1470 2895 1540 quidam
2944 1470 3163 1525 illorum
3200 1480 3431 1526 tentare:-

1844 1566 1988 1623 runt,
2014 1568 2065 1614 et
2097 1577 2129 1614 a
2159 1560 2487 1629 serpentibus
2509 1561 2760 1637 exstincti
2795 1571 2941 1617 sunt.
2974 1560 3158 1632 Neque
3185 1579 3430 1617 murmu-

1845 1652 1973 1706 relis
2004 1652 2140 1708 sicut
2171 1662 2220 1707 ct
2253 1653 2471 1724 quidam
2502 1654 2721 1709 illorum
2750 1662 3242 1719 murmuraoerunt,
3265 1664 3315 1710 et
3342 1655 3429 1709 in-

1846 1745 2087 1812 terempti
2118 1755 2241 1800 sunt
2278 1745 2344 1799 ab
2373 1747 2815 1803 externtinatore.

1915 1834 2120 1893 Omnes
2169 1853 2514 1909 quaecunque
2567 1837 2889 1895 admiranda
2913 1841 3025 1895 dixi
3055 1846 3428 1911 acceperunt:

1845 1934 1902 1982 at
1934 1943 2042 1982 non
2081 1928 2137 1983 in
2168 1930 2425 1985 omnibus
2465 1929 2879 2001 beneplacitum.
2906 1930 3096 1986 habuit
3135 1930 3302 1997 Deus,
3334 1945 3433 2006 au‘

161 2019 322 2072 τοῦτο
363 2018 473 2090 γάρ
527 2017 589 2071 τὺ
642 2016 969 2085 εὐδόκησε.
1033 2014 1253 2068 Καίτοι
1292 2014 1546 2083 μεγάλων
1592 2007 1734 2085 ἦσαν

1855 2013 1907 2071 le
1939 2016 2048 2073 illis
2075 2032 2337 2088 prospera
2383 2020 2579 2074 statuit
2613 2037 2626 2074 :
2681 2019 2818 2075 Nam
2855 2020 2960 2075 hoc
2991 2028 3099 2088 est,
3140 2003 3428 2091 εὐδόκησε,

158 2109 470 2178 ἀξιωθέντες
494 2108 733 2180 δωρεῶν.
774 2106 970 2180 Ὁρᾶτε
1007 2105 1128 2173 οὖν,
1169 2106 1325 2178 φησὶ,
1357 2106 1576 2178 μήπως
1614 2104 1736 2158 οὐδὲ

1859 2107 1889 2160 tl
1934 2116 2041 2174 est,
2073 2108 2497 2164 oblectationem
2547 2110 2757 2168 habuit.
2801 2110 2968 2183 Atqui
2999 2114 3210 2182 magnis
3250 2100 3432 2167 allecti

158 2204 244 2270 ἐρ’
292 2200 443 2272 ὑμῶν
495 2195 554 2254 εὖ
617 2196 968 2269 βουλεύσεται
1015 2197 1043 2250 ὁ
1077 2197 1231 2261 Θεὸς,
1270 2198 1320 2251 εἰ
1365 2198 1460 2251 καὶ
1502 2194 1738 2267 ὴξίωσθε

1855 2197 2061 2253 ῗυετοηῑ
2087 2198 2271 2269 donis,
2306 2200 2507 2265 videte,
2529 2201 2697 2273 igitur
2747 2218 2815 2260 ne
2845 2218 2956 2274 quo
2996 2203 3157 2260 modo
3187 2203 3332 2260 Deus
3363 2204 3433 2259 de

158 2290 364 2344 πολλῶν
383 2290 622 2360 δωρεῶν,
644 2287 739 2341 ἐὰν
765 2288 839 2359 μὴ
861 2285 1010 2353 ἄξιον
1032 2286 1145 2357 βίον
1166 2286 1512 2359 παράσχητε.
1532 2286 1741 2349 Πάντες

1855 2290 1998 2347 vobis
2039 2307 2258 2363 quoque
2307 2301 2519 2350 statuat
2551 2309 2660 2349 non
2706 2297 3174 2366 prospera,.licet
3215 2296 3433 2366 magnis

152 2384 211 2435 οἰ
241 2383 478 2437 Ἰουδαῖοι
511 2379 811 2435 ἀπώλοντο.
853 2379 978 2443 Πῶς
1027 2375 1141 2446 οὖν,
1173 2380 1359 2451 φησὶν,
1393 2379 1495 2432 οὐκ
1542 2381 1600 2431 ὲν
1629 2379 1740 2440 τοῖς

1855 2381 2000 2437 iouis
2030 2382 2207 2437 allecti
2238 2383 2384 2448 sitis,
2422 2384 2524 2440 nisi
2552 2385 2774 2455 dignam
2819 2386 2986 2442 vitam
3036 2387 3427 2458 praestiteritis.

165 2476 401 2529 πλείοσιν
429 2473 728 2543 εύδόκησαν
752 2487 767 2537 ;
797 2472 884 2524 ἵνα
923 2470 999 2542 μὴ
1022 2468 1151 2542 δόξῃ
1173 2471 1357 2534 αὐτοῖς
1386 2468 1743 2540 πανολεθρίαν

160 2565 543 2639 προφητεύειν,
573 2565 611 2636 ἢ
653 2563 746 2617 διὰ
785 2563 878 2617 τὸν
927 2562 1136 2633 Ἰησοῦν
1168 2562 1263 2616 καὶ
1302 2562 1395 2615 τὸν
1424 2560 1608 2616 Χαλὲϐ
1647 2561 1744 2614 καὶ

157 2661 287 2724 τοὺς
316 2660 467 2723 νέους
495 2656 897 2712 τῶνΊουδαίων
931 2656 1100 2723 υἱοὺς,
1130 2655 1224 2709 καὶ
1251 2654 1332 2719 είς
1358 2654 1456 2725 τὴν
1487 2653 1748 2725 μοσχολα-

158 2754 343 2825 τρείαν
370 2751 553 2823 (πλὴν
594 2730 702 2805 τῶν
732 2748 1038 2819 δισμυρίων
1070 2746 1166 2801 καὶ
1207 2745 1559 2820 τρισχιλίων)
1598 2762 1745 2818 μεσι-

158 2846 451 2911 τεύσαντος
506 2843 603 2898 τοῦ
657 2842 928 2907 Μωσέως.
968 2859 987 2894 ι
1053 2837 1553 2911 Κατεστρώθησαν.
1588 2857 1609 2891 ι
1671 2839 1748 2893 Τὸ

167 2958 185 2988 ι
223 2934 688 3008 κατεστρώθησαν,
720 2953 739 2985 ι
769 2934 868 3005 τὴν
889 2931 1163 3003 αἰφνιδίαν
1191 2931 1369 2985 αὐτῶν
1384 2929 1749 3001 καὶπλείστην

168 3028 447 3081 ἀπώλειαν
475 3026 648 3096 δηλοῖ.
686 3043 705 3076 ι
746 3024 923 3078 Τύποι
968 3024 1128 3094 ἡμῶν
1160 3020 1521 3092 ἐγενήθησαν.
1559 3040 1579 3074 ι
1613 3021 1749 3074 Ὠσ-

160 3138 275 3193 περ
318 3121 423 3193 γὰρ
453 3122 481 3174 ὁ
530 3117 839 3191 βαπτισμδς
868 3117 964 3171 καὶ
1006 3117 1068 3170 τὸ
1113 3109 1439 3187 βρῶμακαὶ
1499 3115 1562 3170 τὸ
1596 3115 1750 3186 πόμα

159 3212 326 3265 τύποι
359 3207 498 3282 ἦσαν
541 3210 720 3282 ἡμῶν,
781 3208 955 3273 οὕτως
997 3208 1094 3261 καὶ
1134 3209 1164 3261 δ
1206 3206 1426 3277 δλεθρος
1483 3205 1653 3271 τύπος
1681 3200 1751 3279 ἦν

164 3303 343 3373 ἡμῶν,
385 3303 465 3366 εἰς
505 3302 590 3367 τὸ,
628 3319 647 3353 ι
678 3300 770 3372 Μὴ
828 3302 943 3364 τοῖς
986 3300 1121 3361 ι’σοις
1171 3296 1526 3369 παράξαντας
1556 3296 1626 3351 τά
1659 3297 1750 3350 lca

162 3396 378 3450 παθεῖν.
409 3394 607 3459 Καθὼς
662 3395 859 3448 ἐκεῖνοι
899 3391 1280 3463 ἐπεθύμησαν.
1320 3409 1339 3443 ι
1380 3391 1492 3444 Kal.
1515 3390 1545 3444 δ
1587 3389 1752 3445 Δαυῖδ

165 3505 322 3559 φησισ
350 3507 368 3539 ι
399 3487 510 3542 Καὶ
538 3485 894 3557 ἐπεθύμησαν
930 3483 1230 3554 ἐπιθυμίαν
1269 3484 1327 3538 ἐν
1370 3485 1437 3554 τῇ
1478 3483 1693 3555 ἐρήμῳ.
1725 3500 1745 3533 ι

164 3580 502 3644 Καθίσαντες
515 3580 626 3651 γὰρ
648 3579 700 3633 οἱ
745 3578 994 3633 Ἰουδαῖοι
1032 3576 1246 3632 ἔκλαιον
1276 3576 1373 3629 καὶ
1398 3570 1575 3629 εἷπον*
1603 3594 1623 3627 ι
1654 3572 1753 3637 Ti;

164 3672 370 3743 ψωμιεῖ
413 3671 564 3743 ἡμᾶς
613 3670 791 3740 κρέας
841 3668 1199 3742 ἐμνήσθημεν
1236 3668 1365 3733 τοὺς
1411 3666 1602 3741 ἰχθύας
1657 3661 1752 3731 οὓς

159 3764 425 3836 ἠσθίομεν
461 3766 521 3818 ὲν
547 3763 811 3834 Αἰγύπτῳ
847 3762 1080 3833 δωρεὰν,
1107 3761 1205 3816 καὶ
1237 3761 1365 3825 τοὺς
1391 3759 1632 3827 σικύους,
1655 3757 1754 3814 καὶ

166 3858 293 3920 τοὺς
316 3861 591 3924 πέπωνας,
612 3858 706 3910 καί
727 3855 799 3910 τὰ
821 3855 1065 3924 πράσσα,
1106 3853 1203 3906 καὶ
1234 3854 1304 3907 τὰ
1340 3852 1631 3925 κρόμμυα,
1658 3852 1754 3908 καὶ

165 3951 240 4004 τά
264 3951 515 4022 σκόροδα.
542 3949 684 4003 Νυνὶ
709 3949 765 4003 δὲ
787 3949 822 4020 ὴ
866 3948 1014 4021 ψυχὴ
1034 3946 1194 4020 ἡμῶν
1243 3946 1577 4019 κατάξηρος·
1602 3945 1755 4000 οὐδὲν

168 4043 311 4114 πλὴν
333 4045 409 4107 εἰς
443 4043 506 4097 τὸ
544 4043 719 4113 μάννα
745 4044 796 4096 οἰ
826 4040 1098 4113 ὀφθαλμοὶ
1143 4040 1326 4111 ἡμῶν.
1365 4058 1384 4092 ι
1418 4069 1488 4079 -
1538 4057 1557 4091 ι
1597 4037 1751 4109 Μηδὲ

166 4134 555 4205 εἰδωλολάτραι
598 4131 838 4202 γίνεσθε.
878 4150 898 4184 ι
933 4131 1106 4185 Τοῦτο
1138 4131 1327 4203 ἡρέμα
1369 4148 1487 4196 πως
1526 4130 1656 4194 τοὺς
1687 4129 1757 4185 τὰ

167 4227 493 4280 εἰδωλόὲυτα
533 4227 816 4291 ἐσθίοντας
867 4225 1186 4290 αἰνίττεται,
1239 4225 1462 4288 δεικνὺς
1521 4225 1603 4279 ὅτι
1662 4223 1757 4278 καὶ

165 4312 368 4371 ἐκεῖνοι
392 4317 500 4372 ἀπὸ
529 4316 975 4389 γαστριμαργίας
1002 4311 1168 4387 ἦλθον
1190 4317 1271 4378 εἰς
1293 4315 1756 4388 εἰδωλολατρείαν.

170 4411 289 4464 Kal.
316 4411 490 4481 ὑμεῖς,
522 4411 710 4480 φησὶν,
738 4411 846 4462 ἀπὸ
876 4408 1325 4480 γαστριμαργίας
1357 4408 1497 4463 αὐτὰ
1533 4408 1757 4480 μᾶλλον,

166 4503 205 4573 ἦ
252 4503 359 4557 ἀπὸ
404 4503 745 4572 τελειότητος
792 4501 1025 4566 ἐσθίετε,
1076 4501 1268 4572 ὥσπερ
1318 4503 1519 4555 ἐκεῖνοι
1562 4501 1759 4574 χοροὺς

172 4596 482 4666 στήσαντες
506 4596 632 4666 περί
670 4596 762 4649 τὸν
813 4586 1013 4666 μόσχον
1044 4593 1268 4660 ἔπαιζον
1311 4594 1629 4666 χορεύοντες
1658 4594 1758 4665 ἔμ-

1847 2473 2097 2531 Universi
2133 2473 2307 2532 Judaei
2354 2476 2676 2547 perierunt:
2710 2478 2988 2549 quomodo
3022 2494 3153 2551 ergo
3182 2480 3337 2549 dicit,
3368 2480 3430 2536 In

1845 2566 2097 2638 pluribus
2150 2582 2260 2622 non
2318 2567 2648 2639 placuerunt
2693 2568 2844 2624 Deo?
2891 2569 2969 2626 Ne
3025 2571 3275 2628 videatur
3322 2572 3433 2627 illis

1847 2660 2280 2716 internecionem
2336 2662 2645 2719 vaticinari.
2698 2663 2807 2719 Aut
2849 2673 3074 2736 propter
3122 2665 3314 2722 Jesum
3370 2677 3429 2722 et

1847 2750 2074 2817 Chaleb,
2109 2767 2415 2825 recensque
2448 2756 2662 2825 genitos
2685 2754 2998 2812 Judaeorum
3020 2756 3184 2822 ﬁlios,
3219 2767 3274 2813 et
3302 2759 3435 2830 quia

1848 2841 1903 2896 in
1938 2843 2098 2898 vituli
2136 2844 2458 2900 adoratione
2487 2845 2668 2902 Iactus
2705 2856 2789 2903 est
2817 2845 2998 2905 Moses
3042 2849 3334 2916 mediator,
3375 2860 3437 2904 ut

1849 2933 2093 3002 perirent
2113 2935 2228 2990 sola
2245 2935 2440 3007 viginti
2468 2940 2571 2991 tria
2594 2937 2765 2991 millia
2789 2939 2854 2993 ".
2885 2957 2904 2991 ι
2933 2938 3203 2996 Prostrati
3221 2951 3374 2997 sunt.
3405 2960 3427 2995 ι

1854 3027 2090 3083 Verbum
2117 3048 2135 3081 ι
2168 3029 2437 3085 Prostrati
2462 3039 2613 3094 sunt,
2642 3050 2661 3084 ι
2688 3030 3032 3101 repentinam
3055 3040 3118 3086 .et
3137 3032 3432 3087 maximam

1852 3118 2098 3189 ipsorum
2153 3130 2391 3192 stragem
2433 3121 2725 3193 signiﬁcat.
2775 3141 2795 3175 ι
2834 3122 3051 3193 Figura.
3096 3124 3275 3180 nostri
3313 3124 3437 3179 Ine-

1853 3220 2006 3267 runt.
2052 3231 2071 3264 ι
2126 3212 2596 3280 Quemadmodum
2643 3215 2787 3270 enim
2837 3214 3148 3286 baptismus
3189 3223 3244 3272 et
3279 3217 3436 3272 cibus

1856 3317 1921 3358 ac
1953 3312 2118 3374 potus
2151 3306 2339 3376 ﬁgurae
2368 3306 2545 3361 nostri
2591 3315 2773 3371 erant,
2806 3306 2880 3361 ita
2910 3315 2965 3362 et
3000 3306 3236 3378 perditio
3263 3307 3438 3379 ﬁgura

1856 3392 2032 3450 nostri
2058 3405 2200 3461 erat,
2226 3409 2295 3451 ne
2319 3397 2551 3465 aequalia
2596 3404 2977 3468 perpetrantes
3008 3397 3209 3455 similia
3257 3401 3438 3470 patia-

1856 3500 2000 3539 mur.
2047 3503 2067 3536 ι
2101 3482 2180 3541 Ne
2207 3501 2309 3542 nos
2348 3488 2524 3543 simus
2554 3487 3012 3558 concupiscentes
3043 3504 3229 3544 rerum
3268 3490 3438 3543 mala-

1854 3594 2002 3647 rum,
2042 3578 2502 3651 quemadmodum
2539 3593 2594 3638 et
2633 3583 2710 3638 illi
2746 3584 3165 3654 concupierunt.
3200 3601 3220 3635 ι
3269 3584 3440 3640 David

1855 3689 2075 3747 quoque
2125 3674 2282 3731 dicit.
2320 3694 2339 3728 ι
2379 3675 2446 3730 Et
2484 3676 2886 3747 concupierunt
2933 3676 3439 3747 concupiscentiam

1856 3766 1912 3821 in
1950 3763 2171 3823 deserto
2199 3767 2266 3821 ¹⁶.
2306 3784 2326 3819 ι
2372 3766 2639 3823 Sedentes
2682 3782 2922 3838 namque
2969 3765 3143 3823 Judmi
3176 3769 3443 3824 ﬂeverunt

1858 3865 2025 3928 atque
2056 3857 2338 3914 dixerunt.
2377 3877 2396 3910 ι
2435 3858 2572 3926 Quis
2605 3858 2939 3931 indulgendo
2971 3869 3158 3930 pascet
3177 3876 3280 3917 nos
3313 3875 3441 3914 car-

1856 3951 2066 4009 nibus?
2109 3951 2456 4007 Meminimus
2529 3952 2764 4023 piscium
2821 3967 2960 4023 quos
3026 3951 3326 4008 edebamus
3383 3953 3442 4008 in

1856 4043 2094 4114 Egypto
2123 4043 2316 4114 gratis,
2366 4052 2419 4098 et
2447 4057 2806 4099 cucumerum
2852 4059 2917 4098 ac
2946 4058 3244 4114 peponum,
3271 4058 3439 4115 cepa-

1857 4130 1981 4190 rum
2013 4142 2067 4190 et
2085 4133 2338 4189 alliorum
2363 4148 2538 4201 ;nunc
2562 4149 2694 4190 vero
2718 4135 2900 4189 anima
2930 4125 3117 4190 nostra
3137 4136 3290 4189 arida
3312 4142 3441 4193 est:

1859 4225 1998 4282 nihil
2031 4234 2229 4296 praeter
2261 4240 2462 4280 manna
2495 4226 2778 4280 intuentur
2810 4225 2956 4279 oculi
2990 4226 3167 4281 nostri
3211 4226 3276 4279 ".
3309 4244 3326 4277 ι
3369 4253 3442 4268 -

1867 4316 2085 4388 «Neque
2109 4316 2414 4373 idololatrae
2441 4316 2618 4372 sitis.»
2642 4317 2760 4372 Hoc
2777 4317 2995 4372 occulto
3011 4316 3246 4387 quodam
3279 4315 3443 4371 modo

1862 4408 2086 4467 edentes
2115 4408 2414 4481 idolothyta
2462 4416 2650 4464 taxat:
2695 4408 2992 4465 ostendens
3046 4408 3169 4464 illos
3221 4422 3443 4480 quoque

1861 4518 1893 4558 a
1927 4503 2065 4572 gulae
2093 4501 2227 4557 vitio
2255 4502 2544 4558 devenisse
2571 4502 2638 4556 ad
2662 4500 3027 4557 idololatriam
3061 4519 3074 4555 :
3103 4501 3170 4555 Et
3207 4517 3326 4566 vos,
3356 4502 3444 4556 in-

1864 4595 2006 4666 quit,
2035 4609 2065 4649 a
2096 4592 2239 4666 gulae
2271 4594 2408 4649 vitio
2444 4593 2628 4665 potius
2660 4608 2822 4662 quam
2860 4608 2890 4646 a
2922 4592 3257 4664 perfectione
3278 4592 3445 4648 addu-

170 4686 410 4756 προσθεν
430 4687 616 4754 αὐτοῦ,
634 4689 733 4741 καὶ
753 4687 959 4769 ἔλεγον.
984 4706 1003 4739 ι
1027 4681 1187 4769 Οὗτοι
1200 4687 1249 4740 οἰ
1264 4687 1376 4741 θεοί
1390 4705 1505 4754 σου,
1520 4687 1749 4759 Ἰσραὴλ,

1866 4686 2057 4743 cimini
2112 4695 2174 4741 ut
2226 4686 2320 4741 illa
2370 4686 2591 4741 edatis:
2640 4684 2803 4755 512
2844 4683 3301 4755 quemadmodum
3343 4683 3442 4747 illi,

164 4779 370 4843 οἵτινες
406 4779 735 4836 ἀνεϐίϐασαν
772 4797 833 4834 σε
864 4768 930 4835 ὲκ
980 4766 1085 4853 γῆς
1115 4780 1417 4851 Αἰγύπτου.
1448 4798 1466 4833 ι
1499 4780 1656 4845 Τινὲς
1698 4781 1757 4835 δὲ

166 4873 240 4927 τὸ
268 4872 500 4939 παίζειν,
531 4874 654 4928 ἀντὶ
682 4874 778 4927 τοῦ
818 4873 1250 4946 εἰδωλολατρεϊν,
1275 4874 1526 4944 ἐνόησαν.
1558 4892 1578 4927 ι
1607 4874 1759 4945 Μηδὲ

168 4965 550 5037 πορνεύωμεν.
597 4984 618 5018 ι
670 4965 843 5019 Πάλιν
898 4961 1052 5020 εἶπεν
1089 4967 1368 5037 ἁμαρτίαν
1423 4966 1611 5038 ἄλλην,
1652 4966 1761 5022 ἀπὸ

166 5058 622 5128 γαστριμαργίας
679 5056 1028 5128 τικτομένην.
1107 5057 1423 5130 Γέγραπται
1487 5061 1545 5112 ὲν
1592 5057 1761 5129 βίϐλῳ

184 5148 488 5219 Ἀριθμῶν·
524 5168 544 5201 ι
582 5149 692 5203 Καὶ
722 5149 1020 5202 κατέλυσεν
1045 5149 1265 5221 Ἰσραὴλ
1292 5152 1350 5204 ὲν
1373 5151 1632 5221 Σαττεὶμ,
1664 5150 1760 5204 καὶ

171 5236 497 5312 ὶϐσϐηλώθη
548 5242 577 5294 ὁ
605 5240 733 5305 λαὸς
779 5239 1144 5313 ἔκπορνεῦσαι
1186 5243 1264 5304 εἰς
1307 5240 1407 5305 τὰς
1457 5240 1761 5312 θυγατέρας

169 5330 387 5384 Μωάϐ·
412 5335 508 5386 atat
537 5333 804 5387 ἐκάλεσαν
824 5333 1025 5397 αὐτοὺς
1050 5332 1145 5386 ἐπὶ
1162 5334 1284 5396 ταῖς
1313 5331 1526 5396 θυσίαις
1544 5332 1652 5385 τῶν
1682 5333 1761 5384 εἰ-

168 5420 369 5475 δώλων
390 5423 572 5478 αὐτῶν
593 5440 609 5456 δ
637 5425 733 5478 καὶ
762 5423 966 5495 ἔφαγεν
994 5426 1023 5478 ὁ
1049 5424 1175 5488 λαὸς
1199 5423 1310 5478 τῶν
1337 5423 1538 5477 θυσιῶν
1560 5423 1760 5491 αὐτῶν,

170 5513 281 5565 καὶ
321 5516 725 5587 προσεκύνησαν
754 5521 867 5581 τοῖς
890 5516 1130 5581 εἰδώλοις
1162 5516 1340 5571 αὐτῶν
1364 5556 1379 5583 ,
1415 5517 1508 5571 καὶ
1534 5515 1762 5586 ὲτελέθη

167 5603 403 5676 Ἰσραὴλ
438 5608 520 5679 τῷ
549 5606 896 5681 Βεελφεγώρ·
932 5609 1029 5663 καὶ
1069 5608 1316 5680 ὠργίσθη
1372 5607 1532 5680 θυμῷ
1560 5609 1765 5681 Κύριος

166 5692 260 5765 τῷ
288 5692 526 5770 Ἰσραήλ.
557 5700 669 5754 Καὶ
691 5696 811 5753 εἶπε
839 5700 1041 5772 Κύριος
1063 5700 1142 5772 τῷ
1166 5703 1360 5773 Μωσῇο
1381 5701 1526 5755 Λάϐε
1563 5702 1770 5766 πάντας

164 5786 319 5851 τοὺς
347 5791 621 5863 ἁρχηγόὒς
644 5793 740 5848 τοῦ
762 5792 896 5848 λαοῦ
921 5794 1018 5849 καὶ
1044 5792 1545 5875 παραδειγμάτιοον
1566 5796 1766 5860 αὐτοὺς

244 5959 299 5994 ⁸⁸
331 5962 502 6025 Exod.
548 5984 720 6032 xxx".
751 5969 843 6025 28.
924 5970 968 6002 ¹⁸
1002 5967 1146 6022 Psal.
1180 5983 1269 6033 cv,
1314 5970 1402 6025 Μ.

508 6065 775 6129 Panos.
819 6067 937 6129 Gn.
1002 6066 1280 6138 CXVIII.

1863 4777 2180 4834 constitutis
2208 4791 2394 4832 coram
2429 4775 2599 4831 vitulo
2642 4775 2852 4839 choris,
2884 4772 3166 4838 ludebant,
3212 4774 3446 4830 choreas

1860 4885 2046 4927 coram
2075 4885 2142 4926 eo
2174 4869 2463 4935 ducentes,
2482 4882 2547 4923 ac
2575 4867 2867 4922 dicebant:
2907 4884 2928 4919 ι
2962 4865 3026 4921 lli
3058 4875 3187 4921 sunt
3230 4865 3311 4921 Dii
3344 4866 3443 4933 tui,

1861 4963 2050 5031 Israel,
2077 4961 2174 5032 qui
2202 4961 2512 5017 eduxerunt
2542 4967 2594 5014 te
2629 4958 2698 5013 de
2729 4966 2877 5013 terra
2912 4956 3130 5030 Egypti
3159 4958 3223 5025 ι’,
3262 4976 3281 5011 ι
3314 4959 3447 5025 Qni-

1861 5057 1986 5112 dam
2022 5063 2206 5110 autem
2251 5051 2638 5108 intellexerunt
2690 5051 2778 5105 hic
2811 5051 3003 5107 ludere
3051 5067 3150 5122 pro
3185 5068 3251 5107 eo
3298 5051 3448 5123 quod

1862 5159 1945 5205 est
1993 5147 2157 5203 idolis
2200 5146 2408 5201 cultum
2434 5143 2719 5200 exhibere.
2754 5163 2773 5196 ι
2808 5144 2997 5214 Neque
3041 5156 3369 5201 scortemur.
3421 5165 3441 5198 ι

1863 5239 2022 5294 Aliud
2060 5250 2282 5292 rursum
2305 5233 2447 5289 dixit
2488 5241 2777 5304 peccatum
2821 5233 2969 5302 quod
2995 5249 3025 5288 a
3061 5236 3449 5307 gastrimargia

1864 5331 2128 5403 gignitur.
2162 5330 2437 5399 Scriptura
2485 5338 2570 5383 est
2608 5329 2661 5382 in
2700 5328 2841 5383 libro
2864 5327 3229 5385 Numerorum
3263 5347 3276 5381 :
3319 5348 3339 5380 ι
3384 5330 3449 5381 Et

1865 5424 2161 5479 demolitus
2186 5430 2270 5479 est
2299 5421 2468 5477 Israel
2511 5422 2569 5476 in
2614 5420 2835 5488 Saltim,
2881 5432 2935 5478 et
2974 5424 3335 5477 confirmatus
3362 5430 3449 5475 est

1870 5518 2106 5588 populus
2134 5526 2194 5571 ut
2231 5522 2574 5571 scortaretur
2623 5529 2748 5569 cum
2777 5513 2997 5569 ﬁliabus
3021 5513 3221 5569 Moab:
3249 5521 3301 5568 et
3350 5528 3450 5566 vo-

1872 5619 2137 5667 caverunt
2187 5624 2283 5665 eos
2330 5608 2398 5664 ad
2448 5609 2720 5665 sacriﬁcia
2760 5607 3035 5663 idolorum
3082 5623 3344 5670 suorum,
3394 5617 3451 5661 et

1871 5702 2106 5757 comedit
2138 5700 2372 5771 populus
2394 5699 2461 5754 de
2486 5700 2723 5754 victimis
2768 5698 3034 5768 ipsarum,
3080 5706 3135 5752 et
3180 5698 3449 5751 adorave-

1873 5802 2005 5849 runt
2030 5790 2175 5847 idola
2207 5793 2470 5862 ipsarum.
2497 5790 2563 5846 Et
2600 5790 2853 5845 initiatus
2879 5798 2962 5844 est
2987 5788 3155 5844 Israel
3185 5789 3452 5859 Beclmie-

1512 5972 1557 6002 “
1588 5969 1746 6026 Num.
1778 5970 1958 6037 suis.
2040 5968 2281 6025 "Exod.
2316 5936 2489 6033 xxxii,
2512 5965 2566 6022 8.

2966 6060 3046 6122 25
