3872 6570
503 449 617 512 ἿἸ9

1578 451 1801 510 (ECUM
1815 451 1981 512 ENll
2023 452 2122 511 TR
2136 453 2314 514 ICCE
2357 454 2700 518 EPISCOPI
3591 473 3664 536 7-8.0

499 581 603 636 ger
629 581 641 616 :
672 572 725 616 et
756 564 927 618 iratus
969 570 1050 618 est
1086 560 1266 614 furore
1306 559 1568 616 Dominus
1605 563 1866 618 adversus
1902 565 2090 627 lsrael,

2207 567 2274 636 τῷ
2310 570 2498 640 Κυρίῳ
2533 571 2794 626 ἀπέναντι
2826 569 2918 624 τοῦ
2953 571 3123 642 ἡλίου,
3151 574 3242 628 καὶ
3272 576 3666 653 ἀποστραρήεεται

506 664 559 707 et
585 656 656 709 ait
691 653 949 708 Dominus
977 653 1040 705 ad
1071 650 1254 704 Mosen
1286 669 1298 702 :
1337 650 1542 721 Accipe
1581 667 1772 706 omnes
1814 657 2091 725 principes

506 747 713 816 populi,
746 754 798 799 et
840 747 890 798 in
938 743 1246 813 exemplum
1283 757 1422 812 pone
1473 757 1568 798 cos
1616 743 1846 799 Domino
1899 756 2090 800 contra

507 838 676 892 solem
718 846 768 890 et
802 843 1082 890 avertetur
1111 836 1188 887 ira
1215 833 1418 888 furoris
1451 833 1661 888 Domini
1692 835 1760 890 ah
1791 835 1985 890 lsrael.
2029 836 2096 891 Et

473 937 477 942 ·
507 925 643 979 dixit
676 925 858 978 Moses
888 924 954 977 ad
995 924 1174 978 tribus
1204 921 1372 978 lsrael
1401 941 1414 977 :
1448 922 1674 978 Occidat
1712 926 2094 997 unusquisque

509 1015 814 1085 proximum
851 1031 1009 1069 suum
1043 1015 1136 1086 qui
1163 1015 1412 1070 initiatus
1435 1023 1517 1070 est
1547 1016 1902 1088 Beelphegor.
1941 1017 2095 1072 Tunc

495 1107 740 1161 SPhinees
790 1106 932 1160 lilius
977 1106 1202 1161 Eleazar
1237 1106 1400 1161 simul
1430 1107 1703 1162 transtixit
1733 1107 2001 1163 Zambrcn
2042 1117 2097 1164 et

517 1201 802 1254 mulierem
847 1198 1496 1269 Chasben.Fueruntque
1534 1200 1804 1255 interfecti
1841 1201 1894 1255 in
1940 1203 2096 1274 plaga

507 1293 700 1364 viginti
735 1292 839 1346 tria
879 1292 1046 1345 millia
1081 1291 1144 1346 “.
1174 1311 1193 1343 ι
1221 1290 1450 1358 Quidam
1491 1302 1671 1348 autem
1695 1301 1936 1348 veterum
1963 1295 2097 1349 scri-

509 1391 726 1455 ptorum
763 1391 1070 1455 posuerunt
1113 1384 1301 1456 viginti
1343 1392 1579 1454 quatuor
1621 1384 1811 1438 millia.
1860 1403 1880 1436 ι
1910 1384 2098 1456 Neque

509 1469 786 1531 tentemus
822 1475 1124 1531 Christum.
1169 1495 1187 1528 ι
1243 1475 1453 1531 lndicat
1489 1476 1634 1547 quod
1669 1477 1772 1546 ipsi
1810 1477 1964 1547 signa
2002 1493 2096 1549 pe-

512 1568 704 1620 tebant
737 1574 1014 1620 tentantes
1040 1565 1346 1630 Christum,
1371 1567 1513 1622 sicut
1539 1577 1589 1621 et
1619 1564 1790 1621 Judaei
1823 1567 1876 1620 in
1912 1575 2098 1623 monte

512 1657 643 1721 Hor,
674 1671 797 1711 cum
847 1656 1177 1712 circuissent
1218 1664 1422 1711 terram
1458 1656 1627 1712 Edom
1652 1702 1665 1726 ,
1695 1658 1941 1713 oblocuti
1970 1671 2098 1715 sunt

508 1758 702 1805 contra
733 1750 1026 1805 Dominum
1064 1758 1118 1804 et
1165 1755 1357 1804 contra
1390 1751 1582 1806 Mosen
1632 1751 1918 1807 dicentes:
1966 1769 1986 1803 ι
2023 1751 2098 1806 Ut

510 1840 642 1912 quid
678 1839 919 1896 eduxisti
957 1854 1058 1895 nos
1103 1854 1169 1896 ex
1196 1839 1435 1912 Egypto
1477 1849 1537 1895 ut
1579 1841 1858 1897 occideres
1907 1842 1960 1896 in
2001 1841 2096 1896 de-

2195 662 2227 728 ἡ
2253 660 2390 730 ὀργὴ
2421 661 2594 731 θυμοῦ
2621 661 2826 734 Κυρίου
2850 663 2958 716 ἀπὸ
2983 663 3219 738 Ἰσραήλ.
3253 668 3354 722 Καὶ
3387 667 3492 725 εἷπε
3520 676 3667 749 Μωσῆς

2195 752 2312 812 ταῖς
2331 751 2525 818 φυλαῖς
2543 753 2779 822 Ἰσραήλ·
2797 751 3178 807 Ἀποκτείνατε
3199 756 3409 822 ἔκαστος
3425 762 3504 814 τὸν
3527 767 3670 821 οἰκεῖον

2147 897 2158 904 _
2195 840 2362 893 αὑτοῦ
2393 841 2486 892 τὸν
2514 842 2899 912 τετελεσμένον
2927 843 3006 912 τῷ
3054 845 3377 918 Βεελφεγώρ.
3412 851 3528 902 Τότε
3565 860 3670 908 καὶὸ

2195 931 2377 995 Φινεὲς
2423 932 2535 996 υἱὸς
2562 933 2828 1006 Ἐλεάζαρ
2873 935 3284 1006 συνεξεκέντησε
3307 938 3377 1008 τῷ
3399 943 3586 1014 Ζαμϐρῇ
3609 951 3673 1001 καὶ

2195 1025 2262 1094 τῇ
2326 1025 2545 1093 γυναικὶ
2588 1027 2801 1100 Χάσϐῃ,
2844 1029 2938 1082 καὶ
2973 1029 3216 1097 ἐγένοντο
3255 1031 3301 1082 ol
3330 1032 3600 1102 τεθνηκότες
3635 1042 3672 1090 ἑν

2195 1117 2262 1186 τῇ
2295 1117 2476 1188 πληγῇ
2508 1121 2829 1190 εἰκοσιτρεῖς
2869 1121 3124 1192 χιλιάδες.
3158 1143 3176 1175 ν
3213 1124 3358 1188 Τινὲς
3384 1126 3436 1178 δὲ
3461 1128 3551 1180 τῶν
3575 1132 3674 1184 avn-

2198 1209 2524 1280 γραψάντων
2575 1212 2634 1264 τὸ
2696 1213 2950 1278 παλαιὸν,
3033 1217 3454 1286 εἰκοσιτέσσαρας
3521 1221 3672 1279 ἔθεσαν.

2205 1315 2224 1348 ι
2263 1297 2415 1368 Μηδὲ
2473 1299 2890 1372 ἐκπειράζωμεν
2941 1304 3032 1355 τὸν
3088 1305 3337 1374 Χριστόν.
3374 1324 3391 1356 ι
3451 1311 3676 1365 ιΑίνξττεο

2198 1401 2288 1436 ται
2362 1385 2546 1449 αὐτοῖς
2618 1389 2701 1442 ὃτι
2775 1392 2975 1460 σημεῖα
3041 1391 3335 1461 ἐπεζήτουν
3407 1397 3677 1464 πειράζοντες

2198 1471 2289 1526 τὸν
2325 1474 2582 1544 Χριστὸν,
2645 1475 2828 1540 καθὼς
2875 1479 2969 1531 καὶ
3013 1479 3062 1530 οἱ
3118 1477 3353 1533 Ἰουδαῖοι
3397 1481 3469 1544 εἰς
3525 1482 3603 1548 Ὠρ
3640 1487 3678 1535 τὸ

2198 1569 2354 1640 δροςο
2409 1567 2788 1633 κυκλώσαντες
2839 1573 2948 1643 γὰρ
2981 1575 3080 1642 τῆν
3127 1573 3228 1644 γὴν
3280 1572 3464 1642 Ἐδὼμ,
3512 1576 3677 1627 κατελα-

2199 1659 2372 1727 λησαν
2406 1659 2546 1712 κατὰ
2576 1659 2708 1714 Θεοῦ
2747 1662 2840 1714 καὶ
2868 1662 3010 1715 κατά
3052 1662 3226 1732 Μωσῆ
3272 1662 3529 1730 λέγοντες·
3561 1682 3575 1714 ι
3601 1666 3680 1718 Ἰνα

2199 1751 2251 1804 τί
2295 1751 2562 1822 ἐξήγαγες
2604 1753 2752 1822 ἡμᾶς
2807 1754 2866 1819 ἐξ
2915 1752 3193 1822 Αἰγύπτου
3249 1757 3535 1808 ἀποκτεῖναι
3566 1759 3608 1808 ὲν
3636 1762 3679 1826 τῇ

2201 1844 2414 1915 ἐρήμῳ,
2447 1843 2575 1899 ἔνθα
2604 1845 2704 1898 οὐκ
2729 1845 2876 1899 ἔστιν
2899 1845 3062 1916 ἄρτος
3099 1845 3222 1898 οὐδὲ
3261 1845 3430 1912 ὖδωρς
3460 1847 3487 1914 ἡ
3513 1846 3559 1898 δὲ
3583 1848 3681 1916 ψυχὴ

511 1946 678 1998 serto,
718 1934 808 1988 ubi
833 1949 941 1987 non
969 1940 1050 1988 est
1084 1932 1243 2004 panis
1274 1947 1453 2002 neque
1483 1933 1664 2002 aqua?
1689 1933 1887 1988 Anima
1907 1941 2096 1988 nostra

2207 1914 2766 2004 nptiivatpoadathosv
2817 1935 2876 1988 έν
2927 1914 3006 2005 τῷ
3060 1934 3211 2004 ἄρτῳ
3255 1934 3332 2004 τῷ
3372 1935 3582 2004 διακένῳ,

513 2036 740 2081 nauseat
771 2027 824 2079 in
858 2041 997 2096 pane
1021 2025 1193 2079 inani.
1222 2025 1286 2078 Et
1312 2023 1499 2079 emisit
1533 2025 1798 2080 Dominus
1829 2026 1880 2078 in
1915 2039 2096 2095 popu-

514 2120 622 2170 lum
650 2124 937 2187 serpentes
961 2116 1303 2182 mortiferos,
1329 2114 1763 2185 mordebantque
1791 2116 2052 2186 populum
2081 2132 2094 2168 :

513 2219 566 2265 et
597 2220 846 2264 mortuus
875 2219 958 2265 est
990 2209 1226 2279 populus
1254 2209 1462 2262 multus
1497 2208 1731 2261 ﬁliorum
1768 2207 1937 2263 lsrael
1961 2208 2028 2261 ".
2074 2225 2092 2258 ›

514 2329 583 2340 --
614 2319 633 2352 ι
663 2299 851 2374 Neque
889 2301 1269 2355 murmuretis.
1303 2318 1320 2351 ι
1348 2300 1534 2353 lnnuit
1568 2299 1714 2369 quod
1757 2301 1812 2353 in
1838 2299 2098 2354 tentatio-

516 2394 680 2449 nibus
721 2409 831 2448 non
865 2409 925 2448 se
975 2393 1212 2447 viriliter
1247 2392 1474 2456 habent,
1516 2392 1608 2447 sed
1639 2407 1762 2446 cum
1792 2407 2096 2446 murmure.

515 2485 635 2542 Non
670 2486 812 2540 enim
839 2501 1094 2555 maguum
1125 2494 1211 2540 est
1246 2485 1357 2554 pati
1397 2486 1574 2540 solum
1605 2500 1704 2555 pro
1732 2485 1971 2550 Christo,
2005 2486 2100 2541 sed

518 2577 630 2648 pati
659 2577 820 2632 etiam
853 2591 976 2631 cum
1025 2578 1325 2646 gratiarum
1363 2577 1577 2631 actione
1614 2577 1754 2631 sicut
1798 2575 1914 2630 Job.
1953 2576 2101 2630 Mur-

520 2677 878 2724 muraverunt
895 2667 1057 2722 etiam
1076 2666 1247 2724 Judaei
1267 2671 1332 2722 ad
1353 2667 1603 2723 Merrhan
1624 2677 1844 2735 propter
1865 2684 2062 2738 aquam
2085 2687 2100 2731 ς

519 2775 704 2814 amara
727 2760 875 2814 enim
911 2767 1031 2814 erat
1067 2760 1133 2813 ".
1171 2758 1410 2814 Rursum
1445 2771 1930 2814 murmuraverunt
1977 2776 2102 2813 cum

519 2866 626 2906 non
657 2860 802 2907 esset
829 2865 969 2920 aqua
1006 2851 1228 2922 quando
1258 2850 1440 2906 Moses
1474 2860 1528 2906 et
1575 2851 1758 2905 Aaron
1787 2850 1930 2920 jussi
1973 2861 2104 2906 sunt

518 2941 754 2998 educere
785 2958 981 3012 aquam
1041 2942 1110 2998 de
1174 2951 1326 3013 petra
1383 2961 1396 2997 :
1451 2953 1504 2998 et
1543 2943 1632 2996 illa
1674 2957 1933 3012 percussa
1966 2943 2106 2997 dixit

521 3031 700 3088 Moses
734 3049 750 3088 :
790 3053 808 3085 ι
839 3031 977 3086 Num
1009 3049 1074 3087 ex
1115 3042 1266 3104 petra
1303 3034 1406 3087 hac
1441 3033 1745 3089 cducemus
1778 3050 1952 3105 aquas
1974 3038 2019 3068 ¹¹
2043 3035 2096 3087 ’ἓν

519 3125 760 3179 Rursum
813 3134 1299 3179 murmuraverunt
1332 3126 1555 3194 quando
1610 3125 1766 3182 missi
1814 3137 1942 3180 sunt
1981 3128 2106 3196 qui-

2201 2025 2490 2079 ἀπέστειλε
2528 2025 2737 2098 Κύριος
2768 2027 2848 2090 εἰς
2876 2026 2967 2080 τὸν
2992 2025 3118 2079 λαὸν
3137 2027 3262 2090 τοὺς
3291 2027 3430 2096 ὄφεις
3457 2027 3560 2090 τοὺς
3577 2027 3685 2080 θανα-

2199 2114 2448 2178 τοῦντας,
2480 2115 2574 2168 καὶ
2601 2115 2824 2168 ἕδακνον
2879 2115 2969 2167 τὸν
3014 2115 3165 2180 λαὸν,
3216 2117 3305 2166 καὶ
3359 2117 3561 2169 ἀπέθανε
3602 2116 3685 2178 iui;

2204 2203 2370 2266 πολὺς
2403 2203 2512 2257 τῶν
2550 2203 2681 2257 υίῶν
2707 2204 2950 2276 Ἰσραήλ.
3005 2223 3023 2256 ι
3060 2234 3131 2244 —
3161 2223 3180 2256 ι
3216 2204 3363 2276 Μηδὲ
3390 2204 3682 2272 γογγύζετε.»

2202 2293 2504 2347 Αἰνίττεται
2523 2295 2740 2357 αὐτοὺς,
2766 2295 2848 2346 ὅτι
2873 2295 2929 2345 ἐν
2953 2295 3065 2358 τοῖς
3089 2296 3410 2364 πειρασμοῖς
3431 2295 3482 2346 οὺ
3498 2294 3687 2362 γενναίως

2204 2380 2417 2450 ἕτερον,
2473 2381 2610 2434 ἀλλὰ
2647 2382 2784 2454 μετὰ
2843 2381 3188 2451 γογγυσμοῦ.
3222 2381 3296 2434 Οὐ
3329 2382 3430 2452 γὰρ
3466 2382 3518 2434 τὸ
3554 2381 3686 2433 παθεῖν

2206 2468 2345 2539 ὑπὲρ
2377 2469 2612 2539 Χριστοῦ
2655 2470 2814 2539 μόνον
2855 2469 3020 2538 μέγα,
3051 2468 3191 2522 ἀλλὰ
3220 2469 3313 2522 καὶ
3339 2467 3394 2522 τὸ
3438 2468 3687 2538 εὐχαρίστως

2206 2561 2419 2625 παθεῖν,
2456 2561 2578 2624 ώςὸ
2601 2561 2744 2616 Ἰώϐ.
2791 2561 3127 2629 Ἐγόγγυσαν
3161 2561 3254 2614 καὶ
3278 2559 3497 2614 Ἰουδαῖοι
3516 2561 3687 2629 aigilep-

2211 2652 2332 2722 saw,
2360 2651 2449 2706 διὰ
2484 2651 2651 2724 ὕδωρ.
2686 2653 2886 2723 Πικρὸν
2914 2653 3018 2722 γὰρ
3047 2647 3137 2724 ἦν.
3173 2652 3338 2706 Πάλιν
3360 2652 3610 2720 ἐγόγγυσαν
3624 2652 3687 2702 οὐκ

2206 2746 2359 2808 ϐντος
2393 2745 2603 2810 ὓδατος,
2641 2747 2728 2799 ὅτε
2757 2746 2963 2815 Μωσῆς
2987 2745 3080 2798 καὶ
3123 2745 3337 2815 ’Λαρὼν
3379 2743 3688 2806 ἐκελεύσθησαν

2209 2836 2497 2906 ἐξαγαγεῖν
2549 2837 2693 2908 ὕδωρ
2741 2837 2805 2890 ὲκ
2846 2837 3090 2908 πέτρας·
3147 2840 3243 2890 καὶ
3289 2837 3509 2902 πατάξας
3535 2835 3689 2905 αὐτὴνό

2208 2929 2415 2998 Μωσῆς
2454 2925 2595 2982 εἷπε
2636 2949 2654 2982 ι
2692 2931 2784 2999 Μὴ
2819 2932 2884 2984 ἐκ
2914 2933 3015 3002 τῆς
3059 2933 3270 3002 πέτρας
3298 2932 3485 3000 ταύτης
3506 2930 3690 2996 ἐξαγάγο-

2212 3037 2310 3089 μεν
2341 3019 2524 3090 ὖὸωρ;
2554 3039 2572 3072 ι
2607 3020 2777 3074 Πάλιν
2801 3022 3106 3090 ἐγόγγυσαν
3128 3023 3220 3076 ὅτε
3251 3021 3570 3092 ἐπέμφθησαν
3597 3034 3690 3079 τινες

2210 3107 2381 3162 ὲκτοῦ
2405 3110 2534 3162 λαοῦ
2581 3111 3032 3180 κατασκέψασθαι
3074 3112 3175 3183 τὴν
3204 3113 3306 3182 γῆν
3349 3111 3560 3164 Χαναὰν.
3579 3109 3684 3162 Ditis

521 3215 646 3270 dam
679 3215 746 3271 de
781 3216 1006 3286 populo,
1042 3225 1100 3269 ut
1127 3217 1477 3286 explorarent
1518 3229 1717 3272 terram
1750 3217 2008 3274 Chanaan
2037 3218 2104 3273 ’³.

2213 3201 2521 3270 ἐγόγγυσαν
2543 3203 2632 3256 ὅτε
2663 3204 2920 3256 ἐκέλευσε
2951 3205 3158 3274 Μωσῆς
3187 3203 3265 3274 τῷ
3291 3203 3398 3275 λαῷ
3416 3203 3596 3272 ποιῆσαι
3609 3200 3690 3253 σάλ-

521 3307 682 3379 513
715 3307 915 3362 lterum
951 3317 1432 3363 murmuraverunt
1471 3310 1694 3380 quando
1718 3310 1886 3379 jussit
1930 3310 2110 3367 Moses

521 3400 726 3469 papulo
763 3407 822 3450 ut
854 3396 1100 3451 facerent
1141 3398 1302 3452 tubas
1330 3407 1638 3467 argenteas,
1677 3407 1736 3451 ut
1775 3414 1871 3466 per
1903 3413 1997 3453 eas
2029 3398 2106 3452 si-

522 3505 689 3560 gnum
727 3487 920 3542 darent
943 3488 1010 3542 “.
1039 3487 1120 3541 Ad
1148 3487 1263 3542 haec
1289 3504 1410 3542 cum
1440 3489 1748 3543 elevaretur
1775 3503 1924 3554 arca,
1963 3504 2086 3542 mur

525 3581 762 3637 mutavit
794 3580 1052 3650 populus,
1086 3586 1140 3634 et
1174 3581 1360 3634 statim
1395 3588 1585 3634 exusta
1622 3590 1706 3635 est
1737 3595 1863 3650 pars
1899 3588 2111 3634 castro-

524 3690 688 3730 rum:
729 3682 783 3728 et
814 3680 1040 3727 vocatus
1072 3680 1156 3727 est
1191 3673 1348 3727 locus
1379 3671 1629 3726 Tentatio
1671 3674 1784 3728 sive
1809 3673 2059 3729 lncensio
2096 3691 2110 3728 :

523 3767 812 3836 oi-avitque
854 3765 1055 3828 Moses,
1110 3762 1165 3819 et
1232 3766 1467 3819 cessavit
1516 3766 1840 3837 supplicium
1879 3769 1945 3820 ".
1997 3764 2109 3822 Vo-

530 3871 616 3915 cat
681 3867 858 3914 autem
923 3873 1155 3928 magnus
1229 3857 1430 3912 Paulus
1487 3858 1962 3930 interemptionem
2011 3875 2109 3930 po-

527 3952 755 4006 tentiam
788 3949 1083 4020 quamdam
1124 3950 1448 4019 punitivam.

601 4067 672 4133 Χ,
706 4064 890 4119 Ηοιὸ.
940 4063 1065 4120 "an:
1122 4076 1296 4118 autem
1361 4067 1539 4120 omnia
1587 4067 1641 4120 in
1695 4067 1882 4137 ﬁguris
1945 4076 2085 4122 contr

533 4169 720 4226 gerunt
759 4159 888 4212 illis.
915 4155 1131 4229 Scripta
1161 4167 1284 4212 sunt
1308 4168 1483 4212 autem
1517 4157 1586 4211 ad
1617 4159 1784 4212 nostri
1806 4158 2124 4214 admonitio-

2212 3310 2418 3362 πιγγας
2447 3295 2696 3366 ἀργυρᾶς
2746 3295 2886 3348 ὥστε
2919 3296 2989 3348 δι’
3015 3296 3198 3349 αὐτῶν
3241 3296 3522 3366 σημαίνειν.
3556 3291 3636 3344 Καὶ
3657 3291 3691 3342 ἐν

2211 3387 2290 3459 τῷ
2321 3389 2557 3460 ἐξαίρειν
2595 3389 2694 3456 τὴν
2742 3389 2996 3454 κιϐωτὸν,
3067 3389 3370 3458 ὲγὸγγυζεν
3410 3389 3436 3440 ὁ
3479 3385 3597 3448 λαὸς,
3633 3381 3692 3434 καὶ

2213 3479 2375 3542 εὐθὺς
2409 3479 2652 3549 κατεκάη
2689 3479 2854 3550 μέρος
2880 3481 2979 3548 τῆς
3009 3480 3383 3550 παρεμϐολῆς,
3413 3478 3494 3531 καὶ
3516 3473 3693 3543 ἐκλήθηὸ

2213 3571 2376 3632 τόπος
2403 3569 2459 3622 Ἐ
2467 3570 2799 3642 μπυρισμδς,
2821 3570 2913 3623 καὶ
2931 3570 3131 3642 ηῡξατο
3152 3571 3374 3642 Μωσῆς,
3395 3569 3477 3625 καὶ
3499 3564 3692 3622 ἐπαύσατο

2217 3664 2250 3735 ὴ
2284 3665 2544 3734 τιμωρία,
2577 3665 2643 3734 ἣν
2705 3665 2798 3718 καὶ
2831 3664 2982 3734 λέγει
3019 3667 3047 3719 ὁ
3090 3665 3267 3736 μέγας
3309 3664 3502 3727 Παῦλος
3527 3660 3692 3728 ὀλεθρον.

2217 3757 2484 3826 τουτέστι,
2517 3757 2745 3828 δύναμιν
2775 3775 2896 3811 τινα
2927 3758 3190 3829 τιμωρόν.

2297 4045 2496 4102 Ταῦτα
2523 4046 2592 4100 δὲ
2622 4046 2822 4102 πάντα
2865 4047 3075 4116 τύποις
3102 4049 3460 4103 συνέϐαινον
3500 4044 3696 4101 ἐκεινοις,

2217 4133 2444 4203 ἐγράφη
2476 4133 2544 4186 δὲ
2573 4135 2719 4201 πρὸς
2743 4135 3070 4188 νουθεσίαν
3094 4133 3268 4202 ἡμῶν
3292 4136 3376 4199 εις
3404 4131 3500 4197 οὓς
3522 4130 3576 4183 τὰ
3605 4124 3700 4189 τέλη

505 4235 648 4303 nem
683 4249 750 4302 ad
783 4267 912 4315 quos
959 4250 1091 4318 ﬁnes
1127 4249 1446 4303 saeculorum
1495 4257 1856 4303 occurrerunt.
1892 4248 2104 4302 Proindi

2218 4226 2337 4280 τῶν
2366 4226 2595 4280 αἰώνων
2623 4227 3021 4294 κατήντησεν.
3051 4228 3234 4281 Ὥστε
3263 4231 3295 4281 d
3315 4224 3495 4280 δοκῶν
3509 4215 3699 4275 iuraras

523 4343 626 4412 qui
658 4341 756 4394 sibi
786 4314 996 4396 uidetur
1022 4351 1190 4404 stare,
1237 4339 1408 4394 videat
1443 4357 1504 4394 ne
1545 4341 1724 4394 cadat.
1766 4340 2010 4396 Tentatio
2037 4357 2104 4394 vo.

2213 4317 2488 4384 ,ϐλεπέτω
2517 4318 2602 4388 μὴ
2629 4317 2810 4386 πέσῃ.
2840 4317 3174 4388 Πειρασμὸς
3205 4317 3358 4388 ὑμᾶς
3385 4319 3484 4370 οὐκ
3503 4314 3698 4379 εἷληςεν,

539 4404 643 4488 non
697 4433 1056 4503 apprehendit,
1105 4434 1208 4486 nisi
1249 4435 1503 4488 humana.
1556 4432 1758 4487 Fidelis
1816 4442 1894 4488 est
1947 4443 2103 4486 auten

2219 4413 2270 4464 εὶ
2320 4410 2406 4479 μὴ
2457 4409 2851 4478 ἀνθρώπινος.
2902 4411 3123 4474 Πιστὸς
3182 4409 3252 4462 δὲ
3306 4413 3338 4464 ὁ
3392 4408 3519 4471 Θεὸς
3557 4404 3700 4498 agon

547 4523 682 4577 Deus
701 4524 789 4594 qui
811 4539 914 4576 non
943 4523 1076 4576 sinet
1101 4539 1183 4575 ros
1217 4523 1408 4576 tentari
1438 4539 1598 4592 supra
1627 4521 1680 4575 id
1710 4521 1848 4592 quod
1877 4520 2121 4589 potestis.

2221 4501 2389 4556 ἐάσει
2430 4499 2584 4585 ὐμᾷς
2624 4499 3018 4568 πειρασθῆναι
3045 4499 3198 4567 ὑπὲρ
3238 4499 3270 4553 ὅ
3320 4490 3702 4585 advocarim

543 4618 634 4669 sed
667 4615 827 4685 faciet
857 4613 1018 4666 simul
1066 4630 1183 4666 cum
1226 4615 1516 4669 teutatione
1570 4615 1726 4667 etiam
1770 4623 2027 4676 eventum,
2063 4627 2104 4663 ιι.

2225 4590 2464 4659 ποιήσει
2493 4589 2615 4644 σὺν
2640 4588 2721 4655 τῷ
2751 4591 3058 4660 πειρασμῷ
3098 4591 3198 4645 καὶ
3229 4592 3344 4660 τὴν
3382 4591 3611 4646 ἑκϐασιν,
3635 4595 3702 4632 τοι1

535 4707 752 4775 possitis
781 4706 1024 4774 sit/ferre.

613 4819 844 4890 Figures
889 4831 1044 4874 vocat
1103 4819 1219 4884 illa,
1272 4818 1567 4875 ostendens
1620 4817 1722 4872 hos
1765 4816 1938 4886 Inagis
1996 4830 2118 4870 esse

537 4911 866 4978 puniendos.
906 4909 1380 4977 Quemadmodum
1419 4910 1563 4964 enim
1612 4909 1668 4964 in
1717 4907 1877 4964 donis
1923 4907 2120 4962 veritas

538 5002 715 5071 major
747 5011 832 5060 est
867 5003 1062 5072 figura,
1094 5003 1165 5057 ita
1199 5003 1425 5058 omnino
1455 5011 1509 5056 et
1545 5001 1600 5056 in
1633 4999 1939 5070 suppliciis.
1976 5017 1995 5050 ι
2035 4997 2117 5050 Ad

540 5107 680 5161 quos
735 5093 870 5147 lines
905 5092 1252 5147 saeculorum.
1311 5111 1329 5145 ι
1393 5092 1457 5147 Et
1506 5108 1572 5148 ex
1623 5092 1942 5148 imminente
1989 5089 2126 5160 ipsis

543 5187 669 5250 line,
730 5196 786 5240 et
831 5201 894 5240 ex
941 5185 1142 5242 futuris
1184 5187 1472 5256 suppliciis
1512 5187 1754 5250 aeternis,
1801 5184 1976 5254 magis
2025 5195 2122 5239 eos

541 5283 734 5331 terret.
773 5275 911 5328 Nam
947 5275 1058 5328 ait:
1088 5273 1206 5329 Jain
1238 5276 1372 5330 lines
1408 5275 1732 5330 smculorum
1758 5280 2122 5328 occurrerunt

539 5377 593 5422 et
624 5367 737 5423 dies
767 5375 914 5421 certe
957 5365 1226 5435 supplicii.
1278 5364 1394 5418 Non
1442 5367 1620 5420 solum
1670 5365 1813 5418 enim
1851 5364 1925 5418 illi
1953 5362 2118 5418 simul

516 5471 606 5526 _ac
629 5457 794 5510 semel
829 5452 1098 5522 supplicio
1133 5452 1490 5512 alﬁciebatur,
1516 5453 1609 5506 sed
1642 5467 1768 5508 ecce
1791 5451 1946 5506 vobis
1979 5465 2116 5519 quo-

521 5563 650 5618 ._que
686 5545 1147 5618 appropinquavit
1198 5545 1314 5598 dies
1366 5543 1561 5598 tinalis.
1602 5543 1974 5598 Occurrernnt
2015 5559 2115 5596 au-

550 5815 554 5818 .
615 5775 654 5805 "
694 5774 851 5826 Num.
885 5771 1128 5833 HVJ-9.

544 5843 587 5874 "
633 5841 792 5896 Num.
846 5860 898 5910 ιι,
923 5844 976 5894 2.
1125 5844 1168 5874 ⁸⁵
1196 5839 1358 5894 Num.
1393 5855 1466 5904 xu,
1505 5844 1524 5892 l
1588 5856 1702 5908 seq.

1242 5771 1286 5801 ⁸⁸
1324 5768 1480 5822 Νιιιιι.
1522 5785 1632 5829 xxi.
1679 5768 1792 5823 4-6.
1871 5770 1912 5800 ¹¹
1941 5768 2112 5823 Exod.
2147 5785 2232 5834 xv,
2268 5770 2358 5823 25.

2224 4680 2520 4735 δύνασθαι
2552 4679 2707 4750 ὑμᾶς
2734 4681 3106 4752 ὑπενεγκεῖν.

2294 4795 2507 4857 Τύπους
2551 4797 2732 4848 ἐκεῖνα
2790 4795 2966 4858 καλεῖ,
3022 4796 3237 4860 δεικνὺς
3296 4792 3536 4865 μειζόνως
3572 4786 3704 4840 αὐτοὺς

2225 4888 2680 4959 κολασθήσεσθαι.
2748 4889 2959 4959 ’Ὥσπερ
3014 4889 3122 4959 γὰρ
3174 4890 3267 4942 ἐπὶ
3316 4887 3420 4939 τῶν
3475 4875 3705 4952 δωρεῶνή

2229 4980 2454 5052 ἀλήθεια
2483 4982 2576 5034 τοῦ
2604 4980 2775 5034 τύπου
2827 4982 3050 5052 μείζων,
3102 4980 3276 5044 οὕτως
3320 4979 3519 5037 πάντως
3544 4971 3616 5026 καὶ
3650 4968 3705 5019 W1

2227 5075 2334 5128 τῶν
2377 5074 2672 5146 τιμωριῶν.
2715 5093 2731 5125 ι
2798 5075 2889 5137 Ei;
2919 5073 3013 5137 οὓς
3054 5075 3121 5127 τὰ
3164 5073 3292 5142 τέλη
3343 5071 3446 5124 τῶν
3490 5064 3702 5119 αίώνωνιι

2228 5165 2339 5219 Καὶ
2386 5166 2449 5218 ὲκ
2497 5165 2591 5218 τοῦ
2624 5167 2848 5236 ἐφιστᾷν
2880 5167 3064 5228 αὐτοῖς
3099 5166 3158 5218 τὸ
3196 5163 3370 5227 τέλος,
3407 5159 3493 5212 καὶ
3535 5149 3706 5213 ταςέιιεῐ

2226 5259 2448 5320 αἰωνίας
2495 5259 2789 5328 τιμωρίας,
2845 5258 3004 5311 πλέον
3043 5257 3240 5319 αὐτοὺς
3299 5254 3461 5306 mosi.
3498 5245 3609 5311 Ἤδη
3637 5239 3706 5305 γάρ

2224 5367 2356 5422 φησι
2395 5368 2407 5381 ο
2441 5350 2521 5402 Τὰ
2548 5349 2676 5420 τέλη
2699 5349 2807 5403 τῶν
2837 5350 3048 5403 αἰώνων
3078 5348 3400 5418 κατήντησε,
3433 5341 3514 5395 καὶ
3537 5331 3708 5407 nulli?“

2223 5444 2465 5512 δηλονότι
2495 5445 2592 5508 τῆς
2635 5443 2930 5514 τιμωρίας.
2961 5444 3024 5496 Εἰ
3057 5441 3154 5510 γὰρ
3187 5441 3383 5492 ἐκεῖνοι
3411 5437 3516 5502 ἅμα
3537 5427 3612 5482 καὶ
3633 5424 3710 5486 ill3

2226 5536 2612 5606 ἐτιμωροῦντο,
2656 5536 2770 5590 ἀλλ’
2826 5536 2934 5590 ἰδοὺ
2976 5535 3230 5603 saepe.
3277 5529 3498 5600 ἔφθασεν
3525 5526 3552 5590 ἠ
3582 5514 3709 5586 iii:

2467 5770 2510 5800 "
2548 5766 2718 5824 Exod.
2751 5782 2883 5834 xvn,
2916 5767 2988 5831 ὃς
3019 5780 3088 5820 xx
3162 5766 3210 5820 l.
3287 5762 3332 5795 "
3364 5757 3511 5815 Num.
3569 5762 3650 5806 ιιι,
3674 5735 3710 5790 ἓν
