3872 6602
201 484 302 552 ’781

1139 476 1522 540 COMMENT.
1558 477 1641 538 ΙΝ
1682 477 1922 536 EPIST.
1966 476 1990 535 Ι
2029 477 2128 537 AD
2157 473 2516 536 CORINTH.

3357 462 3462 526 789

199 595 292 649 τοῦ
328 590 534 655 τέλους.
562 589 636 644 To
662 589 718 644 δὲ
748 588 1108 659 κατήντησεν,
1159 584 1273 641 οἷον
1303 585 1527 657 ἔφθασε.
1568 604 1586 636 ι
1614 585 1776 637 Ὥστε

1904 599 2010 647 etn,
2036 583 2140 637 hoc
2173 594 2276 653 est,
2302 582 2848 654 appropinquarunt:
2893 596 2910 629 ι
2951 575 3186 632 Proinde
3219 576 3314 646 qui
3353 575 3462 632 sibi

207 689 235 738 ὁ
261 683 440 736 δοκῶν
485 683 731 736 ἐστᾶναι.
780 697 799 732 ι
839 679 1010 734 Πάλιν
1033 681 1160 744 τοὺς
1190 679 1284 732 ἐπὶ
1315 681 1381 749 τῇ
1409 675 1608 746 γνώσει
1638 677 1782 747 μέγα

1903 675 2099 729 ridetur
2128 685 2294 730 stare.
2335 693 2354 726 ο
2400 673 2525 729 illos
2570 687 2788 726 rursum
2820 670 2960 725 clam
3001 669 3252 742 obiurgat
3277 670 3370 739 qui
3394 668 3463 724 de

201 773 540 846 φρονοῦντας
588 773 906 827 αἰνίττεται.
965 771 1026 824 Ei
1056 771 1164 841 γὰρ
1215 771 1308 823 καὶ
1345 770 1590 830 ὲστᾶναι,
1625 769 1782 838 φησι,

202 865 466 935 νομίζεις,
499 863 726 918 εὐλαϐοῦ
769 863 844 934 μὴ
878 863 1072 935 πέσῃς.
1109 861 1250 916 Αὐτὸ
1299 861 1408 932 γὰρ
1451 860 1515 913 τὸ
1559 860 1784 931 θαρρεῖν

200 958 275 1021 ὡς
308 957 572 1026 ἕστηκας,
599 955 721 1008 οὐδὲ
757 956 979 1008 ἑστᾶναι
1010 953 1179 1007 ἐστίν.
1223 953 1290 1005 Ei
1314 953 1370 1004 δὲ
1401 951 1497 1005 καὶ
1526 949 1784 1019 ἕστηκας,

201 1048 435 1120 εὐχερὴς
481 1046 540 1112 ἐξ
576 1047 832 1110 ἀπονοίας
871 1047 904 1117 ἡ
953 1044 1180 1107 πτῶσις.
1230 1061 1250 1094 ι
1299 1040 1612 1112 Πειρασμὸς
1643 1039 1786 1108 ὑμᾶς

201 1143 306 1194 οὐκ
360 1139 612 1208 εἴληφεν.
654 1157 673 1190 ι
731 1137 954 1208 Ἐπειδὴ
1017 1134 1286 1205 ἐφόϐησεν
1341 1133 1539 1195 αὐτοὺς
1593 1129 1784 1184 εἰπών’

207 1251 226 1284 ι
268 1231 528 1284 Βλεπέτω
577 1230 652 1300 μὴ
693 1229 871 1300 πέσῃ·
935 1247 954 1281 ι
1006 1226 1233 1289 πολλοὺς
1270 1225 1326 1279 δὲ
1377 1219 1520 1296 ἦσαν
1557 1223 1787 1291 ὑπενεγ-

202 1323 396 1384 κόντες
451 1321 551 1392 ἤδη
599 1319 962 1389 πειρασμοὺς,
1024 1317 1111 1370 ἵνα
1162 1315 1236 1386 μὴ
1260 1315 1479 1384 λέγωσν
1530 1314 1596 1368 Τί
1637 1315 1786 1383 ἡμᾶς

202 1407 432 1478 φοϐεῖς;
465 1405 677 1459 πολλῶν
703 1407 833 1474 ἡμῖν
863 1404 1173 1473 γενομένων
1203 1399 1528 1473 πειρασμῶν
1557 1399 1650 1454 καὶ
1674 1415 1789 1454 κιν-

199 1502 383 1554 δύνων
436 1499 497 1552 οὑ
557 1497 949 1566 πεπτώκαμεν,
1009 1496 1106 1549 καὶ
1156 1494 1252 1548 νῦν
1311 1493 1508 1564 ἔχομεν
1569 1496 1786 1558 πεσεῖν;

198 1593 410 1662 Φησὶν-
446 1590 560 1645 Οὑκ
590 1589 810 1658 εἴληφεν
859 1588 1003 1658 ὑμᾶς
1041 1586 1344 1657 πειρασμὸς
1394 1584 1585 1655 μέγας,
1627 1585 1676 1636 si
1714 1581 1788 1653 μὴ

205 1683 432 1756 μικρός.
473 1681 836 1753 ’Δνθρώπινον
863 1680 973 1751 γὰρ
1000 1679 1090 1732 τὸν
1114 1677 1309 1749 μικρὸν
1337 1675 1512 1730 καλεῖ.
1541 1693 1560 1726 ι
1594 1674 1788 1737 Πιστὸς

202 1776 265 1829 δὲ
300 1776 332 1827 ὁ
363 1773 516 1836 Θεός.
557 1791 576 1824 δ
617 1772 907 1824 Τουτέστιν
940 1768 1167 1838 ἀληθής.
1219 1765 1616 1834 Ἐπηγγείλατο
1653 1763 1786 1833 γάρ’

209 1883 230 1916 τ
261 1862 456 1928 Δεῦτε,
481 1861 531 1914 οι
556 1858 879 1923 κοπιῶντες,
903 1857 996 1910 καὶ
1028 1855 1326 1909 ἀναπαύσω
1364 1855 1528 1924 ὑμᾶς,
1569 1871 1590 1905 ι
1622 1853 1788 1923 ἤγουν

1886 764 2114 820 scientia
2179 764 2576 835 gloriabantur.
2637 763 2960 832 Quanquam
3016 761 3162 816 enim
3212 768 3264 816 te
3317 767 3466 816 stare

1886 855 2222 924 exsistimas,
2253 856 2455 926 inquit,
2487 856 2617 910 time
2647 871 2714 910 ne
2740 853 2925 910 cadas.
2955 851 3090 906 Nam
3121 853 3300 923 ipsum
3333 866 3467 907 con-

1889 945 2057 1002 lidere
2097 948 2240 1018 quod
2271 947 2461 1004 firmus
2479 957 2613 1012 stas,
2641 963 2709 1002 ne
2735 953 2882 1003 stare
2911 945 3131 1017 quidem
3163 953 3247 1000 est
3273 959 3287 998 :
3319 945 3466 1015 quod

1889 1038 1936 1093 si
1986 1039 2148 1093 etiam
2205 1048 2319 1094 stas
2350 1038 2595 1104 ,'facilis
2641 1049 2724 1095 est
2777 1053 2840 1095 ex
2897 1037 3206 1109 arrogantia
3259 1036 3466 1106 lapsus.

1894 1145 1914 1179 ι
1952 1127 2202 1184 Tentatio
2235 1145 2336 1187 vos
2367 1146 2476 1186 non
2510 1128 2888 1201 apprehendit,
2921 1148 2940 1182 ι
2973 1128 3244 1193 Quoniam
3271 1129 3470 1183 terruit

1889 1233 1984 1274 eos
2022 1219 2210 1274 dicens
2243 1237 2256 1274 :
2303 1239 2321 1270 ι
2356 1219 2547 1275 Videat
2589 1235 2657 1274 ne
2685 1219 2874 1286 cadat;
2914 1237 2933 1270 ι
2964 1216 3075 1287 jam
3101 1228 3283 1271 autem
3324 1214 3469 1268 mni--

1889 1319 1976 1366 tas
2004 1311 2152 1380 passi
2179 1311 2396 1367 fuerant
2439 1311 2768 1367 tentationes
2797 1329 2811 1365 :
2848 1325 2916 1365 ne
2960 1312 3166 1375 dicant,
3190 1308 3330 1375 Quid
3365 1322 3468 1362 nos

1889 1405 2104 1461 terres?
2129 1403 2265 1459 Cum
2292 1404 2406 1474 jam
2441 1405 2625 1460 multa:
2671 1403 3088 1476 supervenerint
3134 1401 3469 1457 tentationes

1891 1511 1954 1552 ac
1986 1497 2252 1568 pericula,
2289 1513 2396 1554 non
2431 1497 2753 1561 cecidimus,
2786 1505 3002 1552 etnunc
3035 1496 3216 1551 casuri
3245 1494 3472 1550 sumus?

1890 1587 2076 1644 Dicit:
2126 1587 2246 1644 Non
2299 1589 2658 1660 apprehendit
2702 1603 2800 1643 vos
2843 1603 3040 1657 magna
3085 1585 3337 1650 tentatio,
3375 1583 3472 1640 sed

1891 1689 2101 1736 tantum
2127 1696 2332 1751 parva:
2359 1690 2522 1737 vocat
2549 1682 2694 1737 enim
2735 1681 3034 1735 humanum
3064 1680 3208 1751 quod
3240 1693 3470 1750 parvum

1892 1778 1996 1827 est.
2028 1790 2049 1824 ‹
2100 1771 2302 1828 Fidelis
2335 1782 2516 1828 autem
2561 1783 2644 1828 est
2693 1771 2855 1828 Deus.
2919 1791 2937 1824 ι
2995 1771 3110 1827 Hoc
3154 1781 3236 1826 est
3281 1785 3469 1824 verax.

1898 1861 2178 1934 Siquidem
2217 1864 2468 1934 promisit
2499 1863 2690 1921 dicens
2723 1882 2738 1920 :
2775 1883 2794 1917 ‹
2816 1861 3035 1930 Venite,
3068 1864 3160 1934 qui
3206 1861 3472 1917 laboratis

201 1954 337 2016 τοὺς
358 1949 808 2020 πειραζομένους.
845 1965 865 2000 ι
889 1947 1061 2018 Ὑπὲρ
1090 1945 1386 2000 ὃδὺνασθε.
1409 1963 1427 1996 ι
1462 1943 1786 2012 Ἀναλήγως,

1903 1963 1950 2010 et
1967 1953 2285 2011 refocillabo
2319 1957 2533 2023 vos",r
2562 1971 2756 2026 nempe
2782 1971 2876 2012 eos
2896 1957 3303 2026 quitentantur.
3323 1973 3342 2006 ‹
3369 1955 3478 2009 Su-

203 2046 370 2114 qmcri,
413 2045 480 2114 τῇ
514 2041 665 2112 ὑμῶν
706 2039 957 2111 δυνάμει,
1021 2041 1295 2110 συγχωρεῖ
1350 2038 1443 2090 τὸν
1490 2035 1794 2107 πειρασμὸν

203 2138 493 2210 ἔρχεσθαι,
541 2134 744 2206 μᾶλλον
783 2133 839 2186 δὲ
873 2134 983 2195 πᾶς
1027 2130 1333 2202 πειρασμὸς
1374 2129 1576 2200 μείζων
1613 2127 1793 2199 ἡμῶν,

202 2233 256 2285 εί
310 2229 388 2300 μὴ
420 2227 652 2300 Χριστὸς
696 2224 895 2296 βοηθεῖ.
941 2242 960 2276 τ
995 2223 1156 2277 ’Δλὶὰ
1193 2223 1408 2293 ποιήσει
1435 2220 1531 2274 σὺν
1566 2219 1645 2290 τῷ
1673 2235 1796 2272 πει-

206 2322 434 2395 ρασμῷ.
473 2340 490 2372 ι
524 2349 597 2360 -
632 2315 830 2391 [ΦΩΤ.]
864 2317 1034 2370 Τοῦτο
1059 2314 1222 2385 διχῶς
1261 2315 1410 2370 ἐστὶν
1438 2312 1688 2366 ἐκλαϐεῖν
1710 2329 1724 2344 ’
1759 2310 1793 2381 ἢ

204 2417 297 2470 ὅτι
323 2415 415 2467 τὸν
465 2411 773 2484 πειρασμὸν
811 2407 1108 2478 συγχωρῶν
1150 2406 1416 2472 ἐπελθεῖν,
1469 2406 1668 2458 αὐτίκα
1703 2406 1796 2457 καὶ

205 2505 556 2569 διασκεδάζει
582 2505 678 2559 καὶ
694 2501 858 2557 παύει
879 2501 1063 2566 αὑτὸν,
1086 2499 1225 2554 ὥστε
1245 2501 1338 2553 καὶ
1357 2499 1388 2552 ὑ
1396 2499 1504 2570 μᾶς
1534 2496 1796 2552 δύνασθαι

206 2597 302 2651 διὰ
343 2599 408 2650 τὸ
457 2597 639 2665 ὀλίγον
686 2597 878 2667 χρόνον
947 2593 1187 2664 ἐνοχλεῖν
1252 2593 1404 2661 ὑμῖν,
1454 2591 1796 2658 ὑπενεγκεῖν

209 2689 408 2744 αὐτόν.
440 2688 512 2740 Ἦ
543 2689 628 2741 ὃτι
660 2690 757 2744 σὺν
781 2687 862 2758 τῷ
890 2684 1185 2757 πειρασμῷ
1211 2687 1426 2756 ποιήσει
1456 2684 1550 2737 καὶ
1577 2683 1676 2750 τὴν
1705 2682 1797 2734 ἐπὶ

210 2780 283 2850 τῇ
323 2778 569 2848 ὑπομονῇ
601 2778 696 2830 καὶ
726 2776 996 2846 καρτερίᾳ
1033 2774 1279 2840 ἔκϐασιν,
1309 2773 1554 2829 τουτέστι
1579 2771 1797 2841 ποιήσει

210 2869 372 2939 ἡμᾶς
427 2869 624 2923 αὐτίκα
657 2868 1019 2939 καρτερικοὺς
1060 2868 1158 2920 καὶ
1208 2865 1502 2936 ὑπομένειν
1555 2865 1794 2931 ἱκανοὺς,

212 2961 366 3016 ὥστε
410 2961 582 3032 μηδὲν
633 2962 777 3030 ὑμᾶς
828 2962 893 3012 ἑκ
948 2957 1044 3012 τοῦ
1079 2956 1387 3029 πειρασμοῦ
1444 2955 1794 3026 βλάπτεσθαι,

213 3053 363 3107 ἀλλά
396 3051 596 3122 μᾶλλον
628 3053 721 3104 καὶ
777 3049 988 3119 μεγάλα
1027 3047 1327 3118 κερδάνειν.
1362 3063 1381 3098 ι
1425 3047 1534 3099 Καὶ
1573 3046 1672 3117 τὴν
1701 3045 1796 3099 ἐκ·

217 3143 408 3198 ϐασιν.
436 3161 454 3194 ι
508 3141 771 3197 Ἔκϐασιν
812 3140 960 3209 λέγει
990 3138 1088 3210 τὴν
1119 3138 1397 3209 πλήρωσιν
1438 3137 1532 3190 καὶ
1573 3137 1795 3201 παῦσιν,

214 3236 314 3290 διὰ
336 3235 399 3289 τὸ
427 3233 888 3306 δυνηθῑψαιὺμᾶς
924 3231 1265 3300 ὑπενεγκεῖν,
1285 3229 1362 3293 ὡς
1387 3231 1438 3283 εί
1461 3228 1668 3297 ἔλεγεν.
1701 3229 1798 3292 ⁸ος

218 3326 448 3394 ποιήσει
477 3325 752 3395 συντόμως
777 3325 902 3386 τοὺς
925 3323 1262 3393 πειρασμοὺς
1290 3321 1466 3392 πέρας
1487 3321 1691 3386 λαϐεῖν,
1708 3319 1796 3374 διὰ

216 3417 282 3468 τὸ
315 3416 608 3487 δυνηθῆναι
648 3417 787 3485 ὑμᾶς
814 3416 1156 3484 ὑπενεγκεῖν.

299 3701 538 3766 Διόπερ,
565 3699 864 3768 ἀγαπητοί
903 3715 1046 3767 μου,
1071 3699 1321 3768 φεύγετε
1351 3698 1472 3752 ἀπὸ
1494 3696 1607 3766 τῆς
1634 3701 1798 3752 εἰδω-

216 3793 607 3859 λολατρείας.
649 3791 744 3856 Ὠς
787 3791 1094 3861 φρονίμοις
1140 3793 1316 3861 λέγω,
1345 3792 1583 3859 κρίνατε
1633 3791 1801 3862 ὑμεῖς

220 3885 261 3939 ὅ
285 3902 461 3954 φημι.
498 3882 574 3938 Τὸ
604 3883 890 3953 ποτήριον
915 3882 1022 3953 τῆς
1052 3886 1332 3954 εὐλογίας
1355 3884 1388 3938 ὃ
1409 3884 1798 3954 εὐλογοῦμεν,

221 3978 372 4045 οὐχι
424 3977 704 4032 κοινωνία
743 3976 850 4030 τοῦ
885 3977 1132 4046 αἵματος
1189 3977 1296 4031 τοῦ
1327 3976 1585 4045 Χριστοῦ
1621 3977 1753 4032 ἐστι
1783 3995 1802 4042 ;

221 4070 342 4123 τὸν
366 4068 549 4137 ἄρτον
592 4067 667 4122 ὃν
703 4066 962 4138 κλῶμεν,
989 4069 1126 4138 οὐχὶ
1151 4069 1441 4123 κωινωνία
1471 4069 1576 4124 τοῦ
1616 4071 1806 4138 σῶμα·

223 4183 337 4231 τος
361 4164 468 4218 τοῦ
500 4165 758 4232 Χριστοῦ
795 4165 1005 4229 ἐστιν;
1035 4163 1124 4217 ὃτι
1183 4159 1268 4230 εἷς
1304 4163 1505 4232 ἄρτος,
1536 4163 1612 4228 ἐν¹
1633 4163 1806 4233 σῶμα

225 4262 286 4313 οι
317 4257 540 4312 πολλοί
558 4257 765 4327 ἐσμεν.
795 4260 860 4312 Oi
883 4257 995 4326 γὰρ
1017 4257 1235 4322 πάντες
1256 4258 1323 4310 ἐκ
1345 4257 1448 4311 τοῦ
1470 4257 1604 4323 ἐνὸς
1626 4258 1805 4325 ἄρτου

219 4349 580 4420 μετέχομεν.
646 4348 908 4402 Βλέπετε
953 4349 1060 4401 τὸν
1091 4346 1340 4415 Ἰσραὴλ
1385 4348 1532 4400 κατὰ
1589 4347 1803 4416 σάρκα.

231 4441 388 4509 Οὐχί
422 4442 476 4492 ot
511 4439 820 4504 ἐσθίοντες
851 4439 956 4503 τὰς
984 4439 1202 4503 θυσίας
1255 4443 1528 4491 κοινωνοὶ
1557 4439 1666 4492 τοῦ
1708 4443 1809 4493 θυο

230 4532 597 4598 σιαστηρίου
621 4533 739 4584 εισι
766 4547 787 4596 ;

1894 2061 1993 2120 pra
2046 2047 2101 2102 id
2143 2049 2289 2118 quod
2329 2049 2583 2118 potestis.
2627 2067 2646 2100 ι
2704 2047 3103 2114 i‘ariformiter,
3150 2047 3349 2118 inquit,
3405 2047 3471 2101 ad

1896 2144 2132 2192 vestram
2175 2140 2474 2207 potentiam
2518 2140 2783 2208 permittit
2809 2140 2924 2193 fieri
2956 2140 3336 2194 tentationem.
3366 2139 3475 2194 Aut

1895 2227 2120 2296 potius:
2153 2226 2372 2292 Quaeris
2419 2228 2646 2283 tentatio
2681 2243 2778 2283 vos
2837 2237 3123 2294 everteret,
3155 2227 3319 2300 514
3359 2228 3470 2284 nisi

1893 2315 2146 2372 Christus
2177 2317 2556 2376 auxiliaretur.
2615 2337 2633 2371 ι
2669 2317 2772 2374 Sed
2801 2317 2964 2375 faciet
3000 2320 3164 2376 simul
3195 2335 3317 2375 cum
3349 2331 3474 2374 ten-

1898 2409 2123 2465 latione.
2162 2428 2180 2460 ι
2217 2442 2284 2450 -
2327 2410 2623 2481 Dupliciter
2660 2412 2770 2467 hoc
2823 2420 3002 2482 potest
3060 2412 3310 2483 intelligi.
3367 2413 3476 2467 Aut

1897 2499 2044 2570 quod
2111 2503 2467 2559 tentationem
2545 2503 2867 2574 permittens
2938 2504 3218 2570 advenire,
3287 2505 3472 2559 statim

1895 2607 2112 2662 quoque
2160 2593 2330 2662 ipsam
2376 2593 2605 2664 dissipat
2654 2609 2719 2648 ac
2767 2595 3008 2658 cohibet,
3057 2605 3114 2650 ut
3167 2597 3330 2650 etiam
3375 2611 3475 2651 vos

1897 2683 2122 2753 possitis
2148 2685 2322 2754 ipsam
2359 2684 2521 2751 ferre,
2557 2699 2626 2741 eo
2651 2686 2795 2756 quod
2834 2701 3002 2757 parvo
3037 2695 3280 2758 tempore
3306 2689 3476 2743 mole-

1897 2781 1981 2828 sta
2016 2775 2088 2830 sit
2125 2775 2302 2832 vobis.
2333 2778 2441 2832 Aut
2472 2778 2615 2847 quod
2647 2778 2810 2834 simul
2833 2794 2960 2834 cum
2988 2781 3288 2834 tentationc
3312 2779 3477 2835 faciet

1897 2865 2062 2920 etiam
2091 2877 2344 2921 eventum
2370 2875 2492 2938 post
2520 2868 2984 2940 longanimitatem
3014 2877 3068 2924 et
3093 2870 3433 2926 tolerantiam
3457 2891 3468 2925 :

1903 2958 2004 3011 hoc
2044 2965 2147 3024 est,
2199 2956 2361 3013 faciet
2388 2975 2486 3015 vos
2526 2961 2778 3030 protinus
2819 2961 3116 3016 tolerantes
3156 2976 3220 3017 ac
3244 2963 3473 3017 idoneos

1899 3050 1968 3103 ad
1995 3050 2400 3116 sustinendum,
2428 3061 2487 3105 ut
2528 3067 2595 3106 ex
2633 3053 2936 3107 tentationc
2967 3053 3102 3107 nihil
3131 3053 3284 3109 vobis
3318 3068 3475 3109 acce-

1899 3137 1995 3192 dat
2041 3143 2376 3206 nocumenti,
2426 3141 2520 3196 sed
2575 3143 2749 3212 magis
2783 3141 2922 3197 lucri
2955 3142 3246 3212 plurimum
3283 3158 3474 3198 accre-

1901 3240 2040 3285 scat.
2079 3249 2098 3283 ι
2133 3231 2307 3286 Etiam
2335 3241 2611 3288 eventum.
2645 3252 2664 3285 ι
2698 3234 2960 3289 Eventum
2990 3235 3121 3288 dicit
3155 3234 3477 3305 completiu-

1899 3335 2023 3376 nem
2083 3337 2147 3377 ac
2208 3325 2569 3380 cessationem
2627 3340 2724 3380 seu
2783 3325 3212 3391 cohibitionem,
3263 3336 3323 3380 ut
3377 3341 3476 3380 vos

1889 3422 2150 3482 potentes
2192 3413 2312 3470 sitis
2362 3414 2430 3469 ad
2482 3415 2878 3481 suiferendum,
2928 3431 2992 3470 ac
3033 3416 3080 3471 si
3111 3415 3477 3483 diceretzQui

1902 3503 2064 3560 faciet
2092 3507 2422 3562 tentatio-nes
2456 3507 2702 3576 accipere
2737 3509 2881 3562 brevi
2917 3509 3234 3572 terminum,
3265 3515 3324 3562 ut
3346 3521 3475 3577 pos-

1901 3596 2022 3652 sitis
2057 3599 2354 3653 sustinere.

1971 3708 2041 3774 X,
2086 3709 2274 3766 14-18.
2318 3710 2672 3779 Quapropter,
2715 3711 2898 3766 dilecti
2927 3714 3050 3777 mei,
3085 3712 3250 3784 fugite
3279 3711 3477 3766 cultant

1903 3801 2186 3858 idolorum.
2223 3799 2290 3855 Ut
2329 3803 2674 3872 prudentibus
2704 3803 2887 3875 loquor
2915 3823 2928 3858 :
2958 3804 3198 3874 judicate
3219 3822 3306 3860 vos
3340 3805 3478 3876 quod

1903 3893 2042 3948 dico.
2120 3894 2384 3948 Paculam
2463 3895 2838 3949 benedictionis
2902 3896 3042 3964 quod
3102 3897 3478 3961 benedicimus,

1906 4001 2077 4039 nonne
2118 3987 2528 4040 communicatio
2581 3987 2856 4056 sanguinis
2904 3986 3103 4041 Clu-isti
3142 3991 3266 4041 est?
3313 3985 3480 4040 Panis

1907 4091 2059 4144 quem
2091 4074 2406 4144 frangimus,
2439 4092 2608 4130 nonne
2639 4076 3050 4130 communicatio
3072 4076 3303 4144 corporis
3331 4075 3482 4132 Chri-

1907 4167 1976 4219 sti
2019 4167 2139 4220 est?
2178 4164 2437 4230 Quoniam
2484 4185 2620 4221 unus
2670 4169 2847 4238 panis,
2878 4184 3039 4220 unum
3082 4182 3269 4236 corpus
3325 4166 3481 4220 multi

1909 4271 2110 4310 sumus.
2149 4255 2293 4310 Nam
2334 4273 2507 4311 omnes
2549 4274 2612 4311 ea:
2640 4275 2744 4312 uno
2775 4275 2908 4326 pane
2949 4260 3356 4329 participamns.
3395 4259 3483 4313 Vi-

1910 4349 2025 4404 dete
2066 4349 2413 4420 Israeljnxta
2456 4367 2687 4404 carnem.
2714 4349 2859 4404 Num
2905 4353 2994 4422 qui
3023 4352 3182 4406 edunt
3217 4353 3478 4416 victimas,

1909 4442 2190 4510 participes
2220 4451 2341 4494 sunt
2377 4443 2603 4496 altaris?

308 4641 614 4711 Θεραπεὺει
663 4642 847 4694 λοιπὸν
881 4641 1099 4707 αὐτοὺς,
1132 4637 1302 4695 πολλὰ
1343 4640 1522 4694 αὐτῶν
1560 4642 1798 4711 multa.

1988 4642 2139 4710 Ipsos
2185 4642 2526 4711 postmodum
2555 4642 2810 4709 honorat,
2861 4653 3149 4713 postquam
3199 4642 3252 4696 in
3296 4639 3485 4696 multis

236 4750 425 4804 μενος.
456 4734 598 4803 Ὅρα
626 4733 702 4797 δὲ,
743 4734 841 4785 οὐκ
880 4732 959 4785 ἔτι
983 4733 1071 4785 διὰ
1106 4732 1274 4804 μόνην
1316 4732 1413 4802 τὴν
1459 4732 1661 4803 βλάϐην
1698 4734 1806 4786 τῶν

233 4821 648 4891 ἀσθενεστέρων
695 4821 940 4890 ἀδελφῶν
988 4820 1188 4874 κωλύει
1247 4820 1446 4884 αὐτοὺς
1484 4821 1685 4875 ἐσθίειν
1739 4823 1809 4875 τὰ

234 4913 590 4977 εἰδωλόθυτα,
646 4913 781 4966 ἀλλά
829 4914 924 4967 καὶ
973 4912 1106 4967 αὐτὸ
1154 4911 1281 4966 καθ’
1306 4913 1467 4968 ἑαυτὸ
1509 4918 1568 4967 τὸ
1610 4913 1811 4968 ἐσθίειν

236 5005 540 5069 διαϐάλλει,
579 5005 1022 5076 εἰδωλολατρεων
1070 5004 1130 5056 τὸ
1149 5006 1378 5076 πρᾶγπα
1410 5004 1610 5058 καλῶν.
1654 5024 1673 5057 ι
1723 5004 1813 5069 Ὠς

238 5098 529 5170 φρονίμοις
570 5097 731 5166 λέγω.
762 5117 781 5150 ι
826 5097 1047 5168 Ἐπειδὴ
1076 5097 1238 5168 ἐξῆρε
1274 5099 1336 5151 τὸ
1361 5098 1563 5151 ἐσθίειν
1600 5097 1816 5150 εἰδωλό-

241 5190 402 5254 θυτα,
430 5190 880 5262 εἰδωλολατρείαν
908 5189 969 5243 τὸ
985 5191 1219 5260 πρᾶγμα
1241 5191 1576 5261 προσειπὼν,
1607 5193 1700 5244 καὶ
1728 5189 1818 5244 διὰ

239 5283 402 5336 τοῦτο
427 5283 708 5354 καθήψατο
753 5283 951 5348 αὐτῶν,
985 5282 1169 5337 λοιπὸν
1197 5286 1453 5355 πειρᾶται
1484 5283 1816 5351 θεραπεῦσαι

241 5376 301 5428 τὸ
343 5375 520 5445 τραχὺ
571 5375 665 5427 τοῦ
723 5376 904 5442 λόγου,
940 5377 1033 5430 καί
1067 5391 1266 5445 φησιν’
1300 5376 1508 5444 Ὑμεῖς,
1561 5376 1814 5444 φρόνιμοι

241 5466 418 5532 δντες,
479 5467 702 5537 κρίνατε
736 5467 796 5520 τὸ
846 5469 1097 5538 πρᾶγμα,
1153 5466 1248 5520 καὶ
1279 5467 1430 5536 ἔχετε
1479 5467 1657 5537 εὑρεῖν
1686 5465 1818 5520 αὐτὸ

246 5560 714 5629 εἰδωλολατρείαν.
757 5559 928 5612 Τοῦτο
968 5558 1024 5612 δὲ
1053 5559 1220 5611 ποιῶν
1281 5558 1379 5612 καὶ⁸
1445 5559 1644 5620 αὐτοὺς
1690 5560 1817 5620 τοὺς

249 5650 585 5713 ὑπευθύνους
631 5651 874 5704 καθίστει
920 5649 1198 5715 δικαστὰς,
1244 5649 1455 5712 δεικνὺς
1489 5651 1569 5702 ὅτι
1616 5650 1818 5720 σφόδρα

351 5873 400 5902 ’⁸
432 5870 634 5924 Matth.
673 5885 750 5934 ιι,
772 5870 864 5924 28.

1916 4749 2012 4789 eos
2040 4733 2369 4803 objurgavit.
2406 4734 2538 4790 Vide
2576 4743 2782 4799 autem,
2827 4734 2939 4802 jam
2994 4749 3102 4788 non
3143 4740 3368 4802 propter
3400 4745 3490 4785 so-

1919 4825 2031 4880 lum
2061 4826 2320 4880 damnum
2372 4825 2605 4880 fratrum
2643 4826 3062 4880 imbecilliorum
3100 4825 3349 4894 prohibet
3391 4837 3487 4878 eos

1917 4920 2077 4974 edere
2107 4919 2426 4989 idolothyta,
2468 4933 2650 4972 verum
2697 4918 2860 4973 etiam
2899 4918 3073 4986 ipsmn
3123 4919 3174 4970 in
3222 4932 3281 4971 se
3326 4916 3488 4970 edere

1918 5010 2208 5080 vituperat,
2239 5025 2351 5063 rem
2384 5011 2554 5080 ipsam
2588 5022 2787 5063 vocans
2818 5007 3230 5061 idololatriam.«
3257 5007 3324 5063 Ut
3357 5022 3491 5078 pru~

1921 5101 2174 5156 dentibus
2222 5100 2437 5170 loquor.
2479 5118 2497 5149 ι
2552 5098 2824 5164 Quoniam
2869 5099 3294 5169 idolothytorum
3335 5115 3489 5153 esum

1921 5193 2173 5251 abstulit,
2205 5191 2568 5245 idololatriam
2599 5181 2878 5258 appellans
2902 5206 3011 5243 rem
3040 5189 3244 5259 ipsam,
3271 5197 3325 5246 et
3365 5204 3491 5259 pro-

1921 5291 2105 5354 pterea
2162 5282 2310 5349 ipsos
2348 5280 2695 5351 objurgavit:
2747 5282 2943 5334 nititur
2981 5281 3238 5351 deinceps
3292 5293 3492 5334 curare

1923 5374 2194 5429 sermonis
2225 5373 2610 5442 asperitatem;
2641 5378 2694 5427 et
2724 5371 2797 5426 ait
2826 5387 2842 5427 :
2876 5370 2984 5428 Vos
3013 5373 3306 5441 prudentes
3334 5370 3488 5435 estis,

1920 5466 2162 5536 iudicate
2211 5479 2320 5518 rem
2374 5465 2574 5533 ipsam,
2624 5471 2679 5519 et
2726 5463 2971 5518 invenire
3011 5463 3260 5532 poteritis
3318 5462 3487 5529 ipsam

1924 5573 2045 5612 esse
2095 5555 2484 5612 idololatriam.
2527 5556 2640 5612 Hoc
2678 5567 2862 5610 autem
2916 5554 3144 5616 faciens,
3185 5569 3280 5607 eos
3327 5553 3491 5605 etiam

1925 5647 2016 5716 qui
2057 5647 2133 5699 rei
2187 5652 2335 5709 sunt,
2386 5644 2598 5712 judices
2648 5643 2974 5698 constituit:
3014 5639 3305 5696 ostendens
3345 5636 3493 5708 quod
