3872 6570
487 405 595 470 783

1547 406 1943 466 GZCUbiENlI
1978 407 2280 468 TRICCA!
2322 410 2660 470 EPISCOP!
3221 439 3224 443 '
3580 427 3654 490 78$

483 524 836 579 vehementer
871 521 942 575 de
986 520 1103 574 suis
1140 517 1489 574 sermonibus
1529 516 1766 572 conﬁdat
1801 526 2059 587 tanquam

2193 521 2389 591 θαρρεῖ
2421 522 2531 584 τοῖς
2564 521 2784 584 οἰκείοις
2813 519 2990 589 λόγοις
3031 520 3106 584 ὡς
3137 519 3368 592 ἀληθέσι.
3398 527 3490 580 Καὶ
3526 532 3655 605 λοιπῇ

484 615 630 670 veris
655 631 667 668 :
691 624 744 670 et
763 613 1104 684 postmodum
1133 611 1326 682 prohat
1357 610 1675 665 idololalras
1697 624 1820 665 esse
1847 625 1910 664 ac
1944 610 2060 663 ido-

489 709 665 764 lorum
703 707 1019 778 participes,
1065 721 1159 759 eos
1211 704 1303 772 qui
1339 703 1508 758 edunt
1541 701 1863 773 idolothyta.
1902 718 1922 752 ι
1962 702 2062 756 Ρο-

487 801 671 856 culum
717 798 1132 854 benedictionis.
1175 817 1192 849 ι
1243 794 1508 851 Poculum
1538 804 1697 850 vocat
1725 794 2064 850 benedictio-

485 896 596 957 nis,
624 893 880 962 poculum
929 889 1214 959 sanguinis
1245 887 1472 944 Christi.
1527 907 1544 938 ι
1578 885 1736 953 Quod
1780 885 2063 941 benedici-

486 1000 631 1040 mus.
685 1003 702 1036 ι
745 982 899 1050 Quod
932 997 1041 1052 pra:
1076 980 1329 1035 manibus
1360 979 1646 1044 habentes,
1688 979 2062 1034 benedicimus

487 1093 636 1143 eum,
665 1077 757 1147 qui
793 1075 1029 1146 gratiose
1074 1073 1398 1144 sanguinem
1448 1087 1609 1127 suum
1643 1071 1802 1126 nobis
1831 1071 2062 1140 largitus

482 1179 589 1232 est,
618 1169 720 1223 hoc
757 1177 860 1234 est,
896 1167 1098 1237 gratias
1129 1166 1362 1237 agimus.
1393 1162 1554 1234 515
1591 1161 1685 1218 Vel
1707 1161 1856 1232 quod
1887 1162 2060 1218 bene.

481 1263 732 1316 dicentes
759 1274 1148 1331 praeparamus.
1362 1299 1406 1344 ι

561 1353 682 1409 Scis
711 1353 838 1423 quid
863 1351 1065 1406 dicam.
1103 1367 1121 1399 ‹
1160 1348 1352 1402 Nonne
1378 1346 1812 1402 communicatio
1845 1345 2066 1416 sangui-

487 1444 571 1498 nis
621 1441 826 1496 Christi
877 1438 999 1492 est?
1080 1458 1097 1490 ι
1149 1437 1260 1493 Nos
1320 1436 1466 1492 enim
1507 1435 1729 1490 Christo
1778 1434 2067 1504 conjungit

486 1536 711 1606 sanguis
745 1532 941 1604 ipsius,
970 1540 1028 1584 ut
1059 1530 1305 1585 membra
1342 1528 1528 1598 capiti,
1556 1543 1652 1598 per
1683 1525 2068 1598 participatio-

488 1644 634 1683 nem.
675 1645 693 1678 ι
736 1625 898 1679 Panis
939 1639 1100 1694 quem
1152 1621 1475 1692 frangimus.
1518 1639 1536 1671 ι
1589 1618 1746 1686 Quod
1798 1619 1850 1673 in
1902 1633 2070 1672 cruce

496 1735 607 1774 non
639 1727 722 1772 est
752 1731 951 1787 passus
976 1715 1241 1769 Dominus
1278 1711 1572 1783 (siquidem
1603 1725 1665 1768 os
1692 1711 1833 1782 ejus,
1867 1709 2068 1780 inquit,

485 1828 593 1866 nun
607 1810 1006 1881 confringetur)
1026 1809 1131 1862 hoc
1151 1815 1373 1878 propter
1391 1822 1494 1862 nos
1507 1805 1743 1862 sustinet
1764 1805 1993 1870 fractus,
2010 1811 2072 1859 ut

488 1921 588 1960 nos
609 1905 709 1959 sibi
741 1901 1255 1973 eonjungat.—-Alio
1277 1901 1450 1954 modo.
1475 1898 1608 1968 Ejus
1628 1897 1770 1968 quod
1798 1897 2063 1966 praecessi!

2181 1902 2446 1972 ὑπομένει
2529 1899 2789 1954 κατακλῶ
2797 1917 2959 1970 μενος
2997 1939 3012 1965 ,

483 1993 880 2049 demonstratio
919 2003 1004 2047 est
1037 1992 1088 2044 id
1124 1989 1270 2059 quod
1309 1987 1681 2059 subiungitur.
1723 1984 1882 2041 Unde
1909 1986 2055 2040 enim

486 2083 834 2139 manifestum
868 2091 971 2150 est,
1020 2082 1222 2150 inquit,
1259 2080 1407 2149 quod
1455 2078 1614 2148 panis
1643 2092 1805 2148 quem
1857 2074 2063 2146 frangi-

478 2193 603 2229 .mus
638 2173 1070 2230 communicatio
1116 2172 1368 2241 corporis
1415 2170 1620 2226 Christi
1656 2178 1782 2236 est,
1830 2169 1936 2224 hoc
1975 2176 2061 2222 est

484 2267 629 2333 quod
688 2281 790 2320 nos
833 2263 900 2319 ad
946 2262 1502 2318 communicationem
1552 2260 1804 2330 corporis
1857 2259 2060 2314 Christi

485 2358 741 2412 adducit?
776 2356 928 2411 Unde
957 2355 1309 2409 manifestum
1334 2352 1451 2408 est?
1484 2350 1621 2418 Quia
1663 2366 1828 2405 unum
1862 2366 2063 2420 corpus

488 2467 678 2506 sumus
709 2464 771 2502 ac
815 2463 1074 2504 vocamur
1109 2461 1322 2510 omnes,
1368 2444 1460 2514 qui
1512 2444 1733 2499 Christo
1781 2441 2061 2512 conjuncti

489 2557 680 2598 sumus
707 2551 966 2612 tanquam
997 2539 1160 2594 unius
1181 2538 1430 2607 corporis
1458 2536 1648 2606 capiti.
1678 2535 1831 2602 Quod
1874 2536 1922 2590 si
1952 2549 2061 2588 non

487 2649 582 2701 per
617 2647 816 2700 corpus
845 2638 899 2685 et
927 2629 1246 2700 sanguinem
1289 2626 1464 2697 ipsius
1510 2625 1563 2679 in
1595 2625 2059 2680 communicatio-

488 2738 611 2778 nem
668 2736 1153 2792 congregarentur,
1203 2734 1300 2790 per
1344 2717 1475 2787 quid
1528 2716 1679 2771 aliud
1723 2731 1971 2772 essemus
1999 2731 2062 2770 ac

486 2830 809 2870 vocaremur
836 2828 1002 2868 unum
1028 2811 1264 2881 corpus?
1303 2829 1320 2862 ι
1353 2810 1623 2876 Quoniam
1666 2825 1807 2863 unus
1834 2808 2011 2879 panis.
2037 2827 2056 2860 ι

486 2904 625 2971 Quia
659 2905 796 2958 dixit
828 2924 839 2959 :
875 2921 894 2954 ι
920 2899 1361 2957 Communicatio
1391 2901 1636 2968 corporis
1662 2897 1872 2953 Domini
1905 2907 2010 2952 est.
2041 2915 2058 2947 ι

494 2994 717 3052 Videtur
749 3007 929 3051 autem
973 2995 1026 3050 id
1057 2993 1202 3064 quod
1247 2992 1615 3046 communicat
1659 2991 1803 3046 aliud
1842 3007 1964 3046 esse
1997 2990 2066 3044 ab

486 3106 552 3143 eo
573 3091 661 3144 cui
693 3087 1063 3145 communicat
1092 3109 1102 3142 ε
1135 3086 1249 3140 vult
1275 3099 1422 3140 nunc
1445 3082 1736 3138 ostendere
1774 3082 1918 3152 quod
1955 3097 2063 3137 non

487 3182 984 3247 communicamus,
1017 3179 1113 3234 sed
1143 3179 1321 3250 ipsum
1377 3176 1580 3232 Christi
1633 3190 1835 3246 corpus
1874 3190 2066 3231 omnes

486 3291 713 3330 :umus:
747 3272 1215 3340 Quemadmodum
1243 3285 1378 3326 sane
1409 3269 1463 3324 in
1495 3283 1753 3340 corpore,
1793 3267 2064 3336 reliquum

489 3383 518 3419 a
547 3365 729 3436 capite
761 3363 965 3420 dicitur
988 3377 1213 3433 corpus.
1241 3359 1398 3416 Sicut
1424 3359 1572 3415 enim
1598 3360 1653 3413 in
1684 3373 1846 3429 pane,
1866 3358 2066 3429 inquit,

488 3477 558 3518 ex
594 3459 782 3515 multis
819 3457 1008 3530 granis
1076 3455 1134 3510 lit
1169 3470 1313 3510 unus
1341 3453 1521 3524 panis,
1571 3451 1646 3507 ita
1696 3459 1750 3507 et
1803 3466 1904 3507 nos
1943 3465 2068 3505 cum

492 3553 646 3606 multi
673 3552 868 3614 simus,
893 3562 1064 3604 unum
1098 3545 1301 3602 Christi
1335 3559 1536 3614 corpus
1557 3542 1843 3598 cllicimur.
1883 3561 1901 3594 ι
1934 3542 2067 3596 Nam

492 3658 686 3700 omnes
709 3657 772 3698 ex
814 3655 925 3696 uno
969 3653 1108 3708 pane
1142 3637 1558 3708 participamus.
1590 3653 1609 3687 ι
1657 3631 1860 3688 Deinde
1899 3633 2068 3688 ratio-

496 3751 622 3791 nem
647 3747 866 3806 quoque
894 3730 1047 3786 addit
1081 3727 1356 3801 quomodo
1385 3742 1588 3798 corpus
1623 3725 1825 3781 Christi
1868 3724 2068 3781 cilicia-

491 3842 655 3883 mur:
683 3824 820 3893 Quid
847 3822 994 3880 enim
1025 3830 1131 3886 est,
1156 3821 1354 3891 inquit,
1399 3819 1592 3890 panis?
1621 3816 1837 3888 Corpus
1875 3831 2070 3887 nempe

491 3918 718 3976 Christi.
751 3915 890 3983 Quid
924 3923 1106 3970 autem
1150 3912 1458 3968 eﬂiciuntur
1483 3910 1538 3964 hi
1578 3910 1669 3982 qui
1699 3907 2069 3981 participant?

489 4015 703 4084 Corpus
738 4024 871 4066 sane
925 4004 1153 4063 Christi.
1204 4003 1338 4058 Nam
1409 4002 1803 4075 participantes
1863 4015 2066 4071 corpus

480 4104 713 4170 .Christi,
743 4117 842 4156 nos
864 4114 1082 4170 quoque
1117 4096 1250 4152 illud
1283 4093 1585 4150 ellicimur:
1627 4092 1887 4164 quoniam
1923 4105 2068 4146 unus

489 4197 648 4270 panis
703 4203 789 4252 est
833 4191 1112 4249 Christus.
1155 4187 1236 4244 Ex
1275 4186 1464 4242 multis
1503 4200 1740 4254 namque
1775 4183 1960 4255 granis
1983 4183 2066 4256 (ut

491 4288 725 4360 exempli
758 4287 936 4358 gratia
968 4279 1279 4355 loquamur)
1310 4295 1448 4334 unus
1479 4279 1633 4349 panis
1661 4276 1840 4332 factus
1859 4285 1965 4332 est.
2000 4276 2066 4330 Et

489 4397 591 4438 nos
617 4380 774 4435 multi
810 4393 875 4432 ex
898 4377 1019 4446 ipso
1045 4390 1154 4428 uno
1183 4372 1575 4442 participantes
1599 4369 1862 4424 eﬂicimur
1895 4385 2063 4423 unum

487 4489 690 4545 corpus
722 4470 950 4527 Christi.
994 4467 1262 4530 Quoniam
1314 4465 1458 4519 enim
1511 4474 1665 4518 vetus
1697 4471 1884 4517 nostra
1930 4476 2058 4516 caro

2167 611 2566 675 κατασκευάζει
2627 611 3020 684 εἰδωλολάτρας
3079 613 3237 674 ὄντας
3285 616 3371 668 καὶ
3428 629 3655 692 κοινωνοὺς

2165 703 2402 757 εἰδώλων
2439 706 2566 768 τοὺς
2618 704 2900 768 ἐσθίοντας
2929 706 2994 756 τὰ
3033 704 3368 760 εἰδωλόθυτα.
3396 727 3412 760 ι
3450 711 3656 768 Teneat.

2167 813 2284 867 ριον
2322 795 2425 864 τῆς
2461 796 2731 864 εὐλογίας.
2794 815 2813 848 ι
2858 797 3120 866 Ποτήριον
3181 797 3420 866 εὐλογίας
3467 806 3591 872 φησὶ,
3621 769 3660 861 τὸ

2167 886 2425 957 ποτήριον
2458 886 2553 940 τοῦ
2585 887 2820 956 αἵματος
2853 885 2947 939 τοῦ
2971 886 3229 956 Χριστοῦ.
3259 890 3320 940 Ὃ
3344 890 3657 964 εὐλογοῦμεν..

2172 979 2238 1030 Ὃ
2268 978 2404 1048 μετὰ
2430 981 2622 1049 χεῖρας
2643 979 2852 1048 ἔχοντες
2898 977 3226 1048 εὐλογοῦμεν
3262 980 3346 1033 τὸν
3370 987 3660 1054 χαρισάμενον

2165 1072 2298 1139 ἡμῖν
2343 1071 2426 1141 ίτὸ
2483 1066 2624 1141 αἷμα
2694 1071 2882 1138 αὐτοῦ,
2946 1071 3222 1124 τουτέστιν
3285 1074 3661 1150 εὐχαριστοῦμεν.

2177 1162 2250 1214 Ἦ
2279 1161 2307 1214 ὃ
2331 1162 2680 1230 εὐλογοῦντες
2715 1160 3219 1231 κατασκευάζομεν.

2239 1349 2584 1424 [ΟΙΚΟΥΜ.]
2639 1347 2800 1413 Οἶδας
2837 1349 2865 1404 δ
2903 1349 3065 1419 λέγω.
3105 1367 3124 1402 ε
3169 1351 3301 1420 Οὐχὶ
3345 1355 3562 1407 κοινωνία
3599 1358 3664 1408 τοῦ

2169 1443 2401 1514 αἵματος
2425 1442 2522 1496 τοῦ
2558 1442 2795 1513 Χριστοῦ
2829 1443 2945 1495 ἐστι
2974 1457 3021 1507 ς»
3060 1441 3322 1496 Συνάπτει
3348 1442 3447 1512 γὰρ
3472 1445 3590 1514 ἡμᾶς
3614 1448 3666 1514 τῷ

2171 1534 2414 1606 Χριστῷ,
2448 1535 2508 1588 τὸ
2546 1530 2685 1604 αἷμα
2720 1532 2912 1598 αὐτοῦ,
2967 1531 3043 1595 ῶς
3087 1532 3224 1603 μέλη
3259 1535 3321 1603 τῇ
3368 1535 3567 1604 κεφαλῇ.
3607 1537 3666 1590 διὰ

2171 1627 2274 1698 τῆς
2306 1626 2682 1697 μεταλήψεως.
2738 1643 2759 1676 ε
2797 1625 2901 1678 Τὸν
2939 1625 3103 1694 ἄρτον
3147 1624 3206 1677 ὃν
3237 1623 3502 1694 κλῶμεν.»
3536 1628 3666 1697 Ὅπερ

2172 1720 2264 1774 επί
2295 1719 2387 1772 τοῦ
2429 1718 2670 1789 σταυροῦ
2691 1718 2753 1773 οὐ
2792 1717 3063 1772 πέπονθεν
3091 1719 3120 1769 ό
3151 1715 3348 1786 Κύριος
3392 1717 3569 1788 (ὀστοῦν
3592 1723 3666 1789 γὰρ

2173 1810 2360 1877 αὐτοῦ,
2411 1810 2598 1881 φησὶν,
2654 1811 2714 1862 οὐ
2756 1808 3220 1880 συντριϐήσεται),
3278 1807 3427 1860 τοῦτο
3474 1808 3531 1860 δι’
3564 1812 3668 1878 ἡμᾶς

3111 1899 3201 1952 ἵνα
3296 1899 3492 1970 συνάψῃ
3562 1903 3668 1970 ἡμᾶς

2169 1989 2369 2062 ἐαυτῷ.
2425 2023 2498 2035 --
2547 1995 2800 2057 Ἄλλως.
2849 1992 3024 2064 [ΦΩΤ]
3102 1991 3402 2056 Ἀπόδειξίς
3459 1995 3554 2045 εστι
3605 1995 3668 2046 τοῦ

2172 2088 2464 2160 εἰρημένου
2512 2087 2573 2140 τὺ
2607 2087 2970 2156 ἐπαγόμενον.
3003 2082 3176 2138 Πόθεν
3207 2084 3312 2154 γὰρ
3343 2084 3503 2156 δῆλον,
3533 2089 3666 2153 φησῖν,

2169 2183 2250 2235 ὅτι
2275 2182 2366 2235 τόν
2404 2181 2566 2251 ἄρτον
2600 2179 2660 2232 ὃν
2710 2178 2927 2248 κλῶμεν
2958 2178 3213 2230 κοινωνία
3246 2175 3335 2229 τοῦ
3379 2177 3586 2246 σώματος
3603 2177 3667 2228 τοῦ

2169 2270 2407 2343 Χριστοῦ
2438 2272 2556 2323 ἐστι
2580 2287 2596 2336 ;
2625 2269 2925 2330 τουτέστιν,
2955 2269 3035 2322 δτι
3062 2269 3143 2331 εἰς
3175 2267 3444 2320 κοινωνίαν
3466 2269 3582 2337 ἡμᾶς
3603 2269 3668 2320 τοῦ

2171 2360 2421 2429 σώματος
2455 2356 2678 2425 συνάγει
2703 2355 2798 2409 τοῦ
2830 2353 3092 2424 Χριστοῦ,
3130 2353 3293 2407 πόθεν
3313 2354 3491 2423 δῆλον;
3521 2354 3668 2407 Ὀτιίν

2169 2450 2332 2519 σῶμά
2383 2451 2552 2520 ἐσμεν
2583 2448 2680 2502 καὶ
2711 2446 3026 2516 καλούμεθα
3065 2447 3114 2498 οἰ
3149 2445 3345 2508 πάντες
3368 2443 3554 2514 Χριστῷ
3588 2463 3668 2498 suv-

2169 2543 2486 2612 απτόμενοι,
2529 2542 2604 2604 ὡς
2636 2539 2730 2594 τοῦ
2775 2540 2957 2593 κοινοῦ
2995 2539 3250 2608 σώματος
3297 2538 3505 2608 κεφαλῇ.
3537 2538 3582 2590 Εἰ
3605 2533 3668 2589 οὐν

2175 2635 2252 2704 μὴ
2282 2632 2358 2703 τῷ
2402 2632 2616 2702 σώματι
2656 2630 2823 2685 αὐτοῦ
2864 2632 2959 2684 καί
2996 2631 3074 2701 τῷ
3128 2631 3321 2701 αἵματι
3353 2631 3427 2694 εἰς
3459 2628 3666 2681 κοινωνίαν

2169 2724 2538 2798 συνηγόμεθα,
2568 2723 2675 2777 τίνι
2711 2724 2776 2777 ἂν
2810 2723 2982 2793 ἑτέρῳ
3029 2722 3088 2775 ἓν
3128 2725 3287 2792 σῶμα
3317 2719 3447 2793 ἦμεν
3477 2723 3554 2773 καὶ
3577 2724 3664 2771 ἐντ’

2168 2817 2450 2886 λούμεθα;
2491 2835 2509 2869 ι
2560 2818 2683 2870 Ὀτι
2719 2810 2800 2878 εἷς
2833 2816 3020 2885 ἄρτος.
3085 2798 3103 2865 ι
3151 2814 3368 2884 Ἐπειδὴ
3388 2810 3511 2866 εἷπε·
3542 2812 3669 2864 ilio:-

2170 2929 2274 2965 νων
2282 2911 2336 2964 ία
2355 2911 2449 2964 τοῦ
2464 2909 2714 2980 σώματος
2724 2907 2817 2961 τοῦ
2837 2907 3062 2979 Κυρίου.
3090 2926 3107 2958 ι
3122 2909 3282 2960 Δοκεῖ
3292 2907 3366 2968 δὲ,
3379 2905 3432 2958 τὺ
3448 2904 3664 2958 κοινωνοῦν

2169 3006 2356 3075 ἓτερον
2375 3000 2513 3056 εἶναι
2541 3003 2668 3073 παρ’
2699 3005 2876 3055 ἐκεῖνο
2904 3001 2934 3054 ὃ
2962 2998 3239 3055 κοινώνει.
3279 2997 3388 3052 Νῦν
3415 2998 3535 3052 θέλει
3553 2995 3668 3060 δεῖξαι

2170 3098 2252 3150 ὅτι
2275 3099 2334 3150 οὐ
2364 3094 2746 3164 κοινωνοῦμεν,
2768 3093 2885 3147 ἄλλ’
2904 3093 3034 3146 αὐτὸ
3051 3094 3112 3145 τὸ
3143 3091 3304 3162 σῶμά
3333 3094 3485 3160 ἐσμεν
3499 3088 3667 3160 Χριστιῦ

2171 3191 2221 3241 οἰ
2257 3190 2476 3251 πάντες,
2534 3189 2725 3258 ὥσπερ
2771 3185 2963 3255 ἀμέλει
2999 3183 3168 3254 σῶμά
3215 3185 3330 3236 ἐστι
3375 3182 3465 3251 τῆς
3494 3178 3668 3247 κεφαλῆς

2171 3282 2234 3336 τὸ
2263 3281 2448 3335 λοιπὸν
2476 3280 2653 3350 σῶμα.
2691 3279 2958 3349 Καθάπερ
2988 3276 3121 3346 γὰρ,
3200 3277 3383 3346 φησιν,
3420 3277 3448 3326 ό
3487 3273 3669 3343 ἄρτοςὲκ

2173 3373 2383 3428 πολλῶν
2409 3373 2626 3426 κόκκων
2660 3366 2741 3435 εἷς
2784 3370 2948 3442 ἄρτος
2979 3371 3220 3438 γίνεται,
3245 3368 3411 3430 οὕτως
3442 3366 3522 3420 καὶ
3543 3365 3669 3434 ἡμεῖς.

2171 3468 2324 3537 φησί,
2344 3465 2527 3519 πολλοὶ
2549 3465 2722 3528 ὄντες,
2744 3464 2803 3517 ἒν
2824 3463 3092 3532 γινόμεθα
3124 3463 3286 3534 σῶμα
3313 3457 3542 3532 Χριστοῦ.
3561 3473 3575 3508 ι
3597 3454 3670 3507 Καὶ

2170 3563 2278 3629 γὰρ
2316 3558 2513 3622 πάντες
2552 3559 2614 3611 ὲκ
2659 3557 2753 3609 τοῦ
2792 3557 2910 3619 ἐνὸς
2959 3555 3124 3627 ἄρτου
3191 3556 3497 3626 μετέχομεν.
3529 3570 3544 3603 ι
3583 3543 3670 3601 Εἶτα

2171 3650 2368 3718 ἐπάγει
2395 3651 2490 3702 καὶ
2517 3645 2780 3717 λογισμὸν
2817 3645 2936 3710 πῶς
2978 3644 3252 3716 γινόμεθα
3285 3645 3438 3716 σῶμα
3479 3636 3670 3711 Χριστοῦ.

2170 3741 2238 3794 Τί
2259 3744 2368 3811 γάρ
2390 3740 2531 3807 ἐστι,
2559 3740 2746 3809 φησὶν,
2766 3740 2795 3792 ό
2810 3738 2976 3809 ἄρτος
2995 3756 3011 3805 ;
3034 3738 3293 3810 Δηλονότι
3318 3737 3464 3804 σῶμα
3481 3729 3670 3804 Χριστοῦ.

2171 3831 2237 3884 Τί
2263 3832 2318 3885 δὲ
2359 3831 2604 3899 γίνονται
2632 3832 2682 3883 οί
2724 3829 3246 3900 μεταλαμεάνοντες
3271 3845 3286 3895 ;
3317 3827 3541 3899 Δηλονότι
3563 3822 3673 3890 σῶμα

2169 3923 2409 3994 Χριστοῦ
2445 3940 2459 3954 ο
2497 3922 2816 3994 μετέχοντες
2875 3921 2988 3993 γὰρ
3040 3921 3137 3975 τοῦ
3179 3920 3423 3992 σώματος
3464 3915 3542 3970 τοῦ
3581 3913 3672 3980 Χρι·

2172 4017 2302 4072 στοῦ
2334 4060 2350 4082 ,
2400 4017 2495 4070 καὶ
2559 4017 2724 4086 ἡμεῖς
2790 4015 2969 4067 ἐκεῖνο
3025 4013 3294 4084 γινόμεθα
3322 4053 3340 4078 ,
3415 4007 3574 4076 ἐπειδὴ
3621 3997 3673 4062 εἷς

2170 4108 2333 4180 ἄρτος
2351 4110 2378 4161 ὁ
2403 4107 2659 4179 Χριστός.
2687 4105 2785 4160 Ἐκ
2807 4103 3018 4158 πολλῶν
3043 4105 3157 4175 γὰρ
3181 4104 3412 4165 κόκκων,
3444 4100 3524 4152 ἐπὶ
3550 4111 3672 4164 παρα-

2168 4199 2480 4269 δείγματος,
2538 4201 2565 4252 ό
2596 4198 2759 4268 ἄρτος
2806 4195 3113 4267 γινόμενος,
3157 4197 3252 4250 καὶ
3303 4195 3452 4265 ἡμεῖς
3473 4191 3517 4243 οἱ
3543 4183 3674 4240 πολλοί

2169 4291 2228 4358 ἐξ
2258 4291 2420 4345 αὐτοῦ
2459 4290 2552 4345 τοῦ
2607 4290 2729 4353 ὲνδς
2787 4289 3320 4360 μεταλαμϐανόντες,
3373 4279 3601 4353 γινόμεθα
3633 4276 3672 4326 EI

2170 4385 2328 4455 σῶμα
2366 4383 2626 4454 Χριστοῦ.
2657 4381 2876 4450 Ἐπειδὴ
2911 4380 3020 4451 γὰρ
3076 4381 3110 4450 ἠ
3167 4378 3372 4432 παλαιὰ
3415 4373 3552 4446 ὴμῶν
3580 4366 3672 4437 σὰρξ

2178 4477 2391 4547 ἐφθάρη
2408 4476 2513 4529 ὐπὸ
2531 4476 2628 4545 τῆς
2645 4473 2942 4544 ἁμαρτίας,
2984 4471 3204 4542 ἐδέησεν
3235 4472 3364 4542 ἡμῖν
3381 4466 3556 4539 σαρκὸς
3569 4463 3671 4519 νέας-

490 4573 743 4636 corrupta
787 4573 868 4617 est
924 4561 1026 4616 sub
1073 4565 1334 4629 peccato,
1381 4570 1519 4626 Opus
1567 4554 1668 4609 luit
1711 4556 1867 4616 nobis
1919 4569 2056 4609 nova

2170 4588 2188 4621 ι
2224 4570 2396 4623 Βλέπε
2435 4568 2524 4622 τὸν
2551 4566 2769 4638 Ἰσραὴλ
2796 4567 2936 4621 κατὰ
2975 4565 3209 4637 σάρκα.»
3231 4565 3413 4634 Ὑμεῖς
3433 4552 3672 4628 γὰρ.φησῖ.

490 4675 674 4715 carne.
704 4677 722 4710 ι
751 4655 884 4710 Vide
920 4652 1084 4707 Israel
1122 4650 1276 4721 juxta
1327 4663 1599 4704 carnem.»
1637 4645 1747 4702 Vos
1777 4647 1944 4710 enim,
1973 4646 2058 4700 in-

491 4754 632 4823 quit,
654 4753 788 4806 estis
819 4745 1164 4815 lsraeljuxta
1216 4743 1492 4811 spiritum.
1534 4760 1550 4792 ι
1584 4741 1724 4794 Num
1760 4740 1850 4810 qui
1892 4739 2062 4794 edunt

492 4842 780 4900 xietimas?
815 4859 834 4894 ι
866 4841 968 4895 Per
998 4834 1487 4906 interrogationem
1517 4831 1681 4903 legito
1707 4831 1852 4900 οὐχὶ,
1878 4831 1932 4885 id
1955 4842 2058 4897 est,

493 4954 644 4993 num.
672 4936 939 5004 Quoniam
965 4943 1144 4986 autem
1175 4943 1302 5002 pars
1321 4926 1564 4998 quaedam
1591 4925 1846 4992 victimae,
1871 4941 2063 4995 nempe

493 5032 686 5102 adeps,
726 5027 1073 5083 cremabatur
1101 5026 1154 5078 in
1182 5021 1340 5076 altari
1365 5039 1379 5076 :
1409 5035 1504 5075 eos
1529 5019 1903 5090 quievictima
1931 5019 2059 5073 ede-

492 5127 624 5179 bant
649 5120 938 5193 participes
979 5116 1274 5186 appellavit
1315 5129 1424 5168 non
1455 5112 1704 5174 virtimm.
1731 5111 1823 5166 sed
1851 5113 2060 5165 altaris.

566 5212 730 5284 516
744 5209 814 5274 Χ,
831 5205 1014 5269 1930.
1045 5206 1181 5270 Quid
1193 5221 1312 5273 ergo
1327 5206 1443 5258 dico
1462 5203 1635 5274 ?quod
1654 5204 1853 5258 idolum
1873 5204 1942 5257 sit
1960 5203 2061 5256 ali-

493 5305 646 5375 quid?
659 5299 898 5371 autquod
913 5297 1256 5367 idololhytum
1270 5297 1339 5348 sit
1351 5295 1582 5366 aliquid?
1602 5294 1840 5359 Non,sed
1852 5294 1988 5365 quod
2001 5313 2064 5348 ea

491 5415 606 5469 qua
641 5394 912 5451 immolant
929 5399 1129 5461 gentes,
1148 5389 1420 5443 dmnouiis
1445 5389 1779 5442 immolante!
1806 5406 1906 5442 non
1937 5389 2061 5442 Deo.

561 5491 701 5546 Num
753 5489 879 5551 hoc,
921 5484 1120 5554 inquit,
1149 5483 1271 5536 dico
1306 5481 1457 5550 quasi
1507 5480 1648 5534 idola
1684 5487 1778 5534 aut
1824 5496 1945 5551 quae
1985 5483 2064 5535 eis

493 5583 884 5642 immolantur,
932 5576 1169 5646 aliquam
1222 5572 1459 5627 habeant
1517 5571 1811 5642 potentiam
1841 5613 1856 5638 ,
1893 5586 1947 5625 et
1993 5571 2065 5624 ita

494 5679 706 5748 possint
746 5680 838 5729 aut
863 5670 1121 5744 prodesse
1148 5676 1242 5722 aut
1265 5664 1498 5722 nocere?
1527 5662 1887 5734 Non,inquit,
1922 5667 2066 5719 nullo

489 5771 652 5833 digna
683 5775 833 5829 sunt,
876 5763 1008 5820 nihil
1040 5771 1186 5816 sunt.
1232 5759 1363 5814 Nam
1412 5759 1536 5828 quia
1573 5757 1762 5812 sedulo
1805 5759 1872 5811 de
1908 5758 2066 5812 idolis

493 5866 848 5923 tractaverat,
899 5856 1104 5911 veritus
1157 5859 1238 5907 est
1299 5865 1364 5905 ne
1413 5850 1788 5904 uistimarcnt
1831 5849 1920 5903 illa
1961 5851 2066 5904 vim

2168 4662 2312 4716 κατὰ
2335 4661 2552 4732 πνεῦμα
2577 4659 2701 4713 ὲστὲ
2739 4657 2977 4730 Ἰσραήλ.
3011 4677 3028 4711 ι
3048 4658 3185 4728 Οὐχὶ
3243 4659 3292 4710 οἱ
3341 4653 3578 4710 ἐσθίοντες
3609 4644 3674 4703 τὰς

2169 4755 2359 4817 θυσίας
2383 4771 2398 4820 ;
2430 4772 2449 4806 ι
2483 4752 2638 4805 Κατὰ
2659 4751 2927 4822 ἐρώτησιν
2949 4748 3248 4817 ἀνάγνωθι.
3269 4744 3474 4813 Ἐπειδὴ
3499 4742 3545 4795 δὲ
3557 4737 3674 4807 μέρος

2169 4868 2221 4902 τι
2237 4847 2333 4902 τοῦ
2349 4848 2587 4916 θύματος
2612 4842 2724 4898 οἷον
2747 4846 2808 4898 τὸ
2836 4845 3000 4914 στέαρ
3027 4841 3355 4896 κατακαίετο
3377 4840 3429 4891 ὲν
3445 4835 3512 4905 τῷ
3539 4833 3674 4884 θυσια-

2171 4940 2401 5011 στηρίῳ,
2438 4939 2566 5002 τοὺς
2611 4939 2675 4991 εκ
2709 4936 2805 4990 τοῦ
2835 4936 2999 4991 αὐτοῦ
3029 4935 3269 5006 θύματος
3303 4931 3568 4989 ἐσθίοντας,
3595 4937 3672 4975 κοι-

2171 5034 2369 5095 νωνοὺς
2397 5031 2655 5084 ἐκάλεσεν
2676 5031 2735 5084 οὐ
2769 5030 2861 5084 τοῦ
2883 5029 3040 5095 Θεοῦ,
3063 5030 3202 5085 ἀλλὰ
3217 5028 3310 5084 τοῦ
3335 5017 3672 5088 θυσιαστηρίουο

2247 5211 2306 5263 Τί
2341 5204 2452 5264 οὖν
2471 5209 2664 5278 φημίς
2703 5209 2791 5263 ὅτι
2840 5209 3095 5264 εἴδωλόν
3135 5210 3190 5262 τι
3223 5208 3390 5260 ἐστιν
3413 5223 3426 5236 ο
3459 5204 3491 5268 ἢ
3525 5197 3672 5252 Ensi-

2171 5298 2512 5353 δωλόθυτόν
2539 5298 2709 5352 ἐστιν
2733 5315 2751 5362 ,°
2800 5299 2955 5352 Ἀλλ’
2998 5298 3086 5352 ὅτι
3116 5296 3155 5351 ἆ
3179 5298 3305 5352 θύει
3328 5295 3397 5349 τὰ
3422 5295 3566 5357 ἔθνη.
3586 5285 3671 5338 δαι-

2166 5406 2376 5459 μονοις
2414 5389 2540 5443 θύει
2578 5388 2675 5442 καί
2711 5391 2780 5443 οὐ
2827 5389 2967 5454 Θεῷ.

2245 5477 2336 5546 Μὴ
2396 5479 2504 5546 γὰρ
2557 5476 2738 5540 τοῦτο,
2798 5479 2953 5546 φησὶ,
2991 5476 3157 5545 λέγω,
3201 5476 3277 5539 ὡς
3337 5474 3543 5545 ἑχόντων
3584 5461 3671 5516 τιν-ἱ

2177 5571 2328 5641 ἰσχὺν
2353 5569 2460 5622 τῶν
2495 5568 2788 5640 εἰδώλωνῆ
2819 5570 2927 5624 τῶν
2963 5571 3241 5640 θυομένων
3284 5567 3471 5628 αὐτῶν,
3515 5562 3590 5615 καὶ
3609 5556 3671 5608 διὰ

2177 5661 2332 5714 τοῦτο
2355 5661 2669 5730 δυναμένων
2694 5661 2724 5732 ἢ
2748 5661 3028 5730 ὠφελῆσαι
3055 5663 3086 5732 ἦ
3127 5661 3342 5731 βλάψα;;
3371 5660 3510 5727 Οὐχὶ,
3529 5652 3669 5722 φησὶν,

2176 5752 2386 5816 οὐδενός
2415 5755 2550 5805 εἰσιν
2583 5753 2729 5817 ἄξια,
2759 5755 2910 5806 οὐδέν
2956 5756 3116 5808 εἰσιν.
3158 5754 3370 5817 Ἐπειδὴ
3393 5752 3492 5819 γὰρ
3520 5749 3669 5799 ἐσπου·

2177 5845 2560 5914 δαιοὶογὴσατο
2602 5847 2726 5916 περί
2773 5845 2877 5898 τῶν
2923 5845 3175 5901 εἰδώλων.
3214 5843 3443 5914 ἐφοόὴθη
3473 5839 3534 5912 μὴ
3560 5828 3665 5901 νομέ-
