3872 6582
141 415 251 478 785

1064 419 1448 483 COMMENT.
1493 423 1573 483 IN
1613 423 1846 482 EPIST-
1886 423 1918 482 I‘
1952 425 2050 484 AD
2082 423 2440 485 COBINTH.

3290 421 3400 484 786

140 547 309 584 σωσιν
333 529 480 602 ἔχειν
495 533 615 586 τινὰ
639 533 791 603 ίσχὺν
809 534 966 589 αὐτὰ.
997 554 1013 587 ι
1045 537 1167 589 Ὀτι
1196 537 1414 591 είδωλόν
1430 538 1482 590 τί
1505 540 1670 592 ἐστιν.
1699 557 1714 589 ι

1838 541 2060 610 iliquam
2107 540 2372 594 babere.¢
2425 535 2578 604 Quod
2630 536 2832 592 idolum
2880 535 2950 591 sit
2989 535 3215 606 aliquid.
3255 557 3273 588 ι
3326 569 3397 577 --

141 653 207 665 -
230 621 433 696 [ΦΩἸᾘ
452 625 564 696 Ούχ
590 625 672 679 ὅτι
697 626 813 679 ὲστί
839 643 890 679 τι
915 627 982 680 τὰ
1004 627 1218 691 εἴδωλα,
1242 629 1328 684 διὰ
1348 629 1506 684 τοῦτο
1525 631 1717 684 κωλύω

141 714 246 767 τῶν
281 715 649 769 εἰδωλοθύτων
667 715 942 784 γεύεσθαι.
982 719 1314 790 Προεὶρηται
1352 720 1462 790 γὰρ
1490 721 1571 774 ὅτι
1604 721 1717 773 τῶν

143 807 216 876 μὴ
247 805 423 860 ὄντων
467 807 585 860 ἐστὶ
641 809 736 861 καὶ
783 808 1148 880 ἀνυπάρκτων
1209 810 1330 864 κατ’
1373 811 1581 877 ούσίαν,
1627 813 1720 865 καί¹

140 897 266 950 οὔτε
302 897 508 969 βλάϐην
531 899 655 952 οὗτε
685 900 952 970 ὠφέλειαν
972 901 1185 971 ἔχουσιν
1213 903 1364 972 ἰσχὺν
1393 903 1720 974 προξενῆσαί

141 1007 268 1043 τινι.
317 991 483 1045 Ἀλλὰ
523 991 610 1044 διὰ
651 991 812 1044 τοῦτο
851 992 1066 1059 κωλύω,
1105 993 1187 1047 ὅτι
1217 994 1304 1047 διὰ
1342 994 1451 1048 τῶν
1487 993 1720 1049 εἰδώλων

141 1084 251 1144 τοῖς
306 1083 527 1154 δαίμοσι
576 1085 912 1154 προσάγεται
965 1087 998 1154 ἠ
1057 1085 1236 1139 θυσία.
1292 1084 1417 1148 Πῶς
1468 1081 1563 1139 οὖν
1613 1087 1714 1140 οὐκ

141 1174 372 1227 αὐτόθεν
433 1174 723 1244 βδελυκτὸν
759 1175 854 1231 καὶ
903 1177 1138 1245 φευκτὸν
1182 1176 1244 1230 τὸ
1283 1177 1722 1247 μεταλαμϐάνειν

143 1249 466 1338 δαιμονικῆς
523 1266 713 1332 θυσίας
743 1309 755 1318 .
812 1268 905 1321 καὶ
936 1268 1004 1322 δι’
1040 1269 1212 1338 αὐτῆς
1257 1270 1438 1332 αὐτοῖς
1483 1269 1712 1333 ἐκείνοις

146 1358 404 1429 ἔρχεσθαι
428 1361 505 1423 εἰς
528 1361 810 1414 κοινωνίαν
830 1378 846 1428 ;
866 1355 999 1414 Εἶτα
1017 1362 1110 1414 καὶ
1131 1361 1220 1414 διὰ
1251 1360 1346 1430 τῆς
1369 1361 1724 1431 παραθέσεως

150 1451 243 1519 τῆς
267 1451 553 1521 Κυριακῆς
584 1451 863 1521 τραπέζης
893 1452 987 1505 καὶ
1010 1449 1104 1504 τοῦ
1135 1451 1416 1523 Κυριακοῦ
1437 1453 1720 1523 ποτηρίου,

161 1542 350 1611 μᾶλλον
394 1543 603 1613 ἐλέγχει
653 1543 714 1595 τὸ
737 1544 934 1598 ἄτοπον
966 1544 1074 1597 τῶν
1129 1545 1442 1615 γευομένων
1490 1545 1526 1599 ἃ
1577 1547 1724 1600 ἐστιν

161 1635 493 1689 εἰδωλόθυτα.
555 1635 666 1688 Καὶ
713 1635 816 1705 ’ὀρα
871 1636 932 1688 τὺ
989 1636 1152 1705 σοφόν
1182 1653 1196 1668 ο
1237 1636 1357 1689 κατ’
1398 1637 1570 1708 ἀρχὰς
1629 1639 1724 1706 μὲν

163 1724 336 1793 ἠρέμα
384 1740 504 1787 πως
557 1724 764 1796 ἥπτετο
810 1726 919 1780 τῶν
975 1727 1236 1797 ἐλέγχων,
1285 1727 1488 1798 προῖὼν
1539 1727 1617 1793 δὲ,
1651 1727 1726 1791 ὡς

167 1815 403 1881 ἐνταῦθα,
448 1816 569 1870 λίαν
614 1819 828 1888 πικρῶς
877 1818 1218 1889 ὲπεμΰαίνει.
1268 1837 1287 1870 ι
1350 1821 1418 1872 Ἀ
1485 1818 1603 1872 θύει
1656 1819 1725 1872 τὰ

169 1908 299 1977 ἔθνη.
331 1927 348 1959 ι
379 1909 452 1963 ού
505 1909 650 1978 λέγω
697 1911 779 1964 ὃτι
810 1909 994 1981 ἔχουσι
1028 1911 1150 1965 τινὰ
1209 1911 1362 1982 ίςχῦν
1392 1910 1460 1964 τὰ
1509 1911 1722 1972 εἴδωλα,
1755 1891 1798 1946 Β

173 1999 282 2052 ἀλλ’
321 2001 422 2061 ὅτι.
481 2003 633 2073 φησὶ,
672 2001 743 2055 τὰ
782 2001 998 2073 θύματα
1026 2004 1088 2058 ού
1139 2003 1282 2072 Θεῷ,
1329 2003 1466 2056 ἀλλὰ
1507 2003 1727 2072 δαίμοσι

174 2092 362 2145 θύεται.
389 2092 482 2164 Μὴ
539 2093 720 2147 τοίνυν
765 2091 926 2166 τρέχε
958 2095 1052 2148 ἐπὶ
1083 2095 1152 2149 τὰ
1184 2094 1390 2166 μισητὰ
1442 2094 1582 2165 Θεῷ.
1616 2096 1727 2149 Καὶ

177 2183 268 2254 γὰρ
293 2186 338 2237 εί
366 2186 453 2237 καὶ
483 2184 765 2256 βασιλικῆς
799 2189 1050 2258 μετεῖχες
1078 2187 1380 2258 τραπέζης,
1411 2187 1506 2240 καὶ
1523 2185 1728 2256 ταύτην

179 2277 314 2343 ἀφεὶς
343 2277 431 2331 ἐπὶ
458 2277 558 2342 τὰς
597 2279 704 2332 τῶν
756 2278 1065 2333 καταδίκων
1117 2280 1359 2350 ἐτρεχες,
1394 2277 1452 2333 εὖ
1484 2279 1724 2345 ὲποίειςς

181 2367 263 2438 οὐχ
287 2368 360 2419 ὅτι
388 2366 650 2421 ἔϐλαπτεν
673 2367 705 2438 ἢ
736 2368 934 2438 ὠφέλει
965 2369 1174 2442 ἐκείνη,
1207 2370 1320 2424 ἀλλ’
1342 2371 1424 2423 ὅτι
1447 2367 1729 2438 ὲνύσριζες

183 2458 262 2526 τὴν
283 2458 555 2530 βασιλικὴν
584 2459 883 2531 τράπεζαν.

239 2736 310 2787 οὐ
341 2734 485 2789 θέλω
513 2734 582 2788 δὲ
619 2735 774 2806 ὑμᾶς
819 2739 1139 2804 κοινωνοὺς
1174 2739 1284 2794 τῶν
1315 2740 1614 2811 δαιμόνων
1639 2744 1729 2812 γί-
1768 2805 1778 2814 θ

186 2829 388 2879 νεσθιιι.
443 2828 525 2880 Οὐ
588 2826 856 2882 δυνάσθε
909 2830 1199 2898 ποτήριον
1230 2830 1448 2899 Κυρίου
1509 2833 1727 2899 πίνειν,

188 2919 269 2970 καί
293 2919 569 2987 ποτήριον
618 2921 959 2991 δαιμονίων.
1018 2925 1101 2977 Οὐ
1138 2922 1402 2978 δύνασθε
1446 2925 1732 2994 τραπέζης

170 3012 381 3078 Κυρίου
408 3013 716 3082 μετέχειν,
772 3015 869 3068 καί
915 3015 1202 3084 τραπέζης
1257 3015 1598 3084 δαιμονίων.
1666 3021 1735 3076 Ἦ

170 3102 613 3172 παραζηλοῦμεν
676 3105 782 3158 τὸν
849 3107 1106 3174 Κύριον;
1189 3104 1286 3173 Μὴ
1361 3106 1735 3179 ἰσχυρότεροι

170 3193 350 3248 αὐτοῦ
393 3196 584 3264 ἐσμεν
599 3213 623 3262 ;

250 3287 304 3340 ΕΞ
332 3289 439 3360 γὰρ
469 3288 517 3342 οί
542 3289 640 3359 τῆς
668 3291 937 3360 μυστικῆς
972 3291 1290 3364 μετέχοντες
1312 3293 1588 3365 τραπέζης
1616 3311 1732 3349 κοι-

170 3379 388 3434 νωνοῦσι
415 3381 654 3452 Χριστῷ,
705 3383 753 3435 oi
799 3384 1070 3453 δαιμόνων
1108 3385 1426 3456 μετέχοντες
1456 3387 1736 3459 τραπέζης

170 3470 400 3539 δηλονότι
423 3473 639 3544 δαίμοσι
663 3476 1029 3531 κοινωνοῦσιν.
1061 3495 1080 3528 ι
1115 3478 1189 3531 Ού
1214 3477 1450 3532 δύνασθε
1473 3479 1734 3548 ποτήριον

172 3563 368 3633 Κυρίου
425 3565 620 3620 πίνειν.
681 3585 700 3618 ›
735 3566 752 3588 ⁹
783 3566 985 3638 Επειδὴ
1037 3568 1096 3622 ἐν
1155 3568 1307 3634 τάξει
1357 3570 1736 3642 παραινέσεως

169 3656 396 3726 εἰρήκει,
422 3658 483 3712 οὐ
533 3657 672 3712 θέλω
703 3658 847 3730 ὑμᾶς
897 3660 1187 3723 κοινωνοὺς
1213 3660 1322 3714 τῶν
1355 3662 1623 3733 δαιμόνων
1649 3661 1736 3730 γί-

170 3747 370 3814 νεσθαι,
400 3747 486 3800 ἵνα
519 3749 594 3817 μὴ
624 3749 658 3817 ἡ
712 3749 1032 3818 παραίνεσις
1069 3750 1474 3821 καταφρονηθῇ,
1521 3750 1615 3804 νῦν
1662 3751 1739 3814 ὡς

168 3835 370 3901 meae;
386 3838 710 3907 ἀποφάσεως
733 3839 863 3893 αὐτὸ
881 3840 1122 3894 τέθεικεν
1138 3840 1327 3896 εἰπών·
1362 3861 1381 3893 ι
1407 3841 1485 3898 Ού
1505 3842 1738 3897 δύνασθε

170 3929 422 3999 ποτήριον
451 3931 657 4001 Κυρίου
691 3931 867 3985 πίνειν
897 3932 996 3986 καὶ
1023 3934 1282 4004 ποτήριον
1309 3933 1621 4004 δαιμονίων.
1659 3935 1735 3987 Ού

165 4021 390 4075 δύνασθε
443 4023 721 4094 τραπέζης
756 4024 962 4095 Κυρίου
1014 4025 1262 4095 μετέχειν
1310 4027 1402 4079 καὶ
1459 4025 1739 4098 τραπέζης

165 4115 473 4186 δαιμονίων.
519 4137 536 4170 ι
578 4119 672 4171 Ἐκ
728 4118 903 4189 μόνων
933 4119 1041 4173 τῶν
1073 4120 1353 4190 ὀνομάτων
1385 4123 1590 4192 Κυρίου
1643 4122 1738 4174 καὶ

164 4205 454 4275 διιμόνων,
489 4208 857 4262 κατεσκεύασε
883 4209 980 4280 τὴν
1019 4209 1276 4268 κώλυσιν.
1314 4229 1333 4263 t
1375 4213 1446 4265 "H
1487 4213 1738 4284 παραζη-

161 4291 362 4365 λοῦμεν
400 4297 492 4350 τὸν
513 4298 753 4369 Κύριον;
795 4319 813 4352 ι
849 4289 1254 4372 Ἔντρεπτικῶς
1290 4303 1422 4357 αύτδ
1469 4303 1736 4360 τέθεικεν.

169 4383 248 4436 Ἦ
277 4385 606 4458 πειράζομεν
636 4389 729 4442 καὶ⁸
756 4391 1164 4461 παρακνίζομεν
1195 4392 1285 4445 τὸν
1317 4383 1471 4455 Θεὸν,
1502 4395 1550 4446 εί
1575 4392 1738 4447 δύνα-

160 4489 259 4527 ται
300 4476 524 4529 κολάσαι
554 4481 702 4549 ἡμᾶς
727 4497 742 4544 ;
783 4478 916 4534 Εἶτα
950 4483 1032 4546 είς
1060 4482 1150 4536 τὸν
1182 4485 1261 4546 είς
1289 4483 1488 4538 ἄτοπον
1513 4485 1738 4554 artare»

1821 630 1936 684 Non
1971 631 2115 700 quod
2165 631 2368 700 aliquid
2403 631 2514 685 sint
2547 630 2714 694 idola,
2767 636 3046 699 propterea
3093 629 3395 699 idolotbyta

1821 732 2038 790 gustare
2105 721 2390 791 prohibeo.
2424 719 2634 775 Dictum
2667 728 2761 775 est‘
2783 721 2927 774 enim
2959 719 3102 790 quod
3131 734 3255 774 cum
3288 734 3396 774 non

1821 813 1952 876 sint,
1983 826 2084 866 nec
2125 811 2324 867 habent
2353 827 2476 867 esse
2507 813 2809 868 secundum
2842 812 3206 868 substantiam
3235 831 3248 866 :
3303 829 3400 866 ne-

1820 920 1926 972 qne
1965 903 2072 956 vim
2113 902 2314 956 habent
2350 909 2408 955 ut
2457 903 2622 957 alicui
2665 903 2928 956 damnum
2974 910 3076 956 aut
3111 902 3400 957 utilitatum

1821 994 2050 1048 all‘crant
2077 1009 2094 1048 :
2126 992 2221 1049 sed
2258 993 2468 1049 idcirco
2501 993 2784 1064 prohibeo,
2830 994 2954 1062 quia
3003 1010 3098 1062 per
3125 994 3264 1048 idola
3292 994 3401 1050 dae-

1823 1085 2078 1139 monibus
2103 1083 2404 1139 oﬂ'eruntur
2437 1086 2727 1140 sacrificia.
2759 1084 3050 1151 Quomodo
3075 1101 3206 1156 ergo
3233 1103 3298 1141 ex
3325 1102 3401 1142 eo

1823 1175 2244 1228 abominandum
2289 1189 2398 1228 non
2449 1175 2554 1228 erit
2603 1189 2666 1228 ac
2709 1174 3023 1246 fugiendum
3071 1175 3401 1246 participare

1822 1280 2008 1320 mensa
2042 1264 2396 1326 dmmoniaca.
2431 1273 2483 1320 et
2514 1279 2607 1332 per
2631 1280 2752 1319 eam
2780 1267 2845 1319 ad
2879 1266 3000 1321 iilos
3028 1268 3177 1336 ipsos
3215 1271 3398 1322 venire

1827 1355 1880 1409 in
1931 1357 2414 1410 communionem?
2453 1356 2656 1412 Deinde
2697 1371 2793 1427 per
2835 1361 3296 1428 comparationem
3341 1368 3396 1413 et

1823 1448 2221 1518 appasitionem
2250 1447 2546 1504 Dominica:
2587 1464 2785 1504 mensae
2816 1458 2865 1504 et
2911 1451 3088 1520 poculi
3132 1435 3399 1508 Dominici

1826 1539 2000 1609 magis
2040 1539 2220 1609 arguit
2259 1539 2557 1596 absurdum
2603 1555 2793 1595 eorum
2846 1541 3046 1596 factum
3089 1543 3181 1612 qui
3227 1543 3400 1598 idolo.

1824 1633 1977 1702 tbyta
2030 1632 2340 1702 degustant.
2395 1631 2460 1686 Et
2530 1633 2815 1688 considera
2867 1632 2988 1703 ejus
3051 1634 3398 1704 sapientiam.

1824 1724 1982 1781 Circa
2001 1725 2156 1781 initia
2177 1725 2396 1794 quidem
2421 1724 2628 1780 sensim
2655 1724 3057 1795 quodammodo
3082 1736 3404 1795 argumenta

1828 1817 2008 1886 attigit
2035 1834 2048 1871 :
2082 1817 2134 1871 in
2158 1831 2451 1888 progressu
2487 1832 2636 1880 vero,
2679 1831 2875 1886 nempe
2903 1816 3006 1870 boc
3036 1816 3177 1881 loco,
3205 1817 3406 1871 acriter

1828 1908 2123 1964 invehitur.
2159 1927 2177 1961 ι
2220 1911 2294 1964 Ea
2338 1925 2458 1980 quae.
2490 1909 2775 1964 immolant
2813 1917 3023 1979 gentes.
3059 1927 3079 1962 ι
3126 1907 3243 1963 Non
3279 1910 3405 1964 dico

1829 2003 1936 2056 vim
1963 2003 2199 2073 aliquam
2239 2004 2444 2059 habere
2476 2003 2637 2069 idola,
2671 2002 2766 2059 sed
2797 2004 2939 2073 quod
2973 2017 3034 2058 ea
3058 2017 3180 2074 quae
3210 2003 3404 2058 immo-

1829 2095 2046 2162 lantur,
2087 2112 2198 2150 non
2254 2096 2394 2163 Deo,
2437 2095 2533 2151 sed
2576 2096 2859 2151 daemoniis
2903 2095 3278 2150 immolantur.
3328 2095 3407 2150 Ne

1828 2202 1958 2257 ergo
1990 2186 2057 2242 ad
2093 2202 2156 2242 ea
2183 2201 2375 2242 curras
2397 2203 2520 2256 qua:
2544 2187 2655 2243 Deo
2691 2187 3057 2244 abominanda
3111 2195 3258 2243 sunt.
3313 2187 3407 2241 Et-

1829 2281 1976 2334 enim
2001 2279 2266 2348 numqnid
2293 2278 2644 2336 benefaceres
2659 2279 3032 2351 si,postquam
3065 2279 3226 2351 regiae
3260 2295 3410 2335 men-

1830 2385 1905 2425 sae
1927 2371 2203 2441 particeps
2225 2371 2458 2428 ell‘ectus
2489 2371 2712 2435 fuisses,
2747 2387 2812 2426 ac
2843 2371 3030 2426 relicta
3059 2371 3125 2426 ad
3159 2371 3409 2426 inimico.

1830 2479 1951 2518 rnm
1987 2479 2209 2520 mensas
2244 2465 2534 2521 eurreres?
2571 2479 2677 2520 non
2712 2465 2854 2536 quod
2887 2465 2971 2520 bas
3007 2475 3265 2521 nocerent
3314 2472 3410 2520 aut

1825 2555 2079 2626 iuvarent
2115 2592 2134 2622 ,
2214 2555 2311 2612 sed
2372 2554 2517 2627 quod
2584 2555 2784 2626 injuria
2844 2554 3091 2613 adiceres
3158 2571 3404 2612 mensam

1831 2647 2057 2717 regiam.

1899 2736 1970 2799 Χ,
2001 2737 2094 2799 21,
2119 2736 2210 2792 22.
2247 2736 2429 2792 Nolim
2464 2748 2638 2793 autem
2665 2756 2750 2794 vos
2779 2750 3048 2794 consortes
3074 2740 3191 2809 ﬁeri
3213 2744 3408 2793 turmae

1831 2846 1977 2883 num.
2022 2829 2142 2883 Non
2175 2833 2392 2898 potestis
2433 2832 2677 2897 poculum
2709 2831 2922 2886 Domini
2951 2832 3143 2894 bibere,
3167 2841 3214 2886 et
3245 2849 3409 2901 pocu-

1835 2920 1944 2973 lum
1967 2921 2367 2975 da’moniarum.
2406 2919 2526 2976 Non
2567 2925 2785 2991 potestis
2823 2939 3015 2978 mensa:
3047 2922 3255 2977 Domini
3288 2939 3412 2992 par-

1836 3013 2014 3079 ticipes
2043 3028 2177 3075 esse,
2211 3021 2261 3066 et
2309 3029 2503 3067 mensa:
2551 3012 2959 3070 darmoniorum.
3013 3014 3091 3069 An
3131 3015 3407 3069 Dominam

1835 3103 1906 3158 ad
1960 3103 2348 3160 temulationem
2401 3110 2791 3175 provocamus?
2832 3106 2973 3160 Num
3027 3107 3272 3176 fortiores
3319 3107 3416 3160 illo

1838 3210 2018 3248 sumus
2040 3196 2068 3252 ἵ

1911 3285 1968 3341 Si
2018 3287 2164 3342 enim
2216 3291 2308 3358 qui
2360 3291 2604 3360 mysticae
2664 3306 2866 3346 mensae
2923 3293 3215 3361 participes
3263 3302 3408 3353 sunt,

1837 3375 2055 3432 Christo
2085 3380 2516 3446 communicant,
2545 3382 2709 3435 etiam
2750 3383 2840 3451 qui
2871 3381 3175 3436 daemonum
3212 3397 3410 3436 mensae

1837 3469 2138 3540 participes
2208 3478 2336 3526 sunt
2401 3471 2742 3529 daemonibus
2789 3485 2937 3528 certe
2979 3474 3408 3528 communicant.

1843 3577 1863 3612 ι
1905 3559 2026 3616 Non
2066 3563 2292 3631 potestis
2317 3565 2574 3633 poculum
2601 3563 2815 3619 Domini
2847 3564 3052 3620 bibere.
3084 3582 3102 3615 ι
3141 3562 3408 3630 Quoniam

1838 3667 1938 3723 per
1959 3654 2178 3710 modum
2204 3655 2599 3714 adhortationis
2626 3658 2856 3713 dixerat.
2903 3679 2921 3710 ι
2955 3657 3132 3712 Nolim
3160 3671 3254 3711 vos
3281 3673 3412 3711 con-

1838 3755 2020 3802 sortes
2056 3747 2169 3802 lieri
2208 3748 2540 3816 daemonum,
2578 3770 2596 3802 ι
2644 3749 2804 3821 517
2839 3766 2904 3804 ne
2943 3750 3276 3819 despiciatnr
3315 3751 3412 3802 ad-

1842 3839 2097 3904 hortatio,
2129 3857 2271 3894 nunc
2305 3843 2442 3896 idem
2485 3857 2582 3911 per
2622 3844 2843 3896 modum
2889 3842 3176 3897 sententia:
3204 3843 3408 3910 posuit,

1839 3928 2072 3986 dicens:
2112 3950 2130 3984 ι
2170 3932 2286 3987 Non
2337 3934 2567 4004 potestis
2603 3934 2858 4003 poculum
2900 3933 3110 3988 Domini
3140 3933 3328 3988 bibere
3357 3943 3427 3987 et.

1840 4021 2093 4089 poculum
2127 4022 2538 4078 daemoniorum.
2569 4023 2684 4078 Non
2718 4025 2948 4094 potestis
2974 4040 3172 4080 mensae
3201 4023 3423 4078 Domini

1840 4112 2133 4181 participes
2145 4129 2266 4170 esse
2287 4123 2341 4170 et
2367 4131 2567 4171 mensae
2583 4116 2999 4172 damoniurum.
3031 4137 3048 4169 ι
3067 4117 3145 4171 Ex
3169 4118 3410 4172 solisne-

1841 4205 2086 4262 minibus
2103 4206 2313 4262 Domini
2333 4218 2385 4264 et
2399 4207 2702 4264 daemonum
2723 4209 3065 4264 confirmavit
3083 4208 3410 4279 prohibitio-

1842 4314 1986 4353 nem.
2011 4319 2030 4352 ε
2054 4301 2136 4355 An
2155 4301 2444 4356 Dominum
2463 4301 2529 4356 ad
2547 4301 3330 4371 mmulationem'provocamus
3352 4302 3411 4354 ‘h-

1842 4389 2121 4446 Terrentis
2150 4406 2301 4447 more
2332 4391 2437 4447 hoc
2459 4392 2663 4463 posuit.
2694 4391 2775 4445 An
2810 4398 3083 4446 tentamns
3108 4398 3201 4444 aut
3229 4391 3412 4444 irrita-

1843 4497 1966 4537 mus
2001 4481 2386 4549 Deum,utrum
2411 4486 2583 4554 possit
2607 4499 2709 4540 nos
2735 4484 3190 4554 punireTDeinde
3217 4492 3404 4538 trans-

161 4566 268 4632 τὴν
320 4567 640 4639 ἐξέρχεται.
678 4573 770 4643 Μὴ
823 4575 1161 4646 ίσχυρότεροι
1205 4576 1369 4630 αὑτοῦ
1418 4577 1604 4649 ἐσμὲν,
1637 4579 1730 4632 καὶ

1838 4573 2018 4628 eundo
2062 4575 2299 4640 ostendit
2350 4573 2495 4644 quod
2529 4574 2633 4630 hoc
2667 4575 2810 4629 adid
2834 4574 2979 4645 quod
3016 4573 3310 4629 absurdum
3331 4585 3413 4627 est

161 4658 519 4731 πειράζομεν,
554 4663 648 4716 καὶ
666 4665 1100 4736 παρακνίζομενς

239 4848 438 4902 Πάντα
473 4867 576 4918 μοι
603 4849 864 4918 ἔξεστιν,
907 4854 1045 4907 ἀλλ’
1076 4856 1146 4908 οὐ
1192 4855 1388 4908 πάντα
1422 4857 1737 4927 συμφέρει.

162 4940 369 4993 Πάντα
413 4959 515 5010 μοι
570 4942 847 5009 ἔξεστιν,
887 4945 1027 5001 ἀλλ’
1077 4948 1149 5000 οὐ
1182 4947 1380 5003 πάντα
1419 4949 1737 5018 οἰκοδομεῖ.

160 5033 392 5100 Μηδεὶς
434 5033 500 5086 τὸ
532 5033 750 5090 ἑαυτοῦ
795 5033 1050 5104 ζητείτω,
1095 5037 1256 5092 ἀλλὰ
1287 5040 1354 5092 τὸ
1383 5040 1489 5094 τοῦ
1533 5041 1738 5109 ἐτέρου

158 5123 446 5192 ἕκαστος.
528 5125 657 5181 Πᾶν
729 5129 794 5180 τὸ
861 5128 931 5182 ἐν
1002 5128 1290 5198 μακέλλῳ
1350 5133 1740 5203 πωλούμενον

154 5215 418 5282 ἐσθίετε,
467 5217 662 5288 μηδὲν
709 5219 1136 5288 ἀνακρίνοντες
1178 5221 1274 5276 διὰ
1308 5222 1421 5290 τὴν
1455 5225 1738 5294 συνείδη-

154 5323 285 5360 σιν.
342 5307 456 5362 Τοῦ
493 5309 603 5377 γὰρ
629 5310 850 5378 Κυρίου
893 5308 931 5377 ἠ
972 5309 1050 5379 τῆ
1089 5311 1186 5365 καὶ
1218 5311 1282 5365 τὸ
1312 5313 1603 5382 πλήρωμα
1631 5315 1737 5368 αὐ-

153 5412 291 5460 της.

246 5487 356 5542 Ἵνα
395 5490 471 5559 μή
505 5506 590 5553 τις
634 5491 764 5562 εἴπῃ
799 5491 968 5562 αὐτῷ,
1007 5493 1088 5546 ὅτι
1133 5493 1270 5562 μετὰ
1299 5494 1546 5564 καθαρᾶς
1574 5496 1739 5550 ἐσθίω

155 5582 564 5652 συνειδήσεως,
617 5581 864 5648 ἐξουσίαν
905 5585 1011 5654 ἔχω
1059 5584 1216 5638 τοῦτο
1265 5589 1458 5653 ποιεῖν,
1518 5588 1737 5655 ἐπάγει.

150 5665 291 5734 Nai,
332 5668 492 5739 φησὶ,
527 5671 704 5724 πάντα
739 5670 836 5739 μέν
869 5689 948 5724 σοι
998 5672 1223 5738 ἔξεστιν,
1270 5673 1455 5743 ἐπειδὴ
1485 5674 1740 5740 αὐτεξού-

150 5769 280 5817 σιος
313 5759 467 5826 παρὰ
517 5759 651 5813 Θεοῦ
702 5760 950 5828 γέγονας,
988 5761 1100 5814 ἀλλ’
1137 5763 1196 5814 ού
1255 5761 1469 5824 πάντως
1517 5763 1597 5815 ὅτι
1647 5764 1738 5815 καὶ

150 5850 439 5913 angulos:
488 5868 565 5903 σοι
608 5851 664 5902 τὸ
695 5852 909 5906 ἐσθίειν.
961 5853 1093 5922 ’0δῷ
1125 5854 1230 5923 γὰρ
1268 5853 1592 5924 προϐαίνων,
1625 5855 1732 5906 διὰ·

1841 4665 2102 4720 inducat:
2138 4665 2278 4720 Num
2312 4665 2565 4723 fortiores
2595 4666 2686 4722 illo
2709 4683 2920 4734 smnus,
2953 4674 3314 4722 ut-tentemns
3357 4675 3408 4719 et

1840 4755 2158 4810 irritemus?

1909 4847 1978 4908 X,
2002 4845 2197 4901 22-26.
2233 4845 2430 4902 Omnia
2461 4847 2588 4900 mihi
2613 4847 2772 4900 licent
2796 4887 2810 4909 ,
2837 4858 3033 4897 at--non
3072 4843 3250 4897 omnia
3279 4860 3408 4897 con-

1838 4936 2055 4993 ducunt.
2091 4937 2287 4994 Omnia
2313 4939 2635 5002 mihilicent,
2671 4937 2761 4990 sed
2792 4953 2892 4990 non
2913 4935 3090 4988 omnia
3117 4933 3411 5004 wdiﬁcant.

1843 5031 2010 5086 Nemo
2039 5033 2178 5102 quod
2203 5048 2360 5086 suum
2396 5040 2476 5086 est
2504 5038 2734 5100 quaerat,
2773 5027 2862 5082 sed
2893 5028 3108 5097 quisque
3141 5025 3279 5096 (mod
3333 5036 3411 5082 est

1841 5124 2082 5177 alterius.
2139 5123 2308 5178 Omne
2373 5123 2518 5195 quod
2567 5123 2622 5175 in
2676 5121 2897 5175 macello
2960 5120 3199 5175 venditur
3251 5119 3407 5184 edite,

1841 5215 1977 5268 nihil
2015 5215 2356 5269 discutientes
2380 5223 2592 5282 propter
2616 5214 3012 5268 conscientiam.
3071 5210 3284 5266 Domini
3330 5212 3406 5264 si—

1838 5306 2045 5376 quidem
2074 5315 2149 5360 est
2185 5314 2393 5360 terraet
2411 5305 2694 5376 plenitudo
2711 5305 2844 5374 ejus.

1911 5488 1990 5549 ne
2005 5493 2128 5560 quis
2149 5492 2250 5563 ipsi
2270 5491 2420 5547 dicat
2453 5510 2466 5547 :
2494 5491 2630 5557 Quia
2665 5506 2786 5546 cum
2824 5503 2961 5560 pura
2987 5486 3089 5544 edo
3116 5488 3406 5542 conscien-

1843 5583 1938 5645 tia,
1979 5582 2187 5636 licitum
2227 5587 2311 5636 est
2361 5581 2493 5635 milii
2550 5588 2608 5634 ut
2644 5580 2746 5635 hoc
2808 5579 3023 5644 faciam,
3075 5576 3354 5646 subiungit
3392 5595 3424 5627 :-~

1844 5673 2044 5742 Utique
2074 5673 2257 5729 omnia
2281 5673 2501 5742 quidem
2540 5673 2630 5726 tibi
2669 5673 2849 5736 licent,
2904 5667 3167 5740 quoniam
3206 5683 3233 5720 a
3301 5665 3407 5720 Deo

1841 5775 2055 5821 creatus
2075 5781 2134 5820 es
2164 5766 2391 5821 liberum
2413 5765 2618 5819 habens
2642 5764 2948 5827 arbitrium,
2987 5771 3039 5815 at
3065 5776 3170 5815 non
3208 5771 3407 5814 temere.

1843 5856 2150 5912 faciendum
2181 5865 2284 5917 est,
2323 5856 2476 5924 quasi
2513 5855 2607 5907 tibi
2670 5853 2997 5906 conduceret
3050 5853 3232 5906 edere.
3275 5849 3405 5903 Nam
