3872 6622
494 404 597 468 ἶδῖ

1521 401 1926 462 (ECUMENII
1956 401 2249 461 TRICC/E
2291 401 2639 461 EPISCOPI

3553 419 3633 484 783

501 517 609 574 hac
639 523 724 571 via
789 516 1170 588 progrediens,
1218 517 1474 570 allectum
1513 516 1714 573 habere
1765 530 1957 585 posses
2009 531 2058 568 at

2183 515 2333 569 θεσιν
2357 515 2541 586 σχοίης
2572 513 2706 585 πρὸς
2741 516 2810 568 τά
2842 512 3039 567 εἴδωλα
3074 512 3148 584 τῷ
3176 522 3417 575 κοινωνείν
3436 526 3522 577 τῶν
3543 546 3663 600 τρα..

503 608 1150 673 idola,communicando
1169 607 1373 664 mensis
1407 607 1673 677 ipsorum.
1714 625 1732 658 ι
1792 604 1897 661 Sed
1970 621 2077 660 non

501 702 689 757 omnia
715 699 1015 757 aedificant.
1043 719 1062 749 ι
1128 698 1243 755 Hoc
1273 708 1495 769 propter
1546 698 1670 753 illos
1699 698 1896 754 fratres
1942 699 2091 761 dicit,

497 792 704 861 quibus
753 800 1145 849 nocuntenturn
1205 791 1449 846 alfertur.
1507 788 1645 845 Nam
1705 791 1806 846 etsi
1867 789 2077 845 licitum

500 884 577 939 ibi
613 893 720 945 est.
763 884 962 955 inquit,
996 893 1052 939 at
1102 898 1213 940 non
1240 885 1484 940 aedificas
1532 882 1761 939 fratrem
1795 889 1951 937 tuum
1976 881 2079 938 hoc

492 974 727 1039 faciens.
755 975 887 1043 quin
925 976 1108 1044 potius
1147 975 1354 1046 perdis.
1382 974 1588 1033 «Nemo
1618 974 1765 1046 quod
1791 990 1952 1030 suum
1993 981 2078 1027 est

488 1071 722 1132 quaerat.
755 1083 774 1116 ι
810 1062 999 1135 Neque
1029 1067 1174 1122 enim
1206 1066 1309 1121 hoc
1363 1065 1540 1121 solum
1596 1065 1794 1136 quaerit
1858 1060 2074 1139 [Deus].

497 1168 676 1213 utrum
718 1167 776 1213 tu
810 1174 945 1226 pura
982 1158 1116 1214 edas
1149 1158 1514 1224 conscientia,
1546 1159 1641 1215 sed
1697 1158 1863 1212 etiam
1906 1165 1965 1212 ut
2019 1157 2073 1211 in

497 1248 791 1304 utilitatem
825 1249 897 1305 sit
933 1247 1121 1306 fratris
1146 1250 1224 1307 tui
1254 1250 1401 1320 quod
1425 1250 1631 1320 agitur.
1666 1268 1685 1302 ι
1726 1246 1900 1304 Omne
1922 1247 2069 1318 quod

490 1342 543 1395 in
574 1342 826 1397 rnacello.
875 1360 895 1395 ι
924 1341 1063 1410 Quia
1097 1343 1318 1413 longum
1350 1342 1417 1398 de
1437 1341 1758 1414 idolothytis
1791 1340 2074 1412 protendit

487 1446 821 1498 sermonem,
844 1433 983 1489 adeo
1023 1444 1082 1489 ut
1104 1433 1364 1505 deinceps
1396 1436 1560 1489 etiam
1592 1435 1680 1490 illa
1723 1434 1917 1504 quasiu
1949 1432 2071 1488 foro

487 1522 706 1579 venalia
737 1533 919 1587 erant,
951 1534 1009 1579 ut
1036 1525 1332 1581 verisimile
1386 1537 1488 1591 est,
1550 1524 1795 1579 futurum
1838 1532 1957 1579 erat
2012 1532 2073 1576 ut

487 1613 666 1671 territi
680 1616 1008 1680 devitareut.
1043 1624 1306 1687 tanquam
1342 1616 1499 1673 idolis
1518 1616 1756 1673 fortasse
1772 1615 2066 1677 immolata,

487 1705 712 1762 abducit
733 1723 829 1764 eos
850 1708 920 1763 ab
948 1709 1259 1776 huiusmodi
1297 1709 1516 1766 timore.
1553 1738 1611 1751 σν-
1637 1709 1757 1765 Atio
1788 1708 1961 1762 modo.
1994 1706 2053 1762 ld

485 1796 805 1869 solvitquod
830 1800 1099 1857 obsistere
1112 1801 1347 1857 videtur.
1374 1802 1516 1869 Quia
1542 1803 1690 1859 enim
1706 1801 1775 1858 de
1801 1798 2070 1870 idolothy-

2180 606 2364 673 πεζῶν
2413 605 2614 661 αὐτῶν.
2656 605 2839 660 (Ἀλλ’
2884 605 2943 659 οὐ
2990 605 3162 661 πάντα
3204 609 3491 679 οἰκοδομεῖ.»
3518 618 3640 675 τοῦτο
3745 609 3753 625 ’

2179 699 2253 763 ὡς
2284 698 2419 768 πρὸς
2467 699 2593 763 τοὺς
2627 696 3035 769 βλαπτομένους
3086 698 3342 766 ἀδελφούς.
3373 705 3426 756 Ei
3457 707 3541 776 γὰρ
3574 715 3641 765 καὶ

2178 791 2355 857 ἔξεστί
2384 808 2488 856 σοι,
2524 792 2712 860 φησὶν,
2758 788 2874 844 ἀλλ’
2909 789 3011 843 οὐκ
3057 789 3338 860 οἰκοδομεῖς
3363 796 3438 848 τὸν
3476 799 3641 870 ἀδελφόν

2182 898 2276 934 σου
2312 879 2471 934 τοῦτο
2519 880 2712 945 ποιῶν,
2759 878 2895 934 ἀλλά
2933 879 3029 933 καὶ
3056 880 3343 945 καταλύεις.
3387 887 3643 955 «Μηδιίςτδ

2179 971 2375 1025 ἑαυτοῦ
2423 970 2721 1044 ζητείτω.»
2767 971 2861 1040 Μὴ
2904 972 3015 1042 γὰρ
3048 971 3220 1034 τοῦτο,
3249 974 3391 1043 φησὶ,
3423 978 3551 1046 μόνον
3577 982 3647 1049 gr...

2177 1065 2281 1128 τετ,
2316 1065 2365 1117 εἰ
2397 1063 2613 1135 καθαρᾷ
2663 1063 2728 1116 σὺ
2778 1062 2985 1127 ἐσθίεις
3038 1063 3342 1133 συνειδήσει,
3373 1068 3472 1122 ἀλλ’
3510 1072 3547 1122 εἰ
3584 1074 3647 1125 τὸν

2178 1153 2405 1224 ἀδελφόν
2441 1169 2533 1207 σου
2570 1151 2770 1222 ὡφελεί
2804 1153 2866 1208 τὸ
2902 1152 3203 1224 γινόμενον.
3254 1174 3271 1207 ι
3295 1158 3397 1210 Πᾶν
3438 1159 3489 1211 τὸ
3510 1162 3555 1212 ἐν
3581 1180 3649 1230 μαι

2175 1246 2372 1317 κέλλῳ.
2399 1264 2418 1298 ι
2464 1244 2685 1317 Ἐπειδὴ
2735 1244 2905 1301 πολὺν
2952 1247 3227 1301 κατέτεινε
3266 1246 3406 1316 λόγον
3440 1253 3650 1323 περὶτῶν

2174 1334 2560 1400 εἰδωλοθύτων,
2602 1333 2677 1399 ὡς
2719 1334 2904 1388 λοιπὸν
2947 1335 3166 1402 αὐτοὺς,
3205 1336 3280 1398 ὠς
3311 1337 3458 1404 είκδς,
3497 1342 3570 1393 καί
3603 1345 3652 1393 τὰ

2172 1429 2260 1481 ἐπ’
2290 1429 2496 1500 ἀγορᾶς
2523 1425 2659 1480 ὤνια
2703 1427 3089 1497 παραιτεῖσθαι
3111 1428 3450 1498 φοϐουμένους
3486 1430 3652 1493 didm

2170 1519 2517 1585 εἰδωλόθυτα,
2551 1519 2754 1587 ἀπάγει
2797 1519 2995 1582 αὐτοὺς
3031 1519 3126 1573 τοῦ
3176 1520 3399 1574 τοιούτου
3436 1522 3654 1589 φόϐου.-

2176 1614 2433 1678 ”Α.1λως.
2801 1612 2875 1667 Τὸ
2936 1610 3276 1666 ἀντιπίπτειν
3344 1612 3508 1665 δοκοῦν
3556 1612 3652 1669 λύει.

2184 1704 2403 1777 Ἐπειδὴ
2454 1705 2565 1777 γὰρ
2614 1704 2753 1776 μετά
2812 1704 3175 1775 σφοδρότητος
3224 1704 3326 1758 τῶν
3372 1703 3654 1757 εἰδωλοθύτων

2170 1798 2506 1870 κατέδραμε,
2557 1798 2652 1851 καὶ
2689 1797 2818 1862 τοὺς
2848 1796 3130 1860 ἐσθίοντας
3171 1796 3492 1865 ἐπετίμησεν,
3516 1796 3581 1849 ἵνα
3603 1798 3655 1865 μή

485 1892 561 1946 tis
615 1906 745 1948 cum
778 1894 1125 1950 vehementia
1156 1895 1284 1951 fecit
1318 1896 1673 1960 mentionem,
1735 1904 1790 1953 et
1843 1895 2058 1952 edentes

2169 1910 2252 1956 τις
2302 1893 2455 1963 εἴπῃ·
2505 1890 2571 1944 Τί
2614 1883 2748 1956 οὖν;
2805 1888 3147 1961 ἀποσχέσθαι
3196 1884 3301 1958 ἆρα
3346 1889 3417 1941 δεῖ
3450 1890 3657 1958 ἡμᾶςκαὶ

487 1982 788 2054 redarguit,
822 2002 891 2041 ne
918 1988 1043 2057 quis
1068 1987 1217 2043 dicat
1253 2004 1266 2040 :
1308 1987 1453 2055 Quid
1492 1989 1663 2058 ergo?
1692 2003 1761 2043 an
1791 1988 2067 2045 abstinere

485 2090 708 2144 quoque
736 2093 838 2134 nos
865 2087 1083 2147 Oportet
1109 2079 1422 2137 acarnibus
1452 2096 1577 2151 quae
1605 2081 1661 2137 in
1689 2078 1808 2136 foro
1840 2080 2065 2137 venales

483 2168 998 2235 exponuntur‘iaut
1051 2183 1280 2229 necesse
1313 2168 1476 2226 nobis
1516 2169 1620 2229 erit
1654 2170 1894 2231 circuire
1948 2170 2066 2226 fora

484 2268 537 2311 ct
572 2259 910 2335 interrogare
944 2276 1006 2316 ac
1030 2259 1310 2319 discutere
1334 2277 1404 2321 ne
1451 2263 1671 2333 quando
1698 2262 2062 2334 idolothytqu

481 2350 554 2406 sit
575 2351 681 2405 ?an
707 2351 759 2407 in
780 2351 1093 2422 huiusmodi
1112 2354 1280 2409 vitam
1310 2355 1973 2417 nostramconcludcmus
1998 2368 2063 2410 ac

483 2443 850 2513 propellemus
870 2444 893 2500 2
910 2444 990 2503 Ne
1009 2446 1102 2516 qui
1119 2461 1252 2517 ergo
1268 2448 1399 2503 talia
1423 2447 2030 2519 possintobjiccremm
2044 2475 2063 2491 .

480 2535 714 2592 veniens
727 2535 980 2592 dissolvit
1004 2551 1092 2599 ea.
1141 2545 1197 2592 et
1227 2538 1329 2603 ait,
1359 2536 1524 2610 518
1543 2553 1644 2605 nec
1674 2553 1800 2595 esse
1836 2554 2063 2595 necesse

420 2612 427 2617 ’
483 2640 608 2694 quae
646 2625 701 2680 in
725 2626 847 2681 foro
875 2635 1005 2683 sunt
1039 2628 1288 2698 rcjicere,
1321 2645 1425 2686 nec
1454 2629 1730 2686 discutere
1760 2640 1857 2684 aut
1888 2631 2062 2686 inter—

489 2730 689 2786 rogare
718 2724 903 2772 utrum
960 2718 1328 2791 idolothytum
1363 2720 1435 2777 sit
1461 2734 1530 2776 an
1565 2736 1701 2787 non,
1734 2720 1832 2777 sed
1854 2722 2059 2778 abillis

483 2809 665 2862 solum
692 2816 907 2879 oportet
958 2810 1258 2880 abstinere,
1283 2812 1350 2867 de
1380 2814 1582 2883 quibus
1635 2813 1839 2885 aliquis
1905 2813 2059 2884 prius

481 2896 756 2967 suggessit
784 2912 909 2955 esse
951 2897 1276 2971 idolothyta.
1308 2899 1503 2967 Omne,
1576 2902 1776 2973 inquit,
1813 2904 1958 2973 quod
1999 2903 2058 2959 in

480 2988 711 3046 macello
748 2989 1025 3059 venditur,
1048 2990 1214 3060 edite,
1248 2993 1384 3049 nihil
1429 2993 1746 3051 vacillantes
1805 3010 1869 3057 ex
1923 3010 2071 3052 con-.

480 3077 735 3147 scientia,
761 3095 943 3151 neque
967 3082 1291 3140 vacillantes
1321 3093 1417 3140 aut
1467 3084 1873 3158 interrogantes
1921 3101 2055 3158 pro-

482 3178 605 3237 pter
646 3171 842 3241 ipsam,
871 3179 930 3227 ut
969 3172 1130 3239 hanc,
1151 3188 1276 3229 cum
1317 3174 1486 3230 dubia
1518 3174 1631 3240 sit,
1664 3176 1870 3251 curetis
1902 3192 1919 3231 :
1957 3191 2055 3232 ne-

2168 1984 2276 2037 τῶν
2326 1985 2385 2037 ἐν
2439 1984 2618 2055 ἀγορᾷ
2666 1982 2845 2053 κρεῶν
2897 1982 3314 2053 προκειμένων;
3367 1980 3429 2033 Ἦ
3476 1982 3659 2049 ἀνάγκην

2119 2071 2130 2087 ’
2171 2077 2431 2149 σχοίημεν
2472 2075 2539 2131 ἂν
2571 2076 2846 2149 περιιέναι
2882 2074 2981 2138 τάς
3030 2074 3271 2145 ἀγορὰς,
3328 2074 3416 2127 καὶ
3445 2072 3658 2142 ἐπερωτᾷν

2167 2169 2263 2224 καὶ
2282 2168 2601 2238 ἀνακρίνειν
2631 2168 2707 2239 μή
2735 2183 2866 2221 ποτε
2887 2165 3239 2220 εἰδωλόθυτον
3261 2166 3377 2236 sin;
3406 2167 3475 2225 ei;
3495 2163 3660 2217 τοιαῦτα

2165 2260 2323 2332 ἡμῶν
2356 2259 2758 2332 συγκλείσομεν
2794 2258 2891 2314 καὶ
2926 2258 3295 2327 συνελάσομεν
3324 2257 3407 2310 τὸν
3431 2256 3555 2327 βίον;
3592 2254 3660 2309 Ἰν⁹

2163 2350 2258 2408 οὖν
2288 2351 2367 2425 μὴ
2398 2350 2630 2407 τοιαῦτά
2655 2369 2801 2417 τινες
2827 2350 3149 2407 ἀντιτείνειν
3181 2349 3374 2421 ἔχοιεν,
3417 2346 3674 2421 προφθάσας.

2163 2443 2326 2507 αὐτὸς
2380 2445 2565 2499 δίδωσι
2621 2445 2721 2509 τὰς
2763 2444 2968 2509 λύσεις,
3020 2443 3119 2498 καί
3168 2460 3320 2513 φησι,
3372 2442 3495 2514 μήτε
3533 2440 3587 2493 τὰ
3618 2439 3658 2491 ἐν

2165 2537 2340 2607 ἀγορᾷ
2369 2536 2615 2606 ἀνάγκην
2651 2532 2791 2589 εἶναι
2828 2534 3246 2607 παραιτεῖσθαι,
3275 2534 3403 2605 μήτε
3422 2532 3474 2585 τὸ
3498 2529 3663 2599 ἀνακρί·

2161 2639 2275 2676 νειν
2323 2624 2419 2677 καὶ
2473 2625 2777 2696 ἐπερωτᾷν,
2834 2624 2943 2695 ἄρα
2987 2622 3341 2678 εἰδωλόθυτόν
3372 2624 3501 2675 ἐστιν
3536 2618 3657 2691 ἧσθ’

2160 2715 2276 2770 ἀλλ’
2328 2716 2553 2770 ἐκείνων
2585 2716 2889 2789 ἀπέχεσθαι
2939 2716 3123 2788 μόνον,
3159 2715 3291 2787 περὶ
3306 2708 3377 2767 ὧν
3408 2730 3481 2776 τις
3508 2712 3661 2781 φθάσας

2136 2807 2435 2880 ’ἐμήνυσεν
2493 2806 2821 2861 εἰδωλόθυτα
2874 2802 3040 2863 εἶναι.
3099 2806 3221 2859 Πᾶν
3273 2804 3331 2857 τὸ
3376 2804 3428 2855 ἐν
3454 2798 3659 2875 μακέλλῳ,

2161 2901 2346 2970 φησιν,
2375 2898 2609 2965 ἐσθίετε,
2647 2898 2815 2971 μηδὲν
2853 2898 3202 2963 διστάζοντες
3229 2896 3369 2951 κατὰ
3409 2893 3661 2961 συνείδησιν,

2161 2988 2301 3061 μηδέ
2343 2989 2732 3059 ἀνακρίνοντες
2767 2989 2860 3043 καὶ
2908 2987 3304 3059 ἐπερωτῶντες
3345 2985 3409 3039 δι’
3431 2983 3587 3054 αὐτὴν,
3606 2980 3662 3032 ἵνα

2156 3080 2397 3153 ταύτην,
2427 3080 2730 3151 ἀμφίϐολον
2798 3079 2964 3137 οὖσαν
3034 3080 3434 3151 θεραπεύσητε.
3487 3076 3551 3130 Οὐ
3589 3070 3663 3141 γὰρ

2157 3172 2409 3227 ἐϐούλετο
2436 3173 2695 3227 δύσκολον
2724 3173 2907 3237 αὐτοῖς
2938 3173 3036 3242 τὴν
3063 3171 3370 3243 μετάληψιν
3388 3162 3664 3239 «opacum-

478 3276 588 3330 que
609 3262 755 3317 enim
784 3277 1062 3319 morosam
1094 3265 1310 3323 volebat
1335 3265 1416 3322 eis
1431 3265 1662 3323 reddere
1690 3266 1799 3323 cibi
1824 3266 2054 3339 partici-

2163 3282 2250 3323 σαι
2293 3266 2395 3337 τῆς
2438 3268 2666 3339 τροφῆς,
2713 3267 2803 3321 ἵνα
2837 3265 2913 3337 μὴ
2948 3267 3013 3320 ἐκ
3053 3265 3251 3320 τούτου
3282 3262 3664 3331 ὀλιγωρήσαντες,

477 3352 750 3421 pationem
773 3371 789 3409 :
816 3370 888 3410 ne
914 3369 982 3410 ex
994 3355 1096 3411 hoc
1112 3354 1290 3412 effecti
1309 3356 1750 3430 negligentiores,
1793 3367 2056 3429 tanquam

480 3444 825 3514 impossibile
841 3445 915 3501 sit
944 3456 1282 3517 praeceptum
1316 3446 1386 3504 ad
1437 3456 1687 3505 exactam
1716 3448 2054 3521 diligentiam

478 3537 798 3603 observare,
853 3539 1072 3608 penitus
1123 3554 1186 3595 se
1245 3541 1489 3599 eximant
1537 3541 1609 3596 ab
1648 3540 2053 3599 observatione.

486 3648 504 3679 ι
536 3625 682 3685 Nihil
711 3630 1094 3687 discutientes.
1154 3650 1173 3683 ι
1231 3629 1353 3687 Νοιι
1409 3631 1778 3702 dijudicautes
1816 3648 1912 3690 eos
1957 3634 2054 3705 qui

478 3723 744 3791 vendunt,
767 3740 899 3780 num
927 3724 1183 3783 fortassis
1222 3726 1589 3798 idolothytum
1638 3729 1734 3792 sit,
1793 3735 2055 3800 tanquam

480 3814 820 3872 conscientia
853 3816 1145 3885 stimulati,
1181 3827 1238 3875 et
1265 3819 1555 3889 puriﬁcarc
1586 3819 1759 3891 ipsam
1787 3820 2050 3876 volentes:

480 3909 579 3964 sed
605 3909 815 3979 absque
844 3910 1220 3979 discussione,
1241 3911 1445 3981 inquit,
1483 3926 1603 3981 qua:
1647 3911 1705 3966 in
1754 3910 1875 3968 foro
1926 3920 2055 3967 sunt

478 4001 645 4058 edite.
685 4021 706 4055 ι
741 4001 889 4057 Nihil
938 4003 1306 4061 discutientes
1331 4014 1555 4074 propter
1594 4003 2044 4061 conscientiam.»

478 4090 594 4146 lloc
646 4103 751 4155 est,
768 4093 902 4147 nihil
928 4094 1103 4165 ipsius
1133 4107 1303 4150 causa
1335 4093 1743 4165 interrogantes
1770 4102 1863 4148 aut
1892 4107 2051 4148 scru-

477 4193 683 4241 tantes.
712 4183 944 4256 Oportet
976 4187 1125 4243 enim
1152 4203 1248 4244 eos
1279 4188 1373 4260 qui
1418 4186 1592 4243 edunt
1640 4186 1844 4245 habere
1901 4186 2051 4241 illam

479 4289 672 4343 puram
706 4283 761 4330 et
788 4289 896 4331 non
927 4276 1302 4343 vacillantem,
1328 4291 1434 4333 nec
1479 4291 1619 4349 opus
1685 4276 1890 4333 habere
1942 4276 2051 4331 alia

476 4368 680 4423 mentis
705 4366 1036 4423 certitudine
1080 4382 1204 4438 qua
1239 4382 1271 4422 a
1333 4367 1685 4425 discussione
1742 4366 2047 4438 proveniat.

481 4478 499 4508 α
540 4456 759 4514 Domini
789 4458 1063 4529 siquidem
1089 4469 1177 4515 est
1201 4468 1373 4516 terra.
1409 4478 1428 4513 ι
1470 4457 1608 4517 Nam
1661 4458 1709 4516 si
1746 4469 1893 4515 terra
1944 4457 2051 4515 Do-

2159 3359 2219 3415 τδ
2251 3361 2361 3415 πᾶν
2386 3359 2488 3429 τῆς
2521 3358 2809 3430 ἀκριϐείας
2835 3356 2911 3420 ὡς
2955 3357 3229 3414 ἀδυνάτου
3261 3357 3359 3427 τῆς
3397 3352 3581 3420 ἐντολῆς
3603 3345 3666 3399 οὗ·

2161 3469 2282 3527 σης,
2317 3453 2398 3516 εἰς
2430 3452 2491 3507 τὸ
2519 3451 2858 3524 φυλαχθῆναι
2889 3448 3315 3522 παραλύσωσιν.
3357 3466 3374 3499 ι
3395 3444 3552 3516 Μηδὲν
3578 3441 3667 3493 ἀνευ

2158 3544 2458 3618 κρίνοντες.
2485 3543 2645 3613 ιηΜὴ
2690 3540 3076 3611 ἀνακρίνοντες
3121 3540 3256 3604 τοὺς
3301 3529 3667 3598 πωλοῦντας,μὴ

2157 3632 2267 3708 ἆρα
2305 3633 2654 3691 εἰδωλόθυτόν
2696 3634 2867 3700 ἐστιν,
2911 3631 2987 3697 ὡς
3017 3632 3388 3703 πληττόμενοι
3416 3627 3505 3698 τὴν
3538 3618 3666 3676 συνεί·

2156 3727 2334 3799 δησιν,
2375 3727 2473 3783 xal.
2500 3726 2799 3799 καθαρίσαι
2832 3726 3006 3796 αὐτὴν
3038 3724 3350 3787 ἐθέλοντες.
3396 3717 3555 3782 Ἀλλὰ,
3598 3730 3669 3783 φη·

2158 3824 2265 3884 σίν.
2293 3819 2582 3892 ἀζητήτως
2609 3819 2678 3874 τὰ
2705 3820 2793 3874 ἐπ’
2839 3820 3046 3893 ἀγορᾶς
3094 3820 3336 3874 ἐσθίετε.
3394 3834 3413 3870 t
3434 3811 3588 3885 Μηδὲν
3610 3804 3672 3859 iii

2154 3916 2255 3982 τὴν
2315 3913 2621 3984 συνείδησιν
2687 3913 3095 3984 ἀνακρίνοντες.
3123 3931 3143 3963 ι
3213 3911 3499 3970 Τουτέστι,
3550 3898 3673 3973 μηδὲν

2154 4005 2343 4059 ἕνεκεν
2387 4002 2561 4073 αὐτῆς
2606 4002 2994 4075 ἐπερωτῶντες
3033 4002 3136 4057 καὶ
3192 3999 3575 4074 ἀνακρίνοντες.
3612 3986 3673 4042 Δεῖ

2155 4095 2263 4167 γὰρ
2292 4095 2463 4168 αὐτὴν
2495 4094 2743 4166 καθαρὰν
2768 4096 2861 4150 καὶ
2906 4095 3239 4148 ἀδίστακτον
3269 4092 3533 4151 ἐσθίοντας
3555 4086 3674 4154 ἔχειν.

2153 4189 2249 4245 καὶ
2302 4188 2378 4261 μὴ
2431 4188 2642 4243 δεῖσθαι
2696 4188 3073 4260 πληροφορίας
3140 4186 3316 4257 ἄλλης
3363 4183 3459 4253 τῆς
3502 4178 3589 4232 ἀπὸ
3607 4171 3675 4239 τῆς

2153 4281 2516 4351 ἀνακρίσεως.
2572 4280 2723 4333 «Τοῦ
2779 4280 2890 4350 γὰρ
2938 4279 3154 4351 Κυρίου
3207 4280 3242 4348 ἡ
3276 4278 3417 4346 γῆ.»
3459 4261 3677 4351 Είτὰρ-ίί
3778 4336 3779 4351 χ

2151 4373 2224 4444 Υῆ
2271 4348 2366 4427 τνοῦ
2400 4372 2609 4446 Κυρίου
2642 4348 2803 4439 ἐστι,
2833 4348 3079 4443 δηλονότι
3107 4372 3210 4426 καὶ
3240 4372 3311 4424 τὰ
3350 4371 3407 4422 ἐν
3429 4365 3571 4434 αὐτῇ,
3598 4348 3677 4410 οἷον
3778 4348 3779 4387 ί

2151 4471 2222 4527 τά
2251 4486 2312 4522 τε
2342 4468 2480 4541 κρέα
2514 4455 2609 4525 καὶ
2640 4469 2691 4525 oi
2729 4468 2954 4541 καρποί.
2987 4468 3054 4523 Εἰ
3078 4467 3180 4524 οὖν
3221 4467 3321 4523 τοῦ
3349 4463 3543 4536 Κυρίου
3578 4458 3677 4512 ἐστιν

474 4550 610 4605 mini
641 4558 751 4616 est,
773 4550 994 4621 planum
1023 4564 1111 4608 est
1140 4551 1284 4620 quod
1315 4559 1373 4606 et
1394 4565 1459 4608 ea
1490 4565 1614 4622 qua:
1639 4550 1696 4605 in
1726 4549 1844 4620 ipsa
1870 4562 1999 4606 sunt
2026 4590 2046 4616 ,

2163 4559 2205 4614 ri
2226 4558 2539 4631 ἀνακρίνεις
2555 4576 2571 4627 ;

474 4650 605 4709 puta
624 4656 825 4697 carnes
854 4656 922 4698 ac
952 4641 1187 4699 fructus.
1221 4640 1280 4699 Si
1300 4658 1432 4713 ergo
1461 4640 1678 4700 Domini
1733 4652 1883 4708 sunt,
1916 4643 2045 4713 quid

474 4731 771 4801 dijudicas.

549 4826 616 4888 Χ,
641 4828 736 4891 27,
758 4828 849 4884 28.
880 4828 1035 4896 Quod
1066 4830 1115 4884 si
1144 4810 1262 4899 quis
1291 4829 1589 4899 inﬁdelium
1639 4849 1728 4886 sos
1753 4831 1965 4896 invitat,
1996 4840 2047 4885 et

473 4913 633 4968 ruitis
671 4915 790 4971 ire:
824 4931 978 4971 omne
1001 4918 1141 4988 quod
1171 4919 1461 4988 apponitur
1505 4918 1649 4973 vobis
1700 4919 1863 4985 edite,
1914 4917 2050 4974 niliii

473 5004 813 5062 discutient“
825 5019 1040 5077 propter
1088 5010 1490 5065 conscientiam.
1510 5008 1568 5065 Si
1596 5011 1714 5081 quis
1746 5020 1922 5066 autem
1956 5027 2046 5065 vo-

476 5097 555 5151 bis
605 5094 799 5151 dixerit
840 5114 859 5151 :
905 5098 1017 5153 Hoc
1059 5099 1413 5171 idolothytnns
1439 5111 1535 5167 est,
1590 5118 1656 5158 ne
1701 5103 1895 5169 edatis,
1919 5119 2047 5172 pro-

2221 4830 2292 4884 Ei
2330 4828 2398 4882 δέ
2418 4844 2511 4895 τις
2546 4826 2728 4884 καλεῖ
2742 4824 2898 4898 ὑμᾶς
2923 4824 3043 4881 τῶν
3078 4824 3371 4880 ἀπίστων
3404 4817 3499 4875 καί
3533 4813 3685 4871 θέλετε
3778 4808 3779 4811 “

2148 4921 2536 4991 πορεύεσθαι,
2569 4917 2695 4977 πᾶν
2737 4916 2804 4973 τὸ
2846 4918 3332 4987 παρατιθέμενον
3364 4911 3501 4982 ὑμῖν
3538 4903 3683 4961 ἐσθιε-

2148 5029 2214 5070 τε
2234 5052 2251 5078 ,
2299 5010 2495 5084 μηδὲν
2542 5010 2971 5080 ἀνακρίνοντες
3023 5007 3123 5061 διὰ
3182 5007 3311 5075 τὴν
3359 4998 3684 5101 ours-Ionam

2160 5104 2303 5163 Ἐὰν
2329 5103 2398 5157 δέ
2424 5120 2513 5170 τις
2539 5100 2683 5172 ὑμῖν
2712 5100 2854 5170 sum
2872 5116 2887 5132 ο
2931 5097 3112 5155 Τοῦτο
3140 5094 3545 5152 εἰδωλόθυτόν
3570 5094 3683 5141 ἑοιι.

477 5196 556 5243 ter
578 5186 732 5241 illum
750 5190 840 5258 qui
870 5192 1127 5260 suggessit
1157 5200 1206 5246 et
1237 5200 1449 5260 propter
1469 5195 1851 5251 conscientiam
1894 5210 1912 5251 :
1941 5194 2051 5250 ου.

2163 5197 2230 5268 νὴ
2255 5196 2512 5262 ἐσθίετε,
2548 5194 2626 5248 δι’
2659 5193 2896 5249 ἐκεῖνον
2936 5190 3046 5246 τὸν
3075 5189 3459 5262 μηνύσαντα
3497 5178 3583 5237 καὶ
3606 5173 3687 5242 τὴν

474 5279 609 5335 mini
628 5279 885 5353 siquidem
919 5290 995 5335 est
1017 5291 1157 5348 terra
1180 5291 1230 5337 et
1251 5284 1522 5354 plenitudo
1539 5287 1673 5356 ejus.

2163 5288 2527 5356 γυνείδησιν.
2565 5284 2677 5342 Τοῦ
2708 5284 2818 5358 γὰρ
2842 5283 3062 5352 Κυρίου
3095 5281 3135 5351 ἠ
3168 5278 3253 5350 τῆ
3287 5277 3392 5332 καί
3417 5277 3483 5331 τὸ
3500 5269 3688 5337 πλήρη»

2140 5395 2226 5450 μα
2257 5375 2471 5448 αὐτῆς.

2215 5469 2416 5534 Καλῶς
2461 5468 2544 5535 τδ,
2599 5466 2856 5522 «Θέλετε.
2883 5484 2903 5519 s
2944 5463 3083 5520 Οὔτε
3134 5464 3259 5538 γὰρ
3302 5452 3689 5536 προτρέψασθαι,

2144 5563 2269 5621 οὔτε
2313 5561 2733 5635 ἀποτρίψασθαι
2761 5560 2962 5625 αὐτοὺς
2991 5558 3289 5631 ἠϐούλετο.
3349 5580 3369 5611 ι
3391 5553 3566 5625 Μηδὲν
3591 5548 3694 5602 ἀντι

2144 5656 2473 5728 κρίνοντες.»
2506 5655 2691 5722 Διατί;
2717 5651 2834 5709 Ἵνα
2865 5653 2942 5725 μὴ
2966 5655 3033 5724 τῇ
3074 5651 3279 5723 πολλῇ,
3321 5650 3479 5720 φησὶ,
3507 5654 3693 5711 περιερ-

2143 5749 2259 5822 γίᾳ·
2306 5749 2597 5819 νομισθῆτε
2643 5748 2847 5819 δειλιᾷν
2879 5747 2948 5801 τά
2987 5744 3208 5801 εἴδωλα.
3274 5742 3410 5798 «Διά
3429 5740 3526 5811 τὴν
3553 5727 3697 5790 συνεί-

2143 5841 2350 5913 δησιν.»
2424 5840 2511 5905 Ὠς
2554 5839 2839 5907 θέλοντες,
2895 5838 3063 5910 φησὶ,
3120 5834 3391 5907 καθαρὰν
3449 5827 3695 5901 φνλάττέιν

554 5465 701 5521 Bone
727 5464 864 5520 dicit
896 5482 913 5520 :
959 5482 980 5518 ι
1015 5464 1079 5521 Ει
1099 5465 1264 5522 vultis
1300 5467 1400 5524 ire.
1435 5486 1456 5521 ι
1496 5468 1684 5542 Neque
1729 5473 1875 5529 enim
1909 5490 2048 5545 prm-

472 5557 662 5626 cipere
690 5555 1047 5626 voluitneqne
1070 5556 1378 5627 prohibere.
1418 5556 1592 5615 «Nihil
1624 5561 2036 5627 discutientesu

472 5647 694 5715 Quare?
723 5647 804 5705 Ne
825 5646 989 5707 anxia
1033 5648 1375 5704 scrutatione
1429 5651 1816 5709 existiuiemini
1848 5654 2041 5711 formi-

472 5740 603 5796 dare
622 5740 787 5795 idola.
820 5758 838 5791 ι
882 5737 1108 5810 Propter
1131 5739 1549 5796 conscientiam.
1588 5761 1608 5794 s
1643 5743 1922 5816 Tanquam
1945 5762 2039 5802 vo-

473 5831 648 5889 lentes
703 5847 893 5903 purain
928 5846 1147 5889 servare
1182 5838 1416 5888 vestram
1448 5836 1861 5893 conscientiam.
1927 5858 1944 5892 ι
1984 5839 2038 5895 Si
