3872 6592
197 337 310 400 789

1163 353 1548 416 COMMENT.
1589 359 1667 416 IN
1701 358 1933 420 El’IST.
1974 363 1996 420 l
2029 364 2128 422 AD
2160 364 2520 424 CORlNTl'I.

3363 343 3494 432 τω

202 447 365 518 ὑμῶν
409 452 508 522 τὴν
557 455 884 524 συνείδησιν.
931 475 950 508 ι
993 458 1118 513 Ἐὰν
1165 462 1222 514 δέ
1271 481 1355 527 τις
1407 464 1534 534 ὑμῖν
1579 467 1729 539 εἴπῃ.
1767 487 1777 517 ι

1895 469 2019 538 quis
2055 483 2233 526 autem
2257 471 2409 527 vobis
2426 472 2646 527 dixerit.
2680 493 2694 521 ι
2725 472 2904 539 Quare
2944 475 3049 544 iam
3089 491 3196 530 non
3219 461 3494 534 cdemus?‘

199 541 322 594 Ἵνα
361 544 418 596 τί
448 546 646 613 μηκέτι
695 548 977 619 ἐσθίομεν;
1015 553 1107 604 καί
1151 570 1350 625 φησιν·
1409 556 1650 628 Ἀληθῶς
1686 558 1783 627 μὲν

194 635 387 688 πάντα
429 638 525 689 τοῦ
557 638 762 709 Κυρίου
809 642 1086 707 iocunda;
1135 647 1230 699 καὶ
1263 647 1404 718 αὐτὴ
1450 651 1482 718 ἡ
1525 651 1596 718 γῆ
1630 649 1688 714 ἐξ
1717 644 1784 720 ἧς

187 724 452 779 ἐκϐαίνει
506 727 717 781 ταῦτα’
765 731 880 784 ἀλλ’
924 733 1019 786 ἐὰν
1069 736 1302 807 φάγητε,
1344 739 1442 807 τὴν
1477 740 1784 804 συνείδησιν

187 817 284 869 τοῦ
348 820 694 890 μηνύσαντος
735 822 1022 892 βλάπτετε.
1074 829 1604 900 Σκανδαλισθήσεται
1651 832 1782 902 γὰρ,

184 910 238 959 τί
265 909 488 980 δήπετε
533 913 889 979 ἀκούσαντες,
919 918 1018 972 οὐκ
1051 920 1326 990 ἀπέχεσθε
1351 955 1419 964 -
1451 922 1782 996 [ΘΕΟΔΩΡ.]

179 1000 374 1052 Τυῦτο
427 1003 487 1056 δὲ
539 1005 718 1073 λέγει,
773 1008 1106 1080 φοϐούμενος
1159 1015 1322 1084 μήπω
1368 1015 1663 1084 νομίσωσιν
1709 1017 1785 1080 ὼς

173 1092 360 1161 ἰσχὺν
394 1096 508 1149 τῶν
552 1097 786 1152 εἰδώλων
815 1101 1047 1170 ἐχόντων
1095 1104 1342 1171 γίνεσθαι
1389 1107 1487 1166 τὴν
1526 1107 1780 1163 κώλυσιν.

173 1200 196 1270 ε
231 1185 364 1238 Τοῦ
395 1188 508 1258 γὰρ
536 1190 740 1260 Κυρίου
774 1193 808 1262 ἠ
837 1194 930 1264 γῆ.
955 1213 972 1246 ι
1011 1195 1082 1248 Συ
1115 1197 1231 1266 μὲν,
1255 1198 1364 1270 γὰρ
1407 1196 1556 1262 οἶδας
1579 1201 1660 1253 ὅτι
1689 1201 1782 1254 τοῦ

165 1269 413 1341 Κυρίου
463 1277 495 1346 ή
538 1277 609 1345 γῆ
662 1280 758 1332 καὶ
797 1280 859 1334 τὸ
892 1281 1164 1354 πλήρωμα
1195 1269 1387 1356 αὐτῆς,
1421 1289 1515 1341 καὶ
1541 1289 1641 1359 τῆς
1674 1290 1784 1343 τῶν

166 1359 448 1416 εἰδώλων
508 1365 792 1434 ἀσθενείας
847 1379 1228 1443 καταφρονεῖς.
1298 1378 1537 1442 Ἐκεῖνος
1593 1380 1652 1432 δὲ
1716 1383 1782 1452 τῇ

175 1451 382 1526 πλάνῃ
435 1456 848 1528 δεδουλωμένος,
895 1462 1101 1536 βλάϐην
1155 1468 1410 1523 ἐντεῦθεν
1452 1451 1782 1543 καρποῦται,

173 1544 576 1603 εἰδωλοθύτων
635 1567 694 1603 σε
733 1553 910 1621 κρεῶν
964 1557 1407 1629 μεταλαμϐάνειν
1457 1562 1782 1634 ἡγούμενος.

171 1635 377 1690 Τοῦτο
401 1639 515 1709 γὰρ
535 1640 773 1695 διδάσκει
806 1646 876 1696 τὰ
907 1645 1054 1716 ἑξῆς.
1083 1647 1198 1702 Ἵνα
1223 1651 1277 1703 τί
1308 1652 1472 1726 γὰρὴ
1502 1655 1784 1728 ἐλευθερία

174 1733 609 1832 [ιαμ-,κρίνεται
653 1735 757 1788 ὑπὸ
799 1737 964 1808 ἄλλης
1017 1743 1415 1814 συνειδήσεως;
1468 1747 1784 1822 ἐλευθερίαν
1816 1779 1856 1832 Β

171 1821 384 1874 καλῶν
418 1825 522 1894 τὴν
560 1826 726 1896 χάριν
766 1829 867 1898 τῆς
901 1831 1160 1898 πίστεως.
1194 1837 1256 1890 Εἰ
1293 1836 1405 1904 ἐγὼ
1436 1840 1622 1911 χάριτι
1657 1859 1785 1911 μετ-

169 1911 337 1977 έλω,
390 1915 448 1965 τί
505 1915 932 1988 βλασφημοῦμαι
991 1923 1130 1994 ὑπὲρ
1168 1920 1228 1978 οὗ
1275 1926 1386 1995 ἐγὼ
1432 1930 1783 2001 εὐχαριστῶ;

170 2005 297 2094 ριίχ
354 2007 528 2072 ὅσιον,
565 2007 751 2074 φησὶν,
785 2009 944 2064 ἄλλον
977 2012 1252 2070 λωϐᾶσθαι
1279 2018 1365 2072 διὰ
1395 2021 1494 2090 τὴν
1524 2021 1664 2094 ἐμὴν
1696 2041 1783 2076 τε·

169 2093 476 2166 λειότητα.

250 2184 537 2250 Ἄλλως.
823 2191 1039 2263 Ἐπειδὴ
1074 2195 1331 2268 ἀνωτέρω
1359 2199 1448 2253 ὅτε
1481 2201 1550 2256 τὰ
1587 2204 1645 2256 ἐν
1676 2223 1782 2274 μα-

170 2277 372 2347 κέλλῳ
438 2280 762 2352 πωλούμενα
798 2285 1179 2343 οὐκέκώλυεν
1229 2291 1453 2356 ἐσθίειν,
1508 2297 1778 2366 ἐπήγαγε·

173 2387 188 2416 ο
224 2369 357 2420 Τοῦ
393 2372 602 2442 Κυρίου
633 2375 664 2443 ἡ
697 2379 766 2446 γῆ
808 2379 901 2430 καὶ
941 2379 1003 2432 τὸ
1036 2381 1311 2454 πλήρωμα
1333 2386 1554 2457 αύτῆς,›
1593 2392 1779 2445 τουτέ-

169 2475 296 2522 στι,
334 2460 408 2513 τὰ
469 2464 526 2515 ἐν
560 2465 698 2538 αὐτῇ
744 2457 942 2526 πάντα.
990 2472 1177 2527 Ταῦτα
1219 2476 1330 2546 γάρ
1377 2481 1484 2532 εἰσι
1523 2482 1589 2534 τὰ
1645 2483 1780 2553 πλη-

172 2551 401 2620 ροῦντα
435 2554 628 2626 αὐτὴν,
662 2561 864 2629 καρποὶ
897 2563 991 2616 καὶ
1026 2563 1160 2631 ζῶα,
1192 2567 1288 2621 καὶ
1319 2569 1388 2622 τὰ
1432 2571 1612 2641 ὃμοια.
1644 2551 1778 2630 Εἶτα

170 2647 408 2714 προῖὼν
441 2647 612 2716 λέγει.
646 2670 665 2704 ι
709 2653 832 2707 Ἐὰν
853 2655 910 2709 δέ
927 2675 1011 2722 τις
1027 2659 1156 2726 ὑμῖν
1185 2660 1315 2735 εἴπῃ
1331 2663 1412 2717 ὄτι
1431 2665 1776 2722 εἰδωλόθυτόν

168 2735 334 2800 ἐστι,
377 2738 457 2809 μὴ
483 2740 746 2806 scius-:5,»
790 2746 878 2801 ἵνα
905 2749 977 2819 μή
1006 2766 1086 2814 τις
1109 2752 1237 2824 εἴπῃ
1261 2770 1275 2784 ·
1303 2755 1368 2808 Τί
1390 2752 1518 2822 οὗνς
1551 2757 1646 2813 νῦν
1677 2760 1777 2814 οὐκ

168 2827 342 2879 ἔστιν
395 2831 430 2899 ή
462 2832 532 2900 γῆ
563 2832 654 2886 τοῦ
687 2836 895 2907 Κυρίου
944 2841 1039 2894 καὶ
1089 2843 1156 2896 τὰ
1203 2847 1258 2897 ἐν
1291 2847 1466 2918 αύτῇ;
1515 2848 1657 2902 Ἀλλ’
1689 2853 1777 2904 ὅτε

173 2921 290 2988 μὲν
349 2922 458 2975 οὐκ
486 2924 725 2990 ἐκώλυες
754 2930 956 2984 ἐσθίειν
976 2932 1071 2986 τοῦ
1101 2935 1304 3006 Κυρίου
1336 2933 1425 3010 ἦν,
1459 2939 1638 2994 νῦνδὲ
1675 2943 1776 2996 ούκ

170 3012 380 3079 ἕστιν;
452 3017 540 3068 Ινα
573 3018 647 3090 μὴ
673 3017 764 3074 οὖν
803 3023 876 3093 μὴ
912 3025 1005 3095 ἐξῇ
1037 3027 1192 3081 τοῦτο
1219 3030 1400 3098 λέγειν
1447 3033 1575 3099 τινὶ,
1614 3035 1778 3088 πάλιν

1886 571 1940 615 et
1970 562 2043 614 ait
2073 578 2085 613 :
2131 562 2268 618 Vere
2312 563 2532 630 quidem
2561 566 2745 620 omnia
2775 565 2989 621 Domini
3041 577 3191 633 sunt,
3245 569 3385 623 sicut
3415 579 3483 624 et-

1888 652 2006 721 ipsa
2028 662 2172 706 terra
2206 671 2273 707 ex
2297 669 2402 723 qua
2425 654 2536 709 hmc
2560 657 2828 724 prodeunt
2863 674 2876 710 :
2919 673 3107 712 verum
3141 659 3186 714 si
3217 660 3477 724 oderitis,

1886 742 2237 797 conscientiae
2281 745 2401 813 ejus
2453 745 2546 814 qui
2587 749 2862 817 suggessit
2898 759 3230 804 nocumento
3274 749 3410 806 estis
3451 769 3492 805 ε’

1886 832 2271 889 oﬂ‘endiculum
2304 837 2448 891 enim
2474 839 2731 908 patietur,
2763 842 3012 912 cogitans
3042 858 3204 912 quam
3245 847 3466 899 tandem

1887 925 1956 978 ob
1987 942 2234 992 causam,
2265 943 2389 982 cum
2424 929 2527 983 hoc
2582 933 2889 999 audieritis,
2949 950 3060 988 non
3121 934 3492 990 abstineatis.

1887 1047 1956 1057 -—-
1979 1016 2094 1072 Hoc
2127 1028 2309 1073 autem
2339 1021 2494 1086 dicit,
2528 1024 2739 1078 veritus
2770 1041 2839 1079 ne
2870 1041 2980 1095 quo
3004 1028 3164 1081 modo
3181 1027 3469 1080 cxistima~

1888 1116 2007 1160 rent
2030 1107 2233 1162 ideirco
2275 1108 2391 1164 fieri
2425 1111 2846 1180 prohibitionem
2881 1115 3037 1183 quasi
3064 1115 3206 1169 idola
3229 1116 3335 1169 vim
3365 1117 3465 1170 ali-

1885 1212 2049 1265 quam
2091 1199 2374 1255 haberent.
2413 1219 2433 1252 σ
2465 1201 2682 1258 Domini
2741 1204 3011 1274 siquidem
3068 1215 3153 1261 est
3209 1216 3376 1262 terra.
3443 1223 3489 1254 ι·

1887 1288 2098 1342 Etenim
2132 1296 2189 1342 tu
2213 1291 2358 1345 nosti
2381 1291 2529 1361 quod
2560 1293 2776 1348 Domini
2809 1281 2881 1350 sit
2911 1305 3055 1350 terra
3079 1296 3242 1366 519
3280 1306 3333 1352 et
3356 1299 3465 1366 ple-

1887 1381 2078 1436 nitudo
2131 1383 2274 1452 ejus,
2331 1392 2384 1440 et
2431 1386 2711 1442 idonorum
2751 1390 3058 1444 contemnis
3122 1390 3463 1444 imbecillita~

1889 1476 1995 1520 lem
2030 1479 2128 1524 :at
2175 1471 2265 1526 ille
2304 1487 2492 1528 errore
2548 1475 2829 1546 deceptus,
2893 1488 3285 1532 nocumeutum
3339 1480 3468 1533 inde

1886 1559 2115 1627 colligit,
2149 1571 2350 1632 putans
2399 1576 2450 1621 te
2483 1566 2597 1620 fieri
2643 1569 2963 1638 participem
3014 1572 3257 1624 carnium
3305 1572 3466 1627 idolis

1887 1647 2314 1706 immolatarum.
2364 1653 2624 1711 Namhoc
2648 1657 2846 1713 docent
2878 1674 2938 1712 ea
2966 1674 3088 1728 quae
3120 1667 3463 1728 sequuntur:

1885 1739 2063 1805 Quare
2083 1743 2226 1796 enim
2253 1743 2478 1802 libertas
2509 1763 2624 1802 mea
2656 1748 2940 1817 iudicatur
2959 1751 3027 1805 ab
3055 1751 3160 1805 alia
3178 1753 3486 1807 conScieu-‘

1887 1833 1958 1886 tia
1989 1834 2012 1886 ?
2040 1833 2343 1890 libertatem
2373 1853 2576 1894 vocans
2621 1840 2743 1896 fidei
2767 1842 3022 1912 gratiam.
3080 1841 3137 1897 Si
3185 1859 3287 1914 ego
3339 1860 3462 1898 cum

1888 1924 2062 1992 gratia
2085 1926 2376 1997 participo,
2412 1935 2472 1982 ut
2494 1929 2624 1998 quid
2666 1931 2998 1986 calumniam
3030 1933 3276 1987 sustineo
3307 1934 3372 1988 de
3399 1948 3466 1988 eo

1891 2031 1989 2084 pro
2018 2033 2125 2086 quo
2156 2019 2362 2088 gratias
2413 2022 2556 2090 ago?
2586 2020 2704 2076 Non
2733 2032 2836 2085 est,
2893 2023 3070 2091 inquit
3097 2064 3112 2088 ,
3165 2033 3414 2079 sanctum
3448 2063 3460 2086 ,

1890 2107 2055 2161 alium
2119 2109 2421 2178 depravare
2445 2120 2668 2181 propter
2701 2128 2876 2167 meam
2915 2114 3320 2183 perfectionem.

1959 2199 2078 2253 Alio
2125 2202 2300 2256 modo.
2343 2201 2614 2268 Quoniam
2657 2205 2910 2274 superius
2966 2221 3092 2261 cum
3147 2222 3210 2261 ea
3243 2221 3364 2277 qua
3405 2209 3459 2261 in

1889 2292 2119 2346 macello
2143 2293 2516 2348 venderentur
2544 2291 2707 2350 edere
2744 2297 3117 2366 permittebat,
3148 2299 3458 2368 subjunxit:

1892 2403 1909 2434 ι
1957 2383 2168 2439 Domini
2195 2393 2278 2439 est
2332 2395 2476 2442 terra
2539 2393 2594 2442 et
2633 2387 2916 2458 plenitudo
2949 2389 3095 2459 ejus,
3129 2409 3148 2441 ι
3191 2392 3292 2445 hoc
3333 2398 3417 2446 cst
3445 2431 3457 2453 ,

1885 2477 2142 2532 universa
2158 2492 2280 2546 qua:
2306 2477 2360 2532 in
2395 2493 2459 2534 ea
2487 2487 2618 2535 sunt
2645 2499 2658 2534 :
2683 2495 2808 2534 nam
2839 2481 2950 2536 hac
2982 2492 3111 2536 sunt
3134 2498 3252 2552 qua:
3284 2484 3458 2553 ipsam

1885 2567 2134 2635 implent,
2165 2566 2378 2623 fructus
2407 2583 2602 2641 nempe
2657 2578 2712 2625 et
2766 2571 3059 2639 animalia,
3117 2589 3182 2628 ac
3232 2575 3456 2629 similia.

1887 2656 2092 2712 Deinde
2136 2659 2189 2712 in
2223 2674 2520 2729 progressu
2551 2659 2728 2716 dicit:
2769 2679 2788 2712 ‹
2829 2659 2886 2716 Si
2913 2663 3040 2732 quis
3085 2672 3264 2718 autem
3295 2663 3452 2720 vobis

1884 2749 2084 2802 dixerit
2116 2750 2476 2821 idolothytum
2498 2765 2637 2816 esse,
2683 2766 2751 2806 ne
2775 2752 3007 2818 edatis,»
3061 2763 3119 2808 ut
3154 2771 3260 2808 non
3311 2755 3459 2810 dicat

1883 2841 2082 2910 aliquis
2107 2857 2123 2898 :
2173 2843 2319 2908 Quid
2347 2844 2525 2912 ergo?
2553 2860 2698 2897 nunc
2731 2843 2946 2899 Domini
2975 2855 3186 2901 nonest
3210 2857 3354 2903 terra
3403 2856 3458 2903 ct

1884 2948 2005 3003 quae
2036 2935 2091 2988 in
2121 2949 2184 2989 ea
2211 2936 2376 2990 sunt?
2404 2939 2472 2988 At
2499 2937 2720 3005 quando
2752 2939 3108 3006 permittebas
3137 2939 3320 3005 edere,
3355 2939 3460 2993 Do-

1886 3025 2024 3080 mini
2055 3035 2190 3092 crat,
2230 3043 2376 3082 nunc
2409 3038 2590 3082 autem
2632 3043 2742 3082 non
2765 3029 2889 3083 est?
2926 3028 3003 3084 Ne
3039 3031 3092 3084 id
3137 3046 3270 3100 ergo
3300 3031 3460 3086 liccat

171 3106 380 3196 τίθησι
409 3109 471 3162 τὸ
503 3111 635 3164 αὐτὸ
678 3115 769 3166 καί
798 3132 952 3185 φησι·
993 3118 1102 3171 Τοῦ
1132 3120 1340 3192 Κυρίου
1385 3125 1483 3193 μὲν
1515 3127 1548 3195 ἡ
1583 3126 1654 3196 τῆ
1687 3127 1777 3180 καὶ

1889 3120 2147 3188 cuiquam
2197 3119 2402 3185 dicere,
2438 3120 2580 3174 idem
2634 3136 2855 3176 rursum
2897 3124 3070 3192 ponit,
3097 3133 3150 3177 et
3192 3125 3312 3178 ait:
3351 3124 3458 3179 Do—

172 3195 252 3247 τὰ
285 3199 351 3248 ἐν
375 3199 542 3269 αὐτῇ,
572 3201 708 3273 ὅπερ
743 3203 1052 3275 ἔμπροσθεν
1082 3203 1256 3275 εἷπον,
1283 3211 1418 3266 ἀλλὰ
1443 3213 1532 3267 διὰ
1553 3195 1651 3268 τὸν
1673 3233 1776 3286 μη-

175 3289 442 3341 νύσαντα
471 3291 564 3343 καὶ
597 3294 693 3362 τὴν
725 3297 1030 3369 συνείδησιν
1060 3301 1247 3368 αὐτοῦ,
1275 3303 1334 3355 ού
1365 3304 1446 3358 δεῖ
1474 3305 1775 3374 γεύσασθαι

174 3379 428 3431 ἐκείνων
479 3381 586 3434 τῶν
616 3384 1001 3444 εἰδωλοθύτων.
1034 3390 1098 3443 Εἰ
1133 3391 1244 3462 γὰρ
1279 3392 1373 3445 τοῦ
1402 3394 1606 3465 Κυρίου
1636 3397 1668 3466 ἡ
1702 3397 1776 3466 γῆ

178 3467 288 3521 καὶ
330 3468 394 3519 τὸ
431 3468 706 3540 πλήρωμα
732 3473 922 3545 αὐτῆς,
949 3475 1111 3539 αὐτὸς
1139 3478 1350 3544 οὐδενὸς
1386 3482 1602 3550 ποιήσει
1633 3483 1776 3552 ὑμᾶς

180 3557 346 3626 ἐχειν
373 3559 589 3626 ἐνδεῶς,
619 3561 721 3616 κᾶν
766 3564 970 3636 ταύτης
1013 3566 1083 3620 δι’
1109 3569 1271 3622 αὐτὸν
1309 3571 1626 3642 ἀπόσχησθε
1674 3574 1778 3644 τῆς

180 3649 554 3703 εἰδωλοθύτου
606 3653 807 3724 Θοίνης.
861 3657 931 3709 Ἦ
974 3657 1100 3710 ἐπεὶ
1147 3659 1240 3712 τοῦ
1274 3660 1482 3730 Κυρίου
1515 3663 1548 3731 ἡ
1587 3662 1778 3733 γῆκαὶ

181 3743 257 3796 τὰ
283 3743 350 3794 ἐν
381 3742 540 3815 αὐτῇ,
577 3746 756 3818 πολλῷ
787 3749 986 3817 μᾶλλον
1049 3751 1141 3804 καὶ
1165 3755 1190 3805 ὁ
1219 3751 1508 3823 ἄνθρωπος
1529 3758 1558 3808 ὁ
1588 3758 1645 3808 ἐν
1679 3756 1776 3809 αύ-

182 3838 282 3904 τῇ.
335 3834 438 3887 Διὰ
459 3835 589 3903 γοῦν
625 3838 813 3891 τοῦτον
842 3839 934 3892 τὸν
960 3841 1277 3912 μηνύσαντα
1307 3845 1365 3908 ὃς
1394 3847 1510 3898 ἐστι
1539 3847 1634 3900 τοῦ
1661 3848 1779 3900 Ku-

186 3929 346 3997 ρίου,
381 3929 620 3992 καὶτοὺς
643 3931 838 3995 ἄλλους
869 3933 998 3996 ῐσως
1023 3934 1152 3997 τοὺς
1183 3935 1478 4005 μηνύοντος
1509 3937 1779 3991 ἀκούσαν-

183 4037 297 4081 τας
330 4019 419 4072 ἵνα
449 4019 521 4091 μὴ
555 4021 816 4090 βλαὸῶσι,
868 4023 944 4096 μὴ
991 4025 1223 4080 ἐσθίετε.
1257 4029 1364 4081 Τοῦ
1416 4030 1623 4099 Κυρίου
1671 4029 1779 4100 γὰρ

187 4113 226 4182 ἡ
261 4111 342 4180 γῆ
374 4112 470 4164 καὶ
499 4110 570 4164 τὰ
612 4113 672 4166 ἐν
715 4114 878 4185 αὐτῇ,
923 4114 1017 4168 xui.
1045 4117 1129 4169 δεῖ
1157 4117 1234 4180 ὡς
1280 4118 1589 4186 ὁμοδούλων
1619 4136 1780 4189 φρον-

187 4204 376 4267 τίζειν
416 4203 525 4256 τῶν
572 4205 631 4256 ἐν
669 4205 829 4276 αὐτῇ.
861 4208 935 4261 Οὐ
969 4209 1079 4277 γὰρ
1125 4209 1214 4262 ὅτε
1271 4211 1370 4278 μὲν
1403 4210 1511 4264 ἔδει
1561 4214 1777 4282 φαγεῖν,

188 4296 363 4348 τοῦτο
394 4295 502 4348 ἔδει
537 4297 759 4362 ἐννοεῖν,
797 4298 886 4352 ὅτε
919 4299 978 4352 δέ
1032 4299 1108 4371 μὴ
1149 4301 1376 4367 ἐσθίειν,
1422 4302 1579 4356 τοῦτο
1621 4320 1784 4374 παρο-

195 4387 331 4457 ρᾷν,
363 4385 481 4440 ἀλλ’
501 4386 589 4442 ἀεὶ
619 4385 880 4451 ὡσαύτως
907 4387 1146 4460 ἔχοντας,
1173 4390 1266 4444 καὶ
1293 4391 1412 4444 τότε
1442 4392 1780 4463 εὐχαρίστως

192 4478 432 4542 ἐσθίειν,
475 4477 552 4543 ὡς
581 4479 674 4532 τοῦ
701 4481 908 4551 Κυρίου
935 4483 1313 4554 παρασχόντος
1347 4485 1480 4554 ἡμῖν
1521 4487 1602 4548 εἰς
1635 4485 1780 4556 βρῶ-

195 4586 288 4622 σιν
318 4567 517 4631 ταῦτα,
563 4572 656 4625 καὶ
705 4572 800 4626 νῦν
833 4573 1061 4637 εἰκότως
1093 4574 1166 4645 μὴ
1196 4575 1418 4640 ἐσθίειν,
1455 4577 1532 4640 ὡς
1581 4577 1782 4647 φυλατ-

194 4661 470 4732 τομένους
498 4663 872 4730 σκανδαλίζειν
905 4667 1034 4730 τοὺς
1053 4665 1148 4721 τοῦ
1185 4667 1392 4739 Κυρίου
1419 4669 1640 4734 δούλους
1685 4670 1782 4726 καὶ

197 4753 534 4824 ὁμοδούλους
563 4757 597 4828 ὴ
605 4755 742 4826 μῶν.

276 4943 643 5012 Συνείδησιν
697 4944 766 4998 δὲ
817 4945 995 5015 λόγῳ,
1033 4945 1169 5013 οὐχί
1198 4946 1314 5014 τὴν
1341 4945 1578 5012 ἑαυτοῦ,
1621 4947 1782 5001 ἀλλὰ

202 5035 325 5105 τὴν
373 5035 483 5090 τοῦ
520 5035 744 5106 ἐτέρου.
784 5037 919 5091 Ἵνα
969 5037 1028 5091 τι
1081 5039 1194 5108 γὰρ
1235 5040 1272 5107 ἠ
1323 5038 1630 5107 ἐλευθερία
1664 5057 1782 5110 μου

198 5131 472 5199 κρίνεται
523 5129 643 5183 ὑπὸ
694 5128 890 5197 ἄλλης
947 5130 1393 5196 συνειδήσεως;
1439 5134 1492 5185 εἰ
1541 5131 1612 5184 δὲ
1669 5131 1784 5201 ἐγὼ

198 5223 400 5292 χάριτι
434 5220 696 5291 μετέχω,
737 5223 795 5276 τι
833 5223 1336 5293 βλασφημοῦμαι,
1374 5224 1526 5294 ὑπὲρ
1559 5221 1631 5281 οὗ
1667 5225 1783 5294 ἐγὼ

199 5308 590 5380 εὐχαριστῶ;
657 5311 794 5365 Εἴτε
860 5309 975 5368 οὖν
1029 5313 1293 5378 ἐσθίετε,
1369 5315 1489 5368 εἴτε
1557 5315 1783 5380 πίνετε,

199 5403 324 5457 εἴτε
355 5402 415 5455 τί
441 5402 681 5465 ποιεῖτε,
710 5402 907 5456 πάντα
933 5407 1020 5469 εἰς
1041 5403 1230 5468 δόξαν
1269 5403 1416 5459 Θεοῦ
1443 5407 1682 5459 ποιεῖτε.

283 5512 302 5544 ι
330 5491 664 5562 Συνείδησιν.
693 5511 712 5543 ι
765 5492 878 5563 τὴν
922 5493 1016 5546 τοῦ
1046 5493 1305 5562 Ἕλληνος
1343 5493 1436 5546 τοῦ
1467 5493 1784 5564 καταμηνύ-

209 5600 428 5645 σαντος,
462 5582 548 5636 ἵνα
580 5583 654 5654 μὴ
687 5582 880 5655 βλαὸῇ.
916 5584 1061 5639 «Ἵνα
1085 5585 1138 5637 τί
1164 5587 1273 5655 γὰρ
1299 5587 1332 5655 ἡ
1365 5585 1645 5657 ἐλευθερία
1678 5604 1780 5656 μου

209 5678 500 5748 κρίνεται;
541 5694 560 5726 ι
621 5676 735 5729 Ἵνα
791 5679 865 5747 μή
920 5693 1002 5739 τις
1059 5678 1211 5746 εἴπῃ·
1257 5677 1355 5730 Διὰ
1407 5677 1504 5748 μὲν
1534 5679 1630 5748 τὴν
1675 5679 1783 5731 τῶν

208 5768 455 5838 ἀδελφῶν
483 5768 784 5840 συνείδησιν
814 5767 920 5823 τῶν
948 5767 1354 5839 βλαπτομένων,
1381 5769 1558 5832 καλῶς
1588 5770 1780 5838 φαγεῖν

1804 4450 1858 4510 D

1887 3209 2016 3263 mini
2041 3211 2258 3280 quidem
2291 3222 2375 3265 est
2405 3221 2547 3266 terra
2572 3221 2628 3267 et
2664 3229 2788 3283 qua:
2813 3214 2867 3268 in
2899 3230 2963 3269 ea
2996 3224 3147 3281 sunt,
3180 3217 3322 3284 quod
3360 3232 3460 3270 an-

1881 3309 1964 3353 tea
1987 3302 2100 3356 dixi
2133 3317 2148 3356 :
2180 3302 2275 3357 sed
2310 3314 2536 3374 propter
2567 3304 2718 3358 illum
2765 3305 2859 3374 qui
2891 3307 3170 3377 suggessit
3200 3319 3254 3363 et
3283 3309 3455 3376 ipsius

1878 3393 2298 3458 conscientiam,
2343 3410 2453 3450 non
2493 3407 2711 3466 oportet
2763 3397 2984 3452 illorum
3019 3408 3240 3468 gustare
3284 3399 3456 3454 idoio—

1881 3487 2057 3557 thyla.
2088 3485 2224 3541 Nam
2254 3488 2302 3542 si
2336 3483 2689 3544 Domini’est
2707 3496 2854 3544 terra
2891 3498 2946 3545 et
3000 3490 3280 3560 plenitudo
3313 3492 3452 3559 ejus,

1880 3577 1998 3648 ipse
2031 3577 2194 3632 faciet
2222 3592 2322 3634 vos
2349 3579 2504 3634 nullo
2523 3593 2704 3650 egere,
2730 3580 2893 3634 etiam
2935 3580 2983 3635 si
3013 3589 3235 3650 propter
3254 3581 3454 3651 ipsum.

1880 3670 1984 3726 hoc
2030 3669 2455 3742 idolothytorum
2491 3672 2616 3727 cibo
2648 3671 2996 3728 sbstineatis.
3026 3673 3134 3726 Aut
3162 3671 3209 3726 si
3244 3670 3455 3726 Domini

1879 3771 1963 3818 est
1991 3770 2163 3829 terra,
2203 3770 2258 3818 et
2287 3778 2410 3835 qua:
2450 3765 2502 3818 in
2541 3777 2604 3819 ea
2636 3773 2790 3827 sunt,
2848 3763 3023 3818 multo
3077 3763 3253 3833 magis
3295 3763 3461 3817 homo

1880 3853 1972 3920 qui
2011 3854 2066 3908 in
2083 3868 2146 3909 ea
2169 3861 2253 3909 est
2295 3861 2558 3923 :pr0pter
2593 3853 2739 3906 hunc
2768 3867 2903 3922 ergo
2935 3851 3028 3921 qui
3073 3851 3453 3922 suggessitqoi

1881 3943 2101 3999 Domini
2134 3954 2242 4009 est,
2271 3945 2521 4014 aliosque
2555 3943 2812 4000 fortassis
2835 3945 2928 4014 qui
2996 3943 3289 3998 audierunt
3323 3959 3457 4010 sug-

1879 4043 2181 4107 gerentem,
2229 4051 2298 4091 ne
2357 4037 2615 4091 damnum
2676 4037 3005 4106 recipiant:
3079 4051 3189 4090 non
3254 4036 3453 4089 edatis.

1882 4125 2098 4181 Domini
2133 4126 2404 4196 siquidem
2439 4135 2522 4181 est
2551 4136 2720 4193 terra,
2756 4135 2812 4182 et
2840 4142 2963 4197 quae
2995 4127 3048 4180 in
3086 4142 3149 4181 ea
3189 4135 3339 4190 sunt,
3403 4139 3459 4181 et

1881 4233 2271 4273 conservorum
2303 4232 2488 4273 curam
2514 4219 2718 4274 habere
2749 4226 2965 4289 oportet
2995 4219 3090 4289 qui
3116 4219 3170 4273 in
3201 4234 3264 4274 ea
3303 4227 3454 4274 sunt.

1881 4308 2069 4378 Neque
2101 4309 2245 4362 enim
2274 4323 2398 4363 cum
2419 4309 2582 4364 edere
2613 4310 2875 4379 oportuit,
2895 4310 3255 4366 conveniebat
3276 4311 3453 4365 solum

1887 4395 1991 4452 hoc
2016 4397 2345 4468 intelligere,
2373 4406 2428 4453 et
2456 4400 2679 4470 quando
2705 4415 2815 4455 non
2876 4409 2964 4456 est
3013 4399 3284 4455 edendum
3341 4408 3454 4453 tum

1884 4489 2182 4558 negligere,
2221 4490 2318 4544 sed
2367 4505 2582 4562 semper
2623 4492 2814 4547 eodem
2887 4492 3049 4546 modo
3088 4507 3146 4546 se
3199 4491 3397 4545 habere
3441 4506 3452 4518 ·

1883 4587 1937 4634 et
1981 4589 2113 4633 tunc
2143 4580 2370 4636 edentes
2402 4581 2607 4651 gratias
2647 4596 2812 4650 agere
2853 4581 3000 4650 quod
3036 4579 3301 4636 Dominus
3343 4583 3468 4634 haec

1885 4670 2042 4726 vobis
2069 4670 2122 4724 in
2147 4672 2469 4728 alimentum
2505 4674 2824 4742 praebuerit,
2848 4681 2904 4728 et
2946 4687 3094 4726 nunc
3125 4673 3316 4727 merito
3346 4688 3456 4727 non

1883 4762 2064 4824 edere,
2091 4771 2352 4834 tanquam
2375 4764 2733 4838 observantes
2758 4779 2824 4821 ne
2845 4763 3175 4820 oﬂ‘endiculo
3202 4766 3323 4818 sitis
3339 4780 3458 4819 ser-

1884 4854 1967 4908 vis
1985 4850 2224 4920 Domini,
2250 4855 2560 4924 vestrisque
2577 4854 2883 4909 conservis.

1956 4943 2219 5009 X,29-5|.
2260 4943 2429 5000 Porro
2457 4947 2829 5000 conscientiam
2853 4945 2996 5010 dico,
3038 4963 3140 5000 non
3171 4955 3340 5010 tuam,
3364 4947 3456 5002 sed

1883 5036 2126 5092 alterius.
2180 5037 2290 5093 Cur
2324 5037 2462 5091 enim
2512 5038 2726 5092 libertas
2758 5053 2874 5092 mea
2923 5037 3202 5108 judicatur
3229 5039 3296 5092 ab
3343 5041 3459 5092 alia

1884 5129 2205 5183 conscientia
2224 5130 2250 5183 Ρ
2275 5129 2426 5193 Quod
2474 5131 2520 5182 si
2549 5146 2640 5199 ego
2661 5131 2836 5199 gratia
2868 5131 3148 5199 participo,
3191 5147 3286 5184 cur
3310 5131 3372 5184 ob
3399 5130 3456 5182 id

1888 5223 2017 5275 mihi
2041 5222 2393 5286 maledicitur,
2428 5238 2522 5292 pro
2547 5237 2649 5292 quo
2677 5239 2769 5292 ego
2817 5224 3025 5294 gratias
3082 5241 3178 5295 ago
3217 5225 3241 5278 ?
3293 5224 3457 5294 520

1886 5313 2006 5369 Sive
2037 5314 2198 5381 igitur
2227 5315 2381 5367 editis
2407 5314 2513 5368 sive
2544 5314 2743 5382 bibitis,
2769 5315 2876 5370 sive
2893 5316 3020 5386 quid
3051 5317 3249 5387 facitis,
3276 5319 3458 5371 omnia

1884 5403 1939 5454 in
1967 5399 2192 5471 gloriam
2259 5399 2354 5454 Dei
2402 5400 2580 5469 facile.

1963 5514 1981 5547 ι
2015 5492 2444 5549 Conscientiam.
2485 5512 2504 5545 ι
2547 5492 2722 5549 Graeci
2755 5494 3029 5558 uidelicet,
3061 5495 3176 5549 sive
3213 5493 3450 5561 gentilis.

1885 5588 1978 5658 qui
2015 5584 2310 5655 suggessit,
2340 5600 2406 5639 ne
2433 5585 2693 5638 damnum
2719 5585 2978 5654 patiatur.
3025 5603 3042 5634 ι
3080 5583 3185 5636 Cur
3208 5583 3350 5636 enim
3382 5584 3452 5636 li-

1889 5679 2072 5732 bertas
2104 5691 2224 5732 mea
2257 5676 2574 5746 iudicatur?
2598 5674 2675 5730 Ne
2700 5675 2824 5743 quis
2850 5676 2996 5729 dicat
3019 5693 3030 5726 :
3061 5675 3206 5728 Bene
3232 5673 3451 5742 quidem

1887 5768 2052 5825 cdere
2105 5767 2459 5838 prohibemur
2507 5775 2724 5836 prepter
2770 5765 2998 5818 fratrum
3056 5765 3451 5819 conscientiam
