3872 6572
169 333 268 396 793

1079 337 1468 399 COMMENT.
1513 340 1592 398 IN
1628 340 1915 400 EPIST.I
1947 343 2046 402 AD
2082 343 2445 404 CORINTH.

3296 344 3410 408 794

170 469 250 506 ναι
296 451 409 504 ἀπὸ
453 451 549 504 τοῦ
582 451 816 521 Χριστοῦ
875 453 1014 523 ὑπὲρ
1059 455 1168 508 τῶν
1207 454 1451 524 ἀδελφῶν
1495 473 1596 526 μου
1639 457 1730 508 καὶ

1846 457 2007 526 ηρείυε
2033 457 2347 512 utilitatem.
2391 473 2409 506 ι
2451 452 2630 510 Veluti
2660 469 2784 509 cum
2812 453 3030 510 dicebat
3065 474 3079 510 :
3110 475 3127 507 ι
3162 454 3408 517 Outarim

169 544 270 598 τῶν
303 543 587 610 συγγενῶν
628 560 782 612 μου.»
823 545 995 598 Τοῦτο
1043 546 1152 617 γὰρ
1196 547 1428 617 μίμησις
1469 544 1730 611 Χριστοῦ,

170 636 225 692 τὸ
245 637 319 706 μὴ
359 635 576 699 ἑαυτοῦ,
602 636 738 689 ἀλλὰ
767 637 876 690 τῶν
935 638 1162 705 πλησίον
1194 637 1474 708 κήδεσθαι.
1531 655 1549 688 ι
1573 637 1733 691 Ἀλλά

171 729 228 782 τὸ
251 728 364 781 τῶν
391 727 622 782 πολλῶν.
654 747 670 779 ι
700 758 770 769 --
796 728 996 801 [ΦΩΤ.]
1022 730 1094 782 Τὸ
1135 729 1242 782 τῶν
1289 728 1522 792 πολλῶν,
1575 728 1730 796 φησὶ.

171 821 469 891 συμφέρον,
501 821 645 892 ἢπερ
677 821 736 873 τὸ
765 821 1024 890 ἐμαυτοῦ.
1078 819 1296 892 Ἐπειδὴ
1352 821 1481 874 ἔνιοι
1511 819 1734 891 ζητοῦσι

174 914 266 982 μὲν
296 913 358 964 τὺ
401 911 511 964 τῶν
554 912 790 976 πολλῶν,
824 912 974 966 ἄλλοι
1009 913 1106 982 μὲν
1147 913 1234 966 ἵνα
1275 913 1614 984 κερδήσωσιν
1636 913 1735 963 a6-

169 1002 274 1055 τῶν
301 1001 398 1071 τὴν
447 1000 661 1055 εὔνοιαν
701 1002 792 1055 ἐπὶ
820 1002 882 1055 τὸ
911 1006 1061 1071 σφῖσι
1093 1001 1426 1065 λυσιτελοῦν,
1476 1003 1524 1054 οἱ
1547 1001 1603 1054 δὲ
1645 1002 1736 1054 ἵνα

172 1093 298 1161 παρ’
334 1091 516 1144 αὐτῶν
555 1091 938 1156 ὲπαινεθῶσιν,
979 1091 1028 1144 oi
1059 1093 1116 1145 δὲ
1139 1093 1227 1146 ἵνα
1255 1092 1416 1146 ἄλλου
1444 1091 1590 1154 τινὸς
1619 1092 1737 1143 ἐπι-

167 1183 370 1254 τύχωσι
417 1183 687 1247 τοιούτου,
740 1183 902 1248 αὐτὸς
942 1183 1217 1237 δείκνυσιν
1257 1183 1342 1252 ἐφ’
1392 1185 1498 1252 ὅτῳ
1553 1183 1736 1246 αὐτοῖς

168 1274 499 1327 ισπούδασεν
524 1275 806 1346 ἀρέσκειν,
841 1275 934 1327 καί
968 1291 1152 1345 φησιν,
1195 1275 1278 1328 ὅτι
1311 1275 1403 1327 ἐπὶ
1430 1275 1490 1328 τὸ
1511 1274 1737 1336 ἐκείνοις

169 1367 448 1438 συμφέρον
477 1367 574 1421 καὶ
611 1367 710 1438 οὐχ
745 1367 935 1431 ἁπλῶς
968 1367 1269 1437 συμφέρον,
1301 1366 1414 1420 ἀλλ’
1460 1365 1540 1420 ἔτι
1571 1366 1737 1435 σαφέ-

167 1475 378 1529 στερον,
407 1459 496 1514 ῐνα
518 1459 758 1523 σωθῶσι,
787 1459 942 1529 φησί.

759 1713 1005 1768 necta.
1049 1716 1142 1782 cr.

181 1823 306 1894 napi
333 1824 669 1895 σχίσματος
710 1825 945 1894 ἀνδρῶν
982 1826 1081 1881 καὶ
1113 1824 1412 1894 γυναικῶν
1437 1827 1508 1880 ἐν
1527 1826 1738 1896 εὐχαῖς

677 1896 780 1951 καί
808 1899 1215 1966 προφητείαις.

257 1985 508 2042 Ἐπαινῶ
555 1987 624 2042 δὲ
669 1987 846 2058 ὑμᾶς,
904 1990 1178 2060 ἀδελφοὶ,
1238 1993 1329 2048 ὅτι
1377 1990 1576 2045 πάντα
1615 2007 1736 2059 μου

183 2078 494 2148 μέμνησθε,
536 2081 633 2134 καί
667 2079 862 2147 καθὼς
893 2083 1210 2151 παρέδωκα
1235 2084 1380 2154 ὑμῖν
1403 2083 1512 2151 τὰς
1549 2100 1737 2152 παρα-

179 2170 370 2238 δόσεις
400 2172 696 2240 κατέχετε.
732 2172 893 2227 Θέλω
923 2173 993 2228 δὲ
1031 2174 1188 2245 ὑμᾶς
1222 2175 1441 2231 ειδέναι
1465 2177 1555 2230 ὅτι
1594 2190 1737 2229 παν-

168 2264 277 2331 τὸς
306 2265 516 2330 ἀνδρὸς
539 2267 577 2332 ἠ
609 2264 842 2334 κεφαλὴ
872 2269 904 2320 ὀ
931 2269 1187 2336 Χριστός
1207 2269 1360 2324 ἐστι.
1395 2267 1639 2338 Κεφαλὴ
1671 2266 1740 2321 δὲ

159 2355 450 2424 γυναικὸς
471 2357 504 2408 ὁ
522 2354 698 2424 ἀνήρ.
724 2358 971 2425 Κεφαλὴ
989 2357 1058 2411 δὲ
1083 2359 1342 2427 Χριστοῦ
1371 2362 1405 2414 ὁ
1431 2360 1597 2424 Θδός.
1614 2359 1739 2426 Πᾶς

156 2447 323 2515 ἀνὴρ
341 2447 827 2516 προσευχόμενος
843 2450 881 2517 ἣ
896 2455 1292 2520 προφητεύων
1306 2452 1454 2506 κατὰ
1469 2450 1702 2520 κείραλῆ
1707 2471 1740 2518 ς

161 2540 344 2608 ἔχων,
379 2541 770 2610 καταισχύνει
821 2541 937 2608 τὴν
991 2542 1271 2612 κεφαλὴν
1323 2545 1533 2600 αὐτοῦ.
1568 2544 1741 2599 Πᾶσα

157 2630 237 2685 δὲ
285 2630 434 2701 γυνὴ
482 2635 938 2701 προσευχομένη
983 2633 1022 2702 ἦ
1079 2636 1542 2704 προφητεύουσα
1591 2637 1739 2702 ἀκατ

157 2722 523 2789 tumidam)
545 2721 618 2789 τῇ
645 2722 1297 2794 κεφαλῇ,καταισχύνει
1327 2727 1442 2794 τὴν
1465 2727 1744 2794 κεφαλὴν

158 2813 374 2880 αὐτῆς.
411 2815 524 2868 Ἐν
562 2818 672 2883 γάρ
701 2815 834 2870 ἐστι
873 2815 974 2870 καὶ
1007 2818 1076 2871 τὸ
1104 2818 1252 2872 αὐτὸ
1282 2817 1356 2886 τῇ
1377 2819 1739 2888 ἐξυρημένῃ.

239 2906 736 2976 Μέμφεταιαὺτοῖς
787 2907 871 2961 ὅτι
912 2907 969 2960 αί
1005 2907 1118 2979 μὲν
1135 2912 1415 2978 γυναῖκες,
1455 2911 1741 2965 ἀκατακα-

157 2999 352 3070 λύπτῳ
391 3001 458 3070 τῇ
498 3000 707 3071 κεφαλῇ
739 3001 832 3054 καὶ
881 2999 1109 3072 ηὔχοντο
1157 3003 1254 3056 καὶ
1309 3004 1739 3074 ὲπροεφήτευον.

1835 547 2120 600 anathema
2159 561 2282 600 esse
2315 562 2343 598 a
2371 545 2591 601 Christo
2633 561 2732 616 pro
2752 545 3017 600 fratribus
3045 548 3182 601 meis
3213 557 3266 602 et
3313 564 3400 602 co-

1835 636 2013 706 gnatis
2041 637 2176 690 meis
2214 638 2283 690 ".
2330 654 2350 687 ι
2391 635 2502 690 iloc
2535 644 2716 690 autem
2764 635 2968 690 Christi
3022 637 3256 691 imitatio
3303 647 3412 703 est,

1835 742 1942 781 non
1964 742 2208 796 quaerere
2239 741 2418 780 meum
2454 725 2828 790 commodum,
2872 725 2966 780 sed
3005 725 3270 794 proximis
3287 739 3415 792 pro-

1835 818 2037 872 videre.
2079 837 2096 868 ‹
2133 816 2240 872 Sed
2267 816 2592 871 multorum.
2625 836 2644 870 ι
2689 815 3007 880 Multorum,
3037 815 3235 884 inquit,
3260 830 3416 869 com-

1836 911 2054 964 modum
2089 910 2261 980 magis
2277 924 2484 979 quaero,
2524 925 2688 979 quam
2721 925 2921 964 meum.
2958 907 3412 976 Quandoquidem

1835 1001 2087 1057 nonnulli
2117 1002 2418 1054 multorum
2441 1007 2695 1068 quierunt
2714 1000 3064 1054 commodum
3098 1016 3110 1051 :
3151 999 3239 1052 alii
3278 1013 3417 1053 sane

1839 1103 1898 1147 ut
1928 1093 2144 1146 illorum
2185 1091 2534 1145 lucrifaciant
2561 1090 3030 1154 benevolentiam,
3103 1090 3158 1144 in
3204 1089 3311 1143 hoc
3361 1096 3419 1143 ut

1836 1185 1940 1238 sibi
1965 1185 2179 1254 prosint
2213 1201 2226 1237 :
2259 1183 2484 1253 quidam
2544 1197 2675 1238 vero
2739 1191 2799 1236 ut
2839 1181 2908 1235 ab
2957 1182 3036 1234 eis
3106 1182 3417 1244 laudentur,

1837 1277 1929 1332 alii
1957 1286 2016 1330 ut
2041 1277 2187 1331 aliud
2221 1276 2501 1346 quidpiam
2535 1275 2714 1328 simile
2761 1275 2831 1330 ab
2875 1274 2956 1328 eis
2994 1280 3362 1342 assequuntur
3399 1289 3417 1330 :

1837 1368 2079 1424 ostendit
2113 1367 2328 1438 ipse'ad
2357 1365 2489 1436 quid
2525 1365 2633 1420 illis
2669 1365 2886 1434 placere
2919 1364 3212 1424 studuerit,
3245 1371 3300 1416 et
3326 1361 3407 1414 ait

1837 1459 1983 1530 quod
2022 1460 2092 1513 ob
2124 1459 2472 1514 commodum
2534 1458 2778 1527 ipsorum
2817 1475 2832 1523 ;
2879 1472 2980 1512 nec
3033 1457 3417 1524 qualecunque

1836 1550 2206 1615 commodum,
2241 1549 2332 1604 sed
2368 1547 2708 1604 manifestius
2733 1548 2984 1602 adhucut
3031 1546 3167 1602 salvi
3231 1545 3359 1598 fiant
3399 1584 3416 1608 ,

1838 1639 2037 1711 inquit.

2395 1733 2555 1803 522
2583 1729 2814 1786 CAPUT
2840 1729 2930 1785 Vl.

1839 1850 1916 1904 De
1941 1849 2169 1903 dissidio
2197 1848 2432 1903 virorum
2465 1863 2530 1900 ac
2556 1846 2837 1900 mulierum
2866 1845 2921 1898 in
2951 1841 3344 1912 precationibus
3369 1850 3419 1896 et

2469 1917 2784 1985 prophetiis.

1907 2007 2000 2069 XI.
2030 2006 2150 2062 2-5.
2177 2003 2442 2062 Collaudo
2464 2013 2644 2056 autem
2671 2019 2781 2064 vos.
2825 2001 3018 2070 fratres
3045 2039 3059 2063 ,
3113 1999 3252 2070 quod
3301 2017 3418 2053 om-

1838 2101 1984 2156 nium
2016 2113 2132 2167 qua
2161 2113 2277 2150 mea
2295 2105 2415 2149 sunt
2448 2109 2702 2148 memores
2723 2094 2952 2158 sitis,et,
2970 2090 3418 2163 quemadmodum

1839 2190 2038 2244 tradidi
2067 2189 2232 2247 vobis.
2281 2188 2528 2241 instituta
2551 2185 2787 2240 servetis.
2836 2184 2943 2240 Sed
2991 2183 3109 2238 uolo
3149 2199 3236 2238 vos
3283 2184 3422 2236 scire

1837 2277 1973 2346 quod
1986 2275 2158 2330 omnis
2191 2273 2291 2328 uiri
2320 2282 2479 2342 caput
2503 2273 2759 2328 Christus
2789 2280 2891 2334 est,
2920 2280 3078 2340 caput
3103 2281 3279 2324 autem
3306 2289 3422 2324 mu-

1841 2367 1986 2422 lieris
2017 2368 2118 2430 vir,
2139 2376 2298 2434 caput
2326 2381 2445 2420 vero
2461 2363 2666 2420 Christi
2692 2363 2856 2418 Deus.
2913 2363 3104 2418 Omnis
3140 2364 3219 2417 uir
3261 2379 3420 2422 orans

1839 2468 1932 2512 aut
1971 2457 2287 2528 prophetam
2317 2457 2513 2511 habens
2560 2457 2835 2526 quidpiam
2884 2455 2941 2509 in
3009 2455 3198 2523 capite,
3229 2453 3422 2522 probro

1839 2551 1994 2620 allicit
2024 2559 2180 2619 caput
2211 2565 2388 2605 suum.
2426 2548 2613 2604 Omnis
2635 2563 2752 2602 vero
2787 2547 2978 2601 mulier
2993 2563 3152 2600 orans
3181 2555 3272 2600 aut
3300 2561 3424 2615 pro-

1839 2641 2060 2709 phetans
2081 2657 2183 2694 non
2213 2651 2393 2708 operto
2423 2640 2618 2706 capite,
2647 2637 2852 2709 pudore
2865 2639 3024 2708 afﬁcit
3054 2646 3212 2705 caput
3237 2653 3420 2692 suum:

1842 2747 1966 2784 nam
1992 2745 2158 2784 unum
2194 2739 2345 2785 estet
2378 2729 2518 2784 idem
2553 2746 2615 2783 ac
2655 2730 2703 2784 εἰ
2727 2746 2856 2784 rasa
2888 2739 3050 2783 08861.

1912 2917 2150 2968 Accusat
2197 2928 2292 2968 eos
2313 2911 2458 2981 quod
2487 2912 2748 2967 mulieres
2802 2911 3027 2981 quidem
3079 2913 3259 2981 capite
3311 2926 3419 2965 non

1842 3012 2033 3074 operto
2053 3005 2286 3059 orabant
2315 3018 2380 3058 ac
2406 3003 2804 3072 prophetabant
2839 3018 2854 3054 :
2878 3002 2982 3056 viri
3016 3011 3198 3056 autem
3221 3007 3425 3057 (ποιητιιί

160 3092 235 3145 0i
272 3090 327 3144 δὲ
370 3089 565 3161 ἄνδρες
599 3093 694 3143 καὶ
743 3093 982 3162 ἐκόμων,
1039 3094 1133 3146 καὶ
1187 3094 1739 3166 κατακεκαλυμμένα

1846 3106 2020 3162 erant,
2051 3105 2108 3152 et
2138 3098 2314 3166 capite
2358 3103 2520 3150 erant
2552 3104 2744 3162 operto
2784 3095 2837 3148 in
2871 3095 3186 3163 precatione
3211 3109 3276 3147 ac
3299 3107 3426 3161 pro-

156 3179 306 3255 ἦσαν
333 3183 431 3255 τὴν
459 3183 721 3254 κεφαλὴν,
751 3186 810 3237 ἐν
840 3189 906 3254 τῇ
935 3185 1065 3256 εὐχῇ
1097 3185 1189 3238 καὶ
1219 3188 1532 3260 προφητείᾳ
1555 3229 1571 3253 ,
1619 3187 1741 3242 ἆτι-

158 3293 234 3329 να
277 3274 610 3346 Ἑλληνικῶν
654 3271 724 3346 ἦν
767 3275 924 3331 ὲθῶν.
952 3278 1258 3330 Αίνίττεται
1296 3278 1353 3330 δὲ
1377 3280 1458 3331 ὅτι
1488 3281 1582 3334 καὶ
1637 3298 1742 3332 πα-

162 3368 298 3439 ρὼν.
333 3369 462 3438 περὶ
509 3367 712 3421 τούτων
751 3370 932 3432 αὐτοῖς
958 3370 1244 3432 διείλεκτο,
1268 3365 1344 3424 ὧν
1373 3372 1424 3424 oi
1461 3372 1559 3442 μὲν
1591 3373 1742 3427 ἐπεί-

162 3461 397 3530 σθησαν.
432 3460 525 3525 οῦς
558 3463 651 3514 καὶ
684 3463 916 3527 ἐπαινεῖ,
942 3465 994 3516 οἱ
1021 3463 1078 3517 δὲ
1110 3461 1196 3525 οὓ,
1237 3463 1377 3535 πρὸς
1414 3463 1508 3529 οὓς
1538 3465 1740 3536 προῖὼν

162 3553 354 3623 φησίν.
380 3555 444 3606 Ei
472 3554 530 3606 δέ
551 3571 633 3617 τις
669 3553 816 3607 δοκεῖ
845 3555 1148 3625 φιλόνεικος
1180 3552 1340 3616 εἶναι,
1372 3559 1532 3628 ἡμεῖς
1561 3557 1739 3610 τοιαύ-

158 3660 265 3710 την
294 3641 586 3712 συνήθειαν
635 3644 734 3696 οὑκ
768 3644 984 3714 ἔχομεν.
1023 3647 1175 3699 «Ὅτι
1223 3647 1454 3700 πάντοτέ
1491 3664 1590 3718 μου
1638 3648 1737 3717 μέ·

164 3732 434 3803 μνησθε.»
478 3733 586 3787 Καί
615 3751 697 3787 τοι
726 3735 856 3804 περὶ
882 3735 976 3788 τοῦ
1013 3738 1086 3806 μὴ
1109 3739 1285 3808 κομᾷν
1315 3739 1344 3789 6
1384 3737 1541 3805 λόγος
1565 3736 1737 3806 αὑτῷ,

163 3823 308 3894 μηδὲ
354 3823 702 3894 κεκαλύφθαι
735 3826 792 3878 ἐν
821 3826 951 3895 εὐχῇ
988 3827 1082 3879 καὶ
1117 3827 1422 3898 προφητείᾳ
1449 3827 1548 3896 τὴν
1570 3845 1741 3895 κεφα-

158 3917 281 3989 λήν.
308 3917 435 3981 Πῶς
463 3913 556 3970 οῦν
593 3934 754 3986 φησιν
785 3918 888 3982 ὅτι,
921 3919 1188 3972 «Πάντοτε
1227 3936 1328 3990 μου
1361 3919 1670 3988 μέμνησθε;
1714 3937 1734 3968 s

157 4010 444 4079 πρόφασιν
475 4007 694 4076 εὔλογον
725 4007 926 4082 λαϐὼν,
969 4010 1188 4079 ὲπαίρει
1229 4012 1341 4071 τοῖς
1371 4010 1614 4072 ἐπαίνοις
1642 4010 1741 4063 αὺ-

159 4101 312 4164 τούς.
363 4098 508 4170 Πρὸς
533 4098 644 4168 γὰρ
681 4098 808 4162 τοὺς
858 4098 1275 4162 ὑπακούσαντας
1301 4101 1329 4152 6
1361 4099 1518 4166 λόγος
1569 4097 1736 4168 αὐτῷ,

160 4191 286 4260 οὗχὶ
316 4190 450 4258 περὶ
489 4189 599 4243 τῶν
651 4189 724 4260 μὴ
759 4190 1209 4244 ὑπακουσάντων.
1259 4209 1277 4241 ι
1309 4189 1460 4242 Θέλω
1491 4190 1546 4243 δὲ
1595 4191 1740 4259 ὑμᾶς

160 4282 424 4335 εἰδέναι.»
459 4280 601 4351 Πρὸς
637 4281 762 4343 τοὺς
791 4279 1112 4344 πεισθέντας
1143 4281 1221 4351 τῷ
1248 4281 1392 4352 λόγῳ
1424 4281 1597 4350 τούτῳ
1626 4281 1741 4334 δια-

1850 3189 2056 3260 phetia.
2086 3187 2218 3254 Quae
2248 3202 2382 3243 sane
2402 3184 2719 3240 Graecorum
2754 3200 2939 3240 mores
2961 3194 3141 3239 erant.
3175 3184 3426 3238 Insinnat

1845 3279 2012 3334 etiam
2039 3277 2186 3348 quod
2219 3287 2462 3346 praeSens
2495 3276 2636 3346 apud
2665 3277 2813 3346 ipsos
2855 3277 3028 3331 dehis
3063 3276 3422 3330 disseruerat.

1845 3370 2048 3426 Eorum
2071 3385 2200 3425 vero
2227 3369 2450 3438 quidam
2502 3367 2753 3438 persuasi
2783 3367 3024 3429 fuerant,
3083 3381 3224 3435 quos
3256 3367 3422 3420 etiam

1846 3462 2120 3519 collaudat
2153 3461 2438 3527 ;aliivero
2474 3475 2583 3514 non
2643 3459 2842 3528 quibus
2884 3459 2939 3512 in
3000 3472 3291 3527 progressu
3344 3457 3426 3511 lo-

1844 3556 2053 3627 quitur,
2088 3570 2213 3609 cum
2250 3554 2325 3608 ait
2362 3569 2378 3608 :
2411 3552 2677 3608 Caeterum
2711 3552 2757 3606 si
2784 3550 2907 3620 quis
2935 3550 3154 3605 videtur
3197 3556 3427 3605 conten-

1845 3649 2024 3704 tiosus
2043 3663 2187 3712 esse,
2213 3661 2317 3701 nos
2337 3645 2650 3716 hujusmodi
2669 3645 3119 3700 consuetudinem
3134 3658 3242 3697 non
3263 3643 3427 3697 hahe-

1846 3759 1989 3797 mus.
2019 3760 2037 3794 ι
2075 3743 2229 3808 Quod
2261 3741 2642 3809 omniumquaa
2657 3754 2774 3793 mea
2795 3747 2924 3795 sunt
2939 3753 3209 3794 memores
3241 3737 3420 3792 sitis»

1845 3834 2090 3904 Atquide
2116 3833 2305 3886 hocne
2337 3831 2762 3896 comatiessent,
2793 3838 2846 3884 et
2872 3831 2938 3884 de
2979 3845 3087 3883 non
3116 3827 3416 3898 operiendo

1843 3927 2028 3996 capite
2072 3925 2126 3978 in
2169 3924 2484 3992 precatione
2502 3933 2554 3977 et
2577 3921 2871 3991 prophetia
2907 3936 3090 3976 sermo
3137 3920 3257 3990 ipse
3287 3927 3429 3984 erat,

1843 4017 2122 4088 quomodo
2153 4032 2286 4086 ergo
2317 4017 2395 4069 ait
2430 4031 2445 4068 :
2484 4034 2504 4067 ι
2545 4013 2801 4069 Omnium
2843 4028 2966 4081 qua:
3003 4028 3122 4066 mea
3163 4019 3292 4066 sunt
3312 4026 3427 4062 me-

1845 4122 2024 4162 mores
2057 4106 2258 4162 sitis?»
2292 4106 2529 4174 Accepta
2579 4102 2898 4159 rationabili
2955 4117 3123 4156 causa
3171 4100 3428 4155 laudibus

1842 4211 1940 4251 eos
1961 4195 2137 4250 effert.
2163 4193 2299 4248 Nam
2330 4193 2398 4248 ad
2431 4195 2552 4248 illos
2583 4209 2763 4248 sermo
2791 4193 2912 4262 ipse
2938 4193 3192 4262 dirigitur
3212 4192 3306 4261 qui
3325 4191 3426 4246 ob-

1846 4293 2305 4356 temperaverant,
2326 4300 2431 4338 non
2454 4285 2519 4339 de
2539 4283 2624 4338 his
2649 4283 2743 4353 qui
2768 4297 2878 4336 non
2912 4283 3252 4337 obedierant.
3275 4300 3292 4332 ι
3319 4279 3427 4334 Sed

160 4371 484 4441 λεγόμενος,
536 4371 662 4426 τοὺς
706 4371 1116 4441 ὰπιστήσαντας
1165 4357 1471 4441 διορὋοῦται
1525 4370 1599 4441 μὴ
1628 4371 1739 4425 δεῖν

1846 4373 1971 4427 volo
1987 4388 2084 4428 vos
2105 4372 2270 4427 scire.
2285 4390 2303 4423 ι
2330 4370 2466 4426 Cum
2485 4371 2554 4424 iis
2572 4369 2896 4424 disserendo
2910 4368 3004 4438 qui
3040 4368 3166 4422 huic
3189 4368 3432 4422 sermoni

162 4439 564 4535 κεκαλυμμένη
613 4461 868 4531 εῦχεσθαι
898 4439 1147 4534 κεφαλῇ.
1197 4439 1478 4534 Ἐ-τιιφὲρει
1528 4439 1593 4516 νδὲ
1645 4463 1739 4516 καλ¹

1846 4466 2375 4534 obtemperaverant,
2412 4477 2507 4517 eos
2555 4461 2784 4531 corrigit
2811 4459 2905 4530 qui
2943 4475 3051 4514 non
3081 4459 3432 4513 crediderant

159 4555 265 4626 τὴν
298 4554 504 4610 αἰτίαν.
561 4572 582 4608 ι
618 4555 826 4617 Παντὸς
876 4555 1086 4626 ἀνδρός.
1129 4575 1148 4608 ι
1207 4556 1408 4609 Πιστοῦ
1469 4555 1738 4625 δηλονότι.

167 4648 333 4701 Δῦτοὶ
370 4647 481 4717 γάρ
503 4647 611 4698 είσι
640 4646 776 4716 μέλη
810 4647 1068 4715 Χριστοῦ.
1101 4647 1212 4701 Καὶ
1252 4647 1429 4702 αὐτῶν
1470 4649 1681 4717 κεφαλὴ
1714 4650 1742 4701 ό

165 4739 431 4812 Χριστὸς,
461 4739 523 4791 οὐ
571 4737 677 4808 μὴν
714 4737 822 4790 τῶν
870 4737 1137 4793 ἀπίστων.
1187 4739 1413 4811 Κεφαλὴ
1446 4740 1543 4810 μὲν
1582 4739 1742 4810 ἡμῶν

163 4831 274 4885 τῶν
295 4829 512 4884 πιστῶν
543 4830 695 4882 ἐστὶν
720 4831 748 4882 6
775 4829 1028 4900 Χριστὸς,
1053 4830 1128 4892 ὡς
1149 4829 1453 4900 συσσώμων
1477 4832 1572 4885 καὶ
1605 4848 1744 4901 συμ-

170 4923 417 4993 μετέχων
445 4919 596 4992 αὐτῷ
639 4921 1046 4990 γεγενημένων,
1077 4923 1166 4975 διὰ
1209 4923 1310 4992 τῆς
1341 4924 1626 4986 κοινωνίας
1649 4922 1744 4976 τοῦ

170 5015 430 5088 σώματος
460 5015 550 5066 καὶ
595 5013 832 5083 αἵματος
872 5015 1061 5072 αὐτοῦ.
1095 5017 1173 5068 Δι’
1213 5015 1392 5070 αὐτῶν
1436 5016 1546 5086 γὰρ
1577 5016 1749 5070 ἃπαν-

170 5125 259 5172 τες
305 5107 369 5161 ιν
392 5105 1022 5177 σῶμαχρηματίσαντες,
1064 5107 1306 5178 κεφαλὴν
1339 5106 1532 5177 ἔχομεν
1561 5105 1743 5160 αὐτόν.

243 5377 476 5447 Κεφαλὴ
504 5376 564 5430 δι
588 5375 684 5430 τοῦ
707 5375 947 5446 Χριστοῦ
972 5378 1001 5430 6
1023 5375 1155 5439 Θεὸς
1177 5375 1270 5429 καὶ
1297 5374 1507 5446 Πατὴρ,
1538 5374 1614 5437 ὡς
1629 5390 1754 5441 γεν-

173 5470 358 5540 νήτωρ
395 5471 490 5523 καὶ
520 5469 816 5538 προϐολεὺς
845 5468 940 5522 καὶ
971 5467 1252 5538 ὁμοούσιος
1271 5467 1456 5522 αὑτοῦ.
1478 5485 1497 5519 s
1527 5465 1752 5535 Κεφαλὴ

175 5564 236 5614 δὲ
265 5560 527 5628 γυναικὸς
554 5562 584 5614 6
607 5562 766 5632 ἁνήρ.
808 5581 827 5616 ι
863 5562 984 5614 ’Ότι
1013 5560 1110 5615 καὶ
1141 5560 1302 5625 αὐτὸς
1348 5560 1625 5631 γεννήτωρ
1647 5557 1750 5616 αὖ·

251 5737 293 5769 ⁸⁷
329 5733 491 5789 Rom.
527 5753 601 5801 Ix,
637 5737 688 5790 5.

1839 4574 1948 4612 non
1993 4547 2625 4626 Oportere'oraretecto
2665 4554 2864 4622 capite.
2923 4551 3093 4604 Alli-rt
3142 4558 3326 4604 autem
3373 4559 3431 4604 et

1839 4664 2084 4704 causam.
2123 4666 2141 4699 ι
2170 4646 2362 4703 Omnis
2391 4647 2497 4711 vir,
2541 4665 2560 4700 ι
2600 4645 2782 4700 fidelis
2814 4645 3088 4699 videlicet.
3114 4641 3225 4712 Ipsi
3281 4641 3426 4695 enim

1841 4743 1971 4790 sunt
2005 4736 2246 4788 membra
2281 4734 2509 4797 Christi,
2549 4742 2604 4788 et
2627 4748 2818 4788 eorum
2843 4731 3282 4802 caputChristus
3315 4738 3424 4791 est.

1842 4840 1953 4878 non
1986 4833 2172 4879 autem
2201 4821 2527 4876 infidelium.
2561 4820 2739 4889 Caput
2770 4819 2991 4889 quidem
3056 4828 3305 4872 nostrum
3336 4819 3430 4886 qui

1843 4913 2031 4970 fideles
2061 4927 2253 4967 sumus
2297 4910 2551 4966 Christus
2606 4916 2710 4974 est,
2749 4917 3005 4977 tanquam
3069 4922 3259 4962 eorum
3333 4905 3427 4976 qui

1845 5005 2091 5075 ejusdem
2120 5004 2246 5058 facti
2283 5011 2415 5057 sunt
2445 5003 2713 5072 corporis,
2746 4999 3112 5072 ejusdemque
3145 5007 3432 5054 consortes

1847 5108 2074 5162 naturze,
2125 5111 2221 5166 per
2272 5094 2827 5149 communicationem
2877 5094 3126 5160 corporis
3189 5101 3245 5148 et
3294 5087 3472 5153 sanvi

1849 5191 2031 5261 guinis
2059 5189 2256 5259 ipsius.
2315 5188 2418 5242 Per
2450 5187 2594 5240 hanc
2629 5186 2776 5240 enim
2811 5201 3006 5240 omnes
3033 5201 3201 5239 unum
3224 5199 3430 5254 corpus

1849 5281 2130 5352 appellati,
2165 5282 2345 5350 ipsum
2383 5278 2648 5332 habemus
2675 5285 2864 5346 caput.

1923 5368 2083 5440 523
2095 5367 2295 5422 Christi
2313 5379 2440 5420 vero
2459 5362 2773 5434 caputDeus
2797 5378 2858 5416 ac
2883 5361 3039 5416 Pater
3054 5371 3138 5416 est
3166 5370 3424 5430 tanquam

1853 5475 2056 5530 parens
2102 5467 2156 5512 et
2197 5455 2519 5526 prmluctor,
2568 5469 2632 5508 ac
2660 5453 2908 5523 ejusdem
2953 5468 3076 5507 cum
3126 5452 3246 5520 ipso
3287 5451 3424 5506 sub-

1857 5551 2091 5610 stantize.
2138 5569 2156 5603 ‹
2188 5550 2361 5619 Caput
2394 5556 2576 5602 autem
2608 5547 2858 5602 mulieris
2893 5547 2994 5600 vir.
3029 5563 3046 5597 ι
3080 5543 3216 5610 Quia
3247 5539 3422 5611 etipsi
