3872 6616
248 353 323 417 797
1155 362 1539 426 COMMENT.
1572 365 1656 428 IN
1686 367 1923 429 EPIST.
1954 369 1983 428 I
2013 370 2116 430 AD
2141 341 2511 437 .CORINTH.

3351 377 3462 445 798

247 468 727 526 κατακαλύπτεσθαι
776 473 875 543 τὴν
901 476 1164 549 κεφαλήν.
1195 497 1214 528 ι
1239 480 1776 540 Κατασκευαστικῶς

1888 500 2017 540 esse.
2078 507 2097 539 ε
2127 485 2226 542 Vir
2253 487 2525 558 siquidem
2552 502 2662 541 non
2702 484 2864 541 debet
2892 490 3146 543 contecto
3190 500 3317 544 esse
3354 503 3453 547 τεο

244 560 438 630 προάγει
470 557 561 611 τὸν
590 559 768 628 λόγον,
789 557 905 616 εἶτα
928 564 1106 618 αἰτίαν
1135 567 1282 635 λέγει
1306 566 1401 621 τοῦ
1438 568 1513 641 μὴ
1545 570 1657 625 δεῖν
1690 572 1785 625 άν-

243 651 319 723 δρα
339 651 849 707 κατακαλύπτεσθαι
889 657 987 726 τὴν
1004 659 1267 729 κεφαλὴν,
1301 660 1360 712 ού
1389 662 1489 730 τὴν
1533 661 1780 733 πρώτην,

241 743 345 797 διότι
370 743 611 813 κεφαλὴν
634 744 747 814 ἔχει
774 745 865 799 τὸν
893 748 1155 819 Χριστὸν,
1181 751 1317 805 ἀλλὰ
1340 752 1528 824 ἄλλην.
1560 772 1579 804 ε
1607 753 1784 807 Εῐκὼν

240 834 313 887 καὶ
342 831 461 896 δόξα
484 832 620 887 Θεοῦ
650 836 933 907 ὑπάρχων.
972 856 990 889 ι
1023 838 1202 892 Εἰκὼν
1239 841 1373 895 Θεοῦ
1400 845 1427 896 ὁ
1469 843 1780 913 ἄνθρωπος,

237 925 335 979 οὔτε
360 925 495 978 κατὰ
529 925 592 979 τὸ
623 928 805 997 σῶμα,
835 927 958 983 οὔτε
986 931 1126 985 κατὰ
1138 932 1236 1004 τὴν
1260 933 1458 1005 ψυχὴν,
1487 934 1623 988 ἀλλά
1640 937 1783 989 κατὰ

226 1017 281 1071 τὸ
304 1018 520 1087 ἀρχικὸν
552 1017 734 1088 μόνον.
780 1019 869 1084 Ὠς
907 1021 1163 1076 ἁπάντων
1192 1026 1369 1077 τοίνυν
1409 1024 1516 1079 τῶν
1557 1028 1650 1082 ἐπὶ
1681 1028 1786 1096 γῆς

224 1109 314 1175 τὴν
359 1108 529 1178 ἀρχὴν
575 1112 1046 1183 πεπιστευμένος,
1088 1114 1250 1168 εἰκὼν
1315 1118 1782 1188 προσαγορεύεται

224 1197 366 1253 Θεοῦ.
400 1199 463 1252 Ἦ
496 1198 554 1252 δὲ
610 1202 748 1271 γυνὴ
801 1202 875 1266 ὡς
908 1202 1013 1257 ὑπὸ
1036 1204 1136 1276 τὴν
1183 1204 1278 1259 τοῦ
1319 1205 1509 1280 ἀνδρὸς
1535 1207 1786 1273 ἐξουσίαν

222 1291 452 1355 τελοῦσα,
475 1290 571 1345 τοῦ
594 1292 785 1365 ἀνδρός
805 1295 922 1348 ἐστι
947 1293 1094 1362 δόξα,
1115 1298 1210 1351 καὶ
1227 1293 1339 1351 οἷον
1364 1299 1573 1362 εἰκόνος
1597 1301 1780 1354 είκών.

231 1384 405 1452 ’Δρχει
429 1382 528 1452 μὲν
554 1384 663 1453 7&9
686 1385 777 1437 καὶ
806 1386 945 1457 αὐτὴ
969 1386 1078 1442 τῶν
1121 1387 1319 1451 ἄλλων,
1366 1387 1483 1443 ἀλλ’
1515 1389 1784 1444 ὑποτετάά

222 1473 337 1544 χθαι
359 1472 434 1544 τῷ
459 1474 615 1545 ἀνδρὶ
663 1476 1000 1548 προσετάγη.
1041 1497 1061 1530 ι
1094 1479 1233 1546 Δόξα
1263 1478 1398 1534 Θεοῦ
1437 1481 1719 1551 ὑπάρχων.
1757 1498 1778 1531 ι

222 1566 498 1620 Τουτέστιν
549 1565 695 1638 άρχὴ
745 1566 821 1621 ὣν
866 1567 1024 1634 Θεοῦ,
1059 1571 1153 1625 καὶ
1193 1571 1299 1624 ὑπὸ
1341 1571 1517 1644 ἀρχὴν
1542 1570 1619 1625 ὢν
1646 1570 1801 1625 Θεοῦ

226 1659 397 1729 μόνου.
426 1657 517 1710 Δεῖ
536 1656 633 1712 οῦν
665 1658 757 1712 τδν
784 1659 915 1714 ὄντα
944 1660 1046 1732 μὲν
1104 1661 1198 1715 ὑπ’
1227 1662 1418 1717 οὐδένα
1453 1663 1563 1716 τῶν
1612 1663 1672 1715 ἐν
1711 1665 1780 1734 τῇ

222 1752 309 1821 τῇ,
355 1748 514 1803 αὐτὸν
564 1748 622 1802 δὲ
689 1748 926 1822 ἄρχοντα
974 1752 1232 1806 ἁπάντων
1277 1752 1386 1807 τῶν
1413 1754 1471 1807 ἐν
1492 1756 1559 1825 τῇ
1584 1756 1654 1824 γῇ
1685 1754 1784 1807 καὶ

220 1839 380 1907 αὐτῆς
406 1839 504 1909 τῆς
532 1839 819 1908 γυναικὸς,
861 1841 1001 1911 μετὰ
1032 1842 1144 1896 τῶν
1184 1844 1471 1915 συμϐόλων
1497 1822 1603 1915 τῆς
1628 1822 1781 1899 ἐλευ-
1812 1822 1856 1879 Β

221 1929 418 2001 θερίας,
442 1931 692 1985 τουτέστι
713 1932 814 2003 τῆς
858 1935 1320 1989 ἀκατακαλύπτου
1342 1936 1586 2007 κεφαλῆς
1614 1954 1785 2009 προσ-

223 2020 351 2073 ιέναι
390 2020 528 2091 Θεῷ.
562 2021 660 2086 Είς
691 2023 802 2096 γάρ
832 2024 989 2089 δόξαν
1016 2026 1151 2080 Θεοῦ
1181 2028 1387 2096 ὀφείλει
1415 2030 1442 2082 ὁ
1463 2030 1605 2101 ἀνὴρ
1642 2030 1784 2084 ὑπο-

219 2112 468 2183 τετάχθαι
499 2113 580 2185 τῷ
623 2114 767 2186 Θεῷ,
802 2117 899 2171 καὶ
941 2120 1021 2182 είς
1045 2118 1202 2186 δόξαν
1224 2121 1437 2191 ἀνδρὸς.
1466 2123 1499 2193 ή
1528 2121 1669 2193 γυνὴ

217 2204 389 2274 ἀνδρί.
414 2203 482 2257 Τί
507 2204 565 2258 δέ
595 2205 744 2260 ἐστιν
766 2210 847 2272 εἰς
865 2207 1065 2277 δόξανά
1099 2210 1384 2274 Εὑπειθῶς
1400 2210 1497 2267 καὶ
1517 2212 1785 2277 ἑκουσίως

217 2295 356 2364 μετὰ
394 2298 567 2366 χαρᾶς
600 2298 863 2368 πράττειν
890 2301 959 2355 τά
986 2302 1294 2372 ἀρέσκοντα
1319 2301 1465 2374 Θεῷ.
1506 2303 1785 2368 Ὡσαύτως

213 2387 308 2440 καὶ
348 2387 383 2457 ἡ
424 2388 561 2460 γυνὴ
622 2391 884 2471 πράττειν
916 2392 984 2447 τὰ
1033 2394 1337 2464 ἀρέσκοντα
1364 2394 1445 2465 τῷ
1478 2388 1656 2466 ἀνδρί.
1694 2396 1783 2460 Ὠς

212 2478 307 2546 ὅγε
361 2478 499 2533 κατὰ
551 2480 674 2545 βίαν
704 2487 798 2537 καὶ
818 2484 967 2539 άκων
1006 2486 1176 2541 ποιῶν
1208 2485 1308 2541 καὶ
1337 2485 1648 2559 δυσφορῶν,
1683 2487 1783 2559 οὐχ

213 2576 568 2631 ὑποτάσσεται
596 2577 676 2640 είς
704 2575 861 2641 δόξαν
898 2576 1035 2630 Θεοῦ
1060 2594 1074 2609 '
1117 2577 1382 2642 ὡσαύτως
1414 2579 1537 2632 οὐδὲ
1561 2580 1595 2648 ή
1619 2580 1779 2653 γυνὴ,

211 2671 293 2735 εἰς
316 2670 466 2737 δόξαν
495 2669 705 2743 ἀνδρός.
742 2670 907 2723 Ὥστε
952 2668 1035 2723 δεῖ
1085 2669 1386 2741 προθύμως
1428 2671 1780 2725 ἀκατακαλύ-

210 2780 359 2827 πτως
379 2763 656 2835 προσιέναι
672 2761 812 2832 Θεῷ,
836 2762 930 2816 καὶ
949 2762 1048 2831 τὴν
1069 2765 1305 2830 γυναῖκα
1325 2761 1589 2826 ὡσαύτως
1609 2779 1782 2816 κατα-

207 2855 590 2910 καλύπτεσθαι.
631 2872 651 2906 ε
689 2854 858 2921 Δόξαν
886 2853 1046 2909 Θεοῦ.
1088 2871 1108 2906 ι
1137 2855 1251 2923 Τῆς
1278 2853 1458 2924 ἀρχῆς
1493 2853 1661 2908 αὐτοῦ
1687 2855 1784 2908 καὶ

210 2946 449 3013 ἐξουσίας
466 2948 525 3002 τὸ
554 2946 906 3019 τιμιώτατον.
938 2945 1015 2998 Δι’
1055 2946 1220 2999 αὐτὸν
1248 2945 1362 3016 γὰρ
1384 2945 1607 3016 μᾶλλον,
1643 2945 1677 3016 ἢ
1713 2945 1782 3000 δι’

207 3036 336 3092 ἄλλο
358 3036 535 3091 τιτῶν
565 3038 623 3091 ἐν
653 3037 843 3105 κόσμῳ
872 3033 1210 3099 δεδόξασται,
1228 3035 1324 3087 καὶ
1349 3033 1412 3087 τὸ
1441 3033 1783 3106 ὑπερϐάλλον

1885 575 2014 645 pite.
2063 595 2083 628 ι
2121 577 2396 636 lnstructe
2430 578 2686 650 producit
2728 590 3063 634 sermonem.
3098 575 3300 634 Deinde
3324 594 3457 635 cau-

1884 681 2000 721 sam
2031 666 2213 722 reddit
2258 684 2361 723 cur
2401 684 2511 723 non
2542 674 2793 738 Oporteat
2823 667 3003 722 virum
3047 675 3305 723 contecto
3333 683 3460 725 esse

1883 759 2096 826 capite:
2148 773 2259 813 non
2305 761 2562 829 primam,
2610 775 2810 830 nempe
2848 759 2993 828 quod
3045 766 3214 833 caput
3257 759 3459 829 habeat

1883 847 2188 913 Christum,
2231 848 2324 904 sed
2364 850 2566 905 aliam:
2626 869 2646 901 ε
2682 849 2821 904 Cum
2873 849 2946 904 sit
2974 849 3154 919 imago
3196 856 3251 903 et
3279 849 3458 922 gloria

1885 938 2001 993 Dei.
2040 957 2061 991 ι
2107 938 2292 1007 imago
2314 939 2409 995 Dei
2443 952 2528 995 est
2559 941 2742 1006 homo,
2773 956 2883 995 non
2904 943 3206 996 secundum
3230 956 3456 1007 corpus,

1883 1045 1987 1087 nec
2033 1033 2334 1086 secundum
2387 1034 2664 1097 animam,
2716 1033 2813 1087 sed
2870 1040 3083 1086 tantmn
3149 1035 3456 1088 secundum

1883 1122 2210 1178 dominium.
2240 1122 2424 1193 imago
2453 1124 2621 1194 igitur
2647 1123 2737 1181 Dei
2770 1126 3082 1194 appellatur
3103 1132 3161 1201 nt
3200 1126 3289 1180 cui
3321 1142 3456 1181 con-

1882 1211 2154 1267 creditum
2207 1212 2282 1267 sit
2325 1213 2630 1268 dominium
2674 1230 2796 1283 qua:
2835 1229 3002 1284 super
3061 1225 3265 1271 terram
3301 1225 3453 1271 sunt.

1883 1299 2078 1356 Mulier
2099 1316 2230 1357 vero
2263 1313 2320 1357 ut
2349 1318 2469 1372 quae
2490 1304 2595 1359 sub
2621 1303 2722 1358 viri
2747 1313 3078 1373 potestatem
3115 1305 3336 1360 redacta
3362 1307 3454 1372 sit,

1882 1392 1984 1444 viri
2035 1393 2213 1462 imago
2265 1402 2371 1459 cst,
2425 1403 2479 1449 et
2520 1401 2782 1463 tanquam
2815 1394 3073 1464 imaginis
3109 1394 3307 1462 imago.
3345 1392 3457 1447 Do-

1882 1482 2125 1536 minatur
2171 1483 2443 1553 siquidem
2494 1491 2549 1538 et
2580 1484 2699 1552 ipsa
2766 1483 2821 1538 in
2863 1484 2993 1538 alia.
3035 1485 3105 1545 At
3142 1482 3360 1553 jussqu
3406 1482 3457 1537 ei

1881 1583 1968 1630 est
2016 1575 2133 1630 viro
2192 1574 2471 1631 subditam
2510 1590 2654 1632 esse.
2714 1594 2733 1627 ε
2774 1575 2913 1630 Cum
2946 1575 3118 1647 gloria
3152 1575 3246 1630 Dei
3297 1574 3389 1630 sit.
3431 1592 3451 1626 ι

1884 1665 1996 1722 Hoc
2024 1675 2131 1733 est,
2164 1681 2289 1723 cum
2319 1664 2412 1721 Dei
2443 1666 2790 1739 principatus
2822 1666 2895 1721 sit
2937 1675 2990 1721 et
3027 1666 3130 1721 sub
3159 1665 3332 1721 solius
3361 1663 3458 1720 Dci

1881 1757 2219 1827 principatu.
2279 1757 2507 1827 Oportet
2565 1771 2697 1827 ergo
2724 1772 2849 1813 eum
2901 1756 2994 1829 qui
3048 1756 3152 1811 sub
3184 1756 3340 1811 nullo
3372 1762 3460 1810 est

1884 1866 2076 1908 eorum
2110 1865 2232 1921 qua
2262 1850 2319 1905 in
2369 1858 2517 1905 terra
2570 1858 2720 1918 sunt,
2765 1850 2885 1921 ipse
2931 1864 3059 1905 vero
3093 1849 3350 1919 princeps
3375 1857 3460 1903 εει

1885 1943 2131 2001 omnium
2166 1957 2288 2014 qua:
2318 1952 2444 1997 sunt
2499 1942 2556 1997 in
2601 1950 2771 2010 terra,
2792 1949 2847 1996 et
2880 1941 3050 2010 ipsius
3080 1955 3300 2010 quoque
3334 1954 3460 1994 mu-

1885 2034 2065 2098 lieris,
2090 2048 2213 2089 cum
2248 2032 2503 2103 insigniis
2532 2031 2826 2099 libertatis,
2858 2040 2989 2100 puta
3017 2032 3228 2089 detecto
3252 2029 3454 2100 capite,

1884 2124 1951 2181 ad
1988 2124 2158 2179 Deum
2191 2123 2477 2178 accedere.
2509 2120 2590 2175 Ad
2626 2120 2721 2181 Dei
2755 2118 2903 2176 enim
2930 2119 3157 2191 gloriam
3188 2118 3353 2173 debet
3373 2117 3457 2171 vir

1886 2214 2142 2273 subditus
2172 2230 2296 2272 esse
2322 2214 2457 2280 Deo,
2499 2221 2556 2268 et
2585 2212 2658 2267 ad
2688 2211 2788 2267 viri
2811 2211 3042 2281 gloriam
3089 2210 3285 2265 mulier
3313 2210 3453 2264 viro.

1884 2307 2024 2375 Quid
2076 2314 2164 2364 est
2214 2314 2395 2362 autem
2437 2305 2504 2361 ad
2555 2304 2829 2377 gloriam?
2870 2302 2986 2361 Hoc
3034 2311 3142 2370 est,
3203 2309 3457 2372 prompta

1884 2399 2196 2456 obedientia
2249 2409 2305 2457 et
2353 2397 2664 2455 voluntarie
2698 2412 2824 2453 cum
2858 2395 3059 2466 gaudio
3111 2393 3291 2450 facere
3335 2407 3459 2464 qua:

1885 2490 1998 2549 Deo
2030 2491 2271 2563 placent.
2304 2492 2567 2547 Similiter
2595 2499 2652 2546 et
2698 2488 2894 2544 mulier
2943 2487 3124 2543 facere
3154 2488 3312 2542 debet
3338 2500 3460 2556 quae

1883 2587 2003 2643 viro
2031 2584 2250 2654 placent
2276 2602 2291 2639 :
2325 2583 2402 2638 ita
2432 2589 2494 2639 ut
2520 2581 2614 2653 qui
2653 2589 2880 2637 coactus
2921 2590 2972 2635 et
3005 2579 3213 2634 invitus
3245 2575 3378 2632 facit
3402 2582 3459 2630 et

1884 2675 2123 2747 graviter
2170 2673 2380 2740 ferens,
2423 2687 2536 2727 non
2563 2671 2821 2728 subditur
2861 2669 2931 2725 ad
2965 2669 3197 2741 gloriam
3239 2666 3353 2735 Dei,
3402 2673 3459 2722 et

1885 2766 2162 2831 similiter.
2192 2780 2295 2821 nec
2325 2763 2523 2819 mulier
2547 2764 2614 2817 ad
2647 2762 2747 2817 viri
2778 2762 3033 2832 gloriam.
3068 2763 3299 2832 Uportct
3327 2771 3458 2827 ergo

1886 2868 2135 2930 prompto
2169 2857 2359 2912 animo
2404 2857 2581 2910 virum
2624 2855 2743 2910 sine
2777 2853 3124 2924 operimento
3162 2850 3231 2905 ad
3282 2850 3453 2903 Deum

1884 2950 2165 3015 accedere,
2216 2956 2272 3004 et
2345 2948 2633 3003 mulierem
2698 2944 2952 3000 similiter
3014 2943 3246 2997 velatam
3307 2955 3454 2995 esse.

1890 3059 1910 3094 ι
1944 3039 2188 3096 Gloriam
2238 3037 2355 3093 Dei.
2399 3056 2418 3091 ι
2466 3036 2628 3108 525
2660 3033 2797 3090 Puta
2827 3032 2972 3106 quod
3008 3034 3062 3088 in
3098 3031 3272 3103 ipsius
3295 3031 3456 3101 prin—

212 3128 311 3197 τῆς
341 3129 705 3198 χρηστότητος
756 3127 925 3182 αὐτοῦ
979 3126 1074 3181 καὶ
1103 3125 1518 3196 φιλανθρωπίας
1547 3126 1779 3195 πεφανέ·

1888 3134 2068 3205 cipatu
2100 3147 2166 3189 ac
2202 3132 2443 3202 potentia
2476 3127 3030 3186 houorabilissimum
3075 3131 3178 3179 est.
3229 3122 3459 3192 Propzer

94 3242 105 3249 -
216 3233 396 3285 ρωται.
453 3218 728 3281 Ὡσαύτως
765 3218 892 3284 δόξα
950 3217 1145 3288 ἀνδρὸς
1200 3218 1235 3286 ή
1296 3217 1454 3287 γυνή,
1504 3216 1622 3287 Τῆς
1670 3216 1778 3289 γὰρ

211 3309 381 3380 ἀρχῆς
407 3309 567 3363 αὑτοῦ
597 3309 693 3364 καὶ
731 3308 1005 3373 ἐξουσίας,
1035 3306 1174 3378 αὕτη
1199 3308 1315 3360 ἐστι
1337 3307 1399 3360 τὸ
1422 3305 1778 3377 τιμιώτατον,

204 3397 357 3475 δι’ἦς
390 3401 587 3470 μᾶλλον
635 3400 666 3471 ἢ
704 3400 774 3454 δι’
824 3400 1013 3471 ἐτέρου
1055 3416 1201 3463 τινος
1249 3390 1325 3453 ὧν
1380 3398 1561 3470 ἄρχει,
1632 3399 1781 3455 εστιν

206 3494 352 3563 αὐτῷ
391 3491 903 3562 ἐγκαλλωπίζεσθαι
955 3492 1050 3546 καὶ
1101 3490 1454 3557 δοξάζεσθαιο
1491 3490 1665 3564 «Γυνὴ
1722 3492 1781 3547 δέ

208 3579 331 3648 δόξα
380 3583 570 3655 ἀνδρός
625 3585 796 3638 ἐστιν.
838 3600 857 3635 ι
890 3582 1203 3647 Τουτέστιν,
1257 3581 1403 3654 ἀρχὴ
1435 3582 1653 3654 ἀνδρὸς.
1686 3584 1779 3639 καὶ

212 3674 311 3727 ὑπὸ
342 3676 515 3748 ἀρχὴν
551 3677 764 3749 ἀνδρός.
811 3679 905 3731 Δεῖ
936 3677 1029 3731 οὖν
1052 3677 1223 3750 αὐτὴν
1263 3676 1405 3746 μετά
1427 3675 1538 3731 τῶν
1569 3677 1777 3748 συμϐό-

211 3763 309 3819 λων
346 3769 439 3838 τῆς
466 3770 746 3841 ὑποταγῆς
765 3765 908 3825 εἶναι
939 3769 1046 3823 ἀεί.

1887 3240 2010 3282 eum
2050 3223 2194 3279 enim
2226 3222 2401 3294 magis
2441 3237 2603 3293 quam
2639 3227 2861 3291 propter
2902 3215 3052 3272 aliud
3086 3214 3368 3294 quidpiam
3404 3213 3458 3266 in

1888 3313 2093 3369 mundo
2127 3293 2501 3384 gloriﬁcatur:
2559 3320 2614 3368 et
2653 3309 2968 3366 sublimitas
3012 3293 3460 3363 mansuetudinis

1887 3419 1952 3460 ac
1994 3404 2353 3476 benignitatis
2405 3402 2818 3459 manifestatur.
2863 3397 3042 3454 Simili
3080 3397 3243 3453 modo
3284 3397 3460 3468 gloria

1887 3497 1990 3551 viri
2028 3504 2112 3554 est
2145 3495 2361 3551 mulier.
2393 3493 2532 3549 Nam
2566 3494 2681 3549 hac
2715 3489 3259 3547 bonorabilissimum
3283 3495 3366 3542 est
3402 3485 3460 3539 in

1887 3589 2039 3644 illius
2096 3584 2409 3658 principatu
2462 3598 2528 3640 ac
2578 3589 2873 3655 potestate,
2929 3594 3028 3650 per
3068 3592 3235 3653 quam
3284 3573 3461 3645 magis

1884 3692 2048 3749 quam
2078 3692 2175 3746 per
2204 3675 2355 3731 aliud
2387 3688 2577 3730 eorum
2605 3672 2807 3743 quibus
2828 3669 3167 3737 dominatur,
3203 3665 3332 3721 licet
3356 3663 3462 3734 ipsi

1888 3783 1947 3826 ut
1972 3770 2071 3839 ipsi
2105 3768 2318 3838 placeat
2349 3781 2413 3822 ac
2437 3764 2724 3837 glorietur.
2765 3781 2784 3814 ‹
2826 3759 3027 3818 Mulier
3064 3767 3250 3814 autem
3288 3753 3464 3826 gloria

213 3855 303 3911 viri
337 3868 439 3914 est.
479 3880 499 3912 ι
544 3860 655 3916 Hoc
690 3868 793 3925 est,
835 3861 1177 3931 principatus
1228 3858 1331 3913 viri
1367 3868 1422 3916 et
1444 3860 1550 3915 sub
1580 3859 1828 3917 dominio
1854 3862 1978 3916 viri.
2007 3859 2239 3933 Oportet
2263 3859 2432 3930 igitur
2452 3872 2574 3913 eam
2633 3868 2852 3924 semper
2912 3867 3036 3907 esse
3091 3864 3214 3904 cum
3273 3848 3460 3917 aliquo

210 3954 561 4023 subiectionis
589 3956 815 4011 indicio.
1234 3990 1247 3999 π

266 4046 349 4099 Οὐ
377 4045 490 4115 γάρ
517 4046 688 4100 ἐστιν
709 4045 863 4115 ἀνὴρ
891 4047 959 4100 ἐκ
996 4048 1302 4118 γυναικὸς,
1342 4046 1501 4104 ἀλλὰ
1528 4049 1683 4119 γυνὴ
1712 4051 1783 4116 ἐξ

1960 4045 2051 4110 XI,
2085 4043 2245 4101 8-l5.
2273 4041 2328 4095 Ν
2332 4058 2396 4096 an
2422 4040 2563 4095 enim
2587 4049 2665 4093 est
2695 4039 2773 4092 vir
2796 4052 2862 4092 ea:
2886 4035 3129 4099 muliere,
3152 4031 3244 4086 sed
3272 4030 3464 4085 mulier

207 4134 442 4203 ἀνδρός.
501 4135 614 4190 Kal
667 4137 779 4206 γὰρ
831 4138 944 4191 οὐκ
1005 4138 1252 4205 ἐκτίσθη
1300 4139 1457 4206 ἀνὴρ
1515 4138 1613 4193 διὰ
1666 4140 1782 4207 τὴν

1888 4153 1952 4193 ea:
1976 4138 2108 4191 uiro.
2144 4134 2325 4204 Neque
2370 4132 2509 4187 enim
2546 4140 2624 4186 est
2670 4131 2748 4184 vir
2786 4137 2994 4184 creatus
3027 4132 3240 4194 propter
3271 4120 3465 4175 mulie-

206 4226 480 4293 γυναῖκα,
512 4227 674 4282 ἀλλὰ
718 4226 873 4296 τυνὴ
902 4226 1002 4282 διὰ
1049 4228 1157 4282 τὸν
1198 4227 1407 4297 ἄνδρα.
1469 4230 1572 4283 Διὰ
1602 4231 1782 4286 τοῦτο

1888 4245 2018 4292 rem,
2055 4226 2145 4282 sed
2179 4226 2371 4278 mulier
2416 4232 2637 4293 propter
2672 4222 2864 4277 uirum.
2899 4219 3113 4287 Propter
3169 4216 3265 4269 hoc
3313 4212 3463 4289 debet

203 4315 432 4388 ὀφείλει
458 4319 496 4384 ἢ
525 4319 681 4389 γυνὴ
706 4319 996 4384 ἐξουσίαν
1022 4319 1188 4388 ἔχειν
1234 4319 1334 4373 ἐπὶ
1361 4321 1472 4388 τῆς
1506 4322 1780 4390 κεφαλῆς

1888 4320 2075 4387 mulier
2120 4325 2438 4388 potestatem
2476 4314 2668 4370 habere
2695 4314 2752 4367 in
2778 4312 2947 4379 capite
2971 4314 3183 4380 propter
3220 4305 3461 4377 angelos.

197 4408 294 4465 διὰ
323 4410 467 4478 τοὺς
491 4410 805 4479 ἀγγέλους.
838 4409 1012 4479 Πλὴν
1036 4410 1177 4465 οὔτε
1192 4409 1348 4478 ἀνὴρ
1374 4411 1552 4480 χωρίς
1577 4428 1781 4481 γυναι-

1889 4411 2101 4481 Alioqut’
2132 4425 2295 4479 neque
2323 4408 2403 4462 uir
2429 4407 2629 4478 absque
2658 4405 2897 4468 muliere,
2920 4418 3083 4473 neque
3115 4400 3302 4455 mulier
3336 4398 3462 4451 abs-

195 4504 329 4569 κὸς,
360 4473 503 4557 οὔτε
723 4473 902 4571 χωρὶς
929 4473 1149 4572 ἀνδρὸς
1193 4502 1264 4556 ἐν
1528 4473 1780 4575 τ’λὶσπερ

1888 4518 1982 4572 que
2015 4502 2126 4557 uiro
2150 4501 2206 4553 in
2238 4498 2485 4553 Domino.
2518 4493 2975 4562 Quemadmodum
3010 4490 3204 4546 mulier
3237 4502 3303 4541 ex
3351 4486 3462 4540 viro

192 4596 310 4664 γὰρ
343 4594 383 4663 ἡ
414 4592 570 4663 γυνὴ
593 4594 660 4648 ἐκ
699 4593 808 4649 τοῦ
833 4593 1074 4662 ἀνδρὸς,
1107 4593 1296 4659 οὕτως
1322 4593 1420 4648 καί
1450 4596 1483 4648 ό
1505 4594 1663 4663 ἀνὴρ
1683 4595 1782 4650 διὰ

1888 4605 1987 4660 εει,
2020 4595 2099 4648 ita
2126 4601 2176 4647 et
2209 4591 2287 4646 vir
2333 4606 2427 4660 per
2472 4590 2784 4645 mulierem:
2821 4587 3001 4642 omnia
3049 4599 3169 4638 vero
3218 4595 3283 4635 ea:
3331 4577 3464 4632 Deo.

191 4687 316 4756 τῆς
345 4688 652 4755 γυναικός.
678 4686 753 4740 Τὰ
771 4684 839 4739 δὲ
865 4684 1061 4739 πάντα
1083 4684 1151 4739 ἐκ
1179 4684 1287 4740 τοῦ
1320 4685 1488 4740 Θεοῦ.
1531 4688 1627 4739 Ἐν
1642 4687 1782 4755 ὑμῖν

1888 4686 2037 4740 Inter
2065 4701 2154 4739 vos
2182 4684 2328 4752 ipsos
2350 4682 2596 4752 iudicate
2621 4697 2639 4736 :
2673 4696 2799 4735 num
2818 4678 3072 4733 decorum
3090 4682 3169 4730 est
3192 4671 3465 4727 mulierem

186 4775 403 4841 αὐτοῖς
434 4775 692 4842 κρίνατε,
751 4772 981 4842 πρέπον
1030 4774 1163 4828 ἐστι
1196 4773 1452 4843 γυναῖκα
1482 4773 1782 4829 ἀκατακά-

1888 4791 1991 4830 ηυιι
2024 4774 2253 4831 οείαιοιη
2286 4788 2442 4831 orare
2462 4771 2489 4826 ?

186 4872 444 4923 λυπτον
477 4862 557 4930 τῷ
585 4860 707 4930 Θεῷ
734 4864 1178 4933 προσεύχεσθαι
1200 4878 1221 4929 ;

266 4955 388 5018 Τάς
409 4954 683 5024 ὑπεροχάς
712 4954 1005 5022 καταλέγει
1043 4954 1140 5007 τοῦ
1190 4953 1406 5025 ἀνδρὸς,
1436 4952 1505 5007 δι’
1532 4952 1601 5019 ἃς
1633 4952 1785 5025 αὐτῷ

195 5046 268 5101 τδ
298 5044 491 5117 ἄρχειν
519 5043 746 5098 δέδοται.
792 5061 812 5095 ε
847 5042 948 5098 Διὰ
1003 5042 1165 5101 τοῦτο
1213 5045 1441 5116 ὀφείλει.
1483 5062 1505 5098 ι
1549 5044 1649 5099 Διά
1685 5045 1786 5108 τὰς

208 5136 530 5209 εἰρημένας,
591 5136 781 5207 φησιν,
834 5135 1013 5199 αἰτίας
1057 5136 1263 5206 ὀφείλει
1316 5135 1564 5204 ἐξουσίαν
1614 5135 1780 5207 ἔχειν,

1956 4951 2074 5009 Viri
2123 4950 2513 5023 praerogativas
2565 4947 2828 5013 ostendit,
2876 4954 3101 5018 propter
3157 4958 3304 5015 quas
3357 4942 3465 5014 ipsi

1886 5045 2074 5102 datum
2103 5053 2188 5100 est
2221 5040 2519 5098 dominari.
2564 5058 2583 5092 ‹
2625 5037 2854 5110 Propter
2889 5040 2994 5093 hoc
3014 5038 3198 5094 debet.
3237 5056 3257 5090 ι
3290 5035 3466 5108 Prop-

1886 5086 2074 5102 νη...
2104 5086 2188 5100 ν...
2222 5086 2519 5098 .........._..-
2568 5086 2583 5092 -
2625 5086 2725 5093 ---
2775 5086 2845 5094 ---
2889 5086 2992 5093 ----
3018 5086 3198 5094 πη---
3237 5086 3252 5090 -
3290 5086 3308 5090 -
3336 5086 3430 5108 --τ

1886 5145 1970 5193 ter
2001 5137 2201 5202 dictas,
2229 5134 2430 5206 inquit,
2462 5148 2664 5189 causas
2693 5086 2856 5187 debet
2879 5138 3211 5202 potestatem
3235 5130 3463 5195 habere,

217 5224 493 5278 τουτέστιν
521 5223 806 5295 κάλυμμα,
842 5224 929 5278 ἵνα
962 5224 1221 5295 φαίνηται
1267 5226 1352 5280 ὅτι
1397 5225 1503 5280 ὑπὸ
1534 5226 1782 5294 ἐξουσίαν

1888 5230 1937 5284 id
1973 5237 2058 5286 est
2123 5228 2556 5298 operimentum:
2584 5233 2645 5280 ut
2675 5223 3027 5279 manifestum
3060 5223 3155 5277 ﬁat
3182 5221 3330 5293 quod
3361 5221 3467 5276 sub

216 5316 491 5387 τυγχάνει.
518 5317 593 5370 Τὸ
623 5318 732 5387 7&9
779 5315 1043 5385 κάλυμμα
1078 5317 1229 5371 κάτω
1256 5316 1435 5371 νεύειν
1470 5316 1566 5371 καὶ
1620 5333 1782 5372 κεκυ-

1888 5319 2113 5376 alterius
2142 5326 2415 5389 potestate
2441 5317 2537 5372 sit.
2567 5316 2981 5386 Operimentum
3020 5314 3166 5369 enim
3202 5313 3461 5368 deorsum
3487 5302 3500 5407 ξ

219 5408 370 5475 φέναι
399 5408 562 5473 ποιεί,
592 5405 1031 5478 ὅπεραύμσολόν
1088 5408 1207 5461 ἐστι
1238 5407 1334 5462 καὶ
1372 5406 1645 5461 δεικτικὸν
1684 5403 1782 5459 τοῦ

1888 5410 2168 5482 respicere
2218 5424 2284 5463 ac
2319 5409 2586 5464 inclinare
2622 5407 2771 5474 facit,
2819 5407 2967 5477 quod
3017 5408 3234 5478 signum
3277 5411 3361 5460 est
3407 5403 3519 5465 et‘,

219 5499 477 5572 ἄρχεσθαι
503 5499 695 5569 αὐτήν.
734 5516 755 5551 ε
798 5498 864 5551 Ἦ
888 5498 1025 5568 γυνὴ
1079 5498 1331 5566 ἐξουσίαν
1367 5497 1535 5568 ἔχειν.
1572 5515 1591 5549 ι
1626 5497 1782 5550 Τουτ-

1888 5502 2235 5559 οειειιείνωῐι
2266 5499 2413 5571 quod
2443 5501 2547 5556 sub
2587 5500 2835 5555 dominio
2865 5498 2961 5555 sit.
3008 5516 3029 5551 ι
3064 5498 3231 5551 Debet
3267 5494 3468 5548 mulier

218 5592 329 5646 ἐστι
363 5590 462 5662 τὴν
518 5588 613 5645 τοῦ
659 5589 852 5663 ἀνδρὸς
885 5588 1134 5655 ἐξουσίαν
1163 5591 1257 5644 καὶ
1299 5590 1596 5661 κυριότητα
1640 5583 1782 5661 ᾗπερ

1888 5600 2210 5663 potestatem
2258 5590 2481 5645 habere.
2518 5609 2537 5643 ι
2591 5587 2705 5645 Ηοε
2734 5599 2819 5645 εει
2850 5588 2950 5641 viri
3014 5592 3347 5658 potestatem
3393 5597 3461 5638 ac

220 5682 522 5747 ὑπόκειται,
554 5680 761 5749 ὀφείλει
789 5678 955 5750 ἔχειν,
990 5681 1085 5735 καὶ
1136 5679 1542 5734 ἐπιδείκνυσθαι
1572 5681 1662 5733 ἐπ’
1685 5682 1782 5734 αὑ-

1888 5682 2188 5739 dominium
2219 5682 2305 5738 cui
2341 5683 2591 5747 subiacet
2620 5682 2781 5737 debet
2817 5680 3016 5734 habere
3042 5685 3098 5732 et
3128 5676 3182 5731 in
3212 5674 3333 5744 ipso
3365 5690 3464 5728 ca-

220 5776 316 5849 τῆς
359 5776 457 5846 τῆς
508 5771 771 5845 κεφαλῆς.
809 5772 981 5827 Τοῦτο
1011 5773 1067 5827 δὲ
1096 5773 1209 5838 πῶς
1254 5771 1650 5846 κατορθοῦται;
1682 5772 1782 5827 Διὰ

1888 5776 1992 5846 pite
2034 5774 2341 5833 ostendere.
2392 5772 2505 5829 lloc
2552 5780 2734 5828 autem
2787 5768 3059 5842 quomodo
3126 5763 3467 5838 continget?
