3872 6604
147 481 228 543 801
1052 485 1437 548 COMMENT.
1485 485 1564 545 IN
1605 485 1840 545 EPIST.
1867 449 1910 545 il
1946 487 2044 547 AD
2072 484 2434 546 CORINTH.

3259 488 3368 552 802

149 594 272 661 ἔχειν
306 589 396 642 τὸν
424 589 593 660 ἄνδρα
658 589 756 658 τὴν
809 590 1069 662 κεφαλὴν,
1120 591 1356 661 ὀφείλειν
1392 591 1468 661 μὴ
1502 591 1700 661 κομᾷν,

1815 601 1944 656 tum,
1967 600 2022 646 et
2052 592 2128 646 ita
2153 605 2264 647 non
2283 590 2482 646 debere
2507 603 2719 645 comam
2745 597 2983 662 gestare,
3012 591 3107 646 sed
3135 592 3368 650 liberum

148 681 246 735 ἀλλ’
273 680 414 750 ἔχειν
434 679 493 731 τὸ
516 679 819 749 ἐλεύθερον.
853 681 970 743 πῶς
999 681 1096 750 τὴν
1119 683 1354 748 γυναῖκα
1382 696 1692 732 κατακεκαο

147 774 409 842 λυμμὲνην
435 773 627 842 ἀφίησι
652 773 827 843 κομᾷν
858 775 935 834 εἰς
969 772 1240 842 σύμόολον
1270 773 1370 840 τῆς
1395 772 1692 841 ὑποταγῆς.

151 862 248 914 «Ei
274 861 326 914 δέ
355 879 438 924 τις
481 862 628 914 δοκεῖ
671 862 971 930 φιλόνεικος
1021 857 1180 916 εἶναι.
1224 881 1242 914 ι
1292 861 1510 932 Ἐπειδὴ
1561 858 1698 930 πρὸς

147 953 478 1021 ὲθελοσόφους
502 953 759 1024 ἔγραφεν,
783 953 831 1005 οῖ
875 953 963 1006 διὰ
997 952 1370 1023 συλλογισμῶν
1405 951 1472 1005 τὰ
1521 951 1698 1004 πάντα

146 1043 528 1106 κατεσκεύαζον
580 1045 674 1096 καὶ
729 1044 1113 1109 ὰνεσκεύαζον,
1151 1043 1337 1114 φησίνο
1373 1044 1446 1096 Οὐ
1507 1041 1696 1113 καιρὸς

145 1134 330 1187 νῦντοῦ
366 1133 712 1204 φιλονεικεῖν.
741 1135 801 1187 Εἰ
836 1135 945 1207 γὰρ
978 1136 1325 1204 ἀναισχυντεῖ
1361 1151 1444 1197 τις
1474 1131 1607 1203 πρὸς
1630 1132 1698 1185 τά

145 1227 410 1296 εἰρημένα,
437 1227 618 1296 ἡμεῖς,
650 1225 804 1295 φησι,
839 1226 936 1279 καὶ
965 1227 998 1295 ἡ
1032 1225 1352 1295 Ἐκκλησία,
1379 1225 1480 1278 οὐκ
1503 1223 1698 1294 ἔχομεν

143 1319 248 1380 ἐθος
276 1315 540 1368 τοιοῦτον.
574 1316 770 1380 Ποῖον;
810 1313 882 1366 Τὸ
916 1316 1262 1382 φιλονεικεῖν.
1294 1312 1456 1367 Ἀλλά
1487 1311 1548 1365 τὸ
1575 1311 1698 1365 πεί-

144 1409 313 1462 θεσθαι
341 1411 450 1470 τοῖς
482 1407 818 1476 ἐπιτάγμασι
841 1405 949 1458 τῶν
977 1405 1315 1460 διδασκάλων
1348 1405 1516 1475 μηδὲν
1545 1405 1698 1459 ἀντι-

143 1503 407 1561 τείνοντες.
437 1528 507 1538 -
542 1497 634 1554 Ἥ.
665 1498 792 1550 Ὅτι
812 1499 913 1550 οὐκ
940 1498 1085 1551 ἐστιν
1111 1498 1230 1562 ἔθος
1257 1499 1386 1569 παρ’
1413 1499 1567 1568 ἡμῖν,
1608 1496 1695 1550 ἵνα

142 1599 165 1646 ὀ
193 1596 280 1662 μὲν
306 1594 446 1662 ἀνὴρ
470 1593 615 1662 κομᾷ
635 1591 729 1644 καὶ
758 1589 1108 1657 καλύπτηται
1135 1590 1242 1662 τὴν
1265 1589 1530 1660 κεφαλὴν,
1573 1590 1606 1660 ή
1639 1588 1697 1641 δὲ

142 1687 262 1756 γυνὴ
294 1684 624 1737 τούναντίον.

728 1798 979 1854 ΚΕΦΑΛ.
1023 1795 1098 1852 Z'.

1815 681 1948 736 illud
1998 682 2223 748 habere,
2271 683 2546 752 quomodo
2599 681 2882 737 mulierem
2933 683 3191 737 intectam
3243 700 3368 752 per-

1806 775 1987 828 mittat
2042 789 2253 829 comam
2316 783 2536 844 gestare
2595 775 2649 828 in
2707 776 2925 844 signum
2977 775 3367 844 subiectionis.

1809 882 1829 917 ι
1861 864 2158 930 Caeterum,
2206 867 2250 920 si
2296 867 2428 936 quis
2475 867 2690 921 videtur
2737 868 3116 922 contentiosus
3167 884 3310 923 esse.
3347 889 3368 920 ι

1805 955 2076 1021 Quoniam
2115 956 2184 1010 ad
2207 972 2302 1010 eos
2334 958 2610 1012 scribebat
2639 959 2731 1026 qui
2770 957 3026 1013 volebant
3067 959 3236 1013 videri
3281 976 3372 1012 sa-

1802 1049 2039 1118 pientes,
2067 1049 2158 1118 qui
2200 1049 2504 1103 rationibus
2547 1047 2732 1102 omnia
2762 1049 3084 1103 astruebant
3121 1065 3185 1104 ac
3223 1050 3370 1106 Iabe-

1803 1139 2108 1206 factabant,
2137 1140 2259 1195 ideo
2290 1140 2367 1194 ait
2397 1155 2508 1195 non
2541 1155 2666 1195 esse
2695 1155 2841 1194 nunc
2893 1150 3107 1210 tempus
3138 1154 3372 1196 conten-

1801 1230 1989 1285 dcndi.
2022 1231 2079 1286 Si
2130 1231 2279 1300 quis,
2318 1231 2520 1300 inquit,
2560 1231 2627 1284 ad
2665 1246 2724 1283 ea
2756 1245 2878 1300 quae
2927 1232 3072 1286 dicta
3101 1242 3232 1287 sunt
3262 1249 3372 1286 non

1803 1321 2067 1390 pudebat,
2101 1336 2202 1375 nos
2230 1329 2284 1375 et
2317 1320 2562 1376 Ecclesia
2598 1335 2707 1374 non
2753 1321 3019 1376 habemus
3052 1323 3370 1392 bujusmodi

1805 1426 2036 1465 morem.
2069 1410 2340 1476 Qualem?
2368 1425 2566 1480 nempe
2607 1411 3002 1495 contendendi,
3059 1413 3155 1466 sed
3201 1414 3372 1484 magi-

1806 1507 2045 1553 strorum
2078 1499 2368 1570 prmceptis
2390 1499 2806 1570 obtemperandi
2836 1515 2942 1554 non
2963 1501 3270 1559 renitendo.
3301 1533 3376 1544 —-

1816 1588 1926 1644 Vel.
1965 1587 2082 1643 Non
2119 1599 2203 1644 est
2253 1590 2426 1644 moris
2455 1589 2598 1659 apud
2626 1605 2751 1654 nos,
2801 1598 2859 1642 ut
2886 1589 2969 1643 vir
3013 1601 3262 1646 comatus
3301 1592 3376 1648 sit

1805 1661 1868 1736 et.
1889 1689 2036 1736 tecto
2073 1681 2271 1751 capite,
2304 1681 2500 1736 mulier
2532 1696 2661 1736 vero
2693 1697 2724 1736 e
2755 1680 2973 1737 diverso
2995 1681 3232 1738 incedat.

2406 1789 2636 1847 CAPUT
2680 1787 2792 1846 Vll.

145 1892 264 1961 napi
325 1909 639 1958 κοινωνιας
687 1889 1056 1958 θεοπρεποῦς
1077 1931 1093 1957 ,
1139 1891 1212 1946 οὐ
1247 1888 1697 1960 πλησμονικῆς.

1815 1880 1880 1936 De
1909 1882 2411 1961 communicatione,
2432 1899 2548 1961 qua:
2575 1883 2673 1961 Dei
2701 1883 2930 1961 cultores
2958 1884 3163 1948 deceat,
3193 1895 3242 1940 et
3271 1903 3374 1940 non

209 2055 379 2109 Τοῦτο
401 2051 469 2106 δὲ
488 2051 921 2122 παραγγέλλων
943 2053 1055 2106 οὐκ
1077 2050 1322 2115 ἐπαινῶ,
1357 2051 1447 2105 ὅτι
1475 2052 1585 2106 οὐκ
1612 2052 1701 2117 είς

144 2151 200 2200 τὸ
229 2145 509 2214 κρεῖττον,
539 2144 677 2198 ἀλλ’
702 2146 786 2208 εἰς
808 2144 874 2196 τὸ
902 2139 1083 2213 ἧττον
1109 2142 1504 2210 συνέρχεσθε.
1538 2143 1698 2211 Πρῶ-

147 2237 358 2308 τονμέν
379 2237 489 2306 γὰρ
511 2235 976 2304 συνερχομένων·
1002 2233 1168 2302 ὑμῶν
1187 2233 1256 2287 ἐν
1272 2233 1344 2302 τῇ
1379 2234 1698 2301 ἐκκλησίᾳ,

143 2330 326 2384 ἀκούω
354 2331 662 2396 σχίσματα
691 2327 758 2379 ἐν
788 2325 930 2393 ὑμῖν
953 2326 1264 2394 ὑπάρχειν,
1313 2325 1412 2380 καὶ
1445 2325 1625 2395 μέρος
1645 2324 1701 2378 τι

145 2421 410 2475 πιστεύω.
445 2418 541 2472 Δεῖ
573 2417 684 2488 γὰρ
713 2416 809 2471 καὶ
842 2417 1097 2486 αἱρέσεις
1124 2417 1192 2469 ἐν
1221 2417 1364 2486 ὑμῖν
1386 2413 1560 2479 εἶναι,
1599 2416 1700 2470 Ζνα

146 2516 191 2566 οι
213 2511 434 2578 δόκιμοι
464 2508 714 2578 φανεροὶ
736 2509 1022 2578 γένωνται
1053 2508 1120 2561 ἐν
1139 2507 1298 2576 ὑμῖν.
1332 2509 1701 2576 Συνερχομέ-

145 2620 252 2656 νων
279 2599 388 2658 οὖν
411 2601 578 2670 ὑμῶν
620 2601 718 2654 ἐπὶ
759 2600 826 2654 τὸ
867 2599 1051 2664 αὐτὸ,
1093 2601 1201 2654 οὐκ
1247 2599 1376 2654 ἐστι
1411 2598 1707 2668 Κυριακὸν

146 2695 377 2748 δεῖπνον
399 2691 630 2762 φαγεῖν.

208 2783 624 2855 Παραγγέλλων,
659 2781 846 2852 φησὶν,
899 2781 998 2834 οὐκ
1050 2780 1259 2834 ἐπαινῶ
1307 2779 1469 2851 ὑμᾶς,
1502 2781 1583 2834 ὅτι
1633 2799 1700 2852 με

147 2877 366 2942 ἠγάγετε
394 2875 532 2936 ὅλως
588 2874 666 2935 εἰς
717 2873 964 2942 ἀνάγκην
1003 2872 1376 2943 παραγγελίας
1421 2872 1711 2942 τοιαύτης..

151 2967 282 3018 Ἔδει
319 2964 426 3034 γὰρ
449 2965 614 3034 ὑμᾶς,
662 2964 797 3035 μήτε
831 2962 1093 3033 δεηθῆναι
1139 2965 1218 3026 είς
1245 2961 1403 3016 τοῦτο
1436 2963 1702 3034 παραινέ-

149 3072 291 3118 σεως.
318 3055 431 3107 Οὐκ
461 3052 691 3114 ἐπαινῶ,
725 3053 880 3123 φησὶ,
905 3053 966 3104 τὸ
1007 3051 1364 3122 συνέρχεσθαι
1393 3051 1556 3120 ὑμᾶς,
1583 3051 1706 3104 καί-

147 3164 220 3199 τοι
259 3146 477 3199 ἐπαίνου
520 3145 667 3210 ἄξιον
695 3139 783 3215 ἦν,
836 3142 952 3198 ἀλλ’
1003 3143 1160 3196 αὐτοὶ
1205 3144 1338 3196 αὐτὸ
1393 3142 1563 3211 ψόγου
1613 3141 1708 3196 καὶ

2240 1955 2310 2006 sit
2343 1953 2411 2006 ad
2435 1956 2928 2024 ingurgitationem.

1873 2039 1965 2106 XI,
2007 2040 2196 2096 17-20.
2232 2041 2348 2096 Hoc
2378 2053 2553 2098 autem
2580 2046 2890 2112 praecipiens
2923 2045 3204 2100 conlaudo
3236 2049 3376 2117 quod

1806 2148 1908 2186 non
1939 2133 1995 2187 in
2029 2135 2241 2198 melius,
2268 2138 2358 2189 sed
2395 2136 2448 2188 in
2480 2136 2710 2189 deterius
2731 2138 3037 2192 convenitis.
3073 2136 3217 2191 Nam
3257 2141 3374 2207 pri-
3458 2180 3461 2181 ν

1806 2242 1949 2278 mum
1989 2228 2198 2297 quidem
2247 2244 2367 2281 cum
2434 2229 2485 2281 in
2539 2229 2813 2281 ecclesiam
2856 2231 3163 2295 convenitis,
3213 2231 3375 2285 audio

1805 2318 2034 2372 dissidia
2057 2320 2111 2372 in
2139 2320 2282 2373 vobis
2301 2337 2432 2386 esse,
2454 2329 2502 2372 et
2533 2320 2715 2390 aliqua
2739 2335 2803 2374 ea:
2827 2331 2977 2389 parte
3003 2321 3180 2376 credo.
3203 2321 3378 2392 Opor-

1808 2418 1878 2462 tet
1909 2411 2048 2464 enim
2077 2421 2126 2464 et
2168 2422 2338 2464 sectas
2380 2412 2432 2463 in
2470 2412 2612 2464 vobis
2631 2429 2774 2475 ,esse,
2815 2422 2870 2465 ut
2900 2413 2988 2481 qui
3017 2413 3224 2481 probati
3253 2424 3376 2467 sunt

1807 2502 2080 2568 mani/esti
2107 2501 2240 2570 ﬁant
2267 2501 2402 2554 inter
2440 2519 2550 2557 vos.
2581 2501 2715 2556 Cum
2743 2504 2908 2572 igitur
2938 2504 2990 2557 in
3029 2507 3263 2558 eumdem
3296 2506 3375 2558 lo-

1809 2611 1929 2648 cum
1999 2596 2306 2654 convenitis,
2365 2610 2467 2648 non
2523 2596 2775 2666 contingit
2845 2596 3177 2650 Dominicam
3226 2597 3377 2652 edere

1809 2704 2032 2742 comam.

1876 2779 2236 2851 Prmcipiens,
2300 2781 2504 2851 inquit,
2560 2797 2668 2836 non
2724 2781 2886 2836 laudo
2920 2797 3038 2843 vos,
3089 2781 3236 2850 quod
3293 2797 3378 2834 me

1807 2873 2029 2926 omnino
2063 2872 2114 2924 in
2148 2871 2462 2940 hujusmodi
2497 2874 2755 2942 praecepti
2790 2873 3370 2928 necessitatemduxe-

1808 2963 1948 3017 ritis.
1981 2960 2242 3032 Oportuit
2281 2963 2426 3018 enim
2457 2955 2615 3018 vobis
2652 2965 2709 3017 in
2735 2964 2860 3026 hoc,
2902 2979 2970 3018 ne
3003 2963 3378 3017 admonitione

1807 3058 2029 3128 quidem
2097 3072 2237 3128 opus
2293 3073 2440 3113 esse.
2508 3058 2627 3114 Non
2685 3057 2884 3122 laudo,
2952 3057 3166 3126 inquit,
3231 3056 3378 3126 quod

1807 3149 2128 3204 convenitis.
2183 3150 2349 3217 Atqui
2415 3147 2577 3202 laude
2633 3148 2856 3216 dignum
2909 3155 3051 3212 erat,
3101 3147 3196 3201 sed
3272 3145 3377 3214 ipsi

149 3239 465 3310 κατηγορίας
494 3238 667 3290 αἴτιον
693 3237 1009 3306 ἐποιήσατε,
1045 3235 1162 3306 ἄμα
1187 3237 1279 3288 καὶ
1307 3235 1604 3306 ἐντρέπων,
1622 3235 1703 3287 ὅτι

1815 3238 1971 3309 528
2025 3238 2156 3293 illud
2235 3239 2488 3308 vituperii
2569 3247 2623 3293 et
2701 3238 3076 3292 accusationis
3153 3251 3376 3290 causam

150 3331 226 3398 ἐφ’
254 3325 332 3392 οἷς
356 3329 693 3382 ἐπαινεῖσθαι
723 3328 904 3391 αὐτοῖς
926 3327 1076 3397 ἐνῆν,
1104 3328 1226 3382 ἀντὶ
1265 3327 1453 3380 τούτου
1487 3345 1706 3399 παραγ-

150 3421 320 3489 γελίας
349 3421 528 3476 καὶτὸ
559 3423 632 3491 μὴ
668 3418 1011 3473 ἐπαινεῖσθαι
1054 3420 1272 3483 ἑαυτοῖς
1303 3419 1704 3476 ἐπεσπάσαντο.

151 3514 290 3566 Διατί
314 3515 369 3568 δὲ
395 3515 494 3567 οὐκ
521 3515 737 3567 ἐπαινεῖ
757 3513 814 3566 τὸ
835 3511 1192 3582 συνέρχεσθαι
1216 3529 1231 3577 ;
1255 3511 1377 3565 Ὀτι
1395 3512 1494 3566 οὐκ
1514 3514 1607 3566 ἐπὶ
1629 3513 1706 3586 τῷ

154 3604 426 3673 κρείττονι,
460 3603 652 3674 ὥσπερ
691 3603 818 3667 ἔδει,
844 3602 960 3656 ἀλλ’
989 3603 1083 3656 ἐπὶ
1107 3601 1184 3672 τῷ
1223 3600 1427 3673 χείρονι
1449 3603 1707 3675 συνέρχε-

157 3695 264 3760 σθε,
292 3698 404 3768 ἢτοι
438 3699 533 3751 ἐπί
558 3696 636 3768 τῷ
658 3696 946 3766 ἀτιμάζειν
968 3694 1095 3759 τοὺς
1116 3693 1381 3763 ἀδελφοὺς
1397 3695 1491 3748 xui.
1516 3713 1710 3751 καται-

158 3787 378 3854 σχύνειν,
415 3789 508 3842 καὶ
538 3788 637 3858 τὴν
663 3784 951 3851 ἀλαζονίαν
970 3785 1122 3856 ὑμῶν
1141 3785 1235 3839 καὶ
1265 3787 1711 3857 γαστριμαργίαν

157 3876 564 3930 ἰπιδείκνυσθαι.
599 3895 618 3928 ι
651 3876 774 3930 Ὀτι
798 3877 898 3929 οὐκ
925 3877 1002 3938 είς
1051 3875 1112 3928 τὸ
1148 3877 1416 3946 κρεῖττον.
1451 3895 1470 3928 ι
1512 3876 1631 3930 Ἵνα
1660 3877 1712 3930 τί

157 3965 247 4019 σὺκ
271 3968 502 4030 ἐπαινεῖς
529 3985 545 4033 ;
579 3967 724 4031 Ὀτι,
761 3965 946 4038 φησὶν,
981 3965 1082 4018 οὐκ
1108 3967 1189 4029 είς
1208 3965 1268 4017 τὸ
1295 3969 1564 4035 κρεῖττον,
1595 3967 1711 4020 ἀλλ’

159 4057 231 4118 είς
259 4059 314 4110 τὸ
339 4055 498 4130 ἦττον
535 4057 879 4129 συνέρχεσθε.
904 4057 1032 4111 Δέον
1063 4059 1170 4127 γάρ
1199 4058 1342 4125 ὑμᾶς
1382 4059 1476 4110 καὶ
1504 4058 1717 4112 ἐπιδοῦ-

160 4165 238 4200 ναι
267 4151 394 4220 πρὸς
420 4150 642 4222 ἀρετὴν,
676 4151 829 4204 αὐτοὶ
882 4151 977 4203 καὶ
1005 4151 1072 4221 ἢν
1117 4149 1293 4220 εἴχετε
1348 4149 1714 4221 διεφθείρατε.

168 4257 188 4288 I
223 4240 426 4312 Πρῶτον
457 4241 557 4312 μὲν
581 4243 691 4313 γὰρ
740 4241 1150 4311 συνερχομένων
1196 4239 1370 4303 ὑμῶν.
1407 4259 1424 4291 r
1474 4241 1537 4294 Ἤ
1568 4243 1716 4295 αἰτία

161 4327 246 4380 τοῦ
269 4329 358 4382 νῦν
391 4332 684 4401 κεφαλαίου
712 4331 852 4403 αὕτη
891 4327 979 4402 ἦν.
1009 4332 1145 4400 Παρ’
1172 4331 1352 4395 αὐτοῖς
1381 4331 1570 4385 δεῖπνα
1601 4335 1716 4386 Κυ-

167 4423 313 4485 ριακά
343 4423 570 4491 ἐγίνετο,
603 4423 816 4492 ἐγίνετο
837 4422 893 4474 δὲ
916 4422 1106 4486 οὕτως.
1143 4422 1296 4474 Κατὰ
1320 4422 1555 4492 φανερὰς
1579 4423 1715 4494 ὴμέ-

1804 3332 2178 3386 reddiderant.
2236 3330 2411 3385 Simul
2463 3331 2632 3386 etiam
2677 3346 2772 3386 eos
2833 3327 3177 3384 confundens
3229 3329 3376 3396 quod

1806 3421 1860 3475 in
1922 3421 2006 3476 bis
2057 3421 2123 3474 ob
2174 3435 2296 3490 qua:
2350 3435 2447 3476 eos
2517 3419 2729 3474 laudari
2803 3419 3210 3482 conveniebat,
3270 3417 3376 3472 sibi

1807 3514 1942 3581 ipsis
1993 3525 2258 3582 prmcepta
2316 3527 2416 3582 pro
2453 3512 2706 3566 laudibus
2777 3512 3128 3566 advexerant.
3196 3509 3379 3576 Quare

1806 3614 1992 3660 autem
2048 3618 2158 3659 non
2217 3603 2405 3657 laudat
2454 3601 2600 3672 quod
2656 3600 3033 3656 conveniant?
3076 3596 3214 3667 Quia
3270 3615 3379 3653 non

1808 3702 2035 3766 propter
2067 3693 2288 3760 melius,
2333 3693 2538 3764 inquit,
2601 3691 2750 3748 sicut
2779 3691 3048 3762 oportuit,
3081 3691 3176 3746 sed
3211 3690 3280 3744 ad
3324 3690 3379 3744 id

1811 3787 1957 3859 quod
1991 3787 2238 3842 deterius
2275 3793 2362 3842 est
2405 3785 2752 3841 convenitis:
2800 3784 2918 3840 sive
2954 3781 3023 3838 ad
3072 3783 3382 3852 despicien-

1809 3886 1939 3941 dum
1986 3894 2043 3938 et
2093 3882 2554 3955 pudefaciendum
2603 3881 2824 3946 fratres,
2887 3889 2942 3936 et
2993 3880 3060 3934 ad
3120 3880 3380 3938 demons-

1810 3975 2063 4031 trandum
2094 3982 2337 4028 vestrum
2371 3972 2571 4028 fastum
2597 3979 2650 4027 et
2679 3971 3147 4040 gastrimargiam.
3178 3988 3197 4022 ι
3231 3970 3376 4036 Quia

1814 4080 1924 4120 non
1966 4065 2020 4119 in
2052 4064 2267 4118 melius.
2329 4081 2349 4114 ι
2388 4063 2564 4128 Quam
2603 4061 2675 4116 ob
2724 4076 2951 4116 causam
3007 4074 3115 4114 non
3146 4060 3381 4114 laudas?

1816 4156 1954 4224 Quia
2001 4171 2108 4210 non
2151 4154 2205 4208 in
2263 4154 2480 4218 melius,
2531 4153 2626 4208 sed
2674 4151 2730 4206 in
2765 4151 3009 4207 deterius
3044 4151 3378 4207 convenitis.

1815 4249 1951 4305 Cum
1982 4249 2125 4302 enim
2166 4252 2443 4316 oporteret
2473 4259 2572 4299 vos
2612 4242 2814 4297 addere
2844 4243 2911 4297 ad
2960 4242 3250 4309 virtutem,
3277 4242 3381 4310 ipsi

1819 4340 1984 4395 etiam
2040 4338 2193 4392 illam
2247 4351 2408 4406 quam
2456 4334 2744 4390 habebatis
2792 4333 3133 4403 perdidistis.
3191 4351 3210 4386 ι
3247 4331 3380 4385 Nam

1819 4433 2053 4502 primum
2107 4429 2325 4499 quidem
2371 4442 2495 4482 cum
2537 4427 2592 4481 in
2623 4427 2930 4482 Ecclesiam
2985 4427 3314 4482 convenitis.
3355 4443 3377 4477 ι

165 4523 254 4576 ρας
281 4511 441 4584 ἧγουν
469 4512 830 4584 ἑορτασίμους
892 4513 1034 4582 μετά
1094 4512 1190 4583 τὴν
1227 4512 1337 4566 τῶν
1385 4515 1557 4582 ἁγίων
1616 4532 1709 4586 μυ-

1819 4520 1994 4576 Causa
2027 4518 2316 4590 praesentis
2346 4517 2545 4588 capitis
2585 4517 2699 4570 lucc
2727 4525 2866 4571 erat.
2903 4518 3058 4586 Apud
3091 4519 3238 4587 ipsos
3276 4516 3383 4569 Do-

165 4604 382 4672 στηρίων
413 4603 736 4675 μετάληψιν,
764 4605 974 4673 ἐγίνετο
1005 4606 1194 4657 δεῖπνα
1223 4605 1398 4672 κοινά,
1419 4607 1526 4659 τῶν
1552 4606 1715 4660 πλου-

164 4691 381 4750 τούντων
405 4697 954 4769 παρασκευαζόντων,
977 4697 1072 4751 καὶ
1099 4701 1226 4761 τοὺς
1248 4699 1487 4768 πένητας
1514 4717 1717 4768 συγκα-

163 4779 437 4855 λουμένων.
457 4789 631 4841 Τοῦτο
664 4787 720 4841 δὲ
757 4784 826 4859 ἦν
862 4788 1133 4858 πρόφασις
1157 4788 1376 4859 ἀγάπης
1410 4790 1504 4842 καὶ
1529 4808 1717 4844 ταπει-

166 4879 500 4952 νοφροσύνης.
556 4881 709 4933 Ἐπεὶ
752 4879 843 4932 οὖν
903 4880 962 4933 τὺ
1005 4880 1208 4934 τούτων
1265 4881 1485 4950 ἀγαθῶν
1545 4883 1718 4937 αἴτιον

163 4971 561 5044 παρεφθεῖρετο,
623 4972 817 5042 ἐδεήθη
873 4971 967 5025 τοῦ
1016 4972 1246 5044 γράψαν
1286 4993 1304 5027 ι
1347 4974 1554 5028 Ἀκούω
1601 4976 1718 5047 σχί-

162 5069 332 5123 σματα
382 5065 438 5118 ἐν
485 5065 635 5136 ὑμῖν.
675 5082 693 5116 ι
730 5064 843 5117 Οὐκ
893 5064 1054 5127 εὐθὺς
1111 5065 1166 5116 δὲ
1215 5067 1293 5129 είς
1337 5065 1425 5118 τὸν
1461 5067 1589 5137 περὶ
1626 5066 1758 5118 τοῦκ

159 5145 426 5224 Κυριιυιοῦ
474 5155 691 5210 δείπνου
749 5155 904 5223 λόγον
939 5154 1208 5223 εἰσῆλθεν,
1258 5156 1604 5211 ἁλλ’άνωθεν
1629 5161 1722 5210 ἐκ·

154 5239 340 5301 κόπτει
370 5249 428 5302 τὸ
454 5249 644 5303 κακόν.
688 5249 798 5302 Καὶ
859 5247 967 5318 γὰρ
1017 5247 1111 5302 καὶ
1153 5249 1212 5300 τὸ
1254 5249 1331 5320 μὴ
1362 5249 1596 5301 συνιέναι
1627 5251 1722 5302 καὶ

147 5338 480 5391 συνδειπνεῖν
524 5339 661 5408 μετὰ
712 5337 820 5391 τῶν
872 5338 1141 5407 πενήτων,
1191 5339 1394 5409 σχίσμα
1430 5334 1516 5410 ἦν,
1562 5358 1579 5390 ι
1613 5340 1723 5393 Καὶ

149 5423 317 5493 μέρος
341 5449 390 5484 τι
425 5429 685 5482 πιστεύω.
723 5449 741 5480 ι
780 5430 1059 5495 Τουτέστι,
1097 5432 1310 5500 Μικρόν
1351 5450 1403 5484 τι
1460 5431 1720 5486 πιστεύω.

143 5507 320 5574 Τοῦτο
390 5521 565 5588 λέγων
594 5561 609 5583 ,
659 5521 748 5574 ἵνα
801 5520 876 5590 μὴ
953 5522 1462 5593 ἀναισχυντοτέρους
1527 5524 1724 5586 αὐτοὺς

137 5613 370 5683 ποιήσῃ,
426 5614 562 5665 Οὔτε
623 5608 775 5665 εἶπεν
834 5612 1070 5679 ἀπιστῶ,
1125 5613 1211 5666 ἵνα
1261 5613 1336 5684 μὴ
1375 5613 1498 5685 δόξῃ
1547 5613 1722 5684 μάτην

135 5688 436 5776 ὲττιηιιμᾷν.
481 5703 644 5757 Ἀ).λά
681 5703 892 5773 Μικρόν
951 5720 1026 5766 τι,
1062 5707 1213 5773 φησὶ,
1269 5705 1528 5757 πιστεύω.
1566 5722 1585 5754 ι
1635 5705 1726 5757 Δεῖ

134 5784 268 5860 γὰρ
314 5801 408 5849 καὶ
462 5796 724 5864 αἱρέσεις.
791 5815 810 5846 ι
871 5795 1137 5864 Αίρέσεις
1186 5796 1454 5860 ἐνταῦθα,
1507 5795 1568 5848 οὐ
1627 5796 1722 5859 τὰς

125 5869 487 5958 δογματικάς
525 5906 678 5958 φησι,
718 5887 816 5951 τὰς
856 5889 982 5959 περὶ
1010 5888 1265 5952 πίστεως,
1290 5887 1423 5942 ἀλλά
1452 5888 1547 5951 τὰς
1586 5889 1714 5959 ’περὶ⁸

1819 4612 2032 4669 miuicas
2076 4626 2248 4666 (3(an
2290 4609 2511 4673 ﬁebant,
2548 4618 2602 4663 et
2645 4609 2748 4663 hoc
2783 4610 2944 4662 modo
2979 4608 3197 4664 ﬁebant.
3239 4607 3384 4662 Prat-

1819 4704 1999 4773 cipuis
2031 4701 2224 4758 diebus
2267 4701 2383 4757 sive
2417 4699 2572 4754 festis
2611 4705 2736 4769 post
2759 4714 3044 4754 sacrorum
3093 4700 3386 4770 mysterio-

1821 4811 1944 4850 rum
1979 4793 2456 4866 participationem
2507 4791 2811 4860 agebantur
2848 4806 3166 4846 communcs
3191 4805 3381 4858 meme,

1822 4887 2266 4961 praeparantibus
2297 4886 2420 4940 illas
2452 4883 2714 4938 divitibus
2749 4897 2812 4937 ac
2843 4898 3112 4952 pauperes
3139 4883 3382 4938 invitan-

1821 4982 1989 5036 tibus.
2022 4979 2077 5035 ld
2097 4987 2277 5034 autem
2314 4983 2430 5032 erat
2473 4976 2694 5030 occasio
2725 4973 3016 5028 charitatis
3061 4982 3114 5027 et
3169 4976 3388 5030 modes-
3433 5017 3460 5045 ,

1823 5075 1911 5126 tia:
1958 5070 2148 5124 animi.
2201 5066 2336 5122 Cum
2396 5066 2560 5137 igitur
2599 5064 2794 5119 horum
2841 5079 3066 5118 causam
3116 5066 3386 5120 bonorum

1823 5160 2223 5230 corrupissent,
2301 5173 2528 5213 necesse
2590 5155 2696 5211 fuit
2758 5155 3024 5227 Apostolo
3096 5157 3385 5215 scribere:

1829 5273 1847 5306 ι
1881 5253 2062 5306 Audio
2117 5250 2348 5306 dissidia
2394 5251 2449 5304 in
2509 5249 2665 5303 vobis
2695 5263 2842 5303 esse.
2886 5265 2906 5301 ι
2962 5245 3079 5303 Non
3129 5255 3279 5304 recta
3319 5247 3387 5302 ad

1824 5357 2131 5400 sermonem
2152 5341 2219 5396 de
2251 5356 2408 5396 cmna
2424 5339 2706 5394 Dominica
2737 5337 2994 5400 accessit,
3019 5338 3116 5393 sed
3151 5353 3388 5408 superne

1827 5436 2030 5488 malum
2066 5440 2337 5503 amputat.
2383 5431 2596 5488 Etenim
2639 5432 2815 5502 ipsum
2849 5448 3067 5502 quoque
3097 5446 3219 5486 cum
3250 5446 3388 5499 pau-

1827 5525 2051 5596 peribus
2082 5539 2189 5578 non
2217 5522 2534 5587 convenire,
2568 5531 2661 5577 aut
2691 5537 2799 5576 una
2829 5537 2938 5576 non
2971 5534 3190 5576 cmnare
3222 5517 3390 5572 dissi-

1825 5616 1977 5670 dium
2005 5625 2142 5669 erat.
2185 5633 2203 5666 ι
2238 5612 2304 5668 Et
2334 5613 2515 5683 aliqua
2547 5629 2613 5668 ex
2652 5621 2805 5682 parte
2835 5611 3021 5666 credo.
3067 5629 3086 5662 ι
3121 5609 3236 5663 Hoc
3267 5616 3385 5662 est:

1829 5708 2028 5778 Aliquo
2061 5705 2221 5761 modo
2250 5705 2441 5770 credo,
2477 5705 2561 5758 vel
2597 5721 2609 5756 :
2658 5701 2950 5757 Paululum
2978 5699 3168 5763 credo,
3192 5713 3261 5754 ne
3297 5699 3385 5752 ui-

1830 5799 2001 5853 mium
2035 5814 2130 5854 eos
2188 5795 2518 5868 pttdel‘aciat.
2563 5794 2671 5848 Nec
2722 5793 2882 5857 dixit,
2929 5807 3037 5846 non
3068 5789 3257 5857 credo,
3315 5803 3386 5844 ne

1823 5889 2032 5945 frustra
2059 5891 2346 5959 increpare
2385 5885 2660 5951 videatur,
2687 5883 2780 5939 sed
2814 5883 2889 5937 ait
2923 5899 2935 5937 :
2969 5881 3256 5961 Paululum
3287 5881 3387 5936 ali-
