3872 6580
182 483 282 547 805

1091 483 1476 544 COMMENT.
1511 484 1593 546 ΙΝ
1635 485 1872 547 EPIST.
1905 487 1931 546 Ι
1967 488 2067 547 ΑΙ)
2092 488 2451 550 CORINTH.

3314 493 3433 558 '806

175 599 495 667 διαλέγεται.
545 596 674 652 Δέον
717 596 827 666 γὰρ
863 596 1062 661 εἰπεῖν,
1102 595 1289 651 ταῦτα
1309 598 1370 651 οὐ
1413 597 1628 669 μυρίων
1647 598 1740 653 θα-

1850 598 2048 658 t‘uisset
2080 611 2140 656 ut
2160 602 2404 659 diceret:
2448 602 2644 659 Annon
2669 601 2784 659 haec
2812 602 2959 659 mille
2984 604 3252 662 mortibus
3267 606 3433 679 digna

175 690 352 746 νάτων
401 688 565 754 ἄξιαι
617 686 804 759 φησίν,
864 706 883 738 ι
905 687 1215 741 Ἐπαινέσω
1245 688 1390 758 ὑμᾶς
1415 689 1509 742 ἐπὶ
1534 689 1747 760 τούτῳς

173 782 286 838 Θύκ
316 781 579 838 ἐπαινῶ.»
609 780 675 833 Τί
699 781 826 849 ὑμῖν
851 779 1027 846 δοκεῖς
1066 781 1210 853 Ἀρα
1235 781 1564 853 παραλόγως
1597 778 1751 837 εἷπον

172 874 301 944 ὑμῖν
349 876 447 928 καὶ
514 872 817 945 ἀρχόμενος
871 875 971 943 τῆς
1034 873 1347 937 ὑποθέσεως
1391 873 1595 942 ταύτης
1667 876 1750 929 ὅτι

170 966 270 1021 οὐκ
297 966 540 1033 ἐπαινῶς
569 965 691 1035 οὐχὶ
717 964 811 1021 καὶ
837 965 931 1019 ἀπ’
964 964 1133 1035 αὐτῆς
1146 968 1246 1036 τῆς
1272 965 1383 1018 τῶν
1407 965 1750 1037 πραγμάτων

170 1060 494 1124 ἀκολουθίας
542 1061 797 1130 ἐμάθετε,
829 1060 912 1114 ὅτι
948 1059 1005 1112 ἐν
1030 1058 1410 1131 ἐπαινουμένῳ
1459 1061 1751 1131 πράγματι

168 1149 247 1218 τῷ
283 1150 549 1222 Κυριαχῷ
581 1149 804 1222 δείπνῳ,
856 1150 1025 1219 ψόγου
1055 1149 1215 1220 ὑμεῖς
1238 1149 1354 1203 ἀλλ’
1389 1150 1489 1203 οὐκ
1521 1152 1750 1206 ἐπαίνου

170 1239 295 1308 ἄξια
327 1240 759 1313 διαπράττεσθες
807 1241 970 1296 Ὥστε
1001 1240 1110 1310 ἐγὼ
1139 1238 1365 1305 δικαίως
1385 1240 1488 1294 οὐκ
1520 1240 1750 1308 ἐπαινῶ,

171 1331 376 1401 καίπερ
401 1329 523 1384 καθ’
553 1330 688 1385 αὐτὸ
716 1329 1003 1386 ἐπαινετοῦ
1033 1328 1272 1402 μάλιστα
1299 1327 1394 1385 τοῦ
1428 1328 1592 1401 ἔργου
1624 1348 1753 1401 τυγ-

174 1439 450 1493 χανοντος.

250 1550 391 1620 Ἐγὼ
442 1551 557 1620 τὰρ
602 1554 948 1621 ,παρέλαϐον
983 1554 1104 1608 ἀπὸ
1143 1553 1253 1609 τοῦ
1304 1553 1530 1623 Κυρίου
1559 1552 1592 1607 ὃ
1651 1553 1749 1609 καὶ

179 1643 483 1712 παρέδωκα
496 1644 656 1713 ὑμῖν,
705 1645 794 1699 ὅτι
826 1647 859 1699 ὀ
883 1647 1100 1715 Κύριος
1136 1645 1373 1714 Ἰησοῦς
1394 1647 1465 1699 ἐν
1487 1643 1560 1713 τῇ
1576 1645 1750 1700 νυκτί

183 1730 607 1806 ᾗπαρεδίδοτο,
652 1736 868 1791 ἐλαϐεν
904 1736 1108 1805 ἄρτον,
1140 1737 1238 1791 καὶ
1272 1736 1749 1807 εὐχαριστήσας,

184 1830 396 1885 ἔκλασα
410 1830 505 1884 καί
533 1826 685 1884 εῖπε·
730 1830 974 1896 Λάϐετε,
1000 1831 1237 1902 φάγετε,
1264 1832 1445 1887 τοῦτό
1466 1851 1547 1904 po
1620 1834 1753 1888 ἐστι

1849 688 2012 743 sunt?
2031 690 2193 761 δυο
2207 692 2285 747 ait
2312 709 2328 746 :
2358 711 2379 745 ε
2403 690 2664 748 Laudabo
2690 706 2789 749 vos
2816 691 2871 747 in
2893 692 3034 749 boc‘l
3050 692 3171 750 Non
3192 694 3378 752 laudo.
3409 714 3426 748 ι

1849 779 1992 847 Quid
2021 783 2183 838 vobis
2204 783 2421 840 videtur
2443 786 2466 839 i
2485 786 2568 840 An
2600 793 2802 856 praeter
2835 787 3101 843 rationem
3121 785 3236 842 dixi
3277 789 3434 844 vobis
3499 856 3502 860 λ

1849 872 2014 928 etiam
2048 873 2103 928 in
2133 874 2293 930 initio
2321 874 2489 947 hujus
2518 878 2831 948 argumenti
2873 879 3019 948 quod
3062 893 3175 934 non
3237 878 3429 934 lauda-

1851 975 1964 1015 rem
1991 961 2217 1019 ianuon
2248 980 2315 1019 ex
2367 965 2487 1035 ipsa
2526 981 2745 1037 quoque
2795 982 2981 1024 rerum
3038 970 3428 1038 consequentia

1852 1051 2142 1120 didicistis,
2179 1056 2324 1127 quod
2362 1057 2417 1112 in
2449 1073 2510 1114 re
2558 1058 2853 1127 laudanda,
2895 1075 3092 1131 nempe
3146 1062 3427 1117 Dominica

1851 1160 2037 1214 coena,
2071 1163 2173 1203 vos
2204 1149 2475 1220 vituperio
2497 1162 2550 1207 et
2580 1167 2690 1208 non
2720 1153 2878 1210 laude
2901 1153 3062 1226 digna
3085 1155 3376 1226 peregistis
3404 1155 3428 1207 ?

1850 1232 2006 1291 Juste
2055 1237 2240 1309 itaque
2309 1255 2430 1312 ego,
2485 1241 2685 1312 inquit,
2738 1259 2845 1299 non
2902 1243 3157 1312 laudabo,
3210 1246 3425 1303 etiamsi

1852 1341 1989 1396 opus
2012 1327 2068 1382 in
2096 1343 2157 1384 se
2179 1328 2251 1385 sit
2282 1332 2519 1389 maxime
2550 1333 2844 1393 laudabile.

1925 1556 2018 1621 XI,
2051 1556 2244 1614 25-25.
2299 1560 2407 1630 Ego
2445 1562 2582 1615 enim
2621 1565 2797 1631 accepi
2843 1580 2875 1615 ιι
2904 1561 3130 1617 Domino
3174 1565 3313 1634 quod
3378 1577 3429 1618 et

1855 1645 2056 1699 tradidi
2081 1647 2245 1715 vobis,
2285 1650 2425 1720 quod
2482 1650 2737 1706 Dominus
2796 1650 2953 1707 Iesus
3008 1669 3072 1708 ea
3106 1665 3269 1708 .nocte
3325 1672 3427 1724 qua

1854 1736 2167 1793 tradebatur
2192 1744 2394 1810 accepit
2428 1757 2638 1810 panem,
2690 1728 2910 1815 cumque
2951 1747 3157 1817 gratias
3217 1747 3425 1816 egisset,

1852 1829 2006 1902 fregit
2033 1847 2097 1885 ac
2121 1831 2258 1885 dixit
2287 1849 2305 1887 :
2332 1834 2587 1904 Accipite,
2610 1836 2767 1900 edite,
2789 1837 2884 1891 hoc
2912 1847 2988 1891 est
3020 1854 3208 1908 corpus
3229 1854 3425 1901 meum,

182 1924 241 1979 τὸ
267 1923 454 1993 σῶμα,
483 1925 550 1978 τὸ
590 1923 743 1992 ὑπὲρ
773 1922 939 1993 ὑμῶν
972 1922 1298 1993 κλῶμεν-ον.
1322 1925 1503 1980 Τοῦτο
1524 1926 1740 1981 ποιεῖτε

1851 1927 1988 1995 quod
2021 1939 2120 1994 pro
2162 1924 2303 1980 vobis
2333 1916 2618 1999 frangitur,
2646 1929 2743 1982 Itoc
2771 1928 2931 1998 facite
2960 1930 3014 1983 in
3047 1930 3149 1985 mei
3201 1947 3426 1985 commeo

182 2019 259 2085 εις
301 2016 414 2086 τὴν
467 2016 623 2086 ἐμὴν
674 2015 1039 2085 ἀνάμνησιν.
1086 2016 1385 2084 Ὡσαύτως
1407 2018 1504 2072 καὶ
1539 2018 1606 2073 τὸ
1636 2034 1744 2073 πο-

185 2108 372 2176 τήριον
413 2109 565 2177 μετὰ
613 2109 680 2161 τὸ
739 2106 1065 2176 δειπνῆσαι
1095 2147 1110 2174 ,
1165 2107 1394 2178 λέγων·
1443 2109 1628 2165 Τοῦτο
1678 2108 1746 2163 τὸ

185 2198 459 2267 ποτήριον
483 2200 521 2267 ἡ
566 2197 742 2268 καινὴ
782 2196 1040 2267 διαθήκη
1076 2198 1271 2263 ἐστιν,
1293 2198 1362 2253 ἐν
1385 2197 1466 2264 τῷ
1504 2198 1624 2269 ἐμῷ
1652 2200 1743 2253 αἵ-

177 2304 322 2353 ματι.
396 2288 576 2342 Τοῦτο
636 2287 878 2355 ποιεῖτε,
934 2287 1150 2356 ὁσάκις
1185 2289 1264 2344 ἂν
1280 2291 1495 2360 πίνητε
1521 2293 1610 2358 εις
1631 2289 1747 2361 τὴν

183 2378 321 2450 ἐμὴν
348 2379 712 2451 ἀνάμνησιν.

246 2515 427 2569 Καίτοι
490 2516 551 2568 οὐ
616 2515 797 2586 παρῆν
856 2515 980 2570 τότε
1018 2516 1049 2569 δ
1116 2515 1348 2581 Παῦλος.
1399 2518 1526 2581 Πῶς
1570 2518 1739 2587 λέγει’

191 2624 209 2657 ι
237 2606 373 2676 Ἐγὼ
424 2607 734 2679 παρέλαὸον
764 2607 873 2662 ἀπὸ
893 2608 990 2662 τοῦ
1020 2608 1227 2680 Κυρίου
1251 2627 1266 2677 ;
1299 2609 1465 2666 Ἀλλὰ
1493 2609 1588 2664 νῦν
1605 2628 1746 2680 παρ-

186 2699 311 2753 έστι.
369 2700 477 2753 Καὶ
502 2698 612 2770 γὰρ
677 2698 794 2764 νῦν,
837 2700 1030 2770 ὁμοίαν
1058 2700 1277 2770 ἐκείνης
1306 2702 1441 2772 ἡμῖν
1483 2703 1511 2755 ό
1535 2701 1743 2773 Κύριος

186 2789 501 2862 παρατίθησι
518 2791 820 2861 τραπέζαν.
837 2820 910 2832 ~—
946 2793 1046 2847 Ἦ.
1069 2792 1218 2856 "Ott,
1236 2791 1550 2863 Ἐδιδάχθην
1573 2792 1743 2847 ταῦτα

183 2879 282 2933 duo
306 2881 396 2936 τοῦ
436 2881 667 2954 Κυρίου,
721 2884 809 2938 ῐνα
909 2884 969 2936 τὸ
1003 2903 1022 2935 ι
1050 2884 1387 2955 Παρέλαὸον,
1415 2904 1434 2937 ι
1468 2884 1595 2939 ἀντὶ
1621 2883 1739 2953 τοῦ,

188 2992 206 3026 ι
226 2973 555 3044 Ἐδιδάχθην.
582 2992 603 3024 ι
632 3005 703 3017 --
740 2992 761 3026 ι
789 2975 911 3028 Ὅτι
947 2977 978 3028 ό
1004 2974 1215 3047 Κύριος
1235 2974 1464 3045 Ἰησοῦς.
1490 2994 1510 3027 ι
1555 2976 1752 3030 Ταῦτα’

184 3067 540 3136 παρήγγειλεν
568 3066 607 3137 ᾂ
628 3067 779 3136 λέγει
828 3066 1150 3136 παρέδωκα,
1190 3068 1283 3122 ίνα
1310 3067 1614 3138 ἐνδείξηται
1635 3068 1739 3136 ὅτι,

194 3155 250 3209 '0
288 3156 484 3229 Κύριος
539 3157 700 3227 ἡμῶν
732 3156 921 3225 κοινῆς
956 3156 1234 3229 τραπέζης
1274 3156 1337 3210 οὐ
1393 3158 1555 3227 μόνον
1613 3160 1743 3223 τοὺς

179 3249 361 3316 ἁγίους
431 3249 697 3320 μαθητὰς,
738 3249 876 3303 ἀλλὰ
905 3252 1000 3302 καὶ
1021 3249 1185 3302 αὐτὸν
1218 3249 1311 3303 τὸν
1346 3249 1617 3320 προδότην
1642 3251 1741 3306 αὐ-

176 3339 271 3408 τῆς
307 3340 529 3409 ἠξίωσε,
561 3341 655 3395 τὸν
672 3339 890 3411 ἐχθρὸν,
915 3340 1008 3394 τὸν
1050 3340 1430 3412 παμπόνηρον,
1456 3342 1552 3395 καὶ
1574 3342 1738 3411 ὑμεῖς

173 3430 463 3496 ἀπαξιοῦτε
501 3432 841 3488 συνδειπνεῖν
871 3433 1103 3506 πένησι;
1142 3434 1237 3487 καὶ
1258 3434 1342 3487 ὅτι
1377 3434 1738 3503 σταυροῦσθαι

177 3524 394 3594 μέλλων,
438 3524 646 3596 ταύτην
714 3528 848 3598 ἡμῖν
899 3527 1001 3599 τὴν
1052 3526 1447 3599 μυσταγωγίαν
1498 3529 1739 3598 ἐσχάτην

174 3615 506 3687 παρέδωκεν,
537 3617 654 3672 ἀλλ’
694 3618 855 3687 ὑμεῖς
890 3617 1062 3690 αὐτὴν
1096 3618 1458 3690 διεφθείρατε.
1486 3647 1557 3662 -—
1593 3622 1735 3677 Ἀλ-

172 3707 309 3771 λως.
333 3708 443 3762 Ειὸ
468 3708 695 3778 Κύριος,
750 3711 905 3780 φησὶ,
948 3710 1226 3763 κοινωνεῖν
1271 3725 1333 3762 σε
1379 3709 1475 3763 τοῦ
1535 3710 1737 3765 οἰκείου

176 3797 418 3866 σώματος
446 3799 544 3852 καὶ
566 3799 668 3868 τῆς
699 3798 969 3867 μυστικῆς
1001 3797 1283 3871 τραπέζης
1305 3799 1404 3854 οὐκ
1429 3800 1734 3869 ἀπηξίωσε,

176 3886 239 3939 σὺ
264 3890 374 3952 τοῖς
413 3890 528 3953 σοῖς
566 3886 821 3953 ἀπαξιοῖς
849 3889 943 3943 τὸν
980 3888 1301 3957 ὁμόδουλονς
1322 3920 1393 3931 -
1418 3892 1488 3947 Ἦ
1511 3891 1611 3946 καί
1638 3893 1738 3947 οὔ·

176 3993 306 4045 τως.
327 3981 438 4034 Εῖό
469 3980 676 4051 Κύριος
721 3981 920 4048 ἐπίσης
959 3997 1042 4035 σοι
1078 3982 1175 4035 καὶ
1195 3981 1273 4052 τῷ
1297 3982 1493 4053 πένητι
1528 3983 1624 4037 τοῦ
1652 3986 1736 4039 oi-

177 4073 320 4126 ulou
378 4073 631 4145 σώματος
679 4074 775 4127 καὶ
834 4074 1071 4144 αἵματος
1096 4072 1195 4144 τὴν
1217 4074 1496 4144 τραπέζαν
1518 4075 1613 4129 καὶ
1638 4075 1737 4145 τὴν

179 4164 419 4235 κρατῆρα
478 4163 839 4234 παρατίθησι,
885 4165 952 4218 σὺ
1001 4163 1207 4235 τολμᾷς
1267 4164 1457 4219 τοῦτον
1496 4166 1596 4235 τῆς
1639 4168 1738 4236 οῆς

179 4252 480 4325 ἁποσχίζειν
537 4255 820 4325 τραπέζης
880 4254 977 4308 καὶ
1057 4256 1377 4327 ὐπερορᾴνς
1430 4256 1493 4310 Ei
1530 4256 1736 4321 ἐκεῖνος

179 4347 483 4417 ηὐχαρίστει
513 4347 574 4400 τδ
599 4348 799 4401 οἰκεῖον
829 4348 990 4416 σῶμα
1040 4346 1282 4419 μερίζων
1312 4346 1409 4403 καὶ
1435 4347 1634 4413 διδοὺς,
1668 4348 1734 4403 σὺ

178 4439 232 4491 οὐ
256 4438 431 4509 πολλῷ
494 4438 695 4509 μᾶλλον
744 4438 1086 4509 εὐχαρίστως
1154 4437 1251 4492 καὶ
1304 4438 1446 4508 μετὰ
1473 4440 1736 4510 πλείστης

181 4534 342 4603 χαρᾶς
395 4533 504 4585 τῶν
526 4531 737 4585 ἐκεῖθέν
764 4547 848 4584 σοι
884 4529 1242 4603 δωρηθέντων
1297 4532 1589 4595 κοινωνοὺς
1638 4532 1735 4586 καὶ

184 4627 586 4696 τονεστιάτορας
615 4624 915 4695 λαμϐάνεις
956 4622 1084 4686 τοὺς
1149 4624 1392 4695 πένητας
1413 4641 1428 4690 i
1468 4641 1489 4677 ‘
1508 4624 1620 4679 καὶ
1648 4624 1736 4678 ⁸⁸⁵⁸
1759 4648 1814 4708 Ι)

182 4718 521 4788 χαριστήσας.
553 4733 575 4767 ι
614 4715 674 4769 ’0
709 4714 915 4786 Κύριος
944 4715 1376 4786 εὐχαριστήσας,
1406 4714 1606 4769 ἔκλασε
1641 4716 1735 4770 καὶ

187 4804 340 4862 ἔδωκε
369 4810 482 4871 τοῖς
525 4808 811 4879 μαθηταῖς.
857 4806 921 4859 Ei
949 4806 1128 4859 τοίνυν
1151 4805 1241 4859 ἐπ’
1280 4806 1600 4879 εὐχαριστίᾳ
1641 4806 1736 4860 καὶ

188 4897 241 4951 σὺ
288 4899 455 4971 Ξρχῃ,
514 4898 682 4969 μηδὲν
731 4897 952 4962 ἀνάξιον
1006 4896 1152 4950 ποίει
1208 4896 1309 4967 τῆς
1358 4897 1733 4968 εὐχαριστίας,

187 4990 409 5055 μεθύων,
431 4992 527 5045 καὶ
548 4989 696 5061 λιμῷ
720 4990 816 5042 καὶ
841 4988 998 5061 ὖῦρει
1027 4988 1354 5059 διαφθείρων
1367 4989 1461 5041 τὸν
1491 4988 1733 5059 advntu;

186 5095 201 5126 ι
220 5083 449 5147 Λάϐετε,
501 5083 729 5151 φάγετε.
759 5100 778 5133 ι
816 5081 992 5145 Αὐτὸς
1022 5080 1143 5152 μὲν,
1170 5082 1327 5151 φησὶ,
1349 5083 1504 5151 κοινῇ
1535 5081 1734 5134 δέδωκε

173 5174 323 5239 πᾶσι,
349 5174 412 5227 σὺ
442 5173 500 5227 δέ
535 5174 730 5226 σαυτὸν
769 5171 1086 5241 ἓιποσχίζεις
1107 5171 1218 5223 τῶν
1240 5170 1490 5240 πενήτων
1520 5171 1614 5222 καὶ
1639 5170 1733 5222 τοῦ

163 5261 259 5334 τῆς
317 5262 644 5333 Ἐκκλησίας
714 5260 987 5331 σώματος.
1047 5277 1066 5310 ι
1107 5258 1381 5321 Ὡσαύτως
1414 5259 1508 5312 καὶ
1538 5259 1599 5311 τὸ
1636 5275 1728 5311 πο·

154 5355 374 5425 τήριον.
414 5374 434 5409 ι
484 5352 596 5407 Ἦν
626 5354 735 5425 γὰρ
795 5354 891 5408 καὶ
939 5352 1033 5406 ἐπὶ
1079 5353 1178 5421 τῆς
1207 5351 1445 5414 παλαιᾶς
1473 5351 1733 5420 ποτήρια,

144 5434 224 5497 ἐν
245 5444 328 5512 οἷς
380 5448 658 5513 ἔσπενδον,
707 5445 802 5499 καὶ
862 5446 1002 5515 μετὰ
1029 5443 1092 5496 τδ
1129 5443 1291 5497 θῦσαι
1340 5443 1420 5507 δὲ,
1478 5441 1542 5495 τὸ
1592 5436 1736 5510 αἷμα

132 5538 272 5595 ’ξῦν
297 5539 511 5608 ἀλόγων
547 5542 607 5593 ἐν
640 5538 755 5600 τοῖς
790 5535 1072 5607 ποτηρίοις
1121 5535 1426 5606 δεχόμενοι,
1456 5533 1727 5587 ἐσπενδον.

135 5616 325 5687 Ἀντὶ
355 5628 452 5688 οὖν
513 5631 607 5686 τοῦ
665 5632 899 5702 αἵματος
943 5630 1057 5684 τῶν
1086 5630 1321 5698 ἀλόγων,
1354 5630 1415 5682 τὸ
1442 5628 1575 5681 ῖδιον
1594 5622 1736 5695 αἷμα

112 5702 153 5753 δ
212 5720 630 5792 Κόριοςδίδωσι.
679 5718 875 5783 Καλῶς
901 5718 980 5784 δὲ,
1011 5719 1071 5772 ἐν
1121 5706 1388 5788 ποτηρίῳ,
1445 5715 1532 5770 ἶνα
1582 5715 1736 5788 δείξῃ

107 5806 260 5884 δὴν
318 5813 558 5869 παλαιὰν
615 5811 775 5866 τοῦτο
843 5810 1418 5882 προσκιαγραφοῦσαν.
1448 5808 1545 5861 Διὰ
1580 5806 1738 5862 τοῦτο

106 5887 316 5958 εἶπεν
335 5922 351 5939 ·
404 5923 424 5957 t
443 5904 507 5958 Ἣ
537 5902 697 5975 καινὴ
719 5903 952 5973 διαθήκη
983 5902 1132 5955 ἐστὶν
1158 5903 1218 5956 ἐν
1239 5899 1317 5970 τῷ
1335 5897 1456 5970 ἐμῷ
1483 5898 1693 5969 αἵματι,
1708 5917 1727 5952 ι

1848 2018 2217 2072 morationem.
2239 2019 2321 2072 Ad
2350 2018 2587 2074 eumdem
2616 2020 2830 2073 modum
2862 2029 2910 2074 et
2938 2019 3188 2088 poculum
3213 2030 3426 2090 peracta

1847 2121 2017 2167 caena.
2045 2107 2223 2163 dicens
2253 2126 2266 2162 :
2301 2108 2412 2163 Hoc
2439 2110 2685 2177 poculum
2710 2118 2789 2165 est
2824 2127 3010 2166 novum
3057 2120 3424 2166 testamentum

1842 2212 1936 2266 per
1967 2216 2136 2254 meum
2159 2202 2489 2271 sanguinem.
2525 2200 2638 2256 Hoc
2662 2202 2824 2272 facile
2856 2204 3262 2276 quotiescunque
3283 2202 3426 2259 bibe-

1847 2291 1963 2345 ritis
1990 2291 2046 2345 in
2083 2293 2182 2348 mei
2209 2294 2776 2349 commemorationem.

1920 2518 2086 2588 Atqui
2114 2517 2318 2575 Paulus
2350 2527 2483 2576 tunc
2510 2535 2626 2576 non
2693 2519 2904 2577 aderat.
2953 2521 3239 2589 Quomodo
3293 2540 3425 2595 ergo

1843 2609 2019 2666 dicit:
2060 2626 2079 2661 ι
2118 2609 2231 2680 Ego
2254 2611 2440 2680 accepi
2473 2625 2504 2664 a
2533 2610 2808 2666 Domino?
2843 2631 2865 2664 ι
2898 2611 3004 2669 Sed
3050 2629 3199 2670 nunc
3247 2616 3422 2672 adest.

1842 2698 2055 2755 Etenim
2103 2712 2254 2754 nunc
2297 2699 2373 2753 illi
2413 2698 2645 2754 similem
2688 2700 2912 2769 apponit
2953 2702 3113 2758 nobis
3160 2700 3423 2759 Dominus

1842 2804 2112 2845 mensam.
2137 2819 2206 2829 —
2227 2789 2356 2844 Aut.
2378 2789 2619 2846 Edoctus
2650 2806 2797 2857 sum,
2829 2791 3027 2861 inquit,
3062 2792 3118 2847 in
3150 2793 3238 2851 his
3261 2809 3296 2850 a
3316 2793 3422 2849 Do-

1791 2924 1804 2934 .
1841 2881 2012 2946 mino,
2042 2888 2141 2936 uti
2179 2881 2380 2951 Accepi
2423 2900 2442 2934 ι
2479 2890 2725 2936 sumatur
2756 2897 2856 2952 pro
2886 2900 2905 2935 ι
2942 2882 3179 2939 Edoctus
3209 2900 3357 2951 sum,
3393 2905 3414 2938 ι

1839 3001 1912 3013 -
1938 2990 1958 3024 ι
1996 2972 2152 3038 Quod
2166 2971 2432 3029 Dominus
2454 2972 2617 3030 Jesus
2638 2989 2701 3028 ca
2727 2982 2891 3031 nocte
2908 2990 3015 3046 qua
3042 2979 3377 3035 tradebatur.
3394 2999 3414 3032 ι

1843 3062 1970 3117 Haec
1995 3063 2252 3132 pracepit
2288 3078 2410 3133 quae
2436 3079 2565 3136 ego,
2601 3065 2797 3135 inquit,
2850 3066 3007 3123 vobis
3065 3070 3290 3125 tradidi.
3352 3086 3418 3127 ac

1839 3150 1887 3205 si
1917 3149 2110 3207 dicat:
2155 3153 2417 3209 Dominus
2456 3164 2648 3211 noster
2697 3158 2975 3213 communi
3039 3176 3229 3217 mensa
3307 3179 3414 3218 non

1843 3250 2062 3297 sanctos
2088 3243 2249 3297 modo
2272 3243 2597 3314 discipulos,
2629 3247 2725 3302 sed
2749 3255 2803 3303 et
2846 3248 3025 3319 ipsum
3081 3251 3412 3321 proditorem

1837 3348 1902 3388 ea
1933 3334 2194 3406 dignatus
2222 3344 2327 3399 est,
2360 3339 2642 3395 inimicum
2674 3340 3184 3403 sceleratissimum,
3232 3352 3288 3399 et
3320 3360 3415 3401 vos

1839 3425 2212 3497 dedignamini
2235 3444 2344 3483 una
2371 3445 2494 3485 eum
2520 3432 2853 3502 pauperibus
2879 3436 3139 3490 coartare?
3179 3451 3416 3507 cumque

1840 3520 2248 3593 cruciﬁgendus
2275 3531 2444 3588 esset,
2496 3524 2640 3580 banc
2673 3524 2836 3581 nobis
2878 3539 3096 3582 sacram
3163 3528 3415 3589 traditio-

1836 3623 1962 3666 nem
1989 3612 2210 3683 reliquit
2232 3613 2616 3681 novissimam,
2647 3624 2705 3671 at
2735 3631 2833 3672 vos
2866 3617 3037 3686 ipsam
3065 3621 3412 3689 corrupistis.

1836 3700 2033 3756 -Αίίο
2078 3706 2254 3760 modo.
2281 3705 2339 3760 Si
2372 3704 2663 3773 Dominus,
2693 3707 2895 3778 inquit,
2931 3717 2984 3765 te
3003 3724 3112 3765 non
3152 3711 3414 3785 dedignar-

1838 3798 1928 3848 tus
1954 3802 2038 3850 est
2059 3796 2191 3865 quin
2224 3798 2448 3868 proprio
2484 3799 2659 3868 ipsius
2679 3801 2897 3870 corpori
2922 3816 2990 3857 ac
3017 3818 3219 3859 mensae
3262 3820 3414 3875 mys-

1837 3884 1961 3941 ticae
1989 3892 2447 3956 communicares,
2475 3891 2751 3959 quomodo
2783 3898 2843 3947 tu
2873 3908 3205 3949 conservum
3255 3905 3411 3952 tuum

1837 3978 2150 4048 dedignaris
2184 3995 2255 4038 ne
2301 3982 2412 4038 tuis
2446 3983 2611 4038 rebus
2660 3985 3160 4041 communiceti—
3182 3989 3287 4042 Aut
3315 3991 3413 4043 hoc

1836 4069 1999 4125 etiam
2032 4070 2210 4126 modo.
2243 4070 2301 4126 Si
2340 4072 2604 4130 Dominus
2645 4090 2712 4130 ex
2747 4090 2905 4145 aequo
2945 4078 3043 4133 tibi
3074 4093 3139 4133 ac
3185 4083 3409 4150 pauperi

1837 4175 2082 4216 mensam
2125 4163 2330 4232 proprii
2357 4165 2608 4234 corporis
2639 4173 2694 4221 et
2716 4167 3003 4238 sanguinis
3032 4183 3096 4224 ac
3148 4174 3407 4240 poculum

1837 4253 2022 4319 tradit,
2060 4263 2114 4308 tu
2143 4255 2289 4310 hunc
2326 4256 2497 4313 audes
2519 4272 2551 4312 a
2584 4268 2676 4313 tua
2713 4273 2902 4316 mensa
2923 4260 3167 4319 dividere
3203 4279 3267 4318 ac
3314 4264 3411 4323 de-

1835 4346 2096 4416 spicere?
2124 4344 2180 4401 Si
2215 4347 2309 4403 ille
2335 4348 2542 4420 gratias
2574 4349 2684 4421 agit
2729 4350 2823 4421 qui
2887 4353 3168 4423 preprium
3216 4354 3410 4411 dividit

1838 4437 2115 4508 traditque
2126 4453 2351 4508 corpus,
2376 4448 2434 4494 tu
2458 4454 2566 4496 non
2592 4442 2769 4498 multo
2789 4444 2960 4515 magis
2978 4446 3181 4515 gratias
3201 4448 3409 4517 agendo

1835 4537 1890 4583 et
1919 4529 2159 4585 maximo
2193 4543 2318 4585 cum
2353 4530 2553 4600 gaudio
2617 4532 2671 4587 in
2730 4532 2817 4589 bis
2863 4549 2987 4605 quae
3038 4550 3069 4589 a
3131 4536 3241 4595 Deo
3307 4538 3406 4593 tibi

1838 4618 2040 4675 donata
2061 4631 2214 4689 sunt,
2245 4623 2430 4678 socios
2457 4638 2520 4678 ac
2549 4625 2812 4680 convivas
2835 4626 3072 4697 accipies
3099 4642 3365 4698 pauperes
3384 4631 3410 4685 ?

1837 4709 1993 4782 531
2041 4729 2061 4765 ι
2098 4713 2345 4783 Cumque
2369 4716 2575 4784 gratias
2611 4715 2831 4786 egisset.
2875 4735 2897 4768 ι
2954 4719 3093 4773 Cum
3142 4719 3409 4776 Dominus

1834 4802 2038 4869 gratias
2058 4802 2279 4871 egisset,
2307 4801 2468 4873 fregit
2491 4817 2556 4881 ac
2607 4803 2759 4858 dedit
2802 4803 3112 4873 discipulis.
3167 4801 3224 4860 Si
3274 4822 3406 4877 ergo

1833 4903 1888 4947 et
1913 4901 1968 4948 tu
2000 4909 2122 4950 cum
2147 4895 2445 4964 gratiarum
2476 4895 2697 4951 actione
2727 4896 2908 4958 venis,
2935 4910 3004 4950 an
3031 4896 3167 4951 nihil
3197 4903 3402 4966 gratia-

1834 5000 1957 5039 rum
1982 4987 2201 5042 actione
2232 4986 2373 5044 facis
2406 4988 2718 5058 indignum,
2748 4990 2848 5059 qui
2897 5002 3021 5042 cum
3091 4989 3405 5055 inebriet-is,

1836 5090 2122 5148 pauperem
2151 5078 2289 5133 fame
2307 5093 2371 5133 ac
2394 5078 2590 5148 injuria
2609 5077 2796 5148 perdis
2818 5079 2843 5132 τ
2869 5097 2888 5131 ι
2911 5080 3181 5151 Accipite,
3203 5081 3399 5139 edite»

1836 5166 1953 5236 Ipse
1989 5169 2209 5238 quidem
2251 5170 2507 5226 omnibus
2539 5170 2711 5236 dedit,
2745 5180 2801 5226 tu
2824 5186 2970 5229 ivero
3026 5173 3258 5243 teipsum
3308 5190 3400 5230 se-

1835 5274 1997 5331 paras
2032 5274 2060 5313 a
2093 5261 2433 5332 pauperibus
2461 5269 2516 5317 et
2546 5263 2617 5318 ab
2646 5264 2820 5334 ipsius
2854 5263 3110 5323 Ecclesia:
3148 5280 3400 5336 corpore.

1839 5369 1859 5404 ι
1903 5355 1981 5409 Ad
2011 5356 2260 5410 eumdem
2290 5356 2509 5410 modum
2542 5366 2593 5410 et
2618 5356 2896 5427 poculum.
2933 5376 2953 5409 ι
2986 5356 3154 5413 Erant
3178 5359 3322 5414 enim
3347 5359 3400 5412 in

1834 5447 2005 5501 vcteﬂ
2032 5461 2252 5518 quoque
2289 5454 2620 5503 testamento
2667 5446 2859 5518 pocula
2893 5448 2946 5502 in
2999 5446 3205 5517 quibus
3261 5449 3400 5500 lilia-

1833 5537 1998 5605 bant,
2036 5538 2126 5594 ubi
2184 5538 2348 5594 etiam
2410 5547 2699 5609 postquam
2729 5536 2983 5593 victimas
3006 5537 3401 5605 itmnolassept,

1836 5629 2159 5701 sanguinem
2184 5628 2589 5685 irrationalium
2617 5629 2951 5699 excipientes
2991 5625 3224 5698 poculis,
3261 5626 3398 5680 liba-

1836 5720 1986 5784 bant,
2014 5720 2122 5775 Pro
2151 5720 2419 5791 sanguine
2460 5720 2628 5790 igitur
2670 5716 3090 5779 irrationalium,
3134 5713 3401 5771 Dominus

1836 5811 2119 5884 proprium
2152 5810 2248 5867 dat
2274 5812 2618 5882 sanguinem.
2651 5809 2720 5864 Et
2766 5809 2928 5873 bene,
2978 5807 3035 5861 in
3086 5804 3303 5877 poculo,
3339 5816 3397 5859 ut

1835 5904 2088 5962 ostendat
2125 5911 2281 5960 vetus
2310 5907 2696 5959 testamentum
2735 5906 2899 5955 antea
2932 5898 3036 5955 hoc
3069 5894 3392 5954 delineasse.
